4098 6444
485 409 585 463 3M
1621 411 2119 471 COMMENTARIA
2159 415 2227 473 IN
2254 416 2591 474 PSALMOS.
3613 426 3720 483 382

482 526 595 580 τῶν
634 523 858 580 δικαίων
896 524 1105 591 αὐτῶν,
1140 525 1358 582 δικάσαι
1392 546 1453 582 τε
1491 531 1583 584 καὶ
1614 530 1817 603 κρίνειν
1857 533 2035 598 αὐτοὺς

2160 538 2243 592 vi'r
2274 539 2564 611 religiosus
2608 538 2695 595 his
2738 538 2920 595 verbis
2965 538 3134 594 Deum
3185 540 3503 612 alloquitur,
3526 546 3715 613 judica

481 614 691 687 ὀρθῶς·
738 616 830 669 τὸν
856 615 1017 669 αὑτὸν
1056 616 1255 688 τρόπον
1305 619 1398 672 καὶ
1436 621 1465 671 6
1514 619 1765 692 θεοφιλὴς
1807 622 1899 676 διὰ
1943 622 2035 677 τῶι

2153 631 2280 684 mihi
2307 631 2470 695 Deus,
2513 648 2623 687 non
2672 646 2822 699 vero,
2851 633 3038 702 judica
3077 649 3199 688 me:
3226 649 3374 698 nam,
3417 639 3714 696 secundum

483 705 862 778 προκειμένων
899 706 979 777 τῷ
1022 706 1140 778 Θεῷ
1172 726 1335 779 φησι·
1378 710 1597 779 Κρῖνόν
1634 729 1755 781 μοι,
1805 716 1840 767 ό
1885 715 2035 780 Θεὸςη

2153 721 2559 795 Symmachum,
2607 722 2795 793 judica
2843 725 2992 786 mihi,
3024 725 3246 780 dicitur.
3294 725 3373 780 Tu
3413 728 3533 798 ipse
3580 733 3714 788 mihi

481 801 623 871 οὐχὶ,
674 798 882 869 κρῖνόν
922 817 999 870 με
1023 817 1038 832 ⁶
1077 801 1218 855 κατὰ
1261 801 1319 854 δὲ
1351 802 1442 855 τὸν
1493 802 1802 875 Σύμμαχον,
1844 803 2035 872 κρῖνόο

2144 811 2313 882 judex
2342 822 2480 881 esto,
2519 823 2572 869 et
2621 813 2764 868 hanc
2791 829 3010 870 causam
3034 828 3209 868 meam
3239 815 3504 884 iudicato,
3536 826 3597 872 ut
3631 821 3717 874 ul-

474 908 606 962 μοι.
633 891 705 944 Σὺ
738 891 847 963 γὰρ
880 891 1042 956 αὐτὸς
1073 892 1231 961 γενοῦ
1255 910 1351 963 μοι
1383 894 1594 967 κριτὴς,
1624 898 1717 949 καὶ
1740 896 1838 968 τὴν
1869 897 2035 969 κρίσιι

2148 907 2351 960 tionem
2390 914 2605 971 nactus,
2639 904 2958 964 recte'l‘acta
2988 921 3108 963 mea
3141 908 3310 964 totius
3336 912 3708 970 multitudinis

482 999 586 1053 μου
615 981 819 1053 ταύτην
848 985 1052 1055 κρῖνον,
1084 985 1178 1037 καὶ
1207 985 1571 1058 ὑπερδίκησον
1596 988 1694 1058 τῆς
1728 988 1885 1060 δίκης
1924 1007 2046 1061 μου,

481 1075 588 1139 ἵνα,
635 1073 811 1144 τυχὼν
864 1074 1138 1138 ἐκδικίας,
1187 1077 1545 1149 συμϐάλωμαι
1576 1083 1642 1152 τῇ
1680 1082 1924 1153 σωτηρίᾳ
1953 1082 2047 1136 τοῦ

479 1165 682 1229 παντὸς
704 1164 943 1235 πλήθους
967 1164 1038 1219 τὰ
1062 1167 1301 1237 ἐμαυτοῦ
1324 1170 1742 1242 κατορθώματα.

563 1256 1028 1322 Ἐξαπόστειλον
1054 1258 1121 1310 τὸ
1155 1256 1282 1327 φῶς
1317 1276 1454 1326 σου,
1491 1263 1587 1317 καὶ
1622 1263 1736 1331 τὴν
1759 1264 2051 1332 ἀλήθειάν

477 1363 595 1404 σου
624 1365 639 1380 ·
709 1348 862 1404 αὑτά
911 1367 988 1421 με
1036 1349 1359 1420 ὡδήγησαν
1411 1355 1513 1408 καί
1563 1355 1789 1427 ᾕγαγόν
1838 1376 1916 1427 με
1957 1362 2046 1426 είς

477 1440 619 1510 ὄρος
678 1441 849 1512 ἅγιόν
884 1457 999 1497 σου
1020 1482 1037 1507 ,
1093 1442 1192 1497 καὶ
1239 1446 1327 1511 είς
1379 1446 1452 1501 τὰ
1499 1447 1857 1519 σκηνώματα
1904 1466 2041 1506 σου.

477 1530 711 1603 Νοήσεις
766 1533 858 1585 καὶ
913 1532 1115 1596 οὕτως’
1174 1534 1279 1588 Τοῦ
1343 1537 1492 1609 παρά
1560 1540 1643 1591 σοὶ
1716 1541 1892 1609 φωτὸς
1919 1553 1922 1557 '
1949 1543 2045 1596 καὶ

476 1621 579 1691 τῆς
622 1622 772 1693 παρὰ
813 1622 896 1676 σοὶ
936 1625 1190 1697 ἀληθείας
1225 1627 1403 1699 τυχὼν
1449 1628 1887 1701 ὁδηγηθήσομαι,
1938 1633 2044 1687 ὑπὸ

481 1713 580 1782 μὲν
621 1712 714 1766 τοῦ
745 1714 920 1783 φωτὸς
965 1714 1349 1789 φωτιζόμενος,
1389 1720 1495 1773 ὑπὸ
1541 1719 1597 1773 δὲ
1643 1721 1745 1791 τῆς
1775 1723 1874 1794 σῆς
1906 1724 2042 1794 ἁλη-

477 1804 625 1868 θείας
648 1806 1149 1877 χειραγωγούμενος
1166 1808 1258 1861 ἐπὶ
1270 1809 1332 1861 τὸ
1352 1809 1478 1881 ὅρος
1499 1810 1563 1863 τὸ
1586 1810 1734 1880 ἅγιόν
1752 1828 1844 1864 σου
1868 1814 1928 1867 τὸ
1946 1816 2043 1867 ἑπ-

2148 995 2311 1050 saluti
2344 996 2641 1052 conferam.

2218 1254 2383 1312 Vens.
2412 1254 2531 1311 3-6.
2575 1255 2770 1312 Emitte
2796 1258 2961 1313 lucem
2988 1269 3134 1315 tuam
3164 1271 3215 1317 et
3243 1265 3510 1319 veritatem
3539 1274 3707 1333 tuam,

2144 1347 2260 1415 ipsa
2297 1363 2378 1401 me
2406 1346 2733 1403 deduxerunt
2779 1359 2830 1404 et
2869 1349 3204 1407 adduxerunt
3230 1356 3285 1408 in
3325 1364 3552 1410 montem
3581 1374 3712 1410 san—

2144 1445 2287 1488 ctum
2320 1444 2466 1488 tuum
2505 1445 2554 1488 et
2602 1436 2658 1489 in
2696 1436 3037 1493 tabernacula
3091 1448 3201 1495 tua.
3238 1440 3353 1496 Hoc
3383 1442 3512 1498 item
3547 1445 3708 1498 modo

2146 1526 2440 1597 intelligas,
2481 1527 2602 1583 luce
2651 1543 2715 1582 ac
2757 1529 2991 1586 veritate
3018 1540 3113 1585 tua
3140 1531 3397 1598 donatus,
3431 1541 3579 1589 recte
3605 1535 3709 1589 du-

2148 1631 2263 1679 car,
2310 1617 2431 1672 luce
2468 1617 2685 1688 quidem
2740 1620 3063 1688 illustratus,
3112 1626 3341 1682 veritate
3387 1633 3568 1682 autem
3614 1635 3707 1681 tua

2143 1705 2304 1775 quasi
2324 1721 2489 1761 manu
2526 1710 2725 1766 ductus
2758 1710 2815 1763 in
2849 1720 3086 1768 montem
3118 1725 3373 1772 sanctum
3405 1726 3558 1775 tuum
3592 1736 3707 1776 cm.

2144 1798 2358 1864 lestem,
2404 1808 2459 1856 et
2513 1801 2568 1855 in
2618 1803 2971 1860 tabernacula
3021 1816 3115 1863 tua
3159 1810 3361 1867 ibidem
3396 1815 3596 1884 posita,
3638 1816 3707 1872 de

476 1896 721 1968 ουράνιον
738 1897 832 1951 καὶ
857 1897 950 1952 ἐπὶ
983 1899 1053 1952 τὰ
1077 1900 1262 1953 αὐτόθι
1294 1902 1628 1973 σκηνώματα
1654 1919 1770 1969 σου,
1811 1907 1940 1977 περὶ
1968 1902 2035 1961 ὧν

2143 1892 2341 1960 quibus
2391 1892 2447 1946 in
2486 1894 2810 1963 praecedenti
2855 1900 3067 1968 psalmo
3116 1901 3363 1957 dicebam
3396 1924 3410 1959 :
3444 1904 3707 1970 Quoniam

475 1991 571 2043 καὶ
601 1990 660 2043 ὲν
691 1989 769 2061 τῷ
798 1991 904 2061 πρὸ
927 1991 1117 2044 τούτου
1152 1991 1335 2061 ἔλεγον
1354 2009 1368 2024 ο
1410 1994 1537 2047 Ὅτι
1569 1994 1949 2067 διελεύσομαι
1973 1999 2044 2052 ἐν

473 2083 636 2148 τόπῳ
664 2081 900 2150 σκηνῆς
929 2083 1278 2153 θαυμαστῆς
1299 2084 1409 2152 ἕως
1433 2086 1539 2139 τοῦ
1570 2086 1741 2141 οἴκου
1763 2089 1873 2143 τοῦ
1896 2090 2042 2144 Θεοῦ

471 2176 545 2228 ἐν
581 2176 750 2246 φωνῇ
787 2176 1198 2246 ἀγαλλιάσεως
1240 2179 1338 2233 καὶ
1370 2179 1859 2252 ἐξομολογήσεως
1887 2182 2042 2253 ἤχου

471 2263 876 2333 ἐορτάζοντος’
923 2266 999 2331 ὼς
1031 2266 1096 2321 ἂν
1124 2267 1182 2320 δέ
1217 2285 1299 2323 σοι
1341 2269 1417 2341 τῷ
1449 2270 1569 2341 Θεῷ
1604 2272 1915 2344 ίερωμένος,
1950 2274 2042 2327 ἐπὶ

471 2356 543 2409 τὰ
589 2355 854 2411 ἐνδοτάτω
894 2357 988 2410 καὶ
1022 2355 1183 2428 μέχρι
1215 2357 1309 2411 τοῦ
1352 2358 1737 2431 θυσιαστηρίου
1782 2360 1918 2433 ἥξω,
1949 2363 2045 2415 καὶ

473 2448 611 2519 πρὸς
659 2448 720 2501 σὲ
774 2449 865 2503 τὸν
907 2448 1037 2502 Θεὸν
1079 2449 1367 2522 ἐλεύσομαι
1409 2451 1500 2505 τὸν
1538 2452 1893 2523 εὐφραίνοντα
1941 2458 2042 2524 τὴν

472 2538 700 2611 νεότητά
750 2556 850 2611 μου
893 2541 992 2610 τὴν
1028 2543 1422 2613 πνευματικήν.
1492 2543 2043 2614 Ἐξομολοτήσομσι

469 2646 569 2685 σοι
604 2630 675 2683 ἐν
701 2629 929 2698 κιθάρᾳ,
970 2634 1004 2685 ό
1039 2632 1200 2696 Θεός.
1243 2631 1488 2704 Κιθάραν
1522 2633 1578 2686 δὲ
1604 2634 1665 2687 τὸ
1700 2635 1860 2706 σῶμα
1887 2653 2039 2707 φησι,

469 2721 539 2775 δι’
570 2715 632 2775 οὗ
669 2721 1066 2792 ἀνακρούεσθαι
1116 2723 1356 2792 πέφυκεν
1397 2725 1426 2776 6
1453 2723 1577 2789 νοῦς
1598 2742 1633 2790 ,θ
1664 2728 1758 2780 καὶ
1800 2726 1891 2780 διὰ
1932 2728 2041 2783 τῶν

470 2812 836 2883 αἰσθητηρίων
881 2809 1068 2882 ὥσπερ
1111 2812 1201 2867 διὰ
1248 2813 1453 2885 χορδῶν
1494 2815 1591 2887 τὴν
1639 2816 1717 2888 τῷ
1759 2818 1876 2891 Θεῷ
1911 2821 2043 2892 πρέ..

470 2921 676 2959 πουσαν
733 2903 993 2974 μελῳδίαν
1055 2905 1398 2976 ἀναπέμπειν
1460 2907 1636 2965 εἴωθε.
1714 2911 1909 2981 Σαφῶς
1970 2913 2026 2967 δὲ

469 2993 558 3047 διὰ
605 2994 810 3048 τούτων
858 2996 888 3047 6
936 2995 1093 3065 χορὸς
1145 2998 1175 3050 6
1234 3000 1567 3070 προφητικὸς
1611 3004 1916 3075 παρακαλεί
1974 3005 2038 3058 τὸ

473 3084 588 3155 φῶς
617 3086 984 3158 ἀποσταλῆναι
1017 3087 1109 3141 τοῦ
1131 3088 1265 3142 Θεοῦ
1300 3090 1394 3143 καὶ
1420 3090 1516 3162 τὴν
1552 3091 1809 3162 ἀλήθειαν
1841 3095 2026 3161 αὐτοῦ,

470 3178 547 3242 ὠς
597 3178 821 3250 μηδέπω
872 3178 994 3231 τότε
1039 3182 1226 3249 φαῖνον
1283 3182 1376 3235 ἐπὶ
1414 3182 1511 3253 τῆς
1562 3184 1701 3254 γῆς,
1745 3186 1881 3257 μηδὲ
1934 3188 2033 3258 τῆς

2144 1986 2377 2039 transibo
2412 1987 2467 2040 in
2495 1989 2666 2041 locum
2698 1989 3025 2046 tabernaculi
3051 1993 3405 2062 admirabilis,
3442 2014 3602 2068 usque
3635 1999 3707 2053 ad

2141 2076 2356 2131 domum
2400 2077 2519 2135 Dei.
2564 2079 2631 2134 In
2692 2099 2810 2137 voce
2849 2084 3219 2140 exsultationis
3272 2097 3322 2141 et
3367 2090 3707 2157 confessionis

2141 2170 2257 2224 soni
2301 2169 2491 2239 festum
2539 2175 2737 2244 agentis
2757 2175 2838 2242 ⁸ος
2881 2177 3039 2247 quasi
3069 2178 3171 2233 tibi
3203 2177 3314 2234 Deo
3363 2195 3520 2235 sacra
3564 2184 3705 2239 cele-

2142 2257 2330 2324 brans,
2363 2259 2430 2315 ad
2478 2261 2670 2317 intima
2702 2269 2757 2319 et
2804 2280 2978 2335 usque
3017 2266 3085 2322 ad
3128 2268 3302 2324 altare
3331 2269 3442 2336 ibo,
3475 2280 3528 2325 et
3556 2274 3623 2326 ad
3653 2280 3707 2329 te

2142 2336 2315 2402 Deum
2347 2351 2560 2405 veniam
2601 2354 2695 2423 qui
2746 2354 2989 2414 laetiﬁcas
3012 2358 3353 2429 iuventutem
3394 2379 3568 2419 meam
3603 2368 3706 2437 spi-

2141 2437 2415 2493 ritualem.
2449 2440 2750 2512 Conﬁtebor
2772 2444 2865 2498 tibi
2910 2447 2965 2501 in
2995 2449 3201 2503 cithara
3226 2450 3390 2507 Deus.
3427 2454 3705 2511 Citharam

2141 2542 2340 2598 corpus
2367 2528 2520 2597 dicit,
2562 2541 2670 2602 qu'o
2704 2534 2909 2604 pulsari
2933 2552 3089 2594 mens
3131 2541 3291 2608 solet,
3328 2551 3490 2614 atque
3533 2545 3704 2600 sensi-

2141 2617 2245 2672 bus
2284 2620 2442 2689 quasi
2495 2621 2718 2678 chordis
2776 2638 3167 2695 congruentem
3214 2629 3325 2687 Deo
3381 2640 3705 2688 concentum

2141 2707 2411 2764 emittere.
2476 2708 2574 2765 His
2636 2722 2823 2781 aperte
2888 2725 3042 2785 rogat
3093 2717 3294 2775 chorus
3358 2723 3708 2792 propheticus

2141 2799 2312 2853 emitti
2344 2800 2520 2856 lucem
2550 2801 2647 2857 Dei
2679 2811 2734 2858 et
2757 2805 3040 2863 veritatem
3070 2809 3213 2880 ejus,
3249 2826 3314 2867 eo
3343 2813 3490 2883 quod
3532 2816 3705 2869 nulla-

2142 2899 2302 2948 tenus
2350 2899 2481 2948 tunc
2523 2894 2729 2950 luceret
2776 2899 2831 2952 in
2873 2906 3038 2965 terra,
3085 2911 3139 2956 et
3170 2904 3373 2959 veritas
3417 2921 3707 2977 nusquam,

2142 3000 2251 3054 quo
2273 2992 2516 3055 tempore
2543 2986 2658 3042 haec
2687 2988 3020 3059 proferebat,
3054 3008 3177 3047 cum
3220 2994 3529 3054 hominibus
3556 3001 3703 3055 exsi-

2143 3083 2328 3131 steret.
2357 3075 2474 3131 Lux
2500 3085 2680 3133 autem
2711 3077 3034 3144 missa,-alia
3066 3099 3197 3139 sane
3224 3083 3386 3139 fuerit
3414 3088 3480 3140 ab
3502 3103 3564 3142 ea
3588 3106 3705 3159 quae

2142 3153 2327 3234 mittit,
2370 3170 2437 3225 de
2465 3186 2570 3240 qua
2599 3172 2799 3228 dicitur
2826 3217 2840 3227 .
2869 3173 3004 3229 Erat
3033 3176 3126 3230 lus:
3163 3195 3278 3248 qua:
3308 3179 3573 3236 illuminat
3595 3153 3704 3237 om-

468 3269 724 3340 ἀληθείας
784 3270 1140 3343 ὑπαρχούσης
1206 3290 1322 3337 πως
1380 3274 1476 3327 σὺν
1537 3253 1883 3347 ἀνθρώποις,
1944 3253 2031 3331 ὅτε

2136 3278 2255 3335 nem
2283 3262 2544 3317 hominem
2570 3265 2854 3319 venientem
2885 3267 2939 3320 in
2983 3268 3235 3323 mundum
3256 3272 3321 3324 δι.
3363 3270 3428 3326 Ει
3456 3272 3703 3332 Salvator

466 3359 668 3423 ταύτας
716 3360 868 3430 ήφίει
911 3359 1011 3425 τὰς
1064 3362 1265 3430 φωνάς.
1300 3362 1419 3426 Φῶς
1469 3361 1527 3416 δὲ
1576 3364 2033 3437 ἀποστελλόμενον

467 3451 652 3523 ἕτερον
694 3450 761 3505 ἂν
790 3451 874 3522 εἴη
916 3451 1009 3504 τοῦ
1041 3453 1487 3520 ἀποστέλλοντος,
1531 3456 1658 3528 περὶ
1696 3449 1757 3510 οῦ
1794 3458 2029 3531 εἴρηται·

466 3538 577 3597 Ἦν
604 3544 670 3597 τὸ
717 3541 842 3612 φῶς
876 3542 945 3596 τὸ
983 3542 1232 3613 φωτίζον
1279 3544 1475 3600 πάντα
1513 3547 1824 3616 ἄνθρωπον
1861 3550 2032 3619 ἐρχό-

463 3651 652 3705 μενον
673 3637 760 3701 είς
792 3635 898 3689 τὸν
918 3637 1166 3705 κόσμον.
1193 3636 1443 3692 Διδάσκει
1464 3638 1522 3691 δὲ
1550 3641 1642 3693 καὶ
1684 3641 1847 3705 αὐτὸς
1869 3643 1899 3694 6
1923 3643 2035 3696 Σω-

465 3725 570 3800 τὴρ
609 3726 1045 3798 αὑτοπροσώπως
1082 3729 1282 3797 λέγων·
1328 3727 1474 3798 Ἐγώ
1517 3733 1632 3800 ειμι
1676 3731 1743 3785 τὸ
1769 3731 1896 3802 φῶς
1934 3734 2033 3787 καὶ

465 3823 506 3890 ἡ
542 3820 792 3889 ἀλήθεια
836 3822 933 3875 καὶ
975 3822 1014 3891 ἡ
1053 3819 1185 3889 ζωή.
1236 3822 1359 3875 Ἵνα
1410 3822 1469 3875 τί
1519 3823 1847 3889 περίλυπος
1881 3820 1954 3887 εἷ,
1992 3826 2032 3893 ἠ

464 3913 636 3983 ψυχή
653 3931 794 3983 μου,
827 3912 926 3966 καὶ
944 3913 1044 3967 ἵνα
1068 3914 1127 3966 τί
1143 3911 1591 3981 συνταράσσεις
1605 3930 1716 3982 με;
1746 3914 2034 3969 Ἕλπισον

463 4009 565 4063 ἐπὶ
595 4008 701 4062 τὸν
749 3998 922 4074 Θεὸν,
950 4006 1038 4060 ὅτι
1068 4004 1582 4076 ἐξομολογήσομαι
1618 4006 1793 4075 αὐτῷ,
1840 4007 2031 4075 σωτή-

457 4118 597 4172 ριον
631 4100 740 4154 τοῦ
767 4097 1089 4167 προσώπου
1110 4115 1229 4167 μου
1262 4098 1361 4153 καί
1391 4100 1424 4150 ό
1458 4097 1603 4164 Θεός
1625 4114 1762 4167 μου.
1810 4096 2035 4168 Σύμμα-

465 4211 559 4267 χος
583 4193 671 4248 δέ·
708 4195 769 4249 Τί
796 4191 1155 4262 καταρῤἐεις,
1188 4189 1357 4260 ψυχή
1384 4208 1524 4260 μου,
1561 4191 1659 4244 καὶ
1683 4191 1740 4243 τί
1770 4190 2035 4258 θορυϐεῖς

462 4288 557 4342 ἐπ’
586 4287 724 4357 ἐμέ;
757 4286 1102 4356 Ἀνάμεινον
1130 4283 1236 4339 τὸν
1262 4286 1439 4339 Θεόνο
1470 4287 1657 4339 εἰσαεὶ
1688 4284 1798 4354 γὰρ
1828 4282 2034 4353 ἐξομο-

464 4380 802 4453 λογήσομαι
831 4379 1010 4447 αὐτῷ,
1037 4378 1112 4448 τῇ
1133 4379 1397 4446 σωτηρίᾳ
1428 4376 1533 4432 τοῦ
1561 4377 1881 4446 προσώπου
1912 4395 2032 4446 μου

465 4472 563 4527 καί
604 4470 683 4537 τῷ
712 4469 835 4535 Θεῷ
866 4487 1009 4540 μου.
1045 4469 1380 4539 Ἀνὰμεινον,
1408 4468 1591 4538 φησὶν,
1631 4467 1718 4521 ἵνα
1759 4466 1853 4521 καὶ
1894 4465 2032 4537 αὐτὴ

464 4567 695 4640 δυνηθῇς
757 4580 887 4618 ποτε
933 4564 1131 4616 εἰπεῖν’
1196 4558 1524 4631 Ὑπομένων
1583 4559 1869 4628 ὑπέμεινα
1924 4559 2032 4612 τὸν

2136 3353 2253 3423 ipse
2284 3369 2351 3408 ex
2379 3369 2613 3424 persona
2654 3372 2753 3411 sua
2786 3355 2945 3412 docet
2970 3358 3056 3415 his
3083 3361 3264 3417 verbis
3294 3382 3306 3416 :
3332 3362 3442 3435 Ego
3477 3383 3593 3420 sunt
3617 3367 3699 3421 tua

2132 3456 2181 3501 et
2209 3446 2399 3500 veritas
2420 3455 2470 3501 et
2501 3447 2609 3502 vita
2625 3448 2692 3504 ⁸³.
2724 3448 2899 3513 Quare
2929 3452 3098 3506 tristis
3139 3469 3216 3517 es,
3271 3457 3450 3510 anima
3489 3476 3623 3525 mea,
3657 3470 3703 3513 et

2133 3556 2294 3611 quare
2321 3540 2605 3595 conturbas
2637 3545 2757 3598 me?
2789 3542 2955 3615 Spera
2992 3547 3046 3600 in
3076 3548 3185 3604 Deo
3212 3553 3460 3621 quoniam
3486 3554 3702 3622 conﬁte-

2133 3635 2226 3689 bor
2256 3633 2361 3699 illi,
2388 3635 2623 3691 salutare
2654 3637 2828 3693 vultus
2866 3642 2966 3695 mei
2987 3650 3036 3695 et
3079 3640 3224 3695 Deus
3260 3659 3425 3698 meus.
3462 3641 3701 3715 Symma-

2133 3725 2272 3781 chus
2313 3743 2468 3792 vero,
2497 3729 2677 3794 Quare
2708 3730 2892 3801 efﬂuis,
2923 3733 3101 3785 anima
3142 3750 3278 3799 mea,
3309 3745 3360 3789 et
3388 3752 3548 3805 quare
3576 3753 3702 3790 con—

2134 3818 2317 3874 turbas
2343 3824 2465 3876 me?
2495 3820 2761 3891 Exspecta
2789 3822 2980 3889 Deum,
3024 3841 3222 3894 semper
3253 3829 3392 3882 enim
3420 3829 3701 3899 conﬁtebor
3805 3826 3808 3830 λ

2132 3908 2200 3973 ei,
2232 3907 2396 3962 saluti
2440 3910 2613 3964 vultus
2647 3911 2745 3964 mei
2774 3924 2824 3966 et
2853 3912 2962 3967 Deo
3006 3931 3137 3969 meo.
3189 3915 3471 3988 Exspecta,
3503 3919 3699 3990 inquit,

2134 4008 2194 4054 ut
2255 4008 2310 4054 et
2360 4003 2480 4071 ipsa
2537 4003 2830 4072 aliquando
2871 4005 3054 4060 dicere
3083 4008 3320 4063 valeas:
3379 4009 3699 4080 Exspectant

2131 4095 2429 4164 exspectavi
2460 4093 2768 4156 Dominum,
2799 4105 2848 4148 et
2896 4096 3118 4149 intendit
3162 4100 3292 4152 milii
3313 4101 3378 4154 ⁸³.
3413 4099 3519 4155 Sed
3545 4118 3700 4172 spera

2133 4184 2191 4240 in
2220 4184 2350 4253 Deo,
2384 4200 2510 4240 nam
2549 4201 2662 4254 spes
2702 4202 2805 4240 non
2837 4185 3112 4255 confundit
3136 4188 3203 4243 “.
3231 4189 3373 4256 Quid
3413 4194 3699 4249 conturba-

2133 4279 2281 4332 tione
2302 4278 2479 4349 Opus?
2503 4293 2623 4346 qua:
2652 4276 2885 4332 tristitia:
2916 4292 3102 4346 causa,
3133 4294 3256 4334 cum
3284 4288 3364 4335 tot
3391 4292 3681 4352 exspecten

2133 4377 2224 4423 tur
2254 4369 2442 4424 bona?
2489 4367 2624 4423 Nam
2669 4368 2841 4422 adhuc
2889 4370 3151 4424 modicum
3205 4373 3616 4444 aliquantulum,
3651 4386 3698 4431 et

2134 4459 2223 4530 qui
2267 4469 2514 4513 uenturus
2565 4465 2644 4511 est
2674 4458 2858 4521 veniet,
2906 4467 2956 4513 et
3005 4476 3109 4513 non
3144 4460 3378 4515 tardabit
3409 4463 3476 4528 ⁸⁵,
3523 4472 3576 4519 et
3607 4464 3696 4521 lux

2136 4550 2400 4614 mittetur,
2436 4550 2643 4605 veritas
2667 4550 2936 4614 adveniet,
2963 4560 3016 4606 et
3041 4568 3162 4623 qua:
3184 4555 3545 4624 praenuntiata
3571 4567 3697 4614 sunt

470 4638 711 4730 Κύριον,
740 4655 842 4711 καὶ
885 4652 1189 4723 προσέσχε
1213 4669 1334 4722 μοι.
1372 4649 1533 4704 Ἀλλὰ
1558 4649 1652 4704 καὶ
1683 4649 1897 4702 ἔλπισον
1936 4650 2029 4703 ἐπὶ

2136 4638 2295 4695 ﬁnem
2339 4639 2638 4695 habebunt.
2675 4638 2826 4695 Finis
2873 4654 3036 4711 porro
3076 4643 3257 4698 omnis
3305 4645 3571 4701 sermonis
3614 4657 3696 4703 est

464 4750 556 4803 τὸν
596 4747 760 4801 Θεόν·
810 4747 851 4816 ἡ
886 4746 996 4817 γὰρ
1033 4742 1206 4809 ἐλπὶς
1245 4744 1316 4796 οὐ
1354 4741 1761 4811 καταισχύνει.
1807 4741 1873 4794 Τί
1918 4740 2029 4813 γὰρ

464 4841 531 4895 ἂν
571 4838 679 4912 χρὴ
702 4835 1098 4910 ταράττεσθαις
1129 4832 1181 4886 τί
1211 4833 1268 4886 δὲ
1299 4834 1594 4907 περίλυπον
1638 4833 1904 4904 γίνεσθαι,
1942 4851 2031 4888 το-

468 4931 671 4986 σούτων
719 4925 1182 5001 προσδοκωμένων
1221 4923 1469 4992 ἁγαθῶν;
1515 4926 1638 4978 Ἔτι
1677 4925 1785 4998 γὰρ
1814 4924 2032 4996 μικρὸν

466 5027 617 5080 ὅσον
635 5026 668 5078 ό
686 5022 1007 5092 ἐρχόμενος
1032 5015 1186 5086 ἥξει,
1212 5014 1311 5068 καὶ
1334 5016 1406 5069 οὐ
1422 5016 1662 5084 χρονιεῖ.
1704 5020 1795 5073 καὶ
1830 5016 1891 5071 τὸ
1913 5017 2027 5086 φῶς

461 5114 892 5182 ἀποσταλήσεται
918 5151 934 5176 ,
1002 5108 1097 5163 καὶ
1124 5109 1158 5178 ἡ
1190 5105 1414 5177 ἀλήθεια
1440 5108 1894 5179 παραγενήσεται,
1934 5106 2029 5160 καὶ

460 5209 528 5261 τὰ
562 5199 1006 5276 προφητευθέντα
1038 5198 1221 5261 τέλους
1245 5195 1492 5261 τεύξεται
1511 5214 1525 5228 ·
1566 5199 1661 5251 καὶ
1702 5198 1853 5262 τέλος
1893 5216 2032 5253 παν-

461 5296 552 5359 τὸς
588 5294 749 5362 λόγου
776 5290 838 5344 τὸ
877 5290 1138 5361 σωτήριόν
1185 5289 1302 5342 ἐστι
1337 5286 1431 5341 τοῦ
1463 5287 1776 5360 προσώπου,
1810 5290 1972 5354 αὐτὸς
2000 5292 2031 5345 6

462 5382 595 5444 Θεός
631 5396 752 5452 μου.
810 5376 1060 5431 Ἐπειδὰν
1102 5377 1211 5448 γὰρ
1238 5375 1577 5443 ηταξιωθῶ,
1624 5378 1907 5449 παραστὰς
1954 5379 2030 5451 τῷ

462 5471 604 5543 Θεῷ,
637 5470 925 5543 πρόσωπον
961 5467 1098 5539 πρὸς
1126 5466 1412 5541 πρόσωπον
1436 5466 1770 5522 ἐποπτεῦσαι
1813 5468 1873 5521 τὸ
1922 5485 2027 5525 σω-

464 5569 677 5638 τήριον,
711 5564 839 5635 περὶ
869 5553 1120 5624 οὗ¹πολὺς
1156 5562 1186 5613 6
1215 5560 1372 5630 λόγος
1395 5560 1486 5614 διὰ
1522 5561 1713 5614 πασῶν
1740 5561 1848 5616 τῶν
1886 5562 2027 5634 Γρα-

466 5658 612 5737 φῶν·
663 5655 785 5710 τότε
834 5652 897 5726 δὴ
947 5652 1095 5724 αύτῷ
1153 5651 1613 5726 ἐξομολογήσομαι
1666 5653 1743 5719 ὡς
1794 5653 1861 5709 ἂν
1907 5653 2026 5727 Θεῷ

586 5778 631 5809 ⁸⁰
684 5776 828 5831 Psal.
885 5790 1007 5841 xu,
1072 5775 1124 5832 5.

466 5850 513 5884 "
547 5847 703 5907 iiebr.
738 5860 797 5910 ι,
822 5847 911 5901 37.

1231 5776 1275 5808 “
1317 5777 1471 5834 Joan.
1524 5795 1576 5845 ι,
1637 5781 1692 5837 9.

1802 5780 1847 5813 "
1884 5775 2039 5837 Joan.
2105 5793 2234 5851 xiv,
2311 5777 2366 5833 6.

2130 4732 2369 4787 salutare
2396 4732 2601 4797 vultus,
2633 4732 2750 4802 ipse
2780 4730 2922 4788 Deus
2951 4747 3126 4788 meus.
3149 4731 3287 4787 Cum
3315 4735 3459 4788 enim
3500 4735 3698 4807 dignus

2132 4824 2352 4880 habitus
2378 4838 2474 4879 ero
2495 4824 2591 4895 qui
2631 4839 2817 4879 coram
2861 4823 2972 4879 Deo
3004 4824 3144 4879 l‘acie
3185 4824 3250 4878 ad
3281 4823 3479 4880 faciem
3516 4830 3696 4884 consi-

2130 4926 2297 4984 stam,
2328 4933 2393 4973 ac
2412 4918 2622 4973 videam
2655 4917 2893 4973 salutare
2939 4916 3096 4983 illud,
3157 4915 3226 4971 de
3267 4932 3376 4987 quo
3425 4921 3598 4974 multa
3641 4922 3697 4977 in

2130 5011 2385 5068 omnibus
2415 5009 2715 5080 Scripturis
2742 5008 3225 5075 circumferuntur,
3256 5016 3388 5065 tunc
3426 5012 3530 5083 ipsi
3564 5028 3696 5068 con-

2130 5102 2325 5160 ﬁtebor
2372 5109 2433 5157 ut
2466 5101 2579 5157 Deo
2612 5116 2735 5157 meo
2788 5107 2843 5157 et
2891 5100 3111 5156 salutari
3146 5115 3288 5157 meo.
3333 5100 3565 5158 Pulchre
3599 5119 3713 5183 au-i

2127 5203 2241 5251 tem
2284 5193 2505 5252 veritati
2531 5194 2718 5248 lumen
2758 5192 3008 5262 adjunxit
3039 5206 3201 5245 :nam
3248 5192 3394 5262 quod
3423 5194 3516 5247 lux
3565 5209 3694 5249 sen-

2131 5302 2253 5343 sum
2280 5301 2504 5342 movens
2542 5270 2725 5342 oculis
2762 5282 3042 5354 corporeis
3079 5290 3182 5349 est,
3221 5283 3458 5354 idipsum
3490 5284 3692 5341 veritas

2130 5388 2214 5436 est
2246 5379 2440 5434 anima:
2477 5378 2674 5443 oculis,
2718 5386 2967 5431 naturam
3003 5390 3185 5430 rerum
3231 5375 3687 5446 inspectantibus,

2132 5487 2310 5542 neque
2339 5470 2483 5525 ultra
2509 5467 2771 5539 deceptis,
2813 5466 2907 5522 sed
2947 5481 3046 5537 per
3075 5481 3256 5521 rerum
3288 5467 3689 5538 perceptionem

2130 5563 2450 5627 illustratis,
2502 5569 2557 5617 et
2605 5557 2849 5614 veritatis
2917 5556 3165 5611 notitiam
3241 5556 3689 5627 percipientibus.

2130 5652 2311 5726 Ipsum
2346 5654 2528 5724 itaque
2556 5650 2778 5707 verbum
2803 5649 2938 5705 lucis
2963 5648 3265 5721 spiritualis
3290 5648 3422 5716 vim,
3453 5664 3562 5721 qua
3598 5665 3689 5707 ve-

2469 5775 2515 5810 ”
2567 5774 2709 5832 Psal.
2769 5788 2970 5841 nux,
3030 5771 3084 5830 l.
3195 5771 3241 5805 "
3280 5769 3440 5829 Rom.
3496 5788 3569 5836 v.
3630 5768 3688 5827 5.
