4098 6388
470 320 578 376 583

1257 321 1523 378 EUSEBII
1561 323 2034 382 CJESARIENSIS
2071 325 2218 382 ()PP.
2250 326 2430 384 PARS
2467 328 2556 384 III.
2588 361 2658 372 —
2692 330 3100 390 EXEGETICA.

3600 341 3706 397 384

468 439 602 493 ritas
625 438 956 506 declaratur,
986 441 1378 511 interpretatus
1402 451 1503 498 est.
1536 443 1666 502 Jure
1700 447 1882 517 itaque
1909 447 1999 502 Sal

2137 465 2237 517 μου
2267 449 2360 502 καὶ
2392 449 2602 520 Σωτῆρί
2639 469 2772 521 μου’
2809 453 2988 518 καλῶς
3035 454 3090 508 δέ
3135 454 3338 525 συνῆψε
3369 454 3428 509 τὸ
3480 455 3594 526 φῶς
3637 459 3702 530 τῇ

462 534 618 580 vator
665 526 781 582 haec
807 527 1092 598 discipulis
1136 529 1254 586 suis
1293 530 1521 586 tradens
1563 532 1639 585 ita
1674 533 1879 598 docuit,
1917 533 2031 603 Ego

460 634 578 672 sum
605 615 723 682 lux,
763 625 810 670 et
848 619 1042 672 veritas
1079 626 1131 673 et
1157 620 1265 674 vita
1286 621 1352 674 ³⁸.
1392 619 1696 693 Unicuique
1729 638 1893 694 porro
1924 639 2031 679 cm-

459 713 700 764 terarum
743 709 1044 766 editionum
1079 710 1227 766 hunc
1287 722 1688 785 consequenter
1721 716 1932 786 aptabis
1967 716 2030 770 ﬁ-

459 818 605 869 nem,
648 804 762 860 sive
791 820 980 860 eorum
1014 807 1107 876 qui
1131 807 1186 861 in
1217 806 1494 878 Babylone
1525 809 1597 862 ita
1639 809 2028 879 loquebantur,

458 896 575 950 sive
605 899 842 966 gentium
867 914 987 968 quae
1021 899 1260 954 nondum
1290 901 1608 955 credebant.

2137 540 2363 613 ἀληθείᾳ
2383 558 2396 571 ·
2460 542 2596 612 ὅπερ
2622 543 2730 614 γὰρ
2754 543 2868 612 φῶς
2898 545 3154 617 αίσθητὸν
3189 547 3486 618 ὀφθαλμοῖς
3520 548 3706 619 σώμα-

2134 649 2244 698 τος,
2275 635 2433 689 τοῦτο
2463 636 2684 708 ἀλήθεια
2707 642 2818 703 τοῖς
2848 641 2947 712 τῆς
2981 640 3160 713 ψυχῆς
3194 642 3491 714 ὀφθαλμοῖς
3523 647 3705 698 ἐνατε-

2135 725 2338 789 νίζουσι
2360 731 2424 799 τῇ
2458 729 2615 797 φύσει
2647 731 2756 786 τῶν
2796 734 3157 804 πραγμάτων,
3199 738 3291 789 καὶ
3326 739 3522 807 μηκέτι
3562 739 3705 792 ἀπα-

2133 817 2416 888 τωμένοις,
2463 821 2529 874 δι’
2558 821 2728 894 αὐτῆς
2771 823 2827 878 δὲ
2854 825 2954 895 τῆς
2992 824 3101 879 τῶν
3139 826 3309 880 ὄντων
3347 828 3704 901 καταλήψεως

2134 909 2538 980 φωτιζομένοις,
2574 914 2904 984 καὶγνῶσιν
2936 917 3035 988 τῆς
3083 917 3339 989 ἀληθείας
3386 919 3699 992 ἀναλαμϐά-

456 1007 659 1045 νουσιν.
695 992 1032 1063 Ἦρμήνευσε
1053 992 1230 1046 τοίνυν
1264 993 1426 1057 αὐτὸς
1453 997 1481 1048 6
1510 993 1664 1063 λόγος
1687 993 1780 1048 τοῦ
1831 997 2022 1068 νοητοῦ
2063 1001 2237 1068 φωτὸς
2299 1003 2395 1074 τὴν
2423 1005 2719 1077 ἐνέργειαν,
2777 1009 3032 1082 ἀληθείας
3067 1006 3228 1066 οὖσαν
3263 1019 3693 1090 παραστατικήν.

456 1084 694 1148 Εἰκότως
729 1082 821 1139 οὖν
850 1089 877 1140 6
909 1087 1099 1158 Σωτὴρ
1135 1087 1307 1142 ταῦτα
1350 1090 1676 1161 παραδιδοὺς
1737 1093 1849 1154 τοῖς
1893 1092 2055 1147 αὑτοῦ
2099 1096 2364 1168 μαθηταῖς
2425 1101 2667 1156 ἐδίδασκε
2691 1102 2894 1172 λέγων’
2938 1103 3078 1174 Ἐγώ
3105 1107 3220 1174 εἰμι
3260 1106 3326 1159 τὸ
3347 1082 3481 1176 ⁷φῶς
3525 1082 3694 1180 zeal-1}

454 1175 703 1241 ἀλήθεια
756 1177 855 1230 καὶ
904 1178 942 1245 ὴ
978 1177 1110 1246 ζωή,
1176 1180 1286 1234 Καὶ
1333 1181 1536 1252 ἑκάστῃ
1579 1181 1636 1232 δέ
1673 1180 1780 1236 τῶν
1815 1182 2012 1236 λοιπῶν
2077 1187 2339 1243 ἐκδόσεων
2366 1192 2624 1264 ἀρμόσεις
2673 1193 2979 1260 ἀκολούθως
3010 1196 3070 1249 τὸ
3102 1197 3273 1263 τέλος,
3315 1175 3423 1252 είτε
3478 1205 3588 1266 τοῖς
3634 1175 3694 1258 ἐν

455 1270 730 1324 Βαϐυλῶνι
773 1272 946 1325 ταῦτα
990 1273 1268 1341 λέγουσιν,
1310 1275 1419 1328 εἴτε
1447 1280 1560 1341 τοῖς
1589 1277 1647 1342 ἐξ
1685 1277 1851 1331 ἐθνῶν
1892 1282 2057 1352 μήπω
2089 1288 2520 1343 πεπιστευκόσιν.

526 1385 578 1442 1.
634 1383 698 1438 ΙΝ
752 1385 1211 1452 FINEM,FILIIS
1261 1387 1442 1444 CORE
1496 1391 1587 1445 AD
1633 1389 1954 1448 INTELLE-

1033 1457 1224 1513 CTUM
1264 1459 1448 1514 XLlll.

520 1544 792 1617 Propositi
850 1564 1131 1606 sermones
1184 1567 1361 1621 neque
1416 1553 1686 1623 psalmum
1746 1554 1800 1607 in
1859 1555 2021 1610 titulo

449 1638 776 1709 praeferunt,
811 1657 986 1712 neque
1022 1643 1326 1709 canticum,
1376 1661 1552 1716 neque
1591 1646 1850 1717 hymnum
1872 1687 1888 1710 ,
1924 1665 2022 1704 ne—

449 1745 556 1798 que
604 1730 735 1799 quid
786 1731 992 1799 simile,
1040 1734 1168 1804 quia
1220 1737 1488 1790 sententia
1534 1738 1824 1792 verborum
1880 1739 2016 1793 nihil

2128 1401 2236 1454 ΕΙΣ
2287 1405 2374 1464 ΤΟ
2413 1406 2827 1530 ΤΕΛΟΣ,Τ(ἐῖἒ
2865 1408 3276 1549 ὗέυἰξΡΚΟΡΕ
3326 1411 3433 1465 ΕΙΣ
3483 1413 3692 1467 ΣΥΝΕ-

2209 1566 2346 1619 Ἀλλ’
2371 1567 2491 1620 ούδέ
2525 1569 2573 1620 oi
2611 1569 2956 1640 προκείμενοι
2997 1571 3144 1640 λόγοι
3180 1573 3392 1643 ψαλμὸν
3421 1574 3559 1626 κατὰ
3590 1575 3690 1645 τὴν

2127 1658 2449 1730 προγραφὴν
2473 1661 2834 1731 περιέχουσιν,
2860 1662 2985 1716 -ούδέ
3008 1663 3168 1735 ᾠδὴν,
3201 1665 3319 1718 οὐδὲ
3352 1665 3539 1737 ὕμνον,
3569 1667 3688 1720 οὐδέ

2123 1765 2175 1800 τι
2208 1749 2316 1802 τῶν
2352 1751 2607 1806 τοιούτων
2627 1770 2641 1784 ⁶
2675 1754 2796 1806 ἐπεὶ
2831 1755 2964 1825 μηδὲ
3000 1755 3068 1808 τὰ
3090 1756 3187 1826 τῆς
3213 1756 3449 1821 διανοίας
3489 1758 3597 1812 τῶν
3629 1761 3688 1812 ἐν

447 1836 636 1875 eorum
681 1825 939 1894 respicit,
986 1825 1081 1882 sed
1125 1829 1552 1899 supplicationes
1579 1841 1710 1885 sunt
1739 1831 1999 1901 prioribus

2119 1839 2298 1902 αὐτοῖς
2340 1841 2648 1911 φερομένων
2689 1843 2946 1915 τοιαύτης
2987 1825 3169 1916 ἔχεται
3209 1847 3469 1920 θεωρίας·
3500 1850 3686 1922 ἱκετη-

447 1913 689 1978 similes,
722 1929 785 1970 ac
813 1916 1059 1986 ejusdem
1091 1922 1399 1990 argumenti
1425 1939 1439 1988 ;
1473 1923 1731 1976 nimirum
1761 1923 1829 1978 de
1855 1923 2013 1977 ruina

443 2004 655 2061 Judaici
689 2007 925 2080 'populi,
960 2027 1028 2067 ex
1078 2013 1469 2083 prophetarum
1516 2029 1752 2084 persona
1805 2029 1836 2069 a
1886 2015 2014 2072 ﬁliis

441 2096 582 2154 Core
628 2101 874 2170 prolatae.
921 2103 984 2157 In
1029 2104 1286 2174 praesenti
1327 2108 1763 2181 porro'apertius
1795 2115 2016 2162 senten-

441 2190 576 2244 tiam
623 2193 933 2258 declarant,
979 2211 1085 2266 qua
1132 2199 1187 2251 in
1227 2199 1606 2268 superioribus
1645 2215 1765 2255 sese
1796 2199 2011 2256 ﬂetibus

442 2281 728 2340 dederant.
764 2285 1065 2344 Erumnas
1094 2288 1278 2359 itaque
1323 2291 1524 2360 populo
1564 2291 1837 2348 immissas
1881 2309 2010 2346 nar-

441 2383 591 2428 rant.
634 2373 816 2441 Quare
841 2392 944 2432 nos
972 2378 1040 2432 ad
1077 2380 1411 2434 intellectum
1453 2382 1728 2449 excitant,
1765 2390 1928 2457 atque
1958 2384 2012 2439 in

443 2469 600 2524 titulo
643 2483 745 2522 nos
791 2469 860 2523 ad
905 2469 1064 2525 ﬁnem
1105 2471 1428 2540 remittunt,
1474 2473 1601 2542 quia
1643 2473 1758 2528 haec
1801 2474 1855 2529 in
1904 2478 2010 2531 line

439 2567 735 2622 eventura,
767 2560 894 2616 licet
921 2571 980 2616 ut
1004 2562 1117 2631 jam
1153 2563 1372 2634 impleta
1404 2564 1497 2618 ﬁlii
1527 2564 1666 2620 Core
1697 2568 2010 2637 prophetice

437 2653 888 2708 vaticinarentur.
957 2653 1016 2708 In
1069 2657 1447 2726 superioribus
1501 2657 1684 2728 itaque
1737 2660 1998 2732 lacryma-

436 2745 656 2812 bantur,
707 2747 1059 2820 doloremque
1110 2765 1270 2806 suum
1319 2750 1431 2806 Deo
1475 2754 1906 2824 renuntiabant;
1945 2755 2002 2810 in

436 2839 688 2909 praesenti
720 2857 847 2897 vero
874 2843 1021 2914 ipsas
1049 2844 1392 2899 calamitates
1418 2853 1700 2900 enarrant.

2119 1931 2230 2000 ρίαι
2267 1931 2324 1985 δέ
2357 1935 2493 1986 εἰσιν
2537 1935 2718 2006 ὅμοιαι
2762 1940 2882 2000 ταῖς
2925 1937 3268 2010 ἔμπροσθεν,
3300 1942 3393 1994 καὶ
3433 1942 3686 2014 περὶτῆς

2116 2022 2285 2093 αὐτῆς
2339 2024 2672 2090 ὑποθέσεως·
2716 2027 2859 2096 λέγω
2913 2029 2969 2082 δὲ
3002 2031 3129 2100 περὶ
3173 2030 3273 2100 τῆς
3317 2031 3684 2097 ἀποπτὼσεως

2114 2112 2208 2166 τοῦ
2249 2115 2514 2192 Ἰουδαίων
2551 2117 2735 2182 ἔθνους
2789 2121 2852 2172 ἐκ
2897 2119 3186 2191 προσώπου
3231 2121 3338 2175 τῶν
3391 2125 3683 2196 προφητῶν

2115 2208 2643 2280 προσπεφωνημέναι
2684 2211 2771 2264 διὰ
2817 2211 2926 2265 τῶν
2960 2213 3089 2266 υἱῶν
3137 2215 3300 2283 Κορέ.
3357 2216 3681 2286 Διασαφοῦσι

2112 2295 2158 2350 δ’
2207 2299 2296 2352 ἐπὶ
2355 2299 2449 2353 τοῦ
2503 2301 2768 2371 παρόντος
2816 2303 3132 2375 λευκότερον
3193 2307 3538 2374 ἐκφαίνοντες
3581 2307 3682 2380 τὴν

2111 2389 2380 2455 διάνοιαν,
2425 2393 2492 2446 δι’
2537 2395 2604 2465 ἣν
2641 2397 2698 2448 ἐν
2732 2397 2845 2459 τοῖς
2897 2395 3200 2468 ἔμπροσθεν
3247 2399 3672 2454 ἀπεκλαύσαντο.

2110 2481 2484 2562 ᾼιεξέρχονται
2523 2485 2652 2552 γοῦν
2700 2487 2768 2540 τὰ
2819 2487 3200 2559 συμϐεϐηκότα
3238 2489 3380 2561 πάθη
3428 2490 3504 2560 τῷ
3539 2491 3672 2562 λαῷ.

2113 2560 2272 2628 ’Ὅθεν
2304 2577 2659 2649 διεγείρουσιν
2682 2581 2829 2650 ἡμᾶς
2852 2583 2934 2644 εἰς
2962 2581 3194 2645 σύνεσιν,
3227 2582 3320 2635 καὶ
3346 2560 3422 2646 εἰς
3448 2582 3508 2636 τὸ
3527 2560 3678 2647 τέλος

2109 2667 2491 2738 ἁναπέμπουσι
2525 2669 2613 2723 διὰ
2641 2670 2747 2740 τῆς
2768 2673 3110 2744 προγραφῆς,
3145 2671 3233 2724 διὰ
3261 2672 3320 2724 τὸ
3351 2672 3562 2744 μέλλειν
3585 2673 3676 2726 ἐπὶ

2108 2755 2251 2812 τέλει
2290 2759 2464 2814 ταῦτα
2493 2760 2831 2831 συμϐαίνειν,
2857 2765 2904 2817 εί
2934 2765 3026 2817 καὶ
3057 2763 3132 2828 ὡς
3161 2766 3260 2836 ἤδη
3297 2763 3676 2836 συμϐεϐηκότα

2109 2849 2249 2904 αὐτὰ
2275 2853 2324 2904 ot
2364 2851 2470 2904 υίοὶ
2511 2853 2657 2924 Κορέ
2704 2855 3054 2926 προφητικῶς
3087 2856 3384 2919 ἐθέσπιζον.
3437 2856 3535 2910 Διὰ
3579 2856 3676 2926 μὲν

432 2931 525 2989 οὖν
557 2935 664 2989 τῶν
701 2936 1009 3010 ἔμπροσθεν
1049 2941 1492 3006 ἁπεκλαύσαντο,
1523 2942 1617 2996 καὶ
1674 2942 1772 3007 τὰς
1827 2943 2037 3000 ἑαυτῶν
2075 2945 2396 3018 ἐξήγγειλαν
2433 2948 2510 3019 τῷ
2542 2949 2660 3022 Θεῷ
2682 2949 2854 3015 λύπας
2895 2968 2908 2981 ·
2959 2954 3016 3004 ἐν
3046 2952 3101 3005 δὲ
3143 2955 3254 3016 τοῖς
3297 2951 3676 3024 προκειμένοις

432 3030 528 3082 καὶ
553 3029 689 3082 αὐτὰ
718 3029 785 3082 τὰ
817 3031 961 3104 πάθη
991 3031 1322 3106 ἐξέρχονται.

504 3115 674 3180 Vsus.
713 3125 830 3180 2-9.
867 3125 1032 3191 Deus,
1065 3130 1284 3184 auribus
1315 3134 1508 3187 nostris
1540 3133 1859 3201 audivimus,
1895 3141 2002 3190 etc.
2031 3142 2076 3201 C

432 3217 540 3273 Pro
567 3219 689 3281 illo.
725 3219 830 3285 Qui
861 3220 1083 3274 mandas
1115 3222 1311 3277 salutes
1349 3223 1517 3278 Iacob
1545 3266 1560 3290 ,
1595 3224 1963 3297 Symmachus
1986 3266 2000 3290 ,

435 3311 516 3366 Tu
557 3328 610 3366 es
649 3327 742 3366 rex
782 3328 959 3380 meus,
994 3310 1165 3379 Deus,
1201 3313 1396 3369 manda
1426 3315 1490 3369 de
1516 3315 1686 3370 salute
1712 3315 1901 3370 Jacob.
1936 3315 2002 3370 In

433 3415 484 3458 te
513 3405 752 3458 inimicos
793 3415 1000 3460 uos-tros
1043 3407 1405 3460 ventilabinms
1447 3423 1629 3462 cornu.
1679 3408 1783 3474 Qui
1820 3408 1876 3461 in
1907 3424 2005 3478 po-

428 3499 558 3570 pulo
588 3499 754 3569 probe
785 3514 842 3554 se
872 3509 1067 3569 gerunt
1088 3540 1103 3562 ,
1134 3507 1186 3555 et
1215 3499 1307 3570 qui
1356 3500 1501 3571 apud
1538 3501 1717 3570 ipsum
1761 3502 2000 3572 prophe-

429 3600 526 3657 tae,
558 3592 674 3647 haec
701 3593 974 3657 dixerint,
1017 3593 1339 3649 conﬁtentes
1374 3609 1482 3648 non
1514 3595 1737 3664 pr0pria
1761 3595 1961 3650 virtute
1981 3637 1996 3663 ,

427 3699 540 3738 non
571 3699 731 3748 arcu,
760 3700 868 3739 non
893 3685 1073 3756 gladio
1104 3686 1333 3741 salutem
1365 3686 1466 3742 sibi
1495 3687 1676 3756 parari
1707 3726 1722 3752 ,
1760 3687 1857 3741 sed
1887 3688 1998 3741 vir—

427 3780 544 3827 tute
591 3787 759 3828 cornu
788 3774 893 3828 sui.
946 3773 1165 3829 Cornua
1210 3789 1376 3845 porro
1425 3773 1670 3830 Danielis
1710 3775 1996 3846 Scriptura

425 3878 595 3934 regna
639 3872 836 3920 vocat:
889 3874 1208 3920 sanctorum
1257 3882 1385 3921 vero
1430 3881 1602 3921 cornu
1631 3867 1838 3922 dicitur
1878 3869 1995 3938 ipse

426 3954 727 4023 Dominus;
761 3971 932 4027 quare
962 3957 1066 4011 ait:
1103 3956 1169 4011 In
1198 3965 1243 4011 te
1273 3959 1510 4012 inimicos
1539 3967 1745 4013 nostros
1774 3961 1994 4014 ventila-

425 4046 596 4102 bimus
630 4065 832 4113 cornu;
865 4049 992 4104 alibi
1026 4064 1243 4120 quoque
1272 4049 1475 4104 dicitur
1498 4049 1801 4106 :Protector
1834 4069 1980 4106 meus

422 4150 472 4195 et
502 4157 661 4194 cornu
690 4142 882 4195 salutis
911 4159 1040 4197 mete
1073 4143 1140 4198 ⁸⁷.
1186 4140 1355 4213 Igitur
1398 4142 1517 4212 ipse
1548 4158 1722 4198 cornu
1767 4151 1887 4198 est:
1927 4159 1990 4198 ac

422 4247 637 4302 quaeras
677 4234 838 4287 velim
883 4248 994 4304 quo
1040 4243 1201 4305 pacto
1244 4235 1351 4289 alio
1396 4235 1452 4289 in
1485 4235 1608 4290 loco
1635 4235 1843 4289 dictum
1882 4235 1988 4301 sit,

421 4323 696 4394 Confessio
729 4327 841 4394 ejus
878 4341 1032 4394 super
1074 4327 1258 4380 caelum
1297 4335 1349 4380 et
1387 4336 1581 4381 terram
1609 4366 1623 4392 ,
1655 4336 1704 4380 et
1732 4327 1988 4380 exaltabit

421 4431 587 4469 cornu
617 4417 794 4485 populi
825 4417 910 4470 sui
941 4416 1008 4481 ⁸⁸,
1041 4417 1200 4486 quasi
1231 4419 1371 4474 alius
1401 4419 1472 4472 sit
1502 4418 1596 4488 qui
1624 4425 1983 4473 memoratum

2191 3129 2244 3183 Ὀ
2269 3130 2433 3195 Θεὸς,
2464 3129 2586 3196 τοῖς
2608 3128 2760 3184 ὠσὶν
2781 3129 2949 3200 ἡμῶν
2974 3131 3336 3200 ἠκούσαμεν.
3376 3133 3519 3186 Ἀντὶ
3547 3135 3667 3188 τοῦ·

2119 3223 2175 3276 Ὁ
2205 3222 2636 3290 ἐντελλόμενος
2678 3221 2785 3287 τὰς
2821 3223 3117 3288 σωτηρίας
3155 3219 3366 3286 Ἰακὼϐ,
3398 3224 3425 3274 6
3448 3224 3672 3294 Σύμμα-

2103 3330 2226 3384 χος·
2272 3312 2356 3366 Σὺ
2401 3307 2459 3366 εἷ
2498 3315 2531 3366 ό
2580 3312 2884 3376 ,βασιλεύς
2929 3327 3074 3380 μου·
3132 3313 3165 3363 ὁ
3211 3310 3374 3376 Θεὸς,
3408 3312 3669 3368 Erremus

2103 3406 2232 3475 περὶ
2263 3404 2374 3474 τῆς
2405 3406 2701 3474 σωτηρίας
2736 3402 2948 3458 Ἰακώϐ.
2984 3403 3086 3456 Ἑν
3108 3402 3206 3455 σοὶ
3241 3402 3383 3469 τοὺς
3417 3405 3666 3475 ἐχθροὺς

2099 3495 2268 3566 ἡμῶν
2297 3497 2700 3566 κερατιοῦμεν.
2725 3497 2786 3548 Oi
2811 3495 2907 3566 μὲν
2929 3495 2986 3546 ἐν
3113 3493 3225 3565 λαῷ
3254 3495 3662 3566 κατορθοῦντες,

2097 3588 2152 3641 οἵ
2193 3605 2253 3641 τε
2297 3589 2354 3640 ἐν
2391 3587 2539 3658 αύτῷ
2589 3587 2884 3658 προφῆται,
2918 3583 3090 3636 ταῦτα
3120 3583 3186 3637 ἂν
3230 3584 3432 3638 εἴποιεν
3473 3586 3663 3657 ὁμολο-

2097 3681 2318 3750 γοῦντες
2348 3681 2421 3752 μὴ
2453 3680 2629 3750 οἰκεία
2668 3679 2912 3750 δυνάμει,
2950 3679 3083 3749 μηδὲ
3121 3679 3258 3748 τόξῳ
3291 3679 3383 3731 καὶ
3425 3679 3666 3750 ῥομφαίᾳ

2096 3775 2306 3836 ἑαυτοῖς
2341 3772 2408 3826 τὰ
2433 3772 2702 3844 σωτηρίας
2743 3771 3162 3842 περιποιεῖσθαι,
3197 3773 3262 3841 τῇ
3288 3770 3342 3822 δὲ
3370 3771 3462 3823 τοῦ
3490 3771 3665 3841 κέρως

2094 3865 2270 3919 αὐτῶν
2294 3865 2536 3935 δυνάμει.
2577 3863 2798 3935 Κέρατα
2823 3864 2877 3916 δὲ
2909 3865 2942 3934 ἡ
2978 3862 3072 3916 τοῦ
3108 3861 3302 3933 Δανιὴλ
3335 3862 3523 3933 Γραφὴ
3563 3861 3662 3926 τὰς

2095 3957 2365 4028 βασιλείας
2402 3957 2686 4027 ὀνομάζει·
2734 3956 2844 4010 τῶν
2891 3956 2949 4009 δὲ
2989 3957 3156 4025 ἁγίων
3205 3955 3368 4025 κέρας
3417 3953 3660 4007 λέλεκται

2093 4051 2252 4113 αὐτὸς
2278 4051 2305 4101 6
2345 4049 2547 4120 Κύριος
2571 4067 2584 4079 ·
2618 4049 2698 4102 διό
2730 4065 2896 4118 φησι·
2941 4048 3043 4102 Ἐν·
3080 4046 3178 4099 σοὶ
3225 4045 3368 4110 τοὺς
3408 4045 3659 4113 ἐχθροὺς

2090 4142 2259 4211 ’ἡμῶν
2279 4141 2679 4210 κερατιοῦμεν.
2716 4142 2824 4194 Καὶ
2850 4140 2907 4192 ἐν
2928 4133 3132 4202 ἑτέροις
3141 4136 3384 4190 λέλεκται
3404 4153 3417 4168 ο
3462 4138 3656 4206 Ὑπερ-

2089 4234 2394 4303 ασπιστής
2463 4252 2583 4303 μου
2648 4232 2746 4286 καὶ
2821 4230 2998 4297 κέρας
3053 4229 3347 4296 σωτηρίας
3413 4246 3532 4298 μου
3579 4230 3651 4284 εἷ.

2087 4328 2277 4382 Τοίνυν
2329 4327 2490 4390 αὐτὸς
2547 4329 2662 4379 ἐστι
2688 4324 2748 4376 τὸ
2790 4322 2989 4392 κέρας·
3022 4319 3174 4391 ζήτει
3220 4322 3367 4385 ὅπως
3407 4321 3654 4376 λέλεκται

2086 4419 2346 4490 ἀλλαχοῦ·
2409 4419 2471 4474 Ἠ
2523 4416 2956 4486 ἐξομολόγησις
3012 4411 3197 4465 αὐτοῦ
3247 4412 3345 4465 ἐπὶ
3380 4411 3491 4483 γῆς
3552 4414 3650 4467 καὶ

420 4525 594 4563 cornu
627 4509 806 4580 erigit.
851 4509 1272 4575 Animadverte,
1303 4526 1510 4581 quaeso,
1553 4525 1685 4563 num
1719 4509 1812 4564 Dei
1842 4511 1979 4566 Ver-

2104 4510 2369 4581 >ὑρανοῦ,
2427 4510 2526 4564 καί
2577 4506 2810 4576 ὑψώσει
2861 4504 3041 4574 κέρας
3105 4504 3259 4558 λαοῦ
3310 4504 3525 4558 αὐτοῦ·
3576 4505 3651 4568 ὡς

419 4597 580 4660 bum,
618 4597 734 4668 ipse
769 4597 1067 4665 Dominus,
1100 4615 1271 4655 cornu
1305 4601 1488 4670 populi
1531 4599 1825 4671 perspicue
1869 4603 1982 4668 sit,

421 4701 486 4740 ac
533 4688 623 4757 qui
665 4687 826 4756 erigit
873 4688 1040 4755 illud,
1085 4687 1246 4744 Pater
1287 4690 1381 4760 qui
1428 4689 1615 4759 genuit
1657 4704 1800 4744 eum.
1845 4688 1983 4756 Quia

418 4779 564 4833 enim
591 4779 883 4833 lmmiliavit
910 4782 1240 4848 semetipsum
1269 4796 1430 4850 usque
1459 4778 1526 4832 ad
1557 4787 1776 4832 mortem
1794 4821 1808 4847 ,
1841 4797 1982 4834 mor-

419 4879 520 4927 tem
560 4881 732 4924 autem
771 4873 942 4926 crucis
963 4914 977 4939 ,
1013 4873 1128 4925 ideo
1158 4872 1298 4926 Deus
1331 4871 1583 4925 exaltavit
1614 4872 1764 4926 illum
1795 4874 1860 4940 ⁸⁹,
1894 4889 1981 4930 se-

2090 4604 2276 4675 ἐτέρου
2304 4603 2452 4666 ὄντος
2476 4601 2570 4654 τοῦ
2595 4598 2853 4669 ὑψοῦν-τος
2881 4598 2941 4651 τὸ
2963 4596 3431 4668 προδεδηλωμένον
3460 4597 3646 4668 κέρας.

2091 4697 2232 4767 Ὅρα
2259 4691 2352 4748 οὖν
2375 4695 2422 4746 εί
2451 4692 2522 4764 μὴ
2552 4690 2737 4759 σαφῶς
2756 4692 2783 4743 6
2811 4688 2945 4742 Θεοῦ
2969 4688 3157 4755 Λόγος,
3184 4687 3344 4749 αὐτὸς
3366 4690 3394 4740 6
3423 4687 3645 4758 Κύριος,

2087 4787 2170 4858 εἴη
2201 4785 2267 4840 ἂν
2298 4785 2358 4838 τὸ
2384 4785 2551 4855 κέρας
2583 4782 2678 4835 τοῦ
2701 4781 2852 4845 λαοῦ,
2883 4781 2911 4832 ὁ
2941 4779 2998 4832 δὲ
3033 4777 3180 4847 ὑψῶν
3205 4777 3365 4829 αὑτὸν
3393 4778 3420 4829 6
3455 4784 3644 4850 γεννή-

2087 4896 2186 4943 σας
2214 4877 2374 4931 αὺτὸν
2391 4876 2597 4947 Πατήρ.
2639 4873 2856 4944 Ἐπειδὴ
2875 4871 2983 4942 γὰρ
3009 4869 3410 4924 ἐταπείνωσεν
3430 4869 3647 4924 ἑαυτὸν

417 4963 657 5019 cundum
687 4963 1023 5033 Apostolum.
1055 4965 1113 5018 In
1145 4965 1249 5019 hoc
1279 4964 1466 5033 itaque
1491 4979 1662 5018 cornu
1688 4973 1741 5019 et
1767 4965 1824 5020 in
1852 4982 1980 5038 rege

2104 4969 2254 5038 ιέχρι
2285 4966 2563 5033 θανάτου,
2596 4963 2854 5021 θανάτου
2889 4961 2958 5014 δὲ
2996 4957 3281 5025 σταυροῦ,
3312 4957 3406 5011 διὰ
3429 4959 3645 5015 τοῦτοὸ

415 5071 516 5111 suo
545 5056 804 5120 ﬁdentes,
838 5057 1166 5112 conﬁtentur
1197 5072 1257 5114 se
1288 5071 1398 5110 non
1430 5071 1558 5110 arcu
1582 5097 1595 5120 ,
1631 5071 1742 5112 non
1768 5059 1972 5129 gladio,

414 5164 522 5202 non
547 5151 767 5220 propria
794 5149 997 5204 virtute
1018 5190 1032 5211 ,
1055 5150 1150 5204 sed
1179 5149 1321 5219 regis
1350 5149 1432 5203 sui
1463 5148 1706 5218 potentia
1731 5191 1745 5216 ,
1773 5149 1839 5205 de
1868 5151 1976 5204 ini-

413 5238 572 5293 micis
602 5240 888 5294 victoriam
926 5247 1327 5311 reportaturos.
1372 5238 1580 5295 Deinde
1625 5241 1752 5310 quia
1791 5242 1974 5312 ipsum

413 5330 699 5386 Dominum
737 5348 835 5403 pro
873 5349 1000 5402 rege
1029 5340 1083 5387 et
1110 5347 1280 5386 cornu
1323 5330 1717 5394 obtinuerunt,
1751 5331 1876 5400 jure
1915 5347 1973 5388 se

413 5439 522 5480 non
551 5425 787 5481 inimicis
813 5405 1060 5484 subditos
1086 5424 1231 5493 fore,
1258 5423 1352 5479 sed
1382 5429 1736 5493 superaturos
1759 5422 1968 5479 dicunt.

2087 5060 2228 5126 Θεὸς
2241 5057 2426 5113 αὐτὸν
2440 5057 2812 5124 ὑπερύψωσε,
2835 5054 2971 5108 κατὰ
2986 5052 3072 5104 τὸν
3100 5049 3434 5105 Ἀπόστολον.
3462 5045 3645 5116 Τούτῳ

2080 5146 2172 5203 οὖν
2207 5148 2285 5220 τῷ
2333 5148 2522 5220 κέρατι
2559 5145 2765 5198 ἑαυτῶν
2802 5142 2898 5196 καὶ
2935 5138 3012 5212 τῷ
3047 5138 3254 5210 βασιλεί
3297 5134 3638 5208 θαρροῦντες,

2078 5241 2401 5314 ὁμολογοῦσι
2448 5240 2520 5310 μὴ
2567 5236 2726 5306 τόξῳ,
2777 5232 2910 5324 μηδέ
2956 5231 3233 5324 ῥομφαία,
3265 5229 3419 5324 ⁵μηδέ
3468 5225 3640 5324 οίκείξι

2078 5313 2243 5402 ἀρετῇ
2276 5329 2383 5382 τῶν
2413 5325 2620 5398 ἐχθρῶν
2652 5319 3121 5394 περιγενήσεσθαι,
3154 5317 3288 5372 ἀλλὰ
3319 5320 3383 5388 τῇ
3424 5314 3517 5368 τοῦ
3546 5313 3639 5384 βα·-

2077 5421 2266 5484 σιλέως
2293 5419 2468 5472 αὐτῶν
2492 5416 2736 5486 δυνάμει.
2763 5409 2873 5467 Εἶτ’
2896 5412 3082 5484 ἐπειδὴ
3108 5410 3327 5482 βασιλέα
3355 5410 3446 5462 καὶ
3474 5407 3637 5476 κέρας

477 5568 523 5602 ³⁸
551 5569 706 5624 Joan.
734 5585 853 5634 vni,
892 5568 994 5636 12;
1024 5584 1138 5638 xw,
1161 5566 1215 5624 6.
1291 5567 1336 5599 "
1364 5565 1507 5624 Psal.
1550 5583 1683 5634 xvn,
1715 5568 1768 5623 3.
1835 5565 1880 5598 ⁸⁸
1915 5565 1999 5619 Ps:

2104 5579 2298 5628 :vam,
2333 5562 2419 5617 14.
2460 5561 2504 5592 ⁵⁸
2532 5559 2766 5631 Philipp.
2792 5576 2853 5626 ιι,
2877 5559 2930 5617 8.

481 5702 556 5772 (l)
587 5703 644 5755 In
675 5701 877 5757 Graecus
905 5698 1302 5772 exemplaribus
1341 5695 1556 5750 additur
1583 5691 1815 5772 ψαλμός,
1849 5706 1990 5772 qua:
2027 5707 2127 5749 vox
2167 5705 2268 5748 nec
2304 5690 2358 5744 in
2398 5685 2662 5743 Hebraico
2699 5701 2801 5744 nec
2840 5681 2894 5743 in
2929 5685 3156 5759 Vulgata
3201 5683 3416 5761 legitur,
3452 5698 3632 5754 neque

415 5762 722 5830 ln‘Euscbii
749 5762 1151 5841 exemplari,'ut
1190 5768 1306 5838 ipse
1343 5775 1627 5828 memorat,
1661 5762 1954 5818 ferebatur.
