4098 6402
402 380 511 438 585

1523 378 2021 437 COMMENTARIA
2056 380 2127 434 ΙΝ
2162 380 2496 437 PSALMOS.

3522 379 3629 436 386

404 498 705 567 ἐκτήσαντο
748 494 911 550 αὐτὸν
965 493 1058 549 τὸν
1086 493 1310 566 Κύριον,
1342 494 1566 571 είκότως
1598 497 1710 560 τοῖς
1758 495 1957 566 ἐχθροῖς

2073 492 2195 549 llaec
2219 509 2350 550 sane
2377 492 2689 566 signiﬁcant
2716 493 2802 548 his
2826 492 3044 549 verbis:
3072 492 3310 549 Salvasti
3336 507 3431 547 nos
3452 491 3518 547 de
3545 493 3631 563 af-

406 593 484 659 μὴ
519 588 818 661 ὑποχείριοι
866 585 1189 658 γενήσεσθαί
1239 604 1370 657 φασι
1393 604 1408 619 ο
1445 588 1725 658 κρείττους
1760 588 1817 641 δὲ
1861 586 1970 640 τῶν

404 678 680 751 πολεμίων
723 678 981 750 ὑπάρξαι.
1033 678 1203 733 Τοῦτο
1245 678 1375 748 γοῦν
1409 677 1625 750 δηλοῦσι
1690 678 1934 748 λέγοντες
1953 695 1967 711 ·

409 775 692 838 Ἕσωσας
718 771 875 841 ἡμᾶς
892 773 962 825 ἐκ
987 769 1106 825 τῶν
1132 773 1455 828 θλιϐόντων
1492 770 1669 842 ἡμᾶς,
1703 772 1802 825 καί
1830 770 1969 838 τοὺς

398 859 734 929 μισοῦντας
777 858 935 930 ἡμᾶς
986 861 1389 930 κατῄσχυνας.
1437 862 1549 916 Καὶ
1584 862 1878 934 ἐπειδήπερ
1917 863 1967 915 oi

407 952 505 1023 μὲν
537 950 720 1021 ἐχθροὶ
751 952 1010 1023 αἰσχύνην
1041 952 1384 1023 κατεχέαντο,
1411 954 1564 1009 αὐτοὶ
1593 954 1650 1007 δὲ
1670 956 1769 1008 οὐκ
1792 954 1968 1026 οἰκείᾳ

400 1042 650 1115 δυνάμει,
684 1048 749 1117 τῇ
777 1045 832 1098 δὲ
855 1045 949 1099 τοῦ
984 1045 1159 1118 κέρως
1181 1045 1358 1100 αὐτῶν
1392 1045 1674 1118 ἐσώθησαν
1694 1063 1708 1078 ·
1745 1046 1967 1110 εἰκότως

400 1138 823 1192 ἐπισυνάπτουσι
869 1137 1114 1207 λέγοντες
1132 1155 1146 1170 ο
1204 1140 1308 1193 Ἔν
1339 1138 1420 1206 τῷ
1476 1139 1597 1206 Θεῷ
1650 1140 1965 1207 ἐπαινεθη-

399 1230 627 1299 σόμεθα
653 1229 806 1299 ὅλην
824 1230 939 1300 τὴν
966 1230 1192 1302 ἡμέραν
1214 1248 1227 1261 ·
1255 1232 1287 1302 ἢ
1317 1230 1456 1286 κατὰ
1471 1232 1562 1286 τὸν
1592 1230 1840 1294 Ἀκύλαν,
1871 1230 1965 1284 Ἐν

399 1321 481 1387 τῷ
516 1322 639 1389 Θεῷ
670 1325 1119 1395 καυχησόμεθαο
1155 1323 1187 1396 ἢ
1217 1325 1356 1379 κατὰ
1381 1324 1473 1379 τὸν
1504 1324 1813 1396 Σύμμαχον,
1853 1323 1965 1379 Τὸν

402 1411 550 1465 Θεὸν
573 1413 878 1483 ὑμνοῦμεν
897 1413 1049 1483 ὅλην
1074 1414 1190 1483 τὴν
1217 1416 1462 1485 ἡμέραν,
1493 1415 1589 1469 καί
1614 1415 1693 1481 τῷ
1717 1415 1963 1485 ὀνόματί

398 1518 517 1556 σου
537 1502 1092 1574 ἐξομολογησόμεθα
1140 1508 1227 1572 είς
1256 1504 1363 1559 τὸν
1388 1505 1589 1561 αἰῶνα.
1625 1507 1735 1579 Τὴν
1774 1506 1830 1560 δέ
1876 1505 1962 1572 ἐξ·

397 1595 630 1667 ομολόγή
639 1611 718 1649 σιν
737 1595 857 1651 ἀντὶ
886 1598 1231 1669 εὐχαριστίας
1250 1597 1690 1671 παραλαμϐάνειν
1709 1595 1959 1649 εἰώθασιν

396 1688 456 1740 al.
488 1687 883 1759 Γραφαί·ὦστε
909 1688 1131 1753 εἰκότως
1163 1689 1258 1742 καὶ
1287 1687 1589 1759 καυχᾶσθαι
1622 1688 1715 1742 καὶ
1749 1687 1956 1757 ὑμνεῖν,

396 1777 492 1831 καὶ
510 1777 753 1832 ἐπαινεῖν
766 1778 859 1831 καὶ
873 1777 1225 1843 ἐπαινεῖσθαι,
1243 1779 1578 1850 εὐχαριστεῖν
1598 1793 1653 1830 τε
1668 1776 1761 1830 καὶ
1773 1776 1959 1848 ὲξομο-
1996 1846 1999 1849 _

2070 586 2368 658 fligentibus
2416 603 2506 642 nos
2528 627 2541 651 ,
2587 599 2637 641 et
2665 583 2895 640 odientes
2926 602 3021 641 nos
3054 585 3362 654 confudisti.
3392 584 3461 642 Et
3499 588 3629 657 quia

2071 680 2277 735 inimici
2312 680 2528 750 quidem
2558 679 2613 733 in
2642 694 2736 734 eos
2765 678 3119 748 opprobrium
3149 676 3453 733 eﬂ‘uderant
3477 696 3492 745 ;
3523 680 3631 749 ipsi

2067 788 2197 827 vero
2227 789 2335 827 non
2358 772 2584 843 propria
2614 773 2816 827 virtute
2834 812 2848 837 ,
2881 771 2973 827 sed
3000 786 3173 826 cornu
3202 772 3285 828 sui
3313 770 3631 828 fortitudine

2067 863 2299 919 salutem
2347 864 2585 919 assecuti
2629 871 2796 927 sunt;
2843 862 3039 917 merito
3082 863 3197 917 haec
3226 862 3527 933 adjiciunt:
3562 863 3629 919 In

2069 954 2174 1010 Deo
2205 954 2543 1009 laudabimur
2572 964 2682 1009 tota
2707 955 2832 1021 die;
2880 962 2973 1009 aut
3013 956 3310 1011 secundum
3342 955 3624 1027 Aquilam:

2068 1046 2132 1101 In
2163 1047 2271 1103 Deo
2297 1048 2686 1119 gloriabimur;
2720 1048 2835 1103 sive
2868 1048 3167 1104 secundum
3201 1047 3584 1121 Symmachum
3610 1067 3623 1103 :

2063 1139 2231 1194 Deum
2260 1138 2635 1194 celebrabimus
2670 1149 2783 1193 tota
2821 1139 2936 1205 die,
2969 1148 3018 1194 et
3047 1140 3245 1195 nomini
3288 1148 3375 1194 tuo
3408 1140 3626 1208 conﬁte-

2062 1228 2239 1283 bimur
2267 1230 2322 1283 in
2352 1238 2623 1284 internum.
2653 1228 3068 1284 Confessionem
3100 1244 3264 1300 porro
3290 1243 3390 1300 pro
3419 1228 3626 1299 gratia-

2062 1336 2183 1375 rum
2210 1321 2423 1377 actione
2450 1335 2719 1392 usurpare
2749 1319 3048 1390 Scriptura:
3075 1322 3250 1376 solent
3279 1338 3294 1387 ;
3327 1321 3401 1374 ita
3429 1328 3487 1375 ut
3513 1335 3629 1374 me-

2060 1412 2200 1477 rito,
2247 1412 2506 1482 gloriari,
2540 1413 2773 1484 hymnos
2816 1412 3124 1479 celebrare,
3156 1412 3379 1467 laudare
3417 1422 3472 1466 et
3504 1411 3623 1465 lau-

2060 1503 2214 1567 dari,
2238 1504 2441 1573 gratias
2468 1518 2627 1575 agere
2649 1514 2699 1559 et
2726 1504 2971 1559 conﬁteri
2998 1503 3211 1567 dicant,
3235 1502 3434 1573 quibus
3457 1498 3619 1572 Regis

2060 1592 2145 1649 sui
2186 1593 2388 1647 virtute
2430 1601 2586 1663 parta
2634 1595 2786 1650 salus
2825 1593 2952 1648 fuit.
2986 1591 3093 1647 Sed
3134 1593 3248 1647 haec
3294 1592 3513 1663 quidem
3552 1606 3622 1647 ex

2060 1700 2292 1756 persona
2327 1686 2478 1740 chori
2518 1686 2821 1756 prophetici
2854 1686 2998 1741 dicta
3023 1693 3171 1741 sunt.
3216 1684 3345 1751 Qua:
3376 1698 3502 1740 vero
3526 1684 3623 1738 de-

2058 1776 2184 1832 inde
2212 1776 2459 1833 feruntur
2488 1778 2649 1833 iidem
2678 1792 2872 1833 rursus
2891 1817 2907 1846 ,
2936 1777 3301 1832 multitudinis
3328 1790 3490 1832 casus
3515 1774 3619 1831 sibi

396 1867 666 1937 λογείσθαι
685 1870 735 1922 οἱ
762 1871 1091 1941 σεσωσμένοι
1108 1872 1172 1941 τῇ
1188 1870 1281 1925 τοῦ
1308 1869 1576 1940 βασιλέως
1596 1868 1772 1923 αὐτῶν
1788 1870 1954 1941 ἀρετῇ

2058 1867 2394 1924 ascribentes
2414 1906 2429 1932 ,
2459 1875 2739 1923 enarrant.

397 1977 579 2032 φασιν.
619 1961 776 2015 Ἀλλὰ
803 1960 971 2014 ταῦτα
1004 1961 1103 2032 μὲν
1133 1960 1197 2015 ἐκ
1229 1960 1517 2034 προσώπου
1547 1961 1639 2014 τοῦ
1683 1960 1844 2033 χοροῦ
1882 1978 1991 2015 των
2023 1960 2314 2032 προφητῶν
2350 1959 2593 2032 εἴρηται·
2616 1960 2684 2014 τὰ
2708 1960 2754 2013 δ’
2786 1960 2915 2032 ἑξῆς
2949 1962 3316 2034 ἐπιφερόμενα
3358 1959 3519 2016 πάλιν
3567 1961 3617 2014 οί

396 2058 570 2124 αὐτοὶ,
608 2056 1017 2129 ἰδιοποιούμενοι
1067 2055 1135 2110 τὰ
1182 2056 1259 2128 τῷ
1287 2056 1483 2129 πλήθει
1540 2056 1957 2128 συμϐεϐηκότα,
1995 2055 2382 2127 διεξέρχονται.

461 2152 614 2209 Νυνὶ
662 2153 730 2207 δὲ
783 2151 1002 2209 ἀπώσω
1051 2153 1150 2207 καὶ
1190 2153 1578 2224 κατῄσχυνας
1619 2151 1798 2223 ἡμᾶς,
1855 2151 1954 2207 καί

394 2250 505 2303 οὐκ
528 2246 821 2316 ἐξελεύσῃ
861 2247 931 2301 ὲν
960 2246 1090 2314 ταῖς
1118 2246 1451 2317 δυνάμεσιν
1481 2244 1667 2316 ἡμῶν.
1714 2244 1867 2298 Ἐπεὶ
1895 2243 1957 2297 τὸ

395 2340 594 2411 πλῆθος
607 2340 699 2394 τοῦ
725 2340 924 2404 παντὸς
953 2339 1217 2394 Ἰουδαίων
1233 2340 1434 2405 ἔθνους,
1460 2341 1516 2393 ἐν
1533 2336 1808 2401 παντοίαις
1830 2339 1957 2392 ἀσε-

390 2431 565 2496 ϐείαις
597 2432 689 2486 καὶ
708 2431 1068 2505 παρανομίαις
1082 2431 1281 2505 ἐξητασ
1287 2431 1464 2503 μένον,
1482 2430 1579 2485 οὑκ
1594 2425 1662 2502 ἦν
1674 2423 1963 2502 ἀλλότριον

392 2519 486 2573 τοῦ
517 2518 766 2591 σώματος
788 2522 881 2575 τοῦ
904 2522 1263 2594 προφητικοῦ,
1294 2522 1517 2586 εἰκότως
1552 2521 1621 2576 τὰ
1660 2520 1738 2592 τῷ
1762 2519 1953 2592 πλήθει

392 2614 673 2685 συμϐάντα
731 2614 1138 2686 ἰδιοποιούμενοι
1185 2616 1233 2668 οἱ
1274 2614 1345 2668 τὰ
1396 2614 1587 2686 πρῶτα
1633 2613 1953 2686 εἰρηκότες,

394 2705 558 2777 μέσου
593 2706 962 2776 διαψάλματος
993 2706 1486 2778 παρεμϐληθέντος,
1529 2708 1610 2768 εἰς
1648 2707 1953 2778 παράτασιν

387 2794 490 2865 τῆς
523 2795 822 2866 μεταϐολῆς
862 2795 968 2849 τῶν
1006 2796 1415 2867 λεχθησομένων
1458 2796 1839 2869 προφέρονται.
1889 2797 1953 2851 Οί

393 2888 493 2956 μὲν
518 2882 609 2940 οὖν
636 2885 869 2956 πατέρες
896 2886 1052 2957 ἡμῶν
1077 2887 1403 2958 ἀνήγγειλαν
1422 2890 1454 2959 ή
1465 2889 1576 2958 μῖν,
1588 2888 1684 2941 καὶ
1697 2891 1807 2952 τοῖς
1821 2889 1853 2957 ή
1864 2904 1952 2958 με-

387 2971 566 3041 τέροις
613 2968 882 3040 ἠκούομεν
934 2971 1068 3026 ὠσὶν
1123 2975 1281 3027 ὁποῖα
1334 2973 1676 3045 κατειργάσω
1725 2975 1783 3027 ἐν
1832 2974 1951 3038 ταῖς

389 3058 622 3130 ἡμέραις
653 3059 852 3126 αὐτῶν,
886 3060 983 3115 καλ⁵
1019 3061 1087 3115 τὰ
1114 3062 1258 3132 tam.
1291 3062 1425 3116 Νυνὶ
1454 3062 1512 3116 δὲ
1550 3060 1843 3132 ὀφθαλμοῖς
1886 3062 1948 3116 οὐ

388 3151 612 3204 τοιαῦτα
663 3149 909 3223 δρώμεν’
958 3152 1026 3207 τὰ
1069 3154 1126 3208 δὲ
1166 3153 1373 3219 τούτοις
1422 3154 1659 3208 ἐναντία.
1719 3153 1947 3208 Ἀπώσω

387 3238 496 3311 γὰρ
527 3241 691 3310 ἡμᾶς,
740 3243 805 3296 σὺ
828 3244 857 3296 ό
896 3243 1045 3309 Θεὸς,
1075 3245 1103 3298 ὁ
1137 3243 1303 3299 πάλαι
1349 3243 1487 3321 τοὺς,
1508 3243 1747 3316 πατέρας
1785 3242 1945 3315 ήμῶν

384 3328 670 3395 διασώσας,
697 3332 786 3387 διὰ
844 3334 941 3399 τὰς
979 3335 1250 3409 ἡμετέρας
1292 3336 1565 3408 ἁμαρτίας
1612 3337 1737 3398 τοὺς
1777 3334 1943 3388 πάλαι

2123 2148 2289 2206 Vsus.
2332 2150 2417 2205 10.
2478 2149 2636 2207 Nunc
2696 2160 2871 2206 autem
2927 2150 3167 2221 repulisti
3220 2156 3269 2205 et
3329 2147 3617 2217 con/adisti

2052 2259 2148 2297 nos
2167 2281 2183 2309 ,
2220 2250 2269 2296 et
2299 2259 2403 2297 non
2436 2243 2715 2314 egredieris
2741 2281 2757 2307 ,
2787 2241 2930 2297 Deus
2952 2281 2967 2307 ,
2992 2242 3049 2295 in
3073 2239 3350 2295 uirtutibus
3380 2232 3575 2293 nostris
3597 2276 3614 2302 ,

2053 2340 2160 2389 etc.
2193 2333 2461 2400 Quoniam
2495 2334 2790 2389 multitudo
2830 2334 3002 2389 totius
3047 2334 3229 2404 populi
3275 2330 3521 2395 Judaici,
3560 2331 3614 2384 in

2051 2425 2199 2480 omni
2240 2426 2539 2496 impietatis
2579 2433 2634 2481 et
2675 2426 3042 2496 improbitatis
3097 2438 3294 2495 genere
3337 2423 3612 2481 volutata.

2054 2532 2165 2572 non
2216 2518 2394 2573 aliena
2441 2526 2560 2573 erat
2606 2532 2636 2571 a
2681 2532 2916 2589 corpore
2956 2518 3378 2587 prophetarum,
3431 2514 3614 2585 p0puli

2050 2625 2321 2665 aerumnas
2364 2610 2468 2665 sibi
2509 2610 2761 2680 proprias
2802 2610 3163 2663 attribuentes
3193 2609 3287 2679 qui
3333 2608 3616 2678 superiora

2050 2702 2333 2765 dixerant,
2366 2700 2695 2756 intermedio
2727 2701 3085 2769 diapsalmate
3106 2735 3122 2761 ,
3154 2697 3218 2751 ad
3254 2696 3614 2749 mutationem

2053 2805 2246 2845 eorum
2309 2804 2431 2859 quae
2460 2787 2804 2859 postmodum
2839 2786 3018 2842 fusius
3050 2785 3250 2840 dicturi
3287 2792 3452 2848 sunt,
3493 2797 3617 2839 sese

2048 2888 2290 2936 vertunt.
2334 2879 2527 2935 Patres
2569 2880 2754 2949 itaque
2791 2877 2968 2934 nostri
3010 2877 3474 2931 annuntiaverunt
3516 2888 3617 2928 uo-

2048 2971 2134 3028 bis
2152 3011 2169 3037 ,
2202 2986 2266 3026 ac
2296 2986 2398 3027 nos
2423 2971 2565 3043 ipsis
2587 2970 2815 3026 auribus
2840 2968 3149 3023 audivimus
3170 3009 3184 3032 ,
3214 2966 3397 3037 qualia
3422 2976 3615 3036 opera-

2048 3069 2137 3117 tus
2185 3062 2264 3117 sis
2306 3063 2362 3116 iu
2407 3062 2604 3117 diebus
2646 3076 2834 3115 eorum
2857 3101 2872 3123 ,
2906 3066 2960 3114 et
2991 3068 3210 3114 cmtera.
3245 3056 3401 3112 Nunc
3433 3064 3614 3111 autem

2044 3167 2147 3208 nos
2178 3168 2521 3224 nequaquam
2552 3152 2749 3208 similia
2795 3152 3073 3215 videmus,
3112 3150 3208 3207 sed
3248 3150 3317 3205 iis
3347 3149 3614 3220 opposita.

2043 3242 2124 3301 Tu
2148 3260 2402 3317 namque,
2428 3244 2592 3310 Deus,
2618 3245 2709 3315 qui
2734 3245 2862 3298 olim
2895 3252 3078 3315 putres
3104 3254 3323 3300 nostros
3348 3242 3615 3309 servasti,

2045 3345 2268 3407 propter
2307 3344 2531 3407 peccata
2560 3344 2749 3392 nostra
2780 3336 3029 3405 repulisti
3058 3350 3192 3400 nos,
3225 3350 3322 3390 eos
3349 3334 3444 3405 qui
3478 3334 3533 3389 in
3561 3340 3618 3391 te

384 3422 476 3475 ἐπὶ
510 3423 594 3476 σοὶ
635 3423 775 3494 μέγα
813 3425 1139 3497 φρονοῦντας
1161 3465 1176 3492 ,
1210 3427 1304 3481 καὶ
1347 3428 1406 3480 ὲν
1445 3428 1528 3480 σοὶ
1561 3429 1942 3499 καυχωμένους

2053 3429 2172 3484 olim
2196 3429 2478 3502 magniﬁce
2498 3430 2825 3489 sentiebant.
2851 3430 2977 3484 etin
3005 3435 3055 3483 te
3077 3427 3469 3498 gloriabantur,
3493 3441 3617 3481 con-

383 3513 722 3587 κατῄσχυνας
742 3555 758 3582 ,
811 3518 1049 3589 ἐρήμους
1105 3517 1417 3575 καταλιπὼν
1471 3520 1565 3573 καὶ
1611 3519 1944 3592 ἀϐοηθήτους

382 3605 441 3658 ἐν
494 3608 560 3677 τῇ
606 3606 745 3678 πρὸς
793 3610 920 3672 τοὺς
976 3610 1263 3681 πολεμίους
1322 3610 1584 3683 συμϐολῇ.
1652 3612 1786 3666 οὐδὲ
1836 3612 1944 3683 γὰρ

382 3694 756 3763 συνεξῆλθες
803 3697 931 3764 ταῖς
975 3697 1306 3769 δυνάμεσιν
1351 3698 1522 3769 ἡμῶν
1539 3716 1553 3731 ο
1602 3699 1637 3771 ἢ
1670 3701 1810 3756 κατὰ
1852 3701 1945 3756 τὸν

382 3786 695 3858 Σύμμαχον,
722 3786 845 3855 τοῖς
862 3790 1301 3859 στρατεύμασιν
1323 3787 1505 3860 ἡμῶν⁴
1540 3792 1651 3846 Καὶ
1673 3792 1763 3845 διὰ
1787 3792 1946 3846 τοῦτο

381 3876 763 3946 ἀπέστρεψας
782 3876 938 3948 ἡμᾶς
956 3881 1042 3945 είς
1060 3880 1132 3934 τὰ
1149 3881 1339 3933 ὀπίσω
1361 3880 1520 3950 παρὰ
1538 3881 1679 3947 τοὺς
1696 3883 1946 3952 ἐχθροὺς

386 3968 552 4039 ἡμῶν
568 3987 583 3997 ³
600 3969 658 4036 ἢ,
685 3969 827 4025 κατὰ
846 3971 938 4026 τὸν
963 3970 1257 4044 Σύμμαχον
1276 3988 1290 4003 ·
1318 3972 1576 4040 Ἔταξας
1600 3970 1948 4044 ἡμᾶςὲσχά-

380 4079 525 4131 τους
553 4064 779 4131 παντὸς
820 4065 1132 4131 ἐναντίου,
1182 4065 1281 4119 καί
1322 4069 1378 4121 al
1415 4067 1742 4138 μισοῦντες
1787 4065 1946 4137 ἡμᾶς

380 4154 806 4224 διαρπάζουσιν
844 4158 1097 4226 ἑαυτοῖς.
1123 4158 1395 4227 Ἕὸωκας
1423 4160 1581 4230 ἡμᾶς
1608 4161 1689 4227 ὡς
1712 4160 1947 4228 ,βοσκή-

375 4264 534 4319 ματα
555 4249 857 4317 βρώσεως,
888 4251 985 4306 καὶ
1012 4254 1100 4319 εις
1129 4251 1203 4307 τὰ
1223 4252 1366 4321 ἔθνη
1394 4251 1728 4323 ἐλίκμησας
1764 4251 1941 4324 ἡμᾶς.

392 4340 631 4396 Ἇπέδου
675 4343 781 4397 τὸν
836 4346 991 4399 λαόν
1032 4361 1149 4399 σου
1207 4346 1319 4415 οὐχ
1353 4343 1683 4414 ὑπάρξεως,
1725 4346 1823 4400 καί
1872 4349 1944 4401 οὐ

380 4430 622 4500 πολλὴν
664 4433 957 4503 ἐποίησας
996 4435 1113 4505 τὴν
1143 4435 1323 4506 τιμὴν
1363 4435 1562 4491 αὐτῶν
1579 4453 1593 4467 ο
1631 4441 1944 4507 προπηλα-

378 4521 599 4591 κισμὸν
671 4526 823 4593 μετὰ
908 4527 1257 4599 χλευασμοῦ
1325 4529 1451 4596 τοῖς
1501 4530 1705 4594 κύκλῳ
1754 4529 1941 4601 ἡμῶν.

393 4615 711 4685 Ἐποίησας
748 4619 906 4688 ἡμᾶς
934 4619 1284 4690 παραϐολὴν
1318 4621 1389 4675 ἐν
1427 4620 1552 4688 τοῖς
1590 4621 1821 4686 ἔθνεσι,
1854 4623 1943 4676 κί-

2051 3519 2261 3586 fudisti,
2286 3529 2449 3592 atque
2473 3521 2529 3575 in
2550 3536 2849 3592 congressu
2877 3535 3000 3574 cum
3030 3519 3268 3573 inimicis
3290 3518 3534 3573 desertos
3561 3523 3616 3571 et

2045 3628 2147 3681 ope
2186 3629 2388 3670 vacuos
2430 3613 2709 3669 dimisisti.
2740 3613 2925 3683 Neque
2962 3613 3106 3667 enim
3135 3627 3372 3682 egressus
3405 3626 3459 3664 es
3494 3625 3614 3663 cum

2044 3703 2322 3758 virtutibus
2344 3704 2562 3765 nostris.
2580 3706 2714 3768 sive,
2739 3704 3039 3760 secundum
3068 3701 3475 3773 Symmachum,
3494 3717 3613 3756 cum

2044 3794 2359 3848 exercitibus
2391 3796 2610 3849 nostris.
2647 3793 2882 3864 Ideoque
2925 3794 3164 3849 avertisti
3204 3811 3297 3849 nos
3324 3804 3613 3849 retrorsum

2042 3893 2159 3952 post
2184 3885 2423 3938 inimicos
2447 3894 2654 3939 nostros
2675 3901 2693 3949 ;
2716 3887 2801 3940 vel
2820 3925 2836 3952 ,
2864 3887 3162 3942 secundum
3187 3884 3570 3957 Symmachum
3597 3904 3613 3942 :

2048 3974 2326 4031 Ordinasti
2353 3990 2445 4029 nos
2473 3975 2689 4029 ultimos
2714 3977 2946 4030 omnium
2973 3976 3396 4031 aduersariorum
3414 4017 3428 4042 ,
3454 3987 3502 4032 et
3524 3981 3614 4048 qui

2045 4068 2266 4123 oderunt
2292 4083 2410 4133 nos,
2431 4066 2686 4135 diripiunt
2713 4065 2834 4122 sibi.
2863 4066 3067 4120 Dedisti
3089 4084 3181 4121 nos
3196 4076 3251 4120 ut
3284 4081 3437 4135 pecus
3466 4069 3605 4137 quod

2045 4158 2353 4225 comeditur,
2372 4167 2422 4214 et
2440 4161 2492 4213 in
2513 4168 2686 4229 gentes
2708 4158 2973 4212 ventilasti
3002 4174 3117 4213 nos.
3138 4157 3432 4213 Tradidisti
3451 4174 3615 4230 popu-

2047 4249 2156 4304 lum
2183 4257 2331 4302 tuum
2355 4249 2468 4303 sine
2490 4248 2810 4313 substantia,
2835 4264 2925 4302 nec
2946 4248 3170 4301 multum
3197 4247 3369 4318 fecisti
3388 4250 3615 4319 pretium

2045 4358 2227 4397 eorum
2249 4355 2270 4395 :
2299 4341 2636 4412 opprobrium
2672 4357 2786 4397 cum
2821 4341 3068 4396 irrisione
3090 4341 3157 4396 iis
3185 4341 3275 4413 qui
3294 4340 3491 4395 circum
3521 4358 3615 4397 nos

2045 4441 2187 4489 sunt.
2221 4431 2423 4488 Fecisti
2450 4451 2544 4488 nos
2576 4433 2890 4503 parabotam
2912 4433 2966 4487 in
2995 4433 3234 4503 gentibus
3254 4471 3269 4499 ,
3306 4435 3615 4488 commotio-

2045 4542 2161 4581 nem
2189 4526 2381 4596 capitis
2404 4526 2460 4579 in
2488 4524 2747 4581 tribubus.
2786 4523 2892 4580 Per
2919 4534 3084 4579 totum
3113 4526 3250 4581 diem
3280 4525 3615 4595 opprobrium

2047 4634 2220 4673 meum
2270 4628 2458 4673 contra
2499 4634 2581 4672 me
2626 4629 2743 4681 est,
2788 4625 2839 4671 et
2881 4616 3054 4687 pudor
3098 4617 3270 4671 vultus
3311 4617 3413 4671 mei
3450 4617 3615 4686 operit

377 4723 562 4774 νησιν
588 4709 856 4779 κεφαλῆς
884 4712 954 4766 ἐν
984 4712 1115 4777 ταῖς
1151 4711 1392 4783 φυλαῖς.
1431 4714 1511 4768 Δι’
1550 4714 1699 4784 ὅλης
1723 4716 1946 4785 ἡμέρας

2053 4729 2128 4767 me
2151 4751 2166 4776 ,
2201 4728 2234 4765 a
2266 4727 2386 4766 voce
2442 4711 2812 4779 exprobrantis
2845 4718 2894 4764 et
2927 4708 3334 4778 blasphemantis
3360 4748 3375 4773 ,
3412 4724 3445 4762 a
3478 4709 3613 4778 facie

378 4800 419 4868 ἠ
443 4800 867 4871 ἀσχημόνησίς
902 4821 1020 4874 μου
1059 4804 1338 4874 ἄντικρύς
1374 4824 1515 4875 μου,
1549 4808 1648 4862 καὶ
1676 4811 1710 4862 ό
1749 4823 1947 4862 καται-

2047 4806 2253 4860 inimici
2303 4813 2353 4860 et
2411 4803 2710 4858 ulciscentis
2756 4820 2830 4859 se.
2882 4801 3008 4857 Haec
3054 4809 3164 4855 tam
3210 4802 3379 4856 multa
3416 4806 3617 4859 chorus

378 4894 657 4961 σχυμμὸς
700 4895 808 4950 τοῦ
848 4895 1171 4965 προσώπου
1205 4914 1327 4967 μου
1382 4900 1673 4954 καλύπτει
1716 4916 1795 4971 με
1825 4878 1946 4955 ἀπὸ

2053 4897 2390 4970 propheticus
2436 4896 2492 4950 in
2535 4911 2635 4952 sua
2673 4895 2741 4949 ad
2780 4894 2948 4950 Deum
2990 4894 3418 4964 supplicatione.
3463 4895 3615 4949 cala-

376 4980 584 5049 φωνῆς
627 4983 1012 5054 ὀνειδίζοντος
1071 4987 1170 5042 καί
1223 4988 1740 5059 ,βλασφημοῦντος
1758 5032 1772 5053 .
1828 4990 1948 5046 ἀπὸ

2053 4990 2263 5045 mitates
2321 4987 2510 5060 populi
2569 4987 2854 5043 aseribens
2909 4985 3012 5041 sibi
3043 5025 3059 5049 ,
3121 4994 3449 5056 prosecutus
3505 4995 3611 5040 est.

377 5071 701 5138 προσώπου
740 5074 955 5143 ἐχθροῦ
1006 5077 1105 5132 καί
1151 5080 1545 5149 τιμωροῦντος
1592 5081 1800 5149 ἐαυτῷ.
1849 5083 1950 5136 Το-

2053 5078 2542 5136 Commoustratum
2586 5078 2772 5149 itaque
2802 5084 2886 5134 est
2918 5092 3037 5149 qua:
3073 5092 3241 5134 causa
3285 5078 3420 5148 ipsis
3456 5075 3614 5133 ﬂetus

381 5161 555 5216 σαῢτα
574 5164 715 5218 κατὰ
752 5165 845 5218 τὸν
882 5166 1175 5240 Σύμμαχον
1204 5171 1233 5224 ό
1261 5168 1420 5241 χορὸς
1458 5172 1487 5224 ὁ
1523 5173 1859 5243 προφητικὸς
1891 5173 1950 5226 ἐν

2053 5174 2103 5228 in
2140 5158 2578 5243 praecedentibus
2612 5171 2797 5228 fuerit.

377 5256 443 5325 τῇ
468 5256 603 5327 πρὸς
625 5256 714 5311 τὸν
766 5258 898 5312 Θεὸν
934 5261 1181 5334 ἱκετηρία
1239 5263 1532 5335 διεξῆλθεν,
1560 5267 1639 5331 είς
1693 5267 1885 5337 ἐαυτὸν
1941 5266 2335 5339 ἀναλαμϐάνων
2379 5265 2449 5321 τὰ
2476 5264 2572 5321 τοῦ
2613 5265 2743 5320 λαοῦ
2784 5262 2952 5335 πάθη.
2999 5262 3398 5332 Σεσαφήνισται
3438 5259 3614 5314 τοίνυν

380 5345 438 5400 ἐν
484 5349 598 5412 τοῖς
651 5352 1029 5422 προκειμένοις
1079 5354 1146 5409 δι’
1186 5357 1252 5428 ἢν
1302 5357 1607 5431 ἔμπροσθεν
1654 5359 2057 5415 ἁπεκλαύσατο.

452 5444 642 5498 Ταῦτα
672 5444 869 5499 πάντα
899 5447 1086 5516 ἦλθεν
1113 5450 1206 5521 ἐφ’
1235 5451 1409 5522 ἡμᾶς,
1441 5454 1541 5508 καί
1579 5457 1690 5510 οὐκ
1724 5456 1939 5510 ἐπελα-

2115 5453 2403 5510 Vens.18.
2448 5453 2579 5510 Haec
2621 5452 2800 5507 omnia
2855 5457 3100 5505 venerunt
3157 5465 3312 5519 super
3370 5464 3486 5511 nos,
3521 5464 3617 5503 nec

377 5535 594 5606 θόμεθὰ
613 5554 747 5593 σου.
810 5541 1018 5613 Ὠσπερ
1061 5543 1425 5616 ἀσεϐήσαντός
1487 5564 1616 5602 ποτε
1671 5547 1765 5602 τοῦ
1808 5548 1937 5602 λαοῦ

2053 5545 2196 5600 obliti
2221 5536 2403 5601 sumus
2428 5556 2495 5602 te.
2536 5543 2998 5611 Quemadmodum
3038 5543 3166 5598 olim
3213 5557 3336 5597 cum
3379 5540 3614 5611 populus

378 5626 471 5679 ἐπὶ
499 5628 598 5700 τῆς
622 5630 850 5701 ἐρήμου,
885 5631 1073 5686 ἔπειτα
1105 5634 1495 5706 παραδοθέντος
1524 5637 1602 5708 τῷ
1626 5638 1938 5710 ὀλοθρευτῇ,

2053 5637 2211 5707 impie
2254 5638 2455 5707 egisset
2503 5636 2560 5690 in
2593 5635 2832 5698 deserto,
2865 5649 2929 5688 ac
2961 5633 3157 5688 deinde
3199 5632 3609 5688 exterminatori

375 5714 556 5769 λαϐὼν
595 5716 802 5788 Ἀαρὼν
832 5719 893 5772 τὸ
925 5719 1277 5794 θυμιατήριον
1300 5725 1669 5797 προσήνεγκεν
1687 5725 1827 5796 ὑπὲρ
1845 5724 1939 5778 τοῦ

2053 5728 2283 5785 traditus
2318 5728 2532 5791 fuisset,
2562 5733 2847 5796 assumpto
2872 5724 3053 5780 Aaron
3092 5725 3391 5789 thuribulo,
3423 5725 3609 5779 incen-

376 5804 505 5859 λαοῦ
537 5808 597 5861 τὸ
628 5809 894 5881 θυμίαμω
928 5812 1024 5868 καὶ
1052 5812 1242 5887 nam
1266 5818 1302 5869 ό
1332 5815 1464 5881 Θεὸς
1523 5817 1600 5888 τῷ
1633 5816 1821 5890 πλήθει
1852 5817 1939 5873 διὰ

2053 5834 2167 5876 sum
2214 5833 2314 5891 pro
2358 5819 2557 5890 populo
2608 5818 2881 5886 adolevit,
2932 5832 2996 5874 ac
3043 5826 3263 5889 propter
3310 5814 3614 5874 sacerdotis
