  <div class='ocr_page' id='page_1' title='image "/cluster/home/n/w/nwhite01/storage/ocr_20150623/23:no.5/coo.31924054873033/209.png"; bbox 0 0 4098 6370; ppageno 0'>
   <div class='ocr_carea' id='block_1_1' title="bbox 493 310 595 367">
    <p class='ocr_par' dir='ltr' id='par_1_1' title="bbox 493 310 595 367">
     <span class='ocr_line' id='line_1_1' title="bbox 493 310 595 367; baseline -0.049 0"><span class='ocrx_word' id='word_1_1' title='bbox 493 310 595 367; x_wconf 77' lang='lat'><strong>587</strong></span> 
     </span>
    </p>
   </div>
   <div class='ocr_carea' id='block_1_2' title="bbox 1233 300 2045 376">
    <p class='ocr_par' dir='ltr' id='par_1_2' title="bbox 1233 300 2045 368">
     <span class='ocr_line' id='line_1_2' title="bbox 1233 300 2045 368; baseline 0.002 -3"><span class='ocrx_word' id='word_1_2' title='bbox 1233 311 1320 368; x_wconf 80' lang='grc' dir='ltr'><strong>ΕΙ]</strong></span> <span class='ocrx_word' id='word_1_3' title='bbox 1330 311 1499 367; x_wconf 87' lang='lat' dir='ltr'><strong>SEBII</strong></span> <span class='ocrx_word' id='word_1_4' title='bbox 1527 300 1647 368; x_wconf 65' lang='grc' dir='ltr'><strong>ὈΕ</strong></span> <span class='ocrx_word' id='word_1_5' title='bbox 1655 312 2008 368; x_wconf 77' lang='lat' dir='ltr'><strong>SARIENSIS</strong></span> <span class='ocrx_word' id='word_1_6' title='bbox 2040 322 2045 356; x_wconf 66' lang='lat'><strong>4</strong></span> 
     </span>
    </p>
   </div>
   <div class='ocr_carea' id='block_1_3' title="bbox 2147 300 3084 376">
    <p class='ocr_par' dir='ltr' id='par_1_3' title="bbox 2147 308 3084 376">
     <span class='ocr_line' id='line_1_3' title="bbox 2147 308 3084 376; baseline 0.013 -12"><span class='ocrx_word' id='word_1_7' title='bbox 2147 310 2190 364; x_wconf 65' lang='grc' dir='ltr'>Ρ.</span> <span class='ocrx_word' id='word_1_8' title='bbox 2231 308 2410 365; x_wconf 76' lang='lat' dir='ltr'><strong>PARS</strong></span> <span class='ocrx_word' id='word_1_9' title='bbox 2445 310 2534 367; x_wconf 84' lang='lat' dir='ltr'><strong>Ill.</strong></span> <span class='ocrx_word' id='word_1_10' title='bbox 2573 345 2642 356; x_wconf 91' lang='lat'>—</span> <span class='ocrx_word' id='word_1_11' title='bbox 2677 315 3084 376; x_wconf 75' lang='lat' dir='ltr'><strong>EXEGETICA.</strong></span> 
     </span>
    </p>
   </div>
   <div class='ocr_carea' id='block_1_4' title="bbox 3614 327 3722 383">
    <p class='ocr_par' dir='ltr' id='par_1_4' title="bbox 3614 327 3722 383">
     <span class='ocr_line' id='line_1_4' title="bbox 3614 327 3722 383; baseline 0.009 -1"><span class='ocrx_word' id='word_1_12' title='bbox 3614 327 3722 383; x_wconf 73' lang='lat'><strong>388</strong></span> 
     </span>
    </p>
   </div>
   <div class='ocr_carea' id='block_1_5' title="bbox 492 433 2045 517">
    <p class='ocr_par' dir='ltr' id='par_1_5' title="bbox 492 433 2045 505">
     <span class='ocr_line' id='line_1_5' title="bbox 492 433 2045 505; baseline 0.001 -17"><span class='ocrx_word' id='word_1_13' title='bbox 492 433 822 489; x_wconf 75' lang='lat' dir='ltr'><strong>oblationem</strong></span> <span class='ocrx_word' id='word_1_14' title='bbox 878 433 1123 504; x_wconf 79' lang='lat' dir='ltr'><strong>placatus</strong></span> <span class='ocrx_word' id='word_1_15' title='bbox 1170 444 1253 490; x_wconf 89' lang='lat' dir='ltr'><strong>est</strong></span> <span class='ocrx_word' id='word_1_16' title='bbox 1306 437 1504 505; x_wconf 89' lang='lat' dir='ltr'><strong>populo</strong></span> <span class='ocrx_word' id='word_1_17' title='bbox 1544 436 1717 503; x_wconf 88' lang='lat' dir='ltr'><strong>Deus;</strong></span> <span class='ocrx_word' id='word_1_18' title='bbox 1768 438 1841 491; x_wconf 89' lang='lat' dir='ltr'><strong>ita</strong></span> <span class='ocrx_word' id='word_1_19' title='bbox 1888 438 2045 491; x_wconf 87' lang='lat' dir='ltr'><strong>etiam</strong></span> 
     </span>
    </p>
   </div>
   <div class='ocr_carea' id='block_1_6' title="bbox 2147 433 3723 517">
    <p class='ocr_par' dir='ltr' id='par_1_6' title="bbox 2154 436 3723 517">
     <span class='ocr_line' id='line_1_6' title="bbox 2154 436 3723 517; baseline 0.007 -28"><span class='ocrx_word' id='word_1_20' title='bbox 2154 436 2250 508; x_wconf 82' lang='grc' dir='ltr'>τὴν</span> <span class='ocrx_word' id='word_1_21' title='bbox 2281 436 2374 489; x_wconf 76' lang='grc' dir='ltr'>τοῦ</span> <span class='ocrx_word' id='word_1_22' title='bbox 2409 437 2596 509; x_wconf 83' lang='grc' dir='ltr'><strong>ἱερέως</strong></span> <span class='ocrx_word' id='word_1_23' title='bbox 2657 439 3071 517; x_wconf 51' lang='grc' dir='ltr'>ἀναφοράνχτὸν</span> <span class='ocrx_word' id='word_1_24' title='bbox 3119 441 3279 494; x_wconf 84' lang='grc' dir='ltr'>αὐτὸν</span> <span class='ocrx_word' id='word_1_25' title='bbox 3309 442 3508 513; x_wconf 84' lang='grc' dir='ltr'><strong>τρόπον</strong></span> <span class='ocrx_word' id='word_1_26' title='bbox 3568 447 3664 499; x_wconf 79' lang='grc' dir='ltr'><strong>καὶ</strong></span> <span class='ocrx_word' id='word_1_27' title='bbox 3693 450 3723 500; x_wconf 85' lang='grc' dir='ltr'><strong>ὁ</strong></span> 
     </span>
    </p>
   </div>
   <div class='ocr_carea' id='block_1_7' title="bbox 494 526 2047 599">
    <p class='ocr_par' dir='ltr' id='par_1_7' title="bbox 494 526 2047 599">
     <span class='ocr_line' id='line_1_7' title="bbox 494 526 2047 599; baseline 0.003 -20"><span class='ocrx_word' id='word_1_28' title='bbox 494 526 694 580; x_wconf 87' lang='lat' dir='ltr'><strong>chorus</strong></span> <span class='ocrx_word' id='word_1_29' title='bbox 722 526 1098 594; x_wconf 84' lang='lat' dir='ltr'><strong>propheticus,</strong></span> <span class='ocrx_word' id='word_1_30' title='bbox 1126 533 1180 580; x_wconf 88' lang='lat' dir='ltr'><strong>et</strong></span> <span class='ocrx_word' id='word_1_31' title='bbox 1202 527 1405 597; x_wconf 85' lang='lat' dir='ltr'><strong>quique</strong></span> <span class='ocrx_word' id='word_1_32' title='bbox 1429 528 1584 597; x_wconf 82' lang='lat' dir='ltr'><strong>probi</strong></span> <span class='ocrx_word' id='word_1_33' title='bbox 1613 529 1715 583; x_wconf 88' lang='lat' dir='ltr'><strong>viri</strong></span> <span class='ocrx_word' id='word_1_34' title='bbox 1743 531 1797 583; x_wconf 92' lang='lat' dir='ltr'><strong>in</strong></span> <span class='ocrx_word' id='word_1_35' title='bbox 1828 530 2047 599; x_wconf 80' lang='lat' dir='ltr'><strong>pepulo,</strong></span> 
     </span>
    </p>
   </div>
   <div class='ocr_carea' id='block_1_8' title="bbox 492 617 2053 692">
    <p class='ocr_par' dir='ltr' id='par_1_8' title="bbox 492 617 2053 692">
     <span class='ocr_line' id='line_1_8' title="bbox 492 617 2053 692; baseline 0 -17"><span class='ocrx_word' id='word_1_36' title='bbox 492 618 817 675; x_wconf 77' lang='lat' dir='ltr'><strong>rationabile</strong></span> <span class='ocrx_word' id='word_1_37' title='bbox 840 617 1169 672; x_wconf 89' lang='lat' dir='ltr'><strong>sacrificium</strong></span> <span class='ocrx_word' id='word_1_38' title='bbox 1198 633 1356 672; x_wconf 89' lang='lat' dir='ltr'><strong>suum</strong></span> <span class='ocrx_word' id='word_1_39' title='bbox 1383 635 1479 689; x_wconf 89' lang='lat' dir='ltr'><strong>per</strong></span> <span class='ocrx_word' id='word_1_40' title='bbox 1507 621 1808 675; x_wconf 90' lang='lat' dir='ltr'><strong>orationem</strong></span> <span class='ocrx_word' id='word_1_41' title='bbox 1837 636 1935 692; x_wconf 87' lang='lat' dir='ltr'><strong>pro</strong></span> <span class='ocrx_word' id='word_1_42' title='bbox 1957 636 2053 692; x_wconf 84' lang='lat' dir='ltr'><strong>po-</strong></span> 
     </span>
    </p>
   </div>
   <div class='ocr_carea' id='block_1_9' title="bbox 494 707 2058 781">
    <p class='ocr_par' dir='ltr' id='par_1_9' title="bbox 494 707 2058 781">
     <span class='ocr_line' id='line_1_9' title="bbox 494 707 2058 781; baseline 0.001 -17"><span class='ocrx_word' id='word_1_43' title='bbox 494 710 623 781; x_wconf 92' lang='lat' dir='ltr'><strong>pulo</strong></span> <span class='ocrx_word' id='word_1_44' title='bbox 651 709 826 764; x_wconf 82' lang='lat' dir='ltr'><strong>fusam</strong></span> <span class='ocrx_word' id='word_1_45' title='bbox 853 707 1109 772; x_wconf 77' lang='lat' dir='ltr'><strong>oﬂerunt,</strong></span> <span class='ocrx_word' id='word_1_46' title='bbox 1132 716 1279 763; x_wconf 88' lang='lat' dir='ltr'><strong>recte</strong></span> <span class='ocrx_word' id='word_1_47' title='bbox 1305 708 1447 763; x_wconf 92' lang='lat' dir='ltr'><strong>facta</strong></span> <span class='ocrx_word' id='word_1_48' title='bbox 1477 725 1597 777; x_wconf 90' lang='lat' dir='ltr'><strong>sua,</strong></span> <span class='ocrx_word' id='word_1_49' title='bbox 1616 711 1734 765; x_wconf 92' lang='lat' dir='ltr'><strong>loco</strong></span> <span class='ocrx_word' id='word_1_50' title='bbox 1762 710 2058 765; x_wconf 63' lang='lat' dir='ltr'><strong>sacrificio.</strong></span> 
     </span>
    </p>
   </div>
   <div class='ocr_carea' id='block_1_10' title="bbox 494 801 2052 873">
    <p class='ocr_par' dir='ltr' id='par_1_10' title="bbox 494 801 2052 873">
     <span class='ocr_line' id='line_1_10' title="bbox 494 801 2052 873; baseline 0.001 -16"><span class='ocrx_word' id='word_1_51' title='bbox 494 818 613 857; x_wconf 91' lang='lat' dir='ltr'><strong>rum</strong></span> <span class='ocrx_word' id='word_1_52' title='bbox 666 809 721 854; x_wconf 89' lang='lat' dir='ltr'><strong>et</strong></span> <span class='ocrx_word' id='word_1_53' title='bbox 764 802 1103 855; x_wconf 87' lang='lat' dir='ltr'><strong>oblationum</strong></span> <span class='ocrx_word' id='word_1_54' title='bbox 1150 801 1278 855; x_wconf 88' lang='lat' dir='ltr'><strong>boni</strong></span> <span class='ocrx_word' id='word_1_55' title='bbox 1330 802 1536 870; x_wconf 90' lang='lat' dir='ltr'><strong>odoris,</strong></span> <span class='ocrx_word' id='word_1_56' title='bbox 1563 819 1661 873; x_wconf 88' lang='lat' dir='ltr'><strong>pro</strong></span> <span class='ocrx_word' id='word_1_57' title='bbox 1708 804 2052 860; x_wconf 79' lang='lat' dir='ltr'><strong>multitudine</strong></span> 
     </span>
    </p>
   </div>
   <div class='ocr_carea' id='block_1_11' title="bbox 490 890 2048 964">
    <p class='ocr_par' dir='ltr' id='par_1_11' title="bbox 490 890 2048 964">
     <span class='ocr_line' id='line_1_11' title="bbox 490 890 2048 964; baseline 0.001 -18"><span class='ocrx_word' id='word_1_58' title='bbox 490 894 599 948; x_wconf 83' lang='lat' dir='ltr'><strong>Deo</strong></span> <span class='ocrx_word' id='word_1_59' title='bbox 635 892 942 948; x_wconf 80' lang='lat' dir='ltr'><strong>offerentes.</strong></span> <span class='ocrx_word' id='word_1_60' title='bbox 988 890 1173 961; x_wconf 86' lang='lat' dir='ltr'><strong>Neque</strong></span> <span class='ocrx_word' id='word_1_61' title='bbox 1200 894 1343 945; x_wconf 88' lang='lat' dir='ltr'><strong>enim</strong></span> <span class='ocrx_word' id='word_1_62' title='bbox 1371 895 1624 948; x_wconf 83' lang='lat' dir='ltr'><strong>convenit</strong></span> <span class='ocrx_word' id='word_1_63' title='bbox 1650 895 1765 948; x_wconf 71' lang='lat' dir='ltr'><strong>haec</strong></span> <span class='ocrx_word' id='word_1_64' title='bbox 1791 894 2048 964; x_wconf 90' lang='lat' dir='ltr'><strong>populum</strong></span> 
     </span>
    </p>
   </div>
   <div class='ocr_carea' id='block_1_12' title="bbox 488 984 2051 1054">
    <p class='ocr_par' dir='ltr' id='par_1_12' title="bbox 488 984 2051 1054">
     <span class='ocr_line' id='line_1_12' title="bbox 488 984 2051 1054; baseline -0.001 -15"><span class='ocrx_word' id='word_1_65' title='bbox 488 986 690 1047; x_wconf 85' lang='lat' dir='ltr'><strong>dicere,</strong></span> <span class='ocrx_word' id='word_1_66' title='bbox 710 1000 885 1053; x_wconf 83' lang='lat' dir='ltr'><strong>neque</strong></span> <span class='ocrx_word' id='word_1_67' title='bbox 903 999 999 1039; x_wconf 90' lang='lat' dir='ltr'><strong>eos</strong></span> <span class='ocrx_word' id='word_1_68' title='bbox 1023 985 1115 1054; x_wconf 86' lang='lat' dir='ltr'><strong>qui</strong></span> <span class='ocrx_word' id='word_1_69' title='bbox 1143 985 1479 1054; x_wconf 87' lang='lat' dir='ltr'><strong>impietatum</strong></span> <span class='ocrx_word' id='word_1_70' title='bbox 1504 1001 1670 1041; x_wconf 80' lang='lat' dir='ltr'><strong>causa</strong></span> <span class='ocrx_word' id='word_1_71' title='bbox 1694 1001 1915 1040; x_wconf 89' lang='lat' dir='ltr'><strong>suarum</strong></span> <span class='ocrx_word' id='word_1_72' title='bbox 1947 984 2051 1038; x_wconf 88' lang='lat' dir='ltr'><strong>ini-</strong></span> 
     </span>
    </p>
   </div>
   <div class='ocr_carea' id='block_1_13' title="bbox 486 1071 2050 1144">
    <p class='ocr_par' dir='ltr' id='par_1_13' title="bbox 486 1071 2050 1144">
     <span class='ocr_line' id='line_1_13' title="bbox 486 1071 2050 1144; baseline 0.004 -20"><span class='ocrx_word' id='word_1_73' title='bbox 486 1072 645 1127; x_wconf 89' lang='lat' dir='ltr'><strong>micis</strong></span> <span class='ocrx_word' id='word_1_74' title='bbox 692 1073 879 1126; x_wconf 82' lang='lat' dir='ltr'><strong>traditi</strong></span> <span class='ocrx_word' id='word_1_75' title='bbox 923 1071 1158 1127; x_wconf 92' lang='lat' dir='ltr'><strong>fuerant.</strong></span> <span class='ocrx_word' id='word_1_76' title='bbox 1206 1071 1313 1126; x_wconf 85' lang='lat' dir='ltr'><strong>Sed</strong></span> <span class='ocrx_word' id='word_1_77' title='bbox 1360 1074 1814 1142; x_wconf 88' lang='lat' dir='ltr'><strong>quemadmodum</strong></span> <span class='ocrx_word' id='word_1_78' title='bbox 1865 1076 2050 1144; x_wconf 87' lang='lat' dir='ltr'><strong>populi</strong></span> 
     </span>
    </p>
   </div>
   <div class='ocr_carea' id='block_1_14' title="bbox 487 1165 2051 1237">
    <p class='ocr_par' dir='ltr' id='par_1_14' title="bbox 487 1165 2051 1237">
     <span class='ocr_line' id='line_1_14' title="bbox 487 1165 2051 1237; baseline 0.004 -19"><span class='ocrx_word' id='word_1_79' title='bbox 487 1165 827 1220; x_wconf 77' lang='lat' dir='ltr'><strong>calamitates</strong></span> <span class='ocrx_word' id='word_1_80' title='bbox 874 1165 932 1218; x_wconf 91' lang='lat' dir='ltr'><strong>in</strong></span> <span class='ocrx_word' id='word_1_81' title='bbox 976 1180 1035 1219; x_wconf 89' lang='lat' dir='ltr'><strong>se</strong></span> <span class='ocrx_word' id='word_1_82' title='bbox 1080 1166 1357 1234; x_wconf 71' lang='lat' dir='ltr'><strong>pr0pheta:</strong></span> <span class='ocrx_word' id='word_1_83' title='bbox 1384 1166 1742 1236; x_wconf 88' lang='lat' dir='ltr'><strong>recipiebant,</strong></span> <span class='ocrx_word' id='word_1_84' title='bbox 1778 1177 1833 1222; x_wconf 90' lang='lat' dir='ltr'><strong>et</strong></span> <span class='ocrx_word' id='word_1_85' title='bbox 1858 1170 1962 1237; x_wconf 89' lang='lat' dir='ltr'><strong>ipsi</strong></span> <span class='ocrx_word' id='word_1_86' title='bbox 1991 1183 2051 1224; x_wconf 86' lang='lat' dir='ltr'><strong>se</strong></span> 
     </span>
    </p>
   </div>
   <div class='ocr_carea' id='block_1_15' title="bbox 487 1258 2048 1329">
    <p class='ocr_par' dir='ltr' id='par_1_15' title="bbox 487 1258 2048 1329">
     <span class='ocr_line' id='line_1_15' title="bbox 487 1258 2048 1329; baseline 0.002 -19"><span class='ocrx_word' id='word_1_87' title='bbox 487 1258 617 1311; x_wconf 91' lang='lat' dir='ltr'><strong>talia</strong></span> <span class='ocrx_word' id='word_1_88' title='bbox 650 1272 842 1327; x_wconf 88' lang='lat' dir='ltr'><strong>passos</strong></span> <span class='ocrx_word' id='word_1_89' title='bbox 885 1273 1008 1313; x_wconf 78' lang='lat' dir='ltr'><strong>esse</strong></span> <span class='ocrx_word' id='word_1_90' title='bbox 1052 1258 1481 1328; x_wconf 89' lang='lat' dir='ltr'><strong>profitebantur;</strong></span> <span class='ocrx_word' id='word_1_91' title='bbox 1511 1259 1592 1313; x_wconf 89' lang='lat' dir='ltr'><strong>sic</strong></span> <span class='ocrx_word' id='word_1_92' title='bbox 1625 1270 1680 1314; x_wconf 87' lang='lat' dir='ltr'><strong>et</strong></span> <span class='ocrx_word' id='word_1_93' title='bbox 1709 1259 1850 1313; x_wconf 90' lang='lat' dir='ltr'><strong>bona</strong></span> <span class='ocrx_word' id='word_1_94' title='bbox 1882 1274 2048 1329; x_wconf 82' lang='lat' dir='ltr'><strong>Opera</strong></span> 
     </span>
    </p>
   </div>
   <div class='ocr_carea' id='block_1_16' title="bbox 487 1350 2052 1422">
    <p class='ocr_par' dir='ltr' id='par_1_16' title="bbox 487 1350 2052 1422">
     <span class='ocr_line' id='line_1_16' title="bbox 487 1350 2052 1422; baseline -0.001 -17"><span class='ocrx_word' id='word_1_95' title='bbox 487 1367 587 1405; x_wconf 88' lang='lat' dir='ltr'><strong>sua</strong></span> <span class='ocrx_word' id='word_1_96' title='bbox 622 1350 875 1405; x_wconf 90' lang='lat' dir='ltr'><strong>omnibus</strong></span> <span class='ocrx_word' id='word_1_97' title='bbox 913 1351 1223 1405; x_wconf 88' lang='lat' dir='ltr'><strong>communia</strong></span> <span class='ocrx_word' id='word_1_98' title='bbox 1255 1351 1517 1408; x_wconf 83' lang='lat' dir='ltr'><strong>eliiciunt.</strong></span> <span class='ocrx_word' id='word_1_99' title='bbox 1559 1350 1679 1406; x_wconf 89' lang='lat' dir='ltr'><strong>Non</strong></span> <span class='ocrx_word' id='word_1_100' title='bbox 1721 1352 1867 1406; x_wconf 90' lang='lat' dir='ltr'><strong>enim</strong></span> <span class='ocrx_word' id='word_1_101' title='bbox 1896 1352 2052 1422; x_wconf 87' lang='lat' dir='ltr'><strong>igno-</strong></span> 
     </span>
    </p>
   </div>
   <div class='ocr_carea' id='block_1_17' title="bbox 484 1441 2048 1511">
    <p class='ocr_par' dir='ltr' id='par_1_17' title="bbox 484 1441 2048 1511">
     <span class='ocr_line' id='line_1_17' title="bbox 484 1441 2048 1511; baseline -0.001 -15"><span class='ocrx_word' id='word_1_102' title='bbox 484 1442 678 1496; x_wconf 88' lang='lat' dir='ltr'><strong>rabant</strong></span> <span class='ocrx_word' id='word_1_103' title='bbox 724 1457 782 1497; x_wconf 90' lang='lat' dir='ltr'><strong>se</strong></span> <span class='ocrx_word' id='word_1_104' title='bbox 824 1443 991 1495; x_wconf 85' lang='lat' dir='ltr'><strong>totius</strong></span> <span class='ocrx_word' id='word_1_105' title='bbox 1022 1441 1270 1511; x_wconf 90' lang='lat' dir='ltr'><strong>corporis</strong></span> <span class='ocrx_word' id='word_1_106' title='bbox 1299 1443 1539 1497; x_wconf 90' lang='lat' dir='ltr'><strong>membra</strong></span> <span class='ocrx_word' id='word_1_107' title='bbox 1562 1458 1683 1498; x_wconf 85' lang='lat' dir='ltr'><strong>esse</strong></span> <span class='ocrx_word' id='word_1_108' title='bbox 1714 1462 1726 1497; x_wconf 89' lang='lat'>:</span> <span class='ocrx_word' id='word_1_109' title='bbox 1759 1449 2048 1497; x_wconf 87' lang='lat' dir='ltr'><strong>consenta-</strong></span> 
     </span>
    </p>
   </div>
   <div class='ocr_carea' id='block_1_18' title="bbox 484 1534 2046 1605">
    <p class='ocr_par' dir='ltr' id='par_1_18' title="bbox 484 1534 2046 1605">
     <span class='ocr_line' id='line_1_18' title="bbox 484 1534 2046 1605; baseline -0.001 -17"><span class='ocrx_word' id='word_1_110' title='bbox 484 1550 647 1590; x_wconf 84' lang='lat' dir='ltr'><strong>neum</strong></span> <span class='ocrx_word' id='word_1_111' title='bbox 683 1542 864 1589; x_wconf 89' lang='lat' dir='ltr'><strong>autem</strong></span> <span class='ocrx_word' id='word_1_112' title='bbox 889 1541 1006 1589; x_wconf 89' lang='lat' dir='ltr'><strong>erat</strong></span> <span class='ocrx_word' id='word_1_113' title='bbox 1038 1541 1098 1588; x_wconf 90' lang='lat' dir='ltr'><strong>ut</strong></span> <span class='ocrx_word' id='word_1_114' title='bbox 1126 1549 1236 1588; x_wconf 91' lang='lat' dir='ltr'><strong>uno</strong></span> <span class='ocrx_word' id='word_1_115' title='bbox 1257 1534 1499 1589; x_wconf 90' lang='lat' dir='ltr'><strong>membro</strong></span> <span class='ocrx_word' id='word_1_116' title='bbox 1519 1535 1776 1605; x_wconf 85' lang='lat' dir='ltr'><strong>patiente,</strong></span> <span class='ocrx_word' id='word_1_117' title='bbox 1806 1548 1913 1587; x_wconf 90' lang='lat' dir='ltr'><strong>una</strong></span> <span class='ocrx_word' id='word_1_118' title='bbox 1946 1549 2046 1603; x_wconf 80' lang='lat' dir='ltr'><strong>pa-</strong></span> 
     </span>
    </p>
   </div>
   <div class='ocr_carea' id='block_1_19' title="bbox 484 1625 2045 1696">
    <p class='ocr_par' dir='ltr' id='par_1_19' title="bbox 484 1625 2045 1696">
     <span class='ocr_line' id='line_1_19' title="bbox 484 1625 2045 1696; baseline -0.001 -18"><span class='ocrx_word' id='word_1_119' title='bbox 484 1632 731 1680; x_wconf 87' lang='lat' dir='ltr'><strong>terentur</strong></span> <span class='ocrx_word' id='word_1_120' title='bbox 763 1626 869 1680; x_wconf 89' lang='lat' dir='ltr'><strong>alia</strong></span> <span class='ocrx_word' id='word_1_121' title='bbox 899 1626 1171 1693; x_wconf 87' lang='lat' dir='ltr'><strong>membra;</strong></span> <span class='ocrx_word' id='word_1_122' title='bbox 1206 1634 1369 1696; x_wconf 89' lang='lat' dir='ltr'><strong>atque</strong></span> <span class='ocrx_word' id='word_1_123' title='bbox 1398 1642 1509 1681; x_wconf 91' lang='lat' dir='ltr'><strong>uno</strong></span> <span class='ocrx_word' id='word_1_124' title='bbox 1538 1626 1782 1681; x_wconf 85' lang='lat' dir='ltr'><strong>membro</strong></span> <span class='ocrx_word' id='word_1_125' title='bbox 1820 1625 2045 1695; x_wconf 82' lang='lat' dir='ltr'><strong>gloriam</strong></span> 
     </span>
    </p>
   </div>
   <div class='ocr_carea' id='block_1_20' title="bbox 482 1716 2047 1789">
    <p class='ocr_par' dir='ltr' id='par_1_20' title="bbox 482 1716 2047 1789">
     <span class='ocr_line' id='line_1_20' title="bbox 482 1716 2047 1789; baseline -0.001 -18"><span class='ocrx_word' id='word_1_126' title='bbox 482 1717 772 1783; x_wconf 87' lang='lat' dir='ltr'><strong>referente,</strong></span> <span class='ocrx_word' id='word_1_127' title='bbox 808 1719 992 1773; x_wconf 88' lang='lat' dir='ltr'><strong>omnia</strong></span> <span class='ocrx_word' id='word_1_128' title='bbox 1034 1720 1278 1773; x_wconf 91' lang='lat' dir='ltr'><strong>membra</strong></span> <span class='ocrx_word' id='word_1_129' title='bbox 1329 1718 1386 1772; x_wconf 91' lang='lat' dir='ltr'><strong>in</strong></span> <span class='ocrx_word' id='word_1_130' title='bbox 1436 1726 1639 1789; x_wconf 87' lang='lat' dir='ltr'><strong>partem</strong></span> <span class='ocrx_word' id='word_1_131' title='bbox 1666 1716 1847 1787; x_wconf 90' lang='lat' dir='ltr'><strong>gaudii</strong></span> <span class='ocrx_word' id='word_1_132' title='bbox 1894 1717 2047 1771; x_wconf 90' lang='lat' dir='ltr'><strong>veui-</strong></span> 
     </span>
    </p>
   </div>
   <div class='ocr_carea' id='block_1_21' title="bbox 2154 527 3722 606">
    <p class='ocr_par' dir='ltr' id='par_1_21' title="bbox 2154 527 3722 606">
     <span class='ocr_line' id='line_1_21' title="bbox 2154 527 3722 606; baseline 0.008 -27"><span class='ocrx_word' id='word_1_133' title='bbox 2154 527 2309 598; x_wconf 77' lang='grc' dir='ltr'>χορὸς</span> <span class='ocrx_word' id='word_1_134' title='bbox 2334 530 2362 581; x_wconf 88' lang='grc' dir='ltr'><strong>ὁ</strong></span> <span class='ocrx_word' id='word_1_135' title='bbox 2388 528 2739 599; x_wconf 83' lang='grc' dir='ltr'>προφητικὺς,</span> <span class='ocrx_word' id='word_1_136' title='bbox 2768 531 2861 584; x_wconf 54' lang='grc' dir='ltr'><strong>καὶ⁵</strong></span> <span class='ocrx_word' id='word_1_137' title='bbox 2892 532 2942 583; x_wconf 87' lang='grc' dir='ltr'><strong>οί</strong></span> <span class='ocrx_word' id='word_1_138' title='bbox 2993 533 3050 586; x_wconf 78' lang='grc' dir='ltr'>ὲν</span> <span class='ocrx_word' id='word_1_139' title='bbox 3078 533 3156 604; x_wconf 85' lang='grc' dir='ltr'>τῷ</span> <span class='ocrx_word' id='word_1_140' title='bbox 3190 533 3304 604; x_wconf 78' lang='grc' dir='ltr'><strong>λαῷ</strong></span> <span class='ocrx_word' id='word_1_141' title='bbox 3334 536 3722 606; x_wconf 79' lang='grc' dir='ltr'><strong>κατορθοῦντες</strong></span> 
     </span>
    </p>
   </div>
   <div class='ocr_carea' id='block_1_22' title="bbox 2150 619 3723 697">
    <p class='ocr_par' dir='ltr' id='par_1_22' title="bbox 2150 619 3723 697">
     <span class='ocr_line' id='line_1_22' title="bbox 2150 619 3723 697; baseline 0.01 -27"><span class='ocrx_word' id='word_1_142' title='bbox 2150 619 2249 690; x_wconf 84' lang='grc' dir='ltr'><strong>τὴν</strong></span> <span class='ocrx_word' id='word_1_143' title='bbox 2280 619 2501 690; x_wconf 83' lang='grc' dir='ltr'>λογικὴν</span> <span class='ocrx_word' id='word_1_144' title='bbox 2553 620 2730 674; x_wconf 83' lang='grc' dir='ltr'>αὐτῶν</span> <span class='ocrx_word' id='word_1_145' title='bbox 2792 620 2982 676; x_wconf 84' lang='grc' dir='ltr'>θυσίαν</span> <span class='ocrx_word' id='word_1_146' title='bbox 3028 623 3116 677; x_wconf 85' lang='grc' dir='ltr'><strong>διὰ</strong></span> <span class='ocrx_word' id='word_1_147' title='bbox 3148 626 3246 694; x_wconf 79' lang='grc' dir='ltr'><strong>τῆς</strong></span> <span class='ocrx_word' id='word_1_148' title='bbox 3294 626 3436 697; x_wconf 85' lang='grc' dir='ltr'>ὑπὲρ</span> <span class='ocrx_word' id='word_1_149' title='bbox 3465 627 3558 680; x_wconf 81' lang='grc' dir='ltr'>τοῦ</span> <span class='ocrx_word' id='word_1_150' title='bbox 3591 630 3723 685; x_wconf 74' lang='grc' dir='ltr'>λαοῦ</span> 
     </span>
    </p>
   </div>
   <div class='ocr_carea' id='block_1_23' title="bbox 2150 710 3723 788">
    <p class='ocr_par' dir='ltr' id='par_1_23' title="bbox 2150 710 3723 788">
     <span class='ocr_line' id='line_1_23' title="bbox 2150 710 3723 788; baseline 0.008 -25"><span class='ocrx_word' id='word_1_151' title='bbox 2150 710 2314 781; x_wconf 81' lang='grc' dir='ltr'>εὐχῆς</span> <span class='ocrx_word' id='word_1_152' title='bbox 2345 710 2745 781; x_wconf 85' lang='grc' dir='ltr'>ἀναπέμπουσι,</span> <span class='ocrx_word' id='word_1_153' title='bbox 2777 712 2846 764; x_wconf 86' lang='grc' dir='ltr'>τὰ</span> <span class='ocrx_word' id='word_1_154' title='bbox 2871 716 3042 767; x_wconf 79' lang='grc' dir='ltr'>οἰκεῖα</span> <span class='ocrx_word' id='word_1_155' title='bbox 3073 717 3470 788; x_wconf 81' lang='grc' dir='ltr'><strong>κατορθώματα</strong></span> <span class='ocrx_word' id='word_1_156' title='bbox 3486 720 3605 773; x_wconf 77' lang='grc' dir='ltr'>ἀντὶ</span> <span class='ocrx_word' id='word_1_157' title='bbox 3631 720 3723 777; x_wconf 84' lang='grc' dir='ltr'>θυ-</span> 
     </span>
    </p>
   </div>
   <div class='ocr_carea' id='block_1_24' title="bbox 2154 802 3723 886">
    <p class='ocr_par' dir='ltr' id='par_1_24' title="bbox 2154 802 3723 886">
     <span class='ocr_line' id='line_1_24' title="bbox 2154 802 3723 886; baseline 0.008 -32"><span class='ocrx_word' id='word_1_158' title='bbox 2154 802 2271 865; x_wconf 83' lang='grc' dir='ltr'><strong>σίας</strong></span> <span class='ocrx_word' id='word_1_159' title='bbox 2303 802 2398 856; x_wconf 78' lang='grc' dir='ltr'>καὶ</span> <span class='ocrx_word' id='word_1_160' title='bbox 2430 803 2770 874; x_wconf 79' lang='grc' dir='ltr'><strong>θυμιάματος</strong></span> <span class='ocrx_word' id='word_1_161' title='bbox 2800 805 3029 870; x_wconf 75' lang='grc' dir='ltr'>εὐώδους</span> <span class='ocrx_word' id='word_1_162' title='bbox 3085 809 3222 880; x_wconf 85' lang='grc' dir='ltr'>ὑπὲρ</span> <span class='ocrx_word' id='word_1_163' title='bbox 3248 810 3343 862; x_wconf 80' lang='grc' dir='ltr'>τοῦ</span> <span class='ocrx_word' id='word_1_164' title='bbox 3375 810 3613 882; x_wconf 80' lang='grc' dir='ltr'><strong>πλήθους</strong></span> <span class='ocrx_word' id='word_1_165' title='bbox 3641 813 3723 886; x_wconf 84' lang='grc' dir='ltr'>τῷ</span> 
     </span>
    </p>
   </div>
   <div class='ocr_carea' id='block_1_25' title="bbox 2150 892 3720 976">
    <p class='ocr_par' dir='ltr' id='par_1_25' title="bbox 2150 892 3720 976">
     <span class='ocr_line' id='line_1_25' title="bbox 2150 892 3720 976; baseline 0.01 -32"><span class='ocrx_word' id='word_1_166' title='bbox 2150 892 2268 963; x_wconf 86' lang='grc' dir='ltr'>Θεῷ</span> <span class='ocrx_word' id='word_1_167' title='bbox 2290 895 2676 964; x_wconf 81' lang='grc' dir='ltr'>προσάγοντες.</span> <span class='ocrx_word' id='word_1_168' title='bbox 2709 896 2785 948; x_wconf 85' lang='grc' dir='ltr'>Ού</span> <span class='ocrx_word' id='word_1_169' title='bbox 2811 896 2920 966; x_wconf 85' lang='grc' dir='ltr'>γὰρ</span> <span class='ocrx_word' id='word_1_170' title='bbox 2953 899 3181 969; x_wconf 74' lang='grc' dir='ltr'>ἁρμόζει</span> <span class='ocrx_word' id='word_1_171' title='bbox 3223 900 3397 956; x_wconf 76' lang='grc' dir='ltr'>ταῦτα</span> <span class='ocrx_word' id='word_1_172' title='bbox 3421 903 3500 975; x_wconf 82' lang='grc' dir='ltr'>τῷ</span> <span class='ocrx_word' id='word_1_173' title='bbox 3526 903 3720 976; x_wconf 85' lang='grc' dir='ltr'>πλήθει</span> 
     </span>
    </p>
   </div>
   <div class='ocr_carea' id='block_1_26' title="bbox 2151 983 3719 1066">
    <p class='ocr_par' dir='ltr' id='par_1_26' title="bbox 2151 983 3719 1066">
     <span class='ocr_line' id='line_1_26' title="bbox 2151 983 3719 1066; baseline 0.01 -31"><span class='ocrx_word' id='word_1_174' title='bbox 2151 983 2345 1051; x_wconf 88' lang='grc' dir='ltr'>λέγειν,</span> <span class='ocrx_word' id='word_1_175' title='bbox 2365 985 2486 1038; x_wconf 81' lang='grc' dir='ltr'>οὐδὲ</span> <span class='ocrx_word' id='word_1_176' title='bbox 2505 988 2616 1049; x_wconf 86' lang='grc' dir='ltr'>τοῖς</span> <span class='ocrx_word' id='word_1_177' title='bbox 2646 984 2734 1039; x_wconf 78' lang='grc' dir='ltr'>διὰ</span> <span class='ocrx_word' id='word_1_178' title='bbox 2763 985 2864 1051; x_wconf 80' lang='grc' dir='ltr'><strong>τὰς</strong></span> <span class='ocrx_word' id='word_1_179' title='bbox 2894 988 3149 1055; x_wconf 90' lang='grc' dir='ltr'>ἀσεϐείας</span> <span class='ocrx_word' id='word_1_180' title='bbox 3165 991 3343 1046; x_wconf 81' lang='grc' dir='ltr'>αὐτῶν</span> <span class='ocrx_word' id='word_1_181' title='bbox 3361 995 3475 1057; x_wconf 85' lang='grc' dir='ltr'>τοῖς</span> <span class='ocrx_word' id='word_1_182' title='bbox 3505 995 3719 1066; x_wconf 73' lang='grc' dir='ltr'>ἐχθροῖς</span> 
     </span>
    </p>
   </div>
   <div class='ocr_carea' id='block_1_27' title="bbox 2150 1076 3720 1156">
    <p class='ocr_par' dir='ltr' id='par_1_27' title="bbox 2150 1076 3720 1156">
     <span class='ocr_line' id='line_1_27' title="bbox 2150 1076 3720 1156; baseline 0.01 -29"><span class='ocrx_word' id='word_1_183' title='bbox 2150 1076 2618 1147; x_wconf 90' lang='grc' dir='ltr'>παραδεδομένοις·</span> <span class='ocrx_word' id='word_1_184' title='bbox 2675 1078 2786 1131; x_wconf 86' lang='grc' dir='ltr'>ἀλλ’</span> <span class='ocrx_word' id='word_1_185' title='bbox 2819 1077 3007 1151; x_wconf 81' lang='grc' dir='ltr'>ὥσπερ</span> <span class='ocrx_word' id='word_1_186' title='bbox 3048 1082 3116 1136; x_wconf 82' lang='grc' dir='ltr'><strong>τὰ</strong></span> <span class='ocrx_word' id='word_1_187' title='bbox 3173 1083 3318 1156; x_wconf 86' lang='grc' dir='ltr'>πάθη</span> <span class='ocrx_word' id='word_1_188' title='bbox 3348 1086 3443 1140; x_wconf 82' lang='grc' dir='ltr'>τοῦ</span> <span class='ocrx_word' id='word_1_189' title='bbox 3475 1087 3606 1142; x_wconf 82' lang='grc' dir='ltr'>λαοῦ</span> <span class='ocrx_word' id='word_1_190' title='bbox 3638 1089 3720 1153; x_wconf 84' lang='grc' dir='ltr'><strong>είς</strong></span> 
     </span>
    </p>
   </div>
   <div class='ocr_carea' id='block_1_28' title="bbox 2149 1169 3718 1244">
    <p class='ocr_par' dir='ltr' id='par_1_28' title="bbox 2149 1169 3718 1244">
     <span class='ocr_line' id='line_1_28' title="bbox 2149 1169 3718 1244; baseline 0.008 -22"><span class='ocrx_word' id='word_1_191' title='bbox 2149 1169 2374 1232; x_wconf 79' lang='grc' dir='ltr'>ἑαυτοὺς</span> <span class='ocrx_word' id='word_1_192' title='bbox 2405 1169 2776 1240; x_wconf 89' lang='grc' dir='ltr'>ἀνελάμϐανον</span> <span class='ocrx_word' id='word_1_193' title='bbox 2800 1173 2851 1225; x_wconf 82' lang='lat' dir='ltr'><strong>oi</strong></span> <span class='ocrx_word' id='word_1_194' title='bbox 2903 1175 3199 1244; x_wconf 82' lang='grc' dir='ltr'>προφῆται,</span> <span class='ocrx_word' id='word_1_195' title='bbox 3234 1178 3329 1232; x_wconf 64' lang='grc' dir='ltr'><strong>καλ⁵</strong></span> <span class='ocrx_word' id='word_1_196' title='bbox 3360 1179 3512 1232; x_wconf 79' lang='grc' dir='ltr'>αὐτοὶ</span> <span class='ocrx_word' id='word_1_197' title='bbox 3544 1180 3718 1235; x_wconf 80' lang='grc' dir='ltr'>ταῦτα</span> 
     </span>
    </p>
   </div>
   <div class='ocr_carea' id='block_1_29' title="bbox 2149 1258 3717 1342">
    <p class='ocr_par' dir='ltr' id='par_1_29' title="bbox 2149 1258 3717 1342">
     <span class='ocr_line' id='line_1_29' title="bbox 2149 1258 3717 1342; baseline 0.008 -30"><span class='ocrx_word' id='word_1_198' title='bbox 2149 1259 2474 1313; x_wconf 77' lang='grc' dir='ltr'>πεπονθέναι</span> <span class='ocrx_word' id='word_1_199' title='bbox 2498 1258 2753 1329; x_wconf 72' lang='grc' dir='ltr'>ἔφασκον·</span> <span class='ocrx_word' id='word_1_200' title='bbox 2780 1261 2922 1316; x_wconf 78' lang='grc' dir='ltr'>οὕτω</span> <span class='ocrx_word' id='word_1_201' title='bbox 2957 1264 3026 1317; x_wconf 84' lang='grc' dir='ltr'>τὰ</span> <span class='ocrx_word' id='word_1_202' title='bbox 3071 1266 3275 1321; x_wconf 80' lang='grc' dir='ltr'>ἑαυτῶν</span> <span class='ocrx_word' id='word_1_203' title='bbox 3317 1269 3717 1342; x_wconf 82' lang='grc' dir='ltr'>κατορθώματα</span> 
     </span>
    </p>
   </div>
   <div class='ocr_carea' id='block_1_30' title="bbox 2149 1352 3718 1429">
    <p class='ocr_par' dir='ltr' id='par_1_30' title="bbox 2149 1352 3718 1429">
     <span class='ocr_line' id='line_1_30' title="bbox 2149 1352 3718 1429; baseline 0.007 -24"><span class='ocrx_word' id='word_1_204' title='bbox 2149 1352 2535 1405; x_wconf 78' lang='grc' dir='ltr'>κοινοποιΟὖσιν</span> <span class='ocrx_word' id='word_1_205' title='bbox 2592 1355 2671 1417; x_wconf 85' lang='grc' dir='ltr'><strong>είς</strong></span> <span class='ocrx_word' id='word_1_206' title='bbox 2703 1354 2930 1418; x_wconf 81' lang='grc' dir='ltr'>πάντας.</span> <span class='ocrx_word' id='word_1_207' title='bbox 2979 1357 3054 1409; x_wconf 88' lang='grc' dir='ltr'><strong>Οὐ</strong></span> <span class='ocrx_word' id='word_1_208' title='bbox 3083 1357 3192 1429; x_wconf 89' lang='grc' dir='ltr'>γὰρ</span> <span class='ocrx_word' id='word_1_209' title='bbox 3220 1359 3444 1429; x_wconf 73' lang='grc' dir='ltr'>ἠγνόουν</span> <span class='ocrx_word' id='word_1_210' title='bbox 3495 1361 3718 1428; x_wconf 77' lang='grc' dir='ltr'>ἑαυτοὺς</span> 
     </span>
    </p>
   </div>
   <div class='ocr_carea' id='block_1_31' title="bbox 2147 1440 3714 1524">
    <p class='ocr_par' dir='ltr' id='par_1_31' title="bbox 2147 1440 3714 1524">
     <span class='ocr_line' id='line_1_31' title="bbox 2147 1440 3714 1524; baseline 0.006 -27"><span class='ocrx_word' id='word_1_211' title='bbox 2147 1440 2284 1497; x_wconf 82' lang='grc' dir='ltr'>εἷναι</span> <span class='ocrx_word' id='word_1_212' title='bbox 2339 1442 2472 1514; x_wconf 83' lang='grc' dir='ltr'>μέλη</span> <span class='ocrx_word' id='word_1_213' title='bbox 2503 1443 2596 1496; x_wconf 84' lang='grc' dir='ltr'>τοῦ</span> <span class='ocrx_word' id='word_1_214' title='bbox 2654 1446 2851 1510; x_wconf 86' lang='grc' dir='ltr'>παντὸς</span> <span class='ocrx_word' id='word_1_215' title='bbox 2901 1445 3171 1518; x_wconf 87' lang='grc' dir='ltr'>σώματος·</span> <span class='ocrx_word' id='word_1_216' title='bbox 3217 1450 3507 1506; x_wconf 89' lang='grc' dir='ltr'>ἀκόλουθον</span> <span class='ocrx_word' id='word_1_217' title='bbox 3536 1442 3599 1505; x_wconf 70' lang='grc' dir='ltr'><strong>δὲ⁵</strong></span> <span class='ocrx_word' id='word_1_218' title='bbox 3626 1449 3714 1524; x_wconf 81' lang='grc' dir='ltr'>ἦν,</span> 
     </span>
    </p>
   </div>
   <div class='ocr_carea' id='block_1_32' title="bbox 2148 1537 3714 1618">
    <p class='ocr_par' dir='ltr' id='par_1_32' title="bbox 2148 1537 3714 1618">
     <span class='ocr_line' id='line_1_32' title="bbox 2148 1537 3714 1618; baseline 0.004 -28"><span class='ocrx_word' id='word_1_219' title='bbox 2148 1537 2444 1607; x_wconf 83' lang='grc' dir='ltr'>πάσχοντος</span> <span class='ocrx_word' id='word_1_220' title='bbox 2478 1537 2671 1607; x_wconf 82' lang='grc' dir='ltr'>μέλους</span> <span class='ocrx_word' id='word_1_221' title='bbox 2703 1537 2842 1602; x_wconf 79' lang='grc' dir='ltr'>ἐνὸς,</span> <span class='ocrx_word' id='word_1_222' title='bbox 2875 1540 3212 1611; x_wconf 88' lang='grc' dir='ltr'>συμπάσχειν</span> <span class='ocrx_word' id='word_1_223' title='bbox 3246 1543 3422 1596; x_wconf 84' lang='grc' dir='ltr'>πάντα</span> <span class='ocrx_word' id='word_1_224' title='bbox 3454 1543 3520 1597; x_wconf 85' lang='grc' dir='ltr'><strong>τά</strong></span> <span class='ocrx_word' id='word_1_225' title='bbox 3557 1547 3714 1618; x_wconf 81' lang='grc' dir='ltr'>μέλη,</span> 
     </span>
    </p>
   </div>
   <div class='ocr_carea' id='block_1_33' title="bbox 2147 1627 3717 1706">
    <p class='ocr_par' dir='ltr' id='par_1_33' title="bbox 2147 1627 3717 1706">
     <span class='ocr_line' id='line_1_33' title="bbox 2147 1627 3717 1706; baseline 0.007 -25"><span class='ocrx_word' id='word_1_226' title='bbox 2147 1629 2239 1681; x_wconf 76' lang='grc' dir='ltr'><strong>καὶ</strong></span> <span class='ocrx_word' id='word_1_227' title='bbox 2269 1627 2623 1698; x_wconf 77' lang='grc' dir='ltr'>δοξαζομένου</span> <span class='ocrx_word' id='word_1_228' title='bbox 2658 1628 2817 1681; x_wconf 82' lang='grc' dir='ltr'>πάλιν</span> <span class='ocrx_word' id='word_1_229' title='bbox 2845 1629 3059 1700; x_wconf 77' lang='grc' dir='ltr'>μέλους,</span> <span class='ocrx_word' id='word_1_230' title='bbox 3109 1635 3418 1706; x_wconf 87' lang='grc' dir='ltr'>συγχαίρειν</span> <span class='ocrx_word' id='word_1_231' title='bbox 3445 1636 3622 1691; x_wconf 85' lang='grc' dir='ltr'>πάντα</span> <span class='ocrx_word' id='word_1_232' title='bbox 3648 1640 3717 1693; x_wconf 77' lang='grc' dir='ltr'><strong>τά</strong></span> 
     </span>
    </p>
   </div>
   <div class='ocr_carea' id='block_1_34' title="bbox 2150 1720 3720 1798">
    <p class='ocr_par' dir='ltr' id='par_1_34' title="bbox 2150 1720 3720 1798">
     <span class='ocr_line' id='line_1_34' title="bbox 2150 1720 3720 1798; baseline 0.006 -24"><span class='ocrx_word' id='word_1_233' title='bbox 2150 1720 2303 1793; x_wconf 86' lang='grc' dir='ltr'>μέλη.</span> <span class='ocrx_word' id='word_1_234' title='bbox 2338 1722 2521 1775; x_wconf 85' lang='grc' dir='ltr'>Πάντα</span> <span class='ocrx_word' id='word_1_235' title='bbox 2551 1720 2749 1785; x_wconf 82' lang='grc' dir='ltr'>τοίνυν,</span> <span class='ocrx_word' id='word_1_236' title='bbox 2786 1724 2969 1791; x_wconf 77' lang='grc' dir='ltr'>φασὶν,</span> <span class='ocrx_word' id='word_1_237' title='bbox 3014 1724 3050 1777; x_wconf 83' lang='grc' dir='ltr'>ἃ</span> <span class='ocrx_word' id='word_1_238' title='bbox 3083 1728 3487 1798; x_wconf 86' lang='grc' dir='ltr'>προειρήκαμεν</span> <span class='ocrx_word' id='word_1_239' title='bbox 3518 1732 3720 1785; x_wconf 89' lang='grc' dir='ltr'>πεπόν-</span> 
     </span>
    </p>
   </div>
   <div class='ocr_carea' id='block_1_35' title="bbox 483 1786 2045 1895">
    <p class='ocr_par' dir='ltr' id='par_1_35' title="bbox 483 1806 2045 1883">
     <span class='ocr_line' id='line_1_35' title="bbox 483 1806 2045 1883; baseline -0.004 -18"><span class='ocrx_word' id='word_1_240' title='bbox 483 1818 624 1865; x_wconf 89' lang='lat' dir='ltr'><strong>rent.</strong></span> <span class='ocrx_word' id='word_1_241' title='bbox 658 1809 851 1865; x_wconf 89' lang='lat' dir='ltr'><strong>Omnia</strong></span> <span class='ocrx_word' id='word_1_242' title='bbox 896 1825 1047 1881; x_wconf 82' lang='lat' dir='ltr'><strong>ergo,</strong></span> <span class='ocrx_word' id='word_1_243' title='bbox 1082 1811 1358 1883; x_wconf 84' lang='lat' dir='ltr'><strong>inquiunt,</strong></span> <span class='ocrx_word' id='word_1_244' title='bbox 1411 1825 1531 1880; x_wconf 67' lang='lat' dir='ltr'><strong>quae</strong></span> <span class='ocrx_word' id='word_1_245' title='bbox 1573 1822 1675 1864; x_wconf 91' lang='lat' dir='ltr'><strong>nos</strong></span> <span class='ocrx_word' id='word_1_246' title='bbox 1724 1806 2045 1862; x_wconf 84' lang='lat' dir='ltr'><strong>memoravi-</strong></span> 
     </span>
    </p>
   </div>
   <div class='ocr_carea' id='block_1_36' title="bbox 2147 1786 3718 1895">
    <p class='ocr_par' dir='ltr' id='par_1_36' title="bbox 2148 1786 3718 1895">
     <span class='ocr_line' id='line_1_36' title="bbox 2148 1786 3718 1895; baseline 0.006 -30"><span class='ocrx_word' id='word_1_247' title='bbox 2148 1786 2335 1883; x_wconf 74' lang='grc' dir='ltr'>θαμεν·</span> <span class='ocrx_word' id='word_1_248' title='bbox 2362 1812 2476 1867; x_wconf 78' lang='grc' dir='ltr'>ἀλλ’</span> <span class='ocrx_word' id='word_1_249' title='bbox 2496 1815 2643 1884; x_wconf 79' lang='grc' dir='ltr'>ἡμᾶς</span> <span class='ocrx_word' id='word_1_250' title='bbox 2677 1786 2880 1866; x_wconf 75' lang='grc' dir='ltr'>τούτων</span> <span class='ocrx_word' id='word_1_251' title='bbox 2912 1786 3061 1868; x_wconf 79' lang='grc' dir='ltr'>ούδὲν</span> <span class='ocrx_word' id='word_1_252' title='bbox 3094 1786 3423 1890; x_wconf 66' lang='grc' dir='ltr'>παρεκίνησε</span> <span class='ocrx_word' id='word_1_253' title='bbox 3457 1820 3557 1887; x_wconf 75' lang='grc' dir='ltr'><strong>τῆς</strong></span> <span class='ocrx_word' id='word_1_254' title='bbox 3590 1822 3718 1895; x_wconf 76' lang='grc' dir='ltr'><strong>περῖ⁵</strong></span> 
     </span>
    </p>
   </div>
   <div class='ocr_carea' id='block_1_37' title="bbox 482 1900 2047 1974">
    <p class='ocr_par' dir='ltr' id='par_1_37' title="bbox 482 1900 2047 1974">
     <span class='ocr_line' id='line_1_37' title="bbox 482 1900 2047 1974; baseline -0.003 -17"><span class='ocrx_word' id='word_1_255' title='bbox 482 1919 628 1967; x_wconf 91' lang='lat' dir='ltr'><strong>mus,</strong></span> <span class='ocrx_word' id='word_1_256' title='bbox 660 1906 802 1957; x_wconf 91' lang='lat' dir='ltr'><strong>mala</strong></span> <span class='ocrx_word' id='word_1_257' title='bbox 836 1905 1189 1974; x_wconf 89' lang='lat' dir='ltr'><strong>pertulimus;</strong></span> <span class='ocrx_word' id='word_1_258' title='bbox 1222 1904 1317 1958; x_wconf 87' lang='lat' dir='ltr'><strong>sed</strong></span> <span class='ocrx_word' id='word_1_259' title='bbox 1362 1903 1495 1957; x_wconf 91' lang='lat' dir='ltr'><strong>nihil</strong></span> <span class='ocrx_word' id='word_1_260' title='bbox 1518 1917 1707 1957; x_wconf 91' lang='lat' dir='ltr'><strong>eorum</strong></span> <span class='ocrx_word' id='word_1_261' title='bbox 1751 1915 1854 1955; x_wconf 88' lang='lat' dir='ltr'><strong>nos</strong></span> <span class='ocrx_word' id='word_1_262' title='bbox 1897 1915 1928 1953; x_wconf 90' lang='lat' dir='ltr'><strong>a</strong></span> <span class='ocrx_word' id='word_1_263' title='bbox 1971 1900 2047 1954; x_wconf 92' lang='lat' dir='ltr'><strong>lui</strong></span> 
     </span>
    </p>
   </div>
   <div class='ocr_carea' id='block_1_38' title="bbox 480 1993 2049 2065">
    <p class='ocr_par' dir='ltr' id='par_1_38' title="bbox 480 1993 2049 2065">
     <span class='ocr_line' id='line_1_38' title="bbox 480 1993 2049 2065; baseline -0.003 -16"><span class='ocrx_word' id='word_1_264' title='bbox 480 1996 862 2051; x_wconf 86' lang='lat' dir='ltr'><strong>recordatione</strong></span> <span class='ocrx_word' id='word_1_265' title='bbox 886 1998 1136 2061; x_wconf 83' lang='lat' dir='ltr'><strong>removit,</strong></span> <span class='ocrx_word' id='word_1_266' title='bbox 1157 2005 1206 2050; x_wconf 88' lang='lat' dir='ltr'><strong>et</strong></span> <span class='ocrx_word' id='word_1_267' title='bbox 1229 1996 1404 2065; x_wconf 86' lang='lat' dir='ltr'><strong>inique</strong></span> <span class='ocrx_word' id='word_1_268' title='bbox 1429 2011 1533 2049; x_wconf 88' lang='lat' dir='ltr'><strong>non</strong></span> <span class='ocrx_word' id='word_1_269' title='bbox 1562 1997 1759 2063; x_wconf 82' lang='lat' dir='ltr'><strong>egimus</strong></span> <span class='ocrx_word' id='word_1_270' title='bbox 1791 1993 1846 2046; x_wconf 86' lang='lat' dir='ltr'><strong>in</strong></span> <span class='ocrx_word' id='word_1_271' title='bbox 1888 2001 2049 2046; x_wconf 87' lang='lat' dir='ltr'><strong>testa-</strong></span> 
     </span>
    </p>
   </div>
   <div class='ocr_carea' id='block_1_39' title="bbox 481 2085 2047 2159">
    <p class='ocr_par' dir='ltr' id='par_1_39' title="bbox 481 2085 2047 2159">
     <span class='ocr_line' id='line_1_39' title="bbox 481 2085 2047 2159; baseline -0.001 -18"><span class='ocrx_word' id='word_1_272' title='bbox 481 2099 654 2142; x_wconf 86' lang='lat' dir='ltr'><strong>mento</strong></span> <span class='ocrx_word' id='word_1_273' title='bbox 687 2098 805 2152; x_wconf 86' lang='lat' dir='ltr'><strong>tuo;</strong></span> <span class='ocrx_word' id='word_1_274' title='bbox 837 2089 951 2144; x_wconf 87' lang='lat' dir='ltr'><strong>sive</strong></span> <span class='ocrx_word' id='word_1_275' title='bbox 979 2090 1277 2144; x_wconf 87' lang='lat' dir='ltr'><strong>secundum</strong></span> <span class='ocrx_word' id='word_1_276' title='bbox 1301 2088 1704 2159; x_wconf 85' lang='lat' dir='ltr'><strong>Symmachum,</strong></span> <span class='ocrx_word' id='word_1_277' title='bbox 1736 2085 1917 2157; x_wconf 84' lang='lat' dir='ltr'><strong>Neque</strong></span> <span class='ocrx_word' id='word_1_278' title='bbox 1954 2085 2047 2140; x_wconf 85' lang='lat' dir='ltr'><strong>de-</strong></span> 
     </span>
    </p>
   </div>
   <div class='ocr_carea' id='block_1_40' title="bbox 481 2180 2044 2250">
    <p class='ocr_par' dir='ltr' id='par_1_40' title="bbox 481 2180 2044 2250">
     <span class='ocr_line' id='line_1_40' title="bbox 481 2180 2044 2250; baseline -0.001 -17"><span class='ocrx_word' id='word_1_279' title='bbox 481 2182 707 2249; x_wconf 67' lang='lat' dir='ltr'><strong>cepimus</strong></span> <span class='ocrx_word' id='word_1_280' title='bbox 733 2181 902 2250; x_wconf 68' lang='lat' dir='ltr'><strong>{adut</strong></span> <span class='ocrx_word' id='word_1_281' title='bbox 931 2191 1099 2237; x_wconf 88' lang='lat' dir='ltr'><strong>tuum.</strong></span> <span class='ocrx_word' id='word_1_282' title='bbox 1125 2180 1193 2234; x_wconf 86' lang='lat' dir='ltr'><strong>Et</strong></span> <span class='ocrx_word' id='word_1_283' title='bbox 1221 2197 1323 2234; x_wconf 84' lang='lat' dir='ltr'><strong>non</strong></span> <span class='ocrx_word' id='word_1_284' title='bbox 1346 2181 1499 2235; x_wconf 77' lang='lat' dir='ltr'><strong>cessit</strong></span> <span class='ocrx_word' id='word_1_285' title='bbox 1522 2190 1661 2235; x_wconf 81' lang='lat' dir='ltr'><strong>retro</strong></span> <span class='ocrx_word' id='word_1_286' title='bbox 1683 2195 1774 2233; x_wconf 82' lang='lat' dir='ltr'><strong>cor</strong></span> <span class='ocrx_word' id='word_1_287' title='bbox 1786 2188 2044 2233; x_wconf 85' lang='lat' dir='ltr'><strong>nostrum.</strong></span> 
     </span>
    </p>
   </div>
   <div class='ocr_carea' id='block_1_41' title="bbox 483 2269 2048 2340">
    <p class='ocr_par' dir='ltr' id='par_1_41' title="bbox 483 2269 2048 2340">
     <span class='ocr_line' id='line_1_41' title="bbox 483 2269 2048 2340; baseline -0.001 -18"><span class='ocrx_word' id='word_1_288' title='bbox 483 2270 616 2340; x_wconf 77' lang='lat' dir='ltr'><strong>Ejus</strong></span> <span class='ocrx_word' id='word_1_289' title='bbox 645 2282 824 2326; x_wconf 88' lang='lat' dir='ltr'><strong>autem</strong></span> <span class='ocrx_word' id='word_1_290' title='bbox 852 2271 1000 2325; x_wconf 91' lang='lat' dir='ltr'><strong>loco:</strong></span> <span class='ocrx_word' id='word_1_291' title='bbox 1024 2270 1091 2324; x_wconf 85' lang='lat' dir='ltr'><strong>Et</strong></span> <span class='ocrx_word' id='word_1_292' title='bbox 1123 2269 1399 2324; x_wconf 84' lang='lat' dir='ltr'><strong>declinasti</strong></span> <span class='ocrx_word' id='word_1_293' title='bbox 1428 2271 1643 2324; x_wconf 75' lang='lat' dir='ltr'><strong>semitas</strong></span> <span class='ocrx_word' id='word_1_294' title='bbox 1677 2278 1885 2323; x_wconf 87' lang='lat' dir='ltr'><strong>nostras</strong></span> <span class='ocrx_word' id='word_1_295' title='bbox 1905 2286 1937 2322; x_wconf 91' lang='lat' dir='ltr'><strong>a</strong></span> <span class='ocrx_word' id='word_1_296' title='bbox 1964 2269 2048 2322; x_wconf 83' lang='lat' dir='ltr'><strong>uia</strong></span> 
     </span>
    </p>
   </div>
   <div class='ocr_carea' id='block_1_42' title="bbox 487 2360 2048 2433">
    <p class='ocr_par' dir='ltr' id='par_1_42' title="bbox 487 2360 2048 2433">
     <span class='ocr_line' id='line_1_42' title="bbox 487 2360 2048 2433; baseline -0.001 -18"><span class='ocrx_word' id='word_1_297' title='bbox 487 2373 597 2425; x_wconf 84' lang='lat' dir='ltr'><strong>tua,</strong></span> <span class='ocrx_word' id='word_1_298' title='bbox 632 2363 836 2418; x_wconf 86' lang='lat' dir='ltr'><strong>clarius</strong></span> <span class='ocrx_word' id='word_1_299' title='bbox 894 2361 1252 2433; x_wconf 85' lang='lat' dir='ltr'><strong>Symmachus</strong></span> <span class='ocrx_word' id='word_1_300' title='bbox 1315 2361 1522 2416; x_wconf 84' lang='lat' dir='ltr'><strong>edidit:</strong></span> <span class='ocrx_word' id='word_1_301' title='bbox 1554 2360 1733 2431; x_wconf 85' lang='lat' dir='ltr'><strong>Neque</strong></span> <span class='ocrx_word' id='word_1_302' title='bbox 1785 2361 2048 2414; x_wconf 83' lang='lat' dir='ltr'><strong>translata</strong></span> 
     </span>
    </p>
   </div>
   <div class='ocr_carea' id='block_1_43' title="bbox 483 2454 2047 2524">
    <p class='ocr_par' dir='ltr' id='par_1_43' title="bbox 483 2454 2047 2524">
     <span class='ocr_line' id='line_1_43' title="bbox 483 2454 2047 2524; baseline -0.001 -16"><span class='ocrx_word' id='word_1_303' title='bbox 483 2463 607 2509; x_wconf 87' lang='lat' dir='ltr'><strong>sunt</strong></span> <span class='ocrx_word' id='word_1_304' title='bbox 632 2472 696 2508; x_wconf 86' lang='lat' dir='ltr'><strong>ea</strong></span> <span class='ocrx_word' id='word_1_305' title='bbox 713 2470 827 2524; x_wconf 73' lang='lat' dir='ltr'><strong>qua:</strong></span> <span class='ocrx_word' id='word_1_306' title='bbox 850 2454 1081 2524; x_wconf 86' lang='lat' dir='ltr'><strong>dirigunt</strong></span> <span class='ocrx_word' id='word_1_307' title='bbox 1113 2471 1205 2508; x_wconf 84' lang='lat' dir='ltr'><strong>nos</strong></span> <span class='ocrx_word' id='word_1_308' title='bbox 1228 2472 1246 2507; x_wconf 92' lang='lat'><em>:</em></span> <span class='ocrx_word' id='word_1_309' title='bbox 1273 2454 1325 2507; x_wconf 84' lang='lat' dir='ltr'><strong>in</strong></span> <span class='ocrx_word' id='word_1_310' title='bbox 1351 2454 1464 2507; x_wconf 86' lang='lat' dir='ltr'><strong>fuco</strong></span> <span class='ocrx_word' id='word_1_311' title='bbox 1493 2454 1817 2524; x_wconf 78' lang='lat' dir='ltr'><strong>aﬂlictionis:</strong></span> <span class='ocrx_word' id='word_1_312' title='bbox 1847 2464 1940 2507; x_wconf 89' lang='lat' dir='ltr'><strong>aut</strong></span> <span class='ocrx_word' id='word_1_313' title='bbox 1961 2469 2047 2506; x_wconf 86' lang='lat' dir='ltr'><strong>se-</strong></span> 
     </span>
    </p>
   </div>
   <div class='ocr_carea' id='block_1_44' title="bbox 482 2544 2042 2616">
    <p class='ocr_par' dir='ltr' id='par_1_44' title="bbox 482 2544 2042 2616">
     <span class='ocr_line' id='line_1_44' title="bbox 482 2544 2042 2616; baseline -0.002 -16"><span class='ocrx_word' id='word_1_314' title='bbox 482 2546 724 2601; x_wconf 89' lang='lat' dir='ltr'><strong>cundum</strong></span> <span class='ocrx_word' id='word_1_315' title='bbox 750 2546 998 2616; x_wconf 82' lang='lat' dir='ltr'><strong>Aquilam</strong></span> <span class='ocrx_word' id='word_1_316' title='bbox 1025 2565 1037 2600; x_wconf 90' lang='lat'><strong>:</strong></span> <span class='ocrx_word' id='word_1_317' title='bbox 1065 2545 1365 2600; x_wconf 82' lang='lat' dir='ltr'><strong>Contudisfi</strong></span> <span class='ocrx_word' id='word_1_318' title='bbox 1393 2563 1486 2599; x_wconf 85' lang='lat' dir='ltr'><strong>nos</strong></span> <span class='ocrx_word' id='word_1_319' title='bbox 1513 2546 1569 2598; x_wconf 85' lang='lat' dir='ltr'><strong>in</strong></span> <span class='ocrx_word' id='word_1_320' title='bbox 1601 2546 1711 2599; x_wconf 89' lang='lat' dir='ltr'><strong>loco</strong></span> <span class='ocrx_word' id='word_1_321' title='bbox 1727 2544 2042 2609; x_wconf 86' lang='lat' dir='ltr'><strong>inhabitato,</strong></span> 
     </span>
    </p>
   </div>
   <div class='ocr_carea' id='block_1_45' title="bbox 480 2637 2044 2695">
    <p class='ocr_par' dir='ltr' id='par_1_45' title="bbox 480 2637 2044 2695">
     <span class='ocr_line' id='line_1_45' title="bbox 480 2637 2044 2695; baseline 0 -2"><span class='ocrx_word' id='word_1_322' title='bbox 480 2648 532 2695; x_wconf 82' lang='lat' dir='ltr'><strong>et</strong></span> <span class='ocrx_word' id='word_1_323' title='bbox 559 2638 802 2693; x_wconf 73' lang='lat' dir='ltr'><strong>obtexisti</strong></span> <span class='ocrx_word' id='word_1_324' title='bbox 829 2639 976 2693; x_wconf 82' lang='lat' dir='ltr'><strong>nobis</strong></span> <span class='ocrx_word' id='word_1_325' title='bbox 1007 2640 1248 2693; x_wconf 86' lang='lat' dir='ltr'><strong>umbram</strong></span> <span class='ocrx_word' id='word_1_326' title='bbox 1280 2640 1484 2694; x_wconf 84' lang='lat' dir='ltr'><strong>mortis.</strong></span> <span class='ocrx_word' id='word_1_327' title='bbox 1522 2637 1646 2692; x_wconf 83' lang='lat' dir='ltr'><strong>Non</strong></span> <span class='ocrx_word' id='word_1_328' title='bbox 1676 2638 1828 2693; x_wconf 80' lang='lat' dir='ltr'><strong>obliti</strong></span> <span class='ocrx_word' id='word_1_329' title='bbox 1865 2654 2044 2693; x_wconf 85' lang='lat' dir='ltr'><strong>sumus</strong></span> 
     </span>
    </p>
   </div>
   <div class='ocr_carea' id='block_1_46' title="bbox 482 2730 1934 2803">
    <p class='ocr_par' dir='ltr' id='par_1_46' title="bbox 482 2730 1934 2803">
     <span class='ocr_line' id='line_1_46' title="bbox 482 2730 1934 2803; baseline -0.001 -18"><span class='ocrx_word' id='word_1_330' title='bbox 482 2733 580 2795; x_wconf 81' lang='lat' dir='ltr'><strong>tui,</strong></span> <span class='ocrx_word' id='word_1_331' title='bbox 611 2748 773 2803; x_wconf 84' lang='lat' dir='ltr'><strong>neque</strong></span> <span class='ocrx_word' id='word_1_332' title='bbox 801 2734 1112 2803; x_wconf 76' lang='lat' dir='ltr'><strong>transgressi</strong></span> <span class='ocrx_word' id='word_1_333' title='bbox 1146 2748 1327 2786; x_wconf 83' lang='lat' dir='ltr'><strong>sumus</strong></span> <span class='ocrx_word' id='word_1_334' title='bbox 1363 2732 1499 2785; x_wconf 86' lang='lat' dir='ltr'><strong>inita</strong></span> <span class='ocrx_word' id='word_1_335' title='bbox 1522 2741 1689 2786; x_wconf 87' lang='lat' dir='ltr'><strong>tecum</strong></span> <span class='ocrx_word' id='word_1_336' title='bbox 1718 2730 1934 2800; x_wconf 68' lang='lat' dir='ltr'><strong>foedera.</strong></span> 
     </span>
    </p>
   </div>
   <div class='ocr_carea' id='block_1_47' title="bbox 546 2927 2040 2991">
    <p class='ocr_par' dir='ltr' id='par_1_47' title="bbox 546 2927 2040 2991">
     <span class='ocr_line' id='line_1_47' title="bbox 546 2927 2040 2991; baseline -0.003 -4"><span class='ocrx_word' id='word_1_337' title='bbox 546 2931 714 2987; x_wconf 69' lang='grc' dir='ltr'>νειιε.</span> <span class='ocrx_word' id='word_1_338' title='bbox 744 2932 808 2985; x_wconf 76' lang='grc' dir='ltr'><strong>ει</strong></span> <span class='ocrx_word' id='word_1_339' title='bbox 837 2931 971 2985; x_wconf 75' lang='grc'><strong>-22.</strong></span> <span class='ocrx_word' id='word_1_340' title='bbox 1014 2928 1073 2985; x_wconf 89' lang='lat' dir='ltr'><strong>Si</strong></span> <span class='ocrx_word' id='word_1_341' title='bbox 1105 2929 1254 2983; x_wconf 81' lang='lat' dir='ltr'><strong>obliti</strong></span> <span class='ocrx_word' id='word_1_342' title='bbox 1282 2944 1462 2983; x_wconf 88' lang='lat' dir='ltr'><strong>sumus</strong></span> <span class='ocrx_word' id='word_1_343' title='bbox 1497 2945 1683 2982; x_wconf 83' lang='lat' dir='ltr'><strong>nomen</strong></span> <span class='ocrx_word' id='word_1_344' title='bbox 1710 2927 1808 2982; x_wconf 88' lang='lat' dir='ltr'><strong>Dei</strong></span> <span class='ocrx_word' id='word_1_345' title='bbox 1850 2929 2040 2991; x_wconf 77' lang='lat' dir='ltr'><strong>nostri,</strong></span> 
     </span>
    </p>
   </div>
   <div class='ocr_carea' id='block_1_48' title="bbox 477 3020 2044 3092">
    <p class='ocr_par' dir='ltr' id='par_1_48' title="bbox 477 3020 2044 3092">
     <span class='ocr_line' id='line_1_48' title="bbox 477 3020 2044 3092; baseline -0.001 -12"><span class='ocrx_word' id='word_1_346' title='bbox 477 3036 526 3080; x_wconf 80' lang='lat' dir='ltr'><strong>et</strong></span> <span class='ocrx_word' id='word_1_347' title='bbox 556 3027 602 3079; x_wconf 89' lang='lat' dir='ltr'><strong>si</strong></span> <span class='ocrx_word' id='word_1_348' title='bbox 629 3022 975 3092; x_wconf 74' lang='lat' dir='ltr'><strong>expendimus</strong></span> <span class='ocrx_word' id='word_1_349' title='bbox 1002 3040 1189 3076; x_wconf 85' lang='lat' dir='ltr'><strong>manus</strong></span> <span class='ocrx_word' id='word_1_350' title='bbox 1223 3032 1431 3075; x_wconf 82' lang='lat' dir='ltr'><strong>nostras</strong></span> <span class='ocrx_word' id='word_1_351' title='bbox 1472 3020 1540 3075; x_wconf 84' lang='lat' dir='ltr'><strong>ad</strong></span> <span class='ocrx_word' id='word_1_352' title='bbox 1571 3021 1737 3075; x_wconf 83' lang='lat' dir='ltr'><strong>Deum</strong></span> <span class='ocrx_word' id='word_1_353' title='bbox 1765 3022 1998 3076; x_wconf 84' lang='lat' dir='ltr'><strong>alienum</strong></span> <span class='ocrx_word' id='word_1_354' title='bbox 2022 3037 2044 3078; x_wconf 89' lang='lat'><strong><em>:</em></strong></span> 
     </span>
    </p>
   </div>
   <div class='ocr_carea' id='block_1_49' title="bbox 2150 1902 3713 1980">
    <p class='ocr_par' dir='ltr' id='par_1_49' title="bbox 2150 1902 3713 1980">
     <span class='ocr_line' id='line_1_49' title="bbox 2150 1902 3713 1980; baseline 0.008 -24"><span class='ocrx_word' id='word_1_355' title='bbox 2150 1902 2242 1957; x_wconf 79' lang='grc' dir='ltr'>σοῦ</span> <span class='ocrx_word' id='word_1_356' title='bbox 2272 1906 2507 1975; x_wconf 78' lang='grc' dir='ltr'>μνήμης,</span> <span class='ocrx_word' id='word_1_357' title='bbox 2539 1904 2637 1957; x_wconf 80' lang='grc' dir='ltr'>καὶ</span> <span class='ocrx_word' id='word_1_358' title='bbox 2666 1906 2777 1958; x_wconf 85' lang='grc' dir='ltr'>οὐκ</span> <span class='ocrx_word' id='word_1_359' title='bbox 2806 1905 3180 1977; x_wconf 76' lang='grc' dir='ltr'>ἠδικήσαμεν</span> <span class='ocrx_word' id='word_1_360' title='bbox 3204 1909 3542 1980; x_wconf 80' lang='grc' dir='ltr'>ἑνΔιαθήκῃ</span> <span class='ocrx_word' id='word_1_361' title='bbox 3575 1927 3713 1968; x_wconf 80' lang='grc' dir='ltr'>σου·</span> 
     </span>
    </p>
   </div>
   <div class='ocr_carea' id='block_1_50' title="bbox 2147 1994 3718 2074">
    <p class='ocr_par' dir='ltr' id='par_1_50' title="bbox 2147 1994 3718 2074">
     <span class='ocr_line' id='line_1_50' title="bbox 2147 1994 3718 2074; baseline 0.008 -26"><span class='ocrx_word' id='word_1_362' title='bbox 2147 1994 2179 2066; x_wconf 77' lang='grc' dir='ltr'><strong>ἢ</strong></span> <span class='ocrx_word' id='word_1_363' title='bbox 2214 1995 2353 2049; x_wconf 82' lang='grc' dir='ltr'>κατὰ</span> <span class='ocrx_word' id='word_1_364' title='bbox 2383 1996 2473 2049; x_wconf 85' lang='grc' dir='ltr'><strong>τὸν</strong></span> <span class='ocrx_word' id='word_1_365' title='bbox 2505 1995 2812 2067; x_wconf 81' lang='grc' dir='ltr'>Σύμμαχον·</span> <span class='ocrx_word' id='word_1_366' title='bbox 2852 1997 3003 2052; x_wconf 84' lang='grc' dir='ltr'><strong>Οὐδὲ</strong></span> <span class='ocrx_word' id='word_1_367' title='bbox 3041 2002 3579 2072; x_wconf 74' lang='grc' dir='ltr'>παρελογησάμεθα</span> <span class='ocrx_word' id='word_1_368' title='bbox 3603 2005 3718 2074; x_wconf 81' lang='grc' dir='ltr'><strong>τὴν</strong></span> 
     </span>
    </p>
   </div>
   <div class='ocr_carea' id='block_1_51' title="bbox 2146 2085 3716 2164">
    <p class='ocr_par' dir='ltr' id='par_1_51' title="bbox 2146 2085 3716 2164">
     <span class='ocr_line' id='line_1_51' title="bbox 2146 2085 3716 2164; baseline 0.008 -27"><span class='ocrx_word' id='word_1_369' title='bbox 2146 2085 2462 2153; x_wconf 78' lang='grc' dir='ltr'>συνθήκην</span> <span class='ocrx_word' id='word_1_370' title='bbox 2491 2102 2627 2149; x_wconf 86' lang='grc' dir='ltr'>σου,</span> <span class='ocrx_word' id='word_1_371' title='bbox 2656 2085 2796 2139; x_wconf 83' lang='grc' dir='ltr'>οὐδὲ</span> <span class='ocrx_word' id='word_1_372' title='bbox 2815 2085 3045 2157; x_wconf 78' lang='grc' dir='ltr'>ἀπέστη</span> <span class='ocrx_word' id='word_1_373' title='bbox 3078 2093 3166 2157; x_wconf 85' lang='grc' dir='ltr'>εὶς</span> <span class='ocrx_word' id='word_1_374' title='bbox 3192 2092 3263 2145; x_wconf 80' lang='grc' dir='ltr'>τὰ</span> <span class='ocrx_word' id='word_1_375' title='bbox 3299 2093 3491 2146; x_wconf 77' lang='grc' dir='ltr'>ὀπίσω</span> <span class='ocrx_word' id='word_1_376' title='bbox 3510 2096 3547 2163; x_wconf 78' lang='grc' dir='ltr'>ἡ</span> <span class='ocrx_word' id='word_1_377' title='bbox 3575 2113 3716 2164; x_wconf 74' lang='grc' dir='ltr'>καρ-</span> 
     </span>
    </p>
   </div>
   <div class='ocr_carea' id='block_1_52' title="bbox 2145 2175 3716 2255">
    <p class='ocr_par' dir='ltr' id='par_1_52' title="bbox 2145 2175 3716 2255">
     <span class='ocr_line' id='line_1_52' title="bbox 2145 2175 3716 2255; baseline 0.008 -26"><span class='ocrx_word' id='word_1_378' title='bbox 2145 2175 2245 2231; x_wconf 81' lang='grc' dir='ltr'><strong>δία</strong></span> <span class='ocrx_word' id='word_1_379' title='bbox 2271 2177 2463 2247; x_wconf 72' lang='grc' dir='ltr'>ἡμῶν.</span> <span class='ocrx_word' id='word_1_380' title='bbox 2501 2176 2646 2229; x_wconf 74' lang='grc' dir='ltr'>Ἀντὶ</span> <span class='ocrx_word' id='word_1_381' title='bbox 2676 2176 2753 2229; x_wconf 83' lang='grc' dir='ltr'><strong>δέ·</strong></span> <span class='ocrx_word' id='word_1_382' title='bbox 2803 2179 2912 2232; x_wconf 79' lang='grc' dir='ltr'><strong>Καὶ</strong></span> <span class='ocrx_word' id='word_1_383' title='bbox 2960 2179 3273 2249; x_wconf 73' lang='grc' dir='ltr'>ἐξέκλινας</span> <span class='ocrx_word' id='word_1_384' title='bbox 3324 2182 3432 2251; x_wconf 85' lang='grc' dir='ltr'>τὰς</span> <span class='ocrx_word' id='word_1_385' title='bbox 3482 2188 3716 2255; x_wconf 81' lang='grc' dir='ltr'>τρίϐους</span> 
     </span>
    </p>
   </div>
   <div class='ocr_carea' id='block_1_53' title="bbox 2146 2268 3714 2350">
    <p class='ocr_par' dir='ltr' id='par_1_53' title="bbox 2146 2268 3714 2350">
     <span class='ocr_line' id='line_1_53' title="bbox 2146 2268 3714 2350; baseline 0.005 -27"><span class='ocrx_word' id='word_1_386' title='bbox 2146 2268 2312 2339; x_wconf 69' lang='grc' dir='ltr'><strong>’ἡμῶν</strong></span> <span class='ocrx_word' id='word_1_387' title='bbox 2337 2269 2457 2324; x_wconf 76' lang='grc' dir='ltr'>ἀπὸ</span> <span class='ocrx_word' id='word_1_388' title='bbox 2488 2270 2597 2339; x_wconf 85' lang='grc' dir='ltr'>τῆς</span> <span class='ocrx_word' id='word_1_389' title='bbox 2653 2273 2796 2327; x_wconf 85' lang='grc' dir='ltr'>ὀδοῦ</span> <span class='ocrx_word' id='word_1_390' title='bbox 2816 2289 2952 2337; x_wconf 84' lang='grc' dir='ltr'>σου,</span> <span class='ocrx_word' id='word_1_391' title='bbox 2985 2275 3014 2327; x_wconf 89' lang='grc' dir='ltr'><strong>ό</strong></span> <span class='ocrx_word' id='word_1_392' title='bbox 3044 2274 3334 2345; x_wconf 87' lang='grc' dir='ltr'>Σύμμαχος</span> <span class='ocrx_word' id='word_1_393' title='bbox 3389 2277 3714 2350; x_wconf 83' lang='grc' dir='ltr'>σαφέστερον</span> 
     </span>
    </p>
   </div>
   <div class='ocr_carea' id='block_1_54' title="bbox 2147 2359 3715 2437">
    <p class='ocr_par' dir='ltr' id='par_1_54' title="bbox 2147 2359 3715 2437">
     <span class='ocr_line' id='line_1_54' title="bbox 2147 2359 3715 2437; baseline 0.008 -26"><span class='ocrx_word' id='word_1_394' title='bbox 2147 2359 2405 2425; x_wconf 78' lang='grc' dir='ltr'>ἐξέδωκεν</span> <span class='ocrx_word' id='word_1_395' title='bbox 2438 2361 2624 2416; x_wconf 84' lang='grc' dir='ltr'>εἰπών·</span> <span class='ocrx_word' id='word_1_396' title='bbox 2682 2364 2835 2418; x_wconf 82' lang='grc' dir='ltr'>Οὐδὲ</span> <span class='ocrx_word' id='word_1_397' title='bbox 2891 2366 3173 2435; x_wconf 82' lang='grc' dir='ltr'>μετετέθη</span> <span class='ocrx_word' id='word_1_398' title='bbox 3220 2367 3293 2420; x_wconf 82' lang='grc' dir='ltr'>τὰ</span> <span class='ocrx_word' id='word_1_399' title='bbox 3342 2371 3715 2437; x_wconf 80' lang='grc' dir='ltr'>ὐπορθοῦντα</span> 
     </span>
    </p>
   </div>
   <div class='ocr_carea' id='block_1_55' title="bbox 2152 2448 3708 2527">
    <p class='ocr_par' dir='ltr' id='par_1_55' title="bbox 2152 2448 3708 2527">
     <span class='ocr_line' id='line_1_55' title="bbox 2152 2448 3708 2527; baseline 0.005 -23"><span class='ocrx_word' id='word_1_400' title='bbox 2152 2448 2330 2519; x_wconf 74' lang='grc' dir='ltr'>ἡμᾶς·</span> <span class='ocrx_word' id='word_1_401' title='bbox 2359 2451 2428 2505; x_wconf 83' lang='grc' dir='ltr'><strong>ἐν</strong></span> <span class='ocrx_word' id='word_1_402' title='bbox 2450 2453 2610 2520; x_wconf 80' lang='grc' dir='ltr'>τόπῳ</span> <span class='ocrx_word' id='word_1_403' title='bbox 2668 2453 3008 2522; x_wconf 78' lang='grc' dir='ltr'>κακώσεως·</span> <span class='ocrx_word' id='word_1_404' title='bbox 3064 2456 3097 2527; x_wconf 85' lang='grc' dir='ltr'>ἢ</span> <span class='ocrx_word' id='word_1_405' title='bbox 3160 2457 3299 2510; x_wconf 87' lang='grc' dir='ltr'><strong>κατά</strong></span> <span class='ocrx_word' id='word_1_406' title='bbox 3329 2457 3419 2512; x_wconf 84' lang='grc' dir='ltr'><strong>τὸν</strong></span> <span class='ocrx_word' id='word_1_407' title='bbox 3462 2458 3708 2513; x_wconf 83' lang='grc' dir='ltr'>Ἀκύλαν·</span> 
     </span>
    </p>
   </div>
   <div class='ocr_carea' id='block_1_56' title="bbox 2146 2541 3715 2629">
    <p class='ocr_par' dir='ltr' id='par_1_56' title="bbox 2146 2541 3715 2629">
     <span class='ocr_line' id='line_1_56' title="bbox 2146 2541 3715 2629; baseline 0.007 -34"><span class='ocrx_word' id='word_1_408' title='bbox 2146 2541 2537 2610; x_wconf 75' lang='grc' dir='ltr'>Συνέθλασας</span> <span class='ocrx_word' id='word_1_409' title='bbox 2563 2543 2818 2629; x_wconf 51' lang='lat' dir='ltr'><strong>«magar</strong></span> <span class='ocrx_word' id='word_1_410' title='bbox 2842 2547 2999 2612; x_wconf 68' lang='grc' dir='ltr'>τόπῳ</span> <span class='ocrx_word' id='word_1_411' title='bbox 3019 2548 3334 2616; x_wconf 81' lang='grc' dir='ltr'>ἀνοικήτῳ,</span> <span class='ocrx_word' id='word_1_412' title='bbox 3369 2550 3464 2605; x_wconf 74' lang='grc' dir='ltr'>καὶ</span> <span class='ocrx_word' id='word_1_413' title='bbox 3504 2549 3581 2622; x_wconf 76' lang='grc' dir='ltr'><strong>(ι)</strong></span> <span class='ocrx_word' id='word_1_414' title='bbox 3612 2551 3715 2605; x_wconf 75' lang='grc' dir='ltr'><strong>ἐπ-</strong></span> 
     </span>
    </p>
   </div>
   <div class='ocr_carea' id='block_1_57' title="bbox 2145 2635 3715 2709">
    <p class='ocr_par' dir='ltr' id='par_1_57' title="bbox 2145 2635 3715 2709">
     <span class='ocr_line' id='line_1_57' title="bbox 2145 2635 3715 2709; baseline 0.008 -20"><span class='ocrx_word' id='word_1_415' title='bbox 2145 2635 2469 2706; x_wconf 78' lang='grc' dir='ltr'>επώμασας</span> <span class='ocrx_word' id='word_1_416' title='bbox 2507 2639 2653 2709; x_wconf 76' lang='grc' dir='ltr'>ημῖν</span> <span class='ocrx_word' id='word_1_417' title='bbox 2705 2643 2887 2696; x_wconf 84' lang='grc' dir='ltr'>σκιὰν</span> <span class='ocrx_word' id='word_1_418' title='bbox 2938 2644 3214 2699; x_wconf 61' lang='grc' dir='ltr'>θανάτοιο.</span> <span class='ocrx_word' id='word_1_419' title='bbox 3275 2648 3396 2699; x_wconf 84' lang='grc' dir='ltr'><strong>Οὐκ</strong></span> <span class='ocrx_word' id='word_1_420' title='bbox 3431 2646 3715 2701; x_wconf 72' lang='grc' dir='ltr'>ἐπελαθό-</span> 
     </span>
    </p>
   </div>
   <div class='ocr_carea' id='block_1_58' title="bbox 2141 2728 3716 2806">
    <p class='ocr_par' dir='ltr' id='par_1_58' title="bbox 2141 2728 3716 2806">
     <span class='ocr_line' id='line_1_58' title="bbox 2141 2728 3716 2806; baseline 0.008 -25"><span class='ocrx_word' id='word_1_421' title='bbox 2141 2728 2294 2797; x_wconf 77' lang='grc' dir='ltr'>μεθά</span> <span class='ocrx_word' id='word_1_422' title='bbox 2344 2744 2460 2786; x_wconf 89' lang='grc' dir='ltr'><strong>σου</strong></span> <span class='ocrx_word' id='word_1_423' title='bbox 2540 2731 2682 2787; x_wconf 84' lang='grc' dir='ltr'>οὐδὲ</span> <span class='ocrx_word' id='word_1_424' title='bbox 2732 2734 3070 2805; x_wconf 78' lang='grc' dir='ltr'>παρέϐημεν</span> <span class='ocrx_word' id='word_1_425' title='bbox 3113 2739 3221 2803; x_wconf 80' lang='grc' dir='ltr'>τὰς</span> <span class='ocrx_word' id='word_1_426' title='bbox 3261 2737 3412 2806; x_wconf 82' lang='grc' dir='ltr'>πρὸς</span> <span class='ocrx_word' id='word_1_427' title='bbox 3443 2739 3518 2792; x_wconf 85' lang='grc' dir='ltr'>σὲ</span> <span class='ocrx_word' id='word_1_428' title='bbox 3563 2754 3716 2794; x_wconf 85' lang='grc' dir='ltr'>συν-</span> 
     </span>
    </p>
   </div>
   <div class='ocr_carea' id='block_1_59' title="bbox 2146 2817 2355 2887">
    <p class='ocr_par' dir='ltr' id='par_1_59' title="bbox 2146 2817 2355 2887">
     <span class='ocr_line' id='line_1_59' title="bbox 2146 2817 2355 2887; baseline 0.014 -14"><span class='ocrx_word' id='word_1_429' title='bbox 2146 2817 2355 2887; x_wconf 82' lang='grc' dir='ltr'>θήκας.</span> 
     </span>
    </p>
   </div>
   <div class='ocr_carea' id='block_1_60' title="bbox 2209 2933 3714 3012">
    <p class='ocr_par' dir='ltr' id='par_1_60' title="bbox 2209 2933 3714 3012">
     <span class='ocr_line' id='line_1_60' title="bbox 2209 2933 3714 3012; baseline 0.007 -26"><span class='ocrx_word' id='word_1_430' title='bbox 2209 2934 2277 2987; x_wconf 80' lang='lat' dir='ltr'><strong>Et</strong></span> <span class='ocrx_word' id='word_1_431' title='bbox 2296 2933 2707 3005; x_wconf 77' lang='grc' dir='ltr'>ἐπελαϐόμεθα</span> <span class='ocrx_word' id='word_1_432' title='bbox 2733 2938 2838 2992; x_wconf 86' lang='grc' dir='ltr'>τοῦ</span> <span class='ocrx_word' id='word_1_433' title='bbox 2886 2939 3172 3009; x_wconf 69' lang='grc' dir='ltr'>ὀνόματος</span> <span class='ocrx_word' id='word_1_434' title='bbox 3203 2941 3307 2994; x_wconf 88' lang='grc' dir='ltr'>τοῦ</span> <span class='ocrx_word' id='word_1_435' title='bbox 3339 2941 3485 2995; x_wconf 83' lang='grc' dir='ltr'>Θεοῦ</span> <span class='ocrx_word' id='word_1_436' title='bbox 3528 2941 3714 3012; x_wconf 78' lang='grc' dir='ltr'>ἡμῶν,</span> 
     </span>
    </p>
   </div>
   <div class='ocr_carea' id='block_1_61' title="bbox 2147 3026 3718 3101">
    <p class='ocr_par' dir='ltr' id='par_1_61' title="bbox 2147 3026 3718 3101">
     <span class='ocr_line' id='line_1_61' title="bbox 2147 3026 3718 3101; baseline 0.006 -21"><span class='ocrx_word' id='word_1_437' title='bbox 2147 3026 2245 3081; x_wconf 78' lang='grc' dir='ltr'>καὶ</span> <span class='ocrx_word' id='word_1_438' title='bbox 2272 3029 2323 3081; x_wconf 77' lang='grc' dir='ltr'><strong>εί</strong></span> <span class='ocrx_word' id='word_1_439' title='bbox 2351 3026 2784 3099; x_wconf 74' lang='grc' dir='ltr'>διεπετάσαμεν</span> <span class='ocrx_word' id='word_1_440' title='bbox 2809 3031 3009 3100; x_wconf 82' lang='grc' dir='ltr'>χεῖρας</span> <span class='ocrx_word' id='word_1_441' title='bbox 3059 3030 3228 3101; x_wconf 76' lang='grc' dir='ltr'><strong>ἡμῶν</strong></span> <span class='ocrx_word' id='word_1_442' title='bbox 3272 3032 3419 3099; x_wconf 83' lang='grc' dir='ltr'>πρὸς</span> <span class='ocrx_word' id='word_1_443' title='bbox 3442 3033 3589 3087; x_wconf 85' lang='grc' dir='ltr'><strong>Θεὸν</strong></span> <span class='ocrx_word' id='word_1_444' title='bbox 3616 3036 3718 3089; x_wconf 64' lang='grc' dir='ltr'><strong>ἀλα</strong></span> 
     </span>
    </p>
   </div>
   <div class='ocr_carea' id='block_1_62' title="bbox 487 3112 2045 3198">
    <p class='ocr_par' dir='ltr' id='par_1_62' title="bbox 487 3112 2045 3186">
     <span class='ocr_line' id='line_1_62' title="bbox 487 3112 2045 3186; baseline -0.001 -16"><span class='ocrx_word' id='word_1_445' title='bbox 487 3134 657 3171; x_wconf 80' lang='lat' dir='ltr'><strong>nomte</strong></span> <span class='ocrx_word' id='word_1_446' title='bbox 692 3117 830 3170; x_wconf 86' lang='lat' dir='ltr'><strong>Deus</strong></span> <span class='ocrx_word' id='word_1_447' title='bbox 861 3117 1085 3186; x_wconf 85' lang='lat' dir='ltr'><strong>requiret</strong></span> <span class='ocrx_word' id='word_1_448' title='bbox 1109 3114 1241 3168; x_wconf 86' lang='lat' dir='ltr'><strong>ista?</strong></span> <span class='ocrx_word' id='word_1_449' title='bbox 1260 3112 1467 3177; x_wconf 86' lang='lat' dir='ltr'><strong>etc.Tc,</strong></span> <span class='ocrx_word' id='word_1_450' title='bbox 1498 3114 1693 3184; x_wconf 82' lang='lat' dir='ltr'><strong>inquit,</strong></span> <span class='ocrx_word' id='word_1_451' title='bbox 1723 3122 1918 3169; x_wconf 83' lang='lat' dir='ltr'><strong>testem</strong></span> <span class='ocrx_word' id='word_1_452' title='bbox 1949 3115 2045 3169; x_wconf 87' lang='lat' dir='ltr'><strong>ad-</strong></span> 
     </span>
    </p>
   </div>
   <div class='ocr_carea' id='block_1_63' title="bbox 2147 3112 3717 3198">
    <p class='ocr_par' dir='ltr' id='par_1_63' title="bbox 2148 3121 3717 3198">
     <span class='ocr_line' id='line_1_63' title="bbox 2148 3121 3717 3198; baseline 0.002 -24"><span class='ocrx_word' id='word_1_453' title='bbox 2148 3121 2406 3188; x_wconf 74' lang='grc' dir='ltr'>λότριον·</span> <span class='ocrx_word' id='word_1_454' title='bbox 2445 3121 2582 3190; x_wconf 79' lang='grc' dir='ltr'>οὐχί</span> <span class='ocrx_word' id='word_1_455' title='bbox 2636 3125 2669 3175; x_wconf 85' lang='lat' dir='ltr'><strong>d</strong></span> <span class='ocrx_word' id='word_1_456' title='bbox 2706 3122 2849 3188; x_wconf 86' lang='grc' dir='ltr'>Θεὸς</span> <span class='ocrx_word' id='word_1_457' title='bbox 2882 3121 3188 3191; x_wconf 80' lang='grc' dir='ltr'>ἑκζητήσει</span> <span class='ocrx_word' id='word_1_458' title='bbox 3218 3122 3438 3188; x_wconf 81' lang='grc' dir='ltr'>ταῦτα;</span> <span class='ocrx_word' id='word_1_459' title='bbox 3475 3125 3542 3176; x_wconf 81' lang='grc' dir='ltr'><strong>Σὲ</strong></span> <span class='ocrx_word' id='word_1_460' title='bbox 3575 3126 3717 3198; x_wconf 85' lang='grc' dir='ltr'>μάρ-</span> 
     </span>
    </p>
   </div>
   <div class='ocr_carea' id='block_1_64' title="bbox 479 3206 2042 3277">
    <p class='ocr_par' dir='ltr' id='par_1_64' title="bbox 479 3206 2042 3277">
     <span class='ocr_line' id='line_1_64' title="bbox 479 3206 2042 3277; baseline -0.003 -14"><span class='ocrx_word' id='word_1_461' title='bbox 479 3224 761 3275; x_wconf 85' lang='lat' dir='ltr'><strong>vocamus,</strong></span> <span class='ocrx_word' id='word_1_462' title='bbox 800 3217 852 3262; x_wconf 90' lang='lat' dir='ltr'><strong>te</strong></span> <span class='ocrx_word' id='word_1_463' title='bbox 898 3208 1137 3276; x_wconf 76' lang='lat' dir='ltr'><strong>iudicem</strong></span> <span class='ocrx_word' id='word_1_464' title='bbox 1191 3214 1245 3261; x_wconf 89' lang='lat' dir='ltr'><strong>et</strong></span> <span class='ocrx_word' id='word_1_465' title='bbox 1299 3206 1696 3277; x_wconf 80' lang='lat' dir='ltr'><strong>exploratorem</strong></span> <span class='ocrx_word' id='word_1_466' title='bbox 1755 3206 2042 3260; x_wconf 88' lang='lat' dir='ltr'><strong>verborum</strong></span> 
     </span>
    </p>
   </div>
   <div class='ocr_carea' id='block_1_65' title="bbox 478 3298 2047 3371">
    <p class='ocr_par' dir='ltr' id='par_1_65' title="bbox 478 3298 2047 3371">
     <span class='ocr_line' id='line_1_65' title="bbox 478 3298 2047 3371; baseline -0.003 -14"><span class='ocrx_word' id='word_1_467' title='bbox 478 3310 815 3367; x_wconf 88' lang='lat' dir='ltr'><strong>nostrorum,</strong></span> <span class='ocrx_word' id='word_1_468' title='bbox 850 3309 1011 3371; x_wconf 88' lang='lat' dir='ltr'><strong>atque</strong></span> <span class='ocrx_word' id='word_1_469' title='bbox 1059 3300 1446 3371; x_wconf 85' lang='lat' dir='ltr'><strong>cogitationum</strong></span> <span class='ocrx_word' id='word_1_470' title='bbox 1478 3298 1680 3362; x_wconf 85' lang='lat' dir='ltr'><strong>cordis,</strong></span> <span class='ocrx_word' id='word_1_471' title='bbox 1711 3313 1833 3367; x_wconf 79' lang='lat' dir='ltr'><strong>quae</strong></span> <span class='ocrx_word' id='word_1_472' title='bbox 1876 3298 2047 3368; x_wconf 91' lang='lat' dir='ltr'><strong>pluri-</strong></span> 
     </span>
    </p>
   </div>
   <div class='ocr_carea' id='block_1_66' title="bbox 478 3391 2045 3464">
    <p class='ocr_par' dir='ltr' id='par_1_66' title="bbox 478 3391 2045 3464">
     <span class='ocr_line' id='line_1_66' title="bbox 478 3391 2045 3464; baseline -0.002 -16"><span class='ocrx_word' id='word_1_473' title='bbox 478 3396 584 3448; x_wconf 85' lang='lat' dir='ltr'><strong>mis</strong></span> <span class='ocrx_word' id='word_1_474' title='bbox 622 3395 809 3448; x_wconf 89' lang='lat' dir='ltr'><strong>latenl.</strong></span> <span class='ocrx_word' id='word_1_475' title='bbox 843 3394 923 3448; x_wconf 91' lang='lat' dir='ltr'><strong>Tu</strong></span> <span class='ocrx_word' id='word_1_476' title='bbox 960 3395 1143 3464; x_wconf 87' lang='lat' dir='ltr'><strong>itaque</strong></span> <span class='ocrx_word' id='word_1_477' title='bbox 1187 3394 1355 3458; x_wconf 92' lang='lat' dir='ltr'><strong>nosti,</strong></span> <span class='ocrx_word' id='word_1_478' title='bbox 1392 3394 1439 3448; x_wconf 91' lang='lat' dir='ltr'><strong>si</strong></span> <span class='ocrx_word' id='word_1_479' title='bbox 1474 3393 1641 3446; x_wconf 86' lang='lat' dir='ltr'><strong>tantis</strong></span> <span class='ocrx_word' id='word_1_480' title='bbox 1670 3391 1853 3446; x_wconf 84' lang='lat' dir='ltr'><strong>afflicti</strong></span> <span class='ocrx_word' id='word_1_481' title='bbox 1886 3391 2045 3445; x_wconf 89' lang='lat' dir='ltr'><strong>malis</strong></span> 
     </span>
    </p>
   </div>
   <div class='ocr_carea' id='block_1_67' title="bbox 476 3481 2046 3550">
    <p class='ocr_par' dir='ltr' id='par_1_67' title="bbox 476 3481 2046 3550">
     <span class='ocr_line' id='line_1_67' title="bbox 476 3481 2046 3550; baseline -0.006 -9"><span class='ocrx_word' id='word_1_482' title='bbox 476 3493 532 3541; x_wconf 91' lang='lat' dir='ltr'><strong>et</strong></span> <span class='ocrx_word' id='word_1_483' title='bbox 570 3484 836 3538; x_wconf 78' lang='lat' dir='ltr'><strong>humiiiati</strong></span> <span class='ocrx_word' id='word_1_484' title='bbox 869 3483 922 3537; x_wconf 91' lang='lat' dir='ltr'><strong>in</strong></span> <span class='ocrx_word' id='word_1_485' title='bbox 950 3484 1071 3539; x_wconf 90' lang='lat' dir='ltr'><strong>loco</strong></span> <span class='ocrx_word' id='word_1_486' title='bbox 1109 3482 1437 3544; x_wconf 84' lang='lat' dir='ltr'><strong>al&#39;flictionis,</strong></span> <span class='ocrx_word' id='word_1_487' title='bbox 1466 3481 1643 3550; x_wconf 91' lang='lat' dir='ltr'><strong>operti</strong></span> <span class='ocrx_word' id='word_1_488' title='bbox 1676 3481 1868 3534; x_wconf 88' lang='lat' dir='ltr'><strong>umbra</strong></span> <span class='ocrx_word' id='word_1_489' title='bbox 1899 3495 2046 3534; x_wconf 88' lang='lat' dir='ltr'><strong>mor-</strong></span> 
     </span>
    </p>
   </div>
   <div class='ocr_carea' id='block_1_68' title="bbox 476 3573 2042 3643">
    <p class='ocr_par' dir='ltr' id='par_1_68' title="bbox 476 3573 2042 3643">
     <span class='ocr_line' id='line_1_68' title="bbox 476 3573 2042 3643; baseline -0.003 -12"><span class='ocrx_word' id='word_1_490' title='bbox 476 3577 572 3643; x_wconf 91' lang='lat' dir='ltr'><strong>tis,</strong></span> <span class='ocrx_word' id='word_1_491' title='bbox 598 3578 651 3632; x_wconf 88' lang='lat' dir='ltr'><strong>in</strong></span> <span class='ocrx_word' id='word_1_492' title='bbox 692 3577 1018 3632; x_wconf 85' lang='lat' dir='ltr'><strong>oblivionem</strong></span> <span class='ocrx_word' id='word_1_493' title='bbox 1064 3575 1305 3629; x_wconf 88' lang='lat' dir='ltr'><strong>nominis</strong></span> <span class='ocrx_word' id='word_1_494' title='bbox 1353 3573 1433 3627; x_wconf 92' lang='lat' dir='ltr'><strong>tui</strong></span> <span class='ocrx_word' id='word_1_495' title='bbox 1479 3574 1748 3639; x_wconf 88' lang='lat' dir='ltr'><strong>venimus,</strong></span> <span class='ocrx_word' id='word_1_496' title='bbox 1775 3580 1829 3627; x_wconf 91' lang='lat' dir='ltr'><strong>et</strong></span> <span class='ocrx_word' id='word_1_497' title='bbox 1859 3573 1905 3627; x_wconf 90' lang='lat' dir='ltr'><strong>si</strong></span> <span class='ocrx_word' id='word_1_498' title='bbox 1935 3587 2042 3627; x_wconf 87' lang='lat' dir='ltr'><strong>non</strong></span> 
     </span>
    </p>
   </div>
   <div class='ocr_carea' id='block_1_69' title="bbox 478 3664 2045 3739">
    <p class='ocr_par' dir='ltr' id='par_1_69' title="bbox 478 3664 2045 3739">
     <span class='ocr_line' id='line_1_69' title="bbox 478 3664 2045 3739; baseline -0.004 -14"><span class='ocrx_word' id='word_1_499' title='bbox 478 3670 679 3725; x_wconf 83' lang='lat' dir='ltr'><strong>ﬁducia</strong></span> <span class='ocrx_word' id='word_1_500' title='bbox 721 3670 867 3739; x_wconf 90' lang='lat' dir='ltr'><strong>pleni</strong></span> <span class='ocrx_word' id='word_1_501' title='bbox 912 3668 969 3722; x_wconf 86' lang='lat' dir='ltr'><strong>in</strong></span> <span class='ocrx_word' id='word_1_502' title='bbox 1022 3667 1243 3722; x_wconf 88' lang='lat' dir='ltr'><strong>nomine</strong></span> <span class='ocrx_word' id='word_1_503' title='bbox 1270 3675 1367 3722; x_wconf 87' lang='lat' dir='ltr'><strong>tuo</strong></span> <span class='ocrx_word' id='word_1_504' title='bbox 1389 3666 1602 3737; x_wconf 78' lang='lat' dir='ltr'><strong>gloriati</strong></span> <span class='ocrx_word' id='word_1_505' title='bbox 1638 3680 1827 3721; x_wconf 89' lang='lat' dir='ltr'><strong>sumus</strong></span> <span class='ocrx_word' id='word_1_506' title='bbox 1861 3684 1873 3719; x_wconf 87' lang='lat'><strong>:</strong></span> <span class='ocrx_word' id='word_1_507' title='bbox 1905 3668 1952 3718; x_wconf 86' lang='lat' dir='ltr'><strong>si</strong></span> <span class='ocrx_word' id='word_1_508' title='bbox 1977 3664 2045 3719; x_wconf 91' lang='lat' dir='ltr'><strong>dc</strong></span> 
     </span>
    </p>
   </div>
   <div class='ocr_carea' id='block_1_70' title="bbox 479 3758 2045 3829">
    <p class='ocr_par' dir='ltr' id='par_1_70' title="bbox 479 3758 2045 3829">
     <span class='ocr_line' id='line_1_70' title="bbox 479 3758 2045 3829; baseline -0.003 -13"><span class='ocrx_word' id='word_1_509' title='bbox 479 3762 685 3816; x_wconf 79' lang='lat' dir='ltr'><strong>auxilio</strong></span> <span class='ocrx_word' id='word_1_510' title='bbox 708 3767 803 3815; x_wconf 91' lang='lat' dir='ltr'><strong>tuo</strong></span> <span class='ocrx_word' id='word_1_511' title='bbox 832 3759 1205 3829; x_wconf 83' lang='lat' dir='ltr'><strong>desperantes,</strong></span> <span class='ocrx_word' id='word_1_512' title='bbox 1234 3758 1302 3813; x_wconf 87' lang='lat' dir='ltr'><strong>ad</strong></span> <span class='ocrx_word' id='word_1_513' title='bbox 1331 3760 1494 3813; x_wconf 91' lang='lat' dir='ltr'><strong>alium</strong></span> <span class='ocrx_word' id='word_1_514' title='bbox 1525 3758 1814 3828; x_wconf 78' lang='lat' dir='ltr'><strong>quemdam</strong></span> <span class='ocrx_word' id='word_1_515' title='bbox 1859 3772 2045 3811; x_wconf 88' lang='lat' dir='ltr'><strong>acces-</strong></span> 
     </span>
    </p>
   </div>
   <div class='ocr_carea' id='block_1_71' title="bbox 479 3848 2042 3923">
    <p class='ocr_par' dir='ltr' id='par_1_71' title="bbox 479 3848 2042 3923">
     <span class='ocr_line' id='line_1_71' title="bbox 479 3848 2042 3923; baseline -0.004 -14"><span class='ocrx_word' id='word_1_516' title='bbox 479 3854 673 3916; x_wconf 90' lang='lat' dir='ltr'><strong>simus,</strong></span> <span class='ocrx_word' id='word_1_517' title='bbox 705 3868 1009 3923; x_wconf 90' lang='lat' dir='ltr'><strong>manusque</strong></span> <span class='ocrx_word' id='word_1_518' title='bbox 1059 3852 1152 3905; x_wconf 90' lang='lat' dir='ltr'><strong>alii</strong></span> <span class='ocrx_word' id='word_1_519' title='bbox 1214 3852 1322 3907; x_wconf 91' lang='lat' dir='ltr'><strong>Deo</strong></span> <span class='ocrx_word' id='word_1_520' title='bbox 1347 3850 1725 3920; x_wconf 75' lang='lat' dir='ltr'><strong>expendimus.</strong></span> <span class='ocrx_word' id='word_1_521' title='bbox 1755 3848 1957 3904; x_wconf 83' lang='lat' dir='ltr'><strong>Horum</strong></span> <span class='ocrx_word' id='word_1_522' title='bbox 1984 3858 2042 3902; x_wconf 91' lang='lat' dir='ltr'><strong>tu</strong></span> 
     </span>
    </p>
   </div>
   <div class='ocr_carea' id='block_1_72' title="bbox 474 3941 2044 4016">
    <p class='ocr_par' dir='ltr' id='par_1_72' title="bbox 474 3941 2044 4016">
     <span class='ocr_line' id='line_1_72' title="bbox 474 3941 2044 4016; baseline -0.003 -15"><span class='ocrx_word' id='word_1_523' title='bbox 474 3945 643 4016; x_wconf 79' lang='lat' dir='ltr'><strong>judex</strong></span> <span class='ocrx_word' id='word_1_524' title='bbox 671 3961 731 4001; x_wconf 91' lang='lat' dir='ltr'><strong>es</strong></span> <span class='ocrx_word' id='word_1_525' title='bbox 768 3963 782 4000; x_wconf 86' lang='lat'><strong>:</strong></span> <span class='ocrx_word' id='word_1_526' title='bbox 815 3946 961 4000; x_wconf 89' lang='lat' dir='ltr'><strong>nosti</strong></span> <span class='ocrx_word' id='word_1_527' title='bbox 990 3946 1133 3999; x_wconf 91' lang='lat' dir='ltr'><strong>enim</strong></span> <span class='ocrx_word' id='word_1_528' title='bbox 1180 3944 1498 3999; x_wconf 88' lang='lat' dir='ltr'><strong>abscondita</strong></span> <span class='ocrx_word' id='word_1_529' title='bbox 1548 3941 1734 3998; x_wconf 89' lang='lat' dir='ltr'><strong>cordis</strong></span> <span class='ocrx_word' id='word_1_530' title='bbox 1760 3949 1816 3997; x_wconf 87' lang='lat' dir='ltr'><strong>et</strong></span> <span class='ocrx_word' id='word_1_531' title='bbox 1845 3941 2044 4012; x_wconf 87' lang='lat' dir='ltr'><strong>c0gita-</strong></span> 
     </span>
    </p>
   </div>
   <div class='ocr_carea' id='block_1_73' title="bbox 475 4033 2043 4106">
    <p class='ocr_par' dir='ltr' id='par_1_73' title="bbox 475 4033 2043 4106">
     <span class='ocr_line' id='line_1_73' title="bbox 475 4033 2043 4106; baseline -0.003 -16"><span class='ocrx_word' id='word_1_532' title='bbox 475 4037 674 4103; x_wconf 87' lang='lat' dir='ltr'><strong>tiones,</strong></span> <span class='ocrx_word' id='word_1_533' title='bbox 707 4036 759 4089; x_wconf 89' lang='lat' dir='ltr'><strong>iu</strong></span> <span class='ocrx_word' id='word_1_534' title='bbox 787 4036 985 4106; x_wconf 89' lang='lat' dir='ltr'><strong>quibus</strong></span> <span class='ocrx_word' id='word_1_535' title='bbox 1026 4044 1327 4099; x_wconf 88' lang='lat' dir='ltr'><strong>versantes,</strong></span> <span class='ocrx_word' id='word_1_536' title='bbox 1356 4035 1597 4104; x_wconf 87' lang='lat' dir='ltr'><strong>quotidie</strong></span> <span class='ocrx_word' id='word_1_537' title='bbox 1634 4033 1852 4103; x_wconf 88' lang='lat' dir='ltr'><strong>pietatis</strong></span> <span class='ocrx_word' id='word_1_538' title='bbox 1875 4047 2043 4087; x_wconf 86' lang='lat' dir='ltr'><strong>causa</strong></span> 
     </span>
    </p>
   </div>
   <div class='ocr_carea' id='block_1_74' title="bbox 475 4125 2043 4197">
    <p class='ocr_par' dir='ltr' id='par_1_74' title="bbox 475 4125 2043 4197">
     <span class='ocr_line' id='line_1_74' title="bbox 475 4125 2043 4197; baseline -0.003 -13"><span class='ocrx_word' id='word_1_539' title='bbox 475 4136 650 4184; x_wconf 88' lang='lat' dir='ltr'><strong>morte</strong></span> <span class='ocrx_word' id='word_1_540' title='bbox 676 4127 960 4184; x_wconf 84' lang='lat' dir='ltr'><strong>aflicimur.</strong></span> <span class='ocrx_word' id='word_1_541' title='bbox 990 4125 1126 4182; x_wconf 88' lang='lat' dir='ltr'><strong>Nam</strong></span> <span class='ocrx_word' id='word_1_542' title='bbox 1153 4130 1245 4197; x_wconf 92' lang='lat' dir='ltr'><strong>qui</strong></span> <span class='ocrx_word' id='word_1_543' title='bbox 1291 4127 1346 4181; x_wconf 92' lang='lat' dir='ltr'><strong>in</strong></span> <span class='ocrx_word' id='word_1_544' title='bbox 1379 4127 1608 4197; x_wconf 77' lang='lat' dir='ltr'><strong>singulis</strong></span> <span class='ocrx_word' id='word_1_545' title='bbox 1649 4125 2043 4181; x_wconf 87' lang='lat' dir='ltr'><strong>tentationibus</strong></span> 
     </span>
    </p>
   </div>
   <div class='ocr_carea' id='block_1_75' title="bbox 476 4217 2042 4291">
    <p class='ocr_par' dir='ltr' id='par_1_75' title="bbox 476 4217 2042 4291">
     <span class='ocr_line' id='line_1_75' title="bbox 476 4217 2042 4291; baseline -0.003 -16"><span class='ocrx_word' id='word_1_546' title='bbox 476 4221 532 4275; x_wconf 93' lang='lat' dir='ltr'><strong>in</strong></span> <span class='ocrx_word' id='word_1_547' title='bbox 573 4220 851 4291; x_wconf 89' lang='lat' dir='ltr'><strong>proposito</strong></span> <span class='ocrx_word' id='word_1_548' title='bbox 876 4219 1066 4273; x_wconf 88' lang='lat' dir='ltr'><strong>habuit</strong></span> <span class='ocrx_word' id='word_1_549' title='bbox 1111 4227 1341 4274; x_wconf 90' lang='lat' dir='ltr'><strong>mortem</strong></span> <span class='ocrx_word' id='word_1_550' title='bbox 1375 4234 1476 4289; x_wconf 89' lang='lat' dir='ltr'><strong>pro</strong></span> <span class='ocrx_word' id='word_1_551' title='bbox 1505 4219 1731 4272; x_wconf 87' lang='lat' dir='ltr'><strong>veritate</strong></span> <span class='ocrx_word' id='word_1_552' title='bbox 1758 4217 1963 4281; x_wconf 85' lang='lat' dir='ltr'><strong>subire,</strong></span> <span class='ocrx_word' id='word_1_553' title='bbox 1994 4218 2042 4271; x_wconf 90' lang='lat' dir='ltr'><strong>is</strong></span> 
     </span>
    </p>
   </div>
   <div class='ocr_carea' id='block_1_76' title="bbox 476 4306 2043 4379">
    <p class='ocr_par' dir='ltr' id='par_1_76' title="bbox 476 4306 2043 4379">
     <span class='ocr_line' id='line_1_76' title="bbox 476 4306 2043 4379; baseline -0.005 -11"><span class='ocrx_word' id='word_1_554' title='bbox 476 4328 610 4369; x_wconf 84' lang='lat' dir='ltr'><strong>sane</strong></span> <span class='ocrx_word' id='word_1_555' title='bbox 659 4310 836 4379; x_wconf 91' lang='lat' dir='ltr'><strong>quoad</strong></span> <span class='ocrx_word' id='word_1_556' title='bbox 885 4310 1138 4365; x_wconf 85' lang='lat' dir='ltr'><strong>virtutem</strong></span> <span class='ocrx_word' id='word_1_557' title='bbox 1194 4309 1459 4379; x_wconf 90' lang='lat' dir='ltr'><strong>propositi</strong></span> <span class='ocrx_word' id='word_1_558' title='bbox 1513 4307 1667 4363; x_wconf 90' lang='lat' dir='ltr'><strong>obiit.</strong></span> <span class='ocrx_word' id='word_1_559' title='bbox 1722 4306 1780 4362; x_wconf 84' lang='lat' dir='ltr'><strong>Id</strong></span> <span class='ocrx_word' id='word_1_560' title='bbox 1827 4321 2043 4377; x_wconf 88' lang='lat' dir='ltr'><strong>quoque</strong></span> 
     </span>
    </p>
   </div>
   <div class='ocr_carea' id='block_1_77' title="bbox 475 4397 2044 4475">
    <p class='ocr_par' dir='ltr' id='par_1_77' title="bbox 475 4397 2044 4475">
     <span class='ocr_line' id='line_1_77' title="bbox 475 4397 2044 4475; baseline -0.006 -16"><span class='ocrx_word' id='word_1_561' title='bbox 475 4404 769 4475; x_wconf 80' lang='lat' dir='ltr'><strong>Apostolus</strong></span> <span class='ocrx_word' id='word_1_562' title='bbox 819 4399 1051 4465; x_wconf 89' lang='lat' dir='ltr'><strong>dicebat,</strong></span> <span class='ocrx_word' id='word_1_563' title='bbox 1092 4398 1352 4469; x_wconf 89' lang='lat' dir='ltr'><strong>quoniam</strong></span> <span class='ocrx_word' id='word_1_564' title='bbox 1396 4397 1709 4467; x_wconf 82' lang='lat' dir='ltr'><strong>frequentes</strong></span> <span class='ocrx_word' id='word_1_565' title='bbox 1754 4402 1929 4461; x_wconf 90' lang='lat' dir='ltr'><strong>erant,</strong></span> <span class='ocrx_word' id='word_1_566' title='bbox 1979 4406 2044 4450; x_wconf 79' lang='lat' dir='ltr'><strong>ac</strong></span> 
     </span>
    </p>
   </div>
   <div class='ocr_carea' id='block_1_78' title="bbox 2145 3212 3715 3287">
    <p class='ocr_par' dir='ltr' id='par_1_78' title="bbox 2145 3212 3715 3287">
     <span class='ocr_line' id='line_1_78' title="bbox 2145 3212 3715 3287; baseline 0.004 -25"><span class='ocrx_word' id='word_1_567' title='bbox 2145 3227 2306 3283; x_wconf 84' lang='grc' dir='ltr'>τυρα,</span> <span class='ocrx_word' id='word_1_568' title='bbox 2324 3212 2508 3282; x_wconf 73' lang='grc' dir='ltr'>φησὶν,</span> <span class='ocrx_word' id='word_1_569' title='bbox 2534 3213 2969 3283; x_wconf 83' lang='grc' dir='ltr'>ἀνακαλούμεθα,</span> <span class='ocrx_word' id='word_1_570' title='bbox 2994 3214 3185 3284; x_wconf 87' lang='grc' dir='ltr'>κριτήν</span> <span class='ocrx_word' id='word_1_571' title='bbox 3215 3229 3274 3265; x_wconf 89' lang='grc' dir='ltr'><strong>τε</strong></span> <span class='ocrx_word' id='word_1_572' title='bbox 3302 3215 3393 3266; x_wconf 77' lang='grc' dir='ltr'>καὶ</span> <span class='ocrx_word' id='word_1_573' title='bbox 3426 3213 3715 3287; x_wconf 80' lang='grc' dir='ltr'>ἐξεταστὴν</span> 
     </span>
    </p>
   </div>
   <div class='ocr_carea' id='block_1_79' title="bbox 2145 3303 3716 3375">
    <p class='ocr_par' dir='ltr' id='par_1_79' title="bbox 2145 3303 3716 3375">
     <span class='ocr_line' id='line_1_79' title="bbox 2145 3303 3716 3375; baseline 0.003 -20"><span class='ocrx_word' id='word_1_574' title='bbox 2145 3303 2254 3356; x_wconf 84' lang='grc' dir='ltr'>τῶν</span> <span class='ocrx_word' id='word_1_575' title='bbox 2287 3304 2567 3375; x_wconf 81' lang='grc' dir='ltr'>ἡμετέρων</span> <span class='ocrx_word' id='word_1_576' title='bbox 2589 3304 2763 3373; x_wconf 89' lang='grc' dir='ltr'>λόγων</span> <span class='ocrx_word' id='word_1_577' title='bbox 2792 3306 2888 3359; x_wconf 80' lang='grc' dir='ltr'><strong>καὶ</strong></span> <span class='ocrx_word' id='word_1_578' title='bbox 2917 3305 3022 3358; x_wconf 88' lang='grc' dir='ltr'><strong>τῶν</strong></span> <span class='ocrx_word' id='word_1_579' title='bbox 3066 3304 3207 3358; x_wconf 87' lang='grc' dir='ltr'><strong>κατά</strong></span> <span class='ocrx_word' id='word_1_580' title='bbox 3257 3304 3493 3359; x_wconf 89' lang='grc' dir='ltr'>διάνοιαν</span> <span class='ocrx_word' id='word_1_581' title='bbox 3523 3304 3716 3360; x_wconf 89' lang='grc' dir='ltr'>λανθα-</span> 
     </span>
    </p>
   </div>
   <div class='ocr_carea' id='block_1_80' title="bbox 2146 3392 3711 3467">
    <p class='ocr_par' dir='ltr' id='par_1_80' title="bbox 2146 3392 3711 3467">
     <span class='ocr_line' id='line_1_80' title="bbox 2146 3392 3711 3467; baseline 0.001 -18"><span class='ocrx_word' id='word_1_582' title='bbox 2146 3396 2342 3449; x_wconf 89' lang='grc' dir='ltr'>νόντων</span> <span class='ocrx_word' id='word_1_583' title='bbox 2372 3397 2499 3460; x_wconf 75' lang='grc' dir='ltr'>τοὺς</span> <span class='ocrx_word' id='word_1_584' title='bbox 2530 3396 2757 3460; x_wconf 79' lang='grc' dir='ltr'>πολλοὺς</span> <span class='ocrx_word' id='word_1_585' title='bbox 2778 3396 3069 3467; x_wconf 87' lang='grc' dir='ltr'>λογισμῶν.</span> <span class='ocrx_word' id='word_1_586' title='bbox 3097 3397 3268 3460; x_wconf 78' lang='grc' dir='ltr'>Αὐτὸς</span> <span class='ocrx_word' id='word_1_587' title='bbox 3299 3396 3430 3466; x_wconf 78' lang='grc' dir='ltr'>γοῦν</span> <span class='ocrx_word' id='word_1_588' title='bbox 3447 3392 3622 3458; x_wconf 82' lang='grc' dir='ltr'>οἶσθα,</span> <span class='ocrx_word' id='word_1_589' title='bbox 3639 3397 3711 3460; x_wconf 83' lang='grc' dir='ltr'><strong>εί,</strong></span> 
     </span>
    </p>
   </div>
   <div class='ocr_carea' id='block_1_81' title="bbox 2145 3488 3717 3560">
    <p class='ocr_par' dir='ltr' id='par_1_81' title="bbox 2145 3488 3717 3560">
     <span class='ocr_line' id='line_1_81' title="bbox 2145 3488 3717 3560; baseline 0.001 -20"><span class='ocrx_word' id='word_1_590' title='bbox 2145 3488 2383 3543; x_wconf 83' lang='grc' dir='ltr'>τοσαῦτα</span> <span class='ocrx_word' id='word_1_591' title='bbox 2408 3489 2671 3553; x_wconf 87' lang='grc' dir='ltr'>παθόντες</span> <span class='ocrx_word' id='word_1_592' title='bbox 2727 3491 2821 3542; x_wconf 74' lang='grc' dir='ltr'>καὶ</span> <span class='ocrx_word' id='word_1_593' title='bbox 2873 3489 3304 3553; x_wconf 69' lang='grc' dir='ltr'>ταπεινωθέντεςέ</span> <span class='ocrx_word' id='word_1_594' title='bbox 3326 3490 3383 3543; x_wconf 84' lang='grc' dir='ltr'>ὲν</span> <span class='ocrx_word' id='word_1_595' title='bbox 3413 3490 3563 3560; x_wconf 83' lang='grc' dir='ltr'>τόπῳ</span> <span class='ocrx_word' id='word_1_596' title='bbox 3616 3506 3717 3542; x_wconf 84' lang='grc' dir='ltr'>κα-</span> 
     </span>
    </p>
   </div>
   <div class='ocr_carea' id='block_1_82' title="bbox 2147 3577 3719 3648">
    <p class='ocr_par' dir='ltr' id='par_1_82' title="bbox 2147 3577 3719 3648">
     <span class='ocr_line' id='line_1_82' title="bbox 2147 3577 3719 3648; baseline -0.001 -17"><span class='ocrx_word' id='word_1_597' title='bbox 2147 3577 2391 3643; x_wconf 88' lang='grc' dir='ltr'>κώσεως,</span> <span class='ocrx_word' id='word_1_598' title='bbox 2426 3579 2521 3632; x_wconf 74' lang='grc' dir='ltr'>καὶ</span> <span class='ocrx_word' id='word_1_599' title='bbox 2540 3578 2902 3648; x_wconf 85' lang='grc' dir='ltr'>καλυφθέντες</span> <span class='ocrx_word' id='word_1_600' title='bbox 2953 3579 3060 3632; x_wconf 79' lang='grc' dir='ltr'><strong>ὑπὸ</strong></span> <span class='ocrx_word' id='word_1_601' title='bbox 3089 3580 3187 3648; x_wconf 76' lang='grc' dir='ltr'>τῆς</span> <span class='ocrx_word' id='word_1_602' title='bbox 3234 3581 3392 3643; x_wconf 82' lang='grc' dir='ltr'>σκιᾶς</span> <span class='ocrx_word' id='word_1_603' title='bbox 3433 3577 3529 3631; x_wconf 80' lang='grc' dir='ltr'>τοῦ</span> <span class='ocrx_word' id='word_1_604' title='bbox 3562 3577 3719 3631; x_wconf 90' lang='grc' dir='ltr'>θανά-</span> 
     </span>
    </p>
   </div>
   <div class='ocr_carea' id='block_1_83' title="bbox 2146 3664 3716 3741">
    <p class='ocr_par' dir='ltr' id='par_1_83' title="bbox 2146 3664 3716 3741">
     <span class='ocr_line' id='line_1_83' title="bbox 2146 3664 3716 3741; baseline -0.003 -20"><span class='ocrx_word' id='word_1_605' title='bbox 2146 3686 2259 3732; x_wconf 86' lang='grc' dir='ltr'>του,</span> <span class='ocrx_word' id='word_1_606' title='bbox 2292 3668 2462 3741; x_wconf 85' lang='grc' dir='ltr'>λήθην</span> <span class='ocrx_word' id='word_1_607' title='bbox 2491 3668 2585 3721; x_wconf 80' lang='grc' dir='ltr'>τοῦ</span> <span class='ocrx_word' id='word_1_608' title='bbox 2617 3667 2877 3739; x_wconf 83' lang='grc' dir='ltr'>ὀνόματός</span> <span class='ocrx_word' id='word_1_609' title='bbox 2911 3683 3003 3720; x_wconf 89' lang='grc' dir='ltr'><strong>σου</strong></span> <span class='ocrx_word' id='word_1_610' title='bbox 3036 3666 3400 3738; x_wconf 71' lang='grc' dir='ltr'>πεποιήμεθα·</span> <span class='ocrx_word' id='word_1_611' title='bbox 3432 3667 3526 3720; x_wconf 58' lang='grc' dir='ltr'><strong>καὶ⁵</strong></span> <span class='ocrx_word' id='word_1_612' title='bbox 3556 3666 3604 3718; x_wconf 85' lang='grc' dir='ltr'><strong>εί</strong></span> <span class='ocrx_word' id='word_1_613' title='bbox 3643 3664 3716 3735; x_wconf 81' lang='grc' dir='ltr'><strong>μὴ</strong></span> 
     </span>
    </p>
   </div>
   <div class='ocr_carea' id='block_1_84' title="bbox 2147 3755 3714 3831">
    <p class='ocr_par' dir='ltr' id='par_1_84' title="bbox 2147 3755 3714 3831">
     <span class='ocr_line' id='line_1_84' title="bbox 2147 3755 3714 3831; baseline -0.003 -18"><span class='ocrx_word' id='word_1_614' title='bbox 2147 3763 2239 3814; x_wconf 74' lang='grc' dir='ltr'>ἐπὶ</span> <span class='ocrx_word' id='word_1_615' title='bbox 2262 3761 2338 3831; x_wconf 81' lang='grc' dir='ltr'>τῷ</span> <span class='ocrx_word' id='word_1_616' title='bbox 2373 3760 2449 3830; x_wconf 82' lang='grc' dir='ltr'>σῷ</span> <span class='ocrx_word' id='word_1_617' title='bbox 2470 3760 2691 3831; x_wconf 81' lang='grc' dir='ltr'>ὀνόματι</span> <span class='ocrx_word' id='word_1_618' title='bbox 2720 3760 3024 3831; x_wconf 75' lang='grc' dir='ltr'>παρρησίας</span> <span class='ocrx_word' id='word_1_619' title='bbox 3056 3759 3317 3830; x_wconf 83' lang='grc' dir='ltr'>γέμοντες</span> <span class='ocrx_word' id='word_1_620' title='bbox 3337 3755 3714 3829; x_wconf 84' lang='grc' dir='ltr'>ὲκαυχὼμεθα·</span> 
     </span>
    </p>
   </div>
   <div class='ocr_carea' id='block_1_85' title="bbox 2146 3849 3720 3925">
    <p class='ocr_par' dir='ltr' id='par_1_85' title="bbox 2146 3849 3720 3925">
     <span class='ocr_line' id='line_1_85' title="bbox 2146 3849 3720 3925; baseline -0.004 -19"><span class='ocrx_word' id='word_1_621' title='bbox 2146 3855 2194 3906; x_wconf 92' lang='grc' dir='ltr'><strong>εί</strong></span> <span class='ocrx_word' id='word_1_622' title='bbox 2213 3853 2269 3906; x_wconf 82' lang='grc' dir='ltr'>δὲ</span> <span class='ocrx_word' id='word_1_623' title='bbox 2302 3854 2415 3918; x_wconf 76' lang='grc' dir='ltr'>καὶ,</span> <span class='ocrx_word' id='word_1_624' title='bbox 2443 3852 2773 3921; x_wconf 86' lang='grc' dir='ltr'>ἀπογνόντες</span> <span class='ocrx_word' id='word_1_625' title='bbox 2804 3852 2902 3925; x_wconf 80' lang='grc' dir='ltr'>τὴν</span> <span class='ocrx_word' id='word_1_626' title='bbox 2956 3852 3109 3921; x_wconf 86' lang='grc' dir='ltr'><strong>παρά</strong></span> <span class='ocrx_word' id='word_1_627' title='bbox 3176 3851 3266 3904; x_wconf 80' lang='grc' dir='ltr'>σοῦ</span> <span class='ocrx_word' id='word_1_628' title='bbox 3300 3849 3569 3921; x_wconf 87' lang='grc' dir='ltr'>βοήθειαν,</span> <span class='ocrx_word' id='word_1_629' title='bbox 3627 3849 3720 3901; x_wconf 72' lang='grc' dir='ltr'><strong>ἐπὶ</strong></span> 
     </span>
    </p>
   </div>
   <div class='ocr_carea' id='block_1_86' title="bbox 2145 3938 3719 4015">
    <p class='ocr_par' dir='ltr' id='par_1_86' title="bbox 2145 3938 3719 4015">
     <span class='ocr_line' id='line_1_86' title="bbox 2145 3938 3719 4015; baseline -0.006 -16"><span class='ocrx_word' id='word_1_630' title='bbox 2145 3945 2327 4015; x_wconf 78' lang='grc' dir='ltr'>ἕτερόν</span> <span class='ocrx_word' id='word_1_631' title='bbox 2358 3961 2480 3998; x_wconf 87' lang='grc' dir='ltr'>τινα</span> <span class='ocrx_word' id='word_1_632' title='bbox 2512 3944 2764 4015; x_wconf 75' lang='grc' dir='ltr'>ἧλθομεν,</span> <span class='ocrx_word' id='word_1_633' title='bbox 2789 3945 2959 4015; x_wconf 80' lang='grc' dir='ltr'>ἑτέρῳ</span> <span class='ocrx_word' id='word_1_634' title='bbox 2989 3942 3107 4013; x_wconf 83' lang='grc' dir='ltr'>Θεῷ</span> <span class='ocrx_word' id='word_1_635' title='bbox 3132 3945 3319 4012; x_wconf 79' lang='grc' dir='ltr'>χεῖρας</span> <span class='ocrx_word' id='word_1_636' title='bbox 3346 3938 3719 3993; x_wconf 87' lang='grc' dir='ltr'>ἀναπετάσαν-</span> 
     </span>
    </p>
   </div>
   <div class='ocr_carea' id='block_1_87' title="bbox 2144 4028 3719 4107">
    <p class='ocr_par' dir='ltr' id='par_1_87' title="bbox 2144 4028 3719 4107">
     <span class='ocr_line' id='line_1_87' title="bbox 2144 4028 3719 4107; baseline -0.005 -17"><span class='ocrx_word' id='word_1_637' title='bbox 2144 4054 2253 4101; x_wconf 88' lang='grc' dir='ltr'>τες·</span> <span class='ocrx_word' id='word_1_638' title='bbox 2290 4039 2384 4092; x_wconf 76' lang='grc' dir='ltr'><strong>καὶ</strong></span> <span class='ocrx_word' id='word_1_639' title='bbox 2413 4037 2619 4090; x_wconf 89' lang='grc' dir='ltr'>τούτων</span> <span class='ocrx_word' id='word_1_640' title='bbox 2656 4038 2719 4090; x_wconf 86' lang='grc' dir='ltr'><strong>σὺ</strong></span> <span class='ocrx_word' id='word_1_641' title='bbox 2750 4038 2941 4107; x_wconf 81' lang='grc' dir='ltr'>κριτὴς</span> <span class='ocrx_word' id='word_1_642' title='bbox 2986 4033 3293 4103; x_wconf 86' lang='grc' dir='ltr'>τυγχάνεις.</span> <span class='ocrx_word' id='word_1_643' title='bbox 3332 4028 3506 4084; x_wconf 79' lang='grc' dir='ltr'>Οἶσθα</span> <span class='ocrx_word' id='word_1_644' title='bbox 3534 4029 3592 4083; x_wconf 83' lang='grc' dir='ltr'>δὲ</span> <span class='ocrx_word' id='word_1_645' title='bbox 3622 4031 3719 4083; x_wconf 85' lang='grc' dir='ltr'>καὶ</span> 
     </span>
    </p>
   </div>
   <div class='ocr_carea' id='block_1_88' title="bbox 2144 4121 3715 4202">
    <p class='ocr_par' dir='ltr' id='par_1_88' title="bbox 2144 4121 3715 4202">
     <span class='ocr_line' id='line_1_88' title="bbox 2144 4121 3715 4202; baseline -0.007 -18"><span class='ocrx_word' id='word_1_646' title='bbox 2144 4128 2213 4184; x_wconf 80' lang='grc' dir='ltr'>τὰ</span> <span class='ocrx_word' id='word_1_647' title='bbox 2242 4131 2449 4202; x_wconf 81' lang='grc' dir='ltr'>κρύφια</span> <span class='ocrx_word' id='word_1_648' title='bbox 2478 4129 2578 4199; x_wconf 79' lang='grc' dir='ltr'>τῆς</span> <span class='ocrx_word' id='word_1_649' title='bbox 2606 4129 2831 4199; x_wconf 87' lang='grc' dir='ltr'>καρδίας</span> <span class='ocrx_word' id='word_1_650' title='bbox 2880 4127 2973 4181; x_wconf 74' lang='grc' dir='ltr'><strong>καὶ</strong></span> <span class='ocrx_word' id='word_1_651' title='bbox 3023 4126 3147 4186; x_wconf 82' lang='grc' dir='ltr'>τοὺς</span> <span class='ocrx_word' id='word_1_652' title='bbox 3178 4121 3467 4193; x_wconf 76' lang='grc' dir='ltr'>λογισμοὺς</span> <span class='ocrx_word' id='word_1_653' title='bbox 3498 4121 3715 4185; x_wconf 80' lang='grc' dir='ltr'>αὐτοὺς,</span> 
     </span>
    </p>
   </div>
   <div class='ocr_carea' id='block_1_89' title="bbox 2146 4206 3720 4287">
    <p class='ocr_par' dir='ltr' id='par_1_89' title="bbox 2146 4206 3720 4287">
     <span class='ocr_line' id='line_1_89' title="bbox 2146 4206 3720 4287; baseline -0.01 -14"><span class='ocrx_word' id='word_1_654' title='bbox 2146 4222 2203 4272; x_wconf 78' lang='grc' dir='ltr'>ὲν</span> <span class='ocrx_word' id='word_1_655' title='bbox 2240 4215 2321 4284; x_wconf 80' lang='grc' dir='ltr'>οἷς</span> <span class='ocrx_word' id='word_1_656' title='bbox 2351 4218 2476 4272; x_wconf 81' lang='grc' dir='ltr'>καθ’</span> <span class='ocrx_word' id='word_1_657' title='bbox 2510 4216 2748 4287; x_wconf 77' lang='grc' dir='ltr'>ἑκάστην</span> <span class='ocrx_word' id='word_1_658' title='bbox 2778 4214 2987 4285; x_wconf 82' lang='grc' dir='ltr'>ἡμέραν</span> <span class='ocrx_word' id='word_1_659' title='bbox 3006 4211 3167 4263; x_wconf 78' lang='grc' dir='ltr'>ἕνεκα</span> <span class='ocrx_word' id='word_1_660' title='bbox 3195 4210 3294 4279; x_wconf 84' lang='grc' dir='ltr'><strong>τῆς</strong></span> <span class='ocrx_word' id='word_1_661' title='bbox 3318 4206 3597 4270; x_wconf 84' lang='grc' dir='ltr'>εὐσεϐείας</span> <span class='ocrx_word' id='word_1_662' title='bbox 3629 4206 3720 4260; x_wconf 70' lang='grc' dir='ltr'>θαι</span> 
     </span>
    </p>
   </div>
   <div class='ocr_carea' id='block_1_90' title="bbox 2144 4298 3716 4382">
    <p class='ocr_par' dir='ltr' id='par_1_90' title="bbox 2144 4298 3716 4382">
     <span class='ocr_line' id='line_1_90' title="bbox 2144 4298 3716 4382; baseline -0.008 -17"><span class='ocrx_word' id='word_1_663' title='bbox 2144 4310 2470 4382; x_wconf 86' lang='grc' dir='ltr'>νατούμεθα.</span> <span class='ocrx_word' id='word_1_664' title='bbox 2542 4308 2600 4361; x_wconf 85' lang='grc' dir='ltr'>Ὀ</span> <span class='ocrx_word' id='word_1_665' title='bbox 2656 4305 2766 4375; x_wconf 86' lang='grc' dir='ltr'>γὰρ</span> <span class='ocrx_word' id='word_1_666' title='bbox 2824 4307 2892 4374; x_wconf 80' lang='grc' dir='ltr'>τῇ</span> <span class='ocrx_word' id='word_1_667' title='bbox 2941 4300 3190 4373; x_wconf 82' lang='grc' dir='ltr'>προθέσει</span> <span class='ocrx_word' id='word_1_668' title='bbox 3240 4300 3591 4370; x_wconf 84' lang='grc' dir='ltr'>λογισάμενος</span> <span class='ocrx_word' id='word_1_669' title='bbox 3631 4298 3716 4365; x_wconf 63' lang='grc' dir='ltr'><strong>ἐφ’</strong></span> 
     </span>
    </p>
   </div>
   <div class='ocr_carea' id='block_1_91' title="bbox 2147 4391 3719 4474">
    <p class='ocr_par' dir='ltr' id='par_1_91' title="bbox 2147 4391 3719 4474">
     <span class='ocr_line' id='line_1_91' title="bbox 2147 4391 3719 4474; baseline -0.008 -17"><span class='ocrx_word' id='word_1_670' title='bbox 2147 4405 2359 4474; x_wconf 78' lang='grc' dir='ltr'>ἑκάστῳ</span> <span class='ocrx_word' id='word_1_671' title='bbox 2380 4398 2669 4472; x_wconf 70' lang='grc' dir='ltr'>πειρασμῷ</span> <span class='ocrx_word' id='word_1_672' title='bbox 2726 4397 2817 4449; x_wconf 86' lang='grc' dir='ltr'><strong>τὸν</strong></span> <span class='ocrx_word' id='word_1_673' title='bbox 2863 4395 3002 4466; x_wconf 85' lang='grc' dir='ltr'>ὑπὲρ</span> <span class='ocrx_word' id='word_1_674' title='bbox 3055 4393 3307 4464; x_wconf 87' lang='grc' dir='ltr'>ἀληθείας</span> <span class='ocrx_word' id='word_1_675' title='bbox 3363 4391 3719 4457; x_wconf 81' lang='grc' dir='ltr'>ἀναδέξασθαι</span> 
     </span>
    </p>
   </div>
   <div class='ocr_carea' id='block_1_92' title="bbox 478 4481 2045 4563">
    <p class='ocr_par' dir='ltr' id='par_1_92' title="bbox 478 4490 2045 4563">
     <span class='ocr_line' id='line_1_92' title="bbox 478 4490 2045 4563; baseline -0.008 -9"><span class='ocrx_word' id='word_1_676' title='bbox 478 4495 710 4554; x_wconf 89' lang='lat' dir='ltr'><strong>subinde</strong></span> <span class='ocrx_word' id='word_1_677' title='bbox 737 4492 981 4563; x_wconf 69' lang='lat' dir='ltr'><strong>repetitae</strong></span> <span class='ocrx_word' id='word_1_678' title='bbox 1010 4490 1437 4561; x_wconf 85' lang='lat' dir='ltr'><strong>persecutiones,</strong></span> <span class='ocrx_word' id='word_1_679' title='bbox 1458 4498 1514 4545; x_wconf 90' lang='lat' dir='ltr'><strong>et</strong></span> <span class='ocrx_word' id='word_1_680' title='bbox 1545 4490 1861 4544; x_wconf 79' lang='lat' dir='ltr'><strong>vexationes</strong></span> <span class='ocrx_word' id='word_1_681' title='bbox 1895 4503 2045 4543; x_wconf 89' lang='lat' dir='ltr'><strong>mor-</strong></span> 
     </span>
    </p>
   </div>
   <div class='ocr_carea' id='block_1_93' title="bbox 2147 4481 3719 4563">
    <p class='ocr_par' dir='ltr' id='par_1_93' title="bbox 2150 4481 3719 4558">
     <span class='ocr_line' id='line_1_93' title="bbox 2150 4481 3719 4558; baseline -0.008 -13"><span class='ocrx_word' id='word_1_682' title='bbox 2150 4492 2398 4556; x_wconf 86' lang='grc' dir='ltr'>θάνατον,</span> <span class='ocrx_word' id='word_1_683' title='bbox 2433 4487 2703 4558; x_wconf 85' lang='grc' dir='ltr'>δυνάμειό</span> <span class='ocrx_word' id='word_1_684' title='bbox 2723 4484 2959 4548; x_wconf 78' lang='grc' dir='ltr'>τοιοῦτος</span> <span class='ocrx_word' id='word_1_685' title='bbox 2981 4482 3226 4554; x_wconf 87' lang='grc' dir='ltr'>τέθνηκε.</span> <span class='ocrx_word' id='word_1_686' title='bbox 3262 4482 3373 4536; x_wconf 77' lang='grc' dir='ltr'><strong>Καὶ</strong></span> <span class='ocrx_word' id='word_1_687' title='bbox 3393 4484 3421 4535; x_wconf 85' lang='grc' dir='ltr'><strong>ό</strong></span> <span class='ocrx_word' id='word_1_688' title='bbox 3466 4481 3719 4534; x_wconf 83' lang='grc' dir='ltr'>Ἀπόστο-</span> 
     </span>
    </p>
   </div>
   <div class='ocr_carea' id='block_1_94' title="bbox 477 4580 2043 4659">
    <p class='ocr_par' dir='ltr' id='par_1_94' title="bbox 477 4580 2043 4659">
     <span class='ocr_line' id='line_1_94' title="bbox 477 4580 2043 4659; baseline -0.007 -15"><span class='ocrx_word' id='word_1_689' title='bbox 477 4599 583 4644; x_wconf 90' lang='lat' dir='ltr'><strong>tem</strong></span> <span class='ocrx_word' id='word_1_690' title='bbox 612 4588 716 4659; x_wconf 89' lang='lat' dir='ltr'><strong>ipsi</strong></span> <span class='ocrx_word' id='word_1_691' title='bbox 747 4586 1095 4651; x_wconf 85' lang='lat' dir='ltr'><strong>minitantes;</strong></span> <span class='ocrx_word' id='word_1_692' title='bbox 1127 4583 1218 4637; x_wconf 89' lang='lat' dir='ltr'><strong>ille</strong></span> <span class='ocrx_word' id='word_1_693' title='bbox 1252 4597 1382 4637; x_wconf 85' lang='lat' dir='ltr'><strong>vero</strong></span> <span class='ocrx_word' id='word_1_694' title='bbox 1424 4583 1481 4636; x_wconf 91' lang='lat' dir='ltr'><strong>in</strong></span> <span class='ocrx_word' id='word_1_695' title='bbox 1528 4582 1758 4651; x_wconf 83' lang='lat' dir='ltr'><strong>singulis</strong></span> <span class='ocrx_word' id='word_1_696' title='bbox 1790 4580 2043 4635; x_wconf 78' lang='lat' dir='ltr'><strong>tentatio-</strong></span> 
     </span>
    </p>
   </div>
   <div class='ocr_carea' id='block_1_95' title="bbox 475 4673 2044 4752">
    <p class='ocr_par' dir='ltr' id='par_1_95' title="bbox 475 4673 2044 4752">
     <span class='ocr_line' id='line_1_95' title="bbox 475 4673 2044 4752; baseline -0.006 -15"><span class='ocrx_word' id='word_1_697' title='bbox 475 4684 640 4737; x_wconf 91' lang='lat' dir='ltr'><strong>nibus</strong></span> <span class='ocrx_word' id='word_1_698' title='bbox 671 4690 894 4752; x_wconf 90' lang='lat' dir='ltr'><strong>paratus</strong></span> <span class='ocrx_word' id='word_1_699' title='bbox 920 4689 1038 4735; x_wconf 90' lang='lat' dir='ltr'><strong>erat</strong></span> <span class='ocrx_word' id='word_1_700' title='bbox 1062 4678 1127 4731; x_wconf 90' lang='lat' dir='ltr'><strong>ad</strong></span> <span class='ocrx_word' id='word_1_701' title='bbox 1156 4678 1382 4731; x_wconf 85' lang='lat' dir='ltr'><strong>firmiter</strong></span> <span class='ocrx_word' id='word_1_702' title='bbox 1417 4673 1843 4730; x_wconf 88' lang='lat' dir='ltr'><strong>concertandum</strong></span> <span class='ocrx_word' id='word_1_703' title='bbox 1870 4688 2044 4742; x_wconf 86' lang='lat' dir='ltr'><strong>usque</strong></span> 
     </span>
    </p>
   </div>
   <div class='ocr_carea' id='block_1_96' title="bbox 478 4763 2043 4841">
    <p class='ocr_par' dir='ltr' id='par_1_96' title="bbox 478 4763 2043 4841">
     <span class='ocr_line' id='line_1_96' title="bbox 478 4763 2043 4841; baseline -0.006 -15"><span class='ocrx_word' id='word_1_704' title='bbox 478 4773 543 4827; x_wconf 90' lang='lat' dir='ltr'><strong>ad</strong></span> <span class='ocrx_word' id='word_1_705' title='bbox 570 4782 822 4839; x_wconf 89' lang='lat' dir='ltr'><strong>mortem,</strong></span> <span class='ocrx_word' id='word_1_706' title='bbox 854 4772 977 4826; x_wconf 90' lang='lat' dir='ltr'><strong>ideo</strong></span> <span class='ocrx_word' id='word_1_707' title='bbox 1001 4771 1125 4841; x_wconf 86' lang='lat' dir='ltr'><strong>jure</strong></span> <span class='ocrx_word' id='word_1_708' title='bbox 1153 4784 1212 4825; x_wconf 90' lang='lat' dir='ltr'><strong>se</strong></span> <span class='ocrx_word' id='word_1_709' title='bbox 1236 4769 1476 4839; x_wconf 90' lang='lat' dir='ltr'><strong>quotidie</strong></span> <span class='ocrx_word' id='word_1_710' title='bbox 1504 4767 1644 4821; x_wconf 89' lang='lat' dir='ltr'><strong>mori</strong></span> <span class='ocrx_word' id='word_1_711' title='bbox 1676 4766 1910 4824; x_wconf 82' lang='lat' dir='ltr'><strong>dicebat.</strong></span> <span class='ocrx_word' id='word_1_712' title='bbox 1935 4763 2043 4817; x_wconf 88' lang='lat' dir='ltr'><strong>Ea-</strong></span> 
     </span>
    </p>
   </div>
   <div class='ocr_carea' id='block_1_97' title="bbox 478 4858 2044 4937">
    <p class='ocr_par' dir='ltr' id='par_1_97' title="bbox 478 4858 2044 4937">
     <span class='ocr_line' id='line_1_97' title="bbox 478 4858 2044 4937; baseline -0.006 -18"><span class='ocrx_word' id='word_1_713' title='bbox 478 4865 601 4921; x_wconf 90' lang='lat' dir='ltr'><strong>dem</strong></span> <span class='ocrx_word' id='word_1_714' title='bbox 633 4865 812 4937; x_wconf 89' lang='lat' dir='ltr'><strong>itaque</strong></span> <span class='ocrx_word' id='word_1_715' title='bbox 841 4872 1022 4920; x_wconf 88' lang='lat' dir='ltr'><strong>mente</strong></span> <span class='ocrx_word' id='word_1_716' title='bbox 1057 4863 1135 4917; x_wconf 93' lang='lat' dir='ltr'><strong>illi</strong></span> <span class='ocrx_word' id='word_1_717' title='bbox 1165 4862 1436 4933; x_wconf 89' lang='lat' dir='ltr'><strong>quondam</strong></span> <span class='ocrx_word' id='word_1_718' title='bbox 1469 4860 1746 4931; x_wconf 83' lang='lat' dir='ltr'><strong>prophetae</strong></span> <span class='ocrx_word' id='word_1_719' title='bbox 1781 4858 1872 4914; x_wconf 89' lang='lat' dir='ltr'><strong>Dei</strong></span> <span class='ocrx_word' id='word_1_720' title='bbox 1902 4872 2044 4928; x_wconf 72' lang='lat' dir='ltr'><strong>prte-</strong></span> 
     </span>
    </p>
   </div>
   <div class='ocr_carea' id='block_1_98' title="bbox 479 4952 2045 5026">
    <p class='ocr_par' dir='ltr' id='par_1_98' title="bbox 479 4952 2045 5026">
     <span class='ocr_line' id='line_1_98' title="bbox 479 4952 2045 5026; baseline -0.004 -15"><span class='ocrx_word' id='word_1_721' title='bbox 479 4956 731 5013; x_wconf 87' lang='lat' dir='ltr'><strong>seutibus</strong></span> <span class='ocrx_word' id='word_1_722' title='bbox 781 4954 943 5011; x_wconf 88' lang='lat' dir='ltr'><strong>dictis</strong></span> <span class='ocrx_word' id='word_1_723' title='bbox 987 4956 1101 5010; x_wconf 79' lang='lat' dir='ltr'><strong>haec</strong></span> <span class='ocrx_word' id='word_1_724' title='bbox 1148 4954 1571 5026; x_wconf 86' lang='lat' dir='ltr'><strong>significabant:</strong></span> <span class='ocrx_word' id='word_1_725' title='bbox 1604 4952 1665 5007; x_wconf 87' lang='lat' dir='ltr'><strong>in</strong></span> <span class='ocrx_word' id='word_1_726' title='bbox 1707 4952 2045 5007; x_wconf 89' lang='lat' dir='ltr'><strong>absconditis</strong></span> 
     </span>
    </p>
   </div>
   <div class='ocr_carea' id='block_1_99' title="bbox 478 5044 2044 5117">
    <p class='ocr_par' dir='ltr' id='par_1_99' title="bbox 478 5044 2044 5117">
     <span class='ocr_line' id='line_1_99' title="bbox 478 5044 2044 5117; baseline -0.007 -12"><span class='ocrx_word' id='word_1_727' title='bbox 478 5049 681 5105; x_wconf 82' lang='lat' dir='ltr'><strong>nostris</strong></span> <span class='ocrx_word' id='word_1_728' title='bbox 722 5047 1104 5104; x_wconf 83' lang='lat' dir='ltr'><strong>occidebamur</strong></span> <span class='ocrx_word' id='word_1_729' title='bbox 1148 5046 1427 5117; x_wconf 90' lang='lat' dir='ltr'><strong>quotidie;</strong></span> <span class='ocrx_word' id='word_1_730' title='bbox 1476 5046 1589 5101; x_wconf 88' lang='lat' dir='ltr'><strong>imo</strong></span> <span class='ocrx_word' id='word_1_731' title='bbox 1617 5059 1747 5101; x_wconf 88' lang='lat' dir='ltr'><strong>vero</strong></span> <span class='ocrx_word' id='word_1_732' title='bbox 1792 5044 2044 5098; x_wconf 65' lang='lat' dir='ltr'><strong>aestimati</strong></span> 
     </span>
    </p>
   </div>
   <div class='ocr_carea' id='block_1_100' title="bbox 477 5134 2043 5205">
    <p class='ocr_par' dir='ltr' id='par_1_100' title="bbox 477 5134 2043 5205">
     <span class='ocr_line' id='line_1_100' title="bbox 477 5134 2043 5205; baseline -0.006 -8"><span class='ocrx_word' id='word_1_733' title='bbox 477 5158 658 5197; x_wconf 74' lang='lat' dir='ltr'><strong>sumus</strong></span> <span class='ocrx_word' id='word_1_734' title='bbox 693 5142 826 5196; x_wconf 84' lang='lat' dir='ltr'><strong>sicut</strong></span> <span class='ocrx_word' id='word_1_735' title='bbox 858 5157 972 5196; x_wconf 85' lang='lat' dir='ltr'><strong>oves</strong></span> <span class='ocrx_word' id='word_1_736' title='bbox 1000 5142 1296 5195; x_wconf 84' lang='lat' dir='ltr'><strong>occisionis.</strong></span> <span class='ocrx_word' id='word_1_737' title='bbox 1327 5137 1460 5193; x_wconf 89' lang='lat' dir='ltr'><strong>Nam</strong></span> <span class='ocrx_word' id='word_1_738' title='bbox 1507 5153 1630 5193; x_wconf 89' lang='lat' dir='ltr'><strong>cum</strong></span> <span class='ocrx_word' id='word_1_739' title='bbox 1679 5137 1844 5192; x_wconf 88' lang='lat' dir='ltr'><strong>semel</strong></span> <span class='ocrx_word' id='word_1_740' title='bbox 1887 5134 2043 5205; x_wconf 92' lang='lat' dir='ltr'><strong>quasi</strong></span> 
     </span>
    </p>
   </div>
   <div class='ocr_carea' id='block_1_101' title="bbox 478 5228 2041 5305">
    <p class='ocr_par' dir='ltr' id='par_1_101' title="bbox 478 5228 2041 5305">
     <span class='ocr_line' id='line_1_101' title="bbox 478 5228 2041 5305; baseline -0.006 -15"><span class='ocrx_word' id='word_1_741' title='bbox 478 5234 536 5290; x_wconf 87' lang='lat' dir='ltr'><strong>in</strong></span> <span class='ocrx_word' id='word_1_742' title='bbox 563 5233 892 5290; x_wconf 87' lang='lat' dir='ltr'><strong>sacrificium</strong></span> <span class='ocrx_word' id='word_1_743' title='bbox 922 5249 1019 5305; x_wconf 90' lang='lat' dir='ltr'><strong>pro</strong></span> <span class='ocrx_word' id='word_1_744' title='bbox 1042 5233 1295 5288; x_wconf 87' lang='lat' dir='ltr'><strong>universo</strong></span> <span class='ocrx_word' id='word_1_745' title='bbox 1318 5232 1518 5303; x_wconf 77' lang='lat' dir='ltr'><strong>pepulo</strong></span> <span class='ocrx_word' id='word_1_746' title='bbox 1539 5244 1641 5286; x_wconf 88' lang='lat' dir='ltr'><strong>nos</strong></span> <span class='ocrx_word' id='word_1_747' title='bbox 1663 5228 2041 5290; x_wconf 88' lang='lat' dir='ltr'><strong>obtulerimus,</strong></span> 
     </span>
    </p>
   </div>
   <div class='ocr_carea' id='block_1_102' title="bbox 478 5320 2041 5398">
    <p class='ocr_par' dir='ltr' id='par_1_102' title="bbox 478 5320 2041 5398">
     <span class='ocr_line' id='line_1_102' title="bbox 478 5320 2041 5398; baseline -0.007 -15"><span class='ocrx_word' id='word_1_748' title='bbox 478 5336 661 5383; x_wconf 84' lang='lat' dir='ltr'><strong>tuente</strong></span> <span class='ocrx_word' id='word_1_749' title='bbox 711 5341 778 5381; x_wconf 87' lang='lat' dir='ltr'><strong>ac</strong></span> <span class='ocrx_word' id='word_1_750' title='bbox 831 5328 1108 5398; x_wconf 90' lang='lat' dir='ltr'><strong>proposito</strong></span> <span class='ocrx_word' id='word_1_751' title='bbox 1159 5325 1422 5381; x_wconf 87' lang='lat' dir='ltr'><strong>immolati</strong></span> <span class='ocrx_word' id='word_1_752' title='bbox 1461 5338 1674 5388; x_wconf 90' lang='lat' dir='ltr'><strong>sumus,</strong></span> <span class='ocrx_word' id='word_1_753' title='bbox 1708 5331 1767 5376; x_wconf 93' lang='lat' dir='ltr'><strong>ut</strong></span> <span class='ocrx_word' id='word_1_754' title='bbox 1812 5328 1867 5374; x_wconf 91' lang='lat' dir='ltr'><strong>tu</strong></span> <span class='ocrx_word' id='word_1_755' title='bbox 1904 5320 2041 5389; x_wconf 89' lang='lat' dir='ltr'><strong>ipse,</strong></span> 
     </span>
    </p>
   </div>
   <div class='ocr_carea' id='block_1_103' title="bbox 481 5410 2045 5485">
    <p class='ocr_par' dir='ltr' id='par_1_103' title="bbox 481 5410 2045 5485">
     <span class='ocr_line' id='line_1_103' title="bbox 481 5410 2045 5485; baseline -0.004 -15"><span class='ocrx_word' id='word_1_756' title='bbox 481 5417 644 5485; x_wconf 82' lang='lat' dir='ltr'><strong>Deus,</strong></span> <span class='ocrx_word' id='word_1_757' title='bbox 677 5418 985 5474; x_wconf 82' lang='lat' dir='ltr'><strong>testificaris</strong></span> <span class='ocrx_word' id='word_1_758' title='bbox 1020 5433 1033 5468; x_wconf 92' lang='lat'>:</span> <span class='ocrx_word' id='word_1_759' title='bbox 1065 5416 1215 5472; x_wconf 88' lang='lat' dir='ltr'><strong>solus</strong></span> <span class='ocrx_word' id='word_1_760' title='bbox 1265 5430 1505 5485; x_wconf 89' lang='lat' dir='ltr'><strong>namque</strong></span> <span class='ocrx_word' id='word_1_761' title='bbox 1550 5413 1695 5468; x_wconf 89' lang='lat' dir='ltr'><strong>nosti</strong></span> <span class='ocrx_word' id='word_1_762' title='bbox 1725 5410 2045 5468; x_wconf 89' lang='lat' dir='ltr'><strong>abscondita</strong></span> 
     </span>
    </p>
   </div>
   <div class='ocr_carea' id='block_1_104' title="bbox 480 5506 2051 5579">
    <p class='ocr_par' dir='ltr' id='par_1_104' title="bbox 480 5506 2051 5579">
     <span class='ocr_line' id='line_1_104' title="bbox 480 5506 2051 5579; baseline -0.003 -16"><span class='ocrx_word' id='word_1_763' title='bbox 480 5510 683 5567; x_wconf 86' lang='lat' dir='ltr'><strong>cordis.</strong></span> <span class='ocrx_word' id='word_1_764' title='bbox 709 5510 978 5576; x_wconf 86' lang='lat' dir='ltr'><strong>Quoniam</strong></span> <span class='ocrx_word' id='word_1_765' title='bbox 1028 5508 1194 5579; x_wconf 83' lang='lat' dir='ltr'><strong>igitur</strong></span> <span class='ocrx_word' id='word_1_766' title='bbox 1242 5515 1393 5563; x_wconf 90' lang='lat' dir='ltr'><strong>tanta</strong></span> <span class='ocrx_word' id='word_1_767' title='bbox 1422 5506 1667 5578; x_wconf 87' lang='lat' dir='ltr'><strong>perpessi</strong></span> <span class='ocrx_word' id='word_1_768' title='bbox 1693 5519 1905 5568; x_wconf 89' lang='lat' dir='ltr'><strong>sumus,</strong></span> <span class='ocrx_word' id='word_1_769' title='bbox 1936 5518 2051 5558; x_wconf 88' lang='lat' dir='ltr'><strong>me-</strong></span> 
     </span>
    </p>
   </div>
   <div class='ocr_carea' id='block_1_105' title="bbox 552 5683 2047 5756">
    <p class='ocr_par' dir='ltr' id='par_1_105' title="bbox 552 5683 2047 5756">
     <span class='ocr_line' id='line_1_105' title="bbox 552 5683 2047 5756; baseline -0.003 -15"><span class='ocrx_word' id='word_1_770' title='bbox 552 5687 627 5751; x_wconf 81' lang='lat' dir='ltr'><strong>(l)</strong></span> <span class='ocrx_word' id='word_1_771' title='bbox 669 5686 895 5743; x_wconf 85' lang='lat' dir='ltr'><strong>Drusius</strong></span> <span class='ocrx_word' id='word_1_772' title='bbox 936 5689 1081 5742; x_wconf 87' lang='lat' dir='ltr'><strong>hanc</strong></span> <span class='ocrx_word' id='word_1_773' title='bbox 1131 5695 1192 5741; x_wconf 88' lang='lat' dir='ltr'><strong>ut</strong></span> <span class='ocrx_word' id='word_1_774' title='bbox 1243 5686 1443 5756; x_wconf 60' lang='lat' dir='ltr'><strong>quinta</strong></span> <span class='ocrx_word' id='word_1_775' title='bbox 1472 5685 1727 5741; x_wconf 87' lang='lat' dir='ltr'><strong>editionis</strong></span> <span class='ocrx_word' id='word_1_776' title='bbox 1759 5683 2047 5739; x_wconf 87' lang='lat' dir='ltr'><strong>lectionem</strong></span> 
     </span>
    </p>
   </div>
   <div class='ocr_carea' id='block_1_106' title="bbox 481 5755 2045 5827">
    <p class='ocr_par' dir='ltr' id='par_1_106' title="bbox 481 5755 2045 5827">
     <span class='ocr_line' id='line_1_106' title="bbox 481 5755 2045 5827; baseline -0.003 -15"><span class='ocrx_word' id='word_1_777' title='bbox 481 5757 601 5814; x_wconf 62' lang='lat' dir='ltr'><strong>alio]</strong></span> <span class='ocrx_word' id='word_1_778' title='bbox 617 5769 653 5825; x_wconf 86' lang='grc' dir='ltr'><strong>ι,</strong></span> <span class='ocrx_word' id='word_1_779' title='bbox 688 5759 771 5815; x_wconf 87' lang='lat' dir='ltr'><strong>his</strong></span> <span class='ocrx_word' id='word_1_780' title='bbox 804 5759 982 5815; x_wconf 78' lang='lat' dir='ltr'><strong>verbis</strong></span> <span class='ocrx_word' id='word_1_781' title='bbox 1012 5755 1439 5827; x_wconf 78' lang='grc' dir='ltr'>;Ἐπεπώμασας</span> <span class='ocrx_word' id='word_1_782' title='bbox 1474 5760 1625 5827; x_wconf 83' lang='grc' dir='ltr'>ἡμῖν,</span> <span class='ocrx_word' id='word_1_783' title='bbox 1658 5755 1865 5827; x_wconf 72' lang='lat' dir='ltr'><strong>Aquilze</strong></span> <span class='ocrx_word' id='word_1_784' title='bbox 1916 5770 2045 5809; x_wconf 86' lang='lat' dir='ltr'><strong>vero</strong></span> 
     </span>
    </p>
   </div>
   <div class='ocr_carea' id='block_1_107' title="bbox 2145 4571 3716 4649">
    <p class='ocr_par' dir='ltr' id='par_1_107' title="bbox 2145 4571 3716 4649">
     <span class='ocr_line' id='line_1_107' title="bbox 2145 4571 3716 4649; baseline -0.007 -11"><span class='ocrx_word' id='word_1_785' title='bbox 2145 4585 2235 4648; x_wconf 88' lang='grc' dir='ltr'><strong>λος</strong></span> <span class='ocrx_word' id='word_1_786' title='bbox 2255 4585 2311 4637; x_wconf 80' lang='grc' dir='ltr'>δὲ</span> <span class='ocrx_word' id='word_1_787' title='bbox 2341 4582 2499 4636; x_wconf 81' lang='grc' dir='ltr'>τοῦτο</span> <span class='ocrx_word' id='word_1_788' title='bbox 2528 4582 2731 4649; x_wconf 76' lang='grc' dir='ltr'>ἔλεγεν,</span> <span class='ocrx_word' id='word_1_789' title='bbox 2765 4577 2950 4649; x_wconf 74' lang='grc' dir='ltr'>ἐπειδὴ</span> <span class='ocrx_word' id='word_1_790' title='bbox 2996 4579 3235 4647; x_wconf 83' lang='grc' dir='ltr'>συνεχεῖς</span> <span class='ocrx_word' id='word_1_791' title='bbox 3260 4571 3400 4646; x_wconf 77' lang='grc' dir='ltr'>ἦσαν</span> <span class='ocrx_word' id='word_1_792' title='bbox 3424 4574 3517 4627; x_wconf 78' lang='grc' dir='ltr'><strong>καὶ</strong></span> <span class='ocrx_word' id='word_1_793' title='bbox 3547 4572 3716 4627; x_wconf 82' lang='grc' dir='ltr'>ὲπάλ-</span> 
     </span>
    </p>
   </div>
   <div class='ocr_carea' id='block_1_108' title="bbox 2147 4661 3719 4747">
    <p class='ocr_par' dir='ltr' id='par_1_108' title="bbox 2147 4661 3719 4747">
     <span class='ocr_line' id='line_1_108' title="bbox 2147 4661 3719 4747; baseline -0.006 -19"><span class='ocrx_word' id='word_1_794' title='bbox 2147 4676 2297 4747; x_wconf 85' lang='grc' dir='ltr'>ληλοι</span> <span class='ocrx_word' id='word_1_795' title='bbox 2331 4673 2580 4744; x_wconf 77' lang='grc' dir='ltr'>διωγμοὶ.</span> <span class='ocrx_word' id='word_1_796' title='bbox 2615 4669 3163 4739; x_wconf 73' lang='grc' dir='ltr'>καὶοίπερισπασμοὶ</span> <span class='ocrx_word' id='word_1_797' title='bbox 3191 4667 3412 4720; x_wconf 86' lang='grc' dir='ltr'>θάνατον</span> <span class='ocrx_word' id='word_1_798' title='bbox 3438 4661 3719 4718; x_wconf 84' lang='grc' dir='ltr'>ἀπειλοῦν-</span> 
     </span>
    </p>
   </div>
   <div class='ocr_carea' id='block_1_109' title="bbox 2147 4758 3719 4836">
    <p class='ocr_par' dir='ltr' id='par_1_109' title="bbox 2147 4758 3719 4836">
     <span class='ocr_line' id='line_1_109' title="bbox 2147 4758 3719 4836; baseline -0.008 -15"><span class='ocrx_word' id='word_1_799' title='bbox 2147 4782 2238 4830; x_wconf 89' lang='grc' dir='ltr'><strong>τες</strong></span> <span class='ocrx_word' id='word_1_800' title='bbox 2297 4765 2466 4836; x_wconf 79' lang='grc' dir='ltr'>αὐτῷ.</span> <span class='ocrx_word' id='word_1_801' title='bbox 2531 4765 2588 4817; x_wconf 84' lang='grc' dir='ltr'><strong>Ὀ</strong></span> <span class='ocrx_word' id='word_1_802' title='bbox 2624 4763 2683 4817; x_wconf 85' lang='grc' dir='ltr'><strong>δὲ</strong></span> <span class='ocrx_word' id='word_1_803' title='bbox 2739 4761 2860 4816; x_wconf 85' lang='grc' dir='ltr'>καθ’</span> <span class='ocrx_word' id='word_1_804' title='bbox 2918 4761 3149 4814; x_wconf 73' lang='grc' dir='ltr'>ἕκαστον</span> <span class='ocrx_word' id='word_1_805' title='bbox 3211 4758 3513 4828; x_wconf 82' lang='grc' dir='ltr'>πειρασμὸν</span> <span class='ocrx_word' id='word_1_806' title='bbox 3580 4773 3719 4826; x_wconf 87' lang='grc' dir='ltr'>παρ-</span> 
     </span>
    </p>
   </div>
   <div class='ocr_carea' id='block_1_110' title="bbox 2148 4846 3713 4924">
    <p class='ocr_par' dir='ltr' id='par_1_110' title="bbox 2148 4846 3713 4924">
     <span class='ocr_line' id='line_1_110' title="bbox 2148 4846 3713 4924; baseline -0.008 -13"><span class='ocrx_word' id='word_1_807' title='bbox 2148 4856 2447 4911; x_wconf 88' lang='grc' dir='ltr'>εσκεύαστο</span> <span class='ocrx_word' id='word_1_808' title='bbox 2480 4856 2809 4919; x_wconf 79' lang='grc' dir='ltr'>ὲνστατικῶς</span> <span class='ocrx_word' id='word_1_809' title='bbox 2875 4852 3034 4924; x_wconf 83' lang='grc' dir='ltr'>μέχρι</span> <span class='ocrx_word' id='word_1_810' title='bbox 3068 4850 3295 4904; x_wconf 89' lang='grc' dir='ltr'>θανάτου</span> <span class='ocrx_word' id='word_1_811' title='bbox 3328 4846 3713 4917; x_wconf 87' lang='grc' dir='ltr'>ἀγωνίσασθαι·</span> 
     </span>
    </p>
   </div>
   <div class='ocr_carea' id='block_1_111' title="bbox 2147 4938 3721 5019">
    <p class='ocr_par' dir='ltr' id='par_1_111' title="bbox 2147 4938 3721 5019">
     <span class='ocr_line' id='line_1_111' title="bbox 2147 4938 3721 5019; baseline -0.009 -16"><span class='ocrx_word' id='word_1_812' title='bbox 2147 4950 2227 5003; x_wconf 82' lang='grc' dir='ltr'><strong>διὸ</strong></span> <span class='ocrx_word' id='word_1_813' title='bbox 2257 4949 2481 5012; x_wconf 74' lang='grc' dir='ltr'>εἰκότως</span> <span class='ocrx_word' id='word_1_814' title='bbox 2508 4949 2627 5002; x_wconf 80' lang='grc' dir='ltr'>καθ’</span> <span class='ocrx_word' id='word_1_815' title='bbox 2660 4950 2876 5019; x_wconf 83' lang='grc' dir='ltr'>ἡμέραν</span> <span class='ocrx_word' id='word_1_816' title='bbox 2914 4943 3278 5015; x_wconf 81' lang='grc' dir='ltr'>ἀποθνήσκειν</span> <span class='ocrx_word' id='word_1_817' title='bbox 3330 4940 3502 5009; x_wconf 69' lang='grc' dir='ltr'>ἔλεγε.</span> <span class='ocrx_word' id='word_1_818' title='bbox 3536 4938 3721 5011; x_wconf 73' lang='grc' dir='ltr'>Ταύτῃ</span> 
     </span>
    </p>
   </div>
   <div class='ocr_carea' id='block_1_112' title="bbox 2149 5029 3722 5115">
    <p class='ocr_par' dir='ltr' id='par_1_112' title="bbox 2149 5029 3722 5115">
     <span class='ocr_line' id='line_1_112' title="bbox 2149 5029 3722 5115; baseline -0.008 -20"><span class='ocrx_word' id='word_1_819' title='bbox 2149 5039 2242 5097; x_wconf 83' lang='grc' dir='ltr'><strong>οὖν</strong></span> <span class='ocrx_word' id='word_1_820' title='bbox 2274 5045 2340 5115; x_wconf 79' lang='grc' dir='ltr'>τῇ</span> <span class='ocrx_word' id='word_1_821' title='bbox 2363 5042 2570 5114; x_wconf 81' lang='grc' dir='ltr'>διανοίᾳ</span> <span class='ocrx_word' id='word_1_822' title='bbox 2588 5041 2681 5095; x_wconf 79' lang='grc' dir='ltr'><strong>καὶ</strong></span> <span class='ocrx_word' id='word_1_823' title='bbox 2710 5041 2760 5093; x_wconf 81' lang='lat' dir='ltr'><strong>oi</strong></span> <span class='ocrx_word' id='word_1_824' title='bbox 2788 5037 2956 5093; x_wconf 82' lang='grc' dir='ltr'>πάλαι</span> <span class='ocrx_word' id='word_1_825' title='bbox 2987 5034 3084 5089; x_wconf 81' lang='grc' dir='ltr'>τοῦ</span> <span class='ocrx_word' id='word_1_826' title='bbox 3138 5034 3271 5087; x_wconf 76' lang='grc' dir='ltr'>Θεοῦ</span> <span class='ocrx_word' id='word_1_827' title='bbox 3318 5032 3591 5104; x_wconf 81' lang='grc' dir='ltr'>προφῆται</span> <span class='ocrx_word' id='word_1_828' title='bbox 3633 5029 3722 5082; x_wconf 70' lang='grc' dir='ltr'><strong>διὰ</strong></span> 
     </span>
    </p>
   </div>
   <div class='ocr_carea' id='block_1_113' title="bbox 2148 5125 3721 5208">
    <p class='ocr_par' dir='ltr' id='par_1_113' title="bbox 2148 5125 3721 5208">
     <span class='ocr_line' id='line_1_113' title="bbox 2148 5125 3721 5208; baseline -0.009 -19"><span class='ocrx_word' id='word_1_829' title='bbox 2148 5137 2257 5189; x_wconf 84' lang='grc' dir='ltr'><strong>τῶν</strong></span> <span class='ocrx_word' id='word_1_830' title='bbox 2282 5135 2655 5208; x_wconf 83' lang='grc' dir='ltr'>προκειμένων</span> <span class='ocrx_word' id='word_1_831' title='bbox 2684 5134 2856 5187; x_wconf 84' lang='grc' dir='ltr'>ταῦτα</span> <span class='ocrx_word' id='word_1_832' title='bbox 2879 5131 3135 5201; x_wconf 77' lang='grc' dir='ltr'>ἔφασκον·</span> <span class='ocrx_word' id='word_1_833' title='bbox 3179 5128 3267 5181; x_wconf 86' lang='grc' dir='ltr'>Ἐν</span> <span class='ocrx_word' id='word_1_834' title='bbox 3315 5125 3425 5198; x_wconf 84' lang='grc' dir='ltr'><strong>γὰρ</strong></span> <span class='ocrx_word' id='word_1_835' title='bbox 3450 5127 3564 5187; x_wconf 84' lang='grc' dir='ltr'>τοῖς</span> <span class='ocrx_word' id='word_1_836' title='bbox 3590 5140 3721 5194; x_wconf 89' lang='grc' dir='ltr'>κρυ-</span> 
     </span>
    </p>
   </div>
   <div class='ocr_carea' id='block_1_114' title="bbox 2151 5213 3721 5298">
    <p class='ocr_par' dir='ltr' id='par_1_114' title="bbox 2151 5213 3721 5298">
     <span class='ocr_line' id='line_1_114' title="bbox 2151 5213 3721 5298; baseline -0.011 -18"><span class='ocrx_word' id='word_1_837' title='bbox 2151 5226 2294 5296; x_wconf 83' lang='grc' dir='ltr'>φίοις</span> <span class='ocrx_word' id='word_1_838' title='bbox 2319 5226 2477 5298; x_wconf 81' lang='grc' dir='ltr'>ἡμῶν</span> <span class='ocrx_word' id='word_1_839' title='bbox 2506 5222 2913 5294; x_wconf 80' lang='grc' dir='ltr'>ὲθανατούμεθα</span> <span class='ocrx_word' id='word_1_840' title='bbox 2946 5222 3124 5274; x_wconf 84' lang='grc' dir='ltr'>πᾶσαν</span> <span class='ocrx_word' id='word_1_841' title='bbox 3157 5217 3386 5290; x_wconf 80' lang='grc' dir='ltr'>ἡμέραν.</span> <span class='ocrx_word' id='word_1_842' title='bbox 3433 5213 3590 5267; x_wconf 84' lang='grc' dir='ltr'>Ἀλλά</span> <span class='ocrx_word' id='word_1_843' title='bbox 3613 5214 3721 5283; x_wconf 77' lang='grc' dir='ltr'>γὰρ</span> 
     </span>
    </p>
   </div>
   <div class='ocr_carea' id='block_1_115' title="bbox 2149 5303 3721 5388">
    <p class='ocr_par' dir='ltr' id='par_1_115' title="bbox 2149 5303 3721 5388">
     <span class='ocr_line' id='line_1_115' title="bbox 2149 5303 3721 5388; baseline -0.01 -15"><span class='ocrx_word' id='word_1_844' title='bbox 2149 5320 2244 5373; x_wconf 74' lang='grc' dir='ltr'><strong>καὶ</strong></span> <span class='ocrx_word' id='word_1_845' title='bbox 2272 5319 2671 5388; x_wconf 77' lang='grc' dir='ltr'>ἐλογίσθημεν</span> <span class='ocrx_word' id='word_1_846' title='bbox 2700 5317 2779 5382; x_wconf 83' lang='grc' dir='ltr'>ὡς</span> <span class='ocrx_word' id='word_1_847' title='bbox 2812 5314 3074 5382; x_wconf 77' lang='grc' dir='ltr'>πρόϐατα</span> <span class='ocrx_word' id='word_1_848' title='bbox 3116 5308 3376 5380; x_wconf 66' lang='grc' dir='ltr'>σφαγῆς·</span> <span class='ocrx_word' id='word_1_849' title='bbox 3440 5303 3586 5371; x_wconf 76' lang='grc' dir='ltr'>ἅπαξ</span> <span class='ocrx_word' id='word_1_850' title='bbox 3612 5305 3721 5374; x_wconf 75' lang='grc' dir='ltr'>γὰρ</span> 
     </span>
    </p>
   </div>
   <div class='ocr_carea' id='block_1_116' title="bbox 2146 5397 3722 5481">
    <p class='ocr_par' dir='ltr' id='par_1_116' title="bbox 2146 5397 3722 5481">
     <span class='ocr_line' id='line_1_116' title="bbox 2146 5397 3722 5481; baseline -0.011 -16"><span class='ocrx_word' id='word_1_851' title='bbox 2146 5412 2370 5474; x_wconf 78' lang='grc' dir='ltr'>ἑαυτοὺς</span> <span class='ocrx_word' id='word_1_852' title='bbox 2402 5408 2845 5481; x_wconf 84' lang='grc' dir='ltr'>παραδεδωκότες</span> <span class='ocrx_word' id='word_1_853' title='bbox 2873 5404 3062 5475; x_wconf 77' lang='grc' dir='ltr'>ὥσπερ</span> <span class='ocrx_word' id='word_1_854' title='bbox 3094 5404 3173 5464; x_wconf 89' lang='grc' dir='ltr'><strong>είς</strong></span> <span class='ocrx_word' id='word_1_855' title='bbox 3213 5401 3402 5453; x_wconf 85' lang='grc' dir='ltr'>θυσίαν</span> <span class='ocrx_word' id='word_1_856' title='bbox 3434 5397 3552 5452; x_wconf 77' lang='grc' dir='ltr'>ἀντὶ</span> <span class='ocrx_word' id='word_1_857' title='bbox 3585 5412 3722 5449; x_wconf 76' lang='grc' dir='ltr'>παν-</span> 
     </span>
    </p>
   </div>
   <div class='ocr_carea' id='block_1_117' title="bbox 2144 5487 3721 5571">
    <p class='ocr_par' dir='ltr' id='par_1_117' title="bbox 2144 5487 3721 5571">
     <span class='ocr_line' id='line_1_117' title="bbox 2144 5487 3721 5571; baseline -0.01 -15"><span class='ocrx_word' id='word_1_858' title='bbox 2144 5503 2235 5566; x_wconf 84' lang='grc' dir='ltr'><strong>τὸς</strong></span> <span class='ocrx_word' id='word_1_859' title='bbox 2264 5501 2358 5555; x_wconf 80' lang='grc' dir='ltr'>τοῦ</span> <span class='ocrx_word' id='word_1_860' title='bbox 2390 5502 2543 5567; x_wconf 81' lang='grc' dir='ltr'>λαοῦ,</span> <span class='ocrx_word' id='word_1_861' title='bbox 2571 5499 2650 5571; x_wconf 81' lang='grc' dir='ltr'>τῷ</span> <span class='ocrx_word' id='word_1_862' title='bbox 2678 5496 2923 5570; x_wconf 74' lang='grc' dir='ltr'>λογισμῷ</span> <span class='ocrx_word' id='word_1_863' title='bbox 2956 5496 3052 5549; x_wconf 77' lang='grc' dir='ltr'>καὶ</span> <span class='ocrx_word' id='word_1_864' title='bbox 3079 5496 3144 5564; x_wconf 81' lang='grc' dir='ltr'>τῇ</span> <span class='ocrx_word' id='word_1_865' title='bbox 3174 5491 3428 5564; x_wconf 85' lang='grc' dir='ltr'>προθέσει</span> <span class='ocrx_word' id='word_1_866' title='bbox 3460 5487 3721 5557; x_wconf 64' lang='grc' dir='ltr'>ἐσφαγιάα</span> 
     </span>
    </p>
   </div>
   <div class='ocr_carea' id='block_1_118' title="bbox 2154 5671 3726 5749">
    <p class='ocr_par' dir='ltr' id='par_1_118' title="bbox 2154 5671 3726 5749">
     <span class='ocr_line' id='line_1_118' title="bbox 2154 5671 3726 5749; baseline -0.009 -13"><span class='ocrx_word' id='word_1_867' title='bbox 2154 5681 2315 5736; x_wconf 86' lang='lat' dir='ltr'><strong>lectio</strong></span> <span class='ocrx_word' id='word_1_868' title='bbox 2361 5680 2501 5749; x_wconf 87' lang='lat' dir='ltr'><strong>apud</strong></span> <span class='ocrx_word' id='word_1_869' title='bbox 2550 5679 2805 5735; x_wconf 91' lang='lat' dir='ltr'><strong>Drusium</strong></span> <span class='ocrx_word' id='word_1_870' title='bbox 2858 5678 2937 5735; x_wconf 84' lang='lat' dir='ltr'><strong>sic</strong></span> <span class='ocrx_word' id='word_1_871' title='bbox 2988 5675 3151 5732; x_wconf 82' lang='lat' dir='ltr'><strong>habet</strong></span> <span class='ocrx_word' id='word_1_872' title='bbox 3188 5692 3201 5729; x_wconf 89' lang='lat'>:</span> <span class='ocrx_word' id='word_1_873' title='bbox 3233 5674 3342 5729; x_wconf 72' lang='grc' dir='ltr'><strong>Καὶ</strong></span> <span class='ocrx_word' id='word_1_874' title='bbox 3378 5671 3726 5741; x_wconf 68' lang='grc' dir='ltr'>ἐπεκάλυψας</span> 
     </span>
    </p>
   </div>
   <div class='ocr_carea' id='block_1_119' title="bbox 2153 5750 2826 5823">
    <p class='ocr_par' dir='ltr' id='par_1_119' title="bbox 2153 5750 2826 5823">
     <span class='ocr_line' id='line_1_119' title="bbox 2153 5750 2826 5823; baseline -0.007 -16"><span class='ocrx_word' id='word_1_875' title='bbox 2153 5755 2297 5823; x_wconf 82' lang='grc' dir='ltr'>ἡμᾶς</span> <span class='ocrx_word' id='word_1_876' title='bbox 2328 5755 2383 5805; x_wconf 79' lang='grc' dir='ltr'><strong>ἐν</strong></span> <span class='ocrx_word' id='word_1_877' title='bbox 2419 5751 2543 5819; x_wconf 80' lang='grc' dir='ltr'>σκιᾷ</span> <span class='ocrx_word' id='word_1_878' title='bbox 2578 5750 2826 5805; x_wconf 83' lang='grc' dir='ltr'>θανάτου.</span> 
     </span>
    </p>
   </div>
  </div>
