4098 6412
416 353 522 412 339

1527 353 2018 411 COMMENTARIA
2050 354 2118 409 IN
2153 353 2488 410 PSALMOS.

3539 358 3644 413 390

418 472 647 545 σθημεν,
673 474 748 538 ὼς
778 476 936 538 αὐτὸς
965 477 1029 530 σὺ
1061 477 1090 529 6
1126 476 1257 540 Θεδς
1292 479 1601 548 μαρτυρεῖς·
1667 480 1823 546 μόνος
1872 475 1974 547 γὰρ

2082 477 2188 531 rito
2221 490 2342 533 cum
2373 475 2569 531 ﬁducia
2606 486 2660 531 te
2701 475 2769 530 ad
2804 490 2906 530 nos
2936 471 3326 538 convertimus,
3356 483 3412 527 et
3439 474 3644 528 excita-

416 564 704 633 γινώσκεις
734 566 801 619 τὰ
837 567 1039 639 κρύφια
1070 570 1168 640 τῆς
1199 569 1443 642 καρδίας.
1491 569 1640 621 Ἐπεὶ
1686 567 1863 621 τοίνυν
1892 584 1980 619 το-

419 656 591 709 σαῦτα
620 657 980 727 πεπόνθαμεν,
1028 659 1249 722 εἰκότως
1313 659 1448 730 μετὰ
1502 658 1810 730 παρρησίας
1859 661 1978 712 ἐπι-

421 746 722 818 στρέφομέν
756 766 813 802 σε
846 749 979 821 πρὸς
1006 753 1150 822 ἡμᾶς
1181 752 1275 805 καὶ
1305 752 1638 822 διεγείρομεν
1675 750 1863 822 ὥσπερ
1887 768 1979 803 κα-

420 835 669 891 θεύδοντα
702 840 792 893 καί
833 858 1028 912 φαμεν·
1066 844 1188 897 Ἵνα
1215 843 1271 895 τί
1302 842 1532 908 ὑπνοῖς,
1558 843 1768 910 Κύριε;
1808 841 1975 896 Ἀνά-

416 933 612 996 στηθι,
647 932 741 984 καὶ
780 931 864 1001 μὴ
893 932 1103 1002 ἀπώσῃ
1139 937 1225 1000 εὶς
1252 934 1443 999 τέλος’
1477 932 1511 1004 ἢ
1549 932 1692 987 κατὰ
1719 933 1808 986 τὸν
1833 933 1976 1005 Σύμ-

421 1037 608 1090 μαχονο
648 1022 779 1077 Ἵνα
817 1025 874 1077 τι
943 1026 1022 1092 ὠς
1053 1028 1086 1078 ό
1138 1024 1345 1079 ὑπνῶν
1393 1020 1467 1091 εἴ,
1524 1023 1793 1080 Δέσποτα
1805 1040 1824 1090 ;
1863 1024 1980 1090 Ἐξ-

411 1108 695 1172 ύπνισον,
722 1113 820 1165 καὶ
842 1112 926 1181 μὴ
948 1113 1223 1182 ἀποϐάλῃ
1251 1116 1337 1179 εὶς
1362 1114 1558 1181 τέλος.
1583 1114 1645 1167 El
1665 1114 1772 1183 γὰρ
1793 1114 1885 1168 καὶ
1915 1117 1978 1168 ὲκ

415 1201 617 1274 μέρους
647 1203 850 1258 ἀπώσω
874 1205 962 1259 διὰ
994 1204 1091 1270 τὰς
1112 1204 1383 1277 ἁμαρτίας
1418 1204 1511 1258 τοῦ
1544 1204 1696 1269 λαοῦ,
1729 1205 1841 1259 ἀλλ’
1865 1208 1978 1258 ἱκε-

413 1291 643 1363 τεύομεν
666 1293 739 1365 μὴ
766 1297 847 1358 εἰς
875 1294 1024 1358 τέλος
1056 1293 1395 1360 ἀπώσασθαι,
1429 1294 1498 1347 τὰ
1521 1295 1566 1347 δ’
1600 1294 1842 1366 ἡμέτερα
1875 1310 1980 1347 πα-

2084 583 2205 623 mus
2249 570 2402 638 quasi
2430 567 2805 634 dormientem,
2835 566 3214 635 dicimusque:
3247 564 3423 631 Quare
3453 564 3643 618 obdor-

2082 658 2206 721 mis,
2233 656 2494 711 Domine?
2521 654 2783 726 Exsurge,
2825 664 2873 708 et
2903 671 2964 708 ne
2980 654 3201 722 repellas
3230 653 3285 707 in
3311 654 3497 723 ﬁnem;
3532 656 3648 709 sive

2082 748 2379 803 secundum
2403 746 2784 819 Symmachum
2811 765 2824 800 :
2849 746 3025 812 Quare
3047 746 3185 799 velut
3208 743 3540 798 obdormiens
3565 761 3642 810 es,

2081 839 2300 893 Damine
2316 839 2340 892 ?
2357 838 2749 909 Expergiscere,
2776 848 2825 891 et
2842 854 2903 890 ne
2932 836 3142 906 rejicias
3162 837 3217 889 in
3238 837 3416 906 ﬁnem.
3445 834 3644 889 Etiam-

2080 931 2126 987 si
2178 930 2319 986 enim
2373 931 2444 985 ob
2485 937 2704 999 peccata
2747 928 2932 999 populi
2966 944 3032 983 ex
3067 936 3222 997 parte
3263 927 3553 999 repuleris,
3585 934 3644 981 at

2081 1037 2338 1092 rogamus
2384 1036 2454 1076 ne
2501 1020 2556 1074 in
2585 1020 2746 1075 ﬁnem
2774 1019 3020 1089 rejicias;
3056 1018 3150 1074 sed
3180 1019 3321 1074 bona
3349 1033 3512 1091 opera
3542 1032 3642 1073 no.

2084 1124 2197 1169 stra
2230 1128 2329 1185 pro
2363 1113 2616 1168 universo
2645 1113 2843 1184 populo
2867 1112 3125 1182 accipias.
3150 1111 3326 1181 Atque
3349 1112 3644 1166 observan-

2087 1199 2216 1256 dutn
2282 1206 2386 1265 est,
2444 1198 2531 1253 his
2590 1198 2904 1254 dualitatem
2968 1213 3327 1271 personarum
3355 1199 3647 1254 adumbra-

2087 1293 2158 1349 ri.

417 1383 740 1456 ραδέξασθαι
794 1385 1187 1458 κατορθώματα
1239 1387 1378 1457 ὑπὲρ
1409 1386 1502 1440 τοῦ
1533 1386 1731 1449 παντὸς
1777 1384 1930 1441 λαοῦ.
1980 1382 2447 1455 Ἐπισημήνασθαι
2472 1383 2526 1437 δὲ
2558 1382 2654 1448 δεῖ,
2678 1383 2758 1436 ὃτι
2789 1382 2953 1436 δυάδα
2987 1382 3063 1456 (1)
3094 1382 3394 1455 προσώπων
3423 1383 3453 1435 6
3489 1381 3647 1452 λόγος

414 1477 656 1547 ᾐνίξατο.

489 1596 612 1648 Ἵνα
640 1595 699 1648 τί
723 1594 788 1649 τὸ
805 1598 1125 1664 πρόσωπόν
1146 1610 1262 1651 σου
1287 1596 1683 1666 ἀποστρέφεις
1700 1612 1718 1660 ;
1738 1595 1973 1649 ἐπιλαν-

412 1683 563 1753 θάνῃ
593 1685 703 1752 τῆς
731 1688 1024 1756 πτωχείας
1044 1686 1211 1757 ἡμῶν
1229 1689 1456 1759 καὶτῆς
1486 1690 1746 1757 θλίψεως
1772 1686 1969 1757 ἠμῶνὶ

412 1773 730 1866 ..Σύμμαχος⁸
769 1776 895 1866 Ἵνα,
928 1777 986 1830 τι
1022 1777 1089 1831 τὸ
1143 1779 1466 1846 πρόσωπόν
1503 1794 1618 1833 σου
1673 1777 1969 1846 κρύπτεις,
2000 1809 2044 1866 Β

412 1865 783 1935 ἐπιλανθάνῃ
840 1865 948 1935 τῆς
983 1869 1294 1936 κακώσεως
1320 1868 1487 1938 ἡμῶν
1532 1866 1633 1923 καὶ
1680 1869 1971 1936 valvatae;

412 1955 690 2029 Κρύπτεις
722 1958 820 2028 μὲν
869 1958 930 2012 τὸ
977 1960 1168 2014 ἑαυτοῦ
1228 1960 1535 2032 πρόσωπον,
1586 1962 1615 2013 6
1672 1959 1822 2024 Θεὸς,
1878 1958 1973 2013 καὶ

411 2049 770 2121 ἀποστρέφεις
832 2052 966 2123 πρὸς
1010 2053 1072 2106 τὸ
1127 2052 1200 2125 μὴ
1251 2053 1465 2124 βλέπειν
1522 2052 1590 2105 τὰ
1640 2051 1838 2123 αἰσχρὰ
1878 2052 1972 2105 καὶ

413 2142 657 2213 ἀπρεπῆ,
692 2144 785 2196 καὶ
808 2144 905 2214 τῆς
935 2144 1031 2215 σῆς
1053 2144 1177 2209 θέας
1209 2144 1477 2217 ἀλλότρια.
1523 2144 1658 2198 Ἀλλ’
1674 2145 1792 2198 ἐπεὶ
1813 2145 1971 2215 ἡμεῖς

405 2231 502 2283 ἐπὶ
534 2233 642 2295 τοῖς
667 2230 897 2302 λεχθεῖσι
952 2232 1330 2305 κατορθώμασι
1381 2232 1687 2305 παρρησίαν
1745 2231 1968 2300 ἄγομεν,

407 2321 509 2375 ἵνα
538 2321 596 2374 τί
621 2320 686 2375 τὸ
730 2322 1050 2390 πρόσωπόν
1095 2340 1211 2378 σου
1262 2324 1540 2392 κρύπτεις
1560 2339 1579 2387 ;
1637 2321 1883 2376 Τοσαῦτα
1913 2320 1969 2373 δὲ

406 2411 722 2482 πασχόντων
754 2415 846 2466 καὶ
879 2413 1325 2468 κακοπαθούντων
1346 2416 1444 2486 τῆς
1477 2415 1575 2485 σῆς
1613 2414 1794 2467 ’ένεκεν
1814 2412 1969 2464 εὐσε-

403 2502 575 2567 ϐείας,
612 2504 711 2557 ἵνα
736 2504 796 2557 τί
823 2505 1192 2576 ἐπιλανθάνῃ
1247 2505 1355 2575 τῆς
1410 2507 1722 2571 κακώσεως
1768 2502 1968 2573 75μῶνί

403 2594 521 2665 ἦτοι
582 2592 689 2663 τῆς
739 2598 1052 2664 πτωχείας,
1088 2596 1229 2652 κατὰ
1283 2599 1408 2661 τοὺς
1453 2596 1869 2667 Ἐὄδομηκοντα.
1904 2593 1968 2646 Et

404 2683 513 2754 γὰρ
538 2685 631 2737 καὶ
656 2684 867 2755 μεγάλα
891 2685 1062 2738 ταῦτα
1092 2685 1166 2750 ὡς
1195 2686 1330 2756 πρὸς
1376 2688 1522 2757 ἡμᾶς
1554 2686 1965 2758 κατορθώματα,

400 2775 517 2829 ἀλλ’
547 2776 621 2838 ὡς
654 2776 788 2845 πρὸς
819 2777 876 2829 σὲ
909 2777 1085 2830 πάντα
1118 2778 1308 2847 πτωχὰ
1350 2779 1439 2831 καὶ
1494 2779 1722 2848 σμικρὰ,
1750 2779 1843 2831 καὶ
1863 2779 1969 2831 ὀλί-

403 2883 585 2935 γιστα.
615 2866 759 2937 Πλὴν
785 2866 860 2930 ὼς
888 2866 947 2931 ἐξ
979 2866 1133 2939 ἡμῶν
1167 2868 1392 2938 μεγάλα.
1428 2868 1518 2921 Διὸ
1549 2869 1859 2940 ἱκετεύομεν
1894 2868 1968 2941 μὴ

398 2958 574 3028 λήθην
608 2959 932 3030 ποιήσασθαι
960 2960 1058 3029 τῆς
1087 2959 1358 3031 ἡμετέρας
1412 2959 1698 3030 πτωχείας’
1733 2959 1970 3031 μνησθῆ-

405 3049 571 3103 ναιδὲ
598 3051 813 3121 καὶτῆς
858 3051 1087 3122 θλίψεως
1131 3052 1307 3124 ἡμῶν,
1363 3048 1431 3126 ἦς
1473 3052 1841 3124 ὑπεμείναμεν
1873 3070 1964 3107 σου

2144 1586 2309 1643 Vens.
2336 1586 2430 1650 24,
2461 1586 2552 1641 25.
2595 1585 2772 1652 Quare
2799 1586 2985 1656 faciem
3016 1595 3162 1641 tuam
3210 1588 3422 1652 avertis,
3454 1587 3644 1643 oblivi-

2075 1680 2234 1733 sceris
2281 1680 2467 1749 inopia:
2498 1692 2696 1734 nostra:
2743 1688 2792 1734 et
2843 1678 3641 1751 ετὶιηιιαιὶοηίεηοεινωῖενοι--

2076 1773 2302 1828 machus
2329 1791 2343 1827 :
2371 1772 2547 1839 Quare
2576 1772 2765 1842 faciem
2790 1782 2936 1825 tuam
2967 1770 3268 1839 abscondis,
3314 1772 3637 1829 oblivisceris

2071 1864 2367 1936 aﬂlictionis
2433 1874 2628 1919 nostra:
2672 1875 2720 1919 et
2772 1863 3168 1917 tribulationis?
3223 1863 3526 1919 Abscondis
3583 1873 3639 1920 ct

2070 1959 2269 2013 avertis
2316 1957 2509 2013 faciem
2545 1964 2714 2023 tuam,
2741 1956 2902 2023 Deus,
2936 1971 3003 2010 ne
3032 1956 3216 2010 videas
3248 1956 3421 2025 turpia
3464 1956 3558 2010 illa
3582 1965 3637 2012 et

2070 2049 2352 2115 indecora,
2383 2056 2606 2119 aspectu
2640 2056 2737 2102 tuo
2763 2047 2957 2102 aliena.
2993 2045 3097 2101 Sed
3132 2047 3258 2116 quia
3285 2061 3386 2103 nos
3409 2046 3465 2101 in
3488 2054 3637 2103 recte

2069 2141 2249 2206 factis,
2287 2148 2348 2196 ut
2373 2142 2577 2196 dictum
2607 2148 2711 2203 est,
2749 2139 3001 2195 ﬁduciam
3043 2139 3326 2203 habemus,
3357 2156 3518 2211 quare
3546 2139 3632 2208 fa-

2068 2237 2198 2290 ciem
2258 2244 2403 2288 tuam
2432 2232 2840 2288 abscondis?Et
2896 2248 3019 2288 cum
3076 2239 3157 2286 tot
3207 2232 3364 2288 malis
3415 2234 3632 2302 pietatis

2069 2342 2233 2384 causa
2276 2327 2575 2382 aﬁiciamur
2606 2336 2659 2382 et
2685 2326 3079 2398 opprimemur,
3113 2341 3274 2396 quare
3316 2325 3634 2380 Oblivisceris

2069 2419 2396 2490 aﬂlictionem
2428 2417 2706 2470 nostram?
2756 2415 2870 2471 sive
2916 2414 3169 2483 inopiam,
3202 2413 3499 2467 secundum
3533 2412 3634 2467 Se-

2068 2509 2350 2581 ptuaginta
2380 2508 2727 2578 interpretes.
2759 2506 2910 2561 Licet
2935 2506 3101 2572 enim,
3128 2505 3317 2559 isthaec
3342 2505 3484 2559 bona
3503 2520 3634 2575 Ope-

2068 2614 2153 2664 ra,
2180 2613 2374 2670 magna
2422 2598 2565 2665 quod
2612 2597 2678 2651 ad
2709 2612 2809 2652 nos
2838 2603 3047 2666 spectat
3081 2597 3329 2651 habenda
3364 2598 3509 2664 sint;
3537 2613 3632 2653 ve-

2068 2706 2190 2744 rum
2217 2696 2478 2759 quantum
2504 2687 2571 2743 ad
2604 2696 2655 2743 te
2684 2687 2863 2741 omnia
2880 2702 3070 2757 egena,
3094 2686 3303 2741 modica
3335 2698 3387 2742 et
3409 2688 3634 2744 minima

2069 2792 2216 2837 sunt.
2231 2780 2616 2835 Verumtamen
2637 2780 2765 2849 quia
2796 2788 3046 2849 respectu
3067 2779 3239 2833 nostri
3265 2793 3456 2850 magna
3480 2789 3632 2845 sunt,

2068 2874 2191 2929 ideo
2219 2872 2591 2943 supplicamus
2620 2871 2720 2927 tibi
2752 2879 2811 2926 ut
2834 2887 2904 2926 ne
2940 2871 3136 2942 inopia:
3167 2873 3511 2929 obliviscaris
3533 2884 3635 2928 no-

2069 2970 2215 3027 strai,
2255 2973 2420 3034 utque
2459 2961 2797 3037 .aﬁlictionis,
2833 2977 2996 3032 quam
3048 2963 3126 3017 tui
3170 2978 3341 3018 causa
3388 2963 3632 3035 perpessi

2068 3071 2279 3118 sumus,
2309 3053 2633 3109 recorderis.
2667 3051 2734 3106 Et
2765 3053 2890 3122 quia
2918 3052 3199 3106 humiliata
3230 3062 3307 3107 est
3341 3055 3395 3107 in
3425 3055 3633 3123 pulvere

399 3142 581 3215 χάριν.
608 3144 716 3197 Καὶ
744 3144 873 3198 ἐπεὶ
904 3147 943 3214 ἠ
976 3144 1145 3214 ψυχὴ
1183 3145 1349 3214 ἡμῶν
1397 3148 1483 3212 εὶς
1523 3146 1675 3216 χοῦν
1708 3147 1968 3200 τεταπεί-

2074 3148 2246 3202 nnima
2276 3156 2477 3209 nostra,
2512 3159 2766 3216 rogamus
2806 3144 3210 3199 inﬁrmitatibus
3241 3145 3447 3201 nostris
3476 3146 3633 3217 igno-

402 3251 601 3299 νωται,
638 3234 940 3304 συγγνῶναι
962 3238 1082 3299 ταῖς
1111 3236 1412 3300 ἀσθενείαις
1445 3239 1477 3309 ἡ
1487 3236 1601 3309 μῶν
1629 3237 1956 3308 ἱκετεύομεν.

2074 3255 2208 3296 scas.
2238 3238 2388 3293 Alias
2426 3253 2643 3308 quoque
2688 3238 2823 3309 ipsis
2854 3236 3038 3292 verbis
3063 3235 3230 3293 Deum
3265 3239 3516 3306 obsecrat
3547 3239 3632 3294 di-

398 3323 510 3377 Καὶ
543 3323 774 3395 ἀλλαχοῦ
807 3325 862 3378 δὲ
890 3324 968 3397 τῷ
997 3324 1144 3396 αὐτῷ
1163 3324 1302 3397 λόγῳ
1321 3326 1558 3380 δυσωπεῖ
1582 3327 1671 3380 τὸν
1692 3327 1843 3394 Θεὸν,
1875 3327 1958 3381 λέ-

2074 3346 2192 3386 :ens
2221 3350 2234 3385 :
2261 3328 2556 3385 Recordare
2584 3330 2831 3398 quoniam
2854 3328 3023 3398 pulvis
3054 3345 3235 3383 sumus
3258 3344 3277 3383 :
3311 3329 3463 3385 homo
3493 3332 3628 3385 sicut

397 3432 531 3485 γωψ
565 3415 900 3485 Μνήσθητι,
952 3416 1039 3471 ὅτι
1077 3417 1227 3486 χοῦς
1253 3418 1457 3488 ἐσμεν·
1484 3418 1790 3488 ἄνθρωπος
1819 3421 1962 3475 ὡσεὶ

2074 3420 2238 3475 Γεηιιηι
2282 3421 2392 3475 dies
2434 3420 2626 3488 ejus".
2667 3420 2778 3474 lmo
2811 3422 2973 3474 etiam
3009 3417 3231 3472 adhaesit
3262 3427 3416 3473 terrae
3456 3429 3631 3475 venter

398 3505 611 3574 χόρτος
657 3508 718 3559 a'l
766 3504 976 3576 ἡμέραι
1027 3508 1231 3562 αὐτοῦ.
1283 3508 1442 3562 Ἀλλὰ
1493 3509 1588 3563 καὶ
1645 3511 1684 3580 ἡ
1732 3512 1961 3582 γαστὴρ

2074 3524 2259 3568 noster.
2289 3513 2632 3583 Oportuisset
2660 3525 2790 3567 sane
2811 3510 3073 3581 repletum
3100 3509 3277 3579 ipsum
3306 3524 3427 3565 esse
3455 3510 3629 3565 sacris

398 3593 568 3665 ἡμῶν
592 3594 894 3674 ἐκολλήθη
923 3598 1010 3663 εἰς
1060 3594 1194 3666 γῆν.
1247 3598 1373 3651 Δέον
1423 3602 1532 3672 γὰρ
1559 3599 1727 3672 αὐτὴν
1756 3602 1963 3673 πεπλη-

2074 3603 2303 3668 liuentis,
2332 3611 2497 3674 atque
2539 3601 2688 3657 fonte
2738 3616 2892 3671 aquae
2936 3600 3073 3655 vivat
3103 3598 3348 3655 salientis
3376 3598 3432 3653 in
3460 3599 3628 3653 vitam

401 3686 608 3758 ρῶσθαι
660 3687 914 3758 ναμάτων
940 3688 1113 3756 ἁγίων
1162 3689 1256 3743 καὶ
1311 3690 1494 3761 πηγῆς
1549 3691 1736 3756 ὓδατος
1766 3693 1962 3758 ζῶντος

2074 3703 2341 3757 aeternam,
2378 3693 2474 3749 sed
2495 3708 2561 3748 ex
2587 3691 2754 3747 nimia
2784 3690 3031 3746 siccitate
3061 3688 3286 3744 adhwsit
3322 3698 3476 3744 terra:
3504 3705 3625 3744 ven-

399 3775 693 3847 ἁλλομένου
750 3779 829 3840 εἰς
886 3776 1030 3848 ζωὴν
1054 3775 1289 3845 αἰώνιον,
1317 3778 1377 3844 ἐξ
1420 3780 1672 3853 ἀνυδρίας
1695 3783 1964 3855 ὑπερϐαλ-

2074 3794 2141 3840 ter
2172 3794 2368 3840 noster.
2395 3783 2498 3839 Per
2526 3791 2768 3839 ventrem
2796 3791 2974 3839 autem
2998 3782 3313 3838 memoriam
3338 3782 3626 3854 intelligas,

398 3865 594 3937 λούσης
627 3868 665 3935 ἡ
694 3866 924 3936 γαστὴρ
945 3867 1112 3936 ἡμῶν
1134 3869 1436 3939 ἐκολλήθη
1453 3873 1541 3937 εἰς
1565 3870 1697 3941 γῆν.
1715 3873 1962 3946 Γαστέρα

2074 3877 2177 3932 sive
2211 3876 2512 3946 principem
2561 3876 2755 3930 animae
2800 3883 3031 3945 partem,
3064 3876 3121 3928 in
3160 3890 3266 3945 qua
3309 3875 3629 3947 disciplinas

398 3958 455 4011 δὲ
477 3957 654 4029 ψυχῆς
680 3958 788 4012 νόει
815 3958 875 4012 τὸ
902 3961 1233 4031 μνημονικὸν
1255 3961 1442 4031 αὐτῆς,
1475 3960 1513 4039 ἢ
1555 3962 1649 4015 καὶ
1673 3961 1734 4015 τὸ
1762 3965 1964 4034 ἡγεμο-

2074 3984 2252 4023 amnes
2292 3981 2356 4022 ac
2396 3967 2794 4037 speculationes
2826 3967 3034 4037 colligit
3070 3986 3083 4021 :
3115 3967 3171 4021 in
3201 3982 3329 4036 qua,
3364 3975 3629 4037 concepto

400 4051 566 4117 νικὸν,
593 4054 649 4107 ὲν
704 4044 748 4120 ᾧ
808 4052 984 4107 πάντα
1034 4053 1250 4123 συνάγει
1300 4053 1371 4107 τὰ
1429 4048 1724 4127 μαθήματα
1767 4055 1863 4108 καὶ
1893 4055 1962 4110 τὰ

2074 4060 2292 4124 semine,
2316 4072 2602 4129 praegnans
2628 4055 2892 4123 edicitur;
2920 4064 2976 4111 et
3003 4042 3287 4127 postquam
3314 4059 3623 4126 parturivit,

400 4143 748 4216 θεωρήματαο
770 4147 827 4199 ἐν
853 4138 898 4214 ᾧ
936 4146 1027 4199 καὶ
1058 4146 1278 4217 σπέρμα
1300 4145 1669 4218 ὑποδεξαμένη
1693 4146 1833 4212 κύει,
1866 4147 1962 4200 καὶ

2074 4152 2207 4223 parit
2251 4150 2503 4221 spiritum
2536 4149 2751 4213 salutis,
2785 4156 2847 4202 ut
2875 4148 3009 4202 dicit
3037 4149 3254 4219 quidam
3282 4167 3295 4202 :
3326 4148 3410 4202 Ea:
3440 4150 3628 4206 timore

399 4235 841 4309 τελεσφορήσασα
886 4238 1050 4309 γεννᾷ
1091 4238 1306 4309 πνεῦμα
1358 4236 1649 4309 σωτηρίας,
1703 4238 1842 4293 κατὰ
1870 4238 1961 4293 τὸν

2074 4254 2177 4306 tuo.
2205 4243 2444 4307 Domine,
2471 4242 2526 4296 in
2551 4250 2699 4295 utero
2729 4240 3056 4309 concepimus
3084 4246 3133 4295 et
3162 4241 3626 4308 parturivimus,et

400 4330 666 4401 φήσαντα’
709 4326 803 4383 Ἐκ
852 4329 959 4383 τοῦ
984 4327 1171 4395 φόϐου
1218 4345 1355 4395 σου,
1407 4332 1597 4399 Κύριε,
1631 4331 1702 4385 ἐν
1749 4332 1960 4401 γαστρὶ

2074 4336 2352 4405 reperimus
2391 4333 2637 4404 spiritum
2680 4332 2872 4387 salutis
2893 4332 2959 4385 “.
2992 4329 3118 4386 Haec
3145 4331 3447 4404 supplicum
3474 4347 3626 4389 more

398 4420 688 4493 ἐλάϐομεν
717 4418 819 4477 καί
845 4422 1239 4494 ὠδινήοναμεν,
1295 4422 1393 4478 καὶ
1421 4423 1701 4495 ἐτέκομεν
1728 4426 1962 4499 πνεῦμα

2074 4426 2141 4480 illi
2166 4422 2441 4496 quondam
2472 4422 2753 4493 prophetas
2776 4419 2869 4477 Dei
2908 4429 2964 4477 et
3001 4421 3156 4491 probi
3184 4420 3239 4476 in
3270 4422 3469 4492 populo
3498 4424 3623 4490 viri,

398 4492 712 4583 σωτηρίας.
738 4514 983 4568 Τοσαῦτα
1006 4492 1357 4586 δυσωπητικὰ
1404 4517 1452 4568 οί
1501 4492 1661 4571 πάλαι
1693 4517 1787 4572 τοῦ
1825 4492 1961 4575 Θεοῦ

2074 4492 2200 4588 eripi
2225 4522 2503 4587 rogantes,
2533 4492 2851 4585 proferunt:
2877 4512 3024 4582 quod
3048 4512 3213 4568 etiam
3236 4514 3624 4584 impetrarunt;

400 4606 696 4678 προφῆται,
726 4607 820 4660 καὶ
842 4602 891 4659 ὀί
922 4605 1310 4678 κατορθοῦντες
1334 4608 1393 4661 ὲν
1424 4606 1500 4679 τῷ
1524 4608 1636 4680 λαῷ
1658 4609 1960 4681 δεηθέντες,

2074 4623 2190 4664 nam
2212 4606 2394 4661 adhuc
2414 4605 2556 4676 ipsis
2578 4604 2948 4675 loquentibus,
2981 4602 3309 4675 propitiatus
3356 4600 3500 4659 Deus
3529 4602 3626 4657 ﬂe.

401 4694 701 4749 ἱκετεύουσι
729 4696 821 4750 καὶ
840 4692 1157 4765 λυτρώσεως
1184 4700 1378 4767 τυχεῖν·
1397 4696 1426 4751 ὃ
1452 4698 1516 4770 δὴ
1539 4699 1631 4752 καί
1650 4701 1959 4773 γεγένηταιο

2074 4707 2177 4754 tum
2202 4714 2391 4754 eorum
2422 4697 2480 4752 in
2511 4697 2750 4753 laetitiam
2787 4696 2968 4752 vertit.
3003 4694 3108 4762 Qui
3138 4695 3282 4749 enim
3305 4699 3389 4748 tot
3410 4708 3469 4749 se
3493 4693 3627 4748 ﬁeti-

398 4784 479 4837 ἐτι
534 4783 643 4856 γὰρ
690 4783 989 4839 λαλούντων
1039 4783 1215 4838 αὐτῶν
1266 4785 1588 4851 εἰσακούσας
1619 4788 1647 4840 6
1686 4788 1838 4853 Θεὸς,
1868 4807 1965 4861 με-

2074 4792 2164 4846 bus
2183 4789 2463 4855 dederant,
2495 4790 2598 4845 sub
2625 4789 2740 4844 haec
2763 4787 2831 4844 de
2857 4786 3210 4842 immutandis
3231 4784 3620 4848 vaticinantur,

399 4875 797 4941 ταϐάλλειτοὺς
840 4876 1107 4947 ὀδυρμοὺς
1136 4873 1315 4928 αὐτῶν
1358 4877 1453 4931 ἐπὶ
1497 4878 1559 4931 τὸ
1591 4879 1958 4953 φαιδρότερον.

2074 4883 2441 4954 :anticumque
2470 4898 2571 4953 pro
2607 4881 2818 4937 Dilecto
2851 4880 3230 4946 modulantur;
3264 4892 3375 4949 quo
3407 4892 3624 4948 permo-

400 4968 599 5037 Διόπερ
646 4969 772 5039 ἑξῆς
801 4971 849 5023 οἱ
881 4968 1115 5022 τοσαῦτα
1168 4969 1636 5042 ἁποκλαυσάμενοι
1689 4972 1830 5045 ὑπὲρ
1854 4974 1962 5029 τῶν

2074 4982 2154 5031 tus
2179 4974 2356 5030 bonus
2385 4975 2476 5031 ille
2502 4973 2667 5038 Deus,
2692 4973 2977 5029 orantibus
3009 4969 3297 5042 propitius,
3316 4970 3619 5026 libertatem

397 5058 908 5132 ἀλλοιωθησομένων
958 5060 1375 5133 προφητεύουσι,
1426 5062 1519 5115 καὶ
1573 5062 1714 5134 ᾠδὴν
1776 5065 1959 5137 ᾅδουσι

2074 5079 2096 5119 a
2128 5066 2305 5129 malis,
2342 5072 2395 5121 et
2424 5065 2727 5120 animarum
2755 5063 3180 5135 redemptionem
3210 5062 3308 5118 toti
3341 5061 3619 5116 hominum

396 5150 497 5223 τὴν
530 5151 669 5223 ὑπὲρ
692 5150 784 5205 τοῦ
815 5152 1139 5224 ’Δγαπητοῦ,
1160 5152 1224 5206 δι’
1240 5146 1300 5207 οὗ
1326 5151 1424 5224 τὴν
1449 5153 1632 5207 κακῶν
1652 5153 1961 5228 ἐλευθερίαν

2074 5157 2248 5227 generi
2277 5158 2556 5229 elargitur.

400 5246 496 5299 καί
524 5243 632 5297 τῶν
655 5242 841 5315 ψυχῶν
867 5243 962 5315 τὴν
999 5244 1368 5317 ἀπολύτρωσιν
1387 5244 1417 5297 6
1453 5245 1651 5314 ἀγαθὸς
1708 5248 1858 5314 Θεὸς,
1913 5248 2221 5313 ἐπακούσας
2251 5249 2359 5303 τῶν
2415 5248 2748 5321 εὐξαμένων,
2772 5247 2852 5321 τῷ
2877 5245 3039 5300 παντὶ
3087 5246 3232 5315 γένει
3261 5244 3368 5299 τῶν
3414 5241 3625 5317 ἀνθρὼ-

403 5348 521 5391 πων
547 5336 872 5407 ἐδωρήσατο.

474 5497 519 5529 ⁸⁸
557 5495 702 5553 Psal.
732 5510 847 5559 cu,
882 5493 971 5550 15.
1045 5493 1089 5524 ⁶¹
1129 5493 1235 5550 lsa.
1273 5508 1438 5559 nm,
1476 5491 1556 5549 18.

475 5649 550 5721 (i)
589 5648 830 5721 Dualitas
855 5648 946 5704 illa
976 5661 1331 5721 personarum
1361 5647 1651 5718 signiﬁcat,
1675 5647 1805 5702 hinc
1826 5663 1953 5719 pro-
2061 5651 2315 5721 peccatis
2350 5613 2752 5721 sceleribusque
2795 5645 3091 5721 deditam;
3115 5655 3175 5702 ut
3199 5646 3313 5721 jam
3362 5647 3618 5721 superius

403 5717 592 5793 phetas
630 5719 923 5793 justosque
959 5717 1130 5783 viros,
1162 5720 1259 5793 qui
1288 5717 1445 5793 pauci
1462 5733 1705 5793 nurnero
1728 5717 1951 5793 proipo-
2060 5717 2369 5793 explicavit,
2401 5736 2466 5776 ac
2498 5717 2639 5775 infra
2667 5717 2864 5790 repetit
2898 5718 3184 5777 Eusebius.

405 5791 513 5860 puli
562 5790 773 5847 delictis
818 5789 1138 5861 precantur;
1170 5789 1295 5845 inde
1325 5789 1725 5846 multitudinem
1756 5789 1951 5861 plebis,
