4098 6370
482 301 587 356 39!

1161 300 1429 356 EUSEBII
1467 300 1942 359 CASSARIENSiS
1979 303 2130 363 OPP.
2176 304 2355 361 PARS
2418 305 2510 363 ill.
2545 337 2619 348 —-
2656 307 3066 365 EXEGETICA.

3603 319 3711 376 592

485 418 538 475 ίο
558 416 649 498 1ίῖ
666 416 894 498 ΕΙΝὲδέ
903 459 938 498 λ
951 415 1100 498 2³0.
1117 417 1206 498 Ηδ
1219 419 2026 498 ,ρῘΕβρὲίέίΗῖιῖᾼΒυὲΨ-Βς

2138 423 2250 498 Et;
2274 423 2361 498 To
2390 424 2808 498 religantur
2837 425 3708 498 IQN_44AAOIQGHEOMENQN,

554 487 752 544 FILIIS
806 487 1013 549 COBE.
1073 490 1166 543 AD
1218 489 1740 558 INTELLECTUM,
1802 491 2036 549 CANTI-

547 559 693 615 CUM
731 558 869 613 PRO
906 558 1195 615 DILECTO
1232 560 1417 617 XLIV.

544 649 716 706 Vens.
747 637 1116 709 2..Eructauit
1147 668 1237 713 cor
1264 669 1435 706 meum
1465 670 1673 708 verbum
1704 654 1915 718 bonum,
1952 652 2038 707 di-

478 755 540 794 co
581 755 675 808 ego
722 753 879 807 opera
916 756 1032 793 mea
1058 740 1183 810 regi.
1215 738 1419 812 Lingua
1447 760 1563 798 mea
1591 744 1826 798 calamus
1854 743 2040 799 scribta

478 831 723 886 velociter
750 831 1043 886 scribentis.
1080 832 1183 898 Qui
1224 833 1280 889 in
1322 837 1698 905 superioribus
1726 843 1807 890 tot
1831 842 2039 890 tantas-

477 938 585 993 que
613 923 880 994 lacrymas
925 922 1249 989 eﬂ'uderant,
1274 926 1387 995 jam
1415 943 1514 998 pro
1542 930 1788 998 pristinis
1824 929 2039 985 ﬂetibus

478 1015 694 1068 cantica
741 1024 796 1069 et
843 1015 1144 1071 cantilenas
1195 1016 1386 1083 edunt,
1430 1030 1717 1078 narrantes
1762 1029 2040 1076 auctorem

477 1105 581 1160 sibi
628 1107 944 1163 mutationis
987 1123 1017 1162 a
1062 1109 1307 1179 pristinis
1339 1113 1741 1171 calamitatibus
1771 1114 2039 1170 Dilectum

478 1196 571 1252 Dei
602 1197 793 1264 fuisse,
824 1216 988 1270 quem
1013 1200 1133 1257 ideo
1165 1203 1222 1257 in
1252 1204 1355 1259 hoc
1388 1213 1502 1260 toto
1547 1209 1762 1263 cantico
1792 1208 2041 1263 laudibus

475 1286 725 1344 eﬂ‘erunt.
765 1289 834 1343 At
883 1292 1136 1361 quoniam
1186 1293 1375 1350 isthmc
1424 1296 1586 1367 longo
1636 1308 1758 1368 post
1798 1308 2044 1369 tempore

475 1389 734 1435 eventura
755 1392 929 1448 erant,
950 1384 1074 1453 jure
1102 1385 1203 1440 hoc
1226 1388 1406 1453 titulo,
1429 1388 1496 1443 In
1512 1391 1686 1457 ﬁnem,
1706 1391 2041 1461 prOpbctiam

475 1472 713 1537 donant;
746 1474 860 1530 sive
892 1476 1205 1544 triumphale
1237 1482 1522 1546 canticum,
1566 1489 1658 1536 aut
1687 1484 1920 1537 victoria:
1945 1499 2044 1536 au—

474 1564 626 1627 ctori,
659 1563 982 1628 inscribunt,
1015 1567 1084 1621 ob
1116 1577 1300 1637 partas
1344 1570 1553 1625 scilicet
1575 1571 1642 1626 de
1669 1572 2044 1641 spiritualibus

490 1655 727 1709 inimicis
774 1657 1051 1713 victorias.
1083 1658 1259 1715 Titulo
1307 1669 1486 1716 autem
1533 1663 1858 1726 addiderunt
1890 1666 2039 1731 illud,

2210 496 2361 548 Ton:
2390 495 2570 547 non:
2605 495 2808 551 KUPE.
2837 492 2947 563 Eu:
2978 495 3294 563 ΣΥΝΕΣΙΝ,
3341 499 3473 551 om
3528 492 3711 556 ΥΠΕΡ

2211 566 2347 619 ΤΟΥ
2377 563 2746 617 ΑΓΑΠΗΤυΥ
2773 562 2904 619 ΜΔ’.

2222 656 2615 724 Ἐξηρεύξατο
2637 655 2676 723 ὴ
2706 655 2919 723 καρδία
2947 673 3067 724 μου
3095 658 3282 727 λόγον
3332 659 3578 729 ἀγαθὸν,
3610 660 3711 716 λέ-

2139 768 2220 821 τω
2247 748 2359 818 ἐγὼ
2387 748 2459 802 τὰ
2488 748 2630 817 ἔργα
2649 765 2767 817 μου
2796 746 2875 813 τῷ
2902 748 3172 812 βασιλεῖ.
3216 751 3278 807 Ἠ
3298 750 3547 820 γλῶσσά
3589 772 3711 823 μου

2141 842 2408 911 κάλαμος
2455 839 2831 911 γραμματέως
2877 840 3240 909 ὀξυγράφου.
3266 843 3328 896 Οἱ
3372 841 3442 896 τὰ
3472 843 3712 898 τοσαῦτα

2140 932 2227 986 διὰ
2264 933 2369 986 τῶν
2395 931 2701 1003 ἔμπροσθεν
2750 931 3224 1001 ἀποκλαυσάμενοι
3275 934 3522 988 ἐντεῦθεν
3566 934 3710 1006 ᾠδὰς

2141 1024 2235 1078 καὶ
2254 1024 2471 1096 ᾅσματα
2491 1024 2609 1078 ἀντὶ
2634 1024 2742 1077 τῶν
2785 1024 3063 1096 προτέρων
3091 1026 3340 1097 ὀδυρμῶν
3377 1027 3580 1098 ᾄδουσι,
3608 1029 3709 1097 τῆς

2141 1116 2247 1170 ἀπὸ
2276 1117 2382 1169 τῶν
2409 1115 2743 1187 σκυθρωπῶν
2772 1115 3070 1186 μεταϐολῆς
3090 1116 3259 1170 αἴτιον
3287 1118 3466 1182 αὐτοῖς
3487 1120 3707 1188 γεγονὲ-

2142 1222 2229 1259 ναι
2252 1206 2342 1259 τὸν
2400 1204 2698 1275 Ἀγαπητὸν
2729 1203 2805 1275 (l)
2836 1203 2930 1257 τοῦ
2946 1204 3079 1258 Θεοῦ
3103 1206 3404 1278 δηλοῦντες·
3430 1207 3490 1261 ὃν
3518 1210 3610 1263 καὶ
3639 1209 3706 1263 δι’

2143 1297 2271 1367 ὅλης
2299 1296 2399 1365 τῆς
2428 1294 2569 1367 ᾠδῆς
2597 1294 2939 1364 ἀνυμνοῦσιν.
2984 1295 3121 1348 Ἀλλ’
3142 1298 3372 1370 ἐπείπερ
3397 1299 3570 1353 ταῦτα
3600 1318 3706 1370 μα-

2143 1392 2295 1460 κροῖς
2317 1386 2539 1458 ὕστερον
2560 1386 2769 1458 χρόνοις
2781 1386 3060 1456 γίγνεσθαι
3085 1388 3338 1459 ἧμελλεν,
3367 1391 3588 1455 εἰκότως
3604 1396 3708 1459 Εἰς

2143 1476 2209 1530 τὸ
2227 1476 2399 1541 τέλος
2422 1475 2786 1545 ἐπιγράφουσι
2816 1476 2915 1547 τὴν
2937 1477 3289 1548 προφητείαν,
3324 1480 3356 1550 ἢ
3391 1480 3704 1546 ἐπινίκιον,

2144 1570 2178 1640 ἢ
2210 1568 2289 1634 τῷ
2324 1566 2622 1633 νικοποιῷ,
2649 1567 2736 1621 διὰ
2776 1568 2843 1623 τὰ
2876 1569 3017 1624 κατὰ
3048 1569 3154 1624 τῶν
3186 1573 3389 1643 νοητῶν
3433 1573 3709 1645 πολεμίων

2144 1659 2449 1730 νικητήρια.
2483 1656 2828 1729 Προσέθηκαν
2865 1658 2944 1711 ’δὲ
2992 1661 3056 1730 τῇ
3109 1662 3390 1751 ἐπιγραφῇ
3425 1661 3505 1725 τὸ,
3554 1664 3709 1734 ὑπὲρ

467 1762 562 1815 pro
597 1748 663 1799 iis
691 1748 779 1816 qui
814 1751 1297 1816 commutabuntur,
1328 1753 1453 1821 quia
1486 1752 1588 1823 ipsi
1619 1756 1781 1808 etiam
1806 1756 1899 1825 qui
1929 1756 2026 1810 hau

2144 1748 2262 1803 τῶν
2292 1749 2883 1818 ἀλλοιωθησομένων·
2912 1749 3096 1821 ἐπειδὴ
3139 1752 3232 1805 καὶ
3255 1748 3407 1804 αὐτοὶ
3431 1754 3480 1805 οἱ
3534 1754 3706 1807 ταῦτα

468 1844 774 1914 proferunt,
810 1859 840 1898 a
873 1845 1015 1899 tristi
1048 1859 1302 1900 sermone
1329 1845 1396 1900 ad
1417 1846 1592 1901 laetius
1615 1846 1888 1900 canticum
1912 1864 2034 1902 mu-

468 1936 726 1991 tationem
759 1936 958 1991 fecere.
985 1934 1099 1989 lmo
1125 1937 1289 1989 etiam
1324 1951 1444 2005 qua:
1473 1936 1529 1990 in
1560 1943 1675 1990 toto
1702 1937 1914 1992 cantico
1952 1936 2034 1993 l‘e-

465 2033 684 2089 runtur,
711 2027 1013 2080 mutatione
1059 2024 1325 2094 frequenti
1359 2026 1517 2096 plena
1547 2033 1693 2081 sunt.
1725 2023 1859 2080 Nam
1890 2026 2034 2083 Dile-

465 2125 587 2173 ctus
642 2118 760 2183 Dei,
830 2133 954 2172 cum
1016 2118 1366 2186 semetipsum
1424 2118 1741 2185 exinanivit,
1803 2118 2030 2176 fonnam

466 2210 611 2266 servi
667 2209 941 2279 accipiens
989 2220 1042 2265 et
1098 2210 1285 2265 habitu
1330 2211 1582 2268 inventus
1618 2225 1676 2268 ut
1706 2213 1891 2279 homo,
1923 2229 2030 2269 non

464 2316 686 2369 parvam
715 2301 1066 2356 mutationem
1102 2302 1374 2359 sustinere
1402 2305 1553 2362 visus
1583 2314 1688 2370 est,
1716 2308 1821 2363 etsi
1847 2316 2033 2378 utpote

465 2390 631 2456 Deus,
661 2392 1015 2449 immutabilis
1043 2402 1097 2450 et
1124 2394 1457 2451 invariabilis
1481 2397 1573 2453 sit.
1592 2397 1695 2464 Qui
1727 2414 1857 2454 vero
1886 2400 2031 2456 illius

465 2500 631 2555 Opera
662 2500 693 2539 a
727 2486 1039 2555 captivitate
1068 2486 1271 2541 diaboli
1297 2487 1579 2559 redempti,
1611 2489 1679 2543 ad
1728 2491 2030 2546 libertatem

463 2577 700 2632 ﬁliorum
729 2576 824 2633 Dei
858 2578 1109 2633 translati
1135 2586 1284 2643 sunt.
1320 2581 1687 2650 pulcherrima
1715 2583 1873 2652 plane
1911 2599 2031 2637 mu—

460 2668 665 2722 tatione
716 2678 844 2722 sunt
884 2667 1088 2725 allecti.
1116 2669 1298 2736 Quare
1327 2682 1621 2727 memorata
1668 2674 1756 2729 bis
1788 2674 1842 2729 in
1893 2675 2029 2729 locis

461 2759 649 2829 regina
691 2759 912 2829 jubetur
954 2761 1201 2816 oblivisci
1232 2761 1489 2831 populum
1522 2780 1681 2819 suum
1728 2774 1783 2821 et
1809 2766 2028 2821 domum

459 2853 632 2925 patris
671 2853 777 2916 sui,
805 2860 857 2907 et
894 2851 1000 2907 lilia
1021 2851 1149 2924 Tyri
1182 2854 1485 2925 alienigena
1536 2856 1603 2910 ad
1650 2858 1929 2927 pulchram
1965 2860 2002 2914 il

459 2945 569 3000 lam
603 2948 954 3001 mutationem
980 2955 1267 3014 evocatur;
1316 2948 1561 3019 virgines
1594 2965 1811 3019 quoque
1841 2958 1894 3006 et
1934 2951 2028 3006 ﬁlii

459 3036 680 3107 quidam
711 3054 805 3107 pro
834 3038 1073 3108 patribus
1102 3041 1233 3105 nati,
1268 3042 1454 3111 populi
1497 3043 1659 3097 etiam
1705 3041 1814 3098 Deo
1857 3045 2027 3097 conli-

2135 1843 2431 1913 φάσκοντες
2458 1840 2738 1894 ἀλλοίωσιν
2761 1838 2859 1910 τὴν
2883 1839 2990 1893 ἀπὸ
3033 1841 3141 1895 τῶν
3166 1842 3502 1914 σκυθρωπῶν
3534 1843 3707 1912 λόγων

2131 1934 2221 1987 ἐπὶ
2251 1932 2346 2005 τὴν
2370 1932 2729 2003 φαιδροτέραν
2756 1930 2896 2002 ᾠδὴν
2927 1934 3267 2002 πεποίηνται.
3310 1935 3385 1988 Οὐ
3420 1934 3524 2006 μὴν
3570 1935 3708 1990 ἀλλὰ

2130 2026 2221 2078 καὶ
2250 2024 2317 2077 τά
2360 2024 2709 2097 ὲμφερόμενα
2739 2022 2813 2075 δι’
2834 2024 2962 2093 ὅλης
2999 2024 3098 2094 τῆς
3136 2024 3277 2096 ᾠδῆς
3309 2026 3570 2099 πλείστης
3606 2045 3705 2080 πε-

2131 2117 2404 2190 πληρωται
2430 2115 2780 2179 ἀλλοιώσεως.
2802 2117 2868 2169 ’⁷0
2889 2133 2949 2169 τε
2969 2115 3075 2187 γὰρ
3121 2116 3425 2188 Ἀγαπητὸς
3436 2117 3530 2171 τοῦ
3546 2119 3705 2181 Θεοῦ,

2130 2208 2320 2262 ἑαυτὸν
2351 2205 2611 2270 κενώσας,
2639 2207 2734 2258 καὶ
2771 2207 2980 2278 μορφὴν
3008 2206 3193 2260 δούλου
3226 2207 3426 2274 λαϐὼν,
3465 2211 3704 2281 σχήματι

2129 2298 2373 2372 εὑρεθεὶς
2400 2297 2475 2360 ὡς
2495 2296 2798 2368 ἄνθρωπος,
2856 2296 3138 2351 ἀλλοίωσιν
3186 2299 3247 2351 οὐ
3285 2298 3386 2370 τὴν
3435 2301 3703 2371 τυχοῦσαν

2130 2387 2306 2454 ἔδοξεν
2339 2386 2650 2457 ὑπομένειν,
2675 2385 3027 2449 ἀναλλοίωτος
3061 2385 3135 2440 ὢν
3165 2389 3259 2440 καὶ
3312 2388 3577 2461 ἄτρεπτος
3625 2390 3702 2454 ὡς

2130 2477 2280 2540 Θεός·
2324 2476 2376 2529 οῖ
2406 2492 2465 2528 τε
2497 2475 2564 2529 δι’
2585 2476 2748 2529 αὐτοῦ
2776 2477 2874 2548 τῆς
2908 2476 3011 2529 ὑπὸ
3031 2477 3121 2529 τὸν
3153 2477 3395 2533 διάϐολον
3427 2480 3701 2551 αἰχμαλω-

2133 2568 2252 2631 σίας
2270 2567 2653 2640 λυτρωθέντες,
2678 2571 2756 2632 είς
2790 2564 3099 2640 ἐλευθερίαν
3131 2586 3188 2622 τε
3220 2571 3318 2640 τὴν
3348 2570 3452 2623 ὑπὸ
3479 2571 3555 2643 τῷ
3580 2571 3701 2643 Θεῷ

2135 2659 2604 2732 μετενηνεγμένα,
2657 2658 2754 2731 τὴν
2804 2660 3096 2733 καλλίστην
3149 2661 3365 2733 άληθῶς
3405 2664 3554 2717 αὐτοὶ
3605 2664 3703 2718 ἀλ-

2131 2751 2345 2805 λοίωσιν
2378 2752 2845 2823 ὑπομεμενηκασι.
2877 2750 2967 2803 Διὸ
3010 2750 3105 2803 καὶ
3137 2752 3169 2822 ή
3210 2753 3560 2824 ἐμφερομένη
3589 2757 3703 2818 τοῖς

2130 2842 2307 2912 λόγοις
2338 2842 2619 2913 βασίλισσα
2677 2840 2954 2896 κελεύεται
3012 2841 3182 2912 λήθην
3230 2844 3557 2916 ποιήσασθαι
3607 2845 3702 2899 τοῦ

2130 2934 2259 2991 λαοῦ
2289 2936 2485 3006 ἑαυτῆς
2506 2935 2598 2988 καὶ
2647 2935 2741 2989 τοῦ
2794 2935 2942 2989 οἴκου
2976 2937 3071 2990 τοῦ
3104 2937 3308 3010 πατρὸς
3361 2937 3577 3009 ἑαυτῆς·
3608 2937 3702 2991 καὶ

2131 3029 2375 3101 θυγάτηρ
2397 3030 2452 3082 δὲ
2482 3029 2657 3100 Τύρου
2679 3028 2971 3099 ἀλλόφυλος
2996 3029 3087 3082 ἐπὶ
3131 3029 3230 3099 τὴν
3272 3028 3443 3100 καλὴν
3475 3029 3704 3101 μεταϐο-

461 3135 658 3194 tentes,
689 3127 874 3183 eadem
905 3131 1201 3186 mutatione
1227 3132 1432 3203 dignati
1457 3142 1603 3187 sunt.
1636 3133 1878 3200 Quorum
1909 3151 2026 3190 om-

2130 3120 2227 3192 λὴν
2254 3120 2453 3190 ταύτην
2486 3121 2745 3174 καλεῖται·
2772 3120 3026 3192 παρθένοι
3054 3137 3113 3173 τε
3147 3120 3240 3173 καὶ
3268 3121 3373 3172 υἱοί
3399 3137 3543 3183 τινες
3566 3120 3703 3175 ἀντὶ

460 3217 612 3272 nium
639 3232 805 3273 causa
828 3220 1100 3273 canticum
1123 3236 1217 3285 pro
1250 3222 1315 3275 iis
1347 3223 1435 3294 qui
1464 3223 1925 3277 commutabantur
1949 3224 2026 3280 in-

460 3308 725 3379 scriptum
757 3317 873 3379 est;
908 3310 1009 3374 vel,
1035 3311 1335 3367 secundum
1373 3313 1646 3383 Aquilam,
1681 3313 1743 3367 de
1761 3314 1922 3379 (iliis;
1952 3316 2026 3370 si-

458 3417 545 3465 ve,
577 3401 877 3457 secundum
911 3401 1320 3474 Symmachum,
1351 3420 1446 3474 pro
1476 3405 1718 3473 ﬂoribus.
1753 3384 1901 3460 .Nam
1929 3408 2023 3478 qui

458 3493 779 3547 commutati
819 3501 969 3557 sunt,
1000 3496 1201 3550 bonum
1254 3497 1528 3567 spirantes
1576 3498 1819 3563 odorem,
1862 3508 2026 3571 atque

456 3600 596 3641 nova
627 3585 881 3643 Ecclesiae
914 3589 1177 3658 plantatio
1199 3590 1396 3655 ell‘ecti,
1428 3591 1531 3644 hoc
1575 3592 1795 3647 nomine
1841 3593 2025 3663 appel-

458 3677 554 3731 lati
584 3685 729 3733 suut.
757 3679 936 3744 Quare
970 3689 1028 3733 ut
1055 3680 1168 3734 haec
1212 3680 1440 3751 intelligi
1489 3690 1735 3751 possent,
1766 3697 2020 3737 necessa-

457 3768 544 3824 rio
569 3771 813 3824 auditum
845 3771 903 3826 in
930 3772 1088 3827 titulo
1119 3772 1241 3838 fuit,
1271 3772 1341 3826 ad
1379 3772 1740 3838 intellectum;
1771 3780 1830 3828 ut
1864 3773 2023 3828 intel-

457 3862 691 3935 ligamus
742 3871 909 3917 totam
956 3864 1228 3920 sermonis
1274 3864 1469 3920 seriem
1505 3864 1779 3919 canticum
1813 3879 1911 3935 pro
1942 3863 2025 3918 Di-

455 3957 598 4012 lecto
629 3956 944 4027 complecti;
975 3964 1088 4020 aut,
1110 3959 1408 4012 secundum
1446 3956 1851 4028 Symmachum,
1879 3955 2023 4011 Can-

456 4052 617 4105 ticum
646 4052 700 4104 in
738 4050 1017 4105 Dilectum.
1051 4048 1165 4107 Hoc
1192 4059 1371 4105 autem
1424 4049 1478 4104 in
1532 4050 1651 4105 loco
1689 4049 1871 4105 omnia
1902 4065 2022 4119 quae

452 4140 522 4197 de
540 4141 746 4198 Dilecto
778 4141 1025 4197 feruntur
1051 4141 1275 4211 colligas
1304 4148 1555 4211 oportet;
1586 4141 1746 4211 quale
1774 4151 1859 4195 est
1888 4138 2021 4194 illud

454 4231 608 4289 Isaia
634 4252 649 4289 :
684 4232 921 4288 Cantabo
952 4248 1078 4287 sane
1108 4230 1312 4287 Dilecto
1353 4233 1621 4285 canticum
1650 4230 1840 4285 Dilecti
1860 4232 2021 4286 vinea:

456 4341 607 4381 mete.
640 4324 802 4378 Vinea
850 4324 996 4394 facta
1023 4334 1100 4378 est
1132 4324 1420 4380 Dilecto".
1450 4324 1616 4391 Queis
1657 4323 2016 4395 signiﬁcatur,

454 4416 668 4471 vineam
700 4416 919 4487 quidem
948 4431 1073 4472 esse
1099 4416 1317 4472 domum
1348 4415 1535 4482 Israel,
1564 4415 1619 4471 id
1647 4417 1792 4471 enim
1832 4418 1888 4472 in
1933 4433 2013 4472 se-

2125 3212 2389 3282 :tazépwr
2405 3212 2726 3282 γενόμενοι,
2749 3210 2865 3264 λαοί
2894 3228 2951 3264 τε
2968 3208 3442 3281 ἐξομολογούμενοι
3467 3209 3544 3281 τῷ
3557 3209 3699 3280 Θεῷ,

2126 3305 2223 3375 τῆς
2276 3305 2445 3375 αὐτῆς
2489 3303 2797 3375 ἠξιώθησαν
2857 3303 3211 3368 ἀλλοιώσεως.
3277 3299 3378 3358 Ὦν
3427 3304 3486 3357 δὲ
3534 3302 3698 3356 ἓνεκα

2126 3397 2339 3449 πάντων
2356 3395 2504 3464 ὑπὲρ
2524 3393 2641 3448 τῶν
2653 3392 3223 3463 ἀλλοιωθησομένων
3235 3393 3643 3466 προγέγραπται
3663 3393 3697 3462 ἡ

2124 3489 2253 3561 ᾠδή·
2278 3487 2418 3542 κατὰ
2441 3488 2497 3541 δὲ
2524 3486 2612 3540 τὸν
2658 3485 2906 3549 Ἀκύλαν,
2954 3483 3053 3537 ἐπὶ
3100 3484 3224 3551 τοῖς
3266 3486 3511 3553 κρίνοις·
3553 3483 3696 3537 κατὰ

2122 3580 2179 3632 δὲ
2206 3580 2296 3632 τὸν
2313 3578 2624 3651 Σύμμαχον,
2641 3578 2790 3645 ὑπὲρ
2811 3575 2929 3629 τῶν
2942 3574 3158 3630 ἀνθῶν.
3178 3576 3239 3629 Οἱ
3260 3576 3369 3648 γὰρ
3392 3575 3699 3629 άλλοιωθένο

2122 3689 2232 3736 τες,
2262 3667 2403 3726 οὗτοι
2435 3672 2657 3735 εὐωδίας
2685 3669 3033 3734 πνεύσαντες,
3065 3670 3158 3723 καὶ
3196 3668 3333 3739 ἄνθη
3379 3669 3548 3741 νεαρὰ
3595 3667 3696 3738 τῆς

2134 3763 2460 3836 Ἐκκλησίας
2490 3763 2792 3834 γενόμενοι,
2811 3761 2994 3815 τοῦτον
3033 3759 3427 3832 ὠνομάσθησαν
3457 3762 3547 3815 τὸν
3575 3761 3697 3833 τρό-

2124 3873 2241 3909 πον.
2272 3855 2382 3919 Διὸ,
2418 3855 2504 3908 ἵνα
2535 3853 2709 3906 ταῦτα
2741 3852 2929 3923 νοηθῇ,
2957 3852 3270 3920 ἀναγκαίως
3298 3853 3615 3923 πρόσκειται
3628 3855 3692 3923 τῇ

2124 3947 2413 4016 προγραφῇ
2440 3944 2519 4007 τὸ,
2545 3945 2633 4009 εὶς
2653 3944 2930 3997 σύνεσιν·
2969 3945 3061 3996 καὶ
3102 3943 3185 3995 ἵνα
3242 3941 3510 4013 συνῶμεν,
3540 3942 3616 4006 ὡς
3664 3948 3693 3999 ό

2121 4044 2230 4105 πᾶς
2257 4041 2413 4109 λόγος
2437 4039 2575 4111 ᾠδὴν
2633 4038 2873 4111 περιέχει
2936 4037 3076 4109 ὑπὲρ
3134 4034 3231 4089 τοῦ
3294 4035 3687 4107 Ἀγαπητοῦ,ἢ

2122 4133 2263 4188 κατὰ
2310 4133 2401 4186 τὸν
2456 4131 2770 4203 Σύμμαχον·
2814 4125 3015 4200 ’ᾼσμα
3065 4130 3150 4192 εἰς
3182 4126 3289 4179 τὸν
3340 4126 3687 4195 Ἀγαπητόν.

2126 4223 2294 4279 Ἔνθα
2323 4223 2380 4276 δὲ
2399 4222 2703 4293 γενόμενος,
2735 4221 2910 4275 πάντα
2924 4220 3022 4272 ὅσα
3039 4219 3165 4288 περὶ
3207 4217 3512 4289 Ἀγαπητοῦ
3569 4236 3692 4273 συν-

2121 4318 2286 4386 άξεις·
2313 4312 2424 4371 οἷον
2449 4317 2506 4369 ὲν
2534 4314 2748 4386 Ἡσαΐᾳ·
2774 4314 2933 4383 ’ᾼσω
2950 4310 3025 4379 δὴ
3049 4310 3125 4376 τῷ
3151 4310 3508 4381 ἠγαπημένῳ
3529 4306 3692 4383 ᾆσμα

2119 4410 2226 4465 τοῦ
2251 4405 2574 4481 Ἀγαπητοῦ
2602 4404 2682 4471 τῷ
2713 4402 3019 4473 ἀμπελῶνί
3051 4421 3191 4473 μου.
3238 4404 3532 4473 Ἁμπελὼν
3567 4405 3691 4474 ἐγε-

449 4508 748 4580 quentibus
779 4508 1126 4575 declaratur;
1164 4507 1433 4563 Dilectum
1483 4518 1662 4563 autem
1713 4508 1866 4564 illum
1898 4525 2020 4565 esse

2129 4502 2275 4572 νήθη
2312 4499 2392 4567 τῷ
2442 4496 2821 4570 ἠγαπημένῳ·
2874 4495 2940 4547 δι’
2969 4488 3044 4549 ὧν
3069 4495 3386 4566 σημαίνεται
3428 4496 3687 4567 ἁμπελὼν

454 4597 803 4671 Uuigenitum
824 4598 917 4654 Dei
947 4596 1167 4664 Filium,
1203 4599 1362 4668 cujus
1387 4598 1566 4669 portio
1588 4612 1653 4654 ac
1673 4599 1822 4670 prior
1844 4600 2017 4656 haere-

453 4689 597 4748 ditas
635 4690 737 4747 fuit
765 4697 1068 4748 memorata
1098 4691 1190 4746 illa
1219 4691 1395 4748 vinea.
1433 4689 1699 4757 Quoniam
1734 4698 1913 4747 autem
1934 4690 2017 4746 di-

454 4784 632 4840 lectus
660 4785 887 4855 quilibet
914 4785 1230 4857 diligentem
1267 4801 1327 4841 se
1351 4785 1531 4850 habet,
1566 4785 1651 4841 his
1679 4784 1824 4841 clare
1866 4799 2016 4840 com-

453 4882 816 4942 monstratur,
840 4877 1054 4932 vineam
1084 4876 1230 4930 illam
1259 4876 1666 4947 possessionem
1699 4874 1888 4930 Dilecti
1920 4872 2016 4929 Dei

453 4966 650 5035 fuisse,
682 4968 842 5039 cujus
869 4969 1041 5040 gratia
1069 4984 1312 5040 praesens
1344 4969 1637 5034 canticum,
1662 4984 1758 5038 pro
1786 4966 2014 5031 Dilecto,

457 5060 777 5131 inscriptum
807 5068 909 5116 est.
934 5060 994 5115 In
1027 5060 1260 5117 Psalmis
1286 5076 1502 5132 quoque
1522 5061 1726 5116 dictum
1748 5069 1833 5116 est
1865 5078 1879 5115 :
1909 5058 2016 5113 Do-

452 5154 628 5208 minus
655 5152 802 5207 dabit
842 5150 1064 5208 Verbum
1087 5153 1559 5225 euangelizantibus
1591 5154 1780 5208 virtute
1822 5151 2012 5206 multa.

526 5312 573 5343 ⁸³
611 5309 717 5366 lsa.
749 5325 803 5375 v,
836 5308 889 5366 ι.

525 5469 602 5591 (13
655 5463 997 5545 Ἀγαπητόν..
1032 5462 1188 5533 Apud
1231 5458 1526 5542 Eusebium
1576 5454 1717 5510 idem
1741 5451 2013 5534 significat

525 5553 562 5591 ιο
630 5536 952 5591 Μονογενής,
984 5533 1041 5587 ιὰ
1080 5541 1193 5591 est,
1227 5529 1570 5591 Umgemtus.
1604 5526 1792 5591 supple
1843 5522 2013 5579 Filius

456 5522 599 5610 quod
630 5522 952 5610 Μοῆογεὺῃς,
984 5533 1041 5587 id
1080 5522 1193 5610 cst,
1227 5522 2013 5610 UnigenitusnsuppleiFilius

458 5594 550 5665 Dei
581 5619 638 5661 ut
662 5594 821 5659 inira.
856 5594 1103 5668 Et'vero,
1153 5609 1290 5655 teste
1329 5594 1629 5652 Athanasio
1658 5594 1707 5668 t’._
1730 5594 1775 5657 l,
1805 5609 1857 5663 p.
1885 5594 2013 5668 641).,

456 5663 572 5733 hac
600 5677 866 5731 sententia
908 5688 1012 5727 usu
1060 5663 1207 5726 venit
1237 5684 1339 5724 vox
1381 5670 1471 5721 illa
1499 5668 1644 5738 apud
1671 5665 1907 5738 Graecos.
1938 5663 2013 5738 To

451 5749 511 5804 δὲ
535 5746 831 5816 ἀγαπητόν,
865 5745 946 5801 sic
977 5742 1087 5808 ille,
1120 5740 1213 5794 καὶ
1240 5738 1496 5809 ’Έλληνες
1537 5733 1715 5790 ἴσασιν
1763 5736 1811 5788 οἱ
1853 5733 2015 5786 δεινοὶ

2126 4595 2222 4664 μὲν
2253 4588 2449 4655 όοϊκος
2468 4589 2563 4643 τοῦ
2596 4587 2827 4661 Ἰσραήλ·
2851 4586 3008 4640 τοῦτο
3046 4586 3155 4659 γὰρ
3195 4589 3322 4659 ἑξῆς
3352 4590 3381 4642 ὁ
3424 4588 3577 4659 λόγος
3604 4588 3690 4661 δη-

2122 4686 2221 4739 λοῖ·
2258 4682 2608 4755 ἠγαπημένος
2647 4680 2703 4734 δὲ
2727 4681 2822 4734 καὶ
2862 4679 3167 4749 Ἀγαπητὸς
3191 4682 3220 4733 ό
3248 4680 3555 4755 Μονογενὴς
3592 4682 3685 4736 τοῦ

2121 4774 2256 4829 Θεοῦ
2289 4774 2433 4838 Υἱὸς,
2467 4766 2528 4826 οῦ
2564 4773 2719 4845 μερὶς
2777 4771 2965 4840 γέγονε
2995 4769 3086 4823 καὶ⁵
3119 4769 3315 4842 κλῆρος
3379 4772 3634 4845 πρότερος
3658 4775 3687 4826 ὁ

2117 4866 2375 4941 δηλωθεὶς
2404 4866 2682 4938 άμπελών.
2749 4865 2903 4919 Ἐπεὶ⁸
2945 4864 3001 4918 δὲ
3060 4864 3169 4927 πᾶς
3212 4866 3397 4937 ὴγαπη
3406 4866 3563 4937 μένος
3592 4866 3689 4920 καὶ

2121 4960 2404 5031 ἀγαπητὸς
2458 4958 2571 5029 ἔχει
2602 4958 2692 5011 τὸν
2716 4956 3035 5027 ἀγαπῶντα,
3068 4955 3252 5026 σαφῶς
3282 4956 3372 5011 διὰ
3425 4958 3629 5014 τούτων
3657 4960 3687 5013 ὁ

2116 5053 2272 5121 λόγος
2296 5051 2590 5123 παρίστησι
2613 5050 2702 5103 τὸν
2730 5047 3025 5120 ἀμπελῶνα
3056 5048 3239 5119 κτῆμα
3281 5046 3555 5117 γεγονέναι
3589 5044 3686 5098 τοῦ

2132 5143 2438 5217 Ἀγαπητοῦ
2471 5143 2564 5198 τοῦ
2589 5140 2743 5207 Θεοῦ,
2778 5141 2906 5213 περὶ
2945 5132 3007 5193 οῦ
3048 5142 3082 5211 ὴ
3114 5139 3443 5212 προκειμένη
3472 5135 3582 5210 ᾠδὴ
3608 5134 3685 5189 ετ-

2115 5454 2242 5524 περὶ
2273 5452 2371 5516 τὰς
2401 5451 2592 5517 λέξεις,
2625 5453 2707 5505 ὅτι
2738 5449 2851 5504 ἴσον
2888 5450 3005 5504 ἐστὶ⁸
3034 5448 3110 5520 τῷ
3140 5449 3334 5512 εἰπεῖν,
3363 5445 3681 5527 μονογενήςι

2114 5522 2375 5576 (laterum
2427 5531 2618 5576 norunt
2662 5523 2763 5576 ipsi
2808 5518 2978 5575 Gra'ci
3004 5560 3018 5576 .
3058 5522 3148 5576 aui
3189 5519 3479 5573 dictionum
3525 5517 3681 5576 perit:

2114 5532 2375 5577 ueterum
2427 5532 2618 5576 norunt
2662 5532 2763 5590 ipsi
2808 5532 2978 5575 Ura'ct
3004 5560 3018 5583 ,
3058 5536 3145 5590 qui
3189 5532 3479 5573 dictionum
3524 5532 3679 5586 perm

2113 5603 2253 5647 sunt.
2288 5592 2539 5646 dilectum
2564 5591 2701 5646 idem
2744 5608 2857 5646 esse
2884 5602 3038 5661 atque
3071 5590 3409 5659 unigenitum.
3443 5587 3548 5643 Pro
3571 5601 3679 5659 qua

2115 5678 2173 5717 re
2202 5662 2479 5733 probanda
2511 5662 2667 5718 aliert
2699 5663 2790 5719 ille
2811 5662 3030 5717 Homeri
3060 5674 3324 5716 carmina.
