4098 6388
377 371 484 428 595
1104 363 1372 422 EUSEBH
1407 361 1884 418 CESAREENSIS
1920 361 2068 418 OPP.
2110 361 2287 417 PARS
2323 360 2413 421 ιη.
2460 393 2514 403 -
2545 362 2954 420 EXEGETICA.

3559 361 3668 418 596

379 491 468 543 die
483 487 549 542 ι’.
586 483 838 555 Magnum
873 499 1038 554 porro
1060 499 1200 554 opus
1231 491 1350 538 erat
1389 483 1569 538 futura
1601 499 1698 554 per
1726 484 1968 552 linguam

2081 484 2250 537 ἓνεκά
2283 500 2398 537 σου
2426 483 2834 552 θανατούμεθα
2883 482 3038 549 ὅλην
3066 481 3178 549 τὴν
3220 480 3470 549 ἡμέραν.
3505 480 3671 549 Μέγα

379 575 695 652 vaticinari,
731 584 894 645 atque
924 575 1036 645 regi
1073 576 1128 629 in
1181 576 1400 630 cantico
1433 575 1559 629 boni
1589 575 1764 629 nuntii
1799 573 1965 628 mini—

380 678 557 723 strum
590 682 734 724 esse.
771 665 906 736 Ejus
940 674 1122 720 autem
1152 665 1294 728 loco,
1321 666 1562 720 calamus
1606 665 1792 718 scribae
1830 665 1966 718 velo-

380 760 511 813 citer
569 758 874 819 scribentis,
933 756 1152 826 Aquila,
1215 757 1454 811 calamus
1505 757 1691 810 scribw
1746 757 1965 818 velocis;

383 850 750 922 Symmachus
780 865 927 912 vero,
968 849 1150 916 lingua
1177 865 1293 901 mea
1323 847 1494 918 stylus
1525 848 1710 902 scriba:
1758 847 1964 901 velocis.

381 943 652 1013 Quodque
688 941 940 996 mirabile
992 940 1288 994 admodum
1345 947 1450 1003 est,
1509 939 1751 1008 linguam
1810 953 1966 993 suam

380 1051 492 1090 non
527 1049 750 1088 manum
791 1033 988 1090 scribae
1035 1031 1257 1094 eruditi,
1291 1047 1466 1100 neque
1505 1031 1742 1086 scribam
1777 1037 1966 1092 vocat,

384 1125 481 1181 sed
515 1128 784 1179 calamum
812 1124 1006 1179 scribae
1041 1124 1299 1178 velociter
1324 1122 1648 1186 scribentis;
1679 1121 1970 1175 declarans

383 1218 628 1285 linguam
679 1215 1083 1285 pr0pheticam,
1141 1213 1369 1268 alterius
1428 1227 1489 1267 ca
1525 1212 1754 1275 utentis,
1792 1211 1969 1266 sancti

385 1307 640 1363 videlicet
669 1305 933 1377 Spiritus,
963 1306 1390 1359 instrumentum
1418 1319 1561 1358 esse.
1595 1301 1644 1358 Is
1675 1318 1806 1356 sane
1833 1299 1972 1355 scri-

393 1400 487 1462 ba,
518 1398 680 1468 cujus
729 1399 904 1468 stylus
940 1408 993 1451 et
1028 1397 1274 1450 calamus
1305 1403 1421 1449 erat
1452 1395 1840 1462 prephetarum
1873 1391 1974 1444 lin-

388 1504 529 1560 gua;
567 1491 639 1543 ita
694 1493 752 1539 ut
798 1483 940 1538 alius
979 1493 1129 1538 esset
1157 1483 1338 1538 scriba
1384 1483 1645 1537 velociter
1699 1481 1970 1546 scribens,

389 1582 650 1635 nimirum
710 1577 951 1647 Spiritus
987 1585 1233 1640 sanctus,
1284 1576 1426 1631 alius
1457 1575 1741 1646 prOpheta,
1776 1573 1972 1627 tertius

387 1673 576 1743 lingua
607 1670 950 1742 prophetica,
983 1683 1105 1736 quae
1139 1667 1336 1721 calami
1371 1674 1426 1722 et
1476 1666 1604 1737 styli
1636 1665 1759 1720 loco
1806 1665 1973 1719 habe-

325 1805 332 1813 ι
389 1765 574 1828 batur,
607 1770 662 1818 et
685 1763 1111 1818 instrumentum
1145 1757 1385 1830 Spiritus
1414 1758 1612 1826 sancti,
1650 1757 1742 1827 qui
1768 1771 1832 1812 ea
1855 1765 1974 1811 ute-

391 1855 575 1924 batur,
612 1862 751 1912 erat.

2069 576 2125 628 δὲ
2157 571 2224 645 ἦν
2259 574 2417 645 ἔργον
2445 574 2540 627 καὶ
2584 573 2648 626 τὸ
2675 573 2762 625 διὰ
2802 571 3049 642 γλώττης
3087 573 3157 626 τὰ
3219 572 3484 642 μέλλοντα
3531 588 3668 643 προ-

2072 668 2349 738 φητεύειν,
2382 669 2479 720 καὶ
2530 665 2607 735 τῷ
2641 665 2852 735 βασιλεῖ
2890 664 3254 718 διακονεῖσθαι
3295 666 3396 736 τὴν
3434 665 3669 733 εὐαγγε-

2071 761 2226 832 λικὴν
2254 760 2420 830 ᾠδήν.
2462 757 2607 810 Ἀντὶ
2670 757 2727 809 δὲ
2781 756 2897 809 ’ποῦ’
2949 755 3230 824 καλαμος
3281 754 3667 824 γραμματέως

2072 849 2437 920 ὀξυῃοάςεου,
2489 850 2517 901 ὁ
2550 849 2648 917 μὲν
2695 846 2942 910 Ἀκύλας·
2997 846 3246 915 Σχοῖνος
3285 844 3668 915 γραμματέως

2072 939 2338 1011 τίιχινοῦσ
2390 941 2418 992 ό
2458 940 2514 992 δὲ
2567 939 2881 1010 Σύμμαχος·
2918 938 2957 1005 ἡ
3000 934 3257 1006 γλῶσσά
3306 953 3448 1006 μου,
3507 935 3662 1005 φησὶ,

2072 1033 2354 1100 γραφεῖον
2379 1030 2646 1099 γραφέως
2684 1027 2953 1097 ταχινοῦ.
3001 1026 3215 1099 Σφόδρα
3239 1027 3295 1079 δὲ
3335 1026 3664 1096 θαυμαστῶς

2072 1123 2170 1195 τὴν
2207 1121 2396 1176 ἑαυτοῦ
2425 1122 2700 1190 γλῶσσαν,
2740 1121 2800 1173 οὐ
2853 1121 3014 1190 χεῖρα
3038 1119 3415 1189 γραμματέως
3445 1118 3668 1189 emaci;-

2077 1233 2256 1287 μονος,
2291 1215 2411 1268 οὐδὲ
2441 1213 2776 1284 γραμματέα
2810 1213 2997 1282 φησιν,
3033 1211 3169 1264 ἀλλὰ
3224 1210 3468 1281 κάλαμον
3490 1228 3668 1283 γραμ-

2078 1305 2289 1376 ματέως
2309 1304 2638 1375 ὅξυγράφουο
2689 1302 2887 1373 δηλῶν,
2914 1303 2995 1356 ὅτι
3028 1301 3260 1371 ὄργανον
3283 1295 3351 1371 ἦν
3389 1303 3421 1370 ἡ
3451 1314 3664 1370 προφη-

2076 1392 2200 1463 τικὴ
2221 1391 2440 1460 γλῶσσα
2463 1392 2655 1462 ἑτέρου
2681 1389 2777 1443 τοῦ
2803 1390 3086 1461 χρωμένου
3122 1389 3284 1459 αὐτῇ,
3321 1389 3478 1456 ἁγίου
3502 1387 3668 1442 Πνεύο

2079 1500 2246 1554 ματος
2268 1503 2279 1514 ·
2313 1485 2452 1553 ὅπερ
2493 1484 2522 1534 ό
2560 1483 2942 1554 γραμματεὺς,
2977 1475 3038 1535 οὗ
3083 1484 3344 1551 γραφεῖον
3372 1480 3466 1533 καὶ
3498 1480 3667 1534 κάλαο

2080 1593 2178 1645 μος
2212 1574 2506 1645 ἐτύγχανεν
2535 1577 2567 1644 ή
2596 1574 2702 1627 τῶν
2734 1575 3029 1646 προφητῶν
3050 1575 3292 1642 γλῶσσα,
3323 1572 3452 1626 ὥσθ’
3477 1573 3666 1644 ἕτερον

2077 1663 2214 1720 εἶναι
2247 1665 2338 1718 τὸν
2371 1665 2676 1737 ὀξυγράφον
2711 1667 3068 1738 γραμματέα,
3118 1664 3317 1735 δηλαδὴ
3353 1663 3414 1717 τὸ
3441 1663 3666 1734 Πνεῦμα

2075 1743 2135 1811 τὸ
2169 1757 2454 1826 ἆγιον,καὶ
2484 1757 2668 1828 ἕτερον
2726 1757 2816 1810 τὸν
2850 1745 3156 1828 προφήτην,
3205 1756 3300 1810 καὶ
3356 1755 3536 1826 τρίτον
3569 1755 3681 1825 τὴν,

2003 1836 2048 1892 Β
2079 1844 2325 1914 γλῶσσαν
2355 1847 2454 1917 τὴν
2487 1846 2854 1918 προφητικὴν,
2889 1847 2924 1915 ὴ
2955 1845 3200 1916 καλάμου
3254 1845 3350 1898 καὶ
3399 1845 3666 1916 γραφείου

396 1945 581 2016 χώραν
609 1946 846 2017 ἐπεῖχεν,
902 1946 1132 2018 ὄργανον
1181 1943 1528 2014 τυγχάνουσα
1559 1939 1651 1995 τοῦ
1699 1938 1984 2011 χρωμένου
2022 1939 2160 2009 αὐτῇ
2188 1939 2346 2006 ἁγίου
2372 1939 2710 2010 Πνεύματος.

462 2034 760 2092 Sciendum
796 2045 977 2090 autem
1021 2043 1128 2099 est,
1158 2033 1460 2089 secundum
1497 2030 1851 2100 Septuaginta
1885 2027 1973 2081 in-

390 2133 679 2198 terpretes,
711 2126 1040 2179 sententiam
1076 2120 1559 2194 [subsequentem]
1593 2122 1803 2177 calamo
1827 2119 1972 2175 scri-

394 2207 476 2273 me
529 2217 906 2286 coniunctam,
940 2223 1104 2284 atque
1133 2221 1311 2269 totum
1340 2213 1618 2284 eloquium
1665 2227 1777 2266 uno
1811 2226 1972 2266 versu

392 2307 854 2378 comprehensum
887 2319 1030 2368 esse,
1072 2306 1174 2359 hoc
1209 2312 1371 2373 pacto
1403 2322 1414 2356 :
1460 2302 1666 2373 Lingua
1690 2318 1804 2356 mea
1825 2301 1975 2356 cala-

391 2413 511 2451 mus
539 2395 729 2451 scriba:
754 2396 997 2450 velociter
1023 2396 1324 2462 scribentis,
1354 2397 1620 2466 speciosus
1655 2396 1829 2465 forma
1862 2410 1973 2464 pra

392 2489 521 2558 [iliis
551 2488 844 2541 hominum.
885 2487 952 2540 At
980 2487 1107 2557 quia
1145 2485 1414 2542 llcbraica
1457 2487 1622 2542 lectio
1671 2495 1726 2543 et
1775 2486 1972 2556 reliqui

393 2578 743 2648 interpretes,
772 2580 1055 2648 superiore
1088 2581 1354 2635 sententia
1390 2580 1832 2649 circumscripta,
1867 2578 1975 2632 alio

391 2671 590 2727 deinde
615 2673 886 2742 principio
917 2673 969 2726 in
994 2673 1338 2742 expositione
1390 2672 1476 2726 usi
1509 2680 1678 2738 sunt;
1737 2685 1977 2742 congru-

391 2769 546 2816 enter
569 2774 674 2816 nos
696 2761 858 2815 etiam
889 2761 1044 2825 illud,
1080 2760 1361 2829 Speciosus
1387 2760 1562 2829 forma
1593 2775 1706 2829 prce
1725 2759 1856 2827 ﬁliis
1877 2759 1974 2814 ho-

391 2855 614 2917 minum,
649 2853 718 2908 ab
768 2854 876 2907 alio
915 2853 1383 2908 initioduximus.
1431 2852 1629 2922 Aquila
1675 2853 1842 2920 igitur
1875 2853 1976 2905 hac

391 2945 606 3000 ratione
653 2945 1046 3014 interpretatus
1077 2952 1184 3010 est,
1229 2943 1636 2997 Pulchritudine
1673 2952 1893 2997 ornatus
1919 2958 1974 2996 es

394 3053 428 3088 α
467 3036 597 3105 ﬁliis
625 3035 932 3100 hominum;
991 3035 1358 3106 Symmachus
1385 3050 1536 3098 vero,
1571 3032 1976 3088 l’ulchritudine

394 3127 612 3196 pulcher
655 3144 708 3182 es
749 3135 944 3197 prccter
997 3127 1140 3196 ﬁlios
1185 3126 1487 3190 hominum;
1541 3128 1617 3180 ita
1662 3134 1722 3181 ut
1769 3142 1891 3197 quae
1920 3127 1977 3180 in

399 3218 620 3274 cantico
675 3219 1106 3290 praemittuntur,
1176 3215 1430 3288 prommii
1489 3218 1664 3272 vicem
1716 3217 1973 3272 habeant.

2148 2028 2357 2081 Εἰδέναι
2389 2028 2446 2082 δὲ
2465 2029 2562 2093 δεῖ,
2597 2030 2673 2092 ὡς
2703 2029 2846 2084 κατὰ
2871 2030 2968 2102 τὴν
2993 2030 3102 2084 τῶν
3141 2030 3546 2102 Ἐϐδομήκοντα
3577 2031 3670 2103 cp-

2081 2121 2305 2192 μηνείαν
2330 2121 2600 2192 συνῆπται
2632 2124 2664 2193 ή
2692 2122 2902 2176 διάνοια
2924 2122 3002 2192 τῷ
3036 2123 3268 2193 καλάμῳ
3292 2123 3386 2176 τοῦ
3415 2139 3668 2194 γραμμα·

2076 2211 2232 2276 τέως,
2271 2212 2360 2280 ὑφ’
2389 2213 2486 2266 ἕνα
2514 2230 2573 2266 τε
2605 2214 2788 2284 στίχον
2833 2215 2892 2268 τὸ
2920 2215 3039 2268 ὅλον
3074 2214 3410 2284 ἀπείληπται
3465 2213 3665 2283 λόγιονΖ

2077 2300 2249 2364 οὕτως
2272 2299 2413 2372 ἔχον⁸
2460 2302 2520 2356 Ἡ
2543 2300 2795 2371 γλῶσσά
2814 2322 2935 2372 μου
2992 2303 3260 2374 κάλαμος
3289 2302 3669 2375 γραμματέως

2079 2391 2446 2463 ὀξυῃοάεοου·
2473 2394 2690 2462 ὡραῖος
2717 2395 2932 2449 κάλλει
2957 2395 3116 2464 παρὰ
3168 2395 3306 2462 τοὺς
3335 2397 3521 2462 υἱοὺς
3550 2393 3670 2450 τῶν

2078 2481 2423 2551 ἀνθρώπων.
2468 2485 2621 2537 Ἐπεὶ
2657 2484 2770 2554 δὲή
2807 2484 3070 2556 Ἑϐραῖκὴ
3121 2483 3266 2549 λέξις
3296 2485 3391 2538 καὶ
3413 2487 3461 2538 oi
3496 2484 3702 2557 λοιποὶ,

2079 2575 2433 2646 ἑρμηνευταὶ,
2462 2574 2560 2646 τὴν
2581 2575 2688 2628 τῶν
2727 2576 2985 2644 ἀνωτέρω
3025 2575 3263 2629 διάνοιαν
3294 2575 3670 2648 περιγράψαν-

2078 2682 2188 2728 τες,
2220 2666 2328 2718 ἀπὸ
2375 2665 2564 2738 ἐτέρας
2593 2668 2768 2739 ἀρχῆς
2795 2667 2892 2740 τὴν
2917 2668 3132 2722 ἔκθεσιν
3159 2647 3504 2740 ἐποιήσαντο*
3536 2668 3672 2722 είκό-
3696 2647 3700 2656 Ι

2077 2775 2183 2822 τως
2217 2758 2312 2810 καὶ
2336 2761 2497 2828 ἡμεῖς
2518 2758 2578 2823 ἐξ
2600 2760 2794 2832 ἑτέρας
2817 2761 2994 2831 ἀρχῆς
3052 2761 3135 2813 τόο
3199 2760 3429 2828 Ὠραῖος
3459 2762 3672 2816 κάλλει

2083 2846 2237 2915 παρὰ
2274 2847 2416 2914 τοὺς
2459 2849 2626 2914 υἱοὺς
2675 2848 2794 2902 τῶν
2849 2849 3198 2918 ἀνθρώπων,
3255 2851 3668 2922 παρεθήκαμεν.

2092 2940 2148 2994 ’0
2183 2939 2282 3012 μὲν
2313 2936 2406 2994 οὖν
2447 2940 2678 3006 Ἀκύλας
2722 2940 2912 2996 τοῦτον
2958 2944 3272 3015 ἡρμήνευσε
3311 2944 3404 2997 τὸν
3449 2944 3672 3015 τρόπον,

2079 3029 2307 3085 mtuet
2360 3032 2730 3101 ἐκαλλιώθης
2778 3033 2897 3087 ἀπὸ
2959 3031 3109 3087 υἱιῖν
3162 3035 3507 3102 ἀνθρώπων·
3556 3035 3586 3087 ό
3616 3034 3674 3089 δι

2082 3123 2397 3194 Σύμμαχος·
2430 3123 2654 3180 Κάλλει
2693 3125 2882 3192 καλὸς
2920 3121 2979 3180 εἴ
2995 3125 3154 3195 παρὰ
3185 3126 3327 3193 τοὺς
3351 3127 3522 3194 υἱοὺς
3555 3124 3674 3180 τῶν
3701 3185 3706 3190 ,

2083 3215 2429 3282 ἀνθρώπων
2463 3215 2604 3269 ὥστε
2656 3212 2795 3271 εἶναι
2855 3215 2925 3270 τὰ
2974 3216 3168 3289 πρῶτα
3229 3220 3328 3287 τῆς
3377 3217 3518 3288 ᾠδῆς
3549 3215 3673 3270 ἀντὶ

397 3309 537 3364 Cum
569 3286 716 3364 enim
757 3309 1113 3380 propheticus
1146 3286 1352 3364 chorus
1399 3322 1707 3364 sermonem
1737 3306 1803 3361 de
1829 3306 1976 3362 Dileo

2089 3307 2374 3378 προοιμίου
2431 3307 2750 3378 λελεγμένα.
2785 3286 3032 3362 Μέλλων
3065 3307 3177 3378 γὰρ
3227 3286 3674 3376 εὐαγγελίζεσθαι

397 3409 489 3457 cto
523 3399 784 3465 initurus,
815 3406 980 3468 atque
1009 3399 1285 3453 canticum
1308 3398 1375 3452 de
1404 3397 1498 3451 illo
1529 3397 1847 3466 prolaturus
1885 3413 1978 3452 es-

399 3497 502 3555 set,
529 3488 797 3560 prommio
839 3503 974 3544 usus
1008 3494 1112 3550 est,
1170 3487 1314 3557 quod
1347 3487 1451 3542 hac
1485 3487 1756 3543 sententia
1789 3488 1980 3566 termif

397 3589 582 3645 natur,
619 3581 827 3651 Lingua
871 3596 988 3634 mea
1043 3579 1284 3633 calamus
1339 3577 1528 3632 scribae
1563 3577 1808 3631 velociter
1846 3578 1982 3632 scri-

399 3675 591 3728 bentis.
627 3672 839 3726 Exinde
872 3686 1005 3725 vero
1041 3671 1320 3725 canticum
1373 3669 1427 3723 in
1461 3668 1650 3724 Dilecti
1685 3683 1977 3739 personam
2017 3669 2020 3671 ‘

399 3763 634 3825 orditur,
670 3762 859 3829 sicque
919 3761 1209 3831 compellat
1261 3759 1439 3830 ipsum
1498 3778 1512 3814 :
1575 3758 1870 3829 Speciosus
1919 3775 1979 3814 es

401 3853 596 3914 forma,
656 3852 884 3922 pulcher
938 3865 1018 3915 es,
1069 3858 1124 3906 et
1167 3849 1579 3920 pulchritudine
1629 3857 1860 3905 ornatus
1894 3865 1976 3914 es,

400 3946 514 3997 sive
544 3943 954 4012 pulchritudine
1005 3936 1298 3996 decoratus
1331 3955 1414 4006 es,
1459 3956 1492 3996 ο
1549 3939 1778 4005 Dilecte,
1815 3956 1981 4012 super

403 4036 543 4090 ﬁlios
575 4035 876 4089 hominum.
905 4033 1130 4089 Etiamsi
1165 4033 1310 4088 enim
1355 4040 1471 4089 tute
1500 4048 1646 4089 unus
1688 4033 1766 4088 sis
1815 4048 1845 4087 c
1877 4048 1980 4089 nu-

405 4122 556 4181 mero
587 4125 820 4181 ﬁliorum
854 4125 1160 4189 hominum,
1189 4132 1353 4196 atque
1375 4125 1443 4180 iis
1473 4123 1565 4193 qui
1599 4125 1653 4178 in
1682 4130 1829 4178 terra
1854 4136 1978 4177 ver-

404 4227 598 4275 santur
633 4222 1030 4272 annumeratus
1072 4218 1184 4284 sis;
1239 4227 1296 4270 at
1330 4216 1479 4271 nulla
1508 4215 1862 4286 pulchritudo
1897 4224 1983 4270 est

404 4318 513 4366 ture
539 4307 928 4378 comparanda.
965 4305 1148 4361 Palam
1183 4314 1364 4362 autem
1398 4316 1482 4363 est
1529 4307 1582 4360 id
1629 4307 1812 4376 qu0ad
1861 4307 1982 4361 uir-

400 4409 570 4458 tutem
615 4400 758 4465 dici;
793 4413 972 4467 neque
1001 4398 1148 4452 enim
1180 4398 1247 4453 iis
1277 4397 1506 4452 adversa
1543 4397 1791 4467 proferre
1821 4406 1980 4468 pute-

397 4482 490 4545 tur
516 4488 688 4544 Isaias
717 4486 849 4540 dum
881 4485 958 4538 ait
985 4504 999 4540 :
1038 4485 1108 4538 Et
1131 4484 1362 4538 vidimus
1397 4502 1538 4550 eum,
1588 4495 1637 4539 et
1693 4503 1797 4540 non
1825 4487 1983 4541 habe-

400 4583 488 4636 bat
534 4582 776 4649 speciem,
815 4593 977 4647 neque
1005 4577 1472 4645 pulchritudinem.
1509 4578 1613 4634 Sed
1643 4582 1838 4649 species
1868 4584 1981 4653 ejus

2086 3397 2177 3449 τὸν
2207 3397 2347 3468 ὑπὲρ
2373 3397 2467 3450 τοῦ
2514 3399 2826 3470 Ἀγαπητοῦ
2852 3399 3026 3468 λόγον,
3081 3400 3176 3453 καὶ
3203 3399 3301 3470 τὴν
3331 3400 3472 3472 ὑπὲρ
3504 3396 3671 3454 αὐτοῦ

2089 3489 2384 3561 προφέρειν
2411 3488 2551 3561 ᾠδὴν
2582 3492 2612 3543 ό
2634 3491 2972 3562 προφητικδς
2994 3490 3174 3561 χορὸς,
3191 3491 3461 3562 προοιμίῳ
3481 3491 3676 3563 κέχρη.

2087 3597 2199 3643 ται,
2239 3582 2443 3651 στήσας
2476 3579 2537 3633 τὸ
2564 3581 2848 3652 προοίμιον
2877 3581 2982 3646 ἕως
3007 3579 3123 3634 τοῦ-
3163 3581 3231 3635 'H
3270 3581 3524 3652 γλῶσσά
3551 3583 3697 3651 μου

2087 3671 2358 3741 κάλαμος
2404 3671 2788 3741 γραμματέως
2843 3666 3209 3741 ὀξυγράφοὶ).
3283 3672 3563 3726 Ἐντεῦθεν
3615 3671 3674 3724 δὲ

2087 3763 2273 3817 λοιπὸν
2306 3753 2613 3834 ἀπάρχεται
2641 3763 2742 3833 τῆς
2782 3765 2862 3827 εις
2905 3764 3195 3835 πρόσωπον
3222 3763 3316 3817 τοῦ
3364 3761 3672 3834 Ἀγαπητοῦ

2087 3855 2246 3926 ᾠδῆς·
2283 3856 2562 3922 ἀναφωνεῖ
2585 3871 2644 3906 τε
2684 3854 2820 3926 πρὸς
2866 3854 3048 3908 αὐτόν·
3113 3856 3326 3928 Ὥραῖος
3373 3850 3423 3909 εἴ
3463 3853 3672 3920 κάλλει,

2090 3946 2256 4010 καλὸς
2290 3941 2419 4014 εῒ,ἢ
2449 3944 2637 3999 κάλλει
2670 3945 3029 4016 exeuntem,
3061 3945 3092 4018 ἢ
3125 3947 3308 4000 κάλλει
3362 3945 3672 4018 ὡραιιωης,

2089 4031 2133 4088 ὧ
2161 4035 2460 4108 ’Δγαπητὲ,
2492 4036 2645 4106 παρὰ
2672 4038 2799 4101 τοὺς
2824 4039 2972 4101 υίοὺς
2999 4036 3110 4090 τῶν
3133 4036 3454 4109 ἀνθρώπων.
3475 4021 3538 4091 Ei
3564 4036 3675 4106 γὰρ

2090 4129 2273 4182 καὶτὰ
2305 4129 2542 4199 μάλιστα
2570 4123 2650 4191 εἷς
2681 4146 2764 4192 τις
2789 4129 3020 4197 γέγονας
3066 4129 3159 4181 καὶ
3192 4129 3510 4192 αὐτὸςύίῶν
3569 4128 3676 4182 τῶν

2090 4220 2412 4296 ἀνθρώπων,
2442 4222 2536 4275 καὶ
2574 4219 2990 4292 κατηριθμήθης
3021 4222 3132 4283 τοῖς
3164 4221 3257 4273 ἐπὶ
3299 4221 3402 4292 γῆς
3427 4221 3676 4275 πολιτευιι

2093 4314 2366 4384 σαμένοις’
2403 4313 2517 4366 ἀλλ’
2544 4313 2645 4365 οὐκ
2690 4312 2804 4364 ἔστι
2854 4310 3222 4380 παραϐάλλειν
3257 4311 3335 4381 τῷ
3359 4312 3546 4366 κάλλει
3581 4330 3674 4367 σου

2089 4403 2296 4473 ἓτερον.
2338 4401 2505 4472 Δῆλον
2557 4401 2634 4464 δὲ,
2685 4401 2768 4453 ὅτι
2829 4399 2970 4452 κατὰ
3010 4399 3108 4470 τὴν
3143 4401 3364 4472 ἀρετήν·
3396 4401 3540 4455 οὕτω
3566 4401 3678 4473 γὰρ

2094 4494 2217 4548 οὔτε
2241 4494 2380 4558 δόξει
2438 4494 2656 4548 ἐναντία
2712 4476 2922 4556 τούτοις
2970 4491 3199 4555 Ἡσαΐας
3241 4493 3419 4561 λέγειν
3472 4494 3674 4564 φήσαςο

2090 4587 2198 4641 Καὶ
2236 4587 2440 4656 ἴδομεν
2460 4584 2668 4649 αὐτὸν,
2700 4583 2799 4636 καὶ
2825 4586 2936 4638 οὐκ
2975 4580 3138 4653 εῖχεν
3159 4581 3318 4651 εἶδος
3365 4584 3505 4638 οὐδὲ
3531 4584 3650 4639 κάλ
3676 4616 3678 4618 τ

399 4675 741 4736 inhonorata,
766 4671 1014 4740 deﬁciens
1031 4685 1140 4739 prce
1165 4669 1296 4739 ﬁliis
1321 4670 1659 4725 hominum”.
1682 4671 1806 4727 Haec
1822 4651 1914 4743 qui
1924 4688 1976 4743 p-

2086 4681 2214 4744 λος·
2244 4651 2405 4732 ἀλλὰ
2430 4677 2494 4729 τὸ
2525 4673 2683 4742 εἶδος
2713 4675 2899 4730 αὑτοῦ
2945 4651 3175 4743 ἄτιμον,
3207 4674 3490 4730 ἐκλεῖπον
3517 4676 3677 4744 παρὰ

398 4777 469 4831 pe
495 4776 712 4816 crucem
741 4769 795 4816 et
815 4760 1126 4830 passionem
1159 4759 1627 4828 praenuntiabant,
1673 4778 1793 4832 quae
1825 4770 1980 4833 petu-

397 4849 567 4902 lantia
607 4856 660 4903 et
707 4850 1037 4906 contumelia
1087 4850 1258 4920 plenae
1300 4850 1453 4908 fuere
1510 4871 1521 4905 :
1577 4868 1746 4922 quare
1797 4854 1984 4910 subdit

401 4941 667 5013 propheta
687 4941 937 5005 ",Homo
965 4943 1019 4994 in
1046 4941 1213 5011 plaga
1243 4945 1523 5009 exsistens,
1550 4946 1623 4998 'ac
1649 4945 1816 5000 sciens
1847 4945 1985 5015 ferre

396 5031 787 5102 inﬁrmitatem,
813 5031 1156 5087 inhonoratus
1194 5051 1286 5088 nec
1319 5045 1593 5104 reputatus
1610 5046 1710 5092 est.
1731 5037 1983 5093 Psalmus

397 5141 532 5180 vero
575 5124 1080 5194 pulchritudincm,
1102 5141 1211 5181 non
1263 5129 1535 5198 corporis.
1586 5132 1665 5183 uti
1714 5129 1976 5195 diximus,

399 5218 674 5280 enuntiat,
701 5215 796 5272 sed
825 5216 1068 5282 virtutis,
1096 5233 1218 5289 quae
1255 5220 1458 5273 nullam
1493 5219 1736 5275 admittit
1765 5222 1976 5290 peccati

399 5305 599 5361 labem.
631 5304 743 5360 Sub
770 5306 886 5361 hinc
916 5307 1118 5362 dicitur
1152 5328 1163 5363 :
1203 5309 1411 5379 Di/fusa
1439 5321 1519 5366 est
1539 5313 1716 5381 gratia
1741 5314 1794 5366 in
1827 5314 1982 5366 labiis

402 5399 529 5456 tuis;
555 5407 830 5465 propterea
863 5394 1124 5452 benedixit
1169 5407 1216 5451 te
1269 5398 1408 5453 Deus
1441 5400 1496 5452 in
1521 5409 1796 5454 internum.
1831 5400 1982 5470 Moy-

400 5502 494 5543 ses
531 5490 697 5558 igitur
723 5490 956 5560 gratiam
990 5490 1283 5559 quamdam
1320 5491 1564 5559 invenit;
1596 5490 1707 5545 Noe
1755 5494 1978 5554 iterum,

485 5735 520 5768 ’ν
559 5733 704 5790 Psal.
737 5750 895 5801 mu,
926 5735 1016 5790 22.
1098 5735 1143 5767 ⁸⁸
1184 5734 1288 5790 lsa.
1328 5752 1423 5791 LIII
1454 5777 1466 5801 ,
1505 5736 1563 5796 ει.
1643 5738 1684 5767 σε’
1719 5734 1855 5788 ilid.
1890 5734 1943 5787 '5.

2090 4769 2233 4834 τοὺς
2255 4767 2426 4833 υἱοὺς
2453 4765 2570 4820 τῶν
2584 4766 2930 4835 ἀνθρώπων.
2951 4767 3164 4819 Ἐκεῖνα
3186 4765 3294 4837 γὰρ
3323 4765 3414 4819 τὸν
3446 4767 3676 4837 σταυρὸν

2089 4862 2183 4914 καὶ
2213 4860 2275 4912 τὸ
2309 4858 2478 4922 πάθος
2501 4857 2898 4929 προανεφώνει,
2954 4856 2990 4910 ἃ
3023 4857 3308 4926 παροινίας
3335 4857 3428 4910 καὶ
3464 4856 3676 4929 ὕϐρεως

2095 4950 2306 5019 ὑπῆρχε
2365 4948 2556 5018 pcata“
2603 4948 2684 5002 διὸ
2726 4947 2790 5018 δὴ
2820 4949 2915 5001 καὶ
2973 4948 3254 5016 ἐπήγαγεν
3293 4949 3321 4998 ὁ
3364 4947 3673 5017 προφήτης

2097 5043 2432 5107 Ἀνθρωπος
2470 5039 2540 5093 ἐν
2563 5037 2768 5110 πληγῇ
2799 5036 2905 5104 ὢν,
2932 5036 3030 5091 καὶ
3061 5036 3234 5102 είδὼς
3259 5037 3462 5106 φέρειν
3481 5041 3676 5106 μαλα-

2090 5133 2247 5196 κίαν,
2279 5131 2577 5201 ήτιμάσθη
2635 5131 2734 5184 καὶ
2779 5132 2890 5185 οὐκ
2924 5131 3231 5200 ἐλογίσθη.
3287 5129 3347 5183 Ὀ
3378 5129 3434 5182 δὲ
3465 5127 3679 5200 ψαλμδς

2089 5223 2282 5288 κάλλος
2318 5223 2482 5276 αὑτοῦ
2517 5224 2690 5286 καλεῖ,
2719 5221 2840 5276 καθ’
2874 5221 2909 5274 ἃ.
2962 5221 3197 5292 εἴρηται,
3235 5223 3296 5274 οὐ
3325 5221 3386 5272 τὸ
3429 5221 3523 5272 τοῦ
3575 5218 3680 5272 σῶ-

2093 5333 2279 5386 ματος,
2315 5314 2451 5368 ἀλλὰ
2476 5314 2534 5367 τὸ
2567 5315 2665 5384 τῆς
2689 5313 2912 5384 ἀρετῆς,
2978 5312 3253 5383 ἁμαρτίας
3287 5313 3346 5364 οὐ
3385 5311 3680 5382 δεξάμενον

2093 5407 2298 5460 σπῖλον.
2357 5406 2577 5470 Τούτοις
2627 5403 2754 5474 eaq;
2813 5404 3045 5477 εἴρηταιο
3109 5403 3397 5472 Ἔξεχύθη
3432 5403 3470 5470 ἠ
3507 5399 3680 5470 χάρις

2092 5499 2161 5552 ἐν
2188 5498 2421 5570 χείλεσί
2450 5513 2585 5553 σου·
2623 5495 2718 5550 διὰ
2746 5497 2924 5552 τοῦτο
2944 5493 3244 5567 εὐλόγησέ
3268 5511 3341 5548 σε
3366 5497 3398 5547 o'
3427 5492 3680 5558 Θεόςεὶς
