4098 6380
464 390 565 444 397

1586 384 2087 442 COMMENTARIA
2127 383 2193 437 IN
2232 384 2571 441 PSALMOS.

3604 397 3713 452 393

463 506 570 560 τὸν
595 503 799 560 αἰῶνα.
834 505 1073 575 Μωῦςῆς
1105 503 1201 575 μὲν
1246 497 1340 558 οὖν
1375 494 1498 576 εὗρε
1535 505 1663 574 μίαν
1694 504 1817 557 τινὰ
1856 504 2027 574 χάριν

2143 502 2370 571 gratiam
2394 504 2633 573 aliquam
2660 504 2867 559 invenit
2898 505 2954 559 in
2986 513 3285 575 conspectu
3316 504 3532 569 Domini
3558 526 3574 574 ;
3599 510 3715 563 sin-

464 598 557 651 καὶ
594 596 719 650 Νῶε
746 596 905 650 πάλιν
934 591 1061 669 εὗρέ
1109 614 1231 650 τινα
1288 597 1445 669 χάριν
1481 595 1709 649 ἐνώπιον
1754 594 1847 647 τοῦ
1878 593 2032 647 θεοῦ·

463 690 554 743 καὶ
583 689 811 753 ἕκαστος
861 689 969 742 τῶν
1014 689 1235 743 δικαίων
1286 689 1505 761 χάριτος
1554 678 1840 758 μετέσχεν.
1887 685 2039 738 Ἐπεὶ

462 782 517 837 δὲ
535 778 628 835 τοῦ
660 780 967 853 Ἀγαπητοῦ
998 783 1144 834 πᾶσα
1176 783 1210 851 ἡ
1231 781 1472 851 πατρικὴ
1501 783 1581 842 είς
1602 780 1765 832 αὑτὸν
1797 776 2035 850 ὲκενώθη

461 870 638 943 χάρις·
663 867 729 943 ἦν
762 873 871 943 γὰρ
896 874 924 925 ὁ
956 872 1146 943 Πατὴρ
1199 871 1377 925 λαλῶν
1410 874 1468 924 ὲν
1508 872 1642 942 Υῑῷ·
1683 872 1832 925 ἐνθεν
1875 872 1970 925 καὶ
2002 873 2035 943 ἠ

459 954 890 1033 διακονησαμένη
923 962 1020 1033 τὴν
1047 965 1126 1026 εἰς
1159 961 1478 1034 ἀνθρώπους
1511 962 1675 1016 αὐτοῦ
1702 961 1931 1033 πάροδον
1954 979 2039 1015 κε-

459 1054 805 1124 χαριτωμένη
830 1052 1043 1125 ἐλέχθη.
1084 1054 1172 1107 Ἑν
1215 1055 1365 1124 αὐτῷ
1398 1054 1504 1124 γὰρ
1538 1053 1796 1124 εύδόκησε
1831 1055 1938 1107 πᾶν
1976 1053 2036 1107 τὸ

458 1150 726 1222 πλήρωμα
736 1154 832 1221 τῆς
853 1150 1102 1221 θεότητος
1122 1153 1440 1221 κατοικῆσαι
1455 1147 1882 1221 σωματικῶςοδιὸ
1896 1147 2033 1201 πάν-

454 1259 543 1306 τες
573 1245 621 1296 οἱ
655 1242 800 1311 ἅγιοι
843 1244 907 1295 ὲκ
953 1240 1047 1294 τοῦ
1106 1240 1465 1312 πληρώματος
1514 1239 1680 1295 αὑτοῦ
1732 1238 2027 1311 εἰλήφασιν.
2136 1301 2143 1308 _

538 1332 846 1397 Ἐπιόαλεῖς
895 1334 953 1387 δὲ
1004 1334 1099 1386 καὶ
1153 1331 1346 1397 οὕτως’
1382 1332 1455 1386 Τὸ
1489 1332 1704 1405 πρῶτον
1747 1331 1909 1402 ἔργον
1936 1329 2031 1384 τοῦ

466 1425 774 1495 Ἀγαπητοιῖ
802 1427 835 1496 ἡ
886 1424 1045 1495 χάρις
1079 1426 1113 1495 ἡ
1178 1425 1236 1477 ὲν
1266 1426 1379 1487 τοῖς
1412 1423 1643 1494 χείλεσιν
1670 1419 1832 1475 αὐτοῦ
1873 1438 2033 1491 κεχυ-

458 1518 611 1588 μένη,
646 1517 788 1571 κατὰ
831 1515 929 1587 τὴν
966 1515 1318 1569 ἀποδοθεῖσαν
1351 1515 1607 1568 διάνοιαν·
1637 1514 1731 1567 καὶ
1781 1511 1902 1565 καθ’
1923 1512 2034 1564 ἓτε-

2142 595 2251 664 guli
2307 595 2561 650 similiter
2605 595 2741 665 justi
2798 596 2989 667 gratiae
3029 596 3327 667 participes
3358 595 3580 651 fuerunt
3612 619 3624 653 :
3659 609 3714 653 at

2140 688 2267 757 quia
2300 695 2528 757 paterna
2575 688 2752 758 gratia
2795 689 2853 744 in
2895 688 3164 744 Dilectum
3220 687 3393 745 effusa
3427 696 3541 746 tota
3575 690 3708 759 fuit;

2139 768 2305 833 Pater
2329 779 2474 833 enim
2504 778 2561 832 in
2596 777 2737 833 Filio
2768 780 3125 850 loquebatur;
3159 778 3285 835 ideo
3326 796 3447 850 quae
3475 781 3598 851 ejus
3653 782 3710 837 in

2137 868 2388 943 homines
2419 869 2686 926 adventus
2717 870 3043 926 administra
3077 871 3214 936 fuit,
3242 873 3416 944 gratia
3451 874 3612 943 plena
3633 873 3712 929 di-

2138 967 2224 1013 cta
2258 968 2364 1015 est.
2406 959 2539 1014 Nam
2571 962 2627 1014 in
2655 960 2777 1030 ipso
2804 960 3014 1030 placuit
3048 976 3266 1017 omnem
3313 964 3709 1031 plenitudinem

2137 1049 2442 1107 divinitatis
2473 1052 2721 1125 habitare
2751 1052 3115 1123 corporaliter
3141 1070 3155 1107 :
3189 1054 3547 1123 quamobrem
3581 1069 3710 1109 san-

2136 1142 2207 1211 cti
2241 1158 2432 1198 omnes
2464 1159 2528 1199 ex
2559 1143 2900 1216 plenitudine
2923 1144 3044 1213 ejus
3075 1154 3424 1213 acceperunt.

2205 1316 2319 1374 lloc
2345 1319 2473 1375 item
2503 1321 2665 1376 modo
2706 1321 2823 1376 ιιωο
2854 1329 3093 1376 tractare
3119 1308 3248 1376 licet
3296 1341 3309 1376 :
3341 1310 3582 1376 Primum
3617 1316 3710 1375 Di-

2135 1408 2259 1462 lecti
2308 1425 2448 1479 Opus
2478 1421 2562 1466 est
2609 1413 2807 1482 gratia,
2855 1428 2978 1482 qua:
3024 1412 3324 1467 secundum
3377 1413 3707 1467 sententiam

2127 1499 2240 1569 jam
2274 1502 2601 1570 explicatam
2643 1502 2700 1556 in
2751 1502 2913 1557 labiis
2960 1502 3081 1571 ejus
3131 1501 3330 1557 diffusa
3361 1508 3476 1570 est;
3505 1517 3569 1556 ac
3601 1504 3709 1557 alia

457 1623 548 1678 ρον
575 1607 632 1659 δὲ
663 1606 885 1678 τρόπον,
918 1607 956 1674 ὴ
985 1604 1157 1674 χάρις
1186 1604 1285 1657 καὶ
1316 1606 1354 1673 ἠ
1401 1602 1652 1668 ἀλήθεια
1682 1601 1780 1655 διὰ
1826 1600 2027 1668 Ἰησοῦ

2133 1591 2365 1657 ratione,
2396 1593 2570 1662 gratia
2599 1601 2648 1646 et
2690 1593 2881 1647 veritas
2914 1609 3006 1663 per
3048 1591 3232 1647 Iesum
3260 1593 3529 1666 Christum
3560 1594 3708 1663 facta

451 1697 707 1766 Χριστοῦ
717 1694 968 1765 ἐγένετο.
990 1696 1206 1767 Ἐπειδὴ
1232 1695 1406 1749 πάντα
1426 1691 1781 1766 χαριζόμενος
1794 1691 2027 1763 ἔπραττε

2131 1692 2209 1765 est
2231 1683 2296 1737 ⁷ο.
2337 1683 2620 1754 Siquidem
2644 1686 2851 1754 gratias
2882 1686 3246 1755 impertienda
3274 1688 3458 1740 omnia
3488 1687 3705 1757 agebat.

451 1789 561 1848 τοῖς
587 1786 683 1855 μὲν
715 1785 895 1852 ἀφιεὶς
926 1783 1024 1846 τὰς
1050 1782 1343 1854 ἁμαρτίας,
1379 1782 1486 1835 τῶν
1513 1782 1569 1835 δὲ
1595 1781 1692 1845 τὰς
1716 1780 1905 1845 νόσους
1938 1781 2027 1834 καὶ

2132 1768 2217 1824 his
2247 1780 2469 1840 peccata
2499 1772 2802 1837 dimittens,
2856 1773 3087 1827 aliarum
3139 1775 3362 1830 morbos
3419 1775 3709 1829 infirmita-

444 1844 556 1938 τὰς
582 1844 852 1947 μαλακίας
878 1844 1130 1943 tome;
1157 1844 1267 1935 τοῖς
1391 1872 1453 1925 τὸ
1480 1872 1634 1941 ἅγιον
1662 1869 1886 1941 Πνεῦμα
1919 1871 2016 1953 δω-

2131 1866 2322 1930 tesque
2345 1875 2566 1925 curans,
2596 1862 2719 1917 aliis
2754 1862 2893 1917 dans
2910 1861 3181 1949 §piritttm
3200 1872 3473 1920 sanctum.
3501 1866 3707 1932 Quame

452 1967 544 2040 ρού
555 1984 729 2038 μενος.
760 1968 835 2019 Δι’
860 1966 888 2019 ὃ
910 1964 1045 2039 πρὸς
1068 1965 1228 2019 αὑτὸν
1255 1964 1476 2027 εἰκότως
1504 1963 1707 2035 εἴρητο·
1745 1961 2024 2030 Ἐξεχύθη

450 2062 490 2128 ἠ
512 2059 684 2129 χάρις
729 2059 800 2111 ἐν
830 2058 1066 2128 χείλεσι
1096 2074 1233 2112 σου.
1266 2056 1489 2119 Τούτοις
1540 2055 1664 2127 ἑξῆς
1690 2057 1739 2108 oi
1790 2054 2026 2125 πρόσθεν

450 2151 941 2221 ἀποκλαυσάμενοι,
966 2149 1059 2202 καὶ
1082 2149 1177 2220 τὴν
1205 2149 1310 2202 ὑπὸ
1334 2151 1445 2211 τοῖς
1484 2146 1762 2219 πολεμίοις
1785 2144 2025 2200 δουλείαν

449 2243 657 2298 ἑαυτῶν
684 2242 1118 2312 ύπογράψαντες,
1147 2237 1417 2311 εὐκαίρως
1446 2234 1537 2290 τὸν
1578 2236 1885 2309 ’ἀγαπητὸν
1924 2238 2028 2289 ἱκε-

448 2333 662 2386 τεύουσι
723 2331 953 2384 σπεῦσαι
979 2330 1071 2383 καὶ
1097 2329 1288 2401 μέχρις
1313 2327 1490 2382 αὐτῶν
1532 2326 1727 2395 ἐλθεῖν,
1753 2322 2029 2399 φραξάμε-

446 2440 536 2476 νον
566 2422 749 2486 ὅπλοις
777 2421 1088 2492 πολεμικοῖς
1110 2419 1197 2471 διὰ
1228 2420 1352 2481 τοὺς
1378 2417 1755 2489 ἐπικειμένους
1776 2415 2021 2488 ἐχθροὺς,

448 2515 525 2578 ὡς
555 2515 620 2568 ἂν
650 2512 1072 2586 τροπωσάμενος
1097 2511 1315 2575 αὐτοὺς,
1340 2510 1438 2581 τὴν
1489 2511 1580 2563 ὑπ’
1605 2510 1786 2572 αὐτοῖς
1825 2509 2026 2578 αἰχμα-

447 2604 645 2658 λωσίαν
675 2604 1033 2671 ὑπεξαγάγοι.
1061 2601 1151 2653 Διό
1183 2617 1333 2669 φασιο
1372 2601 1512 2668 Περί
1521 2599 1697 2660 («tam
1738 2598 1852 2665 τὴν
1874 2599 2024 2665 ῥομ-

447 2697 634 2764 φαίαν
658 2710 775 2748 σου
804 2693 905 2746 ἐπὶ
925 2692 1032 2745 τὸν
1049 2694 1247 2759 μηρόν
1271 2703 1407 2752 σου,
1433 2687 1670 2742 δυνατέ·
1699 2686 1897 2757 ὡραῖος
1928 2687 2025 2757 μὲν

446 2786 556 2858 γὰρ
580 2783 749 2839 εἷ’καὶ
778 2783 961 2847 καλὸς,
999 2783 1136 2853 πλὴν
1165 2781 1302 2836 ἀλλὰ
1334 2780 1470 2850 πρὸς
1505 2782 1570 2849 τῇ
1598 2777 1891 2849 ὼραιότητί
1931 2795 2023 2830 σου

446 2873 707 2944 καὶπρὸς
745 2872 825 2943 τῷ
850 2871 1035 2926 κάλλει
1080 2886 1173 2923 σου
1228 2868 1467 2922 ἀνάλαϐε
1525 2866 1623 2937 τὴν
1664 2864 1862 2918 σαυτοῦ
1892 2881 2026 2918 παν-

446 2964 638 3018 οπλίαν
663 2963 731 3016 δι’
753 2965 901 3033 ἡμᾶς
928 2962 1052 3025 τοὺς
1083 2961 1210 3025 σοὺς
1263 2959 1467 3021 ἱκέτας
1498 2957 1805 3027 ῥομφαίαν
1828 2973 1890 3030 τε
1922 2972 2026 3010 πε-

443 3055 614 3122 ρίθου
637 3052 717 3119 τῷ
739 3053 969 3108 σαυτοῦ
994 3051 1181 3122 μηρῷ,
1210 3050 1307 3105 καὶ
1332 3050 1475 3104 οὕτω
1509 3050 1607 3121 τὴν
1662 3048 1759 3120 σὴν
1798 3048 2025 3121 δύναμιν

2128 1952 2315 2006 obrem
2348 1952 2416 2008 de
2450 1954 2543 2007 illo
2575 1953 2700 2022 jure
2736 1954 2953 2010 dicatur
2987 1975 3000 2010 :
3051 1955 3265 2026 Di/Iusa
3297 1968 3375 2012 est
3420 1959 3598 2027 gratia
3650 1959 3707 2013 in

2129 2034 2293 2096 [abiis
2337 2045 2463 2099 tuis.
2512 2043 2718 2100 Deinde
2771 2060 2901 2101 vero
2963 2047 3058 2116 qui
3105 2056 3266 2102 antea
3317 2048 3600 2113 ﬂeveramt,
3650 2057 3707 2104 et

2129 2146 2283 2187 suam
2337 2134 2442 2188 sub
2495 2132 2736 2190 inimicis
2765 2136 3086 2192 servitutem
3117 2138 3551 2208 descripserant,
3602 2154 3705 2210 op-

2128 2230 2359 2293 portune
2447 2224 2712 2281 Dilectum
2784 2235 3079 2297 precantur
3120 2268 3136 2295 ,
3208 2236 3264 2282 ut
3335 2229 3557 2285 festinet
3637 2230 3706 2285 ad

2129 2329 2297 2386 seque
2337 2317 2521 2372 veniat
2558 2318 2854 2374 hostilibus
2908 2320 3077 2374 armis
3132 2312 3458 2387 instructus,
3506 2322 3577 2375 ob
3624 2324 3707 2375 in-

2126 2415 2388 2479 gruentes
2415 2410 2692 2477 inimicos,
2739 2423 2799 2466 ut
2842 2410 2913 2467 iis
2942 2412 2997 2466 in
3028 2411 3211 2483 fugam
3244 2412 3437 2479 versis,
3466 2428 3526 2468 se
3555 2429 3585 2467 a
3615 2429 3708 2467 ca-

2127 2502 2375 2571 ptivitate
2417 2501 2676 2556 abducat.
2727 2501 2910 2569 Quare
2970 2504 3144 2567 aiunt,
3200 2504 3488 2573 Accingere
3526 2504 3707 2575 gladio

2128 2600 2217 2644 tuo
2242 2606 2398 2659 super
2428 2590 2601 2659 femur
2631 2601 2801 2657 tuum,
2841 2594 3223 2662 potentissime.
3250 2590 3547 2663 Speciosus
3578 2597 3706 2665 qui-

2127 2681 2250 2736 dem
2282 2695 2347 2736 ac
2379 2682 2607 2751 pulcher
2633 2696 2715 2749 es,
2741 2691 2981 2740 attamen
3004 2693 3203 2756 praeter
3229 2688 3468 2757 speciem
3498 2700 3561 2741 ac
3585 2684 3707 2758 pul-

2127 2771 2499 2827 chritudinem
2555 2780 2729 2839 tuam,
2786 2775 2977 2845 accipe
3034 2791 3135 2845 pro
3172 2778 3332 2832 nobis
3369 2774 3708 2847 supplicibus

2128 2870 2460 2918 armaturam
2494 2872 2666 2930 tuam,
2705 2865 2973 2937 accingere
3002 2860 3183 2937 gladio
3215 2875 3303 2922 tuo
3335 2884 3492 2938 super
3532 2869 3709 2937 femur

2128 2964 2315 3018 tuam;
2352 2955 2541 3026 sicque
2569 2964 2853 3027 assumpta
2900 2956 3241 3025 fortitudine,
3288 2959 3510 3014 intende
3541 2975 3707 3016 arcus

2127 3054 2278 3102 tuos.
2321 3046 2461 3103 iiinc
2507 3048 2740 3104 conﬁxis
2784 3050 3027 3105 inimicis
3068 3050 3197 3117 tuis,
3230 3068 3473 3122 prospere
3514 3069 3610 3124 age
3656 3060 3708 3105 et

447 3145 749 3205 ἀναλαϐὼν.
779 3145 1010 3200 ἔντεινόν
1042 3162 1134 3198 σου
1157 3144 1226 3198 τὰ
1252 3142 1398 3208 τόξα.
1435 3142 1668 3195 Ἔπειτα
1699 3138 1877 3212 βαλὼν
1898 3141 2024 3205 τοὺς

2127 3157 2312 3213 regna.
2346 3139 2451 3197 Per
2479 3141 2723 3212 gladium
2776 3138 2973 3198 Dilecti
3003 3143 3277 3216 intelligas
3304 3145 3564 3207 _virtutem
3602 3144 3709 3199 ini-

446 3236 693 3309 ἐχθροὺς,
745 3235 1069 3291 κατευοδοῦ
1119 3235 1218 3289 καὶ
1267 3233 1584 3299 βασίλευε.
1628 3233 1929 3304 Ῥομφαίαν
1967 3233 2025 3287 δὲ

2127 3232 2287 3288 micis
2317 3232 2609 3288 exitiosam
2663 3240 2719 3289 et
2770 3234 3047 3290 ultricem.
3114 3234 3273 3291 Vivus
3306 3248 3386 3291 est
3419 3237 3559 3291 enim
3608 3234 3708 3290 Dei

445 3326 539 3380 τοῦ
564 3325 871 3397 Ἀγαπητοῦ
900 3326 1011 3380 νόει
1032 3326 1135 3397 τὴν
1166 3326 1394 3397 δύναμιν
1420 3325 1518 3395 τὴν
1550 3324 1658 3378 τῶν
1682 3324 1892 3396 ἐχθρῶν
1926 3339 2026 3378 κα-

445 3417 759 3489 θαιρετικὴν
785 3416 879 3472 καὶ
933 3418 1306 3490 κολαστήριον.
1342 3417 1473 3470 Ζῶν
1498 3417 1605 3487 γὰρ
1634 3421 1666 3471 ὀ
1689 3419 1872 3488 λόγος
1918 3417 2028 3472 τοῦ

447 3508 595 3563 Θεοῦ
622 3511 719 3563 καὶ
756 3508 1027 3579 ἐνεργὴς,
1088 3510 1186 3563 καὶ
1244 3507 1570 3578 τομώτερος
1603 3507 1770 3577 ,ὑπὲρ
1817 3507 2025 3563 πᾶσαν

438 3601 741 3671 μάχαιραν
782 3600 1089 3669 δίστομον.
1130 3600 1242 3653 Καὶ
1271 3601 1445 3664 ἄλλως
1468 3600 1523 3654 δὲ
1561 3600 1834 3672 ῥομφαίας
1886 3596 2021 3654 Θεοῦ

2124 3342 2295 3379 sermo
2317 3336 2367 3380 et
2383 3325 2589 3396 efﬁcax,
2631 3334 2681 3380 ει
2712 3326 3089 3396 penetrabilior
3123 3327 3267 3382 omni
3297 3320 3475 3399 gladio
3499 3327 3709 3396 ancipio

2126 3418 2168 3471 ti
2198 3419 2267 3473 “.
2302 3417 2369 3472 Et
2398 3419 2536 3473 alias
2579 3433 2801 3490 quoque
2851 3418 3090 3490 gladium
3126 3420 3392 3490 propheta
3443 3419 3538 3477 Dei
3571 3419 3707 3474 Eze-

2123 3509 2269 3566 chiel
2306 3517 2578 3567 memorat
2608 3511 2697 3566 his
2734 3510 2916 3567 verbis
2952 3525 2966 3562 :
3008 3508 3136 3565 Hcce
3178 3509 3307 3564 dicit
3351 3509 3566 3564 Adonai
3598 3507 3708 3565 Do-

2126 3602 2301 3656 minus
2326 3617 2344 3656 :
2365 3601 2495 3657 Dixi
2514 3618 2533 3656 :
2569 3589 2830 3665 Framea,
2849 3602 3054 3670 framea
3077 3617 3285 3664 acuere,
3310 3610 3359 3654 et
3388 3601 3619 3655 irascere
3646 3609 3706 3653 ut

441 3694 784 3766 ὁπροφήτης
839 3692 1110 3763 μέμνηται
1179 3691 1436 3763 Ἰεζεκιὴλ
1499 3685 1604 3745 ὧδε
1637 3691 1833 3760 λέγων·
1880 3689 2025 3745 Τάδε

2127 3688 2330 3763 iugules
2358 3691 2622 3757 uictimas,
2658 3708 2846 3747 acuere
2866 3700 2924 3745 ut
2944 3693 3020 3747 sis
3063 3690 3132 3745 ad
3172 3689 3479 3763 fulgendum
3504 3699 3705 3760 parata

438 3783 604 3853 λέγει
641 3774 881 3836 *Αδονιιῒ
906 3783 1139 3850 Κύριος·
1175 3783 1383 3835 Εῒπονο
1414 3783 1720 3851 'Poyssat'a,
1733 3782 2021 3853 ῥομφαία,

443 3874 667 3940 ι’ξύνου
706 3874 804 3929 καὶ
849 3873 1165 3943 θυμὼοητι,
1216 3872 1375 3938 ὅπως
1446 3872 1688 3941 σφάξῃς
1764 3869 2023 3943 σφάγιαί

443 3964 689 4031 ὀξύνου,
724 3965 885 4032 ὅπως
914 3963 1057 4035 γένῃ
1090 3967 1178 4030 εἰς
1196 3964 1526 4017 στίλὸωσιν
1562 3963 1765 4032 ἑτοίμη
1803 3966 1891 4029 εὶς
1912 3978 2025 4017 πα-

312 4040 325 4055 .
435 4057 723 4126 ρὰ.1υσιν’
783 4057 879 4111 καὶ
924 4056 1107 4109 πάλινο
1178 4054 1491 4125 Ἄνάκρατε
1546 4055 1646 4109 καὶ
1700 4055 2020 4121 όλόλυξον,

440 4147 534 4201 υίέ
557 4147 892 4216 ἀνθρώπου·
924 4145 1015 4200 ὅτι
1040 4144 1193 4213 αὐτὴ
1232 4143 1468 4214 ἐγένετο
1506 4145 1578 4199 ἐν
1599 4144 1680 4207 τῷ
1723 4145 1853 4211 λαῷ
1878 4162 2018 4215 μου*

441 4237 593 4306 αὔτη
623 4238 696 4291 ἐν
752 4238 878 4303 τοῖς
929 4235 1370 4305 ἀφηγουμένοις
1432 4235 1540 4291 τοῦ
1596 4235 1864 4306 Ἰσραήλ·
1927 4238 2023 4291 καὶ

443 4328 592 4399 ἑξῆς
621 4326 909 4393 Διὰταξον
941 4326 1177 4393 σεαυτῷ
1233 4327 1342 4381 δύο
1388 4328 1569 4395 ὀδοὺς
1595 4329 1701 4383 τοῦ
1725 4329 2023 4385 εἰσελθεῖν

434 4418 738 4493 ῥομφαίαν
783 4420 1091 4486 ,βασιλέως
1123 4418 1499 4486 Βαϐυλῶνοςυ
1553 4420 1623 4473 ἐκ
1668 4416 1861 4491 χώρας
1877 4419 2021 4489 μιᾶς

2125 3784 2195 3836 ad
2221 3783 2537 3837 solutionem
2566 3776 2644 3850 ἠς
2702 3798 2767 3838 ac
2816 3799 3077 3839 rursum:
3110 3776 3301 3838 Clama
3329 3791 3378 3837 et
3417 3781 3591 3848 ulula,
3622 3782 3708 3852 [ili

2125 3872 2376 3936 hominis,
2407 3874 2531 3943 quia
2554 3875 2674 3941 ipsa
2698 3873 2801 3941 fuit
2827 3874 2884 3928 in
2914 3876 3107 3944 populo
3141 3892 3256 3930 meo
3283 3891 3300 3929 :
3328 3874 3440 3929 haec
3474 3877 3527 3929 in
3550 3875 3707 3930 duci-

2124 3965 2220 4020 bus
2250 3958 2523 4031 Israel";
2550 3979 2614 4020 ac
2643 3980 2876 4020 rursum
2911 3986 2925 4021 :
2960 3967 3234 4021 Constitue
3267 3968 3362 4022 tibi
3397 3968 3534 4023 duas
3564 3970 3699 4034 vias,

2123 4064 2187 4110 ut
2212 4056 2545 4125 ingrediatur
2571 4057 2779 4126 framea
2803 4058 2940 4127 regis
2959 4040 3292 4129 Babylonis:
3322 4059 3386 4114 de
3413 4069 3553 4115 terra
3592 4079 3705 4115 una

2122 4131 2540 4218 egredientur“,
2571 4154 2626 4201 et
2652 4146 2757 4201 alia
2792 4147 3074 4217 deinceps,
3105 4148 3263 4218 queis
3294 4147 3558 4205 frameam
3599 4149 3705 4205 Νο-

2122 4237 2601 4295 buchodonosoris
2622 4239 2824 4310 populo
2846 4240 3172 4305 immisSam,
3200 4238 3461 4295 frameam
3487 4240 3703 4300 Domini

2123 4326 2260 4384 dicit
2290 4343 2434 4385 esse.
2469 4325 2531 4383 In
2579 4314 2894 4400 Evgngeliis
2940 4329 3106 4385 etiam
3165 4330 3324 4401 legis,
3374 4344 3561 4401 regem
3605 4332 3703 4402 qui

2124 4418 2256 4477 fecit
2295 4420 2519 4489 nuptias
2559 4419 2674 4475 ﬁlio
2705 4436 2830 4485 suo,
2863 4434 2959 4475 eos
2991 4420 3085 4490 qui
3117 4422 3461 4476 vocationem
3492 4422 3703 4477 abnue-

439 4510 882 4579 ἐξελεύσονται·
918 4511 1012 4564 καὶ
1035 4510 1104 4564 τὰ
1136 4511 1346 4575 τούτοις
1372 4510 1660 4576 ἀκόλουθα,
1690 4511 1758 4563 δι’
1781 4506 1856 4566 ὧν
1887 4514 2020 4584 ῥομ-

2127 4509 2267 4573 rant,
2303 4524 2605 4581 servosque
2626 4511 2807 4580 regies
2830 4510 3172 4577 occiderant,
3217 4510 3286 4566 ad
3313 4526 3503 4568 necem
3539 4511 3704 4566 tradi-

442 4602 608 4676 φαίαν
625 4604 719 4657 τοῦ
746 4603 951 4675 Κυρίου
972 4602 1120 4671 λέγει
1152 4603 1251 4675 τὴν
1303 4603 1574 4674 ῥομφαίαν
1603 4600 1698 4655 τοῦ
1740 4603 2019 4675 Ναϐουχο·

440 4698 657 4770 δονόσορ
678 4698 776 4769 τὴν
797 4695 1126 4767 ἐπαχθεῖσαν
1145 4694 1223 4765 τῷ
1252 4693 1384 4764 λαῷ.
1416 4693 1596 4766 Ἔχεις
1620 4692 1676 4745 δὲ
1701 4695 1795 4748 καὶ
1817 4696 1875 4748 ὲν
1906 4698 2019 4761 τοῖς

440 4787 812 4859 Εύαγγελίοις,
840 4789 914 4852 ὡς
939 4788 968 4840 ὁ
1003 4785 1171 4840 ποιῶν
1197 4784 1405 4855 γάμους
1431 4784 1508 4855 τῷ
1528 4780 1628 4855 υίῷ
1659 4780 1824 4839 αύτοῦ
1857 4785 2015 4855 βασι-

440 4880 563 4946 λεὺς
596 4883 721 4946 τοὺς
748 4878 1259 4954 παραιτησαμένους
1298 4877 1397 4946 τὴν
1444 4877 1656 4947 κλῆσιν,
1689 4877 1783 4929 καὶ
1803 4877 2017 4932 ἀνελόν-

438 4992 537 5040 τας
557 4975 684 5037 τοὺς
744 4972 1054 5043 βασιλικοὺς
1080 4967 1319 5033 δούλους,
1354 4968 1717 5039 παραδίδωσιν
1762 4971 1843 5032 εἰς
1878 4986 2017 5038 σφα-

439 5065 702 5137 γήν’Καὶ
763 5063 1027 5133 πέμψας,
1082 5059 1250 5131 φησὶ,
1308 5058 1376 5113 τὸ
1419 5058 1758 5130 στράτευμα
1809 5058 2016 5121 αὐτοῦ’,

443 5154 737 5223 ἐνέπρησε
763 5151 883 5220 τῆν’
931 5148 1115 5206 πόλιν
1167 5145 1382 5203 αὐτῶν.
1431 5142 1755 5219 Στράτευμα
1811 5147 1870 5200 δὲ
1918 5148 2013 5200 τοῦ

441 5246 702 5317 βασιλέως
760 5240 856 5316 τὴν
897 5238 1212 5313 Ῥωμαϊκὴν
1254 5235 1411 5310 χεῖρα
1462 5238 1719 5309 σημαίνει
1767 5240 1865 5310 τὴν
1919 5256 2016 5292 πο-

2120 4604 2302 4661 disse:
2333 4601 2405 4657 Et
2436 4606 2619 4671 misso,
2655 4604 2853 4675 inquit,
2901 4605 3136 4658 exercitu
3167 4621 3285 4669 suo,
3306 4605 3574 4657 civitatein
3620 4620 3704 4658 eo-

2122 4712 2239 4750 rum
2263 4696 2531 4752 succendit
2554 4697 2621 4751 ".
2658 4695 2951 4751 Exercitus
2981 4708 3163 4751 autem
3218 4695 3363 4765 regis
3393 4693 3715 4775 Romanam

2120 4787 2331 4843 indicat
2364 4802 2612 4852 manum,
2659 4802 2782 4858 quae
2814 4786 3247 4858 Hierosolymam
3276 4783 3514 4840 obsedit.
3556 4784 3700 4850 Quia

2122 4879 2291 4951 igitur
2317 4868 2417 4934 tali
2440 4880 2624 4951 gladio
2648 4887 2769 4936 erat
2799 4879 2869 4935 ad
2897 4877 3232 4935 coercendos
3280 4875 3475 4932 Dilecti
3509 4876 3700 4932 adver-

2123 4972 2300 5028 sarios
2327 4986 2498 5043 opus;
2525 4972 2653 5042 jure
2676 4972 2965 5045 prophetia
2986 4971 3109 5041 ejus
3132 4984 3425 5040 personam
3450 4970 3531 5024 sic
3561 4970 3700 5023 allo-

2116 5062 2305 5131 quitur
2331 5081 2345 5117 :
2381 5063 2666 5135 Accingere
2698 5063 2877 5133 gladio
2908 5074 3180 5139 tuosuper
3206 5061 3381 5132 femur
3408 5072 3579 5126 tuum,
3600 5076 3698 5129 po-

2118 5152 2429 5208 tentissime.
2459 5153 2646 5223 Specie
2675 5164 2768 5207 tua
2793 5164 2841 5208 et
2870 5153 3262 5223 pulchritudine
3304 5163 3397 5207 tua
3458 5153 3694 5218 intendes,

2118 5254 2364 5311 prospere
2388 5241 2609 5310 procede
2637 5251 2687 5297 et
2727 5259 2906 5314 regna.

438 5338 805 5411 λιορκήσασαν
828 5336 925 5408 τὴν
959 5320 1334 5407 Ἰερουσαλήμ.
1404 5332 1555 5385 Ἐπεὶ
1583 5331 1762 5385 τοίνυν
1816 5332 1974 5402 χρεία
2002 5326 2072 5405 ἦν
2109 5335 2203 5387 καὶ
2232 5334 2488 5408 τοιαύτης
2519 5337 2793 5408 ῥομφαίας
2837 5335 2978 5391 κατὰ
3006 5335 3115 5389 τῶν
3146 5334 3564 5391 ἐπαναστάντων
3615 5334 3695 5406 τῷ

447 5434 760 5506 Ἀγαπητῷ,
802 5431 1024 5493 εἰκότως
1074 5428 1239 5501 φησὶν
1287 5430 1320 5499 ἡ
1366 5425 1675 5499 προφητεία
1716 5428 1795 5489 εἰς
1844 5426 2009 5481 αὐτοῦ
2046 5428 2353 5501 πρόσωπον
2396 5429 2717 5500 Περιᾰυσαι
2760 5430 2874 5499 τὴν
2916 5431 3221 5500 ῥομφαίαν
3251 5431 3351 5485 ἐπι
3416 5428 3525 5484 τὸν
3576 5445 3695 5499 μη-

428 5532 543 5596 ρόν
574 5546 713 5591 σου,
747 5523 984 5582 δυνατέ.
1029 5518 1110 5594 Τῇ
1137 5518 1449 5592 ὡραιότητί
1506 5536 1625 5577 σου
1666 5521 1765 5574 καὶ
1833 5520 1914 5587 τῷ
1945 5521 2160 5579 κάλλει
2225 5540 2366 5594 σου,
2412 5526 2513 5582 καί
2561 5527 2853 5592 ἄντεινον,
2908 5524 3007 5581 καὶ
3053 5524 3377 5581 κατευοδοῦ
3433 5522 3535 5578 καὶ
3575 5526 3696 5588 ,βα-

433 5622 662 5675 σίλευε.

540 5735 585 5765 ’⁸
626 5730 780 5788 Joan.
820 5749 870 5799 ι,
908 5732 994 5789 l7.
1069 5734 1108 5765 ⁷³
1154 5731 1314 5787 Hebr.
1365 5744 1439 5800 Iv,
1504 5728 1592 5790 12.

440 5819 578 5866 xm,
622 5803 671 5855 ’1.

2944 5730 2983 5765 τι
3023 5730 3154 5785 ibid.
3224 5729 3307 5787 ιθ.
3417 5684 3721 5793 η’λιειιιιξ

1707 5736 1751 5768 τ’
1790 5727 1985 5792 Εῑυιιι.
2024 5744 2113 5793 .\‘xt
2139 5781 2151 5799 ,
2187 5737 2240 5802 9,
2275 5734 2363 5792 10.
2466 5733 2516 5767 ⁷⁸
2549 5733 2699 5806 ,ibid.
2738 5732 2825 5788 l2.
