4098 6370
406 370 521 445 tos

1122 386 1398 444 EUSEBII
1437 386 1920 443 CASSARIENSIS
1959 386 2111 442 OPP.
2150 384 2331 440 PARS
2368 382 2535 438 lll.—
2573 380 2986 438 EXEGETICA.

3578 382 3685 439 ισι

401 492 579 574 neque
604 503 747 573 apud
770 509 1001 560 caeteros
1023 504 1352 576 interpretes
1381 506 1558 563 fertur
1584 525 1597 574 ;
1630 520 1803 578 quare
1828 507 1965 563 obelt

2094 505 2265 559 Τοῦτο
2290 505 2383 558 καὶ
2413 502 2704 573 διάχρυσον
2734 502 2765 553 ὁ
2791 476 2985 572 παρὼν
3007 500 3163 570 λόγος
3196 500 3467 572 ὠνόμασε.
3503 501 3577 555 Τὸ
3601 501 3685 578 δὲ,

401 604 647 653 notatum
674 603 781 655 est.

2091 593 2564 664 περιϐεϐλημένη
2631 591 2725 644 καὶ
2779 590 3214 661 πεποικιλμένη
3238 630 3253 655 ,
3314 590 3437 645 οὗτε
3498 593 3556 647 ὲν
3612 596 3680 666 τῇ

409 687 673 760 Ἐὃραῖκῇ
725 688 1029 758 ἀναγνώσει
1058 688 1184 742 οὔτε
1234 688 1385 762 παρὰ
1408 695 1522 756 τοῖς
1564 691 1772 755 λοιποῖς
1817 689 2182 761 έρμηνευταίς
2204 686 2428 757 φέρεται
2453 700 2465 713 ·
2500 682 2581 735 διὸ
2600 681 2913 735 ὼῦἑλισται.

476 784 640 841 Vens.
666 785 756 841 14.
791 784 978 841 Omnis
1006 786 1179 856 gloria
1206 786 1321 855 ejus
1344 786 1474 856 ﬁlia
1494 788 1631 857 regis
1672 785 1895 851 Esebon,
1927 786 1983 837 in

397 874 626 946 fimbriis
660 878 837 931 aureis
862 878 1266 932 circumamicta
1294 877 1664 932 varietatibus.
1695 875 1983 944 Quomodo

399 972 633 1029 fimbriis
678 972 861 1029 aureis
891 974 1302 1029 circumornata
1336 973 1431 1040 sit,
1473 974 1644 1045 probe
1684 974 1980 1043 intelligas,

398 1067 444 1119 si
481 1062 706 1119 Paulum
742 1064 937 1121 audias
965 1066 1237 1121 dicentem
1270 1082 1282 1116 :
1314 1064 1399 1118 Ex
1420 1075 1572 1136 parte
1596 1066 1977 1136 cognoscimus.

394 1170 447 1215 et
482 1176 549 1215 ea:
588 1170 739 1230 parte
773 1163 1146 1231 prophetamus
1164 1163 1230 1216 ⁸³.
1264 1160 1401 1215 Nam
1460 1161 1703 1233 cognitio
1745 1177 1868 1233 quae
1913 1178 1981 1221 ex

395 1263 550 1323 parte
579 1262 687 1320 est,
727 1270 956 1311 aureum
1007 1264 1263 1312 ornatum
1310 1256 1366 1309 in
1403 1254 1846 1311 extremitatibus
1873 1255 1979 1326 ipsi

394 1344 783 1414 circumponit.
817 1342 953 1399 Cum
998 1345 1430 1413 autem‘venerit,
1469 1344 1672 1415 inquit,
1696 1344 1836 1415 quod
1865 1360 1983 1413 per-

396 1434 589 1495 fectum
617 1444 716 1499 est,
762 1434 1107 1489 evacuabitur
1141 1435 1281 1505 quod
1318 1451 1385 1490 ea:
1430 1443 1581 1505 parte
1621 1435 1782 1491 est”.
1818 1434 1981 1490 Post-

394 1541 560 1597 quam
609 1526 664 1581 in
710 1528 989 1582 cce-testem
1021 1526 1327 1583 Ecclesiam
1380 1526 1652 1582 translata
1701 1524 1868 1581 fuerit
1890 1540 1979 1589 ea,

393 1622 516 1690 quae
543 1618 596 1673 in
620 1625 767 1674 terra
791 1618 1020 1674 infantis
1043 1618 1220 1673 instar
1236 1618 1530 1682 educatur,
1563 1624 1697 1671 tunc
1737 1615 1981 1671 fimbrias

394 1724 591 1766 aureas
615 1749 630 1775 ,
670 1710 928 1765 videlicet
967 1710 1338 1780 cognitionem
1375 1725 1442 1766 ex
1482 1717 1641 1781 parte
1692 1707 1975 1779 deponet;

390 1813 559 1857 aureo
585 1810 766 1855 autem
792 1800 1121 1855 vestimento
1146 1800 1459 1855 ornabitur.

461 1912 626 1971 Vens.
660 1915 745 1983 15,
782 1915 872 1970 16.
905 1916 1250 1971 Adducentur
1276 1916 1404 1987 Regi
1435 1917 1659 1988 virgines
1691 1927 1808 1987 post
1833 1933 1973 1982 eam,

384 2008 643 2078 proximae
688 2008 802 2078 ejus
839 2009 1126 2077 afferentur
1167 2009 1281 2063 tibi.
1317 2006 1457 2063 Filia
1502 2024 1625 2079 qua:
1655 2009 1977 2080 plerumque

388 2098 644 2181 superius
689 2106 995 2154 memorata
1030 2097 1152 2165 fuit,
1187 2113 1297 2153 non
1333 2113 1551 2170 semper
1592 2098 1647 2154 in
1671 2107 1815 2153 terra
1850 2114 1976 2169 per-

386 2196 593 2265 manet,
626 2188 725 2248 sed
766 2204 868 2246 suo
903 2197 1152 2262 tempore
1191 2190 1583 2247 transferetur.
1617 2192 1687 2245 At
1718 2206 1828 2246 non
1856 2205 1975 2245 om-

385 2294 486 2335 nes
519 2281 689 2336 simul
726 2281 1000 2353 ejusmodi
1040 2282 1533 2353 transmigratione
1579 2283 1971 2344 donabuntur;

385 2362 484 2449 sed
522 2392 645 2447 qua:
668 2356 846 2448 primo
873 2376 1045 2453 gradu
1072 2377 1128 2431 in
1161 2376 1265 2431 hoc
1285 2391 1457 2446 regno
1488 2376 1668 2449 dignae
1696 2384 1880 2441 erunt,
1905 2391 1971 2430 ex

382 2476 539 2539 parte
570 2469 745 2523 solum
769 2467 1069 2525 afferentur
1084 2466 1241 2539 Regi.
1270 2464 1364 2521 lla:
1394 2483 1521 2524 vero
1549 2477 1681 2523 sunt
1711 2483 1832 2539 quae
1863 2468 1971 2522 vir-

380 2562 665 2633 ginitatem
713 2562 768 2617 in
804 2561 1027 2617 Christo
1054 2568 1107 2615 et
1154 2576 1387 2630 corpore
1421 2567 1476 2616 et
1510 2560 1695 2616 anima
1725 2569 1967 2624 servant,

383 2667 448 2706 ac
491 2653 686 2723 spiritu
728 2660 936 2709 sancta:
964 2657 1113 2708 sunt.
1152 2650 1282 2707 Post
1325 2652 1562 2725 primum
1598 2658 1779 2709 autem
1816 2652 1967 2707 ordi-

379 2757 528 2808 nem,
555 2758 677 2814 qum
706 2742 956 2813 proxime
986 2741 1109 2797 illas
1138 2748 1268 2809 sunt
1295 2739 1590 2798 allerentur
1623 2757 1635 2792 :
1670 2756 1798 2799 nam
1824 2741 1967 2813 apud

380 2833 599 2891 Patrem
629 2837 945 2892 mansiones
973 2834 1160 2890 multa:
1175 2833 1243 2889 ⁸³.
1275 2831 1371 2889 Ha:
1396 2848 1528 2889 vero
1557 2841 1707 2899 sunt,
1729 2849 1850 2904 quae
1874 2833 1969 2887 bo—

380 2932 552 2981 nestm
579 2926 1030 2996 continentisque
1060 2924 1188 2980 vita:
1233 2939 1397 2979 causa
1452 2925 1763 2995 proximum
1798 2923 1969 2990 virgi-

378 3019 546 3073 nibus
580 3018 760 3072 locum
785 3025 1079 3088 occupant.
1109 3017 1396 3083 Quomodo
1436 3026 1618 3074 autem
1646 3018 1963 3083 afferentur,

2162 779 2338 836 Πᾶσα
2385 781 2424 848 η
2464 778 2614 842 δόξα
2660 774 2849 844 αὐτῆς
2885 777 3181 847 θυγατρὸς
3225 773 3332 832 τοῦ
3370 775 3681 845 βασιλέως

2103 872 2362 928 Ἐσεϐὼν
2385 872 2455 923 ἐν
2487 867 2855 938 κροσσωτοῖς
2896 868 3149 937 χρυσοῖς
3187 868 3676 939 περιϐεϐλημένη,

2092 964 2544 1033 πεποικιλμένη.
2599 963 2851 1033 Νοήσεις,
2901 963 3059 1033 φησὶ,
3097 962 3213 1025 πῶς
3243 964 3494 1033 κροσσοίς
3545 979 3678 1034 χρυ-

2093 1061 2205 1120 σοῖς
2245 1057 2666 1128 περιϐέϐληται,
2706 1057 2919 1111 Παύλου
2969 1056 3219 1124 λέγοντος
3265 1054 3507 1114 ἀκούων·
3570 1055 3673 1108 Ἐκ

2086 1146 2305 1217 μέρους
2328 1147 2719 1218 γινώσκομεν,
2742 1149 2837 1201 καὶ
2864 1148 2932 1200 ἐκ
2950 1148 3175 1215 μέρους
3199 1146 3671 1216 προφητεύομεν.

2100 1240 2163 1292 Ἦ
2193 1238 2302 1310 γὰρ
2339 1240 2538 1309 γνῶσις
2560 1242 2591 1311 ή
2615 1242 2677 1293 ἐκ
2711 1240 2909 1311 μέρους
2934 1240 2991 1290 ἐν
3018 1238 3207 1308 ἄκροις
3239 1237 3420 1308 μόνοις
3448 1237 3671 1311 χρυσίου

2085 1331 2177 1384 τὸν
2211 1330 2413 1402 κόσμον
2442 1331 2580 1402 αὐτῇ
2610 1330 2983 1402 περιτίθησιν·
3023 1330 3207 1381 Ὅταν
3238 1327 3291 1380 δ’
3321 1326 3470 1396 ἔλθῃ
3499 1326 3565 1380 τὸ
3583 1326 3673 1379 τέ-

2083 1426 2270 1487 λειον,
2306 1426 2459 1491 φησὶ,
2486 1422 2552 1475 τὸ
2580 1422 2647 1475 ἐκ
2672 1421 2895 1491 μέρους
2917 1418 3455 1489 καταργηθήσεται.
3493 1419 3673 1472 Ἐπει-

2082 1513 2179 1567 δᾶν
2199 1516 2278 1576 εἰς
2305 1513 2402 1583 τὴν
2434 1513 2757 1583 ἐπουράνιον
2801 1502 3126 1581 Ἐκκλησίαν
3181 1513 3420 1581 μεταστῇ
3451 1513 3486 1581 ἠ
3531 1511 3671 1576 τέως

2082 1609 2150 1659 ὲκ
2173 1605 2275 1675 γῆς
2309 1604 2834 1675 παιδοτροφοομένη,
2863 1604 2925 1655 τὸ
2973 1605 3276 1673 τηνικαῦτα
3336 1601 3670 1675 ἀποθήσεται

2086 1697 2184 1767 μὲν
2210 1696 2276 1749 τά
2304 1694 2594 1767 κροσσωτά
2623 1695 2693 1749 τὰ
2722 1692 2920 1768 χρυσᾶ,
2954 1694 3053 1765 τὴν
3085 1695 3150 1747 ὲκ
3198 1694 3397 1766 μέρους
3442 1694 3668 1764 γνῶσιν,

2082 1792 2138 1843 ἐν
2171 1789 2450 1862 ἱματισμῷ
2471 1790 2527 1843 δὲ
2550 1788 2756 1861 χρυσῷ.
2836 1782 2839 1783 ν

2162 1902 2695 1972 Ἀπενεχθήσονται
2724 1901 2805 1969 τῷ
2849 1902 3106 1957 Βασιλεῖ
3135 1901 3419 1971 παρθένοι
3473 1902 3669 1957 ὀπίσω

2077 1994 2289 2065 αὐτῆς,
2319 2000 2380 2051 αι
2401 1999 2669 2064 πλησίον
2690 1994 2879 2063 αὐτῆς
2899 1994 3423 2065 ἀπενεχθήσονταί
3445 2010 3563 2053 σοι.
3601 1995 3667 2049 Ἡ

2075 2088 2163 2141 διὰ
2204 2087 2313 2141 τῶν
2356 2086 2667 2160 ἔμπροσθεν
2720 2086 2979 2149 πολλάκις
3023 2086 3391 2158 ὠνομασμένη
3419 2086 3665 2159 Θυγάτηρ

2074 2181 2176 2235 οὐκ
2203 2181 2296 2233 ἐπὶ
2325 2181 2427 2251 γῆς
2448 2183 2527 2246 είς
2551 2181 2612 2234 τὸ
2643 2179 2905 2244 παντελὲς
2928 2180 3172 2251 διαμένει
3191 2220 3205 2242 ,
3239 2180 3662 2251 μετατεθήσεται

2073 2272 2130 2325 δὲ
2152 2273 2293 2327 κατά
2320 2272 2529 2343 καιρόν.
2575 2272 2714 2325 Ἀλλ’
2739 2272 2799 2324 οὐ
2833 2273 2983 2325 πᾶσα
3027 2270 3238 2346 ἀθρόως
3273 2271 3372 2342 τῆς
3406 2270 3665 2343 τοιαύτης

2078 2364 2431 2435 μεταϐάσεως
2489 2363 2883 2435 ἀξιωθήσεται⁸
2950 2365 3009 2417 ὲν
3061 2363 3217 2434 μέρει
3262 2363 3318 2427 δὲ
3362 2364 3417 2417 al
3460 2361 3663 2435 πρώτῳ

2075 2455 2268 2528 βαθμῴ
2299 2458 2354 2509 ὲν
2387 2456 2521 2526 αὐτῇ
2550 2456 2906 2526 τετιμημέναι
2940 2442 3399 2526 ἀπενεχθήσονται
3444 2454 3526 2527 τῷ
3554 2456 3663 2509 Βα-

2076 2549 2227 2602 σιλεῖ.
2259 2542 2431 2603 Αὖται
2471 2548 2527 2602 δέ
2560 2549 2696 2603 εἰσιν
2726 2550 2783 2601 αἱ
2810 2548 2910 2619 τὴν
2930 2549 2988 2602 ὲν
3020 2549 3241 2622 Χριστῷ
3274 2549 3496 2618 ἁγνείαν
3527 2565 3665 2602 κατ-ι

2082 2639 2392 2715 ορθὼσασαι
2442 2640 2587 2712 ψυχῇ
2647 2643 2743 2694 καὶ
2772 2639 3008 2711 σώματι,
3055 2643 3147 2696 καὶ
3208 2642 3479 2713 πνεύματι
3528 2640 3661 2694 καθ-

2072 2733 2427 2803 ηγιασμέναι.
2463 2733 2619 2787 Μετὰ
2642 2732 2700 2785 δὲ
2751 2731 2814 2785 τδ
2847 2732 3063 2804 πρῶτον
3117 2734 3299 2805 τάγμα
3354 2735 3411 2788 αἱ
3438 2731 3659 2804 πλησίον

2071 2824 2250 2878 αὐτῶν
2276 2825 2768 2896 ἀπενεχθήσονται·
2827 2825 3019 2879 πολλαὶ
3057 2827 3165 2899 γάρ
3203 2826 3361 2897 μοναὶ
3405 2825 3555 2898 παρὰ
3580 2825 3660 2897 τῷ

2071 2919 2268 2990 Πατρί.
2300 2913 2469 2973 Αὗται
2491 2919 2549 2971 δέ
2577 2922 2713 2973 εἰσιν
2741 2921 2795 2971 αἱ
2827 2918 2916 2973 τὸν
2942 2919 3168 2988 ἔγγιστα
3195 2920 3359 2973 τόπον
3382 2918 3492 2972 τῶν
3520 2934 3662 2989 παρ-

2072 3010 2240 3073 θένων
2295 3009 2589 3082 ὲπέχουσαι
2649 3010 2737 3065 διὰ
2798 3011 3000 3082 σεμνοῦ
3058 3013 3152 3065 καὶ
3204 3011 3481 3084 σώφρονος
3516 3011 3658 3081 βίον.

379 3111 624 3167 declarat
654 3111 865 3177 dicens,
896 3114 953 3167 in
984 3112 1176 3166 latitia
1207 3121 1256 3166 et
1281 3112 1659 3169 exsultatione.
1684 3112 1811 3169 Haec
1833 3129 1964 3170 vero

2071 3103 2260 3166 Ὅπως
2320 3103 2377 3156 δὲ
2428 3102 2886 3175 ἁπενεχθήσονται
2957 3104 3255 3175 παρίστησι
3317 3102 3524 3171 λέγων·
3583 3104 3663 3165 ἐν,

379 3219 491 3273 qua
523 3203 738 3258 ratione
767 3203 1024 3259 dicantur
1068 3204 1238 3275 probe
1282 3204 1574 3275 intelliges,
1602 3206 1652 3261 sl
1699 3204 1965 3275 apostoli-

380 3309 502 3350 cam
540 3295 683 3350 hanc
732 3310 919 3351 vocem
979 3312 1227 3368 apponas
1262 3313 1275 3347 :
1309 3296 1593 3367 Rapiemur
1637 3298 1693 3352 in
1736 3297 1963 3353 nubibus

378 3386 586 3442 obviam
626 3388 853 3444 Domino
886 3391 943 3443 iu
992 3406 1143 3454 aera,
1169 3397 1220 3443 et
1247 3390 1326 3443 sic
1360 3405 1562 3459 semper
1593 3406 1712 3444 cum
1734 3390 1964 3444 Domino

375 3480 573 3535 erimus
591 3479 657 3533 ⁸⁸.
695 3478 814 3536 Νοη
846 3480 992 3537 enim
1022 3480 1245 3535 venient
1266 3479 1352 3536 vel
1385 3478 1453 3534 ad
1477 3477 1678 3550 Regem
1702 3476 1965 3534 accedent

375 3570 641 3641 virgines,
691 3571 788 3627 sed
835 3571 1153 3639 afferentur,
1187 3572 1312 3628 aliis
1343 3571 1493 3641 ipsas
1534 3571 1962 3636 adducentibus,

379 3660 593 3715 scilicet
623 3661 831 3731 angelis
854 3661 973 3727 Dei,
1009 3664 1106 3733 qui
1131 3663 1399 3718 sublimes
1430 3663 1552 3718 illas
1585 3663 1640 3717 in
1665 3663 1835 3718 altum
1868 3663 1964 3719 de-

375 3750 577 3813 ferent,
610 3759 667 3805 ut
688 3767 992 3821 supernum
1017 3755 1123 3808 iter
1147 3754 1308 3809 facile
1338 3754 1656 3809 decurrant.
1687 3753 1964 3810 Adducet:-

378 3851 466 3894 tur
496 3856 662 3911 porro
696 3843 750 3896 in
790 3844 980 3898 lwtitia
1020 3854 1070 3898 et
1102 3845 1476 3912 exsultatione,
1507 3853 1672 3916 atque
1730 3846 1784 3899 in
1820 3853 1959 3901 tem-

378 3934 528 4003 plum
560 3934 729 4003 regis,
761 3936 817 3989 in
849 3935 1055 4004 regiam
1096 3935 1344 4000 domum,
1379 3929 1549 4008 regno
1573 3938 1842 3993 caelorum
1873 3939 1963 3993 do-

376 4032 559 4089 natam-
591 4026 1052 4081 intromittentur.
1093 4026 1379 4097 Templum
1409 4043 1597 4098 porro,
1628 4029 1826 4084 domus
1863 4029 1961 4083 Dei

373 4124 479 4179 est,
507 4115 580 4170 ita
609 4125 669 4170 ut
705 4116 817 4172 llex
844 4118 955 4183 ille,
986 4118 1055 4173 ad
1084 4134 1247 4190 quem
1277 4118 1652 4183 adducuntur,
1686 4119 1831 4175 Deus
1866 4122 1955 4175 sit.

375 4206 482 4262 Eas
513 4208 639 4261 item
667 4207 969 4273 adducunt,
992 4212 1085 4280 qui
1115 4212 1250 4282 ipsis
1285 4211 1536 4267 instituta
1574 4211 1820 4279 tradunt,
1849 4212 1959 4268 Lex

375 4298 625 4355 Videlicet
653 4308 814 4371 atque
847 4302 1141 4372 propheta.

442 4565 611 4622 Ἴης.
658 4566 747 4622 l7.
776 4566 887 4622 Pro
937 4567 1179 4636 patribus
1214 4568 1319 4624 tuis
1356 4570 1470 4622 uati
1531 4577 1653 4623 sunt
1701 4570 1797 4623 tibi
1830 4571 1954 4640 ﬁlii.

373 4656 579 4714 Horum
654 4659 985 4715 sententiam
1056 4660 1260 4715 clarius
1312 4660 1498 4715 caeteri
1565 4660 1957 4727 reddiderunt;

372 4752 569 4821 Aquila
597 4755 817 4822 quidem
848 4756 931 4809 sic
971 4754 1204 4820 habens,
1235 4754 1343 4809 Pro
1371 4756 1613 4823 patribus
1655 4758 1761 4811 tuis
1803 4766 1957 4810 erunt

372 4842 468 4896 tibi
514 4843 649 4913 ﬁlii;
679 4842 1041 4915 Symmachus
1093 4861 1224 4903 vero
1250 4887 1265 4911 ,
1302 4845 1412 4901 Pro
1451 4848 1695 4917 patribus
1742 4848 1957 4918 fuerunt

369 4934 474 5004 ﬁlii
512 4936 610 4988 tui.
657 4934 784 4991 Haec
810 4944 895 4997 est
941 4946 1126 4993 autem
1165 4937 1300 4992 dicti
1350 4938 1499 4997 illius
1526 4939 1949 5011 interpretatio:

371 5026 494 5082 Filii
524 5028 603 5082 tui
646 5027 741 5098 qui
786 5028 840 5082 in
882 5036 934 5083 te
964 5037 1018 5085 et
1049 5046 1078 5083 a
1107 5039 1162 5086 te
1196 5030 1310 5089 nati
1361 5032 1525 5097 sunt,
1555 5047 1655 5102 pro
1699 5034 1953 5102 patribus

368 5117 465 5172 tibi
488 5125 671 5173 erunt.
711 5116 848 5172 Nam
897 5119 998 5173 hos
1030 5119 1204 5189 ipsos,
1232 5135 1372 5189 quos
1403 5127 1519 5177 tute
1561 5121 1821 5191 genuisti,
1854 5139 1954 5193 pro

371 5211 618 5280 patribus
641 5212 891 5268 habebis.
927 5210 1213 5268 Sermonis
1252 5220 1434 5268 autem
1466 5223 1721 5269 eventum
1753 5215 1955 5270 intelli-

370 5315 488 5370 ges,
535 5303 579 5358 si
626 5301 936 5372 perpendas
964 5318 1076 5373 quo
1107 5314 1270 5375 pacto
1300 5304 1623 5374 alienigena
1664 5321 1731 5361 ex
1778 5308 1952 5376 genti-

372 5389 495 5455 bus,
521 5389 824 5447 Ecclesiam
851 5391 947 5447 Dei
969 5392 1260 5456 adeuntes,
1287 5393 1343 5447 in
1366 5394 1597 5463 ipsaque
1618 5396 1951 5464 regenerati,

370 5479 468 5534 lilii
525 5482 647 5551 ejus
702 5483 1037 5549 eiliciantur;
1093 5498 1159 5539 ac
1207 5484 1468 5554 deinceps
1519 5502 1646 5540 cum
1703 5485 1950 5554 profectu

369 5572 518 5626 aucti
550 5581 701 5636 sunt,
739 5582 927 5644 patres
952 5574 1127 5644 ipsius
1167 5576 1611 5645 constituantur,
1651 5576 1721 5631 ad
1752 5576 1951 5646 pmice

367 5673 578 5721 cturam
632 5665 751 5735 ejus
790 5667 1048 5737 promoti,
1089 5675 1143 5723 et
1191 5667 1259 5722 ad
1312 5670 1654 5726 sacerdotale
1688 5671 1938 5727 ministe-

434 5822 481 5855 ιι
549 5788 727 5891 lCor.
765 5838 898 5891 xm.
939 5824 989 5880 9.
1071 5823 1114 5855 εκ
1156 5822 1288 5879 ibid.
1334 5823 1413 5881 to.
1493 5827 1535 5859 ει
1575 5824 1732 5884 Joan.
1774 5843 1883 5896 XIV,
1920 5828 1973 5885 ε.

2066 3180 2414 3263 εὐφροσύνῃ
2444 3193 2543 3248 καὶ
2571 3194 2950 3263 ἀγαλλιάσει.
2980 3195 3214 3266 Νοήσεις
3239 3194 3295 3247 δὲ
3332 3195 3479 3256 ὅπως
3505 3192 3657 3266 είρη-

2065 3301 2156 3337 ται
2184 3284 2361 3354 τοῦτο,
2393 3284 2658 3357 παραθεὶς
2686 3286 2783 3357 τὴν
2813 3286 3172 3358 ἀποστολικὴν
3204 3281 3441 3359 φωνὴνῇ
3467 3302 3651 3357 φησιν’

2078 3376 2564 3447 Ἄρπαγησόμεθα
2596 3378 2665 3431 ἐν
2707 3378 2989 3447 νεφέλαις
3026 3380 3115 3445 είς
3152 3377 3499 3445 ἀπάντησιν
3545 3378 3656 3434 τοῦ

2063 3467 2285 3534 Kvplov
2320 3469 2408 3533 είς
2450 3467 2627 3535 ἀέρα,
2672 3467 2769 3521 καί
2822 3466 2974 3520 οὕτω
3021 3465 3278 3520 πάντοτε
3311 3466 3433 3520 σὺν
3460 3467 3657 3535 Κυρίῳ

2064 3558 2342 3628 ἐσόμεθα.
2388 3558 2463 3612 Οὐ
2496 3557 2608 3633 γὰρ
2652 3559 2962 3619 ἐλεύσονται
3004 3558 3125 3612 οὐδὲ
3157 3557 3548 3612 ἀπελεύσονται
3575 3558 3657 3629 τῷ

2064 3650 2284 3706 Βασιλεῖ
2322 3650 2603 3723 παρθένοι,
2632 3651 2744 3705 ἀλλ’
2780 3650 3258 3722 ἀπενεχθήσονται,
3278 3650 3453 3705 ἄλλων
3485 3649 3658 3716 αὐτὰς

2064 3744 2388 3813 ἀπαγόντων
2406 3760 2418 3773 ·
2457 3744 2706 3812 ἀγγέλων
2761 3742 2962 3813 δηλαδὴ
3008 3742 3170 3796 θείων
3213 3741 3656 3815 μετεωριζόντων

2064 3838 2234 3902 αὐτὰς
2270 3837 2366 3891 καὶ
2425 3839 2505 3901 εἰς
2535 3837 2670 3907 ὕψος
2702 3838 3065 3909 ἐπαιρόντων,
3096 3837 3171 3901 ὡς
3193 3836 3259 3891 ἂν
3305 3835 3523 3908 εὐμαρῆ
3555 3838 3655 3907 τὴν

2063 3930 2174 3991 ἄνω
2214 3930 2534 3999 ποιήσαιντο
2568 3930 2815 4001 πορείαν.
2882 3928 3415 3999 Ἀπενεχθήσονται
3479 3927 3523 3980 δ’
3584 3927 3655 3980 ἐν

2060 4022 2409 4089 εὐφροσύνῃ
2441 4021 2538 4077 καὶ
2569 4019 2950 4090 ἀγαλλιάσει,
2998 4022 3094 4074 καὶ
3133 4019 3549 4090 εἰσαχθήσονται
3574 4020 3655 4082 εἰς

2062 4111 2186 4166 ναὸν
2217 4111 2501 4182 βασιλέως,
2529 4113 2609 4175 εἰς
2645 4112 2735 4165 τὸν
2793 4109 2941 4169 οἶκον
2972 4112 3057 4164 τὸν
3093 4110 3368 4197 βασιλικὸν
3421 4109 3521 4181 τῆς
3546 4109 3655 4163 τῶν

2061 4201 2307 4273 οὐρανῶν
2327 4201 2604 4272 βασιλείας
2632 4200 3074 4271 καταξιούμεναι.
3098 4196 3246 4262 Nube
3272 4199 3328 4253 δὲ
3352 4196 3499 4263 οἶκος
3517 4198 3654 4254 Θεοῦ

2061 4291 2209 4343 ἐστιν
2234 4307 2247 4320 ·
2272 4288 2412 4344 ὥστε
2437 4291 2570 4355 Θεὸς
2596 4293 2625 4344 ὁ
2649 4289 2913 4353 Βασιλεὺς
2932 4329 2946 4352 ,
2977 4282 3023 4357 ᾧ
3052 4289 3376 4358 ἀπάγονται.
3430 4292 3655 4359 ’Δγουσι

2064 4381 2121 4436 δὲ
2153 4382 2323 4447 αὐτὰς
2355 4383 2450 4447 καὶ
2471 4384 2518 4436 οἱ
2550 4383 2620 4437 τὰ
2656 4382 2997 4453 παιδεύματα
3032 4382 3414 4454 παραδιδόντες
3440 4384 3651 4447 αὐταῖς,

2064 4478 2092 4530 ὅ
2122 4493 2181 4533 τε
2216 4477 2399 4547 Νόμος
2423 4477 2515 4532 καὶ
2540 4477 2588 4530 οί
2613 4477 2909 4547 προφῆται.

2146 4567 2295 4622 Ἀντί
2326 4566 2447 4621 τῶν
2479 4570 2752 4636 πατέρων
2791 4584 2907 4621 σου
2933 4565 3350 4637 ἐγεννήθησαν
3379 4585 3478 4622 σοι
3511 4569 3650 4622 υἱοί.

2064 4660 2283 4714 Τούτων
2327 4661 2427 4732 τὴν
2479 4659 2744 4717 διάνοιαν.
2769 4660 3102 4732 σαφέστερον
3147 4659 3556 4717 ἀποδεδώκασιν
3602 4664 3652 4716 0t

2062 4752 2271 4807 λοιποί·
2301 4754 2331 4805 ὁ
2375 4752 2474 4822 μὲν
2531 4751 2763 4818 Ἀκύλας
2798 4752 2998 4806 εἰπών·
3043 4754 3193 4806 Ἀντί
3241 4752 3361 4806 τῶν
3382 4752 3654 4820 πατέρων

2062 4860 2179 4898 σου
2205 4844 2453 4900 ἔσονταί
2497 4858 2598 4899 σοι
2621 4846 2741 4899 υἱοί
2763 4862 2776 4887 ι
2812 4847 2841 4898 ὁ
2869 4845 2927 4899 δὲ
2966 4845 3264 4917 Σύμμαχος
3286 4862 3299 4875 ·
3350 4845 3501 4900 Ἁντι
3542 4859 3654 4900 πα-

2062 4935 2249 5005 τέρων
2274 4934 2555 5005 ἐγένοντο
2590 4937 2712 4990 υἱοί
2735 4951 2873 4991 σου.
2912 4936 2976 4990 Ἦ
3004 4936 3049 4988 δ’
3080 4937 3348 5007 ἑρμηνεία
3377 4937 3470 4990 τοῦ
3492 4936 3651 5005 λόγου

2061 5025 2264 5096 ταύτην
2289 5025 2403 5097 ἔχει
2428 5026 2528 5097 τὴν
2549 5025 2807 5081 διάνοιανο
2841 5028 2903 5081 Ol
2924 5027 3030 5080 υἱοί
3050 5042 3144 5079 σου
3168 5027 3218 5079 0i
3247 5027 3305 5080 ὲν
3325 5027 3410 5080 col.
3427 5028 3523 5081 καὶ
3547 5027 3654 5080 ὑπὸ

2063 5117 2157 5173 σοῦ
2174 5135 2404 5190 γεγεννη
2412 5118 2561 5188 μένοι
2580 5119 2700 5173 ἀντὶ
2724 5120 2979 5191 πατέρων
2999 5120 3319 5191 γενήσονταί
3341 5136 3443 5173 σοι.
3470 5118 3655 5185 "Eget;

2059 5209 2169 5280 γὰρ
2203 5210 2403 5273 αὐτοὺς
2441 5209 2704 5281 πατέρας,
2730 5208 2829 5274 οὓς
2863 5209 3000 5281 αὐτὴ
3029 5210 3385 5280 γεγέννηκας.
3421 5210 3655 5281 Νοήσεις

2058 5300 2116 5353 δὲ
2148 5299 2243 5354 τοῦ
2274 5301 2431 5371 λόγου
2482 5301 2544 5355 τὸ
2574 5301 2919 5370 ἀποτέλεσμα
2939 5326 2957 5365 ,-
2984 5303 3282 5372 ἐπιστήσας
3314 5301 3463 5364 ὅπως
3494 5302 3543 5353 οἱ
3592 5300 3654 5364 ἐξ

2061 5393 2232 5448 ἐθνῶν
2286 5394 2594 5465 ἀλλόφυλοι,
2656 5395 3048 5467 προσελθόντες
3108 5398 3168 5467 τῇ
3218 5394 3515 5466 Ἐκκλησία
3556 5393 3650 5446 τοῦ

2058 5487 2217 5551 Θεοῦ,
2254 5491 2348 5542 καὶ
2391 5487 2847 5558 ἀναγεννηθέντες
2893 5490 2954 5541 ὲν
3012 5490 3170 5559 αὐτῇ,
3204 5488 3310 5541 υἱοὶ
3356 5486 3531 5555 αὐτῆς
3564 5485 3652 5554 γίν-

2057 5595 2307 5648 γνονται·
2342 5580 2580 5635 κᾶπειτα
2603 5579 2931 5645 ἐπιδιδόντες
2975 5584 3039 5652 τῇ
3082 5582 3334 5653 προκοπῇ
3362 5620 3377 5642 ,
3414 5579 3651 5650 πατέρες

2049 5673 2219 5757 αὐτῆς
2248 5673 2624 5739 καθίστανται,
2655 5675 3019 5753 προαγόμενοι
3061 5677 3141 5741 είς
3174 5674 3270 5757 τήν
3307 5675 3484 5749 αὐτῆς
3511 5690 3648 5756 προ-

2051 5826 2097 5865 ⁸⁸
2138 5826 2376 5887 lTbess.
2413 5844 2486 5897 LV,
2524 5827 2611 5891 l6.
