4098 6406
410 385 514 446 Ill

1128 374 1399 463 unseen
1434 336 1915 431 οιεεΑιιιειιειε
1950 371 1986 427 u

2088 333 2126 427 .’
2148 352 2331 463 rtus
2366 368 2460 424 ιιι.
2501 397 2574 410 -
2608 366 3023 455 exsomnes.

3568 369 3680 426 412

414 496 539 553 Non
560 498 708 550 ultra
744 493 1015 550 vocabitur
1046 460 1396 548 nomenituum
1442 464 1636 557 .Iaeob,
1696 488 1785 567 sed
1823 487 1986 544 Israel

2096 486 2225 558 γὰρ’
2252 456 2436 557 φησιν.
2468 484 2564 540 ἀνθ
2573 502 2752 558 ρωπος
2774 487 2892 559 μετ’
2918 450 3107 554 αὑτοῦ,
3130 487 3190 553 ὃς
3211 486 3307 542 καὶ
3326 482 3479 542 εἶπεν
3504 458 3672 560 αὐτῷ’

404 590 505 645 erit
531 604 715 642 nomen
740 595 910 649 tuum,
941 587 1066 656 quia
1095 585 1425 655 pravaluisti
1470 601 1589 638 cum
1622 582 1753 638 Deo.
1779 580 1849 636 Et
1880 597 1986 635 sur-

2102 580 2222 631 Οὐκ
2251 577 2339 631 ἔτι
2365 577 2739 645 κληθήσεται
2766 578 2833 631 τό
2861 577 3052 647 ὄνομά
3087 594 3204 634 σου
3257 575 3458 635 Ἰακὼϐ
3476 618 3492 644 ,
3536 580 3676 635 ἀλλ’

407 672 723 746 θειαζιαεοὸ
763 675 964 728 vocavit
1011 690 1196 728 nomen
1239 673 1340 728 loci
1375 673 1546 733 illius,
1582 670 1816 741 Speciem
1877 669 1997 735 Dei,

407 766 585 822 dicens
621 784 639 821 :
683 765 803 820 Vidi
821 766 960 820 enim
1017 766 1304 819 Dominum
1336 765 1473 834 facie
1500 762 1569 816 ad
1595 763 1787 833 faciem
1810 763 1877 815 ”.
1911 759 2001 816 Si-

408 858 628 928 quidem
661 857 753 911 bic
793 857 911 927 ipse
941 864 1025 911 est
1057 855 1149 926 qui
1187 854 1292 909 sub
1324 854 1505 923 specie
1532 846 1773 907 hominis
1792 848 1996 907 Iacobo

408 950 681 1019 apparuit.
714 948 834 1019 Ipse
848 955 1029 1002 autem
1055 954 1140 1001 est
1169 945 1423 999 Dominus
1446 944 1696 998 virtutum
1714 941 1989 996 nobiscum

406 1047 461 1092 et
493 1040 609 1108 ipse
637 1045 722 1092 est
776 1046 1046 1104 susceptor
1089 1044 1266 1090 noster
1311 1034 1448 1088 Deus
1480 1031 1671 1086 Iacob.
1712 1030 1819 1086 Per
1862 1046 1988 1088 eum

407 1132 553 1185 enim
576 1144 743 1199 supra
772 1136 1071 1182 memorata
1100 1127 1282 1204 onlnia
1312 1131 1458 1179 recte
1479 1124 1773 1196 gessimus.

2109 666 2345 736 Ἰσραὴλ
2367 666 2538 721 ἔσται
2563 668 2632 724 τὸ
2663 668 2851 738 ὄνομά
2869 685 2985 723 σου
3009 686 3023 698 ο
3052 668 3142 723 ὅτι
3170 669 3508 746 ἑνίσχυσας
3528 668 3679 738 μετὰ

2098 759 2265 813 Θεοῦ.
2302 760 2408 812 Kal
2434 759 2707 825 ἀναστὰς
2751 756 2951 814 Ἰακὼῖ
2978 758 3236 817 ἐκάλεσε
3259 761 3328 816 τὸ
3358 760 3546 830 ὄνομα
3570 759 3679 815 τοῦ

2093 852 2282 905 τόπου
2325 850 2590 917 ἐκείνου,
2623 847 2799 917 Εἶδος
2860 851 3030 917 Θεοῦ,
3079 847 3294 905 εἰπών·
3352 849 3530 909 Εἶδον
3565 851 3678 923 γὰρ

2098 941 2246 995 Θεὸν
2275 946 2600 1010 πρόσωπον
2627 941 2777 1010 πρὸς
2796 943 3142 1010 πρόσωπον.
3176 936 3346 1008 Οὗτος
3377 943 3487 1015 γὰρ
3516 944 3677 1007 αὐτὸς

2095 1034 2303 1098 ἐκεῖνος
2342 1036 2371 1086 ό
2400 1036 2456 1087 ὲν
2501 1033 2790 1106 ἀνθρώπου
2823 1036 3060 1107 σχήματι
3091 1034 3169 1107 τῷ
3225 1034 3420 1090 Ἰακὼὸ
3466 1035 3674 1105 φανείς.

2093 1124 2266 1188 Αὐτὸς
2304 1123 2363 1178 δέ
2390 1126 2538 1179 ἐστιν
2585 1128 2617 1179 ὁ
2669 1126 2885 1193 Κύριος
2938 1123 3061 1179 τῶν
3108 1124 3419 1195 δυνάμεων
3466 1129 3498 1180 ό
3544 1125 3675 1195 μεθ’

406 1223 598 1295 ἡμῶν,
638 1223 732 1277 καὶ
761 1221 922 1287 αὐτός
984 1221 1131 1275 ἐστιν
1163 1221 1540 1286 ἀντιλήπτωρ
1591 1217 1763 1288 ήμῶν
1805 1221 1838 1273 ό
1862 1216 2029 1289 ⁸Θεὸς
2077 1217 2291 1297 Ἰακῴϐ.
2345 1220 2423 1272 Δι’
2485 1217 2651 1273 αὐτοῦ
2680 1219 2788 1290 γὰρ
2852 1218 2918 1274 τὰ
2978 1221 3446 1292 προγεγραμμένα
3499 1220 3676 1276 πάντα

404 1315 869 1389 κατωρθώσαμεν.

479 1402 645 1463 Vens.
676 1411 732 1471 9,
768 1408 856 1461 10.
906 1406 1085 1461 Venite
1120 1417 1169 1462 et
1220 1406 1385 1462 videte
1413 1422 1569 1475 opera
1603 1406 1842 1472 Domini,
1869 1419 1987 1477 qua:

404 1500 577 1554 posuit
624 1497 867 1568 prodigia
905 1514 1060 1566 super
1115 1508 1332 1564 terram,
1390 1498 1635 1566 auferens
1658 1498 1795 1553 bella
1829 1514 1990 1567 usque

406 1588 477 1644 ad
510 1590 639 1658 ﬁnes
662 1588 834 1643 terrae.
859 1590 1053 1643 Arcum
1084 1598 1311 1643 conteret
1355 1598 1401 1642 et
1430 1588 1722 1659 confringet
1758 1604 1910 1642 arma
1937 1597 1989 1641 et

405 1689 558 1735 scuta
601 1678 873 1735 comburet
926 1681 1056 1751 igni.
1105 1678 1257 1734 Licet
1287 1682 1465 1737 cuivis
1513 1690 1760 1751 tempora
1798 1694 1987 1736 secum

405 1775 703 1844 reputanti,
752 1775 867 1830 haec
903 1777 971 1829 ad
1016 1776 1249 1831 litteram
1306 1777 1526 1847 impleta
1554 1775 1984 1846 deprehendere.

407 1863 687 1936 Siquidem
719 1876 843 1921 ante
877 1866 1180 1923 Salvatoris
1232 1864 1407 1924 nostri
1439 1870 1756 1934 adventum,
1781 1868 1986 1940 princi-
2018 1886 2061 1942 Β

404 1965 566 2026 putus
599 1974 665 2013 ac
691 1956 932 2015 dominia
960 1960 1013 2013 in
1060 1960 1292 2030 singulis
1328 1961 1643 2031 regionibus
1674 1972 1728 2015 et
1761 1960 1988 2016 urbibus

405 2056 564 2127 erant
592 2066 604 2102 :
628 2062 693 2104 ac
718 2049 773 2104 in
800 2051 1047 2120 quolibet
1086 2060 1248 2106 terra:
1307 2053 1508 2121 angulo
1549 2052 1691 2107 bella
1724 2051 1991 2122 gereban—

408 2142 634 2216 tur;ita
683 2150 740 2195 ut
779 2142 864 2196 vel
905 2142 1009 2210 ipsi
1069 2142 1269 2197 rustici
1300 2143 1394 2212 qui
1422 2150 1624 2197 terram
1656 2143 1987 2208 incolebant,

404 2234 604 2299 hastis,
633 2235 830 2305 gladiis
862 2234 1124 2304 omnique
1152 2236 1389 2291 telorum
1443 2250 1643 2306 genere
1662 2250 1721 2291 se
1750 2236 1990 2292 instrue—

403 2310 546 2379 rent.
583 2325 649 2377 At
674 2333 797 2395 post
845 2324 1094 2381 divinum
1130 2323 1432 2380 Salvatoris
1462 2324 1777 2389 adventura,
1821 2342 1992 2380 unum

404 2412 713 2472 Romanum
746 2415 1034 2487 imperium
1064 2417 1331 2487 plurimas
1359 2425 1550 2489 gentes
1579 2408 1993 2488 occuparech-

406 2505 487 2575 pit
516 2519 532 2557 :
565 2504 1029 2577 Evangeliumque
1079 2508 1344 2573 salutare,
1376 2508 1523 2578 quod
1559 2524 1668 2564 uno
1684 2508 1990 2579 eodemque

408 2603 657 2665 tempore
702 2607 962 2667 exortum
1016 2606 1122 2663 est,
1149 2599 1204 2652 in
1235 2613 1427 2653 omnes
1483 2607 1675 2669 gentes
1730 2600 1982 2669 pervasit.

407 2683 672 2757 Tuncque
692 2680 1022 2759 implebatur
1037 2691 1142 2743 alia
1178 2689 1483 2761 prophetia,
1518 2688 1671 2745 Isaia:
1709 2704 1841 2746 voce
1862 2706 1989 2761 pro-

401 2773 538 2839 lata,
577 2774 665 2831 bis
700 2777 919 2832 verbis:
959 2776 1026 2831 Et
1058 2778 1363 2848 conﬂabunt
1392 2778 1601 2850 gladios
1627 2796 1749 2835 suos
1782 2780 1837 2834 in
1862 2797 1990 2834 ara-

408 2874 515 2929 tra,
545 2874 595 2919 et
625 2865 836 2923 lanceas
881 2885 1009 2925 suos
1038 2871 1092 2923 in
1118 2871 1304 2940 falces.
1347 2869 1417 2923 Et
1472 2886 1578 2924 non
1618 2872 1837 2940 accipiet
1863 2887 1987 2943 gens

404 2967 589 3011 :ontra
616 2968 816 3029 gentem
868 2961 1126 3031 gladium,
1187 2979 1279 3017 nec
1321 2962 1701 3017 exercebantur
1722 2964 1868 3017 ultra
1917 2964 1988 3017 ad

399 3049 645 3117 prwlium
658 3052 678 3105 ξ
689 3091 703 3106 .
731 3049 857 3106 llaec
888 3051 1054 3121 igitur
1066 3054 1322 3123 praesenti
1340 3054 1595 3109 sermone
1609 3054 1985 3122 declarantur,

401 3148 569 3210 atque
596 3139 757 3197 linem
788 3144 982 3198 sortita
1035 3151 1185 3208 sunt,
1214 3145 1282 3199 ad
1316 3145 1552 3200 litteram
1585 3142 1807 3217 quidem
1832 3156 1890 3202 ut
1929 3149 1987 3203 in

2161 1399 2341 1454 Δεῦτε
2371 1401 2472 1455 καὶ
2512 1400 2668 1455 ἴδετε
2702 1399 2776 1465 τὰ
2810 1402 2956 1470 ἔργα
2978 1398 3085 1455 τοῦ
3135 1402 3357 1470 Κυρίου
3384 1442 3399 1466 ,
3440 1400 3478 1455 ἆ
3508 1403 3674 1459 ἔθετο

2091 1489 2305 1559 τέρατα
2337 1490 2437 1543 ἐπὶ
2456 1489 2568 1558 τῆς
2599 1489 2734 1559 τῆς,
2780 1488 3155 1557 ἀνταναιρῶν
3175 1492 3479 1559 πολέμους
3495 1491 3674 1562 μέχρι

2089 1579 2209 1636 τῶν
2237 1580 2507 1649 περάτων
2526 1580 2638 1651 τῆς
2656 1579 2790 1651 γῆς.
2821 1580 3006 1646 Τόξον
3026 1582 3364 1649 συντρίψει,
3391 1581 3491 1636 καί
3521 1599 3673 1652 cur

2090 1671 2307 1726 κλάσει
2332 1673 2545 1737 ὅπλον,
2576 1671 2674 1726 καὶ
2701 1672 2953 1740 θυρεοὺς
2994 1673 3356 1729 κατακαύσει
3406 1673 3476 1726 ἐν
3504 1674 3669 1741 πυρί.

2090 1764 2248 1817 Ἔστι
2269 1780 2353 1833 γε,
2382 1766 2753 1835 ἐπιστήσαντα
2782 1768 2895 1826 τοῖς
2927 1764 3142 1836 χρόνοις
3159 1804 3178 1828 ,Α
3221 1764 3316 1817 καὶ
3349 1763 3485 1835 πρὸς
3527 1763 3671 1831 λέξιν

2089 1853 2229 1908 αὐτά
2285 1853 2459 1908 ταῦτα
2508 1853 2915 1925 πεπληρωμένα
2976 1853 3349 1925 παραλαὸεἰνο
3402 1855 3536 1923 εἴγε
3566 1854 3673 1925 πρὸ

2096 1947 2195 2017 τῆς
2220 1943 2315 1997 τοῦ
2350 1945 2602 2016 Σωτῆρος
2647 1945 2803 2016 ἡμῶν
2837 1946 3159 2014 ἐπιφανείας
3182 1946 3543 2019 τοποκρατίαι
3576 1946 3671 2002 καὶ

2093 2037 2384 2109 τοπαρχίαι
2416 2036 2556 2090 κατά
2585 2036 2767 2108 χώρας
2797 2033 2940 2108 ἦσαν
2979 2038 3072 2092 καὶ
3126 2038 3265 2092 κατὰ
3308 2038 3487 2105 πόλεις
3507 2056 3521 2069 ·
3576 2038 3645 2092 πό

2091 2127 2247 2200 λεμοί
2282 2146 2342 2182 τε
2372 2127 2689 2183 συνίσταντο
2733 2128 2856 2183 καθ’
2878 2129 3117 2200 ἑκάστην
3153 2131 3358 2199 γωνίαν
3393 2133 3494 2203 τῆς
3525 2134 3627 2202 γῆς
3651 2147 3667 2163 ’

2090 2217 2167 2281 ὡς
2194 2217 2287 2270 καὶ
2320 2217 2514 2278 αὐτοὺς
2536 2219 2664 2281 τοὺς
2692 2218 3025 2288 γεω-πόνους,
3064 2217 3161 2290 τὴν
3202 2216 3387 2291 χώραν
3439 2221 3668 2292 ἐργαζο-

2095 2306 2310 2377 μένους,
2340 2307 2583 2378 δοράτων
2612 2307 2708 2361 καὶ
2734 2307 2904 2378 ξιφῶν
2940 2311 3038 2362 καὶ
3060 2311 3329 2365 παντοίων
3360 2310 3670 2383 πολεμικῶν

2090 2398 2269 2453 ὅπλων
2302 2398 2699 2470 ἐπιμελεῖσθαι.
2739 2400 2894 2454 Μετὰ
2921 2400 2978 2454 δὲ
3021 2401 3121 2472 τὴν
3171 2403 3435 2474 σωτήριον
3474 2401 3671 2471 θεοφά-

2089 2505 2237 2544 νειαν
2273 2490 2541 2560 μόναρχος
2564 2490 2661 2561 μὲν
2695 2492 2728 2563 ἠ
2764 2489 3051 2562 Ῥωμαίων
3080 2491 3327 2562 βασιλεία
3353 2483 3668 2564 ἐπικρατεῖν

2091 2580 2359 2635 πλείστων
2396 2580 2567 2635 ἐθνῶν
2605 2581 2836 2653 ἤρξατο·
2882 2582 3126 2655 διέτρεχε
3171 2583 3229 2638 δὲ
3269 2584 3670 2658 συναρξάμενον

2089 2673 2225 2741 αὐτῇ
2272 2673 2333 2727 τὸ
2366 2674 2633 2746 σωτήριον
2666 2674 2998 2744 Εὐαγγέλιον
3038 2678 3121 2740 είς
3169 2677 3346 2732 πάντα
3396 2676 3465 2731 τὰ
3518 2661 3669 2748 tam;

2103 2765 2440 2837 Ἐπληροῦτο
2471 2766 2529 2820 δὲ
2557 2767 2651 2820 καὶ
2676 2765 2811 2836 άλλη
2846 2767 3175 2838 προφητεία,
3211 2763 3313 2822 ὧδέ
3349 2786 3424 2840 πη
3454 2769 3673 2839 ἀναφω-

2089 2856 2255 2912 νοῦσα
2286 2856 2376 2911 διά
2408 2858 2630 2911 Ἡσαΐου
2651 2873 2663 2888 ’
2688 2856 2797 2912 Kal
2830 2858 3218 2927 συγκόψουσι
3245 2858 3354 2926 τὰς
3374 2860 3674 2930 μαχαίρας

2094 2949 2297 3004 αὐτῶν
2319 2952 2406 3016 εις
2435 2949 2674 3019 ἄροτρα,
2704 2948 2933 3016 καὶτὰς
2955 2948 3189 3018 ζὶϐύνας
3209 2952 3412 3007 αὐτῶν
3441 2954 3529 3019 είς
3552 2947 3675 3021 cpt.

2090 3054 2268 3096 πανα·
2285 3040 2383 3094 καὶ
2399 3043 2471 3095 οὐ
2486 3039 2572 3110 μὴ
2592 3041 2849 3110 λήψεται
2867 3042 3043 3108 ἔθνος
3058 3025 3157 3096 ἐπὶ
3177 3042 3672 3113 ἐθνοςμάχαιραν.

2091 3130 2191 3185 καὶ
2217 3133 2288 3185 οὐ
2311 3130 2397 3202 μὴ
2414 3130 2691 3201 μάθωσιν
2711 3134 2798 3188 ἔτι
2820 3133 3123 3203 πολεμεῖν.
3152 3132 3335 3187 Ταῦτα
3371 3133 3434 3205 δὴ
3464 3130 3557 3189 οὖν
3579 3135 3673 3189 καὶ

405 3232 637 3288 historia
678 3249 847 3303 supra
901 3244 1247 3303 memorata;
1289 3237 1436 3307 quod
1477 3238 1546 3293 ad
1573 3253 1830 3292 arcanam
1857 3255 1986 3296 vero

2088 3221 2176 3276 διὰ
2215 3222 2326 3277 τῶν
2389 3223 2676 3295 παρόντων
2702 3223 2975 3297 δηλοῦται,
3008 3225 3100 3277 καὶ
3126 3223 3314 3289 τέλους
3368 3225 3630 3296 ἐτύγχανε
3655 3266 3671 3291 ,

402 3330 665 3388 mentem,
700 3339 798 3393 per
828 3323 1202 3394 spiritualium
1249 3316 1317 3381 εί
1341 3327 1699 3383 invisibilium
1734 3329 1989 3386 inimico-

402 3428 524 3468 rum
544 3414 862 3484 perniciem.
903 3413 1129 3472 Lancca:
1150 3433 1340 3487 porro,
1380 3420 1488 3474 tela
1521 3427 1577 3475 et
1608 3429 1761 3475 scuta
1801 3421 1990 3477 adver-i

403 3504 676 3559 sariarum
709 3513 1062 3575 potestatum,
1087 3523 1211 3564 esse
1247 3508 1503 3564 videnlur
1523 3510 1816 3565 inanimata
1840 3512 1988 3567 scul-

403 3596 556 3667 ptilia
607 3603 662 3651 et
690 3604 884 3653 statua:
911 3588 1428 3669 perﬂmultiplicium
1460 3602 1704 3665 ,deorum
1744 3618 1985 3658 errorem

403 3679 665 3754 invectae;
693 3681 805 3735 sive
838 3684 1003 3735 etiam
1035 3682 1182 3737 athei
1206 3683 1306 3737 viri
1323 3694 1376 3738 et
1397 3682 1577 3755 impiae
1605 3686 1983 3756 cogitationes,

404 3768 475 3827 ab
497 3769 864 3827 invisibilibus
916 3771 1200 3841 spiritibus
1233 3772 1290 3827 in
1327 3781 1537 3829 mentes
1588 3774 1875 3846 hominum
1901 3776 1984 3830 in-

403 3862 603 3926 ductae,
635 3862 791 3931 queis
815 3862 1152 3932 jaculantur,
1180 3873 1235 3920 et
1274 3865 1443 3937 ignita
1464 3866 1568 3921 tela
1608 3875 1801 3923 contra
1838 3869 1986 3925 iner-

403 3965 523 4011 tnes
552 3951 766 4009 animas
790 3960 843 4007 et
874 3951 980 4009 tide
1019 3968 1131 4010 non
1161 3940 1403 4011 muriitas
1437 3955 1773 4029 immittunt”

472 4218 639 4277 Vens.
689 4221 776 4276 ll.
840 4222 1038 4289 Vacate
1095 4232 1147 4279 et
1211 4222 1379 4278 videte
1425 4223 1675 4294 quoniam
1719 4238 1813 4293 ego
1864 4238 1982 4276 sum

399 4312 565 4379 Deus,
618 4313 897 4369 exaltabor
940 4315 996 4368 in
1047 4314 1288 4385 gentibus
1342 4324 1389 4368 et
1411 4312 1689 4368 exaltabor
1722 4313 1775 4367 in
1816 4322 1979 4367 terra.

400 4404 541 4472 Quia
590 4405 731 4460 bella
758 4405 977 4460 demum
1009 4414 1362 4462 cessaverant
1392 4415 1445 4460 et
1485 4406 1822 4476 perturbatio
1851 4402 1983 4459 sub.

402 4497 512 4552 lata
572 4503 713 4563 erat,
769 4511 981 4567 paxque
1024 4497 1300 4567 profunda
1348 4497 1417 4552 iis
1469 4496 1726 4552 clunibus
1762 4496 1859 4567 qui
1923 4496 1978 4552 in

400 4596 548 4644 terra
574 4588 935 4643 versabantur
976 4596 1129 4657 parta
1182 4588 1395 4655 fuerat;
1424 4587 1550 4658 jure
1571 4589 1979 4659 opportunitate

402 4680 470 4733 ad
501 4679 706 4735 bonum
738 4678 839 4743 uti,
862 4691 1025 4750 atque
1053 4680 1225 4734 otium
1266 4679 1463 4757 animae
1496 4679 1736 4736 salutare
1758 4680 1979 4752 assequi

399 4770 625 4841 expetit.
651 4769 832 4835 Quare
851 4771 927 4823 ait
948 4789 960 4824 :
998 4769 1189 4824 Vacate
1203 4779 1251 4824 et
1277 4771 1570 4840 cognoscite
1594 4787 1612 4826 :
1640 4787 1819 4842 neque
1834 4758 1979 4826 enim

400 4862 578 4933 possit
611 4862 882 4931 quispiam
917 4863 1118 4919 divina:
1168 4863 1502 4935 cognitionis
1524 4863 1800 4935 particeps
1832 4878 1975 4929 esse,

400 4952 508 5009 nisi
537 4960 697 5006 vacet
720 4952 790 5006 ab
824 4952 908 5007 cis
955 4968 1077 5023 quae
1105 4953 1173 5008 ad
1222 4954 1500 5009 contraria
1555 4953 1799 5009 trahunt.
1827 4952 1978 5009 Unde

398 5044 598 5100 merito
655 5058 751 5099 rex
814 5043 1055 5115 Egypti,
1093 5053 1285 5101 contra
1339 5047 1510 5102 otium
1550 5046 1979 5117 bujusmodica-

398 5137 622 5192 lumniis
653 5146 1092 5207 praeoccupatus,
1133 5138 1203 5192 iis
1222 5138 1318 5209 qui
1344 5138 1631 5193 dicebant:
1663 5138 1846 5193 Trium
1868 5137 1980 5192 die-

399 5246 512 5281 rum
558 5230 745 5284 itinere
763 5228 1179 5300 progrediemur,
1214 5239 1264 5285 et
1293 5233 1575 5286 serviemus
1609 5230 1838 5286 Domino
1869 5228 1978 5287 Deo

397 5329 578 5374 nostra
594 5322 617 5353 ³
644 5337 660 5387 ;
694 5320 780 5376 bis
797 5321 978 5376 verbis
1001 5324 1322 5391 respondet:
1357 5321 1593 5387 Vacatis,
1617 5324 1912 5379 otiosiestis
1934 5324 1976 5379 ³.

396 5410 604 5467 Deinde
653 5425 779 5467 cum
820 5415 990 5467 nollet
1026 5413 1177 5484 ipsos
1207 5414 1318 5472 Deo
1366 5430 1585 5482 vacare,
1616 5418 1732 5472 luto
1760 5425 1815 5472 et
1840 5418 1975 5474 late-

399 5494 522 5549 ritio
562 5511 729 5567 opere
774 5496 964 5551 amisit
1008 5511 1125 5552 eos.
1176 5499 1248 5554 At
1293 5500 1456 5556 nobis
1488 5501 1526 5555 ii
1559 5504 1651 5572 qui
1686 5502 1971 5563 inlotum

399 5588 588 5643 cubem
620 5586 898 5658 principes
919 5586 1205 5643 constituti
1227 5598 1373 5657 sunt,
1401 5590 1698 5647 inclamant
1729 5601 1788 5647 ut
1810 5608 1974 5649 vace-

2092 3311 2272 3384 ρητῶς
2315 3312 2412 3383 μὲν
2473 3311 2615 3366 κατά
2641 3312 2739 3384 τὴν
2768 3310 3118 3366 ἀποδοθεῖσαν
3172 3309 3429 3382 ἱστορίαν,
3457 3311 3594 3383 πρὸς
3613 3311 3671 3365 δὲ

2087 3403 2342 3470 διάνοιαν,
2361 3405 2501 3459 κατά
2531 3404 2628 3478 τὴν
2652 3404 2761 3459 τῶν
2783 3404 2985 3477 νοητῶν
3009 3403 3102 3457 καὶ
3130 3403 3374 3473 ἀοράτων
3397 3404 3670 3474 πολεμίων

2088 3494 2423 3567 καθαίρεσιν.
2466 3496 2679 3568 Δόρατα
2732 3496 2789 3550 δὲ
2831 3496 2925 3549 καὶ
2977 3492 3141 3559 ὅπλα,
3175 3494 3269 3547 καὶ
3305 3494 3530 3566 θυρεοὺς
3560 3492 3669 3548 τῶν

2087 3583 2477 3655 ἀντικειμένων
2529 3584 2811 3656 δυνάμεων
2876 3584 3136 3655 ἐποίησαν
3186 3579 3324 3636 εἶναι
3376 3582 3446 3636 τά
3488 3582 3670 3655 ἀψυχα

2091 3674 2253 3740 ξόανα
2276 3676 2369 3729 καὶ
2392 3674 2459 3728 τά
2487 3675 2778 3746 ἀγάλματα
2798 3678 2901 3746 τῆς
2923 3674 3185 3729 πολυθέου
3226 3676 3435 3747 πλάνης
3456 3717 3469 3741 ,
3500 3675 3533 3749 ἢ
3576 3675 3671 3728 καὶ

2086 3775 2214 3838 τοὺς
2245 3773 2438 3837 ἀθέους
2490 3772 2687 3845 ἄνδρας
2736 3773 2992 3837 καὶτοὺς
3051 3772 3325 3836 δυσσεϐεῖς
3376 3771 3669 3845 λογισμοὺς

2085 3866 2212 3930 τοὺς
2247 3867 2368 3927 ταῖς
2410 3863 2670 3928 διανοίαις
2708 3862 2815 3916 τῶν
2847 3863 3148 3935 ἀνθρώπων
3203 3861 3667 3933 ὑποδαλλομένους

2086 3956 2192 4009 ὑπὸ
2221 3955 2329 4009 τῶν
2359 3955 2607 4027 ἀοράτων
2637 3955 2985 4025 πνευμάτων,
3019 3955 3086 4008 δι’
3111 3947 3186 4008 ὧν
3218 3951 3667 4019 κατατοξεύουσιν

2083 4047 2456 4113 ἀκοντίζοντες
2484 4046 2552 4101 τὰ
2582 4045 2957 4118 πεπυρωμένα
2992 4045 3120 4117 βέλη
3154 4045 3295 4099 κατά
3332 4044 3440 4100 τῶν
3485 4042 3666 4115 ἀφρά-

2084 4158 2229 4197 κτων
2256 4140 2350 4195 καὶ
2378 4139 2454 4212 μὴ
2485 4142 2552 4211 τῇ
2578 4140 2759 4192 πίστει
2787 4138 3191 4208 πεφραγμένων
3220 4137 3429 4207 ψυχῶν.
3644 4192 3659 4197 ἣ

2156 4231 2505 4301 Σχολάσατε
2538 4230 2638 4284 καὶ
2690 4227 2914 4301 γνῶτε,
2962 4228 3051 4282 ὅτι
3078 4226 3192 4299 ἐγώ
3244 4231 3361 4299 ειμι
3402 4232 3435 4283 ὀ
3498 4228 3663 4295 Θεὸς,

2084 4322 2481 4397 ὺψωθήσομᾳι
2506 4323 2575 4376 ὲν
2599 4321 2722 4388 τοῖς
2749 4321 3014 4385 ἔθνεσιν,
3047 4319 3444 4390 ὐψωθήσομαι
3479 4321 3550 4374 ἐν
3589 4317 3666 4388 τῇ

2084 4411 2180 4487 γῆ.
2209 4413 2432 4485 Ἐπειδὴ
2462 4412 2646 4467 λοιπὸν
2672 4411 2917 4465 πέπαυτο
2943 4411 3011 4464 τὰ
3037 4410 3130 4465 τοῦ
3158 4410 3395 4482 πολέμου
3439 4412 3534 4465 καὶ
3574 4411 3663 4466 λέ-

2084 4482 2210 4558 iuro
2241 4504 2310 4559 τὰ
2454 4505 2721 4577 ταραχῆς,
2770 4504 2958 4573 εἰρήνη
3000 4501 3056 4555 δὲ
3094 4501 3286 4575 βαρεῖα
3320 4502 3499 4556 δέδοτο
3553 4505 3666 4566 τοῖς
3762 4497 3771 4501 ’

2083 4596 2177 4650 ἐπὶ
2192 4598 2293 4667 γῆς
2321 4594 2521 4650 ἅπασιν
2542 4612 2555 4627 ο
2580 4595 2804 4661 εἰκότως
2831 4593 3077 4666 βούλεται
3103 4597 3181 4661 εἰς
3205 4593 3409 4664 ἀγαθὸν
3429 4594 3664 4668 χρῆσθαι

2082 4687 2160 4759 τῷ
2190 4686 2387 4759 καιρῷ,
2440 4688 2534 4742 καὶ
2588 4686 2783 4758 σχολὴν
2831 4686 3119 4741 ἀναλαϐεῖν
3146 4686 3324 4758 ψυχῆς
3376 4689 3662 4758 σωτήριον.

2081 4777 2175 4830 Διό
2236 4793 2402 4848 φησι·
2428 4777 2779 4847 Σχολάσατε
2798 4779 2895 4832 καὶ
2928 4776 3133 4848 γνῶτε·
3185 4777 3432 4850 οὐδὲγὰρ
3464 4778 3665 4849 ἑτέρως

2085 4869 2200 4921 ἔστι
2226 4866 2479 4937 γνώσεως
2522 4872 2815 4940 μετασχεῖν
2838 4868 2990 4932 θείας
3010 4909 3024 4933 ,
3058 4869 3132 4940 μὴ
3180 4869 3516 4940 σχολάσαντα
3558 4868 3663 4922 τῶν

2085 4957 2430 5029 ἀφελκόντων
2459 4957 2551 5010 ἐπὶ
2578 4958 2853 5012 τάναντία.
2888 4957 3079 5013 Ἔνθεν
3108 4959 3332 5023 είκότως
3377 4961 3404 5014 ὁ
3429 4962 3528 5035 τῆς
3568 4960 3665 5012 Ai-

2079 5051 2287 5119 γύπτου
2318 5048 2592 5119 βασιλεὺς,
2627 5050 2762 5121 πρὸς
2797 5051 2896 5121 τὴν
2941 5050 3197 5121 τοιαύτην
3241 5050 3665 5123 διαδεδλημένος

2081 5139 2297 5212 σχολὴν,
2321 5142 2432 5203 τοῖς
2457 5140 2775 5209 φάσκουσιν·
2808 5140 2977 5195 Ὁδὸν
2997 5141 3170 5211 τριῶν
3202 5140 3437 5212 ἡμερῶν
3462 5157 3667 5209 πορευ-

2080 5232 2327 5303 σόμεθα,
2363 5234 2461 5286 καὶ
2494 5233 2909 5303 λατρεύσομεν
2950 5234 3149 5301 Κυρίῳ
3174 5233 3253 5300 τῷ
3302 5231 3423 5298 Θεῷ
3458 5231 3628 5302 ἡμῶν
3649 5271 3663 5297 ,

2080 5325 2433 5398 ἀποκρίνεται
2466 5324 2637 5394 λέγων
2662 5342 2675 5355 ’
2713 5320 3067 5394 Σχολάζετε,
3115 5325 3462 5394 σχολασταί
3504 5324 3663 5378 ἐστε.

2079 5409 2235 5475 Εἶτα,
2267 5413 2342 5485 μὴ
2370 5413 2690 5485 βουλόμενος
2727 5413 2923 5478 αὐτοὺς
2943 5413 3023 5484 τῷ
3055 5413 3174 5485 Θεῷ
3219 5413 3495 5485 σχολάζειν
3517 5452 3532 5479 ,
3573 5431 3673 5467 κα-

2078 5504 2304 5555 ταπονεί
2329 5502 2408 5574 τῷ
2436 5501 2592 5576 πηλῷ
2618 5502 2713 5557 καὶ
2739 5505 2806 5574 τῇ
2840 5503 3107 5577 πλινθείᾳ.
3156 5502 3295 5558 Ἀλλ’
3341 5505 3473 5581 ἡμῖν
3519 5518 3584 5571 γε
3612 5503 3664 5556 οῖ

2082 5595 2449 5660 καταστάντες
2483 5597 2742 5668 ἄρχοντες
2780 5596 2873 5653 ἐπὶ
2904 5598 3084 5652 πᾶσαν
3116 5593 3213 5669 τὴν
3268 5595 3365 5667 γῆν
3406 5590 3664 5652 ἐπιβοῶσιν

471 5737 518 5772 ⁹⁹
556 5736 691 5796 Gen.
725 5755 909 5810 nm,
944 5741 1135 5800 28-50.
1212 5744 1225 5776 ¹
1260 5742 1373 5816 ,lsa.
1410 5760 1484 5816 ιι,
1517 5745 1571 5803 4.
1629 5751 1658 5816 ,³
1699 5745 1871 5810 Exod.
1906 5763 1961 5817 ν,

2126 5747 2147 5780 ι
2178 5717 2308 5805 ibid.
2348 5749 2466 5807 5-8.
