4098 6374
459 355 564 404 419

1191 345 1461 401 iiL'SEBIl
1499 345 1982 403 CESABIENSIS
2013 345 2164 404 OPP.
2208 347 2390 403 PARS
2429 347 2516 403 111.
2539 377 2606 388 ——
2633 348 3048 406 EXEGETICA.

3637 362 3739 416 120

457 479 687 534 magnus
710 472 814 528 est,
846 464 1125 529 bonitate,
1153 464 1443 521 tolerantia
1471 507 1485 528 .
1526 466 1838 531 clementia,
1870 475 2024 521 caete-

2135 469 2307 537 γέθει,
2344 469 2571 537 δυνάμει
2598 469 2653 522 δὲ
2684 470 3096 541 ἀκαταλήπτῳ’
3133 471 3270 525 ἀλλὰ
3303 474 3397 526 καὶ
3444 475 3606 547 σοφία
3643 479 3734 548 μέ-

456 558 638 626 risquc
671 557 816 610 ineo
846 556 1098 626 cogitatis
1129 555 1333 612 divinis
1355 557 1688 620 virtutibus;
1741 573 1910 628 quare
1954 558 2039 612 di-

458 654 605 700 ctum
630 653 715 701 est
743 665 756 699 :
798 644 867 699 Et
897 646 1306 715 cogitationibus
1339 648 1443 700 tuis
1470 665 1572 702 non
1609 659 1685 702 est
1727 649 1814 716 qui
1843 649 2037 701 similis

453 741 524 792 sit
554 738 651 792 tibi
670 740 712 793 ⁷.

527 947 732 1002 Atheos
785 945 1096 1017 quosdam,
1154 953 1208 1000 et
1256 946 1534 1002 daemones
1603 946 2034 1000 incantationum

458 1057 708 1101 auctores
741 1043 986 1118 [carpit],
1021 1044 1114 1113 qui
1141 1059 1368 1114 regnum
1402 1061 1561 1099 suum
1593 1045 1648 1098 in
1683 1054 1825 1098 terra
1855 1045 2040 1098 ﬁrma-

458 1139 550 1200 vit,
583 1146 634 1192 et
666 1137 846 1189 omnia
879 1137 1032 1206 prius
1066 1145 1383 1190 enumerata
1418 1138 1470 1190 in
1498 1137 1813 1192 hominibus
1839 1137 2033 1207 imple-

457 1235 550 1290 vit.
584 1233 768 1302 Neque
795 1234 970 1288 solum
1006 1248 1238 1303 magnus
1261 1244 1362 1299 est,
1396 1235 1489 1290 sed
1528 1237 1691 1290 etiam
1744 1237 2037 1292 laudabilis

457 1325 610 1380 valde
644 1344 656 1378 :
695 1341 802 1378 non
833 1325 1052 1394 quidem
1093 1326 1236 1394 apud
1272 1342 1466 1382 omnes
1497 1345 1598 1383 nec
1631 1329 1685 1383 in
1719 1331 1867 1382 omni
1891 1330 2032 1393 loco,

455 1415 546 1469 sed
582 1413 634 1467 in
657 1412 878 1468 civitate
912 1411 1003 1468 Dei
1034 1415 1208 1469 nostri
1248 1426 1302 1470 et
1349 1418 1402 1470 in
1445 1427 1630 1474 monte
1667 1427 1859 1474 sancto
1891 1421 2034 1489 ejus.

455 1505 589 1571 Quia
616 1505 650 1559 ii
681 1505 772 1576 qui
798 1516 950 1560 extra
981 1505 1256 1562 civitatem
1281 1511 1400 1579 ejus
1425 1519 1575 1574 sunt,
1601 1512 1798 1565 divina:
1831 1513 2036 1566 doctri-

454 1623 534 1661 nae
572 1607 830 1676 imperiti,
881 1609 1138 1663 nesciunt
1178 1624 1287 1678 quo
1332 1618 1496 1680 pacto
1529 1609 1894 1666 celebrandus
1939 1612 2029 1677 sit,

454 1721 549 1781 nec
577 1709 738 1784 digne
769 1708 952 1762 divina
979 1710 1124 1778 loqui
1152 1719 1418 1778 possunt;
1452 1725 1625 1781 quare
1659 1711 2032 1765 venerandum

453 1795 579 1848 illud
609 1811 828 1861 nomen,
861 1797 927 1851 ad
953 1799 1310 1852 inanimatam
1347 1799 1631 1854 materiam
1656 1799 2031 1868 projecerunt,
2071 1819 2110 1872 Β

451 1897 541 1941 aut
588 1889 643 1943 in
682 1889 1000 1944 animalium
1053 1891 1514 1946 irrationabilium
1561 1906 1786 1962 genera,
1823 1892 1939 1946 sive
1978 1893 2030 1974 in

450 1980 732 2046 elementa,
753 1990 980 2045 terram,
1014 1997 1234 2052 aquam,
1258 1997 1463 2045 aerem,
1497 1981 1675 2051 ignem
1698 1999 1712 2047 ;
1738 1983 1852 2037 sive
1869 1985 2031 2038 etiam

451 2055 506 2124 in
542 2072 730 2126 mundi
763 2082 946 2142 partes
976 2091 988 2125 :
1018 2083 1180 2141 atque
1216 2073 1306 2125 alii
1347 2073 1454 2126 alio
1485 2075 1590 2127 ritu
1638 2073 1705 2127 de
1736 2073 1844 2127 Deo
1871 2073 2034 2143 impie

449 2151 771 2234 senserunt;
806 2169 1014 2223 idcirco
1045 2185 1170 2223 cum
1211 2169 1376 2224 alieni
1397 2179 1581 2224 essent
1607 2183 1637 2222 a
1662 2169 1882 2224 civitate
1903 2168 2029 2234 Dei,

449 2271 478 2310 a
513 2273 642 2312 vero
673 2258 877 2328 hymno
907 2260 1044 2329 lapsi
1080 2269 1228 2315 sunt.
1261 2261 1469 2315 Civitas
1503 2275 1670 2329 porro
1700 2259 1795 2313 Dei
1832 2262 2029 2327 nostri,

450 2347 696 2402 Ecclesia
744 2357 848 2411 est,
877 2366 998 2418 qua:
1031 2368 1194 2422 supra
1225 2351 1445 2420 eloquio
1475 2349 1787 2419 hujusmodi
1824 2350 2032 2406 indica-

449 2448 576 2493 tur:
609 2437 880 2496 Fluminis
936 2443 1161 2511 impetus
1211 2443 1492 2512 laeti/irent
1563 2443 1830 2496 cit-itarem
1885 2443 2030 2496 Dei:

447 2530 798 2599 sanctiﬁcavit
834 2531 1232 2584 tabernaculum
1263 2546 1416 2584 suum
1435 2530 1747 2584 Altissimus
1765 2531 1807 2584 ⁸.
1834 2530 1899 2584 Ει
1917 2532 2032 2586 haec

447 2621 665 2691 quidem
698 2621 766 2676 de
792 2637 876 2684 ea,
910 2637 1032 2691 qua:
1059 2623 1112 2675 in
1163 2631 1310 2676 terra
1355 2629 1460 2682 est.
1512 2619 1793 2688 Ecclesia;
1827 2621 1894 2677 de
1921 2637 2031 2691 qua.

445 2713 649 2778 dictum
701 2731 786 2777 est
837 2741 849 2774 :
901 2720 1218 2776 Inhabitabo
1275 2722 1329 2774 in
1392 2721 1503 2775 illis
1545 2731 1594 2776 et
1640 2721 2028 2775 inambulabo:

443 2824 491 2869 et
507 2830 595 2868 ero
616 2814 833 2867 illorum
856 2813 1012 2877 Deus,
1035 2821 1082 2866 et
1109 2814 1208 2880 ipsi
1227 2822 1379 2866 erunt
1410 2812 1538 2865 mihi
1560 2813 1782 2881 populus
1803 2814 1847 2865 ’.
1870 2811 2027 2878 Quod

452 2907 497 2962 si
529 2921 636 2976 qua
665 2907 737 2962 sit
760 2907 868 2960 alia
905 2906 1010 2960 hac
1047 2905 1243 2959 melior
1273 2905 1491 2967 civitas,
1525 2904 1684 2973 cujus
1731 2903 1927 2958 artifex
1973 2910 2029 2958 et

443 2998 702 3053 conditor
737 3001 783 3052 is
815 2999 933 3067 ipse
968 2997 1074 3064 sit,
1107 2995 1420 3067 perpende,
1458 3011 1569 3066 quo
1609 3004 1770 3066 pacto
1831 2997 1885 3049 in
1934 2997 2027 3052 illa

441 3102 609 3158 etiam
643 3115 877 3170 magnus
903 3142 917 3166 ,
948 3098 1314 3155 celebrandus
1346 3105 1400 3152 et
1424 3098 1716 3153 laudabilis
1739 3099 1811 3154 sit
1845 3099 2023 3164 valde,

444 3207 568 3248 cum
591 3191 646 3245 in
677 3207 738 3245 ea
765 3207 865 3262 pro
893 3190 1162 3260 dignitate
1189 3189 1550 3260 intelligatur,
1583 3205 1649 3245 ac
1677 3189 1880 3245 divinis
1904 3206 2027 3244 ver-
2057 3201 2095 3251 ω

2142 575 2246 627 γας
2283 559 2400 610 ἐστὶ
2442 559 2534 610 καὶ
2572 557 2871 628 άγαθότητι
2907 561 3001 612 καί
3036 559 3360 631 ἀνεξικακίᾳ
3406 563 3498 615 καὶ
3545 565 3734 632 φιλαν-

2143 645 2387 717 θρωπίᾳ,
2421 649 2540 710 ταῖς
2570 663 2628 699 τε
2655 647 2870 710 λοιπαῖς
2895 649 3311 719 ἐπινοουμέναις
3359 643 3594 723 ὲνάὒτῷ
3626 654 3732 708 θεῖ-

2144 741 2268 800 καῖς
2292 737 2551 806 δυνάμεσι
2573 753 2585 764 ·
2624 737 2704 790 διὸ
2727 737 2974 792 λέλεκται
2991 757 3004 768 ·
3034 742 3143 792 Καὶ
3179 740 3302 808 τοῖς
3324 741 3734 814 διαλογισμοῖς

2142 844 2260 880 σου
2289 829 2399 880 οὐκ
2423 827 2554 880 ἔστι
2591 829 2681 892 τίς
2711 827 3159 896 ὁμοιωθήσεται.

2223 939 2445 1003 Ἀθέους
2480 938 2633 1002 τινὰς
2679 940 2839 1003 ὄντας
2877 941 3138 1011 δαίμονας
3190 944 3414 1014 ἐπῳδῶν
3463 946 3586 1017 (sic)
3632 965 3729 1002 πε-

2142 1029 2468 1098 ποιημένους
2515 1031 2544 1080 6
2583 1029 2681 1100 τὴν
2717 1030 2908 1082 ἑαυτοῦ
2953 1029 3228 1100 βασιλείαν
3258 1035 3347 1086 ἐπὶ
3389 1035 3493 1104 γῆν
3527 1054 3732 1110 συστησ-

2144 1122 2402 1189 σάμενος,
2432 1121 2524 1174 καὶ
2554 1121 2622 1173 τὰ
2656 1121 2776 1174 καθ’
2802 1122 3030 1175 ἕκαστον
3078 1123 3187 1176 τῶν
3218 1125 3526 1196 ἔμπροσθεν
3554 1145 3730 1200 κατηο

2146 1212 2503 1282 ριθμημένων
2539 1213 2597 1264 ἐν
2642 1212 2949 1283 ἀνθρώποις
2980 1216 3317 1280 ἐπιτελέσας.
3364 1220 3436 1271 Οὐ
3479 1221 3635 1289 μόνον
3673 1221 3730 1276 δὲ

2146 1305 2315 1374 μέγας
2343 1305 2510 1367 ἐστὶν,
2533 1303 2669 1356 ἀλλά
2695 1305 2788 1358 καὶ
2817 1306 3055 1376 ὑμνητὸς
3083 1307 3287 1379 σφόδρα
3306 1325 3318 1338 ’
3345 1311 3406 1362 οὐ
3447 1312 3553 1381 μὴν
3577 1315 3730 1383 παρὰ

2143 1395 2341 1458 πᾶσιν,
2373 1394 2494 1446 οὐδὲ
2533 1395 2590 1446 ὲν
2635 1395 2796 1447 παντὶ
2842 1396 3028 1466 τόπῳ,
3072 1398 3186 1449 ἀλλ’
3227 1401 3286 1451 ὲν
3332 1403 3394 1471 τῇ
3441 1403 3592 1455 πόλει
3634 1405 3727 1457 τοῦ

2140 1485 2273 1538 Θεοῦ
2306 1484 2462 1554 ἡμῶν
2483 1525 2496 1548 ,
2525 1486 2615 1538 καὶ
2648 1488 2704 1537 ὲν
2738 1487 2816 1556 τῷ
2847 1487 2963 1558 ὄρει
2996 1490 3136 1558 ἀγίῳ
3165 1491 3348 1544 αὐτοῦ.
3391 1494 3651 1567 Ἐπείπερ
3678 1499 3727 1550 οί

2140 1574 2245 1640 ἔξω
2272 1575 2373 1645 τῆς
2404 1575 2569 1628 αὑτοῦ
2605 1575 2815 1638 πόλεως
2835 1617 2847 1636 ,
2878 1577 3106 1645 ἀμαθεῖς
3129 1579 3282 1642 ὄντες
3309 1581 3405 1652 τῆς
3437 1582 3621 1637 ἐνθέου
3650 1587 3729 1640 δι-

2139 1667 2437 1732 δασκαλίας
2462 1711 2475 1733 ,
2510 1669 2609 1722 οὐκ
2657 1669 2839 1723 ἴσασιν
2872 1671 3034 1722 αὑτὸν
3069 1672 3292 1740 ὑμνεῖν,
3335 1674 3442 1726 οὐδ’
3487 1676 3726 1742 ἐπαξίως

2141 1757 2444 1827 θεολογεῖνο
2483 1761 2674 1832 διόπερ
2721 1761 2818 1831 τὴν
2866 1761 3158 1830 σεϐάσμιον
3214 1767 3586 1837 προσηγορίαν
3633 1769 3726 1822 em

2136 1850 2234 1920 τὴν
2259 1850 2465 1920 ἄψυχον
2497 1851 2627 1921 ὓλην
2677 1852 3186 1921 καταϐεϐλήκασιν,
3235 1855 3266 1924 ἢ
3317 1856 3470 1919 ζώων
3514 1858 3726 1928 ἀλόγων

2135 1943 2268 2012 γένη
2291 1983 2304 2005 ,
2337 1942 2370 2012 ἢ
2399 1943 2490 1993 ἐπὶ
2519 1943 2585 1994 τὰ
2615 1947 2850 2013 στοιχεῖα
2873 1985 2887 2008 ,
2923 1945 3024 2013 γῆν
3046 1988 3058 2010 ,
3089 1946 3234 2016 ὕδωρ
3259 1986 3272 2008 ,
3311 1947 3448 2017 ἀέρα
3471 1989 3485 2012 ,
3520 1949 3659 2021 πῦρ,
3689 1950 3722 2023 ἢ

2136 2035 2230 2086 ἐπὶ
2261 2035 2328 2086 τὰ
2357 2035 2494 2106 μέρη
2518 2035 2610 2088 τοῦ
2641 2036 2847 2104 κόσμου
2868 2053 2880 2065 ·
2920 2036 3014 2089 καὶ
3043 2037 3190 2090 ἄλλοι
3239 2038 3415 2103 ἄλλως
3441 2059 3558 2104 πως
3595 2042 3724 2115 περὶ

2135 2126 2269 2178 Θεοῦ
2301 2127 2557 2192 ἐδόξασαν
2587 2129 2800 2192 ἀσεδῶς
2825 2147 2838 2160 ο
2870 2131 2964 2182 καὶ
3010 2129 3098 2182 διὰ
3136 2131 3322 2194 τοῦτο,
3372 2134 3470 2204 τῆς
3515 2135 3723 2198 πόλεως

2134 2219 2284 2282 ὅντες
2317 2219 2586 2290 ἀλλότριοι
2631 2219 2725 2272 τοῦ
2766 2221 2935 2285 Θεοῦ,
2979 2222 3410 2276 ἀποπεπτώκασι
3451 2225 3546 2277 τοῦ
3590 2227 3724 2296 ἀλη-

2135 2311 2261 2372 θοῦς
2303 2308 2492 2380 ὕμνου.
2534 2311 2695 2374 Πόλις
2725 2311 2781 2363 δὲ
2821 2311 2914 2364 τοῦ
2943 2311 3077 2365 Θεοῦ
3112 2313 3270 2384 ὴμῶν
3313 2317 3346 2386 ἡ
3387 2317 3720 2388 Ἐκκλησία,

2133 2401 2198 2470 ἥν
2225 2402 2317 2452 καὶ
2346 2401 2414 2453 τὰ
2443 2401 2699 2471 ἀνωτέρω
2723 2401 2909 2473 ἐδήλου
2935 2402 3091 2470 λόγια
3109 2445 3122 2468 ,
3153 2405 3219 2457 δι’
3253 2398 3330 2458 ὧν
3355 2406 3539 2478 εἴρητο
3560 2425 3573 2438 ο
3606 2408 3718 2463 Τοῦ

2132 2493 2400 2563 ποταμοῦ
2428 2493 2498 2547 τὰ
2525 2493 2835 2563 ὁρμήματά
2856 2496 3251 2563 εὐφραίνουσι
3275 2497 3390 2565 τὴν
3405 2501 3585 2552 πόλιν
3609 2498 3716 2556 τοῦ

2135 2583 2282 2638 Θεοῦ
2305 2601 2318 2614 ·
2353 2585 2569 2652 ήτίασε
2594 2585 2656 2637 τὸ
2681 2584 2972 2654 σκήνωμα
3002 2587 3190 2641 αὑτοῦ
3214 2592 3246 2642 ό
3273 2591 3574 2658 Ὗψιστος.
3607 2594 3718 2646 Καὶ

2132 2675 2306 2730 ταῦτα
2337 2675 2436 2746 μὲν
2468 2678 2594 2747 περὶ
2628 2677 2724 2747 τῆς
2769 2677 2910 2730 κατά
2943 2678 3048 2747 γῆν
3102 2679 3456 2750 Ἐκκλησίας·
3493 2683 3619 2751 περὶ
3648 2678 3716 2754 ἦς

2131 2769 2380 2840 εἴρηται·
2430 2767 2751 2833 Ἐνοικήσω
2775 2769 2846 2821 ἐν
2877 2770 3081 2836 αὐτοῖς
3105 2771 3204 2824 καί
3233 2771 3710 2840 ἐμπεριπατήσωο

2131 2862 2229 2914 καὶ
2269 2861 2480 2930 ἔσομαι
2519 2859 2720 2914 αὐτῶν
2766 2861 2937 2927 Θεὸς,
2986 2862 3084 2915 καὶ
3126 2864 3294 2916 αὐτοὶ
3328 2865 3574 2919 ἔσονταί
3613 2883 3715 2936 μοι

2129 2955 2298 3018 λαός.
2328 2954 2389 3005 Εἰ
2419 2953 2462 3004 δ’
2487 2953 2602 3006 ἐστι
2630 2969 2712 3015 τις
2743 2951 2876 3024 ἄλλη
2907 2953 3172 3024 κρείττων
3206 2955 3410 3026 ταύτης
3445 2958 3619 3022 πόλις,
3645 2954 3714 3030 ἦς

2131 3045 2381 3115 τεχνίτης
2429 3045 2527 3098 καὶ
2577 3043 2906 3114 δημιουργὸς
2947 3044 3141 3106 αὑτός·
3190 3044 3286 3097 θέα
3330 3048 3476 3111 ὅπως
3514 3050 3605 3102 καὶ
3654 3050 3713 3102 ὲν

2129 3137 2303 3209 ταύτῃ
2331 3137 2502 3208 μέγας
2527 3137 2618 3189 καὶ
2665 3136 2903 3206 ὑμνητὸς
2924 3176 2937 3199 ,
2965 3137 3056 3188 καὶ
3087 3137 3296 3201 αἰνετός
3323 3140 3438 3191 ἐστι
3471 3140 3675 3212 σφόδρα
3693 3180 3710 3205 ,

2131 3227 2251 3279 κατ’
2297 3225 2454 3290 ἀξίαν
2498 3223 2785 3294 νοούμενος
2839 3225 2894 3275 ὲν
2939 3223 3075 3294 αὐτῇ
3125 3226 3218 3277 καὶ
3270 3225 3708 3298 θεολογούμενος.

442 3283 529 3339 bis
555 3283 882 3338 celebretur.
916 3281 976 3336 In
1006 3296 1116 3351 quo
1152 3288 1333 3335 autem
1367 3290 1527 3336 term
1557 3281 1679 3335 loco
1703 3281 1902 3337 civitas
1942 3279 2024 3333 illa

2129 3315 2228 3369 Ποῖ
2255 3316 2312 3370 δὲ
2336 3279 2437 3386 γῆς
2463 3279 2808 3387 ᾠκοδόμηται
2843 3316 2875 3385 ἡ
2916 3279 3075 3378 πόλις.
3099 3315 3237 3386 αὕτη
3262 3357 3276 3381 ,
3312 3319 3340 3370 6
3375 3279 3472 3387 μέν
3498 3279 3710 3389 ψάλελξξξ

441 3373 534 3436 sit,
571 3372 644 3426 ita
674 3373 832 3428 docet
866 3373 1112 3442 psalmus
1142 3384 1156 3426 :
1193 3370 1261 3424 In
1300 3380 1473 3426 monte
1511 3380 1696 3425 sancto
1732 3371 1848 3437 eius
1899 3369 2024 3424 bene

439 3464 721 3528 radicula;
757 3465 810 3520 id
836 3471 941 3530 est,
979 3465 1118 3520 bene
1142 3462 1389 3526 fundato,
1426 3470 1483 3518 et
1531 3462 1802 3526 radicato,
1838 3469 1893 3517 et
1929 3478 2024 3516 ea:-

439 3557 728 3612 sultatione
775 3555 1032 3612 universae
1071 3565 1245 3610 terra.
1287 3555 1480 3621 Qualis
1519 3569 1686 3623 porro
1732 3569 1890 3608 mons
1932 3554 2023 3608 ille

439 3649 533 3712 sit,
574 3665 806 3719 magnus
827 3647 985 3704 docet
1013 3648 1311 3718 Apostolus
1334 3648 1422 3702 his
1443 3647 1625 3701 verbis
1650 3665 1662 3700 :
1688 3647 2021 3700 Accessimus

440 3738 511 3793 ad
542 3737 672 3793 Sion
693 3747 920 3794 montem
941 3779 956 3802 ,
986 3748 1036 3791 et
1069 3738 1335 3792 civitatem
1381 3736 1478 3790 Dei
1515 3738 1730 3790 viventis
1751 3777 1766 3801 ,
1796 3735 2021 3791 Jerusa-

439 3831 541 3886 lem
569 3832 848 3897 ctelestem,
884 3844 935 3888 et
978 3835 1268 3889 multorum
1307 3835 1538 3888 millium
1575 3819 1879 3904 angelorum
1920 3835 2022 3904 fre-

437 3927 728 3996 quentiam,
781 3936 830 3981 et
885 3924 1181 3984 Ecclesiam
1223 3929 1716 3999 primogenitorum,
1755 3929 1847 3999 qui
1893 3944 2020 3983 con-

436 4028 622 4096 scripti
653 4038 778 4082 sunt
806 4030 860 4082 in
883 4030 1107 4085 caelis".
1135 4031 1395 4086 Eamdem
1433 4045 1564 4085 vero
1584 4044 1706 4086 esse
1737 4029 2016 4084 civitatem

437 4115 530 4172 Dei
553 4133 736 4174 veram
788 4121 904 4189 ipse
952 4122 1196 4178 declarat
1237 4122 1429 4178 dicens
1463 4121 1609 4178 :Illa
1655 4130 1852 4186 autem,
1899 4136 2017 4190 qua:

434 4224 646 4262 sursum
688 4219 768 4264 est
815 4206 1140 4277 Jerusalem,
1204 4211 1372 4266 libera
1421 4220 1520 4279 est,
1565 4227 1682 4282 qua
1728 4222 1804 4265 est
1848 4222 2017 4264 mater

363 4302 701 4376 ,.-n_ostra”.
741 4299 895 4356 Mons
938 4311 1120 4357 autem
1169 4301 1282 4358 Deo
1321 4303 1553 4373 dignus,
1600 4303 1776 4373 ipsum
1815 4302 2014 4356 ccelum

432 4398 540 4445 est.
581 4389 721 4455 Quia
748 4407 878 4446 vero
901 4392 1151 4450 homines
1183 4395 1238 4449 in
1267 4405 1410 4450 terra
1434 4395 1695 4464 degentes
1717 4409 1886 4465 regno
1913 4409 2015 4449 suo

433 4489 761 4561 dedignatus
791 4507 900 4546 non
923 4500 1006 4548 est
1029 4511 1044 4560 ;
1068 4493 1120 4548 id
1149 4494 1293 4548 enim
1327 4495 1672 4566 significabat
1697 4495 2012 4566 pracedens

2127 3407 2368 3462 διδάσκει
2427 3407 2632 3475 λέγων·
2689 3409 2786 3460 Ἐν
2842 3409 2962 3476 ὄρει
3025 3410 3170 3479 ἁγίῳ
3221 3411 3406 3465 αὑτοῦ
3465 3413 3705 3480 εὺρίζῳ·

2125 3499 2373 3552 τουτέστι
2401 3499 2477 3570 τῷ
2503 3496 2560 3553 εὖ
2590 3501 3040 3572 τεθεμελιωμένῳ
3077 3503 3170 3555 καὶ
3207 3501 3581 3574 ὲρριζωμένῳ,
3614 3504 3710 3557 καὶ

2123 3589 2203 3656 τῷ
2241 3591 2636 3662 ἀγαλλιάματι
2683 3593 2887 3661 πάσης
2922 3593 3032 3659 τῆς
3057 3593 3188 3663 γῆς.
3235 3593 3392 3647 Ποῖον
3437 3594 3481 3648 δ’
3518 3595 3582 3648 ἂν
3621 3599 3707 3667 εἴη

2121 3682 2281 3736 τοῦτο
2313 3685 2371 3736 τὸ
2411 3685 2555 3754 ὅρος,
2606 3687 2634 3738 6
2663 3685 2836 3754 μέγας
2885 3686 3204 3748 Ἀπόστολος
3235 3686 3474 3739 διδάσκει
3504 3687 3704 3756 λέγων’

2121 3778 2670 3845 Προσεληλύθαμεν
2696 3775 2849 3830 Σιὼν
2878 3776 2998 3844 ὄρει
3030 3777 3126 3829 καὶ
3160 3778 3333 3830 πόλει
3375 3778 3522 3832 Θεοῦ
3563 3776 3706 3838 ζῶν-

2123 3882 2229 3933 τος
2261 3866 2649 3935 Ἰερουσαλὴμ
2696 3867 3058 3940 ἐπουρανίῳ,
3093 3868 3194 3924 καὶ
3220 3868 3510 3937 μυριάσιν
3539 3861 3707 3938 ἀγνό-

2119 3962 2247 4012 λων
2280 3959 2610 4026 πανηγύρει
2650 3959 2750 4012 καὶ
2781 3960 3110 4028 Ἐκκλησία
3141 3961 3530 4028 πρωτοτόκων
3553 3959 3705 4014 ἁπο-

2120 4049 2538 4120 τετραμμένων
2575 4050 2645 4102 ἐν
2675 4050 2973 4117 οὐρανοῖς.
3015 4050 3230 4118 Ταύτην
3263 4050 3320 4102 δὲ
3360 4049 3530 4118 αὐτὴν
3567 4039 3704 4104 εἷναι

2117 4139 2217 4208 τὴν
2247 4139 2399 4192 πόλιν
2430 4137 2522 4191 τοῦ
2545 4137 2681 4191 Θεοῦ
2709 4137 2806 4208 τὴν
2832 4133 3088 4209 ἀληθινὴν
3114 4133 3142 4191 ό
3168 4133 3328 4204 αὐτὸς
3355 4142 3592 4212 παρίστη
3618 4140 3703 4198 λέ·

2118 4246 2231 4298 γων
2252 4247 2265 4260 ο
2302 4231 2364 4284 Ἠ
2385 4229 2453 4284 δὲ
2482 4229 2606 4285 ἅνω
2631 4219 3027 4300 ’Ἰερουσαλὴμ
3051 4231 3336 4297 ἐλευθέρα
3361 4227 3552 4296 ἐστίν,
3574 4233 3702 4300 ἣτις

2116 4323 2248 4376 ἐστὶ
2271 4323 2470 4392 μήτηρ
2511 4323 2699 4390 ἡμῶν.
2729 4324 2892 4394 Ὄρος
2918 4322 2974 4374 δὲ
3004 4321 3096 4375 τοῦ
3127 4322 3260 4374 Θεοῦ
3289 4323 3509 4389 ἐπάξιον
3539 4325 3701 4388 αὐτὸς

2117 4414 2146 4466 6
2175 4414 2424 4485 οὐρανός.
2463 4415 2680 4486 Ἐπειδὴ
2712 4415 2768 4467 δὲ
2814 4413 2908 4467 καὶ
2949 4415 3074 4477 τοὺς
3117 4415 3208 4466 ἐπὶ
3247 4415 3350 4483 γῆς
3383 4409 3699 4485 ἀνθρώπους

2116 4506 2216 4558 οὐκ
2242 4505 2523 4576 ἀπηξίωσε
2553 4506 2655 4576 τῆς
2689 4503 2896 4568 οἰκείας
2929 4506 3230 4576 βασιλείας·
3263 4504 3422 4558 τοῦτο
3447 4506 3556 4578 γὰρ
3579 4505 3697 4577 ἐδή-

432 4585 680 4654 psalmus
700 4584 892 4640 dicens
919 4585 1064 4639 τηατ
1095 4587 1266 4640 omnis
1294 4598 1447 4642 terra:
1477 4586 1643 4650 Deus,
1675 4587 1892 4655 psallite
1919 4603 2010 4641 sa-

2127 4601 2209 4651 λου
2239 4600 2268 4652 6
2302 4599 2407 4670 πρὸ
2445 4599 2636 4652 τούτου
2669 4599 2880 4669 ιζαλμὸς
2912 4599 3118 4668 λέγων’
3148 4593 3450 4664 Βασιλεὺς
3495 4597 3696 4665 πάσης

431 4675 634 4740 pienter
657 4690 675 4728 :
698 4677 931 4744 regnavit
958 4676 1096 4731 Deus
1128 4694 1287 4747 super
1313 4681 1580 4748 gentes";
1607 4675 1733 4746 jure
1773 4678 1826 4731 in
1863 4686 2007 4732 terra

432 4779 651 4835 quoque
682 4768 878 4823 civitas
901 4767 1002 4838 ipsi
1036 4771 1340 4823 constituta
1370 4777 1490 4834 est,
1522 4770 1648 4824 vita:
1677 4769 1890 4824 scilicet
1919 4769 2006 4824 in-

431 4854 686 4908 stitutum
727 4854 822 4910 Dei
863 4857 1037 4912 cultui
1089 4857 1390 4923 addictum,
1439 4858 1494 4910 in
1543 4863 1659 4911 toto
1718 4857 1852 4912 orbe
1910 4874 2007 4928 per

428 4944 798 5014 evangelicam
818 4949 1262 5017 praedicationem
1292 4947 1622 5004 consistens.
1647 4947 1884 5005 Montem
1909 4947 2005 5004 Dei

428 5035 484 5090 in
544 5049 655 5108 quo
701 5036 1016 5107 bujusmodi
1061 5039 1378 5093 institutum
1421 5039 1727 5094 stabilitum
1783 5049 1890 5104 est,
1936 5057 2004 5098 ne

424 5138 702 5194 cuncteris
738 5138 922 5194 dicere
949 5138 1190 5195 Verbum
1227 5139 1324 5195 Dei
1355 5155 1499 5204 esse,
1546 5141 1800 5197 videlicet
1837 5139 2001 5196 Chri-

423 5235 603 5296 stum;
636 5231 764 5299 quia
795 5245 958 5301 supra
991 5237 1200 5299 petram
1220 5229 1443 5285 fundata
1465 5230 1587 5300 ejus
1606 5230 1849 5286 Ecclesia
1877 5237 1995 5286 est:

425 5315 541 5385 ipse
582 5327 763 5373 autem
787 5329 940 5388 petra
969 5328 1106 5376 erat.
1149 5320 1304 5377 Mons
1346 5322 1551 5392 itaque,
1586 5329 1758 5392 petra,
1802 5321 1998 5376 funda-

424 5416 664 5463 mentum
693 5408 948 5466 Ecclesia
966 5411 1084 5483 ipse
1110 5413 1261 5470 solus
1282 5413 1466 5476 fuerit,
1493 5421 1552 5467 ut
1575 5414 1797 5484 quidam
1822 5412 1955 5467 dicit
1979 5428 1992 5466 :

430 5496 846 5554 Fundamentum
874 5502 1013 5554 enim
1046 5501 1195 5554 aliud
1232 5519 1383 5556 nemo
1416 5513 1586 5570 potest
1621 5518 1832 5571 ponere,
1857 5515 1996 5569 pra:-

2115 4688 2226 4756 τῆς
2259 4687 2370 4758 γῆς
2400 4692 2432 4742 ὀ
2467 4689 2639 4755 Θεὸς,
2677 4689 2912 4758 vitam
2950 4681 3220 4754 συνετῶς
3241 4709 3252 4720 ·
3295 4691 3695 4744 ἐϐασίλευσεν

2113 4780 2145 4831 ὀ
2163 4777 2318 4846 ,Θεὸς
2344 4778 2439 4829 ἐπὶ
2472 4777 2543 4830 τὰ
2569 4776 2712 4844 ἔθνη
2733 4793 2749 4808 °
2773 4779 2999 4842 εἰκότως
3038 4779 3133 4831 καὶ
3172 4775 3264 4830 ἐπὶ
3297 4772 3398 4848 τῆς
3425 4778 3524 4849 γῆς
3573 4795 3692 4831 συν-

2111 4868 2244 4937 έστη
2277 4867 2427 4937 αὐτῷ
2460 4865 2614 4931 πόλις
2635 4907 2648 4929 ,
2700 4868 2762 4921 τὸ
2793 4853 3044 4931 θεοσεϐὲς
3070 4868 3270 4939 δηλαδὴ
3302 4869 3603 4941 πολίτευμα
3634 4869 3691 4922 τδ

2111 4959 2232 5013 καθ’
2255 4958 2384 5028 ὅλης
2409 4958 2510 5027 τῆς
2531 4959 2855 5031 οἰκουμένης
2877 4953 2965 5013 διὰ
2987 4959 3082 5012 τοῦ
3105 4959 3462 5028 εὐαγγελικοῦ
3492 4958 3692 5013 συστὰν

2113 5049 2485 5121 κηρύγματος.
2516 5051 2678 5121 Ὅρος
2717 5043 2773 5104 δὲ
2809 5049 2904 5104 τοῦ
2944 5045 3078 5104 Θεοῦ
3123 5051 3181 5102 ὲν
3286 5048 3348 5105 τδ
3392 5051 3690 5121 πολίτευμα

2111 5140 2267 5194 τοῦτο
2297 5140 2613 5212 συνέστηκε,
2637 5141 2710 5212 μὴ
2737 5139 2884 5194 ὄκνει
2913 5139 3091 5207 λέγειν
3111 5143 3202 5194 τὸν
3219 5143 3389 5209 Λόγον
3414 5140 3506 5196 τοῦ
3531 5143 3689 5205 Θεοῦ,

2107 5230 2225 5302 ἦτοι
2252 5229 2340 5284 τὸν
2366 5226 2600 5302 Χριστόν
2623 5247 2636 5261 ·
2661 5231 2891 5303 ἐπείπερ
2929 5231 3022 5284 ἐπὶ
3049 5231 3148 5301 τὴν
3173 5232 3376 5303 πέτραν
3407 5232 3681 5303 ᾠκοδόμηο
3714 5291 3721 5315 ’

2103 5338 2190 5374 ται
2219 5320 2380 5374 αὑτοῦ
2416 5323 2450 5392 ἡ
2497 5318 2819 5390 Ἐκκλησία’
2849 5317 3011 5384 αὑτός
3039 5338 3098 5374 τε
3128 5317 3196 5394 ἦν
3227 5324 3259 5392 ἡ
3296 5323 3489 5394 πέτρα.
3521 5317 3686 5386 Οὗτος

2104 5407 2196 5465 οὖν
2225 5413 2317 5465 καὶ
2337 5412 2466 5482 ὅρος
2492 5407 2586 5464 καὶ
2608 5411 2784 5480 πέτρα
2811 5411 2904 5464 καὶ
2931 5411 3180 5483 θεμέλιος
3206 5414 3304 5483 τῆς
3336 5413 3682 5485 Ἐκκλησίας,

2104 5503 2266 5564 αὐτὸς
2314 5501 2377 5554 ἂν
2429 5496 2586 5572 μόνος
2615 5502 2702 5571 εἴη
2737 5502 2875 5555 κατά
2922 5501 3012 5556 τὸν
3052 5501 3328 5569 φάσκοντα
3353 5522 3366 5535 ο
3401 5503 3680 5573 Θεμέλιογ

490 5672 508 5701 ⁷
549 5671 692 5726 Psnl.
729 5691 924 5742 xxxix,
957 5679 1010 5731 6.
1088 5679 1107 5708 '
1143 5643 1288 5731 'Psal.
1323 5694 1446 5743 XLV,
1478 5679 1532 5733 5.
1608 5678 1628 5708 ’
1667 5673 1839 5731 Levit.
1877 5691 1998 5730 sxw
2023 5717 2036 5741 ,
2076 5676 2160 5730 12.
2242 5675 2284 5707 ⁸⁸
2325 5674 2486 5730 "chr.
2523 5691 2619 5742 xu,
2652 5672 2742 5738 92,
2767 5676 2856 5731 ‘23.
2941 5678 2977 5707 “
3021 5677 3138 5730 Cal.
3175 5695 3244 5740 tv,
3282 5678 3370 5732 ‘26.
3453 5679 3494 5707 "
3537 5676 3678 5735 Psal.

421 5757 540 5794 nvi
566 5783 578 5806 ,
620 5749 671 5795 ὅ.
