4098 6374
325 360 430 415 ης

1458 358 1964 417 COMMENTARIA
1997 359 2064 414 IN
2098 361 2436 421 PSALM'OS.

3472 375 3576 427 49.6

327 480 448 563 μοῖς
464 478 694 549 ὁρῶντες
720 476 853 546 φασί
876 495 888 507 ο
912 478 1184 547 Καθάπερ
1208 480 1574 550 ἠκούσαμεν,
1598 482 1785 549 οὕτως
1808 486 1906 540 καὶ

2015 487 2265 544 vidimus.
2294 489 2476 555 Quare
2519 492 2635 547 haec
2673 492 2921 549 dicentes
2951 491 3032 547 sic
3060 493 3357 563 alloquitur
3388 493 3578 550 Salva—

329 558 581 639 ἐῖδομεν.
631 569 721 622 Διὸ
746 572 859 632 τοῖς
890 570 1061 624 ταῦτα
1092 572 1387 639 φάσκουσιν
1414 572 1598 642 ἔλεγεν
1623 577 1651 628 6
1674 576 1866 647 Σωτήρ
1885 592 1899 605 ⁸

330 660 549 713 Πολλοὶ
581 658 877 728 προφῆται
929 661 1028 714 καὶ
1072 660 1288 714 δίκαιοι
1336 664 1725 734 ἐπεθύμησαν
1757 666 1905 721 ἰδεῖν

329 749 364 803 ἆ
390 749 558 818 ὑμεῖς
576 748 837 814 βλέπετε
860 767 873 779 ·
915 752 1010 805 καὶ
1031 789 1051 816 ,
1097 752 1291 821 ’Υμῶν
1318 754 1386 806 δὲ
1410 756 1689 824 μακάριοι
1714 760 1769 811 οἱ
1800 760 1905 827 65:-

326 831 538 912 θιὶλμοὶ
556 882 571 907 ,
605 842 694 897 ὅτι
711 842 1079 908 βλέπουσιν.
1139 845 1389 918 Ἀρμόζοι
1416 846 1460 900 δ’
1492 848 1559 902 ἂν
1597 850 1687 903 καὶ
1713 852 1843 921 ἡμῖν
1870 851 1903 922 ἡ

325 934 544 1006 τοιαύτη
572 935 725 1008 φωνὴ
746 978 760 1002 ,
795 937 863 990 τά
887 938 1047 1008 ὃμοια
1072 938 1416 1010 τεθεαμένοις
1443 942 1581 996 κατά
1610 945 1734 1007 τοὺς
1770 945 1905 1016 ἡμε-

329 1025 514 1096 τὲρους
540 1027 762 1101 χρόνους
782 1047 795 1059 ·
819 1028 853 1081 δι
878 1030 941 1102 δὴ
972 1031 1066 1084 καὶ
1097 1031 1396 1102 ἐπληροῦτο
1420 1036 1476 1085 ὲν
1500 1037 1564 1104 τῇ
1595 1035 1903 1106 προλεχθεί-

328 1135 397 1191 σῃ
426 1120 605 1186 πόλει,
642 1122 710 1193 ἢν
741 1123 841 1176 οὐκ
866 1122 1150 1194 ἄνθρωπος
1171 1164 1185 1187 ,
1221 1124 1334 1179 ἀλλ’
1369 1126 1527 1189 αὐτὸς
1555 1128 1582 1178 6
1609 1128 1741 1191 Θεὸς
1786 1128 1904 1181 ἐθε-

324 1212 591 1283 μελίωσεν
629 1216 710 1278 είς
736 1216 827 1269 τὸν
851 1215 1042 1269 αἰῶνα.
1115 1216 1361 1270 Μάλιστα
1411 1219 1520 1287 γὰρ
1561 1220 1681 1273 τότε
1734 1222 1905 1291 αὐτῆς

329 1303 574 1372 φαίνεται
600 1305 629 1357 6
648 1304 894 1378 θεμέλιος
920 1306 1152 1371 αἰώνιος,
1174 1308 1208 1378 ἥ
1228 1326 1285 1360 τε
1311 1308 1563 1382 οἰκοδομὴ
1590 1312 1690 1364 οὐκ
1721 1312 1779 1378 ἐξ
1806 1314 1901 1365 άν-

327 1394 560 1467 θρὼπων
589 1396 845 1470 ἱδρυμένη
866 1439 882 1462 ,
918 1399 1031 1451 ἀλλ’
1059 1398 1117 1466 ἐξ
1140 1400 1304 1453 αὐτοῦ
1346 1400 1438 1453 τοῦ
1465 1401 1599 1455 Θεοῦ
1618 1442 1633 1464 ,
1662 1403 1901 1468 ἐπειδάν,

328 1487 594 1542 τοσούτων
644 1489 915 1561 πολεμίων
961 1491 1428 1563 πολιορκούντων,
1499 1495 1767 1565 ἀήττητος
1811 1497 1904 1551 καὶ

330 1578 686 1650 άκαθαίρετος
724 1577 973 1653 διαμένῃ.

399 1668 556 1723 Κατὰ
582 1667 647 1721 τὸ
677 1668 863 1739 ὄνομά
889 1687 1039 1735 σου,
1073 1674 1105 1723 ό
1128 1671 1271 1737 Θεὸς
1291 1713 1305 1735 ,
1339 1671 1527 1738 οὕτως
1558 1673 1656 1726 καὶ
1688 1675 1725 1740 ἡ
1754 1674 1905 1728 αἴνε-

327 1758 430 1826 σίς
451 1777 565 1814 σου
581 1762 678 1814 ἐπὶ
704 1762 775 1816 τὰ
797 1764 1017 1830 πέρατα
1037 1762 1141 1831 τῆς
1168 1763 1279 1833 γῆς
1298 1781 1311 1793 ·
1336 1763 1726 1833 δικαιοσύνης
1752 1766 1903 1832 πλή-

2006 588 2092 635 tor
2124 600 2137 634 :
2188 580 2351 636 Multi
2402 586 2663 652 prophetae
2707 597 2757 639 et
2804 587 2935 653 iusti
2964 587 3237 642 voluerunt
3264 590 3436 644 videre
3462 607 3578 660 qua:

2006 688 2093 726 vos
2126 671 2311 727 videtis
2334 674 2378 705 ’°
2405 692 2421 741 ;
2450 683 2533 730 et:
2580 675 2753 730 Vestri
2786 686 2964 731 autem
2989 677 3130 732 beati
3156 679 3319 743 oculi,
3342 681 3469 749 quia
3502 682 3579 733 vi-

2005 761 2128 816 dent
2153 763 2219 815 ¹¹.
2254 762 2422 820 Nobis
2447 781 2665 836 quoque
2704 767 2820 821 haec
2851 784 2956 823 vox
2984 776 3280 839 competat,
3312 771 3406 840 qui
3438 779 3578 825 tem-

2007 856 2235 925 poribus
2260 858 2464 913 nostris
2495 859 2695 913 similia
2729 859 2967 916 vidimus
2991 861 3049 915 in
3075 858 3332 930 praedicta
3355 862 3574 916 civitate

2006 944 2260 1015 impleta;
2293 964 2455 1018 quam
2488 966 2594 1004 non
2635 951 2820 1017 homo,
2856 952 2950 1008 sed
2996 952 3113 1022 ipse
3139 952 3282 1007 Deus
3328 952 3575 1008 fundavit

2008 1037 2063 1091 in
2108 1039 2390 1094 saeculum.
2444 1039 2597 1095 Tunc
2645 1058 2812 1112 porro
2866 1043 3103 1099 maxime
3158 1043 3571 1100 fundamentum

2004 1129 2126 1195 ejus
2150 1138 2440 1196 aeternum,
2484 1142 2871 1206 structuraque
2919 1135 3068 1192 illius
3102 1151 3212 1191 non
3240 1137 3310 1192 ab
3338 1137 3573 1193 homini—

2006 1222 2111 1278 bus
2147 1224 2650 1301 excitatavidetur,
2690 1228 2784 1284 sed
2817 1228 2887 1283 ab
2929 1228 3049 1298 ipso
3078 1226 3224 1295 Deo;
3256 1245 3380 1284 cum
3420 1230 3572 1286 obsi-

2004 1311 2263 1369 dentibus
2321 1321 2403 1368 tot
2460 1316 2717 1383 inimicis,
2778 1319 2978 1373 invicta
3024 1326 3079 1374 et
3136 1319 3572 1391 inexpugnabilis

2005 1412 2209 1458 manet.

2077 1662 2240 1717 Vens.
2272 1664 2356 1726 Il,
2385 1663 2469 1718 12.
2500 1663 2799 1720 Secundum
2827 1684 3010 1723 nomen
3041 1670 3389 1736 tuum,Deus,
3422 1674 3497 1727 sic
3524 1682 3576 1726 et

2006 1756 2124 1809 laus
2151 1766 2244 1809 tua
2264 1757 2319 1808 in
2338 1756 2466 1825 ﬁnes
2488 1766 2641 1811 terra:
2664 1775 2683 1811 :
2696 1758 2919 1827 justitia
2943 1761 3100 1831 plena
3123 1773 3200 1815 est
3221 1762 3441 1816 dextera
3460 1773 3575 1819 tua.

326 1870 437 1920 ρης
460 1854 497 1922 ἡ
527 1852 695 1917 δεξιὰ
712 1871 848 1909 σου.
895 1854 1220 1926 Ἐπειδήπερ
1241 1858 1272 1927 ἡ
1300 1855 1446 1923 δεξιὰ
1467 1856 1630 1909 αὑτοῦ
1648 1898 1662 1921 ,
1691 1859 1723 1928 ἡ
1752 1859 1906 1929 εὐερ-

2009 1856 2283 1923 Quoniam
2334 1856 2574 1911 benefica
2629 1857 2748 1925 ejus
2800 1858 3045 1922 dextera,
3074 1871 3195 1927 quae
3222 1858 3365 1912 bona
3389 1857 3570 1910 omnia

328 1945 515 2016 γετικὴ
546 1946 639 1999 καὶ
677 1946 892 2001 πάντων
925 1948 1033 2000 τῶν
1060 1948 1278 2017 ἀγαθῶν
1314 1950 1582 2020 πάροχος,
1618 1949 1905 2021 πεπλήρω-

327 2056 415 2091 ται
452 2039 691 2109 ἰσότητος
723 2040 817 2092 καὶ
848 2038 1190 2110 δικαιοσύνης
1213 2080 1227 2104 ,
1254 2042 1355 2094 οὐκ
1383 2040 1495 2093 ἔστι
1525 2058 1582 2094 τε
1616 2058 1904 2112 προσωπο-

327 2127 494 2199 ληψία
519 2128 646 2199 παρ’
667 2127 843 2198 αὐτῷ·
870 2130 1093 2192 εἰκότως
1121 2129 1182 2182 τὸ
1238 2129 1562 2199 Εὑαγγέλιον
1592 2131 1754 2183 πᾶσιν
1778 2131 1906 2201 ἐκη-

330 2218 553 2290 ρύττετο
573 2222 685 2284 τοῖς
703 2214 897 2273 ἔθνεσι.
934 2220 1025 2273 Διό
1045 2239 1209 2293 φησιν
1237 2223 1265 2275 6
1302 2221 1622 2287 Ἀπόστολος
1642 2240 1654 2252 ·
1688 2225 1768 2277 οὐ
1796 2225 1905 2292 γὰρ

321 2310 762 2379 ἐπαισχύνομαι
789 2310 857 2366 τὸ
884 2313 1273 2384 Εηύαγγὲλιον.
1326 2315 1582 2384 Δύναμις
1614 2315 1723 2383 γὰρ
1758 2316 1904 2369 Θεοῦ

327 2401 497 2454 ἐστιν
526 2403 613 2467 εἰς
656 2404 958 2470 σωτηρίαν
990 2404 1167 2457 παντὶ
1196 2403 1277 2470 τῷ
1307 2406 1651 2458 πιστεύοντι
1679 2446 1692 2470 ,
1758 2406 1904 2458 Ἰου·

327 2490 472 2558 (Salo)
494 2509 557 2545 τε
577 2492 807 2560 πρῶτον
825 2493 922 2547 καὶ
945 2495 1213 2564 Ἕλληνι.
1239 2497 1598 2564 Δικαιοσύνη
1624 2496 1734 2565 γὰρ
1758 2495 1906 2551 Θεοῦ

324 2582 395 2635 ἐν
418 2582 578 2649 αύτῷ
597 2584 1098 2642 ἀποκαλύπτεται,
1153 2585 1370 2651 Τούτοις
1392 2586 1696 2650 ἀκολούθως
1722 2587 1904 2640 ἐπιλέ-

328 2692 484 2743 γεται
519 2672 647 2743 ἑξῆς
666 2691 679 2703 ⁸
715 2676 1119 2744 Εἰνςεριινθήτω
1144 2682 1290 2741 ὄρος
1322 2680 1475 2731 Σιών
1494 2695 1507 2708 ·
1538 2678 1697 2731 τοῦτο
1724 2679 1781 2731 δὲ
1813 2680 1908 2731 καὶ

320 2768 417 2821 διὰ
450 2767 557 2819 τῶν
590 2765 897 2837 ἔμπροσθεν
940 2767 1192 2838 ἐδηλοῦτο
1214 2808 1228 2831 ,
1282 2769 1367 2837 ἐφ’
1414 2763 1459 2837 ᾧ
1486 2769 1840 2840 τεθεμελίωτο
1872 2773 1906 2841 ὴ

343 2858 655 2928 Ἐκκλησία.
732 2859 799 2912 Ἦ
831 2858 1004 2927 πέτρα
1035 2854 1125 2912 οὖν
1183 2861 1277 2913 καὶ
1309 2860 1370 2913 τὸ
1401 2860 1525 2933 δρος
1575 2861 1736 2923 αὐτὸς
1779 2857 1846 2933 ἦν
1879 2864 1908 2915 6

330 2945 580 3017 Χριστός.
640 2947 832 3018 Χαίρει
862 2947 1040 2999 τοίνυν
1067 2947 1161 2999 καὶ
1193 2948 1373 3018 πάσης
1403 2949 1739 3021 εὐφροσύνης
1768 2950 1906 3019 πλη-

330 3038 519 3109 ροῦται
575 3038 668 3090 ἐπὶ
716 3040 781 3108 τῇ
819 3038 1027 3111 μεγάλῃ
1063 3041 1150 3092 ἐπ’
1179 3039 1328 3110 αὐτῷ
1357 3041 1650 3112 οἰκοδομῇ,
1702 3042 1795 3094 καὶ
1838 3044 1906 3114 τῇ

326 3130 740 3201 ἀκαταμαχὴτῳ
769 3130 953 3194 πόλει,
996 3131 1090 3184 καὶ
1135 3131 1417 3202 συγχαίρει
1440 3133 1555 3195 τοῖς
1584 3129 1907 3202 σωζομένοις

2008 1947 2293 2020 elargitur,
2330 1947 2701 2018 aequabilitate
2730 1955 2786 2004 et
2820 1949 3036 2018 justitia
3066 1950 3228 2019 plena
3258 1956 3365 2012 est,
3396 1964 3575 2018 neque

2007 2038 2120 2093 ulla
2169 2048 2256 2095 est
2306 2037 2451 2108 apud
2504 2039 2683 2108 ipsum
2730 2054 3092 2109 personarum
3128 2039 3407 2108 acceptio;
3451 2038 3587 2107 jure‘

2006 2129 2355 2201 Evangelium
2382 2129 2636 2184 omnibus
2664 2130 2917 2200 gentibus
2940 2128 3353 2200 praedicabatur.
3369 2128 3576 2194 Quam-

2002 2221 2191 2276 obrem
2264 2220 2443 2291 inquit
2488 2220 2787 2290 Apostolus
2853 2239 2865 2274 :
2929 2217 3056 2273 Non
3112 2220 3251 2273 enim
3329 2217 3576 2272 erubesco

2010 2310 2373 2382 Evangelium.
2419 2310 2596 2365 Virtus
2622 2312 2762 2365 enim
2793 2310 2892 2367 Dei
2941 2321 3021 2366 est
3059 2312 3115 2364 in
3162 2309 3387 2365 salutem
3435 2310 3578 2363 omni

2005 2402 2259 2469 credenti,
2293 2400 2487 2456 Iuda-0
2517 2404 2746 2470 primum
2796 2411 2847 2456 et
2895 2402 3102 2457 Graeco.
3156 2399 3384 2455 Iustitia
3439 2399 3578 2452 enim

2008 2494 2107 2549 Dei
2154 2494 2212 2548 in
2253 2510 2311 2547 eo
2360 2493 2622 2547 revelatur
2652 2496 2719 2548 “.
2758 2493 3173 2563 Consequenter
3206 2500 3390 2547 autem
3422 2489 3578 2544 addi-

2006 2594 2099 2641 tur
2130 2606 2145 2641 :
2178 2586 2411 2641 Lwtetur
2436 2602 2588 2640 mons
2623 2584 2755 2641 Sion
2789 2600 2808 2638 :
2851 2586 2997 2655 quod
3039 2600 3107 2639 cx
3146 2582 3578 2653 praecedentibus

2009 2676 2351 2731 declaratum
2382 2685 2486 2740 est,
2519 2689 2646 2729 cum
2678 2675 2746 2730 de
2773 2673 3093 2728 fundatione
3137 2672 3397 2727 Ecclesiae
3448 2686 3577 2741 age-

2011 2772 2181 2821 retur.
2231 2764 2394 2819 Petra
2451 2764 2622 2833 igitur
2677 2773 2732 2819 et
2779 2778 2937 2818 mons
2979 2764 3096 2832 ipse
3137 2762 3393 2817 Christus
3436 2771 3575 2819 erat.

2009 2855 2221 2911 Gaudet
2249 2856 2433 2926 itaque
2475 2863 2529 2910 et
2573 2854 2725 2908 omni
2776 2854 2963 2909 laetitia
3014 2852 3256 2923 repletur
3284 2852 3351 2906 de
3380 2867 3577 2921 magna

2009 2952 2065 3004 'm
2089 2965 2149 3006 se
2177 2948 2402 3003 fundata
2432 2954 2733 3010 structura,
2782 2960 2846 2999 ac
2890 2945 2959 3001 de
3009 2944 3418 3015 inexpugnabili
3451 2943 3579 2997 civi-

2009 3042 2155 3102 tate;
2186 3042 2353 3105 atque
2379 3036 2611 3089 salutem
2650 3034 2831 3089 nactis
2862 3033 3061 3095 salutis
3088 3040 3285 3087 auctor
3314 3032 3578 3089 Dominus

2008 3124 2349 3195 gratulatur;
2391 3125 2501 3178 imo
2547 3124 2712 3185 etiam
2744 3122 2867 3177 ﬁliae
2892 3122 3094 3178 Iudaea:
3123 3123 3400 3177 exsultant
3451 3136 3580 3192 pro-

322 3220 356 3270 6
390 3214 577 3281 σὼξων
608 3220 800 3283 αὐτοὺς
826 3219 1030 3291 Κύριος
1050 3236 1064 3249 ο
1110 3220 1243 3273 ἀλλὰ
1276 3223 1368 3274 καὶ
1396 3223 1452 3275 αἱ
1482 3221 1778 3294 θυγατέρες
1807 3224 1906 3293 τῆς

2010 3215 2357 3287 pterjudicia
2382 3215 2496 3270 Dei.
2525 3214 2784 3281 Quaenam
2817 3215 2923 3269 illa:
2952 3214 3156 3269 fuerint
3182 3214 3289 3269 nisi
3316 3213 3580 3284 apostoli-

340 3309 598 3375 Ἰουδαίας
615 3312 973 3380 ἀγαλλιῶνται
993 3312 1178 3366 ἕνεκεν
1199 3312 1307 3367 τῶν
1332 3314 1615 3387 κριμάτων
1634 3315 1731 3368 τοῦ
1746 3315 1901 3369 Θεοῦ.

328 3402 485 3466 Τίνες
536 3403 580 3456 δ’
610 3404 675 3459 ἂν
703 3402 811 3459 εἷεν
853 3400 1010 3459 αὗται
1044 3404 1157 3458 ἀλλ’
1187 3405 1220 3477 ἦ
1266 3408 1321 3459 αί
1355 3407 1707 3463 άποστολικαὶ
1736 3407 1905 3479 ψυχά).

326 3494 421 3547 καὶ
444 3496 551 3559 πᾶς
569 3496 598 3548 6
625 3495 733 3549 τῶν
754 3498 1009 3569 μαθητῶν
1031 3501 1125 3553 καὶ
1150 3500 1548 3570 εύαγγελιστῶν
1578 3498 1673 3553 τοῦ
1700 3501 1904 3572 Κυρίου

327 3588 421 3642 καί¹
444 3588 695 3660 Σωτῆρος
725 3591 882 3661 ἡμῶν
909 3593 1082 3665 Ἰησοῦ
1104 3593 1339 3665 Χριστοῦ
1367 3593 1525 3664 χορὸς
1549 3592 1609 3657 ἒξ
1639 3593 1905 3648 Ἰουδαίων

326 3680 689 3752 γεγενημένος
708 3699 722 3747 ;
744 3684 998 3754 Ἔχαιρόν
1012 3703 1075 3755 γε
1094 3687 1200 3759 μὴν
1223 3688 1315 3740 καὶ
1338 3688 1518 3760 πάσης
1536 3687 1906 3756 ἀγαλλιάσεως

329 3770 425 3823 καὶ
454 3770 719 3843 θυμηδίας
750 3773 1083 3845 ἐπληροῦντο
1114 3777 1202 3831 διὰ
1233 3776 1301 3830 τά
1328 3777 1512 3831 δίκαια
1549 3779 1787 3848 κρίματα
1811 3781 1905 3832 τοῦ

330 3866 465 3919 Θεοῦ
486 3882 501 3895 ·
539 3865 770 3936 ἐπείπερ
802 3865 866 3918 δι’
889 3866 1069 3920 αὐτῶν
1103 3871 1266 3922 πᾶσιν
1297 3868 1432 3939 ὁμοῦ
1462 3872 1572 3933 τοῖς
1604 3869 1781 3922 ἔθνεσι
1812 3872 1907 3924 καὶ

333 3958 495 4011 πᾶσιν
520 3955 826 4030 ἀνθρώποις
841 3959 1167 4029 ἐκηρύττετο
1186 3961 1246 4013 τὸ
1273 3964 1536 4030 σωτήριον
1558 3961 1903 4028 Εὐαγγέλιον.
1968 4014 1976 4023 ,

402 4071 763 4125 Κυκλώσατε
797 4072 983 4136 Σιὼν,
1030 4075 1126 4127 καὶ
1154 4071 1495 4141 περιλάϐετε
1522 4074 1743 4141 αὐτὴν,
1792 4075 1909 4142 διη-

332 4162 602 4233 τήσασθε
628 4166 698 4217 ἐν
721 4165 847 4231 τοῖς
884 4166 1129 4234 πύργοις
1155 4166 1363 4234 αὐτῆς.
1403 4166 1587 4221 Θέσθε
1624 4167 1730 4232 τὰς
1768 4184 1905 4236 καρ-

330 4255 466 4322 δίας
490 4254 658 4325 ὑμῶν
691 4259 778 4322 εὶς
802 4255 914 4326 τὴν
950 4256 1207 4328 δύναμιν
1241 4257 1429 4327 αὐτῆς
1453 4300 1467 4323 ,
1494 4258 1599 4312 καί
1635 4257 1906 4313 καταδιέ-

331 4352 515 4404 λεσθε
545 4348 653 4415 τὰς
700 4348 912 4418 ,βάρεις
957 4349 1146 4418 αὐτῆς
1170 4390 1185 4413 ,
1226 4351 1384 4417 ὅπως
1415 4350 1491 4404 ἂν
1538 4350 1908 4421 διηγήσησθε

333 4443 420 4508 είς
440 4440 653 4510 γενεὰν
679 4439 905 4510 ἑτέραν.
942 4441 1067 4494 ’Ότι
1095 4436 1272 4507 οὗτός
1298 4442 1468 4495 ἐστιν
1485 4444 1518 4495 ό
1546 4441 1688 4507 Θεὸς
1717 4443 1905 4511 ἡμῶν,

2010 3322 2088 3363 cae
2115 3308 2329 3372 animae,
2366 3314 2625 3376 totusque
2652 3306 3049 3377 discipulorum
3091 3304 3579 3373 evangelistarum-

2008 3415 2116 3471 que
2147 3399 2363 3456 Domini
2392 3406 2449 3454 et
2485 3399 2791 3454 Salvatoris
2833 3397 3011 3453 nostri
3044 3395 3173 3452 Iesu
3204 3393 3411 3449 Christi
3439 3394 3578 3447 cho-

2008 3509 2126 3556 rus,
2149 3508 2217 3547 ex
2240 3491 2445 3547 Iudaeis
2472 3490 2669 3546 ortus?
2709 3489 3061 3545 laetabantur
3107 3501 3295 3557 porro,
3331 3499 3396 3539 ac
3431 3486 3578 3539 omni

2008 3584 2373 3639 exsultatione
2405 3588 2463 3639 et
2502 3583 2671 3638 animi
2717 3580 2919 3653 gaudio
2950 3579 3322 3651 replebantur,
3358 3586 3579 3647 propter

2006 3676 2161 3746 juua
2199 3674 2293 3733 Dei
2327 3675 2563 3745 judicia,
2610 3674 2741 3745 quia
2780 3674 3027 3744 ipsorum
3060 3670 3364 3726 ministerio
3402 3670 3580 3723 omni-

2010 3769 2113 3823 bus
2135 3783 2247 3821 una
2276 3768 2549 3837 gentibus,
2576 3767 2946 3836 omnibusque
2997 3764 3311 3819 hominibus
3340 3762 3579 3816 salutare

2012 3844 2367 3927 Evangelium
2398 3856 2852 3911 annuntiabatur.

2086 4059 2258 4116 Vens.
2320 4059 2504 4114 15-15.
2569 4058 2909 4114 Circumdate
2972 4058 3123 4122 Sion,
3172 4070 3222 4112 et
3276 4058 3577 4126 complecti-

2013 4154 2141 4206 mini
2166 4169 2304 4216 eam,
2353 4159 2570 4205 narrate
2619 4151 2673 4204 in
2721 4151 2955 4204 turribus
3005 4150 3140 4217 ejus.
3197 4148 3384 4202 Ponite
3416 4150 3579 4203 corda

2011 4253 2181 4297 vestra
2223 4244 2277 4295 in
2326 4243 2512 4296 virtute
2543 4242 2678 4311 ejus,
2717 4250 2769 4294 et
2812 4240 3112 4293 distribuite
3141 4238 3324 4292 domos
3353 4237 3487 4302 eius,
3523 4250 3578 4292 ut

2008 4338 2269 4389 enarretis
2307 4336 2362 4387 in
2399 4334 2642 4404 progenie
2686 4333 2878 4387 altera.
2916 4333 3181 4399 Quoniam
3204 4332 3288 4384 hic
3315 4341 3394 4384 est
3438 4331 3579 4386 Deus

2013 4425 2152 4479 Deus
2179 4436 2377 4491 noster,
2412 4427 2520 4494 ipse
2552 4436 2730 4492 pascet
2761 4442 2856 4479 nos
2888 4426 2941 4478 in
2971 4425 3191 4480 swcula.
3239 4422 3370 4490 Quae
3414 4438 3580 4494 supra

333 4532 517 4597 αὐτὸς
551 4533 828 4603 ποιμανεῖ
866 4532 1022 4602 ἡμᾶς
1057 4535 1143 4598 είς
1191 4533 1332 4599 τοὺς
1368 4532 1604 4601 αἰῶνας.
1685 4535 1765 4587 Τὰ
1810 4535 1906 4606 μὲν

2013 4517 2157 4572 dicta
2214 4526 2343 4573 sunt
2387 4518 2594 4580 omnia,
2648 4516 2978 4587 theologiam
3012 4516 3295 4570 continent
3325 4516 3452 4585 ejus‘
3485 4516 3580 4584 qui

332 4624 694 4697 προλεχθέντα
714 4627 889 4679 πάντα
904 4624 1181 4704 θεολογίαν
1198 4625 1439 4696 περιέχει
1460 4625 1556 4679 τοῦ
1583 4625 1653 4680 τὰ
1674 4604 1906 4680 τοσαῦτα

2011 4616 2093 4663 tot
2122 4618 2382 4678 tantaque
2406 4618 2559 4678 gesta
2595 4607 2650 4660 in
2676 4606 2991 4661 hominibus
3022 4605 3212 4661 edidit.
3245 4604 3371 4658 Haec
3398 4614 3580 4659 autem

332 4717 392 4770 ὲν
414 4718 721 4789 ἀνθρώποις
747 4717 1169 4789 κατωρθωκότος
1183 4734 1195 4747 ·
1221 4718 1291 4771 τά
1312 4718 1367 4770 δὲ
1390 4718 1722 4789 προκείμενα
1741 4735 1907 4789 προσ-

336 4812 591 4878 φωνεϊται
628 4810 705 4872 εἰς
734 4807 1024 4879 πρόσωπόν
1071 4824 1253 4867 τινων,
1284 4806 1358 4869 ὡς
1381 4805 1448 4859 ἂν
1471 4808 1569 4878 τὴν
1595 4807 1906 4879 προλεχθεῖ-

335 4917 436 4955 σαν
464 4900 618 4954 πόλιν
648 4898 742 4952 τοῦ
775 4899 908 4952 Θεοῦ
951 4898 1253 4951 διαλάϐοιεν
1298 4897 1672 4963 κυκλώσαντες
1712 4900 1903 4970 αὐτὴν,

334 4991 428 5045 καὶ
457 4993 575 5054 ταῖς
603 4991 757 5061 χερσὶ
784 4989 1164 5060 περιλαϐόντες
1185 5005 1196 5018 ·
1233 4988 1308 5051 ὡς
1332 4988 1418 5051 ἂν,
1450 4989 1780 5060 πανταχόθεν
1806 4990 1904 5042 αύ-

333 5081 432 5153 τὴν
456 5081 1007 5153 περιστοιχισάμενοι,
1025 5079 1360 5147 φυλάττοιεν.
1378 5079 1498 5132 Τίσι
1514 5078 1571 5132 δὲ
1599 5075 1707 5150 ἆρα
1733 5097 1903 5151 προσ-

336 5173 583 5227 τάττεται
611 5171 783 5224 ταῦτα
812 5174 983 5224 ποιεῖν
1002 5189 1017 5235 ;
1039 5167 1204 5241 Οἶμαι
1223 5209 1239 5233 ,
1285 5170 1366 5222 ὃτι
1396 5172 1515 5231 ταῖς
1544 5168 1642 5237 τὴν
1679 5170 1904 5242 Ἐκκλη-

337 5264 455 5319 σίαν
501 5263 596 5317 τοῦ
642 5261 777 5316 Θεοῦ
829 5262 1010 5316 καὶτὸ
1053 5264 1110 5315 ὲν
1142 5263 1278 5332 αὐτῇ
1314 5259 1562 5323 θεοσεϐὲς
1606 5262 1905 5334 πολίτευμα

334 5356 696 5429 φρουρούσαις
729 5355 901 5418 θείαις
937 5354 1227 5425 δυνάμεσιν
1255 5394 1270 5418 ,
1333 5352 1584 5421 ἀγγέλοις
1618 5369 1677 5404 τε
1709 5354 1902 5421 ἁγίοις.

334 5447 556 5512 Τούτοις
587 5443 678 5501 οῦν
730 5447 911 5509 αὐτοῖς
964 5444 1026 5498 τὸ
1058 5443 1281 5514 Πνεῦμα
1311 5444 1371 5512 τὸ
1402 5443 1552 5512 ἅγιον
1602 5447 1911 5514 προσφωνεῖ

333 5538 520 5609 λέγον·
586 5537 946 5594 Κυκλὼσατε
984 5534 1156 5599 Σιὼν,
1186 5534 1284 5588 καὶ
1318 5532 1661 5601 περιλάϐετε
1684 5532 1905 5599 αὐτήν·

336 5630 500 5699 ἧγουν
522 5672 535 5695 ,
571 5630 1037 5699 περιτειχίσατε,
1078 5626 1216 5679 κατὰ
1242 5626 1331 5678 τὸν
1378 5625 1689 5696 Σύμμαχον.
1767 5626 1910 5679 Ἀντὶ

408 5790 452 5820 ’⁸
493 5788 623 5842 Luc.
668 5803 697 5840 x
723 5827 737 5849 ,
776 5785 865 5840 25.
942 5785 983 5816 ¹¹
1028 5784 1159 5838 ibid.
1191 5780 1279 5833 εδ.
1356 5783 1400 5813 ²¹
1443 5782 1601 5835 Rom.
1635 5796 1692 5844 1,
1726 5779 1814 5844 16,
1852 5779 1937 5833 I7.

615 5882 883 5942 Par-non.
919 5881 1035 5942 Gn.
1082 5876 1319 5943 XXIII.

2011 4702 2219 4772 profert
2241 4700 2308 4755 ad
2342 4714 2630 4771 personam
2657 4699 3041 4769 quorumdam,
3079 4706 3138 4751 ut
3168 4698 3234 4751 ad
3263 4698 3581 4767 pradictam

2012 4792 2106 4848 Dei
2152 4792 2429 4847 civitatein
2474 4790 2777 4845 concedant
2811 4789 3220 4843 circumdantes
3253 4790 3446 4857 ipsam,
3500 4791 3582 4860 ip-

2012 4886 2202 4955 sisque
2230 4885 2482 4939 mauibus
2510 4884 2968 4953 complectantur,
3006 4890 3066 4935 ut
3106 4881 3581 4937 circumsistentes

2010 4978 2274 5047 undique,
2319 4977 2492 5046 ipsam
2528 4987 2804 5030 tueantur.
2853 4975 3193 5040 Quibusnam
3252 4973 3368 5029 haec
3424 4988 3582 5043 agere

2011 5069 2295 5140 praecipit?
2327 5069 2532 5123 Divinis
2564 5069 2803 5123 arbitror
2831 5066 3221 5137 potestatibus,
3247 5081 3368 5135 quae
3395 5063 3581 5118 Eccle-
3642 5100 3643 5103 η

2012 5160 2149 5215 siam
2207 5161 2297 5213 Dei
2359 5160 2587 5228 ejusque
2657 5158 2973 5229 religiosum
3037 5157 3349 5210 institutum
3402 5161 3579 5207 custo—
3639 5161 3647 5176 ‘

2010 5251 2190 5312 diunt.
2226 5254 2538 5321 sanctisque
2566 5252 2694 5306 item
2755 5250 2979 5320 angelis.
3032 5247 3144 5302 Hos
3194 5248 3378 5316 itaque
3430 5246 3578 5314 ipsos

2014 5343 2250 5415 Spiritus
2284 5353 2509 5397 sanctus
2537 5344 2829 5413 compellat
2861 5342 2948 5397 his
2980 5339 3161 5396 verbis
3188 5359 3201 5392 :
3239 5337 3578 5393 Circumdate

2014 5434 2165 5501 Sion,
2192 5445 2241 5488 et
2264 5435 2669 5504 complectimini
2694 5449 2843 5497 eam;
2877 5433 3014 5494 sive,
3065 5432 3230 5483 muris
3262 5430 3575 5482 circummu-

2012 5531 2139 5594 nite,
2171 5528 2468 5585 secundum
2495 5527 2903 5597 Symmachum.
2938 5523 3043 5578 Pro
3068 5525 3162 5577 illo
3192 5532 3397 5584 autem,
3449 5537 3575 5578 nar-

2017 5634 2131 5679 rate
2160 5625 2211 5678 in
2257 5626 2488 5689 turriaus
2537 5622 2672 5690 ejus,
2734 5621 2950 5689 Aquila,
3006 5629 3322 5687 computate,
3378 5616 3575 5687 inquit,

3232 5860 3304 5919 15-
