4098 6416
434 319 535 373 ιιι

1135 315 1402 373 EUSEBH
1440 319 1920 378 CASSARIENSIS
1957 323 2331 381 OPP.'PARS
2371 326 2457 384 Ill.
2500 353 2569 369 ά
2596 330 3003 385 EXEGE'I‘IL‘A.

3604 342 3717 397 4‘28

434 450 613 489 muros
640 435 793 504 ejus;
837 432 1201 506 Symmachus
1231 451 1383 502 vero,
1421 447 1712 493 numerate.
1765 439 1829 494 Et
1884 455 1987 495 veri

2114 442 2171 495 δὲ
2200 443 2320 497 τοῦ·
2360 446 2735 514 Διηγήσασθε
2762 445 2832 497 ἐν
2870 444 2994 512 τοῖς
3023 446 3272 516 πύργοις
3295 448 3519 517 αὐτῆς,
3552 452 3581 505 6
3608 449 3703 523 μὲι

433 527 817 596 praestantiora
862 526 1101 583 maxime
1128 528 1379 592 aedilicia,
1414 544 1478 583 ac
1524 546 1645 601 qua:
1696 531 1751 585 in
1789 532 2011 588 civitate

433 618 731 675 munitiora
759 628 938 683 erant,
968 627 1159 690 utpote
1188 621 1416 691 majoris
1445 625 1708 679 momenti
1741 639 1805 680 ac
1826 640 2014 682 neces-

431 711 611 768 sitatis
627 726 792 783 quam
816 712 1040 774 caetera,
1076 714 1395 770 memoratis
1429 715 1752 772 custodibus
1781 732 2011 773 numero

429 805 633 859 tradita
662 812 791 861 sunt
818 805 886 859 ad
912 805 1171 871 tutelam;
1200 806 1530 861 uttraditum
1561 807 1663 863 sibi
1694 823 2005 876 numerum,

430 897 644 952 salvum
675 897 1059 969 integrumque
1092 898 1470 954 restituerent.
1504 895 1630 954 Haec
1664 914 1831 970 porro
1859 899 2007 956 dicta

430 1003 497 1042 ex
538 985 841 1045 Salvatoris
871 1005 1005 1045 voce
1035 990 1328 1062 intelligas,
1366 1006 1475 1061 qua
1508 992 1657 1062 ipsos
1703 993 2008 1064 discipulos

427 1089 483 1135 et
509 1082 810 1151 apostolos,
841 1083 936 1151 qui
964 1097 1063 1136 ceu
1107 1089 1293 1138 turres
1326 1083 1538 1139 caeteris
1570 1084 1817 1143 aediliciis
1869 1102 2008 1157 prae-

428 1172 666 1238 stabant,
699 1174 782 1228 sic
825 1173 1208 1244 alloquebatur
1236 1190 1248 1227 :
1292 1172 1467 1229 Vestri
1496 1184 1673 1230 autem
1703 1176 1886 1247 capilli
1915 1194 2010 1231 ca-

424 1264 549 1331 pitis
580 1280 755 1319 omnes
779 1265 1044 1319 numerati
1075 1274 1197 1318 sunt
1226 1265 1290 1318 ²³.
1321 1262 1457 1319 Nam
1487 1267 1580 1337 qui
1611 1268 1763 1338 ipsos
1793 1268 1863 1322 ad
1887 1274 2006 1322 tan-

420 1362 538 1407 tam
574 1354 966 1409 sublimitatem
1016 1354 1219 1417 evexit,
1271 1365 1325 1409 et
1378 1352 1643 1411 Ecclesiae
1676 1371 1792 1411 sum
1823 1364 2005 1413 turres

426 1446 737 1511 constituit,
792 1462 861 1501 ne
908 1447 1042 1518 quid
1099 1447 1169 1501 ab
1217 1446 1457 1503 inimicis
1493 1448 1620 1502 mali
1650 1455 1999 1519 paterentur,

426 1538 730 1608 majoribus
783 1539 932 1609 ipsos
978 1538 1323 1601 custodibus,
1357 1538 1612 1594 videlicet
1660 1540 1867 1595 sanctis
1897 1554 2000 1594 an-

423 1633 557 1705 gelis
589 1631 774 1688 tradit.
820 1630 975 1687 Unde
1031 1632 1086 1686 in
1136 1630 1366 1687 Actibus
1409 1632 1803 1703 apostolorum,
1841 1630 1999 1702 gnari

2128 534 2722 604 ’Δκύλας,Ψηερίσατε,
2747 536 2899 608 φησὶ,
2919 538 3183 608 πύργους
3201 538 3411 610 αὐτῆς·
3436 543 3466 594 6
3488 528 3547 595 δέ
3563 538 3689 616 Σύμ

2115 644 2320 697 μαχος·
2368 627 2782 697 Ἀριθμήσατε.
2839 628 3092 684 Μάλιστα
3123 630 3233 702 γάρ
3280 630 3349 685 τά
3397 632 3702 706 ἐξοχώτατα

2109 716 2218 772 τῶν
2277 718 2727 790 οἰκοδομημάτων
2761 719 2854 772 καὶ
2885 718 2954 773 τά
2980 720 3300 793 ὀχυρώτατα
3341 723 3442 795 τῆς
3474 726 3700 797 πόλεως,

2111 809 2187 873 ὡς
2211 810 2277 864 ἂν
2302 810 2586 882 κρείττονα
2610 810 2705 863 καὶ
2732 810 2839 864 τῶν
2874 809 3077 865 λοιπῶν
3101 813 3524 890 ἀναγκαιότερα,
3555 819 3688 873 δέδο-

2107 919 2199 969 ται
2239 903 2337 957 σὺν
2370 902 2592 975 ἀριθμῷ
2624 905 2735 966 τοῖς
2782 904 3093 975 εἰρημένοις
3121 912 3378 981 φρουροῖς
3410 910 3695 983 φυλάττειν

2108 991 2404 1063 ἐπιμελῶς,
2433 992 2511 1056 ὡς
2538 991 2603 1046 ἂν
2633 993 2943 1065 παραδῶσιν
2964 994 3198 1066 ἔμπαλιν
3228 997 3365 1055 σῶον
3393 1002 3486 1055 καὶ
3513 1003 3694 1077 πλήρη

2106 1082 2165 1136 ὃν
2214 1082 2584 1155 παρειλήφασι
2638 1083 2890 1156 ἀριθμόν.
2967 1086 3201 1158 Νοήσεις
3233 1088 3289 1142 δὲ
3320 1089 3381 1143 τὸ
3407 1090 3705 1165 λεγόμενον

2107 1172 2215 1226 ἀπὸ
2255 1173 2353 1244 τῆς
2388 1172 2655 1245 σωτηρίου
2701 1174 2918 1245 φωνῆς,
2952 1174 3019 1227 δι’
3046 1170 3114 1247 ἧς
3144 1180 3255 1242 τοῖς
3304 1180 3484 1246 αὐτοῖς
3518 1183 3666 1257 μαθη

2105 1269 2224 1330 ταῖς
2259 1266 2354 1320 καί
2384 1267 2734 1334 ἀποστόλοις,
2769 1270 2883 1331 τοῖς
2919 1268 3161 1341 ὡσπερεὶ
3194 1269 3423 1344 πύργοις
3449 1273 3686 1346 έξέχουσι

2104 1362 2201 1413 καὶ
2227 1360 2539 1431 διαφέρουσι
2568 1361 2666 1430 τῆς
2694 1359 2886 1432 λοιπῆς
2920 1359 3228 1431 οἰκοδομῆς,
3259 1362 3442 1433 ἔλεγεν
3461 1381 3475 1395 ·
3506 1365 3703 1437 Ὑμῶν

2102 1452 2172 1507 δὲ
2201 1453 2300 1507 καὶ
2326 1456 2387 1506 αἱ
2410 1453 2605 1522 τρίχες
2640 1451 2750 1521 τῆς
2780 1451 3054 1521 κεφαλῆς
3085 1450 3273 1507 πᾶσαι
3298 1454 3682 1526 ἠριθμημέναι

2101 1544 2280 1598 εἰσίν.
2344 1543 2400 1597 Ὁ
2432 1543 2540 1614 γὰρ
2560 1544 2641 1607 εἰς
2669 1543 2920 1597 τοσοῦτον
2955 1542 3088 1613 ὕψος
3111 1543 3306 1609 αὐτοὺς
3330 1546 3563 1619 ἐπάρας,
3595 1551 3685 1603 καὶ

2103 1635 2343 1707 πύργους
2375 1635 2473 1707 τῆς
2525 1634 2850 1715 Ἐκκλησίας
2884 1635 3047 1689 αὑτοῦ
3082 1636 3429 1708 καταστήσας
3452 1678 3467 1704 ,
3514 1638 3590 1704 ὠς
3621 1640 3681 1694 ἂν

423 1725 671 1794 singulos
708 1723 1017 1779 Servatoris
1060 1723 1358 1795 discipulos
1405 1724 1734 1794 quibusdam
1791 1725 1987 1797 angelis

2108 1728 2181 1798 μή
2215 1741 2335 1780 τινα
2369 1725 2592 1780 πάθοιεν
2626 1725 2730 1779 ὑπὸ
2762 1725 2867 1780 τῶν
2900 1725 3107 1797 ἐχθρῶν
3127 1766 3141 1789 ,
3197 1724 3437 1797 μείζοσιν
3488 1729 3685 1794 αὐτοὺς

414 1817 653 1871 traditos
683 1831 825 1880 esse,
867 1817 1219 1872 renuntiante
1251 1816 1453 1887 puella,
1486 1815 1708 1871 Petrum
1730 1832 1875 1881 esse,
1904 1819 1987 1888 qui

2101 1814 2353 1886 φύλαξιν,
2412 1817 2588 1887 ἁγίοις
2611 1817 2864 1887 ἀγγέλοις
2887 1858 2901 1882 ,
2946 1818 3331 1889 παραδίδωσιν.
3404 1818 3598 1875 Ἔνθεν
3628 1822 3688 1874 ὲν

414 1908 639 1978 januam
664 1909 1001 1980 pulsaverat,
1019 1909 1217 1980 reliqui
1258 1908 1515 1980 discipuli
1541 1908 1821 1974 dixerunt,
1851 1908 1998 1963 Num

420 2001 637 2071 mtgelus
662 2002 775 2072 ejus
808 2010 887 2057 est
908 1998 1136 2056 ’δῖ’-1ηιο
1164 2001 1331 2058 etiam
1356 2002 1425 2056 de
1454 2002 1671 2072 pusillis
1702 2001 1757 2056 in
1808 2001 1999 2057 Eccle-

418 2096 498 2149 sia
529 2091 792 2150 Servatur
837 2090 954 2150 haec
999 2093 1168 2148 tradit
1201 2112 1216 2149 :
1252 2092 1397 2148 Nam
1439 2094 1615 2165 angeli
1645 2110 1829 2149 eorum
1857 2111 1996 2148 sem-

416 2200 507 2238 uer
534 2184 713 2240 vident
749 2185 941 2254 faciem
970 2184 1149 2238 Patris
1172 2184 1295 2249 mei,
1322 2185 1412 2254 qui
1438 2185 1493 2237 in
1521 2184 1667 2238 caelis
1694 2193 1773 2239 est
1801 2184 1869 2241 ³⁸.
1897 2183 1996 2239 Ju-

416 2291 477 2330 re
506 2291 637 2345 ergo
669 2277 738 2332 iis
772 2277 1033 2346 praesenti
1081 2289 1338 2333 sermone
1380 2276 1699 2346 praecipitur
1736 2294 1749 2330 :
1784 2274 1994 2330 Nume-

416 2379 532 2422 rate
574 2377 746 2423 turres
796 2368 931 2438 ejus.
982 2368 1246 2442 Deinceps
1273 2384 1443 2424 vero:
1482 2368 1669 2423 Ponite
1698 2368 1861 2423 corda
1908 2386 1992 2424 ve—

414 2471 527 2515 stra
560 2462 612 2514 in
640 2448 833 2515 uirtute
865 2462 1001 2530 ejus,
1043 2470 1094 2516 et
1122 2461 1427 2515 distribuite
1478 2462 1662 2516 domos
1717 2462 1867 2530 ejus;
1903 2476 1991 2518 se-

412 2553 652 2608 cundum
690 2551 1082 2625 Symmachum
1122 2561 1327 2617 autem,
1363 2552 1552 2608 Ponite
1594 2554 1764 2608 corda
1815 2562 1990 2609 uestra

412 2648 466 2699 in
491 2644 748 2699 ambitum
777 2644 893 2716 ejus
916 2661 935 2699 :
964 2646 1224 2699 metimini
1257 2645 1455 2715 regiam
1484 2645 1619 2714 ejus.
1648 2643 1774 2701 Hinc
1805 2645 1989 2700 omnia

410 2753 570 2803 agere
601 2736 866 2805 iubentur
887 2737 1148 2793 custodes
1171 2736 1433 2793 Ecclesiae
1461 2756 1473 2791 :
1501 2735 1988 2793 Castrametabitur

375 2872 379 2878 λ
407 2829 550 2883 enim
586 2828 806 2898 angelus
840 2826 1056 2883 Domini
1088 2830 1143 2882 in
1171 2830 1400 2883 circuitu
1429 2830 1727 2884 timentium
1762 2846 1904 2896 eum,
1928 2839 1987 2885 et

405 2920 588 2988 eripiet
642 2936 730 2974 eos
761 2921 828 2975 ".
877 2920 1028 2987 Quas
1078 2928 1261 2977 autem
1290 2920 1489 2977 domus
1523 2921 1750 2985 indicat,
1778 2922 1886 2978 nisi
1917 2922 1986 2980 de

403 3011 607 3082 quibus
635 3027 801 3081 supra
832 3012 1140 3077 dicebatur,
1187 3012 1330 3068 Deus
1360 3014 1417 3067 in
1457 3012 1702 3070 domibus
1730 3014 1857 3085 ejus
1887 3031 1983 3070 ce-

402 3106 696 3175 gnoscitur,
734 3121 855 3158 eum
890 3106 1141 3175 suscipiet
1178 3108 1338 3161 eam?
1364 3104 1485 3161 Jam
1516 3106 1837 3163 dicebamus
1880 3121 1980 3177 per

403 3198 679 3254 civitatem
711 3197 808 3253 Dei
859 3198 1087 3271 intelligi
1116 3199 1435 3270 religiosum
1473 3214 1636 3254 onme
1662 3199 1977 3255 institutum

403 3288 463 3343 in
500 3291 758 3345 universa
812 3297 958 3345 terra
1010 3290 1341 3357 stabilitum;
1397 3305 1494 3360 per
1540 3288 1733 3345 domos
1767 3296 1974 3355 autem,

401 3382 667 3437 ecclesias
713 3382 959 3453 singulas
986 3382 1155 3438 variis
1203 3382 1259 3435 in
1304 3382 1439 3437 locis
1468 3381 1700 3451 positas.
1737 3379 1979 3453 Singula:

403 3481 586 3529 autem
621 3475 728 3530 illae
780 3473 1039 3546 praesenti
1094 3487 1349 3528 sermone
1397 3472 1656 3528 distribui
1690 3472 1971 3543 iubentur.

402 3558 530 3614 Vult
578 3561 725 3617 enim
778 3561 1029 3633 singulos
1059 3560 1286 3633 angelos
1318 3561 1680 3617 ecclesiarum
1729 3561 1976 3633 singula-

403 3668 522 3706 rum
554 3653 659 3707 sibi
688 3655 1112 3710 commissarum
1142 3656 1398 3712 custodes
1450 3671 1593 3713 esse.
1638 3655 1848 3713 Postea
1893 3657 1974 3713 sic

400 3744 628 3807 claudit,
665 3755 723 3797 ut
747 3746 1007 3801 enarretis
1042 3748 1097 3801 in
1125 3749 1370 3818 progenie
1405 3749 1601 3804 altera.
1639 3747 1972 3820 Angelorum

400 3835 546 3890 enim
585 3845 703 3892 erat
751 3838 984 3896 virtutes
1018 3837 1112 3895 Dei
1167 3855 1265 3911 per
1304 3840 1551 3896 diversas
1589 3841 1972 3912 generationes

395 3943 652 3986 enanare
684 3944 868 4000 posse.
905 3929 977 3985 Et
1005 3933 1258 4003 quoniam
1288 3932 1372 3986 hic
1401 3941 1479 3988 est
1508 3932 1650 3988 Deus
1691 3933 1830 3989 Deus
1863 3950 1974 3989 ne—

382 4030 503 4073 rstcr
530 4022 585 4074 in
615 4031 873 4076 telernum
914 4032 965 4078 et
1002 4025 1057 4077 in
1100 4025 1355 4079 swculum
1390 4027 1613 4090 sa’culi,
1651 4027 1761 4097 ipse
1793 4035 1973 4097 pascet

394 4128 490 4166 nos
522 4113 577 4166 in
604 4115 804 4168 alecula
838 4130 857 4169 :
908 4130 1006 4171 vos
1037 4116 1262 4185 quidem
1293 4133 1394 4172 ceu
1432 4124 1643 4174 tutores
1675 4117 1888 4175 fueritis
1917 4127 1971 4175 et

378 4204 548 4272 quasi
581 4205 838 4262 custodes
864 4206 1078 4278 gregis;
1105 4223 1363 4279 pecorum
1398 4216 1582 4264 autem
1610 4218 1802 4280 pastor
1829 4211 1970 4267 alius

392 4287 577 4352 fuerit.
596 4297 860 4364 Quisnam
888 4300 974 4355 ille
995 4302 1098 4356 nisi
1131 4302 1225 4372 qui
1244 4301 1380 4357 dixit
1404 4303 1447 4333 "
1478 4322 1491 4357 :
1521 4301 1630 4374 Ego
1651 4319 1767 4357 sum
1782 4313 1969 4374 pastor

393 4388 602 4444 bonus?

2098 1910 2218 1971 ταῖς
2262 1896 2503 1980 Πράξεσι
2533 1908 2641 1961 τῶν
2686 1908 2994 1962 ἀποστόλων
3016 1949 3031 1969 ,
3073 1908 3270 1974 εἰδότες
3292 1950 3307 1975 ,
3346 1908 3422 1975 ὡς
3453 1910 3689 1976 ἕκαστος

2097 1994 2205 2049 τῶν
2230 1996 2484 2068 μαθητῶν
2505 1996 2599 2051 τοῦ
2625 1997 2873 2068 Σωτῆρος
2894 1996 3144 2068 ἀγγέλοις
3166 1998 3275 2052 τισὶ
3302 1999 3661 2073 παραδέδοται

2094 2088 2192 2158 τῆς
2226 2089 2513 2160 παιδίσκης
2560 2088 2971 2161 ἀπαγγειλάσης
2992 2130 3007 2152 ,
3041 2086 3116 2154 ὡς
3162 2089 3270 2162 ἄρα
3301 2090 3507 2164 Πέτρος
3536 2095 3619 2166 εἰη
3646 2101 3676 2154 ὁ

2095 2179 2195 2252 τὴν
2214 2178 2381 2252 θύραν
2404 2181 2626 2246 παίσας,
2640 2181 2689 2233 οἰ
2710 2178 2885 2234 λοιποὶ
2912 2180 3149 2253 μαθηταί
3172 2181 3379 2251 ἔφασαν
3398 2200 3412 2213 ·
3436 2182 3673 2251 Μήποτε

2100 2272 2355 2344 ἅγγελος
2384 2274 2569 2329 αὑτοῦ
2599 2275 2728 2329 ἐστι
2745 2291 2764 2339 ;
2812 2275 3061 2330 Διδάσκει
3091 2276 3134 2329 δ’
3164 2272 3256 2330 οὖν
3290 2274 3381 2329 καὶ
3413 2278 3540 2348 περί
3571 2278 3673 2329 τῶι

2098 2361 2310 2432 μικρῶν
2355 2362 2414 2414 ὲν
2457 2366 2523 2433 τῇ
2568 2362 2860 2436 Ἐκκλησία
2888 2366 2916 2418 6
2945 2364 3133 2437 Σωτὴρ
3181 2362 3385 2434 λέγων’
3451 2370 3513 2420 Ol
3565 2368 3671 2437 γὰρ

2090 2454 2332 2526 ἄγγελοι
2359 2455 2561 2509 αὐτῶν
2578 2454 2676 2510 διὰ
2700 2454 2927 2522 παντὸς
2940 2454 3241 2521 βλέπουσι
3261 2457 3328 2511 τὸ
3349 2458 3669 2526 πρόσωπον

2089 2545 2198 2600 τοῦ
2218 2550 2448 2615 Πατρός
2470 2565 2590 2617 μου
2619 2548 2725 2602 τοῦ
2750 2548 2819 2602 ὲν
2846 2547 2971 2615 τοῖς
2995 2548 3289 2617 οὐρανοῖς.
3317 2547 3552 2612 Εἰκότως
3579 2544 3670 2603 οὖν

2089 2639 2414 2710 προστάττει
2461 2641 2491 2693 6
2542 2639 2733 2712 παρὼν
2772 2639 2927 2709 λόγος
2976 2640 3184 2704 τούτοις
3236 2640 3413 2704 αὐτοῖς
3460 2639 3633 2711 λέγων
3654 2659 3668 2673 υ

2100 2732 2492 2803 Ἀριθμήσατε
2544 2732 2687 2799 τοὺς
2729 2732 2996 2803 πύργους
3024 2731 3245 2802 αὐτῆς·
3293 2728 3392 2786 εἷθ’
3422 2732 3547 2805 ἑξῆς
3573 2734 3668 2788 τό·

2092 2825 2313 2893 Τάξατε
2333 2825 2439 2893 τὰς
2465 2824 2715 2894 καρδίας
2742 2825 2906 2896 ὑμῶν
2927 2828 3014 2891 είς
3042 2824 3156 2893 τὴν
3178 2824 3435 2895 δύναμιν
3458 2825 3669 2895 αὐτῆς,

2085 2920 2187 2976 καὶ
2211 2920 2636 2977 καταδιέλεσθε
2663 2919 2770 2985 τὰς
2794 2918 3006 2987 ,βάρεις
3038 2916 3227 2986 αὐτῆς
3255 2933 3273 2952 ο
3322 2917 3464 2972 κατὰ
3492 2918 3550 2972 δὲ
3579 2917 3670 2970 τὸν

2083 3009 2409 3083 Σύμμαχονο
2477 3008 2698 3074 Τάξατε
2743 3006 2850 3074 τὰς
2902 3007 3147 3076 καρδίας
3200 3005 3368 3077 ὑμῶν
3423 3008 3511 3073 εἰς
3563 3005 3670 3059 τὸν

2082 3107 2403 3175 περίϐολον
2412 3101 2619 3172 αὐτῆς·
2638 3098 3066 3170 διαμετρήσατε
3079 3099 3147 3152 τὰ
3155 3099 3442 3163 ,ϐασίλεια
3460 3096 3668 3166 αὐτῆς.

2081 3200 2268 3254 Πάντα
2312 3196 2486 3251 ταῦτα
2520 3195 2943 3268 προστάττονται
2995 3194 3163 3245 ποιεῖν
3194 3193 3243 3243 οἱ
3300 3190 3525 3261 φρουροὶ
3569 3189 3667 3260 τῆς

2096 3291 2420 3363 Ἐκκλησίας
2487 3286 2866 3359 Παραιϐαλεῖ
2898 3286 3006 3358 γὰρ
3033 3284 3286 3355 ἄγγελος
3314 3284 3534 3353 Κυρίου
3563 3285 3667 3338 xii-

2084 3386 2210 3451 adq)
2235 3381 2356 3436 τῶν
2377 3380 2765 3452 φοϐουμένων
2784 3377 2988 3442 αὐτὸν,
3021 3377 3119 3431 καί
3141 3377 3395 3444 ῥύσεται
3422 3375 3665 3442 αὐτούς.

2082 3476 2249 3540 Ποίας
2275 3474 2332 3528 δὲ
2350 3473 2537 3545 βάρεις
2570 3470 2809 3545 φησὶν,ῆ
2837 3469 2963 3541 περί
2989 3462 3063 3523 ὧν
3092 3469 3186 3521 καὶ
3210 3467 3464 3539 ἀνωτέρω
3485 3466 3659 3537 ἐλέγεο

2079 3585 2173 3627 το·
2221 3568 2284 3621 '0
2328 3566 2472 3633 Θεὸς
2514 3567 2585 3621 ἐν
2616 3564 2745 3633 ταῖς
2772 3561 3030 3631 ,ϐάρεσιν
3061 3560 3248 3629 αὐτῆς
3294 3558 3664 3630 γινώσκεται,

2083 3661 2232 3716 ὅταν
2261 3658 2768 3730 ἀνταὶαμϐἀνηται
2800 3654 3033 3722 aonie;
3081 3653 3369 3724 Ἐλέγομεν
3420 3653 3475 3706 δὲ
3511 3652 3666 3706 πόλιν

2083 3756 2183 3829 μὲν
2210 3754 2446 3811 νοεῖσθαι
2479 3755 2587 3808 πᾶν
2610 3754 2672 3807 τὸ
2705 3750 2953 3814 θεοσεϐὲς
2982 3749 3280 3819 πολίτευμα
3306 3747 3367 3801 τὸ
3394 3747 3516 3802 καθ’
3539 3747 3668 3819 ὅλης

2078 3850 2180 3921 τῆς
2204 3849 2548 3919 οἰκουμένης,
2583 3847 2769 3918 βάρεις
2793 3845 2851 3898 δὲ
2878 3843 3047 3913 αὐτῆς
3076 3841 3174 3905 τὰς
3203 3840 3344 3894 κατὰ
3377 3841 3540 3913 μέρος
3572 3841 3666 3893 καὶ

2080 3935 2222 3991 κατὰ
2250 3936 2416 3990 τόπον
2443 3933 2757 4007 ἐκκλησίας.
2829 3931 3001 3995 Αὐτὸς
3044 3926 3136 3983 οὖν
3161 3930 3362 3994 ταύτας
3393 3931 3488 3994 τὰς
3522 3930 3665 3983 κατὰ

2083 4029 2248 4101 μέρος
2272 4031 2300 4082 6
2325 4029 2517 4100 παρὼν
2546 4026 2867 4099 προστάττει
2896 4026 3053 4096 λόγος
3076 4023 3503 4081 καταδιελέσθαι.
3531 4021 3664 4074 Bod-

2078 4124 2227 4177 λεται
2257 4122 2367 4195 γὰρ
2393 4122 2626 4177 ἕκαστον
2653 4122 2760 4175 τῶν
2780 4121 3026 4190 ἀγγέλων
3049 4119 3444 4192 ἀφωρισμένως
3472 4117 3663 4189 ἐκκλη-

2080 4216 2209 4270 σιῶν
2230 4234 2392 4270 τινων
2419 4215 2653 4287 φρουρὸν
2671 4213 2979 4285 ἐπιστῆσαι.
3015 4208 3127 4265 Εἶτ’
3150 4210 3389 4279 ἐπιλέγει
3413 4209 3623 4272 τούτοις
3640 4226 3655 4238 ο

2079 4309 2277 4376 Ὅπως
2299 4308 2377 4362 ἂν
2404 4306 2782 4377 διηγήσησθε
2818 4306 2904 4371 εἰς
2931 4304 3144 4372 γενεὰν
3177 4302 3409 4371 ἑτέραν.
3471 4300 3660 4369 Ἀγγέ-

2075 4401 2181 4456 λων
2213 4401 2321 4473 γάρ
2367 4397 2454 4473 [ἦν
2486 4400 2547 4453 τὸ
2578 4402 2659 4464 εἰς
2704 4396 2896 4469 γενεὰς
2935 4395 3223 4467 διαφόρους
3267 4392 3524 4447 δύνασθαι
3561 4391 3659 4455 τὰς

390 4486 591 4558 ἀρετὰς
626 4486 719 4540 τοῦ
771 4486 907 4540 Θεοῦ
944 4488 1323 4561 διηγήσασθαι.
1364 4492 1475 4544 Καὶ
1514 4492 1603 4547 ὅτι
1649 4490 1828 4563 οὗτός
1862 4498 2034 4552 ἐστιν
2071 4501 2104 4551 ὁ
2144 4498 2289 4565 Θεὸς
2343 4502 2376 4553 ὁ
2423 4497 2567 4563 Θεὸς
2613 4494 2783 4567 ἡμῶν
2817 4496 2904 4561 εἰς
2935 4492 3241 4549 τὸναίῶνα
3262 4491 3359 4546 καί
3406 4494 3495 4559 είς
3549 4489 3650 4544 τὸν

391 4574 574 4631 αι’ῶνα
609 4577 716 4633 τοῦ
738 4576 980 4646 αἰῶνος·
1043 4583 1224 4649 αὐτὸς
1260 4584 1541 4653 ποιμανεῖ
1575 4586 1732 4657 ἡμᾶς
1767 4593 1853 4657 εὶς
1890 4591 2031 4658 τοὺς
2073 4592 2313 4659 αἰῶνας.
2367 4593 2554 4665 Ὑμεῖς
2615 4593 2712 4663 μὲν
2749 4589 2858 4663 γὰρ
2891 4588 3118 4662 φρουροὶ
3144 4586 3210 4641 ἂν
3237 4586 3384 4648 εἴητε
3423 4586 3517 4639 καὶ
3546 4582 3648 4636 ῶσ-

389 4686 496 4741 περ
524 4670 769 4742 ῑποίμνης
824 4672 1061 4742 φύλακες
1084 4692 1097 4705 ·
1128 4675 1157 4726 6
1193 4675 1251 4728 δὲ
1284 4676 1391 4730 τῶν
1423 4675 1752 4751 θρεμμάτων
1784 4687 1989 4760 ποιμὴν
2016 4687 2176 4751 ἄλλος
2205 4686 2270 4741 ἂν
2299 4686 2404 4758 εἴη.
2449 4685 2545 4750 Τίς
2571 4684 2629 4738 δὲ
2648 4676 2856 4754 οὗτοςῆ
2879 4685 2906 4737 6
2926 4681 3126 4736 εἰπών·
3164 4678 3308 4749 Ἐγώ
3330 4680 3445 4748 ειμι
3468 4679 3502 4732 ό
3521 4690 3641 4730 ποι-

387 4763 514 4833 μὴν
530 4768 562 4818 ὁ
584 4766 814 4836 καλέω

434 4874 576 4932 1.’1Ν
615 4874 1067 4954 FINEM,FILIIS
1103 4880 1285 4936 CORE
1326 4882 1646 4943 PSALMUS
1684 4888 1909 4948 XLVIII.

459 4987 712 5059 Oportuit
744 4990 884 5047 ﬁlios
910 4992 1073 5057 Core,
1099 4997 1192 5065 qui
1224 4997 1399 5065 prima
1440 5014 1541 5055 suo
1571 5009 1815 5074 tempore
1843 5021 1969 5076 pro~

389 5084 650 5148 tulerant,
680 5092 733 5140 et
765 5086 1005 5140 secunda
1037 5089 1448 5155 annuntiaraut,
1491 5107 1554 5147 ac
1582 5093 1805 5166 insuper
1837 5112 1970 5167 gen-

388 5179 522 5239 tium
553 5180 897 5234 vocationem
938 5180 1395 5251 pradicaverant,
1420 5193 1476 5240 et
1507 5202 1628 5258 quas
1662 5187 1966 5246 Ecclesiam

390 5269 482 5325 Dei
507 5272 831 5341 spectabant
862 5273 1239 5341 tradiderant;
1274 5285 1396 5346 post
1443 5276 1559 5334 haec
1588 5279 1657 5335 de
1706 5296 1968 5337 consum.-

2075 4891 2182 4945 ΕΙΣ
2211 4891 2298 4945 TU
2331 4888 2735 4955 ΤΕΛΟΣ,Το1Σ
2767 4885 2946 4941 ΥΙΟΙΣ
2978 4882 3160 4938 ΚΟΡΕ
3189 4879 3483 4934 ΨΛΛΜΟΣ
3511 4878 3653 4938 MH’.

2147 5005 2295 5058 Ἔδει
2317 5004 2374 5057 δὲ
2397 5004 2523 5068 τοὺς
2547 5003 2697 5067 υἱοὺς
2734 5002 2909 5073 Κορὲ,
2960 4998 3027 5051 τὰ
3065 4995 3256 5069 πρῶτα
3288 4993 3428 5049 κατὰ
3461 4991 3646 5064 καιρὸν

2072 5096 2452 5167 ἐκθεμένους,ο
2474 5095 2569 5148 καὶ
2596 5094 2665 5148 τά
2693 5091 2921 5163 δεύτερα
2949 5086 3472 5159 εὐαγγελισαμένους
3490 5124 3504 5148 ,
3558 5086 3645 5137 ἐπὶ

2070 5191 2282 5253 τούτοις
2302 5205 2362 5241 τε
2383 5188 2480 5260 τὴν
2509 5186 2618 5240 τῶν
2640 5185 2810 5238 ὲθνιῐν
2824 5183 3020 5253 κλῆσιν
3041 5199 3110 5253 κη
3120 5180 3401 5251 ρύξαντας,
3424 5174 3495 5229 τά
3519 5176 3645 5247 περὶ

2064 5282 2164 5353 τῆς
2209 5280 2537 5353 Ἐκκλησίας
2569 5278 2664 5333 τοῦ
2709 5276 2844 5331 Θεοῦ
2885 5275 3257 5347 παραδόντας,
3295 5269 3431 5342 μετὰ
3470 5269 3645 5324 πάντα

387 5364 626 5419 matione
648 5364 935 5434 praesentis
957 5367 1080 5422 vitae
1099 5375 1157 5422 et
1186 5366 1356 5423 divini
1376 5367 1568 5438 judicii
1591 5372 1964 5430 testimonium

2090 5373 2525 5447 ὶιαμαρτύρεσθαι
2552 5372 2621 5426 τά
2645 5371 2775 5442 περὶ
2800 5370 2901 5441 τῆς
2931 5366 3233 5431 συντελείας
3256 5362 3351 5417 τοῦ
3379 5361 3645 5433 παρόντος

387 5453 573 5511 ferre:
612 5455 669 5509 in
698 5472 808 5527 quo
838 5473 1044 5511 omnem
1092 5452 1392 5513 creaturam
1445 5464 1669 5519 adducet
1716 5461 1860 5517 Deus
1908 5467 1964 5520 in

382 5541 722 5613 judicium”,
751 5556 802 5601 et
832 5562 1007 5601 omnes
1044 5548 1302 5603 tribunali
1353 5536 1446 5603 Dei
1476 5552 1745 5619 sistentur,
1790 5562 1847 5607 ut
1877 5571 1959 5610 re-

2067 5465 2182 5537 βίου
2217 5468 2311 5521 καὶ
2335 5465 2431 5520 τοῦ
2460 5464 2606 5519 θείου
2635 5461 3044 5533 δικαιωτηρίου⁹
3082 5460 3140 5511 ὲν
3167 5451 3212 5526 ᾧ
3237 5455 3359 5512 πᾶν
3385 5455 3450 5509 τὸ
3474 5454 3647 5520 ποίη-

2055 5575 2143 5629 ,ιια
2173 5557 2303 5623 ἄξει
2335 5563 2370 5613 ό
2399 5558 2543 5632 Θεὸς
2563 5560 2650 5624 είς
2689 5556 2925 5626 κρίσιν,
2958 5554 3057 5608 καὶ
3086 5550 3308 5615 πάντες
3337 5559 3647 5617 παραστη-

349 5670 501 5785 έῂη
535 5698 729 5785 Matth.
764 5719 817 5761 ιι.
853 5703 941 5760 50.
1019 5706 1065 5737 ’⁵
1104 5704 1224 5761 Act.
1265 5722 1362 5776 xu,
1394 5706 1481 5761 l3.
1560 5709 1603 5741 "
1625 5709 1815 5770 Matth,
1853 5730 1987 5772 χνιη

2095 5717 2154 5775 οο
2228 5718 2274 5751 ¹⁶
2311 5716 2457 5775 Psal.
2490 5720 2699 5785 xxxm,’
2719 5716 2772 5773 8.
2852 5716 2895 5749 ¹⁷
2929 5712 3089 5771 Joan.
3119 5705 3300 5780 x,’.,ll.
3377 5702 3423 5738 "
3462 5701 3640 5759 Eccle.

382 5780 457 5821 ιιι
477 5813 493 5843 ,
532 5766 616 5820 Η.
