4098 6432
410 399 515 455 129

1549 401 2055 454 (.UMMEN'IABIA
2093 400 2157 452 ΙΝ
2198 399 2534 457 PSALMOS.

3571 405 3674 458 ιδ’)

423 522 651 591 σόμεθα
675 517 756 585 τῷ
781 518 1009 587 ,ϐήματι
1045 518 1150 571 τοῦ
1181 518 1327 571 Θεοῦ
1347 558 1361 579 ,
1392 518 1495 570 ἵνα
1523 520 1837 587 κομίσηται
1865 518 2000 571 ἕκα-

2115 518 2239 570 Γεναι
2262 520 2612 589 unusquisque
2642 520 2857 587 propria
2881 519 3140 586 corporis,
3178 527 3331 587 prout
3365 520 3542 589 gessit,
3568 522 3675 573 sive

426 629 574 678 στος
602 608 675 663 τὰ
713 609 811 663 διὰ
835 608 942 662 τοῦ
971 608 1243 677 σώματος
1262 649 1277 671 ,
1311 609 1461 678 πρὸς
1499 608 1538 663 ἁ
1568 609 1860 678 ἔπραξεν,
1894 610 1998 663 εἴτ’

428 703 671 774 ἀγαθὸν,
697 701 816 755 εἶτε
841 701 1096 771 φαῦλον.
1142 702 1478 770 ’Λναγκαίως
1499 703 1675 755 τοίνυν
1704 703 1879 756 πάντα
1901 721 2000 756 κα-

429 797 513 850 λεῖ
563 795 632 849 τὰ
684 794 811 866 ἔθνη
869 795 961 847 ἐπὶ
990 793 1087 865 τὴν
1117 794 1223 847 τῶν
1256 795 1665 867 λεχθησομένων
1718 797 1997 868 ἀκρόασιν.

442 888 530 951 Ὠς
550 885 659 959 γὰρ
677 887 768 940 ἐπὶ
793 885 892 956 τὴν
921 887 1191 959 σωτηρίαν
1210 889 1317 941 πᾶν
1351 889 1504 956 γένος
1541 887 1838 961 ἀνθρώπιον
1864 907 2004 961 παρ-

434 979 630 1041 εκάλει,
661 978 755 1031 τὸν
780 977 1154 1050 αὐτὸντρόπον
1182 980 1275 1034 καὶ
1301 981 1392 1033 ἐπὶ
1418 981 1516 1051 τὴν
1544 981 1887 1034 διδασκαλίαν
1904 984 2005 1052 τῆς

430 1072 575 1135 θείας
629 1070 864 1141 κρίσεως
911 1068 1048 1141 ὁμοῦ
1100 1070 1308 1135 πάντας
1353 1071 1701 1125 ἀνακαλεῖται
1745 1072 1968 1140 φάσκων
1988 1090 2002 1103 ·

502 1161 823 1215 Ἀκούσατε
871 1161 1078 1225 ταῦτα,
1101 1161 1297 1216 πάντα
1333 1163 1405 1216 τὰ
1434 1163 1602 1230 ἔθνη,
1617 1163 2002 1228 ἐνωτίσασθε,

426 1253 647 1320 πάντες
672 1257 727 1308 οὶ
755 1253 1168 1321 κατοικοῦντες
1185 1255 1300 1323 τὴν
1320 1256 1703 1326 σίκουμένην·
1726 1258 1782 1311 οἴ
1813 1275 1877 1311 τε
1902 1276 2005 1326 γνη-

427 1346 618 1419 τσγεῖς
634 1347 730 1401 καὶ
749 1346 865 1403 υίοὶ
884 1345 999 1401 τῶν
1015 1348 1354 1417 ἀνθρώπων,
1368 1350 1462 1403 ἐπὶ
1475 1349 1542 1403 τὸ
1557 1350 1703 1404 αὐτὸ
1715 1352 2006 1416 πλούσιος

427 1443 526 1500 καὶ
573 1442 782 1510 πένης.
850 1442 1062 1514 Ἐπειδὴ
1091 1442 1197 1496 τῶν
1228 1442 1398 1496 ἐθνῶν
1431 1443 1500 1495 τὰ
1548 1442 1647 1513 μὲν
1696 1441 2004 1514 ἀγριώτερα

425 1533 682 1603 τυγχάνει
706 1535 764 1585 ὲν
789 1532 1012 1604 ἐρήμοις
1038 1531 1503 1603 σκηνοποιούμενα
1523 1573 1536 1596 ,
1565 1531 1636 1584 τὰ
1662 1531 1718 1584 δὲ
1737 1532 1827 1586 τὸν
1856 1531 2006 1586 πολι-

425 1620 578 1674 τικὸν
613 1622 931 1694 μετέρχεται
987 1622 1097 1693 βίον
1127 1623 1221 1676 καὶ
1251 1622 1349 1687 τὰς
1378 1639 1626 1695 γεωργου
1635 1623 1800 1693 μένας
1824 1622 2004 1695 χώρας

427 1714 597 1779 οἰκεῖ,
646 1714 964 1783 ἀναγκαίως
994 1714 1247 1786 ’διαστολῇ
1284 1713 1584 1787 κέχρηται,
1616 1715 1712 1767 καὶ
1745 1715 1884 1783 μετά
1906 1715 2005 1785 τὴν

429 1804 612 1878 κοινὴν
665 1805 857 1876 κλῆσιν
901 1800 1036 1858 τῶν⁴
1062 1805 1228 1859 ἐθνῶν
1250 1847 1265 1865 ,
1318 1806 1450 1860 ἴδιον
1481 1807 1689 1875 εἰσάγει
1721 1805 1906 1877 τάγμα
1939 1806 2004 1859 τὺ

2103 603 3044 676 bonum,sivemalum”,Necessario
3076 612 3241 681 igitur
3262 627 3453 667 omnes
3484 621 3674 682 gentes

2101 712 2296 759 evocat
2323 704 2388 757 ad
2426 704 2560 766 haec,
2591 719 2711 773 quae
2742 704 2974 760 dicenda
3006 713 3157 767 sunt,
3190 704 3483 760 audienda.
3517 703 3674 758 Sicut

2101 795 2247 849 enim
2271 802 2443 848 totum
2466 810 2638 862 genus
2662 794 2940 848 hominum
2969 795 3037 849 ad
3071 796 3300 849 salutem
3331 794 3672 857 hortabatur,

2101 887 2293 941 eodem
2327 886 2491 941 modo
2522 885 2590 939 ad
2622 885 2926 939 doctrinam
2957 886 3149 955 judicii
3177 885 3347 940 divini
3382 900 3571 941 omnes
3602 886 3677 940 si-

2101 980 2214 1034 mul
2239 979 2431 1033 invitat
2453 978 2641 1034 dicens
2668 994 2682 1029 :

2177 1156 2347 1213 Vrsas.
2389 1158 2448 1222 2,
2476 1159 2528 1213 5.
2562 1158 2754 1212 Audite
2796 1160 2927 1225 lucc,
2978 1175 3155 1214 omnes
3196 1168 3405 1230 gentes,
3458 1157 3677 1212 auribus

2102 1251 2371 1319 percipite,
2419 1267 2595 1305 omnes
2635 1252 2725 1322 qui
2772 1251 3024 1306 habitatis
3065 1251 3262 1315 orbem,
3305 1252 3492 1322 quique
3524 1253 3678 1305 terri-

2105 1358 2250 1411 gente
2284 1353 2332 1396 et
2363 1342 2464 1411 ﬁlii
2505 1341 2802 1401 hominum.
2832 1343 2993 1397 simul
3029 1344 3085 1397 in
3115 1358 3283 1397 unum
3305 1343 3446 1397 dives
3471 1352 3520 1397 et
3539 1359 3676 1411 pau-

2106 1447 2220 1500 per.
2251 1432 2519 1499 Quoniam
2549 1449 2620 1488 ex
2647 1435 2903 1504 gentibus
2932 1435 3183 1490 rudiores
3207 1434 3299 1489 alii
3321 1441 3468 1499 sunt,
3496 1436 3593 1505 qui
3622 1436 3679 1489 in

2108 1528 2346 1584 desertis
2377 1527 2660 1595 habitant;
2701 1528 2792 1581 alii
2830 1543 2961 1583 vero
2990 1529 3290 1584 civiliorem
3316 1531 3483 1584 vitam
3512 1545 3678 1601 agen-

2108 1628 2213 1685 tes,
2263 1619 2440 1675 cultas
2480 1626 2660 1675 terras
2708 1618 3098 1690 frequentant;
3147 1622 3500 1678 distinctione
3543 1638 3679 1677 usus

2106 1710 2426 1766 necessario
2469 1719 2595 1766 est:
2643 1726 2710 1767 ac
2753 1726 3041 1782 postquam
3088 1714 3368 1768 communi
3412 1715 3681 1770 vocabulo

2108 1811 2297 1872 gentes
2345 1802 2657 1872 appellavit,
2691 1802 3025 1871 peculiarem
3067 1803 3313 1858 ordinem
3350 1803 3561 1858 inducit
3586 1819 3682 1859 eo-

427 1896 539 1951 τῶν
582 1897 872 1951 οἰκούντων
901 1899 1001 1970 τὴν
1028 1899 1353 1970 οἰκουμένην
1373 1915 1387 1928 ο
1423 1897 1504 1951 διό
1533 1915 1697 1969 φησιν
1725 1914 1738 1925 ⁸
1772 1898 2005 1951 Ἐνωτί-

2115 1910 2229 1948 rum
2259 1893 2357 1964 qui
2391 1894 2639 1949 habitant
2665 1895 2887 1959 orbem;
2919 1909 3089 1964 quare
3115 1895 3225 1948 ait:
3248 1895 3481 1950 Auribus
3514 1897 3686 1965 perci-

421 1993 643 2058 Δσασθε,
661 1989 882 2057 πάντες
921 1993 975 2044 οὶ
1005 1976 1419 2057 κατοικοῦντεξ-
1462 1991 1578 2058 τὴν
1607 1990 1964 2060 οἰκουμένην
1986 2005 2001 2020 '

428 2077 464 2150 ἢ
498 2079 638 2133 κατά
686 2080 777 2132 τὸν
817 2080 1043 2134 Ἀκύλαν
1085 2080 1178 2133 καὶ
1208 2080 1298 2134 τὸν
1328 2080 1622 2151 Σύμμαχον
1641 2122 1656 2146 ,
1718 2083 1772 2134 οἱ
1805 2098 1971 2134 κατοι

429 2168 680 2236 κοῦντες
713 2169 831 2239 τὴν
860 2170 1192 2225 κατάδυσιν
1212 2188 1225 2201 ·
1262 2171 1405 2224 οὕτω
1433 2171 1491 2224 δὲ
1519 2171 1674 2224 καλεῖ
1698 2171 1800 2236 τὰς
1827 2172 2006 2236 πόλεις

427 2255 521 2308 καὶ
553 2255 652 2321 τὰς
680 2255 871 2329 κώμας
898 2260 993 2313 καὶ
1031 2260 1156 2324 τοὺς
1181 2258 1392 2325 οἴκους,
1424 2261 1482 2313 ὲν
1509 2255 1591 2324 οἷς
1622 2261 2006 2315 καταδύνουσιν

428 2350 479 2401 οἰ
506 2350 563 2402 ὲν
596 2350 778 2414 αὐτοῖς
805 2350 1203 2415 κατοικοῦντες.
1292 2349 1426 2406 Εἶτα
1470 2354 1631 2409 πάλιν
1660 2354 1859 2426 διαιρεῖ
1882 2356 2008 2417 τοὺς

428 2440 722 2512 οἰκήτορας
750 2440 852 2512 τῆς
883 2442 986 2515 γῆς
1010 2442 1230 2511 φάσκων
1248 2461 1261 2474 α
1287 2445 1355 2496 Οἵ
1385 2462 1449 2497 τε
1475 2445 1744 2515 γηγενεῖς
1769 2447 1864 2499 καὶ
1890 2447 2009 2500 υἱοὶ

429 2530 547 2583 τῶν
566 2530 890 2600 ἀνθρώπων
911 2550 924 2563 ·
948 2534 1070 2586 ἐπεὶ
1094 2534 1167 2605 μὴ
1202 2535 1360 2605 μόνον
1384 2535 1723 2607 ἐλευθέρους,
1756 2536 1893 2589 ἀλλὰ
1918 2540 2010 2590 καὶ

429 2624 490 2677 τὸ
505 2625 773 2678 οἰκετικὸν
791 2624 948 2694 γένος
976 2625 1257 2697 προσίεται
1278 2628 1368 2679 ἐπὶ
1388 2628 1486 2698 τὴν
1512 2628 1769 2700 ἀκρόασιν
1795 2668 1808 2690 ,
1832 2629 1865 2699 ἢ
1885 2630 2009 2691 τοὺς

428 2714 828 2787 ἀγροικώτερον
884 2717 1314 2787 μετερχομένους
1350 2718 1460 2787 βίον
1485 2760 1500 2784 ,
1554 2721 1649 2773 καὶ
1679 2722 1806 2783 τοὺς
1838 2720 2011 2783 ἄλλως

429 2799 490 2858 εὖ
521 2804 808 2872 γεγονότας
837 2807 933 2859 καὶ
974 2808 1180 2878 τροφῆς
1225 2806 1561 2878 ἠξιωμένους
1604 2809 1936 2880 ἐλευθερίουο
1977 2811 2009 2881 ἢ

431 2898 682 2966 γηγενεῖς
711 2896 809 2965 μὲν
833 2897 960 2960 τοὺς
988 2897 1087 2970 τὴν
1107 2898 1312 2970 ἔρημον
1338 2902 1507 2953 οἰκεῖν
1535 2901 1863 2971 ᾑρημένους,
1886 2900 2012 2965 τοὺς

424 2983 490 3036 ’δὲ
542 2984 844 3055 ἀνθρώπων
896 2987 1022 3049 τοὺς
1064 2987 1467 3059 ἡμερωτέρους.
1530 2991 1588 3042 Ὀ
1633 2990 1688 3042 δὲ
1717 2989 2013 3061 Σύμμαχος

431 3073 618 3127 τοῦτον
647 3077 961 3147 ἡρμήνευσε
988 3077 1079 3131 τὸν
1109 3079 1338 3150 τρόπον·
1394 3080 1476 3135 ’Ἠ
1518 3098 1582 3135 τε
1625 3082 2012 3151 ἀνθρωπότης

432 3166 532 3220 καί
561 3168 808 3234 προσέτι
841 3168 941 3222 καὶ
970 3170 1091 3223 υἱοὶ
1138 3170 1403 3227 ἑκάστου
1439 3172 1659 3242 ἀνδρός
1679 3191 1694 3206 ο
1732 3174 1810 3227 ἵν’
1925 3174 2013 3228 διὰ

2108 1989 2233 2058 pite,
2278 2004 2456 2042 omnes
2496 1987 2587 2058 qui
2633 1986 2889 2041 habitatis
2936 1988 3114 2042 orbem
3143 2005 3161 2042 :
3212 1988 3330 2042 sive
3380 1986 3684 2041 secundum

2107 2079 2360 2149 Aquilam
2394 2088 2450 2134 et
2481 2077 2890 2150 Symmachum,
2925 2079 3017 2148 qui
3065 2078 3317 2132 habitatis
3365 2076 3683 2140 latibulum;

2110 2174 2191 2228 sic
2223 2188 2381 2229 vet-0'
2408 2180 2571 2228 vocat
2620 2173 2804 2233 urbes,
2854 2172 3007 2227 vicos
3051 2180 3106 2225 et
3151 2170 3365 2235 domos,
3420 2171 3477 2224 in
3525 2171 3685 2241 queis

2109 2282 2230 2323 sese
2259 2266 2603 2322 abscondunt
2618 2264 2713 2334 qui
2739 2263 2986 2318 habitant
3004 2263 3061 2316 in
3088 2262 3246 2332 ipsis.
3265 2260 3532 2331 Deinceps
3556 2276 3687 2316 vero

2108 2367 2267 2413 terrae
2293 2357 2506 2412 incolas
2533 2355 2824 2427 distinguit
2849 2354 3040 2410 dicens
3069 2371 3081 2406 :
3109 2354 3314 2424 Quique
3337 2355 3608 2424 terrigena:
3635 2361 3688 2407 et

2110 2450 2212 2518 ﬁlii
2241 2448 2532 2502 honiinum.
2575 2446 2716 2513 Quia
2750 2463 2859 2502 non
2883 2447 3087 2502 liberos
3120 2455 3355 2510 tantum,
3379 2447 3474 2502 sed
3521 2446 3689 2501 etiam

2112 2540 2541 2595 domesticorum
2589 2553 2763 2609 genus
2796 2540 2864 2594 ad
2901 2538 3239 2594 audiendum
3280 2539 3548 2603 admittit,
3573 2538 3689 2593 sive

2111 2646 2207 2686 eos
2253 2631 2346 2699 qui
2380 2638 2653 2699 agrestem
2689 2632 2855 2684 vitam
2907 2632 3285 2695 instituerunt,
3337 2647 3547 2687 necnon
3591 2645 3689 2686 eos

2114 2721 2209 2790 qui
2232 2720 2456 2790 ingenui
2491 2730 2641 2785 sunt,
2671 2728 2727 2774 et
2754 2719 3054 2774 liberaliter
3074 2721 3293 2774 educati
3326 2738 3340 2774 :
3367 2720 3486 2776 sive
3523 2721 3687 2775 etiam

2113 2813 2437 2881 terrigenas,
2473 2813 2565 2881 qui
2595 2826 2839 2865 eremum
2873 2812 3112 2866 incolere
3140 2812 3404 2882 aggressi,
3429 2820 3484 2867 et
3512 2813 3689 2868 homi-

2112 2922 2245 2962 num
2287 2906 2721 2960 mansuetissimi
2761 2914 2914 2960 sunt.
2960 2902 3323 2975 Symmachus
3348 2913 3534 2959 autem
3585 2904 3691 2960 hoc

2114 2997 2276 3052 modo
2308 2997 2697 3065 interpretatus
2721 3002 2844 3049 est:
2873 2994 3143 3047 hominum
3175 3010 3357 3063 genus,
3388 3010 3451 3047 ac
3476 2993 3692 3062 insuper

2114 3091 2218 3160 ﬁlii
2245 3088 2655 3159 uniuscujusque
2694 3089 2822 3151 viri;
2850 3096 2907 3142 ut
2929 3088 3109 3158 priore
3142 3087 3287 3142 dicto
3316 3089 3370 3141 in
3400 3102 3692 3142 commune

2117 3191 2291 3237 totum
2326 3199 2497 3254 genus
2524 3182 2828 3245 hominum,
2850 3182 3156 3253 posteriore
3171 3191 3374 3247 autem,
3405 3181 3694 3251 unusquis-

432 3256 532 3328 μὲν
551 3256 645 3311 τοῦ
674 3259 937 3331 προτέρου
963 3261 1262 3327 καθολικῶς
1284 3265 1389 3317 πᾶν
1414 3265 1567 3333 γένος
1594 3264 1894 3337 ἀνθρώπων
1920 3267 2013 3339 δη-

2120 3292 2228 3346 que
2249 3276 2571 3346 singillatim
2604 3283 2861 3345 acceptus
2901 3274 3191 3330 indicetur.

430 3349 707 3421 λούμενον,
737 3351 825 3406 διὰ
850 3352 908 3405 δὲ
935 3353 1030 3407 τοῦ
1059 3354 1311 3427 δευτέρου
1345 3360 1373 3410 ὁ
1401 3357 1540 3411 κατὰ
1564 3359 1733 3430 μέρος
1762 3360 2008 3424 ἕκαστος.

508 3441 577 3496 Τὸ
611 3445 806 3512 στόμα
844 3460 963 3513 μου
1007 3444 1269 3512 λαλήσει
1297 3447 1554 3515 σοφίαν,
1595 3448 1692 3501 καὶ
1724 3450 1762 3516 ἡ
1791 3448 2012 3518 μελέτη

430 3530 541 3601 τῆς
571 3533 821 3601 καρδίας
843 3552 962 3603 μου
995 3535 1272 3589 σύνεσιν.
1308 3536 1507 3590 [meum
1537 3540 1624 3604 είς
1663 3538 2016 3607 παραϐολὴν

431 3624 500 3678 τὸ
545 3619 655 3689 οὖς
696 3642 851 3694 μου,
906 3627 1127 3691 ἀνοίξω
1154 3629 1224 3680 ἐκ
1266 3629 1579 3696 ψαλτηρίῳ
1607 3628 1672 3681 τὸ
1704 3629 2016 3699 πρόϐλημά

427 3733 569 3784 μου.
625 3716 812 3770 Ταῦτα
839 3717 898 3770 δὲ
929 3719 1023 3771 καὶ
1051 3719 1159 3771 ἀπὸ
1200 3719 1309 3772 τῶν
1349 3720 1659 3773 ἀποστόλων
1679 3720 1900 3775 δύναται
1928 3722 2016 3773 λέ-

435 3805 643 3872 γεσθαι.
664 3805 980 3876 Παραϐολὰς
994 3806 1053 3859 δὲ
1068 3805 1219 3859 καλεί
1232 3806 1356 3868 τοὺς
1372 3808 1516 3875 αίνιγ
1524 3805 1787 3876 ματώδεις
1802 3806 2010 3874 λόγους.

433 3896 545 3951 Καὶ
574 3896 682 3969 γὰρ
706 3899 734 3951 ό
760 3896 963 3968 Κύριος
980 3936 997 3959 ,
1027 3895 1408 3968 παραόολικῶς
1437 3898 1546 3959 τοῖς
1572 3895 1747 3967 ὄχλοις
1775 3895 2013 3963 διαλεγό-

439 4004 596 4059 μενος
613 4027 630 4052 ,
653 3991 767 4051 τοῖς
794 3989 1109 4051 ἀποστόλοις
1138 3988 1256 4042 κατ’
1282 3984 1425 4041 οἷκον
1446 3988 1647 4051 ταύτας
1666 3988 1859 4040 διέλυε.
1889 3987 2018 4039 Τού-

434 4091 512 4145 τῳ
543 4074 638 4128 νῦν
666 4076 696 4128 ὁ
717 4075 875 4147 χορὸς
901 4074 998 4147 τὴν
1027 4076 1122 4129 τοῦ
1148 4076 1282 4129 Θεοῦ
1312 4076 1503 4145 σοφίαν
1536 4078 1627 4130 τὸν
1658 4079 1895 4148 Χριστὸν
1925 4080 2017 4131 ἐπὶ

436 4167 702 4238 στόματος
750 4168 963 4239 φέρων·
998 4169 1251 4238 Χριστὸς
1292 4169 1399 4241 γὰρ
1447 4168 1596 4223 Θεοῦ
1638 4170 1889 4240 δύναμις
1918 4171 2018 4224 καὶ

437 4251 587 4314 Θεοῦ
616 4260 803 4329 σοφία
824 4301 838 4323 ,
863 4260 1083 4330 ἐλέγετο
1100 4278 1114 4292 ·
1157 4262 1222 4315 Τὸ
1258 4263 1453 4330 στόμα
1474 4280 1593 4331 μου
1620 4263 1883 4331 λαλήσει
1915 4280 2018 4317 σο-

429 4348 601 4417 φίαν.
689 4348 891 4403 Τοῦτον
942 4350 1051 4423 γὰρ
1109 4353 1272 4406 πᾶσιν
1328 4352 1636 4431 ἀνθρώποις
1695 4356 2014 4427 ἐκήρυττον.

450 4439 804 4512 Ἦκονημένοι
830 4440 889 4494 δὲ
920 4442 1012 4496 τὸν
1039 4442 1164 4496 νοῦν
1183 4484 1198 4509 ,
1240 4445 1418 4509 πάσας
1448 4445 1541 4498 τοῦ
1570 4445 1806 4518 Χριστοῦ
1837 4447 2017 4500 συνίε-

434 4547 541 4585 σαν
584 4530 683 4596 τὰς
716 4531 1033 4605 παραϐολὰς
1076 4537 1168 4590 καὶ
1199 4537 1306 4608 πρὸ
1345 4537 1442 4606 τῆς
1488 4536 1654 4590 αὑτοῦ
1701 4537 2013 4609 ἑρμηνείας.

436 4625 531 4678 Διὸ
552 4624 688 4694 μετὰ
708 4624 910 4689 ταύτας
931 4629 960 4680 ό
977 4628 1075 4697 μὲν
1091 4629 1281 4700 Σωτὴρ
1303 4629 1453 4697 ἔλεγε
1467 4646 1480 4661 ·
1501 4629 1813 4696 Συνήκατε
1833 4630 2019 4686 ταῦτα
2054 4618 2096 4673 D

434 4714 670 4779 πάν-τίη
702 4718 766 4769 Ol
796 4714 866 4769 δὲ
892 4716 1181 4786 λέγουσιν
1204 4718 1365 4785 αὐτῷ
1389 4760 1402 4782 ,
1430 4721 1550 4774 ναί.
1594 4721 1659 4773 Ἠ
1695 4721 1892 4793 καρδία
1912 4722 2021 4776 τοί-

434 4823 534 4860 νυν
556 4807 734 4861 αὐτῶν
753 4808 984 4880 ἐμελέτα
1009 4810 1270 4874 συνέσεις,
1287 4811 1352 4875 ἃς
1377 4812 1591 4881 ἤνοιγον
1613 4815 1724 4876 τοῖς
1745 4812 1819 4883 μὴ
1841 4830 2020 4884 παρα-

436 4896 713 4950 κολουθεϊν
735 4897 1050 4970 δυναμένοις
1065 4939 1080 4963 ,
1098 4898 1192 4952 τοῦ
1219 4900 1529 4970 σωματικοῦ
1551 4903 1781 4973 ὀργάνου
1800 4905 1865 4973 τῇ
1891 4905 2025 4956 ἐνοι-

436 4992 614 5066 κούσῃ
643 4993 777 5065 πρὸς
800 4992 956 5047 τοῦτο
978 4992 1346 5056 διακονοῦντος
1372 4993 1539 5065 ψυχῇ.
1572 4995 1742 5050 Τοῦτο
1770 5000 1879 5070 γὰρ
1901 4999 2021 5051 ἀντὶ

432 5085 738 5158 ψαλτηρίου
759 5084 1031 5157 παρέλαόε
1054 5086 1189 5157 πρὸς
1202 5087 1302 5157 τὴν
1323 5084 1412 5139 διὰ
1430 5086 1631 5140 τούτων
1653 5087 1812 5142 θείων
1834 5087 2017 5159 ὓμνων

438 5178 767 5247 ἁνάκρουσιν
794 5216 810 5242 ,
844 5177 1072 5231 ἑκάστου
1106 5177 1305 5250 μέρους
1330 5178 1766 5249 ὲπιστημονικῶς
1790 5182 1847 5232 ὲν
1871 5181 2018 5251 αὐτῷ

439 5269 780 5341 κινουμένου.

525 5363 652 5416 Ἰνα
677 5362 735 5416 τί
766 5362 1059 5432 φοϐοῦμαι
1103 5365 1173 5417 ἐν
1202 5362 1391 5434 ἡμέρᾳ
1421 5362 1688 5433 πονηρὼ
1720 5367 1759 5434 ἡ
1803 5366 2021 5435 ἀνομία

440 5454 555 5523 τῆς
597 5454 856 5524 πτέρνης
895 5473 1016 5525 μου
1066 5454 1362 5511 κυκλώσει
1388 5474 1483 5526 με.
1550 5459 1612 5509 Ei
1644 5458 1699 5510 δὲ
1734 5460 2019 5532 πρόσωπον

444 5547 650 5619 Κυρίου
681 5547 763 5609 τὸ⁸
785 5546 940 5615 λέγον
958 5585 973 5610 ,
1024 5547 1258 5618 πτέρναν
1282 5548 1447 5601 αὐτοῦ
1474 5546 1641 5619 εὕρῃς
1676 5549 1764 5601 τὸν
1796 5548 2022 5620 ἔσχατον

444 5638 540 5692 τοῦ
570 5638 820 5710 σώματος
852 5638 947 5691 καὶ
975 5640 1041 5709 τῇ
1073 5642 1144 5711 γῇ
1179 5637 1541 5710 πλησιάζοντα
1604 5640 1809 5711 Ιούδαν’
1863 5640 2022 5713 σῶμα

468 5830 475 5837 τ
504 5751 554 5791 ⁸⁸
580 5750 631 5810 ll
656 5752 785 5812 Cor.
809 5770 861 5824 ν,
893 5752 979 5809 10.
1056 5754 1100 5788 ³ο
1130 5755 1150 5808 l
1178 5755 1302 5809 Cor.
1337 5771 1373 5821 ι,
1398 5755 1489 5808 24.
1567 5754 1608 5786 ³¹
1644 5753 1833 5808 Matth.
1861 5768 1981 5819 xm,
2011 5752 2100 5807 51.

2187 3456 2354 3515 Vens.
2381 3459 2437 3523 4,
2469 3459 2521 3514 5.
2563 3458 2635 3514 0s
2667 3475 2839 3513 meum
2864 3459 3105 3530 loquetur
3145 3460 3482 3527 sapientiam,
3504 3468 3554 3513 et
3579 3474 3693 3511 me-

2115 3552 2307 3605 ditatio
2330 3551 2505 3605 cordis
2553 3553 2654 3605 mei
2680 3553 3034 3621 prudentiam.
3067 3550 3345 3604 Inclinabo
3372 3551 3427 3603 in
3460 3549 3692 3619 parabo-

2117 3645 2227 3699 lam
2260 3662 2442 3699 aurem
2470 3661 2660 3708 meam,
2686 3646 2993 3714 aperiamin
3015 3644 3266 3713 psalterio
3287 3644 3691 3712 propositionem

2118 3753 2308 3790 meam.
2342 3735 2467 3791 Haec
2495 3745 2676 3791 autem
2710 3746 2943 3806 possunt
2978 3740 3047 3791 ab
3076 3739 3341 3808 apostolis
3372 3738 3502 3791 dici.
3527 3736 3695 3791 Para-

2120 3829 2272 3882 bolas
2302 3844 2431 3883 vero
2461 3836 2620 3883 vocat
2642 3829 2913 3883 obscuros
2944 3844 3248 3885 sermones.
3282 3829 3562 3899 Siquidem
3588 3828 3695 3883 Do-

2120 3919 2301 3971 minus
2330 3932 2454 3971 cum
2490 3917 2667 3971 turbis
2700 3917 3011 3985 parabolice
3042 3917 3381 3985 loqueretur,
3418 3915 3568 3971 domi
3599 3930 3696 3983 po-

2119 4016 2234 4063 stea
2261 4006 2481 4063 easdem
2530 4008 2796 4077 apostolis
2824 4007 3154 4074 esplicabat.
3194 4005 3322 4061 Ideo
3352 4005 3466 4075 jam
3491 4005 3696 4060 chorus

2119 4094 2400 4156 Christum
2427 4099 2521 4154 Dei
2553 4099 2877 4169 sapientiam
2906 4101 2959 4151 in
2989 4114 3089 4153 ore
3121 4097 3304 4154 ferens
3330 4117 3343 4152 :
3377 4113 3503 4151 nam
3534 4097 3695 4151 Chri-

2119 4204 2233 4249 stus
2250 4192 2349 4247 Dei
2387 4192 2552 4246 virtus
2585 4199 2633 4245 et
2659 4189 2756 4245 Dei
2786 4190 3047 4258 sapientia
3061 4190 3127 4251 ³⁰,
3155 4190 3393 4251 dicebat,
3430 4186 3502 4244 0s
3526 4205 3696 4242 meum

2122 4288 2364 4356 loquetur
2395 4284 2731 4353 sapientiam.
2768 4282 2928 4339 Hunc
2961 4283 3105 4336 enim
3144 4280 3405 4337 omnibus
3434 4279 3699 4351 praedica-

2124 4382 2273 4435 bant.
2303 4378 2552 4448 Cumque
2576 4385 2738 4431 acuta
2767 4385 2949 4431 tuente
2974 4374 3232 4430 instructi
3264 4385 3469 4437 essent,
3506 4387 3698 4427 omnes

2122 4474 2330 4529 Christi
2364 4471 2653 4543 parabolas
2693 4469 3093 4540 intelligebant,
3130 4475 3422 4538 antequam
3460 4467 3578 4537 ipse
3604 4480 3699 4521 eas

2125 4567 2597 4637 interpretaretur.
2649 4561 2834 4629 Quare
2891 4577 3015 4618 cum
3065 4562 3134 4618 iis
3181 4560 3411 4631 prolatis
3451 4558 3700 4611 Salvator

2127 4659 2333 4715 diceret
2359 4676 2374 4712 :
2398 4656 2746 4712 Intellexistis
2765 4656 2876 4711 [uec
2895 4657 3074 4709 omnia
3088 4658 3114 4710 ?
3138 4655 3331 4708 Dicunt
3359 4654 3426 4715 ei,
3457 4652 3615 4705 etiam
3630 4652 3697 4705 ³¹.

2126 4751 2235 4806 Cor
2269 4752 2437 4823 igitur
2464 4767 2655 4806 eorum
2686 4751 3006 4821 prudentias
3053 4748 3442 4812 meditabatur,
3473 4761 3611 4816 quas
3634 4746 3702 4799 iis

2124 4845 2219 4915 qui
2260 4845 2419 4915 sequi
2467 4860 2578 4900 non
2632 4853 2905 4913 poterant,
2955 4842 3294 4912 aperiebant,
3336 4839 3702 4893 instrumento

2130 4952 2398 5008 corporeo
2427 4939 2625 4992 anima:
2667 4938 2816 4991 intus
2864 4935 3133 4989 habitanti
3181 4933 3551 4987 ministrante.
3588 4929 3704 4985 Hoc

2131 5029 2277 5083 enim
2318 5042 2419 5097 pro
2465 5028 2726 5097 psalterio
2774 5027 3050 5089 utebatur,
3099 5023 3167 5077 ad
3206 5022 3422 5078 divinos
3470 5023 3702 5091 hymnos

2131 5114 2454 5189 pulsandos,
2499 5120 2731 5191 singulis
2764 5120 3012 5189 partibus
3050 5119 3187 5173 scite
3225 5132 3289 5171 ac
3335 5123 3702 5185 congruenter

2128 5208 2313 5264 motis.

2199 5362 2368 5422 Vens.
2405 5366 2458 5422 6.
2504 5365 2612 5423 Cur
2648 5366 2839 5421 timebo
2874 5365 2955 5435 in}
2973 5366 3058 5419 die
3088 5363 3271 5421 mala?
3300 5365 3550 5435 iniquitas
3589 5364 3703 5417 cal-

2130 5460 2281 5512 canei
2338 5460 2441 5513 mei
2483 5459 2834 5513 circumdabit
2879 5476 2977 5513 me.
3012 5457 3069 5513 Si
3106 5474 3339 5528 persona
3374 5457 3586 5511 Domini
3618 5467 3703 5511 est

2129 5567 2252 5621 qua:
2291 5552 2535 5623 loquitur
2562 5594 2579 5618 ,
2627 5556 2942 5607 calcanemn
2989 5554 3110 5622 ejus
3162 5550 3536 5622 deprehendas
3580 5565 3703 5604 esse

2135 5641 2354 5711 ludam,
2387 5647 2480 5717 qui
2533 5646 2757 5701 ultimus
2788 5645 3038 5713 corporis
3071 5653 3126 5700 et
3160 5653 3321 5701 terrm
3349 5643 3703 5713 propinquior
