4098 6378
464 362 569 418 655

1585 335 2084 400 COMMENTARIA
2125 333 2190 387 IN
2227 327 2547 388 PSALMOS
2565 365 2578 378 .
3390 363 3426 404 Ἢ
3618 312 3712 365 ιπι

465 480 587 538 τῶν
632 474 988 542 κατατρῖψαι
1021 469 1177 538 ᾅδην
1215 467 1285 522 ἐκ
1318 464 1774 530 κατοικητηρίου
1821 457 2039 514 αὐτῶν.

2147 469 2211 506 ex
2260 449 2565 505 habitacula
2593 459 2794 500 eorum.
2826 440 2962 495 Nam
2996 437 3282 492 character
3308 446 3468 503 quem
3509 431 3612 486 sibi
3639 431 3720 484 cf-

393 578 398 585 ’
481 573 541 626 ’0
573 571 682 640 γὰρ
709 565 998 639 χαρακτὴρ
1030 563 1208 618 αὐτῶν
1239 562 1298 615 ὃν
1329 563 1540 622 ἑαυτοῖς
1568 557 1934 619 ἐξετύπωσαν,
1977 552 2039 604 τὸ

477 663 574 735 μὲν
614 659 732 714 κατ’
771 656 956 710 εἰκόνα
993 656 1084 708 καὶ
1129 653 1390 724 ὁμοίωσιν
1438 650 1532 704 τοῦ
1558 647 1694 702 Θεοῦ
1739 645 1797 712 ἐξ
1860 642 2038 697 αὐτῶν

475 753 852 824 ἀφανίσαντες,
893 749 1008 819 εἴδη
1043 747 1099 800 δὲ
1129 746 1226 800 καὶ
1262 743 1473 816 μορφὰς
1511 741 1720 809 ἀλόγων
1754 736 1908 802 ζώων
1947 735 2038 790 καὶ

475 841 712 920 ἑρπετῶν
736 841 823 895 διὰ
851 841 1066 911 τρόπων
1091 838 1389 910 μοχθηρίας
1409 839 1472 907 τῇ
1498 833 1643 904 ψυχῇ
1671 831 2036 902 περιθέμενοι,

473 933 926 1006 κατατριϐήσεται
955 933 1010 984 ἐν
1043 930 1122 1001 τῷ
1149 927 1550 1000 κατοικητηρὶῳ
1579 923 1674 978 τοῦ
1703 924 1850 994 ᾅδου.
1880 921 2038 974 Κατὰ

470 1028 526 1080 δὲ
557 1025 874 1096 Σύμμαχονο
927 1023 996 1076 Τὸ
1036 1021 1104 1074 δὲ
1147 1019 1434 1089 κρατερὸν
1473 1013 1674 1070 αὐτῶν
1713 1011 2040 1066 παλαιώσει

469 1117 619 1185 ᾅδης
655 1116 774 1172 ἀπὸ
807 1115 918 1183 τῆς
955 1113 1245 1180 οἰκήσεως
1278 1109 1386 1179 τῆς
1428 1109 1670 1179 ἐντίμου
1716 1105 1920 1160 αὑτοῦ.
1974 1106 2039 1155 Ὃ

471 1209 580 1280 γὰρ
608 1207 794 1275 ἔδοξαν
827 1208 1128 1278 περιποιεῖν
1161 1205 1370 1266 ἑαυτοῖς
1403 1201 1661 1274 κραταιὸν
1691 1199 1778 1253 διά
1809 1199 1910 1266 τῆς
1943 1199 2040 1268 ἐμω

471 1296 700 1367 φυείσης
725 1299 784 1348 ἐν
806 1296 988 1357 αὐτοῖς
1021 1293 1238 1355 κακίας,
1263 1290 1420 1344 τοῦτο
1446 1287 1744 1344 παλαιὼσει
1768 1290 1796 1341 6
1829 1287 1961 1358 ᾅδης
1983 1289 2038 1339 ἐν

467 1389 590 1450 ταῖς
631 1386 874 1453 οἰκήσεσι
913 1387 1028 1447 ταῖς
1065 1383 1206 1452 παρ’
1239 1379 1406 1452 αὐτῷ.
1447 1381 1558 1434 Καὶ
1601 1378 1761 1434 τοῦτο
1801 1378 1900 1448 μὲν
1931 1377 2039 1431 τῶν

470 1477 686 1533 ἀσεϐῶν
720 1478 782 1530 τὸ
809 1477 981 1540 τέλος.
1013 1477 1076 1530 Οἱ
1109 1475 1164 1528 δὲ
1194 1473 1437 1536 εὐσεϐεῖς
1466 1472 1584 1527 κατ’
1627 1473 1804 1526 ἐκεῖνο
1846 1469 2037 1542 καιροῦ

473 1569 685 1640 πρωΐας
733 1569 1055 1636 ἀξιωθέντες
1095 1568 1190 1621 καὶ
1223 1567 1346 1621 νέου
1393 1565 1592 1635 φωτὸς,
1637 1563 1902 1633 ἀνατολῆς
1940 1563 2039 1633 τῆς

468 1662 578 1715 τῶν
620 1659 834 1716 ἀσεϐῶν
878 1660 1388 1732 κατακυριεύσουσι·
1427 1659 1462 1729 ἢ
1497 1655 1640 1712 κατὰ
1665 1656 1756 1710 τὸν
1787 1655 2036 1708 Ἀκύλαν·

467 1751 559 1804 ἐνὶ
581 1749 1010 1820 κρατήσουσιν,
1038 1749 1071 1821 ἢ
1092 1748 1232 1802 κατὰ
1251 1747 1340 1802 τὸν
1369 1747 1683 1818 Σύμμαχον·
1701 1743 2037 1808 ὐποτὰξου-

469 1857 578 1896 σιν
606 1840 828 1908 αὐτοῖς.
866 1840 986 1896 Τῶν
1019 1840 1126 1914 γὰρ
1155 1839 1390 1894 ἐνταῦθα
1434 1837 1886 1892 ταπεινωσάντων
1919 1837 2045 1898 τοὺς

468 1933 648 1998 εύθεῖς
679 1933 909 2000 ἀσεϐῶν,
945 1935 1062 1987 ἐκεῖ
1111 1932 1332 2004 ῥύσεται
1365 1932 1464 2002 τῆν
1493 1930 1672 2002 ψυχὴν
1712 1929 1850 2000 πρὸς
1879 1928 1941 1982 τὸ
1970 1928 2044 2000 μὴ

472 2023 884 2096 συναπαχθῆναι
924 2027 1038 2088 τοῖς
1077 2023 1352 2089 ἀσεϐέσιν,
1394 2022 1509 2076 ἀλλ’
1553 2023 1612 2074 ἐν
1646 2020 1853 2091 ἑτέροις
1903 2015 2044 2074 εἶναι

469 2116 690 2188 χωρίοις
715 2133 776 2170 τε
811 2117 904 2170 καὶ⁹
936 2116 1226 2187 ποιμνίοις.

543 2208 674 2261 Ὅτι
703 2207 926 2276 ἡψυχὴ
953 2207 1140 2261 αὐτοῦ
1155 2207 1226 2260 ἐν
1247 2205 1324 2274 τῇ
1349 2203 1466 2274 ζωῇ
1495 2203 1681 2260 αὐτοῦ
1712 2201 2043 2273 εὐλογηθή-

467 2296 1187 2367 σεται,ἐξομολοτήσεταί
1217 2311 1317 2351 σοι
1354 2297 1502 2351 ὅταν
1526 2295 1832 2364 ἁγαθύνῃς
1862 2289 2040 2356 αὐτῷ.

482 2387 542 2442 '0
564 2386 662 2458 μὲν
698 2385 907 2450 δίκαιος
929 2386 1140 2456 εὐλογεί
1166 2387 1255 2440 τὸν
1283 2385 1486 2458 Κύριον
1519 2385 1576 2439 ἐν
1605 2385 1765 2439 παντὶ
1797 2383 1992 2456 καιρῷ·
2017 2385 2046 2436 6

466 2473 528 2526 δὲ
557 2473 876 2546 ἁμαρτωλὸς
919 2474 1278 2546 τοτηνικαῦτα
1305 2474 1814 2546 ἐξομολογουμένος,
1837 2473 2046 2541 εύλογεί

468 2563 561 2620 τὸν
582 2565 716 2620 Θεὸν
731 2567 965 2638 ὁπηνίκα
993 2566 1058 2620 ἂν
1097 2567 1297 2636 ἀγαθόν
1325 2584 1378 2619 τι
1407 2566 1557 2638 αύτῷ
1582 2568 1647 2620 ἐκ
1673 2565 1808 2620 Θεοῦ
1839 2565 2038 2634 ἀποϐῇ.

855 2677 1148 2730 ΨΑΛΜΟΣ
1184 2676 1272 2728 ΤΩ
1307 2677 1482 2730 ΑΣΑΦ
1519 2675 1652 2730 MO'.

539 2772 603 2825 Οί
643 2757 1112 2840 ἐπιγεγραμμένοι
1131 2767 1226 2819 τοῦ
1267 2767 1438 2835 Ἀσάφ
1494 2767 1601 2818 εἰσι
1641 2765 1740 2836 μὲν
1763 2765 1814 2818 οἱ
1849 2764 2046 2828 πάντες

467 2859 562 2914 τὸν
593 2859 824 2932 ἀριθμὸν
859 2860 942 2910 t6"
975 2856 1171 2926 ἐφεξῆς
1200 2856 1258 2909 δὲ
1279 2857 1327 2910 ei
1357 2864 1425 2910 ια’
1451 2856 1742 2928 ἀρχόμενοι
1785 2857 1893 2910 ἀπὸ
1951 2855 2046 2910 τοῦ

470 2952 568 3006 οϐ’·
604 2952 664 3018 ἐξ
701 2944 776 3004 ὧν
805 2951 835 3004 6
869 2947 1062 3021 παρὼν
1092 2948 1416 3020 ἀπεσπάσθη
1455 2947 1690 3018 ψαλμὸς,
1709 2948 1807 3018 οὐχ
1837 2945 2043 3010 ἁπλῶς·

469 3042 596 3096 ἀλλ’
636 3041 869 3113 ἐπείπερ
911 3044 942 3094 6
983 3039 1090 3112 πρὸ
1130 3039 1319 3092 τούτου
1377 3039 1591 3110 ψαλμὺς
1639 3039 1767 3110 περὶ¹
1811 3038 2046 3110 κρίσεως

467 3133 562 3188 τοῦ
584 3133 719 3188 Θεοῦ
747 3133 1098 3196 διεστέλλετο,
1123 3131 1362 3196 τοιοῦτος
1385 3133 1449 3189 δὲ
1474 3133 1568 3186 καὶ
1594 3133 1623 3184 6
1657 3130 1868 3203 παρὼν,
1900 3131 2044 3185 εικό-
2075 3159 2116 3216 c

463 3241 574 3290 τως
603 3225 743 3279 κατὰ
775 3223 934 3278 τοῦτο
972 3223 1295 3294 ἀκολουθίαν
1337 3224 1572 3287 ἐδέξατο.
1631 3223 1792 3275 Ἀλλὰ
1823 3223 1918 3276 καὶ
1948 3222 2047 3294 τὴν

463 3318 554 3373 διὰ
579 3318 855 3383 Μωΰσέως
890 3317 1208 3388 ἀνατρέπων
1237 3315 1575 3386 νομοθεσίαν,
1595 3315 1926 3388 παραδίδωσι
1949 3315 2047 3386 τῆς

463 3411 661 3481 καινῆς
705 3410 981 3482 Διαθήκης
1029 3411 1121 3463 τὸν
1172 3409 1393 3475 δοθέντα
1445 3413 1558 3474 τοῖς
1604 3409 1782 3462 ἔθνεσι
1823 3411 2042 3482 τρόπον.

465 3501 578 3556 Καὶ
605 3501 764 3554 τοῦτο
795 3501 852 3554 δὲ
896 3497 965 3574 ἦν
999 3505 1056 3554 ἐν
1093 3505 1202 3566 τοῖς
1235 3501 1342 3556 τῶν
1383 3501 1512 3556 υἱῶν
1577 3503 1722 3574 Κορὲ
1780 3501 2038 3573 ψαλμοῖςο

461 3589 661 3656 οἵτινες
684 3593 778 3644 καὶ
807 3593 959 3645 αὐτοὶ
985 3593 1310 3663 τυγχάνουσι
1338 3594 1434 3664 μὲν
1463 3593 1550 3646 ιϐ’.
1593 3593 1728 3646 Ἀλλ’
1754 3601 1804 3663 η’
1837 3597 1886 3646 οί
1913 3612 2047 3664 προ-

465 3683 720 3748 λαὸόντες
742 3683 936 3754 ἐφεξῆς
961 3685 1362 3756 κατετάγησαν,
1385 3678 1460 3739 ὧν
1509 3685 1956 3749 ἀποσπασθέντες
1995 3689 2043 3739 οἱ

467 3773 746 3837 λείποντες
791 3773 1074 3845 τέσσαρες,
1121 3774 1260 3844 μετά
1288 3775 1414 3838 τοὺς
1454 3774 1550 3826 τοῦ
1587 3775 1759 3843 Ἀσάφ
1799 3775 2046 3846 ψαλμοὺς

470 3866 866 3937 διατετάγησαν·
898 3857 1027 3930 ἴσως
1049 3867 1169 3919 ἐπεὶ
1199 3867 1248 3918 οἱ
1277 3865 1372 3920 τοῦ
1427 3867 1584 3936 Ασάφ
1619 3868 1838 3932 πάντες,
1865 3867 1938 3930 ὼς
1969 3869 2046 3920 εί-

465 3959 611 4022 πεῐν,
655 3956 751 4010 τοῦ
800 3957 1014 4030 Ἰσραὴλ
1047 3957 1333 4022 ἐθέσπιζον
1364 3957 1464 4028 τῆν
1492 3956 1762 4028 ἀποϐολὴν
1783 3999 1798 4024 ,
1829 3957 1923 4010 καὶ
1945 3958 2046 4028 τὴν

465 4052 550 4114 είς
576 4051 753 4104 πάντα
780 4049 849 4103 τὰ
882 4051 1006 4122 ἔθνη
1047 4049 1372 4120 διασπορὰν,
1421 4047 1541 4120 μεθ’
1575 4049 1644 4120 ἢν
1673 4051 1706 4119 ή
1749 4047 1909 4119 χάρις
1950 4048 2045 4102 τοῦ

468 4141 606 4196 Θεοῦ
645 4141 714 4195 τὰ
755 4141 882 4214 ἔθνη
929 4141 1102 4194 πάντα
1135 4139 1418 4212 μετῆλθενο
1465 4137 1586 4194 ὅθεν
1627 4140 1678 4192 οἱ
1719 4137 1895 4191 λοιποὶ
1937 4137 2045 4191 τῶν

469 4235 600 4290 υἱῶν
633 4236 780 4308 Κορὲ
805 4235 1010 4306 ψαλμοὶ
1041 4233 1364 4299 διεδέξαντο,
1395 4231 1494 4304 τὴν
1526 4230 1638 4286 τῶν
1665 4229 1837 4286 ἐθνῶν
1868 4232 2044 4286 ἀπάν-

465 4343 576 4380 των
605 4323 1064 4396 προαγορεύοντες
1081 4323 1294 4393 κλῆσιν.

539 4417 684 4482 Θεὸς
704 4416 854 4470 θεῶν
865 4417 1080 4484 Κύριος
1093 4414 1368 4484 ἐλάλησε,
1385 4415 1484 4469 καὶ
1501 4415 1532 4469 ἐ
1542 4413 1758 4470 κάλεσε
1775 4413 1890 4482 τὴν
1909 4411 2042 4484 γῆν.

2147 548 2442 606 tinxerunt,
2471 540 2756 596 eliminata
2777 551 2842 591 ex
2871 531 3067 602 seipsis
3097 529 3192 583 Dei
3218 526 3456 597 imagine
3483 541 3548 580 ac
3575 524 3723 579 simi-

2145 638 2398 702 litudine,
2445 642 2610 705 atque
2654 626 3114 685 irrationabilium
3162 619 3502 681 animalium,
3546 615 3720 685 repti-

2146 731 2388 799 liumque
2417 725 2610 780 formis
2639 737 2734 794 per
2765 720 2948 772 varios
2994 711 3360 783 improbitatis
3385 707 3577 763 modos
3605 705 3733 760 ani-‘

2145 837 2248 876 ma:
2280 836 2394 875 sua:
2443 817 2653 874 ascitis.
2701 813 2755 867 in
2803 807 3115 864 habilaculo
3145 801 3343 858 inferni
3383 803 3716 853 conteretur.

2149 913 2463 969 Secundum
2503 903 2891 979 Symmachum
2931 906 3110 953 autem
3131 938 3146 962 ,
3172 894 3332 949 robur
3371 907 3552 946 eorum
3579 887 3720 940 anti-

2145 1004 2326 1076 quabit
2380 1001 2618 1072 infernus
2667 1013 2699 1050 α
2751 995 2979 1066 pretioso
3040 986 3345 1044 habitacula
3397 985 3531 1056 ejus.
3585 980 3719 1034 Nam

2146 1075 2314 1152 robur
2338 1095 2493 1160 illud,
2513 1089 2656 1162 quod
2685 1089 2790 1144 sibi
2819 1086 2888 1140 ob
2908 1083 3126 1138 insitam
3149 1079 3410 1132 malitiam
3437 1075 3720 1144 acquirere

2146 1191 2492 1248 videbantur,
2552 1181 2858 1252 alitiquabit
2898 1175 3148 1231 infernus
3199 1177 3252 1224 in
3298 1165 3721 1222 habitationibus

2146 1280 2345 1336 ibidem
2376 1276 2594 1349 positis.
2635 1272 2700 1326 Ει
2742 1271 2832 1324 hic
2874 1267 3097 1338 quidem
3141 1264 3431 1330 impiorum
3469 1257 3612 1312 ﬁnis.
3640 1256 3718 1308 Pii

2146 1382 2328 1428 autem
2365 1347 2458 1425 illo
2497 1378 2762 1436 tempore.
2797 1358 3062 1414 matutina
3101 1367 3152 1410 et
3182 1369 3320 1408 nova
3364 1353 3483 1404 luce
3511 1347 3720 1410 domui,

2147 1465 2348 1520 orienti
2393 1461 2684 1532 impiorum
2730 1453 3196 1513 dominabuntur;
3243 1447 3376 1510 sive,
3419 1441 3720 1499 secundum

2146 1557 2419 1627 Aquilam,
2442 1551 2809 1624 imperabunt;
2831 1541 3272 1611 sive,secundum
3307 1535 3721 1609 Symmachum,

2146 1625 2422 1716 subiicient
2457 1643 2579 1700 sibi.
2619 1639 2752 1693 Nam
2794 1653 2918 1692 cum
2953 1633 3106 1704 impii
3153 1631 3242 1686 bic
3279 1627 3570 1699 proborum
3605 1625 3722 1677 ani-

2148 1754 2266 1794 mas
2290 1733 2682 1806 depresscrint,
2719 1731 2832 1784 illic
2861 1729 3096 1782 animam
3121 1723 3332 1794 piorum
3357 1715 3631 1778 liberabit,
3665 1723 3722 1766 nt

2081 1823 2121 1876 Β
2146 1845 2215 1886 ne
2242 1845 2347 1883 una
2379 1844 2504 1882 cum
2543 1825 2724 1894 impiis
2755 1822 3124 1880 abducantur;
3155 1814 3251 1870 sed
3282 1813 3335 1866 in
3365 1811 3488 1865 aliis
3509 1807 3646 1862 locis
3669 1811 3724 1860 et

2147 1921 2380 1978 ovilibus
2403 1918 2620 1988 degant.

2215 2187 2384 2244 Vsus.
2420 2187 2508 2241 19.
2544 2185 2685 2252 Quia
2721 2184 2904 2237 anima
2930 2179 3042 2244 eius
3077 2179 3130 2232 in
3169 2177 3278 2230 vita
3314 2174 3480 2242 ipsius
3513 2169 3722 2224 benedi-

2145 2293 2312 2348 θείαν,
2355 2277 2694 2348 conﬁtebitur
2735 2274 2831 2328 tibi
2882 2289 3000 2328 cum
3039 2271 3163 2326 bene
3201 2267 3384 2338 feceris
3421 2265 3489 2318 ei.
3531 2262 3721 2317 Justus

2145 2374 2294 2430 omni
2327 2382 2569 2440 tempore
2614 2367 2888 2423 benedicit
2923 2364 3072 2430 Deo;
3109 2367 3364 2432 peccator
3389 2368 3564 2410 autem
3593 2365 3723 2408 tunc.

2145 2466 2417 2522 conﬁtens
2458 2465 2635 2518 solum
2666 2459 2938 2516 benedicit
2970 2457 3097 2519 Deo,
3135 2471 3258 2508 cum
3297 2451 3426 2522 quid
3461 2451 3585 2504 boni
3620 2448 3725 2504 sibi

2148 2575 2178 2612 a
2201 2557 2312 2614 Deo
2351 2555 2657 2610 obvenerit.
3324 2585 3351 2610 .

2466 2671 2517 2721 1.
2545 2661 2866 2719 PSALMUS
2902 2659 3129 2714 ASAPII
3171 2656 3356 2712 XLlX.

2217 2761 2322 2827 Qui
2348 2759 2530 2830 Asaph
2577 2755 2828 2824 inscripti
2861 2761 3011 2817 sunt,
3040 2766 3232 2804 omnes
3258 2763 3488 2802 numero
3520 2746 3726 2800 duode~

2147 2853 2256 2908 cim
2287 2859 2528 2908 exstant.
2574 2849 2635 2904 lu
2665 2844 3022 2918 sequentibus
3053 2857 3180 2898 vero
3211 2841 3300 2894 alii
3343 2830 3594 2895 undecim
3627 2837 3725 2892 lia-

2149 2947 2366 3008 bentur,
2395 2944 2487 3014 qui
2527 2957 2559 2997 a
2589 2956 2738 2997 Lxxu
2790 2937 3066 3010 incipiunt
3097 2955 3110 2992 :
3142 2952 3205 2992 ex
3251 2934 3450 3008 quibus
3483 2947 3725 3003 praesens

2149 3038 2392 3110 psalmus
2422 3035 2646 3091 avulsus
2667 3039 2772 3094 est.
2799 3047 2899 3087 nec
2921 3030 3040 3085 sine
3068 3044 3253 3084 causa.
3293 3025 3398 3080 Sed
3427 3025 3553 3096 quia
3587 3039 3724 3093 pra:-

2150 3129 2350 3186 cedens
2378 3129 2626 3199 psalmus
2653 3126 2720 3182 de
2744 3123 2838 3180 Dei
2869 3122 3083 3194 judicio
3111 3119 3468 3177 edisserebat.
3493 3131 3556 3169 ac
3587 3130 3724 3184 prato

2155 3239 2282 3280 sens
2311 3222 2510 3278 similis
2547 3228 2632 3276 est
2665 3217 3004 3288 argumenti;
3033 3212 3226 3267 merito
3259 3217 3380 3280 post
3411 3208 3562 3262 illum
3595 3221 3726 3261 con-

2155 3323 2448 3386 sequenter
2474 3314 2684 3381 positus
2709 3319 2812 3366 est.
2843 3307 3132 3361 Enimvero
3152 3316 3339 3359 eversa
3355 3299 3558 3372 Moysis
3585 3300 3720 3369 lege.

2153 3406 2278 3462 novi
2301 3403 2628 3463 Testamenti
2658 3399 2878 3456 modum
2914 3397 3166 3470 gentibus
3206 3393 3465 3450 traditum
3497 3389 3722 3461 profert.

2152 3499 2329 3569 Atque
2381 3495 2618 3566 idipsum
2667 3492 2848 3549 evenit
2889 3491 2945 3545 in
2993 3488 3217 3560 psalmis
3264 3485 3499 3540 filiorum
3542 3482 3720 3538 Core:

2150 3591 2243 3661 qui
2293 3599 2348 3644 et
2395 3589 2498 3658 ipsi
2544 3601 2776 3642 numero
2823 3581 3134 3639 duodecim.
3189 3577 3294 3633 Sed
3341 3585 3466 3632 octo
3513 3573 3724 3644 priores

2151 3682 2412 3751 deinceps
2452 3681 2616 3753 positi
2648 3684 2798 3742 sunt,
2832 3691 2862 3730 a
2893 3675 3094 3746 quibus
3130 3672 3303 3728 avulsi
3335 3677 3572 3742 quatuor
3600 3669 3726 3722 reli-

2150 3774 2266 3844 qui.
2297 3781 2419 3844 post
2443 3773 2686 3844 psalmos
2713 3769 2896 3838 Asaph
2927 3777 3056 3824 sunt
3086 3765 3368 3821 constituti
3401 3762 3576 3820 :forte
3597 3761 3724 3830 quia

2151 3865 2354 3932 Asaplii
2389 3863 2502 3918 fere
2533 3877 2746 3924 clunes,
2778 3859 3000 3914 lsraelis
3039 3859 3398 3928 abjectionem
3429 3862 3482 3910 et
3521 3855 3574 3908 in
3609 3870 3724 3906 Olll-

2151 3972 2248 4011 nes
2272 3967 2462 4026 gentes
2493 3953 2885 4021 dispersionem
2911 3949 3366 4008 vaticinabantur.
3406 3956 3528 4016 post
3563 3961 3724 4014 quam

2153 4049 2246 4104 Dei
2275 4045 2451 4117 gratia
2482 4058 2676 4098 omnes
2713 4052 2902 4113 gentes
2939 4039 3114 4104 adiit;
3151 4053 3320 4108 quare
3362 4037 3560 4108 reliqui
3596 4037 3722 4092 [ilio-

2151 4155 2269 4194 rum
2301 4137 2440 4192 Core
2469 4135 2663 4206 psalmi
2689 4134 2814 4189 illos
2842 4138 3196 4200 exceperunt,
3222 4129 3314 4200 qui
3345 4128 3722 4183 universarum

2152 4231 2394 4304 gentium
2429 4228 2768 4284 vocationem
2805 4223 3192 4296 praenuntiant.

2222 4411 2386 4467 Vens.
2410 4412 2464 4466 2.
2491 4411 2632 4465 Deus
2661 4409 2876 4464 deorum
2915 4408 3164 4461 Dominus
3195 4407 3399 4462 locutus
3435 4414 3535 4471 est,
3567 4416 3614 4460 et
3640 4423 3720 4459 vo-

463 4510 530 4564 Οἱ
557 4509 734 4564 λοιποὶ
764 4509 818 4563 δὲ
851 4512 1000 4581 τρεῖς
1023 4511 1392 4582 ἡρμήνευσαν·
1413 4507 1685 4579 ’ῙσχιῬὸς
1702 4507 1845 4576 Θεὸς
1863 4505 2044 4573 λαλή-

2161 4507 2297 4560 cavit
2345 4516 2561 4560 terram.
2597 4502 2814 4575 Reliqui
2868 4514 2976 4558 tres
3031 4499 3502 4569 sic'intcrprctati
3555 4508 3722 4555 sunt:

465 4621 584 4671 σας·
609 4602 867 4658 ἐκάλεσε
909 4603 1026 4672 τὴν
1069 4603 1208 4674 γῆν.
1263 4607 1324 4658 Οἱ
1361 4605 1418 4658 δὲ
1457 4605 1863 4676 Ἐϐὂομήκοντα
1892 4604 2049 4668 θεοὺς

465 4697 736 4752 ἐκάλεσαν
750 4695 878 4761 τούς
905 4715 962 4750 τε
985 4697 1251 4769 ἄρχοντας
1274 4697 1370 4757 καὶΙ
1393 4697 1605 4770 κριτὰς,
1631 4699 1767 4770 ὅπερ
1791 4697 1918 4752 ἱδιον
1947 4699 2046 4768 μό-

463 4806 560 4842 νου
603 4787 758 4843 Θεοῦ.
813 4788 1116 4860 Τοιγαροῦν
1157 4791 1214 4842 ἐν
1247 4795 1338 4842 πα⁸
1379 4789 1577 4862 ψαλμῷ
1623 4790 1936 4862 προφήσας·
1980 4791 2044 4843 '0

466 4881 612 4948 Θεός
636 4880 786 4950 ἔστη
814 4881 886 4935 ἐν
912 4879 1235 4950 συναγωγῇ
1267 4879 1436 4947 θεῶν,
1474 4881 1544 4934 ἐν
1579 4881 1749 4951 μέσῳ
1776 4879 1844 4934 δὲ
1868 4881 2044 4948 θεοὺς

465 4971 754 5042 διακρίνει
772 5014 786 5037 ,
828 4974 1106 5046 ἐπήγαγεν
1128 4989 1140 5002 ·
1187 4973 1334 5038 Ἕως
1354 4973 1499 5026 πότε
1525 4975 1755 5043 κρίνετε
1773 4973 2044 5039 ἀδικίαν;

463 5063 620 5119 Οὕτω
656 5064 751 5118 καὶ
775 5066 803 5118 6
834 5064 996 5138 νόμος
1018 5065 1349 5137 διαγορεύειο
1386 5064 1570 5132 Θεοὺς
1607 5068 1679 5120 οὐ
1709 5067 2045 5136 κακολογή-

465 5171 616 5224 σεις,
640 5157 738 5211 καὶ
761 5156 1056 5226 ἄρχοντας
1070 5156 1178 5212 τοῦ
1197 5156 1352 5212 λαοῦ
1377 5173 1494 5211 σου
1517 5158 1627 5210 οὐκ
1649 5156 1804 5226 ἐρεῖς
1823 5157 2040 5222 κακῶς.

467 5248 720 5320 Εὐλόγως
751 5249 796 5302 δ’
831 5248 897 5304 ἂν
929 5247 1175 5318 κληθεῖεν
1201 5252 1250 5304 οί
1285 5251 1347 5304 τὺ
1392 5250 1512 5303 κατ’
1552 5248 1735 5301 εἰκόνα
1783 5247 2044 5318 φυλάξαν-

465 5357 558 5406 τες
581 5358 596 5372 ·
624 5344 654 5396 6
681 5341 885 5394 τούτων
926 5339 1057 5404 Θεὸς
1109 5343 1288 5396 πᾶσαν
1343 5341 1562 5410 συνάγει
1603 5337 1698 5412 τὴν
1722 5339 2044 5410 οἰκουμένην

467 5434 550 5498 είς
571 5435 634 5488 τὸ
664 5421 944 5506 κριτήριον
965 5449 976 5462 °
1006 5431 1167 5496 αὐτὸς
1189 5433 1263 5488 ὣν
1287 5439 1316 5486 6
1341 5435 1544 5507 Κύριος
1571 5435 1600 5486 6
1640 5429 1734 5485 τοῦ
1792 5431 1926 5484 Θεοῦ
1945 5431 2045 5484 Λό-

469 5541 564 5592 γος
595 5525 1022 5598 ἐνανθρωπήσας
1071 5525 1296 5596 ἐλάλησε
1327 5525 1414 5579 διά
1446 5523 1538 5580 τοῦ
1572 5522 1930 5592 Εὑαγγελίου,
1949 5522 2044 5576 καὶ

473 5617 678 5682 πάπαὶ
705 5617 801 5688 μὲν
827 5617 998 5684 καλεῖ,
1023 5617 1082 5671 οὐ
1109 5617 1308 5682 πάντες
1337 5619 1650 5688 ὑπήκουσαν
1695 5615 1772 5688 τῷ
1799 5615 2042 5684 Εὐαγγε-

544 5774 592 5808 ³³
626 5776 768 5833 Psal.
808 5792 991 5842 tum,
1031 5774 1076 5829 1.
1156 5773 1201 5806 ³³
1244 5773 1374 5827 ibid.
1407 5771 1459 5826 ‘2.
1539 5773 1582 5805 ³⁵
1625 5771 1792 5828 Exod.
1829 5785 1962 5836 λιιι,
1998 5767 2087 5825 ‘23.

2158 4597 2336 4652 Fortis
2361 4597 2498 4652 Deus
2523 4599 2735 4668 loquens
2757 4599 2953 4652 vocavit
2969 4607 3183 4652 terram.
3214 4593 3352 4650 LXX
3384 4601 3560 4648 autem
3591 4591 3722 4647 deos

2153 4699 2423 4746 vocarunt
2451 4691 2726 4762 principes
2749 4705 2814 4744 ac
2849 4688 3086 4759 iudices,
3127 4687 3270 4758 quod
3314 4684 3591 4756 prOprium
3625 4698 3720 4736 so-

2148 4784 2255 4839 lius
2295 4782 2390 4840 Dei
2427 4791 2530 4839 est.
2566 4782 2848 4854 Siquidem
2885 4783 2940 4836 in
2984 4797 3148 4836 Lxxxl
3183 4779 3394 4850 psalmo
3433 4785 3717 4848 postquam

2149 4877 2386 4940 dixerat,
2427 4875 2568 4930 Deus
2589 4877 2736 4930 stetit
2776 4875 2828 4928 in
2865 4889 3133 4944 synagoga
3175 4871 3411 4934 deorum,
3457 4871 3511 4923 in
3551 4867 3718 4922 medio

2153 4979 2326 5024 autent
2359 4968 2483 5024 deos
2523 4967 2786 5034 diiudicat
2802 4966 2882 5034 ³³;
2932 4964 3239 5035 subiunxit,
3277 4961 3548 5035 Usquequo
3570 4959 3716 5029 judi-

2150 5063 2284 5117 catis
2325 5059 2753 5132 iniquitatem“?
2783 5057 2876 5113 Sic
2901 5065 2954 5114 et
2992 5058 3078 5113 lex
3125 5055 3369 5126 praecipit
3409 5071 3420 5104 :
3453 5052 3569 5109 Diis
3621 5067 3717 5104 non

2149 5151 2452 5216 maledicas,
2485 5161 2534 5208 et
2573 5149 2895 5222 principibus
2931 5148 3116 5220 papuli
3151 5148 3226 5201 tui
3263 5163 3367 5200 non
3395 5143 3714 5198 conviciaba-

2149 5247 2308 5302 τίθη.
2341 5245 2470 5301 Jure
2517 5249 2598 5302 sic
2641 5251 2904 5300 vocenlur
2925 5241 3019 5312 qui
3075 5240 3362 5310 imaginem
3401 5238 3547 5293 illam
3585 5235 3637 5288 iu
3665 5252 3716 5291 sc

2149 5339 2508 5401 servaverint,
2530 5351 2762 5408 quorum
2790 5333 2932 5388 Deus
2963 5341 3132 5387 totum
3163 5331 3348 5384 orbem
3372 5328 3436 5382 ad
3455 5326 3718 5396 judicium

2151 5443 2344 5487 evocat
2375 5448 2386 5482 :
2426 5432 2652 5500 ipseque
2697 5427 2961 5483 Dominus
2999 5425 3093 5480 Dei
3116 5423 3368 5487 Verbum,
3406 5423 3718 5476 incarnatus

2152 5540 2248 5594 per
2268 5521 2622 5590 Evangelium
2670 5520 2886 5574 locutus
2920 5525 3005 5574 est
3038 5524 3130 5572 :ct
3153 5531 3345 5570 omnes
3375 5512 3590 5584 quidem
3627 5529 3716 5567 vo-

2152 5623 2261 5679 cat,
2307 5613 2400 5670 sed
2432 5627 2540 5668 non
2573 5626 2764 5667 omnes
2813 5609 3060 5666 obsecuti
3089 5615 3216 5664 sunt
3267 5605 3576 5676 Evangelio.
3617 5601 3717 5658 Sed
