4098 6416
417 356 522 413 455

1116 358 1202 417 ΕΙ]
1212 360 1380 418 SEBll
1418 363 1888 423 CESARIENSIS
1931 364 2081 422 OPP.
2119 362 2301 420 PARS
2331 364 2419 420 lli.
2444 395 2517 407 --
2542 363 2946 422 EXEGETICA.

3544 365 3653 422 436

416 473 512 543 qui
563 471 905 541 obedierunt,
959 475 1231 543 promissa
1274 478 1706 549 nanciscuntur;
1754 483 1821 538 iis
1853 498 1984 539 vero

2095 482 2200 551 lltp.
2265 481 2385 533 Ἀλλ
2405 482 2471 533 ὀἱ
2504 480 2601 550 μὲν
2629 479 3035 542 ὑπακούσαντες
3076 480 3183 532 τῶν
3230 479 3651 552 ἐπηγγελμένων

416 563 506 634 qui
539 565 764 633 gratiam
782 573 1248 636 contempserunt,
1277 570 1330 624 in
1357 572 1594 640 glorioso
1621 590 1722 629 suo
1742 576 1976 630 adventu

415 656 596 725 ignem
642 657 1029 721 comminatur,
1074 666 1338 716 venturus
1366 678 1433 717 ex
1469 667 1679 721 caelesti
1732 666 1883 731 Sion,
1911 669 1979 723 de

330 734 343 749 ’
416 763 524 819 qua
551 747 753 803 Paulus
778 749 853 802 ait
883 771 895 804 :
930 748 1012 804 Ea
1038 767 1179 815 vero,
1202 769 1317 821 qua:
1347 771 1557 809 sursum
1578 768 1655 811 est
1682 756 1979 813 Jerusalem

416 839 582 894 libera
608 849 707 903 est,
740 857 857 911 qua
879 850 1145 896 estmater
1164 852 1345 897 nostra
1358 846 1423 911 ³⁶;
1456 855 1509 900 et
1536 867 1546 900 :
1576 847 1882 904 Arcessistis
1912 851 1981 903 ad

419 930 550 986 Sion
573 941 797 985 montem
824 941 873 986 et
896 934 1156 988 civitatem
1188 934 1281 988 Dei
1300 936 1532 998 viventis.
1565 939 1861 993 Jerusalem
1881 958 1982 995 car-

420 1024 683 1078 lestem'".
720 1022 924 1093 Species
977 1036 1156 1080 autem
1198 1028 1401 1082 decoris
1450 1038 1533 1085 est
1579 1032 1818 1100 gloriosa
1863 1034 1982 1103 ejus

418 1115 770 1184 theopbania,
804 1130 965 1186 quam
1002 1125 1187 1186 aperte
1231 1119 1473 1174 declarat
1504 1122 1634 1177 illud
1669 1139 1682 1175 :
1710 1122 1848 1178 Deus
1878 1142 1985 1179 ma-

416 1205 605 1273 nifeste
638 1206 825 1261 ueniet.
870 1204 928 1259 in
959 1208 1136 1276 primo
1188 1210 1372 1279 itaque
1418 1212 1651 1267 adventu
1703 1230 1824 1279 suo,
1854 1216 1984 1270 dum

415 1297 485 1350 ab
529 1295 840 1352 hominibus
857 1298 1066 1366 judicio
1096 1302 1524 1367 examinaretur,
1571 1305 1786 1371 silebat,
1815 1315 1986 1362 tauta-

414 1400 526 1454 que
560 1400 854 1455 perpessus
884 1404 994 1443 non
1026 1405 1150 1445 sese
1190 1392 1574 1458 ulciscebatur,
1602 1410 1703 1450 nec
1731 1397 1985 1452 omnibus

414 1492 577 1531 suam
610 1478 900 1533 exhibebat
945 1480 1219 1536 deitatem.
1256 1482 1421 1548 Tunc,
1466 1485 1562 1548 ait,
1603 1486 1881 1556 manifeste
1904 1504 1988 1541 re-

418 1567 524 1620 niet
556 1576 729 1623 etnon
759 1570 952 1627 silebit.
974 1572 1122 1643 Ignis
1160 1581 1341 1628 autem
1376 1585 1726 1645 praeverteris,
1761 1594 1986 1648 regnum

421 1661 544 1729 ejus
572 1671 860 1732 expurgat,
909 1677 1150 1729 omnem,
1183 1680 1303 1734 quae
1342 1667 1425 1720 uri
1469 1676 1666 1737 potest,
1708 1670 1986 1725 materiem

424 1753 734 1812 absumens.
767 1761 826 1807 ut
854 1769 1030 1823 neque
1050 1755 1214 1825 ligna,
1239 1767 1413 1824 neque
1436 1758 1641 1821 fenum,
1678 1776 1852 1831 neque
1888 1776 1987 1831 pa—

2082 543 2405 644 τυγχάνουσι
2420 588 2434 604 ο
2465 543 2576 635 τοῖς
2597 571 2654 623 δὲ
2679 570 2774 642 τὴν
2798 571 2956 641 χάριν
2983 568 3253 635 ἁθετοῦσι,
3504 543 3676 645 ἀπα-ξ

2084 631 2333 719 λείκατὰ
2358 664 2455 734 τὴν
2488 631 2695 728 ἔνδοξον
2923 631 3250 733 παρουσίαν,
3276 664 3426 735 ἥξων
3450 631 3524 719 ’ἐκ
3553 631 3677 738 τῆι,ι

2087 756 2407 829 ἐπουρανίου
2456 754 2593 808 Σιὼν
2616 794 2631 819 ,
2666 754 2794 825 περὶ
2819 750 2889 824 ἧς
2911 754 2942 805 ό
2992 752 3203 819 Παῦλος
3248 754 3413 825 φησίν
3435 772 3449 787 ’
3493 756 3556 810 Ἠ
3585 757 3654 811 δὲ

2086 848 2206 902 ἀνω
2237 846 2617 917 Ἰερουσαλὴμ
2637 844 2920 913 ἐλευθέρα
2940 845 3131 908 ἐστίν,
3160 844 3289 911 ἣτις
3307 847 3442 901 ἐστὶ
3456 847 3654 917 μήτηρ

2088 940 2282 1009 ἡμῶν·
2320 940 2434 1001 καὶ,
2482 938 2977 1005 Προσεληλύθατε
2997 934 3150 988 Σιὼν
3174 936 3296 1004 ὄρει
3341 938 3437 992 καί
3481 941 3653 993 πόλει

2092 1032 2238 1086 Θεοῦ
2261 1029 2493 1096 ζὶὒντος,
2533 1028 2918 1097 Ἰερουσαλὴμ
2948 1028 3655 1096 ἐπουρανίῳ.Εῠπρέπεια

2088 1124 2145 1177 δὲ
2166 1121 2574 1192 ὠραιότητοςὴ
2601 1118 2805 1183 ἔνδοξος
2820 1118 2986 1171 αὑτοῦ
3010 1119 3294 1189 θεοφάνεια
3310 1138 3327 1150 ·
3347 1119 3548 1190 ταύτην
3558 1122 3653 1175 καὶ

2088 1215 2168 1278 τὸ,
2208 1215 2272 1267 '0
2298 1212 2439 1279 Θεὸς
2457 1210 2732 1281 ἐμφανῶς
2759 1210 2911 1279 ἥξει,
2930 1210 3094 1282 δηλοῖ.
3127 1211 3283 1264 Κατὰ
3313 1211 3413 1281 μὲν
3439 1208 3531 1265 οὖν
3551 1212 3652 1285 τὴν

2092 1305 2313 1377 πρώτην
2353 1304 2516 1357 αὐτοῦ
2544 1302 2840 1372 παρουσίαν
2877 1302 2984 1356 ὑπὸ
3008 1301 3312 1373 ἀνθρώπων
3336 1303 3653 1374 κρινόμενος

2091 1391 2299 1445 ἐσιώπα
2316 1408 2327 1422 ο
2356 1390 2475 1443 οὑδέ
2497 1390 2731 1443 τοσαῦτα
2757 1390 2977 1459 πάσχων
2994 1390 3242 1461 ἠμύνατο
3259 1433 3274 1456 ,
3327 1392 3448 1445 οὐδὲ
3490 1395 3653 1446 πᾶσιν

2092 1482 2298 1536 ἐδείκνυ
2324 1482 2424 1552 τὴν
2456 1480 2595 1533 ἰδίαν
2618 1480 2844 1549 θεότητα
2861 1498 2875 1511 ’
2904 1482 3039 1534 Τότε
3058 1479 3145 1544 δὲ,
3172 1482 3354 1552 φησὶν,
3380 1481 3655 1552 ἐμφανῶς

2095 1572 2245 1639 ἥξει,
2276 1571 2372 1625 καί
2394 1573 2466 1625 οὺ
2492 1570 3039 1638 παρασιωπήσεται.
3064 1571 3452 1643 Προλαμσάνον
3497 1574 3554 1627 δέ
3590 1574 3655 1628 τὸ

2094 1662 2202 1734 πῦρ
2231 1661 2328 1733 τὴν
2350 1661 2517 1721 αὑτοῦ
2545 1661 2818 1731 βασιλείαν
2851 1662 3123 1733 καθαίρει,
3166 1665 3344 1716 πᾶσαν
3367 1663 3499 1735 ὓλην
3522 1682 3659 1718 καυ-

2096 1754 2224 1825 στὴν
2243 1752 2545 1816 ἀναλίσκον,
2576 1752 2713 1823 πρὸς
2739 1751 2800 1805 τὸ
2827 1752 2899 1824 μὴ
2923 1752 3077 1818 ξύλα,
3102 1754 3175 1825 μὴ
3202 1754 3411 1826 χόρτον,
3450 1755 3524 1827 μὴ
3550 1772 3654 1809 κα-

424 1843 528 1908 iea,
564 1851 691 1899 ante
720 1853 1075 1914 conspectum
1111 1846 1231 1915 ejus
1257 1857 1540 1917 appareat.
1567 1851 1771 1920 Arguet
1811 1861 1989 1906 autem

2098 1845 2278 1914 λάμην
2311 1844 2417 1915 πρὸ
2455 1840 2743 1915 προσώπου
2771 1842 2935 1899 αὐτοῦ
2966 1843 3266 1911 φαίνεσθαι.
3330 1845 3563 1913 Ἐλέγξει
3597 1845 3655 1900 δέ

424 1933 586 1989 simul
614 1941 667 1989 et
709 1935 1051 2003 approbabit,
1087 1937 1210 1992 aliis
1248 1924 1459 2000 dicens,
1497 1938 1695 2001 Venite.
1735 1940 1989 1995 benedicti

426 2026 606 2079 Patris
633 2027 734 2079 mei
751 2026 831 2091 ⁸⁸;
864 2026 987 2081 aliis
1028 2041 1182 2091 vero,
1226 2026 1488 2082 Discedite
1518 2046 1551 2082 a
1579 2046 1659 2084 me
1675 2030 1741 2086 ".
1769 2029 1912 2101 Ignis
1935 2034 1989 2086 in

424 2128 698 2186 conspectu
723 2117 837 2184 ejus
868 2117 1193 2172 exardescet.
1235 2116 1417 2186 Ignem
1456 2136 1572 2173 vent
1604 2129 1809 2175 mittere
1838 2136 1991 2189 super

426 2216 621 2262 terram
636 2207 703 2261 ⁸⁸.
746 2205 926 2277 Ignem
963 2207 1053 2261 hic
1107 2215 1266 2262 vocat
1301 2209 1609 2264 doctrinam
1652 2209 1745 2266 Dei
1780 2209 1939 2267 Verbi
1973 2231 1985 2267 :

425 2300 555 2370 quia
591 2301 730 2369 ignis
755 2298 972 2369 quidem
1006 2314 1204 2369 pravos
1253 2301 1472 2356 habitus
1508 2301 1801 2369 comburit,
1834 2318 1994 2356 mun-

427 2395 526 2449 dos
555 2400 733 2447 autem
766 2391 978 2461 probat.
1022 2390 1313 2461 Propterea
1353 2394 1410 2446 in
1444 2394 1673 2448 circuitu
1718 2393 1830 2463 ejus
1873 2403 1993 2447 tem-

426 2491 602 2551 pestas
647 2479 844 2534 ualida.
893 2477 1173 2550 Quotquot
1205 2482 1352 2535 enim
1404 2484 1585 2536 volunt
1627 2485 1714 2550 pie
1756 2484 1993 2537 uiverein

429 2570 660 2633 Christo,
682 2570 1088 2640 persecutionem
1120 2572 1442 2638 patientur“
1461 2590 1477 2636 ς
1496 2572 1591 2627 sed
1604 2573 1770 2628 etiam
1795 2574 1991 2644 inquit,

431 2665 475 2719 Τ
478 2663 843 2718 ribulatione'm
865 2661 1116 2715 habebitis
1145 2666 1199 2716 in
1232 2662 1422 2717 mundo
1436 2664 1501 2720 δ’.

499 2752 664 2809 Vsus.
695 2753 751 2816 4,
786 2753 840 2807 5.
872 2750 1158 2806 Adoocabit
1178 2755 1363 2808 caelum
1388 2753 1687 2818 desursum,
1717 2765 1767 2810 et
1798 2767 1995 2811 terram

430 2848 727 2901 discernere
758 2844 1010 2914 populum
1059 2861 1233 2899 suum.
1288 2844 1608 2917 Congregate
1652 2848 1737 2901 illi
1783 2859 1994 2905 sanctos

428 2941 565 3008 ejus,
600 2939 689 3008 qui
727 2938 978 2992 ordinant
1003 2946 1369 2993 testamentum
1389 2939 1502 3004 ejus
1531 2954 1684 3007 super
1706 2942 1994 3010 sacriﬁcia.

431 3032 554 3085 Alio
581 3030 762 3093 modo,
816 3030 1017 3100 prioris
1063 3031 1246 3100 pepuli
1280 3031 1558 3100 proprium
1601 3032 1866 3101 judicium
1898 3032 1995 3088 de-

2087 1937 2121 2006 ἢ
2155 1936 2487 2002 ἀποδέξεται,
2513 1938 2627 1998 τοῖς
2659 1936 2759 2005 μὲν
2790 1934 2963 2003 λέγων
2987 1953 2999 1965 ·
3033 1935 3227 1999 Δεῦτε,
3249 1940 3301 1991 οί
3332 1936 3656 2007 εὐλογημέ-

2088 2045 2181 2081 νοι
2220 2028 2327 2082 τοῦ
2358 2027 2585 2095 Πατρός
2602 2044 2742 2095 μου,
2773 2029 2884 2090 τοῖς
2910 2026 2988 2089 δὲ,
3009 2029 3345 2094 Πορεύεσθε
3371 2028 3469 2081 ἀπ’
3487 2028 3653 2097 ἐμοῦ.

2088 2118 2214 2186 Πῦρ
2240 2118 2517 2171 ἐναντίον
2547 2117 2731 2172 αὐτοῦ
2763 2116 3157 2183 καυθήσεται·
3196 2119 3315 2187 πῦρ
3345 2115 3534 2188 ἦλθον
3544 2119 3658 2184 ,βα-

2089 2210 2221 2264 λεῖν
2243 2210 2341 2263 ἐπὶ
2364 2208 2479 2277 τὴν
2494 2208 2631 2278 γῆν.
2670 2209 2787 2282 Πῦρ
2827 2211 2883 2265 δὲ
2927 2209 3161 2264 ἐνταῦθα
3181 2210 3279 2281 τὴν
3307 2210 3656 2265 διδασκαλίαν

2089 2300 2183 2355 τοῦ
2210 2300 2342 2353 Θεοῦ
2366 2300 2535 2370 Λόγου
2561 2301 2729 2369 λέγει·
2765 2302 2847 2354 δτι
2875 2318 2980 2372 περ
3001 2300 3110 2372 πῦρ
3138 2301 3281 2354 καίει
3314 2300 3411 2372 μὲν
3435 2301 3532 2364 τὰς
3556 2318 3654 2370 μο-

2091 2391 2295 2461 χθηρὰς
2327 2389 2488 2455 ἕξεις,
2523 2390 2804 2462 δοκιμάζει
2827 2391 2882 2444 δὲ
2906 2392 3033 2455 τοὺς
3081 2390 3371 2463 καθαρούς.
3420 2390 3517 2443 Διὰ
3549 2390 3656 2462 γὰρ

2090 2480 2268 2545 τοῦτο,
2311 2481 2513 2548 κύκλῳ
2533 2481 2719 2535 αὑτοῦ
2752 2482 3018 2551 καταιγὶς
3067 2480 3301 2550 σφόδρα
3325 2497 3338 2510 ·
3375 2481 3487 2533 ὅσοι
3547 2479 3655 2551 γάρ

2092 2573 2339 2627 θέλουσι
2374 2573 2637 2639 εὐσεϐῶς
2664 2563 2854 2633 ζῆνέν
2896 2572 3153 2641 Χριστῷ,
3191 2570 3653 2641 διωχθήσονταιο

2093 2665 2228 2720 ἀλλὰ
2260 2667 2353 2720 καὶ
2375 2667 2603 2733 θλίψιν,
2637 2665 2820 2734 φησὶν,
2843 2664 3008 2729 ἕξετε
3038 2665 3106 2718 ἐν
3125 2663 3205 2730 τῷ
3236 2664 3458 2733 κόσμῳ.

2164 2754 2649 2825 Προσκαλέσεται
2682 2754 2790 2808 τόν
2821 2754 3081 2823 οὐρανόν
3107 2754 3250 2818 ἄνω,
3283 2754 3380 2807 καί
3408 2752 3524 2820 τὴν
3546 2748 3669 2821 γῆν

2094 2848 2388 2917 διακρῖναι
2407 2847 2514 2901 τὸν
2539 2845 2696 2901 λαόν
2719 2844 2923 2900 αὐτοῦ.
2947 2844 3319 2914 Συναγάγετε
3343 2842 3501 2909 αὐτῷ
3521 2840 3667 2908 τοὺς

2095 2939 2300 3009 ἁγίους
2326 2936 2534 3002 αὑτοῦ,
2560 2936 2701 3002 τοὺς
2742 2934 3182 3005 διατιθεμένους
3222 2935 3335 3001 τὴν
3368 2932 3667 3000 Διαθήκην

2096 3028 2279 3084 αὐτοῦ
2309 3027 2407 3081 ἐπὶ
2441 3028 2697 3093 θυσίαις.
2734 3026 2961 3090 Ἀλλως,
2994 3025 3089 3079 τοῦ
3117 3027 3380 3097 προτέρου
3409 3024 3538 3078 λαοῦ
3567 3023 3667 3095 τὴν

433 3125 626 3189 clarat,
672 3124 873 3178 caelum
902 3124 1174 3178 advocans
1208 3131 1261 3178 et
1288 3130 1511 3190 terram,
1541 3127 1822 3195 quoniam
1873 3141 1992 3181 cum

2100 3120 2280 3191 κρίσιν
2309 3116 2615 3183 ἰδιάζουσαν
2641 3117 2900 3179 δείκνυσι,
2938 3117 3029 3170 τὸν
3060 3116 3287 3188 οὐρανὸν
3329 3114 3668 3186 προσκαλού-

434 3217 606 3286 legem
645 3230 742 3285 per
772 3213 1011 3285 Moysem
1042 3216 1381 3279 tradidisset,
1412 3192 1625 3272 dicebat
1650 3235 1664 3271 :
1702 3215 1884 3271 Testor
1912 3233 1992 3271 uo-

2105 3228 2259 3282 μενος
2298 3210 2392 3263 καὶ
2423 3211 2520 3281 τὴν
2568 3209 2672 3279 γῆν
2691 3226 2705 3239 ·
2743 3209 2928 3280 ἐπειδὴ
2957 3208 3051 3261 τὸν
3073 3208 3237 3277 νόμον
3267 3207 3355 3259 διὰ
3390 3205 3669 3269 Μωῦσέως

436 3306 515 3360 bis
544 3305 696 3360 hodie
723 3305 907 3360 calum
946 3315 995 3360 et
1025 3316 1218 3360 terram
1242 3307 1308 3361 ⁸³.
1340 3307 1420 3361 Ac
1448 3323 1666 3363 rursum
1706 3309 1760 3363 in
1805 3322 1992 3378 magno

2102 3301 2428 3373 παραδιδοὺς
2461 3299 2614 3368 ἐλεγε
2634 3316 2647 3329 ο
2677 3300 3052 3367 Μῳτύρομαι
3072 3297 3216 3366 ὑμῖν
3251 3295 3517 3365 σήμερον
3562 3296 3670 3349 τόν

435 3396 652 3452 cantico
682 3415 695 3451 ε
726 3396 969 3459 Attende.
1002 3396 1210 3460 calum,
1241 3407 1290 3451 et
1322 3398 1506 3468 loquar
1530 3414 1547 3458 ;
1571 3408 1621 3451 et
1655 3398 1839 3451 audiat
1862 3407 1992 3452 terra

2102 3416 2165 3452 τε
2196 3395 2455 3465 οὐρανὸν
2472 3396 2567 3449 καὶ
2596 3395 2712 3464 τὴν
2737 3394 2853 3466 γῆν
2870 3411 2883 3424 ’
2913 3394 3007 3447 καὶ
3037 3392 3196 3446 πάλιν
3223 3395 3280 3445 ἐν
3305 3390 3510 3462 μεγάλῃ
3533 3389 3667 3461 ᾠδῇο

435 3490 591 3544 verba
623 3504 689 3544 ea:
717 3506 807 3544 ore
833 3505 944 3543 meo
965 3489 1031 3542 “.
1070 3489 1434 3555 Quamobrem
1473 3490 1546 3544 ait
1586 3489 1795 3544 Isaias:
1838 3489 1998 3553 Audi,

437 3580 705 3640 calum,et
731 3578 946 3633 auribus
966 3579 1358 3647 percipe,terra,
1385 3582 1638 3634 Dominus
1663 3581 1864 3634 locutus
1886 3590 2001 3634 est:

438 3670 611 3724 tt'ilios
642 3671 795 3741 genui
814 3681 863 3725 et
895 3671 1144 3734 exaltavi,
1181 3672 1281 3740 ipsi
1319 3681 1494 3725 autem
1511 3681 1808 3740 spreverunt
1838 3689 1919 3726 me
1933 3673 1999 3727 ".

438 3758 596 3813 Nunc
628 3775 846 3829 quoque
881 3761 1101 3816 eosdem
1154 3762 1400 3817 evocabit
1432 3769 1601 3817 testes
1631 3780 1646 3829 ;
1702 3776 1767 3816 ac
1810 3779 2001 3833 quem-

441 3850 734 3906 admodum
758 3850 1014 3906 Servator
1036 3853 1089 3906 in
1120 3852 1429 3924 Evangeliis
1453 3853 1594 3908 ovile
1617 3869 1773 3909 suum
1805 3855 2006 3910 discer-

440 3946 543 4005 nit.
601 3946 811 4001 scilicet
862 3962 959 4001 eos
990 3950 1083 4016 qui
1114 3945 1370 4003 Ecclesiae
1419 3956 1569 4010 sunt,
1599 3962 1728 4003 oves
1761 3956 2005 4004 statuens

441 4054 471 4092 a
498 4039 734 4102 dextris,
786 4039 971 4094 baados
1008 4048 1186 4094 autem
1219 4054 1249 4093 a
1308 4040 1588 4107 sinistris;
1619 4040 1807 4095 eodem
1844 4040 2006 4095 modo

441 4131 557 4201 ipse
605 4129 869 4188 Dominus
914 4131 1027 4200 jam
1078 4132 1344 4187 discernit
1391 4133 1650 4203 populum
1683 4149 1863 4188 suum.
1897 4130 2007 4187 He-

439 4223 685 4278 braicum
716 4225 993 4295 exemplar
1033 4232 1087 4279 et
1114 4226 1343 4294 reliqui,
1375 4234 1686 4296 congregate
1734 4226 1882 4291 mihi,
1920 4226 2007 4278 iu-

447 4317 653 4385 4uiunt.
689 4314 844 4371 Sicut
894 4318 1037 4371 enim
1088 4319 1144 4371 in
1191 4316 1487 4387 Evangelia
1535 4317 1740 4371 dictum
1772 4325 1900 4371 est:
1937 4316 2006 4369 Et

440 4409 613 4462 mittet
643 4407 853 4478 angelos
880 4424 1024 4473 suos,
1054 4417 1103 4462 et
1124 4408 1509 4478 congregabunt
1536 4425 1711 4462 omnes
1734 4417 1909 4479 gentes
1934 4409 2003 4475 ης

2102 3491 2390 3558 Πρόσεχε,
2419 3487 2655 3555 οὺρανὲ,
2685 3487 2782 3541 καί
2821 3484 3072 3551 λαλήσω
3091 3502 3105 3516 ·
3142 3485 3238 3537 καὶ
3279 3482 3541 3537 ἀκουέτω
3591 3479 3668 3552 γῆ

2096 3580 2335 3650 ῥήματα
2360 3580 2429 3633 ἐκ
2452 3579 2746 3648 στόματός
2770 3594 2911 3646 μου.
2935 3576 3027 3629 Διὸ
3042 3577 3134 3630 καὶ
3162 3574 3414 3637 Ἡσαΐας,
3443 3575 3673 3637 Ἄκουε,

2104 3674 2287 3743 φησὶν,
2321 3669 2559 3741 οὐρανὲ,
2584 3671 2679 3723 καί
2706 3667 3006 3732 ἐνωτίζου,
3043 3669 3081 3736 ἡ
3106 3667 3203 3738 γῆ,
3246 3670 3278 3720 ό
3306 3668 3520 3735 Κύριος
3537 3663 3678 3719 ἐλώ-

2103 3770 2327 3833 λησεν⁹
2368 3762 2538 3827 Υίοὺς
2566 3762 2867 3830 ἐγέννησα
2894 3762 2991 3815 καί
3018 3761 3257 3828 iii-ima,
3288 3758 3456 3813 αὐτοὶ
3505 3754 3573 3811 δέ
3597 3773 3677 3825 με

2102 3851 2426 3921 ἠθέτησαν.
2445 3852 2554 3904 Καὶ
2588 3850 2683 3903 νῦν
2702 3850 2881 3903 τοίνυν
2904 3851 3030 3914 τοὺς
3065 3850 3261 3912 αὐτοὺς
3296 3845 3675 3901 ἐπικαλέσεται

2109 3945 2389 4014 μάρτυρας
2412 3959 2425 3972 ·
2463 3942 2557 3995 καὶ
2585 3940 2775 4012 ὥσπερ
2803 3942 2830 3993 ὁ
2855 3941 3045 4012 Σωτὴρ
3100 3942 3158 3993 ὲν
3206 3937 3557 4007 Εὐαγγελίοις
3613 3935 3679 3989 τὸ

2107 4034 2353 4106 ποίμνιον
2387 4032 2552 4086 αὐτοῦ
2584 4032 2869 4104 διακρίνει,
2899 4031 3098 4101 δηλαδὴ
3126 4032 3254 4094 τοὺς
3289 4030 3391 4099 τῆς
3448 4027 3675 4097 Ἐκκλη-

2109 4124 2248 4187 σίας,
2280 4124 2349 4175 τὰ
2385 4122 2633 4194 πρόϐατα
2670 4122 2765 4190 μὲν
2797 4120 2959 4173 ἱστῶν
2980 4122 3044 4171 ἐκ
3072 4118 3283 4184 δεξιῶν,
3316 4118 3384 4171 τὰ
3411 4117 3469 4171 δέ
3494 4116 3678 4189 ἐρίφια

2107 4214 2165 4281 ἐξ
2201 4214 2519 4284 εὑωνύμων’
2549 4214 2639 4266 τὸν
2673 4212 2834 4265 αὑτὸν
2856 4211 3054 4282 τρόπον
3085 4210 3112 4261 ὁ
3145 4208 3305 4272 αὐτὸς
3337 4208 3540 4279 Κύριος
3584 4206 3678 4259 καὶ

2107 4305 2202 4359 νῦν
2250 4305 2511 4376 διακρίνει
2560 4304 2651 4356 τὸν
2673 4302 2798 4357 λαὸν
2830 4300 3017 4356 αὑτοῦ.
3059 4302 3133 4354 Τὸ
3169 4299 3455 4370 Ἐὕραῖκὸν
3488 4298 3583 4351 καὶ
3630 4299 3679 4349 οἱ

2108 4398 2301 4461 λοιποὶ,
2329 4395 2704 4466 Συναγάγετὲ
2729 4411 2850 4463 μοι,
2886 4393 3048 4462 φασιν
3073 4408 3086 4422 ’
3123 4393 3197 4455 ὡς
3219 4392 3326 4462 γὰρ
3352 4392 3408 4444 ἐν
3443 4390 3684 4457 Εὐαγγεση

441 4501 519 4553 ita
571 4505 625 4554 et
651 4512 798 4553 nunc
836 4497 1029 4552 iisdem
1079 4498 1342 4567 praecipit.
1388 4497 1518 4553 Vult
1566 4478 1747 4552 autem
1785 4507 1992 4556 sanctos

2110 4488 2241 4552 λίοις
2275 4489 2487 4557 εἴρηται
2512 4503 2524 4516 ·
2551 4485 2659 4539 Καὶ
2692 4480 3019 4537 ἀποστελεῖ
3047 4480 3187 4546 τοὺς
3235 4479 3529 4549 ἀγγέλους
3573 4478 3682 4578 at):

442 4592 597 4659 prius
638 4605 800 4661 quam
832 4589 1031 4660 impios
1064 4589 1362 4662 segregari,
1398 4596 1587 4660 utpote
1617 4591 1712 4662 qui
1740 4592 1992 4662 promissi

2109 4579 2238 4645 τοῦ,
2270 4578 2369 4632 καὶ
2402 4576 2744 4640 συνάξουσι
2778 4572 2975 4627 πάντα
3011 4571 3083 4626 τὰ
3114 4573 3257 4638 ἔθνη
3276 4588 3289 4601 ο
3312 4570 3452 4624 οὕτω
3474 4569 3569 4621 καὶ
3588 4569 3689 4621 νῦν

444 4683 705 4754 consequi
734 4684 984 4740 debeant.

518 4937 686 4993 Vens.
724 4942 809 4996 15.
847 4941 1101 5012 Nunquid
1140 4942 1468 4999 manducabo
1498 4962 1682 5000 carnes
1714 4954 2007 5008 taurorum,

2109 4674 2221 4734 τοῖς
2271 4670 2456 4735 αὐτοῖς
2486 4667 2783 4721 ἐπιτάττει.
2819 4663 3074 4736 Πρώτους
3110 4663 3167 4716 δὲ
3217 4662 3463 4733 βούλεται
3496 4661 3685 4731 ἀφορι-

2113 4762 2304 4831 σθῆναι
2334 4760 2460 4832 πρὸν
2486 4759 2593 4812 τῶν
2620 4757 2831 4811 ἀσεϐῶν
2876 4756 3003 4818 τοὺς
3040 4755 3220 4818 ὁσίους
3255 4752 3418 4806 αὑτοῦ
3444 4793 3459 4818 ,
3501 4752 3689 4823 τυχεῖν

2109 4830 2219 4906 τῶν
2253 4830 2675 4922 ἐπηγγελμένων
2702 4847 3031 4917 ὀφείλοντας.

2181 4947 2237 4997 Μ
2245 4942 2277 5009 ἡ
2297 4941 2555 5011 φάγομαι
2590 4940 2735 5009 κρέα
2769 4941 3023 5008 ταύρων,
3052 4937 3089 5005 ἢ
3133 4935 3276 5006 αἷμα
3300 4935 3528 5006 τράγων
3556 4934 3685 4988 πίο-

446 5041 540 5087 aut
566 5034 873 5103 sanguinem
913 5036 1179 5089 hircorum
1210 5036 1451 5105 potabo?
1498 5035 1637 5092 Esca
1683 5037 1779 5093 Dei
1826 5049 1910 5094 est
1943 5039 1992 5093 dt

2107 5051 2249 5106 μαι;
2277 5033 2461 5105 Τροφὴ
2485 5033 2541 5085 δὲ
2566 5031 2703 5087 Θεοῦ
2736 5033 2864 5103 περὶ
2895 5025 2965 5103 ἧς
2993 5027 3144 5084 εἶπεν
3163 5046 3177 5060 ⁸
3215 5030 3551 5091 Ἐπείνασα,
3590 5025 3687 5079 καὶ

445 5140 552 5195 qua
600 5124 778 5179 dixit:
834 5124 1065 5191 Esurivi,
1116 5135 1166 5181 et
1210 5126 1428 5182 dedistis
1472 5129 1600 5183 mihi
1650 5129 1992 5195 manducare1

2108 5126 2367 5184 ἐδώκατέ
2398 5144 2501 5196 μοι
2521 5125 2732 5195 φαγεῖν
2756 5143 2767 5155 '
2809 5124 3094 5192 ἐδίψησα,
3126 5123 3224 5176 καί
3252 5116 3568 5175 ἐποτίσατέ
3589 5134 3683 5186 με’

444 5218 607 5280 sitivi,
644 5224 693 5271 et
720 5215 939 5269 dedistis
980 5216 1107 5270 mihi
1140 5215 1309 5271 bibere
1334 5217 1402 5282 ⁸⁵⁷,
1422 5226 1557 5286 etc.;
1584 5234 1615 5272 a
1646 5220 1847 5288 quibus
1876 5234 1992 5273 euu-

2114 5223 2202 5290 ὑφ’
2232 5214 2307 5275 ὧν
2333 5221 2664 5293 τρεφόμενος
2684 5220 2824 5286 λέξω
2845 5236 2859 5249 ο
2902 5218 3019 5287 Ἐφ’
3049 5218 3200 5273 ὅσον
3248 5215 3573 5283 ἐποιήσατε
3598 5214 3687 5266 ἐνὶ

446 5307 608 5362 tritus
632 5306 831 5362 dicam:
857 5305 923 5360 In
953 5319 1206 5379 quantum
1226 5307 1428 5378 fecistis
1452 5309 1542 5362 uni
1569 5324 1633 5363 ea:
1650 5310 1730 5363 his
1755 5309 1987 5363 minimis

2117 5315 2341 5367 τούτων
2373 5312 2491 5369 τῶν
2520 5312 2876 5381 ἐλαχίστων,
2908 5309 3037 5379 ἐμοὶ
3069 5308 3410 5376 ἐποιήσατε.
3449 5308 3605 5362 Ἐστι
3632 5305 3689 5358 δὲ

448 5400 577 5453 mihi
604 5398 806 5468 fecistis
828 5400 895 5453 “.
946 5399 1217 5456 lmmolari
1247 5407 1429 5454 autem
1467 5408 1646 5470 potest
1677 5417 1771 5471 per
1798 5400 1992 5454 divino:

2121 5401 2281 5455 θῦσαι
2317 5402 2547 5473 λογικῶς
2600 5403 2694 5456 καὶ
2725 5402 2816 5455 διὰ
2849 5400 3128 5469 θεολογίας
3178 5400 3272 5452 κα)⁸
3304 5397 3685 5470 εὐχαριστίας·

450 5506 731 5546 sermones
760 5506 825 5545 ac
855 5491 1151 5561 gratiarum
1201 5492 1516 5559 actionem;
1571 5508 1694 5546 cum
1742 5492 1992 5563 quispian

2119 5494 2212 5547 καὶ
2238 5494 2357 5546 ἐπεὶ
2384 5493 2428 5546 δ’
2464 5494 2529 5547 ἄν
2548 5511 2631 5557 τις
2650 5492 2727 5563 τῷ
2750 5491 2868 5562 Θεῷ
2893 5492 3096 5561 πρέπον
3122 5489 3487 5561 ὑποσχόμενος
3511 5487 3691 5559 ἔργοις

525 5648 570 5679 ³⁵
610 5646 785 5702 Galat.
822 5665 894 5714 tv,
923 5648 1017 5702 36.
1093 5648 1136 5679 ³⁷
1180 5647 1338 5701 llebr.
1376 5664 1482 5706 xu.
1512 5649 1602 5703 Ἡ.
1704 5648 1748 5681 ⁸⁸
1790 5647 1977 5702 Matth.

2095 5665 2138 5711 ν,
2171 5649 2259 5702 54.
2357 5650 2400 5681 ³⁸
2440 5648 2569 5702 Luc.
2602 5663 2714 5711 xu,
2749 5647 2837 5701 49.
2946 5645 2992 5678 ⁸⁰
3032 5645 3163 5714 ibid.
3266 5644 3309 5675 "
3348 5642 3392 5696 11
3429 5641 3576 5697 Tim.
3600 5657 3688 5714 tu,

464 5717 544 5769 l2.
623 5718 667 5748 δ’
705 5712 1042 5773 ,Ιοοηζκγμ
1107 5719 1195 5772 '55.
1270 5718 1316 5749 “
1354 5717 1508 5771 Deut.
1544 5735 1679 5785 xxx,
1737 5719 1821 5774 19.
1900 5719 1942 5752 ⁸⁸
1982 5717 2137 5774 Deut.
2200 5734 2377 5783 xxxu,
2439 5720 2487 5773 l.
2564 5717 2608 5749 “
2650 5717 2751 5774 lsa.
2798 5733 2846 5783 ι,
2905 5717 2958 5771 2.
3035 5713 3299 5768 “Matth.
3359 5729 3525 5778 xxiv,
3598 5712 3688 5766 3i.

447 5789 514 5865 “7
550 5786 742 5842 Matth.
781 5805 903 5854 xxv,
932 5786 1117 5842 55-56.
1194 5786 1239 5817 ⁸⁸
1268 5787 1396 5841 ibid-
1429 5790 1519 5843 4⁸)·
