4098 6434
476 379 578 434 457

1596 382 2091 441 ΟΟΜΜΕΝΤΑΒΙᾹ
2130 389 2197 443 IN
2236 389 2570 444 PSALMOS.

3594 394 3703 450 438

477 485 852 556 ἐπιτελέσειεν.
896 495 1073 565 Εύχὰς
1118 495 1224 568 γὰρ
1260 499 1293 568 ἡ
1334 498 1524 570 Γραφὴ
1564 498 1663 563 τὰς
1707 503 2025 571 ἐπαγγελίας

2140 524 2259 577 qua:
2312 508 2422 562 Deo
2468 507 2744 577 pollicitus
2794 515 2899 572 est,
2947 522 3112 579 opere
3137 507 3506 576 compleverit.
3562 508 3699 565 Vota

485 584 659 655 φησιν,
690 584 766 649 ὡς
800 587 858 638 ὲν
886 587 963 657 τῷ
985 605 999 618 ο
1042 588 1182 641 Ἐὰν
1209 589 1359 658 εὔξῃ
1391 591 1603 659 εὐχὴν,
1623 593 1708 661 μὴ
1733 596 2025 666 βραδύνῃς

2139 601 2285 655 enim
2316 601 2708 670 promissiones
2757 598 3037 669 Scriptura
3085 605 3259 661 vocat,
3312 606 3371 652 ut
3416 612 3539 652 cum
3572 601 3648 653 ait
3684 617 3697 655 τ

487 674 821 730 ἀποδοῦναι.
865 677 1091 745 Ἀγαθὸν
1120 678 1180 731 τὸ
1208 680 1280 751 μὴ
1314 679 1588 747 εὔξασθαι,
1623 682 1655 754 ἢ
1688 684 1750 736 τὸ
1788 683 2042 751 εὔξασθαι

488 768 570 820 ιιαὶ
606 767 678 839 μὴ
699 768 1008 823 ἀποδοῦναι.
1042 769 1226 834 Οὕτως
1248 768 1338 824 οὖν
1381 773 1610 844 σπείρας
1656 777 1736 838 είς
1772 776 2041 832 δικαιοσύ-

489 874 597 928 Ινην,
630 856 813 923 ἔλπιζε
833 862 1125 932 τρυγήσειν
1154 864 1363 933 καρπὸν
1389 865 1552 940 ζωῆς.

554 1041 716 1108 Τῷδὲ
738 1043 1061 1113 ἀμαρτωλῷ
1075 1043 1244 1100 εἶπεν
1259 1051 1292 1102 ό
1321 1052 1463 1117 Θεός
1477 1069 1493 1081 ·
1510 1052 1634 1107 Ἰνα
1660 1056 1721 1108 τί
1745 1056 1826 1110 σὺ
1855 1057 2032 1127 διηγῇ

478 1131 548 1187 τὰ
569 1132 925 1205 δικαιώματά
950 1154 1089 1205 μου,
1120 1139 1215 1192 καί
1266 1140 1721 1211 ἀντιλαμϐάνεις
1765 1145 1879 1214 τὴν
1911 1151 2041 1201 Δια-

476 1224 667 1294 θήκην
691 1244 809 1295 μου
848 1227 947 1282 διὰ
987 1229 1091 1283 τοῦ
1126 1233 1422 1301 στόματός
1451 1247 1606 1299 σου;
1656 1238 1967 1293 Μετάϐασιν
2009 1242 2037 1292 ὁ

475 1314 628 1384 λόγος
675 1316 787 1387 ἔχει
834 1318 940 1371 ἀπὸ
975 1317 1069 1371 τοῦ
1104 1318 1212 1372 τῶν
1253 1320 1477 1376 δικαίων
1517 1325 1794 1395 τάγματος
1839 1328 1931 1381 ἐπὶ
1975 1329 2037 1383 τὺ

472 1406 658 1477 τάγμα
689 1402 795 1461 τῶν
822 1407 1092 1479 πονηρῶν.
1141 1411 1344 1464 Ἐκεῖνο
1370 1413 1478 1485 γάρ
1495 1431 1548 1468 τι
1573 1416 1734 1471 πλέον
1762 1418 1904 1489 ἔσχε,
1937 1420 2036 1489 τῆς

473 1498 669 1568 καινῆς
697 1498 967 1570 Διαθήκης
996 1498 1095 1571 τὴν
1119 1502 1450 1574 ἐπιστήμην.
1508 1506 1850 1578 ’Δμαρτωλὸν
1884 1511 1940 1564 δὲ
1974 1513 2033 1564 ού

473 1587 574 1641 τὸν.
592 1588 864 1660 ἀλλότριον
895 1589 1002 1643 τῶν
1031 1590 1284 1662 Γραφῶν,
1317 1592 1453 1647 ἀλλὰ
1472 1595 1565 1649 τὸν
1598 1601 1921 1673 παραϐάτην
1946 1620 2039 1656 κα-

473 1677 572 1733 λεῖ.
614 1680 854 1750 Ἔλὲγχει
884 1681 941 1734 δὲ
974 1683 1136 1736 αὐτὸν
1160 1685 1261 1738 οὐκ
1283 1686 1375 1739 ἐπὶ
1412 1688 1718 1759 παραϐάσει
1756 1693 2037 1749 σαϐϐάτων

473 1771 506 1842 ἢ
533 1770 752 1834 θυσιῶν,
792 1772 1068 1844 ἢτοιῶνδε
1102 1773 1425 1848 βρωμάτων,
1456 1779 1591 1834 ἀλλὰ
1641 1783 1751 1838 τῶν
1801 1786 2037 1855 φυσικῶν

2142 693 2201 747 Si
2229 701 2401 745 votum
2434 708 2639 755 paveas,
2669 689 2922 744 netardes
2947 688 3163 744 reddere
3186 689 3274 742 "3‘.
3308 688 3499 744 Melius
3530 690 3701 758 siqui-

2140 780 2262 833 dem
2292 787 2507 841 estnon
2538 795 2753 846 vovere,
2796 794 2960 849 quam
2999 794 3199 833 voverc
3226 787 3280 833 et
3312 794 3422 832 non
3453 778 3695 834 reddere.

2142 869 2232 924 Sic
2263 871 2428 940 igitur
2463 886 2584 925 cum
2618 870 2974 926 seminaveris
3005 871 3073 925 ad
3100 870 3393 940 justitiam,
3426 885 3612 940 speres
3646 876 3699 924 te
3744 872 3747 873 ⁷

2138 960 2376 1016 fructum
2412 961 2536 1015 vita:
2564 962 2944 1017 collecturum.

2208 1052 2373 1109 Vsus.
2413 1043 2496 1109 16‘.
2536 1054 2813 1109 Peccatori
2838 1064 3013 1108 autent
3042 1053 3178 1107 dixit
3210 1053 3345 1108 Deus
3373 1068 3391 1106 :
3434 1052 3610 1119 Quare
3644 1060 3699 1105 tu

2135 1162 2354 1200 enarras
2366 1147 2610 1215 justitias
2634 1163 2797 1210 meas,
2827 1156 2875 1201 et
2895 1147 3120 1200 assumis
3145 1154 3510 1201 testamentum:
3532 1161 3698 1198 meum

2133 1252 2224 1305 per
2252 1253 2310 1290 os
2342 1245 2488 1289 tuum
2508 1237 2534 1290 ?
2562 1235 2969 1291 Transitionem
3005 1252 3187 1292 sermo
3220 1237 3379 1290 habet
3411 1236 3480 1290 ab
3511 1236 3702 1290 ordine

2130 1327 2406 1398 justorum
2465 1328 2532 1382 ad
2571 1327 2820 1382 ordinem
2858 1327 3256 1396 improborum.
3291 1325 3384 1381 ille
3424 1325 3570 1382 enim
3602 1326 3702 1379 ali-

2135 1418 2266 1489 quid
2287 1419 2520 1489 amplius
2540 1418 2752 1483 habuit,
2778 1419 2989 1474 scilicet
3016 1418 3142 1473 novi
3167 1417 3502 1475 Testamenti
3523 1417 3703 1472 scien-

2137 1511 2288 1564 tiam.
2320 1508 2670 1564 Pcccatorem
2700 1516 2903 1573 autem,
2926 1523 3035 1562 non
3064 1508 3299 1563 alienum
3321 1522 3351 1561 a
3377 1506 3696 1578 Scripturis,

2136 1597 2235 1654 sed
2266 1598 2744 1668 praevaricatorem
2773 1603 2953 1652 vocat.
2986 1595 3251 1668 illumque
3277 1596 3545 1667 coarguit,
3589 1610 3700 1651 non

2136 1689 2203 1745 de
2237 1689 2676 1759 transgressione
2728 1688 2877 1742 circa
2915 1687 3145 1743 sabbata
3189 1696 3283 1743 aut
3326 1688 3552 1753 hostias,
3607 1695 3701 1741 aut

2138 1782 2346 1839 similes
2368 1796 2524 1837 escas
2553 1820 2569 1845 ,
2598 1780 2693 1835 sed
2723 1780 2791 1835 de
2819 1781 2995 1850 legum
3025 1782 3357 1835 naturalium
3385 1780 3696 1843 violatione,

474 1867 670 1933 νόμων,
707 1866 790 1933 ἐφ’
815 1859 895 1928 οἷς
923 1865 1125 1936 ἀνόητα
1151 1862 1220 1938 ἦν
1250 1868 1398 1941 αὐτῷ
1437 1871 1530 1924 τοῦ
1577 1873 1711 1928 Θεοῦ
1762 1876 1829 1931 τά
1866 1878 2025 1949 μαθή-

2138 1886 2372 1945 quarum
2404 1872 2751 1943 disciplinam
2803 1889 2833 1927 a
2890 1871 2999 1927 Deo
3055 1872 3306 1926 traditam
3354 1887 3452 1942 pro
3507 1873 3701 1926 insana

474 1971 649 2024 ματα·
694 1953 864 2007 ταῦτα
899 1954 1005 2025 γὰρ
1063 1957 1389 2029 ἁμαρτάνων
1437 1961 1762 2035 άπέρῤιπτε,
1806 1968 2034 2031 Φυσικδς

474 2045 578 2118 γὰρ
617 2049 646 2100 ό
674 2047 837 2118 νόμος
873 2048 933 2101 τὸ
969 2048 1043 2121 μὴ
1072 2049 1182 2103 δεῖν
1219 2055 1410 2121 ποιεῖν,
1435 2053 1471 2109 ἃ
1502 2055 1566 2128 δὴ
1601 2057 1791 2113 παθεῖν
1823 2060 1884 2113 οὐ
1916 2060 2036 2132 βου-

472 2139 688 2210 λόμεθα.
716 2140 909 2211 Μοιχοὶ
940 2142 996 2196 δὲ
1040 2147 1134 2200 καὶ
1175 2150 1223 2203 οἱ
1265 2147 1412 2202 ἄθεοι
1454 2150 1862 2225 εἰδωλολάτραι·
1915 2152 2036 2207 κλέ-

470 2245 600 2281 πται
628 2228 685 2281 δὲ
713 2228 807 2281 καὶ
831 2231 879 2281 οἱ
926 2230 1250 2300 κλέπτοντες
1281 2236 1377 2308 τὴν
1416 2238 1691 2311 ἀλήθειαν.
1742 2243 1879 2295 Ποτὲ
1935 2243 2032 2313 μὲν

469 2315 595 2387 οὖν,
641 2324 1098 2398 Ἐπαρῤησιάζου,
1148 2328 1301 2399 φησι,
1326 2331 1392 2399 τῇ
1424 2330 1612 2402 κακίᾳ,
1660 2332 1789 2385 ποτὲ
1822 2333 1898 2397 δὲ,
1934 2336 2031 2386 Δο-

469 2413 595 2479 λίως
645 2416 1016 2483 ἐπεϐούλευες,
1063 2420 1389 2491 προσεποιοῦ
1446 2422 1502 2476 δὲ
1551 2425 1789 2496 γνησίως
1835 2427 1928 2478 καὶ
1958 2426 2032 2490 ὡς

467 2505 713 2574 ἀδελφοῖς
763 2510 973 2581 ὁμιλεῖν
997 2549 1011 2574 ,
1076 2510 1251 2583 λάθρα
1294 2511 1496 2568 τούτων
1546 2514 1860 2569 καταλαλῶν
1883 2532 1895 2545 ·
1945 2518 2031 2569 ὲν-

466 2597 688 2671 ήδρευες
729 2600 786 2655 δὲ
841 2603 935 2656 καὶ⁴
965 2604 1090 2667 τοὺς
1112 2605 1176 2657 ἐκ
1207 2605 1307 2675 τῆς
1330 2606 1498 2676 αὐτῆς
1527 2624 1606 2660 σοι
1639 2608 1864 2680 μητρὸς,
1914 2609 2031 2679 ἦτοι

465 2694 804 2764 συναγωγῆς,
831 2694 865 2765 ἢ
895 2695 990 2748 καί¹
1035 2694 1328 2765 ἐκκλησίας
1347 2714 1362 2728 ·
1410 2698 1494 2766 ἐφ’
1521 2694 1602 2761 οἷς
1629 2699 1763 2769 ἐμοῦ
1794 2701 2034 2754 σιωπῶν-

464 2797 553 2846 τος
579 2784 740 2853 ήνίκα
768 2786 1194 2858 ἐνηνθρώπησαο
1221 2789 1254 2858 ἢ
1285 2790 1378 2842 καὶ
1404 2788 1605 2853 άλλως·
1660 2792 1782 2844 Ἐπὶ
1820 2790 1881 2844 τὸ
1921 2794 2032 2863 χεῖ-

467 2891 557 2945 ρον
586 2873 830 2940 ἐϐάδιζες
861 2880 1219 2950 ναταφρονῶν
1245 2881 1341 2951 τῆς
1375 2881 1514 2952 ἐμῆς
1545 2883 1906 2953 χρηστότητος
1938 2886 2031 2938 καὶ

463 2965 560 3034 τῆς
615 2965 812 3036 ἀνοχῆς
865 2968 1086 3038 καὶτῆς
1146 2970 1526 3041 μακροθυμίας
1545 2971 1674 3024 ἰδιὸ
1705 2971 1891 3026 λοιπὸν
1933 2974 2031 3028 οὐκ

464 3054 739 3125 ἀνέξομαι.
780 3057 893 3110 Καὶ
920 3057 1028 3129 γάρ
1053 3058 1285 3111 διέκεισό
1316 3076 1381 3130 με
1413 3058 1514 3123 τὰς
1546 3060 1645 3124 σὰς
1677 3061 2031 3133 ἀποδέχεσθαι

463 3144 708 3216 πράξεις,
735 3147 768 3218 ἢ
799 3148 892 3200 καὶ
925 3148 1130 3219 μηδένα
1164 3149 1366 3203 τούτων
1395 3152 1721 3223 μεμνῆσθαι.
1754 3153 1891 3206 Ἀλλ’
1917 3153 2028 3222 ἐγώ

2138 1966 2412 2020 habebat:
2456 1965 2598 2018 hanc
2648 1965 2793 2018 enim
2847 1962 3125 2034 peccando
3172 1963 3391 2032 ahjecit.
3425 1962 3700 2019 Naturalis

2134 2057 2336 2127 quippe
2369 2058 2456 2111 lex
2479 2072 2541 2112 ea
2565 2062 2671 2120 est,
2704 2055 2905 2110 nemini
2939 2054 3117 2108 facere
3144 2069 3266 2124 quae
3294 2054 3408 2123 pati
3438 2054 3694 2109 nolimus.

2134 2146 2328 2201 Moschi
2358 2154 2536 2201 autem
2569 2154 2715 2209 sunt,
2749 2145 2900 2214 impii
2929 2145 3229 2199 idololatra:
3254 2188 3268 2212 ,
3304 2152 3359 2200 et
3393 2145 3561 2210 l'ures,
3597 2147 3696 2215 qui

2132 2238 2414 2292 veritatem
2467 2235 2825 2291 suﬂ‘urautur.
2857 2234 3016 2290 Modo
3050 2237 3215 2306 igitur
3245 2237 3321 2290 ait
3351 2256 3363 2290 :
3403 2237 3459 2290 in
3491 2237 3698 2291 malitia

2132 2329 2470 2397 conﬁdebas;
2496 2345 2647 2384 mox:
2680 2329 2873 2385 Dolose
2894 2327 3264 2391 insidiaharis,
3294 2328 3699 2399 simulabasquc

2130 2429 2185 2477 te
2218 2422 2433 2477 sincere
2461 2429 2514 2475 et
2546 2421 2704 2491 quasi
2734 2435 2857 2475 cum
2894 2419 3159 2474 fratribus
3192 2418 3453 2488 colloqui,
3486 2418 3698 2474 etclam

2132 2512 2200 2566 iis
2228 2512 2630 2579 maledicebas;
2657 2511 2887 2567 insidias
2914 2511 3168 2566 struebas
3200 2511 3270 2567 iis
3294 2511 3386 2581 qui
3413 2526 3477 2565 ex
3509 2512 3699 2566 eadem

2131 2618 2295 2674 quam
2326 2611 2384 2657 tu
2413 2611 2589 2658 matre
2615 2603 2722 2657 orti
2752 2609 2902 2667 sunt,
2931 2602 3045 2656 sive
3064 2617 3130 2656 ex
3160 2600 3464 2672 Synagoga,
3490 2601 3604 2657 sive
3631 2616 3699 2657 ex

2132 2694 2422 2752 Ecclesia:
2453 2696 2521 2750 de
2565 2695 2767 2766 quibus
2805 2710 2904 2764 ego
2934 2693 3183 2759 silebam,
3237 2692 3457 2764 quando
3505 2694 3698 2748 huma—

2131 2798 2254 2837 nam
2286 2786 2559 2855 assumpsi
2592 2794 2862 2839 naturam.
2893 2782 3017 2837 Sive
3041 2782 3149 2837 alio
3172 2784 3334 2840 modo
3361 2803 3375 2838 :
3404 2784 3485 2839 Ad
3514 2783 3697 2854 pejora

2130 2873 2469 2944 gradiebare,
2506 2875 3006 2937 mansuetudinem,
3035 2874 3345 2945 patientiam
3375 2883 3429 2930 et
3459 2875 3697 2929 toleran-

2132 2967 2260 3021 tiam
2289 2982 2464 3023 meam
2489 2968 2839 3038 despiciens:
2878 2983 3050 3037 quare
3085 2968 3317 3022 ulterius
3350 2981 3460 3022 non
3496 2967 3692 3036 patiar.

2130 3057 2264 3112 Nam
2300 3060 2380 3114 sic
2399 3058 2627 3115 affectus
2651 3076 2796 3125 eras,
2822 3068 2881 3115 ut
2911 3067 3133 3131 putares
3158 3074 3245 3114 me
3268 3068 3418 3129 gesta
3465 3059 3696 3130 probare

2131 3160 2243 3215 tua,
2279 3161 2373 3205 aut
2401 3151 2679 3217 neminem
2700 3167 2890 3207 eorum
2924 3151 3363 3208 recordaturum.
3410 3154 3479 3206 At
3511 3168 3610 3223 ego
3644 3160 3697 3208 te

463 3252 523 3288 σε
551 3237 835 3310 διελέγχων
860 3239 963 3311 πρὸ
990 3240 1100 3295 τῶν
1128 3240 1236 3294 σῶν
1273 3219 1572 3315 ὀφθαλμῶν
1600 3245 1813 3300 ἅπαντα
1855 3219 2022 3319 θήσω,

2129 3257 2388 3315 arguens,
2422 3243 2604 3298 omnia
2635 3243 2736 3297 tibi
2759 3244 2830 3298 ob
2853 3246 3043 3301 oculos
3075 3260 3294 3317 ponam,
3333 3252 3413 3310 ut,
3454 3245 3537 3300 bis
3566 3261 3695 3300 con-

459 3328 607 3394 ὄπως
640 3330 781 3400 ὁρῶν
810 3334 1122 3409 αἰσχυνθῇς.

592 3460 700 3515 ΕΙΣ
739 3460 827 3518 ΤΟ
863 3463 1408 3539 ΤΕΛΟΣ,ΨΑΛΜΟΣ
1448 3470 1533 3524 ΤΩ
1570 3472 1767 3525 ΔΑΥΙΔ
1807 3473 1888 3528 N'.

471 3551 575 3606 Ἔν
597 3552 681 3620 τῷ
712 3556 909 3634 ἐλθεῖν
944 3560 1107 3634 πρὸς
1118 3560 1305 3634 αὐτὸν
1322 3563 1527 3634 Ναϐὰν
1552 3562 1667 3615 τὸν
1686 3563 2019 3634 προφήτην,

763 3627 943 3694 ἡνίκα
971 3627 1218 3701 εἰσῆλθε
1240 3632 1391 3699 πρὸς
1412 3627 1741 3700 Βτιρσαὸεέξ
1805 3627 1820 3633 ⁷
1874 3627 1907 3693 ’.

539 3737 830 3806 Ἐλέησόν
855 3756 951 3809 με,
991 3745 1023 3794 ό
1052 3743 1217 3809 Θεὸς,
1240 3748 1392 3799 κατὰ
1421 3744 1485 3798 τὸ
1506 3745 1660 3815 μέγα
1688 3746 1858 3813 ἔλεός
1884 3765 2017 3803 σου.

467 3830 553 3893 Ὧς
570 3831 667 3883 ἐπὶ
686 3831 911 3902 μεγάλῳ.
925 3831 981 3889 δὲ
1007 3833 1183 3907 ψυχῆς
1214 3835 1485 3908 τραύματι
1543 3836 1777 3909 μεγάλου
1817 3838 2020 3894 δεῖσθαι

454 3919 602 3974 ἐλέου
630 3920 897 3991 ὁμολογεῖ.

537 4009 659 4063 Ἐπὶ
683 4010 895 4067 πλεῖον
936 4013 1174 4067 πλῦνον
1190 4032 1268 4083 με
1296 4013 1414 4069 ἀπὸ
1444 4014 1553 4083 τῆς
1590 4018 1840 4088 ἀνομίας
1878 4036 2017 4088 μου,

453 4099 550 4155 καὶ
577 4101 695 4155 ἀπὸ
722 4099 830 4170 τῆς
856 4102 1142 4171 ἁμαρτίας
1154 4122 1275 4174 μου
1307 4105 1636 4175 καθάρισον
1655 4125 1751 4178 με.
1786 4108 1923 4180 Ὅρα
1964 4109 2019 4162 δὲ

451 4192 588 4262 πρὸς
613 4192 673 4246 τὸ
704 4194 940 4265 Χριστοῦ
972 4196 1132 4252 πάλιν
1161 4199 1488 4270 μυστήριον·
1512 4199 1612 4271 τὴν
1636 4200 1743 4272 γὰρ
1787 4202 1845 4255 ὲν
1872 4200 2021 4272 νόμῳ

452 4284 717 4355 κάθαρσιν
745 4287 779 4357 ἡ
800 4286 894 4340 τοῦ
927 4287 1298 4360 βαπτίσματος
1338 4290 1735 4361 ὑπερϐαίνουσα
1769 4291 2016 4364 δύναμις,

451 4377 543 4430 καὶ
566 4377 768 4449 ταύτης
796 4378 894 4449 τῆς
919 4378 1098 4449 ψυχῆς
1130 4381 1419 4452 ἐργάζεται
1463 4381 1745 4455 κάθαρσιν.
1808 4384 2017 4454 Ἐκείνη

449 4468 557 4543 γὰρ
586 4469 720 4540 πρὸς
750 4470 847 4541 τῆς
876 4470 1050 4542 ψυχῆς
1075 4473 1549 4544 προσελαμϐάνετο
1580 4474 1945 4547 καθαρότητα.

2127 3335 2351 3407 spcctis,
2386 3333 2594 3403 pudore
2625 3334 2898 3390 aﬂiciaris.

2308 3469 2357 3521 i.
2398 3465 2466 3521 lN
2502 3465 3078 3529 FINEM,PSALMUS
3123 3466 3332 3523 DAVID
3369 3468 3435 3522 L.

2203 3562 2256 3616 2.
2287 3561 2417 3617 Cum
2450 3563 2583 3616 venit
2610 3560 2679 3615 ad
2704 3578 2820 3615 eum
2856 3561 3076 3633 Nat/tan
3106 3562 3380 3631 propheta,
3405 3562 3614 3633 quando

2595 3633 2806 3686 intravit
2835 3632 2904 3685 ad
2938 3631 3214 3687 Bersabee.
3308 3662 3311 3665 λ

2192 3740 2358 3796 Vsus.
2393 3742 2444 3796 5.
2483 3741 2909 3807 Miserere‘mci,‘
2931 3741 3093 3806 Deus,
3129 3741 3411 3797 secundum
3446 3758 3691 3813 magnam

2123 3830 2539 3884 misericordiam
2575 3841 2739 3884 tuam.
2775 3824 2953 3897 Quasi
2989 3845 3088 3901 pro
3118 3846 3316 3904 magno
3347 3832 3541 3887 animae
3575 3833 3692 3887 vul-

2122 3935 2274 3982 nere,
2306 3936 2499 3991 magna
2532 3921 2908 3977 misericordia
2938 3938 3076 3994 opus
3105 3939 3232 3980 esse
3261 3923 3571 3979 conﬁtetur.

2192 4010 2359 4068 Vnus.
2395 4013 2448 4067 4.
2474 4012 2715 4080 Amplius
2747 4014 2866 4066 lava
2894 4030 2973 4066 me
3006 4013 3073 4067 ab
3105 4015 3381 4085 iniquitate
3410 4032 3545 4078 mea,
3577 4023 3626 4068 et
3656 4033 3690 4068 a

2121 4098 2330 4171 peccato
2360 4119 2473 4156 meo
2505 4102 2704 4157 munda
2742 4118 2842 4155 me.
2880 4100 3115 4171 Respice
3160 4104 3352 4158 iterum
3391 4104 3455 4155 ad
3486 4103 3687 4158 Christi

2122 4190 2436 4265 mysterium
2465 4212 2479 4260 ;
2532 4209 2656 4247 nam
2691 4183 3012 4263 purgatione
3039 4193 3174 4263 legis
3206 4194 3551 4263 priestantior
3594 4195 3690 4248 ba-

2121 4288 2303 4356 ptismi
2328 4286 2523 4348 virtus,
2560 4285 2720 4354 hujus
2750 4285 2942 4338 anima:
2969 4283 3412 4339 emundationem
3451 4284 3682 4353 perlicit.

2118 4377 2251 4432 Nam
2277 4378 2365 4432 illa
2388 4377 2453 4431 ad
2477 4376 2669 4431 anima:
2702 4376 2989 4446 puritatem
3025 4374 3251 4431 advecta
3279 4381 3382 4429 est.

520 4561 625 4621 Σοὶ
649 4563 812 4630 μόνῳ
834 4562 1095 4631 ἥμαρτον
1125 4565 1222 4618 καί
1252 4564 1317 4618 τὸ
1339 4566 1606 4636 πονηρὸν
1631 4565 1886 4620 ἐνώπιόν
1904 4580 2018 4621 σου

2193 4558 2357 4613 Vens.
2391 4557 2442 4612 6.
2480 4557 2597 4612 Tibi
2623 4557 2722 4612 soli
2747 4559 2954 4628 peccavi
2982 4567 3030 4611 et
3053 4557 3252 4612 malum
3283 4572 3460 4611 coram
3490 4565 3537 4609 te
3563 4554 3683 4624 feci,

446 4652 723 4720 ἐποίησα,
761 4652 919 4720 ὅπως
940 4653 1016 4707 ἂν
1042 4653 1359 4724 δικαιωθῇς
1385 4657 1454 4710 ἑν
1479 4657 1602 4724 τοῖς
1637 4660 1841 4726 λόγοις
1878 4674 2015 4720 σου,

446 4744 546 4798 καί
574 4738 834 4813 νικήσῃς
864 4744 935 4799 ἐν
966 4744 1044 4812 τῷ
1067 4748 1377 4815 κρίνεσθαί
1401 4764 1493 4804 σε.
1521 4750 1595 4803 Οὐ
1633 4748 1789 4803 τοῦτό
1831 4767 2013 4821 φησιν,

444 4833 529 4887 ὅτι
548 4833 641 4889 τὸν
659 4835 859 4906 Οὐρίαν
887 4836 987 4891 οὐκ
1018 4836 1278 4907 ἠδίκησα·
1329 4837 1442 4891 ἀλλ’
1470 4840 1552 4892 ὅτι
1594 4841 1692 4913 τὴν
1753 4840 2013 4911 μεγίστην

448 4926 790 4998 παρανομίαν
818 4928 897 4991 εἰς
924 4927 1083 4982 αὑτὸν
1112 4927 1412 4999 τετόλμηκε
1441 4930 1531 4983 τὸν
1553 4931 1704 4996 Θεὸν,
1740 4930 1847 4987 ἀπὸ
1876 4949 2010 5002 προ-

444 5016 654 5077 ϐατέως
703 5017 800 5088 μὲν
848 5018 1138 5090 γενόμενος
1184 5019 1455 5093 βασιλεὺς,
1485 5024 1765 5095 κρατήσας
1814 5024 1871 5078 δὲ
1903 5023 2011 5077 τῶν

445 5106 674 5180 ἐχθρῶν,
701 5109 1059 5174 παντοδαποῖς
1092 5110 1148 5163 δὲ
1176 5111 1472 5183 κοσμηθεὶς
1496 5114 1739 5183 ἀγαθοῖς,
1775 5116 1866 5169 καὶ
1902 5133 2011 5169 τοι-

446 5195 619 5261 ούτοις
643 5196 735 5251 τὸν
768 5197 1061 5269 εὐεργέτην
1086 5199 1476 5273 ἀμειψάμενος.
1527 5204 1598 5256 Τὸ
1637 5204 1714 5269 δὲ,
1754 5203 2011 5258 ἐνώπιόν

445 5298 582 5353 σου,
612 5286 706 5343 καὶ
733 5289 790 5341 ὲν
809 5289 875 5359 τῇ
896 5288 1106 5359 ἱστορίᾳ
1130 5289 1423 5361 δεδήλωται
1445 5305 1457 5315 ·
1492 5292 1805 5371 Ὠερθηπὰρ
1855 5296 2007 5366 φησὶ,

447 5382 513 5438 τὸ
538 5379 780 5450 γεγονὸς
812 5379 1076 5448 πονηρόν
1111 5380 1366 5438 ἐνώπιον
1400 5383 1641 5453 Κυρίου.
1687 5385 1759 5437 Ἢ
1802 5383 1975 5449 οὕτως
1996 5404 2008 5417 ·

456 5470 703 5525 Ἑδόκουν
733 5488 817 5533 τις
846 5467 982 5524 εἶναι
1009 5471 1174 5525 πάλαι
1199 5475 1529 5547 σκεπόμενος
1558 5475 1663 5529 ὑπὸ
1693 5474 1807 5530 σοῦ.
1840 5476 2009 5530 Nava-

450 5578 585 5633 μικα
605 5561 864 5617 δὲλοιπὸν
889 5565 1178 5629 ἀσάλευτος
1205 5562 1345 5622 εἶναι
1371 5610 1386 5633 ,
1426 5568 1599 5638 λέγων
1626 5570 1696 5623 ἐν
1722 5568 1798 5637 τῇ
1838 5570 2010 5636 εὐθη-

444 5658 549 5721 νιᾳ
585 5668 704 5721 μου
728 5694 741 5708 .
779 5657 860 5709 Οὐ
896 5658 984 5725 μὴ
1017 5640 1334 5722 σαλευθῶ·
1393 5660 1472 5713 διὸ
1509 5661 1893 5730 άπέστρεψας
1941 5660 2009 5715 τὸ

2127 4660 2181 4704 ιιι
2204 4650 2513 4720 justiﬁceris
2551 4651 2603 4703 in
2630 4648 2953 4704 sermonibus
2983 4651 3085 4704 tuis
3117 4657 3167 4704 et
3196 4650 3372 4703 vincas
3402 4662 3519 4701 cum
3534 4645 3687 4715 judi-

2123 4743 2286 4795 caris.
2325 4739 2443 4796 Non
2475 4740 2577 4795 hoc
2626 4741 2737 4793 ait:
2777 4739 2919 4794 Uria:
2953 4739 3208 4808 injuriam
3263 4751 3372 4792 non
3403 4733 3504 4790 feci
3529 4776 3546 4792 .
3589 4735 3683 4790 sed

2120 4834 2248 4905 quia
2278 4848 2535 4905 magnum
2580 4822 2759 4889 scelus
2803 4833 2858 4887 in
2891 4832 3059 4887 Deum
3110 4829 3325 4901 aggredi
3372 4842 3540 4884 ausus
3567 4836 3682 4889 est,

2118 4927 2209 4997 qui
2240 4941 2307 4981 ex
2341 4933 2555 4997 pastore
2588 4939 2683 4981 rex
2707 4923 2953 4987 effectus,
2977 4922 3216 4977 inimicis
3245 4919 3496 4985 devictis,
3524 4925 3686 4988 atque

2118 5016 2283 5071 nullis
2314 5031 2422 5070 non
2450 5024 2677 5069 ornatus
2701 5012 3004 5075 beneflciis,
3031 5010 3273 5066 beneﬁco
3294 5025 3389 5081 per
3415 5010 3522 5064 tale
3553 5009 3686 5062 facio

2116 5122 2223 5161 nus
2266 5106 2495 5177 gratiam
2538 5104 2869 5176 repend‘erit.
2904 5102 3044 5157 illud
3092 5110 3271 5157 autem
3312 5117 3491 5156 coram
3527 5108 3595 5165 te,
3628 5099 3682 5152 in

2117 5200 2347 5256 historia
2369 5199 2715 5270 explicatur:
2754 5195 2936 5250 Visum
2961 5205 3060 5259 est,
3093 5194 3290 5265 inquit,
3316 5192 3454 5264 quod
3483 5192 3683 5261 fastum

2111 5303 2209 5357 est,
2245 5294 2444 5348 malum
2470 5308 2649 5348 coram
2680 5290 2907 5346 Domino
2933 5289 3001 5345 δ’.
3031 5287 3129 5343 Vel
3162 5287 3241 5343 sic
3273 5284 3679 5356 interpreteris:

2110 5383 2346 5440 Videbar
2377 5383 2579 5454 aliquis
2605 5399 2729 5441 esse
2761 5397 2886 5437 cum
2931 5397 2960 5435 a
2995 5388 3048 5436 te
3075 5389 3409 5450 protegerer,
3442 5375 3683 5430 aestima-

2111 5480 2345 5547 bamque
2375 5474 2593 5530 demum
2634 5490 2721 5531 me
2749 5473 3083 5529 immobilem
3114 5486 3257 5537 esse,
3283 5485 3409 5526 cum
3441 5466 3679 5523 dicerem

2110 5570 2164 5625 in
2195 5568 2527 5625 abundantia
2556 5583 2671 5624 mea
2696 5580 2715 5619 :
2749 5564 2872 5621 Non
2914 5564 3189 5628 movebar;
3241 5576 3409 5632 quare
3447 5557 3680 5612 avertisti

2112 5660 2298 5729 faciem
2338 5668 2481 5713 tuam
2523 5676 2553 5715 α
2592 5676 2671 5714 me
2703 5667 2749 5714 et
2793 5658 2966 5729 [actus
3010 5672 3123 5712 sum
3166 5653 3509 5709 conturbatus
3536 5648 3615 5702 "z
3647 5663 3679 5703 a

519 5813 579 5844 "'
618 5812 773 5869 Deut.
813 5829 964 5882 XXIII,
994 5814 1082 5868 21.
1162 5815 1204 5850 ⁸³
1245 5816 1286 5871 ll
1322 5814 1451 5883 Β-ικι
1486 5833 1573 5883 Χ¹›
1604 5815 1692 5871 Ἦν
1770 5818 1814 5851 ⁵⁵
1852 5815 1999 5873 Ρδίδί·

2127 5831 2207 5882 ηιι,
2246 5815 2296 5886 7,
2332 5814 2382 5869 8.
