4098 6420
439 330 550 383 459

1152 331 1422 388 EUSEBII
1459 331 1935 387 CASSARIENSlS
1972 331 2125 386 OPP.
2166 331 2349 388 PARS
2388 333 2474 388 Ill.
2514 362 2583 375 ——
2622 331 3034 409 EXEGETICA.

3589 334 3702 389 L10

438 446 820 501 misericordia
848 455 943 501 tua
986 447 1066 502 sic
1098 446 1350 510 edoctus,
1392 447 1516 502 Nisi
1557 449 1811 503 Dominus
1844 449 2013 517 (uti/i-

2119 450 2442 515 πρόσωπόν
2458 466 2572 501 σου
2593 450 2691 501 ἀπ’
2715 447 2882 516 ἐμοῦ,
2908 451 3001 502 καὶ
3024 448 3142 517 tm
3157 453 3320 521 ῄίὶην
3346 452 3701 520 τεταραγμέ-

444 539 640 592 caverit
682 537 919 604 domum,
958 538 1013 592 in
1060 555 1252 592 vanum
1301 539 1675 594 laboraverunt
1720 543 1808 610 qui
1850 542 2019 609 a’diﬁ-

446 639 569 683 cant
593 631 665 686 ⁵¹.

519 808 686 866 Vnus.
741 812 796 865 7.
850 811 985 865 Ecce
1034 812 1175 865 enim
1226 812 1279 865 in
1325 814 1695 881 iniquitatibus
1745 828 2016 882 conceptus

451 919 584 966 sum,
616 915 666 957 et
702 906 756 957 in
790 907 1018 971 peccatis
1047 908 1278 971 concepit
1308 924 1390 961 me
1416 917 1584 961 mater
1612 926 1743 963 mea.
1778 909 1900 963 [huc
1939 912 2016 965 si-

451 996 595 1055 miiia
630 996 832 1050 fuerint
882 998 950 1052 iis
1000 1014 1121 1068 quae
1171 999 1225 1052 in
1255 997 1357 1052 Job
1389 1000 1683 1069 leguntur:
1730 1000 2017 1056 Maledicta

450 1086 555 1141 dies
574 1089 627 1141 in
651 1106 754 1156 qua
778 1098 933 1143 natus
963 1106 1101 1151 sum,
1135 1102 1183 1143 et
1222 1106 1326 1144 nua:
1352 1093 1405 1144 in
1435 1108 1538 1161 qua
1568 1093 1813 1145 dixerunt
1838 1108 1856 1145 :
1888 1092 2018 1148 Ecce

418 1177 714 1233 'masculus
761 1182 829 1234 ".
861 1180 973 1234 Cur
1006 1183 1319 1249 maledicta,
1355 1185 1461 1238 nisi
1495 1187 1623 1254 quia
1654 1184 1709 1237 in
1760 1185 2018 1255 iniquita-

449 1267 593 1322 tibus
622 1280 925 1340 conceptus
966 1273 1096 1325 est?
1136 1272 1496 1343 Consequens
1522 1276 1666 1329 enim
1702 1283 1819 1330 erat
1850 1279 2018 1332 male-

416 1352 739 1414 dictionem
776 1361 1036 1432 subsequi
1074 1373 1379 1433 peccatum.
1414 1366 1607 1421 Iisdem
1662 1384 1795 1423 usus
1835 1369 2017 1425 verbis

448 1460 529 1507 est
577 1451 885 1510 Jeremias:
924 1454 1216 1511 Maledicta
1273 1459 1386 1513 dies
1437 1461 1493 1512 in
1534 1477 1640 1529 qua
1670 1471 1826 1514 natus
1858 1479 2012 1524 sum,

446 1552 493 1596 et
529 1561 634 1598 nos:
666 1548 720 1599 in
771 1564 875 1617 qua
921 1551 1155 1617 concepit
1195 1566 1275 1603 me
1326 1563 1496 1605 mater
1539 1568 1653 1606 mea
1676 1553 1742 1607 ⁸³.
1792 1552 2014 1608 Beatum

447 1636 590 1689 enim
645 1638 861 1702 fuisset,
922 1658 1029 1695 non
1077 1658 1305 1712 peccare
1337 1644 1567 1713 primam
1612 1645 1915 1708 mulierem,
1962 1653 2017 1699 et

445 1738 720 1799 corruptae
749 1733 885 1801 proli
920 1749 1139 1803 cperam
1173 1751 1281 1789 non
1314 1735 1466 1799 dare,
1496 1751 1559 1790 ac
1588 1752 1809 1791 manere
1837 1737 1891 1790 in
1923 1752 2017 1806 pa-

445 1820 630 1876 radiso
660 1822 863 1878 divinis
896 1826 1107 1895 angelis
1138 1827 1370 1881 similem
1398 1844 1416 1893 ;
1446 1827 1541 1882 sed
1587 1827 1787 1881 invidia
1816 1828 2018 1882 diaboli

444 1928 589 1965 mors
621 1914 835 1969 intravit
869 1917 924 1969 in
972 1915 1224 1970 mundum
1254 1919 1321 1971 ⁸⁸.
1373 1917 1661 1973 Generatio
1691 1930 1871 1973 autem
1921 1935 2019 1988 per

443 2002 767 2072 sanguinem
800 2014 855 2060 et
883 2020 1105 2061 carnem
1151 2007 1315 2059 morti
1344 2006 1714 2067 ministrabat,
1746 2006 1813 2059 ad
1840 2006 2019 2060 conti-

445 2111 611 2149 nuam
647 2098 900 2152 mortalis
940 2098 1157 2167 generis
1187 2098 1618 2152 successionem.
1653 2096 2016 2163 Quamobrem

444 2186 754 2254 conceptio,
788 2196 979 2257 utpote
1010 2190 1172 2241 morti
1198 2189 1466 2258 subjecta,
1500 2204 1530 2242 a
1561 2190 1737 2245 beatis
1768 2191 1902 2246 viris
1929 2191 2015 2243 in-

442 2276 763 2329 cusabatur.
792 2277 1154 2347 Symmachus
1203 2295 1353 2343 vero,
1394 2280 1449 2333 in
1498 2281 1819 2349 injustitiam
1871 2291 2018 2335 utero

442 2376 677 2436 gestatus
702 2385 842 2435 sum,
868 2378 918 2424 et
944 2372 996 2423 in
1026 2373 1252 2439 peccatis
1278 2373 1560 2441 parturivit
1579 2390 1658 2428 me
1686 2383 1854 2428 mater
1879 2391 2014 2427 mea.

444 2457 503 2511 In
538 2469 715 2524 utero,
744 2460 945 2530 inquit,
979 2471 1223 2531 gestatus
1252 2479 1396 2525 sum,
1432 2472 1491 2519 ut
1516 2466 1805 2520 transirem
1833 2465 1901 2520 ad
1933 2466 2018 2519 in-

441 2532 731 2622 iustitiam:
787 2552 954 2624 idque
986 2562 1046 2608 ut
1096 2555 1150 2608 in
1205 2556 1446 2625 peccatis
1479 2566 1662 2620 natus,
1714 2557 2015 2612 secundum

441 2644 587 2699 lianc
617 2645 892 2715 cogitandi
922 2647 1187 2701 rationem
1224 2662 1441 2718 arguar.
1477 2647 1595 2703 Non
1626 2650 1681 2703 in
1710 2650 2018 2720 iniquitati-

438 2735 546 2790 bus
594 2737 787 2792 matris
823 2752 976 2801 mete,
1034 2738 1232 2809 inquit,
1283 2750 1583 2810 conceptus
1621 2756 1766 2807 sum,
1821 2758 1929 2799 non
1962 2746 2017 2799 in

439 2827 826 2897 iniquitatibus
859 2830 977 2885 suis
1026 2830 1142 2901 ipsa
1191 2833 1482 2901 parturivit
1513 2849 1600 2888 me
1632 2853 1647 2901 ;
1683 2835 1779 2890 sed
1822 2852 1924 2907 ego
1959 2837 2016 2892 in

438 2915 780 2987 iniquitatem
838 2929 1001 2976 natus
1030 2936 1175 2983 sum,
1210 2922 1429 2974 mortali
1465 2922 1692 2978 indutus
1723 2939 1888 2980 carne
1917 2943 1934 2993 ;
1962 2935 2018 2982 et

436 3010 555 3065 haec
581 3011 724 3079 dico,
759 3013 1010 3083 quoniam
1049 3015 1320 3068 ueritatem
1352 3013 1609 3069 dilexisti.

510 3098 677 3154 Vens.
717 3100 770 3153 9.
824 3104 1081 3171 Asperges
1145 3118 1225 3155 me
1275 3102 1522 3172 hyssopo,
1573 3114 1623 3159 et
1679 3107 2015 3162 mundabor:

442 3189 642 3243 lambis
675 3206 775 3255 me,
809 3199 859 3243 et
888 3207 1044 3257 super
1071 3193 1237 3245 nivem
1268 3192 1576 3250 dealbabor.
1612 3195 1894 3268 Hyssopus
1923 3216 2018 3253 va—

440 3279 662 3335 cuitatis
692 3279 980 3335 aﬂ‘ectuum
1016 3283 1321 3353 symbolum
1346 3293 1449 3349 est,
1480 3294 1536 3342 et
1569 3287 1777 3342 ablutio
1838 3294 2020 3361 cogni-

440 3371 649 3426 tionem
672 3372 945 3442 signiﬁcat
968 3393 980 3428 :
1009 3390 1107 3443 per
1129 3377 1455 3431 vacuitatem
1483 3378 1773 3434 aﬁ‘ectuum
1792 3385 2020 3439 munda-

438 3478 584 3532 mur,
627 3473 682 3520 et
731 3480 829 3535 per
871 3466 1239 3536 cognitionem
1271 3468 1609 3525 dealbamur.
1734 3539 1738 3542 ἠ

519 3554 681 3612 Vens.
724 3557 811 3611 Η.
842 3557 1029 3613 Averte
1062 3558 1253 3628 faciem
1286 3572 1433 3614 tuam
1468 3579 1500 3616 a
1528 3565 1755 3630 peccatis
1785 3564 1936 3629 meis,
1969 3576 2019 3620 et

442 3663 619 3709 omnes
652 3650 958 3720 iniquitates
998 3669 1142 3707 meas
1180 3652 1314 3708 dele.
1348 3655 1467 3708 Alia
1497 3657 1738 3723 ratione,
1768 3658 1860 3728 qui
1899 3661 2021 3713 ani-

445 3755 590 3793 mam
618 3755 647 3793 a
678 3741 819 3794 mala
847 3744 1182 3799 conscientia
1213 3754 1495 3816 purgatam
1527 3747 1709 3813 habet,
1740 3748 1847 3803 Deo
1872 3750 2019 3806 dixe-

441 3830 553 3884 rit:
608 3828 825 3885 Facient
880 3843 1048 3899 tuam,
1103 3835 1348 3903 Domine,
1381 3840 1667 3909 requiram,
1720 3858 1782 3898 ne
1810 3855 2016 3899 avertas

441 3920 631 3989 [aciem
683 3934 829 3977 tuam
879 3942 912 3977 a
953 3942 1035 3979 me
1059 3927 1124 3981 ⁸⁵.
1161 3927 1264 3996 Qui
1313 3946 1442 3985 vero
1492 3932 1687 3987 animae
1729 3940 2015 3991 vulnerum

441 4010 742 4069 fmditatem
797 4017 1088 4087 conspicit,
1141 4034 1263 4076 sese
1316 4023 1598 4079 occultans
1647 4026 1772 4094 jure
1819 4043 2017 4099 magno

436 4104 609 4174 judici
641 4108 757 4165 ait:
795 4110 980 4164 Averte
1025 4111 1219 4180 faciem
1253 4124 1399 4167 tuam
1435 4132 1468 4168 a
1496 4120 1719 4184 peccatis
1756 4122 1922 4180 meis;
1960 4131 2017 4175 at

439 4212 549 4253 non
579 4215 610 4252 a
637 4200 847 4272 meipso
873 4243 888 4268 ,
919 4202 1015 4258 sed
1046 4206 1203 4274 quasi
1232 4221 1435 4277 :egrum
1471 4218 1682 4265 curato.

510 4464 678 4524 Vnus.
714 4470 803 4524 14.
833 4468 1008 4525 Redde
1030 4474 1160 4529 mihi
1186 4477 1433 4531 laetitiam
1455 4479 1713 4536 salutaris
1738 4484 1833 4537 tui.
1859 4485 2012 4551 Quod
2049 4492 2093 4547 D

439 4558 734 4617 discrimen
756 4562 899 4633 apud
927 4563 1181 4624 Hebraeos
1209 4569 1281 4624 sit
1312 4570 1455 4625 inter
1477 4571 1630 4636 illud,
1663 4575 1854 4629 salutis
1887 4589 2010 4645 tum,

439 4652 586 4721 quod
638 4652 957 4726 frequenter
1004 4661 1286 4727 occurrit,
1331 4670 1385 4716 et
1433 4665 1586 4725 illud,
1626 4668 1879 4726 salutaris
1915 4675 2012 4738 tui,

441 4746 772 4805 declaratur.
822 4749 957 4804 Nam
997 4753 1153 4817 illud,
1201 4755 1438 4811 salutare
1480 4768 1646 4821 tuum,
1701 4764 1841 4832 apud
1891 4764 2013 4821 illos

442 4839 726 4907 scribitur,
750 4841 1001 4911 Jesuach,
1025 4848 1169 4917 quod
1197 4850 1484 4906 manifeste
1512 4852 1810 4913 Salvatoris
1839 4861 2012 4913 nostri

440 4925 572 4985 Jesu
606 4946 803 4988 nomen
828 4937 1104 5006 exprimit,
1136 4939 1217 4994 sic
1252 4941 1399 4995 enim
1431 4958 1620 5000 omnes
1646 4946 2011 5018 interpretan-

438 5026 569 5088 tur;
602 5022 733 5077 illud
759 5040 908 5089 vero,
940 5028 1135 5082 salutis
1163 5040 1268 5084 tua?
1298 5030 1512 5090 Isaaclt.

514 5112 678 5172 Vsus.
716 5116 799 5171 i9.
828 5116 1165 5190 Sacri/icium
1197 5121 1306 5178 Deo
1334 5127 1550 5194 spiritus
1580 5130 2007 5188 contribulatus:

430 5224 522 5261 cor
563 5208 850 5263 contritum
901 5220 951 5264 et
980 5212 1341 5282 humiliatum,
1387 5216 1527 5274 Deus
1587 5238 1691 5276 non
1736 5222 2005 5293 despiciet.

433 5297 586 5353 Alius
640 5296 815 5354 dixit:
874 5297 1036 5357 Sanis
1090 5304 1312 5373 quidem
1375 5313 1627 5363 convenit
1676 5312 2006 5366 sacriﬁcium

434 5386 613 5443 laudis
647 5431 663 5457 ,
710 5390 872 5461 aegris
916 5407 1066 5458 vero,
1116 5395 1445 5452 sacriﬁcium
1480 5400 1662 5455 cordis
1694 5403 1917 5457 contriti
1955 5414 2008 5458 et

2119 558 2256 605 νος·
2289 541 2557 609 διδαχθεὶς
2587 541 2720 610 ἐλέῳ
2740 541 2816 611 τῷ
2842 540 2917 611 σῷ
2940 558 2952 570 -
2992 540 3126 594 Ἐὰν
3143 539 3229 609 μὴ
3269 540 3487 606 Κύριος
3537 545 3697 595 οἱκο-

2117 630 2355 700 δομήσῃ
2397 628 2601 697 οἷκον,
2642 634 2727 698 είς
2769 632 2973 701 μάτην
3019 632 3356 685 ἐκοπίασαν
3382 636 3433 685 cl
3468 631 3696 686 οἰκοδο-

2112 723 2389 790 μοῦντες.

2203 813 2347 866 Ἰδοὺ
2412 814 2518 882 γὰρ
2572 812 2642 865 ἐν
2686 813 2958 881 ἀνομιάις
2998 811 3430 880 συνελήφθην,
3470 813 3568 866 καὶ
3628 813 3699 866 ἐν

2117 902 2425 971 ἁμαρτίαις
2456 901 2755 969 ἐλίσσησέ
2777 918 2854 970 με
2881 903 2918 970 η
2947 900 3146 969 μήτηρ
3163 920 3303 971 μου.
3339 904 3536 974 Ὅμοια
3559 903 3603 956 δ’
3630 903 3701 957 ἂν

2118 990 2200 1059 εἴη
2231 990 2324 1043 καὶ
2365 988 2537 1042 ταῦτα
2574 992 2687 1052 τοῖς
2720 990 2871 1060 παρὰ
2916 989 2994 1059 τῷ
3041 990 3160 1043 ’1ώό
3182 1010 3194 1021 ·
3233 990 3695 1062 Ἐπικατάρατος

2116 1084 2155 1150 ἡ
2195 1080 2383 1149 ἡμέρα
2412 1082 2482 1134 ἐν
2520 1076 2557 1153 ᾗ
2583 1081 2944 1151 ἐγεννήθην,
2975 1083 3073 1134 καὶ
3103 1084 3140 1151 ἡ
3176 1083 3290 1148 νὺξ
3314 1084 3384 1137 ἐν
3418 1079 3458 1156 ᾖ
3493 1081 3693 1139 εἶπαν·

2130 1174 2275 1227 Ἰδοὺ
2307 1175 2513 1242 ἄρσεν.
2546 1174 2645 1226 Διὰ
2670 1175 2722 1226 τί
2756 1175 2863 1246 γὰρ
2891 1172 2957 1238 ἦν
2992 1177 3426 1246 ἐπικατᾶρατος,
3471 1178 3585 1232 ἀλλ’
3612 1181 3697 1233 ὅτι

2117 1268 2174 1320 ὲν
2205 1268 2453 1337 ἀνομίαις
2479 1267 2781 1338 συνελήφθη
2808 1285 2822 1330 ;
2876 1267 3181 1321 Ἇκόλουθον
3208 1269 3314 1341 γὰρ
3345 1266 3412 1340 ἦν
3450 1272 3691 1343 κατάραν

2116 1358 2341 1412 ἔπεσθαι
2387 1358 2653 1431 ἁμαρτία.
2686 1360 2810 1422 Τοῖς
2857 1363 3037 1423 αυτοῖς
3105 1361 3373 1431 Ἱερεμίας
3427 1364 3695 1435 ἐχρήσατο

2117 1452 2295 1521 φήσας
2316 1468 2327 1478 ’
2374 1450 2830 1517 Ἐπικατάρατος
2863 1453 2900 1519 ἠ
2936 1451 3119 1520 ἡμέρα
3145 1453 3215 1504 ἐν
3254 1447 3293 1525 ᾖ
3323 1454 3578 1523 ἐτέχθην
3626 1457 3695 1509 ἐν

2115 1545 2288 1612 αὐτῇ,
2329 1545 2423 1597 καί
2482 1547 2520 1612 ἡ
2549 1544 2664 1609 νὺξ
2689 1546 2759 1598 ἐν
2803 1538 2843 1615 ᾗ
2888 1544 3187 1598 συνέλαὸἐ
3228 1562 3301 1614 με
3327 1545 3526 1614 μήτηρ
3551 1565 3699 1615 μου.

2115 1637 2400 1707 Μακάρων
2427 1635 2534 1708 γὰρ
2558 1633 2625 1706 ἦν
2662 1636 2721 1688 τὸ
2752 1636 2884 1706 μηδὲ
2912 1638 3009 1707 τὴν
3055 1636 3278 1706 πρώτην
3322 1641 3553 1705 γυναῖκα
3585 1655 3696 1691 πα-

2123 1728 2365 1799 ραϐᾶσαν
2394 1733 2460 1800 τῇ
2497 1729 2708 1800 φθαρτῇ
2750 1728 2959 1797 γενέσει
3002 1727 3460 1799 διακονήσασθαι,
3515 1728 3696 1800 μένειν

2048 1792 2090 1846 Β
2119 1792 2176 1874 δὲ
2205 1822 2263 1873 έν
2311 1792 2622 1893 παραδείσω
2647 1792 2810 1884 θείοις
2847 1792 3219 1892 ὁμοιωθεῖσανῗ
3247 1792 3529 1889 ἀγγέλοις.
3562 1821 3699 1875 ἀλλὰ

2119 1916 2318 1982 φθόνῳ
2338 1913 2620 1966 διαϐόλου
2637 1912 2894 1977 θάνατος
2914 1910 3198 1980 εἰσῆλθεν
3210 1916 3296 1979 εὶς
3319 1913 3427 1975 τὸν
3443 1914 3666 1983 κόσμον
3683 1955 3695 1968 .

2119 2006 2345 2076 Θανάτῳ
2368 2006 2423 2059 δὲ
2452 2008 2484 2076 ἡ
2510 2005 2575 2058 δι’
2611 2005 2857 2075 αἱμάτων
2882 2004 2974 2058 καὶ
3006 2005 3208 2075 σαρκὸς
3253 2007 3575 2077 ὑπηρετεῖτο
3606 2007 3699 2075 γέέ

2120 2112 2262 2158 νεσις
2287 2096 2367 2155 εἰς
2391 2094 2485 2147 τοῦ
2508 2094 2703 2164 θνητοῦ
2723 2094 2914 2162 γένους
2943 2094 3224 2165 διαμονήν.
3263 2096 3354 2148 Διὸ
3379 2097 3473 2149 καὶ
3500 2098 3533 2168 ή
3570 2096 3696 2150 σύλ-

2119 2187 2309 2257 ληψις,
2341 2186 2541 2240 ὡσανεὶ
2587 2186 2800 2257 θανάτῳ
2840 2186 3205 2258 ὑποκειμένη,
3251 2190 3360 2251 τοῖς
3410 2190 3698 2261 μακαρίοις

2119 2278 2443 2334 διεόάλλετο.
2462 2280 2520 2331 ’0
2544 2279 2601 2332 δὲ
2624 2278 2916 2350 Σύμμαχος
2935 2296 2947 2308 ·
2976 2281 3081 2343 Είς
3103 2278 3344 2331 ἀδικίαν
3356 2279 3692 2348 ὀδυνήθην.

2120 2373 2217 2425 καὶ
2250 2373 2319 2425 ἐν
2352 2371 2664 2441 ἁμαρτίαις
2700 2370 2925 2439 ἐκύησέ
2945 2387 3023 2439 με
3048 2374 3086 2439 ἡ
3125 2371 3323 2440 μήτηρ
3366 2391 3500 2439 μου.
3548 2374 3697 2426 Ὠδο-

2118 2462 2288 2534 νήθην
2315 2462 2424 2534 γὰρ
2446 2464 2540 2516 καὶ
2565 2462 2823 2532 έκυήθην,
2860 2464 3043 2532 φησιν,
3084 2463 3170 2515 ἵνα
3199 2464 3453 2534 παρέλθω
3481 2466 3561 2527 είς
3588 2465 3696 2518 ἀδι-

2120 2554 2263 2617 κίαν,
2296 2555 2390 2606 καὶ
2419 2554 2522 2617 ἵνα,
2551 2555 2610 2605 ὲν
2640 2552 2933 2623 ἁμαρτίαις
2962 2553 3273 2623 γενόμενος,
3296 2554 3531 2625 ἐλεγχθῶ
3555 2555 3696 2608 κατὰ

2116 2646 2321 2717 ταύτην
2348 2646 2447 2716 τὴν
2477 2645 2683 2698 ἔννοιαν
2704 2663 2715 2674 ·
2747 2645 2859 2698 Οὐκ
2880 2647 2937 2698 ἐν
2960 2646 3228 2716 ἁνομίαις,
3251 2648 3400 2716 φησὶ,
3434 2647 3532 2717 τῆς
3556 2647 3695 2718 ὲμῆς

2121 2738 2457 2810 συνελήφθην
2487 2738 2713 2810 μητρὸς,
2742 2737 2862 2791 οὐδὲ
2885 2742 3005 2802 ταῖς
3027 2740 3222 2810 ἑαυτῆς
3264 2740 3515 2808 ἀνομίαις
3550 2740 3699 2793 ὲκίσ-

2120 2830 2252 2902 σησέ
2285 2847 2350 2900 με
2374 2846 2388 2859 ο
2419 2829 2535 2882 ἀλλ’
2556 2829 2666 2897 ἐγὼ
2708 2831 2787 2892 είς
2818 2829 3029 2883 ἀδικίαν
3077 2831 3374 2901 ἐγεννήθην
3397 2871 3410 2894 ,
3461 2830 3659 2903 θνητὴν
3679 2871 3696 2895 ,

2118 2922 2573 2994 περιϐαλλόμενος
2630 2922 2809 2993 σάρκα
2868 2924 2961 2976 καὶ
3007 2923 3183 2977 ταῦτά
3235 2940 3416 2995 φημι,
3455 2924 3698 2992 ἐπείπερ

2117 3014 2408 3082 ἀλήθειαν
2434 3012 2774 3084 ἠγάπησας.

2202 3105 2482 3172 Ῥαντιεῖς
2538 3124 2617 3176 με
2669 3105 2938 3174 ὑσσώπῳ
2985 3106 3085 3160 καί
3147 3106 3660 3177 καθαρισθήσομιιι
3679 3148 3695 3171 ,

2118 3198 2373 3264 πλυνεῖς
2412 3215 2489 3267 με
2528 3199 2629 3251 καὶ
2661 3197 2813 3266 ὑπὲρ
2856 3200 3030 3268 χιόνα
3052 3196 3562 3268 λευκανθήσομαι.
3625 3197 3697 3251 Τὸ

2121 3287 2370 3343 ὖσσωπόν
2393 3290 2506 3341 ἐστι
2534 3288 2800 3360 σύμϐολον
2823 3288 3107 3353 ἀπαθείας,
3139 3290 3233 3343 καὶ
3263 3291 3296 3360 ἡ
3332 3288 3525 3353 πλύσις
3551 3287 3698 3358 γνῶ-

2122 3399 2205 3435 σιν
2256 3382 2527 3453 σημαίνειο
2564 3383 2658 3434 καὶ
2692 3381 2781 3434 διὰ
2823 3380 2922 3452 μὲν
2955 3380 3224 3445 ἀπαθείας
3263 3380 3693 3453 καθαριζόμεθα,

2117 3472 2205 3526 διὰ
2238 3472 2294 3525 δὲ
2319 3473 2417 3542 τῆς
2447 3472 2698 3541 γνώσεως
2722 3471 3137 3542 λευκαινόμεθα.

2202 3565 2615 3632 Ἀπόστρεψον
2636 3562 2702 3616 τὸ
2732 3563 3055 3631 πρόσωπόν
3076 3579 3192 3616 σου
3225 3563 3343 3618 ἀπὸ
3370 3562 3488 3616 τῶν
3510 3563 3696 3632 ἁμαρ-

2117 3656 2257 3710 τιῶν
2271 3675 2411 3726 μου,
2438 3657 2537 3710 καὶ
2565 3655 2767 3721 πάσας
2783 3656 2889 3722 τὰς
2915 3656 3166 3725 ἀνομίας
3188 3674 3310 3726 μου
3342 3655 3691 3725 ὲξάλειψον.

2122 3748 2349 3812 Ἄλλως,
2374 3751 2401 3802 ὁ
2429 3748 2526 3819 μὲν
2553 3748 2652 3819 τὴν
2682 3747 2857 3819 ψυχὴν
2900 3747 3311 3819 κεκαθαρμένος
3363 3747 3470 3802 ἀπὸ
3516 3764 3695 3800 συνει-

2117 3840 2322 3911 δήσεως
2364 3843 2605 3911 πονηρᾶς
2654 3841 2797 3893 εἴποι
2840 3838 2906 3893 ἂν
2945 3838 3024 3910 τῷ
3055 3839 3210 3911 Θεῷ·
3261 3839 3332 3894 Τὸ
3375 3838 3698 3908 πρόσωπόν

2116 3948 2255 3995 σου,
2281 3933 2478 4002 Κύριε,
2507 3931 2772 4005 ζητήσω,
2831 3930 2917 4001 μὴ
2970 3931 3360 4001 ἀποστρέψῃς
3405 3932 3469 3984 τὸ
3512 3931 3701 3997 πρόσ-

2115 4025 2281 4076 ωπόν
2303 4039 2419 4076 σου
2444 4022 2545 4076 ἀπ’
2565 4021 2711 4091 ἐμοῦ
2732 4038 2746 4051 ’
2779 4023 2808 4074 ὁ
2832 4019 2887 4073 δὲ
2916 4020 2977 4073 τὸ
3001 4022 3221 4092 αἰσχρὸν
3251 4021 3357 4073 τῶν
3384 4022 3481 4092 τῆς
3519 4020 3696 4092 ψυχῆς

2115 4114 2615 4188 τραυμάτωννὸρῶν
2649 4114 3124 4185 ὲκκαλυπτὸμενος
3163 4112 3390 4174 εἰκότως
3436 4112 3586 4181 λέγει
3617 4112 3697 4184 τῷ

2121 4207 2339 4278 μεγάλῳ
2365 4209 2540 4278 ςκριτῇ
2561 4224 2574 4236 ·
2624 4207 3041 4274 Ἀπόστρεψον
3085 4204 3152 4258 τὸ
3206 4205 3534 4272 πρόσωπόν
3576 4217 3697 4260 σου

2118 4298 2235 4352 ἀπὸ
2279 4297 2396 4352 τῶν
2431 4297 2729 4367 ἁμαρτιῶν
2754 4316 2891 4367 μου,
2921 4298 3056 4351 ἀλλὰ
3096 4298 3172 4371 μὴ
3206 4295 3267 4363 ἐξ
3297 4297 3447 4370 ἐμοῦ
3492 4299 3653 4353 αὑτοῦ
3675 4316 3693 4331 ·

2118 4391 2231 4446 ἀλλ’
2264 4391 2340 4456 ὡς
2365 4391 2999 4463 νοσοῦνταιθεράπευσον.

2201 4481 2453 4549 Ἀπόδος
2469 4501 2569 4552 μοι
2594 4484 2709 4551 τὴν
2726 4484 3091 4552 ἀγαλλίασιν
3107 4483 3212 4538 τοῦ
3236 4484 3534 4552 σωτηρίου
3556 4498 3693 4539 σου.

2124 4575 2389 4645 Πλείστης
2412 4576 2470 4629 δὲ
2494 4579 2620 4647 παρ’
2651 4577 2920 4650 Ἑϐραίοις
2947 4579 3058 4647 τῆς
3073 4578 3375 4650 κοινότερον
3399 4579 3698 4647 σωτηρίας

2120 4686 2237 4723 σου
2270 4670 2571 4740 λεγομένης
2599 4671 2693 4723 καὶ
2720 4670 2827 4724 τοῦ
2850 4671 3147 4738 σωτηρίου
3170 4686 3286 4725 σου
3306 4669 3697 4741 δηλοῦταιιδια-

2123 4762 2281 4833 φορά.
2318 4762 2591 4832 Γράφεται
2620 4762 2729 4834 γὰρ
2755 4762 2821 4816 τὸ
2855 4764 2952 4834 μὲν
2976 4762 3270 4830 σωτήριόν
3298 4776 3414 4815 σου
3439 4762 3566 4833 παρ’
3595 4762 3695 4813 αὐ-

2120 4855 2250 4916 τοῖς,
2297 4851 2601 4921 Ἰησουὰχ,
2640 4852 2824 4921 σαφῶς
2850 4852 3043 4923 δηλοῦν
3071 4852 3305 4924 τοῦνομα
3324 4850 3426 4904 τοῦ·
3444 4852 3699 4924 Σωτῆρος

2119 4945 2273 5018 ἡμῶν
2312 4944 2514 5015 Ἰησοῦ’
2565 4942 2870 5015 συμφώνως
2930 4942 3039 5014 γὰρ
3070 4925 3259 5007 ὀὕτως
3305 4942 3695 5014 ἑρμηνεύουσιν

2117 5038 2352 5099 ἅπαντες
2372 5055 2383 5066 ·
2419 5036 2479 5089 τὸ
2499 5035 2575 5099 δὲ,
2608 5037 2869 5103 σωτηρία
2896 5050 3035 5098 σου,
3067 5035 3326 5090 Οὶσουάθ
3350 5037 3445 5107 (i).

2189 5130 2380 5183 Θυσία
2398 5127 2476 5194 τῷ
2494 5127 2613 5194 Θεῷ
2629 5129 2864 5197 πνεῦμα
2884 5127 3389 5197 συντετριμμένον
3407 5144 3421 5158 ⁸
3445 5127 3698 5195 καρδίαν

2119 5221 2636 5292 συντετριμμένην
2659 5222 2758 5275 καὶ
2792 5219 3304 5289 τεταπεινωμένην
3339 5223 3372 5274 ὀ
3406 5219 3552 5285 Θεὸς
3585 5220 3696 5272 οὐκ

2112 5312 2523 5377 ἑξουδενώσει,
2555 5312 2745 5376 Ἀλλος
2789 5308 2980 5365 εἶπεν·
3023 5311 3231 5381 ’Υγιέσι
3294 5312 3392 5383 μὲν
3436 5309 3691 5381 ἁρμόττει

2113 5406 2210 5478 τῆς
2230 5404 2487 5469 αἰνέσεως
2522 5406 2555 5477 ή
2585 5404 2744 5457 θυσία
2763 5421 2775 5431 ·
2814 5402 3029 5456 νοσοῦσι
3059 5403 3115 5455 δὲ
3148 5406 3181 5473 ἡ
3216 5402 3305 5455 διὰ
3326 5404 3423 5472 τῆς
3446 5418 3688 5454 τεταπει-

511 5540 554 5569 ¹⁵¹
591 5539 737 5598 Psal.
773 5560 966 5613 cxxvt,
997 5548 1048 5601 ί.
1122 5548 1169 5580 ⁸⁸
1206 5549 1308 5606 Job
1339 5553 1496 5621 111,5.
1572 5554 1620 5587 "
1657 5555 1769 5611 Jer.
1810 5572 1921 5623 xx,
1958 5558 2017 5613 il

2124 5559 2171 5591 "
2213 5556 2341 5628 Sap.
2378 5574 2455 5624 ιι,
2487 5557 2581 5612 24.
2656 5556 2704 5591 ⁵⁸
2742 5556 2889 5612 Psal.
2922 5573 3050 5612 xxvi
3142 5557 3261 5619 1,9.

635 5678 1041 5772 Regeilaouax.
1074 5688 1243 5772 Hebr;
1272 5693 1468 5772 Ἷῖπζξν,
1498 5709 1620 5763 qua:
1643 5704 1824 5772 tamen
1855 5713 1957 5752 vox
1992 5699 2017 5753 ἰ]

2117 5698 2490 5765 scriminatim,
2523 5704 2713 5753 contra
2741 5712 2905 5768 quam
2924 5694 3058 5751 dicit
3077 5693 3369 5762 Eusebius,
3404 5695 3487 5752 vel
3521 5694 3687 5766 σωτήσ

452 5763 589 5818 ριον,
629 5752 887 5820 salutare,
921 5752 1313 5828 νεὶήσωτηρίαξ
1336 5752 1859 5835 salum-explicatur.
