4098 6430
451 382 553 438 ιιι

1576 378 2077 437 COMMENTARIA
2117 380 2185 434 IN
2224 382 2567 442 PSALMOS.

3603 403 3711 457 ΗΞ

448 498 699 569 νωμένης
726 500 818 553 καὶ
867 497 1330 570 συντετριμμένης
1382 496 1627 567 καρδίας.
1666 496 1776 549 Καὶ
1832 493 2010 560 ἐπειδῆ

2122 494 2409 554 humiliati.
2462 500 2597 567 Quia
2634 520 2767 559 vero
2789 507 3093 561 secundum
3138 509 3548 582 Symmachum,
3585 534 3711 570 con-

451 592 772 662 κατεαγυῐα
794 590 1041 660 γέγονεν
1069 593 1107 658 ἡ
1135 590 1347 659 καρδία
1370 607 1512 658 μου,
1540 588 1684 643 κατὰ
1706 588 2020 658 Σύμμαχον,

452 688 674 751 εἰκότως
708 685 950 758 εὐξάμην
991 686 1219 756 καρδίαν
1247 683 1493 755 καθαράν
1550 684 1606 736 ὲν
1641 683 1762 753 ἐμοὶ
1804 684 1832 735 ὀ
1890 680 2022 742 Θεὸς

451 780 571 837 ἀντὶ
596 779 694 850 τῆς
721 778 1079 847 κατεαγυίας·
1110 778 1203 831 καὶ
1246 777 1366 831 ἀντὶ
1420 774 1514 828 τοῦ
1564 772 2020 845 συντετριμμένον

457 872 777 943 πνεύματος,
836 870 975 924 κατὰ
1021 868 1350 939 Σύμμαχον,
1392 868 1601 935 ἔλεγον·
1643 867 1753 920 Καὶ
1786 865 2023 935 πνεῦμα

454 965 621 1030 εὐθὲς
641 965 989 1032 ἐγκαίνισον
1003 963 1073 1016 ἐν
1097 962 1222 1027 τοῖς
1241 959 1515 1029 ἐγκάτοις
1527 977 1669 1028 μου.
1687 961 2020 1030 Συντετριμ-

456 1061 611 1132 μένον
642 1058 699 1112 δὲ
728 1057 943 1127 πνεῦμα
969 1056 1029 1111 τὸ
1048 1056 1115 1109 δι’
1148 1054 1584 1126 ὲξομολογήσεως
1609 1051 1770 1105 ἑαυτό
1809 1051 2025 1123 συντρί-

451 1152 541 1205 60v
562 1151 817 1221 τυγχάνει
837 1167 851 1179 ο
876 1148 1098 1217 τοιαύτη
1125 1148 1217 1200 καὶ
1242 1149 1273 1215 ἡ
1321 1145 1408 1197 διὰ
1443 1144 1541 1214 τῆς
1575 1144 1864 1215 μετανοίας
1891 1145 2020 1196 ἐαυ-

444 1244 545 1314 τὴν
573 1240 901 1296 ταπεινοῦσα
923 1239 1138 1311 καρδία.
1174 1237 1441 1308 Τοιαύτην
1464 1235 1572 1308 γάρ
1594 1235 1758 1306 αὐτὴν
1788 1235 2021 1305 γενομέ-

445 1351 544 1399 νην
575 1332 714 1404 μετὰ
739 1332 800 1385 τὸ
821 1332 920 1402 τῆς
943 1330 1218 1403 ἁμαρτίας
1245 1329 1442 1399 οἴδημα
1472 1327 1593 1381 ἀντὶ
1627 1327 1815 1391 θυσίας
1849 1344 2023 1398 προσ-

443 1426 654 1494 δέξεται
687 1427 716 1477 ὁ
747 1424 898 1488 Θεός.

522 1518 657 1570 Τότε
688 1514 1044 1583 εὐδοκήσεις
1079 1515 1298 1569 θυσίαν
1336 1513 1726 1580 δικαιοσύνης
1747 1552 1761 1575 ,
1791 1513 2021 1580 ἀναφο-

435 1607 557 1676 ρὰν
575 1608 674 1661 καὶ
705 1606 1185 1677 ὁλοκαυτώματα.
1233 1605 1394 1658 Ἀλλὰ
1422 1606 1557 1678 πρὸς
1594 1604 1768 1658 ταῦτα
1797 1605 2023 1675 φήσειεν

443 1699 509 1753 ἄν
534 1717 636 1763 τις,
663 1697 779 1762 πῶς
809 1698 1010 1770 ἀρτίως
1044 1697 1246 1760 εἰπών,
1290 1698 1431 1761 Ὅτι,
1467 1700 1519 1751 εί
1564 1696 1872 1765 ἠθέλησας
1916 1702 2021 1752 θυ-

2129 588 2358 657 fractum
2387 594 2488 661 fuit
2521 612 2612 649 cor
2644 614 2848 666 meum,
2899 605 3098 657 merito
3154 614 3408 673 precatus
3460 624 3602 675 sum,
3651 617 3709 662 ut

2130 699 2228 752 pro
2280 686 2585 756 confracto,
2631 693 2896 747 mundum
2934 713 3031 750 cor
3063 698 3289 753 habeam
3322 719 3339 768 ;
3368 711 3423 755 et
3451 719 3548 773 pro
3578 720 3710 758 con-

2131 776 2258 829 trito
2305 778 2523 846 Spiritu,
2562 783 2866 838 secundum
2916 787 3303 858 Symmachum
3334 792 3469 850 dixi.
3500 808 3551 847 et
3595 797 3705 863 spi-

2128 868 2290 921 ritum
2317 882 2515 925 rectum
2550 874 2743 929 innova
2785 878 2839 930 in
2890 880 3173 936 visceribus
3223 887 3370 939 meis.
3422 886 3713 943 Contritus

2129 967 2307 1012 autem
2341 963 2567 1031 spiritus
2591 974 2694 1032 est,
2727 969 2819 1038 qui
2858 987 2979 1026 sese
3011 990 3106 1042 per
3138 977 3541 1033 confessionem
3572 996 3703 1034 eun-

2128 1051 2284 1114 terit;
2310 1054 2595 1125 sitnileque
2624 1070 2707 1113 est
2737 1075 2853 1123 cor,
2886 1067 3029 1131 quod
3062 1083 3157 1134 per
3181 1072 3553 1138 paenitentiam
3584 1090 3713 1128 sese

2130 1140 2398 1200 humilial.
2436 1146 2569 1200 Illud
2603 1150 2774 1213 enim,
2810 1163 2932 1220 post
2962 1158 3168 1223 peccati
3200 1167 3466 1217 tumorem
3511 1164 3585 1217 ita
3622 1163 3707 1218 al-

2128 1232 2329 1290 lectum
2370 1253 2469 1307 pro
2502 1241 2774 1297 sacriﬁcio
2807 1245 2951 1303 Deus
2982 1250 3248 1306 admittet.

2197 1494 2366 1554 Vsus.
2413 1500 2501 1554 21.
2541 1502 2689 1559 Tunc
2738 1510 3034 1578 acceptabis
3084 1515 3409 1585 sacriﬁcium
3447 1517 3711 1586 justitiw,

2128 1588 2446 1646 oblationem
2473 1605 2521 1649 et
2552 1597 2887 1659 holocausta.
2933 1604 3034 1660 Sed
3077 1609 3142 1660 ad
3178 1609 3291 1663 lucc
3323 1611 3521 1666 dixerit
3553 1613 3711 1682 quis-

2126 1682 2293 1751 piam,
2335 1702 2505 1756 quare
2534 1699 2822 1763 postquam
2858 1700 3017 1752 modo
3046 1700 3202 1766 dixit,
3239 1702 3501 1768 Quoniam
3533 1707 3579 1759 si
3610 1722 3701 1759 vo-

442 1792 606 1850 σίαν,
636 1791 831 1846 ἔδωκα
862 1792 958 1857 ἂν,
978 1790 1072 1844 νῦν
1105 1791 1181 1854 ὡς
1215 1789 1497 1861 μέλλοντος
1540 1790 1728 1843 θυσίαν
1766 1789 2010 1861 δέχεσθαι

2129 1775 2317 1831 luisses
2348 1782 2696 1852 sacri/icium,
2726 1784 2985 1843 dedissem
3017 1793 3231 1862 utique;
3260 1795 3372 1864 jam
3400 1797 3554 1865 quasi
3591 1795 3702 1852 Deo

441 1885 536 1938 τοῦ
571 1884 705 1938 Θεοῦ
757 1884 896 1956 μετὰ
944 1885 1006 1938 τὸ
1041 1885 1143 1956 τὴν
1190 1884 1342 1939 πόλιν
1390 1883 1778 1954 ἁνακτισθῆναι
1805 1926 1820 1950 ,
1863 1884 2010 1953 φησὶ,

2126 1870 2457 1927 sacriﬁcium
2487 1888 2783 1948 accepturo
2806 1892 2928 1952 post
2951 1884 3195 1940 civitatis
3222 1889 3697 1955 restaurationem,

447 1977 584 2031 Τότε
623 1956 979 2042 εὐδοκήσεις
1016 1975 1275 2037 θυσίαν;
1333 1975 1475 2028 Ἀλλ’
1527 1977 1623 2047 οὐχ
1671 1976 1860 2041 ἁπλῶς
1915 1975 2020 2047 ἔφη

443 2069 682 2131 θυσίαν,
707 2066 842 2120 ἀλλὰ
863 2066 1274 2134 δικαιοσύνης.
1303 2067 1431 2119 Ὅτε
1460 2066 1569 2137 γὰρ
1589 2065 1900 2138 εὐδοκήσεις
1919 2067 2023 2138 τὴν

442 2160 579 2214 Σιὼν
608 2162 700 2214 καὶ
726 2160 1048 2232 οίκοδομηθῇ
1078 2163 1145 2217 τὰ
1174 2161 1328 2232 τείχη
1369 2160 1719 2232 Ἰερουσαλὴμ
1743 2203 1757 2226 ,
1798 2161 2018 2233 τοιαύτη

444 2271 525 2307 σοι
556 2253 715 2307 θυσία
745 2253 1260 2332 προσενεχθήσεται.
1299 2253 1373 2305 Τὸ
1421 2252 1531 2323 γὰρ
1570 2253 1820 2317 θεοσεϐὲς
1864 2252 2019 2307 πολί-

440 2362 615 2417 τευμα
659 2346 842 2400 εἰκόνα
892 2345 1046 2418 φέροι
1081 2345 1146 2399 ἂν
1165 2346 1264 2416 τῆς
1298 2345 1624 2418 ἐπουρανίου
1660 2345 1868 2410 πόλεως
1920 2344 2019 2398 τοῦ

439 2439 574 2493 Θεοῦ
598 2456 611 2468 ·
636 2439 718 2493 διὸ
742 2440 838 2493 καὶ
866 2439 1071 2512 ταύτης
1103 2439 1392 2512 ὁμώνυμος
1421 2442 1455 2511 ἡ
1485 2440 1581 2494 τοῦ
1614 2439 1749 2493 Θεοῦ
1793 2440 2021 2509 Ἐκκλη-

441 2531 550 2593 σία,
575 2527 643 2602 ἧς
674 2531 825 2603 τείχη
849 2529 997 2600 λέγει
1019 2532 1146 2596 τοὺς
1170 2533 1640 2605 περιφράττοντας
1680 2533 1884 2602 ταύτην
1919 2535 2019 2602 ἀγ-

437 2626 625 2694 γέλους
690 2625 723 2695 ἢ
768 2627 862 2679 καὶ
918 2626 1044 2687 τοὺς
1077 2626 1400 2694 ἰερωμένους
1455 2626 1546 2678 καὶ
1599 2625 2016 2695 προμαχοῦντας

437 2712 967 2788 αὑτῆς,Προσδέξῃ
1003 2713 1079 2775 δὲ,
1115 2709 1288 2773 εἶπεν,
1322 2714 1441 2765 ἀντὶ
1478 2712 1569 2764 τοῦ
1590 2754 1601 2774 ,
1634 2711 2013 2777 εὐδοκήσεις,

436 2811 465 2862 ὁ
494 2808 804 2878 Σύμμαχος.
832 2806 942 2857 Καὶ
979 2805 1076 2875 τὴν
1122 2804 1400 2875 ἀναφορὰν
1449 2804 1526 2867 δὲ,
1562 2806 1655 2857 καὶ
1687 2805 1754 2857 τά
1786 2806 2012 2856 ὁλοκαυ-

374 2935 380 2943 -
434 2899 682 2969 τώματα,
704 2893 1092 2964 δικαιοσύνης
1108 2894 1349 2962 νοητέον,
1382 2893 1475 2946 καὶ
1502 2893 1726 2963 προσέτι
1764 2894 1888 2955 τοὺς
1926 2895 2014 2962 μό-

438 3006 618 3060 σχους.
648 2988 832 3040 Πάντα
857 2980 1361 3057 γὰρδικαιοσύνης
1379 2983 1701 3050 ὲκτελεῖται,
1748 2984 1888 3037 κατὰ
1912 2984 2012 3046 τὰς

435 3075 696 3146 ἀναίμους
722 3076 815 3129 καὶ
838 3074 1215 3145 πνευματικὰς
1237 3073 1445 3138 θυσίας,
1463 3074 1561 3138 τάς
1587 3075 1645 3127 ὲν
1669 3077 1735 3146 τῇ
1756 3073 1850 3126 τοῦ
1875 3073 2009 3127 Θεοῦ

444 3165 740 3239 Ἐκκλησία
770 3167 894 3222 καθ’
921 3167 1048 3238 ὅλης
1067 3167 1165 3236 τῆς
1187 3166 1509 3237 οἰκουμένης
1539 3167 2004 3238 προσφερομένας.
2034 3193 2081 3256 C

429 3258 542 3311 Καὶ
575 3259 631 3311 ὲν
659 3258 804 3331 ἄλλῳ
832 3258 942 3329 γὰρ
974 3260 1188 3329 ειρηται
1228 3257 1365 3328 πρὸς
1410 3258 1697 3321 Ἰουδαίους
1726 3260 2001 3330 προφήτῃ·

432 3351 555 3403 Οὐκ
579 3348 713 3403 ἐστι
733 3367 853 3419 μου
875 3350 1103 3418 θέλημα
1128 3349 1198 3403 ἐν
1223 3349 1385 3417 ὑμῖν,
1412 3348 1573 3419 λέγει
1600 3349 1817 3418 Κύριος
1860 3366 2009 3404 παν-

424 3440 743 3510 τοκράτωρ,
783 3441 884 3496 καί
914 3443 1130 3508 θυσίας
1190 3444 1261 3496 οὐ
1309 3441 1712 3512 προσδὲξομαι
1761 3444 1830 3496 ἐκ
1888 3442 2007 3497 τῶν

424 3535 641 3606 χειρῶν
922 3536 1075 3589 Διότι
1122 3536 1240 3590 ἀπὸ
1287 3534 1601 3590 ἀνατολῶν
1625 3536 1803 3604 ἡλίου
1827 3537 2007 3606 μέχρι

423 3625 674 3697 δυσμῶν
699 3627 1058 3692 δεδόξασται
1092 3629 1157 3680 τὸ
1191 3626 1378 3697 ὄνομά
1400 3645 1520 3696 μου
1540 3627 1750 3693 ἐντοῖς
1781 3629 2002 3683 ἔθνεσι·

422 3720 522 3774 καὶ
560 3721 630 3774 ἐν
661 3719 843 3773 παντὶ
860 3719 1021 3784 τόπῳ
1047 3719 1311 3788 θυμίαμα
1336 3718 1734 3788 προσφέρεται
1757 3719 1837 3785 τῷ
1870 3722 2006 3774 ὀνό-

417 3811 563 3883 ματί
583 3828 725 3881 μου,
750 3811 848 3865 καί
874 3810 1057 3864 θυσία
1088 3809 1337 3878 καθαρά.
1366 3811 1517 3882 Αὐτὴ
1545 3810 1640 3865 νῦν
1668 3809 1884 3879 λέγεται
1905 3814 2008 3867 θυ-

421 3899 1070 3971 σίαδικαιοσύνης·’ἔστι
1108 3900 1164 3954 δὲ
1192 3902 1285 3954 καὶ
1313 3902 1571 3965 αἰνέσεως
1595 3942 1611 3966 ,
1653 3902 1795 3955 καθά
1836 3903 2008 3973 πρόσ-

424 3992 513 4047 θεν
541 3993 720 4063 ἔλεγεο
753 3992 957 4047 Θῦσον
984 3993 1063 4059 τῷ
1098 3992 1219 4059 Θεῷ
1248 3995 1470 4067 θυσίαν
1491 3994 1800 4061 αἰνέσεως.

451 4110 529 4176 (l)
555 4110 665 4163 ΕΙΣ
697 4110 785 4164 ΤΟ
823 4107 1428 4172 ΤΕΛΟΣ,ΣΥΡΕΣΕΩΣ
1459 4108 1545 4162 ΤΩ
1583 4109 1782 4163 ΔΑΥΙΔ
1820 4109 1947 4164 NA'.

435 4203 533 4257 Ἐν
563 4202 642 4269 τῷ
667 4203 868 4275 ἐςλθεῖν
886 4204 1065 4275 Albim
1088 4201 1201 4275 Δτὸν
1241 4200 1584 4275 Ἰδουμαῖρν,
1600 4204 1710 4275 *καὶ
1736 4205 2006 4275 ἀναγγεῖ-

493 4278 595 4327 λαι
631 4272 712 4339 τῷ
753 4272 985 4337 Σαοὺλ,“
1004 4271 1103 4327 καὶ
1151 4272 1342 4326 εἰπεῖν
1372 4269 1564 4338 αὐτῷ·
1599 4269 1779 4330 Ἦλθε
1825 4269 2007 4330 Δαυῒδ

491 4347 579 4411 εἰς
609 4344 716 4398 τὸν
747 4340 918 4397 οἷκον
957 4343 1282 4414 Ἄχιμέλεχ.

504 4437 562 4491 '0
604 4437 703 4508 μὲν
736 4436 817 4506 λγ¹
850 4436 1062 4508 ψαλμδς
1097 4437 1310 4508 εἴρηται
1350 4437 1429 4508 τῷ
1472 4437 1652 4503 Δαυῒδ,
1688 4439 1870 4493 όπότε
1898 4441 2006 4508 ὴλ-

2125 1962 2220 2024 ait,
2256 1963 2401 2018 Tum:
2430 1970 2724 2038 acceptabis
2749 1976 3071 2044 sacriﬁcium
3101 1980 3126 2033 .’
3151 1977 3219 2030 At
3260 1995 3367 2033 non
3401 1978 3539 2034 dixit
3567 1982 3700 2035 sim-

2122 2056 2339 2126 pliciter
2366 2062 2735 2131 sacriﬁcium;
2765 2066 2861 2121 sed
2915 2069 3146 2134 addidit,
3171 2072 3421 2140 justitiaz.
3467 2073 3708 2139 Quando

2123 2151 2493 2218 acceptaveris
2529 2152 2685 2219 Sion,
2731 2165 2785 2211 et
2812 2159 3060 2214 aediﬁcati
3117 2160 3319 2217 iuerint
3365 2168 3506 2218 muri
3537 2163 3696 2218 Jeru—

2122 2239 2314 2307 salem,
2351 2243 2459 2298 tale
2490 2244 2588 2300 tibi
2619 2247 2878 2303 oil‘eretur
2910 2253 3263 2312 sacriﬁcium.
3295 2255 3539 2326 Namque
3567 2260 3697 2314 reli—

2119 2327 2333 2398 giosum
2373 2331 2702 2400 institutum,
2736 2339 3025 2409 imaginem
3059 2359 3191 2399 sane
3231 2344 3429 2400 referat
3460 2350 3701 2405 caelestis

2119 2412 2215 2475 Dei
2269 2423 2549 2495 civitatis;
2594 2445 2766 2498 quare
2798 2430 3041 2488 Ecclesia
3085 2433 3178 2491 Dei
3235 2437 3424 2493 eodem
3476 2441 3703 2495 nomine

2086 2510 2377 2576 ‘donatur,
2429 2516 2590 2585 cujus
2650 2534 2840 2574 muros
2892 2522 3025 2576 dicit
3079 2541 3203 2580 esse
3247 2529 3467 2597 angelus
3521 2532 3694 2600 ipsam

2117 2601 2614 2670 circumsistentes,
2665 2610 2780 2663 sive
2837 2627 3027 2668 sacros
3082 2616 3206 2672 illos
3265 2631 3702 2690 propugnatores

2116 2695 2254 2761 ejus.
2299 2698 2659 2766 Symmachus
2694 2713 2870 2755 autem
2913 2706 3069 2772 dixit,
3098 2709 3349 2776 accipies,
3374 2711 3493 2765 loco
3524 2713 3692 2779 illius,

2116 2788 2432 2854 acceptabis.
2469 2791 2809 2847 Ublationeni
2841 2812 2971 2849 vero
3000 2806 3054 2851 et
3100 2799 3441 2861 holocausta.
3463 2803 3695 2871 justitia:

2117 2876 2327 2930 scilicet
2398 2880 2676 2948 suppleas,
2737 2891 2899 2952 atque
2958 2886 3181 2954 insuper
3230 2890 3447 2947 vitulos.
3496 2893 3697 2950 Omnia

2114 2967 2315 3037 quippe
2340 2970 2461 3039 quaé
2500 2975 2910 3041 persolvuntur,
2919 2967 3154 3045 j'ustitite
3185 2989 3332 3046 sunt,
3357 2998 3455 3053 pro
3480 2986 3693 3042 ratione

2112 3057 2526 3115 inet-uentorum
2562 3070 2615 3117 et
2632 3066 2999 3134 spiritualium
3028 3070 3452 3133 sacriﬁciorum.
3484 3091 3605 3145 qua:
3637 3078 3696 3132 in

2113 3149 2355 3206 Ecclesia
2385 3152 2479 3209 Dei
2510 3170 2609 3225 per
2656 3157 2972 3212 universum
3019 3160 3206 3215 orbem
3257 3164 3578 3221 oﬂ'eruntur.
3632 3167 3691 3223 In

2114 3244 2224 3299 alio
2259 3259 2478 3316 quoque
2509 3249 2770 3317 propheta
2803 3252 2870 3304 ad
2902 3250 3120 3309 Judaeos
3153 3255 3361 3310 dictum
3397 3266 3480 3314 est
3509 3278 3521 3314 :
3567 3258 3694 3316 Non

2107 3344 2188 3389 est
2215 3336 2461 3393 voluntas
2484 3356 2600 3394 mea
2626 3341 2681 3394 in
2707 3341 2875 3410 vobis,
2894 3343 3024 3398 dicit
3053 3345 3315 3403 Dominus
3341 3351 3686 3419 omnipotens,

2106 3438 2156 3484 et
2198 3430 2402 3487 hostias
2432 3450 2536 3488 non
2581 3438 2840 3506 accipiam
2890 3439 2956 3493 de
3000 3456 3161 3494 manu
3202 3453 3393 3499 vestra.
3440 3444 3519 3497 Ab
3568 3456 3694 3498 orta

2106 3523 2246 3576 enim
2284 3523 2413 3577 solis
2443 3541 2608 3597 usque
2639 3531 2710 3580 ad
2737 3545 2983 3583 occasum
3015 3531 3369 3601 glori/iculum
3393 3543 3470 3587 est
3502 3551 3693 3590 nomen

2108 3633 2281 3671 meum
2303 3618 2358 3672 in
2391 3620 2633 3689 gentibus
2656 3637 2674 3674 :
2707 3631 2756 3676 et
2793 3623 2848 3676 in
2882 3624 3025 3677 omni
3063 3624 3176 3678 loco
3211 3626 3502 3696 thymiama
3529 3629 3693 3699 o/fer-

2107 3718 2196 3762 tur
2223 3711 2423 3764 nomint
2461 3729 2596 3778 meo,
2628 3722 2679 3767 et
2728 3718 3053 3785 sacriﬁcium
3103 3717 3358 3773 mundum
3381 3720 3446 3773 ⁸⁸.
3501 3720 3690 3792 Ipsum

2108 3816 2256 3857 nunc
2282 3802 2486 3858 dicitur
2516 3802 2845 3875 sacriﬁcium
2864 3808 3097 3877 justitiie
3122 3825 3141 3863 :
3171 3822 3256 3867 est
3289 3814 3454 3868 etiam
3485 3816 3683 3879 laudis,

2106 3903 2166 3946 ut
2195 3910 2360 3964 supra
2393 3896 2612 3952 dicebat
2638 3917 2651 3952 :
2679 3897 2911 3954 Immola
2937 3900 3050 3956 Deo
3078 3905 3401 3973 sacri/icium
3435 3906 3684 3964 laudis".

2246 4114 2294 4166 i.
2340 4111 2405 4166 IN
2449 4111 2690 4180 FINEM,
2728 4114 3213 4175 INTELLECTUS
3244 4120 3454 4175 DAVlD
3479 4122 3565 4177 LI.

2105 4203 2160 4259 2.
2213 4204 2345 4260 Cum
2378 4206 2515 4260 venit
2540 4205 2683 4262 Doec
2719 4206 3014 4270 Idumams,
3037 4219 3087 4264 et
3120 4213 3380 4266 nuntiavit
3411 4213 3567 4269 Sauli
3618 4234 3688 4271 ac

2174 4273 2312 4329 dixit
2340 4278 2423 4353 ei:
2463 4276 2615 4331 Venit
2640 4278 2811 4332 Dauid
2842 4281 2897 4332 iu
2921 4280 3136 4334 domum
3178 4283 3526 4339 Achimelech.

2175 4431 2429 4490 Psalmus
2468 4434 2784 4506 trigesimus
2832 4437 3030 4491 tertius
3054 4451 3084 4490 a
3129 4436 3329 4495 Davide
3359 4454 3684 4511 pronuntia-

420 4532 638 4585 λοίωσε
677 4529 744 4583 τὸ
782 4531 1106 4599 πρόσωπον
1137 4531 1323 4585 αὑτοῦ
1362 4531 1640 4586 ἐναντίον
1681 4531 1997 4602 Ἀϐιμέλεχ,

2112 4530 2194 4579 lus
2218 4531 2323 4589 est,
2354 4524 2569 4594 quando
2608 4526 2907 4580 immutavit
2929 4527 3130 4581 uultum
3161 4545 3316 4584 suum
3357 4547 3536 4585 coram
3555 4533 3685 4589 Abi—

420 4625 520 4678 καί
578 4623 892 4679 ἀπέλυσεν
951 4624 1170 4687 αὐτὸν,
1214 4625 1313 4680 καὶ
1373 4625 1668 4694 ἀπῆλθεν.
1706 4620 1875 4690 Οὗτος
1937 4626 1994 4680 δὲ

420 4716 610 4787 ἐκείνῳ
647 4714 935 4778 ἀκόλουθος
975 4714 1040 4768 ἂν
1077 4714 1162 4785 εἴη
1198 4717 1338 4770 κατὰ
1382 4718 1481 4789 τὴν
1527 4721 1784 4791 ἱστορίαν.
1831 4719 1993 4788 Λέγει

418 4810 526 4880 γάρ
550 4810 582 4881 ἡ
606 4809 796 4881 Γραψὴ
837 4809 944 4861 τῶν
987 4808 1299 4873 Βασιλειῶν,
1341 4810 1449 4865 Καὶ
1497 4810 1626 4864 ἐκεῖ
1655 4808 1734 4882 ἦν
1772 4810 1842 4866 ἐν
1878 4812 1995 4867 τῶν

418 4898 742 4967 παιδαρίων
771 4901 873 4952 τοῦ
905 4897 1123 4963 Σαοὺλ,
1157 4899 1227 4952 ἐν
1256 4898 1331 4967 τῇ
1362 4898 1549 4968 ἡμέρᾳ
1579 4901 1801 4970 ἐκείνῃ.
1841 4902 1993 4955 Ἐπι-

419 4989 737 5058 σημαίνεται
773 4988 831 5041 δὲ.
873 4989 963 5042 τὸν
1001 4989 1189 5060 καιρὸν
1240 4992 1298 5044 ἐν
1329 4983 1373 5057 ᾧ
1414 4986 1544 5060 ἦλθε
1589 4978 1750 5043 Δαυῗδ
1786 4992 1866 5056 εἰς
1902 4992 1992 5046 τὸν

416 5076 563 5134 οἷκον
585 5079 678 5133 τοῦ
721 5080 1026 5151 Ἀϐιμέλεχ,
1060 5081 1153 5134 καὶ
1179 5082 1304 5144 τοὺς
1330 5081 1526 5154 ἄρτους
1553 5082 1655 5152 τῆς
1684 5083 1992 5154 προθέσεως

418 5172 585 5241 ἔφαγε
617 5171 796 5225 λαϐὼν
840 5173 992 5243 παρὰ
1036 5171 1130 5226 τοῦ
1173 5152 1509 5246 ἀρχιερέωςί
1543 5176 1675 5228 Κατ’
1713 5152 1846 5230 αὐτὸ
1886 5177 1993 5248 γὰρ

417 5270 592 5322 ἐκεῖνο
626 5267 721 5322 τοῦ
764 5265 954 5337 καιροῦ
994 5266 1204 5335 φθάσας
1247 5267 1408 5337 Δωὴκ
1441 5270 1470 5321 ό
1509 5266 1699 5338 Σύρος,
1739 5269 1769 5320 ὁ
1812 5271 1992 5341 νέμων

417 5358 514 5423 τὰς
546 5360 802 5430 ἡμιόνους
844 5358 1036 5423 Σαοὺλ,
1078 5359 1171 5412 καὶ
1218 5357 1383 5412 ἐλθὼν
1418 5357 1552 5429 πρὸς
1599 5359 1770 5413 Σαοὺλ
1806 5354 1986 5413 εἶπενο

428 5452 685 5523 Ἑώρακα
709 5454 817 5508 τὸν
846 5453 980 5508 υἱὸν
1012 5453 1226 5507 Ἰεσσαί
1262 5454 1743 5523 παραγενόμενον
1770 5456 1857 5522 εἰς
1882 5458 1993 5510 Νο-

416 5544 527 5611 σὰν
563 5544 713 5613 πρὸς
756 5536 1048 5615 Ἀϐιμέλεχ
1081 5544 1188 5597 τὸν
1213 5545 1347 5598 υἱὸν
1390 5544 1625 5613 Ἀχιτὼϐ
1666 5544 1773 5599 τὸν
1811 5549 1986 5616 ἱερέα,

416 5637 513 5691 καὶ
557 5637 789 5704 πάντας
828 5636 969 5703 τοὺς
1004 5636 1173 5702 υἱοὺς
1226 5635 1332 5689 τοῦ
1368 5635 1591 5703 πατρὸς
1632 5637 1843 5692 αὑτοῦ·
1891 5643 1989 5695 καὶ

2102 4615 2321 4681 melech,
2352 4624 2402 4669 et
2424 4615 2631 4670 dimisit
2665 4633 2805 4684 eum,
2834 4628 2885 4671 et
2915 4618 3046 4671 abiit
3065 4618 3134 4674 ⁵⁸.
3195 4619 3296 4675 Hic
3324 4636 3454 4677 vero
3484 4638 3681 4680 secun-

2102 4711 2233 4765 dum
2264 4708 2555 4763 historiam
2606 4710 2761 4764 illum
2804 4709 3180 4780 subsequitur.
3213 4712 3306 4765 Ait
3347 4714 3493 4768 enim
3540 4717 3683 4770 scri-

2102 4810 2263 4873 ptura
2301 4800 2654 4873 Regnorum:
2688 4802 2761 4856 Et
2809 4804 2886 4857 ibi
2920 4814 3035 4857 erat
3069 4820 3205 4858 unus
3244 4820 3310 4858 ea:
3337 4809 3515 4874 pueris
3543 4808 3679 4865 Saut

2102 4896 2158 4948 in
2217 4892 2304 4947 die
2363 4893 2547 4949 illa".
2612 4893 3006 4965 Signiﬁcatque
3063 4909 3174 4965 quo
3238 4903 3483 4968 tempore
3527 4902 3677 4956 venit

2102 4986 2275 5043 David
2302 4988 2357 5041 in
2389 4989 2612 5043 domum
2636 4987 2976 5051 Abimelech,
3007 4994 3061 5041 et
3083 4996 3342 5059 acceptos
3362 5007 3393 5046 a
3427 4995 3679 5064 principe

2100 5080 2446 5137 sacerdotum
2489 5094 2659 5150 panes
2693 5078 3088 5150 propositionis
3113 5083 3368 5138 comedit.
3414 5084 3494 5139 Eo
3526 5078 3677 5142 enim

2100 5174 2226 5245 ipso
2251 5182 2506 5243 tempore
2545 5171 2826 5242 profectus
2857 5169 3003 5226 Doce
3045 5171 3241 5244 Syrus,
3273 5179 3363 5245 qui
3412 5179 3674 5246 pascebat

2099 5268 2279 5322 mulas
2303 5265 2504 5334 Saulis,
2531 5265 2708 5334 ipsum
2740 5262 2959 5320 Saulem
2991 5265 3126 5321 adiit
3150 5280 3214 5321 ac
3239 5267 3376 5323 dixit
3404 5270 3452 5323 ei
3482 5288 3496 5323 :
3552 5269 3673 5324 Vidi

2101 5360 2273 5430 ﬁlium
2322 5358 2492 5413 lassa:
2541 5356 2899 5412 advenientem
2968 5355 3183 5412 Nobam
3243 5360 3314 5414 ad
3348 5360 3669 5428 Abimelech,

2099 5451 2269 5521 ﬁlium
2311 5448 2534 5502 Achitob
2572 5444 2921 5510 sacerdotem,
2984 5455 3034 5500 et
3089 5464 3268 5505 omnes
3315 5451 3455 5520 ﬁlios
3495 5455 3674 5521 patris

2097 5544 2233 5611 ejus:
2266 5542 2355 5612 qui
2384 5539 2651 5594 consuluit
2680 5553 2778 5605 pro
2804 5554 2864 5592 eo
2895 5537 3204 5607 Dominum,
3228 5553 3274 5596 et
3297 5545 3501 5599 cibaria
3523 5546 3668 5601 dedit

2095 5639 2164 5693 oi.
2203 5635 2273 5689 Et
2303 5633 2447 5688 ntisit
2479 5646 2571 5686 rex
2609 5639 2850 5685 vocatum
2893 5630 3195 5687 Abimelech
3237 5637 3583 5705 sacerdotem,
3617 5648 3671 5694 et

484 5776 533 5809 ”
572 5774 800 5829 Malach.
835 5790 884 5838 ι,
920 5773 1007 5837 10,
1031 5773 1117 5827 ll.
1192 5773 1237 5804 "
1276 5771 1424 5828 Psal.
1459 5789 1622 5839 χιιι,
1659 5774 1747 5829 14.
1832 5776 1877 5809 ⁵⁸
1906 5775 1927 5830 l
1957 5777 2010 5831 Rt

2125 5791 2241 5839 χιιι,
2278 5773 2428 5826 7-15.
2504 5768 2551 5799 ⁸⁸
2591 5767 2726 5823 ibid.
2762 5769 2810 5823 7.

486 5896 502 5949 (
513 5893 564 5956 1)
597 5890 697 5949 Hic
729 5891 924 5961 incipit
964 5890 1135 5949 codex
1162 5889 1592 5949 Eminentissimi
1625 5892 1774 5950 card.
1811 5890 1880 5951 de
1913 5890 2147 5950 Coislin.
2175 5889 2242 5946 de
2274 5902 2385 5960 quo
2417 5887 2666 5960 pluribus
2700 5888 2757 5947 in
2784 5888 3154 5977 praefationes
