4098 6398
439 386 556 441 “5

1142 382 1410 440 EL'SEBII
1447 382 1924 441 CESARIENSIS
1959 381 2111 439 OPP.
2152 381 2334 437 PARS
2371 380 2460 437 ΠΙ.
2506 412 2577 422 —
2614 380 3026 440 EXEGETICA.

3592 387 3701 445 ﬂ“

440 515 619 554 omnes
644 501 784 568 ﬁlios
806 499 978 568 patris
1002 498 1118 568 ejus
1150 500 1449 555 sacerdotes
1482 503 1538 554 in
1569 499 1747 564 Noba,
1774 501 1863 571 qui
1891 500 2008 553 uni-

2114 496 2304 568 ἡρώτα
2336 497 2498 564 αὐτῷ
2528 497 2627 552 διὰ
2662 498 2769 553 τοῦ
2801 499 2969 563 Θεοῦ,
2999 499 3100 552 καὶ
3141 499 3528 570 ἐπισιτισμὸν
3553 500 3699 556 ἔδω-

437 590 576 646 versi
609 601 854 645 venerunt
883 590 952 643 ad
970 607 1139 661 regem
1164 595 1232 649 ⁸ο.
1267 590 1550 662 Tuncque,
1580 592 1802 661 jubente
1826 589 2009 657 Saule,

440 682 561 752 ipse
606 680 753 737 Doec
799 682 1007 737 occidit
1045 682 1364 739 sacerdotes
1402 682 1621 736 Domini
1667 691 1920 735 trecentos
1963 689 2012 735 et

444 778 671 844 quinque
701 775 839 829 viros
881 774 1107 844 ferentes
1147 772 1333 842 ephod,
1391 783 1441 827 et
1494 772 1705 827 Nobam
1752 772 2013 827 civitatem

444 864 778 920 sacerdotum
825 867 1091 936 percussit
1134 866 1188 919 in
1218 882 1306 919 ore
1336 864 1504 936 gladii
1531 884 1564 918 a
1595 866 1705 919 viro
1735 880 1899 934 usque
1943 862 2012 916 ad

444 959 740 1021 mulierem,
772 976 804 1013 a
839 974 1001 1027 puero
1044 974 1211 1028 usque
1250 957 1319 1011 ad
1359 958 1665 1021 laetantem,
1710 965 1759 1010 et
1793 955 2013 1008 vitulum

443 1058 494 1103 et
520 1049 728 1102 asinum
755 1059 804 1104 et
831 1050 1076 1104 ovem“.
1115 1049 1241 1104 Haec
1281 1066 1405 1104 cum
1442 1050 1683 1104 audisset
1716 1046 1887 1101 David
1918 1046 2011 1100 tali

443 1143 606 1196 modo
628 1151 780 1212 gesta
806 1158 948 1205 esse,
983 1143 1084 1198 hos
1118 1141 1328 1214 profert
1372 1158 1675 1207 sermones,
1705 1141 1797 1211 qui
1835 1155 2012 1209 neque

443 1234 740 1297 canticum,
789 1249 968 1304 neque
1011 1233 1267 1305 hymnus,
1319 1248 1493 1304 neque
1542 1233 1674 1303 quid
1706 1232 1886 1289 simile
1928 1232 2013 1286 in-

443 1326 780 1381 scribuntur.
846 1325 949 1392 Qui
992 1327 1136 1381 enim
1193 1326 1392 1397 potuit,
1446 1326 1500 1380 in
1550 1334 1629 1380 tot
1668 1325 2013 1381 sacerdotum

443 1419 779 1484 calamitate,
823 1420 1040 1473 cantica
1089 1426 1184 1472 aut
1229 1420 1472 1490 psalmos
1520 1435 1618 1489 pro
1660 1418 1729 1472 iis
1771 1417 2017 1472 canere?

443 1507 625 1573 Quare
644 1510 828 1564 nullus
852 1510 1165 1579 bujusmodi
1200 1510 1392 1564 titulus
1416 1510 1733 1579 praemissus
1762 1516 1880 1573 est,
1919 1506 2014 1563 sed

444 1599 621 1653 solum
655 1601 708 1653 in
734 1600 893 1669 ﬁnem
917 1600 1138 1665 dicitur,
1163 1609 1216 1655 et
1239 1601 1557 1664 intellectus,
1588 1602 1716 1671 quia
1754 1615 1875 1670 qua:
1905 1600 2014 1654 sub

444 1690 608 1747 ﬁnem
636 1691 910 1747 habentur
953 1692 1096 1748 bona
1138 1694 1477 1759 renuntiant,
1507 1693 1594 1748 ubi
1634 1692 1862 1751 dicitur:
1899 1689 2013 1762 Ego

445 1794 620 1838 autem
651 1786 787 1838 sicut
844 1786 982 1840 oliva
1024 1785 1326 1855 fructifera,
1358 1794 1412 1840 et
1464 1793 1680 1840 caetera.
1729 1783 2014 1839 Intellecta

2113 609 2218 646 κεν
2244 591 2535 658 αὐτῷ.Καὶ
2561 592 2917 646 ἀπέστειλεν
2939 586 2971 645 ὃ
2991 590 3291 657 ,βασιλεὺς
3315 591 3569 647 καλέσαι
3594 592 3703 648 τόν

2126 682 2419 752 Ἀϐιμέλεχ
2447 681 2554 735 τὸν
2592 682 2768 748 ἱερέα,
2815 681 2915 734 καὶ
2960 680 3192 747 πάντας
3221 681 3363 748 τοὺς
3391 682 3563 749 υιοὺς
3595 682 3713 739 τοῦ·

2113 771 2335 840 πατρὸς
2385 771 2571 825 αὐτοῦ
2629 770 2770 836 τοὺς
2816 769 2992 837 ἱερεῖς
3043 770 3150 825 τοῦ
3193 773 3413 840 Kvplov
3452 771 3593 838 τοὺς
3632 774 3714 829 ἐν

2112 865 2340 928 Νοϐὰν,
2369 862 2467 916 καὶ
2507 861 2906 933 παρεγένοντο
2937 859 3158 928 πάντες
3204 863 3353 941 πρὸς
3384 863 3493 917 τὸν
3515 864 3700 928 ,βασι-

2112 955 2243 1010 λέα·
2278 954 2407 1008 Ὅτε
2428 953 2782 1016 κελεύσαντος
2825 950 2919 1005 τοῦ
2959 952 3163 1018 Σαοὺλ,
3211 954 3375 1019 αὐτὸς
3419 955 3624 1020 ἐκεῖνος
3671 958 3713 1010 ἁ

2113 1048 2269 1120 Δωὴκ
2291 1089 2306 1113 ,
2348 1048 2653 1101 ἐθανάτωσε
2700 1048 2827 1111 τοὺς
2876 1048 3043 1119 ἱερεῖς
3077 1046 3170 1101 τοῦ
3206 1047 3413 1119 Κυρίου
3443 1054 3490 1102 τ’
3526 1049 3625 1103 καὶ
3655 1066 3687 1103 ε

2113 1139 2336 1209 ἄνδρας
2382 1139 2676 1209 φέροντας
2724 1138 2933 1207 ἐφοὺδ,
2984 1139 3083 1194 καί
3125 1139 3241 1209 τὴν
3270 1139 3470 1195 Νοόὰν
3518 1142 3700 1196 πόλιν

2113 1230 2233 1285 τῶν
2275 1231 2476 1300 ἱερέων
2502 1230 2799 1297 ἐπάταξεν
2840 1232 2910 1286 ἐν
2957 1232 3208 1303 στόματι
3240 1234 3539 1302 ῥομφαίας
3574 1234 3695 1289 ἀπὸ

2113 1322 2332 1391 ἀνδρὸς
2370 1323 2480 1389 ἕως
2520 1324 2823 1394 γυναικὸς,
2853 1323 2971 1379 ἀπὸ
3006 1326 3228 1391 νηπίου
3259 1324 3373 1391 ἓως
3411 1324 3695 1393 θηλάζον-

2114 1432 2236 1481 τος,
2262 1415 2361 1469 καί
2382 1416 2617 1485 μόσχου
2645 1417 2742 1469 καὶ
2769 1414 2915 1470 ὄνου
2940 1417 3036 1470 καὶ
3061 1415 3381 1483 προϐάτου.
3412 1416 3575 1470 Ταῦτ’
3601 1412 3695 1471 οὖν

2118 1506 2302 1578 μαθὼν
2342 1506 2504 1561 Δαυῒδ
2542 1507 2730 1561 τοῦτον
2776 1509 3143 1589 πεπραγμένα
3195 1509 3288 1562 τὸν
3323 1509 3544 1580 τρόπον,
3569 1510 3697 1575 τοὺς

2115 1599 2509 1670 προκειμένους
2553 1599 2920 1671 προσφέρεται
2967 1600 3176 1670 λόγους,
3200 1599 3322 1652 οὗτε
3363 1600 3507 1672 ᾠδὴν
3540 1619 3697 1674 περι-

2116 1688 2360 1759 έχοντας,
2392 1688 2514 1742 οὔτε
2549 1688 2736 1761 ὕμνον,
2778 1688 2902 1742 οὕτε
2945 1688 3072 1743 ἄλλο
3114 1688 3370 1743 τοιοῦτον.
3420 1690 3544 1756 Πῶς
3585 1691 3697 1762 γὰρ

2116 1783 2210 1836 καὶ
2249 1777 2358 1835 οἷόν
2396 1799 2455 1835 τε
2487 1777 2554 1853 ἦν
2587 1782 2683 1836 ἐπὶ
2718 1783 2974 1854 συμφορᾷ
3009 1782 3278 1836 τοσούτων
3311 1782 3522 1855 ἱερέων,
3552 1784 3697 1855 ᾠδὰς

444 1883 626 1929 autem
660 1892 723 1931 ex
756 1875 866 1930 Deo
894 1887 1015 1948 eget
1040 1876 1389 1947 praesentium
1433 1891 1747 1931 sermonqu
1793 1882 2008 1929 senten-

2115 1874 2293 1929 αὐτῶν
2332 1876 2426 1929 καὶ
2460 1874 2708 1947 ψαλμοὺς
2748 1875 2927 1947 ᾄδειν;
2972 1874 3053 1928 διὸ
3101 1874 3255 1928 οὐδὲν
3294 1874 3533 1929 τοιοῦτον
3580 1877 3700 1929 ἐπι-

442 1964 536 2017 tia.
592 1964 727 2018 Cum
760 1966 943 2036 itaque
966 1966 1108 2036 apud
1143 1966 1463 2021 Abimelech
1492 1965 1885 2020 sacerdotalem
1914 1980 2014 2035 gu-

443 2058 610 2110 stavit
653 2057 856 2121 cibum,
914 2065 1125 2111 mutato
1151 2065 1317 2119 qustu
1369 2072 1492 2119 suo,
1530 2059 1647 2112 sive
1693 2073 1844 2112 more
1890 2073 2012 2124 suo,

2110 1968 2417 2041 γέγραπται
2435 1985 2451 1999 ⁸
2482 1969 2641 2039 μόνον
2670 1968 2726 2022 δὲ
2760 1972 2847 2035 είς
2871 1968 2939 2022 τὸ
2966 1968 3142 2034 τέλος
3167 1968 3382 2041 εἴρηται
3425 1969 3519 2021 καὶ
3543 1985 3696 2022 συν-

2111 2061 2323 2129 έσεως·
2355 2062 2542 2134 ἐπειδὴ
2570 2062 2638 2116 τὰ
2660 2062 2942 2115 τελευταῖα
2967 2060 3075 2113 τῶν
3098 2059 3272 2129 λόγων
3306 2061 3526 2130 ἀγαθῶν
3550 2063 3699 2115 ἐστιν

443 2149 741 2203 secundum
796 2149 1136 2219 reliquorum
1204 2150 1735 2219 tnterpretationem,
1797 2150 2008 2205 benedi-

2116 2153 2493 2222 ἀπαγγελτικά
2546 2157 2603 2209 ἐν
2650 2150 2733 2219 οἷς
2791 2172 2995 2226 φησιν*
3036 2154 3179 2225 Ἐγὼ
3225 2153 3295 2207 δὲ
3337 2155 3480 2209 ὡσεὶ
3526 2156 3705 2211 ἐλαία

444 2239 654 2292 «tiones
685 2246 739 2293 et
770 2242 1070 2309 gratiarum
1119 2241 1362 2295 actiones
1411 2238 1524 2294 Deo
1568 2240 1751 2295 emisit
1789 2240 2008 2295 dicens:

2122 2246 2522 2315 κατάκαρπος,
2554 2250 2648 2301 καὶ
2672 2248 2740 2301 τὰ
2774 2248 2920 2318 ἑξῆς.
2955 2247 3067 2301 Καὶ
3112 2246 3379 2310 συνέσεως
3410 2246 3468 2300 δὲ
3503 2248 3605 2318 τῆς
3635 2248 3700 2300 ἐκ

446 2329 764 2383 Benedicam
790 2330 1077 2385 Dominum
1122 2333 1176 2384 in
1210 2332 1354 2385 omni
1382 2342 1628 2401 tempore,
1665 2348 1868 2402 semper
1899 2335 2008 2388 laus

2122 2334 2258 2388 Θεοῦ
2287 2335 2456 2390 δεῖται
2492 2338 2524 2408 ἡ
2559 2337 2664 2391 τῶν
2696 2337 3083 2409 ἐμφερομένων
3109 2336 3280 2404 λόγων
3305 2335 3527 2390 διάνοια.
3571 2337 3699 2388 Ὅτε

455 2420 570 2489 ejus
600 2422 655 2473 in
685 2438 774 2474 ore
820 2439 955 2487 meo,
980 2431 1032 2478 et
1058 2433 1254 2477 caetera
1279 2425 1344 2479 “.
1376 2422 1531 2479 Nunc
1565 2434 1768 2487 autem,
1798 2426 2008 2494 cognito

2126 2429 2223 2500 μὲν
2255 2421 2347 2482 οὖν
2376 2430 2526 2500 παρά
2569 2429 2645 2501 τῷ
2679 2430 2963 2500 Ἀϐιμέλεχ
3009 2431 3314 2500 γενόμενος,
3358 2430 3458 2500 τῆς
3501 2431 3700 2498 ἱερατι-

448 2511 862 2568 calumniatoris
908 2513 1050 2569 Doec
1100 2512 1363 2579 facinore,
1412 2531 1521 2586 quo
1568 2524 1733 2587 pacto
1785 2517 2008 2582 scilicet,

2119 2517 2222 2588 κῆς
2249 2518 2590 2587 ἀπεγεύσατο
2622 2520 2844 2590 τροφῆς,
2880 2518 3176 2583 ἀλλοιώσας
3197 2520 3296 2590 τὴν
3319 2517 3505 2587 γεῦσιν
3530 2515 3710 2569 αὑτοῦ»

444 2600 722 2658 diabolico
766 2620 897 2659 usus
933 2606 1158 2671 scelere,
1199 2614 1277 2661 tot
1320 2608 1635 2663 sacerdotes
1681 2607 2008 2676 occidisset;

2117 2611 2150 2682 ἦ
2186 2610 2276 2664 τὸν
2304 2612 2500 2683 τρόπον
2533 2610 2696 2665 αὐτοῦ
2720 2611 2859 2666 κατά
2890 2611 2988 2683 τὴν
3016 2610 3123 2663 τῶν
3147 2609 3347 2664 λοιπῶν
3380 2609 3695 2681 ιἐρμηνείαν⁸

442 2704 739 2763 praesentes
783 2713 1062 2755 sermones
1097 2700 1164 2754 ad
1199 2700 1375 2769 ipsum
1406 2699 1591 2771 dirigit
1619 2700 1847 2756 dicens:

2116 2702 2366 2773 εὐλογίας
2394 2704 2485 2757 καὶ
2508 2704 2861 2776 εὐχαριστίας
2894 2703 3205 2775 ἀνέπεμπεν
3234 2700 3313 2773 τῷ
3342 2702 3459 2773 Θεῷ
3492 2701 3662 2771 λέγων
3681 2717 3697 2732 ⁸

440 2789 773 2861 Εὐλογήσω
788 2789 893 2843 τὸν
920 2792 1144 2858 Κύριον
1161 2792 1232 2844 ἐν
1255 2790 1432 2844 παντί
1449 2791 1652 2861 καιρῷ,
1677 2793 2003 2863 διαπαντὸς
2022 2797 2060 2865 ἡ
2079 2797 2313 2864 αῖνεσις
2332 2795 2518 2852 αὐτοῦ
2543 2795 2707 2862 ἐντῷ
2731 2796 2981 2865 στόματι
3004 2814 3145 2865 μου,
3178 2795 3272 2849 καὶ
3299 2793 3367 2848 τὰ
3385 2794 3531 2867 ἑξῆς.
3566 2794 3702 2847 Νυνὶ

438 2881 516 2949 δὲ,
555 2884 643 2937 ὅτε
676 2880 768 2936 τοῦ
806 2881 1053 2936 διαϐόλου
1094 2882 1252 2955 Δωὴκ
1282 2885 1380 2956 τὴν
1428 2884 1624 2956 πρᾶξιν
1668 2885 1841 2956 ἔγνω,
1882 2891 1976 2943 καὶ¹
2017 2890 2092 2953 ὡς
2128 2890 2413 2954 τοσούτους
2457 2889 2664 2945 ἀνεῖλεν
2713 2891 2913 2961 ίερεῖς,
2940 2889 3083 2961 ἔργῳ
3116 2888 3398 2961 summa
3425 2889 3701 2961 χρησάμε-

440 2990 563 3039 νος,
611 2974 687 3037 ὡς
737 2972 873 3045 πρὸς
925 2973 1083 3027 αὐτὸν
1132 2974 1413 3029 συντάττει
1455 2978 1583 3041 τοὺς
1630 2980 2022 3052 προκειμένους
2057 2982 2245 3054 λόγους
2271 2984 2522 3054 φάσκων·

513 3081 680 3141 Vens.
724 3086 778 3140 5.
817 3084 955 3152 Quid
978 3086 1226 3156 gloriaris
1253 3088 1307 3142 in
1330 3089 1563 3156 malitia,
1588 3092 1679 3162 qui
1706 3102 1887 3162 potens
1913 3110 1967 3148 es
1985 3096 2013 3149 ἵ

2194 3098 2254 3150 Τί
2316 3094 2584 3166 ὲγκαυχᾷ
2638 3096 2708 3149 ἐν
2763 3097 2960 3164 κακίᾳ,
3019 3099 3052 3150 ό
3105 3096 3397 3163 δυνατός;
3447 3096 3715 3166 ἀνομίαν·

442 3178 775 3248 iniquitatem
825 3187 934 3231 tota
985 3177 1070 3232 die
1104 3188 1153 3232 et
1184 3179 1498 3248 injustitiam
1517 3183 1770 3252 cogitavit
1824 3184 2006 3254 lingua

2114 3188 2266 3256 ὅλην
2315 3187 2429 3256 τὴν
2474 3186 2739 3256 ἡμέραν.
2814 3185 2913 3238 καὶ
2974 3167 3215 3239 ἀδικίαν
3284 3186 3603 3255 ἐλογίσατο
3652 3187 3691 3255 ἡ

443 3280 556 3324 tua.
598 3268 664 3322 Et
713 3269 827 3323 hate
860 3270 1079 3339 quidem
1119 3272 1291 3326 multo
1320 3282 1447 3329 ante
1473 3274 1619 3329 dicta
1659 3282 1808 3340 sunt,
1845 3292 2011 3347 quam

442 3360 673 3413 historia
718 3359 1161 3429 quinquagesimi
1210 3362 1404 3431 psalmi
1456 3364 1816 3435 contingeret.
1874 3365 2009 3420 Nam

441 3455 622 3509 adhuc
678 3455 972 3525 superstite
1016 3452 1179 3509 Saule
1222 3467 1277 3510 et
1329 3457 1481 3527 prius
1511 3473 1676 3527 quam
1721 3457 1893 3513 David
1927 3476 2011 3515 re-

439 3551 650 3615 gnaret,
689 3551 742 3600 et
769 3559 855 3599 res
885 3552 1058 3615 gesta,
1091 3551 1144 3598 et
1170 3545 1415 3614 psalmus
1450 3546 1630 3602 dictus
1662 3555 1765 3603 est.
1796 3548 1873 3603 Ac
1896 3549 2012 3603 diu-

445 3638 622 3690 turnis
670 3647 858 3708 postea
917 3636 1280 3706 temporibus,
1341 3646 1467 3707 post
1522 3637 1702 3695 Saulis
1774 3639 2007 3708 obitum,

442 3727 845 3797 postremisque
895 3729 1046 3798 regni
1098 3730 1186 3783 sui
1239 3730 1421 3793 annis,
1488 3731 1895 3787 confessionem
1953 3732 2008 3786 in

442 3818 899 3888 quinquagesimo
949 3819 1161 3887 psalmo
1193 3835 1510 3890 expressam
1560 3821 1730 3878 David
1757 3824 2007 3894 protulit,

442 3923 606 3979 quam
658 3919 838 3963 tamen
884 3910 1012 3964 huic
1061 3910 1272 3980 psalmo
1307 3913 1586 3981 pratmisit,
1620 3925 1841 3986 propter
1887 3916 2009 3987 ejus

439 4016 566 4056 cum
597 3999 1018 4071 quadragesimo
1065 4017 1210 4055 nono
1264 4005 1475 4073 psalmo
1532 4005 1878 4073 afﬁnitatem,
1928 4007 2009 4061 uti

435 4093 550 4163 jam
599 4101 1089 4147 commonstratum
1142 4101 1246 4148 est.
1312 4093 1512 4150 Psalmi
1572 4112 1702 4152 vero
1761 4112 1874 4152 au
1940 4097 2009 4152 ad

439 4201 568 4249 Lxx,
605 4185 800 4256 viginti
852 4202 1103 4252 numero,
1172 4186 1394 4243 Davidis
1463 4189 1758 4260 inscripti,‘,
1793 4191 1860 4245 ab
1901 4192 2010 4245 alio

442 4277 712 4347 principio
758 4285 1137 4348 argumentum
1170 4281 1405 4334 mutuati
1448 4289 1611 4348 sunt,
1649 4282 2009 4356 videnturque

441 4368 659 4423 vivente
686 4368 867 4423 adhuc
901 4367 1067 4424 Saule
1100 4372 1440 4439 pronuntiati
1487 4372 1680 4439 fuisse,
1714 4383 2005 4446 antequam

441 4459 613 4515 David
651 4470 922 4531 regnaret.
1007 4460 1142 4515 Nam
1193 4465 1261 4525 is,
1308 4479 1467 4533 quem
1516 4466 1629 4533 jam
1685 4475 2005 4531 tractamus,

2118 3277 2366 3348 γλῶσσά
2408 3293 2544 3331 σου.
2593 3278 2705 3331 Καὶ
2743 3276 2986 3329 λέλεκται
3039 3277 3136 3347 μὲν
3189 3275 3258 3329 τὰ
3328 3275 3464 3347 μετὰ
3511 3278 3698 3346 χεῖρας

2119 3368 2253 3421 πολὺ
2297 3368 2559 3439 πρότερον
2620 3372 2731 3431 τοῖς
2782 3368 2992 3440 χρόνοις
3052 3367 3151 3437 τῆς
3214 3368 3455 3438 ἱστορίας
3504 3366 3598 3420 τοῦ
3653 3353 3698 3419 ν’

2117 3457 2354 3529 ψαλμοῦ.
2408 3459 2527 3511 Ἔτι
2562 3458 2668 3530 γὰρ
2696 3457 2895 3524 ζῶντος
2926 3457 3020 3511 τοῦ
3057 3458 3250 3523 Σαοὺλ,
3316 3458 3410 3512 καὶ
3461 3458 3567 3528 πρὸ
3597 3456 3692 3510 τοῦ

2120 3551 2432 3622 βασιλεῦσαι
2460 3551 2551 3604 τὸν
2576 3550 2756 3614 Δαυῖδ,
2790 3552 2884 3603 καὶ
2910 3551 3197 3622 πέπρακτο
3230 3550 3321 3604 καὶ
3354 3550 3558 3621 εἴρητο.
3584 3551 3698 3604 Μα-

2117 3646 2271 3716 κροῖς
2306 3642 2363 3696 δὲ
2397 3644 2621 3714 ὕστερον
2664 3643 2894 3714 χρόνοις,
2932 3641 3070 3713 μετά
3111 3642 3201 3695 τὸν
3235 3641 3464 3696 θάνατον
3501 3641 3696 3704 Σαοὺλ,

2117 3737 2210 3791 καὶ¹
2261 3737 2397 3808 πρὸς
2433 3739 2545 3799 τοξ
2591 3734 2919 3799 τελευταίοις
2968 3734 3070 3805 τῆς
3122 3734 3286 3789 αὑτοῦ
3330 3734 3622 3804 βασιλείας,
3669 3737 3698 3789 ό

2117 3825 2279 3880 Δαυῖδ
2309 3825 2408 3896 τὴν
2452 3827 2510 3878 ἐν
2541 3823 2618 3895 τῷ
2647 3831 2688 3877 ν’
2728 3827 2959 3878 ποιεῖται
3010 3824 3415 3897 ἐξομολόγησιν,
3443 3825 3510 3896 ἢν
3531 3824 3699 3897 προῦ-

2118 3917 2247 3984 ταξε
2323 3917 2411 3971 διὰ
2450 3916 2568 3987 -τὴν
2609 3916 2744 3983 πρὸς
2788 3917 2881 3971 τὸν
2936 3916 3024 3987 μθ’
3078 3916 3290 3987 ψαλμὸν
3347 3915 3694 3982 ἀκολουθίαν,

2116 4006 2302 4079 ὥσπερ
2341 4001 2433 4059 οὖν
2472 4006 2564 4058 καὶ
2608 4005 2999 4059 ἀποδέδεικται.
3043 4007 3106 4058 Oi
3153 4006 3197 4058 δ’
3237 4005 3345 4057 ἀπὸ
3389 4004 3483 4057 τοῦ
3517 4010 3565 4056 α’
3601 4004 3697 4057 καὶ

2116 4106 2158 4154 ν’
2196 4100 2288 4152 τὸν
2337 4097 2568 4170 ἀριθμὸν
2612 4098 2805 4161 εἰκοσι,
2856 4095 2950 4149 τοῦ
2997 4095 3159 4150 Δαυῒὸ
3202 4094 3691 4166 ἐπιγεγραμμένοι,

2119 4192 2281 4263 μέχρι
2311 4189 2404 4243 τοῦ
2444 4196 2484 4242 o'
2525 4187 2587 4254 ἐξ
2627 4188 2817 4260 ἐτέρας
2848 4187 3022 4258 ἀρχῆς
3051 4186 3148 4257 τὴν
3181 4186 3436 4241 ὑπόθεσιν
3469 4187 3693 4259 εἰλήφαο

2118 4296 2232 4333 σινο
2280 4280 2488 4333 ἐοίκασι
2525 4278 2655 4347 γοῦν
2689 4278 2767 4331 ἐτι
2810 4277 3010 4342 ζῶντος
3050 4276 3223 4330 Σαοὺλ
3261 4276 3530 4349 εἰρῆσθαι,
3562 4278 3693 4349 πρὶν

2115 4371 2148 4442 ἢ
2185 4370 2496 4441 βασιλεῦσαι
2523 4368 2613 4423 τὸν
2654 4368 2836 4423 Δαυϊδ.
2868 4369 2935 4422 Ὅ
2973 4386 3035 4423 τε
3063 4367 3172 4440 γὰρ
3204 4368 3344 4439 μετὰ
3391 4372 3577 4441 χεῖρας
3609 4371 3690 4422 ἐτι

2117 4460 2311 4526 ζῶντος
2357 4461 2527 4515 Σαοὺλ
2570 4460 2762 4533 ἐλέχθη
2787 4501 2802 4525 ,
2836 4461 2932 4513 Ἐν
2984 4460 3066 4527 τῷ
3108 4460 3307 4515 ἐλθεῖν
3364 4461 3531 4530 Δωὴκ
3582 4461 3692 4516 τὸν

440 4554 662 4610 vivente
700 4551 864 4608 Saule
892 4554 1073 4610 dictus
1101 4562 1206 4618 est,
1243 4552 1376 4609 Cum
1399 4558 1537 4610 venit
1565 4557 1701 4612 Doec
1734 4558 2005 4616 Idumwus

2121 4553 2452 4622 Ἰδουμαῖον
2494 4554 2589 4607 καὶ
2623 4553 2970 4624 ἀναγγεῖλαι
3020 4552 3100 4619 τῷ
3147 4552 3368 4619 Σαοὺλ,
3406 4554 3496 4607 ὅτι
3542 4548 3690 4624 ἦλθε

438 4654 489 4700 et
517 4646 777 4700 nuntiavit
826 4644 1000 4708 Sauli,
1028 4662 1089 4699 ac
1117 4647 1253 4700 dixit
1282 4649 1349 4702 'ei
1368 4663 1386 4700 :
1431 4647 1580 4703 Venit
1613 4650 1785 4705 David
1828 4652 1884 4705 in
1910 4652 2008 4706 (1ο⁴

442 4752 587 4789 mum
614 4736 995 4792 Abimeleclt".
1041 4736 1145 4792 Sed
1173 4741 1337 4794 etiam
1363 4756 1482 4807 Lm,
1517 4750 1652 4797 tunc
1678 4746 2005 4813 pronuntia-

443 4838 532 4883 tus
556 4836 660 4893 est,
689 4828 822 4884 Cum
850 4831 1107 4885 emissent
1136 4830 1358 4901 Ziphaai,
1390 4843 1439 4887 et
1465 4832 1725 4889 dixissent
1746 4835 1816 4889 ad
1839 4834 2004 4893 Saul:

445 4917 633 4973 Nonne
670 4919 842 4975 David
869 4920 1207 4977 absconditus
1234 4935 1313 4979 est
1338 4925 1478 4994 apud
1500 4943 1593 4981 nos
1611 4927 1692 4980 ⁸⁸2
1730 4925 2007 4999 Quinqua-

440 5012 682 5083 gesimus
707 5028 836 5068 vero
863 5015 1089 5083 quintus
1132 5016 1212 5071 sic
1265 5018 1565 5088 inscriptus
1592 5027 1713 5074 est:
1762 5020 1897 5075 Cum
1929 5031 2008 5076 te-

440 5113 664 5159 nuerunt
691 5105 843 5159 illum
874 5107 1140 5178 Allophyli
1173 5111 1229 5163 in
1265 5108 1431 5164 Getlt:
1462 5127 1571 5181 quo
1604 5120 1848 5183 tempore
1866 5129 2003 5169 non-

437 5196 566 5251 dum
592 5198 854 5269 regnabat
891 5197 1085 5264 David,
1119 5199 1282 5257 Saule
1301 5204 1612 5273 superstite.
1655 5202 2004 5275 Quinquage-

438 5289 613 5346 simus
639 5299 820 5346 autem
852 5299 1040 5346 sextus
1063 5292 1144 5347 sic
1170 5292 1387 5346 titulum
1422 5293 1605 5357 habet,
1643 5293 1835 5360 David,
1881 5309 2001 5347 cum

439 5384 636 5453 fugeret
655 5400 688 5436 a
713 5382 850 5450 [acie
868 5382 1003 5439 Saul
1023 5385 1077 5438 in
1105 5386 1426 5453 speluncam.
1458 5382 1722 5439 Similiter
1751 5393 1805 5438 et
1842 5399 1996 5447 Lvm,

439 5470 666 5536 Quando
700 5474 842 5528 misit
874 5472 1027 5538 Saul,
1060 5475 1157 5539 ait,
1204 5484 1254 5528 et
1293 5474 1572 5528 custodiuit
1602 5475 1817 5527 domum
1862 5473 1998 5542 ejus,

439 5573 498 5616 ut
541 5580 661 5618 eum
689 5567 1023 5635 interﬁceret.
1076 5565 1581 5637 Quinquagesimus
1623 5580 1750 5621 vero
1798 5581 1999 5630 nonus,

439 5653 653 5711 etiamsi
687 5669 811 5726 post
862 5665 1095 5711 mortem
1136 5656 1318 5713 Saulis
1376 5658 1768 5728 pronuntiatus
1812 5657 1998 5721 fuerit,

2112 4646 2292 4700 Δαυῒδ
2330 4649 2417 4713 είς
2444 4646 2551 4699 τὸν
2591 4643 2759 4700 οἷκον
2800 4646 3125 4716 Ἀϐιμέλεχ.
3173 4644 3331 4698 Ἀλλά
3376 4646 3470 4698 καὶ
3511 4648 3540 4699 ὁ
3576 4652 3686 4714 νγ’·

2125 4739 2221 4790 Ἑν
2263 4736 2343 4802 τῷ
2391 4737 2589 4792 ἐλθεῖν
2646 4738 2786 4803 τοὺς
2836 4737 3154 4806 Ζιφαίους,
3222 4734 3320 4789 καὶ
3372 4734 3562 4789 εἰπεῖν
3605 4733 3689 4800 τῷ

2115 4829 2338 4883 Σαούλ·
2391 4829 2536 4897 οὐχὶ
2573 4827 2700 4881 ἰδοὺ
2730 4827 2911 4881 Δαυῒδ
2958 4826 3286 4895 κέκρυπται
3333 4825 3470 4892 παρ’
3508 4824 3688 4894 ἠμῖν;

2112 4922 2314 4993 εἴρητο.
2353 4921 2463 4974 Καὶ
2499 4923 2528 4974 ό
2569 4927 2608 4972 ε’
2641 4921 2699 4975 δὲ
2738 4923 2833 4975 καὶ
2858 4927 2931 4974 ν’·
2963 4921 3101 4972 Ὅτε
3131 4917 3472 4988 ἐκράτησαν
3503 4918 3689 4972 αὐτὸν

2112 5016 2168 5068 οὶ
2205 5014 2553 5082 Ἀλλόφυλοι
2601 5014 2672 5068 ἐν
2712 5013 2850 5077 Γὲθ,
2890 5012 3325 5084 ἐπιγέγραπταιε
3376 5008 3443 5084 ἦν
3484 5011 3543 5064 δὲ
3591 5010 3688 5066 καὶ

2110 5102 2263 5169 οὗτος
2295 5113 2324 5164 ό
2358 5106 2547 5177 χρόνος
2592 5107 2620 5158 ὁ
2661 5106 2766 5178 πρὸ
2812 5105 2913 5176 τῆς
2955 5104 3226 5175 βασιλείας
3255 5104 3350 5158 τοῦ
3391 5102 3570 5168 Δαυῖδ,
3604 5102 3685 5156 ἔτι

2111 5197 2202 5250 τοῦ
2238 5197 2409 5250 Σαοὺλ
2447 5197 2728 5267 περιόντος
2755 5196 2834 5267 τῷ
2872 5195 2990 5267 βίῳ,
3030 5196 3124 5252 καὶ
3159 5199 3187 5250 ό
3231 5202 3315 5260 νς¹
3361 5194 3683 5265 ἐπιγράφ;ι⁶

2117 5290 2201 5355 Τῷ
2232 5291 2431 5355 Δαυῒδ,
2458 5291 2528 5344 ὲν
2549 5288 2629 5355 τῷ
2662 5289 2849 5343 αὐτδν
2875 5286 3339 5357 ἀποδιδράσκειν
3360 5286 3476 5340 ἀπὸ
3500 5301 3687 5355 προσ-

2102 5381 2269 5453 ,ὠπου
2324 5382 2522 5436 Σαοὺλ
2573 5384 2662 5448 εἰς
2702 5381 2767 5434 τὸ
2816 5380 3139 5446 σπήλαιον.
3186 5379 3459 5441 Ὡσαύτως
3505 5378 3600 5431 καὶ
3656 5377 3686 5430 ὁ

2110 5481 2220 5545 νηό
2252 5475 2482 5538 Ὁπότε,
2525 5475 2712 5543 φησὶν,
2756 5472 3075 5528 ἀπέστειλε
3113 5472 3347 5536 Σαοὺλ,
3387 5470 3492 5525 καὶ
3543 5469 3685 5539 ἐφύ-

2110 5567 2259 5629 λαξε
2286 5566 2393 5619 τὸν
2422 5561 2591 5619 οἶκον
2617 5565 2822 5629 αὑτοῦ,
2862 5565 2969 5619 τοῦ
3008 5563 3343 5618 θανατῶσαι
3377 5564 3586 5616 αὐτόν.
3617 5561 3685 5613 Ὅ

2112 5673 2172 5725 γε
2215 5655 2321 5727 μὴν
2367 5656 2534 5719 νϐ’,εί
2568 5657 2661 5709 καὶ
2714 5655 2853 5727 μετά
2894 5655 2986 5709 τὸν
3030 5654 3257 5728 θανατον
3284 5651 3454 5707 Σαοὺλ
3477 5651 3684 5725 εἴρητο,

512 5812 555 5846 ⁸ο
594 5812 613 5866 l
647 5809 777 5883 Reg.
809 5828 941 5881 mn,
973 5812 1123 5868 9-H.
1201 5813 1240 5845 ⁶¹
1283 5812 1415 5870 ibid.
1456 5814 1541 5880 18,
1574 5814 1656 5869 l9.
1733 5814 1777 5845 θ’
1813 5812 1957 5868 Psal.
1998 5829 2008 5866 ι

2114 5827 2205 5879 In,
2237 5811 2291 5865 2.
2371 5812 2413 5843 ⁸³
2454 5809 2469 5862 Ι
2503 5810 2633 5882 Reg.
2673 5828 2785 5880 ut,
2824 5812 2874 5867 1.
2952 5812 2996 5843 ⁸⁸
3035 5809 3168 5865 ibid.
3209 5807 3288 5862 Η.
