4098 6430
427 416 537 471 445
1543 419 2041 476 COMMENTABIA
2080 422 2146 477 IN
2187 422 2528 480 PSALMOS.
3549 429 3657 486 με

426 535 526 606 ήδη
562 533 928 603 βασιλευοντος
957 533 1047 588 τοῦ
1079 535 1257 599 Δαυῖδ,
1282 536 1422 590 ’ἀλλὰ
1459 538 1550 590 καὶ
1579 539 1738 604 αὐτὸς
1766 541 1869 610 πρὸ
1893 543 1979 612 τῆς

2087 543 2200 610 jam
2231 550 2495 613 regnante
2536 543 2737 599 Davide
2775 565 2789 611 ;
2822 554 2877 598 at
2903 545 3016 614 ipse
3053 559 3268 614 quoque
3297 555 3422 600 ante
3453 546 3656 602 admis-

428 627 566 681 κατὰ
592 627 682 680 τὸν
717 628 914 698 Οὐρίαν
944 625 1224 698 πράξεως·
1256 627 1284 679 ὃ
1315 629 1377 700 δὴ
1410 631 1858 700 σημαίνεταιλὰπὸ
1884 634 1979 702 τῆς

2091 650 2211 688 sum
2239 635 2294 688 in
2336 635 2522 689 Uriam
2556 635 2769 692 facinus
2801 637 2982 691 editus
3014 646 3126 691 est:
3159 636 3305 706 quod
3336 653 3400 691 ex
3449 637 3652 692 inscri-

428 717 770 788 προγραφῆς,
792 717 911 786 ἥτις
936 718 1082 788 δηλοῖ
1105 719 1193 772 τὸν
1223 721 1408 790 χρόνον
1435 721 1712 787 φάσκουσα
1730 740 1742 751 ·
1784 724 1979 775 Ὁπότε

2089 727 2271 795 ptione
2317 726 2676 796 significatur,
2734 728 2998 798 temporis
3070 735 3254 782 notam
3313 727 3518 781 ferente
3568 728 3654 783 bis

424 810 739 876 ἐνεπύρισε
783 807 898 876 τὴν
937 808 1394 878 Μεσοποταμίαν
1439 811 1686 878 Συρίας,
1732 813 1828 864 καί
1873 812 1979 878 τὴν

2089 815 2302 870 verbis:
2353 814 2484 869 Cum
2527 816 2797 868 succendit
2844 815 3290 885 Mesopotamiam
3352 815 3542 885 Syriae,
3601 827 3651 870 et

431 900 647 967 Συρίαν
689 899 853 952 Σωϐᾶ
875 942 889 964 ,
938 901 1033 953 καὶ
1079 900 1458 969 ἀπέστρεψεν
1501 904 1656 957 Ἰωὰό
1703 905 1799 957 καὶ
1846 904 1979 957 ἑπά-

2088 904 2300 973 Syriam
2348 904 2488 959 Soba
2535 922 2552 960 :
2585 917 2635 960 et
2673 923 2948 961 concessus
2985 906 3121 961 Joab
3168 909 3422 975 percussit
3463 908 3651 962 vallem

431 993 566 1056 ταξε
610 991 725 1059 τὴν
754 991 1022 1062 φάραγγα
1065 993 1183 1046 τῶν
1198 994 1397 1059 Ἁλῶν,
1429 995 1654 1049 δώδεκα
1684 997 1982 1065 χιλιάδας.

428 1082 605 1136 Ταῦτα
653 1081 709 1134 δὲ
748 1084 859 1144 τοῖς
892 1083 1101 1154 χρόνοις
1145 1083 1370 1154 προάγει
1411 1086 1507 1156 τὴν
1537 1087 1592 1137 ἐν
1615 1084 1690 1156 τῷ
1715 1093 1756 1138 ν’
1787 1085 1984 1157 ψαλμῷ

426 1173 822 1245 ἐξομολόγησιν.
855 1176 973 1227 Ἔτι
1006 1175 1110 1245 μὴν
1142 1177 1232 1229 καὶ
1263 1178 1290 1228 ὁ
1318 1177 1394 1243 ξδ’
1432 1178 1642 1248 ψαλμὸς
1683 1179 1872 1250 ἐλέχθη
1907 1179 1983 1250 τῷ

425 1263 580 1317 Δαυῒδ
603 1265 672 1316 ἐν
705 1263 784 1329 τῷ
807 1261 959 1319 εἶναι
999 1265 1186 1320 αὐτὸν
1224 1268 1292 1320 ἐν
1329 1267 1400 1336 τῇ
1441 1269 1634 1337 ἐρήμῳ
1665 1269 1773 1336 τῆς
1811 1269 1983 1323 Ἰδου-

423 1345 614 1421 μαίας,
647 1352 845 1418 ζῶντος
887 1355 964 1408 ἔτι
1005 1357 1096 1408 τοῦ
1133 1357 1316 1412 Σαούλ.
1348 1359 1456 1411 Καὶ
1485 1359 1581 1412 Θέα
1623 1360 1769 1422 ὅπως
1801 1360 1983 1430 σχεδὸν

421 1449 468 1499 οἱ
501 1446 738 1499 πλεῖστοι
768 1446 860 1500 τοῦ
888 1447 1134 1520 δευτέρου
1171 1449 1366 1521 μέρους
1390 1451 1488 1520 τῆς
1517 1451 1693 1521 βίϐλου
1713 1451 1822 1505 τῶν
1848 1452 1981 1521 ψαλ-

424 1538 537 1608 μῶν
562 1536 652 1590 τοῦ
669 1538 850 1601 Δαυῒδ,
875 1542 1141 1611 παρεκτὸς
1161 1542 1252 1595 τοῦ
1287 1549 1349 1606 ν’,
1379 1545 1505 1606 τοὺς
1535 1543 1809 1614 πρόπαλαι
1833 1546 1983 1616 είρη-

424 1628 614 1698 μένους
645 1631 792 1701 αὐτῷ
819 1632 922 1701 πρὸ
957 1632 1065 1684 τῶν
1099 1634 1302 1703 χρόνων
1331 1635 1430 1705 τῆς
1468 1634 1609 1688 κατὰ
1649 1636 1738 1689 τὸν
1783 1637 1982 1708 Οὐρίαν

419 1721 668 1792 πράξεως
701 1723 1097 1792 περιειλήφασι.
1133 1725 1203 1777 Τό
1225 1742 1287 1793 γε
1321 1725 1424 1796 μὴν
1454 1727 1665 1798 πρῶτον
1697 1728 1857 1799 μέρος
1884 1730 1982 1799 τῆς

419 1814 586 1882 αὐτῆς
619 1812 798 1882 βίϐλου
837 1814 896 1867 τὸ
941 1815 1048 1868 ἀπὸ
1093 1815 1308 1888 πρώτου
1353 1818 1446 1871 καὶ
1482 1819 1640 1889 μέχρι
1677 1827 1728 1890 μ’
1772 1820 1871 1890 τὴν
1899 1821 1982 1872 ὲν-

419 1903 602 1958 αντίαν
635 1901 747 1974 εἶχε
782 1905 966 1970 τάξιν·
999 1909 1124 1970 τούς
1161 1907 1268 1979 γὰρ
1300 1909 1438 1978 μετὰ
1476 1910 1572 1981 τὴν
1602 1911 1983 1983 ἐξομολόγησιν
2013 1933 2055 1985 Β

416 1993 510 2047 τοῦ
543 2002 584 2048 ν’
618 1997 791 2048 ἐκεῖνο
819 2001 1057 2069 περιεῖχε
1088 1999 1148 2051 τὸ
1182 2000 1362 2070 μέρος.
1411 2001 1467 2054 '0
1492 2003 1621 2070 γοῦν
1652 2003 1829 2074 τρίτος
1851 2003 1992 2073 ψαλί

421 2086 518 2155 μὸς
559 2085 776 2140 λέλεκτο
827 2088 906 2156 τῷ
944 2088 1136 2152 Δαυῖδ,
1174 2091 1351 2144 ὁπότε
1391 2091 1825 2160 ἀπεδίδρασκεν
1863 2093 1981 2148 ἀπὸ

417 2179 736 2246 προσώπου
775 2183 1148 2248 Ἀϐεσσαλὼιι
1194 2185 1298 2238 τοῦ
1339 2186 1470 2239 υἱοῦ
1504 2186 1707 2240 αὑτοῦ.
1745 2189 1980 2256 Ἐφευγε

415 2269 469 2322 δὲ
501 2271 590 2324 τὸν
614 2273 726 2325 υἱὸν
758 2272 896 2343 μετὰ
922 2274 1016 2344 τὴν
1033 2275 1266 2345 ἱστορίαν
1279 2276 1370 2329 τοῦ
1399 2277 1614 2349 Οὐρίου.
1635 2277 1791 2332 Ἀλλὰ
1806 2280 1899 2332 καὶ
1923 2281 1980 2332 ἐν

413 2361 490 2430 τῷ
517 2369 567 2426 ς’
596 2365 692 2434 τῆς
715 2366 882 2433 αὐτῆς
912 2366 1069 2418 ἕνεκα
1090 2368 1338 2437 πράξεως
1363 2369 1760 2441 ἀπεκλάετοξῌ)
1777 2371 1975 2439 λέγων·

428 2454 744 2508 Ἐκοπίασα
769 2456 838 2508 ἐν
865 2455 943 2520 τῷ
968 2457 1276 2526 στεναγμῷ
1297 2477 1410 2528 μου
1429 2499 1442 2523 ,
1475 2462 1676 2514 λούσω
1710 2462 1835 2515 καθ’
1853 2461 1984 2514 ἐκά-

413 2561 569 2614 στην
594 2550 782 2602 νύκτα
807 2550 921 2616 τὴν
943 2551 1159 2618 κλίνην
1181 2569 1320 2620 μου,
1343 2551 1414 2603 ἐν
1445 2550 1698 2619 δάκρυσί
1721 2570 1840 2620 μου
1867 2551 1980 2618 τὴν

412 2639 730 2707 στρωμνήν
749 2658 867 2708 μου
889 2640 1106 2706 βρέξω.
1143 2643 1250 2694 Καὶ
1272 2644 1299 2693 ὁ
1325 2642 1367 2704 ζ’
1393 2642 1448 2694 δέ
1469 2659 1482 2672 ·
1531 2643 1694 2709 ’Υπὲρ
1735 2641 1854 2695 τῶν
1880 2643 1981 2695 λό-

412 2747 532 2799 γων
585 2731 770 2783 Χουσὶ
818 2732 950 2784 υἱοῦ
989 2733 1216 2799 Ἰεμινεὶ
1261 2731 1576 2801 λελεγμένος
1601 2773 1614 2796 ,
1653 2732 1759 2784 τῶν
1801 2732 1978 2784 αὐτῶν

413 2821 498 2889 εἴη
531 2820 596 2874 ἂν
630 2821 852 2891 χρόνων.
890 2822 1054 2874 Χουσὶ
1092 2821 1200 2892 γὰρ
1231 2823 1571 2891 άρχιεταῖρος
1609 2821 1846 2889 γεγονὼς
1884 2825 1978 2876 τοῦ

413 2912 593 2973 Δαυῒδ,
638 2912 715 2981 τῷ
759 2913 1107 2982 Ἀὁεσσαλὼμ
1155 2915 1483 2981 συνεγένετο.
1531 2915 1650 2967 Ἔτι
1685 2915 1789 2986 μὴν
1831 2917 1922 2970 καὶ
1950 2918 1979 2970 ὁ

418 2999 480 3063 ιζ’
519 3001 886 3055 ἀποδέδεικται
932 3005 1058 3074 περὶ
1089 3003 1155 3056 τὰ
1189 3003 1469 3058 τελευταῖα
1505 3005 1604 3075 τῆς
1651 3005 1794 3076 ζωῆς
1820 3007 1979 3060 Δαυῒδ

2088 995 2420 1061 Salinarum,
2455 998 2730 1052 duodecim
2774 999 2965 1054 millia.
3014 999 3140 1054 Haec
3194 1015 3360 1069 porro
3406 1007 3651 1068 tempore

2085 1094 2409 1154 praevertunt
2438 1088 2834 1142 confessionem
2880 1089 2934 1142 in
2975 1102 3007 1142 ι.
3059 1089 3268 1158 psalmo
3299 1087 3518 1142 factam.
3555 1089 3613 1139 lt.

2085 1190 2252 1243 super
2287 1191 2397 1228 Lm
2432 1191 2461 1228 a
2517 1175 2720 1230 Davide
2741 1175 2922 1230 dictus
2947 1185 3052 1240 est,
3069 1192 3186 1229 cum
3212 1184 3344 1230 esset
3373 1175 3652 1230 in-deserto

2085 1265 2359 1331 Idumam,
2397 1269 2612 1323 vivente
2667 1268 2847 1322 adhuc
2891 1269 3074 1325 Saule.
3130 1270 3210 1324 Ac
3239 1268 3378 1322 mihi
3418 1283 3652 1338 perpen-

2083 1358 2182 1413 das
2217 1359 2398 1423 velim,
2438 1377 2548 1429 quo
2593 1367 2750 1430 pacto
2793 1361 3038 1430 plerique
3087 1362 3142 1415 in
3200 1359 3440 1415 secunda
3495 1368 3651 1430 parte

2082 1449 2228 1511 libri,
2261 1454 2594 1520 psalmorum
2655 1450 2877 1507 Davidis
2927 1451 3090 1522 positi
3145 1451 3364 1522 psalmi,
3417 1458 3650 1521 excepto

2083 1543 2564 1613 quinquagesimo,
2593 1560 2689 1601 eos
2735 1546 2828 1615 qui
2875 1545 2943 1599 ab
2992 1545 3113 1614 ipso
3147 1543 3241 1598 diu
3271 1552 3398 1598 ante
3437 1551 3654 1614 tempus

2081 1635 2219 1703 gesti
2250 1634 2307 1688 in
2341 1633 2521 1688 Uriam
2558 1633 2818 1691 facinoris
2863 1634 3201 1704 pronuntiati
3239 1633 3474 1696 fuerant,
3509 1648 3649 1702 pra:-

2082 1726 2492 1794 occupaverint.
2567 1725 2750 1780 Prima
2809 1741 2940 1781 sane
2988 1742 3115 1796 pars
3162 1726 3406 1794 ejusdem
3458 1725 3580 1778 libri
3617 1740 3649 1778 a

2083 1816 2259 1885 primo
2307 1817 2374 1871 ad
2409 1817 2913 1888 quadragesimum,
2945 1818 3284 1872 contrarium
3308 1816 3469 1871 habet
3498 1815 3650 1870 ordi-

2083 1921 2240 1959 nem:
2277 1921 2511 1976 namque
2535 1922 2662 1976 pars
2697 1908 2787 1961 illa
2816 1923 2932 1971 eos,
2958 1907 3052 1977 qui
3085 1914 3207 1977 post
3248 1904 3648 1961 confessionem

2081 1998 2515 2067 quinquagesimi
2570 1999 2763 2068 psalmi
2827 1999 2958 2053 dicti
3015 2008 3164 2063 sunt,
3241 1997 3644 2068 complectitur.

2083 2087 2300 2144 Tertius
2332 2091 2513 2160 itaque
2545 2091 2788 2160 psalmus
2827 2105 2858 2143 a
2882 2089 3080 2145 Davide
3121 2089 3510 2158 pronuntiatus
3537 2095 3644 2150 est,

2082 2198 2199 2235 cum
2241 2184 2439 2254 fugeret
2470 2201 2501 2237 a
2525 2184 2661 2251 [acie
2701 2182 2984 2236 Absalonis
3023 2182 3124 2251 ﬁlii
3155 2182 3258 2236 sui.
3294 2179 3451 2250 Fugit
3469 2187 3649 2233 autem

2082 2289 2112 2326 a
2148 2274 2260 2329 lilio
2295 2286 2418 2345 post
2465 2275 2758 2330 historiam
2814 2273 2975 2328 Uriaa.
3028 2271 3140 2327 Imo
3174 2273 3339 2328 etiam
3387 2272 3438 2324 in
3495 2278 3649 2326 sexto

2082 2384 2180 2438 pro
2219 2370 2406 2425 eodem
2467 2369 2714 2424 facinore
2763 2369 2924 2424 flebat
2998 2368 3225 2423 dicens:
3280 2365 3538 2419 choravi
3593 2365 3650 2418 in

2079 2463 2274 2532 gemitu
2327 2478 2479 2516 meo:
2539 2462 2726 2516 lavabo
2788 2477 2879 2531 per
2945 2460 3182 2529 singulas
3232 2470 3405 2512 noctes
3459 2457 3649 2511 lectum

2080 2568 2286 2616 meum;
2355 2553 2602 2622 lacrgmis
2674 2553 2802 2606 meis
2871 2560 3097 2605 stratum
3153 2566 3322 2603 meum
3378 2547 3557 2618 rigabo
3581 2546 3648 2602 ⁸⁵.

2083 2643 2358 2713 Septimus
2416 2644 2584 2707 item,
2632 2658 2726 2711 pro
2799 2643 2968 2696 verbis
3045 2641 3206 2695 Chusi
3267 2641 3368 2709 filii
3452 2637 3651 2691 Jemini

2079 2732 2280 2795 dictus,
2316 2730 2559 2800 ejusdem
2612 2731 2873 2798 temporis
2908 2728 3089 2782 fuerit.
3143 2727 3312 2782 Chusi
3363 2725 3512 2780 enim
3555 2723 3650 2794 qui

2079 2821 2330 2890 princeps
2376 2821 2676 2874 amicorum
2728 2818 2896 2872 David
2941 2817 3153 2879 fuerat,
3208 2832 3331 2870 cum
3380 2813 3650 2868 Absalone

2075 2911 2303 2981 junctus
2336 2919 2437 2966 est.
2470 2911 2534 2964 Et
2555 2913 2666 2980 jam
2698 2910 2916 2980 quidem
2949 2915 3432 2963 commonstratum
3456 2914 3540 2962 est
3556 2905 3650 2960 de-

2079 3005 2279 3058 cimum
2311 3003 2600 3072 septimum
2636 3003 2784 3056 circa
2808 3002 2968 3055 ﬁnem
2996 3001 3118 3054 vita:
3140 2999 3306 3054 David
3332 3000 3535 3054 dictum
3567 2997 3649 3052 fu-

413 3091 752 3162 λελεγμένος,
797 3094 952 3146 Ἀλλὰ
1006 3096 1099 3147 καὶ
1145 3097 1172 3148 ὁ
1225 3094 1320 3159 λζ’,
1376 3098 1844 3168 ἐπιγεγραμμένος
1893 3101 1979 3164 είς

2079 3094 2208 3148 isse.
2264 3090 2633 3162 Similiterque
2666 3091 2976 3145 tricesimus
3021 3090 3314 3160 septimus,
3351 3089 3650 3158 inscriptus

413 3183 768 3251 ἀνάμνησιν,
796 3184 891 3255 τὴν
916 3185 1081 3255 αὐτὴν
1116 3185 1251 3255 ἔχων
1276 3185 1510 3239 διάνοιαν
1539 3187 1615 3258 τῷ
1645 3189 1720 3252 ς’,
1754 3189 1976 3260 ἄρχεται

2079 3184 2132 3236 in
2165 3183 2669 3245 rememorationem,
2702 3180 2946 3236 eamdem
2988 3179 3281 3250 praeferens
3323 3195 3484 3249 quam
3527 3193 3649 3234 sex-

413 3275 511 3345 μὲν
541 3275 649 3326 ἀπὸ
686 3274 791 3328 τῶν
816 3276 991 3329 αὐτῶν
1032 3278 1288 3348 ῥημάτων
1320 3277 1490 3347 λέγων
1509 3295 1522 3308 ·
1558 3281 1750 3346 Κύριε,
1781 3279 1866 3349 μὴ
1898 3279 1977 3345 τῷ

2080 3282 2169 3328 tus
2195 3273 2542 3336 sententiam,
2579 3272 2772 3326 iisdem
2816 3271 2996 3326 verbis
3051 3271 3241 3340 incipit
3276 3271 3462 3323 dicens
3491 3288 3503 3322 :
3537 3267 3649 3322 Do-

412 3364 573 3435 θυμῷ
599 3382 715 3419 σου
740 3367 990 3436 ἐλέγξῃς
1010 3386 1106 3437 με,
1141 3368 1296 3439 μηδὲ
1326 3368 1401 3437 τῇ
1427 3369 1572 3440 ὀργῇ
1605 3389 1720 3424 σου
1746 3370 1976 3425 παιδεύ-

408 3472 528 3524 σῃς
550 3475 643 3526 με.
677 3459 885 3529 Προϊὼν
937 3460 996 3512 δὲ
1043 3461 1141 3532 τὴν
1183 3461 1351 3533 αὐτὴν
1401 3462 1782 3534 ἐξομολόγησιν
1816 3468 1881 3535 τῇ
1918 3467 1975 3518 ἐν

405 3549 487 3620 τῷ
506 3556 547 3603 ν’
575 3551 845 3621 φερομένῃ
881 3556 1108 3604 ποιεῖται
1143 3553 1200 3605 ἐν
1231 3570 1290 3605 τε
1322 3556 1433 3616 τοῖς
1466 3553 1644 3618 ἄλλοις
1675 3557 1769 3608 κα)⁸
1799 3555 1867 3608 δι’
1900 3550 1975 3610 ὧν

407 3658 604 3711 φησιν·
639 3643 762 3694 ’Ὁτι
792 3645 849 3694 αἱ
889 3643 1122 3710 ἀνομίαι
1151 3661 1268 3712 μου
1303 3641 1618 3711 ὑπερνῆσαν
1648 3644 1762 3713 τὴν
1793 3664 1974 3715 κεφα-

404 3731 526 3799 λὴν
553 3747 698 3802 μου.
725 3731 1114 3800 Προσώζεσαν
1140 3733 1239 3785 καὶ
1265 3733 1585 3800 ἐσάπησαν
1610 3740 1662 3788 οἱ
1688 3733 1974 3805 μώλωπές

400 3843 521 3894 μου
561 3825 680 3878 ἀπὸ
708 3825 1028 3893 προσώπου
1063 3825 1171 3892 τῆς
1207 3827 1552 3894 ἀφροσύνης
1575 3845 1712 3895 μου.
1755 3829 1863 3880 Καὶ
1910 3830 1973 3882 σὺ

404 3915 450 3967 δ’
485 3916 549 3970 ἂν
578 3917 717 3970 κατὰ
752 3918 945 3970 σαυτὸν
983 3916 1302 3985 συναγαγὼν
1336 3918 1513 3988 εὕροις
1546 3918 1612 3973 ἂν
1649 3919 1717 3971 τὰ
1753 3919 1974 3973 πλεῖστα

405 4008 513 4061 τῶν
539 4009 594 4060 ὲν
615 4008 694 4079 τῷ
726 4007 925 4079 πρώτῳ
956 4009 1110 4079 μέρει
1151 4009 1257 4062 τῶν
1290 4009 1516 4080 ψαλμῶν
1544 4010 1678 4081 μετὰ
1703 4011 1828 4074 τοὺς
1852 4012 1975 4080 χρό-

404 4117 529 4164 νους
567 4101 664 4171 τῆς
697 4101 833 4154 κατᾶ
858 4101 949 4154 τὸν
981 4101 1180 4172 Οὐρίαν
1221 4101 1459 4171 ἱστορίας
1500 4101 1780 4172 εἰρημένα,
1813 4102 1882 4155 τὰ
1918 4102 1974 4155 δὲ

407 4189 546 4261 μετὰ
568 4191 660 4243 τὸν
686 4197 730 4242 ν’
759 4194 868 4254 τοῖς
896 4192 1105 4262 χρόνοις
1131 4191 1436 4263 προάγοντα
1460 4191 1556 4263 τὴν
1589 4191 1728 4246 κατὰ
1757 4193 1847 4245 τὸν
1872 4194 1975 4246 Οὐ-

409 4281 527 4352 ρίαν
555 4281 770 4354 πρᾶξιν.
801 4281 863 4333 Τί
889 4281 1087 4352 δήποτε
1111 4279 1202 4336 οὖν
1236 4284 1296 4336 οὐ
1335 4281 1474 4336 κατὰ
1507 4283 1604 4351 τὴν
1632 4283 1740 4335 τῶν
1769 4283 1973 4354 χρόνων

405 4371 722 4426 ἀκολουθίαν
749 4373 798 4424 οἱ
821 4372 1025 4443 πρῶτοι
1057 4375 1168 4436 τοῖς
1202 4374 1409 4443 χρόνοις
1441 4372 1646 4445 πρῶτοι
1677 4374 1974 4444 κατετάγη-

407 4479 533 4517 σαν·
560 4462 673 4518 ἀλλ’
699 4462 750 4515 οἱ
785 4461 882 4533 τὴν
909 4461 1112 4533 πρῶτοι
1137 4463 1447 4534 λελεγμένοι
1475 4464 1552 4516 ἔτι
1584 4463 1781 4526 ζῶντος
1806 4464 1973 4517 Σαοὺλ

405 4553 463 4605 ὲν
488 4551 564 4624 τῷ
583 4552 817 4624 δευτέρῳ
841 4552 994 4622 μέρει
1019 4553 1125 4606 τῶν
1147 4553 1402 4623 ψαλμῶν·
1430 4555 1486 4606 ὲν
1510 4553 1565 4605 δὲ
1591 4553 1669 4624 τῷ
1698 4552 1896 4624 πρώτῳ
1924 4555 1971 4605 οἱ

2078 3365 2216 3418 mine
2235 3403 2249 3427 ,
2296 3380 2359 3417 ne
2387 3363 2442 3417 in
2466 3363 2646 3432 furore
2678 3375 2765 3416 tuo
2797 3379 2992 3433 arguas
3023 3379 3104 3416 me
3123 3402 3138 3425 ,
3172 3378 3332 3431 neque
3360 3361 3416 3413 in
3444 3361 3526 3413 ira
3556 3369 3649 3413 tua

2077 3455 2334 3523 corripias
2366 3470 2466 3508 me.
2497 3453 2554 3506 lu
2576 3453 2932 3523 sequentibus
2957 3467 3084 3506 vero
3109 3452 3376 3514 eamdem,
3407 3465 3568 3519 quam
3595 3452 3648 3503 in

2079 3545 2285 3613 psalmo
2315 3545 2772 3615 quinquagesimo
2792 3584 2807 3608 ,
2839 3542 3238 3597 confessionem
3267 3541 3413 3604 edit,
3448 3543 3562 3594 sive
3593 3541 3648 3593 in

2077 3635 2232 3699 aliis,
2283 3636 2398 3690 sive
2426 3636 2482 3690 in
2517 3636 2620 3690 hoc
2657 3637 2802 3689 dicto
2839 3654 2850 3688 :
2889 3633 3153 3698 Quoniam
3185 3633 3489 3701 iniquitates
3523 3647 3650 3683 mea:

2076 3740 2424 3796 supergressae
2470 3735 2592 3779 sunt
2639 3735 2795 3794 caput
2846 3741 3036 3777 nteum.
3093 3722 3414 3775 Pulruerunt
3448 3732 3496 3774 et
3531 3737 3650 3774 cor-

2076 3825 2244 3884 rupta:
2276 3829 2395 3870 sunt
2423 3818 2695 3872 cicatrices
2718 3835 2844 3872 mem
2874 3835 2905 3870 a
2929 3817 3066 3886 [acie
3094 3815 3409 3882 insipientia:
3429 3831 3556 3869 meae
3581 3815 3644 3868 “.

2073 3907 2152 3961 Ac
2183 3909 2230 3962 si
2260 3907 2446 3962 eadem
2482 3924 2579 3977 per
2607 3917 2658 3962 te
2684 3907 2912 3976 colligas
2934 3945 2949 3970 ,
2993 3907 3162 3960 multa
3207 3907 3263 3958 in
3297 3905 3472 3976 prima
3497 3916 3650 3975 parte

2076 3997 2200 4051 libri
2231 3997 2565 4067 psalmorum
2590 3995 2993 4066 deprehendas,
3026 4010 3148 4066 qua
3169 4001 3294 4063 post
3319 4003 3535 4064 tempus
3565 3995 3650 4049 hi-

2075 4089 2258 4142 storiae
2302 4087 2369 4141 de
2425 4086 2554 4141 Uria
2598 4087 2812 4158 prolata
2863 4093 3031 4150 sunt,
3085 4092 3250 4153 atque
3287 4100 3350 4139 ea
3374 4100 3495 4154 qua:
3525 4094 3650 4154 post

2073 4177 2582 4247 quinquagesimum
2615 4176 2790 4247 posita
2824 4182 2988 4239 sunt,
3034 4182 3245 4244 gestum
3274 4174 3329 4226 in
3358 4172 3540 4227 Uriam
3566 4173 3648 4228 fa-

2073 4269 2230 4325 cinus
2279 4279 2520 4339 tempore
2563 4280 2888 4340 praevertere
2933 4265 3260 4337 comperies.
3313 4263 3453 4330 Quid
3481 4264 3648 4334 igitur

2073 4375 2252 4414 causae
2281 4368 2384 4425 est,
2427 4361 2573 4431 quod
2615 4375 2724 4414 non
2757 4357 3058 4413 secundum
3090 4364 3395 4425 temporum
3423 4355 3642 4420 seriem,

2073 4452 2164 4522 qui
2200 4452 2360 4522 primi
2392 4459 2634 4521 tempore
2661 4458 2792 4506 sunt
2815 4493 2830 4517 ,
2861 4449 3022 4520 primi
3052 4447 3215 4519 positi
3249 4448 3390 4513 sint,
3421 4447 3515 4503 sed
3551 4449 3643 4518 qui

2074 4544 2257 4614 primi,
2293 4544 2590 4613 superstite
2616 4541 2781 4596 Saule
2806 4541 2940 4596 dicti
2970 4547 3117 4605 sunt,
3153 4539 3207 4594 in
3236 4539 3474 4596 secunda
3500 4541 3647 4611 psal-

404 4645 513 4706 τοῖς
538 4642 749 4717 χρόνοις
794 4640 1046 4706 uocaset;
1095 4641 1332 4713 ἡγοῦμαι
1362 4643 1418 4697 δὲ
1458 4643 1660 4713 ταύτην
1695 4643 1970 4714 εἰληφέναι

2079 4651 2288 4690 morum
2322 4643 2477 4708 parte
2511 4635 2622 4689 sint
2653 4635 2969 4701 constituti;
2995 4642 3049 4690 et
3080 4635 3133 4687 in
3162 4633 3358 4703 prima,
3387 4633 3480 4704 qui
3508 4640 3646 4687 tem-

402 4731 500 4804 τὴν
544 4732 716 4798 τάξιν,
755 4732 828 4796 ώς
871 4733 937 4786 ἂν
981 4732 1054 4804 μὴ
1093 4733 1201 4785 ἀπὸ
1249 4732 1357 4786 τῶν
1410 4734 1730 4804 κρειττόνων
1773 4735 1865 4786 ἐπὶ
1907 4734 1975 4786 τὰ

404 4824 569 4896 χείρω
595 4825 809 4895 φέροιτο
841 4826 868 4876 ὁ
905 4824 1089 4892 λόγος·
1120 4824 1179 4882 τὸ
1199 4823 1328 4896 γὰρ,
1355 4828 1440 4891 εὶς
1467 4825 1530 4878 τὸ
1559 4824 1729 4891 τέλος
1749 4825 1836 4895 μὴ
1851 4825 1976 4878 δια-

403 4914 669 4986 φθείρῃς,
707 4916 798 4968 καὶ
845 4915 934 4967 ἐπὶ
973 4915 1072 4984 τῆς
1097 4913 1204 4966 τῶν
1237 4914 1463 4986 ψαλμῶν
1493 4915 1698 4980 τάξεως
1739 4915 1978 4983 πεφυλά-

404 5005 527 5076 χθαι
548 5005 740 5060 ἔοικεν.
777 5007 865 5060 Διὸ
907 5007 998 5059 καὶ
1030 5008 1096 5059 τὰ
1130 5005 1548 5079 σκυθρωπότερα
1587 5007 1777 5079 πρῶτα
1805 5006 1976 5059 τέθει-

400 5110 516 5150 ται·
554 5095 642 5150 ἵνα
671 5096 896 5167 δεύτερα
927 5096 995 5148 τὰ
1019 5096 1355 5168 χρηστότερα
1397 5097 1660 5167 φυλαχθῇ,
1701 5097 1970 5150 καλυπτο-

405 5186 578 5256 μὲνων
612 5189 705 5240 καὶ
723 5185 1188 5258 ἐξαφανιζομένων
1215 5186 1322 5239 τῶν
1353 5187 1630 5260 χειρόνων,
1659 5187 1746 5240 διὰ
1769 5188 1876 5239 τῶν
1913 5187 1970 5240 ὲν

400 5279 512 5340 τοῖς
558 5277 828 5347 δευτέροις
881 5279 1220 5347 κρειττόνων.
1280 5277 1439 5340 Εἰκὸς
1487 5276 1540 5330 δὲ
1585 5277 1676 5329 τὸν
1711 5277 1871 5330 Δαυῒδ
1911 5278 1972 5330 τὸ

400 5366 787 5440 πλημμεληθὲν
813 5369 961 5440 αὐτῷ
993 5369 1215 5440 ὕστερον
1247 5370 1334 5423 διὰ
1359 5368 1465 5420 τῶν
1499 5368 1776 5439 προτέρων
1809 5367 1970 5421 αὐτοῦ

396 5460 836 5534 κατορθωμάτων
866 5461 1064 5516 ἐθέλειν
1095 5461 1406 5516 καλύπτειν.
1428 5460 1583 5513 Εἴποι
1601 5461 1645 5513 δ’
1669 5459 1731 5512 ἄν
1759 5478 1862 5524 τις,
1891 5460 1972 5513 ὅτι

469 5620 519 5653 ,ιι
555 5618 699 5675 Ρεθι,
733 5636 818 5683 Vl,
859 5618 910 5670 7.
987 5617 1032 5648 “
1069 5617 1213 5672 Psal.
1248 5633 1429 5670 xxxv"
1453 5657 1466 5683 ,
1505 5619 1557 5684 5,
1598 5618 1651 5671 6ο

2075 4741 2208 4796 pore
2236 4727 2565 4796 posteriores
2585 4726 2775 4780 erant?
2806 4724 2919 4796 Ego
2943 4740 3072 4780 vero
3101 4725 3336 4778 arbitror
3357 4725 3478 4779 ideo
3499 4723 3645 4779 hunc

2076 4817 2320 4872 ordinem
2353 4827 2628 4890 sumptum
2660 4830 2806 4881 esse,
2837 4825 2897 4870 ut
2929 4830 2997 4869 ne
3027 4829 3058 4868 a
3087 4813 3554 4884 praestantioribus
3575 4816 3644 4870 ad

2079 4907 2266 4976 pejora
2322 4922 2502 4962 sermo
2533 4905 2855 4961 declinaret.
2906 4902 3040 4958 Illud
3073 4901 3216 4956 enim
3252 4920 3266 4955 :
3299 4900 3365 4954 In
3393 4903 3549 4972 ﬁnem
3580 4920 3645 4958 ne

2078 4997 2377 5067 disperdas,
2401 4998 2563 5052 etiam
2595 5011 2694 5069 pro
2719 4997 3050 5065 psalmorum
3083 4992 3275 5047 ordine
3297 4993 3641 5049 observatum

2081 5093 2318 5148 videtur.
2380 5089 2560 5159 Qitare
2589 5091 2830 5145 tristiora
2861 5087 3036 5158 primo
3065 5085 3239 5155 posita
3263 5096 3422 5150 sunt,
3454 5094 3513 5140 ut
3539 5087 3641 5140 mi-

2081 5186 2221 5239 tiora
2249 5201 2348 5255 pro
2390 5183 2647 5240 secundis
2675 5188 3042 5242 servarentur,
3082 5177 3370 5233 occultatis
3395 5184 3449 5232 et
3479 5177 3640 5232 oblit-

2079 5279 2272 5332 teratis
2303 5275 2579 5346 pejoribus
2608 5289 2704 5345 per
2733 5272 2954 5326 meliora
2992 5270 3082 5323 illa
3128 5269 3367 5326 secundo
3396 5271 3514 5324 loco
3542 5284 3640 5339 po.

2079 5371 2204 5424 sita.
2250 5368 2558 5426 Verisimile
2589 5376 2766 5422 autem
2794 5371 2877 5419 est
2903 5361 3158 5415 Davidem
3189 5361 3256 5415 ab
3284 5377 3342 5417 se
3367 5368 3638 5431 patratum

2078 5469 2266 5532 postea
2290 5460 2505 5518 facinus
2537 5475 2632 5532 per
2659 5458 2839 5531 priora
2863 5454 2953 5509 illa
2982 5452 3123 5508 bona
3149 5468 3312 5526 opera
3336 5460 3518 5526 tegere
3545 5466 3640 5506 vo-

480 5772 550 5842 (l)
591 5772 1016 5847 lta_frequenter
1057 5773 1110 5827 in
1143 5781 1243 5828 hoc
1289 5775 1684 5831 commentario
1726 5776 1979 5847 ἀποκλάο]

2079 5817 2092 5840 ,
2133 5791 2232 5846 pro
2266 5774 2632 5844 ἀποκλαίομαι
2683 5773 2904 5846 legitur,
2932 5779 2986 5828 et
3030 5769 3256 5843 quidem
3293 5770 3346 5825 in
3379 5767 3635 5828 omnibus

406 5844 828 5913 manuscriptis.
