4098 6406
468 368 574 421 4η

1151 370 1421 426 EUSEBll
1461 370 1940 427 casamcasrs
1978 370 2129 427 ore.
2163 372 2342 428 rans
2381 372 2470 429 ιιι.
2509 403 2583 416 -
2618 361 3049 437 maceries.

3608 383 3723 448 448

478 492 664 542 luisse.
716 493 903 543 Potest
936 488 1101 542 etiam
1143 490 1274 553 dici,
1307 506 1372 546 ex
1414 491 1631 546 sublimi
1667 492 1865 560 pietate
1891 490 2040 545 Davi-

2157 492 2279 545 καθ’
2307 492 2607 562 ὑπερϐολὴν
2632 492 2913 553 εὐλαϐείας
2940 490 3159 562 πρώτας
3190 496 3379 548 ἔταττε
3414 494 3512 559 Δδάς
3541 495 3736 565 ἐξομο-

479 581 594 635 dem
627 581 1008 636 confessiones
1038 596 1170 636 suas
1198 584 1406 652 primas
1427 585 1706 648 statuisse,
1728 585 1856 653 quia
1870 584 2050 653 justus

477 673 525 725 in
558 673 819 742 principio
848 674 1107 727 sermonis
1136 684 1421 728 accusator
1449 686 1525 729 est
1554 677 1638 729 sui
1653 676 1717 729 ⁸⁷.
1744 676 1879 731 Cum
1903 684 2053 730 tanta

477 780 638 834 porro
671 766 739 820 de
764 765 958 821 ordine
1004 765 1339 834 psalmorum
1375 782 1405 819 a
1432 769 1588 822 nobis
1621 769 1893 837 exquisita
1936 770 2053 822 fue-

477 857 612 920 rint,
659 857 774 926 jam
800 867 1012 927 tempus
1039 860 1215 915 estad
1239 860 1550 931 propositas
1582 874 1632 912 LI
1669 860 1864 930 psalmi
1891 876 2052 915 voces

478 951 757 1007 accedere.

545 1041 670 1097 [hee
720 1045 905 1115 itaque
954 1047 1188 1110 scribit,
1227 1062 1351 1101 cum
1388 1048 1707 1103 edidicisset
1747 1064 1868 1119 quae
1909 1047 2052 1103 Doce

475 1134 667 1206 Syrus,
688 1137 915 1190 structis
930 1146 1121 1191 contra
1142 1154 1201 1192 se
1222 1139 1536 1202 calumniis,
1552 1148 1815 1207 gesserat.
1850 1138 2051 1206 Quam-

476 1227 657 1282 obrem
697 1244 799 1283 ceu
844 1230 1024 1298 ipsum
1075 1230 1364 1299 alloquens
1393 1232 1468 1284 ait
1496 1251 1509 1285 :
1544 1232 1686 1297 Quid
1719 1232 1966 1303 gloriaris
1995 1237 2051 1286 in

475 1321 711 1386 malitia,
755 1323 846 1392 qui
876 1332 1057 1388 potens
1107 1323 1204 1376 es?
1255 1326 1369 1377 sive
1399 1325 1563 1377 etiam
1592 1325 1867 1378 diabolum
1903 1341 2051 1379 com-

474 1413 655 1483 pellat,
687 1415 782 1482 qui
813 1415 867 1468 in
898 1415 1016 1484 ipso
1051 1415 1405 1485 operabatur.
1455 1415 1575 1470 Non
1605 1418 1884 1472 nesciebat
1904 1419 2049 1475 enim

473 1504 621 1557 illum
661 1505 764 1560 sibi
802 1521 1019 1576 semper
1051 1506 1424 1561 adversarium
1457 1524 1614 1569 esse.
1641 1517 1696 1564 et
1727 1510 1949 1564 assidue
1992 1524 2051 1564 se

472 1610 808 1665 impugnare,
854 1598 1016 1651 modo
1035 1579 1140 1667 per
1166 1597 1411 1661 Sanlem,
1463 1604 1626 1654 modo
1663 1617 1760 1670 per
1787 1599 2046 1665 Doecum,

470 1698 531 1739 ac
562 1680 882 1758 plerumque
902 1690 1134 1743 aliorum
1168 1692 1498 1747 ministerio.
1551 1692 1654 1758 Qui
1687 1708 1817 1763 ergo
1851 1695 1907 1748 in
1935 1709 2050 1748 ma-

470 1777 582 1830 litia
619 1778 890 1843 infirmus,
926 1781 1200 1837 invalidus
1232 1797 1296 1836 ac
1325 1784 1521 1839 debilis
1553 1792 1673 1851 est,
1700 1802 1824 1839 cum
1860 1788 2051 1841 melio-

2153 582 2401 652 λογήσεις
2432 581 2654 634 ἑαυτοῦ·
2693 580 2924 647 Ἐπειδὴ
2954 581 3183 647 δίκαιος
3219 584 3436 640 ἑαυτοῦ
3478 588 3734 658 κατήγο-

2145 693 2255 743 ρος
2275 675 2344 727 ἐν
2366 674 2752 743 πρωτολογίᾳ.
2780 675 2938 728 Ἀλλά
2958 676 3226 728 τοσούτων
3248 678 3377 746 ἡμῖν
3399 681 3475 742 είς
3495 680 3594 753 τὴν
3611 684 3736 736 ἀποο

2151 766 2391 820 δοθεῖσαν
2433 765 2585 829 τάξιν
2628 767 3119 837 γεγυμνασμένων,
3168 768 3355 838 καιρὸς
3383 770 3485 841 ἤδη
3520 773 3612 826 καὶ
3640 773 3735 826 ἐπὶ

2151 857 2248 923 τὰς
2279 856 2647 928 προκειμένας
2678 856 2865 925 φωνὰς
2890 856 2983 909 τοῦ
3023 864 3102 910 να¹
3138 858 3446 928 παρελθεῖν.

2222 1041 2424 1114 Γράφει
2467 1042 2644 1097 τοίνυν
2678 1044 2804 1107 τοὺς
2850 1044 3241 1116 προκειμένους
3291 1047 3499 1115 λόγους,
3544 1048 3735 1120 μαθὼν

2149 1138 2308 1190 ὁποῖα
2342 1138 2665 1210 διεπράξατο
2705 1139 2862 1210 Δωὴκ
2893 1142 2921 1192 6
2964 1141 3132 1211 Σύρος
3170 1143 3226 1194 ἐν
3265 1146 3384 1206 ταῖς
3412 1147 3532 1198 κατ’
3563 1145 3731 1200 αὑτοῦ

2149 1229 2442 1294 διαϐολαῖς.
2494 1231 2586 1284 Διὸ
2631 1230 2706 1295 ὡς
2752 1231 2887 1301 πρὸς
2927 1233 3089 1285 αὑτὸν
3135 1235 3471 1288 ἀποτείνεται
3520 1237 3728 1306 λέγων’

2158 1320 2219 1373 Τί
2261 1319 2527 1391 ὲγκαυχᾷ
2565 1322 2635 1374 ἐν
2659 1323 2854 1389 κακίᾳ,
2893 1327 2926 1376 ὁ
2962 1322 3220 1390 δυνατός
3232 1342 3251 1389 ;
3283 1318 3433 1397 ῆ’ὠς
3468 1329 3603 1399 πρὸς
3641 1330 3730 1383 τὸν

2150 1416 2520 1487 ὲνεργήσαντα
2566 1416 2622 1467 ὲν
2672 1416 2820 1487 αὐτῷ
2867 1415 3126 1473 διάϐολον.
3165 1422 3238 1473 Ού
3282 1421 3390 1491 γὰρ
3419 1424 3600 1492 ἠγνόει
3642 1424 3728 1478 τὸν

2151 1508 2381 1561 πάντοτε
2429 1507 2577 1578 αύτῷ
2615 1509 3005 1580 ἀντικείμενον,
3054 1514 3147 1566 καὶ
3191 1514 3280 1567 διὰ
3323 1517 3523 1579 παντὸς
3569 1518 3728 1571 αὑτὸν

2151 1598 2508 1668 πολεμοῦντα,
2540 1599 2672 1651 ποτὲ
2704 1600 2801 1669 μὲν
2832 1600 2920 1654 διὰ
2951 1602 3044 1654 τοῦ
3071 1603 3261 1667 Σαοὺλ,
3287 1606 3402 1658 νυνὶ
3429 1606 3485 1659 δὲ
3516 1606 3603 1660 διὰ
3634 1606 3728 1663 τοὺ

2150 1692 2328 1762 Δωὴκ,
2361 1692 2453 1745 καλ⁵
2477 1692 2661 1746 ἄλλοτε
2693 1692 2864 1756 ἄλλως
2896 1692 2963 1745 δι’
2996 1694 3217 1766 ἑτέρων.
3254 1697 3310 1749 '0
3345 1697 3442 1767 μὲν
3481 1693 3573 1751 οῦν
3602 1699 3713 1752 ἀδύ-

2150 1799 2308 1845 νατος
2340 1783 2433 1836 καὶ
2458 1783 2641 1845 ἄτονος
2675 1782 2767 1835 καὶ
2804 1782 2982 1850 ὀλίγος
3026 1785 3083 1835 ἐν
3124 1783 3312 1856 κακίᾳ,
3346 1785 3726 1853 πλεονάζοντος

469 1883 553 1924 res
583 1870 637 1922 in
664 1870 784 1939 ipso
814 1886 996 1925 mores
1031 1876 1383 1942 pr.evaleant,
1436 1884 1627 1945 utpote
1660 1879 1756 1947 qui
1799 1877 1853 1931 in
1898 1879 2040 1932 mali-

2149 1876 2207 1927 ὲν
2237 1873 2385 1943 αύτῷ
2419 1874 2512 1928 τοῦ
2548 1875 2855 1945 κρείττονος
2879 1876 3103 1947 τρόπου,
3141 1876 3217 1940 ὡς
3246 1876 3310 1931 ἂν
3346 1878 3727 1952 ἀσθενέστερος

466 1961 538 2013 tia
582 1960 849 2017 infirmior
878 1964 985 2030 sit,
1029 1966 1159 2020 dum
1208 1976 1399 2036 peccat
1455 1984 1581 2024 sese
1627 1969 1961 2035 occultabit,
1992 1978 2046 2025 et

466 2062 736 2124 pungente
760 2057 1101 2112 conscientia
1131 2059 1365 2116 fortasse
1398 2062 1705 2131 resipiscct,
1735 2071 1897 2132 atque
1932 2078 2048 2116 ma-

466 2142 592 2204 litiae
632 2167 746 2206 sua:
785 2154 1088 2208 remedium
1124 2171 1220 2225 per
1248 2155 1653 2211 confessionem
1688 2172 1750 2210 ac
1776 2157 2046 2212 sinceram

469 2246 838 2313 pmnitentiam
868 2248 1221 2316 excoaitabit.
1260 2247 1366 2301 Sed
1397 2249 1490 2318 qui
1524 2255 1721 2318 potens
1754 2257 1839 2303 est
1864 2250 1917 2302 in
1943 2249 2047 2301 ini-

470 2334 705 2403 quitate,
739 2335 793 2388 in
832 2335 951 2405 ipsa
982 2338 1231 2405 superbit
1262 2347 1316 2392 et
1349 2339 1649 2409 gloriatur,
1676 2347 1730 2395 et
1758 2340 1913 2410 quasi
1938 2356 2048 2393 ma-

470 2440 573 2496 gno
608 2427 756 2481 edito
782 2425 1029 2483 facinore
1050 2444 1171 2483 sese
1204 2438 1471 2495 ostentat.
1523 2430 1602 2484 Ac
1645 2432 1859 2486 videtur
1890 2429 2043 2493 mihi,

469 2533 518 2570 in
549 2519 803 2588 praesenti
828 2535 1081 2575 sermone
1110 2521 1446 2577 contrarium
1474 2523 1711 2578 describi
1737 2538 1964 2587 morem,
1996 2524 2047 2577 ei

467 2610 553 2677 qui
588 2610 642 2663 in
673 2614 883 2679 psalmo
912 2627 942 2665 ι.
973 2612 1041 2667 de
1088 2614 1383 2670 conﬁtente
1432 2615 1779 2687 designatur.
1843 2612 1903 2669 In
1952 2615 2047 2669 illo

464 2719 697 2773 namque
745 2705 839 2774 qui
887 2705 1057 2760 semel
1106 2706 1160 2759 in
1214 2709 1479 2761 malitiam
1524 2709 1713 2779 lapsus
1767 2715 1905 2777 erat,
1941 2710 2046 2764 ali-

464 2793 680 2863 quando
716 2795 1107 2864 rcsipiscebat,
1140 2811 1204 2850 ac
1235 2812 1357 2852 sese
1406 2800 1719 2853 macerabat
1747 2799 1800 2852 in
1827 2798 2046 2855 confes-

463 2887 638 2948 sione,
692 2900 901 2955 suaque
945 2885 1097 2941 mala
1151 2886 1408 2945 deflebat.
1466 2889 1537 2942 At
1568 2891 1615 2944 ei
1644 2890 1711 2945 de
1741 2905 1850 2960 quo
1901 2909 2047 2947 nunc

462 2994 663 3041 sermo,
698 2980 752 3033 in
779 2980 986 3035 malitia
1011 2982 1228 3053 degenti
1250 2982 1457 3038 dicitur
1487 3003 1501 3039 :

533 3071 696 3127 Vens.
765 3072 876 3127 7-9.
941 3073 1010 3128 Et
1074 3076 1254 3129 eradet
1309 3085 1357 3130 te
1406 3074 1469 3130 de
1528 3076 1868 3131 tabernaculo
1932 3087 2046 3141 tuo,

463 3174 506 3218 et
538 3164 827 3218 eradicabit
884 3176 933 3220 te
964 3168 1027 3220 de
1067 3176 1210 3221 terra
1252 3169 1530 3223 viventium
1579 3171 1633 3223 in
1665 3179 1950 3233 wternum;
1990 3178 2046 3222 ut

463 3256 710 3314 videntes
756 3259 893 3327 justi
978 3276 1195 3330 semper
1243 3263 1506 3326 timeant,
1560 3264 1847 3333 ipsumque
1899 3263 2044 3317 deri-

463 3347 621 3401 deant
641 3389 654 3412 ,
692 3365 754 3402 ac
790 3351 976 3404 dicant
1008 3371 1022 3405 :
1060 3351 1195 3406 Ecce
1223 3352 1398 3416 homo,
1424 3353 1513 3423 qui
1540 3371 1643 3407 non
1672 3356 1845 3422 posuit
1876 3352 2044 3408 Deum

460 3447 700 3499 virtutem
730 3463 882 3498 suam
901 3487 917 3512 ,
968 3448 1058 3501 sed
1105 3451 1333 3516 speravit
1386 3450 1439 3501 in
1466 3447 1800 3501 multitudine
1828 3448 2045 3502 divitia-

460 3553 578 3590 rum
626 3554 869 3603 suarum,
916 3549 967 3593 et
999 3540 1279 3619 praevaluit
1329 3540 1385 3593 in
1433 3540 1740 3593 calamitate
1767 3557 1885 3595 sua.
1921 3540 2045 3595 Haec

459 3646 622 3701 porro
649 3632 808 3701 quasi
839 3632 906 3687 de
936 3631 1080 3688 Doec
1111 3632 1255 3687 dicta
1285 3643 1434 3696 sunt,
1468 3634 1560 3703 qui
1594 3649 1791 3705 genere
1823 3634 2044 3705 quidem

460 3722 634 3791 Syrus
677 3728 818 3787 erat,
850 3722 946 3777 sed
990 3723 1044 3777 in
1079 3724 1263 3779 medio
1292 3725 1509 3780 lsraclis
1544 3724 1895 3791 versabatur;
1935 3725 2043 3778 imo

458 3813 694 3869 fortasse
718 3814 865 3884 piam
891 3816 1206 3887 religionem
1242 3816 1530 3880 simulans,
1564 3831 1672 3871 una
1703 3832 1826 3870 cum
1859 3817 2044 3870 multi-

457 3905 648 3962 tudine
697 3908 754 3962 in
800 3906 1213 3962 tabernaculum
1246 3908 1339 3964 Dei
1371 3917 1739 3964 concesserat.
1805 3908 1868 3962 Et
1910 3924 2042 3965 sane

455 4000 602 4055 dicta
626 4010 757 4057 sunt
786 4001 975 4056 isthazc
1006 4001 1071 4055 ad
1117 3991 1389 4073 quemque
1416 4004 1469 4056 in
1502 4002 1710 4056 malitia
1741 4010 2037 4073 potentem,

454 4093 547 4162 qui
576 4092 758 4161 lingua
790 4106 889 4163 pro
926 4092 1108 4164 gladio
1156 4100 1340 4146 utatur
1391 4091 1457 4146 ad
1501 4092 1807 4146 animarum
1857 4092 2042 4163 perni-

454 4186 615 4250 ciem,
639 4201 800 4256 quem
830 4200 930 4240 ceu
955 4186 1246 4256 quamdam
1284 4201 1526 4238 amaram
1556 4198 1611 4239 et
1636 4186 1920 4239 exitiosam
1946 4201 2037 4238 ra-

454 4276 655 4343 dicem,
683 4278 990 4330 animarum
1026 4275 1265 4346 agricola
1296 4275 1520 4341 evellet,
1548 4275 1761 4330 etiamsi
1792 4275 2040 4329 videatur

454 4367 521 4422 ad
562 4368 724 4441 breve
760 4377 972 4437 tempus
1016 4366 1071 4419 in
1113 4367 1470 4421 tabernaculo
1503 4366 1594 4421 Dei
1621 4373 1673 4419 ct
1710 4368 1764 4420 in
1795 4364 2036 4421 Ecclesia

454 4460 629 4533 ipsius
660 4460 940 4529 plantatus
973 4456 1162 4512 fuis‘se.
1232 4457 1468 4512 Evulsus
1504 4465 1685 4511 autem
1721 4458 1844 4512 talis
1875 4458 2036 4513 homo

2153 1968 2210 2020 ὲν
2243 1967 2428 2038 κακίᾳ,
2457 1966 2820 2035 ὲγκαλύψεται
2849 1968 3196 2036 ἁμαρτάνων,
3231 1971 3321 2022 καὶ
3349 1971 3454 2023 ὑπὸ
3484 1972 3584 2042 τῆς
3613 1989 3722 2025 συνο

2151 2059 2410 2130 ειδήσεως
2463 2060 2853 2130 κεντούμενος,
2911 2063 3295 2131 μετανοήσειεν
3346 2063 3444 2127 ἂν,
3494 2066 3587 2118 καὶ
3633 2065 3725 2134 τῆς

2151 2148 2343 2203 ἑαυτοῦ
2383 2150 2578 2212 κακίας
2609 2152 2981 2222 περινοήσειεν
3014 2152 3192 2223 ἑαυτῴ
3224 2153 3513 2224 φάρμακον
3544 2154 3609 2207 δι’
3642 2154 3720 2220 ἐξ·

2152 2240 2524 2312 ομολογήσεως
2557 2242 2650 2295 καὶ
2679 2243 2999 2313 εἰλικρινοῦς
3025 2242 3311 2313 μετανοίας
3331 2262 3345 2275 ·
3370 2246 3400 2297 6
3421 2245 3478 2298 δὲ
3512 2246 3724 2299 δυνατὸς

2152 2335 2210 2386 ὲν
2238 2333 2408 2403 κακίᾳ.
2428 2333 2688 2401 τυφοῦται
2721 2335 2807 2386 ἐπ’
2833 2334 2993 2406 αὐτῇ,
3025 2337 3117 2388 καὶ
3150 2338 3506 2406 ὲγκαυχᾶται,
3537 2337 3611 2400 ὡς
3640 2340 3723 2389 ἐπῒ

2154 2426 2376 2498 μεγάλῳ
2407 2427 2790 2499 κατορθώματι
2839 2429 3255 2498 σεμνυνόμενος.
3303 2430 3411 2482 Καί
3454 2447 3543 2501 μοι
3586 2430 3737 2484 δοκεί

2150 2517 2242 2570 τὸν
2290 2518 2533 2572 ἐναντίον
2573 2519 2772 2590 τρόπον
2816 2519 3134 2590 διαγράφειν
3170 2523 3199 2573 6
3233 2520 3423 2593 παρὼν
3463 2522 3618 2591 λόγος
3651 2524 3712 2595 at}

2152 2608 2778 2682 προεξομολογησαμένῳ
2810 2611 2868 2665 ὲν
2892 2609 2971 2681 τῷ
3001 2619 3042 2664 ν’
3075 2611 3291 2683 ψαλμῷ.
3310 2613 3397 2665 Ἐν
3423 2613 3615 2684 ἐκείνῳ
3633 2616 3718 2685 μὲι

2150 2703 2259 2773 γὰρ
2301 2701 2591 2773 ὀλισθήσας
2640 2706 2697 2756 ὲν
2749 2705 2918 2775 κακία
2963 2703 3126 2768 ἅπαξ,
3167 2704 3298 2758 ποτὲ
3344 2704 3708 2775 μετεγίνωσκε

2150 2797 2244 2849 καὶ
2271 2797 2460 2849 ἑαυτὸν
2492 2796 2721 2850 ἔκοπτεν
2754 2796 3260 2868 ἐξομολογούμενος,
3303 2799 3398 2851 καὶ
3439 2798 3507 2852 τά
3541 2801 3720 2854 ἑαυτοῖ

2151 2890 2297 2939 κακὰ
2329 2885 2737 2959 ἀποκλαόμενος
2769 2887 2920 2959 (εὲε)’
2951 2889 2980 2940 6
3020 2887 3077 2940 δὲ
3117 2886 3308 2961 παρὼν
3352 2891 3409 2943 ὲν
3461 2891 3627 2963 κακίᾳ.
3655 2893 3735 2948 ὥν

2150 2994 2284 3049 φησι
2305 2995 2319 3009 ⁸

2220 3072 2331 3125 Καὶ
2399 3072 2696 3136 ἀποξύσει
2748 3087 2823 3127 σε
2889 3074 3009 3127 ἀπὸ
3048 3075 3160 3143 τῆς
3212 3076 3471 3144 σκηνῆς,
3510 3076 3607 3131 καὶ
3636 3077 3704 3130 ἐκ

2142 3162 2373 3233 ριζώσει
2400 3179 2475 3218 σε
2514 3166 2583 3219 ἐκ
2619 3164 2731 3235 γῆς
2773 3164 2999 3226 ζώντων
3028 3168 3234 3220 clausi“
3266 3169 3352 3223 ἵνα
3380 3168 3578 3221 δίκαιοι
3607 3169 3717 3239 βλὲ-

2150 3274 2343 3320 ποντες
2380 3258 2468 3311 ἀεὶ
2502 3258 2791 3327 φοϐῶνται,
2825 3259 2918 3312 καὶ
2955 3259 3326 3328 καταγελῶσιν
3351 3260 3513 3313 αὑτοῦ
3547 3260 3703 3328 λέγον

2147 3367 2264 3413 τες·
2304 3349 2448 3404 Ἰδοὺ
2501 3351 2808 3419 ἅνθρωπος
2832 3392 2847 3415 ,
2905 3352 2973 3418 ὃς
3009 3354 3082 3405 οὐ
3127 3351 3403 3420 προέθετο
3440 3352 3547 3405 τὸν
3582 3352 3713 3406 Θεὸν

2150 3443 2335 3512 ἰσχὺν
2375 3443 2592 3497 αὑτοῦ·
2643 3445 2781 3498 ἀλλ’
2830 3444 3192 3512 ἐπεποίθησε
3237 3443 3317 3509 τῷ
3364 3444 3581 3513 πλήθει
3620 3448 3726 3501 τοῦ

2147 3536 2414 3588 πλούτου
2455 3534 2661 3597 αὐτοῦ,
2698 3536 2796 3589 καὶ
2835 3536 3305 3605 ἐνισχυρεύοατο
3336 3533 3411 3603 τῇ
3451 3530 3731 3604 συμφροᾷ

2146 3625 2380 3679 ἑαυτοῦ.
2406 3626 2667 3679 Λέλεκται
2695 3626 2751 3679 δὲ
2781 3626 2952 3680 ταῦτα
2996 3627 3071 3690 ὡς
3097 3626 3233 3701 πρὸς
3266 3626 3354 3680 τὸν
3396 3627 3575 3697 Δωὴκ,
3600 3627 3734 3681 ὅντα

2148 3718 2249 3788 μὲν
2276 3717 2445 3790 Σύρον
2476 3718 2537 3770 τὸ
2560 3719 2735 3788 γένος,
2767 3719 3246 3789 ἀναστρεφόμενον
3279 3719 3335 3772 δὲ
3363 3720 3420 3771 ἐν
3456 3719 3605 3790 μέσῳ
3634 3717 3715 3771 τοί

2157 3811 2406 3883 ἰσραὴλ’
2438 3812 2531 3865 καί
2565 3829 2668 3864 που
2698 3811 2839 3883 τάχα
2886 3814 2981 3866 καὶ
3016 3812 3433 3883 παραϐάλλοντα
3473 3812 3609 3883 μετὰ
3636 3811 3716 3864 τοῖ

2144 3905 2383 3977 πλήθους
2403 3906 2480 3969 είς
2508 3905 2608 3975 τὴν
2635 3906 2840 3977 σκηνὴν
2864 3905 2957 3959 τοῦ
2989 3906 3147 3969 Θεοῦ,
3180 3905 3451 3959 θεοσεϐεῑν
3475 3922 3532 3958 τε
3563 3922 3704 3976 προσ

2142 3997 2481 4068 ποιούμενον.
2511 3997 2777 4051 Λέλεκται
2811 3997 2866 4050 δὲ
2917 3999 3011 4051 καὶ
3044 3998 3180 4069 πρὸς
3218 3998 3394 4050 πάντα
3421 3996 3511 4048 τὸν
3533 3998 3591 4048 ὲν
3625 4012 3725 4048 κα·-

2142 4092 2238 4163 κίᾳ
2276 4091 2520 4155 δυνατὸν,
2553 4093 2620 4161 τῇ
2664 4089 2884 4163 γλώσσῃ
2924 4087 3203 4160 χρώμενον
3247 4089 3366 4141 ἀντὶ
3408 4087 3594 4157 ξίφους
3632 4087 3717 4141 ετι

2140 4184 2327 4255 ψυχῶν
2356 4184 2620 4256 ἀπωλείᾳ,
2652 4183 2839 4253 ὥσπερ
2871 4182 2993 4235 τινά
3035 4182 3237 4252 πικρὰν
3266 4183 3362 4234 καὶ
3390 4181 3724 4253 λυμαντικὴν

2142 4279 2317 4351 ῥίζαν,
2348 4281 2375 4332 6
2407 4278 2515 4331 τῶν
2542 4276 2729 4348 ψυχῶν
2756 4274 2997 4344 γεωργὸς
3037 4273 3265 4337 ἐκτῖλαι,
3293 4274 3395 4329 κᾶν
3428 4274 3556 4345 δοκῇ
3590 4276 3724 4346 πρὸς

2142 4371 2347 4444 βραχύν
2376 4388 2495 4425 τινα
2528 4371 2714 4442 χρόνον
2757 4370 2813 4421 ὲν
2854 4366 2931 4438 τῷ
2962 4365 3281 4438 σκηνώματι
3323 4365 3417 4419 τοῦ
3459 4365 3594 4425 Θεοῦ
3633 4364 3725 4419 καὶ

2140 4469 2198 4521 ὲν
2228 4469 2294 4538 τῇ
2337 4465 2629 4537 Ἐκκλησία
2655 4461 2818 4517 αὑτοῦ
2861 4459 3251 4531 πεφυτεῦσθαι.
3293 4458 3569 4520 Ἐκταλεὶς
3603 4457 3710 4530 (sic'

454 4570 518 4609 ac
550 4553 743 4624 procul
774 4551 1125 4606 tabernaculo
1177 4557 1491 4605 sanctorum
1525 4550 1753 4618 ejectus,
1787 4550 1843 4604 in
1871 4551 2036 4605 mise-

2144 4555 2193 4608 δὲ
2219 4557 2247 4609 6
2277 4554 2516 4618 τοιοῦτος
2545 4555 2637 4607 καὶ
2675 4551 2888 4624 μακρὰν
2922 4551 3249 4624 ἀπορριφεὶς
3275 4549 3370 4603 τοῦ
3410 4548 3517 4602 τῶν
3552 4550 3707 4618 ἁγίω-

455 4650 626 4703 rabile
652 4645 1019 4718 spectaculum
1050 4651 1282 4714 ponetur
1304 4643 1372 4697 ad
1404 4645 1691 4697 utilitatem
1720 4654 1773 4698 et
1801 4646 2033 4713 castiga-

455 4743 661 4798 tionem
688 4739 986 4796 videntium
1038 4755 1051 4791 :
1109 4737 1202 4808 qui
1241 4737 1480 4792 terribile
1509 4736 1600 4792 Dei
1632 4737 1895 4792 adversus
1924 4737 2028 4790 liu-

455 4834 692 4904 jusmodi
737 4833 1012 4888 hominem
1041 4830 1308 4901 judicium
1336 4830 1511 4885 oculis
1548 4829 1911 4901 percipientes
1931 4871 1946 4895 ,
1977 4830 2030 4885 id

454 4926 753 4987 curabunt,
790 4926 840 4980 id
891 4924 1184 4987 cavebunt,
1222 4931 1282 4978 ut
1324 4938 1390 4977 ne
1439 4923 1496 4976 in
1550 4923 1703 4993 paria
1758 4922 2026 4978 incidant.

455 5015 660 5072 Deinde
696 5015 976 5085 pristinam
1008 5016 1244 5085 potentis
1283 5015 1337 5069 in
1379 5017 1582 5071 malitia
1615 5021 2018 5090 arrogantiam,

454 5110 839 5168 sublimitatem
889 5117 941 5162 et
995 5109 1303 5178 superbiam
1364 5112 1626 5166 memoria
1681 5121 2017 5182 repetentes,

450 5212 616 5275 atque
659 5202 999 5259 adverteritis
1030 5218 1173 5267 eam,
1208 5219 1328 5274 qua:
1368 5216 1552 5274 postea
1595 5206 1768 5275 ipsum
1799 5206 2015 5269 invasit,

452 5294 812 5366 abjectionem
840 5309 904 5347 ac
928 5297 1243 5363 perniciem,
1262 5294 1370 5349 risu
1397 5296 1619 5366 dignum
1646 5296 2017 5363 aestimabunt,

450 5390 864 5444 considerantes
886 5404 951 5443 ex
977 5387 1232 5458 qualibus
1262 5387 1317 5441 in
1342 5388 1524 5457 qualia
1553 5388 1851 5456 deciderit;
1878 5388 2029 5457 judi-

452 5481 597 5536 cium
632 5481 726 5537 Dei
772 5482 1115 5551 probabunt,
1150 5481 1472 5551 justumqne
1521 5498 1644 5537 esse
1690 5481 2025 5538 fatebuntur.

408 5589 418 5597 ’
454 5571 570 5625 Sub
592 5572 705 5626 haec
736 5572 1105 5627 calamitatum
1131 5574 1283 5643 impii
1329 5589 1527 5630 causas
1567 5574 1907 5644 expendent,
1945 5591 2027 5630 re-

449 5674 600 5721 ctum
653 5680 776 5721 esse
814 5665 1080 5735 judicium
1138 5665 1235 5722 Dei
1274 5668 1653 5737 praedicantes.
1699 5667 2027 5739 Oportuerat

523 5841 569 5875 "
608 5840 768 5898 Prov.
810 5859 943 5898 svnt
968 5884 983 5911 ,
1020 5843 1109 5898 l7.

2140 4645 2529 4719 σκηνώματος,
2581 4646 2757 4717 θέαμα
2808 4644 3050 4698 κείσεται
3098 4642 3314 4715 οἰκτρὸν
3366 4641 3451 4696 ἐπ’
3492 4641 3726 4710 ὠφελείᾳ

2136 4742 2232 4794 καὶ
2264 4738 2625 4810 σωφρονισμῷ
2654 4739 2760 4793 τῶν
2793 4737 3062 4809 ὁρώντων,
3090 4737 3159 4800 οἳ,
3195 4735 3292 4807 τὴν
3324 4735 3596 4805 ἀπότομον
3628 4735 3707 4786 τοῑ

2136 4831 2272 4885 Θεοῦ
2300 4830 2440 4885 κατὰ
2470 4831 2564 4884 τοῦ
2594 4832 2832 4885 τοιούτου
2863 4829 3041 4901 κρίσιν
3068 4826 3363 4898 ὀφθαλμοῖς
3390 4824 3729 4897 παραλαϐόν-

2134 4943 2225 4989 τες
2245 4966 2260 4989 ,
2300 4924 2661 4993 ἀγωνιάσουσι
2718 4923 2811 4976 καὶ
2855 4922 3177 4991 φυλάξονται
3226 4920 3299 4992 μὴ
3354 4921 3467 4981 τοῖς
3516 4917 3708 4989 ὁμοίοις

2135 5021 2472 5090 περιπεσεῖν.
2516 5013 2650 5070 Εἶτα
2689 5016 3050 5087 ἀναφέροντες
3077 5016 3142 5085 τῇ
3177 5012 3363 5084 μνήμῃ
3396 5012 3494 5081 τὴν
3524 5008 3690 5082 προτέ

2136 5128 2237 5183 ραν
2284 5109 2377 5164 τοῦ
2420 5109 2644 5163 δυνατοῦ
2684 5112 2742 5163 ὲν
2777 5107 2943 5180 κακίᾳ
2976 5106 3368 5178 μεγαλαυχίαν,
3394 5105 3455 5157 τό
3494 5121 3555 5157 τε
3588 5102 3709 5173 ὕψος

2135 5206 2230 5263 καὶ
2259 5206 2358 5278 τὴν
2387 5203 2764 5276 ὑπερηφανίαν
2790 5198 2978 5262 αὑτοῦ,
3004 5199 3235 5271 ὁρῶντες
3257 5198 3313 5252 δὲ
3345 5197 3439 5250 καὶ
3458 5196 3557 5267 τὴν
3583 5212 3682 5267 μετ
3704 5215 3727 5249 x

2134 5297 2307 5351 ταῦτα
2348 5293 2711 5368 μετελθοῦσαν
2752 5292 2915 5347 αὐτὸν
2953 5290 3280 5344 ταπείνωσίν
3322 5305 3381 5341 τε
3430 5290 3523 5342 καὶ
3568 5285 3706 5340 amb

2130 5391 2299 5455 λειαν,
2345 5388 2748 5457 καταγέλαστον
2794 5386 2953 5437 αὐτὸν
3004 5385 3321 5455 ἡγήσονται,
3357 5381 3415 5447 ἐξ
3463 5381 3590 5433 οἵων
3640 5382 3729 5432 ei:

2127 5477 2213 5535 οἷα
2251 5480 2645 5552 μεταπέπτωκε
2672 5477 2963 5545 θεωμενοι·
2992 5472 3340 5538 ἀποδέξονται
3374 5470 3431 5523 δὲ
3462 5467 3556 5520 τοῦ
3582 5466 3718 5519 Θεοί

2125 5577 2225 5646 τὴν
2256 5574 2456 5646 κρίσιν,
2486 5571 2702 5626 δικαίαν
2750 5568 2922 5639 αὐτὴν
2960 5562 3098 5619 εἶναι
3141 5562 3544 5636 ὁμολογοῦντες.
3584 5555 3717 5617 Εἷτί

2127 5669 2220 5720 καὶ
2251 5668 2353 5731 τὰς
2383 5667 2562 5728 αἰτίας
2598 5662 2981 5726 διελεύσονται,
3016 5660 3082 5715 δι’
3126 5659 3191 5721 ἃς
3227 5656 3401 5711 ταῦτα
3448 5652 3701 5707 πέπονθε⁸
