4098 6420
392 386 503 441 449

1511 382 2013 439 COMMENTARIA
2050 382 2117 437 IN
2160 380 2507 438 PSALMOS.

3540 378 3651 433 £50

389 503 419 554 ὁ
450 498 670 571 ἀσεϐὴς,
698 498 1027 562 δικαιοῦντες
1056 497 1154 568 τὴν
1182 497 1276 553 τοῦ
1309 496 1445 552 Θεοῦ
1479 499 1677 570 κρίσιν.
1704 498 1833 552 Δέον
1856 498 1960 571 γὰρ

2067 496 2211 550 enim
2254 512 2363 550 non
2411 503 2521 550 tam
2565 494 2743 551 efferri
2789 496 2857 551 de
2883 496 3120 559 divitiis,
3155 508 3255 550 nec
3302 491 3372 548 de
3406 500 3648 549 vanitate

393 589 468 662 μὴ
498 590 587 641 ἐπὶ
619 588 830 659 πλούτῳ
856 588 997 658 μέγα
1019 591 1252 659 φρονεῖν,
1281 588 1400 660 μηδ’
1425 588 1518 642 ἐ.πί
1541 591 1608 659 τῇ
1648 587 1967 660 ματαιότητι

387 680 482 734 τοῦ
517 680 778 751 παρόντος
814 679 929 750 βίου
976 679 1293 751 ἐπαίρεσθαι
1317 720 1331 743 ,
1390 680 1553 750 μόνον
1596 680 1652 732 δὲ
1700 679 1790 732 τὸν
1836 678 1968 732 Θεὸν

385 771 577 825 ἐλπίδα
601 750 702 825 καὶ
728 770 920 844 βοηθὸν
950 750 1113 825 αὑτοῦ
1152 771 1414 833 τίθεσθαι,
1447 774 1542 825 καὶ
1564 770 1657 824 ἐπὶ
1690 770 1861 844 ταύτῃ
1893 770 1966 841 μὴ

390 863 633 918 σαλεύειν
668 867 734 935 τῇ
768 863 976 916 ἐλπίδι·
1022 865 1050 916 ό
1093 862 1149 916 δὲ
1198 864 1296 933 τὴν
1332 864 1429 935 μὲν
1467 863 1675 934 ἀγαθὴν
1722 863 1967 934 ἄγκυραν

391 956 490 1025 τῆς
540 953 732 1008 ἑαυτοῦ
788 954 964 1025 ψυχῆς
1014 954 1434 1018 καταλέλοιπεν,
1491 955 1586 1006 ἐπὶ
1644 953 1856 1025 ματαίῳ
1910 953 1967 1006 δὲ

393 1046 601 1117 πλούτῳ
660 1046 760 1109 τὰς
818 1045 1037 1109 ἐλπίδας
1102 1046 1409 1116 ἀναρτήσας
1433 1086 1446 1110 ,
1497 1043 1686 1096 ἑαυτὸν
1742 1041 1963 1106 ἔπαιξε,

391 1138 548 1192 πλέον
592 1139 808 1209 ούδὲνῆ
854 1139 1065 1208 γέλωτα
1113 1137 1354 1207 ὀφλήσας
1398 1137 1490 1189 ἐπὶ
1530 1137 1595 1207 τῇ
1651 1134 1815 1189 αὑτοῦ
1861 1152 1966 1206 μα-

388 1231 518 1303 ταίᾳ
543 1232 637 1284 καὶ
664 1230 857 1302 ἄφρονι
894 1230 1250 1302 μεγαλαυχίᾳ.

470 1323 612 1395 Ἐγὼ
649 1322 737 1385 δὲ,
779 1323 922 1377 ὡσεὶ
967 1323 1142 1377 ἐλαία
1181 1322 1561 1390 κατάκαρπος
1598 1321 1668 1375 ἐν
1702 1317 1781 1386 τῷ
1823 1319 1967 1384 οἴκῳ

380 1416 497 1469 τοῦ
527 1415 694 1480 Θεοῦ,
726 1414 960 1483 ἤλπισα
986 1414 1085 1468 ἐπὶ
1115 1414 1183 1469 τὸ
1216 1415 1386 1481 ἕλεος
1421 1413 1527 1467 τοῦ
1566 1411 1713 1467 Θεοῦ
1751 1414 1839 1477 εἰς
1859 1410 1967 1465 τὸν

380 1503 589 1568 αἰῶνα,
629 1504 725 1558 καί
761 1507 848 1571 εἰς
890 1503 997 1558 τὸν
1048 1503 1233 1559 αἰῶνα
1277 1504 1383 1558 τοῦ
1417 1503 1651 1570 αἰῶνος.
1686 1504 1746 1556 '0
1780 1503 1878 1574 μὲν
1907 1504 1965 1555 ὲν

387 1595 555 1667 κακίᾳ
589 1596 810 1659 δυνατὸς
853 1594 1037 1650 ὁποίου
1085 1595 1274 1660 τέλους
1308 1595 1577 1660 τεύξεται,
1616 1594 1705 1649 διά
1736 1594 1844 1648 τῶν
1884 1597 1965 1647 εί-

387 1688 639 1760 ρημὲνων
699 1686 1111 1760 μεμαθήκαμεν.
1173 1682 1319 1756 Ἐγὼ
1358 1687 1439 1751 δὲ,
1490 1687 1653 1759 φησὶν
1699 1689 1728 1741 ὁ
1781 1685 1961 1752 Δαυῒδ,

382 1778 558 1833 ταῦτα
600 1778 908 1843 παιδευθεὶς
944 1780 1080 1853 πρὸς
1124 1778 1216 1834 τοῦ
1259 1780 1416 1848 ἁγίου
1460 1779 1795 1850 Πνεύματος,
1838 1778 1961 1833 οὔτε

2069 589 2194 643 vita:
2223 588 2506 657 praesentis
2538 589 2759 655 extolli;
2787 588 2881 643 sed
2912 603 3080 642 unum
3109 585 3277 640 Deum
3320 585 3377 638 in
3411 599 3559 654 spem
3591 593 3650 639 et

2068 680 2328 735 auxilium
2385 681 2490 736 sibi
2533 696 2765 750 ponere,
2824 689 2986 749 atque
3028 679 3084 733 in
3132 678 3226 732 tali
3273 692 3370 747 spe
3399 692 3510 731 non
3539 675 3646 730 flu-

2068 783 2277 829 ctuare.
2321 774 2413 828 llle
2440 789 2571 827 vero
2601 774 2742 827 bona
2766 774 2961 826 anima:
2990 785 3103 826 sua:
3122 769 3365 823 anchora
3392 767 3644 831 dimissa,
3728 794 3749 813 ο

2068 874 2229 935 atque
2274 866 2327 919 in
2368 865 2574 920 divitiis
2602 864 2859 917 inanibus
2890 877 2985 932 spe
3020 861 3283 930 reposita,
3316 858 3423 915 sibi
3448 857 3551 926 ipsi
3579 856 3646 910 il-

2068 957 2225 1023 lusit;
2270 958 2519 1027 nihilque
2563 956 2711 1009 aliud
2759 956 2827 1009 de
2870 969 3008 1008 vana
3050 954 3143 1007 illa
3179 961 3233 1007 et
3268 952 3461 1005 insana
3491 959 3645 1003 arro-

2064 1051 2249 1121 gantia
2282 1050 2485 1116 retulit,
2515 1065 2677 1119 quam
2706 1047 2852 1118 quod
2882 1062 2942 1102 se
2971 1045 3259 1100 ridiculum
3287 1043 3571 1114 praeberet.

2134 1325 2303 1380 Vens.
2350 1322 2438 1378 lO.
2496 1320 2609 1391 Ego
2663 1328 2838 1373 autem
2886 1319 3021 1372 sicut
3069 1316 3208 1371 oliva
3255 1314 3537 1384 fructifera
3589 1312 3648 1368 in

2063 1418 2220 1471 domo
2252 1416 2379 1479 Dei,
2432 1414 2637 1484 speravi
2682 1413 2734 1465 in
2782 1409 3149 1464 misericordia
3178 1407 3275 1462 Dei
3303 1409 3359 1460 in
3390 1417 3647 1462 retentum

2063 1519 2112 1564 et
2141 1511 2193 1563 in
2225 1508 2478 1563 swculum
2507 1505 2709 1560 swculi.
2763 1501 2867 1569 Qui
2896 1503 3020 1557 finis
3058 1501 3274 1555 futurus
3299 1500 3373 1553 sit
3403 1499 3525 1567 ejus
3547 1497 3645 1569 qui

2065 1608 2259 1671 potens
2292 1605 2377 1653 est
2414 1598 2468 1650 in
2513 1596 2823 1665 iniquitate,
2865 1609 2929 1647 ex
2959 1592 3072 1660 jam
3098 1590 3261 1645 dictis
3293 1589 3643 1644 edidicimus.

2064 1692 2176 1763 Ego
2202 1702 2402 1754 autem,
2420 1690 2497 1743 ait
2528 1687 2715 1749 David,
2742 1686 2827 1740 bis
2850 1684 3101 1739 eruditus
3137 1698 3166 1737 a
3191 1680 3398 1752 Spiritu
3430 1687 3643 1743 sancto,

2062 1799 2241 1854 neque
2288 1782 2357 1837 de
2401 1779 2750 1835 multitudine
2790 1786 3268 1845 temporanearum
3306 1773 3645 1836 divitiarum,

386 1871 478 1923 ἐπὶ
525 1869 717 1940 πλήθει
766 1869 994 1923 πλούτου
1055 1870 1391 1942 προσκαίρου
1450 1869 1748 1942 ὲπαρθείην
1800 1869 1960 1935 ποτὲ,

2069 1890 2245 1945 neque
2288 1874 2356 1929 de
2402 1873 2644 1926 vanitate
2691 1870 2939 1936 mortalis
2986 1868 3112 1922 vitae
3167 1882 3407 1936 unquam
3472 1864 3648 1921 extol-

384 1960 506 2015 οὔτε
554 1962 648 2015 ἐπὶ
699 1962 1015 2033 ματαιότητι
1059 1961 1152 2015 τοῦ
1202 1958 1396 2032 θνητοῦ
1446 1961 1593 2032 βίου·
1630 1963 1965 2029 Ματαιότης

385 2055 494 2125 γὰρ
543 2054 985 2123 ματαιοτήτων,
1033 2055 1106 2109 τὰ
1154 2055 1349 2109 πάντα
1401 2056 1744 2125 ματαιότης.
1807 2054 1965 2107 Ἀλλά

386 2147 479 2200 καὶ
537 2147 752 2216 φεύγων
803 2149 903 2220 τὴν
935 2148 1055 2202 ὁδὸν
1096 2146 1189 2202 τοῦ
1246 2147 1472 2202 δυνατοῦ
1528 2148 1587 2200 ὲν
1617 2147 1805 2218 κακίᾳ,
1864 2149 1964 2218 τὴν

386 2236 621 2307 ἐμαυτοῦ
674 2237 916 2307 γλῶτταν
972 2241 1066 2293 καὶ
1127 2239 1196 2293 τὰ
1249 2241 1470 2311 ῥήματα
1532 2239 1632 2293 οὐκ
1684 2240 1765 2302 είς
1814 2239 1965 2291 ἀπώ-

383 2330 532 2386 λειαν
558 2331 757 2402 ἐτέρων
810 2333 1160 2404 ἀκονήσαιμι,
1184 2331 1299 2386 ἀλλ’
1350 2333 1438 2385 ἐπ’
1465 2332 1701 2404 ὠφελείᾳ
1753 2330 1961 2402 ψυχῶν,

384 2425 478 2478 καὶ
509 2426 587 2488 είς
608 2425 881 2479 διακονίαν
909 2425 1191 2497 σωτηρίων
1226 2425 1419 2494 λόγων.
1472 2426 1581 2479 Καὶ
1600 2429 1719 2487 ταῖς
1749 2426 1964 2489 λοιπαῖς

381 2516 439 2570 δὲ
468 2516 728 2588 πράξεσιν
760 2516 933 2581 οὕτως
965 2517 1031 2572 ἂν
1059 2518 1317 2589 γενοίμην
1355 2517 1587 2588 εὐθαλὴς
1639 2518 1732 2571 καὶ
1759 2516 1963 2588 εὔκαρ-

383 2624 504 2674 πος,
553 2609 628 2672 ὡς
676 2609 1118 2682 παραδάλλεσθαί
1181 2628 1281 2682 μου
1342 2610 1439 2681 τὴν
1491 2609 1666 2680 ψυχὴν
1726 2608 1969 2662 ἀειθαλεῖ

399 2702 482 2755 ταὶ
517 2701 851 2771 πολυκάρπῳ
883 2701 1034 2771 φυτῷ
1090 2703 1147 2754 ὲν
1186 2703 1319 2772 οἴκῳ
1366 2702 1501 2755 Θεοῦ
1547 2701 1959 2771 πεφυτευμένῳ.

383 2792 475 2845 Διό
509 2808 669 2862 φημι·
712 2791 860 2860 Ἐγὼ
885 2791 954 2844 δὲ
984 2791 1127 2845 ὡσεὶ
1149 2792 1322 2845 ἐλαία
1368 2791 1744 2859 κατάκαρπος
1771 2792 1842 2845 ἐν
1883 2792 1964 2858 τῷ

381 2884 529 2946 οἴκῳ
554 2883 661 2936 τοῦ
688 2882 856 2936 Θεοῦ·
889 2884 922 2954 ἢ
950 2884 1089 2937 κατὰ
1107 2884 1198 2937 τὸν
1223 2883 1535 2955 Σύμμαχον·
1570 2883 1711 2952 Ἐγὼ
1731 2883 1800 2936 δὲ
1820 2884 1966 2938 ὡσεὶ

383 2973 559 3027 ἐλαία
578 2971 842 3039 εὐθαλὴς
879 2973 949 3025 ἐν
975 2971 1056 3036 τῷ
1088 2974 1232 3036 οἴκῳ
1292 2974 1401 3028 τοῦ
1451 2973 1620 3027 Θεοῦ.
1675 2975 1811 3028 Οὐδὲ
1854 2976 1963 3048 γάρ

386 3061 645 3116 ἀπένευον
675 3062 768 3115 τοῦ
795 3062 945 3117 οίκου
997 3063 1092 3117 τοῦ
1151 3063 1306 3118 Θεοῦ·
1369 3064 1484 3119 ἀλλ’
1531 3065 1680 3119 ἔνδον
1721 3068 1780 3119 ὲν
1812 3066 1964 3138 αύτῷ

383 3154 573 3227 ὥσπερ
596 3161 653 3211 ὲν
680 3157 933 3228 γεωργίῳ
959 3156 1093 3210 Θεοῦ
1130 3157 1558 3226 πεφυτευμένης,
1590 3158 1685 3210 καὶ
1731 3156 1841 3211 τῶν
1869 3176 1965 3212 να-

2067 1968 2144 2021 lar
2202 1983 2216 1997 ·
2272 1979 2397 2019 nam
2452 1964 2661 2017 vanitas
2710 1962 3042 2023 vanitatum,
3098 1959 3276 2013 omnia
3319 1958 3529 2012 vanitas
3577 1956 3645 2008 “.

2068 2058 2180 2111 lmo
2207 2071 2337 2111 vero
2389 2059 2531 2109 viam
2567 2055 2803 2125 potentis
2854 2054 2905 2106 in
2957 2053 3239 2122 iniquitate
3271 2050 3508 2121 fugiens,
3542 2049 3648 2103 lin-

2065 2167 2225 2224 gnam
2251 2157 2304 2206 et
2330 2151 2494 2205 verba
2526 2166 2644 2203 mea
2676 2164 2785 2203 non
2837 2149 2889 2200 in
2938 2146 3233 2216 perniciem
3287 2145 3519 2198 aliorum
3552 2156 3649 2198 ex-

2024 2258 2033 2267 '
2066 2259 2293 2309 acuant;
2330 2242 2424 2297 sed
2459 2243 2522 2296 ad
2555 2243 2840 2296 utilitatem
2877 2240 3181 2293 animarum
3212 2245 3264 2290 et
3295 2238 3363 2290 ad
3400 2236 3649 2290 ministe-

2065 2336 2205 2387 rium
2236 2334 2494 2389 salutaris
2520 2331 2817 2386 sermonis.
2841 2328 2907 2381 Et
2941 2329 2996 2381 in
3021 2328 3247 2397 reliquis
3279 2326 3537 2396 operibus
3568 2324 3649 2379 sic

2066 2427 2268 2481 virens.
2323 2425 2404 2478 sic
2436 2422 2685 2477 fructifei'
2716 2420 2964 2481 evadant,
3013 2425 3071 2470 ut
3096 2418 3277 2471 anima
3311 2431 3429 2470 mea
3465 2414 3649 2470 arbori

2064 2533 2277 2586 semper
2319 2517 2516 2571 virenti
2557 2530 2620 2568 ac
2667 2511 2966 2567 fructifera:
2991 2511 3044 2564 in
3079 2510 3243 2565 domo
3274 2508 3365 2562 Dei
3399 2509 3650 2577 plantata'

2063 2619 2434 2679 comparetur.
2502 2606 2866 2673 Quamobrem
2919 2604 3043 2657 dico
3093 2620 3106 2655 :
3158 2601 3269 2670 Ego
3306 2611 3482 2655 autem
3514 2604 3649 2654 sicut

2062 2702 2205 2755 oliva
2235 2700 2517 2770 fructifera
2553 2700 2605 2752 iu
2634 2698 2790 2750 domo
2820 2695 2953 2758 Dei;
2988 2693 3125 2756 sive,
3153 2693 3453 2747 secundum
3488 2691 3649 2762 Sym-

2064 2794 2344 2856 machum,
2373 2792 2489 2863 Ego
2523 2800 2699 2844 autem
2723 2791 2862 2842 sicut
2889 2787 3030 2841 oliva
3056 2786 3226 2839 virens
3254 2786 3311 2838 in
3344 2785 3499 2838 domo
3535 2786 3647 2841 Dei.

2062 2885 2250 2956 Neque
2281 2885 2426 2939 enim
2469 2883 2690 2937 domum
2734 2880 2828 2936 Dei
2874 2879 3222 2945 abnuebam;
3269 2877 3362 2931 sed
3412 2876 3561 2931 intus
3595 2879 3648 2931 in

2064 2979 2183 3048 ipsa
2212 2978 2373 3048 quasi
2409 2976 2467 3030 in
2498 2990 2628 3046 agro
2654 2972 2748 3028 Dei
2776 2974 3073 3042 plantatus,
3128 2975 3181 3023 et
3227 2968 3363 3023 rivis
3395 2969 3565 3024 fontis
3594 2971 3648 3024 in

2062 3069 2228 3124 domo
2251 3067 2347 3122 Dei
2385 3064 2742 3123 scaturientis
2794 3063 3005 3126 fruens,
3050 3052 3299 3117 fructifer
3340 3077 3404 3116 ac
3437 3076 3648 3130 semper

2062 3159 2253 3214 virens
2275 3158 2448 3220 evasi,
2472 3157 2726 3226 exemplo
2756 3154 2972 3209 arboris
2999 3154 3176 3217 olivae,
3202 3168 3325 3223 quae
3351 3154 3493 3208 inter
3512 3168 3648 3207 scm-

387 3246 571 3315 μάτων
597 3248 696 3319 τῆς
731 3250 789 3301 ὲν
817 3246 897 3318 τῷ
932 3248 1066 3319 οἴκῳ
1116 3247 1209 3301 τοῦ
1254 3247 1389 3307 Θεοῦ
1418 3249 1602 3319 πηγῆς
1648 3250 1957 3316 ἀπολαύων,

2066 3267 2163 3322 per
2181 3252 2421 3306 virentes
2447 3256 2867 3304 annumeratur.
2894 3247 3168 3302 Observes
3199 3248 3359 3302 velim
3390 3246 3649 3307 Davidcm

384 3339 732 3412 πολύκαρπος
760 3340 1019 3412 ἐγινόμην
1055 3340 1148 3393 καί
1200 3340 1477 3412 ἀειθαλὴς,
1512 3341 1656 3395 κατὰ
1681 3342 1743 3395 τὸ
1782 3344 1961 3412 παρά-

374 3433 579 3503 δειγμα
594 3432 689 3487 τοῦ
715 3433 815 3505 τῆς
836 3433 1024 3497 ἐλαίας
1055 3433 1248 3503 φυτοῦ,
1279 3435 1416 3506 ὅπερ
1455 3437 1514 3489 ὲν
1544 3438 1657 3500 τοῖς
1684 3435 1959 3491 ἀειθαλέσι

384 3524 766 3596 παρείληπται.
814 3525 981 3596 Τήρει
1012 3525 1088 3589 δὲ,
1148 3526 1229 3579 ὅτι
1280 3527 1452 3580 ταῦτα
1497 3526 1670 3595 λέγων
1710 3528 1740 3580 ὁ
1772 3525 1954 3590 Δαυῒδ,

380 3613 506 3668 οὔτε
550 3616 644 3669 ἐπὶ
693 3616 794 3686 τῆς
836 3616 1188 3689 Ἰερουσαλὴμ
1219 3616 1545 3687 ἐτύγχανεν,
1602 3618 1668 3688 ἢν
1711 3616 1958 3688 ἐνόμιζον

382 3703 522 3763 εἶναι
564 3708 833 3762 Ἰουδαίων
882 3708 1066 3772 παῖδες
1119 3705 1265 3763 οἷκον
1328 3710 1420 3763 τοῦ
1466 3709 1622 3763 Θεοῦ·
1674 3710 1800 3764 οὔτε
1848 3711 1958 3781 γὰρ

379 3800 712 3872 ᾠκοδόμητο·
748 3800 861 3853 ἀλλ’
893 3800 1014 3853 οὐδὲ
1060 3802 1119 3853 ὲν
1150 3802 1215 3872 τῇ
1246 3802 1416 3871 σκηνῇ
1444 3803 1510 3873 τῇ
1546 3802 1651 3854 ὑπὸ
1682 3801 1958 3865 Μωῦσέως

382 3890 880 3965 κατεσκευασμένῃ,
921 3890 1089 3944 εἰσέτι
1126 3890 1249 3944 τότε
1297 3891 1453 3961 παρά
1502 3892 1772 3956 Ἰουδαίοις
1797 3891 1953 3965 οὔσῃ.

382 3983 601 4054 Φεύγων
627 3984 734 4055 γὰρ
768 3984 858 4037 τὸν
894 3982 1064 4036 Σαοὺλ
1106 3983 1233 4054 παρ’
1279 3983 1482 4053 ἑτέροις
1525 3982 1625 4046 τὰς
1674 3983 1958 4055 διατριϐὰς

387 4080 639 4132 ἐποιεῖτο·
663 4077 813 4146 ὅμως
838 4075 880 4128 δ’
902 4069 996 4128 οῦν
1026 4075 1128 4128 οὐκ
1158 4073 1342 4144 ἠγνόει
1387 4073 1578 4128 ἑαυτὸν
1610 4077 1668 4128 ὲν
1717 4074 1795 4146 τῷ
1824 4074 1959 4145 οἴκῳ

381 4167 478 4221 τοῦ
503 4166 638 4220 Θεοῦ
673 4165 1093 4237 πεφυτευμένον·
1131 4160 1277 4219 οἷκον
1301 4163 1436 4218 Θεοῦ
1461 4165 1597 4219 νοῶν
1622 4166 1685 4219 τὸ
1709 4165 1958 4230 θεοσεδὲς

386 4259 704 4331 πολίτευμα.
722 4258 831 4313 Καὶ
859 4257 1154 4330 ἐπειδήπερ
1182 4258 1557 4330 κατάκαρπος,
1582 4258 1702 4312 οὐδὲ
1727 4259 1958 4330 πικροὺς

382 4352 565 4420 φέρων
586 4352 850 4423 καρποὺς,
885 4351 1100 4420 γλυκεῖς
1136 4350 1194 4404 δὲ
1223 4349 1319 4404 καὶ
1351 4350 1549 4422 πολλῆς
1573 4351 1841 4422 γέμοντας
1870 4368 1958 4419 φι-

384 4444 750 4517 λανθρωπίας,
785 4444 1009 4507 εἰκότως
1029 4442 1212 4509 ὲλαίας
1236 4444 1389 4517 φυτῷ
1414 4444 1758 4516 κατακάρπῳ
1809 4459 1956 4515 παρ-

384 4535 659 4601 εϐάλλετο,
688 4535 780 4590 τὸν
811 4538 892 4600 εἰς
920 4535 1048 4598 τοὺς
1079 4534 1248 4599 πέλας
1283 4535 1430 4590 ἔλεον
1457 4536 1830 4607 σημαίνοντος,
1864 4537 1958 4590 καὶ

2067 3344 2182 3399 haec
2221 3344 2495 3399 dicentem
2526 3357 2637 3396 non
2673 3339 2846 3396 fuisse
2894 3340 2950 3394 in
2991 3337 3318 3404 Jerusalem,
3357 3354 3521 3410 quam
3551 3339 3652 3393 do-

2066 3451 2215 3489 mum
2242 3434 2337 3489 Dei
2368 3450 2491 3489 esse
2529 3434 2944 3490 arbitrabantur
2987 3430 3163 3487 Judaei
3182 3450 3197 3498 ;
3230 3433 3473 3488 nondum
3503 3431 3648 3485 enim

2065 3527 2332 3583 aedificata
2362 3526 2568 3590 fuerat;
2604 3527 2700 3582 sed
2736 3542 2913 3596 neque
2944 3526 2999 3581 in
3033 3525 3437 3581 tabernaculoa
3465 3521 3649 3593 Moyse

2066 3623 2301 3679 structo,
2331 3615 2478 3685 quod
2510 3614 2689 3670 adhuc
2719 3630 2889 3685 penes
2915 3614 3135 3672 Iudaeos
3164 3621 3303 3670 erat.
3333 3612 3468 3668 Cum
3502 3614 3648 3668 enim

2067 3710 2280 3781 fugeret
2327 3726 2357 3763 a
2386 3711 2572 3774 Saule,
2623 3712 2766 3781 apud
2810 3712 2951 3766 alios
2988 3712 3346 3766 morabatur:
3381 3716 3435 3764 et
3466 3716 3649 3765 tamen

2068 3818 2175 3856 non
2212 3803 2494 3872 ignorabat
2519 3818 2580 3858 se
2618 3804 2673 3857 in
2716 3803 2879 3857 domo
2906 3803 3006 3859 Dei
3033 3805 3335 3874 plantatum
3366 3818 3525 3869 esse;
3563 3805 3649 3858 in-

2066 3894 2317 3961 telligens
2359 3891 2581 3946 domum
2624 3892 2719 3947 Dei
2764 3894 3080 3964 religiosum
3131 3910 3254 3951 esse
3310 3895 3643 3952 institutum.

2066 3985 2132 4038 Et
2161 3985 2417 4054 quoniam
2447 3984 2698 4038 fructifer
2733 3996 2869 4050 erat,
2908 4004 3089 4057 neque
3119 4003 3360 4052 amaros,
3393 3988 3490 4044 sed
3517 3989 3645 4042 dul-

2065 4093 2159 4133 ces
2181 4085 2236 4132 et
2265 4078 2601 4131 humanitate
2630 4079 2819 4148 plenos
2864 4079 3075 4136 fructus
3107 4081 3330 4147 ferebat,
3380 4082 3503 4150 jure
3528 4080 3646 4134 fru-

2065 4179 2273 4225 ctuosae.
2317 4171 2499 4224 arbori
2541 4171 2696 4225 olivae
2727 4174 3169 4244 comparabatur,
3205 4178 3454 4244 exemplo
3478 4176 3645 4232 mise-

2064 4263 2359 4316 ricordiam
2389 4263 2442 4316 in
2473 4264 2772 4333 proximos,
2827 4273 2883 4319 et
2926 4264 3319 4320 humanitatem
3368 4268 3423 4321 in
3450 4282 3644 4324 omnes

2067 4353 2426 4425 significante.
2484 4354 2683 4424 Utpote
2711 4357 2878 4426 igitur
2914 4358 3006 4427 qui
3038 4364 3119 4412 tot
3146 4358 3304 4415 bonis
3336 4360 3642 4416 instructus

2065 4455 2233 4510 esset,
2272 4456 2675 4518 consequenter
2710 4448 2874 4504 infert
2905 4469 2919 4506 :
2948 4449 3166 4520 Speraui
3199 4453 3252 4506 in
3275 4453 3641 4510 misericordia

2065 4537 2163 4591 Dei
2193 4538 2247 4591 in
2277 4527 2531 4593 (sternam
2559 4549 2609 4593 et
2643 4540 2697 4592 in
2724 4542 2978 4595 sa'culum
3002 4546 3211 4600 swculi.

386 4627 482 4700 τὴν
519 4629 600 4691 εἰς
657 4628 898 4690 ἅπαντας
950 4626 1355 4699 φιλανθρωπίαν
1382 4627 1476 4681 τοῦ
1511 4627 1965 4701 παραδείγματος.
2020 4629 2105 4693 Ὧς
2137 4625 2230 4683 οὖν
2258 4631 2532 4695 τοσούτοις
2588 4631 2790 4702 βρίθων
2849 4634 3094 4703 ἀγαθοῖς,
3126 4635 3432 4701 ἀκολούθως
3459 4636 3642 4692 ἐπιλέ-

386 4737 491 4791 γει·
520 4722 789 4775 Ἥλπισα
809 4720 908 4774 ἐπὶ
938 4720 1003 4774 τὸ
1033 4719 1205 4786 ἕλεος
1225 4720 1333 4775 τοῦ
1356 4719 1502 4775 Θεοῦ
1530 4723 1616 4786 εἰς
1643 4721 1751 4775 τὸν
1770 4720 1954 4775 αἰῶνα
1990 4722 2089 4776 καὶ
2112 4726 2200 4789 εἰς
2229 4723 2336 4778 τὸν
2362 4724 2546 4778 αἰῶνα
2576 4724 2682 4779 τοῦ
2704 4725 2938 4793 αἰῶνος.

459 4814 565 4869 Τοῦ
593 4816 691 4886 μὲν
711 4816 817 4888 γὰρ
843 4816 900 4868 ὲν
932 4815 1101 4886 κακίᾳ
1149 4813 1376 4869 δυνατοῦ
1399 4815 1460 4867 τὺ
1483 4815 1637 4879 τέλος
1668 4815 1960 4886 ὲκρίζωσιν

2137 4816 2268 4870 Nam
2294 4819 2441 4873 illius
2465 4819 2707 4889 quidem,
2761 4820 2855 4890 qui
2907 4828 3100 4890 potens
3129 4827 3213 4876 est
3244 4821 3296 4874 in
3324 4820 3632 4892 iniquitate,

386 4907 534 4977 αὐτῷ
584 4908 678 4960 καὶ
728 4905 1028 4976 ἀφανισμὸν
1062 4903 1265 4976 ἐδήλου.
1318 4904 1515 4977 Ἐχρῆν
1568 4906 1673 4976 γὰρ
1714 4904 1813 4975 τὴν
1849 4903 1958 4957 τῶν

389 4997 599 5071 πικρῶν
627 4997 868 5069 οἰστικὴν
904 4996 1058 5068 ῥίζαν
1088 4996 1315 5069 καρπῶν
1362 4997 1498 5068 πρὸς
1529 4996 1624 5050 τοῦ
1666 4997 1774 5051 τῶν
1819 4996 1957 5051 ὅλων

390 5090 552 5159 σοφοῦ
579 5088 825 5163 γεωργοῦ
851 5090 1220 5160 ἀποκταλῆναι
1237 5088 1332 5161 (1).
1363 5090 1419 5143 '0
1433 5089 1490 5142 δὲ
1520 5089 1650 5142 ὡσεὶ
1670 5090 1826 5146 ἐλαία
1857 5107 1957 5145 κα-

386 5186 666 5258 τάκαρπος
694 5186 751 5238 ὲν
780 5182 860 5254 τῷ
881 5185 1014 5255 οἴκῳ
1041 5182 1133 5236 τοῦ
1161 5181 1319 5246 Θεοῦ,
1345 5181 1570 5253 ἤλπισεν
1596 5182 1688 5234 ἐπὶ
1719 5181 1781 5235 τὸ
1809 5181 1954 5246 ἕλεος

387 5277 480 5331 τοῦ
505 5275 639 5332 Θεοῦ
673 5278 752 5339 είς
773 5275 862 5328 τὸν
895 5274 1064 5328 αἰῶνα
1090 5273 1183 5327 καὶ
1209 5274 1288 5335 είς
1317 5273 1406 5326 τὸν
1427 5270 1596 5325 αἰῶνα
1614 5271 1706 5324 τοῦ
1739 5272 1952 5337 αἰῶνος,

387 5368 685 5424 αθανασίαν
726 5366 822 5421 καὶ
851 5364 993 5436 ζωὴν
1036 5365 1251 5419 αἰώνιον
1309 5362 1662 5434 ποριζόμενος
1696 5363 1804 5416 ἀπὸ
1856 5363 1956 5433 τῆς

388 5459 599 5531 ἀγαθῆς
645 5456 856 5520 ἐλπίδος
881 5496 896 5521 ,
953 5451 1021 5529 ἦς
1080 5453 1276 5508 ούποτε
1319 5455 1649 5507 ἐκπεσεῖται·
1723 5454 1790 5510 Ἡ
1845 5456 1954 5527 γὰρ

387 5549 585 5619 litate,
626 5551 765 5606 κατὰ
796 5549 888 5603 τὸν
933 5546 1272 5610 Ἀπόστολον,
1300 5548 1372 5600 οὐ
1411 5545 1814 5613 καταισχύνει.
1837 5542 1951 5600 Εἶθ’

388 5644 464 5708 ὠς
482 5643 572 5698 ἐπ’
596 5642 819 5713 ἀγαθοῖς
851 5643 1101 5714 καρποῖς,
1137 5638 1343 5710 ἀγαθὰς
1363 5638 1581 5701 ἐλπίδας
1613 5638 1791 5710 ἐαυτῷ
1817 5639 1949 5692 ὑπο-

462 5764 508 5796 ⁶⁸
542 5763 721 5819 Ecele.
758 5779 808 5826 ι,
838 5762 893 5816 2.
968 5762 1013 5793 ⁶⁹
1050 5760 1206 5815 Rom.
1242 5775 1298 5823 ν,
1330 5759 1382 5814 5.

462 5853 539 5922 (ἰ)
584 5852 1027 5923 ’Λποκταίῆναι.
1074 5854 1225 5908 Anne
1257 5849 1660 5920 ἀποκταθῆναιῖ
1684 5848 1840 5904 Eutr.

2069 4910 2226 4965 finem
2249 4913 2593 4983 signiﬁcabat
2624 4928 2747 4967 esse
2774 4912 3196 4967 eradicationem
3226 4920 3279 4967 et
3305 4913 3635 4969 destructio-

2065 5018 2225 5070 nem;
2271 5004 2510 5058 radiccm
2543 5004 2689 5057 enim
2725 5019 3032 5060 amarorum
3068 5004 3341 5059 fructuum
3375 5006 3630 5074 feracem,

2064 5109 2094 5146 a
2125 5097 2372 5164 sapiente
2428 5095 2674 5149 omnium
2732 5096 2970 5165 agricola
3024 5093 3295 5149 eradicari
3325 5098 3627 5164 oportebat.

2062 5186 2165 5253 Qui
2201 5203 2331 5257 vero
2355 5189 2498 5244 sicut
2524 5189 2667 5243 oliva
2698 5187 2978 5243 fructifera
3010 5188 3065 5242 in
3096 5187 3258 5243 domo
3293 5187 3408 5251 Dei,
3439 5204 3630 5258 spera-

2059 5280 2137 5332 vit
2161 5281 2216 5333 in
2251 5279 2624 5336 misericordia
2663 5279 2756 5334 Dei
2808 5281 2862 5333 in
2913 5289 3174 5334 aeternum
3201 5286 3254 5334 et
3282 5279 3334 5332 in
3369 5282 3626 5333 saeculum

2061 5373 2266 5435 szeculi,
2291 5372 2754 5426 immortalitatem
2800 5381 2855 5426 et
2891 5372 3055 5425 vitam
3075 5379 3335 5425 aeternam
3362 5371 3529 5426 refert
3557 5372 3629 5426 ob

2059 5465 2258 5518 bonam
2291 5479 2465 5534 spem,
2499 5478 2607 5533 qua
2642 5478 2919 5532 nunquam
2953 5464 3204 5529 excidet;
3236 5478 3362 5517 nam
3383 5503 3397 5525 ,
3430 5478 3627 5517 secnno

2058 5553 2189 5608 dum
2220 5552 2563 5624 Apostolum,
2620 5571 2735 5624 spes
2778 5571 2884 5608 non
2936 5553 3209 5622 confundit
3267 5554 3352 5617 ";
3406 5553 3624 5613 deinde.

2060 5652 2249 5715 utpote
2281 5644 2350 5700 de
2376 5644 2535 5701 bonis
2572 5644 2862 5713 fructibus,
2917 5647 3114 5702 bonam
3162 5646 3265 5701 sibi
3299 5661 3449 5716 spcm
3489 5661 3627 5699 con-
