4098 6430
438 377 533 432 ﬁl

1095 363 1365 421 EUSEBII
1403 354 1877 418 CESARIENSIS
1921 352 2075 411 OPP.
2119 350 2302 408 PARS
2362 350 2453 406 lll.
2494 378 2563 391 -——
2601 347 3010 405 EXEGETICA.

3574 342 3682 404 452

438 496 685 564 signans,
724 501 918 544 uorum
964 498 1187 541 causam
1220 483 1489 538 bonorum
1521 478 1765 533 omnium
1799 474 2008 532 submi-

2128 471 2514 540 τυπωσάμενος,
2562 468 2660 539 τὴν
2719 466 2897 521 αἰτίαν
2951 462 3283 533 ἐξάπτειτῷ
3323 463 3539 516 πάντων
3575 461 3683 516 τῶν

439 578 723 635 nistratori
767 575 993 632 ascribit
1023 573 1213 628 dicens
1246 591 1260 626 :
1302 568 1606 639 Conﬁtebor
1637 567 1731 621 tibi
1760 568 1814 619 in
1839 581 2009 619 siccu-

442 670 573 731 lum,
602 668 730 737 quia
762 664 953 734 fecisti.
984 660 1171 731 Neque
1190 659 1335 713 enim
1364 673 1490 728 ego,-
1516 656 1714 727 inquit,
1752 670 1839 709 me
1870 653 2014 709 sicut

441 754 1000 816 olivam-fructiferam
1029 751 1333 821 composui,
1368 749 1462 804 sed
1483 758 1541 802 tu
1570 745 1747 802 fecisti
1789 762 1802 797 :
1834 744 1930 799 abs
1960 752 2014 799 te

440 852 591 908 enim
617 849 789 922 gratia
815 866 831 915 ;
853 861 1024 919 quare
1060 857 1339 915 nunquam
1373 844 1531 895 linem
1554 838 1748 892 faciam
1772 836 1873 891 tibi
1891 850 2015 906 gra-

440 945 554 1000 tias
584 942 818 999 habendi
877 955 941 994 ac
981 936 1277 994 conﬁtendi
1310 951 1327 986 :
1373 933 1467 989 sed
1525 941 1812 1002 postquam
1847 928 2015 985 semel

448 1037 664 1109 speravi
686 1036 742 1090 in
761 1031 1138 1088 misericordia
1180 1028 1297 1094 Dei,
1325 1025 1633 1092 exspectabo
1660 1040 1845 1079 nomen
1877 1022 2010 1092 ejus.

447 1129 585 1184 Nam
615 1142 740 1183 cum
764 1126 909 1182 bona
933 1139 1059 1195 spes
1100 1120 1300 1184 subsit,
1336 1118 1600 1190 patientia
1650 1115 1809 1171 nobis
1853 1129 2011 1185 opus.

448 1219 791 1290 Quapropter
817 1214 1125 1286 exspectabo
1177 1227 1363 1267 nomen
1418 1219 1587 1272 tuum,
1640 1208 1735 1270 ait,
1766 1208 2014 1279 quoniam

444 1313 641 1368 bonum
656 1319 734 1366 est
761 1313 819 1365 in
846 1318 1121 1378 conspectu
1144 1314 1448 1361 sanctorum
1497 1311 1749 1364 tuorum;
1782 1300 1896 1356 sive
1923 1313 2014 1354 se-

451 1404 693 1459 cundum
737 1400 1146 1473 Symmachum,
1180 1397 1446 1464 Quoniam
1469 1394 1659 1447 bonum
1701 1400 1779 1446 est
1831 1406 2018 1444 nomen

453 1494 681 1564 tuum_in
697 1501 972 1561 conspectu
986 1498 1287 1544 sanctorum
1311 1496 1539 1539 tuorum.
1563 1483 1778 1539 Gnarus
1834 1481 2019 1551 itaque

454 1586 634 1656 ipsum
658 1583 864 1639 bonum
906 1596 1029 1636 esse
1074 1587 1128 1634 et
1152 1579 1419 1632 bonorum
1439 1581 1736 1636 auctorem,
1778 1586 1888 1625 non
1922 1585 2019 1640 po-

451 1676 693 1732 tentibus
730 1674 789 1729 in
818 1672 1046 1733 malitia,
1097 1685 1207 1724 non
1255 1667 1484 1737 abiectis
1536 1662 1872 1725 hominibus,
1925 1661 2020 1716 sed

453 1768 698 1834 sanctis;
738 1766 862 1837 jure
899 1761 1205 1833 exspectabo
1248 1776 1435 1814 nomen
1493 1767 1671 1821 tuum,
1727 1756 1870 1811 bona
1927 1770 2024 1825 spe

2112 557 2329 626 ἀγαθῶν
2364 555 2584 627 χορηγῷ
2615 556 2809 623 λέγων·
2867 551 3415 623 Ἐξομολοτήσομαί
3471 569 3569 607 σοι
3599 555 3686 619 εἰς

2112 651 2217 704 τὸν
2248 649 2452 711 αἰῶνα,
2490 649 2581 701 ὅτι
2641 649 2955 714 ἐποίησας.
3013 648 3086 699 Οὐ
3146 645 3255 717 γὰρ
3314 644 3446 713 ἐγὼ,
3500 646 3684 716 φησιν,

2113 746 2343 816 ἐποίησα
2376 743 2611 811 ἐμαυτὸν
2641 742 2773 794 ὡσεὶ
2804 730 2993 793 ἐλαίαῦ
3023 739 3398 809 κατάκαρπον,
3453 738 3589 792 ἀλλὰ
3619 739 3686 793 σὺ

2112 834 2389 905 ἐποίησας·
2420 831 2570 903 παρὰ
2607 830 2701 885 σοῦ
2722 830 2830 901 γὰρ
2856 833 2888 900 ἡ
2922 831 3097 900 χάρις·
3131 828 3211 883 διὸ
3262 829 3519 882 οὐδέποτε
3544 829 3687 883 παύ-

2115 926 2276 997 σομαί
2300 942 2384 978 σοι
2416 924 2514 994 τὴν
2542 923 2699 995 χάριν
2728 920 2901 985 εἰδὼς,
2929 921 3020 974 καί
3070 938 3150 973 σοι
3175 919 3684 991 ἐξομολογούμενος·

2114 1018 2261 1084 ἅπαξ
2288 1018 2346 1071 δέ
2369 1017 2593 1079 ἐλπίσας
2616 1014 2709 1067 ἐπὶ
2737 1013 2797 1067 τὸ
2825 1012 2973 1076 ἔλεος
2993 1010 3087 1064 τοῦ
3112 1010 3270 1075 Θεοῦ,
3305 1008 3584 1080 ὑπομενῶ
3622 1008 3687 1063 τὸ

2114 1111 2302 1180 ὄνομα
2331 1108 2537 1163 αὐτοῦ.
2557 1106 2670 1176 Τῆς
2691 1105 2800 1177 γὰρ
2824 1103 3036 1174 ἀγαθῆς
3064 1102 3275 1167 ἐλπίδος
3299 1102 3687 1174 ὑποκειμένης»

2113 1203 2389 1276 ὑπομονῆς
2418 1203 2550 1272 ἡμῖν
2582 1199 2757 1271 χρεία.
2783 1196 2877 1253 Διὸ
2899 1194 3176 1265 ὑπομενῶ
3216 1196 3283 1249 τὸ
3330 1194 3516 1265 ὄνομά
3546 1210 3686 1259 σου,

2115 1297 2299 1367 φησὶν,
2317 1294 2406 1347 ὅτι
2434 1291 2700 1362 χρηστόν
2717 1289 2887 1341 ἐστιν
2903 1287 3181 1340 ἐναντίον
3200 1285 3319 1340 τῶν
3348 1287 3531 1340 ὁσίων
3549 1303 3689 1341 σου·

2114 1389 2148 1459 ἢ
2178 1386 2319 1441 κατὰ
2341 1384 2430 1438 τὸν
2464 1382 2777 1453 Σύμμαχον,
2806 1379 2925 1431 ’Ότι
2956 1377 3186 1446 ἀγαθὸν
3212 1376 3278 1430 τὸ
3334 1376 3521 1447 ὄνομά
3570 1393 3688 1431 σου

2116 1480 2399 1547 ἄντικρυς
2455 1475 2573 1530 τῶν
2607 1474 2794 1527 ὁσίων
2839 1485 2977 1523 σου.
3031 1468 3200 1533 Εἰδὼς
3228 1465 3343 1532 οὖν,
3369 1471 3451 1523 ὅτι
3482 1469 3687 1538 ἀγαθόν

2118 1572 2254 1633 ἐστι,
2285 1569 2378 1621 καὶ⁵
2411 1564 2630 1636 ἀγαθῶν
2652 1561 2953 1632 ποιητικὸν,
2986 1560 3049 1613 οὐ
3078 1563 3189 1624 τοῖς
3228 1560 3472 1625 δυνατοῖς
3502 1562 3561 1613 ἐν
3591 1579 3691 1616 κα-

2118 1662 2230 1733 κίᾳ,
2260 1659 2379 1713 οὐδέ
2430 1661 2542 1721 τοῖς
2591 1656 2917 1727 ἀποϐλήτοις
2968 1653 3076 1706 τῶν
3134 1652 3369 1718 ζώντων,
3421 1653 3557 1706 ἀλλὰ
3577 1656 3691 1717 τοῖς

2119 1753 2305 1815 ὁσίοις,
2333 1750 2556 1813 εἰκότως
2584 1746 2860 1817 ὑπομενῶ
2895 1745 2961 1799 τὸ
2986 1743 3171 1813 ὄνομά
3193 1761 3329 1808 σου,
3369 1743 3587 1809 εΰελπις
3615 1744 3691 1799 ὢν

449 1859 644 1915 fruens
672 1834 760 1914 me
796 1871 1074 1925 nunquam
1121 1855 1402 1924 lapsurum
1441 1866 1472 1904 a
1500 1848 1875 1905 misericordia
1904 1855 2015 1901 tua.

2128 1844 2334 1914 μήποτε
2388 1843 2639 1894 ἐκπεσεῖν
2693 1838 2787 1893 τοῦ
2824 1836 2917 1891 σοῦ
2982 1834 3184 1898 ἐλέους.
3229 1834 3389 1887 Οὕτω
3433 1835 3562 1903 γοῦν
3593 1836 3690 1907 ἡλ-

454 1953 550 2010 Sic
579 1954 762 2024 itaque
790 1951 847 2006 in
875 1951 998 2020 ipso
1028 1948 1244 2018 speravi
1288 1946 1344 2000 in
1376 1953 1639 2000 aeternum
1677 1952 1731 1998 et
1754 1941 1809 1995 in
1842 1956 2014 1997 διεω-

453 2045 567 2100 lum
593 2045 801 2101 saeculi.

456 2155 510 2210 1.
549 2152 618 2209 IN
665 2150 912 2217 FINEM,
947 2149 1091 2205 PRO
1127 2144 1505 2217 MAHELETH
1524 2186 1540 2211 ,
1580 2142 2021 2199 lNTELLlGEN-

968 2219 1111 2282 ,ΤΙᾸΕ
1150 2216 1357 2272 DAVll)
1397 2217 1506 2271 Lll.
2048 2234 2055 2241 ί

529 2317 694 2373 Vens.
719 2315 841 2370 2-6.
876 2313 1026 2368 Dixit
1054 2312 1303 2380 insipiens
1350 2312 1405 2365 in
1452 2309 1606 2364 corde
1627 2325 1724 2364 suo
1752 2324 1771 2362 :
1804 2306 1925 2363 Non
1943 2315 2021 2362 est

458 2411 621 2465 Deus.
649 2407 897 2477 Corrupti
921 2415 1040 2461 sunt
1074 2415 1125 2459 et
1146 2401 1526 2457 abominabiles
1549 2401 1678 2469 facti
1697 2409 1817 2454 sunt
1840 2400 1896 2453 in
1921 2401 2025 2453 ini-

457 2502 767 2576 quitatibus,
789 2516 892 2553 non
936 2507 1016 2554 est
1053 2498 1142 2568 qui
1182 2495 1349 2567 faciat
1378 2494 1590 2548 bonum.
1623 2492 2024 2563 Quinquagesi-

456 2608 582 2649 mus
610 2593 852 2662 psalmus
884 2588 1243 2644 confessionis
1270 2587 1489 2642 modum
1533 2586 1676 2656 ejus,
1733 2601 1895 2656 quem
1929 2584 2026 2638 ad-

456 2683 612 2738 missi
650 2680 855 2752 peccati
895 2681 1140 2750 ptenitet,
1170 2677 1591 2746 complectitur;
1640 2690 1877 2746 sequens
1897 2690 2025 2730 vero

458 2776 516 2831 in
540 2775 743 2829 malitia
761 2773 993 2844 potentis
1016 2779 1074 2828 et
1105 2771 1257 2841 impii
1289 2771 1459 2825 moris
1521 2769 1792 2823 insaniam
1824 2767 2028 2823 descri-

457 2867 577 2933 bit;
606 2881 670 2921 ac
689 2866 886 2936 qualis,
913 2879 1038 2919 cum
1067 2863 1254 2927 istum,
1286 2870 1401 2916 tum
1429 2861 1691 2931 priorem,
1717 2859 1842 2914 finis
1867 2875 2028 2914 exce-

457 2962 619 3031 perit.
652 2958 785 3013 Nam
815 2960 863 3015 ei
883 2960 975 3030 qui
1000 2960 1056 3013 in
1091 2958 1250 3013 malis
1280 2958 1397 3013 suis
1431 2957 1767 3027 gloriabatur
1820 2957 2028 3011 dictum

456 3060 543 3105 est
572 3068 584 3103 :
622 3034 908 3119 Propterea
943 3048 1080 3103 Deus
1104 3048 1336 3103 destruet
1376 3056 1425 3101 te
1452 3048 1507 3101 in
1541 3048 1719 3116 ﬁnem,
1751 3047 1934 3102 evellet
1958 3058 2025 3112 te,

459 3153 509 3198 et
530 3144 805 3213 emigrabit
837 3152 882 3195 te
900 3142 964 3196 de
1009 3140 1448 3204 tabernaculo";
1477 3157 1545 3196 ex
1575 3156 1807 3212 persona
1847 3151 2028 3196 autem

2120 1952 2253 1988 πισα
2286 1934 2372 1988 ἐπ’
2395 1932 2544 2004 αὐτῷ
2576 1935 2654 1996 εἷς
2707 1931 2799 1985 τὸν
2845 1929 3016 1984 αἰῶνα
3047 1928 3138 1980 καὶ
3170 1929 3249 1991 εἰς
3290 1928 3379 1981 τὸν
3404 1928 3572 1983 αἰῶνα
3598 1929 3694 1983 τοῦ

2119 2024 2335 2087 αἰῶνος.

2123 2137 2233 2190 ΕΙΣ
2269 2136 2357 2190 ΤΟ
2397 2136 2644 2199 ΤΕΛΟΣ,
2681 2129 3571 2258 ΥῐὲιέἰίλῐὲῐιὶξζέξΕΘΣΥΝΕΣΕΩΣ
3610 2134 3696 2186 ΤΩ

2191 2318 2377 2375 Εἶπεν
2413 2320 2702 2391 apponebat
2732 2319 2944 2389 καρδίᾳ
2967 2321 3173 2375 αὐτοῦ·
3208 2321 3330 2373 Οὐκ
3356 2319 3489 2373 ἐστι
3529 2320 3693 2386 Θεός.

2124 2410 2536 2480 Διεςρθάρηυναγ
2561 2409 2657 2462 καὶ
2685 2410 3138 2478 ἐϐδελύχθησαν
3166 2412 3236 2463 ἐν
3261 2410 3553 2478 ἀνομίαις,
3584 2411 3697 2463 οὐκ

2125 2502 2258 2556 ἔστι
2284 2499 2468 2555 ποιῶν
2496 2501 2742 2570 ἀγαθόν.
2782 2500 2838 2552 '0
2875 2501 2973 2570 μὲν
3013 2507 3054 2554 V
3079 2501 3461 2573 ἐξομολόγησιν
3492 2500 3695 2571 τρόπου

2130 2593 2622 2665 μεταγινώαοντος
2675 2594 2760 2663 ἐφ’
2793 2589 2875 2656 οἷς
2928 2595 3199 2665 ἥμαρτεν,
3259 2597 3551 2666 περιεῖχεν·
3587 2596 3617 2648 ό
3639 2593 3698 2647 δὲ

2127 2686 2256 2755 ἐξῆς
2283 2684 2451 2755 αὐτῷ,
2482 2684 2738 2738 ἀπόνοιαν
2763 2684 2857 2738 τοῦ
2888 2686 2948 2739 ἐν
2975 2686 3144 2755 κακίᾳ
3164 2686 3385 2739 δυνατοῦ
3415 2686 3510 2740 καὶ
3537 2685 3700 2739 ἀθέου

2125 2778 2347 2850 τρόπου·
2394 2776 2576 2830 ὁποῖόν
2635 2793 2694 2829 τε
2742 2775 2928 2831 τοῦτον
2972 2776 3237 2848 διεδέχετο
3292 2777 3354 2830 τὸ
3404 2776 3574 2841 τέλος,
3610 2777 3704 2831 καὶ

2127 2871 2309 2923 ὁποῖον
2330 2869 2420 2922 τὸν
2463 2869 2746 2941 πρότερον.
2780 2867 2870 2938 Τῷ
2905 2868 3132 2940 μὲνγὰρ
3170 2869 3573 2942 καυχησαμένῳ
3612 2869 3706 2922 ἐπὶ

2127 2963 2240 3023 τοῖς
2263 2957 2458 3013 ἑαυτοῦ
2483 2962 2671 3021 κακοῖς
2697 2958 2927 3027 ἐλέγετο·
2957 2958 3265 3012 Διὰ“τοῦτο
3308 2963 3342 3013 ό
3390 2960 3534 3026 Θεὸς
3562 2962 3704 3014 καθ-

2139 3051 2271 3106 ελεῖ
2288 3067 2364 3105 σε
2390 3054 2478 3117 είς
2506 3050 2697 3115 τέλος,
2720 3050 2945 3103 excidat
2972 3066 3046 3103 σε
3074 3051 3173 3105 καὶ
3220 3051 3708 3120 μεταναστεῦσαί

2128 3157 2206 3195 σε
2232 3140 2351 3195 ἀπὸ
2377 3139 2789 3209 σκηνώματος·
2823 3141 2888 3192 ἐκ
2938 3140 3228 3211 προσώπου
3255 3142 3312 3195 δὲ
3340 3142 3433 3194 τοῦ
3455 3142 3707 3211 ἐξομολο-

460 3233 775 3288 conﬁtentis
791 3234 1157 3303 subiungitur,
1182 3232 1290 3304 Ego
1318 3241 1493 3286 autem
1519 3234 1652 3286 sicut
1670 3236 1808 3287 oliva
1840 3233 2025 3299 fructi-

2133 3232 2444 3304 γησαμένου
2476 3233 2713 3303 ἐπήγετο
2740 3231 2866 3302 ἐξῆς
2921 3233 3003 3297 τὸ,
3067 3233 3207 3302 Ἐγὼ
3241 3233 3309 3286 δὲ
3355 3234 3496 3287 ὡσεὶ
3528 3235 3706 3288 ἐλαία

464 3330 649 3393 {erain
666 3327 821 3381 domo
851 3325 968 3389 Dei,
1000 3325 1201 3392 speravi
1220 3324 1278 3377 in
1310 3324 1675 3377 misericordia
1694 3324 1808 3394 ejus
1832 3327 1887 3379 in
1925 3343 2029 3381 ste-

458 3420 641 3475 culum
664 3418 733 3473 ".
772 3415 869 3470 llic
903 3430 1029 3470 vero
1092 3415 1189 3485 qui
1237 3414 1484 3485 psalmus
1535 3424 1805 3479 nonest,
1855 3431 2032 3487 neque

459 3513 608 3569 enim
639 3511 713 3566 ita
746 3509 1098 3575 inscribitur;
1145 3507 1242 3564 sed
1290 3522 1467 3579 neque
1498 3508 1771 3562 canticum
1795 3548 1811 3573 ,
1856 3525 2032 3579 neque

461 3607 594 3679 quid
629 3604 839 3668 simile,
904 3601 1161 3658 salutaris
1210 3600 1307 3657 Dei
1363 3601 1632 3657 adventus
1686 3603 2029 3673 prophetiam

462 3696 709 3753 continet
740 3734 756 3753 .
805 3708 967 3763 quem
1002 3692 1157 3747 multi
1187 3692 1465 3761 pmpbeta:
1498 3698 1552 3746 et
1577 3691 1710 3760 justi
1743 3693 2032 3749 voluerunt

464 3786 665 3843 videre.
696 3785 945 3840 Praesens
963 3784 1164 3853 itaque,
1191 3784 1349 3853 quasi
1381 3784 1436 3837 in
1476 3785 1718 3838 omnium
1750 3784 2029 3839 hominum

467 3876 650 3941 ruina,
678 3882 732 3930 et
756 3874 911 3945 quasi
970 3873 1025 3927 in
1055 3874 1328 3928 communi
1360 3872 1645 3945 naufragio
1690 3875 1809 3930 haec
1837 3890 2029 3945 preca-

466 3977 597 4024 tur:
628 3967 760 4034 Quis
780 3965 927 4019 dabit
957 3981 1022 4020 ea;
1051 3964 1180 4020 Sion
1210 3964 1459 4020 Salutare
1501 3964 1675 4021 Israel
1693 3968 1719 4021 2’
1757 3984 1876 4020 cum
1906 3984 2031 4022 con-

465 4061 673 4117 uerterit
704 4059 956 4112 Dominus
1004 4058 1356 4125 captivitatem
1377 4058 1543 4127 plebis
1578 4075 1711 4123 δαῖεν,
1741 4060 2033 4113 exsultabit

466 4153 633 4208 Iacob
661 4159 712 4205 et
741 4149 1009 4205 laatabitur
1032 4148 1204 4203 Israel
1222 4164 1242 4202 :
1274 4150 1494 4220 quando
1541 4150 1809 4205 confitens
1851 4151 2031 4206 decla-

471 4257 708 4312 ransque
730 4249 951 4312 peccata
974 4255 1093 4304 sua,
1125 4255 1223 4309 per
1246 4242 1543 4296 salutarem
1590 4239 1687 4295 Dei
1736 4239 2030 4296 adventum

466 4335 842 4409 purgationem
866 4340 1267 4387 consecuturus
1297 4338 1455 4397 erat;
1483 4330 1702 4402 quando
1725 4331 1875 4402 impii
1897 4342 1951 4388 et
1976 4332 2031 4387 in

446 4424 675 4486 malitis
704 4428 950 4493 potentes
998 4421 1278 4475 hominum
1335 4435 1538 4486 mores,
1587 4436 1698 4477 non
1742 4436 1837 4490 per
1865 4423 2030 4478 alium

466 4531 635 4589 quam
682 4530 782 4586 per
833 4528 1002 4571 unum
1055 4512 1417 4576 Salvatorem,
1477 4513 1572 4582 qui
1635 4513 2031 4571 insanabilibus

2130 3323 2510 3392 κατάκαρπος
2541 3323 2611 3376 ἐν
2641 3322 2722 3389 τῷ
2748 3324 2892 3389 οἴκῳ
2913 3323 3018 3377 τοῦ
3059 3322 3227 3389 Θεοῦ,
3253 3323 3487 3391 ἤλπισα
3506 3324 3608 3377 ἐπὶ
3634 3323 3703 3377 τὸ

2129 3413 2301 3479 ἕλεος
2330 3414 2516 3468 αὐτοῦ
2539 3417 2625 3481 εὶς
2652 3413 2760 3468 τὸν
2809 3413 3010 3469 αἰῶνα.
3056 3415 3114 3468 Ὀ
3160 3415 3219 3468 δὲ
3274 3414 3461 3487 παρὼν
3503 3416 3605 3469 οὐκ
3627 3416 3703 3469 ὢν

2129 3506 2361 3576 ψαλμὸς,
2393 3507 2453 3559 οὐ
2499 3506 2609 3578 γὰρ
2641 3506 2814 3571 οὕτως
2845 3508 3264 3580 ἐπιγέγραπται,
3296 3509 3410 3563 ἀλλ’
3432 3508 3704 3580 οὐδέᾡδὴ,

2130 3599 2251 3652 οὐδέ
2273 3617 2325 3652 τι
2354 3598 2463 3652 τῶν
2487 3598 2761 3665 τοιούτων,
2809 3602 3141 3672 προφητείαν
3171 3602 3415 3673 περιέχει
3464 3602 3562 3672 τῆς
3602 3617 3709 3654 σω·-

2129 3690 2318 3762 τηρίου
2345 3691 2680 3760 θεοφανείας,
2738 3694 2804 3765 ἢν
2840 3694 3024 3747 πολλοὶ
3069 3695 3343 3765 προφῆται
3399 3694 3494 3747 καὶ
3512 3694 3711 3748 δίκαιοι

2131 3783 2487 3855 ἐπεθύμησαν
2517 3786 2662 3839 ἰδεῖν.
2700 3786 2908 3858 ’Ὠσπερ
2935 3784 3028 3842 οὖν
3057 3788 3152 3841 καὶ
3179 3789 3207 3840 ὁ
3243 3787 3379 3857 μετὰ
3403 3789 3591 3858 χεῖρας
3621 3788 3714 3840 ἐπὶ

2131 3880 2198 3949 τῇ
2226 3879 2445 3932 πάντων
2494 3879 2794 3952 ἀνθρώπων
2851 3881 3166 3945 διαπτώσει,
3228 3880 3321 3934 καὶ
3375 3879 3565 3950 ὥσπερ
3617 3879 3712 3932 ἐπὶ⁵

2134 3969 2297 4040 κοινῷ
2328 3971 2571 4041 ναυαγίῳ
2605 3973 2895 4044 εὐχόμενος
2929 3974 3023 4026 καὶ
3068 3973 3258 4042 λέγων·
3302 3973 3397 4037 Τίς
3429 3971 3609 4026 δώσει
3638 3973 3711 4024 ἐκ

2134 4062 2288 4117 Σιὼν
2318 4063 2385 4115 τὸ
2420 4062 2718 4132 Σωτήρων
2741 4064 2849 4119 τοῦ
2891 4064 3165 4133 Ἰσραήλ;
3211 4064 3282 4116 ἐν
3327 4061 3409 4127 τῷ
3438 4062 3712 4132 ἐπιστρέ-

2132 4157 2243 4222 ψαι
2274 4156 2491 4222 Κύριον
2537 4156 2653 4224 τὴν
2696 4157 3114 4225 αἰχμαλωσίαν
3170 4154 3276 4208 τοῦ
3314 4154 3468 4209 λαοῦ
3499 4156 3709 4221 αὐτοῦ,

2141 4246 2573 4318 ἀηαὶλιάσεται
2598 4247 2813 4309 Ἰακὼϐ,
2832 4247 2927 4300 καὶ
2941 4245 3416 4315 εὐφρανθήσεται
3444 4246 3710 4316 Ἰσραήλ·

2142 4341 2232 4393 ὅτε
2276 4338 2405 4412 γὰρ,
2450 4339 2937 4411 ἐξομολογούμενος
2979 4340 3075 4393 καὶ
3122 4340 3459 4414 ἐξαγορεύων
3489 4341 3558 4394 τὰ
3586 4343 3712 4395 ἐαυ-

2132 4431 2226 4484 τοῦ
2257 4432 2630 4503 ἁμαρτήματα
2673 4430 2761 4484 διὰ
2792 4430 2891 4500 τῆς
2918 4431 3188 4503 σωτηρίου
3238 4431 3577 4503 θεοφανείας,
3611 4451 3713 4487 κα-

2136 4522 2381 4595 θάρσεως
2412 4523 2602 4595 ἔμελλε
2650 4522 2949 4588 τεύξεσθαι·
2987 4525 3076 4578 ὅτε
3121 4525 3276 4589 ἄθεος
3305 4528 3364 4580 ἐν
3407 4526 3715 4599 ἀνθρώποις

468 4608 668 4663 anima:
717 4606 924 4662 morbis
977 4603 1182 4659 mederi
1224 4604 1386 4670 valet,
1438 4605 1620 4659 curari
1654 4614 1925 4675 poterant.
1968 4608 2025 4662 Et

2137 4616 2231 4668 καὶ
2250 4617 2309 4667 ἐν
2331 4616 2499 4688 κακίᾳ
2549 4616 2774 4680 δυνατὸς
2801 4616 3001 4688 τρόπος
3038 4617 3144 4670 οὐδ’
3188 4616 3362 4680 ἄλλως
3403 4612 3515 4680 οἷός
3553 4635 3613 4670 τε
3644 4613 3714 4689 ῆν

471 4700 586 4755 hac
610 4699 678 4754 de
702 4699 843 4754 serie
868 4697 1015 4752 dicta
1028 4696 1157 4754 sint.

544 4961 782 5020 Observa
840 4981 1002 5036 porro
1058 4967 1199 5023 banc
1254 4970 1594 5041 prophetiam
1657 4974 1743 5030 bis
1797 4990 1852 5027 in
1894 4974 2035 5031 libro

471 5053 814 5112 Psalmorum
850 5057 997 5122 ferri,
1054 5058 1109 5113 in
1165 5060 1337 5129 prima
1373 5070 1545 5131 parte,
1603 5066 1813 5133 psalmo
1872 5069 2035 5122 tertio

470 5148 719 5214 decimo;
757 5148 814 5202 in
843 5151 1103 5217 secunda,
1125 5167 1191 5207 eo
1222 5168 1381 5223 quem
1401 5153 1512 5223 jam
1541 5162 1863 5213 tractamus.
1893 5157 2030 5213 Nam

469 5256 504 5293 a
538 5240 806 5313 principio
834 5241 904 5296 ad
935 5242 1115 5308 linem,
1146 5243 1338 5301 iisdem
1367 5245 1479 5301 fere
1504 5247 1686 5303 verbis
1717 5249 1864 5318 jacet
1887 5250 2038 5306 deci-

473 5348 596 5388 tnus
629 5333 824 5389 tertius
855 5348 920 5388 ac
971 5350 1207 5406 praesens
1239 5338 1517 5407 psalmus;
1554 5339 1640 5395 bis
1678 5342 1857 5398 verbis
1906 5343 2040 5398 inci-

474 5427 650 5495 piens,
683 5426 831 5480 Dixit
860 5428 1112 5496 insipiens
1137 5430 1194 5484 in
1232 5430 1388 5486 corde
1417 5449 1513 5487 suo
1538 5450 1555 5486 :
1582 5431 1709 5488 Non
1750 5444 1828 5488 est
1858 5434 2036 5501 Deus;

475 5516 560 5572 bis
578 5532 704 5573 vero
718 5517 996 5585 desinens,
1016 5520 1147 5587 Quis
1167 5520 1321 5576 dabit
1332 5538 1393 5577 ea:
1412 5523 1542 5579 Sion
1553 5523 1801 5580 Salutare
1822 5525 1995 5582 Israel
2017 5530 2041 5583 τ’

472 5620 594 5659 cum
615 5608 922 5663 conuerterit
949 5608 1206 5665 Dominus
1229 5616 1591 5682 captivitatem
1606 5615 1769 5683 plebis
1783 5633 1915 5684 sum,
1946 5635 2038 5673 ex-

543 5764 591 5796 "
637 5762 781 5821 Psal.
816 5782 904 5834 ιι,
940 5766 991 5821 7.
1067 5768 1111 5801 '"
1148 5768 1280 5824 ibid.
1319 5768 1405 5825 l0.

2139 4705 2174 4776 ἢ
2206 4706 2294 4760 διὰ
2331 4707 2489 4778 μόνου
2515 4707 2609 4762 τοῦ
2647 4708 2896 4781 Σωτῆρος
2921 4708 3219 4781 θεραπείας
3247 4711 3452 4779 τυχεῖν,
3489 4709 3585 4762 τοῦ
3623 4713 3719 4765 καὶ⁵

2138 4799 2207 4852 τὰ
2236 4799 2431 4854 ἀνίατα
2449 4800 2549 4872 τῆς
2575 4801 2752 4873 ψυχῆς
2783 4803 2929 4873 πάθη
2968 4801 3221 4856 ἰάσασθαι
3245 4801 3561 4871 δυναμένου.
3607 4802 3719 4856 Καὶ

2133 4891 2310 4945 ταῦτα
2345 4894 2442 4964 μὲν
2461 4895 2540 4958 εἰς
2560 4896 2656 4967 τὴν
2680 4897 2999 4952 ἀκολουθίαν
3031 4898 3288 4969 εἰρήσθω.

2212 4984 2499 5056 Σημειώσῃ
2523 4986 2601 5051 δὲ,
2638 4989 2719 5040 ὅτι
2751 4988 3001 5060 δεύτερον
3026 4989 3126 5060 ἤδη
3150 4990 3184 5059 ἡ
3211 4989 3547 5060 προκειμένη
3581 5006 3717 5059 προ-

2142 5074 2340 5145 φητεία
2373 5073 2615 5143 ἔγκειται
2636 5080 2702 5148 τῇ
2735 5077 2902 5149 βίϐλῳ
2932 5078 3042 5132 τῶν
3092 5079 3357 5150 Ψαλμῶν·
3396 5081 3451 5131 ἐν
3485 5079 3582 5149 μὲν
3641 5077 3718 5147 τῷ

2144 5168 2342 5242 πρώτῳ
2369 5170 2524 5241 μέρει
2575 5168 2716 5223 κατὰ
2752 5169 2842 5222 τὸν
2877 5177 2966 5238 ιγ’,
3008 5171 3067 5223 ἐν
3107 5171 3163 5224 δὲ
3188 5169 3267 5241 τῷ
3292 5169 3530 5240 δευτέρῳ
3575 5172 3718 5224 κατὰ

2144 5262 2211 5315 τὰ
2232 5260 2582 5333 προκείμενα.
2634 5261 2828 5331 Σχεδὸν
2854 5262 2963 5333 γὰρ
3002 5263 3182 5325 αὐτοῖς
3210 5264 3446 5333 ῥήμασιν
3479 5264 3573 5316 ἀπ’
3619 5264 3718 5333 ἀρ·-

2145 5354 2246 5424 χῆς
2273 5354 2433 5424 μέχρι
2474 5353 2660 5416 τέλους
2691 5354 2784 5406 καὶ
2819 5355 2848 5406 ὁ
2884 5360 2949 5422 ιγ’
2983 5353 3188 5424 ὁμοίως·
3211 5353 3323 5425 ἔχει
3356 5353 3433 5424 τῷ
3462 5354 3711 5425 παρόντι·

2143 5444 2445 5513 ἀρχόμενος
2484 5444 2579 5515 μὲν
2603 5445 2711 5498 ἀπὺ
2751 5443 2866 5497 τοῦ·
2923 5442 3109 5499 Εἶπεν
3157 5444 3360 5513 ἄφρων
3401 5444 3472 5498 ἐν
3505 5444 3717 5511 καρδίᾳ

2144 5535 2348 5589 αὑτοῦ·
2385 5538 2509 5589 Οὐκ
2561 5536 2692 5590 ἐστι
2738 5537 2901 5602 Θεός·
2966 5535 3233 5589 τελευτῶν
3283 5536 3339 5589 δέ
3366 5537 3447 5600 εἰς
3495 5536 3576 5590 τό·
3622 5536 3718 5601 Τίς

2145 5622 2323 5679 δώσει
2352 5625 2422 5679 ἐκ
2455 5624 2606 5680 Σιὼν
2629 5628 2695 5679 τὸ
2732 5626 3031 5697 Σωτήρων
3054 5626 3159 5681 τοῦ
3212 5628 3455 5694 Ἰσραήλ
3480 5653 3496 5699 ;
3544 5627 3609 5681 ἐν
3635 5626 3715 5692 τῷ
