4098 6382
389 325 492 381 ιδδ

1519 310 2021 370 COMMENTARIA
2054 309 2119 363 IN
2160 309 2499 366 PSALlllOS.

3526 310 3631 364 £56

390 415 741 506 ἐπιστρέψαι
801 437 1019 504 Κύριον
1051 431 1162 500 τὴν
1211 434 1626 504 αἰχμαλωσίαν
1666 431 1772 484 τοῦ
1801 430 1953 485 λαοῦ

2072 425 2277 481 saltabit
2310 427 2475 481 Jacob
2535 437 2584 481 et
2643 425 2913 482 lwtabitur
2943 423 3135 480 Israel.
3189 423 3416 479 Modicis
3444 431 3668 504 autem!

389 530 594 592 αὐτοῦ,
621 527 1049 598 ἀγαλλιάσεται
1112 525 1320 590 Ιακὼϐ,
1360 525 1458 578 καὶ
1485 523 1956 594 εὐφρανθήσεται

400 619 665 687 Ἰσραήλ.
719 619 976 688 Βραχεῖαι
1040 617 1096 670 δὲ
1145 616 1317 683 λέξεις
1358 615 1456 687 τὴν
1516 619 1572 669 ἐν
1629 615 1957 686 ἀμφοτέροις

387 709 645 780 διαφορὰν
678 707 1020 780 ἐργάζονται.
1066 707 1154 759 Ἐν
1189 708 1285 777 μὲν
1338 705 1445 775 γὰρ
1496 709 1562 778 τῇ
1615 707 1904 777 προγραφῇ
1931 705 1959 756 6

393 802 489 872 μὲν
522 807 586 869 ιγ’
612 802 698 866 εὶς
721 799 787 852 τὸ
817 802 990 865 τέλος
1032 796 1110 863 τῷ
1148 798 1327 853 Δαυῖδ
1354 799 1586 866 ἐλέγετο·
1627 800 1654 851 6
1684 797 1740 850 δὲ
1770 796 1958 868 παρὼν

391 893 499 964 ἔχει
525 894 622 962 μὲν
643 891 741 963 τὴν
767 891 935 962 αὐτὴν
970 893 1146 962 ῥῆσιν,
1183 891 1465 955 πλεονάζει
1486 890 1542 943 δὲ
1573 892 1630 942 ὲν
1658 888 1735 960 τῷ
1753 888 1956 957 λέγειν,

391 985 540 1052 ὑπὲρ
565 985 822 1048 Μαελὲθ,
854 983 1178 1050 συνέσεως.
1220 985 1279 1036 '0
1307 983 1406 1054 μὲν
1451 982 1702 1046 Ἀκύλας,
1737 983 1833 1035 ἐπὶ
1861 1000 1959 1051 χο-

390 1079 538 1146 ρείᾳ,
573 1079 933 1150 ἡρμήνευσεν·
970 1079 998 1129 6
1028 1078 1083 1130 δὲ
1125 1076 1439 1149 Σύμμαχος,
1475 1076 1572 1130 διὰ
1618 1075 1821 1146 χοροῦ·
1854 1077 1881 1128 6
1905 1075 1962 1128 δὲ

393 1171 698 1234 Θεοδοτίων,
731 1169 880 1238 ὑπὲρ
909 1169 1020 1237 τῆς
1038 1171 1292 1239 χορείας,
1322 1170 1415 1223 καὶ
1443 1172 1475 1240 ή
1502 1169 1724 1240 πεμπτὴ
1753 1168 1962 1233 ἕκδοσις

393 1262 672 1325 ὡσαύτως.
721 1262 1055 1331 Ἀναγκαίως
1095 1263 1151 1316 δὲ
1204 1263 1486 1334 πρόκειται
1528 1263 1609 1325 τὸ,
1634 1263 1958 1327 συνέσεως·

395 1355 686 1425 ἐπειδήπερ
712 1356 973 1418 συνέσεως
995 1356 1124 1425 ἡμῖν
1149 1354 1227 1406 δεῖ
1247 1355 1379 1426 πρὸς
1406 1355 1463 1407 τὸ
1489 1354 1676 1424 νοῆσαι
1706 1354 1788 1416 τίς
1817 1355 1962 1406 ἐστιν

394 1448 427 1516 ή
461 1446 643 1518 χορεία
674 1449 707 1517 ή
736 1446 821 1499 διὰ
863 1448 959 1517 τῆς
1003 1446 1328 1517 προγραφῆς
1392 1445 1712 1517 δηλουμένην
1753 1447 1846 1498 καὶ
1881 1444 1963 1509 τίς

394 1541 422 1592 6
450 1541 625 1608 λόγος,
647 1540 768 1593 καθ’
798 1539 855 1592 ὃν
884 1538 1027 1602 ἅπαξ
1084 1537 1467 1609 προλεχθείσης
1492 1539 1590 1607 τῆς
1629 1537 1965 1608 προφητείας

396 1633 532 1686 κατά
566 1633 654 1685 τὸν
692 1631 759 1700 ιγ’
791 1631 1040 1700 δεύτερον
1087 1628 1319 1682 ἐνταῦθα
1365 1630 1750 1699 παρείληπται.
1784 1629 1856 1681 Τὸ
1885 1628 1963 1692 δὲ,

394 1727 479 1789 εἰς
499 1725 692 1788 τέλος,
719 1726 774 1776 ὲν
793 1723 1117 1794 ἀμφοτέροις
1135 1719 1401 1790 κείμενον,
1429 1721 1756 1790 σημαντικὸν
1783 1720 1848 1773 ἂν
1877 1719 1960 1791 εἴη

2061 521 2245 574 verbis
2278 519 2436 575 ambo
2469 519 2747 574 diﬂ'erunt.
2794 517 2928 572 Nam
2964 519 3016 571 in
3049 517 3208 571 titulo
3248 517 3493 572 decimus
3522 523 3636 569 ter-

2064 612 2173 666 tius
2219 613 2272 664 in
2307 613 2464 680 ﬁnem
2507 610 2672 664 David
2717 611 2903 674 habet,
2955 610 3043 663 hic
3071 623 3202 663 vero
3224 608 3468 663 eamdem
3511 577 3663 677 qui-“

2061 703 2183 756 dem
2230 703 2551 758 sententiam
2584 702 2833 771 praefert;
2883 700 2978 757 sed
3029 701 3143 755 haec
3183 701 3407 770 insuper
3460 699 3632 761 addit,

2060 809 2154 862 pro
2171 793 2225 846 Μ
2233 794 2457 860 αΙιείειΙι,
2477 795 2856 864 intelligentiae.
2890 794 3107 862 Aquila,
3139 808 3293 860 super
3311 792 3520 856 chorea,
3548 790 3632 844 in-

2063 894 2392 957 terpretatus
2414 894 2496 942 est
2523 905 2536 952 ;
2571 885 2954 957 Symmachus,
2985 901 3076 953 per
3109 885 3360 948 chorum;
3385 883 3634 937 Theodo-

2062 982 2160 1044 tio,
2197 996 2290 1048 pro
2309 980 2496 1033 chorea
2517 1020 2532 1043 ,
2555 987 2608 1034 et
2631 980 2822 1050 quinta
2856 979 3026 1034 editio
3059 979 3328 1035 similiter.
3364 978 3634 1036 Necessa-

2064 1072 2146 1126 rio
2179 1080 2360 1126 autem
2410 1071 2772 1141 intelligentia:
2835 1069 3068 1135 dicitur;
3102 1069 3230 1140 quia
3277 1069 3636 1140 intelligentia

2064 1163 2224 1218 nobis
2247 1179 2406 1234 Opus,
2434 1172 2494 1218 ut
2520 1164 2800 1233 capiamus
2821 1178 2942 1232 qua:
2971 1162 3044 1217 sit
3091 1162 3182 1216 illa
3214 1161 3432 1227 chorea,
3473 1161 3529 1215 in
3559 1161 3633 1214 ti-

2065 1261 2180 1314 tulo
2211 1259 2488 1326 indicata;
2523 1269 2576 1313 et
2605 1273 2710 1329 qua
2739 1257 2808 1312 de
2841 1272 3028 1323 causa,
3079 1256 3244 1312 semel
3275 1257 3484 1326 prolata
3509 1270 3636 1326 pro-

2067 1354 2248 1424 pbetia
2295 1354 2349 1407 in
2375 1354 2588 1423 psalmo
2619 1352 2832 1406 decimo
2864 1351 3050 1414 tertio,
3081 1349 3323 1405 secundo
3364 1349 3452 1403 hic
3482 1363 3666 1417 repe-.

2065 1455 2230 1500 tatur.
2263 1443 2398 1500 Illud
2433 1453 2633 1507 autem,
2678 1444 2732 1496 in
2766 1443 2944 1511 ﬁnem,
2975 1441 3120 1512 quod
3153 1442 3208 1494 in
3230 1447 3460 1508 utroque
3503 1439 3638 1508 legi-

2065 1544 2176 1599 tur,
2209 1545 2420 1606 tempus
2455 1549 2564 1605 quo
2610 1533 2819 1601 impleri
2857 1531 3058 1586 debent
3115 1545 3235 1600 quae
3277 1529 3331 1582 in
3354 1529 3638 1598 prophetia

2069 1627 2317 1681 feruntur
2346 1624 2756 1696 signiﬁcaverit.
2813 1622 2951 1689 Quia
3002 1622 3148 1677 enim
3201 1622 3256 1675 in
3290 1635 3639 1676 consumma-

2067 1721 2216 1774 tione
2242 1720 2450 1783 saaculi,
2484 1718 2733 1772 Salutare
2756 1716 2851 1771 Dei
2877 1715 3020 1786 quod
3051 1716 3105 1768 in
3129 1724 3271 1770 terra
3327 1712 3640 1768 hominibus

394 1817 487 1868 τοῦ
513 1816 704 1886 χρόνου
732 1815 852 1868 καθ’
873 1814 930 1864 ὃν
957 1813 1186 1885 ἤμελλεν
1233 1811 1606 1864 ἀποτελεῖσθαι
1652 1812 1721 1864 τὰ
1755 1829 1964 1882 προφη-

2072 1810 2264 1874 illuxit,
2295 1810 2552 1863 choream
2585 1807 2872 1861 constituit
2923 1821 2988 1861 ex
3017 1805 3271 1860 omnibus
3301 1805 3552 1875 gentibus
3581 1802 3639 1856 in

395 1908 678 1978 τευόμενα.
742 1907 958 1977 Ἐπειδὴ
1003 1905 1112 1976 γὰρ
1159 1905 1302 1958 κατὰ
1346 1906 1444 1978 τὴν
1502 1904 1811 1958 συντέλειαν
1867 1905 1962 1958 τοῦ

397 1997 608 2061 αἰῶνος,
630 1997 689 2049 τὸ
714 1999 986 2066 Σωτήριον
1015 1995 1109 2050 τοῦ
1137 1995 1292 2058 Θεοῦ,
1322 1996 1582 2064 ἐπιφανὲν
1611 1998 1723 2058 τοῖς
1753 1995 1844 2048 ἐπὶ
1862 1994 1964 2064 γῆς

397 2087 723 2161 ἀνθρώποις,
778 2091 990 2160 χορείαν
1052 2089 1414 2159 συνεστήσατο
1463 2089 1559 2160 τὴν
1610 2086 1669 2152 ἐξ
1713 2088 1966 2142 ἁπάντων

395 2179 502 2231 τῶν
531 2179 698 2233 ἐθνῶν
728 2181 784 2232 ὲν
817 2184 881 2251 τῇ
930 2182 1222 2253 Ἐκκλησία
1249 2180 1414 2236 αὑτοῦ
1467 2179 1963 2250 συγκροτουμένην,

397 2274 474 2334 είς
497 2271 696 2342 ὕμνους
721 2273 814 2325 καὶ
856 2271 1159 2342 δοξολογίας
1184 2273 1278 2327 τοῦ
1305 2273 1466 2327 αὐτοῦ
1497 2273 1726 2345 Πατρός⁸
1747 2273 1969 2335 εἰκότως

388 2362 488 2416 ’ἐπὶ
511 2362 722 2416 σύνεσιν
751 2365 895 2435 ήμᾶς
917 2365 1120 2435 ταύτης
1147 2367 1246 2437 τῆς
1284 2365 1501 2437 χορείας
1522 2367 1549 2419 6
1576 2365 1731 2433 λόγος
1761 2381 1968 2434 παρορ-

398 2457 495 2525 μᾷ.
521 2455 628 2509 Καὶ
649 2457 751 2528 ὅρα
777 2457 836 2509 τὸ
867 2457 1192 2528 παράδοξον·
1217 2458 1526 2530 προγράφει
1564 2456 1661 2527 μὲν
1690 2455 1799 2528 γὰρ
1817 2454 1970 2523 ὑπὲρ

395 2545 506 2613 τῆς
533 2548 791 2615 χορείας,
819 2547 852 2619 ἢ
889 2548 1040 2618 ὑπὲρ
1080 2550 1185 2603 τοῦ
1224 2549 1428 2618 χοροῦ,
1457 2549 1663 2617 εἰσάγει
1687 2547 1743 2601 δὲ
1779 2547 1968 2600 οὐδένα

397 2639 488 2690 ἐπὶ
521 2638 622 2709 γῆς
651 2640 934 2710 ἄνθρωπον
969 2641 1326 2707 ἀγαθὸν,οὑδὲ
1355 2641 1610 2693 ποιοῦντα
1629 2639 1969 2711 χρηστότητα

396 2727 500 2792 ἕως
549 2731 684 2794 ἐνὸς,
736 2730 908 2798 λέγων
954 2731 1096 2801 ἑξῆς·
1149 2733 1361 2796 Κύριος
1418 2731 1487 2782 ἐκ
1538 2729 1644 2782 τοῦ
1708 2726 1969 2795 οὐρανοῦ

396 2818 685 2887 διέκυψεν
708 2820 805 2872 ἐπὶ
834 2819 972 2885 τοὺς
993 2821 1160 2886 υἱοὺς
1190 2822 1305 2876 τῶν
1329 2820 1669 2887 ἀνθρώπων,
1694 2820 1798 2873 τοῦ
1822 2819 1969 2873 ἰδεῖν

2063 1902 2306 1957 Ecclesia
2335 1901 2506 1970 ipsius
2536 1909 2941 1970 congregatam,
2973 1899 3040 1953 ad
3068 1899 3302 1970 hymnos
3329 1907 3382 1952 et
3409 1896 3639 1967 gloriam

2062 1995 2210 2048 Patri
2241 1995 2413 2064 ipsius
2434 1991 2814 2058 referendam;
2840 1992 2965 2062 jure
2993 1991 3058 2045 ad
3085 1991 3212 2045 talis
3239 1991 3451 2044 choreae
3482 1989 3643 2042 intel-

2062 2087 2340 2159 ligentiam
2369 2101 2469 2141 nos
2495 2101 2674 2141 sermo
2721 2086 2978 2140 concitat.
3005 2083 3069 2137 Et
3097 2084 3221 2139 vide
3253 2083 3408 2146 mihi,
3433 2097 3640 2152 quaeso,

2063 2196 2179 2236 rem
2215 2179 2506 2250 permiram
2535 2198 2546 2233 :
2579 2178 2706 2232 dum
2737 2177 2882 2232 enim
2911 2177 3058 2230 hunc
3085 2177 3302 2230 titulum
3353 2175 3505 2239 edit,
3547 2189 3644 2242 pro

2071 2273 2260 2327 chorea
2278 2272 2362 2326 vel
2385 2288 2478 2341 pro
2524 2271 2711 2334 choro,
2763 2270 2974 2324 nullum
3027 2284 3148 2324 esse
3197 2269 3251 2322 in
3278 2279 3418 2322 terra
3443 2269 3645 2322 bonum

2073 2362 2370 2428 hominem,
2433 2378 2498 2418 ac
2534 2379 2601 2418 ne
2633 2363 2716 2418 vel
2751 2378 2918 2416 unum
2971 2363 3064 2432 qui
3124 2362 3285 2416 faciat
3347 2361 3645 2415 bonitatem

2071 2457 2342 2519 enuntiat,
2367 2457 2554 2511 dicens
2603 2459 2658 2511 in
2705 2457 3062 2527 sequentibus
3093 2473 3104 2506 :
3142 2456 3403 2509 Dominus
3426 2454 3488 2508 de
3519 2455 3647 2509 cwlo

2072 2548 2338 2617 prospexit
2358 2563 2514 2617 super
2544 2549 2686 2616 ﬁlios
2719 2549 3010 2610 hominum,
3066 2559 3124 2600 ut
3173 2547 3344 2601 videat
3384 2547 3431 2600 si
3460 2554 3537 2600 est
3567 2546 3646 2598 in-

2073 2639 2309 2710 telligens
2345 2651 2436 2692 aut
2470 2643 2739 2711 requirens
2795 2640 2980 2695 Deum.
3013 2640 3204 2694 Omnes
3234 2640 3646 2698 declinaverunt,

2072 2731 2232 2785 simul
2261 2733 2472 2786 inutiles
2500 2732 2630 2801 facti
2659 2741 2818 2795 sunt;
2854 2747 2954 2784 non
2985 2739 3063 2784 est
3097 2732 3186 2800 qui
3236 2731 3401 2799 faciat
3433 2729 3646 2791 bonum,

2073 2838 2175 2874 non
2214 2831 2293 2874 est
2330 2838 2490 2891 usque
2519 2822 2586 2874 ad
2614 2838 2796 2874 unum.

390 2914 449 2965 ‘el
480 2911 610 2963 ἔστι
651 2911 880 2964 συνιὼν
940 2911 1035 2964 καὶ
1089 2910 1346 2979 ἐκζητῶν
1397 2912 1502 2965 τὸν
1553 2913 1716 2965 Θεόν.
1787 2910 2015 2978 Πάντες
2051 2911 2405 2978 ἐξέκλιναν,
2461 2912 2582 2982 ἅμα
2630 2912 3081 2982 ἠχρειώθησαν,
3129 2913 3239 2964 οὐκ
3289 2910 3418 2964 ἔστι
3464 2907 3647 2964 ποιῶν

396 3005 643 3074 ἀγαθὸν,
691 3005 802 3057 οὐκ
828 3003 999 3058 ἐστιν
1025 3005 1135 3071 ἕως
1152 3005 1308 3070 ἑνός.

469 3119 531 3170 El
558 3117 615 3169 δὲ
643 3111 734 3170 οὖν
755 3117 975 3170 τοιαῦτα
993 3112 1058 3188 ἦν
1084 3117 1151 3170 τὰ
1202 3119 1258 3169 ἐν
1299 3117 1624 3191 ἀνθρώποις,
1659 3118 1734 3182 ὼς
1769 3118 1968 3190 μηδένα

2148 3117 2205 3174 Si
2232 3119 2415 3189 itaque
2445 3120 2524 3174 sic
2557 3134 2617 3174 se
2645 3133 2733 3174 res
2771 3117 3046 3173 habebant
3088 3119 3226 3188 apud
3265 3119 3515 3176 homines
3539 3161 3551 3180 .
3592 3131 3648 3177 ut

393 3207 601 3277 ’ἀγαθὸν
627 3208 973 3278 εὑρίσκεσθαι
1001 3211 1058 3261 ὲν
1080 3212 1190 3272 τοῖς
1219 3210 1351 3273 υἱοῖς
1381 3210 1487 3263 τῶν
1504 3210 1598 3263 ἀνθ
1609 3208 1824 3280 ρώπων,
1854 3211 1970 3275 πῶς

397 3300 536 3371 ὑπὲρ
569 3300 665 3370 τῆς
690 3299 908 3370 χορείας
943 3299 1015 3352 τά
1064 3301 1163 3370 τῆς
1215 3301 1535 3372 προγραφῆς
1594 3300 1846 3369 λέγεσθαι
1878 3317 1972 3372 ση-

390 3391 607 3462 μαίνεις
668 3389 806 3442 Ἂλλ⁹
864 3393 1026 3460 ἐρεῖς,
1069 3391 1171 3455 ὃτι,
1216 3391 1403 3462 ἐπειδὴ
1450 3393 1650 3455 πάντες
1698 3391 1971 3458 ἐξέκλιναν

397 3486 500 3550 ’ἐως
522 3486 660 3550 ἐνὸς,
689 3485 1056 3558 διεφθάρησάν
1078 3503 1137 3539 τε
1169 3489 1218 3540 oi
1269 3489 1362 3541 ἐπὶ
1387 3489 1489 3560 γῆς
1517 3490 1609 3542 καὶ
1647 3488 1970 3559 ἐϐδελύχθη-

401 3595 498 3631 σαν
522 3579 579 3630 ὲν
612 3576 882 3648 ἀνομίαις,
929 3576 1153 3641 εἰκότως
1206 3579 1235 3630 6
1286 3580 1566 3650 προφήτης
1619 3579 1890 3648 ἐπηύξατο
1915 3582 1972 3631 ὲν

397 3671 508 3732 τοῖς
529 3668 671 3739 μετά
709 3667 880 3721 ταῦτα
925 3667 1113 3721 εἰπών·
1147 3669 1241 3734 Τίς
1263 3669 1440 3724 δώσει
1483 3671 1550 3722 ἐκ
1579 3669 1732 3723 Σιὼν
1758 3670 1824 3722 τὸ
1851 3672 1969 3722 Σω-

398 3761 602 3829 τήριον
644 3761 748 3815 τοῦ
792 3760 1065 3828 Ἰσραήλ;
1108 3761 1177 3814 ὲν
1223 3759 1303 3826 τῷ
1341 3761 1695 3830 ἐπιστρέψαι
1756 3763 1974 3828 Κύριον

397 3853 512 3921 τὴν
537 3852 950 3922 αἰχμαλωσίαν
973 3852 1078 3906 τοῦ
1106 3852 1259 3906 λαοῦ
1290 3853 1496 3916 αὑτοῦ,
1545 3850 1975 3922 ἀγαλλιάσεται

413 3943 628 4008 Ἰακὼϐ,
663 3942 762 3997 καὶ
801 3939 1276 4011 εὐφρανθήσεται
1313 3939 1565 4009 Ἰσραήλ.
1624 3943 1835 3996 Συνεῖδε
1865 3945 1973 4014 γὰρ

400 4039 466 4108 τῇ
523 4033 828 4108 προγνώσει
879 4033 974 4088 τοῦ
1010 4035 1317 4106 πνεύματος
1371 4036 1466 4089 τοῦ
1511 4036 1870 4107 προφητικοῦ,
1899 4038 1970 4100 ὡς

400 4129 508 4199 ἄρα
540 4129 630 4182 διά
680 4129 774 4181 τοῦ
805 4128 1078 4198 Σωτηρίου
1129 4127 1360 4199 ἤμελλεν
1404 4131 1436 4200 ἡ
1489 4129 1832 4200 αἰχμαλωσία
1877 4130 1972 4183 τοῦ

403 4216 528 4272 λαοῦ
559 4219 905 4290 ἐπιστρέφειν
960 4219 1052 4271 καὶ
1080 4217 1492 4291 ὲλευθεροῦσθαι
1529 4221 1628 4292 τῆς
1667 4219 1775 4274 τῶν
1813 4221 1972 4274 πολε-

401 4313 540 4382 μίων
592 4311 923 4374 δυναστείας
958 4307 1032 4368 ὧν
1055 4313 1505 4384 ἐπιτελουμένων,
1535 4314 1568 4384 ὴ
1597 4313 1690 4366 τοῦ
1719 4312 1852 4366 Θεοῦ
1887 4331 1976 4384 χο-

407 4403 524 4476 ρεία
553 4403 832 4458 συνίστατο
852 4405 911 4471 ἐξ
938 4406 1115 4460 αὐτῶν
1135 4406 1358 4460 ἐκείνων
1381 4404 1488 4458 τῶν
1508 4405 1975 4477 ἐλευθερουμένων

401 4495 501 4566 τῆς
549 4496 944 4567 αἰχμαλωσίας.
999 4498 1236 4560 Εἰκότως
1287 4493 1377 4551 οὖν
1427 4499 1507 4561 εἰς
1537 4497 1598 4550 τὸ
1647 4497 1797 4562 τέλος
1845 4498 1975 4552 ἀνα-

404 4587 678 4658 πέμπεται
724 4589 792 4642 τά
840 4588 1126 4659 λεγόμενα,
1174 4593 1268 4644 καὶ
1303 4590 1456 4658 ὑπὲρ
1495 4589 1760 4653 Μαελὲθ,
1819 4607 1972 4643 τουτ-

403 4679 550 4734 έστιν
582 4679 734 4748 ὑπὲρ
773 4679 881 4748 τῆς
909 4683 1166 4750 χορείας,
1190 4683 1454 4738 λέλεκται·
1482 4684 1614 4737 ὡσεὶ
1642 4684 1972 4756 σαφέστερον

403 4772 730 4842 ἡρμήνευτο,
749 4773 886 4844 ὑπὲρ
905 4773 1010 4826 τῶν
1037 4773 1620 4848 ὲλευθερωθησομένων
1648 4780 1746 4850 τῆς
1775 4779 1973 4848 αἰχμα.

403 4861 619 4926 λωσίας·
654 4864 837 4936 διόπερ
897 4866 990 4918 καὶ
1043 4867 1122 4928 εἰς
1168 4866 1379 4920 σύνεσιν
1443 4869 1588 4940 ἡμᾶς
1638 4869 1970 4940 ἀναπέμπει.

406 4953 634 5026 Εἴρηται
681 4956 770 5020 δὲ,
819 4956 900 5022 τῷ
948 4958 1147 5021 Δαυῒδ,
1209 4961 1242 5029 ἡ
1293 4961 1623 5032 προφητεία,
1665 4963 1755 5015 ὑπ’
1808 4960 1973 5016 αὐτοῦ

403 5047 672 5118 λεχθεῖσα.
704 5049 794 5100 Διὸ
824 5050 976 5121 παρά
1029 5055 1140 5116 τοῖς
1196 5053 1396 5116 λοιποῖς
1454 5055 1832 5124 έρμηνευταῖς,
1870 5054 1975 5109 τοῦ

403 5140 605 5204 Δαυῒδ,
633 5140 1054 5212 ἐπιγέγραπται.
1094 5146 1200 5198 Καὶ
1251 5144 1395 5198 ἔστιν
1420 5147 1594 5200 εἰπεῖν
1638 5147 1712 5210 ὼς
1737 5147 1844 5218 ἄρα
1877 5147 1975 5199 αύ-

404 5232 494 5294 τὸς
523 5233 552 5283 6
598 5231 778 5295 Δαυῖδ,
830 5236 1113 5306 προφήσας
1168 5235 1247 5288 τό·
1287 5233 1433 5304 Ἐγὼ
1483 5236 1550 5289 δὲ
1601 5237 1742 5289 ὡσεὶ
1800 5237 1975 5290 ἐλαία

405 5321 782 5391 κατάκαρπος
807 5325 877 5377 ἑν
902 5324 980 5390 τῷ
1007 5327 1148 5392 οἴκῳ
1179 5328 1283 5382 τοῦ
1317 5328 1486 5392 Θεοῦ,
1521 5328 1755 5398 ἤλπισα
1784 5329 1883 5382 ἐπί
1907 5329 1974 5382 τὸ

404 5416 578 5483 ἕλεος
606 5418 712 5472 τοῦ
739 5419 910 5483 Θεοῦ,
956 5422 1056 5473 οὐκ
1103 5421 1276 5485 ἄλλως
1308 5422 1592 5486 τεύξεσθαι
1652 5421 1746 5474 τοῦ
1791 5421 1974 5486 ἐλέους

403 5507 672 5576 ἠπίστατο
702 5508 735 5579 ἦ
767 5510 856 5564 διά
884 5511 978 5565 τοῦ
1020 5515 1492 5584 προφητεύομένου
1541 5513 1826 5584 σωτηρίου.
1886 5515 1976 5568 Διὸ

405 5603 462 5653 ὲν
493 5601 591 5672 μὲν
617 5603 695 5674 τῷ
722 5611 764 5659 ν’
789 5603 990 5674 ἔλεγεν·
1037 5605 1286 5671 Ἀπόδος
1326 5625 1426 5675 μοι
1470 5606 1582 5675 τὴν
1613 5607 1975 5676 ἀγαλλίασιν

479 5760 524 5789 τ’
568 5759 710 5813 Psal.
747 5775 808 5825 L,
849 5760 932 5814 l4.

2077 3212 2260 3266 nullus
2289 3210 2346 3264 in
2381 3209 2507 3265 filiis
2544 3207 2826 3263 hominum
2855 3208 3034 3262 bonus
3077 3209 3445 3278 reperiretur,
3481 3226 3649 3280 quare

2077 3319 2174 3375 pro
2205 3303 2403 3358 chorea
2434 3303 2704 3372 psalmum
2741 3299 2850 3354 dici
2882 3299 3168 3370 inscriptio
3201 3302 3503 3372 signiﬁcat?
3547 3301 3649 3359 Ve-

2076 3413 2196 3451 rum
2247 3396 2438 3460 dicas,
2486 3395 2614 3464 quia
2665 3408 2856 3450 omnes
2904 3391 3311 3448 declinaverant
3353 3411 3528 3465 usque
3579 3397 3648 3450 ad

2077 3502 2266 3552 unum,
2302 3501 2365 3540 ac
2390 3485 2633 3554 corrupti
2673 3491 2828 3539 erant
2859 3485 2953 3555 qui
2985 3485 3040 3552 ip
3070 3494 3217 3540 terra
3249 3488 3610 3542 versabantur
3630 3529 3647 3552 ,

2073 3587 2128 3634 et
2155 3577 2549 3632 abominabiles
2580 3576 2708 3630 facti
2729 3583 2888 3632 erant
2921 3577 2976 3631 in
3007 3578 3423 3647 iniquitatibus;
3455 3582 3649 3634 merito

2073 3670 2392 3742 prophetam
2422 3671 2476 3723 in
2498 3669 2852 3739 sequentibus
2882 3679 3160 3740 precatum
3195 3671 3281 3727 his
3303 3672 3484 3727 verbis
3503 3688 3646 3738 esse,

2076 3763 2205 3828 Quis
2224 3761 2372 3814 dabit
2410 3775 2474 3814 ea:
2505 3759 2634 3814 Sion
2661 3759 2912 3814 Salutare
2945 3759 3160 3816 Israel?
3187 3778 3302 3814 cum
3344 3766 3650 3819 converterit

2076 3854 2330 3907 Dominus
2357 3853 2712 3922 captivitatem
2761 3853 2924 3922 plebis
2950 3870 3082 3919 sum,
3124 3856 3408 3910 exsultabit
3448 3855 3647 3921 Iacob,

2073 3955 2123 4000 et
2161 3945 2428 4000 lwtabitur
2467 3943 2661 3998 Israel.
2695 3942 2828 3997 Nam
2865 3946 3164 4014 prophetici
3196 3949 3424 4016 spiritus
3465 3951 3648 4005 afflatu

2075 4045 2323 4101 noverat,
2356 4053 2451 4107 per
2487 4037 2738 4090 Salutare
2771 4036 2901 4088 illud
2923 4075 2937 4098 ,
2967 4039 3330 4107 captivitatem
3361 4043 3532 4110 plebis
3564 4059 3650 4098 re-

2076 4145 2355 4185 versuram
2389 4137 2442 4184 et
2470 4127 2809 4183 liberandam
2837 4143 2960 4183 esse
2987 4145 3050 4183 ex
3101 4130 3442 4192 inimicorqu
3473 4133 3649 4189 domi-

2076 4230 2230 4278 natu.
2261 4221 2471 4288 Quibus
2502 4219 2767 4274 absolutis
2793 4258 2808 4282 ,
2861 4219 2953 4274 Dei
2990 4220 3247 4276 choream
3293 4238 3357 4277 ex
3393 4224 3581 4279 iisdem
3618 4243 3648 4281 a

2077 4316 2390 4387 captivitate
2418 4315 2663 4369 liberatis
2685 4313 3124 4368 constituendam
3150 4329 3292 4371 esse.
3326 4314 3457 4372 Jure
3487 4319 3648 4390 igitur

2076 4409 2190 4464 haec
2205 4408 2351 4463 dicta
2365 4407 2432 4462 ad
2462 4407 2622 4461 finem
2646 4407 3015 4470 remittuntur,
3039 4422 3133 4476 pro
3155 4406 3436 4476 Maheleth,
3455 4411 3508 4466 id
3539 4419 3644 4476 est,

2076 4517 2172 4570 pro
2201 4501 2388 4554 chorea
2441 4497 2586 4552 dicta
2633 4506 2762 4553 sunt
2793 4517 2806 4554 :
2848 4515 2911 4553 ac
2942 4500 2986 4555 si
3017 4500 3220 4556 clarius
3255 4503 3646 4572 explicaretur,

2079 4609 2177 4664 pro
2208 4593 2276 4648 iis
2308 4593 2400 4662 qui
2432 4592 2696 4646 liberandi
2726 4598 2854 4646 sunt
2901 4607 2931 4645 a
2974 4593 3314 4663 captivitate;
3345 4610 3515 4663 quare
3543 4611 3646 4651 nos

2079 4686 2147 4740 ad
2177 4683 2588 4754 intelligentiam
2621 4685 2868 4737 remittit.
2903 4682 3054 4738 Dicta
3090 4693 3267 4739 autem
3291 4694 3375 4740 est
3409 4688 3645 4757 prophe-

2077 4777 2175 4842 tia,
2205 4776 2416 4839 Davidi,
2464 4778 2590 4848 quia
2625 4777 2693 4831 ab
2744 4778 2859 4847 ipso
2895 4775 3094 4832 Davide
3125 4779 3371 4847 prolata;
3407 4795 3648 4851 quapro-

2081 4878 2201 4942 pter
2232 4868 2375 4940 apud
2429 4869 2753 4939 interpretes
2777 4909 2792 4931 ,
2836 4867 3091 4934 Davidis,
3126 4870 3386 4940 inscripta
3425 4883 3525 4927 est.
3567 4873 3647 4930 Ac

2081 4962 2190 5017 dici
2219 4969 2398 5032 potest
2430 4959 2685 5015 Davidem
2711 4999 2726 5025 ,
2759 4961 2848 5030 qui
2885 4968 3009 5014 ante
3035 4960 3279 5026 dixerat,
3329 4960 3441 5033 Ego
3471 4974 3645 5019 autem

2081 5055 2218 5108 sicut
2247 5053 2385 5107 oliva
2435 5052 2714 5122 fructifera
2745 5054 2798 5106 in
2831 5051 2986 5106 domo
3020 5052 3139 5117 Dei,
3173 5056 3374 5122 speravi
3402 5056 3456 5108 in
3486 5057 3646 5110 mise-

2081 5146 2317 5202 ricordia
2348 5145 2466 5210 Dei,
2503 5147 2638 5201 bene
2669 5145 2886 5200 novisse
2923 5159 2982 5199 se
3013 5160 3122 5198 non
3151 5146 3258 5200 alio
3287 5146 3448 5200 modo
3477 5147 3644 5202 mise-

2079 5241 2373 5295 ricordiam
2419 5246 2844 5294 consecuturum
2874 5253 3027 5301 esse,
3085 5252 3246 5307 quam
3282 5253 3377 5308 per
3408 5239 3646 5296 salutare

2079 5329 2213 5384 illud
2241 5329 2386 5399 quod
2432 5328 2488 5382 in
2533 5328 2792 5383 vaticinio
2839 5326 3132 5382 ferebatur.
3178 5327 3541 5393 Quamobrem
3591 5331 3644 5384 in

2080 5421 2532 5493 quinquagesimo
2561 5419 2808 5474 dicebat:
2845 5417 3018 5481 Redde
3045 5419 3174 5472 mihi
3225 5419 3464 5473 lwtitiam
3486 5420 3644 5474 Salu-

2083 5515 2212 5568 taris
2247 5515 2322 5566 tni
2347 5515 2426 5577 ⁷²;
2471 5513 2525 5566 in
2555 5512 2658 5566 hoc
2687 5520 2888 5572 autem,
2918 5510 3047 5576 Quis
3063 5510 3210 5563 dabit
3237 5526 3300 5564 ea:
3329 5510 3457 5566 Sion
3486 5511 3644 5566 Saluo

2085 5614 2195 5658 tare
2230 5603 2441 5658 Israel?
2470 5601 2714 5672 Rogabat
2753 5600 2952 5671 quippe
2979 5615 3268 5656 commune
3301 5585 3500 5657 bonum
3544 5603 3646 5658 sibi
