4098 6368
492 341 598 393 4335

1201 335 1467 391 EUSEBII
1501 330 1977 391 CESARIENSIS
2015 327 2165 385 OPP.
2197 325 2378 382 PARS
2417 325 2592 383 111.-
2618 326 3007 382 EXEGETICA

3647 327 3752 385 43.6

491 472 710 528 quoque
754 455 991 526 erogari.
1052 455 1309 512 Decimus
1361 456 1557 511 tertius
1610 454 1771 508 etiam
1817 466 2045 524 magnau

2168 447 2274 501 τοῦ
2313 446 2609 513 Σωτηρίου
2624 462 2759 499 σου·
2795 446 2852 497 ὲν
2883 443 3031 515 δὲτῷ
3060 442 3396 515 προ-κειμένιτ
3425 457 3438 471 ·
3458 442 3554 509 Τίς
3572 442 3752 499 δώσει

489 565 615 605 cum
647 549 993 620 pmcedenti,
1028 548 1239 602 scilicet
1260 563 1385 602 cum
1408 547 1751 610 duodecimo,
1787 548 1948 602 habet
1980 547 2064 601 af-

493 639 774 697 ﬁnitatem.
810 638 944 693 Nam
992 647 1281 709 postquam
1311 640 1523 710 rogavit
1558 641 1698 694 idem
1750 641 1802 693 in
1858 641 2064 694 duode-

492 733 657 795 cimo.
687 747 751 786 ac
791 730 950 795 dixit,
993 730 1297 801 Usquequo,
1352 732 1600 796 Domine,
1632 733 1951 786 obliviscaris
1984 748 2063 786 me

488 827 543 879 in
576 827 776 895 finem?
815 840 1077 894 usquequo
1119 825 1309 877 avertis
1370 825 1558 894 faciem
1607 835 1749 878 tuum
1792 842 1825 879 a
1868 842 1946 878 me
1979 826 2066 879 7'?

492 918 816 987 quibusdam
852 924 1038 986 postea
1072 915 1293 979 additis,
1338 916 1411 970 ila
1460 918 1702 971 claudit:
1740 915 1846 987 Ego
1889 926 2062 971 autem

484 1011 544 1062 in
575 1008 937 1064 misericordia
977 1016 1069 1060 tua
1097 1009 1317 1076 speravi.
1352 1007 1655 1062 Exsultabit
1685 1026 1775 1062 cor
1807 1026 1974 1064 meum
2006 1011 2060 1063 in

490 1103 735 1159 Salutari
777 1113 868 1157 tuo
888 1104 954 1159 ⁷⁸.
981 1103 1046 1157 Et
1073 1106 1199 1174 quia
1231 1105 1284 1157 in
1313 1103 1636 1159 duodecimo
1652 1103 1900 1158 Salutare
1927 1106 2057 1160 illud

488 1197 826 1262 memoravit,
843 1198 900 1251 in
929 1197 1142 1252 decimo
1166 1196 1326 1251 tertio
1357 1208 1755 1268 consequenter
1774 1200 1849 1251 ait
1874 1218 1889 1253 :
1926 1198 2058 1266 Quis

480 1288 634 1343 dabit
652 1305 718 1344 ea:
739 1288 870 1346 Sion
901 1288 1150 1344 Salutare
1187 1288 1399 1343 Israel?

2170 543 2239 596 ἐκ
2268 542 2420 596 Σιὼν
2468 543 2533 594 τὸ
2568 540 2870 608 Σωτήρων
2926 540 3031 594 τοῦ
3074 538 3352 607 Ἰσραήλ;
3404 537 3610 608 Ηῦχετο
3640 541 3749 612 γὰρ

2171 634 2265 687 καὶ
2294 632 2441 703 αὑτῷ
2467 633 2682 703 δοθῆναι
2707 633 2767 684 ττι
2793 632 2969 685 κοινὸν
2987 632 3208 699 ἀγαθόν.
3242 632 3352 685 Καὶ
3382 632 3411 685 δ
3437 638 3505 700 ιγ’
3536 631 3593 685 δὲ
3613 632 3751 703 πρὸς

2168 725 2260 777 τὸν
2284 725 2389 797 πρὸ
2422 722 2608 787 αὑτοῦ,
2633 723 2776 789 λέγω
2799 723 2854 775 δὲ
2883 723 2973 775 τὸν
2999 723 3089 778 ιϐ’.
3116 722 3317 793 πολλὴν
3343 718 3486 793 εἶχεν
3519 724 3747 777 ἀκολου-

2168 817 2309 871 θίαν.
2344 817 2651 887 Εὑξάμενος
2677 814 2786 886 γὰρ
2834 817 2892 867 ἐν
2920 814 2997 884 τῷ
3030 814 3117 875 ιδ’,
3144 816 3174 867 ὁ
3233 815 3394 877 αὑτὸς
3430 815 3521 868 καὶ
3552 814 3744 870 εἰπών·

2170 912 2323 977 ’Έως
2360 913 2523 971 πότε,
2557 909 2755 976 Κύριε,
2794 905 3063 973 ἐπιλήσῃ
3105 925 3224 975 μου
3277 908 3365 973 εἰς
3391 905 3563 972 τέλος
3588 923 3606 971 ;
3635 907 3745 974 ἓως

2166 1004 2310 1055 ποτε
2339 999 2733 1068 ἀποστρέφεις
2779 998 2845 1051 τὸ
2905 999 3229 1066 πρόσωπόν
3262 1014 3379 1051 σου
3423 996 3525 1051 ἀπ’
3557 996 3704 1066 ἐμοῦ
3725 1012 3778 1077 ;,

2168 1094 2262 1147 καὶ
2294 1092 2361 1146 τὰ
2420 1092 2628 1155 τούτοις
2662 1089 2791 1160 ἑξῆς
2822 1089 3096 1158 συνάψας,
3165 1088 3424 1156 ἐπιλέγει·
3473 1087 3622 1157 Ἐγὼ
3674 1085 3744 1140 δὲ

2164 1182 2261 1234 ἐπὶ
2292 1181 2372 1248 τῷ
2394 1181 2549 1236 ἐλέει
2587 1195 2703 1235 σου
2737 1181 2989 1249 ἤλπισα.
3029 1180 3484 1250 Ἀγαλλιάσεται
3520 1181 3559 1248 ἡ
3598 1197 3743 1248 παρ’

2166 1276 2266 1328 δία
2288 1292 2407 1345 μου
2436 1275 2532 1329 ἐπὶ
2555 1275 2637 1340 τῷ
2668 1275 2939 1342 Σωτηρίῳ
2955 1289 3093 1328 σου.
3126 1273 3233 1327 Καὶ
3256 1273 3549 1346 ἐπειδήπερ
3574 1274 3744 1344 ἐμνη-

479 1384 716 1455 μόνευσε
748 1384 842 1439 τοῦ
882 1384 1153 1457 Σωτηρίου
1185 1386 1245 1439 ὲν
1276 1384 1355 1457 τῷ
1380 1385 1465 1451 ιϐ’,
1522 1387 1581 1439 ὲν
1632 1386 1703 1458 τῷ
1729 1394 1798 1456 ιγ’
1829 1389 2135 1455 άκολοὺοως
2172 1393 2336 1464 φησι·
2396 1393 2491 1459 Τίς
2548 1392 2727 1447 δώσει
2786 1393 2855 1446 ἐκ
2920 1391 3073 1447 Σιὼν
3138 1390 3207 1445 τὸ
3272 1389 3571 1460 Σωτήρων
3634 1389 3742 1445 τοῦ

491 1479 736 1545 Ἰσραήλ
754 1497 775 1545 ,'

555 1494 579 1532 r
695 1484 775 1545 λς

555 1480 847 1645 ιξῗὲτίριίο
881 1573 1084 1644 itaque,
1116 1588 1238 1644 qua:
1285 1573 1455 1628 multa
1489 1581 1609 1646 eget
1659 1574 2045 1648 intelligentia,

2241 1576 2306 1630 Ἢ
2347 1576 2448 1647 μὲν
2468 1571 2562 1631 οῦν
2589 1574 2906 1648 προγραφὴ,
2938 1573 3135 1645 πολλῆς
3184 1573 3449 1638 συνέσεως
3485 1575 3740 1648 δεομένη,

478 1680 583 1735 pro
626 1666 825 1720 eborea
866 1664 1150 1719 dicebatur
1198 1679 1296 1735 per
1327 1661 1577 1720 Salutare
1634 1665 1688 1720 in
1740 1667 2045 1723 hominibus

2163 1668 2304 1740 ὑπὲρ
2332 1668 2429 1739 τῆς
2468 1667 2683 1739 χορείας
2724 1667 2958 1736 ἐλέγετο,
3015 1666 3115 1736 τῆς
3168 1665 3466 1737 μελλούσης
3524 1666 3611 1721 διὰ
3644 1667 3740 1720 τοῦ

478 1758 887 1822 constituenda,
916 1772 981 1812 ac
1012 1764 1135 1828 post
1166 1755 1468 1814 Salvatoris
1498 1760 1674 1814 nostri
1695 1759 1823 1815 Jesu
1855 1759 2045 1817 Christ

2162 1759 2436 1831 Σωτηρίου
2469 1759 2816 1813 συνίστασθαι
2851 1761 2909 1812 ὲν
2958 1757 3283 1829 ἀνθρώποις·
3319 1758 3441 1828 ἥτις
3473 1758 3619 1830 ἔργῳ
3643 1762 3741 1814 ὲπ·
3853 1798 3863 1807 .

477 1850 774 1905 adventum
820 1865 984 1919 opere
1031 1848 1300 1919 perfecta;
1353 1865 1451 1920 per
1502 1865 1666 1919 quem
1715 1850 1771 1904 in
1803 1853 2045 1907 universc

2160 1850 2416 1921 ετελέσθη
2452 1852 2590 1921 μετὰ
2638 1851 2738 1921 τὴν
2789 1850 3106 1919 ἐπιφάνειαν
3144 1849 3239 1902 τοῦ
3277 1850 3526 1921 Σωτῆρος
3581 1852 3740 1921 ἡμῶν

478 1942 612 1997 orbe
645 1958 751 1995 una
776 1942 1024 1998 constitit
1058 1941 1168 1996 Deo
1190 1943 1410 2006 chorea,
1429 1943 1607 2011 qualis
1630 1941 1746 1995 visa
1777 1958 2056 2015 nunquam

478 2033 679 2097 fuerat,
712 2035 923 2089 scilicet
948 2034 1222 2089 catholica
1248 2032 1491 2089 Ecclesia
1521 2034 1634 2098 Dei,
1661 2050 1825 2105 supra
1851 2036 2058 2091 ﬁrmam

480 2126 924 2196 immobilemque
942 2126 1202 2181 salutaris
1232 2127 1379 2182 verbi
1412 2136 1621 2197 petram
1650 2126 1895 2181 fundata.
1926 2126 2058 2194 Qua:

478 2224 663 2270 autem
695 2216 851 2269 initio
896 2216 1193 2286 prophetia:
1225 2218 1519 2280 dicuntur,
1576 2219 1821 2272 omnium
1872 2221 1967 2289 qui
2000 2219 2056 2272 in

476 2314 627 2361 terra
680 2315 808 2362 sunt
842 2307 1125 2361 hominum
1159 2310 1319 2378 quasi
1371 2310 1713 2381 naufragium
1765 2311 2053 2365 inducunt.

479 2395 615 2451 Nam
647 2399 763 2453 ait:
810 2399 962 2453 Dixit
1013 2400 1266 2468 insipiens
1316 2401 1370 2456 in
1419 2404 1575 2457 corde
1614 2419 1756 2457 suo:
1810 2402 1932 2457 Non
1975 2412 2052 2457 est

479 2490 642 2546 Deus.
675 2491 925 2563 Corrupti
976 2504 1102 2547 sunt
1156 2505 1203 2548 et
1248 2494 1628 2551 abominabiles
1677 2497 1808 2566 [acti
1842 2507 1963 2551 sunt
1999 2498 2052 2551 in

477 2584 754 2655 iniquitate
784 2600 803 2637 :
834 2600 937 2637 non
980 2594 1057 2639 est
1091 2587 1181 2650 qui
1218 2585 1381 2654 faciat
1433 2585 1646 2642 bonum.
1690 2586 1888 2641 Eadem
1924 2603 2054 2641 vero

477 2676 533 2730 in
568 2692 665 2731 xm
725 2676 1037 2740 habentur,
1077 2678 1311 2732 maxime
1364 2678 1663 2734 secundum
1727 2679 2051 2735 llebraicam

474 2768 753 2839 linguam,
798 2767 853 2822 in
891 2784 1000 2839 qua
1046 2768 1235 2823 eadem
1290 2771 1476 2832 verba.
1513 2772 1715 2826 eaedem
1768 2772 1959 2827 littera:
1996 2774 2050 2827 in

471 2861 741 2916 ambobus
777 2860 1003 2930 psalmis
1032 2859 1313 2927 feruntur;
1344 2865 1445 2917 etsi
1497 2864 1550 2917 in
1580 2865 1829 2919 versione
1862 2875 2051 2920 nostra

470 2951 737 3022 quasdam
766 2951 1012 3007 diversas
1041 2968 1202 3007 voces
1252 2954 1506 3023 praeferre
1554 2956 1856 3010 vidcantur.
1914 2957 2048 3012 Nam

471 3058 572 3112 pro
601 3044 725 3108 illo,
760 3041 1011 3110 Corrupti
1041 3052 1162 3096 sunt
1191 3054 1241 3097 et
1276 3044 1657 3100 abominabiles
1679 3047 1807 3114 [acti
1838 3057 1962 3101 sunt
1994 3049 2048 3101 in

2172 1943 2344 2015 Ἰησοῦ
2383 1943 2640 2016 Χριστοῦ·
2670 1942 2737 1997 δι’
2767 1939 2825 1998 οῦ
2842 1943 2962 1996 καθ’
2993 1942 3119 2013 ὅλης
3147 1942 3244 2013 τῆς
3281 1943 3605 2016 οἰκουμένης
3641 1945 3740 2015 μία

2162 2038 2393 2109 συνέστη
2451 2036 2529 2108 τῷ
2566 2037 2683 2109 Θεῷ
2724 2037 2934 2109 χορεία,
2966 2036 3054 2089 οἵα
3104 2034 3467 2097 οὐδεπώποτε,
3519 2038 3552 2107 ὴ
3606 2036 3739 2090 καθ-

2160 2128 2318 2202 ολικὴ
2341 2127 2439 2182 τοῦ
2468 2128 2601 2182 Θεοῦ
2646 2128 2943 2199 Ἐκκλησία
2967 2127 3060 2181 ἐπὶ
3098 2127 3197 2198 τὴν
3227 2127 3441 2197 ἀρραγῆ
3466 2128 3559 2180 καὶ
3583 2127 3704 2181 ἄσει
3728 2162 3738 2170 -

2160 2235 2283 2273 στον
2315 2219 2521 2291 πέτραν
2554 2219 2648 2272 τοῦ
2678 2219 2946 2291 σωτηρίου
2978 2218 3135 2285 λόγου
3165 2216 3624 2290 τεθεμελιωμένη.
3654 2219 3735 2272 Τὰ

2155 2310 2213 2365 δὲ
2241 2312 2298 2364 ὲν
2324 2313 2465 2384 ἀρχῇ
2511 2312 2610 2382 τῆς
2660 2310 2995 2382 προφητείας
3030 2310 3299 2380 λεγόμενα
3331 2309 3585 2364 ἁπάντων
3625 2310 3733 2364 τῶν

2156 2402 2248 2455 ἐπὶ
2284 2402 2387 2472 γῆς
2423 2402 2517 2456 ἀνθ
2527 2401 2724 2474 ρώπων
2754 2401 2943 2473 ὥσπερ
2972 2419 3023 2454 τι
3054 2401 3311 2469 ναυάγιον
3340 2401 3566 2470 εἰσάγει.
3596 2398 3731 2455 Εἷπε

2155 2495 2283 2566 γάρ·
2317 2495 2511 2562 φησὶν
2540 2494 2743 2562 ἄφρων
2792 2493 2862 2546 ἐν
2916 2492 3131 2561 καρδίᾳ
3160 2493 3367 2547 αὐτοῦ·
3426 2496 3545 2547 Οὐκ
3596 2496 3729 2548 ἐστι

2156 2587 2319 2652 Θεός.
2344 2584 2760 2654 Διεςρθάρησαν
2782 2583 2880 2637 καὶ
2912 2583 3366 2652 ἐϐδελύχθησαν
3394 2583 3463 2637 ἐν
3489 2584 3727 2651 ἀνομίᾳ·

2152 2680 2263 2731 οὐκ
2289 2677 2421 2731 ἐστι
2459 2675 2646 2729 ποιῶν
2701 2675 2944 2744 ἀγαθόν.
2980 2675 3059 2727 Τὰ
3094 2675 3233 2728 αὑτὰ
3255 2676 3310 2727 δὲ
3332 2676 3426 2727 καί
3460 2677 3516 2727 ὲν
3556 2673 3632 2745 τῷ
3663 2680 3729 2743 ιγ’

2152 2766 2427 2839 ἐδηλοῦτο,
2459 2767 2693 2837 μάλιστα
2719 2766 2861 2819 κατὰ
2899 2766 2998 2836 τὴν
3047 2766 3340 2838 Ἐϐραῖκὴν
3362 2766 3636 2836 γλῶσσαν,
3671 2769 3731 2821 ἐν

2152 2855 2185 2935 ᾖ
2222 2865 2275 2914 αἰ
2301 2861 2464 2916 αὑταὶ
2490 2861 2662 2926 λέξεις
2690 2861 3021 2932 ὲμφέρονται
3077 2862 3171 2914 καί
3214 2862 3280 2913 τὰ
3310 2862 3449 2914 αὑτὰ
3492 2865 3729 2932 στοιχεῖα

2149 2956 2208 3007 ὲν
2242 2953 2603 3023 ἀμφοτέροις·
2646 2955 2694 3006 εἰ
2733 2954 2827 3006 καὶ
2853 2952 3087 3022 μάλιστα
3112 2953 3209 3023 τῆς
3229 2954 3358 3021 παρ’
3398 2955 3530 3024 ἡμῖν
3563 2955 3733 3026 ἑρμη-

2140 3044 2318 3108 νείας,
2375 3045 2546 3108 λέξεις
2583 3045 2734 3108 τινὰς
2774 3044 3180 3114 ἐνηλλαγμένας
3233 3045 3510 3116 περιέχειν
3560 3046 3725 3101 δοκεῖ.

472 3136 787 3206 iniquitate;
830 3136 1074 3190 decimus
1115 3138 1335 3200 tertius,
1388 3137 1639 3208 Corrupti
1684 3150 1807 3193 sunt
1848 3150 1899 3193 et
1956 3140 2045 3194 ab-

2162 3136 2307 3188 Ἀντὶ
2343 3136 2451 3206 γὰρ
2478 3135 2593 3199 τοῦ,
2643 3134 2986 3203 Διέεςθειραν
3024 3135 3122 3189 καὶ
3161 3135 3617 3204 ἐϐδελύχθησαν
3658 3139 3729 3189 ἐν

469 3226 784 3282 ominabiles
822 3226 955 3295 facti
994 3236 1117 3280 sunt
1156 3227 1430 3283 in'studiis
1465 3231 1511 3261 ⁷⁵
1542 3250 1553 3284 ;
1589 3247 1652 3284 ae
1699 3247 1916 3285 rursum
1952 3248 2048 3301 pro

472 3319 595 3381 illo,
641 3315 763 3372 Non
783 3327 859 3371 est
881 3318 971 3387 qui
1001 3317 1165 3382 faciat
1193 3318 1404 3383 bonum,
1434 3321 1594 3375 habet
1628 3322 1717 3376 ille
1739 3361 1755 3384 ,
1812 3320 1933 3376 Non
1974 3334 2049 3377 est

465 3413 559 3482 qui
593 3410 759 3479 faciat
785 3410 1072 3464 bonitatem
1097 3411 1182 3465 ἠε
1221 3426 1345 3465 nam
1377 3412 1668 3468 diversitas
1700 3412 1841 3483 apud
1876 3414 2040 3468 inter-

470 3509 653 3573 pretes
701 3503 875 3557 solum
923 3501 1114 3557 fertur.
1141 3501 1235 3557 His
1280 3518 1444 3573 porro
1488 3505 1830 3576 signiﬁcatur
1862 3510 2045 3579 lapsas

470 3609 701 3665 prorsus
728 3592 897 3648 fuisse
922 3607 1245 3649 communes
1285 3596 1354 3650 de
1382 3594 1492 3650 Deo
1520 3597 1908 3668 cogitationes;
1957 3609 2045 3654 at-

467 3700 578 3755 que
602 3685 822 3755 impiam
852 3685 1323 3757 irreligiosamque
1347 3688 1593 3743 omnium
1614 3691 1891 3747 hominum
1919 3708 2047 3749 sen-

472 3778 699 3834 tentiam
729 3786 853 3833 ante
872 3777 1367 3836 Salvatorisnostri
1397 3781 1688 3837 adventum
1715 3786 2038 3842 obtinuisse.

468 3867 607 3923 Nam
670 3884 793 3923 cum
863 3870 1004 3924 Deus
1061 3869 1114 3923 in
1175 3873 1559 3928 communibus
1620 3875 2042 3943 cogitationibus

470 3962 613 4016 bona
646 3961 969 4032 cognitionis
1000 3978 1112 4017 sum
1160 3965 1367 4020 semina
1391 3964 1587 4035 jeeerit
1615 4010 1629 4033 ,
1681 3983 1952 4038 quemque
1985 3971 2040 4024 in

470 4053 781 4110 hominibus
816 4054 1160 4124 insipientem
1204 4064 1353 4109 tanta
1408 4058 1693 4113 subversio
1738 4074 2042 4130 occupave-

466 4157 573 4214 rat,
604 4154 664 4201 ut
697 4147 918 4217 impiam
957 4149 1283 4203 sententiam
1326 4150 1383 4204 in
1414 4162 1594 4206 mente
1628 4167 1728 4206 sua
1761 4162 2038 4218 servaret,

467 4256 531 4293 ac
564 4240 773 4294 nullum
817 4253 961 4303 esse,
1003 4256 1103 4295 nec
1134 4242 1189 4295 in
1240 4244 1495 4299 universo
1530 4246 1813 4301 exstitisse
1843 4245 2035 4311 Deum,

462 4335 751 4404 cogitaret.
792 4333 858 4389 Et
887 4334 977 4390 hic
1010 4350 1143 4391 sane
1174 4350 1299 4390 vere
1332 4336 1523 4390 albens
1563 4346 1618 4390 et
1649 4352 1875 4405 prorsus
1904 4340 2039 4393 msi-

464 4425 622 4497 piens
659 4434 799 4491 erat,
830 4428 924 4498 qui
959 4443 1137 4499 neque
1165 4430 1558 4498 providentiam
1595 4431 1777 4483 omnia
1826 4433 2037 4501 prospi-

2151 3229 2387 3297 ἀνομίᾳ,
2414 3230 2442 3280 ὁ
2471 3234 2558 3297 ιγ’,
2585 3227 3003 3297 Διεερθὰρησαν
3041 3229 3135 3281 καὶ
3167 3228 3620 3297 ἐϐδελύχθησαν
3653 3230 3728 3281 ἐκι-

2150 3320 2597 3388 ἐπιτηδεύμασι·
2626 3322 2718 3372 καὶ
2744 3320 2903 3373 πάλιν
2935 3321 3054 3372 ἀντὶ
3082 3319 3196 3384 τοῦ,
3230 3322 3351 3373 Οὐκ
3381 3321 3509 3373 ἐστι
3537 3319 3725 3373 ποιῶν

2148 3412 2391 3480 ἀγαθὸν,
2431 3413 2551 3463 οὐκ
2580 3412 2709 3464 ἔστι
2764 3409 2951 3463 ποιῶν
3006 3412 3406 3481 χρηστότητα,
3453 3412 3716 3482 περιέχει·

2150 3501 2301 3572 παρὰ
2330 3501 2438 3571 γὰρ
2475 3502 2600 3566 τοὺς
2629 3502 3071 3573 ἑρμηνεύσαντας
3103 3504 3137 3573 ἡ
3166 3502 3429 3573 ὲναλλαγὴ
3469 3503 3715 3573 φέρεται.

2149 3591 2407 3662 Σημαίνει
2438 3592 2494 3645 δὲ
2521 3592 2609 3646 διὰ
2660 3592 2862 3645 τούτων
2888 3594 2916 3645 ὁ
2945 3592 3099 3661 λόγος
3143 3592 3241 3664 τὴν
3280 3591 3551 3646 ἔκπτωσιν
3613 3592 3721 3646 τῶν

2146 3683 2341 3738 κοινῶν
2390 3686 2519 3757 περὶ
2563 3684 2699 3737 Θεοῦ
2738 3683 2989 3748 ἐννοιῶν,
3055 3685 3149 3737 καὶ
3197 3684 3290 3738 τὸν
3338 3683 3571 3755 δυσσεϐῆ
3627 3684 3722 3739 καὶ

2146 3776 2304 3829 ἄθεον
2321 3776 2580 3847 λογισμὸν
2624 3777 2722 3847 τῆς
2755 3776 3174 3847 ἁνθρωπότητος
3205 3777 3423 3846 ἁπάσης
3465 3777 3569 3849 πρὸ
3622 3778 3721 3847 τῆς

2143 3868 2238 3922 τοῦ
2262 3870 2511 3941 Σωτῆρος
2540 3869 2698 3940 ἡμῶν
2731 3869 3052 3938 ἐπιφανείας
3085 3870 3547 3941 ὲπικρατήσαντα.
3612 3870 3720 3921 Τοῦ

2143 3959 2250 4031 γάρ
2277 3958 2411 4013 Θεοῦ
2445 3962 2566 4023 ταῖς
2606 3962 2809 4023 κοιναῖς
2838 3960 3064 4024 ἐννοίαις
3096 3960 3279 4029 ἀγαθά
3303 3963 3589 4029 σπέρματα
3619 3959 3721 4029 τῆς

2092 4060 2095 4063 ’
2143 4055 2272 4124 περὶ
2319 4052 2483 4107 αὑτοῦ
2521 4053 2775 4121 γνώσεως
2825 4052 3317 4122 καταδαλλομένου,
3357 4049 3592 4121 τοσαύτη
3634 4069 3718 4115 τος

2142 4149 2405 4219 κατέσχεν
2423 4148 2720 4219 διαστροφὴ
2744 4148 2919 4201 πάντα
2951 4146 3041 4198 τὸν
3077 4147 3134 4197 ὲν
3158 4142 3460 4217 ἀνθρώποις
3482 4145 3712 4215 ἄφρονα,

2140 4241 2216 4305 ὡς
2236 4240 2393 4307 δόξαν
2433 4239 2592 4294 ἄθεον
2643 4240 2700 4292 ὲν
2724 4238 2802 4309 τῷ
2832 4236 3022 4291 ἑαυτοῦ
3089 4233 3334 4306 λογισμῷ
3386 4234 3711 4307 κτήσασθαι,

2140 4335 2234 4389 καὶ
2262 4335 2343 4388 ὅτι
2383 4334 2567 4405 μηδείς
2600 4335 2713 4387 ἔστι
2752 4331 2884 4402 μηδὲ
2926 4328 3228 4398 ὑφέστηκεν
3267 4329 3323 4381 ὲν
3352 4326 3429 4399 τῷ
3486 4328 3647 4382 παντὶ
3685 4330 3715 4382 ὁ

2139 4428 2269 4491 Θεὸς
2287 4427 2651 4498 διανοηθῆναι.
2704 4420 2871 4487 Οὗτος
2928 4424 3024 4494 μὲν
3053 4418 3147 4475 οὖν
3195 4420 3410 4491 ἀληθῶς
3442 4419 3600 4484 ἄθεος
3627 4439 3713 4484 τις

462 4519 721 4587 cientem,
752 4535 927 4591 neque
964 4533 1196 4575 mentem
1229 4522 1376 4576 illam
1417 4523 1808 4583 universalem,
1861 4539 2035 4593 neque

2148 4515 2206 4590 ἣν
2235 4520 2328 4571 καὶ
2380 4491 2653 4581 παντελῶς
2708 4491 2939 4587 ἄφρων,
2974 4513 3099 4567 οὔτε
3140 4515 3396 4585 πρόνοιαν
3436 4512 3503 4565 τὰ
3535 4513 3713 4567 πάντα

460 4609 826 4666 substantiam
864 4610 1044 4665 omnia
1078 4620 1494 4681 exsuperantem
1532 4612 1885 4681 omniumque
1917 4615 2036 4682 opi-

464 4700 658 4765 ﬁcem,
701 4701 967 4756 exsistere
1016 4701 1287 4757 deﬁniret.
1346 4701 1557 4770 Reliqui
1608 4716 1735 4754 vero
1782 4702 2033 4758 homines

464 4792 757 4846 multorum
777 4794 1060 4848 numinum
1079 4794 1251 4848 errori
1287 4810 1382 4863 per
1402 4793 1759 4848 idololatriam
1780 4810 1899 4849 sese
1921 4803 2029 4849 tra-

460 4883 677 4948 dentes,
710 4884 814 4937 alio
840 4884 1165 4955 insipientite
1191 4885 1353 4939 modo
1383 4886 1435 4938 in
1467 4886 1667 4941 nullius
1699 4885 1790 4942 Dei
1826 4888 2031 4941 cultum

462 4973 698 5045 prolapsi
733 4982 892 5029 sunt:
925 4977 1016 5045 qui
1055 4976 1218 5030 etiam
1267 4989 1457 5045 sparsa
1498 4976 1587 5028 illa
1628 4976 1680 5029 in
1731 4993 1789 5032 se
1818 4977 1886 5032 de
1928 4978 2034 5032 [leo

458 5081 591 5121 sana
626 5066 831 5120 semina
861 5068 1241 5121 exstinxerunt
1266 5105 1281 5128 ,
1324 5081 1386 5119 ac
1422 5075 1756 5120 mortuorum
1806 5070 2028 5123 simula-

455 5175 678 5215 crorum
733 5159 1124 5214 abominationi
1174 5174 1233 5213 se
1278 5156 1623 5221 dediderunt,
1654 5175 1774 5229 qua:
1824 5161 2028 5215 nullius

455 5252 616 5322 pretii
636 5258 691 5305 et
714 5266 839 5306 vere
868 5250 1200 5307 exsecranda
1221 5258 1402 5313 erant,
1436 5254 1695 5307 colentes.
1729 5251 1909 5318 Quare
1939 5252 2028 5305 di-

2138 4609 2441 4681 ἐφορῶσαν,
2477 4608 2601 4662 οὑτε
2624 4607 2747 4661 νοῦν
2766 4607 2859 4661 τὸν
2883 4605 3134 4667 καθόλου,
3155 4604 3279 4658 οὔτε
3336 4604 3432 4675 τὴν
3459 4604 3713 4657 ἐπέκεινα

2137 4700 2243 4753 τῶν
2276 4700 2410 4753 ὅλων
2432 4700 2619 4754 οὐσίαν
2672 4698 2769 4770 τὴν
2797 4697 3052 4752 ἁπάντων
3075 4695 3381 4767 ποιητικὴν,
3419 4695 3711 4763 ὑφεστάναι

2135 4795 2467 4866 ὁριζόμενος·
2524 4796 2573 4847 οἰ
2616 4794 2673 4847 δὲ
2727 4793 2905 4846 λοιποὶ
2947 4792 3053 4844 τῶν
3095 4789 3415 4861 ἀνθρώπων,
3468 4789 3711 4859 πολυθέῳ

2138 4888 2312 4959 πλάνῃ
2344 4891 2407 4959 τῇ
2442 4886 2581 4941 κατὰ
2605 4888 2703 4959 τὴν
2726 4883 3166 4956 εἰδωλολατρείαν
3194 4883 3418 4945 ἑαυτοὺς
3444 4882 3708 4943 ἐκδόντες,

2138 4979 2307 5049 ἑτέρῳ
2335 4978 2643 5050 ἀφροσύνης
2687 4977 2871 5047 τρόπῳ
2904 4978 2981 5038 εἰς
3031 4974 3296 5044 ἀθεότητα
3333 4971 3707 5025 πεπτώκασιν·

2134 5072 2182 5124 οἳ
2213 5073 2305 5124 καὶ
2333 5072 2483 5125 αὑτοὶ
2518 5071 2829 5140 διέφθειραν
2861 5067 2928 5120 τὰ
2957 5065 3230 5136 σπαρέντα
3282 5067 3339 5117 ὲν
3377 5064 3561 5125 αὑτοῖς
3582 5063 3708 5133 ὑγιῆ

2134 5161 2260 5232 περί
2284 5160 2417 5214 Θεοῦ
2453 5163 2762 5232 σπέρματα,
2794 5157 2888 5210 καὶ
2944 5158 3009 5225 τῇ
3063 5153 3171 5206 τῶν
3208 5152 3417 5225 νεκρῶν
3476 5153 3709 5205 εἰδώλων

2135 5251 2386 5324 βδελυρίᾳ
2405 5253 2629 5315 ἑαυτοὺς
2676 5249 3146 5323 παραδεδώκασιν,
3180 5247 3349 5317 ἄτιμα
3377 5246 3471 5298 καὶ
3493 5245 3707 5317 ἀληθῶς

451 5358 604 5398 ctum
640 5352 764 5399 est:
798 5345 1044 5414 Corrupti
1083 5355 1270 5398 suntet
1300 5345 1680 5399 abominabiles
1731 5346 1861 5414 [acti
1903 5354 2028 5398 sunt

2148 5341 2472 5413 ἰδελύγματα
2515 5342 2888 5404 σεϐασθέντες.
2948 5339 3037 5392 Διδ
3088 5340 3318 5410 εἴρηται·
3363 5336 3706 5405 Διέεοθειραν

452 5439 504 5489 in
540 5437 834 5508 iniquitate.
891 5435 1045 5501 Quod
1094 5437 1295 5493 clarius
1342 5437 1729 5506 interpretatus
1776 5437 2025 5507 Symma-

2128 5439 2222 5491 καὶ
2254 5436 2707 5505 ἐϐδελύχθησαν
2756 5433 2826 5485 ἐν
2887 5432 3124 5499 ἀνομίᾳ·
3185 5429 3214 5481 δ
3264 5428 3328 5501 δὴ
3378 5429 3707 5498 σαφέστερον

454 5528 587 5581 rhus
622 5536 706 5582 est
740 5528 823 5580 his
853 5527 1070 5591 verbis,
1105 5527 1353 5596 Corrupti
1391 5540 1509 5583 sunt
1551 5538 1600 5582 et
1643 5527 2026 5581 abominatiani

2148 5529 2472 5598 ξρμήνευσεν
2528 5528 2553 5579 ὁ
2590 5525 2881 5595 Σύμμαχος
2923 5520 3110 5575 εἰπών·
3148 5518 3562 5588 Διεςρθάρησαν
3605 5520 3702 5573 καὶ

454 5620 764 5672 studuerunt
781 5618 1201 5686 cuminiquitate.
1221 5621 1624 5676 Abominationi
1650 5635 1883 5690 namque
1911 5628 2026 5675 stu-

525 5775 569 5806 τι
611 5773 752 5831 Psal.
787 5789 895 5843 xu,
934 5777 983 5832 l.
1058 5775 1103 5806 τι
1143 5775 1272 5831 ibid.
1309 5775 1362 5830 6.

2124 5619 2458 5688 ,ϐδελυρίαν
2494 5617 2907 5684 ἐπετήδευσαν
2946 5614 3098 5683 μετὰ
3145 5612 3396 5676 ἀδικίας.
3472 5612 3703 5687 Ἐπετίι-

1438 5777 1486 5809 τ’
1526 5774 1669 5830 Psal.
1709 5789 1835 5841 sui,
1877 5774 1924 5828 i.
2004 5774 2048 5805 "
2088 5772 2218 5829 ibid.
2253 5773 2304 5827 5.
