4098 6374
415 295 516 351 459

1127 281 1395 338 susssu
1429 272 1906 334 cmssmsusm
1929 273 2082 332 υιψ,
2113 272 2293 328 rans
2332 274 2417 332 Ill.
2457 306 2522 318 —
2559 276 2964 334 EXEGETICA.
3435 347 3453 354 _
3567 284 3668 342 ιω

411 426 541 482 ergo
577 422 795 478 semper
833 406 912 461 sic
947 413 1168 476 agentes
1208 399 1673 472 perseverabunt?
1705 397 1835 451 Esto
1875 397 1961 466 jan

2063 439 2066 448 ,
2095 391 2417 462 επράξαντσ.
2448 395 2594 464 Μήτι
2617 391 2708 448 οὖν
2739 398 2831 450 καὶ
2848 398 2927 459 εἰς
2949 397 3011 448 τὸ
3030 397 3289 460 παντελὲς
3305 397 3475 452 ταῦτα
3495 401 3669 470 πράτ-

412 503 584 558 Deum
619 515 730 554 non
763 498 1192 560 invocaverunt,
1229 491 1338 548 Deo
1368 491 1640 546 contraria
1680 496 1734 544 et
1770 487 1988 542 inimica

409 595 642 664 operati,
679 604 864 653 annon
895 587 1132 658 quodam
1170 593 1410 653 tempore
1459 590 1790 653 cognoscent
1827 579 1988 632 ultio-

409 701 535 741 nem
584 684 720 753 ipsis
771 678 1144 736 inferendam?
1187 676 1331 731 Sane
1377 685 1592 744 tempus
1634 675 1737 729 erit
1775 673 1829 727 in
1878 684 1988 741 quo

408 775 764 845 trepidabunt
813 773 1030 827 timore.
1086 767 1374 834 Quodnam
1405 766 1575 830 illud,
1618 765 1724 820 nisi
1767 762 1986 833 quando

408 866 765 919 illucescente
805 859 1067 924 Salutari,
1098 857 1285 912 nullus
1313 857 1459 911 ultra
1492 863 1669 909 metus
1694 853 1984 922 pecoribus

410 956 546 1011 meis
581 953 794 1018 aderit,
827 953 948 1007 illas
993 958 1173 1004 autem
1217 950 1486 1003 immanes
1527 947 1689 1009 feras,
1735 945 1982 1000 occultos

407 1043 782 1100 etinvisibiles
800 1043 1074 1096 daemones
1103 1041 1266 1093 timor
1291 1038 1586 1107 corripiet,
1617 1037 1710 1091 ubi
1744 1050 1851 1090 non
1880 1035 1984 1090 erit

407 1136 634 1190 timendi
666 1133 854 1188 locus?
895 1131 1050 1186 Tunc
1096 1131 1240 1184 enim
1294 1130 1362 1184 iis
1403 1130 1623 1200 quidem
1681 1131 1774 1200 qui
1824 1129 1984 1183 bonis

405 1236 567 1282 erunt
611 1226 760 1297 digni
803 1226 990 1279 nullus
1038 1223 1144 1278 erit
1175 1231 1387 1289 metus;
1415 1224 1486 1278 iis
1522 1236 1676 1289 vero,
1731 1223 1825 1292 qui
1867 1222 1980 1291 jam

383 1306 598 1374 contra
625 1318 883 1388 papulum
907 1331 1085 1371 meum
1116 1317 1426 1382 eriguntur,
1451 1315 1666 1382 ingruet
1695 1313 1858 1366 timor
1887 1313 1980 1366 irae

403 1412 556 1481 ipsos
587 1410 879 1470 invasurae,
911 1423 1032 1477 quae
1062 1411 1296 1469 instans,
1333 1405 1615 1474 dissipabit
1641 1419 1761 1457 ossa
1799 1418 1979 1456 eorum

403 1501 493 1571 qui
547 1497 844 1553 hominibus
885 1496 1128 1565 placent;
1179 1509 1287 1564 qua
1357 1491 1794 1553 confunduntur;
1847 1488 1975 1557 quia

403 1603 536 1648 tunc
567 1592 813 1647 omnium
845 1590 1009 1658 judex
1042 1590 1188 1658 ipsos
1220 1586 1375 1640 nihili
1411 1584 1592 1638 faciet.
1615 1583 1720 1636 Pro
1756 1583 1848 1635 illo
1875 1595 1976 1634 au-

2091 503 2275 549 τοντες
2296 487 2730 554 διατελέσουσιν;
2787 488 2968 540 Ἔστω
3009 487 3066 539 δὲ
3112 486 3236 553 νῦν,
3280 489 3372 540 τὸν
3404 488 3537 542 Θεὸν
3573 491 3671 542 οὐκ

2094 578 2518 642 ἐπεκαλέσαντο,
2549 579 2808 634 τάναντία
2835 577 2913 649 τῷ
2951 578 3069 649 Θεῷ
3103 580 3195 632 καὶ
3226 579 3294 631 τά
3324 579 3493 650 ἐχθρά
3522 582 3671 653 αὐτῷ

2090 669 2459 741 ἐνεργοῦντες,
2489 670 2562 741 μὴ
2590 671 2711 740 οὐχὶ
2743 669 3039 739 γνώσονται
3065 669 3242 739 καιρῷ
3268 688 3372 724 τινι
3423 672 3520 743 τὴν
3571 674 3671 726 ἐπ-

2088 760 2452 832 ελευσομένην
2475 762 2655 823 αὐτοῖς
2681 761 2866 830 δίκην;
2899 762 3008 814 Καὶ
3044 762 3150 831 μὴν
3181 761 3332 816 ἔσται
3366 764 3575 834 καιρὸς,
3610 767 3668 819 ἐν

2086 846 2129 919 ᾧ
2161 852 2558 923 φοϐηθήσονται
2609 852 2792 921 φόϐον.
2848 854 3008 916 Ποῖος
3069 853 3114 906 δ’
3179 853 3244 906 ἂν
3292 855 3375 926 εἴη
3428 849 3585 918 οὗτος
3631 856 3667 927 ἢ

2086 943 2290 1007 ἐκεῖνος
2333 942 2453 996 καθ’
2478 944 2536 998 ὃν
2580 943 2986 1014 ἐπιλάμψαντος
3017 942 3110 995 τοῦ
3153 943 3449 1018 Σωτηρίου,
3483 946 3665 1000 οὐκέτι

2085 1038 2198 1098 τοῖς
2223 1037 2376 1105 ἐμοῖς
2421 1035 2701 1106 θρέμμασι
2742 1035 2904 1104 φόϐος
2945 1036 3320 1105 ἐπιστήσεται·
3366 1036 3563 1098 αὐτοὺς
3605 1037 3664 1089 δέ

2082 1126 2210 1189 τοὺς
2236 1125 2443 1190 δεινοὺς
2475 1125 2648 1198 θῆρας
2696 1127 2793 1180 καὶ
2827 1128 2951 1190 τοὺς
3000 1127 3224 1195 ἀφανεῖς
3265 1127 3361 1180 καὶ
3403 1127 3665 1198 ἀοράτους

2081 1214 2342 1284 δαίμονας
2374 1214 2536 1284 φόϐος
2566 1214 2790 1286 λήψεται
2843 1216 2957 1267 ἐκεῖ
3015 1208 3075 1267 οὗ
3127 1216 3228 1267 οὐκ
3270 1215 3421 1269 ἔσται
3463 1216 3662 1284 φόϐος;

2083 1305 2216 1356 Τότε
2241 1303 2350 1376 γὰρ
2378 1305 2490 1366 τοῖς
2523 1303 2621 1374 μὲν
2641 1303 2748 1356 τῶν
2800 1304 3017 1371 ἀγαθῶν
3047 1302 3219 1366 ἀξίοις
3245 1303 3344 1357 οὐκ
3385 1304 3533 1357 ἐσται
3568 1304 3662 1373 φό-

2081 1394 2194 1459 ϐος,
2220 1397 2331 1459 τοῖς
2359 1394 2416 1448 δὲ
2447 1394 2541 1447 νῦν
2561 1395 2943 1464 ἐπαιρομένοις
2965 1394 3106 1446 κατά
3138 1393 3230 1448 τοῦ
3253 1394 3382 1447 λαοῦ
3416 1413 3518 1465 μου
3545 1397 3661 1448 ἐπι-

2079 1488 2326 1540 πεσεῖται
2364 1485 2526 1556 φόϐος
2564 1488 2593 1538 ὸ
2620 1486 2720 1556 τῆς
2758 1471 3219 1556 μετελευσομένης
3252 1486 3447 1550 αὐτοὺς
3465 1486 3658 1557 ὀργῆς,

2079 1580 2200 1650 ἥτις
2266 1579 2538 1632 ἐπιστᾶσα
2614 1577 3035 1646 ὸιασκορπίσει
3112 1578 3264 1633 ὀστᾶ
3341 1579 3656 1646 ἀνθρωπα-

401 1691 531 1748 tem,
562 1683 826 1750 Quoniam
859 1680 992 1734 Deus
1023 1678 1301 1746 dissipavit
1351 1693 1472 1730 ossa
1509 1691 1714 1737 eorum,
1753 1673 1843 1744 qui
1883 1671 1961 1725 ho«

2073 1669 2333 1736 ρέσκων’
2391 1671 2451 1722 ἐν
2540 1669 2632 1722 καὶ
2664 1669 3240 1740 καταισχυνθήσονται,
3291 1669 3477 1740 ἐπειδὴ
3532 1670 3654 1722 τότε

401 1739 630 1828 minibus
662 1773 888 1840 placent,
927 1739 1288 1841 Symmachus
1323 1767 1396 1820 ita
1436 1739 1824 1834 interpretatus
1849 1770 1961 1816 est:

2079 1760 2278 1824 αὐτοὺς
2307 1762 2337 1813 ὸ
2375 1739 2758 1813 τῶν-ἀπάντων
2805 1758 3149 1826 ἐξουδενώσει
3176 1759 3388 1832 κριτής.
3430 1739 3573 1813 ’Ᾰντὶ
3597 1759 3670 1826 δὲ,

402 1859 546 1915 Nam
584 1861 720 1914 Deus
745 1858 1028 1926 dissipabit
1057 1872 1178 1911 ossa
1224 1870 1405 1908 eorum
1450 1854 1542 1922 qui
1580 1859 1972 1904 castrametan—

398 1955 658 2006 turlcirca
687 1962 734 2006 te
761 1967 778 2006 :
801 1949 1145 2019 confunderis
1173 1948 1298 2016 quia
1338 1944 1474 1998 Deus
1526 1941 1822 2010 reprobavit
1859 1957 1966 1994 eos.

395 2044 590 2114 Aquila
637 2051 822 2097 autem
899 2041 1074 2096 eidem
1164 2035 1453 2094 sententiae
1498 2033 1666 2088 haeret
1730 2032 1965 2086 dicens:

395 2132 663 2200 Quoniam
711 2131 851 2186 Deus
902 2130 1179 2197 dissipavit
1231 2144 1355 2182 ossa
1398 2143 1579 2180 eorum
1619 2127 1708 2194 qui
1765 2134 1972 2178 castra-

394 2226 580 2278 metati
601 2233 722 2278 sunt
746 2225 888 2276 circa
911 2232 959 2276 te
983 2239 1000 2274 :
1024 2222 1273 2290 confusus
1293 2236 1368 2284 es,
1391 2220 1639 2290 quoniam
1657 2217 1795 2272 Deus
1827 2217 1971 2286 abje-

397 2316 468 2368 cit
500 2331 610 2370 eos.
638 2313 920 2368 Sermonis
945 2321 1125 2368 autem
1170 2311 1441 2367 sententia
1483 2310 1746 2372 declarat,
1773 2308 1969 2380 praedi-

397 2411 610 2456 ctorum
644 2402 828 2471 populi
876 2400 1284 2467 insidiatorum,
1309 2400 1564 2454 videlicet
1611 2398 1968 2452 invisibilium

392 2493 741 2550 inimicorum
795 2503 849 2546 et
896 2493 1238 2548 occultorum
1293 2492 1553 2555 hostium,
1594 2490 1828 2545 virtutes
1872 2487 1968 2544 de-

392 2585 584 2640 lendas
607 2601 750 2641 esse.
785 2585 918 2638 Nam
956 2599 1083 2640 ossa
1114 2584 1460 2638 inimicorum
1501 2581 1787 2651 dissipata,
1811 2580 1968 2633 mali-

387 2677 478 2732 tia:
519 2691 710 2732 eorum
754 2676 986 2731 virtutes
1023 2676 1258 2739 iuerint,
1309 2689 1446 2745 quas
1485 2680 1674 2727 notato
1723 2679 1967 2740 tempore

388 2767 556 2822 Deum
586 2768 977 2838 dissipaturum
1014 2767 1399 2822 comminatur.
1427 2763 1581 2818 Tunc
1608 2778 1773 2834 porro
1799 2762 1976 2817 etiam

385 2858 811 2929 conl'undentur,
841 2874 966 2912 cum
1011 2856 1151 2914 Deus
1195 2873 1290 2912 eos
1351 2857 1750 2927 reprobaverit,
1775 2871 1839 2910 ac
1869 2854 1964 2910 de-

385 2949 643 3020 spexerit,
690 2949 826 3002 nihil
863 2965 960 3004 eos
997 2964 1121 3004 esse
1162 2949 1547 3018 comprobans.
1592 2946 1717 3001 Haec
1768 2947 1962 3000 merito

386 3041 773 3097 interminatus
819 3049 903 3096 est
949 3041 1231 3095 hominum
1279 3049 1501 3094 curator
1545 3039 1640 3095 Dei
1694 3039 1954 3106 verbum;

385 3133 644 3204 quoniam
693 3132 1035 3203 prospiciens
1080 3131 1148 3186 de
1188 3131 1326 3186 ccelo
1377 3147 1542 3201 super
1594 3130 1736 3185 ﬁlios
1781 3131 1959 3184 homi—

385 3236 537 3285 num,
564 3239 628 3277 ac
667 3224 1007 3293 perlustrans
1045 3237 1176 3276 num
1216 3221 1341 3290 quis
1381 3229 1525 3276 esset
1573 3223 1716 3277 inter
1745 3237 1840 3278 eos
1876 3222 1959 3277 in-

384 3301 633 3386 telligens
669 3321 763 3368 aut
791 3315 1074 3383 requirens
1109 3312 1300 3378 Deum,
1340 3314 1549 3368 nullum
1585 3314 1824 3382 invenit;
1861 3314 1956 3370 sed

383 3404 742 3479 deprehendit
772 3421 965 3461 omnes
1008 3405 1226 3461 insidiis
1267 3405 1614 3460 inimicorum
1647 3407 1957 3463 declinasse

381 3505 444 3544 ac
485 3492 706 3547 inutiles
751 3493 924 3548 factos
967 3508 1108 3558 esse,
1151 3500 1211 3547 ut
1258 3509 1327 3549 ne
1371 3495 1457 3550 vel
1509 3510 1652 3551 unus
1698 3497 1954 3553 residuus

378 3589 525 3636 esset
551 3583 710 3638 bonis
741 3584 1002 3653 operibus
1030 3583 1270 3639 deditus.
1311 3584 1502 3641 Priora
1537 3587 1722 3658 itaque
1757 3589 1953 3644 tertius

378 3673 626 3728 decimus
668 3675 831 3728 etiam
868 3675 1250 3744 complectitur
1282 3696 1294 3730 :
1321 3692 1442 3746 qua:
1483 3687 1790 3748 sequuntur
1825 3694 1953 3734 vero

379 3764 523 3816 inter
549 3779 608 3818 se
633 3763 910 3819 dillerunt.
935 3764 1070 3818 Nam
1095 3767 1151 3819 in
1182 3767 1395 3822 decimo
1417 3771 1578 3823 tertio
1607 3770 1694 3824 his
1722 3769 1952 3840 subiun-

376 3852 524 3922 gitur
545 3852 709 3908 illud:
743 3855 1005 3920 Quoniam
1035 3855 1178 3910 Deus
1209 3859 1264 3912 in
1286 3861 1623 3928 generatione
1662 3860 1816 3926 jusla
1847 3871 1947 3927 est,

375 3945 655 3998 consilium
693 3946 864 4016 inopis
895 3947 1233 4017 confudistis,
1264 3951 1513 4020 quoniam
1547 3951 1807 4006 Dominus
1831 3968 1948 4020 spes

372 4037 488 4105 ejus
515 4038 684 4102 est";
733 4038 822 4093 hic
852 4055 1002 4105 vero,
1037 4040 1303 4106 Quoniam
1335 4040 1486 4096 Deus
1511 4042 1787 4110 dissipavit
1824 4061 1947 4097 ossa

372 4140 552 4178 eorum
577 4127 669 4196 qui
702 4127 1000 4182 hominibus
1025 4131 1254 4197 placent,
1285 4131 1494 4198 confusi
1528 4141 1650 4186 sunt
1694 4134 1947 4202 quoniam

373 4211 512 4266 Deus
566 4217 757 4282 sprevit
796 4233 906 4272 eos.
941 4216 1046 4273 Sed
1077 4236 1198 4289 quas
1240 4220 1460 4274 tertium
1501 4221 1774 4276 decimum
1823 4238 1947 4292 spe-

370 4310 521 4358 ctant
550 4307 666 4360 suis
694 4307 829 4360 locis
853 4311 1072 4378 propria
1092 4309 1538 4380 interpretatione
1571 4313 1771 4368 donata
1791 4322 1943 4372 sunt.

2073 1852 2188 1906 τοῦ·
2223 1854 2353 1907 Ὅτι
2395 1855 2429 1905 ὀ
2477 1852 2622 1918 Θεὸς
2677 1851 3103 1921 διεσκόρπισεν
3157 1849 3308 1906 ὀστᾶ
3343 1852 3654 1920 ἀνθρωπα-

2064 1944 2326 2011 ρέσκων,
2357 1943 2385 1993 ὁ
2417 1942 2710 2012 Σύμμαχος
2740 1941 2929 1996 τοῦτον
2957 1943 3267 2016 ἡρμήνευσε
3296 1943 3388 1996 τὸν
3429 1943 3654 2012 τρόπον’

2083 2035 2136 2086 Ὀ
2168 2034 2280 2104 γὰρ
2318 2032 2461 2100 Θεὸς
2501 2033 2918 2102 ὸιασκορπίσει
2961 2032 3112 2089 ὀστᾶ
3151 2034 3271 2088 τῶν
3314 2037 3654 2104 παρεμϐαλ-

2068 2126 2303 2180 λόντων
2346 2125 2479 2194 περὶ
2537 2125 2629 2178 σέο
2693 2124 3214 2194 καταισχυνθήσῃ,
3265 2126 3353 2178 ὅτι
3415 2128 3450 2179 ὀ
3508 2124 3654 2192 Θεὸς

2068 2215 2518 2285 ἀπεδοκίμασεν
2541 2217 2781 2283 αὐτούς.
2840 2217 2950 2270 Καὶ
3010 2219 3039 2270 ὸ
3080 2215 3308 2278 Ἀκύλας
3336 2216 3392 2269 δέ
3427 2216 3524 2287 τῆς
3555 2217 3652 2270 αὐ-

2067 2310 2166 2380 τῆς
2200 2308 2381 2379 ἔχεται
2412 2309 2652 2372 διανοίας
2677 2309 2872 2378 λέγων·
2908 2311 3026 2362 Ὅτι
3049 2312 3082 2362 ὀ
3117 2309 3260 2375 Θεὸς
3285 2308 3652 2377 ἐσκόρπισεν

2069 2398 2220 2454 ὀστᾶ
2247 2402 2818 2470 παρεμϐεϐληκότων
2839 2417 2975 2455 σου·
3007 2401 3307 2470 ᾔσχυνας,
3337 2399 3427 2453 ὅτι
3447 2403 3481 2455 ὀ
3503 2399 3650 2468 Θεὸς

2067 2492 2396 2561 ἀπέρῤιψεν
2425 2494 2666 2560 αὐτούς.
2709 2494 2774 2546 Ἡ
2827 2493 2884 2546 δέ
2928 2491 3025 2546 τοῦ
3069 2492 3228 2561 λόγου
3271 2491 3476 2546 διάνοια
3513 2509 3647 2565 παρ-

2071 2581 2189 2650 ίστη
2200 2598 2250 2633 σι
2273 2580 2381 2635 τῶν
2414 2581 2817 2653 προλεχθέντων
2849 2580 3146 2634 ἐπιϐούλων
3168 2580 3261 2635 τοῦ
3279 2580 3431 2648 λαοῦ,
3448 2580 3647 2652 δηλαδὴ

2066 2670 2173 2722 τῶν
2200 2671 2446 2740 ἀοράτων
2492 2669 2701 2740 ἐχθρῶν
2726 2671 2820 2724 καὶ
2852 2669 2961 2723 τῶν
2975 2671 3196 2739 ἀφανῶν
3228 2670 3521 2742 πολεμίων,
3547 2670 3648 2734 τὰς

2064 2762 2321 2832 δυνάμεις
2344 2761 2856 2832 καθαιρεθήσεσθαι.
2925 2763 3087 2816 Ὀστᾶ
3125 2761 3233 2833 γὰρ
3271 2761 3648 2833 summa.

2067 2873 2202 2924 μενα
2227 2854 2334 2907 τῶν
2364 2853 2574 2925 ἐχθρῶν
2600 2850 2709 2906 εἷεν
2735 2853 2800 2907 ἂν
2827 2855 2885 2908 αἱ
2905 2855 3004 2926 τῆς
3033 2855 3231 2918 κακίας
3275 2855 3454 2909 αὐτῶν
3483 2855 3646 2910 δυνά-

2067 2965 2206 3018 μεις,
2230 2949 2296 3010 ἃς
2322 2947 2728 3018 διασκορπίζειν
2757 2946 2899 2999 κατά
2945 2947 3036 3000 τὸν
3084 2947 3482 3018 σημαινόμενον
3530 2966 3632 3003 και

2067 3040 2157 3109 ρὸν
2187 3039 2392 3106 ὁλόγος
2423 3039 2658 3091 ἀπειλεῖ.
2681 3037 2812 3090 Τότε
2845 3037 2900 3090 δὲ
2933 3040 3026 3090 καὶ
3071 3039 3643 3111 καταισχυνθήσονται,

2061 3130 2281 3183 ἐπειδὰν
2303 3131 2679 3202 ἀποδοκιμάσῃ
2709 3133 2905 3195 αὐτοὺς
2930 3133 2958 3183 ὁ
2977 3133 3162 3202 Θεὸςῆ
3193 3131 3542 3204 ἐξουθενήσῃ,
3575 3133 3640 3186 τὸ

2063 3224 2232 3294 μηθὲν
2263 3224 2462 3287 αὐτοὺς
2500 3219 2638 3278 εῖναι
2668 3225 2972 3288 ἀποδείξας.
3009 3223 3193 3276 Ταῦτα
3236 3224 3462 3286 εἰκότως
3487 3225 3640 3293 ἠπεί-

2058 3318 2219 3388 λησεν
2244 3319 2271 3369 ὁ
2296 3316 2408 3369 τῶν
2453 3315 2752 3386 ἀνθρώπων
2813 3315 3063 3386 κηδεμὼν
3113 3315 3207 3369 τοῦ
3262 3315 3398 3369 Θεοῦ
3459 3317 3639 3385 λόγος’

2058 3406 2244 3476 ἐπειδὴ
2268 3405 2534 3475 διακύψας
2571 3409 2635 3460 ἐκ
2688 3406 2782 3459 τοῦ
2812 3407 3041 3475 ούρανοῦ
3069 3407 3161 3460 ἐπὶ
3193 3409 3320 3472 τοὺς
3359 3409 3505 3471 υἱοὺς
3531 3407 3640 3463 τῶν

2056 3497 2379 3568 ἀνθρώπων,
2415 3498 2653 3568 ζητήσας
2698 3514 2756 3550 τε
2808 3499 2866 3550 ἐν
2905 3499 3087 3562 αὐτοῖς
3112 3501 3162 3552 ει
3208 3499 3321 3552 ἐστι
3353 3499 3549 3552 συνιὼν
3601 3499 3640 3569 ἦ

2055 3589 2233 3659 ζητῶν
2265 3589 2355 3641 τὸν
2383 3588 2534 3652 Θεδν,
2565 3589 2755 3643 οὐδένα
2787 3581 2934 3662 εὗρε·
2966 3589 3232 3644 κατέλαϐε
3271 3590 3327 3643 δέ
3353 3591 3477 3654 τοὺς
3499 3590 3637 3644 πάν-

2051 3697 2152 3744 τας
2172 3683 2229 3747 te
2255 3681 2549 3751 ἐπιϐουλῆς
2576 3680 2786 3753 ἐχθρῶν
2808 3681 3154 3746 ἐκκλίνοντας
3190 3682 3284 3736 καὶ
3310 3682 3638 3754 ἀχρειωθέν-

2053 3789 2170 3836 τας,
2203 3774 2278 3836 ὡς
2317 3773 2451 3844 μηδὲ
2485 3773 2590 3835 ἕως
2625 3772 2742 3836 ἐνὸς
2765 3773 3176 3844 περιλείπεσθαι
3209 3773 3433 3842 ἀγαθῶν
3457 3774 3639 3846 ἔργων

2054 3866 2305 3935 ποιητήν.
2339 3850 2418 3915 Tit
2452 3864 2549 3934 μὲν
2572 3859 2665 3916 οὖν
2689 3863 2879 3934 πρῶτα
2908 3863 3110 3934 ὁμοίως
3152 3864 3247 3918 καὶ
3295 3865 3324 3917 ὁ
3369 3871 3438 3934 ιγ’
3478 3881 3635 3935 περι-

2053 3954 2187 4024 ἐχει·
2216 3953 2592 4025 παρήλλακται
2610 3953 2665 4007 δέ
2689 3953 2756 4006 τὰ
2783 3953 2928 4025 ἑξῆς.
2946 3954 3036 4008 Ἐν
3055 3956 3153 4025 μὲν
3179 3953 3288 4026 γὰρ
3305 3953 3384 4025 τῷ
3411 3962 3478 4023 ιγ’
3507 3971 3633 4007 συν-

2049 4038 2219 4109 ῆπται
2267 4041 2479 4104 τούτοις
2533 4043 2613 4106 τὸ,
2656 4043 2782 4094 Ὅτι
2827 4045 2860 4096 ὀ
2889 4042 3132 4108 Θεὸςέν
3182 4037 3358 4112 τενεᾷ
3405 4039 3624 4107 δικαίαν

2043 4130 2294 4198 ,βουλὴν
2322 4131 2561 4200 πτωχοῦ
2610 4133 3049 4200 κατῃσχύνατε,
3079 4130 3169 4184 ὅτι
3208 4131 3426 4198 Κύριος
3450 4131 3626 4196 ἐλπὶς

2049 4222 2236 4276 αὑτοῦ
2277 4224 2469 4275 ἐστιν⁹
2505 4222 2742 4276 ἐνταῦθα
2765 4221 2844 4286 δὲ,
2881 4223 3000 4275 ὀτι
3030 4226 3066 4276 ὀ
3112 4220 3257 4288 Θεὸς
3289 4221 3628 4289 διεσκόρπι-

2048 4325 2161 4363 σεν
2190 4311 2340 4366 ὀστᾶ
2373 4311 2908 4380 ἁνθρωπαρέσκων,
2943 4314 3491 4382 κατῃσχύνθησαν,
3539 4315 3627 4368 ὅτι

370 4391 502 4457 Quae
529 4409 660 4447 vero
686 4393 798 4463 jam
832 4404 1159 4475 tractantur,
1193 4415 1300 4470 qua
1336 4401 1549 4458 ratione
1579 4404 1940 4474 explicaveri-

2063 4405 2080 4456 5
2121 4401 2264 4468 Θεὸς
2284 4402 2697 4466 ἐξουδένωσεν
2716 4405 2954 4469 αὐτούς.
2996 4403 3156 4456 Ἀλλά
3187 4404 3283 4474 μὲν
3319 4406 3399 4467 είς
3419 4405 3509 4458 τὸν
3561 4411 3627 4473 ιγ’

370 4499 515 4551 mus,
549 4486 746 4556 cuique
773 4486 967 4558 legenti
997 4490 1173 4560 palam
1197 4501 1300 4549 est.

443 4742 607 4801 Vens.
643 4747 692 4804 7.
713 4747 845 4815 Quis
871 4749 1019 4804 dabit
1047 4765 1112 4805 ex
1142 4749 1271 4807 Sion
1299 4751 1552 4808 Salutare
1581 4753 1796 4812 Israel?
1823 4775 1940 4812 cum

367 4839 676 4892 converterit
712 4839 851 4895 Deus
883 4844 1238 4907 captivitatem
1270 4846 1434 4913 plebis
1471 4863 1582 4901 suae
1603 4889 1617 4915 ,
1653 4851 1941 4905 exsultabit

364 4925 535 4980 Iacob
569 4939 619 4982 et
652 4929 920 4986 lwtabitur
956 4934 1150 4992 Israel.
1186 4937 1324 4992 Cum
1369 4935 1640 5010 PrOpheta
1679 4958 1745 4997 ex
1784 4959 1939 5000 revo-

366 5021 568 5076 latione
612 5021 849 5093 Spiritus
898 5030 1074 5083 sancti
1127 5045 1322 5101 magna
1365 5034 1707 5102 concepisset
1747 5036 1936 5090 animo

349 5108 432 5164 -de
481 5113 725 5181 pernicie
763 5113 1108 5173 inimicorum
1156 5119 1382 5175 humani
1434 5126 1691 5192 generis,
1741 5124 1939 5180 deinde

361 5201 569 5260 addidit
613 5206 746 5261 illud
767 5248 781 5272 ,
815 5207 947 5274 Quis
989 5211 1136 5265 dabit
1179 5229 1244 5267 ea:
1289 5215 1418 5269 Sion
1446 5217 1698 5271 Salutare
1721 5217 1748 5271 .9
1781 5232 1854 5272 ac
1877 5217 1932 5272 .si

360 5291 602 5360 diceret,
633 5297 759 5368 quis
796 5299 950 5355 dabit
979 5302 1094 5358 haec
1117 5305 1231 5374 jam
1263 5319 1427 5375 opere
1468 5307 1776 5376 compleri?
1815 5305 1935 5362 Non

361 5388 508 5442 enim
539 5390 646 5446 alia
681 5393 896 5450 ratione
925 5397 1178 5454 liheratio
1229 5414 1259 5453 a
1302 5399 1464 5454 malis
1504 5411 1624 5454 rata
1666 5401 1771 5454 erit
1807 5400 1934 5457 ﬁliis

361 5476 643 5535 hominum
667 5525 681 5551 ,
711 5486 815 5540 nisi
844 5501 940 5556 per
965 5488 1139 5543 solum
1166 5489 1460 5546 adventum
1493 5491 1766 5546 Salutaris
1797 5489 1889 5547 Dei
1913 5531 1928 5559 ,

427 5655 473 5688 "
517 5655 658 5711 Psal.
697 5675 832 5725 xm,
868 5661 921 5717 ϐ.

2048 4493 2254 4556 οἰκείας
2283 4493 2472 4564 ἔτυχεν
2498 4496 2793 4566 ἑρμηνείας
2823 4496 2965 4550 κατὰ
2990 4497 3118 4558 τοὺς
3145 4496 3378 4559 οἰκείους
3403 4497 3623 4560 τόπους

2048 4584 2118 4636 τά
2173 4584 2230 4636 δὲ
2287 4587 2647 4655 προκείμενα,
2681 4587 2830 4650 ὅπως
2863 4589 2995 4658 ἡμῖν
3037 4584 3307 4657 παρέστη,
3341 4587 3625 4658 πρόκειται

2045 4679 2159 4738 τοῖς
2187 4677 2630 4746 ἐντυγχάνουσιν.

2119 4766 2217 4831 Τίς
2242 4764 2420 4820 δώσει
2439 4768 2508 4819 ἐκ
2537 4766 2692 4821 Σιὼν
2711 4767 2775 4821 τὸ
2801 4767 3099 4836 Σωτήρων
3116 4768 3223 4822 τοῦ
3267 4769 3502 4838 Ἰσραήλ
3516 4786 3535 4833 ;
3555 4771 3625 4824 ἐν

2041 4851 2122 4918 τῷ
2157 4853 2516 4923 ἐπιστρέψαι
2549 4855 2658 4908 τὸν
2689 4855 2838 4909 Θεὸν
2883 4855 2999 4924 τὴν
3042 4859 3460 4928 αἰχμαλωσίαν
3516 4857 3624 4912 τοῦ

2040 4945 2196 4999 λαοῦ
2216 4943 2424 5010 αὑτοῦ,
2445 4947 2875 5015 ἀταλλιάσεται
2903 4947 3131 5012 Ἰακὼϐ,
3167 4949 3263 5002 καὶ
3288 4949 3623 5017 εὐφρανθή-

2043 5051 2214 5090 σεται
2251 5036 2520 5104 ’Ῑσραήλ.
2565 5039 2791 5106 Μεγάλα
2817 5038 3144 5107 φαντασθεὶς
3179 5040 3208 5090 ὁ
3236 5040 3529 5110 Προφήτης
3555 5041 3620 5092 ἐκ

2037 5128 2137 5198 τῆς
2174 5126 2269 5180 τοῦ
2296 5128 2452 5196 ἁγίου
2475 5129 2791 5200 Πνεύματος
2827 5129 3218 5198 ἀποκαλύψεως
3251 5132 3376 5200 περὶ
3400 5129 3500 5200 τῆς
3523 5132 3620 5183 ἀπ-

2039 5218 2235 5281 ωλείας
2259 5218 2369 5271 τῶν
2400 5218 2609 5290 ἐχθρῶν
2638 5219 2878 5273 τοῦντῶν
2919 5219 3221 5290 ἀνθρώπων
3251 5221 3460 5288 γένους,
3494 5221 3619 5291 ἑξῆς

2041 5312 2290 5382 ἐπήγαγε
2315 5311 2398 5375 τὸ,
2436 5312 2532 5378 Τίς
2553 5311 2732 5366 δώσει
2759 5311 2829 5364 ἐκ
2858 5310 3007 5364 Σιὼν
3029 5312 3093 5364 τὸ
3117 5311 3447 5379 Σωτήριον;
3485 5312 3618 5364 ὡσεὶ

2038 5399 2223 5469 ἔλεγε·
2257 5401 2353 5464 Τίς
2394 5401 2556 5455 δώσει
2595 5401 2696 5472 ήδη
2741 5399 2872 5453 ποτέ
2912 5399 3089 5454 ταῦτα
3124 5400 3192 5454 δι’
3234 5400 3412 5472 ἔργων
3439 5400 3616 5472 χωρῆ-

2039 5510 2158 5558 σαι;
2193 5493 2269 5546 Οὐ
2296 5492 2407 5563 γὰρ
2435 5492 2610 5556 ἄλλως
2649 5491 2923 5548 σεσῶσθαι
2946 5489 3135 5548 κακῶν
3161 5491 3477 5564 ἐλευθερίαν
3505 5493 3616 5555 τοῖς
