4098 6376
451 360 552 418 46!

1581 344 2086 410 COMMENTARIA
2126 344 2191 404 IN
2231 337 2362 403 PSA
2372 341 2573 403 ιιιοε.

3596 340 3702 403 ιϐί

453 477 589 537 υἱοῖς
617 471 724 526 τῶν
757 471 1112 543 ἀνθρώπωνῆ
1145 471 1233 525 διὰ
1266 471 1431 543 μόνης
1465 453 1564 542 τῆς
1589 472 1907 542 ἐπιφανείας
1933 469 2026 522 τοῦ

2133 466 2197 523 de
2223 483 2331 538 quo
2359 467 2527 521 multa
2563 464 2814 519 feruntur
2839 463 2895 517 in
2924 461 3176 516 omnibus
3211 458 3534 533 Scripturis.
3567 463 3700 519 Prae

452 568 606 634 Σωτη
611 565 728 635 ρίου
745 561 836 616 τοῦ
852 561 1006 627 Θεοῦ,
1027 581 1091 616 πε
1101 564 1152 634 pi
1169 558 1229 618 οῦ
1242 564 1406 627 πολὺς
1419 567 1448 616 6
1463 563 1616 633 λόγος
1630 564 1716 617 διὰ
1730 562 1918 616 πασῶν
1931 561 2025 632 φέ-

457 675 605 732 ρεται
619 655 726 710 τῶν
767 654 1016 726 Γραφῶν.
1049 656 1365 726 Ἐπεύχεται
1384 656 1562 708 τοίνυν
1582 655 1754 724 λέγων
1771 672 1785 684 ·
1811 655 1905 720 Τίς
1919 654 2025 706 δώ-

453 767 550 804 σει
572 748 637 802 ἐκ
654 748 805 802 Σιὼν
825 747 889 800 τὸ
915 746 1214 815 Σωτήρων
1237 745 1341 800 τοῦ
1377 747 1624 815 Ἰσραήλ
1639 763 1656 810 ;
1673 743 1936 808 Πολλάκις
1967 743 2025 797 δέ

453 841 582 908 ήμῖν
605 837 838 908 εἴρηται,
864 834 938 899 ὥς
961 839 988 889 6
1012 837 1243 906 Χριστὸς
1265 835 1357 889 τοῦ
1383 836 1540 900 Θεοῦ,
1557 838 1586 888 6
1601 834 1788 906 Σωτὴρ
1806 835 1897 886 καὶ
1909 832 2022 886 Κύ-

456 946 568 1001 ριος
600 928 751 998 ήμῶν
776 928 962 981 τοῦτον
989 929 1045 978 ἐν
1067 925 1184 990 ταῖς
1210 924 1569 997 προφητείαις
1597 923 2022 997 προαγορεῦεται

453 1021 542 1072 τὸν
575 1019 771 1088 τρόπον
791 1035 804 1044 ·
839 1019 1110 1088 Σωτήριον
1141 1016 1249 1088 γὰρ
1277 1014 1438 1070 αὑτὸν
1473 1015 1656 1069 καλεῖν
1683 1013 1932 1067 εἰώθασιν
1955 1029 1968 1042 ·
1995 1011 2025 1064 ὃ

454 1115 547 1168 καὶ
567 1115 697 1166 πᾶσι
713 1115 822 1174 τοῖς
839 1111 1014 1164 ἔθνεσι
1031 1109 1440 1181 γνωσθήσεσθαι
1465 1109 1875 1180 προεκήρυττον
1896 1105 1952 1157 ἐν
1963 1121 2020 1157 τε

453 1207 562 1267 τοῖς
578 1203 755 1266 ἄλλοις
772 1203 866 1255 καὶ
885 1202 940 1254 ἐν
958 1195 1038 1263 οἷς
1057 1201 1269 1271 εἴρηται
1283 1217 1297 1230 ο
1321 1203 1541 1269 ’ᾍσατε
1561 1197 1640 1264 τῷ
1656 1190 2024 1266 Κυρίῳᾷσμα

453 1294 683 1360 καινὸν,
700 1292 885 1360 ᾇσατε
906 1290 983 1356 τῷ
998 1291 1211 1359 Κυρίῳ,
1231 1289 1400 1345 πᾶσα
1419 1292 1457 1358 ἡ
1482 1289 1575 1359 γῆ.
1588 1291 1798 1360 ᾎσατε
1811 1286 1890 1352 τῷ
1912 1290 2025 1339 Κυ-

448 1385 579 1452 ρίῳ,
605 1381 981 1451 εὐλογήσατε
1002 1382 1069 1434 τὸ
1098 1383 1286 1450 ὄνομα
1309 1381 1512 1436 αὑτοῦ.
1538 1380 2024 1450 Εὐαγγελίσασθε

454 1474 682 1543 ἡμέραν
729 1472 798 1536 ἐξ
847 1469 1069 1541 ἡμέρας
1107 1473 1171 1526 τὸ
1211 1471 1506 1540 Σωτήρων
1559 1469 1767 1524 αὑτοῦ.
1837 1469 2024 1538 Ἀναγι-

454 1562 686 1632 γείλατε
709 1559 834 1626 τοῖς
859 1561 1065 1613 ἔθνεσι
1098 1559 1211 1626 τὴν
1239 1558 1428 1624 δόξαν
1450 1557 1666 1612 αὐτοῦ·
1702 1556 1798 1610 καὶ
1829 1555 2021 1610 πάλιν·

457 1655 668 1722 ᾌσατε
717 1649 797 1715 τῷ
843 1651 1039 1717 Κυρίῳ
1072 1643 1236 1718 ᾆσμα
1297 1650 1539 1714 καινὸν,
1575 1649 1664 1702 ὅτι
1711 1649 2024 1718 θαυμαστὰ

452 1743 756 1808 ἐποίησεν.
801 1738 1111 1809 Ἐγνώρισε
1137 1742 1351 1808 Κύριος
1377 1741 1443 1792 τὸ
1483 1737 1781 1806 Σωτήρων
1814 1737 2020 1803 αὑτοῦ,

2131 567 2292 615 eatur
2323 559 2508 628 itaque
2546 557 2774 612 dicens:
2818 555 2950 620 Quis
2988 553 3136 606 dabit
3175 569 3240 608 ex
3277 553 3407 608 Sion
3448 553 3700 610 Saluum

2133 651 2354 706 Israel?
2383 649 2709 718 Plerumque
2739 656 2919 701 autem
2950 647 3219 711 diximus,
3257 645 3536 702 Christum
3568 645 3698 711 Dei,

2135 740 2472 795 Salvatorem
2506 745 2559 792 et
2588 735 2874 790 Dominum
2904 745 3154 790 nostrum
3187 736 3291 790 hoc
3322 736 3376 790 in
3402 735 3701 809 prophetiis

2132 832 2293 887 modo
2323 828 2584 900 appellari
2611 846 2624 895 ;
2655 842 2778 881 nam
2809 827 2960 880 illum
2988 825 3241 880 Salutare
3268 841 3464 881 vocare
3489 827 3698 882 solent:

2129 924 2274 994 quod
2319 924 2387 977 ab
2425 921 2680 976 omnibus
2717 917 2973 988 gentibus
3019 917 3295 988 cognitum
3343 918 3409 972 iri
3450 933 3703 988 prauum

2130 1014 2343 1067 tiabant
2389 1013 2510 1065 sive
2550 1010 2604 1064 in
2639 1009 2796 1074 aliis,
2839 1009 2955 1063 sive
3003 1007 3055 1062 in
3110 1008 3214 1062 hoc
3252 1008 3444 1063 dicto:
3477 1008 3704 1063 Caritate

2131 1103 2356 1157 Domino
2392 1103 2657 1156 canticum
2705 1115 2930 1164 novum,
2973 1108 3184 1153 cantate
3219 1098 3482 1164 Domino,
3534 1100 3701 1154 omnis

2131 1204 2294 1250 terra.
2328 1193 2554 1249 Cantate
2584 1191 2810 1245 Domino
2831 1229 2847 1256 ,
2879 1189 3164 1243 benedicite
3193 1190 3394 1243 nomini
3423 1190 3536 1260 ejus
3558 1231 3574 1256 ,
3607 1207 3704 1242 an;

2134 1289 2372 1342 nuntiate
2397 1286 2460 1340 de
2488 1286 2571 1338 die
2602 1285 2656 1339 in
2685 1285 2821 1337 diem
2857 1281 3108 1337 Salutare
3135 1283 3270 1351 ejus.
3293 1283 3620 1336 Annuntiate
3649 1283 3703 1336 iit

2128 1378 2368 1449 gentibus
2399 1378 2624 1448 gloriam
2661 1375 2775 1444 ejus
2802 1375 2850 1406 ⁸⁸
2873 1390 2892 1428 :
2927 1389 2992 1430 ac
3020 1389 3239 1430 rursum
3263 1413 3279 1438 ,
3321 1372 3548 1428 Caritate
3598 1371 3705 1426 υοι

2131 1470 2271 1523 mino
2299 1470 2567 1522 canticum
2598 1480 2824 1533 norum,
2855 1469 2982 1538 quia
3012 1467 3284 1522 mirabilia
3318 1467 3460 1537 fecit.
3502 1466 3704 1521 Nolunt

2131 1559 2252 1626 fecit
2289 1559 2544 1613 Dominus
2576 1558 2831 1614 Salutare
2863 1574 3017 1612 suum
3037 1598 3052 1621 ,
3083 1559 3138 1611 in
3169 1567 3444 1625 conspectu
3472 1559 3703 1628 gentium

2131 1651 2377 1706 reuelauit
2400 1651 2674 1718 justitiam
2706 1665 2858 1702 suam
2888 1649 2929 1679 “
2963 1663 2982 1711 ;
3025 1656 3078 1703 et
3130 1647 3302 1702 Isaias
3335 1666 3348 1702 :
3401 1647 3664 1702 Revelabit
3685 1679 3701 1710 ,

2134 1742 2346 1811 inquit,
2393 1741 2653 1794 Dominus
2698 1739 2970 1793 brachium
3014 1748 3258 1793 sanctum
3302 1753 3454 1792 suum
3487 1739 3542 1792 in
3582 1750 3707 1792 cons

453 1831 728 1884 ἐναντίον
750 1829 868 1884 τῶν
898 1829 1088 1884 ἐθνῶν
1123 1829 1478 1899 ἁπεκὰλυψε
1499 1829 1613 1898 τὴν
1633 1829 2026 1897 δικαιοσύνην

2133 1841 2306 1900 spectu
2335 1832 2570 1885 omnium
2595 1830 2663 1895 δ’,
2693 1839 2747 1885 et
2773 1838 2988 1885 caetera.
3017 1828 3084 1882 Et
3104 1830 3218 1898 jam
3246 1842 3390 1899 saepe
3416 1830 3704 1884 verborum

453 1921 669 1977 αὐτοῦ·
699 1922 791 1974 καὶ
826 1923 854 1973 6
891 1921 1137 1983 Ἡσαΐας,
1179 1911 1607 1988 Ἀποκαξλύψει,
1634 1921 1787 1990 φησὶ,
1810 1920 2026 1987 Κύριος

451 2013 556 2066 τὸν
580 2013 876 2082 βραχίονα
904 2014 1010 2065 τὸν
1034 2012 1202 2081 ἄγων
1248 2011 1434 2066 αὑτοῦ
1477 2010 1733 2064 ἐνώπιον
1787 2010 2027 2065 πάντων

451 2100 567 2155 τῶν
591 2101 800 2164 ἐθνῶν,
827 2102 1013 2155 καὶτὰ
1044 2101 1189 2173 ἑξῆς.
1236 2103 1373 2172 ’Ἤδη
1404 2101 1459 2154 δὲ
1492 2101 1752 2165 πολλάκις
1783 2119 2022 2172 παρατε-

450 2191 679 2263 θείμεθα
703 2193 810 2247 τῶν
839 2189 1010 2261 λόγων
1062 2193 1122 2245 τὸ
1155 2189 1500 2263 ἀποτέλεσμα
1524 2234 1539 2258 ,
1581 2190 2024 2264 μαρτυρούμενον

451 2283 558 2336 ὑπὸ
585 2283 678 2336 τοῦ
711 2284 954 2355 Συμεῶν,
982 2283 1060 2347 ὃς,
1087 2285 1177 2337 τὸν
1212 2285 1438 2356 Σωτῆρα
1475 2284 1571 2338 καὶ
1612 2283 1817 2356 Κύριον
1865 2282 2024 2355 ήμῶν

464 2371 670 2440 Ἰησοῦν
696 2373 949 2442 Χριστὸν,
975 2373 1052 2425 ἔτι
1081 2374 1272 2445 νήπιον
1305 2371 1452 2436 ὄντα,
1487 2374 1609 2436 ταῖς
1639 2371 1908 2440 ἀγκάλαις
1925 2369 2022 2422 λα-

451 2457 580 2525 ϐὼν,
615 2460 928 2533 ἀνεφώνησε
954 2459 1127 2531 λέγων
1146 2479 1158 2492 ·
1200 2463 1324 2517 Νῦν
1348 2461 1636 2528 ἀπολύεις
1665 2462 1771 2516 τὸν
1796 2460 2023 2515 δοῦλόν

2131 1932 2386 1978 eventum
2417 1921 2794 1992 exposuimus,
2830 1920 3145 1975 testimonio
3178 1919 3452 1976 Simeonis
3484 1919 3703 1982 fultum,

2132 2014 2224 2081 qui
2261 2012 2600 2066 Salvatorem
2635 2019 2689 2066 et
2719 2010 3010 2065 Dominum
3053 2020 3300 2066 nostrum
3329 2011 3515 2066 Iesum
3545 2009 3706 2063 Chri‘

2132 2112 2286 2172 stum
2309 2102 2489 2157 adhuc
2517 2100 2777 2156 infantem
2799 2141 2814 2165 ,
2847 2101 2902 2155 in
2935 2101 3081 2155 ulnis
3111 2102 3418 2171 accipiens,
3451 2100 3530 2156 sic
3561 2100 3709 2154 vocis

2132 2191 2341 2246 feratus
2372 2199 2488 2255 est,
2524 2189 2683 2243 Nunc
2717 2189 2944 2243 dimittis
2987 2203 3193 2245 servum
3233 2199 3377 2244 tuum
3403 2231 3417 2256 ,
3452 2189 3703 2252 Domine,

2130 2282 2419 2337 secundum
2446 2281 2658 2337 verbum
2687 2289 2834 2335 tuum
2866 2283 2921 2336 in
2945 2299 3073 2351 pace
3095 2297 3114 2336 :
3144 2282 3268 2352 quia
3298 2283 3539 2336 viderunt
3569 2276 3709 2334 oculi

2131 2375 2234 2428 mei
2266 2373 2551 2439 Salutare,
2581 2371 2720 2444 quod
2751 2374 2959 2442 parasti
2993 2382 3114 2427 ante
3131 2373 3322 2441 facient
3349 2374 3581 2426 omnium
3608 2388 3707 2440 μοι

2129 2465 2374 2532 pulcrum
2399 2464 2469 2520 ⁸³.

451 2567 589 2616 σου,
612 2552 902 2616 Δέσποτα,
933 2553 1083 2607 κατὰ
1109 2553 1173 2606 τὸ
1205 2552 1390 2620 ὄνομά
1421 2567 1538 2606 σου
1568 2553 1639 2606 ἐν
1664 2551 1893 2622 εἰρήνῃ·
1931 2551 2021 2604 ὅτι
2057 2549 2224 2608 εἶδον
2252 2559 2306 2609 oi
2336 2554 2629 2624 ὀφθαλμοί
2643 2571 2764 2624 μου
2824 2554 2891 2606 τὸ
2941 2553 3271 2621 Σωτήρων,
3313 2554 3344 2607 δ
3378 2549 3712 2623 ἡτοίμασας

451 2643 599 2695 κατὰ
626 2643 950 2710 πρόσωπον
977 2641 1220 2694 πάντων
1251 2639 1371 2694 τῶν
1399 2640 1609 2699 ἐθνῶν.

534 2755 694 2808 Ἀλλὰ
725 2755 896 2807 ταῦτα
929 2755 1027 2824 μὲν
1049 2755 1106 2807 ἐν
1139 2755 1490 2822 Εὐαγγελίοις
1520 2754 1841 2826 ἐπληροῦτο.
1873 2754 1938 2810 Οἵ
1962 2773 2025 2824 γε

455 2848 560 2918 μὴν
588 2846 806 2898 παλαιοὶ
835 2847 1128 2917 προφῆται,
1161 2848 1222 2899 τὸ
1246 2847 1437 2917 μέλλον
1466 2848 1544 2918 τῷ
1574 2848 1850 2918 Πνεῦμα-ει
1894 2863 2027 2919 προ-

452 2936 784 3007 θεωροῦντες
808 2977 822 3001 ,
849 2938 941 2989 καὶ
987 2936 1093 2991 τῶν
1123 2937 1343 3006 ἀγαθῶν
1374 2940 1453 3001 είς
1497 2938 1674 3010 ἔρωτα
1721 2939 1816 2992 καὶ
1866 2940 2027 2993 πόθον

454 3027 758 3099 ἐρχόμενοι,
794 3026 1034 3080 ἐπεϐόων
1060 3030 1116 3081 ἐν
1142 3028 1350 3098 εὐχαῖς,
1388 3029 1510 3080 τοτέ
1547 3029 1645 3099 μὲν
1689 3030 1988 3098 φάσκοντες
2009 3045 2023 3061 ⁶

2207 2755 2312 2810 Sed
2345 2755 2460 2810 haec
2489 2753 2706 2824 quidem
2742 2754 2796 2808 in
2826 2749 3130 2824 Evangeliis
3161 2755 3380 2824 impleta
3411 2767 3558 2812 sunt.
3593 2748 3707 2811 Ana

2133 2847 2271 2916 tiqui
2299 2860 2431 2900 vero
2456 2843 2732 2915 propheta
2760 2840 2966 2912 Spiritu
2989 2842 3133 2912 quod
3166 2842 3407 2898 futurum
3436 2853 3553 2899 erat
3578 2858 3712 2914 pm

2134 2938 2414 3003 videntes,
2460 2946 2515 2993 et
2555 2937 2822 2992 bonorum
2870 2933 3147 2992 desiderio
3189 2949 3485 3007 amoreque
3526 2941 3708 3009 capti,

2133 3029 2444 3084 clamabant
2471 3028 2526 3082 in
2554 3025 2900 3083 orationibus
2921 3068 2937 3093 ,
2969 3026 3134 3082 modo
3163 3027 3382 3097 quidem
3417 3028 3550 3084 illud
3583 3047 3710 3099 prce

452 3115 860 3196 Aeiforjuti'r,
895 3116 1093 3184 Κύριε,
1120 3117 1186 3171 τὸ
1221 3117 1394 3184 ἔλεός
1419 3133 1536 3170 σου
1561 3157 1576 3181 ,
1608 3117 1704 3171 καί
1737 3117 1800 3171 τὸ
1832 3119 2027 3188 Σωτή-

2134 3119 2404 3183 ferentes,
2455 3119 2682 3175 Ostende
2731 3118 2918 3184 nobis,
2974 3117 3232 3180 Domine,
3288 3118 3712 3174 misericordiam

445 3208 582 3274 ριόν
619 3222 735 3261 σου
759 3207 917 3274 ὄῴης
936 3208 1078 3277 ήμῒν
1096 3223 1112 3240 ⁸
1145 3208 1265 3261 τοτὲ
1290 3207 1347 3260 δὲ
1375 3209 1432 3261 ἐν
1461 3209 1590 3279 εὐχῇ
1615 3207 1860 3275 λέγοντες
1879 3226 1892 3238 ·
1936 3211 2029 3274 Τίς

450 3299 630 3353 δώσει
656 3300 724 3353 ἐκ
748 3302 901 3355 Σιὼν
935 3301 998 3354 τὸ
1029 3301 1331 3369 Σωτήρων
1362 3300 1468 3367 τρῦ
1483 3291 1775 3369 ”1σραή.λ;
1815 3302 1880 3354 Τί
1923 3302 2030 3374 γὰρ

451 3391 548 3445 καὶ
605 3391 794 3462 ἔμελλε
846 3392 1129 3461 γίγνεσθαι
1179 3391 1535 3460 ἐπιφανέντος
1583 3391 1676 3446 τοῦ
1728 3388 2027 3465 Σωτηρίου,

453 3481 583 3551 ἑξῆς
613 3483 642 3534 6
671 3479 827 3550 λόγος
863 3483 1161 3555 παρίστησι
1196 3485 1421 3552 φάσκων
1445 3499 1458 3512 ο
1503 3483 1600 3542 Ἐν
1647 3481 1726 3547 τῷ
1757 3483 2030 3551 ἐπιστρέ-

453 3575 565 3640 ψαι
593 3572 699 3625 τὸν
713 3574 930 3640 Κύριον
951 3572 1065 3640 τὴν
1087 3573 1506 3642 αἰχμαλωσίαν
1525 3569 1630 3625 τοῦ
1651 3573 1804 3626 λαοῦ
1818 3573 2026 3636 αὑτοῦ,

453 3659 881 3732 ἀγαλλιάσετω
911 3662 1124 3726 Ἰακὼϐ,
1145 3663 1244 3715 καὶ
1263 3660 1742 3730 εὐφρανθήσεται
1769 3662 2026 3730 Ἰσραήλ.

465 3751 628 3824 Ὀρᾷς
649 3792 664 3816 ,
699 3750 806 3816 ὼς,
841 3749 1198 3819 ἐπιφανέντος
1230 3750 1324 3803 τοῦ
1358 3749 1658 3821 Σωτηρίου,
1693 3751 2030 3822 ἐπιστροφὴν

339 3903 344 3907 η
454 3839 780 3910 γενήσεσθαι
811 3837 910 3908 τῆς
936 3837 1308 3908 αἰχμαλωσίας
1343 3837 1587 3900 θεσπίζει
1627 3837 1767 3891 κατὰ
1801 3838 1898 3909 τὴν
1927 3855 2032 3892 σω-

455 3933 640 4002 τήριον
675 3929 856 4000 φωνὴν
889 3929 988 3998 τὴν
1020 3929 1397 4000 ἐμφερομένην
1428 3930 1484 3981 ἐν
1509 3928 1586 3998 τῷ
1612 3923 1823 3997 λέγοντι
1859 3929 1916 3995 ἐξ
1943 3927 2034 3982 αὐ-

455 4019 548 4071 τοῦ
584 4009 874 4089 προσώπου
918 4016 1198 4087 προφήτῃ
1232 4015 1475 4082 Πνεῦμα
1515 4015 1737 4082 Κυρίου
1783 4013 1874 4067 ἐπ’
1905 4012 2029 4081 ἐμὲ,

456 4107 528 4165 οὗ
584 4109 816 4162 εἵνεκεν
857 4105 1067 4176 ἐχρισέ
1100 4123 1196 4175 με,
1250 4105 1728 4174 εὐαγγελίζεσθαι
1776 4104 2030 4172 πτωχοῖς

456 4197 802 4255 ἀπέσταλκέ
824 4215 920 4268 με,
950 4198 1204 4273 κηρῦξαι
1231 4198 1631 4267 αἰχμαλώτοις
1663 4197 1904 4265 ἄφεσιν,
1936 4214 2034 4250 τυ-

455 4292 634 4365 φλοῖς
665 4291 1002 4358 ἀνάϐλεψιν
1020 4307 1037 4353 ;
1084 4290 1150 4359 ἣν
1180 4289 1318 4359 μετὰ
1359 4290 1548 4358 χεῖρας
1591 4285 1752 4350 αὐτὸς
1784 4291 1812 4341 6
1844 4287 2033 4358 Σωτὴρ

455 4383 548 4436 ἐπὶ
581 4383 678 4453 τῆς
704 4379 1028 4449 συναγωγῆς
1077 4379 1186 4432 τῶν
1229 4379 1498 4432 Ἰουδαίων
1529 4372 1742 4440 λαϐὼν,
1797 4377 1892 4430 καὶ
1940 4378 2032 4430 τὸν

411 4542 417 4546 _
453 4439 876 4528 c61tov'6tslbt‘ov
934 4439 1377 4541 ἐπεσφραγίσατο
1431 4467 1636 4539 φήσας·
1681 4467 1950 4538 Σήμερον
1991 4469 2030 4535 ἡ
2065 4439 2109 4492 D

455 4561 666 4630 Γραερὴ
689 4561 837 4627 αὕτη
866 4557 1245 4627 πεπλήρωται
1279 4559 1348 4610 ὲν
1376 4557 1499 4622 τοῖς
1529 4557 1682 4610 ὠσὶν
1703 4555 1886 4626 ὑμῶν.
1923 4555 2034 4625 Τῆς

455 4648 548 4706 οῦν
580 4646 956 4722 αἰχμαλωσίας
997 4649 1303 4720 ἀνεθείσης,
1327 4650 1536 4720 χορεῖαι
1562 4648 1746 4700 λοιπὸν
1782 4646 1841 4712 ἐξ
1867 4641 2035 4716 αὐτῆς

460 4742 837 4804 συνίστανται,
868 4741 994 4803 τοὺς
1037 4734 1239 4810 ὕμνους
1267 4740 1686 4809 ἀναπέμπουσαι
1719 4736 1795 4807 τῷ
1817 4735 2031 4790 ἐλευθε-

461 4835 605 4903 ρωτῇ
638 4831 862 4902 βασιλεῖ.
906 4832 1050 4904 Τότε
1091 4827 1158 4881 δὲ
1187 4829 1285 4881 καὶ
1323 4828 1754 4896 ἀγαλλιάσεται
1813 4825 2028 4890 Ἰακὼϐ,

458 4923 555 4980 καί
586 4919 1064 4991 εὐφρανθήσεται
1103 4919 1356 4985 Ἰσραήλ.
1383 4919 1518 4972 Τότε
1542 4917 1623 4984 δὲ,
1647 4914 1795 4980 πότε,
1826 4914 1858 4986 ἢ
1893 4916 2033 4970 κατὰ

457 5011 549 5063 τὸν
573 5007 764 5082 καιρὸν
793 5010 894 5079 τῆς
927 5008 1259 5080 δηλουμένης
1284 5006 1597 5078 ἐλευθερίας
1642 5005 1732 5060 τοῦ
1774 5007 1904 5059 λαοῦ
1937 5006 2030 5060 τοῦ

459 5101 614 5163 Θεοῦ,
644 5098 719 5163 ὡς
746 5103 884 5153 νοεῖν
919 5112 978 5152 σε
1006 5099 1190 5171 ἕτερον
1229 5099 1325 5168 μὲν
1350 5094 1489 5151 εἶναι
1520 5098 1611 5176 τὸν
1635 5098 1920 5170 ἐλευθερού
1930 5116 2029 5170 με-

459 5206 549 5243 νον
575 5188 724 5253 λαὸν,
770 5187 862 5240 καὶ
917 5187 1137 5258 ἐτέρους
1179 5188 1304 5250 τοὺς
1337 5188 1428 5240 ἐπὶ
1461 5189 1528 5256 τῇ
1586 5184 1751 5240 αὑτοῦ
1789 5188 2032 5260 σωτηρίᾳ

457 5279 946 5353 εὖφραινομένουςς
1003 5278 1174 5331 Τοῦτο
1229 5277 1338 5348 γὰρ
1389 5279 1422 5348 ή
1471 5277 1678 5331 διάνοια
1740 5278 2032 5332 ὑποϐάλλει

459 5373 756 5440 φάσκοντος
781 5368 874 5422 τοῦ
897 5367 1054 5435 λόγου
1071 5386 1084 5398 ο
1137 5369 1233 5422 Ἐν
1262 5367 1342 5433 τῷ
1367 5368 1723 5437 ἐπιστρέψαι
1752 5368 1857 5422 τὸν
1880 5371 2028 5423 Θεὸν

457 5461 572 5530 τὴν
599 5461 1014 5530 αἰχμαλωσίαν
1043 5460 1150 5514 τοῦ
1182 5459 1338 5513 λαοῦ
1379 5459 1596 5522 αὑτοῦ,
1647 5460 1739 5512 καὶ
1772 5457 1840 5512 τὰ
1881 5458 2026 5530 ἑξῆς.

601 5637 646 5668 ⁸⁸
687 5636 831 5690 Psal.
881 5652 1001 5699 xcv,
1059 5634 1174 5692 1-3.

461 5708 506 5740 ⁸⁵
539 5707 642 5762 lsa.
675 5721 787 5771 Lxl,
826 5708 849 5761 l
885 5725 899 5777 ;
946 5706 1078 5762 Luc.
1116 5723 1188 5771 Iv,
1230 5706 1314 5773 l8,
1343 5705 1423 5762 l9.
1516 5705 1562 5738 “
1586 5704 1720 5758 Luc.
1756 5719 1830 5770 Iv,
1866 5704 1956 5757 21.

1274 5637 1316 5669 ³¹
1359 5630 1503 5692 Psal.
1531 5649 1708 5696 xcvu,
1748 5633 1800 5698 l,
1840 5634 1895 5689 2.
1983 5634 2029 5667 ⁸³
2069 5633 2174 5691 lsa.
2207 5651 2320 5702 ut,
2360 5635 2444 5691 to.

2132 3219 2308 3275 tuam,
2337 3219 2386 3264 et
2413 3209 2666 3265 Salutare
2695 3218 2842 3263 tuum
2871 3207 2943 3261 da
2969 3207 3118 3262 nobis
3146 3207 3192 3240 ⁸⁸
3209 3225 3228 3273 ;
3259 3201 3420 3264 modo
3448 3219 3626 3265 autem
3655 3209 3708 3264 in

2128 3300 2376 3356 oratione
2419 3300 2664 3356 dicentes
2704 3317 2718 3354 :
2773 3299 2904 3366 Quis
2952 3297 3101 3352 dabit
3157 3313 3222 3352 ea:
3296 3297 3425 3353 Sion
3457 3299 3709 3354 Salutare

2130 3389 2344 3448 Israel?
2364 3390 2505 3456 Quid
2520 3392 2662 3446 enim
2681 3401 2804 3462 post
2821 3389 3088 3446 Salutaris
3108 3390 3396 3445 adventum
3416 3401 3710 3447 evasurum

2130 3490 2306 3546 esset,
2341 3483 2392 3536 in
2426 3482 2785 3552 sequentibus
2816 3491 3000 3536 sermo
3032 3479 3275 3536 declarat
3308 3480 3495 3535 dicens
3523 3501 3535 3535 :
3577 3481 3710 3538 Cum
3749 3489 3764 3497 ί

2130 3574 2437 3649 conuerterit
2467 3572 2726 3640 Dominus
2759 3573 3117 3641 captivitatem
3149 3571 3312 3639 plebis
3355 3585 3500 3633 sure,
3531 3572 3712 3625 exsule

2132 3663 2263 3716 tabit
2305 3657 2473 3716 Jacob
2515 3671 2564 3716 et
2607 3661 2877 3716 laetabitur
2923 3657 3115 3716 Israel.
3166 3659 3358 3716 Viden‘
3397 3677 3508 3730 quo
3550 3669 3712 3731 pacto

2131 3759 2255 3823 post
2311 3751 2581 3807 Salutaris
2630 3754 2956 3817 adventum,
3014 3753 3432 3808 conversionem
3483 3753 3712 3824 captivi-

2133 3840 2262 3893 tatis
2291 3837 2529 3892 l’uturam
2559 3855 2683 3894 esse
2709 3841 3062 3903 vaticinatur,
3088 3841 3390 3894 secundum
3419 3841 3564 3894 illam
3589 3839 3712 3895 Sal-

2132 3924 2338 3980 vatoris
2381 3940 2567 3980 vocem
2594 3965 2608 3990 ,
2653 3940 2774 3995 quae
2816 3927 2870 3979 in
2914 3928 3175 3996 prOpbeta
3217 3943 3283 3982 ex
3323 3929 3442 3996 ejus
3471 3943 3710 3998 persona

2133 4015 2388 4083 loquente
2419 4014 2590 4070 fertur
2617 4035 2630 4070 :
2660 4015 2889 4083 Spiritus
2918 4017 3130 4069 Domini
3156 4033 3313 4086 super
3342 4031 3424 4071 me
3443 4057 3456 4082 ,
3487 4035 3546 4071 eo
3571 4017 3710 4088 quod

2135 4106 2344 4158 unxerit
2378 4121 2458 4165 me
2477 4147 2492 4168 ,
2527 4105 2889 4176 euangelizare
2922 4106 3239 4174 pauperibus
3265 4109 3407 4161 misit
3438 4124 3546 4173 me,
3571 4122 3710 4178 prted

2136 4197 2316 4250 dicare
2350 4197 2571 4265 captivis
2605 4197 3004 4260 dimissionem,
3046 4198 3198 4251 cazcis
3236 4200 3375 4252 visus
3417 4201 3712 4255 restitutio~

2135 4302 2250 4339 nem
2287 4274 2331 4317 ⁸⁸
2359 4287 2383 4339 2
2414 4285 2589 4352 Quam
2641 4285 2980 4356 praphetiam
3032 4283 3284 4340 Salvator
3331 4287 3384 4341 in
3435 4300 3710 4360 synagoga

2134 4374 2484 4440 Iudaeorum,
2530 4376 2784 4431 manibus
2835 4376 3152 4446 accipiens,
3198 4385 3485 4447 postquam
3533 4379 3711 4431 locum

2138 4467 2392 4537 legisset,
2427 4467 2736 4538 obsignavit
2772 4468 3002 4524 dicens:
3055 4468 3226 4525 Hodie
3271 4464 3383 4524 hwc
3431 4469 3712 4539 Scriptura

2139 4555 2356 4622 impleta
2403 4565 2480 4610 est
2526 4557 2580 4609 in
2633 4558 2852 4611 auribus
2898 4560 3083 4613 vestris
3117 4560 3182 4630 'f.
3233 4558 3481 4615 Remissa
3527 4559 3711 4628 itaque

2137 4645 2496 4715 captivitate,
2549 4661 2616 4700 ex
2660 4661 2724 4702 ea
2772 4655 2963 4716 postea
3015 4649 3228 4704 chorea:
3281 4649 3711 4711 constituuntur,

2137 4748 2261 4803 qua:
2289 4735 2521 4804 hymnos
2554 4736 2835 4792 liberatori
2870 4735 3004 4808 Regi
3036 4739 3309 4792 emittunt.
3355 4737 3498 4792 Tunc
3530 4738 3710 4793 exsul-

2141 4825 2273 4878 tabit
2295 4823 2486 4891 Jacob,
2511 4835 2560 4880 et
2589 4826 2858 4881 laetabitur
2887 4826 3080 4882 Israel.
3109 4827 3294 4892 Tunc,
3322 4830 3670 4900 quandonam
3693 4862 3710 4896 ,

2141 4913 2249 4968 nisi
2279 4920 2523 4986 tempore
2553 4925 2868 4972 memoratae
2895 4919 3044 4973 illius
3067 4918 3338 4976 libertatis
3368 4921 3552 4991 populi
3580 4914 3708 4986 Dei,

2141 5005 2214 5059 ita
2264 5012 2324 5059 ut
2373 5005 2647 5077 intelligas
2704 5007 2871 5062 alium
2913 5023 3034 5064 esse
3085 5009 3371 5064 liberatum
3417 5011 3711 5080 populum,

2141 5095 2279 5151 alios
2311 5111 2409 5151 eos
2439 5095 2532 5166 qui
2563 5096 2630 5151 de
2664 5098 2839 5167 ipsius
2871 5099 3048 5153 salute
3083 5099 3380 5153 lzetantur?
3409 5099 3534 5154 llaec
3564 5099 3711 5154 enim

2141 5189 2410 5243 sententia
2456 5188 2836 5244 subindicatur
2875 5202 3000 5244 cum
3039 5188 3278 5243 dicitur:
3324 5187 3456 5244 Cum
3501 5201 3716 5243 conver-

2141 5279 2261 5331 terit
2313 5277 2456 5333 Deus
2507 5279 2864 5346 captivitatem
2912 5278 3078 5348 plebis
3124 5295 3264 5343 sua,
3310 5286 3364 5334 et
3392 5287 3606 5352 caetera.
3647 5276 3713 5332 lli

2138 5383 2375 5439 namque
2398 5369 2728 5424 laetabuntur
2749 5382 2874 5425 cum
2899 5369 3229 5424 converterit
3251 5367 3511 5425 Dominus
3539 5369 3717 5439 capti-

2137 5460 2359 5515 vitatem
2397 5459 2571 5529 plebis
2600 5473 2732 5514 sua.
2769 5457 2866 5513 His
2891 5458 3078 5529 itaque
3109 5459 3250 5517 duos
3275 5459 3500 5520 ordines
3525 5460 3713 5515 declaa

2555 5635 2602 5668 ⁸⁸
2635 5633 2768 5689 Luc.
2808 5647 2888 5700 ιι,
2917 5633 3010 5691 το.
3124 5634 3169 5670 ⁸⁸
3204 5635 3350 5694 Psal.
3389 5652 3621 5706 unum,
3655 5637 3711 5697 8.
