4098 6378
392 319 503 375 485

1106 314 1378 373 EUSEBII
1414 308 1896 383 CESAIIIENSIS
1932 319 2085 377 OPP.
2124 318 2306 379 PARS
2333 318 2422 375 ill.
2460 348 2527 359 —
2568 316 2974 373 EXEGETICA.

3544 322 3647 378 ισι

392 445 511 500 rat,
544 432 708 486 alium
737 444 929 488 eorum
961 431 1054 502 qui
1088 430 1144 485 in
1185 431 1558 502 captivitatem
1599 433 1819 489 abducti
1860 450 1957 489 non

2072 426 2234 488 Οὗτοι
2267 432 2376 504 γάρ
2418 431 2885 505 εὐφρανθήσονται
2927 432 2987 485 ἐν
3031 430 3109 502 τῷ
3149 432 3501 504 ἐπιστρέφειν
3535 436 3648 489 Κύ-

391 531 550 591 suut;
582 524 747 605 alitth
778 536 969 578 eorum
985 523 1079 592 qui
1101 522 1319 578 abducti
1347 522 1564 592 quidem
1585 533 1733 587 sunt,
1754 525 1850 581 sed
1872 540 1967 595 per

391 615 642 671 Salutate
667 613 975 670 libertatem
1005 620 1133 669 sunt
1150 613 1451 669 consecuti.
1475 612 1634 670 Dicas
1658 614 1824 687 igitur
1844 616 1967 671 illos

388 706 519 761 olim
552 705 851 777 prophetas
873 744 888 770 ,
927 705 1109 774 iustos
1135 743 1150 767 ,
1189 705 1569 774 patriarchas,
1602 715 1655 761 et
1699 712 1967 777 quOlquot

389 798 458 861 ab
500 812 689 853 errore
719 795 1039 852 idololatria
1071 795 1195 866 puri
1225 794 1480 863 fuerunt,
1513 795 1663 866 ipsos
1709 811 1831 852 esse
1873 795 1965 867 qui

390 888 447 944 in
497 888 872 959 captivitatem
923 901 955 941 a
1013 885 1395 956 spiritualihus
1453 887 1694 943 inimicis
1744 887 1965 942 abducti

390 995 501 1035 non
532 988 662 1036 sunt
688 997 703 1034 :
738 993 835 1035 eos
865 993 998 1034 vero
1028 992 1093 1033 ex
1129 978 1383 1048 gentibus
1411 979 1505 1048 qui
1539 978 1595 1032 in
1634 978 1841 1035 nullius
1870 978 1965 1034 Dei

391 1072 603 1131 cultum
649 1084 773 1127 sese
819 1076 1148 1133 verterunt;
1194 1082 1290 1123 eos
1341 1067 1471 1122 item
1520 1068 1617 1137 qui
1666 1068 1963 1145 multorum

390 1161 677 1217 numinum
720 1159 895 1221 errori
936 1174 996 1219 se
1036 1158 1376 1226 subdidere;
1422 1158 1539 1214 sive
1573 1159 1738 1215 etiam
1772 1158 1961 1230 quies

388 1251 809 1309 circumcisione
838 1249 1084 1321 peccatis
1114 1249 1232 1305 suis
1263 1248 1468 1305 venditi
1506 1258 1674 1314 sunt;
1711 1258 1876 1320 atque
1910 1251 1964 1304 in

388 1357 602 1399 summa
629 1356 853 1406 omnes,
888 1339 957 1395 de
983 1340 1186 1411 quibus
1213 1340 1470 1409 superius
1492 1340 1703 1401 dictum
1731 1349 1845 1405 est,
1879 1340 1966 1396 Di-

387 1434 471 1487 xit
501 1433 756 1502 insipiens
789 1432 847 1488 in
875 1431 1032 1488 corde
1065 1447 1205 1487 suo:
1249 1429 1375 1486 Non
1406 1440 1486 1486 est
1521 1430 1698 1496 Deus;
1733 1431 1967 1500 corrupti

388 1533 513 1580 sunt
549 1534 599 1579 et
642 1522 1023 1578 abominabiles
1063 1523 1197 1592 facti
1231 1532 1355 1577 sunt
1394 1524 1449 1577 in
1484 1523 1799 1593 iniquitate,
1831 1537 1962 1589 eos,

2072 542 2184 595 ριον
2209 522 2306 596 τὴν
2332 523 2708 594 αἰχμαλωσίαν
2736 522 2829 576 τοῦ
2862 522 2990 576 λαοῦ
3022 523 3206 579 αὑτοῦ.
3240 523 3346 579 Δύο
3364 525 3543 581 τοίνυν
3563 527 3650 582 διὰ
3720 530 3737 538 ’

2068 614 2273 669 τούτων
2315 614 2643 686 παρίσταται
2673 615 2949 686 τάγματα,
2985 614 3046 669 τὸ
3074 616 3173 686 μὲν
3203 616 3313 669 τῶν
3347 616 3422 689 μὴ
3447 616 3650 673 ὑποπε-

2071 705 2363 760 πτωκότων
2393 708 2460 777 τῇ
2487 705 2855 776 αἰχμαλωσίᾳ,
2883 706 2945 758 τὸ
2972 705 3027 759 δὲ
3048 707 3157 759 τῶν
3173 708 3648 765 ὑποπεπτωκότων

2072 795 2193 866 μὲν,
2221 794 2536 865 ἐλευθερίας
2572 794 2629 848 δὲ
2664 794 3043 866 τετυχηκότων
3089 795 3176 849 διὰ
3217 795 3311 850 τοῦ
3345 798 3645 869 Σωτηρίου.

2082 888 2257 958 Ἐρεῖς
2302 881 2393 940 οὖν
2434 886 2560 949 τοὺς
2597 886 2694 958 μὲν
2732 885 2899 939 πάλαι
2935 889 3220 958 προφήτας
3249 888 3343 942 καὶ
3378 889 3643 953 δικαίους,

2068 977 2162 1029 καὶ
2189 975 2553 1049 πατριάρχας,
2572 976 2666 1029 καὶ
2696 975 2902 1039 πάντας
2917 978 3042 1041 τοὺς
3072 977 3344 1050 καθαροὺς
3374 977 3473 1048 τῆς
3497 978 3649 1033 εἰδω-

2071 1068 2334 1140 λολάτρου
2372 1068 2581 1138 πλάνης
2609 1067 2957 1138 γενομένους,
2990 1068 3189 1134 αὐτοὺς
3227 1064 3365 1124 εἶναι
3411 1071 3535 1133 τοὺς
3571 1069 3646 1141 μὴ

2068 1159 2534 1222 ὑποπεπτωκότας
2575 1160 2641 1230 τῇ
2685 1158 2793 1210 τῶν
2839 1158 3046 1229 νοητῶν
3098 1160 3372 1231 πολεμίων
3415 1159 3642 1215 ἀλώσει·

2067 1249 2194 1311 τοὺς
2218 1248 2276 1301 δὲ
2305 1245 2365 1311 ἐξ
2407 1247 2576 1300 ἐθνῶν
2616 1250 2695 1311 εἰς
2727 1248 2996 1320 ἀθεότητα
3039 1249 3648 1323 περιτραπέντας,’τούς

2067 1352 2127 1387 τε
2166 1338 2232 1405 τῇ
2264 1335 2508 1406 πολυθέῳ
2536 1324 2711 1408 πλάνῃ
2740 1336 3265 1404 καταδουλωθέντας,
3297 1339 3331 1409 ἢ
3383 1341 3478 1402 καὶ
3520 1341 3677 1404 τοὺς

2067 1427 2131 1478 ὲκ
2160 1429 2461 1498 περιτομῆς
2484 1427 2610 1491 τοὺς
2655 1430 2775 1491 ταῖς
2812 1427 3020 1482 ἑαυτῶν
3069 1424 3366 1501 ἁμαρτίαις
3410 1428 3646 1502 πραθέν-

2065 1536 2186 1583 τας,
2211 1520 2303 1572 καὶ
2331 1519 2666 1587 ἁπαξαπλῶς
2688 1520 2953 1585 ἅπαντας,
2987 1523 3117 1593 περὶ
3140 1515 3216 1576 ὧν
3251 1522 3507 1595 ἀνωτέρω
3530 1521 3647 1577 ἐλέ-
3756 1576 3765 1586 ,

387 1614 614 1685 inquam
636 1654 651 1680 ,
681 1628 806 1670 esse
829 1612 923 1683 qui
966 1613 1334 1683 captivitatem
1378 1613 1530 1684 passi
1572 1621 1721 1669 sunt.
1753 1611 1957 1678 Quibus

2067 1625 2193 1677 γετο
2212 1626 2226 1639 ·
2272 1605 2460 1664 Εἶπεν
2487 1608 2692 1677 ἄφρων
2718 1609 2793 1683 ἐν
2819 1610 3034 1679 καρδίᾳ
3072 1611 3259 1673 αὐτοῦ
3279 1628 3293 1642 ·
3347 1614 3470 1664 Οὐκ
3513 1611 3647 1668 ἐστι

387 1722 485 1777 per
515 1706 813 1763 salutarem
844 1704 1142 1761 adventum
1171 1705 1423 1761 liberatis
1443 1745 1461 1773 ,
1491 1703 1697 1760 chorus
1727 1703 1957 1775 prophe-

2070 1698 2236 1765 Θεὸς,
2289 1699 2628 1769 διέφθειραν
2653 1699 2752 1754 καὶ
2808 1701 3263 1770 ἐϐδελύχθησαν
3304 1703 3374 1756 ἐν
3397 1703 3645 1772 ἀνομίᾳ,

386 1797 533 1853 ticus
562 1796 657 1868 qui
687 1796 801 1866 jam
837 1796 968 1850 olim
1001 1794 1058 1849 in
1099 1793 1209 1848 Deo
1241 1792 1546 1864 requievit,
1580 1793 1786 1865 quippe
1833 1807 1957 1863 pro-

2065 1790 2285 1854 τούτους
2311 1791 2600 1869 τυγχάνειν
2627 1792 2753 1853 τοὺς
2774 1792 2871 1861 τὴν
2893 1791 3267 1863 αἰχμαλωσίαν
3288 1792 3645 1857 πεπονθότας.

386 1887 506 1958 prie
529 1887 701 1943 Jacob
728 1895 782 1942 et
813 1884 981 1942 lsrael
1001 1926 1016 1950 ,
1048 1885 1119 1941 ob
1149 1900 1238 1943 res
1256 1900 1368 1955 per
1397 1884 1620 1939 nomina
1648 1881 1957 1953 bujusmodi

2070 1876 2175 1934 Ὦν
2208 1880 2679 1954 ἐλευθερουμένων
2718 1882 2808 1937 διά
2835 1883 2934 1953 τῆς
2962 1882 3058 1936 τοῦ
3092 1884 3370 1955 Σωτηρίου
3414 1884 3649 1955 ἐπιλάμ-

383 1976 753 2047 signilicatas,
791 1977 1120 2049 appellatur,
1152 1974 1449 2032 exsultabit
1480 1981 1536 2029 et
1579 1973 1873 2036 laetabitur,
1906 1980 1957 2029 ul

2069 1972 2234 2041 ψεως,
2266 1975 2295 2027 ό
2326 1973 2493 2027 πάλαι
2530 1972 2683 2045 παρά
2719 1973 2838 2044 Θεῷ
2869 1975 2969 2046 ἤδη
3012 1975 3468 2047 ἀναπεπαυμένος
3515 1990 3650 2046 προ-

384 2068 624 2139 propriis
670 2068 934 2125 membris
974 2066 1284 2138 gratulatus
1327 2065 1397 2121 iis
1439 2065 1535 2136 qui
1570 2079 1669 2136 per
1711 2064 1957 2121 Salutare

2071 2067 2299 2137 φητικὸς
2325 2067 2507 2138 χορὸς,
2553 2065 2747 2120 Ἰακὼϐ
2777 2067 2872 2121 καὶ
2910 2059 3126 2140 Ἰσραὴλ
3156 2069 3362 2140 κυρίως
3392 2068 3650 2140 ὀνομαζό-

383 2158 691 2215 libertatem
719 2158 869 2213 nacti
902 2164 1054 2213 sunt.

2074 2173 2228 2226 μενος
2259 2156 2346 2210 διὰ
2376 2156 2445 2210 τά
2466 2159 2529 2210 ὲκ
2562 2156 2666 2209 τῶν
2682 2156 2960 2227 ὀνομάτων
2982 2159 3355 2230 σημαινόμενα
3388 2159 3649 2229 πράγμα-

383 2264 487 2315 τα,
533 2236 926 2318 ἀγαλλιάσεται
956 2248 1052 2302 καὶ
1077 2245 1510 2319 εὐφρανθήσεται
1530 2286 1544 2310 ,
1583 2247 1889 2319 συγχαίρων
1908 2246 1984 2312 ὡς
2020 2249 2237 2313 οἰκείοις
2268 2250 2451 2322 μέλεσι
2471 2253 2582 2314 τοῖς
2611 2250 2697 2304 διὰ
2723 2251 2816 2305 τοῦ
2848 2252 3123 2322 Σωτηρίου
3157 2249 3649 2329 ἐλευθερουμένοις.

386 2387 437 2442 Ι.
478 2386 546 2442 ΙΝ
586 2386 800 2442 FINEM
834 2389 903 2443 lN
945 2388 1227 2453 HYMNIS,
1259 2388 1738 2444 INTELLECTUS
1777 2387 1957 2443 DAVI-

2070 2392 2180 2445 ΕΙΣ
2233 2393 2321 2447 ΤΟ
2376 2393 2598 2447 ΤΕΛΟΣ
2650 2395 2741 2447 ΕΝ
2797 2394 3098 2457 ΥΜΝυΙΣ,
3153 2392 3505 2447 ΣΥΝΕΣΕΩΣ
3563 2391 3650 2446 ΤΩ

454 2457 543 2513 Dl.
584 2459 638 2514 2.
681 2458 827 2513 CUM
868 2459 1254 2514 VENISSENT
1296 2459 1583 2521 ZIPHIEI,
1627 2458 1713 2513 ET
1756 2458 1957 2513 DIXIS—

2139 2464 2337 2515 ΔᾹΥΙΔ
2362 2502 2376 2525 ,
2414 2464 2506 2517 ΕΝ
2547 2465 2633 2515 ΤΩ
2671 2463 2922 2517 ΕΛΘΕΙΝ
2962 2464 3139 2516 ΤΟΥΣ
3177 2461 3491 2515 ΖΙΦΔΙΟΥΣ
3528 2461 3647 2515 ΚΑΙ

455 2526 635 2582 SENT
682 2528 775 2582 AD
831 2528 1010 2585 SAUL
1053 2548 1067 2584 :
1111 2528 1343 2584 NONNE
1397 2528 1607 2583 DAVID
1661 2527 1957 2586 ABSCON-

2136 2532 2374 2585 ElIlElN
2427 2533 2514 2585 ΤΩ
2568 2534 2821 2588 ΣΑΟΥΛ’
2863 2532 3004 2586 υΥΚ
3056 2531 3212 2585 ΙΔΟΥ
3268 2531 3467 2584 ΔΔΥΙΔ
3523 2530 3648 2583 ΚΕ-

458 2596 664 2652 DITUS
699 2596 833 2679 EST
872 2597 1060 2654 APUD
1099 2597 1275 2653 NOS?
1308 2597 1441 2653 LIII.

2139 2602 2452 2655 ΚΡΥΠΤΑΙ
2491 2604 2645 2656 ΠΑΡ’
2684 2603 2865 2657 ΗΜΙΝ
2884 2619 2900 2667 ;
2941 2602 3066 2655 Nl".

453 2709 622 2767 Vsus.
654 2711 708 2777 3,
733 2712 788 2767 ι.
828 2710 974 2779 Deus
1008 2712 1065 2766 in
1109 2714 1317 2768 nomine
1356 2722 1445 2768 tuo
1481 2713 1685 2769 salvum
1722 2730 1802 2769 me
1839 2715 1957 2784 fac,

2150 2709 2204 2762 Ὀ
2236 2710 2399 2777 Θεὸς,
2422 2711 2492 2765 ἐν
2519 2712 2599 2778 τῷ
2627 2712 2872 2782 ὀνόματί
2898 2715 3015 2767 σου
3059 2711 3265 2767 σῶσον
3300 2729 3398 2783 με,
3443 2712 3543 2766 καί
3578 2714 3649 2767 ἐν

380 2810 429 2854 et
463 2803 520 2857 in
558 2802 750 2858 virtute
785 2813 878 2858 tua
910 2805 1100 2873 judica
1138 2822 1240 2860 me.
1288 2803 1460 2860 Sicuti
1506 2805 1749 2876 psalmos
1777 2805 1873 2877 qui
1903 2806 1957 2867 in

2068 2798 2144 2869 τῇ
2176 2799 2505 2871 δυναστείᾳ
2529 2819 2646 2858 σου
2677 2803 2885 2873 κρῖνόν
2898 2821 2995 2873 με.
3021 2804 3232 2875 Ὥσπερ
3265 2802 3649 2859 ἀπεδείκνυντο

282 2882 287 2887 ’
383 2892 560 2960 prima
610 2904 762 2963 parte
814 2894 938 2949 libri
991 2904 1160 2963 sunt,
1205 2903 1328 2966 post
1368 2895 1583 2965 lapsum
1628 2897 1685 2951 in
1732 2911 1957 2952 uxorem

2066 2895 2115 2946 οἱ
2174 2894 2316 2948 κατά
2363 2896 2425 2949 τὸ
2448 2896 2663 2968 πρῶτον
2709 2897 2875 2968 μέρος
2907 2897 3007 2968 τῆς
3039 2897 3221 2967 βίϐλου
3265 2897 3372 2952 τῶν
3398 2897 3647 2969 Ψαλμῶν

385 2982 533 3039 Urize
562 2985 950 3054 pronuntiatos
982 2984 1156 3043 fuisse
1189 3003 1256 3042 ex
1272 2986 1631 3057 singulorum
1674 2988 1836 3043 titulo
1865 2987 1957 3051 de,-

2070 2985 2208 3056 μετά
2239 2987 2301 3041 τὺ
2333 2991 2579 3059 πταῖσμα
2609 2989 2670 3042 τὸ
2704 2991 2783 3053 είς
2808 2987 2905 3060 τὴν
2936 2988 3030 3043 τοῦ
3063 2990 3259 3061 Οὐρίου
3304 2990 3527 3059 γεγονὸς
3556 2990 3647 3044 λε-

382 3081 747 3130 monstratum
805 3085 936 3141 est;
998 3075 1074 3131 ita
1127 3092 1277 3132 nunc
1330 3091 1551 3149 quoque
1614 3079 1956 3150 singulorum

2066 3076 2320 3146 λεγμένοι
2366 3080 2430 3131 ὲκ
2477 3080 2579 3149 τῆς
2626 3079 2710 3147 ἐφ’
2734 3079 2948 3150 ἑκάστῳ
2982 3081 3239 3150 κειμένης
3285 3080 3615 3152 προγραφῆς
3624 3097 3644 3113 ⁸

383 3164 721 3235 psalmorum
790 3165 1213 3236 inscriptiones,
1256 3175 1463 3241 {notam
1525 3169 1787 3239 temporis
1849 3184 1957 3241 quo

2064 3167 2208 3221 οὕτω
2234 3169 2330 3223 καὶ
2357 3168 2452 3222 νῦν
2490 3172 2545 3223 αἱ
2568 3168 2692 3222 καθ’
2715 3169 2944 3241 ἕκαστον
2968 3169 3179 3240 ψαλμὸν
3208 3172 3523 3241 προγραφαὶ
3546 3172 3643 3243 δη-

352 3254 594 3317 ~recitati
635 3262 784 3320 sum,
830 3255 1147 3325 praeferunt.
1198 3255 1451 3313 Prasens
1490 3256 1674 3328 itaque
1713 3258 1960 3328 psalmus

379 3359 484 3401 uos
523 3346 709 3402 statim
749 3345 980 3401 remittit
1008 3346 1077 3402 ad
1106 3346 1343 3418 primum
1376 3345 1689 3418 Regnorum
1724 3348 1959 3415 librum,

379 3443 442 3492 ut
478 3435 606 3493 inde
646 3435 964 3504 discamus,
1010 3438 1211 3510 quibus
1254 3439 1323 3495 de
1368 3440 1538 3496 rebus
1591 3439 1741 3496 hunc
1798 3440 1959 3512 hym-

380 3542 512 3582 num
542 3525 711 3582 David
739 3527 1002 3585 emiserit.
1038 3528 1278 3585 Historia
1309 3544 1475 3600 porro
1508 3530 1590 3585 sic
1637 3530 1800 3586 habet
1837 3549 1850 3584 :
1890 3529 1960 3583 Et

378 3616 525 3672 sedes
548 3615 773 3673 habebat
806 3617 976 3673 Dauid
1000 3619 1055 3673 in
1077 3619 1281 3673 deserto
1311 3618 1558 3675 Masedec
1590 3619 1645 3677 in
1672 3621 1911 3690 angustis
1939 3637 1957 3675 :

377 3716 428 3759 et
456 3706 770 3761 morabatur
787 3708 841 3762 in
869 3718 1063 3773 monte,
1099 3710 1154 3764 in
1179 3709 1384 3766 deserto
1402 3709 1552 3781 ‘Ziph
1578 3711 1644 3766 ⁸⁷.
1668 3710 1876 3769 Deinde
1901 3721 1962 3773 ut

380 3799 521 3852 venit
550 3795 826 3853 lauat/tan
856 3799 1004 3869 ﬁlius
1049 3798 1185 3855 Saul
1232 3800 1304 3854 ad
1346 3802 1540 3870 ipsum,
1576 3810 1626 3857 et
1658 3801 1795 3857 dixit
1827 3803 1911 3857 illi
1940 3819 1960 3858 :

382 3887 468 3945 Ne
493 3890 713 3953 timeas;
735 3907 896 3963 neque
915 3892 1054 3947 enim
1081 3900 1129 3947 te
1159 3892 1384 3948 inveniet
1413 3910 1603 3949 manus
1633 3892 1767 3950 Saul
1790 3896 1959 3963 patris

379 3980 484 4035 mei
518 3995 537 4033 :
563 3989 614 4037 et
658 3990 713 4035 tu
738 3980 982 4053 regnabis
1009 3996 1167 4053 super
1198 3980 1397 4047 Israel,
1420 3991 1470 4036 et
1494 3999 1586 4053 ego
1623 4000 1713 4039 ero
1748 3984 1844 4038 tibi
1876 4001 1959 4040 se-

375 4070 663 4133 cundus,et
686 4070 819 4126 Saul
844 4080 995 4140 pater
1020 4089 1165 4127 meus
1188 4073 1286 4127 scit
1303 4073 1398 4127 hoc
1410 4073 1474 4125 ⁸⁸.
1494 4071 1562 4126 Ει
1590 4082 1960 4143 percusserunt

376 4159 530 4214 ambo
552 4159 723 4229 [trdus
752 4177 932 4215 coram
962 4160 1210 4226 Domino,
1236 4162 1531 4233 mansitque
1556 4162 1750 4228 David,
1779 4173 1830 4219 et
1858 4162 1958 4217 Jo-

373 4249 576 4305 uathan
612 4250 745 4305 abiit
789 4252 843 4304 in
875 4250 1088 4305 domum
1124 4269 1299 4308 suam.
1335 4251 1548 4319 Quibus
1581 4254 1778 4310 deinde
1821 4254 1957 4310 sub-

368 4340 554 4412 iungit
579 4359 592 4394 :
626 4339 690 4393 Et
723 4340 1073 4396 ascenderunt
1099 4341 1302 4411 Ziphaei
1330 4358 1394 4398 ea:
1414 4344 1568 4400 arido
1590 4344 1704 4399 loco
1729 4343 1798 4398 ad
1823 4343 1959 4400 Saul

372 4433 428 4486 in
456 4430 643 4485 collem
690 4429 923 4486 dicentes
951 4448 970 4486 :
1004 4432 1195 4489 Nonne
1225 4450 1341 4490 ecce
1387 4434 1560 4489 David
1602 4434 1782 4489 latitat
1812 4435 1953 4503 apud

2064 3259 2293 3313 λωτικαὶ
2324 3260 2652 3330 τυγχάνουσι
2681 3259 2776 3314 τοῦ
2820 3260 3012 3332 χρόνου
3046 3260 3168 3315 καθ’
3219 3261 3279 3314 ὃν
3323 3261 3641 3333 ἐλέχθησαν.

2063 3349 2273 3405 Λύτίκα
2306 3349 2437 3419 γοῦν
2462 3351 2557 3405 καὶ
2588 3351 2617 3404 ό
2653 3351 3010 3422 προκείμενος
3063 3351 3375 3423 ἀνέπεμψεν
3419 3353 3512 3405 ἐπὶ
3544 3352 3644 3426 τὴν

2062 3441 2287 3514 πρώτην
2315 3441 2495 3512 βίϐλον
2514 3442 2622 3496 τῶν
2644 3432 2946 3497 Βασιλειῶν
2964 3460 2977 3474 ο
3008 3443 3083 3508 ὡς
3116 3442 3181 3497 ἂν
3216 3444 3423 3498 ἐκεῖθεν
3452 3443 3642 3516 μάθοι-

2065 3547 2186 3600 μεν,
2219 3533 2304 3601 ὲφ*
2351 3532 2485 3596 οἵοις
2532 3531 2820 3603 πράγμασι
2852 3532 2945 3585 τὸν
3002 3532 3362 3604 προκείμενον
3396 3531 3564 3611 ὕμνον
3614 3534 3645 3588 ό

2062 3620 2227 3674 Δαυῒδ
2249 3622 2585 3693 ἀνέπεμψεν.
2609 3625 2761 3693 Ἔχει
2794 3624 2851 3677 δὲ
2875 3626 2907 3696 ἡ
2944 3625 3153 3696 ἱστορία
3184 3626 3371 3680 τοῦτον
3398 3626 3491 3680 τὸν
3519 3627 3643 3699 τρό-

2061 3728 2160 3764 πον
2182 3728 2197 3741 ο
2226 3711 2336 3764 Καὶ
2367 3710 2609 3768 ἐκάθισε
2632 3713 2815 3767 Δαυῒδ
2844 3714 2915 3768 ἐν
2938 3712 3013 3783 τῇ
3044 3713 3241 3786 ἐρήμῳ
3268 3706 3547 3771 Μάσεδὲκ
3574 3715 3646 3769 ἐν

2061 3798 2184 3865 τοῖς
2210 3800 2450 3868 στενοῖς
2467 3817 2481 3831 '
2511 3800 2609 3855 καὶ
2634 3798 2890 3871 ἐκάθητο
2911 3803 2980 3856 ἐν
3002 3802 3083 3870 τῷ
3107 3803 3227 3874 ὄρει
3251 3804 3321 3857 ἐν
3344 3802 3419 3873 τῇ
3446 3802 3645 3873 ἐρήμῳ

2061 3891 2229 3960 Ζείφ.
2259 3887 2374 3945 Εἶθ’
2402 3892 2478 3955 ὡς
2496 3888 2686 3963 ἦλθεν
2723 3894 3001 3949 Ἰωνίίθαν
3021 3897 3053 3948 ό
3086 3893 3218 3961 υἱὸς
3249 3894 3450 3949 Σαοὺλ
3490 3893 3643 3960 πρὸς

2058 3982 2266 4046 αὐτὸν,
2289 3983 2389 4037 καὶ
2412 3984 2583 4039 εἶπεν
2602 3984 2764 4051 αὐτῷ
2780 4001 2794 4015 ο
2819 3984 2919 4052 Μὴ
2943 3984 3153 4054 φοϐοῦ,
3175 3983 3265 4037 ὅτι
3296 3986 3368 4037 οὐ
3381 3981 3470 4053 μὴ
3492 3981 3639 4049 εὕρῃ

2059 4086 2133 4127 σε
2165 4074 2204 4142 ἡ
2231 4074 2361 4143 χεὶρ
2394 4074 2594 4130 Σαοὺλ
2630 4074 2737 4129 τοῦ
2767 4077 2991 4143 πατρός
3010 4091 3151 4142 μου,
3180 4073 3279 4126 καί
3326 4071 3409 4125 σὺ
3452 4072 3637 4136 ,Βασι-

2058 4165 2303 4231 λεύσεις
2325 4165 2424 4219 ἐπὶ
2468 4165 2735 4235 Ἰσραὴλ,
2768 4165 2865 4218 καὶ
2892 4162 3007 4233 ἐγὼ
3033 4162 3250 4230 ἔσομαί
3282 4176 3382 4215 σοι
3404 4165 3488 4228 εις
3510 4161 3642 4216 δεύ-

2057 4271 2251 4322 τερον,
2288 4254 2388 4308 καί
2418 4253 2619 4309 Σαοὺλ
2652 4256 2685 4308 d
2713 4251 2907 4319 πατήρ
2924 4267 3041 4319 μου
3083 4245 3247 4303 οἶδεν
3278 4249 3487 4316 οὕτως.
3526 4249 3639 4304 Kal

2058 4344 2388 4399 συνέθεντο
2419 4344 2739 4412 ἀμφότεροι
2769 4338 3065 4406 διαθήκην
3095 4337 3352 4392 ἐνώπιον
3392 4333 3634 4408 Κύρίου,

2058 4434 2158 4488 καί
2184 4432 2365 4488 Δαυῒδ
2385 4431 2664 4499 ἐκάθητο,
2692 4429 2793 4483 καὶ
2825 4427 3113 4485 Ἰωνάθαιιι
3127 4426 3399 4495 ἀπῆλθεν
3419 4433 3507 4496 είς
3529 4429 3638 4484 τὸν

371 4540 468 4579 nos
514 4525 570 4580 in
609 4521 827 4581 Mesara
865 4526 921 4578 in
948 4528 1211 4597 angustis,
1236 4529 1293 4582 in
1330 4544 1467 4585 nova
1496 4528 1587 4582 ⁸⁸2
1637 4527 1795 4596 Quod
1824 4544 1950 4589 cum

2060 4521 2225 4580 οἷκον
2251 4523 2439 4579 αὐτοῦ
2460 4539 2472 4552 ·
2498 4517 2579 4585 οἷς
2609 4520 2738 4591 ἑξῆς
2770 4519 3039 4588 ἐπιλέγει·
3073 4519 3183 4573 Kal
3230 4520 3537 4589 ἀνέϐησαν
3578 4524 3636 4576 al

371 4613 656 4673 didicisset
704 4613 859 4680 Saul,
892 4615 963 4671 ad
1009 4614 1267 4672 Davidem
1319 4616 1718 4687 insequendum
1757 4632 1952 4679 versus

370 4713 479 4761 est.
500 4704 732 4776 Jamque
752 4706 1061 4776 proximum
1092 4714 1211 4763 erat
1238 4714 1300 4762 ut
1341 4723 1466 4763 eum
1499 4715 1759 4778 caperet;
1814 4709 1952 4764 scri-

370 4802 524 4866 ptum
550 4798 694 4851 enim
724 4806 810 4853 est
835 4816 850 4852 :
882 4798 1037 4866 Quod
1061 4815 1180 4854 cum
1202 4798 1439 4854 audisset
1469 4798 1625 4865 Saul,
1646 4808 1949 4868 persecutus

368 4896 450 4941 est
485 4886 658 4943 Dauid
699 4890 752 4942 in
803 4890 1010 4946 deserto
1062 4890 1245 4946 Maon.
1294 4892 1367 4947 Et
1414 4892 1563 4948 ibant
1596 4892 1731 4949 Saul
1771 4902 1822 4949 et
1850 4894 1951 4949 uiri

367 4981 484 5051 ejus
518 4972 584 5034 εῖτ
611 4990 761 5049 parte
787 4984 980 5039 montis
1008 4983 1167 5054 hujus
1196 5000 1214 5038 :
1245 4993 1295 5039 et
1333 4994 1450 5039 erat
1483 4984 1656 5040 David
1690 4986 1947 5052 obtectus,

367 5077 426 5122 ut
455 5069 626 5125 abiret
655 5087 689 5124 a
710 5069 847 5140 facie
878 5070 1042 5136 Saul;
1065 5082 1115 5127 et
1140 5071 1277 5128 Saul
1304 5083 1355 5127 et
1390 5073 1490 5129 viri
1522 5074 1636 5143 ejus
1658 5084 1951 5130 castrame-

368 5157 623 5214 tabantur
645 5168 834 5214 contra
868 5159 1112 5217 Davidet
1143 5162 1282 5217 viros
1311 5161 1450 5232 ejus,
1474 5172 1532 5216 ut
1564 5173 1806 5232 caperent
1834 5179 1945 5219 eos.

368 5247 439 5304 Et
473 5252 691 5307 nuntius
729 5254 869 5308 venit
906 5254 976 5309 ad
1013 5254 1149 5311 Saul
1184 5255 1363 5311 dicens
1403 5270 1421 5308 :
1456 5253 1680 5310 Festina
1706 5264 1757 5310 et
1809 5255 1948 5323 veni,

364 5345 493 5410 quia
548 5332 853 5412 irruperunt
910 5345 1168 5417 allophyli
1207 5347 1264 5402 in
1325 5347 1555 5407 terram!
1601 5345 1672 5402 Et
1708 5363 1948 5425 reversus

364 5442 442 5485 est
473 5431 630 5501 Saul,
655 5434 913 5513 desistens
937 5439 1177 5509 persequi
1202 5437 1376 5495 Dauid
1404 5452 1426 5491 :
1449 5447 1501 5494 et
1525 5440 1753 5508 perrexit
1779 5438 1834 5491 in
1859 5453 1950 5492 oc-

366 5537 578 5576 cursum
619 5527 1010 5599 allophylorltm
1049 5528 1117 5582 ".
1154 5526 1444 5584 Haec-sunt
1492 5542 1616 5598 qua:
1659 5528 1947 5583 historiam

2055 4615 2288 4685 Ztgeaim
2310 4615 2381 4667 ἐκ
2407 4611 2516 4685 τῆς
2548 4610 2904 4681 αὐχμώδους
2943 4610 3093 4679 πρὸς
3136 4611 3335 4666 Σαοὺλ
3378 4612 3476 4665 ἐπὶ
3526 4614 3636 4667 τὸν

2045 4704 2301 4770 βουνὸν,
2319 4703 2628 4771 λέγοντες·
2646 4704 2767 4757 Οὐκ
2792 4700 2921 4755 ἰδοὺ
2942 4700 3122 4755 Δαυῒδ
3149 4701 3473 4769 κέκρυπται
3496 4701 3635 4771 παρ’

2052 4792 2198 4863 ἡμῖν
2228 4793 2300 4846 ἐν
2325 4791 2575 4861 Μεσαρᾶ
2594 4793 2663 4846 ὲν
2688 4790 2812 4857 τοῖς
2836 4789 3094 4856 στενοῖς.
3122 4791 3193 4843 ἐν
3218 4790 3292 4860 τῇ
3320 4791 3499 4861 καινῇ
3518 4808 3539 4857 ;
3569 4794 3635 4847 Ὃ

2052 4885 2117 4957 δὴ
2142 4884 2328 4957 μαθὼν
2353 4885 2529 4938 Σαοὺλ
2555 4886 2649 4938 ἐπὶ
2672 4883 2853 4949 δίωξιν
2901 4883 3116 4955 ἐτράπη
3150 4883 3241 4937 τοῦ
3278 4885 3459 4942 Δαυῖδ.
3490 4886 3633 4958 Ἤδη
3744 4882 3747 4885 “

2049 4994 2113 5032 τε
2143 4977 2327 5031 λοιπὸν
2360 4977 2527 5045 ἐγγὺς
2557 4972 2625 5049 ἦν
2656 4976 2751 5031 τοῦ
2783 4977 2966 5031 λαϐεῖν
2989 4976 3151 5030 αὐτὸν
3174 4976 3510 5048 ὑποχείριον⁹
3538 4976 3632 5045 γέ-

2050 5087 2294 5141 γραπται
2315 5069 2426 5141 γάρ
2447 5086 2461 5099 ⁸
2488 5069 2602 5124 Kal
2628 5070 2859 5138 ἢκουσε
2886 5070 3087 5129 Σαοὺλ
3127 5070 3225 5124 καί
3277 5068 3634 5137 κατεδίωξεν

2054 5158 2246 5213 ὀπίσω
2274 5157 2456 5213 Δαυῒδ
2489 5162 2579 5224 εἰς
2604 5159 2720 5228 τὴν
2740 5160 2967 5229 ἔρημον
2986 5159 3184 5213 Μαών.
3216 5158 3327 5213 Kal
3355 5160 3633 5227 πορεύον-

2051 5266 2145 5303 ται
2170 5250 2372 5304 Σαοὺλ
2419 5250 2517 5305 καὶ
2548 5253 2605 5304 ol
2639 5249 2854 5319 ἄνδρες
2900 5249 3088 5306 αὑτοῦ
3133 5251 3202 5304 ἐκ
3244 5249 3465 5320 μέρους
3522 5249 3632 5304 τοῦ

2050 5341 2230 5411 ὄρους
2275 5344 2523 5398 τούτου·
2573 5342 2671 5397 καὶ
2701 5341 2938 5413 ἐγένετο
2973 5342 3154 5397 Δαυῒδ
3194 5340 3632 5410 σκεπαζομενος

2050 5435 2411 5502 πορεύεσθαι
2437 5432 2558 5487 ἀπὸ
2582 5432 2907 5500 προσώπου
2930 5433 3131 5486 Σαούλ
3154 5446 3167 5459 ”
3196 5430 3296 5485 καί
3317 5430 3514 5485 Σαοὺλ
3531 5427 3632 5483 καί

2049 5528 2103 5578 ol
2146 5523 2359 5594 ἄνδρες
2404 5522 2589 5578 αὑτοῦ
2644 5524 3098 5593 παρενέϐαλλον
3149 5522 3249 5577 ἐπί
3297 5517 3484 5577 Lavit!
3528 5520 3626 5574 καὶ

441 5699 483 5729 ⁸⁷
508 5694 690 5779 lReg.
718 5715 873 5765 sum,
903 5701 988 5763 ιι,
1059 5703 1105 5735 ⁸⁸
1145 5703 1280 5759 ibid.
1310 5702 1499 5758 lli-18.
1547 5655 1627 5737 l”
1664 5702 1799 5759 ibid.
1834 5702 1922 5758 19.

2083 5700 2213 5758 ibid.
2245 5656 2438 5757 23428.
2541 5662 2546 5671 ’
