2049 3206
233 193 288 220 465

803 197 1058 226 COMMENTARIA
1077 198 1111 225 IN
1130 198 1301 227 PSALDwS.

1815 204 1868 232 “ti

233 255 305 288 τοὺς
317 254 430 290 ἄνδρας
444 255 549 288 αὐτοῦ,
560 257 727 284 συλλαϐεῖν
749 258 871 292 αὐτούς.
898 259 955 286 Καὶ
976 259 1013 294 dy

1079 264 1212 295 spectant.
1228 259 1335 294 Quibus
1351 260 1385 288 de
1397 261 1488 289 causis
1503 264 1613 297 ereptus
1629 262 1712 291 David
1730 271 1763 292 ex
1785 271 1866 292 manu

232 302 323 335 τελος
331 298 405 335 ἦλθε
414 300 490 335 πρὸς
500 302 599 328 Σαοὺλ
607 301 706 335 λέγων
713 311 720 318 ·
736 302 852 330 Σπεῦδε
864 303 911 330 καὶ
926 303 1026 336 δεῦρο,

232 345 278 373 ὅτι
293 344 434 373 ἐπέθεντο
458 346 629 381 ἀλλόφυλοι
644 347 694 373 ἐπὶ
719 347 776 381 τὴν
798 347 865 382 γῆν.
900 348 955 374 Kal
973 348 1026 375 άν-

231 391 362 426 έστρεψε
376 391 476 419 Σαοὺλ
485 392 529 427 μὴ
544 392 738 420 καταδιώκειν
747 393 844 420 ὀπίσω
853 393 942 420 Δαυϊδ
952 413 960 425 ,
975 395 1024 421 καὶ

232 437 378 470 ἐπορεύθη
389 439 432 470 εἰς
447 438 639 471 συνάντησιν
652 438 716 472 τῶνξ
727 439 920 472 ἀλλοφύλων.
932 440 1024 467 Ταῦτα

234 482 282 516 μὲν
295 482 329 508 τὰ
347 483 400 509 ἀπὺ
418 484 467 517 τῆς
487 484 617 519 ἱστορίας.
643 484 699 518 Ἐφ’
718 482 759 516 οἷς
781 485 826 513 τὸν
842 485 1022 520 προκείμενον

233 528 316 563 ὕμνον
333 528 475 560 διασωθεὶς
489 530 520 555 ὲκ
535 530 625 565 χειρὸς
639 530 723 557 Σαοὺλ
737 531 751 556 ὁ
769 530 849 557 Δαυῒδ
865 532 957 565 γραφῇ
973 540 1023 557 πα-

234 573 386 609 ραδίδωσιν,
397 575 637 610 ἐπισημηνάμενος
648 576 692 602 τὸν
704 575 798 611 καιρὸν
812 576 859 601 καὶ
871 576 900 602 τὸ
909 577 1023 611 πρᾶγμα

231 619 355 654 δηλώσας
381 619 423 645 διὰ
440 620 489 655 τῆς
507 621 681 656 προγραφῆς.
711 621 756 646 Διὸ
773 621 818 646 καὶ
847 622 892 647 ἐπὶ
916 621 1022 648 σύνεσιν

231 663 304 697 ἡμᾶς
318 664 447 699 παρορμᾷ
458 663 510 689 τῶν
520 664 725 700 ἐμφερομένων,
739 665 825 698 λέγων
839 675 844 679 ·
862 667 913 698 Εἰς
923 666 954 692 τὸ
975 666 1022 692 τέ-

228 709 282 740 λυς
294 708 329 734 ἐν
353 709 457 742 ὕμνοις
472 709 626 742 συνέσεως
643 709 682 742 τῷ
695 711 796 738 Δαυΐδ.
823 711 900 737 Κατὰ
921 712 950 737 δὲ
975 712 1019 738 τὸν

235 753 365 779 Ἀκύλαν’
386 754 426 787 Τῷ
444 755 586 788 νικοσῑοιῷ
609 756 645 782 ὲν
664 756 795 790 ψαλμοῖς
818 757 1020 791 ἐπιστήμονος

228 798 281 824 τοῦ
296 799 399 825 Δαυΐὸ·
414 801 484 826 κατὰ
497 800 525 826 δὲ
539 801 585 826 τὸν
600 801 747 837 Σύμμαχον
757 810 763 816 '
794 803 958 829 Ἔπη-[χιον
972 803 1019 829 διὰ

228 847 401 879 ψαλτηρίων
415 843 481 880 περὶ
498 847 651 880 συνέσεως
666 848 719 875 τοῦ
727 848 828 875 Δαιιΐδ.
851 849 958 884 Ἐπειδὴ
973 850 1020 875 καὶ

1078 303 1170 333 Saulis
1194 305 1266 333 hunc
1287 306 1418 341 hymnum
1441 306 1543 341 scripto
1564 307 1688 339 tradidit,
1706 312 1806 336 notans
1820 316 1869 344 per

1076 350 1285 387 inscriptionem
1303 356 1412 387 tempus
1428 360 1460 380 ac
1477 360 1534 380 rem
1550 354 1649 388 ipsam.
1667 352 1757 386 Quare
1771 354 1805 381 ad
1825 354 1868 381 in-

1074 395 1212 423 tellectum
1228 396 1267 423 rei
1286 404 1347 431 qua!
1361 401 1489 424 narratur
1505 405 1555 425 nos
1581 401 1723 432 provocat,
1740 397 1836 426 dicens
1855 408 1862 426 :

1075 441 1106 467 In
1121 442 1210 475 ﬁnem,
1227 443 1254 468 in
1277 442 1392 477 hymnis,
1410 443 1558 471 intellectus
1577 444 1682 471 Davidi.
1710 444 1865 472 Secundum

1073 487 1197 522 Aquilam
1213 495 1289 519 vero,
1314 487 1434 514 Victorim
1450 490 1563 520 auctori,
1582 490 1609 516 in
1623 490 1744 523 psalmis,
1759 490 1864 516 scienti:

1072 531 1200 563 Davidis;
1229 532 1380 559 secundum
1406 533 1599 568 Symmachum
1624 538 1725 566 autem,
1759 534 1865 561 Trium—

1071 576 1158 610 p/tale,
1178 584 1223 610 per
1239 577 1376 610 psalteria,
1402 577 1434 604 de
1459 578 1632 613 intelligentia
1652 578 1773 607 Davidis.
1796 579 1865 612 Quia

1073 622 1192 657 fugiens,
1217 627 1245 650 et
1270 622 1409 650 dcscrtum
1440 627 1645 656 transcurrens,
1671 632 1719 659 pro
1736 625 1864 660 prmsidio

1073 668 1193 703 psalterii
1226 669 1439 696 instrumentum
1458 676 1551 696 secum
1578 669 1684 703 agebat,
1712 670 1770 704 ipso
1784 678 1862 702 usus,

1072 717 1154 748 atque
1172 714 1287 748 hymnos
1303 722 1351 748 per
1375 713 1441 740 illud
1467 713 1522 740 Deo
1538 714 1666 741 ciuittens
1682 724 1687 741 :
1706 715 1812 742 cantica
1837 720 1864 743 et

1073 759 1194 793 psalmos
1211 759 1369 793 spirituales
1387 766 1436 793 pro
1459 759 1595 786 sacriﬁcio
1616 760 1791 794 persolvens;
1814 767 1864 794 pro

1072 804 1248 838 thymiamate
1265 808 1356 831 autem
1374 804 1436 831 boui
1451 804 1554 836 odoris,
1569 812 1617 839 per
1627 806 1765 834 orationes
1782 805 1862 840 spiri-

1072 849 1146 875 tualc
1161 849 1345 876 ministerium
1362 849 1468 877 obiens.
1787 849 1796 859 “

227 887 335 925 φεύγων
350 893 396 918 καὶ
414 893 462 928 τὴν
477 893 579 928 ἔρημον
597 893 780 928 μεταδιώκων,
798 895 858 921 ἀντὶ
878 895 1060 930 φυλακτηρίου
1093 896 1211 930 ἐπήγετο
1241 895 1271 921 τὸ
1302 895 1348 921 τοῦ
1380 895 1529 931 ψαλτηρίου
1541 896 1666 932 ὄργανον,
1688 897 1762 932 αὐτῷ
1788 896 1862 932 χρώ-

229 943 306 970 μενος
334 937 380 962 καὶ
400 938 455 968 τοῖς
473 937 506 963 δι’
538 938 620 964 αὑτοῦ
645 939 684 970 είς
705 939 771 965 Θεὸν
806 939 1045 974 ἀναπεμπομένας
1064 939 1158 973 ὕμνοις
1173 947 1179 953 ·
1207 939 1254 964 καὶ
1284 939 1366 974 ᾠδαῖς
1384 939 1433 973 μὲν
1461 940 1508 965 καὶ
1524 939 1642 975 ψαλμοῖς
1664 942 1860 976 πνευματικοῖς

227 982 286 1010 ἀντὶ
302 982 397 1015 θυσίας
410 984 559 1019 χρώμενος,
577 985 637 1011 ὀιντὶ⁹
656 985 684 1011 δὲ
707 985 823 1017 εὐώδους
845 985 1016 1020 ουμιάματος
1035 986 1067 1012 δι’
1089 985 1175 1020 εὐχῶν
1196 985 1244 1021 τὴν
1261 986 1448 1021 πνευματικὴν
1473 987 1611 1013 ἀποτελῶν
1626 987 1805 1024 λειτουργίαν.

267 1029 315 1055 Ἐν
330 1028 370 1063 τῷ
380 1028 481 1056 ἐλθεῖν
494 1030 598 1056 τοίνυν
608 1030 679 1063 τοὺς
693 1031 835 1065 Ζιφαίοπινς
857 1031 904 1057 καὶ
924 1030 1013 1057 εἶπεῖν

1108 1030 1173 1056 Cum
1186 1031 1313 1057 venissent
1330 1039 1391 1065 ergo
1407 1031 1517 1065 Ziplia'i,
1536 1041 1566 1058 ac
1581 1033 1707 1059 dixissent
1721 1032 1755 1059 ad
1770 1032 1836 1060 Saut
1850 1040 1861 1059 :

224 1074 265 1108 τῷ
284 1076 403 1102 Σαούλ·
416 1077 477 1102 Οὐκ
493 1076 557 1103 ἰδοὺ
569 1076 659 1103 Δαυῒδ
676 1078 839 1111 κέκρυπται
853 1078 921 1111 παρ’
933 1077 1016 1111 mih-,-

225 1119 311 1147 Τοῦτο
323 1121 417 1156 μαθὼν
428 1123 442 1148 ὁ
457 1122 539 1149 Δαυῗδ
554 1123 613 1158 ἢτοι
625 1122 654 1155 ἐξ
664 1123 862 1157 ἀποκαλύψεως
875 1123 922 1150 τοῦ
941 1123 1018 1150 πνεύ-

225 1174 309 1200 ματος
324 1166 371 1192 τοῦ
387 1167 557 1202 προφητικοῡ
574 1167 590 1202 ἢ
607 1167 640 1194 εκ
655 1176 726 1199 τινος
742 1167 796 1195 τῶν
818 1168 868 1199 τὰς
889 1169 1016 1200 τοιαύτας

224 1210 395 1245 ἀπαγγελίας
407 1211 542 1239 διακονεῖν
556 1213 690 1240 εἰωθότων
700 1233 707 1246 ,
731 1214 761 1240 τὸ
783 1214 932 1251 ψαλτήριον
947 1214 1017 1249 μετὰ

224 1257 262 1291 χεῖ
267 1265 316 1292 ρας
329 1257 499 1292 παραχρῆμα
513 1257 614 1290 λαϐὼν,
629 1259 662 1286 δι’
676 1259 757 1285 αὑτοῦ
766 1259 804 1294 τῷ
813 1259 871 1294 Θεῷ
882 1259 930 1294 τὴν
943 1260 1016 1294 λογι-

224 1302 273 1337 κὴν
285 1303 415 1338 ὰναψέρει
429 1303 524 1330 Θυσίαν
531 1303 618 1338 λέγων
625 1304 660 1331 τὰ
669 1305 847 1340 προκείμενα,
856 1305 888 1331 δι’
899 1302 936 1331 ὧν
947 1305 1018 1337 ἀξιοῖ

224 1347 344 1382 σωθῆναι
357 1348 410 1374 ὑπὸ
422 1348 468 1374 τοῦ
485 1348 563 1381 Θεοῦ,
575 1349 625 1375 οὐκ
640 1349 726 1381 ἄλλως
743 1350 759 1384 ἢ
774 1350 817 1376 διὰ
830 1349 877 1376 τοῦ
885 1351 1016 1385 ὀνόματος

223 1393 318 1419 αὑτοῦ·
331 1393 370 1418 διό
381 1401 472 1427 φηςιν·
491 1393 522 1419 '0
537 1394 658 1425 Θεὸς,ἐν
669 1393 836 1427 abdi-datu!
846 1403 903 1421 σου
913 1395 1016 1421 σῶσόν

221 1446 257 1470 με
267 1446 273 1451 ·
288 1437 346 1471 ᾔδει
356 1437 410 1471 γὰρ
419 1435 486 1463 εἷναί
496 1446 522 1463 τι
532 1438 616 1472 ὄνομα
625 1438 654 1464 τὸ
665 1438 734 1474 ὑπὲρ
743 1440 796 1465 πᾶν
804 1439 897 1474 ὄνομα.
912 1440 1015 1475 ’Ὠσπερ

223 1483 276 1516 γάρ
286 1482 343 1508 ἐστί
355 1491 415 1508 τινα
425 1484 453 1509 ὲν
467 1484 527 1514 ταῖς
540 1483 658 1518 ἐπῳδαῖς
667 1484 736 1510 κατὰ
746 1484 799 1510 τῶν
815 1485 924 1511 ἰοϐόλων
939 1487 1017 1521 ἑρπε-

223 1527 275 1553 τῶν
289 1528 397 1562 ῥήματα
408 1528 454 1553 καὶ
469 1528 598 1562 ὀνόματα,
611 1529 744 1564 τοσαύτην
759 1530 923 1564 ἐμφαίνοντα
939 1531 1015 1557 δυνά-

224 1579 295 1604 μεως
309 1571 395 1605 ἰσχὺν,
414 1572 450 1602 ὡς
462 1573 666 1607 κατακοιμίζειν
684 1574 755 1609 ἢκαὶ
769 1575 881 1610 νεκροῦ-ι
894 1575 927 1601 τὰ
936 1575 1015 1609 φοϐε-

222 1614 330 1650 ρώτατα
342 1616 395 1641 τῶν
408 1616 530 1651 ἑρπετῶν
540 1625 546 1631 '
564 1617 608 1644 τὸν
625 1618 705 1644 αὑτὸν
716 1619 816 1654 τρόπον
836 1620 881 1645 καὶ
892 1620 921 1646 τὸ
930 1620 1014 1654 ὄνομα

220 1660 250 1686 τὸ
268 1661 337 1696 ὑπὲρ
354 1662 407 1687 πᾶν
426 1662 510 1696 ὄνομα
527 1663 661 1696 ἠπίστατο
679 1665 811 1699 σωτήριον
835 1666 884 1699 μὲν
910 1667 1012 1701 τυγχά-

220 1716 275 1734 νειν
297 1707 351 1733 τῶν
375 1708 511 1743 σωτηρίας
526 1708 617 1740 ἀξίων,
631 1710 684 1735 τῶν
700 1710 727 1736 δὲ
744 1711 849 1746 ἐχθρῶν
865 1713 912 1738 καὶ
936 1714 1012 1739 ἐναν-
1026 1707 1046 1735 C

220 1753 284 1779 τίων
298 1753 438 1788 δυνάμεων
451 1753 625 1781 ἀπελατικόν.
646 1755 787 1782 Ἐϐούλετο
812 1757 900 1782 τοίνυν
924 1758 1012 1792 σωθῆ-

220 1807 263 1824 ναι
278 1799 306 1824 ἐν
322 1798 361 1832 τῷ
373 1798 484 1832 ὀνόματι
496 1798 543 1824 τοῦ
554 1798 632 1830 Θεοῦ,
647 1800 693 1825 καὶ
703 1800 752 1826 οὑκ
767 1800 886 1835 ἀκρίτως
897 1810 926 1826 τε
937 1801 1012 1827 ἐϐού-

219 1843 280 1870 λετο
289 1853 296 1859 υ
311 1844 367 1870 ἀλλ’
380 1845 403 1869 εἰ
416 1844 489 1876 ἄξιος
503 1845 657 1880 εὑρίσκοιτο
669 1846 718 1880 τῆς
730 1847 876 1882 σωτηρίας.
891 1848 935 1874 Διὸ
950 1849 1009 1875 ἐπι-

219 1889 306 1923 λέγει·
324 1890 378 1916 Κιιὶ
403 1890 437 1915 ἐν
462 1889 499 1923 τῇ
515 1890 679 1924 δυναστείᾳ
698 1900 756 1918 σου
784 1893 894 1926 κρινεῖς
914 1894 1008 1929 μοι-ἦ

220 1933 290 1960 κατὰ
302 1935 364 1965 τοὺς
381 1934 490 1966 λοιποὺς
504 1935 683 1970 ἑρμηνευτὰς,
707 1936 841 1969 δικάσεις
858 1946 918 1972 μοι.
940 1939 1010 1973 ΙΙρὸ-

218 1987 296 2015 τερον
311 1979 365 2015 γὰρ
385 1979 455 2012 ἀξιοῖ
469 1979 607 2015 κρίνεσθαι
624 1981 669 2006 καὶ
682 1981 839 2013 δικάζεσθαι
863 1982 930 2017 πρὸς
946 1983 1010 2014 τοὺς

219 2024 380 2055 ἐλαύνοντας
397 2025 412 2059 ἢ
427 2025 472 2050 καὶ
487 2025 700 2059 διαϐεϐληκὸτας
712 2026 807 2052 αὐτόν·
824 2026 873 2053 εἶθ’
885 2027 970 2059 οὕτως
985 2029 1008 2054 ει

219 2070 311 2104 φάνειε
325 2070 501 2105 ἀδικούμενος
516 2070 682 2106 ἐκδικήσεως
694 2073 785 2106 τυχεῖν
797 2072 846 2107 τῆς
869 2073 943 2108 παρὰ
961 2073 1008 2099 τοῦ

218 2115 323 2150 κριτοῦ,
341 2117 539 2151 μετερχομένου
554 2118 616 2148 τοὺς
626 2117 795 2148 ἀδικοῦντας.
813 2118 895 2144 Ταῦτ’
911 2118 1006 2150 εἰπὼν,

219 2160 379 2195 προστίθησι
396 2161 481 2195 λέγων
494 2170 500 2176 ’
520 2162 546 2188 Ὀ
563 2162 644 2192 Geor,
654 2162 838 2189 εἰσάκουσον
851 2163 905 2197 τῆς
916 2172 1009 2196 πρισ-

216 2205 311 2240 ευχῆς
332 2215 402 2240 μου,
425 2206 563 2234 ἐνώτισιιι
588 2208 623 2234 τὰ
642 2209 762 2242 ῥήματα
786 2209 838 2235 τοῦ
860 2210 1008 2243 στόματός

214 2260 290 2286 μου·
319 2252 413 2287 ὥσπερ
430 2252 611 2286 δικαιολογίαν
635 2254 794 2289 ποιούμενος
824 2254 938 2280 ἐνώπιον
960 2255 1007 2281 τοῦ

220 2297 357 2333 κρίνοντος
374 2298 447 2333 αὐτῷ
463 2307 492 2324 τε
510 2299 555 2325 καὶ
571 2301 627 2330 τοῖς
641 2299 778 2326 ἀδικοῦσιν
792 2301 884 2327 αὐτόν.
896 2301 951 2327 Καὶ
966 2301 1008 2327 ἵνα

219 2352 250 2377 γε
268 2343 302 2370 τὰ
315 2344 364 2378 τῆς
377 2344 557 2378 δικαιολογίας
571 2346 738 2381 παραδεχθῇ,
763 2346 810 2381 τὴν
832 2347 915 2381 εὐχὴν
940 2348 1007 2373 ἀνα-

217 2388 373 2425 πέμπιιῆν
389 2391 435 2416 καὶ
445 2390 654 2425 εἰσακουσθῆναι
670 2391 742 2423 ἀξιοῖ
751 2391 837 2425 λέγων
849 2400 855 2406 ·
875 2392 906 2418 '0
922 2393 1004 2425 Θεὸς,

214 2432 407 2464 εἰσάκουσον,
423 2434 469 2460 καὶ
486 2435 518 2460 τὰ
535 2434 609 2469 ἑξῆς.
625 2435 657 2461 Τί
667 2435 689 2461 δ’
701 2435 734 2462 ἃν
750 2435 875 2462 ἐϐούλετο
889 2438 905 2471 ή
920 2445 1004 2472 προτ-

215 2477 292 2513 ευχὴ,
314 2478 360 2504 καὶ
378 2478 456 2504 ποίαν
477 2477 658 2512 δικαιολογίαν
673 2477 747 2514 εἶχε,
768 2479 830 2515 ἑξῆς
856 2480 1003 2515 παρίστητι

215 2523 301 2556 λέγων
309 2532 316 2538 θ

244 2569 309 2595 Ὅτι
322 2569 473 2603 ἀλλότριοι
491 2570 704 2604 ἐπανέστησαν
723 2571 768 2597 ἐπ’
785 2571 847 2605 ἐμὲ,
867 2572 915 2598 καὶ
931 2580 1002 2606 κρα-

212 2615 287 2642 tutol
317 2614 468 2649 ἐζήτησαν
502 2616 559 2650 τὴν
588 2615 695 2651 ψυχήν
715 2624 787 2650 μου,
804 2616 854 2643 καί
877 2618 913 2644 οὐ
931 2624 1003 2651 προ-

211 2660 314 2688 έθεντο
324 2660 379 2687 τὸν
395 2660 469 2688 Θεὸν
479 2660 606 2688 ἐνώπιον
622 2660 731 2688 αὐτῶν.
746 2660 828 2687 Ταῦτ’
842 2659 877 2697 ἦν
891 2661 925 2688 τὰ
954 2663 1003 2698 τῆς

211 2707 405 2742 δικαιολογίας.
422 2708 478 2735 Καὶ
490 2708 541 2743 ὅρα
558 2707 617 2740 πῶς
631 2708 663 2734 οὺ
688 2707 733 2734 διὰ
752 2707 865 2744 μακρῶν
887 2708 1003 2736 ἐκτείνει

212 2753 275 2784 τοὺς
283 2752 390 2787 λόγους,
403 2752 461 2779 ἀλλ’
476 2752 524 2779 ἅτε
543 2752 601 2787 Θεῷ
618 2752 657 2788 τῷ
672 2752 761 2779 πάντα
779 2752 860 2779 εἰδότι
878 2752 1001 2787 διαλεγό-

214 2806 306 2833 μενος,
323 2798 397 2833 αὐτῷ
413 2798 492 2833 μόνον
506 2793 659 2833 ὐπὶςμνησιν
674 2799 798 2830 ποιεῖται,
823 2798 869 2834 τὴν
893 2799 1001 2834 μακρὰν

212 2842 267 2869 τῶν
282 2844 452 2879 πραγμάτων
469 2842 634 2870 ἀποσιωπῶν
644 2844 828 2870 διδατκαλίαν.
841 2845 954 2879 Μήποτε
970 2844 1000 2870 δὲ

215 2889 277 2917 τοὺς
292 2889 338 2915 μὲν
346 2888 502 2918 ἀλλοτοίους
510 2888 635 2919 ᾐνίσσετο
646 2888 707 2920 τοὺς
719 2889 846 2921 Ζιψαίοος
857 2890 919 2922 τοὺς
933 2889 1000 2922 ποὺς

1025 2379 1045 2406 D
1060 2397 1125 2417 cens
1147 2399 1154 2416 ζ

1070 1076 1165 1103 Nonne
1186 1085 1242 1103 ecce
1261 1076 1345 1103 David
1364 1077 1533 1105 absconditus
1554 1083 1593 1105 est
1619 1079 1688 1112 apud
1707 1080 1776 1105 nos?
1797 1078 1860 1106 Haec

1069 1129 1130 1148 cuin
1148 1122 1243 1153 David,
1257 1122 1314 1150 sive
1327 1130 1359 1149 ex
1383 1123 1548 1150 rcvelatione
1566 1124 1679 1158 spiritus
1696 1124 1859 1158 prophetici,

1069 1168 1126 1195 sive
1146 1175 1179 1194 ex
1204 1169 1333 1203 quopiam
1354 1169 1417 1195 talia
1443 1169 1569 1196 nuntiare
1595 1170 1676 1196 solito
1691 1170 1858 1201 edidicisset.

1068 1219 1182 1248 accepto
1199 1215 1291 1241 slatim
1312 1222 1367 1248 [me
1394 1216 1520 1242 manibus
1547 1216 1687 1250 psalterio,
1718 1224 1765 1250 per
1793 1216 1859 1244 illud

1068 1259 1124 1286 Deo
1143 1259 1304 1287 rationabile
1333 1260 1499 1287 sacriﬁcium
1530 1260 1620 1293 otl‘ert,
1647 1262 1704 1288 haec
1732 1263 1859 1296 loquens,

1068 1305 1167 1339 quibus
1179 1313 1193 1331 ιι
1210 1304 1264 1331 Deo
1278 1305 1393 1332 salutem
1405 1305 1538 1337 obtinere,
1555 1313 1610 1333 non
1626 1314 1673 1341 per
1684 1307 1757 1335 aliud
1772 1307 1859 1342 quod-

1068 1351 1151 1383 piam.
1170 1357 1252 1384 quam
1274 1357 1322 1384 per
1348 1358 1447 1377 nomen
1468 1351 1527 1385 ejus
1552 1352 1681 1386 postulat,
1697 1360 1783 1387 quare
1795 1353 1834 1380 ait
1850 1363 1857 1380 :

1068 1394 1148 1425 Deus,
1165 1395 1191 1421 in
1206 1395 1309 1422 nomine
1326 1399 1371 1421 tuo
1386 1395 1487 1422 salvum
1500 1404 1539 1423 me
1555 1396 1616 1430 fac;
1633 1404 1735 1432 gnarus
1752 1398 1858 1426 scilicet

1066 1447 1128 1466 esse
1144 1439 1280 1474 quoddam
1303 1447 1401 1467 nomen
1414 1461 1420 1472 ,
1444 1441 1515 1475 quod
1535 1446 1577 1468 est
1601 1450 1684 1476 super
1701 1449 1782 1471 omne
1809 1451 1859 1471 no-

1068 1492 1140 1512 men.
1161 1485 1396 1518 Qucmadmodum
1413 1486 1485 1512 enim
1500 1486 1526 1512 in
1543 1487 1775 1515 incantationibus
1790 1496 1857 1516 con-

1067 1534 1107 1557 tra
1126 1531 1232 1564 reptilia
1252 1538 1398 1564 venenosa,
1416 1532 1539 1566 qu:edam
1565 1532 1701 1566 assignata
1725 1532 1857 1560 vocabula

1066 1580 1093 1603 et
1119 1577 1229 1603 nomina
1260 1582 1334 1608 sunt.
1362 1580 1436 1603 tanta
1454 1577 1477 1603 vi
1497 1577 1638 1611 potestatis
1664 1577 1808 1608 instructa,
1829 1581 1857 1603 ut

1068 1622 1203 1656 rcptilium
1218 1622 1419 1649 terribilissima
1432 1622 1473 1649 vel
1487 1623 1596 1657 sopiunt
1610 1622 1651 1650 vel
1665 1623 1855 1657 exSIiuguaut;

1066 1668 1105 1694 sic
1120 1672 1147 1695 et
1168 1668 1213 1694 ille
1234 1668 1318 1702 probe
1341 1668 1445 1695 sciebat
1467 1676 1565 1695 nomen
1585 1668 1650 1694 illud
1676 1676 1758 1702 super
1776 1676 1856 1695 omne

1065 1721 1175 1745 nomen,
1195 1714 1315 1741 salutare
1329 1714 1439 1749 quidem
1466 1714 1499 1741 iis
1515 1721 1576 1741 esse
1597 1713 1644 1748 qui
1669 1714 1756 1741 salute
1780 1713 1855 1748 digni

1065 1764 1148 1792 sunt,
1167 1760 1292 1787 inimicos
1313 1767 1378 1787 vero
1398 1764 1424 1787 et
1448 1759 1620 1787 adversarius
1641 1762 1790 1794 potestates
1812 1758 1856 1786 fu-

1063 1812 1138 1840 gare.
1154 1803 1269 1832 Volebat
1287 1804 1381 1840 itaque
1394 1805 1509 1832 salutem
1525 1805 1552 1832 in
1568 1804 1678 1831 nomine
1695 1803 1741 1831 Dei
1757 1811 1855 1832 conse-

1064 1850 1122 1884 qui,
1146 1850 1227 1886 idque
1240 1858 1296 1878 non
1312 1851 1372 1878 sine
1387 1851 1513 1878 examine
1527 1859 1534 1884 ;
1551 1851 1597 1878 sed
1616 1850 1639 1878 si
1652 1850 1752 1886 dignus
1766 1850 1854 1877 saluto

1063 1894 1320 1928 deprehenderetur.
1342 1894 1525 1928 Quamobrem
1547 1895 1632 1928 addit,
1653 1894 1685 1921 Et
1709 1896 1735 1921 in
1760 1895 1854 1922 virtute

1064 1943 1109 1965 tua
1125 1939 1255 1971 iudicabis
1271 1940 1355 1971 mihi;
1373 1941 1431 1968 sive
1449 1941 1600 1968 secundum
1623 1940 1745 1975 reliquos
1766 1941 1845 1968 inter-

1063 1987 1153 2017 pretcs
1171 1992 1178 2011 :
1188 1985 1235 2016 jus
1256 1983 1326 2010 dices
1347 1984 1422 2011 mihi.
1440 1983 1508 2010 Nam
1535 1984 1612 2018 prius
1633 1987 1712 2018 rogat
1735 1983 1851 2018 judicari

1063 2037 1092 2057 Se
1111 2033 1138 2055 ct
1150 2028 1196 2062 jus
1216 2029 1271 2056 dici
1294 2028 1345 2055 sibi
1377 2028 1509 2056 adversus
1523 2027 1686 2062 impulsores
1699 2031 1727 2055 et
1747 2027 1852 2054 calum-

1062 2073 1184 2100 niatores
1217 2082 1223 2100 :
1251 2080 1283 2099 ac
1297 2072 1396 2099 deinde
1418 2073 1442 2099 si
1461 2072 1561 2106 injuria
1577 2071 1690 2099 all'eetus
1701 2071 1850 2104 videretur,

1062 2125 1077 2144 a
1097 2118 1189 2152 judice
1209 2117 1352 2149 vindicari,
1371 2117 1417 2151 qui
1434 2117 1534 2151 injuria
1550 2125 1580 2144 se
1595 2116 1744 2144 allicientes
1758 2117 1851 2144 adori-

1062 2167 1148 2190 retur.
1172 2162 1220 2189 llis
1237 2163 1318 2190 dictis
1342 2162 1438 2197 adjicit
1455 2172 1461 2189 ι
1480 2162 1560 2193 Deus,
1584 2162 1681 2189 exaudi
1704 2162 1850 2189 orationem

1062 2216 1157 2238 meam,
1174 2208 1284 2235 auribus
1300 2209 1403 2242 percipe
1421 2207 1498 2234 verba
1510 2209 1563 2234 oris
1580 2208 1650 2239 mei;
1668 2207 1747 2242 quasi
1761 2208 1852 2234 disce—

1061 2259 1142 2288 ptaus
1156 2262 1205 2289 pro
1221 2262 1303 2281 causa
1318 2262 1367 2281 sua
1393 2255 1419 2281 in
1445 2258 1593 2288 conspectu
1614 2254 1656 2281 sui
1678 2258 1706 2280 et
1724 2253 1851 2280 inimico—

1062 2307 1122 2326 rum
1139 2308 1251 2327 suorum
1264 2299 1376 2334 judieis.
1395 2300 1429 2327 L't
1444 2305 1533 2327 autem
1547 2299 1671 2327 defensio
1683 2307 1732 2327 sua
1750 2299 1850 2325 admit-

1062 2349 1145 2376 tatur,
1163 2346 1329 2379 orationem,
1350 2353 1432 2381 quam
1447 2345 1571 2373 exaudiri
1589 2349 1679 2380 rogat,
1693 2345 1794 2372 emittit
1805 2343 1849 2370 di-

1178 2389 1260 2422 Deus,
1287 2390 1396 2422 exaudi,
1418 2395 1473 2418 etc.
1501 2390 1571 2423 Quid
1585 2398 1667 2425 porro
1691 2389 1743 2416 sibi
1771 2390 1850 2416 vellet

1059 2436 1159 2467 oratio,
1174 2440 1201 2463 et
1215 2444 1297 2471 quam
1321 2437 1511 2464 defensionem
1534 2436 1700 2468 institueret,
1720 2436 1772 2463 sub
1791 2435 1849 2462 luec

1057 2482 1175 2516 explicat
1192 2481 1235 2509 lllS
1249 2482 1339 2510 verbis
1354 2492 1360 2509 :

1092 2569 1174 2598 Vens.
1194 2571 1262 2598 5-7.
1283 2571 1414 2604 Quoniam
1438 2571 1518 2597 alieni
1534 2570 1738 2597 insurrexerunt
1754 2568 1847 2595 aduer-

1056 2624 1116 2643 sum
1133 2625 1183 2649 me,
1200 2621 1225 2644 et
1240 2616 1322 2651 forte:
1333 2617 1492 2652 quwsiet‘unt
1507 2615 1624 2642 animum
1642 2622 1738 2647 meum,
1756 2619 1781 2642 et
1796 2622 1847 2641 non

1056 2667 1246 2696 proposuerunt
1273 2661 1357 2689 Deum
1383 2666 1444 2689 ante
1471 2665 1638 2695 conspectum
1667 2668 1751 2687 suum.
1786 2659 1848 2687 Haec

1057 2712 1115 2736 erat
1132 2708 1307 2743 disceptatio.
1327 2707 1366 2735 Ac
1385 2708 1446 2735 vide
1461 2707 1527 2734 mihi
1543 2714 1598 2742 quo
1612 2710 1693 2742 pacto
1715 2713 1770 2733 non
1786 2705 1847 2733 lon-

1059 2761 1123 2790 gum
1140 2754 1261 2788 proferat
1280 2761 1453 2786 sermonem;
1473 2753 1521 2781 sed
1542 2757 1636 2788 utpote
1650 2753 1735 2780 Deum
1758 2751 1846 2780 omni-

1057 2798 1144 2826 scium
1172 2798 1326 2834 alloquens,
1356 2806 1413 2825 rem
1445 2798 1498 2834 ipsi
1520 2798 1609 2826 solum
1637 2803 1844 2829 commemorat,

1057 2844 1222 2879 longamque
1248 2843 1350 2879 negotii
1372 2844 1581 2881 explicationem
1604 2843 1714 2871 silentio
1734 2843 1843 2878 premit.

1054 2888 1124 2917 Num
1149 2897 1213 2918 vero
1242 2897 1291 2925 per
1320 2890 1425 2918 alienos
1454 2889 1610 2918 subindicat
1636 2888 1772 2925 Ziphwos,
1795 2886 1841 2922 Qui
