2049 3198
190 196 243 225 467

542 196 676 225 EUSEBII
694 193 933 224 CESARIENSlS
952 192 1027 220 OPP.
1048 191 1138 220 PARS
1157 191 1199 219 Ill.
1215 207 1251 212 —
1269 190 1473 218 EXEGET.C.-\.

1774 190 1828 218 uss
1850 224 1856 227 ,

190 256 280 291 ipsum
293 255 365 290 apud
385 255 495 283 Saulem
512 255 706 283 incusaverant
717 256 729 281 ’ί
742 254 780 281 Ac
792 262 840 289 per
853 257 937 280 Iertes
948 254 979 278 it-

1032 251 1077 278 τδν
1094 252 1179 278 Σαοὺλ
1201 250 1421 281 ἑνδιαὸάλλοντας
1435 250 1535 281 αὑτόν;
1552 250 1613 280 τοὺς
1628 249 1656 275 δὲ
1681 250 1828 283 κραταιοὺς

190 297 232 328 Ιόε
248 300 368 327 animam
391 301 479 336 ipsius
504 305 671 336 quaerentes,
691 300 800 327 Saulem
820 303 847 326 et
868 298 983 325 comites

188 346 260 381 ejus,
278 346 326 383 qui
344 346 428 374 Deum
443 354 497 374 non
518 350 701 382 proponentes
719 350 782 373 ante
805 348 982 379 conspectum

190 400 283 424 suum,
309 392 526 427 insequebantur
545 400 606 420 eum
634 393 680 426 qui
707 392 774 418 nihil
802 391 854 419 sibi
877 389 984 424 injuria:

188 437 345 471 intulisset;
363 445 394 465 ac
418 446 452 466 eo
469 446 530 466 sese
556 438 697 469 fallebant,
713 437 787 472 quod
806 439 934 471 putarent
953 442 983 462 se

189 491 271 519 posse
289 488 388 519 praeter
402 484 449 512 Dei
472 485 638 512 voluntatem
657 482 761 518 aliquid
779 483 818 509 illi
834 482 897 508 mali
912 480 983 508 iutii—

189 529 275 563 gere?
290 529 317 556 Id
328 526 399 556 "sane
417 534 476 557 erat
492 530 633 556 hominum
648 530 694 563 qui
716 535 770 555 non
783 530 983 563 proposuerant

189 573 276 602 Deum
294 578 359 601 ante
374 578 552 609 conspectum
569 582 660 602 suum.

227 620 291 647 [hec
311 628 389 654 porro
406 621 506 653 scripta
517 625 588 652 sunt,
605 619 693 654 inquit
710 618 866 653 Apostolus,
887 618 914 644 in
932 617 982 643 ad-

157 697 161 702 .
189 666 360 692 monitione»:
387 670 505 693 naslram
530 666 564 695 ",
592 669 621 691 ut
649 664 800 691 imitatores
825 666 982 690 sanctorum

188 710 347 744 eﬂiciamur,
366 712 388 738 si
403 711 514 746 quando
530 710 557 737 in
583 710 685 737 similia
710 709 898 736 inciderimus.
922 707 982 734 Non

188 760 231 784 est
250 764 316 784 sane
341 761 461 791 tempus,
478 764 533 791 quo
558 756 605 791 qui
629 756 724 782 volunt
750 754 793 790 pie
811 754 904 781 vivere
927 760 982 779 nou

190 802 411 837 persecutionem
428 803 578 837 patiantur,
597 806 624 828 et
645 809 701 828 non
716 800 780 827 odio
806 800 908 834 injuste
934 798 984 825 ha-

190 847 305 875 beantur
318 848 352 874 ab
367 848 412 879 iis,
428 847 475 882 qui
493 847 661 874 contrariam
678 847 740 873 vitae
753 845 887 873 rationem
904 843 983 871 insti-

189 897 310 923 tuerunt.
323 893 356 920 Et
367 893 600 921 vero‘necessaria
611 892 670 919 lucc
681 892 760 919 nobis
772 894 836 919 sunt
849 890 883 916 ad
898 889 982 916 disci-

189 939 302 975 plinam,
320 942 349 966 ut
365 939 469 966 scilicet
483 946 534 966 nos
547 945 657 973 quoque
669 938 718 964 hac
734 945 784 964 ceu
799 935 983 963 incantatione

190 991 316 1016 utamur:
338 985 497 1020 hujusmodi
517 992 600 1012 voces
622 984 677 1012 Deo
692 983 859 1013 amittentes,
874 988 936 1008 cum
954 981 982 1008 in

188 1038 287 1058 manus
310 1030 486 1072 inimicorum
505 1030 623 1065 delapsi,
651 1037 746 1057 eorum
766 1027 875 1055 insidiis
893 1032 919 1054 et
935 1033 982 1053 ca-

188 1078 298 1121 lumniis
326 1086 388 1118 cum
415 1077 537 1111 periculo
565 1076 737 1111 impetimur;
771 1074 894 1110 persuasi
926 1080 980 1100 non

188 1119 294 1150 inutilia
313 1121 371 1149 fore
385 1123 518 1148 orationis
535 1121 629 1153 verba,
647 1120 696 1148 sed
708 1119 811 1147 auxilio
824 1119 904 1145 nobis
921 1125 981 1144 ma-

136 1184 142 1189 κ
188 1175 241 1206 ςηο
258 1167 363 1201 futura,
382 1171 477 1204 utpote
493 1167 539 1202 qui
564 1167 644 1204 primi
662 1166 780 1194 orationi
804 1173 853 1192 nos
873 1164 981 1191 dederi-

190 1221 262 1241 mus.
279 1213 341 1240 llaec
360 1217 487 1249 precatus
514 1214 604 1248 itaque
622 1213 718 1246 David,
738 1212 868 1240 continuo
887 1210 980 1245 propi-

187 1259 256 1286 tium
271 1259 367 1289 habuit
382 1259 477 1291 Deum,
495 1264 521 1286 et
535 1260 595 1294 ejus
614 1266 665 1294 ope
685 1258 815 1294 dignatus
839 1261 889 1284 est.
912 1256 980 1283 Nam

187 1311 250 1331 cum
267 1305 420 1339 proximum
438 1308 512 1332 esset
532 1308 561 1331 ut
575 1308 720 1340 caperetur
739 1308 766 1331 et
786 1303 877 1330 Saulis
892 1303 981 1330 mani-

187 1349 238 1377 bus
257 1350 422 1382 traderetur,
448 1350 588 1384 insperato
607 1353 733 1377 servatur
756 1357 771 1376 a
793 1349 858 1380 Deo,
883 1348 982 1375 nuntio

188 1394 297 1422 Sauiem
320 1396 353 1421 ad
371 1394 424 1421 alia
448 1395 555 1430 negotia
575 1395 745 1428 abducente,
770 1395 920 1422 secundum
938 1393 978 1420 lii-

186 1441 300 1467 storiam
324 1440 381 1475 jam
407 1444 574 1468 enarratam.
597 1440 780 1473 Quamobrem
802 1440 841 1466 ait
863 1444 979 1475 postea:

187 1486 254 1512 Ecce
267 1486 337 1513 enim
358 1485 429 1513 Deus
444 1485 555 1520 adjuvat
570 1494 620 1516 me.
638 1485 769 1513 Dominus
784 1489 921 1520 susceptor
942 1489 981 1512 est

187 1532 282 1558 anitnaz
298 1539 371 1558 mew.
391 1530 497 1559 Atertet
512 1531 585 1557 mala
600 1531 717 1558 inimicis
734 1531 809 1562 meis,
829 1536 853 1558 et
869 1531 895 1557 in
914 1531 981 1557 reri-

187 1580 241 1602 κισ
253 1581 299 1602 tua
314 1576 435 1610 disperde
448 1575 518 1603 itlos.
536 1576 703 1610 Diapsalma.
720 1576 875 1612 Diapsalma
894 1580 981 1602 muta-

186 1621 288 1650 tionem
305 1622 446 1649 sententiae
461 1622 578 1649 induxit.
593 1623 638 1649 Ilia
655 1622 727 1649 enim
741 1630 789 1650 ceu
805 1621 909 1649 orando
925 1621 980 1649 Deo

184 1663 335 1701 emiserat;
360 1668 417 1695 haec
447 1676 509 1695 vere
537 1667 615 1702 quasi
642 1668 801 1702 propheticc
827 1667 978 1702 subjungit,

186 1722 247 1753 qua:
261 1714 377 1743 salutem
399 1714 523 1750 precanti
549 1716 750 1749 prtenuutiaut,
768 1713 888 1741 inimicis
903 1720 979 1743 vero,

186 1768 201 1786 e
217 1767 335 1793 quorum
353 1759 481 1787 manibus
506 1759 575 1794 eripi
598 1759 715 1793 rogavit,
732 1758 892 1792 perniciem.
916 1756 980 1784 Hzcc

187 1805 270 1840 igitur
290 1805 411 1839 Spiritus
437 1804 526 1832 sancti
553 1805 645 1831 alllalu
670 1803 854 1835 vaticinatur;
880 1802 923 1830 his
947 1810 980 1829 ea

187 1850 345 1884 significans
363 1858 423 1885 qua:
435 1859 463 1877 se
477 1854 634 1885 spectarent
651 1858 656 1876 ς
677 1848 742 1875 Ecce
756 1849 827 1875 enim
847 1848 917 1875 Deus
932 1848 980 1875 ud-

185 1897 258 1929 iurat
275 1905 324 1927 me,
345 1896 472 1922 Dominus
496 1900 630 1929 susceptor
646 1900 685 1921 es!
709 1895 806 1922 animos
821 1902 896 1921 meat.
915 1894 980 1927 Qua:

188 1951 252 1970 \ero
281 1943 314 1970 ad
344 1943 471 1970 inimicos
505 1951 570 1970 suos
588 1943 735 1979 pertinent,
761 1942 866 1969 scilicet
885 1942 918 1969 ad
936 1942 980 1968 Zi—

189 1988 293 2025 plut-os,
310 1987 355 2023 qui
376 1987 466 2022 ipsum
486 1987 558 2021 apud
579 1986 689 2015 Saulem
707 1987 865 2015 calumniati
894 1990 978 2019 sunt;

187 2031 246 2058 sive
261 2030 294 2057 ad
311 2031 469 2068 spiritualcs
486 2031 619 2066 quosdam
636 2036 662 2061 et
674 2031 800 2059 occultos
814 2031 918 2063 hostes,
933 2031 979 2066 qui

185 2076 246 2112 ejus
268 2076 418 2105 secundum
436 2076 519 2104 Deum
543 2076 678 2110 prol'ectui
707 2076 876 2107 invidebant,
898 2079 980 2110 atque

188 2120 250 2147 ideo
263 2122 496 2156 conspirationem
515 2122 648 2147 adversus
668 2128 729 2148 eum
749 2121 921 2152 conﬂabant,
937 2121 980 2147 his

187 2165 278 2192 verbis
295 2166 373 2193 eii‘ert
392 2175 397 2192 :
410 2168 511 2192 Avertet
530 2167 601 2192 mala
616 2167 728 2194 inimicis
744 2167 819 2198 meis,
834 2171 859 2194 et
873 2167 900 2193 in
912 2167 980 2193 veri-

188 2214 243 2235 tate
267 2214 313 2236 tua
337 2210 458 2244 disperde
483 2212 553 2238 illos.
582 2212 739 2240 Secundum
761 2221 825 2240 vero
853 2212 980 2248 Symma-

1034 297 1083 333 τὴν
1099 297 1188 332 ψυχὴν
1203 297 1286 324 αὐτοῦ
1300 296 1447 332 ζητοῦντας
1461 295 1541 321 αὐτὸν
1552 295 1597 321 τὸν
1610 295 1695 321 Σαοὺλ
1708 296 1829 326 καὶτοὺς

1036 343 1085 368 σὺν
1102 342 1176 377 αὐτῴ
1189 362 1195 372 .
1212 343 1237 368 οἴ
1248 363 1254 374 ,
1272 342 1308 377 μὴ
1325 341 1488 377 προθέμενοι
1501 341 1547 367 τὸν
1569 340 1635 366 Θεὸν
1649 339 1763 366 ἐνώπιον
1777 340 1827 366 αὑ-

1033 388 1102 420 τῶν,
1118 388 1233 423 ἧλαυνον
1247 388 1292 414 τὸν
1306 387 1390 422 μηδὲν
1411 387 1510 418 αὐτοὺς
1523 385 1673 420 ἠδικηκότα
1686 406 1694 417 ,
1714 386 1828 418 ἑαυτοὺς

1034 433 1194 464 ἀπατῶντες
1206 433 1246 467 τῷ
1258 432 1389 467 νομίζειν,
1404 432 1444 458 ὅτι
1460 432 1505 458 καὶ
1513 431 1590 467 παρά
1602 431 1632 457 τὸ
1645 431 1768 466 βούλημα
1781 430 1828 457 τοῦ

1035 475 1103 504 Θεοῦ
1118 476 1279 511 δυνήσονται
1292 485 1318 502 τι
1332 476 1391 502 κατ’
1406 475 1489 501 αὑτοῦ
1502 484 1509 508 ;
1527 475 1612 503 Τοῦτο
1628 475 1650 501 δ’
1669 473 1704 510 ἦν
1724 475 1828 510 ἀνδρῶν

1036 522 1073 557 μὴ
1092 522 1269 557 προθεμένων
1285 522 1330 549 τὸν
1347 522 1413 549 Θεὸν
1425 521 1539 548 ἐνώπιον
1554 521 1653 548 αὐτῶν.

1076 620 1207 655 Ὲπράφη
1219 620 1254 647 δὲ
1267 621 1369 652 ταῦτα,
1383 622 1465 657 φησὶν
1477 622 1491 647 ὁ
1512 621 1672 653 Ἀπόστολος
1681 641 1689 654 ,
1702 622 1746 654 εὶς
1755 629 1827 649 νου⁸

1034 667 1142 693 θεσίαν
1151 666 1245 701 ἡμῶν,
1260 667 1297 699 ὡς
1312 668 1344 694 ἂν
1358 668 1475 702 μιμηταὶ
1488 667 1648 702 γιγνοίμεθα
1663 668 1717 694 τῶν
1728 668 1827 702 ἁγίων,

1034 712 1126 738 εἴποτε
1143 713 1200 744 τοῖς
1216 712 1319 747 ὁμοίοις
1335 713 1556 748 περιπίπτωμεν.
1569 714 1626 739 Οὐκ
1640 713 1697 738 ἔστι
1713 713 1766 747 γὰρ
1780 713 1826 739 ὅτε

1035 757 1134 787 πάντες
1150 757 1173 782 οἱ
1185 756 1307 788 θέλοντες
1321 756 1441 788 εὐσεϐῶς
1458 756 1507 791 ζῇν
1523 757 1582 791 οὐχὶ
1603 756 1760 789 διώκονται,
1779 758 1827 783 καὶ

1036 801 1073 836 μὴ
1089 801 1231 837 μισοῦνται
1247 803 1326 836 μῖσος
1342 801 1434 828 ἄδικον
1452 801 1504 827 ὑπὸ
1521 801 1575 828 τῶν
1586 802 1632 829 τὸν
1646 802 1767 828 ἐναντίον
1783 802 1825 828 αἱ-

1035 846 1174 882 ρουμένων
1189 846 1256 881 βίον.
1273 846 1328 873 Καὶ
1340 846 1476 879 ἀναγκαξά
1488 854 1519 880 γε
1533 847 1599 881 ἡμῖν
1610 846 1645 872 τὰ
1656 846 1826 881 προκείμενα

1035 893 1076 923 εἰς
1093 892 1267 919 διδασκαλίαν
1277 901 1283 907 ·
1303 893 1339 924 ὡς
1354 892 1387 919 ἂν
1404 893 1451 919 καὶ
1466 893 1542 919 αὐτοὶ
1552 892 1631 928 δίκην
1641 892 1748 928 ἐπῳδῆς
1763 893 1825 919 ἑαυσ

1033 938 1090 968 τοῖς
1106 937 1252 973 ὲπᾴδοιμεν
1266 941 1315 969 τας
1323 938 1451 969 τοιαύτας
1467 938 1559 972 φωνὰς
1568 937 1775 972 ἀναπέμποντες
1785 937 1827 972 τῷ

1033 982 1103 1017 Θεῷ,
1123 982 1234 1009 ἐπειδὰν
1249 983 1356 1018 ἐχθροῖς
1376 983 1570 1018 περιπεσόντες
1586 983 1825 1018 ὲπιὸουλευοίμεθα

1034 1029 1079 1054 ὑπ’
1101 1029 1204 1062 αὐτῶν,
1228 1030 1276 1055 καὶ
1301 1029 1523 1065 διαϐαλλοὲμεθα,
1540 1030 1587 1057 καὶ
1607 1030 1824 1065 κινδυνεύωμεν·

1034 1074 1277 1109 πεπεισμένοιοῦκ
1293 1076 1366 1111 ἀργὰ
1378 1075 1488 1101 ἔσεσθαι
1501 1075 1534 1101 τά
1551 1076 1661 1111 ῥήματα
1674 1075 1725 1110 τῆς
1741 1084 1825 1111 προσ-

1033 1121 1125 1155 ευχῆς,
1138 1121 1171 1147 τὰ
1189 1121 1293 1156 μεγάλα
1309 1121 1337 1147 δὲ
1355 1121 1555 1156 συμϐαλοῦνται
1570 1123 1646 1156 ἡμῖν,
1669 1121 1764 1157 ὥσπερ
1779 1119 1826 1148 οὖν

1033 1166 1080 1192 καὶ
1093 1167 1185 1198 αὐτοῖς
1199 1168 1255 1198 τοῖς
1269 1166 1387 1202 πρώτοις
1402 1167 1573 1202 εὐξαμένοις.
1588 1167 1691 1193 Λύτίκα
1705 1167 1770 1201 γοῦν
1782 1168 1824 1193 εὖ·
1856 1172 1858 1176 ‘

1034 1212 1148 1248 ξάμενος
1169 1213 1254 1240 ταῦτα
1274 1214 1288 1240 ὁ
1301 1213 1396 1245 Δαυτδ,
1411 1214 1581 1249 παραχρῆμα
1607 1214 1726 1248 ἐπηκόου
1745 1213 1825 1249 ἔτυχε

1031 1260 1078 1286 τοῦ
1105 1259 1184 1291 Θεοῦ,
1204 1259 1250 1286 καὶ
1274 1259 1394 1291 ἀξιοῦται
1417 1259 1468 1293 τῆς
1491 1260 1555 1294 παρ’
1581 1258 1662 1286 αὑτοῦ
1688 1258 1824 1294 βοηθείας.

1035 1305 1104 1339 Ἤδη
1133 1304 1187 1339 γὰρ
1205 1303 1309 1339 μέλλων
1332 1303 1489 1330 ἁλίσκεσθαι
1512 1303 1558 1329 καὶ
1583 1305 1643 1335 ταῖς
1667 1303 1715 1330 τοῦ
1737 1303 1824 1330 Σαοὺλ

1032 1350 1109 1385 χερσὶ
1137 1349 1340 1385 παραδίδοσθαι,
1372 1348 1531 1384 παραδόξως
1560 1350 1592 1374 ἐκ
1607 1348 1674 1375 Θεοῦ
1697 1348 1824 1380 σώζεται,

1031 1396 1160 1429 ἀγγελίας
1175 1395 1219 1422 τὸν
1227 1395 1312 1422 Σαοὺλ
1325 1395 1522 1430 ἀπαγαγούσης
1535 1396 1577 1430 ἐφ’
1590 1395 1686 1430 ἑτέρας
1698 1394 1825 1429 ἀσχολίας

1032 1440 1102 1467 κατά
1128 1441 1176 1476 τὴν
1196 1441 1398 1476 παρατεθεῖσαν
1425 1440 1555 1476 ἱστορίαν.
1577 1440 1623 1466 Διὸ
1637 1440 1700 1475 ἑξῆς
1725 1447 1822 1473 φησιν·

1038 1487 1111 1514 Ἰδοὺ
1123 1487 1177 1521 γὰρ
1195 1489 1211 1514 ό
1226 1487 1298 1519 Θεὸς
1308 1486 1483 1521 βοτιθεῖμοι,
1504 1487 1612 1520 Κύριος
1634 1484 1837 1518 ἁντιλήπτωρί

1031 1530 1085 1564 τῆς
1095 1530 1200 1565 ψυχῆς
1206 1540 1276 1565 μου.
1296 1531 1486 1565 Ἀποστρέψ-ει
1497 1530 1533 1556 τὰ
1544 1531 1621 1557 κακὰ
1634 1530 1696 1563 τοῖς
1707 1530 1825 1564 ἐχθροῖς

1028 1585 1099 1611 μου,
1112 1576 1161 1603 καὶ
1173 1577 1208 1602 ἐν
1218 1576 1255 1610 τῇ
1265 1577 1390 1610 ἀληθείᾳ
1398 1584 1457 1603 σου
1467 1576 1689 1610 ὲξολόθρευσον
1700 1577 1821 1609 αὐτούς.

1031 1621 1199 1656 Διάψαλμα.
1214 1622 1250 1647 Τὸ
1264 1621 1402 1656 διάψαλμα
1428 1621 1578 1656 μεταϐολὴν
1601 1621 1749 1656 είργάσατο
1773 1621 1824 1655 τῆς

1031 1668 1161 1698 διανοίας.
1176 1666 1216 1693 Τὰ
1239 1667 1289 1702 μὲν
1313 1667 1366 1703 γὰρ
1381 1667 1419 1698 ὡς
1439 1668 1468 1694 ὲν
1491 1669 1628 1702 προσευχῇ
1650 1667 1825 1702 ἀνεπέμπετο

1031 1712 1069 1748 τῷ
1080 1712 1139 1747 Θεῷ
1149 1721 1155 1727 ·
1169 1712 1203 1739 τὰ
1218 1713 1245 1739 δὲ
1261 1712 1439 1748 προφητικῶς
1452 1712 1572 1747 ἐπιλέγει
1584 1733 1590 1744 ,
1608 1713 1642 1740 τὰ
1662 1713 1825 1743 θεσπίζοντα

1032 1758 1169 1792 σωτηρίαν
1187 1757 1235 1792 μὲν
1247 1756 1285 1792 τῷ
1301 1756 1453 1793 εὐξαμένῳ,
1470 1756 1573 1784 πτῶσιν
1589 1757 1690 1789 δὲ’τοῖς
1705 1757 1823 1794 ἐχθροῖς,

1032 1804 1078 1838 ἀφ’
1093 1800 1129 1830 ὧν
1142 1803 1273 1840 ρυσθῆναι
1287 1803 1397 1839 ηὔξατο.
1410 1804 1492 1831 Ταῦτ’
1505 1802 1551 1830 οὖν
1567 1804 1597 1836 ἐξ
1608 1804 1684 1839 ἁγίου
1698 1804 1825 1839 Πνεύμα-

1031 1857 1077 1880 τος
1095 1849 1277 1884 προφητεύει,
1307 1849 1342 1876 τὰ
1370 1849 1419 1884 μὲν
1446 1850 1510 1885 περὶ
1526 1850 1607 1876 αὑτὸν
1631 1850 1770 1885 σημαίνων
1794 1850 1825 1876 ἐι

1030 1893 1136 1925 τούτοις
1148 1902 1155 1908 ·
1177 1894 1250 1921 Ἰδοὺ
1267 1893 1321 1929 γὰρ
1339 1896 1355 1921 ό
1367 1894 1438 1928 Θεὸς
1448 1894 1558 1928 ,βοηθεῖ
1566 1904 1628 1929 μοι,
1649 1896 1757 1928 Κύριος
1772 1894 1825 1921 ἀν-

1031 1939 1179 1973 τιλήπτωρ
1194 1939 1249 1974 τῆς
1262 1939 1365 1974 ψυχῆς
1373 1949 1433 1975 μου
1442 1949 1449 1955 ·
1462 1940 1495 1967 τὰ
1509 1940 1537 1967 δὲ
1548 1941 1612 1976 περὶ
1628 1940 1681 1966 τῶν
1695 1940 1825 1966 ὲναντίων

1031 1985 1116 2020 αὐτῷ,
1144 1985 1203 2020 ἤτοι
1220 1986 1284 2019 περὶ
1316 1986 1369 2013 τῶν
1388 1986 1507 2020 Ζιῴαίων
1531 1985 1585 2011 τῶν
1606 1984 1823 2019 διαὸεόληκότων

1031 2031 1116 2057 αὑτὸν
1136 2032 1206 2066 πρὸς
1230 2032 1275 2058 τὸν
1301 2032 1387 2058 Σαοὺλ
1398 2052 1404 2063 ,
1429 2032 1445 2067 ἢ
1462 2032 1508 2058 καὶ
1525 2030 1628 2064 νοητῶν
1649 2038 1728 2055 τινων
1743 2030 1759 2064 ἢ
1775 2030 1822 2055 καὶ

1032 2077 1143 2112 ἀφανῶν
1158 2077 1262 2115 ἐχθρῶν
1277 2078 1333 2104 τῶν
1349 2076 1583 2111 διαφθονουμένων
1599 2074 1681 2101 αὑτοῦ
1703 2077 1736 2110 τῇ
1751 2075 1824 2101 κατὰ

1031 2123 1097 2150 Θεὸν
1113 2125 1247 2159 προκοπῇ,
1263 2123 1308 2150 καὶ
1324 2123 1368 2149 διὰ
1384 2123 1462 2149 τοῦτο
1474 2120 1714 2155 συσκευαζομένων
1728 2120 1821 2151 αὐτὸν,

1031 2169 1060 2194 ὲν
1070 2168 1109 2203 τῷ
1121 2188 1127 2198 ,
1146 2169 1338 2205 Ἀποστρένψιει
1352 2168 1388 2194 τὰ
1403 2167 1481 2194 κακὰ
1492 2166 1553 2199 τοῖς
1560 2166 1678 2201 ἐχθροῖς
1689 2175 1759 2200 μου,
1772 2167 1820 2193 καὶ

1030 2214 1065 2241 ἐν
1080 2213 1118 2248 τῇ
1127 2214 1253 2247 ἀληθείᾳ
1266 2223 1324 2240 σου
1335 2213 1556 2246 ἑξολόθρει·σ·ον
1566 2214 1686 2245 αὐτούς.
1699 2213 1779 2239 Κατὰ
1793 2214 1821 2240 δὲ

187 2256 289 2282 chum:
312 2255 455 2288 Retribuat,
472 2258 571 2291 inquit,
587 2259 660 2285 mala
683 2259 716 2285 iis
739 2259 783 2294 qui
801 2258 865 2285 milii
888 2267 979 2285 muros

1032 2260 1077 2285 τὸν
1097 2260 1261 2294 Σύμμαχον·
1291 2257 1515 2288 Ἀνταποὸώσει,
1545 2259 1627 2293 φησι,
1657 2259 1736 2285 κακὰ
1760 2258 1822 2291 τοῖς

187 2302 311 2335 auferunt
328 2311 337 2331 ς
357 2303 384 2328 iu
402 2303 510 2332 veritate
540 2308 586 2330 tua
615 2304 692 2331 silere
720 2304 762 2339 [ac
786 2312 840 2330 eos.
859 2304 892 2330 Et
907 2304 978 2336 vide,

188 2355 252 2375 num
283 2348 342 2375 haec
373 2355 436 2375 cum
463 2349 578 2376 historia
610 2350 756 2384 quadrent.
785 2349 852 2377 Nam
879 2349 980 2385 Ziphzei

188 2393 278 2432 ipsum
295 2394 365 2430 apud
381 2403 411 2422 se
425 2395 533 2424 latitare
550 2395 696 2426 volentem.
713 2396 792 2430 quasi
809 2396 980 2425 denudantes

187 2441 215 2467 et
229 2446 323 2466 muros
339 2441 391 2474 ipsi
408 2441 574 2473 auferentes,
591 2442 679 2475 ipsum
694 2441 840 2468 calumniis
853 2445 879 2469 et
890 2441 980 2469 verbis

188 2484 331 2513 diabolicis
354 2486 522 2521 impctebant
547 2486 619 2521 apud
648 2486 757 2514 Saulem
777 2497 783 2514 :
806 2494 890 2522 quare
918 2487 981 2514 illos

186 2532 249 2565 jure
260 2531 445 2562 subindicavit
461 2533 504 2560 his
517 2533 609 2560 verbis
628 2542 634 2559 :
651 2532 784 2560 Retribuat
802 2533 874 2559 mala
890 2532 922 2559 iis
936 2532 981 2567 qui

188 2577 252 2605 mihi
279 2586 368 2607 muros
393 2579 529 2613 auferunt.
550 2584 574 2606 et
592 2579 619 2605 in
635 2579 743 2606 veritate
764 2583 811 2605 tua
837 2579 915 2605 silere
937 2578 981 2613 [ac

188 2632 241 2652 eos.
259 2623 363 2656 Bonum
383 2625 451 2662 ipsis
476 2625 614 2652 silentium
632 2628 684 2656 est,
707 2628 736 2651 ut
764 2632 798 2652 ne
814 2624 915 2652 talibus
930 2623 980 2650 ad-

189 2677 296 2697 versum
316 2677 359 2698 me
384 2672 531 2703 calumniis
557 2676 680 2699 utantur.
708 2671 862 2698 Admodum
889 2675 980 2699 autem

189 2720 371 2750 congruenter
386 2716 471 2744 Deum
487 2721 689 2752 susceptorem,
708 2717 765 2745 sive
784 2717 901 2750 fulcrum
922 2716 982 2743 ani-

190 2768 239 2790 ma:
267 2769 336 2794 suae,
364 2762 516 2790 secundum
547 2763 742 2800 Symmachum
773 2763 888 2790 vocavit.
911 2762 979 2795 Quia

190 2805 261 2834 enim
284 2807 412 2841 superius
426 2807 511 2836 fortes
523 2809 682 2844 quaerebant
706 2808 824 2837 animam
839 2807 917 2842 ejus;
933 2814 982 2834 nec

227 2894 248 2911 ιι
269 2894 279 2925 ι
297 2894 360 2924 Cor.
380 2904 408 2930 ι,
427 2897 463 2925 ιι

1031 2304 1253 2338 datorem/(“oud
1268 2313 1316 2338 με,
1333 2305 1368 2330 ἐν
1382 2303 1418 2337 τῇ
1433 2303 1558 2337 ἀληθείᾳ
1572 2312 1630 2330 σου
1648 2302 1821 2336 (1.100:de-

1032 2358 1090 2378 σον
1099 2351 1219 2383 αὐτούς.
1233 2350 1287 2376 Καὶ
1303 2350 1353 2385 ὅρα
1363 2350 1386 2375 εί
1401 2349 1438 2384 μὴ
1449 2350 1590 2384 συμφωνεῖ
1605 2348 1691 2375 ταῦτα
1702 2350 1734 2383 τῇ
1751 2349 1823 2374 ιστο-

1034 2395 1089 2430 ριᾳ.
1106 2394 1271 2429 Ἐπειδήπερ
1283 2394 1307 2420 οἱ
1321 2394 1427 2428 Ζιφαῖοι
1440 2393 1600 2428 βουλόμενον
1613 2393 1693 2419 αὐτὸν
1709 2393 1823 2428 κρύπτεη

1033 2440 1095 2467 σθαι
1107 2442 1171 2476 παρ’
1183 2440 1284 2471 αὐτοῖς,
1299 2440 1393 2475 ὥσπερ
1405 2441 1493 2473 ἀπογυ
1499 2439 1627 2475 μνοῦντες
1647 2440 1693 2466 καὶ
1712 2440 1822 2466 ἀποτει-

1032 2486 1163 2521 χίζοντες,
1177 2485 1314 2512 διέϐαλλον
1332 2486 1399 2521 πρὸς
1414 2486 1459 2512 τὸν
1477 2485 1574 2516 Σαοὺλ,
1593 2484 1681 2519 λόγοις
1704 2484 1822 2511 διαϐολι-

1033 2533 1090 2563 κοῖς
1105 2532 1165 2558 κατ’
1179 2531 1261 2558 αὑτοῦ
1275 2531 1427 2567 χρώμενοι·
1444 2531 1538 2566 διόπερ
1550 2532 1658 2562 αὐτοὺς,
1683 2530 1721 2562 ὡς
1737 2530 1822 2562 εἰκὸς,

1032 2578 1215 2613 αἰνιττόμενος
1229 2577 1319 2612 ἔλεγεν
1329 2586 1335 2592 ·
1361 2576 1574 2604 Ἄνταποδὼσει
1585 2576 1662 2602 κακὰ
1674 2574 1734 2607 τοῖς
1749 2575 1823 2601 ἁπο-

1032 2622 1192 2657 τειχίζουσί
1206 2631 1254 2657 με,
1277 2623 1327 2650 καὶ
1338 2623 1373 2649 ἐν
1384 2621 1421 2656 τῇ
1434 2621 1560 2655 ἀληθείᾳ
1576 2628 1634 2647 σου
1647 2618 1822 2652 ἀποσιώπη-

1031 2677 1090 2696 σον
1098 2670 1217 2701 αὐτούς.
1237 2668 1314 2704 Καλὴ
1331 2668 1385 2703 γὰρ
1400 2668 1492 2699 αὺτοῖς
1504 2668 1520 2701 ἡ
1535 2666 1634 2701 σιωπὴ,
1652 2666 1696 2691 ἴνα
1716 2664 1752 2699 μὴ
1764 2671 1821 2690 τοι-

1032 2715 1128 2747 αύταις
1142 2715 1262 2751 χρῶνται
1273 2715 1333 2741 κατ’
1354 2713 1421 2749 ἐμοῦ
1438 2713 1585 2744 διαϐολαῖς.
1595 2712 1700 2746 Σφόδρα
1713 2711 1742 2738 δὲ
1755 2718 1822 2737 κατ-

1033 2763 1155 2798 αλλήλως
1170 2762 1215 2788 τὸν
1227 2761 1293 2787 Θεὸν
1309 2760 1505 2795 ἀντιλὴπτορα,
1552 2757 1728 2791 ὑπέρεισμα,
1753 2755 1824 2782 κατὰ

1033 2810 1077 2840 τὸν
1091 2809 1249 2847 Σύμμαχον,
1267 2806 1392 2846 ὠνόμασε
1404 2806 1453 2843 τῆς
1473 2803 1569 2831 ἑαυτοῦ
1586 2803 1685 2838 ψυχῆς.
1714 2799 1825 2836 Ἐπειδὴ
