2049 3218
237 219 290 246 ιω
805 216 1056 244 COMMENTARIA
1076 217 1109 245 IN
1130 216 1299 245 PSALMOS.
1811 221 1864 245 47D

238 276 293 311 γὰρ
308 275 437 311 ἀνωτέρω
451 276 474 301 οἱ
491 274 616 310 κραταιοὶ
629 273 743 309 ἐζήτουν
755 273 804 308 τὴν
825 273 914 308 ψυχὴν
931 274 1025 306 αὑτοῦ,

1081 282 1131 309 que
1144 274 1181 301 ita
1194 274 1303 308 corpori
1325 273 1439 300 insidias
1456 277 1562 301 struere
1577 273 1744 308 cogitabant,
1763 279 1791 300 ut
1805 275 1864 300 aui-

236 323 287 357 οῠχ
297 321 383 352 οὕτως
394 319 583 347 ἐπιϐουλεῦσαι
598 318 680 346 αὑτοῦ
696 318 735 353 τῷ
746 318 851 353 σώματι
865 319 1025 354 προῃρημέ-

238 375 289 398 νοι,
301 366 340 397 ὼς
353 367 387 401 τῇ
404 365 476 400 ψυχῇ
489 374 496 380 ·
510 365 623 396 εἰκότως
636 363 682 390 καὶ
696 362 776 394 αὐτὸς
787 363 832 389 τὸν
855 363 957 398 Κύριον
980 364 1027 390 ἀν-

238 410 388 445 τιλήπτορα
402 409 452 444 τῆς
462 408 560 436 ἑαυτοῦ
574 409 662 444 ψυχῆς
680 407 831 443 ὠνόμαζεν.
856 407 956 442 Ἔμελε
973 407 1027 443 γὰρ

239 454 314 490 αὐτῷ
326 454 403 480 οὐδὲν
423 454 470 480 τοῦ
493 453 628 488 σώματος,
645 453 705 480 οὐδὲ
718 453 773 480 τῶν
796 452 874 484 ἐκτὸς
891 452 1026 487 ὑπαρχόν-

237 508 302 531 των,
318 499 378 526 οὐδὲ
389 500 439 534 τῆς
450 499 617 534 προσκαίρου
631 498 733 534 ταύτης
747 498 828 534 ζωῆς,
845 498 928 533 μόνης
937 498 965 524 δὲ
979 498 1028 532 τῆς

239 545 337 572 ἑαυτοῦ
350 544 447 580 ψυχῆς.

282 589 441 621 Ἑκουσίως
448 589 531 615 θύσω
541 596 600 620 σοι,
607 588 864 623 ἐξομολογήσομαι
876 588 916 621 τῷ
924 589 1029 622 ὀνόμα-

240 635 269 660 τί
281 641 350 665 σου,
363 635 460 667 Κύριε,
474 634 517 659 ὅτι
536 635 658 667 ἀγαθόν.
676 634 724 660 Διὰ
740 634 795 659 τῶν
808 634 922 669 πρώτων
937 633 1028 668 δέησιν

239 681 287 706 καὶ
301 680 440 714 ἱκετηρίαν
454 679 618 714 ἀναπέμψας
634 679 672 714 τῷ
689 679 758 714 Θεῷ,
773 679 819 705 καὶ
830 678 879 713 τὴν
895 679 1028 705 δικαιολο-

239 723 301 757 γίαν
314 723 395 749 αὑτοῦ
413 722 557 757 ἐκθέμενος
570 742 576 753 ,
594 724 622 748 ἐν
636 723 689 753 τοῖς
706 722 852 757 δευτέροις,
876 720 1030 756 πληρωθεὶς

239 768 286 794 τοῦ
301 768 465 802 πνεύματος,
483 767 604 799 θεσπίζει
624 768 657 794 τά
674 776 702 793 τε
719 767 782 802 περὶ
795 767 877 793 αὐτὸν
900 766 1031 802 μέλλοντα

239 812 368 844 ἔσεσθαι,
395 813 429 839 τά
457 821 485 838 τε
503 815 559 844 τοῖς
575 813 682 848 ἐχθροῖς
705 812 787 840 αὐτοῦ
816 812 1030 848 συμὸησόμενα⁴

238 856 289 885 εἷθ’
306 859 369 893 ἑξῆς
385 859 431 885 xal
445 858 598 889 ἀκολούθως
616 860 644 884 ἐν
667 858 706 893 τῷ
730 858 816 893 τρίτῳ
837 858 917 893 μέρει
936 857 1031 889 θυσίας

240 904 286 929 καὶ
300 904 477 938 εὐχαριστίας
493 903 602 930 ἀνύσειν
622 903 818 936 ἐπαγγέλλεται
840 902 878 938 τῷ
902 902 963 938 Θεῷ
987 900 1030 936 ἐφ’

238 946 279 980 οἷς
296 946 324 974 εὖ
343 948 486 974 πέπονθεν.
511 949 553 979 Ὡς
565 948 618 983 γὰρ
630 948 661 983 δὴ
679 948 821 979 διασωθεὶς
837 948 884 974 καὶ
906 948 955 983 τῆς
973 947 1027 974 τῶν

238 994 342 1030 ἐχθρῶν
356 994 500 1029 ἐπιϐουλῆς
511 993 740 1029 ἡλευθερωμένος,
755 994 784 1020 οὔ
798 994 888 1029 μόνον,
903 993 970 1020 ἀλλὰ
980 994 1027 1020 καὶ

238 1036 407 1075 τογ’ῠλεθρον
422 1040 475 1065 τῶν
494 1039 600 1074 ἐχθρῶν
614 1039 722 1071 ἐπιδὼν,
737 1039 810 1066 θύειν
832 1039 880 1066 καὶ
902 1039 1027 1075 ἐξομολο-

239 1084 374 1120 γήσασθαι
398 1085 435 1120 τῷ
452 1085 564 1119 ὀνόματι
579 1084 624 1111 τοῦ
639 1085 742 1119 Κυρίου
768 1085 954 1119 ὑπισχνεῖται·
980 1085 1027 1111 καὶ

239 1130 324 1156 ταῦτα
349 1131 475 1165 προλέγει
491 1130 625 1161 θεσπίζων
644 1130 696 1165 πρὸ
718 1130 765 1164 τῆς
779 1130 832 1156 τῶν
858 1130 1027 1165 πραγμάτων

240 1176 388 1206 ἐκϐάσεως.
405 1177 468 1202 Ὅτε
484 1176 538 1211 γὰρ
562 1176 585 1201 οἱ
603 1176 707 1210 Ζιφαῖοι
736 1175 857 1207 ἐλθόντες
885 1175 954 1211 πρὸς
980 1176 1027 1202 τὸν

239 1221 323 1248 Σαοὺλ
347 1219 435 1247 εἷπον·
463 1221 536 1248 Ἰδοὺ
561 1221 650 1247 Aa.de
667 1222 830 1254 κέκρυπται
847 1222 915 1254 παρ’
935 1221 1025 1256 ἡμῖν·

238 1267 324 1306 ἀρχὴν
339 1267 374 1293 ἔτ’
390 1267 505 1302 ἐχούσης
519 1268 568 1302 τῆς
581 1268 639 1294 κατ’
658 1267 746 1293 αὐτῶν
769 1267 890 1299 ἱστορίας
910 1268 957 1293 καὶ
973 1266 1027 1294 τῶν

238 1312 356 1348 Ζιφαίων
366 1312 662 1349 ἅρπιῗξαϐείὶληκότων
677 1312 767 1343 αὐτὸν,
785 1313 845 1339 τότε
862 1312 894 1347 δὴ
915 1312 950 1339 τὰ
963 1311 1026 1347 τέλη

238 1361 292 1387 τῶν
312 1361 482 1396 πραγμάτων
510 1361 590 1391 αὐτὸς
609 1360 730 1391 θεσπίζει
748 1380 754 1390 ,
770 1359 804 1385 τὰ
829 1358 941 1392 ὕστερόν
962 1366 1027 1384 ποτε

237 1406 408 1441 γενησόμενα
426 1405 622 1440 προλαμϐάνων
636 1405 673 1435 ὡς
686 1405 736 1439 ἤδη
749 1403 889 1437 γεγονότα.
911 1402 958 1429 Διό
975 1411 1027 1437 φη-

239 1459 296 1476 σιν·
314 1451 377 1476 ’Ὁτι
394 1451 428 1476 ἐκ
455 1450 556 1482 πάσης
584 1450 715 1483 θλίψεως
728 1449 844 1482 ἐρῤὐσω
860 1458 909 1484 με,
928 1449 976 1475 καὶ
993 1449 1028 1475 ἐν

238 1496 300 1527 τοῖς
314 1495 431 1529 ἐχθροῖς
441 1504 500 1528 μου
515 1494 633 1521 ἐπεῖδεν
651 1496 666 1521 ὁ
680 1495 832 1529 ὀφθαλμός
842 1504 912 1529 μου.
935 1494 1028 1521 Ταῦτα

238 1540 292 1575 γὰρ
304 1540 416 1574 ὓστερον
436 1540 483 1574 μέν
499 1548 562 1565 ποτε
581 1540 707 1573 γέγονεν·
732 1540 807 1574 ὅμως
822 1540 850 1566 δὲ
875 1539 1027 1576 προγνώσει

237 1584 285 1610 τοῦ
299 1584 378 1617 ἁγίου
394 1583 551 1619 Πνεύματος
569 1583 607 1615 ὡς
629 1584 679 1619 ἤδη
698 1584 768 1611 αὐτὰ
787 1584 919 1619 γεγονότα
936 1585 1027 1619 ἀπαγ-

237 1629 336 1662 γέλλει,
354 1629 401 1656 καὶ
415 1629 458 1655 ἐπ’
475 1629 568 1660 αὐτοῖς
580 1630 753 1665 εὐχαριστεῖ,
772 1630 819 1656 καὶ
838 1630 1028 1664 θύσεινιὲπαγ-

237 1673 372 1707 γέλλεται,
398 1673 446 1699 καὶ
460 1672 705 1708 ἐξομολογήσεσθαι
733 1673 773 1709 τῷ
786 1674 881 1709 Κυρίῳ
893 1695 900 1706 ,
927 1673 1025 1708 λέγων·

244 1719 408 1752 Ἑκουσίως
436 1719 519 1746 θύσω
541 1726 600 1746 σοι.
625 1719 653 1745 '0
677 1719 705 1745 δὲ
735 1719 861 1751 Ἀκύλας,
883 1719 931 1746 ‘Er
943 1719 1029 1746 ἐκου-

237 1764 367 1799 σιασμῷ,
392 1765 468 1800 φησὶ,
483 1765 619 1792 θυσιάσω
642 1772 702 1792 σοι.
728 1765 837 1799 Ἐπειδὴ
860 1765 915 1801 γὰρ
936 1765 1029 1796 ἄοικος

238 1811 285 1837 καί
296 1811 392 1841 ἄπολις
413 1811 459 1837 καὶ
477 1810 599 1841 ἀνέστιος
611 1810 658 1841 ὢν,
675 1811 703 1836 ὲν
714 1811 774 1841 ταῖς
786 1810 899 1845 ἐρήμοις
910 1811 1030 1836 ἐποιεῖτο

238 1856 289 1887 τὰς
304 1855 456 1891 διατριϐὰς,
471 1855 562 1882 καινὸν
576 1854 671 1889 ἐξεῦρε
694 1855 794 1890 τρόπον
821 1854 925 1886 θυσίας.
939 1855 987 1886 Τίς
1006 1854 1029 1881 δ’

238 1899 273 1935 ἦν
287 1897 365 1931 οὗτος
378 1907 386 1933 ;
419 1900 466 1926 Ἑν
478 1898 670 1933 ἐκουσιασμῷ
680 1918 686 1930 ,
702 1899 769 1933 φησὶ
780 1918 787 1930 ,
815 1892 1027 1926 θυσιάσωοοι.

245 1946 339 1981 ’Δρκεῖ
355 1944 409 1980 γὰρ
427 1945 443 1979 ἡ
459 1944 617 1977 ὲκουσιότης
644 1944 690 1969 καὶ
711 1944 727 1978 ἡ
743 1942 901 1978 προαίρεσις
913 1962 921 1976 ,
945 1943 979 1969 δι⁴
996 1941 1030 1979 ἦς

239 1990 394 2025 ἀναπέμψω
410 1998 451 2016 σοι
464 1988 512 2024 τὴν
528 1988 632 2015 θυσίαν.
650 1988 687 2014 Οὐ
710 1988 764 2023 γὰρ
781 1989 873 2023 ἠγνόει
893 1989 938 2016 τὸν
964 1990 1029 2016 Θεὸν

240 2035 459 2072 παραιτούμενον
475 2034 523 2069 μὲν
534 2033 583 2065 τὰς
591 2034 623 2060 δι’
637 2033 762 2068 αἱμάτων
773 2034 819 2060 καὶ
832 2034 908 2066 ζώων
922 2036 1029 2070 σφαγῆς

239 2082 346 2113 θυσίας,
362 2080 473 2115 λογικὴν
486 2080 513 2106 δὲ
530 2079 624 2106 θυσίαν
646 2079 695 2114 τὴν
709 2079 742 2105 δι’
765 2079 894 2111 αίνέσεως
909 2080 1030 2112 ἀσπαζό-

242 2135 336 2162 μενον,
354 2125 402 2152 ἆτε
419 2123 642 2160 προμεμαθηκὼς
664 2124 704 2155 τὸ,
723 2124 825 2151 Θῦσον
839 2123 880 2157 τῷ
899 2124 960 2157 Θεῷ
978 2126 1030 2152 θυ-

240 2174 313 2199 σίαν
333 2171 485 2203 αίνέσεως,
503 2172 553 2197 καὶ
567 2169 680 2202 ἀπόδος
691 2169 731 2201 τῷ
743 2169 841 2203 Κυρίῳ
868 2170 922 2203 τὰς
935 2171 1029 2205 εὐχάς

239 2225 309 2244 σου.
326 2217 434 2251 Ταύτην
451 2214 509 2248 οὖν,
526 2215 618 2250 φησὶν,
633 2214 763 2246 ἑκουσίως
776 2214 850 2241 θύσω
865 2224 906 2242 σοι
920 2216 970 2252 τὴν
983 2216 1029 2243 θυ-

1078 327 1144 352 mae;
1159 319 1258 346 merito
1272 319 1331 353 ipse
1342 318 1488 345 Dominum
1499 321 1685 352 susceptorem
1699 317 1797 345 anima:
1808 325 1864 345 suae

1078 365 1256 399 nuncupavit.
1282 364 1354 391 Nihil
1378 364 1478 398 quippe
1492 363 1526 390 dc
1541 370 1656 397 corpore
1669 370 1756 398 neque
1773 362 1806 390 de
1819 371 1863 390 re-

1078 411 1130 439 bus
1145 415 1223 438 extra
1245 411 1342 445 positis
1362 409 1496 437 sollicitus
1509 414 1579 441 erat,
1596 417 1683 444 neque
1702 408 1735 436 de
1760 413 1863 444 tempo-

1079 464 1161 484 ranea
1176 456 1228 484 hac
1243 457 1316 483 vita:
1333 455 1382 483 sed
1395 456 1429 483 de
1440 456 1529 482 anima
1543 460 1657 482 tantum.

1114 588 1197 615 Vens.
1211 587 1238 619 8,
1253 587 1280 614 9.
1308 587 1462 614 Voluntaria
1475 586 1632 621 sacriﬁcabo
1649 586 1706 618 tibi,
1722 585 1862 620 conﬁtebor

1079 633 1181 660 nomini
1195 638 1251 665 tuo,
1267 633 1387 664 Domine.
1405 633 1530 668 quoniam
1545 632 1641 659 bonum
1655 636 1704 659 est.
1716 631 1784 659 Cum
1796 632 1862 667 prio

1080 678 1156 705 ribus
1170 678 1260 706 verbis
1277 678 1498 706 obsecrationem
1519 681 1546 705 et
1569 677 1797 712 supplicationem
1811 676 1865 704 Deo

1079 724 1227 755 emisisset,
1239 731 1272 750 ac
1283 723 1509 758 disceptationem
1526 730 1603 750 suam
1618 723 1806 757 exposuisset;
1823 729 1864 752 se-

1080 769 1189 801 cundis,
1206 776 1267 804 quae
1281 769 1343 801 sibi,
1360 776 1422 804 quae
1435 768 1555 796 inimicis
1570 768 1627 796 suis
1643 771 1773 795 eventura
1788 770 1865 794 erant

1081 814 1179 849 spiritu
1213 815 1311 850 plenus
1334 815 1503 842 vaticinatur
1522 825 1528 841 :
1547 814 1646 841 deinde
1670 818 1865 848 consequenter

1082 860 1163 887 tertio
1188 860 1249 887 loco
1274 859 1380 887 hostias
1405 864 1433 887 et
1455 860 1605 894 gratiarum
1629 858 1750 886 actiones
1768 866 1798 886 se
1812 858 1866 885 Deo

1082 912 1131 939 pro
1145 904 1283 932 beneﬁciis
1294 905 1498 940 persoluturum
1512 904 1666 940 pollicetur.
1681 903 1749 930 Nam
1764 908 1794 930 ut
1808 911 1865 931 ere-

1081 955 1144 985 ptus
1157 953 1184 977 et
1198 950 1231 977 ab
1243 950 1416 977 inimicorum
1439 949 1549 978 insidiis
1561 949 1714 982 liberatus;
1730 956 1817 984 neque
1834 948 1866 975 οι·

1081 995 1108 1022 id
1126 995 1225 1026 solum.
1241 995 1289 1023 sed
1301 995 1365 1030 quia
1390 995 1564 1023 inimicorum
1581 994 1695 1022 exitium
1719 993 1866 1028 prospicie-

1081 1041 1137 1072 bat,
1151 1048 1181 1068 se
1201 1040 1404 1068 immolaturum
1422 1044 1449 1068 et
1465 1040 1667 1068 confessionem
1693 1038 1796 1067 nomini
1815 1037 1865 1064 Do-

1081 1086 1148 1113 mini
1174 1086 1310 1113 editurum
1337 1086 1473 1122 promittit
1500 1096 1507 1113 :
1538 1090 1620 1121 atque
1638 1086 1695 1112 hac
1714 1085 1866 1112 vaticinans

1081 1136 1144 1158 ante
1159 1139 1251 1159 rerum
1266 1135 1391 1159 eventum
1408 1131 1540 1166 praedicit.
1556 1130 1622 1157 Nam
1636 1138 1697 1158 cum
1717 1130 1818 1164 Ziphaai
1835 1129 1867 1156 ad

1082 1174 1191 1204 Saulem
1216 1176 1378 1204 accedentes
1401 1176 1531 1204 dixerunt
1553 1185 1560 1203 :
1581 1175 1648 1202 Ecce
1660 1175 1746 1202 David
1758 1175 1866 1202 abscon-

1079 1222 1152 1249 ditus
1167 1227 1205 1249 εει
1220 1222 1290 1257 apud
1305 1229 1371 1253 nos;
1386 1229 1450 1249 cum
1472 1229 1517 1249 res
1542 1221 1571 1248 in
1596 1221 1710 1248 historia
1739 1223 1867 1247 enarrata

1081 1269 1245 1303 inciperent.
1263 1271 1290 1295 et
1308 1268 1373 1294 dum
1390 1268 1479 1295 adhuc
1497 1267 1598 1302 Ziphazi
1617 1267 1706 1301 ipsum
1719 1266 1868 1294 calumnia-

1080 1317 1186 1345 rentur,
1203 1317 1269 1340 tunc
1285 1313 1344 1347 ipse
1368 1320 1459 1339 rerum
1476 1313 1578 1340 exitum
1604 1313 1789 1345 vaticinatur;
1811 1318 1868 1347 qua

1081 1362 1176 1393 postea
1193 1361 1324 1385 eventura
1340 1362 1420 1385 erant
1435 1358 1513 1392 quasi
1526 1358 1583 1392 jam
1599 1357 1671 1386 facta
1693 1362 1860 1392 praevertens

1081 1403 1171 1436 Quare
1185 1404 1223 1429 ait
1244 1412 1251 1429 :
1272 1402 1407 1435 Quoniam
1423 1410 1456 1429 ea:
1476 1403 1549 1429 omni
1565 1402 1736 1429 tribulatione
1751 1403 1869 1436 eripuisti

1081 1458 1131 1480 me,
1164 1453 1187 1476 et
1204 1455 1282 1482 super
1304 1448 1425 1475 inimicos
1442 1456 1512 1475 meos
1536 1448 1657 1482 despexit
1679 1448 1771 1474 oculus
1787 1455 1869 1475 meus.

1081 1493 1144 1521 Huic
1163 1494 1264 1529 quippe
1285 1498 1348 1528 post
1366 1494 1423 1521 haec
1442 1497 1518 1529 gesta
1536 1496 1616 1525 sunt;
1633 1492 1681 1520 sed
1703 1496 1794 1520 tamen
1810 1491 1868 1527 Spi-

1081 1539 1151 1566 ritus
1169 1538 1257 1566 sancti
1288 1538 1470 1573 prazscientia,
1496 1537 1595 1572 ut'jam
1615 1537 1689 1564 edita
1704 1537 1822 1569 nuntiat,
1838 1537 1869 1564 de

1081 1585 1170 1620 iisque
1185 1584 1287 1619 gratias
1299 1584 1364 1618 agit,
1381 1590 1413 1610 ac
1428 1583 1646 1611 sacriﬁcaturum
1658 1582 1868 1610 confessionem-

1081 1638 1134 1665 que
1162 1630 1217 1657 Deo
1241 1630 1406 1657 emissurum
1423 1629 1579 1664 pollicetur,
1599 1628 1695 1656 dicens
1713 1637 1719 1655 :
1743 1625 1868 1655 Volunta-

1081 1679 1119 1705 ris
1132 1678 1290 1712 sacriﬁcabo
1308 1677 1374 1709 tibi;
1389 1677 1486 1712 Aquila
1502 1684 1567 1704 vero
1583 1676 1622 1703 ait
1635 1685 1641 1703 :
1656 1675 1755 1711 Sponte
1766 1675 1868 1710 sacrifi.

1079 1723 1145 1750 cubo
1161 1723 1219 1751 tibi.
1247 1723 1316 1756 Quia
1333 1722 1404 1750 enim
1430 1723 1489 1749 sine
1513 1721 1604 1754 domo,
1629 1722 1689 1749 sine
1716 1721 1793 1753 urbe,
1812 1720 1869 1748 sine

1079 1770 1148 1801 lare,
1164 1769 1191 1796 in
1216 1768 1334 1797 desertis
1350 1768 1457 1803 agebat,
1483 1775 1585 1794 novum
1612 1766 1740 1794 sacriﬁcii
1761 1766 1870 1793 modum

1079 1815 1254 1850 excogitavit.
1271 1814 1405 1847 Quisnam
1425 1813 1472 1841 ille
1494 1812 1574 1840 erat?
1591 1812 1698 1846 Sponte,
1711 1811 1810 1846 inquit,
1827 1819 1870 1837 sa‘

1080 1860 1205 1895 criﬁcabo
1223 1860 1280 1888 tibi.
1299 1859 1404 1887 Suﬂicit
1422 1859 1522 1894 quippe
1545 1858 1671 1885 volunlas
1694 1861 1721 1885 et
1743 1857 1869 1892 proposi-

1080 1909 1149 1936 tum,
1167 1912 1222 1939 quo
1242 1904 1289 1931 tibi
1312 1903 1478 1931 sacriﬁcium
1503 1902 1626 1931 oﬁ'eram.
1643 1902 1702 1930 Non
1729 1902 1869 1937 ignorabat

1080 1949 1227 1984 siquidem,
1245 1949 1330 1976 Deum
1349 1953 1480 1976 cruentas
1494 1952 1521 1975 et
1534 1948 1692 1975 animalium
1709 1955 1776 1975 nece
1796 1947 1872 1974 obla-

1080 1999 1122 2022 tas
1152 1995 1257 2022 hostias
1290 1994 1420 2026 abnuere,
1454 1994 1588 2021 rationale
1618 2001 1683 2021 vero
1705 1993 1871 2021 sacriﬁcium

1080 2040 1169 2067 laudis
1183 2040 1351 2075 approbare;
1365 2042 1459 2073 utpote
1470 2039 1517 2073 qui
1530 2039 1587 2072 jam
1603 2038 1763 2065 edidicisset
1778 2038 1844 2065 illud
1863 2045 1870 2063 :

1081 2085 1198 2113 Immola
1212 2085 1267 2112 Deo
1282 2085 1447 2119 sacriﬁcium
1468 2083 1568 2116 laudis,
1584 2088 1609 2110 et
1633 2083 1711 2110 redde
1733 2083 1872 2110 Altissimo

1080 2135 1140 2158 υοια
1157 2135 1203 2157 tua
1217 2132 1250 2157 “.
1268 2130 1354 2162 Hanc,
1369 2129 1624 2164 inquit,voluntarie
1638 2127 1684 2154 tibi
1697 2128 1814 2155 hostiam
1829 2136 1872 2156 sa-

1080 2175 1222 2206 criﬁcabo,
1240 2175 1327 2210 ipsam
1342 2175 1524 2206 voluntatem,
1541 2172 1712 2208 propositum
1731 2176 1757 2199 el.
1780 2172 1872 2200 consi-

1081 2219 1148 2247 lium
1165 2227 1255 2250 meum
1273 2219 1322 2246 tibi
1338 2227 1496 2254 apponens;
1520 2226 1551 2245 ac
1566 2217 1718 2254 gratiarum
1735 2218 1871 2245 actionem

241 2263 312 2294 σίαν,
330 2262 396 2289 αὐτὸ
408 2262 438 2288 τὸ
450 2262 494 2288 ἐπ’
507 2261 569 2296 ἐμοὶ
580 2260 709 2295 ,ἑκούσιον
730 2260 778 2286 καὶ
799 2260 830 2286 τὸ
854 2260 963 2297 θέλημά.
976 2270 1028 2297 μου

1081 2272 1131 2299 pro
1145 2264 1234 2292 hostia
1251 2264 1299 2291 tibi
1314 2263 1442 2292 oﬁ‘erens.
1455 2264 1546 2297 Quare
1561 2264 1660 2293 deinde
1676 2264 1770 2292 subdit
1785 2272 1792 2291 :
1805 2262 1871 2290 Con-

241 2309 288 2335 καὶ
298 2308 347 2344 τὴν
363 2307 432 2343 ἐμὴν
447 2306 605 2342 προαίρεσιν
623 2305 759 2337 ἀνατιθείς
776 2314 828 2339 σοι,
846 2306 895 2342 τήν
909 2316 938 2333 τε
950 2308 1030 2344 εὐχα-

242 2354 348 2390 ριστίαν
364 2352 447 2387 αὐτὴν
458 2351 517 2379 ἀντὶ
530 2351 625 2383 θυσίας
646 2359 687 2377 σοι
705 2352 879 2387 προσφέρων.
903 2353 948 2379 Διὸ
971 2361 1033 2379 συν-

240 2399 322 2426 άπτει
339 2398 401 2433 ἑξῆς
415 2397 502 2431 λέγων
513 2405 519 2411 ·
540 2396 813 2431 Ἐξομολοτήσομαι
843 2397 883 2430 τῷ
908 2398 1032 2432 ὀνόματί

240 2452 309 2476 σου,
323 2444 421 2477 Κύριε,
432 2442 477 2469 ὅτι
489 2442 614 2476 ἀγαθόν·
632 2442 787 2476 σαςρὲστατα
814 2442 861 2468 ἐπὶ
876 2443 921 2469 τοῦ
936 2444 1033 2479 παρόν-

240 2497 285 2520 τος
296 2489 346 2524 τῆς
364 2488 583 2524 ὲξομολογήσεως
608 2487 667 2513 ἀντὶ
688 2487 863 2523 εὐχαριστίας
886 2489 1030 2525 παραλαμ-

241 2533 401 2569 6ανομένης.
420 2533 477 2567 Ἐφ’
494 2530 535 2565 οἷς
548 2532 603 2568 γὰρ
617 2532 649 2559 ὲκ
659 2532 750 2567 πάσης
765 2532 881 2568 θλίψεως
894 2534 1026 2571 ὲρῤύσθη,

241 2580 287 2606 καὶ
315 2580 344 2605 ὲν
369 2580 425 2610 τοῖς
456 2577 562 2613 ἐχθροῖς
590 2577 672 2604 αὑτοῦ
706 2578 810 2604 ἐπεῖδεν
842 2578 855 2605 ὁ
886 2578 1026 2615 ὀφθαλμὸς

240 2625 333 2656 αὑτοῦ,
354 2625 399 2651 ἐπὶ
426 2623 530 2655 τούτοις
558 2623 731 2659 εὐχαριστίας
757 2624 924 2659 ἀναπέμπει,
955 2628 1001 2653 καὶ
1026 2628 1075 2659 τὰς

213 2670 233 2681 ’⁸
241 2671 280 2706 τῷ
292 2671 360 2706 Θεῷ.

258 2717 313 2743 ΕΙΣ
332 2717 375 2743 ΤΟ
395 2716 504 2742 ΤΕΛΟΣ
533 2716 742 2777 gangliis,
764 2716 948 2749 ΣΥΝΕΣΕΩΣ,
966 2719 1009 2744 'm

283 2797 447 2826 ’Eru’mo’al,
460 2797 476 2822 o'
489 2795 571 2827 Θεὸς,
583 2795 640 2829 τὴν
654 2797 830 2831 προσευχήν
841 2806 911 2831 μου,
928 2797 975 2824 καὶ
983 2797 1026 2831 μὴ

241 2842 387 2876 ὑπερίδῃς
400 2842 454 2875 τὴν
469 2842 576 2876 δέησίν·
587 2852 656 2877 μου.
686 2844 730 2876 Ὠς
746 2844 795 2879 μὲν
812 2845 879 2880 πρὸς
892 2844 940 2880 τὴν
955 2846 1026 2872 ἱστο-

279 2901 302 2916 "
321 2900 393 2927 Psal.
413 2908 486 2932 χιιι,
511 2901 554 2929 Μ.

1082 2310 1177 2346 ﬂlebor
1199 2310 1300 2337 nomini
1320 2315 1375 2344 tuo,
1404 2309 1527 2343 Domine,
1550 2311 1674 2345 quoniam
1700 2310 1795 2337 bonum
1821 2312 1870 2335 est.

1081 2355 1264 2391 Apertissime
1280 2360 1372 2383 autem
1390 2355 1417 2382 in
1439 2356 1568 2391 praesenti
1587 2355 1724 2383 confessio
1738 2362 1789 2389 pro
1809 2361 1872 2389 gra-

1082 2403 1182 2429 tiarum
1194 2402 1304 2429 actione
1318 2401 1463 2436 accipitur.
1477 2401 1546 2435 Quia
1562 2402 1634 2429 enim
1647 2409 1680 2429 ex
1695 2400 1769 2428 omni
1783 2401 1871 2429 tribu-

1082 2446 1184 2473 latione
1206 2450 1319 2481 ereptus
1346 2450 1398 2480 est,
1421 2451 1449 2474 et
1477 2454 1559 2481 super
1586 2446 1711 2474 inimicos
1731 2453 1797 2474 suos
1824 2446 1871 2473 de-

1084 2492 1173 2526 spexit
1187 2492 1286 2519 oculus
1301 2492 1399 2526 ipsius,
1414 2492 1565 2527 gratiarum
1583 2493 1705 2521 actiones
1719 2492 1831 2524 emittit,
1841 2486 1871 2518 ret

1082 2537 1235 2564 voluntaria
1271 2537 1409 2565 sacriﬁcia
1447 2545 1477 2565 se
1513 2538 1683 2566 redditurum
1710 2537 1765 2565 Deo
1791 2537 1871 2572 polli-

1080 2587 1168 2610 cetur.

1102 2629 1150 2656 τοῦ
1170 2630 1351 2665 ἐκουσιασμοῧ
1376 2630 1469 2662 θυσίας
1497 2630 1691 2664 ἐπαγγέλλεται
1721 2628 1871 2655 ἀποδώσειν

1121 2721 1144 2747 Ι.
1167 2721 1199 2748 ΙΝ
1220 2721 1325 2749 FINEM
1339 2743 1345 2754 ,
1368 2722 1400 2749 IN
1428 2722 1576 2753 llYMNlS,
1597 2721 1836 2751 INTELLECTUS

1369 2757 1484 2784 DAVIDI
1505 2757 1572 2784 LIV.

1119 2801 1201 2829 Vens.
1217 2802 1253 2829 2-
1265 2804 1290 2830 6.
1322 2803 1439 2835 Exaudi,
1466 2803 1547 2835 Deus,
1571 2805 1717 2831 orationem
1734 2813 1830 2837 meam,
1846 2810 1870 2832 et

1082 2855 1113 2874 ne
1126 2847 1276 2881 despexeris
1297 2849 1504 2882 deprecationem
1532 2860 1625 2878 meam.
1648 2851 1803 2879 Secundum
1828 2852 1870 2879 hi-
