4098 6424
407 419 520 476 473
1546 415 1686 472 εον
1697 417 1739 469 Μ
1751 412 1975 470 ΕΝΤΑΒ
1987 413 2025 466 li

2091 411 2156 466 ΙΝ
2195 409 2537 469 PSALMOS.
3575 420 3681 475 ιτι

411 535 503 587 τὸν
528 533 770 605 εἴληφεν,
818 535 878 602 ἐξ
908 536 1080 606 αὐτῆς
1107 535 1381 590 δείκνυται
1429 534 1530 605 τῆς
1559 535 1818 605 ἱστορίας.
1875 531 1984 584 Καὶ
2014 544 2029 588 Α

2089 534 2228 582 state
2255 527 2465 581 habuit.
2535 527 2599 581 Et
2629 527 2684 581 in
2707 517 3065 598 sequentibus
3097 527 3252 585 addit
3285 550 3298 584 :
3329 527 3529 586 Molliti
3558 544 3681 584 sunt

413 623 621 694 προϊὼν
653 624 710 677 δὲ
739 624 1014 693 ἐπιλέγεινο
1054 626 1512 692 Ἡπαλύνθησαν
1544 627 1598 677 οἱ
1616 624 1784 693 λόγοι
1805 620 1992 675 αὐτοῦ

2096 635 2360 672 sermones
2376 618 2490 687 ejus
2509 634 2665 687 super
2687 618 2882 682 oleum,
2901 630 2949 672 et
2978 621 3078 688 ipsi
3093 630 3215 674 sunt
3232 620 3443 690 jacula.
3478 621 3682 687 Quem-

413 712 569 780 ὑπὲρ
594 714 824 778 ἔλαιον,
850 715 949 768 καὶ
969 713 1142 769 duro!
1173 717 1292 767 εισι
1335 712 1604 779 βολίδες.
1636 713 1769 765 Τίνα
1805 707 1899 765 οὖν
1927 711 1992 764 άν

2095 722 2222 760 nam
2258 705 2504 775 proferre
2535 709 2663 777 quis
2692 709 2872 763 valeat
2899 710 2992 779 qui
3035 710 3150 764 haec
3183 710 3237 764 in
3277 710 3531 765 Davidem
3564 727 3684 780 ege-

412 821 498 866 τις
523 803 635 874 ἔχοι
674 803 842 870 δεῖξαι
869 805 959 857 τὸν
987 805 1159 858 ταῦτα
1185 805 1264 875 τῷ
1291 804 1450 858 Δαυῒδ
1481 803 1849 874 πεποιηκὸτα;
1905 801 1994 866 Ἐξ

2095 798 2200 851 rit?
2229 797 2303 850 Ex
2331 799 2534 868 quibus
2557 800 2814 853 omnibus
2847 806 3058 855 aestimo
3089 817 3198 854 non
3236 817 3396 870 posse
3427 801 3494 855 ad
3526 800 3683 855 Davi-

413 889 489 948 ὧν
514 895 771 948 ἁπάντων
800 895 1039 966 ἡγοῦμαι
1085 897 1158 968 μὴ
1211 896 1394 967 χώραν
1429 896 1574 967 ἔχειν
1619 894 1991 966 ἀναφέρεσθαι

2093 890 2179 944 dis
2207 906 2496 957 personam
2544 892 2656 946 haec
2689 891 2918 959 referri;
2960 893 3055 948 sed
3109 894 3428 963 prophetica
3459 895 3511 947 vi
3540 895 3680 948 arbi-

413 988 483 1041 τά
519 987 855 1058 προκείμενα
888 989 982 1041 ἐπὶ
1006 990 1070 1041 τὸ
1094 991 1188 1042 τοῦ
1219 990 1382 1045 Δαυῖδ
1410 991 1699 1060 πρόσωπον
1723 1007 1738 1020 ο
1777 1007 1993 1061 προφη-

2093 990 2210 1035 tror
2261 983 2407 1036 dicta
2458 997 2602 1045 esse,
2655 993 2710 1035 et
2759 985 2812 1036 in
2869 999 2977 1037 uno
3008 983 3291 1038 Salvatore
3347 995 3401 1038 et
3448 984 3679 1040 Domino

413 1083 541 1150 ττκῇ
573 1081 630 1132 δὲ
657 1077 812 1152 οἶμαι
833 1082 1060 1152 δυνάμει
1087 1083 1333 1152 λελέχθαι
1369 1083 1506 1136 αὐτὰ
1531 1121 1544 1145 ,
1576 1085 1668 1138 καὶ
1707 1084 1801 1136 ἐπὶ
1833 1083 1992 1153 μόνον

2092 1083 2284 1128 nostro
2313 1075 2604 1142 completa,
2634 1074 2858 1144 quando
2890 1073 3132 1130 Judaicze
3161 1077 3340 1145 gentis
3376 1077 3677 1147 principes,

413 1169 505 1222 τδν
538 1171 764 1242 Σωτῆρα
787 1173 883 1226 καὶ
913 1171 1115 1242 Κύριον
1141 1173 1295 1243 ἡμῶν
1319 1173 1668 1241 συνίστασθαι
1695 1173 1991 1242 πεπληρω-

2091 1168 2480 1239 Hierosolyma?
2505 1170 2559 1221 in
2577 1185 2745 1222 unum
2769 1169 3108 1239 congregati,
3127 1184 3450 1223 consessum
3475 1185 3539 1223 ac
3553 1185 3681 1223 con-

415 1259 574 1329 μένα,
599 1263 710 1325 ὅτε,
741 1265 880 1316 κατά
900 1265 960 1316 τὸ
994 1264 1125 1316 αὐτὸ
1147 1265 1500 1333 συναχθέντες
1519 1266 1568 1318 ot
1595 1266 1688 1320 τοῦ
1725 1265 1990 1319 Ἰουδαίων

2091 1261 2274 1316 silium
2328 1261 2604 1322 inierunt,
2632 1260 2908 1328 quomodo
2943 1275 3066 1314 eum
3100 1261 3391 1329 perderent
3429 1279 3441 1314 :
3490 1261 3543 1314 in
3569 1275 3679 1330 quo

413 1350 599 1416 ἔθνους
655 1352 915 1423 ἄρχοντες
970 1355 1060 1406 ἐπὶ
1109 1355 1210 1425 τῆς
1273 1355 1650 1427 Ἰερουσαλὴμ,
1715 1357 1991 1428 συνέδριον

2091 1352 2183 1404 alii
2212 1350 2432 1420 quidem
2471 1351 2671 1421 capitis
2697 1351 3064 1414 damnabant;
3099 1351 3190 1404 alii
3221 1351 3584 1412 obsistebant,
3621 1359 3678 1405 ut

329 1477 338 1486 η
411 1443 744 1514 ἐποιήσαντο
763 1446 859 1498 καὶ
890 1445 1103 1514 σκέψιν,
1147 1447 1294 1510 ὅπως
1326 1448 1490 1500 αὐτὸν
1520 1448 1856 1502 ἀπολέσωσιν
1878 1465 1892 1478 ·
1930 1451 1947 1500 ἐ

2091 1443 2423 1497 Nicodemus
2444 1442 2538 1510 qui
2567 1441 2786 1494 dicebat
2815 1460 2830 1496 :
2869 1439 3124 1510 Nunquid
3151 1442 3234 1494 lea:
3259 1451 3446 1495 nostra
3464 1441 3677 1510 judicat

409 1527 456 1600 ᾧ
483 1535 534 1586 οἱ
568 1536 665 1604 μὲν
709 1535 936 1591 θάνατον
968 1538 1134 1591 αὐτοῦ
1183 1539 1624 1610 κατεψηφίσαντο
1643 1557 1656 1570 ·
1698 1540 1905 1611 ἕτεροι
1934 1540 1991 1593 δὲ

2091 1535 2376 1597 hominem,
2409 1535 2515 1588 nisi
2543 1535 2692 1602 prius
2717 1533 2948 1587 audierit
2984 1534 3048 1587 ab
3074 1535 3185 1601 ipso
3208 1535 3254 1565 "
3272 1537 3297 1589 ?
3341 1532 3465 1588 Haec
3493 1535 3687 1602 itaque

410 1629 716 1697 ἀντέλεγον,
773 1631 850 1692 ὡς
900 1632 929 1683 ὁ
977 1631 1282 1701 Νικόδημος
1338 1631 1542 1698 λέγων·
1590 1630 1688 1699 Μὴ
1732 1635 1766 1685 ὁ
1809 1633 1993 1700 νόμος

2093 1628 2407 1698 prophetico
2439 1628 2679 1695 Spiritus
2722 1634 2950 1681 sanctus
2986 1627 3139 1681 hisce
3183 1627 3370 1681 verbis
3417 1627 3677 1680 vaticina-

412 1715 582 1784 ἡμῶν
601 1720 942 1785 κατακρίνει
970 1719 1077 1772 τὸν
1113 1720 1448 1788 ἄνθρωπον,
1483 1723 1536 1774 ει
1550 1722 1636 1789 μή
1668 1739 1722 1774 τι
1755 1721 1992 1788 ἀκούσῃ

2093 1731 2200 1778 tur.
2238 1721 2503 1787 Quoniam
2529 1720 2636 1773 vidi
2667 1719 2999 1788 iniquitatem
3025 1727 3073 1772 et
3116 1717 3588 1770 contradictionem
3620 1716 3677 1769 in

411 1807 546 1875 παρ’
573 1808 799 1872 αὐτοῦ;
833 1811 996 1864 Ταῦτ’
1043 1807 1136 1865 οὖν
1171 1811 1528 1882 προφητικῶς
1557 1813 1618 1865 τὸ
1672 1812 1896 1883 Πνεῦμα
1927 1813 1990 1865 τὸ
2023 1869 2029 1883 Ι

2092 1814 2304 1868 civitate
2340 1812 2425 1865 die
2468 1829 2530 1864 ac
2572 1820 2739 1865 nocte.
2788 1811 2987 1881 Aperte
3033 1824 3196 1878 porro
3229 1793 3506 1877 Evangelii
3544 1806 3680 1861 scri-

411 1869 568 1962 ἅγιον
598 1869 954 1962 ἀποθεσπίξει
985 1898 1073 1952 διὰ
1105 1869 1612 1971 τῶνιπροκειμένων
1640 1902 1797 1969 λέγον
1813 1869 1833 1931 ἰ
1859 1903 1989 1955 Ὅτι
2022 1869 2029 1923 1

2092 1911 2248 1973 ptura
2277 1901 2617 1971 prophetiam
2645 1869 2860 1960 asserit,
2886 1898 2999 1951 haec
3024 1869 3091 1951 de.
3113 1869 3552 1964 proditorevJuda
3585 1909 3679 1947 ac-

405 1981 571 2054 εἶδον
591 1987 850 2056 ἀνομίαν
870 1991 967 2042 καὶ
988 1991 1340 2061 ἀντιλογίαν
1365 1993 1436 2044 ἑν
1463 1992 1537 2060 τῇ
1563 1995 1735 2046 πόλει
1765 1992 1990 2061 ἡμέρας

2090 1994 2298 2063 cipicns
2320 2032 2335 2056 ,
2386 1993 2449 2046 Si
2472 1991 2719 2044 inimicus
2743 2006 2888 2043 meus
2920 1986 3285 2041 maledixisset
3328 1985 3480 2048 mihi,
3518 1987 3680 2039 susti-

408 2076 506 2130 καί
529 2080 770 2144 νυκτός.
804 2081 996 2150 Σαφῶς
1017 2082 1074 2143 δὲ
1115 2085 1210 2135 καὶ
1243 2085 1276 2153 ἡ
1302 2084 1395 2137 τοῦ
1435 2085 1768 2152 Εὐαγγελίου
1802 2084 1988 2156 γραφὴ

2090 2086 2320 2138 nuissem
2336 2083 2516 2151 utique
2542 2097 2559 2134 :
2590 2090 2639 2134 et
2665 2082 2710 2133 si
2736 2081 2780 2133 is
2803 2081 2892 2149 qui
2923 2079 3107 2132 oderat
3135 2094 3236 2141 me,
3269 2092 3426 2146 super
3451 2092 3534 2130 me
3558 2093 3676 2129 ma—

412 2172 678 2241 μαρτυρεῖ
721 2175 787 2242 τῇ
839 2175 1182 2246 προφητείᾳ,
1221 2176 1314 2228 ἐπὶ
1342 2175 1434 2228 τὸν
1481 2177 1746 2247 προδότην
1787 2175 1988 2229 Ἰούδαν

2089 2193 2194 2246 gna
2255 2177 2463 2230 locutus
2525 2174 2750 2242 fuisset,
2788 2171 3179 2225 obscondissem
3227 2187 3315 2227 me
3354 2169 3581 2238 forsitan
3610 2168 3676 2221 ab

371 2272 380 2277 '
408 2259 712 2315 ὲκλαόοὖσα
734 2261 816 2324 τὸ,
840 2263 909 2315 Et
940 2268 973 2317 ό
1005 2263 1220 2332 ἐχθρὸς
1248 2264 1524 2317 ὠνείδισέ
1541 2281 1619 2332 με
1637 2306 1651 2330 ,
1677 2264 1989 2333 ὑπήνεγκα

2089 2283 2166 2320 eo.
2236 2266 2315 2319 Tu
2345 2281 2463 2319 vero
2492 2264 2648 2317 Itonia
2692 2262 2996 2324 unanimis,
3050 2268 3104 2315 et
3129 2269 3349 2316 caatera.
3405 2259 3676 2324 Quoniam

405 2350 511 2402 ἄν·
547 2350 648 2406 καὶ
677 2353 734 2404 εί
755 2353 790 2405 ‘d
811 2350 1012 2420 μισῶν
1039 2370 1139 2422 με.
1169 2354 1262 2406 ἐπ’
1293 2353 1399 2422 ἐμὲ
1434 2355 1990 2424 ἐμεταλορῤημόνη-

2089 2370 2220 2424 ergo
2248 2355 2542 2410 verborum
2581 2353 2778 2406 seriem
2811 2367 2919 2404 non
2948 2350 3055 2404 alio
3088 2349 3271 2413 modo,
3305 2364 3469 2419 quam
3499 2351 3553 2402 in
3582 2350 3677 2403 ad-

403 2457 536 2505 σεν,
564 2441 829 2511 ἐκρύϐην
859 2442 939 2496 ἂν
964 2444 1066 2498 ἀπ’
1089 2443 1300 2498 αὑτοῦ.
1333 2445 1414 2498 Σὺ
1443 2445 1531 2508 δὲ,
1568 2446 1841 2514 ἄνθρωπε
1871 2449 1990 2499 ἰσό-

2089 2446 2278 2501 missis
2319 2452 2512 2499 contra
2573 2441 2914 2497 Salvatorem
2965 2441 3344 2503 facinoribus,
3397 2440 3675 2510 impletam

403 2535 586 2601 ψυχε,
612 2534 706 2587 καὶ
735 2533 803 2586 τὰ
844 2533 990 2604 ἑξῆς.
1040 2535 1193 2588 Ἐπεὶ.
1222 2537 1404 2588 τοίνυν
1450 2537 1544 2588 καὶ
1584 2539 1616 2606 ή
1673 2538 1989 2606 σύμφρασις

2089 2550 2213 2590 esse
2239 2534 2664 2604 comprobatur;
2711 2541 2877 2601 atque
2906 2532 3236 2602 evangelicae
3279 2531 3564 2587 sententia:
3598 2538 3679 2585 te-

403 2619 512 2674 τῷν
537 2621 710 2688 λόγων
748 2623 849 2676 οὐκ
894 2624 1068 2685 ἄλλως
1112 2623 1506 2694 πεπληρῶσθαι
1543 2625 1983 2694 ἀποδείκνυταιῆ

2149 2625 2407 2679 imonium
2464 2631 2822 2678 memoratam
2877 2624 3128 2678 lectionis
3162 2631 3374 2693 partem
3408 2623 3476 2676 ad
3500 2623 3677 2692 prodi-
3759 2643 3767 2654 ·

401 2711 490 2763 διὰ
510 2711 616 2763 τῶν
643 2714 723 2774 εἰς
745 2711 836 2764 τὸν
863 2712 1091 2780 Σωτῆρα
1114 2713 1543 2781 πεπραγμένων,
1567 2713 1602 2781 ἦ
1622 2729 1682 2764 τε
1715 2714 1987 2784 μαρτυρία

2089 2725 2262 2768 torem
2291 2715 2488 2778 refert;
2519 2723 2950 2768 consentaneum
2984 2729 3118 2769 sane
3141 2713 3308 2768 fuerit
3327 2728 3430 2767 nos
3457 2728 3678 2782 quoque

402 2803 502 2871 τῆς
529 2801 890 2870 εύαγγελικῆς
919 2803 1276 2872 παραθέσεως
1303 2804 1396 2855 ἐπὶ
1432 2804 1524 2855 τὸν
1550 2804 1814 2874 προδότην
1859 2805 1989 2856 ἀνα-

2088 2801 2156 2854 de
2179 2809 2426 2871 tempore
2449 2799 2720 2855 Salutaris
2749 2800 3026 2870 passionis
3046 2801 3187 2854 hanc
3210 2799 3551 2870 prophetiam
3583 2815 3679 2853 ac-

404 2891 558 2959 φέρει
580 2889 640 2941 τὸ
664 2887 956 2958 προλεχθὲν
999 2889 1164 2958 μέρος
1208 2887 1304 2940 τοῦ
1345 2887 1807 2958 ἀναγνώσματος’
1859 2889 1988 2941 ἀκό-

2088 2905 2292 2958 Cipere,
2309 2902 2474 2959 atque
2503 2897 2941 2944 commonstrare
2967 2889 3180 2958 singula
3215 2889 3290 2943 ibi
3325 2889 3510 2953 allata,
3540 2896 3679 2942 teni»

404 2976 593 3028 λουθον
619 2977 684 3028 ἂν
719 2976 802 3045 εἴη
829 2976 924 3028 καὶ
948 2977 1095 3045 ἡμᾶς
1124 2977 1218 3030 ἐπὶ
1241 2977 1334 3030 τὸν
1365 2977 1554 3048 καιρὸν
1585 2978 1678 3031 τοῦ
1706 2977 1985 3050 Σωτηρίου

2088 2995 2221 3050 pore
2247 2980 2572 3035 insidiarum
2602 2987 2796 3034 contra
2826 2979 3166 3033 Salvatorem
3196 2985 3446 3033 nostrum
3466 3017 3480 3041 ,
3517 2978 3676 3033 ﬁnem

405 3066 610 3128 πάθους
637 3067 736 3136 τὴν
764 3064 1044 3136 παροῦσαν
1069 3067 1318 3120 ἐκλαϐεῖν
1345 3067 1702 3137 προφητείαν,
1729 3068 1899 3133 δεῖξαί
1925 3086 1984 3122 τε

2089 3071 2390 3139 accepisse.
2424 3057 2807 3140 lnScriptionis
2840 3071 3024 3138 itaque
3051 3067 3215 3123 verba
3237 3068 3350 3137 jam
3382 3069 3450 3122 ad
3477 3067 3679 3122 intelli-

403 3157 612 3220 ἕκαστα
643 3155 750 3208 τῶν
785 3158 842 3209 ὲν
874 3155 1046 3228 ταύτῃ
1068 3157 1380 3227 φερομένων
1411 3159 1468 3210 ἐν
1510 3157 1686 3228 καιρῷ
1715 3159 1814 3227 τῆς
1844 3158 1984 3212 κατά
2013 3203 2021 3246 γ

2090 3163 2326 3231 gentiam
2361 3163 2633 3217 dictorum
2682 3177 2784 3215 nos
2831 3167 3151 3230 provocant,
3188 3169 3353 3230 atque
3401 3160 3470 3214 ad
3517 3159 3677 3214 ﬁnem

401 3245 496 3298 τοῦ
526 3246 774 3318 Σωτῆρος
798 3246 954 3316 ⁴ἡμῶν
981 3246 1272 3317 ὲπιδουλῆς
1301 3247 1487 3310 τέλους
1512 3249 1868 3318 τετυχηκότα.
1906 3250 1988 3302 Τά

2090 3253 2393 3316 remittunt,
2428 3253 2558 3322 quia
2593 3252 2707 3305 hazc
2741 3252 2794 3305 in
2821 3251 3300 3306 consummatione
3331 3252 3516 3306 saeculi
3559 3251 3678 3327 ipso

405 3334 504 3404 μὲν
550 3330 644 3387 οὖν
688 3335 787 3404 τῆς
817 3335 1141 3405 προγραφῆς
1185 3337 1280 3388 καὶ¹
1327 3335 1422 3388 νῦν
1463 3337 1610 3406 ἡμᾶς
1642 3337 1736 3390 ἐπὶ
1772 3337 1988 3391 σύνεσιν

2089 3357 2258 3413 Opere
2292 3342 2535 3413 perfecta
2571 3351 2720 3397 sunt.
2786 3340 3002 3394 Dictum
3036 3355 3165 3395 vero
3194 3349 3315 3405 est,
3350 3342 3405 3394 in
3429 3340 3678 3410 hymnis;

401 3425 655 3497 διεγείρει
683 3426 792 3480 τῶν
830 3427 1240 3499 ἐμφερομένων,
1283 3428 1377 3480 καὶ
1405 3430 1486 3490 είς
1518 3429 1580 3481 τὸ
1611 3429 1764 3492 τέλος
1786 3430 1844 3483 δὲ
1879 3447 1987 3482 πα-

2090 3437 2226 3497 sive,
2264 3435 2568 3490 secundum
2601 3433 2888 3503 Aquilam,
2925 3433 2980 3486 in
3009 3433 3268 3500 psalmis;
3304 3433 3454 3497 sive,
3481 3447 3681 3487 secun-

405 3518 707 3588 ραπέμπει,
741 3517 829 3570 διὰ
853 3518 915 3570 τὸ
943 3519 1034 3570 ἐπὶ
1057 3519 1338 3589 συντελείᾳ
1365 3517 1460 3571 τοῦ
1489 3518 1685 3581 αἰῶνος
1711 3519 1780 3572 δι’
1807 3519 1990 3591 ἔργων

2092 3528 2222 3581 dum
2257 3525 2670 3596 Symmachum,
2705 3538 2797 3592 per
2824 3524 3082 3592 psalteria
3105 3563 3119 3586 ,
3159 3524 3287 3592 quia
3314 3522 3438 3576 ﬁnis
3465 3523 3680 3591 passio-

405 3607 546 3660 αὐτὰ
573 3606 986 3679 πεπληρῶσθαι.
1015 3609 1244 3680 Εἴρηται
1301 3609 1358 3661 δὲ
1406 3609 1502 3662 καὶ
1540 3610 1611 3662 ἐν
1647 3610 1892 3677 ὕμνοις-ο
1925 3611 1980 3680 ἢ,

2091 3618 2179 3672 nis
2209 3616 2502 3675 Salutaris,
2531 3611 2770 3684 propter
2791 3614 3256 3668 resurrectionem
3290 3627 3354 3666 ac
3377 3612 3682 3681 redempto-

407 3697 548 3752 κατά
577 3700 666 3752 τὸν
709 3700 961 3764 Ἀκύλαν,
990 3703 1059 3754 ἐν
1095 3702 1357 3770 ψαλμοῖς
1379 3720 1392 3734 ο
1422 3704 1479 3773 ἢ,
1509 3703 1652 3756 κατὰ
1704 3705 1794 3757 τὸν
1834 3705 1982 3775 Σύμ-

2091 3723 2214 3762 rum
2239 3707 2495 3769 salutem,
2530 3704 2769 3774 hymnis,
2795 3702 3071 3772 psalteriis
3093 3709 3146 3754 et
3179 3700 3410 3755 canticis
3435 3700 3683 3756 celebra-

409 3806 599 3860 μαχον,
633 3789 730 3843 διὰ
757 3791 1106 3858 ψαλτηρίων
1123 3807 1136 3822 ·
1174 3791 1363 3862 ἐπειδὴ
1389 3792 1449 3844 τὸ
1477 3793 1630 3854 τέλος
1655 3793 1748 3846 τοῦ
1780 3794 1986 3860 πάθους

1608 3810 1630 3854 ς
1655 3793 1748 3846 τοῦ
1780 3794 1986 3860 πάθους
2096 3805 2205 3850 tur.
2243 3795 2309 3848 Et
2342 3795 2459 3848 hac
2485 3793 2708 3863 quidem
2739 3793 2806 3847 de
2833 3793 3226 3861 inscriplione.-

405 3883 500 3936 τοῦ
530 3884 807 3954 Σωτηρίου
833 3883 1018 3954 ὓμνων
1039 3885 1131 3938 καὶ
1155 3883 1492 3955 ψαλτηρίων,
1535 3886 1630 3940 καὶ
1661 3886 1814 3956 ᾠδῶν
1863 3893 2078 3960 μετεῖχε
2139 3890 2240 3960 τῆς
2288 3904 2368 3940 τε⁴
2415 3886 2766 3949 ἀναστάσεως
2807 3887 2975 3940 αὐτοῦ
3037 3887 3200 3940 ἕνεκα
3233 3887 3329 3940 καὶ
3365 3887 3468 3958 τῆς
3507 3903 3682 3959 σωτη-

404 3977 540 4051 pta;
559 3977 666 4030 τῶν
694 3979 762 4029 δι’
791 3979 962 4048 αὐτῆς
987 3978 1428 4049 λελυτρωμένων.
1471 3981 1582 4033 Καὶ
1623 3980 1846 4034 τοιαῦτα
1888 3983 1986 4052 μὲν
2025 3985 2092 4036 τὰ
2120 3985 2216 4053 τῆς
2239 3981 2588 4052 προγραφῆς.

479 4070 562 4123 Τὰ
586 4072 643 4124 δὲ
669 4073 768 4141 τῆς
790 4073 1129 4141 προφητείας
1161 4071 1472 4143 παρακαλεῖ
1492 4073 1584 4125 τὸν
1625 4073 1760 4126 Θεὸν
1802 4075 1992 4128 ἐνωτί-

2167 4074 2322 4140 Quod
2350 4073 2690 4142 prophetiam
2723 4085 2854 4125 vero
2882 4078 3095 4140 spectat
3115 4110 3129 4135 ,
3167 4079 3322 4140 rogat
3357 4071 3525 4126 Deum
3547 4110 3562 4136 ,
3599 4071 3678 4126 uti

410 4162 607 4216 σασθαι
639 4163 732 4214 τοῦ
764 4162 1034 4231 λέγοντος,
1063 4164 1157 4216 καὶ
1191 4163 1335 4216 τοῦτ’
1362 4164 1511 4234 αὐτῷ
1549 4164 1766 4237 πρῶτον
1814 4184 1992 4238 παρα-

2099 4182 2157 4220 se
2187 4168 2497 4234 loquentem
2531 4160 2826 4224 exaudiat,
2861 4171 2914 4215 et
2946 4161 3048 4213 hoc
3075 4161 3311 4230 primum
3359 4161 3463 4215 sibi
3494 4160 3681 4214 confe-

412 4256 558 4324 σχεῖν
581 4271 594 4284 ’
626 4249 743 4308 εἶτα
773 4253 1042 4324 δεύτερον,
1073 4253 1276 4321 γνῶναι
1306 4254 1402 4325 τὴν
1432 4255 1519 4308 διά
1549 4256 1647 4327 τῆς
1679 4259 1989 4327 προσευχῆς

2099 4267 2212 4324 rat;
2243 4254 2508 4317 secundo,
2539 4262 2597 4308 ut
2625 4253 2872 4308 attendat
2904 4252 3271 4307 obsecrationi
3309 4267 3374 4308 ac.
3403 4253 3677 4322 supplicao

406 4343 873 4412 ἀναπεμπομένην
900 4343 1082 4412 δέησιν
1111 4343 1206 4394 καὶ
1239 4343 1520 4414 ἱκετηρίαν
1546 4381 1560 4406 ,
1599 4344 1672 4414 μὴ
1713 4344 1990 4414 ὑπεριδεῖν

2061 4340 2065 4369 ’
2098 4347 2232 4400 tioni
2263 4346 2332 4398 ab
2357 4359 2414 4399 se
2445 4359 2541 4412 per
2583 4343 2886 4397 orationem
2922 4340 3157 4403 emissaz,
3196 4355 3296 4395 nec
3325 4355 3444 4394 eam
3494 4340 3679 4409 despi-

408 4451 467 4487 τε
495 4434 665 4504 αὐτήν
687 4450 701 4463 °
735 4435 829 4486 καὶ
849 4435 1051 4506 τρίτον,
1081 4435 1181 4506 τὴν
1210 4433 1546 4487 κατάστασιν
1575 4433 1871 4488 θεάσασθαι
1895 4435 1988 4488 τοῦ

2150 4450 2232 4502 at;
2267 4436 2459 4498 tertio,
2494 4434 2706 4488 orantis
2750 4431 3001 4486 aﬂ‘ectum
3044 4431 3388 4494 consideret,
3418 4440 3470 4486 et
3497 4435 3570 4485 ita
3595 4433 3680 4487 di-
3761 4468 3768 4472 -

408 4525 508 4593 τὴν
542 4523 848 4596 προσευχὴν
872 4519 1306 4595 ἀναπέμποντος,
1341 4525 1435 4578 καὶ
1460 4524 1632 4588 οὕτως
1660 4525 1820 4578 αὑτὸν
1859 4543 1990 4579 κατ-

2094 4536 2295 4598 gnetur
2331 4541 2517 4580 aurem
2551 4523 2791 4594 prarbere
2813 4563 2827 4586 ,
2861 4536 3031 4593 quare
3061 4523 3141 4578 sic
3169 4523 3413 4588 claudit,
3456 4523 3674 4578 Intende

409 4614 639 4679 αξιῶσαι
670 4615 771 4685 τῆς
808 4615 1008 4668 ἑαυτοῦ
1039 4617 1208 4687 ἀκοῆς
1227 4634 1240 4646 ·
1277 4617 1358 4669 διὸ
1401 4617 1643 4684 ἐπιλέγει
1669 4633 1683 4648 ο
1714 4619 1990 4685 Πρόσχες

2095 4619 2223 4672 nimi
2269 4627 2318 4672 et
2365 4615 2562 4671 exaudi
2611 4630 2714 4669 me.
2765 4613 2901 4668 Nam
2945 4615 3038 4684 qui
3081 4616 3384 4668 orationem
3422 4614 3671 4681 eil'undit,

403 4723 509 4775 μοι
538 4706 638 4760 καὶ
672 4705 1040 4760 είσάκουσόν
1070 4724 1209 4775 μου.
1247 4709 1457 4778 ’Ὠσπερ
1489 4709 1597 4779 γάρ
1632 4709 1872 4762 δυσωπεῖ
1898 4709 1990 4762 τὸν

2093 4711 2249 4780 quasi
2278 4708 2389 4762 Deo
2415 4723 2536 4763 sese
2564 4705 3013 4775 conspiciendum
3038 4707 3307 4774 praabens,
3339 4706 3592 4759 obsecrat
3619 4715 3672 4760 et

410 4797 543 4850 Θεὸν
595 4797 784 4850 ἑαυτὸν
831 4797 1039 4862 δεικνὺς
1071 4799 1100 4850 ό
1136 4797 1234 4868 τὴν
1269 4801 1579 4870 προσευχὴν
1627 4799 1988 4870 ἀναπέμπων,

2095 4799 2172 4852 ait
2201 4799 2328 4867 ipsi,
2367 4795 2588 4850 Intende
2616 4797 2744 4848 mihi
2775 4813 2794 4849 :
2827 4803 3142 4863 statumque
3172 4810 3331 4849 suum
3365 4805 3554 4865 postea
3576 4797 3671 4852 de-

411 4889 506 4942 καὶ
550 4889 724 4958 λέγων
767 4889 846 4961 τῷ
880 4890 998 4961 Θεῷ
1018 4907 1031 4920 ο
1071 4891 1344 4960 Πρόσχες
1378 4909 1482 4959 μοι
1503 4907 1516 4920 ·
1567 4891 1665 4964 τὴν
1698 4891 1754 4944 δὲ
1799 4892 1990 4945 ἑαυτοῦ

2095 4891 2268 4944 clarat
2313 4891 2500 4944 uicens
2542 4909 2558 4944 :
2607 4887 2970 4943 Contristatus
3014 4903 3130 4940 sum
3180 4888 3234 4940 in
3292 4890 3670 4944 exercitatione

412 4978 743 5032 κατάστασιν
769 4981 1066 5053 παρίστησι
1095 4981 1187 5034 καὶ
1225 4980 1353 5050 ἑξῆς
1392 4981 1597 5050 λέγων·
1648 4982 1994 5050 Ἐλυπήθην

2095 4999 2231 5043 mea,
2263 4991 2310 5035 et
2341 4981 2684 5035 conturbatus
2716 4996 2834 5034 sum
2863 4998 2895 5032 a
2929 4996 3046 5033 race
3069 4979 3291 5042 inimici,
3318 4990 3366 5033 et
3397 4997 3430 5032 a
3456 4980 3682 5033 tribula-

410 5072 482 5124 ἐν
513 5068 588 5139 τῇ
613 5070 944 5141 ἀδολεσχίᾳ
968 5089 1111 5141 μου,
1144 5072 1241 5125 καὶ
1267 5071 1602 5142 ἐταράχθην
1631 5075 1750 5129 ἀπὸ
1790 5073 1994 5145 φωνῆς

2098 5075 2237 5127 tione
2279 5074 2591 5143 peccatoris.
2655 5071 2790 5126 Nam
2837 5073 3081 5126 dolorem
3111 5086 3270 5126 suum
3299 5071 3410 5125 Deo
3443 5072 3665 5125 exhibet

413 5163 651 5231 ἐχθροῦ,
679 5163 776 5216 καὶ
799 5163 918 5216 ἀπὸ
949 5166 1209 5234 θλίψεως
1232 5165 1603 5236 ἁμαρτωλοῦ.
1632 5165 1742 5237 Τὴν
1771 5165 1881 5238 γὰρ
1904 5166 1996 5218 λύ-

2101 5179 2316 5220 necnon
2373 5165 2847 5220 conturbationem
2871 5203 2886 5228 ,
2919 5172 2972 5218 et
2996 5178 3116 5217 eam
3143 5177 3306 5232 quam
3338 5169 3496 5218 vocat
3521 5179 3675 5217 exer-

415 5271 524 5324 πην
557 5252 750 5308 ἑαυτοῦ
780 5254 1017 5307 δείκνυσι
1045 5255 1123 5326 τῷ
1149 5255 1267 5326 Θεῷ
1297 5256 1390 5309 καὶ
1436 5256 1536 5328 τὴν
1575 5259 1820 5330 ταραχὴν
1840 5298 1857 5323 ,
1901 5260 1996 5313 καὶ

2099 5257 2452 5321 οἱιοιίοηιιιῐι,
2500 5263 2688 5326 utpote
2735 5271 2856 5325 qua:
2899 5254 3065 5325 digna
3124 5255 3234 5308 sint
3288 5253 3679 5324 conspecti-bus

412 5345 481 5416 ἥν
505 5361 668 5416 φησιν
691 5345 1002 5417 ἀδολεσχίαν
1027 5389 1042 5414 ,
1077 5348 1169 5402 καὶ
1200 5349 1276 5412 ὡς
1306 5347 1432 5414 άξια
1482 5349 1582 5419 τῆς
1627 5349 1820 5403 ἑαυτοῦ
1863 5348 1998 5404 θεω-

2098 5350 2240 5418 ejus.
2278 5349 2482 5418 Quare,
2517 5348 2628 5413 his,
2661 5350 2865 5418 inquit,
2893 5347 3132 5411 intende,
3169 5346 3444 5416 quomodo
3475 5346 3672 5400 contri-

416 5439 558 5509 ρίας.
588 5439 700 5503 Διὸ,
730 5438 959 5503 τούτοις,
1001 5440 1464 5517 φησὶνηπρόσχες,
1506 5442 1656 5506 ὅπως
1684 5440 1982 5512 ἐλυπήθην,

2100 5451 2278 5497 status
2310 5441 2437 5503 sim,
2475 5440 2754 5509 quomodo
2789 5439 3171 5505 conturbatus,
3206 5446 3262 5493 et
3289 5435 3681 5492 exercitatione

415 5530 563 5593 ὅπως
609 5531 938 5602 ἐταράχθην,
997 5531 1144 5594 ὅπως
1210 5531 1521 5604 ἀδολεσχίας
1589 5532 1992 5604 πεπλήρωμαι·

2100 5533 2341 5602 repletus
2377 5549 2390 5583 :
2429 5540 2593 5602 atque
2646 5531 2732 5585 his
2784 5529 3102 5599 acccptatis,
3147 5527 3346 5585 ezaudi
3390 5543 3495 5582 me.
3557 5525 3683 5581 Haec

415 5619 819 5692 ἁποδεξάμενός
864 5639 922 5676 τε
966 5622 1157 5690 ταῦτα,
1200 5623 1505 5678 ἐπάκουσόν
1561 5641 1683 5696 μου.
1735 5624 1897 5693 Λέγει
1942 5624 1997 5678 δὲ

2107 5638 2273 5695 ροιτο
2307 5613 2527 5695 5ρίι·ἱιιι’
2551 5622 2737 5679 divino
2769 5620 2981 5678 alllatus
3023 5621 3286 5693 propheta
3320 5622 3488 5689 dicit,
3537 5621 3682 5676 futu-

489 5778 537 5812 "
575 5777 734 5834 Joan.
763 5793 840 5833 vn
862 5817 878 5845 ,
911 5781 999 5836 Si.
