4098 6424
395 402 496 456 ΓΠ

1523 409 2029 466 COMMENTABIA
2066 410 2133 466 lN
2173 409 2517 468 PSALMOS.

3542 421 3648 477 478

390 513 498 576 θῶς
526 513 654 578 ἀξια
679 515 746 569 τά
785 517 923 570 κατά
939 518 1034 571 τοῦ
1061 519 1312 592 Σωτῆρος
1339 521 1592 594 δρώμενα
1631 523 1955 594 θεωροῦντα.

2063 539 2126 579 ac
2141 525 2386 591 quadam
2400 523 2662 580 terribilia
2679 523 3143 586 cernentes,verbi
3168 523 3344 594 gratia
3362 526 3648 598 insequen-

389 602 617 674 Νοήσεις
639 605 695 659 δὲ
715 605 783 658 τά
803 606 1070 676 λεγόμενα
1099 612 1162 663 ἐκ
1203 611 1644 682 παραδείγματος
1683 612 1789 665 τῶν
1825 613 1966 668 κατά

387 695 510 756 τοὺς
559 694 802 764 ὀνείρους
845 697 975 766 ἡμῖν
1035 699 1469 768 συμϐαινόντων·
1529 702 1652 754 ἐπεὶ⁵
1710 703 1970 768 πολλάκις

386 783 815 854 ὀνειρώττοντες,
857 788 1091 844 κᾶπειτά
1116 809 1237 845 τινα
1274 792 1508 863 ὁρῶντες
1533 794 1755 866 φοϐερὰ,
1805 795 1838 866 ἢ
1872 795 1970 865 θῆ-

388 891 489 945 ρας
511 873 826 940 διώκοντας,
855 876 890 948 ἢ
910 878 1135 949 ἑρπετὰ,
1155 879 1188 951 ἢ
1221 882 1511 952 πολεμίους
1530 884 1784 947 ἐπιόντας
1812 887 1963 955 ἡμῖν,

386 964 764 1036 θορυϐούμεθα
786 967 882 1038 τὴν
921 969 1098 1040 ψυχὴν
1128 972 1224 1026 καὶ
1255 972 1602 1043 ἐξιστάμεθα,
1636 973 1838 1044 τρόμου
1867 977 1961 1029 καὶ

385 1055 642 1123 ἀγωνίας,
660 1059 755 1111 καὶ
785 1058 1010 1129 ἱδρῶτος
1037 1062 1465 1132 ἐμπιπλάμενοι.
1492 1064 1649 1116 Κατά
1678 1065 1766 1117 τὸν
1795 1067 1957 1120 αὐτὸν

385 1146 512 1218 γὰρ,
551 1144 725 1218 οἶμαι,
765 1151 966 1221 τρόπον
1016 1154 1107 1205 καὶ
1152 1155 1251 1224 τὴν
1296 1155 1390 1207 τοῦ
1457 1157 1736 1227 προφήτου
1778 1157 1956 1228 ψυχὴν

383 1237 490 1292 τῶν
549 1239 774 1311 μηδέπω
828 1231 1145 1315 παρόντων,
1207 1246 1505 1316 μελλόντων
1555 1247 1612 1300 δὲ
1671 1249 1954 1316 γίγνεσθαι

2071 624 2154 671 tes
2174 616 2338 678 feras,
2367 616 2446 670 vel
2487 615 2698 684 reptilia
2719 655 2734 678 ,
2754 614 2837 670 vel
2861 613 3114 669 inimicos
3152 615 3444 681 irruentes,
3463 621 3652 676 animo

2071 707 2356 761 turbamur
2385 718 2438 762 et
2459 706 2928 776 obstupescimus,
2967 717 3200 770 terrore,
3237 711 3650 766 concertatione

2067 813 2132 851 ac
2157 798 2359 853 sudore
2388 797 2603 868 repleti.
2663 797 2869 853 Eodem
2897 797 3139 852 arbitror
3179 793 3345 853 modo
3373 801 3650 870 prophetae

2067 887 2328 950 animam,
2364 902 2487 956 quae
2516 886 2756 941 nondum
2790 887 3138 955 praesentium
3161 927 3176 950 ,
3210 887 3304 942 sed
3337 887 3648 944 futurarum

2068 993 2251 1032 rerum
2284 978 2812 1047 contemplationem
2843 993 3163 1046 expressam
3199 979 3502 1048 prophetici
3535 983 3648 1050 spi-

2066 1069 2206 1122 ritus
2237 1067 2437 1122 lumine
2467 1068 2522 1122 in
2554 1069 2753 1124 mentis
2769 1068 2945 1123 oculis
2971 1069 3329 1137 percipiebat,
3351 1069 3646 1134 turbatam,

2065 1167 2227 1230 atque
2255 1160 2326 1214 ob
2365 1160 2632 1214 malorum
2676 1175 2796 1228 quae
2826 1158 3040 1212 videbat
3076 1160 3550 1230 exsuperantiam,
3579 1162 3650 1215 ti-

2063 1264 2233 1311 more,
2260 1255 2408 1303 metu
2439 1255 2756 1318 terroreque
2785 1250 3045 1318 repletam
3074 1264 3215 1304 esse.

383 1329 741 1399 πραγμάτων,
800 1332 897 1403 τὴν
933 1333 1163 1404 θεωρίαν
1206 1338 1346 1406 φωτὶ
1388 1336 1480 1388 τοῦ
1525 1338 1864 1408 προφητικοῧ
1923 1339 2234 1410 πνεύματος
2293 1342 2407 1402 τοῖς
2448 1341 2549 1411 τῆς
2599 1339 2834 1402 διανοίας
2879 1338 3190 1408 ,ὀφθαλμοῖς
3239 1339 3647 1412 ἐντυπουμένην

382 1417 592 1488 ὁρῶντα
605 1421 951 1491 τεταράχθαι,
978 1424 1073 1477 καὶ
1089 1423 1253 1492 φόϐου
1283 1424 1374 1477 καὶ
1396 1425 1623 1491 δειλίας,
1649 1429 1744 1482 καὶ
1769 1430 1973 1500 τρόμου
2013 1429 2407 1499 πεπληρῶσθαι
2438 1429 2527 1483 διὰ
2554 1430 2653 1500 τὴν
2692 1431 2800 1484 τῶν
2834 1431 3222 1502 θεωρουμένων
3245 1432 3431 1485 κακῶν
3472 1434 3646 1504 ὑπερ-

382 1509 564 1582 ϐολήν.

450 1599 566 1656 Εἴθ’
591 1603 781 1675 ὥσπερ
815 1606 979 1676 μέσος
1001 1605 1336 1676 ἀποληφθεὶς
1362 1608 1470 1662 τῶν
1492 1606 1664 1662 ταῦτα
1682 1604 1958 1678 δρώντων,

385 1691 654 1763 μηδεμίαν
693 1711 752 1747 τε
785 1693 923 1765 ἔχων
956 1697 1268 1768 ἀποφυγὴν,
1305 1698 1439 1769 μηδὲ
1462 1699 1584 1751 ὅποι
1610 1698 1797 1758 κλίνας
1829 1696 1958 1748 ἐαυ-

323 1833 336 1846 ε
380 1781 472 1834 τὸν
490 1782 646 1845 ἐκτὸς
670 1782 780 1836 τῶν
812 1785 998 1846 κακῶν
1047 1787 1274 1854 γένοιτο,
1305 1785 1522 1860 εὔχεται
1559 1786 1828 1857 μετέωρος
1857 1786 1958 1857 ἀρ-

383 1869 560 1942 θῆναι,
595 1873 796 1942 πτηνός
822 1891 883 1927 τε
925 1875 990 1930 δι’
1026 1877 1185 1947 ἀέρος
1228 1879 1509 1947 ἐκφυγεῖν.
1552 1877 1642 1930 Διὸ
1681 1875 1955 1943 ἐπιλέγει·

449 2048 557 2101 Kal
577 2044 738 2102 εἶπα⁸
763 2051 857 2115 Τίς
871 2049 1048 2104 δώσει
1064 2069 1168 2119 μοι
1181 2051 1478 2122 πτέρυγας
1497 2052 1578 2118 ὡς
1587 2050 1958 2120 περιστερᾶς,

379 2140 476 2195 καὶ
528 2140 1002 2210 πετασθήσομαι,
1031 2143 1129 2197 καὶ
1181 2145 1580 2208 καταπαύσω;
1625 2144 1960 2216 Περιστερᾶς

378 2230 486 2300 γὰρ
513 2230 669 2300 δίκην
699 2231 910 2285 ἀκάκου
946 2232 1224 2304 πτέρυγας
1264 2235 1523 2303 ἐκφεῦξαι
1556 2235 1650 2288 καὶ
1682 2235 1958 2305 πετασθῆ-

377 2337 486 2383 ναι,
519 2320 596 2383 ὡς
629 2320 696 2375 ἂν
729 2321 892 2390 φύγοι
922 2325 990 2378 τά
1025 2326 1191 2389 κακά,
1226 2324 1399 2395 ἠξίου.
1435 2326 1643 2381 Οὐκοῦν
1688 2329 1780 2381 καὶ
1831 2328 1958 2398 περὶ
1995 2381 1997 2383 ,

377 2409 562 2463 τούτου
590 2410 848 2482 ἀνωτέρω
870 2412 1022 2480 ἔλεγε
1055 2414 1145 2480 τὸ,
1195 2415 1497 2470 Ἐνώτισαι
1521 2458 1536 2483 ,
1580 2420 1614 2470 ὁ
1643 2417 1806 2483 Θεὸς,
1845 2415 1959 2484 τὴν

377 2500 728 2567 προσευχήν
745 2519 886 2570 μου,
919 2503 994 2566 ὡς
1029 2503 1096 2558 ἂν
1122 2505 1272 2575 τύχοι
1297 2506 1585 2578 πτερύγων
1630 2509 1958 2578 περιστερᾶς

378 2598 470 2648 καὶ
496 2596 820 2668 πετασθείη·
855 2598 1032 2668 μόνως
1079 2599 1187 2669 γὰρ
1211 2599 1416 2663 οὕτως,
1464 2601 1558 2654 καὶ
1597 2601 1717 2653 οὐδὲ
1759 2601 1954 2665 ἄλλως,

378 2687 566 2759 πόρρω
596 2689 844 2756 γίνεσθαι
865 2692 964 2758 τῆς
994 2690 1102 2744 τῶν
1128 2690 1342 2745 ἀσεϐῶν
1373 2691 1578 2753 πόλεως
1624 2688 1736 2753 οἷός
1777 2708 1836 2743 τε
1865 2688 1953 2760 ἦν.

378 2779 533 2852 κατὰ
561 2779 618 2830 δὲ
638 2779 728 2832 τὸν
755 2779 1051 2849 Σύμμαχον
1074 2793 1088 2807 ·
1125 2777 1453 2833 Καὶεῖπονο
1490 2782 1584 2846 Τίς
1629 2780 1809 2834 δώσει
1852 2798 1955 2848 μοι

375 2869 670 2936 πτέρυγας
703 2871 783 2933 ὡς
810 2869 1182 2937 περιστερᾶς,
1214 2869 1588 2937 πετασθῆναι,
1610 2909 1625 2932 ,
1657 2870 1753 2922 καὶ
1787 2870 1956 2937 ἐδρα-

376 2957 598 3022 σθῆναι
618 2974 636 3020 ;
659 2960 860 3026 Πόρῤω
888 2959 964 3012 ἂν
989 2960 1250 3027 ἐποίησα
1274 2960 1387 3027 τὴν
1413 2959 1800 3030 ἀναχώρησίν
1812 2979 1953 3030 μου,

376 3041 706 3113 ηὺλιζόμην
728 3045 804 3099 ἂν
829 3048 898 3099 ἐν·
924 3047 1000 3115 τῇ
1037 3047 1255 3117 ἐρήμῳ.
1287 3047 1577 3118 Ἐξαίφνης
1623 3049 1688 3103 ἂν
1722 3051 1956 3120 ἐποίησα

2136 1602 2343 1661 Deinde
2367 1607 2527 1676 quasi
2555 1605 2769 1662 mcdius
2800 1607 3134 1679 interceptus
3163 1613 3253 1669 ille
3284 1614 3427 1670 intér
3455 1618 3646 1676 talium

2064 1693 2370 1750 facinorum
2405 1705 2680 1764 auctores,
2731 1714 2856 1755 cum
2892 1702 3101 1756 nullum
3135 1704 3444 1777 perfugium
3480 1708 3648 1766 habe-

2063 1793 2168 1849 ret,
2218 1801 2397 1855 neque
2443 1803 2553 1856 quo
2598 1789 2901 1846 declinaret
2948 1792 3017 1846 ab
3050 1793 3434 1864 ingruentibus
3463 1801 3642 1865 malis,

2063 1879 2320 1941 precatur
2343 1889 2404 1930 se
2427 1875 2716 1930 sublimem
2749 1879 2972 1944 elevari,
3008 1888 3171 1951 atque
3196 1884 3436 1944 volucris
3471 1888 3646 1946 instar

2062 1979 2162 2034 per
2186 1978 2366 2019 aerem
2393 1965 2652 2036 effugere.
2685 1967 3052 2034 Quamobrem
3085 1973 3161 2026 ait
3195 1993 3208 2028 :

2130 2051 2299 2109 Vens.
2333 2053 2406 2106 7-
2425 2054 2512 2110 l2.
2555 2054 2624 2108 Et
2646 2055 2763 2110 disci
2792 2073 2811 2110 :
2832 2058 2962 2124 Quis
2979 2059 3126 2114 dabit
3156 2064 3284 2116 milii
3307 2080 3506 2132 pennas
3534 2068 3646 2122 sic-

2061 2153 2119 2197 ut
2152 2145 2429 2209 columbas,
2457 2154 2508 2200 et
2541 2146 2746 2213 volabo,
2777 2157 2826 2202 et
2851 2151 3175 2219 requiescam
3197 2156 3223 2208 ?
3241 2154 3648 2213 Pennasinstal'

2060 2233 2324 2287 columba;
2353 2233 2590 2288 innoxiae
2621 2235 2688 2288 ad
2720 2234 3037 2306 fugiendum
3069 2247 3123 2294 et
3160 2241 3454 2297 volandum
3493 2255 3644 2314 pete-

2061 2323 2176 2389 bat,
2220 2330 2280 2376 ut
2309 2325 2468 2380 malis
2495 2341 2554 2382 se
2585 2327 2912 2397 proriperet.
2969 2329 3206 2401 ideoque
3252 2334 3510 2402 superius
3543 2335 3648 2391 hac

2059 2414 2127 2470 de
2157 2431 2322 2470 causa
2345 2417 2584 2482 dicebat,
2624 2418 2870 2484 Exaudi,
2906 2419 3046 2475 Deus
3067 2464 3082 2487 ,
3117 2425 3411 2479 orationem
3452 2443 3644 2490 meam,

2058 2517 2118 2562 ut
2143 2509 2258 2564 alas
2286 2510 2554 2566 columbae
2582 2512 2881 2576 obtineret,
2925 2522 2978 2568 et
3017 2517 3228 2572 volaret
3262 2537 3276 2573 :
3309 2519 3418 2574 hoc
3443 2520 3648 2592 quippe

2057 2597 2222 2650 modo
2248 2604 2483 2663 tantum,
2519 2607 2573 2654 et
2595 2616 2705 2654 non
2730 2603 2858 2666 alio,
2885 2618 2916 2656 a
2937 2605 3161 2660 civitate
3195 2607 3489 2676 impiorum
3518 2626 3649 2680 pro-

2057 2684 2148 2736 cul
2195 2685 2452 2739 recedere
2487 2695 2720 2754 poterat.
2764 2688 3078 2745 Secundum
3126 2693 3515 2762 Symmachum
3546 2713 3647 2754 au-

2055 2777 2164 2825 tem
2201 2789 2214 2824 :
2253 2771 2320 2823 Et
2348 2772 2463 2826 dixi
2495 2788 2514 2825 :
2547 2774 2680 2839 Quis
2704 2775 2854 2829 dabit
2877 2779 3004 2831 mihi
3023 2794 3221 2846 pennas
3239 2783 3647 2842 sicutcolumbw

2059 2861 2127 2913 ad
2157 2861 2439 2916 volantium
2467 2873 2517 2916 et
2557 2865 2933 2922 insidendum?
2981 2867 3156 2938 Longe
3196 2871 3440 2940 fecissem
3475 2890 3638 2930 seces-

2058 2952 2259 3005 sionem
2300 2968 2493 3017 meam,
2539 2955 2854 3009 mansissem
2886 2957 2940 3010 in
2969 2958 3277 3016 solitudine.
3339 2961 3646 3019 Confestim

2056 3039 2369 3110 ell‘ugissem
2401 3042 2650 3098 elevante
2679 3060 2765 3099 me
2796 3045 3022 3114 Spiritu;
3055 3047 3215 3118 longe
3243 3050 3446 3120 quippe
3476 3050 3644 3107 fecis—

374 3132 474 3202 τὴν
500 3133 748 3202 ἔκφευξίν
775 3153 875 3204 μου
912 3137 1020 3189 ἀπὸ
1044 3139 1354 3206 πνεύματος
1382 3141 1700 3209 ἐπαίροντος
1721 3157 1733 3170 ·
1766 3139 1955 3212 πόρῤω

2059 3145 2173 3185 sem
2209 3132 2576 3187 secessionem
2617 3149 2816 3196 meam,
2851 3135 2950 3199 ait,
3009 3137 3057 3190 si
3104 3139 3222 3194 alas
3261 3140 3642 3206 obtinuisscm,

373 3223 485 3294 γὰρ
513 3223 578 3277 ἂν
606 3225 854 3295 ἐποίησα,
888 3229 1040 3296 φησι,
1070 3227 1170 3299 τὴν
1195 3227 1542 3300 ἀναχώρησιν
1578 3245 1678 3297 μου
1701 3269 1715 3288 ,
1751 3231 1799 3282 εί
1833 3229 1955 3281 έτυ-

2060 3219 2275 3291 l’ugiens
2304 3222 2372 3276 ab
2397 3223 2464 3278 iis
2495 3225 2588 3294 qui
2614 3224 2730 3294 jam
2763 3224 2909 3279 dicta
2959 3229 3180 3298 aggredi
3214 3231 3522 3294 audebant,
3559 3241 3646 3286 at-v

374 3331 468 3388 χον
489 3317 796 3386 πτερύγων,
823 3317 1038 3387 φεύγων
1061 3319 1189 3381 τοὺς
1210 3320 1280 3373 τὰ
1306 3319 1673 3391 προλεχθέντα
1714 3319 1957 3390 τολμῶν-

373 3423 492 3470 τας,
531 3407 748 3470 καὶτὰς
789 3410 1027 3479 ἐρήμους
1067 3411 1263 3480 μᾶλλον
1289 3413 1385 3482 τῆς
1409 3411 1708 3483 εἰρημένης
1748 3412 1956 3475 πόλεως

374 3497 703 3568 προετίμων.
735 3499 920 3562 Οὕτως
945 3517 1006 3552 τε
1036 3502 1092 3552 ἐν
1117 3504 1181 3572 τῇ
1223 3503 1415 3574 ἐρήμῳ
1457 3501 1726 3570 γεγονὼς,
1771 3517 1956 3570 προσ-

373 3585 669 3655 εδεχόμην
701 3586 777 3640 ἂν
801 3588 906 3640 τὸν
941 3587 1203 3648 σώζοντά
1232 3607 1308 3657 με
1349 3590 1465 3644 ἀπὸ
1513 3588 1623 3658 τῆς
1652 3591 1954 3661 γενομένης

378 3692 468 3746 μοι
515 3677 914 3745 ὀλιγοψυχίας
935 3717 950 3740 ,
986 3678 1084 3731 καί
1118 3679 1237 3736 ἀπὸ
1261 3678 1371 3746 τῆς
1416 3665 1832 3751 καταλαϐούσης
1887 3698 1954 3750 με

377 3766 733 3835 καταιγίδος.
761 3767 1234 3831 Καταπόντισον,
1268 3771 1460 3836 Κύριε,
1503 3770 1600 3822 καὶ
1641 3770 1955 3823 statusic-:18

375 3858 481 3923 τὰς
500 3857 786 3926 γλώσσας
809 3857 1026 3919 αὐτῶν,
1062 3859 1154 3910 καὶ
1185 3857 1253 3910 τὰ
1274 3858 1420 3927 ἑξῆς.
1451 3859 1561 3929 Τὴν
1594 3859 1770 3912 αἰτίαν
1795 3858 1858 3910 δι’
1888 3859 1955 3929 ἢν

375 3948 578 4019 ηὔξατο
599 3946 888 4016 πτερύγων
913 3950 1116 4016 τυχεῖν,
1149 3946 1225 4009 ὡς
1245 3946 1311 4000 ἂν
1332 3946 1623 4016 πετασθείη
1653 3946 1745 3998 καὶ
1769 3947 1952 4014 φύγοι,

376 4039 580 4110 ἔρημόν
599 4055 659 4091 τε
698 4037 896 4108 μᾶλλον
922 4040 1090 4090 οἰκεῖν
1122 4037 1336 4091 ἐλέσθαι
1387 4037 1419 4108 ἢ
1469 4039 1567 4108 τὴν
1619 4037 1954 4108 δηλουμένην

374 4131 548 4195 πόλιν,
582 4129 671 4184 διὰ
697 4129 803 4183 τῶν
845 4131 1218 4200 προκειμένων
1241 4130 1479 4183 διδάσκει
1499 4129 1700 4197 λέγων·
1742 4128 1953 4200 Ἐπειδὴ

373 4222 499 4278 τάδε
530 4221 624 4275 καὶ
649 4221 775 4274 τάδε
809 4219 1112 4291 προγνώσει
1133 4220 1227 4274 τοῦ
1274 4220 1609 4290 προφητικοῦ
1648 4219 1955 4289 πνεύματος

375 4312 688 4382 ἐθεασάμην
719 4311 1143 4384 πραχθησόμενα
1172 4315 1230 4364 ἐν
1255 4314 1320 4382 τῇ
1353 4312 1536 4375 πόλει,
1572 4310 1763 4364 τούτου
1795 4310 1954 4380 χάριν

374 4402 624 4457 ἐντεῦθεν
687 4403 783 4472 ἢδη
813 4402 1034 4470 φεύγειν
1078 4403 1427 4472 διανενόημαι
1475 4402 1573 4472 τὴν
1625 4400 1734 4453 τῶν
1764 4399 1954 4454 κακῶν

2055 3325 2162 3380 que
2191 3311 2516 3369 solitudines
2544 3315 2783 3383 praefata:
2806 3309 3014 3372 civit-aii
3039 3322 3438 3377 antetulissem.
3473 3321 3564 3377 Sic
3587 3325 3644 3381 in

2055 3400 2277 3456 deserto
2320 3406 2659 3460 constitutus
2711 3407 3087 3474 exspectabam
3125 3427 3277 3476 eum,
3319 3416 3408 3483 qui
3435 3414 3645 3471 salvum

2056 3508 2137 3546 me
2167 3493 2298 3562 facit
2335 3511 2368 3548 a
2393 3496 2843 3564 pusillanimitate
2886 3514 3009 3569 qua:
3041 3516 3129 3555 me
3170 3502 3495 3569 invadebat,
3524 3515 3574 3559 et
3609 3525 3642 3559 a

2057 3591 2363 3654 tempestate
2407 3603 2529 3656 quae
2576 3603 2664 3643 me
2711 3590 3094 3660 interceperat,
3159 3584 3485 3660 Priccipita,
3531 3593 3636 3650 Do-

2056 3676 2218 3740 mine,
2242 3687 2291 3730 et
2323 3677 2496 3732 divide
2527 3680 2735 3748 linguas
2779 3697 2984 3744 eorum,
3026 3687 3080 3736 et
3121 3691 3336 3736 caetera.
3405 3683 3642 3740 Causam

2055 3765 2231 3834 aperit
2277 3780 2378 3819 cur
2421 3767 2536 3822 alas
2585 3767 2837 3823 obtinere
2862 3771 3136 3841 rogaverit
3167 3770 3235 3824 ad
3264 3773 3556 3827 volandum
3586 3783 3642 3830 et

2055 3852 2445 3923 ell‘ugiendum,
2469 3863 2523 3910 et
2547 3873 2644 3912 cur
2670 3861 2988 3914 solitudinis
3017 3859 3410 3917 habitationem
3436 3879 3638 3919 memo-

2055 3949 2187 3995 ratae
2239 3941 2450 3997 civitati
2503 3946 2840 4010 antetulerit,
2891 3947 2978 4001 his
3028 3957 3188 4003 utens
3243 3951 3642 4017 verbiszQuo-

2055 4029 2203 4082 niam
2229 4030 2345 4085 hac
2383 4039 2436 4085 et
2477 4031 2569 4085 illa
2603 4049 2668 4088 ex
2701 4035 3006 4104 prophetici
3038 4037 3267 4104 s'piritus
3283 4041 3630 4108 praescientia

2057 4120 2110 4173 in
2140 4120 2363 4176 civitate
2383 4123 2621 4192 gerenda
2644 4139 2768 4179 esse
2794 4125 3022 4194 cognovi
3047 4143 3062 4190 ;
3091 4126 3214 4180 ideo
3246 4128 3374 4181 hinc
3404 4128 3642 4199 ell’ugere

2055 4218 2109 4266 et
2141 4211 2408 4266 malorum
2445 4213 2780 4269 multitudini
2801 4231 2886 4270 mc
2905 4214 3209 4271 subducere
3241 4219 3638 4286 cogitavi.Pri-

2056 4318 2200 4357 mam
2225 4304 2368 4358 enim
2403 4306 2737 4376 impietatem
2777 4307 3087 4361 futurorum
3119 4309 3366 4375 ejusdem
3398 4311 3638 4368 civitatis

2056 4392 2395 4459 incolarum,
2442 4411 2510 4450 ex
2560 4395 2745 4465 lingua
2795 4411 2985 4452 eorum
3033 4397 3402 4468 profecturam
3458 4401 3636 4456 video.

375 4492 602 4565 πληθύν.
639 4493 858 4563 Πρῶτον
891 4494 1000 4563 γὰρ
1027 4494 1280 4564 ἀσέϐημα
1302 4491 1410 4545 τῶν
1443 4492 1539 4564 τὴν
1569 4489 1953 4562 προλεχθεῖσαν

2058 4485 2259 4540 Omnes
2289 4485 2489 4557 quippe
2523 4487 2580 4540 in
2604 4488 2746 4541 malo
2768 4489 3199 4554 consentientes,
3219 4491 3458 4563 linguam
3482 4508 3636 4548 suam

375 4583 530 4637 πόλιν
578 4584 916 4654 οἰκησάντων
951 4583 1062 4654 ὁρῶ
1103 4584 1164 4636 τὸ
1198 4586 1262 4636 ἐκ
1311 4583 1411 4653 τῆς
1454 4581 1700 4653 γλώττης
1747 4581 1948 4635 αὐτῶν.

376 4675 582 4737 Πάντες
614 4673 721 4745 γὰρ
753 4673 963 4738 ὢξυναν
989 4673 1194 4726 ἐαυτῶν
1225 4673 1317 4728 ἐπὶ
1360 4671 1515 4742 κακῷ
1556 4673 1951 4742 συμφωνήσαν-

372 4782 465 4830 es;
491 4767 593 4829 τὰς
621 4765 868 4834 γλώττας
890 4765 1034 4818 κατά
1055 4765 1150 4818 τοῦ
1181 4765 1312 4818 Υἱοῦ
1361 4765 1457 4818 τοῦ
1506 4763 1642 4817 Θεοῦ
1668 4781 1682 4794 δ
1714 4762 1816 4827 διδ,
1873 4761 1949 4832 μὴ

375 4856 760 4927 φέρων.αὑτῶν
781 4856 879 4927 τὴν
906 4856 1183 4927 μοχθηρὰν
1213 4855 1418 4926 ταύτην
1461 4857 1556 4908 καὶ
1587 4854 1762 4924 ἀσεϐῆ
1813 4870 1951 4924 συμ-

375 4947 602 5017 φωνίαν,
623 4946 852 5016 εὔχομαι
895 4947 1096 5015 λέγων’
1125 4941 1192 4998 Ὦ
1235 4946 1412 5013 Κύριε
1432 4985 1447 5009 ,
1506 4945 1951 4999 καταπόντισον

374 5039 473 5091 καὶ
499 5037 814 5092 καταδίελε
843 5037 948 5102 τὰς
978 5035 1262 5105 γλώσσας
1289 5033 1504 5090 αὐτῶν.
1540 5037 1633 5098 Ἦ,
1681 5034 1824 5088 κατά
1859 5034 1951 5085 τὸν

375 5127 695 5199 Σύμμαχον
730 5125 1290 5194 Καταπρντισθῆναι
1320 5125 1581 5193 ποίησον
1605 5164 1620 5188 ,
1651 5125 1948 5187 Δέσποτα,

374 5220 471 5274 καί
516 5220 886 5288 ἀσύμφωνον
927 5219 1190 5285 ποίησον
1238 5215 1354 5285 τὴν
1397 5215 1687 5286 γλῶσσαν
1728 5214 1947 5268 αὐτῶν.

373 5309 484 5380 Τῆς
507 5308 616 5380 γὰρ
649 5307 928 5379 μοχθηρᾶς
961 5308 1278 5378 συμφωνίας
1312 5306 1445 5360 πολὺ
1475 5307 1719 5376 κρεῖττον
1755 5304 1948 5372 γένοιτ’

370 5399 437 5455 ἂν
470 5401 503 5470 ἡ
531 5399 854 5469 ἀσυμφωνία
872 5439 886 5462 ,
918 5399 1254 5470 ἀτονωτέραν
1283 5397 1378 5450 καὶ
1415 5394 1807 5463 ἀσθενεστέραν
1848 5409 1949 5446 κα-

373 5492 496 5544 κίαν
527 5489 970 5562 ἀπεργαζομένη.
994 5489 1163 5542 Τοῦτο
1191 5490 1288 5559 μὲν
1313 5483 1406 5542 οὖν
1429 5488 1491 5540 τὸ
1514 5483 1728 5556 πρῶτον
1761 5479 1828 5553 ἦν
1853 5484 1950 5536 αύ-

371 5581 480 5634 τῶν
511 5583 699 5636 κακόν.
737 5581 804 5635 Οἵ
823 5598 883 5634 τε
915 5581 1025 5652 γὰρ
1047 5579 1141 5633 τοῦ
1164 5578 1349 5643 ἔθνους
1376 5575 1716 5650 προεστῶτες
1740 5613 1754 5636 ,
1787 5589 1948 5644 νομο-

372 5670 682 5727 διδάσκαλοι
717 5674 810 5726 καὶ
857 5672 1156 5744 ἀρχιερεῖς,
1194 5672 1287 5726 καὶ
1323 5672 1500 5725 λοιποὶ
1545 5671 1804 5740 ἄρχοντες
1855 5665 1949 5720 τοῦ

373 5763 524 5831 λαοῦ,
552 5765 736 5837 δολίως
758 5763 904 5838 αὐτῷ
933 5767 1266 5836 προσιόντες,
1295 5764 1570 5839 πειράζειν
1605 5763 1767 5820 αὑτὸν
1797 5758 1948 5816 ἐτόλ-

2057 4586 2394 4631 exacuerunt
2458 4585 2650 4630 contra
2705 4575 2901 4631 Filium
2965 4577 3061 4634 Dei
3127 4598 3140 4634 :
3199 4597 3372 4650 quare
3415 4582 3636 4650 impiam

2056 4683 2244 4722 eorum
2287 4675 2341 4722 et
2389 4669 2711 4723 sceleratam
2749 4669 3098 4724 concordiam
3132 4687 3242 4724 non
3279 4671 3481 4735 ferens,
3522 4672 3638 4726 haec

2058 4773 2252 4826 precor
2287 4776 2298 4810 :
2333 4757 2377 4812 0
2407 4757 2650 4819 Domine,
2700 4759 2977 4828 pra'ctpita
3024 4770 3071 4812 et
3096 4759 3269 4812 divide
3301 4759 3512 4828 linguas
3549 4778 3638 4816 eo-

2057 4866 2211 4912 rum;
2257 4850 2393 4914 sive,
2446 4851 2746 4906 secundum
2803 4849 3208 4922 Symmachum,
3248 4849 3359 4904 Fac
3383 4855 3636 4924 demergi,

2057 4940 2303 5004 Domine,
2325 4951 2373 4995 el
2395 4941 2688 4996 discordem
2713 4959 2844 5012 pone
2871 4942 3108 5012 linguam
3126 4959 3327 4996 eorum.
3347 4943 3482 4998 Nam
3514 4961 3606 5000 sce
3623 4974 3637 4985 -

2057 5034 2226 5085 lerata
2254 5033 2547 5086 concordia
2577 5033 2748 5086 multo
2771 5033 3116 5102 praestantior
3142 5032 3422 5088 discordia
3451 5034 3634 5096 l‘uerit,

2056 5135 2178 5188 quae
2232 5119 2589 5177 inﬁrmiorem
2644 5121 3076 5190 debilioremque
3120 5122 3386 5175 malitiam
3423 5122 3635 5178 reddat.

2058 5211 2174 5266 Hoc
2201 5212 2436 5282 primum
2455 5213 2721 5267 malorum
2743 5213 2920 5268 inerat
2949 5213 3102 5282 ipsis.
3129 5210 3264 5266 Nam
3285 5212 3638 5282 magistratus

2057 5304 2256 5374 gentis,
2279 5305 2412 5374 legis
2434 5305 2688 5359 doctores
2707 5343 2721 5368 ,
2741 5303 3016 5374 principes
3047 5301 3390 5357 sacerdotum
3418 5318 3481 5356 ac
3509 5302 3638 5357 reliQ

2056 5395 2149 5464 q‘ui
2169 5393 2348 5464 populi
2365 5394 2641 5464 principes
2663 5393 2728 5446 ad
2746 5408 2870 5448 eum
2887 5407 3011 5447 cum
3027 5393 3152 5446 dolo
3167 5391 3635 5460 adeuntes.ipsum

2058 5492 2267 5541 tentare
2295 5487 2587 5548 audebant,
2617 5483 2963 5538 occasionem
2993 5489 3298 5553 captantes,
3325 5489 3378 5537 et
3411 5483 3637 5539 insidias

2056 5577 2111 5632 in
2137 5593 2260 5634 eum
2291 5589 2588 5634 struentes.
2652 5576 2808 5644 Quod
2845 5575 2986 5630 alius
3016 5590 3233 5645 quoque
3255 5574 3638 5630 subindicabat

2057 5670 2321 5738 psalmus,
2367 5686 2438 5728 ex
2467 5669 2713 5739 ejusdem
2747 5680 2981 5741 persona
3011 5667 3141 5720 talia
3170 5664 3314 5720 fatus
3340 5683 3352 5720 :
3387 5664 3633 5720 Circum-

2057 5760 2312 5816 dcderunt
2354 5777 2433 5817 me
2469 5762 2612 5817 tauri
2649 5761 2826 5826 multi,
2868 5759 3018 5814 vituli
3055 5744 3270 5830 pingues
3324 5755 3635 5812 obsederunt
