2049 3208
223 194 277 222 479
561 194 697 222 EUSEBll
716 194 951 223 CIESARIENSIS
966 194 1041 222 OPP.

1063 194 1154 222 PARS
1173 194 1218 221 ιιι.
1239 209 1274 214 -
1294 193 1500 221 ΕΧΕΕΕΤΙΕΔ.
1627 205 1630 211 ι
1803 190 1856 217 £80

223 261 273 280 me.
299 253 463 287 Aperuerat"!
479 260 556 285 super
571 260 611 279 me
625 261 654 279 os
677 261 754 279 suum
769 254 836 280 sicut
853 254 892 281 leo
908 255 1006 288 rapieni

1067 261 1135 287 μων,
1159 252 1242 284 λαϐὰς
1267 252 1422 288 Θηρώμενοι
1435 272 1442 283 ,
1465 251 1513 277 καὶ
1529 250 1677 281 ἑπιδουλὰς
1692 248 1760 276 κατ’
1774 246 1857 275 αὑτοῦ

220 302 246 323 et
263 296 368 331 rugiens
377 297 411 322 νδ.
422 295 488 322 Nam
500 296 534 323 ibi
548 304 657 331 quoque
671 297 808 332 principes
817 299 906 333 populi
916 299 1013 325 adum-

220 342 318 369 brabat
341 350 348 368 :
374 341 557 376 quamobrem
576 349 673 369 rursus
697 349 729 369 os
751 350 846 369 eorum
869 347 1012 376 memorat,

221 386 258 414 ob
278 386 395 413 consilia
419 389 446 413 et
470 386 585 413 insidias
609 393 704 413 eorum
729 386 873 414 adversum
889 395 919 415 se
940 392 1014 415 stru-

221 435 293 459 clas.

1068 299 1306 333 συσκευαζόμενοι.
1326 299 1358 325 ‘0
1382 298 1414 333 δὴ
1430 298 1477 324 καὶ
1496 298 1589 333 ἔτερος
1604 297 1732 332 ᾐνίττετο
1751 293 1859 329 ψαλμδς

1066 343 1096 375 ἐξ
1106 344 1187 370 αὑτοῦ
1199 337 1344 379 προσώπου
1358 345 1447 379 φήσας
1456 353 1463 359 -
1476 341 1726 377 Περιεκύκλωσάν
1739 349 1778 375 με
1790 336 1860 366 τιτι-

1062 398 1110 423 ροι
1125 390 1243 421 πολλοὶ,
1255 390 1366 423 μόσχοι
1386 390 1490 422 πίονες
1509 388 1672 426 περιέσχον
1691 395 1741 421 με.
1760 386 1859 412 Ἥνοι-

1066 434 1124 467 ξαν
1137 436 1183 461 ἐπ’
1198 435 1250 469 ἐμὲ
1266 435 1300 461 τὸ
1322 436 1419 469 στόμα
1435 434 1535 461 αὐτῶν
1556 435 1595 466 ὡς
1619 434 1699 460 λέων
1721 429 1861 465 ἁρπάξαν

221 478 271 505 καὶ
287 478 466 512 ἀερυόμενος.
479 478 568 504 Κάκεῖ
583 478 637 514 γὰρ
654 479 718 511 τοὺς
736 479 871 514 ἄρχοντας
890 480 1013 515 ᾐνίττετο
1027 482 1074 508 τοῦ
1091 482 1156 509 λαοῦ
1170 492 1175 498 ·
1191 483 1231 509 διὸ
1259 484 1340 510 πάλιν
1368 483 1415 509 τοῦ
1430 483 1564 518 στόματος
1579 482 1668 509 αὐτῶν
1686 479 1860 517 ὲμνημόνευε

221 523 266 551 διὰ
281 524 330 555 τὰς
347 524 406 549 κατ’
418 523 500 550 αὐτοῦ
517 524 662 555 ἐπιϐουλάς
676 533 706 550 τε
721 526 766 551 καὶ
784 525 904 559 σκέψεις.

258 569 291 596 Ει
301 577 367 596 sane
380 569 535 603 cujusmodi
552 577 632 597 voces
645 571 677 596 ad
693 570 818 598 Pontium
836 571 954 599 Pilatum
967 575 1011 599 to-

220 618 266 641 tus
281 613 437 640 Judaeorum
455 615 572 649 populus
593 620 688 642 contra
710 623 773 643 eum
796 616 923 649 ediderit,
946 625 1009 645 nar-

220 663 282 687 rant
310 659 470 694 Evangelia.
502 660 579 693 Quod
603 661 667 687 item
703 662 731 689 in
760 663 892 690 vicesimo
922 664 1010 699 primo

218 705 324 739 psalmo
338 705 496 732 declarabat
507 706 602 733 dicens
616 715 622 733 :
636 706 769 739 Quoniam
779 708 1009 736 circumdederunt

217 758 259 777 me
284 759 361 777 canes
389 751 481 781 multi,
510 752 651 779 concilium
675 754 881 788 malignantium
908 755 1010 782 obsedit

218 804 259 823 me
268 796 301 823 ".
318 795 351 822 Et
362 796 419 823 hac
429 798 520 823 omnia
535 797 562 823 in
578 803 726 825 memorata
742 799 809 826 urbe
825 800 1005 834 gerebantur:

217 850 302 877 quare
323 842 351 869 in
376 843 502 877 praesenti
522 843 634 875 dicitur,
659 844 813 879 Prazcipita,
835 845 958 878 Domine,
981 851 1006 874 et

218 889 306 916 divide
322 889 426 923 linguas
448 897 549 916 eorum.
574 889 676 917 Deinde
692 891 834 927 subjungit
850 901 856 918 :
870 891 1004 925 Quoniam

217 935 270 962 vidi
291 935 456 970 iniquitatem
476 939 500 962 et
523 935 760 963 contradictionem
776 937 803 963 in
824 938 929 964 civitate
941 946 951 965 :
964 938 1006 965 die

217 988 249 1006 ac
274 984 349 1006 nocte
368 981 545 1007 circumdabit
562 989 631 1014 eam,
653 985 681 1009 et
700 985 812 1015 caetera;
837 991 886 1018 pro
905 983 1006 1018 quibus

218 1025 399 1060 Symmachus
410 1026 450 1053 sic
462 1026 659 1060 interpretatus
673 1031 715 1054 est
727 1037 733 1054 :
747 1027 879 1060 Quoniam
892 1029 1007 1056 vidivio-

216 1071 314 1097 lentam
330 1071 497 1106 iniquitatem
511 1076 536 1098 et
555 1071 714 1105 injustitiam
736 1073 764 1099 in
788 1073 902 1105 civitate,
914 1073 956 1100 die
975 1082 1007 1101 ac

215 1121 289 1143 nocte
299 1116 506 1144 eircumdantem
520 1125 609 1144 muros
620 1118 687 1152 ejus,
700 1118 818 1145 dolorem
835 1124 860 1146 et
871 1120 1005 1146 miseriam

215 1166 286 1191 intra
303 1165 398 1198 ipsam,
415 1165 597 1199 improbitates
619 1166 692 1192 intra
712 1166 807 1200 ipsam,
827 1167 1006 1201 inseparabile

215 1218 232 1236 α
247 1209 342 1243 plateis
356 1209 413 1243 ejus
430 1210 559 1236 damnum
584 1216 608 1238 et
624 1211 764 1237 insultum.
785 1211 942 1245 iniquitatis
957 1220 1005 1239 au-

215 1258 270 1281 tem
294 1261 376 1288 opera
396 1258 485 1285 erant,
505 1255 626 1282 admissa
648 1255 674 1281 in
701 1254 871 1282 Salvatorem
889 1257 1003 1289 scelera,

214 1303 242 1326 et
256 1299 374 1326 violenta
400 1306 462 1326 vere
480 1300 621 1334 iniquitas.
636 1295 704 1326 Nam
724 1308 771 1334 pro
784 1309 813 1327 eo
838 1306 866 1327 ut
885 1310 925 1328 me
942 1302 1006 1328 dili-

214 1348 312 1379 gerent,
327 1344 425 1379 inquit,
436 1344 608 1371 detrahebant
624 1345 705 1376 milti;
723 1351 747 1372 et
760 1351 903 1380 posuerunt
918 1347 1005 1374 adrer-

214 1398 273 1418 sum
296 1398 336 1417 me
360 1390 432 1416 mala
463 1398 510 1424 pro
536 1390 620 1422 bonis,
643 1395 668 1417 et
688 1392 777 1418 odium
796 1401 844 1426 pro
867 1393 1005 1419 dilectione

215 1444 272 1463 mea
283 1436 317 1463 “.
334 1434 523 1463 Contradictio
547 1440 637 1461 autem
659 1440 686 1462 et
703 1436 839 1471 injustitia
857 1438 928 1472 apud
944 1438 1005 1466 illos

214 1486 283 1514 erat,
298 1482 393 1509 multis
412 1481 528 1508 testibus
546 1485 643 1507 contra
660 1489 722 1508 eum
739 1482 943 1516 accedentibus,
963 1485 1018 1514 ni-,

216 1527 307 1561 hiltu
327 1534 421 1553 verum
447 1529 494 1552 aut
518 1528 735 1553 consentaneum
760 1527 926 1556 dicentibus.
942 1528 1005 1555 Ηλεο

215 1578 279 1598 vero
299 1578 353 1597 non
370 1570 414 1597 die
436 1570 535 1597 solum.
564 1572 611 1597 sed
632 1575 716 1597 noctu
743 1579 852 1606 quoque
872 1573 1004 1607 gereban—
1019 1584 1039 1611 ε

216 1623 268 1642 tur.
287 1615 333 1643 Sic
344 1616 417 1642 enim
428 1619 510 1642 noctu
524 1622 633 1648 quoque
644 1615 743 1642 Petrus
755 1617 881 1651 abnegat,
895 1617 1005 1651 quando

213 1660 298 1688 ludas
322 1668 385 1688 cum
408 1660 521 1687 laterms
546 1664 572 1685 et
596 1660 769 1694 lampadibus
791 1661 918 1688 accessit.
946 1660 1005 1687 Nox

215 1706 278 1733 item
296 1711 354 1733 crat
372 1714 433 1732 cum
454 1706 534 1732 modo
546 1707 579 1731 ad
594 1705 711 1736 Annam,
729 1706 810 1733 modo
826 1706 858 1733 ad
874 1705 1004 1741 Caipham

215 1752 387 1778 adducebant
400 1759 472 1783 etilli,
489 1752 572 1778 nullis
588 1759 641 1777 non
654 1751 829 1778 contumeliis
844 1751 1002 1779 allicientes.

217 1794 295 1821 Mane
309 1800 397 1822 autem
412 1795 494 1829 facta,
510 1795 622 1829 ligentes
634 1795 801 1821 adduxerunt
814 1803 872 1822 enm
881 1800 905 1822 et
919 1795 1004 1822 tradi-

216 1841 309 1868 derunt
326 1841 415 1866 Pilato
426 1842 458 1872 “7,
469 1846 495 1867 et
511 1844 610 1867 caztera
621 1848 681 1874 qua
695 1841 848 1874 passionem
865 1844 1003 1875 spectant,

215 1890 342 1920 egerunt.
359 1886 425 1918 Qua:
448 1886 539 1912 omnia
565 1886 663 1919 spiritu
679 1877 852 1920 prospiciens
872 1886 1004 1920 propheta

216 1932 255 1958 sic
272 1930 472 1957 vociferabatur
487 1939 493 1957 :
510 1931 641 1963 Quoniam
657 1931 710 1958 uidi
723 1931 888 1966 iniquitatem
903 1937 927 1958 et
941 1940 1004 1958 con-

216 1976 398 2002 tradictionem
424 1977 451 2002 in
469 1977 585 2009 civitate,
607 1977 649 2003 die
670 1985 701 2003 ac
720 1981 793 2004 nocte
807 1977 1003 2004 circumdantes

215 2024 310 2056 ipsam,
330 2022 480 2050 secundum
498 2022 702 2058 Symmachum.
721 2023 751 2049 Et
773 2025 830 2050 haec
846 2023 956 2058 quidem
975 2024 1002 2050 in

215 2069 334 2095 civitate.
357 2069 437 2095 Circa
459 2077 553 2097 muros
569 2069 630 2103 ejus
655 2074 744 2097 autem
766 2070 897 2104 iniquitas
922 2074 948 2097 et
963 2071 1003 2097 la-

216 2115 279 2144 bor;
296 2114 353 2141 sive
368 2115 518 2141 secundum
530 2114 736 2150 Symmachum,
750 2115 827 2141 dolor
840 2120 863 2141 et
876 2116 983 2143 miseria
995 2123 1003 2142 :

215 2157 406 2192 signiﬁcatque
418 2166 450 2186 ea
464 2167 525 2193 qua:
543 2163 620 2187 extra
637 2151 731 2186 urbem
748 2165 824 2194 gesta
848 2165 924 2192 sunt,
941 2169 1003 2187 cum

213 2204 361 2232 etlucenlcs
389 2206 478 2239 ipsum
491 2206 664 2233 adduxerunt
677 2206 703 2233 in
722 2206 813 2233 locum
826 2206 929 2233 dictum
940 2206 1003 2234 Gol-

1098 573 1152 599 Καὶ
1160 574 1173 598 6
1185 574 1238 604 πᾶς
1246 573 1275 599 δὲ
1283 573 1336 599 τῶν
1350 573 1482 599 Ἰουδαίων
1489 572 1553 603 λαὸς
1564 571 1659 603 ὁποίας
1669 571 1717 597 ὲπὶ
1731 569 1780 596 τοῦ
1791 569 1859 594 Πον-

1062 618 1119 643 τίου
1134 618 1249 644 Πιλάτου
1264 620 1324 645 κατ’
1333 618 1415 644 αὑτοῦ
1428 619 1584 653 προσήκατο
1594 617 1697 653 φωνὰς.
1709 616 1814 650 ιστορεῖ
1825 613 1862 639 τὰ

1062 664 1225 698 Εὑαγγέλια.
1246 666 1278 691 '0
1297 664 1328 699 δὴ
1345 665 1391 690 καὶ
1408 664 1472 690 αὐτὸ
1489 664 1607 698 παρίστη
1622 664 1650 689 ἐν
1665 665 1715 690 κα⁹
1727 659 1832 696 ψαλμῷ
1847 659 1862 685 6

1062 709 1161 736 εἰπών·
1184 710 1248 736 "Ott
1270 709 1447 736 ἐκύκλωσὼ·
1465 718 1504 743 με
1518 710 1609 742 κύνες
1625 709 1735 736 πολλοὶ
1749 727 1756 740 ,
1782 713 1862 732 συν-

1062 754 1161 789 αγωγὴ
1184 754 1433 788 πονηρευομένων
1458 754 1620 788 περιέσχον
1632 763 1680 788 με.
1697 754 1753 780 Καὶ
1769 750 1861 778 ταῦτα

1061 801 1149 828 πάντα
1162 803 1190 828 ὲν
1200 802 1232 837 τῇ
1243 801 1392 836 δηλονμένῃ
1406 801 1555 836 ἐπράττετο
1568 800 1644 826 πόλει
1654 808 1660 814 ·
1674 799 1714 825 διὸ
1728 798 1861 824 λέλεκται

1059 849 1088 875 ὲν
1103 850 1158 880 τοῖς
1173 848 1363 884 προκειμένοις
1373 856 1379 862 ·
1405 849 1649 878 Δῖιταπόντισον,
1674 847 1762 879 Κύριε
1772 864 1780 876 ,
1809 841 1862 868 καὶ

1058 894 1215 921 καταδίελε
1231 893 1283 927 τὰς
1295 893 1437 928 γλώσσας
1448 893 1555 920 αὐτῶν.
1572 891 1627 919 Εἶτ’
1640 891 1760 925 ἐπιλέγει
1774 898 1781 905 ·
1798 889 1861 914 Ὀτι

1056 938 1138 966 εἶδον
1153 939 1282 974 ἀνομίαν
1296 940 1343 966 καὶ
1363 938 1539 973 ἀντιλογίαν
1558 938 1593 964 ἐν
1607 937 1643 971 τῇ
1659 938 1746 964 πόλει
1756 945 1763 951 ·
1784 932 1860 969 ἠμέ-

1053 993 1110 1018 ρας
1122 985 1169 1011 καὶ
1184 984 1296 1017 νυκτὸς
1309 984 1459 1011 κυκλώσει
1471 983 1583 1017 αὐτὴν,
1598 983 1645 1009 καὶ
1654 982 1689 1008 τὰ
1701 982 1765 1017 ἑξῆς
1776 990 1782 996 ³
1798 977 1861 1006 ἀνθ’

1057 1026 1094 1056 ὧν
1108 1031 1122 1056 6
1142 1030 1290 1065 Σύμμαχος
1306 1029 1401 1056 τοῦτον
1418 1029 1574 1064 ἡρμήνευσε
1593 1028 1638 1054 τὸν
1650 1027 1751 1062 τρόπον
1763 1035 1770 1041 ·
1791 1025 1861 1051 ὀτι

1056 1075 1208 1109 ἐθεώρησα
1228 1076 1332 1107 ,βίαιον
1358 1074 1480 1101 ἀδικίαν
1507 1073 1558 1100 καὶ
1585 1073 1747 1100 ἀδικασίαν
1762 1072 1800 1099 ἐν
1821 1068 1861 1102 ’τζῖ

1056 1121 1161 1152 πόλει,
1191 1120 1304 1154 ἡμέρας
1320 1121 1368 1147 καὶ
1386 1119 1497 1151 νυκτὸς
1515 1119 1687 1145 κυκλοῦντα
1702 1117 1800 1151 αὐτῆς
1823 1115 1861 1142 τὰ

1056 1167 1150 1201 τείχη,
1165 1166 1278 1200 ὀδύνην
1287 1166 1334 1192 καὶ
1350 1165 1550 1198 ταλαιπωρίαν
1561 1164 1651 1191 ἔνδον
1662 1162 1766 1197 αὐτῆς,
1780 1163 1860 1194 ἐπη-

1052 1212 1137 1245 ρείας
1149 1211 1239 1238 ἔνδον
1251 1210 1347 1243 αὐτῆς
1360 1230 1366 1242 ,
1379 1209 1547 1243 ἀχώριστον
1559 1208 1619 1235 ἀπὸ
1633 1208 1692 1235 τῶν
1704 1205 1861 1234 πλατειῶν

1056 1257 1151 1291 αὐτῆς
1175 1256 1281 1291 Inpluv-
1296 1255 1345 1282 καὶ
1360 1255 1507 1281 ἐπίθεσιν.
1547 1253 1674 1288 Ἀνομίας
1691 1253 1718 1279 δὲ
1734 1253 1804 1287 ἔργα
1822 1249 1860 1286 ἦν

1055 1303 1089 1329 τὰ
1104 1303 1174 1329 κατὰ
1187 1301 1234 1327 τοῦ
1249 1301 1377 1336 Σωτῆρος
1389 1299 1562 1334 τολμώμενα,
1577 1299 1624 1324 καὶ
1641 1298 1727 1333 βίαιος
1739 1298 1776 1329 ὼς
1790 1297 1862 1331 ἀλη·

1057 1348 1111 1380 Θῶς
1124 1347 1223 1374 ἀδικία.
1246 1347 1320 1373 Ἀντὶ
1330 1346 1382 1382 γὰρ
1395 1345 1449 1372 τοῦ
1465 1344 1594 1380 ἀγαπᾷν,
1603 1345 1694 1379 φησὶν,
1705 1343 1861 1370 ἐνδιέϐαλ-

1055 1395 1113 1420 λόν
1126 1402 1177 1428 με·
1197 1393 1244 1419 καί
1262 1392 1364 1419 ἔθεντο
1382 1392 1446 1418 κατ’
1462 1390 1533 1425 ἐμοῦ
1548 1391 1625 1417 κακὰ
1640 1389 1708 1417 ἀντὶ
1723 1389 1857 1424 ἀπηθῶν.

1055 1439 1103 1466 καί
1113 1439 1203 1473 μῖσος
1212 1438 1278 1465 ἀντὶ
1289 1437 1344 1471 τῆς
1354 1436 1533 1471 ἀγαπήσεώς
1544 1445 1610 1469 μου.
1626 1435 1776 1469 Ἀντιλογία
1783 1436 1812 1462 δὲ
1821 1433 1858 1469 ἦν

1055 1484 1084 1510 ὲν
1093 1484 1185 1515 αὐτοῖς
1200 1484 1246 1509 καὶ
1258 1483 1384 1509 ἀδικασὶα
1398 1502 1405 1513 ,
1422 1481 1526 1508 πολλῶν
1541 1481 1688 1516 μαρτύρων
1699 1481 1858 1515 παριόντων

1056 1528 1116 1553 κατ’
1124 1527 1217 1558 αὑτοῦ,
1229 1527 1275 1553 καὶ
1287 1527 1370 1561 μηδὲν
1381 1526 1479 1561 ἀληθὲς
1487 1525 1632 1560 σύμφωνον
1640 1525 1783 1558 λεγόντων.
1797 1524 1857 1551 Καὶ

1055 1571 1142 1598 ταῦτα
1160 1571 1310 1607 ἐπράττετο
1332 1571 1361 1597 οὐ
1379 1571 1412 1597 δι’
1429 1570 1535 1605 ἡμέρας
1553 1569 1645 1604 μόνον,
1665 1569 1732 1596 ἀλλὰ
1746 1569 1793 1595 καὶ
1809 1569 1859 1595 διὰ

1059 1616 1168 1647 νυκτός.
1186 1611 1264 1642 Οὕτω
1275 1615 1328 1650 γὰρ
1340 1616 1369 1641 ὲν
1379 1615 1456 1641 νυκτὶ
1465 1614 1567 1648 Πέτρος
1579 1614 1700 1648 ἀρνεῖται
1711 1633 1718 1645 ,
1731 1614 1774 1640 ὅτε
1792 1614 1859 1645 Ἰού⁸

1055 1661 1102 1692 δας
1118 1654 1185 1695 μετὰ
1201 1659 1293 1694 φανῶν
1305 1661 1351 1686 καὶ
1366 1659 1517 1694 λαμπάδων
1532 1659 1621 1694 ἐπῄει.
1646 1658 1726 1685 Ἀλλὰ
1741 1660 1787 1686 καὶ
1804 1658 1856 1691 νὺξ

1055 1704 1089 1741 ἦν
1111 1706 1154 1732 ὅτε
1168 1706 1274 1740 ἀπῆγον
1288 1705 1369 1731 αὑτὸν
1384 1705 1448 1731 ποτὶ
1465 1705 1514 1740 μὲν
1529 1705 1597 1739 πρὸς
1612 1705 1727 1736 Ἀνναν,
1743 1705 1808 1731 ποτὲ
1823 1705 1854 1731 δὲ

1056 1752 1103 1778 καὶ
1124 1751 1192 1786 πρὸς
1208 1750 1353 1784 Καϊάφαν,
1379 1749 1473 1785 ΰὸρεσι
1497 1750 1635 1783 παντοίαις
1661 1750 1850 1786 ἀτιμάζοντες.

1056 1798 1170 1831 Πρωΐας
1179 1806 1210 1823 τε
1224 1796 1397 1832 γενομένης,
1408 1796 1558 1829 δήσαντες
1569 1797 1663 1823 αὑτὸν
1675 1796 1789 1832 ἤγαγον
1802 1798 1849 1824 καὶ

1055 1842 1232 1877 παρέδωκαν
1241 1842 1370 1874 Πιλάτῳ,
1382 1842 1416 1868 τά
1429 1850 1457 1868 τε
1474 1842 1543 1868 κατὰ
1559 1842 1590 1869 τὺ
1605 1842 1691 1874 πάθος
1708 1843 1848 1878 ἐνήργουν.

1059 1889 1091 1915 Ἃ
1107 1888 1138 1923 δὴ
1154 1888 1242 1914 πάντα
1257 1887 1297 1923 τῷ
1320 1887 1454 1923 πνεύματι
1471 1887 1587 1923 προϊδὼν
1605 1889 1619 1914 ὀ
1633 1890 1774 1923 προφήτης
1784 1908 1790 1918 ,
1804 1889 1846 1914 ἀν-

1055 1933 1153 1969 εφώνει
1167 1934 1264 1968 λέγων·
1292 1934 1357 1960 Ὀτι
1378 1931 1460 1960 εἶδον
1472 1934 1600 1968 ἀνομίαν
1612 1935 1661 1960 καὶ
1674 1934 1851 1970 ἀντιλογίαν

1054 1979 1089 2005 ἐν
1102 1978 1138 2012 τῇ
1147 1980 1233 2005 πόλει
1241 1979 1353 2013 ἡμέρας
1366 1980 1414 2006 καὶ
1428 1979 1539 2012 νυκτὸς
1551 1979 1723 2005 κυκλοῦντο
1738 1978 1848 2010 αὑτὴνν

1055 2024 1125 2051 κατὰ
1136 2024 1181 2050 τὸν
1190 2025 1348 2060 Σύμμαχον.
1363 2025 1417 2051 Καὶ
1427 2024 1512 2051 ταῦτα
1527 2025 1575 2059 μὲν
1590 2026 1617 2050 ὲν
1630 2024 1661 2057 τῇ
1678 2023 1768 2048 πόλει·
1783 2022 1847 2057 περὶ

1055 2069 1084 2095 δὲ
1099 2069 1132 2095 τὰ
1143 2069 1219 2104 τείχη
1235 2069 1320 2104 αὐτῆς
1335 2069 1433 2104 ἀνομία
1444 2070 1490 2095 καὶ
1500 2069 1592 2099 κόπος,
1605 2067 1632 2101 ἢ,
1642 2066 1711 2092 κατὰ
1723 2066 1767 2092 τὸν
1778 2066 1847 2101 Σύμ-

1056 2123 1142 2150 μαχον
1154 2135 1161 2147 ,
1186 2115 1279 2149 ὀδύνη
1296 2115 1345 2141 καὶ
1361 2113 1552 2146 ταλαιπωρία.
1567 2111 1697 2146 Σημαίνει
1714 2111 1787 2138 δὲτὰ
1805 2112 1848 2137 ὲκ-

1054 2160 1099 2192 τδς
1114 2160 1164 2195 τῆς
1179 2160 1283 2191 πόλεως
1298 2158 1478 2194 πεπραγμένα
1489 2177 1496 2188 ,
1516 2156 1633 2191 ὁπηνίκα
1647 2156 1847 2190 κατεξαγαγόν-

1054 2215 1099 2238 τες
1122 2206 1201 2233 αὑτὸν
1218 2207 1320 2241 ἡγαγον
1337 2205 1376 2235 είς
1391 2204 1436 2230 τδν
1461 2203 1606 2237 λεγόμενον
1622 2202 1703 2228 τόπον
1716 2202 1844 2235 Γολγοθά.

215 2250 305 2285 gotha.
328 2249 361 2276 Et
378 2258 438 2285 quae
459 2250 528 2279 loris
553 2256 614 2278 acta
637 2255 700 2278 sunt
728 2252 792 2278 talia
813 2256 901 2285 erant,
923 2253 1000 2287 plena

1056 2254 1151 2280 Καὶτὰ
1167 2253 1215 2288 μὲν
1229 2251 1281 2285 ἔξω
1291 2251 1403 2277 τοιαῦτα
1413 2248 1457 2285 ἢν,
1474 2248 1560 2284 μεστὰ
1573 2248 1680 2283 ἀληθῶς
1693 2248 1787 2282 ὀδύνης
1800 2249 1846 2274 καὶ

215 2302 280 2321 sane
298 2294 393 2322 dolore
413 2302 446 2322 ac
463 2296 573 2322 miseria
588 2305 594 2322 :
607 2304 667 2330 quae
683 2304 746 2323 vero
764 2297 849 2328 intus,
870 2298 1002 2332 improbi-

215 2344 281 2370 tate.
299 2340 398 2374 inquit,
412 2340 514 2367 damno
528 2344 555 2368 et
571 2341 675 2368 insultu
689 2341 788 2375 repleta
804 2342 874 2375 vidi;
890 2343 1001 2376 injusti-

216 2383 253 2410 Ii‘a
263 2384 327 2410 item
343 2385 370 2411 in
386 2385 477 2412 Inedio
488 2385 559 2419 ejus,
575 2391 599 2412 et
614 2393 666 2412 non
685 2386 778 2420 defecit
793 2395 825 2413 ex
836 2387 930 2421 plateis
945 2387 1001 2422 ejus

215 2436 297 2456 usura
305 2435 329 2456 et
345 2430 440 2461 dolus;
453 2438 502 2465 pro
516 2439 571 2466 quo
582 2431 691 2466 Aquila,
707 2431 822 2459 debitum
836 2437 860 2459 et
876 2433 1002 2459 insultunt

214 2474 411 2509 interpretatus
423 2481 482 2508 est;
499 2476 681 2511 Symmachus
694 2485 770 2509 vero,
783 2477 909 2504 damnum
924 2484 949 2505 et
960 2479 1002 2505 in-

215 2519 326 2549 suttum.
342 2519 422 2548 Omni
439 2522 540 2557 quippe
556 2523 689 2549 malorum
707 2530 806 2557 genere
822 2523 1002 2558 implebantur

215 2566 262 2601 qui
277 2566 393 2594 insidias
407 2567 434 2594 in
449 2567 618 2595 Salvatorem
634 2572 757 2596 nostrum
773 2573 942 2596 struxerunt.

251 2655 444 2688 Vsns.13—15.
477 2657 610 2690 Quoniam
633 2657 656 2684 si
677 2657 800 2684 inimicus
824 2665 896 2684 meus
921 2657 1004 2684 male-

214 2700 327 2729 dixisset
346 2702 421 2735 mihi,
441 2703 625 2730 sustinuissent
639 2703 744 2738 utique;
758 2708 781 2730 et
796 2704 819 2730 si
834 2703 867 2735 is,
885 2703 929 2738 qui
945 2703 1003 2730 ode-

216 2750 259 2773 rat
273 2755 326 2779 me,
343 2755 420 2781 super
434 2756 473 2775 me
495 2756 589 2781 magna
607 2748 709 2775 locutus
727 2749 830 2783 (uisset,
847 2748 1001 2775 abscondis-

217 2801 271 2820 sem
282 2801 322 2819 me
330 2793 443 2827 forsitan
458 2793 490 2821 ab
503 2802 543 2821 eo.
557 2794 596 2821 Tu
611 2803 679 2827 vero,
694 2794 770 2822 homo
790 2794 932 2826 unanimis,
948 2794 1002 2820 dua:

1050 2297 1237 2332 ταλαιπωρίας
1249 2304 1255 2311 ·
1267 2295 1347 2322 πάλιν
1355 2295 1382 2321 δὲ
1391 2295 1424 2321 τὰ
1433 2294 1504 2320 ἔνδον
1513 2294 1597 2328 αὐτῆς
1607 2314 1613 2324 ,
1625 2292 1765 2327 ἐπηρείας.
1779 2292 1846 2327 φησὶ

1051 2345 1098 2371 καὶ
1124 2343 1225 2378 ζημίας
1240 2342 1287 2368 καὶ
1311 2340 1458 2371 ἐπιθέσεως
1482 2337 1552 2366 εἶδον
1576 2338 1678 2374 μεστὰ·
1699 2337 1790 2364 ἀδικία
1816 2345 1845 2363 τε

1051 2386 1085 2422 ἦν
1097 2387 1125 2413 ὲν
1140 2386 1213 2421 μέσῳ
1227 2385 1313 2419 αὐτῆς
1324 2404 1331 2416 ,
1352 2384 1400 2411 καὶ
1416 2385 1472 2411 οὐκ
1488 2383 1627 2415 ἐξέλιπεν
1646 2383 1679 2409 ἐκ
1696 2381 1754 2408 τῶν
1768 2384 1844 2408 πλα-

1052 2431 1138 2459 τειῶν
1145 2430 1238 2464 αὐτῆς
1251 2431 1339 2462 τόκος
1347 2429 1397 2456 καὶ
1405 2429 1495 2461 δόλος
1505 2437 1511 2443 ·
1523 2428 1581 2454 ἀνθ’
1590 2425 1620 2454 οὗ
1630 2428 1644 2453 6
1655 2428 1703 2463 μὲν
1718 2427 1845 2458 Ἀκύλας,

1053 2476 1173 2510 ὄφλημα
1188 2476 1236 2502 καὶ
1252 2475 1397 2506 ἐπίθεσιν,
1414 2474 1602 2509 ὴρμήνευσενο
1620 2474 1634 2500 6
1648 2472 1675 2499 δὲ
1689 2472 1844 2507 Σύμμαχος,

1054 2521 1158 2555 ζημίαν
1166 2521 1214 2547 καὶ
1225 2521 1370 2548 ἐπίθεσιν.
1384 2520 1496 2546 Πάντων
1506 2519 1560 2554 γὰρ
1570 2518 1656 2553 πεπλή
1662 2526 1746 2553 ρωντο
1753 2518 1846 2543 κακῶν

1054 2567 1077 2592 οἱ
1095 2566 1143 2601 τὴν
1165 2566 1235 2593 κατὰ
1254 2566 1299 2593 τοῦ
1315 2566 1440 2601 Σωτῆρος
1459 2565 1536 2601 ἡμῶν
1551 2564 1694 2599 ἐπιϐουλὴν
1712 2572 1844 2590 συσκευα-

1056 2612 1176 2647 σάμενοι.

1088 2659 1166 2689 ,’Ὀτι,
1184 2659 1207 2684 εί
1220 2658 1325 2692 ἐχθρὸς
1340 2657 1476 2684 ὠνείδισὲ
1493 2666 1544 2691 με,
1561 2657 1716 2691 ὑπήνεγκα
1732 2655 1780 2687 ἂν,
1797 2654 1845 2680 καί

1055 2705 1080 2730 εί
1094 2705 1110 2730 ὁ
1123 2703 1221 2738 μισῶν
1233 2713 1271 2738 με
1286 2705 1331 2730 ἐπ’
1348 2704 1400 2738 ἐμὲ
1413 2703 1730 2738 ἑμεγαλορῤημόνησεν
1739 2721 1746 2733 ,
1760 2701 1844 2733 ἐκρύ-

1057 2750 1114 2782 ϐην
1126 2749 1164 2775 ἂν
1180 2749 1343 2776 ἀπἀῠτοῦ.
1356 2749 1397 2775 Σὺ
1414 2748 1456 2781 δὲ,
1473 2749 1608 2782 ἄνθρωπε
1624 2747 1763 2780 ὶσόψυχε,
1779 2745 1844 2778 flre-

1053 2794 1118 2829 μὼν
1141 2804 1201 2829 μου
1217 2794 1265 2822 καὶ
1282 2794 1396 2829 γνωστέ
1407 2803 1476 2829 μου,
1494 2794 1527 2826 ὃς
1542 2793 1591 2820 ἐπὶ
1604 2793 1636 2820 τὸ
1656 2791 1729 2819 αὐτὸ
1740 2791 1843 2818 ὲλίπα-

250 2882 274 2899 ’⁸
294 2881 367 2910 Psal.
384 2891 447 2916 χιι,
464 2884 507 2917 15,
525 2885 565 2911 14.
604 2885 627 2900 ⁸⁵
647 2885 712 2918 ibid.
734 2886 774 2913 Π.
813 2886 835 2901 ¹²⁶
856 2885 928 2913 Psai.
946 2893 1006 2913 cvm

1056 2886 1111 2918 ηδ.
1151 2886 1173 2902 ’⁷
1195 2885 1290 2913 Matth.
1310 2893 1396 2916 xxru,
1421 2884 1445 2918 Ι,
1464 2883 1491 2910 2.
