4098 6378
346 356 444 412 481

1473 342 1970 399 COMMENTARM
2011 342 2076 398 ΙΝ
2118 345 2460 402 PSALMOS.

3491 357 3599 410 48!

345 470 460 536 νάς
501 484 604 538 μοι
633 437 945 535 ’ἐδέσματα
969 503 984 529 ,
1035 465 1104 518 ἐν
1153 480 1233 529 τῳ
1280 463 1423 527 οἴκῳ
1455 461 1559 518 τοῦ
1595 463 1742 517 Θεοῦ
1788 463 1925 514 ἐπο-

2045 479 2170 517 neas
2197 472 2247 518 et
2277 473 2431 518 notus
2464 480 2610 520 meus
2637 481 2655 519 :
2679 467 2769 535 qui
2797 467 2956 520 simul
2986 483 3183 522 mecum
3228 469 3407 524 dulces
3435 473 3598 540 capie-
3657 467 3677 481 κ

340 564 640 632 ρεύθημεν
664 559 734 613 ἐν
761 559 1023 627 ὁμονοίᾳ.
1065 557 1157 618 Ei;
1186 554 1380 608 ἑαυτοῦ
1409 557 1697 626 πρόσωπον
1725 554 1925 608 ἀναλα-

349 653 459 708 ϐὼν
502 655 531 706 6
560 652 852 722 Προφήτης
883 650 950 702 τὰ
979 648 1118 702 κατὰ
1141 647 1237 700 τοῦ
1269 648 1516 718 Σωτῆρος
1545 646 1700 717 ἡμῶν
1725 645 1925 716 τολμη-

350 749 626 818 θησόμενα
651 785 665 808 ,
721 745 943 806 εἰκότως
972 743 1174 811 ἔφασκε
1195 740 1202 745 ’
1225 740 1554 812 τεταράχθαι
1607 741 1700 794 καὶ
1727 741 1925 803 δειλίας

350 841 578 896 θανάτου
612 836 1020 908 πεπληρῶσθαι.
1077 834 1326 887 Μάλιστα
1362 835 1459 904 μὲν
1492 831 1599 902 γὰρ
1633 832 1727 885 καὶ
1755 834 1921 896 πᾶσα,

351 930 534 1002 φησιν,
564 931 597 999 ἠ
624 929 777 990 πόλις
799 928 1123 998 πεπλήρωτο
1147 926 1373 995 ἀνομίας
1397 925 1492 977 καὶ
1513 923 1838 992 ἀντιλογίας,
1865 924 1924 974 ού

349 1023 417 1076 δι’
447 1023 656 1092 ἡμέρας
688 1020 866 1090 μόνον,
919 1018 1054 1070 ἀλλά
1083 1017 1175 1070 καὶ
1209 1017 1295 1069 διὰ
1327 1016 1520 1078 νυκτός
1545 1033 1557 1044 ·
1606 1015 1672 1067 τά
1701 1015 1744 1067 δ’
1772 1015 1926 1076 ἐκτὸς

349 1115 449 1185 τῆς
476 1112 682 1174 πόλεως
709 1111 851 1180 ἀμφὶ
885 1108 952 1162 τὰ
985 1109 1135 1179 τείχη
1167 1108 1334 1178 αὐτῆς
1367 1107 1595 1176 ἀνομίας
1627 1105 1836 1176 ἔμπλεα
1861 1102 1927 1176 ἦν

350 1204 445 1257 καὶ
471 1201 663 1270 ὀδύνης
688 1201 782 1253 καὶ
806 1200 1206 1268 ταλαιπωρίας·
1274 1199 1334 1250 ού
1373 1199 1476 1268 μὴν
1501 1197 1635 1250 ἀλλά
1667 1198 1761 1249 καὶ
1790 1198 1926 1250 πάν-

349 1311 456 1348 των
481 1290 660 1344 αὐτῶν
687 1292 742 1343 αἱ
767 1291 936 1360 ψυχαὶ
964 1289 1164 1360 ζημίας
1197 1288 1489 1358 ἐτύγχανον
1522 1290 1614 1341 καὶ
1636 1288 1929 1351 ἐπιθέσεως

355 1383 567 1455 μεσταί.
624 1382 696 1434 Τὸ
721 1383 777 1435 δὲ
802 1382 1016 1434 πάντων
1045 1382 1314 1450 χείριστον
1337 1419 1350 1442 ,
1406 1381 1487 1432 ὅτι
1521 1379 1614 1432 καὶ
1646 1379 1751 1430 τῶν
1781 1379 1929 1448 ἐμῶν

355 1473 620 1545 ίσοψύχων
640 1467 747 1537 εἷς,
783 1472 889 1524 τῶν
912 1488 971 1524 τε
1002 1471 1203 1548 σφόδρα
1233 1471 1523 1540 γνωρίμων
1556 1471 1648 1522 καὶ
1674 1471 1930 1538 γνωστῶν

352 1566 475 1637 ἔμοι
499 1604 514 1629 ,
557 1564 780 1617 τοιαῦτα
808 1564 926 1616 κατ’
956 1563 1090 1634 ὲμου
1124 1563 1519 1632 πεπαρῴνηκεν
1543 1601 1557 1624 ,
1586 1562 1661 1624 ὡς
1684 1561 1930 1633 ἀφόρητα

353 1650 490 1706 εἶναι
520 1692 534 1716 ,
571 1652 665 1706 καὶ
709 1653 809 1704 οὐκ
837 1649 1010 1704 οἰστά.
1084 1650 1168 1703 Τὰ
1201 1651 1296 1720 μὲν
1329 1650 1439 1720 γάρ
1485 1650 1574 1702 ὑπ’
1601 1650 1808 1721 ἐχθρῶν
1838 1653 1931 1704 καὶ

353 1744 755 1817 ὁμολογούντων
783 1739 1150 1796 ἐναντιοῦσθαι
1176 1742 1270 1794 καὶ
1303 1744 1480 1811 μισεῖν
1509 1744 1571 1793 ὲκ
1600 1742 1692 1794 τοῦ
1728 1759 1932 1813 προφα-

2026 557 2119 610 bas
2149 554 2316 619 cibos,
2349 556 2407 608 in
2434 554 2592 608 domo
2623 555 2724 609 Dei
2755 557 3138 612 ambulavimus
3167 576 3285 612 cum
3319 577 3597 618 consensu.
3675 549 3680 552 6

2026 645 2103 700 Ad
2155 647 2239 702 sui
2292 663 2581 716 personam
2625 649 2868 705 referens
2909 649 3179 721 PrOpheta
3228 653 3600 711 admittendos

2027 745 2218 790 contra
2252 736 2589 793 Salvatorem
2625 747 2874 794 nostrum
2905 755 3092 804 ausus,
3125 744 3250 811 jure
3283 745 3359 797 ait
3401 761 3460 799 se
3487 757 3600 799 tur-

2027 825 2214 879 batum
2257 835 2311 881 et
2351 827 2642 883 formidine
2682 830 2876 883 mortis
2909 831 3174 900 repletum
3203 847 3345 888 esse.
3380 833 3445 886 Et
3471 849 3598 888 vero

2033 923 2168 978 tota,
2221 914 2420 986 inquit,
2474 918 2670 974 civitas
2714 921 3002 988 iniquitate
3056 930 3110 976 et
3161 925 3600 980 contradictione

2029 1009 2187 1077 plena
2221 1019 2359 1074 erat,
2408 1024 2516 1063 non
2547 1009 2636 1064 die
2676 1013 2876 1076 solum,
2918 1014 3010 1068 sed
3043 1015 3208 1069 etiam
3258 1027 3436 1071 nocte.
3469 1016 3602 1082 Quae

2029 1109 2208 1153 autem
2240 1108 2393 1154 extra
2423 1100 2721 1166 civitatem,
2749 1104 2896 1157 circa
2920 1119 3105 1160 muros
3127 1105 3266 1174 ejus,
3291 1106 3597 1176 iniquitate,

1983 1234 1987 1236 .
2029 1188 2216 1243 dolore
2246 1198 2299 1243 et
2339 1190 2559 1245 miseria
2604 1194 2808 1260 repleta
2841 1204 3031 1262 erant;
3070 1197 3182 1250 imo
3210 1199 3374 1252 etiam
3406 1214 3597 1253 eorum

2030 1281 2272 1334 omnium
2306 1281 2501 1336 animae
2528 1283 2728 1339 damno
2759 1293 2814 1340 et
2839 1287 3046 1341 iusultu
3089 1288 3321 1344 refertas.
3356 1291 3423 1343 At
3452 1289 3600 1360 quod

2030 1371 2272 1422 omnium
2301 1371 2599 1438 pessimum
2639 1384 2776 1439 erat,
2809 1392 2954 1430 unus
2977 1393 3039 1432 cx
3081 1379 3151 1437 iis
3184 1381 3275 1449 qui
3313 1383 3603 1436 unanimes

2029 1468 2083 1512 et
2125 1459 2417 1515 admodum
2467 1464 2583 1517 noti
2630 1466 2764 1518 mihi
2807 1475 2984 1533 erant,
3022 1470 3226 1525 talibus
3276 1479 3466 1525 contra
3515 1487 3602 1528 me

2032 1548 2400 1606 debacchatus
2425 1561 2528 1618 est,
2556 1571 2676 1625 quae
2703 1557 3062 1612 intolerabilia
3091 1570 3145 1614 et
3176 1562 3491 1617 nullatenus
3523 1563 3604 1618 fe-

2032 1641 2201 1696 renda
2240 1644 2370 1697 sint.
2404 1644 2616 1701 Etenim
2643 1648 2712 1702 ab
2750 1649 2988 1705 inimicis
3016 1658 3069 1705 et
3100 1652 3167 1705 iis
3199 1653 3294 1722 qui
3339 1669 3398 1708 se
3422 1655 3601 1722 palam

2035 1731 2386 1789 adversarios
2426 1743 2480 1790 et
2529 1737 2774 1794 infensos
2818 1755 2940 1794 esse
2984 1741 3329 1810 profitentur,
3379 1742 3603 1798 ferenda

353 1835 498 1901 νοῦς,
515 1832 671 1889 οἰστά
691 1834 757 1888 ἂν
772 1832 1011 1902 γένοιντό
1027 1847 1157 1884 ποτε
1173 1849 1184 1860 ·
1212 1832 1334 1883 ἐπεὶ
1352 1832 1444 1884 καὶ
1465 1831 1930 1901 προφυλάττεσθαι

2045 1819 2264 1875 forsitan
2294 1834 2500 1889 esseut,
2535 1828 2665 1895 quia
2701 1828 2952 1883 inimicos
2996 1845 3194 1885 cavere
3238 1832 3308 1886 ab
3337 1831 3515 1901 iisque
3545 1847 3606 1886 se

353 1925 480 1988 τοὺς
507 1923 733 1996 ἐχθροὺς
762 1921 1102 1995 κρύπτεσθαί
1134 1939 1193 1975 τε
1225 1922 1319 1974 ἀπ’
1352 1921 1531 1974 αὐτῶν
1563 1921 1806 1986 δυνατὸν,
1839 1921 1932 1974 καὶ⁸

359 2017 523 2088 μηδὲν
553 2015 702 2082 ξένον
729 2013 980 2085 ἡγεῖσθαι
1002 2013 1129 2076 τοὺς
1157 2012 1267 2065 τῶν
1307 2011 1519 2082 ἐχθρῶν
1560 2011 1893 2081 ὀνειδισμούς
1914 2027 1927 2042 ·

355 2109 482 2162 ὅταν
509 2108 566 2161 δὲ
603 2107 753 2176 φίλος
788 2105 1038 2175 ίσόψυχος
1062 2142 1076 2166 ,
1112 2103 1240 2156 ὅταν
1270 2105 1300 2156 6
1332 2104 1432 2174 τῆς
1460 2105 1588 2174 παρ’
1618 2104 1740 2173 ἐμοὶ⁴
1769 2104 1932 2173 τιμῆς

355 2214 415 2250 τε
447 2197 542 2251 καὶ
562 2196 790 2266 ὲκλογῆς
816 2192 1222 2263 κατηξιωμένος
1241 2233 1255 2256 ,
1285 2194 1411 2246 ὅταν
1433 2191 1806 2263 ὁμοτράπεζος
1832 2209 1934 2258 μα-

357 2286 526 2357 θητὴς
543 2327 557 2351 ,
583 2288 711 2339 ὅταν
739 2287 767 2337 6
793 2283 1148 2337 συνεισελθὼν
1181 2284 1305 2354 ἐμοὶ
1337 2281 1597 2344 πολλάκις
1625 2284 1703 2344 εἰς
1725 2281 1816 2334 τὸν
1839 2281 1932 2333 τοῦ
1981 2287 1984 2290 ’

355 2376 492 2430 Θεοῦ
519 2372 687 2441 οἷκον,
723 2373 1272 2446 συμπροσευξάμενός
1298 2391 1359 2426 τε
1386 2373 1482 2427 καὶ
1508 2373 1773 2443 μυστικῆς
1804 2373 1937 2424 ἀπο-

357 2467 560 2529 λαύσας
588 2467 824 2538 τροφῆς,
860 2466 1034 2534 λόγων
1063 2482 1122 2517 τε
1156 2467 1483 2535 ἀπορρήτων
1527 2463 1637 2515 τῶν
1677 2463 1806 2532 περὶ
1837 2463 1937 2531 τῆς

362 2559 633 2631 βασιλείας
655 2559 760 2613 τῶν
785 2557 1030 2629 οὐρανῶν
1063 2556 1376 2626 μετασχὼν,
1408 2554 1633 2609 τοιαῦτα
1656 2555 1775 2608 κατ’
1802 2553 1936 2623 ἐμοῦ

357 2649 500 2721 δρῶν
519 2689 533 2713 ,
563 2649 741 2701 οὐκέτ’
765 2649 828 2700 ἂν
858 2649 1067 2716 γένοιτο
1094 2647 1314 2700 ἀνεκτά.
1347 2646 1534 2716 Ταῦτα
1554 2647 1611 2698 δὲ
1631 2644 1938 2706 ἀκολούθως

363 2740 502 2811 μετά
529 2740 596 2792 τὰ
631 2738 997 2809 προλεχθὲντα
1032 2739 1160 2808 περὶ
1188 2736 1294 2789 τῶν
1327 2736 1385 2788 ὲν
1407 2739 1474 2806 τῇ
1507 2735 1656 2787 πόλει
1679 2733 1942 2802 τετολμη-

244 2843 254 2851 ”
363 2817 563 2900 μένων,
597 2830 742 2891 ἰδίως
778 2829 908 2899 περὶ
948 2827 1041 2881 τοῦ
1089 2827 1349 2896 προδότου
1391 2826 1560 2879 Ἰούδα
1603 2824 1938 2886 ὲθεσπίζετο.

368 2923 435 2973 Ἀ
450 2920 515 2990 δὴ
535 2920 626 2972 καὶ
651 2918 788 2972 αύτά
806 2917 992 2971 τοῦτον
1016 2919 1044 2970 6
1061 2917 1351 2988 Σύμμαχος
1374 2917 1683 2988 ἡρμήνευσε
1705 2915 1795 2967 τὸν
1817 2914 1911 2984 τρό
1925 2944 1940 2953 -

363 3028 494 3064 πον·
536 3013 616 3064 Οὐ
671 3009 781 3079 γὰρ
815 3008 1028 3078 ἐχθρὸς
1056 3007 1504 3076 προεπηλάκισέ
1529 3025 1639 3076 με,
1693 3007 1792 3059 ἵνα
1830 3006 1943 3069 βα-

2033 1913 2312 1966 occultare
2351 1914 2405 1966 in
2437 1925 2689 1986 promptu
2720 1927 2823 1986 est,
2861 1928 3024 1990 atque
3059 1922 3351 1990 opprobria
3394 1922 3606 1976 inimici

2035 2019 2146 2058 non
2174 2020 2272 2072 pro
2301 2021 2359 2061 re
2388 2008 2562 2062 aliena
2605 2019 2658 2063 et
2687 2011 2946 2065 inusitata
2981 2013 3266 2067 habentur.
3299 2013 3368 2066 At
3399 2029 3524 2068 cum
3558 2015 3607 2068 is

2036 2098 2129 2166 qui
2157 2098 2366 2154 amicus
2399 2103 2696 2166 unanimis,
2743 2117 2868 2157 cum
2900 2104 2947 2158 is
2980 2105 3073 2174 qui
3106 2120 3136 2158 a
3180 2120 3268 2161 me
3315 2106 3522 2161 honore
3551 2112 3607 2160 et

2035 2189 2300 2244 electione
2331 2190 2586 2261 dignatus
2628 2200 2733 2256 est,
2762 2207 2886 2247 cum
2935 2209 3138 2249 mensae
3165 2210 3395 2252 consors
3431 2179 3608 2251 disci-

2037 2279 2221 2347 pulus,
2264 2281 2436 2350 quiin
2473 2283 2694 2336 domum
2739 2283 2830 2337 Dei
2881 2299 3023 2354 sape
3073 2299 3284 2340 mecum
3326 2287 3608 2353 ingressus

2036 2379 2141 2435 est,
2188 2378 2352 2439 atque
2394 2387 2503 2426 una
2553 2384 2829 2442 precatus,
2876 2377 3109 2446 mystico
3157 2377 3280 2432 cibo
3328 2394 3483 2441 usus,
3515 2379 3608 2450 qui

2039 2476 2240 2516 arcana
2279 2462 2348 2516 de
2391 2477 2560 2532 regno
2605 2465 2869 2520 cmlorum
2917 2467 3084 2520 verba
3132 2478 3440 2536 acceperat,
3482 2471 3612 2523 talia

2039 2561 2230 2607 contra
2263 2568 2348 2606 me
2370 2555 2578 2622 egerit;
2605 2570 2669 2607 ea
2700 2571 2831 2609 sane
2868 2571 2976 2610 non
3009 2557 3253 2611 ferenda.
3290 2558 3415 2614 Haec
3447 2575 3614 2629 porro

2040 2649 2441 2710 consequenter
2467 2651 2588 2711 post
2633 2659 2696 2696 ea
2730 2660 2852 2712 qua:
2894 2646 2962 2699 de
3005 2646 3346 2703 facinoribus
3388 2651 3443 2702 in
3476 2649 3617 2704 civi-

2043 2741 2154 2787 tate
2173 2731 2434 2786 admissis
2456 2733 2716 2802 pmdieta
2747 2743 2896 2797 sunt,
2928 2736 2996 2790 de
3017 2737 3296 2804 proditore
3321 2736 3461 2792 Iuda
3487 2752 3610 2808 spe-

2041 2824 2225 2877 ciatim
2273 2823 2694 2878 vaticinabatur.
2745 2824 2877 2888 Quae
2909 2823 3269 2894 Symmachus
3302 2827 3407 2881 hoc
3446 2835 3614 2895 pacto

2046 2915 2434 2984 interpretatus
2466 2923 2588 2970 est:
2636 2914 2760 2968 Non
2789 2916 3032 2969 inimicus
3066 2917 3375 2985 vituperavit
3413 2934 3514 2982 me,
3558 2927 3613 2972 ut

2045 3009 2244 3076 feram;
2283 3023 2445 3077 neque
2478 3023 2569 3075 per
2601 3006 2779 3060 odium
2819 3009 2922 3060 mei
2969 3008 3324 3084 magniﬁcavit
3363 3024 3518 3077 super
3537 3025 3620 3063 nte

362 3101 593 3165 στάξω·
654 3100 795 3154 οὐδὲ
823 3101 920 3154 διὰ
965 3101 1189 3168 μίσους
1215 3116 1318 3166 μοι
1349 3100 1440 3152 ἐπ’
1470 3098 1573 3167 ἐμὲ
1613 3097 1943 3167 ἐμεγάλυνε

2045 3099 2548 3169 supplantationem,
2590 3108 2646 3152 ut
2669 3098 2966 3154 abscondar
3007 3097 3071 3152 ab
3111 3115 3192 3154 eo.
3238 3097 3340 3153 Sed
3373 3108 3428 3152 tu
3453 3095 3620 3152 Ἰιοιιιο

364 3193 746 3260 πτερνισμὸν,
781 3193 882 3244 ἵνα
917 3191 1212 3258 κρύϐωμαι
1241 3190 1446 3245 αὐτόν.
1497 3188 1670 3242 Ἀλλὰ
1702 3189 1804 3252 σὺ,
1838 3187 1944 3241 ἄν·

362 3287 576 3352 θρωπε,
605 3284 992 3352 ὁμοιότροπος
1023 3297 1132 3350 μοι
1154 3319 1168 3345 ,
1219 3279 1494 3348 συνήθης
1522 3280 1621 3334 καὶ
1656 3279 1945 3350 γνώριμός

358 3395 458 3447 μοι
478 3415 493 3440 ,
528 3378 744 3441 οἵτινες
781 3376 1318 3444 ἑκοινολογούμεθα
1347 3371 1636 3443 γλυκεῖαν
1651 3372 1941 3440 ,ὁμιλίαν-ο

362 3468 432 3519 ἐν
463 3465 542 3532 τῷ
569 3468 714 3530 οῑκῳ
748 3465 856 3520 τοῦ
886 3465 1034 3520 Θεοῦ
1068 3465 1562 3533 ἀναστρεφόμεθα
1593 3459 1946 3517 συνδιαιτώο

360 3574 544 3626 μενοι.

451 3650 700 3704 Ἐλθέτω
730 3649 984 3714 θάνατος
1013 3649 1103 3702 ἐπ’
1125 3647 1365 3712 αὐτοὺς,
1397 3647 1496 3699 καὶ
1518 3644 1950 3711 καταϐήτωσαν

366 3745 452 3806 εἰς
483 3741 630 3807 ᾅδου
671 3740 881 3806 ζῶντες
907 3757 921 3770 ο
958 3740 1048 3793 ὅτι
1075 3740 1331 3806 πονηρία
1352 3738 1420 3791 ὲν
1460 3737 1589 3802 ταῖς
1614 3735 1951 3803 παροικίαις

367 3832 585 3897 αὐτῶν,
606 3831 862 3901 ἐνμέσῳ
882 3829 1100 3892 αὐτῶν.
1136 3830 1276 3899 Ἤδη
1301 3829 1559 3891 πολλάκις
1586 3829 1717 3897 ἡμῖν
1743 3827 1838 3879 καὶ
1864 3825 1952 3878 διὰ

369 3923 477 3978 τῶν
533 3923 840 3994 ἔμπροσθεν
892 3921 1309 3983 ἀποδέδεικται,
1357 3921 1442 3972 ὅτι
1485 3919 1556 3972 τά
1605 3917 1950 3989 προῤῥητικά

371 4014 756 4087 προστακτικῷ
776 4015 962 4085 τρόπῳ
983 4013 1104 4077 ἔθος
1121 4016 1188 4085 τῇ
1210 4012 1330 4083 θείᾳ
1345 4013 1533 4082 Γραφῇ
1548 4008 1917 4080 προφέρεσθαι
1935 4025 1950 4039 ο

373 4107 466 4159 καὶ
498 4104 732 4159 ἐνταῦθα
765 4105 945 4158 τοίνυν
977 4105 1097 4158 ἀντὶ
1137 4104 1264 4169 τοῦ,
1322 4103 1664 4156 Ἐλεύσεται
1698 4100 1951 4166 θάνατος

373 4199 463 4252 ἐπ’
502 4198 725 4264 αὐτοὺς
749 4237 763 4261 ,
812 4198 909 4252 καὶ
950 4195 1394 4264 καταϐήσονται
1427 4196 1512 4259 εὶς
1545 4192 1693 4260 ᾅδου
1719 4189 1953 4256 ζῶντες,

373 4287 792 4364 προστακτικῶς
839 4287 1052 4358 εἴρηται
1102 4285 1169 4340 τὰ
1200 4285 1555 4356 προκείμενα.
1611 4281 1867 4346 Θεσπίζει
1899 4281 1956 4334 δὲ

382 4381 436 4433 τὺ
474 4378 699 4449 Πνεῦμα
732 4381 793 4431 τὸ
823 4379 978 4446 ἀγιον
1021 4377 1090 4430 τὰ
1122 4376 1511 4447 συμϐησόμενα
1555 4376 1666 4436 τοῖς
1717 4373 1784 4426 τὰ
1817 4389 1952 4444 προ-

2049 3193 2204 3245 unius
2240 3193 2427 3255 moris,
2457 3191 2747 3258 familiaris
2777 3198 2825 3244 et
2855 3199 3009 3244 notus
3042 3190 3193 3250 mihi,
3221 3191 3312 3261 qui
3330 3189 3482 3244 dulce
3510 3191 3622 3244 col-

2049 3282 2281 3350 loquium
2313 3281 2660 3336 miscebamus
2694 3297 2712 3333 :
2747 3282 2802 3334 in
2841 3281 2998 3336 domo
3030 3280 3130 3335 Dei
3159 3297 3429 3336 versamur
3460 3281 3626 3338 simul

2046 3376 2289 3431 virentes.

2123 3642 2290 3698 Vsus.
2323 3642 2410 3697 16.
2460 3641 2648 3695 Veniat
2675 3639 2824 3694 mors
2861 3655 3015 3707 super
3039 3639 3182 3704 illos,
3222 3647 3271 3693 et
3306 3635 3626 3692 descendant

2051 3735 2108 3787 in
2139 3734 2406 3802 infernum
2443 3733 2663 3786 virentes
2687 3748 2705 3784 :
2757 3733 3005 3802 quoniam
3046 3732 3275 3801 nequitia
3317 3730 3374 3784 in
3415 3729 3629 3784 habita-

2053 3821 2283 3875 tionibus
2330 3837 2534 3883 eorum,
2565 3822 2622 3874 in
2671 3822 2844 3876 medio
2881 3836 3084 3876 eorunt.
3128 3817 3248 3872 Iam
3299 3820 3556 3889 superius
3596 3834 3628 3873 a

2053 3912 2214 3966 nobis
2247 3912 2569 3980 plerumque
2610 3911 3046 3964 demonstratum
3093 3919 3199 3972 est,
3235 3910 3416 3963 futura
3452 3912 3628 3979 impe-

2053 4002 2230 4056 rativo
2275 4001 2437 4054 modo
2479 4000 2719 4054 divinam
2757 3998 3102 4068 Scripturam
3131 3998 3378 4067 proferre
3411 4001 3631 4066 solere;

2055 4091 2146 4145 hic
2175 4091 2342 4160 igitur
2365 4089 2685 4150 locoillius,
2723 4087 2903 4140 Veniet
2935 4103 3075 4140 mors
3105 4101 3259 4152 super
3284 4087 3430 4149 illos,
3462 4097 3511 4140 et
3541 4085 3633 4142 deo

2056 4181 2300 4237 scendent
2353 4181 2407 4235 in
2453 4179 2716 4248 infernum
2764 4179 3006 4242 viventes,
3061 4177 3248 4232 eadem
3310 4177 3632 4243 imperativo

2058 4273 2219 4329 modo
2258 4273 2401 4327 dicta
2424 4285 2569 4328 sunt.
2598 4271 2940 4325 Vaticinatur
2964 4283 3124 4338 porro
3150 4266 3387 4337 Spiritus
3409 4275 3635 4330 sanctus

2059 4383 2181 4438 quae
2212 4372 2476 4422 eventura
2503 4364 2613 4419 sint
2636 4363 2726 4425 iis,
2763 4362 2854 4432 qui
2889 4375 3055 4430 supra
3082 4366 3380 4414 memorata
3411 4358 3638 4427 aggredi

376 4446 636 4544 λεχθέντα
661 4470 1070 4540 τετολμηκόσιν.
1143 4446 1203 4521 '07
1237 4467 1368 4532 γοῦν
1414 4466 1641 4528 ’Δκύλας
1673 4463 1943 4536 ὁρθότεροη

2066 4455 2185 4510 ausi
2222 4459 2372 4508 sunt.
2426 4450 2623 4520 Aquila
2673 4459 2822 4503 certe
2869 4447 3076 4502 rectius
3120 4446 3508 4514 interpretatus
3550 4452 3636 4498 est

375 4564 718 4635 ἡρμήνευσεν
764 4560 962 4614 είπὼνο
1028 4557 1260 4623 Ἐπάξει
1294 4558 1556 4613 θάνατον
1586 4557 1678 4610 ἐπ’
1711 4557 1954 4620 αὐτούς.

377 4653 474 4716 Τίς
505 4653 562 4708 δὲ
587 4652 818 4707 θάνατον
845 4651 1034 4716 ἑπάξει
1083 4650 1167 4702 ἐπ’
1199 4650 1396 4712 αὐτοὺς
1484 4651 1550 4702 τὰ
1581 4647 1718 4720 ἔργα
1745 4645 1954 4710 αύτῶν;

379 4744 528 4797 Absit
550 4743 658 4814 γὰρ
686 4745 867 4806 αὐτοῖς
889 4743 1038 4796 αῐτια
1061 4741 1349 4810 γεγένηται
1381 4739 1633 4798 θανάτου.
1659 4739 1692 4808 ἢ
1715 4741 1743 4792 6
1765 4738 1957 4810 κρίνας

379 4836 574 4899 αὐτοὺς
590 4835 821 4890 θανάτου
844 4835 1025 4902 ἀξίους
1045 4834 1132 4887 διὰ
1152 4835 1250 4897 τάς
1269 4833 1484 4896 ἀσεϐεῖς
1506 4830 1735 4902 πράξεις
1755 4828 1955 4883 αὐτῶν.

381 4925 621 4990 Θάνατος
656 4926 715 4980 δὲ
746 4928 871 4989 τοὺς
909 4926 1122 4990 ἀσεϐεῖς
1159 4923 1551 4994 μετερχόμενος
1591 4925 1690 4992 οὐχ
1721 4925 1750 4976 ὁ
1782 4921 1961 4983 κοινὸς

383 5014 449 5068 ἂν
476 5015 685 5084 λέγοιτο
703 5034 716 5047 ο
741 5011 894 5079 οὗτος
919 5016 1026 5086 γὰρ
1053 5016 1148 5069 καὶ
1173 5017 1298 5078 τοὺς
1321 5014 1563 5077 δικαίους
1591 5014 1839 5075 ἅπαντας
1867 5029 1963 5082 με·

319 5122 324 5123 ί
382 5101 608 5171 τῆλθεν·
653 5104 702 5156 οἳ
750 5104 844 5157 καὶ
887 5103 1024 5174 μετά
1053 5103 1144 5158 τὸν
1191 5103 1366 5156 κοινὸν
1393 5103 1620 5156 θάνατον
1648 5101 1783 5166 ζῶσι
1811 5101 1961 5172 παρά

383 5191 462 5262 τῷ
481 5192 598 5263 Θεῷ
614 5211 627 5223 ·
657 5192 845 5265 ὥσπερ
866 5189 959 5248 οὖν
981 5193 1215 5261 ἐδίδαξεν
1233 5196 1261 5247 6
1285 5193 1475 5264 Σωτὴρ
1501 5191 1696 5247 εἰπών’
1732 5193 1794 5245 '0
1818 5191 1963 5256 Θεὸς

397 5284 683 5355 Ἀϐραὰμ,
714 5284 812 5340 καί
843 5289 876 5340 ὀ
902 5287 1045 5353 Θεὸς
1087 5286 1292 5341 Ἰσαὰκ
1309 5326 1324 5350 ,
1355 5286 1452 5340 καί
1487 5288 1520 5338 6
1549 5285 1693 5350 Θεὸς
1736 5283 1962 5346 Ἰακὼϐ,

386 5378 499 5430 οὐκ
538 5376 672 5431 ἔστι
718 5379 861 5444 Θεὸς
887 5377 1114 5446 νεκρῶν
1137 5419 1152 5440 ,
1187 5377 1348 5432 ἀλλὰ
1380 5375 1639 5437 ζώντων’
1698 5374 1884 5445 ψυχῶν
1908 5374 1966 5428 δὲ

389 5465 618 5532 θάνατος
651 5470 743 5523 καὶ
779 5468 931 5540 παρὰ
955 5469 1032 5540 τῷ
1074 5468 1322 5542 Ἐζεκιὴλ
1347 5468 1642 5538 δεδήλωται
1669 5467 1962 5536 φάσκοντι·

397 5559 574 5628 Ψυχὴ
630 5559 1059 5629 ἁμαρτάνουσα
1083 5599 1098 5625 ,
1151 5560 1304 5628 αὕτη
1355 5558 1759 5615 ἀποθανεῖται.
1818 5557 1970 5611 Ἐπεὶ

467 5740 512 5773 ’⁸
552 5738 740 5793 καιιὶι.
776 5749 933 5804 xm“,
967 5737 1056 5793 32.
1133 5739 1178 5773 "
1222 5737 1418 5791 Ezech.
1454 5750 1622 5801 mu,
1659 5736 1716 5791 4.

2068 4547 2154 4601 his
2181 4544 2364 4600 verbis
2393 4563 2405 4598 :
2435 4541 2656 4596 Inducet
2689 4551 2909 4594 mortem
2942 4554 3098 4607 super
3117 4553 3224 4592 eos.
3254 4534 3389 4601 Quis
3415 4535 3637 4588 inducet

2065 4645 2298 4693 mortem
2327 4651 2492 4706 super
2515 4647 2636 4696 eos,
2669 4633 2774 4687 nisi
2815 4645 2981 4700 opera
3012 4627 3293 4699 ipsorum?
3321 4624 3446 4679 Haec
3488 4626 3636 4679 enim
3726 4645 3727 4648 η

2065 4731 2200 4800 ipsis
2242 4729 2435 4784 mortis
2483 4741 2649 4782 causa
2701 4731 2864 4779 erunt
2917 4721 3119 4791 potius,
3151 4732 3315 4787 quam
3364 4715 3412 4771 is
3441 4715 3638 4786 qui‘ob

2068 4823 2234 4890 impia
2283 4827 2434 4891 gesta
2482 4826 2659 4878 morte
2689 4816 2883 4885 dignos
2920 4811 3205 4881 judicavit.
3260 4806 3406 4862 Mors
3454 4816 3638 4862 autem

2069 4913 2276 4983 impios,
2300 4911 2585 4972 invadens,
2617 4921 2726 4960 non
2765 4901 3073 4958 communis
3118 4897 3638 4983 aestimandapnam

2067 5019 2131 5060 ea
2153 5004 2334 5072 justos
2365 5013 2580 5070 quoque
2605 5009 2796 5051 omnes
2826 4991 2978 5056 adiit,
3009 4989 3102 5059 qui
3129 4989 3294 5043 etiam
3336 4993 3460 5057 post
3490 4999 3645 5038 com-

2071 5110 2290 5150 munem
2332 5097 2564 5147 mortem
2618 5087 2810 5141 vivunt
2845 5082 2988 5153 apud
3029 5079 3232 5145 Deum;
3282 5074 3644 5146 quemadmo-

2069 5188 2196 5244 dum
2235 5185 2421 5240 docuit
2448 5181 2698 5237 Salvator
2727 5177 2914 5232 dicens
2945 5174 3120 5229 :Deus
3159 5169 3454 5230 Abraham,
3501 5165 3644 5218 Deus

2072 5281 2254 5342 Isaac,
2290 5261 2340 5332 et
2369 5277 2509 5332 Deus
2539 5271 2729 5334 Iacob,
2772 5285 2874 5322 non
2901 5275 2981 5321 est
3007 5264 3148 5319 Deus
3178 5270 3529 5320 mortuorum,
3552 5253 3643 5310 sed

2073 5370 2372 5426 vivorum"
2414 5375 2510 5422 :et
2558 5362 2704 5434 apud
2751 5358 3088 5414 Ezechielem
3135 5369 3284 5408 mors
3339 5352 3646 5405 animarum

2075 5463 2382 5522 declaratur
2413 5457 2497 5514 his
2527 5456 2710 5513 verbis
2746 5470 2759 5508 :
2787 5453 3000 5506 Anima
3026 5464 3143 5519 qua:
3187 5443 3497 5515 peccaverit,
3530 5441 3649 5508 ipsa

2075 5555 2331 5610 morietur
2351 5553 2420 5606 ".
2445 5547 2717 5618 Quoniam
2749 5545 2912 5616 igitur
2948 5543 3018 5607 ii,
3045 5540 3115 5596 de
3153 5538 3354 5622 quibus
3393 5546 3583 5606 supra,
3616 5544 3650 5624 η
