4098 6380
502 349 610 402 483

1186 347 1452 407 EUSEBII
1491 350 1966 414 CESARIENSIS
2001 353 2149 409 OI'P.
2196 352 2376 410 PARS
2413 352 2502 412 Ill.
2542 388 2609 398 —
2647 354 3060 412 EXEGETICA.

3653 362 3762 419 484

501 463 612 513 vita
668 458 880 530 seipsos
921 471 1300 530 segregarunt,
1339 462 1700 534 Salvatorque
1747 475 1934 521 noster
1963 465 2050 520 vit:

2178 468 2356 520 τοίνυν
2389 469 2612 531 ἑαυτοὺς
2643 467 2741 538 τῆς
2774 466 2921 538 ζωῆς
2941 469 2992 520 οἱ
3023 467 3340 539 δηλούμενοι
3368 469 3757 540 κεχωρίκασινο

499 559 656 617 erat;
689 567 814 605 nam
843 552 982 621 quod
1018 553 1218 621 factum
1249 565 1325 608 est
1361 557 1416 608 in
1444 557 1556 624 ipso
1591 557 1698 610 vita
1727 569 1863 620 erat,
1885 568 1934 612 et
1967 560 2073 612 vita

495 651 612 695 erat
645 641 737 694 tux
758 642 1030 695 hominum
1056 645 1069 673 '
1098 661 1113 708 ;
1143 643 1266 712 jure
1303 659 1427 698 cum
1456 662 1578 702 sese
1607 648 1675 702 ab
1700 649 1820 717 ipso
1854 663 2074 718 separa-

498 732 696 797 vcrint,
739 734 901 785 morti
952 733 1147 788 anima:
1202 733 1389 788 traditi
1429 743 1558 789 sunt
1585 751 1736 791 :.non
1765 737 1909 805 quod
1953 737 2070 806 ipsa

497 831 884 894 corrumpatur
914 833 1007 878 aut
1039 825 1305 885 deleatur.
1343 826 1397 880 in
1430 827 1661 881 nihilum
1697 828 1945 896 redacta;
1976 829 2070 884 sed

495 914 642 983 quod
683 917 871 969 vivens
918 915 1008 968 illa
1051 925 1104 968 et
1147 915 1442 970 immortali
1494 924 1688 970 natura
1724 919 1970 988 praedita,
2016 919 2069 973 in

497 1004 757 1074 pradicta
785 1014 959 1060 morte
986 1013 1257 1060 versetur.
1287 1005 1468 1072 Quare
1500 1007 1707 1062 dictum
1732 1017 1816 1063 est
1845 1028 1857 1062 :
1889 1009 1956 1062 Et
1977 1009 2070 1062 de-

495 1097 748 1151 scendant
771 1099 824 1150 in
857 1099 1120 1166 infernum
1153 1100 1390 1152 viventes.
1430 1099 1548 1155 Non
1576 1101 1721 1155 enim
1759 1102 2066 1156 animarum

493 1187 922 1242 destructionem
959 1189 1043 1242 his
1095 1189 1436 1259 signiﬁcabat
1470 1210 1482 1244 :
1525 1191 1710 1246 Veniat
1736 1210 1878 1247 mors
1914 1211 2068 1262 super

491 1279 649 1343 iltos;
702 1280 797 1334 sed
852 1281 1253 1350 separationem
1314 1298 1343 1335 a
1396 1283 1526 1344 vita,
1585 1299 1706 1352 quae
1765 1286 2064 1339 secundum

491 1367 658 1422 Deum
698 1377 801 1433 est,
849 1377 904 1424 et
935 1369 1333 1427 habitationem
1380 1373 1436 1426 in
1484 1371 1720 1428 inferno.
1754 1373 1891 1427 Num
1928 1374 2066 1429 forte

489 1458 722 1523 dicatur,
765 1460 872 1515 alio
917 1460 1081 1514 modo
1109 1462 1355 1517 viventes
1385 1467 1536 1533 ipsos
1580 1466 1634 1518 in
1667 1464 1938 1519 infernum
1972 1465 2068 1519 de-

488 1549 790 1614 scendisse,
826 1550 880 1604 in
906 1551 1099 1606 notitia
1129 1552 1338 1606 scilicet
1372 1562 1687 1622 peccantes,
1720 1569 1784 1608 ac
1825 1555 2064 1609 scientes

485 1641 705 1710 quidem
750 1641 1090 1696 Salvatorem
1131 1658 1255 1699 esse
1297 1643 1578 1700 Christum
1637 1644 1765 1708 Dei,
1813 1646 1906 1700 sed
1954 1661 2062 1700 non

483 1748 608 1788 esse
644 1734 1006 1789 simulantes?
1037 1735 1218 1800 Quare
1273 1736 1498 1804 perinde
1546 1747 1708 1806 atque
1752 1737 1964 1791 Dathan
2007 1747 2063 1793 et

2173 554 2240 629 ἦν
2272 561 2327 612 δὲ
2350 562 2378 612 6
2406 561 2595 630 Σωτὴρ
2621 558 2777 629 ἡμῶν
2809 562 2842 630 ὴ
2866 559 2978 630 ζωή
2998 578 3011 590 ·
3051 563 3120 612 '0
3141 560 3348 630 γέγονε
3370 563 3479 631 γὰρ
3503 561 3573 614 ἐν
3597 563 3759 630 αὐτῷ

2174 650 2288 717 ζωὴ
2323 648 2402 720 ἦν
2425 691 2439 713 ,
2492 653 2587 704 καὶ
2638 654 2677 719 ἠ
2719 650 2830 719 ζωὴ
2880 648 2958 720 ἦν
2986 659 3050 705 τὸ
3087 653 3211 722 φῶς
3248 653 3366 706 τῶν
3392 653 3751 720 ἀνθρώπων·

2175 741 2425 804 εἰκότως,
2453 741 2859 811 ἀποτμηθέντες
2890 741 3052 795 αὑτοῦ
3070 781 3085 806 ,
3115 743 3192 813 τῷ
3218 743 3319 813 τῆς
3341 744 3518 815 ψυχῆς
3539 745 3755 816 Θανάτῳ

2173 831 2547 902 παρεδόθησαν
2567 848 2579 861 ·
2599 833 2697 901 οὐχ
2716 830 2855 884 ὥστε
2875 831 3146 902 φθαρῆναι
3163 834 3330 905 αὐτὴν
3348 836 3441 888 καὶ
3456 834 3754 904 άφανισθῆ·

2171 940 2256 975 ναι
2286 924 2366 986 είς
2389 921 2450 974 τὸ
2481 922 2554 992 μὴ
2575 922 2634 974 ὃν
2656 923 2983 993 χωρήσασαν
3005 956 3020 984 ,
3054 922 3167 974 ἀλλ’
3201 922 3342 976 ὥστε
3374 923 3555 988 ζῶσαν
3581 925 3753 996 αὐτὴν

2171 1015 2265 1068 καὶ
2297 1014 2560 1067 ἀθάνατον
2592 1015 2691 1086 τὴν
2722 1015 2908 1068 οὐσίαν
2943 1014 3286 1084 κεκτημένην
3319 1017 3376 1066 ἐν
3403 1013 3480 1084 τῷ
3505 1014 3750 1085 λεχθέντι

2171 1103 2386 1175 θανάτῳ
2417 1105 2644 1173 διάγειν.
2712 1105 2806 1157 Διὸ
2840 1104 3128 1157 λέλεκται·
3183 1105 3292 1159 Καὶ
3317 1105 3750 1174 καταϐήτωσαν

2168 1199 2252 1262 εὶς
2285 1195 2432 1262 ᾅδου
2465 1195 2693 1262 ζῶντες.
2742 1197 2815 1249 Ού
2874 1195 2964 1249 τὸν
2995 1196 3300 1266 ἀφανισμὸν
3329 1195 3514 1266 ψυχῶν
3557 1196 3748 1267 ἐδήλου

2169 1287 2342 1354 λέγων
2361 1303 2374 1317 ο
2417 1287 2672 1341 Ἐλθέτω
2697 1287 2953 1352 θάνατος
2977 1287 3068 1340 ἐπ’
3095 1287 3315 1353 αὐτοὺς
3335 1326 3349 1349 ,
3374 1285 3508 1340 ἀλλὰ
3529 1287 3619 1339 τὸν
3640 1287 3748 1340 άπὸ

2168 1378 2267 1447 τῆς
2295 1377 2432 1431 κατὰ
2463 1376 2594 1430 Θεὸν
2625 1374 2769 1447 ζωῆς
2798 1373 3075 1447 χωρισμὸν
3096 1414 3111 1438 ,
3141 1375 3236 1429 καὶ
3268 1377 3368 1446 τὴν
3393 1377 3471 1440 είς
3498 1376 3589 1429 τὸν
3613 1375 3746 1447 ᾅδην

2167 1470 2502 1539 κατοίκησιν.
2554 1470 2778 1539 Μήποτε
2821 1469 2877 1521 δέ
2909 1468 3003 1521 καὶ
3035 1467 3209 1531 άλλως
3253 1467 3453 1532 ζῶντες
3482 1469 3562 1530 είς
3614 1468 3744 1538 ᾅδου

2167 1558 2436 1628 κατῄεσαν
2461 1596 2474 1618 ,
2509 1559 2566 1608 ἐν
2597 1555 2795 1624 γνώσει
2819 1557 3221 1628 ἁμαρτάνοντες
3240 1598 3256 1622 ,
3288 1557 3382 1610 καὶ
3409 1557 3609 1620 ειδότες
3645 1556 3745 1626 μὲν

2163 1649 2254 1702 τὸν
2285 1649 2510 1720 Σωτῆρα
2535 1648 2611 1711 ὡς
2642 1647 2803 1711 αὐτὸς
2829 1644 2880 1700 εἷ
2905 1650 2934 1700 6
2966 1648 3199 1719 Χριστὸς
3230 1647 3322 1700 τοῦ
3351 1647 3486 1700 Θεοῦ
3510 1688 3525 1711 ,
3579 1663 3745 1718 προσ-

2166 1741 2474 1811 ποιούμενοι
2499 1739 2556 1792 δὲ
2586 1739 2660 1810 μή
2691 1734 2830 1792 εἶναι
2851 1756 2865 1802 ;
2895 1738 2987 1791 Διὸ
3007 1737 3100 1792 καὶ
3126 1739 3328 1809 ὁμοίως
3352 1741 3468 1801 τοῖς
3492 1738 3620 1809 περὶ
3638 1740 3743 1790 Aa-

483 1821 690 1878 Abiron
712 1825 732 1854 ’
758 1824 906 1893 ipsos
945 1823 1346 1893 deglutiendos,
1378 1835 1543 1896 atque
1586 1828 1642 1880 in
1672 1827 1945 1882 infernum
1980 1829 2050 1882 vi-

2161 1833 2260 1887 θάν
2290 1833 2386 1886 καὶ
2429 1830 2676 1903 ’Δὸηρὼν
2731 1829 3208 1902 καταποθήσεσθαι
3239 1832 3334 1884 καὶ
3382 1830 3610 1895 αὐτοὺς,
3663 1830 3745 1892 εἰς

483 1922 670 1965 ventes
705 1913 1071 1966 descensuros
1112 1928 1236 1968 esse
1269 1915 1616 1984 praenuntiat.
1667 1915 1774 1969 Pro
1823 1917 1916 1970 illo
1957 1933 2057 1970 au-

482 2011 610 2068 tem,
639 2002 906 2073 Nequitia:
932 2005 987 2058 in
1014 2004 1432 2060 habitationibus
1461 2024 1664 2070 eorum,
1693 2010 1745 2061 in
1777 2009 1947 2062 medio
1973 2026 2062 2062 eo—

480 2110 642 2158 rum;
672 2109 799 2149 nam
842 2105 1146 2152 conventus
1172 2105 1227 2152 et
1251 2099 1486 2153 concilia
1511 2098 1780 2154 adversus
1815 2097 2060 2155 Salvato-

478 2199 595 2238 rem
632 2184 878 2254 improba
921 2186 1092 2250 fuere,
1129 2186 1328 2258 Aquila
1370 2188 1505 2244 dicit
1535 2208 1550 2242 :
1583 2189 1850 2255 Quoniam
1883 2192 2059 2260 nequi-

477 2277 569 2328 tia
595 2276 648 2327 in
673 2279 1067 2332 conversatione
1089 2296 1291 2335 eorum.
1319 2279 1459 2346 Quia
1487 2293 1618 2350 ergo
1648 2295 1755 2334 non
1793 2297 1891 2350 pro
1911 2282 2058 2337 bono

476 2369 906 2436 conveniebant,
958 2380 1013 2424 et
1058 2371 1509 2426 conversationes
1557 2371 1903 2442 conciliaque
1953 2372 2057 2426 im-

477 2453 645 2522 proba
678 2453 911 2521 inibant,
938 2456 1064 2525 jure
1089 2457 1422 2512 vaticinatur
1461 2458 1553 2527 qui
1607 2457 1731 2514 linis
1769 2474 1864 2515 eos
1901 2475 2056 2516 exce-

476 2551 672 2613 pturus
707 2546 800 2602 sit.

545 2742 712 2800 Vens.
747 2744 930 2801 17-20.
972 2745 1085 2816 Ego
1124 2745 1196 2800 ad
1226 2745 1391 2800 Deum
1415 2747 1664 2813 clamavi,
1695 2756 1746 2801 et
1793 2747 2049 2801 Dominus

471 2837 697 2889 satvavit
731 2854 830 2902 me,
857 2846 910 2892 et
939 2845 1156 2892 caetera.
1191 2836 1440 2902 Etiamsi,
1483 2838 1684 2907 inquit,
1712 2837 1906 2908 spiritu
1933 2852 2053 2908 pro-

471 2928 691 2996 phetico
743 2929 1073 2992 illustrante,
1128 2927 1366 2981 futuram
1411 2928 1464 2982 in
1508 2935 1809 2982 memorata
1833 2929 2051 2983 civitate

470 3019 813 3089 iniquitatem
852 3019 1212 3090 prospiciens,
1259 3019 1555 3074 admodum
1589 3022 1956 3076 contristatus
1991 3019 2047 3074 in

468 3112 864 3168 exercitatione
890 3124 1031 3177 mea,
1059 3122 1113 3168 et
1144 3114 1507 3168 conturbatus
1543 3113 1683 3180 sim;
1711 3121 1950 3169 attamen
1987 3113 2052 3167 ﬁ-

2167 1923 2293 1997 ᾅδου
2323 1939 2383 1974 τε
2414 1922 2622 1986 ζῶντας
2655 1919 3056 1991 καταϐήσεσθαι
3091 1920 3473 1992 προαγορεύει.
3512 1921 3658 1972 ’Δντὶ
3685 1920 3743 1972 δὲ

2163 2012 2259 2065 τοῦ
2279 2055 2294 2078 ,
2329 2013 2614 2080 Πονηρίαι
2645 2011 2867 2076 ἑνταῑς
2898 2011 3232 2078 παροικιαις
3263 2008 3461 2065 αὐτῶν
3489 2008 3559 2061 ἐν
3577 2007 3746 2077 μέσῳ

2163 2100 2390 2155 αὐτῶν·
2426 2100 2536 2153 τῶν
2587 2101 2696 2172 γὰρ
2745 2099 2886 2153 κατὰ
2925 2098 3020 2152 τοῦ
3058 2098 3311 2170 Σωτῆρος
3345 2097 3654 2168 γενομένων
3686 2097 3742 2150 αι

2166 2189 2455 2251 συστάσεις
2488 2188 2583 2241 καὶ
2606 2191 2663 2241 αἱ
2697 2191 2839 2240 κατὰ
2887 2187 2948 2240 τὸ
2980 2187 3113 2240 αὐτὸ
3139 2186 3344 2240 σύνοδοι
3378 2187 3614 2256 πονηραὶ
3645 2201 3742 2254 γε·

2163 2279 2354 2348 γόνασι
2375 2317 2389 2340 ,
2417 2279 2498 2331 διὸ
2526 2280 2621 2332 καὶ
2649 2280 2678 2330 6
2718 2278 2952 2340 Ἀκύλας
2980 2277 3145 2346 φησίν
3165 2295 3179 2307 ο
3213 2278 3331 2330 Ὅτι
3367 2278 3646 2343 πονηρίαι
3673 2275 3746 2332 ἐν

2161 2367 2480 2437 συστροφῇ
2538 2367 2756 2422 αὐτῶν.
2832 2367 2984 2420 Ἐπεὶ
3051 2368 3228 2420 τοίνυν
3291 2369 3392 2419 οὑκ
3433 2367 3528 2418 ἐπὶ
3589 2365 3743 2435 καλῷ

2163 2459 2510 2528 συνήρχοντο,
2570 2458 2877 2529 συστροφάς
2924 2474 2985 2509 τε
3033 2458 3128 2510 καὶ
3167 2457 3454 2519 συστάσεις
3499 2455 3743 2526 πονηρὰς

2159 2548 2472 2614 ἐποιοῦντο,
2529 2549 2754 2612 εἰκότως
2811 2548 3095 2602 ἐθέσπισεν
3137 2549 3320 2603 ὁποῖον
3379 2547 3575 2610 αὐτοὺς
3621 2547 3739 2598 διιι⁸

2160 2638 2387 2709 λήψεται
2421 2640 2590 2703 τέλος.

2241 2752 2390 2822 Ἐγὼ
2417 2753 2565 2821 πρὸς
2589 2754 2738 2807 Θεὸν
2765 2752 3078 2820 ἐκέκραξα,
3110 2752 3208 2806 καὶ
3239 2755 3271 2806 ό
3302 2755 3520 2820 Κυριος
3541 2751 3740 2806 ἐσωσέ

2152 2861 2228 2914 με
2249 2883 2264 2910 ,
2295 2844 2389 2897 καὶ
2423 2843 2490 2896 τὰ
2519 2843 2667 2914 ἑξῆς.
2705 2844 2766 2896 Et
2796 2845 2888 2897 καὶ
2914 2844 2984 2897 τὰ
3015 2843 3268 2914 μάλιστα,
3303 2843 3458 2913 φησὶ,
3482 2844 3560 2914 τῷ
3583 2841 3742 2895 πνεύ-

2160 2952 2290 3007 ματι
2335 2937 2413 3007 τῷ
2446 2936 2768 3009 προφητικῷ
2794 2937 2893 3008 τὴν
2926 2936 3224 3007 μέλλουσαν
3255 2933 3579 3006 γενήσεσθαι
3611 2937 3737 2988 avo-

2159 3025 2286 3096 μίαν
2320 3029 2377 3079 ἐν
2490 3026 2848 3098 προλεχθείσῃ
2879 3025 3031 3078 πόλει
3059 3024 3423 3092 θεασάμενος,
3453 3021 3734 3094 ἐλυπήθην

2155 3119 2211 3170 ἐν
2243 3121 2308 3188 τῇ
2357 3117 2641 3187 ἀδολεσχίᾳ
2689 3134 2788 3187 μου
2810 3156 2824 3180 ,
2861 3117 2954 3168 καὶ
2985 3113 3319 3185 ἐταράχθην
3353 3115 3504 3184 ὅμως
3534 3113 3578 3166 δ’
3612 3101 3728 3179 οὖν,

470 3218 594 3258 nem
623 3203 939 3274 exitumque
978 3219 1162 3258 rerum
1203 3204 1579 3274 conspicatus,
1620 3205 1760 3259 bene
1792 3205 1920 3258 novi
1958 3219 2046 3260 me

2154 3206 2217 3259 τά
2251 3205 2377 3274 τέλη
2411 3204 2637 3258 συνιδὼν
2665 3204 2772 3256 τῶν
2803 3203 3140 3273 πραγμάτιον
3159 3241 3174 3265 ,
3206 3196 3264 3254 εὖ
3297 3197 3413 3265 οἶδ’,
3453 3201 3534 3253 ὅτι
3556 3239 3570 3262 ,
3605 3199 3732 3270 βοή-

468 3298 796 3352 clamantem
827 3297 894 3351 ad
927 3295 1116 3358 Deum,
1149 3310 1257 3349 non
1284 3296 1605 3352 derelictum
1633 3295 1733 3360 iri;
1771 3295 1866 3350 sed
1895 3309 2049 3349 eom-

471 3389 656 3443 munis
701 3385 1002 3442 Salvatoris
1031 3387 1208 3457 gratia
1239 3387 1306 3441 ad
1334 3404 1420 3443 me
1454 3402 1630 3457 usque
1671 3387 2044 3457 perveniente,

469 3479 699 3532 salutem
740 3494 1022 3549 assequar.
1060 3478 1184 3533 llaec
1227 3487 1409 3533 autem
1438 3477 1711 3548 Propheta
1745 3477 2048 3532 secundum

468 3567 609 3622 LXX
635 3570 788 3636 dicit,
820 3569 966 3640 quod
996 3568 1237 3624 futurum
1263 3576 1382 3624 erat
1409 3570 1562 3638 quasi
1593 3567 1928 3638 praeteritum
1953 3582 2050 3621 ex-

466 3661 718 3730 plicans;
745 3675 915 3728 quare
943 3661 1150 3714 dictum
1194 3666 1280 3713 est
1305 3675 1318 3710 :
1343 3657 1453 3729 Ego
1496 3659 1566 3712 ad
1599 3658 1765 3713 Deum
1794 3659 2044 3724 clamavi,

465 3757 514 3801 et
544 3747 800 3799 Dominus
833 3749 1056 3801 satvavit
1090 3763 1170 3800 me
1203 3761 1222 3800 :
1249 3755 1304 3800 at
1347 3747 1650 3803 secundum
1685 3750 1923 3818 reliquos
1959 3748 2048 3802 in-

465 3846 756 3907 tcrpretes,
790 3839 904 3906 hate
939 3839 1121 3894 futura
1151 3841 1500 3896 vaticinatur.
1533 3840 1728 3911 Aquila
1758 3849 1906 3895 certe
1929 3841 2040 3894 ait:

468 3929 580 3999 Ego
603 3930 672 3982 ad
699 3929 863 3983 Deum
886 3932 1097 3998 vocabo,
1123 3942 1170 3986 et
1195 3931 1452 3986 Dominus
1475 3932 1702 3986 salvabit
1729 3947 1841 3994 me;
1866 3931 2046 3986 Theo-

464 4024 621 4078 dotio
665 4031 848 4077 autem
885 4023 1031 4094 :Ego
1068 4024 1137 4077 ad
1171 4023 1339 4078 Deum
1375 4025 1661 4087 clamabo,‘
1689 4033 1737 4077 et
1782 4023 2043 4077 Dominus

465 4112 689 4168 satvabit
751 4130 852 4168 me.
897 4113 1227 4190 Cumenim
1276 4115 1404 4169 talia
1459 4125 1651 4168 contra
1701 4113 2042 4168 Salvatorem

2154 3313 2252 3359 σας
2285 3296 2422 3366 πρὸς
2447 3291 2538 3349 τὸν
2564 3294 2698 3347 Θεὸν
2717 3323 2733 3357 -,
2781 3294 2841 3346 οὑ
2877 3292 3380 3364 καταλειφθήσομαι
3401 3331 3416 3356 ,
3470 3293 3732 3364 τεύξομαι

2148 3387 2206 3440 δὲ
2241 3386 2546 3457 σωτηρίας,
2591 3385 2692 3456 τῆς
2739 3383 2834 3438 τοῦ
2866 3385 3042 3437 κοινοῦ
3081 3384 3331 3455 Σωτῆρος
3361 3385 3582 3455 χάριτος
3634 3385 3731 3438 καὶ

2153 3478 2342 3549 μέχρις
2371 3476 2506 3548 ἐμοῦ
2541 3476 2952 3547 διαϐησομένης.
2990 3477 3152 3544 Λέγει
3179 3476 3236 3529 δέ
3263 3474 3436 3529 ταῦτα
3467 3477 3496 3528 6
3527 3477 3732 3546 προφή-

2148 3585 2280 3639 της.
2310 3567 2451 3622 κατὰ
2475 3569 2572 3639 μὲν
2602 3569 2729 3631 τοὺς
2761 3567 3187 3638 Ἐὁδομήκοντα,
3211 3567 3270 3620 τὸ
3301 3567 3492 3637 μέλλον
3511 3565 3730 3620 ἔσεσθαι

2147 3659 2224 3722 ὼς
2258 3657 2586 3729 παρῳχηκδς
2609 3656 2926 3729 ἑρμηνεύων
2945 3672 2957 3686 ·
2992 3656 3072 3709 διὸ
3099 3656 3367 3709 λέλεκται*
3415 3654 3554 3723 Ἐγὼ
3579 3653 3731 3720 πρὸς

2146 3749 2252 3802 τὸν
2279 3749 2428 3802 Θεὸν
2451 3748 2764 3817 ἐκέκραξα,
2795 3747 2894 3800 καὶ
2919 3749 2952 3800 ὸ
2984 3748 3196 3815 Κύριος
3222 3745 3418 3800 ἔσωσέ
3441 3762 3518 3814 με
3535 3761 3549 3775 '
3587 3743 3730 3798 κατὰ

2143 3839 2202 3892 δέ
2227 3840 2354 3902 τοὺς
2375 3839 2593 3902 λοιποὺς
2617 3836 2957 3910 ἑρμηνευτὰς
2981 3879 2996 3901 ,
3030 3836 3369 3908 μελλητικῶς
3395 3835 3729 3907 προφητεύει

2145 3931 2238 3981 καὶ
2270 3929 2462 3982 ταῦτα.
2519 3929 2576 3982 '0
2609 3928 2739 3996 γοῦν
2785 3927 3015 3990 Ἀκύλας
3044 3927 3206 3998 φησίν
3225 3943 3239 3958 ·
3276 3924 3424 3992 Ἐγὼ
3444 3923 3594 3993 πρὸς
3621 3925 3730 3978 τὸν

2147 4021 2296 4075 Θεὸν
2314 4021 2572 4085 καλέσω,
2587 4021 2682 4074 καὶ
2701 4022 2916 4087 Κύριος
2935 4019 3122 4074 σώσει
3135 4035 3232 4088 με·
3250 4018 3345 4070 καὶ
3359 4020 3387 4070 6
3400 4016 3691 4070 Θεοδοτίων
3709 4033 3725 4048 ·

2156 4113 2304 4182 ’Eqv‘o
2320 4113 2471 4181 πρὸς
2489 4112 2596 4166 τὸν
2613 4115 2754 4168 Θεὸν
2775 4111 3132 4179 κεκράξομαι
3148 4148 3162 4172 ,
3186 4110 3283 4163 καὶ
3305 4111 3524 4176 Κύριος
3543 4107 3728 4162 σώσει

465 4204 828 4272 perpetranda
853 4207 983 4269 sint,
1007 4222 1107 4276 ego
1133 4207 1225 4277 qui
1251 4209 1402 4276 prius
1420 4207 1685 4268 dixeram,
1748 4203 1850 4258 Cor
1875 4219 2043 4258 meum

2154 4222 2232 4260 ue.
2291 4205 2412 4258 Τῶν
2457 4205 2567 4276 γὰρ
2606 4204 2748 4258 κατὰ
2797 4203 2892 4256 τοῦ
2936 4201 3190 4272 Σωτῆρος
3235 4201 3728 4273 τολμηθησομένων

463 4295 836 4347 conturbatum
864 4305 940 4348 est
971 4297 1026 4349 in
1053 4313 1152 4360 me,
1180 4308 1226 4350 et
1255 4295 1486 4365 formido
1515 4297 1699 4348 martis
1734 4295 1919 4348 cecidit
1949 4310 2042 4346 su-

459 4401 552 4452 per
585 4400 706 4438 me:
736 4387 893 4439 timor
925 4396 974 4440 et
1007 4396 1202 4440 tremor
1227 4398 1474 4442 venerunt
1514 4401 1672 4457 super
1708 4403 1809 4450 me,
1842 4399 1891 4440 et
1919 4403 2042 4440 εοιι·

461 4486 704 4530 texerunt
737 4494 816 4531 me
848 4479 1100 4542 iettebﬂv,‘
1135 4479 1250 4533 haec
1283 4493 1480 4548 passus
1509 4481 1579 4533 ob
1606 4478 2035 4549 speculationem

2143 4297 2396 4350 τοιούτων
2421 4296 2588 4349 ὄντων
2606 4337 2620 4360 ,
2647 4294 2757 4363 ἐγὼ
2783 4296 2810 4346 6
2839 4292 3101 4363 πρότερον
3123 4290 3360 4362 εἰρηκὼς
3380 4331 3394 4353 ,
3426 4292 3496 4345 Ἡ
3513 4291 3728 4359 καρδία

2137 4405 2257 4458 μου
2281 4386 2576 4455 ἐταράχθη
2604 4386 2675 4438 ἐν
2702 4383 2854 4453 ἐμοὶ,
2883 4382 2982 4435 καὶ
3005 4382 3200 4435 δειλία
3229 4381 3489 4435 θανάτου
3511 4381 3726 4437 ἐπέπε-

2144 4493 2258 4531 σεν
2279 4478 2372 4531 ἐπ’
2391 4476 2494 4546 ἐμέ
2508 4493 2523 4506 ο
2570 4477 2755 4544 φόϐος
2776 4472 2875 4527 καί
2903 4473 3118 4542 τρόμος
3135 4469 3324 4544 ἦλθεν
3346 4473 3439 4526 ἐπ’
3457 4473 3563 4540 ἐμὲ
3584 4515 3600 4539 ,
3625 4473 3725 4528 και

459 4569 825 4623 revelatarum
870 4585 1080 4634 rerum,
1133 4571 1200 4625 ad
1252 4570 1419 4626 Deum
1473 4570 1728 4626 clamavi.
1774 4568 1868 4623 llle
1914 4584 2040 4624 vero

2154 4566 2413 4635 ἐκάλυψε
2427 4583 2504 4635 με
2525 4568 2746 4631 σκότος
2762 4603 2776 4629 ,
2801 4563 2975 4618 ταῦτα
3000 4564 3185 4619 παθὼν
3210 4565 3296 4618 διὰ
3325 4565 3424 4636 τὴν
3450 4565 3560 4618 τῶν
3590 4567 3728 4620 ἀποο

460 4672 570 4710 non
617 4658 948 4728 deSpiciens,
983 4657 1239 4728 dignatus
1273 4666 1357 4713 est
1403 4660 1517 4714 haec
1553 4659 1685 4713 mihi
1737 4661 2038 4728 conspicua

461 4763 685 4816 ponere,
728 4757 786 4803 ut
817 4750 1062 4804 tristiora
1097 4752 1248 4820 prius
1278 4752 1675 4818 deelaraverat,
1717 4752 1796 4806 sic
1829 4751 2037 4806 laetiora

454 4839 570 4907 jam
602 4840 832 4904 obtulit;
874 4855 1070 4908 nempe
1119 4839 1427 4894 Salvatoris
1459 4842 1948 4906 resurrectionem,
1983 4850 2038 4896 et

457 4930 580 4999 ejus
617 4929 758 5000 apud
793 4928 1010 4984 Patrem
1049 4931 1300 5000 gloriam.
1335 4931 1516 5000 Atque
1553 4932 1667 4985 hate
1692 4931 1906 4999 videns,
1941 4947 2034 4988 sa-

459 5020 624 5072 lutem
656 5028 851 5072 nactus
892 5033 1012 5072 sum
1042 5037 1053 5072 :
1081 5033 1252 5088 quare
1280 5019 1421 5080 dico,
1459 5018 1568 5088 Ego
1600 5020 1668 5072 ad
1715 5019 1882 5074 Deum
1916 5021 2032 5074 cla-

456 5112 615 5174 mari,
645 5119 694 5164 et
727 5109 980 5164 Dominus
1004 5110 1227 5163 salvavit
1253 5125 1353 5163 me.
1380 5107 1627 5164 Salutem
1654 5126 1782 5166 vero
1811 5119 2030 5178 nactus,

452 5202 694 5257 nondum
748 5211 927 5258 tamen
986 5202 1232 5274 quiesco,
1290 5217 1466 5271 neque
1516 5217 1734 5258 cessare
1771 5218 2030 5273 possum;

452 5296 547 5348 sed
582 5294 819 5364 praedico
841 5294 1206 5362 omnibusque
1239 5292 1553 5347 hominibus
1577 5294 1862 5358 annuntio,
1896 5310 2028 5348 nar-

448 5401 580 5441 rans
624 5387 856 5457 singulis
907 5385 1101 5439 diebus
1138 5391 1192 5438 et
1222 5385 1394 5446 horis.
1437 5392 1602 5454 atque
1633 5386 1888 5440 omnibus
1943 5403 2028 5441 re-

449 5479 708 5532 nuntians
754 5477 1026 5531 mirabilia
1064 5485 1118 5531 et
1154 5476 1446 5546 stupenda,
1477 5491 1597 5547 quae
1645 5477 1698 5532 in
1749 5489 1941 5533 sancto
1973 5485 2027 5534 et

449 5567 769 5636 prophetico
801 5568 1000 5638 spiritu
1030 5568 1430 5638 contemplatus
1477 5583 1620 5623 sum.
1652 5567 2022 5635 Quamobrem

524 5721 538 5752 '
581 5718 736 5786 Joan.
776 5736 826 5785 ι,
865 5721 918 5786 3,
946 5720 998 5773 4.
1077 5722 1096 5751 ³
1135 5719 1293 5774 Num.
1327 5735 1489 5788 xxvr,
1523 5722 1603 5794 9.]

2143 4657 2522 4726 καλυφθέντων
2558 4674 2647 4727 μοι
2679 4655 2806 4709 θέαν
2831 4695 2846 4719 ,
2877 4656 3012 4726 πρὸς
3044 4655 3134 4708 τὸν
3157 4655 3290 4710 Θεὸν
3326 4653 3617 4727 ἐκέκραξα.
3665 4657 3724 4708 'U

2139 4751 2218 4814 δέ,
2257 4750 2330 4821 μὴ
2357 4749 2600 4822 παριδών
2635 4766 2723 4819 με,
2758 4747 3060 4820 κατηξίωσε
3084 4749 3295 4820 φανερά
3331 4764 3420 4818 μοι
3449 4747 3723 4816 καταστῆο

2142 4860 2264 4907 σαι,
2289 4842 2478 4913 ὥσπερ
2497 4841 2566 4895 τὰ
2590 4839 2887 4912 σκυθρωπὰ
2913 4839 3178 4910 πρότερον
3201 4839 3410 4891 ἐδείκνυ
3431 4878 3446 4903 ,
3464 4839 3606 4892 οὕτω
3627 4839 3722 4892 καὶ

2139 4934 2209 4987 τὰ
2240 4934 2568 5004 φαιδρότερα
2589 4949 2603 4962 ·
2639 4932 2780 5000 λέγω
2807 4931 2865 4984 δὲ
2895 4931 2990 4984 καὶ
3025 4930 3122 5000 τήν
3153 4930 3451 4984 ἀνάστασιν
3480 4929 3572 4983 τοῦ
3603 4929 3719 4982 Σω-

2139 5025 2302 5094 τῆρος
2334 5024 2427 5077 καὶ
2463 5023 2558 5096 τὴν
2591 5023 2741 5094 παρὰ
2773 5021 2850 5091 τῷ
2884 5021 3059 5091 Πατρ“ι
3084 5019 3260 5086 δόξαν.
3317 5021 3430 5074 Καὶ
3459 5020 3630 5074 ταῦτα
3659 5017 3719 5072 δὲ

2144 5111 2268 5165 ἰδὼν
2287 5152 2302 5175 ,
2333 5111 2539 5182 ἐσώθην
2560 5129 2574 5142 π
2603 5112 2683 5164 διό
2715 5127 2854 5181 φημι
2875 5127 2888 5141 ο
2935 5109 3082 5178 Ἐγὼ
3110 5110 3260 5177 πρὸς
3285 5109 3392 5163 τὸν
3421 5111 3570 5164 Θεὸν
3590 5109 3720 5163 ἐκέ-

2139 5203 2350 5271 κραξα,
2380 5205 2478 5257 καὶ
2499 5205 2714 5271 Κύριος
2735 5200 2932 5256 ἐσωσέ
2951 5217 3047 5270 με.
3067 5200 3266 5264 Σωθεὶς
3293 5201 3350 5253 δέ
3374 5201 3556 5254 οὐκέτι
3583 5201 3716 5270 ἡρεο

2139 5296 2224 5367 μῶ
2249 5338 2263 5361 ,
2300 5295 2418 5350 οὐδὲ
2445 5295 2673 5366 ἡσυχίαν
2693 5295 2845 5360 ἄγειν
2873 5293 3106 5363 δύναμαι
3125 5309 3138 5322 ·
3189 5291 3326 5346 ἀλλὰ
3347 5291 3600 5362 κηρύττω
3623 5289 3716 5344 καὶ

2136 5388 2341 5450 πάντας
2367 5385 2689 5456 ἀνθρώπους
2730 5383 3188 5454 εὐαγγελίζομαι,
3235 5381 3590 5452 διηγούμενος
3626 5384 3715 5450 ἐφ’

2135 5480 2370 5548 ἑκάστης
2402 5478 2614 5548 ἡμέρας
2647 5475 2742 5529 καὶ
2767 5474 2914 5546 ὥρας
2941 5515 2955 5539 ,
2989 5474 3348 5542 ἀπαγγέλλων
3379 5491 3438 5526 τε
3469 5473 3549 5537 τίς
3577 5475 3714 5527 πάν-

2133 5587 2231 5634 τας
2261 5569 2403 5639 άπερ
2436 5570 2494 5622 ἐν
2528 5569 2667 5639 ἁγίῳ
2697 5568 2965 5638 πνεύματι
2993 5567 3071 5637 τῷ
3100 5565 3420 5637 προφητικῷ
3444 5565 3710 5635 τεθέαμαι
