2049 3190
178 172 233 201 485

742 162 997 196 COMMENTARIA
1014 162 1052 203 IN,
1061 164 1233 193 PSALMOS.

1751 171 1803 199 486

179 234 325 271 θαυμαστὰ
341 233 388 261 καὶ
400 230 547 267 παράδοξα.
574 230 619 257 Διό
636 238 720 265 φημι·
751 230 895 262 Ἑσπέρας
914 227 961 254 καὶ

1022 225 1077 253 lico
1091 236 1097 253 :
1113 226 1221 261 Vespere
1235 232 1259 254 et
1275 235 1350 254 mane
1363 232 1388 255 et
1400 228 1516 261 meridie,
1533 230 1649 258 narrabo
1662 235 1688 258 et
1700 240 1804 259 annun-

180 282 255 316 πρωὶ
271 280 322 308 καὶ
334 279 519 314 μεσημϐρίας
534 276 714 311 διηγήσομαι
731 275 779 303 καὶ
797 274 964 308 ἀπαγγελῶ.

187 328 270 364 Ἐμοῦ
284 327 311 354 δὲ
327 326 410 353 ταῦτα
426 324 538 359 βοῶντος
553 325 592 355 εἱς
605 323 707 353 πάντας
721 322 793 355 ἐξότε
808 322 855 349 καὶ
872 322 968 356 μέχρις

182 374 301 408 ἑσπέρας
312 393 319 400 .
337 372 365 398 ὲν
386 372 460 407 αὐτῷ
479 380 508 398 τε
524 370 563 405 τῷ
581 369 756 404 ἀκμαιοτάτῳ
772 368 841 402 φωτὶ
855 368 904 402 τῆς
924 375 969 401 με-

183 417 335 453 σημϐρινῆς
363 416 470 451 ἡμέρας
485 415 518 442 τὰ
545 415 666 449 σωτήρια
691 413 755 447 τέλη
771 412 966 447 κηρύττοντος,

183 463 390 490 εἰσακούσεται
399 462 455 495 τῆς
467 461 569 495 φωνῆς
578 469 636 494 μου
646 461 660 485 ὁ
672 459 772 494 ταύτης
782 458 833 492 τῆς
842 457 968 491 γνώσεως

184 507 366 540 καταξιώσας
377 506 423 532 καὶ
434 505 523 532 οὐκέτι
537 505 586 539 μὲν
593 503 771 538 ταράττεσθαι
782 503 810 529 ὲν
822 502 883 536 ἐμοὶ
894 501 968 527 ἐάσει

183 552 232 586 τὴν
247 551 359 586 καρδίαν
378 559 428 585 μου
438 569 445 581 ,
468 550 528 575 οὐδὲ
544 549 592 583 τὴν
605 548 703 574 δειλίαν
717 547 763 573 τοῦ
780 546 893 572 θανάτου
908 546 969 571 ὲπιο

184 597 289 625 κεῖσθαί
306 605 360 632 μοι.
376 595 467 622 Ταῦτα
477 594 503 621 δὲ
512 595 599 621 πάντα
609 592 776 628 παραγαγὼν
805 593 852 618 καὶ
861 591 969 618 διασκε-

183 643 266 674 δάσας
277 643 327 677 τῆς
345 642 413 677 ἐμῆς
432 641 536 675 ψυχῆς,
553 639 718 675 λυτρὼσεται
732 638 816 673 αὐτὴν
829 639 857 663 ἐν
874 638 968 673 εἰρήνῃ

183 690 237 716 ἀπὸ
245 689 299 715 τῶν
308 688 430 723 Θορυϐεῖν
439 687 523 722 αὐτὴν
532 686 685 713 ἐθελόντων.
697 685 743 710 Διὸ
759 692 838 719 φημι·
854 683 969 717 Λυτρώ-

183 743 267 762 σεται
278 734 336 768 τὴν
346 732 450 767 ψυχήν
461 740 520 766 μου
533 731 567 757 ὲν
581 731 683 764 εἰρήνῃ
697 729 756 756 ἀπὸ
772 729 830 755 τῶν
843 728 969 763 ἐγγιζόν-

183 789 242 807 των
255 788 305 814 μοι
315 787 322 794 ⁸
339 779 383 804 ὅτι
395 778 430 804 ἐν
452 776 579 809 πολλοῖς
593 774 674 810 ἦσαν
696 774 756 801 σὺν
771 774 835 808 ἐμοι
844 781 851 788 ·
867 773 924 799 ἀνθ’
939 770 969 799 οὗ

184 825 311 858 ἐξέδωκεν
319 826 331 850 ὁ
340 824 374 849 Σύ
380 831 484 858 μμαχος
494 831 499 837 ·
511 821 679 848 Heliconi
687 819 741 855 γὰρ
748 819 886 854 ἐγένοντο
896 818 970 851 πρὸς

184 871 244 905 ἐμέ.
276 872 308 897 οι
321 870 374 904 γὰρ
398 869 532 902 θ‹.εριπϐε7ν
550 866 705 898 ἐθέλοντές
716 874 775 899 μου
789 864 847 898 τὴν
865 863 970 898 ψυχήν

181 925 240 950 μου
253 915 377 949 ,ϐραχεῖς
400 922 478 946 τινες
494 911 590 947 ἦσαν,
609 912 661 943 οὓς
678 913 694 938 ό
708 911 780 943 Θεὸς
795 912 811 937 ὀ
827 910 884 944 πρὸ
910 909 969 936 τῶν

184 961 298 990 αιώνων
311 959 454 993 ὑπάρχων
468 957 642 985 ταπεινώσει
654 976 661 989 ,
678 956 733 991 τῆς
748 955 822 990 ἐμῆς
836 954 967 990 κραυγῆς

184 1006 366 1037 ἐπακούσας.
420 1027 426 1031 ,

219 1051 310 1077 Ταῦτα
328 1051 377 1085 μὲν
389 1047 435 1076 οὖν
451 1049 488 1081 ὡς
504 1048 551 1075 τοῦ
566 1049 708 1084 Προφήτου
725 1046 754 1079 ἐξ
769 1046 869 1073 οἰκείου
885 1054 970 1081 προσ-

184 1097 258 1124 ώπου
273 1097 322 1128 τὰς
340 1095 521 1132 προκειμένας
539 1094 629 1128 φωνὰς
643 1092 886 1128 προενηνεγμένου.
900 1092 931 1118 Et
943 1092 971 1118 δὲ

184 1142 214 1174 ἐξ
229 1142 310 1169 αὐτοῦ
324 1141 370 1168 τοῦ
385 1141 510 1176 Σωτῆρος
522 1140 607 1167 ταῦτα
623 1139 727 1173 λέγοιτο
743 1138 786 1165 διὰ
801 1137 848 1164 τοῦ
864 1146 971 1173 προφη-

184 1187 260 1214 τικυῦ
274 1186 437 1221 πνεύματος.
452 1184 601 1220 ἐπειδήπερ
617 1183 645 1215 ἐξ
662 1182 744 1210 αὑτοῦ
759 1182 866 1216 ἐλέγετο
881 1182 921 1212 τὸ,
938 1181 973 1208 Εἰ

183 1232 290 1267 ἐχθρὸς
311 1230 446 1259 autem
459 1239 497 1264 με
510 1250 516 1262 ,
534 1229 690 1263 ὑπήνεγκα
705 1228 743 1255 ἂν
755 1248 762 1259 ,
786 1228 833 1254 καὶ
849 1227 883 1254 τὰ
898 1226 971 1261 ἑξῆς,

183 1278 336 1308 ἀκολούθως
352 1277 399 1303 καὶ
418 1276 503 1302 ταῦτα
525 1276 635 1310 φήσειεν
659 1273 692 1300 ἃν
712 1273 727 1298 ὁ
742 1272 852 1307 Σωτήρ’
883 1272 944 1297 Ὅτι
957 1271 972 1296 ό

185 1324 233 1359 μὲν
246 1324 295 1349 οὺχ
308 1322 403 1358 ὲχθρὺς
413 1341 419 1353 ,
437 1321 504 1347 ἀλλὰ
520 1320 595 1353 φίλος
605 1328 612 1334 ·
629 1319 675 1345 καὶ
689 1318 737 1352 οὐχ
752 1318 766 1343 ὁ
784 1316 870 1351 μισῶν
882 1335 890 1347 ,
914 1315 971 1342 ἀλλ’

183 1370 197 1395 ὸ
215 1367 304 1403 μικρῷ
321 1366 437 1402 πρόσθεν
456 1365 586 1399 ἀγαπῶν,
599 1363 713 1390 τοιαῦτα
725 1362 784 1389 κατ’
800 1360 866 1396 ἐμοῦ
882 1360 972 1385 τετόλ-

186 1422 282 1449 μηκεν.
317 1411 388 1446 Ἐγὼ
409 1411 436 1437 δὲ
454 1411 533 1436 πλέον
555 1409 631 1435 οὐδὲν
648 1408 798 1443 ἔπραττον,
816 1406 873 1433 ἀλλ’
888 1405 972 1432 ὲϐόων

185 1458 253 1494 πρὸς
269 1458 315 1483 τὸν
329 1456 394 1483 Θεόν
404 1465 410 1471 ⁸
425 1453 496 1490 εἶχόν
513 1463 542 1481 τε
558 1454 638 1481 αὐτὸν
652 1452 695 1479 οἷα
717 1452 827 1487 Πατέρα
841 1452 969 1486 ἐπήκοον.

191 1503 270 1528 Ἀλλὰ
284 1501 331 1528 καὶ
345 1503 369 1527 οἱ
383 1501 431 1536 μὲν
444 1499 620 1526 ἐπεϐούλευον
631 1498 704 1533 ἐμοὶ,
713 1500 727 1524 ὁ
739 1497 767 1523 δὲ
779 1495 863 1527 ἔσωζε
877 1503 921 1529 με’
933 1495 973 1521 διὸ

185 1548 215 1574 οὐ
231 1547 369 1581 παύσομαι
386 1544 504 1579 ἑσπέρας
519 1543 565 1570 καὶ
580 1543 653 1578 πρωὶ
672 1542 719 1568 καὶ
737 1540 908 1576 μεσημϐρίας
924 1539 973 1570 τὰς

184 1592 231 1619 τοῦ
242 1591 348 1627 Πατρὸς
359 1590 458 1626 ἀρετὰς
472 1588 649 1624 διηγούμενος
662 1588 701 1618 εἰς
718 1587 834 1618 πάντας,
851 1586 971 1611 εἰσακου-

185 1638 246 1664 στόν
270 1645 299 1663 τε
328 1637 410 1662 πᾶσιν
434 1634 586 1669 ἀνθρώποις
611 1633 752 1668 κηρύττων
781 1631 811 1657 τὸ
840 1631 971 1666 σωτήριον

184 1682 346 1717 Εὑαγγέλιον
356 1690 362 1697 ·
380 1682 427 1707 καὶ
442 1680 543 1715 ταύτης
561 1688 611 1714 μου
628 1679 675 1714 τῆς
689 1678 779 1713 φωνῆς
791 1676 944 1707 ἐπακούσας
957 1677 971 1702 ὁ

184 1728 278 1763 Πατὴρ
287 1748 294 1760 ,
310 1725 492 1760 λυτρώσεται
503 1725 537 1751 ἐν
546 1723 650 1758 εἰρήνῃ
661 1722 718 1756 τὴν
727 1721 833 1756 ψυχήν
841 1729 900 1755 μου
912 1719 971 1747 ἀπὸ

183 1774 243 1801 τῶν
253 1772 425 1808 ἐγγιζόντων
435 1779 496 1806 μοι,
515 1769 653 1796 τουτέστιν
664 1768 719 1795 ἀπὸ
729 1767 782 1793 τῶν
794 1765 908 1801 ἐγγύθεν
924 1765 971 1791 καὶ

183 1821 214 1847 οὐ
221 1818 360 1855 πόρρωθέν
373 1826 407 1852 με
426 1814 613 1850 πολεμούντων
622 1822 629 1829 ⁸
638 1810 806 1847 οἵτινεςῆσαν
815 1811 955 1838 πολλοῦ-τοί
962 1818 969 1826 ·

183 1867 231 1898 οὓς
253 1866 300 1893 καὶ
323 1862 485 1891 ταπεινώσει
500 1863 514 1888 ὁ
531 1860 714 1897 προῦπάρχων
729 1859 782 1894 πρὸ
796 1859 849 1885 τῶν
865 1858 971 1885 αἰώνων

183 1912 259 1943 Θεός.
276 1911 342 1938 οὐδὲ
354 1910 408 1944 γὰρ
418 1910 439 1944 λὴ
452 1907 519 1943 πρὸς
531 1907 619 1940 ὀλίγον
629 1906 719 1936 αὐτοῖς
734 1904 865 1939 γενομένη
878 1904 971 1930 εὐκαι-

186 1960 248 1996 ρία,
275 1958 335 1985 καθ’
349 1958 383 1992 ἣν
410 1954 637 1991 ἐμεγαλαύχησαν
648 1972 655 1984 ,
683 1952 728 1978 καὶ
745 1951 906 1986 ἐπλήρωσαν
922 1950 972 1985 τὴν

185 2005 289 2033 ἑαυτῶν
316 2004 393 2030 πόλιν
411 2001 526 2038 ἀνομίας
550 2001 597 2027 καὶ
622 1998 792 2031 ἀντιλογίας,
820 1996 973 2031 παραμενεῖ

185 2053 278 2083 αὐτοῖς
287 2060 294 2066 ·
314 2051 375 2077 ὅσον
389 2049 418 2076 δὲ
430 2048 507 2074 οὕπω
520 2044 783 2079 ταπεινωθήσονται,
801 2042 850 2077 τῆς
863 2043 894 2068 ὲκ
904 2040 971 2066 Θεοῦ

185 2098 271 2134 ὀργῆς
287 2094 518 2132 μετελευσομένης
535 2092 633 2122 αὐτοὺς
647 2090 694 2116 καὶ
708 2090 758 2124 τὴν
771 2087 856 2134 πόλινᾷ
866 2087 970 2134 αὺτῶνῗ

184 2132 223 2175 di;
238 2144 283 2170 καὶ
296 2142 341 2168 τὸν
354 2142 382 2167 ὲν
396 2140 465 2175 αὐτῇ
487 2138 628 2172 διαϐόητον
642 2135 708 2162 νεὼν
731 2132 911 2168 ἀφανισθῆναι
926 2132 973 2158 καὶ

186 2192 274 2217 πᾶσαν
291 2189 339 2223 τὴν
358 2188 387 2213 ὲν
407 2184 480 2220 αὐτῷ
496 2182 706 2217 ἐπιτελουμένην
721 2179 847 2215 λατρείαν
861 2177 974 2205 καταλυ-

1017 270 1099 297 tiabo.
1124 270 1165 298 Me
1189 276 1279 298 autem
1303 273 1367 299 talia
1392 273 1520 301 omnibus
1540 274 1675 302 clamante
1696 284 1728 302 ex
1752 277 1804 303 hac

1018 313 1083 357 hora
1101 322 1186 349 usque
1206 314 1240 342 ad
1257 323 1409 351 vesperam,
1430 321 1512 352 atque
1529 317 1556 344 in
1581 319 1803 352 splendidissima

1017 358 1080 385 luce
1106 363 1133 385 et
1161 360 1186 386 in
1211 361 1325 388 meridie
1344 361 1492 388 salutarem
1518 361 1598 399 tinem
1625 364 1801 397 praedicante,

1017 404 1140 431 exaudiet
1159 413 1244 432 uocem
1261 413 1356 438 meum,
1378 407 1425 441 qui
1441 408 1488 434 tali
1504 415 1546 435 me
1560 408 1658 435 notitia
1673 409 1803 444 dignatus

1018 453 1180 484 est-neque
1205 451 1277 478 sinet
1294 452 1363 478 ultra
1379 452 1482 479 turbari
1508 453 1535 480 in
1561 461 1604 480 me
1629 461 1678 480 cor
1700 462 1801 486 meum,

1018 502 1107 529 neque
1133 495 1306 523 formidinem
1327 497 1423 524 mortis
1444 498 1547 526 instare
1562 500 1638 528 mihi.
1659 499 1708 527 His
1721 506 1806 534 porro

1018 540 1146 566 omnibus
1160 540 1285 568 abductis
1294 545 1320 568 et
1330 542 1470 577 dissipatis
1489 551 1523 570 ex
1541 544 1631 571 anima
1645 552 1715 576 mea,
1730 545 1805 572 redi-

1018 588 1072 610 met
1088 592 1148 611 eam
1169 585 1195 611 in
1217 593 1284 620 pace
1317 586 1351 613 ab
1369 587 1403 613 iis
1425 587 1471 622 qui
1492 595 1551 615 eam
1575 590 1738 617 conturbare
1759 597 1806 617 vo-

1019 628 1128 657 luerint.
1145 629 1236 662 Quare
1246 631 1308 659 dico
1322 642 1328 658 :
1343 631 1458 659 Redime!
1476 634 1502 660 in
1512 641 1575 667 pace
1590 635 1706 661 animam
1719 644 1804 662 meam

1019 673 1051 699 ab
1067 674 1111 705 iis,
1131 675 1175 708 qui
1197 676 1410 710 appropinquant
1422 677 1503 709 mihi;
1518 680 1642 711 quoniam
1658 679 1725 705 inter
1735 680 1804 706 ntul-

1020 722 1059 745 tos
1074 723 1150 744 erant
1161 720 1328 747 mecum.Pro
1341 729 1395 755 quo
1411 721 1592 757 Symmachus
1606 724 1691 751 edidit
1703 732 1710 749 :
1723 724 1804 751 Multi

1019 763 1088 789 enim
1113 764 1269 791 accedebant
1286 765 1320 791 ad
1338 774 1389 793 me.
1405 765 1477 793 Nam
1497 768 1542 802 qui
1559 769 1664 795 turbare
1684 769 1804 796 volebant

1021 809 1137 835 animant
1162 817 1258 840 meam,
1280 811 1382 837 minimi
1398 811 1505 846 quidam
1530 819 1616 845 erant,
1636 822 1700 849 quos
1720 813 1802 846 Deus,

1020 855 1065 888 qui
1091 860 1151 881 ante
1171 856 1269 883 uacula
1293 862 1342 889 est,
1367 856 1526 890 humiliabit,
1549 859 1692 886 clamorem
1718 866 1804 886 meum

1020 898 1173 926 exaudiens.

1057 1040 1119 1068 HERC
1136 1042 1229 1076 itaque
1247 1043 1327 1078 quasi
1343 1051 1359 1069 a
1376 1042 1511 1076 Propheta
1530 1044 1602 1072 dicta
1622 1045 1734 1079 fuerint,
1754 1054 1804 1074 ceu

1022 1093 1054 1113 ex
1081 1086 1191 1121 propria
1213 1094 1329 1121 persona
1354 1094 1436 1115 voces
1460 1089 1613 1122 propositas
1640 1089 1804 1124 proferente.

1023 1130 1101 1163 Quod
1120 1132 1142 1158 si
1159 1131 1193 1158 ab
1210 1131 1270 1166 ipso
1291 1131 1434 1160 Salvatore
1449 1140 1497 1166 per
1513 1133 1701 1167 propheticum
1724 1134 1807 1168 spiri-

1024 1183 1080 1204 tum
1098 1177 1154 1203 haec
1166 1177 1239 1204 dicta
1255 1177 1373 1208 fuerint;
1391 1178 1524 1212 siquidem
1542 1186 1575 1205 ex
1590 1178 1677 1213 ipsius
1690 1186 1807 1213 persona

1024 1222 1165 1249 dicebatur
1181 1222 1258 1254 illud,
1272 1222 1301 1249 Si
1319 1223 1441 1249 inimicus
1461 1223 1641 1251 maledixisset
1656 1224 1731 1258 mihi,
1748 1233 1808 1251 sus-

1025 1267 1160 1293 tinuissent
1187 1268 1295 1302 utique,
1318 1271 1345 1295 et
1369 1272 1483 1302 caetera;
1518 1276 1718 1304 consequenter
1742 1278 1808 1298 sane

1024 1311 1082 1339 haec
1100 1311 1225 1339 Salvator
1241 1313 1342 1339 dixerit
1358 1313 1511 1346 :Quoniam
1528 1322 1583 1341 non
1599 1315 1739 1348 inimicus,
1758 1315 1808 1343 sed

1024 1356 1145 1389 amicus;
1163 1364 1217 1383 uon
1233 1357 1279 1391 qui
1296 1357 1359 1383 odio
1380 1358 1502 1384 haberet.
1520 1359 1567 1385 sed
1584 1360 1630 1389 qui
1645 1360 1727 1392 paulo
1745 1363 1810 1388 ante

1024 1400 1160 1437 diligeret,
1177 1402 1241 1428 talia
1254 1408 1350 1429 contra
1368 1410 1411 1429 me
1424 1410 1508 1430 ausus
1524 1407 1575 1430 est.
1593 1403 1647 1438 Ego
1662 1408 1752 1431 autem
1765 1405 1809 1431 ni-

1024 1446 1062 1472 hil
1082 1446 1143 1480 plus
1165 1447 1287 1481 agebam,
1304 1454 1383 1480 quam
1398 1447 1470 1481 quod
1492 1447 1642 1474 clamabam
1658 1447 1691 1474 ad
1709 1447 1810 1481 Deum;

1024 1497 1141 1525 emuque
1162 1495 1255 1525 utpote
1273 1490 1390 1521 Patrem,
1413 1491 1560 1525 propitium
1587 1491 1730 1517 habebam.
1756 1491 1810 1518 Sed

1024 1536 1063 1563 illi
1087 1536 1195 1571 quidem
1221 1535 1422 1562 insidiabantur
1447 1536 1528 1568 mihi;
1553 1536 1598 1563 hic
1611 1543 1677 1563 vero
1703 1536 1810 1563 salvum

1025 1581 1142 1608 faciebat
1159 1589 1202 1608 me
1219 1590 1226 1607 :
1240 1588 1324 1615 quare
1340 1588 1463 1614 vespere,
1480 1588 1560 1607 mane
1575 1584 1603 1607 et
1625 1580 1738 1608 meridie
1754 1588 1810 1608 non

1025 1627 1106 1654 ﬁnem
1131 1626 1228 1652 iaciam
1255 1625 1344 1652 Patris
1365 1625 1480 1652 virtutes
1505 1624 1650 1652 enarrandi
1665 1625 1809 1658 omnibus;

1024 1676 1106 1707 atque
1127 1672 1247 1699 salutare
1267 1671 1443 1706 Evangeliqu
1467 1670 1500 1697 ad
1523 1678 1604 1698 aures
1620 1671 1809 1698 universorum

1023 1718 1165 1745 hominum
1189 1716 1353 1752 praedicandi
1376 1726 1382 1743 :
1403 1723 1518 1751 eamque
1541 1724 1636 1743 vocem
1661 1716 1811 1743 exaudiens

1024 1764 1116 1797 Pater,
1140 1764 1249 1791 redimet
1264 1764 1292 1790 in
1315 1770 1379 1797 pace
1402 1763 1519 1788 animam
1544 1770 1629 1789 meam
1652 1762 1683 1788 ab
1705 1762 1747 1793 iis,
1764 1762 1808 1796 qui

1025 1811 1234 1845 appropinquant
1250 1809 1326 1842 mihi,
1341 1809 1367 1836 id
1385 1812 1427 1835 est
1445 1808 1480 1835 ab
1497 1808 1530 1835 iis
1544 1808 1591 1842 qui
1609 1808 1743 1843 proxime,
1753 1815 1809 1834 non

1025 1856 1132 1890 procul,
1153 1856 1313 1890 impugnant
1336 1861 1397 1887 me;
1413 1853 1489 1880 multi
1511 1860 1577 1880 sane
1596 1860 1722 1885 numero,
1739 1860 1814 1889 quos,

1025 1900 1179 1927 bumiliabit
1200 1900 1245 1934 qui
1262 1903 1304 1926 est
1326 1902 1389 1926 ante
1405 1899 1504 1926 saecula
1529 1898 1609 1926 Deus.
1626 1898 1719 1933 Neque
1736 1905 1809 1925 enim

1025 1945 1070 1971 illa
1082 1945 1115 1971 ad
1129 1945 1211 1971 breve
1222 1945 1328 1977 tempus
1344 1943 1412 1977 ipsis
1425 1943 1488 1969 data
1498 1942 1700 1976 opportunitas,
1715 1942 1743 1969 in
1755 1949 1809 1976 qua

1025 1989 1132 2025 gloriati
1149 1992 1223 2018 sunt.
1242 1991 1270 2014 et
1282 1988 1418 2014 civitatem
1438 1994 1515 2014 suam
1535 1987 1680 2021 iniquitate
1696 1991 1723 2013 et
1742 1993 1810 2012 con-

1025 2036 1186 2063 tradictione
1197 2034 1381 2068 repleverunt,
1393 2033 1441 2060 diu
1454 2033 1637 2067 permanebit;
1651 2032 1698 2059 sed
1711 2040 1810 2066 prope-

1025 2082 1097 2109 diem
1111 2080 1338 2110 humiliabuutur,
1356 2078 1396 2105 ira
1412 2077 1462 2104 Dei
1477 2077 1552 2111 ipsos
1567 2081 1596 2104 et
1608 2078 1747 2104 civitatem
1762 2085 1810 2104 eo-

1025 2136 1086 2155 rum
1101 2126 1255 2157 invadente,
1272 2125 1308 2151 ita
1328 2128 1358 2151 ut
1372 2123 1504 2159 templum
1520 2122 1587 2150 illud
1607 2122 1713 2157 insigne
1733 2122 1759 2149 in
1778 2130 1809 2149 ea

1025 2171 1144 2207 positum
1159 2170 1294 2201 diruatur,
1316 2173 1342 2196 et
1354 2169 1444 2196 cultus
1464 2167 1563 2195 ibidem
1579 2167 1695 2203 persolvi
1711 2167 1810 2194 solitus

186 2236 274 2272 θῆναι.
290 2211 381 2264 Ούτως
397 2229 454 2262 οὖν,
466 2211 518 2265 ἰτῆς
535 2229 604 2264 ὲμῆς
621 2211 777 2257 ὲπαιιούσας
790 2226 804 2251 ὀ
815 2224 881 2255 Θεὸς
897 2223 971 2258 βοῆς,

1025 2216 1059 2243 de
1083 2216 1173 2242 medio
1190 2214 1311 2241 tollatur.
1329 2213 1375 2240 Sic
1392 2213 1484 2248 itaque
1509 2211 1582 2240 Deus
1601 2220 1644 2239 me
1660 2212 1809 2239 exaudiens

1025 2260 1176 2272 I......2I:AL:A
1195 2267 1239 2272 ΛΑ..

185 2279 346 2308 ταπεινώσει
358 2276 464 2307 αὐτούς.

224 2326 265 2352 Οὐ
291 2323 346 2358 γάρ
371 2323 457 2348 ἐστιν
477 2317 578 2350 αὐτοῖς
600 2315 806 2348 ἀντάλλαγμα,
840 2312 889 2339 καί
918 2311 974 2338 οὐκ

187 2372 381 2408 ἐφοϐήθησαν
405 2368 458 2395 τὸν
479 2366 563 2396 Θεὸν,
581 2364 627 2390 καὶ
650 2362 683 2389 τὰ
708 2361 780 2396 ἑξῆς.
804 2358 973 2408 Ταπεινώαει

186 2404 249 2450 τοὺς
265 2404 460 2453 προλεχθέντας
483 2410 590 2441 ἀσεϐεῖς
607 2410 621 2435 ὁ
637 2406 822 2444 προῦπάρχων
845 2405 898 2440 πρὸ
914 2404 974 2453 τῶν

187 2449 294 2492 αἰώνων
308 2449 390 2492 ease-
416 2457 521 2485 ἔσονταί
539 2464 570 2482 τε
593 2453 716 2480 ταπεινοὶ
738 2453 784 2478 καὶ
803 2449 973 2485 διαμενοῦσιν

188 2509 235 2537 ἐπὶ
254 2509 384 2544 μήκιστον
394 2504 527 2531 τοιοῦτοι·
543 2500 602 2528 ἐπεὶ
617 2498 709 2534 μηδεὶς
722 2497 825 2544 ἔσταιῌὸ
841 2494 972 2544 ὑπερᾲαύῖ

187 2555 242 2582 τῶν
254 2539 340 2585 haec;
354 2550 540 2583 ἀντάλλαγμα.
560 2544 650 2577 Ἀπαξ
664 2544 719 2579 γὰρ
733 2543 747 2568 δ
764 2542 828 2573 Υἱὸς
845 2541 892 2567 τοῦ
905 2539 973 2567 Θεοῦ

187 2600 284 2636 λύτρον
296 2597 391 2625 ἑαυτὸν
401 2596 486 2627 διδοὺς
497 2594 544 2621 καὶ
553 2592 730 2625 ἀντάλλαγμα
742 2587 877 2636 ύπὲρτῶν
887 2588 975 2636 αμαρ-

187 2633 291 2676 τωλῶν,
303 2644 366 2675 τοὺς
381 2642 429 2677 μὲν
444 2641 482 2672 εις
494 2639 574 2666 αὑτὸν
588 2634 801 2673 πεπιστευκότας
813 2633 973 2668 ὲξηγὸρασε,

188 2691 298 2718 πάντων
309 2697 340 2715 τε
351 2687 449 2717 αὐτοὺς
459 2684 514 2711 τῶν
529 2682 668 2719 προτέρων
682 2678 888 2715 ἁμαρτημάτων
902 2677 975 2712 ἠλευ-

189 2736 325 2772 θέρωσεν·
343 2734 406 2764 τοὺς
423 2731 452 2758 δὲ
469 2730 545 2757 εἴασε
560 2727 715 2758 ταπεινοὺς,
744 2724 806 2751 Επεὶ
830 2723 974 2772 μὴ’-προσ-

189 2767 290 2818 ήιίαντο
313 2781 363 2816 τὴν
378 2778 447 2813 ὑπὲρ
471 2775 560 2803 αὐτῶν
574 2773 696 2800 δοθεῖσαν
714 2771 806 2806 τιμὴν,
825 2767 974 2818 μηρὲιὲτιί-

192 2812 307 2853 στευσαν
326 2812 366 2855 είς
388 2823 418 2849 τὸ
432 2812 525 2857 τίμιον
542 2818 612 2854 αἷμα
630 2817 676 2844 τοῦ
700 2816 808 2843 πάντων
824 2812 974 2849 ἀνθρώπων

192 2871 336 2905 Λυτρωτοῦ
351 2870 397 2897 καὶ
414 2867 545 2901 Σωτῆρος.
565 2865 610 2891 Διό
630 2871 695 2898 φησι
713 2862 777 2895 περὶ
798 2859 887 2887 αὐτῶν
901 2859 914 2884 δ
930 2858 974 2884 λό-

1025 2260 1179 2287 humiliabit
1193 2267 1250 2287 eos.

1062 2304 1143 2332 Vens.
1160 2305 1205 2335 2‘].
1219 2303 1264 2331 2‘2.
1284 2303 1346 2330 Non
1365 2303 1434 2329 enim
1448 2306 1486 2329 est
1503 2302 1557 2329 illis
1573 2302 1743 2329 commutatio
1754 2321 1760 2332 ,
1784 2304 1809 2327 et

1024 2360 1076 2379 non
1091 2352 1233 2377 timuerunt
1261 2348 1354 2380 Deum,
1370 2352 1397 2375 et
1411 2351 1519 2375 caetera.
1534 2346 1696 2374 Memoratos
1712 2346 1809 2381 impios

1024 2396 1179 2424 humiliabit
1193 2395 1239 2429 qui
1253 2398 1296 2422 est
1317 2397 1379 2421 ante
1394 2394 1492 2421 smeula
1511 2392 1593 2424 Deus,
1609 2395 1744 2426 eruntque
1760 2393 1810 2418 hu-

1024 2443 1113 2473 miles,
1127 2449 1159 2468 ac
1174 2441 1242 2467 tales
1268 2439 1314 2466 diu
1344 2438 1552 2473 permanebunt,
1573 2437 1636 2471 quia
1652 2437 1743 2464 nullus
1757 2437 1810 2464 erit

1025 2488 1072 2523 qui
1087 2488 1132 2514 det
1152 2494 1202 2522 pro
1221 2485 1275 2512 illis
1288 2483 1540 2510 commutationem.
1563 2481 1629 2509 Nam
1647 2490 1709 2509 cum
1726 2482 1809 2509 semel

1024 2534 1072 2561 Dei
1088 2532 1175 2560 Filius
1187 2539 1247 2559 sese
1262 2529 1367 2557 dederit
1378 2529 1405 2555 in
1420 2527 1634 2562 redemptionem
1650 2530 1677 2554 et
1687 2534 1810 2554 commu-

1025 2580 1153 2607 tationem
1180 2586 1228 2613 pro
1254 2575 1461 2611 peccatoribus;
1489 2580 1536 2600 eos
1550 2573 1658 2607 quidem
1673 2573 1719 2607 qui
1737 2571 1763 2598 in
1780 2579 1810 2599 se

1025 2625 1199 2654 crediderunt
1214 2622 1323 2654 exemit,
1337 2627 1417 2656 atque
1434 2627 1449 2646 ιι
1466 2618 1588 2653 pristinis
1603 2617 1711 2645 delictis
1725 2616 1810 2644 omni-

1025 2673 1077 2699 bus
1102 2670 1246 2702 liberavit;
1273 2668 1342 2695 alios
1370 2673 1435 2693 vero
1464 2664 1574 2698 reliquit
1597 2663 1729 2697 abjectos,
1747 2661 1809 2696 quia

1025 2718 1141 2753 pretium
1160 2723 1209 2751 pro
1224 2723 1253 2742 se
1267 2713 1360 2741 datum
1374 2719 1428 2739 non
1450 2709 1630 2741 admiserunt,
1644 2715 1731 2742 neque
1747 2714 1810 2734 cre~

1025 2764 1154 2790 diderunt
1175 2762 1202 2788 iu
1218 2760 1366 2795 pretiosum
1389 2756 1549 2791 sanguinem
1568 2753 1757 2788 Redemptoris
1782 2757 1810 2779 et

1027 2807 1176 2835 Salvatoris
1193 2805 1314 2833 omnium
1332 2802 1482 2830 hominum.
1508 2799 1688 2832 Quamobrem
1707 2798 1740 2825 de
1758 2797 1810 2824 illis

1026 2854 1142 2882 dicitur:
1160 2850 1220 2878 Non
1233 2849 1301 2877 enim
1315 2853 1353 2876 est
1366 2847 1419 2875 illis
1428 2845 1607 2873 commutatio.
1618 2843 1706 2876 Quare
1718 2845 1808 2869 autem
