4098 6410
401 340 508 398 £39

1528 343 2035 401 COMMENTARIA
2070 346 2137 402 IN
2179 346 2516 404 PSALMOS.

3534 362 3640 416 ιιιο

401 456 497 510 καὶ
530 453 814 525 ὑποκρίσει
859 454 1222 520 άπαλύνοντες
1269 457 1480 511 ἑαυτῶν
1523 460 1649 524 τοὺς
1689 460 1880 530 λόγους
1911 462 1974 516 ὲκ

2082 464 2223 520 tione
2254 466 2560 522 mollientes
2595 468 2768 538 palam
2825 484 3106 528 sermones
3139 488 3294 538 suos,
3336 476 3462 531 dum
3495 477 3640 535 intus

399 546 494 602 τοῦ
537 545 794 616 φανεροῦ,
830 545 1027 600 ἔσωθεν
1067 549 1125 602 δὲ
1170 550 1366 614 αὐτοὺς
1411 552 1789 619 άκοντῖσαντες
1834 555 1974 627 ὑπὲρ

401 638 640 711 βολίδας,
690 637 826 692 ἀλλὰ
873 640 965 693 καὶ
1005 641 1165 705 αὐτὸς
1207 645 1235 695 6
1274 643 1538 715 προδότης
1584 646 1822 714 γεγονὼς
1879 648 1974 701 τοῦ

399 732 677 803 Σωτῆρος,
708 731 896 809 ὁποίου
923 733 1110 799 τέλους
1146 734 1426 800 τεύξονται
1458 736 1782 809 δεδήλωται·
1813 740 1877 793 σὺ
1916 739 1975 792 δὲ

398 826 429 879 ὁ
477 822 681 876 τούτων
726 823 1095 896 ἀκροώμενος,
1148 827 1533 898 σωφρονισθεὶς
1574 829 1682 882 ἀπὸ
1725 829 1818 883 τοῦ
1867 829 1976 883 τῶν

403 913 848 985 προλελεγμένων
900 916 1111 980 τέλους,
1164 919 1258 971 καὶ
1302 920 1332 971 6
1385 919 1462 989 τῷ
1518 922 1976 991 προφητευομένῳ

400 1005 519 1059 ὅλον
550 1005 748 1059 σαυτὸν
788 1008 1078 1072 ἐπιδιδοὺς,
1113 1009 1322 1083 θάρσει,
1353 1010 1452 1080 τὴν
1488 1011 1685 1064 σαυτοῦ
1720 1012 1977 1083 φροντίδα

400 1097 696 1169 ὲπιρῤίψας
732 1100 819 1152 ἐπ’
866 1100 1050 1164 αὑτὸν,
1084 1095 1170 1153 οἷα
1213 1102 1392 1173 Καινῇ
1421 1102 1664 1177 Διαθήκῃ
1708 1104 1976 1175 μαθητευ-

398 1188 533 1255 θεὶς,
569 1190 636 1244 δι’
664 1185 733 1263 ἦς
762 1192 924 1257 αὐτὸς
958 1195 988 1247 6
1011 1193 1200 1266 Σωτὴρ
1228 1195 1473 1249 παιδεύει
1496 1196 1668 1264 λέγων
1688 1216 1701 1229 ι
1736 1196 1833 1263 Μὴ
1879 1215 1978 1266 με·

395 1281 727 1351 ριμνήσητε
777 1284 835 1337 τί
885 1283 1128 1354 φάγητε,
1168 1284 1323 1355 μηδὲ
1370 1287 1427 1340 τί
1477 1288 1679 1356 πίητε’
1722 1289 1836 1353 καὶ,
1878 1286 1975 1356 Μὴ

398 1373 708 1441 κτήσησθε
750 1375 983 1442 χρυσὸν
1021 1375 1177 1446 μηδὲ
1227 1377 1505 1450 ἄργυρον,
1548 1380 1703 1449 μηδὲ
1747 1381 1977 1451 χαλκὸν

398 1470 491 1533 εὶς
546 1465 864 1535 τὰςζώνας
908 1467 1092 1539 ὑμῶν.
1131 1468 1292 1525 Ταῦτ’
1327 1468 1419 1527 οὖν
1465 1472 1723 1539 φυλάξας,
1755 1472 1977 1543 ἐπιρρι-

401 1563 527 1629 ψον
552 1558 648 1613 ἐπὶ
680 1559 901 1627 Κύριον
926 1558 1041 1628 τὴν
1075 1562 1369 1631 μέριμνάν
1400 1578 1537 1629 σου,
1564 1564 1659 1616 καὶ
1699 1565 1880 1630 αὑτός
1904 1578 1976 1618 σε

400 1650 724 1720 διαθρέψει,
755 1651 844 1705 τὸν
877 1652 1040 1725 ἄρτον
1085 1671 1168 1707 σοι
1201 1654 1376 1719 διδοὺς
1419 1656 1510 1709 τὸν
1553 1656 1844 1720 ἐπιούσιον,
1881 1656 1977 1711 καὶ

399 1742 500 1812 τὴν
544 1742 765 1813 λογικὴν
816 1742 910 1796 καὶ
953 1745 1272 1816 ἐπουράνιον
1329 1746 1569 1817 τροφήν·
1618 1745 1876 1819 ἐπαρκῶν
1919 1745 1974 1798 δὲ

400 1839 492 1894 καὶ
510 1838 577 1892 τὰ
595 1839 730 1910 πρὸς
745 1839 837 1893 τὸν
859 1839 970 1911 βίον
987 1839 1240 1911 χρειώδη.
1261 1839 1448 1912 Τούτῳ
1464 1838 1539 1913 (1)
1557 1839 1665 1910 γὰρ
1706 1839 1974 1911 ἐπήγγελ-

397 1946 487 1983 ται
528 1931 735 2000 φήσας”
786 1928 920 1986 Οἵδε
962 1934 1072 2001 γὰρ
1113 1934 1146 1986 ό
1186 1931 1389 2001 Πατὴρ
1420 1932 1586 2001 ὑμῶν
1629 1934 1661 1985 ό
1696 1930 1973 2000 οὐράνιος

394 2015 484 2076 ὧν
508 2023 719 2092 χρείαν
746 2023 915 2093 ἔχετε
944 2024 1058 2091 πρὸ
1090 2022 1196 2077 τοῦ
1227 2041 1280 2076 τι
1308 2023 1493 2077 αὐτὸν
1522 2021 1760 2091 αἰτῆσαι
1795 2021 1969 2092 ὑμᾶς.

397 2115 590 2181 Αὐτός
627 2129 701 2169 σε
743 2114 812 2168 δὲ
851 2113 1174 2184 διαθρέψει,
1223 2114 1298 2179 ὼς
1358 2114 1452 2169 καὶ
1505 2115 1682 2169 πάντα
1727 2113 1932 2169 δίκαιον
1955 2131 1971 2146 ο

397 2205 585 2259 οὐδένα
623 2206 733 2279 γὰρ
778 2206 996 2260 πώποτε
1044 2205 1153 2259 τῶν
1185 2205 1407 2259 δικαίων
1441 2205 1849 2269 καταλέλοιπεν,
1899 2204 1976 2269 ὡς

398 2299 688 2372 ὑπομεῖναι
722 2301 883 2356 αὐτὸν
918 2301 1079 2356 σάλον
1118 2301 1255 2373 πρὸς
1297 2300 1357 2354 τδ
1404 2299 1728 2370 σαλευθῆναι
1766 2299 1860 2353 καὶ
1892 2299 1978 2352 ἐκ·

398 2395 604 2447 πεσεῖν.
635 2393 726 2446 Διὸ
760 2393 1006 2448 λέλεκται
1036 2392 1165 2463 ἑξῆς
1187 2410 1201 2424 ·
1238 2395 1320 2448 Οὐ
1343 2391 1523 2447 δώσει
1554 2395 1641 2459 εἰς
1661 2390 1767 2446 τὸν
1792 2390 1978 2446 αἰῶνα

397 2483 596 2539 σάλον
634 2484 716 2552 τῷ
763 2484 1002 2552 δικαίῳ⁶
1050 2484 1084 2555 ἢ
1130 2484 1273 2540 κατὰ
1323 2485 1415 2540 τὸν
1461 2484 1792 2557 Σύμμαχον’
1853 2485 1977 2537 Οὐκ

394 2574 649 2629 ἐκδώσει
693 2577 781 2641 εἰς
806 2576 994 2630 αιῶνα
1035 2575 1392 2645 κλεισθῆναι
1443 2575 1693 2631 δίκαιον.
1751 2574 1843 2628 Διὸ
1891 2574 1981 2628 λέ-

400 2664 586 2721 λεκται
634 2669 691 2719 ὲν
734 2666 939 2737 ἑτέροις
962 2683 976 2696 ·
1025 2665 1321 2735 Νεώτερος
1361 2665 1675 2735 ἐγενόμην,
1723 2665 1822 2720 καὶ
1870 2665 1980 2735 τὰρ

396 2759 689 2828 ἐγήρασα,
729 2758 827 2813 καὶ
858 2759 969 2811 οὐκ
1008 2753 1172 2811 εἶδον
1198 2756 1431 2811 δίκαιον
1453 2756 1981 2827 ἐγκαταλελειμμέ-

399 2866 532 2912 νον,
568 2847 711 2902 οὐδὲ
738 2847 805 2901 τὸ
832 2847 1071 2917 σπέρμα
1092 2846 1279 2903 αὐτοῦ
1308 2846 1522 2916 ζητοῦν
1545 2847 1783 2916 ἄρτους.
1813 2846 1978 2902 Ταῦτ’

400 2937 593 3000 εἰπὼν,
625 2937 751 3007 ἑξῆς
793 2938 990 3007 ἐπάγει
1020 2938 1149 3009 περὶ
1194 2938 1302 2991 τῶν
1348 2938 1648 2993 ἐπιϐούλων
1676 2938 1772 2994 τοῦ
1798 2941 1980 3011 Σωτῆ-

407 3045 498 3098 ρος
521 3028 603 3094 τδ,
634 3028 720 3083 Σὺ
753 3029 822 3082 δὲ
864 3032 896 3083 d
941 3030 1086 3097 Θεὸς
1124 3029 1401 3097 κατάξεις
1429 3030 1650 3099 αὐτοὺς
1675 3033 1762 3099 εις
1796 3032 1980 3103 φρέαρ

2007 1806 2050 1862 Β

2076 567 2402 612 exacuerent
2436 558 2558 628 plus
2583 576 2742 629 quam
2775 561 2913 628 tela,
2945 562 3054 617 imo
3088 565 3250 619 etiam
3303 566 3419 636 ipse
3454 569 3641 624 Salva-

2077 648 2212 703 toris
2239 649 2507 719 proditor,
2544 666 2703 721 quem
2739 652 2899 708 linem
2943 656 3157 710 nacturi
3184 656 3293 711 sint
3333 659 3440 725 iam
3471 660 3645 715 declao

2076 746 2251 792 ratum
2281 747 2401 807 est;
2438 750 2493 794 tu
2527 757 2656 796 vero
2682 743 2773 813 qui
2814 743 2929 798 huic
2959 746 3258 807 auscultas.
3285 763 3474 803 eorum
3506 766 3646 820 quos

2076 830 2416 885 narravimus
2445 834 2591 887 exitu
2628 834 2868 903 prudens
2893 835 3119 892 eﬂ‘ectus
3143 879 3158 901 ,
3203 845 3257 891 et
3293 837 3542 910 quisquis
3591 842 3640 896 ei

2075 920 2169 988 qui
2211 921 2266 972 in
2298 920 2552 975 vaticinia
2589 922 2758 976 fertur
2810 930 2863 978 te
2919 929 3092 979 totum
3124 923 3361 992 dedisti,
3408 928 3640 996 conﬁde,

2075 1008 2299 1064 edoctus
2317 1025 2344 1063 a
2360 1008 2510 1065 Novo
2539 1010 2885 1068 Testamento
2915 1029 3102 1068 curam
3121 1022 3270 1070 tuam
3304 1031 3468 1087 super
3493 1018 3645 1072 illum

2071 1098 2301 1169 jactare,
2338 1100 2426 1154 ubi
2461 1102 2577 1171 ipse
2612 1100 2861 1158 Salvator
2910 1105 3053 1161 hanc
3091 1103 3396 1162 doctrinam
3437 1106 3641 1163 tradit:

2079 1188 2262 1245 Nolite
2293 1192 2509 1246 solliciti
2539 1210 2650 1247 esse
2676 1195 2800 1264 quid
2834 1195 3180 1262 manducetis,
3219 1210 3309 1253 aut
3343 1199 3468 1270 quid
3498 1198 3644 1254 biba—

2079 1281 2147 1335 tis
2179 1283 2199 1314 ⁵
2227 1300 2241 1347 ;
2298 1291 2351 1337 et
2394 1302 2407 1337 :
2452 1282 2630 1339 Nolite
2654 1286 2921 1355 possidere
2959 1304 3181 1354 aurum,
3213 1306 3304 1344 nec
3341 1301 3642 1361 argentum,

2078 1391 2238 1445 neque
2270 1392 2341 1430 ws
2370 1378 2423 1430 in
2472 1378 2618 1431 zonis
2648 1384 2833 1434 vestris
2866 1381 2907 1435 ⁸.
2938 1379 3065 1438 Haec
3096 1382 3278 1453 itaque
3307 1399 3430 1438 cum
3460 1398 3647 1440 serva-

2076 1469 2243 1531 veris,
2271 1468 2424 1537 facta
2460 1486 2612 1539 super
2637 1469 2920 1525 Dominum
2947 1488 3127 1528 curam
3156 1485 3321 1539 tuam,
3363 1486 3414 1530 et
3450 1477 3560 1547 ipse
3597 1484 3648 1531 te

2077 1562 2307 1614 enutriet
2335 1601 2350 1624 ,
2400 1562 2537 1618 dans
2569 1563 2666 1617 tibi
2714 1578 2905 1633 panem
2942 1568 3521 1638 supersubstantialem
3545 1609 3561 1632 ,
3594 1579 3650 1624 et

2078 1652 2397 1707 rationalem
2462 1652 2851 1727 caelestemque
2922 1657 3155 1726 cibum;
3223 1660 3648 1717 subministrans

2079 1759 2298 1814 quoque
2331 1760 2392 1801 ea
2435 1761 2556 1817 quae
2594 1758 2721 1805 sunt
2749 1749 2814 1804 ad
2843 1750 3005 1805 vitam
3037 1753 3386 1808 necessaria:
3424 1753 3477 1808 id
3503 1753 3648 1809 enim

2076 1834 2352 1905 pollicitus
2373 1836 2458 1893 his
2490 1838 2673 1893 verbis
2704 1848 2789 1895 est
2816 1859 2828 1894 :
2858 1839 2969 1895 Scit
3008 1844 3147 1896 enim
3182 1843 3347 1898 Pater
3370 1853 3536 1900 uester
3557 1862 3653 1900 cae-

2075 1924 2220 1978 lestis
2244 1942 2467 1996 quorum
2496 1943 2624 1997 opus
2662 1929 2884 1996 habetis,
2911 1943 3188 2004 antequam
3209 1935 3333 2005 quid
3353 1952 3439 1990 vos
3461 1938 3651 2005 petatis

2077 2015 2142 2070 ab
2172 2016 2283 2086 ipso
2310 2018 2354 2073 ".
2389 2017 2509 2089 Ipse
2545 2030 2592 2076 te
2611 2024 2856 2087 enutriet,
2892 2035 2951 2079 ut
2995 2034 3048 2079 et
3081 2028 3380 2097 quemlibet
3412 2029 3649 2100 justum;

2076 2111 2348 2167 neminem
2378 2113 2523 2168 enim
2562 2114 2839 2184 iustorum
2883 2133 3122 2188 unquam
3180 2121 3254 2174 ita
3300 2120 3550 2192 reliquit,
3591 2130 3653 2176 ut

2077 2202 2484 2262 ﬂuctuationem
2529 2217 2827 2278 pateretur,
2867 2225 2929 2263 ac
2980 2211 3262 2266 vacillaret
3315 2221 3369 2268 et
3411 2211 3648 2269 caderet.

2078 2297 2259 2364 Quare
2282 2299 2385 2354 sub
2414 2299 2529 2355 haec
2556 2299 2761 2356 dictum
2798 2310 2920 2357 cst:
2965 2300 3086 2357 Non
3129 2302 3274 2357 dabit
3307 2305 3361 2357 in
3399 2312 3654 2359 aeternum

2078 2388 2474 2457 ﬂuctuationem
2496 2390 2672 2454 iusto;
2696 2391 2811 2447 sive
2836 2399 2894 2444 ut
2923 2390 3320 2464 Symmachus:
3354 2392 3475 2449 Non
3506 2395 3655 2449 dabit

2081 2480 2134 2533 in
2163 2488 2414 2535 aeternum
2436 2481 2613 2536 claudi
2629 2484 2856 2551 justum.
2885 2482 3010 2539 Ideo
3040 2484 3169 2539 alibi
3191 2483 3392 2539 dicitur
3417 2503 3432 2539 :
3461 2483 3656 2540 Iunior

2081 2567 2180 2637 fui,
2207 2569 2396 2623 etenim
2423 2572 2604 2637 senui,
2648 2582 2697 2624 et
2740 2588 2843 2625 non
2896 2572 3002 2626 vidi
3048 2573 3257 2642 justum
3309 2572 3653 2641 derelictum,

2080 2673 2174 2712 nec
2201 2673 2373 2714 semen
2401 2658 2515 2729 ejus
2543 2676 2779 2730 quaerens
2828 2677 2987 2730 panes
3035 2663 3077 2716 ⁸.
3138 2661 3232 2718 His
3264 2664 3489 2734 prolatis
3513 2706 3528 2731 ,
3585 2659 3656 2721 de

2080 2745 2493 2805 insidiatoribus
2519 2748 2820 2807 Salvatoris
2841 2752 2943 2807 hoc
2967 2753 3155 2823 adjicit
3180 2772 3192 2807 :
3228 2753 3308 2807 Tu
3326 2770 3464 2822 vero,
3495 2754 3654 2822 Deus,

2081 2838 2303 2895 deduces
2343 2857 2431 2896 eos
2479 2842 2533 2896 in
2570 2852 2784 2912 puteum
2834 2845 3113 2909 interitus;
3152 2845 3296 2911 sive,
3353 2846 3656 2902 secundum

2084 2928 2490 3002 Symmachum,
2525 2932 2604 2987 Tu
2635 2950 2772 2999 vero,
2807 2934 2982 2999 Deus,
3026 2934 3236 3005 dejicies
3266 2952 3352 2989 eos
3380 2936 3434 2988 in
3477 2935 3657 2989 larunt

2081 3023 2325 3077 interitus
2356 3026 2418 3078 9:
2474 3024 2541 3080 de
2589 3042 2697 3097 quo
2737 3027 2857 3081 lacu
2911 3035 3164 3083 sexcenta
3219 3026 3470 3097 superius
3510 3026 3655 3081 dicta

400 3118 726 3189 διαφθορᾶς
748 3139 761 3151 '
797 3121 829 3193 ἢ
864 3121 1007 3175 κατὰ
1033 3122 1124 3175 τὸν
1162 3123 1490 3194 Σύμμαχον*
1524 3125 1609 3179 Σὺ
1648 3126 1717 3179 δὲ
1760 3129 1793 3180 ό
1836 3127 1976 3195 Θεὸς

2085 3123 2247 3180 sunt,
2283 3117 2515 3188 exempli
2544 3118 2719 3189 gratia
2745 3139 2758 3174 :
2795 3117 3119 3187 Exspectans
3150 3118 3441 3188 exspectari
3471 3116 3657 3173 Domi-

404 3209 776 3279 κατενέγκεις
816 3211 1039 3278 αὐτοὺς
1068 3214 1155 3279 εἰς
1181 3212 1414 3268 λάκκον
1455 3215 1808 3285 διαφθορᾶς·
1857 3219 1986 3289 περὶ

399 3293 461 3354 οὗ
489 3299 691 3355 λάκκου
724 3303 894 3373 μυρία
923 3303 1012 3357 διά
1040 3303 1147 3357 τῶν
1179 3303 1486 3377 ἔμπροσθεν
1520 3306 1766 3379 εἴρηται·
1791 3307 1980 3382 ὥσπερ

405 3394 463 3445 ὲν
508 3392 614 3464 τῷ·
676 3394 1008 3464 Ὑπομένων
1056 3396 1347 3467 ὑπέμεινα
1401 3397 1509 3453 τὸν
1565 3400 1786 3468 Κύριον
1807 3441 1822 3465 ,
1884 3401 1982 3456 καὶ

402 3486 713 3557 προσέσχε
740 3505 863 3557 μοι,
908 3490 1007 3543 καὶ
1045 3488 1307 3561 ἀνήγαγέ
1333 3508 1410 3560 με
1432 3491 1503 3545 ἐκ
1522 3491 1754 3548 λάκκου
1784 3497 1984 3550 ταλαι-

403 3579 646 3647 πωρίας,
694 3579 795 3634 καὶ
827 3580 947 3635 ἀπὸ
980 3581 1178 3651 πηλοῦ
1211 3584 1393 3651 ιὶλύος
1414 3600 1426 3613 ·
1481 3585 1575 3639 καὶ
1611 3585 1773 3639 πάλιν
1794 3605 1808 3617 ο
1861 3587 1983 3657 Μή-

401 3685 549 3726 ποτε
585 3672 1066 3742 παρασιωπήσῃς
1091 3674 1191 3747 ἀπ’
1219 3674 1384 3744 ἐμοῦ,
1416 3676 1514 3730 καὶ
1545 3678 1984 3748 όμοιωθήσομαι

401 3762 527 3830 τοῖς
570 3763 1033 3818 καταϐαίνουσιν
1075 3768 1163 3830 εὶς
1193 3766 1452 3820 λάκκον·
1492 3767 1587 3822 καὶ
1637 3764 1791 3832 αὖθις
1811 3786 1823 3798 ’
1865 3770 1982 3823 Κύ-

399 3869 510 3920 ριε,
537 3853 836 3924 ἀνήγαγες
871 3853 941 3919 ἐξ
971 3854 1120 3922 ᾅδου
1159 3856 1275 3923 τὴν
1312 3856 1526 3926 ψυχήν
1565 3875 1705 3927 μου,
1742 3857 1984 3925 ἕσωσάς

401 3960 475 4014 με
503 3943 623 3999 ἀπὸ
662 3944 781 3998 τῶν
826 3947 1306 4000 καταϐαινόντων
1340 3948 1426 4012 εὶς
1469 3945 1722 4001 λάκκον.
1785 3947 1923 4002 Ἀλλ’
1955 3951 1984 4002 6

405 4035 506 4106 μὲν
537 4035 744 4099 δίκαιος
771 4034 1093 4099 διασώζεται
1127 4036 1261 4109 πρὸς
1291 4037 1352 4090 τὺ
1387 4036 1461 4109 μὴ
1494 4037 1884 4111 κατενεχθῆναι
1904 4039 1984 4103 είς

401 4125 495 4180 τὸν
522 4126 850 4198 δηλούμενον
874 4127 1075 4181 λάκκον
1093 4144 1106 4157 ·
1137 4129 1187 4180 οἱ
1213 4128 1271 4181 δὲ
1301 4128 1517 4193 ἀσεὸεῖς
1548 4129 1700 4184 κάτω
1729 4129 1983 4202 φέρονται

401 4219 485 4283 είς
509 4219 692 4283 αὐτὸν,
718 4218 823 4272 ὑπὸ
846 4219 941 4273 τοῦ
966 4218 1103 4274 Θεοῦ
1126 4221 1710 4293 καταρασσόμενοι,ξὼς
1738 4224 1820 4288 εἰς
1852 4241 1984 4278 κατ-

403 4310 632 4382 άλληλον
669 4311 852 4375 αὐτοῖς
891 4312 1110 4383 χωρίον.
1144 4312 1360 4366 Λάκκον
1401 4312 1457 4367 δὲ
1481 4313 1857 4387 ταλαιπωρίας
1892 4316 1983 4369 καὶ

405 4404 577 4475 πηλὸν
623 4404 787 4469 ἰλύος,
831 4406 924 4459 καὶ
958 4406 1136 4479 φρέαρ
1163 4407 1459 4479 διαφθορᾶς
1494 4407 1586 4461 τὸν
1611 4408 1703 4461 τοῦ
1749 4407 1980 4463 θανάτου

403 4492 571 4551 τόπον
602 4496 786 4552 καλεῖν
835 4497 1022 4552 εἴωθεν
1051 4499 1081 4551 ὁ
1124 4498 1312 4568 λόγος’
1341 4501 1421 4564 είς
1461 4499 1520 4553 ὃν
1553 4500 1982 4556 καταϐάλλονται

393 4587 562 4657 ,δίκην
601 4587 711 4643 τῶν
760 4586 966 4642 ἄνωθεν
1006 4590 1465 4663 καταφερομένων
1506 4593 1563 4644 ἐν
1604 4593 1718 4656 τοῖς
1759 4591 1983 4658 λάκκοις

403 4676 615 4732 ὑδάτων
660 4680 716 4732 αἱ
761 4677 870 4732 τῶν
915 4679 1125 4733 ἀσεϐῶν
1155 4680 1344 4752 ψυχαί.
1398 4683 1509 4735 Καὶ
1549 4683 1847 4755 ἐπειδήπερ
1896 4684 1984 4738 διὰ

401 4766 516 4821 τῶν
556 4767 863 4839 ἔμπροσθεν
907 4768 1032 4832 τοὺς
1075 4768 1337 4837 φονευτάς
1383 4770 1477 4824 τοῦ
1525 4773 1778 4846 Σωτῆρος
1825 4774 1982 4845 ἡμῶν

407 4858 615 4932 ἐδήλου,
649 4859 959 4924 ἀκολούθως
992 4860 1084 4913 καὶ
1115 4859 1210 4915 νῦν
1240 4861 1369 4933 περὶ
1411 4861 1520 4915 τῶν
1553 4863 1732 4918 αὐτῶν
1781 4882 1977 4936 φησιν’

409 4950 648 5020 Ἄνδρες
677 4950 939 5020 αἱμάτων
965 4952 1061 5007 καὶ
1089 4951 1432 5021 δολιότητος
1454 4971 1466 4983 ·
1498 4957 1585 5011 οὐ
1598 4956 1684 5025 μὴ
1730 4958 1981 5027 ήμτσεύ-

352 5114 357 5119 _
404 5058 563 5099 σωσι
603 5043 709 5109 τὰς
740 5043 962 5113 ἡμέρας
998 5043 1196 5099 αὐτῶν
1214 5061 1227 5074 ·
1272 5045 1305 5117 ἢ
1341 5045 1482 5099 κατὰ
1512 5047 1602 5102 τὸν
1644 5049 1937 5121 Σύμμαχον
1962 5067 1975 5079 ·

407 5138 726 5205 Μιαιερόνοι
773 5134 873 5190 καὶ
903 5134 1092 5191 δόλιοι
1121 5138 1235 5206 οὐχ
1271 5138 1649 5206 ἡμισεύσωσι
1696 5141 1803 5208 τὰς
1843 5143 1984 5211 ἡμέ-

398 5243 519 5297 ρας
547 5225 745 5282 αὐτῶν
762 5243 776 5256 ο
806 5226 838 5297 ἢ
867 5226 1007 5280 κατὰ
1030 5226 1120 5280 τὸν
1156 5226 1382 5281 ’Δκύλαν
1402 5245 1415 5258 ·
1456 5228 1697 5298 Ἄνδρες
1721 5230 1983 5302 αἱμάτων

408 5317 509 5371 ναι
549 5308 871 5383 ἐπιθέσεως
912 5318 1025 5385 οὐχ
1060 5317 1475 5386 ἡμισεύσωσιν
1504 5320 1728 5391 ἡμέρας
1763 5322 1979 5381 αὐτῶν.

407 5408 646 5480 Νοήσεις
674 5408 732 5462 δὲ
760 5410 906 5473 ὅπως
949 5409 1282 5481 ἐπληροῦντο
1307 5413 1404 5466 καὶ
1439 5412 1614 5467 ταῦτα
1657 5413 1981 5485 ἐπιστήσας,

411 5498 491 5566 ὡς
522 5501 861 5574 παραχρῆμα
892 5501 988 5555 καὶ
1016 5502 1131 5572 μετ’
1159 5503 1221 5557 οὐ
1255 5503 1422 5559 πολὺν
1466 5505 1657 5576 χρόνον
1697 5512 1797 5576 τῆς
1841 5508 1995 5589 κατὰ.

484 5616 508 5646 ⁸
547 5611 737 5669 Matth.
773 5629 828 5666 vt
862 5612 954 5667 25.
1029 5613 1062 5644 "
1100 5612 1294 5668 Matth.
1329 5615 1451 5682 1,9.
1561 5617 1581 5648 ⁷
1620 5615 1751 5673 Luc.
1788 5618 2000 5679 311.30.

413 5699 601 5749 nm,
660 5684 712 5739 l.
789 5685 829 5715 ¹¹
870 5682 1011 5738 Psal.
1047 5698 1210 5749 xxix,
1245 5684 1301 5738 ι.

490 5775 569 5846 (l)
606 5776 814 5838 Τούτῳ.
858 5774 1128 5844 lnterpres
1154 5774 1351 5846 legisse
1380 5774 1598 5831 videtur
1633 5789 1807 5831 τουτο.
1852 5771 2012 5828 Enn.

752 5869 1021 5931 ΡΑτιιοι..
1056 5869 1172 5930 Gn.
1206 5868 1445 5931 XXIII.

2013 4547 2061 4605 D

2080 3225 2226 3272 num,
2253 3219 2302 3263 et
2326 3209 2552 3264 intendit
2580 3211 2728 3274 mihi,
2746 3221 2794 3265 et
2822 3211 3003 3266 eduxit
3032 3228 3113 3267 me
3137 3211 3200 3266 de
3221 3212 3339 3266 lacu
3363 3212 3585 3265 miseriae
3605 3221 3656 3266 et

2084 3297 2149 3352 de
2175 3302 2285 3351 luto
2306 3298 2456 3367 {teris
2492 3299 2566 3368 ‘°;
2589 3315 2653 3354 ac
2685 3315 2903 3355 rursum
2936 3317 2950 3353 :
2984 3298 3277 3372 Nequana‘o
3304 3310 3478 3354 taceas
3502 3316 3655 3363 ame,

2082 3398 2132 3446 et
2159 3390 2497 3446 assimilabor
2519 3389 2950 3447 descendentibus
2980 3393 3035 3447 in
3073 3393 3247 3447 lacum
3293 3392 3368 3455 ";
3430 3392 3659 3447 iterum-

2082 3499 2226 3555 que:
2263 3483 2501 3550 Domine,
2535 3484 2766 3540 eduxisti
2803 3485 2867 3540 ab
2911 3485 3116 3554 inferno
3159 3484 3392 3539 animam
3449 3500 3654 3546 meam,

2083 3575 2306 3630 salvasti
2337 3592 2418 3630 me
2451 3592 2483 3630 a
2512 3575 2940 3631 descendentibus
2983 3576 3038 3628 in
3089 3576 3283 3629 lacum.
3332 3572 3439 3628 Sed
3473 3574 3658 3644 justus

2085 3667 2302 3737 quidem
2326 3669 2560 3734 eruitur,
2590 3675 2652 3723 ut
2677 3684 2747 3724 ne
2795 3669 2852 3723 in
2899 3675 3257 3725 memoratum
3292 3667 3467 3722 lacum
3507 3665 3659 3723 defe-

2083 3767 2271 3827 ratur;
2301 3759 2451 3829 impii
2481 3773 2611 3815 vero
2658 3759 2712 3814 in
2736 3759 2914 3831 ipsum
2946 3758 3299 3830 dejiciuntur,
3327 3774 3359 3814 a
3383 3757 3493 3815 Deo
3527 3775 3662 3831 prae-

2084 3850 2296 3921 cipitati
2324 3850 2481 3922 quasi
2531 3850 2587 3905 in
2632 3861 3020 3924 congruentem
3052 3851 3158 3909 sibi
3189 3851 3392 3908 locum.
3452 3849 3658 3907 Lacum

2086 3951 2266 3996 autem
2296 3943 2561 4006 miserias,
2592 3940 2765 3997 lutum
2799 3940 2948 3999 facis
3000 3947 3057 4000 et
3102 3950 3328 4014 puteum
3359 3943 3617 4000 interitus
3638 3983 3657 4005 .

2086 4037 2279 4090 mortis
2320 4033 2498 4088 locum
2530 4048 2729 4089 vocare
2779 4033 2919 4090 solet
2953 4030 3254 4105 Scriptura,
3287 4034 3344 4090 in
3373 4034 3536 4106 quem
3567 4033 3664 4090 de-

2081 4126 2349 4196 jiciuntur
2395 4125 2592 4181 animae
2625 4122 2946 4196 impiorum,
2990 4124 3167 4182 instar
3200 4134 3391 4180 eorum
3446 4124 3542 4196 qui
3589 4125 3662 4179 ab

2086 4219 2198 4274 alto
2233 4219 2352 4273 loco
2405 4217 2461 4272 in
2505 4217 2685 4271 lacum
2733 4230 2999 4288 aquarum
3048 4215 3483 4287 pmcipitantur.
3519 4215 3660 4282 Quia

2086 4326 2216 4367 vero
2247 4310 2499 4381 superius
2523 4307 2825 4366 Salvatoris
2849 4309 3029 4367 nostri
3052 4308 3435 4365 interfectores
3460 4322 3659 4364 memo-

2085 4404 2249 4468 ravit,
2274 4408 2673 4473 consequenter
2700 4402 2813 4471 jam
2841 4398 2909 4457 de
2935 4401 3130 4457 iisdem
3155 4400 3229 4454 ait
3255 4417 3269 4453 :
3311 4398 3425 4453 Viri
3452 4401 3663 4470 sangui-

2089 4513 2214 4549 num
2243 4504 2292 4550 et
2319 4495 2490 4550 dolosi
2522 4510 2627 4549 non
2649 4491 3007 4548 dimidiabunt
3035 4493 3145 4547 dies
3175 4506 3332 4557 suos;
3376 4491 3523 4556 sive,
3575 4507 3665 4548 se-

2088 4586 2328 4642 cundum
2364 4585 2783 4659 Symmachum,
2823 4585 3169 4659 Sanguinarii
3195 4595 3242 4640 et
3267 4584 3440 4639 dolosi
3460 4601 3564 4639 non
3589 4583 3668 4637 di-

2086 4678 2385 4733 midiabunt
2415 4678 2527 4733 dies
2552 4694 2707 4742 suos;
2746 4679 2832 4734 vel
2877 4678 3178 4735 secundum
3231 4675 3517 4747 Aquilam,
3549 4674 3666 4729 Viri

2089 4771 2401 4841 sanguinum
2429 4779 2477 4824 et
2495 4770 2722 4825 insultus
2743 4787 2846 4823 non
2863 4767 3215 4824 dimidiabunt
3234 4767 3343 4822 dies
3367 4782 3514 4823 suos.
3537 4764 3666 4822 Habe

2088 4871 2149 4917 ut
2179 4863 2400 4934 impleta
2430 4861 2657 4928 fuerint,
2691 4862 2983 4934 intelliges,
3013 4861 3057 4915 si
3089 4859 3423 4930 perpendas,
3454 4859 3661 4918 statim.

2090 4968 2190 5008 nec
2217 4953 2402 5023 elapso
2431 4951 2601 5006 multo
2619 4961 2862 5022 tempore
2891 4950 2961 5005 ab
2984 4948 3195 5005 insidiis
3215 4955 3404 5003 contra
3418 4945 3665 5002 Salvato-

2089 5059 2203 5099 rem
2229 5052 2500 5111 nostrum,
2521 5052 2695 5099 totum
2718 5058 2888 5114 genus
2928 5045 3354 5096 memoratarum
3379 5038 3662 5093 hominum

2090 5137 2348 5208 perniciei
2383 5136 2632 5193 funditus
2660 5136 2922 5190 traditum
2943 5149 3097 5197 esse,
3133 5130 3420 5186 invadente
3461 5143 3556 5186 eos
3584 5128 3667 5185 ira

2091 5229 2145 5283 in
2197 5228 2482 5285 obsidione
2536 5227 2802 5284 Romanis
2845 5225 3045 5281 bellum
3107 5219 3466 5277 inferentibus
3498 5216 3663 5273 facta.

2092 5320 2206 5378 lmo
2247 5321 2412 5378 etiam
2457 5321 2511 5375 in
2572 5319 2829 5393 praesenti
2859 5328 3105 5386 tempore
3143 5312 3389 5369 mortalis
3439 5308 3668 5380 hujusce

2092 5418 2237 5478 vitae,
2267 5428 2393 5469 cum
2414 5428 2481 5469 ne
2514 5412 2799 5468 dimidium
2833 5410 3054 5482 quidem
3086 5405 3297 5460 dierum
3333 5409 3666 5474 exegissent,

2092 5504 2404 5576 ltujusmodi
2440 5504 2703 5576 perniciei
2734 5502 2833 5558 viri
2887 5501 2965 5556 illi
3004 5497 3331 5572 sanguinem
3384 5501 3441 5550 et
3486 5493 3672 5553 dolosi

2114 5618 2137 5647 "
2175 5614 2322 5673 Psal.
2358 5615 2648 5684 xxxvt,25.
2749 5614 2771 5648 ’
2810 5611 2955 5671 Psal.
2992 5625 3235 5676 Lxxxvn,
3270 5607 3326 5666 7.
3434 5606 3476 5640 ²⁰
3514 5588 3669 5672 Psai,

3305 5866 3378 5925 16
