4098 6372
529 351 625 405 491
1208 342 1479 403 EUSEBII
1517 339 1995 399 CESA'RIENSIS
2034 338 2183 394 OPP.
2226 338 2405 393 PARS
2442 337 2527 394 Ill.
2570 370 2639 380 —
2676 337 3085 395 EXEGETICA.
3641 342 3751 399 491

530 462 716 519 traditi
742 470 888 520 sunt.
921 461 1050 518 Post
1077 471 1305 517 mortem
1354 476 1484 517 vero
1510 476 1758 532 quamam
1801 461 1947 530 ipsos
1976 473 2079 513 mas

2192 457 2283 511 τοῦ
2332 458 2579 529 Σωτῆρος
2621 452 2775 527 ἡμῶν
2818 456 3106 529 ἐπιϐουλῆς
3142 457 3309 529 ἄρδην
3351 454 3410 509 τὸ
3442 456 3549 511 πᾶν
3594 456 3750 524 γένος

528 559 709 621 neant,
728 542 854 611 ante
877 555 1210 611 declaratum
1233 561 1319 609 est
1337 553 1423 609 bis
1440 553 1648 608 verbis:
1674 552 1751 606 Tu
1773 567 1913 614 vero,
1929 550 2079 611 Deus,

2191 549 2298 603 τῶν
2347 547 2748 620 προλεχθέντων
2790 545 2993 618 ὀλέθρῳ
3050 546 3340 618 παρεδόθη,
3392 545 3750 619 μετελθούσης

502 640 745 721 ’Δεάιιεέε
794 670 881 708 eos
924 654 978 706 in
1022 661 1234 721 puteum
1282 651 1542 704 interitus.
1586 646 1709 703 Haec
1749 646 1966 717 quidem
2014 644 2079 698 illi

2192 640 2386 703 αὐτοὺς
2412 638 2512 709 τῆς
2533 638 2698 709 ὀργῆς
2721 639 2778 690 ὲν
2810 639 2874 707 τῇ
2902 636 3285 711 καταλαϐούσῃ
3312 636 3507 701 αὐτοὺς
3539 637 3752 710 πολιορ-

525 746 842 817 patientur:
884 743 996 815 Ego
1058 752 1233 797 autem
1290 743 1507 812 sperabo
1545 741 1600 794 in
1631 749 1713 802 te;
1752 739 1865 793 sive
1898 738 1944 791 is
2000 734 2079 804 qui

2190 731 2283 802 κίᾳ
2325 728 2467 784 κατά
2516 729 2606 782 τὸν
2644 727 2948 799 Ῥωμαϊκὸν
2994 726 3247 799 πόλεμον.
3306 729 3416 782 Καὶ
3462 726 3602 792 τέως
3649 728 3752 798 μὲν

527 816 857 893 vaticinatur
917 834 1223 907 Propheta,
1292 834 1407 890 sive
1457 833 1504 887 is
1567 831 1660 902 qui
1718 830 1775 885 in
1832 825 2079 884 vaticinio

2190 822 2329 876 κατά
2365 821 2455 874 τὸν
2482 819 2721 892 παρόντα
2748 819 2957 890 καιρὸν,
2990 819 3085 873 καὶ
3108 820 3198 873 τὸν
3235 819 3425 891 θνητὸν
3453 822 3513 874 ὲν
3540 816 3751 890 ἀνθρώ-

528 928 727 985 fertur.
2188 931 2311 977 ποις
2339 913 2470 984 βίον,
2505 911 2636 983 μηδὲ
2656 910 3047 982 ήμισεύσαντες
3064 910 3162 974 τὰς
3194 911 3403 984 ἡμέρας
3435 910 3609 965 αὐτῶν
3636 927 3751 963 τοι-

529 1020 666 1091 αύτῃ
734 1020 1107 1092 παρεδόθησαν
1147 1017 1391 1087 ἀπωλείᾳ
1421 1017 1470 1070 οἱ
1513 1014 1703 1087 ἄνδρες
1738 1012 1984 1084 αἱμάτων
2036 1010 2130 1064 καὶ
2165 1006 2496 1076 δολιότητος·
2547 1004 2683 1077 μετὰ
2754 1004 2811 1057 δὲ
2859 1004 2958 1076 τήν
3010 1004 3242 1058 ἐνταῦθα
3281 1003 3556 1075 τελευτὴν,
3594 1005 3752 1056 ὁποῖα

527 1111 724 1173 αὐτοὺς
769 1110 1085 1177 διαδέξεται,
1122 1108 1517 1181 προδεδήλωται
1564 1105 1652 1159 διὰ
1688 1105 1804 1168 τοῦ,
1836 1103 1919 1158 Σὺ
1961 1101 2028 1155 δὲ
2057 1104 2089 1154 ό
2128 1098 2271 1164 Θεὸς
2292 1096 2566 1163 κατάξεις
2585 1094 2804 1162 αὐτοὺς
2824 1098 2910 1163 είς
2932 1095 3113 1165 φρέαρ
3172 1092 3510 1164 διαφθορᾶς.
3568 1092 3753 1147 Ταῦτα

532 1205 630 1274 μὲν
658 1200 748 1260 οὖν
782 1206 977 1259 ἐκεῖνοι
1011 1206 1288 1259 πείσονται
1308 1220 1322 1234 ο
1371 1202 1511 1273 Ἐγὼ
1539 1200 1607 1255 δὲ
1632 1198 1816 1255 texto
1850 1197 1950 1251 ἐπὶ
1986 1194 2086 1250 σέ’
2126 1196 2244 1265 ήτοι
2267 1195 2296 1247 ό
2318 1190 2488 1248 ταῦτα
2520 1190 2786 1255 θεσπίζων
2807 1189 3164 1262 προφήτης,ἢ
3192 1189 3285 1243 καὶ
3309 1187 3469 1249 αὐτὸς
3530 1186 3559 1239 ό
3616 1201 3757 1265 προ-υ

527 1299 911 1371 φητευόμενος.

527 1416 579 1472 ι.
620 1415 689 1470 IN
727 1416 962 1479 FINEM,
1015 1416 1153 1474 PRO
1208 1417 1500 1479 eorum.
1550 1415 1668 1484 QUI
1707 1416 1751 1469 Α
1789 1409 2076 1484 sauciis

597 1485 824 1540 LONGE
858 1487 1131 1545 FACTUS
1177 1489 1330 1547 EST.
1373 1479 1593 1541 DAVID'
1618 1486 1685 1541 IN
1724 1482 1952 1539 TlTULl
1985 1479 2080 1534 IN-

599 1555 1073 1619 SCRIPTIONEM,
1137 1558 1280 1615 CUM
1319 1556 1740 1614 TENUERUNT
1777 1554 1922 1610 EUM
1957 1550 2080 1606 AL—

552 1625 892 1694 :LOPHYLI
914 1627 981 1683 IN
1012 1628 1217 1684 GETH.
1230 1696 1233 1699 ν
1247 1629 1354 1684 LV.

590 1736 759 1795 Vsus.
800 1739 922 1796 2-4.
964 1739 1212 1798 Miserere
1238 1744 1359 1809 mei,
1390 1744 1529 1799 Deus
1555 1787 1569 1812 ,
1597 1744 1843 1816 quoniam
1872 1761 2084 1800 concut-

2185 1399 2295 1455 ΕΙΣ
2318 1399 2405 1451 Τυ
2434 1395 2653 1450 ΤΕΛΟΣ
2676 1395 2860 1448 ΥΠΕΡ
2891 1394 3025 1448 ΤΟΥ
3048 1395 3251 1458 ΔΑΟΥ,
3284 1395 3419 1449 ΤΟΥ
3442 1395 3580 1450 ΑΠΟ
3611 1399 3746 1453 ΤΩΝ

2253 1467 2455 1522 ΑΓΙΩΝ
2502 1464 3166 1528 ΜΕΜΑΚΡΥΜΜΕΝΟΥ,
3212 1466 3348 1519 ΤΟΥ
3391 1467 3588 1520 ΔΑΥΙΔ
3642 1469 3748 1521 ΕΙΣ

2258 1540 2342 1592 ΣΤ
2346 1535 2780 1590 ΗΛΟΓΡΑΦΙΑΝ
2789 1576 2802 1598 ,
2829 1534 3051 1587 υΠΟΤΕ
3071 1535 3484 1590 ΕΚΡΑΤΗΣΑΝ
3514 1538 3747 1593 ΔΥΤυΝ

2260 1610 2325 1663 οι
2358 1605 2747 1660 ΑΛΛΟΦΥΛΟΙ
2787 1605 2876 1657 ΕΝ
2902 1604 2941 1656 Γ
2944 1603 3052 1657 ΕΘ.
3079 1605 3204 1658 NE’.

2274 1747 2562 1817 Ἐλέησόν
2582 1763 2679 1815 με,
2718 1747 2751 1799 ό
2801 1744 2962 1812 Θεὸς,
3003 1743 3094 1798 ὅτι
3125 1743 3500 1812 κατεπάτησέ
3532 1760 3607 1813 με
3642 1743 3748 1797 ἇν-

523 1831 656 1883 cavit
686 1847 766 1886 me
804 1831 958 1888 homo
981 1874 997 1900 ,
1029 1843 1140 1889 tota
1190 1834 1275 1891 die
1316 1839 1629 1907 impugnans
1682 1837 1951 1893 tribulaoit
1982 1856 2079 1897 me.

2189 1845 2435 1910 θρωπος,
2471 1840 2623 1907 ὅλην
2667 1836 2781 1905 τὴν
2823 1836 3049 1907 ἡμέραν
3093 1835 3368 1907 πολεμῶν
3396 1832 3605 1904 ἔθλιψέ
3645 1852 3742 1904 με.

520 1920 761 1992 Populus
795 1926 946 1995 quia
991 1928 1197 1983 sanctis
1229 1928 1387 2000 longe
1440 1928 1619 1985 factus
1661 1939 1778 1997 est,
1821 1939 2085 2001 quantum

520 2012 588 2067 ad
623 2014 930 2082 historiam,
959 2018 1179 2074 videtur
1222 2020 1270 2076 is
1310 2034 1433 2076 esse
1461 2023 1556 2092 qui
1584 2036 1707 2077 cum
1765 2021 1967 2078 Davide
1995 2022 2084 2079 iu-

519 2105 698 2175 giebat
726 2121 757 2160 a
780 2106 1165 2175 facie'Saulis;
1199 2118 1356 2165 erant
1371 2120 1552 2167 autem
1581 2112 1685 2168 viri
1713 2129 1939 2170 numero
1962 2130 2086 2171 sex-

518 2196 685 2260 centi,
719 2204 779 2251 ut
834 2204 1065 2253 testatur
1113 2198 1423 2271 Regnorum
1479 2203 1769 2273 scriptura.
1819 2203 2085 2270 Quoniam

519 2300 651 2340 vero
679 2287 765 2341 bis
794 2289 937 2357 apud
957 2286 1204 2348 Gethaeos
1239 2292 1540 2364 allophylos
1569 2294 1704 2363 fuit;
1739 2297 1936 2367 primo,
1958 2312 2084 2352 cum

519 2376 673 2432 solus
700 2377 1068 2449 deprehensus
1095 2382 1234 2437 intra
1257 2392 1463 2454 portas,
1492 2386 1757 2440 insaniam
1789 2387 2082 2456 simulavit,

514 2468 740 2537 quando
769 2484 867 2525 ceu
901 2480 1155 2541 tympano
1187 2475 1439 2544 pulsabat
1484 2476 1539 2530 in
1590 2478 1762 2547 portis
1810 2478 1963 2533 urbis
1985 2517 2000 2542 ,
2030 2485 2085 2534 et

518 2558 822 2616 deﬂuebant
878 2563 1060 2619 salivae
1110 2565 1230 2635 ejus
1288 2566 1345 2621 in
1388 2567 1610 2623 barbam
1645 2569 1725 2635 ";
1770 2569 1907 2625 alias
1953 2585 2084 2625 vero

517 2656 737 2725 quando
761 2672 883 2711 cum
910 2658 1181 2715 sexcentis
1201 2659 1334 2715 viris
1356 2659 1422 2715 ad
1467 2676 1647 2731 regem
1699 2659 1836 2716 Geth
1887 2660 2082 2717 contu-

519 2745 597 2817 git
616 2746 681 2811 ",
722 2748 814 2817 qui
833 2749 1130 2821 assignavit
1150 2751 1227 2807 illi
1254 2752 1308 2806 in
1330 2752 1701 2808 habitaculum
1726 2752 2085 2810 SicelaNide-

506 2846 610 2892 .tur
635 2853 874 2909 praesens
914 2840 1201 2912 inscriptio
1222 2842 1336 2897 haec
1351 2841 1535 2898 Davidi
1550 2844 1845 2910 ascribere,
1866 2842 2083 2914 quando

517 2943 642 2984 cum
668 2931 939 2987 sexcentis
956 2934 1093 2989 viris
1118 2948 1303 2990 secum
1322 2933 1653 3006 fugientibus
1670 2936 1811 3006 apud
1833 2934 2082 2992 Gethteos

517 3023 1009 3093 peregrinabatur,
1040 3024 1133 3094 qui
1164 3024 1341 3095 ipsum
1377 3035 1706 3097 exceperunt
1744 3034 1798 3083 et
1838 3026 1979 3098 apud
2022 3043 2083 3083 se

519 3119 579 3165 ut
609 3113 842 3167 amicum
869 3114 1219 3172 detinuerunt
1241 3155 1256 3180 ,
1300 3133 1409 3188 quo
1459 3126 1701 3188 tempore
1730 3133 1763 3172 a
1790 3134 1915 3186 rege
1943 3117 2081 3175 Geth

518 3201 575 3256 in
608 3203 781 3272 pretio
825 3202 1044 3258 habitus
1074 3211 1176 3260 est.
1219 3203 1399 3270 Quare
1430 3205 1716 3272 inscriptio
1748 3206 1828 3260 sic
1872 3204 2074 3261 habet:
2105 3195 2147 3252 C

517 3291 587 3349 In
614 3295 792 3365 ﬁnem,
817 3311 912 3365 pro
943 3296 1155 3366 populo,
1187 3297 1277 3366 qui
1311 3312 1343 3350 a
1375 3298 1572 3351 sanctis
1599 3296 1750 3367 longe
1779 3295 1951 3365 factus
1981 3307 2079 3363 est,

514 3382 711 3439 Davidi
748 3386 803 3439 in
840 3385 983 3441 tituli
1009 3386 1428 3455 inscriptionem,
1478 3403 1597 3440 cum
1648 3394 1920 3440 tenuerunt
1964 3401 2082 3439 eum

492 3477 771 3549 ραιιοριτῃιε
792 3481 848 3532 in
882 3476 1033 3534 Geth.
1063 3475 1371 3534 Secundum
1401 3476 1650 3549 Aquilam
1693 3491 1823 3531 vero
1843 3476 2077 3532 dicitur:

524 3567 770 3623 Victoria:
796 3569 1001 3623 auctori
1031 3585 1127 3638 pro
1146 3567 1387 3623 columba
1410 3577 1578 3630 muta.
1608 3566 2081 3639 peregrinationum

515 3661 737 3717 Davidis
767 3662 981 3716 humilis
1014 3662 1260 3731 perfecti,
1305 3679 1421 3717 cum
1466 3670 1741 3717 tenuerunt
1778 3678 1893 3717 eum
1940 3661 2082 3733 Phy-

498 3754 675 3809 ‘lislwi
702 3756 756 3809 in
777 3753 936 3821 Geth;
962 3756 1260 3812 secundum
1281 3754 1663 3828 Symmachum
1684 3771 1812 3812 vero
1833 3775 1845 3810 :
1877 3756 2081 3811 Trium-

500 3847 670 3918 phale
700 3863 794 3916 pro
827 3846 1090 3914 columba,
1120 3863 1215 3918 pro
1243 3855 1390 3920 gente
1411 3848 1620 3919 repulsa
1642 3846 1883 3915 Davidis,
1912 3848 2080 3902 humi-

514 3938 583 3993 lis
616 3948 664 3992 et
698 3939 984 4007 inculpati:
1014 3938 1225 4009 quando
1271 3938 1603 3994 detinuerunt
1633 3955 1749 3994 eum
1800 3938 2078 4011 Pbylistwi

513 4030 568 4083 in
598 4028 747 4085 Geth.
781 4029 980 4097 Quinta
1011 4038 1189 4086 autem
1220 4030 1389 4087 editio
1417 4049 1431 4086 :
1468 4030 1713 4087 Victoria:
1742 4036 1951 4088 auctori
1981 4052 2076 4105 pro

512 4122 753 4177 columba
787 4121 1044 4192 impeditae
1074 4124 1286 4194 linguce,
1314 4123 1739 4178 absconditorum
1773 4124 1987 4191 Davidi,
2020 4128 2077 4181 in

490 4213 655 4267 .tituli
685 4214 1099 4283 inscriptionem,
1122 4214 1332 4285 quando
1357 4223 1630 4270 tenuerunt
1655 4232 1773 4269 eum
1814 4217 2077 4287 allophyli

510 4306 568 4359 in
604 4303 732 4359 Geth
760 4321 779 4369 ;
812 4304 1112 4361 Theodolio
1141 4307 1261 4362 loco
1296 4305 1471 4373 illius,
1513 4305 1619 4361 Pro
1649 4308 1868 4376 populo,
1921 4310 2010 4379 qui
2042 4326 2076 4364 a

511 4397 710 4450 sanctis
743 4394 895 4465 longe
923 4396 1096 4465 factus
1124 4411 1223 4458 est.
1249 4398 1453 4467 pariter
1495 4412 1617 4452 cum
1654 4398 1796 4465 aliis,
1841 4414 1936 4468 pro
1981 4416 2071 4456 co-

509 4485 692 4539 lumba
737 4485 1122 4557 interpretatus
1154 4495 1258 4543 est.
1284 4486 1544 4545 Fortasse
1573 4506 1703 4546 vero
1730 4493 1823 4562 qui
1858 4493 2072 4547 colum-

509 4577 634 4640 bam
671 4585 899 4643 mutam,
927 4586 1019 4633 aut
1046 4579 1241 4649 lingua:
1265 4580 1533 4651 impeditae
1559 4584 1866 4649 ediderunt,
1894 4586 2071 4657 ipsum

509 4666 769 4726 Davidem
798 4670 939 4740 apud
988 4669 1287 4740 allophylos
1334 4680 1635 4727 versantem
1691 4673 2074 4742 subindicant;

496 4761 603 4816 ubi
638 4769 903 4818 consueto
951 4776 1100 4816 more
1143 4777 1251 4815 non
1308 4770 1517 4833 poterat
1551 4763 1605 4819 in
1647 4765 1852 4837 Spiritu
1886 4773 2075 4821 sancto

496 4853 822 4923 .prOphetias
839 4869 1011 4923 neque
1027 4852 1358 4909 conﬁdenter
1372 4854 1599 4926 hymnos
1616 4855 1876 4927 proferre.
1896 4855 2076 4923 Quare

491 4946 817 5007 'columbam
836 4946 1031 5017 lingua:
1048 4946 1317 5016 impeditae
1332 4950 1445 5005 sive
1462 4956 1667 5004 mutam
1685 4964 1902 5020 quoque
1919 4964 2071 5003 voca-

511 5037 646 5092 bant
668 5037 870 5107 ipsum.
891 5035 949 5091 In
970 5037 1294 5108 praecedenti
1315 5054 1445 5094 sane
1459 5040 1670 5109 psalmo
1697 5039 1905 5093 dictum
1938 5046 2022 5094 est
2052 5059 2064 5093 :

511 5129 642 5194 Quis
692 5127 841 5183 dabit
870 5129 998 5182 mihi
1027 5145 1222 5197 pennas
1280 5132 1418 5186 sicut
1453 5131 1748 5186 columbae?
1782 5129 1848 5184 Et
1887 5130 2069 5186 volabo

502 5227 553 5270 et
597 5220 939 5289 requiescam.
992 5217 1163 5289 Longe
1204 5202 1437 5289 fecissem
1485 5221 1824 5275 secessionem
1869 5236 2068 5289 meam,

502 5306 825 5363 habitassem
865 5309 919 5362 in
965 5307 1166 5363 deserto
1198 5311 1277 5375 ιδ,
1310 5310 1608 5367 secundum
1661 5308 2065 5380 Symmachum.

508 5399 775 5464 Quoniam
828 5400 994 5471 igitur
1024 5399 1258 5472 Spiritus
1290 5412 1533 5468 sanctus,
1565 5402 1658 5472 qui
1700 5402 1754 5455 iu
1799 5399 2069 5473 Propheta

503 5491 869 5557 operabatur,
916 5491 1118 5560 quique
1163 5492 1217 5545 in
1250 5490 1514 5546 columbae
1571 5490 1749 5559 specie
1781 5488 1835 5543 in
1872 5488 2068 5546 Serva-

503 5585 677 5633 torcm
732 5579 1082 5637 descendisse
1130 5593 1425 5648 narratur,
1492 5596 1617 5637 cum
1665 5580 1932 5638 delicatus
1985 5584 2069 5637 in-

2187 1935 2328 1999 Λαδς
2357 1935 2464 1989 ἀπὸ
2506 1933 2613 1987 τῶν
2650 1933 2821 2001 ἁγίων
2852 1932 3331 2004 μεμακρυμμένος,
3360 1932 3482 1984 ὅσον
3521 1931 3613 1983 ἐπὶ
3647 1929 3748 2001 τῆς

2188 2027 2443 2100 ἱστορίας,
2474 2018 2648 2079 ἔοικεν
2692 2023 2829 2077 εἶναι
2876 2027 2904 2077 ὁ
2933 2025 3029 2078 σὺν
3073 2022 3151 2094 τῷ
3197 2021 3355 2076 Δαυῒδ
3396 2020 3608 2092 φεύγων
3640 2020 3747 2074 ἀπὺ

2186 2118 2475 2192 προσώπου
2516 2117 2720 2171 Σαούλ·
2756 2113 2896 2188 ἦσαν
2927 2116 2983 2168 δὲ
3012 2115 3103 2168 τὸν
3132 2114 3360 2185 ἀριθμὸν
3399 2113 3588 2184 ἄνδρες
3620 2111 3746 2178 ἑξα-

2186 2213 2376 2273 κόσιοι,
2398 2209 2534 2280 ὼςή
2571 2207 2760 2279 Γραφῇ
2802 2208 3069 2279 μαρτυρεῖ
3096 2205 3203 2258 τῶν
3244 2202 3552 2257 Βασιλειῶν.
3595 2201 3747 2255 Ἐπεὶ⁸

2184 2302 2242 2356 δὲ
2272 2302 2357 2365 δὶς
2386 2301 2605 2369 γέγονεν
2640 2297 2791 2370 παρὰ
2820 2300 2932 2361 τοῖς
2960 2297 3017 2349 ὲν
3048 2295 3147 2349 Γὲθ
3187 2293 3531 2364 ἀλλοφύλοις’
3573 2292 3743 2355 ἅπαξ,

2185 2391 2273 2444 ὅτε
2315 2389 2475 2460 μόνος
2516 2385 2846 2456 ἀποληφθεὶς
2888 2382 3017 2437 εἴσω
3071 2382 3283 2447 πυλῶν,
3332 2382 3523 2453 μανίαν
3577 2396 3744 2451 προσ-

2185 2479 2534 2553 εποιήθη,ὅτε
2561 2479 2655 2533 καὶ
2683 2475 3047 2549 ὲτυμπάνιξεν
3074 2478 3130 2529 ὲν
3156 2478 3275 2539 ταῖς
3303 2474 3496 2537 πύλαις
3524 2473 3622 2544 τῆς
3649 2472 3744 2525 πό-

2183 2573 2339 2636 λεως,
2365 2573 2459 2626 καὶ
2497 2571 2752 2644 κατέρρει
2793 2569 2859 2623 τά
2898 2568 3047 2623 σίελα
3074 2567 3235 2621 αὑτοῦ
3267 2568 3355 2620 ἐπὶ
3386 2565 3475 2619 τὸν
3507 2564 3748 2634 πώγωνα

2183 2663 2372 2719 αὐτοῦ·
2399 2663 2585 2718 ἄλλοτε
2614 2663 2691 2729 δὲ,
2723 2663 2811 2716 ὅτε
2844 2661 2938 2715 σὺν
2970 2658 3220 2730 ἀνδράσιν
3249 2664 3295 2729 χ’
3330 2655 3638 2728 προσέφυγε
3669 2654 3747 2725 τῷ

2185 2752 2393 2825 βασιλεῖ
2433 2753 2532 2823 τῆς
2572 2753 2696 2817 Γὲθ,
2727 2751 2969 2823 ἀφώρισε
3012 2768 3069 2804 τε
3108 2747 3256 2819 αὐτῷ
3286 2748 3600 2818 οἰκητήριον
3645 2746 3746 2815 τήν

2182 2842 2396 2897 Σίκελα.
2436 2841 2599 2895 Ταῦτ’
2625 2841 2798 2895 ἔοικεν
2826 2843 2859 2910 ή
2891 2839 3220 2911 προκειμένη
3255 2835 3625 2908 στηλογραφία
3665 2836 3745 2887 εί-

2184 2934 2381 3007 ρῆσθαι
2404 2933 2481 3005 τῷ
2515 2932 2695 3001 Δαυῒδ,
2720 2932 2841 2986 καθ’
2867 2932 2926 2985 δν
2960 2931 3146 3003 καιρὸν
3164 2929 3279 3000 ἅμα
3307 2931 3418 2992 τοῖς
3447 2934 3493 2998 χ’
3515 2928 3627 2990 τοῖς
3649 2927 3748 2980 σὺν

2181 3027 2329 3100 αὐτῷ
2373 3029 2663 3099 φεύγουσιν
2703 3028 2964 3098 ἐπεδήμει
3008 3030 3117 3091 τοῖς
3163 3027 3219 3079 ὲν
3251 3025 3350 3079 Γέθ
3374 3042 3387 3055 ·
3426 3023 3746 3090 ὑπεδέξαντό

2182 3136 2242 3173 τε
2284 3120 2445 3174 αὑτὸν
2494 3120 2584 3174 καὶ
2635 3120 2896 3189 κατέσχον
2941 3119 3071 3189 παρ’
3102 3118 3311 3179 ἑαυτοῖς
3340 3116 3414 3179 ὡς
3446 3115 3617 3184 φίλον,
3657 3115 3744 3168 ὅτε

2179 3211 2273 3265 atat
2293 3211 2458 3282 τιμῆς
2483 3208 2726 3275 ἀξιοῦται
2754 3209 2903 3280 παρὰ
2934 3207 3010 3278 τῷ
3038 3206 3244 3278 βασιλεῖ
3275 3206 3395 3259 Γέθ.
3427 3206 3518 3260 Διὸ
3549 3205 3616 3259 τὰ
3646 3206 3746 3276 τῆς

2181 3302 2500 3373 προγραφῆς
2528 3300 2798 3372 περιέχει⁹
2827 3302 2932 3366 Eli;
2953 3298 3019 3352 τὸ
3047 3298 3233 3366 τέλος,
3252 3297 3403 3367 ὑπὲρ
3435 3297 3541 3352 τοῦ
3569 3298 3745 3364 λαοῦ,

2178 3390 2285 3445 τοῦ
2330 3390 2448 3446 ἀπὸ
2499 3389 2610 3444 τῶν
2652 3390 2832 3459 ἁγίων
2872 3386 3389 3458 μεμακρυμμένου,
3440 3387 3517 3458 τῷ
3561 3386 3740 3452 Δαυῖδ,

2181 3483 2568 3555 στηλογραφία,
2597 3483 2685 3536 ὅτε
2725 3481 3033 3553 ἐκράτησαν
3080 3479 3239 3532 αὑτὸν
3288 3481 3335 3532 οί
3366 3477 3647 3548 ἀλλόφυλοι
3684 3480 3743 3533 ὲν

2181 3574 2304 3629 Γέθ.
2351 3573 2510 3629 Κατά
2555 3573 2611 3627 δὲ
2660 3573 2752 3627 τὸν
2789 3573 3018 3626 Ἀκύλαν
3058 3572 3309 3645 εἴρηται·
3351 3572 3433 3639 Τῷ
3465 3571 3744 3638 νικοποιῷ

2176 3664 2329 3732 ὑπὲρ
2356 3660 2710 3732 περιστερᾶς
2736 3660 2987 3726 ἀλάλου,
3017 3662 3387 3733 μακρυσμῶν
3427 3661 3535 3715 τοῦ
3565 3662 3745 3716 Δαυῒδ

2177 3756 2479 3820 ταπεινοῦ,
2503 3756 2755 3820 τελείου,
2797 3756 2867 3809 ἐν
2894 3754 2974 3821 τῷ
3018 3752 3311 3823 κρατῆσαι
3351 3753 3538 3808 αὐτὸν
3569 3757 3743 3807 Φυλι-

2177 3847 2423 3914 σταιους
2451 3848 2522 3901 ὲν
2546 3846 2664 3902 Γέθ
2687 3865 2700 3878 ·
2736 3846 2877 3901 κατά
2916 3846 2972 3900 δὲ
3022 3845 3113 3899 τὸν
3151 3843 3476 3916 Σύμμαχον⁸
3525 3844 3742 3898 Ἐπιγί-

2176 3956 2309 3994 κιον
2331 3940 2482 4007 ὑπὲρ
2509 3938 2622 4009 τῆς
2662 3938 3032 4007 περιστερᾶς,
3060 3936 3211 4006 ὑπὲρ
3234 3937 3339 3991 τοῦ
3371 3937 3568 4005 φύλου
3592 3937 3744 3990 ἀπω-

2175 4031 2403 4100 σμένου
2446 4031 2551 4086 τοῦ
2587 4030 2787 4095 Δαυῒδ,
2834 4030 2939 4084 τοῦ
2994 4030 3453 4099 ταπεινόφρονος
3494 4029 3592 4081 καὶ
3640 4030 3741 4097 ἁμα

2173 4122 2352 4190 ώμου,
2382 4121 2479 4176 ὅτε
2508 4122 2806 4192 κατέσχον
2822 4120 3007 4175 αὑτὸν
3032 4122 3086 4173 οἱ
3124 4118 3461 4174 Φυλισταῒοι
3488 4118 3557 4172 ἐν
3584 4119 3703 4173 Γέθ
3720 4137 3735 4149 ³

2173 4215 2205 4284 ή
2239 4213 2296 4265 δὲ
2322 4213 2544 4285 πέμπτη
2580 4213 2815 4277 ἔκδοσιςο
2859 4210 2942 4275 Τῷ
2964 4210 3247 4276 νικοποιῷ
3278 4209 3427 4279 ὑπὲρ
3447 4207 3556 4277 τῆς
3583 4227 3743 4278 περι-

2174 4301 2393 4372 στερᾶς
2436 4303 2544 4372 τῆς
2574 4302 2927 4374 μογιλάλου,
2948 4303 3368 4373 κεκρυμμένων
3415 4301 3495 4369 τῷ
3539 4303 3742 4366 Δαυῒδ,

2173 4379 2776 4465 εἰς’στηλογραςοίαν,
2829 4397 3007 4449 ὁπότε
3056 4394 3397 4464 ἐκράτησαν
3451 4394 3639 4449 αὐτὸν
3689 4399 3741 4449 οἱ

2174 4484 2512 4552 ἀλλόφυλοι
2547 4485 2617 4538 ἑν
2651 4484 2795 4539 Γέθ’
2844 4486 2936 4538 καὶ
2972 4486 3001 4538 ό
3043 4484 3335 4538 Θεοδοτίων
3375 4484 3432 4537 δὲ
3477 4484 3597 4537 ἀντὶ
3623 4483 3739 4547 τοῦ.

2104 4550 2148 4605 Ῐ)
2188 4550 2353 4643 Ὑπὲρ
2390 4576 2496 4630 τοῦ
2534 4576 2688 4631 λαοῦ
2718 4576 2835 4631 ἀπὸ
2872 4578 2991 4633 τῶν
3019 4578 3202 4647 ἁγίων
3221 4576 3738 4646 μεμακρυμμένου,

2174 4667 2327 4735 ὑπὲρ
2354 4667 2462 4736 τῆς
2489 4668 2855 4737 περιστερᾶς,
2888 4669 3087 4740 ὁμοίως
3114 4671 3225 4733 τοῖς
3256 4668 3460 4732 λοιποῖς
3488 4669 3737 4733 ἐξέδωκε.

2177 4758 2328 4828 Τάχα
2377 4757 2435 4811 δέ
2481 4776 2584 4812 που
2627 4760 2954 4814 αἰνίττονται
3004 4761 3053 4814 oi
3110 4759 3435 4831 περιστερὰν
3483 4758 3737 4827 ἀλαλονῆ

2179 4848 2463 4919 μογιλάλον
2494 4851 2774 4921 είρηκότες
2801 4851 2962 4904 αὐτὸν
2993 4850 3083 4903 τὸν
3112 4849 3269 4903 Δαυῖδ
3312 4849 3462 4919 παρὰ
3504 4852 3615 4913 τοῖς
3641 4848 3739 4902 ἀλ-

2176 4939 2424 5011 λοφύλοις
2449 4941 2598 5005 ὄντα,
2627 4942 2720 4997 καὶ
2754 4941 2827 5013 μὴ
2851 4942 3144 5012 δυνάμενον
3167 4940 3345 4994 λαλεῖν
3378 4941 3620 5013 συνήθως
3640 4938 3739 5004 τὰς

2176 5036 2234 5087 ἐν
2268 5034 2409 5104 ἁγίῳ
2446 5034 2722 5105 Πνεύματι
2756 5033 3109 5105 προφητείας,
3155 5033 3287 5106 μηδὲ
3324 5032 3421 5086 σὺν
3459 5030 3739 5103 παρρησίᾳ.

2176 5125 2297 5189 τοὺς
2319 5125 2518 5197 ὕμνους
2530 5126 2933 5197 προσφέρεσθαι
2951 5124 3049 5194 (l).
3070 5125 3161 5178 Διὸ
3179 5122 3463 5196 μογιλάλον
3489 5139 3740 5194 περιστε-

2179 5216 2276 5289 ράν
2303 5217 2340 5290 ἢ
2377 5218 2471 5272 καὶ
2514 5218 2709 5272 ἄλαλον
2743 5218 2904 5270 αὑτὸν
2947 5216 3244 5287 ὠνόμαζον.
3288 5215 3398 5269 Καὶ
3438 5218 3496 5269 ὲν
3521 5214 3598 5285 τῷ
3631 5213 3738 5285 πρὸ

2173 5309 2359 5363 τούτου
2388 5309 2445 5363 δὲ
2475 5309 2673 5380 ψαλμῷ
2697 5308 2912 5362 λέλεκτο
2930 5324 2944 5338 ο
2981 5308 3076 5373 Τίς
3107 5307 3283 5361 δώσει
3315 5323 3417 5376 μοι
3441 5305 3738 5372 πτέρυγος

2173 5401 2313 5455 ὡσεὶ
2342 5400 2729 5470 περιστερᾶς;
2756 5401 2865 5454 Kal
2893 5399 3339 5470 πετασθήσομαι
3374 5396 3413 5467 ἣ
3440 5396 3539 5453 καί
3568 5395 3740 5465 ἐδραο

2173 5493 2491 5563 σθήσομαι.
2544 5494 2743 5561 Πόρρω
2786 5491 2862 5545 ἂν
2905 5492 3162 5559 ἐποίησα
3210 5491 3325 5558 τὴν
3356 5485 3740 5558 ἀναχώρησιν

2167 5603 2304 5654 μου,
2333 5583 2656 5656 ηὐλιῖόμην
2687 5583 2766 5640 ἂν
2787 5585 2858 5637 ἐν
2883 5583 2957 5653 τῇ
2978 5582 3196 5653 ἐρήμῳ,
3225 5582 3365 5639 κατά
3398 5581 3487 5637 τὸν
3511 5580 3739 5651 Σύμμα-

580 5691 622 5722 ⁸²
660 5689 678 5744 l
716 5689 851 5761 Reg.
889 5708 1016 5759 ιιι,
1056 5694 1143 5748 15.
1223 5695 1264 5725 ¹³
1304 5677 1486 5765 ῐῖὶθε.
1525 5710 1707 5757 xxvrr,
1742 5693 1797 5747 Ξ.
1876 5695 1918 5726 ⁸⁸
1958 5693 2079 5753 Psal

2177 5714 2265 5763 tv,
2299 5699 2351 5763 7,
2386 5699 2439 5753 8.

574 5786 653 5851 (1)
685 5787 1155 5853 Προσφέρεσθαι.
1192 5787 1354 5843 Forte
1384 5786 1766 5855 προφέρεσθαι,
1803 5795 1860 5843 ut
1895 5796 1947 5845 ct
1986 5790 2079 5844 iutt

2177 5806 2251 5845 res
2276 5789 2469 5853 legisse
2498 5788 2726 5847 videtur.
2756 5789 2912 5846 ἱιυιτ.
