4098 6374
277 361 384 417 4θῖ

1403 359 1914 418 COMMENTARIA
1951 359 2016 415 IN
2056 358 2394 417 PSALMOS.

3429 366 3534 421 ενι

274 498 389 553 χον.
431 478 586 532 Ἐπεὶ
622 477 799 531 τοίνυν
823 476 884 529 τὸ
909 475 1132 549 Πνεῦμα
1157 476 1219 530 τδ
1260 478 1413 547 ἅγιον
1441 479 1502 532 τὸ
1532 480 1593 532 ἐν
1622 478 1701 550 τῷ
1724 480 1859 551 Προ-

1962 495 2276 551 noeensque
2306 480 2398 543 sit,
2434 493 2464 533 a
2501 477 2665 534 Saule
2696 476 2954 534 Davidem
3002 477 3327 549 insequente
3371 482 3539 551 pelle-

276 574 424 643 φήτῃ
448 566 726 640 ἐνεργοῦν,
753 567 782 621 ό
806 568 901 622 καὶ
925 569 983 621 ἐν
1007 568 1137 622 εῖδει
1162 571 1493 641 περιστερᾶς
1520 569 1615 623 ἐπὶ
1634 570 1724 624 τὸν
1752 572 1858 624 Σω-

274 667 416 737 τῆρα
456 660 884 733 κατεληλυθέναι
917 665 1299 734 μαρτυρεῖται,
1344 663 1615 737 τρυφερὸν
1657 663 1717 718 ὃν
1761 663 1858 718 καὶ

275 759 503 819 ἄκακον,
555 754 821 825 ⁴ἠλαύνετο
873 755 979 809 ὑπὸ
1025 754 1121 809 τοῦ
1171 755 1346 809 Σαοὺλ
1381 756 1714 828 διωκομένου
1762 754 1856 810 τοῦ

277 847 454 911 Δαυῖδ,
486 844 843 917 ὲλαυνόμενόν
862 862 924 899 τε
956 845 1058 899 οὐκ
1082 844 1341 917 ἠμύνετο,
1368 844 1482 899 ἀλλ’
1506 844 1668 917 ἐῴκει
1698 863 1859 917 περι-

279 941 442 1012 στερᾷ
463 936 647 1009 άλάλῳ
687 937 1076 1012 μακρυνομένῃ
1108 939 1204 991 καὶ
1225 938 1591 1011 ἀπωθουμένῃ
1621 939 1726 993 ὑπὸ
1746 938 1856 994 τῶν

278 1032 613 1087 διωκόντωνο
648 1030 842 1083 τούτου
877 1031 1035 1102 χάριν
1066 1031 1209 1085 κατά
1261 1032 1387 1096 τοὺς
1426 1029 1650 1095 λοιποὺς
1681 1031 1857 1103 ἑρμη-

280 1124 485 1188 δευτέις,
508 1122 662 1193 ὑπὲρ
688 1121 796 1191 τῆς
815 1121 1188 1192 περιστερᾶς,
1211 1122 1445 1196 εἴρηται.
1482 1124 1626 1178 Ἀντὶ
1651 1124 1708 1178 δέ
1737 1124 1854 1191 τοῦ,

276 1220 359 1285 εις
395 1216 870 1287 στηλοςφαφίαν,
914 1216 943 1268 ό
992 1217 1090 1288 μὲν
1138 1215 1390 1281 Ἀκύλας,
1441 1217 1724 1272 ταπεινοῦ
1761 1234 1853 1271 τε·

276 1311 443 1366 λείου
461 1326 476 1341 ·
534 1310 566 1363 ό
611 1308 669 1362 δέ
715 1308 1029 1380 Σύμμαχος,
1079 1309 1188 1364 τοῦ
1231 1310 1697 1379 ταπεινόφρονος
1755 1310 1854 1365 καὶ

272 1405 538 1475 ἀμώμου,
567 1403 933 1475 ἠρμήνευσεν,
977 1402 1069 1456 τὸν
1112 1402 1312 1473 τρόπον
1358 1401 1642 1474 δηλοῦντες
1686 1403 1752 1457 δι’
1793 1403 1854 1457 δν

272 1496 467 1569 ὥσπερ
492 1495 689 1566 στήλης
718 1494 814 1549 καὶ
838 1494 1064 1559 αίωνίας
1100 1495 1321 1567 μνήμης
1346 1494 1563 1567 ἠξιοῦτο
1599 1493 1749 1567 παρὰ
1773 1494 1853 1566 τῷ

273 1589 396 1661 Θεῷ
439 1588 596 1660 ἡτοῦ
644 1588 933 1660 Προφήτου
963 1587 1152 1659 ἀρετή.
1194 1586 1271 1640 Τὸ
1312 1586 1422 1659 γὰρ
1464 1587 1719 1659 μέγιστον
1755 1586 1851 1642 τοῦ

270 1679 436 1733 Δαυῖδ
462 1678 795 1752 κατόρθωμα
820 1682 854 1752 ή
882 1680 1207 1751 ταπεινότης
1226 1674 1297 1751 ἦν
1318 1679 1412 1733 καὶ
1440 1681 1474 1751 ἡ
1496 1695 1853 1751 ταπεινοφρο-

1960 573 2140 636 batur,
2168 572 2471 642 pulsusque
2515 585 2626 626 non
2674 570 2977 626 obsistebat
3000 607 3016 633 ,
3064 568 3161 627 sed
3195 570 3390 627 similis
3419 583 3538 628 erat

1956 663 2224 719 columba:
2252 670 2418 718 muta;
2447 662 2638 732 procul
2669 661 2895 726 abactae,
2922 666 2978 716 et
3004 660 3073 715 ab
3115 660 3540 732 insequentibus

1960 755 2239 826 depulsa;
2267 755 2388 811 ideo
2417 769 2447 809 a
2473 753 2701 825 reliquis
2724 753 3114 824 interpretibus
3150 769 3245 823 pro
3294 754 3549 827 columba

1959 847 2167 903 dictum
2198 857 2303 905 est.
2331 846 2440 902 Pro
2472 848 2566 902 illo
2589 854 2802 909 autem,
2829 848 2883 900 in
2916 846 3059 901 tituli
3104 847 3501 917 inscriptionem
3521 888 3538 910 ,

1959 940 2176 1011 Aquila,
2213 940 2427 995 Immitis
2460 939 2717 1009 perfecti;
2752 937 3114 1012 Symmachus
3143 954 3295 1004 vero,
3324 939 3539 994 humilis

1957 1043 2006 1089 et
2040 1033 2315 1102 inculpati,
2344 1033 2684 1103 interpretati
2717 1042 2877 1100 sunt;
2911 1032 3283 1104 signiﬁcantes
3314 1048 3422 1103 qua
3451 1047 3541 1087 ra-

1954 1127 2104 1181 tione
2124 1124 2407 1196 Prophetae
2436 1127 2630 1191 virtus,
2653 1127 2811 1197 quasi
2831 1126 3011 1196 cippo,
3045 1126 3112 1182 ad
3141 1134 3396 1182 aeternam
3425 1142 3540 1183 me-

1958 1219 2187 1274 moriam
2213 1218 2356 1289 apud
2389 1218 2556 1274 Deum
2590 1218 2787 1276 donata
2823 1220 2913 1275 sit.
2942 1217 3234 1276 Enimvero
3264 1218 3539 1289 praecipua

1959 1310 2178 1368 Davidis
2218 1311 2479 1382 perfectio
2530 1318 2650 1367 erat
2704 1311 2983 1366 humilitas
3041 1318 3096 1366 et
3142 1311 3396 1380 abjectio,
3430 1324 3539 1381 qua

1959 1405 2264 1461 absolutam
2300 1406 2559 1461 virtutem
2604 1404 2742 1459 nulli
2786 1403 3198 1474 reprehensioni
3245 1403 3538 1459 obnoxiam

1956 1497 2268 1552 exhibebat.
2311 1495 2492 1563 Quare
2520 1496 2621 1551 hos
2663 1511 2965 1559 sermones,
2992 1494 3287 1550 eminentis
3314 1508 3378 1549 ac
3415 1508 3539 1564 per-

1958 1588 2112 1645 lecta:
2177 1589 2504 1645 humilitatis
2560 1589 2829 1645 rationem
2900 1587 3326 1657 complectentes
3351 1624 3368 1652 ,
3429 1583 3538 1641 Deo

1955 1682 2153 1737 emittit
2166 1721 2180 1742 .

273 1773 429 1845 σύνη,
463 1771 586 1827 καθ’
653 1775 720 1843 ἢν
753 1771 966 1825 τελείαν
1033 1770 1378 1826 ἐπεδείκνυτο
1426 1770 1648 1844 ἀρετὴν,
1695 1768 1884 1825 οὐδένα
1921 1772 2112 1844 μῶμον
2167 1774 2531 1846 ἐπαγομένην.
2570 1774 2661 1828 Διὸ
2694 1775 2820 1838 τοὺς
2881 1773 3272 1846 προκειμένους
3322 1771 3534 1842 λόγους,

268 1862 719 1935 ὑπερϐαλλούσης
776 1861 872 1917 καὶ
921 1861 1135 1925 τελείας
1186 1860 1691 1933 ταπεινοφροσύνης
1744 1861 2014 1934 δείγματα
2043 1864 2414 1936 περιέχοντας,
2454 1866 2739 1938 ἀνέπεμπε
2784 1867 2863 1939 τῷ
2895 1867 3013 1939 Θεῷ
3050 1868 3223 1936 λέγων
3248 1884 3261 1898 ’

356 1959 646 2028 Ἐλέησόν
679 1974 777 2029 με,
826 1961 860 2012 ὁ
899 1955 1064 2024 Θεὸς,
1100 1956 1190 2011 ὅτι
1234 1954 1614 2025 κατεπάτησέ
1637 1973 1714 2027 με
1749 1954 1857 2011 ἄν·

2030 1959 2281 2015 Miserere
2308 1961 2431 2023 mei,
2450 1960 2613 2023 Deus,
2631 1962 2882 2030 quoniam
2907 1963 3236 2017 conculcari!
3254 1978 3335 2017 me
3355 1961 3535 2016 homo-

268 2059 525 2125 θρωπος,
564 2052 640 2116 ὡς
678 2051 816 2124 πρὸς
859 2049 958 2123 τὴν
1000 2049 1147 2115 λέξιν
1192 2050 1284 2103 τὸν
1328 2049 1502 2104 Σαοὺλ
1551 2048 1855 2121 σημαίνων,

268 2144 624 2199 ἐπαναϐάντα
667 2143 836 2214 αύτῷ,
889 2142 984 2196 καὶ
1016 2142 1077 2196 οὐ
1130 2142 1259 2213 μίαν
1301 2141 1537 2215 ἡμέραν,
1586 2142 1723 2195 ἀλλὰ
1766 2142 1860 2195 καὶ

274 2236 477 2301 πολλάς
504 2235 827 2307 ἐπιθέμενον
850 2233 930 2305 τῷ
972 2235 1089 2287 κατ’
1126 2232 1294 2287 αὐτοῦ
1328 2233 1549 2304 πολέμῳ
1571 2251 1586 2265 ·
1622 2233 1701 2287 διὸ
1741 2236 1859 2287 ἐπι-

271 2330 450 2398 λέγει’
499 2330 684 2398 Ὅλην
730 2327 846 2397 τὴν
892 2326 1124 2398 ἡμέραν
1175 2325 1455 2396 πολεμῶν
1502 2328 1717 2397 ἕθλιψέ
1757 2345 1855 2398 με.

270 2420 387 2480 Εἶτ’
422 2422 720 2495 ἐπειδήπερ
755 2421 833 2494 τῷ
881 2421 1009 2492 θείῳ
1043 2420 1325 2492 Πνεύματι
1353 2419 1602 2493 συνεώρα
1632 2421 1730 2491 οὐχ
1770 2420 1860 2474 οῦ-

267 2533 382 2580 τως
406 2516 497 2569 τὸν
530 2515 704 2570 Σαοὺλ
735 2513 907 2570 αῐτιον
938 2513 1068 2568 ὄντα
1092 2514 1195 2584 τῆς
1234 2514 1506 2585 τοσαύτης
1543 2513 1662 2567 κατ’
1692 2511 1858 2566 αὐτοῦ

272 2608 530 2680 σπουδῆς,
581 2609 704 2662 ὅσον
745 2608 973 2677 ἀφανεῖς
1018 2622 1173 2669 τινας
1222 2605 1318 2658 καὶ
1366 2604 1592 2675 νοητοὺς
1630 2602 1858 2674 ἐχθροὺς

268 2703 561 2776 άοράτους,
596 2699 797 2772 δηλαδὴ
835 2700 1097 2770 δυνάμεις
1147 2698 1241 2751 καὶ
1278 2696 1568 2766 πνεύματα
1622 2692 1855 2765 πονηρὰ,

265 2793 365 2848 τδν
395 2792 568 2846 Σαοὺλ
613 2788 943 2861 ἐνεργοῦντα
979 2789 1074 2843 καὶ
1106 2786 1443 2858 διεγείροντα
1474 2786 1567 2839 ἐπὶ
1605 2784 1697 2839 τὸν
1735 2787 1857 2839 κατ’

270 2886 440 2942 αὐτοῦ
500 2885 766 2955 πόλεμον,
818 2881 1045 2947 εἰκότως
1087 2879 1358 2949 ἐπιλέγει·
1420 2875 1860 2946 Κατεπάτησάν

268 2995 350 3051 με
380 2982 433 3033 οι
474 2976 676 3046 ἐχθροί
710 2992 830 3045 μου
871 2973 1026 3041 ὅλην
1055 2973 1171 3041 τὴν
1215 2970 1470 3041 ἡμέραν·
1507 2969 1540 3039 ἢ
1587 2967 1731 3023 κατὰ
1770 2968 1860 3022 τὸν

273 3068 572 3140 Σύμμαχον
589 3084 604 3098 ο
653 3065 988 3135 Ἐπέτριϐον
1017 3069 1070 3120 οἱ
1099 3063 1407 3130 θλίϐοντές
1447 3080 1525 3133 με
1566 3063 1716 3117 κατὰ
1744 3059 1859 3116 πᾶ-

267 3174 397 3214 σαν
430 3159 678 3230 ἡμέραν.
709 3159 866 3222 Τίνες
892 3157 947 3211 δὲ
975 3160 1022 3211 oi
1058 3156 1242 3230 ἐχθροὶ
1275 3155 1370 3210 καὶ
1391 3156 1440 3209 οἱ
1466 3154 1739 3219 θλίϐοντες
1763 3154 1859 3207 αύ-

265 3252 385 3316 τδν,
415 3252 466 3304 oi
495 3251 585 3303 τὸν
612 3249 788 3304 Σαοὺλ
812 3248 1180 3321 ἐνεργοῦντες,
1216 3247 1471 3316 διασαφεῖ
1503 3244 1631 3316 ἑξῆς
1651 3244 1855 3315 λέγων·

270 3345 397 3398 Ὅτι
434 3343 650 3403 πολλοὶ
694 3345 749 3397 οἱ
792 3339 1200 3412 πολεμοῦντές
1234 3356 1311 3410 με
1354 3337 1474 3394 ἀπὸ
1507 3334 1725 3407 ὕψους.
1781 3339 1854 3392 Ού

267 3435 384 3508 γὰρ
418 3435 625 3506 ηγνόει,
649 3434 727 3499 ὡς
764 3435 866 3488 οὐκ
892 3428 960 3505 ἦν
994 3432 1143 3504 αύτῷ
1168 3433 1203 3504 ἠ
1237 3431 1382 3503 πάλη
1419 3429 1556 3503 πρὸς
1590 3424 1731 3501 αἷμα
1762 3431 1859 3485 καὶ

271 3529 478 3602 σάρκα,
500 3527 636 3587 ἀλλὰ
657 3528 795 3600 πρὸς
820 3525 921 3591 τὰς
947 3524 1122 3598 ἀρχὰς
1151 3525 1246 3579 καὶ
1273 3523 1543 3591 ἐξουσίας,
1571 3523 1709 3596 πρὸς
1730 3524 1858 3587 τοὺς

267 3622 723 3694 κοσμοκράτορας
753 3618 847 3673 τοῦ
889 3618 1114 3681 σκότους
1157 3615 1371 3680 τούτου,
1406 3615 1545 3686 πρὸς
1595 3613 1663 3667 τά
1696 3631 1859 3667 πνευ-

274 3713 483 3786 ματικὰ
512 3712 615 3784 τῆς
655 3711 939 3783 πονηρίας,
970 3709 1062 3778 ὑφ’
1089 3701 1163 3762 ὧν
1193 3709 1222 3761 ό
1272 3706 1447 3760 Σαοὺλ
1485 3704 1855 3777 άκονώμενος,

268 3806 368 3859 τὸν
398 3804 563 3878 μηδὲν
602 3801 752 3873 αύτῷ
788 3799 1130 3873 λελυπηκότα
1171 3797 1391 3852 πώποτε
1434 3798 1611 3869 μάτην
1660 3797 1858 3868 ῆλαυνε

272 3899 373 3953 καὶ
406 3896 681 3967 ἐπολέμει.
717 3889 832 3948 Εἴθ’
859 3892 985 3965 ἑξῆς
1009 3909 1204 3964 φησιν·
1247 3888 1491 3960 Ἡμέρας
1522 3888 1861 3957 φοϐηθήσο-

265 4008 400 4062 μαι,
426 3988 542 4059 ἐγὼ
564 3987 633 4042 δὲ
659 3985 845 4041 ἐλπιῶ
871 3984 973 4039 ἐπὶ
1000 3984 1093 4040 σέ.
1139 3985 1204 4036 Ὃ
1234 3983 1298 4054 δὴ
1325 3981 1651 4052 διεσάφησεν
1675 3982 1704 4033 ό
1724 3980 1863 4051 Σύμ-

277 4100 451 4156 μαχος
496 4079 700 4135 εἰπών’
745 4073 904 4152 Ἐνῇ
949 4078 1027 4132 ἂν
1065 4078 1256 4148 ἡμέρᾳ
1299 4073 1558 4144 φοϐηθῶ,
1607 4072 1706 4126 σοὶ
1757 4071 1859 4126 πέ-

274 4180 475 4231 ποιθα,
516 4174 580 4228 Εἰ
622 4172 731 4246 γάρ
763 4173 857 4227 καὶ
887 4171 956 4227 τὰ
1004 4171 1235 4243 μάλιστα
1276 4168 1422 4222 δοκεῖ
1465 4165 1752 4237 ἄνθρωπός
1793 4181 1861 4236 με

274 4265 821 4338 καταπεπατηκέναι,
881 4263 1048 4327 πολὺς
1110 4262 1399 4332 γενόμενος
1461 4258 1581 4312 κατ’
1637 4255 1772 4330 ἐμοῦ
1831 4260 1861 4311 ό

277 4359 477 4425 Σαοὺλ,
523 4357 637 4411 ἀλλ’
686 4358 734 4409 οἱ
781 4354 966 4427 ἐχθροί
1014 4371 1117 4425 μου
1161 4353 1257 4408 καὶ
1297 4353 1346 4404 οἱ
1391 4349 1752 4422 πολεμοῦντές
1793 4366 1861 4421 με

278 4451 510 4515 ἄνωθεν,
545 4448 653 4502 ἀπὸ
698 4447 867 4517 ὕψους
897 4445 969 4499 τὰ
1014 4444 1222 4499 ἑαυτῶν
1257 4442 1385 4515 βέλη
1420 4441 1561 4497 κατά
1593 4441 1694 4512 τῆς
1724 4440 1862 4512 ἐμῆς

283 4544 573 4619 βάλλοντες
622 4540 800 4612 ψυχῆς
852 4538 1093 4592 πλεῖστοι
1138 4536 1485 4607 τυγχάνουσι.
1533 4533 1751 4619 Τούτων
1808 4534 1865 4588 δὲ

1960 2053 2165 2109 diserte
2194 2054 2353 2126 quasi
2382 2052 2602 2110 Saulcm
2643 2055 2916 2119 indicans,
2949 2054 3045 2125 qui
3095 2055 3148 2109 in
3184 2070 3245 2111 se
3275 2054 3539 2125 impetum

1961 2146 2213 2211 faciebat,
2244 2163 2424 2218 neque
2461 2163 2574 2202 uno
2603 2155 2839 2214 tantum,
2871 2148 2968 2204 sed
3002 2148 3189 2203 multis
3234 2146 3430 2202 diebus
3468 2143 3539 2201 ad

1960 2239 2165 2295 bellum
2213 2240 2320 2297 sibi
2370 2239 2715 2297 inferendum
2765 2240 3153 2304 incumbebat;
3202 2254 3376 2311 quare
3408 2237 3542 2295 sub-

1956 2332 2162 2404 jungit,
2195 2333 2421 2389 dicens:
2475 2332 2611 2388 Tota
2653 2333 2741 2389 die
2775 2334 3091 2405 impugnans
3127 2331 3406 2387 tribulauit
3435 2345 3539 2385 me.

1962 2424 2169 2481 Deinde
2222 2426 2353 2496 quia
2400 2423 2611 2496 Spiritu
2673 2434 2868 2483 sancto
2902 2433 3248 2482 monstrante
3298 2421 3539 2484 videbat,

1960 2533 2071 2572 non
2093 2525 2203 2571 tam
2236 2516 2457 2571 Saulem
2506 2517 2643 2569 tanti
2677 2515 2969 2572 adversum
3013 2531 3074 2571 se
3103 2512 3405 2568 moliminis
3438 2528 3540 2566 au-

1960 2615 2172 2662 ctorem
2202 2621 2348 2671 esse,
2378 2621 2542 2676 quam
2568 2606 2817 2660 occultos
2847 2604 3113 2675 quosdam
3142 2610 3197 2657 et
3226 2602 3541 2673 spirituales

1961 2698 2380 2767 invisibilcsque
2445 2696 2721 2760 inimicos,
2791 2694 3049 2749 videlicet
3110 2700 3413 2762 potestates
3473 2706 3542 2746 ac

1961 2790 2190 2860 spiritus
2231 2788 2502 2859 malignos
2529 2786 2749 2841 Saulem
2779 2785 3121 2854 exagitantes
3147 2791 3205 2838 et
3232 2782 3541 2838 excitantes

1962 2883 2029 2938 ad
2060 2881 2266 2937 bellum
2313 2880 2416 2937 sibi
2458 2878 2823 2943 movendum,
2863 2877 2991 2947 jure
3040 2875 3123 2931 sic
3162 2873 3372 2946 pergit:
3407 2872 3544 2928 Con-

1959 2974 2299 3028 culcaverunt
2323 2987 2405 3026 me
2425 2971 2629 3026 inimici
2659 2970 2761 3025 mei
2780 2977 2893 3023 tota
2921 2968 3042 3035 dief;
3076 2969 3214 3033 sive,
3235 2966 3539 3021 secundum

1963 3066 2374 3138 Symmachum,
2410 3063 2723 3118 Alterebant
2764 3079 2846 3117 me
2873 3061 2964 3134 qui
2993 3059 3322 3115 tribulabant
3354 3074 3434 3112 me
3450 3072 3543 3126 per

1962 3174 2168 3213 omnem
2211 3157 2370 3212 diem.
2431 3155 2667 3223 Quinam
2700 3168 2834 3209 vero
2869 3151 3081 3208 inimici
3132 3158 3320 3208 essent
3360 3150 3542 3204 tribu-

1963 3253 2140 3307 lantes
2195 3252 2399 3322 ipsum,
2457 3249 2549 3321 qui
2610 3247 2833 3303 Saulem
2896 3245 3235 3310 excitabant,
3284 3242 3543 3312 deinceps

1962 3342 2228 3408 declarat,
2257 3342 2447 3397 dicens
2475 3359 2489 3396 :
2523 3339 2789 3406 Quoniam
2814 3337 2968 3392 multi
2983 3336 3238 3392 bellantes
3263 3335 3543 3391 adversum

1962 3454 2045 3492 me
2092 3435 2157 3490 ab
2216 3434 2521 3490 altitudine.
2566 3430 2683 3488 Non
2719 3432 2866 3488 enim
2903 3430 3194 3502 ignorabat
3245 3445 3355 3485 non
3411 3443 3540 3484 esse

1962 3529 2069 3585 sibi
2103 3528 2306 3582 luctam
2356 3526 2624 3582 adversus
2656 3538 2877 3580 carnem
2922 3530 2977 3577 et
3023 3519 3381 3592 sanguinem;
3443 3518 3539 3576 sed

1962 3621 2229 3676 adversus
2271 3617 2615 3694 principatus
2642 3623 2698 3672 et
2721 3622 3044 3687 potestates,
3080 3623 3327 3668 rectores
3350 3610 3541 3666 mundi

1963 3712 2317 3768 tenebrarum
2350 3709 2568 3770 harum,
2602 3715 2797 3763 contra
2843 3703 3149 3778 spiritualia
3191 3703 3471 3775 nequitia,
3507 3718 3539 3757 a

1964 3801 2167 3872 quibus
2210 3798 2343 3853 Saul
2374 3798 2703 3860 concitatus,
2753 3811 2878 3852 eum
2910 3797 3004 3867 qui
3046 3797 3151 3853 sibi
3180 3795 3320 3852 nihil
3348 3794 3541 3862 damni

1964 3892 2262 3954 intulisset,
2287 3888 2408 3945 sine
2422 3902 2587 3943 causa
2604 3886 2838 3956 pellebat
2858 3895 2912 3943 et
2941 3887 3313 3957 impugnabat.
3341 3884 3546 3941 Deinde

1964 3984 2042 4038 ait
2082 4002 2094 4037 :
2140 3980 2239 4036 Die
2264 3979 2476 4046 timebo,
2503 3996 2596 4050 ego
2628 3994 2744 4032 vero
2772 3981 2829 4032 in
2873 3988 2921 4032 te
2950 3977 3193 4047 sperabo.
3241 3976 3400 4045 Quod
3429 3979 3544 4033 cla-

1965 4076 2082 4129 rius
2107 4072 2474 4145 Symmachus
2507 4068 2803 4141 explicarit
2828 4069 2915 4123 his
2944 4068 3129 4123 verbis
3167 4084 3180 4120 :
3220 4066 3287 4122 In
3314 4083 3546 4139 quacun-

1963 4185 2061 4239 que
2085 4167 2168 4222 die
2198 4164 2406 4229 timebo,
2456 4166 2512 4219 in
2558 4171 2606 4217 te
2633 4160 2858 4230 speravi.
2912 4158 3139 4215 Etiamsi
3179 4159 3325 4215 enim
3355 4160 3532 4215 homo

1965 4277 2052 4316 me
2085 4261 2428 4330 impugnare,
2483 4256 2727 4325 Saulque
2772 4253 2943 4309 multa
2999 4260 3193 4307 contra
3227 4267 3317 4308 me
3361 4251 3543 4307 moliri

1965 4353 2259 4429 rideatur;
2300 4350 2398 4406 sed
2447 4347 2660 4404 inimici
2701 4346 2831 4412 mei,
2865 4354 2921 4403 et
2961 4345 3055 4416 qui
3091 4346 3160 4401 ab
3188 4346 3301 4400 alto
3325 4360 3413 4400 me
3438 4345 3542 4400 im-

1966 4451 2235 4517 pugnant.
2279 4444 2383 4498 tela
2431 4458 2531 4499 sua
2564 4440 2829 4495 adversus
2860 4439 3095 4493 animam
3132 4453 3305 4494 meam
3338 4437 3548 4492 immit—

1966 4547 2169 4602 tentes,
2199 4538 2354 4592 multi
2392 4548 2623 4590 numero
2673 4543 2822 4589 sunt.
2859 4532 2971 4589 Hos
3000 4547 3167 4603 porro
3200 4546 3393 4586 omnes
3418 4543 3549 4601 pro-

279 4617 501 4691 πάντων
529 4630 888 4703 καταφρονεῖν
919 4626 1212 4699 μεμάθηκα
1239 4625 1328 4680 διὰ
1360 4626 1420 4679 σὲ
1445 4624 1537 4678 τὸν
1571 4617 1703 4696 ἐμὸν
1730 4623 1859 4696 πρό-

1970 4637 2092 4702 pter
2132 4638 2185 4684 te
2213 4632 2681 4699 propugnatorem
2733 4629 2788 4679 et
2828 4631 3194 4693 protectorem
3226 4634 3406 4675 meum
3445 4617 3545 4672 dc-

284 4743 459 4799 μαχον
492 4723 587 4779 καὶ
624 4720 1057 4797 ύπερασπιστήν.
1089 4718 1181 4772 Σοὶ
1210 4716 1320 4791 γάρ
1353 4715 1649 4781 πεποιθὼς,
1676 4713 1863 4770 εἴποτε

279 4817 515 4890 ἐμπέσοι
551 4814 712 4885 φόϐος
739 4816 807 4887 τῇ
841 4814 947 4886 ἐμῇ
977 4809 1514 4883 ψυχῇ,διακρούομαι
1537 4809 1745 4875 τοῦτον,
1779 4811 1864 4865 σοὶ

264 4910 344 4985 τῷ
396 4910 778 4982 ὑπερασπιστῇ
819 4924 920 4979 μου
950 4905 1189 4978 θαρρῶν.

310 5000 343 5031 ”
365 5008 465 5062 Ἐν
494 4999 576 5067 τῷ
616 5002 814 5071 Κυρίῳ
843 4998 1139 5053 ἐπαινέσω
1170 4996 1313 5064 τοὺς
1340 4997 1563 5068 λόγους
1599 5015 1741 5068 μου,
1763 4996 1865 5051 ἐπὶ

264 5099 347 5168 τῷ
397 5096 519 5166 Θεῷ
562 5096 825 5167 ἤλπισα⁸
861 5093 934 5148 οὐ
965 5089 1379 5161 φοϐηθήσομαι
1413 5090 1473 5145 τί
1500 5089 1738 5157 ποιήσει
1762 5106 1865 5161 μοι

266 5208 313 5249 σ
329 5191 468 5263 ἀρε.
505 5188 650 5244 Ἀντὶ
697 5186 814 5251 τοῦ,
858 5186 928 5240 έν
964 5183 1045 5251 τῷ
1078 5183 1200 5250 Θεῷ
1236 5182 1535 5238 ἐπαινέσω
1571 5182 1715 5249 τοὺς
1761 5181 1866 5237 λό-

284 5302 435 5355 γους
460 5300 601 5355 μου,
628 5282 657 5335 ό
690 5280 788 5352 μὲν
818 5277 1132 5350 Σύμμαχος,
1164 5275 1261 5330 διὰ
1286 5275 1393 5330 τοῦ
1429 5273 1577 5330 Θεοῦ
1614 5272 1867 5344 ὑμνήσω

281 5375 396 5431 τόν
442 5377 631 5445 λόγον
679 5370 866 5428 αὑτοῦ
884 5388 899 5400 ⁸
956 5372 985 5423 ό
1035 5369 1093 5423 δὲ
1164 5368 1395 5431 Ἀκύλας
1423 5385 1438 5397 ο
1490 5367 1561 5421 ἐν
1615 5365 1699 5431 τῷ
1744 5364 1868 5431 Θεῷ

283 5465 542 5537 ὑμνήσω
589 5464 826 5535 ῥήματα
859 5460 1078 5517 αὐτοῦ·
1128 5459 1223 5515 καὶ
1268 5462 1303 5530 ἡ
1341 5458 1569 5530 πέμπτη
1616 5456 1826 5519 έκδοσις
1849 5472 1863 5485 ο

287 5551 384 5613 ἐν’
403 5557 486 5625 τῷ
530 5555 654 5637 Θεῷ
684 5554 985 5610 ἐπαινέσω
1031 5554 1140 5607 τὸν
1176 5553 1362 5619 ,λόγον
1388 5568 1528 5637 μου,
1559 5547 1863 5604 ἐκδεδώκα-

288 5666 398 5707 σιν.
428 5649 499 5705 El
529 5634 681 5712 ποτε,
729 5647 883 5718 φησι,
919 5644 1080 5715 φόϐος
1104 5644 1169 5698 ἐκ
1212 5642 1314 5713 τῆς
1348 5634 1455 5695 τῶν
1486 5638 1864 5711 πολεμούντων

290 5759 362 5813 με
389 5740 633 5814 ταραχῆς
674 5738 930 5793 ἐνέπιπτέ
968 5754 1077 5807 μοι,
1120 5734 1476 5807 διεκρουόμην
1512 5732 1673 5788 αὑτὸν
1716 5732 1867 5787 ἐλπί-

288 5832 404 5897 ζων
454 5831 547 5885 ἰπὶ
594 5830 653 5884 σέ
677 5847 691 5861 ·
739 5829 830 5883 καὶ
883 5829 1002 5884 ἀντὶ
1051 5826 1266 5897 ἐπῳδῆς
1309 5826 1403 5882 καὶ
1460 5824 1863 5897 φυλακττρίων,

1966 4721 2181 4793 spicere
2208 4718 2393 4776 didici.
2428 4715 2567 4773 Nam
2600 4716 2654 4771 in
2684 4724 2738 4771 te
2764 4716 3025 4779 conlisus,
3052 4714 3098 4769 si
3122 4712 3344 4784 quando
3366 4718 3546 4766 metus

1966 4815 2021 4867 in
2047 4810 2283 4865 animam
2317 4806 2526 4863 incidat
2565 4820 2767 4870 meam,
2820 4804 2968 4859 hunc
3014 4801 3248 4872 depello,
3283 4800 3383 4855 tibi
3416 4815 3546 4871 pro-

1969 4901 2258 4975 pugnatori
2290 4914 2413 4956 meo
2441 4898 2684 4954 innixus.

2038 4993 2204 5049 Vens.
2238 4993 2293 5055 5,
2323 4990 2380 5047 6.
2421 4989 2483 5045 In
2538 4989 2758 5044 Domino
2790 4986 3020 5042 laudabo
3061 4999 3329 5039 sermones
3376 4997 3541 5044 meos,

1969 5087 2023 5140 in
2051 5085 2160 5141 Deo
2198 5084 2421 5155 speravi.
2455 5099 2558 5136 non
2588 5082 2776 5136 timebo
2829 5077 2954 5152 quid
2995 5077 3162 5147 faciat
3216 5075 3346 5129 mihi
3392 5090 3539 5129 caro.

1968 5177 2077 5235 Pro
2109 5178 2223 5239 illo,
2258 5178 2314 5231 in
2361 5175 2472 5230 Deo
2504 5162 2733 5228 laudabo
2763 5186 3027 5227 sermones
3057 5183 3199 5223 meos
3225 5184 3245 5232 ;
3289 5165 3543 5238 Symma-

1968 5271 2127 5333 chus,
2152 5285 2245 5341 per
2270 5266 2440 5322 Deum
2494 5263 2767 5320 celebrabo
2809 5277 3099 5317 sermonem
3139 5260 3295 5329 ejus;
3348 5255 3543 5326 Aquila

1966 5375 2118 5422 vero,
2156 5359 2210 5412 in
2258 5356 2368 5412 Deo
2417 5354 2688 5409 celebrabo
2720 5354 2877 5407 verba
2934 5352 3088 5419 ejus;
3131 5350 3323 5420 quinta
3350 5346 3542 5407 editio,

1968 5453 2022 5505 in
2076 5450 2186 5505 Deo
2237 5448 2468 5503 laudabo
2527 5462 2817 5503 sermonem
2855 5460 3072 5509 meum;
3104 5442 3422 5499 ediderunt.
3484 5437 3544 5498 Si

1969 5544 2211 5615 quando,
2266 5542 2462 5614 inquit,
2492 5558 2556 5598 ex
2594 5540 2939 5596 inimicorum
2972 5550 3219 5593 meorum
3259 5534 3548 5607 perturba—

1976 5637 2123 5692 tione
2153 5642 2334 5691 metus
2372 5635 2605 5690 instaret
2655 5631 2810 5695 mihi,
2872 5630 3054 5700 ipsum
3095 5628 3155 5684 in
3180 5636 3234 5683 te
3272 5624 3548 5696 sperando

1979 5727 2397 5801 propulsabam.
2459 5740 2522 5781 ac
2576 5738 2676 5795 pro
2730 5722 3108 5778 incantatione
3156 5727 3210 5777 et
3271 5717 3546 5798 amuletis,

1972 5823 2209 5894 hymnos
2236 5818 2651 5891 persolvebam;
2694 5832 2819 5872 nam
2866 5832 2992 5871 cum
3049 5813 3380 5872 celebrarent
3419 5824 3547 5866 'ser-
