4098 6378
544 354 650 409 195

1252 345 1526 401 EUSEBII
1560 342 2037 401 CIESARIENSIS
2076 342 2222 398 OPP.
2267 341 2444 397 PARS
2483 340 2569 398 Ill.
2612 373 2681 384 —
2721 342 3126 400 EXEGETICA.

3686 353 3791 409 496

541 458 961 527 monem‘tuum',
992 462 1225 532 juvabar
1258 472 1318 516 ut
1360 480 1388 517 a
1419 470 1863 534 persequentium
1897 464 2104 519 nemine

2216 461 2417 532 ὕμνους
2450 461 2680 533 διεξῄειν
2701 479 2714 491 ·
2751 463 2933 532 ὑμνῶν
2963 464 3071 534 γὰρ
3096 462 3187 517 τὸν
3219 466 3375 533 λογον
3412 480 3505 520 σου
3535 467 3791 541 ὲόοηθούο

541 565 845 612 averterem
898 568 1002 608 me.
1048 550 1124 606 Ita
1188 566 1416 622 sperans
1467 553 1521 606 in
1549 551 1679 620 Deo,
1726 564 1782 608 et
1830 566 2113 607 sermones

541 649 662 716 eius
698 649 754 701 in
785 662 881 703 ore
911 660 1033 702 meo
1065 643 1267 708 ferens,
1319 659 1509 699 omnes
1548 644 1835 699 hominum
1878 643 2113 698 insidias

541 739 941 812 despiciebam,
982 754 1091 793 non
1139 737 1337 793 timens
1389 735 1515 807 quid
1561 737 1729 806 faciat
1782 737 1911 791 mihi
1963 754 2110 796 caro.

541 834 686 900 Quid
735 835 880 891 enim
915 835 1090 904 possit
1117 847 1247 887 caro
1286 838 1342 885 et
1396 831 1620 901 sanguis
1676 837 1867 885 contra
1939 829 2111 885 Deum

542 926 945 996 opitulantem?
978 924 1114 978 Nam
1154 924 1201 978 si
1248 922 1388 977 Deus
1426 939 1520 990 pro
1560 922 1731 986 nobis,
1782 922 1897 993 quis
1927 928 2114 975 contra

541 1035 635 1072 nos
656 1018 761 1071 “'1
803 1019 979 1088 inquit
1029 1018 1344 1088 Apostolus.
1394 1016 1538 1071 Caro
1589 1023 1771 1072 autem
1811 1026 1929 1071 erat
1956 1015 2110 1083 Saul,

541 1112 633 1179 qui
679 1124 742 1165 ea
767 1125 888 1179 qua:
915 1110 1099 1165 carnis
1130 1116 1258 1164 sunt
1286 1108 1565 1179 sapiebat:
1597 1108 1742 1178 quod
1766 1123 1901 1163 sane
1930 1108 2113 1164 decla-

540 1210 630 1257 rat
657 1201 955 1273 Apostolus
986 1204 1053 1257 ad
1083 1202 1401 1258 Corinthios
1449 1203 1732 1259 scribens:
1790 1201 1924 1257 Cum
1973 1202 2110 1256 enim

540 1294 611 1347 sit
647 1295 782 1347 inter
810 1311 897 1348 vos
932 1293 1075 1347 zelus
1102 1302 1151 1347 et
1175 1295 1460 1358 contentio,
1492 1311 1664 1347 nonne
1693 1294 1938 1348 carnales
1959 1295 2106 1359 estis,

538 1394 590 1438 et
635 1385 918 1440 secundum
954 1385 1218 1439 hominem
1251 1384 1539 1441 ambulatis
1561 1387 1642 1440 υἷ’
1696 1385 1795 1441 Hic
1820 1402 1951 1442 vero
1974 1386 2113 1441 Sau-

541 1480 648 1534 lem
687 1493 903 1550 quoque
933 1480 1050 1535 zelo
1088 1487 1144 1533 et
1175 1482 1527 1535 contentione
1556 1480 1799 1549 plenum,
1851 1481 1949 1551 qui
1984 1480 2109 1535 ideo

540 1569 798 1624 Davidem
840 1571 1090 1640 pellebat,
1139 1585 1357 1625 carnem
1394 1572 1629 1634 vocavit,
1668 1571 1857 1626 dicens
1910 1590 1923 1625 :
1984 1569 2109 1624 Non

541 1658 731 1711 timebo
758 1658 883 1728 quid
919 1658 1084 1728 faciat
1120 1659 1251 1712 mihi
1279 1676 1425 1714 caro.
1468 1659 1671 1715 Deinde
1695 1661 1804 1714 ait:
1845 1659 1981 1714 Tota
2023 1658 2109 1714 die

538 1751 693 1805 verba
719 1768 834 1806 mea
861 1751 1293 1816 exsecrabantur,
1337 1751 1614 1805 adversum
1649 1768 1729 1805 me
1761 1768 1938 1807 omnes
1967 1753 2109 1823 cogi-

2220 572 2347 624 μην,
2392 555 2469 617 ὡς
2505 555 2705 625 μηδένα
2737 555 2845 608 τῶν
2873 555 3178 610 διωκόντων
3211 557 3650 629 ἐπιστρέφεσθαι.
3687 561 3781 617 06η

2213 664 2321 709 τως
2354 647 2443 699 ἐπὶ
2473 645 2550 716 τῷ
2577 645 2695 716 Θεῷ
2721 646 2975 710 ἐλπίζων,
3005 646 3099 700 καὶ
3125 649 3251 711 τοὺς
3275 647 3465 717 λόγους
3494 651 3659 706 αὐτοῦ
3694 654 3793 724 φέ-

2217 756 2324 809 ρων
2357 740 2414 790 ὲν
2454 738 2533 809 τῷ
2580 738 2807 809 στόματί
2856 755 2979 809 μου,
3024 740 3206 810 πάσης
3252 741 3351 811 τῆς
3396 741 3455 809 ἐξ
3486 743 3795 816 ἀνθρώπων

2214 831 2503 902 ἐπιϐουλῆς
2547 830 2932 902 κατεφρόνουν,
2977 832 3038 884 ob
3073 831 3403 903 φοϐούμενος
3450 835 3507 888 τί
3546 836 3793 904 ποιήσει

2206 941 2310 992 μοι
2341 923 2515 992 σάρξ.
2567 924 2631 976 Τί
2683 922 2792 994 γὰρ
2838 923 2906 975 ἂν
2954 924 3046 975 καὶ
3085 922 3299 977 δύναιτο
3347 924 3481 996 σὰρξ
3513 926 3608 980 καὶ
3646 922 3793 999 αἷμα

2213 1013 2350 1085 πρὸς
2381 1014 2512 1068 Θεὸν
2545 1013 2772 1085 βοηθόν;
2804 1015 2873 1066 El
2906 1012 3014 1084 γὰρ
3056 1016 3088 1067 ό
3119 1013 3262 1081 Θεὸς
3289 1014 3441 1083 ὑπὲρ
3474 1014 3659 1085 ἡμῶν,
3693 1020 3791 1085 τις

2212 1105 2339 1159 καθ’
2361 1103 2558 1173 ήμῶη
2585 1103 2746 1175 φησὶν
2765 1105 2794 1156 ό
2825 1101 3168 1165 ’Δπόστολος.
3199 1101 3342 1173 Σὰρξ
3365 1103 3423 1156 δὲ
3447 1098 3516 1174 ἦν
3536 1106 3565 1157 ό
3588 1105 3787 1173 Σαοὺλ,

2211 1196 2278 1251 τὰ
2307 1198 2405 1266 τῆς
2441 1196 2642 1269 σαρκὸς
2670 1194 2881 1265 φρονῶν
2900 1210 2913 1224 ·
2943 1193 2972 1246 ὃ
3005 1192 3070 1265 δὴ
3104 1194 3429 1266 παρίστησιν
3461 1198 3489 1248 ὁ
3529 1196 3789 1251 Ἀπόστο-

2211 1287 2300 1351 λος
2332 1288 2557 1359 γράφων
2584 1286 2889 1359 Κορινθίοις
2912 1303 2926 1317 ο
2962 1286 3151 1341 Ὅπου
3184 1285 3295 1356 γὰρ
3320 1286 3391 1339 ἐν
3423 1285 3565 1356 ὑμῖν
3598 1285 3787 1357 ζῆλος

2209 1377 2309 1432 καὶ
2334 1377 2479 1446 ἔρις,
2503 1379 2637 1446 οὐχί
2677 1375 2951 1444 σάρκινοί
2975 1376 3134 1440 ἐστε,
3169 1375 3265 1429 καί
3299 1378 3450 1430 κατὰ
3470 1377 3785 1446 ἄνθρωπον

2210 1467 2580 1537 περιπατεῖτε
2598 1484 2617 1533 ;
2654 1468 2713 1521 '0
2744 1468 2801 1521 δὲ
2835 1468 2926 1521 καὶ
2958 1468 3047 1521 τὸν
3080 1467 3252 1521 Σαοὺλ
3286 1467 3449 1538 ζήλου
3488 1469 3784 1540 πεπληρω-

2213 1562 2373 1631 μένον
2410 1562 2505 1615 καλ⁸
2555 1560 2747 1631 ἔριδος,
2790 1560 2884 1614 καὶ
2933 1559 3020 1613 διὰ
3060 1560 3234 1614 ταῦτα
3280 1559 3371 1614 τὸν
3415 1559 3577 1614 Δαυῒδ
3620 1561 3787 1617 ἐλαύ-

2208 1669 2396 1717 νοντα,
2445 1652 2624 1725 σάρκα
2667 1651 2948 1722 ὠνόμασεν
2995 1652 3164 1705 εἰπών
3183 1668 3197 1681 ·
3244 1655 3325 1707 Οὐ
3368 1652 3783 1723 φοϐηθήσομαι

2208 1742 2267 1795 τί
2297 1742 2534 1808 ποιήσει
2557 1758 2659 1811 μοι
2692 1740 2849 1810 σάρξ
2856 1784 2869 1797 .
2901 1737 3035 1796 Εῐτὰ
3064 1759 3227 1812 φησιν
3245 1760 3258 1772 ·
3294 1745 3475 1810 Ὅλην
3499 1743 3611 1811 τὴν
3635 1745 3785 1814 ὴμέ-

541 1843 763 1897 tationes
790 1859 973 1897 eorum
998 1843 1054 1896 in
1085 1842 1306 1897 malum.
1349 1841 1506 1907 Quod
1533 1857 1665 1897 sane
1703 1844 1912 1897 clarius
1938 1844 2104 1899 inter-

2205 1851 2321 1901 ραν
2352 1834 2493 1899 τοὺς
2528 1834 2751 1904 λόγους
2794 1851 2914 1903 μου
2961 1832 3423 1900 ἐϐδελύσσοντο,
3469 1834 3593 1888 κατ’
3629 1835 3784 1904 ἐμοῦ

536 1942 785 2005 pretatus
812 1942 897 1990 est
930 1933 1315 2006 Symmachus,
1343 1933 1568 1989 dicens:
1606 1932 1710 1987 Per
1732 1951 1936 1989 omnem
1968 1935 2108 1989 diem

535 2042 798 2081 sermones
827 2024 891 2080 de
920 2042 1000 2080 me
1029 2024 1287 2080 curabant
1316 2041 1334 2078 :
1373 2034 1559 2079 contra
1588 2042 1669 2079 me
1699 2026 1868 2080 omnis
1904 2028 2106 2096 cogita-

536 2120 614 2173 tio
642 2136 825 2174 eorum
857 2120 911 2173 in
942 2119 1164 2173 malum.
1218 2123 1296 2171 Ac
1331 2118 1377 2175 si
1415 2118 1562 2172 enim
1596 2117 1737 2172 nihil
1770 2117 1919 2173 aliud
1971 2118 2106 2189 ipsis

537 2208 810 2281 agendum
845 2216 1187 2279 suppeteret,
1222 2224 1400 2279 neque
1457 2209 1527 2264 de
1574 2209 1701 2264 aliis
1752 2223 1938 2265 sermo
1991 2225 2109 2263 mo-

537 2298 749 2354 vendus
790 2306 968 2365 esset;
1023 2298 1197 2353 otium
1228 2315 1388 2355 suum
1431 2306 1606 2354 totum
1648 2300 1703 2354 iu
1752 2300 2024 2369 loquendo
2053 2307 2108 2355 et

536 2389 831 2460 cogitando
869 2388 937 2445 de
966 2405 1055 2445 me
1080 2390 1448 2457 insumebant,
1477 2391 1611 2446 nihil
1643 2392 1771 2447 boui
1798 2392 1855 2447 iu
1885 2407 1971 2447 me
1995 2407 2108 2448 mo-

537 2481 763 2548 lientes;
792 2481 887 2537 sed
913 2481 969 2536 in
1002 2482 1205 2537 malum
1256 2492 1309 2539 et
1351 2499 1457 2555 pro
1501 2483 1645 2539 malo
1703 2492 1874 2539 totam
1915 2499 2104 2540 curam

538 2572 919 2642 impendebant
954 2589 1108 2629 suam
1128 2619 1137 2631 .

605 2747 772 2807 Vens.
810 2751 861 2815 7,
891 2750 944 2807 8.
977 2750 1362 2823 Inhabitabunt
1394 2763 1445 2808 et
1477 2753 1826 2821 abscondent,
1859 2755 1963 2825 ipsi
1991 2754 2105 2809 cai-

530 2858 751 2897 cuneum
781 2860 953 2897 meum
996 2844 1362 2900 observabant.
1399 2845 1548 2900 Sicut
1576 2848 1941 2902 sustinuerunt
1980 2847 2104 2900 ani-

530 2950 676 2988 mant
704 2950 870 2988 meam
903 2950 998 3004 pro
1023 2935 1189 2990 nihilo
1217 2936 1391 2990 salvos
1423 2937 1588 3005 {acies
1619 2938 1773 3003 illos;
1807 2940 1862 2992 in
1904 2940 1987 2992 ira
2016 2953 2105 3007 po-

529 3026 683 3095 pulos
715 3025 1033 3096 confringes,
1073 3024 1230 3081 Deus.
1284 3025 1409 3082 Haec
1444 3028 1679 3085 obscure
1703 3029 1845 3099 apud
1873 3027 2103 3099 Septua-

528 3118 683 3188 ginta
724 3115 1054 3188 Interpretes
1087 3118 1255 3185 dicta,
1286 3120 1534 3190 apertius
1569 3123 1963 3191 interpretatus
2017 3127 2102 3176 est

2208 1925 2430 1992 πάντες
2448 1928 2503 1978 οι
2526 1924 2902 1995 διαλογισμοί
2941 1923 3139 1978 αὐτῶν
3165 1927 3249 1990 είς
3280 1925 3497 1978 κακόν·
3528 1924 3557 1978 δ
3587 1924 3651 1996 δὴ
3678 1943 3780 1978 σα-

2207 2016 2466 2087 φέστερον
2495 2017 2839 2086 ἡρμήνευσεν
2861 2016 2890 2067 ὁ
2915 2015 3207 2086 Σύμμαχος
3230 2015 3425 2070 εἰπών’
3452 2015 3555 2069 Διά
3573 2016 3782 2084 πάσης

2206 2108 2432 2176 ἡμέρας
2458 2109 2680 2176 λόγους
2719 2107 2853 2175 περί
2893 2107 3038 2177 ἐμοῦ
3068 2107 3431 2176 ἐφρόντιζον
3475 2108 3602 2161 κατ’
3630 2106 3782 2177 ἐμοῦ

2207 2197 2325 2264 πᾶς
2350 2197 2737 2268 διαλογισμὸς
2764 2199 2961 2254 αὐτῶν
2985 2201 3072 2265 εἰς
3098 2202 3303 2255 κακόν.
3347 2200 3432 2265 Ὦς
3465 2200 3576 2272 γὰρ
3613 2200 3783 2272 μηδὲν

2207 2288 2419 2359 ἔχοντες
2451 2288 2638 2359 ἕτερον
2678 2289 2957 2360 πράττειν,
2995 2289 3127 2360 μηδὲ
3170 2288 3298 2360 περὶ
3336 2290 3539 2360 ἐτέρων
3585 2289 3783 2359 λόγους

2206 2384 2395 2443 κινεῖν,
2425 2380 2522 2452 τὴν
2554 2382 2732 2435 πᾶσαν
2761 2379 2969 2433 ἑαυτῶν
2995 2380 3187 2450 σχολὴν
3216 2383 3329 2443 τοῖς
3360 2380 3489 2452 περὶ
3519 2380 3654 2451 ἐμοῦ
3688 2380 3783 2435 λό-

2205 2491 2322 2542 γοις
2352 2474 2446 2527 καὶ
2482 2476 2592 2537 τοῖς
2634 2474 2754 2526 κατ’
2792 2471 2924 2543 ἐμοῦ
2956 2471 3229 2542 λογισμοῖς
3260 2472 3592 2537 ἀνετίθεσαν,
3625 2473 3783 2530 οὐδὲν

2204 2565 2407 2634 ἀγαθὸν
2462 2566 2588 2636 περὶ
2636 2564 2770 2636 ἐμοῦ
2825 2564 3216 2635 βουλευόμενοι.
3278 2564 3421 2617 Ἀλλ’
3478 2566 3558 2628 είς
3604 2564 3783 2622 κακὸν

2205 2658 2300 2712 καὶ
2334 2659 2426 2711 ἐπὶ
2453 2657 2607 2728 κακῴ
2636 2657 2733 2729 τὴν
2765 2654 2969 2711 ἑαυτῶν
3005 2656 3383 2720 ἀναλίσκοντες
3411 2656 3667 2728 σπουδήν.

2275 2748 2723 2817 Παροικήσουσι
2765 2748 2863 2802 καὶ
2905 2748 3415 2816 κατακρύψουσιν,
3452 2747 3623 2802 αὐτοὶ
3661 2748 3782 2817 τὴν

2204 2840 2465 2908 πτέρναν
2522 2857 2640 2909 μου
2700 2837 3059 2909 φυλάξουσι.
3122 2838 3399 2907 Καθάπερ
3451 2838 3782 2909 ὑπέμειναν

2202 2929 2318 2997 τὴν
2353 2929 2566 3000 ψυχήν
2603 2947 2742 2999 μου,
2789 2928 2942 2997 ὑπὲρ
2969 2926 3077 2982 τοῦ
3116 2927 3376 2998 μηδενός
3417 2928 3637 2996 σώσεις
3673 2932 3782 2986 αὐ-

2203 3022 2344 3088 τούς
2365 3039 2377 3051 ·
2401 3022 2476 3075 ὲν
2499 3020 2645 3091 ὀργῇ
2673 3019 2863 3087 λαοὺς
2894 3018 3189 3086 κατάξεις,
3215 3024 3247 3074 ὀ
3276 3021 3439 3087 Θεός.
3472 3021 3582 3075 Καὶ
3604 3020 3781 3078 ταῦτα

2203 3116 2428 3187 ἀσαφῶς
2460 3116 2720 3188 εἰρημένα
2751 3113 2900 3186 παρὰ
2918 3116 3029 3177 τοῖς
3064 3114 3483 3186 Ἐϐδομὴκοντα,
3523 3113 3779 3168 λευκότε-

532 3208 898 3280 Symmachus
945 3210 1031 3266 his
1061 3210 1243 3267 verbis
1277 3230 1293 3266 :
1324 3210 1711 3268 Conveniebant
1749 3213 1993 3274 clam,.et
2020 3229 2103 3267 ve-

2208 3224 2299 3278 ρον
2339 3206 2736 3279 διηρμήνευσεν
2774 3208 2803 3258 ό
2840 3204 3152 3276 Σύμμαχος,
3190 3203 3392 3259 είπὼνο
3436 3203 3781 3275 Συνήνοντο

528 3302 692 3372 sti‘gia
723 3318 838 3355 mea
871 3300 1240 3369 observabant,
1268 3315 1625 3375 exspectantes
1656 3306 1890 3359 animam
1934 3321 2103 3361 meam

528 3403 747 3463 propter
778 3394 1136 3464 iniquitatem.
1190 3396 1381 3452 Libera
1404 3396 1470 3450 ab
1514 3396 1647 3462 illis,
1686 3399 1739 3452 in
1772 3399 1855 3452 ira
1883 3398 2102 3468 populos

525 3486 787 3557 deprime,
847 3486 1014 3546 Deus.
1063 3491 1143 3545 ita
1185 3490 1352 3556 enim,
1397 3490 1595 3560 inquit,
1651 3498 1766 3547 tota
1828 3491 1916 3548 die
1969 3492 2103 3547 mihi

526 3579 924 3656 [Observando]
964 3583 1257 3647 vacabant,
1281 3598 1563 3640 sermones
1584 3581 1650 3639 de
1678 3599 1766 3639 me
1796 3592 2100 3650 moventes,

528 3680 589 3727 et
619 3680 735 3728 tota
759 3676 1020 3746 cogitatio
1048 3690 1244 3732 eorum
1287 3682 1478 3731 contra
1528 3692 1615 3732 me
1639 3684 1792 3744 erat;
1829 3684 1890 3732 ut
1910 3676 2103 3733 stude-

531 3768 656 3815 rent
698 3778 809 3817 una
842 3764 1006 3818 simul
1045 3764 1336 3821 adversum
1361 3780 1445 3820 me
1474 3765 1940 3837 conspirationem
1976 3782 2103 3822 con-

530 3850 703 3908 ﬂare:
741 3868 917 3923 neque
945 3871 1012 3911 eo
1044 3856 1309 3913 sisterent
1349 3858 1619 3928 gradum;
1655 3857 1751 3914 sed
1789 3859 1952 3914 etiam
1987 3860 2101 3914 cal-

529 3958 764 4001 canenm
800 3946 924 4003 sive
954 3947 1079 4003 vitae
1110 3963 1360 4019 gressum
1395 3948 1774 4017 observarent,
1804 3966 1933 4007 num
1969 3967 2102 4023 sup-

528 4037 828 4107 plantando
877 4037 1115 4109 dejicere
1169 4054 1257 4095 me
1299 4047 1545 4111 possent.
1602 4037 1845 4110 Vestigia
1878 4040 2099 4112 quodue

526 4142 674 4193 mea,
702 4137 757 4184 et
809 4144 919 4200 quo
968 4145 1274 4202 pergerem,
1332 4131 1723 4197 observabant,
1773 4140 1834 4186 ut
1880 4148 2101 4205 quoquo

526 4218 692 4274 modo
738 4234 826 4276 me
859 4220 1407 4291 comprehenderent.
1453 4220 1583 4276 Huic
1619 4222 1697 4277 illi
1736 4223 1830 4293 qui
1864 4239 1953 4280 me
1982 4226 2102 4281 sine

527 4323 699 4365 causa
724 4311 1195 4381 persequebantur
1222 4320 1415 4367 contra
1459 4327 1548 4368 me
1581 4313 1959 4384 designabant.
2017 4313 2100 4372 Tu

529 4406 736 4465 autem,
771 4398 1019 4463 Domine,
1051 4416 1177 4470 spes
1232 4417 1374 4466 mea,
1411 4417 1499 4458 me
1551 4402 1620 4459 ab
1670 4403 1879 4473 iniusta
1908 4421 2099 4462 eorum

526 4490 937 4560 conspiratione
973 4491 1218 4560 liberes;
1274 4493 1424 4562 ipsos
1465 4503 1645 4550 autem
1695 4496 1779 4551 ira
1809 4503 1902 4551 tua
1945 4499 2100 4553 inva—

2204 3299 2415 3367 λάθρα,
2452 3298 2551 3353 καὶ
2578 3300 2649 3352 τὰ
2681 3299 2819 3368 ιχνη
2839 3313 2958 3366 μου
3001 3294 3377 3365 παρετήρουν
3402 3293 3782 3363 προσδοκῶν-

2204 3406 2302 3456 τες
2336 3389 2452 3459 thr
2490 3388 2703 3460 ψυχήν
2730 3406 2849 3460 μου
2881 3387 2979 3442 διὰ
3010 3387 3126 3455 τὴν
3150 3387 3408 3443 ἀδικίαν.
3448 3386 3649 3442 Ῥῦσαι
3674 3387 3778 3444 ἀπ’

2203 3481 2423 3548 αὐτῶν,
2462 3483 2533 3537 ἐν
2575 3481 2722 3553 ὀργῇ
2763 3480 2951 3547 λαοὺς
2983 3479 3297 3549 math-are,
3343 3483 3378 3533 ό
3406 3480 3568 3546 Θεός.
3594 3479 3781 3546 οὕτως

2205 3574 2334 3646 γὰρ,
2371 3574 2527 3646 φησὶ,
2560 3574 2650 3629 διὰ
2695 3575 2873 3645 πάσης
2902 3571 3116 3645 ἡμέρας
3154 3571 3276 3642 ἐμοὶ
3309 3570 3619 3641 ἐσχόλαζον,
3651 3571 3780 3636 τοὺς

2204 3684 2270 3720 πε
2280 3667 2334 3739 pi
2358 3665 2490 3737 ἐμοῦ
2519 3665 2709 3734 λόγους
2737 3663 3031 3729 κινοῦντες,
3060 3663 3155 3717 καὶ
3177 3663 3285 3726 πᾶς
3311 3660 3661 3733 διαλογισμὸς
3681 3661 3781 3717 ab-

2200 3757 2310 3809 τῶν
2339 3757 2460 3809 κατ’
2503 3753 2638 3825 ἐμοῦ
2673 3754 2945 3823 ἐγίγνετο·
2980 3752 3055 3817 ὼς
3088 3750 3408 3818 σπουδάζειν
3449 3750 3776 3822 συνάγεσθαι

2204 3849 2402 3911 αὐτοὺς
2426 3846 2561 3917 ὁμοῦ
2590 3846 2857 3909 συσκευάς
2880 3861 2894 3875 ⁸
2919 3844 3014 3899 καὶ
3047 3844 3122 3916 μὴ
3159 3843 3319 3918 μέχρι
3339 3842 3528 3898 τούτου
3554 3845 3775 3916 χωρεῖν,

2201 3938 2338 3993 ἀλλὰ
2372 3940 2464 3992 καὶ
2498 3936 2954 4010 περιεργάζεσθαί
2984 3952 3084 4007 μου
3112 3935 3210 4007 τὴν
3240 3934 3495 4007 πτέρναν,
3524 3933 3778 3988 τουτέστι

2200 4030 2300 4101 τὴν
2323 4029 2417 4083 τοῦ
2454 4029 2571 4099 βίου
2612 4028 2861 4101 πορείαν,
2896 4027 2951 4079 εῐ
2980 4044 3096 4091 πως
3124 4024 3463 4088 σκελίοαντες
3496 4021 3775 4095 δυνηθεῖεν

2203 4123 2526 4179 καταῦαλεῖν
2557 4140 2647 4194 με.
2678 4123 2788 4175 Καὶ
2812 4120 2882 4174 τὰ
2913 4119 3032 4191 ῑχνη
3056 4120 3111 4174 δέ
3140 4137 3240 4191 μου
3265 4117 3625 4190 παρετήρουν,
3647 4117 3773 4171 ὅποι

2202 4217 2268 4273 ἂν
2310 4215 2601 4287 βαδίζοιμι,
2635 4216 2730 4268 καὶ
2771 4214 2837 4266 ἶν’
2866 4213 3015 4275 ὅπως
3054 4208 3390 4265 ὲπιλάϐοιντό
3433 4226 3553 4280 μου.
3586 4209 3775 4264 Ταῦτα

2203 4309 2302 4380 μὲν
2331 4303 2422 4362 οὖν
2448 4308 2500 4360 οἱ
2518 4306 2710 4377 ⁴μάτην
2739 4303 3024 4369 διώκοντες
3051 4308 3172 4359 κατ’
3202 4303 3337 4377 ἐμοῦ
3378 4303 3663 4376 ἔπραττον.
3700 4303 3774 4359 Σὺ

2201 4399 2278 4462 δὲ,
2328 4398 2522 4469 Κύριε,
2555 4400 2588 4467 ἡ
2620 4396 2728 4469 ἐμὴ
2759 4396 2930 4462 ἐλπὶς,
2962 4398 3060 4468 ἐμὲ
3094 4399 3191 4469 μὲν
3231 4396 3331 4468 τῆς
3373 4395 3560 4450 ἀδίκου
3593 4394 3776 4450 αὐτῶν

2204 4489 2474 4558 συσκευῆς
2531 4488 2712 4559 ῥῦσαι,
2761 4488 2956 4553 αὐτοὺς
3004 4490 3061 4543 δὲ
3113 4486 3385 4561 μετελθὼν
3432 4490 3497 4559 τῇ
3546 4486 3777 4542 σεαυτοῦ

524 4582 685 4648 dens,
715 4599 781 4639 ex
805 4598 870 4639 ea
900 4585 1210 4655 arrogantia
1234 4594 1288 4641 et
1322 4589 1580 4658 superbia
1621 4588 1797 4659 dejice
1823 4608 1837 4644 :
1864 4590 1917 4645 id
1952 4592 2099 4646 enim

2205 4580 2362 4649 ὀργῇ,
2396 4548 2667 4631 κατέϐαλε
2695 4548 2794 4649 τῆς
2830 4548 3198 4650 μεγαλαυχίας
3223 4578 3315 4632 καὶ
3338 4576 3442 4650 τῆς
3470 4548 3780 4650 ῦψηλοφρο-

526 4675 664 4745 ipsis
699 4677 830 4732 utile
846 4677 976 4732 erit.
1030 4676 1311 4748 Siquidem
1343 4680 1473 4737 elati
1501 4695 1564 4736 ac
1601 4689 1900 4746 tumentes,
1942 4681 1996 4737 id
2038 4683 2095 4737 in

528 4780 684 4819 suam
728 4768 1026 4838 perniciem
1071 4770 1343 4841 agebant:
1402 4772 1606 4828 etenim
1662 4771 1807 4827 Deus
1858 4772 2098 4842 superbis

528 4858 749 4925 resistit,
781 4861 1069 4916 humilibus
1093 4871 1269 4916 autem
1292 4862 1386 4916 dat
1413 4865 1644 4934 gratiam
1662 4863 1740 4919 “z
1773 4879 1942 4933 quare
1964 4879 2099 4934 rogo

528 4963 722 5005 omnes
769 4952 1116 5023 insurgentes
1160 4953 1218 5007 in
1260 4969 1347 5010 me
1388 4954 1860 5024 deprimas;-sive,
1899 4969 2099 5010 secun-

526 5042 658 5096 dum
691 5042 966 5113 Aquilam,
1017 5043 1240 5114 deficias
1259 5064 1277 5110 ;
1303 5054 1364 5100 ut
1391 5045 1694 5102 modestius
1722 5054 1884 5115 atque
1915 5046 2101 5101 humi-

528 5135 637 5191 lius
667 5137 993 5202 sentientes,
1026 5153 1283 5209 magnam
1319 5140 1613 5195 utilitatem
1650 5139 1982 5211 percipiant.

595 5328 764 5387 Vens.
799 5330 857 5395 9,
904 5329 990 5387 10.
1038 5329 1214 5385 Vitam
1263 5347 1433 5384 meam
1478 5326 1788 5384 annuntian
1844 5328 1962 5393 tibi,
2006 5346 2101 5399 po-

527 5422 682 5478 suisti
712 5421 977 5492 lacrymas
1017 5438 1160 5477 meas
1204 5423 1261 5477 in
1307 5430 1585 5491 conspectu
1617 5431 1740 5484 tuo;
1765 5419 1898 5474 sicut
1942 5429 1992 5473 et
2041 5420 2097 5474 in

525 5513 884 5580 promissione,
898 5522 1011 5576 tua,
1041 5522 1401 5568 convertentur
1431 5512 1634 5567 inimici
1660 5512 1760 5567 mei
1784 5520 2093 5575 retrorsum,

522 5604 582 5657 in
607 5620 914 5675 quacunque
936 5604 1021 5659 die
1038 5605 1348 5661 inoocaoero
1367 5614 1436 5660 te.
1461 5603 1587 5661 Haec
1614 5605 1819 5661 clarius
1850 5602 2098 5676 Symma-

602 5760 648 5791 “'
689 5757 852 5815 Rom.
884 5774 999 5825 vnn,
1029 5760 1119 5816 3i.

2206 4669 2398 4739 σύνης·
2447 4670 2603 4723 τοῦτο
2634 4669 2742 4740 γὰρ
2783 4670 2965 4735 αὐτοῖς
3017 4670 3270 4723 συνοίσει.
3304 4668 3627 4741 ’Υψούμενοι
3665 4668 3777 4742 γὰρ

2205 4759 2299 4813 καὶ
2332 4760 2702 4831 ἐπαιρόμενοι,
2734 4761 2820 4813 ἐπ’
2844 4759 3049 4832 ὀλέθρῳ
3071 4759 3149 4832 τῷ
3170 4759 3380 4813 ἑαυτῶν
3403 4759 3556 4814 ταῦτ’
3582 4759 3780 4832 ἔπρατ-

2203 4866 2292 4902 τον
2313 4866 2325 4878 ·
2341 4852 2373 4902 o’
2389 4849 2494 4920 γὰρ
2526 4848 2668 4915 Θεὸς
2684 4848 3086 4919 ὑπερηφάνοις
3100 4845 3545 4914 ἀντιτάσσεται,
3574 4864 3777 4903 ταπει-

2203 4939 2332 5005 νοῖς
2347 4939 2413 4993 δὲ
2427 4940 2636 4995 δίδωσι
2659 4942 2865 5012 χάριν
2920 4941 3022 5005 διὸ,
3078 4939 3327 5004 ἱκετεύω,
3379 4940 3590 5006 πάντας
3646 4942 3781 5005 τοὺς

2204 5035 2662 5104 ἐπανισταμένους
2693 5052 2782 5107 μοι
2799 5033 3074 5103 κατάγαγε
3097 5050 3114 5065 ’
3144 5033 3199 5105 ἢ,
3231 5031 3373 5087 κατά
3398 5031 3491 5086 τὸν
3526 5031 3779 5097 Ἀκύλαν,

2204 5126 2633 5180 καταϐίϐασον*
2680 5127 2756 5190 ὡς
2802 5125 2889 5191 ἂν,
2939 5125 3159 5198 μέτριον
3209 5123 3464 5196 φρόνημα
3520 5123 3781 5188 λαϐόντες

2202 5218 2296 5272 καὶ
2323 5219 2554 5273 ταπεινὰ
2587 5217 2932 5291 φρονοῦντες,
2971 5217 3041 5271 τὰ
3075 5217 3287 5289 μεγάλα
3316 5214 3667 5287 ὠφεληθεῐεν.

2278 5333 2398 5402 Τὴν
2421 5333 2572 5401 ζωήν
2594 5351 2714 5403 μου
2743 5332 3061 5405 sanetae
3092 5330 3212 5398 σοι,
3260 5333 3400 5387 ἔθου
3437 5330 3512 5386 τὰ
3545 5328 3783 5399 δάκρυά

2196 5443 2315 5494 μου
2345 5424 2600 5479 ἐνώπιόν
2637 5442 2773 5479 σουο
2822 5425 2903 5492 ὡς
2941 5424 3041 5479 καὶ
3085 5424 3155 5479 ἐν
3181 5421 3258 5492 τῇ
3291 5421 3613 5491 ἐπαγγελίᾳ
3634 5436 3779 5488 σου,

2202 5517 2677 5585 ἐπιστρέψωσιν
2706 5520 2758 5571 οἱ
2787 5517 2989 5587 ἐχθροί
3022 5534 3143 5587 μου
3172 5518 3259 5582 είς
3283 5514 3354 5569 τὰ
3382 5516 3593 5580 ὀπίσω,
3631 5513 3702 5567 ἐν
3737 5509 3783 5587 ᾗ

2204 5608 2283 5661 ἂν
2322 5606 2503 5676 ᾑμέρᾳ
2529 5608 2967 5677 ἐπικαλέσωμαί
2984 5623 3076 5662 σε.
3097 5608 3208 5662 Καὶ
3225 5606 3396 5661 ταῦτα
3422 5609 3449 5660 ό
3483 5605 3784 5678 Σύμμαχος

1214 5760 1255 5792 ’⁸
1292 5759 1461 5816 iCor.
1498 5777 1579 5827 ill,
1618 5762 1669 5817 3.
1753 5763 1768 5795 ι
1810 5760 1830 5813 ι
1863 5758 2014 5817 Petr.
2053 5777 2108 5827 ν,
2146 5762 2196 5814 5.
