4098 6378
303 376 411 433 497

1437 373 1940 431 COMMENTAR‘IA
1983 377 2048 432 IN
2091 376 2432 433 PSALMOS.

3450 371 3558 427 9.18

301 493 637 564 σαφέστερον
659 492 1019 564 ήρμήνευσεν,
1050 492 1221 557 οὕτως
1261 491 1538 547 εἰπὼνοΐὰ
1563 492 1750 583 Mor:
1754 512 1872 563 μου

2003 497 2116 553 :lius
2171 497 2562 565 interpretatus
2607 498 2691 547 est
2737 490 2823 546 bis
2853 489 3035 545 verbis
3074 508 3087 543 :
3129 487 3394 546 Interiora
3444 507 3560 544 mea

303 587 717 656 ὲξτιρίθμησας
741 602 753 615 ·
817 584 898 639 σὺ
956 584 1097 641 ἔθου
1129 585 1203 640 τὰ
1229 584 1459 653 δάκρυὰ
1480 602 1599 655 μου
1630 585 1886 640 ἐνώπιόν

302 693 445 734 σου.
474 674 571 743 Μὴ
600 676 736 746 οὐχὶ
790 674 936 729 ὅταν
974 674 1318 746 ὲξαριθμῇς,
1347 675 1479 728 τότε
1502 675 1887 744 ἀποστραφή-

306 786 518 829 amat
549 773 603 824 οι
639 770 840 838 ἐχθροί
886 787 1005 839 μου
1051 770 1261 834 ὀπίσω,
1290 761 1332 840 ᾖ
1362 767 1440 821 ἂν
1470 768 1660 837 ἡμέρᾳ
1680 770 1885 822 emata-

307 862 574 930 διέσωμαί
601 877 715 924 0'8;
764 862 952 932 Οἱμέν
998 860 1187 933 ἐχθροί
1212 877 1333 931 μου,
1358 859 1509 930 φησὶ,
1562 859 1650 912 διὰ
1708 858 1887 929 πάσης

313 958 521 1025 ημὲρας
544 950 735 1020 λόγους
760 953 888 1024 περὶ
937 951 1073 1023 ἐμοῦ
1104 952 1404 1015 ἀνεκίνουν,
1453 952 1546 1005 καὶ
1606 952 1723 1004 κατ’
1752 949 1886 1021 ἐμοῦ

314 1043 510 1108 πάντες
532 1046 581 1098 οἱ
608 1044 945 1113 διαλογισμοὶ
1002 1041 1179 1097 αὐτῶν
1224 1038 1384 1113 ἦσαν’
1434 1041 1545 1112 ἐγὼ
1589 1043 1645 1095 δὲ
1672 1043 1887 1106 ὁποίους

310 1136 368 1188 ἐν
394 1133 615 1206 ἐμαυτῷ
647 1134 876 1203 συνῆγον
904 1133 1195 1203 λογισμοὺς
1227 1135 1320 1186 καὶ
1344 1133 1536 1196 ὁποίας
1564 1133 1889 1204 ἐνθυμήσεις

309 1222 479 1298 εἶχον,
506 1226 569 1279 σὺ
626 1226 808 1289 αὐτὸς,
849 1225 925 1289 ὡς
958 1223 1395 1296 καρδιογνώστης
1435 1223 1587 1288 Θεὸς,
1616 1220 1782 1288 οἶδας.
1810 1223 1892 1277 Τά

310 1319 417 1390 γάρ
442 1318 588 1371 ἔνδον
625 1334 726 1389 μου
751 1316 1122 1389 ἐξηρίθμησας
1144 1315 1340 1381 πάντα,
1361 1318 1455 1371 καὶ
1473 1317 1541 1371 τὰ
1566 1319 1773 1389 κρύφιά
1791 1335 1890 1389 μου

311 1412 407 1471 καὶ
431 1411 529 1473 τὰς
553 1408 873 1481 ἐνθυμήσεις
898 1409 998 1479 τῆς
1021 1408 1197 1481 ψυχῆς
1235 1425 1335 1480 μου
1362 1408 1647 1477 γινώσκεις
1662 1409 1893 1481 ’θδιόπερ

310 1502 435 1557 εθου
456 1500 526 1554 τὰ
549 1499 758 1570 δάκρυά
793 1515 895 1570 μου
922 1498 1151 1554 ἐνώπιόν
1187 1516 1302 1563 σου,
1343 1499 1435 1552 καὶ
1478 1499 1581 1553 οὐκ
1622 1500 1897 1570 ἀπεστρά-

312 1610 422 1663 φης
449 1592 601 1646 αίιτά⁹
634 1590 748 1644 ἀλλ’
775 1589 979 1659 ὥσπερ
1010 1593 1068 1646 ἐν
1090 1594 1155 1663 τῇ
1178 1589 1480 1660 ἐπαγγελίᾳ
1513 1607 1605 1644 σου
1630 1589 1894 1662 ὑπισχνοῦ

309 1678 499 1746 λέγων’
528 1678 648 1730 Ἔτι
697 1678 1035 1745 λαλοῦντός
1077 1694 1193 1733 σου
1229 1677 1360 1747 ἐρῶ
1433 1678 1587 1733 Ἰδοὺ
1638 1678 1896 1749 πάρειμι,

309 1767 481 1831 οὕτως
506 1767 775 1821 ἀκόλουθα
798 1769 1053 1840 πράττων
1079 1772 1199 1833 ταῖς
1222 1771 1340 1833 σαῖς
1364 1769 1739 1838 ἐπαγγελίαις,
1754 1771 1895 1826 ἔθου

1984 587 2352 641 enumerasti:
2394 591 2448 637 tu
2489 580 2714 651 posuisti
2760 580 3026 651 lacrymas
3072 595 3215 633 meas
3274 595 3453 632 coram
3489 589 3556 631 te-

1985 679 2174 733 Annon
2203 693 2323 731 cum
2369 674 2770 738 enumeraveris,
2800 682 2922 726 tunc
2964 679 3323 726 convertentur
3361 672 3562 725 inimici

1986 773 2088 825 mei
2118 779 2428 833 retrorsum,
2466 768 2523 821 iu
2561 782 2866 837 quacunque
2891 765 2975 820 die
3010 767 3314 820 invocavero
3342 767 3430 821 te?
3473 761 3561 819 ln-

1988 862 2135 917 imici
2165 860 2383 932 quidem
2418 860 2547 923 mei,
2580 859 2781 929 inquit,
2811 864 2926 911 tota
2958 857 3045 913 die
3068 872 3352 913 sermones
3383 855 3451 912 de
3477 873 3562 912 me

1987 956 2303 1020 movebant,
2330 962 2383 1011 et
2409 962 2601 1008 contra
2640 968 2724 1006 me
2753 951 3119 1021 cogitationes
3155 965 3343 1005 eorum
3368 957 3561 1015 erant;

1988 1063 2087 1119 ego
2110 1063 2240 1103 vero
2266 1045 2447 1117 qualia
2471 1047 2523 1100 in
2557 1062 2643 1102 me
2675 1045 2963 1100 ratiocinia
2992 1045 3329 1116 collegerim,
3354 1054 3406 1099 et
3428 1059 3566 1115 qua-

1988 1140 2069 1195 les
2106 1139 2467 1209 cogitationes
2498 1138 2802 1203 habuerim,
2839 1145 2919 1201 tu,
2959 1145 3145 1207 utpote
3178 1137 3426 1191 cordium
3470 1151 3567 1190 co-

1992 1233 2176 1301 gnitor
2220 1229 2385 1295 Deus,
2419 1230 2588 1284 nosti.
2617 1228 2751 1283 Nam
2800 1244 2921 1299 qua:
2979 1230 3117 1283 intra
3150 1244 3235 1283 me
3270 1236 3398 1283 sunt
3429 1242 3566 1284 enu-

1990 1322 2216 1377 merasti
2247 1321 2451 1383 omnia,
2484 1327 2538 1374 et
2564 1319 2778 1374 occulta
2802 1335 2921 1374 mea
2952 1320 3421 1389 cogitationesque
3445 1318 3565 1373 ani-

1992 1428 2094 1468 mae
2121 1427 2255 1468 mea;
2282 1413 2569 1483 cognoscis
2603 1430 2616 1467 :
2642 1411 2995 1482 quamobrem
3034 1410 3266 1481 posuisti
3298 1410 3566 1482 lacrymas

1992 1518 2144 1559 meas
2176 1503 2231 1557 in
2258 1510 2558 1572 conspectu
2586 1509 2702 1565 tuo,
2738 1516 2842 1556 nec
2888 1507 3173 1556 aversatus
3214 1515 3310 1556 eas
3338 1515 3433 1567 es;
3469 1499 3567 1556 sed

1994 1597 2131 1651 sicut
2173 1603 2227 1652 et
2278 1596 2336 1650 in
2384 1595 2750 1665 promissione
2782 1604 2873 1649 tua
2913 1594 3197 1664 professus
3218 1609 3298 1659 es,
3330 1593 3517 1648 dicens
3548 1607 3564 1644 :

1995 1673 2181 1741 Adhuc
2212 1698 2260 1741 te
2292 1687 2530 1758 loquente
2562 1685 2738 1740 dicam
2776 1702 2792 1739 :
2834 1684 2969 1739 Ecce
3013 1684 3202 1739 adsum
3228 1685 3303 1751 ";
3332 1683 3413 1739 sic
3436 1697 3569 1738 con-

1998 1783 2288 1846 sequenter
2317 1775 2382 1830 ad
2413 1775 2684 1845 promissa
2720 1782 2833 1839 tua,
2859 1775 3084 1845 posuisti
3127 1772 3393 1845 lacrymas
3424 1790 3568 1830 meas

309 1863 384 1915 τὰ
401 1859 632 1930 δάκρυά
675 1878 795 1930 μου
845 1860 1104 1915 ἐνώπιόν
1155 1877 1293 1916 σου.
1328 1862 1436 1915 Καὶ
1487 1862 1630 1916 κατά
1654 1864 1754 1935 τὴν
1780 1862 1890 1916 τῶν

2003 1867 2050 1920 in
2083 1873 2363 1936 conspectu
2425 1874 2531 1921 tuo.
2591 1863 2670 1919 Ac
2719 1864 3019 1920 secundum
3065 1865 3568 1935 interpretationem

322 1949 724 2021 Έῦδομήκοντα
770 1949 828 2004 δὲ
858 1948 1174 2021 ἑρμηνείαν,
1207 1948 1327 2017 Τὴν
1351 1948 1504 2017 ζωήν
1522 1968 1663 2020 μου,
1702 1951 1887 2021 φησὶν,

308 2038 628 2110 ἐξήγγειλά
679 2056 799 2106 σοι,
855 2040 931 2105 ὡς
976 2040 1042 2095 ἂν
1106 2040 1413 2111 παρρησίαν
1469 2040 1616 2109 ἀγων
1675 2043 1767 2095 καὶ
1815 2040 1891 2112 μὴ

310 2132 767 2204 ἐπαισχυνόμενος
790 2132 973 2203 ἐπὶθτῇ
996 2131 1243 2203 ἐμαυτοῦ.
1263 2131 1399 2202 ζωῇ.
1433 2130 1505 2184 Σύ
1546 2148 1606 2184 τε
1625 2131 1889 2201 ἀποδεχό-

315 2224 472 2295 μενός
495 2242 597 2295 μου
628 2224 917 2296 τὴνηζωὴν,
970 2223 1038 2277 τὰ
1069 2223 1283 2294 δάκρυά
1314 2240 1415 2295 μου
1445 2224 1545 2277 οὐκ
1593 2222 1889 2287 ἀπεσείσω,

312 2315 447 2370 ἀλλὰ
471 2314 576 2388 πρὸ
602 2314 712 2369 τῶν
739 2316 847 2369 σῶν
870 2313 1161 2386 ὀφθαλμῶν
1194 2314 1316 2370 ἔθου
1344 2316 1502 2380 αὐτὰ,
1535 2314 1893 2385 πιστούμενος

311 2406 411 2472 τὰς
433 2406 531 2470 σάς
554 2406 902 2476 ἐπαγγελίας.
919 2405 1011 2459 Διὸ
1032 2404 1364 2469 συνεδαινεν,
1390 2404 1523 2478 ἐμοῦ
1546 2404 1897 2473 είσακουομέ-

314 2513 428 2564 νου,
461 2498 588 2562 τοὺς
634 2496 861 2570 ἐχθρούς
926 2513 1026 2568 μου
1061 2499 1141 2560 είς
1167 2495 1238 2550 τὰ
1288 2496 1464 2550 ὀπίσω
1512 2498 1728 2567 χωρεῖν
1772 2495 1896 2549 ὅθεν

315 2585 475 2657 φημί·
514 2587 611 2640 Ἐν
630 2581 670 2658 ᾗ
701 2585 777 2640 ἂν
813 2582 1004 2653 ἡμέρᾳ
1029 2584 1474 2653 ἐπικαλέσωμαι
1496 2598 1591 2648 σε,
1625 2584 1898 2653 ἐπιστρέ-

313 2679 543 2745 ψουσιν
565 2680 616 2730 οί
638 2676 840 2744 ἐχθροί
860 2691 980 2743 μου
1028 2676 1116 2740 εὶς
1140 2674 1215 2728 τὰ
1250 2675 1462 2729 ὀπίσωο
1498 2673 1642 2727 κατά
1686 2674 1745 2727 δέ
1800 2674 1896 2727 τὸν

312 2767 629 2839 Σύμμαχον·
666 2764 764 2831 Μὴ
802 2762 940 2833 οὐχί
974 2762 1142 2826 ὅταν,
1171 2763 1357 2833 φησιν,
1389 2761 1736 2832 ἐξαριθμῇς,
1765 2764 1898 2817 τότε

312 2853 889 2923 ἁποστραφήσονται
914 2854 967 2904 oi
992 2851 1194 2919 εχθοοί
1228 2867 1349 2919 μου
1383 2850 1611 2911 ὀπίσω;
1648 2850 1899 2904 Ἐπειδὰν

316 2942 652 3015 φυλοκρινῶν
670 2939 1005 3013 διακαθάρῃς
1018 2940 1291 3011 ἀφορίζων
1303 2940 1429 3003 τοὺς
1451 2939 1677 2993 σεαυτοῦ
1695 2939 1898 3007 ἀξίους,

316 3035 413 3088 καὶ
444 3033 800 3107 ἐξαρίθμησιν
841 3031 1160 3102 ποιούμενος
1212 3030 1320 3084 τῶν
1358 3030 1660 3101 μελλόντων
1711 3033 1792 3095 είς
1832 3030 1903 3085 τά

314 3122 464 3187 δεξιά
520 3122 788 3187 ἵστασθαι,
846 3119 1076 3174 καὶτῶν
1131 3121 1211 3183 είς
1256 3118 1520 3191 ἀριστερά
1562 3119 1900 3191 χωρούντων,

1994 1956 2136 2012 LXX
2161 1997 2175 2020 ,
2224 1956 2399 2011 Vitam
2428 1973 2618 2022 meam,
2656 1957 2855 2027 inquit,
2882 1956 3193 2011 annuntiavi
3234 1955 3347 2018 tibi,
3383 1961 3572 2026 utpote

1996 2049 2088 2121 qui
2120 2064 2244 2103 cum
2281 2047 2475 2103 ﬁducia
2496 2063 2735 2118 agerem.
2770 2062 2873 2102 nec
2906 2047 2974 2103 de
2992 2048 3106 2103 vita
3142 2062 3263 2102 mea
3282 2047 3572 2103 erubesceo

1998 2154 2136 2195 rem.
2170 2137 2253 2193 Tu
2284 2153 2413 2193 vero
2442 2153 2567 2193 cum
2600 2137 2769 2192 vitam
2801 2139 3139 2209 approbares
3165 2153 3366 2206 meam,
3397 2141 3573 2211 lacry-

1998 2244 2119 2287 mas
2173 2244 2325 2285 meas
2375 2245 2485 2285 non
2534 2229 2808 2300 repulisti,
2841 2228 2938 2285 sed
2989 2230 3062 2285 ob
3104 2230 3296 2287 oculos
3341 2232 3573 2303 posuisti

1998 2329 2144 2384 tuos.
2180 2320 2261 2377 sic
2294 2321 2582 2392 promissis
2631 2322 2742 2376 tuis
2796 2321 2956 2376 [idem
3008 2321 3330 2378 concilians.
3395 2320 3577 2389 Quare

2000 2412 2249 2482 contigit,
2282 2427 2408 2467 cum
2440 2413 2730 2469 exauditus
2777 2428 2977 2480 essem,
3006 2412 3262 2469 inimicos
3310 2429 3461 2471 meos
3489 2430 3577 2470 re—

2001 2509 2089 2555 tro
2119 2500 2313 2554 cedere
2338 2517 2355 2569 ;
2388 2500 2510 2555 ideo
2539 2500 2663 2555 dico
2697 2519 2711 2557 :
2741 2500 2806 2555 In
2826 2518 3133 2573 quacunque
3159 2503 3243 2558 die
3270 2503 3576 2561 invocavero

2003 2601 2071 2655 te,
2129 2599 2493 2645 convertentur
2526 2593 2729 2647 inimici
2774 2595 2876 2648 mei
2911 2606 3231 2660 retrorsum;
3274 2597 3577 2653 secundum

2005 2681 2389 2753 Symmachum
2407 2697 2538 2738 vero
2566 2703 2578 2738 :
2604 2684 2793 2738 Annon
2814 2700 2932 2738 cum
2951 2688 3355 2747 enumeraveris.
3376 2688 3575 2757 inquit,

2004 2784 2366 2828 convertentur
2385 2776 2590 2829 inimici
2616 2776 2717 2829 mei
2745 2779 3077 2833 retrorsum?
3104 2776 3239 2831 Cum
3266 2793 3359 2847 per
3388 2778 3579 2850 singu-

2004 2865 2088 2919 las
2118 2864 2295 2920 tribus
2324 2880 2641 2930 secernens,
2666 2880 2761 2920 eos
2791 2865 2886 2935 qui
2916 2873 2970 2921 te
2998 2866 3149 2937 digni
3198 2875 3327 2922 sunt
3372 2867 3579 2940 selege-

2006 2956 2106 3020 ris,
2125 2961 2182 3013 et
2204 2957 2618 3012 enumeraveris
2647 2970 2742 3010 cos
2770 2955 2862 3026 qui
2883 2956 2949 3011 ad
2975 2956 3253 3012 dexteram
3277 2957 3576 3022 statuendi,

2006 3056 2062 3103 et
2088 3063 2184 3103 eos
2218 3048 2312 3118 qui
2342 3048 2409 3103 ad
2441 3048 2723 3103 sinistram
2772 3048 3051 3104 recessuri
3102 3058 3251 3113 sunt,
3276 3058 3420 3114 tunc,
3452 3064 3578 3103 cum

2008 3140 2173 3196 talem
2217 3141 2689 3198 enumerationem
2729 3141 2934 3207 facies,
2981 3150 3344 3196 convertentur
3381 3140 3580 3196 inimici

313 3214 482 3283 τότε,
544 3216 601 3268 ἐν
656 3213 735 3284 τῷ
792 3212 852 3265 σὲ
904 3212 1004 3283 τὴν
1045 3209 1401 3283 ἐξαρίθμησιν
1460 3210 1662 3283 ταύτην
1733 3214 1898 3266 ποιεῖ-

2006 3234 2108 3287 mei
2141 3241 2457 3288 retrorsum.

312 3306 476 3373 σθαι,
527 3303 1100 3374 ἀποστραφήσονται
1154 3306 1208 3357 ol
1266 3302 1469 3373 ἐχθροί
1517 3320 1637 3373 μου
1690 3305 1776 3370 είς
1824 3303 1896 3360 τὰ

314 3394 532 3451 ὀπίσω.

398 3509 545 3564 Ἰδοὺ
572 3508 785 3579 ἔγνων,
814 3508 904 3563 ὅτι
930 3512 1074 3575 Θεός
1097 3511 1203 3579 μοί
1233 3509 1422 3565 ἐστιν.
1486 3510 1617 3566 Ἐπὶ
1667 3510 1748 3578 τῷ
1776 3511 1900 3579 Θεῷ

313 3602 538 3656 αίνέσω
557 3601 743 3671 ῥῆμα,
767 3602 866 3655 ἐπὶ
903 3601 984 3667 τῷ
1028 3603 1222 3669 Κυρίῳ
1260 3601 1480 3657 αίνέσω
1536 3604 1740 3673 λόγον’
1797 3606 1897 3659 ἐπὶ

314 3692 398 3759 τῷ
421 3693 614 3761 Κυρίῳ
651 3691 903 3761 ἤλπισα,
923 3695 995 3747 οὺ
1021 3691 1435 3764 φοΰηθήσομαι
1457 3694 1515 3748 τί
1536 3694 1777 3763 ποιήσει
1797 3713 1900 3765 μοι

315 3784 647 3854 ἁνθρωθξος.
695 3785 852 3838 Κατὰ
914 3785 972 3838 δὲ
1004 3784 1095 3838 τὸν
1145 3784 1442 3855 Σύμμαχον
1494 3785 1655 3839 τοῦτό
1712 3803 1896 3858 φησιν’

320 3874 487 3943 οἶδα,
514 3878 604 3932 ὅτι
627 3878 760 3932 ἐστι
787 3877 931 3943 Θεός
957 3895 1079 3946 μοι.
1120 3876 1231 3930 Τὸν
1279 3876 1428 3931 Θεὸν
1481 3878 1899 3949 ὐμνολογήσω,

315 3968 419 4025 διὰ
477 3968 585 4024 τοῦ
652 3968 800 4023 Θεοῦ
859 3966 1341 4037 ὺμνοποιήσομαι
1388 3970 1592 4038 λόγον·
1634 3968 1715 4036 τῷ
1782 3970 1903 4036 Θεῷ

317 4062 597 4123 πέποιθα,
631 4063 702 4115 οὐ
729 4060 1145 4129 φοϐηθήσομαι
1178 4061 1235 4115 τί
1277 4059 1518 4128 ποιήσει
1544 4078 1646 4131 μοι
1682 4060 1904 4131 ἅνθρω-

318 4166 455 4219 πος,
483 4152 675 4214 Ᾱύτοῖς
698 4149 901 4220 ἔργοις,
926 4151 1079 4222 φησὶ,
1101 4150 1434 4223 παρείληφα,
1454 4152 1548 4204 καὶ
1576 4150 1748 4219 ἔγνων
1778 4150 1904 4222 ἀλη-

318 4244 453 4311 θῶς,
474 4245 556 4298 ὅτι
583 4245 683 4298 οὐκ
707 4243 798 4296 ἐπὶ
833 4243 1044 4315 ματαίῳ
1097 4242 1321 4314 ἤλπισα·
1369 4241 1506 4296 ἀλλὰ
1551 4241 1682 4296 Θεὸν
1715 4241 1905 4313 βοηθὸν

318 4337 660 4410 ἐκτησάμην.
687 4335 887 4389 Τούτου
908 4335 964 4389 δέ
992 4335 1231 4406 ἔλεγχος,
1264 4335 1386 4389 ἐπεὶ
1408 4334 1549 4389 ἔθου
1582 4333 1656 4388 τὰ
1676 4331 1906 4402 δάκρυά

317 4447 438 4503 μου
471 4428 729 4483 ἐνώπιόν
758 4443 894 4482 σου.
927 4422 1059 4480 Εἶτα
1105 4425 1245 4497 ἐμοῦ
1274 4427 1372 4497 μὲν
1402 4427 1638 4497 ἐπήκοος
1660 4424 1903 4494 ἐγίγνου,

320 4524 374 4577 oi
399 4522 456 4576 δὲ
482 4520 664 4592 ἐχθροί
715 4537 816 4591 μου
845 4516 1083 4591 ἐχώρουν
1126 4519 1207 4582 εἰς
1256 4518 1326 4572 τὰ
1350 4517 1544 4571 ὀπίσω·
1577 4517 1657 4569 διὸ
1694 4516 1795 4570 ἐπὶ
1827 4515 1906 4582 τῷ

2077 3527 2242 3587 Vens.
2270 3531 2357 3588 H.
2384 3531 2518 3587 Ecce
2548 3548 2763 3602 cognovi
2783 3533 3031 3603 quoniam
3062 3527 3205 3583 Deus
3232 3526 3359 3581 milii
3379 3533 3478 3580 est.
3513 3521 3583 3579 In

2004 3630 2116 3687 Deo
2146 3631 2377 3686 laudabo
2408 3634 2640 3698 verbum,
2667 3633 2721 3687 in
2745 3632 2975 3688 Domino
2996 3629 3227 3685 laudabo
3249 3640 3538 3683 sermonem
3560 3639 3581 3678 :

2006 3732 2063 3786 in
2089 3730 2313 3787 Domino
2329 3734 2551 3802 speravi,
2576 3749 2681 3787 non
2697 3733 2884 3787 timebo
2912 3730 3038 3803 quid
3062 3730 3228 3801 faciat
3254 3727 3383 3783 mihi
3405 3727 3582 3782 homo.

2010 3828 2325 3886 Secundum
2360 3830 2744 3902 Symmachum
2789 3839 2970 3888 autem
3004 3832 3085 3886 sic
3127 3831 3204 3885 ait
3234 3849 3248 3885 :
3274 3827 3413 3883 Novi
3444 3827 3585 3899 quod

2008 3927 2077 3981 sit
2109 3926 2250 3981 Deus
2281 3926 2432 3981 mihi.
2472 3925 2636 3980 Deum
2659 3926 2950 3990 celebrabo,
2979 3942 3071 3996 per
3098 3925 3267 3979 Deum
3294 3939 3586 3979 sermonem

2009 4019 2066 4073 in
2095 4019 2351 4090 hymnum
2387 4026 2723 4083 convertam;
2752 4020 2805 4072 in
2833 4017 2942 4071 Deo
2976 4018 3201 4084 speravi,
3252 4032 3355 4070 non
3395 4016 3589 4069 timebo

2009 4111 2134 4183 quid
2165 4110 2325 4178 faciet
2356 4109 2487 4163 mihi
2508 4110 2681 4165 homo.
2707 4109 2846 4181 Ipsis
2873 4108 3152 4180 operibus,
3176 4107 3375 4177 inquit,
3400 4107 3588 4177 accepi

2011 4214 2066 4262 et
2092 4220 2220 4261 vere
2254 4204 2380 4259 novi
2427 4219 2515 4260 me
2562 4218 2676 4259 non
2712 4203 2919 4258 frustra
2971 4216 3226 4273 sperasse
3251 4241 3266 4267 ,
3297 4199 3390 4255 sed
3415 4198 3588 4254 Deum

2013 4294 2319 4364 adjutorem
2370 4292 2700 4349 obtinuisse.
2727 4291 3021 4362 Cujusorei
3070 4296 3450 4361 argumentum
3479 4294 3586 4352 est,

2013 4388 2159 4458 quod
2189 4389 2414 4458 posuisti
2440 4388 2705 4459 lacrgmas
2728 4402 2871 4441 meas
2893 4386 2949 4440 in
2975 4393 3255 4455 conspectu
3292 4392 3403 4438 tuo.
3424 4379 3588 4437 Dein-

2014 4476 2083 4532 de
2114 4477 2249 4533 mihi
2279 4477 2503 4548 quidem
2553 4478 2829 4549 propitius
2865 4475 3056 4543 fuisti;
3084 4474 3293 4530 inimici
3332 4487 3463 4530 vero
3484 4474 3592 4528 mei

324 4613 450 4679 Θεῷ
472 4563 693 4667 alr-gata
706 4563 908 4681 ἓῆμαΫ
952 4563 1009 4682 ἦ,
1045 4563 1306 4665 κατάντὸν
1346 4610 1574 4663 Ἀκύλαν
1599 4627 1613 4640 ·
1657 4609 1760 4663 Ἐν
1791 4563 1898 4674 Θεξ

2014 4576 2165 4625 retro
2220 4576 2555 4626 cesserunt:
2603 4585 2777 4641 quare
2822 4569 2879 4623 in
2923 4567 3033 4624 Deo
3067 4567 3297 4622 laudabo
3348 4563 3590 4629 verbum;

2022 4660 2132 4682 -2_-
2175 4662 2471 4682 _---___l-__.
2507 4661 2527 4682 Δ
2550 4662 2743 4682 ___2I__.
2767 4679 2779 4682 _
2816 4658 2870 4682 Ι--
2901 4659 2996 4682 ἢ--
3024 4658 3322 4682 -l-_:£--L-
3346 4653 3553 4682 “ML”...
3578 4671 3590 4682 .

322 4703 707 4774 καυχήσομαι
755 4701 940 4772 ῥῆμα·
1001 4700 1143 4755 κατά
1199 4701 1257 4754 δέ
1304 4701 1393 4755 τὸν
1434 4701 1728 4772 Σύμμαχον
1750 4713 1763 4728 ⁸

244 4796 253 4802 ’
326 4795 480 4851 Θεὸν
502 4793 917 4865 ὑμνολοτήσω·
932 4793 1069 4848 ἀλλὰ
1091 4794 1183 4847 καὶ
1205 4794 1302 4847 ἐπι
1331 4792 1438 4847 τὸν
1452 4794 1668 4860 Κύριον
1691 4790 1911 4846 αὶνέσω

323 4885 529 4954 λόγον·
566 4883 627 4955 ἢ,
672 4883 814 4937 κατά
857 4882 951 4938 τὸν
1008 4882 1260 4947 Ἀκύλαν,
1309 4881 1380 4935 ὲν
1419 4882 1616 4950 Κυρίῳ
1657 4880 1910 4951 ὑμνήσω

324 4978 532 5047 λόγον’
561 4977 619 5049 ἢ,
643 4976 786 5031 κατά
807 4976 1223 5048 τὸνΣύμμαχον,
1246 4974 1344 5029 διὰ
1365 4974 1474 5029 τοῦ
1496 4975 1717 5042 Κυρίου
1736 4976 1911 5043 ὑμνο-

327 5069 655 5138 ποιήσομαι
681 5070 884 5139 λόγον’
931 5069 1025 5122 καὶ
1048 5069 1229 5133 πάλιν,
1255 5066 1331 5131 ὡς
1363 5067 1618 5138 ἀνωτέρω
1644 5084 1732 5137 μοι
1757 5065 1906 5138 εἴρη-

326 5175 443 5213 ται·
489 5159 614 5213 Ἐπὶ
657 5158 738 5226 τῷ
797 5157 918 5225 Θεῷ
977 5158 1231 5227 ἤλπισα,
1280 5160 1353 5213 οὐ
1387 5157 1802 5228 φοϐηθήσομαι
1849 5159 1907 5211 τί

329 5249 570 5314 ποιήσει
591 5267 693 5319 μοι
741 5248 921 5319 σάρξ*
977 5249 1070 5302 καὶ
1122 5249 1217 5303 νῦν
1269 5266 1432 5321 φημι,
1488 5249 1614 5302 Ἐπὶ
1664 5248 1746 5314 τῷ
1788 5247 1909 5313 Θεῷ

328 5338 589 5409 ᾕλπισα,
630 5341 703 5394 οὐ
735 5339 1148 5409 φοϐηθήσομαι
1180 5340 1238 5393 τί
1264 5339 1504 5406 ποιήσει
1560 5356 1659 5409 μοι
1690 5337 1914 5406 ἄνθρω-

327 5448 466 5497 πος.
504 5430 650 5502 Σάρξ
670 5430 779 5503 γὰρ
827 5430 921 5484 κα).
971 5429 1256 5502 ἄνθρωπος
1288 5431 1352 5485 ἓν
1378 5431 1472 5484 καὶ
1522 5429 1718 5482 ταυτόν
1744 5429 1912 5492 ἐστιν,

327 5519 520 5591 ἐπειδὴ
554 5520 821 5574 λέλεκται·
865 5520 1062 5591 Ὑμεῖς
1101 5520 1170 5574 δὲ
1214 5521 1297 5586 ὡς
1327 5520 1622 5589 ἅνθρωποι
1653 5516 1915 5584 ἀποθνή⁴

329 5610 535 5665 σκετεσ
580 5611 693 5676 καὶ,
736 5612 910 5666 Ὅταν
943 5612 1052 5682 γὰρ
1078 5606 1120 5683 ᾖ
1146 5610 1223 5665 ἐν
1247 5610 1389 5679 ὑμῖν
1426 5609 1601 5679 ζῆλος
1642 5609 1737 5665 καὶ
1769 5609 1912 5677 ἔρις,

408 5770 453 5800 ³³
488 5767 611 5826 lsai.
651 5785 820 5839 mit,
846 5772 897 5826 9.
978 5772 1042 5803 ⁸⁷·
1071 5769 1213 5826 l‘s:l.
1244 5785 1424 5835 Lxui,
1454 5770 1503 5827 Ἰ,

1799 4653 1913 4753 λζ
2019 4660 2157 4726 sive,
2173 4662 2477 4753 secundum
2495 4661 2747 4753 Aquilam
2766 4679 2781 4716 :
2806 4658 2873 4714 In
2888 4659 2999 4715 Deo
3016 4658 3323 4753 glori/icabo
3345 4653 3553 4753 perbum
3572 4671 3591 4718 ;

2018 4751 2320 4808 secundum
2373 4749 2759 4824 Symmachum
2814 4760 2996 4806 autem
3031 4769 3042 4803 :
3086 4748 3255 4802 Deum
3284 4743 3593 4801 celebrabo:

2014 4840 2111 4896 sed
2156 4844 2318 4896 etiam
2352 4843 2409 4897 in
2455 4842 2682 4897 Domino
2722 4841 2953 4896 laudabo
2985 4853 3274 4893 sermonem
3289 4852 3315 4901 ,'.
3340 4842 3456 4900 aut,
3506 4849 3597 4889 se-

2016 4938 2256 4987 cundum
2286 4932 2565 5003 Aquilam,
2592 4935 2648 4987 in
2680 4930 2911 4986 Domino
2954 4928 3224 4984 celebrabo
3278 4942 3593 4989 sermonem,

2013 5023 2148 5092 sive,
2167 5025 2464 5080 secundum
2485 5025 2889 5097 Symmachum,
2901 5040 2991 5094 per
3005 5021 3291 5076 Dominum
3306 5036 3595 5075 sermonem

2012 5116 2069 5166 in
2119 5114 2369 5184 hymnum
2428 5124 2777 5169 convertam:
2838 5129 2903 5168 ac
2945 5126 3191 5175 rursum,
3246 5117 3307 5165 ut
3341 5108 3596 5180 superius

2013 5203 2126 5259 dixi
2163 5224 2176 5259 :
2211 5203 2279 5259 In
2326 5204 2437 5260 Deo
2471 5205 2697 5275 speravi,
2734 5222 2838 5259 non
2869 5202 3056 5257 timebo
3099 5200 3225 5271 quid
3263 5198 3430 5270 faciat
3467 5199 3596 5252 mihi

2017 5310 2177 5349 caro:
2221 5295 2303 5351 sic
2339 5296 2452 5364 jam
2497 5296 2621 5349 dico
2662 5313 2675 5349 :
2714 5293 2780 5348 In
2837 5292 2947 5347 Deo
2996 5292 3222 5361 speravi,
3246 5278 3358 5344 ‘non
3408 5289 3595 5344 timebo

2020 5396 2144 5469 quid
2168 5398 2326 5466 faciet
2360 5397 2489 5451 mihi
2514 5397 2691 5455 homo.
2722 5396 2867 5451 Caro
2910 5394 3056 5450 enim
3078 5404 3132 5449 et
3167 5393 3331 5447 homo
3357 5391 3595 5462 idipsum

2022 5509 2170 5568 sunt,
2195 5501 2638 5571 quandoquidem
2668 5500 2879 5554 dictum
2915 5505 2999 5554 est
3028 5517 3042 5552 :
3091 5496 3195 5552 Vos
3235 5505 3412 5551 autem
3460 5494 3595 5548 sicut

2022 5607 2254 5664 homines
2274 5606 2717 5671 morieminiii";
2766 5611 2843 5673 et,
2889 5602 3023 5660 Cum
3072 5604 3221 5659 enim»
3249 5604 3319 5658 sit
3362 5600 3503 5657 zelits
3543 5615 3593 5660 ex
