  <div class='ocr_page' id='page_1' title='image "/cluster/home/n/w/nwhite01/storage/ocr_20150623/23:no.5/coo.31924054873033/265.png"; bbox 0 0 4098 6378; ppageno 0'>
   <div class='ocr_carea' id='block_1_1' title="bbox 561 274 668 331">
    <p class='ocr_par' dir='ltr' id='par_1_1' title="bbox 561 274 668 331">
     <span class='ocr_line' id='line_1_1' title="bbox 561 274 668 331; baseline 0.056 -6"><span class='ocrx_word' id='word_1_1' title='bbox 561 274 668 331; x_wconf 63' lang='lat'><strong><em>£99</em></strong></span> 
     </span>
    </p>
   </div>
   <div class='ocr_carea' id='block_1_2' title="bbox 557 394 2130 482">
    <p class='ocr_par' dir='ltr' id='par_1_2' title="bbox 557 394 2130 482">
     <span class='ocr_line' id='line_1_2' title="bbox 557 394 2130 482; baseline 0.02 -41"><span class='ocrx_word' id='word_1_2' title='bbox 557 394 818 447; x_wconf 75' lang='lat' dir='ltr'><strong><em>contentio</em></strong></span> <span class='ocrx_word' id='word_1_3' title='bbox 852 397 987 451; x_wconf 90' lang='lat' dir='ltr'><strong><em>inter</em></strong></span> <span class='ocrx_word' id='word_1_4' title='bbox 1009 415 1116 462; x_wconf 72' lang='lat' dir='ltr'><strong><em>vos.</em></strong></span> <span class='ocrx_word' id='word_1_5' title='bbox 1145 421 1314 462; x_wconf 83' lang='lat' dir='ltr'><strong><em>nonne</em></strong></span> <span class='ocrx_word' id='word_1_6' title='bbox 1336 412 1578 468; x_wconf 84' lang='lat' dir='ltr'><strong><em>carnales</em></strong></span> <span class='ocrx_word' id='word_1_7' title='bbox 1603 417 1750 482; x_wconf 84' lang='lat' dir='ltr'><strong><em>estis,</em></strong></span> <span class='ocrx_word' id='word_1_8' title='bbox 1777 427 1826 469; x_wconf 90' lang='lat' dir='ltr'><strong><em>et</em></strong></span> <span class='ocrx_word' id='word_1_9' title='bbox 1849 417 2130 472; x_wconf 85' lang='lat' dir='ltr'><strong><em>secundum</em></strong></span> 
     </span>
    </p>
   </div>
   <div class='ocr_carea' id='block_1_3' title="bbox 554 480 1261 550">
    <p class='ocr_par' dir='ltr' id='par_1_3' title="bbox 554 480 1261 550">
     <span class='ocr_line' id='line_1_3' title="bbox 554 480 1261 550; baseline 0.028 -19"><span class='ocrx_word' id='word_1_10' title='bbox 554 480 820 537; x_wconf 71' lang='lat' dir='ltr'><strong><em>hominem</em></strong></span> <span class='ocrx_word' id='word_1_11' title='bbox 856 488 1147 548; x_wconf 84' lang='lat' dir='ltr'><strong><em>ambulatis</em></strong></span> <span class='ocrx_word' id='word_1_12' title='bbox 1170 496 1212 526; x_wconf 83' lang='grc'><strong><em>¹⁸</em></strong></span> <span class='ocrx_word' id='word_1_13' title='bbox 1237 498 1261 550; x_wconf 89' lang='lat'><strong>?</strong></span> 
     </span>
    </p>
   </div>
   <div class='ocr_carea' id='block_1_4' title="bbox 627 592 2132 693">
    <p class='ocr_par' dir='ltr' id='par_1_4' title="bbox 627 592 2132 693">
     <span class='ocr_line' id='line_1_4' title="bbox 627 592 2132 693; baseline 0.03 -46"><span class='ocrx_word' id='word_1_14' title='bbox 627 592 790 652; x_wconf 77' lang='lat' dir='ltr'><strong><em>Vens.</em></strong></span> <span class='ocrx_word' id='word_1_15' title='bbox 828 599 914 666; x_wconf 76' lang='grc'><strong><em>12,</em></strong></span> <span class='ocrx_word' id='word_1_16' title='bbox 938 603 1024 660; x_wconf 80' lang='lat' dir='ltr'><strong><em>l3.</em></strong></span> <span class='ocrx_word' id='word_1_17' title='bbox 1051 604 1117 660; x_wconf 86' lang='lat' dir='ltr'><strong><em>In</em></strong></span> <span class='ocrx_word' id='word_1_18' title='bbox 1149 626 1229 664; x_wconf 89' lang='lat' dir='ltr'><strong><em>me</em></strong></span> <span class='ocrx_word' id='word_1_19' title='bbox 1259 622 1400 680; x_wconf 86' lang='lat' dir='ltr'><strong><em>sunt,</em></strong></span> <span class='ocrx_word' id='word_1_20' title='bbox 1423 615 1587 686; x_wconf 90' lang='lat' dir='ltr'><strong><em>Deus,</em></strong></span> <span class='ocrx_word' id='word_1_21' title='bbox 1614 632 1731 676; x_wconf 82' lang='lat' dir='ltr'><strong><em>vota</em></strong></span> <span class='ocrx_word' id='word_1_22' title='bbox 1749 641 1864 693; x_wconf 80' lang='lat' dir='ltr'><strong><em>quo:</em></strong></span> <span class='ocrx_word' id='word_1_23' title='bbox 1893 625 2132 692; x_wconf 71' lang='lat' dir='ltr'><strong><em>reddam.</em></strong></span> 
     </span>
    </p>
   </div>
   <div class='ocr_carea' id='block_1_5' title="bbox 552 685 2131 780">
    <p class='ocr_par' dir='ltr' id='par_1_5' title="bbox 552 685 2131 780">
     <span class='ocr_line' id='line_1_5' title="bbox 552 685 2131 780; baseline 0.025 -44"><span class='ocrx_word' id='word_1_24' title='bbox 552 685 892 746; x_wconf 82' lang='lat' dir='ltr'><strong><em>laudationes</em></strong></span> <span class='ocrx_word' id='word_1_25' title='bbox 940 695 1054 751; x_wconf 84' lang='lat' dir='ltr'><strong><em>tibi.</em></strong></span> <span class='ocrx_word' id='word_1_26' title='bbox 1109 699 1374 766; x_wconf 79' lang='lat' dir='ltr'><strong><em>Quoniam</em></strong></span> <span class='ocrx_word' id='word_1_27' title='bbox 1430 711 1674 780; x_wconf 82' lang='lat' dir='ltr'><strong><em>eripuisti</em></strong></span> <span class='ocrx_word' id='word_1_28' title='bbox 1701 717 1935 771; x_wconf 90' lang='lat' dir='ltr'><strong><em>animam</em></strong></span> <span class='ocrx_word' id='word_1_29' title='bbox 1964 736 2131 773; x_wconf 86' lang='lat' dir='ltr'><strong><em>meam</em></strong></span> 
     </span>
    </p>
   </div>
   <div class='ocr_carea' id='block_1_6' title="bbox 549 774 2129 873">
    <p class='ocr_par' dir='ltr' id='par_1_6' title="bbox 549 774 2129 873">
     <span class='ocr_line' id='line_1_6' title="bbox 549 774 2129 873; baseline 0.025 -47"><span class='ocrx_word' id='word_1_30' title='bbox 549 774 614 828; x_wconf 85' lang='lat' dir='ltr'><strong><em>de</em></strong></span> <span class='ocrx_word' id='word_1_31' title='bbox 649 791 835 849; x_wconf 89' lang='lat' dir='ltr'><strong><em>morte,</em></strong></span> <span class='ocrx_word' id='word_1_32' title='bbox 870 793 920 836; x_wconf 89' lang='lat' dir='ltr'><strong><em>et</em></strong></span> <span class='ocrx_word' id='word_1_33' title='bbox 953 787 1105 854; x_wconf 92' lang='lat' dir='ltr'><strong><em>pedes</em></strong></span> <span class='ocrx_word' id='word_1_34' title='bbox 1128 807 1268 846; x_wconf 88' lang='lat' dir='ltr'><strong><em>meos</em></strong></span> <span class='ocrx_word' id='word_1_35' title='bbox 1301 794 1364 849; x_wconf 88' lang='lat' dir='ltr'><strong><em>de</em></strong></span> <span class='ocrx_word' id='word_1_36' title='bbox 1394 774 1566 867; x_wconf 76' lang='lat' dir='ltr'><strong><em>lapsu,</em></strong></span> <span class='ocrx_word' id='word_1_37' title='bbox 1594 814 1650 856; x_wconf 90' lang='lat' dir='ltr'><strong><em>ut</em></strong></span> <span class='ocrx_word' id='word_1_38' title='bbox 1679 807 1916 873; x_wconf 85' lang='lat' dir='ltr'><strong><em>placeam</em></strong></span> <span class='ocrx_word' id='word_1_39' title='bbox 1951 825 2129 864; x_wconf 83' lang='lat' dir='ltr'><strong><em>coram</em></strong></span> 
     </span>
    </p>
   </div>
   <div class='ocr_carea' id='block_1_7' title="bbox 550 863 2129 955">
    <p class='ocr_par' dir='ltr' id='par_1_7' title="bbox 550 863 2129 955">
     <span class='ocr_line' id='line_1_7' title="bbox 550 863 2129 955; baseline 0.025 -40"><span class='ocrx_word' id='word_1_40' title='bbox 550 863 660 920; x_wconf 89' lang='lat' dir='ltr'><strong><em>Deo</em></strong></span> <span class='ocrx_word' id='word_1_41' title='bbox 695 869 748 923; x_wconf 91' lang='lat' dir='ltr'><strong><em>in</em></strong></span> <span class='ocrx_word' id='word_1_42' title='bbox 773 872 970 929; x_wconf 82' lang='lat' dir='ltr'><strong><em>lumine</em></strong></span> <span class='ocrx_word' id='word_1_43' title='bbox 1005 878 1302 938; x_wconf 80' lang='lat' dir='ltr'><strong><em>viventium.</em></strong></span> <span class='ocrx_word' id='word_1_44' title='bbox 1335 885 1443 942; x_wconf 86' lang='lat' dir='ltr'><strong><em>Pro</em></strong></span> <span class='ocrx_word' id='word_1_45' title='bbox 1473 889 1564 944; x_wconf 91' lang='lat' dir='ltr'><strong><em>illo</em></strong></span> <span class='ocrx_word' id='word_1_46' title='bbox 1593 912 1604 946; x_wconf 92' lang='lat'><strong>:</strong></span> <span class='ocrx_word' id='word_1_47' title='bbox 1636 892 1698 946; x_wconf 82' lang='lat' dir='ltr'><strong><em>In</em></strong></span> <span class='ocrx_word' id='word_1_48' title='bbox 1732 911 1809 948; x_wconf 89' lang='lat' dir='ltr'><strong><em>me</em></strong></span> <span class='ocrx_word' id='word_1_49' title='bbox 1837 909 1957 951; x_wconf 87' lang='lat' dir='ltr'><strong><em>sunt</em></strong></span> <span class='ocrx_word' id='word_1_50' title='bbox 1989 899 2129 955; x_wconf 91' lang='lat' dir='ltr'><strong><em>Deus</em></strong></span> 
     </span>
    </p>
   </div>
   <div class='ocr_carea' id='block_1_8' title="bbox 550 966 2127 1062">
    <p class='ocr_par' dir='ltr' id='par_1_8' title="bbox 550 966 2127 1062">
     <span class='ocr_line' id='line_1_8' title="bbox 550 966 2127 1062; baseline 0.024 -53"><span class='ocrx_word' id='word_1_51' title='bbox 550 967 693 1023; x_wconf 76' lang='lat' dir='ltr'><strong><em>vota,</em></strong></span> <span class='ocrx_word' id='word_1_52' title='bbox 723 979 841 1031; x_wconf 63' lang='lat' dir='ltr'><strong><em>quae</em></strong></span> <span class='ocrx_word' id='word_1_53' title='bbox 875 966 1093 1022; x_wconf 87' lang='lat' dir='ltr'><strong><em>reddam</em></strong></span> <span class='ocrx_word' id='word_1_54' title='bbox 1150 972 1478 1034; x_wconf 76' lang='lat' dir='ltr'><strong><em>laudationis</em></strong></span> <span class='ocrx_word' id='word_1_55' title='bbox 1537 984 1650 1047; x_wconf 88' lang='lat' dir='ltr'><strong><em>tibi,</em></strong></span> <span class='ocrx_word' id='word_1_56' title='bbox 1676 988 1918 1054; x_wconf 78' lang='lat' dir='ltr'><strong><em>apertius</em></strong></span> <span class='ocrx_word' id='word_1_57' title='bbox 1967 988 2127 1062; x_wconf 77' lang='lat' dir='ltr'><strong><em>Sym-</em></strong></span> 
     </span>
    </p>
   </div>
   <div class='ocr_carea' id='block_1_9' title="bbox 549 1052 2124 1149">
    <p class='ocr_par' dir='ltr' id='par_1_9' title="bbox 549 1052 2124 1149">
     <span class='ocr_line' id='line_1_9' title="bbox 549 1052 2124 1149; baseline 0.023 -47"><span class='ocrx_word' id='word_1_58' title='bbox 549 1052 777 1110; x_wconf 88' lang='lat' dir='ltr'><strong><em>machus</em></strong></span> <span class='ocrx_word' id='word_1_59' title='bbox 827 1058 1219 1132; x_wconf 75' lang='lat' dir='ltr'><strong><em>interpretatus</em></strong></span> <span class='ocrx_word' id='word_1_60' title='bbox 1269 1078 1376 1136; x_wconf 88' lang='lat' dir='ltr'><strong><em>est,</em></strong></span> <span class='ocrx_word' id='word_1_61' title='bbox 1410 1073 1635 1130; x_wconf 88' lang='lat' dir='ltr'><strong><em>dicens:</em></strong></span> <span class='ocrx_word' id='word_1_62' title='bbox 1675 1052 1906 1148; x_wconf 67' lang='lat' dir='ltr'><strong><em>Recipio,</em></strong></span> <span class='ocrx_word' id='word_1_63' title='bbox 1960 1083 2124 1149; x_wconf 85' lang='lat' dir='ltr'><strong><em>Deus,</em></strong></span> 
     </span>
    </p>
   </div>
   <div class='ocr_carea' id='block_1_10' title="bbox 548 1159 2123 1234">
    <p class='ocr_par' dir='ltr' id='par_1_10' title="bbox 548 1159 2123 1234">
     <span class='ocr_line' id='line_1_10' title="bbox 548 1159 2123 1234; baseline 0.024 -39"><span class='ocrx_word' id='word_1_64' title='bbox 548 1159 666 1212; x_wconf 81' lang='lat' dir='ltr'><strong><em>qua:</em></strong></span> <span class='ocrx_word' id='word_1_65' title='bbox 712 1160 958 1214; x_wconf 78' lang='lat' dir='ltr'><strong><em>precatus</em></strong></span> <span class='ocrx_word' id='word_1_66' title='bbox 989 1171 1105 1210; x_wconf 89' lang='lat' dir='ltr'><strong><em>sum</em></strong></span> <span class='ocrx_word' id='word_1_67' title='bbox 1131 1171 1151 1211; x_wconf 88' lang='lat'><strong><em>.&#39;</em></strong></span> <span class='ocrx_word' id='word_1_68' title='bbox 1188 1161 1404 1216; x_wconf 83' lang='lat' dir='ltr'><strong><em>reddam</em></strong></span> <span class='ocrx_word' id='word_1_69' title='bbox 1439 1166 1772 1228; x_wconf 82' lang='lat' dir='ltr'><strong><em>laudationes</em></strong></span> <span class='ocrx_word' id='word_1_70' title='bbox 1830 1174 1947 1231; x_wconf 86' lang='lat' dir='ltr'><strong><em>tibi.</em></strong></span> <span class='ocrx_word' id='word_1_71' title='bbox 2004 1177 2123 1234; x_wconf 69' lang='lat' dir='ltr'><strong><em>Non</em></strong></span> 
     </span>
    </p>
   </div>
   <div class='ocr_carea' id='block_1_11' title="bbox 545 1237 2123 1335">
    <p class='ocr_par' dir='ltr' id='par_1_11' title="bbox 545 1237 2123 1335">
     <span class='ocr_line' id='line_1_11' title="bbox 545 1237 2123 1335; baseline 0.024 -47"><span class='ocrx_word' id='word_1_72' title='bbox 545 1237 694 1290; x_wconf 88' lang='lat' dir='ltr'><strong><em>enim</em></strong></span> <span class='ocrx_word' id='word_1_73' title='bbox 721 1241 947 1310; x_wconf 91' lang='lat' dir='ltr'><strong><em>oblitus,</em></strong></span> <span class='ocrx_word' id='word_1_74' title='bbox 974 1249 1071 1312; x_wconf 87' lang='lat' dir='ltr'><strong><em>ait,</em></strong></span> <span class='ocrx_word' id='word_1_75' title='bbox 1099 1265 1290 1308; x_wconf 89' lang='lat' dir='ltr'><strong><em>eorum</em></strong></span> <span class='ocrx_word' id='word_1_76' title='bbox 1327 1272 1447 1326; x_wconf 70' lang='lat' dir='ltr'><strong><em>qua:</em></strong></span> <span class='ocrx_word' id='word_1_77' title='bbox 1472 1271 1729 1328; x_wconf 85' lang='lat' dir='ltr'><strong><em>precatus</em></strong></span> <span class='ocrx_word' id='word_1_78' title='bbox 1757 1282 1877 1320; x_wconf 89' lang='lat' dir='ltr'><strong><em>sum</em></strong></span> <span class='ocrx_word' id='word_1_79' title='bbox 1903 1287 1917 1335; x_wconf 87' lang='lat'>;</span> <span class='ocrx_word' id='word_1_80' title='bbox 1947 1269 2042 1325; x_wconf 89' lang='lat' dir='ltr'><strong><em>sed</em></strong></span> <span class='ocrx_word' id='word_1_81' title='bbox 2071 1273 2123 1325; x_wconf 88' lang='lat' dir='ltr'><strong><em>in</em></strong></span> 
     </span>
    </p>
   </div>
   <div class='ocr_carea' id='block_1_12' title="bbox 544 1339 2122 1433">
    <p class='ocr_par' dir='ltr' id='par_1_12' title="bbox 544 1339 2122 1433">
     <span class='ocr_line' id='line_1_12' title="bbox 544 1339 2122 1433; baseline 0.026 -56"><span class='ocrx_word' id='word_1_82' title='bbox 544 1341 630 1381; x_wconf 87' lang='lat' dir='ltr'><strong><em>tne</em></strong></span> <span class='ocrx_word' id='word_1_83' title='bbox 653 1339 800 1394; x_wconf 88' lang='lat' dir='ltr'><strong><em>sunt,</em></strong></span> <span class='ocrx_word' id='word_1_84' title='bbox 831 1342 886 1388; x_wconf 88' lang='lat' dir='ltr'><strong><em>et</em></strong></span> <span class='ocrx_word' id='word_1_85' title='bbox 925 1339 1107 1393; x_wconf 85' lang='lat' dir='ltr'><strong><em>omnia</em></strong></span> <span class='ocrx_word' id='word_1_86' title='bbox 1139 1340 1196 1396; x_wconf 90' lang='lat' dir='ltr'><strong><em>in</em></strong></span> <span class='ocrx_word' id='word_1_87' title='bbox 1229 1349 1490 1401; x_wconf 77' lang='lat' dir='ltr'><strong><em>memoria</em></strong></span> <span class='ocrx_word' id='word_1_88' title='bbox 1525 1352 1734 1408; x_wconf 85' lang='lat' dir='ltr'><strong><em>retineo</em></strong></span> <span class='ocrx_word' id='word_1_89' title='bbox 1781 1373 2122 1433; x_wconf 68' lang='lat' dir='ltr'><strong><em>quaecunque</em></strong></span> 
     </span>
    </p>
   </div>
   <div class='ocr_carea' id='block_1_13' title="bbox 541 1425 2118 1521">
    <p class='ocr_par' dir='ltr' id='par_1_13' title="bbox 541 1425 2118 1521">
     <span class='ocr_line' id='line_1_13' title="bbox 541 1425 2118 1521; baseline 0.023 -49"><span class='ocrx_word' id='word_1_90' title='bbox 541 1425 816 1487; x_wconf 86' lang='lat' dir='ltr'><strong><em>precando</em></strong></span> <span class='ocrx_word' id='word_1_91' title='bbox 864 1433 1092 1497; x_wconf 88' lang='lat' dir='ltr'><strong><em>promisi</em></strong></span> <span class='ocrx_word' id='word_1_92' title='bbox 1144 1453 1155 1486; x_wconf 90' lang='lat'>:</span> <span class='ocrx_word' id='word_1_93' title='bbox 1209 1453 1329 1507; x_wconf 68' lang='lat' dir='ltr'><strong><em>quae</em></strong></span> <span class='ocrx_word' id='word_1_94' title='bbox 1381 1456 1480 1496; x_wconf 91' lang='lat' dir='ltr'><strong><em>ceu</em></strong></span> <span class='ocrx_word' id='word_1_95' title='bbox 1528 1425 1813 1514; x_wconf 19' lang='lat' dir='ltr'><strong><em>quoddam:</em></strong></span> <span class='ocrx_word' id='word_1_96' title='bbox 1849 1425 2118 1521; x_wconf 78' lang='lat' dir='ltr'><strong><em>debitum,</em></strong></span> 
     </span>
    </p>
   </div>
   <div class='ocr_carea' id='block_1_14' title="bbox 541 1510 2120 1600">
    <p class='ocr_par' dir='ltr' id='par_1_14' title="bbox 541 1510 2120 1600">
     <span class='ocr_line' id='line_1_14' title="bbox 541 1510 2120 1600; baseline 0.023 -37"><span class='ocrx_word' id='word_1_97' title='bbox 541 1510 747 1570; x_wconf 89' lang='lat' dir='ltr'><strong><em>hostias</em></strong></span> <span class='ocrx_word' id='word_1_98' title='bbox 774 1516 951 1576; x_wconf 91' lang='lat' dir='ltr'><strong><em>laudis</em></strong></span> <span class='ocrx_word' id='word_1_99' title='bbox 981 1522 1256 1582; x_wconf 79' lang='lat' dir='ltr'><strong><em>oﬂ‘erendo</em></strong></span> <span class='ocrx_word' id='word_1_100' title='bbox 1305 1533 1632 1600; x_wconf 73' lang='lat' dir='ltr'><strong><em>persolvant,</em></strong></span> <span class='ocrx_word' id='word_1_101' title='bbox 1674 1542 1974 1596; x_wconf 89' lang='lat' dir='ltr'><strong><em>secundum</em></strong></span> <span class='ocrx_word' id='word_1_102' title='bbox 2006 1547 2120 1600; x_wconf 89' lang='lat' dir='ltr'><strong><em>elo-</em></strong></span> 
     </span>
    </p>
   </div>
   <div class='ocr_carea' id='block_1_15' title="bbox 536 1605 2118 1697">
    <p class='ocr_par' dir='ltr' id='par_1_15' title="bbox 536 1605 2118 1697">
     <span class='ocr_line' id='line_1_15' title="bbox 536 1605 2118 1697; baseline 0.023 -41"><span class='ocrx_word' id='word_1_103' title='bbox 536 1605 727 1672; x_wconf 90' lang='lat' dir='ltr'><strong><em>quium</em></strong></span> <span class='ocrx_word' id='word_1_104' title='bbox 755 1608 884 1666; x_wconf 86' lang='lat' dir='ltr'><strong><em>illud</em></strong></span> <span class='ocrx_word' id='word_1_105' title='bbox 908 1633 920 1667; x_wconf 92' lang='lat'>:</span> <span class='ocrx_word' id='word_1_106' title='bbox 944 1613 1174 1671; x_wconf 84' lang='lat' dir='ltr'><strong><em>Immola</em></strong></span> <span class='ocrx_word' id='word_1_107' title='bbox 1199 1619 1304 1675; x_wconf 90' lang='lat' dir='ltr'><strong><em>Deo</em></strong></span> <span class='ocrx_word' id='word_1_108' title='bbox 1323 1627 1645 1694; x_wconf 85' lang='lat' dir='ltr'><strong><em>sacriﬁcium</em></strong></span> <span class='ocrx_word' id='word_1_109' title='bbox 1669 1631 1868 1697; x_wconf 83' lang='lat' dir='ltr'><strong><em>laudis,</em></strong></span> <span class='ocrx_word' id='word_1_110' title='bbox 1889 1645 1939 1689; x_wconf 87' lang='lat' dir='ltr'><strong><em>et</em></strong></span> <span class='ocrx_word' id='word_1_111' title='bbox 1963 1639 2118 1693; x_wconf 88' lang='lat' dir='ltr'><strong><em>redde</em></strong></span> 
     </span>
    </p>
   </div>
   <div class='ocr_carea' id='block_1_16' title="bbox 536 1692 2116 1789">
    <p class='ocr_par' dir='ltr' id='par_1_16' title="bbox 536 1692 2116 1789">
     <span class='ocr_line' id='line_1_16' title="bbox 536 1692 2116 1789; baseline 0.024 -42"><span class='ocrx_word' id='word_1_112' title='bbox 536 1692 763 1753; x_wconf 87' lang='lat' dir='ltr'><strong><em>Domino</em></strong></span> <span class='ocrx_word' id='word_1_113' title='bbox 795 1713 915 1758; x_wconf 81' lang='lat' dir='ltr'><strong><em>vota</em></strong></span> <span class='ocrx_word' id='word_1_114' title='bbox 946 1717 1034 1760; x_wconf 84' lang='lat' dir='ltr'><strong><em>tua</em></strong></span> <span class='ocrx_word' id='word_1_115' title='bbox 1060 1711 1122 1767; x_wconf 81' lang='grc'><strong><em>¹⁹.</em></strong></span> <span class='ocrx_word' id='word_1_116' title='bbox 1148 1711 1380 1769; x_wconf 74' lang='lat' dir='ltr'><strong><em>Olieram</em></strong></span> <span class='ocrx_word' id='word_1_117' title='bbox 1405 1692 1588 1789; x_wconf 83' lang='lat' dir='ltr'><strong><em>itaque</em></strong></span> <span class='ocrx_word' id='word_1_118' title='bbox 1612 1723 1706 1777; x_wconf 88' lang='lat' dir='ltr'><strong><em>tibi</em></strong></span> <span class='ocrx_word' id='word_1_119' title='bbox 1735 1724 1973 1782; x_wconf 88' lang='lat' dir='ltr'><strong><em>hostiam</em></strong></span> <span class='ocrx_word' id='word_1_120' title='bbox 1999 1730 2116 1784; x_wconf 87' lang='lat' dir='ltr'><strong><em>lau-</em></strong></span> 
     </span>
    </p>
   </div>
   <div class='ocr_carea' id='block_1_17' title="bbox 534 1785 2110 1880">
    <p class='ocr_par' dir='ltr' id='par_1_17' title="bbox 534 1785 2110 1880">
     <span class='ocr_line' id='line_1_17' title="bbox 534 1785 2110 1880; baseline 0.025 -42"><span class='ocrx_word' id='word_1_121' title='bbox 534 1785 642 1854; x_wconf 85' lang='lat' dir='ltr'><strong><em>dis,</em></strong></span> <span class='ocrx_word' id='word_1_122' title='bbox 675 1796 863 1861; x_wconf 87' lang='lat' dir='ltr'><strong><em>utpote</em></strong></span> <span class='ocrx_word' id='word_1_123' title='bbox 893 1800 1150 1857; x_wconf 91' lang='lat' dir='ltr'><strong><em>conscius</em></strong></span> <span class='ocrx_word' id='word_1_124' title='bbox 1183 1819 1270 1859; x_wconf 89' lang='lat' dir='ltr'><strong><em>me</em></strong></span> <span class='ocrx_word' id='word_1_125' title='bbox 1305 1807 1475 1862; x_wconf 92' lang='lat' dir='ltr'><strong><em>multa</em></strong></span> <span class='ocrx_word' id='word_1_126' title='bbox 1506 1827 1604 1880; x_wconf 90' lang='lat' dir='ltr'><strong><em>pro</em></strong></span> <span class='ocrx_word' id='word_1_127' title='bbox 1641 1815 1818 1871; x_wconf 81' lang='lat' dir='ltr'><strong><em>salute</em></strong></span> <span class='ocrx_word' id='word_1_128' title='bbox 1851 1834 1971 1873; x_wconf 87' lang='lat' dir='ltr'><strong><em>mea</em></strong></span> <span class='ocrx_word' id='word_1_129' title='bbox 2012 1821 2110 1877; x_wconf 87' lang='lat' dir='ltr'><strong><em>de-</em></strong></span> 
     </span>
    </p>
   </div>
   <div class='ocr_carea' id='block_1_18' title="bbox 532 1874 2108 1968">
    <p class='ocr_par' dir='ltr' id='par_1_18' title="bbox 532 1874 2108 1968">
     <span class='ocr_line' id='line_1_18' title="bbox 532 1874 2108 1968; baseline 0.025 -41"><span class='ocrx_word' id='word_1_130' title='bbox 532 1874 683 1933; x_wconf 85' lang='lat' dir='ltr'><strong><em>bere.</em></strong></span> <span class='ocrx_word' id='word_1_131' title='bbox 719 1877 899 1950; x_wconf 87' lang='lat' dir='ltr'><strong><em>Ipsam</em></strong></span> <span class='ocrx_word' id='word_1_132' title='bbox 927 1897 1076 1944; x_wconf 88' lang='lat' dir='ltr'><strong><em>certe</em></strong></span> <span class='ocrx_word' id='word_1_133' title='bbox 1092 1892 1330 1949; x_wconf 87' lang='lat' dir='ltr'><strong><em>animam</em></strong></span> <span class='ocrx_word' id='word_1_134' title='bbox 1356 1913 1534 1955; x_wconf 88' lang='lat' dir='ltr'><strong><em>meam</em></strong></span> <span class='ocrx_word' id='word_1_135' title='bbox 1567 1916 1598 1955; x_wconf 89' lang='lat' dir='ltr'><strong><em>a</em></strong></span> <span class='ocrx_word' id='word_1_136' title='bbox 1631 1913 1806 1960; x_wconf 89' lang='lat' dir='ltr'><strong><em>morte</em></strong></span> <span class='ocrx_word' id='word_1_137' title='bbox 1842 1907 2108 1968; x_wconf 85' lang='lat' dir='ltr'><strong><em>liberasti.</em></strong></span> 
     </span>
    </p>
   </div>
   <div class='ocr_carea' id='block_1_19' title="bbox 528 1964 2111 2068">
    <p class='ocr_par' dir='ltr' id='par_1_19' title="bbox 528 1964 2111 2068">
     <span class='ocr_line' id='line_1_19' title="bbox 528 1964 2111 2068; baseline 0.026 -50"><span class='ocrx_word' id='word_1_138' title='bbox 528 1964 664 2022; x_wconf 86' lang='lat' dir='ltr'><strong><em>Nam</em></strong></span> <span class='ocrx_word' id='word_1_139' title='bbox 698 1969 908 2030; x_wconf 84' lang='lat' dir='ltr'><strong><em>inimici</em></strong></span> <span class='ocrx_word' id='word_1_140' title='bbox 961 1982 1068 2036; x_wconf 89' lang='lat' dir='ltr'><strong><em>mei</em></strong></span> <span class='ocrx_word' id='word_1_141' title='bbox 1117 1999 1218 2052; x_wconf 87' lang='lat' dir='ltr'><strong><em>pro</em></strong></span> <span class='ocrx_word' id='word_1_142' title='bbox 1254 1987 1463 2044; x_wconf 84' lang='lat' dir='ltr'><strong><em>viribus</em></strong></span> <span class='ocrx_word' id='word_1_143' title='bbox 1508 1991 1685 2062; x_wconf 88' lang='lat' dir='ltr'><strong><em>ipsam</em></strong></span> <span class='ocrx_word' id='word_1_144' title='bbox 1731 1999 2027 2068; x_wconf 90' lang='lat' dir='ltr'><strong><em>pellebant,</em></strong></span> <span class='ocrx_word' id='word_1_145' title='bbox 2056 2012 2111 2059; x_wconf 85' lang='lat' dir='ltr'><strong><em>et</em></strong></span> 
     </span>
    </p>
   </div>
   <div class='ocr_carea' id='block_1_20' title="bbox 525 2063 2109 2166">
    <p class='ocr_par' dir='ltr' id='par_1_20' title="bbox 525 2063 2109 2166">
     <span class='ocr_line' id='line_1_20' title="bbox 525 2063 2109 2166; baseline 0.026 -56"><span class='ocrx_word' id='word_1_146' title='bbox 525 2070 726 2129; x_wconf 75' lang='lat' dir='ltr'><strong><em>magna</em></strong></span> <span class='ocrx_word' id='word_1_147' title='bbox 750 2063 804 2118; x_wconf 92' lang='lat' dir='ltr'><strong><em>vi</em></strong></span> <span class='ocrx_word' id='word_1_148' title='bbox 835 2070 1106 2137; x_wconf 69' lang='lat' dir='ltr'><strong><em>curabant</em></strong></span> <span class='ocrx_word' id='word_1_149' title='bbox 1135 2089 1252 2129; x_wconf 88' lang='lat' dir='ltr'><strong><em>eam</em></strong></span> <span class='ocrx_word' id='word_1_150' title='bbox 1293 2077 1347 2133; x_wconf 88' lang='lat' dir='ltr'><strong><em>in</em></strong></span> <span class='ocrx_word' id='word_1_151' title='bbox 1377 2090 1611 2138; x_wconf 90' lang='lat' dir='ltr'><strong><em>mortem</em></strong></span> <span class='ocrx_word' id='word_1_152' title='bbox 1647 2087 1908 2156; x_wconf 86' lang='lat' dir='ltr'><strong><em>dejicere.</em></strong></span> <span class='ocrx_word' id='word_1_153' title='bbox 1928 2094 2109 2166; x_wconf 88' lang='lat' dir='ltr'><strong><em>Siqui-</em></strong></span> 
     </span>
    </p>
   </div>
   <div class='ocr_carea' id='block_1_21' title="bbox 527 2147 2106 2246">
    <p class='ocr_par' dir='ltr' id='par_1_21' title="bbox 527 2147 2106 2246">
     <span class='ocr_line' id='line_1_21' title="bbox 527 2147 2106 2246; baseline 0.025 -44"><span class='ocrx_word' id='word_1_154' title='bbox 527 2147 652 2204; x_wconf 84' lang='lat' dir='ltr'><strong><em>dem</em></strong></span> <span class='ocrx_word' id='word_1_155' title='bbox 679 2150 808 2208; x_wconf 90' lang='lat' dir='ltr'><strong><em>dum</em></strong></span> <span class='ocrx_word' id='word_1_156' title='bbox 837 2172 924 2212; x_wconf 92' lang='lat' dir='ltr'><strong><em>me</em></strong></span> <span class='ocrx_word' id='word_1_157' title='bbox 951 2161 1235 2230; x_wconf 85' lang='lat' dir='ltr'><strong><em>pellerent,</em></strong></span> <span class='ocrx_word' id='word_1_158' title='bbox 1264 2180 1631 2246; x_wconf 75' lang='lat' dir='ltr'><strong><em>cogeremque</em></strong></span> <span class='ocrx_word' id='word_1_159' title='bbox 1663 2147 1730 2233; x_wconf 87' lang='lat' dir='ltr'><strong><em>ad</em></strong></span> <span class='ocrx_word' id='word_1_160' title='bbox 1753 2147 2106 2240; x_wconf 72' lang='lat' dir='ltr'><strong><em>habitandum</em></strong></span> 
     </span>
    </p>
   </div>
   <div class='ocr_carea' id='block_1_22' title="bbox 527 2238 2102 2344">
    <p class='ocr_par' dir='ltr' id='par_1_22' title="bbox 527 2238 2102 2344">
     <span class='ocr_line' id='line_1_22' title="bbox 527 2238 2102 2344; baseline 0.025 -50"><span class='ocrx_word' id='word_1_161' title='bbox 527 2238 583 2294; x_wconf 86' lang='lat' dir='ltr'><strong><em>in</em></strong></span> <span class='ocrx_word' id='word_1_162' title='bbox 617 2242 798 2297; x_wconf 90' lang='lat' dir='ltr'><strong><em>medio</em></strong></span> <span class='ocrx_word' id='word_1_163' title='bbox 827 2247 1230 2322; x_wconf 84' lang='lat' dir='ltr'><strong><em>allophylorum</em></strong></span> <span class='ocrx_word' id='word_1_164' title='bbox 1269 2268 1324 2314; x_wconf 91' lang='lat' dir='ltr'><strong><em>et</em></strong></span> <span class='ocrx_word' id='word_1_165' title='bbox 1347 2238 1805 2337; x_wconf 62' lang='lat' dir='ltr'><strong><em>alienigenarum,</em></strong></span> <span class='ocrx_word' id='word_1_166' title='bbox 1840 2285 2102 2344; x_wconf 86' lang='lat' dir='ltr'><strong><em>quantum</em></strong></span> 
     </span>
    </p>
   </div>
   <div class='ocr_carea' id='block_1_23' title="bbox 527 2329 2103 2435">
    <p class='ocr_par' dir='ltr' id='par_1_23' title="bbox 527 2329 2103 2435">
     <span class='ocr_line' id='line_1_23' title="bbox 527 2329 2103 2435; baseline 0.029 -53"><span class='ocrx_word' id='word_1_167' title='bbox 527 2329 586 2383; x_wconf 88' lang='lat' dir='ltr'><strong><em>in</em></strong></span> <span class='ocrx_word' id='word_1_168' title='bbox 613 2330 749 2400; x_wconf 91' lang='lat' dir='ltr'><strong><em>ipsis</em></strong></span> <span class='ocrx_word' id='word_1_169' title='bbox 782 2345 900 2391; x_wconf 88' lang='lat' dir='ltr'><strong><em>erat</em></strong></span> <span class='ocrx_word' id='word_1_170' title='bbox 924 2343 1164 2400; x_wconf 90' lang='lat' dir='ltr'><strong><em>animam</em></strong></span> <span class='ocrx_word' id='word_1_171' title='bbox 1198 2353 1502 2410; x_wconf 85' lang='lat' dir='ltr'><strong><em>enecabant</em></strong></span> <span class='ocrx_word' id='word_1_172' title='bbox 1535 2374 1708 2415; x_wconf 88' lang='lat' dir='ltr'><strong><em>meam</em></strong></span> <span class='ocrx_word' id='word_1_173' title='bbox 1736 2381 1750 2430; x_wconf 93' lang='lat'>;</span> <span class='ocrx_word' id='word_1_174' title='bbox 1791 2369 2103 2435; x_wconf 82' lang='lat' dir='ltr'><strong><em>proximum</em></strong></span> 
     </span>
    </p>
   </div>
   <div class='ocr_carea' id='block_1_24' title="bbox 524 2421 2103 2522">
    <p class='ocr_par' dir='ltr' id='par_1_24' title="bbox 524 2421 2103 2522">
     <span class='ocr_line' id='line_1_24' title="bbox 524 2421 2103 2522; baseline 0.03 -49"><span class='ocrx_word' id='word_1_175' title='bbox 524 2421 725 2493; x_wconf 89' lang='lat' dir='ltr'><strong><em>quippe</em></strong></span> <span class='ocrx_word' id='word_1_176' title='bbox 749 2436 866 2482; x_wconf 91' lang='lat' dir='ltr'><strong><em>erat</em></strong></span> <span class='ocrx_word' id='word_1_177' title='bbox 894 2440 950 2487; x_wconf 93' lang='lat' dir='ltr'><strong><em>ut</em></strong></span> <span class='ocrx_word' id='word_1_178' title='bbox 978 2433 1048 2488; x_wconf 90' lang='lat' dir='ltr'><strong><em>ad</em></strong></span> <span class='ocrx_word' id='word_1_179' title='bbox 1082 2437 1478 2514; x_wconf 89' lang='lat' dir='ltr'><strong><em>allophylorum</em></strong></span> <span class='ocrx_word' id='word_1_180' title='bbox 1531 2421 1907 2515; x_wconf 12' lang='lat' dir='ltr'><strong><em>idololatriami</em></strong></span> 
     </span>
    </p>
   </div>
   <div class='ocr_carea' id='block_1_25' title="bbox 523 2513 2102 2628">
    <p class='ocr_par' dir='ltr' id='par_1_25' title="bbox 523 2513 2102 2628">
     <span class='ocr_line' id='line_1_25' title="bbox 523 2513 2102 2628; baseline 0.031 -62"><span class='ocrx_word' id='word_1_181' title='bbox 523 2513 731 2582; x_wconf 90' lang='lat' dir='ltr'><strong><em>derem,</em></strong></span> <span class='ocrx_word' id='word_1_182' title='bbox 788 2520 842 2576; x_wconf 93' lang='lat' dir='ltr'><strong><em>in</em></strong></span> <span class='ocrx_word' id='word_1_183' title='bbox 889 2526 1069 2583; x_wconf 90' lang='lat' dir='ltr'><strong><em>medio</em></strong></span> <span class='ocrx_word' id='word_1_184' title='bbox 1112 2513 1302 2590; x_wconf 86' lang='lat' dir='ltr'><strong><em>eorum</em></strong></span> <span class='ocrx_word' id='word_1_185' title='bbox 1363 2539 1660 2601; x_wconf 85' lang='lat' dir='ltr'><strong><em>habitans:</em></strong></span> <span class='ocrx_word' id='word_1_186' title='bbox 1691 2566 1800 2620; x_wconf 89' lang='lat' dir='ltr'><strong><em>quo</em></strong></span> <span class='ocrx_word' id='word_1_187' title='bbox 1858 2561 2102 2628; x_wconf 89' lang='lat' dir='ltr'><strong><em>tempore</em></strong></span> 
     </span>
     <span class='ocr_line' id='line_1_26' title="bbox 525 2604 1138 2628; baseline 0.028 -4"><span class='ocrx_word' id='word_1_188' title='bbox 525 2604 666 2628; x_wconf 60' lang='grc' dir='ltr'><strong><em>...υ-ΑΙ</em></strong></span> <span class='ocrx_word' id='word_1_189' title='bbox 705 2607 867 2628; x_wconf 47' lang='grc' dir='ltr'>ι-ιην</span> <span class='ocrx_word' id='word_1_190' title='bbox 923 2613 935 2624; x_wconf 87' lang='grc'>⁶</span> <span class='ocrx_word' id='word_1_191' title='bbox 1024 2617 1058 2628; x_wconf 66' lang='grc' dir='ltr'><strong><em>Α·</em></strong></span> <span class='ocrx_word' id='word_1_192' title='bbox 1106 2620 1138 2628; x_wconf 48' lang='grc' dir='ltr'><strong><em>ί*</em></strong></span> 
     </span>
    </p>
   </div>
   <div class='ocr_carea' id='block_1_26' title="bbox 518 2790 2093 2884">
    <p class='ocr_par' dir='ltr' id='par_1_26' title="bbox 518 2790 2093 2884">
     <span class='ocr_line' id='line_1_27' title="bbox 518 2790 2093 2884; baseline 0.027 -43"><span class='ocrx_word' id='word_1_193' title='bbox 518 2790 703 2845; x_wconf 84' lang='lat' dir='ltr'><strong><em>anima</em></strong></span> <span class='ocrx_word' id='word_1_194' title='bbox 730 2805 981 2855; x_wconf 87' lang='lat' dir='ltr'><strong><em>mortuus</em></strong></span> <span class='ocrx_word' id='word_1_195' title='bbox 1010 2817 1185 2860; x_wconf 86' lang='lat' dir='ltr'><strong><em>essem</em></strong></span> <span class='ocrx_word' id='word_1_196' title='bbox 1213 2825 1226 2860; x_wconf 92' lang='lat'>:</span> <span class='ocrx_word' id='word_1_197' title='bbox 1260 2811 1355 2864; x_wconf 89' lang='lat' dir='ltr'><strong><em>sed</em></strong></span> <span class='ocrx_word' id='word_1_198' title='bbox 1405 2816 1580 2883; x_wconf 77' lang='lat' dir='ltr'><strong><em>gratia</em></strong></span> <span class='ocrx_word' id='word_1_199' title='bbox 1630 2827 1685 2874; x_wconf 87' lang='lat' dir='ltr'><strong><em>et</em></strong></span> <span class='ocrx_word' id='word_1_200' title='bbox 1715 2822 2093 2884; x_wconf 86' lang='lat' dir='ltr'><strong><em>misericordia</em></strong></span> 
     </span>
    </p>
   </div>
   <div class='ocr_carea' id='block_1_27' title="bbox 508 3431 2084 3523">
    <p class='ocr_par' dir='ltr' id='par_1_27' title="bbox 508 3431 2084 3523">
     <span class='ocr_line' id='line_1_28' title="bbox 508 3431 2084 3523; baseline 0.029 -45"><span class='ocrx_word' id='word_1_201' title='bbox 508 3440 665 3495; x_wconf 86' lang='lat' dir='ltr'><strong><em>psus,</em></strong></span> <span class='ocrx_word' id='word_1_202' title='bbox 691 3437 747 3484; x_wconf 89' lang='lat' dir='ltr'><strong><em>et</em></strong></span> <span class='ocrx_word' id='word_1_203' title='bbox 775 3431 985 3490; x_wconf 87' lang='lat' dir='ltr'><strong><em>lubrica</em></strong></span> <span class='ocrx_word' id='word_1_204' title='bbox 1037 3438 1095 3494; x_wconf 92' lang='lat' dir='ltr'><strong><em>in</em></strong></span> <span class='ocrx_word' id='word_1_205' title='bbox 1145 3441 1263 3498; x_wconf 89' lang='lat' dir='ltr'><strong><em>loca</em></strong></span> <span class='ocrx_word' id='word_1_206' title='bbox 1305 3446 1575 3522; x_wconf 82' lang='lat' dir='ltr'><strong><em>dejectus,</em></strong></span> <span class='ocrx_word' id='word_1_207' title='bbox 1602 3459 1814 3516; x_wconf 89' lang='lat' dir='ltr'><strong><em>medius</em></strong></span> <span class='ocrx_word' id='word_1_208' title='bbox 1859 3466 2084 3523; x_wconf 88' lang='lat' dir='ltr'><strong><em>relictus</em></strong></span> 
     </span>
    </p>
   </div>
   <div class='ocr_carea' id='block_1_28' title="bbox 508 3518 2083 3614">
    <p class='ocr_par' dir='ltr' id='par_1_28' title="bbox 508 3518 2083 3614">
     <span class='ocr_line' id='line_1_29' title="bbox 508 3518 2083 3614; baseline 0.027 -44"><span class='ocrx_word' id='word_1_209' title='bbox 508 3518 655 3574; x_wconf 89' lang='lat' dir='ltr'><strong><em>inter</em></strong></span> <span class='ocrx_word' id='word_1_210' title='bbox 682 3525 980 3612; x_wconf 46' lang='lat' dir='ltr'><strong><em>tot’atheos</em></strong></span> <span class='ocrx_word' id='word_1_211' title='bbox 1004 3538 1060 3586; x_wconf 89' lang='lat' dir='ltr'><strong><em>et</em></strong></span> <span class='ocrx_word' id='word_1_212' title='bbox 1097 3531 1421 3597; x_wconf 88' lang='lat' dir='ltr'><strong><em>idololatras</em></strong></span> <span class='ocrx_word' id='word_1_213' title='bbox 1447 3518 1633 3601; x_wconf 86' lang='lat' dir='ltr'><strong><em>viros?</em></strong></span> <span class='ocrx_word' id='word_1_214' title='bbox 1656 3547 1858 3607; x_wconf 77' lang='lat' dir='ltr'><strong><em>Verum</em></strong></span> <span class='ocrx_word' id='word_1_215' title='bbox 1894 3555 1949 3609; x_wconf 90' lang='lat' dir='ltr'><strong><em>in</em></strong></span> <span class='ocrx_word' id='word_1_216' title='bbox 1981 3556 2083 3614; x_wconf 86' lang='lat' dir='ltr'><strong><em>hac</em></strong></span> 
     </span>
    </p>
   </div>
   <div class='ocr_carea' id='block_1_29' title="bbox 506 3616 2078 3714">
    <p class='ocr_par' dir='ltr' id='par_1_29' title="bbox 506 3616 2078 3714">
     <span class='ocr_line' id='line_1_30' title="bbox 506 3616 2078 3714; baseline 0.027 -50"><span class='ocrx_word' id='word_1_217' title='bbox 506 3625 690 3666; x_wconf 88' lang='lat' dir='ltr'><strong><em>rerum</em></strong></span> <span class='ocrx_word' id='word_1_218' title='bbox 714 3616 1030 3676; x_wconf 87' lang='lat' dir='ltr'><strong><em>conditione</em></strong></span> <span class='ocrx_word' id='word_1_219' title='bbox 1055 3623 1243 3680; x_wconf 87' lang='lat' dir='ltr'><strong><em>aderat</em></strong></span> <span class='ocrx_word' id='word_1_220' title='bbox 1275 3630 1652 3694; x_wconf 87' lang='lat' dir='ltr'><strong><em>misericordia</em></strong></span> <span class='ocrx_word' id='word_1_221' title='bbox 1677 3648 1731 3696; x_wconf 87' lang='lat' dir='ltr'><strong><em>et</em></strong></span> <span class='ocrx_word' id='word_1_222' title='bbox 1757 3646 1931 3714; x_wconf 78' lang='lat' dir='ltr'><strong><em>gratia</em></strong></span> <span class='ocrx_word' id='word_1_223' title='bbox 1964 3656 2078 3714; x_wconf 85' lang='lat' dir='ltr'><strong><em>tua.</em></strong></span> 
     </span>
    </p>
   </div>
   <div class='ocr_carea' id='block_1_30' title="bbox 509 3709 2080 3800">
    <p class='ocr_par' dir='ltr' id='par_1_30' title="bbox 509 3709 2080 3800">
     <span class='ocr_line' id='line_1_31' title="bbox 509 3709 2080 3800; baseline 0.027 -44"><span class='ocrx_word' id='word_1_224' title='bbox 509 3717 711 3762; x_wconf 86' lang='lat' dir='ltr'><strong><em>eruens</em></strong></span> <span class='ocrx_word' id='word_1_225' title='bbox 747 3709 912 3778; x_wconf 87' lang='lat' dir='ltr'><strong><em>pedes</em></strong></span> <span class='ocrx_word' id='word_1_226' title='bbox 953 3729 1105 3773; x_wconf 89' lang='lat' dir='ltr'><strong><em>meos</em></strong></span> <span class='ocrx_word' id='word_1_227' title='bbox 1133 3719 1201 3775; x_wconf 89' lang='lat' dir='ltr'><strong><em>de</em></strong></span> <span class='ocrx_word' id='word_1_228' title='bbox 1231 3721 1418 3793; x_wconf 90' lang='lat' dir='ltr'><strong><em>lapsu;</em></strong></span> <span class='ocrx_word' id='word_1_229' title='bbox 1471 3744 1647 3800; x_wconf 88' lang='lat' dir='ltr'><strong><em>neque</em></strong></span> <span class='ocrx_word' id='word_1_230' title='bbox 1697 3737 1843 3791; x_wconf 90' lang='lat' dir='ltr'><strong><em>enim</em></strong></span> <span class='ocrx_word' id='word_1_231' title='bbox 1891 3741 2080 3800; x_wconf 84' lang='lat' dir='ltr'><strong><em>virtuti</em></strong></span> 
     </span>
    </p>
   </div>
   <div class='ocr_carea' id='block_1_31' title="bbox 506 3794 2076 3904">
    <p class='ocr_par' dir='ltr' id='par_1_31' title="bbox 506 3794 2076 3904">
     <span class='ocr_line' id='line_1_32' title="bbox 506 3794 2076 3904; baseline 0.026 -55"><span class='ocrx_word' id='word_1_232' title='bbox 506 3794 623 3851; x_wconf 69' lang='lat' dir='ltr'><strong><em>haec</em></strong></span> <span class='ocrx_word' id='word_1_233' title='bbox 648 3802 866 3857; x_wconf 88' lang='lat' dir='ltr'><strong><em>ascribo</em></strong></span> <span class='ocrx_word' id='word_1_234' title='bbox 895 3820 1064 3875; x_wconf 58' lang='lat' dir='ltr'><strong><em>mea};</em></strong></span> <span class='ocrx_word' id='word_1_235' title='bbox 1099 3812 1227 3881; x_wconf 89' lang='lat' dir='ltr'><strong><em>quia</em></strong></span> <span class='ocrx_word' id='word_1_236' title='bbox 1262 3829 1371 3871; x_wconf 88' lang='lat' dir='ltr'><strong><em>non</em></strong></span> <span class='ocrx_word' id='word_1_237' title='bbox 1400 3817 1476 3873; x_wconf 90' lang='lat' dir='ltr'><strong><em>ita</em></strong></span> <span class='ocrx_word' id='word_1_238' title='bbox 1511 3821 1668 3881; x_wconf 81' lang='lat' dir='ltr'><strong><em>fortis</em></strong></span> <span class='ocrx_word' id='word_1_239' title='bbox 1701 3829 1886 3885; x_wconf 90' lang='lat' dir='ltr'><strong><em>animo</em></strong></span> <span class='ocrx_word' id='word_1_240' title='bbox 1905 3848 2076 3904; x_wconf 84' lang='lat' dir='ltr'><strong><em>eram,</em></strong></span> 
     </span>
    </p>
   </div>
   <div class='ocr_carea' id='block_1_32' title="bbox 503 3891 2074 3982">
    <p class='ocr_par' dir='ltr' id='par_1_32' title="bbox 503 3891 2074 3982">
     <span class='ocr_line' id='line_1_33' title="bbox 503 3891 2074 3982; baseline 0.024 -36"><span class='ocrx_word' id='word_1_241' title='bbox 503 3896 566 3946; x_wconf 85' lang='lat' dir='ltr'><strong><em>ut</em></strong></span> <span class='ocrx_word' id='word_1_242' title='bbox 589 3891 947 3954; x_wconf 87' lang='lat' dir='ltr'><strong><em>immutabilis</em></strong></span> <span class='ocrx_word' id='word_1_243' title='bbox 975 3916 1274 3971; x_wconf 87' lang='lat' dir='ltr'><strong><em>manerem,</em></strong></span> <span class='ocrx_word' id='word_1_244' title='bbox 1299 3923 1426 3965; x_wconf 88' lang='lat' dir='ltr'><strong><em>cum</em></strong></span> <span class='ocrx_word' id='word_1_245' title='bbox 1470 3913 1527 3968; x_wconf 89' lang='lat' dir='ltr'><strong><em>in</em></strong></span> <span class='ocrx_word' id='word_1_246' title='bbox 1575 3918 1814 3976; x_wconf 89' lang='lat' dir='ltr'><strong><em>medium</em></strong></span> <span class='ocrx_word' id='word_1_247' title='bbox 1845 3932 1925 3979; x_wconf 89' lang='lat' dir='ltr'><strong><em>tot</em></strong></span> <span class='ocrx_word' id='word_1_248' title='bbox 1973 3891 2074 3982; x_wconf 55' lang='lat' dir='ltr'><strong><em>ho:</em></strong></span> 
     </span>
    </p>
   </div>
   <div class='ocr_carea' id='block_1_33' title="bbox 499 3981 2072 4076">
    <p class='ocr_par' dir='ltr' id='par_1_33' title="bbox 499 3981 2072 4076">
     <span class='ocr_line' id='line_1_34' title="bbox 499 3981 2072 4076; baseline 0.026 -40"><span class='ocrx_word' id='word_1_249' title='bbox 499 3981 712 4041; x_wconf 90' lang='lat' dir='ltr'><strong><em>minum</em></strong></span> <span class='ocrx_word' id='word_1_250' title='bbox 763 3987 1055 4050; x_wconf 83' lang='lat' dir='ltr'><strong><em>devolutus</em></strong></span> <span class='ocrx_word' id='word_1_251' title='bbox 1107 4011 1306 4066; x_wconf 89' lang='lat' dir='ltr'><strong><em>essem,</em></strong></span> <span class='ocrx_word' id='word_1_252' title='bbox 1337 4005 1444 4060; x_wconf 87' lang='lat' dir='ltr'><strong><em>nisi</em></strong></span> <span class='ocrx_word' id='word_1_253' title='bbox 1502 4014 1560 4062; x_wconf 91' lang='lat' dir='ltr'><strong><em>tu</em></strong></span> <span class='ocrx_word' id='word_1_254' title='bbox 1602 4013 1807 4069; x_wconf 84' lang='lat' dir='ltr'><strong><em>auxilio</em></strong></span> <span class='ocrx_word' id='word_1_255' title='bbox 1851 4017 2072 4076; x_wconf 82' lang='lat' dir='ltr'><strong><em>fuisses.</em></strong></span> 
     </span>
    </p>
   </div>
   <div class='ocr_carea' id='block_1_34' title="bbox 500 4074 2073 4182">
    <p class='ocr_par' dir='ltr' id='par_1_34' title="bbox 500 4074 2073 4182">
     <span class='ocr_line' id='line_1_35' title="bbox 500 4074 2073 4182; baseline 0.024 -52"><span class='ocrx_word' id='word_1_256' title='bbox 500 4074 680 4142; x_wconf 84' lang='lat' dir='ltr'><strong><em>Quare</em></strong></span> <span class='ocrx_word' id='word_1_257' title='bbox 703 4085 968 4141; x_wconf 83' lang='lat' dir='ltr'><strong><em>conﬁtens</em></strong></span> <span class='ocrx_word' id='word_1_258' title='bbox 998 4091 1204 4157; x_wconf 79' lang='lat' dir='ltr'><strong><em>gratias</em></strong></span> <span class='ocrx_word' id='word_1_259' title='bbox 1235 4109 1357 4166; x_wconf 78' lang='lat' dir='ltr'><strong><em>ago,</em></strong></span> <span class='ocrx_word' id='word_1_260' title='bbox 1395 4101 1655 4169; x_wconf 87' lang='lat' dir='ltr'><strong><em>quoniam</em></strong></span> <span class='ocrx_word' id='word_1_261' title='bbox 1693 4107 1944 4178; x_wconf 86' lang='lat' dir='ltr'><strong><em>eripuisti</em></strong></span> <span class='ocrx_word' id='word_1_262' title='bbox 1977 4129 2073 4182; x_wconf 82' lang='lat' dir='ltr'><strong><em>pe-</em></strong></span> 
     </span>
    </p>
   </div>
   <div class='ocr_carea' id='block_1_35' title="bbox 497 4169 2073 4261">
    <p class='ocr_par' dir='ltr' id='par_1_35' title="bbox 497 4169 2073 4261">
     <span class='ocr_line' id='line_1_36' title="bbox 497 4169 2073 4261; baseline 0.025 -39"><span class='ocrx_word' id='word_1_263' title='bbox 497 4169 594 4225; x_wconf 85' lang='lat' dir='ltr'><strong><em>des</em></strong></span> <span class='ocrx_word' id='word_1_264' title='bbox 637 4187 787 4230; x_wconf 89' lang='lat' dir='ltr'><strong><em>meos</em></strong></span> <span class='ocrx_word' id='word_1_265' title='bbox 812 4175 879 4231; x_wconf 89' lang='lat' dir='ltr'><strong><em>de</em></strong></span> <span class='ocrx_word' id='word_1_266' title='bbox 920 4179 1098 4250; x_wconf 89' lang='lat' dir='ltr'><strong><em>lapsu.</em></strong></span> <span class='ocrx_word' id='word_1_267' title='bbox 1146 4183 1383 4257; x_wconf 74' lang='lat' dir='ltr'><strong><em>Haecque</em></strong></span> <span class='ocrx_word' id='word_1_268' title='bbox 1411 4191 1547 4246; x_wconf 89' lang='lat' dir='ltr'><strong><em>mihi</em></strong></span> <span class='ocrx_word' id='word_1_269' title='bbox 1578 4169 1954 4256; x_wconf 71' lang='lat' dir='ltr'><strong><em>misericordia</em></strong></span> <span class='ocrx_word' id='word_1_270' title='bbox 1978 4169 2073 4261; x_wconf 72' lang='lat' dir='ltr'><strong><em>tua</em></strong></span> 
     </span>
    </p>
   </div>
   <div class='ocr_carea' id='block_1_36' title="bbox 481 5012 2058 5094">
    <p class='ocr_par' dir='ltr' id='par_1_36' title="bbox 481 5012 2058 5094">
     <span class='ocr_line' id='line_1_37' title="bbox 481 5012 2058 5094; baseline 0.023 -37"><span class='ocrx_word' id='word_1_271' title='bbox 481 5020 604 5074; x_wconf 65' lang='lat' dir='ltr'><strong><em>quae</em></strong></span> <span class='ocrx_word' id='word_1_272' title='bbox 637 5014 851 5065; x_wconf 86' lang='lat' dir='ltr'><strong><em>tantum</em></strong></span> <span class='ocrx_word' id='word_1_273' title='bbox 875 5012 963 5078; x_wconf 87' lang='lat' dir='ltr'><strong><em>iis,</em></strong></span> <span class='ocrx_word' id='word_1_274' title='bbox 993 5018 1087 5086; x_wconf 90' lang='lat' dir='ltr'><strong><em>qui</em></strong></span> <span class='ocrx_word' id='word_1_275' title='bbox 1126 5021 1271 5090; x_wconf 86' lang='lat' dir='ltr'><strong><em>apud</em></strong></span> <span class='ocrx_word' id='word_1_276' title='bbox 1311 5030 1364 5078; x_wconf 90' lang='lat' dir='ltr'><strong><em>te</em></strong></span> <span class='ocrx_word' id='word_1_277' title='bbox 1393 5027 1606 5094; x_wconf 84' lang='lat' dir='ltr'><strong><em>vivunt,</em></strong></span> <span class='ocrx_word' id='word_1_278' title='bbox 1637 5033 1911 5090; x_wconf 88' lang='lat' dir='ltr'><strong><em>destinata</em></strong></span> <span class='ocrx_word' id='word_1_279' title='bbox 1953 5047 2058 5094; x_wconf 85' lang='lat' dir='ltr'><strong><em>est.</em></strong></span> 
     </span>
    </p>
   </div>
   <div class='ocr_carea' id='block_1_37' title="bbox 482 5095 2062 5190">
    <p class='ocr_par' dir='ltr' id='par_1_37' title="bbox 482 5095 2062 5190">
     <span class='ocr_line' id='line_1_38' title="bbox 482 5095 2062 5190; baseline 0.023 -41"><span class='ocrx_word' id='word_1_280' title='bbox 482 5095 689 5156; x_wconf 82' lang='lat' dir='ltr'><strong><em>Lumen</em></strong></span> <span class='ocrx_word' id='word_1_281' title='bbox 717 5117 881 5171; x_wconf 87' lang='lat' dir='ltr'><strong><em>porro</em></strong></span> <span class='ocrx_word' id='word_1_282' title='bbox 915 5107 1047 5163; x_wconf 91' lang='lat' dir='ltr'><strong><em>illud</em></strong></span> <span class='ocrx_word' id='word_1_283' title='bbox 1075 5112 1396 5182; x_wconf 71' lang='lat' dir='ltr'><strong><em>viventium,</em></strong></span> <span class='ocrx_word' id='word_1_284' title='bbox 1437 5135 1548 5190; x_wconf 83' lang='lat' dir='ltr'><strong><em>quo</em></strong></span> <span class='ocrx_word' id='word_1_285' title='bbox 1586 5122 1757 5179; x_wconf 87' lang='lat' dir='ltr'><strong><em>David</em></strong></span> <span class='ocrx_word' id='word_1_286' title='bbox 1788 5135 1842 5182; x_wconf 92' lang='lat' dir='ltr'><strong><em>et</em></strong></span> <span class='ocrx_word' id='word_1_287' title='bbox 1869 5143 2062 5186; x_wconf 86' lang='lat' dir='ltr'><strong><em>omnes</em></strong></span> 
     </span>
    </p>
   </div>
   <div class='ocr_carea' id='block_1_38' title="bbox 480 5185 2062 5274">
    <p class='ocr_par' dir='ltr' id='par_1_38' title="bbox 480 5185 2062 5274">
     <span class='ocr_line' id='line_1_39' title="bbox 480 5185 2062 5274; baseline 0.021 -34"><span class='ocrx_word' id='word_1_288' title='bbox 480 5185 592 5243; x_wconf 88' lang='lat' dir='ltr'><strong><em>Deo</em></strong></span> <span class='ocrx_word' id='word_1_289' title='bbox 613 5194 822 5263; x_wconf 88' lang='lat' dir='ltr'><strong><em>accepti</em></strong></span> <span class='ocrx_word' id='word_1_290' title='bbox 851 5199 1128 5268; x_wconf 69' lang='lat' dir='ltr'><strong><em>prophetae</em></strong></span> <span class='ocrx_word' id='word_1_291' title='bbox 1148 5211 1203 5258; x_wconf 91' lang='lat' dir='ltr'><strong><em>et</em></strong></span> <span class='ocrx_word' id='word_1_292' title='bbox 1219 5205 1356 5274; x_wconf 85' lang='lat' dir='ltr'><strong><em>justi</em></strong></span> <span class='ocrx_word' id='word_1_293' title='bbox 1386 5185 1646 5266; x_wconf 79' lang='lat' dir='ltr'><strong><em>illustrati</em></strong></span> <span class='ocrx_word' id='word_1_294' title='bbox 1696 5223 1824 5270; x_wconf 86' lang='lat' dir='ltr'><strong><em>sunt</em></strong></span> <span class='ocrx_word' id='word_1_295' title='bbox 1865 5218 2062 5273; x_wconf 87' lang='lat' dir='ltr'><strong><em>intelli-</em></strong></span> 
     </span>
    </p>
   </div>
   <div class='ocr_carea' id='block_1_39' title="bbox 478 5283 2056 5379">
    <p class='ocr_par' dir='ltr' id='par_1_39' title="bbox 478 5283 2056 5379">
     <span class='ocr_line' id='line_1_40' title="bbox 478 5283 2056 5379; baseline 0.02 -45"><span class='ocrx_word' id='word_1_296' title='bbox 478 5295 594 5349; x_wconf 77' lang='lat' dir='ltr'><strong><em>ges,</em></strong></span> <span class='ocrx_word' id='word_1_297' title='bbox 622 5283 670 5338; x_wconf 90' lang='lat' dir='ltr'><strong><em>si</em></strong></span> <span class='ocrx_word' id='word_1_298' title='bbox 704 5289 958 5345; x_wconf 83' lang='lat' dir='ltr'><strong><em>attendas</em></strong></span> <span class='ocrx_word' id='word_1_299' title='bbox 997 5297 1346 5366; x_wconf 63' lang='lat' dir='ltr'><strong><em>evangelista:</em></strong></span> <span class='ocrx_word' id='word_1_300' title='bbox 1379 5300 1581 5357; x_wconf 89' lang='lat' dir='ltr'><strong><em>dicenti</em></strong></span> <span class='ocrx_word' id='word_1_301' title='bbox 1620 5325 1634 5360; x_wconf 86' lang='lat'><strong>:</strong></span> <span class='ocrx_word' id='word_1_302' title='bbox 1665 5309 1820 5372; x_wconf 78' lang='lat' dir='ltr'><strong><em>Quod</em></strong></span> <span class='ocrx_word' id='word_1_303' title='bbox 1854 5309 2056 5379; x_wconf 76' lang='lat' dir='ltr'><strong><em>factum</em></strong></span> 
     </span>
    </p>
   </div>
   <div class='ocr_carea' id='block_1_40' title="bbox 476 5377 2056 5478">
    <p class='ocr_par' dir='ltr' id='par_1_40' title="bbox 476 5377 2056 5478">
     <span class='ocr_line' id='line_1_41' title="bbox 476 5377 2056 5478; baseline 0.023 -52"><span class='ocrx_word' id='word_1_304' title='bbox 476 5383 556 5428; x_wconf 85' lang='lat' dir='ltr'><strong><em>est</em></strong></span> <span class='ocrx_word' id='word_1_305' title='bbox 601 5377 654 5430; x_wconf 83' lang='lat' dir='ltr'><strong><em>in</em></strong></span> <span class='ocrx_word' id='word_1_306' title='bbox 705 5378 820 5446; x_wconf 87' lang='lat' dir='ltr'><strong><em>ipso</em></strong></span> <span class='ocrx_word' id='word_1_307' title='bbox 840 5381 905 5447; x_wconf 79' lang='lat'><strong><em>&quot;,</em></strong></span> <span class='ocrx_word' id='word_1_308' title='bbox 937 5385 1146 5444; x_wconf 89' lang='lat' dir='ltr'><strong><em>scilicet</em></strong></span> <span class='ocrx_word' id='word_1_309' title='bbox 1180 5389 1276 5447; x_wconf 85' lang='lat' dir='ltr'><strong><em>Dei</em></strong></span> <span class='ocrx_word' id='word_1_310' title='bbox 1303 5392 1488 5450; x_wconf 84' lang='lat' dir='ltr'><strong><em>Verbo</em></strong></span> <span class='ocrx_word' id='word_1_311' title='bbox 1521 5400 1664 5468; x_wconf 87' lang='lat' dir='ltr'><strong><em>quod</em></strong></span> <span class='ocrx_word' id='word_1_312' title='bbox 1699 5402 1751 5455; x_wconf 92' lang='lat' dir='ltr'><strong><em>in</em></strong></span> <span class='ocrx_word' id='word_1_313' title='bbox 1785 5377 2056 5478; x_wconf 87' lang='lat' dir='ltr'><strong><em>principio</em></strong></span> 
     </span>
    </p>
   </div>
   <div class='ocr_carea' id='block_1_41' title="bbox 479 5467 2056 5554">
    <p class='ocr_par' dir='ltr' id='par_1_41' title="bbox 479 5467 2056 5554">
     <span class='ocr_line' id='line_1_42' title="bbox 479 5467 2056 5554; baseline 0.023 -37"><span class='ocrx_word' id='word_1_314' title='bbox 479 5467 624 5534; x_wconf 86' lang='lat' dir='ltr'><strong><em>apud</em></strong></span> <span class='ocrx_word' id='word_1_315' title='bbox 666 5467 837 5527; x_wconf 79' lang='lat' dir='ltr'><strong><em>Deum</em></strong></span> <span class='ocrx_word' id='word_1_316' title='bbox 870 5486 1012 5544; x_wconf 88' lang='lat' dir='ltr'><strong><em>erat,</em></strong></span> <span class='ocrx_word' id='word_1_317' title='bbox 1044 5480 1154 5536; x_wconf 66' lang='lat' dir='ltr'><strong><em>vita</em></strong></span> <span class='ocrx_word' id='word_1_318' title='bbox 1197 5495 1333 5550; x_wconf 88' lang='lat' dir='ltr'><strong><em>erat,</em></strong></span> <span class='ocrx_word' id='word_1_319' title='bbox 1373 5497 1425 5540; x_wconf 90' lang='lat' dir='ltr'><strong><em>et</em></strong></span> <span class='ocrx_word' id='word_1_320' title='bbox 1477 5467 1586 5545; x_wconf 79' lang='lat' dir='ltr'><strong><em>vita</em></strong></span> <span class='ocrx_word' id='word_1_321' title='bbox 1619 5504 1733 5548; x_wconf 87' lang='lat' dir='ltr'><strong><em>erat</em></strong></span> <span class='ocrx_word' id='word_1_322' title='bbox 1773 5501 1866 5551; x_wconf 80' lang='lat' dir='ltr'><strong><em>tua:</em></strong></span> <span class='ocrx_word' id='word_1_323' title='bbox 1892 5498 2056 5554; x_wconf 83' lang='lat' dir='ltr'><strong><em>homi-</em></strong></span> 
     </span>
    </p>
   </div>
   <div class='ocr_carea' id='block_1_42' title="bbox 478 5561 2054 5656">
    <p class='ocr_par' dir='ltr' id='par_1_42' title="bbox 478 5561 2054 5656">
     <span class='ocr_line' id='line_1_43' title="bbox 478 5561 2054 5656; baseline 0.024 -49"><span class='ocrx_word' id='word_1_324' title='bbox 478 5573 603 5611; x_wconf 82' lang='lat' dir='ltr'><strong><em>num</em></strong></span> <span class='ocrx_word' id='word_1_325' title='bbox 633 5561 673 5592; x_wconf 78' lang='lat'><strong>&quot;</strong></span> <span class='ocrx_word' id='word_1_326' title='bbox 708 5577 814 5617; x_wconf 72' lang='lat' dir='ltr'><strong><em>:ac</em></strong></span> <span class='ocrx_word' id='word_1_327' title='bbox 849 5580 1114 5629; x_wconf 88' lang='lat' dir='ltr'><strong><em>rursum:</em></strong></span> <span class='ocrx_word' id='word_1_328' title='bbox 1154 5572 1291 5629; x_wconf 87' lang='lat' dir='ltr'><strong><em>Erat</em></strong></span> <span class='ocrx_word' id='word_1_329' title='bbox 1337 5578 1430 5634; x_wconf 68' lang='lat' dir='ltr'><strong><em>lux</em></strong></span> <span class='ocrx_word' id='word_1_330' title='bbox 1464 5596 1585 5638; x_wconf 80' lang='lat' dir='ltr'><strong><em>vera</em></strong></span> <span class='ocrx_word' id='word_1_331' title='bbox 1634 5602 1751 5656; x_wconf 84' lang='lat' dir='ltr'><strong><em>qua:</em></strong></span> <span class='ocrx_word' id='word_1_332' title='bbox 1785 5589 2054 5645; x_wconf 83' lang='lat' dir='ltr'><strong><em>illuminat</em></strong></span> 
     </span>
    </p>
   </div>
   <div class='ocr_carea' id='block_1_43' title="bbox 1278 285 3177 376">
    <p class='ocr_par' dir='ltr' id='par_1_43' title="bbox 1278 285 3177 376">
     <span class='ocr_line' id='line_1_44' title="bbox 1278 285 3177 376; baseline 0.018 -34"><span class='ocrx_word' id='word_1_333' title='bbox 1278 285 1548 345; x_wconf 82' lang='lat' dir='ltr'><strong><em>EUSEBII</em></strong></span> <span class='ocrx_word' id='word_1_334' title='bbox 1582 293 2058 352; x_wconf 59' lang='lat' dir='ltr'><strong><em>CESARIENSIS</em></strong></span> <span class='ocrx_word' id='word_1_335' title='bbox 2095 297 2243 354; x_wconf 84' lang='lat' dir='ltr'><strong><em>CPP.</em></strong></span> <span class='ocrx_word' id='word_1_336' title='bbox 2287 301 2490 360; x_wconf 74' lang='lat' dir='ltr'><strong><em>PARS.</em></strong></span> <span class='ocrx_word' id='word_1_337' title='bbox 2533 304 2620 361; x_wconf 86' lang='grc' dir='ltr'>ιιι.</span> <span class='ocrx_word' id='word_1_338' title='bbox 2664 339 2734 350; x_wconf 88' lang='lat'><strong><em>—</em></strong></span> <span class='ocrx_word' id='word_1_339' title='bbox 2773 311 3177 376; x_wconf 74' lang='lat' dir='ltr'><strong><em>EXEGETICA.</em></strong></span> 
     </span>
    </p>
   </div>
   <div class='ocr_carea' id='block_1_44' title="bbox 3716 341 3824 399">
    <p class='ocr_par' dir='ltr' id='par_1_44' title="bbox 3716 341 3824 399">
     <span class='ocr_line' id='line_1_45' title="bbox 3716 341 3824 399; baseline 0.019 -1"><span class='ocrx_word' id='word_1_340' title='bbox 3716 341 3824 399; x_wconf 78' lang='lat'><strong><em>500</em></strong></span> 
     </span>
    </p>
   </div>
   <div class='ocr_carea' id='block_1_45' title="bbox 2160 424 3821 527">
    <p class='ocr_par' dir='ltr' id='par_1_45' title="bbox 2160 424 3821 527">
     <span class='ocr_line' id='line_1_46' title="bbox 2160 424 3821 527; baseline 0.027 -55"><span class='ocrx_word' id='word_1_341' title='bbox 2160 424 2209 482; x_wconf 76' lang='grc' dir='ltr'>Α</span> <span class='ocrx_word' id='word_1_342' title='bbox 2235 425 2367 494; x_wconf 77' lang='grc' dir='ltr'><strong><em>οὐχὶ</em></strong></span> <span class='ocrx_word' id='word_1_343' title='bbox 2393 433 2668 497; x_wconf 80' lang='grc' dir='ltr'><strong><em>σαρκικοί</em></strong></span> <span class='ocrx_word' id='word_1_344' title='bbox 2705 433 2866 502; x_wconf 82' lang='grc' dir='ltr'>ἐστε,</span> <span class='ocrx_word' id='word_1_345' title='bbox 2898 440 2995 493; x_wconf 84' lang='grc' dir='ltr'><strong><em>καὶ</em></strong></span> <span class='ocrx_word' id='word_1_346' title='bbox 3035 444 3184 499; x_wconf 84' lang='grc' dir='ltr'>κατὰ</span> <span class='ocrx_word' id='word_1_347' title='bbox 3215 445 3530 518; x_wconf 78' lang='grc' dir='ltr'>ἄνθρωπον</span> <span class='ocrx_word' id='word_1_348' title='bbox 3569 470 3821 527; x_wconf 77' lang='grc' dir='ltr'>περιπα-</span> 
     </span>
    </p>
   </div>
   <div class='ocr_carea' id='block_1_46' title="bbox 2237 515 2422 581">
    <p class='ocr_par' dir='ltr' id='par_1_46' title="bbox 2237 515 2422 581">
     <span class='ocr_line' id='line_1_47' title="bbox 2237 515 2422 581; baseline 0.022 -15"><span class='ocrx_word' id='word_1_349' title='bbox 2237 515 2386 569; x_wconf 84' lang='grc' dir='ltr'>τεῖτε</span> <span class='ocrx_word' id='word_1_350' title='bbox 2401 534 2422 581; x_wconf 91' lang='grc'><em>;</em></span> 
     </span>
    </p>
   </div>
   <div class='ocr_carea' id='block_1_47' title="bbox 2302 633 3844 733">
    <p class='ocr_par' dir='ltr' id='par_1_47' title="bbox 2302 633 3844 733">
     <span class='ocr_line' id='line_1_48' title="bbox 2302 633 3844 733; baseline 0.024 -49"><span class='ocrx_word' id='word_1_351' title='bbox 2302 633 2402 686; x_wconf 85' lang='grc' dir='ltr'>Ἐν</span> <span class='ocrx_word' id='word_1_352' title='bbox 2425 634 2573 703; x_wconf 75' lang='grc' dir='ltr'>ἐμοὶ,</span> <span class='ocrx_word' id='word_1_353' title='bbox 2592 639 2627 691; x_wconf 84' lang='grc' dir='ltr'><em>ὁ</em></span> <span class='ocrx_word' id='word_1_354' title='bbox 2641 638 2804 705; x_wconf 79' lang='grc' dir='ltr'>Θεὸς,</span> <span class='ocrx_word' id='word_1_355' title='bbox 2823 645 2887 696; x_wconf 86' lang='lat' dir='ltr'><strong><em>al</em></strong></span> <span class='ocrx_word' id='word_1_356' title='bbox 2903 645 3098 714; x_wconf 72' lang='grc' dir='ltr'>εὐχαὶ,</span> <span class='ocrx_word' id='word_1_357' title='bbox 3117 647 3193 715; x_wconf 78' lang='grc' dir='ltr'>ἀς</span> <span class='ocrx_word' id='word_1_358' title='bbox 3218 651 3510 712; x_wconf 75' lang='grc' dir='ltr'><em>ἀποδώσω</em></span> <span class='ocrx_word' id='word_1_359' title='bbox 3533 661 3844 733; x_wconf 80' lang='grc' dir='ltr'>αινέσεώς⁹</span> 
     </span>
    </p>
   </div>
   <div class='ocr_carea' id='block_1_48' title="bbox 2233 725 3814 821">
    <p class='ocr_par' dir='ltr' id='par_1_48' title="bbox 2233 725 3814 821">
     <span class='ocr_line' id='line_1_49' title="bbox 2233 725 3814 821; baseline 0.022 -45"><span class='ocrx_word' id='word_1_360' title='bbox 2233 740 2348 776; x_wconf 85' lang='grc' dir='ltr'>σοι.</span> <span class='ocrx_word' id='word_1_361' title='bbox 2391 725 2508 778; x_wconf 84' lang='grc' dir='ltr'>’Ότι</span> <span class='ocrx_word' id='word_1_362' title='bbox 2557 728 2789 796; x_wconf 79' lang='grc' dir='ltr'><em>ἐρῤύσω</em></span> <span class='ocrx_word' id='word_1_363' title='bbox 2844 733 2960 802; x_wconf 78' lang='grc' dir='ltr'>τὴν</span> <span class='ocrx_word' id='word_1_364' title='bbox 2987 738 3200 806; x_wconf 64' lang='grc' dir='ltr'><strong><em>ψυχήν</em></strong></span> <span class='ocrx_word' id='word_1_365' title='bbox 3239 761 3359 812; x_wconf 84' lang='grc' dir='ltr'><strong><em>μου</em></strong></span> <span class='ocrx_word' id='word_1_366' title='bbox 3408 748 3478 801; x_wconf 82' lang='grc' dir='ltr'>ἐκ</span> <span class='ocrx_word' id='word_1_367' title='bbox 3530 725 3814 821; x_wconf 58' lang='grc' dir='ltr'>θανάτου,</span> 
     </span>
    </p>
   </div>
   <div class='ocr_carea' id='block_1_49' title="bbox 2231 816 3819 914">
    <p class='ocr_par' dir='ltr' id='par_1_49' title="bbox 2231 816 3819 914">
     <span class='ocr_line' id='line_1_50' title="bbox 2231 816 3819 914; baseline 0.022 -48"><span class='ocrx_word' id='word_1_368' title='bbox 2231 816 2328 868; x_wconf 81' lang='grc' dir='ltr'><strong><em>καὶ</em></strong></span> <span class='ocrx_word' id='word_1_369' title='bbox 2358 817 2498 883; x_wconf 78' lang='grc' dir='ltr'>τοὺς</span> <span class='ocrx_word' id='word_1_370' title='bbox 2521 819 2712 887; x_wconf 81' lang='grc' dir='ltr'><em>πόδας</em></span> <span class='ocrx_word' id='word_1_371' title='bbox 2729 841 2848 892; x_wconf 81' lang='grc' dir='ltr'><strong><em>μου</em></strong></span> <span class='ocrx_word' id='word_1_372' title='bbox 2889 825 2959 890; x_wconf 75' lang='grc' dir='ltr'><strong><em>ἐξ</em></strong></span> <span class='ocrx_word' id='word_1_373' title='bbox 2997 829 3421 903; x_wconf 78' lang='grc' dir='ltr'><strong><em>ὀλισθήματος,</em></strong></span> <span class='ocrx_word' id='word_1_374' title='bbox 3461 842 3566 895; x_wconf 84' lang='grc' dir='ltr'><strong><em>τοῦ</em></strong></span> <span class='ocrx_word' id='word_1_375' title='bbox 3610 816 3819 914; x_wconf 49' lang='lat' dir='ltr'><strong><em>suapte;</em></strong></span> 
     </span>
    </p>
   </div>
   <div class='ocr_carea' id='block_1_50' title="bbox 2229 907 3818 993">
    <p class='ocr_par' dir='ltr' id='par_1_50' title="bbox 2229 907 3818 993">
     <span class='ocr_line' id='line_1_51' title="bbox 2229 907 3818 993; baseline 0.021 -35"><span class='ocrx_word' id='word_1_376' title='bbox 2229 907 2454 975; x_wconf 82' lang='grc' dir='ltr'>στῆσαι</span> <span class='ocrx_word' id='word_1_377' title='bbox 2487 910 2744 967; x_wconf 73' lang='grc' dir='ltr'>ἐνώπιον</span> <span class='ocrx_word' id='word_1_378' title='bbox 2770 917 2875 971; x_wconf 87' lang='grc' dir='ltr'><strong><em>τοῦ</em></strong></span> <span class='ocrx_word' id='word_1_379' title='bbox 2901 921 3048 974; x_wconf 87' lang='grc' dir='ltr'><strong><em>Θεοῦ</em></strong></span> <span class='ocrx_word' id='word_1_380' title='bbox 3083 924 3154 976; x_wconf 82' lang='grc' dir='ltr'><strong><em>ἐν</em></strong></span> <span class='ocrx_word' id='word_1_381' title='bbox 3183 929 3329 993; x_wconf 71' lang='grc' dir='ltr'><em>φωτὶ</em></span> <span class='ocrx_word' id='word_1_382' title='bbox 3372 929 3617 990; x_wconf 79' lang='grc' dir='ltr'><em>ζώντων.</em></span> <span class='ocrx_word' id='word_1_383' title='bbox 3666 937 3818 992; x_wconf 73' lang='grc' dir='ltr'>’Δντῑ</span> 
     </span>
    </p>
   </div>
   <div class='ocr_carea' id='block_1_51' title="bbox 2226 999 3796 1085">
    <p class='ocr_par' dir='ltr' id='par_1_51' title="bbox 2226 999 3796 1085">
     <span class='ocr_line' id='line_1_52' title="bbox 2226 999 3796 1085; baseline 0.022 -36"><span class='ocrx_word' id='word_1_384' title='bbox 2226 999 2341 1062; x_wconf 79' lang='grc' dir='ltr'>τοῦ,</span> <span class='ocrx_word' id='word_1_385' title='bbox 2384 1003 2479 1054; x_wconf 83' lang='grc' dir='ltr'>Ἐν</span> <span class='ocrx_word' id='word_1_386' title='bbox 2502 1004 2654 1072; x_wconf 68' lang='grc' dir='ltr'>ἐμοὶ,</span> <span class='ocrx_word' id='word_1_387' title='bbox 2689 1009 2721 1058; x_wconf 85' lang='grc' dir='ltr'><em>ό</em></span> <span class='ocrx_word' id='word_1_388' title='bbox 2755 1009 2916 1075; x_wconf 79' lang='grc' dir='ltr'>Θεὸς,</span> <span class='ocrx_word' id='word_1_389' title='bbox 2943 1015 3004 1065; x_wconf 81' lang='grc' dir='ltr'>αἱ</span> <span class='ocrx_word' id='word_1_390' title='bbox 3021 1015 3217 1083; x_wconf 64' lang='grc' dir='ltr'>εὐχαὶ,</span> <span class='ocrx_word' id='word_1_391' title='bbox 3253 1018 3326 1085; x_wconf 78' lang='grc' dir='ltr'>ἅς</span> <span class='ocrx_word' id='word_1_392' title='bbox 3349 1023 3639 1079; x_wconf 76' lang='grc' dir='ltr'><em>ἀποδώσω</em></span> <span class='ocrx_word' id='word_1_393' title='bbox 3660 1030 3796 1083; x_wconf 81' lang='grc' dir='ltr'>αινὲ</span> 
     </span>
    </p>
   </div>
   <div class='ocr_carea' id='block_1_52' title="bbox 2227 1093 3811 1191">
    <p class='ocr_par' dir='ltr' id='par_1_52' title="bbox 2227 1093 3811 1191">
     <span class='ocr_line' id='line_1_53' title="bbox 2227 1093 3811 1191; baseline 0.021 -46"><span class='ocrx_word' id='word_1_394' title='bbox 2227 1093 2382 1160; x_wconf 87' lang='grc' dir='ltr'><em>σεώς</em></span> <span class='ocrx_word' id='word_1_395' title='bbox 2420 1113 2538 1161; x_wconf 89' lang='grc' dir='ltr'><em>σοι,</em></span> <span class='ocrx_word' id='word_1_396' title='bbox 2575 1100 2906 1174; x_wconf 76' lang='grc' dir='ltr'>σαφέστερον</span> <span class='ocrx_word' id='word_1_397' title='bbox 2940 1108 3286 1180; x_wconf 79' lang='grc' dir='ltr'>ήρμήνευσεν</span> <span class='ocrx_word' id='word_1_398' title='bbox 3337 1118 3365 1168; x_wconf 82' lang='grc' dir='ltr'><strong><em>δ</em></strong></span> <span class='ocrx_word' id='word_1_399' title='bbox 3407 1117 3700 1191; x_wconf 80' lang='grc' dir='ltr'><strong><em>Σύμμαχος</em></strong></span> <span class='ocrx_word' id='word_1_400' title='bbox 3728 1127 3811 1177; x_wconf 86' lang='grc' dir='ltr'><strong><em>εξ-</em></strong></span> 
     </span>
    </p>
   </div>
   <div class='ocr_carea' id='block_1_53' title="bbox 2226 1183 3812 1274">
    <p class='ocr_par' dir='ltr' id='par_1_53' title="bbox 2226 1183 3812 1274">
     <span class='ocr_line' id='line_1_54' title="bbox 2226 1183 3812 1274; baseline 0.022 -39"><span class='ocrx_word' id='word_1_401' title='bbox 2226 1183 2361 1236; x_wconf 76' lang='grc' dir='ltr'>πώνο</span> <span class='ocrx_word' id='word_1_402' title='bbox 2449 1189 2846 1262; x_wconf 82' lang='grc' dir='ltr'>Ἀναδέχομαι,</span> <span class='ocrx_word' id='word_1_403' title='bbox 2895 1197 3022 1263; x_wconf 87' lang='grc' dir='ltr'><strong><em>Θεὲ,</em></strong></span> <span class='ocrx_word' id='word_1_404' title='bbox 3076 1199 3115 1253; x_wconf 78' lang='grc' dir='ltr'><em>ἂ</em></span> <span class='ocrx_word' id='word_1_405' title='bbox 3156 1204 3455 1274; x_wconf 80' lang='grc' dir='ltr'><strong><em>ηὐξάμην·</em></strong></span> <span class='ocrx_word' id='word_1_406' title='bbox 3486 1183 3812 1269; x_wconf 26' lang='grc' dir='ltr'><em>τάποδώσω</em></span> 
     </span>
    </p>
   </div>
   <div class='ocr_carea' id='block_1_54' title="bbox 2221 1278 3807 1374">
    <p class='ocr_par' dir='ltr' id='par_1_54' title="bbox 2221 1278 3807 1374">
     <span class='ocr_line' id='line_1_55' title="bbox 2221 1278 3807 1374; baseline 0.021 -46"><span class='ocrx_word' id='word_1_407' title='bbox 2221 1278 2482 1345; x_wconf 83' lang='grc' dir='ltr'>αὶνέσεις</span> <span class='ocrx_word' id='word_1_408' title='bbox 2509 1297 2627 1336; x_wconf 90' lang='grc' dir='ltr'><em>σοι.</em></span> <span class='ocrx_word' id='word_1_409' title='bbox 2657 1285 2730 1337; x_wconf 83' lang='grc' dir='ltr'><strong><em>Ού</em></strong></span> <span class='ocrx_word' id='word_1_410' title='bbox 2774 1287 2883 1358; x_wconf 80' lang='grc' dir='ltr'><strong><em>γὰρ</em></strong></span> <span class='ocrx_word' id='word_1_411' title='bbox 2911 1289 3290 1364; x_wconf 84' lang='grc' dir='ltr'>ἐπιλέλησμαι,</span> <span class='ocrx_word' id='word_1_412' title='bbox 3338 1301 3490 1369; x_wconf 67' lang='grc' dir='ltr'>φησι,</span> <span class='ocrx_word' id='word_1_413' title='bbox 3523 1295 3597 1355; x_wconf 83' lang='grc' dir='ltr'>ὧν</span> <span class='ocrx_word' id='word_1_414' title='bbox 3635 1307 3807 1374; x_wconf 72' lang='grc' dir='ltr'>ηὐξά-</span> 
     </span>
    </p>
   </div>
   <div class='ocr_carea' id='block_1_55' title="bbox 2225 1369 3805 1466">
    <p class='ocr_par' dir='ltr' id='par_1_55' title="bbox 2225 1369 3805 1466">
     <span class='ocr_line' id='line_1_56' title="bbox 2225 1369 3805 1466; baseline 0.021 -48"><span class='ocrx_word' id='word_1_415' title='bbox 2225 1385 2352 1437; x_wconf 77' lang='grc' dir='ltr'>μηνο</span> <span class='ocrx_word' id='word_1_416' title='bbox 2379 1369 2494 1423; x_wconf 82' lang='grc' dir='ltr'>ἀλλ’</span> <span class='ocrx_word' id='word_1_417' title='bbox 2525 1374 2584 1425; x_wconf 91' lang='grc' dir='ltr'><strong><em>ἐν</em></strong></span> <span class='ocrx_word' id='word_1_418' title='bbox 2609 1375 2732 1445; x_wconf 88' lang='grc' dir='ltr'>ἐμοί</span> <span class='ocrx_word' id='word_1_419' title='bbox 2761 1379 2886 1443; x_wconf 75' lang='grc' dir='ltr'>εἰσι,</span> <span class='ocrx_word' id='word_1_420' title='bbox 2940 1382 3034 1434; x_wconf 73' lang='grc' dir='ltr'><strong><em>καὶ</em></strong></span> <span class='ocrx_word' id='word_1_421' title='bbox 3072 1387 3286 1456; x_wconf 80' lang='grc' dir='ltr'><strong><em>κατέχω</em></strong></span> <span class='ocrx_word' id='word_1_422' title='bbox 3315 1392 3380 1460; x_wconf 83' lang='grc' dir='ltr'>τῇ</span> <span class='ocrx_word' id='word_1_423' title='bbox 3415 1395 3602 1466; x_wconf 78' lang='grc' dir='ltr'>μνήμῃ</span> <span class='ocrx_word' id='word_1_424' title='bbox 3629 1369 3805 1451; x_wconf 77' lang='grc' dir='ltr'>πάντα</span> 
     </span>
    </p>
   </div>
   <div class='ocr_carea' id='block_1_56' title="bbox 2218 1459 3803 1559">
    <p class='ocr_par' dir='ltr' id='par_1_56' title="bbox 2218 1459 3803 1559">
     <span class='ocr_line' id='line_1_57' title="bbox 2218 1459 3803 1559; baseline 0.02 -48"><span class='ocrx_word' id='word_1_425' title='bbox 2218 1459 2318 1512; x_wconf 81' lang='grc' dir='ltr'>ὅσα</span> <span class='ocrx_word' id='word_1_426' title='bbox 2343 1463 2755 1538; x_wconf 76' lang='grc' dir='ltr'><strong><em>ἐπηγγειλάμην</em></strong></span> <span class='ocrx_word' id='word_1_427' title='bbox 2787 1470 3102 1543; x_wconf 78' lang='grc' dir='ltr'>εὐξάμενος·</span> <span class='ocrx_word' id='word_1_428' title='bbox 3137 1477 3172 1531; x_wconf 81' lang='grc' dir='ltr'>ἃ</span> <span class='ocrx_word' id='word_1_429' title='bbox 3202 1481 3293 1532; x_wconf 81' lang='grc' dir='ltr'><strong><em>καὶ</em></strong></span> <span class='ocrx_word' id='word_1_430' title='bbox 3323 1459 3602 1556; x_wconf 50' lang='grc' dir='ltr'><strong><em>ῶσὴερτῖ</em></strong></span> <span class='ocrx_word' id='word_1_431' title='bbox 3643 1492 3803 1559; x_wconf 80' lang='grc' dir='ltr'><strong><em>χρέος</em></strong></span> 
     </span>
    </p>
   </div>
   <div class='ocr_carea' id='block_1_57' title="bbox 2217 1552 3800 1641">
    <p class='ocr_par' dir='ltr' id='par_1_57' title="bbox 2217 1552 3800 1641">
     <span class='ocr_line' id='line_1_58' title="bbox 2217 1552 3800 1641; baseline 0.021 -37"><span class='ocrx_word' id='word_1_432' title='bbox 2217 1552 2500 1620; x_wconf 78' lang='grc' dir='ltr'><strong><em>ἀποδώσω,</em></strong></span> <span class='ocrx_word' id='word_1_433' title='bbox 2529 1557 2719 1622; x_wconf 73' lang='grc' dir='ltr'>θυσίας</span> <span class='ocrx_word' id='word_1_434' title='bbox 2748 1563 3033 1638; x_wconf 73' lang='grc' dir='ltr'><strong><em>ἀναφέρων</em></strong></span> <span class='ocrx_word' id='word_1_435' title='bbox 3052 1569 3149 1632; x_wconf 73' lang='grc' dir='ltr'><strong><em>τὰς</em></strong></span> <span class='ocrx_word' id='word_1_436' title='bbox 3165 1572 3232 1625; x_wconf 82' lang='grc' dir='ltr'><strong><em>δι’</em></strong></span> <span class='ocrx_word' id='word_1_437' title='bbox 3250 1577 3526 1641; x_wconf 73' lang='grc' dir='ltr'><strong><em>αἰνέσεως,</em></strong></span> <span class='ocrx_word' id='word_1_438' title='bbox 3545 1582 3637 1632; x_wconf 79' lang='grc' dir='ltr'>καὶ</span> <span class='ocrx_word' id='word_1_439' title='bbox 3659 1585 3800 1637; x_wconf 65' lang='grc' dir='ltr'>κατὰ</span> 
     </span>
    </p>
   </div>
   <div class='ocr_carea' id='block_1_58' title="bbox 2215 1645 3798 1732">
    <p class='ocr_par' dir='ltr' id='par_1_58' title="bbox 2215 1645 3798 1732">
     <span class='ocr_line' id='line_1_59' title="bbox 2215 1645 3798 1732; baseline 0.02 -35"><span class='ocrx_word' id='word_1_440' title='bbox 2215 1645 2275 1699; x_wconf 84' lang='grc' dir='ltr'>τὸ</span> <span class='ocrx_word' id='word_1_441' title='bbox 2308 1649 2514 1716; x_wconf 78' lang='grc' dir='ltr'><strong><em>φάσκον</em></strong></span> <span class='ocrx_word' id='word_1_442' title='bbox 2569 1651 2766 1721; x_wconf 83' lang='grc' dir='ltr'>λόγιον·</span> <span class='ocrx_word' id='word_1_443' title='bbox 2827 1659 3029 1713; x_wconf 79' lang='grc' dir='ltr'><em>Θῦσον</em></span> <span class='ocrx_word' id='word_1_444' title='bbox 3081 1664 3159 1730; x_wconf 82' lang='grc' dir='ltr'>τῷ</span> <span class='ocrx_word' id='word_1_445' title='bbox 3209 1667 3332 1732; x_wconf 85' lang='grc' dir='ltr'><strong><em>Θεῷ</em></strong></span> <span class='ocrx_word' id='word_1_446' title='bbox 3379 1673 3599 1724; x_wconf 79' lang='grc' dir='ltr'><em>θυσίαν</em></span> <span class='ocrx_word' id='word_1_447' title='bbox 3634 1675 3798 1728; x_wconf 69' lang='grc' dir='ltr'><strong><em>αἰνέ-</em></strong></span> 
     </span>
    </p>
   </div>
   <div class='ocr_carea' id='block_1_59' title="bbox 2217 1739 3796 1828">
    <p class='ocr_par' dir='ltr' id='par_1_59' title="bbox 2217 1739 3796 1828">
     <span class='ocr_line' id='line_1_60' title="bbox 2217 1739 3796 1828; baseline 0.018 -39"><span class='ocrx_word' id='word_1_448' title='bbox 2217 1753 2390 1804; x_wconf 86' lang='grc' dir='ltr'>σεως,</span> <span class='ocrx_word' id='word_1_449' title='bbox 2410 1739 2506 1793; x_wconf 80' lang='grc' dir='ltr'><strong><em>καὶ</em></strong></span> <span class='ocrx_word' id='word_1_450' title='bbox 2531 1743 2757 1810; x_wconf 80' lang='grc' dir='ltr'>ἀπόδος</span> <span class='ocrx_word' id='word_1_451' title='bbox 2776 1747 2856 1812; x_wconf 79' lang='grc' dir='ltr'>τῷ</span> <span class='ocrx_word' id='word_1_452' title='bbox 2887 1752 3080 1819; x_wconf 77' lang='grc' dir='ltr'>Κυρίῳ</span> <span class='ocrx_word' id='word_1_453' title='bbox 3101 1755 3208 1821; x_wconf 84' lang='grc' dir='ltr'>τὰς</span> <span class='ocrx_word' id='word_1_454' title='bbox 3244 1759 3432 1828; x_wconf 77' lang='grc' dir='ltr'>εὐχάς</span> <span class='ocrx_word' id='word_1_455' title='bbox 3461 1777 3594 1816; x_wconf 91' lang='grc' dir='ltr'>σου.</span> <span class='ocrx_word' id='word_1_456' title='bbox 3633 1764 3796 1817; x_wconf 79' lang='grc' dir='ltr'>Ἀπο-</span> 
     </span>
    </p>
   </div>
   <div class='ocr_carea' id='block_1_60' title="bbox 2213 1828 3795 1921">
    <p class='ocr_par' dir='ltr' id='par_1_60' title="bbox 2213 1828 3795 1921">
     <span class='ocr_line' id='line_1_61' title="bbox 2213 1828 3795 1921; baseline 0.018 -39"><span class='ocrx_word' id='word_1_457' title='bbox 2213 1828 2368 1884; x_wconf 85' lang='grc' dir='ltr'><em>δώσω</em></span> <span class='ocrx_word' id='word_1_458' title='bbox 2428 1834 2609 1888; x_wconf 83' lang='grc' dir='ltr'>τοίνυν</span> <span class='ocrx_word' id='word_1_459' title='bbox 2659 1839 2918 1904; x_wconf 78' lang='grc' dir='ltr'>αἰνέσεως</span> <span class='ocrx_word' id='word_1_460' title='bbox 2949 1860 3048 1896; x_wconf 87' lang='grc' dir='ltr'>σοι·</span> <span class='ocrx_word' id='word_1_461' title='bbox 3107 1848 3295 1921; x_wconf 76' lang='grc' dir='ltr'>ἐπειδὴ</span> <span class='ocrx_word' id='word_1_462' title='bbox 3353 1852 3521 1906; x_wconf 70' lang='grc' dir='ltr'>πολλὰ</span> <span class='ocrx_word' id='word_1_463' title='bbox 3581 1855 3795 1912; x_wconf 78' lang='grc' dir='ltr'>σύνοιδα</span> 
     </span>
    </p>
   </div>
   <div class='ocr_carea' id='block_1_61' title="bbox 2211 1924 3794 2022">
    <p class='ocr_par' dir='ltr' id='par_1_61' title="bbox 2211 1924 3794 2022">
     <span class='ocr_line' id='line_1_62' title="bbox 2211 1924 3794 2022; baseline 0.018 -48"><span class='ocrx_word' id='word_1_464' title='bbox 2211 1924 2430 1995; x_wconf 78' lang='grc' dir='ltr'><strong>ἐμαυτῷ</strong></span> <span class='ocrx_word' id='word_1_465' title='bbox 2451 1927 2718 1997; x_wconf 78' lang='grc' dir='ltr'><strong><em>ὀφείλοντι</em></strong></span> <span class='ocrx_word' id='word_1_466' title='bbox 2748 1933 2888 2005; x_wconf 83' lang='grc' dir='ltr'>ὑπὲρ</span> <span class='ocrx_word' id='word_1_467' title='bbox 2907 1937 3006 2006; x_wconf 82' lang='grc' dir='ltr'><strong><em>τῆς</em></strong></span> <span class='ocrx_word' id='word_1_468' title='bbox 3028 1939 3267 2008; x_wconf 77' lang='grc' dir='ltr'><strong><em>ἐμαυτοῦ</em></strong></span> <span class='ocrx_word' id='word_1_469' title='bbox 3298 1945 3588 2016; x_wconf 78' lang='grc' dir='ltr'>σωτηρίας.</span> <span class='ocrx_word' id='word_1_470' title='bbox 3614 1950 3794 2022; x_wconf 74' lang='grc' dir='ltr'>Αὐτὴν</span> 
     </span>
    </p>
   </div>
   <div class='ocr_carea' id='block_1_62' title="bbox 2209 2018 3797 2112">
    <p class='ocr_par' dir='ltr' id='par_1_62' title="bbox 2209 2018 3797 2112">
     <span class='ocr_line' id='line_1_63' title="bbox 2209 2018 3797 2112; baseline 0.017 -43"><span class='ocrx_word' id='word_1_471' title='bbox 2209 2018 2339 2086; x_wconf 76' lang='grc' dir='ltr'>γοῦν</span> <span class='ocrx_word' id='word_1_472' title='bbox 2371 2019 2469 2090; x_wconf 83' lang='grc' dir='ltr'>τὴν</span> <span class='ocrx_word' id='word_1_473' title='bbox 2494 2019 2672 2093; x_wconf 75' lang='grc' dir='ltr'>ψυχήν</span> <span class='ocrx_word' id='word_1_474' title='bbox 2707 2041 2808 2094; x_wconf 87' lang='grc' dir='ltr'><strong><em>μου</em></strong></span> <span class='ocrx_word' id='word_1_475' title='bbox 2838 2027 3056 2097; x_wconf 74' lang='grc' dir='ltr'>ἐρρύσω</span> <span class='ocrx_word' id='word_1_476' title='bbox 3081 2031 3146 2084; x_wconf 86' lang='grc' dir='ltr'>ἐκ</span> <span class='ocrx_word' id='word_1_477' title='bbox 3177 2031 3428 2090; x_wconf 82' lang='grc' dir='ltr'><strong><em>Θανάτου.</em></strong></span> <span class='ocrx_word' id='word_1_478' title='bbox 3466 2041 3526 2092; x_wconf 80' lang='grc' dir='ltr'><strong>Οἱ</strong></span> <span class='ocrx_word' id='word_1_479' title='bbox 3553 2040 3650 2109; x_wconf 83' lang='grc' dir='ltr'>μὲν</span> <span class='ocrx_word' id='word_1_480' title='bbox 3682 2018 3797 2112; x_wconf 57' lang='grc' dir='ltr'><strong><em>γάρ</em></strong></span> 
     </span>
    </p>
   </div>
   <div class='ocr_carea' id='block_1_63' title="bbox 2207 2107 3794 2198">
    <p class='ocr_par' dir='ltr' id='par_1_63' title="bbox 2207 2107 3794 2198">
     <span class='ocr_line' id='line_1_64' title="bbox 2207 2107 3794 2198; baseline 0.018 -41"><span class='ocrx_word' id='word_1_481' title='bbox 2207 2107 2389 2176; x_wconf 81' lang='grc' dir='ltr'>ἐχθροί</span> <span class='ocrx_word' id='word_1_482' title='bbox 2417 2126 2518 2179; x_wconf 87' lang='grc' dir='ltr'><strong><em>μου</em></strong></span> <span class='ocrx_word' id='word_1_483' title='bbox 2560 2113 2622 2165; x_wconf 87' lang='grc' dir='ltr'>τὸ</span> <span class='ocrx_word' id='word_1_484' title='bbox 2669 2114 2792 2167; x_wconf 84' lang='grc' dir='ltr'>ὅσον</span> <span class='ocrx_word' id='word_1_485' title='bbox 2837 2117 2924 2169; x_wconf 86' lang='grc' dir='ltr'><strong><em>ἐπ’</em></strong></span> <span class='ocrx_word' id='word_1_486' title='bbox 2976 2121 3162 2184; x_wconf 73' lang='grc' dir='ltr'>αὐτοῖς</span> <span class='ocrx_word' id='word_1_487' title='bbox 3210 2123 3439 2193; x_wconf 71' lang='grc' dir='ltr'>ἤλαυνον</span> <span class='ocrx_word' id='word_1_488' title='bbox 3466 2107 3653 2198; x_wconf 78' lang='grc' dir='ltr'>αὐτὴν,</span> <span class='ocrx_word' id='word_1_489' title='bbox 3694 2107 3794 2186; x_wconf 51' lang='lat' dir='ltr'><strong><em>ad!</em></strong></span> 
     </span>
    </p>
   </div>
   <div class='ocr_carea' id='block_1_64' title="bbox 2205 2196 3790 2293">
    <p class='ocr_par' dir='ltr' id='par_1_64' title="bbox 2205 2196 3790 2293">
     <span class='ocr_line' id='line_1_65' title="bbox 2205 2196 3790 2293; baseline 0.018 -45"><span class='ocrx_word' id='word_1_490' title='bbox 2205 2196 2542 2264; x_wconf 70' lang='grc' dir='ltr'>ἐξεδιάζοντο</span> <span class='ocrx_word' id='word_1_491' title='bbox 2593 2204 2671 2266; x_wconf 78' lang='grc' dir='ltr'>εις</span> <span class='ocrx_word' id='word_1_492' title='bbox 2713 2204 2942 2260; x_wconf 85' lang='grc' dir='ltr'>θάνατον</span> <span class='ocrx_word' id='word_1_493' title='bbox 2993 2211 3266 2266; x_wconf 85' lang='grc' dir='ltr'><strong><em>ἐκπεσεῖν.</em></strong></span> <span class='ocrx_word' id='word_1_494' title='bbox 3329 2217 3668 2284; x_wconf 86' lang='grc' dir='ltr'>Ὲλαύνοντές</span> <span class='ocrx_word' id='word_1_495' title='bbox 3719 2241 3790 2293; x_wconf 86' lang='grc' dir='ltr'><strong><em>με</em></strong></span> 
     </span>
    </p>
   </div>
   <div class='ocr_carea' id='block_1_65' title="bbox 2204 2285 3792 2371">
    <p class='ocr_par' dir='ltr' id='par_1_65' title="bbox 2204 2285 3792 2371">
     <span class='ocr_line' id='line_1_66' title="bbox 2204 2285 3792 2371; baseline 0.015 -33"><span class='ocrx_word' id='word_1_496' title='bbox 2204 2285 2332 2358; x_wconf 82' lang='grc' dir='ltr'>γὰρ,</span> <span class='ocrx_word' id='word_1_497' title='bbox 2355 2289 2450 2341; x_wconf 83' lang='grc' dir='ltr'><strong><em>καὶ</em></strong></span> <span class='ocrx_word' id='word_1_498' title='bbox 2484 2291 2646 2360; x_wconf 86' lang='grc' dir='ltr'>μέσον</span> <span class='ocrx_word' id='word_1_499' title='bbox 2681 2293 2991 2363; x_wconf 64' lang='grc' dir='ltr'>ἀλλοφύλων</span> <span class='ocrx_word' id='word_1_500' title='bbox 3035 2301 3129 2352; x_wconf 80' lang='grc' dir='ltr'><strong><em>καὶ</em></strong></span> <span class='ocrx_word' id='word_1_501' title='bbox 3175 2298 3477 2371; x_wconf 63' lang='grc' dir='ltr'>ἀλλογενῶν</span> <span class='ocrx_word' id='word_1_502' title='bbox 3507 2307 3677 2360; x_wconf 83' lang='grc' dir='ltr'>ἐθνῶν</span> <span class='ocrx_word' id='word_1_503' title='bbox 3709 2285 3792 2362; x_wconf 66' lang='grc' dir='ltr'><strong><em>ὀι-</em></strong></span> 
     </span>
    </p>
   </div>
   <div class='ocr_carea' id='block_1_66' title="bbox 2203 2382 3782 2470">
    <p class='ocr_par' dir='ltr' id='par_1_66' title="bbox 2203 2382 3782 2470">
     <span class='ocr_line' id='line_1_67' title="bbox 2203 2382 3782 2470; baseline 0.015 -40"><span class='ocrx_word' id='word_1_504' title='bbox 2203 2382 2320 2431; x_wconf 85' lang='grc' dir='ltr'>κεῖν</span> <span class='ocrx_word' id='word_1_505' title='bbox 2345 2386 2865 2452; x_wconf 78' lang='grc' dir='ltr'>καταναγκάζοντες,</span> <span class='ocrx_word' id='word_1_506' title='bbox 2897 2389 2958 2441; x_wconf 77' lang='grc' dir='ltr'>τὸ</span> <span class='ocrx_word' id='word_1_507' title='bbox 3003 2391 3089 2443; x_wconf 78' lang='grc' dir='ltr'>ἐπ’</span> <span class='ocrx_word' id='word_1_508' title='bbox 3114 2393 3300 2457; x_wconf 75' lang='grc' dir='ltr'>αὐτοῖς</span> <span class='ocrx_word' id='word_1_509' title='bbox 3325 2396 3423 2468; x_wconf 75' lang='grc' dir='ltr'>τὴν</span> <span class='ocrx_word' id='word_1_510' title='bbox 3470 2398 3644 2469; x_wconf 69' lang='grc' dir='ltr'>ψυχήν</span> <span class='ocrx_word' id='word_1_511' title='bbox 3679 2417 3782 2470; x_wconf 88' lang='grc' dir='ltr'><strong><em>μου</em></strong></span> 
     </span>
    </p>
   </div>
   <div class='ocr_carea' id='block_1_67' title="bbox 2202 2472 3782 2560">
    <p class='ocr_par' dir='ltr' id='par_1_67' title="bbox 2202 2472 3782 2560">
     <span class='ocr_line' id='line_1_68' title="bbox 2202 2472 3782 2560; baseline 0.013 -35"><span class='ocrx_word' id='word_1_512' title='bbox 2202 2472 2517 2528; x_wconf 71' lang='grc' dir='ltr'>ἐθανάτουνσ</span> <span class='ocrx_word' id='word_1_513' title='bbox 2549 2478 2716 2547; x_wconf 81' lang='grc' dir='ltr'>ἤγουν</span> <span class='ocrx_word' id='word_1_514' title='bbox 2751 2479 2983 2550; x_wconf 70' lang='grc' dir='ltr'>ἤμελλον</span> <span class='ocrx_word' id='word_1_515' title='bbox 3029 2485 3401 2540; x_wconf 79' lang='grc' dir='ltr'>συνάπτεσθαι</span> <span class='ocrx_word' id='word_1_516' title='bbox 3427 2493 3491 2560; x_wconf 81' lang='grc' dir='ltr'>τῇ</span> <span class='ocrx_word' id='word_1_517' title='bbox 3523 2491 3631 2544; x_wconf 87' lang='grc' dir='ltr'><strong><em>τῶν</em></strong></span> <span class='ocrx_word' id='word_1_518' title='bbox 3682 2493 3782 2545; x_wconf 82' lang='grc' dir='ltr'><strong><em>ἀλ-</em></strong></span> 
     </span>
    </p>
   </div>
   <div class='ocr_carea' id='block_1_68' title="bbox 2080 2656 3780 2744">
    <p class='ocr_par' dir='ltr' id='par_1_68' title="bbox 2080 2656 3780 2744">
     <span class='ocr_line' id='line_1_69' title="bbox 2080 2656 3780 2744; baseline 0.012 -36"><span class='ocrx_word' id='word_1_519' title='bbox 2080 2690 2095 2716; x_wconf 88' lang='grc'><em>,</em></span> <span class='ocrx_word' id='word_1_520' title='bbox 2198 2656 2291 2720; x_wconf 81' lang='grc' dir='ltr'>οὓς</span> <span class='ocrx_word' id='word_1_521' title='bbox 2335 2659 2558 2729; x_wconf 83' lang='grc' dir='ltr'>χρόνους</span> <span class='ocrx_word' id='word_1_522' title='bbox 2606 2662 2757 2732; x_wconf 71' lang='grc' dir='ltr'>παρὰ</span> <span class='ocrx_word' id='word_1_523' title='bbox 2807 2663 2886 2734; x_wconf 84' lang='grc' dir='ltr'><strong><em>τῷ</em></strong></span> <span class='ocrx_word' id='word_1_524' title='bbox 2945 2666 3134 2737; x_wconf 83' lang='grc' dir='ltr'>Ἀχοῦς</span> <span class='ocrx_word' id='word_1_525' title='bbox 3168 2667 3286 2739; x_wconf 80' lang='lat' dir='ltr'><strong><em>(sic)</em></strong></span> <span class='ocrx_word' id='word_1_526' title='bbox 3327 2671 3420 2723; x_wconf 70' lang='grc' dir='ltr'><strong><em>καὶ</em></strong></span> <span class='ocrx_word' id='word_1_527' title='bbox 3460 2673 3517 2724; x_wconf 87' lang='grc' dir='ltr'><strong><em>ἐν</em></strong></span> <span class='ocrx_word' id='word_1_528' title='bbox 3563 2676 3630 2744; x_wconf 77' lang='grc' dir='ltr'>τῇ</span> <span class='ocrx_word' id='word_1_529' title='bbox 3679 2675 3780 2729; x_wconf 84' lang='grc' dir='ltr'><strong><em>Γέθ</em></strong></span> 
     </span>
    </p>
   </div>
   <div class='ocr_carea' id='block_1_69' title="bbox 2198 2749 3780 2832">
    <p class='ocr_par' dir='ltr' id='par_1_69' title="bbox 2198 2749 3780 2832">
     <span class='ocr_line' id='line_1_70' title="bbox 2198 2749 3780 2832; baseline 0.011 -31"><span class='ocrx_word' id='word_1_530' title='bbox 2198 2749 2348 2820; x_wconf 79' lang='grc' dir='ltr'>παρὰ</span> <span class='ocrx_word' id='word_1_531' title='bbox 2377 2753 2489 2815; x_wconf 84' lang='grc' dir='ltr'>τοῖς</span> <span class='ocrx_word' id='word_1_532' title='bbox 2511 2751 2825 2822; x_wconf 79' lang='grc' dir='ltr'>ἀλλοφύλοις</span> <span class='ocrx_word' id='word_1_533' title='bbox 2847 2758 3145 2830; x_wconf 76' lang='grc' dir='ltr'>ἐποιούμην</span> <span class='ocrx_word' id='word_1_534' title='bbox 3174 2761 3272 2824; x_wconf 78' lang='grc' dir='ltr'>τὰς</span> <span class='ocrx_word' id='word_1_535' title='bbox 3293 2761 3589 2832; x_wconf 80' lang='grc' dir='ltr'>διατριϐὰς,</span> <span class='ocrx_word' id='word_1_536' title='bbox 3614 2766 3780 2820; x_wconf 83' lang='grc' dir='ltr'>πάλαι</span> 
     </span>
    </p>
   </div>
   <div class='ocr_carea' id='block_1_70' title="bbox 2194 2837 3778 2926">
    <p class='ocr_par' dir='ltr' id='par_1_70' title="bbox 2194 2837 3778 2926">
     <span class='ocr_line' id='line_1_71' title="bbox 2194 2837 3778 2926; baseline 0.011 -34"><span class='ocrx_word' id='word_1_537' title='bbox 2194 2837 2262 2893; x_wconf 80' lang='grc' dir='ltr'>ἂν</span> <span class='ocrx_word' id='word_1_538' title='bbox 2288 2841 2386 2912; x_wconf 85' lang='grc' dir='ltr'>τὴν</span> <span class='ocrx_word' id='word_1_539' title='bbox 2412 2841 2590 2914; x_wconf 70' lang='grc' dir='ltr'>ψυχήν</span> <span class='ocrx_word' id='word_1_540' title='bbox 2644 2862 2744 2914; x_wconf 89' lang='grc' dir='ltr'><strong><em>μου</em></strong></span> <span class='ocrx_word' id='word_1_541' title='bbox 2801 2847 3104 2919; x_wconf 81' lang='grc' dir='ltr'>τεθνήκειν,</span> <span class='ocrx_word' id='word_1_542' title='bbox 3164 2851 3265 2922; x_wconf 78' lang='grc' dir='ltr'>τῆς</span> <span class='ocrx_word' id='word_1_543' title='bbox 3320 2853 3472 2924; x_wconf 76' lang='grc' dir='ltr'>παρὰ</span> <span class='ocrx_word' id='word_1_544' title='bbox 3519 2855 3602 2908; x_wconf 74' lang='grc' dir='ltr'>σοὶ</span> <span class='ocrx_word' id='word_1_545' title='bbox 3634 2857 3778 2926; x_wconf 79' lang='grc' dir='ltr'>ζωῆς</span> 
     </span>
    </p>
   </div>
   <div class='ocr_carea' id='block_1_71' title="bbox 2194 2931 3780 3010">
    <p class='ocr_par' dir='ltr' id='par_1_71' title="bbox 2194 2931 3780 3010">
     <span class='ocr_line' id='line_1_72' title="bbox 2194 2931 3780 3010; baseline 0.011 -27"><span class='ocrx_word' id='word_1_546' title='bbox 2194 2931 2464 2985; x_wconf 81' lang='grc' dir='ltr'>ἐκπεσών·</span> <span class='ocrx_word' id='word_1_547' title='bbox 2501 2934 2616 2986; x_wconf 79' lang='grc' dir='ltr'>ἀλλ’</span> <span class='ocrx_word' id='word_1_548' title='bbox 2650 2937 2682 3007; x_wconf 80' lang='grc' dir='ltr'>ἡ</span> <span class='ocrx_word' id='word_1_549' title='bbox 2722 2937 2787 3008; x_wconf 83' lang='grc' dir='ltr'>σὴ</span> <span class='ocrx_word' id='word_1_550' title='bbox 2821 2939 2981 3008; x_wconf 86' lang='grc' dir='ltr'>χάρις</span> <span class='ocrx_word' id='word_1_551' title='bbox 3009 2941 3102 2994; x_wconf 80' lang='grc' dir='ltr'><strong><em>καὶ</em></strong></span> <span class='ocrx_word' id='word_1_552' title='bbox 3149 2941 3210 2996; x_wconf 83' lang='grc' dir='ltr'>τὸ</span> <span class='ocrx_word' id='word_1_553' title='bbox 3239 2943 3330 2996; x_wconf 85' lang='grc' dir='ltr'><strong><em>σὺν</em></strong></span> <span class='ocrx_word' id='word_1_554' title='bbox 3359 2944 3506 3010; x_wconf 81' lang='grc' dir='ltr'>ἔλεος</span> <span class='ocrx_word' id='word_1_555' title='bbox 3555 2948 3615 3000; x_wconf 77' lang='grc' dir='ltr'><strong><em>οὐ</em></strong></span> <span class='ocrx_word' id='word_1_556' title='bbox 3654 2965 3780 3001; x_wconf 89' lang='grc' dir='ltr'>συν-</span> 
     </span>
    </p>
   </div>
   <div class='ocr_carea' id='block_1_72' title="bbox 2191 3022 3774 3108">
    <p class='ocr_par' dir='ltr' id='par_1_72' title="bbox 2191 3022 3774 3108">
     <span class='ocr_line' id='line_1_73' title="bbox 2191 3022 3774 3108; baseline 0.012 -34"><span class='ocrx_word' id='word_1_557' title='bbox 2191 3022 2437 3095; x_wconf 82' lang='grc' dir='ltr'>εχώρησε</span> <span class='ocrx_word' id='word_1_558' title='bbox 2467 3026 2624 3079; x_wconf 79' lang='grc' dir='ltr'>τοῦτο</span> <span class='ocrx_word' id='word_1_559' title='bbox 2650 3029 2924 3094; x_wconf 82' lang='grc' dir='ltr'>γενέσθαι·</span> <span class='ocrx_word' id='word_1_560' title='bbox 2946 3032 3068 3083; x_wconf 71' lang='grc' dir='ltr'>ἐπεὶ</span> <span class='ocrx_word' id='word_1_561' title='bbox 3103 3033 3197 3086; x_wconf 75' lang='grc' dir='ltr'><strong><em>καὶ</em></strong></span> <span class='ocrx_word' id='word_1_562' title='bbox 3224 3051 3298 3087; x_wconf 87' lang='grc' dir='ltr'><strong><em>πα</em></strong></span> <span class='ocrx_word' id='word_1_563' title='bbox 3309 3034 3374 3106; x_wconf 78' lang='grc' dir='ltr'><strong><em>ρὰ</em></strong></span> <span class='ocrx_word' id='word_1_564' title='bbox 3399 3039 3512 3099; x_wconf 87' lang='grc' dir='ltr'>τοῖς</span> <span class='ocrx_word' id='word_1_565' title='bbox 3541 3037 3774 3108; x_wconf 74' lang='grc' dir='ltr'>ἀλλοφύ-</span> 
     </span>
    </p>
   </div>
   <div class='ocr_carea' id='block_1_73' title="bbox 2747 3578 3765 3657">
    <p class='ocr_par' dir='ltr' id='par_1_73' title="bbox 2747 3578 3765 3657">
     <span class='ocr_line' id='line_1_74' title="bbox 2747 3578 3765 3657; baseline 0.002 -18"><span class='ocrx_word' id='word_1_566' title='bbox 2747 3595 2794 3640; x_wconf 75' lang='grc' dir='ltr'><strong><em>ς,</em></strong></span> <span class='ocrx_word' id='word_1_567' title='bbox 2869 3578 3033 3649; x_wconf 83' lang='grc' dir='ltr'>μέσος</span> <span class='ocrx_word' id='word_1_568' title='bbox 3084 3583 3355 3637; x_wconf 78' lang='grc' dir='ltr'>τοσούτων</span> <span class='ocrx_word' id='word_1_569' title='bbox 3413 3586 3765 3657; x_wconf 75' lang='grc' dir='ltr'>ἀπολειφθεὶς</span> 
     </span>
    </p>
   </div>
   <div class='ocr_carea' id='block_1_74' title="bbox 2182 3662 3764 3751">
    <p class='ocr_par' dir='ltr' id='par_1_74' title="bbox 2182 3662 3764 3751">
     <span class='ocr_line' id='line_1_75' title="bbox 2182 3662 3764 3751; baseline 0.013 -36"><span class='ocrx_word' id='word_1_570' title='bbox 2182 3662 2356 3716; x_wconf 78' lang='grc' dir='ltr'>ἀθέων</span> <span class='ocrx_word' id='word_1_571' title='bbox 2389 3667 2481 3719; x_wconf 77' lang='grc' dir='ltr'><strong><em>καὶ</em></strong></span> <span class='ocrx_word' id='word_1_572' title='bbox 2511 3667 2910 3741; x_wconf 75' lang='grc' dir='ltr'>εἰδωλολατρῶν</span> <span class='ocrx_word' id='word_1_573' title='bbox 2953 3672 3192 3744; x_wconf 83' lang='grc' dir='ltr'>ἀνδρῶν;</span> <span class='ocrx_word' id='word_1_574' title='bbox 3240 3676 3378 3730; x_wconf 77' lang='grc' dir='ltr'>Ἀλλ’</span> <span class='ocrx_word' id='word_1_575' title='bbox 3408 3674 3475 3749; x_wconf 82' lang='grc' dir='ltr'>ἦν</span> <span class='ocrx_word' id='word_1_576' title='bbox 3511 3679 3619 3751; x_wconf 78' lang='grc' dir='ltr'>ἄρα</span> <span class='ocrx_word' id='word_1_577' title='bbox 3667 3682 3764 3734; x_wconf 75' lang='grc' dir='ltr'><strong><em>καὶ</em></strong></span> 
     </span>
    </p>
   </div>
   <div class='ocr_carea' id='block_1_75' title="bbox 2182 3755 3760 3844">
    <p class='ocr_par' dir='ltr' id='par_1_75' title="bbox 2182 3755 3760 3844">
     <span class='ocr_line' id='line_1_76' title="bbox 2182 3755 3760 3844; baseline 0.013 -38"><span class='ocrx_word' id='word_1_578' title='bbox 2182 3756 2239 3806; x_wconf 90' lang='grc' dir='ltr'><strong><em>ἐν</em></strong></span> <span class='ocrx_word' id='word_1_579' title='bbox 2263 3755 2436 3827; x_wconf 79' lang='grc' dir='ltr'>τούτῳ</span> <span class='ocrx_word' id='word_1_580' title='bbox 2461 3757 2522 3811; x_wconf 85' lang='grc' dir='ltr'>τὸ</span> <span class='ocrx_word' id='word_1_581' title='bbox 2552 3759 2642 3812; x_wconf 87' lang='grc' dir='ltr'>σὸν</span> <span class='ocrx_word' id='word_1_582' title='bbox 2675 3760 2843 3824; x_wconf 73' lang='grc' dir='ltr'>ἔλεος,</span> <span class='ocrx_word' id='word_1_583' title='bbox 2875 3764 3024 3836; x_wconf 75' lang='grc' dir='ltr'><strong><em>καὶὴ</em></strong></span> <span class='ocrx_word' id='word_1_584' title='bbox 3072 3767 3138 3838; x_wconf 75' lang='grc' dir='ltr'><strong><em>σὴ</em></strong></span> <span class='ocrx_word' id='word_1_585' title='bbox 3171 3768 3330 3839; x_wconf 78' lang='grc' dir='ltr'>χάρις</span> <span class='ocrx_word' id='word_1_586' title='bbox 3366 3772 3602 3843; x_wconf 81' lang='grc' dir='ltr'>ῥυομένη</span> <span class='ocrx_word' id='word_1_587' title='bbox 3657 3790 3760 3844; x_wconf 89' lang='grc' dir='ltr'><strong><em>μου</em></strong></span> 
     </span>
    </p>
   </div>
   <div class='ocr_carea' id='block_1_76' title="bbox 2179 3846 3758 3934">
    <p class='ocr_par' dir='ltr' id='par_1_76' title="bbox 2179 3846 3758 3934">
     <span class='ocr_line' id='line_1_77' title="bbox 2179 3846 3758 3934; baseline 0.013 -37"><span class='ocrx_word' id='word_1_588' title='bbox 2179 3846 2306 3910; x_wconf 74' lang='grc' dir='ltr'>τοὺς</span> <span class='ocrx_word' id='word_1_589' title='bbox 2334 3848 2498 3913; x_wconf 75' lang='grc' dir='ltr'>πόδας</span> <span class='ocrx_word' id='word_1_590' title='bbox 2533 3850 2593 3915; x_wconf 81' lang='grc' dir='ltr'>ἐξ</span> <span class='ocrx_word' id='word_1_591' title='bbox 2613 3851 2992 3926; x_wconf 84' lang='grc' dir='ltr'>ὀλισθήματος·</span> <span class='ocrx_word' id='word_1_592' title='bbox 3023 3860 3084 3911; x_wconf 80' lang='grc' dir='ltr'>οὐ</span> <span class='ocrx_word' id='word_1_593' title='bbox 3133 3859 3240 3932; x_wconf 73' lang='grc' dir='ltr'><strong><em>γὰρ</em></strong></span> <span class='ocrx_word' id='word_1_594' title='bbox 3271 3863 3508 3932; x_wconf 83' lang='grc' dir='ltr'>ἐμαυτοῦ</span> <span class='ocrx_word' id='word_1_595' title='bbox 3534 3864 3758 3934; x_wconf 84' lang='grc' dir='ltr'>δυνάμει</span> 
     </span>
    </p>
   </div>
   <div class='ocr_carea' id='block_1_77' title="bbox 2178 3939 3756 4025">
    <p class='ocr_par' dir='ltr' id='par_1_77' title="bbox 2178 3939 3756 4025">
     <span class='ocr_line' id='line_1_78' title="bbox 2178 3939 3756 4025; baseline 0.011 -36"><span class='ocrx_word' id='word_1_596' title='bbox 2178 3939 2468 4010; x_wconf 63' lang='grc' dir='ltr'>ἐπιγράψω</span> <span class='ocrx_word' id='word_1_597' title='bbox 2525 3943 2714 3998; x_wconf 81' lang='grc' dir='ltr'>ταῦτα·</span> <span class='ocrx_word' id='word_1_598' title='bbox 2753 3947 2873 4001; x_wconf 82' lang='grc' dir='ltr'>ἐπεὶ</span> <span class='ocrx_word' id='word_1_599' title='bbox 2937 3950 3058 4020; x_wconf 71' lang='grc' dir='ltr'>μηδ’</span> <span class='ocrx_word' id='word_1_600' title='bbox 3110 3950 3282 4015; x_wconf 75' lang='grc' dir='ltr'>οὕτως</span> <span class='ocrx_word' id='word_1_601' title='bbox 3331 3954 3476 4024; x_wconf 77' lang='grc' dir='ltr'><strong><em>ήμην</em></strong></span> <span class='ocrx_word' id='word_1_602' title='bbox 3531 3957 3756 4025; x_wconf 71' lang='grc' dir='ltr'>στερρὸς</span> 
     </span>
    </p>
   </div>
   <div class='ocr_carea' id='block_1_78' title="bbox 2176 4028 3754 4112">
    <p class='ocr_par' dir='ltr' id='par_1_78' title="bbox 2176 4028 3754 4112">
     <span class='ocr_line' id='line_1_79' title="bbox 2176 4028 3754 4112; baseline 0.01 -32"><span class='ocrx_word' id='word_1_603' title='bbox 2176 4028 2273 4100; x_wconf 85' lang='grc' dir='ltr'>τὴν</span> <span class='ocrx_word' id='word_1_604' title='bbox 2297 4031 2471 4102; x_wconf 72' lang='grc' dir='ltr'>ψυχὴν</span> <span class='ocrx_word' id='word_1_605' title='bbox 2500 4033 2575 4096; x_wconf 83' lang='grc' dir='ltr'><strong><em>ὡς</em></strong></span> <span class='ocrx_word' id='word_1_606' title='bbox 2595 4035 2916 4108; x_wconf 81' lang='grc' dir='ltr'>ἀδιάτρεπος</span> <span class='ocrx_word' id='word_1_607' title='bbox 2939 4040 3138 4109; x_wconf 80' lang='grc' dir='ltr'>μένειν,</span> <span class='ocrx_word' id='word_1_608' title='bbox 3169 4043 3225 4093; x_wconf 88' lang='grc' dir='ltr'><strong><em>ἐν</em></strong></span> <span class='ocrx_word' id='word_1_609' title='bbox 3243 4041 3319 4112; x_wconf 84' lang='grc' dir='ltr'>τῷ</span> <span class='ocrx_word' id='word_1_610' title='bbox 3339 4041 3538 4111; x_wconf 78' lang='grc' dir='ltr'>μεταξὺ</span> <span class='ocrx_word' id='word_1_611' title='bbox 3567 4043 3754 4096; x_wconf 86' lang='grc' dir='ltr'>τοσού-</span> 
     </span>
    </p>
   </div>
   <div class='ocr_carea' id='block_1_79' title="bbox 2175 4123 3754 4204">
    <p class='ocr_par' dir='ltr' id='par_1_79' title="bbox 2175 4123 3754 4204">
     <span class='ocr_line' id='line_1_80' title="bbox 2175 4123 3754 4204; baseline 0.01 -32"><span class='ocrx_word' id='word_1_612' title='bbox 2175 4137 2283 4174; x_wconf 91' lang='grc' dir='ltr'><strong><em>των</em></strong></span> <span class='ocrx_word' id='word_1_613' title='bbox 2315 4123 2580 4194; x_wconf 81' lang='grc' dir='ltr'>εἱλῆσθαι,</span> <span class='ocrx_word' id='word_1_614' title='bbox 2615 4128 2663 4180; x_wconf 73' lang='grc' dir='ltr'>εἰ</span> <span class='ocrx_word' id='word_1_615' title='bbox 2699 4129 2772 4198; x_wconf 88' lang='grc' dir='ltr'>μὴ</span> <span class='ocrx_word' id='word_1_616' title='bbox 2821 4130 2884 4182; x_wconf 77' lang='grc' dir='ltr'><strong><em>σὺ</em></strong></span> <span class='ocrx_word' id='word_1_617' title='bbox 2927 4127 3069 4201; x_wconf 83' lang='grc' dir='ltr'>ἦσθα</span> <span class='ocrx_word' id='word_1_618' title='bbox 3106 4132 3314 4203; x_wconf 80' lang='grc' dir='ltr'>βοηθός.</span> <span class='ocrx_word' id='word_1_619' title='bbox 3378 4132 3462 4186; x_wconf 78' lang='grc' dir='ltr'><strong><em>Διὸ</em></strong></span> <span class='ocrx_word' id='word_1_620' title='bbox 3501 4132 3754 4204; x_wconf 79' lang='grc' dir='ltr'>ἐξομολο-</span> 
     </span>
    </p>
   </div>
   <div class='ocr_carea' id='block_1_80' title="bbox 2175 4213 3752 4298">
    <p class='ocr_par' dir='ltr' id='par_1_80' title="bbox 2175 4213 3752 4298">
     <span class='ocr_line' id='line_1_81' title="bbox 2175 4213 3752 4298; baseline 0.011 -34"><span class='ocrx_word' id='word_1_621' title='bbox 2175 4213 2438 4283; x_wconf 84' lang='grc' dir='ltr'>γούμενος</span> <span class='ocrx_word' id='word_1_622' title='bbox 2466 4217 2792 4288; x_wconf 78' lang='grc' dir='ltr'>εὐχαριστῶ,</span> <span class='ocrx_word' id='word_1_623' title='bbox 2817 4221 2898 4274; x_wconf 87' lang='grc' dir='ltr'>ὅτι</span> <span class='ocrx_word' id='word_1_624' title='bbox 2943 4223 3158 4294; x_wconf 70' lang='grc' dir='ltr'>ἐρῤύσω</span> <span class='ocrx_word' id='word_1_625' title='bbox 3197 4228 3321 4289; x_wconf 78' lang='grc' dir='ltr'>τοὺς</span> <span class='ocrx_word' id='word_1_626' title='bbox 3350 4226 3513 4289; x_wconf 75' lang='grc' dir='ltr'>πόδας</span> <span class='ocrx_word' id='word_1_627' title='bbox 3567 4245 3665 4298; x_wconf 87' lang='grc' dir='ltr'><strong><em>μου</em></strong></span> <span class='ocrx_word' id='word_1_628' title='bbox 3692 4229 3752 4296; x_wconf 77' lang='grc' dir='ltr'>ἐξ</span> 
     </span>
    </p>
   </div>
   <div class='ocr_carea' id='block_1_81' title="bbox 2051 4300 3750 4389">
    <p class='ocr_par' dir='ltr' id='par_1_81' title="bbox 2051 4300 3750 4389">
     <span class='ocr_line' id='line_1_82' title="bbox 2051 4300 3750 4389; baseline 0.012 -38"><span class='ocrx_word' id='word_1_629' title='bbox 2051 4313 2070 4362; x_wconf 90' lang='grc'><em>;</em></span> <span class='ocrx_word' id='word_1_630' title='bbox 2173 4300 2553 4375; x_wconf 84' lang='grc' dir='ltr'>ὀλισθήματος.</span> <span class='ocrx_word' id='word_1_631' title='bbox 2604 4309 2713 4363; x_wconf 79' lang='grc' dir='ltr'><strong><em>Καὶ</em></strong></span> <span class='ocrx_word' id='word_1_632' title='bbox 2741 4309 2916 4364; x_wconf 79' lang='grc' dir='ltr'>ταῦτά</span> <span class='ocrx_word' id='word_1_633' title='bbox 2945 4330 3034 4382; x_wconf 89' lang='grc' dir='ltr'><strong><em>μοι</em></strong></span> <span class='ocrx_word' id='word_1_634' title='bbox 3090 4314 3148 4367; x_wconf 83' lang='grc' dir='ltr'>τὸ</span> <span class='ocrx_word' id='word_1_635' title='bbox 3181 4316 3272 4368; x_wconf 77' lang='grc' dir='ltr'>σὸν</span> <span class='ocrx_word' id='word_1_636' title='bbox 3298 4316 3444 4381; x_wconf 82' lang='grc' dir='ltr'>ἔλεος</span> <span class='ocrx_word' id='word_1_637' title='bbox 3477 4319 3750 4389; x_wconf 83' lang='grc' dir='ltr'>ἐδωρεῖτο,</span> 
     </span>
    </p>
   </div>
   <div class='ocr_carea' id='block_1_82' title="bbox 2173 4392 3753 4479">
    <p class='ocr_par' dir='ltr' id='par_1_82' title="bbox 2173 4392 3753 4479">
     <span class='ocr_line' id='line_1_83' title="bbox 2173 4392 3753 4479; baseline 0.013 -34"><span class='ocrx_word' id='word_1_638' title='bbox 2173 4392 2325 4462; x_wconf 82' lang='grc' dir='ltr'>ὑπὲρ</span> <span class='ocrx_word' id='word_1_639' title='bbox 2353 4395 2459 4450; x_wconf 84' lang='grc' dir='ltr'><strong><em>τοῦ</em></strong></span> <span class='ocrx_word' id='word_1_640' title='bbox 2480 4399 2882 4469; x_wconf 78' lang='grc' dir='ltr'>εὐαρεστῆσαι</span> <span class='ocrx_word' id='word_1_641' title='bbox 2919 4403 3175 4459; x_wconf 71' lang='grc' dir='ltr'>ἐνώπιόν</span> <span class='ocrx_word' id='word_1_642' title='bbox 3202 4424 3319 4462; x_wconf 87' lang='grc' dir='ltr'><em>σου</em></span> <span class='ocrx_word' id='word_1_643' title='bbox 3343 4410 3414 4462; x_wconf 83' lang='grc' dir='ltr'>ἑν</span> <span class='ocrx_word' id='word_1_644' title='bbox 3444 4411 3587 4479; x_wconf 68' lang='grc' dir='ltr'>φωτὶ</span> <span class='ocrx_word' id='word_1_645' title='bbox 3618 4409 3753 4471; x_wconf 81' lang='grc' dir='ltr'><em>ζών-</em></span> 
     </span>
    </p>
   </div>
   <div class='ocr_carea' id='block_1_83' title="bbox 2174 4488 3753 4572">
    <p class='ocr_par' dir='ltr' id='par_1_83' title="bbox 2174 4488 3753 4572">
     <span class='ocr_line' id='line_1_84' title="bbox 2174 4488 3753 4572; baseline 0.025 -38"><span class='ocrx_word' id='word_1_646' title='bbox 2174 4503 2310 4538; x_wconf 77' lang='grc' dir='ltr'>τωνο</span> <span class='ocrx_word' id='word_1_647' title='bbox 2333 4488 2393 4556; x_wconf 79' lang='grc' dir='ltr'><strong><em>ἢ,</em></strong></span> <span class='ocrx_word' id='word_1_648' title='bbox 2423 4489 2562 4543; x_wconf 75' lang='grc' dir='ltr'>κατὰ</span> <span class='ocrx_word' id='word_1_649' title='bbox 2596 4491 2687 4545; x_wconf 81' lang='grc' dir='ltr'>τὸν</span> <span class='ocrx_word' id='word_1_650' title='bbox 2711 4493 3024 4567; x_wconf 77' lang='grc' dir='ltr'>Σύμμαχον,</span> <span class='ocrx_word' id='word_1_651' title='bbox 3047 4498 3127 4564; x_wconf 80' lang='grc' dir='ltr'><strong><em>ὡς</em></strong></span> <span class='ocrx_word' id='word_1_652' title='bbox 3167 4499 3235 4552; x_wconf 74' lang='grc' dir='ltr'><strong><em>τὸ</em></strong></span> <span class='ocrx_word' id='word_1_653' title='bbox 3277 4499 3508 4554; x_wconf 72' lang='grc' dir='ltr'><strong><em>ὁδεύειν</em></strong></span> <span class='ocrx_word' id='word_1_654' title='bbox 3538 4502 3753 4572; x_wconf 69' lang='grc' dir='ltr'><strong><em>ἔμπρο-</em></strong></span> 
     </span>
    </p>
   </div>
   <div class='ocr_carea' id='block_1_84' title="bbox 2173 4582 3750 4667">
    <p class='ocr_par' dir='ltr' id='par_1_84' title="bbox 2173 4582 3750 4667">
     <span class='ocr_line' id='line_1_85' title="bbox 2173 4582 3750 4667; baseline 0.011 -35"><span class='ocrx_word' id='word_1_655' title='bbox 2173 4583 2322 4633; x_wconf 82' lang='grc' dir='ltr'>σθεν</span> <span class='ocrx_word' id='word_1_656' title='bbox 2351 4582 2457 4637; x_wconf 84' lang='grc' dir='ltr'><strong><em>τοῦ</em></strong></span> <span class='ocrx_word' id='word_1_657' title='bbox 2512 4585 2659 4639; x_wconf 84' lang='grc' dir='ltr'><strong><em>Θεοῦ</em></strong></span> <span class='ocrx_word' id='word_1_658' title='bbox 2709 4586 2805 4640; x_wconf 80' lang='grc' dir='ltr'>διὰ</span> <span class='ocrx_word' id='word_1_659' title='bbox 2836 4589 3031 4657; x_wconf 70' lang='grc' dir='ltr'>φωτὸς</span> <span class='ocrx_word' id='word_1_660' title='bbox 3070 4590 3179 4659; x_wconf 82' lang='grc' dir='ltr'>τῆς</span> <span class='ocrx_word' id='word_1_661' title='bbox 3235 4590 3402 4661; x_wconf 77' lang='grc' dir='ltr'>ζωῆς.</span> <span class='ocrx_word' id='word_1_662' title='bbox 3451 4597 3750 4667; x_wconf 73' lang='grc' dir='ltr'>Διατρίϐων</span> 
     </span>
    </p>
   </div>
   <div class='ocr_carea' id='block_1_85' title="bbox 2173 4669 3748 4755">
    <p class='ocr_par' dir='ltr' id='par_1_85' title="bbox 2173 4669 3748 4755">
     <span class='ocr_line' id='line_1_86' title="bbox 2173 4669 3748 4755; baseline 0.011 -34"><span class='ocrx_word' id='word_1_663' title='bbox 2173 4669 2300 4736; x_wconf 82' lang='grc' dir='ltr'>γοῦν</span> <span class='ocrx_word' id='word_1_664' title='bbox 2329 4673 2423 4724; x_wconf 76' lang='grc' dir='ltr'><strong><em>καὶ</em></strong></span> <span class='ocrx_word' id='word_1_665' title='bbox 2447 4674 2598 4745; x_wconf 70' lang='grc' dir='ltr'>παρὰ</span> <span class='ocrx_word' id='word_1_666' title='bbox 2619 4680 2729 4741; x_wconf 81' lang='grc' dir='ltr'>τοῖς</span> <span class='ocrx_word' id='word_1_667' title='bbox 2763 4678 3103 4748; x_wconf 78' lang='grc' dir='ltr'>ἀλλοφύλοις,</span> <span class='ocrx_word' id='word_1_668' title='bbox 3131 4683 3230 4753; x_wconf 78' lang='grc' dir='ltr'>τῆς</span> <span class='ocrx_word' id='word_1_669' title='bbox 3278 4685 3446 4755; x_wconf 73' lang='grc' dir='ltr'>ὀρθῆς</span> <span class='ocrx_word' id='word_1_670' title='bbox 3473 4687 3566 4738; x_wconf 73' lang='grc' dir='ltr'>καὶ</span> <span class='ocrx_word' id='word_1_671' title='bbox 3593 4685 3748 4755; x_wconf 82' lang='grc' dir='ltr'>βασι-</span> 
     </span>
    </p>
   </div>
   <div class='ocr_carea' id='block_1_86' title="bbox 2169 4760 3748 4846">
    <p class='ocr_par' dir='ltr' id='par_1_86' title="bbox 2169 4760 3748 4846">
     <span class='ocr_line' id='line_1_87' title="bbox 2169 4760 3748 4846; baseline 0.01 -32"><span class='ocrx_word' id='word_1_672' title='bbox 2169 4760 2324 4833; x_wconf 79' lang='grc' dir='ltr'>λικῆς</span> <span class='ocrx_word' id='word_1_673' title='bbox 2355 4764 2474 4818; x_wconf 76' lang='grc' dir='ltr'>ὁδοῦ</span> <span class='ocrx_word' id='word_1_674' title='bbox 2504 4767 2564 4818; x_wconf 75' lang='grc' dir='ltr'>οὐ</span> <span class='ocrx_word' id='word_1_675' title='bbox 2597 4767 2925 4840; x_wconf 77' lang='grc' dir='ltr'>παρέξεισιν·</span> <span class='ocrx_word' id='word_1_676' title='bbox 2945 4773 3079 4827; x_wconf 73' lang='grc' dir='ltr'>ἀλλὰ</span> <span class='ocrx_word' id='word_1_677' title='bbox 3108 4776 3187 4828; x_wconf 76' lang='grc' dir='ltr'><strong><em>σοὶ</em></strong></span> <span class='ocrx_word' id='word_1_678' title='bbox 3217 4777 3524 4846; x_wconf 81' lang='grc' dir='ltr'>εὐαρέστως</span> <span class='ocrx_word' id='word_1_679' title='bbox 3553 4777 3748 4830; x_wconf 80' lang='grc' dir='ltr'>ὥδευον</span> 
     </span>
    </p>
   </div>
   <div class='ocr_carea' id='block_1_87' title="bbox 2171 4853 3748 4935">
    <p class='ocr_par' dir='ltr' id='par_1_87' title="bbox 2171 4853 3748 4935">
     <span class='ocr_line' id='line_1_88' title="bbox 2171 4853 3748 4935; baseline 0.01 -30"><span class='ocrx_word' id='word_1_680' title='bbox 2171 4853 2275 4906; x_wconf 87' lang='grc' dir='ltr'><strong><em>ὑπὸ</em></strong></span> <span class='ocrx_word' id='word_1_681' title='bbox 2302 4854 2395 4908; x_wconf 78' lang='grc' dir='ltr'>σοῦ</span> <span class='ocrx_word' id='word_1_682' title='bbox 2431 4855 2832 4929; x_wconf 63' lang='grc' dir='ltr'>ποδηγούμενως</span> <span class='ocrx_word' id='word_1_683' title='bbox 2887 4862 2982 4914; x_wconf 74' lang='grc' dir='ltr'><strong><em>καὶ</em></strong></span> <span class='ocrx_word' id='word_1_684' title='bbox 3045 4862 3430 4934; x_wconf 73' lang='grc' dir='ltr'>φωτιζόμενος,</span> <span class='ocrx_word' id='word_1_685' title='bbox 3461 4868 3638 4935; x_wconf 73' lang='grc' dir='ltr'>φωτός</span> <span class='ocrx_word' id='word_1_686' title='bbox 3689 4885 3748 4921; x_wconf 86' lang='grc' dir='ltr'><strong><em>τε</em></strong></span> 
     </span>
    </p>
   </div>
   <div class='ocr_carea' id='block_1_88' title="bbox 2171 4947 3744 5028">
    <p class='ocr_par' dir='ltr' id='par_1_88' title="bbox 2171 4947 3744 5028">
     <span class='ocr_line' id='line_1_89' title="bbox 2171 4947 3744 5028; baseline 0.008 -29"><span class='ocrx_word' id='word_1_687' title='bbox 2171 4947 2592 5018; x_wconf 81' lang='grc' dir='ltr'>μεταλαγχὰνων</span> <span class='ocrx_word' id='word_1_688' title='bbox 2619 4953 2677 5004; x_wconf 78' lang='grc' dir='ltr'>οὐ</span> <span class='ocrx_word' id='word_1_689' title='bbox 2704 4951 2798 5005; x_wconf 74' lang='grc' dir='ltr'>τοῦ</span> <span class='ocrx_word' id='word_1_690' title='bbox 2845 4953 3023 5007; x_wconf 75' lang='grc' dir='ltr'>κοινοῦ</span> <span class='ocrx_word' id='word_1_691' title='bbox 3076 4955 3170 5008; x_wconf 74' lang='grc' dir='ltr'><strong><em>καὶ</em></strong></span> <span class='ocrx_word' id='word_1_692' title='bbox 3207 4957 3372 5009; x_wconf 77' lang='grc' dir='ltr'>πᾶσιν</span> <span class='ocrx_word' id='word_1_693' title='bbox 3403 4958 3744 5028; x_wconf 82' lang='grc' dir='ltr'>ἐγκειμένου,</span> 
     </span>
    </p>
   </div>
   <div class='ocr_carea' id='block_1_89' title="bbox 2165 5037 3747 5120">
    <p class='ocr_par' dir='ltr' id='par_1_89' title="bbox 2165 5037 3747 5120">
     <span class='ocr_line' id='line_1_90' title="bbox 2165 5037 3747 5120; baseline 0.008 -30"><span class='ocrx_word' id='word_1_694' title='bbox 2165 5037 2400 5106; x_wconf 83' lang='grc' dir='ltr'>λογικοῖς</span> <span class='ocrx_word' id='word_1_695' title='bbox 2424 5059 2482 5094; x_wconf 90' lang='grc' dir='ltr'><strong><em>τε</em></strong></span> <span class='ocrx_word' id='word_1_696' title='bbox 2509 5043 2602 5096; x_wconf 79' lang='grc' dir='ltr'><strong><em>καὶ</em></strong></span> <span class='ocrx_word' id='word_1_697' title='bbox 2636 5045 2868 5113; x_wconf 74' lang='grc' dir='ltr'>ἀλόγοις,</span> <span class='ocrx_word' id='word_1_698' title='bbox 2904 5046 3113 5118; x_wconf 80' lang='grc' dir='ltr'>θηρίοις</span> <span class='ocrx_word' id='word_1_699' title='bbox 3139 5065 3196 5101; x_wconf 89' lang='grc' dir='ltr'><strong><em>τε</em></strong></span> <span class='ocrx_word' id='word_1_700' title='bbox 3243 5049 3334 5101; x_wconf 73' lang='grc' dir='ltr'><strong><em>καὶ</em></strong></span> <span class='ocrx_word' id='word_1_701' title='bbox 3360 5051 3629 5120; x_wconf 79' lang='grc' dir='ltr'>ἑρπετοῖς,</span> <span class='ocrx_word' id='word_1_702' title='bbox 3661 5067 3747 5102; x_wconf 91' lang='grc' dir='ltr'>νε-</span> 
     </span>
    </p>
   </div>
   <div class='ocr_carea' id='block_1_90' title="bbox 2165 5133 3746 5212">
    <p class='ocr_par' dir='ltr' id='par_1_90' title="bbox 2165 5133 3746 5212">
     <span class='ocr_line' id='line_1_91' title="bbox 2165 5133 3746 5212; baseline 0.009 -31"><span class='ocrx_word' id='word_1_703' title='bbox 2165 5133 2316 5200; x_wconf 81' lang='grc' dir='ltr'>κροῖς</span> <span class='ocrx_word' id='word_1_704' title='bbox 2341 5147 2400 5184; x_wconf 87' lang='grc' dir='ltr'><strong><em>τε</em></strong></span> <span class='ocrx_word' id='word_1_705' title='bbox 2427 5135 2518 5187; x_wconf 81' lang='grc' dir='ltr'><strong><em>καὶ</em></strong></span> <span class='ocrx_word' id='word_1_706' title='bbox 2558 5134 2802 5205; x_wconf 69' lang='grc' dir='ltr'>ἀψύχοις,</span> <span class='ocrx_word' id='word_1_707' title='bbox 2835 5137 2970 5190; x_wconf 81' lang='grc' dir='ltr'>ἀλλὰ</span> <span class='ocrx_word' id='word_1_708' title='bbox 3001 5138 3094 5191; x_wconf 78' lang='grc' dir='ltr'>τοῦ</span> <span class='ocrx_word' id='word_1_709' title='bbox 3129 5141 3308 5210; x_wconf 77' lang='grc' dir='ltr'>μόνοις</span> <span class='ocrx_word' id='word_1_710' title='bbox 3333 5144 3445 5205; x_wconf 90' lang='grc' dir='ltr'>τοῖς</span> <span class='ocrx_word' id='word_1_711' title='bbox 3475 5142 3626 5212; x_wconf 82' lang='grc' dir='ltr'>παρὰ</span> <span class='ocrx_word' id='word_1_712' title='bbox 3650 5142 3746 5195; x_wconf 74' lang='grc' dir='ltr'>σοῦ.</span> 
     </span>
    </p>
   </div>
   <div class='ocr_carea' id='block_1_91' title="bbox 2163 5221 3742 5302">
    <p class='ocr_par' dir='ltr' id='par_1_91' title="bbox 2163 5221 3742 5302">
     <span class='ocr_line' id='line_1_92' title="bbox 2163 5221 3742 5302; baseline 0.008 -29"><span class='ocrx_word' id='word_1_713' title='bbox 2163 5221 2327 5286; x_wconf 79' lang='grc' dir='ltr'>ζῶσιν</span> <span class='ocrx_word' id='word_1_714' title='bbox 2355 5225 2759 5296; x_wconf 76' lang='grc' dir='ltr'>ἀφωρισμένον.</span> <span class='ocrx_word' id='word_1_715' title='bbox 2791 5229 3021 5299; x_wconf 76' lang='grc' dir='ltr'>Νοήσεις</span> <span class='ocrx_word' id='word_1_716' title='bbox 3045 5231 3101 5284; x_wconf 86' lang='grc' dir='ltr'><strong><em>δέ</em></strong></span> <span class='ocrx_word' id='word_1_717' title='bbox 3133 5233 3192 5285; x_wconf 81' lang='grc' dir='ltr'>τὸ</span> <span class='ocrx_word' id='word_1_718' title='bbox 3225 5233 3338 5302; x_wconf 67' lang='grc' dir='ltr'>φῶς</span> <span class='ocrx_word' id='word_1_719' title='bbox 3365 5233 3470 5287; x_wconf 78' lang='grc' dir='ltr'>τῶν</span> <span class='ocrx_word' id='word_1_720' title='bbox 3501 5232 3742 5297; x_wconf 81' lang='grc' dir='ltr'>ζώντων,</span> 
     </span>
    </p>
   </div>
   <div class='ocr_carea' id='block_1_92' title="bbox 2163 5312 3742 5401">
    <p class='ocr_par' dir='ltr' id='par_1_92' title="bbox 2163 5312 3742 5401">
     <span class='ocr_line' id='line_1_93' title="bbox 2163 5312 3742 5401; baseline 0.006 -29"><span class='ocrx_word' id='word_1_721' title='bbox 2163 5321 2219 5372; x_wconf 86' lang='grc' dir='ltr'><strong><em>ἐν</em></strong></span> <span class='ocrx_word' id='word_1_722' title='bbox 2240 5312 2283 5387; x_wconf 83' lang='grc' dir='ltr'>ᾧ</span> <span class='ocrx_word' id='word_1_723' title='bbox 2307 5321 2398 5374; x_wconf 66' lang='grc' dir='ltr'><strong><em>καὶ</em></strong></span> <span class='ocrx_word' id='word_1_724' title='bbox 2423 5321 2585 5376; x_wconf 78' lang='grc' dir='ltr'><strong><em>Δαυῖδ</em></strong></span> <span class='ocrx_word' id='word_1_725' title='bbox 2615 5324 2708 5376; x_wconf 80' lang='grc' dir='ltr'><strong><em>καὶ</em></strong></span> <span class='ocrx_word' id='word_1_726' title='bbox 2739 5323 2936 5388; x_wconf 86' lang='grc' dir='ltr'>πάντες</span> <span class='ocrx_word' id='word_1_727' title='bbox 2965 5326 3016 5377; x_wconf 88' lang='grc' dir='ltr'>οἱ</span> <span class='ocrx_word' id='word_1_728' title='bbox 3049 5327 3314 5396; x_wconf 71' lang='grc' dir='ltr'>θεοφιλεῖς</span> <span class='ocrx_word' id='word_1_729' title='bbox 3346 5330 3620 5401; x_wconf 69' lang='grc' dir='ltr'>προφῆται</span> <span class='ocrx_word' id='word_1_730' title='bbox 3646 5329 3742 5382; x_wconf 75' lang='grc' dir='ltr'>καὶ</span> 
     </span>
    </p>
   </div>
   <div class='ocr_carea' id='block_1_93' title="bbox 2163 5408 3744 5493">
    <p class='ocr_par' dir='ltr' id='par_1_93' title="bbox 2163 5408 3744 5493">
     <span class='ocr_line' id='line_1_94' title="bbox 2163 5408 3744 5493; baseline 0.009 -32"><span class='ocrx_word' id='word_1_731' title='bbox 2163 5408 2359 5464; x_wconf 78' lang='grc' dir='ltr'>δίκαιοι</span> <span class='ocrx_word' id='word_1_732' title='bbox 2392 5415 2791 5488; x_wconf 79' lang='grc' dir='ltr'>ἐφωτίσθησαν,</span> <span class='ocrx_word' id='word_1_733' title='bbox 2823 5421 3122 5493; x_wconf 70' lang='grc' dir='ltr'>ἐπιστήσας</span> <span class='ocrx_word' id='word_1_734' title='bbox 3159 5421 3236 5492; x_wconf 85' lang='grc' dir='ltr'>τῷ</span> <span class='ocrx_word' id='word_1_735' title='bbox 3263 5422 3618 5493; x_wconf 76' lang='grc' dir='ltr'>εὐαγγελιστῇ</span> <span class='ocrx_word' id='word_1_736' title='bbox 3663 5422 3744 5476; x_wconf 82' lang='grc' dir='ltr'>λέ-</span> 
     </span>
    </p>
   </div>
   <div class='ocr_carea' id='block_1_94' title="bbox 2163 5506 3738 5585">
    <p class='ocr_par' dir='ltr' id='par_1_94' title="bbox 2163 5506 3738 5585">
     <span class='ocr_line' id='line_1_95' title="bbox 2163 5506 3738 5585; baseline 0.003 -23"><span class='ocrx_word' id='word_1_737' title='bbox 2163 5519 2330 5570; x_wconf 82' lang='grc' dir='ltr'>γοντι’</span> <span class='ocrx_word' id='word_1_738' title='bbox 2379 5508 2438 5558; x_wconf 89' lang='grc' dir='ltr'><em>Ὃ</em></span> <span class='ocrx_word' id='word_1_739' title='bbox 2470 5506 2717 5577; x_wconf 72' lang='grc' dir='ltr'>γέγονεν</span> <span class='ocrx_word' id='word_1_740' title='bbox 2756 5513 2825 5564; x_wconf 80' lang='grc' dir='ltr'><strong><em>ἐν</em></strong></span> <span class='ocrx_word' id='word_1_741' title='bbox 2851 5512 3031 5579; x_wconf 79' lang='grc' dir='ltr'>αὐτῷ,</span> <span class='ocrx_word' id='word_1_742' title='bbox 3095 5514 3293 5585; x_wconf 78' lang='grc' dir='ltr'>δηλαδὴ</span> <span class='ocrx_word' id='word_1_743' title='bbox 3349 5513 3426 5584; x_wconf 80' lang='grc' dir='ltr'><strong><em>τῷ</em></strong></span> <span class='ocrx_word' id='word_1_744' title='bbox 3460 5515 3615 5584; x_wconf 82' lang='grc' dir='ltr'><strong><em>Λόγῳ</em></strong></span> <span class='ocrx_word' id='word_1_745' title='bbox 3643 5513 3738 5568; x_wconf 82' lang='grc' dir='ltr'>τοῦ</span> 
     </span>
    </p>
   </div>
   <div class='ocr_carea' id='block_1_95' title="bbox 2161 5593 3737 5677">
    <p class='ocr_par' dir='ltr' id='par_1_95' title="bbox 2161 5593 3737 5677">
     <span class='ocr_line' id='line_1_96' title="bbox 2161 5593 3737 5677; baseline 0.01 -32"><span class='ocrx_word' id='word_1_746' title='bbox 2161 5593 2295 5646; x_wconf 83' lang='grc' dir='ltr'>Θεοῦ</span> <span class='ocrx_word' id='word_1_747' title='bbox 2323 5597 2398 5667; x_wconf 73' lang='grc' dir='ltr'>τῷ</span> <span class='ocrx_word' id='word_1_748' title='bbox 2432 5600 2489 5652; x_wconf 81' lang='grc' dir='ltr'><strong><em>ἐν</em></strong></span> <span class='ocrx_word' id='word_1_749' title='bbox 2511 5601 2652 5672; x_wconf 75' lang='grc' dir='ltr'>ἀρχῇ</span> <span class='ocrx_word' id='word_1_750' title='bbox 2690 5602 2821 5673; x_wconf 68' lang='grc' dir='ltr'>πρὸς</span> <span class='ocrx_word' id='word_1_751' title='bbox 2851 5603 2941 5658; x_wconf 76' lang='grc' dir='ltr'><strong><em>τὸν</em></strong></span> <span class='ocrx_word' id='word_1_752' title='bbox 2973 5604 3102 5658; x_wconf 80' lang='grc' dir='ltr'>Θεὸν</span> <span class='ocrx_word' id='word_1_753' title='bbox 3129 5605 3260 5672; x_wconf 74' lang='grc' dir='ltr'>ὄντι,</span> <span class='ocrx_word' id='word_1_754' title='bbox 3291 5604 3402 5675; x_wconf 76' lang='grc' dir='ltr'><strong><em>ζωὴ</em></strong></span> <span class='ocrx_word' id='word_1_755' title='bbox 3429 5603 3525 5677; x_wconf 81' lang='grc' dir='ltr'><strong><em>ἦν,</em></strong></span> <span class='ocrx_word' id='word_1_756' title='bbox 3568 5605 3664 5660; x_wconf 79' lang='grc' dir='ltr'><strong><em>καὶ</em></strong></span> <span class='ocrx_word' id='word_1_757' title='bbox 3696 5607 3737 5675; x_wconf 79' lang='grc' dir='ltr'><em>ἠ</em></span> 
     </span>
    </p>
   </div>
   <div class='ocr_carea' id='block_1_96' title="bbox 552 5713 2096 5823">
    <p class='ocr_par' dir='ltr' id='par_1_96' title="bbox 552 5713 2081 5823">
     <span class='ocr_line' id='line_1_97' title="bbox 552 5713 2081 5823; baseline 0.028 -56"><span class='ocrx_word' id='word_1_758' title='bbox 552 5713 596 5744; x_wconf 85' lang='grc'><strong><em>¹⁶</em></strong></span> <span class='ocrx_word' id='word_1_759' title='bbox 634 5713 812 5775; x_wconf 85' lang='lat' dir='ltr'><strong><em>lCor.</em></strong></span> <span class='ocrx_word' id='word_1_760' title='bbox 846 5735 944 5792; x_wconf 88' lang='grc' dir='ltr'>ιιι,</span> <span class='ocrx_word' id='word_1_761' title='bbox 984 5724 1039 5780; x_wconf 81' lang='lat'><strong><em>3.</em></strong></span> <span class='ocrx_word' id='word_1_762' title='bbox 1118 5728 1158 5762; x_wconf 83' lang='lat'><strong>&quot;</strong></span> <span class='ocrx_word' id='word_1_763' title='bbox 1197 5727 1344 5791; x_wconf 82' lang='lat' dir='ltr'><strong><em>Psal.</em></strong></span> <span class='ocrx_word' id='word_1_764' title='bbox 1381 5751 1542 5808; x_wconf 64' lang='grc' dir='ltr'>λιιι,</span> <span class='ocrx_word' id='word_1_765' title='bbox 1578 5742 1662 5800; x_wconf 77' lang='grc' dir='ltr'><strong><em>Η.</em></strong></span> <span class='ocrx_word' id='word_1_766' title='bbox 1745 5746 1789 5778; x_wconf 85' lang='grc'><strong><em>²⁰</em></strong></span> <span class='ocrx_word' id='word_1_767' title='bbox 1828 5744 1985 5806; x_wconf 73' lang='lat' dir='ltr'><strong><em>Joan.</em></strong></span> <span class='ocrx_word' id='word_1_768' title='bbox 2027 5765 2081 5823; x_wconf 65' lang='grc' dir='ltr'>ι,</span> 
     </span>
    </p>
   </div>
   <div class='ocr_carea' id='block_1_97' title="bbox 2192 5713 2554 5823">
    <p class='ocr_par' dir='ltr' id='par_1_97' title="bbox 2205 5753 2554 5813">
     <span class='ocr_line' id='line_1_98' title="bbox 2205 5753 2554 5813; baseline 0.02 -8"><span class='ocrx_word' id='word_1_769' title='bbox 2205 5753 2256 5806; x_wconf 65' lang='lat'><strong><em>4.</em></strong></span> <span class='ocrx_word' id='word_1_770' title='bbox 2338 5755 2376 5788; x_wconf 85' lang='grc'><strong><em>²¹</em></strong></span> <span class='ocrx_word' id='word_1_771' title='bbox 2423 5756 2554 5813; x_wconf 76' lang='lat' dir='ltr'><strong><em>ibid.</em></strong></span> 
     </span>
    </p>
   </div>
  </div>
