  <div class='ocr_page' id='page_1' title='image "/cluster/home/n/w/nwhite01/storage/ocr_20150623/23:no.5/coo.31924054873033/266.png"; bbox 0 0 4098 6376; ppageno 0'>
   <div class='ocr_carea' id='block_1_1' title="bbox 341 343 3570 415">
    <p class='ocr_par' dir='ltr' id='par_1_1' title="bbox 341 343 3570 415">
     <span class='ocr_line' id='line_1_1' title="bbox 341 343 3570 415; baseline 0.003 -17"><span class='ocrx_word' id='word_1_1' title='bbox 341 343 442 399; x_wconf 74' lang='grc'><strong>501</strong></span> <span class='ocrx_word' id='word_1_2' title='bbox 1470 343 1974 408; x_wconf 78' lang='lat' dir='ltr'><strong>COMMENTABIA</strong></span> <span class='ocrx_word' id='word_1_3' title='bbox 2015 356 2083 411; x_wconf 83' lang='lat' dir='ltr'><strong>IN</strong></span> <span class='ocrx_word' id='word_1_4' title='bbox 2120 355 2457 413; x_wconf 82' lang='lat' dir='ltr'><strong>PSALMOS.</strong></span> <span class='ocrx_word' id='word_1_5' title='bbox 3459 354 3570 415; x_wconf 60' lang='grc' dir='ltr'><strong>ΜΞ</strong></span> 
     </span>
    </p>
   </div>
   <div class='ocr_carea' id='block_1_2' title="bbox 336 445 1890 531">
    <p class='ocr_par' dir='ltr' id='par_1_2' title="bbox 336 445 1890 525">
     <span class='ocr_line' id='line_1_2' title="bbox 336 445 1890 525; baseline 0.006 -18"><span class='ocrx_word' id='word_1_6' title='bbox 336 445 448 523; x_wconf 68' lang='grc' dir='ltr'><strong>ἰωὴ</strong></span> <span class='ocrx_word' id='word_1_7' title='bbox 469 450 548 525; x_wconf 76' lang='grc' dir='ltr'><strong>ἦν</strong></span> <span class='ocrx_word' id='word_1_8' title='bbox 593 452 661 507; x_wconf 80' lang='grc' dir='ltr'><em>τὸ</em></span> <span class='ocrx_word' id='word_1_9' title='bbox 692 452 817 522; x_wconf 75' lang='grc' dir='ltr'><strong>φῶς</strong></span> <span class='ocrx_word' id='word_1_10' title='bbox 865 453 983 509; x_wconf 89' lang='grc' dir='ltr'><strong>τῶν</strong></span> <span class='ocrx_word' id='word_1_11' title='bbox 1029 455 1370 523; x_wconf 60' lang='grc' dir='ltr'><strong>ἀνθρώπων</strong></span> <span class='ocrx_word' id='word_1_12' title='bbox 1434 458 1528 510; x_wconf 78' lang='grc' dir='ltr'>καὶ</span> <span class='ocrx_word' id='word_1_13' title='bbox 1580 458 1759 515; x_wconf 85' lang='grc' dir='ltr'><strong>πάλιν·</strong></span> <span class='ocrx_word' id='word_1_14' title='bbox 1794 456 1890 517; x_wconf 68' lang='grc' dir='ltr'><strong>Ἦν</strong></span> 
     </span>
    </p>
   </div>
   <div class='ocr_carea' id='block_1_3' title="bbox 1990 445 3573 531">
    <p class='ocr_par' dir='ltr' id='par_1_3' title="bbox 2004 460 3573 531">
     <span class='ocr_line' id='line_1_3' title="bbox 2004 460 3573 531; baseline 0.001 -9"><span class='ocrx_word' id='word_1_15' title='bbox 2004 485 2204 524; x_wconf 86' lang='lat' dir='ltr'><strong>omnem</strong></span> <span class='ocrx_word' id='word_1_16' title='bbox 2261 460 2536 523; x_wconf 72' lang='lat' dir='ltr'><strong>hominem</strong></span> <span class='ocrx_word' id='word_1_17' title='bbox 2577 466 2854 521; x_wconf 79' lang='lat' dir='ltr'><strong>venientem</strong></span> <span class='ocrx_word' id='word_1_18' title='bbox 2905 466 2961 519; x_wconf 87' lang='lat' dir='ltr'><strong>in</strong></span> <span class='ocrx_word' id='word_1_19' title='bbox 2997 466 3135 519; x_wconf 84' lang='lat' dir='ltr'><strong>hunc</strong></span> <span class='ocrx_word' id='word_1_20' title='bbox 3187 467 3459 523; x_wconf 85' lang='lat' dir='ltr'><strong>mundum.</strong></span> <span class='ocrx_word' id='word_1_21' title='bbox 3504 470 3573 531; x_wconf 83' lang='lat' dir='ltr'><strong>In</strong></span> 
     </span>
    </p>
   </div>
   <div class='ocr_carea' id='block_1_4' title="bbox 335 542 1890 628">
    <p class='ocr_par' dir='ltr' id='par_1_4' title="bbox 335 542 1890 619">
     <span class='ocr_line' id='line_1_4' title="bbox 335 542 1890 619; baseline 0.006 -21"><span class='ocrx_word' id='word_1_22' title='bbox 335 544 403 599; x_wconf 80' lang='grc' dir='ltr'><em>τὸ</em></span> <span class='ocrx_word' id='word_1_23' title='bbox 429 543 556 614; x_wconf 75' lang='grc' dir='ltr'><strong>φῶς</strong></span> <span class='ocrx_word' id='word_1_24' title='bbox 582 542 648 596; x_wconf 78' lang='grc' dir='ltr'><em>τὸ</em></span> <span class='ocrx_word' id='word_1_25' title='bbox 677 545 986 611; x_wconf 76' lang='grc' dir='ltr'><strong>ἀληθινὸν,</strong></span> <span class='ocrx_word' id='word_1_26' title='bbox 1019 545 1085 599; x_wconf 85' lang='grc' dir='ltr'><strong>τὸ</strong></span> <span class='ocrx_word' id='word_1_27' title='bbox 1112 545 1359 614; x_wconf 70' lang='grc' dir='ltr'><em>φωτίζον</em></span> <span class='ocrx_word' id='word_1_28' title='bbox 1385 546 1579 601; x_wconf 85' lang='grc' dir='ltr'>πάντα</span> <span class='ocrx_word' id='word_1_29' title='bbox 1592 550 1890 619; x_wconf 63' lang='grc' dir='ltr'><em>ἅνθρωποι</em></span> 
     </span>
    </p>
   </div>
   <div class='ocr_carea' id='block_1_5' title="bbox 1990 542 3570 628">
    <p class='ocr_par' dir='ltr' id='par_1_5' title="bbox 2007 558 3570 628">
     <span class='ocr_line' id='line_1_5' title="bbox 2007 558 3570 628; baseline 0.001 -13"><span class='ocrx_word' id='word_1_30' title='bbox 2007 563 2199 617; x_wconf 83' lang='lat' dir='ltr'><strong>mundo</strong></span> <span class='ocrx_word' id='word_1_31' title='bbox 2246 569 2382 625; x_wconf 87' lang='lat' dir='ltr'><strong>erat,</strong></span> <span class='ocrx_word' id='word_1_32' title='bbox 2424 567 2474 614; x_wconf 87' lang='lat' dir='ltr'><strong>et</strong></span> <span class='ocrx_word' id='word_1_33' title='bbox 2523 559 2748 613; x_wconf 87' lang='lat' dir='ltr'><strong>mundus</strong></span> <span class='ocrx_word' id='word_1_34' title='bbox 2807 574 2899 627; x_wconf 85' lang='lat' dir='ltr'><strong>per</strong></span> <span class='ocrx_word' id='word_1_35' title='bbox 2949 560 3118 628; x_wconf 86' lang='lat' dir='ltr'><strong>ipsum</strong></span> <span class='ocrx_word' id='word_1_36' title='bbox 3172 558 3344 628; x_wconf 87' lang='lat' dir='ltr'><strong>factus</strong></span> <span class='ocrx_word' id='word_1_37' title='bbox 3389 569 3489 626; x_wconf 86' lang='lat' dir='ltr'><strong>est,</strong></span> <span class='ocrx_word' id='word_1_38' title='bbox 3519 569 3570 616; x_wconf 88' lang='lat' dir='ltr'><strong>et</strong></span> 
     </span>
    </p>
   </div>
   <div class='ocr_carea' id='block_1_6' title="bbox 332 638 1890 722">
    <p class='ocr_par' dir='ltr' id='par_1_6' title="bbox 332 638 1890 717">
     <span class='ocr_line' id='line_1_6' title="bbox 332 638 1890 717; baseline 0.007 -27"><span class='ocrx_word' id='word_1_39' title='bbox 332 638 659 707; x_wconf 76' lang='grc' dir='ltr'><strong>ἐρχόμενον</strong></span> <span class='ocrx_word' id='word_1_40' title='bbox 694 640 779 704; x_wconf 83' lang='grc' dir='ltr'><em>εὶς</em></span> <span class='ocrx_word' id='word_1_41' title='bbox 804 638 911 692; x_wconf 88' lang='grc' dir='ltr'><strong>τὸν</strong></span> <span class='ocrx_word' id='word_1_42' title='bbox 925 642 1172 708; x_wconf 82' lang='grc' dir='ltr'><strong>κόσμον.</strong></span> <span class='ocrx_word' id='word_1_43' title='bbox 1209 641 1304 694; x_wconf 86' lang='grc' dir='ltr'><strong>Ἐν</strong></span> <span class='ocrx_word' id='word_1_44' title='bbox 1332 641 1412 709; x_wconf 86' lang='grc' dir='ltr'><strong>τῷ</strong></span> <span class='ocrx_word' id='word_1_45' title='bbox 1443 644 1648 713; x_wconf 84' lang='grc' dir='ltr'><em>κόσμῳ</em></span> <span class='ocrx_word' id='word_1_46' title='bbox 1673 642 1768 717; x_wconf 83' lang='grc' dir='ltr'><strong>ἦν,</strong></span> <span class='ocrx_word' id='word_1_47' title='bbox 1805 652 1890 701; x_wconf 68' lang='lat' dir='ltr'><strong>na;</strong></span> 
     </span>
    </p>
   </div>
   <div class='ocr_carea' id='block_1_7' title="bbox 1990 638 3567 722">
    <p class='ocr_par' dir='ltr' id='par_1_7' title="bbox 2004 649 3567 722">
     <span class='ocr_line' id='line_1_7' title="bbox 2004 649 3567 722; baseline 0.002 -17"><span class='ocrx_word' id='word_1_48' title='bbox 2004 652 2230 707; x_wconf 79' lang='lat' dir='ltr'><strong>mundus</strong></span> <span class='ocrx_word' id='word_1_49' title='bbox 2260 668 2374 707; x_wconf 89' lang='lat' dir='ltr'><strong>eum</strong></span> <span class='ocrx_word' id='word_1_50' title='bbox 2395 668 2497 706; x_wconf 89' lang='lat' dir='ltr'><strong>non</strong></span> <span class='ocrx_word' id='word_1_51' title='bbox 2521 650 2759 722; x_wconf 74' lang='lat' dir='ltr'><strong>cognovit</strong></span> <span class='ocrx_word' id='word_1_52' title='bbox 2780 651 2846 705; x_wconf 80' lang='lat'><strong>“.</strong></span> <span class='ocrx_word' id='word_1_53' title='bbox 2879 651 3010 705; x_wconf 84' lang='lat' dir='ltr'><strong>Erat</strong></span> <span class='ocrx_word' id='word_1_54' title='bbox 3045 649 3213 720; x_wconf 77' lang='lat' dir='ltr'><strong>igitur</strong></span> <span class='ocrx_word' id='word_1_55' title='bbox 3248 649 3309 704; x_wconf 89' lang='lat' dir='ltr'><strong>in</strong></span> <span class='ocrx_word' id='word_1_56' title='bbox 3329 652 3567 708; x_wconf 85' lang='lat' dir='ltr'><strong>mundo:</strong></span> 
     </span>
    </p>
   </div>
   <div class='ocr_carea' id='block_1_8' title="bbox 335 730 1890 815">
    <p class='ocr_par' dir='ltr' id='par_1_8' title="bbox 335 730 1890 808">
     <span class='ocr_line' id='line_1_8' title="bbox 335 730 1890 808; baseline 0.008 -25"><span class='ocrx_word' id='word_1_57' title='bbox 335 734 368 787; x_wconf 81' lang='grc' dir='ltr'>ὁ</span> <span class='ocrx_word' id='word_1_58' title='bbox 399 731 630 799; x_wconf 83' lang='grc' dir='ltr'><strong>κόσμος</strong></span> <span class='ocrx_word' id='word_1_59' title='bbox 653 730 726 783; x_wconf 85' lang='grc' dir='ltr'><strong>δι’</strong></span> <span class='ocrx_word' id='word_1_60' title='bbox 747 730 934 785; x_wconf 84' lang='grc' dir='ltr'>αὐτοῦ</span> <span class='ocrx_word' id='word_1_61' title='bbox 957 733 1211 803; x_wconf 75' lang='grc' dir='ltr'><strong>ἐγένετο,</strong></span> <span class='ocrx_word' id='word_1_62' title='bbox 1243 735 1342 789; x_wconf 80' lang='grc' dir='ltr'><strong>καὶ</strong></span> <span class='ocrx_word' id='word_1_63' title='bbox 1387 741 1421 791; x_wconf 85' lang='grc' dir='ltr'><em>ὀ</em></span> <span class='ocrx_word' id='word_1_64' title='bbox 1474 739 1700 808; x_wconf 83' lang='grc' dir='ltr'><strong>κόσμος</strong></span> <span class='ocrx_word' id='word_1_65' title='bbox 1720 740 1890 795; x_wconf 64' lang='grc' dir='ltr'>αὑτὸν</span> 
     </span>
    </p>
   </div>
   <div class='ocr_carea' id='block_1_9' title="bbox 1990 730 3585 815">
    <p class='ocr_par' dir='ltr' id='par_1_9' title="bbox 2002 740 3585 815">
     <span class='ocr_line' id='line_1_9' title="bbox 2002 740 3585 815; baseline -0.002 -15"><span class='ocrx_word' id='word_1_66' title='bbox 2002 750 2057 800; x_wconf 85' lang='lat' dir='ltr'><strong>et</strong></span> <span class='ocrx_word' id='word_1_67' title='bbox 2110 744 2211 800; x_wconf 86' lang='lat' dir='ltr'><strong>hoc</strong></span> <span class='ocrx_word' id='word_1_68' title='bbox 2256 744 2479 807; x_wconf 87' lang='lat' dir='ltr'><strong>lumine,</strong></span> <span class='ocrx_word' id='word_1_69' title='bbox 2522 744 2617 815; x_wconf 92' lang='lat' dir='ltr'><strong>qui</strong></span> <span class='ocrx_word' id='word_1_70' title='bbox 2668 743 2779 797; x_wconf 89' lang='lat' dir='ltr'><strong>vita</strong></span> <span class='ocrx_word' id='word_1_71' title='bbox 2828 742 2922 797; x_wconf 91' lang='lat' dir='ltr'><strong>illa</strong></span> <span class='ocrx_word' id='word_1_72' title='bbox 2967 742 3109 812; x_wconf 88' lang='lat' dir='ltr'><strong>apud</strong></span> <span class='ocrx_word' id='word_1_73' title='bbox 3164 740 3334 797; x_wconf 88' lang='lat' dir='ltr'><strong>Deum</strong></span> <span class='ocrx_word' id='word_1_74' title='bbox 3381 743 3585 798; x_wconf 88' lang='lat' dir='ltr'><strong>donati-</strong></span> 
     </span>
    </p>
   </div>
   <div class='ocr_carea' id='block_1_10' title="bbox 336 820 1890 902">
    <p class='ocr_par' dir='ltr' id='par_1_10' title="bbox 336 820 1890 901">
     <span class='ocr_line' id='line_1_10' title="bbox 336 820 1890 901; baseline 0.006 -25"><span class='ocrx_word' id='word_1_75' title='bbox 336 824 444 877; x_wconf 79' lang='grc' dir='ltr'><strong>οὐκ</strong></span> <span class='ocrx_word' id='word_1_76' title='bbox 469 822 640 891; x_wconf 74' lang='grc' dir='ltr'><strong>ἔγνω.</strong></span> <span class='ocrx_word' id='word_1_77' title='bbox 665 823 870 877; x_wconf 80' lang='grc' dir='ltr'>Οὐκοῦν</span> <span class='ocrx_word' id='word_1_78' title='bbox 893 820 960 895; x_wconf 84' lang='grc' dir='ltr'>ἦν</span> <span class='ocrx_word' id='word_1_79' title='bbox 983 826 1039 878; x_wconf 78' lang='grc' dir='ltr'>ὲν</span> <span class='ocrx_word' id='word_1_80' title='bbox 1067 825 1143 896; x_wconf 79' lang='grc' dir='ltr'>τῷ</span> <span class='ocrx_word' id='word_1_81' title='bbox 1168 827 1372 898; x_wconf 62' lang='grc' dir='ltr'>κόσμῳ</span> <span class='ocrx_word' id='word_1_82' title='bbox 1393 830 1629 901; x_wconf 83' lang='grc' dir='ltr'><em>κάκείνῳ</em></span> <span class='ocrx_word' id='word_1_83' title='bbox 1658 830 1735 901; x_wconf 86' lang='grc' dir='ltr'>τῷ</span> <span class='ocrx_word' id='word_1_84' title='bbox 1764 834 1890 901; x_wconf 71' lang='grc' dir='ltr'><strong>φωτῖ</strong></span> 
     </span>
    </p>
   </div>
   <div class='ocr_carea' id='block_1_11' title="bbox 1990 820 3575 902">
    <p class='ocr_par' dir='ltr' id='par_1_11' title="bbox 2000 832 3575 902">
     <span class='ocr_line' id='line_1_11' title="bbox 2000 832 3575 902; baseline -0.003 -12"><span class='ocrx_word' id='word_1_85' title='bbox 2000 842 2176 900; x_wconf 86' lang='lat' dir='ltr'><strong>erant,</strong></span> <span class='ocrx_word' id='word_1_86' title='bbox 2206 834 2666 889; x_wconf 86' lang='lat' dir='ltr'><strong>illuminabantur.</strong></span> <span class='ocrx_word' id='word_1_87' title='bbox 2704 832 2904 889; x_wconf 85' lang='lat' dir='ltr'><strong>Deinde</strong></span> <span class='ocrx_word' id='word_1_88' title='bbox 2948 833 3000 886; x_wconf 89' lang='lat' dir='ltr'><strong>in</strong></span> <span class='ocrx_word' id='word_1_89' title='bbox 3043 832 3257 902; x_wconf 87' lang='lat' dir='ltr'><strong>propria</strong></span> <span class='ocrx_word' id='word_1_90' title='bbox 3297 834 3469 896; x_wconf 81' lang='lat' dir='ltr'><strong><em>venit;</em></strong></span> <span class='ocrx_word' id='word_1_91' title='bbox 3519 841 3575 899; x_wconf 72' lang='lat' dir='ltr'><strong>et</strong></span> 
     </span>
    </p>
   </div>
   <div class='ocr_carea' id='block_1_12' title="bbox 338 914 1890 997">
    <p class='ocr_par' dir='ltr' id='par_1_12' title="bbox 338 914 1890 993">
     <span class='ocr_line' id='line_1_12' title="bbox 338 914 1890 993; baseline 0.007 -25"><span class='ocrx_word' id='word_1_92' title='bbox 338 916 387 968; x_wconf 72' lang='grc' dir='ltr'><strong>οἱ</strong></span> <span class='ocrx_word' id='word_1_93' title='bbox 410 914 507 983; x_wconf 79' lang='grc' dir='ltr'><strong>τῆς</strong></span> <span class='ocrx_word' id='word_1_94' title='bbox 539 914 687 987; x_wconf 80' lang='grc' dir='ltr'>παρὰ</span> <span class='ocrx_word' id='word_1_95' title='bbox 715 914 791 986; x_wconf 82' lang='grc' dir='ltr'><strong>τῷ</strong></span> <span class='ocrx_word' id='word_1_96' title='bbox 815 916 932 988; x_wconf 85' lang='grc' dir='ltr'><strong>Θεῷ</strong></span> <span class='ocrx_word' id='word_1_97' title='bbox 956 918 1099 988; x_wconf 77' lang='grc' dir='ltr'><strong>ζωῆς</strong></span> <span class='ocrx_word' id='word_1_98' title='bbox 1125 918 1378 985; x_wconf 80' lang='grc' dir='ltr'>καταξιού</span> <span class='ocrx_word' id='word_1_99' title='bbox 1388 938 1534 991; x_wconf 85' lang='grc' dir='ltr'>μενοι</span> <span class='ocrx_word' id='word_1_100' title='bbox 1556 923 1890 993; x_wconf 81' lang='grc' dir='ltr'>ὲφωτίζοντο.</span> 
     </span>
    </p>
   </div>
   <div class='ocr_carea' id='block_1_13' title="bbox 1990 914 3579 997">
    <p class='ocr_par' dir='ltr' id='par_1_13' title="bbox 2002 922 3579 997">
     <span class='ocr_line' id='line_1_13' title="bbox 2002 922 3579 997; baseline -0.004 -17"><span class='ocrx_word' id='word_1_101' title='bbox 2002 935 2263 997; x_wconf 68' lang='lat' dir='ltr'><strong>quotquot</strong></span> <span class='ocrx_word' id='word_1_102' title='bbox 2292 936 2599 995; x_wconf 76' lang='lat' dir='ltr'><strong>receperuntL</strong></span> <span class='ocrx_word' id='word_1_103' title='bbox 2638 942 2777 990; x_wconf 84' lang='lat' dir='ltr'><strong>eum,</strong></span> <span class='ocrx_word' id='word_1_104' title='bbox 2796 923 2939 979; x_wconf 82' lang='lat' dir='ltr'><strong>dedit</strong></span> <span class='ocrx_word' id='word_1_105' title='bbox 2968 924 3043 978; x_wconf 88' lang='lat' dir='ltr'><strong>eis</strong></span> <span class='ocrx_word' id='word_1_106' title='bbox 3086 932 3395 992; x_wconf 82' lang='lat' dir='ltr'><strong>potestatem</strong></span> <span class='ocrx_word' id='word_1_107' title='bbox 3428 922 3579 993; x_wconf 81' lang='lat' dir='ltr'><strong>ﬁlios.</strong></span> 
     </span>
    </p>
   </div>
   <div class='ocr_carea' id='block_1_14' title="bbox 342 1005 1890 1087">
    <p class='ocr_par' dir='ltr' id='par_1_14' title="bbox 342 1005 1890 1081">
     <span class='ocr_line' id='line_1_14' title="bbox 342 1005 1890 1081; baseline 0.01 -25"><span class='ocrx_word' id='word_1_108' title='bbox 342 1005 602 1076; x_wconf 79' lang='grc' dir='ltr'>Ὕστερον</span> <span class='ocrx_word' id='word_1_109' title='bbox 627 1005 683 1058; x_wconf 87' lang='grc' dir='ltr'><em>δὲ</em></span> <span class='ocrx_word' id='word_1_110' title='bbox 709 1007 803 1059; x_wconf 70' lang='grc' dir='ltr'>καὶ</span> <span class='ocrx_word' id='word_1_111' title='bbox 832 1009 919 1074; x_wconf 85' lang='grc' dir='ltr'><em>είς</em></span> <span class='ocrx_word' id='word_1_112' title='bbox 956 1008 1027 1061; x_wconf 90' lang='grc' dir='ltr'><strong>τὰ</strong></span> <span class='ocrx_word' id='word_1_113' title='bbox 1087 1009 1207 1063; x_wconf 77' lang='grc' dir='ltr'>ἴδια</span> <span class='ocrx_word' id='word_1_114' title='bbox 1254 1007 1458 1081; x_wconf 76' lang='grc' dir='ltr'><strong>ἦλθεν·</strong></span> <span class='ocrx_word' id='word_1_115' title='bbox 1501 1012 1634 1068; x_wconf 84' lang='grc' dir='ltr'><strong>ὅσοι</strong></span> <span class='ocrx_word' id='word_1_116' title='bbox 1680 1032 1743 1068; x_wconf 88' lang='grc' dir='ltr'><em>τε</em></span> <span class='ocrx_word' id='word_1_117' title='bbox 1779 1015 1890 1071; x_wconf 82' lang='grc' dir='ltr'><strong>ἐδέ·</strong></span> 
     </span>
    </p>
   </div>
   <div class='ocr_carea' id='block_1_15' title="bbox 1990 1005 3580 1087">
    <p class='ocr_par' dir='ltr' id='par_1_15' title="bbox 2000 1016 3580 1087">
     <span class='ocr_line' id='line_1_15' title="bbox 2000 1016 3580 1087; baseline -0.002 -15"><span class='ocrx_word' id='word_1_118' title='bbox 2000 1018 2100 1073; x_wconf 89' lang='lat' dir='ltr'><strong>Dei</strong></span> <span class='ocrx_word' id='word_1_119' title='bbox 2121 1019 2257 1087; x_wconf 77' lang='lat' dir='ltr'><strong>ﬁeri.</strong></span> <span class='ocrx_word' id='word_1_120' title='bbox 2285 1016 2456 1073; x_wconf 85' lang='lat' dir='ltr'><strong>Tanta</strong></span> <span class='ocrx_word' id='word_1_121' title='bbox 2486 1018 2661 1074; x_wconf 72' lang='lat' dir='ltr'><strong>virttis</strong></span> <span class='ocrx_word' id='word_1_122' title='bbox 2696 1017 2889 1073; x_wconf 82' lang='lat' dir='ltr'><strong>lumini</strong></span> <span class='ocrx_word' id='word_1_123' title='bbox 2932 1017 3243 1071; x_wconf 80' lang='lat' dir='ltr'><strong>viventium.</strong></span> <span class='ocrx_word' id='word_1_124' title='bbox 3277 1016 3476 1079; x_wconf 81' lang='lat' dir='ltr'><strong>inerat,</strong></span> <span class='ocrx_word' id='word_1_125' title='bbox 3511 1023 3580 1069; x_wconf 34' lang='lat' dir='ltr'><strong>ut!</strong></span> 
     </span>
    </p>
   </div>
   <div class='ocr_carea' id='block_1_16' title="bbox 337 1096 1890 1179">
    <p class='ocr_par' dir='ltr' id='par_1_16' title="bbox 337 1096 1890 1167">
     <span class='ocr_line' id='line_1_16' title="bbox 337 1096 1890 1167; baseline 0.01 -18"><span class='ocrx_word' id='word_1_126' title='bbox 337 1096 517 1160; x_wconf 79' lang='grc' dir='ltr'>ξαντο</span> <span class='ocrx_word' id='word_1_127' title='bbox 552 1096 740 1151; x_wconf 85' lang='grc' dir='ltr'>αὐτὸν</span> <span class='ocrx_word' id='word_1_128' title='bbox 767 1098 989 1153; x_wconf 75' lang='grc' dir='ltr'><em>ἔδωκεν</em></span> <span class='ocrx_word' id='word_1_129' title='bbox 1008 1101 1210 1167; x_wconf 85' lang='grc' dir='ltr'><strong>αὐτοῖς</strong></span> <span class='ocrx_word' id='word_1_130' title='bbox 1229 1101 1519 1166; x_wconf 78' lang='grc' dir='ltr'><em>ἐξουσίαν</em></span> <span class='ocrx_word' id='word_1_131' title='bbox 1543 1105 1725 1162; x_wconf 88' lang='grc' dir='ltr'>τέκνα</span> <span class='ocrx_word' id='word_1_132' title='bbox 1758 1109 1890 1164; x_wconf 76' lang='grc' dir='ltr'><strong>Θεοί</strong></span> 
     </span>
    </p>
   </div>
   <div class='ocr_carea' id='block_1_17' title="bbox 1990 1096 3567 1179">
    <p class='ocr_par' dir='ltr' id='par_1_17' title="bbox 2003 1105 3567 1179">
     <span class='ocr_line' id='line_1_17' title="bbox 2003 1105 3567 1179; baseline -0.004 -15"><span class='ocrx_word' id='word_1_133' title='bbox 2003 1123 2098 1164; x_wconf 86' lang='lat' dir='ltr'><strong>eos</strong></span> <span class='ocrx_word' id='word_1_134' title='bbox 2126 1109 2220 1179; x_wconf 91' lang='lat' dir='ltr'><strong>qui</strong></span> <span class='ocrx_word' id='word_1_135' title='bbox 2251 1124 2311 1165; x_wconf 89' lang='lat' dir='ltr'><strong>se</strong></span> <span class='ocrx_word' id='word_1_136' title='bbox 2335 1108 2644 1179; x_wconf 84' lang='lat' dir='ltr'><strong>reciperent</strong></span> <span class='ocrx_word' id='word_1_137' title='bbox 2675 1108 2815 1163; x_wconf 81' lang='lat' dir='ltr'><strong>ﬁlios</strong></span> <span class='ocrx_word' id='word_1_138' title='bbox 2839 1106 2934 1162; x_wconf 73' lang='lat' dir='ltr'><strong>D’ei</strong></span> <span class='ocrx_word' id='word_1_139' title='bbox 2965 1105 3195 1162; x_wconf 71' lang='lat' dir='ltr'><strong>ediceret</strong></span> <span class='ocrx_word' id='word_1_140' title='bbox 3234 1126 3245 1160; x_wconf 92' lang='lat'>:</span> <span class='ocrx_word' id='word_1_141' title='bbox 3272 1105 3419 1177; x_wconf 88' lang='lat' dir='ltr'><strong>quod</strong></span> <span class='ocrx_word' id='word_1_142' title='bbox 3444 1119 3567 1159; x_wconf 88' lang='lat' dir='ltr'><strong>cum</strong></span> 
     </span>
    </p>
   </div>
   <div class='ocr_carea' id='block_1_18' title="bbox 336 1184 1890 1278">
    <p class='ocr_par' dir='ltr' id='par_1_18' title="bbox 336 1184 1890 1278">
     <span class='ocr_line' id='line_1_18' title="bbox 336 1184 1890 1278; baseline 0.01 -41"><span class='ocrx_word' id='word_1_143' title='bbox 336 1184 633 1278; x_wconf 55' lang='grc' dir='ltr'><strong>γενέσθαιἶ</strong></span> <span class='ocrx_word' id='word_1_144' title='bbox 683 1187 926 1260; x_wconf 76' lang='grc' dir='ltr'><strong>Τοσαύτη</strong></span> <span class='ocrx_word' id='word_1_145' title='bbox 979 1189 1206 1260; x_wconf 84' lang='grc' dir='ltr'>δύναμις</span> <span class='ocrx_word' id='word_1_146' title='bbox 1260 1194 1438 1278; x_wconf 65' lang='grc' dir='ltr'>παρῆν</span> <span class='ocrx_word' id='word_1_147' title='bbox 1477 1193 1555 1265; x_wconf 85' lang='grc' dir='ltr'><strong>τῷ</strong></span> <span class='ocrx_word' id='word_1_148' title='bbox 1608 1196 1745 1265; x_wconf 79' lang='grc' dir='ltr'><strong>φωτὶ</strong></span> <span class='ocrx_word' id='word_1_149' title='bbox 1794 1198 1890 1252; x_wconf 59' lang='grc' dir='ltr'>τῶι</span> 
     </span>
    </p>
   </div>
   <div class='ocr_carea' id='block_1_19' title="bbox 1990 1184 3588 1278">
    <p class='ocr_par' dir='ltr' id='par_1_19' title="bbox 1999 1196 3588 1278">
     <span class='ocr_line' id='line_1_19' title="bbox 1999 1196 3588 1278; baseline -0.004 -23"><span class='ocrx_word' id='word_1_150' title='bbox 1999 1200 2166 1255; x_wconf 85' lang='lat' dir='ltr'><strong>sciret</strong></span> <span class='ocrx_word' id='word_1_151' title='bbox 2197 1199 2387 1264; x_wconf 86' lang='lat' dir='ltr'><strong>David,</strong></span> <span class='ocrx_word' id='word_1_152' title='bbox 2425 1201 2479 1255; x_wconf 90' lang='lat' dir='ltr'><strong>in</strong></span> <span class='ocrx_word' id='word_1_153' title='bbox 2507 1208 2635 1256; x_wconf 87' lang='lat' dir='ltr'><strong>voto</strong></span> <span class='ocrx_word' id='word_1_154' title='bbox 2664 1199 2876 1278; x_wconf 85' lang='lat' dir='ltr'><strong>habuit,</strong></span> <span class='ocrx_word' id='word_1_155' title='bbox 2898 1207 2959 1254; x_wconf 92' lang='lat' dir='ltr'><strong>ut</strong></span> <span class='ocrx_word' id='word_1_156' title='bbox 2991 1201 3230 1270; x_wconf 83' lang='lat' dir='ltr'><strong>placeret</strong></span> <span class='ocrx_word' id='word_1_157' title='bbox 3261 1214 3438 1253; x_wconf 86' lang='lat' dir='ltr'><strong>coram</strong></span> <span class='ocrx_word' id='word_1_158' title='bbox 3459 1196 3588 1253; x_wconf 81' lang='lat' dir='ltr'><strong>Deo.</strong></span> 
     </span>
    </p>
   </div>
   <div class='ocr_carea' id='block_1_20' title="bbox 334 1272 1890 1351">
    <p class='ocr_par' dir='ltr' id='par_1_20' title="bbox 334 1272 1890 1351">
     <span class='ocr_line' id='line_1_20' title="bbox 334 1272 1890 1351; baseline 0.01 -25"><span class='ocrx_word' id='word_1_159' title='bbox 334 1272 571 1339; x_wconf 82' lang='grc' dir='ltr'><strong>ζώντων,</strong></span> <span class='ocrx_word' id='word_1_160' title='bbox 604 1274 680 1339; x_wconf 83' lang='grc' dir='ltr'>ὡς</span> <span class='ocrx_word' id='word_1_161' title='bbox 702 1276 866 1331; x_wconf 86' lang='grc' dir='ltr'>τέκνα</span> <span class='ocrx_word' id='word_1_162' title='bbox 895 1276 1028 1330; x_wconf 80' lang='grc' dir='ltr'>Θεοῦ</span> <span class='ocrx_word' id='word_1_163' title='bbox 1088 1272 1494 1351; x_wconf 78' lang='grc' dir='ltr'><strong>ἀπεργάζεσθαι</strong></span> <span class='ocrx_word' id='word_1_164' title='bbox 1519 1285 1644 1348; x_wconf 85' lang='grc' dir='ltr'>τοὺς</span> <span class='ocrx_word' id='word_1_165' title='bbox 1681 1285 1890 1341; x_wconf 83' lang='grc' dir='ltr'>καταδε-</span> 
     </span>
    </p>
   </div>
   <div class='ocr_carea' id='block_1_21' title="bbox 1990 1272 2810 1351">
    <p class='ocr_par' dir='ltr' id='par_1_21' title="bbox 2001 1274 2810 1348">
     <span class='ocr_line' id='line_1_21' title="bbox 2001 1274 2810 1348; baseline 0.005 -4"><span class='ocrx_word' id='word_1_166' title='bbox 2001 1291 2056 1344; x_wconf 87' lang='lat' dir='ltr'><strong>in</strong></span> <span class='ocrx_word' id='word_1_167' title='bbox 2084 1291 2281 1346; x_wconf 81' lang='lat' dir='ltr'><strong>lumine</strong></span> <span class='ocrx_word' id='word_1_168' title='bbox 2305 1292 2603 1348; x_wconf 85' lang='lat' dir='ltr'><strong>viventium.</strong></span> <span class='ocrx_word' id='word_1_169' title='bbox 2803 1274 2810 1281; x_wconf 38' lang='lat'>&#39;</span> 
     </span>
    </p>
   </div>
   <div class='ocr_carea' id='block_1_22' title="bbox 333 1367 3565 1522">
    <p class='ocr_par' dir='ltr' id='par_1_22' title="bbox 333 1367 3565 1522">
     <span class='ocr_line' id='line_1_22' title="bbox 333 1367 3565 1522; baseline 0.006 -103"><span class='ocrx_word' id='word_1_170' title='bbox 333 1367 595 1522; x_wconf 49' lang='grc' dir='ltr'><strong>ἐσομένους</strong></span> <span class='ocrx_word' id='word_1_171' title='bbox 641 1370 791 1423; x_wconf 75' lang='grc' dir='ltr'>αὐτόο</span> <span class='ocrx_word' id='word_1_172' title='bbox 843 1371 978 1444; x_wconf 85' lang='grc' dir='ltr'><em>ὅπερ</em></span> <span class='ocrx_word' id='word_1_173' title='bbox 1041 1372 1194 1439; x_wconf 77' lang='grc' dir='ltr'>εἰδὼς</span> <span class='ocrx_word' id='word_1_174' title='bbox 1236 1377 1264 1428; x_wconf 86' lang='grc' dir='ltr'>ὁ</span> <span class='ocrx_word' id='word_1_175' title='bbox 1309 1374 1472 1431; x_wconf 75' lang='grc' dir='ltr'><em>Δαυῒδ</em></span> <span class='ocrx_word' id='word_1_176' title='bbox 1525 1377 1592 1431; x_wconf 90' lang='grc' dir='ltr'><strong>δι’</strong></span> <span class='ocrx_word' id='word_1_177' title='bbox 1627 1379 1793 1451; x_wconf 81' lang='grc' dir='ltr'><strong>εὐχῆς</strong></span> <span class='ocrx_word' id='word_1_178' title='bbox 1850 1376 1973 1453; x_wconf 65' lang='grc' dir='ltr'>εἶχεν</span> <span class='ocrx_word' id='word_1_179' title='bbox 1999 1384 2093 1440; x_wconf 83' lang='grc' dir='ltr'>τοῦ</span> <span class='ocrx_word' id='word_1_180' title='bbox 2145 1386 2506 1458; x_wconf 77' lang='grc' dir='ltr'><strong>εὐαρεστῆσαι</strong></span> <span class='ocrx_word' id='word_1_181' title='bbox 2577 1384 2832 1439; x_wconf 82' lang='grc' dir='ltr'>ἐνώπιον</span> <span class='ocrx_word' id='word_1_182' title='bbox 2913 1384 3018 1440; x_wconf 88' lang='grc' dir='ltr'><strong>τοῦ</strong></span> <span class='ocrx_word' id='word_1_183' title='bbox 3071 1384 3219 1440; x_wconf 84' lang='grc' dir='ltr'><strong>Θεοῦ</strong></span> <span class='ocrx_word' id='word_1_184' title='bbox 3283 1382 3353 1438; x_wconf 80' lang='grc' dir='ltr'><strong>ἐν</strong></span> <span class='ocrx_word' id='word_1_185' title='bbox 3417 1368 3565 1455; x_wconf 51' lang='lat' dir='ltr'><strong>puti</strong></span> 
     </span>
     <span class='ocr_line' id='line_1_23' title="bbox 362 1477 578 1515; baseline 0.009 -2"><span class='ocrx_word' id='word_1_186' title='bbox 362 1477 578 1515; x_wconf 86' lang='grc' dir='ltr'><em>ωντων.</em></span> 
     </span>
    </p>
   </div>
   <div class='ocr_carea' id='block_1_23' title="bbox 362 1477 578 1515">
    <p class='ocr_par' dir='ltr' id='par_1_23' title="bbox 362 1477 578 1515">
     <span class='ocr_line' id='line_1_24' title="bbox 362 1477 578 1515; baseline 0.005 -1"><span class='ocrx_word' id='word_1_187' title='bbox 362 1477 578 1515; x_wconf 86' lang='grc' dir='ltr'><em>ωντων.</em></span> 
     </span>
    </p>
   </div>
   <div class='ocr_carea' id='block_1_24' title="bbox 337 1600 1890 1689">
    <p class='ocr_par' dir='ltr' id='par_1_24' title="bbox 337 1600 1890 1689">
     <span class='ocr_line' id='line_1_25' title="bbox 337 1600 1890 1689; baseline 0.004 -1"><span class='ocrx_word' id='word_1_188' title='bbox 337 1600 828 1689; x_wconf 51' lang='grc' dir='ltr'><strong>ειέέξρεξὲρξι</strong></span> <span class='ocrx_word' id='word_1_189' title='bbox 847 1606 1538 1689; x_wconf 53' lang='grc' dir='ltr'>,λιιι-Αιειιίθεεξιξιτο</span> <span class='ocrx_word' id='word_1_190' title='bbox 1569 1619 1765 1672; x_wconf 63' lang='lat' dir='ltr'><strong>Ama</strong></span> <span class='ocrx_word' id='word_1_191' title='bbox 1793 1621 1890 1674; x_wconf 72' lang='grc' dir='ltr'>ειε</span> 
     </span>
    </p>
   </div>
   <div class='ocr_carea' id='block_1_25' title="bbox 1990 1600 3563 1689">
    <p class='ocr_par' dir='ltr' id='par_1_25' title="bbox 2008 1616 3563 1689">
     <span class='ocr_line' id='line_1_26' title="bbox 2008 1616 3563 1689; baseline 0.001 -15"><span class='ocrx_word' id='word_1_192' title='bbox 2008 1621 2059 1675; x_wconf 73' lang='grc' dir='ltr'>ι.</span> <span class='ocrx_word' id='word_1_193' title='bbox 2102 1618 2171 1673; x_wconf 85' lang='lat' dir='ltr'><strong>IN</strong></span> <span class='ocrx_word' id='word_1_194' title='bbox 2205 1617 2569 1689; x_wconf 61' lang='lat' dir='ltr'><strong>“unum</strong></span> <span class='ocrx_word' id='word_1_195' title='bbox 2605 1616 3283 1689; x_wconf 41' lang='lat' dir='ltr'><strong>DlSPERDASLDAVID</strong></span> <span class='ocrx_word' id='word_1_196' title='bbox 3342 1617 3411 1673; x_wconf 85' lang='lat' dir='ltr'><strong>IN</strong></span> <span class='ocrx_word' id='word_1_197' title='bbox 3469 1618 3563 1675; x_wconf 89' lang='lat' dir='ltr'><strong>Tl-</strong></span> 
     </span>
    </p>
   </div>
   <div class='ocr_carea' id='block_1_26' title="bbox 404 1672 1890 1751">
    <p class='ocr_par' dir='ltr' id='par_1_26' title="bbox 404 1672 1890 1751">
     <span class='ocr_line' id='line_1_27' title="bbox 404 1672 1890 1751; baseline 0.014 -28"><span class='ocrx_word' id='word_1_198' title='bbox 404 1672 1058 1751; x_wconf 21' lang='lat' dir='ltr'><strong>gg&#39;r‘unotlpaggNénu</strong></span> <span class='ocrx_word' id='word_1_199' title='bbox 1088 1681 1173 1734; x_wconf 82' lang='lat' dir='ltr'><strong>To</strong></span> <span class='ocrx_word' id='word_1_200' title='bbox 1207 1672 1441 1739; x_wconf 67' lang='grc' dir='ltr'>ΑΥΤΟΝ</span> <span class='ocrx_word' id='word_1_201' title='bbox 1489 1672 1890 1742; x_wconf 55' lang='lat' dir='ltr'><strong>moueris;</strong></span> 
     </span>
    </p>
   </div>
   <div class='ocr_carea' id='block_1_27' title="bbox 1990 1672 3569 1751">
    <p class='ocr_par' dir='ltr' id='par_1_27' title="bbox 2012 1672 3569 1751">
     <span class='ocr_line' id='line_1_28' title="bbox 2012 1672 3569 1751; baseline 0.001 -7"><span class='ocrx_word' id='word_1_202' title='bbox 2012 1672 2056 1675; x_wconf 63' lang='lat'><strong>&quot;</strong></span> <span class='ocrx_word' id='word_1_203' title='bbox 2077 1672 2237 1745; x_wconf 74' lang='lat' dir='ltr'><strong>Tum</strong></span> <span class='ocrx_word' id='word_1_204' title='bbox 2252 1672 2867 1751; x_wconf 57' lang='lat' dir='ltr'><strong>&quot;tivscnlprloivnit,</strong></span> <span class='ocrx_word' id='word_1_205' title='bbox 2925 1672 3072 1745; x_wconf 77' lang='lat' dir='ltr'><strong>CUM</strong></span> <span class='ocrx_word' id='word_1_206' title='bbox 3121 1672 3501 1746; x_wconf 49' lang='lat' dir='ltr'><strong>&#39;FUGERET‘</strong></span> <span class='ocrx_word' id='word_1_207' title='bbox 3516 1672 3569 1745; x_wconf 62' lang='lat' dir='ltr'><strong>ll</strong></span> 
     </span>
    </p>
   </div>
   <div class='ocr_carea' id='block_1_28' title="bbox 400 1742 1890 1885">
    <p class='ocr_par' dir='ltr' id='par_1_28' title="bbox 400 1742 1890 1885">
     <span class='ocr_line' id='line_1_29' title="bbox 400 1742 1890 1885; baseline 0.015 -92"><span class='ocrx_word' id='word_1_208' title='bbox 400 1742 1140 1885; x_wconf 57' lang='lat' dir='ltr'><strong>&#39;DPOXQTOY</strong></span> <span class='ocrx_word' id='word_1_209' title='bbox 1189 1753 1414 1808; x_wconf 80' lang='grc' dir='ltr'><strong>ΣΑΟΥΛ</strong></span> <span class='ocrx_word' id='word_1_210' title='bbox 1472 1756 1578 1813; x_wconf 86' lang='grc' dir='ltr'><strong>ΕΙΣ</strong></span> <span class='ocrx_word' id='word_1_211' title='bbox 1622 1757 1707 1813; x_wconf 90' lang='grc' dir='ltr'><strong>ΤΟ</strong></span> <span class='ocrx_word' id='word_1_212' title='bbox 1737 1761 1890 1815; x_wconf 73' lang='grc' dir='ltr'><strong>ΣΤΗ⁴</strong></span> 
     </span>
    </p>
   </div>
   <div class='ocr_carea' id='block_1_29' title="bbox 1990 1742 3250 1885">
    <p class='ocr_par' dir='ltr' id='par_1_29' title="bbox 2071 1742 3250 1817">
     <span class='ocr_line' id='line_1_30' title="bbox 2071 1742 3250 1817; baseline -0.002 -1"><span class='ocrx_word' id='word_1_213' title='bbox 2071 1742 2276 1817; x_wconf 61' lang='lat' dir='ltr'><strong>riam</strong></span> <span class='ocrx_word' id='word_1_214' title='bbox 2297 1742 2495 1816; x_wconf 57' lang='grc' dir='ltr'><strong>ὲᾸῠιέ</strong></span> <span class='ocrx_word' id='word_1_215' title='bbox 2508 1742 2603 1814; x_wconf 27' lang='lat' dir='ltr'><strong>‘IN</strong></span> <span class='ocrx_word' id='word_1_216' title='bbox 2623 1742 3075 1815; x_wconf 60' lang='grc' dir='ltr'><strong>ἑΡΡῖιιῘΝόᾸΜ.</strong></span> <span class='ocrx_word' id='word_1_217' title='bbox 3117 1742 3250 1815; x_wconf 77' lang='lat' dir='ltr'><strong>Lvi.</strong></span> 
     </span>
    </p>
   </div>
   <div class='ocr_carea' id='block_1_30' title="bbox 412 1904 1890 1988">
    <p class='ocr_par' dir='ltr' id='par_1_30' title="bbox 412 1904 1890 1987">
     <span class='ocr_line' id='line_1_31' title="bbox 412 1904 1890 1987; baseline 0.014 -30"><span class='ocrx_word' id='word_1_218' title='bbox 412 1904 699 1974; x_wconf 76' lang='grc' dir='ltr'><strong>Ἐλέησόν</strong></span> <span class='ocrx_word' id='word_1_219' title='bbox 724 1924 822 1979; x_wconf 78' lang='grc' dir='ltr'><strong>με,</strong></span> <span class='ocrx_word' id='word_1_220' title='bbox 855 1912 888 1964; x_wconf 83' lang='grc' dir='ltr'><em>ὀ</em></span> <span class='ocrx_word' id='word_1_221' title='bbox 912 1909 1076 1978; x_wconf 84' lang='grc' dir='ltr'><em>Θεὸς,</em></span> <span class='ocrx_word' id='word_1_222' title='bbox 1118 1912 1377 1983; x_wconf 76' lang='grc' dir='ltr'><strong>ἐλέησόν</strong></span> <span class='ocrx_word' id='word_1_223' title='bbox 1405 1935 1505 1987; x_wconf 82' lang='grc' dir='ltr'><strong>με,</strong></span> <span class='ocrx_word' id='word_1_224' title='bbox 1536 1918 1624 1973; x_wconf 87' lang='grc' dir='ltr'>ὅτι</span> <span class='ocrx_word' id='word_1_225' title='bbox 1668 1921 1767 1975; x_wconf 75' lang='grc' dir='ltr'><strong>ἐπὶ</strong></span> <span class='ocrx_word' id='word_1_226' title='bbox 1801 1922 1890 1978; x_wconf 71' lang='grc' dir='ltr'>σοὶ</span> 
     </span>
    </p>
   </div>
   <div class='ocr_carea' id='block_1_31' title="bbox 1990 1904 3565 1988">
    <p class='ocr_par' dir='ltr' id='par_1_31' title="bbox 2071 1916 3565 1988">
     <span class='ocr_line' id='line_1_32' title="bbox 2071 1916 3565 1988; baseline 0.001 -16"><span class='ocrx_word' id='word_1_227' title='bbox 2071 1916 2240 1974; x_wconf 69' lang='lat' dir='ltr'><strong>Vens.</strong></span> <span class='ocrx_word' id='word_1_228' title='bbox 2266 1917 2321 1974; x_wconf 76' lang='lat'><strong>2.</strong></span> <span class='ocrx_word' id='word_1_229' title='bbox 2352 1917 2605 1973; x_wconf 75' lang='lat' dir='ltr'><strong>Miserere</strong></span> <span class='ocrx_word' id='word_1_230' title='bbox 2648 1919 2770 1984; x_wconf 88' lang='lat' dir='ltr'><strong>mei,</strong></span> <span class='ocrx_word' id='word_1_231' title='bbox 2796 1921 2958 1987; x_wconf 79' lang='lat' dir='ltr'><strong>Deus,</strong></span> <span class='ocrx_word' id='word_1_232' title='bbox 3006 1920 3251 1973; x_wconf 81' lang='lat' dir='ltr'><strong>miserere</strong></span> <span class='ocrx_word' id='word_1_233' title='bbox 3280 1918 3403 1981; x_wconf 87' lang='lat' dir='ltr'><strong>mei,</strong></span> <span class='ocrx_word' id='word_1_234' title='bbox 3437 1934 3565 1988; x_wconf 87' lang='lat' dir='ltr'><strong>quo-</strong></span> 
     </span>
    </p>
   </div>
   <div class='ocr_carea' id='block_1_32' title="bbox 328 1994 1890 2085">
    <p class='ocr_par' dir='ltr' id='par_1_32' title="bbox 328 1994 1890 2085">
     <span class='ocr_line' id='line_1_33' title="bbox 328 1994 1890 2085; baseline 0.013 -37"><span class='ocrx_word' id='word_1_235' title='bbox 328 1994 612 2051; x_wconf 86' lang='grc' dir='ltr'><strong>πέποιθεν</strong></span> <span class='ocrx_word' id='word_1_236' title='bbox 639 1999 678 2067; x_wconf 77' lang='grc' dir='ltr'><strong>η</strong></span> <span class='ocrx_word' id='word_1_237' title='bbox 725 2000 895 2070; x_wconf 72' lang='grc' dir='ltr'><strong>ψυχή</strong></span> <span class='ocrx_word' id='word_1_238' title='bbox 944 2020 1085 2072; x_wconf 84' lang='grc' dir='ltr'><strong>μου.</strong></span> <span class='ocrx_word' id='word_1_239' title='bbox 1130 2005 1337 2079; x_wconf 84' lang='grc' dir='ltr'>Ὥσπερ</span> <span class='ocrx_word' id='word_1_240' title='bbox 1392 2009 1499 2062; x_wconf 82' lang='grc' dir='ltr'><strong>ἀπὸ</strong></span> <span class='ocrx_word' id='word_1_241' title='bbox 1537 2011 1636 2082; x_wconf 80' lang='grc' dir='ltr'><strong>τῆς</strong></span> <span class='ocrx_word' id='word_1_242' title='bbox 1662 2013 1890 2085; x_wconf 79' lang='grc' dir='ltr'><strong>ἱστορίας</strong></span> 
     </span>
    </p>
   </div>
   <div class='ocr_carea' id='block_1_33' title="bbox 1990 1994 3566 2085">
    <p class='ocr_par' dir='ltr' id='par_1_33' title="bbox 2000 2008 3566 2081">
     <span class='ocr_line' id='line_1_34' title="bbox 2000 2008 3566 2081; baseline -0.002 -15"><span class='ocrx_word' id='word_1_243' title='bbox 2000 2012 2143 2066; x_wconf 90' lang='lat' dir='ltr'><strong>niam</strong></span> <span class='ocrx_word' id='word_1_244' title='bbox 2193 2011 2248 2064; x_wconf 90' lang='lat' dir='ltr'><strong>in</strong></span> <span class='ocrx_word' id='word_1_245' title='bbox 2301 2019 2349 2065; x_wconf 91' lang='lat' dir='ltr'><strong>te</strong></span> <span class='ocrx_word' id='word_1_246' title='bbox 2377 2011 2594 2081; x_wconf 83' lang='lat' dir='ltr'><strong>conﬁdit</strong></span> <span class='ocrx_word' id='word_1_247' title='bbox 2630 2012 2812 2065; x_wconf 83' lang='lat' dir='ltr'><strong>anima</strong></span> <span class='ocrx_word' id='word_1_248' title='bbox 2857 2027 2993 2065; x_wconf 88' lang='lat' dir='ltr'><strong>mea.</strong></span> <span class='ocrx_word' id='word_1_249' title='bbox 3028 2008 3184 2066; x_wconf 84' lang='lat' dir='ltr'><strong>Sicut</strong></span> <span class='ocrx_word' id='word_1_250' title='bbox 3226 2025 3294 2065; x_wconf 81' lang='lat' dir='ltr'><strong>ex</strong></span> <span class='ocrx_word' id='word_1_251' title='bbox 3337 2010 3566 2065; x_wconf 82' lang='lat' dir='ltr'><strong>historia</strong></span> 
     </span>
    </p>
   </div>
   <div class='ocr_carea' id='block_1_34' title="bbox 328 2087 1890 2175">
    <p class='ocr_par' dir='ltr' id='par_1_34' title="bbox 328 2087 1890 2175">
     <span class='ocr_line' id='line_1_35' title="bbox 328 2087 1890 2175; baseline 0.013 -35"><span class='ocrx_word' id='word_1_252' title='bbox 328 2087 598 2143; x_wconf 74' lang='grc' dir='ltr'><strong>ἐδείκνυτο</strong></span> <span class='ocrx_word' id='word_1_253' title='bbox 624 2089 874 2163; x_wconf 86' lang='grc' dir='ltr'>δεύτερον</span> <span class='ocrx_word' id='word_1_254' title='bbox 915 2095 1195 2167; x_wconf 81' lang='grc' dir='ltr'><strong>γινόμενος</strong></span> <span class='ocrx_word' id='word_1_255' title='bbox 1239 2102 1268 2152; x_wconf 88' lang='grc' dir='ltr'><em>ὁ</em></span> <span class='ocrx_word' id='word_1_256' title='bbox 1309 2100 1472 2154; x_wconf 80' lang='grc' dir='ltr'><strong>Δαυῖδ</strong></span> <span class='ocrx_word' id='word_1_257' title='bbox 1509 2103 1660 2175; x_wconf 87' lang='grc' dir='ltr'>παρὰ</span> <span class='ocrx_word' id='word_1_258' title='bbox 1685 2110 1797 2170; x_wconf 83' lang='grc' dir='ltr'>τοῖς</span> <span class='ocrx_word' id='word_1_259' title='bbox 1842 2109 1890 2161; x_wconf 61' lang='grc' dir='ltr'>ἐν</span> 
     </span>
    </p>
   </div>
   <div class='ocr_carea' id='block_1_35' title="bbox 1990 2087 3566 2175">
    <p class='ocr_par' dir='ltr' id='par_1_35' title="bbox 1997 2102 3566 2173">
     <span class='ocr_line' id='line_1_36' title="bbox 1997 2102 3566 2173; baseline -0.003 -14"><span class='ocrx_word' id='word_1_260' title='bbox 1997 2111 2463 2160; x_wconf 83' lang='lat' dir='ltr'><strong>eommonstratur</strong></span> <span class='ocrx_word' id='word_1_261' title='bbox 2509 2103 2768 2160; x_wconf 89' lang='lat' dir='ltr'><strong>Davidem</strong></span> <span class='ocrx_word' id='word_1_262' title='bbox 2809 2104 2895 2161; x_wconf 85' lang='lat' dir='ltr'><strong>bis</strong></span> <span class='ocrx_word' id='word_1_263' title='bbox 2955 2102 3100 2173; x_wconf 84' lang='lat' dir='ltr'><strong>apud</strong></span> <span class='ocrx_word' id='word_1_264' title='bbox 3152 2102 3452 2173; x_wconf 88' lang='lat' dir='ltr'><strong>allophylos</strong></span> <span class='ocrx_word' id='word_1_265' title='bbox 3509 2102 3566 2156; x_wconf 88' lang='lat' dir='ltr'><strong>in</strong></span> 
     </span>
    </p>
   </div>
   <div class='ocr_carea' id='block_1_36' title="bbox 326 2179 1890 2270">
    <p class='ocr_par' dir='ltr' id='par_1_36' title="bbox 326 2179 1890 2270">
     <span class='ocr_line' id='line_1_37' title="bbox 326 2179 1890 2270; baseline 0.014 -38"><span class='ocrx_word' id='word_1_266' title='bbox 326 2179 429 2234; x_wconf 86' lang='grc' dir='ltr'><strong>Γὲθ</strong></span> <span class='ocrx_word' id='word_1_267' title='bbox 457 2180 790 2268; x_wconf 65' lang='grc' dir='ltr'><strong>ἀλλοφύλοις,</strong></span> <span class='ocrx_word' id='word_1_268' title='bbox 822 2189 950 2258; x_wconf 87' lang='grc' dir='ltr'>παρ’</span> <span class='ocrx_word' id='word_1_269' title='bbox 978 2182 1057 2252; x_wconf 77' lang='grc' dir='ltr'><strong>οἷς</strong></span> <span class='ocrx_word' id='word_1_270' title='bbox 1081 2190 1369 2263; x_wconf 79' lang='grc' dir='ltr'>διατρίϐων</span> <span class='ocrx_word' id='word_1_271' title='bbox 1393 2194 1482 2248; x_wconf 82' lang='grc' dir='ltr'><strong>τὸν</strong></span> <span class='ocrx_word' id='word_1_272' title='bbox 1503 2203 1573 2249; x_wconf 85' lang='grc' dir='ltr'>νε¹</span> <span class='ocrx_word' id='word_1_273' title='bbox 1594 2198 1890 2270; x_wconf 85' lang='grc' dir='ltr'>ἀναγέγρα-</span> 
     </span>
    </p>
   </div>
   <div class='ocr_carea' id='block_1_37' title="bbox 1990 2179 3569 2270">
    <p class='ocr_par' dir='ltr' id='par_1_37' title="bbox 1997 2193 3569 2266">
     <span class='ocr_line' id='line_1_38' title="bbox 1997 2193 3569 2266; baseline -0.001 -17"><span class='ocrx_word' id='word_1_274' title='bbox 1997 2193 2135 2249; x_wconf 87' lang='lat' dir='ltr'><strong>Getb</strong></span> <span class='ocrx_word' id='word_1_275' title='bbox 2175 2193 2366 2260; x_wconf 82' lang='lat' dir='ltr'><strong>fuisse,</strong></span> <span class='ocrx_word' id='word_1_276' title='bbox 2399 2194 2585 2266; x_wconf 84' lang='lat' dir='ltr'><strong>ibique</strong></span> <span class='ocrx_word' id='word_1_277' title='bbox 2611 2194 2895 2266; x_wconf 78' lang='lat' dir='ltr'><strong>degentem</strong></span> <span class='ocrx_word' id='word_1_278' title='bbox 2939 2194 3212 2265; x_wconf 87' lang='lat' dir='ltr'><strong>psalmum</strong></span> <span class='ocrx_word' id='word_1_279' title='bbox 3238 2208 3305 2247; x_wconf 81' lang='lat' dir='ltr'><strong>LV</strong></span> <span class='ocrx_word' id='word_1_280' title='bbox 3340 2194 3569 2249; x_wconf 86' lang='lat' dir='ltr'><strong>recitas-</strong></span> 
     </span>
    </p>
   </div>
   <div class='ocr_carea' id='block_1_38' title="bbox 326 2271 1898 2363">
    <p class='ocr_par' dir='ltr' id='par_1_38' title="bbox 326 2271 1898 2363">
     <span class='ocr_line' id='line_1_39' title="bbox 326 2271 1898 2363; baseline 0.014 -40"><span class='ocrx_word' id='word_1_281' title='bbox 326 2286 458 2363; x_wconf 57' lang='grc' dir='ltr'>πται</span> <span class='ocrx_word' id='word_1_282' title='bbox 500 2271 712 2345; x_wconf 78' lang='grc' dir='ltr'>ψαλμὸν</span> <span class='ocrx_word' id='word_1_283' title='bbox 737 2276 992 2348; x_wconf 77' lang='grc' dir='ltr'><strong>εἰρηκώςο</strong></span> <span class='ocrx_word' id='word_1_284' title='bbox 1012 2279 1154 2334; x_wconf 78' lang='grc' dir='ltr'>οὕτω</span> <span class='ocrx_word' id='word_1_285' title='bbox 1180 2282 1261 2347; x_wconf 72' lang='grc' dir='ltr'><strong>δὶς</strong></span> <span class='ocrx_word' id='word_1_286' title='bbox 1286 2285 1532 2353; x_wconf 76' lang='grc' dir='ltr'>φαίνεται</span> <span class='ocrx_word' id='word_1_287' title='bbox 1564 2289 1622 2343; x_wconf 82' lang='grc' dir='ltr'>ὲν</span> <span class='ocrx_word' id='word_1_288' title='bbox 1652 2289 1730 2361; x_wconf 83' lang='grc' dir='ltr'>τῷ</span> <span class='ocrx_word' id='word_1_289' title='bbox 1756 2307 1898 2363; x_wconf 78' lang='grc' dir='ltr'>σπη-</span> 
     </span>
    </p>
   </div>
   <div class='ocr_carea' id='block_1_39' title="bbox 326 2360 1894 2450">
    <p class='ocr_par' dir='ltr' id='par_1_39' title="bbox 326 2360 1894 2450">
     <span class='ocr_line' id='line_1_40' title="bbox 326 2360 1894 2450; baseline 0.012 -34"><span class='ocrx_word' id='word_1_290' title='bbox 326 2360 459 2436; x_wconf 69' lang='grc' dir='ltr'>λαίῳ</span> <span class='ocrx_word' id='word_1_291' title='bbox 481 2363 773 2437; x_wconf 60' lang='grc' dir='ltr'><strong>ἐληλυθώς</strong></span> <span class='ocrx_word' id='word_1_292' title='bbox 802 2369 946 2437; x_wconf 74' lang='grc' dir='ltr'>ἅπαξ</span> <span class='ocrx_word' id='word_1_293' title='bbox 972 2371 1091 2440; x_wconf 82' lang='grc' dir='ltr'>μὲν,</span> <span class='ocrx_word' id='word_1_294' title='bbox 1108 2375 1218 2437; x_wconf 84' lang='grc' dir='ltr'>ὅτε,</span> <span class='ocrx_word' id='word_1_295' title='bbox 1249 2375 1442 2446; x_wconf 78' lang='grc' dir='ltr'>μανίαν</span> <span class='ocrx_word' id='word_1_296' title='bbox 1489 2360 1894 2450; x_wconf 62' lang='grc' dir='ltr'>προσποιηθεὶξ,</span> 
     </span>
    </p>
   </div>
   <div class='ocr_carea' id='block_1_40' title="bbox 324 2455 1899 2545">
    <p class='ocr_par' dir='ltr' id='par_1_40' title="bbox 324 2455 1899 2545">
     <span class='ocr_line' id='line_1_41' title="bbox 324 2455 1899 2545; baseline 0.011 -38"><span class='ocrx_word' id='word_1_297' title='bbox 324 2455 644 2545; x_wconf 11' lang='grc' dir='ltr'>τὰςηχεῖρας</span> <span class='ocrx_word' id='word_1_298' title='bbox 696 2459 789 2513; x_wconf 83' lang='grc' dir='ltr'>τοῦ</span> <span class='ocrx_word' id='word_1_299' title='bbox 851 2462 1078 2534; x_wconf 82' lang='grc' dir='ltr'><strong>Ἀγχοῦς</strong></span> <span class='ocrx_word' id='word_1_300' title='bbox 1124 2464 1244 2537; x_wconf 88' lang='lat' dir='ltr'><strong>(sic)</strong></span> <span class='ocrx_word' id='word_1_301' title='bbox 1285 2467 1381 2521; x_wconf 58' lang='grc' dir='ltr'><strong>καὶ⁸</strong></span> <span class='ocrx_word' id='word_1_302' title='bbox 1431 2468 1540 2523; x_wconf 85' lang='grc' dir='ltr'><strong>τῶν</strong></span> <span class='ocrx_word' id='word_1_303' title='bbox 1583 2471 1641 2524; x_wconf 79' lang='grc' dir='ltr'>ὲν</span> <span class='ocrx_word' id='word_1_304' title='bbox 1675 2471 1775 2524; x_wconf 82' lang='grc' dir='ltr'><strong>Γὲθ</strong></span> <span class='ocrx_word' id='word_1_305' title='bbox 1805 2471 1899 2525; x_wconf 84' lang='grc' dir='ltr'><strong>ἀλ-</strong></span> 
     </span>
    </p>
   </div>
   <div class='ocr_carea' id='block_1_41' title="bbox 253 2544 1900 2634">
    <p class='ocr_par' dir='ltr' id='par_1_41' title="bbox 253 2544 1900 2634">
     <span class='ocr_line' id='line_1_42' title="bbox 253 2544 1900 2634; baseline 0.012 -36"><span class='ocrx_word' id='word_1_306' title='bbox 253 2600 261 2610; x_wconf 85' lang='lat'><em>_</em></span> <span class='ocrx_word' id='word_1_307' title='bbox 324 2544 568 2616; x_wconf 82' lang='grc' dir='ltr'>λοφύλων</span> <span class='ocrx_word' id='word_1_308' title='bbox 596 2550 897 2621; x_wconf 76' lang='grc' dir='ltr'>διαφεύγεισ</span> <span class='ocrx_word' id='word_1_309' title='bbox 932 2555 1186 2610; x_wconf 79' lang='grc' dir='ltr'>κάκεῖθεν</span> <span class='ocrx_word' id='word_1_310' title='bbox 1208 2557 1527 2634; x_wconf 73' lang='grc' dir='ltr'><strong>διασώζεται</strong></span> <span class='ocrx_word' id='word_1_311' title='bbox 1554 2563 1633 2625; x_wconf 83' lang='grc' dir='ltr'><strong>εἰς</strong></span> <span class='ocrx_word' id='word_1_312' title='bbox 1654 2561 1714 2615; x_wconf 82' lang='grc' dir='ltr'><strong>τὸ</strong></span> <span class='ocrx_word' id='word_1_313' title='bbox 1767 2563 1900 2632; x_wconf 89' lang='grc' dir='ltr'><strong>σπή-</strong></span> 
     </span>
    </p>
   </div>
   <div class='ocr_carea' id='block_1_42' title="bbox 333 2638 1894 2719">
    <p class='ocr_par' dir='ltr' id='par_1_42' title="bbox 333 2638 1894 2719">
     <span class='ocr_line' id='line_1_43' title="bbox 333 2638 1894 2719; baseline 0.009 -28"><span class='ocrx_word' id='word_1_314' title='bbox 333 2638 484 2694; x_wconf 85' lang='grc' dir='ltr'>λαιον</span> <span class='ocrx_word' id='word_1_315' title='bbox 513 2641 574 2694; x_wconf 80' lang='grc' dir='ltr'>τὸ</span> <span class='ocrx_word' id='word_1_316' title='bbox 619 2642 898 2715; x_wconf 85' lang='grc' dir='ltr'><strong>Ὀδολλὰμ,</strong></span> <span class='ocrx_word' id='word_1_317' title='bbox 921 2644 1048 2700; x_wconf 75' lang='grc' dir='ltr'>ἔνθα</span> <span class='ocrx_word' id='word_1_318' title='bbox 1080 2646 1302 2715; x_wconf 84' lang='grc' dir='ltr'><em>πάντες</em></span> <span class='ocrx_word' id='word_1_319' title='bbox 1325 2653 1379 2703; x_wconf 89' lang='lat' dir='ltr'><strong>ol</strong></span> <span class='ocrx_word' id='word_1_320' title='bbox 1414 2651 1662 2719; x_wconf 71' lang='grc' dir='ltr'><em>ἀδελφοὶ</em></span> <span class='ocrx_word' id='word_1_321' title='bbox 1687 2651 1894 2717; x_wconf 81' lang='grc' dir='ltr'><em>αὑτοῦ,</em></span> 
     </span>
    </p>
   </div>
   <div class='ocr_carea' id='block_1_43' title="bbox 323 2728 1897 2800">
    <p class='ocr_par' dir='ltr' id='par_1_43' title="bbox 323 2728 1897 2800">
     <span class='ocr_line' id='line_1_44' title="bbox 323 2728 1897 2800; baseline 0.003 -18"><span class='ocrx_word' id='word_1_322' title='bbox 323 2729 423 2782; x_wconf 79' lang='grc' dir='ltr'><strong>καὶ</strong></span> <span class='ocrx_word' id='word_1_323' title='bbox 449 2728 568 2795; x_wconf 83' lang='grc' dir='ltr'><strong>πᾶς</strong></span> <span class='ocrx_word' id='word_1_324' title='bbox 597 2733 631 2784; x_wconf 86' lang='grc' dir='ltr'><em>ό</em></span> <span class='ocrx_word' id='word_1_325' title='bbox 657 2731 821 2796; x_wconf 77' lang='grc' dir='ltr'><em>οἶκος</em></span> <span class='ocrx_word' id='word_1_326' title='bbox 847 2731 954 2785; x_wconf 86' lang='grc' dir='ltr'><strong>τοῦ</strong></span> <span class='ocrx_word' id='word_1_327' title='bbox 979 2733 1202 2800; x_wconf 82' lang='grc' dir='ltr'><em>πατρὸς</em></span> <span class='ocrx_word' id='word_1_328' title='bbox 1252 2735 1437 2789; x_wconf 85' lang='grc' dir='ltr'>αὐτοῦ</span> <span class='ocrx_word' id='word_1_329' title='bbox 1468 2736 1897 2789; x_wconf 83' lang='grc' dir='ltr'>καταϐαίνουσι</span> 
     </span>
    </p>
   </div>
   <div class='ocr_carea' id='block_1_44' title="bbox 323 2819 1898 2894">
    <p class='ocr_par' dir='ltr' id='par_1_44' title="bbox 323 2819 1898 2894">
     <span class='ocr_line' id='line_1_45' title="bbox 323 2819 1898 2894; baseline 0.004 -21"><span class='ocrx_word' id='word_1_330' title='bbox 323 2819 474 2888; x_wconf 83' lang='grc' dir='ltr'><em>πρὸς</em></span> <span class='ocrx_word' id='word_1_331' title='bbox 512 2822 714 2874; x_wconf 82' lang='grc' dir='ltr'>αὐτόν.</span> <span class='ocrx_word' id='word_1_332' title='bbox 770 2822 1113 2893; x_wconf 63' lang='grc' dir='ltr'><strong>Συνηφοντό</strong></span> <span class='ocrx_word' id='word_1_333' title='bbox 1162 2841 1227 2878; x_wconf 81' lang='grc' dir='ltr'><em>τε</em></span> <span class='ocrx_word' id='word_1_334' title='bbox 1269 2826 1402 2894; x_wconf 87' lang='grc' dir='ltr'>παρ’</span> <span class='ocrx_word' id='word_1_335' title='bbox 1458 2825 1616 2893; x_wconf 86' lang='grc' dir='ltr'><strong>αὑτῷ</strong></span> <span class='ocrx_word' id='word_1_336' title='bbox 1678 2825 1796 2892; x_wconf 84' lang='grc' dir='ltr'><em>πᾶς</em></span> <span class='ocrx_word' id='word_1_337' title='bbox 1826 2826 1898 2879; x_wconf 86' lang='grc' dir='ltr'><strong>ἐν</strong></span> 
     </span>
    </p>
   </div>
   <div class='ocr_carea' id='block_1_45' title="bbox 322 2909 1897 2985">
    <p class='ocr_par' dir='ltr' id='par_1_45' title="bbox 322 2909 1897 2985">
     <span class='ocr_line' id='line_1_46' title="bbox 322 2909 1897 2985; baseline 0.006 -22"><span class='ocrx_word' id='word_1_338' title='bbox 322 2909 554 2981; x_wconf 75' lang='grc' dir='ltr'><strong>ἀνάγκη</strong></span> <span class='ocrx_word' id='word_1_339' title='bbox 585 2910 690 2976; x_wconf 85' lang='grc' dir='ltr'><em>ὢν,</em></span> <span class='ocrx_word' id='word_1_340' title='bbox 732 2911 832 2965; x_wconf 77' lang='grc' dir='ltr'><strong>καὶ</strong></span> <span class='ocrx_word' id='word_1_341' title='bbox 868 2911 986 2980; x_wconf 86' lang='grc' dir='ltr'><em>πᾶς</em></span> <span class='ocrx_word' id='word_1_342' title='bbox 1034 2916 1364 2985; x_wconf 82' lang='grc' dir='ltr'><strong>ὑπόχρεως,</strong></span> <span class='ocrx_word' id='word_1_343' title='bbox 1409 2917 1508 2973; x_wconf 83' lang='grc' dir='ltr'><strong>καὶ</strong></span> <span class='ocrx_word' id='word_1_344' title='bbox 1548 2917 1717 2974; x_wconf 84' lang='grc' dir='ltr'>πᾶσα</span> <span class='ocrx_word' id='word_1_345' title='bbox 1758 2935 1897 2973; x_wconf 88' lang='grc' dir='ltr'><em>κατ-</em></span> 
     </span>
    </p>
   </div>
   <div class='ocr_carea' id='block_1_46' title="bbox 320 3001 1896 3082">
    <p class='ocr_par' dir='ltr' id='par_1_46' title="bbox 320 3001 1896 3082">
     <span class='ocr_line' id='line_1_47' title="bbox 320 3001 1896 3082; baseline 0.006 -27"><span class='ocrx_word' id='word_1_346' title='bbox 320 3001 545 3066; x_wconf 86' lang='grc' dir='ltr'><em>ὡδυνος</em></span> <span class='ocrx_word' id='word_1_347' title='bbox 570 3003 761 3073; x_wconf 72' lang='grc' dir='ltr'><em>ψυχή·</em></span> <span class='ocrx_word' id='word_1_348' title='bbox 780 3006 877 3059; x_wconf 77' lang='grc' dir='ltr'><strong>καὶ</strong></span> <span class='ocrx_word' id='word_1_349' title='bbox 898 3002 977 3077; x_wconf 83' lang='grc' dir='ltr'><strong>ἦν</strong></span> <span class='ocrx_word' id='word_1_350' title='bbox 993 3008 1086 3061; x_wconf 82' lang='grc' dir='ltr'><strong>ἐπ’</strong></span> <span class='ocrx_word' id='word_1_351' title='bbox 1113 3008 1311 3064; x_wconf 84' lang='grc' dir='ltr'>αὐτῶν</span> <span class='ocrx_word' id='word_1_352' title='bbox 1327 3012 1674 3082; x_wconf 72' lang='grc' dir='ltr'><strong>ἡγούμενος.</strong></span> <span class='ocrx_word' id='word_1_353' title='bbox 1693 3007 1896 3066; x_wconf 81' lang='grc' dir='ltr'>Ἦσαν</span> 
     </span>
    </p>
   </div>
   <div class='ocr_carea' id='block_1_47' title="bbox 321 3092 1892 3175">
    <p class='ocr_par' dir='ltr' id='par_1_47' title="bbox 321 3092 1892 3175">
     <span class='ocr_line' id='line_1_48' title="bbox 321 3092 1892 3175; baseline 0.008 -28"><span class='ocrx_word' id='word_1_354' title='bbox 321 3092 391 3147; x_wconf 78' lang='grc' dir='ltr'><em>δὲ</em></span> <span class='ocrx_word' id='word_1_355' title='bbox 425 3095 505 3161; x_wconf 87' lang='grc' dir='ltr'><strong>ὡς</strong></span> <span class='ocrx_word' id='word_1_356' title='bbox 527 3098 892 3164; x_wconf 84' lang='grc' dir='ltr'>τετρακόσιοι</span> <span class='ocrx_word' id='word_1_357' title='bbox 920 3099 1135 3170; x_wconf 78' lang='grc' dir='ltr'><em>ἄνδρες</em></span> <span class='ocrx_word' id='word_1_358' title='bbox 1156 3118 1171 3133; x_wconf 91' lang='grc'><strong>·</strong></span> <span class='ocrx_word' id='word_1_359' title='bbox 1205 3101 1454 3175; x_wconf 85' lang='grc' dir='ltr'>δεύτερον</span> <span class='ocrx_word' id='word_1_360' title='bbox 1485 3104 1565 3171; x_wconf 84' lang='grc' dir='ltr'><em>δὲ,</em></span> <span class='ocrx_word' id='word_1_361' title='bbox 1637 3104 1736 3159; x_wconf 82' lang='grc' dir='ltr'><strong>ὅτε</strong></span> <span class='ocrx_word' id='word_1_362' title='bbox 1783 3105 1892 3160; x_wconf 88' lang='grc' dir='ltr'><strong>ἀν-</strong></span> 
     </span>
    </p>
   </div>
   <div class='ocr_carea' id='block_1_48' title="bbox 317 3182 1889 3266">
    <p class='ocr_par' dir='ltr' id='par_1_48' title="bbox 317 3182 1889 3266">
     <span class='ocr_line' id='line_1_49' title="bbox 317 3182 1889 3266; baseline 0.009 -28"><span class='ocrx_word' id='word_1_363' title='bbox 317 3182 614 3255; x_wconf 69' lang='grc' dir='ltr'>έστρεψεν</span> <span class='ocrx_word' id='word_1_364' title='bbox 643 3191 677 3242; x_wconf 83' lang='grc' dir='ltr'><em>ὁ</em></span> <span class='ocrx_word' id='word_1_365' title='bbox 704 3190 902 3244; x_wconf 77' lang='grc' dir='ltr'><strong>Σαοὺλ</strong></span> <span class='ocrx_word' id='word_1_366' title='bbox 925 3192 1042 3245; x_wconf 84' lang='grc' dir='ltr'><strong>ἀπὸ</strong></span> <span class='ocrx_word' id='word_1_367' title='bbox 1077 3193 1326 3248; x_wconf 84' lang='grc' dir='ltr'><strong>ὄπισθεν</strong></span> <span class='ocrx_word' id='word_1_368' title='bbox 1350 3194 1468 3249; x_wconf 87' lang='grc' dir='ltr'><strong>τῶν</strong></span> <span class='ocrx_word' id='word_1_369' title='bbox 1503 3197 1889 3266; x_wconf 68' lang='grc' dir='ltr'><em>ἀλλοφύλων,</em></span> 
     </span>
    </p>
   </div>
   <div class='ocr_carea' id='block_1_49' title="bbox 317 3264 1958 3358">
    <p class='ocr_par' dir='ltr' id='par_1_49' title="bbox 317 3264 1958 3358">
     <span class='ocr_line' id='line_1_50' title="bbox 317 3264 1958 3358; baseline 0.007 -26"><span class='ocrx_word' id='word_1_370' title='bbox 317 3278 416 3332; x_wconf 78' lang='grc' dir='ltr'><strong>καὶ</strong></span> <span class='ocrx_word' id='word_1_371' title='bbox 446 3280 754 3351; x_wconf 66' lang='grc' dir='ltr'><strong>ἀπηγγέλη</strong></span> <span class='ocrx_word' id='word_1_372' title='bbox 782 3276 964 3349; x_wconf 77' lang='grc' dir='ltr'><em>αὐτῷ,</em></span> <span class='ocrx_word' id='word_1_373' title='bbox 991 3284 1079 3338; x_wconf 84' lang='grc' dir='ltr'><strong>ὅτι</strong></span> <span class='ocrx_word' id='word_1_374' title='bbox 1114 3285 1259 3340; x_wconf 87' lang='grc' dir='ltr'><strong>Ἰδοὺ</strong></span> <span class='ocrx_word' id='word_1_375' title='bbox 1301 3288 1482 3342; x_wconf 88' lang='grc' dir='ltr'><em>Δαυῒδ</em></span> <span class='ocrx_word' id='word_1_376' title='bbox 1499 3289 1569 3343; x_wconf 83' lang='grc' dir='ltr'><strong>ἐν</strong></span> <span class='ocrx_word' id='word_1_377' title='bbox 1596 3264 1673 3358; x_wconf 69' lang='grc' dir='ltr'><strong>τῆ</strong></span> <span class='ocrx_word' id='word_1_378' title='bbox 1689 3287 1887 3357; x_wconf 80' lang='grc' dir='ltr'><strong>ἐρήμῳ</strong></span> <span class='ocrx_word' id='word_1_379' title='bbox 1916 3264 1958 3322; x_wconf 74' lang='lat' dir='ltr'><strong><em>C</em></strong></span> 
     </span>
    </p>
   </div>
   <div class='ocr_carea' id='block_1_50' title="bbox 316 3369 1891 3456">
    <p class='ocr_par' dir='ltr' id='par_1_50' title="bbox 316 3369 1891 3456">
     <span class='ocr_line' id='line_1_51' title="bbox 316 3369 1891 3456; baseline 0.013 -33"><span class='ocrx_word' id='word_1_380' title='bbox 316 3369 393 3438; x_wconf 80' lang='grc' dir='ltr'><strong>τῇ</strong></span> <span class='ocrx_word' id='word_1_381' title='bbox 420 3371 626 3427; x_wconf 83' lang='grc' dir='ltr'><em>ιἀδδί’</em></span> <span class='ocrx_word' id='word_1_382' title='bbox 660 3374 759 3429; x_wconf 76' lang='grc' dir='ltr'><strong>καὶ</strong></span> <span class='ocrx_word' id='word_1_383' title='bbox 811 3376 991 3431; x_wconf 77' lang='grc' dir='ltr'><em>ἔλαϐε</em></span> <span class='ocrx_word' id='word_1_384' title='bbox 1023 3379 1152 3447; x_wconf 78' lang='grc' dir='ltr'><strong>μεθ’</strong></span> <span class='ocrx_word' id='word_1_385' title='bbox 1177 3379 1394 3435; x_wconf 83' lang='grc' dir='ltr'><em>ἑαυτοῦ</em></span> <span class='ocrx_word' id='word_1_386' title='bbox 1425 3382 1580 3450; x_wconf 78' lang='grc' dir='ltr'><em>τρεῖς</em></span> <span class='ocrx_word' id='word_1_387' title='bbox 1616 3387 1891 3456; x_wconf 78' lang='grc' dir='ltr'><strong>χιλιάδας</strong></span> 
     </span>
    </p>
   </div>
   <div class='ocr_carea' id='block_1_51' title="bbox 314 3461 1888 3552">
    <p class='ocr_par' dir='ltr' id='par_1_51' title="bbox 314 3461 1888 3552">
     <span class='ocr_line' id='line_1_52' title="bbox 314 3461 1888 3552; baseline 0.013 -38"><span class='ocrx_word' id='word_1_388' title='bbox 314 3461 550 3552; x_wconf 66' lang='grc' dir='ltr'><em>ανδρῶν</em></span> <span class='ocrx_word' id='word_1_389' title='bbox 578 3464 877 3521; x_wconf 80' lang='grc' dir='ltr'><strong>ἐκλεκτῶν</strong></span> <span class='ocrx_word' id='word_1_390' title='bbox 919 3469 986 3523; x_wconf 80' lang='grc' dir='ltr'><em>ἐκ</em></span> <span class='ocrx_word' id='word_1_391' title='bbox 1027 3470 1135 3525; x_wconf 89' lang='grc' dir='ltr'><strong>τοῦ</strong></span> <span class='ocrx_word' id='word_1_392' title='bbox 1171 3471 1428 3541; x_wconf 80' lang='grc' dir='ltr'><strong>Ἰσραὴλ,</strong></span> <span class='ocrx_word' id='word_1_393' title='bbox 1473 3476 1570 3529; x_wconf 78' lang='grc' dir='ltr'><strong>καὶ</strong></span> <span class='ocrx_word' id='word_1_394' title='bbox 1598 3477 1888 3552; x_wconf 83' lang='grc' dir='ltr'><strong>ἐπορεύθη</strong></span> 
     </span>
    </p>
   </div>
   <div class='ocr_carea' id='block_1_52' title="bbox 317 3547 1889 3634">
    <p class='ocr_par' dir='ltr' id='par_1_52' title="bbox 317 3547 1889 3634">
     <span class='ocr_line' id='line_1_53' title="bbox 317 3547 1889 3634; baseline 0.014 -28"><span class='ocrx_word' id='word_1_395' title='bbox 317 3547 503 3621; x_wconf 81' lang='grc' dir='ltr'>ζητῶν</span> <span class='ocrx_word' id='word_1_396' title='bbox 554 3556 663 3610; x_wconf 88' lang='grc' dir='ltr'><strong>τὸν</strong></span> <span class='ocrx_word' id='word_1_397' title='bbox 710 3559 892 3614; x_wconf 88' lang='grc' dir='ltr'><em>Δαυῒδ</em></span> <span class='ocrx_word' id='word_1_398' title='bbox 964 3563 1061 3616; x_wconf 83' lang='grc' dir='ltr'><strong>καὶ</strong></span> <span class='ocrx_word' id='word_1_399' title='bbox 1108 3563 1251 3630; x_wconf 84' lang='grc' dir='ltr'><strong>τοὺς</strong></span> <span class='ocrx_word' id='word_1_400' title='bbox 1302 3564 1526 3634; x_wconf 83' lang='grc' dir='ltr'><em>ἄνδρας</em></span> <span class='ocrx_word' id='word_1_401' title='bbox 1563 3547 1749 3626; x_wconf 83' lang='grc' dir='ltr'>αὑτοῦ</span> <span class='ocrx_word' id='word_1_402' title='bbox 1789 3547 1889 3628; x_wconf 56' lang='grc' dir='ltr'><em>ἐπὶ</em></span> 
     </span>
    </p>
   </div>
   <div class='ocr_carea' id='block_1_53' title="bbox 315 3649 1892 3730">
    <p class='ocr_par' dir='ltr' id='par_1_53' title="bbox 315 3649 1892 3730">
     <span class='ocr_line' id='line_1_54' title="bbox 315 3649 1892 3730; baseline 0.012 -30"><span class='ocrx_word' id='word_1_403' title='bbox 315 3649 638 3715; x_wconf 88' lang='grc' dir='ltr'><em>πρόσωπον</em></span> <span class='ocrx_word' id='word_1_404' title='bbox 666 3652 890 3705; x_wconf 75' lang='grc' dir='ltr'><strong>Αὶλείν.</strong></span> <span class='ocrx_word' id='word_1_405' title='bbox 927 3654 1035 3707; x_wconf 83' lang='grc' dir='ltr'><strong>Καὶ</strong></span> <span class='ocrx_word' id='word_1_406' title='bbox 1068 3651 1255 3725; x_wconf 78' lang='grc' dir='ltr'><em>ἦλθεν</em></span> <span class='ocrx_word' id='word_1_407' title='bbox 1280 3660 1368 3723; x_wconf 83' lang='grc' dir='ltr'><em>είς</em></span> <span class='ocrx_word' id='word_1_408' title='bbox 1395 3659 1502 3726; x_wconf 85' lang='grc' dir='ltr'><em>τὰς</em></span> <span class='ocrx_word' id='word_1_409' title='bbox 1524 3661 1746 3730; x_wconf 75' lang='grc' dir='ltr'><strong>ἀγέλας</strong></span> <span class='ocrx_word' id='word_1_410' title='bbox 1770 3665 1892 3721; x_wconf 84' lang='grc' dir='ltr'><strong>τῶν</strong></span> 
     </span>
    </p>
   </div>
   <div class='ocr_carea' id='block_1_54' title="bbox 314 3740 1887 3821">
    <p class='ocr_par' dir='ltr' id='par_1_54' title="bbox 314 3740 1887 3821">
     <span class='ocr_line' id='line_1_55' title="bbox 314 3740 1887 3821; baseline 0.01 -30"><span class='ocrx_word' id='word_1_411' title='bbox 314 3740 604 3808; x_wconf 80' lang='grc' dir='ltr'><em>ποιμνίων</em></span> <span class='ocrx_word' id='word_1_412' title='bbox 627 3740 735 3807; x_wconf 88' lang='grc' dir='ltr'><strong>τὰς</strong></span> <span class='ocrx_word' id='word_1_413' title='bbox 767 3742 867 3795; x_wconf 80' lang='grc' dir='ltr'><strong>ἐπὶ</strong></span> <span class='ocrx_word' id='word_1_414' title='bbox 912 3742 1025 3812; x_wconf 74' lang='grc' dir='ltr'><strong>τῆς</strong></span> <span class='ocrx_word' id='word_1_415' title='bbox 1057 3744 1221 3799; x_wconf 79' lang='grc' dir='ltr'><em>ὁδοῦ.</em></span> <span class='ocrx_word' id='word_1_416' title='bbox 1285 3747 1396 3801; x_wconf 85' lang='lat' dir='ltr'><strong>Kal</strong></span> <span class='ocrx_word' id='word_1_417' title='bbox 1431 3744 1511 3819; x_wconf 79' lang='grc' dir='ltr'><strong>ἦν</strong></span> <span class='ocrx_word' id='word_1_418' title='bbox 1558 3751 1688 3804; x_wconf 86' lang='grc' dir='ltr'><em>ἐκεῖ</em></span> <span class='ocrx_word' id='word_1_419' title='bbox 1725 3753 1887 3821; x_wconf 83' lang='grc' dir='ltr'><strong>σπή-</strong></span> 
     </span>
    </p>
   </div>
   <div class='ocr_carea' id='block_1_55' title="bbox 312 3833 1887 3907">
    <p class='ocr_par' dir='ltr' id='par_1_55' title="bbox 312 3833 1887 3907">
     <span class='ocr_line' id='line_1_56' title="bbox 312 3833 1887 3907; baseline 0.01 -23"><span class='ocrx_word' id='word_1_420' title='bbox 312 3833 509 3899; x_wconf 70' lang='grc' dir='ltr'>λαιον,</span> <span class='ocrx_word' id='word_1_421' title='bbox 544 3833 640 3887; x_wconf 77' lang='grc' dir='ltr'><strong>καὶ</strong></span> <span class='ocrx_word' id='word_1_422' title='bbox 672 3833 920 3902; x_wconf 73' lang='grc' dir='ltr'><strong>εἰσῆλθε</strong></span> <span class='ocrx_word' id='word_1_423' title='bbox 940 3836 1140 3891; x_wconf 81' lang='grc' dir='ltr'>Σαοὺλ</span> <span class='ocrx_word' id='word_1_424' title='bbox 1169 3841 1767 3907; x_wconf 82' lang='grc' dir='ltr'>παρασκευάσασθαι·</span> <span class='ocrx_word' id='word_1_425' title='bbox 1790 3846 1887 3900; x_wconf 65' lang='grc' dir='ltr'><strong>καὶ</strong></span> 
     </span>
    </p>
   </div>
   <div class='ocr_carea' id='block_1_56' title="bbox 313 3923 1890 4005">
    <p class='ocr_par' dir='ltr' id='par_1_56' title="bbox 313 3923 1890 4005">
     <span class='ocr_line' id='line_1_57' title="bbox 313 3923 1890 4005; baseline 0.01 -29"><span class='ocrx_word' id='word_1_426' title='bbox 313 3923 495 3977; x_wconf 84' lang='grc' dir='ltr'><em>Δαυῒδ</em></span> <span class='ocrx_word' id='word_1_427' title='bbox 533 3923 631 3981; x_wconf 71' lang='grc' dir='ltr'><strong>καὶ</strong></span> <span class='ocrx_word' id='word_1_428' title='bbox 661 3929 714 3980; x_wconf 91' lang='lat' dir='ltr'><strong>ol</strong></span> <span class='ocrx_word' id='word_1_429' title='bbox 745 3925 950 3996; x_wconf 81' lang='grc' dir='ltr'><em>ἄνδρε(</em></span> <span class='ocrx_word' id='word_1_430' title='bbox 1021 3930 1203 3984; x_wconf 79' lang='grc' dir='ltr'>αὐτοῦ</span> <span class='ocrx_word' id='word_1_431' title='bbox 1257 3929 1535 4002; x_wconf 82' lang='grc' dir='ltr'>ἐσώτεροι</span> <span class='ocrx_word' id='word_1_432' title='bbox 1590 3935 1697 3989; x_wconf 86' lang='grc' dir='ltr'><strong>τοῦ</strong></span> <span class='ocrx_word' id='word_1_433' title='bbox 1733 3953 1890 4005; x_wconf 87' lang='grc' dir='ltr'>σπη-</span> 
     </span>
    </p>
   </div>
   <div class='ocr_carea' id='block_1_57' title="bbox 313 4015 1889 4095">
    <p class='ocr_par' dir='ltr' id='par_1_57' title="bbox 313 4015 1889 4095">
     <span class='ocr_line' id='line_1_58' title="bbox 313 4015 1889 4095; baseline 0.008 -26"><span class='ocrx_word' id='word_1_434' title='bbox 313 4016 491 4069; x_wconf 75' lang='grc' dir='ltr'><em>λαίου</em></span> <span class='ocrx_word' id='word_1_435' title='bbox 514 4015 826 4086; x_wconf 81' lang='grc' dir='ltr'><strong>ἐκάθηντο.</strong></span> <span class='ocrx_word' id='word_1_436' title='bbox 877 4020 989 4074; x_wconf 81' lang='grc' dir='ltr'><strong>Καὶ</strong></span> <span class='ocrx_word' id='word_1_437' title='bbox 1012 4018 1190 4075; x_wconf 81' lang='grc' dir='ltr'><em>εἴπαν</em></span> <span class='ocrx_word' id='word_1_438' title='bbox 1212 4024 1267 4076; x_wconf 79' lang='grc' dir='ltr'><strong>οἱ</strong></span> <span class='ocrx_word' id='word_1_439' title='bbox 1298 4023 1514 4092; x_wconf 80' lang='grc' dir='ltr'><em>ἄνδρες</em></span> <span class='ocrx_word' id='word_1_440' title='bbox 1534 4025 1715 4080; x_wconf 87' lang='grc' dir='ltr'><em>Δαυῒδ</em></span> <span class='ocrx_word' id='word_1_441' title='bbox 1738 4028 1889 4095; x_wconf 71' lang='grc' dir='ltr'><em>πρὸς</em></span> 
     </span>
    </p>
   </div>
   <div class='ocr_carea' id='block_1_58' title="bbox 313 4110 1888 4188">
    <p class='ocr_par' dir='ltr' id='par_1_58' title="bbox 313 4110 1888 4188">
     <span class='ocr_line' id='line_1_59' title="bbox 313 4110 1888 4188; baseline 0.008 -27"><span class='ocrx_word' id='word_1_442' title='bbox 313 4110 518 4163; x_wconf 75' lang='grc' dir='ltr'><strong>αὐτόν’</strong></span> <span class='ocrx_word' id='word_1_443' title='bbox 569 4110 722 4165; x_wconf 85' lang='grc' dir='ltr'><em>Ἰδοὺ</em></span> <span class='ocrx_word' id='word_1_444' title='bbox 747 4114 785 4181; x_wconf 81' lang='grc' dir='ltr'>ἡ</span> <span class='ocrx_word' id='word_1_445' title='bbox 810 4113 999 4182; x_wconf 73' lang='grc' dir='ltr'><strong>ἡμέρα</strong></span> <span class='ocrx_word' id='word_1_446' title='bbox 1024 4114 1196 4183; x_wconf 86' lang='grc' dir='ltr'>αὕτη,</span> <span class='ocrx_word' id='word_1_447' title='bbox 1221 4113 1304 4183; x_wconf 81' lang='grc' dir='ltr'><strong>ἢν</strong></span> <span class='ocrx_word' id='word_1_448' title='bbox 1338 4114 1467 4172; x_wconf 82' lang='grc' dir='ltr'><em>εἷπε</em></span> <span class='ocrx_word' id='word_1_449' title='bbox 1500 4121 1714 4187; x_wconf 84' lang='grc' dir='ltr'><strong>Κύριος</strong></span> <span class='ocrx_word' id='word_1_450' title='bbox 1738 4119 1888 4188; x_wconf 83' lang='grc' dir='ltr'><em>πρὸς</em></span> 
     </span>
    </p>
   </div>
   <div class='ocr_carea' id='block_1_59' title="bbox 314 4196 1888 4280">
    <p class='ocr_par' dir='ltr' id='par_1_59' title="bbox 314 4196 1888 4280">
     <span class='ocr_line' id='line_1_60' title="bbox 314 4196 1888 4280; baseline 0.008 -27"><span class='ocrx_word' id='word_1_451' title='bbox 314 4198 410 4267; x_wconf 86' lang='grc' dir='ltr'><strong>σὲ,</strong></span> <span class='ocrx_word' id='word_1_452' title='bbox 445 4202 811 4271; x_wconf 83' lang='grc' dir='ltr'>παραδοῦναι</span> <span class='ocrx_word' id='word_1_453' title='bbox 852 4205 960 4259; x_wconf 85' lang='grc' dir='ltr'><strong>τὸν</strong></span> <span class='ocrx_word' id='word_1_454' title='bbox 1007 4207 1226 4275; x_wconf 85' lang='grc' dir='ltr'><strong>ἐχθρόν</strong></span> <span class='ocrx_word' id='word_1_455' title='bbox 1254 4222 1370 4263; x_wconf 90' lang='grc' dir='ltr'><em>σου</em></span> <span class='ocrx_word' id='word_1_456' title='bbox 1426 4213 1513 4277; x_wconf 79' lang='grc' dir='ltr'><strong>εὶς</strong></span> <span class='ocrx_word' id='word_1_457' title='bbox 1550 4211 1658 4276; x_wconf 84' lang='grc' dir='ltr'><strong>τὰς</strong></span> <span class='ocrx_word' id='word_1_458' title='bbox 1685 4196 1888 4280; x_wconf 73' lang='grc' dir='ltr'><strong>χεῖράς</strong></span> 
     </span>
    </p>
   </div>
   <div class='ocr_carea' id='block_1_60' title="bbox 313 4294 1887 4372">
    <p class='ocr_par' dir='ltr' id='par_1_60' title="bbox 313 4294 1887 4372">
     <span class='ocr_line' id='line_1_61' title="bbox 313 4294 1887 4372; baseline 0.006 -25"><span class='ocrx_word' id='word_1_459' title='bbox 313 4308 451 4357; x_wconf 86' lang='grc' dir='ltr'><em>σου,</em></span> <span class='ocrx_word' id='word_1_460' title='bbox 485 4294 583 4347; x_wconf 78' lang='grc' dir='ltr'><strong>καὶ</strong></span> <span class='ocrx_word' id='word_1_461' title='bbox 614 4295 887 4365; x_wconf 81' lang='grc' dir='ltr'>ποιήσεις</span> <span class='ocrx_word' id='word_1_462' title='bbox 913 4295 1072 4368; x_wconf 86' lang='grc' dir='ltr'><strong>αὑτῷ</strong></span> <span class='ocrx_word' id='word_1_463' title='bbox 1097 4300 1178 4367; x_wconf 87' lang='grc' dir='ltr'><strong>ὡς</strong></span> <span class='ocrx_word' id='word_1_464' title='bbox 1217 4301 1536 4370; x_wconf 79' lang='grc' dir='ltr'><strong>ἀγαθὸνέν</strong></span> <span class='ocrx_word' id='word_1_465' title='bbox 1557 4302 1887 4372; x_wconf 66' lang='grc' dir='ltr'><strong>ὀφθαλμοῖς</strong></span> 
     </span>
    </p>
   </div>
   <div class='ocr_carea' id='block_1_61' title="bbox 312 4386 1888 4466">
    <p class='ocr_par' dir='ltr' id='par_1_61' title="bbox 312 4386 1888 4466">
     <span class='ocr_line' id='line_1_62' title="bbox 312 4386 1888 4466; baseline 0.006 -26"><span class='ocrx_word' id='word_1_466' title='bbox 312 4398 450 4441; x_wconf 85' lang='grc' dir='ltr'><em>σου.</em></span> <span class='ocrx_word' id='word_1_467' title='bbox 488 4386 599 4439; x_wconf 86' lang='lat' dir='ltr'><strong>Kal</strong></span> <span class='ocrx_word' id='word_1_468' title='bbox 630 4386 853 4457; x_wconf 83' lang='grc' dir='ltr'>ἀνέστη</span> <span class='ocrx_word' id='word_1_469' title='bbox 883 4390 1064 4445; x_wconf 81' lang='grc' dir='ltr'><em>Δαυτδ</em></span> <span class='ocrx_word' id='word_1_470' title='bbox 1090 4390 1191 4445; x_wconf 76' lang='grc' dir='ltr'><strong>καὶ</strong></span> <span class='ocrx_word' id='word_1_471' title='bbox 1218 4393 1425 4462; x_wconf 69' lang='grc' dir='ltr'><em>ἀφεῖλε</em></span> <span class='ocrx_word' id='word_1_472' title='bbox 1452 4393 1521 4447; x_wconf 89' lang='grc' dir='ltr'><strong>τὸ</strong></span> <span class='ocrx_word' id='word_1_473' title='bbox 1575 4395 1888 4466; x_wconf 75' lang='grc' dir='ltr'><strong>πτερύγων</strong></span> 
     </span>
    </p>
   </div>
   <div class='ocr_carea' id='block_1_62' title="bbox 244 4475 1885 4557">
    <p class='ocr_par' dir='ltr' id='par_1_62' title="bbox 244 4475 1885 4557">
     <span class='ocr_line' id='line_1_63' title="bbox 244 4475 1885 4557; baseline 0.009 -29"><span class='ocrx_word' id='word_1_474' title='bbox 244 4526 249 4535; x_wconf 80' lang='grc'><strong>,</strong></span> <span class='ocrx_word' id='word_1_475' title='bbox 310 4475 423 4543; x_wconf 87' lang='grc' dir='ltr'><strong>τῆς</strong></span> <span class='ocrx_word' id='word_1_476' title='bbox 467 4476 776 4547; x_wconf 79' lang='grc' dir='ltr'><strong>διπλοΐδος</strong></span> <span class='ocrx_word' id='word_1_477' title='bbox 834 4482 1031 4537; x_wconf 77' lang='grc' dir='ltr'><strong>Σαοὺλ</strong></span> <span class='ocrx_word' id='word_1_478' title='bbox 1090 4485 1403 4554; x_wconf 73' lang='grc' dir='ltr'><strong>λαθραίως.</strong></span> <span class='ocrx_word' id='word_1_479' title='bbox 1462 4487 1573 4540; x_wconf 90' lang='lat' dir='ltr'><strong>Kal</strong></span> <span class='ocrx_word' id='word_1_480' title='bbox 1632 4485 1885 4557; x_wconf 77' lang='grc' dir='ltr'><strong>ἐγενήθη</strong></span> 
     </span>
    </p>
   </div>
   <div class='ocr_carea' id='block_1_63' title="bbox 1997 2286 3571 2358">
    <p class='ocr_par' dir='ltr' id='par_1_63' title="bbox 1997 2286 3571 2358">
     <span class='ocr_line' id='line_1_64' title="bbox 1997 2286 3571 2358; baseline -0.002 -15"><span class='ocrx_word' id='word_1_481' title='bbox 1997 2302 2057 2343; x_wconf 88' lang='lat' dir='ltr'><strong>se</strong></span> <span class='ocrx_word' id='word_1_482' title='bbox 2085 2288 2350 2358; x_wconf 83' lang='lat' dir='ltr'><strong>scriptum</strong></span> <span class='ocrx_word' id='word_1_483' title='bbox 2387 2295 2509 2344; x_wconf 87' lang='lat' dir='ltr'><strong>est:</strong></span> <span class='ocrx_word' id='word_1_484' title='bbox 2540 2286 2620 2344; x_wconf 88' lang='lat' dir='ltr'><strong>sic</strong></span> <span class='ocrx_word' id='word_1_485' title='bbox 2665 2287 2751 2344; x_wconf 89' lang='lat' dir='ltr'><strong>bis</strong></span> <span class='ocrx_word' id='word_1_486' title='bbox 2782 2286 2838 2342; x_wconf 90' lang='lat' dir='ltr'><strong>in</strong></span> <span class='ocrx_word' id='word_1_487' title='bbox 2895 2288 3212 2357; x_wconf 82' lang='lat' dir='ltr'><strong>speluncam</strong></span> <span class='ocrx_word' id='word_1_488' title='bbox 3242 2287 3457 2343; x_wconf 85' lang='lat' dir='ltr'><strong>venisse</strong></span> <span class='ocrx_word' id='word_1_489' title='bbox 3487 2287 3571 2340; x_wconf 82' lang='lat' dir='ltr'><strong>vi-</strong></span> 
     </span>
    </p>
   </div>
   <div class='ocr_carea' id='block_1_64' title="bbox 1997 2373 3570 2449">
    <p class='ocr_par' dir='ltr' id='par_1_64' title="bbox 1997 2373 3570 2449">
     <span class='ocr_line' id='line_1_65' title="bbox 1997 2373 3570 2449; baseline -0.004 -17"><span class='ocrx_word' id='word_1_490' title='bbox 1997 2378 2187 2445; x_wconf 87' lang='lat' dir='ltr'><strong>detur;</strong></span> <span class='ocrx_word' id='word_1_491' title='bbox 2221 2378 2398 2449; x_wconf 87' lang='lat' dir='ltr'><strong>primo</strong></span> <span class='ocrx_word' id='word_1_492' title='bbox 2428 2392 2551 2431; x_wconf 90' lang='lat' dir='ltr'><strong>cum</strong></span> <span class='ocrx_word' id='word_1_493' title='bbox 2573 2416 2588 2441; x_wconf 91' lang='lat'><strong>,</strong></span> <span class='ocrx_word' id='word_1_494' title='bbox 2617 2375 2835 2432; x_wconf 88' lang='lat' dir='ltr'><strong>insania</strong></span> <span class='ocrx_word' id='word_1_495' title='bbox 2890 2376 3168 2440; x_wconf 89' lang='lat' dir='ltr'><strong>simulata,</strong></span> <span class='ocrx_word' id='word_1_496' title='bbox 3202 2389 3398 2430; x_wconf 90' lang='lat' dir='ltr'><strong>manus</strong></span> <span class='ocrx_word' id='word_1_497' title='bbox 3456 2373 3570 2427; x_wconf 86' lang='lat' dir='ltr'><strong>An-</strong></span> 
     </span>
    </p>
   </div>
   <div class='ocr_carea' id='block_1_65' title="bbox 1997 2464 3570 2537">
    <p class='ocr_par' dir='ltr' id='par_1_65' title="bbox 1997 2464 3570 2537">
     <span class='ocr_line' id='line_1_66' title="bbox 1997 2464 3570 2537; baseline -0.003 -15"><span class='ocrx_word' id='word_1_498' title='bbox 1997 2467 2136 2522; x_wconf 90' lang='lat' dir='ltr'><strong>chus</strong></span> <span class='ocrx_word' id='word_1_499' title='bbox 2177 2473 2233 2522; x_wconf 88' lang='lat' dir='ltr'><strong>et</strong></span> <span class='ocrx_word' id='word_1_500' title='bbox 2288 2465 2633 2521; x_wconf 65' lang='lat' dir='ltr'><strong>Gethaeorum</strong></span> <span class='ocrx_word' id='word_1_501' title='bbox 2690 2465 3091 2537; x_wconf 87' lang='lat' dir='ltr'><strong>allophylorum</strong></span> <span class='ocrx_word' id='word_1_502' title='bbox 3147 2464 3357 2535; x_wconf 81' lang='lat' dir='ltr'><strong>eﬂ‘u‘git,</strong></span> <span class='ocrx_word' id='word_1_503' title='bbox 3403 2470 3570 2533; x_wconf 85' lang='lat' dir='ltr'><strong>atque</strong></span> 
     </span>
    </p>
   </div>
   <div class='ocr_carea' id='block_1_66' title="bbox 1996 2553 3569 2626">
    <p class='ocr_par' dir='ltr' id='par_1_66' title="bbox 1996 2553 3569 2626">
     <span class='ocr_line' id='line_1_67' title="bbox 1996 2553 3569 2626; baseline -0.001 -15"><span class='ocrx_word' id='word_1_504' title='bbox 1996 2556 2123 2611; x_wconf 88' lang='lat' dir='ltr'><strong>inde</strong></span> <span class='ocrx_word' id='word_1_505' title='bbox 2151 2556 2206 2611; x_wconf 91' lang='lat' dir='ltr'><strong>in</strong></span> <span class='ocrx_word' id='word_1_506' title='bbox 2235 2557 2551 2626; x_wconf 86' lang='lat' dir='ltr'><strong>speluncam</strong></span> <span class='ocrx_word' id='word_1_507' title='bbox 2584 2553 2831 2611; x_wconf 86' lang='lat' dir='ltr'><strong>Odollam</strong></span> <span class='ocrx_word' id='word_1_508' title='bbox 2869 2571 2929 2611; x_wconf 89' lang='lat' dir='ltr'><strong>se</strong></span> <span class='ocrx_word' id='word_1_509' title='bbox 2952 2555 3234 2619; x_wconf 85' lang='lat' dir='ltr'><strong>subduxit,</strong></span> <span class='ocrx_word' id='word_1_510' title='bbox 3269 2555 3363 2610; x_wconf 89' lang='lat' dir='ltr'><strong>ubi</strong></span> <span class='ocrx_word' id='word_1_511' title='bbox 3389 2568 3569 2610; x_wconf 63' lang='lat' dir='ltr'><strong>omnes</strong></span> 
     </span>
    </p>
   </div>
   <div class='ocr_carea' id='block_1_67' title="bbox 1996 2645 3571 2718">
    <p class='ocr_par' dir='ltr' id='par_1_67' title="bbox 1996 2645 3571 2718">
     <span class='ocr_line' id='line_1_68' title="bbox 1996 2645 3571 2718; baseline -0.002 -18"><span class='ocrx_word' id='word_1_512' title='bbox 1996 2648 2192 2718; x_wconf 75' lang='lat' dir='ltr'><strong>fratres</strong></span> <span class='ocrx_word' id='word_1_513' title='bbox 2230 2647 2343 2718; x_wconf 90' lang='lat' dir='ltr'><strong>ejus</strong></span> <span class='ocrx_word' id='word_1_514' title='bbox 2386 2657 2435 2702; x_wconf 91' lang='lat' dir='ltr'><strong>et</strong></span> <span class='ocrx_word' id='word_1_515' title='bbox 2483 2647 2728 2701; x_wconf 86' lang='lat' dir='ltr'><strong>universa</strong></span> <span class='ocrx_word' id='word_1_516' title='bbox 2768 2646 2956 2701; x_wconf 82' lang='lat' dir='ltr'><strong>domus</strong></span> <span class='ocrx_word' id='word_1_517' title='bbox 2983 2645 3152 2715; x_wconf 84' lang='lat' dir='ltr'><strong>patris</strong></span> <span class='ocrx_word' id='word_1_518' title='bbox 3182 2645 3296 2714; x_wconf 89' lang='lat' dir='ltr'><strong>ejus</strong></span> <span class='ocrx_word' id='word_1_519' title='bbox 3323 2659 3441 2698; x_wconf 81' lang='lat' dir='ltr'><strong>eum</strong></span> <span class='ocrx_word' id='word_1_520' title='bbox 3470 2658 3571 2697; x_wconf 53' lang='lat'><strong>53&#39;-</strong></span> 
     </span>
    </p>
   </div>
   <div class='ocr_carea' id='block_1_68' title="bbox 1994 2733 3568 2806">
    <p class='ocr_par' dir='ltr' id='par_1_68' title="bbox 1994 2733 3568 2806">
     <span class='ocr_line' id='line_1_69' title="bbox 1994 2733 3568 2806; baseline -0.003 -13"><span class='ocrx_word' id='word_1_521' title='bbox 1994 2741 2188 2794; x_wconf 87' lang='lat' dir='ltr'><strong>ierunt.</strong></span> <span class='ocrx_word' id='word_1_522' title='bbox 2219 2737 2291 2792; x_wconf 91' lang='lat' dir='ltr'><strong>Et</strong></span> <span class='ocrx_word' id='word_1_523' title='bbox 2311 2747 2659 2793; x_wconf 87' lang='lat' dir='ltr'><strong>convenerunt</strong></span> <span class='ocrx_word' id='word_1_524' title='bbox 2708 2737 2777 2792; x_wconf 90' lang='lat' dir='ltr'><strong>ad</strong></span> <span class='ocrx_word' id='word_1_525' title='bbox 2828 2753 2946 2792; x_wconf 88' lang='lat' dir='ltr'><strong>eum</strong></span> <span class='ocrx_word' id='word_1_526' title='bbox 2980 2752 3157 2791; x_wconf 86' lang='lat' dir='ltr'><strong>omnes</strong></span> <span class='ocrx_word' id='word_1_527' title='bbox 3187 2736 3277 2806; x_wconf 86' lang='lat' dir='ltr'><strong>qui</strong></span> <span class='ocrx_word' id='word_1_528' title='bbox 3319 2743 3471 2789; x_wconf 89' lang='lat' dir='ltr'><strong>erant</strong></span> <span class='ocrx_word' id='word_1_529' title='bbox 3510 2733 3568 2789; x_wconf 74' lang='lat' dir='ltr'><strong>iu</strong></span> 
     </span>
    </p>
   </div>
   <div class='ocr_carea' id='block_1_69' title="bbox 1995 2827 3569 2902">
    <p class='ocr_par' dir='ltr' id='par_1_69' title="bbox 1995 2827 3569 2902">
     <span class='ocr_line' id='line_1_70' title="bbox 1995 2827 3569 2902; baseline -0.006 -17"><span class='ocrx_word' id='word_1_530' title='bbox 1995 2831 2247 2902; x_wconf 78' lang='lat' dir='ltr'><strong>angustia</strong></span> <span class='ocrx_word' id='word_1_531' title='bbox 2269 2829 2565 2892; x_wconf 86' lang='lat' dir='ltr'><strong>constituti,</strong></span> <span class='ocrx_word' id='word_1_532' title='bbox 2594 2838 2642 2885; x_wconf 89' lang='lat' dir='ltr'><strong>et</strong></span> <span class='ocrx_word' id='word_1_533' title='bbox 2667 2830 2900 2899; x_wconf 75' lang='lat' dir='ltr'><strong>oppressi</strong></span> <span class='ocrx_word' id='word_1_534' title='bbox 2939 2844 3041 2884; x_wconf 77' lang='lat' dir='ltr'><strong>tere</strong></span> <span class='ocrx_word' id='word_1_535' title='bbox 3075 2827 3269 2890; x_wconf 87' lang='lat' dir='ltr'><strong>alieno,</strong></span> <span class='ocrx_word' id='word_1_536' title='bbox 3302 2834 3352 2879; x_wconf 91' lang='lat' dir='ltr'><strong>et</strong></span> <span class='ocrx_word' id='word_1_537' title='bbox 3380 2841 3569 2879; x_wconf 82' lang='lat' dir='ltr'><strong>amaro</strong></span> 
     </span>
    </p>
   </div>
   <div class='ocr_carea' id='block_1_70' title="bbox 1996 2916 3570 2987">
    <p class='ocr_par' dir='ltr' id='par_1_70' title="bbox 1996 2916 3570 2987">
     <span class='ocr_line' id='line_1_71' title="bbox 1996 2916 3570 2987; baseline -0.003 -16"><span class='ocrx_word' id='word_1_538' title='bbox 1996 2918 2171 2972; x_wconf 89' lang='lat' dir='ltr'><strong>animo</strong></span> <span class='ocrx_word' id='word_1_539' title='bbox 2202 2934 2221 2972; x_wconf 91' lang='lat'><em>:</em></span> <span class='ocrx_word' id='word_1_540' title='bbox 2243 2928 2293 2973; x_wconf 87' lang='lat' dir='ltr'><strong>et</strong></span> <span class='ocrx_word' id='word_1_541' title='bbox 2321 2927 2434 2973; x_wconf 90' lang='lat' dir='ltr'><strong>erat</strong></span> <span class='ocrx_word' id='word_1_542' title='bbox 2458 2935 2638 2974; x_wconf 87' lang='lat' dir='ltr'><strong>eorum</strong></span> <span class='ocrx_word' id='word_1_543' title='bbox 2662 2918 2793 2974; x_wconf 68' lang='lat' dir='ltr'><strong>dum.</strong></span> <span class='ocrx_word' id='word_1_544' title='bbox 2820 2916 2991 2972; x_wconf 86' lang='lat' dir='ltr'><strong>Erant</strong></span> <span class='ocrx_word' id='word_1_545' title='bbox 3019 2926 3196 2972; x_wconf 83' lang='lat' dir='ltr'><strong>autem</strong></span> <span class='ocrx_word' id='word_1_546' title='bbox 3239 2916 3392 2987; x_wconf 89' lang='lat' dir='ltr'><strong>quasi</strong></span> <span class='ocrx_word' id='word_1_547' title='bbox 3433 2931 3570 2986; x_wconf 88' lang='lat' dir='ltr'><strong>qua-</strong></span> 
     </span>
    </p>
   </div>
   <div class='ocr_carea' id='block_1_71' title="bbox 1993 3010 3585 3083">
    <p class='ocr_par' dir='ltr' id='par_1_71' title="bbox 1993 3010 3585 3083">
     <span class='ocr_line' id='line_1_72' title="bbox 1993 3010 3585 3083; baseline -0.003 -19"><span class='ocrx_word' id='word_1_548' title='bbox 1993 3011 2257 3083; x_wconf 85' lang='lat' dir='ltr'><strong>dringenti</strong></span> <span class='ocrx_word' id='word_1_549' title='bbox 2308 3012 2409 3065; x_wconf 89' lang='lat' dir='ltr'><strong>viri</strong></span> <span class='ocrx_word' id='word_1_550' title='bbox 2438 3012 2505 3067; x_wconf 80' lang='grc'><strong>¹³.</strong></span> <span class='ocrx_word' id='word_1_551' title='bbox 2540 3010 2797 3067; x_wconf 87' lang='lat' dir='ltr'><strong>Secundo</strong></span> <span class='ocrx_word' id='word_1_552' title='bbox 2822 3018 3026 3074; x_wconf 88' lang='lat' dir='ltr'><strong>autem,</strong></span> <span class='ocrx_word' id='word_1_553' title='bbox 3076 3026 3195 3063; x_wconf 89' lang='lat' dir='ltr'><strong>cum</strong></span> <span class='ocrx_word' id='word_1_554' title='bbox 3221 3024 3457 3063; x_wconf 81' lang='lat' dir='ltr'><strong>reversus</strong></span> <span class='ocrx_word' id='word_1_555' title='bbox 3486 3015 3585 3062; x_wconf 74' lang='grc' dir='ltr'>εει·</span> 
     </span>
    </p>
   </div>
   <div class='ocr_carea' id='block_1_72' title="bbox 1994 3098 3569 3173">
    <p class='ocr_par' dir='ltr' id='par_1_72' title="bbox 1994 3098 3569 3173">
     <span class='ocr_line' id='line_1_73' title="bbox 1994 3098 3569 3173; baseline -0.003 -16"><span class='ocrx_word' id='word_1_556' title='bbox 1994 3101 2131 3157; x_wconf 88' lang='lat' dir='ltr'><strong>Saul</strong></span> <span class='ocrx_word' id='word_1_557' title='bbox 2158 3102 2355 3173; x_wconf 77' lang='lat' dir='ltr'><strong>fugatis</strong></span> <span class='ocrx_word' id='word_1_558' title='bbox 2398 3101 2702 3173; x_wconf 75' lang='lat' dir='ltr'><strong>allophylis,</strong></span> <span class='ocrx_word' id='word_1_559' title='bbox 2731 3111 2781 3155; x_wconf 89' lang='lat' dir='ltr'><strong>et</strong></span> <span class='ocrx_word' id='word_1_560' title='bbox 2829 3101 3130 3156; x_wconf 84' lang='lat' dir='ltr'><strong>nuntiatum</strong></span> <span class='ocrx_word' id='word_1_561' title='bbox 3175 3108 3254 3154; x_wconf 88' lang='lat' dir='ltr'><strong>est</strong></span> <span class='ocrx_word' id='word_1_562' title='bbox 3303 3101 3394 3154; x_wconf 89' lang='lat' dir='ltr'><strong>ei:</strong></span> <span class='ocrx_word' id='word_1_563' title='bbox 3430 3098 3569 3153; x_wconf 83' lang='lat' dir='ltr'><strong>Ecce</strong></span> 
     </span>
    </p>
   </div>
   <div class='ocr_carea' id='block_1_73' title="bbox 1994 3191 3569 3273">
    <p class='ocr_par' dir='ltr' id='par_1_73' title="bbox 1994 3191 3569 3273">
     <span class='ocr_line' id='line_1_74' title="bbox 1994 3191 3569 3273; baseline -0.002 -24"><span class='ocrx_word' id='word_1_564' title='bbox 1994 3193 2169 3249; x_wconf 86' lang='lat' dir='ltr'><strong>David</strong></span> <span class='ocrx_word' id='word_1_565' title='bbox 2217 3197 2272 3250; x_wconf 89' lang='lat' dir='ltr'><strong>in</strong></span> <span class='ocrx_word' id='word_1_566' title='bbox 2326 3193 2530 3273; x_wconf 84' lang='lat' dir='ltr'><strong>deserto</strong></span> <span class='ocrx_word' id='word_1_567' title='bbox 2581 3192 2791 3257; x_wconf 83' lang='lat' dir='ltr'><strong>Gaddi;</strong></span> <span class='ocrx_word' id='word_1_568' title='bbox 2822 3202 2872 3247; x_wconf 91' lang='lat' dir='ltr'><strong>et</strong></span> <span class='ocrx_word' id='word_1_569' title='bbox 2900 3192 3190 3262; x_wconf 80' lang='lat' dir='ltr'><strong>assumpsit</strong></span> <span class='ocrx_word' id='word_1_570' title='bbox 3236 3207 3412 3246; x_wconf 84' lang='lat' dir='ltr'><strong>secum</strong></span> <span class='ocrx_word' id='word_1_571' title='bbox 3463 3191 3569 3246; x_wconf 86' lang='lat' dir='ltr'><strong>tria</strong></span> 
     </span>
    </p>
   </div>
   <div class='ocr_carea' id='block_1_74' title="bbox 1991 3282 3570 3354">
    <p class='ocr_par' dir='ltr' id='par_1_74' title="bbox 1991 3282 3570 3354">
     <span class='ocr_line' id='line_1_75' title="bbox 1991 3282 3570 3354; baseline -0.004 -12"><span class='ocrx_word' id='word_1_572' title='bbox 1991 3288 2165 3342; x_wconf 83' lang='lat' dir='ltr'><strong>millia</strong></span> <span class='ocrx_word' id='word_1_573' title='bbox 2195 3287 2482 3341; x_wconf 87' lang='lat' dir='ltr'><strong>electorum</strong></span> <span class='ocrx_word' id='word_1_574' title='bbox 2513 3296 2579 3341; x_wconf 76' lang='lat' dir='ltr'><strong>ex</strong></span> <span class='ocrx_word' id='word_1_575' title='bbox 2613 3284 2810 3350; x_wconf 88' lang='lat' dir='ltr'><strong>Israel,</strong></span> <span class='ocrx_word' id='word_1_576' title='bbox 2838 3285 3171 3354; x_wconf 72' lang='lat' dir='ltr'><strong>perrexitque</strong></span> <span class='ocrx_word' id='word_1_577' title='bbox 3219 3282 3288 3337; x_wconf 92' lang='lat' dir='ltr'><strong>ad</strong></span> <span class='ocrx_word' id='word_1_578' title='bbox 3329 3297 3570 3352; x_wconf 58' lang='lat' dir='ltr'><strong>qurere:-</strong></span> 
     </span>
    </p>
   </div>
   <div class='ocr_carea' id='block_1_75' title="bbox 1993 3373 3569 3448">
    <p class='ocr_par' dir='ltr' id='par_1_75' title="bbox 1993 3373 3569 3448">
     <span class='ocr_line' id='line_1_76' title="bbox 1993 3373 3569 3448; baseline -0.004 -16"><span class='ocrx_word' id='word_1_579' title='bbox 1993 3380 2120 3433; x_wconf 87' lang='lat' dir='ltr'><strong>dum</strong></span> <span class='ocrx_word' id='word_1_580' title='bbox 2150 3378 2321 3433; x_wconf 85' lang='lat' dir='ltr'><strong>David</strong></span> <span class='ocrx_word' id='word_1_581' title='bbox 2350 3388 2401 3433; x_wconf 89' lang='lat' dir='ltr'><strong>et</strong></span> <span class='ocrx_word' id='word_1_582' title='bbox 2446 3379 2585 3433; x_wconf 89' lang='lat' dir='ltr'><strong>viros</strong></span> <span class='ocrx_word' id='word_1_583' title='bbox 2616 3377 2752 3448; x_wconf 87' lang='lat' dir='ltr'><strong>ejus,</strong></span> <span class='ocrx_word' id='word_1_584' title='bbox 2776 3375 2845 3430; x_wconf 91' lang='lat' dir='ltr'><strong>ad</strong></span> <span class='ocrx_word' id='word_1_585' title='bbox 2875 3376 3065 3447; x_wconf 88' lang='lat' dir='ltr'><strong>faciem</strong></span> <span class='ocrx_word' id='word_1_586' title='bbox 3107 3373 3280 3429; x_wconf 62' lang='lat' dir='ltr'><strong>xElin.</strong></span> <span class='ocrx_word' id='word_1_587' title='bbox 3313 3373 3385 3426; x_wconf 86' lang='lat' dir='ltr'><strong>Et</strong></span> <span class='ocrx_word' id='word_1_588' title='bbox 3430 3375 3569 3427; x_wconf 80' lang='lat' dir='ltr'><strong>venit</strong></span> 
     </span>
    </p>
   </div>
   <div class='ocr_carea' id='block_1_76' title="bbox 1992 3462 3567 3543">
    <p class='ocr_par' dir='ltr' id='par_1_76' title="bbox 1992 3462 3567 3543">
     <span class='ocr_line' id='line_1_77' title="bbox 1992 3462 3567 3543; baseline -0.006 -17"><span class='ocrx_word' id='word_1_589' title='bbox 1992 3471 2062 3526; x_wconf 92' lang='lat' dir='ltr'><strong>ad</strong></span> <span class='ocrx_word' id='word_1_590' title='bbox 2092 3488 2269 3543; x_wconf 89' lang='lat' dir='ltr'><strong>greges</strong></span> <span class='ocrx_word' id='word_1_591' title='bbox 2293 3471 2531 3535; x_wconf 86' lang='lat' dir='ltr'><strong>ovilium,</strong></span> <span class='ocrx_word' id='word_1_592' title='bbox 2574 3487 2693 3541; x_wconf 75' lang='lat' dir='ltr'><strong>qua:</strong></span> <span class='ocrx_word' id='word_1_593' title='bbox 2727 3478 2879 3524; x_wconf 90' lang='lat' dir='ltr'><strong>erant</strong></span> <span class='ocrx_word' id='word_1_594' title='bbox 2926 3468 2981 3522; x_wconf 92' lang='lat' dir='ltr'><strong>in</strong></span> <span class='ocrx_word' id='word_1_595' title='bbox 3014 3476 3157 3521; x_wconf 89' lang='lat' dir='ltr'><strong>terra</strong></span> <span class='ocrx_word' id='word_1_596' title='bbox 3188 3466 3300 3520; x_wconf 68' lang='lat' dir='ltr'><strong>vim.</strong></span> <span class='ocrx_word' id='word_1_597' title='bbox 3330 3462 3567 3535; x_wconf 82' lang='lat' dir='ltr'><strong>Eratque</strong></span> 
     </span>
    </p>
   </div>
   <div class='ocr_carea' id='block_1_77' title="bbox 1990 3556 3567 3634">
    <p class='ocr_par' dir='ltr' id='par_1_77' title="bbox 1990 3556 3567 3634">
     <span class='ocr_line' id='line_1_78' title="bbox 1990 3556 3567 3634; baseline -0.007 -15"><span class='ocrx_word' id='word_1_598' title='bbox 1990 3564 2064 3619; x_wconf 88' lang='lat' dir='ltr'><strong>ibi</strong></span> <span class='ocrx_word' id='word_1_599' title='bbox 2098 3565 2368 3634; x_wconf 83' lang='lat' dir='ltr'><strong>spelunca,</strong></span> <span class='ocrx_word' id='word_1_600' title='bbox 2399 3571 2449 3617; x_wconf 83' lang='lat' dir='ltr'><strong>et</strong></span> <span class='ocrx_word' id='word_1_601' title='bbox 2502 3563 2772 3632; x_wconf 89' lang='lat' dir='ltr'><strong>ingressus</strong></span> <span class='ocrx_word' id='word_1_602' title='bbox 2808 3568 2886 3614; x_wconf 91' lang='lat' dir='ltr'><strong>est</strong></span> <span class='ocrx_word' id='word_1_603' title='bbox 2914 3558 3050 3614; x_wconf 90' lang='lat' dir='ltr'><strong>Saul</strong></span> <span class='ocrx_word' id='word_1_604' title='bbox 3093 3556 3162 3611; x_wconf 92' lang='lat' dir='ltr'><strong>ad</strong></span> <span class='ocrx_word' id='word_1_605' title='bbox 3205 3574 3259 3612; x_wconf 88' lang='lat' dir='ltr'><strong>se</strong></span> <span class='ocrx_word' id='word_1_606' title='bbox 3298 3571 3567 3627; x_wconf 85' lang='lat' dir='ltr'><strong>apparan-</strong></span> 
     </span>
    </p>
   </div>
   <div class='ocr_carea' id='block_1_78' title="bbox 1990 3651 3570 3728">
    <p class='ocr_par' dir='ltr' id='par_1_78' title="bbox 1990 3651 3570 3728">
     <span class='ocr_line' id='line_1_79' title="bbox 1990 3651 3570 3728; baseline -0.004 -20"><span class='ocrx_word' id='word_1_607' title='bbox 1990 3654 2117 3709; x_wconf 86' lang='lat' dir='ltr'><strong>dum</strong></span> <span class='ocrx_word' id='word_1_608' title='bbox 2139 3655 2215 3728; x_wconf 82' lang='lat' dir='ltr'><strong>(l)</strong></span> <span class='ocrx_word' id='word_1_609' title='bbox 2245 3696 2260 3723; x_wconf 90' lang='lat'><strong>,</strong></span> <span class='ocrx_word' id='word_1_610' title='bbox 2296 3664 2345 3710; x_wconf 88' lang='lat' dir='ltr'><strong>et</strong></span> <span class='ocrx_word' id='word_1_611' title='bbox 2389 3654 2557 3719; x_wconf 85' lang='lat' dir='ltr'><strong>David</strong></span> <span class='ocrx_word' id='word_1_612' title='bbox 2586 3664 2634 3708; x_wconf 89' lang='lat' dir='ltr'><strong>et</strong></span> <span class='ocrx_word' id='word_1_613' title='bbox 2660 3654 2758 3708; x_wconf 87' lang='lat' dir='ltr'><strong>viri</strong></span> <span class='ocrx_word' id='word_1_614' title='bbox 2785 3654 2900 3723; x_wconf 87' lang='lat' dir='ltr'><strong>ejus</strong></span> <span class='ocrx_word' id='word_1_615' title='bbox 2929 3653 2984 3706; x_wconf 88' lang='lat' dir='ltr'><strong>in</strong></span> <span class='ocrx_word' id='word_1_616' title='bbox 3013 3651 3259 3705; x_wconf 88' lang='lat' dir='ltr'><strong>interiore</strong></span> <span class='ocrx_word' id='word_1_617' title='bbox 3278 3658 3429 3720; x_wconf 85' lang='lat' dir='ltr'><strong>parte</strong></span> <span class='ocrx_word' id='word_1_618' title='bbox 3450 3664 3570 3718; x_wconf 88' lang='lat' dir='ltr'><strong>spe-</strong></span> 
     </span>
    </p>
   </div>
   <div class='ocr_carea' id='block_1_79' title="bbox 1993 3738 3593 3802">
    <p class='ocr_par' dir='ltr' id='par_1_79' title="bbox 1993 3738 3593 3802">
     <span class='ocr_line' id='line_1_80' title="bbox 1993 3738 3593 3802; baseline -0.005 -1"><span class='ocrx_word' id='word_1_619' title='bbox 1993 3747 2160 3802; x_wconf 80' lang='lat' dir='ltr'><strong>lunca:</strong></span> <span class='ocrx_word' id='word_1_620' title='bbox 2177 3745 2445 3801; x_wconf 87' lang='lat' dir='ltr'><strong>sedebant.</strong></span> <span class='ocrx_word' id='word_1_621' title='bbox 2464 3744 2531 3798; x_wconf 88' lang='lat' dir='ltr'><strong>Et</strong></span> <span class='ocrx_word' id='word_1_622' title='bbox 2550 3744 2799 3799; x_wconf 75' lang='lat' dir='ltr'><strong>dixerunt</strong></span> <span class='ocrx_word' id='word_1_623' title='bbox 2826 3745 2926 3799; x_wconf 90' lang='lat' dir='ltr'><strong>viri</strong></span> <span class='ocrx_word' id='word_1_624' title='bbox 2950 3741 3114 3799; x_wconf 85' lang='lat' dir='ltr'><strong>David</strong></span> <span class='ocrx_word' id='word_1_625' title='bbox 3145 3740 3213 3796; x_wconf 90' lang='lat' dir='ltr'><strong>ad</strong></span> <span class='ocrx_word' id='word_1_626' title='bbox 3237 3757 3355 3795; x_wconf 87' lang='lat' dir='ltr'><strong>eum</strong></span> <span class='ocrx_word' id='word_1_627' title='bbox 3381 3756 3399 3794; x_wconf 92' lang='lat'><strong><em>:</em></strong></span> <span class='ocrx_word' id='word_1_628' title='bbox 3432 3738 3593 3794; x_wconf 61' lang='lat' dir='ltr'><strong>Ecce-</strong></span> 
     </span>
    </p>
   </div>
   <div class='ocr_carea' id='block_1_80' title="bbox 1989 3831 3567 3904">
    <p class='ocr_par' dir='ltr' id='par_1_80' title="bbox 1989 3831 3567 3904">
     <span class='ocr_line' id='line_1_81' title="bbox 1989 3831 3567 3904; baseline -0.002 -13"><span class='ocrx_word' id='word_1_629' title='bbox 1989 3838 2124 3902; x_wconf 91' lang='lat' dir='ltr'><strong>dies,</strong></span> <span class='ocrx_word' id='word_1_630' title='bbox 2155 3840 2219 3892; x_wconf 91' lang='lat' dir='ltr'><strong>de</strong></span> <span class='ocrx_word' id='word_1_631' title='bbox 2248 3853 2353 3904; x_wconf 89' lang='lat' dir='ltr'><strong>qua</strong></span> <span class='ocrx_word' id='word_1_632' title='bbox 2377 3838 2586 3891; x_wconf 89' lang='lat' dir='ltr'><strong>locutus</strong></span> <span class='ocrx_word' id='word_1_633' title='bbox 2619 3837 2882 3890; x_wconf 86' lang='lat' dir='ltr'><strong>Dominus</strong></span> <span class='ocrx_word' id='word_1_634' title='bbox 2906 3835 2973 3889; x_wconf 92' lang='lat' dir='ltr'><strong>ad</strong></span> <span class='ocrx_word' id='word_1_635' title='bbox 3000 3845 3067 3897; x_wconf 92' lang='lat' dir='ltr'><strong>te,</strong></span> <span class='ocrx_word' id='word_1_636' title='bbox 3100 3834 3239 3903; x_wconf 88' lang='lat' dir='ltr'><strong>quod</strong></span> <span class='ocrx_word' id='word_1_637' title='bbox 3261 3831 3440 3887; x_wconf 85' lang='lat' dir='ltr'><strong>tradat</strong></span> <span class='ocrx_word' id='word_1_638' title='bbox 3462 3834 3567 3888; x_wconf 51' lang='lat' dir='ltr'><strong>ini-</strong></span> 
     </span>
    </p>
   </div>
   <div class='ocr_carea' id='block_1_81' title="bbox 1989 3927 3567 3997">
    <p class='ocr_par' dir='ltr' id='par_1_81' title="bbox 1989 3927 3567 3997">
     <span class='ocr_line' id='line_1_82' title="bbox 1989 3927 3567 3997; baseline -0.002 -13"><span class='ocrx_word' id='word_1_639' title='bbox 1989 3932 2182 3985; x_wconf 72' lang='lat' dir='ltr'><strong>inicum</strong></span> <span class='ocrx_word' id='word_1_640' title='bbox 2213 3940 2360 3986; x_wconf 87' lang='lat' dir='ltr'><strong>tuum</strong></span> <span class='ocrx_word' id='word_1_641' title='bbox 2389 3932 2446 3985; x_wconf 89' lang='lat' dir='ltr'><strong>in</strong></span> <span class='ocrx_word' id='word_1_642' title='bbox 2468 3945 2654 3984; x_wconf 88' lang='lat' dir='ltr'><strong>manus</strong></span> <span class='ocrx_word' id='word_1_643' title='bbox 2678 3938 2820 3993; x_wconf 89' lang='lat' dir='ltr'><strong>tuas,</strong></span> <span class='ocrx_word' id='word_1_644' title='bbox 2842 3939 2903 3982; x_wconf 87' lang='lat' dir='ltr'><strong>ut</strong></span> <span class='ocrx_word' id='word_1_645' title='bbox 2928 3929 3102 3997; x_wconf 76' lang='lat' dir='ltr'><strong>facias</strong></span> <span class='ocrx_word' id='word_1_646' title='bbox 3129 3930 3178 3981; x_wconf 85' lang='lat' dir='ltr'><strong>ei</strong></span> <span class='ocrx_word' id='word_1_647' title='bbox 3198 3928 3335 3981; x_wconf 87' lang='lat' dir='ltr'><strong>sicut</strong></span> <span class='ocrx_word' id='word_1_648' title='bbox 3352 3927 3567 3995; x_wconf 83' lang='lat' dir='ltr'><strong>placue-</strong></span> 
     </span>
    </p>
   </div>
   <div class='ocr_carea' id='block_1_82' title="bbox 1990 4016 3565 4089">
    <p class='ocr_par' dir='ltr' id='par_1_82' title="bbox 1990 4016 3565 4089">
     <span class='ocr_line' id='line_1_83' title="bbox 1990 4016 3565 4089; baseline -0.003 -12"><span class='ocrx_word' id='word_1_649' title='bbox 1990 4025 2062 4077; x_wconf 89' lang='lat' dir='ltr'><strong>rit</strong></span> <span class='ocrx_word' id='word_1_650' title='bbox 2095 4025 2151 4079; x_wconf 87' lang='lat' dir='ltr'><strong>in</strong></span> <span class='ocrx_word' id='word_1_651' title='bbox 2195 4023 2362 4079; x_wconf 89' lang='lat' dir='ltr'><strong>oculis</strong></span> <span class='ocrx_word' id='word_1_652' title='bbox 2409 4023 2537 4076; x_wconf 86' lang='lat' dir='ltr'><strong>tuis.</strong></span> <span class='ocrx_word' id='word_1_653' title='bbox 2573 4021 2821 4077; x_wconf 76' lang='lat' dir='ltr'><strong>Surrexit</strong></span> <span class='ocrx_word' id='word_1_654' title='bbox 2851 4037 2974 4089; x_wconf 87' lang='lat' dir='ltr'><strong>ergo</strong></span> <span class='ocrx_word' id='word_1_655' title='bbox 3004 4018 3179 4073; x_wconf 86' lang='lat' dir='ltr'><strong>David</strong></span> <span class='ocrx_word' id='word_1_656' title='bbox 3226 4029 3275 4073; x_wconf 89' lang='lat' dir='ltr'><strong>et</strong></span> <span class='ocrx_word' id='word_1_657' title='bbox 3321 4016 3565 4088; x_wconf 79' lang='lat' dir='ltr'><strong>prtecidit</strong></span> 
     </span>
    </p>
   </div>
   <div class='ocr_carea' id='block_1_83' title="bbox 1990 4108 3565 4185">
    <p class='ocr_par' dir='ltr' id='par_1_83' title="bbox 1990 4108 3565 4185">
     <span class='ocr_line' id='line_1_84' title="bbox 1990 4108 3565 4185; baseline -0.009 -15"><span class='ocrx_word' id='word_1_658' title='bbox 1990 4132 2140 4170; x_wconf 89' lang='lat' dir='ltr'><strong>oram</strong></span> <span class='ocrx_word' id='word_1_659' title='bbox 2168 4113 2421 4185; x_wconf 86' lang='lat' dir='ltr'><strong>diploidis</strong></span> <span class='ocrx_word' id='word_1_660' title='bbox 2452 4113 2633 4170; x_wconf 85' lang='lat' dir='ltr'><strong>Saulis</strong></span> <span class='ocrx_word' id='word_1_661' title='bbox 2669 4111 2830 4166; x_wconf 91' lang='lat' dir='ltr'><strong>clam.</strong></span> <span class='ocrx_word' id='word_1_662' title='bbox 2877 4108 2943 4163; x_wconf 88' lang='lat' dir='ltr'><strong>Et</strong></span> <span class='ocrx_word' id='word_1_663' title='bbox 2970 4111 3171 4179; x_wconf 86' lang='lat' dir='ltr'><strong>factum</strong></span> <span class='ocrx_word' id='word_1_664' title='bbox 3202 4116 3279 4163; x_wconf 87' lang='lat' dir='ltr'><strong>est</strong></span> <span class='ocrx_word' id='word_1_665' title='bbox 3306 4116 3486 4178; x_wconf 81' lang='lat' dir='ltr'><strong>postea</strong></span> <span class='ocrx_word' id='word_1_666' title='bbox 3513 4112 3565 4158; x_wconf 86' lang='lat' dir='ltr'><strong>et</strong></span> 
     </span>
    </p>
   </div>
   <div class='ocr_carea' id='block_1_84' title="bbox 1988 4197 3568 4280">
    <p class='ocr_par' dir='ltr' id='par_1_84' title="bbox 1988 4197 3568 4280">
     <span class='ocr_line' id='line_1_85' title="bbox 1988 4197 3568 4280; baseline -0.009 -16"><span class='ocrx_word' id='word_1_667' title='bbox 1988 4209 2245 4280; x_wconf 82' lang='lat' dir='ltr'><strong>percussit</strong></span> <span class='ocrx_word' id='word_1_668' title='bbox 2268 4206 2525 4263; x_wconf 87' lang='lat' dir='ltr'><strong>Davidem</strong></span> <span class='ocrx_word' id='word_1_669' title='bbox 2555 4223 2646 4262; x_wconf 90' lang='lat' dir='ltr'><strong>cor</strong></span> <span class='ocrx_word' id='word_1_670' title='bbox 2675 4204 2810 4274; x_wconf 88' lang='lat' dir='ltr'><strong>ejus,</strong></span> <span class='ocrx_word' id='word_1_671' title='bbox 2830 4204 2956 4275; x_wconf 87' lang='lat' dir='ltr'><strong>quia</strong></span> <span class='ocrx_word' id='word_1_672' title='bbox 2982 4201 3275 4256; x_wconf 87' lang='lat' dir='ltr'><strong>abstulerat</strong></span> <span class='ocrx_word' id='word_1_673' title='bbox 3305 4215 3453 4254; x_wconf 89' lang='lat' dir='ltr'><strong>oram</strong></span> <span class='ocrx_word' id='word_1_674' title='bbox 3480 4197 3568 4250; x_wconf 80' lang='lat' dir='ltr'><strong>di-</strong></span> 
     </span>
    </p>
   </div>
   <div class='ocr_carea' id='block_1_85' title="bbox 1987 4288 3567 4370">
    <p class='ocr_par' dir='ltr' id='par_1_85' title="bbox 1987 4288 3567 4370">
     <span class='ocr_line' id='line_1_86' title="bbox 1987 4288 3567 4370; baseline -0.008 -15"><span class='ocrx_word' id='word_1_675' title='bbox 1987 4300 2179 4370; x_wconf 79' lang='lat' dir='ltr'><strong>ploidis</strong></span> <span class='ocrx_word' id='word_1_676' title='bbox 2222 4300 2414 4369; x_wconf 86' lang='lat' dir='ltr'><strong>ipsius.</strong></span> <span class='ocrx_word' id='word_1_677' title='bbox 2464 4297 2718 4368; x_wconf 73' lang='lat' dir='ltr'><strong>Dixitque</strong></span> <span class='ocrx_word' id='word_1_678' title='bbox 2740 4294 2911 4349; x_wconf 88' lang='lat' dir='ltr'><strong>David</strong></span> <span class='ocrx_word' id='word_1_679' title='bbox 2945 4294 3012 4347; x_wconf 87' lang='lat' dir='ltr'><strong>ad</strong></span> <span class='ocrx_word' id='word_1_680' title='bbox 3042 4294 3180 4348; x_wconf 88' lang='lat' dir='ltr'><strong>viros</strong></span> <span class='ocrx_word' id='word_1_681' title='bbox 3210 4288 3380 4347; x_wconf 85' lang='lat' dir='ltr'><strong>suos:</strong></span> <span class='ocrx_word' id='word_1_682' title='bbox 3415 4289 3567 4344; x_wconf 82' lang='lat' dir='ltr'><strong>Absit</strong></span> 
     </span>
    </p>
   </div>
   <div class='ocr_carea' id='block_1_86' title="bbox 1988 4384 3561 4457">
    <p class='ocr_par' dir='ltr' id='par_1_86' title="bbox 1988 4384 3561 4457">
     <span class='ocr_line' id='line_1_87' title="bbox 1988 4384 3561 4457; baseline -0.009 -9"><span class='ocrx_word' id='word_1_683' title='bbox 1988 4393 2118 4448; x_wconf 86' lang='lat' dir='ltr'><strong>mihi</strong></span> <span class='ocrx_word' id='word_1_684' title='bbox 2150 4409 2183 4447; x_wconf 91' lang='lat' dir='ltr'><strong>a</strong></span> <span class='ocrx_word' id='word_1_685' title='bbox 2231 4390 2482 4455; x_wconf 84' lang='lat' dir='ltr'><strong>Domino,</strong></span> <span class='ocrx_word' id='word_1_686' title='bbox 2511 4389 2565 4442; x_wconf 85' lang='lat' dir='ltr'><strong>si</strong></span> <span class='ocrx_word' id='word_1_687' title='bbox 2602 4387 2803 4457; x_wconf 82' lang='lat' dir='ltr'><strong>faciam</strong></span> <span class='ocrx_word' id='word_1_688' title='bbox 2846 4384 2984 4440; x_wconf 82' lang='lat' dir='ltr'><strong>hanc</strong></span> <span class='ocrx_word' id='word_1_689' title='bbox 3020 4390 3130 4438; x_wconf 81' lang='lat' dir='ltr'><strong>rem</strong></span> <span class='ocrx_word' id='word_1_690' title='bbox 3184 4385 3396 4439; x_wconf 89' lang='lat' dir='ltr'><strong>domino</strong></span> <span class='ocrx_word' id='word_1_691' title='bbox 3426 4398 3561 4444; x_wconf 85' lang='lat' dir='ltr'><strong>meo,</strong></span> 
     </span>
    </p>
   </div>
   <div class='ocr_carea' id='block_1_87' title="bbox 1991 4476 3565 4551">
    <p class='ocr_par' dir='ltr' id='par_1_87' title="bbox 1991 4476 3565 4551">
     <span class='ocr_line' id='line_1_88' title="bbox 1991 4476 3565 4551; baseline -0.008 -11"><span class='ocrx_word' id='word_1_692' title='bbox 1991 4485 2191 4540; x_wconf 80' lang='lat' dir='ltr'><strong>christo</strong></span> <span class='ocrx_word' id='word_1_693' title='bbox 2228 4483 2470 4547; x_wconf 86' lang='lat' dir='ltr'><strong>Domini,</strong></span> <span class='ocrx_word' id='word_1_694' title='bbox 2504 4490 2565 4535; x_wconf 87' lang='lat' dir='ltr'><strong>ut</strong></span> <span class='ocrx_word' id='word_1_695' title='bbox 2600 4480 2830 4551; x_wconf 89' lang='lat' dir='ltr'><strong>inferam</strong></span> <span class='ocrx_word' id='word_1_696' title='bbox 2872 4494 3091 4532; x_wconf 87' lang='lat' dir='ltr'><strong>manum</strong></span> <span class='ocrx_word' id='word_1_697' title='bbox 3127 4493 3298 4532; x_wconf 87' lang='lat' dir='ltr'><strong>meam</strong></span> <span class='ocrx_word' id='word_1_698' title='bbox 3325 4476 3380 4530; x_wconf 89' lang='lat' dir='ltr'><strong>in</strong></span> <span class='ocrx_word' id='word_1_699' title='bbox 3404 4489 3565 4537; x_wconf 86' lang='lat' dir='ltr'><strong>eum;</strong></span> 
     </span>
    </p>
   </div>
   <div class='ocr_carea' id='block_1_88' title="bbox 308 4565 1890 4666">
    <p class='ocr_par' dir='ltr' id='par_1_88' title="bbox 308 4570 1884 4646">
     <span class='ocr_line' id='line_1_89' title="bbox 308 4570 1884 4646; baseline 0.006 -23"><span class='ocrx_word' id='word_1_700' title='bbox 308 4570 458 4639; x_wconf 84' lang='grc' dir='ltr'><strong>μετά</strong></span> <span class='ocrx_word' id='word_1_701' title='bbox 486 4571 704 4637; x_wconf 84' lang='grc' dir='ltr'><em>ταῦτα,</em></span> <span class='ocrx_word' id='word_1_702' title='bbox 752 4573 851 4627; x_wconf 76' lang='grc' dir='ltr'><strong>καὶ</strong></span> <span class='ocrx_word' id='word_1_703' title='bbox 899 4573 1159 4640; x_wconf 81' lang='grc' dir='ltr'><strong>ἐπάταξε</strong></span> <span class='ocrx_word' id='word_1_704' title='bbox 1187 4577 1401 4646; x_wconf 85' lang='grc' dir='ltr'><em>καρδία</em></span> <span class='ocrx_word' id='word_1_705' title='bbox 1447 4578 1629 4633; x_wconf 82' lang='grc' dir='ltr'><em>Δαυῒδ</em></span> <span class='ocrx_word' id='word_1_706' title='bbox 1677 4579 1884 4646; x_wconf 82' lang='grc' dir='ltr'><strong>αὐτὸν,</strong></span> 
     </span>
    </p>
   </div>
   <div class='ocr_carea' id='block_1_89' title="bbox 1990 4565 3565 4666">
    <p class='ocr_par' dir='ltr' id='par_1_89' title="bbox 1990 4565 3565 4647">
     <span class='ocr_line' id='line_1_90' title="bbox 1990 4565 3565 4647; baseline -0.005 -19"><span class='ocrx_word' id='word_1_707' title='bbox 1990 4576 2113 4647; x_wconf 88' lang='lat' dir='ltr'><strong>quia</strong></span> <span class='ocrx_word' id='word_1_708' title='bbox 2143 4574 2385 4630; x_wconf 86' lang='lat' dir='ltr'><strong>Christus</strong></span> <span class='ocrx_word' id='word_1_709' title='bbox 2409 4570 2626 4627; x_wconf 87' lang='lat' dir='ltr'><strong>Domini</strong></span> <span class='ocrx_word' id='word_1_710' title='bbox 2647 4578 2727 4625; x_wconf 87' lang='lat' dir='ltr'><strong>est</strong></span> <span class='ocrx_word' id='word_1_711' title='bbox 2753 4569 2858 4625; x_wconf 78' lang='lat' dir='ltr'><strong>hic.</strong></span> <span class='ocrx_word' id='word_1_712' title='bbox 2892 4566 2963 4621; x_wconf 88' lang='lat' dir='ltr'><strong>Et</strong></span> <span class='ocrx_word' id='word_1_713' title='bbox 3001 4569 3265 4639; x_wconf 85' lang='lat' dir='ltr'><strong>persuasit</strong></span> <span class='ocrx_word' id='word_1_714' title='bbox 3286 4566 3460 4621; x_wconf 87' lang='lat' dir='ltr'><strong>David</strong></span> <span class='ocrx_word' id='word_1_715' title='bbox 3485 4565 3565 4620; x_wconf 89' lang='lat' dir='ltr'><strong>vi-</strong></span> 
     </span>
    </p>
   </div>
   <div class='ocr_carea' id='block_1_90' title="bbox 312 4661 1881 4737">
    <p class='ocr_par' dir='ltr' id='par_1_90' title="bbox 312 4661 1881 4737">
     <span class='ocr_line' id='line_1_91' title="bbox 312 4661 1881 4737; baseline 0.008 -24"><span class='ocrx_word' id='word_1_716' title='bbox 312 4661 400 4715; x_wconf 77' lang='grc' dir='ltr'>ὄτι</span> <span class='ocrx_word' id='word_1_717' title='bbox 432 4662 639 4731; x_wconf 64' lang='grc' dir='ltr'><em>ἀφεῖλε</em></span> <span class='ocrx_word' id='word_1_718' title='bbox 692 4662 759 4718; x_wconf 90' lang='grc' dir='ltr'><strong>τὸ</strong></span> <span class='ocrx_word' id='word_1_719' title='bbox 816 4666 1134 4736; x_wconf 76' lang='grc' dir='ltr'>πτερύγιον</span> <span class='ocrx_word' id='word_1_720' title='bbox 1184 4666 1295 4736; x_wconf 81' lang='grc' dir='ltr'><strong>τῆς</strong></span> <span class='ocrx_word' id='word_1_721' title='bbox 1340 4669 1648 4737; x_wconf 78' lang='grc' dir='ltr'><em>διπλοΐδος</em></span> <span class='ocrx_word' id='word_1_722' title='bbox 1675 4671 1881 4726; x_wconf 86' lang='grc' dir='ltr'><strong>αὐτοῦ.</strong></span> 
     </span>
    </p>
   </div>
   <div class='ocr_carea' id='block_1_91' title="bbox 308 4751 1886 4832">
    <p class='ocr_par' dir='ltr' id='par_1_91' title="bbox 308 4751 1886 4832">
     <span class='ocr_line' id='line_1_92' title="bbox 308 4751 1886 4832; baseline 0.006 -23"><span class='ocrx_word' id='word_1_723' title='bbox 308 4754 421 4809; x_wconf 90' lang='lat' dir='ltr'><strong>Kal</strong></span> <span class='ocrx_word' id='word_1_724' title='bbox 446 4751 577 4811; x_wconf 80' lang='grc' dir='ltr'><em>εἷπε</em></span> <span class='ocrx_word' id='word_1_725' title='bbox 603 4756 784 4811; x_wconf 82' lang='grc' dir='ltr'><em>Δαυῒδ</em></span> <span class='ocrx_word' id='word_1_726' title='bbox 804 4758 951 4827; x_wconf 83' lang='grc' dir='ltr'><em>πρὸς</em></span> <span class='ocrx_word' id='word_1_727' title='bbox 978 4759 1120 4827; x_wconf 82' lang='grc' dir='ltr'><strong>τοὺς</strong></span> <span class='ocrx_word' id='word_1_728' title='bbox 1160 4759 1385 4831; x_wconf 76' lang='grc' dir='ltr'><em>ἄνδρας</em></span> <span class='ocrx_word' id='word_1_729' title='bbox 1435 4763 1643 4819; x_wconf 83' lang='grc' dir='ltr'><strong>αὑτοῦ·</strong></span> <span class='ocrx_word' id='word_1_730' title='bbox 1692 4764 1886 4832; x_wconf 84' lang='grc' dir='ltr'>Μηδα-</span> 
     </span>
    </p>
   </div>
   <div class='ocr_carea' id='block_1_92' title="bbox 305 4845 1882 4927">
    <p class='ocr_par' dir='ltr' id='par_1_92' title="bbox 305 4845 1882 4927">
     <span class='ocr_line' id='line_1_93' title="bbox 305 4845 1882 4927; baseline 0.009 -29"><span class='ocrx_word' id='word_1_731' title='bbox 305 4845 432 4916; x_wconf 81' lang='grc' dir='ltr'><strong>μῶς</strong></span> <span class='ocrx_word' id='word_1_732' title='bbox 455 4866 555 4917; x_wconf 80' lang='grc' dir='ltr'><strong>μοι</strong></span> <span class='ocrx_word' id='word_1_733' title='bbox 588 4851 746 4919; x_wconf 84' lang='grc' dir='ltr'><em>παρὰ</em></span> <span class='ocrx_word' id='word_1_734' title='bbox 775 4852 1017 4920; x_wconf 88' lang='grc' dir='ltr'><em>Κυρίου,</em></span> <span class='ocrx_word' id='word_1_735' title='bbox 1034 4855 1100 4918; x_wconf 82' lang='grc' dir='ltr'><em>,εὶ</em></span> <span class='ocrx_word' id='word_1_736' title='bbox 1125 4853 1357 4921; x_wconf 83' lang='grc' dir='ltr'>ποιήσω</span> <span class='ocrx_word' id='word_1_737' title='bbox 1388 4856 1455 4910; x_wconf 85' lang='grc' dir='ltr'><strong>τὸ</strong></span> <span class='ocrx_word' id='word_1_738' title='bbox 1507 4855 1670 4927; x_wconf 79' lang='grc' dir='ltr'><strong>ῥῆμα</strong></span> <span class='ocrx_word' id='word_1_739' title='bbox 1705 4857 1882 4912; x_wconf 83' lang='grc' dir='ltr'><em>τοῦτο</em></span> 
     </span>
    </p>
   </div>
   <div class='ocr_carea' id='block_1_93' title="bbox 309 4936 1881 5019">
    <p class='ocr_par' dir='ltr' id='par_1_93' title="bbox 309 4936 1881 5019">
     <span class='ocr_line' id='line_1_94' title="bbox 309 4936 1881 5019; baseline 0.008 -29"><span class='ocrx_word' id='word_1_740' title='bbox 309 4937 389 5003; x_wconf 82' lang='grc' dir='ltr'><strong>τῷ</strong></span> <span class='ocrx_word' id='word_1_741' title='bbox 419 4941 602 5009; x_wconf 82' lang='grc' dir='ltr'><em>κυρίῳ</em></span> <span class='ocrx_word' id='word_1_742' title='bbox 648 4960 768 5011; x_wconf 81' lang='grc' dir='ltr'><strong>μου</strong></span> <span class='ocrx_word' id='word_1_743' title='bbox 812 4936 894 5011; x_wconf 85' lang='grc' dir='ltr'>τῷ</span> <span class='ocrx_word' id='word_1_744' title='bbox 950 4937 1173 5014; x_wconf 87' lang='grc' dir='ltr'>κριστῷ</span> <span class='ocrx_word' id='word_1_745' title='bbox 1227 4947 1483 5015; x_wconf 83' lang='grc' dir='ltr'><strong>Κυρίου,</strong></span> <span class='ocrx_word' id='word_1_746' title='bbox 1535 4948 1881 5019; x_wconf 69' lang='grc' dir='ltr'><strong>ἐπενεγκεῖν</strong></span> 
     </span>
    </p>
   </div>
   <div class='ocr_carea' id='block_1_94' title="bbox 306 5030 1881 5108">
    <p class='ocr_par' dir='ltr' id='par_1_94' title="bbox 306 5030 1881 5108">
     <span class='ocr_line' id='line_1_95' title="bbox 306 5030 1881 5108; baseline 0.006 -25"><span class='ocrx_word' id='word_1_747' title='bbox 306 5030 477 5100; x_wconf 70' lang='grc' dir='ltr'><em>χεῖρά</em></span> <span class='ocrx_word' id='word_1_748' title='bbox 496 5050 614 5102; x_wconf 81' lang='grc' dir='ltr'><em>μου</em></span> <span class='ocrx_word' id='word_1_749' title='bbox 644 5034 735 5087; x_wconf 86' lang='grc' dir='ltr'><strong>ἐπ’</strong></span> <span class='ocrx_word' id='word_1_750' title='bbox 774 5037 979 5090; x_wconf 82' lang='grc' dir='ltr'>αὐτόν·</span> <span class='ocrx_word' id='word_1_751' title='bbox 1031 5037 1119 5091; x_wconf 82' lang='grc' dir='ltr'><strong>ὅτι</strong></span> <span class='ocrx_word' id='word_1_752' title='bbox 1152 5038 1404 5106; x_wconf 86' lang='grc' dir='ltr'><strong>Χριστὸς</strong></span> <span class='ocrx_word' id='word_1_753' title='bbox 1438 5041 1660 5108; x_wconf 86' lang='grc' dir='ltr'><em>Κυρίου</em></span> <span class='ocrx_word' id='word_1_754' title='bbox 1707 5040 1881 5094; x_wconf 79' lang='grc' dir='ltr'>ἐστὶν</span> 
     </span>
    </p>
   </div>
   <div class='ocr_carea' id='block_1_95' title="bbox 309 5119 1882 5199">
    <p class='ocr_par' dir='ltr' id='par_1_95' title="bbox 309 5119 1882 5199">
     <span class='ocr_line' id='line_1_96' title="bbox 309 5119 1882 5199; baseline 0.007 -23"><span class='ocrx_word' id='word_1_755' title='bbox 309 5119 507 5188; x_wconf 78' lang='grc' dir='ltr'><strong>οὗτος.</strong></span> <span class='ocrx_word' id='word_1_756' title='bbox 544 5125 656 5180; x_wconf 84' lang='lat' dir='ltr'><strong>Kal</strong></span> <span class='ocrx_word' id='word_1_757' title='bbox 702 5125 907 5182; x_wconf 81' lang='grc' dir='ltr'><em>ἔπεισε</em></span> <span class='ocrx_word' id='word_1_758' title='bbox 946 5130 1126 5185; x_wconf 81' lang='grc' dir='ltr'><em>Δαυῒδ</em></span> <span class='ocrx_word' id='word_1_759' title='bbox 1148 5129 1290 5196; x_wconf 86' lang='grc' dir='ltr'><em>τοὺς</em></span> <span class='ocrx_word' id='word_1_760' title='bbox 1329 5129 1553 5199; x_wconf 77' lang='grc' dir='ltr'>ἄνδρας</span> <span class='ocrx_word' id='word_1_761' title='bbox 1601 5131 1783 5186; x_wconf 87' lang='grc' dir='ltr'>αὑτοῦ</span> <span class='ocrx_word' id='word_1_762' title='bbox 1810 5133 1882 5186; x_wconf 72' lang='grc' dir='ltr'><strong>ἐν</strong></span> 
     </span>
    </p>
   </div>
   <div class='ocr_carea' id='block_1_96' title="bbox 309 5218 1880 5293">
    <p class='ocr_par' dir='ltr' id='par_1_96' title="bbox 309 5218 1880 5293">
     <span class='ocr_line' id='line_1_97' title="bbox 309 5218 1880 5293; baseline 0.008 -25"><span class='ocrx_word' id='word_1_763' title='bbox 309 5218 543 5286; x_wconf 76' lang='grc' dir='ltr'><strong>λόγοις,</strong></span> <span class='ocrx_word' id='word_1_764' title='bbox 599 5223 697 5277; x_wconf 78' lang='grc' dir='ltr'><strong>καὶ</strong></span> <span class='ocrx_word' id='word_1_765' title='bbox 749 5224 859 5277; x_wconf 86' lang='grc' dir='ltr'><strong>οὐκ</strong></span> <span class='ocrx_word' id='word_1_766' title='bbox 921 5222 1148 5278; x_wconf 72' lang='grc' dir='ltr'><em>ἔδωκεν</em></span> <span class='ocrx_word' id='word_1_767' title='bbox 1205 5223 1426 5290; x_wconf 85' lang='grc' dir='ltr'><strong>αὐτοὺς</strong></span> <span class='ocrx_word' id='word_1_768' title='bbox 1498 5224 1880 5293; x_wconf 68' lang='grc' dir='ltr'>ἀναστάντας</span> 
     </span>
    </p>
   </div>
   <div class='ocr_carea' id='block_1_97' title="bbox 309 5306 1881 5384">
    <p class='ocr_par' dir='ltr' id='par_1_97' title="bbox 309 5306 1881 5384">
     <span class='ocr_line' id='line_1_98' title="bbox 309 5306 1881 5384; baseline 0.007 -28"><span class='ocrx_word' id='word_1_769' title='bbox 309 5306 646 5363; x_wconf 85' lang='grc' dir='ltr'>θανατῶσαι</span> <span class='ocrx_word' id='word_1_770' title='bbox 672 5310 779 5365; x_wconf 82' lang='grc' dir='ltr'><strong>τὸν</strong></span> <span class='ocrx_word' id='word_1_771' title='bbox 804 5312 1024 5366; x_wconf 80' lang='grc' dir='ltr'><strong>Σαούλ.</strong></span> <span class='ocrx_word' id='word_1_772' title='bbox 1069 5311 1337 5384; x_wconf 83' lang='grc' dir='ltr'>Ζητητὲον</span> <span class='ocrx_word' id='word_1_773' title='bbox 1398 5306 1492 5367; x_wconf 78' lang='grc' dir='ltr'><strong>οὖν</strong></span> <span class='ocrx_word' id='word_1_774' title='bbox 1526 5313 1666 5367; x_wconf 85' lang='grc' dir='ltr'>κατὰ</span> <span class='ocrx_word' id='word_1_775' title='bbox 1692 5315 1881 5379; x_wconf 81' lang='grc' dir='ltr'><em>ποίους</em></span> 
     </span>
    </p>
   </div>
   <div class='ocr_carea' id='block_1_98' title="bbox 308 5394 1878 5474">
    <p class='ocr_par' dir='ltr' id='par_1_98' title="bbox 308 5394 1878 5474">
     <span class='ocr_line' id='line_1_99' title="bbox 308 5394 1878 5474; baseline 0.008 -27"><span class='ocrx_word' id='word_1_776' title='bbox 308 5394 532 5465; x_wconf 85' lang='grc' dir='ltr'>χρόνους</span> <span class='ocrx_word' id='word_1_777' title='bbox 557 5398 657 5471; x_wconf 77' lang='grc' dir='ltr'>τὴν</span> <span class='ocrx_word' id='word_1_778' title='bbox 679 5400 1042 5474; x_wconf 82' lang='grc' dir='ltr'>προκειμένην</span> <span class='ocrx_word' id='word_1_779' title='bbox 1066 5401 1467 5474; x_wconf 65' lang='grc' dir='ltr'>στηλογραφίαν</span> <span class='ocrx_word' id='word_1_780' title='bbox 1494 5403 1523 5455; x_wconf 84' lang='grc' dir='ltr'>ὁ</span> <span class='ocrx_word' id='word_1_781' title='bbox 1575 5403 1734 5458; x_wconf 78' lang='grc' dir='ltr'><strong>Δαυῖδ</strong></span> <span class='ocrx_word' id='word_1_782' title='bbox 1782 5406 1878 5459; x_wconf 84' lang='grc' dir='ltr'>ἁν-</span> 
     </span>
    </p>
   </div>
   <div class='ocr_carea' id='block_1_99' title="bbox 307 5486 1887 5565">
    <p class='ocr_par' dir='ltr' id='par_1_99' title="bbox 307 5486 1887 5565">
     <span class='ocr_line' id='line_1_100' title="bbox 307 5486 1887 5565; baseline 0.005 -24"><span class='ocrx_word' id='word_1_783' title='bbox 307 5486 535 5560; x_wconf 71' lang='grc' dir='ltr'><strong>ἐγραψε,</strong></span> <span class='ocrx_word' id='word_1_784' title='bbox 558 5492 652 5545; x_wconf 76' lang='grc' dir='ltr'>καὶ</span> <span class='ocrx_word' id='word_1_785' title='bbox 676 5493 736 5547; x_wconf 78' lang='grc' dir='ltr'>ὲν</span> <span class='ocrx_word' id='word_1_786' title='bbox 764 5493 903 5565; x_wconf 77' lang='grc' dir='ltr'><em>ποίῳ</em></span> <span class='ocrx_word' id='word_1_787' title='bbox 928 5494 1177 5565; x_wconf 79' lang='grc' dir='ltr'>σπηλαίῳ</span> <span class='ocrx_word' id='word_1_788' title='bbox 1215 5492 1525 5564; x_wconf 64' lang='grc' dir='ltr'>διατρίϐων-³</span> <span class='ocrx_word' id='word_1_789' title='bbox 1563 5494 1789 5565; x_wconf 77' lang='grc' dir='ltr'>πότερον</span> <span class='ocrx_word' id='word_1_790' title='bbox 1818 5498 1887 5549; x_wconf 83' lang='grc' dir='ltr'>ἐν·</span> 
     </span>
    </p>
   </div>
   <div class='ocr_carea' id='block_1_100' title="bbox 1992 4658 3563 4731">
    <p class='ocr_par' dir='ltr' id='par_1_100' title="bbox 1992 4658 3563 4731">
     <span class='ocr_line' id='line_1_101' title="bbox 1992 4658 3563 4731; baseline -0.008 -9"><span class='ocrx_word' id='word_1_791' title='bbox 1992 4667 2066 4722; x_wconf 84' lang='lat' dir='ltr'><strong>ris</strong></span> <span class='ocrx_word' id='word_1_792' title='bbox 2088 4668 2200 4722; x_wconf 90' lang='lat' dir='ltr'><strong>suis</strong></span> <span class='ocrx_word' id='word_1_793' title='bbox 2223 4663 2573 4731; x_wconf 85' lang='lat' dir='ltr'><strong>sermonibus,</strong></span> <span class='ocrx_word' id='word_1_794' title='bbox 2597 4671 2646 4718; x_wconf 90' lang='lat' dir='ltr'><strong>et</strong></span> <span class='ocrx_word' id='word_1_795' title='bbox 2670 4679 2775 4717; x_wconf 90' lang='lat' dir='ltr'><strong>non</strong></span> <span class='ocrx_word' id='word_1_796' title='bbox 2800 4660 3039 4731; x_wconf 87' lang='lat' dir='ltr'><strong>permisit</strong></span> <span class='ocrx_word' id='word_1_797' title='bbox 3068 4669 3126 4713; x_wconf 87' lang='lat' dir='ltr'><strong>ut</strong></span> <span class='ocrx_word' id='word_1_798' title='bbox 3149 4662 3475 4729; x_wconf 86' lang='lat' dir='ltr'><strong>insurgerent</strong></span> <span class='ocrx_word' id='word_1_799' title='bbox 3506 4658 3563 4709; x_wconf 88' lang='lat' dir='ltr'><strong>in</strong></span> 
     </span>
    </p>
   </div>
   <div class='ocr_carea' id='block_1_101' title="bbox 1991 4750 3564 4821">
    <p class='ocr_par' dir='ltr' id='par_1_101' title="bbox 1991 4750 3564 4821">
     <span class='ocr_line' id='line_1_102' title="bbox 1991 4750 3564 4821; baseline -0.006 -8"><span class='ocrx_word' id='word_1_800' title='bbox 1991 4759 2127 4815; x_wconf 86' lang='lat' dir='ltr'><strong>Saul</strong></span> <span class='ocrx_word' id='word_1_801' title='bbox 2157 4759 2227 4813; x_wconf 91' lang='lat' dir='ltr'><strong>ad</strong></span> <span class='ocrx_word' id='word_1_802' title='bbox 2252 4757 2598 4813; x_wconf 85' lang='lat' dir='ltr'><strong>occidendum</strong></span> <span class='ocrx_word' id='word_1_803' title='bbox 2628 4773 2747 4812; x_wconf 63' lang='lat' dir='ltr'><strong>enin</strong></span> <span class='ocrx_word' id='word_1_804' title='bbox 2773 4755 2843 4811; x_wconf 74' lang='lat'><strong>“.</strong></span> <span class='ocrx_word' id='word_1_805' title='bbox 2869 4752 3234 4821; x_wconf 62' lang='lat' dir='ltr'><strong>Quaerendum</strong></span> <span class='ocrx_word' id='word_1_806' title='bbox 3266 4750 3434 4820; x_wconf 80' lang='lat' dir='ltr'><strong>igitur</strong></span> <span class='ocrx_word' id='word_1_807' title='bbox 3453 4764 3564 4819; x_wconf 86' lang='lat' dir='ltr'><strong>quo</strong></span> 
     </span>
    </p>
   </div>
   <div class='ocr_carea' id='block_1_102' title="bbox 1988 4841 3565 4922">
    <p class='ocr_par' dir='ltr' id='par_1_102' title="bbox 1988 4841 3565 4922">
     <span class='ocr_line' id='line_1_103' title="bbox 1988 4841 3565 4922; baseline -0.008 -15"><span class='ocrx_word' id='word_1_808' title='bbox 1988 4860 2252 4922; x_wconf 90' lang='lat' dir='ltr'><strong>tempore,</strong></span> <span class='ocrx_word' id='word_1_809' title='bbox 2284 4858 2339 4906; x_wconf 90' lang='lat' dir='ltr'><strong>et</strong></span> <span class='ocrx_word' id='word_1_810' title='bbox 2368 4851 2425 4905; x_wconf 90' lang='lat' dir='ltr'><strong>in</strong></span> <span class='ocrx_word' id='word_1_811' title='bbox 2455 4865 2564 4921; x_wconf 90' lang='lat' dir='ltr'><strong>qua</strong></span> <span class='ocrx_word' id='word_1_812' title='bbox 2593 4850 2853 4920; x_wconf 87' lang='lat' dir='ltr'><strong>spelunca</strong></span> <span class='ocrx_word' id='word_1_813' title='bbox 2876 4847 3100 4916; x_wconf 73' lang='lat' dir='ltr'><strong>degens,</strong></span> <span class='ocrx_word' id='word_1_814' title='bbox 3135 4844 3276 4897; x_wconf 87' lang='lat' dir='ltr'><strong>hanc</strong></span> <span class='ocrx_word' id='word_1_815' title='bbox 3311 4841 3456 4896; x_wconf 88' lang='lat' dir='ltr'><strong>tituli</strong></span> <span class='ocrx_word' id='word_1_816' title='bbox 3484 4841 3565 4895; x_wconf 87' lang='lat' dir='ltr'><strong>in-</strong></span> 
     </span>
    </p>
   </div>
   <div class='ocr_carea' id='block_1_103' title="bbox 1987 4931 3565 5014">
    <p class='ocr_par' dir='ltr' id='par_1_103' title="bbox 1987 4931 3565 5014">
     <span class='ocr_line' id='line_1_104' title="bbox 1987 4931 3565 5014; baseline -0.008 -15"><span class='ocrx_word' id='word_1_817' title='bbox 1987 4944 2342 5014; x_wconf 88' lang='lat' dir='ltr'><strong>scriptionem</strong></span> <span class='ocrx_word' id='word_1_818' title='bbox 2361 4942 2532 4998; x_wconf 87' lang='lat' dir='ltr'><strong>David</strong></span> <span class='ocrx_word' id='word_1_819' title='bbox 2560 4941 2880 5009; x_wconf 86' lang='lat' dir='ltr'><strong>scripserit;</strong></span> <span class='ocrx_word' id='word_1_820' title='bbox 2922 4954 2991 4993; x_wconf 89' lang='lat' dir='ltr'><strong>an</strong></span> <span class='ocrx_word' id='word_1_821' title='bbox 3022 4938 3078 4991; x_wconf 92' lang='lat' dir='ltr'><strong>in</strong></span> <span class='ocrx_word' id='word_1_822' title='bbox 3105 4936 3368 5007; x_wconf 84' lang='lat' dir='ltr'><strong>spelunca</strong></span> <span class='ocrx_word' id='word_1_823' title='bbox 3398 4931 3565 4989; x_wconf 83' lang='lat' dir='ltr'><strong>Odoi-</strong></span> 
     </span>
    </p>
   </div>
   <div class='ocr_carea' id='block_1_104' title="bbox 1986 5024 3563 5107">
    <p class='ocr_par' dir='ltr' id='par_1_104' title="bbox 1986 5024 3563 5107">
     <span class='ocr_line' id='line_1_105' title="bbox 1986 5024 3563 5107; baseline -0.01 -15"><span class='ocrx_word' id='word_1_824' title='bbox 1986 5037 2116 5100; x_wconf 90' lang='lat' dir='ltr'><strong>lam,</strong></span> <span class='ocrx_word' id='word_1_825' title='bbox 2147 5051 2218 5090; x_wconf 85' lang='lat' dir='ltr'><strong>an</strong></span> <span class='ocrx_word' id='word_1_826' title='bbox 2242 5036 2298 5090; x_wconf 92' lang='lat' dir='ltr'><strong>in</strong></span> <span class='ocrx_word' id='word_1_827' title='bbox 2329 5036 2592 5107; x_wconf 77' lang='lat' dir='ltr'><strong>spelunca</strong></span> <span class='ocrx_word' id='word_1_828' title='bbox 2620 5032 2886 5104; x_wconf 79' lang='lat' dir='ltr'><strong>Engaddi.</strong></span> <span class='ocrx_word' id='word_1_829' title='bbox 2907 5029 3109 5085; x_wconf 80' lang='lat' dir='ltr'><strong>Verum</strong></span> <span class='ocrx_word' id='word_1_830' title='bbox 3136 5030 3263 5098; x_wconf 91' lang='lat' dir='ltr'><strong>quia</strong></span> <span class='ocrx_word' id='word_1_831' title='bbox 3282 5026 3393 5080; x_wconf 86' lang='lat' dir='ltr'><strong>duo</strong></span> <span class='ocrx_word' id='word_1_832' title='bbox 3417 5024 3563 5094; x_wconf 85' lang='lat' dir='ltr'><strong>psal-</strong></span> 
     </span>
    </p>
   </div>
   <div class='ocr_carea' id='block_1_105' title="bbox 1985 5114 3561 5197">
    <p class='ocr_par' dir='ltr' id='par_1_105' title="bbox 1985 5114 3561 5197">
     <span class='ocr_line' id='line_1_106' title="bbox 1985 5114 3561 5197; baseline -0.01 -14"><span class='ocrx_word' id='word_1_833' title='bbox 1985 5128 2060 5183; x_wconf 88' lang='lat' dir='ltr'><strong>mi</strong></span> <span class='ocrx_word' id='word_1_834' title='bbox 2091 5128 2160 5183; x_wconf 88' lang='lat' dir='ltr'><strong>ab</strong></span> <span class='ocrx_word' id='word_1_835' title='bbox 2186 5143 2252 5183; x_wconf 91' lang='lat' dir='ltr'><strong>eo</strong></span> <span class='ocrx_word' id='word_1_836' title='bbox 2272 5127 2326 5181; x_wconf 93' lang='lat' dir='ltr'><strong>in</strong></span> <span class='ocrx_word' id='word_1_837' title='bbox 2351 5127 2612 5197; x_wconf 87' lang='lat' dir='ltr'><strong>spelunca</strong></span> <span class='ocrx_word' id='word_1_838' title='bbox 2655 5124 2807 5179; x_wconf 80' lang='lat' dir='ltr'><strong>dicti-</strong></span> <span class='ocrx_word' id='word_1_839' title='bbox 2828 5130 2991 5189; x_wconf 86' lang='lat' dir='ltr'><strong>sunt;</strong></span> <span class='ocrx_word' id='word_1_840' title='bbox 3014 5120 3104 5174; x_wconf 88' lang='lat' dir='ltr'><strong>hic</strong></span> <span class='ocrx_word' id='word_1_841' title='bbox 3135 5119 3348 5175; x_wconf 80' lang='lat' dir='ltr'><strong>scilicet</strong></span> <span class='ocrx_word' id='word_1_842' title='bbox 3368 5116 3463 5186; x_wconf 89' lang='lat' dir='ltr'><strong>qui</strong></span> <span class='ocrx_word' id='word_1_843' title='bbox 3490 5114 3561 5168; x_wconf 78' lang='lat' dir='ltr'><strong>ti-</strong></span> 
     </span>
    </p>
   </div>
   <div class='ocr_carea' id='block_1_106' title="bbox 1985 5206 3560 5289">
    <p class='ocr_par' dir='ltr' id='par_1_106' title="bbox 1985 5206 3560 5289">
     <span class='ocr_line' id='line_1_107' title="bbox 1985 5206 3560 5289; baseline -0.01 -16"><span class='ocrx_word' id='word_1_844' title='bbox 1985 5219 2084 5273; x_wconf 81' lang='lat' dir='ltr'><strong>tuli</strong></span> <span class='ocrx_word' id='word_1_845' title='bbox 2114 5218 2404 5289; x_wconf 86' lang='lat' dir='ltr'><strong>inscriptio</strong></span> <span class='ocrx_word' id='word_1_846' title='bbox 2435 5224 2540 5284; x_wconf 89' lang='lat' dir='ltr'><strong>est,</strong></span> <span class='ocrx_word' id='word_1_847' title='bbox 2589 5224 2644 5272; x_wconf 88' lang='lat' dir='ltr'><strong>et</strong></span> <span class='ocrx_word' id='word_1_848' title='bbox 2681 5231 2833 5276; x_wconf 72' lang='lat' dir='ltr'><strong>cru.</strong></span> <span class='ocrx_word' id='word_1_849' title='bbox 2873 5214 3213 5282; x_wconf 83' lang='lat' dir='ltr'><strong>inscriptus:</strong></span> <span class='ocrx_word' id='word_1_850' title='bbox 3250 5206 3560 5262; x_wconf 82' lang='lat' dir='ltr'><strong>Intellectus</strong></span> 
     </span>
    </p>
   </div>
   <div class='ocr_carea' id='block_1_107' title="bbox 1985 5298 3559 5377">
    <p class='ocr_par' dir='ltr' id='par_1_107' title="bbox 1985 5298 3559 5377">
     <span class='ocr_line' id='line_1_108' title="bbox 1985 5298 3559 5377; baseline -0.006 -14"><span class='ocrx_word' id='word_1_851' title='bbox 1985 5308 2180 5363; x_wconf 87' lang='lat' dir='ltr'><strong>Davidi</strong></span> <span class='ocrx_word' id='word_1_852' title='bbox 2223 5309 2278 5362; x_wconf 89' lang='lat' dir='ltr'><strong>in</strong></span> <span class='ocrx_word' id='word_1_853' title='bbox 2316 5309 2584 5377; x_wconf 85' lang='lat' dir='ltr'><strong>spelunca,</strong></span> <span class='ocrx_word' id='word_1_854' title='bbox 2625 5308 2835 5368; x_wconf 87' lang='lat' dir='ltr'><strong>oratio;</strong></span> <span class='ocrx_word' id='word_1_855' title='bbox 2884 5308 3312 5359; x_wconf 85' lang='lat' dir='ltr'><strong>consentaneum</strong></span> <span class='ocrx_word' id='word_1_856' title='bbox 3330 5306 3415 5355; x_wconf 90' lang='lat' dir='ltr'><strong>est</strong></span> <span class='ocrx_word' id='word_1_857' title='bbox 3441 5298 3559 5354; x_wconf 82' lang='lat' dir='ltr'><strong>dis-</strong></span> 
     </span>
    </p>
   </div>
   <div class='ocr_carea' id='block_1_108' title="bbox 1982 5393 3556 5473">
    <p class='ocr_par' dir='ltr' id='par_1_108' title="bbox 1982 5393 3556 5473">
     <span class='ocr_line' id='line_1_109' title="bbox 1982 5393 3556 5473; baseline -0.008 -16"><span class='ocrx_word' id='word_1_858' title='bbox 1982 5403 2210 5473; x_wconf 85' lang='lat' dir='ltr'><strong>quirere</strong></span> <span class='ocrx_word' id='word_1_859' title='bbox 2233 5442 2249 5469; x_wconf 89' lang='lat'><strong>,</strong></span> <span class='ocrx_word' id='word_1_860' title='bbox 2289 5418 2360 5457; x_wconf 89' lang='lat' dir='ltr'><strong>an</strong></span> <span class='ocrx_word' id='word_1_861' title='bbox 2396 5402 2436 5455; x_wconf 90' lang='lat' dir='ltr'><strong>ii</strong></span> <span class='ocrx_word' id='word_1_862' title='bbox 2468 5401 2659 5457; x_wconf 87' lang='lat' dir='ltr'><strong>eodem</strong></span> <span class='ocrx_word' id='word_1_863' title='bbox 2700 5407 2946 5469; x_wconf 89' lang='lat' dir='ltr'><strong>tempore</strong></span> <span class='ocrx_word' id='word_1_864' title='bbox 2972 5394 3311 5468; x_wconf 87' lang='lat' dir='ltr'><strong>pronuntiati</strong></span> <span class='ocrx_word' id='word_1_865' title='bbox 3333 5393 3556 5458; x_wconf 82' lang='lat' dir='ltr'><strong>fuerint,</strong></span> 
     </span>
    </p>
   </div>
   <div class='ocr_carea' id='block_1_109' title="bbox 1985 5489 3564 5569">
    <p class='ocr_par' dir='ltr' id='par_1_109' title="bbox 1985 5489 3564 5569">
     <span class='ocr_line' id='line_1_110' title="bbox 1985 5489 3564 5569; baseline -0.004 -18"><span class='ocrx_word' id='word_1_866' title='bbox 1985 5505 2040 5551; x_wconf 84' lang='lat' dir='ltr'><strong>et</strong></span> <span class='ocrx_word' id='word_1_867' title='bbox 2059 5512 2191 5551; x_wconf 91' lang='lat' dir='ltr'><strong>num</strong></span> <span class='ocrx_word' id='word_1_868' title='bbox 2216 5497 2269 5552; x_wconf 81' lang='lat' dir='ltr'><strong>in</strong></span> <span class='ocrx_word' id='word_1_869' title='bbox 2295 5497 2561 5569; x_wconf 85' lang='lat' dir='ltr'><strong>spelunca</strong></span> <span class='ocrx_word' id='word_1_870' title='bbox 2588 5509 2814 5552; x_wconf 82' lang='lat' dir='ltr'><strong>versans</strong></span> <span class='ocrx_word' id='word_1_871' title='bbox 2841 5500 3137 5565; x_wconf 89' lang='lat' dir='ltr'><strong>utrumque</strong></span> <span class='ocrx_word' id='word_1_872' title='bbox 3164 5489 3564 5563; x_wconf 78' lang='lat' dir='ltr'><strong>composuerit.</strong></span> 
     </span>
    </p>
   </div>
   <div class='ocr_carea' id='block_1_110' title="bbox 383 5626 2167 5708">
    <p class='ocr_par' dir='ltr' id='par_1_110' title="bbox 383 5626 2167 5708">
     <span class='ocr_line' id='line_1_111' title="bbox 383 5626 2167 5708; baseline 0.006 -28"><span class='ocrx_word' id='word_1_873' title='bbox 383 5626 428 5657; x_wconf 83' lang='lat'><strong><em>”</em></strong></span> <span class='ocrx_word' id='word_1_874' title='bbox 468 5626 599 5683; x_wconf 89' lang='lat' dir='ltr'><strong>ibid.</strong></span> <span class='ocrx_word' id='word_1_875' title='bbox 633 5627 790 5698; x_wconf 84' lang='lat' dir='ltr'><strong>9,l0.</strong></span> <span class='ocrx_word' id='word_1_876' title='bbox 865 5631 910 5663; x_wconf 87' lang='grc'><strong>¹³</strong></span> <span class='ocrx_word' id='word_1_877' title='bbox 949 5634 971 5686; x_wconf 89' lang='lat' dir='ltr'><strong>I</strong></span> <span class='ocrx_word' id='word_1_878' title='bbox 1005 5631 1138 5704; x_wconf 79' lang='lat' dir='ltr'><strong>Reg.</strong></span> <span class='ocrx_word' id='word_1_879' title='bbox 1170 5648 1318 5698; x_wconf 71' lang='grc' dir='ltr'>χχιι,</span> <span class='ocrx_word' id='word_1_880' title='bbox 1353 5633 1476 5699; x_wconf 49' lang='grc' dir='ltr'><strong>με.</strong></span> <span class='ocrx_word' id='word_1_881' title='bbox 1557 5637 1601 5669; x_wconf 68' lang='grc'><strong><em>’³</em></strong></span> <span class='ocrx_word' id='word_1_882' title='bbox 1640 5634 1660 5690; x_wconf 91' lang='grc' dir='ltr'><strong>ι</strong></span> <span class='ocrx_word' id='word_1_883' title='bbox 1693 5634 1827 5708; x_wconf 80' lang='lat' dir='ltr'><strong>Reg.</strong></span> <span class='ocrx_word' id='word_1_884' title='bbox 1865 5652 2009 5703; x_wconf 71' lang='lat' dir='ltr'><strong>xxxv,</strong></span> <span class='ocrx_word' id='word_1_885' title='bbox 2048 5635 2167 5691; x_wconf 74' lang='lat'><strong>2-8.</strong></span> 
     </span>
    </p>
   </div>
   <div class='ocr_carea' id='block_1_111' title="bbox 380 5740 1435 5813">
    <p class='ocr_par' dir='ltr' id='par_1_111' title="bbox 380 5740 1435 5813">
     <span class='ocr_line' id='line_1_112' title="bbox 380 5740 1435 5813; baseline -0.002 -11"><span class='ocrx_word' id='word_1_886' title='bbox 380 5741 465 5813; x_wconf 71' lang='grc' dir='ltr'><strong>(Ι)</strong></span> <span class='ocrx_word' id='word_1_887' title='bbox 498 5743 553 5801; x_wconf 67' lang='grc' dir='ltr'><strong>ιι</strong></span> <span class='ocrx_word' id='word_1_888' title='bbox 588 5755 693 5813; x_wconf 79' lang='lat' dir='ltr'><strong>est,</strong></span> <span class='ocrx_word' id='word_1_889' title='bbox 723 5749 791 5803; x_wconf 89' lang='lat' dir='ltr'><strong>ad</strong></span> <span class='ocrx_word' id='word_1_890' title='bbox 822 5740 993 5806; x_wconf 78' lang='lat' dir='ltr'><strong>alvum</strong></span> <span class='ocrx_word' id='word_1_891' title='bbox 1023 5761 1435 5809; x_wconf 73' lang='lat' dir='ltr'><strong>exonerandam.</strong></span> 
     </span>
    </p>
   </div>
  </div>
