4098 6368
509 381 617 437 5υῦ

1210 388 1483 449 EUSEBII
1519 380 1989 444 CIESARIENSIS
2020 378 2169 437 OPP.
2204 379 2385 435 PARS
2421 378 2508 437 Ill.
2541 410 2610 421 —
2648 378 3054 436 EXECETICA.

3640 376 3744 431 5N

511 506 737 565 Videtur
765 522 897 579 ergo
937 507 1096 570 mihi,
1147 508 1496 563 moventibus
1539 505 1826 576 utriusque
1880 499 2067 573 psalmi

2175 499 2258 572 τῷ
2289 499 2534 571 σπηλαίῳ
2594 498 2676 570 τῷ
2750 498 3030 570 Ὀδολλὰμ,
3074 498 3107 570 ἦ
3166 497 3223 551 ἐν
3266 496 3343 568 τῷ
3390 496 3638 569 σπηλαίῳ
3665 497 3746 570 τῷ

505 600 709 668 verbis,
738 601 879 655 banc
909 598 1050 653 tituli
1087 598 1499 669 inscriptionem
1533 598 1589 653 in
1616 597 1877 667 spelunca
1913 592 2080 648 Odol-

502 694 611 748 lam
640 692 839 747 dictam
873 690 1083 756 fuisse;
1121 691 1424 747 orationem
1471 706 1598 745 vero
1619 691 1675 744 in
1712 703 1834 742 cm
1862 687 2072 757 psalmo

500 784 759 853 positam,
782 780 842 837 in
870 782 1131 851 Spelunca
1157 780 1422 852 Engaddi,
1445 796 1592 843 eum,
1629 778 1795 833 Saule
1819 792 1941 833 sese
1975 792 2073 847 ap-

488 883 753 945 parante,
785 873 840 929 in
881 875 1141 944 spelunca
1192 875 1368 929 latens
1402 873 1778 943 deprehensus
1809 881 1914 926 est.
1956 869 2074 925 Sic—

484 986 519 1039 q
539 984 608 1023 ue
637 968 767 1023 mihi
800 982 1120 1038 persuasum
1150 973 1235 1021 est
1259 982 1325 1021 ex
1347 966 1509 1020 dictis
1535 965 1821 1035 utriusque
1853 962 2068 1035 psalmi.

490 1060 555 1115 lit
608 1058 829 1130 quidem
876 1073 1000 1113 σιω
1037 1058 1251 1114 videtur
1295 1057 1428 1111 mihi
1479 1066 1611 1111 tunc
1648 1055 1915 1126 prolatus,
1945 1069 2068 1108 cum

490 1151 671 1207 David
696 1151 751 1207 in
784 1151 1037 1223 angustia
1072 1166 1266 1222 magna
1296 1157 1351 1205 et
1381 1149 1789 1204 concertatione
1817 1147 2069 1217 degeret;

492 1244 575 1299 sic
608 1242 755 1298 enim
781 1243 855 1298 ibi
886 1243 1131 1313 loquitur
1162 1261 1175 1296 :
1215 1239 1349 1295 Voce
1381 1256 1499 1294 mea
1536 1238 1606 1293 ad
1636 1237 1919 1293 Dominum
1959 1236 2073 1289 cla-

494 1335 661 1405 mavi,
689 1350 809 1389 voce
825 1350 941 1389 mea
967 1334 1035 1388 ad
1067 1332 1353 1388 Dominum
1376 1329 1686 1401 deprecatus
1715 1346 1853 1384 sum.
1885 1327 2073 1397 Effun-

492 1425 559 1477 do
608 1424 666 1477 in
714 1434 991 1492 conspectu
1034 1422 1148 1491 ejus
1179 1421 1472 1476 orationem
1516 1436 1687 1473 meam
1718 1434 1735 1471 :
1766 1417 2069 1472 tribulatio—

494 1530 614 1567 nem
675 1529 847 1567 meam
891 1522 1013 1566 ante
1042 1513 1216 1580 ipsum
1246 1508 1623 1580 pronuntiabo.
1680 1507 1746 1563 In
1784 1507 2070 1577 deﬁcientia

494 1617 560 1654 e1:
589 1618 669 1655 me
690 1602 937 1670 spiritum
966 1617 1156 1666 meum,
1176 1609 1227 1654 et
1249 1609 1304 1653 tu
1343 1600 1628 1671 cognovisti
1659 1599 1874 1654 semitas
1905 1615 2067 1652 meas.

499 1691 566 1746 In
595 1694 681 1747 via
727 1693 848 1757 hac,
874 1709 979 1764 qua
1007 1691 1369 1758 ambulabant,
1400 1690 1789 1747 absconderant
1826 1691 2070 1762 laqueum

494 1784 624 1838 mihi
648 1785 715 1842 ".
757 1783 855 1841 His
891 1784 1092 1857 quippe
1121 1784 1434 1855 angustiam
1457 1799 1566 1855 qua
1597 1784 1947 1853 premebatur
1974 1781 2069 1836 ὀο-

493 1873 953 1941 clarat;maxime
975 1882 1157 1931 autem
1180 1875 1237 1929 in
1273 1875 1629 1946 sequentibus
1662 1874 1814 1929 hisce
1838 1872 2019 1929 verbis
2051 1890 2062 1924 :

494 1965 663 2021 Periit
690 1966 819 2038 fuga
843 1983 876 2020 a
898 1983 998 2021 me.
1023 1964 1325 2024 Obsidentc
1343 1981 1579 2036 namque
1604 1964 1767 2020 Saule
1794 1966 2067 2036 speluncae

492 2058 729 2121 ostium;
753 2059 903 2116 intus
938 2060 1116 2115 latens
1151 2059 1290 2131 ipse,
1329 2056 1569 2129 elfugcre
1598 2073 1657 2113 sc
1686 2072 1847 2127 posse
1877 2056 2071 2127 despe-

492 2149 671 2203 rabat.
701 2148 973 2203 Caeterum
995 2164 1119 2204 cum
1142 2148 1209 2203 de
1243 2149 1367 2220 fuga
1392 2148 1732 2219 desperaret,
1765 2147 1832 2203 ad
1863 2148 2068 2203 saluta~

490 2254 608 2293 rem
639 2247 862 2308 portum
912 2238 1192 2311 confugit;
1228 2256 1399 2310 quare
1441 2238 1733 2311 subjungit
1765 2258 1779 2297 ι
1828 2238 2070 2294 Clamari

493 2330 564 2383 sd
615 2338 684 2396 te,
730 2330 975 2397 Domine,
1022 2331 1135 2385 dixi
1181 2349 1198 2386 :
1253 2332 1332 2386 Tu
1380 2348 1432 2387 es
1468 2347 1582 2401 spes
1639 2347 1789 2394 mea;
1846 2342 1899 2386 et
1955 2330 2069 2387 [nec

493 2419 684 2491 adjicit
718 2440 732 2476 :
765 2420 916 2475 Educ
945 2421 1008 2477 de
1051 2422 1296 2477 custodia
1353 2423 1589 2477 animam
1649 2437 1841 2478 meam.
1875 2420 2068 2476 Viden’

491 2513 767 2583 quomodo
821 2529 979 2569 suam
1032 2514 1086 2569 in
1152 2517 1411 2585 spelunca
1467 2515 1876 2571 conclusionem
1928 2513 2070 2569 indi-

491 2605 619 2659 cat?
650 2602 782 2661 Jure
834 2606 1019 2677 itaque
1072 2607 1186 2663 haec
1231 2609 1377 2664 dicta
1432 2610 1739 2665 orationem
1793 2608 2065 2671 inscribit,

489 2704 706 2769 tempus
736 2698 1093 2771 inscriptione
1132 2701 1222 2756 illa
1253 2700 1557 2760 declarans.
1586 2702 1675 2757 Ait
1728 2702 1896 2774 igitur
1924 2720 1937 2756 :
1974 2701 2068 2757 In-

489 2788 725 2847 tellectus
755 2790 971 2857 Davidi,
1019 2808 1140 2846 cum
1168 2805 1303 2848 esset
1355 2794 1409 2847 in
1457 2793 1729 2863 spelunca,
1777 2796 1967 2847 oratio.
2002 2791 2068 2845 Et

486 2881 606 2943 haec
640 2883 859 2954 quidem
893 2892 1083 2940 notato
1131 2894 1376 2956 tempore
1412 2896 1667 2957 precatus
1714 2894 1818 2951 est,
1870 2901 2068 2957 magno

2183 591 2442 661 Ἐνγαδδί.
2516 590 2675 644 Ἀλλὰ
2721 591 2815 645 καὶ
2864 591 3047 662 ἐπειδὴ
3102 589 3193 644 δύο
3241 589 3485 662 εἴρηνται
3539 590 3746 661 ψαλμοὶ

2173 683 2318 755 αὐτῷ
2340 686 2397 737 ἐν
2422 682 2499 753 τῷ
2525 681 2793 753 σπηλαίῳ,
2815 683 2843 735 ὁ
2869 682 2967 753 μὲν
2995 680 3354 752 προκείμενος
3372 681 3745 755 στηλογραφία

2170 774 2472 845 τυγχάνων,
2520 775 2550 826 ὀ
2596 773 2652 827 δὲ
2688 780 2814 844 ρμα⁹
2864 773 3372 846 ἐπιγεγραμμένος,
3430 773 3744 839 Σιννέσεως

2172 863 2251 937 τῷ
2287 868 2465 922 Δαυῒδ
2504 869 2573 921 ἐν
2622 863 2701 935 τῷ
2746 868 3027 935 σπηλαίῳ
3059 866 3387 936 προσευχὴ·
3410 866 3643 939 ζητήσαι
3675 865 3742 920 ἄν

2170 978 2254 1025 τις
2301 960 2533 1028 εὐλόγως
2558 961 2605 1012 εἰ
2638 957 2777 1012 κατὰ
2811 958 2901 1011 τὸν
2931 958 3092 1012 αὐτὸν
3135 960 3376 1029 εἴρηνται
3410 958 3619 1031 χρόνον,
3646 955 3747 1011 καὶ

2171 1054 2293 1106 είέν
2318 1052 2396 1123 τῷ
2421 1052 2667 1124 σπηλαίῳ
2698 1051 2981 1121 τυγχάνων
3033 1052 3374 1122 ἀμφοτέρους
3428 1050 3739 1116 συνέταξεν.
3808 1084 3813 1089 ο

2170 1143 2326 1195 Δοκεῖ
2349 1141 2525 1196 τοίνυν
2552 1141 2696 1213 ἐμοὶ,
2732 1141 3031 1211 κινουμένῳ
3059 1142 3123 1193 ἐκ
3146 1141 3252 1195 τῶν
3280 1142 3337 1193 ἐν
3365 1141 3612 1212 ἐκατέρῳ
3641 1159 3740 1211 φε-

2175 1236 2414 1307 ρομένων
2433 1235 2626 1305 λόγων,
2667 1236 2700 1305 ἡ
2735 1233 2833 1305 μὲν
2867 1233 3005 1303 μετά
3051 1235 3241 1304 χεῖρας
3280 1233 3653 1305 στηλογραφία
3682 1235 3746 1286 ἐν

2169 1326 2247 1397 τῷ
2278 1327 2525 1397 σπηλαίῳ
2544 1326 2623 1397 τῷ
2653 1324 2916 1395 Ὀδολλὰμ
2943 1324 3213 1395 εἰρῆσθαι,
3246 1326 3278 1394 ἡ
3306 1324 3362 1376 δὲ
3401 1324 3459 1377 ἐν
3486 1323 3564 1394 τῷ
3591 1330 3738 1394 ρμασ,

2171 1418 2464 1489 προσευχὴ,
2494 1419 2552 1471 ἐν
2577 1417 2655 1488 τῷ
2678 1418 2924 1489 σπηλαίῳ
2947 1417 3024 1488 τῷ
3038 1416 3300 1485 Ἐνγαδδὶ,
3316 1418 3426 1481 ὅτε,
3455 1415 3546 1469 τοῦ
3569 1416 3740 1470 Σαοὺλ

2171 1510 2743 1581 παρασκευαζομένου,
2772 1511 2829 1562 ἐν
2852 1510 2931 1579 τῷ
2975 1508 3221 1580 σπηλαίῳ
3251 1507 3395 1561 ἔνδον
3426 1508 3740 1579 κρυπτόμε-

2168 1618 2257 1665 νος
2281 1600 2528 1672 εὓρηται.
2555 1602 2708 1655 Οὕτω
2734 1600 2789 1654 δέ
2820 1619 2907 1673 μοι
2936 1602 3180 1673 παρέστη
3230 1599 3501 1672 κινηθέντι
3531 1602 3593 1653 ὲκ
3629 1599 3742 1653 τῶν

2170 1694 2297 1764 παρ’
2332 1692 2576 1775 ἐκατέρῳ
2604 1691 2917 1764 φερομένων
2949 1691 3142 1761 λόγων.
3187 1692 3242 1746 ’0
3274 1691 3370 1762 μὲν
3399 1698 3523 1763 ρμα⁹
3555 1692 3738 1760 φαίνε-

2167 1797 2257 1835 ται
2279 1782 2564 1854 εἰρημένος
2594 1783 2651 1834 ἐν
2678 1779 2842 1851 πολλῇ
2865 1783 3061 1852 συνοχῇ
3087 1780 3179 1833 καὶ
3228 1781 3398 1849 ἀγῶνι
3425 1781 3739 1851 τυγχάνοντι

2169 1871 2246 1943 τῷ
2268 1873 2448 1926 Δαυῖδ·
2483 1874 2617 1945 φησὶ
2642 1871 2770 1941 γοῦν
2797 1874 2854 1927 ἐν
2882 1872 3046 1944 αὐτῷ’
3088 1873 3262 1943 Φωνῇ
3294 1891 3411 1943 μου
3448 1873 3596 1942 πρὸς
3622 1874 3741 1927 Κύ-

2159 1980 2297 2032 ριον
2338 1964 2649 2033 ἐκέκραξα
2694 1963 2862 2035 φωνῇ
2908 1982 3030 2034 μου
3079 1964 3227 2033 πρὸς
3261 1966 3365 2019 τὸν
3405 1964 3552 2019 Θεὸν
3577 1964 3746 2031 ἐδεή-

2167 2061 2298 2126 θην.
2345 2056 2558 2127 Ἐκχεῶ
2582 2055 2835 2111 ἐνώπιον
2877 2057 3060 2112 αὑτοῦ
3080 2058 3193 2125 τὴν
3219 2057 3432 2125 δέησίν
3464 2074 3601 2127 μου”
3628 2056 3746 2126 τὴν

2166 2151 2377 2217 θλίψιν
2423 2167 2542 2219 μου
2591 2148 2847 2203 ἐνώπιον
2897 2150 3082 2204 αὑτοῦ
3145 2149 3477 2220 ἀπαγγελῶ.
3531 2151 3633 2204 Ἔν
3660 2149 3744 2216 τῷ

2165 2246 2468 2299 ἐκλείπειν
2506 2244 2575 2310 ἐξ
2599 2244 2747 2314 ἐμοῦ
2784 2244 2848 2297 τὸ
2885 2244 3120 2314 πνεῦμά
3161 2261 3302 2314 μου,
3349 2244 3447 2298 καὶ
3496 2243 3577 2298 σὺ
3624 2244 3749 2312 ἐγί-

2167 2351 2398 2403 νωσκες
2448 2335 2555 2403 τὰς
2614 2338 2851 2405 τρίϐους
2897 2355 3034 2408 μου.
3104 2338 3205 2391 Ἐν
3271 2329 3391 2403 ὀδῷ
3441 2338 3645 2404 ταύτῃ,
3700 2329 3746 2405 ᾖ

2165 2433 2558 2503 ἐπορευόμην,
2585 2433 2862 2502 ἔκρυψαν
2882 2429 3103 2501 παγίδα
3123 2447 3244 2499 μοι.
3278 2430 3377 2483 Διὰ
3399 2427 3603 2481 τούτων
3630 2427 3743 2498 γὰρ

2167 2525 2262 2596 τὴν
2294 2524 2519 2595 συνοχὴν
2549 2527 2606 2578 ἐν
2662 2518 2696 2599 ᾖ
2724 2521 3011 2595 ἐξητάζετο
3039 2521 3351 2593 παρίστησι·
3382 2520 3474 2575 καὶ
3496 2520 3576 2573 ἔτι
3605 2519 3744 2589 μᾶλ-

2165 2619 2255 2673 λον
2284 2620 2351 2672 δι’
2378 2611 2453 2673 ὧν
2479 2618 2673 2687 ἐπάγει
2697 2618 2870 2687 λέγων
2919 2615 3064 2685 ἐξῆς·
3105 2612 3389 2668 Ἆπώλετο
3450 2611 3610 2682 φυγὴ
3640 2611 3745 2666 ἀπ’

2163 2709 2329 2781 ἐμοῦο
2347 2711 2451 2783 πρὸ
2474 2710 2582 2764 τῶν
2606 2708 2784 2781 θυρῶν
2814 2707 2923 2780 γὰρ
2945 2707 3039 2760 τοῦ
3075 2705 3339 2778 σπηλαίου
3372 2703 3745 2774 καθεζομένου

2165 2803 2259 2857 τοῦ
2284 2804 2474 2867 Σαοὺλ,
2499 2802 2645 2856 ἔνδον
2702 2799 3098 2872 κρυπτόμενος,
3135 2795 3445 2866 ἀπεγνώκει
3486 2795 3582 2865 τὴν
3614 2795 3745 2848 ἐαυ-

2165 2896 2259 2951 τοῦ
2290 2896 2485 2968 φυγήν.
2508 2894 2657 2964 Πλὴν
2677 2894 2775 2964 τὴν
2805 2891 2981 2962 φυγὴν
3001 2889 3295 2958 ἀπογνοὺς,
3326 2888 3419 2941 ἐπὶ
3447 2887 3538 2941 τὸν
3569 2886 3745 2953 σωτή-

487 2973 547 3031 in
581 2976 826 3044 periculo
873 2977 1233 3033 constitutus.
1275 2976 1402 3033 Haec
1435 2993 1566 3035 vero
1606 2978 1749 3034 tituli
1780 2979 2067 3051 inscriptio

2169 3005 2281 3063 ριον
2315 2988 2507 3060 λιμένα
2564 2985 2920 3056 καταφεύγει·
2967 2983 3049 3037 διὸ
3098 2981 3360 3050 ἐπιλέγει*
3422 2977 3748 3047 Ἑκέκραξα

488 3065 561 3122 ab
588 3082 655 3120 eo
680 3067 908 3122 recitata
932 3075 1037 3132 est,
1067 3078 1125 3123 nt
1152 3069 1384 3135 aestimo,
1409 3084 1531 3125 cum
1554 3078 1701 3128 esset
1728 3071 1784 3125 in
1806 3071 2067 3142 spelunca

2168 3079 2317 3149 πρὸς
2348 3079 2443 3145 σὲ,
2504 3080 2718 3147 Κύριε,
2776 3073 2942 3131 εἶπα·
3008 3074 3093 3128 Σὺ
3133 3073 3191 3127 εἷ
3241 3072 3419 3136 ἐλπίς
3467 3086 3618 3139 μου·
3648 3066 3743 3120 καὶ⁵

489 3154 762 3221 Odollam,
797 3172 861 3213 ac
887 3161 1181 3230 recepisset
1213 3175 1404 3216 omnes
1432 3161 1630 3218 fratres
1672 3177 1825 3227 suos,
1858 3177 2065 3234 cogna-

2168 3170 2492 3244 προστίθησι
2567 3168 2761 3237 λέγων·
2845 3165 3123 3235 Ἐξάγατε
3177 3163 3247 3217 ἐκ
3306 3158 3586 3231 φυλακῆς
3629 3156 3747 3225 τὴν

488 3250 579 3304 tos
625 3248 753 3304 item
810 3265 875 3307 ac
920 3253 1161 3322 reliquos
1216 3252 1513 3324 fugitivos;
1563 3254 1657 3326 qui
1709 3254 1946 3311 fortasse
1977 3256 2063 3312 sui

2167 3263 2378 3334 ψυχήν
2420 3280 2560 3333 μου.
2618 3262 2781 3333 Ὁρᾷς
2821 3260 2969 3323 ὅπως
3001 3257 3094 3311 τὸν
3150 3256 3281 3310 εῐσω
3331 3252 3426 3307 τοῦ
3480 3251 3746 3323 σπηλαίου

489 3357 661 3398 causa
688 3344 905 3400 insidiis
936 3344 1120 3402 Saulis
1146 3347 1542 3417 appetebantur
1567 3366 1582 3414 ;
1615 3349 1913 3418 quinetiam
1941 3350 2066 3420 qui-

489 3433 579 3490 vis
606 3433 841 3491 alllictus
867 3436 1049 3490 animo
1073 3444 1129 3491 et
1154 3435 1411 3506 iniuriam
1438 3452 1655 3507 passus,
1689 3437 1825 3509 fugae
1846 3437 2065 3495 Davidis

488 3542 720 3583 consors
751 3536 888 3583 erat.
928 3528 1065 3583 Nam
1096 3544 1220 3584 eum
1283 3530 1459 3585 virum
1486 3532 1719 3601 justum,
1766 3547 1797 3585 a
1828 3530 1937 3588 Deo
1966 3532 2065 3587 lto-

489 3626 767 3682 noratum,
824 3619 1026 3689 injuria
1077 3634 1108 3673 a
1158 3618 1322 3676 Saule
1355 3622 1569 3690 pulsum
1617 3621 1951 3687 videntibus,
2001 3638 2065 3678 ea

490 3709 630 3776 ipsis
653 3710 961 3767 consolatio
984 3711 1038 3765 in
1068 3713 1228 3768 malis
1252 3720 1391 3769 erat.
1424 3713 1562 3768 Tum
1591 3714 1694 3785 ipsi
1724 3731 1941 3786 quoque
1970 3717 2064 3787 qui

490 3818 521 3855 a
560 3802 885 3859 laedentibus
914 3819 973 3859 se
999 3802 1298 3875 fugiebant,
1339 3803 1529 3860 Davidi
1570 3806 1883 3871 studebant,
1915 3810 2065 3879 ejus-

488 3908 596 3963 que
622 3901 806 3964 partes
838 3895 1346 3966 amplectebantur;
1376 3898 1755 3970 malebantque
1781 3900 1905 3970 pelli
1937 3916 2062 3955 cum

486 3984 630 4054 ipso,
677 4000 842 4056 quam
887 3986 1200 4057 insequenti
1260 3989 1483 4044 merere.
1537 3988 1675 4046 Cum
1712 4006 1845 4063 ergo
1888 3992 2063 4048 otium

486 4085 671 4147 ageret
706 4076 763 4132 in
802 4078 1064 4149 spelunca
1110 4079 1377 4148 Odollam,
1429 4093 1752 4152 praesentem
1804 4084 1949 4139 tituli
1981 4085 2065 4140 in-

485 4172 840 4242 scriptionem
872 4177 1134 4230 exaravit.
1161 4175 1318 4242 Quod
1342 4191 1475 4234 sane
1503 4177 1785 4233 declarant
1813 4187 1925 4234 tum
1959 4180 2063 4234 alia

484 4279 607 4333 qua:
641 4265 851 4335 adjicit,
884 4274 1000 4322 tum
1031 4268 1220 4323 isthaec
1248 4289 1262 4323 :
1293 4267 1443 4324 Misit
1474 4269 1538 4324 de
1566 4271 1716 4329 ctelo.
1743 4280 1794 4325 et
1823 4270 2063 4326 liberavit

484 4371 606 4412 me:
633 4373 698 4412 ac
723 4374 944 4414 rursum
978 4380 992 4417 :
1023 4359 1174 4415 Misit
1200 4361 1341 4416 Deus
1370 4363 1791 4418 misericordiam
1835 4381 1987 4419 suam
2015 4375 2065 4419 et

487 4448 757 4502 veritatem
788 4464 965 4513 suam,
1012 4459 1060 4504 et
1087 4453 1279 4520 eripuit
1315 4454 1550 4508 animam
1588 4472 1758 4510 meam
1802 4456 1866 4509 de
1896 4455 2064 4511 medio

486 4539 785 4594 catulorum
818 4539 1047 4596 leonum.
1091 4541 1255 4600 Vides
1282 4560 1430 4609 eum,
1479 4561 1603 4601 cum
1637 4545 1890 4604 Getbaaos
1929 4549 2066 4603 allo-

487 4631 681 4702 phylos
711 4631 1017 4704 ellugisset,
1051 4642 1237 4704 utpote
1261 4637 1314 4690 in
1351 4645 1469 4691 tuto
1503 4639 1763 4709 positum,
1797 4655 1863 4694 ac
1890 4638 2061 4694 otium
2097 4667 2139 4721 ο

486 4733 756 4794 agentem,
808 4724 1125 4796 bujusmodi
1181 4742 1346 4783 voces
1386 4730 1659 4796 emisisse,
1711 4747 1774 4787 ac
1822 4731 2059 4787 maxime

486 4816 727 4872 omnium
756 4832 851 4873 eas
881 4833 1004 4888 qua:
1038 4828 1364 4890 sequuntur,
1401 4829 1454 4875 et
1495 4822 1576 4877 sic
1604 4822 1846 4879 habent:
1883 4823 2059 4878 Para.

486 4919 595 4965 tum
631 4924 721 4964 cor
750 4926 942 4975 meum,
987 4911 1150 4977 Deus,
1184 4913 1409 4968 cantabo
1456 4923 1506 4969 et
1550 4916 1814 4985 psalmum
1859 4915 2054 4972 dicam.

484 4998 746 5072 Exsurge,
778 5002 951 5072 gloria
978 5020 1112 5068 mea,
1139 5022 1380 5076 exsurge,
1410 5006 1725 5075 psalterium
1753 5018 1803 5061 et
1827 5008 2056 5072 cithara,

482 5107 765 5165 exsurgant
795 5092 1055 5151 diluculo.
1086 5095 1390 5167 Conﬁtebor
1422 5099 1475 5153 in
1523 5100 1762 5168 populis,
1811 5099 2056 5165 Domine,

483 5186 744 5245 psalmum
772 5187 949 5249 dicam
986 5191 1082 5245 tibi
1115 5191 1171 5246 in
1196 5190 1456 5263 gentibus.
1492 5191 1619 5248 Hac
1645 5192 1791 5248 enim
1827 5192 2055 5248 multum

483 5278 675 5343 otium,
728 5280 838 5337 imo
884 5283 1049 5337 etiam
1100 5284 1268 5343 animi
1321 5284 1677 5355 voluptatem,
1727 5284 2056 5356 signiﬁcant.

486 5369 571 5424 Ait
597 5371 763 5442 igitur
798 5389 953 5430 sacer
983 5377 1265 5446 apostolus
1291 5394 1304 5428 :
1338 5374 1705 5431 Contristatur
1732 5376 1850 5445 quis
1883 5377 1936 5429 in
1968 5393 2059 5430 vo-

485 5459 612 5522 bis?
656 5474 786 5525 oret.
821 5464 998 5536 Equo
1043 5468 1220 5521 animo
1263 5470 1388 5527 est?
1415 5467 1684 5522 osalla:“
1744 5465 1848 5522 Sed
1885 5483 2062 5539 neque

485 5563 696 5623 poterat
728 5558 846 5627 haec
870 5559 1073 5627 dicere,
1103 5576 1227 5615 cum
1256 5561 1311 5615 in
1347 5561 1605 5631 spelunca
1638 5559 1881 5631 Engaddi
1922 5560 2061 5616 deti-

485 5656 708 5703 neretur
742 5663 773 5702 a
825 5647 989 5707 Saule
1039 5659 1164 5707 ante
1212 5653 1411 5708 ostium
1462 5652 1703 5714 sedente.
1737 5651 1867 5719 Quae
1916 5653 2059 5709 enim

558 5831 603 5865 ⁸³
645 5828 786 5887 Ρείιι.
826 5848 982 5900 cru,
1016 5834 1130 5894 2-4.
1247 5835 1289 5870 “
1331 5833 1442 5893 .lac.
1482 5852 1532 5903 ν,
1574 5837 1656 5894 l3.

2166 3356 2533 3426 ἀποκλεισμδν
2560 3354 2846 3426 σημαίνεις
2900 3350 3137 3413 Εἰκότως
3159 3342 3251 3402 οὖν
3283 3346 3376 3400 καὶ
3440 3342 3745 3417 προσευχὴν

2166 3448 2458 3519 ἐπιγράφει
2506 3448 2633 3510 τοὺς
2675 3446 2887 3514 λόγους,
2914 3441 3089 3513 δηλῶν
3140 3439 3230 3493 διὰ
3286 3438 3386 3508 τῆς
3421 3435 3747 3509 προγραφῆς

2165 3541 2256 3594 τὸν
2299 3539 2506 3611 καιρόν.
2569 3538 2731 3605 Λέγει
2764 3534 2914 3604 γοῦν
2950 3529 3260 3595 Συνέσεως
3314 3522 3393 3595 τῷ
3432 3525 3632 3584 Δαυῒδ,
3677 3525 3749 3577 ἐν

2165 3628 2244 3700 τῷ
2269 3628 2420 3685 εἶναι
2448 3628 2634 3684 αὐτὸν
2668 3628 2737 3681 ἐν
2765 3618 2845 3692 τῷ
2874 3622 3187 3692 σπηλαίῳ,
3216 3617 3547 3687 προσευχὴ.
3586 3615 3747 3669 Ἀλλά

2165 3723 2459 3793 ταῦταμὲν
2519 3718 2861 3792 προσηύξατο
2923 3718 2981 3770 ὲν
3038 3713 3257 3787 μεγάλῳ
3279 3710 3540 3785 περιστὰς
3574 3707 3746 3777 ἀγῶνι

2169 3817 2309 3871 κατά
2338 3816 2429 3870 τὸν
2451 3813 2758 3886 δηλωθέντα
2806 3810 3014 3882 χρόνον·
3061 3810 3094 3876 ἡ
3151 3807 3207 3860 δὲ
3241 3805 3377 3877 μετὰ
3404 3806 3591 3875 χεῖρας
3621 3819 3748 3873 στη-

2166 3907 2437 3979 λογραφία
2462 3905 2681 3959 λέλεκτο
2728 3899 2897 3971 αὐτῷ,
2941 3900 3017 3962 ὡς
3059 3893 3234 3968 οἶμαι,
3262 3895 3376 3949 ὄντι
3402 3897 3460 3947 ἐν
3493 3892 3568 3963 τῷ
3604 3908 3749 3960 σπη-

2167 4002 2302 4071 λαίῳ
2347 3998 2426 4070 τῷ
2469 3996 2750 4067 Ὀδολλὰμ,
2780 3995 2987 4057 πάντας
3028 4008 3085 4046 τε
3114 3985 3490 4058 ὑποδεχομένῳ
3524 3982 3653 4045 τούς
3682 3997 3745 4035 τε

2167 4091 2429 4161 ἀδελφοὺς
2456 4088 2620 4143 αὑτοῦ
2670 4090 2764 4142 καὶ
2807 4087 2931 4150 τοὺς
2961 4084 3238 4152 συγγενεῖς
3265 4075 3502 4139 καὶτοὺς
3521 4072 3744 4136 λοιποὺς

2169 4181 2431 4253 φυγάδας,
2463 4181 2603 4252 τάχα
2634 4196 2734 4233 που
2786 4177 2852 4231 δι’
2883 4174 3044 4229 αὐτὸν
3090 4165 3601 4237 ἐπιϐουλευομένους
3637 4161 3746 4215 ὑπὸ

2167 4274 2260 4328 τοῦ
2286 4273 2479 4329 Σαούλο
2526 4270 2663 4327 ἀλλὰ
2698 4269 2792 4324 καὶ
2838 4268 2944 4330 πᾶς
2987 4262 3289 4324 κατὼδυνος
3322 4256 3467 4329 ψυχὴ
3495 4255 3589 4309 καὶ
3638 4254 3747 4315 πᾶς

2169 4365 2517 4437 ἀδικούμενος
2540 4362 2793 4424 κοινωνὸς
2816 4357 3060 4427 ἐγίγνετο
3098 4354 3194 4424 τῆς
3224 4352 3318 4405 τοῦ
3356 4347 3517 4403 Δαυῒδ
3548 4346 3747 4417 φυγῆς.

2169 4455 2385 4510 Δίκαιον
2413 4453 2521 4524 γὰρ
2544 4452 2711 4525 ἄνδρα
2764 4449 2856 4506 καὶ
2910 4447 3061 4521 παρὰ
3086 4445 3163 4516 τῷ
3195 4443 3314 4513 Θεῷ
3362 4441 3747 4513 τετιμημένον,

2170 4547 2524 4617 ἐλαυνόμενον
2556 4545 2659 4598 ὑπὸ
2687 4544 2780 4597 τοῦ
2814 4541 2985 4595 Σαοὺλ
3015 4540 3212 4602 ἀδίκως
3249 4535 3504 4609 ὁρῶντες,
3535 4532 3602 4586 τὰ
3624 4534 3750 4586 ἐαυ-

2170 4641 2277 4693 τῶν
2312 4638 2726 4711 παρεμυθοῦντο
2767 4633 2931 4690 κακά.
2976 4627 3108 4687 Εἶτα
3138 4630 3232 4684 καὶ
3284 4627 3438 4682 αὐτοὶ
3476 4626 3601 4689 τοὺς
3632 4624 3749 4677 est.

2166 4732 2395 4794 κοῦντας
2459 4730 2655 4793 αὐτοὺς
2706 4724 2997 4796 φεύγοντές
3032 4741 3112 4786 τε,
3169 4721 3261 4774 τὸν
3306 4717 3468 4772 Δαυῖδ
3500 4715 3749 4786 ἐζήλουν,

2163 4821 2467 4895 ἠσπάζοντό
2492 4838 2553 4874 τε
2579 4819 2677 4891 τὴν
2703 4820 2797 4873 σὺν
2831 4815 2980 4886 αύτῷ
3015 4832 3081 4885 με
3092 4814 3227 4886 ρίδα,
3273 4811 3471 4883 μᾶλλον
3492 4806 3749 4876 ἀγαπῶν·

2164 4930 2255 4977 τες
2283 4910 2601 4967 ἐλαύνεσθαι
2632 4910 2727 4964 σὺν
2750 4906 2920 4977 αὐτῷ,
2965 4905 2999 4977 ἦ
3046 4902 3122 4973 τῷ
3175 4901 3451 4955 ἐλαύνοντι
3482 4899 3746 4950 συνεῖναι.

2179 5003 2301 5056 Ἐπὶ
2341 5000 2532 5073 σχολῆς
2558 5000 2736 5053 τοίνυν
2765 4997 2966 5069 διάγων
3000 4995 3058 5047 ἐν
3078 4991 3154 5062 τῷ
3177 4990 3424 5062 σπηλαίῳ
3446 4989 3526 5059 τῷ
3569 4986 3749 5042 Ὀδολ-

2164 5097 2276 5167 λὰμ
2299 5097 2396 5167 τὴν
2421 5093 2700 5167 παροῦσαν
2735 5091 2943 5163 ἔγραφε
2980 5085 3403 5158 στηλογραφίαν.
3446 5081 3752 5151 Παρίστησι

2165 5190 2221 5243 δὲ
2246 5187 2406 5243 τοῦτο
2436 5189 2506 5244 τὰ
2537 5186 2922 5255 ἐπιλεγόμενα,
2959 5181 3028 5235 τά
3054 5196 3114 5233 τε
3157 5178 3292 5233 ἄλλα
3327 5176 3422 5231 καὶ
3447 5175 3513 5228 δι’
3539 5168 3613 5228 ὧν
3642 5188 3749 5241 φη-

2168 5300 2269 5336 σιν’
2312 5278 2767 5346 Ἑξαπέστειλεν
2811 5276 2880 5339 ἐξ
2924 5273 3207 5340 οὐρανοῦ,
3256 5269 3354 5325 καὶ
3404 5265 3603 5340 ξσωσέ
3649 5276 3752 5333 με*

2167 5376 2261 5428 καὶ
2290 5373 2470 5427 πάλιν·
2519 5368 2983 5437 Ἑξαπέστειλεν
3024 5370 3056 5420 ὁ
3098 5364 3242 5430 Θεὸς
3269 5361 3334 5416 τὸ
3359 5360 3530 5425 ἕλεος
3557 5352 3751 5411 αὑτοῦ

2170 5466 2267 5520 καὶ
2295 5464 2410 5534 τὴν
2452 5462 2739 5531 ἀλήθειαν
2772 5458 2980 5525 αὐτοῦ,
3008 5457 3109 5512 καί
3144 5455 3438 5525 ἐρρύσατο
3474 5448 3590 5517 τὴν
3633 5448 3752 5517 urv-

2169 5558 2288 5630 χήν
2339 5557 2553 5627 paveat
2584 5555 2773 5620 μέσου
2819 5554 3125 5622 σκύμνων.
3164 5550 3345 5622 Ὁρᾷς,
3398 5545 3469 5609 ὡς
3516 5542 3642 5604 τοὺς
3690 5539 3751 5630 ἐν

2166 5629 2275 5707 Γὲθ
2325 5647 2655 5720 ἀλλοφύλους
2709 5644 3015 5716 διαφυγὼν,
3088 5642 3183 5698 ἅτε
3243 5638 3308 5709 δὴ
3371 5641 3427 5694 ἐν
3479 5629 3753 5705 ἀσφαλείᾳ
