  <div class='ocr_page' id='page_1' title='image "/cluster/home/n/w/nwhite01/storage/ocr_20150623/23:no.5/coo.31924054873033/268.png"; bbox 0 0 4098 6384; ppageno 0'>
   <div class='ocr_carea' id='block_1_1' title="bbox 424 375 529 433">
    <p class='ocr_par' dir='ltr' id='par_1_1' title="bbox 424 375 529 433">
     <span class='ocr_line' id='line_1_1' title="bbox 424 375 529 433; baseline -0.038 0"><span class='ocrx_word' id='word_1_1' title='bbox 424 375 529 433; x_wconf 80' lang='lat'><strong>505</strong></span> 
     </span>
    </p>
   </div>
   <div class='ocr_carea' id='block_1_2' title="bbox 1542 368 2529 429">
    <p class='ocr_par' dir='ltr' id='par_1_2' title="bbox 1542 368 2529 429">
     <span class='ocr_line' id='line_1_2' title="bbox 1542 368 2529 429; baseline 0.002 -3"><span class='ocrx_word' id='word_1_2' title='bbox 1542 368 2040 426; x_wconf 68' lang='lat' dir='ltr'><strong>COMMENTARIA</strong></span> <span class='ocrx_word' id='word_1_3' title='bbox 2080 369 2147 425; x_wconf 82' lang='lat' dir='ltr'><strong>IN</strong></span> <span class='ocrx_word' id='word_1_4' title='bbox 2187 370 2529 429; x_wconf 77' lang='lat' dir='ltr'><strong>PSALMOS.</strong></span> 
     </span>
    </p>
   </div>
   <div class='ocr_carea' id='block_1_3' title="bbox 3560 380 3672 436">
    <p class='ocr_par' dir='ltr' id='par_1_3' title="bbox 3560 380 3672 436">
     <span class='ocr_line' id='line_1_3' title="bbox 3560 380 3672 436; baseline 0 0"><span class='ocrx_word' id='word_1_5' title='bbox 3560 380 3672 436; x_wconf 81' lang='lat'><strong>506</strong></span> 
     </span>
    </p>
   </div>
   <div class='ocr_carea' id='block_1_4' title="bbox 418 483 1964 561">
    <p class='ocr_par' dir='ltr' id='par_1_4' title="bbox 418 483 1964 557">
     <span class='ocr_line' id='line_1_4' title="bbox 418 483 1964 557; baseline -0.002 -17"><span class='ocrx_word' id='word_1_6' title='bbox 418 483 723 557; x_wconf 83' lang='grc' dir='ltr'>τυγχάνων,</span> <span class='ocrx_word' id='word_1_7' title='bbox 769 486 863 540; x_wconf 71' lang='grc' dir='ltr'><strong>καὶ</strong></span> <span class='ocrx_word' id='word_1_8' title='bbox 886 487 942 540; x_wconf 90' lang='grc' dir='ltr'><strong>ἐν</strong></span> <span class='ocrx_word' id='word_1_9' title='bbox 987 485 1165 539; x_wconf 85' lang='grc' dir='ltr'>ἀνέσει</span> <span class='ocrx_word' id='word_1_10' title='bbox 1198 483 1294 549; x_wconf 84' lang='grc' dir='ltr'><strong>ὣν,</strong></span> <span class='ocrx_word' id='word_1_11' title='bbox 1323 486 1574 549; x_wconf 81' lang='grc' dir='ltr'><strong>τοιαύτας</strong></span> <span class='ocrx_word' id='word_1_12' title='bbox 1604 485 1750 555; x_wconf 73' lang='grc' dir='ltr'>ἠφίει</span> <span class='ocrx_word' id='word_1_13' title='bbox 1781 484 1964 553; x_wconf 82' lang='grc' dir='ltr'>φωνάς</span> 
     </span>
    </p>
   </div>
   <div class='ocr_carea' id='block_1_5' title="bbox 2065 483 3672 561">
    <p class='ocr_par' dir='ltr' id='par_1_5' title="bbox 2089 485 3672 561">
     <span class='ocr_line' id='line_1_5' title="bbox 2089 485 3672 561; baseline 0.008 -22"><span class='ocrx_word' id='word_1_14' title='bbox 2089 493 2221 541; x_wconf 90' lang='lat' dir='ltr'><strong>tunc</strong></span> <span class='ocrx_word' id='word_1_15' title='bbox 2271 485 2655 557; x_wconf 88' lang='lat' dir='ltr'><strong>opportunitas</strong></span> <span class='ocrx_word' id='word_1_16' title='bbox 2701 486 2768 542; x_wconf 90' lang='lat' dir='ltr'><strong>ad</strong></span> <span class='ocrx_word' id='word_1_17' title='bbox 2817 486 3138 559; x_wconf 80' lang='lat' dir='ltr'><strong>psalterium</strong></span> <span class='ocrx_word' id='word_1_18' title='bbox 3200 489 3574 561; x_wconf 86' lang='lat' dir='ltr'><strong>accipiendum</strong></span> <span class='ocrx_word' id='word_1_19' title='bbox 3615 507 3672 551; x_wconf 86' lang='lat' dir='ltr'><strong>et</strong></span> 
     </span>
    </p>
   </div>
   <div class='ocr_carea' id='block_1_6' title="bbox 417 573 1984 651">
    <p class='ocr_par' dir='ltr' id='par_1_6' title="bbox 417 573 1984 651">
     <span class='ocr_line' id='line_1_6' title="bbox 417 573 1984 651; baseline -0.003 -16"><span class='ocrx_word' id='word_1_20' title='bbox 417 580 514 635; x_wconf 74' lang='grc' dir='ltr'><strong>καὶ</strong></span> <span class='ocrx_word' id='word_1_21' title='bbox 539 579 617 633; x_wconf 69' lang='grc' dir='ltr'>ἔτι</span> <span class='ocrx_word' id='word_1_22' title='bbox 650 579 848 651; x_wconf 75' lang='grc' dir='ltr'>μᾶλλον</span> <span class='ocrx_word' id='word_1_23' title='bbox 871 579 966 643; x_wconf 79' lang='grc' dir='ltr'>τὰς</span> <span class='ocrx_word' id='word_1_24' title='bbox 995 579 1120 651; x_wconf 76' lang='grc' dir='ltr'>ἑξῆς</span> <span class='ocrx_word' id='word_1_25' title='bbox 1150 579 1547 651; x_wconf 80' lang='grc' dir='ltr'><strong>ἐπιφερομένας</strong></span> <span class='ocrx_word' id='word_1_26' title='bbox 1573 579 1639 632; x_wconf 82' lang='grc' dir='ltr'>δι’</span> <span class='ocrx_word' id='word_1_27' title='bbox 1660 573 1733 632; x_wconf 78' lang='grc' dir='ltr'><strong>ὧν</strong></span> <span class='ocrx_word' id='word_1_28' title='bbox 1752 579 1984 649; x_wconf 70' lang='grc' dir='ltr'>εἴρηται·</span> 
     </span>
    </p>
   </div>
   <div class='ocr_carea' id='block_1_7' title="bbox 431 665 1985 739">
    <p class='ocr_par' dir='ltr' id='par_1_7' title="bbox 431 665 1985 739">
     <span class='ocr_line' id='line_1_7' title="bbox 431 665 1985 739; baseline 0.001 -18"><span class='ocrx_word' id='word_1_29' title='bbox 431 667 662 738; x_wconf 79' lang='grc' dir='ltr'>ἐτοίμη</span> <span class='ocrx_word' id='word_1_30' title='bbox 683 669 722 737; x_wconf 80' lang='grc' dir='ltr'><em>ἠ</em></span> <span class='ocrx_word' id='word_1_31' title='bbox 745 668 956 737; x_wconf 81' lang='grc' dir='ltr'><strong>καρδία</strong></span> <span class='ocrx_word' id='word_1_32' title='bbox 974 686 1113 739; x_wconf 84' lang='grc' dir='ltr'>μου,</span> <span class='ocrx_word' id='word_1_33' title='bbox 1138 672 1169 722; x_wconf 85' lang='grc' dir='ltr'><em>ὀ</em></span> <span class='ocrx_word' id='word_1_34' title='bbox 1192 669 1357 735; x_wconf 82' lang='grc' dir='ltr'><strong>Θεὸς,</strong></span> <span class='ocrx_word' id='word_1_35' title='bbox 1401 668 1621 737; x_wconf 80' lang='grc' dir='ltr'><strong>ᾄσομαι</strong></span> <span class='ocrx_word' id='word_1_36' title='bbox 1656 669 1753 722; x_wconf 82' lang='grc' dir='ltr'><strong>καί</strong></span> <span class='ocrx_word' id='word_1_37' title='bbox 1789 665 1985 737; x_wconf 69' lang='grc' dir='ltr'>ψαλῶ.</span> 
     </span>
    </p>
   </div>
   <div class='ocr_carea' id='block_1_8' title="bbox 430 757 1990 831">
    <p class='ocr_par' dir='ltr' id='par_1_8' title="bbox 430 757 1990 831">
     <span class='ocr_line' id='line_1_8' title="bbox 430 757 1990 831; baseline -0.001 -20"><span class='ocrx_word' id='word_1_38' title='bbox 430 757 799 830; x_wconf 71' lang='grc' dir='ltr'>Ἐξεγέρθητι</span> <span class='ocrx_word' id='word_1_39' title='bbox 835 760 874 828; x_wconf 79' lang='grc' dir='ltr'><strong>ή</strong></span> <span class='ocrx_word' id='word_1_40' title='bbox 911 759 1059 824; x_wconf 76' lang='grc' dir='ltr'>δόξα</span> <span class='ocrx_word' id='word_1_41' title='bbox 1095 778 1234 831; x_wconf 84' lang='grc' dir='ltr'>μου,</span> <span class='ocrx_word' id='word_1_42' title='bbox 1274 759 1614 830; x_wconf 78' lang='grc' dir='ltr'>ἐξεγέρθητι</span> <span class='ocrx_word' id='word_1_43' title='bbox 1656 757 1990 827; x_wconf 71' lang='grc' dir='ltr'><strong>ψαλτήριον</strong></span> 
     </span>
    </p>
   </div>
   <div class='ocr_carea' id='block_1_9' title="bbox 422 851 1987 923">
    <p class='ocr_par' dir='ltr' id='par_1_9' title="bbox 422 851 1987 923">
     <span class='ocr_line' id='line_1_9' title="bbox 422 851 1987 923; baseline -0.013 0"><span class='ocrx_word' id='word_1_44' title='bbox 422 851 513 906; x_wconf 56' lang='grc' dir='ltr'><strong>καὶ</strong></span> <span class='ocrx_word' id='word_1_45' title='bbox 543 855 775 920; x_wconf 66' lang='grc' dir='ltr'><strong>κιθάραν</strong></span> <span class='ocrx_word' id='word_1_46' title='bbox 818 851 1277 923; x_wconf 78' lang='grc' dir='ltr'>ἐξεγερθήσομαι</span> <span class='ocrx_word' id='word_1_47' title='bbox 1320 854 1554 922; x_wconf 77' lang='grc' dir='ltr'>ὄρθρου.</span> <span class='ocrx_word' id='word_1_48' title='bbox 1596 851 1987 922; x_wconf 75' lang='grc' dir='ltr'>Ἐξομολογή-</span> 
     </span>
    </p>
   </div>
   <div class='ocr_carea' id='block_1_10' title="bbox 421 944 1985 1014">
    <p class='ocr_par' dir='ltr' id='par_1_10' title="bbox 421 944 1985 1014">
     <span class='ocr_line' id='line_1_10' title="bbox 421 944 1985 1014; baseline 0.001 -17"><span class='ocrx_word' id='word_1_49' title='bbox 421 959 597 1014; x_wconf 81' lang='grc' dir='ltr'>σομαι</span> <span class='ocrx_word' id='word_1_50' title='bbox 636 944 707 998; x_wconf 81' lang='grc' dir='ltr'><strong>ἐν</strong></span> <span class='ocrx_word' id='word_1_51' title='bbox 757 944 946 1010; x_wconf 77' lang='grc' dir='ltr'>λαοῖς,</span> <span class='ocrx_word' id='word_1_52' title='bbox 1005 946 1201 1013; x_wconf 85' lang='grc' dir='ltr'>Κύριε,</span> <span class='ocrx_word' id='word_1_53' title='bbox 1250 944 1424 1014; x_wconf 73' lang='grc' dir='ltr'><strong>ψαλῶ</strong></span> <span class='ocrx_word' id='word_1_54' title='bbox 1481 961 1580 999; x_wconf 88' lang='grc' dir='ltr'><strong>σοι</strong></span> <span class='ocrx_word' id='word_1_55' title='bbox 1636 944 1704 997; x_wconf 79' lang='grc' dir='ltr'>ἐν</span> <span class='ocrx_word' id='word_1_56' title='bbox 1764 945 1985 998; x_wconf 74' lang='grc' dir='ltr'>ἔθνεσι.</span> 
     </span>
    </p>
   </div>
   <div class='ocr_carea' id='block_1_11' title="bbox 2088 576 3670 649">
    <p class='ocr_par' dir='ltr' id='par_1_11' title="bbox 2088 576 3670 649">
     <span class='ocr_line' id='line_1_11' title="bbox 2088 576 3670 649; baseline 0.006 -18"><span class='ocrx_word' id='word_1_57' title='bbox 2088 576 2353 631; x_wconf 73' lang='lat' dir='ltr'><strong>citharam</strong></span> <span class='ocrx_word' id='word_1_58' title='bbox 2380 578 2451 636; x_wconf 88' lang='lat' dir='ltr'><strong>ei.</strong></span> <span class='ocrx_word' id='word_1_59' title='bbox 2488 577 2582 646; x_wconf 87' lang='lat' dir='ltr'><strong>qui</strong></span> <span class='ocrx_word' id='word_1_60' title='bbox 2634 578 2689 632; x_wconf 92' lang='lat' dir='ltr'><strong>in</strong></span> <span class='ocrx_word' id='word_1_61' title='bbox 2739 579 3017 649; x_wconf 60' lang='lat' dir='ltr'><strong>spelunca:</strong></span> <span class='ocrx_word' id='word_1_62' title='bbox 3049 581 3243 635; x_wconf 89' lang='lat' dir='ltr'><strong>intimo</strong></span> <span class='ocrx_word' id='word_1_63' title='bbox 3280 582 3527 638; x_wconf 72' lang='lat' dir='ltr'><strong>latebat?</strong></span> <span class='ocrx_word' id='word_1_64' title='bbox 3551 594 3610 639; x_wconf 90' lang='lat' dir='ltr'><strong>ut</strong></span> <span class='ocrx_word' id='word_1_65' title='bbox 3636 601 3670 642; x_wconf 89' lang='lat' dir='ltr'><strong>e</strong></span> 
     </span>
    </p>
   </div>
   <div class='ocr_carea' id='block_1_12' title="bbox 2088 670 3670 747">
    <p class='ocr_par' dir='ltr' id='par_1_12' title="bbox 2088 670 3670 747">
     <span class='ocr_line' id='line_1_12' title="bbox 2088 670 3670 747; baseline 0.006 -25"><span class='ocrx_word' id='word_1_66' title='bbox 2088 670 2369 723; x_wconf 88' lang='lat' dir='ltr'><strong>contrario</strong></span> <span class='ocrx_word' id='word_1_67' title='bbox 2399 670 2549 723; x_wconf 84' lang='lat' dir='ltr'><strong>nulla</strong></span> <span class='ocrx_word' id='word_1_68' title='bbox 2581 670 2723 724; x_wconf 82' lang='lat' dir='ltr'><strong>ratio</strong></span> <span class='ocrx_word' id='word_1_69' title='bbox 2775 670 2986 734; x_wconf 79' lang='lat' dir='ltr'><strong>fuisset,</strong></span> <span class='ocrx_word' id='word_1_70' title='bbox 3035 672 3088 725; x_wconf 92' lang='lat' dir='ltr'><strong>in</strong></span> <span class='ocrx_word' id='word_1_71' title='bbox 3130 673 3243 728; x_wconf 90' lang='lat' dir='ltr'><strong>otio</strong></span> <span class='ocrx_word' id='word_1_72' title='bbox 3270 681 3323 728; x_wconf 89' lang='lat' dir='ltr'><strong>et</strong></span> <span class='ocrx_word' id='word_1_73' title='bbox 3352 676 3670 747; x_wconf 87' lang='lat' dir='ltr'><strong>tranquilli-</strong></span> 
     </span>
    </p>
   </div>
   <div class='ocr_carea' id='block_1_13' title="bbox 2090 759 3672 836">
    <p class='ocr_par' dir='ltr' id='par_1_13' title="bbox 2090 759 3672 836">
     <span class='ocr_line' id='line_1_13' title="bbox 2090 759 3672 836; baseline 0.006 -24"><span class='ocrx_word' id='word_1_74' title='bbox 2090 767 2200 814; x_wconf 86' lang='lat' dir='ltr'><strong>tate</strong></span> <span class='ocrx_word' id='word_1_75' title='bbox 2228 759 2511 830; x_wconf 81' lang='lat' dir='ltr'><strong>degentem</strong></span> <span class='ocrx_word' id='word_1_76' title='bbox 2546 761 2599 814; x_wconf 94' lang='lat' dir='ltr'><strong>in</strong></span> <span class='ocrx_word' id='word_1_77' title='bbox 2644 762 2902 832; x_wconf 89' lang='lat' dir='ltr'><strong>spelunca</strong></span> <span class='ocrx_word' id='word_1_78' title='bbox 2937 760 3207 831; x_wconf 87' lang='lat' dir='ltr'><strong>Odollam,</strong></span> <span class='ocrx_word' id='word_1_79' title='bbox 3236 780 3360 819; x_wconf 89' lang='lat' dir='ltr'><strong>cum</strong></span> <span class='ocrx_word' id='word_1_80' title='bbox 3409 768 3672 836; x_wconf 85' lang='lat' dir='ltr'><strong>quadrin-</strong></span> 
     </span>
    </p>
   </div>
   <div class='ocr_carea' id='block_1_14' title="bbox 2089 852 3672 927">
    <p class='ocr_par' dir='ltr' id='par_1_14' title="bbox 2089 852 3672 927">
     <span class='ocr_line' id='line_1_14' title="bbox 2089 852 3672 927; baseline 0.008 -23"><span class='ocrx_word' id='word_1_81' title='bbox 2089 852 2268 921; x_wconf 77' lang='lat' dir='ltr'><strong>gentis</strong></span> <span class='ocrx_word' id='word_1_82' title='bbox 2298 852 2453 914; x_wconf 84' lang='lat' dir='ltr'><strong>viris,</strong></span> <span class='ocrx_word' id='word_1_83' title='bbox 2485 852 2670 907; x_wconf 85' lang='lat' dir='ltr'><strong>dicere</strong></span> <span class='ocrx_word' id='word_1_84' title='bbox 2704 872 2716 907; x_wconf 92' lang='lat'><strong>:</strong></span> <span class='ocrx_word' id='word_1_85' title='bbox 2750 853 2917 907; x_wconf 79' lang='lat' dir='ltr'><strong>Periit</strong></span> <span class='ocrx_word' id='word_1_86' title='bbox 2940 858 3067 926; x_wconf 80' lang='lat' dir='ltr'><strong>luga</strong></span> <span class='ocrx_word' id='word_1_87' title='bbox 3107 874 3140 911; x_wconf 94' lang='lat' dir='ltr'><strong>a</strong></span> <span class='ocrx_word' id='word_1_88' title='bbox 3168 874 3247 912; x_wconf 87' lang='lat' dir='ltr'><strong>me</strong></span> <span class='ocrx_word' id='word_1_89' title='bbox 3274 858 3360 927; x_wconf 69' lang='lat'><strong>&#39;7;</strong></span> <span class='ocrx_word' id='word_1_90' title='bbox 3393 868 3485 915; x_wconf 89' lang='lat' dir='ltr'><strong>et:</strong></span> <span class='ocrx_word' id='word_1_91' title='bbox 3519 858 3672 917; x_wconf 82' lang='lat' dir='ltr'><strong>Educ</strong></span> 
     </span>
    </p>
   </div>
   <div class='ocr_carea' id='block_1_15' title="bbox 2088 941 2974 999">
    <p class='ocr_par' dir='ltr' id='par_1_15' title="bbox 2088 941 2974 999">
     <span class='ocr_line' id='line_1_15' title="bbox 2088 941 2974 999; baseline 0.006 -5"><span class='ocrx_word' id='word_1_92' title='bbox 2088 941 2154 997; x_wconf 88' lang='lat' dir='ltr'><strong>de</strong></span> <span class='ocrx_word' id='word_1_93' title='bbox 2181 942 2427 996; x_wconf 85' lang='lat' dir='ltr'><strong>custodia</strong></span> <span class='ocrx_word' id='word_1_94' title='bbox 2458 944 2690 997; x_wconf 81' lang='lat' dir='ltr'><strong>animum</strong></span> <span class='ocrx_word' id='word_1_95' title='bbox 2717 960 2883 997; x_wconf 88' lang='lat' dir='ltr'><strong>meam</strong></span> <span class='ocrx_word' id='word_1_96' title='bbox 2908 946 2974 999; x_wconf 74' lang='grc'><strong>’⁸.</strong></span> 
     </span>
    </p>
   </div>
   <div class='ocr_carea' id='block_1_16' title="bbox 419 1033 3670 1109">
    <p class='ocr_par' dir='ltr' id='par_1_16' title="bbox 419 1033 3670 1109">
     <span class='ocr_line' id='line_1_16' title="bbox 419 1033 3670 1109; baseline 0.002 -20"><span class='ocrx_word' id='word_1_97' title='bbox 419 1034 599 1091; x_wconf 69' lang='grc' dir='ltr'>Ταῦτα</span> <span class='ocrx_word' id='word_1_98' title='bbox 636 1036 745 1109; x_wconf 79' lang='grc' dir='ltr'>γὰρ</span> <span class='ocrx_word' id='word_1_99' title='bbox 803 1035 1000 1108; x_wconf 87' lang='grc' dir='ltr'>πολλῆς</span> <span class='ocrx_word' id='word_1_100' title='bbox 1050 1037 1245 1107; x_wconf 85' lang='grc' dir='ltr'><strong>σχολῆς</strong></span> <span class='ocrx_word' id='word_1_101' title='bbox 1296 1036 1573 1108; x_wconf 78' lang='grc' dir='ltr'>ἐμφατικά</span> <span class='ocrx_word' id='word_1_102' title='bbox 1604 1035 1879 1106; x_wconf 78' lang='grc' dir='ltr'><strong>τυγχάνει,</strong></span> <span class='ocrx_word' id='word_1_103' title='bbox 1912 1033 2046 1087; x_wconf 84' lang='grc' dir='ltr'><strong>ἀλλά</strong></span> <span class='ocrx_word' id='word_1_104' title='bbox 2083 1034 2177 1087; x_wconf 85' lang='grc' dir='ltr'>καί</span> <span class='ocrx_word' id='word_1_105' title='bbox 2200 1033 2484 1105; x_wconf 78' lang='grc' dir='ltr'>θυμηδίας.</span> <span class='ocrx_word' id='word_1_106' title='bbox 2514 1035 2678 1103; x_wconf 82' lang='grc' dir='ltr'><strong>Λέγει</strong></span> <span class='ocrx_word' id='word_1_107' title='bbox 2706 1035 2836 1103; x_wconf 84' lang='grc' dir='ltr'>γοῦν</span> <span class='ocrx_word' id='word_1_108' title='bbox 2867 1038 2896 1088; x_wconf 88' lang='lat'><strong>6</strong></span> <span class='ocrx_word' id='word_1_109' title='bbox 2928 1037 3070 1108; x_wconf 85' lang='grc' dir='ltr'>ἱερὸς</span> <span class='ocrx_word' id='word_1_110' title='bbox 3133 1038 3449 1104; x_wconf 74' lang='grc' dir='ltr'><strong>ἀπόστολος·</strong></span> <span class='ocrx_word' id='word_1_111' title='bbox 3481 1044 3670 1096; x_wconf 84' lang='grc' dir='ltr'>Κακο-</span> 
     </span>
    </p>
   </div>
   <div class='ocr_carea' id='block_1_17' title="bbox 414 1121 3676 1204">
    <p class='ocr_par' dir='ltr' id='par_1_17' title="bbox 414 1121 3676 1204">
     <span class='ocr_line' id='line_1_17' title="bbox 414 1121 3676 1204; baseline 0 -20"><span class='ocrx_word' id='word_1_112' title='bbox 414 1130 594 1185; x_wconf 75' lang='grc' dir='ltr'>παθεῖ</span> <span class='ocrx_word' id='word_1_113' title='bbox 616 1148 706 1197; x_wconf 90' lang='grc' dir='ltr'><strong>τις</strong></span> <span class='ocrx_word' id='word_1_114' title='bbox 749 1131 819 1183; x_wconf 80' lang='grc' dir='ltr'><strong>ἐν</strong></span> <span class='ocrx_word' id='word_1_115' title='bbox 868 1131 1046 1200; x_wconf 81' lang='grc' dir='ltr'><strong>ὺμῖν;</strong></span> <span class='ocrx_word' id='word_1_116' title='bbox 1098 1131 1541 1201; x_wconf 61' lang='grc' dir='ltr'>προσευχέσθω</span> <span class='ocrx_word' id='word_1_117' title='bbox 1596 1129 1841 1199; x_wconf 83' lang='grc' dir='ltr'><strong>εὐθυμεῖ</strong></span> <span class='ocrx_word' id='word_1_118' title='bbox 1862 1144 1987 1195; x_wconf 89' lang='grc' dir='ltr'>τις;</span> <span class='ocrx_word' id='word_1_119' title='bbox 2022 1126 2292 1196; x_wconf 80' lang='grc' dir='ltr'>ψαλάτω.</span> <span class='ocrx_word' id='word_1_120' title='bbox 2340 1126 2480 1179; x_wconf 85' lang='grc' dir='ltr'>Ἀλλ’</span> <span class='ocrx_word' id='word_1_121' title='bbox 2510 1126 2629 1179; x_wconf 81' lang='grc' dir='ltr'>οὐδὲ</span> <span class='ocrx_word' id='word_1_122' title='bbox 2658 1121 2769 1190; x_wconf 78' lang='grc' dir='ltr'>οἷός</span> <span class='ocrx_word' id='word_1_123' title='bbox 2807 1144 2867 1180; x_wconf 90' lang='grc' dir='ltr'><strong>τε</strong></span> <span class='ocrx_word' id='word_1_124' title='bbox 2908 1123 2976 1198; x_wconf 84' lang='grc' dir='ltr'><strong>ῆν</strong></span> <span class='ocrx_word' id='word_1_125' title='bbox 2998 1128 3169 1181; x_wconf 77' lang='grc' dir='ltr'>ταῦτα</span> <span class='ocrx_word' id='word_1_126' title='bbox 3200 1129 3377 1199; x_wconf 80' lang='grc' dir='ltr'>λέγειν</span> <span class='ocrx_word' id='word_1_127' title='bbox 3465 1134 3523 1185; x_wconf 89' lang='grc' dir='ltr'>ἐν</span> <span class='ocrx_word' id='word_1_128' title='bbox 3593 1132 3676 1204; x_wconf 80' lang='grc' dir='ltr'>τῷ</span> 
     </span>
    </p>
   </div>
   <div class='ocr_carea' id='block_1_18' title="bbox 415 1217 3667 1296">
    <p class='ocr_par' dir='ltr' id='par_1_18' title="bbox 415 1217 3667 1296">
     <span class='ocr_line' id='line_1_18' title="bbox 415 1217 3667 1296; baseline 0.001 -21"><span class='ocrx_word' id='word_1_129' title='bbox 415 1220 663 1293; x_wconf 79' lang='grc' dir='ltr'><strong>σπηλαίῳ</strong></span> <span class='ocrx_word' id='word_1_130' title='bbox 717 1220 793 1293; x_wconf 79' lang='grc' dir='ltr'>τῷ</span> <span class='ocrx_word' id='word_1_131' title='bbox 838 1222 1075 1291; x_wconf 63' lang='grc' dir='ltr'>Ἐνγαδδί</span> <span class='ocrx_word' id='word_1_132' title='bbox 1135 1222 1484 1293; x_wconf 71' lang='grc' dir='ltr'><strong>συνεχόμενος</strong></span> <span class='ocrx_word' id='word_1_133' title='bbox 1518 1222 1624 1275; x_wconf 82' lang='grc' dir='ltr'><strong>ὑπὸ</strong></span> <span class='ocrx_word' id='word_1_134' title='bbox 1682 1221 1775 1274; x_wconf 76' lang='grc' dir='ltr'><strong>τοῦ</strong></span> <span class='ocrx_word' id='word_1_135' title='bbox 1806 1219 1976 1273; x_wconf 81' lang='grc' dir='ltr'>Σαοὺλ</span> <span class='ocrx_word' id='word_1_136' title='bbox 2013 1218 2119 1290; x_wconf 84' lang='grc' dir='ltr'><strong>πρὸ</strong></span> <span class='ocrx_word' id='word_1_137' title='bbox 2149 1218 2250 1288; x_wconf 87' lang='grc' dir='ltr'><strong>τῆς</strong></span> <span class='ocrx_word' id='word_1_138' title='bbox 2282 1217 2489 1271; x_wconf 84' lang='grc' dir='ltr'>είσόδου</span> <span class='ocrx_word' id='word_1_139' title='bbox 2547 1218 2934 1289; x_wconf 78' lang='grc' dir='ltr'>καθεζομένου.</span> <span class='ocrx_word' id='word_1_140' title='bbox 2977 1220 3113 1273; x_wconf 88' lang='grc' dir='ltr'>Ποία</span> <span class='ocrx_word' id='word_1_141' title='bbox 3142 1220 3251 1292; x_wconf 81' lang='grc' dir='ltr'><strong>γὰρ</strong></span> <span class='ocrx_word' id='word_1_142' title='bbox 3282 1218 3349 1293; x_wconf 77' lang='grc' dir='ltr'>ἦν</span> <span class='ocrx_word' id='word_1_143' title='bbox 3413 1223 3667 1296; x_wconf 84' lang='grc' dir='ltr'><strong>εὐκαιρία</strong></span> 
     </span>
    </p>
   </div>
   <div class='ocr_carea' id='block_1_19' title="bbox 409 1312 3668 1390">
    <p class='ocr_par' dir='ltr' id='par_1_19' title="bbox 409 1312 3668 1390">
     <span class='ocr_line' id='line_1_19' title="bbox 409 1312 3668 1390; baseline 0.001 -19"><span class='ocrx_word' id='word_1_144' title='bbox 409 1318 552 1382; x_wconf 80' lang='grc' dir='ltr'>τότε,</span> <span class='ocrx_word' id='word_1_145' title='bbox 586 1317 662 1382; x_wconf 86' lang='grc' dir='ltr'>ὡς</span> <span class='ocrx_word' id='word_1_146' title='bbox 686 1317 977 1390; x_wconf 78' lang='grc' dir='ltr'>ψαλτήριον</span> <span class='ocrx_word' id='word_1_147' title='bbox 1001 1318 1399 1389; x_wconf 78' lang='grc' dir='ltr'>ἀναλαμϐάνειν</span> <span class='ocrx_word' id='word_1_148' title='bbox 1456 1318 1550 1371; x_wconf 75' lang='grc' dir='ltr'><strong>καὶ</strong></span> <span class='ocrx_word' id='word_1_149' title='bbox 1606 1316 1856 1387; x_wconf 79' lang='grc' dir='ltr'>κιθάραν,</span> <span class='ocrx_word' id='word_1_150' title='bbox 1926 1313 2370 1387; x_wconf 60' lang='grc' dir='ltr'>κρυπαζὸμενον</span> <span class='ocrx_word' id='word_1_151' title='bbox 2417 1312 2683 1366; x_wconf 81' lang='grc' dir='ltr'><strong>ἐνδοτάτω</strong></span> <span class='ocrx_word' id='word_1_152' title='bbox 2728 1313 2823 1366; x_wconf 81' lang='grc' dir='ltr'><strong>τοῦ</strong></span> <span class='ocrx_word' id='word_1_153' title='bbox 2880 1314 3183 1385; x_wconf 84' lang='grc' dir='ltr'>σπηλαίου;</span> <span class='ocrx_word' id='word_1_154' title='bbox 3238 1318 3313 1380; x_wconf 89' lang='grc' dir='ltr'><strong>ὡς</strong></span> <span class='ocrx_word' id='word_1_155' title='bbox 3370 1314 3433 1371; x_wconf 81' lang='grc' dir='ltr'><strong>αὖ</strong></span> <span class='ocrx_word' id='word_1_156' title='bbox 3504 1318 3668 1375; x_wconf 83' lang='grc' dir='ltr'>πάλιν</span> 
     </span>
    </p>
   </div>
   <div class='ocr_carea' id='block_1_20' title="bbox 409 1403 3667 1482">
    <p class='ocr_par' dir='ltr' id='par_1_20' title="bbox 409 1403 3667 1482">
     <span class='ocr_line' id='line_1_20' title="bbox 409 1403 3667 1482; baseline -0.001 -16"><span class='ocrx_word' id='word_1_157' title='bbox 409 1411 509 1468; x_wconf 80' lang='grc' dir='ltr'><strong>οὐκ</strong></span> <span class='ocrx_word' id='word_1_158' title='bbox 536 1407 646 1482; x_wconf 78' lang='grc' dir='ltr'>εἶχε</span> <span class='ocrx_word' id='word_1_159' title='bbox 672 1411 848 1480; x_wconf 82' lang='grc' dir='ltr'>λόγον,</span> <span class='ocrx_word' id='word_1_160' title='bbox 883 1412 940 1464; x_wconf 87' lang='grc' dir='ltr'>ἐν</span> <span class='ocrx_word' id='word_1_161' title='bbox 991 1411 1150 1482; x_wconf 82' lang='grc' dir='ltr'>σχολῇ</span> <span class='ocrx_word' id='word_1_162' title='bbox 1200 1411 1291 1465; x_wconf 58' lang='grc' dir='ltr'><strong>καὶ⁵</strong></span> <span class='ocrx_word' id='word_1_163' title='bbox 1326 1410 1505 1464; x_wconf 81' lang='grc' dir='ltr'><strong>ἀνέσει</strong></span> <span class='ocrx_word' id='word_1_164' title='bbox 1538 1410 1787 1477; x_wconf 73' lang='grc' dir='ltr'>διάγοντα</span> <span class='ocrx_word' id='word_1_165' title='bbox 1856 1407 2013 1461; x_wconf 78' lang='grc' dir='ltr'>αὐτὸν</span> <span class='ocrx_word' id='word_1_166' title='bbox 2049 1408 2107 1460; x_wconf 90' lang='grc' dir='ltr'>ἐν</span> <span class='ocrx_word' id='word_1_167' title='bbox 2138 1405 2216 1477; x_wconf 79' lang='grc' dir='ltr'>τῷ</span> <span class='ocrx_word' id='word_1_168' title='bbox 2249 1404 2495 1475; x_wconf 79' lang='grc' dir='ltr'>σπηλαίῳ</span> <span class='ocrx_word' id='word_1_169' title='bbox 2524 1403 2602 1475; x_wconf 79' lang='grc' dir='ltr'>τῷ</span> <span class='ocrx_word' id='word_1_170' title='bbox 2652 1404 2911 1476; x_wconf 79' lang='grc' dir='ltr'>Ὀδολλὰμ</span> <span class='ocrx_word' id='word_1_171' title='bbox 2960 1407 3096 1476; x_wconf 88' lang='grc' dir='ltr'>μετά</span> <span class='ocrx_word' id='word_1_172' title='bbox 3153 1410 3515 1480; x_wconf 79' lang='grc' dir='ltr'>τετρακοσίων</span> <span class='ocrx_word' id='word_1_173' title='bbox 3574 1412 3667 1464; x_wconf 82' lang='grc' dir='ltr'>ἀν·</span> 
     </span>
    </p>
   </div>
   <div class='ocr_carea' id='block_1_21' title="bbox 409 1502 3668 1578">
    <p class='ocr_par' dir='ltr' id='par_1_21' title="bbox 409 1502 3668 1578">
     <span class='ocr_line' id='line_1_21' title="bbox 409 1502 3668 1578; baseline 0.001 -18"><span class='ocrx_word' id='word_1_174' title='bbox 409 1505 544 1578; x_wconf 81' lang='grc' dir='ltr'>δρῶν</span> <span class='ocrx_word' id='word_1_175' title='bbox 609 1505 719 1560; x_wconf 83' lang='grc' dir='ltr'><strong>τῶν</strong></span> <span class='ocrx_word' id='word_1_176' title='bbox 784 1505 1048 1559; x_wconf 76' lang='grc' dir='ltr'><strong>συνόντων</strong></span> <span class='ocrx_word' id='word_1_177' title='bbox 1103 1505 1272 1578; x_wconf 79' lang='grc' dir='ltr'>αὐτῷ,</span> <span class='ocrx_word' id='word_1_178' title='bbox 1315 1506 1513 1574; x_wconf 85' lang='grc' dir='ltr'>λέγειν·</span> <span class='ocrx_word' id='word_1_179' title='bbox 1561 1504 1845 1560; x_wconf 79' lang='grc' dir='ltr'>Ἀπώλετο</span> <span class='ocrx_word' id='word_1_180' title='bbox 1883 1502 2043 1573; x_wconf 68' lang='grc' dir='ltr'>φυγὴ</span> <span class='ocrx_word' id='word_1_181' title='bbox 2081 1503 2182 1558; x_wconf 79' lang='grc' dir='ltr'><strong>ἀπ’</strong></span> <span class='ocrx_word' id='word_1_182' title='bbox 2226 1502 2395 1571; x_wconf 82' lang='grc' dir='ltr'>ἐμοῦ,</span> <span class='ocrx_word' id='word_1_183' title='bbox 2446 1502 2560 1567; x_wconf 72' lang='grc' dir='ltr'>καὶ,</span> <span class='ocrx_word' id='word_1_184' title='bbox 2608 1502 2894 1573; x_wconf 76' lang='grc' dir='ltr'>Ἑξάγαγε</span> <span class='ocrx_word' id='word_1_185' title='bbox 2938 1504 3008 1557; x_wconf 83' lang='grc' dir='ltr'><strong>ἐκ</strong></span> <span class='ocrx_word' id='word_1_186' title='bbox 3049 1506 3327 1575; x_wconf 66' lang='grc' dir='ltr'>φυλακῆς</span> <span class='ocrx_word' id='word_1_187' title='bbox 3384 1506 3501 1577; x_wconf 78' lang='grc' dir='ltr'><strong>τὴν</strong></span> <span class='ocrx_word' id='word_1_188' title='bbox 3547 1510 3668 1577; x_wconf 68' lang='grc' dir='ltr'><strong>ψυ-</strong></span> 
     </span>
    </p>
   </div>
   <div class='ocr_carea' id='block_1_22' title="bbox 410 1596 688 1666">
    <p class='ocr_par' dir='ltr' id='par_1_22' title="bbox 410 1596 688 1666">
     <span class='ocr_line' id='line_1_22' title="bbox 410 1596 688 1666; baseline 0.022 -19"><span class='ocrx_word' id='word_1_189' title='bbox 410 1596 530 1666; x_wconf 77' lang='grc' dir='ltr'><strong>χήν</strong></span> <span class='ocrx_word' id='word_1_190' title='bbox 552 1615 688 1664; x_wconf 83' lang='grc' dir='ltr'>μου.</span> 
     </span>
    </p>
   </div>
   <div class='ocr_carea' id='block_1_23' title="bbox 478 1708 1964 1788">
    <p class='ocr_par' dir='ltr' id='par_1_23' title="bbox 478 1708 1964 1788">
     <span class='ocr_line' id='line_1_23' title="bbox 478 1708 1964 1788; baseline 0.002 -24"><span class='ocrx_word' id='word_1_191' title='bbox 478 1710 662 1766; x_wconf 82' lang='grc' dir='ltr'>Ταῦτα</span> <span class='ocrx_word' id='word_1_192' title='bbox 714 1714 810 1784; x_wconf 80' lang='grc' dir='ltr'>μὲν</span> <span class='ocrx_word' id='word_1_193' title='bbox 856 1708 948 1769; x_wconf 77' lang='grc' dir='ltr'><strong>οὖν</strong></span> <span class='ocrx_word' id='word_1_194' title='bbox 976 1715 1212 1786; x_wconf 86' lang='grc' dir='ltr'>είρήσθω</span> <span class='ocrx_word' id='word_1_195' title='bbox 1262 1713 1341 1779; x_wconf 76' lang='grc' dir='ltr'><strong>είς</strong></span> <span class='ocrx_word' id='word_1_196' title='bbox 1387 1716 1485 1786; x_wconf 84' lang='grc' dir='ltr'><strong>τὴν</strong></span> <span class='ocrx_word' id='word_1_197' title='bbox 1544 1714 1806 1788; x_wconf 78' lang='grc' dir='ltr'>διαφοράν</span> <span class='ocrx_word' id='word_1_198' title='bbox 1871 1713 1964 1768; x_wconf 64' lang='grc' dir='ltr'><strong>τῶι</strong></span> 
     </span>
    </p>
   </div>
   <div class='ocr_carea' id='block_1_24' title="bbox 2065 1708 3661 1788">
    <p class='ocr_par' dir='ltr' id='par_1_24' title="bbox 2153 1708 3661 1783">
     <span class='ocr_line' id='line_1_24' title="bbox 2153 1708 3661 1783; baseline 0.006 -21"><span class='ocrx_word' id='word_1_199' title='bbox 2153 1708 2280 1765; x_wconf 66' lang='lat' dir='ltr'><strong>Haec</strong></span> <span class='ocrx_word' id='word_1_200' title='bbox 2300 1724 2464 1781; x_wconf 90' lang='lat' dir='ltr'><strong>porro</strong></span> <span class='ocrx_word' id='word_1_201' title='bbox 2485 1708 2630 1764; x_wconf 89' lang='lat' dir='ltr'><strong>dicta</strong></span> <span class='ocrx_word' id='word_1_202' title='bbox 2655 1708 2766 1766; x_wconf 90' lang='lat' dir='ltr'><strong>sint</strong></span> <span class='ocrx_word' id='word_1_203' title='bbox 2793 1709 2861 1765; x_wconf 93' lang='lat' dir='ltr'><strong>de</strong></span> <span class='ocrx_word' id='word_1_204' title='bbox 2883 1709 3204 1766; x_wconf 89' lang='lat' dir='ltr'><strong>discrimine</strong></span> <span class='ocrx_word' id='word_1_205' title='bbox 3228 1721 3661 1783; x_wconf 67' lang='lat' dir='ltr'><strong>proposutorum.</strong></span> 
     </span>
    </p>
   </div>
   <div class='ocr_carea' id='block_1_25' title="bbox 402 1799 1964 1903">
    <p class='ocr_par' dir='ltr' id='par_1_25' title="bbox 402 1805 1964 1881">
     <span class='ocr_line' id='line_1_25' title="bbox 402 1805 1964 1881; baseline 0.003 -25"><span class='ocrx_word' id='word_1_206' title='bbox 402 1805 795 1876; x_wconf 80' lang='grc' dir='ltr'>προκειμένων.</span> <span class='ocrx_word' id='word_1_207' title='bbox 845 1808 1042 1878; x_wconf 85' lang='grc' dir='ltr'>Ἴωμεν</span> <span class='ocrx_word' id='word_1_208' title='bbox 1091 1807 1149 1861; x_wconf 86' lang='grc' dir='ltr'>δὲ</span> <span class='ocrx_word' id='word_1_209' title='bbox 1211 1807 1302 1861; x_wconf 65' lang='grc' dir='ltr'><strong>ἐπὶ⁹</strong></span> <span class='ocrx_word' id='word_1_210' title='bbox 1353 1807 1448 1879; x_wconf 80' lang='grc' dir='ltr'><strong>τὴν</strong></span> <span class='ocrx_word' id='word_1_211' title='bbox 1480 1806 1574 1862; x_wconf 80' lang='grc' dir='ltr'><strong>τοῦ</strong></span> <span class='ocrx_word' id='word_1_212' title='bbox 1608 1807 1743 1879; x_wconf 88' lang='grc' dir='ltr'><strong>μετά</strong></span> <span class='ocrx_word' id='word_1_213' title='bbox 1795 1810 1964 1881; x_wconf 63' lang='grc' dir='ltr'>χεῖρας</span> 
     </span>
    </p>
   </div>
   <div class='ocr_carea' id='block_1_26' title="bbox 2065 1799 3665 1903">
    <p class='ocr_par' dir='ltr' id='par_1_26' title="bbox 2082 1799 3665 1878">
     <span class='ocr_line' id='line_1_26' title="bbox 2082 1799 3665 1878; baseline 0.006 -22"><span class='ocrx_word' id='word_1_214' title='bbox 2082 1799 2200 1856; x_wconf 81' lang='lat' dir='ltr'><strong>Jam</strong></span> <span class='ocrx_word' id='word_1_215' title='bbox 2225 1801 2574 1872; x_wconf 65' lang='lat' dir='ltr'><strong>prmseutium</strong></span> <span class='ocrx_word' id='word_1_216' title='bbox 2599 1818 2794 1856; x_wconf 78' lang='lat' dir='ltr'><strong>vocum</strong></span> <span class='ocrx_word' id='word_1_217' title='bbox 2817 1803 3233 1872; x_wconf 81' lang='lat' dir='ltr'><strong>explicationem</strong></span> <span class='ocrx_word' id='word_1_218' title='bbox 3257 1808 3665 1878; x_wconf 76' lang='lat' dir='ltr'><strong>aggrediamur.</strong></span> 
     </span>
    </p>
   </div>
   <div class='ocr_carea' id='block_1_27' title="bbox 402 1892 1964 1968">
    <p class='ocr_par' dir='ltr' id='par_1_27' title="bbox 402 1892 1964 1968">
     <span class='ocr_line' id='line_1_27' title="bbox 402 1892 1964 1968; baseline 0.002 -20"><span class='ocrx_word' id='word_1_219' title='bbox 402 1895 678 1968; x_wconf 69' lang='grc' dir='ltr'>ἐξήγησιν.</span> <span class='ocrx_word' id='word_1_220' title='bbox 714 1900 819 1963; x_wconf 83' lang='grc' dir='ltr'>Είς</span> <span class='ocrx_word' id='word_1_221' title='bbox 849 1896 917 1951; x_wconf 86' lang='grc' dir='ltr'>τὸ</span> <span class='ocrx_word' id='word_1_222' title='bbox 951 1897 1145 1963; x_wconf 84' lang='grc' dir='ltr'>τέλος,</span> <span class='ocrx_word' id='word_1_223' title='bbox 1167 1897 1254 1968; x_wconf 82' lang='grc' dir='ltr'>μὴ</span> <span class='ocrx_word' id='word_1_224' title='bbox 1286 1898 1652 1967; x_wconf 70' lang='grc' dir='ltr'>διαφθείρῃς,</span> <span class='ocrx_word' id='word_1_225' title='bbox 1683 1892 1763 1967; x_wconf 78' lang='grc' dir='ltr'>τῷ</span> <span class='ocrx_word' id='word_1_226' title='bbox 1791 1898 1964 1952; x_wconf 82' lang='grc' dir='ltr'>Δαυῒδ</span> 
     </span>
    </p>
   </div>
   <div class='ocr_carea' id='block_1_28' title="bbox 2065 1892 3662 1968">
    <p class='ocr_par' dir='ltr' id='par_1_28' title="bbox 2082 1892 3662 1968">
     <span class='ocr_line' id='line_1_28' title="bbox 2082 1892 3662 1968; baseline 0.004 -20"><span class='ocrx_word' id='word_1_227' title='bbox 2082 1893 2151 1953; x_wconf 68' lang='lat' dir='ltr'><strong>In</strong></span> <span class='ocrx_word' id='word_1_228' title='bbox 2179 1895 2360 1963; x_wconf 81' lang='lat' dir='ltr'><strong>finem,</strong></span> <span class='ocrx_word' id='word_1_229' title='bbox 2412 1910 2475 1947; x_wconf 90' lang='lat' dir='ltr'><strong>ne</strong></span> <span class='ocrx_word' id='word_1_230' title='bbox 2507 1892 2802 1962; x_wconf 79' lang='lat' dir='ltr'><strong>disperdas,</strong></span> <span class='ocrx_word' id='word_1_231' title='bbox 2834 1893 3026 1948; x_wconf 84' lang='lat' dir='ltr'><strong>Davidi</strong></span> <span class='ocrx_word' id='word_1_232' title='bbox 3073 1897 3127 1950; x_wconf 86' lang='lat' dir='ltr'><strong>in</strong></span> <span class='ocrx_word' id='word_1_233' title='bbox 3168 1898 3310 1950; x_wconf 83' lang='lat' dir='ltr'><strong>tituli</strong></span> <span class='ocrx_word' id='word_1_234' title='bbox 3359 1900 3662 1968; x_wconf 83' lang='lat' dir='ltr'><strong>inscriptio-</strong></span> 
     </span>
    </p>
   </div>
   <div class='ocr_carea' id='block_1_29' title="bbox 399 1991 1976 2063">
    <p class='ocr_par' dir='ltr' id='par_1_29' title="bbox 399 1991 1976 2063">
     <span class='ocr_line' id='line_1_29' title="bbox 399 1991 1976 2063; baseline 0.001 -22"><span class='ocrx_word' id='word_1_235' title='bbox 399 1991 488 2054; x_wconf 79' lang='grc' dir='ltr'>εις</span> <span class='ocrx_word' id='word_1_236' title='bbox 542 1992 1010 2061; x_wconf 71' lang='grc' dir='ltr'>στηλοῃοαφίαν,</span> <span class='ocrx_word' id='word_1_237' title='bbox 1064 1992 1158 2045; x_wconf 77' lang='grc' dir='ltr'><strong>καὶ</strong></span> <span class='ocrx_word' id='word_1_238' title='bbox 1209 1992 1275 2048; x_wconf 68' lang='grc' dir='ltr'>τὰ</span> <span class='ocrx_word' id='word_1_239' title='bbox 1341 1992 1484 2063; x_wconf 78' lang='grc' dir='ltr'>ἑξῆς.</span> <span class='ocrx_word' id='word_1_240' title='bbox 1543 1991 1777 2045; x_wconf 83' lang='grc' dir='ltr'>Ἠλαυνε</span> <span class='ocrx_word' id='word_1_241' title='bbox 1826 1992 1922 2062; x_wconf 82' lang='grc' dir='ltr'>μὲν</span> <span class='ocrx_word' id='word_1_242' title='bbox 1947 1992 1976 2043; x_wconf 91' lang='lat'><strong>6</strong></span> 
     </span>
    </p>
   </div>
   <div class='ocr_carea' id='block_1_30' title="bbox 400 2080 1976 2155">
    <p class='ocr_par' dir='ltr' id='par_1_30' title="bbox 400 2080 1976 2155">
     <span class='ocr_line' id='line_1_30' title="bbox 400 2080 1976 2155; baseline 0.002 -21"><span class='ocrx_word' id='word_1_243' title='bbox 400 2080 574 2135; x_wconf 83' lang='grc' dir='ltr'>Σαοὺλ</span> <span class='ocrx_word' id='word_1_244' title='bbox 605 2082 696 2135; x_wconf 80' lang='grc' dir='ltr'>τὸν</span> <span class='ocrx_word' id='word_1_245' title='bbox 730 2083 907 2136; x_wconf 70' lang='grc' dir='ltr'>Δαυΐᾶ</span> <span class='ocrx_word' id='word_1_246' title='bbox 931 2085 959 2136; x_wconf 97' lang='lat'><strong>6</strong></span> <span class='ocrx_word' id='word_1_247' title='bbox 979 2083 1025 2136; x_wconf 76' lang='grc' dir='ltr'>δ’</span> <span class='ocrx_word' id='word_1_248' title='bbox 1059 2083 1240 2155; x_wconf 73' lang='grc' dir='ltr'>ἔργοις</span> <span class='ocrx_word' id='word_1_249' title='bbox 1265 2083 1527 2138; x_wconf 77' lang='grc' dir='ltr'><strong>ἐπιτελῶν</strong></span> <span class='ocrx_word' id='word_1_250' title='bbox 1560 2083 1641 2148; x_wconf 83' lang='grc' dir='ltr'><strong>τὸ,</strong></span> <span class='ocrx_word' id='word_1_251' title='bbox 1677 2084 1816 2139; x_wconf 81' lang='grc' dir='ltr'><strong>Ἐὰν</strong></span> <span class='ocrx_word' id='word_1_252' title='bbox 1844 2083 1976 2137; x_wconf 87' lang='grc' dir='ltr'>διώ-</span> 
     </span>
    </p>
   </div>
   <div class='ocr_carea' id='block_1_31' title="bbox 397 2172 1978 2246">
    <p class='ocr_par' dir='ltr' id='par_1_31' title="bbox 397 2172 1978 2246">
     <span class='ocr_line' id='line_1_31' title="bbox 397 2172 1978 2246; baseline 0.003 -20"><span class='ocrx_word' id='word_1_253' title='bbox 397 2187 588 2227; x_wconf 82' lang='grc' dir='ltr'>κωσιν</span> <span class='ocrx_word' id='word_1_254' title='bbox 612 2172 767 2242; x_wconf 83' lang='grc' dir='ltr'>ὑμᾶς</span> <span class='ocrx_word' id='word_1_255' title='bbox 793 2174 863 2228; x_wconf 79' lang='grc' dir='ltr'>ἐκ</span> <span class='ocrx_word' id='word_1_256' title='bbox 914 2174 1028 2243; x_wconf 85' lang='grc' dir='ltr'><strong>τῆς</strong></span> <span class='ocrx_word' id='word_1_257' title='bbox 1056 2177 1287 2241; x_wconf 82' lang='grc' dir='ltr'>πόλεως</span> <span class='ocrx_word' id='word_1_258' title='bbox 1334 2176 1572 2244; x_wconf 81' lang='grc' dir='ltr'>ταύτης,</span> <span class='ocrx_word' id='word_1_259' title='bbox 1600 2177 1848 2246; x_wconf 70' lang='grc' dir='ltr'>φεύγετε</span> <span class='ocrx_word' id='word_1_260' title='bbox 1889 2179 1978 2242; x_wconf 88' lang='grc' dir='ltr'><strong>είς</strong></span> 
     </span>
    </p>
   </div>
   <div class='ocr_carea' id='block_1_32' title="bbox 396 2262 1977 2340">
    <p class='ocr_par' dir='ltr' id='par_1_32' title="bbox 396 2262 1977 2340">
     <span class='ocr_line' id='line_1_32' title="bbox 396 2262 1977 2340; baseline 0.003 -23"><span class='ocrx_word' id='word_1_261' title='bbox 396 2262 513 2332; x_wconf 80' lang='grc' dir='ltr'><strong>τὴν</strong></span> <span class='ocrx_word' id='word_1_262' title='bbox 536 2264 763 2334; x_wconf 80' lang='grc' dir='ltr'>ἑτέραν,</span> <span class='ocrx_word' id='word_1_263' title='bbox 790 2266 1204 2338; x_wconf 83' lang='grc' dir='ltr'>ἀπεδίδρασκεν,</span> <span class='ocrx_word' id='word_1_264' title='bbox 1238 2267 1313 2331; x_wconf 83' lang='grc' dir='ltr'>ὡς</span> <span class='ocrx_word' id='word_1_265' title='bbox 1355 2267 1421 2321; x_wconf 85' lang='grc' dir='ltr'>ἂν</span> <span class='ocrx_word' id='word_1_266' title='bbox 1462 2269 1536 2340; x_wconf 83' lang='grc' dir='ltr'>μὴ</span> <span class='ocrx_word' id='word_1_267' title='bbox 1578 2267 1768 2340; x_wconf 88' lang='grc' dir='ltr'>παρὼν</span> <span class='ocrx_word' id='word_1_268' title='bbox 1795 2267 1977 2338; x_wconf 84' lang='grc' dir='ltr'>ἐρεθί-</span> 
     </span>
    </p>
   </div>
   <div class='ocr_carea' id='block_1_33' title="bbox 396 2354 1973 2430">
    <p class='ocr_par' dir='ltr' id='par_1_33' title="bbox 396 2354 1973 2430">
     <span class='ocr_line' id='line_1_33' title="bbox 396 2354 1973 2430; baseline 0.002 -20"><span class='ocrx_word' id='word_1_269' title='bbox 396 2354 479 2420; x_wconf 81' lang='grc' dir='ltr'>ζοι</span> <span class='ocrx_word' id='word_1_270' title='bbox 502 2356 594 2411; x_wconf 80' lang='grc' dir='ltr'>τὸν</span> <span class='ocrx_word' id='word_1_271' title='bbox 626 2357 837 2430; x_wconf 81' lang='grc' dir='ltr'>ἐχθρὸν,</span> <span class='ocrx_word' id='word_1_272' title='bbox 872 2359 1043 2423; x_wconf 85' lang='grc' dir='ltr'>αίτιός</span> <span class='ocrx_word' id='word_1_273' title='bbox 1072 2375 1132 2411; x_wconf 87' lang='grc' dir='ltr'><strong>τε</strong></span> <span class='ocrx_word' id='word_1_274' title='bbox 1178 2358 1325 2430; x_wconf 85' lang='grc' dir='ltr'>αὑτῷ</span> <span class='ocrx_word' id='word_1_275' title='bbox 1355 2359 1597 2429; x_wconf 87' lang='grc' dir='ltr'>γίγνοιτο</span> <span class='ocrx_word' id='word_1_276' title='bbox 1646 2359 1973 2429; x_wconf 79' lang='grc' dir='ltr'>μιαιφονίας.</span> 
     </span>
    </p>
   </div>
   <div class='ocr_carea' id='block_1_34' title="bbox 396 2448 1976 2522">
    <p class='ocr_par' dir='ltr' id='par_1_34' title="bbox 396 2448 1976 2522">
     <span class='ocr_line' id='line_1_34' title="bbox 396 2448 1976 2522; baseline 0.003 -22"><span class='ocrx_word' id='word_1_277' title='bbox 396 2448 470 2501; x_wconf 83' lang='grc' dir='ltr'><strong>Τὸ</strong></span> <span class='ocrx_word' id='word_1_278' title='bbox 498 2448 629 2521; x_wconf 89' lang='grc' dir='ltr'><strong>γάρ,</strong></span> <span class='ocrx_word' id='word_1_279' title='bbox 657 2450 754 2519; x_wconf 74' lang='grc' dir='ltr'><strong>Μὴ</strong></span> <span class='ocrx_word' id='word_1_280' title='bbox 780 2451 983 2505; x_wconf 62' lang='lat' dir='ltr'><strong>exarata</strong></span> <span class='ocrx_word' id='word_1_281' title='bbox 1010 2450 1313 2520; x_wconf 77' lang='grc' dir='ltr'>ἄνθρακας</span> <span class='ocrx_word' id='word_1_282' title='bbox 1362 2452 1736 2522; x_wconf 82' lang='grc' dir='ltr'>ἀμαρτωλοῦ,</span> <span class='ocrx_word' id='word_1_283' title='bbox 1760 2451 1976 2506; x_wconf 86' lang='grc' dir='ltr'>πάντων</span> 
     </span>
    </p>
   </div>
   <div class='ocr_carea' id='block_1_35' title="bbox 397 2540 1972 2618">
    <p class='ocr_par' dir='ltr' id='par_1_35' title="bbox 397 2540 1972 2618">
     <span class='ocr_line' id='line_1_35' title="bbox 397 2540 1972 2618; baseline 0.001 -23"><span class='ocrx_word' id='word_1_284' title='bbox 397 2540 597 2612; x_wconf 74' lang='grc' dir='ltr'>μᾶλλον</span> <span class='ocrx_word' id='word_1_285' title='bbox 626 2541 787 2596; x_wconf 73' lang='grc' dir='ltr'><strong>Δαυῖδ</strong></span> <span class='ocrx_word' id='word_1_286' title='bbox 810 2543 1095 2612; x_wconf 62' lang='grc' dir='ltr'>ῆπίστατσ</span> <span class='ocrx_word' id='word_1_287' title='bbox 1122 2543 1212 2596; x_wconf 82' lang='grc' dir='ltr'>διὸ·</span> <span class='ocrx_word' id='word_1_288' title='bbox 1228 2542 1502 2616; x_wconf 83' lang='grc' dir='ltr'>ὑπεχώρει</span> <span class='ocrx_word' id='word_1_289' title='bbox 1527 2545 1621 2597; x_wconf 61' lang='grc' dir='ltr'><strong>καὶ⁵</strong></span> <span class='ocrx_word' id='word_1_290' title='bbox 1643 2543 1972 2618; x_wconf 84' lang='grc' dir='ltr'>παρεχώρει,</span> 
     </span>
    </p>
   </div>
   <div class='ocr_carea' id='block_1_36' title="bbox 394 2633 1976 2705">
    <p class='ocr_par' dir='ltr' id='par_1_36' title="bbox 394 2633 1976 2705">
     <span class='ocr_line' id='line_1_36' title="bbox 394 2633 1976 2705; baseline 0.003 -18"><span class='ocrx_word' id='word_1_291' title='bbox 394 2635 600 2705; x_wconf 85' lang='grc' dir='ltr'>καίπερ</span> <span class='ocrx_word' id='word_1_292' title='bbox 623 2633 987 2705; x_wconf 80' lang='grc' dir='ltr'>ἀγαπώμενος</span> <span class='ocrx_word' id='word_1_293' title='bbox 1005 2636 1110 2688; x_wconf 85' lang='grc' dir='ltr'>ὑπὸ</span> <span class='ocrx_word' id='word_1_294' title='bbox 1124 2636 1323 2699; x_wconf 82' lang='grc' dir='ltr'>παντὸς</span> <span class='ocrx_word' id='word_1_295' title='bbox 1344 2634 1438 2689; x_wconf 79' lang='grc' dir='ltr'><strong>τοῦ</strong></span> <span class='ocrx_word' id='word_1_296' title='bbox 1463 2637 1670 2702; x_wconf 74' lang='grc' dir='ltr'>ἔθνους,</span> <span class='ocrx_word' id='word_1_297' title='bbox 1690 2637 1976 2701; x_wconf 85' lang='grc' dir='ltr'>πλείστους</span> 
     </span>
    </p>
   </div>
   <div class='ocr_carea' id='block_1_37' title="bbox 389 2725 1976 2796">
    <p class='ocr_par' dir='ltr' id='par_1_37' title="bbox 389 2725 1976 2796">
     <span class='ocr_line' id='line_1_37' title="bbox 389 2725 1976 2796; baseline 0 -16"><span class='ocrx_word' id='word_1_298' title='bbox 389 2740 451 2780; x_wconf 79' lang='grc' dir='ltr'><strong>τε</strong></span> <span class='ocrx_word' id='word_1_299' title='bbox 484 2725 623 2796; x_wconf 69' lang='grc' dir='ltr'>ἔχων</span> <span class='ocrx_word' id='word_1_300' title='bbox 646 2727 773 2789; x_wconf 82' lang='grc' dir='ltr'>τοὺς</span> <span class='ocrx_word' id='word_1_301' title='bbox 807 2726 1227 2795; x_wconf 84' lang='grc' dir='ltr'>συμπάσχοντας</span> <span class='ocrx_word' id='word_1_302' title='bbox 1252 2727 1346 2779; x_wconf 76' lang='grc' dir='ltr'><strong>καὶ</strong></span> <span class='ocrx_word' id='word_1_303' title='bbox 1373 2727 1790 2796; x_wconf 78' lang='grc' dir='ltr'>συναλγοῦντας,</span> <span class='ocrx_word' id='word_1_304' title='bbox 1816 2728 1976 2781; x_wconf 88' lang='grc' dir='ltr'>δυνα-</span> 
     </span>
    </p>
   </div>
   <div class='ocr_carea' id='block_1_38' title="bbox 395 2816 1974 2888">
    <p class='ocr_par' dir='ltr' id='par_1_38' title="bbox 395 2816 1974 2888">
     <span class='ocr_line' id='line_1_38' title="bbox 395 2816 1974 2888; baseline 0.003 -19"><span class='ocrx_word' id='word_1_305' title='bbox 395 2818 589 2887; x_wconf 80' lang='grc' dir='ltr'>μένους</span> <span class='ocrx_word' id='word_1_306' title='bbox 616 2833 677 2869; x_wconf 83' lang='grc' dir='ltr'><strong>τε</strong></span> <span class='ocrx_word' id='word_1_307' title='bbox 709 2816 871 2869; x_wconf 82' lang='grc' dir='ltr'>αὐτὸν</span> <span class='ocrx_word' id='word_1_308' title='bbox 895 2817 1034 2869; x_wconf 87' lang='grc' dir='ltr'>οίκοι</span> <span class='ocrx_word' id='word_1_309' title='bbox 1067 2819 1198 2888; x_wconf 75' lang='grc' dir='ltr'>παρ’</span> <span class='ocrx_word' id='word_1_310' title='bbox 1232 2819 1444 2880; x_wconf 74' lang='grc' dir='ltr'>ἑαυτοῖς</span> <span class='ocrx_word' id='word_1_311' title='bbox 1467 2818 1820 2888; x_wconf 82' lang='grc' dir='ltr'>ὑποδέχεσθαι</span> <span class='ocrx_word' id='word_1_312' title='bbox 1880 2821 1974 2873; x_wconf 76' lang='grc' dir='ltr'>καὶ</span> 
     </span>
    </p>
   </div>
   <div class='ocr_carea' id='block_1_39' title="bbox 390 2909 1973 2983">
    <p class='ocr_par' dir='ltr' id='par_1_39' title="bbox 390 2909 1973 2983">
     <span class='ocr_line' id='line_1_39' title="bbox 390 2909 1973 2983; baseline 0.003 -20"><span class='ocrx_word' id='word_1_313' title='bbox 390 2910 673 2981; x_wconf 75' lang='grc' dir='ltr'>κρύπτειν.</span> <span class='ocrx_word' id='word_1_314' title='bbox 721 2909 879 2964; x_wconf 79' lang='grc' dir='ltr'><strong>Ἀλλά</strong></span> <span class='ocrx_word' id='word_1_315' title='bbox 908 2910 994 2964; x_wconf 85' lang='grc' dir='ltr'>ἵνα</span> <span class='ocrx_word' id='word_1_316' title='bbox 1042 2910 1115 2982; x_wconf 80' lang='grc' dir='ltr'><strong>μὴ</strong></span> <span class='ocrx_word' id='word_1_317' title='bbox 1159 2912 1254 2964; x_wconf 70' lang='grc' dir='ltr'>καὶ</span> <span class='ocrx_word' id='word_1_318' title='bbox 1282 2911 1489 2983; x_wconf 78' lang='grc' dir='ltr'>ἑτέροις</span> <span class='ocrx_word' id='word_1_319' title='bbox 1513 2911 1684 2977; x_wconf 74' lang='grc' dir='ltr'>αἴτιος</span> <span class='ocrx_word' id='word_1_320' title='bbox 1734 2914 1973 2982; x_wconf 83' lang='grc' dir='ltr'>γίγνοιτο</span> 
     </span>
    </p>
   </div>
   <div class='ocr_carea' id='block_1_40' title="bbox 391 3002 1970 3076">
    <p class='ocr_par' dir='ltr' id='par_1_40' title="bbox 391 3002 1970 3076">
     <span class='ocr_line' id='line_1_40' title="bbox 391 3002 1970 3076; baseline 0.003 -21"><span class='ocrx_word' id='word_1_321' title='bbox 391 3002 670 3067; x_wconf 80' lang='grc' dir='ltr'>κινδύνων,</span> <span class='ocrx_word' id='word_1_322' title='bbox 706 3002 903 3072; x_wconf 78' lang='grc' dir='ltr'>ἔφυγεν</span> <span class='ocrx_word' id='word_1_323' title='bbox 925 3004 1018 3056; x_wconf 72' lang='grc' dir='ltr'><strong>ἐπὶ</strong></span> <span class='ocrx_word' id='word_1_324' title='bbox 1060 3003 1158 3067; x_wconf 85' lang='grc' dir='ltr'><strong>τὰς</strong></span> <span class='ocrx_word' id='word_1_325' title='bbox 1199 3003 1443 3074; x_wconf 77' lang='grc' dir='ltr'>ἐρήμους</span> <span class='ocrx_word' id='word_1_326' title='bbox 1498 3003 1702 3076; x_wconf 82' lang='grc' dir='ltr'>χώρας,</span> <span class='ocrx_word' id='word_1_327' title='bbox 1739 3006 1832 3060; x_wconf 60' lang='grc' dir='ltr'><strong>καί¹</strong></span> <span class='ocrx_word' id='word_1_328' title='bbox 1870 3007 1970 3070; x_wconf 77' lang='grc' dir='ltr'>τὰς</span> 
     </span>
    </p>
   </div>
   <div class='ocr_carea' id='block_1_41' title="bbox 391 3092 1967 3167">
    <p class='ocr_par' dir='ltr' id='par_1_41' title="bbox 391 3092 1967 3167">
     <span class='ocr_line' id='line_1_41' title="bbox 391 3092 1967 3167; baseline 0.005 -22"><span class='ocrx_word' id='word_1_329' title='bbox 391 3094 450 3146; x_wconf 87' lang='grc' dir='ltr'><strong>ἐν</strong></span> <span class='ocrx_word' id='word_1_330' title='bbox 475 3096 587 3156; x_wconf 82' lang='grc' dir='ltr'>τοῖς</span> <span class='ocrx_word' id='word_1_331' title='bbox 612 3094 894 3165; x_wconf 85' lang='grc' dir='ltr'>σπηλαίοις</span> <span class='ocrx_word' id='word_1_332' title='bbox 916 3092 1191 3164; x_wconf 75' lang='grc' dir='ltr'>ἠσπάζετο</span> <span class='ocrx_word' id='word_1_333' title='bbox 1215 3094 1511 3166; x_wconf 77' lang='grc' dir='ltr'>διατριϐάς.</span> <span class='ocrx_word' id='word_1_334' title='bbox 1544 3096 1653 3149; x_wconf 83' lang='grc' dir='ltr'>Καί</span> <span class='ocrx_word' id='word_1_335' title='bbox 1688 3114 1777 3167; x_wconf 91' lang='grc' dir='ltr'><strong>μοι</strong></span> <span class='ocrx_word' id='word_1_336' title='bbox 1820 3099 1967 3153; x_wconf 74' lang='grc' dir='ltr'>δοκεῖ</span> 
     </span>
    </p>
   </div>
   <div class='ocr_carea' id='block_1_42' title="bbox 388 3183 2032 3261">
    <p class='ocr_par' dir='ltr' id='par_1_42' title="bbox 388 3183 2032 3261">
     <span class='ocr_line' id='line_1_42' title="bbox 388 3183 2032 3261; baseline 0.004 -24"><span class='ocrx_word' id='word_1_337' title='bbox 388 3184 483 3238; x_wconf 69' lang='grc' dir='ltr'><strong>καὶ</strong></span> <span class='ocrx_word' id='word_1_338' title='bbox 512 3183 674 3237; x_wconf 78' lang='grc' dir='ltr'>αὐτοῦ</span> <span class='ocrx_word' id='word_1_339' title='bbox 724 3183 823 3254; x_wconf 80' lang='grc' dir='ltr'><strong>τὴν</strong></span> <span class='ocrx_word' id='word_1_340' title='bbox 876 3186 1096 3255; x_wconf 79' lang='grc' dir='ltr'>μνήμην</span> <span class='ocrx_word' id='word_1_341' title='bbox 1149 3184 1479 3239; x_wconf 86' lang='grc' dir='ltr'>αἰνίττεσθαι</span> <span class='ocrx_word' id='word_1_342' title='bbox 1532 3186 1706 3255; x_wconf 60' lang='grc' dir='ltr'>λέγων</span> <span class='ocrx_word' id='word_1_343' title='bbox 1759 3189 1788 3241; x_wconf 92' lang='lat'><strong>6</strong></span> <span class='ocrx_word' id='word_1_344' title='bbox 1822 3190 1964 3261; x_wconf 85' lang='grc' dir='ltr'>ίερὸς</span> <span class='ocrx_word' id='word_1_345' title='bbox 1991 3202 2032 3260; x_wconf 83' lang='lat' dir='ltr'>c</span> 
     </span>
    </p>
   </div>
   <div class='ocr_carea' id='block_1_43' title="bbox 401 3273 1966 3348">
    <p class='ocr_par' dir='ltr' id='par_1_43' title="bbox 401 3273 1966 3348">
     <span class='ocr_line' id='line_1_43' title="bbox 401 3273 1966 3348; baseline 0.004 -22"><span class='ocrx_word' id='word_1_346' title='bbox 401 3273 741 3339; x_wconf 65' lang='grc' dir='ltr'>’Δπόστολος</span> <span class='ocrx_word' id='word_1_347' title='bbox 783 3277 885 3329; x_wconf 84' lang='grc' dir='ltr'>Ἑν</span> <span class='ocrx_word' id='word_1_348' title='bbox 926 3276 1195 3346; x_wconf 80' lang='grc' dir='ltr'>ἐρημίαις</span> <span class='ocrx_word' id='word_1_349' title='bbox 1225 3274 1605 3347; x_wconf 82' lang='grc' dir='ltr'>πλανώμενοι</span> <span class='ocrx_word' id='word_1_350' title='bbox 1654 3278 1752 3332; x_wconf 75' lang='grc' dir='ltr'>καὶ</span> <span class='ocrx_word' id='word_1_351' title='bbox 1800 3279 1966 3348; x_wconf 80' lang='grc' dir='ltr'>ὄρεσι</span> 
     </span>
    </p>
   </div>
   <div class='ocr_carea' id='block_1_44' title="bbox 386 3366 1963 3442">
    <p class='ocr_par' dir='ltr' id='par_1_44' title="bbox 386 3366 1963 3442">
     <span class='ocr_line' id='line_1_44' title="bbox 386 3366 1963 3442; baseline 0.003 -21"><span class='ocrx_word' id='word_1_352' title='bbox 386 3368 485 3421; x_wconf 75' lang='grc' dir='ltr'>καὶ</span> <span class='ocrx_word' id='word_1_353' title='bbox 508 3369 832 3435; x_wconf 76' lang='grc' dir='ltr'>σπηλαίοις</span> <span class='ocrx_word' id='word_1_354' title='bbox 868 3368 968 3422; x_wconf 75' lang='grc' dir='ltr'>καὶ</span> <span class='ocrx_word' id='word_1_355' title='bbox 1009 3368 1139 3435; x_wconf 84' lang='grc' dir='ltr'>ταῖς</span> <span class='ocrx_word' id='word_1_356' title='bbox 1160 3368 1335 3434; x_wconf 82' lang='grc' dir='ltr'>ὀπαῖς</span> <span class='ocrx_word' id='word_1_357' title='bbox 1360 3366 1468 3435; x_wconf 85' lang='grc' dir='ltr'><strong>τῆς</strong></span> <span class='ocrx_word' id='word_1_358' title='bbox 1498 3368 1632 3438; x_wconf 76' lang='grc' dir='ltr'>γῆς.</span> <span class='ocrx_word' id='word_1_359' title='bbox 1676 3369 1883 3442; x_wconf 81' lang='grc' dir='ltr'>Ὠσπερ</span> <span class='ocrx_word' id='word_1_360' title='bbox 1907 3372 1963 3425; x_wconf 87' lang='grc' dir='ltr'><strong>δέ</strong></span> 
     </span>
    </p>
   </div>
   <div class='ocr_carea' id='block_1_45' title="bbox 382 3457 1965 3532">
    <p class='ocr_par' dir='ltr' id='par_1_45' title="bbox 382 3457 1965 3532">
     <span class='ocr_line' id='line_1_45' title="bbox 382 3457 1965 3532; baseline 0.002 -19"><span class='ocrx_word' id='word_1_361' title='bbox 382 3460 414 3513; x_wconf 85' lang='lat'><strong>6</strong></span> <span class='ocrx_word' id='word_1_362' title='bbox 436 3459 873 3531; x_wconf 80' lang='grc' dir='ltr'>προτεταγμένος</span> <span class='ocrx_word' id='word_1_363' title='bbox 897 3458 992 3512; x_wconf 82' lang='grc' dir='ltr'><strong>τοῦ</strong></span> <span class='ocrx_word' id='word_1_364' title='bbox 1019 3458 1309 3530; x_wconf 82' lang='grc' dir='ltr'>παρόντος,</span> <span class='ocrx_word' id='word_1_365' title='bbox 1332 3458 1545 3530; x_wconf 75' lang='grc' dir='ltr'>ψαλμὺς</span> <span class='ocrx_word' id='word_1_366' title='bbox 1561 3461 1661 3514; x_wconf 78' lang='grc' dir='ltr'><strong>οὐκ</strong></span> <span class='ocrx_word' id='word_1_367' title='bbox 1701 3457 1790 3532; x_wconf 82' lang='grc' dir='ltr'>ἦν,</span> <span class='ocrx_word' id='word_1_368' title='bbox 1829 3462 1965 3517; x_wconf 86' lang='grc' dir='ltr'><strong>ἀλλά</strong></span> 
     </span>
    </p>
   </div>
   <div class='ocr_carea' id='block_1_46' title="bbox 383 3552 1961 3624">
    <p class='ocr_par' dir='ltr' id='par_1_46' title="bbox 383 3552 1961 3624">
     <span class='ocr_line' id='line_1_46' title="bbox 383 3552 1961 3624; baseline 0.002 -18"><span class='ocrx_word' id='word_1_369' title='bbox 383 3552 814 3621; x_wconf 70' lang='grc' dir='ltr'>στηλοτραφία,</span> <span class='ocrx_word' id='word_1_370' title='bbox 832 3552 967 3624; x_wconf 82' lang='grc' dir='ltr'>ὅπερ</span> <span class='ocrx_word' id='word_1_371' title='bbox 989 3553 1328 3624; x_wconf 84' lang='grc' dir='ltr'>ήρμήνευσεν</span> <span class='ocrx_word' id='word_1_372' title='bbox 1347 3553 1375 3604; x_wconf 93' lang='lat'><strong>6</strong></span> <span class='ocrx_word' id='word_1_373' title='bbox 1410 3553 1661 3617; x_wconf 83' lang='grc' dir='ltr'>Ἀκύλας,</span> <span class='ocrx_word' id='word_1_374' title='bbox 1681 3555 1961 3609; x_wconf 81' lang='grc' dir='ltr'>ταπεινοῦ</span> 
     </span>
    </p>
   </div>
   <div class='ocr_carea' id='block_1_47' title="bbox 381 3641 1960 3714">
    <p class='ocr_par' dir='ltr' id='par_1_47' title="bbox 381 3641 1960 3714">
     <span class='ocr_line' id='line_1_47' title="bbox 381 3641 1960 3714; baseline 0.003 -18"><span class='ocrx_word' id='word_1_375' title='bbox 381 3643 639 3697; x_wconf 82' lang='grc' dir='ltr'>τελείου·</span> <span class='ocrx_word' id='word_1_376' title='bbox 681 3644 709 3696; x_wconf 92' lang='lat'><strong>6</strong></span> <span class='ocrx_word' id='word_1_377' title='bbox 733 3643 792 3706; x_wconf 83' lang='grc' dir='ltr'><strong>δέ</strong></span> <span class='ocrx_word' id='word_1_378' title='bbox 826 3643 1142 3713; x_wconf 85' lang='grc' dir='ltr'>Σύμμαχος,</span> <span class='ocrx_word' id='word_1_379' title='bbox 1189 3641 1295 3696; x_wconf 88' lang='grc' dir='ltr'><strong>τοῦ</strong></span> <span class='ocrx_word' id='word_1_380' title='bbox 1352 3646 1821 3714; x_wconf 69' lang='grc' dir='ltr'>ταπεινόφρονος</span> <span class='ocrx_word' id='word_1_381' title='bbox 1863 3647 1960 3701; x_wconf 78' lang='grc' dir='ltr'>καὶ</span> 
     </span>
    </p>
   </div>
   <div class='ocr_carea' id='block_1_48' title="bbox 382 3730 1961 3809">
    <p class='ocr_par' dir='ltr' id='par_1_48' title="bbox 382 3730 1961 3809">
     <span class='ocr_line' id='line_1_48' title="bbox 382 3730 1961 3809; baseline 0.004 -24"><span class='ocrx_word' id='word_1_382' title='bbox 382 3730 644 3802; x_wconf 73' lang='grc' dir='ltr'>ἀμώμουο</span> <span class='ocrx_word' id='word_1_383' title='bbox 699 3731 874 3796; x_wconf 74' lang='grc' dir='ltr'>οὕτως</span> <span class='ocrx_word' id='word_1_384' title='bbox 905 3736 1001 3787; x_wconf 79' lang='grc' dir='ltr'><strong>καὶ</strong></span> <span class='ocrx_word' id='word_1_385' title='bbox 1030 3736 1059 3786; x_wconf 90' lang='lat'><strong>6</strong></span> <span class='ocrx_word' id='word_1_386' title='bbox 1093 3734 1282 3806; x_wconf 86' lang='grc' dir='ltr'>παρὼν</span> <span class='ocrx_word' id='word_1_387' title='bbox 1345 3734 1522 3803; x_wconf 82' lang='grc' dir='ltr'>λόγος,</span> <span class='ocrx_word' id='word_1_388' title='bbox 1552 3738 1652 3807; x_wconf 85' lang='grc' dir='ltr'><strong>τὴν</strong></span> <span class='ocrx_word' id='word_1_389' title='bbox 1687 3740 1767 3802; x_wconf 86' lang='grc' dir='ltr'><strong>εἰς</strong></span> <span class='ocrx_word' id='word_1_390' title='bbox 1794 3739 1961 3809; x_wconf 84' lang='grc' dir='ltr'>ἀκρον</span> 
     </span>
    </p>
   </div>
   <div class='ocr_carea' id='block_1_49' title="bbox 382 3824 1959 3898">
    <p class='ocr_par' dir='ltr' id='par_1_49' title="bbox 382 3824 1959 3898">
     <span class='ocr_line' id='line_1_49' title="bbox 382 3824 1959 3898; baseline 0.001 -19"><span class='ocrx_word' id='word_1_391' title='bbox 382 3824 689 3897; x_wconf 80' lang='grc' dir='ltr'>πραότητος</span> <span class='ocrx_word' id='word_1_392' title='bbox 721 3826 815 3878; x_wconf 86' lang='grc' dir='ltr'>καί</span> <span class='ocrx_word' id='word_1_393' title='bbox 842 3824 1188 3892; x_wconf 77' lang='grc' dir='ltr'>ἀνεξικακίας</span> <span class='ocrx_word' id='word_1_394' title='bbox 1217 3824 1310 3880; x_wconf 80' lang='grc' dir='ltr'><strong>τοῦ</strong></span> <span class='ocrx_word' id='word_1_395' title='bbox 1331 3826 1491 3879; x_wconf 77' lang='grc' dir='ltr'>Δαυῒδ</span> <span class='ocrx_word' id='word_1_396' title='bbox 1524 3827 1742 3898; x_wconf 82' lang='grc' dir='ltr'>ἀρετὴν,</span> <span class='ocrx_word' id='word_1_397' title='bbox 1770 3845 1959 3882; x_wconf 89' lang='grc' dir='ltr'>ταπει-</span> 
     </span>
    </p>
   </div>
   <div class='ocr_carea' id='block_1_50' title="bbox 382 3914 1959 3991">
    <p class='ocr_par' dir='ltr' id='par_1_50' title="bbox 382 3914 1959 3991">
     <span class='ocr_line' id='line_1_50' title="bbox 382 3914 1959 3991; baseline -0.001 -19"><span class='ocrx_word' id='word_1_398' title='bbox 382 3915 475 3973; x_wconf 68' lang='grc' dir='ltr'><strong>νοῦ</strong></span> <span class='ocrx_word' id='word_1_399' title='bbox 509 3917 736 3982; x_wconf 87' lang='grc' dir='ltr'>τελείου,</span> <span class='ocrx_word' id='word_1_400' title='bbox 766 3917 1187 3988; x_wconf 56' lang='grc' dir='ltr'>,ταπεινόφρονος</span> <span class='ocrx_word' id='word_1_401' title='bbox 1224 3919 1319 3971; x_wconf 73' lang='grc' dir='ltr'>καὶ</span> <span class='ocrx_word' id='word_1_402' title='bbox 1349 3917 1602 3989; x_wconf 81' lang='grc' dir='ltr'>ἀμώμου·</span> <span class='ocrx_word' id='word_1_403' title='bbox 1626 3914 1723 3971; x_wconf 75' lang='grc' dir='ltr'><strong>εἷθ’</strong></span> <span class='ocrx_word' id='word_1_404' title='bbox 1771 3918 1959 3991; x_wconf 81' lang='grc' dir='ltr'>ὥσπερ</span> 
     </span>
    </p>
   </div>
   <div class='ocr_carea' id='block_1_51' title="bbox 381 4009 1960 4082">
    <p class='ocr_par' dir='ltr' id='par_1_51' title="bbox 381 4009 1960 4082">
     <span class='ocr_line' id='line_1_51' title="bbox 381 4009 1960 4082; baseline 0 -18"><span class='ocrx_word' id='word_1_405' title='bbox 381 4009 601 4065; x_wconf 73' lang='grc' dir='ltr'>αἰωνίου</span> <span class='ocrx_word' id='word_1_406' title='bbox 642 4013 860 4082; x_wconf 86' lang='grc' dir='ltr'>μνήμης</span> <span class='ocrx_word' id='word_1_407' title='bbox 911 4010 1011 4081; x_wconf 75' lang='grc' dir='ltr'><strong>τὴν</strong></span> <span class='ocrx_word' id='word_1_408' title='bbox 1041 4010 1539 4081; x_wconf 81' lang='grc' dir='ltr'>ταπεινοφροσύνην</span> <span class='ocrx_word' id='word_1_409' title='bbox 1581 4011 1738 4077; x_wconf 79' lang='grc' dir='ltr'>ἀξίαν</span> <span class='ocrx_word' id='word_1_410' title='bbox 1775 4011 1960 4064; x_wconf 89' lang='grc' dir='ltr'>ἀνατί-</span> 
     </span>
    </p>
   </div>
   <div class='ocr_carea' id='block_1_52' title="bbox 381 4100 1959 4174">
    <p class='ocr_par' dir='ltr' id='par_1_52' title="bbox 381 4100 1959 4174">
     <span class='ocr_line' id='line_1_52' title="bbox 381 4100 1959 4174; baseline 0.001 -19"><span class='ocrx_word' id='word_1_411' title='bbox 381 4101 507 4174; x_wconf 83' lang='grc' dir='ltr'>θησι</span> <span class='ocrx_word' id='word_1_412' title='bbox 541 4100 929 4172; x_wconf 85' lang='grc' dir='ltr'>στηλογραφία.</span> <span class='ocrx_word' id='word_1_413' title='bbox 965 4100 1086 4154; x_wconf 82' lang='grc' dir='ltr'><strong>Ἐπὶ</strong></span> <span class='ocrx_word' id='word_1_414' title='bbox 1106 4101 1276 4173; x_wconf 82' lang='grc' dir='ltr'>ταύτῃ</span> <span class='ocrx_word' id='word_1_415' title='bbox 1308 4101 1365 4155; x_wconf 89' lang='grc' dir='ltr'><strong>δέ</strong></span> <span class='ocrx_word' id='word_1_416' title='bbox 1394 4104 1459 4173; x_wconf 81' lang='grc' dir='ltr'>τῇ</span> <span class='ocrx_word' id='word_1_417' title='bbox 1494 4103 1662 4173; x_wconf 79' lang='grc' dir='ltr'>ἀρετῇ</span> <span class='ocrx_word' id='word_1_418' title='bbox 1686 4102 1782 4156; x_wconf 79' lang='grc' dir='ltr'><strong>καὶ</strong></span> <span class='ocrx_word' id='word_1_419' title='bbox 1795 4104 1959 4156; x_wconf 85' lang='grc' dir='ltr'>Μωῦ-</span> 
     </span>
    </p>
   </div>
   <div class='ocr_carea' id='block_1_53' title="bbox 381 4192 1957 4266">
    <p class='ocr_par' dir='ltr' id='par_1_53' title="bbox 381 4192 1957 4266">
     <span class='ocr_line' id='line_1_53' title="bbox 381 4192 1957 4266; baseline 0.001 -21"><span class='ocrx_word' id='word_1_420' title='bbox 381 4193 481 4264; x_wconf 85' lang='grc' dir='ltr'><strong>σῆς</strong></span> <span class='ocrx_word' id='word_1_421' title='bbox 503 4194 882 4265; x_wconf 84' lang='grc' dir='ltr'>ἐμαρτυρεῖτο,</span> <span class='ocrx_word' id='word_1_422' title='bbox 920 4192 1015 4245; x_wconf 76' lang='grc' dir='ltr'>καὶ</span> <span class='ocrx_word' id='word_1_423' title='bbox 1043 4194 1072 4245; x_wconf 89' lang='lat'><strong>6</strong></span> <span class='ocrx_word' id='word_1_424' title='bbox 1097 4192 1288 4264; x_wconf 82' lang='grc' dir='ltr'>Σωτὴρ</span> <span class='ocrx_word' id='word_1_425' title='bbox 1316 4192 1374 4245; x_wconf 86' lang='grc' dir='ltr'>δὲ</span> <span class='ocrx_word' id='word_1_426' title='bbox 1408 4193 1504 4246; x_wconf 80' lang='grc' dir='ltr'>καὶ</span> <span class='ocrx_word' id='word_1_427' title='bbox 1537 4192 1739 4265; x_wconf 85' lang='grc' dir='ltr'>Κύριος</span> <span class='ocrx_word' id='word_1_428' title='bbox 1798 4195 1957 4266; x_wconf 77' lang='grc' dir='ltr'>ἡμῶν</span> 
     </span>
    </p>
   </div>
   <div class='ocr_carea' id='block_1_54' title="bbox 377 4282 1957 4356">
    <p class='ocr_par' dir='ltr' id='par_1_54' title="bbox 377 4282 1957 4356">
     <span class='ocr_line' id='line_1_54' title="bbox 377 4282 1957 4356; baseline 0 -17"><span class='ocrx_word' id='word_1_429' title='bbox 377 4286 473 4339; x_wconf 80' lang='grc' dir='ltr'>ἐπὶ</span> <span class='ocrx_word' id='word_1_430' title='bbox 498 4284 700 4356; x_wconf 87' lang='grc' dir='ltr'>ταύτην</span> <span class='ocrx_word' id='word_1_431' title='bbox 726 4283 1022 4356; x_wconf 85' lang='grc' dir='ltr'>παρεκάλει</span> <span class='ocrx_word' id='word_1_432' title='bbox 1060 4282 1252 4351; x_wconf 88' lang='grc' dir='ltr'>λέγων·</span> <span class='ocrx_word' id='word_1_433' title='bbox 1286 4283 1515 4340; x_wconf 83' lang='grc' dir='ltr'>Μάθετε</span> <span class='ocrx_word' id='word_1_434' title='bbox 1542 4285 1643 4339; x_wconf 84' lang='grc' dir='ltr'>ἀπ’</span> <span class='ocrx_word' id='word_1_435' title='bbox 1676 4284 1843 4354; x_wconf 82' lang='grc' dir='ltr'>ἐμοῦ,</span> <span class='ocrx_word' id='word_1_436' title='bbox 1868 4285 1957 4339; x_wconf 85' lang='grc' dir='ltr'>ὅτι</span> 
     </span>
    </p>
   </div>
   <div class='ocr_carea' id='block_1_55' title="bbox 375 4374 1954 4446">
    <p class='ocr_par' dir='ltr' id='par_1_55' title="bbox 375 4374 1954 4446">
     <span class='ocr_line' id='line_1_55' title="bbox 375 4374 1954 4446; baseline -0.001 -16"><span class='ocrx_word' id='word_1_437' title='bbox 375 4374 567 4445; x_wconf 70' lang='grc' dir='ltr'>πρᾶός</span> <span class='ocrx_word' id='word_1_438' title='bbox 628 4379 743 4446; x_wconf 76' lang='grc' dir='ltr'>ειμι</span> <span class='ocrx_word' id='word_1_439' title='bbox 798 4375 897 4430; x_wconf 76' lang='grc' dir='ltr'><strong>καί</strong></span> <span class='ocrx_word' id='word_1_440' title='bbox 963 4374 1242 4443; x_wconf 80' lang='grc' dir='ltr'>ταπεινὸς</span> <span class='ocrx_word' id='word_1_441' title='bbox 1293 4374 1369 4444; x_wconf 77' lang='grc' dir='ltr'>τῇ</span> <span class='ocrx_word' id='word_1_442' title='bbox 1409 4375 1647 4443; x_wconf 82' lang='grc' dir='ltr'>καρδίᾳ.</span> <span class='ocrx_word' id='word_1_443' title='bbox 1694 4376 1847 4429; x_wconf 80' lang='grc' dir='ltr'>Ἐπεὶ</span> <span class='ocrx_word' id='word_1_444' title='bbox 1896 4377 1954 4430; x_wconf 80' lang='grc' dir='ltr'>δὲ</span> 
     </span>
    </p>
   </div>
   <div class='ocr_carea' id='block_1_56' title="bbox 375 4467 1953 4541">
    <p class='ocr_par' dir='ltr' id='par_1_56' title="bbox 375 4467 1953 4541">
     <span class='ocr_line' id='line_1_56' title="bbox 375 4467 1953 4541; baseline 0.001 -19"><span class='ocrx_word' id='word_1_445' title='bbox 375 4470 547 4523; x_wconf 76' lang='grc' dir='ltr'>ἐδεῖτο</span> <span class='ocrx_word' id='word_1_446' title='bbox 567 4467 889 4540; x_wconf 83' lang='grc' dir='ltr'>παραμονῆς</span> <span class='ocrx_word' id='word_1_447' title='bbox 912 4468 1007 4522; x_wconf 69' lang='grc' dir='ltr'><strong>καὶ</strong></span> <span class='ocrx_word' id='word_1_448' title='bbox 1059 4468 1156 4539; x_wconf 89' lang='grc' dir='ltr'><strong>τῆς</strong></span> <span class='ocrx_word' id='word_1_449' title='bbox 1181 4467 1273 4521; x_wconf 74' lang='grc' dir='ltr'><strong>ἐπὶ</strong></span> <span class='ocrx_word' id='word_1_450' title='bbox 1324 4468 1586 4539; x_wconf 87' lang='grc' dir='ltr'>μήκιστον</span> <span class='ocrx_word' id='word_1_451' title='bbox 1616 4468 1860 4539; x_wconf 82' lang='grc' dir='ltr'>φυλακῆς</span> <span class='ocrx_word' id='word_1_452' title='bbox 1920 4471 1953 4541; x_wconf 88' lang='grc' dir='ltr'><strong>ή</strong></span> 
     </span>
    </p>
   </div>
   <div class='ocr_carea' id='block_1_57' title="bbox 2081 1984 3662 2060">
    <p class='ocr_par' dir='ltr' id='par_1_57' title="bbox 2081 1984 3662 2060">
     <span class='ocr_line' id='line_1_57' title="bbox 2081 1984 3662 2060; baseline 0.004 -20"><span class='ocrx_word' id='word_1_453' title='bbox 2081 2003 2218 2049; x_wconf 86' lang='lat' dir='ltr'><strong>nem,</strong></span> <span class='ocrx_word' id='word_1_454' title='bbox 2254 1996 2307 2041; x_wconf 90' lang='lat' dir='ltr'><strong>et</strong></span> <span class='ocrx_word' id='word_1_455' title='bbox 2342 1993 2559 2040; x_wconf 68' lang='lat' dir='ltr'><strong>caetera.</strong></span> <span class='ocrx_word' id='word_1_456' title='bbox 2613 1984 2855 2040; x_wconf 72' lang='lat' dir='ltr'><strong>Pellebat</strong></span> <span class='ocrx_word' id='word_1_457' title='bbox 2887 1986 3017 2041; x_wconf 87' lang='lat' dir='ltr'><strong>Saul</strong></span> <span class='ocrx_word' id='word_1_458' title='bbox 3062 1986 3319 2042; x_wconf 89' lang='lat' dir='ltr'><strong>Davidem</strong></span> <span class='ocrx_word' id='word_1_459' title='bbox 3373 1991 3466 2060; x_wconf 85' lang='lat' dir='ltr'><strong>qui</strong></span> <span class='ocrx_word' id='word_1_460' title='bbox 3523 1992 3662 2049; x_wconf 89' lang='lat' dir='ltr'><strong>illud</strong></span> 
     </span>
    </p>
   </div>
   <div class='ocr_carea' id='block_1_58' title="bbox 2078 2076 3657 2151">
    <p class='ocr_par' dir='ltr' id='par_1_58' title="bbox 2078 2076 3657 2151">
     <span class='ocr_line' id='line_1_58' title="bbox 2078 2076 3657 2151; baseline 0.003 -17"><span class='ocrx_word' id='word_1_461' title='bbox 2078 2095 2242 2150; x_wconf 88' lang='lat' dir='ltr'><strong>opere</strong></span> <span class='ocrx_word' id='word_1_462' title='bbox 2268 2079 2569 2150; x_wconf 89' lang='lat' dir='ltr'><strong>complens,</strong></span> <span class='ocrx_word' id='word_1_463' title='bbox 2596 2076 2657 2132; x_wconf 89' lang='lat' dir='ltr'><strong>Si</strong></span> <span class='ocrx_word' id='word_1_464' title='bbox 2686 2096 2772 2133; x_wconf 85' lang='lat' dir='ltr'><strong>vos</strong></span> <span class='ocrx_word' id='word_1_465' title='bbox 2796 2090 3177 2150; x_wconf 82' lang='lat' dir='ltr'><strong>persequantur</strong></span> <span class='ocrx_word' id='word_1_466' title='bbox 3199 2097 3264 2135; x_wconf 75' lang='lat' dir='ltr'><strong>ea:</strong></span> <span class='ocrx_word' id='word_1_467' title='bbox 3294 2082 3394 2136; x_wconf 83' lang='lat' dir='ltr'><strong>hac</strong></span> <span class='ocrx_word' id='word_1_468' title='bbox 3425 2084 3657 2151; x_wconf 83' lang='lat' dir='ltr'><strong>civitate,</strong></span> 
     </span>
    </p>
   </div>
   <div class='ocr_carea' id='block_1_59' title="bbox 2079 2169 3659 2241">
    <p class='ocr_par' dir='ltr' id='par_1_59' title="bbox 2079 2169 3659 2241">
     <span class='ocr_line' id='line_1_59' title="bbox 2079 2169 3659 2241; baseline 0.004 -18"><span class='ocrx_word' id='word_1_469' title='bbox 2079 2169 2242 2240; x_wconf 80' lang='lat' dir='ltr'><strong>fugite</strong></span> <span class='ocrx_word' id='word_1_470' title='bbox 2277 2172 2333 2223; x_wconf 85' lang='lat' dir='ltr'><strong>in</strong></span> <span class='ocrx_word' id='word_1_471' title='bbox 2374 2170 2539 2223; x_wconf 88' lang='lat' dir='ltr'><strong>aliam</strong></span> <span class='ocrx_word' id='word_1_472' title='bbox 2584 2169 2651 2235; x_wconf 73' lang='grc'>⁸³,</span> <span class='ocrx_word' id='word_1_473' title='bbox 2690 2170 2923 2241; x_wconf 85' lang='lat' dir='ltr'><strong>aufugit,</strong></span> <span class='ocrx_word' id='word_1_474' title='bbox 2971 2187 3039 2225; x_wconf 90' lang='lat' dir='ltr'><strong>ne</strong></span> <span class='ocrx_word' id='word_1_475' title='bbox 3087 2187 3328 2241; x_wconf 70' lang='lat' dir='ltr'><strong>praesens</strong></span> <span class='ocrx_word' id='word_1_476' title='bbox 3371 2173 3659 2230; x_wconf 88' lang='lat' dir='ltr'><strong>inimicum</strong></span> 
     </span>
    </p>
   </div>
   <div class='ocr_carea' id='block_1_60' title="bbox 2077 2260 3659 2332">
    <p class='ocr_par' dir='ltr' id='par_1_60' title="bbox 2077 2260 3659 2332">
     <span class='ocr_line' id='line_1_60' title="bbox 2077 2260 3659 2332; baseline 0.004 -17"><span class='ocrx_word' id='word_1_477' title='bbox 2077 2263 2341 2327; x_wconf 87' lang='lat' dir='ltr'><strong>irritaret,</strong></span> <span class='ocrx_word' id='word_1_478' title='bbox 2373 2261 2587 2332; x_wconf 83' lang='lat' dir='ltr'><strong>ipsique</strong></span> <span class='ocrx_word' id='word_1_479' title='bbox 2614 2261 2782 2316; x_wconf 62' lang='lat' dir='ltr'><strong>caedis</strong></span> <span class='ocrx_word' id='word_1_480' title='bbox 2814 2276 2979 2317; x_wconf 87' lang='lat' dir='ltr'><strong>causa</strong></span> <span class='ocrx_word' id='word_1_481' title='bbox 3011 2269 3176 2317; x_wconf 89' lang='lat' dir='ltr'><strong>esset.</strong></span> <span class='ocrx_word' id='word_1_482' title='bbox 3207 2260 3344 2317; x_wconf 89' lang='lat' dir='ltr'><strong>Illud</strong></span> <span class='ocrx_word' id='word_1_483' title='bbox 3372 2265 3539 2328; x_wconf 89' lang='lat' dir='ltr'><strong>enim,</strong></span> <span class='ocrx_word' id='word_1_484' title='bbox 3572 2264 3659 2321; x_wconf 81' lang='lat' dir='ltr'><strong>Ne</strong></span> 
     </span>
    </p>
   </div>
   <div class='ocr_carea' id='block_1_61' title="bbox 2078 2349 3656 2419">
    <p class='ocr_par' dir='ltr' id='par_1_61' title="bbox 2078 2349 3656 2419">
     <span class='ocr_line' id='line_1_61' title="bbox 2078 2349 3656 2419; baseline 0.004 -15"><span class='ocrx_word' id='word_1_485' title='bbox 2078 2349 2337 2405; x_wconf 76' lang='lat' dir='ltr'><strong>arcendas</strong></span> <span class='ocrx_word' id='word_1_486' title='bbox 2385 2350 2637 2405; x_wconf 82' lang='lat' dir='ltr'><strong>carbones</strong></span> <span class='ocrx_word' id='word_1_487' title='bbox 2686 2353 2979 2419; x_wconf 78' lang='lat' dir='ltr'><strong>peccatoris</strong></span> <span class='ocrx_word' id='word_1_488' title='bbox 3025 2353 3092 2416; x_wconf 88' lang='grc'><strong>³⁰,</strong></span> <span class='ocrx_word' id='word_1_489' title='bbox 3155 2353 3351 2408; x_wconf 80' lang='lat' dir='ltr'><strong>melius</strong></span> <span class='ocrx_word' id='word_1_490' title='bbox 3401 2355 3656 2411; x_wconf 89' lang='lat' dir='ltr'><strong>omnibus</strong></span> 
     </span>
    </p>
   </div>
   <div class='ocr_carea' id='block_1_62' title="bbox 2078 2440 3656 2511">
    <p class='ocr_par' dir='ltr' id='par_1_62' title="bbox 2078 2440 3656 2511">
     <span class='ocr_line' id='line_1_62' title="bbox 2078 2440 3656 2511; baseline 0.003 -15"><span class='ocrx_word' id='word_1_491' title='bbox 2078 2442 2285 2497; x_wconf 88' lang='lat' dir='ltr'><strong>sciebat</strong></span> <span class='ocrx_word' id='word_1_492' title='bbox 2310 2440 2482 2496; x_wconf 86' lang='lat' dir='ltr'><strong>David</strong></span> <span class='ocrx_word' id='word_1_493' title='bbox 2511 2460 2523 2495; x_wconf 89' lang='lat'><strong>:</strong></span> <span class='ocrx_word' id='word_1_494' title='bbox 2549 2456 2721 2511; x_wconf 87' lang='lat' dir='ltr'><strong>quare</strong></span> <span class='ocrx_word' id='word_1_495' title='bbox 2753 2442 2982 2497; x_wconf 85' lang='lat' dir='ltr'><strong>cedebat</strong></span> <span class='ocrx_word' id='word_1_496' title='bbox 3011 2450 3064 2497; x_wconf 89' lang='lat' dir='ltr'><strong>et</strong></span> <span class='ocrx_word' id='word_1_497' title='bbox 3100 2443 3407 2508; x_wconf 89' lang='lat' dir='ltr'><strong>secedebat,</strong></span> <span class='ocrx_word' id='word_1_498' title='bbox 3436 2446 3656 2503; x_wconf 81' lang='lat' dir='ltr'><strong>etiamsi</strong></span> 
     </span>
    </p>
   </div>
   <div class='ocr_carea' id='block_1_63' title="bbox 2076 2531 3654 2606">
    <p class='ocr_par' dir='ltr' id='par_1_63' title="bbox 2076 2531 3654 2606">
     <span class='ocr_line' id='line_1_63' title="bbox 2076 2531 3654 2606; baseline 0.003 -19"><span class='ocrx_word' id='word_1_499' title='bbox 2076 2547 2106 2587; x_wconf 88' lang='lat' dir='ltr'><strong>a</strong></span> <span class='ocrx_word' id='word_1_500' title='bbox 2139 2540 2251 2586; x_wconf 87' lang='lat' dir='ltr'><strong>tota</strong></span> <span class='ocrx_word' id='word_1_501' title='bbox 2291 2539 2451 2601; x_wconf 76' lang='lat' dir='ltr'><strong>gente</strong></span> <span class='ocrx_word' id='word_1_502' title='bbox 2519 2531 2859 2601; x_wconf 84' lang='lat' dir='ltr'><strong>diligeretur,</strong></span> <span class='ocrx_word' id='word_1_503' title='bbox 2912 2539 2967 2586; x_wconf 89' lang='lat' dir='ltr'><strong>et</strong></span> <span class='ocrx_word' id='word_1_504' title='bbox 3014 2533 3213 2587; x_wconf 87' lang='lat' dir='ltr'><strong>multos</strong></span> <span class='ocrx_word' id='word_1_505' title='bbox 3283 2534 3510 2589; x_wconf 88' lang='lat' dir='ltr'><strong>haberet</strong></span> <span class='ocrx_word' id='word_1_506' title='bbox 3558 2535 3654 2606; x_wconf 85' lang='lat' dir='ltr'><strong>qui</strong></span> 
     </span>
    </p>
   </div>
   <div class='ocr_carea' id='block_1_64' title="bbox 2076 2625 3653 2698">
    <p class='ocr_par' dir='ltr' id='par_1_64' title="bbox 2076 2625 3653 2698">
     <span class='ocr_line' id='line_1_64' title="bbox 2076 2625 3653 2698; baseline 0.004 -18"><span class='ocrx_word' id='word_1_507' title='bbox 2076 2626 2131 2681; x_wconf 91' lang='lat' dir='ltr'><strong>in</strong></span> <span class='ocrx_word' id='word_1_508' title='bbox 2165 2634 2374 2696; x_wconf 88' lang='lat' dir='ltr'><strong>partem</strong></span> <span class='ocrx_word' id='word_1_509' title='bbox 2410 2625 2615 2681; x_wconf 89' lang='lat' dir='ltr'><strong>doloris</strong></span> <span class='ocrx_word' id='word_1_510' title='bbox 2654 2627 3072 2697; x_wconf 77' lang='lat' dir='ltr'><strong>amit&#39;tionisque</strong></span> <span class='ocrx_word' id='word_1_511' title='bbox 3121 2630 3241 2698; x_wconf 90' lang='lat' dir='ltr'><strong>ejus</strong></span> <span class='ocrx_word' id='word_1_512' title='bbox 3274 2633 3544 2693; x_wconf 88' lang='lat' dir='ltr'><strong>venirent,</strong></span> <span class='ocrx_word' id='word_1_513' title='bbox 3595 2640 3653 2687; x_wconf 84' lang='lat' dir='ltr'><strong>et</strong></span> 
     </span>
    </p>
   </div>
   <div class='ocr_carea' id='block_1_65' title="bbox 2074 2715 3652 2786">
    <p class='ocr_par' dir='ltr' id='par_1_65' title="bbox 2074 2715 3652 2786">
     <span class='ocr_line' id='line_1_65' title="bbox 2074 2715 3652 2786; baseline 0.004 -17"><span class='ocrx_word' id='word_1_514' title='bbox 2074 2725 2299 2785; x_wconf 88' lang='lat' dir='ltr'><strong>possent</strong></span> <span class='ocrx_word' id='word_1_515' title='bbox 2339 2732 2462 2769; x_wconf 90' lang='lat' dir='ltr'><strong>eum</strong></span> <span class='ocrx_word' id='word_1_516' title='bbox 2499 2715 2645 2770; x_wconf 89' lang='lat' dir='ltr'><strong>domi</strong></span> <span class='ocrx_word' id='word_1_517' title='bbox 2680 2715 2823 2785; x_wconf 85' lang='lat' dir='ltr'><strong>apud</strong></span> <span class='ocrx_word' id='word_1_518' title='bbox 2879 2732 2938 2771; x_wconf 90' lang='lat' dir='ltr'><strong>se</strong></span> <span class='ocrx_word' id='word_1_519' title='bbox 2966 2718 3235 2786; x_wconf 82' lang='lat' dir='ltr'><strong>excipere,</strong></span> <span class='ocrx_word' id='word_1_520' title='bbox 3269 2727 3322 2772; x_wconf 91' lang='lat' dir='ltr'><strong>et</strong></span> <span class='ocrx_word' id='word_1_521' title='bbox 3352 2721 3652 2777; x_wconf 87' lang='lat' dir='ltr'><strong>occultare.</strong></span> 
     </span>
    </p>
   </div>
   <div class='ocr_carea' id='block_1_66' title="bbox 2074 2803 3653 2874">
    <p class='ocr_par' dir='ltr' id='par_1_66' title="bbox 2074 2803 3653 2874">
     <span class='ocr_line' id='line_1_66' title="bbox 2074 2803 3653 2874; baseline 0.004 -17"><span class='ocrx_word' id='word_1_522' title='bbox 2074 2803 2180 2858; x_wconf 84' lang='lat' dir='ltr'><strong>Sed</strong></span> <span class='ocrx_word' id='word_1_523' title='bbox 2208 2805 2255 2858; x_wconf 94' lang='lat' dir='ltr'><strong>is</strong></span> <span class='ocrx_word' id='word_1_524' title='bbox 2282 2820 2349 2859; x_wconf 84' lang='lat' dir='ltr'><strong>ne</strong></span> <span class='ocrx_word' id='word_1_525' title='bbox 2376 2816 2428 2859; x_wconf 88' lang='lat' dir='ltr'><strong>et</strong></span> <span class='ocrx_word' id='word_1_526' title='bbox 2460 2805 2583 2859; x_wconf 89' lang='lat' dir='ltr'><strong>aliis</strong></span> <span class='ocrx_word' id='word_1_527' title='bbox 2613 2805 2913 2874; x_wconf 87' lang='lat' dir='ltr'><strong>periculum</strong></span> <span class='ocrx_word' id='word_1_528' title='bbox 2949 2815 3179 2871; x_wconf 82' lang='lat' dir='ltr'><strong>crearet,</strong></span> <span class='ocrx_word' id='word_1_529' title='bbox 3208 2808 3263 2861; x_wconf 88' lang='lat' dir='ltr'><strong>in</strong></span> <span class='ocrx_word' id='word_1_530' title='bbox 3293 2808 3508 2862; x_wconf 86' lang='lat' dir='ltr'><strong>deserta</strong></span> <span class='ocrx_word' id='word_1_531' title='bbox 3532 2809 3653 2864; x_wconf 87' lang='lat' dir='ltr'><strong>loca</strong></span> 
     </span>
    </p>
   </div>
   <div class='ocr_carea' id='block_1_67' title="bbox 2075 2893 3653 2969">
    <p class='ocr_par' dir='ltr' id='par_1_67' title="bbox 2075 2893 3653 2969">
     <span class='ocr_line' id='line_1_67' title="bbox 2075 2893 3653 2969; baseline 0.005 -21"><span class='ocrx_word' id='word_1_532' title='bbox 2075 2893 2338 2966; x_wconf 77' lang='lat' dir='ltr'><strong>fugiebat,</strong></span> <span class='ocrx_word' id='word_1_533' title='bbox 2366 2906 2419 2951; x_wconf 89' lang='lat' dir='ltr'><strong>et</strong></span> <span class='ocrx_word' id='word_1_534' title='bbox 2447 2895 2503 2950; x_wconf 90' lang='lat' dir='ltr'><strong>in</strong></span> <span class='ocrx_word' id='word_1_535' title='bbox 2538 2897 2813 2967; x_wconf 89' lang='lat' dir='ltr'><strong>specubus</strong></span> <span class='ocrx_word' id='word_1_536' title='bbox 2861 2898 3110 2952; x_wconf 82' lang='lat' dir='ltr'><strong>habitare</strong></span> <span class='ocrx_word' id='word_1_537' title='bbox 3139 2901 3454 2969; x_wconf 75' lang='lat' dir='ltr'><strong>coeptabat.</strong></span> <span class='ocrx_word' id='word_1_538' title='bbox 3487 2899 3653 2956; x_wconf 83' lang='lat' dir='ltr'><strong>Vide-</strong></span> 
     </span>
    </p>
   </div>
   <div class='ocr_carea' id='block_1_68' title="bbox 2072 2989 3651 3059">
    <p class='ocr_par' dir='ltr' id='par_1_68' title="bbox 2072 2989 3651 3059">
     <span class='ocr_line' id='line_1_68' title="bbox 2072 2989 3651 3059; baseline 0.005 -18"><span class='ocrx_word' id='word_1_539' title='bbox 2072 2997 2273 3059; x_wconf 90' lang='lat' dir='ltr'><strong>turqne</strong></span> <span class='ocrx_word' id='word_1_540' title='bbox 2329 2990 2464 3044; x_wconf 88' lang='lat' dir='ltr'><strong>mihi</strong></span> <span class='ocrx_word' id='word_1_541' title='bbox 2523 2989 2841 3044; x_wconf 85' lang='lat' dir='ltr'><strong>memoriam</strong></span> <span class='ocrx_word' id='word_1_542' title='bbox 2914 2990 3034 3059; x_wconf 86' lang='lat' dir='ltr'><strong>ejus</strong></span> <span class='ocrx_word' id='word_1_543' title='bbox 3095 2991 3357 3047; x_wconf 77' lang='lat' dir='ltr'><strong>refricare</strong></span> <span class='ocrx_word' id='word_1_544' title='bbox 3425 2999 3651 3049; x_wconf 79' lang='lat' dir='ltr'><strong>sanctus</strong></span> 
     </span>
    </p>
   </div>
   <div class='ocr_carea' id='block_1_69' title="bbox 2075 3078 3650 3151">
    <p class='ocr_par' dir='ltr' id='par_1_69' title="bbox 2075 3078 3650 3151">
     <span class='ocr_line' id='line_1_69' title="bbox 2075 3078 3650 3151; baseline 0.002 -18"><span class='ocrx_word' id='word_1_545' title='bbox 2075 3079 2372 3151; x_wconf 81' lang='lat' dir='ltr'><strong>Apostolus</strong></span> <span class='ocrx_word' id='word_1_546' title='bbox 2418 3080 2505 3136; x_wconf 90' lang='lat' dir='ltr'><strong>his</strong></span> <span class='ocrx_word' id='word_1_547' title='bbox 2536 3080 2753 3134; x_wconf 83' lang='lat' dir='ltr'><strong>verbis:</strong></span> <span class='ocrx_word' id='word_1_548' title='bbox 2794 3078 2861 3133; x_wconf 87' lang='lat' dir='ltr'><strong>In</strong></span> <span class='ocrx_word' id='word_1_549' title='bbox 2895 3079 3268 3135; x_wconf 75' lang='lat' dir='ltr'><strong>solitudinibus</strong></span> <span class='ocrx_word' id='word_1_550' title='bbox 3297 3094 3553 3145; x_wconf 79' lang='lat' dir='ltr'><strong>errantes,</strong></span> <span class='ocrx_word' id='word_1_551' title='bbox 3598 3091 3650 3136; x_wconf 84' lang='lat' dir='ltr'><strong>et</strong></span> 
     </span>
    </p>
   </div>
   <div class='ocr_carea' id='block_1_70' title="bbox 2069 3169 3646 3240">
    <p class='ocr_par' dir='ltr' id='par_1_70' title="bbox 2069 3169 3646 3240">
     <span class='ocr_line' id='line_1_70' title="bbox 2069 3169 3646 3240; baseline 0.004 -16"><span class='ocrx_word' id='word_1_552' title='bbox 2069 3169 2373 3234; x_wconf 74' lang='lat' dir='ltr'><strong>montibus,</strong></span> <span class='ocrx_word' id='word_1_553' title='bbox 2432 3180 2482 3225; x_wconf 85' lang='lat' dir='ltr'><strong>et</strong></span> <span class='ocrx_word' id='word_1_554' title='bbox 2537 3170 2821 3237; x_wconf 84' lang='lat' dir='ltr'><strong>speluncis,</strong></span> <span class='ocrx_word' id='word_1_555' title='bbox 2848 3178 2898 3223; x_wconf 89' lang='lat' dir='ltr'><strong>et</strong></span> <span class='ocrx_word' id='word_1_556' title='bbox 2964 3170 3317 3240; x_wconf 76' lang='lat' dir='ltr'><strong>foraminibus</strong></span> <span class='ocrx_word' id='word_1_557' title='bbox 3388 3184 3541 3228; x_wconf 72' lang='lat' dir='ltr'><strong>terra:</strong></span> <span class='ocrx_word' id='word_1_558' title='bbox 3577 3172 3646 3231; x_wconf 84' lang='grc'>⁸¹.</span> 
     </span>
    </p>
   </div>
   <div class='ocr_carea' id='block_1_71' title="bbox 2069 3261 3650 3337">
    <p class='ocr_par' dir='ltr' id='par_1_71' title="bbox 2069 3261 3650 3337">
     <span class='ocr_line' id='line_1_71' title="bbox 2069 3261 3650 3337; baseline 0.003 -20"><span class='ocrx_word' id='word_1_559' title='bbox 2069 3262 2539 3330; x_wconf 83' lang='lat' dir='ltr'><strong>Quemadmodum</strong></span> <span class='ocrx_word' id='word_1_560' title='bbox 2570 3277 2700 3316; x_wconf 91' lang='lat' dir='ltr'><strong>vero</strong></span> <span class='ocrx_word' id='word_1_561' title='bbox 2727 3262 2820 3331; x_wconf 88' lang='lat' dir='ltr'><strong>qui</strong></span> <span class='ocrx_word' id='word_1_562' title='bbox 2849 3261 2995 3316; x_wconf 90' lang='lat' dir='ltr'><strong>hunc</strong></span> <span class='ocrx_word' id='word_1_563' title='bbox 3024 3263 3302 3332; x_wconf 68' lang='lat' dir='ltr'><strong>praecedit,</strong></span> <span class='ocrx_word' id='word_1_564' title='bbox 3347 3281 3455 3320; x_wconf 91' lang='lat' dir='ltr'><strong>non</strong></span> <span class='ocrx_word' id='word_1_565' title='bbox 3502 3271 3650 3337; x_wconf 82' lang='lat' dir='ltr'><strong>psal-</strong></span> 
     </span>
    </p>
   </div>
   <div class='ocr_carea' id='block_1_72' title="bbox 2068 3352 3648 3426">
    <p class='ocr_par' dir='ltr' id='par_1_72' title="bbox 2068 3352 3648 3426">
     <span class='ocr_line' id='line_1_72' title="bbox 2068 3352 3648 3426; baseline 0.005 -18"><span class='ocrx_word' id='word_1_566' title='bbox 2068 3369 2192 3409; x_wconf 90' lang='lat' dir='ltr'><strong>mus</strong></span> <span class='ocrx_word' id='word_1_567' title='bbox 2231 3359 2369 3419; x_wconf 88' lang='lat' dir='ltr'><strong>erat,</strong></span> <span class='ocrx_word' id='word_1_568' title='bbox 2403 3352 2496 3408; x_wconf 90' lang='lat' dir='ltr'><strong>sed</strong></span> <span class='ocrx_word' id='word_1_569' title='bbox 2528 3353 2674 3405; x_wconf 84' lang='lat' dir='ltr'><strong>tituli</strong></span> <span class='ocrx_word' id='word_1_570' title='bbox 2719 3353 3015 3423; x_wconf 79' lang='lat' dir='ltr'><strong>inscriptio,</strong></span> <span class='ocrx_word' id='word_1_571' title='bbox 3052 3356 3198 3425; x_wconf 90' lang='lat' dir='ltr'><strong>quod</strong></span> <span class='ocrx_word' id='word_1_572' title='bbox 3250 3356 3445 3426; x_wconf 87' lang='lat' dir='ltr'><strong>Aquila</strong></span> <span class='ocrx_word' id='word_1_573' title='bbox 3476 3361 3648 3417; x_wconf 88' lang='lat' dir='ltr'><strong>inter-</strong></span> 
     </span>
    </p>
   </div>
   <div class='ocr_carea' id='block_1_73' title="bbox 2066 3444 3646 3517">
    <p class='ocr_par' dir='ltr' id='par_1_73' title="bbox 2066 3444 3646 3517">
     <span class='ocr_line' id='line_1_73' title="bbox 2066 3444 3646 3517; baseline 0.005 -18"><span class='ocrx_word' id='word_1_574' title='bbox 2066 3453 2331 3515; x_wconf 88' lang='lat' dir='ltr'><strong>pretatur,</strong></span> <span class='ocrx_word' id='word_1_575' title='bbox 2363 3444 2577 3499; x_wconf 81' lang='lat' dir='ltr'><strong>humilis</strong></span> <span class='ocrx_word' id='word_1_576' title='bbox 2605 3445 2864 3515; x_wconf 81' lang='lat' dir='ltr'><strong>perfecti;</strong></span> <span class='ocrx_word' id='word_1_577' title='bbox 2896 3445 3257 3517; x_wconf 84' lang='lat' dir='ltr'><strong>Symmachus</strong></span> <span class='ocrx_word' id='word_1_578' title='bbox 3285 3465 3431 3514; x_wconf 86' lang='lat' dir='ltr'><strong>vero,</strong></span> <span class='ocrx_word' id='word_1_579' title='bbox 3465 3451 3646 3508; x_wconf 84' lang='lat' dir='ltr'><strong>Immi-</strong></span> 
     </span>
    </p>
   </div>
   <div class='ocr_carea' id='block_1_74' title="bbox 2064 3536 3643 3605">
    <p class='ocr_par' dir='ltr' id='par_1_74' title="bbox 2064 3536 3643 3605">
     <span class='ocr_line' id='line_1_74' title="bbox 2064 3536 3643 3605; baseline 0.006 -16"><span class='ocrx_word' id='word_1_580' title='bbox 2064 3536 2131 3590; x_wconf 80' lang='lat' dir='ltr'><strong>lis</strong></span> <span class='ocrx_word' id='word_1_581' title='bbox 2162 3545 2211 3590; x_wconf 86' lang='lat' dir='ltr'><strong>et</strong></span> <span class='ocrx_word' id='word_1_582' title='bbox 2256 3536 2559 3605; x_wconf 86' lang='lat' dir='ltr'><strong>inculpati;</strong></span> <span class='ocrx_word' id='word_1_583' title='bbox 2614 3536 2687 3591; x_wconf 82' lang='lat' dir='ltr'><strong>ita</strong></span> <span class='ocrx_word' id='word_1_584' title='bbox 2722 3536 2813 3590; x_wconf 90' lang='lat' dir='ltr'><strong>hic</strong></span> <span class='ocrx_word' id='word_1_585' title='bbox 2846 3552 3047 3601; x_wconf 90' lang='lat' dir='ltr'><strong>sermo,</strong></span> <span class='ocrx_word' id='word_1_586' title='bbox 3098 3555 3365 3592; x_wconf 86' lang='lat' dir='ltr'><strong>summam</strong></span> <span class='ocrx_word' id='word_1_587' title='bbox 3421 3539 3643 3600; x_wconf 84' lang='lat' dir='ltr'><strong>Davidis</strong></span> 
     </span>
    </p>
   </div>
   <div class='ocr_carea' id='block_1_75' title="bbox 2063 3629 3643 3696">
    <p class='ocr_par' dir='ltr' id='par_1_75' title="bbox 2063 3629 3643 3696">
     <span class='ocr_line' id='line_1_75' title="bbox 2063 3629 3643 3696; baseline 0.003 -14"><span class='ocrx_word' id='word_1_588' title='bbox 2063 3629 2505 3684; x_wconf 88' lang='lat' dir='ltr'><strong>mansuetudinis</strong></span> <span class='ocrx_word' id='word_1_589' title='bbox 2527 3635 2580 3683; x_wconf 89' lang='lat' dir='ltr'><strong>et</strong></span> <span class='ocrx_word' id='word_1_590' title='bbox 2607 3629 2910 3683; x_wconf 74' lang='lat' dir='ltr'><strong>tolerantia:</strong></span> <span class='ocrx_word' id='word_1_591' title='bbox 2947 3629 3199 3684; x_wconf 83' lang='lat' dir='ltr'><strong>virtutem</strong></span> <span class='ocrx_word' id='word_1_592' title='bbox 3236 3630 3507 3696; x_wconf 75' lang='lat' dir='ltr'><strong>indicans,</strong></span> <span class='ocrx_word' id='word_1_593' title='bbox 3540 3633 3643 3687; x_wconf 86' lang='lat' dir='ltr'><strong>htt-</strong></span> 
     </span>
    </p>
   </div>
   <div class='ocr_carea' id='block_1_76' title="bbox 2063 3720 3641 3790">
    <p class='ocr_par' dir='ltr' id='par_1_76' title="bbox 2063 3720 3641 3790">
     <span class='ocr_line' id='line_1_76' title="bbox 2063 3720 3641 3790; baseline 0.004 -17"><span class='ocrx_word' id='word_1_594' title='bbox 2063 3721 2207 3776; x_wconf 89' lang='lat' dir='ltr'><strong>milis</strong></span> <span class='ocrx_word' id='word_1_595' title='bbox 2247 3720 2475 3790; x_wconf 82' lang='lat' dir='ltr'><strong>perfecti</strong></span> <span class='ocrx_word' id='word_1_596' title='bbox 2527 3727 2632 3784; x_wconf 90' lang='lat' dir='ltr'><strong>est,</strong></span> <span class='ocrx_word' id='word_1_597' title='bbox 2688 3730 2742 3775; x_wconf 88' lang='lat' dir='ltr'><strong>et</strong></span> <span class='ocrx_word' id='word_1_598' title='bbox 2777 3721 2997 3777; x_wconf 84' lang='lat' dir='ltr'><strong>humilis</strong></span> <span class='ocrx_word' id='word_1_599' title='bbox 3031 3728 3084 3776; x_wconf 83' lang='lat' dir='ltr'><strong>et</strong></span> <span class='ocrx_word' id='word_1_600' title='bbox 3132 3723 3469 3775; x_wconf 85' lang='lat' dir='ltr'><strong>immaculati</strong></span> <span class='ocrx_word' id='word_1_601' title='bbox 3505 3740 3519 3789; x_wconf 92' lang='lat'><strong>;</strong></span> <span class='ocrx_word' id='word_1_602' title='bbox 3575 3740 3641 3780; x_wconf 89' lang='lat' dir='ltr'><strong>ac</strong></span> 
     </span>
    </p>
   </div>
   <div class='ocr_carea' id='block_1_77' title="bbox 2062 3810 3638 3883">
    <p class='ocr_par' dir='ltr' id='par_1_77' title="bbox 2062 3810 3638 3883">
     <span class='ocr_line' id='line_1_77' title="bbox 2062 3810 3638 3883; baseline 0.003 -19"><span class='ocrx_word' id='word_1_603' title='bbox 2062 3810 2307 3879; x_wconf 88' lang='lat' dir='ltr'><strong>insuper,</strong></span> <span class='ocrx_word' id='word_1_604' title='bbox 2336 3810 2494 3881; x_wconf 88' lang='lat' dir='ltr'><strong>quasi</strong></span> <span class='ocrx_word' id='word_1_605' title='bbox 2517 3821 2721 3865; x_wconf 68' lang='lat' dir='ltr'><strong>aeterna</strong></span> <span class='ocrx_word' id='word_1_606' title='bbox 2749 3814 3007 3869; x_wconf 85' lang='lat' dir='ltr'><strong>memoria</strong></span> <span class='ocrx_word' id='word_1_607' title='bbox 3034 3812 3253 3883; x_wconf 81' lang='lat' dir='ltr'><strong>dignam</strong></span> <span class='ocrx_word' id='word_1_608' title='bbox 3280 3812 3638 3871; x_wconf 84' lang='lat' dir='ltr'><strong>humilitatem</strong></span> 
     </span>
    </p>
   </div>
   <div class='ocr_carea' id='block_1_78' title="bbox 2060 3902 3635 3975">
    <p class='ocr_par' dir='ltr' id='par_1_78' title="bbox 2060 3902 3635 3975">
     <span class='ocr_line' id='line_1_78' title="bbox 2060 3902 3635 3975; baseline 0.004 -20"><span class='ocrx_word' id='word_1_609' title='bbox 2060 3902 2282 3956; x_wconf 83' lang='lat' dir='ltr'><strong>exhibet</strong></span> <span class='ocrx_word' id='word_1_610' title='bbox 2311 3903 2455 3956; x_wconf 93' lang='lat' dir='ltr'><strong>tituli</strong></span> <span class='ocrx_word' id='word_1_611' title='bbox 2486 3902 2795 3972; x_wconf 89' lang='lat' dir='ltr'><strong>inscriptio.</strong></span> <span class='ocrx_word' id='word_1_612' title='bbox 2825 3902 2937 3957; x_wconf 88' lang='lat' dir='ltr'><strong>llac</strong></span> <span class='ocrx_word' id='word_1_613' title='bbox 2964 3905 3087 3957; x_wconf 84' lang='lat' dir='ltr'><strong>item</strong></span> <span class='ocrx_word' id='word_1_614' title='bbox 3118 3910 3315 3958; x_wconf 83' lang='lat' dir='ltr'><strong>virtute</strong></span> <span class='ocrx_word' id='word_1_615' title='bbox 3348 3907 3635 3975; x_wconf 62' lang='lat' dir='ltr'><strong>praaditum</strong></span> 
     </span>
    </p>
   </div>
   <div class='ocr_carea' id='block_1_79' title="bbox 2061 3993 3636 4065">
    <p class='ocr_par' dir='ltr' id='par_1_79' title="bbox 2061 3993 3636 4065">
     <span class='ocr_line' id='line_1_79' title="bbox 2061 3993 3636 4065; baseline 0.001 -17"><span class='ocrx_word' id='word_1_616' title='bbox 2061 3993 2287 4064; x_wconf 83' lang='lat' dir='ltr'><strong>Moysen</strong></span> <span class='ocrx_word' id='word_1_617' title='bbox 2324 3993 2497 4048; x_wconf 88' lang='lat' dir='ltr'><strong>fuisse</strong></span> <span class='ocrx_word' id='word_1_618' title='bbox 2539 3994 2857 4048; x_wconf 87' lang='lat' dir='ltr'><strong>testimonio</strong></span> <span class='ocrx_word' id='word_1_619' title='bbox 2897 3994 3094 4059; x_wconf 86' lang='lat' dir='ltr'><strong>fertur,</strong></span> <span class='ocrx_word' id='word_1_620' title='bbox 3130 3996 3194 4048; x_wconf 87' lang='lat' dir='ltr'><strong>ad</strong></span> <span class='ocrx_word' id='word_1_621' title='bbox 3230 4011 3456 4065; x_wconf 81' lang='lat' dir='ltr'><strong>eamque</strong></span> <span class='ocrx_word' id='word_1_622' title='bbox 3507 3997 3636 4052; x_wconf 89' lang='lat' dir='ltr'><strong>hor-</strong></span> 
     </span>
    </p>
   </div>
   <div class='ocr_carea' id='block_1_80' title="bbox 2061 4083 3626 4144">
    <p class='ocr_par' dir='ltr' id='par_1_80' title="bbox 2061 4083 3626 4144">
     <span class='ocr_line' id='line_1_80' title="bbox 2061 4083 3626 4144; baseline 0.003 -4"><span class='ocrx_word' id='word_1_623' title='bbox 2061 4087 2277 4140; x_wconf 89' lang='lat' dir='ltr'><strong>tabatur</strong></span> <span class='ocrx_word' id='word_1_624' title='bbox 2328 4085 2578 4140; x_wconf 76' lang='lat' dir='ltr'><strong>Salvator</strong></span> <span class='ocrx_word' id='word_1_625' title='bbox 2626 4093 2679 4140; x_wconf 89' lang='lat' dir='ltr'><strong>et</strong></span> <span class='ocrx_word' id='word_1_626' title='bbox 2730 4083 2993 4139; x_wconf 89' lang='lat' dir='ltr'><strong>Dominus</strong></span> <span class='ocrx_word' id='word_1_627' title='bbox 3040 4094 3229 4139; x_wconf 88' lang='lat' dir='ltr'><strong>noster</strong></span> <span class='ocrx_word' id='word_1_628' title='bbox 3269 4087 3354 4141; x_wconf 87' lang='lat' dir='ltr'><strong>his</strong></span> <span class='ocrx_word' id='word_1_629' title='bbox 3407 4089 3626 4144; x_wconf 75' lang='lat' dir='ltr'><strong>verbis:</strong></span> 
     </span>
    </p>
   </div>
   <div class='ocr_carea' id='block_1_81' title="bbox 2058 4176 3629 4248">
    <p class='ocr_par' dir='ltr' id='par_1_81' title="bbox 2058 4176 3629 4248">
     <span class='ocr_line' id='line_1_81' title="bbox 2058 4176 3629 4248; baseline 0.002 -16"><span class='ocrx_word' id='word_1_630' title='bbox 2058 4178 2262 4233; x_wconf 83' lang='lat' dir='ltr'><strong>Discite</strong></span> <span class='ocrx_word' id='word_1_631' title='bbox 2309 4195 2343 4231; x_wconf 89' lang='lat' dir='ltr'><strong>a</strong></span> <span class='ocrx_word' id='word_1_632' title='bbox 2393 4195 2473 4232; x_wconf 88' lang='lat' dir='ltr'><strong>me</strong></span> <span class='ocrx_word' id='word_1_633' title='bbox 2521 4178 2649 4248; x_wconf 87' lang='lat' dir='ltr'><strong>quia</strong></span> <span class='ocrx_word' id='word_1_634' title='bbox 2687 4177 2829 4230; x_wconf 88' lang='lat' dir='ltr'><strong>mitis</strong></span> <span class='ocrx_word' id='word_1_635' title='bbox 2885 4192 2999 4229; x_wconf 87' lang='lat' dir='ltr'><strong>sum</strong></span> <span class='ocrx_word' id='word_1_636' title='bbox 3048 4184 3095 4231; x_wconf 91' lang='lat' dir='ltr'><strong>et</strong></span> <span class='ocrx_word' id='word_1_637' title='bbox 3133 4176 3346 4230; x_wconf 85' lang='lat' dir='ltr'><strong>humilis</strong></span> <span class='ocrx_word' id='word_1_638' title='bbox 3383 4179 3539 4234; x_wconf 88' lang='lat' dir='ltr'><strong>corde</strong></span> <span class='ocrx_word' id='word_1_639' title='bbox 3562 4180 3629 4235; x_wconf 83' lang='grc'><strong>³³.</strong></span> 
     </span>
    </p>
   </div>
   <div class='ocr_carea' id='block_1_82' title="bbox 2059 4267 3631 4342">
    <p class='ocr_par' dir='ltr' id='par_1_82' title="bbox 2059 4267 3631 4342">
     <span class='ocr_line' id='line_1_82' title="bbox 2059 4267 3631 4342; baseline 0.001 -16"><span class='ocrx_word' id='word_1_640' title='bbox 2059 4271 2197 4340; x_wconf 84' lang='lat' dir='ltr'><strong>Quia</strong></span> <span class='ocrx_word' id='word_1_641' title='bbox 2226 4285 2358 4326; x_wconf 84' lang='lat' dir='ltr'><strong>vero</strong></span> <span class='ocrx_word' id='word_1_642' title='bbox 2408 4270 2811 4342; x_wconf 82' lang='lat' dir='ltr'><strong>perseverantia</strong></span> <span class='ocrx_word' id='word_1_643' title='bbox 2842 4278 2896 4323; x_wconf 90' lang='lat' dir='ltr'><strong>et</strong></span> <span class='ocrx_word' id='word_1_644' title='bbox 2940 4267 3196 4321; x_wconf 84' lang='lat' dir='ltr'><strong>diuturna</strong></span> <span class='ocrx_word' id='word_1_645' title='bbox 3230 4271 3478 4323; x_wconf 75' lang='lat' dir='ltr'><strong>custodia</strong></span> <span class='ocrx_word' id='word_1_646' title='bbox 3514 4271 3631 4327; x_wconf 63' lang='lat' dir='ltr'><strong>hazc</strong></span> 
     </span>
    </p>
   </div>
   <div class='ocr_carea' id='block_1_83' title="bbox 2057 4359 3630 4433">
    <p class='ocr_par' dir='ltr' id='par_1_83' title="bbox 2057 4359 3630 4433">
     <span class='ocr_line' id='line_1_83' title="bbox 2057 4359 3630 4433; baseline -0.002 -14"><span class='ocrx_word' id='word_1_647' title='bbox 2057 4362 2389 4433; x_wconf 75' lang='lat' dir='ltr'><strong>virtuSopus</strong></span> <span class='ocrx_word' id='word_1_648' title='bbox 2421 4362 2654 4417; x_wconf 90' lang='lat' dir='ltr'><strong>habebat</strong></span> <span class='ocrx_word' id='word_1_649' title='bbox 2675 4362 2822 4431; x_wconf 89' lang='lat' dir='ltr'><strong>(nam</strong></span> <span class='ocrx_word' id='word_1_650' title='bbox 2847 4359 2936 4431; x_wconf 87' lang='lat' dir='ltr'><strong>qui</strong></span> <span class='ocrx_word' id='word_1_651' title='bbox 2963 4361 3363 4430; x_wconf 82' lang='lat' dir='ltr'><strong>perseveraverit</strong></span> <span class='ocrx_word' id='word_1_652' title='bbox 3393 4377 3554 4431; x_wconf 89' lang='lat' dir='ltr'><strong>usque</strong></span> <span class='ocrx_word' id='word_1_653' title='bbox 3573 4362 3630 4417; x_wconf 85' lang='lat' dir='ltr'><strong>in</strong></span> 
     </span>
    </p>
   </div>
   <div class='ocr_carea' id='block_1_84' title="bbox 2057 4451 3629 4525">
    <p class='ocr_par' dir='ltr' id='par_1_84' title="bbox 2057 4451 3629 4525">
     <span class='ocr_line' id='line_1_84' title="bbox 2057 4451 3629 4525; baseline -0.002 -16"><span class='ocrx_word' id='word_1_654' title='bbox 2057 4455 2236 4525; x_wconf 79' lang='lat' dir='ltr'><strong>ﬁnem,</strong></span> <span class='ocrx_word' id='word_1_655' title='bbox 2271 4455 2353 4509; x_wconf 82' lang='lat' dir='ltr'><strong>hic</strong></span> <span class='ocrx_word' id='word_1_656' title='bbox 2382 4455 2559 4509; x_wconf 82' lang='lat' dir='ltr'><strong>salvus</strong></span> <span class='ocrx_word' id='word_1_657' title='bbox 2607 4454 2706 4507; x_wconf 85' lang='lat' dir='ltr'><strong>erit</strong></span> <span class='ocrx_word' id='word_1_658' title='bbox 2724 4452 2823 4523; x_wconf 81' lang='grc'><strong>⁸³),</strong></span> <span class='ocrx_word' id='word_1_659' title='bbox 2862 4452 2984 4506; x_wconf 90' lang='lat' dir='ltr'><strong>ideo</strong></span> <span class='ocrx_word' id='word_1_660' title='bbox 3027 4451 3349 4523; x_wconf 86' lang='lat' dir='ltr'><strong>inscriptum</strong></span> <span class='ocrx_word' id='word_1_661' title='bbox 3380 4461 3507 4509; x_wconf 88' lang='lat' dir='ltr'><strong>est:</strong></span> <span class='ocrx_word' id='word_1_662' title='bbox 3561 4451 3629 4507; x_wconf 88' lang='lat' dir='ltr'><strong>In</strong></span> 
     </span>
    </p>
   </div>
   <div class='ocr_carea' id='block_1_85' title="bbox 374 4542 1964 4633">
    <p class='ocr_par' dir='ltr' id='par_1_85' title="bbox 374 4556 1951 4633">
     <span class='ocr_line' id='line_1_85' title="bbox 374 4556 1951 4633; baseline -0.001 -18"><span class='ocrx_word' id='word_1_663' title='bbox 374 4560 600 4632; x_wconf 88' lang='grc' dir='ltr'>τοιαύτη</span> <span class='ocrx_word' id='word_1_664' title='bbox 622 4559 790 4633; x_wconf 83' lang='grc' dir='ltr'>ἀρετὴ</span> <span class='ocrx_word' id='word_1_665' title='bbox 823 4561 878 4627; x_wconf 85' lang='grc' dir='ltr'><strong>(ὁ</strong></span> <span class='ocrx_word' id='word_1_666' title='bbox 920 4559 1028 4631; x_wconf 81' lang='grc' dir='ltr'>γὰρ</span> <span class='ocrx_word' id='word_1_667' title='bbox 1050 4560 1379 4629; x_wconf 82' lang='grc' dir='ltr'>ὑπομείνας</span> <span class='ocrx_word' id='word_1_668' title='bbox 1408 4561 1496 4625; x_wconf 85' lang='grc' dir='ltr'><strong>είς</strong></span> <span class='ocrx_word' id='word_1_669' title='bbox 1522 4558 1729 4625; x_wconf 80' lang='grc' dir='ltr'>τέλος,</span> <span class='ocrx_word' id='word_1_670' title='bbox 1776 4556 1951 4626; x_wconf 85' lang='grc' dir='ltr'>οὗτος</span> 
     </span>
    </p>
   </div>
   <div class='ocr_carea' id='block_1_86' title="bbox 2065 4542 3627 4633">
    <p class='ocr_par' dir='ltr' id='par_1_86' title="bbox 2065 4542 3627 4616">
     <span class='ocr_line' id='line_1_86' title="bbox 2065 4542 3627 4616; baseline -0.002 -15"><span class='ocrx_word' id='word_1_671' title='bbox 2065 4549 2237 4615; x_wconf 79' lang='lat' dir='ltr'><strong>ﬁnem,</strong></span> <span class='ocrx_word' id='word_1_672' title='bbox 2266 4563 2329 4600; x_wconf 88' lang='lat' dir='ltr'><strong>ne</strong></span> <span class='ocrx_word' id='word_1_673' title='bbox 2368 4544 2666 4616; x_wconf 84' lang='lat' dir='ltr'><strong>disperdas.</strong></span> <span class='ocrx_word' id='word_1_674' title='bbox 2702 4542 2854 4598; x_wconf 79' lang='lat' dir='ltr'><strong>Multi</strong></span> <span class='ocrx_word' id='word_1_675' title='bbox 2906 4558 3141 4614; x_wconf 88' lang='lat' dir='ltr'><strong>namque</strong></span> <span class='ocrx_word' id='word_1_676' title='bbox 3170 4560 3229 4599; x_wconf 88' lang='lat' dir='ltr'><strong>re</strong></span> <span class='ocrx_word' id='word_1_677' title='bbox 3263 4544 3399 4599; x_wconf 88' lang='lat' dir='ltr'><strong>bene</strong></span> <span class='ocrx_word' id='word_1_678' title='bbox 3448 4554 3627 4613; x_wconf 65' lang='lat' dir='ltr'><strong>empta</strong></span> 
     </span>
    </p>
   </div>
   <div class='ocr_carea' id='block_1_87' title="bbox 374 4649 1947 4723">
    <p class='ocr_par' dir='ltr' id='par_1_87' title="bbox 374 4649 1947 4723">
     <span class='ocr_line' id='line_1_87' title="bbox 374 4649 1947 4723; baseline -0.001 -17"><span class='ocrx_word' id='word_1_679' title='bbox 374 4652 711 4719; x_wconf 76' lang='grc' dir='ltr'>σωθήσεται</span> <span class='ocrx_word' id='word_1_680' title='bbox 800 4651 888 4704; x_wconf 89' lang='grc' dir='ltr'>διά</span> <span class='ocrx_word' id='word_1_681' title='bbox 911 4650 1067 4704; x_wconf 78' lang='grc' dir='ltr'>τοῦτο</span> <span class='ocrx_word' id='word_1_682' title='bbox 1090 4651 1513 4722; x_wconf 82' lang='grc' dir='ltr'>ἐπιγέγραπται,</span> <span class='ocrx_word' id='word_1_683' title='bbox 1542 4652 1647 4717; x_wconf 82' lang='grc' dir='ltr'>Είς</span> <span class='ocrx_word' id='word_1_684' title='bbox 1667 4650 1730 4704; x_wconf 82' lang='grc' dir='ltr'>τὸ</span> <span class='ocrx_word' id='word_1_685' title='bbox 1752 4649 1947 4718; x_wconf 87' lang='grc' dir='ltr'>τέλος,</span> 
     </span>
    </p>
   </div>
   <div class='ocr_carea' id='block_1_88' title="bbox 369 4741 1946 4815">
    <p class='ocr_par' dir='ltr' id='par_1_88' title="bbox 369 4741 1946 4815">
     <span class='ocr_line' id='line_1_88' title="bbox 369 4741 1946 4815; baseline 0 -18"><span class='ocrx_word' id='word_1_686' title='bbox 369 4741 455 4812; x_wconf 71' lang='grc' dir='ltr'>μὴ</span> <span class='ocrx_word' id='word_1_687' title='bbox 499 4742 861 4813; x_wconf 72' lang='grc' dir='ltr'>διαφθείρῃς.</span> <span class='ocrx_word' id='word_1_688' title='bbox 911 4742 1100 4796; x_wconf 77' lang='grc' dir='ltr'>Πολλοὶ</span> <span class='ocrx_word' id='word_1_689' title='bbox 1155 4742 1284 4815; x_wconf 86' lang='grc' dir='ltr'><strong>γάρ,</strong></span> <span class='ocrx_word' id='word_1_690' title='bbox 1331 4742 1511 4806; x_wconf 85' lang='grc' dir='ltr'>καλῶς</span> <span class='ocrx_word' id='word_1_691' title='bbox 1538 4742 1854 4814; x_wconf 83' lang='grc' dir='ltr'>ἀρξάμενοι,</span> <span class='ocrx_word' id='word_1_692' title='bbox 1885 4743 1946 4797; x_wconf 85' lang='grc' dir='ltr'><strong>ού</strong></span> 
     </span>
    </p>
   </div>
   <div class='ocr_carea' id='block_1_89' title="bbox 371 4830 1946 4903">
    <p class='ocr_par' dir='ltr' id='par_1_89' title="bbox 371 4830 1946 4903">
     <span class='ocr_line' id='line_1_89' title="bbox 371 4830 1946 4903; baseline 0.003 -20"><span class='ocrx_word' id='word_1_693' title='bbox 371 4830 662 4901; x_wconf 85' lang='grc' dir='ltr'>διήρκεσαν</span> <span class='ocrx_word' id='word_1_694' title='bbox 686 4833 766 4897; x_wconf 87' lang='grc' dir='ltr'>εἰς</span> <span class='ocrx_word' id='word_1_695' title='bbox 795 4830 965 4896; x_wconf 82' lang='grc' dir='ltr'>τέλος.</span> <span class='ocrx_word' id='word_1_696' title='bbox 1009 4832 1167 4884; x_wconf 82' lang='grc' dir='ltr'>Ἀλλὰ</span> <span class='ocrx_word' id='word_1_697' title='bbox 1192 4831 1253 4885; x_wconf 80' lang='grc' dir='ltr'><strong>τὸ</strong></span> <span class='ocrx_word' id='word_1_698' title='bbox 1305 4832 1530 4903; x_wconf 81' lang='grc' dir='ltr'>Πνεῦμα</span> <span class='ocrx_word' id='word_1_699' title='bbox 1554 4831 1614 4885; x_wconf 78' lang='grc' dir='ltr'>τὸ</span> <span class='ocrx_word' id='word_1_700' title='bbox 1651 4835 1825 4903; x_wconf 84' lang='grc' dir='ltr'>ἆγιον,</span> <span class='ocrx_word' id='word_1_701' title='bbox 1851 4833 1946 4887; x_wconf 82' lang='grc' dir='ltr'><strong>τοῦ</strong></span> 
     </span>
    </p>
   </div>
   <div class='ocr_carea' id='block_1_90' title="bbox 371 4920 1945 4996">
    <p class='ocr_par' dir='ltr' id='par_1_90' title="bbox 371 4920 1945 4996">
     <span class='ocr_line' id='line_1_90' title="bbox 371 4920 1945 4996; baseline 0.001 -21"><span class='ocrx_word' id='word_1_702' title='bbox 371 4920 532 4975; x_wconf 81' lang='grc' dir='ltr'><strong>Δαυῖδ</strong></span> <span class='ocrx_word' id='word_1_703' title='bbox 562 4923 658 4991; x_wconf 81' lang='grc' dir='ltr'><strong>τὴν</strong></span> <span class='ocrx_word' id='word_1_704' title='bbox 692 4924 868 4995; x_wconf 87' lang='grc' dir='ltr'>φυγὴν</span> <span class='ocrx_word' id='word_1_705' title='bbox 900 4924 994 4977; x_wconf 71' lang='grc' dir='ltr'><strong>καὶ</strong></span> <span class='ocrx_word' id='word_1_706' title='bbox 1018 4923 1116 4993; x_wconf 82' lang='grc' dir='ltr'>τὴν</span> <span class='ocrx_word' id='word_1_707' title='bbox 1141 4924 1198 4976; x_wconf 86' lang='grc' dir='ltr'>ἐν</span> <span class='ocrx_word' id='word_1_708' title='bbox 1221 4922 1477 4994; x_wconf 89' lang='grc' dir='ltr'>ἐρημίαις</span> <span class='ocrx_word' id='word_1_709' title='bbox 1508 4924 1811 4995; x_wconf 80' lang='grc' dir='ltr'>διατριϐὴν,</span> <span class='ocrx_word' id='word_1_710' title='bbox 1844 4926 1945 4996; x_wconf 84' lang='grc' dir='ltr'><strong>τήν</strong></span> 
     </span>
    </p>
   </div>
   <div class='ocr_carea' id='block_1_91' title="bbox 372 5011 1950 5086">
    <p class='ocr_par' dir='ltr' id='par_1_91' title="bbox 372 5011 1950 5086">
     <span class='ocr_line' id='line_1_91' title="bbox 372 5011 1950 5086; baseline 0.002 -22"><span class='ocrx_word' id='word_1_711' title='bbox 372 5026 431 5064; x_wconf 84' lang='grc' dir='ltr'><strong>τε</strong></span> <span class='ocrx_word' id='word_1_712' title='bbox 454 5011 514 5065; x_wconf 80' lang='grc' dir='ltr'><strong>ἐν</strong></span> <span class='ocrx_word' id='word_1_713' title='bbox 543 5012 829 5083; x_wconf 87' lang='grc' dir='ltr'>σπηλαίοις</span> <span class='ocrx_word' id='word_1_714' title='bbox 880 5012 1356 5086; x_wconf 88' lang='grc' dir='ltr'>καρτερικωτάτην</span> <span class='ocrx_word' id='word_1_715' title='bbox 1381 5012 1593 5082; x_wconf 83' lang='grc' dir='ltr'>οίκησιν</span> <span class='ocrx_word' id='word_1_716' title='bbox 1615 5014 1950 5085; x_wconf 85' lang='grc' dir='ltr'>ἀποδεχόμε-</span> 
     </span>
    </p>
   </div>
   <div class='ocr_carea' id='block_1_92' title="bbox 373 5101 1942 5174">
    <p class='ocr_par' dir='ltr' id='par_1_92' title="bbox 373 5101 1942 5174">
     <span class='ocr_line' id='line_1_92' title="bbox 373 5101 1942 5174; baseline 0.002 -20"><span class='ocrx_word' id='word_1_717' title='bbox 373 5117 483 5169; x_wconf 83' lang='grc' dir='ltr'>νον,</span> <span class='ocrx_word' id='word_1_718' title='bbox 512 5102 677 5173; x_wconf 73' lang='grc' dir='ltr'>φησὶν</span> <span class='ocrx_word' id='word_1_719' title='bbox 717 5101 884 5174; x_wconf 82' lang='grc' dir='ltr'>αὐτῷ,</span> <span class='ocrx_word' id='word_1_720' title='bbox 942 5106 1048 5170; x_wconf 78' lang='grc' dir='ltr'><strong>Εἰς</strong></span> <span class='ocrx_word' id='word_1_721' title='bbox 1079 5102 1147 5157; x_wconf 88' lang='grc' dir='ltr'>τὸ</span> <span class='ocrx_word' id='word_1_722' title='bbox 1212 5101 1406 5168; x_wconf 87' lang='grc' dir='ltr'>τέλος,</span> <span class='ocrx_word' id='word_1_723' title='bbox 1449 5102 1536 5171; x_wconf 79' lang='grc' dir='ltr'>μὴ</span> <span class='ocrx_word' id='word_1_724' title='bbox 1575 5102 1942 5172; x_wconf 66' lang='grc' dir='ltr'>διαφθείρῃς,</span> 
     </span>
    </p>
   </div>
   <div class='ocr_carea' id='block_1_93' title="bbox 374 5189 1945 5265">
    <p class='ocr_par' dir='ltr' id='par_1_93' title="bbox 374 5189 1945 5265">
     <span class='ocr_line' id='line_1_93' title="bbox 374 5189 1945 5265; baseline 0.001 -20"><span class='ocrx_word' id='word_1_725' title='bbox 374 5191 502 5265; x_wconf 72' lang='grc' dir='ltr'>μένε</span> <span class='ocrx_word' id='word_1_726' title='bbox 533 5192 590 5246; x_wconf 81' lang='grc' dir='ltr'><strong>δέ</strong></span> <span class='ocrx_word' id='word_1_727' title='bbox 617 5191 681 5247; x_wconf 88' lang='grc' dir='ltr'>δι’</span> <span class='ocrx_word' id='word_1_728' title='bbox 698 5191 821 5246; x_wconf 87' lang='grc' dir='ltr'>ὃλου</span> <span class='ocrx_word' id='word_1_729' title='bbox 851 5192 1107 5255; x_wconf 84' lang='grc' dir='ltr'>τοιοῦτος,</span> <span class='ocrx_word' id='word_1_730' title='bbox 1136 5191 1212 5255; x_wconf 86' lang='grc' dir='ltr'><strong>ὡς</strong></span> <span class='ocrx_word' id='word_1_731' title='bbox 1234 5189 1299 5244; x_wconf 82' lang='grc' dir='ltr'>ἂν</span> <span class='ocrx_word' id='word_1_732' title='bbox 1331 5189 1516 5261; x_wconf 87' lang='grc' dir='ltr'>τύχοις</span> <span class='ocrx_word' id='word_1_733' title='bbox 1540 5191 1945 5263; x_wconf 83' lang='grc' dir='ltr'>στηλογραφίας</span> 
     </span>
    </p>
   </div>
   <div class='ocr_carea' id='block_1_94' title="bbox 371 5282 1943 5355">
    <p class='ocr_par' dir='ltr' id='par_1_94' title="bbox 371 5282 1943 5355">
     <span class='ocr_line' id='line_1_94' title="bbox 371 5282 1943 5355; baseline -0.001 -16"><span class='ocrx_word' id='word_1_734' title='bbox 371 5284 464 5339; x_wconf 78' lang='grc' dir='ltr'>καὶ</span> <span class='ocrx_word' id='word_1_735' title='bbox 494 5285 712 5355; x_wconf 84' lang='grc' dir='ltr'>μνήμης</span> <span class='ocrx_word' id='word_1_736' title='bbox 736 5283 975 5338; x_wconf 70' lang='grc' dir='ltr'>αἰωνίου.</span> <span class='ocrx_word' id='word_1_737' title='bbox 1012 5283 1070 5337; x_wconf 88' lang='lat'><strong>&#39;0</strong></span> <span class='ocrx_word' id='word_1_738' title='bbox 1099 5283 1157 5338; x_wconf 83' lang='grc' dir='ltr'><strong>δέ</strong></span> <span class='ocrx_word' id='word_1_739' title='bbox 1186 5285 1279 5336; x_wconf 75' lang='grc' dir='ltr'>ἐπὶ</span> <span class='ocrx_word' id='word_1_740' title='bbox 1320 5282 1551 5347; x_wconf 87' lang='grc' dir='ltr'>τούτοις,</span> <span class='ocrx_word' id='word_1_741' title='bbox 1575 5284 1637 5336; x_wconf 83' lang='grc' dir='ltr'><strong>ού</strong></span> <span class='ocrx_word' id='word_1_742' title='bbox 1664 5283 1805 5337; x_wconf 87' lang='grc' dir='ltr'><strong>κατά</strong></span> <span class='ocrx_word' id='word_1_743' title='bbox 1829 5286 1943 5337; x_wconf 86' lang='grc' dir='ltr'>Κυ-</span> 
     </span>
    </p>
   </div>
   <div class='ocr_carea' id='block_1_95' title="bbox 368 5374 1943 5448">
    <p class='ocr_par' dir='ltr' id='par_1_95' title="bbox 368 5374 1943 5448">
     <span class='ocr_line' id='line_1_95' title="bbox 368 5374 1943 5448; baseline -0.001 -17"><span class='ocrx_word' id='word_1_744' title='bbox 368 5378 552 5441; x_wconf 56' lang='grc' dir='ltr'>νικοὺς</span> <span class='ocrx_word' id='word_1_745' title='bbox 581 5375 689 5429; x_wconf 84' lang='grc' dir='ltr'>τῶν</span> <span class='ocrx_word' id='word_1_746' title='bbox 715 5376 814 5448; x_wconf 77' lang='grc' dir='ltr'>τὴν</span> <span class='ocrx_word' id='word_1_747' title='bbox 849 5375 1041 5445; x_wconf 87' lang='grc' dir='ltr'>σοφίαν</span> <span class='ocrx_word' id='word_1_748' title='bbox 1077 5374 1171 5428; x_wconf 84' lang='grc' dir='ltr'><strong>τοῦ</strong></span> <span class='ocrx_word' id='word_1_749' title='bbox 1228 5376 1422 5438; x_wconf 84' lang='grc' dir='ltr'>αἰῶνος</span> <span class='ocrx_word' id='word_1_750' title='bbox 1450 5374 1642 5428; x_wconf 83' lang='grc' dir='ltr'>τούτου</span> <span class='ocrx_word' id='word_1_751' title='bbox 1681 5393 1943 5447; x_wconf 85' lang='grc' dir='ltr'>μετερχο-</span> 
     </span>
    </p>
   </div>
   <div class='ocr_carea' id='block_1_96' title="bbox 369 5463 1941 5538">
    <p class='ocr_par' dir='ltr' id='par_1_96' title="bbox 369 5463 1941 5538">
     <span class='ocr_line' id='line_1_96' title="bbox 369 5463 1941 5538; baseline -0.001 -18"><span class='ocrx_word' id='word_1_752' title='bbox 369 5466 549 5538; x_wconf 86' lang='grc' dir='ltr'>μένων</span> <span class='ocrx_word' id='word_1_753' title='bbox 579 5466 912 5537; x_wconf 86' lang='grc' dir='ltr'>τυφούμενος</span> <span class='ocrx_word' id='word_1_754' title='bbox 939 5464 1077 5535; x_wconf 84' lang='lat' dir='ltr'><strong>(sic),</strong></span> <span class='ocrx_word' id='word_1_755' title='bbox 1103 5465 1224 5519; x_wconf 83' lang='grc' dir='ltr'><strong>ούδέ</strong></span> <span class='ocrx_word' id='word_1_756' title='bbox 1257 5465 1401 5537; x_wconf 86' lang='grc' dir='ltr'>μέγα</span> <span class='ocrx_word' id='word_1_757' title='bbox 1428 5463 1639 5536; x_wconf 85' lang='grc' dir='ltr'>φρονῶν</span> <span class='ocrx_word' id='word_1_758' title='bbox 1669 5465 1762 5519; x_wconf 82' lang='grc' dir='ltr'><strong>καὶ</strong></span> <span class='ocrx_word' id='word_1_759' title='bbox 1784 5464 1941 5537; x_wconf 76' lang='grc' dir='ltr'>βρεν-</span> 
     </span>
    </p>
   </div>
   <div class='ocr_carea' id='block_1_97' title="bbox 368 5557 1941 5632">
    <p class='ocr_par' dir='ltr' id='par_1_97' title="bbox 368 5557 1941 5632">
     <span class='ocr_line' id='line_1_97' title="bbox 368 5557 1941 5632; baseline -0.001 -20"><span class='ocrx_word' id='word_1_760' title='bbox 368 5557 626 5631; x_wconf 83' lang='grc' dir='ltr'>θυόμενος</span> <span class='ocrx_word' id='word_1_761' title='bbox 649 5559 741 5613; x_wconf 80' lang='grc' dir='ltr'>ἐπὶ</span> <span class='ocrx_word' id='word_1_762' title='bbox 763 5562 830 5632; x_wconf 83' lang='grc' dir='ltr'><strong>τῇ</strong></span> <span class='ocrx_word' id='word_1_763' title='bbox 862 5558 956 5613; x_wconf 81' lang='grc' dir='ltr'><strong>τοῦ</strong></span> <span class='ocrx_word' id='word_1_764' title='bbox 988 5558 1101 5629; x_wconf 83' lang='grc' dir='ltr'>βίου</span> <span class='ocrx_word' id='word_1_765' title='bbox 1132 5558 1418 5630; x_wconf 80' lang='grc' dir='ltr'>καρτερίᾳ,</span> <span class='ocrx_word' id='word_1_766' title='bbox 1445 5557 1553 5611; x_wconf 76' lang='grc' dir='ltr'>οὐδ’</span> <span class='ocrx_word' id='word_1_767' title='bbox 1585 5559 1667 5612; x_wconf 81' lang='grc' dir='ltr'><strong>δτι</strong></span> <span class='ocrx_word' id='word_1_768' title='bbox 1722 5557 1941 5622; x_wconf 82' lang='grc' dir='ltr'>πλείους</span> 
     </span>
    </p>
   </div>
   <div class='ocr_carea' id='block_1_98' title="bbox 2055 4633 3627 4711">
    <p class='ocr_par' dir='ltr' id='par_1_98' title="bbox 2055 4633 3627 4711">
     <span class='ocr_line' id='line_1_98' title="bbox 2055 4633 3627 4711; baseline -0.003 -15"><span class='ocrx_word' id='word_1_769' title='bbox 2055 4656 2164 4696; x_wconf 91' lang='lat' dir='ltr'><strong>non</strong></span> <span class='ocrx_word' id='word_1_770' title='bbox 2211 4645 2635 4711; x_wconf 88' lang='lat' dir='ltr'><strong>perseverantur</strong></span> <span class='ocrx_word' id='word_1_771' title='bbox 2687 4652 2861 4707; x_wconf 88' lang='lat' dir='ltr'><strong>usque</strong></span> <span class='ocrx_word' id='word_1_772' title='bbox 2914 4636 2969 4690; x_wconf 89' lang='lat' dir='ltr'><strong>in</strong></span> <span class='ocrx_word' id='word_1_773' title='bbox 3007 4636 3209 4700; x_wconf 89' lang='lat' dir='ltr'><strong>linem;</strong></span> <span class='ocrx_word' id='word_1_774' title='bbox 3259 4634 3355 4689; x_wconf 87' lang='lat' dir='ltr'><strong>sed</strong></span> <span class='ocrx_word' id='word_1_775' title='bbox 3390 4633 3627 4703; x_wconf 83' lang='lat' dir='ltr'><strong>Spiritus</strong></span> 
     </span>
    </p>
   </div>
   <div class='ocr_carea' id='block_1_99' title="bbox 2054 4726 3625 4799">
    <p class='ocr_par' dir='ltr' id='par_1_99' title="bbox 2054 4726 3625 4799">
     <span class='ocr_line' id='line_1_99' title="bbox 2054 4726 3625 4799; baseline -0.006 -10"><span class='ocrx_word' id='word_1_776' title='bbox 2054 4745 2277 4789; x_wconf 82' lang='lat' dir='ltr'><strong>sanctus</strong></span> <span class='ocrx_word' id='word_1_777' title='bbox 2305 4730 2525 4785; x_wconf 86' lang='lat' dir='ltr'><strong>Davidis</strong></span> <span class='ocrx_word' id='word_1_778' title='bbox 2552 4731 2756 4799; x_wconf 83' lang='lat' dir='ltr'><strong>fugam,</strong></span> <span class='ocrx_word' id='word_1_779' title='bbox 2780 4741 2962 4782; x_wconf 88' lang='lat' dir='ltr'><strong>moras</strong></span> <span class='ocrx_word' id='word_1_780' title='bbox 2990 4726 3044 4781; x_wconf 89' lang='lat' dir='ltr'><strong>in</strong></span> <span class='ocrx_word' id='word_1_781' title='bbox 3074 4727 3325 4789; x_wconf 86' lang='lat' dir='ltr'><strong>desertis,</strong></span> <span class='ocrx_word' id='word_1_782' title='bbox 3358 4726 3625 4780; x_wconf 87' lang='lat' dir='ltr'><strong>diutinam</strong></span> 
     </span>
    </p>
   </div>
   <div class='ocr_carea' id='block_1_100' title="bbox 2052 4817 3626 4887">
    <p class='ocr_par' dir='ltr' id='par_1_100' title="bbox 2052 4817 3626 4887">
     <span class='ocr_line' id='line_1_100' title="bbox 2052 4817 3626 4887; baseline -0.006 -10"><span class='ocrx_word' id='word_1_783' title='bbox 2052 4824 2199 4878; x_wconf 89' lang='lat' dir='ltr'><strong>illam</strong></span> <span class='ocrx_word' id='word_1_784' title='bbox 2232 4831 2287 4877; x_wconf 91' lang='lat' dir='ltr'><strong>et</strong></span> <span class='ocrx_word' id='word_1_785' title='bbox 2321 4830 2664 4878; x_wconf 86' lang='lat' dir='ltr'><strong>constantem</strong></span> <span class='ocrx_word' id='word_1_786' title='bbox 2697 4822 3083 4876; x_wconf 82' lang='lat' dir='ltr'><strong>habitationem</strong></span> <span class='ocrx_word' id='word_1_787' title='bbox 3119 4817 3172 4870; x_wconf 91' lang='lat' dir='ltr'><strong>in</strong></span> <span class='ocrx_word' id='word_1_788' title='bbox 3209 4817 3489 4886; x_wconf 75' lang='lat' dir='ltr'><strong>speluncis</strong></span> <span class='ocrx_word' id='word_1_789' title='bbox 3527 4832 3626 4887; x_wconf 91' lang='lat' dir='ltr'><strong>ap-</strong></span> 
     </span>
    </p>
   </div>
   <div class='ocr_carea' id='block_1_101' title="bbox 2050 4907 3625 4984">
    <p class='ocr_par' dir='ltr' id='par_1_101' title="bbox 2050 4907 3625 4984">
     <span class='ocr_line' id='line_1_101' title="bbox 2050 4907 3625 4984; baseline -0.004 -15"><span class='ocrx_word' id='word_1_790' title='bbox 2050 4914 2312 4984; x_wconf 87' lang='lat' dir='ltr'><strong>probans,</strong></span> <span class='ocrx_word' id='word_1_791' title='bbox 2367 4913 2442 4967; x_wconf 89' lang='lat' dir='ltr'><strong>ait</strong></span> <span class='ocrx_word' id='word_1_792' title='bbox 2488 4912 2593 4967; x_wconf 90' lang='lat' dir='ltr'><strong>illi:</strong></span> <span class='ocrx_word' id='word_1_793' title='bbox 2631 4909 2698 4964; x_wconf 87' lang='lat' dir='ltr'><strong>In</strong></span> <span class='ocrx_word' id='word_1_794' title='bbox 2743 4912 2923 4981; x_wconf 80' lang='lat' dir='ltr'><strong>finem,</strong></span> <span class='ocrx_word' id='word_1_795' title='bbox 2972 4926 3034 4963; x_wconf 89' lang='lat' dir='ltr'><strong>ne</strong></span> <span class='ocrx_word' id='word_1_796' title='bbox 3076 4907 3372 4970; x_wconf 82' lang='lat' dir='ltr'><strong>disperdas,</strong></span> <span class='ocrx_word' id='word_1_797' title='bbox 3410 4922 3625 4977; x_wconf 87' lang='lat' dir='ltr'><strong>semper</strong></span> 
     </span>
    </p>
   </div>
   <div class='ocr_carea' id='block_1_102' title="bbox 2052 5000 3622 5073">
    <p class='ocr_par' dir='ltr' id='par_1_102' title="bbox 2052 5000 3622 5073">
     <span class='ocr_line' id='line_1_102' title="bbox 2052 5000 3622 5073; baseline -0.005 -11"><span class='ocrx_word' id='word_1_798' title='bbox 2052 5008 2178 5063; x_wconf 89' lang='lat' dir='ltr'><strong>talis</strong></span> <span class='ocrx_word' id='word_1_799' title='bbox 2208 5022 2451 5073; x_wconf 87' lang='lat' dir='ltr'><strong>maneas,</strong></span> <span class='ocrx_word' id='word_1_800' title='bbox 2486 5014 2545 5060; x_wconf 89' lang='lat' dir='ltr'><strong>ut</strong></span> <span class='ocrx_word' id='word_1_801' title='bbox 2585 5007 2728 5060; x_wconf 89' lang='lat' dir='ltr'><strong>tituli</strong></span> <span class='ocrx_word' id='word_1_802' title='bbox 2770 5004 3182 5072; x_wconf 87' lang='lat' dir='ltr'><strong>inscriptionem</strong></span> <span class='ocrx_word' id='word_1_803' title='bbox 3214 5008 3268 5055; x_wconf 88' lang='lat' dir='ltr'><strong>et</strong></span> <span class='ocrx_word' id='word_1_804' title='bbox 3302 5000 3622 5054; x_wconf 89' lang='lat' dir='ltr'><strong>memoriam</strong></span> 
     </span>
    </p>
   </div>
   <div class='ocr_carea' id='block_1_103' title="bbox 2047 5093 3621 5162">
    <p class='ocr_par' dir='ltr' id='par_1_103' title="bbox 2047 5093 3621 5162">
     <span class='ocr_line' id='line_1_103' title="bbox 2047 5093 3621 5162; baseline -0.005 -9"><span class='ocrx_word' id='word_1_805' title='bbox 2047 5105 2303 5153; x_wconf 65' lang='lat' dir='ltr'><strong>aeternam</strong></span> <span class='ocrx_word' id='word_1_806' title='bbox 2333 5098 2601 5152; x_wconf 82' lang='lat' dir='ltr'><strong>obtinens.</strong></span> <span class='ocrx_word' id='word_1_807' title='bbox 2636 5096 2738 5162; x_wconf 86' lang='lat' dir='ltr'><strong>Qui</strong></span> <span class='ocrx_word' id='word_1_808' title='bbox 2770 5103 2949 5149; x_wconf 86' lang='lat' dir='ltr'><strong>autem</strong></span> <span class='ocrx_word' id='word_1_809' title='bbox 2996 5093 3052 5147; x_wconf 82' lang='lat' dir='ltr'><strong>in</strong></span> <span class='ocrx_word' id='word_1_810' title='bbox 3085 5094 3171 5147; x_wconf 62' lang='lat' dir='ltr'><strong>his</strong></span> <span class='ocrx_word' id='word_1_811' title='bbox 3208 5098 3459 5146; x_wconf 81' lang='lat' dir='ltr'><strong>versatur</strong></span> <span class='ocrx_word' id='word_1_812' title='bbox 3511 5105 3621 5145; x_wconf 90' lang='lat' dir='ltr'><strong>non</strong></span> 
     </span>
    </p>
   </div>
   <div class='ocr_carea' id='block_1_104' title="bbox 2048 5179 3623 5261">
    <p class='ocr_par' dir='ltr' id='par_1_104' title="bbox 2048 5179 3623 5261">
     <span class='ocr_line' id='line_1_104' title="bbox 2048 5179 3623 5261; baseline -0.006 -16"><span class='ocrx_word' id='word_1_813' title='bbox 2048 5189 2378 5261; x_wconf 85' lang='lat' dir='ltr'><strong>Cynicorum</strong></span> <span class='ocrx_word' id='word_1_814' title='bbox 2413 5204 2583 5252; x_wconf 91' lang='lat' dir='ltr'><strong>more,</strong></span> <span class='ocrx_word' id='word_1_815' title='bbox 2618 5189 2711 5259; x_wconf 92' lang='lat' dir='ltr'><strong>qui</strong></span> <span class='ocrx_word' id='word_1_816' title='bbox 2740 5186 3062 5257; x_wconf 88' lang='lat' dir='ltr'><strong>sapientiam</strong></span> <span class='ocrx_word' id='word_1_817' title='bbox 3091 5182 3256 5251; x_wconf 89' lang='lat' dir='ltr'><strong>hujus</strong></span> <span class='ocrx_word' id='word_1_818' title='bbox 3286 5179 3468 5235; x_wconf 68' lang='lat' dir='ltr'><strong>smeuli</strong></span> <span class='ocrx_word' id='word_1_819' title='bbox 3501 5195 3623 5249; x_wconf 89' lang='lat' dir='ltr'><strong>pro-</strong></span> 
     </span>
    </p>
   </div>
   <div class='ocr_carea' id='block_1_105' title="bbox 2050 5271 3616 5345">
    <p class='ocr_par' dir='ltr' id='par_1_105' title="bbox 2050 5271 3616 5345">
     <span class='ocr_line' id='line_1_105' title="bbox 2050 5271 3616 5345; baseline -0.006 -10"><span class='ocrx_word' id='word_1_820' title='bbox 2050 5280 2295 5343; x_wconf 80' lang='lat' dir='ltr'><strong>fitentur,</strong></span> <span class='ocrx_word' id='word_1_821' title='bbox 2359 5286 2573 5335; x_wconf 89' lang='lat' dir='ltr'><strong>tumore</strong></span> <span class='ocrx_word' id='word_1_822' title='bbox 2626 5279 2844 5344; x_wconf 89' lang='lat' dir='ltr'><strong>elatus;</strong></span> <span class='ocrx_word' id='word_1_823' title='bbox 2898 5290 3079 5345; x_wconf 85' lang='lat' dir='ltr'><strong>neque</strong></span> <span class='ocrx_word' id='word_1_824' title='bbox 3129 5274 3297 5327; x_wconf 88' lang='lat' dir='ltr'><strong>altum</strong></span> <span class='ocrx_word' id='word_1_825' title='bbox 3354 5271 3616 5342; x_wconf 85' lang='lat' dir='ltr'><strong>sapiens,</strong></span> 
     </span>
    </p>
   </div>
   <div class='ocr_carea' id='block_1_106' title="bbox 2045 5364 3616 5441">
    <p class='ocr_par' dir='ltr' id='par_1_106' title="bbox 2045 5364 3616 5441">
     <span class='ocr_line' id='line_1_106' title="bbox 2045 5364 3616 5441; baseline -0.006 -14"><span class='ocrx_word' id='word_1_826' title='bbox 2045 5371 2483 5441; x_wconf 83' lang='lat' dir='ltr'><strong>superbiensque</strong></span> <span class='ocrx_word' id='word_1_827' title='bbox 2505 5371 2572 5425; x_wconf 90' lang='lat' dir='ltr'><strong>de</strong></span> <span class='ocrx_word' id='word_1_828' title='bbox 2590 5368 2878 5425; x_wconf 88' lang='lat' dir='ltr'><strong>tolerantia</strong></span> <span class='ocrx_word' id='word_1_829' title='bbox 2909 5367 3033 5421; x_wconf 72' lang='lat' dir='ltr'><strong>vitae</strong></span> <span class='ocrx_word' id='word_1_830' title='bbox 3053 5385 3068 5433; x_wconf 91' lang='lat'><strong>;</strong></span> <span class='ocrx_word' id='word_1_831' title='bbox 3092 5379 3269 5433; x_wconf 90' lang='lat' dir='ltr'><strong>neque</strong></span> <span class='ocrx_word' id='word_1_832' title='bbox 3295 5364 3365 5417; x_wconf 85' lang='lat' dir='ltr'><strong>ob</strong></span> <span class='ocrx_word' id='word_1_833' title='bbox 3425 5370 3616 5417; x_wconf 83' lang='lat' dir='ltr'><strong>astan-</strong></span> 
     </span>
    </p>
   </div>
   <div class='ocr_carea' id='block_1_107' title="bbox 2042 5453 3619 5530">
    <p class='ocr_par' dir='ltr' id='par_1_107' title="bbox 2042 5453 3619 5530">
     <span class='ocr_line' id='line_1_107' title="bbox 2042 5453 3619 5530; baseline -0.005 -14"><span class='ocrx_word' id='word_1_834' title='bbox 2042 5471 2152 5519; x_wconf 89' lang='lat' dir='ltr'><strong>tem</strong></span> <span class='ocrx_word' id='word_1_835' title='bbox 2184 5472 2513 5518; x_wconf 87' lang='lat' dir='ltr'><strong>sectatorum</strong></span> <span class='ocrx_word' id='word_1_836' title='bbox 2544 5470 2598 5518; x_wconf 92' lang='lat' dir='ltr'><strong>et</strong></span> <span class='ocrx_word' id='word_1_837' title='bbox 2625 5461 3021 5530; x_wconf 88' lang='lat' dir='ltr'><strong>discipulorum</strong></span> <span class='ocrx_word' id='word_1_838' title='bbox 3049 5455 3283 5513; x_wconf 89' lang='lat' dir='ltr'><strong>instituti</strong></span> <span class='ocrx_word' id='word_1_839' title='bbox 3319 5453 3405 5509; x_wconf 79' lang='lat' dir='ltr'><strong>sui</strong></span> <span class='ocrx_word' id='word_1_840' title='bbox 3434 5453 3619 5508; x_wconf 85' lang='lat' dir='ltr'><strong>multi-</strong></span> 
     </span>
    </p>
   </div>
   <div class='ocr_carea' id='block_1_108' title="bbox 2045 5547 3613 5625">
    <p class='ocr_par' dir='ltr' id='par_1_108' title="bbox 2045 5547 3613 5625">
     <span class='ocr_line' id='line_1_108' title="bbox 2045 5547 3613 5625; baseline -0.008 -13"><span class='ocrx_word' id='word_1_841' title='bbox 2045 5558 2290 5613; x_wconf 88' lang='lat' dir='ltr'><strong>tudinem</strong></span> <span class='ocrx_word' id='word_1_842' title='bbox 2324 5554 2564 5623; x_wconf 88' lang='lat' dir='ltr'><strong>inllatus,</strong></span> <span class='ocrx_word' id='word_1_843' title='bbox 2600 5568 2773 5625; x_wconf 88' lang='lat' dir='ltr'><strong>neque</strong></span> <span class='ocrx_word' id='word_1_844' title='bbox 2805 5552 2873 5607; x_wconf 92' lang='lat' dir='ltr'><strong>iis</strong></span> <span class='ocrx_word' id='word_1_845' title='bbox 2897 5566 2996 5607; x_wconf 89' lang='lat' dir='ltr'><strong>ceu</strong></span> <span class='ocrx_word' id='word_1_846' title='bbox 3028 5547 3355 5606; x_wconf 87' lang='lat' dir='ltr'><strong>satellitibus</strong></span> <span class='ocrx_word' id='word_1_847' title='bbox 3381 5548 3437 5603; x_wconf 85' lang='lat' dir='ltr'><strong>et</strong></span> <span class='ocrx_word' id='word_1_848' title='bbox 3459 5559 3613 5601; x_wconf 81' lang='lat' dir='ltr'><strong>com-</strong></span> 
     </span>
    </p>
   </div>
   <div class='ocr_carea' id='block_1_109' title="bbox 443 5697 3611 5778">
    <p class='ocr_par' dir='ltr' id='par_1_109' title="bbox 443 5697 3611 5778">
     <span class='ocr_line' id='line_1_109' title="bbox 443 5697 3611 5778; baseline -0.003 -10"><span class='ocrx_word' id='word_1_849' title='bbox 443 5716 487 5749; x_wconf 79' lang='lat'><strong>&quot;</strong></span> <span class='ocrx_word' id='word_1_850' title='bbox 523 5712 671 5768; x_wconf 83' lang='lat' dir='ltr'><strong>Psal.</strong></span> <span class='ocrx_word' id='word_1_851' title='bbox 704 5714 922 5773; x_wconf 65' lang='lat' dir='ltr'><strong>enus.</strong></span> <span class='ocrx_word' id='word_1_852' title='bbox 998 5714 1044 5746; x_wconf 84' lang='lat'>&quot;</span> <span class='ocrx_word' id='word_1_853' title='bbox 1083 5711 1215 5769; x_wconf 84' lang='lat' dir='ltr'><strong>ibid.</strong></span> <span class='ocrx_word' id='word_1_854' title='bbox 1254 5712 1308 5769; x_wconf 87' lang='lat'><strong>8.</strong></span> <span class='ocrx_word' id='word_1_855' title='bbox 1383 5713 1429 5747; x_wconf 81' lang='grc'>¹²</span> <span class='ocrx_word' id='word_1_856' title='bbox 1474 5709 1663 5770; x_wconf 80' lang='lat' dir='ltr'><strong>Matth.</strong></span> <span class='ocrx_word' id='word_1_857' title='bbox 1698 5711 1860 5770; x_wconf 55' lang='grc' dir='ltr'>χαις.</span> <span class='ocrx_word' id='word_1_858' title='bbox 1942 5713 1986 5747; x_wconf 84' lang='grc'><strong><em>³⁸</em></strong></span> <span class='ocrx_word' id='word_1_859' title='bbox 2030 5711 2196 5769; x_wconf 83' lang='lat' dir='ltr'><strong>Eccli.</strong></span> <span class='ocrx_word' id='word_1_860' title='bbox 2234 5727 2362 5775; x_wconf 77' lang='lat' dir='ltr'><strong>vui,</strong></span> <span class='ocrx_word' id='word_1_861' title='bbox 2401 5711 2486 5766; x_wconf 83' lang='grc'><strong>15.</strong></span> <span class='ocrx_word' id='word_1_862' title='bbox 2564 5709 2604 5742; x_wconf 91' lang='grc'><strong>³¹</strong></span> <span class='ocrx_word' id='word_1_863' title='bbox 2649 5707 2815 5764; x_wconf 89' lang='lat' dir='ltr'><strong>llcbr.</strong></span> <span class='ocrx_word' id='word_1_864' title='bbox 2855 5706 3041 5778; x_wconf 45' lang='lat'><strong>“:58.</strong></span> <span class='ocrx_word' id='word_1_865' title='bbox 3117 5706 3163 5739; x_wconf 83' lang='lat'>”</span> <span class='ocrx_word' id='word_1_866' title='bbox 3200 5702 3491 5768; x_wconf 74' lang='lat' dir='ltr'><strong>Hatth.xt,</strong></span> <span class='ocrx_word' id='word_1_867' title='bbox 3516 5697 3611 5758; x_wconf 74' lang='lat'><strong>29.</strong></span> 
     </span>
    </p>
   </div>
   <div class='ocr_carea' id='block_1_110' title="bbox 369 5784 864 5851">
    <p class='ocr_par' dir='ltr' id='par_1_110' title="bbox 369 5784 864 5851">
     <span class='ocr_line' id='line_1_110' title="bbox 369 5784 864 5851; baseline -0.004 -10"><span class='ocrx_word' id='word_1_868' title='bbox 369 5786 415 5820; x_wconf 81' lang='grc'><strong><em>³³</em></strong></span> <span class='ocrx_word' id='word_1_869' title='bbox 450 5784 637 5841; x_wconf 78' lang='lat' dir='ltr'><strong>Matth.</strong></span> <span class='ocrx_word' id='word_1_870' title='bbox 673 5801 743 5851; x_wconf 73' lang='grc' dir='ltr'><strong>ι,</strong></span> <span class='ocrx_word' id='word_1_871' title='bbox 776 5786 864 5840; x_wconf 70' lang='lat'><strong>~22.</strong></span> 
     </span>
    </p>
   </div>
  </div>
