  <div class='ocr_page' id='page_1' title='image "/cluster/home/n/w/nwhite01/storage/ocr_20150623/23:no.5/coo.31924054873033/269.png"; bbox 0 0 4098 6396; ppageno 0'>
   <div class='ocr_carea' id='block_1_1' title="bbox 473 332 575 388">
    <p class='ocr_par' dir='ltr' id='par_1_1' title="bbox 473 332 575 388">
     <span class='ocr_line' id='line_1_1' title="bbox 473 332 575 388; baseline -0.029 0"><span class='ocrx_word' id='word_1_1' title='bbox 473 332 575 388; x_wconf 77' lang='lat'><strong>507</strong></span> 
     </span>
    </p>
   </div>
   <div class='ocr_carea' id='block_1_2' title="bbox 1141 330 2983 390">
    <p class='ocr_par' dir='ltr' id='par_1_2' title="bbox 1141 330 2983 390">
     <span class='ocr_line' id='line_1_2' title="bbox 1141 330 2983 390; baseline 0 -1"><span class='ocrx_word' id='word_1_2' title='bbox 1141 332 1409 389; x_wconf 85' lang='lat' dir='ltr'><strong>EUSEBII</strong></span> <span class='ocrx_word' id='word_1_3' title='bbox 1434 331 1909 390; x_wconf 65' lang='lat' dir='ltr'><strong>CESARIENSIS</strong></span> <span class='ocrx_word' id='word_1_4' title='bbox 1945 331 2095 387; x_wconf 66' lang='grc' dir='ltr'>ονε.</span> <span class='ocrx_word' id='word_1_5' title='bbox 2136 331 2316 388; x_wconf 73' lang='lat' dir='ltr'><strong>PARS</strong></span> <span class='ocrx_word' id='word_1_6' title='bbox 2348 330 2436 389; x_wconf 86' lang='lat' dir='ltr'><strong>Ill.</strong></span> <span class='ocrx_word' id='word_1_7' title='bbox 2474 364 2544 375; x_wconf 95' lang='lat'><strong>—</strong></span> <span class='ocrx_word' id='word_1_8' title='bbox 2577 333 2983 390; x_wconf 75' lang='lat' dir='ltr'><strong>EXEGETICA.</strong></span> 
     </span>
    </p>
   </div>
   <div class='ocr_carea' id='block_1_3' title="bbox 3616 340 3721 397">
    <p class='ocr_par' dir='ltr' id='par_1_3' title="bbox 3616 340 3721 397">
     <span class='ocr_line' id='line_1_3' title="bbox 3616 340 3721 397; baseline -0.019 0"><span class='ocrx_word' id='word_1_9' title='bbox 3616 340 3721 397; x_wconf 87' lang='lat'><strong>508</strong></span> 
     </span>
    </p>
   </div>
   <div class='ocr_carea' id='block_1_4' title="bbox 471 450 2042 526">
    <p class='ocr_par' dir='ltr' id='par_1_4' title="bbox 471 450 2042 520">
     <span class='ocr_line' id='line_1_4' title="bbox 471 450 2042 520; baseline -0.001 -13"><span class='ocrx_word' id='word_1_10' title='bbox 471 450 815 507; x_wconf 86' lang='lat' dir='ltr'><strong>militonibus</strong></span> <span class='ocrx_word' id='word_1_11' title='bbox 847 450 1128 508; x_wconf 83' lang='lat' dir='ltr'><strong>confidens</strong></span> <span class='ocrx_word' id='word_1_12' title='bbox 1160 470 1178 520; x_wconf 90' lang='lat'><strong>;</strong></span> <span class='ocrx_word' id='word_1_13' title='bbox 1229 454 1326 510; x_wconf 88' lang='lat' dir='ltr'><strong>sed</strong></span> <span class='ocrx_word' id='word_1_14' title='bbox 1355 461 1700 511; x_wconf 88' lang='lat' dir='ltr'><strong>mansuetum</strong></span> <span class='ocrx_word' id='word_1_15' title='bbox 1745 468 1825 520; x_wconf 86' lang='lat' dir='ltr'><strong>se.</strong></span> <span class='ocrx_word' id='word_1_16' title='bbox 1868 452 2042 510; x_wconf 89' lang='lat' dir='ltr'><strong>humi-</strong></span> 
     </span>
    </p>
   </div>
   <div class='ocr_carea' id='block_1_5' title="bbox 2142 450 3723 526">
    <p class='ocr_par' dir='ltr' id='par_1_5' title="bbox 2148 450 3723 526">
     <span class='ocr_line' id='line_1_5' title="bbox 2148 450 3723 526; baseline 0.003 -22"><span class='ocrx_word' id='word_1_17' title='bbox 2148 453 2274 517; x_wconf 87' lang='grc' dir='ltr'>τοὺς</span> <span class='ocrx_word' id='word_1_18' title='bbox 2300 454 2429 524; x_wconf 85' lang='grc' dir='ltr'>παρ’</span> <span class='ocrx_word' id='word_1_19' title='bbox 2460 450 2609 522; x_wconf 77' lang='grc' dir='ltr'>αὐτῷ</span> <span class='ocrx_word' id='word_1_20' title='bbox 2660 451 3030 524; x_wconf 80' lang='grc' dir='ltr'><strong>συνηγμένους</strong></span> <span class='ocrx_word' id='word_1_21' title='bbox 3066 464 3308 524; x_wconf 71' lang='grc' dir='ltr'>μιμητάς</span> <span class='ocrx_word' id='word_1_22' title='bbox 3335 470 3433 508; x_wconf 86' lang='grc' dir='ltr'><strong>και</strong></span> <span class='ocrx_word' id='word_1_23' title='bbox 3476 455 3723 526; x_wconf 83' lang='grc' dir='ltr'>μαθητὰς</span> 
     </span>
    </p>
   </div>
   <div class='ocr_carea' id='block_1_6' title="bbox 472 543 2046 617">
    <p class='ocr_par' dir='ltr' id='par_1_6' title="bbox 472 543 2046 617">
     <span class='ocr_line' id='line_1_6' title="bbox 472 543 2046 617; baseline 0.001 -19"><span class='ocrx_word' id='word_1_24' title='bbox 472 544 576 598; x_wconf 89' lang='lat' dir='ltr'><strong>lem</strong></span> <span class='ocrx_word' id='word_1_25' title='bbox 607 543 916 612; x_wconf 86' lang='lat' dir='ltr'><strong>perfectum</strong></span> <span class='ocrx_word' id='word_1_26' title='bbox 945 558 1010 597; x_wconf 89' lang='lat' dir='ltr'><strong>ac</strong></span> <span class='ocrx_word' id='word_1_27' title='bbox 1037 560 1165 600; x_wconf 86' lang='lat' dir='ltr'><strong>vere</strong></span> <span class='ocrx_word' id='word_1_28' title='bbox 1213 547 1299 601; x_wconf 88' lang='lat' dir='ltr'><strong>sui</strong></span> <span class='ocrx_word' id='word_1_29' title='bbox 1325 546 1717 617; x_wconf 74' lang='lat' dir='ltr'><strong>despicientem</strong></span> <span class='ocrx_word' id='word_1_30' title='bbox 1764 557 1821 605; x_wconf 88' lang='lat' dir='ltr'><strong>et</strong></span> <span class='ocrx_word' id='word_1_31' title='bbox 1851 549 2046 603; x_wconf 87' lang='lat' dir='ltr'><strong>imma-</strong></span> 
     </span>
    </p>
   </div>
   <div class='ocr_carea' id='block_1_7' title="bbox 468 635 2043 707">
    <p class='ocr_par' dir='ltr' id='par_1_7' title="bbox 468 635 2043 707">
     <span class='ocr_line' id='line_1_7' title="bbox 468 635 2043 707; baseline 0.004 -18"><span class='ocrx_word' id='word_1_32' title='bbox 468 635 711 690; x_wconf 84' lang='lat' dir='ltr'><strong>culatum</strong></span> <span class='ocrx_word' id='word_1_33' title='bbox 742 649 910 706; x_wconf 80' lang='lat' dir='ltr'><strong>Opere</strong></span> <span class='ocrx_word' id='word_1_34' title='bbox 929 636 1290 700; x_wconf 82' lang='lat' dir='ltr'><strong>exbibens,ad</strong></span> <span class='ocrx_word' id='word_1_35' title='bbox 1314 638 1480 693; x_wconf 90' lang='lat' dir='ltr'><strong>Deum</strong></span> <span class='ocrx_word' id='word_1_36' title='bbox 1504 641 1795 707; x_wconf 87' lang='lat' dir='ltr'><strong>clamabat,</strong></span> <span class='ocrx_word' id='word_1_37' title='bbox 1819 641 2043 697; x_wconf 90' lang='lat' dir='ltr'><strong>dicens:</strong></span> 
     </span>
    </p>
   </div>
   <div class='ocr_carea' id='block_1_8' title="bbox 469 722 2049 801">
    <p class='ocr_par' dir='ltr' id='par_1_8' title="bbox 469 722 2049 801">
     <span class='ocr_line' id='line_1_8' title="bbox 469 722 2049 801; baseline 0.007 -25"><span class='ocrx_word' id='word_1_38' title='bbox 469 722 726 780; x_wconf 75' lang='lat' dir='ltr'><strong>Miserere</strong></span> <span class='ocrx_word' id='word_1_39' title='bbox 774 728 898 788; x_wconf 88' lang='lat' dir='ltr'><strong>mei,</strong></span> <span class='ocrx_word' id='word_1_40' title='bbox 934 727 1098 792; x_wconf 86' lang='lat' dir='ltr'><strong>Deus,</strong></span> <span class='ocrx_word' id='word_1_41' title='bbox 1145 730 1397 799; x_wconf 85' lang='lat' dir='ltr'><strong>quoniam</strong></span> <span class='ocrx_word' id='word_1_42' title='bbox 1429 731 1483 783; x_wconf 90' lang='lat' dir='ltr'><strong>in</strong></span> <span class='ocrx_word' id='word_1_43' title='bbox 1519 739 1568 785; x_wconf 88' lang='lat' dir='ltr'><strong>te</strong></span> <span class='ocrx_word' id='word_1_44' title='bbox 1613 733 1828 801; x_wconf 81' lang='lat' dir='ltr'><strong>conﬁdit</strong></span> <span class='ocrx_word' id='word_1_45' title='bbox 1867 734 2049 787; x_wconf 89' lang='lat' dir='ltr'><strong>anima</strong></span> 
     </span>
    </p>
   </div>
   <div class='ocr_carea' id='block_1_9' title="bbox 468 820 2047 892">
    <p class='ocr_par' dir='ltr' id='par_1_9' title="bbox 468 820 2047 892">
     <span class='ocr_line' id='line_1_9' title="bbox 468 820 2047 892; baseline 0.004 -21"><span class='ocrx_word' id='word_1_46' title='bbox 468 834 608 882; x_wconf 82' lang='lat' dir='ltr'><strong>mea,</strong></span> <span class='ocrx_word' id='word_1_47' title='bbox 651 829 702 873; x_wconf 83' lang='lat' dir='ltr'><strong>et</strong></span> <span class='ocrx_word' id='word_1_48' title='bbox 748 821 804 873; x_wconf 87' lang='lat' dir='ltr'><strong>in</strong></span> <span class='ocrx_word' id='word_1_49' title='bbox 853 820 1041 875; x_wconf 87' lang='lat' dir='ltr'><strong>umbra</strong></span> <span class='ocrx_word' id='word_1_50' title='bbox 1089 822 1303 875; x_wconf 88' lang='lat' dir='ltr'><strong>alarum</strong></span> <span class='ocrx_word' id='word_1_51' title='bbox 1356 832 1569 876; x_wconf 85' lang='lat' dir='ltr'><strong>tuarum</strong></span> <span class='ocrx_word' id='word_1_52' title='bbox 1618 823 1857 892; x_wconf 76' lang='lat' dir='ltr'><strong>sperabo.</strong></span> <span class='ocrx_word' id='word_1_53' title='bbox 1912 822 2047 880; x_wconf 89' lang='lat' dir='ltr'><strong>Novi</strong></span> 
     </span>
    </p>
   </div>
   <div class='ocr_carea' id='block_1_10' title="bbox 470 911 2049 984">
    <p class='ocr_par' dir='ltr' id='par_1_10' title="bbox 470 911 2049 984">
     <span class='ocr_line' id='line_1_10' title="bbox 470 911 2049 984; baseline 0.004 -20"><span class='ocrx_word' id='word_1_54' title='bbox 470 912 617 965; x_wconf 88' lang='lat' dir='ltr'><strong>enim</strong></span> <span class='ocrx_word' id='word_1_55' title='bbox 643 911 759 967; x_wconf 86' lang='lat' dir='ltr'><strong>alas</strong></span> <span class='ocrx_word' id='word_1_56' title='bbox 787 920 909 967; x_wconf 90' lang='lat' dir='ltr'><strong>tuas</strong></span> <span class='ocrx_word' id='word_1_57' title='bbox 939 919 992 968; x_wconf 91' lang='lat' dir='ltr'><strong>et</strong></span> <span class='ocrx_word' id='word_1_58' title='bbox 1036 920 1407 983; x_wconf 77' lang='lat' dir='ltr'><strong>tegumentum</strong></span> <span class='ocrx_word' id='word_1_59' title='bbox 1446 922 1602 967; x_wconf 92' lang='lat' dir='ltr'><strong>tuum</strong></span> <span class='ocrx_word' id='word_1_60' title='bbox 1638 914 1896 984; x_wconf 74' lang='lat' dir='ltr'><strong>perfectis</strong></span> <span class='ocrx_word' id='word_1_61' title='bbox 1927 915 2049 970; x_wconf 87' lang='lat' dir='ltr'><strong>ani-</strong></span> 
     </span>
    </p>
   </div>
   <div class='ocr_carea' id='block_1_11' title="bbox 471 1003 2044 1073">
    <p class='ocr_par' dir='ltr' id='par_1_11' title="bbox 471 1003 2044 1073">
     <span class='ocr_line' id='line_1_11' title="bbox 471 1003 2044 1073; baseline 0.002 -17"><span class='ocrx_word' id='word_1_62' title='bbox 471 1003 668 1057; x_wconf 85' lang='lat' dir='ltr'><strong>mabus</strong></span> <span class='ocrx_word' id='word_1_63' title='bbox 698 1003 967 1058; x_wconf 82' lang='lat' dir='ltr'><strong>destinata</strong></span> <span class='ocrx_word' id='word_1_64' title='bbox 995 1018 1119 1058; x_wconf 86' lang='lat' dir='ltr'><strong>esse</strong></span> <span class='ocrx_word' id='word_1_65' title='bbox 1145 1023 1157 1057; x_wconf 93' lang='lat'>:</span> <span class='ocrx_word' id='word_1_66' title='bbox 1191 1018 1291 1071; x_wconf 73' lang='lat' dir='ltr'><strong>ego</strong></span> <span class='ocrx_word' id='word_1_67' title='bbox 1321 1018 1451 1058; x_wconf 89' lang='lat' dir='ltr'><strong>vero</strong></span> <span class='ocrx_word' id='word_1_68' title='bbox 1487 1018 1685 1073; x_wconf 87' lang='lat' dir='ltr'><strong>parvus</strong></span> <span class='ocrx_word' id='word_1_69' title='bbox 1716 1011 1771 1058; x_wconf 91' lang='lat' dir='ltr'><strong>et</strong></span> <span class='ocrx_word' id='word_1_70' title='bbox 1798 1003 2044 1069; x_wconf 86' lang='lat' dir='ltr'><strong>humilis,</strong></span> 
     </span>
    </p>
   </div>
   <div class='ocr_carea' id='block_1_12' title="bbox 468 1095 2048 1165">
    <p class='ocr_par' dir='ltr' id='par_1_12' title="bbox 468 1095 2048 1165">
     <span class='ocr_line' id='line_1_12' title="bbox 468 1095 2048 1165; baseline 0.001 -15"><span class='ocrx_word' id='word_1_71' title='bbox 468 1111 580 1150; x_wconf 85' lang='lat' dir='ltr'><strong>non</strong></span> <span class='ocrx_word' id='word_1_72' title='bbox 613 1096 665 1149; x_wconf 90' lang='lat' dir='ltr'><strong>in</strong></span> <span class='ocrx_word' id='word_1_73' title='bbox 696 1096 799 1152; x_wconf 88' lang='lat' dir='ltr'><strong>alis</strong></span> <span class='ocrx_word' id='word_1_74' title='bbox 841 1095 970 1158; x_wconf 90' lang='lat' dir='ltr'><strong>tuis,</strong></span> <span class='ocrx_word' id='word_1_75' title='bbox 994 1095 1092 1151; x_wconf 89' lang='lat' dir='ltr'><strong>sed</strong></span> <span class='ocrx_word' id='word_1_76' title='bbox 1134 1097 1189 1149; x_wconf 89' lang='lat' dir='ltr'><strong>in</strong></span> <span class='ocrx_word' id='word_1_77' title='bbox 1222 1096 1410 1149; x_wconf 83' lang='lat' dir='ltr'><strong>umbra</strong></span> <span class='ocrx_word' id='word_1_78' title='bbox 1442 1098 1649 1149; x_wconf 87' lang='lat' dir='ltr'><strong>alarum</strong></span> <span class='ocrx_word' id='word_1_79' title='bbox 1677 1105 1890 1149; x_wconf 85' lang='lat' dir='ltr'><strong>tuarum</strong></span> <span class='ocrx_word' id='word_1_80' title='bbox 1930 1113 2048 1165; x_wconf 83' lang='lat' dir='ltr'><strong>spe-</strong></span> 
     </span>
    </p>
   </div>
   <div class='ocr_carea' id='block_1_13' title="bbox 470 1187 2043 1258">
    <p class='ocr_par' dir='ltr' id='par_1_13' title="bbox 470 1187 2043 1258">
     <span class='ocr_line' id='line_1_13' title="bbox 470 1187 2043 1258; baseline 0.001 -17"><span class='ocrx_word' id='word_1_81' title='bbox 470 1187 637 1249; x_wconf 86' lang='lat' dir='ltr'><strong>rabo,</strong></span> <span class='ocrx_word' id='word_1_82' title='bbox 694 1187 855 1242; x_wconf 84' lang='lat' dir='ltr'><strong>donec</strong></span> <span class='ocrx_word' id='word_1_83' title='bbox 926 1197 1163 1242; x_wconf 81' lang='lat' dir='ltr'><strong>transeat</strong></span> <span class='ocrx_word' id='word_1_84' title='bbox 1223 1188 1516 1258; x_wconf 73' lang='lat' dir='ltr'><strong>iniquitas;</strong></span> <span class='ocrx_word' id='word_1_85' title='bbox 1573 1188 1709 1250; x_wconf 86' lang='lat' dir='ltr'><strong>sive,</strong></span> <span class='ocrx_word' id='word_1_86' title='bbox 1744 1188 2043 1242; x_wconf 88' lang='lat' dir='ltr'><strong>secundum</strong></span> 
     </span>
    </p>
   </div>
   <div class='ocr_carea' id='block_1_14' title="bbox 468 1279 2043 1349">
    <p class='ocr_par' dir='ltr' id='par_1_14' title="bbox 468 1279 2043 1349">
     <span class='ocr_line' id='line_1_14' title="bbox 468 1279 2043 1349; baseline -0.001 -15"><span class='ocrx_word' id='word_1_87' title='bbox 468 1280 746 1349; x_wconf 82' lang='lat' dir='ltr'><strong>Aquilam.</strong></span> <span class='ocrx_word' id='word_1_88' title='bbox 779 1280 943 1334; x_wconf 87' lang='lat' dir='ltr'><strong>donec</strong></span> <span class='ocrx_word' id='word_1_89' title='bbox 971 1289 1247 1334; x_wconf 76' lang='lat' dir='ltr'><strong>transeant</strong></span> <span class='ocrx_word' id='word_1_90' title='bbox 1299 1279 1547 1343; x_wconf 65' lang='lat' dir='ltr'><strong>insidiae;</strong></span> <span class='ocrx_word' id='word_1_91' title='bbox 1596 1279 1703 1342; x_wconf 86' lang='lat' dir='ltr'><strong>vel,</strong></span> <span class='ocrx_word' id='word_1_92' title='bbox 1742 1279 2043 1334; x_wconf 87' lang='lat' dir='ltr'><strong>secundum</strong></span> 
     </span>
    </p>
   </div>
   <div class='ocr_carea' id='block_1_15' title="bbox 472 1369 2043 1442">
    <p class='ocr_par' dir='ltr' id='par_1_15' title="bbox 472 1369 2043 1442">
     <span class='ocr_line' id='line_1_15' title="bbox 472 1369 2043 1442; baseline -0.001 -17"><span class='ocrx_word' id='word_1_93' title='bbox 472 1370 857 1442; x_wconf 79' lang='lat' dir='ltr'><strong>Symmachum</strong></span> <span class='ocrx_word' id='word_1_94' title='bbox 887 1411 903 1432; x_wconf 89' lang='lat'><strong>,</strong></span> <span class='ocrx_word' id='word_1_95' title='bbox 961 1370 1127 1425; x_wconf 84' lang='lat' dir='ltr'><strong>donec</strong></span> <span class='ocrx_word' id='word_1_96' title='bbox 1180 1381 1415 1424; x_wconf 84' lang='lat' dir='ltr'><strong>transeat</strong></span> <span class='ocrx_word' id='word_1_97' title='bbox 1479 1371 1855 1426; x_wconf 78' lang='lat' dir='ltr'><strong>calumniator.</strong></span> <span class='ocrx_word' id='word_1_98' title='bbox 1906 1369 2043 1425; x_wconf 88' lang='lat' dir='ltr'><strong>Cum</strong></span> 
     </span>
    </p>
   </div>
   <div class='ocr_carea' id='block_1_16' title="bbox 468 1463 2047 1535">
    <p class='ocr_par' dir='ltr' id='par_1_16' title="bbox 468 1463 2047 1535">
     <span class='ocr_line' id='line_1_16' title="bbox 468 1463 2047 1535; baseline 0 -18"><span class='ocrx_word' id='word_1_99' title='bbox 468 1471 651 1518; x_wconf 89' lang='lat' dir='ltr'><strong>autem</strong></span> <span class='ocrx_word' id='word_1_100' title='bbox 697 1463 977 1519; x_wconf 88' lang='lat' dir='ltr'><strong>transierit</strong></span> <span class='ocrx_word' id='word_1_101' title='bbox 1019 1464 1302 1533; x_wconf 80' lang='lat' dir='ltr'><strong>iniquitas,</strong></span> <span class='ocrx_word' id='word_1_102' title='bbox 1348 1471 1511 1534; x_wconf 90' lang='lat' dir='ltr'><strong>atque</strong></span> <span class='ocrx_word' id='word_1_103' title='bbox 1542 1464 1755 1520; x_wconf 64' lang='lat' dir='ltr'><strong>insidiae</strong></span> <span class='ocrx_word' id='word_1_104' title='bbox 1788 1465 1919 1519; x_wconf 90' lang='lat' dir='ltr'><strong>mihi</strong></span> <span class='ocrx_word' id='word_1_105' title='bbox 1950 1479 2047 1535; x_wconf 87' lang='lat' dir='ltr'><strong>pa-</strong></span> 
     </span>
    </p>
   </div>
   <div class='ocr_carea' id='block_1_17' title="bbox 467 1553 2042 1624">
    <p class='ocr_par' dir='ltr' id='par_1_17' title="bbox 467 1553 2042 1624">
     <span class='ocr_line' id='line_1_17' title="bbox 467 1553 2042 1624; baseline -0.001 -16"><span class='ocrx_word' id='word_1_106' title='bbox 467 1563 644 1619; x_wconf 63' lang='lat' dir='ltr'><strong>ratae,</strong></span> <span class='ocrx_word' id='word_1_107' title='bbox 703 1554 902 1624; x_wconf 85' lang='lat' dir='ltr'><strong>illeque</strong></span> <span class='ocrx_word' id='word_1_108' title='bbox 949 1554 1313 1608; x_wconf 89' lang='lat' dir='ltr'><strong>calumniator</strong></span> <span class='ocrx_word' id='word_1_109' title='bbox 1363 1553 1587 1620; x_wconf 87' lang='lat' dir='ltr'><strong>dictus;</strong></span> <span class='ocrx_word' id='word_1_110' title='bbox 1639 1561 1770 1610; x_wconf 91' lang='lat' dir='ltr'><strong>tunc</strong></span> <span class='ocrx_word' id='word_1_111' title='bbox 1820 1570 1928 1609; x_wconf 90' lang='lat' dir='ltr'><strong>non</strong></span> <span class='ocrx_word' id='word_1_112' title='bbox 1989 1553 2042 1607; x_wconf 89' lang='lat' dir='ltr'><strong>in</strong></span> 
     </span>
    </p>
   </div>
   <div class='ocr_carea' id='block_1_18' title="bbox 467 1645 2043 1717">
    <p class='ocr_par' dir='ltr' id='par_1_18' title="bbox 467 1645 2043 1717">
     <span class='ocr_line' id='line_1_18' title="bbox 467 1645 2043 1717; baseline 0.002 -18"><span class='ocrx_word' id='word_1_113' title='bbox 467 1645 697 1712; x_wconf 85' lang='lat' dir='ltr'><strong>umbra,</strong></span> <span class='ocrx_word' id='word_1_114' title='bbox 750 1646 845 1700; x_wconf 89' lang='lat' dir='ltr'><strong>sed</strong></span> <span class='ocrx_word' id='word_1_115' title='bbox 899 1645 952 1700; x_wconf 89' lang='lat' dir='ltr'><strong>in</strong></span> <span class='ocrx_word' id='word_1_116' title='bbox 1003 1645 1140 1716; x_wconf 88' lang='lat' dir='ltr'><strong>ipsis</strong></span> <span class='ocrx_word' id='word_1_117' title='bbox 1194 1645 1296 1701; x_wconf 90' lang='lat' dir='ltr'><strong>alis</strong></span> <span class='ocrx_word' id='word_1_118' title='bbox 1349 1645 1498 1708; x_wconf 91' lang='lat' dir='ltr'><strong>tuis,</strong></span> <span class='ocrx_word' id='word_1_119' title='bbox 1557 1653 1744 1717; x_wconf 88' lang='lat' dir='ltr'><strong>utpote</strong></span> <span class='ocrx_word' id='word_1_120' title='bbox 1793 1646 2043 1716; x_wconf 85' lang='lat' dir='ltr'><strong>profectu</strong></span> 
     </span>
    </p>
   </div>
   <div class='ocr_carea' id='block_1_19' title="bbox 467 1736 2043 1808">
    <p class='ocr_par' dir='ltr' id='par_1_19' title="bbox 467 1736 2043 1808">
     <span class='ocr_line' id='line_1_19' title="bbox 467 1736 2043 1808; baseline 0.002 -19"><span class='ocrx_word' id='word_1_121' title='bbox 467 1742 664 1792; x_wconf 90' lang='lat' dir='ltr'><strong>auctus</strong></span> <span class='ocrx_word' id='word_1_122' title='bbox 701 1736 1075 1807; x_wconf 84' lang='lat' dir='ltr'><strong>liberatusque</strong></span> <span class='ocrx_word' id='word_1_123' title='bbox 1105 1736 1174 1791; x_wconf 91' lang='lat' dir='ltr'><strong>ab</strong></span> <span class='ocrx_word' id='word_1_124' title='bbox 1216 1736 1365 1791; x_wconf 91' lang='lat' dir='ltr'><strong>omni</strong></span> <span class='ocrx_word' id='word_1_125' title='bbox 1402 1738 1617 1794; x_wconf 80' lang='lat' dir='ltr'><strong>actione</strong></span> <span class='ocrx_word' id='word_1_126' title='bbox 1667 1737 1856 1808; x_wconf 86' lang='lat' dir='ltr'><strong>iniqua</strong></span> <span class='ocrx_word' id='word_1_127' title='bbox 1906 1747 1962 1793; x_wconf 90' lang='lat' dir='ltr'><strong>et</strong></span> <span class='ocrx_word' id='word_1_128' title='bbox 2012 1752 2043 1792; x_wconf 92' lang='lat' dir='ltr'><strong>a</strong></span> 
     </span>
    </p>
   </div>
   <div class='ocr_carea' id='block_1_20' title="bbox 464 1828 996 1898">
    <p class='ocr_par' dir='ltr' id='par_1_20' title="bbox 464 1828 996 1898">
     <span class='ocr_line' id='line_1_20' title="bbox 464 1828 996 1898; baseline 0.002 -18"><span class='ocrx_word' id='word_1_129' title='bbox 464 1835 712 1897; x_wconf 88' lang='lat' dir='ltr'><strong>peccato,</strong></span> <span class='ocrx_word' id='word_1_130' title='bbox 744 1828 996 1898; x_wconf 83' lang='lat' dir='ltr'><strong>sperabo.</strong></span> 
     </span>
    </p>
   </div>
   <div class='ocr_carea' id='block_1_21' title="bbox 2147 542 3724 614">
    <p class='ocr_par' dir='ltr' id='par_1_21' title="bbox 2147 542 3724 614">
     <span class='ocr_line' id='line_1_21' title="bbox 2147 542 3724 614; baseline 0.002 -18"><span class='ocrx_word' id='word_1_131' title='bbox 2147 543 2241 596; x_wconf 78' lang='grc' dir='ltr'>τοῦ</span> <span class='ocrx_word' id='word_1_132' title='bbox 2264 543 2464 596; x_wconf 77' lang='grc' dir='ltr'><strong>οἰκείου</strong></span> <span class='ocrx_word' id='word_1_133' title='bbox 2484 604 2488 608; x_wconf 94' lang='lat'><em>_</em></span> <span class='ocrx_word' id='word_1_134' title='bbox 2512 542 2713 614; x_wconf 83' lang='grc' dir='ltr'><strong>τρόπου</strong></span> <span class='ocrx_word' id='word_1_135' title='bbox 2742 543 3003 614; x_wconf 73' lang='grc' dir='ltr'><strong>ἐκέκτητο</strong></span> <span class='ocrx_word' id='word_1_136' title='bbox 3066 542 3446 613; x_wconf 84' lang='grc' dir='ltr'>χαυνούμενος·</span> <span class='ocrx_word' id='word_1_137' title='bbox 3476 544 3596 598; x_wconf 80' lang='grc' dir='ltr'><strong>οὐδὲ</strong></span> <span class='ocrx_word' id='word_1_138' title='bbox 3646 547 3724 610; x_wconf 83' lang='grc' dir='ltr'>ὡς</span> 
     </span>
    </p>
   </div>
   <div class='ocr_carea' id='block_1_22' title="bbox 2147 634 3723 708">
    <p class='ocr_par' dir='ltr' id='par_1_22' title="bbox 2147 634 3723 708">
     <span class='ocr_line' id='line_1_22' title="bbox 2147 634 3723 708; baseline 0.002 -21"><span class='ocrx_word' id='word_1_139' title='bbox 2147 634 2240 687; x_wconf 76' lang='grc' dir='ltr'>ἐπὶ</span> <span class='ocrx_word' id='word_1_140' title='bbox 2261 634 2578 705; x_wconf 81' lang='grc' dir='ltr'><strong>δορυφόροις</strong></span> <span class='ocrx_word' id='word_1_141' title='bbox 2610 634 2704 688; x_wconf 74' lang='grc' dir='ltr'>καὶ</span> <span class='ocrx_word' id='word_1_142' title='bbox 2732 634 3041 705; x_wconf 83' lang='grc' dir='ltr'><strong>συμμάχοις</strong></span> <span class='ocrx_word' id='word_1_143' title='bbox 3074 634 3307 707; x_wconf 82' lang='grc' dir='ltr'><strong>θαρσῶν·</strong></span> <span class='ocrx_word' id='word_1_144' title='bbox 3340 636 3430 689; x_wconf 82' lang='grc' dir='ltr'><strong>τὸν</strong></span> <span class='ocrx_word' id='word_1_145' title='bbox 3458 635 3515 689; x_wconf 82' lang='grc' dir='ltr'><strong>δέ</strong></span> <span class='ocrx_word' id='word_1_146' title='bbox 3546 638 3723 708; x_wconf 82' lang='grc' dir='ltr'>πρᾶον</span> 
     </span>
    </p>
   </div>
   <div class='ocr_carea' id='block_1_23' title="bbox 2147 724 3723 799">
    <p class='ocr_par' dir='ltr' id='par_1_23' title="bbox 2147 724 3723 799">
     <span class='ocr_line' id='line_1_23' title="bbox 2147 724 3723 799; baseline 0.002 -21"><span class='ocrx_word' id='word_1_147' title='bbox 2147 725 2241 778; x_wconf 76' lang='grc' dir='ltr'>καὶ</span> <span class='ocrx_word' id='word_1_148' title='bbox 2268 725 2541 788; x_wconf 75' lang='grc' dir='ltr'>ταπεινὸν,</span> <span class='ocrx_word' id='word_1_149' title='bbox 2561 724 2741 779; x_wconf 85' lang='grc' dir='ltr'>τέλεόν</span> <span class='ocrx_word' id='word_1_150' title='bbox 2761 742 2821 778; x_wconf 91' lang='grc' dir='ltr'>τε</span> <span class='ocrx_word' id='word_1_151' title='bbox 2854 726 2947 778; x_wconf 75' lang='grc' dir='ltr'>καὶ</span> <span class='ocrx_word' id='word_1_152' title='bbox 2978 725 3054 790; x_wconf 83' lang='grc' dir='ltr'>ὡς</span> <span class='ocrx_word' id='word_1_153' title='bbox 3087 726 3301 797; x_wconf 81' lang='grc' dir='ltr'>ἀληθῶς</span> <span class='ocrx_word' id='word_1_154' title='bbox 3325 728 3723 799; x_wconf 78' lang='grc' dir='ltr'>ταπεινόφρονα</span> 
     </span>
    </p>
   </div>
   <div class='ocr_carea' id='block_1_24' title="bbox 2147 816 3723 889">
    <p class='ocr_par' dir='ltr' id='par_1_24' title="bbox 2147 816 3723 889">
     <span class='ocr_line' id='line_1_24' title="bbox 2147 816 3723 889; baseline 0.004 -20"><span class='ocrx_word' id='word_1_155' title='bbox 2147 816 2241 869; x_wconf 77' lang='grc' dir='ltr'>καὶ</span> <span class='ocrx_word' id='word_1_156' title='bbox 2269 816 2497 888; x_wconf 75' lang='grc' dir='ltr'>ἄμωμον</span> <span class='ocrx_word' id='word_1_157' title='bbox 2530 816 2674 888; x_wconf 86' lang='grc' dir='ltr'>έργῳ</span> <span class='ocrx_word' id='word_1_158' title='bbox 2704 816 2995 888; x_wconf 79' lang='grc' dir='ltr'>παριστὰς,</span> <span class='ocrx_word' id='word_1_159' title='bbox 3035 817 3166 871; x_wconf 74' lang='grc' dir='ltr'>ἐϐόα</span> <span class='ocrx_word' id='word_1_160' title='bbox 3203 818 3338 889; x_wconf 64' lang='grc' dir='ltr'>πρὸς</span> <span class='ocrx_word' id='word_1_161' title='bbox 3364 820 3455 871; x_wconf 82' lang='grc' dir='ltr'>τὸν</span> <span class='ocrx_word' id='word_1_162' title='bbox 3476 819 3607 874; x_wconf 82' lang='grc' dir='ltr'><strong>Θεὸν</strong></span> <span class='ocrx_word' id='word_1_163' title='bbox 3636 822 3723 875; x_wconf 91' lang='grc' dir='ltr'>λέ-</span> 
     </span>
    </p>
   </div>
   <div class='ocr_carea' id='block_1_25' title="bbox 2145 908 3722 979">
    <p class='ocr_par' dir='ltr' id='par_1_25' title="bbox 2145 908 3722 979">
     <span class='ocr_line' id='line_1_25' title="bbox 2145 908 3722 979; baseline 0.004 -18"><span class='ocrx_word' id='word_1_164' title='bbox 2145 926 2275 978; x_wconf 89' lang='grc' dir='ltr'>γων·</span> <span class='ocrx_word' id='word_1_165' title='bbox 2321 908 2612 977; x_wconf 80' lang='grc' dir='ltr'>Ἐλέησόν</span> <span class='ocrx_word' id='word_1_166' title='bbox 2642 926 2740 979; x_wconf 87' lang='grc' dir='ltr'><strong>με,</strong></span> <span class='ocrx_word' id='word_1_167' title='bbox 2771 911 2804 962; x_wconf 83' lang='grc' dir='ltr'><strong>ό</strong></span> <span class='ocrx_word' id='word_1_168' title='bbox 2832 909 2994 974; x_wconf 90' lang='grc' dir='ltr'>Θεὸς,</span> <span class='ocrx_word' id='word_1_169' title='bbox 3038 908 3126 961; x_wconf 85' lang='grc' dir='ltr'>ὅτι</span> <span class='ocrx_word' id='word_1_170' title='bbox 3174 909 3271 964; x_wconf 82' lang='grc' dir='ltr'><strong>ἐπὶ</strong></span> <span class='ocrx_word' id='word_1_171' title='bbox 3308 910 3405 964; x_wconf 79' lang='grc' dir='ltr'><strong>σοί</strong></span> <span class='ocrx_word' id='word_1_172' title='bbox 3438 911 3722 967; x_wconf 79' lang='grc' dir='ltr'><strong>πέποιθεν</strong></span> 
     </span>
    </p>
   </div>
   <div class='ocr_carea' id='block_1_26' title="bbox 2145 998 3719 1072">
    <p class='ocr_par' dir='ltr' id='par_1_26' title="bbox 2145 998 3719 1072">
     <span class='ocr_line' id='line_1_26' title="bbox 2145 998 3719 1072; baseline 0.004 -19"><span class='ocrx_word' id='word_1_173' title='bbox 2145 1001 2185 1069; x_wconf 81' lang='grc' dir='ltr'><em>ὴ</em></span> <span class='ocrx_word' id='word_1_174' title='bbox 2210 999 2379 1069; x_wconf 70' lang='grc' dir='ltr'><strong>ψυχή</strong></span> <span class='ocrx_word' id='word_1_175' title='bbox 2416 1019 2557 1070; x_wconf 87' lang='grc' dir='ltr'>μου,</span> <span class='ocrx_word' id='word_1_176' title='bbox 2594 1000 2690 1054; x_wconf 75' lang='grc' dir='ltr'><strong>καί</strong></span> <span class='ocrx_word' id='word_1_177' title='bbox 2726 1000 2795 1053; x_wconf 83' lang='grc' dir='ltr'>ἐν</span> <span class='ocrx_word' id='word_1_178' title='bbox 2841 999 2917 1067; x_wconf 78' lang='grc' dir='ltr'>τῇ</span> <span class='ocrx_word' id='word_1_179' title='bbox 2949 998 3093 1068; x_wconf 84' lang='grc' dir='ltr'><strong>σκιᾷ</strong></span> <span class='ocrx_word' id='word_1_180' title='bbox 3127 998 3245 1053; x_wconf 82' lang='grc' dir='ltr'>τῶν</span> <span class='ocrx_word' id='word_1_181' title='bbox 3274 1003 3579 1072; x_wconf 79' lang='grc' dir='ltr'>πτερύγων</span> <span class='ocrx_word' id='word_1_182' title='bbox 3602 1020 3719 1059; x_wconf 90' lang='grc' dir='ltr'><strong>σου</strong></span> 
     </span>
    </p>
   </div>
   <div class='ocr_carea' id='block_1_27' title="bbox 2144 1088 3719 1166">
    <p class='ocr_par' dir='ltr' id='par_1_27' title="bbox 2144 1088 3719 1166">
     <span class='ocr_line' id='line_1_27' title="bbox 2144 1088 3719 1166; baseline 0.001 -20"><span class='ocrx_word' id='word_1_183' title='bbox 2144 1093 2348 1147; x_wconf 86' lang='grc' dir='ltr'>ἐλπιῶ.</span> <span class='ocrx_word' id='word_1_184' title='bbox 2376 1088 2505 1146; x_wconf 84' lang='grc' dir='ltr'>Οἶδα</span> <span class='ocrx_word' id='word_1_185' title='bbox 2537 1092 2635 1161; x_wconf 80' lang='grc' dir='ltr'>μὲν</span> <span class='ocrx_word' id='word_1_186' title='bbox 2669 1090 2777 1163; x_wconf 99' lang='lat'><strong>7&amp;9</strong></span> <span class='ocrx_word' id='word_1_187' title='bbox 2807 1091 2906 1154; x_wconf 83' lang='grc' dir='ltr'>τὰς</span> <span class='ocrx_word' id='word_1_188' title='bbox 2926 1091 3024 1154; x_wconf 75' lang='grc' dir='ltr'><strong>σὰς</strong></span> <span class='ocrx_word' id='word_1_189' title='bbox 3057 1090 3330 1161; x_wconf 85' lang='grc' dir='ltr'>πτέρυγας</span> <span class='ocrx_word' id='word_1_190' title='bbox 3357 1092 3450 1145; x_wconf 82' lang='grc' dir='ltr'>καὶ</span> <span class='ocrx_word' id='word_1_191' title='bbox 3483 1093 3582 1164; x_wconf 79' lang='grc' dir='ltr'>τὴν</span> <span class='ocrx_word' id='word_1_192' title='bbox 3621 1095 3719 1166; x_wconf 78' lang='grc' dir='ltr'>σὴν</span> 
     </span>
    </p>
   </div>
   <div class='ocr_carea' id='block_1_28' title="bbox 2148 1182 3719 1256">
    <p class='ocr_par' dir='ltr' id='par_1_28' title="bbox 2148 1182 3719 1256">
     <span class='ocr_line' id='line_1_28' title="bbox 2148 1182 3719 1256; baseline 0 -19"><span class='ocrx_word' id='word_1_193' title='bbox 2148 1184 2356 1255; x_wconf 77' lang='grc' dir='ltr'><strong>σκέπην</strong></span> <span class='ocrx_word' id='word_1_194' title='bbox 2386 1182 2617 1247; x_wconf 83' lang='grc' dir='ltr'><strong>τελείαις</strong></span> <span class='ocrx_word' id='word_1_195' title='bbox 2642 1182 2840 1253; x_wconf 80' lang='grc' dir='ltr'>ψυχαῖς</span> <span class='ocrx_word' id='word_1_196' title='bbox 2871 1182 3274 1254; x_wconf 81' lang='grc' dir='ltr'>άιρωρισμένας·</span> <span class='ocrx_word' id='word_1_197' title='bbox 3295 1183 3405 1251; x_wconf 82' lang='grc' dir='ltr'>ἐγὼ</span> <span class='ocrx_word' id='word_1_198' title='bbox 3427 1183 3503 1245; x_wconf 79' lang='grc' dir='ltr'>δὲ,</span> <span class='ocrx_word' id='word_1_199' title='bbox 3526 1186 3719 1256; x_wconf 62' lang='grc' dir='ltr'>μικρὸς</span> 
     </span>
    </p>
   </div>
   <div class='ocr_carea' id='block_1_29' title="bbox 2143 1273 3717 1347">
    <p class='ocr_par' dir='ltr' id='par_1_29' title="bbox 2143 1273 3717 1347">
     <span class='ocr_line' id='line_1_29' title="bbox 2143 1273 3717 1347; baseline 0.001 -18"><span class='ocrx_word' id='word_1_200' title='bbox 2143 1273 2219 1329; x_wconf 81' lang='grc' dir='ltr'>ὢν</span> <span class='ocrx_word' id='word_1_201' title='bbox 2251 1277 2345 1329; x_wconf 75' lang='grc' dir='ltr'>καὶ</span> <span class='ocrx_word' id='word_1_202' title='bbox 2366 1275 2633 1339; x_wconf 73' lang='grc' dir='ltr'>ταπεινὸς,</span> <span class='ocrx_word' id='word_1_203' title='bbox 2672 1275 2772 1328; x_wconf 82' lang='grc' dir='ltr'><strong>οὐκ</strong></span> <span class='ocrx_word' id='word_1_204' title='bbox 2829 1274 2921 1327; x_wconf 71' lang='grc' dir='ltr'>ἐπὶ</span> <span class='ocrx_word' id='word_1_205' title='bbox 2958 1277 3077 1337; x_wconf 90' lang='grc' dir='ltr'>ταῖς</span> <span class='ocrx_word' id='word_1_206' title='bbox 3112 1277 3230 1339; x_wconf 86' lang='grc' dir='ltr'>σαῖς</span> <span class='ocrx_word' id='word_1_207' title='bbox 3277 1275 3553 1347; x_wconf 74' lang='grc' dir='ltr'>πτέρυξιν,</span> <span class='ocrx_word' id='word_1_208' title='bbox 3603 1277 3717 1330; x_wconf 80' lang='grc' dir='ltr'>ἀλλ’</span> 
     </span>
    </p>
   </div>
   <div class='ocr_carea' id='block_1_30' title="bbox 2144 1364 3717 1437">
    <p class='ocr_par' dir='ltr' id='par_1_30' title="bbox 2144 1364 3717 1437">
     <span class='ocr_line' id='line_1_30' title="bbox 2144 1364 3717 1437; baseline 0.002 -17"><span class='ocrx_word' id='word_1_209' title='bbox 2144 1366 2243 1420; x_wconf 80' lang='grc' dir='ltr'><strong>ἐπὶ</strong></span> <span class='ocrx_word' id='word_1_210' title='bbox 2282 1365 2356 1435; x_wconf 79' lang='grc' dir='ltr'>τῇ</span> <span class='ocrx_word' id='word_1_211' title='bbox 2398 1364 2543 1433; x_wconf 86' lang='grc' dir='ltr'><strong>σκιᾷ</strong></span> <span class='ocrx_word' id='word_1_212' title='bbox 2592 1366 2709 1422; x_wconf 83' lang='grc' dir='ltr'><strong>τῶν</strong></span> <span class='ocrx_word' id='word_1_213' title='bbox 2741 1368 3045 1437; x_wconf 70' lang='grc' dir='ltr'>πτερύγιον</span> <span class='ocrx_word' id='word_1_214' title='bbox 3098 1384 3213 1421; x_wconf 90' lang='grc' dir='ltr'><strong>σου</strong></span> <span class='ocrx_word' id='word_1_215' title='bbox 3247 1366 3453 1433; x_wconf 84' lang='grc' dir='ltr'>έλπιῶ,</span> <span class='ocrx_word' id='word_1_216' title='bbox 3490 1368 3602 1435; x_wconf 81' lang='grc' dir='ltr'>ἕως</span> <span class='ocrx_word' id='word_1_217' title='bbox 3642 1369 3717 1423; x_wconf 83' lang='grc' dir='ltr'>ἂν</span> 
     </span>
    </p>
   </div>
   <div class='ocr_carea' id='block_1_31' title="bbox 2146 1459 3717 1531">
    <p class='ocr_par' dir='ltr' id='par_1_31' title="bbox 2146 1459 3717 1531">
     <span class='ocr_line' id='line_1_31' title="bbox 2146 1459 3717 1531; baseline 0.002 -18"><span class='ocrx_word' id='word_1_218' title='bbox 2146 1459 2414 1528; x_wconf 81' lang='grc' dir='ltr'>παρέλθῃ</span> <span class='ocrx_word' id='word_1_219' title='bbox 2442 1461 2480 1528; x_wconf 79' lang='grc' dir='ltr'>ἡ</span> <span class='ocrx_word' id='word_1_220' title='bbox 2510 1460 2746 1529; x_wconf 80' lang='grc' dir='ltr'>ἀνομία·</span> <span class='ocrx_word' id='word_1_221' title='bbox 2776 1459 2831 1531; x_wconf 82' lang='grc' dir='ltr'>ἦ,</span> <span class='ocrx_word' id='word_1_222' title='bbox 2875 1460 3015 1514; x_wconf 84' lang='grc' dir='ltr'>κατᾶ</span> <span class='ocrx_word' id='word_1_223' title='bbox 3066 1460 3157 1513; x_wconf 84' lang='grc' dir='ltr'><strong>τὸν</strong></span> <span class='ocrx_word' id='word_1_224' title='bbox 3197 1459 3446 1525; x_wconf 82' lang='grc' dir='ltr'><strong>Ἀκύλαν,</strong></span> <span class='ocrx_word' id='word_1_225' title='bbox 3498 1461 3605 1528; x_wconf 73' lang='grc' dir='ltr'>ἕως</span> <span class='ocrx_word' id='word_1_226' title='bbox 3638 1460 3717 1516; x_wconf 85' lang='grc' dir='ltr'>ἂν</span> 
     </span>
    </p>
   </div>
   <div class='ocr_carea' id='block_1_32' title="bbox 2144 1550 3716 1623">
    <p class='ocr_par' dir='ltr' id='par_1_32' title="bbox 2144 1550 3716 1623">
     <span class='ocr_line' id='line_1_32' title="bbox 2144 1550 3716 1623; baseline 0.002 -19"><span class='ocrx_word' id='word_1_227' title='bbox 2144 1550 2409 1619; x_wconf 83' lang='grc' dir='ltr'>παρέλθῃ</span> <span class='ocrx_word' id='word_1_228' title='bbox 2444 1551 2482 1617; x_wconf 79' lang='grc' dir='ltr'>ἡ</span> <span class='ocrx_word' id='word_1_229' title='bbox 2505 1550 2815 1617; x_wconf 78' lang='grc' dir='ltr'>ἐπιϐουλή·</span> <span class='ocrx_word' id='word_1_230' title='bbox 2848 1551 2986 1605; x_wconf 83' lang='grc' dir='ltr'>κατὰ</span> <span class='ocrx_word' id='word_1_231' title='bbox 3018 1551 3075 1604; x_wconf 86' lang='grc' dir='ltr'><strong>δέ</strong></span> <span class='ocrx_word' id='word_1_232' title='bbox 3122 1551 3213 1605; x_wconf 77' lang='grc' dir='ltr'>τὸν</span> <span class='ocrx_word' id='word_1_233' title='bbox 3236 1552 3549 1623; x_wconf 77' lang='grc' dir='ltr'><strong>Σύμμαχον,</strong></span> <span class='ocrx_word' id='word_1_234' title='bbox 3604 1554 3716 1620; x_wconf 78' lang='grc' dir='ltr'>ἕως</span> 
     </span>
    </p>
   </div>
   <div class='ocr_carea' id='block_1_33' title="bbox 2144 1641 3711 1717">
    <p class='ocr_par' dir='ltr' id='par_1_33' title="bbox 2144 1641 3711 1717">
     <span class='ocr_line' id='line_1_33' title="bbox 2144 1641 3711 1717; baseline 0.008 -31"><span class='ocrx_word' id='word_1_235' title='bbox 2144 1643 2223 1697; x_wconf 77' lang='grc' dir='ltr'>ἂν</span> <span class='ocrx_word' id='word_1_236' title='bbox 2243 1641 2509 1710; x_wconf 78' lang='grc' dir='ltr'><strong>παρέλθῃ</strong></span> <span class='ocrx_word' id='word_1_237' title='bbox 2537 1641 2939 1711; x_wconf 77' lang='grc' dir='ltr'>ἐπηρεαστής.</span> <span class='ocrx_word' id='word_1_238' title='bbox 2994 1642 3243 1696; x_wconf 77' lang='grc' dir='ltr'><strong>Ἐπειδὰν</strong></span> <span class='ocrx_word' id='word_1_239' title='bbox 3287 1644 3343 1697; x_wconf 82' lang='grc' dir='ltr'>δὲ</span> <span class='ocrx_word' id='word_1_240' title='bbox 3379 1642 3620 1716; x_wconf 81' lang='grc' dir='ltr'>παρέλθῃ</span> <span class='ocrx_word' id='word_1_241' title='bbox 3678 1647 3711 1717; x_wconf 78' lang='grc' dir='ltr'>ἡ</span> 
     </span>
    </p>
   </div>
   <div class='ocr_carea' id='block_1_34' title="bbox 2144 1733 3715 1807">
    <p class='ocr_par' dir='ltr' id='par_1_34' title="bbox 2144 1733 3715 1807">
     <span class='ocr_line' id='line_1_34' title="bbox 2144 1733 3715 1807; baseline 0.001 -18"><span class='ocrx_word' id='word_1_242' title='bbox 2144 1735 2363 1806; x_wconf 83' lang='grc' dir='ltr'>ἀνομία,</span> <span class='ocrx_word' id='word_1_243' title='bbox 2390 1735 2535 1806; x_wconf 77' lang='grc' dir='ltr'>καὶὴ</span> <span class='ocrx_word' id='word_1_244' title='bbox 2562 1736 2682 1789; x_wconf 84' lang='grc' dir='ltr'>κατ’</span> <span class='ocrx_word' id='word_1_245' title='bbox 2713 1733 2846 1805; x_wconf 80' lang='grc' dir='ltr'>ἐμοῦ</span> <span class='ocrx_word' id='word_1_246' title='bbox 2879 1734 3158 1806; x_wconf 71' lang='grc' dir='ltr'>ἐπιδουλὴ,</span> <span class='ocrx_word' id='word_1_247' title='bbox 3208 1734 3301 1788; x_wconf 77' lang='grc' dir='ltr'>καὶ</span> <span class='ocrx_word' id='word_1_248' title='bbox 3336 1738 3366 1789; x_wconf 91' lang='lat'><strong>6</strong></span> <span class='ocrx_word' id='word_1_249' title='bbox 3392 1736 3715 1807; x_wconf 86' lang='grc' dir='ltr'>ὠνομασμέ-</span> 
     </span>
    </p>
   </div>
   <div class='ocr_carea' id='block_1_35' title="bbox 2074 1806 3719 1899">
    <p class='ocr_par' dir='ltr' id='par_1_35' title="bbox 2074 1806 3719 1899">
     <span class='ocr_line' id='line_1_35' title="bbox 2074 1806 3719 1899; baseline -0.001 -18"><span class='ocrx_word' id='word_1_250' title='bbox 2074 1806 2117 1862; x_wconf 76' lang='lat' dir='ltr'><strong><em>B</em></strong></span> <span class='ocrx_word' id='word_1_251' title='bbox 2145 1844 2234 1892; x_wconf 90' lang='grc' dir='ltr'><strong>νος</strong></span> <span class='ocrx_word' id='word_1_252' title='bbox 2273 1826 2637 1899; x_wconf 80' lang='grc' dir='ltr'>ἐπηρεαστὴς,</span> <span class='ocrx_word' id='word_1_253' title='bbox 2691 1825 2874 1880; x_wconf 88' lang='grc' dir='ltr'>οὐκέτι</span> <span class='ocrx_word' id='word_1_254' title='bbox 2908 1829 2964 1880; x_wconf 86' lang='grc' dir='ltr'><strong>ἐν</strong></span> <span class='ocrx_word' id='word_1_255' title='bbox 2990 1829 3057 1897; x_wconf 78' lang='grc' dir='ltr'><strong>τῇ</strong></span> <span class='ocrx_word' id='word_1_256' title='bbox 3087 1829 3234 1899; x_wconf 75' lang='grc' dir='ltr'>σκιᾷ,</span> <span class='ocrx_word' id='word_1_257' title='bbox 3278 1827 3391 1881; x_wconf 79' lang='grc' dir='ltr'>ἀλλ’</span> <span class='ocrx_word' id='word_1_258' title='bbox 3422 1829 3481 1881; x_wconf 82' lang='grc' dir='ltr'><strong>ἐν</strong></span> <span class='ocrx_word' id='word_1_259' title='bbox 3527 1829 3719 1891; x_wconf 80' lang='grc' dir='ltr'>αὑταῖς</span> 
     </span>
    </p>
   </div>
   <div class='ocr_carea' id='block_1_36' title="bbox 462 1918 3716 1993">
    <p class='ocr_par' dir='ltr' id='par_1_36' title="bbox 462 1918 3716 1993">
     <span class='ocr_line' id='line_1_36' title="bbox 462 1918 3716 1993; baseline 0 -20"><span class='ocrx_word' id='word_1_260' title='bbox 462 1923 583 1984; x_wconf 88' lang='grc' dir='ltr'>ταῖς</span> <span class='ocrx_word' id='word_1_261' title='bbox 617 1922 737 1983; x_wconf 87' lang='grc' dir='ltr'>σαῖς</span> <span class='ocrx_word' id='word_1_262' title='bbox 792 1918 1070 1992; x_wconf 79' lang='grc' dir='ltr'>πτέρυξιν,</span> <span class='ocrx_word' id='word_1_263' title='bbox 1111 1920 1188 1985; x_wconf 85' lang='grc' dir='ltr'>ὼς</span> <span class='ocrx_word' id='word_1_264' title='bbox 1249 1920 1317 1975; x_wconf 85' lang='grc' dir='ltr'>ἂν</span> <span class='ocrx_word' id='word_1_265' title='bbox 1383 1920 1663 1993; x_wconf 65' lang='grc' dir='ltr'>προκόψας</span> <span class='ocrx_word' id='word_1_266' title='bbox 1713 1920 1810 1976; x_wconf 79' lang='grc' dir='ltr'>καὶ</span> <span class='ocrx_word' id='word_1_267' title='bbox 1859 1919 2305 1993; x_wconf 76' lang='grc' dir='ltr'>ἡλευθερωμένος</span> <span class='ocrx_word' id='word_1_268' title='bbox 2357 1919 2539 1992; x_wconf 82' lang='grc' dir='ltr'>πάσης</span> <span class='ocrx_word' id='word_1_269' title='bbox 2600 1919 2804 1992; x_wconf 79' lang='grc' dir='ltr'>ἀνόμου</span> <span class='ocrx_word' id='word_1_270' title='bbox 2849 1920 3099 1992; x_wconf 80' lang='grc' dir='ltr'>πράξεώς</span> <span class='ocrx_word' id='word_1_271' title='bbox 3145 1937 3205 1974; x_wconf 85' lang='grc' dir='ltr'><strong>τε</strong></span> <span class='ocrx_word' id='word_1_272' title='bbox 3256 1919 3350 1974; x_wconf 77' lang='grc' dir='ltr'>καὶ</span> <span class='ocrx_word' id='word_1_273' title='bbox 3420 1921 3716 1993; x_wconf 70' lang='grc' dir='ltr'>ἁμαρτίαςθ</span> 
     </span>
    </p>
   </div>
   <div class='ocr_carea' id='block_1_37' title="bbox 463 2008 656 2063">
    <p class='ocr_par' dir='ltr' id='par_1_37' title="bbox 463 2008 656 2063">
     <span class='ocr_line' id='line_1_37' title="bbox 463 2008 656 2063; baseline 0.005 -1"><span class='ocrx_word' id='word_1_274' title='bbox 463 2008 656 2063; x_wconf 74' lang='grc' dir='ltr'>ἐλπιῶ.</span> 
     </span>
    </p>
   </div>
   <div class='ocr_carea' id='block_1_38' title="bbox 538 2104 2039 2174">
    <p class='ocr_par' dir='ltr' id='par_1_38' title="bbox 538 2104 2039 2174">
     <span class='ocr_line' id='line_1_38' title="bbox 538 2104 2039 2174; baseline 0.003 -14"><span class='ocrx_word' id='word_1_275' title='bbox 538 2106 705 2164; x_wconf 75' lang='lat' dir='ltr'><strong>Vens.</strong></span> <span class='ocrx_word' id='word_1_276' title='bbox 748 2106 803 2170; x_wconf 79' lang='lat'><strong>5,</strong></span> <span class='ocrx_word' id='word_1_277' title='bbox 827 2107 883 2161; x_wconf 72' lang='grc'>4.</span> <span class='ocrx_word' id='word_1_278' title='bbox 911 2104 1168 2162; x_wconf 87' lang='lat' dir='ltr'><strong>Clamabo</strong></span> <span class='ocrx_word' id='word_1_279' title='bbox 1200 2106 1271 2161; x_wconf 85' lang='lat' dir='ltr'><strong>ad</strong></span> <span class='ocrx_word' id='word_1_280' title='bbox 1299 2105 1466 2161; x_wconf 86' lang='lat' dir='ltr'><strong>Deum</strong></span> <span class='ocrx_word' id='word_1_281' title='bbox 1496 2108 1839 2174; x_wconf 88' lang='lat' dir='ltr'><strong>altissimum,</strong></span> <span class='ocrx_word' id='word_1_282' title='bbox 1872 2108 2039 2165; x_wconf 84' lang='lat' dir='ltr'><strong>Deum</strong></span> 
     </span>
    </p>
   </div>
   <div class='ocr_carea' id='block_1_39' title="bbox 465 2199 2038 2274">
    <p class='ocr_par' dir='ltr' id='par_1_39' title="bbox 465 2199 2038 2274">
     <span class='ocr_line' id='line_1_39' title="bbox 465 2199 2038 2274; baseline 0.001 -18"><span class='ocrx_word' id='word_1_283' title='bbox 465 2203 556 2274; x_wconf 86' lang='lat' dir='ltr'><strong>qui</strong></span> <span class='ocrx_word' id='word_1_284' title='bbox 587 2201 835 2271; x_wconf 71' lang='lat' dir='ltr'><strong>benefacit</strong></span> <span class='ocrx_word' id='word_1_285' title='bbox 870 2201 1017 2255; x_wconf 84' lang='lat' dir='ltr'><strong>mihi.</strong></span> <span class='ocrx_word' id='word_1_286' title='bbox 1055 2199 1208 2255; x_wconf 80' lang='lat' dir='ltr'><strong>Misit</strong></span> <span class='ocrx_word' id='word_1_287' title='bbox 1254 2199 1318 2255; x_wconf 82' lang='lat' dir='ltr'><strong>de</strong></span> <span class='ocrx_word' id='word_1_288' title='bbox 1378 2201 1504 2256; x_wconf 72' lang='lat' dir='ltr'><strong>caelo</strong></span> <span class='ocrx_word' id='word_1_289' title='bbox 1555 2210 1606 2256; x_wconf 85' lang='lat' dir='ltr'><strong>et</strong></span> <span class='ocrx_word' id='word_1_290' title='bbox 1657 2202 1879 2257; x_wconf 72' lang='lat' dir='ltr'><strong>saluauit</strong></span> <span class='ocrx_word' id='word_1_291' title='bbox 1936 2221 2038 2269; x_wconf 88' lang='lat' dir='ltr'><strong>me,</strong></span> 
     </span>
    </p>
   </div>
   <div class='ocr_carea' id='block_1_40' title="bbox 466 2292 2037 2364">
    <p class='ocr_par' dir='ltr' id='par_1_40' title="bbox 466 2292 2037 2364">
     <span class='ocr_line' id='line_1_40' title="bbox 466 2292 2037 2364; baseline 0.003 -17"><span class='ocrx_word' id='word_1_292' title='bbox 466 2294 612 2349; x_wconf 78' lang='lat' dir='ltr'><strong>dedit</strong></span> <span class='ocrx_word' id='word_1_293' title='bbox 641 2295 694 2348; x_wconf 85' lang='lat' dir='ltr'><strong>in</strong></span> <span class='ocrx_word' id='word_1_294' title='bbox 747 2292 1083 2362; x_wconf 81' lang='lat' dir='ltr'><strong>opprobrium</strong></span> <span class='ocrx_word' id='word_1_295' title='bbox 1127 2293 1495 2348; x_wconf 85' lang='lat' dir='ltr'><strong>conculcantes</strong></span> <span class='ocrx_word' id='word_1_296' title='bbox 1542 2310 1642 2349; x_wconf 89' lang='lat' dir='ltr'><strong>me.</strong></span> <span class='ocrx_word' id='word_1_297' title='bbox 1701 2293 2037 2364; x_wconf 84' lang='lat' dir='ltr'><strong>Diapsalma.</strong></span> 
     </span>
    </p>
   </div>
   <div class='ocr_carea' id='block_1_41' title="bbox 467 2383 2042 2442">
    <p class='ocr_par' dir='ltr' id='par_1_41' title="bbox 467 2383 2042 2442">
     <span class='ocr_line' id='line_1_41' title="bbox 467 2383 2042 2442; baseline -0.001 0"><span class='ocrx_word' id='word_1_298' title='bbox 467 2385 753 2442; x_wconf 87' lang='lat' dir='ltr'><strong>Clamores</strong></span> <span class='ocrx_word' id='word_1_299' title='bbox 782 2391 836 2439; x_wconf 87' lang='lat' dir='ltr'><strong>et</strong></span> <span class='ocrx_word' id='word_1_300' title='bbox 861 2383 1284 2440; x_wconf 80' lang='lat' dir='ltr'><strong>vociferationes</strong></span> <span class='ocrx_word' id='word_1_301' title='bbox 1312 2386 1561 2440; x_wconf 88' lang='lat' dir='ltr'><strong>emittere</strong></span> <span class='ocrx_word' id='word_1_302' title='bbox 1590 2383 1700 2441; x_wconf 91' lang='lat' dir='ltr'><strong>Deo</strong></span> <span class='ocrx_word' id='word_1_303' title='bbox 1732 2386 1911 2441; x_wconf 91' lang='lat' dir='ltr'><strong>solent</strong></span> <span class='ocrx_word' id='word_1_304' title='bbox 1939 2387 2042 2441; x_wconf 83' lang='lat' dir='ltr'><strong>viri</strong></span> 
     </span>
    </p>
   </div>
   <div class='ocr_carea' id='block_1_42' title="bbox 462 2475 2039 2548">
    <p class='ocr_par' dir='ltr' id='par_1_42' title="bbox 462 2475 2039 2548">
     <span class='ocr_line' id='line_1_42' title="bbox 462 2475 2039 2548; baseline 0.001 -17"><span class='ocrx_word' id='word_1_305' title='bbox 462 2477 621 2548; x_wconf 84' lang='lat' dir='ltr'><strong>justi,</strong></span> <span class='ocrx_word' id='word_1_306' title='bbox 659 2491 768 2531; x_wconf 89' lang='lat' dir='ltr'><strong>non</strong></span> <span class='ocrx_word' id='word_1_307' title='bbox 815 2478 923 2530; x_wconf 86' lang='lat' dir='ltr'><strong>alta</strong></span> <span class='ocrx_word' id='word_1_308' title='bbox 961 2491 1115 2541; x_wconf 86' lang='lat' dir='ltr'><strong>voce,</strong></span> <span class='ocrx_word' id='word_1_309' title='bbox 1152 2475 1248 2532; x_wconf 88' lang='lat' dir='ltr'><strong>sed</strong></span> <span class='ocrx_word' id='word_1_310' title='bbox 1287 2476 1550 2532; x_wconf 87' lang='lat' dir='ltr'><strong>eminenti</strong></span> <span class='ocrx_word' id='word_1_311' title='bbox 1577 2478 1773 2532; x_wconf 69' lang='lat' dir='ltr'><strong>animae</strong></span> <span class='ocrx_word' id='word_1_312' title='bbox 1818 2478 2039 2534; x_wconf 84' lang='lat' dir='ltr'><strong>virtute.</strong></span> 
     </span>
    </p>
   </div>
   <div class='ocr_carea' id='block_1_43' title="bbox 465 2568 2041 2641">
    <p class='ocr_par' dir='ltr' id='par_1_43' title="bbox 465 2568 2041 2641">
     <span class='ocr_line' id='line_1_43' title="bbox 465 2568 2041 2641; baseline 0.003 -18"><span class='ocrx_word' id='word_1_313' title='bbox 465 2568 649 2637; x_wconf 83' lang='lat' dir='ltr'><strong>Quare</strong></span> <span class='ocrx_word' id='word_1_314' title='bbox 677 2570 840 2625; x_wconf 87' lang='lat' dir='ltr'><strong>etiam</strong></span> <span class='ocrx_word' id='word_1_315' title='bbox 872 2569 1097 2626; x_wconf 80' lang='lat' dir='ltr'><strong>silentes</strong></span> <span class='ocrx_word' id='word_1_316' title='bbox 1118 2569 1461 2640; x_wconf 89' lang='lat' dir='ltr'><strong>plerumque,</strong></span> <span class='ocrx_word' id='word_1_317' title='bbox 1491 2568 1686 2641; x_wconf 80' lang='lat' dir='ltr'><strong>Spiritu</strong></span> <span class='ocrx_word' id='word_1_318' title='bbox 1711 2570 2041 2627; x_wconf 90' lang='lat' dir='ltr'><strong>clamabant.</strong></span> 
     </span>
    </p>
   </div>
   <div class='ocr_carea' id='block_1_44' title="bbox 465 2660 2043 2733">
    <p class='ocr_par' dir='ltr' id='par_1_44' title="bbox 465 2660 2043 2733">
     <span class='ocr_line' id='line_1_44' title="bbox 465 2660 2043 2733; baseline 0.001 -18"><span class='ocrx_word' id='word_1_319' title='bbox 465 2660 588 2733; x_wconf 84' lang='lat' dir='ltr'><strong>Ipse</strong></span> <span class='ocrx_word' id='word_1_320' title='bbox 646 2676 883 2732; x_wconf 85' lang='lat' dir='ltr'><strong>namque</strong></span> <span class='ocrx_word' id='word_1_321' title='bbox 954 2660 1191 2731; x_wconf 83' lang='lat' dir='ltr'><strong>Spiritus</strong></span> <span class='ocrx_word' id='word_1_322' title='bbox 1250 2660 1530 2730; x_wconf 85' lang='lat' dir='ltr'><strong>gemitibus</strong></span> <span class='ocrx_word' id='word_1_323' title='bbox 1592 2660 2043 2716; x_wconf 83' lang='lat' dir='ltr'><strong>iuenarrabilibus</strong></span> 
     </span>
    </p>
   </div>
   <div class='ocr_carea' id='block_1_45' title="bbox 462 2749 2044 2824">
    <p class='ocr_par' dir='ltr' id='par_1_45' title="bbox 462 2749 2044 2824">
     <span class='ocr_line' id='line_1_45' title="bbox 462 2749 2044 2824; baseline -0.001 -16"><span class='ocrx_word' id='word_1_324' title='bbox 462 2751 697 2824; x_wconf 83' lang='lat' dir='ltr'><strong>postulat</strong></span> <span class='ocrx_word' id='word_1_325' title='bbox 726 2751 834 2807; x_wconf 84' lang='lat' dir='ltr'><strong>Deo</strong></span> <span class='ocrx_word' id='word_1_326' title='bbox 847 2752 913 2816; x_wconf 75' lang='grc'><strong>³⁵,</strong></span> <span class='ocrx_word' id='word_1_327' title='bbox 934 2751 1235 2807; x_wconf 89' lang='lat' dir='ltr'><strong>secundum</strong></span> <span class='ocrx_word' id='word_1_328' title='bbox 1251 2750 1694 2821; x_wconf 82' lang='lat' dir='ltr'><strong>Apostolum.Sic</strong></span> <span class='ocrx_word' id='word_1_329' title='bbox 1723 2751 1907 2823; x_wconf 88' lang='lat' dir='ltr'><strong>itaque</strong></span> <span class='ocrx_word' id='word_1_330' title='bbox 1940 2749 2044 2806; x_wconf 86' lang='lat' dir='ltr'><strong>Da-</strong></span> 
     </span>
    </p>
   </div>
   <div class='ocr_carea' id='block_1_46' title="bbox 464 2842 2043 2914">
    <p class='ocr_par' dir='ltr' id='par_1_46' title="bbox 464 2842 2043 2914">
     <span class='ocr_line' id='line_1_46' title="bbox 464 2842 2043 2914; baseline 0 -15"><span class='ocrx_word' id='word_1_331' title='bbox 464 2845 555 2900; x_wconf 84' lang='lat' dir='ltr'><strong>vid</strong></span> <span class='ocrx_word' id='word_1_332' title='bbox 610 2845 677 2900; x_wconf 89' lang='lat' dir='ltr'><strong>ad</strong></span> <span class='ocrx_word' id='word_1_333' title='bbox 733 2843 901 2900; x_wconf 86' lang='lat' dir='ltr'><strong>Deum</strong></span> <span class='ocrx_word' id='word_1_334' title='bbox 936 2843 1225 2898; x_wconf 86' lang='lat' dir='ltr'><strong>clamabat.</strong></span> <span class='ocrx_word' id='word_1_335' title='bbox 1278 2842 1503 2909; x_wconf 89' lang='lat' dir='ltr'><strong>Deinde,</strong></span> <span class='ocrx_word' id='word_1_336' title='bbox 1540 2850 1601 2897; x_wconf 88' lang='lat' dir='ltr'><strong>ut</strong></span> <span class='ocrx_word' id='word_1_337' title='bbox 1644 2844 1738 2914; x_wconf 93' lang='lat' dir='ltr'><strong>qui</strong></span> <span class='ocrx_word' id='word_1_338' title='bbox 1787 2844 2043 2914; x_wconf 87' lang='lat' dir='ltr'><strong>pleraque</strong></span> 
     </span>
    </p>
   </div>
   <div class='ocr_carea' id='block_1_47' title="bbox 463 2934 2039 3008">
    <p class='ocr_par' dir='ltr' id='par_1_47' title="bbox 463 2934 2039 3008">
     <span class='ocr_line' id='line_1_47' title="bbox 463 2934 2039 3008; baseline -0.001 -15"><span class='ocrx_word' id='word_1_339' title='bbox 463 2939 837 3008; x_wconf 73' lang='lat' dir='ltr'><strong>experimenta</strong></span> <span class='ocrx_word' id='word_1_340' title='bbox 892 2934 1199 2992; x_wconf 82' lang='lat' dir='ltr'><strong>Servatoris</strong></span> <span class='ocrx_word' id='word_1_341' title='bbox 1245 2935 1331 2991; x_wconf 89' lang='lat' dir='ltr'><strong>sui</strong></span> <span class='ocrx_word' id='word_1_342' title='bbox 1370 2936 1598 3006; x_wconf 84' lang='lat' dir='ltr'><strong>ceperit,</strong></span> <span class='ocrx_word' id='word_1_343' title='bbox 1647 2944 1805 3008; x_wconf 77' lang='lat' dir='ltr'><strong>grato</strong></span> <span class='ocrx_word' id='word_1_344' title='bbox 1855 2937 2039 2993; x_wconf 86' lang='lat' dir='ltr'><strong>animo</strong></span> 
     </span>
    </p>
   </div>
   <div class='ocr_carea' id='block_1_48' title="bbox 463 3026 2038 3099">
    <p class='ocr_par' dir='ltr' id='par_1_48' title="bbox 463 3026 2038 3099">
     <span class='ocr_line' id='line_1_48' title="bbox 463 3026 2038 3099; baseline 0.001 -18"><span class='ocrx_word' id='word_1_345' title='bbox 463 3029 663 3099; x_wconf 78' lang='lat' dir='ltr'><strong>pergit,</strong></span> <span class='ocrx_word' id='word_1_346' title='bbox 698 3027 861 3081; x_wconf 86' lang='lat' dir='ltr'><strong>Deum</strong></span> <span class='ocrx_word' id='word_1_347' title='bbox 891 3027 981 3097; x_wconf 88' lang='lat' dir='ltr'><strong>qui</strong></span> <span class='ocrx_word' id='word_1_348' title='bbox 1009 3026 1258 3095; x_wconf 72' lang='lat' dir='ltr'><strong>benefacit</strong></span> <span class='ocrx_word' id='word_1_349' title='bbox 1292 3026 1441 3081; x_wconf 85' lang='lat' dir='ltr'><strong>mihi.</strong></span> <span class='ocrx_word' id='word_1_350' title='bbox 1472 3027 1607 3081; x_wconf 80' lang='lat' dir='ltr'><strong>Cum</strong></span> <span class='ocrx_word' id='word_1_351' title='bbox 1652 3028 1786 3081; x_wconf 90' lang='lat' dir='ltr'><strong>dicit</strong></span> <span class='ocrx_word' id='word_1_352' title='bbox 1835 3038 2038 3096; x_wconf 86' lang='lat' dir='ltr'><strong>autem,</strong></span> 
     </span>
    </p>
   </div>
   <div class='ocr_carea' id='block_1_49' title="bbox 468 3118 2043 3182">
    <p class='ocr_par' dir='ltr' id='par_1_49' title="bbox 468 3118 2043 3182">
     <span class='ocr_line' id='line_1_49' title="bbox 468 3118 2043 3182; baseline 0.001 -9"><span class='ocrx_word' id='word_1_353' title='bbox 468 3119 617 3173; x_wconf 80' lang='lat' dir='ltr'><strong>Misit</strong></span> <span class='ocrx_word' id='word_1_354' title='bbox 647 3118 711 3172; x_wconf 81' lang='lat' dir='ltr'><strong>de</strong></span> <span class='ocrx_word' id='word_1_355' title='bbox 731 3118 879 3182; x_wconf 76' lang='lat' dir='ltr'><strong>caelo,</strong></span> <span class='ocrx_word' id='word_1_356' title='bbox 907 3127 958 3172; x_wconf 86' lang='lat' dir='ltr'><strong>et</strong></span> <span class='ocrx_word' id='word_1_357' title='bbox 987 3118 1209 3173; x_wconf 86' lang='lat' dir='ltr'><strong>salvavit</strong></span> <span class='ocrx_word' id='word_1_358' title='bbox 1237 3134 1347 3182; x_wconf 88' lang='lat' dir='ltr'><strong>me;</strong></span> <span class='ocrx_word' id='word_1_359' title='bbox 1379 3119 1607 3174; x_wconf 89' lang='lat' dir='ltr'><strong>missum</strong></span> <span class='ocrx_word' id='word_1_360' title='bbox 1641 3135 1671 3174; x_wconf 89' lang='lat' dir='ltr'><strong>a</strong></span> <span class='ocrx_word' id='word_1_361' title='bbox 1706 3119 1818 3175; x_wconf 91' lang='lat' dir='ltr'><strong>Deo</strong></span> <span class='ocrx_word' id='word_1_362' title='bbox 1853 3119 2043 3175; x_wconf 87' lang='lat' dir='ltr'><strong>Salva-</strong></span> 
     </span>
    </p>
   </div>
   <div class='ocr_carea' id='block_1_50' title="bbox 467 3208 2042 3282">
    <p class='ocr_par' dir='ltr' id='par_1_50' title="bbox 467 3208 2042 3282">
     <span class='ocr_line' id='line_1_50' title="bbox 467 3208 2042 3282; baseline 0.001 -16"><span class='ocrx_word' id='word_1_363' title='bbox 467 3222 640 3266; x_wconf 91' lang='lat' dir='ltr'><strong>torem</strong></span> <span class='ocrx_word' id='word_1_364' title='bbox 670 3208 962 3281; x_wconf 88' lang='lat' dir='ltr'><strong>quemdam</strong></span> <span class='ocrx_word' id='word_1_365' title='bbox 1000 3209 1226 3266; x_wconf 86' lang='lat' dir='ltr'><strong>indicat.</strong></span> <span class='ocrx_word' id='word_1_366' title='bbox 1258 3210 1394 3276; x_wconf 85' lang='lat' dir='ltr'><strong>Quis</strong></span> <span class='ocrx_word' id='word_1_367' title='bbox 1419 3227 1546 3267; x_wconf 88' lang='lat' dir='ltr'><strong>vero</strong></span> <span class='ocrx_word' id='word_1_368' title='bbox 1573 3211 1644 3266; x_wconf 91' lang='lat' dir='ltr'><strong>sit</strong></span> <span class='ocrx_word' id='word_1_369' title='bbox 1674 3212 1764 3267; x_wconf 88' lang='lat' dir='ltr'><strong>ille</strong></span> <span class='ocrx_word' id='word_1_370' title='bbox 1790 3211 1902 3282; x_wconf 86' lang='lat' dir='ltr'><strong>jam</strong></span> <span class='ocrx_word' id='word_1_371' title='bbox 1931 3228 2042 3267; x_wconf 90' lang='lat' dir='ltr'><strong>non</strong></span> 
     </span>
    </p>
   </div>
   <div class='ocr_carea' id='block_1_51' title="bbox 465 3301 2041 3367">
    <p class='ocr_par' dir='ltr' id='par_1_51' title="bbox 465 3301 2041 3367">
     <span class='ocr_line' id='line_1_51' title="bbox 465 3301 2041 3367; baseline -0.001 -8"><span class='ocrx_word' id='word_1_372' title='bbox 465 3303 732 3366; x_wconf 87' lang='lat' dir='ltr'><strong>declarat,</strong></span> <span class='ocrx_word' id='word_1_373' title='bbox 761 3317 951 3357; x_wconf 84' lang='lat' dir='ltr'><strong>verum</strong></span> <span class='ocrx_word' id='word_1_374' title='bbox 974 3302 1029 3357; x_wconf 91' lang='lat' dir='ltr'><strong>in</strong></span> <span class='ocrx_word' id='word_1_375' title='bbox 1058 3302 1167 3357; x_wconf 88' lang='lat' dir='ltr'><strong>alio</strong></span> <span class='ocrx_word' id='word_1_376' title='bbox 1194 3303 1377 3367; x_wconf 78' lang='lat' dir='ltr'><strong>docet,</strong></span> <span class='ocrx_word' id='word_1_377' title='bbox 1400 3304 1489 3358; x_wconf 90' lang='lat' dir='ltr'><strong>ubi</strong></span> <span class='ocrx_word' id='word_1_378' title='bbox 1520 3303 1624 3357; x_wconf 90' lang='lat' dir='ltr'><strong>ait:</strong></span> <span class='ocrx_word' id='word_1_379' title='bbox 1649 3301 1799 3357; x_wconf 78' lang='lat' dir='ltr'><strong>Misit</strong></span> <span class='ocrx_word' id='word_1_380' title='bbox 1832 3304 2041 3358; x_wconf 84' lang='lat' dir='ltr'><strong>verbum</strong></span> 
     </span>
    </p>
   </div>
   <div class='ocr_carea' id='block_1_52' title="bbox 466 3394 2041 3464">
    <p class='ocr_par' dir='ltr' id='par_1_52' title="bbox 466 3394 2041 3464">
     <span class='ocr_line' id='line_1_52' title="bbox 466 3394 2041 3464; baseline -0.001 -13"><span class='ocrx_word' id='word_1_381' title='bbox 466 3412 645 3463; x_wconf 88' lang='lat' dir='ltr'><strong>suum,</strong></span> <span class='ocrx_word' id='word_1_382' title='bbox 672 3403 722 3449; x_wconf 89' lang='lat' dir='ltr'><strong>et</strong></span> <span class='ocrx_word' id='word_1_383' title='bbox 754 3394 963 3450; x_wconf 85' lang='lat' dir='ltr'><strong>sanavit</strong></span> <span class='ocrx_word' id='word_1_384' title='bbox 993 3411 1103 3457; x_wconf 84' lang='lat' dir='ltr'><strong>eos,</strong></span> <span class='ocrx_word' id='word_1_385' title='bbox 1140 3403 1189 3449; x_wconf 90' lang='lat' dir='ltr'><strong>et</strong></span> <span class='ocrx_word' id='word_1_386' title='bbox 1219 3395 1409 3464; x_wconf 83' lang='lat' dir='ltr'><strong>eripuit</strong></span> <span class='ocrx_word' id='word_1_387' title='bbox 1438 3411 1526 3449; x_wconf 88' lang='lat' dir='ltr'><strong>eos</strong></span> <span class='ocrx_word' id='word_1_388' title='bbox 1561 3394 1625 3449; x_wconf 86' lang='lat' dir='ltr'><strong>de</strong></span> <span class='ocrx_word' id='word_1_389' title='bbox 1654 3396 2041 3451; x_wconf 82' lang='lat' dir='ltr'><strong>iuteritionibus</strong></span> 
     </span>
    </p>
   </div>
   <div class='ocr_carea' id='block_1_53' title="bbox 465 3485 2038 3559">
    <p class='ocr_par' dir='ltr' id='par_1_53' title="bbox 465 3485 2038 3559">
     <span class='ocr_line' id='line_1_53' title="bbox 465 3485 2038 3559; baseline -0.003 -14"><span class='ocrx_word' id='word_1_390' title='bbox 465 3489 731 3545; x_wconf 77' lang='lat' dir='ltr'><strong>eorum”.</strong></span> <span class='ocrx_word' id='word_1_391' title='bbox 770 3487 1008 3544; x_wconf 80' lang='lat' dir='ltr'><strong>Verbum</strong></span> <span class='ocrx_word' id='word_1_392' title='bbox 1044 3487 1227 3559; x_wconf 85' lang='lat' dir='ltr'><strong>itaque</strong></span> <span class='ocrx_word' id='word_1_393' title='bbox 1255 3485 1351 3541; x_wconf 89' lang='lat' dir='ltr'><strong>Dei</strong></span> <span class='ocrx_word' id='word_1_394' title='bbox 1385 3493 1525 3551; x_wconf 88' lang='lat' dir='ltr'><strong>erat,</strong></span> <span class='ocrx_word' id='word_1_395' title='bbox 1568 3485 1714 3556; x_wconf 90' lang='lat' dir='ltr'><strong>quod</strong></span> <span class='ocrx_word' id='word_1_396' title='bbox 1746 3488 1874 3542; x_wconf 92' lang='lat' dir='ltr'><strong>olim</strong></span> <span class='ocrx_word' id='word_1_397' title='bbox 1910 3488 2038 3542; x_wconf 89' lang='lat' dir='ltr'><strong>mit-</strong></span> 
     </span>
    </p>
   </div>
   <div class='ocr_carea' id='block_1_54' title="bbox 465 3578 2035 3649">
    <p class='ocr_par' dir='ltr' id='par_1_54' title="bbox 465 3578 2035 3649">
     <span class='ocr_line' id='line_1_54' title="bbox 465 3578 2035 3649; baseline -0.002 -15"><span class='ocrx_word' id='word_1_398' title='bbox 465 3581 726 3645; x_wconf 88' lang='lat' dir='ltr'><strong>tebatur,</strong></span> <span class='ocrx_word' id='word_1_399' title='bbox 775 3588 832 3635; x_wconf 89' lang='lat' dir='ltr'><strong>et</strong></span> <span class='ocrx_word' id='word_1_400' title='bbox 887 3594 1077 3634; x_wconf 88' lang='lat' dir='ltr'><strong>eorum</strong></span> <span class='ocrx_word' id='word_1_401' title='bbox 1131 3578 1226 3649; x_wconf 90' lang='lat' dir='ltr'><strong>qui</strong></span> <span class='ocrx_word' id='word_1_402' title='bbox 1275 3584 1432 3633; x_wconf 87' lang='lat' dir='ltr'><strong>erant</strong></span> <span class='ocrx_word' id='word_1_403' title='bbox 1491 3578 1667 3634; x_wconf 84' lang='lat' dir='ltr'><strong>salute</strong></span> <span class='ocrx_word' id='word_1_404' title='bbox 1692 3578 1813 3649; x_wconf 86' lang='lat' dir='ltr'><strong>ejus</strong></span> <span class='ocrx_word' id='word_1_405' title='bbox 1863 3578 2035 3649; x_wconf 82' lang='lat' dir='ltr'><strong>digni,</strong></span> 
     </span>
    </p>
   </div>
   <div class='ocr_carea' id='block_1_55' title="bbox 467 3670 2040 3742">
    <p class='ocr_par' dir='ltr' id='par_1_55' title="bbox 467 3670 2040 3742">
     <span class='ocr_line' id='line_1_55' title="bbox 467 3670 2040 3742; baseline -0.001 -14"><span class='ocrx_word' id='word_1_406' title='bbox 467 3673 719 3728; x_wconf 82' lang='lat' dir='ltr'><strong>Salvator</strong></span> <span class='ocrx_word' id='word_1_407' title='bbox 746 3671 997 3728; x_wconf 77' lang='lat' dir='ltr'><strong>cﬂectum</strong></span> <span class='ocrx_word' id='word_1_408' title='bbox 1026 3679 1130 3728; x_wconf 84' lang='lat' dir='ltr'><strong>est.</strong></span> <span class='ocrx_word' id='word_1_409' title='bbox 1161 3670 1317 3738; x_wconf 80' lang='lat' dir='ltr'><strong>Quod</strong></span> <span class='ocrx_word' id='word_1_410' title='bbox 1345 3686 1469 3726; x_wconf 91' lang='lat' dir='ltr'><strong>cum</strong></span> <span class='ocrx_word' id='word_1_411' title='bbox 1498 3672 1666 3742; x_wconf 89' lang='lat' dir='ltr'><strong>probe</strong></span> <span class='ocrx_word' id='word_1_412' title='bbox 1706 3680 1894 3728; x_wconf 87' lang='lat' dir='ltr'><strong>nosset</strong></span> <span class='ocrx_word' id='word_1_413' title='bbox 1937 3672 2040 3727; x_wconf 91' lang='lat' dir='ltr'><strong>Da—</strong></span> 
     </span>
    </p>
   </div>
   <div class='ocr_carea' id='block_1_56' title="bbox 464 3763 2038 3835">
    <p class='ocr_par' dir='ltr' id='par_1_56' title="bbox 464 3763 2038 3835">
     <span class='ocr_line' id='line_1_56' title="bbox 464 3763 2038 3835; baseline 0.001 -16"><span class='ocrx_word' id='word_1_414' title='bbox 464 3765 579 3830; x_wconf 76' lang='lat' dir='ltr'><strong>vid,</strong></span> <span class='ocrx_word' id='word_1_415' title='bbox 626 3766 836 3820; x_wconf 86' lang='lat' dir='ltr'><strong>aiebat:</strong></span> <span class='ocrx_word' id='word_1_416' title='bbox 874 3763 1020 3818; x_wconf 85' lang='lat' dir='ltr'><strong>Misit</strong></span> <span class='ocrx_word' id='word_1_417' title='bbox 1050 3764 1113 3819; x_wconf 82' lang='lat' dir='ltr'><strong>de</strong></span> <span class='ocrx_word' id='word_1_418' title='bbox 1158 3764 1306 3829; x_wconf 75' lang='lat' dir='ltr'><strong>caelo,</strong></span> <span class='ocrx_word' id='word_1_419' title='bbox 1338 3774 1387 3819; x_wconf 88' lang='lat' dir='ltr'><strong>et</strong></span> <span class='ocrx_word' id='word_1_420' title='bbox 1437 3763 1661 3820; x_wconf 82' lang='lat' dir='ltr'><strong>salvavit</strong></span> <span class='ocrx_word' id='word_1_421' title='bbox 1709 3780 1809 3820; x_wconf 86' lang='lat' dir='ltr'><strong>me.</strong></span> <span class='ocrx_word' id='word_1_422' title='bbox 1853 3763 2038 3835; x_wconf 88' lang='lat' dir='ltr'><strong>Itaque</strong></span> 
     </span>
    </p>
   </div>
   <div class='ocr_carea' id='block_1_57' title="bbox 464 3853 2037 3926">
    <p class='ocr_par' dir='ltr' id='par_1_57' title="bbox 464 3853 2037 3926">
     <span class='ocr_line' id='line_1_57' title="bbox 464 3853 2037 3926; baseline -0.005 -12"><span class='ocrx_word' id='word_1_423' title='bbox 464 3856 645 3914; x_wconf 88' lang='lat' dir='ltr'><strong>salute</strong></span> <span class='ocrx_word' id='word_1_424' title='bbox 696 3855 921 3926; x_wconf 78' lang='lat' dir='ltr'><strong>dignum</strong></span> <span class='ocrx_word' id='word_1_425' title='bbox 974 3871 1071 3926; x_wconf 88' lang='lat' dir='ltr'><strong>per</strong></span> <span class='ocrx_word' id='word_1_426' title='bbox 1125 3853 1466 3910; x_wconf 86' lang='lat' dir='ltr'><strong>Salvatorcm</strong></span> <span class='ocrx_word' id='word_1_427' title='bbox 1533 3854 1744 3910; x_wconf 85' lang='lat' dir='ltr'><strong>salvum</strong></span> <span class='ocrx_word' id='word_1_428' title='bbox 1800 3853 2037 3911; x_wconf 82' lang='lat' dir='ltr'><strong>faciebat</strong></span> 
     </span>
    </p>
   </div>
   <div class='ocr_carea' id='block_1_58' title="bbox 460 3946 2037 4019">
    <p class='ocr_par' dir='ltr' id='par_1_58' title="bbox 460 3946 2037 4019">
     <span class='ocr_line' id='line_1_58' title="bbox 460 3946 2037 4019; baseline -0.002 -16"><span class='ocrx_word' id='word_1_429' title='bbox 460 3946 821 4003; x_wconf 70' lang='lat' dir='ltr'><strong>Altissimus:</strong></span> <span class='ocrx_word' id='word_1_430' title='bbox 856 3947 1250 4018; x_wconf 75' lang='lat' dir='ltr'><strong>ipsequejuste</strong></span> <span class='ocrx_word' id='word_1_431' title='bbox 1288 3948 1565 4019; x_wconf 87' lang='lat' dir='ltr'><strong>judicans,</strong></span> <span class='ocrx_word' id='word_1_432' title='bbox 1599 3947 1944 4016; x_wconf 79' lang='lat' dir='ltr'><strong>insurgentes</strong></span> <span class='ocrx_word' id='word_1_433' title='bbox 1981 3953 2037 4002; x_wconf 89' lang='lat' dir='ltr'><strong>et</strong></span> 
     </span>
    </p>
   </div>
   <div class='ocr_carea' id='block_1_59' title="bbox 462 4037 2033 4108">
    <p class='ocr_par' dir='ltr' id='par_1_59' title="bbox 462 4037 2033 4108">
     <span class='ocr_line' id='line_1_59' title="bbox 462 4037 2033 4108; baseline -0.002 -15"><span class='ocrx_word' id='word_1_434' title='bbox 462 4038 851 4093; x_wconf 88' lang='lat' dir='ltr'><strong>conculcantes</strong></span> <span class='ocrx_word' id='word_1_435' title='bbox 875 4038 1085 4107; x_wconf 89' lang='lat' dir='ltr'><strong>justum</strong></span> <span class='ocrx_word' id='word_1_436' title='bbox 1114 4037 1279 4092; x_wconf 87' lang='lat' dir='ltr'><strong>dabat</strong></span> <span class='ocrx_word' id='word_1_437' title='bbox 1306 4037 1363 4092; x_wconf 91' lang='lat' dir='ltr'><strong>in</strong></span> <span class='ocrx_word' id='word_1_438' title='bbox 1399 4037 1751 4108; x_wconf 80' lang='lat' dir='ltr'><strong>approbrium</strong></span> <span class='ocrx_word' id='word_1_439' title='bbox 1781 4055 1793 4089; x_wconf 94' lang='lat'>:</span> <span class='ocrx_word' id='word_1_440' title='bbox 1825 4037 2033 4091; x_wconf 89' lang='lat' dir='ltr'><strong>utinam</strong></span> 
     </span>
    </p>
   </div>
   <div class='ocr_carea' id='block_1_60' title="bbox 460 4126 2037 4199">
    <p class='ocr_par' dir='ltr' id='par_1_60' title="bbox 460 4126 2037 4199">
     <span class='ocr_line' id='line_1_60' title="bbox 460 4126 2037 4199; baseline -0.003 -13"><span class='ocrx_word' id='word_1_441' title='bbox 460 4137 516 4186; x_wconf 90' lang='lat' dir='ltr'><strong>et</strong></span> <span class='ocrx_word' id='word_1_442' title='bbox 553 4130 807 4185; x_wconf 88' lang='lat' dir='ltr'><strong>meliores</strong></span> <span class='ocrx_word' id='word_1_443' title='bbox 837 4129 1184 4194; x_wconf 87' lang='lat' dir='ltr'><strong>reddidisset,</strong></span> <span class='ocrx_word' id='word_1_444' title='bbox 1218 4128 1641 4199; x_wconf 81' lang='lat' dir='ltr'><strong>Opprobriisque</strong></span> <span class='ocrx_word' id='word_1_445' title='bbox 1669 4126 1816 4198; x_wconf 88' lang='lat' dir='ltr'><strong>ipsos</strong></span> <span class='ocrx_word' id='word_1_446' title='bbox 1842 4127 2037 4197; x_wconf 88' lang='lat' dir='ltr'><strong>resipi-</strong></span> 
     </span>
    </p>
   </div>
   <div class='ocr_carea' id='block_1_61' title="bbox 462 4221 915 4279">
    <p class='ocr_par' dir='ltr' id='par_1_61' title="bbox 462 4221 915 4279">
     <span class='ocr_line' id='line_1_61' title="bbox 462 4221 915 4279; baseline -0.007 -1"><span class='ocrx_word' id='word_1_447' title='bbox 462 4237 618 4279; x_wconf 85' lang='lat' dir='ltr'><strong>scere</strong></span> <span class='ocrx_word' id='word_1_448' title='bbox 653 4221 876 4278; x_wconf 86' lang='lat' dir='ltr'><strong>l&#39;ccisset</strong></span> <span class='ocrx_word' id='word_1_449' title='bbox 903 4224 915 4276; x_wconf 89' lang='lat'><strong>!</strong></span> 
     </span>
    </p>
   </div>
   <div class='ocr_carea' id='block_1_62' title="bbox 2214 2108 3721 2180">
    <p class='ocr_par' dir='ltr' id='par_1_62' title="bbox 2214 2108 3721 2180">
     <span class='ocr_line' id='line_1_62' title="bbox 2214 2108 3721 2180; baseline 0 -16"><span class='ocrx_word' id='word_1_450' title='bbox 2214 2110 2586 2180; x_wconf 80' lang='grc' dir='ltr'>Κεκράξομαι</span> <span class='ocrx_word' id='word_1_451' title='bbox 2637 2109 2786 2179; x_wconf 84' lang='grc' dir='ltr'>πρὸς</span> <span class='ocrx_word' id='word_1_452' title='bbox 2812 2110 2921 2164; x_wconf 82' lang='grc' dir='ltr'><strong>τὸν</strong></span> <span class='ocrx_word' id='word_1_453' title='bbox 2949 2108 3097 2163; x_wconf 85' lang='grc' dir='ltr'><strong>Θεὸν</strong></span> <span class='ocrx_word' id='word_1_454' title='bbox 3151 2109 3258 2163; x_wconf 87' lang='grc' dir='ltr'><strong>τὸν</strong></span> <span class='ocrx_word' id='word_1_455' title='bbox 3293 2110 3576 2178; x_wconf 76' lang='grc' dir='ltr'>ὕψιστον,</span> <span class='ocrx_word' id='word_1_456' title='bbox 3613 2110 3721 2165; x_wconf 88' lang='grc' dir='ltr'><strong>τὸν</strong></span> 
     </span>
    </p>
   </div>
   <div class='ocr_carea' id='block_1_63' title="bbox 2147 2199 3723 2270">
    <p class='ocr_par' dir='ltr' id='par_1_63' title="bbox 2147 2199 3723 2270">
     <span class='ocr_line' id='line_1_63' title="bbox 2147 2199 3723 2270; baseline 0 -14"><span class='ocrx_word' id='word_1_457' title='bbox 2147 2200 2298 2257; x_wconf 85' lang='grc' dir='ltr'>Θεὸν</span> <span class='ocrx_word' id='word_1_458' title='bbox 2310 2200 2416 2254; x_wconf 89' lang='grc' dir='ltr'><strong>τὸν</strong></span> <span class='ocrx_word' id='word_1_459' title='bbox 2430 2199 2905 2269; x_wconf 73' lang='grc' dir='ltr'>εὐεργετήσαντα</span> <span class='ocrx_word' id='word_1_460' title='bbox 2915 2217 3012 2270; x_wconf 86' lang='grc' dir='ltr'><strong>με.</strong></span> <span class='ocrx_word' id='word_1_461' title='bbox 3048 2199 3509 2265; x_wconf 78' lang='grc' dir='ltr'>Ἐξαπέστειλεν</span> <span class='ocrx_word' id='word_1_462' title='bbox 3536 2200 3607 2266; x_wconf 77' lang='grc' dir='ltr'><strong>ἐξ</strong></span> <span class='ocrx_word' id='word_1_463' title='bbox 3620 2204 3723 2256; x_wconf 87' lang='grc' dir='ltr'><strong>οὐ·</strong></span> 
     </span>
    </p>
   </div>
   <div class='ocr_carea' id='block_1_64' title="bbox 2138 2291 3721 2363">
    <p class='ocr_par' dir='ltr' id='par_1_64' title="bbox 2138 2291 3721 2363">
     <span class='ocr_line' id='line_1_64' title="bbox 2138 2291 3721 2363; baseline 0 -16"><span class='ocrx_word' id='word_1_464' title='bbox 2138 2291 2330 2363; x_wconf 82' lang='grc' dir='ltr'>ρανοῦ</span> <span class='ocrx_word' id='word_1_465' title='bbox 2384 2292 2482 2346; x_wconf 77' lang='grc' dir='ltr'>καὶ</span> <span class='ocrx_word' id='word_1_466' title='bbox 2529 2292 2726 2346; x_wconf 77' lang='grc' dir='ltr'>ἔσωσέ</span> <span class='ocrx_word' id='word_1_467' title='bbox 2759 2309 2856 2362; x_wconf 87' lang='grc' dir='ltr'><strong>με,</strong></span> <span class='ocrx_word' id='word_1_468' title='bbox 2886 2292 3108 2347; x_wconf 76' lang='grc' dir='ltr'>ἔδωκεν</span> <span class='ocrx_word' id='word_1_469' title='bbox 3171 2295 3259 2358; x_wconf 80' lang='grc' dir='ltr'><strong>εις</strong></span> <span class='ocrx_word' id='word_1_470' title='bbox 3304 2292 3535 2360; x_wconf 80' lang='grc' dir='ltr'>ὄνειδος</span> <span class='ocrx_word' id='word_1_471' title='bbox 3576 2293 3721 2360; x_wconf 86' lang='grc' dir='ltr'>τοὺς</span> 
     </span>
    </p>
   </div>
   <div class='ocr_carea' id='block_1_65' title="bbox 2147 2382 3719 2455">
    <p class='ocr_par' dir='ltr' id='par_1_65' title="bbox 2147 2382 3719 2455">
     <span class='ocr_line' id='line_1_65' title="bbox 2147 2382 3719 2455; baseline -0.001 -16"><span class='ocrx_word' id='word_1_472' title='bbox 2147 2382 2639 2446; x_wconf 76' lang='grc' dir='ltr'>καταπατοῦντας</span> <span class='ocrx_word' id='word_1_473' title='bbox 2662 2401 2758 2454; x_wconf 89' lang='grc' dir='ltr'><strong>με.</strong></span> <span class='ocrx_word' id='word_1_474' title='bbox 2795 2383 3128 2453; x_wconf 65' lang='grc' dir='ltr'>Διάψαλμα.</span> <span class='ocrx_word' id='word_1_475' title='bbox 3170 2384 3431 2454; x_wconf 82' lang='grc' dir='ltr'>Κραυγὰς</span> <span class='ocrx_word' id='word_1_476' title='bbox 3459 2386 3554 2438; x_wconf 77' lang='grc' dir='ltr'>καὶ</span> <span class='ocrx_word' id='word_1_477' title='bbox 3587 2385 3719 2455; x_wconf 79' lang='grc' dir='ltr'>βοὰς</span> 
     </span>
    </p>
   </div>
   <div class='ocr_carea' id='block_1_66' title="bbox 2146 2472 3716 2545">
    <p class='ocr_par' dir='ltr' id='par_1_66' title="bbox 2146 2472 3716 2545">
     <span class='ocr_line' id='line_1_66' title="bbox 2146 2472 3716 2545; baseline -0.002 -16"><span class='ocrx_word' id='word_1_478' title='bbox 2146 2474 2399 2529; x_wconf 80' lang='grc' dir='ltr'>εἰώθασιν</span> <span class='ocrx_word' id='word_1_479' title='bbox 2442 2477 2489 2529; x_wconf 77' lang='lat' dir='ltr'><strong>oi</strong></span> <span class='ocrx_word' id='word_1_480' title='bbox 2518 2474 2715 2528; x_wconf 87' lang='grc' dir='ltr'>δίκαιοι</span> <span class='ocrx_word' id='word_1_481' title='bbox 2743 2474 2822 2545; x_wconf 82' lang='grc' dir='ltr'>τῷ</span> <span class='ocrx_word' id='word_1_482' title='bbox 2869 2473 2986 2542; x_wconf 88' lang='grc' dir='ltr'><strong>Θεῴ</strong></span> <span class='ocrx_word' id='word_1_483' title='bbox 3016 2473 3273 2542; x_wconf 85' lang='grc' dir='ltr'>πέμπειν,</span> <span class='ocrx_word' id='word_1_484' title='bbox 3319 2473 3381 2526; x_wconf 89' lang='grc' dir='ltr'><strong>οὐ</strong></span> <span class='ocrx_word' id='word_1_485' title='bbox 3408 2472 3634 2545; x_wconf 82' lang='grc' dir='ltr'>γεγωνῷ</span> <span class='ocrx_word' id='word_1_486' title='bbox 3648 2476 3716 2545; x_wconf 83' lang='grc' dir='ltr'>τῇ</span> 
     </span>
    </p>
   </div>
   <div class='ocr_carea' id='block_1_67' title="bbox 2149 2567 3720 2641">
    <p class='ocr_par' dir='ltr' id='par_1_67' title="bbox 2149 2567 3720 2641">
     <span class='ocr_line' id='line_1_67' title="bbox 2149 2567 3720 2641; baseline -0.003 -18"><span class='ocrx_word' id='word_1_487' title='bbox 2149 2571 2299 2641; x_wconf 78' lang='grc' dir='ltr'>φωνῇ</span> <span class='ocrx_word' id='word_1_488' title='bbox 2318 2568 2420 2639; x_wconf 83' lang='lat' dir='ltr'><strong>(l),</strong></span> <span class='ocrx_word' id='word_1_489' title='bbox 2434 2567 2659 2639; x_wconf 85' lang='grc' dir='ltr'>δυνάμει</span> <span class='ocrx_word' id='word_1_490' title='bbox 2673 2567 2731 2622; x_wconf 82' lang='grc' dir='ltr'>δὲ</span> <span class='ocrx_word' id='word_1_491' title='bbox 2745 2567 2920 2640; x_wconf 78' lang='grc' dir='ltr'>ψυχῆς</span> <span class='ocrx_word' id='word_1_492' title='bbox 2939 2567 3463 2640; x_wconf 68' lang='grc' dir='ltr'>ὐπερόαλλούσῃΔιδ</span> <span class='ocrx_word' id='word_1_493' title='bbox 3481 2567 3575 2620; x_wconf 76' lang='grc' dir='ltr'>καὶ</span> <span class='ocrx_word' id='word_1_494' title='bbox 3591 2582 3720 2620; x_wconf 87' lang='grc' dir='ltr'>σιω-</span> 
     </span>
    </p>
   </div>
   <div class='ocr_carea' id='block_1_68' title="bbox 2148 2657 3721 2730">
    <p class='ocr_par' dir='ltr' id='par_1_68' title="bbox 2148 2657 3721 2730">
     <span class='ocr_line' id='line_1_68' title="bbox 2148 2657 3721 2730; baseline -0.002 -16"><span class='ocrx_word' id='word_1_495' title='bbox 2148 2660 2359 2724; x_wconf 85' lang='grc' dir='ltr'>πῶντες</span> <span class='ocrx_word' id='word_1_496' title='bbox 2390 2659 2648 2723; x_wconf 83' lang='grc' dir='ltr'>πολλάκις</span> <span class='ocrx_word' id='word_1_497' title='bbox 2670 2658 2749 2730; x_wconf 83' lang='grc' dir='ltr'><strong>τῷ</strong></span> <span class='ocrx_word' id='word_1_498' title='bbox 2782 2658 3048 2730; x_wconf 86' lang='grc' dir='ltr'>πνεύματι</span> <span class='ocrx_word' id='word_1_499' title='bbox 3101 2657 3286 2712; x_wconf 61' lang='grc' dir='ltr'>ἐϐόων</span> <span class='ocrx_word' id='word_1_500' title='bbox 3347 2658 3478 2712; x_wconf 82' lang='grc' dir='ltr'>αὐτὸ</span> <span class='ocrx_word' id='word_1_501' title='bbox 3514 2658 3625 2729; x_wconf 82' lang='grc' dir='ltr'>γὰρ</span> <span class='ocrx_word' id='word_1_502' title='bbox 3657 2657 3721 2711; x_wconf 83' lang='grc' dir='ltr'>τὸ</span> 
     </span>
    </p>
   </div>
   <div class='ocr_carea' id='block_1_69' title="bbox 2146 2748 3722 2823">
    <p class='ocr_par' dir='ltr' id='par_1_69' title="bbox 2146 2748 3722 2823">
     <span class='ocr_line' id='line_1_69' title="bbox 2146 2748 3722 2823; baseline -0.003 -16"><span class='ocrx_word' id='word_1_503' title='bbox 2146 2753 2388 2823; x_wconf 82' lang='grc' dir='ltr'>Πνεῦμα</span> <span class='ocrx_word' id='word_1_504' title='bbox 2429 2751 2785 2823; x_wconf 74' lang='grc' dir='ltr'>στεναγμοῖς</span> <span class='ocrx_word' id='word_1_505' title='bbox 2848 2750 3177 2819; x_wconf 70' lang='grc' dir='ltr'>ἀλαλήτοις</span> <span class='ocrx_word' id='word_1_506' title='bbox 3213 2748 3722 2820; x_wconf 75' lang='grc' dir='ltr'>ὑπερεντυγχάνει</span> 
     </span>
    </p>
   </div>
   <div class='ocr_carea' id='block_1_70' title="bbox 2144 2838 3720 2913">
    <p class='ocr_par' dir='ltr' id='par_1_70' title="bbox 2144 2838 3720 2913">
     <span class='ocr_line' id='line_1_70' title="bbox 2144 2838 3720 2913; baseline -0.001 -14"><span class='ocrx_word' id='word_1_507' title='bbox 2144 2838 2227 2912; x_wconf 81' lang='grc' dir='ltr'>τῷ</span> <span class='ocrx_word' id='word_1_508' title='bbox 2259 2841 2398 2913; x_wconf 84' lang='grc' dir='ltr'>Θεῷ,</span> <span class='ocrx_word' id='word_1_509' title='bbox 2457 2845 2600 2899; x_wconf 76' lang='grc' dir='ltr'>κατὰ</span> <span class='ocrx_word' id='word_1_510' title='bbox 2649 2846 2740 2899; x_wconf 83' lang='grc' dir='ltr'><strong>τὸν</strong></span> <span class='ocrx_word' id='word_1_511' title='bbox 2780 2845 3117 2898; x_wconf 81' lang='grc' dir='ltr'>Ἀπόστολον.</span> <span class='ocrx_word' id='word_1_512' title='bbox 3170 2844 3356 2907; x_wconf 74' lang='grc' dir='ltr'>Οὕτως</span> <span class='ocrx_word' id='word_1_513' title='bbox 3411 2839 3504 2897; x_wconf 81' lang='grc' dir='ltr'><strong>οὖν</strong></span> <span class='ocrx_word' id='word_1_514' title='bbox 3551 2845 3648 2897; x_wconf 80' lang='grc' dir='ltr'>καὶ</span> <span class='ocrx_word' id='word_1_515' title='bbox 3690 2846 3720 2897; x_wconf 98' lang='lat'><strong>6</strong></span> 
     </span>
    </p>
   </div>
   <div class='ocr_carea' id='block_1_71' title="bbox 2145 2932 3720 3009">
    <p class='ocr_par' dir='ltr' id='par_1_71' title="bbox 2145 2932 3720 3009">
     <span class='ocr_line' id='line_1_71' title="bbox 2145 2932 3720 3009; baseline -0.002 -19"><span class='ocrx_word' id='word_1_516' title='bbox 2145 2936 2308 2991; x_wconf 78' lang='grc' dir='ltr'>Δαυῒδ</span> <span class='ocrx_word' id='word_1_517' title='bbox 2333 2939 2623 3009; x_wconf 74' lang='grc' dir='ltr'>ἐκεκράγει</span> <span class='ocrx_word' id='word_1_518' title='bbox 2652 2938 2784 3009; x_wconf 78' lang='grc' dir='ltr'>πρὸς</span> <span class='ocrx_word' id='word_1_519' title='bbox 2809 2936 2900 2990; x_wconf 78' lang='grc' dir='ltr'>τὸν</span> <span class='ocrx_word' id='word_1_520' title='bbox 2919 2936 3069 2990; x_wconf 88' lang='grc' dir='ltr'>Θεόν.</span> <span class='ocrx_word' id='word_1_521' title='bbox 3090 2932 3200 2989; x_wconf 74' lang='grc' dir='ltr'><strong>Εἶθ’</strong></span> <span class='ocrx_word' id='word_1_522' title='bbox 3242 2935 3442 2989; x_wconf 81' lang='grc' dir='ltr'>ὡσανεὶ</span> <span class='ocrx_word' id='word_1_523' title='bbox 3464 2934 3720 2998; x_wconf 82' lang='grc' dir='ltr'>πολλάκις</span> 
     </span>
    </p>
   </div>
   <div class='ocr_carea' id='block_1_72' title="bbox 2147 3027 3720 3101">
    <p class='ocr_par' dir='ltr' id='par_1_72' title="bbox 2147 3027 3720 3101">
     <span class='ocr_line' id='line_1_72' title="bbox 2147 3027 3720 3101; baseline -0.001 -19"><span class='ocrx_word' id='word_1_524' title='bbox 2147 3031 2345 3101; x_wconf 86' lang='grc' dir='ltr'>πεῖραν</span> <span class='ocrx_word' id='word_1_525' title='bbox 2386 3028 2620 3099; x_wconf 73' lang='grc' dir='ltr'>εἰληφὼς</span> <span class='ocrx_word' id='word_1_526' title='bbox 2665 3028 2758 3082; x_wconf 77' lang='grc' dir='ltr'>τοῦ</span> <span class='ocrx_word' id='word_1_527' title='bbox 2809 3028 3003 3082; x_wconf 71' lang='grc' dir='ltr'>ἐαυτοῦ</span> <span class='ocrx_word' id='word_1_528' title='bbox 3050 3028 3317 3099; x_wconf 78' lang='grc' dir='ltr'>Σωτῆρος,</span> <span class='ocrx_word' id='word_1_529' title='bbox 3362 3027 3720 3097; x_wconf 76' lang='grc' dir='ltr'><strong>εὐγνωμόνως</strong></span> 
     </span>
    </p>
   </div>
   <div class='ocr_carea' id='block_1_73' title="bbox 2150 3117 3715 3191">
    <p class='ocr_par' dir='ltr' id='par_1_73' title="bbox 2150 3117 3715 3191">
     <span class='ocr_line' id='line_1_73' title="bbox 2150 3117 3715 3191; baseline -0.003 -16"><span class='ocrx_word' id='word_1_530' title='bbox 2150 3121 2347 3189; x_wconf 73' lang='grc' dir='ltr'>ἐπάγει</span> <span class='ocrx_word' id='word_1_531' title='bbox 2402 3121 2598 3191; x_wconf 86' lang='grc' dir='ltr'>λέγων,</span> <span class='ocrx_word' id='word_1_532' title='bbox 2653 3120 2760 3176; x_wconf 83' lang='grc' dir='ltr'><strong>τὸν</strong></span> <span class='ocrx_word' id='word_1_533' title='bbox 2799 3120 2947 3175; x_wconf 88' lang='grc' dir='ltr'>Θεὸν</span> <span class='ocrx_word' id='word_1_534' title='bbox 2984 3120 3091 3174; x_wconf 85' lang='grc' dir='ltr'><strong>τὸν</strong></span> <span class='ocrx_word' id='word_1_535' title='bbox 3110 3117 3589 3191; x_wconf 77' lang='grc' dir='ltr'>εὐεργετήσαντά</span> <span class='ocrx_word' id='word_1_536' title='bbox 3618 3134 3715 3187; x_wconf 84' lang='grc' dir='ltr'><strong>με.</strong></span> 
     </span>
    </p>
   </div>
   <div class='ocr_carea' id='block_1_74' title="bbox 2150 3210 3721 3281">
    <p class='ocr_par' dir='ltr' id='par_1_74' title="bbox 2150 3210 3721 3281">
     <span class='ocr_line' id='line_1_74' title="bbox 2150 3210 3721 3281; baseline -0.001 -15"><span class='ocrx_word' id='word_1_537' title='bbox 2150 3213 2335 3267; x_wconf 75' lang='grc' dir='ltr'>Εἰπὼν</span> <span class='ocrx_word' id='word_1_538' title='bbox 2363 3214 2440 3277; x_wconf 83' lang='grc' dir='ltr'>δὲ,</span> <span class='ocrx_word' id='word_1_539' title='bbox 2498 3214 2956 3279; x_wconf 82' lang='grc' dir='ltr'>Ἐξαπέστειλεν</span> <span class='ocrx_word' id='word_1_540' title='bbox 3003 3212 3073 3277; x_wconf 78' lang='grc' dir='ltr'><strong>ἐξ</strong></span> <span class='ocrx_word' id='word_1_541' title='bbox 3094 3212 3347 3281; x_wconf 83' lang='grc' dir='ltr'>οὐρανοῦ</span> <span class='ocrx_word' id='word_1_542' title='bbox 3404 3210 3502 3265; x_wconf 72' lang='grc' dir='ltr'>καὶ</span> <span class='ocrx_word' id='word_1_543' title='bbox 3524 3211 3721 3265; x_wconf 80' lang='grc' dir='ltr'>έσωσέ</span> 
     </span>
    </p>
   </div>
   <div class='ocr_carea' id='block_1_75' title="bbox 2145 3299 3716 3375">
    <p class='ocr_par' dir='ltr' id='par_1_75' title="bbox 2145 3299 3716 3375">
     <span class='ocr_line' id='line_1_75' title="bbox 2145 3299 3716 3375; baseline -0.002 -18"><span class='ocrx_word' id='word_1_544' title='bbox 2145 3322 2242 3375; x_wconf 84' lang='grc' dir='ltr'><strong>με,</strong></span> <span class='ocrx_word' id='word_1_545' title='bbox 2275 3305 2528 3375; x_wconf 77' lang='grc' dir='ltr'>ἐμφαίνει</span> <span class='ocrx_word' id='word_1_546' title='bbox 2557 3305 2890 3361; x_wconf 80' lang='grc' dir='ltr'>ἀπεστάλθαι</span> <span class='ocrx_word' id='word_1_547' title='bbox 2921 3304 3042 3358; x_wconf 78' lang='grc' dir='ltr'>τινὰ</span> <span class='ocrx_word' id='word_1_548' title='bbox 3097 3304 3324 3375; x_wconf 80' lang='grc' dir='ltr'>Σωτῆρα</span> <span class='ocrx_word' id='word_1_549' title='bbox 3350 3305 3412 3356; x_wconf 86' lang='grc' dir='ltr'><strong>ἐκ</strong></span> <span class='ocrx_word' id='word_1_550' title='bbox 3438 3301 3530 3355; x_wconf 81' lang='grc' dir='ltr'>τοῦ</span> <span class='ocrx_word' id='word_1_551' title='bbox 3561 3299 3716 3355; x_wconf 70' lang='grc' dir='ltr'>Θεοῦ.</span> 
     </span>
    </p>
   </div>
   <div class='ocr_carea' id='block_1_76' title="bbox 2150 3393 3719 3469">
    <p class='ocr_par' dir='ltr' id='par_1_76' title="bbox 2150 3393 3719 3469">
     <span class='ocr_line' id='line_1_76' title="bbox 2150 3393 3719 3469; baseline -0.002 -20"><span class='ocrx_word' id='word_1_552' title='bbox 2150 3396 2283 3451; x_wconf 82' lang='grc' dir='ltr'>Τίνα</span> <span class='ocrx_word' id='word_1_553' title='bbox 2315 3398 2373 3451; x_wconf 82' lang='grc' dir='ltr'>δὲ</span> <span class='ocrx_word' id='word_1_554' title='bbox 2402 3398 2587 3452; x_wconf 81' lang='grc' dir='ltr'>τοῦτον</span> <span class='ocrx_word' id='word_1_555' title='bbox 2616 3397 2709 3453; x_wconf 82' lang='grc' dir='ltr'><strong>νῦν</strong></span> <span class='ocrx_word' id='word_1_556' title='bbox 2735 3399 2833 3469; x_wconf 80' lang='grc' dir='ltr'>μὲν</span> <span class='ocrx_word' id='word_1_557' title='bbox 2854 3399 2914 3450; x_wconf 79' lang='grc' dir='ltr'><strong>οὐ</strong></span> <span class='ocrx_word' id='word_1_558' title='bbox 2950 3396 3310 3467; x_wconf 82' lang='grc' dir='ltr'>παρέστησεν,</span> <span class='ocrx_word' id='word_1_559' title='bbox 3356 3396 3415 3447; x_wconf 91' lang='grc' dir='ltr'><strong>ἐν</strong></span> <span class='ocrx_word' id='word_1_560' title='bbox 3469 3393 3639 3466; x_wconf 77' lang='grc' dir='ltr'>ἑτέρῳ</span> <span class='ocrx_word' id='word_1_561' title='bbox 3661 3394 3719 3447; x_wconf 76' lang='grc' dir='ltr'>δὲ</span> 
     </span>
    </p>
   </div>
   <div class='ocr_carea' id='block_1_77' title="bbox 2146 3488 3715 3562">
    <p class='ocr_par' dir='ltr' id='par_1_77' title="bbox 2146 3488 3715 3562">
     <span class='ocr_line' id='line_1_77' title="bbox 2146 3488 3715 3562; baseline -0.003 -16"><span class='ocrx_word' id='word_1_562' title='bbox 2146 3492 2411 3556; x_wconf 86' lang='grc' dir='ltr'>διδάσκει,</span> <span class='ocrx_word' id='word_1_563' title='bbox 2428 3492 2554 3548; x_wconf 81' lang='grc' dir='ltr'>ἔνθα</span> <span class='ocrx_word' id='word_1_564' title='bbox 2583 3492 2765 3562; x_wconf 74' lang='grc' dir='ltr'>φησίνο</span> <span class='ocrx_word' id='word_1_565' title='bbox 2807 3491 3142 3547; x_wconf 80' lang='grc' dir='ltr'>Ἀπέστειλε</span> <span class='ocrx_word' id='word_1_566' title='bbox 3167 3490 3272 3543; x_wconf 87' lang='grc' dir='ltr'><strong>τὸν</strong></span> <span class='ocrx_word' id='word_1_567' title='bbox 3299 3489 3484 3559; x_wconf 75' lang='grc' dir='ltr'>λόγον</span> <span class='ocrx_word' id='word_1_568' title='bbox 3509 3488 3715 3553; x_wconf 86' lang='grc' dir='ltr'>αὐτοῦ,</span> 
     </span>
    </p>
   </div>
   <div class='ocr_carea' id='block_1_78' title="bbox 2146 3578 3723 3653">
    <p class='ocr_par' dir='ltr' id='par_1_78' title="bbox 2146 3578 3723 3653">
     <span class='ocr_line' id='line_1_78' title="bbox 2146 3578 3723 3653; baseline -0.003 -15"><span class='ocrx_word' id='word_1_569' title='bbox 2146 3584 2244 3638; x_wconf 79' lang='grc' dir='ltr'>καὶ</span> <span class='ocrx_word' id='word_1_570' title='bbox 2279 3584 2487 3641; x_wconf 74' lang='grc' dir='ltr'>ἰάσατο</span> <span class='ocrx_word' id='word_1_571' title='bbox 2514 3584 2754 3651; x_wconf 86' lang='grc' dir='ltr'>αὐτοὺς,</span> <span class='ocrx_word' id='word_1_572' title='bbox 2794 3585 2895 3638; x_wconf 75' lang='grc' dir='ltr'>καὶ</span> <span class='ocrx_word' id='word_1_573' title='bbox 2929 3583 3219 3653; x_wconf 70' lang='grc' dir='ltr'>ἐρρύσατο</span> <span class='ocrx_word' id='word_1_574' title='bbox 3249 3581 3471 3648; x_wconf 85' lang='grc' dir='ltr'>αὐτοὺς</span> <span class='ocrx_word' id='word_1_575' title='bbox 3505 3580 3575 3634; x_wconf 80' lang='grc' dir='ltr'>ἐκ</span> <span class='ocrx_word' id='word_1_576' title='bbox 3601 3578 3723 3633; x_wconf 82' lang='grc' dir='ltr'>τῶν</span> 
     </span>
    </p>
   </div>
   <div class='ocr_carea' id='block_1_79' title="bbox 2138 3668 3719 3745">
    <p class='ocr_par' dir='ltr' id='par_1_79' title="bbox 2138 3668 3719 3745">
     <span class='ocr_line' id='line_1_79' title="bbox 2138 3668 3719 3745; baseline -0.002 -17"><span class='ocrx_word' id='word_1_577' title='bbox 2138 3674 2477 3745; x_wconf 63' lang='grc' dir='ltr'>διαφθορῶν</span> <span class='ocrx_word' id='word_1_578' title='bbox 2494 3674 2713 3731; x_wconf 83' lang='grc' dir='ltr'>αὐτῶν.</span> <span class='ocrx_word' id='word_1_579' title='bbox 2751 3673 2960 3730; x_wconf 80' lang='grc' dir='ltr'>Οὐκοῦν</span> <span class='ocrx_word' id='word_1_580' title='bbox 3009 3672 3170 3742; x_wconf 79' lang='grc' dir='ltr'>λόγος</span> <span class='ocrx_word' id='word_1_581' title='bbox 3218 3668 3287 3744; x_wconf 78' lang='grc' dir='ltr'>ἦν</span> <span class='ocrx_word' id='word_1_582' title='bbox 3319 3673 3476 3737; x_wconf 80' lang='grc' dir='ltr'>Θεοῦ,</span> <span class='ocrx_word' id='word_1_583' title='bbox 3528 3673 3557 3725; x_wconf 91' lang='lat'><strong>6</strong></span> <span class='ocrx_word' id='word_1_584' title='bbox 3622 3671 3719 3727; x_wconf 75' lang='grc' dir='ltr'>καὶ</span> 
     </span>
    </p>
   </div>
   <div class='ocr_carea' id='block_1_80' title="bbox 2140 3760 3716 3835">
    <p class='ocr_par' dir='ltr' id='par_1_80' title="bbox 2140 3760 3716 3835">
     <span class='ocr_line' id='line_1_80' title="bbox 2140 3760 3716 3835; baseline -0.003 -15"><span class='ocrx_word' id='word_1_585' title='bbox 2140 3765 2309 3820; x_wconf 86' lang='grc' dir='ltr'>πάλαι</span> <span class='ocrx_word' id='word_1_586' title='bbox 2341 3764 2928 3835; x_wconf 73' lang='grc' dir='ltr'>ἀποστελλόμενος.καὶ</span> <span class='ocrx_word' id='word_1_587' title='bbox 2947 3763 3058 3818; x_wconf 85' lang='grc' dir='ltr'><strong>τῶν</strong></span> <span class='ocrx_word' id='word_1_588' title='bbox 3087 3762 3251 3829; x_wconf 82' lang='grc' dir='ltr'>ἀξίων</span> <span class='ocrx_word' id='word_1_589' title='bbox 3284 3763 3381 3834; x_wconf 81' lang='grc' dir='ltr'>τῆς</span> <span class='ocrx_word' id='word_1_590' title='bbox 3410 3760 3575 3816; x_wconf 80' lang='grc' dir='ltr'>αὐτοῦ</span> <span class='ocrx_word' id='word_1_591' title='bbox 3609 3779 3716 3816; x_wconf 59' lang='grc' dir='ltr'>σωι</span> 
     </span>
    </p>
   </div>
   <div class='ocr_carea' id='block_1_81' title="bbox 2138 3854 3718 3927">
    <p class='ocr_par' dir='ltr' id='par_1_81' title="bbox 2138 3854 3718 3927">
     <span class='ocr_line' id='line_1_81' title="bbox 2138 3854 3718 3927; baseline 0 -18"><span class='ocrx_word' id='word_1_592' title='bbox 2138 3857 2332 3927; x_wconf 87' lang='grc' dir='ltr'>τηρίας</span> <span class='ocrx_word' id='word_1_593' title='bbox 2363 3857 2552 3927; x_wconf 85' lang='grc' dir='ltr'>Σωτὴρ</span> <span class='ocrx_word' id='word_1_594' title='bbox 2603 3856 2942 3926; x_wconf 84' lang='grc' dir='ltr'>γιγνόμενος,</span> <span class='ocrx_word' id='word_1_595' title='bbox 2991 3856 3052 3909; x_wconf 80' lang='grc' dir='ltr'><strong>δν</strong></span> <span class='ocrx_word' id='word_1_596' title='bbox 3095 3857 3191 3910; x_wconf 77' lang='grc' dir='ltr'><strong>καὶ</strong></span> <span class='ocrx_word' id='word_1_597' title='bbox 3217 3858 3246 3909; x_wconf 95' lang='lat'><strong>6</strong></span> <span class='ocrx_word' id='word_1_598' title='bbox 3290 3854 3452 3908; x_wconf 78' lang='grc' dir='ltr'>Δαυτδ</span> <span class='ocrx_word' id='word_1_599' title='bbox 3477 3854 3718 3919; x_wconf 71' lang='grc' dir='ltr'>ἀκριϐῶς</span> 
     </span>
    </p>
   </div>
   <div class='ocr_carea' id='block_1_82' title="bbox 2137 3945 3721 4016">
    <p class='ocr_par' dir='ltr' id='par_1_82' title="bbox 2137 3945 3721 4016">
     <span class='ocr_line' id='line_1_82' title="bbox 2137 3945 3721 4016; baseline -0.002 -15"><span class='ocrx_word' id='word_1_600' title='bbox 2137 3947 2292 4012; x_wconf 80' lang='grc' dir='ltr'>εἰδὼς</span> <span class='ocrx_word' id='word_1_601' title='bbox 2319 3947 2523 4016; x_wconf 69' lang='grc' dir='ltr'>ἔλεγεν*</span> <span class='ocrx_word' id='word_1_602' title='bbox 2556 3948 3011 4012; x_wconf 81' lang='grc' dir='ltr'>Ἐξαπέστειλεν</span> <span class='ocrx_word' id='word_1_603' title='bbox 3026 3947 3096 4013; x_wconf 77' lang='grc' dir='ltr'><strong>ἐξ</strong></span> <span class='ocrx_word' id='word_1_604' title='bbox 3117 3947 3373 4016; x_wconf 82' lang='grc' dir='ltr'>οὐρανοῦ</span> <span class='ocrx_word' id='word_1_605' title='bbox 3399 3946 3497 4000; x_wconf 80' lang='grc' dir='ltr'>καὶ</span> <span class='ocrx_word' id='word_1_606' title='bbox 3517 3945 3721 4000; x_wconf 71' lang='grc' dir='ltr'>ἔσωσέ</span> 
     </span>
    </p>
   </div>
   <div class='ocr_carea' id='block_1_83' title="bbox 2135 4034 3710 4110">
    <p class='ocr_par' dir='ltr' id='par_1_83' title="bbox 2135 4034 3710 4110">
     <span class='ocr_line' id='line_1_83' title="bbox 2135 4034 3710 4110; baseline -0.001 -19"><span class='ocrx_word' id='word_1_607' title='bbox 2135 4054 2230 4108; x_wconf 85' lang='grc' dir='ltr'><strong>με.</strong></span> <span class='ocrx_word' id='word_1_608' title='bbox 2263 4038 2367 4091; x_wconf 80' lang='grc' dir='ltr'><strong>Τὸν</strong></span> <span class='ocrx_word' id='word_1_609' title='bbox 2396 4038 2495 4110; x_wconf 80' lang='grc' dir='ltr'>μὲν</span> <span class='ocrx_word' id='word_1_610' title='bbox 2523 4034 2615 4093; x_wconf 80' lang='grc' dir='ltr'>οὖν</span> <span class='ocrx_word' id='word_1_611' title='bbox 2655 4039 2931 4110; x_wconf 77' lang='grc' dir='ltr'>σωτηρίας</span> <span class='ocrx_word' id='word_1_612' title='bbox 2960 4039 3109 4103; x_wconf 81' lang='grc' dir='ltr'>ἄξιον</span> <span class='ocrx_word' id='word_1_613' title='bbox 3135 4037 3303 4103; x_wconf 74' lang='grc' dir='ltr'>ἔσωζε</span> <span class='ocrx_word' id='word_1_614' title='bbox 3334 4038 3419 4093; x_wconf 73' lang='grc' dir='ltr'>διὰ</span> <span class='ocrx_word' id='word_1_615' title='bbox 3449 4036 3541 4090; x_wconf 81' lang='grc' dir='ltr'>τοῦ</span> <span class='ocrx_word' id='word_1_616' title='bbox 3592 4037 3710 4089; x_wconf 82' lang='grc' dir='ltr'><strong>Σω-</strong></span> 
     </span>
    </p>
   </div>
   <div class='ocr_carea' id='block_1_84' title="bbox 2140 4126 3713 4202">
    <p class='ocr_par' dir='ltr' id='par_1_84' title="bbox 2140 4126 3713 4202">
     <span class='ocr_line' id='line_1_84' title="bbox 2140 4126 3713 4202; baseline -0.005 -15"><span class='ocrx_word' id='word_1_617' title='bbox 2140 4130 2301 4202; x_wconf 81' lang='grc' dir='ltr'>τῆρος</span> <span class='ocrx_word' id='word_1_618' title='bbox 2324 4133 2353 4185; x_wconf 93' lang='lat'><strong>6</strong></span> <span class='ocrx_word' id='word_1_619' title='bbox 2385 4131 2665 4202; x_wconf 62' lang='grc' dir='ltr'>’Ύψιστος</span> <span class='ocrx_word' id='word_1_620' title='bbox 2697 4135 2726 4186; x_wconf 86' lang='lat'><strong>6</strong></span> <span class='ocrx_word' id='word_1_621' title='bbox 2768 4131 2826 4185; x_wconf 86' lang='grc' dir='ltr'>δὲ</span> <span class='ocrx_word' id='word_1_622' title='bbox 2854 4132 3036 4195; x_wconf 84' lang='grc' dir='ltr'>αὐτὸς,</span> <span class='ocrx_word' id='word_1_623' title='bbox 3084 4131 3268 4185; x_wconf 85' lang='grc' dir='ltr'>δίκαια</span> <span class='ocrx_word' id='word_1_624' title='bbox 3315 4129 3530 4202; x_wconf 88' lang='grc' dir='ltr'>κρίνων,</span> <span class='ocrx_word' id='word_1_625' title='bbox 3586 4126 3713 4191; x_wconf 74' lang='grc' dir='ltr'>τοὺς</span> 
     </span>
    </p>
   </div>
   <div class='ocr_carea' id='block_1_85' title="bbox 2140 4218 3716 4294">
    <p class='ocr_par' dir='ltr' id='par_1_85' title="bbox 2140 4218 3716 4294">
     <span class='ocr_line' id='line_1_85' title="bbox 2140 4218 3716 4294; baseline -0.001 -21"><span class='ocrx_word' id='word_1_626' title='bbox 2140 4221 2602 4294; x_wconf 83' lang='grc' dir='ltr'>ἐπανισταμένους</span> <span class='ocrx_word' id='word_1_627' title='bbox 2631 4223 2724 4277; x_wconf 73' lang='grc' dir='ltr'>καὶ</span> <span class='ocrx_word' id='word_1_628' title='bbox 2769 4221 3218 4286; x_wconf 78' lang='grc' dir='ltr'>καταπατοῦντας</span> <span class='ocrx_word' id='word_1_629' title='bbox 3246 4223 3337 4277; x_wconf 83' lang='grc' dir='ltr'>τὸν</span> <span class='ocrx_word' id='word_1_630' title='bbox 3375 4222 3579 4275; x_wconf 81' lang='grc' dir='ltr'>δίκαιον</span> <span class='ocrx_word' id='word_1_631' title='bbox 3609 4218 3716 4275; x_wconf 80' lang='grc' dir='ltr'>ἐδί-</span> 
     </span>
    </p>
   </div>
   <div class='ocr_carea' id='block_1_86' title="bbox 460 4312 3603 4388">
    <p class='ocr_par' dir='ltr' id='par_1_86' title="bbox 460 4312 3603 4388">
     <span class='ocr_line' id='line_1_86' title="bbox 460 4312 3603 4388; baseline -0.001 -16"><span class='ocrx_word' id='word_1_632' title='bbox 460 4317 553 4372; x_wconf 90' lang='grc' dir='ltr'><strong>δου</strong></span> <span class='ocrx_word' id='word_1_633' title='bbox 603 4318 683 4382; x_wconf 86' lang='grc' dir='ltr'><strong>είς</strong></span> <span class='ocrx_word' id='word_1_634' title='bbox 728 4316 960 4382; x_wconf 73' lang='grc' dir='ltr'>ὄνειδος,</span> <span class='ocrx_word' id='word_1_635' title='bbox 999 4316 1208 4387; x_wconf 77' lang='grc' dir='ltr'>ὤφελον</span> <span class='ocrx_word' id='word_1_636' title='bbox 1250 4315 1346 4369; x_wconf 71' lang='grc' dir='ltr'>καὶ</span> <span class='ocrx_word' id='word_1_637' title='bbox 1385 4314 1624 4385; x_wconf 86' lang='grc' dir='ltr'>βελτίους</span> <span class='ocrx_word' id='word_1_638' title='bbox 1655 4312 2122 4388; x_wconf 72' lang='grc' dir='ltr'>ἀπεργαζόμενος,</span> <span class='ocrx_word' id='word_1_639' title='bbox 2153 4315 2243 4370; x_wconf 84' lang='grc' dir='ltr'><strong>διὰ</strong></span> <span class='ocrx_word' id='word_1_640' title='bbox 2296 4317 2390 4372; x_wconf 81' lang='grc' dir='ltr'>τοῦ</span> <span class='ocrx_word' id='word_1_641' title='bbox 2451 4317 2732 4383; x_wconf 79' lang='grc' dir='ltr'>ὀνειδίζειν</span> <span class='ocrx_word' id='word_1_642' title='bbox 2756 4320 2848 4372; x_wconf 75' lang='grc' dir='ltr'>καὶ</span> <span class='ocrx_word' id='word_1_643' title='bbox 2893 4318 3243 4388; x_wconf 80' lang='grc' dir='ltr'>ἐπιστρέφειν</span> <span class='ocrx_word' id='word_1_644' title='bbox 3277 4320 3356 4382; x_wconf 82' lang='grc' dir='ltr'><strong>είς</strong></span> <span class='ocrx_word' id='word_1_645' title='bbox 3387 4316 3603 4372; x_wconf 75' lang='grc' dir='ltr'>ἑαυτόν.</span> 
     </span>
    </p>
   </div>
   <div class='ocr_carea' id='block_1_87' title="bbox 530 4410 2114 4468">
    <p class='ocr_par' dir='ltr' id='par_1_87' title="bbox 530 4410 2114 4468">
     <span class='ocr_line' id='line_1_87' title="bbox 530 4410 2114 4468; baseline 0.001 -1"><span class='ocrx_word' id='word_1_646' title='bbox 530 4411 702 4468; x_wconf 74' lang='lat' dir='ltr'><strong>Vens.</strong></span> <span class='ocrx_word' id='word_1_647' title='bbox 732 4412 786 4467; x_wconf 83' lang='lat'><strong>5.</strong></span> <span class='ocrx_word' id='word_1_648' title='bbox 822 4411 969 4466; x_wconf 87' lang='lat' dir='ltr'><strong>Misit</strong></span> <span class='ocrx_word' id='word_1_649' title='bbox 1002 4411 1140 4466; x_wconf 83' lang='lat' dir='ltr'><strong>Deus</strong></span> <span class='ocrx_word' id='word_1_650' title='bbox 1172 4410 1589 4467; x_wconf 86' lang='lat' dir='ltr'><strong>misericordiam</strong></span> <span class='ocrx_word' id='word_1_651' title='bbox 1620 4427 1773 4466; x_wconf 89' lang='lat' dir='ltr'><strong>suam</strong></span> <span class='ocrx_word' id='word_1_652' title='bbox 1820 4420 1870 4465; x_wconf 82' lang='lat' dir='ltr'><strong>et</strong></span> <span class='ocrx_word' id='word_1_653' title='bbox 1904 4411 2038 4466; x_wconf 73' lang='grc' dir='ltr'>οτι-ἱ·</span> <span class='ocrx_word' id='word_1_654' title='bbox 2069 4414 2114 4468; x_wconf 92' lang='lat' dir='ltr'><strong>D</strong></span> 
     </span>
    </p>
   </div>
   <div class='ocr_carea' id='block_1_88' title="bbox 464 4501 2039 4572">
    <p class='ocr_par' dir='ltr' id='par_1_88' title="bbox 464 4501 2039 4572">
     <span class='ocr_line' id='line_1_88' title="bbox 464 4501 2039 4572; baseline -0.003 -11"><span class='ocrx_word' id='word_1_655' title='bbox 464 4516 628 4562; x_wconf 87' lang='lat' dir='ltr'><strong>tatem</strong></span> <span class='ocrx_word' id='word_1_656' title='bbox 656 4521 832 4568; x_wconf 89' lang='lat' dir='ltr'><strong>suam,</strong></span> <span class='ocrx_word' id='word_1_657' title='bbox 874 4513 924 4557; x_wconf 88' lang='lat' dir='ltr'><strong>et</strong></span> <span class='ocrx_word' id='word_1_658' title='bbox 954 4504 1146 4572; x_wconf 87' lang='lat' dir='ltr'><strong>eripuit</strong></span> <span class='ocrx_word' id='word_1_659' title='bbox 1176 4505 1412 4558; x_wconf 87' lang='lat' dir='ltr'><strong>animam</strong></span> <span class='ocrx_word' id='word_1_660' title='bbox 1446 4519 1616 4558; x_wconf 87' lang='lat' dir='ltr'><strong>meam</strong></span> <span class='ocrx_word' id='word_1_661' title='bbox 1645 4501 1709 4557; x_wconf 87' lang='lat' dir='ltr'><strong>de</strong></span> <span class='ocrx_word' id='word_1_662' title='bbox 1738 4502 1909 4558; x_wconf 85' lang='lat' dir='ltr'><strong>medio</strong></span> <span class='ocrx_word' id='word_1_663' title='bbox 1947 4520 2039 4556; x_wconf 81' lang='lat' dir='ltr'><strong>ca-</strong></span> 
     </span>
    </p>
   </div>
   <div class='ocr_carea' id='block_1_89' title="bbox 464 4594 2042 4666">
    <p class='ocr_par' dir='ltr' id='par_1_89' title="bbox 464 4594 2042 4666">
     <span class='ocr_line' id='line_1_89' title="bbox 464 4594 2042 4666; baseline -0.003 -12"><span class='ocrx_word' id='word_1_664' title='bbox 464 4599 698 4654; x_wconf 87' lang='lat' dir='ltr'><strong>tulorum</strong></span> <span class='ocrx_word' id='word_1_665' title='bbox 728 4596 956 4662; x_wconf 86' lang='lat' dir='ltr'><strong>leonum,</strong></span> <span class='ocrx_word' id='word_1_666' title='bbox 989 4602 1043 4651; x_wconf 91' lang='lat' dir='ltr'><strong>et</strong></span> <span class='ocrx_word' id='word_1_667' title='bbox 1082 4601 1297 4649; x_wconf 86' lang='lat' dir='ltr'><strong>ca-tera.</strong></span> <span class='ocrx_word' id='word_1_668' title='bbox 1345 4594 1681 4651; x_wconf 88' lang='lat' dir='ltr'><strong>Sententiam</strong></span> <span class='ocrx_word' id='word_1_669' title='bbox 1716 4610 1839 4666; x_wconf 64' lang='lat' dir='ltr'><strong>qua:</strong></span> <span class='ocrx_word' id='word_1_670' title='bbox 1876 4610 2042 4665; x_wconf 83' lang='lat' dir='ltr'><strong>supe-</strong></span> 
     </span>
    </p>
   </div>
   <div class='ocr_carea' id='block_1_90' title="bbox 464 4685 2038 4758">
    <p class='ocr_par' dir='ltr' id='par_1_90' title="bbox 464 4685 2038 4758">
     <span class='ocr_line' id='line_1_90' title="bbox 464 4685 2038 4758; baseline -0.006 -10"><span class='ocrx_word' id='word_1_671' title='bbox 464 4692 584 4748; x_wconf 89' lang='lat' dir='ltr'><strong>rius</strong></span> <span class='ocrx_word' id='word_1_672' title='bbox 610 4689 897 4745; x_wconf 80' lang='lat' dir='ltr'><strong>deﬁciebat</strong></span> <span class='ocrx_word' id='word_1_673' title='bbox 945 4688 1031 4742; x_wconf 89' lang='lat' dir='ltr'><strong>his</strong></span> <span class='ocrx_word' id='word_1_674' title='bbox 1062 4688 1331 4758; x_wconf 80' lang='lat' dir='ltr'><strong>exposuit.</strong></span> <span class='ocrx_word' id='word_1_675' title='bbox 1365 4685 1501 4741; x_wconf 91' lang='lat' dir='ltr'><strong>Cum</strong></span> <span class='ocrx_word' id='word_1_676' title='bbox 1530 4695 1865 4758; x_wconf 73' lang='lat' dir='ltr'><strong>quaereretur</strong></span> <span class='ocrx_word' id='word_1_677' title='bbox 1890 4686 2038 4742; x_wconf 91' lang='lat' dir='ltr'><strong>enim</strong></span> 
     </span>
    </p>
   </div>
   <div class='ocr_carea' id='block_1_91' title="bbox 465 4777 2039 4853">
    <p class='ocr_par' dir='ltr' id='par_1_91' title="bbox 465 4777 2039 4853">
     <span class='ocr_line' id='line_1_91' title="bbox 465 4777 2039 4853; baseline -0.004 -15"><span class='ocrx_word' id='word_1_678' title='bbox 465 4796 758 4853; x_wconf 86' lang='lat' dir='ltr'><strong>quemnam</strong></span> <span class='ocrx_word' id='word_1_679' title='bbox 789 4780 1031 4836; x_wconf 88' lang='lat' dir='ltr'><strong>misisset</strong></span> <span class='ocrx_word' id='word_1_680' title='bbox 1056 4777 1124 4834; x_wconf 87' lang='lat' dir='ltr'><strong>de</strong></span> <span class='ocrx_word' id='word_1_681' title='bbox 1156 4779 1297 4832; x_wconf 73' lang='lat' dir='ltr'><strong>uelo</strong></span> <span class='ocrx_word' id='word_1_682' title='bbox 1320 4777 1386 4832; x_wconf 91' lang='lat' dir='ltr'><strong>ad</strong></span> <span class='ocrx_word' id='word_1_683' title='bbox 1409 4778 1748 4849; x_wconf 89' lang='lat' dir='ltr'><strong>eripiendum</strong></span> <span class='ocrx_word' id='word_1_684' title='bbox 1780 4777 2039 4832; x_wconf 87' lang='lat' dir='ltr'><strong>Davidem</strong></span> 
     </span>
    </p>
   </div>
   <div class='ocr_carea' id='block_1_92' title="bbox 464 4866 2040 4928">
    <p class='ocr_par' dir='ltr' id='par_1_92' title="bbox 464 4866 2040 4928">
     <span class='ocr_line' id='line_1_92' title="bbox 464 4866 2040 4928; baseline -0.005 -1"><span class='ocrx_word' id='word_1_685' title='bbox 464 4871 556 4928; x_wconf 83' lang='lat' dir='ltr'><strong>hic</strong></span> <span class='ocrx_word' id='word_1_686' title='bbox 608 4868 887 4924; x_wconf 87' lang='lat' dir='ltr'><strong>declarat:</strong></span> <span class='ocrx_word' id='word_1_687' title='bbox 945 4868 1095 4922; x_wconf 83' lang='lat' dir='ltr'><strong>Misit</strong></span> <span class='ocrx_word' id='word_1_688' title='bbox 1147 4866 1286 4921; x_wconf 86' lang='lat' dir='ltr'><strong>Deus</strong></span> <span class='ocrx_word' id='word_1_689' title='bbox 1335 4867 1755 4922; x_wconf 82' lang='lat' dir='ltr'><strong>misericordiam</strong></span> <span class='ocrx_word' id='word_1_690' title='bbox 1805 4883 1960 4923; x_wconf 89' lang='lat' dir='ltr'><strong>suam</strong></span> <span class='ocrx_word' id='word_1_691' title='bbox 1990 4875 2040 4920; x_wconf 85' lang='lat' dir='ltr'><strong>et</strong></span> 
     </span>
    </p>
   </div>
   <div class='ocr_carea' id='block_1_93' title="bbox 463 4958 2037 5020">
    <p class='ocr_par' dir='ltr' id='par_1_93' title="bbox 463 4958 2037 5020">
     <span class='ocr_line' id='line_1_93' title="bbox 463 4958 2037 5020; baseline -0.006 0"><span class='ocrx_word' id='word_1_692' title='bbox 463 4961 740 5020; x_wconf 77' lang='lat' dir='ltr'><strong>ueritatem</strong></span> <span class='ocrx_word' id='word_1_693' title='bbox 757 4975 930 5014; x_wconf 88' lang='lat' dir='ltr'><strong>suam.</strong></span> <span class='ocrx_word' id='word_1_694' title='bbox 956 4958 1330 5016; x_wconf 82' lang='lat' dir='ltr'><strong>Misericordia</strong></span> <span class='ocrx_word' id='word_1_695' title='bbox 1351 4966 1530 5014; x_wconf 88' lang='lat' dir='ltr'><strong>autem</strong></span> <span class='ocrx_word' id='word_1_696' title='bbox 1561 4968 1615 5014; x_wconf 88' lang='lat' dir='ltr'><strong>et</strong></span> <span class='ocrx_word' id='word_1_697' title='bbox 1642 4959 1846 5014; x_wconf 80' lang='lat' dir='ltr'><strong>veritas</strong></span> <span class='ocrx_word' id='word_1_698' title='bbox 1870 4960 2037 5013; x_wconf 88' lang='lat' dir='ltr'><strong>missa</strong></span> 
     </span>
    </p>
   </div>
   <div class='ocr_carea' id='block_1_94' title="bbox 465 5047 2034 5123">
    <p class='ocr_par' dir='ltr' id='par_1_94' title="bbox 465 5047 2034 5123">
     <span class='ocr_line' id='line_1_94' title="bbox 465 5047 2034 5123; baseline -0.003 -17"><span class='ocrx_word' id='word_1_699' title='bbox 465 5064 717 5123; x_wconf 66' lang='lat' dir='ltr'><strong>quaenam</strong></span> <span class='ocrx_word' id='word_1_700' title='bbox 746 5048 948 5103; x_wconf 88' lang='lat' dir='ltr'><strong>fuerint</strong></span> <span class='ocrx_word' id='word_1_701' title='bbox 975 5049 1081 5104; x_wconf 86' lang='lat' dir='ltr'><strong>nisi</strong></span> <span class='ocrx_word' id='word_1_702' title='bbox 1110 5047 1203 5105; x_wconf 87' lang='lat' dir='ltr'><strong>Dei</strong></span> <span class='ocrx_word' id='word_1_703' title='bbox 1234 5049 1569 5114; x_wconf 81' lang='lat' dir='ltr'><strong>verbum,de</strong></span> <span class='ocrx_word' id='word_1_704' title='bbox 1595 5063 1706 5119; x_wconf 90' lang='lat' dir='ltr'><strong>quo</strong></span> <span class='ocrx_word' id='word_1_705' title='bbox 1729 5049 2034 5113; x_wconf 88' lang='lat' dir='ltr'><strong>dicebatur,</strong></span> 
     </span>
    </p>
   </div>
   <div class='ocr_carea' id='block_1_95' title="bbox 465 5140 2038 5211">
    <p class='ocr_par' dir='ltr' id='par_1_95' title="bbox 465 5140 2038 5211">
     <span class='ocr_line' id='line_1_95' title="bbox 465 5140 2038 5211; baseline -0.001 -14"><span class='ocrx_word' id='word_1_706' title='bbox 465 5142 619 5197; x_wconf 82' lang='lat' dir='ltr'><strong>Misit</strong></span> <span class='ocrx_word' id='word_1_707' title='bbox 664 5140 876 5196; x_wconf 84' lang='lat' dir='ltr'><strong>verbum</strong></span> <span class='ocrx_word' id='word_1_708' title='bbox 913 5158 1089 5205; x_wconf 86' lang='lat' dir='ltr'><strong>suum,</strong></span> <span class='ocrx_word' id='word_1_709' title='bbox 1108 5152 1159 5197; x_wconf 89' lang='lat' dir='ltr'><strong>et</strong></span> <span class='ocrx_word' id='word_1_710' title='bbox 1191 5143 1398 5197; x_wconf 85' lang='lat' dir='ltr'><strong>sanavit</strong></span> <span class='ocrx_word' id='word_1_711' title='bbox 1429 5159 1539 5205; x_wconf 85' lang='lat' dir='ltr'><strong>eos,</strong></span> <span class='ocrx_word' id='word_1_712' title='bbox 1559 5151 1607 5196; x_wconf 88' lang='lat' dir='ltr'><strong>et</strong></span> <span class='ocrx_word' id='word_1_713' title='bbox 1634 5142 1826 5211; x_wconf 83' lang='lat' dir='ltr'><strong>eripuit</strong></span> <span class='ocrx_word' id='word_1_714' title='bbox 1858 5157 1944 5195; x_wconf 88' lang='lat' dir='ltr'><strong>eos</strong></span> <span class='ocrx_word' id='word_1_715' title='bbox 1974 5140 2038 5196; x_wconf 84' lang='lat' dir='ltr'><strong>de</strong></span> 
     </span>
    </p>
   </div>
   <div class='ocr_carea' id='block_1_96' title="bbox 463 5232 2039 5305">
    <p class='ocr_par' dir='ltr' id='par_1_96' title="bbox 463 5232 2039 5305">
     <span class='ocr_line' id='line_1_96' title="bbox 463 5232 2039 5305; baseline -0.001 -15"><span class='ocrx_word' id='word_1_716' title='bbox 463 5234 856 5290; x_wconf 84' lang='lat' dir='ltr'><strong>interitionibus</strong></span> <span class='ocrx_word' id='word_1_717' title='bbox 887 5250 1067 5288; x_wconf 84' lang='lat' dir='ltr'><strong>eorum</strong></span> <span class='ocrx_word' id='word_1_718' title='bbox 1093 5236 1118 5289; x_wconf 67' lang='grc' dir='ltr'><strong><em>Ρ</em></strong></span> <span class='ocrx_word' id='word_1_719' title='bbox 1140 5232 1432 5305; x_wconf 84' lang='lat' dir='ltr'><strong>Ipsumque</strong></span> <span class='ocrx_word' id='word_1_720' title='bbox 1465 5234 1716 5289; x_wconf 82' lang='lat' dir='ltr'><strong>similiter</strong></span> <span class='ocrx_word' id='word_1_721' title='bbox 1744 5235 1835 5287; x_wconf 81' lang='lat' dir='ltr'><strong>lux</strong></span> <span class='ocrx_word' id='word_1_722' title='bbox 1871 5233 2039 5288; x_wconf 85' lang='lat' dir='ltr'><strong>missa</strong></span> 
     </span>
    </p>
   </div>
   <div class='ocr_carea' id='block_1_97' title="bbox 464 5323 2037 5401">
    <p class='ocr_par' dir='ltr' id='par_1_97' title="bbox 464 5323 2037 5401">
     <span class='ocr_line' id='line_1_97' title="bbox 464 5323 2037 5401; baseline -0.001 -21"><span class='ocrx_word' id='word_1_723' title='bbox 464 5326 666 5381; x_wconf 89' lang='lat' dir='ltr'><strong>dicitur</strong></span> <span class='ocrx_word' id='word_1_724' title='bbox 708 5325 764 5379; x_wconf 90' lang='lat' dir='ltr'><strong>in</strong></span> <span class='ocrx_word' id='word_1_725' title='bbox 814 5326 1026 5395; x_wconf 85' lang='lat' dir='ltr'><strong>psalmo</strong></span> <span class='ocrx_word' id='word_1_726' title='bbox 1055 5324 1155 5401; x_wconf 25' lang='lat' dir='ltr'><strong>qui.</strong></span> <span class='ocrx_word' id='word_1_727' title='bbox 1202 5325 1321 5378; x_wconf 89' lang='lat' dir='ltr'><strong>ait:</strong></span> <span class='ocrx_word' id='word_1_728' title='bbox 1368 5323 1562 5377; x_wconf 81' lang='lat' dir='ltr'><strong>Emitte</strong></span> <span class='ocrx_word' id='word_1_729' title='bbox 1595 5324 1761 5379; x_wconf 79' lang='lat' dir='ltr'><strong>lucem</strong></span> <span class='ocrx_word' id='word_1_730' title='bbox 1797 5334 1944 5378; x_wconf 86' lang='lat' dir='ltr'><strong>tuam</strong></span> <span class='ocrx_word' id='word_1_731' title='bbox 1988 5335 2037 5378; x_wconf 88' lang='lat' dir='ltr'><strong>et</strong></span> 
     </span>
    </p>
   </div>
   <div class='ocr_carea' id='block_1_98' title="bbox 464 5410 2033 5485">
    <p class='ocr_par' dir='ltr' id='par_1_98' title="bbox 464 5410 2033 5485">
     <span class='ocr_line' id='line_1_98' title="bbox 464 5410 2033 5485; baseline 0.001 -14"><span class='ocrx_word' id='word_1_732' title='bbox 464 5419 734 5472; x_wconf 69' lang='lat' dir='ltr'><strong>unitatem</strong></span> <span class='ocrx_word' id='word_1_733' title='bbox 783 5424 952 5480; x_wconf 90' lang='lat' dir='ltr'><strong>tuam,</strong></span> <span class='ocrx_word' id='word_1_734' title='bbox 1002 5416 1121 5485; x_wconf 87' lang='lat' dir='ltr'><strong>ipsa</strong></span> <span class='ocrx_word' id='word_1_735' title='bbox 1174 5410 1255 5471; x_wconf 83' lang='lat' dir='ltr'><strong>me</strong></span> <span class='ocrx_word' id='word_1_736' title='bbox 1280 5415 1534 5470; x_wconf 87' lang='lat' dir='ltr'><strong>deducent</strong></span> <span class='ocrx_word' id='word_1_737' title='bbox 1558 5415 1622 5470; x_wconf 79' lang='grc'><strong>³⁵.</strong></span> <span class='ocrx_word' id='word_1_738' title='bbox 1679 5415 1797 5471; x_wconf 88' lang='lat' dir='ltr'><strong>Lux</strong></span> <span class='ocrx_word' id='word_1_739' title='bbox 1854 5426 2033 5473; x_wconf 87' lang='lat' dir='ltr'><strong>autem</strong></span> 
     </span>
    </p>
   </div>
   <div class='ocr_carea' id='block_1_99' title="bbox 462 5506 2035 5577">
    <p class='ocr_par' dir='ltr' id='par_1_99' title="bbox 462 5506 2035 5577">
     <span class='ocr_line' id='line_1_99' title="bbox 462 5506 2035 5577; baseline 0.001 -14"><span class='ocrx_word' id='word_1_740' title='bbox 462 5508 667 5563; x_wconf 72' lang='lat' dir='ltr'><strong>\critas</strong></span> <span class='ocrx_word' id='word_1_741' title='bbox 709 5514 765 5562; x_wconf 87' lang='lat' dir='ltr'><strong>et</strong></span> <span class='ocrx_word' id='word_1_742' title='bbox 814 5506 1063 5572; x_wconf 78' lang='lat' dir='ltr'><strong>verbum,</strong></span> <span class='ocrx_word' id='word_1_743' title='bbox 1101 5508 1269 5564; x_wconf 90' lang='lat' dir='ltr'><strong>missa</strong></span> <span class='ocrx_word' id='word_1_744' title='bbox 1304 5509 1373 5564; x_wconf 89' lang='lat' dir='ltr'><strong>ab</strong></span> <span class='ocrx_word' id='word_1_745' title='bbox 1427 5507 1694 5563; x_wconf 85' lang='lat' dir='ltr'><strong>altissimo</strong></span> <span class='ocrx_word' id='word_1_746' title='bbox 1740 5507 1870 5577; x_wconf 89' lang='lat' dir='ltr'><strong>Deo,</strong></span> <span class='ocrx_word' id='word_1_747' title='bbox 1924 5525 2035 5564; x_wconf 86' lang='lat' dir='ltr'><strong>non</strong></span> 
     </span>
    </p>
   </div>
   <div class='ocr_carea' id='block_1_100' title="bbox 535 5659 1633 5730">
    <p class='ocr_par' dir='ltr' id='par_1_100' title="bbox 535 5659 1633 5730">
     <span class='ocr_line' id='line_1_100' title="bbox 535 5659 1633 5730; baseline 0.006 -17"><span class='ocrx_word' id='word_1_748' title='bbox 535 5660 581 5694; x_wconf 72' lang='grc'><strong>³⁵</strong></span> <span class='ocrx_word' id='word_1_749' title='bbox 616 5659 777 5717; x_wconf 84' lang='lat' dir='ltr'><strong>Rom.</strong></span> <span class='ocrx_word' id='word_1_750' title='bbox 810 5677 941 5730; x_wconf 77' lang='lat' dir='ltr'><strong>vui,</strong></span> <span class='ocrx_word' id='word_1_751' title='bbox 971 5662 1062 5718; x_wconf 75' lang='lat'><strong>26.</strong></span> <span class='ocrx_word' id='word_1_752' title='bbox 1136 5662 1182 5697; x_wconf 84' lang='grc'><strong><em>³⁸</em></strong></span> <span class='ocrx_word' id='word_1_753' title='bbox 1218 5663 1364 5720; x_wconf 87' lang='lat' dir='ltr'><strong>Psal.</strong></span> <span class='ocrx_word' id='word_1_754' title='bbox 1399 5678 1513 5729; x_wconf 76' lang='grc' dir='ltr'>ενι,</span> <span class='ocrx_word' id='word_1_755' title='bbox 1545 5664 1633 5720; x_wconf 70' lang='lat'><strong>20.</strong></span> 
     </span>
    </p>
   </div>
   <div class='ocr_carea' id='block_1_101' title="bbox 2224 4409 3722 4481">
    <p class='ocr_par' dir='ltr' id='par_1_101' title="bbox 2224 4409 3722 4481">
     <span class='ocr_line' id='line_1_101' title="bbox 2224 4409 3722 4481; baseline -0.001 -14"><span class='ocrx_word' id='word_1_756' title='bbox 2224 4412 2684 4478; x_wconf 81' lang='grc' dir='ltr'>Ἐξαπέστειλεν</span> <span class='ocrx_word' id='word_1_757' title='bbox 2714 4417 2749 4468; x_wconf 83' lang='grc' dir='ltr'><em>ὁ</em></span> <span class='ocrx_word' id='word_1_758' title='bbox 2776 4412 2921 4481; x_wconf 90' lang='grc' dir='ltr'>Θεὸς</span> <span class='ocrx_word' id='word_1_759' title='bbox 2951 4412 3017 4467; x_wconf 89' lang='grc' dir='ltr'><strong>τὸ</strong></span> <span class='ocrx_word' id='word_1_760' title='bbox 3050 4412 3223 4479; x_wconf 76' lang='grc' dir='ltr'>ἔλεος</span> <span class='ocrx_word' id='word_1_761' title='bbox 3249 4411 3436 4467; x_wconf 85' lang='grc' dir='ltr'>αὐτοῦ</span> <span class='ocrx_word' id='word_1_762' title='bbox 3476 4412 3575 4467; x_wconf 78' lang='grc' dir='ltr'>καὶ</span> <span class='ocrx_word' id='word_1_763' title='bbox 3603 4409 3722 4479; x_wconf 80' lang='grc' dir='ltr'>τὴν</span> 
     </span>
    </p>
   </div>
   <div class='ocr_carea' id='block_1_102' title="bbox 2138 4505 3718 4576">
    <p class='ocr_par' dir='ltr' id='par_1_102' title="bbox 2138 4505 3718 4576">
     <span class='ocr_line' id='line_1_102' title="bbox 2138 4505 3718 4576; baseline -0.002 -14"><span class='ocrx_word' id='word_1_764' title='bbox 2138 4505 2429 4573; x_wconf 79' lang='grc' dir='ltr'>ἀλήθειαν</span> <span class='ocrx_word' id='word_1_765' title='bbox 2460 4506 2667 4570; x_wconf 84' lang='grc' dir='ltr'>αὐτοῦ,</span> <span class='ocrx_word' id='word_1_766' title='bbox 2697 4506 2795 4561; x_wconf 70' lang='grc' dir='ltr'><strong>καὶ</strong></span> <span class='ocrx_word' id='word_1_767' title='bbox 2839 4506 3134 4576; x_wconf 72' lang='grc' dir='ltr'>ἐρρύσατο</span> <span class='ocrx_word' id='word_1_768' title='bbox 3180 4505 3295 4573; x_wconf 83' lang='grc' dir='ltr'>τὴν</span> <span class='ocrx_word' id='word_1_769' title='bbox 3341 4506 3555 4575; x_wconf 55' lang='grc' dir='ltr'><strong>⁴ψυχήν</strong></span> <span class='ocrx_word' id='word_1_770' title='bbox 3597 4521 3718 4575; x_wconf 82' lang='grc' dir='ltr'><strong>μου</strong></span> 
     </span>
    </p>
   </div>
   <div class='ocr_carea' id='block_1_103' title="bbox 2137 4595 3719 4668">
    <p class='ocr_par' dir='ltr' id='par_1_103' title="bbox 2137 4595 3719 4668">
     <span class='ocr_line' id='line_1_103' title="bbox 2137 4595 3719 4668; baseline -0.003 -16"><span class='ocrx_word' id='word_1_771' title='bbox 2137 4599 2207 4652; x_wconf 82' lang='grc' dir='ltr'>ἐκ</span> <span class='ocrx_word' id='word_1_772' title='bbox 2229 4597 2425 4667; x_wconf 86' lang='grc' dir='ltr'>μέσου</span> <span class='ocrx_word' id='word_1_773' title='bbox 2450 4598 2761 4667; x_wconf 82' lang='grc' dir='ltr'>σκύμνων,</span> <span class='ocrx_word' id='word_1_774' title='bbox 2793 4598 2886 4651; x_wconf 64' lang='grc' dir='ltr'><strong>καλ⁵</strong></span> <span class='ocrx_word' id='word_1_775' title='bbox 2916 4597 2984 4651; x_wconf 87' lang='grc' dir='ltr'><strong>τὰ</strong></span> <span class='ocrx_word' id='word_1_776' title='bbox 3012 4598 3159 4668; x_wconf 78' lang='grc' dir='ltr'>ἑξῆς.</span> <span class='ocrx_word' id='word_1_777' title='bbox 3191 4597 3301 4668; x_wconf 81' lang='grc' dir='ltr'><strong>Τὴν</strong></span> <span class='ocrx_word' id='word_1_778' title='bbox 3332 4597 3588 4668; x_wconf 78' lang='grc' dir='ltr'>ἀνωτέρω</span> <span class='ocrx_word' id='word_1_779' title='bbox 3611 4595 3719 4649; x_wconf 85' lang='grc' dir='ltr'>λεί-</span> 
     </span>
    </p>
   </div>
   <div class='ocr_carea' id='block_1_104' title="bbox 2140 4688 3715 4761">
    <p class='ocr_par' dir='ltr' id='par_1_104' title="bbox 2140 4688 3715 4761">
     <span class='ocr_line' id='line_1_104' title="bbox 2140 4688 3715 4761; baseline -0.002 -18"><span class='ocrx_word' id='word_1_780' title='bbox 2140 4705 2347 4743; x_wconf 88' lang='grc' dir='ltr'>πουσαν</span> <span class='ocrx_word' id='word_1_781' title='bbox 2384 4688 2621 4743; x_wconf 86' lang='grc' dir='ltr'>διάνοιαν</span> <span class='ocrx_word' id='word_1_782' title='bbox 2652 4688 2742 4743; x_wconf 82' lang='grc' dir='ltr'><strong>διὰ</strong></span> <span class='ocrx_word' id='word_1_783' title='bbox 2798 4689 2907 4743; x_wconf 85' lang='grc' dir='ltr'><strong>τῶν</strong></span> <span class='ocrx_word' id='word_1_784' title='bbox 2959 4689 3336 4761; x_wconf 83' lang='grc' dir='ltr'>προκειμένων</span> <span class='ocrx_word' id='word_1_785' title='bbox 3388 4688 3715 4741; x_wconf 80' lang='grc' dir='ltr'>ἀποδέδωκε.</span> 
     </span>
    </p>
   </div>
   <div class='ocr_carea' id='block_1_105' title="bbox 2141 4777 3716 4851">
    <p class='ocr_par' dir='ltr' id='par_1_105' title="bbox 2141 4777 3716 4851">
     <span class='ocr_line' id='line_1_105' title="bbox 2141 4777 3716 4851; baseline -0.003 -18"><span class='ocrx_word' id='word_1_786' title='bbox 2141 4779 2483 4851; x_wconf 86' lang='grc' dir='ltr'>Ζητουμένου</span> <span class='ocrx_word' id='word_1_787' title='bbox 2515 4778 2623 4851; x_wconf 88' lang='lat'><strong>7&amp;9</strong></span> <span class='ocrx_word' id='word_1_788' title='bbox 2664 4780 2783 4834; x_wconf 89' lang='grc' dir='ltr'>τίνα</span> <span class='ocrx_word' id='word_1_789' title='bbox 2837 4779 3215 4844; x_wconf 82' lang='grc' dir='ltr'>ἐξαπέστειλεν</span> <span class='ocrx_word' id='word_1_790' title='bbox 3244 4779 3309 4832; x_wconf 80' lang='grc' dir='ltr'>ἐκ</span> <span class='ocrx_word' id='word_1_791' title='bbox 3341 4778 3435 4831; x_wconf 87' lang='grc' dir='ltr'>τοῦ</span> <span class='ocrx_word' id='word_1_792' title='bbox 3464 4777 3716 4849; x_wconf 78' lang='grc' dir='ltr'>οὐρανοῦ.</span> 
     </span>
    </p>
   </div>
   <div class='ocr_carea' id='block_1_106' title="bbox 2143 4865 3714 4942">
    <p class='ocr_par' dir='ltr' id='par_1_106' title="bbox 2143 4865 3714 4942">
     <span class='ocr_line' id='line_1_106' title="bbox 2143 4865 3714 4942; baseline -0.003 -18"><span class='ocrx_word' id='word_1_793' title='bbox 2143 4869 2238 4924; x_wconf 79' lang='grc' dir='ltr'>καὶ</span> <span class='ocrx_word' id='word_1_794' title='bbox 2267 4869 2436 4921; x_wconf 74' lang='grc' dir='ltr'>ἔσωσε</span> <span class='ocrx_word' id='word_1_795' title='bbox 2466 4869 2557 4923; x_wconf 83' lang='grc' dir='ltr'><strong>τὸν</strong></span> <span class='ocrx_word' id='word_1_796' title='bbox 2598 4869 2778 4935; x_wconf 78' lang='grc' dir='ltr'>Δαυῖδ,</span> <span class='ocrx_word' id='word_1_797' title='bbox 2833 4870 3176 4942; x_wconf 83' lang='grc' dir='ltr'>παρέστησεν</span> <span class='ocrx_word' id='word_1_798' title='bbox 3227 4867 3464 4922; x_wconf 76' lang='grc' dir='ltr'>ἐνταῦθα</span> <span class='ocrx_word' id='word_1_799' title='bbox 3525 4865 3714 4920; x_wconf 75' lang='grc' dir='ltr'>εἰπών·</span> 
     </span>
    </p>
   </div>
   <div class='ocr_carea' id='block_1_107' title="bbox 2156 4958 3719 5030">
    <p class='ocr_par' dir='ltr' id='par_1_107' title="bbox 2156 4958 3719 5030">
     <span class='ocr_line' id='line_1_107' title="bbox 2156 4958 3719 5030; baseline -0.002 -16"><span class='ocrx_word' id='word_1_800' title='bbox 2156 4960 2620 5024; x_wconf 78' lang='grc' dir='ltr'>Ἐξαπέστειλεν</span> <span class='ocrx_word' id='word_1_801' title='bbox 2656 4966 2689 5018; x_wconf 86' lang='grc' dir='ltr'><strong>ό</strong></span> <span class='ocrx_word' id='word_1_802' title='bbox 2718 4961 2861 5030; x_wconf 86' lang='grc' dir='ltr'>Θεὸς</span> <span class='ocrx_word' id='word_1_803' title='bbox 2902 4962 2967 5016; x_wconf 88' lang='grc' dir='ltr'><strong>τὸ</strong></span> <span class='ocrx_word' id='word_1_804' title='bbox 2996 4962 3169 5028; x_wconf 84' lang='grc' dir='ltr'>ἕλεος</span> <span class='ocrx_word' id='word_1_805' title='bbox 3214 4961 3400 5016; x_wconf 87' lang='grc' dir='ltr'>αὑτοῦ</span> <span class='ocrx_word' id='word_1_806' title='bbox 3457 4959 3555 5015; x_wconf 75' lang='grc' dir='ltr'>καὶ</span> <span class='ocrx_word' id='word_1_807' title='bbox 3605 4958 3719 5025; x_wconf 73' lang='grc' dir='ltr'>τὴν</span> 
     </span>
    </p>
   </div>
   <div class='ocr_carea' id='block_1_108' title="bbox 2142 5050 3718 5124">
    <p class='ocr_par' dir='ltr' id='par_1_108' title="bbox 2142 5050 3718 5124">
     <span class='ocr_line' id='line_1_108' title="bbox 2142 5050 3718 5124; baseline -0.003 -17"><span class='ocrx_word' id='word_1_808' title='bbox 2142 5051 2432 5118; x_wconf 78' lang='grc' dir='ltr'>ἀλήθειαν</span> <span class='ocrx_word' id='word_1_809' title='bbox 2459 5053 2665 5108; x_wconf 82' lang='grc' dir='ltr'>αὐτοῦ.</span> <span class='ocrx_word' id='word_1_810' title='bbox 2716 5054 2904 5118; x_wconf 88' lang='grc' dir='ltr'>Ἔλεος</span> <span class='ocrx_word' id='word_1_811' title='bbox 2930 5054 2986 5107; x_wconf 81' lang='grc' dir='ltr'>δὲ</span> <span class='ocrx_word' id='word_1_812' title='bbox 3011 5052 3105 5107; x_wconf 77' lang='grc' dir='ltr'>καὶ</span> <span class='ocrx_word' id='word_1_813' title='bbox 3134 5052 3358 5124; x_wconf 78' lang='grc' dir='ltr'>ἀλήθεια</span> <span class='ocrx_word' id='word_1_814' title='bbox 3398 5050 3718 5116; x_wconf 79' lang='grc' dir='ltr'>ἐξαποστελ-</span> 
     </span>
    </p>
   </div>
   <div class='ocr_carea' id='block_1_109' title="bbox 2143 5135 3717 5218">
    <p class='ocr_par' dir='ltr' id='par_1_109' title="bbox 2143 5135 3717 5218">
     <span class='ocr_line' id='line_1_109' title="bbox 2143 5135 3717 5218; baseline -0.001 -23"><span class='ocrx_word' id='word_1_815' title='bbox 2143 5143 2343 5214; x_wconf 84' lang='grc' dir='ltr'>λομένη</span> <span class='ocrx_word' id='word_1_816' title='bbox 2361 5144 2444 5208; x_wconf 89' lang='grc' dir='ltr'><strong>τίς</strong></span> <span class='ocrx_word' id='word_1_817' title='bbox 2468 5144 2534 5199; x_wconf 78' lang='grc' dir='ltr'>ἂν</span> <span class='ocrx_word' id='word_1_818' title='bbox 2564 5146 2647 5217; x_wconf 77' lang='grc' dir='ltr'>εἴη</span> <span class='ocrx_word' id='word_1_819' title='bbox 2673 5146 2705 5218; x_wconf 73' lang='grc' dir='ltr'>ἢ</span> <span class='ocrx_word' id='word_1_820' title='bbox 2740 5149 2769 5199; x_wconf 88' lang='lat'><strong>6</strong></span> <span class='ocrx_word' id='word_1_821' title='bbox 2793 5144 2888 5199; x_wconf 78' lang='grc' dir='ltr'>τοῦ</span> <span class='ocrx_word' id='word_1_822' title='bbox 2918 5144 3054 5198; x_wconf 77' lang='grc' dir='ltr'>Θεοῦ</span> <span class='ocrx_word' id='word_1_823' title='bbox 3097 5144 3272 5213; x_wconf 84' lang='grc' dir='ltr'>λόγος,</span> <span class='ocrx_word' id='word_1_824' title='bbox 3332 5144 3461 5215; x_wconf 78' lang='grc' dir='ltr'>περὶ</span> <span class='ocrx_word' id='word_1_825' title='bbox 3516 5135 3577 5195; x_wconf 78' lang='grc' dir='ltr'>οὗ</span> <span class='ocrx_word' id='word_1_826' title='bbox 3610 5141 3717 5194; x_wconf 80' lang='grc' dir='ltr'>ἐλέ-</span> 
     </span>
    </p>
   </div>
   <div class='ocr_carea' id='block_1_110' title="bbox 2144 5234 3716 5307">
    <p class='ocr_par' dir='ltr' id='par_1_110' title="bbox 2144 5234 3716 5307">
     <span class='ocr_line' id='line_1_110' title="bbox 2144 5234 3716 5307; baseline -0.003 -18"><span class='ocrx_word' id='word_1_827' title='bbox 2144 5252 2290 5305; x_wconf 87' lang='grc' dir='ltr'>γετο,</span> <span class='ocrx_word' id='word_1_828' title='bbox 2339 5237 2762 5302; x_wconf 81' lang='grc' dir='ltr'>Ἐξαπέστειλε</span> <span class='ocrx_word' id='word_1_829' title='bbox 2782 5238 2888 5292; x_wconf 90' lang='grc' dir='ltr'><strong>τὸν</strong></span> <span class='ocrx_word' id='word_1_830' title='bbox 2929 5239 3117 5307; x_wconf 77' lang='grc' dir='ltr'>λόγον</span> <span class='ocrx_word' id='word_1_831' title='bbox 3133 5236 3340 5299; x_wconf 84' lang='grc' dir='ltr'>αὐτοῦ,</span> <span class='ocrx_word' id='word_1_832' title='bbox 3376 5236 3473 5288; x_wconf 76' lang='grc' dir='ltr'>καὶ</span> <span class='ocrx_word' id='word_1_833' title='bbox 3507 5234 3716 5288; x_wconf 76' lang='grc' dir='ltr'>ἰάσατο</span> 
     </span>
    </p>
   </div>
   <div class='ocr_carea' id='block_1_111' title="bbox 2142 5322 3717 5399">
    <p class='ocr_par' dir='ltr' id='par_1_111' title="bbox 2142 5322 3717 5399">
     <span class='ocr_line' id='line_1_111' title="bbox 2142 5322 3717 5399; baseline -0.003 -19"><span class='ocrx_word' id='word_1_834' title='bbox 2142 5328 2385 5395; x_wconf 84' lang='grc' dir='ltr'>αὐτοὺς,</span> <span class='ocrx_word' id='word_1_835' title='bbox 2420 5329 2519 5383; x_wconf 76' lang='grc' dir='ltr'>καὶ</span> <span class='ocrx_word' id='word_1_836' title='bbox 2545 5330 2836 5399; x_wconf 65' lang='grc' dir='ltr'>ἐρρύσατο</span> <span class='ocrx_word' id='word_1_837' title='bbox 2861 5329 3082 5395; x_wconf 85' lang='grc' dir='ltr'>αὐτοὺς</span> <span class='ocrx_word' id='word_1_838' title='bbox 3130 5329 3200 5382; x_wconf 84' lang='grc' dir='ltr'>ἐκ</span> <span class='ocrx_word' id='word_1_839' title='bbox 3235 5326 3354 5381; x_wconf 86' lang='grc' dir='ltr'>τῶν</span> <span class='ocrx_word' id='word_1_840' title='bbox 3383 5322 3717 5395; x_wconf 55' lang='grc' dir='ltr'>διαμθορῶν</span> 
     </span>
    </p>
   </div>
   <div class='ocr_carea' id='block_1_112' title="bbox 2142 5410 3715 5491">
    <p class='ocr_par' dir='ltr' id='par_1_112' title="bbox 2142 5410 3715 5491">
     <span class='ocr_line' id='line_1_112' title="bbox 2142 5410 3715 5491; baseline -0.005 -19"><span class='ocrx_word' id='word_1_841' title='bbox 2142 5410 2373 5484; x_wconf 74' lang='grc' dir='ltr'>αὑτῶν;</span> <span class='ocrx_word' id='word_1_842' title='bbox 2414 5421 2471 5474; x_wconf 82' lang='grc' dir='ltr'><strong>Ὀ</strong></span> <span class='ocrx_word' id='word_1_843' title='bbox 2502 5421 2546 5473; x_wconf 87' lang='grc' dir='ltr'>δ’</span> <span class='ocrx_word' id='word_1_844' title='bbox 2577 5420 2739 5483; x_wconf 82' lang='grc' dir='ltr'>αὐτὸς</span> <span class='ocrx_word' id='word_1_845' title='bbox 2764 5420 2964 5491; x_wconf 83' lang='grc' dir='ltr'>ὁμοίως</span> <span class='ocrx_word' id='word_1_846' title='bbox 2990 5420 3084 5473; x_wconf 82' lang='grc' dir='ltr'>καὶ</span> <span class='ocrx_word' id='word_1_847' title='bbox 3111 5417 3227 5489; x_wconf 82' lang='grc' dir='ltr'><strong>φῶς</strong></span> <span class='ocrx_word' id='word_1_848' title='bbox 3253 5414 3715 5487; x_wconf 82' lang='grc' dir='ltr'>ἀποστελλόμενον</span> 
     </span>
    </p>
   </div>
   <div class='ocr_carea' id='block_1_113' title="bbox 2141 5504 3753 5584">
    <p class='ocr_par' dir='ltr' id='par_1_113' title="bbox 2141 5504 3753 5584">
     <span class='ocr_line' id='line_1_113' title="bbox 2141 5504 3753 5584; baseline -0.003 -20"><span class='ocrx_word' id='word_1_849' title='bbox 2141 5512 2357 5584; x_wconf 78' lang='grc' dir='ltr'>εἴρηται</span> <span class='ocrx_word' id='word_1_850' title='bbox 2385 5514 2443 5565; x_wconf 81' lang='grc' dir='ltr'>ὲν</span> <span class='ocrx_word' id='word_1_851' title='bbox 2466 5511 2546 5582; x_wconf 82' lang='grc' dir='ltr'><strong>τῷ</strong></span> <span class='ocrx_word' id='word_1_852' title='bbox 2582 5513 2841 5581; x_wconf 84' lang='grc' dir='ltr'>φάσκοντι</span> <span class='ocrx_word' id='word_1_853' title='bbox 2889 5510 3108 5583; x_wconf 71' lang='grc' dir='ltr'>ψαλμῷ·</span> <span class='ocrx_word' id='word_1_854' title='bbox 3145 5509 3611 5576; x_wconf 75' lang='grc' dir='ltr'>ἐξαπόστειλον</span> <span class='ocrx_word' id='word_1_855' title='bbox 3650 5504 3753 5560; x_wconf 86' lang='grc' dir='ltr'>τὸ”</span> 
     </span>
    </p>
   </div>
   <div class='ocr_carea' id='block_1_114' title="bbox 1746 5663 2244 5731">
    <p class='ocr_par' dir='ltr' id='par_1_114' title="bbox 1746 5663 2244 5731">
     <span class='ocr_line' id='line_1_114' title="bbox 1746 5663 2244 5731; baseline 0.01 -13"><span class='ocrx_word' id='word_1_856' title='bbox 1746 5663 1791 5697; x_wconf 75' lang='grc'>³⁸</span> <span class='ocrx_word' id='word_1_857' title='bbox 1826 5663 1972 5720; x_wconf 89' lang='lat' dir='ltr'><strong>Psal.</strong></span> <span class='ocrx_word' id='word_1_858' title='bbox 2013 5681 2156 5731; x_wconf 69' lang='lat' dir='ltr'><strong>nu,</strong></span> <span class='ocrx_word' id='word_1_859' title='bbox 2187 5665 2244 5723; x_wconf 84' lang='lat'><strong>&#39;5.</strong></span> 
     </span>
    </p>
   </div>
   <div class='ocr_carea' id='block_1_115' title="bbox 538 5751 2042 5828">
    <p class='ocr_par' dir='ltr' id='par_1_115' title="bbox 538 5751 2018 5828">
     <span class='ocr_line' id='line_1_115' title="bbox 538 5751 2018 5828; baseline -0.001 -16"><span class='ocrx_word' id='word_1_860' title='bbox 538 5754 615 5827; x_wconf 83' lang='lat' dir='ltr'><strong>(l)</strong></span> <span class='ocrx_word' id='word_1_861' title='bbox 655 5752 904 5826; x_wconf 73' lang='grc' dir='ltr'>Γεγωνῷ</span> <span class='ocrx_word' id='word_1_862' title='bbox 922 5752 997 5823; x_wconf 77' lang='grc' dir='ltr'>τῆ</span> <span class='ocrx_word' id='word_1_863' title='bbox 1018 5752 1205 5825; x_wconf 66' lang='grc' dir='ltr'>φωνῇ.</span> <span class='ocrx_word' id='word_1_864' title='bbox 1236 5754 1311 5811; x_wconf 85' lang='lat' dir='ltr'><strong>Ita</strong></span> <span class='ocrx_word' id='word_1_865' title='bbox 1341 5755 1677 5812; x_wconf 78' lang='lat' dir='ltr'><strong>correximus</strong></span> <span class='ocrx_word' id='word_1_866' title='bbox 1709 5757 1851 5828; x_wconf 85' lang='lat' dir='ltr'><strong>quod</strong></span> <span class='ocrx_word' id='word_1_867' title='bbox 1887 5751 2018 5813; x_wconf 78' lang='lat' dir='ltr'><strong>editi</strong></span> 
     </span>
    </p>
   </div>
   <div class='ocr_carea' id='block_1_116' title="bbox 2142 5751 2989 5828">
    <p class='ocr_par' dir='ltr' id='par_1_116' title="bbox 2142 5755 2989 5827">
     <span class='ocr_line' id='line_1_116' title="bbox 2142 5755 2989 5827; baseline 0.001 -17"><span class='ocrx_word' id='word_1_868' title='bbox 2142 5756 2305 5813; x_wconf 69' lang='lat' dir='ltr'><strong>libent</strong></span> <span class='ocrx_word' id='word_1_869' title='bbox 2337 5758 2593 5827; x_wconf 72' lang='grc' dir='ltr'>γεγονοτῇ</span> <span class='ocrx_word' id='word_1_870' title='bbox 2628 5758 2799 5827; x_wconf 71' lang='grc' dir='ltr'>φωνῇ.</span> <span class='ocrx_word' id='word_1_871' title='bbox 2833 5755 2989 5811; x_wconf 84' lang='grc' dir='ltr'>Εοιτ.</span> 
     </span>
    </p>
   </div>
  </div>
