4098 6396
433 359 540 416 509

1556 356 2059 415 COMMENTARIA
2095 356 2165 413 IN
2202 356 2540 415 PSALMOS.

3567 365 3674 422 5l0

429 477 557 550 φῶς
577 490 695 532 σου
718 492 817 531 και
847 475 958 544 τὴν
986 474 1275 541 ἀλήθειάν
1309 488 1448 539 σου,
1499 473 1654 529 αὐτά
1683 491 1761 545 με
1781 471 1984 543 ὁδηγή-

2102 470 2221 527 sine
2272 471 2534 538 essentia,
2589 487 2691 529 nec
2749 472 2870 530 sine
2923 475 3231 533 substantia
3267 484 3438 534 sunt:
3494 495 3674 550 neque

427 586 543 626 σει.
570 567 692 632 Φῶς
720 568 776 622 δὲ
819 570 913 622 καὶ
963 566 1189 639 ἀλήθεια
1229 568 1324 621 καὶ
1376 566 1532 636 λόγος
1563 567 1996 639 ἀποστελλόμενα

312 724 322 730 ε
428 660 579 733 παρὰ
603 663 697 713 τοῦ
757 659 978 730 ὑψίστου
1036 658 1191 723 Θεοῦ,
1227 660 1326 713 οὑκ
1358 658 1608 725 ἀνούσια,
1646 658 1767 713 οὑδὲ
1795 658 1995 713 ἀνυπό-

430 767 619 806 στατα·
647 750 708 804 οὑ
741 750 850 822 γὰρ
872 747 982 804 οἷόν
1002 767 1063 804 τε
1085 746 1153 822 ἦν
1203 752 1433 823 πρᾶγμα
1475 751 1840 805 ἀνυπόστατον
1865 752 1997 804 ἀπο-

429 839 760 893 στέλλεσθαι.
790 841 997 913 Ὠσπερ
1016 841 1072 894 δέ
1101 842 1271 910 Λόγος
1308 845 1504 895 νοεῖται
1549 839 1741 903 ίάσεως
1773 841 1865 894 καὶ
1887 858 1994 894 σω·-

427 931 620 1001 τηρίας
647 934 946 1004 ποιητικὸς,
1001 932 1173 998 οὕτως
1207 934 1299 986 ἐπὶ
1341 932 1435 987 τοῦ
1476 932 1743 1004 παρόντος
1771 936 1799 987 6
1830 934 1994 997 αὑτὸς

424 1019 571 1086 ἕλεος
601 1022 933 1094 ὠνόμασται,
956 1024 1032 1088 ὡς
1060 1024 1125 1079 ἂν
1163 1026 1490 1097 ὑπηρετικὸς
1515 1024 1590 1078 ῶν
1632 1025 1729 1096 τῆς
1760 1024 1854 1079 τοῦ
1882 1026 1993 1079 Πα-

423 1109 550 1183 τρδς
574 1112 1000 1184 φιλανθρωπίας
1046 1115 1245 1186 ὁμοίως
1291 1116 1348 1170 δέ
1394 1117 1486 1169 καὶ
1519 1114 1764 1187 ἀλήθεια,
1816 1116 1893 1179 ὡς
1925 1115 1992 1169 ἂν

422 1203 639 1274 ἀληθῶς
670 1205 914 1274 ὑφεστὼς
940 1208 1034 1261 καὶ
1066 1210 1186 1260 κατ’
1217 1209 1493 1279 ἐνέργειαν
1538 1209 1888 1280 οὑσιωμένος.
1933 1209 1991 1263 ’0

419 1293 550 1363 γοῦν
575 1295 841 1366 ἡμέτερος
866 1298 1022 1366 λόγος
1057 1297 1152 1358 ὢν,
1182 1299 1469 1364 συλλαϐαῖς
1515 1300 1608 1354 καὶ
1634 1303 1838 1373 ῥήμασι
1895 1302 1990 1355 καὶ

418 1386 644 1456 ὀνόμασι
675 1387 773 1459 τὴν
800 1390 1095 1444 ὑπόστασιν
1145 1391 1306 1463 ἔχων,
1337 1393 1431 1446 καὶ
1479 1392 1571 1446 διὰ
1625 1387 1867 1463 γλώττης
1896 1394 1989 1446 καὶ

420 1478 601 1549 φωνῆς
630 1478 1008 1552 ἐξηχούμενος,
1040 1483 1139 1536 οὑκ
1170 1483 1235 1536 ἂν
1269 1483 1483 1555 λεχθείη
1509 1485 1711 1557 κυρίως
1736 1485 1829 1538 καὶ
1852 1485 1987 1555 ἀλη-

421 1566 526 1631 θῶς
564 1567 737 1636 λόγος.
774 1570 926 1641 Ἔχει
975 1570 1102 1641 γοῦν
1164 1571 1347 1644 ἓτερον
1378 1572 1469 1626 τὸν
1505 1571 1776 1641 γεννῶντα
1804 1573 1985 1635 αὑτὸν,

415 1658 474 1714 δν
502 1661 596 1714 καὶ
630 1661 833 1734 κυρίως
891 1664 956 1719 ἄν
989 1681 1074 1729 τις
1103 1665 1244 1719 είποι
1289 1665 1463 1737 ἀληθῆ
1508 1665 1683 1735 λόγον’
1730 1665 1917 1721 τοῦτον
1940 1667 1985 1720 δ’

412 1746 554 1806 εἷναί
577 1770 708 1823 φασι
762 1754 854 1809 τὸν
881 1755 1204 1811 ἐνδιάθετον.
1232 1758 1444 1829 Ὠσπερ
1468 1753 1561 1811 οὖν
1597 1759 1626 1811 6
1658 1759 1715 1812 ἐν
1744 1759 1875 1829 ἡμῖν
1909 1759 1988 1811 ἐν-

2101 563 2247 619 cnim
2280 572 2496 635 poterat
2524 580 2614 621 res
2646 567 2766 622 sine
2800 567 3106 623 substantia
3128 569 3290 626 mitti.
3313 568 3677 636 Quemadmo-

2100 653 2230 709 dum
2285 663 2466 709 autem
2510 652 2748 710 Verbum
2783 657 3109 727 intelligitur
3140 659 3444 714 curationis
3476 668 3531 716 et
3584 678 3674 716 sa-

2100 743 2231 799 lutis
2261 742 2527 813 eilector;
2577 745 2657 801 sic
2687 755 2741 800 et
2778 745 2833 800 in
2878 748 3129 817 praesenti
3171 748 3312 804 idem
3356 750 3667 804 misericor-

2099 835 2188 890 dia
2208 844 2453 901 vocatur,
2472 845 2661 907 utpote
2680 846 2919 909 paternae
2947 855 3074 910 erga
3102 841 3352 896 homines
3374 841 3674 896 clementiae

2098 928 2388 986 minister:
2420 931 2672 986 similiter
2697 939 2751 985 et
2785 933 2987 987 veritas
3013 932 3233 995 dicitur,
3268 942 3325 987 ut
3374 950 3500 989 vere
3539 935 3666 990 subs

2098 1023 2321 1088 sistens,
2368 1031 2422 1079 et
2453 1024 2752 1080 secundum
2793 1027 2985 1096 agendi
3023 1027 3131 1080 vim
3183 1028 3485 1082 substantia
3534 1043 3670 1096 pra:-

2097 1116 2292 1171 ditum.
2322 1114 2580 1171 Nostrum
2619 1116 2804 1186 itaque
2832 1117 3082 1184 verbum,
3119 1118 3364 1188 syllabis,
3403 1118 3584 1173 verbis
3617 1128 3671 1172 et

2097 1208 2412 1264 nominibus
2473 1210 2834 1266 substantiam
2889 1210 3116 1278 habens,
3179 1212 3359 1281 lingua
3417 1218 3470 1266 et
3533 1226 3669 1268 voce

2095 1302 2378 1365 emissum,
2432 1317 2542 1358 non
2601 1304 2819 1372 proprie
2868 1317 2932 1356 ac
2982 1317 3108 1358 vere
3162 1304 3386 1357 verbum
3429 1303 3664 1361 dicatur.

2045 1409 2055 1418 ·
2098 1390 2269 1448 Habet
2320 1393 2465 1448 enim
2501 1394 2647 1449 aliud
2687 1409 2747 1451 se
2780 1395 3028 1465 gignens,
3086 1396 3231 1465 quod
3281 1396 3406 1466 quis
3452 1397 3671 1467 proprie

2094 1497 2159 1538 ac
2209 1500 2338 1540 vere
2384 1486 2611 1541 verbum
2663 1487 3034 1557 appellaverit,
3067 1488 3210 1555 quod
3248 1488 3403 1542 aiunt
3439 1488 3665 1542 insitum

2091 1591 2236 1632 esse.
2273 1575 2428 1632 Sicut
2457 1578 2684 1634 insitum
2714 1578 2768 1632 in
2800 1579 2959 1634 nobis
2992 1580 3241 1646 verbum,
3274 1579 3419 1650 quod
3443 1580 3664 1650 proprie

2092 1670 2316 1725 verbum
2350 1670 2567 1737 dicitur,
2599 1670 2962 1727 substantiam
2992 1671 3174 1738 habet,
3203 1686 3327 1727 cum
3365 1671 3666 1726 secundum

2090 1762 2384 1816 essentiam
2417 1762 2714 1826 subsistat,
2756 1762 3013 1833 aliudque
3060 1763 3132 1817 sit
3182 1763 3251 1817 ab
3285 1778 3351 1817 eo
3391 1763 3486 1833 qui
3517 1763 3666 1817 misit

411 1840 655 1906 διάθετος
675 1843 829 1912 λόγος
846 1844 944 1915 (1),
960 1848 988 1898 6
1008 1846 1102 1899 καὶ
1134 1846 1339 1919 κυρίως
1366 1846 1430 1901 ἂν
1449 1847 1633 1919 ῥηθεὶς
1654 1845 1869 1917 ἀληθῶς
1899 1846 1984 1900 λό-

2090 1853 2265 1923 ipsum
2295 1894 2308 1909 .
2344 1869 2516 1924 quare
2547 1854 2802 1925 superius
2825 1854 3132 1921 dicebatur,
3171 1855 3320 1913 Misit
3345 1853 3409 1908 de
3436 1856 3584 1917 cwlo,
3614 1864 3667 1909 ct

411 1947 527 2001 γος,
554 1933 854 1998 ὑπόστατος
885 1935 1164 2006 τυγχάνει,
1206 1939 1325 1997 κατ’
1356 1938 1544 1993 οὐσίαν
1578 1937 1848 2005 ὑφεστὼς,
1869 1938 1988 1992 ἐτε-

412 2022 506 2094 ρός
536 2039 595 2076 τε
637 2022 713 2077 ὢν
749 2023 900 2097 παρὰ
927 2026 1019 2080 τὸν
1069 2027 1465 2083 ἀποστέλλοντα
1498 2029 1680 2083 αὑτόν·
1720 2029 1800 2084 διὸ
1849 2030 1988 2084 dvo)-

407 2114 553 2186 τέρω
578 2115 676 2186 μὲν
725 2117 957 2186 ἐλέγετο,
1006 2117 1457 2183 Ἐ’ξαπέστειλεν
1492 2121 1562 2186 ἐξ
1590 2121 1848 2191 οὐρανοῦ
1888 2122 1987 2175 καὶ

405 2205 604 2260 ἔσωσέ
654 2224 752 2278 με.
790 2209 926 2263 Τίνα
950 2209 1009 2263 δὲ
1060 2210 1426 2279 ἐξαπέστειλε,
1469 2214 1562 2268 ἐπὶ
1592 2214 1685 2268 τοῦ
1722 2214 1986 2287 παρόντος

406 2298 643 2355 διδάσκει
704 2301 947 2371 φάσκωνο
997 2303 1415 2370 Ἐξαπέστειλσ
1470 2307 1537 2360 τὸ
1592 2307 1764 2373 ἕλεος
1798 2308 1985 2363 αὐτοῦ

407 2391 506 2447 καί
544 2392 657 2463 τὴν
680 2394 967 2462 ἀλήθειαν
996 2397 1203 2463 αὐτοῦ,
1251 2398 1349 2454 καί
1393 2398 1685 2467 ἐρῤύσατο
1725 2397 1840 2467 τὴν
1870 2402 1987 2468 ψυ-

404 2483 526 2552 χήν
554 2502 669 2554 μου
716 2485 784 2539 ἐκ
827 2486 1016 2557 μέσου
1043 2489 1346 2558 σκύμνων
1377 2483 1451 2543 ὧν
1510 2489 1671 2560 μέσος
1698 2489 1986 2559 γενόμενος

402 2577 745 2649 ὲκοιμήθην,
775 2580 929 2651 φησὶ,
987 2581 1436 2651 τεταραγμένος.
1468 2581 1647 2645 Μέσος
1705 2580 1810 2652 γὰρ
1851 2582 1986 2636 ἀπο⁴

401 2669 629 2741 ληφθεὶς
662 2669 917 2739 σκύμνων
942 2670 1051 2725 τῶν
1082 2673 1140 2724 ἐν
1192 2671 1293 2725 Γὲθ
1330 2670 1661 2740 ἀλλοφύλων,
1688 2671 1720 2741 ἢ
1752 2672 1858 2724 τῶν
1886 2671 1982 2725 ἄλ-

400 2761 510 2827 λως
532 2760 914 2833 πολεμούντων
959 2779 1023 2832 με
1069 2760 1302 2832 ἐχθρῶν,
1354 2762 1416 2815 τὸ
1465 2762 1587 2815 ὅσον
1622 2762 1707 2814 ἐπ’
1734 2762 1857 2832 ἐμοὶ⁹
1890 2763 1984 2817 καὶ

401 2858 468 2926 τῇ
499 2851 812 2925 ἀνθρωπίνῃ
863 2852 1134 2924 ἀσθενείᾳ,
1168 2852 1493 2922 ὲκοιμήθην
1529 2851 1981 2922 τεταραγμένος.

413 2943 474 2998 '0
501 2944 561 2998 δέ
591 2943 815 3014 ὕψιστος
859 2944 1010 3007 Θεὸς,
1069 2945 1160 2999 τὸν
1227 2943 1593 3018 προλεχθέντα
1637 2944 1794 3013 λόγον
1817 2944 1981 2999 αὑτοῦ
2017 2991 2022 2997 .

403 3032 497 3086 καὶ
528 3033 628 3104 τὴν
662 3032 920 3104 ἀλήθειαν
952 3038 1158 3089 καὶτὸν
1177 3035 1328 3089 ἔλεον
1378 3035 1785 3102 ἐξαποστείλας,
1822 3035 1983 3109 ἐρρύ-

403 3140 537 3179 σατο
565 3124 663 3196 τὴν
684 3124 861 3197 ψυχήν
892 3143 1014 3197 μου,
1045 3126 1122 3191 ὡς
1149 3127 1312 3199 μηδὲν
1329 3126 1499 3198 αὐτὴν
1526 3126 1717 3180 παθεῖν
1761 3129 1827 3181 ἐκ
1885 3128 1983 3199 τῆς
2008 3166 2051 3227 c

397 3217 641 3288 ταραχῆς
684 3216 792 3272 τῶν
823 3219 1097 3288 σκύμνων.
1141 3218 1299 3273 Κατὰ
1324 3219 1381 3273 66
1406 3222 1532 3285 τοὺς
1563 3219 1778 3283 λοιποὺς
1802 3222 1976 3292 ἑρμη-

397 3307 609 3372 νευτάς³
651 3309 723 3362 Οὑ
777 3309 1200 3392 τεταραγμένος,
1244 3310 1429 3382 φησὶν,
1481 3311 1767 3366 ἐκάθευδον
1815 3312 1980 3382 μέσος

396 3399 733 3472 ἀποληφθεὶς
792 3402 1040 3466 λεόντων,
1094 3401 1209 3457 ἀλλ’
1244 3403 1513 3473 ἀπτόητος
1552 3403 1700 3475 ήμην
1769 3404 1861 3457 καὶ
1889 3404 1980 3457 εὑ-

397 3490 624 3565 θαρσής.
659 3493 822 3563 Λέγει
852 3492 982 3562 γοῦν
1009 3495 1037 3546 6
1075 3492 1325 3557 Ἀκύλας·
1372 3494 1469 3547 Ἐν
1515 3494 1684 3565 μέσῳ
1721 3494 1979 3550 λεαινῶν

396 3584 833 3655 κοιμηθήσομαι
870 3584 1122 3654 λάϐρων’
1151 3588 1179 3639 6
1206 3585 1263 3640 δὲ
1314 3586 1629 3658 Σύμμαχος⁹
1673 3589 1776 3644 Ἐν
1805 3591 1976 3659 μέσῳ

395 3678 659 3732 λεόντων
677 3676 989 3746 εὐθαρσῶν
1018 3677 1366 3747 ἐκοιμήθην.
1414 3680 1570 3744 Τίνες
1624 3679 1683 3735 δέ
1739 3676 1879 3753 ἦσαν
1919 3685 1971 3737 oi

396 3763 629 3830 λέοντες,
659 3766 692 3836 ἢ
720 3768 769 3819 οἱ
815 3766 1048 3838 σκύμνοι
1103 3771 1198 3822 καὶ
1228 3770 1286 3823 αἱ
1309 3767 1540 3836 λέαιναι,
1566 3770 1821 3842 διασαφεῖ
1849 3772 1977 3845 ἐξῆς

396 3858 587 3929 λέγων⁹
617 3859 735 3914 Υἱοὶ
767 3859 1095 3930 ἀνθρώπων
1138 3864 1195 3915 οἱ
1246 3861 1488 3930 ὀδόντες
1539 3863 1739 3919 αὐτῶν
1782 3863 1977 3919 ὅπλον

396 3950 495 4005 καὶ
520 3949 703 4017 βέλη,
731 3949 830 4004 καὶ
855 3953 894 4020 ἠ
952 3949 1203 4022 γλῶσσα
1244 3951 1442 4008 αὐτῶν
1462 3953 1730 4025 μάχαιρα
1788 3953 1972 4020 ὀξεῖα.

399 4042 601 4107 Παντὸς
621 4042 728 4114 γὰρ
762 4041 928 4114 θηρὸς
953 4042 1143 4115 ἀγρίου
1181 4042 1384 4097 ίοϐόλου
1413 4062 1473 4098 τε
1498 4045 1748 4117 ἑρπετοῦ,
1778 4047 1975 4119 χείρων

397 4132 463 4187 ἂν
498 4132 707 4201 γένοιτο
734 4133 936 4204 φαῦλος
963 4134 1056 4189 καὶ
1083 4135 1318 4206 πονηρὸς
1350 4135 1658 4208 ἄνθρωπος,
1688 4138 1922 4210 μάλιστα
1945 4141 1974 4194 6

395 4224 665 4290 διαϐολαῖς
720 4227 814 4281 καὶ
868 4227 1220 4294 καταλαλιαῖς
1254 4229 1547 4300 σχολάζων,
1586 4232 1679 4285 καὶ
1720 4235 1841 4298 ταῖς
1866 4233 1974 4289 τῶν

397 4313 657 4386 θεοφιλῶν
681 4315 876 4388 ψυχαῖς
898 4318 1284 4385 ἐπιϐουλεύων,
1334 4320 1433 4391 οὑχ
1459 4320 1643 4385 ὅπλοις
1674 4321 1731 4375 66
1760 4323 1853 4375 καὶ
1882 4323 1972 4377 δό-

397 4425 545 4481 ρασι,
577 4410 974 4482 κεκρυμμένοις
994 4412 1051 4466 66
1075 4413 1168 4467 καὶ
1198 4412 1517 4467 λανθάνουσι
1549 4417 1660 4479 τοῖς
1686 4414 1773 4469 διὰ
1800 4415 1970 4486 λόγων

2086 1945 2312 2000 calcavit
2338 1963 2438 2001 me.
2483 1945 2655 2013 Quem
2685 1962 2816 2002 vero
2842 1946 3077 2015 miserit,
3128 1946 3182 2000 in
3213 1948 3464 2017 praesenti
3505 1946 3666 2001 docet

2085 2036 2316 2093 dicens:
2376 2038 2528 2093 Misit
2583 2039 3005 2094 misericordiam
3055 2055 3242 2102 suam,
3290 2048 3340 2092 et
3394 2039 3665 2093 veritatem

2085 2146 2260 2195 suam,
2290 2131 2525 2185 animum
2548 2147 2716 2185 meam
2736 2132 2929 2201 eripuit
2946 2130 3011 2185 de
3040 2129 3209 2185 medio
3231 2130 3531 2185 catulorum
3556 2130 3666 2184 leo-

2085 2236 2252 2276 num:
2300 2222 2354 2277 in
2390 2238 2623 2293 quorum
2680 2223 2863 2279 medio
2897 2223 3229 2286 consistens,
3276 2222 3390 2276 ait:
3424 2220 3664 2275 Dormiri

2085 2313 2449 2370 conturbatus.
2511 2314 2758 2381 Namlin
2824 2314 3005 2370 medio
3060 2312 3365 2370 catulorum
3439 2313 3663 2367 leonum

2085 2400 2426 2459 Gethazorum
2458 2405 2670 2461 scilicet
2711 2405 3108 2477 allophylorum
3137 2402 3533 2473 deprehensus,
3567 2418 3664 2456 seu

2086 2494 2436 2549 inimicorum
2466 2511 2551 2550 me
2582 2496 2687 2549 alia
2735 2497 2949 2551 ratione
2978 2495 3439 2565 impugnantium,
3490 2508 3667 2563 quan-

2086 2592 2202 2637 tum
2234 2583 2367 2637 mihi
2402 2599 2495 2653 per
2522 2585 2814 2639 humanam
2843 2584 3211 2639 inlirmitatem
3240 2582 3415 2645 licuit,
3442 2582 3667 2638 dormivi

2084 2674 2452 2729 conturbatus.
2495 2674 2814 2738 Altissimus
2851 2690 2982 2729 vero
3012 2673 3157 2729 Deus
3188 2674 3506 2744 praedictum
3543 2692 3667 2730 ver-

2085 2762 2243 2826 bum,
2287 2763 2721 2818 misericordiam
2777 2770 2831 2817 et
2881 2763 3164 2816 veritatem
3215 2778 3369 2819 suam
3416 2764 3661 2830 mittens,

2084 2852 2287 2923 eripuit
2319 2852 2555 2905 animam
2592 2867 2790 2919 meam,
2822 2860 2882 2906 ut
2911 2866 2976 2906 ex
3007 2851 3418 2922 perturbatione
3445 2853 3664 2907 catulo-

2083 2958 2204 2998 rum
2256 2942 2470 2999 leonum
2527 2942 2663 2998 nihil
2714 2951 3013 3013 pateretur.
3067 2943 3377 2999 Secundum
3420 2944 3663 3013 reliquos

2083 3041 2266 3089 autem
2302 3033 2672 3104 interpretes:
2712 3033 2830 3088 Non
2864 3033 3256 3098 conturbatus,
3291 3034 3487 3104 inquit,
3533 3033 3663 3088 dor-

2083 3125 2318 3180 mieham
2352 3124 2408 3180 in
2437 3125 2613 3181 medio
2634 3125 2854 3181 leonum
2876 3125 3262 3196 'deprehensus
3287 3143 3301 3193 ;
3335 3125 3429 3182 sed
3460 3125 3664 3196 imper-

2084 3217 2309 3272 territus
2352 3225 2407 3271 et
2437 3215 2715 3273 conlidens
2766 3232 2937 3272 eram.
2974 3216 3066 3271 Ait
3113 3217 3281 3288 igitur
3325 3216 3520 3289 Aquila
3550 3235 3566 3274 :
3593 3215 3663 3272 In

2083 3305 2250 3361 medio
2297 3305 2586 3361 (comarum
2631 3306 2901 3361 dormiam
2934 3308 3244 3372 voracium;
3297 3305 3660 3379 Symmachus

2079 3414 2209 3455 vero
2239 3417 2253 3454 :
2289 3396 2357 3453 In
2397 3397 2568 3453 medio
2601 3401 2811 3453 leonum
2838 3398 3105 3469 conﬁdens
3149 3398 3391 3452 dormivi.
3425 3397 3658 3464 Quinam

2076 3499 2265 3550 essent
2295 3493 2506 3559 leones,
2555 3491 2642 3547 vel
2669 3490 2837 3546 catuli
2885 3491 3106 3545 leonum
3151 3497 3206 3544 et
3238 3490 3438 3553 leaenae,
3470 3498 3661 3560 postea

2077 3585 2344 3648 declarat,
2365 3584 2591 3640 dicens:
2624 3582 2755 3637 Filii
2783 3581 3054 3636 hominum
3082 3580 3259 3634 dentes
3286 3596 3466 3634 eorum
3500 3580 3659 3635 telum

2076 3687 2129 3731 et
2161 3678 2394 3748 sagittae,
2425 3684 2478 3730 et
2521 3676 2705 3744 lingua
2745 3690 2925 3730 eorum
2955 3672 3164 3744 gladius
3205 3681 3412 3725 acutus.
3470 3669 3661 3741 Siqui-

2077 3767 2199 3825 dem
2228 3768 2379 3824 omni
2415 3766 2531 3824 fera
2556 3765 2784 3838 agresti,
2816 3778 3091 3821 venenosa
3119 3769 3174 3818 et
3212 3761 3392 3833 reptili
3425 3760 3665 3817 deterior

2077 3860 2246 3917 tuerit
2270 3859 2558 3931 improbus
2585 3866 2641 3913 et
2668 3870 2906 3929 nequam
2929 3858 3115 3921 homo,
3169 3855 3517 3925 maximeque
3563 3855 3661 3924 qui

2076 3949 2370 4007 calumniis
2397 3955 2452 4005 et
2480 3946 2787 4004 maledictis
2818 3954 3001 4013 vacat,
3026 3953 3084 4003 et
3110 3944 3206 4016 qui
3239 3943 3515 4033 religiosis
3540 3943 3683 4033 ani-.

2074 4041 2273 4096 mabus
2305 4034 2621 4102 insidiatur,
2657 4051 2769 4092 non
2804 4036 2926 4091 telis
2961 4042 3019 4091 et
3049 4033 3248 4098 hastis,
3296 4031 3661 4090 sed—occultis

2074 4139 2145 4190 et'
2180 4131 2479 4188 latentibus
2531 4130 2824 4186 verborum
2877 4123 3205 4197 perniciosis
3248 4124 3657 4181 instrumentis.

2076 4225 2142 4278 Hi
2170 4225 2355 4295 itaque
2388 4223 2634 4279 dentium
2662 4220 2867 4276 ambitu
2900 4219 3059 4290 quasi
3094 4216 3263 4272 armis
3298 4221 3529 4269 utuntur
3555 4214 3661 4269 cir-

2076 4313 2619 4377 cummunientihus,
2671 4317 2725 4367 et
2776 4306 3236 4365 concludentibus
3286 4304 3450 4361 verba
3514 4305 3657 4359 intra

2076 4404 2320 4461 dentium
2352 4413 2565 4476 septum
2595 4402 2851 4468 latentia;
2885 4401 3067 4471 lingua
3097 4395 3659 4481 verolcalumniisque

397 4500 758 4573 ἀναιρετικοῖς
780 4502 1050 4573 ὀργάνοις.
1084 4504 1395 4577 Κέχρηνται
1425 4504 1553 4576 γοῦν
1580 4508 1628 4559 οἱ
1660 4506 1886 4561 τοιοῦτοι
1906 4509 1970 4580 τῇ

2084 4513 2145 4554 ex
2171 4512 2235 4553 ea
2263 4496 2502 4562 emissis,
2534 4510 2632 4551 ceu
2677 4492 3004 4566 quibusdam
3056 4491 3181 4547 telis
3211 4489 3541 4560 jaculantur.
3580 4485 3656 4540 Ea

400 4594 501 4665 μὲν
526 4593 633 4647 τῶν
660 4594 1188 4675 όδόντωνλπεριϐολῇ
1236 4595 1425 4670 ὥσπερ
1471 4600 1580 4653 τινὶ
1628 4599 1778 4671 ὅπλῳ
1822 4617 1980 4673 περι-

396 4682 708 4755 φράττοντι,
738 4686 831 4738 καὶ
864 4684 1224 4757 περικλείοντι
1252 4687 1378 4752 τοὺς
1430 4689 1562 4743 είσω
1606 4689 1716 4743 τῶν
1750 4690 1979 4745 ὀδόντων

395 4774 806 4845 κρυπτομένους
841 4775 1049 4845 λόγους·
1078 4778 1143 4848 τῇ
1169 4776 1225 4829 δέ
1250 4776 1465 4851 γλώττῃ
1500 4780 1595 4833 καὶ
1619 4785 1738 4845 ταῖς
1759 4783 1825 4836 ἐκ
1845 4782 1979 4836 ταύ-

396 4878 496 4933 της
525 4862 991 4936 διαπεμπομέναις
1021 4865 1324 4933 διαϐολαῖς,
1370 4866 1560 4941 ῶσπερ
1594 4871 1704 4924 τισὶ
1768 4870 1978 4942 βέλεσιν

397 4952 849 5025 ἀκοντιζομένοις.
900 4957 965 5009 Ἡ
1026 4957 1073 5010 6'
1100 4956 1239 5028 αὑτὴ
1297 4957 1408 5012 τῶν
1454 4959 1712 5014 τοιούτων
1766 4961 1979 5032 γλῶττα

400 5046 675 5118 μαχαίρας
706 5045 967 5117 ὀξυτάτης
989 5050 1139 5104 oti-66v
1164 5049 1229 5104 ἂν
1260 5044 1510 5123 διαφέροι
1538 5053 1848 5126 κεντούσης,
1884 5058 1978 5109 καὶ

395 5134 466 5190 τὰ
492 5138 627 5209 πρὸς
656 5137 881 5193 θάνατον
913 5141 1257 5213 ἐνεργούσης.
1301 5140 1440 5195 Ἀλλ’
1475 5144 1523 5197 οἱ
1560 5144 1658 5214 μὲν
1703 5146 1978 5220 ἀνθρώπι-

397 5246 478 5284 νοι
508 5230 720 5295 λέοντες
744 5233 836 5285 καὶ
857 5230 1230 5307 ὠνομασμένοι
1261 5235 1489 5306 σκύμνοι
1531 5235 1782 5293 τοιοῦτοι.
1833 5239 1975 5309 Ἐγὼ

397 5319 454 5375 δὲ
478 5322 655 5379 αὑτῶν
699 5323 945 5397 διέφερον
998 5325 1095 5398 τὴν
1144 5327 1455 5401 ἐπιϐουλὴν,
1505 5327 1593 5383 διὰ
1642 5329 1732 5384 τὸν
1787 5332 1853 5385 ἐκ
1878 5330 1974 5386 τοῦ

2078 4610 2211 4651 vero
2238 4594 2354 4665 ipsa
2378 4608 2567 4650 eorum
2599 4591 2806 4661 lingua,
2834 4603 2864 4643 a
2898 4586 3079 4660 gladio
3109 4593 3270 4641 acuto
3301 4591 3354 4639 et
3384 4587 3656 4652 pungente

2080 4687 2390 4756 caedemque
2418 4690 2789 4756 perpetrante,
2820 4682 2954 4736 nihil
2991 4679 3223 4734 dill'erat.
3261 4675 3405 4732 Sane
3435 4673 3655 4744 quidem

2081 4777 2219 4832 tales
2248 4781 2378 4832 sunt
2407 4774 2634 4829 humani
2669 4773 2875 4834 leones,
2920 4779 2974 4825 et
3011 4767 3296 4823 memorati
3339 4764 3506 4819 catuli
3538 4763 3654 4817 leo-

2082 4882 2233 4923 num.
2269 4865 2380 4937 Ego
2408 4882 2542 4921 vero
2565 4880 2756 4921 eorum
2790 4861 3019 4919 insidias
3048 4856 3316 4915 declinavi
3352 4854 3656 4910 Salvatoris

2082 4975 2114 5014 a
2139 4957 2250 5014 Deo
2282 4958 2438 5012 missi
2477 4972 2664 5028 opera,
2714 4956 2810 5026 qui
2859 4953 3062 5024 eripuit
3095 4951 3331 5005 animam
3380 4965 3554 5005 meam
3588 4948 3665 5007 de.

2082 5051 2261 5107 medio
2290 5051 2596 5105 catulorum
2632 5050 2872 5104 leonum.
2906 5047 2989 5100 An
3017 5046 3133 5099 hare
3168 5043 3236 5098 de
3268 5041 3432 5098 Saule
3458 5042 3659 5096 dicam

2080 5155 2190 5209 tur,
2241 5142 2356 5199 sive
2386 5142 2453 5197 de
2477 5141 2545 5196 iis
2586 5139 2679 5211 qui
2728 5138 2984 5193 Davidem
3016 5135 3156 5206 apud
3198 5134 3414 5188 Saulem
3445 5132 3660 5186 calum-

2076 5235 2209 5292 niati
2261 5240 2428 5298 sunt,
2489 5234 2604 5288 sive
2653 5231 2721 5286 de
2779 5229 3069 5300 allophylis
3139 5224 3396 5287 Gethaeis,
3445 5237 3541 5278 seu
3588 5221 3663 5277 de

2078 5324 2450 5383 invisibilihus
2486 5322 2722 5378 inimicis
2749 5339 2763 5389 ;
2790 5332 2845 5375 tu
2878 5321 2995 5389 ipse
3026 5314 3330 5389 perpendas
3362 5314 3545 5369 velim.

396 5415 534 5470 Θεοῦ
554 5419 957 5492 ἀπεσταλμένον
985 5438 1076 5492 μοι
1130 5422 1381 5495 Σωτῆρα,
1412 5424 1503 5477 τὸν
1533 5424 1833 5496 ῥυσάμενον
1865 5424 1963 5497 τὴν
1999 5425 2177 5496 ψυχήν
2206 5437 2306 5491 μου
2329 5421 2394 5473 ἐκ
2422 5419 2587 5491 μέσου
2615 5417 2887 5487 σκύμνων.
2916 5413 3041 5467 Εἴτε
3063 5413 3120 5466 δέ
3170 5410 3342 5466 ταῦτα
3371 5408 3498 5481 περὶ
3561 5406 3653 5460 τοῦ

396 5506 571 5561 Σαοὺλ
599 5508 834 5579 ἐλέγετο,
866 5511 976 5565 εῖτε
995 5512 1125 5584 περὶ
1155 5512 1261 5566 τῶν
1313 5512 1705 5569 διαϐαλλόντων
1757 5514 1847 5569 τὸν
1863 5514 2026 5570 Δαυῒδ
2063 5513 2214 5585 παρὰ
2252 5512 2346 5565 τὸν
2395 5509 2588 5576 Σαοὺλ,
2651 5509 2762 5562 εἴτε
2816 5507 2945 5579 περὶ
2999 5505 3110 5559 τῶν
3156 5505 3216 5557 ἐν
3259 5501 3360 5557 Γέθ
3416 5498 3652 5570 ἀλλοφύ-

396 5601 523 5670 λων,
552 5605 661 5659 εῖτε
708 5605 839 5677 περὶ
895 5604 1142 5675 ἀοράτων
1193 5605 1422 5679 ἐχθρῶν,
1485 5604 1580 5660 καὶ
1636 5607 1799 5671 αὑτὸς
1860 5609 2196 5678 ἐπιστήσεις.

469 5750 546 5819 (1)
595 5748 1176 5816 Ἑνδιάθετοςλόγος,
1211 5748 1425 5803 insitam
1446 5747 1673 5815 verbum,
1694 5747 1893 5805 dicitur
1923 5749 1984 5806 ad

2084 5747 2385 5806 tl‘crcntiam
2415 5745 2505 5801 τοῦ
2534 5742 2888 5819 προφορικοῦ,
2918 5742 3133 5815 prolati.
3157 5740 3360 5799 Horum
3393 5736 3647 5812 frequens

400 5824 542 5894 apud
570 5819 758 5884 Patres
784 5836 937 5879 usus.
975 5820 1131 5877 Enn.
