4098 6372
444 332 545 389 5H

1131 330 1400 387 EUSEBH
1437 329 1912 387 CESARIENSIS
1948 329 2098 387 OPP.
2138 330 2317 388 PARS
2346 329 2437 387 111.
2472 363 2541 374 —
2579 331 2985 391 EXEGETICA.

515 448 684 505 Vsus.
719 448 774 516 6,
801 448 853 504 7.
892 446 1152 503 Exaltare
1192 463 1348 519 super
1374 448 1552 512 etelos,
1586 446 1750 512 Deus,
1781 456 1830 501 et
1860 464 2014 518 super
2046 460 2089 513 Α

441 557 649 596 omnem
676 551 891 605 terram,
924 541 1100 611 gloria
1144 551 1257 604 tua,
1288 548 1343 595 et
1382 549 1597 595 caetera.
1650 538 1874 594 Missum
1908 540 2011 595 sibi

443 634 513 689 ab
545 632 829 689 Altissimo
867 633 1173 704 adjutorem
1202 640 1257 687 et
1288 631 1656 697 Servatorem,
1692 637 1881 701 utpote
1919 632 2013 701 qui

442 741 505 783 se
541 724 913 781 bumiliaverit
943 741 1037 797 per
1069 740 1229 782 suum
1261 725 1325 779 ad
1369 724 1620 779 homines
1664 723 2011 791 descensum,

440 826 499 873 et
552 818 790 872 animam
844 832 998 873 suam
1046 816 1310 887 eripuerit
1357 816 1426 871 de
1479 812 1658 869 medio
1708 814 2013 868 catulorum

441 911 690 974 leonum,
725 911 811 966 his
850 911 1031 966 verbis
1062 908 1333 980 Propheta
1382 910 1672 978 compellat
1702 928 1715 963 :
1747 909 2015 976 Quoniam

441 1018 511 1057 ex
541 1005 759 1073 propria
803 1002 1177 1073 magnitudine
1224 1001 1583 1065 descendens,
1622 1008 1781 1071 teque
1832 1002 2013 1073 ipsum

444 1109 670 1165 parvum
719 1093 977 1159 elliciens,
1030 1094 1352 1149 humilitatis
1409 1109 1542 1149 mea:
1581 1108 1770 1148 curam
1828 1109 2019 1150 susce-

443 1186 597 1252 pisti,
624 1193 679 1241 et
711 1185 961 1255 eripuisti
996 1185 1234 1238 animam
1282 1201 1456 1240 meam
1510 1186 1577 1243 de
1610 1187 1786 1242 medio
1817 1187 2016 1256 praedi-

441 1284 680 1341 etorum,
736 1277 977 1333 exaltare
1025 1276 1267 1343 demum,
1324 1279 1605 1348 proprium
1643 1279 1897 1334 thronum
1951 1294 2015 1335 ac

440 1368 539 1421 tibi
585 1378 903 1438 competens
959 1383 1187 1439 regnum
1248 1370 1513 1424 cwlorum
1573 1383 1775 1443 repete.
1830 1373 2014 1445 Neque
2056 1376 2065 1383 ’

441 1461 587 1516 enim
634 1471 777 1514 terra
816 1460 988 1531 gloria
1045 1470 1135 1515 tua
1170 1462 1496 1531 privabitur,
1527 1464 1742 1520 etiamsi
1791 1467 1845 1521 in
1875 1468 2014 1523 caelo

442 1549 628 1620 degas.
663 1548 1129 1616 Quemadmodum
1158 1553 1303 1607 enim
1362 1554 1444 1608 sol
1477 1557 1755 1625 proprium
1788 1573 2013 1614 cursum

441 1643 764 1708 conliciens,
796 1658 892 1699 eos
920 1645 1014 1714 qui
1050 1644 1105 1698 in
1151 1651 1298 1700 terra
1327 1656 1619 1703 versantur
1652 1650 1864 1721 fulgore
1913 1665 2014 1707 suo

441 1755 551 1794 non
581 1739 817 1803 fraudat,
853 1740 1040 1795 eodem
1088 1740 1250 1795 modo
1293 1748 1348 1795 et
1385 1750 1463 1806 tu,
1505 1741 1753 1808 Domine,
1799 1744 2013 1800 etiamsi

441 1832 514 1887 ob
542 1846 793 1901 magnam
826 1832 1095 1885 mittentis
1127 1838 1183 1886 te
1226 1829 1408 1887 Patris
1459 1847 1588 1903 erga
1621 1832 1871 1889 homines
1901 1834 2016 1889 cle-

439 1923 721 1986 mentiam,
742 1938 918 1993 usque
942 1923 1010 1977 ad
1034 1923 1358 1992 parvitatem
1384 1938 1559 1978 meam
1585 1931 1638 1979 te
1666 1925 2013 1993 extenderis;

440 2024 495 2069 at
523 2016 765 2071 exaltare
788 2014 1006 2069 demum
1034 2029 1200 2084 super
1231 2015 1423 2078 cmlos,
1455 2022 1511 2069 et
1538 2015 1592 2069 in
1623 2016 1746 2070 sinu
1770 2017 2017 2071 Paterna

442 2106 666 2162 deitatis
701 2106 970 2169 residens,
1007 2120 1226 2160 onmem
1261 2114 1462 2159 terram
1511 2105 1683 2175 gloria
1720 2114 1811 2160 tua
1844 2109 2012 2177 reple.

441 2197 566 2253 llaec
610 2212 775 2268 porro
821 2196 945 2266 jure
987 2194 1229 2266 profero,
1287 2195 1343 2249 in
1396 2203 1514 2249 tuto
1565 2206 1760 2250 contra
1814 2197 2016 2251 malum

440 2291 725 2361 quodlibet
748 2290 984 2359 positus,
1013 2298 1067 2344 et
1096 2302 1126 2341 a
1157 2288 1433 2359 praedictis
1454 2288 1650 2344 catulis
1684 2296 1738 2344 et
1768 2289 2016 2346 leonibus

440 2389 538 2436 tua
575 2380 896 2435 visitatione
925 2386 1166 2449 ereptus,
1201 2379 1294 2449 qui
1330 2378 1542 2450 laqueos
1579 2389 1899 2449 paraverunt
1927 2397 2016 2450 pe-

440 2471 595 2525 dibus
628 2471 779 2534 meis,
812 2478 886 2535 et,
915 2476 1182 2540 quantum
1215 2470 1269 2524 in
1296 2471 1431 2540 ipsis
1452 2478 1590 2533 erat,
1613 2472 2014 2526 ineurvaverunt

442 2567 676 2619 animam
732 2577 945 2624 meam;
1001 2563 1097 2618 sed
1144 2562 1309 2618 etiam
1359 2562 1605 2631 foderunt
1657 2572 1779 2618 ante
1826 2563 2015 2633 [aciem

440 2671 611 2711 meam
650 2655 873 2725 foveam.
911 2652 1018 2709 Sed
1048 2654 1160 2709 hzec
1187 2655 1241 2709 in
1267 2669 1419 2709 suam
1452 2656 1775 2725 perniciem,
1808 2670 1918 2709 non
1959 2655 2013 2708 in

436 2765 639 2811 meam,
669 2758 762 2804 tua
792 2748 1155 2821 protectione,
1211 2746 1589 2817 designarunt.
1639 2745 1749 2816 Ipsi
1778 2760 2014 2815 namque

437 2844 494 2899 in
528 2843 669 2897 hanc
694 2842 905 2897 foveam
936 2855 1090 2896 suam
1119 2839 1281 2910 primi
1306 2838 1643 2894 ceciderunt.
1670 2839 2015 2909 Quapropter

436 2936 564 3006 quia
599 2942 656 2989 tu
687 2949 716 2988 a
743 2933 905 2990 Patre
938 2934 1141 2988 missus
1192 2933 1322 2986 talia
1353 2931 1593 2999 edidisti,
1642 2932 1882 2987 exaltare
1914 2929 2011 2984 de-

436 3043 611 3089 mum,
646 3040 712 3081 ac
734 3026 987 3080 cmlestes
1012 3025 1135 3079 illas
1168 3025 1503 3091 mansiones,
1536 3031 1599 3079 ut
1630 3023 1729 3079 tibi
1763 3021 2014 3093 proprias

437 3126 494 3176 et
519 3118 708 3175 deitati
738 3128 842 3172 tua:
867 3125 1159 3173 consuetas
1190 3104 1393 3187 recipe.

510 3430 675 3489 Vsus.
693 3430 849 3488 8-12.
876 3430 1133 3485 Paratum
1155 3448 1247 3487 eor
1263 3445 1455 3493 meum,
1475 3426 1639 3493 Deus,
1657 3437 1903 3497 paratum
1920 3445 2011 3483 cor

435 3540 632 3591 meum,
655 3526 879 3579 cantabo
917 3534 967 3578 et
994 3524 1260 3594 psalmum
1291 3521 1490 3584 dicam,
1524 3528 1630 3577 etc.
1666 3518 1915 3575 Salvator
1953 3521 2009 3574 in

436 3629 537 3671 sua
571 3614 637 3669 ad
674 3615 975 3684 discipulos
999 3614 1250 3669 doctrina
1297 3615 1412 3668 haec
1459 3612 1526 3667 de
1569 3610 1775 3682 Spiritu
1817 3620 2009 3668 sancto

435 3705 610 3761 dixit:
640 3704 699 3760 Si
728 3704 952 3774 diligitis
992 3721 1070 3758 me
1090 3744 1105 3769 ,
1134 3704 1390 3758 mandata
1428 3720 1543 3757 mea
1578 3712 1799 3771 servate,
1830 3712 1880 3758 et
1916 3721 2008 3775 ego

435 3796 633 3869 rogabo
672 3795 910 3860 Patrem,
959 3805 1007 3850 et
1049 3795 1215 3849 alium
1250 3794 1592 3849 Paracletum
1633 3794 1781 3848 dabit
1842 3795 2006 3861 vobis,

435 3900 496 3945 ut
534 3892 604 3944 sit
643 3890 911 3958 vobiscum
937 3890 993 3942 in
1023 3899 1312 3947 internum.
1354 3887 1615 3958 Spiritum
1656 3889 1896 3943 veritatis
1913 3889 1957 3920 "
1991 3909 2006 3945 :

434 3991 490 4040 et
519 3956 778 4039 rursum:
821 3982 948 4037 Haec
994 3983 1202 4037 locutus
1241 3998 1358 4037 sum
1392 3980 1536 4035 vobis
1583 3981 1723 4049 apud
1768 3998 1857 4039 vos
1901 3998 2011 4036 ma-

434 4091 562 4129 nens
591 4117 607 4141 ,
650 4073 960 4129 Paraeletus
1000 4084 1216 4139 autem,
1273 4073 1506 4142 Spiritus
1581 4081 1797 4129 sanctus
1858 4091 2010 4145 quem

431 4167 602 4221 mittet
644 4165 809 4221 Pater
836 4167 892 4220 in
922 4168 1132 4221 nomine
1159 4182 1293 4227 meo,
1325 4165 1418 4220 ille
1446 4183 1536 4220 vos
1577 4164 1779 4218 docebit
1806 4166 2004 4230 omnia,

430 4268 481 4314 et
505 4268 742 4330 suggeret
761 4260 845 4323 ³⁸;
880 4274 944 4313 ac
968 4259 1199 4313 iterum:
1243 4256 1427 4311 Adhuc
1457 4257 1626 4310 multa
1659 4257 1821 4312 habeo
1864 4258 2005 4314 vobis

430 4351 625 4409 dicere.
656 4349 744 4405 sed
786 4367 889 4403 non
927 4350 1145 4419 potestis
1175 4358 1390 4417 portare
1423 4348 1600 4405 modo.
1655 4347 1789 4404 Cum
1829 4361 2007 4405 autem

430 4442 626 4499 venerit
658 4441 748 4495 ille
783 4439 1015 4508 Spiritus
1037 4441 1277 4494 veritatis
1299 4479 1315 4504 ,
1357 4440 1602 4493 narrabit
1634 4440 1777 4494 vobis
1808 4442 2005 4497 verita-

2047 1800 2089 1856 Β

3583 337 3692 394 διε

2200 448 2482 518 ’Υψώθητι
2508 450 2606 504 ἐπὶ
2663 449 2805 517 τοὺς
2860 451 3174 519 οὐρανοὺς,
3208 456 3241 507 ό
3268 454 3431 521 Θεὸς.
3464 456 3560 510 καί
3589 458 3689 513 ἐπὶ

2115 540 2321 597 πᾶσαν
2344 541 2457 609 τὴν
2492 540 2610 611 γῆν
2655 544 2694 610 ἡ
2751 541 2902 606 δόξα
2955 558 3094 607 σου,
3129 546 3222 598 καὶ
3279 545 3350 600 τά
3408 548 3554 619 ἑξῆς.
3597 550 3692 622 Τῷ

2114 633 2660 699 ὲξαποσταλέντιύπὸ
2708 636 2802 688 τοῦ
2837 635 3091 705 Ὑψίστου
3138 635 3318 709 βοηθῷ
3371 639 3564 694 ἑαυτοῦ
3592 642 3690 696 καὶ

2114 728 2344 798 Σωτῆρι,
2371 727 2446 791 ῶς
2473 726 2538 781 ἂν
2583 728 2770 781 ἑαυτὸν
2801 727 3213 783 ταπεινώσαντα
3255 730 3345 784 διά
3369 732 3470 803 τῆς
3499 734 3690 806 μέχρις

2114 815 2413 887 ἀνθρώπιον
2445 816 2693 882 καθόδου,
2720 817 3009 889 ῥυσαμένῳ
3063 837 3124 873 τε
3163 820 3265 892 τὴν
3307 822 3486 894 ψυχὴν
3520 824 3686 879 αὐτοῦ

2115 909 2179 961 ὲκ
2207 908 2371 978 μέσου
2419 908 2692 979 σκύμνων,
2720 909 3010 978 ζὲπιφωνεῖ
3062 910 3237 980 λέγων
3292 916 3321 967 ό
3373 914 3689 989 Προφήτηςσ

2129 1000 2364 1071 Ἐπειδὴ,
2394 1000 2487 1053 τοῦ
2511 1002 2710 1055 οἰκείου
2740 1001 3000 1072 μεγέθους
3013 1004 3381 1071 ὑποκαταϐὰς,
3409 1008 3504 1060 καὶ
3532 1025 3689 1063 σεαυ-

2115 1090 2206 1145 τὸν
2236 1092 2553 1163 σμικρύνας,
2605 1093 2703 1163 τῆς
2755 1092 2897 1164 ὲμῆς
2929 1096 3309 1169 ταπεινότητος
3348 1098 3686 1169 ἐφρόντισας,

2117 1181 2332 1253 spetam
2355 1199 2416 1236 τε
2441 1183 2538 1255 τὴν
2557 1182 2737 1253 ψυχήν
2773 1200 2873 1253 μου
2903 1185 2966 1237 ὲκ
3001 1187 3167 1257 μέσου
3203 1187 3312 1241 τῶν
3366 1188 3688 1260 προλεχθέν-

2116 1291 2242 1338 των,
2274 1273 2515 1345 ὑψώθητι
2557 1273 2759 1341 λοιπὸν,
2820 1276 2913 1329 καὶ
2963 1278 3313 1349 ἀπολάμϐανε
3363 1281 3455 1335 τὸν
3488 1283 3689 1338 σαυτοῦ

2116 1363 2301 1435 θρόνον
2330 1366 2424 1419 καὶ
2454 1366 2548 1438 τὴν
2576 1367 2890 1438 πρέπουσάν
2916 1385 2998 1421 σοι
3031 1370 3091 1422 ὲν
3142 1370 3355 1443 οὐρανῷ
3387 1371 3689 1443 βασιλείαν.

2116 1458 2250 1512 Οὐδὲ
2287 1458 2459 1522 οὕτως
2483 1459 2591 1531 γάρ
2643 1461 3143 1532 ἀποστερηθήσεται
3168 1465 3200 1534 η
3228 1465 3297 1534 γῆ
3324 1464 3424 1534 τῆς
3453 1465 3555 1536 σῆς
3598 1467 3691 1521 δά..

2118 1547 2233 1619 ξης,
2262 1548 2363 1603 κᾶν
2388 1553 2445 1604 ὲν
2478 1551 2688 1622 οὐρανῷ
2709 1552 3005 1625 διατρίϐῃς.
3036 1552 3242 1627 ’Ὠσπερ
3271 1554 3378 1627 γάρ
3403 1557 3572 1625 ἥλιος,
3596 1558 3688 1612 τὸν

2115 1645 2313 1697 οἰκεῖον
2345 1643 2621 1698 ἀποτελῶν
2672 1644 2890 1713 δρόμον,
2945 1646 3047 1698 οὐκ
3079 1646 3376 1718 ἀποστερεῖ
3410 1650 3536 1713 τοὺς
3591 1650 3691 1703 ἐπὶ·

2117 1737 2221 1807 γῆς
2239 1736 2337 1807 τῆς
2396 1736 2589 1790 ἑαυτοῦ
2624 1736 2982 1807 λαμπηδόνος·
3047 1738 3140 1793 τόν
3167 1739 3330 1795 αὐτὸν
3360 1741 3560 1813 τρόπον
3594 1744 3683 1796 καὶ

2119 1821 2267 1890 σὺ,ὧ
2300 1827 2493 1899 Κύριε,
2529 1829 2576 1881 εἰ
2602 1829 2695 1882 καὶ
2717 1828 2786 1882 τά
2816 1828 3049 1899 μάλιστα
3074 1830 3142 1884 δι’
3176 1831 3479 1905 ὑπερϐολὴν
3510 1834 3687 1903 φιλανν

2118 1918 2364 1991 θρωπίας
2392 1920 2488 1975 τοῦ
2515 1921 2974 1993 καταπέμψαντός
3003 1940 3061 1977 σε
3122 1925 3336 1997 Πατρδς
3384 1927 3545 2000 μέχρι
3588 1928 3687 1999 τῆς

2117 2011 2256 2081 ὲμῆς
2280 2012 2639 2084 σμικρότητος
2692 2013 3014 2085 ἐξητάσθης,
3069 2014 3184 2068 ἀλλ’
3229 2016 3473 2087 ὐψώθητι
3502 2019 3690 2075 λοιπὸν

2116 2103 2208 2155 ἐπὶ
2250 2103 2377 2166 τούς
2394 2103 2673 2175 οὐρανοὺς,
2718 2105 2813 2158 καὶ
2849 2107 2963 2168 τοῖς
3009 2104 3230 2169 κόλποις
3252 2108 3350 2178 τῆς
3410 2109 3689 2182 Πατρικῆς

2117 2192 2367 2265 θεότητος
2388 2194 2631 2258 ὲνοικῶν,
2668 2195 2875 2267 πλήρου
2931 2197 3029 2268 τῆς
3058 2197 3252 2251 σαυτοῦ
3302 2198 3460 2271 δόξης
3511 2203 3689 2255 πᾶσαν

2114 2286 2213 2358 τὴν
2238 2287 2360 2357 γῆν.
2384 2286 2541 2356 Λέγω
2571 2287 2628 2340 δὲ
2653 2288 2826 2341 ταῦτα
2860 2288 3099 2354 εἰκότως,
3130 2291 3187 2341 ὲν
3220 2291 3521 2362 ἀμεριμνίᾳ
3550 2309 3686 2347 παν-

2115 2378 2205 2443 τδς
2228 2378 2396 2433 κακοῦ
2439 2377 2698 2448 γεγονὼς,
2720 2380 2814 2432 καί
2849 2379 2958 2433 τῶν
2998 2380 3399 2452 προλεχθέντων
3433 2383 3690 2452 σκύμνων

2118 2472 2212 2524 καὶ
2230 2470 2458 2525 λεόντων
2482 2470 2570 2524 διὰ
2599 2471 2700 2541 τῆς
2725 2472 2824 2543 σῆς
2876 2473 3177 2543 ἐπισκοπῆς
3221 2472 3456 2544 ρυοθείς’
3494 2474 3689 2538 οἵτινες

2117 2559 2369 2630 παγίδας
2407 2562 2743 2631 ἡτοίμασαν
2772 2562 2894 2628 τοῖς
2944 2565 3090 2617 ποσί
3115 2582 3255 2633 μου,
3312 2566 3425 2630 καὶ,
3471 2566 3535 2619 τὸ
3565 2567 3690 2621 ὅσον

2115 2655 2201 2707 ἐπ’
2226 2655 2425 2719 αὐτοῖς,
2451 2655 2840 2725 κατέκαμψαν
2871 2655 2984 2724 τὴν
3018 2656 3230 2725 ψυχήν
3253 2674 3391 2726 μου·
3434 2656 3570 2711 ἀλλά
3594 2658 3690 2713 καὶ

2114 2745 2352 2816 ὤρυξαν
2380 2749 2493 2818 πρὸ
2526 2748 2850 2818 προσώπου
2876 2768 2994 2819 μου
3010 2749 3257 2818 βόθρον.
3275 2749 3461 2805 Ταῦτα
3486 2751 3545 2804 δὲ
3566 2750 3690 2806 καθ’

2115 2839 2344 2905 ἑαυτῶν,
2372 2842 2484 2894 ἀλλ’
2503 2842 2564 2895 οὐ
2596 2841 2716 2895 κατ’
2734 2842 2868 2913 ἐμοῦ
2898 2840 2986 2895 διά
3019 2843 3121 2914 τὴν
3141 2842 3240 2913 σὴν
3270 2841 3479 2914 σκέπην
3503 2844 3691 2919 εἰργά-

2115 2947 2295 2985 σαντο.
2335 2932 2618 3001 Ἔφθασαν
2641 2932 2751 3005 γὰρ
2795 2935 2948 2987 αὐτοί
2976 2934 3174 3005 μᾶλλον
3206 2937 3287 2999 εἰς
3340 2933 3431 2987 τὸν
3479 2935 3690 2990 ἑαυτῶν

2113 3027 2513 3091 καταπεσόντες
2544 3027 2753 3098 βόθρον.
2802 3028 3001 3099 Διόπερ
3024 3028 3212 3099 ἐπειδὴ
3247 3028 3419 3083 ταῦτα
3450 3029 3690 3101 εἰργάσω

2037 3139 2083 3197 ο
2116 3119 2180 3173 σὺ
2213 3121 2242 3173 ό
2271 3119 2677 3190 ἀπεσταλμένος
2698 3120 2804 3173 ὐπὸ
2828 3119 2921 3174 τοῦ
2946 3121 3178 3190 Πατρδς,
3208 3120 3451 3191 ὐψώθητι
3483 3120 3688 3188 λοιπὸν,

2110 3211 2206 3266 καὶ
2240 3211 2591 3283 ἀπολάμϐανε
2614 3212 2716 3275 τὰς
2735 3211 3038 3284 οὐρανίους,
3063 3211 3140 3273 ὼς
3170 3211 3375 3277 οἰκείας
3417 3213 3513 3267 καὶ
3565 3229 3689 3266 συν-

2110 3304 2261 3376 ήθεις
2288 3307 2351 3377 τῇ
2383 3308 2448 3377 σῇ
2486 3304 2697 3376 θεότητι
2725 3304 3022 3376 διατριϐάς.

2193 3415 2422 3485 ἙτοΙμη
2462 3417 2499 3485 ἠ
2539 3416 2750 3484 καρδία
2776 3434 2916 3487 μου,
2963 3418 2995 3470 ό
3026 3416 3203 3483 Θεὸς,
3250 3416 3454 3486 ἑτοίμη
3472 3417 3527 3484 -ὴ
3555 3433 3689 3484 παρα

2109 3509 2208 3565 δία
2224 3527 2364 3578 μου,
2393 3506 2613 3577 ᾄσομαι
2638 3508 2736 3562 καὶ
2774 3505 2972 3577 ψαλῶ,
3004 3507 3097 3561 καὶ
3135 3506 3201 3560 τά
3226 3507 3369 3578 ἑξῆς.
3417 3506 3477 3559 Ὁ
3501 3506 3690 3579 Σωτὴρ

2111 3603 2169 3657 ὲν
2186 3604 2304 3665 ταῖς
2329 3599 2463 3672 πρὸς
2491 3602 2616 3664 τοὺς
2659 3600 2905 3673 μαθητὰς
2960 3598 3329 3664 διδασκαλίαις
3360 3598 3512 3652 ταῦτ’
3544 3602 3689 3670 εἰρη-

2110 3689 2221 3754 κὼς
2254 3691 2497 3761 περὶτοῦ
2528 3689 2684 3759 ἀγίου
2712 3691 3047 3762 Πνεύματος·
3097 3689 3232 3743 Ἐὰν
3267 3688 3535 3760 ἀγαπᾶτε
3562 3690 3690 3761 ἐμὲ,

2110 3782 2215 3849 τὰς
2245 3781 2496 3848 ἐντολὰς
2525 3782 2631 3848 τὰς
2658 3780 2805 3851 ἐμὰς
2824 3780 3143 3849 ’τηρήσατε⁵
3162 3780 3257 3834 καί
3276 3779 3389 3850 ἐγὼ
3415 3780 3691 3849 ἐρωτήσω

2108 3874 2216 3929 τὸν·
2238 3874 2487 3942 Πατέρα,
2534 3874 2632 3928 καὶ
2678 3874 2871 3929 ἄλλον
2897 3873 3288 3942 Παράπλητον
3330 3872 3507 3928 δώσει
3527 3872 3687 3942 ὑμῖν,

2109 3967 2209 4020 ἵνα
2236 3962 2275 4037 ᾖ
2302 3967 2430 4035 μεθ’
2470 3964 2636 4036 ὑμῶν
2656 3969 2744 4031 εις
2798 3965 2905 4019 τὸν
2937 3964 3143 4029 αἰῶνα,
3177 3964 3242 4018 τὸ
3291 3964 3534 4033 Πνεῦμα
3575 3961 3687 4031 τῆς

2108 4059 2412 4125 ἀληθείας·
2460 4059 2553 4112 καί⁸
2586 4056 2767 4112 πάλιν·
2829 4057 3017 4110 Ταῦτα
3040 4054 3353 4123 λελάληκα
3384 4053 3524 4124 ὑμῖν
3545 4051 3683 4121 παρ’

2107 4150 2250 4219 ὑμῖν
2295 4149 2511 4219 μένων·
2569 4152 2601 4204 ό
2650 4148 2718 4202 δὲ
2763 4149 3177 4217 Παράκλητος,
3228 4147 3293 4200 τὸ
3325 4144 3570 4213 Πνεῦμα
3615 4141 3685 4197 τὸ

2108 4249 2277 4319 ἅγιον
2313 4249 2344 4303 δ
2366 4249 2586 4319 πέμψει
2617 4251 2649 4303 ὁ
2678 4244 2878 4314 Πατήρ
2906 4262 3025 4314 μου
3054 4244 3124 4296 ἐν
3156 4243 3235 4309 τῷ
3270 4242 3518 4312 ὀνόματί
3541 4259 3685 4311 μου,

2107 4341 2335 4408 ἐκεῖνος
2366 4340 2522 4410 ὑμᾶς
2546 4339 2772 4403 διδάξει
2804 4336 2999 4391 πάντα
3026 4335 3125 4389 καὶ
3181 4334 3539 4404 ὑπομνήσειο
3594 4334 3689 4388 καί

2107 4428 2281 4497 αὖθιςσ
2318 4434 2439 4485 Ἔτι
2474 4431 2677 4485 πολλὰ
2703 4428 2821 4499 ἔχω
2873 4426 3074 4496 λέγειν
3105 4426 3266 4496 ὑμῖν,
3311 4424 3448 4479 ἀλλ’
3477 4427 3550 4479 οὐ
3586 4422 3691 4478 δύέ

431 4545 556 4603 tem,
586 4534 712 4605 quia
743 4531 807 4586 de
847 4548 958 4586 meo
1007 4532 1249 4600 accipiet,
1295 4539 1345 4585 et
1401 4531 1740 4586 annuntiabit
1772 4534 1914 4588 vobis
1933 4534 2001 4588 ".

2110 4530 2294 4582 νασθε
2319 4522 2648 4591 βαστάζειν
2685 4522 2836 4591 ἄρτι.
2876 4522 3053 4573 Ὅταν
3080 4518 3147 4571 δὲ
3184 4518 3331 4587 ἔλθῃ
3362 4516 3593 4582 ἐκεῖνος
3621 4515 3688 4570 τό

433 4627 646 4694 Quibus
675 4624 919 4680 declarat
952 4623 1159 4692 majora
1196 4623 1285 4676 illa
1321 4639 1419 4679 sua
1452 4639 1595 4688 esse,
1633 4638 1797 4694 quam
1832 4632 1893 4679 ut
1935 4624 2003 4680 ab

430 4716 696 4787 apostolis
740 4722 1101 4784 caperentur:
1141 4710 1260 4766 Non
1295 4713 1438 4767 enim
1481 4714 1747 4784 potestis,
1787 4714 1998 4785 inquit,

429 4817 650 4881 portare
683 4828 696 4864 :
729 4809 825 4864 sed
877 4809 1142 4880 Spiritum
1201 4810 1450 4866 veritatis
1498 4825 1566 4864 ex
1621 4825 1680 4865 se
1714 4810 1900 4864 datum
1947 4817 2003 4864 et

429 4898 696 4971 apostolis
743 4898 813 4952 ab
849 4914 908 4954 se
948 4900 1200 4961 missum,
1249 4899 1706 4953 annuntiaturum
1748 4900 1826 4952 ait
1865 4899 2003 4970 ipsis

426 5006 647 5048 omnem
673 4992 978 5047 veritatem.
1018 4990 1175 5058 Quod
1215 4991 1261 5047 si
1310 4991 1427 5047 haec
1469 4992 1551 5047 sic
1589 4990 1997 5063 intelligantur,

424 5083 549 5156 iure
581 5082 775 5144 David,
816 5092 1104 5153 postquam
1132 5082 1241 5137 Deo
1286 5082 1340 5136 in
1391 5082 1476 5139 sui
1523 5083 1785 5137 auxilium
1829 5083 2002 5137 misso

426 5174 665 5239 dixerat,
698 5173 957 5228 Exaltare
995 5189 1151 5241 super
1176 5173 1363 5236 caelos,
1397 5173 1561 5237 Deus,
1593 5183 1643 5227 et
1682 5189 1838 5242 super
1888 5188 2002 5227 om-

426 5283 545 5323 nem
597 5279 793 5322 terram
822 5267 994 5338 gloria
1039 5278 1166 5331 tua;
1199 5273 1355 5337 rogat
1403 5266 1602 5322 exinde
1641 5265 1890 5321 eumdem
1939 5272 2000 5319 ut

427 5360 532 5416 sibi
566 5362 747 5415 mittat
765 5359 1028 5431 Spiritum
1057 5358 1424 5419 Paracletum,
1461 5357 1877 5428 propheticum;
1902 5370 1999 5427 pa-

424 5460 607 5507 ratum
640 5467 764 5510 sese
788 5452 976 5507 dicens
1005 5451 1072 5505 ad
1094 5450 1475 5521 excipiendum
1500 5464 1624 5505 eum
1657 5467 1670 5504 :
1706 5454 1994 5518 purgatqu

428 5545 639 5607 scilicet
657 5559 781 5600 esse
813 5543 1075 5613 templum
1099 5543 1155 5598 in
1183 5559 1243 5599 se
1276 5541 1542 5613 positum,
1569 5547 1624 5595 et
1660 5538 1858 5595 anima:
1883 5556 1997 5596 sua:

425 5632 827 5703 receptaculum
853 5650 868 5698 ;
899 5631 1159 5686 nimirum
1194 5631 1370 5702 ipsam
1401 5637 1660 5693 mentem,
1698 5643 1859 5700 quam
1888 5634 1994 5681 tro-

2109 4621 2353 4690 Πνεῦμα
2378 4617 2486 4687 τῆς
2516 4617 2823 4685 ἀληθείας,
2852 4612 3199 4684 διηγήσεται
3227 4611 3369 4680 ὑμῖν
3391 4608 3508 4677 τὴν
3539 4608 3688 4677 ἀλήκ-

2110 4716 2295 4778 θειαν,
2332 4710 2421 4765 ὅτι
2467 4712 2535 4764 ἐκ
2580 4709 2688 4763 τοῦ
2738 4706 2885 4777 ἐμοῦ
2949 4704 3156 4774 λήψει,
3215 4702 3313 4755 καὶ
3371 4699 3692 4771 ἀναγγελεῖ

2108 4805 2268 4875 ὑμῖν.
2303 4805 2381 4857 Δι’
2417 4797 2492 4857 ὧν
2525 4802 2820 4874 παρίστησι
2875 4798 3093 4871 μείζονα
3139 4795 3236 4866 μὲν
3260 4790 3398 4846 εἶναι
3455 4792 3523 4846 τὰ
3557 4793 3686 4863 παρ’

2108 4896 2270 4952 αὐτοῦ
2319 4896 2413 4950 καὶ
2450 4896 2523 4967 μὴ
2587 4894 2908 4967 χωρούμενα
2935 4890 3041 4943 ὑπὸ
3083 4887 3190 4941 τῶν
3245 4884 3574 4940 ἀποστόλων·
3610 4884 3685 4937 Οὐ

2107 4990 2216 5062 γὰρ
2265 4990 2512 5053 δύνασθε,
2567 4991 2720 5061 φησί,
2784 4984 3093 5057 βαστάζειν⁹
3142 4981 3203 5032 τὸ
3231 4978 3287 5030 δὲ
3319 4976 3547 5047 Πνεῦμα
3585 4975 3686 5045 τῆς

2107 5080 2364 5153 ἀληθείας
2386 5081 2447 5134 τὸ
2469 5079 2529 5145 ἐξ
2555 5079 2715 5134 αὐτοῦ
2760 5076 3162 5151 χορηγούμενον
3201 5071 3295 5125 καὶ
3317 5074 3426 5135 τοῖς
3460 5069 3687 5123 ἀποστό-

2105 5170 2217 5236 λοις
2241 5172 2329 5225 ὑπ’
2346 5171 2507 5225 αὐτοῦ
2535 5172 2883 5243 πεμπόμενον
2916 5163 3271 5234 ἀναγγέλλειν
3300 5162 3482 5223 αὐτοῖς
3506 5163 3686 5214 πᾶσαν

2106 5256 2202 5328 τὴν
2231 5258 2501 5329 ἀλήθειαν.
2538 5260 2600 5313 Εἰ
2625 5259 2687 5330 δὴ
2716 5253 2808 5311 οὖν
2836 5255 3008 5310 ταῦτα
3040 5251 3303 5323 νενόηται,
3346 5248 3570 5313 εἰκότως
3593 5250 3686 5302 καὶ

2105 5349 2134 5400 ὁ
2158 5348 2319 5403 Δαυῖδ
2341 5349 2418 5422 τῷ
2451 5349 2842 5419 ἀπεσταλμένη)
2873 5344 2993 5416 Θεῷ
3016 5347 3092 5408 εἰς
3112 5342 3210 5413 τὴν
3236 5338 3399 5394 αὐτοῦ
3437 5338 3687 5409 βοήθειαν

2105 5446 2411 5516 προφήσας,
2450 5443 2744 5512 ’Υψώθητι
2784 5439 2883 5494 ἐπί
2937 5437 3079 5504 τοὺς
3108 5431 3424 5501 οὐρανοὺς,
3453 5434 3485 5484 ό
3520 5429 3685 5495 Θεὸς,

2104 5534 2201 5588 καὶ
2262 5535 2359 5588 ἐπὶ
2413 5532 2619 5589 πᾶσαν
2674 5532 2788 5602 τὴν
2821 5529 2937 5601 γῆν
2974 5529 3012 5597 η
3072 5524 3223 5589 δόξα
3277 5536 3417 5586 σου,
3455 5518 3689 5575 ἰκετεύει

2103 5627 2231 5697 ἑξῆς
2261 5626 2353 5680 τὸν
2409 5627 2570 5680 αὐτὸν
2621 5624 2975 5697 καταπέμψαι
3027 5615 3175 5689 αὐτῷ
3227 5617 3289 5671 τδ
3337 5611 3563 5687 Πνεῦμα
3594 5610 3695 5665 τὸν

526 5784 748 5843 "doan.
786 5801 897 5852 xw,
935 5785 1118 5842 lii-17.
1197 5787 1240 5820 ³⁸
1281 5786 1414 5844 ibid.
1445 5786 1643 5854 23,20.
1721 5787 1763 5819 '9
1787 5783 1944 5840 Joan.
1987 5780 2321 5849 xw,l2,13.
