4098 6380
408 356 516 414 513

1540 347 2042 408 COMMENTARIA
2081 348 2147 403 IN
2186 347 2526 405 PSALMOS.

3563 356 3669 413 5M

416 470 789 546 ιῖαράκλητον,
836 470 896 523 τὸ
947 468 1302 541 προφητικὸν,
1348 468 1564 540 ’ἐτοιμον
1615 465 1750 523 εἶναι
1801 468 1993 523 ἑαυτὸν

2098 467 2217 536 pice
2255 482 2350 521 cor
2377 466 2664 538 Scriptura
2695 467 2834 524 solet
2856 468 3131 538 appellare
3159 487 3172 523 :
3203 470 3346 540 quod
3377 471 3463 527 bis
3495 474 3671 545 signi-

406 562 637 635 φάσκων
668 563 747 624 είς
774 559 1035 633 ὑποδοχὴν
1056 557 1240 613 αὐτοῦ·
1280 558 1615 630 κεκαθάρθαι
1645 557 1753 632 γάρ
1776 558 1869 611 τὸν
1927 558 1986 611 ὲν

407 653 557 726 αύτῷ
581 653 706 708 ναὸν
735 654 829 708 καὶ¹
878 653 939 707 τὸ
970 650 1174 724 δὸχεῖον
1220 652 1320 722 τῆς
1361 652 1525 705 αὐτοῦ
1556 651 1753 722 ψυχῆς
1785 649 1985 722 δηλαδὴ

402 750 505 821 τὴν
531 746 699 819 αὐτὴν
724 746 981 811 διάνοιαν,
1010 747 1076 817 ἣν
1097 743 1368 816 τροπικῶς
1395 743 1621 817 καρδίαν
1662 740 1848 796 εἴωθεν
1873 741 1988 795 ὀνο-

402 836 602 913 μάζειν
656 842 685 893 ὁ
746 838 919 909 λόγος·
964 838 992 891 ὃ
1038 838 1102 909 δὴ
1155 838 1449 909 παρίστησι
1498 835 1691 903 λέγων·
1749 834 1985 902 Ἑτοίμη

408 937 445 1005 ἡ
474 932 691 1003 καρδδα
735 950 875 1001 μου,
911 935 944 987 ό
984 931 1148 997 Θεὸς,
1183 931 1387 1000 ἑτοίμη
1415 932 1453 998 ἢ
1481 928 1693 998 καρδία
1733 945 1872 998 μου.
1922 927 1987 980 Ἡ

408 1028 506 1099 μὲν
565 1021 659 1079 οὖν
706 1025 814 1096 ἐμὴ
872 1025 1069 1096 καρδία
1124 1024 1219 1077 καὶ
1276 1024 1336 1075 τὸ
1384 1022 1720 1093 διανοητικὸν
1771 1022 1987 1091 ἕτοιμον

399 1118 685 1188 τυγχάνει,
734 1117 886 1188 φησί.
953 1117 1024 1170 Σὺ
1074 1116 1131 1169 δὲ
1175 1115 1358 1168 λοιπὸν
1405 1114 1731 1184 κατάπεμπέ
1782 1131 1875 1167 σου
1929 1112 1989 1167 τὸ

407 1210 651 1281 Πνεῦμα.
717 1208 1065 1271 Ἐπιστάντος
1109 1209 1217 1280 γᾲρ
1250 1207 1413 1262 αὐτοῦ
1468 1208 1559 1260 καὶ
1625 1205 1987 1276 ἐποχουμένου

402 1306 471 1376 τῇ
508 1305 615 1375 ἐμῇ
637 1303 805 1374 ψυχῇ,
841 1301 1086 1373 συνήθως
1106 1300 1326 1371 ᾄσομαι
1349 1301 1445 1354 καὶ
1473 1296 1668 1369 ψαλῶ,
1701 1301 1797 1370 τὴν
1820 1300 1990 1368 ἐμαυ-

406 1393 500 1449 τοῦ
521 1394 792 1449 διακονίαν
816 1395 910 1447 καὶ
950 1393 1248 1465 ὑπηρεσίαν
1277 1392 1526 1463 παρέχων
1554 1394 1619 1462 τῇ
1640 1388 1865 1459 δυνάμει
1895 1388 1987 1441 τοῦ

408 1482 747 1557 προφητικοῦ
773 1482 1108 1555 Πνεύματος.
1125 1483 1234 1536 Καὶ
1265 1484 1416 1537 ταῦτ’
1435 1481 1623 1545 είπὼν,
1648 1478 1990 1552 παραχρῆμά

410 1591 470 1629 τε
532 1574 902 1640 εἰσακουσθεὶς
955 1576 1097 1629 κατὰ
1145 1576 1240 1640 τὸ,
1295 1576 1425 1629 Ἔτι
1470 1572 1810 1639 λαλοῦντός
1872 1589 1989 1627 σου

402 1666 536 1738 ἐρᾶν
586 1668 727 1723 Ἰδοὺ
757 1668 1015 1739 πάρειμι,
1041 1668 1335 1739 συνήσθετο
1378 1667 1477 1738 τῆς
1517 1665 1610 1720 τοῦ
1636 1666 1789 1735 άγίου
1822 1664 1991 1718 Πνεύ-

411 1774 581 1831 ματος
610 1757 931 1829 παρουσίας.
967 1753 1079 1811 Εἶθ’
1131 1756 1318 1827 ὥσπερ
1359 1756 1451 1808 ἐπὶ
1503 1753 1695 1826 θύραις
1734 1752 1987 1816 ἑστῶτος,

2093 560 2238 629 licat,
2272 559 2531 615 Paratum
2559 578 2650 616 cor
2675 578 2869 625 meum,
2891 561 3054 626 Deus,
3083 575 3333 632 paratum
3359 581 3451 618 cor
3476 583 3669 624 meum.

2091 652 2200 708 Cor
2263 654 2429 724 igitur
2471 671 2675 721 meum,
2710 670 2775 709 ac
2822 655 2908 710 vis
2959 656 3296 726 intelligendi
3336 668 3524 727 parata
3562 639 3709 717 εει..ξ

2092 745 2136 800 Τ
2144 763 2175 799 ιι
2215 763 2345 802 vero
2398 747 2614 802 tandem
2666 749 2855 803 emitte
2892 745 3157 817 Spiritum
3216 757 3392 804 tuum.
3440 748 3669 807 Astante

2093 840 2295 910 quippe
2329 840 2439 905 illo,
2460 849 2516 893 et
2546 840 2741 895 animae
2772 857 2905 897 mea:
2936 842 3230 905 insidente,
3268 858 3369 911 pro
3403 854 3672 898 consueto

2094 950 2245 988 more
2266 934 2489 988 cantabo
2521 945 2570 989 et
2610 935 2876 1005 psalmum
2905 936 3105 1001 dicam,
3129 952 3397 1007 opemque
3421 952 3596 990 meam
3618 944 3673 991 et

2093 1027 2460 1082 ministerium
2516 1029 2707 1081 virtuti
2759 1029 3064 1100 prophetici
3104 1029 3330 1099 Spiritus
3381 1028 3669 1097 prrestabo.

2096 1119 2301 1190 Hisque
2334 1121 2519 1182 dictis.
2563 1125 2746 1176 statim
2798 1122 3112 1186 exauditus,
3164 1122 3465 1177 secundum
3514 1121 3670 1184 illud,

2095 1213 2278 1266 Adhuc
2316 1222 2363 1267 te
2403 1213 2665 1284 loquente,
2690 1213 2864 1267 dicam
2892 1226 2912 1265 .'
2945 1213 3079 1268 Ecce
3119 1212 3390 1273 adsum",
3432 1209 3673 1281 Spiritus

2096 1304 2272 1359 sancti
2303 1306 2649 1373 praesentiam
2684 1304 3090 1359 animadvertit.
3122 1302 3328 1358 Deinde
3359 1305 3515 1373 quasi
3554 1306 3674 1373 ipso

2095 1397 2149 1451 in
2176 1397 2363 1465 januis
2394 1406 2599 1461 stante,
2633 1398 2974 1451 convertitur
3007 1395 3303 1465 Propheta.
3334 1411 3566 1462 seseque
3602 1393 3671 1450 ad

2098 1489 2464 1545 ministerium
2500 1489 2797 1559 prophetia:
2826 1490 3029 1542 excitat
3063 1508 3074 1542 :
3112 1504 3285 1557 quare
3333 1487 3617 1557 subjungil
3653 1504 3669 1542 :

2104 1577 2359 1649 Exsurge,
2405 1580 2577 1650 gloria
2623 1597 2759 1635 mea.
2796 1578 2980 1634 Gloria
3030 1595 3147 1632 mea
3196 1589 3279 1632 est
3323 1579 3671 1648 pmphetare.

2096 1671 2258 1727 Addit
2294 1680 2501 1743 postea,
2537 1671 2799 1742 Exsurge.
2831 1673 3142 1742 psalterium
3173 1684 3219 1726 et
3246 1672 3453 1725 cithara
3476 1691 3493 1725 :
3522 1672 3672 1741 psal-

2096 1765 2237 1817 terio
2302 1765 2565 1825 animam,
2610 1765 2821 1818 cithara
2877 1778 3078 1832 corpus
3134 1763 3674 1827 subindicans;sive

406 1852 795 1925 ἐπιστρέφεται
827 1853 856 1904 ὁ
886 1851 1201 1923 Προφήτης,
1219 1848 1311 1902 καὶ
1329 1847 1581 1919 διεγείρει
1609 1847 1772 1909 αὐτὸς
1799 1844 1990 1900 ἑαυτὸν

2098 1855 2213 1909 haec
2248 1856 2361 1924 ipsa
2386 1856 2547 1909 solita
2574 1855 2940 1909 instrumenta
2978 1854 3231 1909 manibus
3278 1858 3569 1924 arrip-ens,
3603 1853 3673 1909 ad

403 1943 502 1998 ἐπὶ
550 1943 649 2015 τὴν
704 1943 980 1997 διακονίαν
1022 1943 1121 2012 τῆς
1178 1940 1533 2013 προφητείαςο
1582 1939 1661 1993 διὸ
1717 1938 1989 2010 ὲπιφέρεν

419 2034 811 2105 Ἐξεγέρθητι,
846 2036 885 2105 ἠ
912 2033 1060 2099 δόξα
1074 2050 1213 2104 μου.
1246 2031 1382 2097 Δόξα
1415 2048 1513 2104 μου
1544 2030 1659 2085 ἐστὶ
1692 2029 1751 2083 τὸ
1781 2046 1995 2101 προφη-

403 2129 606 2183 τεύειν.
641 2125 752 2182 Εἶτ’
779 2128 1041 2195 ἐπιλέγει*
1082 2124 1470 2196 Ἐξεγέρθητι,
1516 2122 1856 2193 ψαλτήριον
1894 2120 1993 2175 καὶ

407 2221 637 2291 κιθάρα-
678 2222 776 2295 τὴν
810 2222 908 2292 μὲν
937 2220 1116 2292 ψυχὴν
1149 2218 1237 2273 διὰ
1288 2216 1380 2272 τοῦ
1435 2215 1756 2289 ψαλτηρίου,
1788 2214 1885 2287 τὴν
1937 2213 1995 2268 δὲ

406 2315 641 2387 κιθάραν
667 2314 755 2370 διὰ
808 2313 903 2367 τοῦ
936 2312 1188 2384 σώματος
1238 2310 1624 2382 αἰνιττόμενος·
1663 2308 1819 2380 ἢκαὶ
1858 2304 1998 2359 αὐτὰ

407 2408 477 2463 τὰ
512 2407 715 2479 συνήθη
742 2407 946 2479 δργανα
977 2408 1096 2469 ταῖς
1125 2406 1314 2477 χερσὶν
1345 2401 1764 2474 ἀναλαμϐάνων,
1794 2400 1887 2453 ἐπὶ
1919 2397 1996 2469 τῷ

404 2497 847 2572 ἀνακρούσασθαι
866 2497 935 2551 τὰ
961 2497 1065 2551 ὑπὸ
1092 2496 1187 2550 τοῦ
1215 2495 1531 2567 Πνεύματος
1562 2491 1993 2563 ὑποϐαλλόμενα.

402 2593 519 2647 Καὶ
542 2590 753 2654 τούτοις
785 2588 1110 2662 προστίθησι
1132 2588 1326 2656 λέγων’
1372 2585 1863 2657 Ἐξετερθήσομιιι
1902 2583 1997 2652 ὅρ-

408 2689 572 2754 θρου.
606 2686 766 2756 Ἀρτι
797 2682 907 2754 γὰρ
958 2680 1248 2748 φωτισθε“ις
1277 2680 1366 2733 διὰ
1407 2680 1507 2751 τῆς
1533 2678 1630 2732 τοῦ
1677 2675 1997 2747 Πνεύματος

406 2776 735 2847 παρουσίας.
792 2776 849 2827 ὲν
894 2773 1077 2843 ἡμέρᾳ
1131 2789 1192 2824 τε
1244 2771 1390 2824 θείου
1446 2770 1622 2840 φωτὸς
1682 2768 1994 2838 γενόμενος,

408 2869 625 2938 ἕτοιμός
653 2868 769 2936 εἰμι
795 2864 1178 2936 προφητεύειν.
1212 2864 1323 2915 Καὶ
1346 2860 1499 2915 ταῦτ’
1523 2859 1716 2928 εἰπὼν,
1742 2857 1997 2929 ἀνατίθη-

414 2977 498 3013 σιν
523 2958 641 3011 ὅλον
670 2958 862 3012 ὲαυτὸν
894 2956 972 3028 τῷ
1016 2956 1314 3027 Πνεύματι*
1360 2954 1422 3007 τὸ
1452 2952 1507 3007 δὲ
1546 2954 1621 3018 ὡς
1675 2953 1741 3006 δι’
1763 2951 1994 3025 ὀργάνου

410 3050 501 3104 διὰ
532 3050 624 3105 τοῦ
656 3051 935 3123 προφήτου
987 3047 1207 3118 ἀγαθῶν
1258 3045 1611 3116 ἀπαγγέλλει,
1667 3044 1772 3099 ἀνὰ
1831 3045 1997 3097 πᾶσιν

410 3141 823 3211 εὐαγγελίζεται
864 3143 975 3205 τοῖς
1030 3139 1209 3194 ἔθνεσι
1245 3139 1474 3209 φάσκοψ
1520 3132 1996 3205 Ἕξομολογήσο-

402 3236 517 3304 μαι
539 3249 640 3289 σοι
675 3236 748 3289 ἐν
786 3233 979 3300 λαοῖς,
1034 3235 1231 3302 Κύριε,
1275 3229 1453 3300 ψαλῶ
1507 3247 1605 3284 σοι
1632 3230 1701 3282 ἐν
1729 3227 1991 3284 ἔθνεσιν.

425 3326 644 3398 Ἐπειδὴ
670 3324 779 3397 γὰρ
817 3324 911 3377 ἐπὶ
969 3322 1062 3376 τοῦ
1123 3321 1390 3397 παρόντος
1431 3320 1492 3374 τὸ
1551 3319 1817 3373 Ἰουδαίων
1846 3317 1997 3382 ἔθνος

411 3419 507 3473 καὶ
541 3419 569 3471 ὁ
600 3417 804 3472 τούτων
857 3416 984 3480 λαὸς
1003 3416 1131 3478 τοὺς
1156 3416 1282 3478 σοὺς
1307 3412 1520 3467 ἐλαύνει
1555 3412 1861 3484 προφήτας,
1922 3410 1998 3474 ὡς

412 3510 643 3582 μηδενὸς
667 3509 835 3563 τόπου
887 3509 1234 3581 παραχωρεῖν
1281 3507 1481 3571 αὐτοῖς·
1514 3504 1665 3558 ἐσται
1709 3504 1767 3557 δὲ
1807 3502 1998 3576 καιρὸς

412 3602 535 3658 καθ’
564 3602 623 3656 ὃν
653 3602 834 3657 πάντα
862 3600 929 3653 τά
955 3601 1048 3653 ἐπὶ
1081 3602 1186 3671 γῆς
1216 3598 1344 3671 ἔθνη
1370 3599 1465 3651 καὶ
1497 3598 1699 3660 πάντες
1723 3598 1772 3649 oi
1816 3597 1873 3651 ὲν
1904 3596 1999 3649 άν-

413 3692 654 3768 θρώποις
682 3692 802 3746 λαοὶ
833 3691 927 3746 τοῦ
965 3690 1057 3744 σοῦ
1105 3690 1255 3743 ἐλέου
1314 3689 1650 3761 μεθέξουσιν,
1686 3688 1762 3752 ὡς
1788 3688 1889 3759 ἐμὲ
1936 3687 1999 3740 τὸ

413 3785 752 3860 προφητικὸν
779 3782 1004 3855 Πνεῦμα
1028 3783 1239 3844 πάντας
1258 3780 1468 3853 ἁθρόως
1508 3778 1671 3867 λαοὺς
1712 3777 1997 3850 πληρῶσαι

414 3878 593 3953 καιρῷ
622 3877 700 3951 τῷ
753 3876 1148 3948 θεσπιζομένῳ,
1209 3875 1499 3945 γενόμενον
1549 3876 1609 3928 ὲν
1663 3874 1869 3937 αὐτοῖς,
1905 3872 1999 3926 καὶ

416 3969 915 4044 ὲξομολογήσασθαί
948 3985 1030 4023 σοι
1051 3969 1144 4021 καὶ
1159 3966 1572 4039 εὐχαριστῆσαι,
1614 3966 1703 4020 ὅτε
1729 3964 1823 4019 καὶ
1842 3962 1999 4034 ψαλῶ

415 4079 521 4127 σοι,
554 4062 655 4117 οὐκ
682 4063 740 4116 ὲν
771 4060 851 4132 τῷ
888 4060 1159 4114 Ἰουδαίων
1186 4058 1322 4129 λαῷ,
1346 4057 1460 4111 ἀλλ’
1486 4058 1543 4111 ὲν
1573 4057 1707 4110 πᾶσι
1736 4057 1845 4118 τοῖς
1875 4054 1997 4109 καθ’

413 4154 543 4228 ὅλης
597 4156 694 4226 τῆς
740 4153 1065 4226 οἰκουμένης
1130 4150 1340 4207 ἔθνεσι·
1400 4149 1591 4202 τούτου
1647 4148 1807 4220 χάριν
1832 4145 1996 4218 φημίο

428 4246 969 4319 Ἐξομολογήσομαι
1012 4262 1111 4299 σοι
1150 4244 1221 4297 ἐν
1248 4242 1437 4309 λαοῖς,
1474 4243 1668 4310 Κύριε,
1702 4239 1879 4310 ψαλῶ
1902 4255 2001 4294 σοι

408 4342 485 4396 ὲν
513 4341 739 4397 ἔθνεσι.
775 4340 848 4393 Τὸ
874 4340 930 4394 δὲ
957 4338 1152 4392 τούτου
1176 4340 1370 4400 αἴτιον,
1402 4337 1546 4406 λέγω
1605 4335 1661 4388 δὲ
1686 4336 1746 4388 τὸ
1782 4337 1838 4387 ὲν
1864 4333 1999 4387 πᾶσι

414 4434 529 4496 τοῖς
562 4430 683 4485 καθ’
714 4429 842 4502 ὅλης
865 4429 964 4500 τῆς
988 4427 1312 4499 οἰκουμένης
1360 4427 1507 4489 λαοῖς
1553 4425 1648 4479 καὶ
1685 4425 1836 4496 παρὰ
1864 4424 1999 4476 πᾶσι

2096 1960 2159 2000 ea
2182 1946 2447 2015 pulsanda
2483 1962 2603 2016 qua:
2639 1943 2875 2015 Spiritus
2923 1947 3275 2015 suggesserit.
3319 1945 3417 2001 His
3462 1945 3671 2015 adjicit,

2097 2036 2682 2110 Exsurgamdituculo.
2722 2038 2880 2091 Modo
2904 2039 3048 2092 enim
3101 2036 3339 2107 Spiritus
3383 2039 3675 2109 praesentia

2096 2128 2459 2190 illuminat‘us.
2488 2137 2542 2183 et
2571 2129 2625 2183 in
2651 2127 2740 2183 die
2782 2126 2983 2181 divinae
3006 2128 3146 2180 lucis
3177 2128 3412 2195 positus,
3448 2133 3674 2195 paratus

2095 2237 2215 2276 sum
2249 2222 2314 2276 ad
2372 2220 2834 2294 prophetandum.
2872 2218 3078 2289 Hisque
3105 2217 3289 2285 dictis,
3346 2232 3469 2273 sese
3495 2224 3675 2270 totum

2098 2309 2324 2381 Spiritui
2352 2311 2555 2367 addicit
2596 2329 2610 2366 :
2649 2311 2739 2366 ille
2770 2325 2898 2367 vero
2928 2324 3021 2379 per
3064 2306 3393 2379 Prophetam
3439 2322 3539 2361 ceu
3579 2320 3677 2377 per

2094 2404 2549 2467 instrumentum,
2589 2402 2730 2457 bona
2759 2402 3070 2461 annuntiat,
3101 2399 3469 2468 omnibusque
3505 2398 3679 2467 genti-

2095 2496 2200 2551 bus
2232 2495 2572 2565 evangelizat
2605 2494 2797 2549 dicens
2832 2513 2845 2547 :
2877 2478 3181 2561 Conﬁtebor
3219 2491 3315 2544 tibi
3355 2492 3409 2545 in
3443 2490 3675 2559 populis,

2095 2584 2339 2646 Domine,
2370 2584 2600 2653 psallam
2627 2583 2721 2636 tibi
2751 2584 2803 2635 in
2829 2581 3092 2652 gentibus.
3124 2581 3263 2646 Quia
3294 2580 3438 2634 enim
3465 2582 3518 2635 in
3540 2596 3680 2650 prae-

2097 2676 2239 2732 senti
2271 2673 2499 2729 Judaica
2530 2688 2665 2745 gens
2694 2683 2748 2728 et
2769 2674 3005 2744 populus
3032 2671 3329 2742 prophetas
3356 2671 3503 2740 pellit
3526 2679 3676 2736 tuos,

2096 2776 2158 2821 ut
2221 2766 2407 2821 nullus
2459 2767 2529 2820 iis
2576 2767 2729 2820 locus
2775 2764 3006 2835 perfugii
3061 2764 3679 2832 relinquatur;eritque

2097 2869 2311 2929 tempus
2340 2873 2451 2930 quo
2482 2874 2674 2913 omnes
2705 2859 3153 2913 universazterrze
3181 2864 3373 2928 gentes
3398 2864 3453 2911 et
3484 2871 3678 2912 omnes

2098 2952 2153 3007 in
2200 2952 2517 3008 hominibus
2546 2950 2755 3022 populi.
2787 2950 3179 3005 misericordia}
3225 2956 3332 3004 tute
3381 2948 3680 3019 participes

2096 3053 2280 3108 erunt,
2316 3046 2390 3100 ita
2425 3053 2483 3099 ut
2510 3060 2611 3116 ego
2640 3043 2995 3115 propheticus
3042 3042 3271 3113 spiritus
3316 3047 3680 3111 praenuntiam

2100 3143 2344 3209 tempore
2369 3153 2561 3193 omnes
2596 3151 2703 3191 una
2727 3137 2960 3207 p0pulos
2992 3135 3182 3191 adiens
3216 3134 3477 3204 repleam,
3506 3133 3681 3188 conli-

2101 3237 2328 3300 tearque
2357 3244 2422 3286 ac
2456 3230 2662 3300 gratias
2693 3244 2848 3299 agam
2884 3227 3005 3291 tibi,
3038 3227 3260 3298 quando
3294 3226 3521 3296 psallam
3557 3225 3678 3291 tibi,

2098 3336 2210 3375 non
2232 3321 2287 3377 in
2314 3322 2514 3391 populo
2537 3319 2791 3385 Iudaico,
2831 3319 2926 3375 sed
2956 3320 3011 3374 in
3041 3317 3299 3374 omnibus
3329 3333 3425 3389 per
3456 3317 3681 3373 univer-

2100 3430 2221 3470 sum
2260 3415 2450 3469 orbem
2494 3413 2786 3484 gentibus;
2815 3412 2937 3468 ideo
2960 3412 3109 3477 dico,
3158 3410 3461 3481 Conﬁtebor
3486 3410 3582 3466 tibi
3621 3411 3681 3466 in

2098 3508 2330 3578 populis,
2364 3506 2606 3571 Domine,
2636 3505 2868 3575 psallam
2895 3503 2990 3558 tibi
3024 3504 3077 3559 in
3110 3503 3373 3576 gentibus.
3396 3502 3681 3573 Hujusque

2100 3601 2178 3657 rei
2213 3615 2442 3656 causam
2475 3613 2599 3655 esse
2630 3598 2775 3662 dico,
2812 3596 2956 3668 quod
3011 3596 3068 3651 in
3100 3595 3356 3652 omnibus
3378 3610 3475 3666 per
3492 3595 3681 3651 orbem

2098 3689 2319 3761 populis
2349 3698 2406 3747 et
2439 3686 2583 3762 apud
2618 3703 2813 3745 omnes
2842 3697 3036 3759 gentes
3071 3688 3427 3760 propheticus
3450 3686 3679 3759 spiritus

2098 3790 2371 3840 versetur.
2405 3779 2766 3857 Propheticos
2810 3789 2995 3837 autem
3029 3781 3160 3837 olim
3191 3781 3437 3852 prolatos
3465 3794 3678 3838 sermo-

2100 3891 2201 3932 nes
2245 3888 2414 3951 opere
2462 3873 2819 3949 corripiendos
2847 3888 2969 3930 esse
3009 3881 3134 3944 post
3165 3874 3410 3931 declarat
3438 3874 3626 3935 dicens
3659 3893 3674 3931 :

2100 3967 2368 4036 Quoniam
2402 3964 2748 4035 magniﬁcam
2780 3973 2859 4019 est
2879 3981 3046 4035 usque
3068 3965 3139 4020 ad
3178 3967 3334 4021 calas
3373 3967 3679 4024 misericor-

2100 4060 2194 4114 dia
2221 4046 2334 4123 tua,
2359 4067 2587 4128 etusque
2608 4055 2679 4112 ad
2706 4056 2867 4113 nubes
2893 4059 3087 4113 ueritas
3111 4066 3223 4111 tua.
3253 4054 3389 4113 Nam
3417 4059 3564 4130 quod
3591 4059 3680 4117 in-

2101 4150 2367 4207 credibile
2410 4148 2696 4215 videatur,
2741 4149 2983 4205 caelestia
3033 4147 3414 4206 misericordia
3442 4150 3680 4222 dignata

2103 4241 2274 4297 fuisse
2297 4240 2445 4307 disi;
2474 4247 2716 4305 terrena,
2744 4241 2991 4296 veritate.
3027 4238 3315 4296 Etsienim
3354 4256 3418 4296 ea
3448 4257 3679 4313 praeser-

2103 4337 2224 4400 tim.
2262 4351 2383 4407 qua:
2417 4335 2474 4389 in
2506 4335 2647 4389 coelo
2671 4342 2820 4399 sunt,
2857 4342 3088 4405 purgata
3116 4331 3428 4398 videantur,
3466 4335 3679 4404 omnia-

2102 4446 2210 4501 que
2236 4429 2497 4499 perfecta.
2525 4435 2578 4484 et
2604 4426 2670 4481 ad
2709 4428 2931 4480 virtutis
2950 4442 3225 4482 summum
3245 4442 3570 4498 progressa;
3603 4435 3681 4481 at-

416 4527 529 4589 τοῖς
550 4523 756 4577 ἔθνεσιν
790 4520 1240 4589 ἐμπολιτεύεσθαι
1269 4520 1330 4573 τὸ
1366 4518 1703 4591 προφητικὸν
1760 4514 1992 4587 πνεῦμα.

2106 4529 2286 4576 tamen
2318 4520 2436 4589 ipsa
2469 4534 2567 4590 per
2599 4517 3034 4574 misericordiam
3064 4526 3212 4571 tuam
3249 4518 3345 4571 tali
3390 4520 3444 4581 in
3485 4515 3678 4572 condi—

417 4616 529 4670 Καὶ
554 4616 681 4679 τοὺς
723 4614 890 4669 πάλαι
932 4611 1383 4683 ἁναφωνηθέντας
1410 4609 1783 4683 προφητικοῦς
1806 4608 1999 4677 λόγους

418 4708 499 4772 είς
519 4705 655 4779 ἔργα
683 4707 952 4778 χωρήσειν
982 4703 1108 4770 ἑξῆς
1146 4701 1401 4771 διασαφεῖ
1445 4703 1674 4771 φάσκον·
1709 4700 1840 4751 Ὀτι
1868 4698 1999 4767 ἐμε-

417 4801 686 4871 γαλύνθη
738 4799 849 4863 ἕως
896 4795 1013 4850 τῶν
1049 4794 1322 4864 οὐρανῶν
1374 4793 1440 4847 τὸ
1499 4792 1673 4860 ἔλεός
1718 4809 1854 4854 σου.
1900 4790 1997 4845 καὶ

416 4891 530 4958 ἕως
567 4889 684 4946 τῶν
708 4888 983 4962 νεφελῶν
1015 4890 1053 4959 ἡ
1098 4885 1348 4954 ἀλήθειά
1387 4903 1525 4943 σου.
1577 4885 1650 4939 Τὸ
1686 4883 1793 4957 γὰρ
1820 4882 2001 4956 παρά-

414 4983 568 5051 δοξον
635 4981 778 5038 τοῦτ’
823 4979 911 5056 ἦν,
955 4982 1039 5035 ὅτι
1093 4980 1162 5035 τὰ
1216 4977 1313 5050 μὲν
1343 4978 1569 5049 οὐράνια
1621 4976 1804 5040 ἐλέους
1856 4976 1999 5047 φημὶ

415 5078 722 5148 ἀξιοῦσθαι,
746 5077 815 5131 τὰ
845 5078 900 5131 δὲ
923 5076 1136 5146 ἐπίγεια
1184 5075 1284 5144 τῆς
1317 5071 1594 5143 ἀληθείας.
1631 5071 1695 5124 Et
1736 5070 1844 5143 γὰρ
1903 5069 1998 5122 καὶ

418 5172 488 5227 τὰ
530 5172 763 5245 μάλιστα
828 5171 974 5225 δοκεῖ
1046 5168 1115 5223 τὰ
1182 5169 1238 5222 ἐν
1297 5167 1545 5237 οὐρανοῖς
1610 5163 1998 5235 κεκαθαρμένα

416 5264 728 5335 τυγχάνειν,
779 5262 876 5317 καὶ
912 5261 1088 5315 πάντα
1127 5260 1309 5313 τέλεια
1344 5258 1439 5312 καὶ
1480 5259 1560 5322 εἰς
1601 5257 1768 5328 ἄκρον
1795 5253 1998 5326 ἀρετῆς

420 5356 740 5428 δληλακότα·
777 5357 926 5426 ὅμως
950 5354 993 5408 δ’
1024 5350 1116 5407 οὖν
1156 5355 1251 5408 καὶ
1278 5351 1421 5410 αὐτὰ
1453 5351 1542 5405 διὰ
1601 5349 1692 5403 τὸν
1734 5347 1824 5401 σὺν
1850 5341 1998 5400 ἔλεον

422 5447 644 5504 τοιαῦτα
679 5449 806 5502 ὄντα
859 5446 1214 5516 καθέστηκεν.
1246 5446 1320 5499 Ού
1370 5443 1480 5516 γὰρ
1528 5442 1590 5507 ἐξ
1638 5441 1840 5505 αὐτῶν,
1874 5438 1997 5492 οὐδὲ

419 5542 551 5615 παρ’
588 5538 795 5595 ἑαυτῶν
835 5542 935 5611 τῆς
984 5535 1241 5609 τοιαύτης
1300 5537 1517 5609 μετέχει
1570 5534 1995 5607 μακαριότητος,

425 5631 560 5687 me:
586 5631 737 5704 παρὰ
787 5627 883 5685 σοῦ
911 5628 1005 5684 τοῦ
1058 5628 1276 5683 πάντων
1340 5626 1558 5697 ἀγαθῶν
1619 5625 1873 5700 χορηγοῦ.
1925 5626 1998 5680 Ἥ

489 5814 540 5849 ³ο
578 5813 679 5873 lsa.
722 5829 884 5881 mn,
920 5812 973 5869 9.

2104 4613 2252 4668 tione
2284 4613 2460 4682 posita
2502 4620 2652 4668 sunt.
2676 4610 2863 4681 Neque
2886 4612 3032 4666 enim
3064 4626 3130 4666 ex
3162 4626 3220 4666 se
3258 4617 3312 4665 et
3347 4625 3446 4664 sua
3482 4610 3533 4663 vi
3581 4609 3678 4665 tali

2104 4702 2342 4773 gaudent
2371 4701 2651 4769 felicitate,
2679 4703 2772 4757 sed
2792 4703 2891 4757 abs
2913 4710 2965 4756 te
2995 4703 3235 4755 omnium
3261 4700 3524 4755 bonorum
3545 4702 3678 4757 sub—

2104 4796 2496 4851 ministratore.
2533 4793 2660 4849 Sive
2690 4795 2797 4848 alio
2830 4794 3012 4858 modo,
3038 4792 3302 4859 Quoniam
3332 4794 3675 4865 magniﬁcam

2101 4897 2179 4943 est
2205 4903 2366 4958 usque
2397 4886 2465 4942 ad
2496 4888 2651 4942 caelos
2688 4885 3049 4941 misericordia
3080 4893 3191 4945 tua.
3218 4882 3386 4940 ell‘usa
3416 4887 3469 4940 in
3502 4886 3678 4939 homi-

2102 4995 2201 5035 nes
2238 4994 2450 5035 omnes.
2489 4977 2662 5045 Quam
2687 4978 2814 5031 item
2848 4975 3100 5046 superius
3135 4974 3359 5030 missam
3383 4992 3505 5032 esse
3531 4976 3679 5032 dice-

2103 5070 2265 5127 batur
2299 5071 2384 5127 his
2411 5070 2614 5134 verbis,
2644 5067 2793 5123 Misit
2823 5068 2963 5122 Deus
2998 5069 3419 5122 misericordiam
3450 5085 3600 5122 suam
3625 5079 3677 5124 et

2102 5163 2373 5217 ceritatem
2409 5178 2581 5215 suam.
2614 5158 2789 5214 Tanta
2817 5160 2962 5214 enim
3018 5158 3075 5212 in
3110 5157 3424 5213 hominibus
3461 5158 3678 5212 miseri-

2103 5256 2290 5311 cordia
2324 5255 2413 5308 illa
2446 5255 2613 5308 missa
2650 5252 2843 5314 edidit.
2879 5258 2938 5306 ut
2969 5252 3024 5305 in
3057 5251 3313 5305 omnibus
3335 5249 3550 5320 populis
3575 5263 3677 5320 ego

2104 5345 2346 5417 Spiritus
2370 5352 2597 5399 sanctus
2627 5343 2892 5397 conlitear
2924 5341 3048 5401 tibi,
3078 5350 3131 5395 et
3172 5341 3224 5394 in
3256 5340 3512 5395 omnibus
3538 5355 3675 5409 gen-

2102 5442 2249 5497 tibus
2280 5441 2508 5511 psallam
2538 5438 2635 5492 tibi
2665 5454 2683 5491 :
2709 5435 2855 5491 unde
2881 5434 3081 5490 factum
3118 5442 3177 5489 ut
3201 5434 3547 5505 magniﬁcata
3585 5433 3677 5487 illa

2102 5533 2174 5590 sit
2208 5546 2383 5603 usque
2418 5529 2488 5585 ad
2527 5528 2732 5593 caalos;
2758 5526 2886 5597 quia
2918 5540 3092 5595 usque
3116 5524 3185 5579 ad
3211 5524 3380 5578 cmlos
3407 5521 3678 5593 pertraxit

2102 5625 2353 5681 homines
2381 5626 2472 5695 qui
2498 5618 2878 5694 proﬁciebant;
2901 5618 2976 5674 ita
2995 5626 3054 5672 ut
3079 5617 3212 5691 ipsis
3237 5614 3387 5688 regni
3410 5614 3676 5672 calorum
