4098 6396
409 380 520 440 615
1084 381 1170 439 EU
1182 380 1356 437 SEBH
1395 379 1875 436 CESA‘RIENSIS
1915 379 1974 436 01

2118 381 2300 438 PARS
2342 384 2428 439 111.
2459 416 2528 426 -
2558 384 2969 444 EXEGETICA.
3558 393 3665 449 516

404 501 701 575 promissio
753 502 883 559 data
935 502 1027 559 sit.
1064 501 1173 557 Sed
1214 502 1404 565 etiam,
1442 502 1641 573 inquit,
1688 518 1862 573 usque
1914 502 1974 556 ad

2082 502 2276 569 ἄλλως,
2313 505 2444 559 Ὅτι
2505 506 2878 575 ἐμεγαλύνθη
2936 507 3047 576 ἓως
3101 527 3220 563 των
3276 510 3551 580 οὐρανῶν
3595 513 3665 577 τὸ

403 593 578 648 nubes
611 593 813 649 veritas
847 592 1173 649 tua.'Nubes
1207 605 1407 662 autem,
1448 594 1646 649 divinae
1692 593 1974 651 Providen-

2088 594 2262 661 ἔλεός
2300 610 2438 661 σου,
2460 596 2518 649 τὸ
2545 597 2704 667 χυθὲν
2734 599 2812 661 είς
2871 599 3079 663 πάντας
3103 601 3443 675 ἀνθρώπους.
3491 605 3557 657 '0
3597 603 3662 677 δὴ

402 689 490 739 tia:
507 684 771 739 voluntati
790 700 1008 756 operam
1026 686 1433 755 dantes,pluvite
1452 686 1770 741 inserviunt.
1797 683 1874 741 Eo
1895 700 1974 739 au-

2088 685 2181 737 καὶ
2206 687 2463 757 ἀνωτέρω
2485 687 2817 742 ἀπεστάλθαι
2843 689 3060 759 ἐλέγετο
3078 692 3134 744 ἐν
3157 692 3254 762 τῷ,
3303 692 3664 757 Ἐξαπέστει-

401 785 507 832 tem
527 786 988 833 commonstratnr
1015 778 1154 833 Deus
1178 779 1484 834 hominibus
1503 778 1806 849 providam,
1841 780 1974 848 quod

2084 778 2196 830 λεν
2220 778 2253 830 ό
2280 777 2426 843 Θεὸς
2457 776 2523 831 τὸ
2548 779 2721 844 ἕλεος
2751 778 2938 833 αὐτοῦ
2970 779 3070 834 καὶ
3102 780 3218 849 τὴν
3241 782 3529 847 ἀλήθειαν
3557 787 3664 837 αὺ-

403 870 765 938 «Ιίερεηεειιίο,
805 877 860 926 et
891 871 1091 925 veritas
1142 871 1496 940 inspectionis
1543 872 1663 941 ejus
1705 888 1877 943 usque
1919 876 1974 929 ad

2085 866 2213 921 τοῦ.
2246 867 2481 921 Τοιαῦτα
2512 868 2619 941 γὰρ
2648 871 2706 922 ἐν
2746 868 3057 941 ἀνθρώποις
3080 871 3411 944 κατώρθωσε
3439 874 3501 927 τὸ
3530 875 3666 928 ἁπο-

404 961 630 1014 nubium
677 961 1035 1016 ministerium
1073 963 1360 1032 pertingat.
1402 964 1548 1018 Alias
1577 980 1815 1035 quoque,
1859 982 1984 1038 per-

408 1054 576 1108 fectas
607 1053 659 1107 in
704 1053 1019 1108 hominibus
1075 1055 1313 1116 animas,
1364 1056 1713 1125 preplteticas
1748 1057 1981 1124 scilicet,

404 1160 526 1215 qua:
552 1142 646 1199 Dei
680 1144 983 1199 doctrinam
1018 1161 1117 1201 ceu
1165 1146 1402 1216 pluviam
1443 1148 1731 1216 egentibus
1766 1151 1979 1205 anima-

405 1238 508 1292 bus
556 1237 1003 1296 subministrant.
1042 1238 1215 1293 nubes
1263 1240 1401 1293 solet
1462 1239 1751 1310 Scriptura
1790 1243 1980 1313 appel-

404 1331 538 1385 lare.
607 1329 742 1383 Cum
794 1344 924 1400 ergo
968 1329 1137 1384 Isaias
1195 1329 1456 1399 propheta
1526 1334 1837 1387 vastitatem
1881 1334 1979 1390 Ju-

402 1420 562 1475 daico
608 1422 808 1490 popqu
842 1421 1176 1483 minabatur,
1211 1419 1379 1475 Deum
1432 1421 1506 1475 ita
1549 1422 1859 1492 loquentem
1893 1425 1979 1478 in-

402 1513 559 1567 duxit
580 1554 592 1566 .
634 1512 915 1567 Destruam
941 1530 1111 1583 sepem
1138 1513 1273 1583 ejus,
1308 1526 1357 1568 et
1386 1516 1487 1568 erit
1509 1517 1563 1568 in
1597 1514 1975 1585 direptionem;

402 1612 452 1657 et
481 1604 753 1657 destruant
790 1620 1001 1657 murum
1031 1603 1168 1673 ejus,
1195 1613 1246 1658 et
1274 1606 1375 1657 erit
1407 1605 1461 1658 in
1500 1605 1971 1663 conculcationem.

403 1691 472 1746 Et
500 1694 770 1747 dimittam
792 1694 996 1748 vineam
1033 1711 1224 1760 meam,
1260 1704 1309 1749 et
1344 1712 1446 1749 non
1482 1696 1777 1765 putabitur,
1811 1715 1975 1768 neque

401 1786 665 1855 fodietur:
699 1795 747 1840 et
795 1785 1038 1840 ascendet
1082 1787 1136 1840 in
1170 1787 1285 1853 ipsa
1325 1788 1479 1858 quasi
1524 1788 1751 1853 inculta,
1794 1791 1970 1860 spina.

2086 958 2276 1011 σταλέν
2295 958 2461 1025 ἔλεος,
2489 961 2564 1025 ὼς
2591 962 2647 1014 ἐν
2704 963 2837 1014 πᾶσι
2869 964 2982 1026 τοῖς
3030 962 3178 1029 λαοῖς
3227 965 3327 1036 ἐμὲ
3359 965 3418 1018 τὸ
3444 966 3666 1038 Πνεῦμα

2082 1050 2143 1104 τὸ
2182 1050 2336 1120 ἅγιον
2357 1049 2852 1125 ἐξομολογήσασθαί
2874 1056 3086 1120 conatui.
3112 1059 3169 1109 tv
3192 1058 3326 1110 πᾶσι
3353 1061 3465 1122 τοῖς
3488 1040 3685 1112 ἔθνεσι1

2080 1139 2249 1213 texat
2271 1158 2373 1196 σοι’
2409 1143 2530 1197 ὅθεν
2557 1145 2899 1218 ἐμγαλύνθη
2950 1147 3055 1211 ἓως
3088 1148 3195 1202 τῶν
3241 1150 3506 1221 οὐρανῶν·
3541 1150 3665 1205 ἐπεὶ

2083 1233 2245 1305 μέχρι
2276 1234 2384 1289 τῶν
2410 1236 2654 1309 οὐρανῶν
2684 1238 2812 1303 τοὺς
2844 1240 2901 1292 ἐν
2926 1238 3233 1312 ἀνθρώποις
3283 1243 3662 1315 προκόψαντας

2080 1326 2346 1390 εἵλκυσεν,
2373 1328 2449 1392 ὡς
2473 1329 2567 1382 καὶ
2622 1330 2953 1399 ἐπαγγελίαν
2999 1333 3181 1397 αὐτοῖς
3238 1334 3481 1400 δεδόσθαι
3511 1335 3662 1407 βασι-

2078 1420 2227 1484 λείας
2265 1420 2529 1492 οὐρανῶν.
2566 1421 2729 1474 me
2751 1422 2844 1475 καὶ
2867 1422 2971 1487 ἕως
3005 1423 3111 1477 τῶν
3138 1426 3397 1495 νεφελῶν,
3424 1427 3609 1496 φησὶν,
3626 1428 3661 1500 ἠ

2076 1508 2305 1580 ἀλήθειά
2322 1525 2436 1564 σου.
2457 1509 2694 1578 Νεφέλαι
2710 1509 2766 1563 δὲ
2784 1510 3111 1582 ὑπηρετικαὶ
3124 1512 3484 1583 τυγχάνουσιν
3501 1511 3659 1583 ὑετῷ,

2075 1599 2152 1671 τῷ
2167 1601 2265 1673 τῆς
2281 1600 2427 1665 θείας
2453 1600 2712 1671 Προνοίας
2739 1600 3040 1674 βουλήματι
3054 1604 3485 1676 διακονούμεναι.
3507 1605 3662 1659 Οῦτω

2074 1693 2130 1746 δὲ
2153 1693 2483 1764 παρίστησιν
2502 1695 2531 1746 ό
2544 1693 2698 1763 λόγος
2714 1678 2976 1767 προνοεῖν
2996 1696 3296 1768 ἀνθρώπων
3311 1698 3400 1751 τὸν
3422 1697 3571 1763 Θεὸν,
3596 1699 3661 1754 ἐκ

2073 1782 2165 1836 τοῦ
2189 1783 2347 1855 μέχρι
2359 1783 2465 1837 τῶν
2483 1784 2718 1854 νεφελῶν
2733 1786 3062 1841 ἐκτείνεσθαι
3083 1788 3247 1842 αὑτοῦ
3262 1787 3358 1860 τὴν
3378 1789 3660 1862 διοίκησιν,

404 1876 473 1932 Et
501 1878 725 1933 nubibus
756 1878 1020 1932 mandabo
1060 1894 1123 1932 ne
1143 1879 1331 1946 pluunt
1354 1895 1507 1948 super
1536 1896 1653 1934 eam
1675 1880 1972 1939 imbrem".

2081 1877 2176 1930 xui.
2201 1875 2298 1948 τὴν
2330 1876 2586 1948 ἀλήθειαν
2635 1878 2737 1949 τῆς
2788 1880 3097 1951 ἐπισκοπῆς
3152 1881 3318 1936 αὑτοῦ
3364 1882 3524 1956 μέχρι
3562 1882 3663 1955 τῆς

400 1968 585 2023 Palam
615 1970 766 2024 hisce
797 1969 985 2025 verbis
1021 1967 1195 2023 divini
1225 1970 1507 2039 prophetae
1551 1970 1725 2026 nubes
1776 1987 1977 2027 vocan-

400 2069 533 2115 tur:
571 2062 687 2131 qui,
727 2061 927 2131 spiritu
958 2061 1175 2116 rcelesti
1207 2061 1417 2132 repleti,
1465 2062 1753 2119 animabus
1804 2063 1980 2117 homi-

398 2169 529 2209 num
562 2154 920 2209 rationabiles
950 2154 1164 2224 pluvias
1210 2154 1656 2224 suppeditabant.
1706 2156 1977 2223 Quoniam

398 2245 566 2314 igitur
603 2246 806 2300 veritas
838 2243 930 2299 Dei
965 2252 1020 2299 et
1052 2245 1431 2300 misericordia
1482 2246 1625 2315 ejus,
1676 2247 1744 2302 de
1774 2249 1977 2319 quibus

398 2338 566 2408 paulo
599 2345 725 2391 ante
752 2336 991 2401 dicebat,
1021 2335 1173 2391 Misit
1202 2336 1343 2391 Deus
1378 2338 1796 2392 misericordiam
1822 2356 1977 2393 suam

396 2435 449 2480 et
481 2428 754 2481 veritatem
777 2444 953 2490 suam,
992 2438 1040 2482 et
1066 2430 1263 2497 eripuit
1297 2430 1535 2483 animum
1569 2446 1738 2484 meam
1776 2430 1839 2485 de
1864 2412 1975 2485 me:

399 2517 488 2573 die
518 2518 819 2572 catulorum
850 2519 1082 2584 leonum,
1123 2521 1251 2576 olim
1283 2521 1502 2592 quidem
1544 2524 1782 2576 animam
1819 2521 1978 2577 Davi-

399 2606 485 2662 dis
527 2607 758 2678 eripuit,
812 2607 1170 2680 futurumque
1204 2622 1322 2666 erat
1372 2620 1429 2666 ut
1489 2595 1677 2682 postea
1729 2613 1976 2669 visitaret

398 2713 592 2756 omnes
626 2710 851 2773 gentes;
884 2703 1009 2773 jure
1043 2702 1286 2773 Spiritus
1337 2714 1566 2761 sanctus
1600 2705 1691 2775 qui
1730 2705 1844 2760 hac
1877 2721 1977 2760 an.

398 2795 636 2859 nuntiat,
695 2801 749 2849 et
795 2794 870 2850 ait
926 2794 1043 2850 fore
1078 2803 1137 2850 ut
1171 2797 1224 2850 in
1262 2798 1478 2867 populis
1521 2796 1877 2865 conﬁteatur,
1921 2802 1977 2853 et

398 2889 594 2957 psallat
631 2886 739 2944 Deo
791 2888 844 2943 in
900 2888 1157 2943 omnibus
1203 2891 1493 2959 gentibus;
1529 2890 1697 2960 hujus
1724 2891 1804 2946 rei
1840 2905 1975 2945 cau-

397 2995 512 3035 sam
547 2981 774 3051 apponit
825 2980 1048 3035 dicens:
1099 2982 1363 3047 Quoniam
1401 2983 1748 3054 magniﬁcam
1778 2992 1855 3037 est
1884 2999 1978 3036 κιο

394 3085 494 3138 que
523 3069 591 3122 ad
639 3069 794 3124 caelos
823 3070 1193 3125 misericordia
1241 3081 1353 3136 tua,
1385 3079 1439 3127 et
1486 3082 1706 3128 caetera.
1769 3072 1977 3128 Deinde

398 3160 486 3215 his
512 3177 613 3215 ceu
648 3162 887 3232 sigillum
921 3163 1109 3232 adjicit
1138 3163 1225 3219 his
1258 3164 1479 3220 verbis:
1530 3165 1788 3219 Ezraltare
1821 3179 1978 3235 super

2076 1966 2185 2019 τῶν
2218 1967 2459 2038 νεφελῶν
2491 1969 2795 2040 ὑπηρεσίας
2838 1969 3080 2041 φθάνειν.
3116 1972 3227 2025 Καὶ
3261 1970 3437 2036 ἄλλως
3470 1972 3526 2025 δὲ
3565 1972 3666 2038 τὰς

2079 2060 2135 2112 tv
2160 2058 2466 2131 ἀνθρώποις
2498 2059 2709 2124 τελείας
2740 2061 2937 2133 ψυχὰς,
2974 2062 3072 2125 τὰς
3103 2064 3449 2136 προφητικάς
3475 2064 3666 2135 ὥσπερ

2079 2149 2267 2212 ὑετοὺς
2320 2149 2419 2213 τὰς
2478 2152 2543 2203 ἐκ
2589 2149 2724 2205 Θεοῦ
2768 2152 3115 2219 διδασκαλίας
3162 2156 3505 2227 χορηγούσας
3544 2162 3665 2220 ταῖς

2076 2240 2281 2294 τούτων
2311 2241 2579 2313 δεομένων
2610 2242 2828 2314 ψυχαῖς,
2872 2246 3098 2315 νεφέλας
3129 2246 3321 2300 εἴωθεν
3374 2246 3663 2319 ὀνομάζειν

2068 2334 2108 2403 ἡ
2146 2332 2357 2406 Γραφή·
2386 2335 2513 2389 Ὅτε
2548 2334 2678 2404 γοῦν
2703 2336 2915 2406 ἠπείλει
2942 2337 3021 2410 τῷ
3066 2339 3335 2394 Ἰουδαίων
3364 2339 3504 2393 ἔθνει
3527 2342 3657 2412 ἐρη-

2076 2424 2208 2495 μίαν
2234 2426 2263 2478 ό
2296 2427 2580 2497 προφήτης
2620 2427 2868 2493 Ἠσαίας,
2894 2429 3151 2489 τὸν,Θεδν
3184 2430 3373 2501 είσῆγε
3401 2430 3656 2499 λέγοντα·

2078 2514 2320 2569 Καθελῶ
2368 2516 2476 2570 τόν
2514 2519 2788 2588 φραγμὸν
2820 2520 3025 2584 αὐτοῦ,
3058 2519 3153 2574 καί
3185 2520 3357 2574 ἔσται
3384 2524 3470 2588 είς
3498 2520 3661 2589 διαρ-

2076 2608 2304 2677 παγήν·
2345 2608 2442 2662 καί
2487 2610 2720 2665 καθελῶ
2752 2612 2861 2666 τὸν
2892 2612 3093 2683 τοῖχον
3117 2613 3325 2678 αὑτοῦ,
3359 2614 3457 2667 καὶ
3491 2614 3666 2668 ἔσται

2075 2702 2163 2766 εἰς
2208 2701 2624 2772 καταπάτημα.
2660 2704 2768 2758 Kal
2799 2704 3006 2771 ἀνήσω
3030 2704 3137 2758 τὸν
3164 2703 3489 2773 ἀμπελῶνά
3519 2724 3663 2774 μου,

2077 2789 2176 2843 καὶ
2207 2792 2279 2845 οὐ
2304 2790 2391 2861 μὴ
2428 2791 2644 2861 τμηθῇ,
2674 2792 2817 2848 οὐδὲ
2848 2793 2935 2863 μὴ
2966 2792 3175 2863 σκαφῇ
3195 2811 3209 2827 ο
3240 2795 3339 2848 καί
3370 2796 3667 2863 ἀναϐήσε-

2076 2898 2170 2935 ται
2213 2884 2301 2949 είς
2347 2882 2535 2937 αὑτὸν
2593 2884 2738 2938 ὡσεὶ
2796 2884 3021 2954 χέρσον
3074 2885 3322 2940 ἄκανθα.
3380 2885 3489 2940 Καὶ
3538 2884 3666 2951 ταῖς

2075 2972 2361 3041 νεφέλαις
2417 2973 2773 3045 ἐντελοῦμαι
2827 2976 2934 3031 τοῦ
2985 2976 3071 3048 μὴ
3112 2977 3327 3046 βρέξαι
3355 2977 3449 3030 ἐπ’
3480 2978 3667 3037 αὐτὸν

2076 3063 2275 3117 ὑετόν.
2311 3065 2607 3138 Ἀντικρυς
2638 3066 2727 3120 διὰ
2773 3066 2978 3121 τούτων
3003 3068 3111 3121 τῶν
3145 3066 3305 3121 θείων
3348 3064 3663 3139 προφητῶν,

2078 3155 2316 3224 νεφελῶν
2349 3157 2774 3229 ὠνομασμένων,
2798 3160 2848 3213 ol
2885 3160 3197 3231 πνεῦματος
3233 3159 3486 3232 οὐρανίου
3526 3157 3665 3231 πλη-

394 3252 578 3317 caelos,
632 3251 796 3322 Deus,
840 3263 889 3309 et
933 3271 1088 3325 super
1139 3272 1345 3310 omnem
1387 3266 1587 3311 terram
1636 3258 1813 3329 gloria
1856 3268 1968 3325 tua,

2077 3246 2328 3319 ρούμενοι
2356 3248 2607 3318 λογικοὺς
2630 3251 2817 3315 ὑετοὺς
2843 3254 2962 3317 ταῖς
2989 3252 3096 3305 τῶν
3126 3250 3427 3324 ἀνθρώπων
3461 3251 3660 3322 ἐχορή-

392 3345 650 3400 eumdem
708 3346 776 3402 de
836 3345 948 3402 Deo
1004 3364 1312 3404 sermonem
1389 3349 1632 3406 secundo
1698 3358 1969 3422 repetens.

394 3433 542 3499 Tibi,
578 3437 777 3509 inquit,
827 3440 1088 3495 convenit
1124 3442 1379 3509 exaltari,
1425 3443 1645 3499 tametsi
1683 3443 1970 3497 hominum

390 3542 564 3583 causa
625 3537 679 3584 te
741 3538 945 3586 nostra:
988 3530 1282 3601 abjectioni
1335 3542 1686 3603 attemperas,
1744 3535 1973 3605 populos

391 3632 564 3691 atque
621 3632 809 3692 gentes
835 3624 1011 3693 gratia
1062 3631 1155 3678 tua
1189 3640 1414 3681 vocans.
1459 3623 1661 3682 Verum
1710 3629 1970 3691 exaltare,

392 3713 659 3767 thronum
717 3722 899 3784 repete
939 3724 1115 3770 tuum.
1192 3715 1283 3773 Sic
1320 3718 1467 3773 enim
1518 3719 1574 3774 in
1609 3721 1767 3777 caelis
1815 3736 1972 3775 man-

396 3804 608 3859 sionem
668 3803 897 3869 habens,
959 3806 1013 3861 in
1072 3815 1275 3878 tuaque
1308 3808 1532 3877 deitate,
1576 3811 1632 3866 in
1676 3818 1772 3866 tuo
1803 3828 1974 3883 regno

392 3895 733 3959 consistens,
774 3896 947 3968 gloria
980 3906 1074 3954 tua
1139 3900 1453 3955 universam
1504 3909 1708 3957 terram
1762 3903 1974 3973 replere

396 3985 625 4042 valebis.
663 3985 817 4053 Quod
849 3990 975 4044 item
1023 3989 1238 4063 Moyses
1272 3992 1558 4059 describit,
1602 3990 1772 4048 Deum
1805 3994 1970 4049 indu-

390 4095 528 4135 cens
556 4081 623 4137 de
659 4080 860 4137 Judaeis
905 4084 1124 4154 quidem
1164 4085 1233 4140 ob
1259 4085 1552 4141 conﬂatum
1578 4087 1808 4142 vitulum
1860 4088 1974 4142 btec

393 4172 696 4228 dicentem:
756 4173 978 4229 Dimitte
1012 4193 1117 4242 me,
1169 4185 1218 4231 et
1261 4177 1504 4231 incensus
1564 4178 1648 4231 ira
1703 4187 1972 4233 conteram

390 4265 626 4335 ipsos";
660 4267 727 4321 de
763 4269 1051 4323 vocatione
1110 4277 1292 4323 autem
1320 4269 1563 4339 gentium
1622 4268 1971 4338 adjicientem

392 4357 551 4421 illud,
593 4356 719 4411 Vivo
747 4374 840 4429 ego
864 4368 914 4413 et
939 4360 1063 4414 vivit
1100 4376 1287 4413 nomen
1323 4375 1517 4423 meum,
1563 4361 1689 4430 quia
1733 4358 1976 4431 implebi«

398 4456 484 4503 tur
534 4447 707 4519 gloria
758 4464 875 4502 mea
914 4450 1161 4502 universa
1210 4459 1371 4503 terra.
1414 4447 1572 4518 Apud
1614 4446 1811 4504 Isaiam
1846 4464 1975 4505 vero

392 4543 691 4612 seraphim,
747 4558 868 4613 quae
925 4542 1213 4598 Dominum
1277 4542 1520 4598 Sabaoth
1604 4541 1971 4609 circumdant,

2077 3356 2207 3407 γουν
2232 3338 2449 3411 ψυχαῖς,
2500 3341 2716 3413 Ἐπειδὴ
2741 3344 2920 3398 τοίνυν
2954 3345 2987 3415 ἡ
3016 3343 3244 3415 ἀλήθεια
3271 3342 3366 3397 τοῦ
3399 3342 3534 3397 Θεοῦ
3562 3342 3661 3396 καὶ

2078 3433 2139 3486 τὸ
2172 3432 2319 3497 ἕλεος
2352 3434 2536 3499 αὑτοῦ,
2557 3436 2685 3508 περὶ
2711 3429 2785 3491 ῶν
2811 3437 3005 3511 μικρὸν
3034 3437 3268 3510 πρόσθεν
3295 3436 3499 3506 ἔλεγεν,
3538 3433 3668 3500 Ἐξ·-

2079 3526 2439 3582 απέστειλεν
2462 3531 2495 3583 ό
2525 3531 2669 3596 Θεὸς
2716 3528 2783 3583 τὸ
2815 3530 2988 3597 ἕλεος
3015 3530 3201 3585 αὑτοῦ
3234 3530 3332 3583 καὶ
3357 3529 3472 3599 τὴν
3513 3528 3666 3595 ἁλή-

2080 3622 2245 3673 θειάν
2299 3619 2510 3686 αὐτοῦ,
2546 3622 2644 3675 καί
2696 3623 2991 3691 ἐρῤὐσατο
3035 3622 3151 3691 τὴν
3190 3622 3402 3692 ψυχήν
3437 3638 3559 3691 μου
3597 3621 3667 3674 ἐκ

2074 3712 2270 3784 μέσου
2317 3715 2640 3782 σκύμνων·
2690 3716 2860 3769 πάλαι
2897 3715 2997 3786 μὲν
3045 3716 3145 3786 τὴν
3177 3714 3355 3786 ψυχὴν
3398 3713 3667 3787 ἐρρύσατο

2078 3805 2173 3859 τοῦ
2200 3805 2384 3871 Δαυῖδ,
2408 3805 2610 3878 ἥμελλε
2641 3806 2699 3861 δὲ
2726 3808 2821 3862 καὶ
2857 3808 2995 3879 μετὰ
3018 3806 3190 3862 ταῦτα
3217 3808 3312 3860 καὶ
3342 3807 3517 3860 πάντα
3547 3807 3667 3858 ἐπι-

2082 3900 2303 3952 σκοπεῖν
2330 3898 2399 3952 τὰ
2429 3897 2586 3971 ἔθνη*
2612 3901 2836 3963 είκότως
2858 3901 2919 3954 τὸ
2947 3900 3172 3972 Πνεῦμα
3203 3899 3262 3954 τὸ
3288 3899 3462 3969 ἅγιον,
3492 3898 3663 3953 ταῦτα

2080 3991 2584 4063 εὐαγγελιζόμενον,
2616 3992 2709 4047 καὶ
2760 3994 2842 4047 ὃτι
2900 3995 2959 4047 ἐν
3007 3993 3157 4057 λαοῖς
3185 3991 3658 4065 ἐξομολογήσεται,

2080 4083 2173 4136 καὶ
2216 4084 2274 4136 ἐν
2322 4084 2455 4137 πᾶσι
2504 4086 2617 4148 τοῖς
2655 4082 2832 4137 ἔθνεσι
2869 4082 3031 4154 ψαλεῖ
3062 4081 3138 4154 τῷ
3164 4081 3303 4153 Θεῷ,
3347 4080 3443 4155 τὴν
3479 4079 3658 4134 αἰτίαν

2081 4175 2401 4248 προστίθησι
2440 4176 2624 4246 λέγον·
2665 4177 2793 4231 ’Ὁτι
2839 4176 3213 4247 ἐμεγαλύνθη
3244 4175 3357 4242 ἕως
3392 4172 3511 4229 τῶν
3557 4175 3660 4227 οὐ·

2070 4269 2278 4339 ραν-ῶν
2327 4269 2394 4324 τὸ
2440 4271 2612 4336 ἔλεός
2642 4284 2782 4332 σου,
2837 4270 2931 4322 καὶ
2980 4267 3048 4322 τὰ
3091 4266 3237 4339 ἑξῆς.
3272 4263 3410 4321 Εἶτα
3452 4264 3662 4329 τούτοις

2082 4362 2252 4417 ἅπασι
2296 4362 2358 4415 τὸ
2398 4362 2817 4435 ἐπισφράγισμα
2869 4360 3065 4429 ἐπάγει
3119 4360 3307 4430 λέγοψ
3367 4359 3663 4429 ’Υψὼθητι

2079 4455 2176 4508 ἐπὶ
2216 4454 2358 4521 τοὺς
2391 4454 2707 4522 οὐρανοὺς,
2742 4457 2776 4507 o’
2818 4453 2982 4521 Θεὸς,
3029 4454 3128 4508 καί
3159 4453 3259 4507 ἐπὶ
3298 4451 3507 4508 πᾶσαν
3548 4450 3665 4520 τὴν

2083 4545 2199 4616 γῆν
2244 4547 2282 4614 ή
2333 4545 2483 4611 δόξα
2529 4560 2668 4609 σου,
2699 4544 2950 4617 δεύτερον
2975 4543 3333 4599 ἐπαναλαϐὼν
3363 4542 3464 4615 τὴν
3496 4540 3663 4614 αὐτὴν

391 4636 733 4691 clamabant:
762 4633 1012 4700 Sanctus,
1041 4644 1278 4699 sanctus,
1310 4644 1525 4690 sanctus
1549 4634 1804 4690 Dominus
1832 4633 1972 4688 Deus

2078 4608 2375 4706 θεολογίαν.
2413 4608 2503 4691 Σοὶ
2541 4637 2669 4709 γάρ,
2715 4608 2872 4711 φησὶ,
2902 4637 3099 4711 πρέπει
3153 4608 3440 4706 ὑψοῦσθαι,
3488 4637 3537 4689 εί
3569 4608 3663 4688 καὶ

397 4722 653 4786 Sabaoth,
685 4727 840 4795 plena
875 4736 953 4780 est
1001 4726 1173 4780 omnis
1209 4736 1353 4780 terra
1389 4726 1563 4797 gloria
1609 4726 1723 4796 ejus
1740 4725 1805 4781 “.
1840 4726 1976 4792 Qui-

398 4820 503 4874 bus
531 4815 707 4873 aﬂlnia
743 4822 797 4876 in
822 4838 944 4877 uxr
1003 4822 1233 4892 psalmo,
1274 4821 1342 4879 de
1388 4820 1611 4878 Christo
1649 4823 1797 4877 clare
1837 4814 1970 4877 nar-

396 4922 574 4973 rante,
592 4912 733 4967 dicta
761 4923 889 4969 sunt
904 4913 951 4945 “
970 4933 982 4968 :
1002 4913 1313 4968 Benedictus
1337 4912 1590 4966 Dominus
1611 4910 1752 4966 Deus
1778 4910 1971 4978 Israel,

394 5015 447 5062 et
480 5006 803 5060 benedictum
839 5023 1025 5061 nomen
1055 5007 1242 5078 gloria:
1276 5007 1421 5077 ejus,
1448 5014 1501 5060 et
1539 5005 1828 5074 replebitur
1856 5021 1973 5059 orn-

395 5097 479 5152 nis
503 5106 641 5152 terra
668 5096 839 5169 gloria
889 5099 1024 5169 ejus.
1073 5097 1199 5153 Haec
1244 5099 1413 5170 igitur
1443 5098 1696 5167 obsignat
1731 5109 1974 5167 praesens

397 5190 679 5262 prepbetia
710 5190 938 5247 dicens:
978 5189 1237 5245 Ezeltare
1278 5204 1434 5257 super
1465 5189 1647 5255 caelos,
1699 5185 1864 5251 Deus,
1919 5195 1972 5241 et

396 5296 550 5349 super
577 5299 781 5337 omnem
814 5293 1009 5337 terram
1030 5281 1204 5353 gloria
1244 5291 1358 5336 tua.

2077 4729 2146 4784 τά
2179 4730 2409 4801 μάλιστα
2429 4731 2496 4785 δι’
2522 4728 2839 4803 ἀνθρώπους
2858 4729 3308 4800 συγκαταϐαίνεις
3331 4731 3395 4802 τῇ
3422 4730 3664 4802 ἡμετέρα

2077 4820 2606 4887 ταπεινώσει,λαοὺς
2634 4821 2729 4876 καὶ
2760 4821 2887 4896 ἔθνη
2920 4822 3397 4894 προσκαλούμενος
3434 4823 3502 4893 τῇ
3532 4836 3666 4874 σαυ-

2075 4913 2170 4969 τοῦ
2193 4915 2395 4987 χάριτι.
2438 4914 2579 4968 Ἀλλ’
2608 4913 2874 4987 ὑψῶθητι,
2910 4917 3005 4970 καὶ
3032 4914 3389 4985 ἀπολάμϐανε
3416 4913 3507 4967 τὸν
3535 4929 3666 4966 σαυ-

2076 5006 2170 5061 τοῦ
2210 5007 2416 5078 θρόνον.
2450 5007 2559 5061 Καὶ
2601 5006 2773 5072 οὕτως
2806 5008 2913 5079 γάρ
2960 5009 3020 5061 ἐν
3047 5007 3297 5081 οὐρανοῖς
3326 5004 3428 5069 τὰς
3459 5006 3667 5075 διατρι-

2081 5098 2182 5163 δάς
2211 5097 2551 5170 ποιούμενος,
2583 5101 2678 5154 καὶ
2715 5102 2773 5154 ἐν
2796 5102 2864 5171 τῇ
2896 5098 3094 5154 σαυτοῦ
3131 5099 3414 5171 τυγχάνων
3449 5093 3665 5165 θεότητί

2076 5206 2136 5242 τε
2192 5192 2286 5243 καὶ
2341 5189 2620 5263 βασιλείᾳ,
2671 5193 2853 5245 πᾶσαν
2897 5192 2996 5263 τὴν
3039 5193 3143 5264 γῆν
3180 5190 3420 5263 πληροῦν
3462 5187 3666 5258 δυνήσῃ
3758 5234 3763 5239 .

2077 5282 2176 5354 τῆς
2222 5281 2420 5337 σαυτοῦ
2474 5283 2650 5353 δόξης.
2689 5285 2755 5337 Ὃ
2796 5284 2859 5354 δὴ
2891 5284 2985 5337 καὶ
3008 5283 3216 5354 Μωσῆς
3241 5280 3547 5353 ἀναγράφει
3574 5276 3666 5330 τὸν

396 5372 529 5430 Θεὸν
572 5377 806 5442 εἰσάγων
859 5376 986 5449 περὶ
1024 5377 1121 5449 μὲν
1162 5376 1430 5431 Ἰουδαίων
1494 5374 1721 5445 λέγοντα
1776 5373 1843 5427 δι’
1900 5372 1967 5445 ἣν
2014 5376 2340 5447 εἰργάσαντο
2394 5377 2748 5447 μοσχοποιίαν
2773 5394 2786 5407 -
2826 5378 3052 5432 Ἕασόν
3100 5393 3193 5445 με,
3231 5375 3327 5429 καὶ
3378 5371 3668 5443 θυμωθεὶς

397 5468 543 5538 ὁρτῇ
574 5469 832 5539 empty-to
865 5473 1120 5538 αὐτούς·
1152 5472 1280 5543 περὶ
1304 5471 1359 5525 δὲ
1388 5471 1490 5542 τῆς
1510 5469 1617 5525 τῶν
1639 5469 1808 5523 tevth
1849 5468 2094 5541 κλήσεως
2139 5472 2411 5541 ἐπάγοντα
2432 5471 2513 5538 τὸ,
2561 5472 2653 5525 Ζῶ
2693 5472 2828 5542 ἐγὼ,
2870 5473 2971 5527 καὶ
3034 5471 3101 5541 ζῇ
3167 5471 3233 5525 τὸ
3268 5467 3457 5540 ὄνομα
3518 5484 3661 5539 μου,

397 5558 489 5613 ὅτι
514 5563 965 5634 πληρωθήσεται
993 5563 1105 5634 τῆς
1133 5563 1317 5635 δόξης
1346 5583 1465 5636 μου
1492 5563 1660 5620 πᾶσα
1680 5566 1720 5633 ἠ
1748 5564 1846 5637 γῆ.
1864 5563 1975 5619 Καὶ
2012 5566 2164 5638 παρὰ
2196 5565 2274 5637 τῷ
2318 5567 2513 5637 Ἡσαΐᾳ
2543 5567 2601 5621 δέ
2629 5568 2698 5622 τὰ
2734 5569 2996 5641 σεραφὶμ,
3033 5566 3338 5621 κυκλοῦντα
3400 5563 3490 5618 τὸν
3552 5560 3665 5615 Κύ-

400 5674 517 5729 ριον
547 5655 794 5726 Σαϐαὼθ,
834 5659 994 5715 ἐϐόα*
1021 5660 1238 5730 Ἀτιος,
1263 5661 1449 5731 ἅγιος,
1472 5662 1638 5733 ἅγιος
1676 5662 1891 5730 Κύριος
1927 5659 2074 5729 Θεὸς
2109 5661 2372 5727 Σαϐαὼθ,
2414 5661 2651 5731 πλήρης
2690 5664 2857 5720 πᾶσα
2889 5666 2927 5733 ἡ
2972 5663 3048 5733 γῆ
3091 5663 3201 5734 τῆς
3239 5662 3423 5731 δόξης
3453 5657 3661 5716 αὐτοῦ.

468 5808 517 5895 si
558 5812 661 5872 ιη,
695 5828 749 5883 γ,
782 5815 833 5885 5,
857 5814 911 5870 6.
986 5817 1030 5852 ⁸⁸
1071 5814 1238 5875 Exod.
1276 5833 1452 5882 χχιιι,
1491 5815 1576 5874 16.
1629 5818 1714 5896 ,δῖ
1746 5817 1850 5875 lsa-
1886 5835 1969 5887 τι»

2135 5816 2178 5854 τι
2216 5815 2362 5873 Psal.
2400 5833 2558 5884 Lnt,
2606 5817 2809 5889 18,η.
