4098 6374
353 384 460 447 5H
1469 380 1968 438 COMMENTARIA
2006 381 2069 436 IN
2093 381 2439 438 PSALMOS.
3480 383 3586 437 5l8

351 499 449 568 Οἷς
521 502 822 574 συμφώνως
859 501 950 556 καὶ
1015 502 1071 554 ἐν
1133 501 1211 554 οα’
1239 499 1437 572 ψαλμῷ
1478 501 1547 555 τὰ
1586 499 1835 571 περὶτοῦ
1875 501 2109 573 Χριστοῦ
2146 500 2331 570 σαφῶς
2392 497 3059 571 διαγορεύοντιιλέλεκταιο
3090 497 3431 567 Εὐλογητὸς
3463 502 3579 553 Κύ-

344 617 475 667 ριος
496 601 531 654 ό
557 599 701 665 Θεὸς
730 596 994 667 Ἰσραὴλ.
1012 596 1110 651 καὶ
1133 596 1462 667 εὐλογητὸν
1492 597 1559 650 τὸ
1585 596 1770 665 ὄνομα
1794 595 1899 664 τῆς
1932 596 2115 664 δόξης
2141 594 2347 660 αὐτοῦ,
2406 595 2502 648 καὶ
2562 593 3016 663 πληρωθήσεται
3044 593 3157 662 τῆς
3180 594 3365 662 δόξης
3397 595 3582 649 αὑτοῦ

349 691 519 747 πᾶσα
553 691 594 762 ἡ
638 690 734 762 γῆ.
772 691 932 745 Ταῦτ’
976 686 1068 745 οὖν
1120 690 1213 745 καὶ
1256 694 1288 762 ή
1333 692 1583 762 παροῦσα
1616 692 1918 763 προφητεία
1954 691 2405 764 ἐπισφραγίζεται
2435 690 2699 759 λέγουσαο
2744 688 3036 757 Ὑψώθητι
3072 689 3170 743 ἐπὶ
3223 690 3363 757 τοὺς
3410 691 3582 759 οὐρα-

348 786 453 840 ὀὺ
466 807 520 854 ς,
541 788 576 841 ό
602 785 764 852 Θεὸς,
783 787 879 840 καί
898 785 998 839 ἐπὶ
1025 785 1228 841 πᾶσαν
1255 785 1369 853 τὴν
1395 785 1510 856 γῆν
1539 788 1577 855 ἠ
1599 785 1747 850 δόξα
1775 801 1911 840 σου.

348 901 450 955 ΕΙΣ
496 903 585 957 ΤΟ
622 902 859 965 ΤΕΛΟΣ,
885 903 988 955 ΜΗ
1013 902 1408 956 ΔΙΑΦΘΕΙΡΗΣ
1446 903 1532 956 ΤΩ
1559 903 1779 969 ΔΑΥΙΔ,
1808 903 1903 955 ΕΙΣ

2014 899 2067 955 ι.
2108 896 2173 952 IN
2215 892 3147 969 FINEM,_NE_9LSEEll_D:AS,__lN
3187 891 3422 951 TITULI
3476 896 3579 952 1N-

785 971 1322 1028 ΣΤΗΛυΓΡΑΦΙΑΝ.
1361 974 1407 1025 Ν
1412 973 1485 1027 Z'.

419 1084 491 1137 El
517 1081 755 1152 ἀληθῶς
783 1083 896 1153 ἄρα
910 1084 1300 1153 δικαιοσύνην
1315 1086 1573 1151 λαλεῖτε,
1601 1087 1776 1143 εὐθέα
1793 1088 1918 1157 κρι-

346 1190 499 1241 νετε,
517 1175 635 1228 υἱοὶ
663 1173 780 1229 τῶν
804 1175 1145 1245 ἀνθρώπων.
1171 1178 1265 1240 Et;
1288 1177 1348 1230 τὸ
1386 1178 1537 1240 τέλος
1572 1178 1646 1250 μὴ
1673 1179 1914 1249 διαφθεί-

348 1282 484 1336 ρειν,
540 1266 826 1335 φυλάττειν
869 1266 926 1320 δέ
969 1267 1197 1321 ἕκαστον
1225 1269 1293 1323 τὰ
1341 1268 1532 1322 ἐαυτοῦ
1577 1268 1726 1341 τέλη,
1757 1270 1848 1322 καλ⁸
1887 1271 1916 1323 ὀ

347 1356 538 1428 παρὼν
566 1361 821 1429 παραινεῖ
849 1358 1023 1428 λόγος.
1061 1360 1259 1431 ’Ἄμφω
1290 1361 1366 1424 δὲ,
1400 1362 1428 1414 ὅ
1459 1378 1518 1415 τε
1558 1361 1695 1433 μετὰ
1731 1364 1916 1435 χεῖρας

346 1451 444 1506 καὶ
471 1452 499 1503 ό
525 1452 632 1524 πρὸ
662 1452 825 1506 αὐτοῦ
858 1455 955 1526 τὴν
987 1454 1107 1525 ἴσην
1139 1456 1317 1526 ἔχουσι
1349 1459 1688 1530 προγραφὴν,
1716 1459 1915 1529 ὁμοίως

344 1540 428 1607 τὸ,
451 1543 555 1607 Εἰς
584 1541 650 1595 τὸ
677 1543 868 1610 τέλος,
880 1543 966 1613 μὴ
996 1543 1340 1614 διαφθείρῃς
1366 1545 1445 1612 τῷ
1472 1547 1672 1614 Δαυῒδ,
1704 1549 1798 1601 καὶ
1828 1546 1915 1611 rb;

342 1633 431 1698 εἰς
463 1633 930 1701 στηλογραξρίαν,
978 1634 1336 1705 περιέχοντες.
1366 1635 1434 1689 ’Ὀ
1462 1653 1525 1705 γε
1558 1635 1660 1708 μὴν
1699 1637 1908 1707 χρόνος,

341 1722 391 1774 εί
417 1720 512 1774 καὶ
543 1720 617 1792 μὴ
640 1722 700 1774 ἐν
723 1721 800 1794 τῷ
821 1724 1066 1795 παρόντι,
1085 1724 1195 1777 ἀλλ’
1222 1727 1278 1778 ἐν
1306 1724 1382 1797 τῷ
1410 1726 1516 1798 πρὸ
1542 1727 1729 1782 τούτου
1756 1727 1911 1798 δεδή-

339 1810 506 1864 λωται
543 1811 684 1867 κατὰ
709 1813 807 1885 τὴν
835 1814 1148 1886 προσθήκην
1249 1834 1431 1888 φησιν,
1482 1818 1581 1872 Ἐν
1611 1818 1690 1884 τῷ
1726 1818 1911 1873 αὐτὸν

338 1902 802 1972 ἀποδιδράσκειν
832 1905 949 1960 ἀπὸ
979 1906 1300 1974 προσώπου
1335 1909 1533 1964 Σαοὺλ
1560 1912 1646 1976 εὶς
1668 1911 1733 1964 τὸ
1754 1910 1910 1980 σπή-

337 1996 531 2048 λαιον.
565 1994 722 2049 Κατὰ
774 1996 865 2050 τὸν
909 1996 1067 2050 αὐτὸν
1113 1992 1205 2052 οὗν
1249 1999 1496 2070 εἰρῆσθαι
1532 2000 1719 2072 χρόνον
1751 2002 1845 2055 καὶ
1874 2002 1904 2055 ό

339 2085 716 2155 προκείμενος,
750 2087 811 2140 οὐ
862 2087 1021 2158 μόνον
1052 2091 1115 2142 ἐκ
1137 2088 1244 2144 τῶν
1276 2091 1576 2163 εἰρημένων
1608 2092 1756 2146 δοκεῖ
1795 2109 1906 2164 μοι,

336 2176 472 2230 ἀλλὰ
502 2178 594 2231 καὶ
622 2180 684 2233 ἐκ
705 2178 811 2233 τῶν
841 2178 966 2252 ἑξῆς
997 2181 1424 2253 ἐπιφερομένων.
1474 2183 1686 2255 Ἐπειδὴ
1715 2184 1824 2256 γὰρ
1872 2186 1905 2257 ἡ

2459 964 2942 1021 SLHIPTIONEM.
2987 963 3142 1021 LVII.

2087 1080 2253 1136 Vens.
2297 1080 2353 1143 2,
2400 1080 2453 1135 3.
2504 1079 2567 1134 Si
2596 1095 2710 1133 vere
2761 1080 2938 1149 utique
2971 1078 3241 1147 justitiam
3272 1079 3574 1150 loquimini,

2016 1182 2160 1227 recta
2196 1171 2458 1241 judicate,
2514 1169 2616 1240 ﬁlii
2683 1169 2973 1223 hominum.
3029 1168 3287 1225 Hortatur
3337 1187 3578 1241 praesens

2016 1278 2197 1318 sermo
2223 1262 2487 1332 singulos,
2518 1269 2577 1314 ιιι
2611 1275 2680 1313 ne
2710 1260 2765 1313 in
2792 1260 2948 1314 ﬁnem
2981 1260 3320 1329 disperdant,
3351 1262 3444 1316 sed
3485 1265 3577 1317 ob-

2015 1363 2191 1410 servet
2214 1355 2446 1424 quisque
2465 1352 2597 1409 ﬁnes
2611 1368 2760 1408 suos.
2779 1351 3183 1422 Amboquippe,
3199 1360 3313 1405 tum
3332 1353 3441 1416 hic,
3462 1364 3573 1407 tum

2014 1442 2348 1512 praecedens,
2385 1443 2615 1498 similem
2656 1444 2950 1511 prteferunt
2982 1443 3413 1511 inscriptionem,
3466 1443 3577 1496 sci--

2015 1533 2162 1596 licet,
2197 1532 2263 1587 In
2294 1536 2473 1604 ﬁnem,
2500 1550 2562 1587 ne
2585 1533 2861 1602 disperdas
2893 1532 3082 1599 David,
3123 1542 3308 1603 atque,
3344 1534 3397 1587 in
3428 1533 3573 1587 tituli

2012 1627 2428 1695 inscriptionem.
2483 1625 2721 1696 Tempus
2761 1635 2963 1688 autem,
3020 1626 3121 1681 etsi
3167 1642 3276 1679 non
3325 1626 3380 1680 in
3436 1641 3575 1696 prte-

2014 1721 2175 1783 senti,
2205 1729 2259 1773 at
2288 1720 2342 1774 in
2375 1719 2699 1790 praecedenti
2724 1719 3054 1782 declaratur,
3089 1706 3217 1772 d'um
3252 1718 3368 1772 hac
3397 1718 3573 1782 addit,

2011 1812 2144 1867 Cum
2175 1814 2376 1884 fugeret
2432 1830 2465 1867 α
2521 1813 2657 1883 facie
2692 1812 2873 1867 Saulis
2899 1814 2953 1866 in
2992 1810 3315 1881 speluncam.
3366 1811 3569 1868 Eodem

2010 1902 2195 1972 itaque
2258 1911 2502 1973 tempore
2563 1901 2974 1972 pronuntiatum
3033 1901 3197 1954 etiam
3248 1909 3571 1969 praesentem

2008 1993 2200 2062 fuisse,
2235 2010 2344 2049 non
2413 1995 2589 2049 solum
2648 2010 2713 2050 ex
2763 1993 2876 2062 jam
2931 1993 3114 2057 dictis,
3171 2007 3358 2047 verum
3403 1991 3569 2046 etiam

2006 2101 2073 2142 ex
2104 2101 2228 2140 mox
2255 2084 2543 2141 aﬁ'erendis
2571 2085 2789 2155 planum
2818 2084 2950 2138 mihi
2975 2085 3212 2139 videtur.
3254 2083 3393 2150 Quia
3420 2083 3569 2137 enim

2007 2176 2062 2230 in
2093 2175 2419 2246 praecedenti
2450 2177 2591 2230 tituli
2644 2175 2928 2245 inscriptio
2974 2174 3042 2228 de
3102 2175 3227 2229 ﬁliis
3280 2173 3568 2226 hominum

338 2268 444 2340 πρὸ
496 2269 681 2323 τούτου
730 2249 1097 2342 στηλογνραφία
1125 2249 1250 2344 περίι
1276 2273 1382 2328 τῶν
1407 2273 1537 2328 υἱῶν
1558 2249 1903 2348 τῶν-ἀνθρώί

2006 2268 2240 2332 dicebat,
2286 2266 2417 2321 Filii
2453 2267 2743 2333 hominum,
2791 2266 2971 2320 dentes
3007 2281 3188 2319 eorum
3216 2280 3368 2318 arma
3400 2273 3449 2316 et
3481 2279 3569 2317 sa-

337 2376 450 2413 πων
466 2359 665 2431 ἔλεγεν,
681 2363 793 2415 Υἱοὶ
811 2360 1154 2431 ἀνθρώπων,
1174 2369 1226 2419 οἱ
1244 2365 1485 2433 ὀδόντες
1502 2366 1698 2420 αὐτῶν
1714 2366 1906 2422 ὅπλον

336 2451 433 2503 καὶ
450 2450 607 2520 ,βέλη
627 2469 639 2482 ’
666 2453 885 2518 εἰκότως
909 2456 1001 2509 καὶ
1023 2457 1054 2528 ή
1086 2456 1223 2526 μετὰ
1242 2459 1429 2530 χεῖρας
1443 2461 1554 2523 τοῖς
1576 2460 1756 2524 αὐτοῖς
1771 2463 1906 2525 υίοῖς

334 2541 442 2594 τῶν
468 2542 765 2614 ἀνθρώπων
788 2545 947 2610 εὐθὺς
981 2550 1038 2601 ἐν
1060 2549 1198 2621 ἀρχῆ
1218 2553 1525 2620 προσφωνεί
1538 2551 1771 2619 λέγουσα
1790 2571 1802 2582 ·
1834 2555 1906 2606 El

334 2632 569 2699 άληθῶς
591 2634 705 2702 ἀρα
732 2633 1123 2703 δικαιοσύνην
1142 2638 1401 2701 λαλεῖτε,
1435 2639 1611 2693 εὐθέα
1651 2640 1901 2707 κρίνετε,

334 2725 387 2775 ol
414 2724 528 2777 υἱοὶ
556 2724 674 2778 τῶν
703 2725 1042 2794 ἀνθρώπων.
1069 2726 1175 2778 Καὶ
1223 2728 1515 2799 ἐπειδήπερ
1560 2732 1617 2783 ἐν
1673 2730 1751 2801 τῷ
1797 2731 1904 2802 πρὸ

334 2812 520 2865 τούτου
541 2813 775 2882 ἐλέγετο·
794 2815 1110 2882 Ὲρρύσατο
1137 2814 1251 2882 τὴν
1265 2816 1476 2886 ψυχήν
1484 2836 1602 2887 μου
1621 2819 1690 2873 ἐκ
1709 2819 1903 2889 μέσου

333 2904 636 2973 σκύμνων,
663 2904 719 2975 ἢ,
739 2906 806 2959 ἐκ
827 2905 1020 2975 μέσου
1046 2908 1325 2972 λεόντων,
1357 2911 1498 2965 κατὰ
1515 2912 1639 2976 τοὶς
1663 2912 1901 2981 λοιποὺς,

334 2996 557 3059 εἰκότως
591 2998 647 3049 ἐν
675 2996 751 3068 τῷ
783 2997 917 3067 μετὰ
947 3000 1136 3069 χεῖρας
1178 3000 1513 3073 ἐπιφέρεται,
1564 3006 1673 3070 Τὰς
1700 3006 1903 3074 μύλας

334 3085 456 3140 τῶν
484 3087 748 3141 λεόντων
777 3088 1128 3145 συνέθλασε
1157 3093 1389 3160 Κύριος.
1425 3094 1571 3147 Ἔδει
1612 3096 1719 3168 γὰρ
1752 3097 1900 3167 ἡμᾶς

336 3176 527 3247 μαθεῖν
553 3178 699 3242 ὅπως
728 3179 859 3251 ἐῤῥύ
871 3197 995 3233 σατο
1019 3181 1115 3253 τὴν
1141 3183 1315 3255 ψυχὴν
1345 3183 1438 3237 τοῦ
1465 3183 1627 3239 Δαυῗδ
1650 3187 1713 3238 ἐκ
1734 3186 1896 3257 μέσου

334 3269 608 3340 σκύμνων.
635 3270 743 3323 Καὶ
768 3271 926 3325 πάλιν
948 3274 1073 3344 περὶ
1096 3273 1203 3327 τῶν
1232 3275 1458 3329 ὀδόντων
1486 3276 1594 3329 τῶν
1623 3278 1899 3333 ἐνδιαϐαλ-

330 3358 527 3414 λόντων
558 3361 718 3416 αὑτὸν
742 3364 800 3416 ἐν
826 3363 922 3433 μὲν
950 3364 1024 3434 τῷ
1049 3364 1155 3437 πρὸ
1183 3365 1391 3431 τούτου,
1417 3370 1533 3422 Υίοὶ
1553 3368 1894 3438 ἀνθρώπων,

330 3452 384 3503 ol
415 3448 654 3517 ὀδόντες
700 3451 897 3507 αὐτῶν
924 3452 1117 3508 ὅπλον
1160 3456 1254 3511 καὶ
1279 3456 1460 3526 βέλη,
1491 3459 1725 3529 ἐλέγετο,
1757 3464 1814 3515 ἐν
1840 3460 1896 3514 δὲ

330 3542 410 3657 τέ)
440 3543 578 3644 μετὰ
606 3548 794 3644 χεῖρας
815 3562 830 3577 °
873 3545 927 3598 Ὁ
960 3545 1103 3613 Θεὸς
1121 3549 1438 3617 συντρίψει
1457 3550 1615 3657 ’τοὺς
1648 3551 1896 3619 ὀδόντας
1927 3600 1968 3657 C

290 3648 297 3653 ’
330 3633 527 3689 αὐτῶν
560 3635 631 3688 ἐν
658 3634 739 3701 τῷ
768 3635 1015 3709 στόματι
1045 3636 1261 3691 αὐτῶν.
1295 3639 1409 3709 Ἀφ’
1449 3634 1525 3693 ὧν
1559 3639 1830 3695 δείκνυται
1863 3644 1897 3714 ἡ

329 3726 390 3783 ἐν
432 3726 766 3798 ἀμφοτέραις
820 3730 941 3791 ταῖς
979 3728 1403 3802 στηλογραφίαις
1452 3734 1757 3803 συμφωνία.
1789 3735 1899 3788 Καὶ

329 3820 505 3885 ἄλλως
534 3820 577 3874 δ’
607 3816 699 3876 οὖν
730 3838 814 3885 τις
858 3821 1021 3889 εἴποι,
1071 3825 1255 3896 ἐπειδὴ
1299 3829 1332 3898 ἠ
1375 3827 1480 3899 πρὸ
1508 3826 1697 3881 τούτου
1748 3845 1901 3899 περι-

331 3912 448 3983 έχει
473 3914 574 3986 τὴν
595 3913 783 3985 κλῆσιν
803 3914 908 3968 τῶν
941 3914 1128 3982 ἐθνῶν,
1155 3917 1375 3981 εἰκότως
1401 3920 1467 3989 τῇ
1495 3917 1717 3992 τοιαύτῃ
1767 3936 1902 3990 προ-

330 4005 529 4077 φητείᾳ
576 4009 610 4077 ή
653 4005 900 4078 παροῦσα
948 4006 1322 4079 στηλογραφία
1378 4008 1668 4077 συνῆπται,
1712 4010 1898 4079 διαγο-

332 4096 565 4168 ρεύουσα
589 4102 701 4163 τοῖς
735 4100 870 4162 υίοίς
897 4097 1004 4152 τῶν
1046 4098 1346 4171 ἀνθρώπων
1377 4099 1469 4153 τὸν
1498 4100 1625 4171 περὶ
1670 4100 1772 4171 τῆς
1817 4101 1897 4154 δι-

331 4188 673 4259 καιοκρισίας
705 4188 797 4242 τοῦ
826 4188 960 4242 Θεοῦ
993 4188 1168 4258 λόγον,
1205 4189 1616 4263 διαστελλομένη
1664 4207 1724 4244 τε
1766 4192 1899 4249 πᾶσι

327 4283 444 4344 τοῖς
465 4281 611 4344 λαοῖς
635 4282 729 4334 σὺν
753 4280 977 4352 ἀληθινῇ
1014 4281 1325 4353 προαιρέσει
1347 4283 1441 4335 καὶ
1468 4282 1767 4354 συνειδήσει
1801 4299 1899 4337 κα-

330 4373 472 4445 θαρᾷ
515 4374 582 4443 τῇ
620 4370 713 4424 τοῦ
763 4371 918 4440 λόγου
970 4372 1250 4447 προσιέναι
1292 4371 1626 4445 διδασκαλίᾳ,
1670 4373 1764 4427 καὶ
1821 4373 1896 4444 μὴ

328 4464 824 4538 καθυποκρίνεσθαι
859 4464 957 4535 τὴν
1006 4463 1334 4521 θεοσέϐειαν.
1379 4464 1469 4518 Διὸ
1507 4464 1641 4538 πρὸς
1691 4464 1899 4528 πάντας

326 4561 455 4622 τοὺς
482 4557 739 4631 ἀνωτέρω
766 4558 926 4622 λαοὺς
957 4558 1375 4629 ὠνομασμένους
1410 4557 1504 4611 καὶ
1534 4557 1669 4629 πρὸς
1722 4557 1898 4611 πάντα

325 4651 396 4704 τὰ
435 4650 580 4723 ἔθνη,
638 4651 766 4723 περὶ
813 4644 887 4704 ὧν
937 4650 1172 4720 ἐλέγετο,
1220 4650 1769 4722 Ἐξομολογ-ήσομαι
1800 4666 1899 4704 σοι

324 4743 397 4799 ἐν
440 4743 629 4810 λαοῖς,
663 4744 860 4812 Κύριε,
890 4741 1067 4812 ⁴ψαλῶ
1108 4757 1208 4796 σοι
1235 4743 1305 4797 ἐν
1333 4742 1554 4807 ἔθνεσι,
1594 4741 1692 4813 τὴν
1734 4757 1900 4812 προσ-

329 4836 569 4909 φώνησιν
606 4836 928 4906 ποιούμενος
951 4836 979 4887 ὁ
1008 4831 1197 4903 παρὼν
1246 4831 1403 4902 λόγος
1466 4831 1895 4905 διαμαρτύρεται

2002 2360 2149 2429 gillo:
2168 2360 2246 2425 “;
2284 2359 2397 2414 haec
2438 2360 2565 2414 item
2597 2359 2738 2412 tituli
2777 2358 3064 2428 inscriptio
3095 2358 3278 2411 statim
3311 2357 3378 2410 ah
3405 2370 3569 2411 exor-

2002 2450 2093 2505 dio
2122 2446 2361 2506 eosdem
2403 2449 2540 2504 ﬁlios
2584 2450 2864 2504 hominum
2906 2449 3195 2518 compellat
3245 2447 3471 2503 dicens:
3504 2446 3567 2501 Si

2001 2559 2043 2597 οι
2060 2559 2114 2596 re
2141 2544 2318 2612 utique
2356 2542 2614 2604 iustitiam
2649 2541 2943 2611 loquimini,
2996 2553 3138 2595 recta
3163 2541 3427 2609 judicate.
3467 2539 3568 2608 ﬁlii

2001 2634 2291 2688 hominum.
2336 2632 2401 2685 Et
2449 2633 2706 2702 quoniam
2763 2633 2819 2687 in
2867 2633 3190 2703 pnrcedenti
3244 2632 3562 2695 dicebatur,

2004 2725 2213 2794 Eripuit
2269 2726 2500 2778 animum
2559 2740 2729 2778 meam
2778 2724 2842 2777 de
2888 2724 3058 2777 medio
3115 2724 3413 2778 catulorum
3456 2725 3565 2778 leo-

2003 2831 2124 2868 num
2163 2814 2230 2878 “,
2292 2814 2441 2883 sive},
2493 2812 2556 2865 de
2600 2811 2772 2867 medio
2809 2811 3047 2874 leonum,
3111 2814 3408 2866 secundum
3473 2828 3560 2868 re-

2002 2905 2200 2976 liquos,
2242 2915 2636 2974 consequenter
2678 2903 2733 2957 in
2790 2901 3041 2972 praesenti
3089 2902 3342 2964 infertur,
3388 2901 3565 2957 Malas

2003 2996 2209 3052 leonum
2238 2996 2491 3067 confregit
2517 2995 2767 3049 Dominus
2845 2991 3097 3063 Oportuit
3125 2994 3268 3048 enim
3316 2994 3562 3050 ediscere

2001 3105 2124 3154 nos,
2156 3105 2266 3160 quo)
2314 3099 2472 3160 pacto
2504 3087 2764 3158 eripuerit
2792 3087 3024 3141 animam
3051 3084 3268 3141 Davidis
3294 3085 3361 3142 de
3388 3086 3566 3143 medio

2006 3180 2316 3234 catulorum
2350 3180 2585 3232 leonum.
2637 3176 2712 3230 Ac
2754 3191 2970 3229 rursum
3008 3175 3075 3230 de
3111 3176 3566 3231 calumniatorum

2024 3286 2248 3326 suorum
2282 3269 2535 3324 dentibus
2568 3268 2623 3323 in
2647 3267 2969 3337 praei-edenti
3009 3267 3206 3331 aiebat,
3241 3265 3371 3320 Filii
3396 3265 3567 3320 homi-

2001 3376 2147 3424 num,
2195 3358 2371 3413 dentes
2404 3373 2582 3412 eorum
2619 3356 2779 3410 telum
2829 3365 2879 3410 et
2919 3357 3162 3426 sagittae;
3209 3356 3262 3411 in
3306 3359 3563 3428 przesenti

2000 3466 2153 3516 vero,
2190 3449 2329 3504 Deus
2365 3460 2593 3504 conteret
2621 3447 2797 3502 dentes
2836 3463 3017 3502 eorum
3070 3449 3125 3503 in
3170 3464 3259 3502 ore
3303 3450 3558 3518 ipsorum.

2002 3541 2212 3609 Quibus
2265 3542 2547 3596 ambarum
2598 3540 2736 3595 tituli
2792 3539 3211 3610 inscriptionum
3256 3555 3565 3597 consensus

2002 3638 2163 3706 plane
2208 3633 2615 3704 comprobatur.
2681 3631 2748 3687 Et
2795 3633 2898 3687 alia
2944 3648 3160 3703 quoque
3217 3634 3426 3688 ratione
3480 3633 3567 3688 di-

2001 3726 2142 3780 xerit
2192 3725 2486 3793 quispiam.
2523 3723 2648 3793 quia
2691 3723 3002 3791 praecedens
3033 3723 3276 3793 gentium
3330 3725 3568 3780 vocatio-

2000 3831 2125 3871 nem
2170 3815 2571 3883 complectitur,
2592 3815 2716 3882 jure
2743 3813 3059 3881 bujusmodi
3098 3814 3393 3885 prophetia:
3423 3830 3560 3885 prat-

2001 3912 2209 3960 sentem
2231 3902 2375 3955 tituli
2416 3901 2832 3971 inscriptionem
2867 3901 3180 3968 adjunctam
3212 3899 3404 3964 fuisse,
3439 3915 3564 3970 quae

2000 3993 2126 4049 ﬁliis
2155 3991 2434 4047 hominum
2458 3989 2591 4059 justi
2628 3988 2821 4058 judicii
2863 3987 2959 4043 Dei
3000 3989 3267 4042 rationem
3315 3995 3557 4052 enarret,

2000 4086 2363 4154 omnibusque
2407 4080 2626 4154 populis
2656 4080 2958 4151 praecipiat,
3007 4086 3066 4133 ut
3111 4079 3321 4133 sincera
3362 4080 3562 4134 volun~

2001 4187 2112 4234 tate
2135 4185 2189 4233 et
2225 4191 2361 4247 pura
2407 4173 2746 4228 conscientia
2776 4172 2845 4226 ad
2883 4171 3036 4226 verbi
3066 4168 3372 4224 doctrinam
3400 4184 3564 4225 acce-

1999 4273 2151 4335 dant,
2174 4284 2350 4339 neque
2381 4268 2636 4338 pietatem
2679 4278 2807 4335 erga
2837 4262 3004 4319 Deum
3057 4261 3330 4318 simulent.
3380 4260 3564 4326 Quare

1999 4379 2190 4419 omnes
2242 4375 2407 4429 supra
2455 4364 2786 4412 memoratos
2843 4354 3094 4425 populos,
3159 4352 3561 4421 universasque

1998 4463 2189 4527 gentes
2211 4452 2278 4507 de
2308 4450 2508 4522 quibus
2537 4448 2841 4512 dicebatur,
2870 4444 3172 4515 Conﬁtebor
3199 4443 3292 4498 tibi
3321 4444 3374 4497 in
3405 4458 3563 4514 popu-

2001 4550 2088 4612 lis,
2121 4546 2365 4608 Domine,
2398 4541 2625 4613 psallam
2652 4539 2745 4593 tibi
2776 4540 2830 4593 in
2854 4538 3091 4610 gentibus
3109 4537 3175 4601 ⁸⁷,
3227 4536 3561 4606 compellans

2000 4654 2180 4696 sermo
2206 4651 2468 4709 prmseus,
2500 4633 2811 4688 obtestatur
2858 4631 3085 4684 dicens:
3139 4626 3200 4682 Si
3238 4641 3350 4679 vere
3380 4625 3561 4693 utique

1992 4731 2262 4803 justitiam
2309 4727 2601 4798 loquimini,
2636 4733 2779 4779 recta
2814 4720 3080 4792 judicate,
3131 4717 3232 4788 filii
3265 4716 3555 4769 hominum.
3640 4732 3645 4737 '

1998 4825 2132 4880 Nam
2168 4824 2212 4879 si
2251 4837 2374 4877 vere
2398 4820 2667 4891 justitiam
2694 4817 2818 4887 quis
2838 4816 3175 4885 proﬁteatur,
3203 4824 3310 4863 non
3340 4806 3564 4864 aliunde

327 4900 533 4998 λέγων·
559 4914 627 4981 El
647 4900 884 4994 ἀληθῶς
903 4925 1017 4994 ἄρα
1036 4900 1429 4992 δικαιοσύνην
1446 4900 1705 4986 λαλεῖτε,
1723 4900 1899 4979 εὐθέα

2003 4914 2464 4987 comprobabitur.
2518 4926 2678 4983 quam
2730 4924 2797 4963 ex
2834 4922 2900 4962 eo
2932 4902 3075 4977 quod
3127 4909 3272 4956 recta
3329 4900 3560 4972 judicet.

328 4993 578 5089 κρίνετε,
618 4993 891 5074 υἱοὶτῶν
927 4993 1268 5086 ἀνθρώπων.
1309 5017 1370 5070 El
1416 5015 1524 5087 γὰρ
1566 5015 1782 5088 ἀληθῶς
1811 5033 1895 5081 τις

2003 5009 2168 5066 [tecta
2194 5023 2325 5063 vero
2346 5006 2578 5077 judicat,
2604 5002 2698 5074 qui
2730 4998 2871 5070 apud
2900 5014 2958 5055 se
2981 4995 3257 5089 judicavit
3273 5007 3340 5089 ac
3371 4993 3561 5047 decre-

326 5112 670 5185 δικαιοσύνην
701 5108 1105 5178 ἐπαγγέλλοιτο,
1151 5109 1259 5163 οὐδ’
1284 5108 1504 5163 ἄλλοθεν
1534 5108 1892 5180 δειχθήσεται,

327 5207 363 5279 ἢ
399 5206 508 5260 ἀπὸ
562 5204 654 5259 τοῦ
698 5203 905 5273 κρίνειν
939 5200 1119 5256 εὐθέα.
1154 5200 1342 5272 Κρίνει
1374 5199 1431 5252 δὲ
1452 5198 1612 5252 εὐθέα
1640 5202 1669 5252 ὁ
1702 5200 1894 5271 κρίνας

328 5300 458 5370 παρ’
493 5295 670 5367 ἐαυτῷ
693 5295 790 5366 τὴν
819 5293 959 5348 κατὰ
984 5293 1076 5347 τὸν
1107 5292 1262 5364 ὀρθὸν
1295 5291 1470 5360 λόγον,
1503 5291 1597 5344 καὶ
1618 5289 1752 5361 μηδὲ
1778 5307 1895 5343 σκο-

325 5388 440 5446 λιὺν
495 5387 632 5460 μηδὲ
681 5384 1000 5456 διάστροφον
1041 5382 1317 5454 πράττειν.
1350 5378 1464 5434 Εἶθ’
1516 5380 1592 5444 ὡς
1623 5378 1730 5433 τῶν
1761 5378 1892 5433 υἱῶν

325 5481 434 5534 τῶν
477 5477 778 5552 ἀνθρώπων
804 5474 940 5548 ὀρθὰ
966 5475 1062 5547 μὲν
1081 5472 1380 5527 λαλούντων
1409 5476 1520 5537 τοῖς
1552 5471 1774 5543 χείλεσι,
1803 5471 1895 5524 καὶ

325 5574 406 5646 τῷ
438 5573 664 5644 στόματι
690 5569 1029 5640 δικαιοσύνην
1061 5566 1561 5638 ἐπαγγελλομένων,
1596 5564 1891 5637 ἐλεγχομέ-

323 5690 434 5728 νων
484 5670 541 5725 δὲ
592 5667 701 5724 ἀπὸ
729 5667 835 5722 τῶν
857 5665 1053 5738 ἔργων,
1083 5664 1165 5717 ὅτι
1198 5659 1458 5715 τάναντία
1482 5656 1624 5712 κατὰ
1655 5656 1892 5711 διάνοιαν

387 5825 436 5859 ⁸⁵
474 5824 616 5882 Psal.
651 5840 769 5893 LVI,
799 5823 854 5879 5.
929 5821 975 5856 “
1012 5819 1144 5876 ibid.
1220 5816 1262 5848 ⁸⁷
1304 5812 1437 5872 ibid.
1477 5813 1562 5869 l0.

1998 5105 2096 5168 rit,
2125 5100 2396 5171 justitiam
2442 5113 2508 5152 ex
2538 5103 2687 5150 recta
2720 5093 2953 5155 ratione,
2996 5103 3098 5143 nec
3128 5085 3406 5158 quidpiam
3436 5091 3548 5137 tor-

2000 5204 2221 5251 tuosum
2254 5200 2349 5248 aut
2392 5203 2710 5261 perversum
2765 5184 2948 5241 edere.
3006 5177 3212 5235 Deinde
3241 5192 3391 5240 vero,
3432 5188 3559 5230 cum

1999 5287 2094 5341 ﬁlii
2125 5284 2406 5340 hominum
2439 5280 2602 5335 labiis
2641 5276 2862 5348 quidem
2902 5280 3049 5329 recta
3086 5271 3468 5340 loquerentur,
3504 5272 3560 5320 et

1996 5394 2092 5436 ore
2118 5377 2384 5447 justitiam
2417 5373 2820 5444 proﬁterentur,
2856 5366 2950 5422 sed
2984 5364 3120 5435 ipsis
3161 5361 3420 5433 Operibus
3464 5358 3560 5413 de-

1999 5468 2467 5543 prehenderentur
2505 5464 2734 5519 adversa
2771 5459 3032 5530 cogitare,
3079 5454 3362 5524 subiungit
3402 5471 3417 5507 :
3455 5448 3555 5543 Iit-

1998 5540 2135 5617 enim
2163 5562 2216 5612 in
2255 5556 2411 5611 corde
2448 5553 2752 5623 iniquitates
2777 5547 3068 5618 operamini
3097 5546 3153 5599 in
3183 5553 3357 5598 terra:
3402 5540 3562 5607 cujus

1997 5653 2109 5720 rei,
2137 5649 2349 5724 inquit,
2378 5647 2755 5717 argumentum
2786 5648 2913 5697 sunt
2944 5652 3110 5709 Opera
3158 5641 3364 5701 vestra,
3405 5627 3562 5703 Injtt-
