4098 6362
466 390 572 449 519

1126 364 1397 426 EUSEBII
1434 350 1919 420 CESARIENSIS
1953 348 2104 409 OPP.
2138 344 2325 403 PARS
2359 342 2453 400 111.
2494 372 2563 386 —-
2599 336 3010 396 EXEGETICA.

3616 314 3723 390 δεῖ)

464 508 677 566 uitium
710 513 900 555 manus
933 501 1118 550 uestri:
1162 485 1500 556 complicant.
1548 477 1721 535 Recta
1772 487 1906 545 ergo
1944 471 2072 543 ju-,

2171 465 2460 536 ογίζονται,
2490 458 2757 529 ἐπιλέγεν
2788 457 2898 513 Καὶ
2942 454 3055 527 γὰρ
3096 453 3166 509 ἐν
3205 449 3420 522 καρδίᾳ
3470 449 3727 518 ἀνομίας

464 541 677 566 um..."
713 541 900 555 .........-
936 541 1109 550 ---μη
1280 541 1292 556 ,
1843 541 1863 545 ν
1950 541 1956 543 ἡ

456 600 683 660 dicate,
718 590 817 646 tilii
846 585 1157 643 hominum,
1203 585 1258 633 et
1298 573 1583 629 vobiscum
1614 571 1884 638 reputate,
1912 575 2046 616 num

2171 555 2450 628 ργὰζεσθε
2487 553 2558 607 ἐν
2592 550 2668 621 τῇ
2718 549 2825 623 τῇ’
2853 548 3045 603 τούτου
3072 546 3151 611 δὲ,
3184 546 3370 616 φησιν,
3412 541 3635 611 ἔλεγχος
3668 542 3727 594 αἱ

468 702 756 750 sermones
802 680 972 737 vestri
1015 692 1102 731 cui

469 787 517 842 si
549 779 820 853 justitiam
858 767 1165 841 loquimini,
1201 780 1302 819 cur
1342 774 1537 816 manus
1576 760 1777 810 vestra:
1820 745 2044 817 injusti-

470 835 603 931 tiain
634 835 1002 937 coutplicaut?
1053 860 1129 913 Ex
1175 871 1284 927 quo
1312 868 1443 908 sane
1466 849 1645 920 palam
1691 852 1774 898 est
1806 855 1905 895 vos
1940 835 2047 892 ini-

466 969 709 1041 quitates
755 933 808 1014 in
859 955 1026 1011 corde
1076 950 1337 1020 cngitare.
1368 950 1418 996 et
1460 940 1564 997 alia
1594 933 1814 1008 quidem
1861 936 2045 983 mente

471 1022 680 1124 licitere,
725 1056 830 1110 alia
870 1066 965 1107 ore
995 1042 1266 1119 proloqui.
1327 1037 1388 1091 Si
1438 1047 1567 1101 ergo
1618 1043 1732 1083 vere
1765 1022 2044 1094 justitiam

468 1152 769 1227 loquimini.
802 1149 937 1202 licus
964 1141 1091 1196 vos!
1138 1144 1279 1191 recta
1303 1129 1564 1201 judicate,
1617 1129 1672 1176 et
1716 1132 1836 1187 quae
1870 1110 2048 1182 loqui-

474 1250 607 1306 mini
637 1247 900 1318 peragite.
945 1249 1121 1304 neque
1168 1232 1224 1283 in
1278 1226 1444 1281 corde
1489 1217 1805 1288 iniquitates
1860 1219 2051 1277 opere-

1344 1316 1352 1318 Α
1402 1314 1413 1318 _
1517 1309 1570 1318 _,
1744 1296 2021 1318 “diu”.

474 1296 669 1404 mini,r
702 1296 801 1391 ne;
865 1342 1059 1385 manus
1091 1329 1285 1377 vestra:
1341 1309 1664 1384 injustitiam
1697 1296 2046 1368 compliccnt.

474 1435 548 1489 τὰ
598 1430 795 1487 εὐθέα,
858 1418 902 1478 ὧ
954 1415 1121 1481 οὗτοι,
1156 1413 1253 1467 καὶ
1291 1409 1397 1464 ἀπε

474 1530 532 1582 αἱ
572 1529 753 1598 χεῖρες
784 1517 939 1591 ὑμῶν
972 1510 1200 1580 ἀνομίαν
1239 1498 1721 1574 συμπλεκέτωσαν.

546 1583 771 1674 Vnerisd
890 1606 1123 1664 Alienati
1156 1610 1276 1656 sunt
1306 1603 1601 1666 peccatores
1637 1605 1668 1641 a
1704 1583 1878 1643 vulva,
1905 1591 2057 1633 erra-

473 1671 754 1771 ueruntab
778 1718 950 1770 utero,
975 1699 1139 1755 locuti
1174 1702 1298 1750 sunt
1329 1691 1493 1760 falsa.
1540 1683 1665 1739 Haec
1687 1689 1905 1750 quoque
1931 1671 2056 1725 [iliis

472 1807 758 1864 hominum
783 1762 1040 1868 applicat,
1070 1789 1163 1860 qui
1207 1802 1267 1842 se
1319 1784 1485 1837 Deum
1511 1776 1713 1838 colere,
1748 1776 1801 1825 et
1826 1762 2057 1837 justitize

473 1901 624 1969 leges
644 1895 796 1949 adire
819 1862 1170 1961 proﬁtentur,
1202 1891 1382 1948 neque
1400 1882 1581 1927 tamen
1606 1872 1757 1922 recte
1778 1862 1836 1932 ju

473 1948 583 2048 Eds
614 1989 778 2061 igitur
825 1948 917 2040 lsic
957 1976 1250 2049 compellat
1283 1991 1296 2026 :
1332 1968 1479 2023 Heus
1524 1962 1657 2018 vos!
1719 1954 1925 2013 audite,
1959 1948 2054 2050 qui

475 2039 581 2048 -ντ
615 2039 765 2061 τομή-
846 2039 853 2040 κ
1085 2039 1102 2049 .

472 2084 744 2155 justitiam
767 2094 863 2134 ore
892 2085 1054 2132 tenus
1104 2062 1416 2138 loquimini,
1444 2055 1699 2112 manibus
1732 2060 1864 2103 vero
1913 2039 2058 2110 inju-

475 2148 684 2235 stit.iam
707 2166 1036 2243 operamini,
1099 2161 1381 2227 multaque
1431 2148 1598 2207 simul
1645 2151 1868 2216 peccata
1905 2150 2058 2192 com-

476 2271 697 2346 plicatis
717 2227 953 2335 ;inagno
972 2227 1142 2333 judici
1167 2257 1298 2309 latet
1326 2248 1463 2304 nihil
1488 2256 1677 2301 eorum
1712 2250 1832 2308 qua:
1855 2227 2058 2346 singuli

477 2318 536 2419 in
553 2367 737 2416 mente
765 2358 1007 2410 versant.
1041 2344 1268 2402 Etiamsi
1320 2339 1466 2395 enim
1513 2333 1638 2405 quis
1681 2326 1857 2383 oculis
1889 2318 2061 2376 homi-

479 2466 613 2507 num
671 2449 840 2503 latere
893 2442 1180 2504 videatur;
1230 2442 1285 2489 at
1340 2431 1481 2487 sciat
1535 2421 1759 2480 immani
1788 2432 1848 2473 se
1873 2425 2061 2469 errore

482 2541 611 2599 duci
629 2552 857 2609 seseque
907 2533 1178 2602 decipere.
1210 2525 1398 2595 Neque
1418 2520 1565 2577 enim
1596 2526 1793 2584 magno
1846 2506 2063 2563 univer-

477 2649 667 2691 sorum
691 2604 866 2703 judici
901 2631 1152 2685 occuitus
1174 2622 1300 2681 erit,
1332 2616 1401 2673 ad
1419 2615 1580 2685 cujus
1601 2604 1840 2664 tribunal
1868 2612 2062 2657 omnes

478 2728 764 2785 sistemur.
790 2718 1076 2790 Quomodo
1104 2723 1285 2770 autem
1315 2709 1425 2764 Deo
1453 2707 1627 2761 latere
1663 2696 1900 2772 possint,
1933 2704 2061 2747 cum

480 2822 802 2894 priusquam
828 2816 882 2868 in
929 2812 1106 2867 lucem
1136 2804 1439 2878 prodirent,
1466 2798 1540 2860 ei.
1575 2793 1668 2867 qui
1698 2788 1884 2848 omnia
1909 2784 2065 2843 novit

481 2890 775 2984 antequam
820 2910 978 2967 ﬁant,
1039 2902 1243 2975 cogniti
1286 2893 1514 2955 essent?
1568 2890 1751 2957 Quare
1768 2890 2063 2952 antequam

483 2972 696 3068 ﬁerent,
722 3017 841 3065 eos,
874 2998 1030 3070 quasi
1051 2972 1163 3065 jam
1195 2990 1541 3048 exsisterent,
1565 2982 1699 3037 tales
1725 2976 1842 3033 fore
1873 2972 2066 3045 quales

479 3101 592 3171 jam
607 3066 738 3153 sunt
764 3066 1165 3164 prospiciebat:
1196 3082 1394 3138 exinde
1430 3075 1686 3145 verojam
1715 3066 1860 3141 apud
1884 3067 2066 3138 ipsum

485 3167 760 3260 reprobati
811 3188 990 3239 erant.
1035 3176 1267 3232 Alienati
1322 3178 1444 3226 sunt
1489 3167 1656 3239 igitur
1698 3167 1994 3231 peccatores
2032 3170 2066 3207 α
2093 3191 2136 3251 c

484 3249 658 3335 uiua.
691 3276 770 3329 Ac
784 3268 1002 3329 etiamsi
1035 3264 1196 3321 hodie
1223 3260 1492 3333 justitiam
1545 3253 1801 3310 simulate
1832 3249 2067 3318 loquan-

489 3381 599 3435 tur,
633 3366 890 3440 operibus
933 3358 1211 3417 contraria
1257 3350 1671 3425 aggredientes;
1704 3351 1761 3397 at
1807 3355 1917 3397 non
1952 3338 2067 3408 jam

487 3434 733 3539 priznu-m
760 3459 903 3531 apud
928 3455 1097 3510 Deum
1126 3451 1268 3506 tales
1301 3461 1425 3503 esse
1447 3443 1738 3499 videntur:
1763 3435 1859 3492 sed
1887 3434 2068 3504 prius-

487 3524 653 3627 quam
713 3524 988 3611 ex-utero
1046 3546 1365 3619 prodirent;
1396 3540 1533 3611 quin
1567 3544 1623 3591 et
1665 3539 1957 3599 antequam
2010 3524 2069 3580 in

486 3651 665 3705 vulvae
692 3643 1039 3717 receptaculo
1060 3639 1486 3709 conciperentur
1501 3673 1516 3695 ,
1542 3646 1607 3686 ex
1630 3639 1859 3683 numero
1878 3637 2072 3679 erran-

493 3744 629 3797 tium
655 3742 809 3795 abeo
858 3736 1275 3806 reputabantur,
1308 3737 1362 3783 et
1389 3725 1538 3798 quod
1578 3723 1714 3778 tales
1765 3717 1935 3775 futuri
1983 3732 2072 3773 es-

495 3839 618 3887 sent
669 3846 779 3886 non
820 3828 1105 3900 ignorabat
1159 3824 1294 3893 ipse.
1338 3817 1445 3874 Sed
1480 3815 1550 3872 ab
1590 3829 1656 3869 eo
1686 3812 1799 3900 jam
1829 3818 2075 3879 tempore

493 3930 722 3981 noverat
742 3937 837 3977 eos
861 3921 998 3975 falsa
1018 3919 1321 3977 locuturos,
1359 3920 1416 3967 et
1455 3888 1861 3975 furorem'ipsis
1888 3916 2076 3956 secun-

492 4018 619 4072 dum
642 4012 1040 4071 similitudinem
1056 4008 1308 4079 serpentis
1333 4006 1469 4061 fore.
1498 3999 1682 4070 Θυμδν
1695 4007 1874 4053 autem
1900 3992 2077 4051 (Ξτωεί

494 4111 675 4166 solent
702 4109 864 4165 etiam
891 4106 1132 4161 animam
1164 4098 1459 4171 appellare.
1489 4092 1759 4160 Quoniam
1785 4089 1952 4160 igitur
1974 4100 2076 4140 an-

493 4206 682 4277 tiquus
699 4215 926 4272 serpens
975 4198 1071 4269 qui
1100 4195 1271 4250 Evam
1303 4190 1550 4261 decepit,
1574 4185 1733 4243 suavi
1763 4181 1988 4254 quidem
2020 4187 2077 4235 et

496 4298 674 4353 amica
704 4296 956 4350 oratione
1005 4289 1261 4347 simulate
1286 4285 1564 4345 utebatur,
1598 4278 1693 4335 Dei
1742 4277 2077 4331 mentionem

497 4388 756 4449 faciebat,
821 4392 1045 4440 etcum
1110 4378 1348 4449 quadam
1407 4370 1627 4443 pietatis
1659 4367 1840 4438 specie
1864 4364 2080 4420 mulieri

500 4481 755 4536 dicebat:
790 4477 968 4543 Quare
992 4473 1129 4527 dixit
1166 4469 1347 4523 Deus:
1385 4464 1465 4520 Ne
1494 4460 1783 4518 comedatis
1824 4472 1890 4512 ea:
1937 4456 2081 4511 omni

501 4576 664 4644 ligno,
686 4570 822 4642 quod
856 4569 1012 4623 estin
1045 4563 1299 4635 paradiso
1328 4560 1409 4613 δεῖ
1445 4573 1510 4613 ac
1568 4569 1789 4610 rursum
1818 4571 1832 4607 :
1867 4549 2075 4606 Sciebat
2108 4543 2158 4600 D

450 4732 457 4735 λ
497 4669 640 4724 enim
657 4665 819 4730 Deus,
841 4660 979 4734 quod
994 4672 1298 4731 quacunque
1318 4654 1403 4708 die
1418 4649 1748 4706 comederitis
1773 4662 1837 4700 ea:
1858 4661 1939 4710 eo,
1959 4659 2082 4712 ape-

504 4764 709 4817 rientur
726 4759 864 4813 oculi
893 4754 1069 4817 vestri,
1097 4761 1146 4807 et
1167 4752 1311 4806 eritis
1329 4749 1466 4803 sicut
1501 4744 1602 4810 dii,
1629 4744 1847 4798 scientes
1891 4740 2085 4793 bonum

505 4861 558 4909 et
588 4852 865 4907 malum".
907 4852 973 4903 Et
1025 4848 1225 4904 talibus
1257 4845 1477 4917 quidem
1509 4840 1672 4897 dictis
1699 4839 1986 4901 simulans,
2031 4843 2086 4892 et

504 4945 677 5002 Deum
701 4961 758 5001 se
774 4958 938 4999 nosse
988 4939 1305 5014 praeferens,
1347 4937 1630 4993 mulierem
1667 4935 2085 5006 alloquebatur;

504 5041 563 5096 in
583 5037 750 5094 corde
770 5043 949 5091 autem
981 5034 1300 5105 iniquitates
1342 5029 1696 5102 operabatur,
1739 5043 1803 5083 ac
1825 5028 2086 5097 operibus

505 5130 835 5202 iniustitiam
866 5128 1248 5199 complicabat.
1283 5124 1477 5180 Merito
1498 5123 1552 5177 hi
1585 5138 1801 5193 quoque
1830 5122 2090 5176 dicuntur

507 5226 751 5280 furorem
774 5231 829 5277 et
859 5221 1099 5277 animam
1130 5219 1332 5275 habere
1388 5224 1695 5272 memorato
1741 5213 1981 5285 serpenti
2015 5215 2091 5270 si-

507 5316 713 5371 milem.
737 5312 892 5381 Quod
923 5313 1101 5381 ipsum
1133 5312 1275 5368 Deus
1304 5311 1645 5382 praescientia
1678 5324 1774 5366 sua
1810 5321 2089 5380 praeoccu-

510 5408 679 5476 pavit.
698 5405 833 5461 Nam
856 5405 937 5471 hi,
960 5405 1162 5461 auditis
1187 5405 1388 5460 divinis
1418 5402 1787 5465 sermonibus,
1810 5399 2092 5470 sacrisque

512 5499 698 5555 verbis
750 5498 976 5564 eruditi,
1017 5497 1154 5553 nihil
1213 5496 1281 5551 ad
1338 5495 1630 5550 utilitatem
1686 5497 1922 5565 parient,
1963 5494 2093 5563 quia

518 5606 680 5648 aures
725 5591 1060 5656 occludunt,
1087 5605 1265 5661 neque
1305 5587 1619 5645 divinarum
1658 5589 2092 5647 incantationum

1106 691 1138 729 n
1186 669 1445 742 operibus
1492 664 1819 717 consonent.
1895 651 2038 709 Nam

2171 649 2404 721 μέτεραι
2458 643 2712 719 πράξεις·
2761 640 3027 696 Ἀδικίαν
3058 641 3118 692 αι
3148 635 3343 706 χεῖρες
3367 632 3535 703 ὑμῶν
3571 647 3731 700 συμ-

2148 741 2462 792 πλέκουσι.
2509 733 2744 804 Κρίνατε
2787 726 2879 784 οῦν
2902 727 3083 790 εὐθέα,
3115 725 3221 779 υίοὶ
3251 724 3359 777 τῶν
3402 718 3729 793 ἀνθρώπων,

2154 831 2250 886 καὶ
2293 826 2580 898 λογίσασθε
2616 824 2741 894 παρ’
2766 824 2996 884 ἑαυτοῖς,
3037 821 3085 872 εί
3108 819 3220 881 τοῖς
3246 814 3532 885 ὑμετέροις
3551 811 3750 879 λόγοις³

2155 921 2439 993 συμφωνεῖ
2481 918 2548 970 τὰ
2592 915 2746 986 ἔργα.
2778 913 2839 966 Εἰ
2868 911 2977 982 γὰρ
3003 905 3343 974 δικαιοσύνην
3365 903 3592 963 λαλεῖτε,
3612 899 3731 964 πῶς

2153 1014 2209 1069 αἱ
2231 987 2416 1084 ’χεῖρες
2466 1006 2617 1078 ὑμῶν
2654 1003 2865 1059 ἀδικίαν
2907 1000 3341 1071 συμπλέκουσινς
3371 996 3486 1064 Ἀφ’
3517 987 3578 1048 οῦ
3616 991 3730 1045 δεί·

2155 1082 2353 1158 meo:
2378 1100 2606 1171 ἀνομίας
2639 1099 2695 1150 ἐν
2724 1097 2788 1165 τῇ
2822 1092 3020 1166 καρδίᾳ
3047 1089 3401 1158 λογιζόμενοι,
3438 1084 3533 1137 καὶ
3563 1082 3733 1153 ἕτερα.

2168 1195 2267 1254 μὲν
2297 1170 2683 1260 διανοούμενοι,
2714 1188 2879 1257 ἕτερα
2921 1182 2978 1236 δὲ
3023 1180 3100 1250 τῷ
3152 1178 3377 1248 στόματι
3423 1170 3731 1233 λαλοῦντες.

2158 1289 2227 1341 Et
2260 1285 2336 1353 δὴ
2369 1279 2462 1338 οὖν
2488 1279 2725 1349 ἀληθῶς
2752 1274 3144 1338 δικαιοσύνην
3183 1268 3455 1330 λαλεῖτε,
3493 1266 3736 1333 κρίνατε

1404 1352 1917 1477 ξῖξᾷξέξεξὲαὲτα
1960 1383 2054 1439 καὶ
2093 1383 2384 1453 πράττετε,
2431 1374 2565 1448 μηδὲ
2602 1375 2660 1426 ἐν
2709 1368 2906 1441 καρδίᾳ.
2937 1364 3163 1437 ἀνομίας
3216 1356 3535 1433 ἐργάζεσθε,
3600 1352 3733 1425 μηδὲ

2169 1543 2179 1550 ⁸
2243 1556 2841 1627 Ἀπη.2.λοτριώ9ησαν
2876 1553 2930 1605 οἱ
2962 1544 3293 1619 ἁμαρτωλοὶ
3321 1543 3440 1598 ἀπὸ
3462 1540 3731 1611 μήτρας,

2152 1648 2591 1716 ἐπλανήθησαν
2640 1644 2758 1699 ἀπὸ
2804 1641 3098 1713 γαστρὸς,
3150 1636 3463 1698 ἐλάλησαν
3508 1630 3731 1702 ψευδῆ.

2154 1747 2265 1801 Καὶ
2303 1743 2476 1797 ταῦτα
2522 1740 2659 1813 πρὸς
2694 1737 2820 1799 τοὺς
2848 1735 2998 1797 υἱοὺς
3043 1730 3153 1783 τῶν
3184 1726 3484 1800 ἀνθρώπων
3516 1722 3737 1778 ἀποτεί-

2088 1842 2129 1903 B
2161 1853 2312 1892 νεται
2336 1837 2463 1898 τοὺς
2496 1825 2995 1899 ἐπαγγελλομένους
3023 1819 3326 1882 θεοσεϐεῖν,
3369 1818 3463 1872 καὶ
3487 1816 3612 1879 τοὺς
3636 1813 3738 1883 τῆς

2154 1926 2502 1997 δικαιοσύνης
2550 1916 2909 1995 μετέρχεσθαι
2951 1914 3150 1985 νόμους
3175 1951 3191 1975 ,
3227 1910 3302 1982 μὴ
3349 1909 3635 1980 κρίνοντας
3678 1902 3739 1956 δδ

2154 2020 2348 2095 ὀρθῶς.
2379 2017 2547 2089 Φησὶν
2573 2010 2665 2068 οὖν
2696 2011 2832 2083 πρὸς
2860 2004 3090 2069 αὐτούς*
3130 2001 3424 2057 Ἀκούσατε
3445 2042 3459 2064 ,
3483 1993 3528 2053 ὧ
3555 1992 3702 2052 οῦτοι
3720 2034 3738 2062 ,

2155 2086 2206 2168 oi
2247 2086 2537 2171 λαλοῦντες
2576 2105 2675 2177 μὲν
2703 2098 3048 2169 δικαιοσύνην
3076 2094 3154 2166 τῷ
3198 2093 3465 2163 στόματι,
3511 2086 3740 2162 ἐργαζό-

2164 2220 2315 2277 μενοι
2356 2202 2411 2256 δὲ
2437 2202 2557 2262 ταῖς
2597 2196 2783 2269 χερσὶν
2826 2189 3069 2253 ἀδικίαν,
3125 2187 3219 2242 καὶ
3262 2184 3460 2248 πολλὰς
3498 2180 3640 2234 κατὰ
3675 2178 3741 2233 τὸ

2158 2270 2290 2352 αὐτὸ
2325 2292 2726 2365 συμπλέκοντες
2755 2283 3030 2356 ἁμαρτίας
3051 2296 3064 2310 ·
3091 2279 3181 2333 τὸν
3217 2277 3391 2349 μέγαν
3420 2273 3613 2344 κριτὴν
3645 2270 3740 2324 οὑ-

2158 2390 2246 2444 δέν
2274 2363 2525 2440 λανθάνει
2546 2380 2652 2436 τῶν
2672 2378 2815 2433 κατά
2846 2377 3080 2430 διάνοιαν
3104 2369 3318 2438 ἑκάστῳ
3345 2363 3735 2434 λογιζομένων.

2161 2480 2280 2536 Κᾶν
2308 2478 2416 2551 γάρ
2444 2477 2575 2547 δοκῇ
2615 2490 2700 2536 τις
2745 2467 3047 2542 ἀνθρώπων
3086 2461 3399 2533 ὀφθαλμοὺς
3438 2456 3739 2529 κρύπτειν,

2162 2574 2277 2630 ἀλλ’
2320 2546 2464 2625 ⁷ίστω
2483 2609 2498 2634 ,
2552 2546 2634 2623 δτι
2678 2564 2858 2636 δεινὴν
2903 2561 3110 2631 πλάνην
3156 2554 3495 2624 πεπλάνηται
3548 2546 3745 2603 ἐαυτὸν

2163 2664 2406 2721 ἀπατῶν.
2448 2661 2522 2715 Ού
2554 2660 2662 2731 γὰρ
2708 2656 2799 2709 τὸν
2833 2654 3003 2727 μέγαν
3041 2649 3151 2703 τῶν
3180 2646 3316 2702 ὅλων
3348 2641 3541 2718 κριτὴν
3578 2639 3745 2712 λήσε-

2162 2777 2286 2822 ται,
2334 2750 2395 2811 οῦ
2438 2729 2641 2815 πάντες
2685 2748 2791 2820 πρὸ
2826 2746 2921 2799 τοῦ
2966 2744 3206 2815 βήματος
3251 2729 3741 2809 παραστησόμεθα.

2164 2851 2290 2915 Πῶς
2311 2850 2354 2903 δ’
2380 2847 2444 2903 ἂν
2473 2846 2567 2901 καὶ
2603 2841 2815 2898 λάθοιεν
2837 2838 2927 2891 τὸν
2957 2837 3089 2890 Θεὸν
3115 2829 3278 2895 οῦτοι,
3312 2829 3473 2884 ὁπότε
3497 2827 3590 2881 καὶ
3615 2824 3745 2897 πρὶν

2166 2945 2244 3007 είς
2270 2942 2385 3011 φῶς
2409 2936 2690 3011 προελθεῖν
2711 2932 2927 2993 αὐτοὺς,
2954 2926 3136 2981 πάντα
3162 2924 3324 2978 εἰδότι
3355 2920 3459 2993 πρὸ
3479 2917 3748 2989 γενέσεως

2166 3007 2347 3090 αὐτῶν
2387 3007 2784 3101 ἐγνωρίζοντος
2823 3021 2915 3075 Διὺ
2964 3020 3093 3091 πρὶν
3136 3013 3466 3086 γεννηθῆναι
3514 3007 3748 3071 αὐτοὺς,

2167 3127 2243 3191 ὡς
2269 3125 2370 3197 ήδη
2397 3119 2715 3193 ὑφεστῶτας
2734 3157 2749 3181 ,
2780 3114 2874 3169 καὶ
2898 3109 3171 3172 τοιούτους
3208 3107 3365 3169 δντας
3397 3096 3498 3157 οἷοι
3522 3100 3617 3154 νῦν
3643 3099 3749 3152 είσι

2170 3188 2459 3290 προέώραἱ
2498 3212 2599 3285 ἠδη
2640 3226 2701 3262 τε
2749 3205 2808 3272 ἐξ
2850 3205 3060 3259 ἐκείνου
3104 3199 3398 3268 ἀπόϐλητοι
3439 3188 3578 3265 ἦσαν
3617 3190 3749 3261 παρ’

2167 3277 2337 3379 αύτῷ.
2358 3277 2970 3373 ’Ἀπηᾷλοτριὼθησαν
2994 3292 3125 3363 γοῦν
3157 3293 3210 3345 ot
3249 3282 3583 3358 ἁμαρτωλοί
3629 3277 3748 3335 ἀπὸ

2164 3373 2418 3474 μήτρας.
2441 3398 2554 3453 Καὶ
2580 3397 2628 3449 εἰ
2650 3393 2745 3449 καὶ
2774 3390 2843 3444 τὰ
2875 3388 3110 3460 μάλιστα
3140 3384 3378 3461 σῄμερον
3405 3373 3751 3445 δικαιοσύνην

2169 3470 2352 3550 λαλεῖν
2378 3486 2823 3564 προσποιοῦνται,
2850 3484 2961 3545 τοῖς
2988 3479 3172 3552 ἔργοις
3199 3474 3268 3527 τὰ
3306 3470 3528 3524 ἐναντία
3560 3481 3755 3538 μετερ-

2170 3589 2415 3661 χόμενοι,
2450 3582 2564 3637 ἀλλ’
2592 3581 2654 3634 οὐ
2691 3577 2786 3632 καὶ
2820 3574 2970 3646 παρὰ
2996 3568 3115 3641 Θεῷ
3146 3566 3241 3622 νῦν
3274 3564 3553 3635 ἐφάνησαν
3576 3557 3754 3613 τοιοῦ-

2173 3651 2254 3735 τοί
2280 3696 2292 3711 ·
2322 3679 2451 3750 πρὶν
2477 3675 2534 3729 δὲ
2574 3672 2683 3727 ἀπὸ
2714 3667 2953 3740 γαστρὸς
2982 3660 3261 3735 προελθεῖν
3297 3656 3515 3719 αὐτοὺς,
3556 3651 3756 3723 μᾶλλον

2172 3773 2231 3828 δὲ
2260 3742 2491 3842 καὶ-πρὸ
2530 3765 2625 3820 τοῦ
2666 3758 3035 3832 συλληφθῆναι
3069 3759 3126 3810 ὲν
3170 3751 3251 3824 τῷ
3287 3751 3387 3821 τῆς
3423 3747 3638 3819 μήτρας
3667 3742 3748 3795 δο-

2174 3864 2308 3937 χείῳ
2326 3902 2339 3925 ,
2369 3831 2444 3915 ἐν.
2459 3831 2894 3926 πεπλανημένοις
2925 3845 3281 3918 ἐλογίσθησαν
3312 3838 3438 3911 παρ’
3463 3833 3635 3905 αὐτῷ,
3660 3831 3758 3886 καὶ

2179 3923 2463 4028 μέλλοντες
2495 3923 2726 4005 ἔσεσθαι*
2746 3942 2974 3998 τοιοῦτοι
3001 3940 3101 3993 οὑκ
3133 3926 3589 4007 ἠγνοοῦντο.Ἥδη
3611 3925 3670 3978 δὲ
3695 3923 3756 3991 ἐξ

2176 4013 2386 4101 ἐκείνου
2435 4013 2510 4107 ῶς
2554 4041 2619 4095 ἂν
2668 4037 2952 4111 μέλλοντες
3000 4032 3068 4085 τὰ
3123 4027 3291 4099 ψευδῆ
3342 4021 3519 4078 λαλεῖν
3564 4013 3758 4085 ἐγινώ-

2181 4154 2371 4192 σκοντο
2389 4176 2403 4199 ,
2440 4106 2535 4190 καὶ
2558 4133 2639 4196 ὡς
2665 4106 2836 4201 θυμὸς
2867 4126 3052 4187 αὐτοῖς
3085 4123 3202 4175 ἐστι
3234 4115 3385 4172 κατὰ
3408 4109 3521 4180 τὴν
3548 4106 3759 4178 ὁμοίω-

2178 4246 2283 4286 σιν
2307 4229 2415 4284 τοῦ
2454 4227 2663 4298 ὄφεως.
2692 4199 2767 4276 Θυ
2776 4221 2875 4293 μὸν
2903 4218 2961 4272 δὲ
2986 4216 3081 4269 καὶ
3110 4212 3209 4283 τὴν
3243 4207 3419 4281 ψυχὴν
3450 4201 3543 4258 καὶ
3571 4199 3761 4263 παῖδες

2190 4322 2456 4392 Ἑλλήνων
2489 4294 2676 4372 καλεῖν
2721 4311 2998 4367 εἰώθασιν.
3050 4305 3203 4359 Ἐπεὶ
3241 4300 3422 4354 τοίνυν
3452 4295 3548 4350 καὶ
3593 4294 3622 4346 ό
3657 4309 3764 4344 πα-

2179 4382 2520 4481 λαιδξδφις,
2565 4408 2665 4479 τὴν
2698 4404 2842 4459 Εὕαν
2874 4402 3193 4471 ἀπατήσας,
3243 4389 3624 4462 προσεποιεῖτο
3663 4382 3766 4455 μὲν

2182 4503 2409 4575 γλυκείᾳ
2460 4502 2553 4555 καὶ
2605 4498 2795 4569 φιλικῇ
2844 4489 3144 4563 κεχρῆσθαι
3190 4482 3406 4556 ὁμιλία,
3445 4481 3667 4552 μνήμην
3703 4493 3765 4531 τε

2186 4569 2323 4647 Θεοῦ
2372 4569 2673 4650 ποιεῖσθαι.
2707 4586 2799 4640 καί
2844 4600 2965 4638 τινα
2988 4573 3392 4634 ἐπιδείκνυσθαι
3436 4569 3761 4633 εὐλάϐειαν,

2185 4685 2357 4755 λέγων
2406 4685 2473 4756 τῇ
2519 4680 2771 4751 γυναικί·
2824 4677 2884 4732 Τί
2916 4675 3006 4729 ὅτι
3042 4668 3211 4727 εἶπεν
3246 4671 3278 4722 ὁ
3326 4666 3503 4732 Θεός’
3549 4667 3633 4719 Οὐ
3676 4661 3766 4732 μὴ

2188 4753 2413 4847 φάγητε
2438 4753 2554 4828 ἀπὸ
2581 4769 2809 4836 παντὸς
2834 4767 3025 4833 ξύλου
3061 4763 3167 4817 τοῦ
3183 4760 3252 4814 ἐν
3273 4756 3353 4823 τῷ
3388 4753 3771 4824 παραδείσῳς

2188 4844 2288 4922 και
2314 4866 2505 4920 πάλιν⁸
2544 4862 2710 4936 ’ῌδει
2752 4860 2865 4931 γὰρ
2902 4863 2934 4914 ό
2961 4855 3105 4921 Θεὸς
3126 4894 3141 4918 ,
3172 4851 3262 4906 ὅτι
3293 4844 3333 4922 ᾖ
3369 4848 3422 4902 δ’
3457 4847 3536 4903 ἂν
3578 4845 3774 4915 ἡμέρᾳ

2188 4956 2413 5028 φάγητε
2462 4934 2594 5009 ἀπ(
2627 4950 2846 5016 αὑτοῦ,
2909 4940 3433 5011 διανοιχθήσονται
3488 4934 3660 5006 ὑμῶν
3718 4936 3776 4987 οι

2189 5047 2483 5117 ὀφθαλμοὶ
2503 5084 2521 5110 ,
2563 5044 2660 5099 καὶ
2686 5044 2907 5099 ἔσεσθε
2939 5037 3020 5103 ὡς
3042 5034 3195 5099 θεοί,
3226 5029 3624 5103 γινώσκοντες
3669 5041 3778 5080 καν-

2189 5140 2305 5195 ,κόν
2328 5138 2427 5194 καὶ
2454 5136 2747 5205 ,πονηρόν⁶
2779 5132 2873 5187 καὶ
2911 5127 3136 5183 τοιαῦτα
3171 5125 3268 5195 μὲν
3306 5119 3740 5192 ὑποκρινόμενος
3759 5156 3774 5180 ,

2191 5230 2285 5285 καὶ
2314 5229 2405 5283 τὸν
2433 5228 2567 5281 Θεὸν
2600 5224 2797 5280 εἰδέναι
2827 5215 3295 5294 προσποιούμενος
3312 5253 3327 5276 ς
3358 5210 3553 5281 ὡμίλει
3584 5211 3651 5279 τῇ
3677 5224 3781 5277 γυ·-

2192 5323 2372 5385 ναικὶ,
2420 5323 2478 5375 ἐν
2521 5317 2721 5390 καρδίᾳ
2764 5315 2824 5369 δὲ
2877 5309 3108 5385 ἀνομίας
3152 5304 3467 5379 εἰργάζετο,
3516 5303 3613 5357 καὶ
3662 5303 3782 5364 τοῖς

2193 5417 2373 5488 ἔργοις
2395 5412 2607 5469 ἀδικίαν
2633 5407 2965 5464 συνέπλεκεν
2985 5401 3240 5463 ἐἰκότως
3265 5398 3359 5452 καὶ
3387 5396 3497 5450 οἶδε
3525 5395 3782 5463 λέγονται

2195 5487 2366 5579 θυμὸν
2393 5505 2538 5577 ἔχειν
2568 5507 2662 5557 καὶ
2689 5500 2866 5571 ψυχὴν
2897 5495 3091 5569 ὁμοίαν
3119 5491 3198 5565 τῷ
3226 5489 3582 5564 προλεχθέντι
3614 5487 3739 5556 δφει
3759 5499 3779 5517 ι

2194 5599 2224 5652 δ
2253 5577 2318 5670 δὴ
2344 5586 2439 5651 καῖ
2469 5594 2602 5649 αὐτὸ
2626 5592 2955 5664 προείληφεν
2975 5589 3005 5641 ὁ
3035 5585 3169 5650 Θεὸς
3199 5585 3265 5655 τῇ
3302 5578 3629 5654 προγνώσει.
3655 5577 3783 5631 Τῶν

518 5682 751 5740 virtutes
785 5682 1084 5755 recipiunt,
1114 5681 1211 5740 sed
1231 5683 1441 5740 similes
1471 5688 1600 5739 sunt
1631 5681 1807 5756 aspidi
1834 5680 2014 5740 surdae
2043 5697 2072 5738 e

2197 5690 2308 5764 γὰρ
2329 5689 2490 5744 θείων
2525 5684 2900 5747 είσακούοντες
2939 5680 3114 5748 λόγων
3141 5676 3237 5737 καὶ
3263 5677 3375 5741 τοῖς
3408 5675 3577 5757 ἱεροῖς
3604 5670 3785 5756 μαθη-

506 5854 510 5856 ‘
595 5841 638 5873 “
677 5839 812 5898 Gen.
850 5857 949 5909 ur,
982 5843 1034 5898 i.
1109 5842 1155 5875 δ’
1192 5840 1329 5898 ibid.
1366 5842 1420 5899 5.
