4098 6368
530 291 641 352 523

1240 291 1511 381 susse"
1548 278 2032 352 cessemus
2073 279 2444 350 oremus
2482 284 2569 351 ut.
2618 325 2686 337 —
2731 294 3129 354 exsomnes

3694 300 3801 359 6'26

529 406 725 465 structi
769 406 862 461 lilii
894 408 1197 475 hominum,
1230 412 1374 481 quod
1401 412 1613 468 scilicet
1657 427 1686 465 a
1731 411 1841 467 Deo
1907 429 2099 483 praeco

2214 414 2398 478 θόντες
2433 415 2562 486 περὶ
2587 416 2693 469 τῶν
2737 406 3073 487 ἀμαρτωλῶν
3112 416 3161 471 οἱ
3192 418 3297 472 υἱοὶ
3326 418 3434 473 τῶν
3462 421 3798 495 ἀνθρώπων,

527 505 782 559 scautur.
805 505 860 553 et
887 498 1034 568 quod
1077 507 1367 570 antequam
1400 502 1467 554 ad
1502 502 1754 557 homines
1787 505 2107 567 transirent,

491 646 497 660 δ
529 595 719 642 notum
739 588 818 642 illi
847 599 995 644 esset
1052 591 1188 645 tales
1229 592 1378 660 ipsos
1408 590 1656 654 futuros,
1690 592 1875 647 audite
1920 594 2110 662 cujus-

527 676 675 732 modi
701 677 808 732 line
843 678 1005 733 iidem
1061 680 1369 750 excipiendi
1393 682 1522 735 sint.
1547 680 1817 747 Quoniam
1867 682 2011 737 enim
2051 683 2111 737 li-

525 759 657 815 bera
678 767 733 815 et
762 762 848 816 sui
874 763 1087 816 arbitrii
1120 772 1315 818 natura
1347 766 1583 834 praediti,
1617 766 1669 819 vi
1697 767 2107 823 internoscendi

526 849 658 905 boni
683 859 738 906 et
775 855 1036 907 contrarii
1063 856 1340 921 instructi,
1362 860 1770 927 atqueliberam
1803 861 1869 914 ad
1899 869 2111 915 utrum-

526 943 659 999 libet
690 945 1098 1001 inclinationem
1126 948 1295 1010 nacti,
1320 963 1426 1003 non
1445 957 1592 1005 recte
1613 950 1823 1018 judicio
1847 967 1948 1007 suo
1977 962 2107 1008 sunt

525 1036 636 1101 usi,
667 1050 844 1105 neque
862 1044 1066 1092 rectam
1094 1038 1260 1103 viam,
1291 1039 1393 1092 etsi
1417 1045 1601 1093 notam
1620 1040 1745 1107 sibi,
1773 1042 2102 1107 dilexerunt,

525 1143 704 1198 neque
754 1129 1015 1198 operibus
1060 1130 1332 1198 justitiam
1393 1131 1671 1196 adierunt,
1732 1149 1895 1204 quam
1924 1135 2106 1190 verbis

523 1219 793 1273 duntaxat
824 1228 879 1273 et
908 1220 1066 1275 labiis
1098 1228 1226 1276 sunt
1264 1220 1520 1290 professi,
1554 1226 1837 1294 veterique
1866 1227 2103 1297 serpenti

524 1311 753 1375 similes,
790 1312 981 1382 aspide
1016 1312 1184 1369 surda
1219 1313 1520 1369 deteriores
1547 1330 1771 1371 evasere
1795 1334 1810 1382 ;
1834 1317 1955 1372 ideo
1983 1333 2105 1387 quae

521 1403 659 1474 ipsis
710 1413 970 1459 eventura
1018 1406 1126 1460 sint
1158 1406 1362 1467 audite,
1410 1405 1738 1477 disciteque,
1776 1409 1845 1462 ab
1883 1410 2104 1465 univer-

523 1504 709 1546 sorum
728 1492 916 1561 judice
938 1492 1047 1549 Deo
1075 1495 1439 1551 conterendos
1456 1510 1580 1551 esse
1612 1496 1854 1566 ipsorum
1887 1498 2099 1562 dentes,

521 1582 615 1650 qui
654 1583 789 1635 nihil
827 1599 1052 1653 prorsus
1089 1600 1119 1638 a
1166 1585 1417 1647 leonibus
1466 1587 1802 1657 discrepant,
1856 1599 1909 1644 et
1957 1592 2105 1660 quod

520 1678 643 1738 post
665 1671 779 1726 haec
817 1673 1002 1726 omnia
1035 1674 1211 1728 instar
1258 1691 1414 1745 aqua:
1459 1675 1731 1733 cllluentis
1761 1679 2100 1737 dissolvendi

2223 508 2317 559 καὶ
2343 508 2418 570 ὡς
2438 546 2452 570 ,
2488 507 2929 579 προγνωσθέντες
2956 509 3060 562 ὑπὸ
3091 508 3185 562 τοῦ
3218 510 3385 574 Θεοῦ,
3424 513 3519 565 καὶ
3559 516 3686 585 πρὶν
3714 508 3799 584 εἷς

2219 598 2540 671 ἀνθρώπους
2592 599 2881 670 παρελθεῖν
2904 638 2921 661 ,
2962 600 3316 671 ὲγνωρίξοντο
3359 602 3509 672 αύτῷ
3546 604 3798 676 ἐσόμενοι

2217 690 2485 754 τοιοῦτοι,
2528 678 2753 745 ἀκούετε
2801 680 2981 745 όποῖον
3020 692 3174 756 τέλος
3218 693 3416 758 αὐτοὺς
3457 695 3792 766 διαλήψεται.

2231 778 2448 849 Ἐπειδὴ
2499 780 2640 849 γὰρ,
2696 768 2909 848 φύσεως
2954 778 3244 850 ἐλευθέρας
3302 780 3396 836 καὶ
3446 782 3795 848 αὐτεξουσίου

2216 872 2517 943 γενόμενοι,
2535 868 2857 943 διακριτικοί
2880 892 2938 927 τε
2963 875 3057 927 τοῦ
3089 872 3252 928 καλοῦ
3278 876 3371 928 καὶ
3402 875 3493 928 τοῦ
3527 876 3793 939 ἐναντίου,

2215 959 2315 1029 τήν
2342 976 2399 1011 τε
2432 960 2511 1022 εἰς
2538 958 2775 1031 ἑκάτερα
2802 960 2977 1031 ῥοπὴν
3002 960 3099 1032 τὴν
3118 964 3176 1014 ὲν
3195 964 3407 1025 ἑαυτοῖς
3436 965 3790 1033 κεκτημένοι,

2213 1051 2314 1103 οὐκ
2358 1050 2531 1121 ὀρθῶς
2559 1051 2860 1122 ἐχρήσαντο
2895 1053 2972 1122 τῷ
3001 1052 3272 1123 κριτηρίῳ
3295 1092 3310 1116 ,
3336 1045 3456 1106 οὐδὲ
3494 1056 3790 1125 ἠγάπησαν

2211 1141 2309 1211 τὴν
2336 1142 2577 1206 εὐθεῖαν,
2613 1139 2815 1210 καίπερ
2847 1140 3055 1212 είδότης
3087 1134 3274 1213 αύτὴν,
3299 1135 3409 1195 οὐδ’
3441 1142 3623 1214 ἔργοις
3656 1161 3787 1215 μετ-

2212 1230 2375 1301 ῆλθον
2424 1232 2523 1301 τὴν
2570 1230 2937 1302 δικαιοσύνην,
2972 1231 3038 1301 ἣν
3069 1230 3211 1302 λόγῳ
3248 1224 3395 1303 μόνῳ
3422 1224 3517 1286 καὶ
3554 1234 3787 1304 χείλεσιν

2211 1312 2626 1390 ἐπηγγέλλοντο,
2649 1320 2727 1391 τῷ
2754 1320 2966 1392 παλαιῷ
2990 1321 3047 1374 δὲ
3080 1319 3199 1390 ὄφει
3224 1322 3600 1392 ὁμοιωθέντες,
3618 1325 3784 1377 ἀσπί-

2211 1401 2300 1472 δος
2332 1410 2523 1477 κωοῆς
2542 1410 2754 1479 χείρους
2775 1409 3021 1477 ἐγένοντο
3039 1428 3051 1441 ’
3078 1410 3266 1464 τούτου
3293 1412 3449 1482 χάριν
3477 1402 3785 1467 ἐπακούσα-

2210 1516 2269 1550 τε
2301 1499 2422 1552 τίνα
2459 1500 2551 1552 καὶ
2585 1500 2782 1563 αὐτοὺς
2820 1500 3134 1571 περιμένει,
3186 1502 3477 1572 μαθόντες,
3505 1503 3580 1567 ὡς
3613 1506 3641 1557 ὁ
3672 1503 3784 1557 τῶν

2209 1591 2344 1644 ὅλων
2372 1589 2565 1661 κριτὴς
2598 1589 2730 1653 Θεὸς
2760 1590 3038 1660 συντρίψει
3066 1593 3191 1654 τοὺς
3216 1592 3435 1655 ὀδόντας
3461 1592 3638 1645 αὐτῶν
3661 1593 3784 1646 κατ’

2208 1684 2361 1737 οὐδὲν
2386 1673 2750 1752 διαφερόντων
2777 1682 3007 1734 λεόντων
3025 1724 3039 1746 ,
3071 1683 3164 1735 καὶ
3191 1682 3266 1746 ὡς
3299 1668 3436 1753 μεεά
3466 1684 3638 1737 πάντα
3670 1684 3786 1738 δια-

521 1759 654 1813 sint.
682 1759 817 1814 Nam
847 1761 992 1817 illius
1010 1764 1153 1829 loco,
1190 1765 1274 1817 Ad
1294 1766 1520 1823 nihilum
1552 1768 1822 1823 devenient
1854 1780 2099 1842 tanquam

2206 1766 2531 1848 λυθήσονται
2580 1777 2737 1846 δίκην
2780 1775 2967 1840 ὓδατος
3001 1777 3301 1848 ἐκρέοντος.
3342 1777 3487 1829 ’Λντὶ
3519 1778 3627 1849 γὰρ
3652 1779 3783 1843 τοῦ,

519 1865 659 1919 aqua
692 1850 997 1916 decurrens,
1031 1854 1396 1925 Symmachus
1427 1858 1508 1913 sic
1538 1858 1950 1929 interpretatur,
1982 1863 2105 1918 Dis-
2150 1910 2157 1913 _

518 1940 792 1996 solvantur
837 1945 975 1997 sicut
1016 1962 1155 2014 aqua
1208 1950 1567 2015 perlransiens
1617 1951 1740 2005 sibi.
1775 1951 1911 2017 Quia
1955 1955 2102 2009 enim

516 2046 614 2087 ore
646 2040 807 2089 tenus
848 2034 1120 2103 justitiam
1145 2038 1428 2105 simulant,
1456 2040 1581 2109 jure
1612 2040 1756 2097 Deus
1784 2043 1980 2101 dentes
2004 2062 2101 2101 eo-

515 2139 641 2179 rum
681 2125 737 2179 in
766 2140 863 2182 ore
883 2127 1129 2196 ipsorum
1157 2137 1424 2185 conteret.
1464 2132 1530 2185 Et
1552 2134 1681 2202 quia
1708 2149 1816 2189 non
1839 2144 1924 2191 sat
1967 2137 2103 2207 ipsis

518 2211 644 2277 fuit,
683 2214 830 2289 quod
849 2216 1092 2285 serpenti
1116 2224 1172 2271 et
1194 2229 1509 2276 memoratae
1527 2223 1703 2292 aspidi
1718 2225 1900 2280 surda:
1915 2228 2100 2282 collati

517 2311 742 2371 essent;
775 2319 900 2358 cum
928 2306 1042 2374 jam
1070 2308 1305 2365 aliorum
1332 2311 1629 2379 perniciem
1651 2315 1958 2381 molientes,
1996 2317 2101 2373 leo-

517 2394 683 2451 nibus
712 2403 767 2451 et
789 2396 1219 2475 catulisleonum
1245 2410 1659 2471 comparentur;
1691 2419 1721 2458 a
1750 2407 1951 2476 quibus
1980 2409 2091 2462 ani-

518 2502 662 2541 mam
693 2488 809 2544 erui
846 2504 1002 2543 suam
1067 2490 1234 2545 David
1264 2493 1337 2546 ita
1393 2503 1649 2563 precatur
1678 2497 1733 2550 in
1770 2499 2097 2567 precedenti

516 2580 751 2649 psalmo,
772 2580 840 2633 Et
855 2582 1045 2650 eripuit
1063 2584 1296 2637 animam
1318 2601 1489 2639 meam
1513 2585 1578 2640 de
1601 2588 1771 2642 medio
1799 2591 2098 2645 catulorum

516 2671 725 2725 leonum
784 2672 863 2739 ";
907 2680 1020 2737 aut,
1069 2673 1133 2728 de
1181 2675 1352 2729 media
1411 2676 1653 2741 leonum;
1686 2680 1862 2734 molas
1904 2696 2096 2736 eorum

514 2763 927 2819 conl‘racturum
951 2781 1076 2822 esse
1121 2765 1291 2822 Deum
1327 2768 1553 2832 dicitur,
1575 2770 1829 2826 videlicet
1852 2778 2097 2841 potesta-

514 2862 598 2909 tes
656 2856 877 2911 malitize
907 2873 1123 2923 eorum,
1165 2860 1322 2929 queis
1350 2861 1419 2915 in
1473 2861 1769 2915 multorum
1796 2863 2096 2932 perniciem

512 2946 830 3002 utebantur.
868 2947 1005 3003 Cum
1032 2958 1215 3005 autem
1246 2950 1438 3007 dentes
1460 2959 1515 3007 et
1535 2954 1707 3009 molas
1743 2970 1931 3010 eorum
1965 2970 2097 3010 con-

514 3033 732 3088 triverit
763 3035 929 3100 Deus,
962 3044 1095 3091 tunc
1150 3037 1370 3093 demum
1403 3054 1504 3094 ceu
1535 3042 1734 3099 mortui
1769 3042 1836 3096 ad
1862 3041 2094 3097 nihilum

2220 1869 2274 1919 Ἐ
2279 1867 2833 1933 ξουδενωθήσονται
2875 1868 2955 1932 ὠς
3002 1867 3157 1934 ὕδωρ
3200 1868 3784 1937 παραπορευόμενον,

2204 1957 2233 2009 6
2281 1957 2574 2028 Σύμμαχος
2606 1958 2919 2028 ἡρμήνευσε
2940 1997 2955 2021 ,
3014 1956 3477 2023 Διαλυθήτωσαν
3503 1957 3585 2023 ὡς
3625 1957 3786 2027 ὕδωρ

2205 2050 2649 2118 παρερχόμενον
2675 2047 2885 2112 ἐαυτῷ.
2904 2047 3118 2118 Ἐπειδὴ
3149 2047 3258 2118 γάρ
3290 2047 3369 2118 τῷ
3397 2047 3619 2119 στόματι
3651 2049 3786 2102 καθα

2205 2139 2583 2208 υποκρίνονται
2624 2136 2722 2205 τὴν
2764 2136 3132 2207 δικαιοσύνην,
3157 2136 3381 2200 εἰκότως
3410 2138 3535 2200 τοὺς
3563 2138 3785 2201 ὀδόντας

2204 2227 2382 2282 αὐτῶν
2419 2229 2448 2280 6
2481 2228 2614 2291 Θεὸς
2657 2228 2714 2280 ὲν
2755 2226 2833 2297 τῷ
2866 2228 3095 2297 στόματι
3130 2227 3309 2281 αὐτῶν
3342 2227 3639 2299 συντρίψει.
3672 2228 3786 2281 Καὶ

2204 2319 2328 2370 ἐπεὶ
2363 2317 2438 2386 μὴ
2474 2318 2789 2388 ἀντήρκεσεν
2830 2317 3013 2379 αὐτοῖς
3041 2304 3375 2386 ὁμοιωθῆναι
3405 2316 3482 2387 τῷ
3521 2316 3642 2384 δφει
3687 2318 3785 2370 καὶ

2202 2411 2269 2479 τῇ
2304 2407 2665 2477 προλεχθείσῃ
2692 2405 2877 2459 ἀσπίδι
2905 2408 3082 2477 κωφῇ,
3108 2405 3205 2476 ἤδη
3236 2406 3292 2458 δὲ
3319 2407 3411 2459 καὶ
3436 2405 3656 2475 ἐτέρους
3689 2407 3787 2459 λυ-

2206 2498 2541 2568 μαινόμενοι,
2579 2497 2762 2549 λέουσι
2793 2495 3212 2567 παρεὸλήθησαν
3243 2496 3336 2548 καὶ
3366 2497 3645 2567 σκύμνοις,
3686 2488 3786 2566 ἀφ’

2201 2583 2276 2642 ὧν
2307 2587 2403 2658 τὴν
2433 2586 2624 2640 ἑαυτοῦ
2645 2586 2822 2656 ψυχὴν
2845 2585 3107 2658 ὲῤῥῦσθαι
3133 2585 3345 2656 εὔχεται
3372 2586 3401 2638 6
3424 2585 3585 2637 Δαυῒδ
3607 2586 3786 2654 λέγων

2201 2679 2258 2731 ἐν
2288 2675 2368 2747 τῷ
2397 2677 2504 2747 πρὸ
2533 2677 2723 2730 τούτου
2748 2694 2761 2706 ·
2795 2677 2905 2730 Καὶ
2938 2677 3232 2744 ἐρῤὐσατο
3270 2676 3385 2744 τὴν
3414 2676 3624 2746 ψυχήν
3661 2695 3784 2746 μου

2199 2768 2268 2821 ἐκ
2292 2766 2486 2837 μέσου
2511 2767 2820 2835 σκύμνων,
2855 2764 2910 2835 ἢ,
2932 2763 2999 2817 ἐκ
3028 2765 3222 2834 μέσου
3252 2767 3514 2819 λεόντων
3555 2765 3653 2828 τάς
3682 2765 3786 2842 μύ-

2199 2860 2295 2923 λας
2341 2860 2522 2913 αὐτῶν
2558 2857 2875 2911 συνθλάσειν
2917 2856 3131 2926 λέγεται
3176 2858 3203 2909 6
3236 2855 3368 2919 Θεὸς
3392 2894 3406 2918 ,
3442 2854 3640 2925 δηλαδὴ
3681 2853 3783 2917 τάς

2198 2952 2298 3021 τῆς
2333 2950 2533 3013 κακίας
2561 2949 2741 3002 αὐτῶν
2788 2948 3043 3018 δυνάμεις
3064 2986 3078 3010 ,
3108 2942 3196 3010 αἷς
3223 2947 3311 2999 ἐπ’
3336 2945 3540 3015 ὀλέθρῳ
3575 2943 3784 2997 πολλῶν

2199 3045 2523 3116 ἐχρήσαντο.
2560 3041 2809 3095 Ἐπειδὰν
2840 3041 2897 3094 δὲ
2930 3042 3057 3103 τοὺς
3090 3040 3305 3105 ὀδόντας
3335 3037 3513 3091 αὐτῶν
3552 3039 3644 3091 καὶ
3681 3037 3785 3100 τὰς

513 3124 825 3190 devenient,
867 3136 923 3183 et
961 3129 1107 3184 sicut
1131 3144 1272 3200 aqua
1327 3131 1432 3186 sibi
1477 3134 1853 3201 pertransiens
1896 3135 2095 3191 dissol-

2203 3102 2376 3206 μύλας
2398 3133 2664 3204 συντρίψῃ
2683 3133 2711 3184 6
2730 3131 2883 3195 Θεὸς,
2906 3102 3237 3184 τότεῖλοιπὸν
3268 3129 3782 3199 ἔξουδενωθήσονται

513 3224 733 3271 ventur.
761 3216 829 3270 Et
877 3218 924 3273 is
957 3220 1179 3288 quidem
1240 3220 1460 3277 futurus
1504 3224 1797 3293 impiorum
1848 3227 2093 3280 omnium

514 3306 662 3362 linis.
700 3306 856 3374 Quod
888 3324 1021 3365 sane
1041 3324 1140 3365 vos
1164 3311 1313 3365 scire
1335 3326 1560 3367 necesse
1597 3321 1704 3374 est,
1734 3329 1767 3368 ο
1800 3313 1893 3369 ﬁlii
1917 3315 2089 3369 homi-

514 3413 681 3462 num,
711 3406 793 3460 ut,
846 3400 895 3453 si
955 3416 1071 3454 vere
1124 3401 1583 3471 utiquejustitiam
1617 3404 1914 3473 loquimini,
1952 3415 2096 3460 recta

509 3491 793 3561 judieetis,
819 3507 997 3563 neque
1020 3493 1406 3563 praedictorum
1454 3495 1737 3551 hominum
1763 3498 1907 3553 viam
1946 3499 2096 3553 inea-

513 3585 609 3648 tis,
652 3600 828 3654 neque
862 3586 917 3640 in
951 3585 1120 3642 corde
1168 3586 1489 3656 iniquitates
1551 3590 1875 3659 operemini,
1917 3606 2096 3661 neque

501 3673 841 3742 iniustitiam
872 3680 1070 3733 manus
1125 3687 1323 3733 vestra;
1351 3679 1700 3748 complieent,
1748 3696 1850 3737 nec
1893 3698 1993 3737 vos
2014 3684 2094 3735 si-

506 3767 675 3821 miles
694 3769 932 3838 serpenti
959 3771 1284 3836 exliibeatis,
1309 3787 1408 3827 nec
1430 3773 1555 3828 sitis
1572 3774 1712 3829 sicut
1736 3775 1884 3845 aspis
1902 3777 2091 3839 surda,

510 3855 782 3909 obturans
802 3870 964 3912 aures
1009 3874 1157 3918 suas.
1192 3876 1295 3915 nec
1324 3877 1448 3916 cum
1498 3865 1814 3920 memoratis
1838 3866 2020 3935 impiis
2043 3878 2096 3922 et

515 3948 897 4015 peccatoribus
950 3965 1057 4005 una
1112 3953 1502 4008 amlucamini:
1557 3970 1698 4025 quos
1751 3957 2093 4026 pmscientia

512 4053 611 4091 sua
638 4048 969 4106 praeverteris
991 4041 1154 4106 Deus,
1174 4052 1465 4114 antequam
1489 4045 1545 4099 in
1576 4047 1753 4101 lucem
1788 4048 2092 4116 prodirent,

512 4130 651 4187 tales
681 4130 895 4188 futuros
920 4149 1044 4190 esse
1075 4144 1334 4203 noverat;
1366 4137 1463 4193 sed
1492 4146 1673 4194 tamen
1722 4142 2000 4197 concessit
2036 4149 2095 4196 ut

510 4229 877 4276 noscerentur
905 4237 970 4277 ac
1003 4223 1059 4277 in
1089 4224 1262 4280 lucem
1313 4226 1584 4289 venirent,
1634 4230 1809 4297 gratia
1832 4244 1932 4284 sua
1962 4230 2096 4298 ipsis

509 4323 729 4377 quoque
761 4324 1063 4376 concessa,
1092 4321 1151 4365 ut
1176 4313 1354 4382 palam
1407 4329 1597 4369 eorum
1635 4316 1975 4385 propositum
2000 4318 2097 4373 lie-

509 4404 615 4452 ret.
645 4396 927 4468 Siquidem
949 4408 1004 4453 et
1039 4400 1285 4456 ordinem
1308 4402 1585 4471 justorum
1629 4412 1837 4461 rectam
1874 4421 1939 4461 ac
1989 4406 2094 4461 mi-

2198 3227 2275 3291 ὡς
2303 3227 2369 3280 ἂν
2400 3223 2783 3295 νεκρωθέντες,
2812 3222 2901 3275 καὶ
2927 3221 3338 3293 διαλυθήσονται
3365 3221 3439 3283 ὡς
3462 3219 3607 3289 ὕδωρ
3638 3238 3781 3291 παρ-

2200 3315 2495 3387 ερχόμενον
2540 3312 2736 3382 ἑαυτῷ.
2790 3312 2902 3365 Καὶ
2932 3310 3171 3364 τοιοῦτον
3208 3311 3306 3380 μὲν
3329 3309 3479 3362 ἔσται
3513 3309 3621 3362 τῶν
3654 3310 3782 3362 ἀσε-

2198 3408 2308 3461 ϐῶν
2339 3408 2557 3461 πάντων
2589 3407 2650 3458 τὸ
2669 3405 2842 3468 τέλος.
2879 3404 2943 3455 Ὀ
2976 3401 3039 3472 δὴ
3065 3403 3357 3469 ἀναγκαῖον
3383 3400 3526 3470 ὑμᾶς
3552 3400 3778 3468 γνῶναι,

2197 3494 2242 3553 ὦ
2271 3501 2378 3553 υἱοὶ
2415 3498 2523 3551 τῶν
2556 3494 2888 3570 ἀνθρώπων,
2929 3493 2995 3546 ἵν’
3016 3532 3030 3557 ,
3077 3494 3130 3545 εί
3157 3488 3394 3558 ἀληθῶς
3421 3490 3535 3558 ἄρα
3569 3490 3781 3543 δικαιο-

2198 3591 2400 3657 σύνην
2431 3586 2692 3652 λαλεῖτε,
2719 3583 2896 3639 εὐθέα
2928 3583 3174 3663 κρίνητε,
3210 3580 3303 3633 καὶ
3336 3580 3410 3650 μὴ
3441 3578 3780 3649 μετέρχησθε

2198 3681 2295 3752 τὴν
2315 3681 2424 3735 τῶν
2451 3679 2755 3751 εἰρημένων
2780 3675 2986 3747 ἀνδρῶν
3012 3674 3149 3736 ὁδὸν,
3177 3671 3313 3743 μηδὲ
3347 3671 3405 3722 ἐν
3431 3669 3628 3741 καρδίᾳ
3661 3670 3785 3722 dvo-

2203 3773 2331 3845 μίας
2358 3768 2699 3844 ὲργάζησθε,
2744 3767 2878 3838 μηδὲ
2923 3763 3135 3819 ἀδικίαν
3168 3765 3222 3815 αἱ
3247 3759 3608 3835 χεῖρεςξύμῶν
3639 3775 3779 3829 συμ-

2198 3867 2441 3920 πλέκωσι
2463 3904 2478 3929 ,
2525 3862 2656 3934 μηδὲ
2695 3861 2919 3923 ἑαυτοὺς
2966 3853 3414 3924 κατασκευάζητε
3448 3852 3666 3923 ὁμοίους
3701 3849 3779 3921 τῷ

2197 3956 2340 4025 ὄφει,
2379 3954 2514 4026 μηδὲ
2549 3950 2783 4023 γένησθε
2812 3950 2886 4012 ὡς
2918 3948 3083 4011 ἀσπὶς
3112 3946 3268 4017 κωφὴ
3310 3943 3511 4014 βύουσα
3553 3941 3621 3994 τὰ
3665 3935 3780 3995 ὦτα

2200 4049 2371 4117 αὐτῆς
2392 4087 2405 4110 ,
2438 4045 2571 4116 μηδὲ
2599 4046 2712 4105 τοῖς
2738 4039 3113 4112 προλεχθεῖσιν
3138 4037 3360 4090 ἀσεϐέσι
3404 4034 3497 4088 καὶ
3523 4034 3783 4105 ἀμαρτωο

2199 4140 2312 4202 λοῖς
2338 4133 2738 4204 συναπάγοισθε
2763 4149 2775 4162 ’
2808 4130 2899 4194 οὓς
2924 4127 3209 4199 προλασὼν
3232 4128 3259 4179 6
3282 4125 3414 4189 Θεὸς
3437 4127 3517 4195 τῇ
3534 4122 3782 4195 προγνὼ-

2201 4248 2307 4295 σει,
2333 4230 2463 4300 πρὶν
2497 4229 2575 4290 εἰς
2605 4224 2721 4294 φῶς
2750 4221 3052 4293 προελθεῖν,
3078 4219 3217 4288 ἔγνω
3250 4217 3349 4288 μὲν
3370 4214 3644 4278 τοιούτους
3662 4216 3785 4267 ὲσο-

2166 4352 2169 4353 ν
2201 4321 2398 4392 μένους
2421 4357 2437 4381 ,
2470 4319 2617 4387 ὅμως
2641 4314 2686 4367 δ’
2714 4310 2806 4366 οὖν
2840 4309 3184 4381 συνεχώρησε
3215 4306 3539 4379 γεννηθῆναι
3580 4306 3673 4360 καὶ
3702 4306 3783 4368 είς

2199 4410 2319 4478 φῶς
2353 4407 2658 4480 προελθεῖν,
2685 4403 2783 4472 τὴν
2812 4404 2942 4472 παρ’
2970 4399 3133 4453 αὐτοῦ
3160 4398 3322 4469 χάριν
3348 4398 3443 4451 καὶ
3480 4396 3662 4458 αὐτοῖς
3685 4394 3785 4448 δω-

510 4492 659 4547 nime
688 4491 953 4547 deﬂexam
983 4492 1125 4547 viam
1152 4504 1349 4565 suapte
1373 4497 1653 4553 voluntate
1674 4498 1934 4556 initurum
1952 4516 2090 4571 prae-

2203 4475 2531 4573 ρησὰμενος,
2553 4498 2632 4560 εἰς
2663 4495 2723 4547 τὸ
2755 4493 3019 4563 φανεροὺς
3047 4490 3294 4560 γενέσθαι
3315 4489 3412 4560 τὴν
3439 4489 3777 4560 προαίρεσιν.

508 4590 730 4639 vertens
764 4582 912 4638 Deus
964 4593 1212 4640 noverat.
1246 4585 1450 4642 Deinde
1497 4590 1717 4658 utrique
1748 4590 1929 4646 ordini
1957 4592 2089 4648 lihe-

507 4689 630 4730 rum
659 4670 869 4731 arbitrii
892 4681 1103 4730 motum
1138 4676 1366 4741 dimisit,
1405 4678 1713 4736 concedens
1736 4688 1794 4736 ut
1822 4682 1877 4737 in
1911 4682 2091 4739 stadio

510 4786 735 4825 cursum
763 4768 1118 4827 conﬁcerent.
1170 4769 1251 4824 Ae
1296 4784 1422 4825 eum
1458 4772 1746 4830 universos
1785 4782 1982 4830 natura
2014 4776 2091 4831 si-

507 4860 669 4914 miles
733 4859 1109 4914 constituisset
1149 4899 1163 4921 ,
1190 4859 1492 4916 ~voluntate
1546 4863 1768 4931 propria
1818 4879 2091 4933 quemque

508 4951 736 5007 meliora
762 4948 1000 5021 deligere
1020 4953 1228 5021 pariter
1274 4951 1542 5020 permisit.
1579 4950 1661 5006 llli
1713 4968 1866 5019 vero,
1904 4961 2092 5024 utpdte

509 5046 603 5114 qui
625 5044 710 5099 sui
737 5044 979 5114 ipsorum
1033 5044 1264 5107 domini,
1302 5045 1386 5100 sui
1430 5045 1573 5116 juris
1603 5061 1667 5100 ac
1717 5046 1874 5101 liberi
1913 5045 2091 5115 quoad

509 5144 719 5191 motum
740 5143 949 5199 essent,
1000 5135 1268 5189 arbitratu
1304 5152 1405 5191 suo
1457 5136 1719 5205 disjuncti
1768 5145 1922 5200 sunt,
1970 5138 2123 5191 aliis.

509 5235 739 5292 rectam,
789 5225 1069 5295 obliquam
1129 5227 1254 5281 aliis
1312 5227 1454 5281 viam
1504 5225 1910 5296 cooptantibus.
1968 5226 2094 5282 Ideo

505 5316 693 5385 justus
725 5316 815 5369 ille
838 5315 1029 5383 judex,
1058 5315 1278 5385 utrique
1318 5315 1500 5370 ordini
1529 5330 1629 5369 ceu
1657 5315 1974 5369 certaminis
2004 5331 2096 5369 ar-

510 5403 674 5467 biter,
708 5404 1033 5473 congruenti
1062 5418 1126 5457 ac
1149 5403 1332 5458 debito
1367 5402 1473 5457 line
1504 5402 1701 5473 dignos
1742 5412 2090 5458 remunerat:

512 5510 623 5547 non
653 5494 935 5547 hominum
971 5494 1078 5548 ritu
1103 5509 1171 5549 ex
1204 5504 1428 5550 actuum
1455 5501 1654 5551 eventu
1677 5494 1947 5565 cujusque
1973 5509 2093 5548 mo-

587 5647 631 5684 "
672 5645 816 5723 I‘sal.
855 5662 965 5710 ιιι,
1006 5648 1061 5704 '5.

2208 4589 2362 4644 Ἐπεὶ
2390 4587 2481 4639 καὶ
2510 4585 2571 4637 τὸ
2617 4583 2726 4635 τῶν
2752 4582 2976 4635 δικαίων
3004 4581 3189 4649 τάγμα
3211 4620 3224 4642 ,
3266 4578 3326 4641 ἐξ
3352 4578 3560 4641 οἰκείας
3585 4595 3779 4647 προαι-

2197 4678 2401 4750 ρέσεως
2434 4674 2533 4746 τὴν
2561 4672 2728 4745 ὀρθὴν
2762 4672 2857 4725 καὶ
2905 4670 3260 4740 ἀδιάστροφον
3313 4668 3505 4739 μέλλον
3554 4667 3777 4733 ὁδεύειν,

2196 4766 2483 4842 προλαϐὼν
2516 4767 2544 4817 ὁ
2568 4765 2701 4826 Θεὸς
2732 4763 2892 4832 ἔγνω.
2934 4758 3046 4815 Εἶτ’
3083 4758 3410 4830 ἀμφοτέρων
3439 4757 3549 4812 τῶν
3570 4759 3783 4828 ταγμά-

2195 4876 2303 4918 των
2326 4860 2425 4931 τὴν
2458 4856 2803 4924 αὐτεξούσιον
2841 4852 3016 4925 ὁρμὴν
3046 4852 3339 4922 ἐλευθέραν
3366 4850 3588 4921 ἀνῆκεν,
3622 4850 3696 4912 ὼς
3722 4850 3781 4901 ὲν

2202 4952 2401 5023 σταδίῳ
2435 4949 2704 5007 ποιεῖσθαι
2736 4950 2828 5001 τὸν
2859 4946 3056 5016 δρόμον
3086 4942 3385 5017 ἐπιτρέψας
3419 4944 3622 5020 αὐτοῖς.
3668 4940 3783 4992 Καὶ

2200 5042 2365 5104 αὐτὸς
2397 5042 2494 5112 μὲν
2520 5040 2739 5111 ὁμοίους
2766 5037 2865 5108 τὴν
2898 5035 3059 5105 φύσιν
3088 5036 3215 5098 τοὺς
3245 5035 3453 5096 πάντας
3478 5030 3784 5100 ὑποστησά-

2203 5149 2400 5202 μενος,
2440 5130 2759 5203 προαιρέσει
2806 5126 2985 5197 οἰκείᾳ
3048 5124 3283 5197 χρῆσθαι
3329 5125 3466 5194 πρὸς
3512 5121 3609 5192 τὴν
3670 5119 3781 5174 τῶν

2201 5223 2522 5294 κρειττόνων
2553 5222 2764 5292 αἵρεσιν
2789 5221 2903 5281 τοῖς
2933 5220 3096 5272 πᾶσιν
3110 5217 3310 5287 ὁμοίως
3335 5211 3778 5284 συγκεχώρηκεν·

2199 5317 2248 5368 οἱ
2276 5315 2368 5377 δὲ,
2397 5315 2493 5367 ἆτε
2519 5313 2699 5384 κύριοι
2734 5309 2943 5363 ἑαυτῶν
2971 5307 3345 5369 καθεστῶτες,
3388 5304 3576 5375 ἄφετοι
3598 5320 3655 5356 τε
3684 5303 3783 5357 καὶ

2201 5399 2475 5472 ἐλεύθεροι
2504 5400 2603 5470 τὴν
2636 5398 2834 5469 ὁρμὴν,
2875 5396 3322 5468 αὐτοπροαιρέτῳ
3347 5392 3541 5464 γνώμῃ
3569 5392 3784 5463 διέστη-

2204 5509 2322 5560 σαν,
2354 5493 2404 5544 oi.
2435 5492 2533 5561 μὲν
2563 5489 2663 5560 τὴν
2687 5486 2901 5542 εὐθεῖαν
2930 5486 3157 5552 ὁδεύειν,
3181 5487 3229 5541 oi
3256 5485 3315 5542 δὲ
3336 5484 3433 5555 τὴν
3458 5484 3786 5553 διάστροφον
3890 5492 3895 5495 ’
