4098 6374
360 325 466 384 52ἰῖ

1510 329 2012 387 COMMENTARIA
2052 328 2119 383 ιΝ
2153 329 2494 384 PSALMOS.

3527 321 3632 376 526
3684 358 3690 384 ,

356 445 619 515 ἑλόμενοι.
660 445 848 496 ιόυλὲου
883 442 1038 515 χάριν
1065 447 1092 497 ὁ
1117 445 1321 510 δίκαιος
1347 448 1556 518 κριτὴς,
1592 445 1940 515 ἀγωνοθετῶν

2047 463 2134 502 res
2157 443 2412 501 ediscens
2435 487 2447 509 ,
2474 460 2660 499 verum
2694 452 2878 513 utpote
2903 440 3044 499 Deus
3066 441 3251 495 omnia
3287 455 3632 510 cognoscens

355 537 599 606 ἑκατέρῳ
633 537 895 605 τάγματι,
922 536 998 605 τῷ
1025 537 1348 610 καταλλήλῳ
1381 539 1476 592 καλ⁹
1503 542 1831 610 προσήκοντι
1855 541 1943 592 τὲ-

355 629 436 680 λει
471 629 598 689 τοὺς
636 628 823 691 ἀξίους
855 630 1251 699 παραδίδωσιν”
1287 628 1345 684 οὐ
1371 631 1620 702 καθάπερ
1665 631 1942 700 ἄνθρωποι

358 718 549 789 μαθὼν
582 720 645 770 ὲκ
675 718 773 787 τῆς
817 719 925 773 τῶν
966 719 1663 791 πραγμάτωνάποϐάσεως
1695 722 1785 775 τὸν
1816 723 1942 775 ἐκά-

357 823 482 858 στου
511 806 746 875 τρόπον,
791 804 879 859 οἷα
913 807 969 859 δὲ
1011 809 1143 871 Θεὸς
1183 810 1275 861 καὶ
1320 810 1426 880 πρὸ
1466 810 1735 877 γενέσεως
1789 810 1943 873 εἰδὼς

357 889 604 948 ἅπαντα(
623 896 712 948 Διὸ
747 898 794 949 οἱ
822 898 919 967 μὲν
948 899 1467 970 ἀπηλλοτριώθησαν
1502 902 1631 970 παρ’
1670 901 1821 971 αὐτῷ
1851 903 1943 954 καὶ

356 987 487 1056 πρὶν
527 987 554 1056 ἢ
592 990 705 1050 τοῖς
742 988 951 1051 λοιποῖς
974 989 1318 1057 γνωσθῆναι·
1359 992 1408 1042 οἱ
1434 991 1491 1043 δὲ
1531 991 1678 1059 ἅγιοι
1710 991 1943 1060 ἐκλογῆς

355 1076 668 1146 ἠξιώθησαν
700 1079 902 1148 ὁμοίιος
941 1080 1182 1150 Ἱερεμίᾳ
1221 1081 1298 1150 τῷ
1328 1083 1582 1153 προφήτῃ
1604 1122 1617 1143 ,
1648 1075 1692 1149 ᾧ
1721 1099 1884 1152 φησιν
1916 1085 1943 1134 ὁ

355 1167 487 1248 Θεγός
506 1187 517 1196 ·
547 1168 665 1234 Πρὸ
698 1169 804 1221 τοῦ
826 1186 903 1237 με
931 1170 1160 1222 πλάσαι
1183 1187 1255 1223 σε
1280 1171 1350 1222 ἐν
1382 1171 1944 1242 κοιλίᾳ.,’ἐπίσταμαί

354 1272 429 1309 σε
449 1297 464 1317 ,
495 1258 594 1310 καὶ
638 1259 752 1325 πρὸ
785 1260 890 1312 τοῦ
926 1275 1000 1313 σε
1028 1261 1298 1324 ἐξελθεῖν
1325 1263 1392 1315 ἐκ
1415 1264 1679 1332 μήτρας,
1725 1265 1944 1334 Miami

355 1363 450 1402 σε.
484 1349 593 1401 Καὶ
619 1353 646 1402 ὁ
681 1351 1001 1415 Ἀπόστολος
1030 1353 1189 1406 τοῦτο
1235 1354 1422 1424 ἐδήλου
1451 1357 1674 1424 φάσκων
1692 1375 1706 1390 ·
1739 1358 1944 1423 Καθὼς

353 1440 676 1504 ἐξελέξατο
701 1442 859 1510 ἡμᾶς
881 1443 950 1495 ἐν
983 1443 1146 1510 αὐτῷ
1169 1444 1282 1512 πρὸ
1317 1446 1655 1516 καταϐολῆς
1684 1451 1940 1518 κόσμου,

354 1528 510 1585 εἶναι
559 1532 717 1600 ἡμᾶς
753 1534 964 1604 ἁγίους
996 1536 1091 1588 καὶ
1129 1536 1408 1605 ἀμώμους
1443 1539 1811 1593 κατενώπιον
1839 1545 1945 1594 αὺ-

355 1624 462 1676 τοῦ
496 1624 566 1677 ἐν
597 1624 820 1694 ἀγάπῃ,
853 1629 1180 1695 προορίσας
1212 1629 1370 1698 ἡμᾶς
1390 1631 1477 1695 εἰς
1508 1631 1816 1684 υἱοθεσίαν
1847 1627 1944 1685 διὰ

370 1715 563 1782 Ἰησοῦ
599 1718 856 1783 Χριστοῦ
879 1734 891 1745 ·
922 1720 1015 1770 καὶ
1044 1720 1204 1772 πάλιν
1223 1738 1234 1749 ·
1270 1723 1365 1773 Ἑν
1404 1715 1451 1785 ᾧ
1481 1722 1576 1774 καί
1607 1723 1944 1792 ἐκληρώθη-

2046 546 2171 593 ante
2189 540 2476 606 originem.
2511 536 2691 601 Quare
2714 536 2802 588 alii
2829 535 3048 603 quidem
3078 541 3370 601 antequam
3421 534 3634 586 caeteris

2046 629 2159 680 noti
2195 634 2400 691 essent,
2436 628 2504 680 ab
2533 642 2598 679 eo
2628 626 2852 679 alienati
2883 631 3042 688 sunt;
3104 625 3468 684 sancti-vero,
3530 623 3635 676 ele-

2045 719 2227 772 ctione
2261 718 2468 786 dignati
2498 757 2512 780 ,
2543 717 2706 771 sicuti
2738 715 3004 770 .leremias
3035 714 3299 784 propheta
3326 755 3339 776 ,
3376 713 3463 767 cui
3492 711 3633 764 dixit

2048 808 2188 862 Deus
2227 825 2238 858 :
2275 809 2568 878 Antequam
2601 817 2646 860 te
2681 807 2968 875 formarem
2999 806 3055 858 in
3121 814 3293 865 utero,
3331 805 3450 856 novi
3478 815 3547 866 te,
3583 813 3630 855 et

2045 909 2324 970 antequam
2354 901 2520 953 erires
2543 899 2606 952 de
2637 899 2809 963 vulva,
2843 897 3172 960 sanctiﬁcavi
3198 906 3244 948 te
3266 897 3332 948 δ’.
3361 895 3415 949 ld
3451 896 3628 964 ipsum

2047 993 2343 1062 Apostolus
2385 994 2628 1047 declarat
2679 992 2766 1045 his
2819 991 3001 1044 verbis
3044 1009 3056 1042 ι
3093 988 3414 1057 Sicutelegit
3455 1004 3550 1040 nos
3577 988 3632 1039 in

2045 1087 2158 1154 ipso
2186 1094 2310 1138 ante
2337 1083 2517 1137 mundi
2547 1084 2998 1142 constitutionem,
3041 1090 3096 1134 ut
3131 1097 3361 1133 essemus
3387 1081 3557 1133 sancti
3581 1088 3632 1131 c:

2045 1176 2378 1228 int-maculati
2403 1175 2458 1226 in
2488 1182 2766 1241 conspectu
2811 1173 2924 1240 ejus
2959 1173 3013 1224 in
3045 1171 3306 1223 cliaritate
3338 1186 3354 1221 :
3379 1170 3467 1236 qui
3493 1183 3634 1234 prie-

2045 1259 2329 1316 destinavit
2384 1279 2477 1316 nos
2527 1263 2581 1313 in
2632 1260 2967 1328 adoptionem
3023 1259 3259 1327 ﬁliorum
3306 1273 3396 1324 per
3445 1255 3631 1308 Jesum

2049 1353 2313 1409 Christum
2335 1354 2501 1418 ";ac
2535 1367 2794 1407 rursum:
2837 1349 2902 1402 In
2937 1366 3037 1418 quo
3063 1358 3111 1402 et
3150 1365 3242 1401 nos
3278 1349 3414 1416 forte
3461 1346 3632 1398 vocati

2046 1459 2248 1504 sumus,
2304 1441 2668 1511 prmlestinati
2724 1436 3008 1491 secundum
3076 1433 3460 1504 prcescientiam
3516 1431 3631 1498 ejus

2045 1534 2133 1602 qui
2171 1541 2423 1600 operatur
2469 1531 2650 1583 omnia
2671 1527 2959 1582 secundum
3019 1524 3296 1579 consilium
3345 1522 3632 1574 voluntatis

2047 1631 2251 1685 saw,ut
2282 1623 2448 1676 simus
2478 1623 2530 1673 in
2557 1619 2768 1673 laudem
2799 1618 2984 1688 gloriw
3021 1617 3136 1680 eius
3179 1615 3242 1669 “.
3275 1613 3465 1666 Viden”
3494 1628 3633 1681 quo-

2049 1713 2210 1768 modo
2253 1722 2377 1766 ante
2410 1712 2597 1765 mundi
2662 1709 3135 1769 constitutionem,
3173 1707 3378 1760 electos
3407 1711 3461 1757 et
3496 1719 3633 1771 pra:-

349 1821 468 1872 μεν
487 1808 944 1873 προορισθέντες
970 1811 1120 1862 κατὰ
1151 1812 1496 1879 πρόγνωσιν
1514 1813 1622 1866 τοῦ
1641 1815 1714 1866 τὰ
1743 1815 1941 1868 πάντα

2047 1804 2352 1858 destinatos
2379 1802 2525 1856 dicat
2561 1800 2625 1853 ad
2659 1800 3009 1869 adoptionem
3037 1798 3296 1858 ﬁliorum,
3327 1795 3629 1849 secundum

354 1891 748 1960 ἐνεργοῦντος
788 1895 885 1948 καὶ
935 1897 1086 1948 κατὰ
1147 1896 1261 1963 τὴν
1315 1900 1564 1968 βουλὴν
1605 1902 1710 1955 τοῦ
1763 1904 1940 1970 θελή-

349 1995 540 2047 ματος
563 1983 770 2046 αὐτοῦ,
795 1986 882 2050 είς
909 1985 973 2038 τὸ
1001 1984 1155 2041 εἶναι
1191 1988 1349 2055 ἡμᾶς
1371 1993 1457 2053 εἰς
1487 1989 1738 2044 ἔπαινον
1757 1992 1943 2060 δόξης

353 2075 560 2128 αὐτοῦ.
628 2076 789 2148 Ὁρᾷς
842 2079 990 2141 ὅπως
1040 2081 1144 2152 πρὸ
1198 2081 1503 2153 καταϐολῆς
1547 2083 1754 2154 κόσμου
1807 2085 1944 2152 ἐξει-

355 2164 543 2235 λὲχθαι
577 2169 671 2219 καὶ
708 2170 1044 2238 προωρίσθαι
1073 2173 1153 2234 εἰς
1186 2171 1480 2238 υἱοθεσίαν,
1515 2175 1656 2227 κατά
1691 2176 1942 2246 πρόθεσιν

354 2256 448 2340 του
485 2258 660 2311 πάντα
691 2260 772 2310 ἐνε
784 2260 1041 2329 ργοῦντός
1064 2281 1196 2332 φησι
1217 2280 1229 2326 ;
1251 2264 1349 2332 τὴν
1371 2265 1542 2334 αὐτὴν
1567 2265 1621 2317 δὲ
1645 2267 1942 2338 παρίστησι

353 2345 590 2400 διάνοιαν
621 2349 648 2400 ὁ
682 2349 844 2412 αὐτὸς
870 2350 1042 2418 λέγων
1064 2369 1076 2381 ·
1118 2353 1373 2421 Οἵδίςιιεν
1413 2353 1481 2405 δὲ
1500 2395 1514 2416 ,
1541 2352 1627 2406 ὅτι
1658 2355 1782 2420 τοῖς
1802 2357 1944 2426 ἁγα-

357 2437 514 2490 πῶσι
563 2437 670 2491 τὸν
713 2439 863 2494 Θεὸν
895 2441 1092 2495 πάντα
1137 2443 1422 2511 συνεργεῖ
1446 2446 1533 2508 εἰς
1564 2445 1788 2513 ἀγαθὸν
1820 2447 1944 2511 τοῖς

358 2530 508 2580 κατὰ
543 2530 829 2595 πρόθεσιν
873 2531 1117 2598 κλητοῖς
1145 2529 1360 2586 οὖσιν·
1393 2534 1481 2585 ὅτι
1527 2533 1631 2598 οὓς
1677 2534 1944 2603 προέγνω

358 2621 458 2671 καὶ
494 2620 787 2689 προώρισε
812 2624 1208 2691 συμμόρφους
1240 2621 1351 2692 τῆς
1393 2625 1626 2690 εἰκόνος
1660 2626 1767 2679 τοῦ
1807 2626 1944 2680 Υἰοῦ

297 2716 300 2718 ⁷
357 2711 565 2774 αὑτοῦ,
587 2714 676 2776 είς
703 2712 768 2764 τὸ
798 2709 950 2765 εἶναι
974 2713 1161 2767 αὑτὸν
1195 2715 1575 2780 πρωτοτόκον
1599 2715 1671 2767 ἐν
1693 2713 1945 2779 πολλοῖς

357 2801 660 2868 ἀδελφοῖς.
696 2801 813 2866 Οὓς
830 2802 900 2853 δὲ
921 2803 1236 2869 προώρισε,
1263 2805 1516 2870 τούτους
1541 2805 1639 2857 καί
1666 2804 1942 2867 ἐκάλεσε,

356 2893 454 2945 καὶ
490 2894 598 2956 οὓς
627 2892 886 2945 ἐκάλεσε
911 2934 924 2956 ,
957 2895 1207 2959 τούτους
1243 2895 1337 2947 καὶ
1369 2895 1684 2949 ἐδικαίωσε
1703 2938 1717 2960 ,
1746 2896 1945 2962 οὒς,δὲ

355 2982 693 3046 ἐδικαίωσε,
725 2971 975 3049 τούτους
1015 2986 1114 3039 καὶ
1152 2985 1430 3049 sedeam.
1467 2988 1546 3040 Τα
1577 2988 1740 3057 ὅμοια
1767 2987 1822 3039 δὲ
1852 2988 1946 3040 καὶ

290 3076 294 3080 ’
359 3072 486 3142 περὶ
532 3072 723 3125 ἑαυτοῦ
766 3073 1004 3126 διδάσκει
1051 3075 1108 3126 ὲν
1154 3069 1236 3137 οἷς
1265 3077 1428 3145 φησίν
1455 3094 1466 3103 ·
1499 3078 1630 3130 Ὅτε
1666 3077 1735 3130 δὲ
1768 3077 1943 3145 ηὐδό-
1973 3108 2016 3164 C

359 3177 551 3227 κησεν
600 3165 634 3216 ὀ
683 3163 1092 3232 ἀφορίσαςμε
1120 3164 1188 3216 ἐκ
1235 3168 1471 3230 κοιλίας
1511 3167 1738 3233 μητρός
1782 3184 1943 3234 μου,

354 3253 748 3322 ἀποκαλύψαι
785 3255 892 3308 τὸν
933 3256 1069 3308 Υἱών
1104 3256 1291 3310 αὑτοῦ
1332 3256 1402 3308 ἐν
1427 3256 1577 3325 ἐμοί.
1611 3259 1822 3328 ’Ὠσπερ
1851 3255 1945 3311 οὖν

358 3339 582 3404 τούτους
612 3345 880 3413 προγνοὺς
918 3344 1210 3413 μέλλοντας
1248 3346 1470 3415 ἀγαπᾷν
1508 3347 1672 3399 αὐτὸν
1701 3347 1944 3420 προώρι-

359 3449 470 3496 σεν,
505 3430 648 3486 οὕτω
683 3434 774 3486 καὶ
796 3436 918 3497 τοὺς
950 3435 1165 3498 ἀσεϐεῖς
1189 3477 1203 3498 ,
1240 3435 1428 3506 ἐπειδὴ
1458 3437 1708 3506 προέγνω
1737 3439 1947 3508 μέλλον-

356 3539 455 3584 τας
498 3523 1069 3600 λαλεῖνδικαιοσύνην
1101 3527 1188 3579 διὰ
1218 3526 1278 3579 τὸ
1309 3527 1597 3596 γινώσκειν
1638 3529 1806 3600 αὐτὴν
1829 3569 1844 3592 ,
1882 3532 1944 3583 οὐ

361 3612 468 3684 μὴν
504 3615 596 3666 καὶ
627 3616 739 3678 τοῖς
769 3615 951 3686 ἔργοις
982 3619 1152 3687 αὐτὴν
1185 3619 1679 3689 μετελευσομένους
1699 3661 1712 3682 ,
1755 3619 1844 3672 διὰ
1886 3622 1947 3671 τὸ

357 3706 477 3766 ταῖς
509 3706 695 3775 χερσὶν
730 3706 944 3759 ἀδικίαν
969 3708 1325 3778 συμπλέκειν,
1358 3708 1546 3761 τούτου
1582 3709 1741 3779 χάριν
1767 3711 1946 3780 ἀπηλ-

357 3795 651 3868 λοτρίωσεν
687 3800 794 3853 ἀπὸ
828 3803 1040 3872 μήτρας
1059 3842 1073 3864 ,
1101 3803 1196 3854 καὶ
1235 3803 1292 3853 ἐν
1319 3802 1695 3872 πλανωμένοις
1725 3803 1818 3854 καὶ
1851 3801 1946 3853 λα-

359 3886 512 3941 λοῦσι
542 3889 712 3961 ψευδῆ
737 3895 868 3962 παρ’
897 3891 1076 3962 ἐαυτῷ
1108 3892 1489 3962 κατηρίθμησε
1513 3893 1644 3962 πρὶν
1671 3892 1944 3960 γενέσθαι·

364 3976 712 4048 συνεχώρησέ
740 3996 798 4031 τε
835 3980 991 4043 εἰδὼς
1019 3981 1218 4043 αὐτοὺς
1247 3980 1518 4042 τοιούτους
1545 3981 1837 4050 ἐσομένους
1870 3983 1950 4044 εἰς

364 4063 598 4139 φανερὸν
633 4070 833 4133 ἐλθεῖν,
872 4070 947 4134 ὡς
986 4063 1051 4124 διν
1081 4073 1140 4124 τὸ
1178 4071 1434 4142 διάφορον
1460 4070 1568 4123 τῶν
1597 4065 1822 4124 δικαίων
1856 4072 1949 4124 καὶ

362 4159 631 4213 θεοσεϐὤν
662 4161 873 4228 ἀνδρῶν
908 4163 971 4214 ἐκ
1011 4163 1110 4232 τῆς
1143 4162 1250 4215 τῶν
1294 4161 1547 4233 χειρόνων
1594 4160 1949 4232 παραθέσεως

360 4251 703 4321 διαλάμψειε.
729 4253 876 4329 Maii;
897 4252 1005 4323 γάρ
1033 4253 1184 4315 ὄντες
1211 4253 1426 4321 φύσεως
1455 4255 1504 4305 οἱ
1535 4252 1757 4316 πάντες,
1775 4254 1822 4318 οἱ
1849 4253 1948 4323 μὲν

361 4343 582 4406 ἑκόντες
613 4344 823 4397 siluit-co
850 4345 917 4398 τὰ
946 4345 1204 4416 κρείττω,
1224 4347 1272 4397 οἱ
1307 4341 1362 4397 δὲ
1382 4344 1478 4415 τὴν
1511 4345 1756 4398 ἐναντίαν
1781 4342 1948 4397 ὥδευ-

2047 1898 2384 1967 propositum
2439 1897 2559 1963 ejus
2608 1893 2700 1962 qui
2744 1893 2875 1945 talia
2904 1890 3204 1960 operatur?
3261 1887 3631 1956 Eamdcmque

2048 1993 2163 2060 ipsc
2197 1989 2522 2044 sententiam
2549 1986 2760 2056 profert
2800 1987 2887 2040 his
2927 1985 3146 2039 verbis:
3178 1982 3389 2036 Scimus
3453 1989 3632 2034 autem

2044 2084 2294 2152 quoniam
2316 2080 2656 2150 diligentibus
2688 2077 2853 2131 Deum
2875 2076 3055 2130 omnia
3076 2082 3426 2143 cooperantur
3455 2074 3512 2125 in
3542 2072 3634 2123 bo-

2047 2191 2170 2227 num
2203 2174 2270 2225 iis
2292 2173 2380 2241 qui
2410 2169 2696 2224 secundum
2745 2168 3071 2236 propositum
3097 2166 3266 2219 vocati
3297 2173 3436 2218 sunt.
3487 2163 3629 2216 Nam

2045 2279 2174 2332 quos
2198 2262 2462 2330 pra'scivit
2493 2269 2541 2313 et
2594 2257 2986 2326 pra’destinavit
3009 2254 3300 2323 conformes
3335 2256 3451 2319 ﬁeri
3495 2256 3633 2306 ima-

2045 2355 2155 2423 gini
2187 2353 2316 2406 Filii
2334 2354 2437 2414 sui,
2467 2361 2524 2403 ut
2552 2353 2621 2404 sit
2644 2352 2754 2418 ipse
2784 2351 3164 2419 primogenitus
3206 2349 3263 2400 in
3296 2346 3479 2399 multis
3512 2345 3630 2414 [ra--
3687 2350 3695 2353 ”

2049 2445 2166 2496 bus.
2198 2441 2342 2507 Quos
2381 2450 2554 2493 autem
2576 2439 2996 2507 prwdestinavit,
3039 2438 3134 2490 hos
3189 2445 3238 2489 et
3284 2435 3529 2495 vocavit;
3584 2443 3633 2485 et

2047 2546 2177 2599 quos
2206 2529 2425 2593 vocavit,
2447 2528 2540 2580 hos
2578 2537 2625 2578 et
2637 2527 2950 2595 justiﬁcavit
2973 2542 2990 2589 ;
3041 2525 3170 2593 quos
3210 2532 3386 2576 autem
3425 2523 3636 2591 justiﬁ-

2048 2616 2345 2679 cavit,illos
2383 2626 2431 2668 et
2456 2615 2774 2683 glori/ienuit
2800 2613 2869 2666 ⁵⁸.
2901 2613 3114 2666 Similia
3138 2612 3206 2666 de
3223 2627 3283 2666 se
3313 2610 3631 2679 ipsedecla-

2048 2714 2134 2759 rat
2155 2704 2345 2758 dicens
2378 2723 2390 2756 :
2422 2702 2556 2758 Cum
2579 2714 2752 2756 autem
2779 2700 2979 2770 placuit
3003 2701 3072 2766 ei,
3103 2703 3194 2770 qui
3227 2716 3307 2752 me
3345 2700 3634 2769 segregavit

2048 2813 2112 2850 ea:
2142 2803 2289 2850 utero
2314 2795 2500 2848 matris
2537 2809 2684 2857 meat,
2715 2795 2945 2849 revelare
2977 2793 3024 2846 F
3027 2795 3180 2847 ilium
3205 2808 3360 2846 suum
3382 2793 3438 2844 in
3466 2807 3548 2846 me
3562 2790 3629 2846 ⁸⁸.

2049 2887 2523 2954 Quemadmodum
2582 2887 2748 2956 igitur
2801 2901 2925 2940 cum
2973 2900 3068 2940 eos
3097 2883 3483 2954 prasscivisset,
3539 2884 3630 2951 qui

2051 2979 2285 3034 amaturi
2314 2979 2492 3048 ipsum
2515 2985 2694 3037 erant,
2752 2979 2917 3032 etiam
2981 2973 3534 3047 priedestinavit;sic
3579 2984 3636 3028 et

2051 3070 2248 3140 impios
2275 3085 2401 3124 cum
2440 3069 2782 3139 praevidisset
2804 3069 3074 3139 justitiam
3112 3068 3417 3130 locuturos,
3446 3072 3634 3134 utpote

2050 3163 2144 3232 qui
2187 3168 2408 3216 nossent
2435 3161 2582 3214 illam
2611 3201 2625 3224 ,
2665 3162 2758 3216 sed
2805 3162 2980 3230 ipsam
3031 3167 3214 3212 tamen
3240 3173 3348 3212 non
3372 3157 3634 3227 operibus

2051 3251 2298 3306 adituros
2332 3266 2478 3315 esse,
2506 3251 2632 3320 quia
2657 3249 2984 3321 injustitiam
3032 3249 3291 3302 manibus
3336 3247 3636 3317 complica-

2050 3342 2159 3396 turi
2193 3354 2371 3407 erant,
2397 3343 2521 3398 ideo
2548 3342 2811 3397 alienavit
2873 3355 2968 3395 eos
3019 3355 3046 3392 a
3077 3341 3256 3402 vulva,
3289 3346 3344 3393 et
3368 3338 3452 3391 vel
3479 3345 3636 3391 ante-

2049 3450 2214 3503 quam
2279 3434 2494 3497 ﬁerent,
2531 3435 2584 3488 in
2623 3433 2928 3489 errantium
2984 3441 3038 3486 et
3097 3430 3634 3499 mendaeialoquen-

2050 3526 2188 3580 tium
2240 3541 2470 3582 numero
2503 3527 2557 3580 in
2606 3541 2667 3580 se
2716 3524 3092 3594 computavit;
3159 3521 3518 3591 permisitque
3552 3527 3634 3571 ta-

2050 3633 2196 3678 men,
2220 3619 2323 3672 etsi
2359 3618 2497 3672 tales
2530 3617 2746 3671 t‘uturos
2779 3630 2904 3671 esse
2953 3621 3164 3675 nosset,
3201 3622 3256 3666 ut
3285 3612 3460 3681 palam
3503 3626 3634 3680 pro-

2051 3708 2256 3772 dirent,
2293 3725 2402 3778 quo
2463 3708 2781 3777 praestantia
2808 3707 3087 3776 justorum
3139 3706 3633 3774 religiosorumque

2052 3799 2333 3852 hominum
2360 3814 2426 3852 ex
2462 3800 2711 3867 pejorum
2755 3797 3170 3868 comparatione
3201 3797 3462 3851 eluceret.
3496 3793 3631 3846 Nam

2053 3905 2176 3944 cum
2207 3905 2272 3943 ex
2307 3904 2413 3942 una
2444 3903 2637 3942 omnes
2676 3895 2875 3941 natura
2918 3895 3276 3949 constarent,
3333 3885 3510 3938 libero
3545 3883 3630 3938 usi

2053 3974 2428 4039 arbitrio,'alii
2476 3976 2699 4045 quidem
2737 3983 2932 4045 sponte
2965 3975 3169 4030 bonum
3211 3975 3513 4043 elegerunt,
3537 3971 3632 4027 alii

2051 4069 2386 4122 contrariam
2418 4068 2590 4122 iniere
2616 4067 2781 4120 viam.
2827 4066 2896 4118 At
2925 4066 3178 4120 excelsus
3211 4071 3267 4119 et
3284 4077 3517 4132 magnus
3541 4063 3633 4116 ille

2053 4159 2645 4226 universorumjudex,
2683 4158 2902 4226 utrique
2957 4154 3139 4208 ordini
3167 4152 3492 4223 prsesidens,
3529 4167 3631 4221 pro

2051 4250 2248 4304 merito
2295 4249 2496 4318 cuique
2533 4247 2746 4302 tribuit.
2798 4246 2978 4314 Quare
3023 4245 3109 4299 sui
3156 4251 3430 4298 amatores
3460 4243 3634 4311 gloria

2053 4340 2254 4405 aﬂ‘ecit,
2290 4340 2602 4410 conformes
2633 4338 2854 4408 imagini
2875 4335 3098 4390 Filiisui
3123 4334 3412 4398 exhibens,
3435 4333 3635 4402 quippe

363 4451 482 4497 σαν,
514 4435 847 4506 αὑτεξουσίῳ
875 4437 1195 4508 προαιρέσει
1224 4425 1581 4508 χρησάμενοι.
1621 4433 1858 4506 meum;
1886 4436 1943 4488 δὲ

2053 4434 2147 4504 qui
2173 4447 2415 4488 amorem
2439 4448 2566 4502 erga
2586 4447 2645 4486 se
2659 4430 2920 4500 operibus
2947 4426 3430 4497 comprobaverint
3457 4441 3472 4490 ;
3497 4425 3634 4477 alios

357 4524 385 4575 ὁ
415 4523 588 4595 μέγας
629 4526 738 4580 τῶν
765 4527 900 4580 ὅλων
931 4528 1123 4599 κριτὴς
1143 4568 1156 4590 ,
1192 4525 1663 4598 προκαθεζόμενος
1696 4527 1943 4598 ἐκατέρῳ

358 4617 622 4686 τάγματι,
654 4617 912 4687 βραϐεύει
957 4619 1027 4672 τὰ
1068 4619 1365 4689 πρέποντα.
1399 4619 1492 4671 Διό
1523 4621 1650 4681 τοὺς
1679 4619 1780 4689 μὲν
1806 4620 1944 4688 ἀγα-

360 4709 642 4786 πήσαντας
671 4708 832 4785 αὐτὸν
861 4709 1100 4774 ἐδόξασε,
1137 4711 1493 4782 συμμόρφους
1526 4709 1813 4775 ἀποδείξας
1841 4711 1942 4779 τῆς

359 4799 565 4863 εἰκόνος
602 4799 695 4853 τοῦ
742 4801 871 4853 Υἱοῦ
917 4802 1082 4854 αὐτοῦ
1104 4842 1117 4865 ,
1154 4802 1230 4864 ὡς
1265 4802 1330 4854 ἂν
1365 4803 1511 4872 ἔργῳ
1535 4801 1633 4872 τὴν
1669 4801 1749 4864 εἰς
1780 4801 1942 4854 αὐτὸν

360 4890 768 4962 ἐνδειξαμένους
803 4893 1023 4962 ἀγάπην
1043 4912 1055 4922 ’
1083 4894 1210 4955 τοὺς
1240 4893 1296 4945 δὲ
1324 4893 1617 4955 ἐναντίους,
1637 4893 1712 4955 ὡς
1738 4891 1802 4944 ἂν
1826 4893 1946 4944 ὲαυ·

359 4981 485 5043 τοὺς
529 4981 1077 5053 ἁπαλλοτριώσαντας
1123 4983 1220 5052 τῆς
1259 4982 1423 5035 αὑτοῦ
1472 4984 1727 5053 χάριτος,
1776 5000 1944 5035 κατα-

361 5070 545 5124 ϐάλλει
576 5073 873 5144 συντρίϐων
903 5073 1080 5126 αὐτῶν
1103 5074 1226 5134 τοὺς
1251 5073 1490 5136 ὀδόντας,
1521 5069 1602 5136 οἷς
1623 5075 1682 5125 οὐ
1715 5074 1942 5136 δεόντως

361 5161 697 5233 ἐχρήσαντο,
732 5164 825 5216 καὶ
865 5163 1102 5215 συνθλῶν
1135 5163 1231 5226 τάς
1285 5162 1456 5233 μύλας
1498 5165 1706 5227 αὐτῶν,
1753 5165 1819 5216 δι’
1867 5159 1942 5216 ὧν

2054 4541 2184 4580 vero
2213 4525 2350 4594 ipsis
2366 4525 2673 4593 oppositos,
2705 4528 2896 4590 utpote
2943 4520 3037 4590 qui
3063 4534 3186 4574 sese
3213 4519 3282 4572 ab
3311 4518 3431 4584 ejus
3456 4517 3633 4586 gratia

2056 4615 2511 4676 abalienaverint,
2544 4612 2732 4681 dejicit
2768 4628 2781 4664 :
2814 4611 3006 4665 dentes
3028 4624 3242 4669 eorum,
3270 4607 3472 4675 quibus
3522 4621 3630 4658 non

2056 4717 2112 4761 ut
2153 4723 2252 4776 par
2277 4715 2394 4761 erat
2426 4706 2510 4761 usi
2564 4711 2716 4768 sunt,
2753 4701 3009 4761 conterit,
3073 4699 3357 4766 motasque
3415 4705 3631 4758 eorum,

1973 4837 1999 4860 ,
2053 4799 2210 4865 queis
2245 4797 2433 4850 multis
2481 4795 2778 4865 perniciem
2831 4792 3155 4851 intulerunt,
3199 4786 3535 4856 confringit:
3571 4801 3635 4838 ac

2052 4891 2270 4943 demum
2295 4887 2348 4941 in
2365 4887 2616 4950 nihilum,
2651 4886 2705 4938 in
2731 4885 2901 4938 risum
2935 4893 2989 4936 et
3012 4879 3365 4950 opprobrium
3389 4876 3630 4938 deducit,

2050 4979 2270 5050 quando
2313 4978 2583 5032 ﬂuxarum
2628 4986 2680 5030 et
2746 4992 2853 5030 non
2913 4971 3332 5028 eonsistentium
3365 4983 3629 5038 aquarum

2055 5073 2229 5126 instar
2279 5068 2524 5124 deﬂuunt
2565 5068 2711 5138 :ipsi
2762 5067 2924 5121 talem
2990 5064 3150 5116 ﬁnem
3174 5063 3494 5130 exitumque
3524 5057 3631 5112 sibi

2052 5170 2442 5232 procurarunt.

362 5253 573 5316 πολλοῖς
599 5251 934 5323 ἐλυμήναντο
953 5268 965 5281 ⁸
987 5254 1079 5305 καὶ
1109 5253 1258 5315 τέλος
1285 5253 1724 5317 εξςὲξουδένωσιν
1745 5253 1938 5316 αὐτοὺς
1976 5253 2303 5322 παραδιδοὺς
2359 5253 2452 5305 καὶ
2507 5251 2701 5320 χλεύην
2741 5248 2832 5302 καὶ
2859 5247 3086 5308 ὄνειδος*
3107 5246 3195 5298 ὅτε
3223 5243 3318 5318 καὶ
3341 5240 3500 5310 δίκην
3521 5237 3632 5294 τῶν

343 5345 601 5416 μρευστῶν
626 5343 718 5394 καὶ
750 5343 846 5411 οὐχ
876 5340 1122 5392 ἑστώτων
1151 5342 1356 5394 ὑδάτων
1383 5341 1762 5411 ἀπορρέουσιν,
1783 5341 1938 5394 αὐτοὶ
1973 5343 2184 5403 ἑαυτοῖς
2248 5341 2307 5391 το
2333 5340 2570 5392 τοιοῦτον
2602 5335 3031 5407 προξενήσαντες
3059 5334 3228 5396 τέλος.

443 5432 712 5486 Ἐντενεῖ
726 5435 790 5486 τὸ
819 5431 998 5496 τόξον
1016 5433 1202 5486 αὑτοῦ
1230 5434 1342 5499 ἕως
1371 5429 1442 5487 οὗ
1465 5433 1938 5496 ἀσθενὴσουσιν.

371 5521 526 5577 Ὠσεὶ
577 5524 759 5590 κηρός
810 5524 1007 5588 τακεὶς
1066 5524 1705 5592 ἀνταναιρεθήσονται·
1761 5525 1943 5577 ἔπεσε

434 5678 480 5709 σι
521 5674 630 5735 Jer.
670 5694 722 5742 ι,
765 5679 816 5733 5.
897 5680 939 5711 ελ
982 5679 1176 5746 Ephes.
1217 5695 1264 5739 ι.
1299 5681 1349 5732 ι.
1431 5680 1475 5712 ἰι
1517 5680 1646 5734 ibid.
1689 5679 1872 5733 me.

1951 5682 1994 5709 5"
2034 5677 2190 5730 Rom.
2231 5692 2360 5739 vni,
2393 5674 2588 5728 28-29.

2125 5432 2492 5493 Vens.9,10.
2542 5428 2783 5482 Intendet
2838 5443 3017 5479 arcum
3058 5443 3211 5479 suum
3269 5425 3433 5478 donec
3475 5424 3628 5491 inﬁr-

2051 5534 2277 5575 menlur.
2307 5520 2453 5574 Sient
2483 5536 2600 5572 (cra
2617 5535 2733 5587 qua’
2751 5517 2892 5585 ﬂuit,
2928 5517 3233 5584 auferentur
3254 5532 3269 5569 :
3289 5515 3628 5583 supercecidit

2668 5674 2712 5703 ⁵ο
2751 5672 2866 5726 Gal.
2910 5671 3084 5735 I,15.
