2049 3201
209 181 263 209 529

776 174 1032 203 COMMENTARIA
1051 174 1084 200 1N
1106 172 1276 200 PSALMOS.

1798 169 1851 197 539

208 239 266 268 τοῖς
284 235 404 262 διάνοιαν
426 235 552 261 συνιδεῖν.
571 234 655 269 Φησὶν
672 232 734 261 οὖν’
761 234 891 260 Ἐντενεῖ
905 233 944 260 ’τὸ
960 235 1007 260 τό-

1064 233 1251 266 ulciscensque
1282 231 1359 262 illos,
1387 230 1474 257 donec
1507 229 1689 256 inlirmentur.
1718 228 1757 254 llli
1786 235 1853 255 vero

209 283 266 315 εον
281 280 375 308 αὐτοῦ
390 280 445 313 ἕως
459 280 697 312 ἀσθενήσουσιν.
717 280 746 307 '0
760 280 792 315 δὴ
818 280 921 314 μέλλων
942 288 1005 306 συν-

208 326 312 362 τρίϐειν
325 325 388 356 τοὺς
402 325 510 356 ὀδόντας
523 325 612 352 αὐτῶν
627 326 655 351 ὲν
666 325 705 360 τῷ
719 325 833 360 στόματι
846 325 946 356 αὐτῶν,
958 325 1005 351 καὶ

209 371 258 402 τὰς
278 370 365 405 μύλας
385 370 440 396 τῶν
462 370 577 396 λεόντων
601 370 715 404 συνθλᾷν
737 369 853 404 Κύριος,
875 370 955 401 αὐτὸς
976 370 1006 396 τὸ

210 416 307 443 ἑαυτοῦ
324 416 400 449 τόξον
414 416 460 448 επὶ
481 416 608 442 τοσοῦτον
629 417 688 443 κατ’
707 416 797 443 αὐτῶν
814 417 914 442 ὲντενεί
941 415 1006 451 βάλ-

210 462 263 488 λων
280 462 380 493 αὺτοὺς
396 461 443 488 καὶ
463 461 678 497 τιμωρούμενος,
696 462 748 493 ἕως
767 461 963 497 ἀσθενήσωσιν.
977 462 1007 488 Οἱ

210 506 239 533 δὲ
255 506 414 542 βαλλόμενοι
438 506 478 541 τῷ
500 507 690 542 πεπυρωμένῳ
714 507 796 542 βέλει,
822 506 908 542 κηροῦ
929 505 1007 541 δίκην

211 552 264 578 ὑπὸ
285 553 371 588 πυρὸς
392 552 545 588 τηκομένου
569 552 788 587 διαλυθήσονται·
805 552 850 579 Διὸ
864 552 1005 578 λέλεκται·

216 598 297 625 Ὧσεὶ
320 598 414 632 κηρὸς
437 592 542 630 ’τακεὶς
568 597 890 632 ἀνταναιρεθήσονται,
916 597 1009 624 ἔπεσε

211 643 283 678 πῦρ.
299 644 405 679 Ὥσπερ
427 643 482 678 γὰρ
506 644 636 675 πεσόντος
656 643 742 680 πυρὸς
764 643 899 674 διαλυθεὶς
924 642 1009 678 κηρὸς

1058 280 1144 315 ignito
1158 280 1212 306 telo
1224 277 1359 311 confossi,
1375 285 1445 305 cene
1461 277 1549 304 instar
1564 276 1598 303 ab
1621 276 1683 310 igne
1697 274 1854 309 liquefacta:

1059 326 1254 352 dissolvenlur.
1274 325 1366 357 Qiare
1391 324 1492 351 dicitur
1510 332 1517 349 :
1535 322 1610 350 Sicut
1634 330 1695 348 cera
1706 329 1764 355 qua:
1779 321 1851 355 ﬂuit',

1060 372 1223 405 auferantur,
1239 369 1413 404 supercecidit
1427 369 1507 404 ignis.
1525 367 1603 395 Sicut
1620 368 1693 394 enim
1707 367 1854 394 decidentc

1061 417 1132 452 igne,
1148 417 1236 444 soluta
1254 423 1317 443 cera
1329 415 1466 450 liquescit,
1484 414 1580 442 eodem
1602 413 1684 440 modo
1707 413 1746 439 illi
1759 412 1794 439 ab
1811 412 1853 439 in-

1060 466 1175 497 gruente
1200 462 1240 488 ira
1268 461 1458 493 destruentur,
1474 460 1512 487 ita
1541 463 1571 486 ut
1596 467 1631 487 ne
1650 458 1761 494 quidem
1777 458 1852 493 digni

1060 507 1224 538 habeantur,
1235 506 1282 541 qui
1300 506 1385 533 solem
1397 506 1512 541 justitize
1529 506 1630 533 mentis
1641 505 1731 532 oculis
1745 505 1853 540 perspi-

1060 553 1145 580 ciant.
1174 552 1227 580 Sed
1253 555 1401 587 antequam
1427 553 1513 587 spinae
1534 559 1629 579 eorum
1652 555 1813 578 accrescunt
1828 553 1855 576 et

1061 599 1195 626 rhamnus
1211 598 1338 631 evadant,
1352 606 1439 634 nuper
1451 599 1524 626 edita
1538 606 1633 626 eorum
1651 597 1747 632 spinea
1772 603 1855 631 opera

1063 644 1103 671 ira
1119 644 1368 679 comprehendetet
1380 644 1548 672 absorbebit.

212 690 383 725 ἀφανίζεται,
396 690 442 716 τὸν
456 689 536 716 αὐτὸν
553 689 653 725 τρόπον
669 690 715 716 καὶ
734 691 758 716 οἱ
776 689 941 725 δηλωθέντες
953 689 1006 716 ὑπὸ
1023 690 1072 725 τῆς
1085 690 1313 727 καταληψομένης
1323 691 1422 723 αὐτοὺς
1449 691 1535 727 ὀργῆς
1569 690 1854 726 ἀνταναιρεθήσονται,

210 736 250 768 ὡς
262 736 299 771 μὴ
311 735 513 770 καταξιωθῆναι
524 735 622 767 αὐτοὺς
632 736 677 762 τὸν
689 736 737 771 τῆς
747 736 921 771 δικαιοσύνης
947 736 1021 771 ἥλιον
1040 737 1190 773 ὀφθαλμοῖς
1211 738 1299 773 ψυχῆς
1319 738 1485 765 θεάσασθαι·
1504 737 1572 764 ἀλλὰ
1606 738 1652 765 καὶ
1670 737 1723 773 πρὸ
1740 737 1786 763 τοῦ
1809 737 1857 762 αὑ-

213 782 293 818 ξῆσαι
313 782 363 814 τάς
380 782 500 814 ἀκάνθας
529 782 618 809 αὐτῶν
641 783 687 809 καὶ
707 784 746 814 εἰς
771 784 873 819 ῥάμνον
888 784 1023 818 χωρῆσαι,
1043 783 1082 810 ἔτι
1107 784 1205 819 νεαρὰς
1227 785 1309 816 οὔσας
1328 785 1417 812 αὐτῶν
1441 785 1490 816 τὰς
1507 784 1673 815 ἀκανθώδεις
1708 783 1820 818 πράξεις
1839 783 1856 816 ἡ

211 829 282 865 ὀργὴ
296 829 485 864 καταλήψεται
503 829 550 856 καὶ
566 830 739 857 καταπξεται.

248 885 498 920 Εὐφρανθήσεται
527 885 652 919 δίκαιος,
678 886 752 913 ὅταν
772 886 821 920 ἴδῃ
841 887 1009 920 ἐκδίκησιν,

1100 885 1183 913 Vens.
1202 885 1247 917 Η,
1265 885 1307 912 ιε.
1322 884 1470 912 Lwtabilur
1479 885 1571 919 justus
1583 893 1641 911 cum
1660 884 1752 910 uiderit
1772 884 1857 911 vindi-

214 931 266 964 τὰς
279 930 381 965 κείρας
402 930 495 957 αὐτοῦ
511 931 631 965 rid-stat
651 931 685 957 ἐν
695 931 735 964 τῷ
746 932 846 965 αἵματι
857 932 908 958 τοῦ
924 932 1011 966 ἀμαρ-

1064 936 1132 957 ctam
1144 939 1154 957 :
1170 939 1264 957 manus
1281 939 1344 958 suas
1357 931 1456 957 [arabit
1468 931 1495 957 iu
1511 931 1639 964 sanguine
1650 931 1808 964 peccatoris.
1822 928 1857 957 Et

215 976 320 1003 τωλοῦ.
343 975 400 1003 Καὶ
413 975 474 1009 ἐρεῖ
493 975 659 1009 ἄνθρωπος’
678 977 714 1004 Et
729 976 788 1010 ἄρα
800 977 876 1003 -ἐστὶ
899 977 1011 1011 καρπὸς

1064 976 1130 1003 dicet
1147 977 1224 1003 homo
1242 984 1251 1002 :
1273 975 1303 1003 Si
1318 977 1407 1011 utique
1418 980 1457 1003 est
1479 976 1583 1010 fructus
1603 975 1695 1009 justo,
1708 976 1798 1010 utique
1816 980 1856 1002 est

214 1021 255 1054 τῷ
272 1021 388 1054 δικαίῳ,
402 1020 459 1054 ἄρα
482 1020 569 1047 ἐστὶν
583 1022 599 1048 ό
617 1020 691 1054 Θεὸς
716 1022 827 1055 κρίνων
847 1023 958 1055 αὐτοὺς
978 1023 1013 1049 ἐν

214 1066 252 1101 τῇ
263 1066 312 1102 τῇ.
329 1067 487 1102 Σύμμαχος·
504 1066 672 1100 Χαρήσεται
684 1066 799 1100 δίκαιος
813 1067 883 1094 ιδὼν
893 1068 1012 1101 ἐκδίκη-

214 1119 276 1144 σιν,
294 1111 366 1144 τοὺς
390 1112 487 1144 πόδας
503 1111 597 1137 αὑτοῦ
615 1111 734 1145 rid-emt
752 1112 852 1146 αἵματι
871 1111 1011 1145 ἀσεϐοῦς.

218 1157 322 1192 ’Ὠσπερ
338 1158 361 1184 οἱ
384 1157 488 1192 ψευδῶς
512 1156 684 1192 δικαιοσύνην
700 1156 854 1189 λαλοῦντες,
873 1158 963 1193 ἔργοις
984 1159 1013 1185 δὲ

216 1202 322 1228 ἀδικίαν
339 1202 553 1238 συμπλέκοντες,
580 1202 794 1238 προεγράφησαν
811 1205 901 1230 ὁποῖον
923 1204 1013 1237 ἕξουσι

215 1246 302 1279 τέλος·
320 1246 407 1279 οὕτως
424 1248 507 1283 ἐχρῆν
524 1248 555 1274 ὲκ
572 1247 751 1284 παραλλήλου
768 1249 814 1275 τοῦ
830 1248 956 1284 ἀληθινοῦ
973 1249 1013 1275 δι-

217 1296 305 1330 καίου,
321 1297 369 1324 τοῦ
383 1297 415 1324 δι’
430 1297 517 1332 ἔργων
533 1297 738 1332 ἐνδεικνυμένου
758 1296 807 1332 τὴν
828 1294 1012 1330 δικαιοσύνην,

216 1342 247 1369 τδ
259 1342 377 1378 χρηστὸν
389 1343 465 1373 τέλος
481 1342 647 1377 διδαχθῆναι.
661 1343 693 1368 Τί
711 1342 839 1368 συνέσται
858 1340 961 1375 ἀγαθὸν
974 1340 1014 1375 τῷ

217 1388 344 1423 meum);
365 1388 423 1414 Νῦν
445 1388 504 1423 μὲν,
522 1389 599 1422 φησὶ,
617 1387 688 1414 κατὰ
704 1388 749 1414 τὸν
764 1395 885 1422 παρρντα
907 1386 1013 1421 καιρὸν,

216 1433 274 1468 οὺχ*
288 1433 360 1468 ὁρῶν
375 1432 424 1468 τὴν
436 1433 506 1459 κατά
520 1433 574 1459 τῶν
592 1432 699 1459 ἀσεϐῶν
714 1432 863 1467 ἐκδίκησιν,
883 1431 1014 1463 πολλάκις

219 1477 381 1513 σχετλιάζει,
399 1478 613 1513 ἀποκλαιόμενος
629 1478 675 1504 καὶ
694 1477 794 1511 λέγων·
812 1477 878 1504 Ἵνα
892 1477 921 1503 τί
941 1477 1012 1503 ἀσε-

220 1523 281 1556 ϐεῖς
299 1523 473 1557 εὐθηνοῦσι,
484 1523 706 1550 «exanimat
719 1522 753 1548 δὲ
769 1521 818 1548 καὶ
834 1522 869 1548 ἐν
881 1522 1012 1553 πλούτῳ·

219 1570 235 1595 ὁ
254 1569 368 1602 σπόρος
388 1568 487 1595 αὐτῶν
513 1568 588 1595 κατὰ
606 1568 722 1602 ψυχὴν,
742 1568 778 1594 τὰ
791 1567 825 1593 δὲ
841 1566 944 1593 παιδία
959 1567 1013 1593 αὺ-

1065 1021 1134 1048 Deus
1146 1022 1274 1056 judicans
1290 1030 1335 1048 eus
1359 1022 1480 1048 interra.
1504 1021 1698 1056 Symmachus,
1726 1020 1857 1047 Guudebit

1059 1067 1151 1101 justus
1162 1075 1222 1093 cum
1242 1067 1337 1094 viderit
1348 1067 1504 1097 vindictam,
1521 1066 1598 1100 pedes
1611 1074 1673 1093 suos
1684 1065 1782 1093 lauabit
1798 1074 1858 1092 sun-

1062 1113 1142 1148 guine
1153 1113 1236 1146 impii.
1256 1112 1335 1139 Sicut
1353 1113 1370 1139 ii
1382 1113 1429 1147 qui
1443 1112 1568 1139 mendaci
1590 1120 1638 1139 ore
1664 1112 1802 1146 justitiam
1816 1112 1857 1138 lo-

1064 1163 1197 1192 quuntur,
1214 1157 1278 1185 dum
1297 1159 1428 1192 operibus
1444 1158 1608 1192 injustitiam
1625 1157 1857 1192 eomplicant,qui

1065 1203 1145 1231 tinem
1171 1203 1291 1231 habituri
1318 1205 1372 1231 sint
1385 1204 1440 1238 jam
1460 1204 1629 1237 descriptum
1647 1207 1706 1236 est;
1723 1203 1764 1230 sic
1776 1210 1858 1238 opor-

1063 1250 1115 1275 tuit
1132 1257 1147 1275 e
1164 1256 1299 1276 converso
1324 1250 1381 1277 veri
1398 1250 1476 1284 justi,
1493 1251 1538 1283 qui
1566 1249 1696 1284 operibus
1720 1249 1858 1283 justitiam

1064 1294 1185 1326 exhibet,
1202 1295 1305 1322 bonum
1325 1295 1405 1322 ﬁnem
1427 1295 1573 1322 declarari.
1600 1294 1672 1327 Quid
1688 1295 1736 1321 tali
1752 1295 1859 1322 homini

1065 1339 1129 1365 boni
1148 1339 1305 1373 continget?
1318 1338 1377 1366 Jam
1396 1339 1506 1374 quidem
1517 1340 1544 1366 in
1556 1339 1696 1374 praisenti,
1720 1340 1769 1370 ait,
1795 1346 1859 1366 cum

1066 1391 1119 1410 non
1132 1384 1223 1410 videat
1240 1384 1370 1411 ultionem
1383 1384 1417 1411 de
1434 1384 1525 1418 impiis
1541 1384 1714 1416 sumendam,
1731 1391 1858 1418 saepenu-

1066 1437 1142 1457 mero
1159 1430 1243 1462 dolet,
1258 1430 1413 1465 ingemiscit
1428 1434 1456 1458 et
1474 1431 1511 1457 ait
1527 1440 1532 1457 :
1549 1430 1638 1463 Quare
1648 1431 1723 1464 impii
1735 1438 1859 1465 prospero

1066 1480 1158 1510 agunt,
1184 1476 1211 1502 in
1237 1476 1337 1502 divitiis
1363 1481 1555 1503 consenuerunt
1573 1484 1582 1502 :
1603 1484 1691 1503 semen
1716 1484 1808 1503 eorum
1826 1483 1859 1503 es:

1066 1525 1123 1548 voto
1134 1521 1262 1556 procedit,
1274 1521 1350 1559 pueri
1365 1530 1456 1548 eorum
1466 1521 1594 1549 (nitantur
1608 1526 1740 1548 sumentes
1759 1520 1858 1556 psalte—

1066 1567 1135 1594 rium
1157 1571 1181 1593 et
1195 1567 1469 1595 εἰιΙιαι-αηι⁸⁹¹ἔΝι1ηε
1493 1572 1585 1596 autem
1614 1568 1672 1603 ipsc
1696 1567 1858 1595 humiliatus

219 1612 278 1639 τῶν
292 1601 482 1647 εὖφραίνετιιι
501 1601 753 1647 ἁναλαλλόἀι-οντα
775 1611 943 1645 ψαλτήριον
963 1610 1011 1637 καὶ

1065 1612 1132 1640 dicit
1149 1622 1155 1640 :
1177 1613 1231 1640 Mei
1250 1618 1337 1640 autem
1354 1622 1417 1648 pene
1433 1615 1497 1641 moti
1508 1618 1571 1641 sunt
1591 1601 1679 1648 pedes,
1696 1621 1759 1648 pene
1780 1614 1858 1648 effusi

218 1657 358 1692 mﬂdpar,‘
379 1658 435 1685 Καὶ
447 1658 494 1684 νῦν
517 1659 531 1684 ὁ
565 1658 646 1689 αὐτὸς
670 1657 882 1692 ταπεινούμενος
912 1664 1011 1691 φησιν·

224 1700 310 1737 Ἐμοῦ
336 1702 370 1729 δὲ
392 1703 472 1736 παρὰ
491 1702 602 1738 μικρὸν
623 1703 836 1736 ἐσαυῑεύθησαν
860 1703 886 1728 οι
911 1701 1012 1734 πόδες,

217 1747 285 1781 παρ’
300 1748 404 1782 ὀλίγον
420 1747 548 1781 ἐξεχύθη
566 1747 602 1774 τὰ
619 1747 785 1782 διαϐήματά
799 1756 870 1781 μου,
891 1746 935 1773 ὅτι
950 1745 1014 1779 ἐζή-

217 1794 302 1820 λωσα
317 1792 366 1819 ἐπὶ
381 1793 442 1825 τοῖς
453 1794 586 1827 ἀνόμοις,
604 1793 728 1828 εἰρήνην
745 1792 921 1827 ἀμαρτωλοῦ
943 1794 1013 1819 θεω-

211 1837 286 1871 ρῶν.
312 1837 436 1864 Ἐπειδὰν
454 1837 481 1864 δὲ
499 1838 541 1874 ἴδῃ
555 1839 585 1864 τὸ
599 1838 675 1870 τέλος
697 1838 751 1864 τῶν
772 1837 879 1864 ἀσεῦὦν
899 1837 946 1864 καὶ
964 1837 1014 1872 τὴν

218 1884 278 1910 κατ’
292 1883 382 1910 αὐτῶν
404 1883 553 1919 ἐκδίκησιν,
571 1883 722 1919 τηνικαῦτα
736 1885 884 1920 χαρήσεται
898 1883 946 1910 καὶ
968 1883 1014 1909 εὐ-

218 1929 412 1965 φρανθήσεται,
428 1929 459 1955 οὗ
476 1931 509 1965 τῇ
527 1929 580 1955 τῶν
591 1929 697 1956 ἀσεὸὧν
711 1929 834 1965 ἀπωλείᾳ
852 1929 1013 1964 ἐπικαίρων,

217 1973 274 2001 ἀλλ’
297 1975 344 2002 ἐπὶ
368 1971 469 2010 τῇτοῦ
490 1974 557 2001 Θεοῦ
580 1974 764 2010 δικαιοκρισία
790 1974 1012 2010 εὐφραινόμενος.

217 2022 272 2049 Καὶ
280 2021 351 2055 τοὺς
361 2021 455 2054 πόδας
466 2021 493 2047 δὲ
504 2021 597 2048 αὑτοῦ
610 2021 729 2055 viderat
747 2021 782 2048 ἐν
798 2020 837 2052 τῷ
848 2020 949 2054 αἵματι
961 2018 1015 2045 τοῦ

217 2068 363 2100 ἀσεϐοῦς·
386 2067 434 2102 οὺχ
459 2067 610 2102 αἱμοπότης
627 2075 668 2098 τις
686 2065 724 2092 ὣν
749 2066 796 2093 καὶ
822 2064 1013 2100 φιλοπόλεμος,

218 2113 286 2140 ἀλλά
304 2112 502 2148 καθαιρόμενος
524 2111 568 2138 διὰ
592 2111 643 2146 τῆς
664 2111 776 2138 ἐκείνων
792 2111 943 2146 τιμωρίας,
968 2110 1015 2136 καὶ

219 2157 406 2193 βελτιούμενος
418 2157 462 2184 διὰ
475 2157 525 2192 τῆς
549 2157 649 2193 ἑτέρων
663 2158 841 2193 ἐπιστροφῆς.
859 2157 895 2183 Ἦ
911 2157 998 2188 ἄλλως
1007 2165 1013 2171 ·

217 2203 342 2237 Νίψεται
353 2203 406 2236 τὰς
419 2202 521 2238 χεῖρας
534 2203 585 2229 ἐπὶ
595 2203 634 2235 τῷ
648 2204 748 2237 αἵματι
763 2202 815 2229 τοῦ
827 2202 1014 2237 ἀμαρτωλοῦ,

1066 1663 1128 1685 sunt
1147 1667 1252 1693 gressus
1272 1659 1331 1691 mei,
1350 1660 1412 1694 quia
1439 1660 1521 1687 zelavi
1541 1667 1619 1694 super
1640 1660 1744 1694 iniquos
1768 1667 1860 1693 pacem

1066 1704 1213 1738 peccatoris
1225 1703 1317 1730 uidens
1327 1704 1360 1731 ‘°.
1377 1704 1445 1731 Cum
1465 1708 1557 1731 autem
1582 1704 1683 1731 viderit
1711 1703 1858 1738 impiorum

1066 1749 1146 1776 ﬁnem
1160 1751 1187 1777 et
1196 1749 1327 1777 ultionem
1346 1750 1380 1777 de
1396 1750 1429 1777 iis
1445 1754 1593 1785 sumptam,
1607 1753 1673 1777 tunc
1684 1749 1822 1776 laetabitur
1832 1752 1859 1776 et

1065 1794 1232 1827 exsultabit;
1252 1803 1309 1822 non
1331 1794 1364 1822 de:
1380 1795 1527 1830 impiorum
1549 1795 1633 1823 exilio
1658 1794 1791 1829 gaudens,
1810 1794 1864 1824 sed,

1066 1841 1099 1868 de
1108 1841 1185 1876 justo
1201 1841 1246 1868 Dei
1260 1841 1367 1876 judicio
1381 1842 1469 1869 laetus.
1486 1842 1569 1869 Pedes
1585 1846 1676 1869 autem
1698 1850 1760 1869 suos
1783 1842 1859 1869 lava—

1066 1887 1103 1913 bit
1129 1887 1156 1913 in
1186 1887 1316 1921 sanguine
1337 1888 1495 1921 impii:non
1521 1887 1594 1922 quod
1613 1887 1809 1922 sanguinarius
1826 1893 1859 1913 ac

1066 1931 1130 1958 belli
1143 1931 1261 1965 cupidus
1280 1931 1325 1963 sit,
1341 1931 1389 1958 sed
1401 1932 1466 1965 quia
1478 1939 1511 1959 es
1525 1939 1621 1959 eorum
1637 1931 1773 1967 supplicio
1793 1938 1858 1965 pur-

1066 1979 1156 2010 gatur,
1174 1979 1202 2002 et
1214 1975 1331 2002 aliorum
1349 1976 1532 2010 castigatione
1547 1977 1644 2004 melior
1658 1976 1784 2004 edicitur.
1795 1976 1866 2003 Sive-

1067 2020 1120 2047 alio
1139 2020 1220 2047 modo
1237 2029 1243 2050 :
1263 2019 1360 2046 Manus
1387 2020 1487 2047 iuvabit
1509 2021 1536 2046 in
1552 2021 1680 2055 sanguine
1699 2020 1857 2054 peccatoris,

1066 2066 1093 2093 id
1106 2071 1158 2098 est,
1173 2066 1347 2093 innocentem
1360 2073 1399 2098 se,
1421 2065 1591 2099 inculpatum
1608 2069 1635 2092 et
1654 2072 1753 2099 purum
1766 2073 1781 2091 a
1797 2072 1858 2099 per-

1066 2111 1138 2139 nicie
1161 2111 1223 2146 ejus
1252 2111 1390 2139 ostendet.
1407 2111 1477 2138 Cum
1502 2118 1568 2146 ergo
1596 2110 1672 2145 impii
1695 2110 1858 2145 promeritas

1066 2164 1162 2191 pcenas
1179 2156 1321 2189 dederint,
1336 2157 1429 2192 justus
1450 2159 1541 2184 autem
1566 2155 1738 2188 vindicatus,
1758 2155 1859 2190 gaudio

1067 2211 1099 2230 ac
1115 2202 1214 2243 laetitia
1225 2203 1346 2238 repletus
1378 2203 1471 2236 fuerit,
1490 2210 1587 2229 manus
1617 2209 1649 2229 ac
1671 2202 1754 2236 pedes
1781 2209 1857 2233 suos,

218 2248 305 2275 ἀθῶον
324 2249 371 2275 καὶ
384 2249 514 2280 ἀναίτιον,
529 2249 574 2275 καὶ
593 2248 712 2283 καθαρὸν
730 2249 824 2276 ἑαυτὴν
845 2248 952 2279 δεικνὺς
967 2249 1011 2283 τῆς

1067 2249 1216 2277 secundum
1232 2249 1354 2284 reliquos
1370 2250 1546 2284 interpretes,
1559 2248 1659 2276 laverit
1675 2249 1703 2275 in
1726 2247 1860 2282 sanguine

218 2294 355 2326 ἀπωλείας
375 2294 469 2321 αὐτοῦ.
494 2293 618 2320 Ἐπειδὰν
635 2292 681 2320 οὖν
702 2295 725 2320 οἱ
744 2294 792 2329 μὲν
814 2293 922 2325 ἀσεϐεῖς
937 2294 1014 2326 δίκας

217 2338 283 2364 δῶσι
297 2338 346 2370 τὰς
372 2337 562 2374 προσηκούσας
574 2347 580 2353 ·
596 2339 610 2364 ὁ
621 2338 649 2364 δὲ
668 2338 772 2369 δίκαιος
786 2338 949 2373 ὲκδικηθεὶς,
970 2339 1015 2364 εὑ-

218 2384 354 2421 φροσύνης
366 2385 414 2411 καὶ
437 2385 524 2419 χαρᾶς
541 2383 696 2419 ἐμπλησθῇ,
713 2384 761 2410 καὶ
783 2383 832 2415 τὰς
853 2385 946 2419 χεῖρας
969 2385 1015 2410 καὶ

217 2430 279 2461 τοὺς
298 2429 382 2461 πόδας
399 2429 493 2461 αὑτοῦ,
510 2429 581 2459 κατά
592 2429 656 2460 τοὺς
670 2428 780 2460 λοιποὺς
793 2429 975 2464 ὲρμηνευτὰς,
986 2430 1015 2455 ὲν

216 2473 256 2510 τῷ
271 2474 367 2510 αἵματι
388 2473 435 2500 τοῦ
448 2473 611 2509 ἀμαρτωλοῦ
624 2473 745 2509 νίψηται,
769 2474 839 2500 κατὰ
851 2473 899 2509 τὴν
915 2473 1011 2500 ἀποδο-

218 2518 309 2548 θεῖσαν
330 2519 463 2547 διάνοιαν·
481 2519 599 2554 εὐλόγως
620 2518 680 2545 τότε
704 2519 758 2551 πᾶς
784 2519 943 2555 ἄνθρωπος,
966 2519 1012 2545 καὶ

217 2566 292 2592 πᾶσα
309 2565 386 2601 φωνὴ
408 2566 455 2591 καὶ
471 2565 580 2599 γλῶσσα
595 2566 790 2599 ἀποφανεῖται.
813 2565 872 2595 ὅτι,
897 2566 931 2591 Et
956 2564 1014 2598 ἄρα

216 2610 283 2637 ἐστὶ
297 2610 411 2644 καρπὸς
427 2610 468 2642 τῷ
489 2610 602 2643 δικαίῳ,
620 2609 678 2644 ἄρα
694 2609 781 2637 ἐστὶν
802 2611 819 2636 ό
838 2610 910 2643 Θεὸς
922 2611 938 2637 o’
949 2611 1013 2643 κρί-

216 2663 277 2682 νων
290 2655 401 2689 αὐτοὺς
423 2656 458 2682 ὲν
472 2654 510 2689 τῇ
526 2655 575 2689 γῆ.
591 2656 623 2681 El
642 2655 697 2691 γάρ
720 2656 778 2681 ἐστι
801 2655 907 2691 καρπὸς
920 2656 958 2690 τῷ
974 2656 1013 2682 δι-

217 2700 297 2735 καίῳ,
319 2700 384 2735 περὶ
405 2698 435 2727 οὗ
459 2700 566 2734 καρποῦ
590 2700 697 2736 εἴρηται
718 2702 747 2726 ὲν
777 2700 878 2735 πρώτῳ
894 2701 1011 2736 ψαλμῷ·

215 2745 272 2772 Καὶ
293 2745 380 2773 ἔσται
392 2746 432 2778 ὡς
449 2745 481 2772 τὸ
506 2745 602 2777 ξύλον
626 2746 659 2772 τὸ
684 2746 912 2781 πεφυτευμένον
934 2748 1014 2781 παρὰ

216 2789 268 2823 τὰς
282 2790 437 2824 διεξόδους
461 2791 519 2818 τῶν
533 2791 661 2824 ὑδάτων,
678 2792 693 2818 ὃ
711 2792 764 2819 τὸν
781 2792 898 2826 καρπὸν
921 2793 1014 2821 αὐτοῦ

1067 2296 1232 2330 peccatoris,
1257 2295 1408 2322 secundum
1439 2294 1566 2322 traditam
1597 2293 1761 2321 sententiam
1773 2302 1783 2325 ;_
1794 2299 1860 2322 tunc

1067 2342 1165 2373 merito
1182 2341 1279 2370 omnis,
1291 2341 1384 2373 homo.
1400 2341 1491 2368 omnis
1506 2348 1558 2367 vox
1579 2343 1607 2367 et
1629 2339 1721 2374 lingua
1736 2347 1860 2374 pronun-

1067 2386 1156 2419 tiabit,
1177 2386 1207 2414 Si
1225 2387 1315 2421 utique
1338 2388 1497 2422 est-fructus
1510 2387 1596 2420 justo,
1615 2386 1704 2420 utique
1727 2390 1766 2413 est
1788 2385 1858 2413 Deus

1062 2432 1189 2466 judicans
1201 2440 1244 2459 eos
1256 2432 1283 2459 in
1298 2437 1378 2459 terra.
1399 2431 1466 2459 Nam
1484 2431 1506 2463 si
1530 2435 1572 2458 est
1595 2430 1702 2459 fructus
1721 2431 1808 2465 justo,
1825 2431 1859 2458 de

1064 2485 1119 2512 quo
1135 2477 1224 2505 fructu
1252 2477 1277 2504 in
1294 2477 1382 2512 primo
1398 2478 1503 2512 psalmo
1520 2476 1622 2502 dictum
1640 2479 1682 2503 est
1694 2477 1715 2491 “
1734 2485 1739 2502 :
1754 2475 1789 2503 Et
1808 2477 1858 2502 erit

1064 2527 1191 2557 tanquam
1207 2522 1306 2558 lignum
1322 2521 1391 2556 quod
1411 2521 1562 2556 plumatum
1580 2527 1619 2548 est
1636 2530 1711 2549 secus
1732 2521 1856 2547 decursus

1065 2576 1205 2602 aquarum,
1222 2568 1291 2602 quod
1305 2568 1422 2602 fructum
1441 2575 1518 2594 suum
1532 2567 1606 2593 dabit
1626 2568 1651 2593 in
1672 2572 1786 2600 tempore
1796 2574 1854 2593 sua.

1067 2612 1099 2638 Et
1112 2612 1204 2646 folium
1219 2612 1275 2646 ejus
1287 2620 1339 2639 non
1346 2612 1453 2645 deﬂuet,
1466 2617 1490 2638 et
1502 2612 1590 2638 omnia
1598 2620 1758 2647 quaecunque
1766 2611 1855 2645 faciet,

1063 2659 1301 2692 prosperabuntur.
1320 2658 1348 2685 Si
1376 2658 1467 2692 itaque
1497 2665 1604 2685 merces
1622 2665 1654 2684 ac
1673 2657 1780 2684 fructus
1804 2657 1856 2684 crit

1064 2704 1153 2731 l'lonus
1167 2704 1195 2731 ei
1209 2704 1255 2738 qui
1269 2703 1405 2738 justitiam
1423 2707 1553 2737 operatus
1569 2703 1615 2734 sit,
1633 2710 1715 2738 quem
1732 2704 1856 2736 tempore

1061 2749 1135 2784 justi-
1150 2748 1248 2783 judicii
1267 2747 1315 2775 Dei
1334 2748 1540 2783 recipiet;liinc
1568 2755 1634 2775 sane
1655 2751 1856 2783 consequenter

1065 2793 1236 2829 intelligitur,
1247 2792 1328 2820 etiam
1341 2797 1404 2819 ante
1417 2789 1552 2828 judicium
1569 2800 1631 2820 csso
1648 2794 1731 2826 Deum
1750 2793 1796 2828 qui
1813 2793 1855 2819 ii;-

219 2863 275 2892 h"
295 2877 346 2905 Job
361 2885 424 2911 ut,
442 2878 503 2911 7,8.
543 2878 564 2893 ⁶⁰
585 2878 656 2907 Psal.
676 2887 766 2914 tu”,
783 2879 809 2913 ‘3,
829 2881 854 2907 ὅ.
895 2881 914 2896 ⁸¹
936 2880 1007 2908 l-‘sal.
1027 2888 1045 2913 ι,
1062 2882 1086 2907 3.
