4098 6386
399 420 510 476 53$

1531 415 2031 482 COMMENTARIA
2082 420 2143 474 lN
2188 406 2521 473 l‘S.\l..\iOS.

3543 403 3610 459 55
3624 408 3647 460 ι

401 535 772 606 περιέχοντας,
802 536 1084 610 δευτέρους
1109 540 1266 605 ὄντας
1298 543 1375 611 τῷ
1400 543 1604 612 χρόνῳ·
1647 541 1772 600 τοὺς
1810 539 1866 590 δὲ
1899 537 1961 607 tri

2077 531 2291 585 etiamsi
2348 509 2682 596 posteriores
2715 531 2958 592 tempore
2994 527 3206 585 essent;
3236 534 3332 573 eos
3381 532 3511 572 vero
3554 518 3648 586 qui

401 629 576 696 χρόνῳ
599 627 864 697 πρώτους,
890 631 1173 701 δευτέρους
1207 633 1431 701 συνῆψε,
1466 632 1540 694 ὡς
1566 631 1630 684 ἂν
1653 630 1975 684 καλύπτοιτο

397 718 466 768 τὰ
499 718 597 786 τῆς
629 718 1079 790 ’ἐξομολογήσεως
1110 724 1196 776 διὰ
1240 725 1338 792 τῆς
1382 723 1489 776 τῶν
1537 719 1973 790 κατορθωμάτων

396 809 642 877 μνήμης.
674 810 843 863 Τοῦτο
884 813 1058 866 τοίνυν
1101 816 1193 867 καὶ
1223 816 1253 866 ὁ
1304 813 1488 884 παρὼν
1518 812 1794 880 συνίστησι
1835 810 1972 879 ψαλ-

399 898 530 968 μός·
564 901 807 970 συνήθως
837 903 892 954 δὲ
934 906 1187 974 εἰρήσθω,
1219 906 1446 975 ἐπείπερ
1477 904 1571 956 καὶ
1603 902 1763 964 αὐτὸς
1787 901 1973 970 στηλο-

398 989 920 1062 ῒίραφίαδτυγχάνει,
973 997 1463 1066 ὲπισημαινόμενος
1513 994 1633 1046 καθ’
1674 993 1730 1044 ὃν
1779 991 1968 1061 ἐλέχθη

396 1082 609 1151 καιρόν·
643 1078 710 1152 ἦν
749 1083 805 1135 δὲ
825 1080 1000 1148 οὗτος,
1038 1086 1247 1140 Ὁπότε
1285 1086 1606 1140 ἀπέστειλε
1646 1084 1843 1137 Σαοὺλ
1872 1084 1968 1135 καὶ

391 1174 660 1240 ἐφύλαξε
689 1173 794 1226 τὸν
826 1170 994 1227 οἷκον
1025 1176 1231 1242 αὑτοῦ,
1266 1176 1370 1228 τοῦ
1392 1174 1726 1228 θανατῶσαι
1765 1172 1967 1225 αὐτὸν.

398 1261 737 1330 Πλατύτερον
757 1262 813 1314 δὲ
858 1263 953 1332 τὴν
994 1264 1233 1334 ἱστορίαν
1263 1266 1295 1334 ἡ
1324 1263 1526 1334 πρώτη
1541 1264 1649 1315 τῶν
1680 1261 1970 1315 Βασιλειῶν

397 1351 711 1419 παρίστησι,
739 1350 924 1403 τοῦτον
939 1351 1134 1420 ἔχουσα
1166 1353 1254 1405 τὸν
1270 1354 1487 1424 τρόπον·
1516 1352 1624 1405 Kal
1648 1352 1968 1420 προσέθετο

392 1440 656 1506 πόλεμος
685 1439 976 1508 γενέσθαι·
1011 1442 1105 1494 καὶ
1135 1443 1469 1508 κατίσχυσε
1490 1441 1688 1506 Δαυῒδ,
1724 1441 1822 1494 καὶ
1841 1443 1971 1494 ἐπο-

391 1524 620 1593 λέμησε
664 1528 804 1592 τοὺς
851 1530 1258 1597 ἀλλοφύλους,
1291 1531 1384 1583 καὶ
1415 1530 1712 1595 ἐπάταξεν
1751 1531 1968 1595 αὐτοὺς

391 1617 640 1684 πληγὴν
657 1619 934 1686 μεγάλην
967 1620 1221 1688 σφόδρα,
1260 1621 1355 1672 καὶ
1392 1619 1620 1688 ἔφυγον
1670 1619 1739 1672 ἐκ
1783 1637 1969 1687 προσ-

389 1705 555 1760 ώπου
604 1709 809 1762 αὐτοῦ.
857 1709 964 1764 Kal
1014 1710 1246 1780 ἐγένετο
1301 1711 1534 1778 πνεῦμα
1562 1711 1826 1777 πονηρὸν
1869 1711 1965 1763 ἐπὶ

393 1797 610 1848 Σαούλ·
640 1797 736 1850 καὶ
760 1797 940 1862 αὐτὸς
965 1799 1034 1850 ἐν
1065 1799 1211 1865 οἴκῳ
1244 1799 1567 1862 καθεύδων,
1599 1801 1696 1852 καὶ
1733 1800 1877 1867 δόρυ
1900 1800 1968 1851 ὲν

2076 620 2238 688 primi
2293 627 2560 686 tempore,
2613 612 2886 669 secundos
2933 609 3181 679 adjectus
3241 625 3386 671 esse,
3420 619 3479 661 ut
3501 614 3649 661 recte

2077 711 2344 764 factorum
2377 706 2639 762 memoria
2694 719 2757 759 ea
2807 717 2927 772 qua:
2957 700 3362 755 confessionem
3397 699 3649 752 contine-
3732 691 3739 698 ’

2076 809 2195 854 rent
2251 799 2656 866 obtegerentur.
2700 789 2813 848 [loc
2885 793 3070 862 itaque
3116 790 3370 860 praesenti
3437 790 3652 858 psalmo

2074 890 2484 958 comprobatur,
2542 887 2710 956 (quod
2754 892 3023 940 consueto
3083 897 3235 936 more
3287 881 3495 934 dictum
3557 881 3649 946 sit)

2073 973 2199 1049 quia
2230 979 2373 1033 tituli
2405 979 2697 1046 inscriptio
2743 986 2860 1042 est;
2893 984 3187 1043 notamque
3227 972 3486 1042 temporis
3519 987 3654 1040 pra:-

2073 1068 2177 1122 l‘ert
2210 1083 2317 1136 quo
2337 1068 2518 1122 editus
2553 1066 2674 1127 fuit,
2712 1065 2959 1129 scilicet,
2981 1063 3208 1129 Quando
3238 1063 3378 1114 misit
3413 1060 3567 1123 Saul,
3602 1071 3654 1115 et

2071 1159 2354 1213 custodivit
2383 1158 2598 1212 domum
2629 1159 2768 1224 ejus,
2801 1164 2856 1208 ut
2891 1169 3009 1208 eum
3045 1154 3386 1222 interﬁceret.
3422 1152 3530 1205 Sed
3571 1150 3660 1204 fu~

2071 1250 2187 1306 sius
2215 1250 2497 1305 historiam
2529 1255 2753 1302 enarrat
2791 1247 3002 1315 primus
3028 1244 3340 1314 Regnorum
3377 1244 3536 1310 liber,
3559 1242 3658 1312 qui

2071 1339 2150 1392 sic
2183 1340 2347 1393 habet
2381 1358 2394 1392 :
2439 1336 2748 1404 Metumque
2788 1343 2866 1389 est
2904 1344 3078 1387 autent
3125 1335 3318 1386 iterum
3347 1333 3576 1392 bellum;
3603 1340 3656 1384 et

2070 1431 2330 1496 superavit
2361 1428 2554 1494 David,
2582 1425 2963 1494 debellavitque
2985 1424 3308 1493 allopltglos,
3349 1431 3396 1476 et
3441 1438 3656 1489 percus-

2070 1522 2136 1572 sit
2167 1538 2252 1574 eos
2276 1522 2436 1589 plaga
2471 1535 2665 1587 magna
2684 1515 2920 1579 valde,et
2950 1515 3197 1584 fugerunt
3228 1514 3412 1581 afacie
3428 1513 3563 1580 ejus.
3588 1510 3656 1568 Et

2069 1611 2242 1678 factus
2277 1619 2356 1662 est
2386 1609 2610 1677 spiritus
2640 1605 2814 1658 malus
2840 1607 2895 1657 in
2915 1603 3272 1671 Saul:etipse
3297 1605 3350 1655 in
3374 1603 3531 1655 domo
3555 1619 3656 1655 sua

2069 1698 2380 1761 dormiebat,
2400 1697 2650 1750 etlancea
2669 1697 2722 1747 in
2741 1710 2898 1746 manu
2914 1694 3232 1760 ejus:porra
3259 1691 3426 1744 David
3459 1691 3656 1760 psalle-

2072 1790 2158 1842 bat
2179 1787 2418 1840 manibus
2444 1787 2576 1840 suis.
2599 1785 2666 1838 Et
2685 1783 2954 1854 qurerebat
2973 1783 3388 1850 Saulpercutere
3403 1781 3654 1836 Davidem

391 1881 466 1949 τῇ
500 1885 648 1950 χειρὶ
697 1886 881 1940 αὐτοῦ
904 1906 916 1918 η
947 1888 1043 1939 καὶ
1081 1888 1208 1940 ἰδοὺ
1235 1889 1415 1942 Δαυῒδ
1437 1891 1710 1956 ἔψαλλεν
1738 1892 1806 1943 ἐν
1841 1891 1961 1954 ταῖς

2072 1882 2252 1934 lancea
2271 1895 2288 1930 :
2311 1888 2357 1932 et
2373 1877 2652 1931 declinavit
2671 1874 2842 1928 David
2863 1892 2892 1926 a
2915 1874 3050 1942 facie
3068 1871 3222 1936 Saul,
3253 1883 3302 1926 et
3324 1872 3506 1926 lancea
3533 1889 3653 1941 per-

390 1978 819 2043 χερσὶναύτοῦ.
843 1980 946 2033 Καὶ
960 1978 1143 2045 ἐζήτει
1161 1979 1358 2033 Σαοὺλ
1372 1980 1626 2044 πατάξαι
1644 1980 1705 2032 τὸ
1727 1981 1870 2048 δόρυ
1882 1983 1968 2045 εἰς

391 2067 588 2120 Δαυῒδ
611 2068 706 2121 καὶ
723 2068 954 2137 ἀπέστη
983 2070 1163 2124 Δα-υῒδ
1186 2071 1252 2124 ἐκ
1279 2071 1602 2140 προσώπου
1629 2072 1847 2135 Σαοὺλ,
1867 2070 1964 2123 καὶ

385 2157 648 2221 ἐπάταξε
667 2159 732 2212 τὸ
749 2157 891 2226 δόρυ
917 2161 1005 2226 εὶς
1020 2159 1126 2216 τὸν
1141 2161 1362 2230 τοῖχον.
1396 2162 1505 2215 Καὶ
1530 2161 1710 2215 Δαυῒδ
1737 2161 1963 2229 ἀνεχώ-

384 2264 411 2314 ί
430 2263 538 2314 nos
559 2248 656 2301 καὶ
676 2247 946 2317 διεσώθη.
961 2251 1071 2304 Καὶ
1090 2250 1341 2322 ἐγενήθη
1364 2252 1433 2306 ἐν
1455 2251 1528 2320 τῇ
1547 2252 1719 2305 νυκτὶ
1741 2252 1962 2319 ἐκείνῃ,

384 2337 489 2390 καὶ
513 2338 868 2414 ἀπέστειλεν
887 2340 1181 2410 ἀγγέλους
1203 2345 1290 2408 εὶς
1313 2344 1482 2397 οἷκον
1499 2343 1678 2396 Δαυῒδ
1700 2342 1964 2411 φυλάξαι

383 2430 588 2494 αὐτὸν,
619 2431 724 2484 τοῦ
748 2432 1083 2486 θανατῶσαι
1113 2436 1300 2488 αὑτὸν
1325 2437 1490 2503 πρωΐ.
1505 2435 1613 2488 Καὶ
1645 2434 1963 2504 ἀνήγγειλε

386 2517 465 2581 τῷ
491 2519 670 2572 Δαυῒδ
705 2522 970 2590 Μελχὸλ,
1007 2525 1043 2602 ei
1084 2525 1234 2592 γυνὴ
1261 2525 1469 2587 αὐτοῦ,
1500 2525 1807 2594 λέγουσαν
1832 2525 1965 2576 Ἐὰν

377 2605 596 2675 μὴ’σὺ
645 2611 846 2679 σωθῇς
884 2612 997 2679 τὴν
1044 2613 1258 2681 ψυχὴν
1303 2615 1564 2667 σεαυτοῦ
1615 2615 1726 2681 τὴν
1776 2615 1963 2667 νύκτα

385 2699 629 2765 ταύτην,
659 2700 868 2767 αὔριον
898 2701 1312 2770 θανατωθήσῃ.
1338 2703 1442 2755 Καὶ
1475 2701 1713 2772 κατάγει
1741 2704 1778 2768 νὴ
1803 2705 1960 2754 Μελ-

384 2789 500 2855 χὸλ
532 2790 637 2841 τὸν
673 2787 854 2841 Δαυῒδ
878 2787 974 2840 διὰ
1011 2787 1118 2855 τῆς
1145 2789 1403 2856 θυρίδος,
1451 2790 1548 2842 καὶ
1587 2790 1821 2857 ἀπῆλθε
1862 2792 1959 2842 καὶ

384 2879 569 2946 ﬁgure
598 2919 612 2942 ,
662 2879 759 2931 καὶ
811 2877 1092 2938 σώζεται·
1156 2879 1244 2930 ὅτε
1308 2881 1400 2932 καὶ
1445 2880 1542 2951 τὴν
1593 2881 1960 2951 προκειμένην

389 2966 794 3035 στηλογραφίαν
827 2968 1135 3020 συντάττειο
1167 2968 1247 3020 διὸ
1278 2969 1695 3040 προγέγραπται
1721 2986 1734 2998 ⁶
1765 2973 1869 3035 Εἰς
1895 2971 1960 3022 τὸ

386 3052 585 3117 τέλος,
596 3053 681 3120 μὴ
699 3053 1061 3121 διαφθείρῃς,
1079 3054 1157 3120 τῷ
1181 3056 1363 3109 Δαυῒδ
1382 3060 1469 3122 εὶς
1485 3045 1957 3127 στηλοικραρίαν,

386 3143 566 3195 ὁπότε
592 3142 913 3216 ἀπέστειλε
939 3146 1139 3198 Σαοὺλ
1161 3137 1301 3210 ,καὶ
1337 3147 1603 3215 ἐφύλαξε
1650 3149 1756 3201 τὸν
1794 3150 1960 3203 οἷκον

382 3230 568 3283 αὑτοῦ
608 3231 714 3283 τοῦ
761 3233 1099 3286 θανατῶσαι
1143 3235 1348 3288 αὐτόν.
1395 3236 1467 3288 Τὸ
1507 3237 1604 3305 μὲν
1633 3233 1754 3304 οὖν,
1783 3241 1869 3308 εἰς
1895 3240 1957 3292 τε)

383 3320 556 3383 τέλος
603 3318 680 3383 τῷ
725 3322 924 3386 Δαυῒδ,
973 3325 1182 3388 καὶτὸ,
1224 3325 1310 3394 μὴ
1361 3325 1736 3397 διαφθείρῃς,
1783 3330 1876 3382 καὶ
1924 3330 1960 3396 ἡ

382 3411 816 3479 στηλοηοαφία,
867 3413 1045 3482 τρίτον
1074 3414 1172 3484 ἤδη
1207 3416 1419 3491 εἴρηται
1466 3416 1662 3488 ἐφεξῆς
1687 3435 1698 3446 ·
1736 3418 1870 3477 ἀλλὰ
1901 3419 1961 3476 τὸ

387 3496 483 3564 μὲν
517 3497 760 3566 πρῶτον,
805 3500 990 3571 ἕτερον
1039 3502 1277 3572 ὲσήμανε
1313 3505 1541 3574 καιρὸν,
1587 3506 1645 3558 ὃν
1690 3506 1875 3576 ἐδήλου
1926 3511 1958 3577 ἡ

385 3585 677 3654 προγραφὴ
731 3586 992 3654 λέγουσα-
1063 3590 1264 3643 Ὁπότε
1311 3593 1655 3662 ἐκράτησαν
1690 3595 1878 3649 αὐτὸν
1909 3601 1960 3650 οἱ

383 3673 719 3741 ἀλλόρυ.»ῖοι
749 3677 818 3728 ἐν
846 3677 962 3729 reo
983 3694 996 3706 '
1031 3679 1090 3730 τὸ
1123 3680 1178 3731 δὲ
1210 3681 1480 3752 δεύτερον,
1521 3685 1615 3736 Ἐν
1647 3684 1726 3749 τῷ
1757 3684 1961 3738 ἀποδι-

381 3761 673 3829 δράσκειν
729 3767 916 3820 αὐτὸν
979 3767 1096 3820 ἀπὸ
1147 3769 1467 3834 προσώπου
1515 3773 1714 3825 Σαοὺλ
1761 3777 1848 3838 εὶς
1893 3773 1960 3825 τὸ

382 3854 720 3920 σπήλαιον·
760 3857 991 3910 ἐνταῦθα
1019 3857 1096 3922 δὲ,
1145 3859 1357 3912 Ὁπότε
1381 3861 1701 3916 ἀπέστειλε
1738 3864 1957 3925 Σαοὺλ,

383 3945 480 3996 καὶ
538 3945 804 4016 ἐφύλαξε
851 3947 958 4000 τὸν
1005 3949 1173 4001 οἷκον
1217 3950 1403 4002 αὑτοῦ
1461 3952 1567 4003 τοῦ
1625 3952 1959 4006 θανατῶσαι

381 4037 585 4088 αὐτόν.
616 4037 688 4089 Τὸ
717 4037 771 4089 δὲ
797 4038 966 4090 αἴτιον
1015 4039 1114 4108 τῆς
1149 4040 1242 4092 τοῦ
1278 4041 1449 4093 Σαοὺλ
1494 4042 1633 4095 κατὰ
1679 4043 1770 4095 τοῦ
1801 4043 1960 4095 Δαυῒδ

382 4125 672 4196 ἐπιϐουλῆς
715 4127 906 4196 φθόνος
949 4118 1038 4200 ἦν.
1091 4130 1307 4204 Ἐπειδὴ
1358 4131 1466 4202 γὰρ
1516 4133 1626 4202 τὴνΔ
1677 4133 1818 4187 κατὰ
1863 4133 1957 4186 τοῦ

381 4216 680 4287 ἀλλοφύλου
713 4219 904 4272 Γολιαο
936 4221 1106 4292 ἤρατο
1135 4222 1310 4292 νίκην,
1350 4223 1570 4293 ὑμνεῖτο
1596 4240 1653 4276 τε
1685 4225 1776 4277 ἐπὶ
1805 4224 1959 4277 τοῦτο

383 4309 534 4384 παρὰ
580 4314 692 4372 τοῖς
747 4307 902 4376 πᾶσι,
940 4314 1129 4366 τούτου
1172 4314 1332 4384 χάριν
1383 4314 1607 4384 ὡρμᾶτο
1653 4315 1957 4369 θανατῶσαι

382 4401 576 4473 αὐτόν·
626 4403 720 4455 καὶ
765 4403 1000 4472 μάλιστα
1035 4405 1123 4455 ὅτε
1170 4401 1328 4467 εἶδεν,
1359 4404 1433 4468 ὡς
1477 4405 1678 4476 Κύριος
1724 4402 1791 4476 ἦν
1825 4407 1959 4476 μετὰ

2070 1971 2232 2022 cussit
2253 1969 2530 2036 parietem.
2567 1967 2735 2019 David
2771 1974 2948 2018 autent
2985 1965 3195 2017 recessit
3223 1973 3270 2016 et
3293 1964 3531 2016 salvatus
3553 1971 3650 2015 est.

2070 2056 2136 2112 Et
2174 2060 2374 2127 factum
2411 2067 2488 2110 est
2519 2057 2574 2109 in
2603 2065 2751 2109 nocte
2782 2054 2900 2119 illa,
2939 2053 3082 2106 misit
3105 2053 3316 2106 nuntios
3352 2053 3401 2104 in
3439 2051 3652 2104 domum

2072 2149 2259 2210 David,
2293 2150 2384 2218 qui
2418 2145 2743 2202 custodirent
2773 2145 2946 2208 illum,
2978 2152 3036 2196 ut
3077 2144 3457 2212 interﬁceretur
3478 2158 3650 2196 mane.

2070 2239 2135 2292 Et
2165 2239 2480 2293 renuntiavit
2521 2237 2713 2290 Daridi
2769 2234 3019 2298 Melo/ml,
3060 2249 3195 2286 uxor
3241 2233 3377 2302 ejus,
3423 2233 3600 2285 dicens
3634 2248 3652 2285 :

2069 2335 2190 2389 Nisi
2223 2336 2510 2388 salraveris
2543 2335 2776 2386 animam
2811 2340 2957 2404 tuam
2987 2329 3086 2382 hac
3116 2338 3298 2392 nocte,
3332 2344 3451 2380 cras
3485 2328 3651 2380 inter-

2067 2429 2281 2496 ﬁcieris.
2326 2427 2392 2479 Et
2429 2427 2639 2480 demisit
2665 2424 2894 2477 Melchol
2925 2421 3178 2474 Davidem
3216 2435 3306 2488 per
3345 2419 3650 2496 fenestram,

2063 2492 2221 2586 porro
2251 2518 2340 2571 ille
2369 2518 2502 2570 abiit
2531 2525 2580 2570 et
2608 2516 2838 2583 aufugit,
2873 2523 3028 2582 atque
3051 2513 3285 2566 salvatus
3314 2517 3391 2563 est
3419 2492 3516 2563 “5...
3534 2508 3653 2573 Quo

2067 2618 2308 2675 tempore
2335 2607 2476 2660 hanc
2518 2606 2662 2658 tituli
2687 2605 3103 2672 inscriptionem
3134 2601 3302 2655 edidit
3330 2619 3342 2653 :
3376 2613 3543 2667 quare
3571 2599 3654 2653 sic

2066 2699 2258 2751 titulus
2284 2697 2447 2749 habet
2476 2715 2488 2749 :
2535 2694 2596 2748 In
2626 2696 2805 2762 ﬁnem,
2833 2711 2892 2746 ne
2910 2693 3207 2758 disperdas,
3231 2690 3401 2742 David
3428 2691 3482 2741 in
3509 2689 3654 2741 tituli

2064 2789 2476 2856 inscriptionem,
2505 2787 2714 2856 quando
2747 2786 2890 2837 misit
2923 2783 3084 2846 Saul,
3138 2792 3186 2836 et
3219 2781 3498 2835 custodiuit
3550 2779 3650 2832 da-

2066 2896 2207 2932 mum
2237 2879 2351 2949 ejus
2377 2919 2392 2944 ,
2433 2890 2488 2933 ut
2513 2895 2638 2932 eum
2671 2877 3010 2944 interﬁceret.
3049 2873 3182 2927 Illud
3217 2887 3367 2942 ergo,
3405 2873 3456 2923 in
3493 2871 3657 2938 ﬁnem

2066 2971 2255 3026 Davidi
2276 3012 2290 3035 ,
2327 2984 2380 3025 et
2414 2970 2570 3033 illud,
2616 2986 2677 3022 ne
2704 2967 2980 3037 disperdas
3002 3006 3017 3030 ,
3049 2974 3103 3019 et
3159 2963 3302 3036 tituli
3337 2962 3648 3028 inscriptio,

2060 3065 2170 3133 jam
2204 3065 2364 3117 tertio
2404 3068 2806 3130 consequenter
2828 3061 3032 3113 dictum
3071 3067 3174 3113 est.
3201 3057 3266 3110 At
3292 3057 3468 3126 primo
3504 3055 3647 3106 aliud

2066 3163 2288 3223 tempus
2321 3152 2606 3216 indicavit,
2632 3166 2726 3220 per
2757 3151 2974 3203 titulum
3006 3147 3334 3215 scilicet‘qui
3360 3146 3439 3200 sic
3467 3145 3648 3208 habet,

2067 3245 2292 3310 Quando
2327 3251 2600 3297 tenuerunt
2627 3259 2744 3296 eum
2776 3240 3030 3308 allaphgli
3089 3241 3140 3292 in
3175 3237 3304 3291 G‘eth
3336 3239 3415 3303 ⁶⁶;
3458 3252 3653 3290 secun-

2063 3334 2132 3387 do
2154 3334 2306 3397 item,
2332 3333 2465 3386 Cum
2491 3333 2687 3400 fugeret
2727 3348 2758 3382 a
2785 3330 2919 3398 facie
2941 3328 3122 3393 Saulis
3151 3329 3205 3379 in
3235 3327 3536 3393 speluncam
3567 3323 3612 3354 ⁵⁷·
3630 3340 3656 3386 ;

2064 3420 2152 3473 hic
2190 3436 2339 3483 vero,
2372 3419 2599 3484 Quando
2629 3418 2775 3471 misit
2829 3416 2992 3479 Saul,
3041 3424 3090 3468 et
3121 3412 3655 3480 custodivit’dumum

2063 3511 2174 3579 ejus
2200 3551 2214 3574 ,
2267 3519 2323 3562 ut
2358 3526 2475 3563 eum
2504 3509 2840 3578 interﬁceret.
2897 3509 3073 3561 Causa
3113 3519 3274 3572 porro
3320 3502 3645 3556 insidiarum

2065 3599 2246 3653 Saulis
2288 3600 2341 3652 in
2379 3599 2656 3663 Davidem,
2683 3597 2887 3652 invidia
2922 3603 3058 3651 erat.
3093 3595 3227 3647 Cum
3258 3594 3402 3648 enim
3435 3593 3502 3645 de
3531 3590 3641 3644 Go—

2063 3689 2196 3742 liath
2235 3689 2524 3758 Allophylo
2555 3688 2839 3742 victoriam
2878 3686 3173 3746 retulisset,
3211 3691 3264 3737 ct
3299 3682 3367 3736 ab
3395 3681 3649 3736 omnibus

2062 3793 2124 3830 ea
2153 3778 2218 3831 de
2257 3792 2423 3831 causa
2454 3773 3020 3845 celebraretur,‘_ideo
3058 3773 3124 3827 ad
3158 3772 3279 3841 ejus
3301 3770 3498 3845 ctedem
3531 3770 3648 3822 ani-

2063 3882 2209 3920 mum
2245 3866 2456 3934 appulit
2483 3884 2494 3917 :
2533 3865 2770 3918 iunxime
2802 3879 2932 3919 vero
2956 3878 3081 3934 cum
3126 3861 3335 3918 videret
3359 3859 3651 3914 Dominum

2061 3973 2182 4012 esse
2220 3973 2344 4009 eum
2379 3956 2581 4009 Davide
2607 3993 2621 4018 ,
2676 3971 2740 4008 ac
2779 3969 2894 4009 rem
2947 3951 3235 4026 perspicue
3289 3951 3652 4020 intelligeret,

2063 4047 2463 4115 universusque
2510 4045 2679 4098 Israel
2732 4051 2784 4099 et
2837 4041 2973 4095 Juda
3028 4041 3286 4095 Davidem
3345 4040 3646 4093 adamaretz

2062 4138 2216 4196 Tunc
2250 4151 2375 4194 vero
2405 4135 2678 4206 prmcipue
2708 4133 3042 4188 inﬂammata
3087 4130 3362 4185 aemulatio
3389 4137 3496 4193 est,
3520 4144 3648 4194 cum

2062 4229 2369 4283 adverteret
2398 4242 2520 4282 eum
2546 4241 2648 4294 ope
2668 4233 2723 4280 et
2752 4223 2954 4278 auxilio
2979 4221 3072 4276 Dei
3106 4223 3159 4275 in
3200 4221 3358 4274 bellis
3391 4221 3654 4288 superioa

2063 4333 2176 4372 rem
2216 4331 2357 4372 esse.
2396 4316 2482 4368 Ait
2519 4330 2650 4384 ergo
2685 4312 3008 4382 Scriptura:
3056 4311 3121 4364 Et
3170 4308 3298 4364 vidit
3343 4308 3648 4377 Sanl'quod

2063 4407 2318 4460 Dominus
2365 4415 2498 4459 esset
2528 4421 2646 4457 cum
2685 4402 2855 4456 David
2882 4444 2898 4468 ,
2940 4412 2989 4456 et
3037 4403 3208 4456 omnis
3246 4399 3419 4453 Israel
3461 4398 3647 4468 dilige-

379 4491 472 4543 τοῦ
504 4491 683 4556 Δαυῒδ,
702 4494 795 4546 καὶ
817 4495 976 4556 αὐτὸς
1006 4496 1204 4565 συνῆκε
1234 4497 1456 4566 σφῶρα,
1487 4495 1579 4549 καὶ
1600 4499 1708 4559 πᾶς
1749 4499 1961 4569 Ἰσραὴλ

2067 4507 2141 4552 ret
2191 4514 2329 4550 eum.
2373 4495 2438 4548 Et
2489 4496 2639 4562 ca'pil
2690 4495 2858 4563 magis
2895 4494 3075 4546 timere
3122 4491 3291 4545 David
3323 4532 3336 4553 ,
3379 4502 3427 4543 et
3473 4489 3644 4558 facta;

381 4583 474 4636 xui.
519 4585 686 4637 Ἰούδα
716 4587 904 4654 ἠγάπα
939 4586 1030 4638 τὸν
1060 4587 1238 4640 Δαυῒδ.
1270 4589 1390 4640 Ἔτι
1422 4605 1479 4640 τε
1517 4588 1714 4658 μᾶλλον
1747 4590 1953 4660 ἐξήφθη

377 4674 447 4725 τὰ
492 4676 588 4744 τῆς
624 4675 994 4746 ζηλοτυπίας,
1040 4679 1114 4741 ὡς
1161 4677 1307 4749 ἑώρα
1353 4680 1513 4731 αὑτὸν
1562 4680 1864 4750 κρατοῦντα
1898 4684 1954 4733 ὲν

382 4762 637 4832 πολέμοις
671 4763 959 4834 συνεργείᾳ
1005 4767 1097 4816 καὶ
1147 4765 1367 4836 βοηθείᾳ
1405 4766 1560 4819 Θεοῦ.
1592 4769 1751 4835 Λέγει
1787 4767 1830 4818 δ’
1865 4764 1956 4822 οὖν

315 4855 322 4859 ’
382 4853 416 4921 ἡ
439 4853 626 4923 Γραφή
645 4870 659 4883 ο
692 4854 801 4906 Kal
827 4851 946 4907 εἷδε
975 4854 1192 4920 Σαοὺλ,
1221 4855 1310 4907 ὅτι
1346 4857 1562 4923 Κύριος
1581 4859 1732 4924 μετὰ
1752 4858 1954 4920 supra,

380 4939 477 4991 καὶ
519 4940 636 5005 πᾶς
675 4942 911 5008 Ἰσραὴλ
966 4943 1170 5012 ἠγάπα
1221 4946 1426 4997 αὐτόν.
1480 4947 1588 4998 Kal
1629 4947 1956 5013 προσέθετο

379 5032 762 5087 εὐλαϐεῖσθαι
807 5034 923 5086 ἀπὸ
972 5036 1153 5090 Δαυῒδ
1188 5037 1295 5089 ἔτι.
1342 5037 1449 5090 Kal
1491 5036 1726 5104 ἐγένετο
1777 5037 1958 5091 Δαυῒδ

378 5123 592 5190 ἐχθρὸς
630 5122 736 5175 τοῦ
789 5124 988 5177 Σαοὺλ
1033 5125 1235 5191 πάσας
1276 5125 1383 5190 τὰς
1431 5126 1673 5195 ἡμέρας.
1715 5128 1868 5180 Ἐπεὶ
1899 5127 1954 5180 δὲ

379 5213 472 5264 καὶ
498 5202 672 5279 αὖθις
697 5215 1021 5281 προσέθετο
1047 5220 1311 5286 πόλεμος
1339 5217 1636 5285 γενέσθαι,
1680 5219 1776 5271 καὶ
1817 5236 1956 5270 κατ-

378 5300 602 5367 ίσχυσε
627 5300 830 5366 Δαυῒδ,
855 5305 955 5357 καὶ
995 5305 1337 5374 ἐπολέμησε
1372 5306 1514 5370 τοὺς
1541 5307 1952 5374 ἀλλοφύλους,

377 5389 476 5440 καὶ
515 5385 818 5454 ἐπάταξεν
861 5391 931 5444 ἐν
968 5393 1172 5459 αὐτοῖς
1210 5395 1454 5462 πληγὴν
1492 5394 1766 5463 μεγάλην
1787 5436 1802 5458 ,
1852 5395 1948 5446 καὶ

376 5476 604 5546 ἔφυγον
628 5480 696 5533 ἐκ
740 5473 1062 5549 προσώπου
1092 5485 1302 5538 αὐτοῦ’
1333 5485 1494 5539 πάλιν
1528 5487 1586 5538 τὸ
1612 5483 1826 5553 πνεῦμα
1857 5484 1950 5536 τοῦ

378 5564 574 5634 φθόνου
618 5569 710 5622 τὸν
745 5572 913 5627 Σαοὺλ
963 5573 1219 5641 ἔπνιγεν,
1268 5575 1343 5639 ὡς
1387 5577 1486 5644 ἤδη
1523 5576 1614 5628 καὶ
1661 5575 1951 5646 αὐτόχειρα

1190 5688 1250 5760 θθθ
1290 5685 1430 5742 Psal.
1476 5704 1560 5754 ιν,
1601 5689 1645 5742 ι.

1763 5690 1804 5719 ⁵⁷
1847 5687 1982 5741 Psal.
2051 5701 2171 5749 Lvt,
2211 5683 2255 5736 ι.

2053 4598 2128 4642 est
2158 4587 2326 4640 David
2347 4587 2590 4639 inimicus
2606 4584 2995 4638 Saulomnibus
3013 4582 3192 4636 diebus
3212 4583 3274 4634 ⁵⁸.
3303 4580 3436 4634 Cum
3461 4587 3642 4631 autem

2056 4677 2245 4728 iterum
2298 4682 2494 4726 motum
2551 4681 2627 4724 est
2678 4671 2903 4732 bellant,
2950 4680 2999 4723 et
3030 4669 3295 4736 superarit
3326 4666 3518 4731 David,
3551 4666 3643 4718 de-

2060 4765 2370 4832 bellavilque
2413 4762 2736 4831 allopltylos,
2778 4770 2826 4813 et
2869 4759 3127 4826 percussit
3183 4773 3268 4810 eos
3323 4756 3480 4824 plaga
3531 4772 3645 4807 ma-

2059 4870 2182 4922 gna,
2219 4863 2267 4906 et
2306 4853 2546 4921 fugerunt
2597 4869 2628 4903 a
2687 4851 2824 4918 facie
2876 4851 2990 4918 ejus
3021 4853 3107 4913 “9;
3150 4848 3376 4917 spiritus
3428 4847 3646 4900 invidia:

2061 4960 2252 4997 rursus
2284 4942 2501 4997 Saulem
2533 4941 2856 5004 suﬂocabat,
2895 4951 2952 4993 ut
2977 4941 3089 5008 jam
3121 4953 3284 4992 manu
3315 4939 3532 5007 pmpria
3563 4939 3642 4990 vi—

2057 5048 2175 5086 rum
2207 5032 2498 5087 confodere
2539 5033 2718 5086 vellet.
2765 5030 2806 5082 Τ
2812 5031 3017 5084 entavit
3060 5045 3190 5098 ergo
3231 5029 3418 5082 lancea
3451 5043 3643 5095 percu-

2059 5132 2189 5187 tere,
2228 5131 2281 5176 ct
2318 5113 2441 5177 cuin
2467 5123 2782 5176 aberrasset
2816 5122 2883 5174 ab
2914 5122 3044 5182 ictu,
3079 5136 3184 5172 non
3215 5121 3354 5171 clam
3389 5117 3637 5178 ulterius,

2057 5213 2150 5266 sed
2181 5213 2380 5280 palam,
2415 5209 2595 5264 missis
2631 5212 2683 5262 in
2720 5211 2940 5263 domum
2968 5208 3133 5262 David
3157 5207 3511 5266 satellitibus,
3543 5221 3639 5258 nc-

2057 5317 2173 5356 cem
2204 5301 2405 5356 inferre
2438 5301 2664 5370 cupivit.
2703 5299 2794 5353 Ille
2825 5313 2952 5353 vero
2989 5297 3040 5350 in
3073 5296 3388 5366 hujusmodi
3418 5293 3642 5348 calami~

2057 5400 2166 5446 tate
2201 5399 2518 5459 praesentem
2564 5391 2704 5443 tituli
2739 5387 3154 5456 inscriptionem
3185 5386 3376 5448 edidit,
3405 5384 3640 5440 emissos

2056 5499 2161 5552 que
2190 5483 2428 5535 clamore
2456 5481 2623 5534 Deum
2672 5485 2924 5548 precatus
2961 5478 3046 5531 his
3092 5477 3272 5531 verbis
3303 5483 3388 5530 est
3418 5495 3430 5528 :
3482 5473 3642 5540 Eripe

2060 5587 2138 5622 me
2163 5569 2225 5622 de
2266 5569 2497 5622 inimicis
2550 5569 2698 5631 meis,
2738 5566 2874 5618 Deus
2903 5605 2916 5629 ,
2953 5576 2999 5617 et
3058 5566 3122 5617 ab
3156 5563 3538 5632 insurgentibus
3584 5565 3637 5615 in

2339 5683 2381 5714 5"
2420 5677 2438 5733 Ι
2473 5678 2602 5751 Reg.
2674 5695 2799 5732 xvtzl
2826 5719 2838 5742 ,
2881 5679 2974 5741 Η,
3042 5679 3135 5744 16,
3204 5677 3286 5732 28:
3371 5678 3414 5708 δ”
3453 5675 3469 5728 l
3502 5675 3546 5727 ll
3585 5695 3633 5747 ε.
