4098 6398
446 446 550 498 553

1188 438 1457 494 EUSEBII
1501 437 1984 492 CESARIENSIS
2023 437 2175 491 OPP.
2220 434 2402 489 PARS
2431 435 2522 489 ill.
2563 465 2626 473 —
2662 431 3086 496 EXEGETIGA.

3620 427 3736 484 556

449 576 526 613 me
554 560 720 612 libera
745 575 823 612 me
848 572 866 610 :
897 559 1038 625 eripe
1069 573 1148 610 me
1188 557 1253 610 de
1291 557 1628 625 operantibus
1659 557 1991 625 iniquitatem
2017 597 2031 619 ,

2142 553 2343 621 ἐθέλειν
2390 549 2643 620 γενέσθαι
2689 550 2784 602 τοῦ
2832 549 3046 619 ἀνδρός.
3112 545 3398 615 Ἐπειρᾶτο
3462 543 3595 614 γοῦν
3649 544 3731 615 τῷ

444 662 491 705 ct
519 651 582 704 de
616 651 742 704 viris
779 648 1097 717 sanguinnm
1142 649 1292 703 salva
1338 655 1458 702 me.’
1481 647 1647 712 Queis
1679 655 1834 718 rogat
1864 647 2032 703 Deum

445 742 546 796 sibi
570 740 880 804 custodem,
923 739 1228 808 adjutorem
1258 747 1312 800 et
1343 732 1678 794 servatorem
1707 755 1848 804 esse,
1876 748 1935 792 ut
1965 755 2035 796 ne

446 835 515 888 ab
544 833 784 887 inimicis
819 831 1091 901 capiatur,
1120 848 1256 887 neve
1282 831 1336 886 in
1371 847 1568 887 manus
1595 847 1784 886 eorum
1816 831 2030 898 veniat;

447 924 562 979 sive
583 925 770 988 etiam,
805 942 872 979 ne
903 925 969 980 iis
999 924 1198 979 similis
1229 940 1352 979 esse
1391 925 1801 994 pronuntietur,
1835 940 1942 977 neu
1976 925 2031 977 in

447 1031 679 1070 numero
723 1016 1068 1086 operantium
1126 1015 1494 1084 iniquitatem,
1526 1023 1620 1068 aut
1657 1030 1720 1070 ex
1757 1022 1912 1084 parte
1947 1015 2033 1069 vi-

449 1121 636 1160 rorum
677 1109 1004 1178 sanguinum
1034 1118 1356 1169 censeatur,
1407 1107 1476 1160 de
1529 1107 1731 1175 quibus
1777 1109 2033 1177 superius

448 1197 769 1252 dicebatur:
815 1198 928 1251 Viri
971 1197 1292 1267 sanguinum
1327 1205 1376 1248 et
1408 1194 1582 1248 dolosi
1628 1213 1731 1250 non
1781 1196 2034 1250 dimidia—

450 1287 575 1340 bunt
619 1288 730 1343 dies
764 1305 886 1342 suos
917 1304 936 1342 :
982 1305 1073 1358 ego
1119 1297 1291 1341 autem
1343 1287 1564 1354 sperabo
1604 1289 1738 1341 inte
1767 1289 1833 1343 "°.
1877 1287 2032 1354 Quod

449 1385 631 1430 autem
676 1392 785 1432 non
813 1377 1055 1432 visibiles
1093 1379 1268 1431 solum
1306 1377 1579 1441 inimicos,
1619 1377 1714 1432 sed
1741 1379 1906 1432 etiam
1940 1395 2026 1436 oc-

448 1467 627 1523 cultos
659 1478 713 1522 et
761 1468 1062 1523 invisibiles
1119 1467 1513 1538 cognosceret,
1565 1469 1657 1538 qui
1710 1476 1764 1522 ct
1812 1470 2030 1524 Saulem

447 1558 834 1627 exagitabant,
885 1574 1010 1611 nam
1044 1558 1271 1628 spiritus
1299 1559 1476 1612 malus
1508 1559 1562 1612 in
1597 1558 1762 1612 Saule
1792 1568 1947 1622 erat,
2003 1576 2032 1613 a

448 1662 558 1716 quo
586 1655 865 1716 permotus
911 1647 1117 1700 invidia
1167 1646 1607 1702 inliammabatur
1642 1648 1697 1700 in
1738 1647 2031 1714 Davidcm;

444 1734 556 1803 jam
597 1736 800 1805 smpius
827 1751 856 1787 a
881 1736 1040 1789 nobis
1071 1743 1560 1789 commonstratum
1588 1742 1689 1789 est.
1719 1735 1818 1790 Hic
1851 1737 2034 1804 itaque

447 1826 703 1880 inimicos
758 1841 1048 1895 superasse
1081 1827 1363 1889 scribitur,
1395 1841 1459 1880 ac
1491 1826 1811 1894 plerumque
1857 1825 2033 1879 victo-

2140 646 2326 716 δόρατι
2378 643 2498 696 κατ’
2550 638 2744 693 αὐτοῦ’
2798 640 2874 702 ὡς
2925 639 2971 692 δ’
3009 637 3282 707 ἠστόχησε
3326 635 3427 706 τῆς
3479 635 3695 706 πληγῆς
3711 675 3739 701 ,_

2141 735 2319 789 οὐκέτ’
2372 732 2904 804 ὲπικεκρυμμένως,
2947 731 3013 784 ὲκ
3045 729 3102 781 δὲ
3155 728 3250 780 τοῦ
3305 727 3543 799 φανεροῦ
3589 729 3731 781 ἀπο-

2144 829 2360 890 στείλας
2388 828 2466 889 είς
2513 825 2602 877 τὸν
2631 821 2780 877 οἷκον
2827 823 2921 875 τοῦ
2968 821 3163 884 Δαυτδ,
3198 819 3512 874 θανατῶσαι
3568 818 3732 872 αὑτὸν

2139 919 2390 990 ὡρμήθη.
2437 917 2493 970 Ὀ
2523 916 2663 968 δ”ὲν
2700 913 2924 986 τοιαύτῃ
2956 911 3290 982 ἀποληφθεὶς
3323 912 3599 981 συμφορᾷ,
3632 911 3731 979 τὴν

2141 1009 2509 1081 προκειμένην
2536 1006 2940 1078 στηλογραφίαν
2973 1003 3276 1066 συντάττει,
3307 1002 3554 1056 ἀναϐοῶν
3593 1001 3732 1072 πρὶς

2140 1099 2236 1162 τὸν,
2256 1099 2390 1152 Θεὸν
2435 1097 2529 1156 καὶ
2563 1095 2737 1163 λέγων
2757 1113 2771 1126 ο
2828 1093 3069 1157 Ἐξελού
3107 1109 3183 1162 με
3229 1093 3299 1145 ἐκ
3345 1090 3464 1144 τῶν
3499 1087 3744 1159 ἐχθρῶν.

2135 1206 2277 1256 μου,
2303 1191 2334 1240 ό
2376 1187 2542 1252 Θεὸς,
2579 1185 2676 1238 καὶ
2712 1185 2782 1237 ἐκ
2823 1181 2939 1236 τῶν
2969 1181 3463 1251 ἐπανισταμένων
3507 1181 3600 1232 ἐπ’
3624 1179 3732 1248 ἐμὲ

2140 1278 2448 1345 λύτρωσαί
2499 1293 2596 1345 με.
2661 1276 2876 1328 Ῥῦσαί
2919 1290 2998 1343 με
3056 1274 3124 1326 ἐκ
3168 1270 3286 1324 τῶν
3329 1267 3733 1340 ἐργαζομένων

2141 1368 2256 1435 τὴν
2280 1368 2556 1436 ἀνομίαν,
2585 1367 2683 1419 καὶ
2723 1365 2791 1429 ἐξ
2831 1363 3068 1430 ἀνδρῶν
3092 1361 3354 1430 αἱμάτων
3387 1359 3596 1413 σῶσόν
3629 1375 3728 1428 με.

2141 1459 2373 1529 Εὔχεται
2421 1458 2478 1510 δὲ
2528 1457 2617 1510 διὰ
2659 1456 2865 1509 τούτων
2908 1453 3149 1522 φύλακος
3194 1453 3379 1521 τυχεῖν
3429 1449 3525 1503 τοῦ
3569 1449 3734 1512 Θεοῦι

2144 1547 2340 1619 βοηθοῦ
2383 1565 2444 1600 τε
2478 1547 2573 1600 καὶ
2603 1547 2865 1616 σωτῆρος,
2897 1546 2976 1606 είς
3009 1542 3070 1595 τὸ
3113 1541 3186 1612 μὴ
3235 1539 3438 1594 ἁλῶναι
3487 1539 3595 1592 ὑπὸ
3621 1538 3733 1591 τῶν

2142 1639 2387 1709 ἐχθρῶν,
2437 1639 2560 1709 μηδ’
2619 1636 2943 1706 ὑποχείριον,
2981 1635 3162 1696 αὐτοῖς
3216 1631 3503 1700 γενέσθαιο
3549 1630 3582 1699 ἢ
3638 1630 3734 1682 καὶ

2143 1729 2284 1800 ὑπὲρ
2308 1727 2401 1793 τοῦ
2437 1729 2510 1798 μὴ
2542 1727 2637 1781 καὶ
2684 1725 2847 1780 αὑτὸν
2877 1726 3064 1796 ὅμοιον
3112 1725 3294 1785 αὐτοῖς
3327 1720 3744 1792 άποφανθῆναιλ

2145 1819 2279 1890 μηδὲ
2319 1817 2572 1886 γενέσθαι
2615 1818 2710 1870 ἕνα
2742 1817 2851 1870 τῶν
2898 1813 3285 1886 ἐργαζομένων
3333 1813 3431 1883 τὴν
3471 1812 3726 1882 ἀνομίαν,

446 1917 584 1971 riam
615 1917 682 1974 de
721 1894 1010 1987 allophylis
1056 1918 1333 1973 retulisse.
1387 1918 1594 1973 Truces
1624 1933 1789 1987 porro
1825 1933 1889 1971 ac
1921 1932 2037 1988 gra-

2147 1908 2284 1979 μηδὲ
2314 1907 2415 1978 τῆς
2445 1907 2661 1978 μερίδος
2693 1907 2802 1959 τῶν
2827 1905 3037 1977 ἀνδρῶν
3069 1904 3176 1958 τῶν
3208 1903 3475 1974 αἱμάτων,
3501 1903 3631 1986 περὶ
3657 1894 3736 1954 ὧν

442 2023 540 2061 ves
571 2015 729 2062 erant
759 2008 961 2062 occulti
984 2009 1106 2075 ejus
1140 2008 1348 2061 inimici
1396 2015 1450 2062 et
1484 2009 1692 2074 hostes,
1717 2024 1858 2078 quos
1882 2009 2037 2064 hisce

445 2099 608 2160 dictis
642 2099 887 2159 declarat
916 2119 929 2152 :
975 2100 1245 2164 Quoniam
1277 2115 1392 2152 ecce
1422 2101 1596 2153 venali
1642 2111 1764 2154 sunt
1801 2102 2037 2154 animam

447 2203 639 2253 meam,
673 2190 944 2242 irruerunt
968 2189 1021 2244 in
1054 2206 1135 2241 me
1186 2188 1371 2256 fortes.
1407 2189 1719 2244 Secundum
1753 2192 2034 2246 historiam

447 2292 585 2334 sane
634 2295 742 2332 non
795 2279 935 2332 alios
988 2278 1206 2332 videtur
1255 2280 1510 2342 inimicos
1564 2281 1826 2336 habuisse
1871 2297 2034 2350 quam

450 2368 693 2426 Saulem.
740 2367 795 2422 bl
823 2369 965 2422 cnim
1008 2367 1294 2438 Scriptura
1320 2369 1591 2438 signiﬁcat
1620 2369 1746 2423 dum
1774 2371 2036 2426 testiﬁca-

449 2469 559 2522 tur,
599 2461 776 2530 ipsum
823 2459 893 2512 ab
934 2460 1084 2512 omni
1133 2461 1332 2528 populo
1373 2461 1668 2526 dilectum;
1716 2477 1946 2531 eamque
1982 2463 2035 2516 in

449 2549 642 2624 primis
670 2566 892 2605 causam
926 2551 1144 2606 invidia:
1175 2552 1228 2605 in
1256 2553 1430 2621 ipsum
1461 2554 1650 2609 fuisse.
1677 2554 1733 2607 Si
1761 2569 1892 2624 ergo
1921 2570 2038 2607 om-

448 2657 548 2705 nes
574 2641 830 2698 Davidcm
860 2643 1178 2714 diligebant,
1209 2646 1470 2714 solusque
1500 2644 1626 2699 Saul
1663 2661 1724 2698 ea
1756 2646 1823 2700 de
1873 2660 1932 2700 re
1973 2646 2037 2706 lir

447 2748 578 2787 vorc
606 2732 866 2789 incensus
895 2733 1122 2789 insidias
1174 2735 1276 2804 ipsi
1319 2736 1562 2804 parabat,
1593 2751 1693 2789 cur
1723 2735 1813 2788 hic
1852 2735 2035 2804 plura-

446 2824 573 2877 iter
597 2824 712 2878 ait:
748 2823 907 2894 Eripe
936 2841 1016 2879 me
1053 2824 1116 2878 de
1147 2826 1373 2878 inimicis
1404 2827 1554 2887 meis,
1587 2836 1636 2879 et
1672 2825 1736 2878 ab
1763 2826 2036 2896 insurgen-

448 2913 585 2971 tibus
613 2915 666 2966 in
700 2931 814 2978 me;
865 2931 928 2967 ac
965 2930 1208 2978 rursum,
1237 2914 1376 2979 Quia
1409 2932 1524 2968 ecce
1547 2916 1720 2969 uertati
1753 2925 1875 2968 sunt
1923 2916 2040 2978 aui-

447 3021 590 3060 inam
617 3021 810 3068 meam,
835 3007 1103 3059 irruerunt
1155 3006 1208 3057 in
1245 3021 1325 3058 me
1365 3005 1575 3072 fortes?
1610 3003 1717 3059 Sed
1770 3003 1859 3057 hic
1890 3005 2038 3056 clare

449 3094 766 3160 indicantur
794 3095 993 3149 occulti
1025 3105 1078 3148 et
1111 3095 1415 3151 invisibiles
1447 3093 1654 3150 inimici
1681 3134 1695 3157 ,
1739 3093 1808 3146 de
1837 3093 2038 3163 quibus

447 3183 747 3254 Apostolus
777 3185 898 3238 ait:
939 3184 1063 3238 Non
1117 3195 1193 3238 est
1233 3185 1381 3238 nobis
1431 3185 1739 3238 colluctatio
1787 3185 2036 3237 adversus

2140 1999 2232 2051 καὶ
2269 1999 2327 2049 ὲν
2355 1999 2469 2058 τοῖς
2502 1997 2763 2067 ἀνωτέρω
2801 1994 3018 2063 ἐλέγετο
3038 2011 3051 2024 ·
3081 1993 3322 2060 Ἄνδρες
3349 1983 3610 2061 αἱμάτων
3632 1991 3741 2046 καὶ

2140 2089 2508 2156 summac,
2534 2090 2606 2141 οὑ
2625 2087 2712 2157 μὴ
2742 2087 3118 2156 ᾐμισεύσωσι
3141 2087 3248 2150 τὰς
3272 2083 3488 2153 ἡμέρας
3512 2082 3730 2138 αὐτῶν

2137 2180 2255 2249 ἐγὼ
2299 2179 2367 2232 δὲ
2414 2179 2602 2234 ἐλπιῶ
2643 2179 2744 2232 ἐπὶ
2792 2177 2885 2232 σέ.
2937 2178 3197 2248 Ἐχθροὺς
3239 2177 3297 2230 δὲ
3348 2178 3431 2229 ὅτι
3485 2178 3558 2248 μὴ
3607 2177 3746 2239 τοὺς.

2139 2275 2370 2343 όρατοὺς
2407 2274 2601 2343 μόνους
2636 2273 2934 2339 ἐγίνωσκεν
2959 2312 2973 2335 ,
3010 2271 3146 2324 ἀλλὰ
3187 2273 3316 2334 τοὺς
3363 2272 3591 2340 ἀφανεῖς
3640 2273 3737 2324 καὶ

2141 2363 2426 2434 ἁοράτους,
2462 2359 2510 2416 οἳ
2545 2365 2638 2418 καὶ
2670 2365 2826 2416 αὐτοὶ
2855 2365 3119 2432 ἐνήργουν
3149 2362 3242 2414 τὸν
3272 2361 3476 2415 Σαούλ·
3512 2361 3736 2432 πνεῦμα

2139 2453 2250 2524 γὰρ
2295 2454 2530 2523 πονηρὸν
2559 2449 2627 2523 ἦν
2674 2455 2766 2506 ἐπὶ
2799 2453 3000 2516 Σαοὺλ,
3046 2453 3136 2519 ὑφ’
3167 2445 3228 2503 οὗ
3273 2453 3593 2522 κινούμενος
3642 2451 3742 2517 ὲξ-.

2140 2543 2356 2596 εκαίετο
2404 2544 2497 2595 ἐπὶ
2526 2543 2618 2595 τὸν
2652 2543 2791 2596 κατὰ
2843 2541 2939 2594 τοῦ
2985 2541 3150 2594 Δαυῖδ
3193 2542 3412 2609 φθόνον·
3470 2540 3737 2604 πολλάκις

2141 2637 2272 2705 ἡμῖν
2305 2632 2704 2686 ἀποδέδεικται.
2730 2631 3026 2687 Κάνταῦθα
3061 2632 3239 2685 τοίνυν
3275 2631 3382 2684 τῶν
3429 2632 3528 2701 μὲν
3569 2631 3737 2702 πολε-

2144 2727 2282 2795 μίων
2307 2725 2729 2796 περιγενόμενος
2747 2724 3187 2796 ἀναγέγραπται,
3208 2724 3366 2795 νίκην
3389 2741 3448 2776 τε
3475 2723 3745 2788 πολλάκις.

2141 2816 2417 2886 ἀράμενος
2450 2814 2597 2868 κατὰ
2641 2815 2748 2868 τῶν
2784 2814 3124 2883 ἀλλοφύλων.
3160 2817 3336 2867 Δεινοὶ
3361 2813 3417 2867 δὲ
3451 2811 3593 2885 ἦσαν
3627 2815 3739 2886 ἄρα

2141 2905 2328 2978 ἐχθροὶ
2369 2905 2463 2959 καὶ
2515 2905 2766 2976 πολέμιοι
2797 2906 2847 2958 οἱ
2900 2906 3127 2974 ἀφανεῖς
3159 2905 3324 2958 αὐτοῦ
3381 2905 3602 2976 ἐχθροὶ,
3641 2905 3736 2972 οῦς

2142 2995 2416 3064 παριστὰς
2453 2996 2558 3047 καὶ.
2595 2995 2683 3048 διὰ
2734 2995 2844 3048 τῶν
2895 2995 3277 3067 προκειμένων
3335 2995 3550 3063 ἔλεγεν·
3609 2997 3735 3048 Ὀτι

2144 3084 2272 3137 ίδοὺ
2301 3083 2642 3153 ὲθήρευσαν
2663 3084 2778 3151 τὴν
2798 3084 3010 3154 ψυχήν
3032 3103 3174 3153 μου,
3204 3083 3488 3138 ἐπέθεντο
3512 3085 3606 3138 ἐπ’
3629 3085 3740 3155 ἐμὲ

2142 3176 2428 3242 κραταιοί.
2469 3176 2565 3228 Ἐκ
2599 3175 2698 3245 μὲν
2733 3171 2826 3228 οὖν
2848 3175 2950 3244 τῆς
2985 3176 3226 3248 ἱστορίας
3255 3175 3573 3247 οὐδετέρους
3612 3175 3738 3244 φαί-

450 3289 662 3329 carnem
709 3282 757 3328 et
790 3276 1137 3346 sanguinein,
1179 3275 1269 3328 sed
1332 3277 1582 3329 adversus
1630 3275 1958 3344 principatus
1989 3283 2035 3327 et

2144 3284 2293 3320 νεται
2345 3267 2598 3346 ἐσχηκὼς
2641 3266 2871 3338 ἐχθροὺς
2907 3266 2940 3337 ἢ
2992 3266 3150 3338 μόνον
3194 3265 3287 3320 τὸν
3333 3267 3528 3320 Σαούλ.
3565 3266 3742 3328 Τοῦτο

449 3373 755 3439 potestates,
780 3373 829 3419 et
853 3365 1038 3418 mundi
1069 3374 1291 3419 rectores
1325 3366 1657 3419 tenebrarum
1708 3365 1897 3417 Irarum
1919 3404 1934 3430 ,
1990 3375 2040 3420 et

451 3461 640 3514 contra
683 3451 899 3519 spiritus
930 3453 1178 3520 nequitia:
1207 3454 1272 3504 7'.
1303 3452 1366 3505 lli
1401 3454 1566 3524 igitur
1597 3452 1816 3508 Saulem
1854 3457 2040 3510 incen-

449 3541 653 3596 debant
686 3553 878 3598 contra
912 3543 1171 3599 Davidcm
1201 3564 1212 3599 :
1245 3545 1477 3616 ideoque
1513 3546 1737 3616 rogabat
1768 3545 1958 3612 Deum,
1980 3556 2040 3600 ut

453 3633 522 3684 ab
551 3633 618 3687 iis
660 3635 985 3703 eriperetur.
1039 3634 1245 3690 Contra
1277 3635 1495 3690 Goliath
1543 3638 1688 3690 enim
1741 3645 1796 3690 et
1847 3645 2039 3696 contra

455 3722 696 3790 reliquos
733 3723 1038 3792 all0phylos
1070 3723 1185 3792 ipse
1225 3725 1375 3778 solus
1419 3724 1738 3787 sullieiebat,
1767 3723 1883 3792 lege
1916 3723 2040 3777 belli

453 3822 685 3866 cunctos
726 3810 984 3878 adortus;
1018 3821 1072 3866 at
1123 3820 1315 3866 contra
1361 3815 1607 3868 occultas
1639 3820 1940 3882 potestates
1987 3819 2042 3866 et

457 3902 761 3964 invisibiles
807 3905 1061 3963 inimicos
1112 3913 1569 3977 propugnatorem
1604 3903 1707 3958 sibi
1741 3903 1910 3958 Deum
1938 3919 2040 3973 po-

455 3993 713 4049 stulabat.
750 3994 904 4063 Quod
926 4005 1106 4051 autem
1139 4012 1171 4051 a
1195 3998 1520 4060 Saule,cum
1553 3997 1688 4051 nihil
1719 3996 1821 4064 ipsi
1856 3995 2038 4052 damni

455 4085 750 4150 intulisset,
780 4071 984 4143 frustra
1018 4089 1329 4157 pelleretur.
1363 4104 1487 4142 cum
1514 4089 1745 4143 historia
1779 4093 1997 4140 enarrat
2023 4126 2039 4147 ,

455 4184 570 4228 tum
602 4177 659 4230 in
689 4179 1047 4248 sequentibus
1084 4179 1158 4233 ita
1217 4190 1465 4233 recenset
1505 4179 1659 4248 ipse:
1701 4172 1884 4246 Neque
1939 4175 2045 4231 ini-

453 4266 628 4334 quitas
671 4283 808 4333 mea,
848 4285 1008 4337 neque
1051 4277 1321 4334 peccatum
1361 4283 1531 4320 meum
1563 4281 1580 4319 :
1616 4267 1728 4322 sine
1767 4267 2044 4335 iniquitate

453 4357 668 4409 cucurri
720 4366 768 4410 et
812 4357 1003 4411 direxi.
1044 4357 1153 4414 Pro
1198 4358 1292 4410 illo
1324 4367 1538 4421 autem,
1599 4359 1710 4410 sine
1766 4357 2044 4425 iniquitate

453 4445 669 4496 cucurri
699 4455 749 4497 et
777 4444 969 4508 direxi,
1008 4446 1368 4510 Symmachus
1409 4450 1509 4513 ait,
1534 4466 1652 4502 cum
1685 4465 1787 4502 non
1818 4451 1884 4502 sit
1919 4464 2039 4517 pec-

453 4541 630 4584 catum
659 4534 900 4600 irruunt,
939 4543 994 4586 ut
1021 4535 1328 4601 pertraltant
1361 4553 1459 4591 me.
1502 4536 1636 4590 Nam
1672 4553 1797 4591 cum
1844 4553 1910 4592 ne
1940 4539 2041 4592 mi-

453 4623 602 4676 nima
645 4623 896 4680 subesset
951 4640 1146 4689 causa,
1195 4634 1347 4683 tanta
1401 4629 1666 4683 adversus
1696 4645 1820 4682 eum
1876 4643 2042 4698 supra

455 4717 737 4771 memorati
777 4716 853 4769 illi
887 4717 1126 4788 aggressi
1178 4727 1326 4777 sunt.
1379 4719 1464 4778 Et.
1498 4736 1709 4790 quaeso,
1749 4721 2003 4787 advertas
2027 4759 2041 4781 ,

454 4803 715 4858 Davidcm
751 4807 803 4860 in
840 4809 1093 4876 pnesenti
1137 4808 1364 4865 ﬁdenter
1395 4827 1556 4879 agere
1581 4851 1595 4865 .
1629 4813 1723 4880 qui
1763 4812 1815 4864 iu
1867 4811 2040 4881 prima

451 4891 796 4949 Psalmorum
821 4905 974 4966 parte
1005 4897 1222 4953 dicebat
1247 4919 1258 4952 :
1293 4899 1557 4965 Quoniam
1585 4903 1885 4972 iniquitates
1917 4917 2044 4954 mea:

448 4999 799 5054 supergressa?
827 4998 950 5041 sunt
987 4999 1145 5058 caput
1191 5006 1381 5054 meum,
1415 4991 1554 5045 sicut
1574 5008 1706 5044 onus
1727 5007 1884 5062 grave
1917 5008 2044 5062 gra-

449 5081 586 5125 pata:
619 5083 742 5126 sunt
794 5091 949 5144 super
1003 5093 1104 5132 me.
1158 5078 1487 5133 Putruerunt
1525 5093 1573 5135 et
1623 5089 1887 5148 corrupta:
1920 5088 2045 5133 εωιι

449 5162 724 5217 .-.icatrices
758 5181 884 5218 mea:
932 5183 965 5224 a
1005 5167 1142 5235 facie
1183 5169 1503 5238 insipientia:
1540 5188 1667 5224 mea:
1700 5173 1768 5223 7’.
1817 5169 1939 5224 Ilaec
1989 5178 2051 5224 et

356 5249 361 5254 ’
454 5251 539 5305 his
578 5255 779 5310 similia
810 5256 863 5309 in
896 5259 1335 5326 praecedentibus
1365 5259 1768 5324 confitebatur;
1816 5260 1870 5318 in
1907 5273 2042 5328 pra?-

452 5338 595 5390 seuti
649 5357 777 5394 vero
829 5345 905 5396 ait
934 5364 947 5398 :
984 5344 1166 5416 Neque
1197 5349 1454 5417 iniquitas
1489 5367 1626 5413 mea,
1657 5364 1819 5418 neque
1859 5363 2043 5416 pecca-

449 5435 564 5480 tum
594 5447 788 5495 meum,
822 5433 1064 5498 Domine,
1092 5439 1204 5493 sine
1227 5441 1505 5509 iniquitate
1528 5442 1740 5492 cucurri
1762 5451 1811 5492 et
1842 5440 2034 5494 direxi.

448 5514 688 5583 Cursum
723 5537 921 5593 porro,
957 5542 1118 5598 quem
1156 5527 1322 5584 David
1378 5532 1606 5601 agebat,
1646 5531 1954 5600 intelliges,
1991 5531 2039 5585 si

452 5611 807 5675 apostolicam
863 5605 1014 5671 illam
1069 5632 1257 5676 vocem
1301 5635 1586 5690 apponas:
1621 5621 1830 5674 Bonum
1870 5631 2041 5674 certa-

2143 3358 2252 3428 γὰρ
2283 3344 2631 3427 παρέστησεν
2653 3349 2690 3427 ἡ
2715 3357 2906 3428 Γραφὴ
2937 3356 3354 3428 μαρτυραμένη,
3377 3358 3460 3409 ὅτι
3481 3359 3742 3425 ἠγαπᾶτο.

2141 3451 2245 3502 ὑπὸ
2272 3449 2475 3514 παντὸς
2501 3448 2596 3502 τοῦ
2630 3447 2762 3501 λαοῦ
2783 3465 2796 3478 ·
2827 3449 2921 3501 καὶ
2946 3443 3182 3519 τοῦτ’,ἦν
3210 3448 3444 3517 μάλιστα
3473 3449 3534 3501 τὸ
3563 3449 3736 3502 αἴτιον

2141 3540 2241 3609 τῆς
2268 3541 2390 3594 κατ’
2425 3538 2591 3594 αὑτοῦ
2625 3539 2945 3609 βασκανίας.
2975 3540 3037 3591 El
3071 3539 3249 3591 τοίνυν
3275 3540 3476 3602 πάντες
3506 3540 3737 3608 ἠγάπων

2140 3630 2231 3683 τὸν
2279 3628 2476 3693 Δαυτό,
2519 3630 2682 3700 μόνος
2720 3629 2778 3682 δὲ
2814 3629 2986 3682 Σαοὺλ
3024 3630 3118 3683 καὶ
3177 3631 3271 3684 ἐπὶ
3329 3629 3505 3700 τούτῳ
3555 3629 3740 3700 φθόνῳ
3839 3625 3842 3628 ’

2144 3722 2538 3794 πιμπράμενος
2564 3721 2956 3775 ἐπεϐούλευσεν
2988 3721 3157 3792 αὐτῷ,
3183 3722 3300 3784 πῶς
3329 3720 3563 3775 ἐνταῦθα
3595 3721 3736 3792 πλη-

2143 3812 2413 3876 θυντικῶς
2455 3829 2651 3884 φησιν,
2695 3813 2944 3877 Ἑξελού
2975 3829 3050 3882 με
3089 3813 3158 3866 ἐκ
3213 3811 3332 3869 τῶν
3364 3811 3596 3881 ἐχθρῶν
3613 3829 3744 3881 μου.

2144 3905 2240 3956 καὶ
2265 3905 2334 3957 ἐκ
2354 3903 2475 3958 τῶν
2510 3903 3002 3974 ἐπανισταμένων
3016 3904 3109 3956 ἐπ’
3134 3903 3258 3972 ἐμέ·
3288 3905 3380 3957 καὶ
3409 3905 3592 3966 πάλιν,
3613 3905 3740 3956 ’Ὁτι

2145 3994 2274 4047 ὶδοὺ
2300 3993 2641 4062 ἐθήρευσαν
2663 3994 2779 4062 τὴν
2800 3994 3014 4064 ψυχήν
3033 4013 3174 4062 μου,
3201 3995 3482 4048 ἐπέθεντο
3514 3995 3607 4048 ἐπ’
3631 3996 3742 4064 ἐμὲ

2146 4086 2416 4152 κραταιοί
2431 4101 2460 4157 ;_
2489 4085 2651 4138 Ἀλλὰ
2670 4085 2780 4156 γὰρ
2820 4085 3006 4153 σαφῶς
3033 4084 3120 4137 διὰ
3143 4084 3349 4138 τούτων
3373 4085 3739 4156 παρίστανται

2145 4174 2364 4246 ἀόρατοι
2406 4174 2500 4227 καὶ
2539 4173 2766 4243 ἀφανεῖς
2802 4175 3022 4245 ὲχθροὶ,
3065 4176 3195 4246 περὶ
3239 4169 3314 4227 ὧν
3355 4177 3451 4234 καὶ
3495 4178 3524 4229 ό
3574 4177 3737 4244 Ἀπό-

2149 4269 2339 4331 στολος
2377 4267 2594 4335 ἔλεγεν
2637 4269 2759 4320 Οὐκ
2798 4268 2970 4320 ἐστιν
3017 4265 3163 4335 ἡμῖν
3211 4265 3374 4333 πάλη
3411 4265 3568 4335 πρὸς
3592 4265 3739 4337 αἷμα

2146 4360 2242 4416 καὶ
2273 4358 2491 4426 culpata,
2521 4358 2682 4412 ἀλλὰ
2722 4357 2870 4425 πρὸς
2910 4356 3016 4422 τὰς
3041 4355 3232 4424 ἀρχὰς
3275 4357 3376 4409 καί
3415 4358 3523 4424 τὰς
3559 4359 3736 4423 ἐξου-

2145 4450 2307 4516 σίας,
2330 4448 2430 4502 καὶ
2467 4448 2612 4514 τοὺς
2650 4447 3136 4516 κοσμοκράτορας
3164 4447 3272 4501 τοῦ
3296 4451 3556 4518 σκότους
3602 4453 3740 4510 τού-

2147 4557 2275 4602 του,
2302 4539 2402 4592 καὶ
2427 4538 2579 4607 πρὸς
2617 4538 2689 4590 τὰ
2737 4539 3048 4606 πνεύματα
3091 4537 3202 4606 τῆς
3229 4540 3546 4608 πονηρίας.
3575 4535 3739 4595 Οὗτοι

2147 4629 2277 4698 γοῦν
2332 4629 2554 4694 ὲξέκαον
2595 4629 2687 4695 τὸν
2737 4629 2910 4683 Σαοὺλ
2957 4629 3097 4681 κατὰ
3142 4628 3236 4681 τοῦ
3287 4631 3489 4684 Δαυῖδ·
3548 4632 3630 4687 διὸ
3679 4633 3741 4698 ἐξ

2146 4717 2327 4770 αὐτῶν
2363 4715 2629 4787 ρυσθῆναι
2658 4715 2828 4768 ἐδεῖτο
2862 4714 2956 4768 τοῦ
2997 4713 3154 4777 Θεοῦ,
3197 4716 3340 4786 Πρὸς
3373 4717 3471 4787 μὲν
3505 4717 3616 4789 γὰρ
3647 4720 3740 4771 τὸν

2147 4808 2361 4872 Γολιὰθ,
2395 4808 2490 4869 καὶ
2532 4807 2668 4878 πρὸς
2700 4809 2826 4870 τοὺς
2881 4807 3100 4870 λοιποὺς
3127 4806 3458 4876 ἀλλοφύλους
3496 4810 3740 4880 ἀπηρκει

2147 4899 2310 4962 αὐτὸς
2342 4899 2661 4968 ἱστάμενος,
2689 4900 2784 4954 καὶ
2827 4899 3065 4968 πολέμου
3100 4898 3250 4969 νόμῳ
3292 4902 3407 4963 τοῖς
3437 4902 3602 4953 πᾶσιν
3639 4901 3740 4951 ἐπ·-

2146 4989 2304 5054 εξιών
2328 5006 2341 5020 ⁸
2377 4990 2514 5061 πρὸς
2537 4990 2594 5043 δὲ
2619 4989 2719 5052 τὰς
2753 4991 2981 5058 ἀφανεῖς
3010 4989 3266 5059 δυνάμεις
3302 4990 3396 5042 καὶ
3426 4991 3553 5053 τοὺς
3573 4990 3742 5061 ἀορά-

2143 5098 2268 5144 τους
2307 5080 2536 5151 ἐχθροὺς
2568 5080 2702 5134 Θεὸν
2733 5081 3056 5152 ὑπέρμαχον
3084 5079 3238 5149 ἠξίου
3272 5079 3424 5151 αὐτῷ
3459 5080 3739 5148 γενέσθαι.

2147 5175 2266 5227 Ὅτι
2295 5172 2370 5240 δὲ,
2404 5172 2572 5244 μηδὲν
2607 5173 2876 5243 ἀδικήσας
2903 5173 2994 5226 τὸν
3031 5173 3235 5236 Σαοὺλ,
3267 5172 3445 5243 μάτην
3474 5171 3742 5242 ἠλαύνετο

2143 5264 2236 5318 ὑπ’
2267 5263 2455 5328 αὐτοῦ,
2490 5263 2790 5334 παρίστησι
2824 5264 2923 5332 μὲν
2951 5264 2984 5334 ἡ
3020 5263 3252 5336 ἱστορία,
3282 5264 3535 5334 ἐμφαίνει
3561 5265 3619 5318 δὲ
3644 5267 3740 5318 καὶ

2141 5355 2302 5418 αυτὸς
2343 5353 2475 5423 ἑξῆς
2528 5354 2735 5422 λέγων’
2801 5354 2949 5407 Οὔτε
2983 5355 3016 5423 ἠ
3059 5355 3276 5422 ἀνομία
3313 5372 3435 5422 μου
3461 5394 3474 5419 ,
3515 5355 3654 5409 οὔτε
3706 5356 3738 5421 ἠ

2139 5445 2396 5512 ἁμαρτία
2435 5461 2554 5512 μου
2574 5460 2586 5472 ·
2630 5442 2776 5497 ἄνευ
2804 5443 3055 5512 ἀνομίας
3087 5443 3348 5512 ἔδραμον
3372 5445 3471 5499 καὶ
3516 5445 3738 5510 κατηύ-

2143 5539 2318 5589 Ovra.
2373 5533 2517 5587 ’Δντὶ
2556 5533 2612 5587 δὲ
2659 5533 2787 5597 τοῦ,
2841 5534 2987 5588 ἄνευ
3036 5535 3290 5602 ἀνομίας
3330 5535 3594 5604 ἔδραμον
3635 5535 3738 5587 καὶ

2147 5623 2514 5688 κατηύθυνα,
2542 5623 2568 5673 ὁ
2610 5621 2924 5693 Σύμμαχος,
2947 5622 3034 5692 μὴ
3083 5623 3294 5689 οὔσης,
3334 5624 3520 5695 φησὶν,
3548 5625 3734 5692 άμαρο

527 5779 570 5824 πθ
610 5778 754 5848 l’sal.
792 5801 900 5853 inv,
933 5787 1021 5843 Si.
1073 5791 1141 5872 _’_‘
1185 5791 1379 5860 Ephcs.
1418 5808 1498 5856 ιἰ,
1543 5792 1624 5846 l2.
1703 5793 1745 5823 τ’
1785 5791 1932 5848 Psal.
1969 5809 2190 5860 xxxm,
2226 5795 2277 5858 ὅ,
2322 5795 2373 5847 6.
