4090 6410
397 431 499 488 559

1079 422 1350 479 EUSEBll
1389 416 1872 478 CIESAKIENSIS
1909 418 2068 474 ΟΡΡέ
2092 416 2272 473 PARS
2308 416 2395 473 Ill.
2437 446 2505 459 -
2550 413 2954 475 EXEGETICA.

3552 413 3657 478 540
3690 363 3701 367 -

396 545 632 597 numero
673 534 1115 608 comprehcndit,
1164 550 1381 589 necnon
1431 549 1527 588 eos
1572 533 1665 603 qui
1697 534 1788 587 Iali
1817 532 1978 586 modo

2084 530 2404 599 κτειρήσῃς
2454 537 2684 596 πάντας
2724 531 2865 596 τοὺς
2907 527 3326 599 ἐργαζομένους
3371 530 3483 599 τὴν
3518 533 3660 586 ἀνο-

397 632 525 684 olim
549 630 605 683 in
634 628 836 683 lsraele
873 626 1050 680 allecti
1074 632 1251 679 erant.
1279 623 1423 690 Quid
1446 624 1592 678 enim
1616 623 1851 692 amplius
1899 622 1981 676 fa-

397 729 546 773 ctum
582 717 735 772 Sauli
759 716 884 777 fuit,
913 715 1008 784 qui
1037 728 1236 784 genere
1280 714 1503 782 quidem
1534 713 1602 766 ab
1629 712 1797 765 Israel
1821 719 1979 766 ortus

394 814 541 868 erat,
562 806 640 860 ex
671 804 821 859 tribu
850 801 1154 871 Beniamin,
1184 800 1278 870 qui
1319 800 1454 852 tanti
1487 798 1669 867 populi
1699 810 1796 851 rex
1826 797 1983 850 inau-

400 903 630 965 guratus
646 894 845 958 fuerat,
870 894 1074 962 quique
1102 900 1253 943 tanta
1278 890 1333 943 in
1356 902 1576 942 cassum
1598 896 1652 941 et
1678 887 1796 940 sine
1813 900 1980 941 causa

401 986 670 1041 adversus
718 999 864 1045 eum,
900 983 994 1052 qui
1029 997 1088 1037 se
1133 979 1272 1034 nihil
1325 978 1581 1042 lzesisset,
1631 977 1979 1037 machinatus

403 1075 621 1129 fuerat?
646 1074 800 1139 Quod
831 1075 876 1128 si
919 1074 1013 1126 alii
1066 1079 1260 1142 postea
1290 1069 1641 1139 reperiantur
1674 1067 1769 1137 qui
1829 1065 1980 1121 Sauli

400 1165 574 1234 gestis
601 1163 781 1217 aﬂin’a
810 1163 1143 1217 meditentur
1167 1160 1253 1215 vel
1283 1167 1576 1229 peragant;
1620 1172 1730 1212 non
1754 1172 1820 1211 eo
1843 1157 1980 1210 tales

399 1255 634 1310 salutem
662 1254 926 1323 consequi
970 1266 1262 1308 necessum
1305 1257 1413 1314 est,
1438 1249 1585 1318 quod
1620 1263 1685 1302 es
1713 1256 1806 1301 tua
1855 1263 1981 1317 por-

403 1346 555 1400 tione
585 1359 709 1400 esse
734 1350 1089 1413 reputentur;
1133 1350 1191 1395 ut
1226 1356 1257 1395 e
1286 1352 1556 1394 converso
1612 1336 1659 1391 si
1690 1337 1781 1406 qui
1839 1336 1981 1389 inter

402 1442 693 1490 extraneas
748 1441 939 1503 gentes
992 1432 1159 1487 saluti
1222 1428 1405 1484 idonei
1462 1434 1618 1489 sunt,
1650 1425 1788 1479 nihil
1833 1426 1980 1478 obsit

402 1527 723 1598 quominus,
759 1541 861 1596 pro
892 1525 1104 1579 ratione
1139 1522 1387 1593 iustitiae,
1433 1518 1745 1575 visitatione
1776 1525 1865 1570 tua
1897 1517 1978 1570 di-

401 1626 659 1690 gnentur.
686 1616 880 1686 ‘Quare
906 1611 1299 1679 dico,‘intendc
1354 1611 1422 1663 ad
1462 1608 1752 1663 visitandas
1804 1624 1978 1663 omnes

402 1717 613 1777 gentes;
646 1708 715 1763 iis
747 1722 878 1762 vero
906 1706 999 1776 qui
1027 1713 1329 1775 operantur
1361 1702 1724 1770 iniquitatem,
1752 1714 1819 1755 ex
1844 1712 1980 1767 quo-

404 1801 486 1855 vis
516 1814 715 1870 genere
745 1799 851 1852 orti
876 1797 1012 1862 sint,
1039 1810 1110 1853 ne
1153 1793 1488 1851 miserearis.
1521 1790 1821 1859 Operantes
1852 1803 1983 1842 vero

2077 620 2241 689 μίαν.
2269 619 2456 687 Δέγων
2479 619 2533 672 δὲ
2564 620 2899 692 ἀδιορίστως,
2927 619 3175 685 πάντας,
3203 620 3409 674 καὶτὸν
3442 620 3657 692 Ἰσραὴλ

2084 710 2632 781 συμπαραλαμϐάνει,
2673 712 2767 765 καὶ
2797 713 2925 774 τοὺς
2960 713 3023 765 ἐν
3052 709 3199 781 αύτῷ
3228 709 3394 764 πάλαι
3424 712 3655 782 γενομέδ

2080 818 2205 862 νους
2229 800 2520 863 τοιούτους.
2557 802 2622 853 Τί
2650 801 2758 872 γάρ
2791 805 2885 854 καὶ
2929 802 3088 855 πλέον
3133 801 3346 874 γέγονε,
3389 801 3542 871 φησὶ,
3576 801 3657 872 τῷ

2080 890 2273 957 Σαοὺλ,
2295 891 2357 943 τὸ
2387 892 2483 961 μὲν
2509 893 2663 959 γένος
2691 892 2798 945 ἀπὸ
2828 891 2923 944 τοῦ
2962 892 3176 962 Ἰσραὴλ
3204 892 3530 964 ὁρμωμένῳ,
3560 891 3657 945 καὶ

2081 979 2253 1051 φυλῆς
2280 981 2557 1051 Βενιαμὶν,
2590 982 2799 1051 βασιλεῖ
2828 982 2884 1035 δὲ
2914 982 3007 1035 τοῦ
3038 981 3291 1035 τοσούτου
3318 982 3501 1047 ἔθνους
3521 983 3654 1036 καθ·

2084 1069 2374 1138 ισταμένῳ,
2407 1069 2645 1124 τοσαῦτα
2676 1071 2733 1123 δὲ
2766 1071 2888 1140 εἰκῆ
2916 1071 3008 1124 καὶ
3037 1072 3212 1140 μάτην
3241 1070 3381 1124 κατά
3420 1070 3513 1123 τοῦ
3552 1089 3655 1141 μη-

2080 1160 2168 1213 δὲν
2199 1160 2517 1231 ἠδικηκότος
2547 1162 2947 1234 ἐπιχειροῦντι;
2991 1162 3054 1214 Εἰ
3097 1162 3153 1214 δὲ
3200 1158 3291 1215 οὖν
3333 1161 3402 1215 τά
3452 1161 3656 1231 ἀδελφά

2079 1249 2158 1321 τῷ
2183 1250 2355 1304 Σαοὺλ
2378 1252 2699 1321 φρονοῦντές
2722 1269 2780 1304 τε
2804 1253 2895 1305 καὶ
2915 1251 3245 1323 πράττοντες
3264 1252 3502 1320 γένοιντό
3521 1269 3650 1305 ποτε

2080 1342 2277 1413 ἕτεροι,
2310 1342 2371 1394 οὐ
2406 1341 2555 1411 παρὰ
2585 1341 2742 1395 τοῦτο
2783 1336 3049 1405 σώζεσθαι
3097 1344 3293 1406 αὐτοὺς
3326 1345 3537 1413 ἀνάγκη
3565 1343 3654 1396 διά

2079 1435 2140 1488 τὸ
2164 1432 2474 1503 νομίζεσθαι
2504 1433 2602 1502 τῆς
2638 1433 2737 1502 σῆς
2768 1434 2982 1504 μερίδος
3020 1429 3179 1486 εἷναι·
3220 1434 3295 1496 ὼς
3334 1433 3566 1503 ἔμπαλιν
3594 1436 3653 1485 ἐν
3722 1502 3731 1507 ι

2079 1523 2191 1584 τοῖς
2218 1520 2534 1590 ἀλλοφύλοις
2586 1520 2815 1585 ἔθνεσιν,
2850 1523 2897 1573 εί
2930 1521 3262 1591 εύρίσκοιντό
3290 1536 3433 1582 τινες
3465 1522 3655 1588 ἐπιτη-

2079 1609 2236 1672 δείως
2269 1609 2480 1679 ἔχοντες
2525 1608 2662 1680 πρὸς
2704 1609 2999 1680 σωτηρίαν,
3038 1607 3191 1662 οὐδὲν
3223 1608 3289 1664 ἂν
3325 1608 3520 1661 κωλύοι
3554 1608 3655 1685 τῆς

2084 1701 2178 1770 σῆς
2212 1700 2519 1769 ἐπισκοπῆς
2552 1700 2749 1763 αὐτοὺς
2784 1702 2967 1769 τυχεῖν
3012 1699 3154 1753 κατά
3196 1700 3287 1752 τὸν
3324 1699 3418 1754 τοῦ
3447 1698 3653 1752 δικαίου

2080 1792 2255 1861 λόγον.
2277 1792 2366 1845 Διό
2385 1808 2545 1864 φημιο
2569 1793 2839 1859 Πρόσχες
2867 1791 2973 1844 τοῦ
2995 1790 3441 1859 ἐπισκέψασθαι
3461 1789 3656 1846 πάντα

405 1860 747 1956 iniquitatem
781 1900 950 1955 supra
989 1860 1209 1955 quoque
1243 1892 1510 1936 memorat
1546 1880 1736 1933 dicens
1774 1898 1786 1932 :
1821 1876 1979 1946 Eripe

2084 1860 2161 1937 td
2181 1883 2344 1951 ἔθνη·
2518 1881 2575 1936 δὲ
2599 1878 2994 1953 ἐργαζομένους
3018 1882 3116 1951 τὴν
3145 1881 3396 1952 ἀνομίαν,
3424 1880 3545 1934 ὅθεν
3562 1880 3656 1950 δή·

405 1992 484 2029 me
510 1975 573 2029 de
603 1975 939 2044 operantibus
973 1975 1328 2044 iniquitatem,
1360 1971 1488 2027 etde
1520 1971 1646 2025 viris
1664 1969 1977 2038 sanguinum

403 2065 553 2119 salva
584 2081 683 2118 me.
720 2065 813 2118 Sic
843 2064 1076 2118 vocabat
1102 2077 1198 2118 eos
1231 2061 1324 2131 qui
1360 2060 1630 2114 Salvatori
1660 2067 1850 2114 nostro
1879 2059 1982 2112 im-

402 2157 522 2226 pias
553 2156 787 2210 intulere
820 2167 1037 2207 manus.
1080 2151 1312 2207 Eosdem
1340 2166 1559 2221 quoque
1601 2148 1982 2207 subindicabat

406 2249 460 2299 in
485 2261 581 2300 LIV
597 2245 809 2315 psalmo
860 2243 1070 2307 dicens,
1133 2243 1400 2309 Quoniam
1434 2241 1543 2295 vidi
1574 2241 1903 2309 iniquitatem
1932 2249 1981 2292 et

403 2335 877 2389 contradictionem
906 2334 959 2389 in
1015 2333 1223 2385 civitate
1246 2349 1264 2385 :
1299 2334 1382 2385 die
1413 2347 1475 2384 ac
1504 2342 1652 2384 nocte
1680 2326 1979 2383 circumda-

403 2425 480 2479 bit
503 2441 621 2478 eam
642 2424 718 2488 ";
746 2437 810 2475 ac
826 2436 1047 2487 rursus;
1089 2423 1589 2478 Contaminaverunt
1612 2431 1978 2475 testamentum

400 2517 539 2584 ejus,
563 2517 718 2570 divisi
741 2525 863 2569 sunt
898 2515 964 2569 ab
996 2517 1080 2569 ira
1133 2516 1308 2570 vultus
1342 2516 1457 2584 ejus
1488 2516 1573 2581 ⁷⁵;
1627 2515 1933 2583 iterumque
1962 2533 1976 2568 :

418 2609 531 2663 Viri
561 2609 877 2679 sanguinum
901 2617 949 2662 et
969 2606 1143 2661 dolosi
1174 2624 1277 2661 non
1304 2606 1661 2660 dimidiabunt
1684 2605 1797 2659 dies
1823 2621 1975 2660 suos:

403 2715 495 2769 ego
521 2708 696 2754 autent
726 2700 783 2753 in
811 2709 860 2752 te
888 2697 1107 2765 sperabo
1139 2698 1204 2749 7".

2085 1992 2214 2028 ποτε
2248 1971 2377 2038 εἷεν,
2415 1973 2491 2045 μὴ
2527 1974 2893 2046 οἱκτειρήσῃς.
2941 1973 3229 2043 Μέμνηται
3259 1972 3316 2024 δὲ
3347 1972 3455 2028 τῶν
3493 1972 3658 2041 ἐργα-

2085 2065 2326 2136 ζομένων
2347 2064 2444 2134 τὴν
2466 2064 2694 2134 ἀνομίαν
2724 2064 2819 2116 καὶ
2850 2062 3105 2134 ἀνωτέρω
3126 2062 3316 2131 λέγων’
3353 2061 3562 2115 Ῥῦσαί
3579 2078 3657 2129 με

2082 2157 2152 2210 ἐκ
2175 2156 2293 2208 τῶν
2325 2153 2733 2223 ἐργαζομένων
2758 2154 2872 2222 τὴν
2903 2153 3179 2222 ἀνομίαν,
3211 2152 3308 2207 καὶ
3330 2152 3400 2214 ἐξ
3423 2150 3658 2220 ἀνδρῶν

2084 2248 2343 2316 αἱμάτων
2376 2245 2584 2299 σῶσόν
2617 2263 2713 2314 με.
2746 2244 2901 2299 Οὕτω
2927 2245 2983 2298 δὲ
3019 2244 3202 2298 ἐκάλει
3233 2244 3359 2306 τοὺς
3392 2242 3532 2301 κατά
3559 2242 3652 2294 τοῦ

2084 2336 2337 2405 Σωτῆρος
2383 2334 2541 2405 ἡμῶν
2590 2333 2780 2397 ἀθέους
2822 2332 3222 2401 ἐπενέγκαντας
3264 2336 3467 2404 χεῖρας.
3515 2331 3653 2392 Τοὺς

2085 2424 2281 2486 αὐτοὺς
2312 2421 2369 2475 δὲ
2406 2421 2648 2493 ᾐνίττετο
2676 2422 2769 2473 καὶ
2800 2423 2858 2473 ἐν
2892 2419 2961 2472 νδ⁹
2992 2419 3187 2491 ψαλμῷ
3210 2419 3401 2487 λέγων’
3434 2420 3551 2473 ’Ότι
3573 2414 3653 2470 εἷ-

2084 2515 2194 2569 δον
2219 2514 2473 2583 ἀνομίαν
2500 2512 2599 2566 καὶ
2625 2512 2974 2581 ἀντιλογίαν
2990 2512 3059 2564 ἐν
3081 2509 3156 2578 τῇ
3183 2511 3377 2565 πόλει.
3412 2509 3646 2579 Ἡμέρας

2084 2605 2185 2660 καὶ
2215 2604 2437 2672 νυκτὸς
2474 2604 2773 2658 κυκλώσει
2809 2602 3021 2669 αὑτήν
3064 2603 3158 2655 καὶ
3190 2601 3371 2655 πάλιν·
3431 2599 3657 2665 17686:}-

2093 2700 2292 2750 lwcrar
2328 2696 2442 2764 τὴν
2482 2694 2774 2763 διαθήκην
2813 2692 3020 2761 αὑτοῦ,
3060 2692 3524 2763 διεμερίσθησαν
3556 2691 3655 2745 ἀπ’

407 2795 591 2862 ὀργῆς
635 2792 741 2847 τοῦ
779 2791 1104 2860 προσώπου
1148 2791 1358 2845 αὐτοῦ·
1403 2792 1496 2845 καὶ
1535 2786 1709 2854 αὖθις·
1782 2790 2020 2858 Ἄνδρες
2055 2792 2317 2862 αΙμάτων
2349 2790 2446 2845 καὶ
2495 2789 2845 2860 δολιότητος
2882 2790 2955 2842 οὐ
2984 2786 3071 2859 μὴ
3114 2788 3489 2859 ήμισεύσωσι
3556 2784 3657 2849 τὰς

406 2883 628 2953 ἡμέρας
653 2880 871 2936 αὐτῶν
906 2880 1021 2949 ἐγὼ
1045 2880 1113 2933 δὲ
1142 2881 1238 2934 ἐπὶ
1270 2880 1345 2934 σὲ
1367 2878 1573 2934 ἐλπιῶ.

477 2994 642 3050 Vens.
680 2994 733 3059 7,
768 2994 853 3047 12.
891 2992 1271 3048 Convertentur
1297 2991 1365 3045 ad
1393 3009 1679 3062 vesperam,
1703 3004 1753 3047 et
1787 2994 1980 3063 [amem

405 3085 675 3152 patientur
708 3093 764 3137 ut
797 3084 966 3147 canis,
997 3091 1045 3137 et
1068 3082 1665 3138 circuibuntcivitatem.
1682 3082 1980 3153 Postquam

2173 2989 2671 3058 Ἐπιστρέῄουσιν
2705 2992 2795 3055 είς
2835 2990 3119 3059 ἑσπέραν,
3158 2988 3258 3042 καί
3294 2988 3661 3058 λιμώξουσιν

2085 3085 2167 3150 ὡς
2195 3084 2375 3148 κύων,
2415 3082 2512 3134 καὶ
2546 3079 2934 3134 κυκλώσουσι
2971 3082 3173 3133 πόλιν.
3203 3079 3417 3149 Σφόδρα
3444 3079 3661 3135 ἀκολού-

408 3174 779 3229 visitationem
818 3173 1061 3242 gentium
1090 3181 1145 3227 et
1202 3172 1465 3226 ultionem
1501 3174 1843 3243 aperantiqu
1876 3175 1978 3227 ini-

2084 3173 2190 3238 θως
2227 3169 2532 3240 ἐπισκοπὴν
2574 3170 2684 3222 τῶν
2724 3169 2892 3223 ἐθνῶν
2936 3168 3218 3231 ἱκετεύσας
3249 3167 3523 3237 γενέσθαι,
3554 3168 3660 3221 τῶν

409 3263 675 3331 quitatem
709 3260 825 3317 ﬁeri
860 3261 1090 3330 rogavit,
1124 3254 1427 3315 admodum
1459 3271 1858 3331 consequenter
1912 3263 1985 3319 ita

411 3361 599 3423 postea
627 3352 956 3407 vaticinatur
987 3368 1002 3405 :
1036 3349 1416 3405 Convertentur
1440 3350 1509 3404 ad
1544 3367 1821 3419 vesperam.
1854 3353 1985 3419 Qui-

410 3454 538 3497 nam
586 3438 687 3503 illi,
739 3438 849 3492 nisi
892 3438 988 3508 qui
1037 3446 1336 3507 operantur
1389 3438 1760 3508 iniquitatem,
1794 3452 1850 3495 et
1885 3442 1984 3496 viri

407 3529 775 3599 sanguinum?
800 3527 910 3583 Cur
945 3535 1127 3582 autem
1159 3527 1227 3580 ad
1274 3532 1584 3597 vesperam?
1607 3531 1735 3599 quia
1764 3532 1820 3585 in
1851 3547 1983 3589 con-

410 3616 776 3699 summatione
805 3617 988 3671 saeculi
1009 3616 1123 3671 haec
1143 3616 1323 3670 futura
1338 3626 1512 3672 erant.
1532 3616 1637 3672 Pro
1664 3619 1758 3672 illo
1779 3629 1983 3685 autem,

411 3711 479 3764 Et
501 3711 692 3778 {amem
710 3711 975 3779 patientur
999 3718 1055 3762 ut
1081 3710 1251 3773 canis,
1278 3710 1495 3779 Aquila,
1516 3710 1591 3765 Et
1607 3712 1986 3767 tumultuentur

410 3810 468 3856 ut
522 3801 704 3863 canis;
759 3799 1142 3869 Symmachus,
1170 3797 1258 3852 'Et
1311 3809 1638 3870 constrepent
1694 3811 1750 3855 ut
1796 3818 1983 3867 canes;

411 3887 738 3951 Theodotio,
808 3886 878 3939 Et
932 3888 1361 3955 vociferabantur
1388 3897 1445 3943 ut
1505 3891 1673 3954 canis,
1708 3898 1763 3946 et
1795 3895 1983 3960 quinta

410 3978 580 4035 editio
612 3977 881 4042 similiter,
924 3976 992 4031 Et
1020 3978 1442 4047 vociferabuntur
1472 3990 1528 4033 ut
1575 3997 1750 4035 canes.
1782 3981 1985 4051 Propa-

411 4069 520 4122 lam
536 4068 688 4124 hisce
705 4068 919 4132 verbis,
951 4082 1047 4124 eos
1072 4070 1166 4138 qui
1195 4086 1319 4124 sero
1350 4071 1590 4136 tandem,
1615 4079 1859 4140 tempore
1888 4071 1983 4125 ad-

412 4163 608 4229 ventus
634 4156 937 4213 Salvatoris
965 4158 1165 4219 nostri,
1196 4157 1420 4226 perinde
1451 4165 1614 4227 atque
1647 4158 1777 4212 Saul
1825 4158 1983 4213 inno-

410 4254 626 4302 centem
674 4247 1092 4318 insequebatur,
1149 4248 1224 4301 ita
1252 4256 1307 4301 et
1356 4249 1458 4318 ipsi
1486 4249 1689 4302 bellum
1719 4250 1983 4305 adversus

406 4337 684 4392 Christum
709 4336 806 4393 Dei
841 4337 1149 4405 suscepturi
1191 4345 1371 4402 erant,
1423 4353 1590 4393 canes
1621 4341 1980 4408 nuncupavit.

408 4427 719 4494 Quinetiam
783 4441 881 4495 per
945 4428 1265 4496 prophetam
1325 4427 1520 4482 Isaiam
1572 4428 1689 4497 ipse
1745 4430 1983 4498 Splritus

2082 3279 2142 3316 τε
2173 3260 2556 3332 ἐργαζομένων
2587 3258 2685 3329 τὴν
2721 3259 2947 3329 ἀνομίαν
2982 3258 3279 3328 ἐκδίκησιν,
3315 3256 3444 3325 ἑξῆς
3475 3255 3659 3309 θεσπί-

2084 3352 2167 3417 ζει
2210 3351 2455 3420 φάσκωνο
2515 3349 3021 3417 Ἐπιστρέψουσιν
3055 3351 3143 3415 εἰς
3179 3346 3463 3415 ἑσπέραν.
3508 3347 3663 3410 Τίνες

2082 3443 2140 3497 δὲ
2179 3436 2323 3496 οὗτοι
2365 3440 2483 3494 an?
2509 3442 2556 3492 οἱ
2586 3439 2955 3510 ἐργαζόμενοι
2972 3438 3069 3510 τὴν
3103 3440 3331 3509 ἀνομίαν
3370 3438 3464 3492 καὶ
3492 3439 3542 3511 oi
3568 3438 3660 3492 ἀν-

2082 3532 2206 3602 δρες
2247 3532 2355 3584 τῶν
2398 3530 2679 3601 αἱμάτων;
2723 3530 2821 3583 Διά
2861 3530 2913 3583 τί
2950 3530 3006 3583 δέ
3035 3532 3118 3593 είς
3143 3528 3441 3597 ἐσπέραν;
3475 3528 3661 3597 ἐπειδὴ

2084 3623 2178 3673 ἐπὶ
2214 3621 2489 3691 συντελείᾳ
2528 3619 2621 3673 τοῦ
2664 3621 2857 3684 αίῶνος
2898 3620 3106 3691 ,ῆμελλε
3148 3621 3320 3674 ταῦτα
3360 3618 3658 3689 γίγνεσθαι.

2098 3711 2241 3764 Ἀντί
2261 3712 2318 3765 δὲ
2344 3712 2460 3775 τοῦ,
2490 3711 2599 3765 Kal
2626 3711 2994 3779 λιμώξουσιν
3011 3711 3090 3776 ὡς
3116 3712 3295 3775 κύων,
3323 3712 3352 3763 ό
3374 3710 3474 3780 μὲν
3507 3707 3664 3763 ’Δκύ-

2084 3802 2204 3864 λας,
2228 3802 2338 3854 Kal
2372 3801 2813 3867 ὀχλασάτωσαν
2839 3801 2919 3866 ὡς
2947 3802 3129 3864 κύων,
3160 3801 3524 3870 ἡρμήνευσεν·
3553 3800 3582 3851 ό
3605 3798 3662 3850 δὲ

2086 3892 2401 3963 Σύμμαχος,
2435 3893 2549 3946 Καὶ
2576 3892 3046 3960 συνηχήσουσιν
3067 3893 3148 3957 ὠς
3173 3893 3372 3957 κύνες·
3403 3892 3431 3942 ὁ
3457 3891 3515 3943 δέ
3538 3889 3664 3942 Θεο-

2083 3983 2294 4048 δοτίων,
2334 3982 2446 4036 Kal
2489 3980 2839 4050 ἠχήσουσιν
2877 3984 2957 4047 ὡς
3004 3984 3183 4035 κύων·
3232 3983 3327 4035 καὶ
3363 3984 3398 4052 ἡ
3440 3981 3661 4050 πέμπτη

2085 4073 2293 4135 ἔκδοσις
2320 4073 2555 4144 ὁμοίως,
2583 4072 2696 4127 Kal
2735 4072 3083 4141 ἠχήσουσιν
3116 4074 3196 4138 ὼς
3238 4074 3435 4137 κύνες.
3484 4073 3663 4123 Ἀντι-

2084 4180 2221 4235 κρυς
2245 4164 2301 4216 δὲ
2329 4164 2417 4217 διὰ
2442 4163 2644 4217 τούτων
2668 4163 2795 4227 τοὺς
2826 4162 2923 4231 ὀψέ
2951 4178 3081 4216 ποτε
3117 4162 3257 4215 κατὰ
3290 4164 3417 4225 τοὺς
3443 4161 3661 4233 χρόνους

2083 4254 2183 4325 τῆς
2226 4253 2319 4306 τοῦ
2372 4254 2622 4324 Σωτῆρος
2675 4252 2837 4323 ἡμῶν
2880 4250 3117 4320 ἀφίξεως
3166 4253 3367 4321 ὁμοίως
3415 4251 3494 4322 τῷ
3541 4251 3661 4303 τότε

2085 4344 2278 4411 Σαοὺλ,
2318 4346 2408 4399 τὸν
2436 4345 2676 4398 ἀναίτιον
2703 4342 2977 4409 διώξαντι,
3006 4342 3303 4411 μέλλοντας
3339 4343 3434 4396 καὶ
3468 4342 3662 4404 αὐτοὺς

2084 4435 2174 4492 τὸν
2211 4436 2444 4506 Χριστὸν
2490 4435 2584 4489 τοῦ
2628 4432 2764 4486 Θεοῦ
2819 4433 3096 4503 πολεμεῖν,
3147 4432 3312 4495 κύνας
3361 4433 3658 4502 ὠνόμασεν.

409 4526 634 4573 sanctus
657 4518 772 4572 haec
791 4516 1036 4572 declarat
1073 4534 1085 4569 :
1124 4518 1315 4572 Omnes
1346 4535 1501 4572 canes
1537 4521 1670 4572 muti
1700 4523 1981 4579 nescientes

2101 4524 2253 4577 Ἐπεὶ
2294 4525 2390 4577 καὶ
2431 4523 2519 4577 διὰ
2550 4521 2645 4576 τοῦ
2686 4523 2964 4593 προφήτου
3006 4522 3225 4574 Ἡσαῖου
3262 4522 3323 4574 τὸ
3355 4522 3485 4575 αὐτὸ
3512 4523 3663 4590 ἆγιον
3718 4594 3725 4597 ᾗ

411 4605 613 4659 latrare
643 4606 723 4671 7";
753 4614 807 4659 et
835 4605 888 4658 in
923 4620 1015 4656 nt
1058 4606 1291 4673 psalmo,
1328 4608 1419 4674 qui
1455 4605 1758 4675 salvatoris
1807 4612 1982 4665 nostri

407 4695 690 4749 cruciatus
708 4694 1101 4760 describit,“
1148 4693 1270 4763 ejus
1306 4694 1605 4752 Salvatoris
1633 4714 1867 4767 persona
1900 4702 1984 4755 di-

406 4783 553 4837 citur
597 4798 610 4834 :

407 4872 814 4941 malignantium
845 4872 1043 4926 obsedit
1079 4890 1160 4927 me
1203 4875 1270 4927 ⁷⁸.
1323 4874 1426 4941 Qui
1484 4876 1650 4947 igitur
1686 4888 1983 4948 operantur

406 4959 778 5029 iniquitatem,
801 4969 854 5014 et
907 4961 1013 5014 viri
1067 4963 1422 5033 sanguinum,
1456 4966 1562 5021 etsi
1605 4967 1719 5036 jam
1751 4969 1979 5023 multum

407 5050 616 5106 viribus
660 5050 859 5106 valere.
912 5058 968 5106 et
1012 5054 1079 5107 ad
1113 5053 1355 5123 prasens
1414 5064 1627 5126 tempus
1660 5073 1886 5128 regnum
1922 5066 1981 5112 ut

408 5139 806 5195 Saulobtinete
837 5139 1153 5210 videantur;
1202 5151 1256 5196 at
1306 5152 1577 5214 quotquot
1604 5146 1781 5199 allinia
1807 5147 1980 5215 ipsius

405 5229 573 5300 gestis
598 5229 909 5292 ediderunt,
928 5240 1323 5286 convertentur
1344 5234 1586 5300 tandem,
1618 5242 1673 5289 et
1702 5236 1768 5289 ad
1790 5251 1981 5304 vespe-

382 5350 391 5353 -
407 5332 519 5371 ram
530 5319 1030 5387 tumultuabuntur,
1047 5335 1111 5377 ac
1122 5323 1594 5379 vociferabuntur:
1612 5327 1744 5380 nihil
1762 5328 1979 5396 quidem

408 5408 736 5462 articulatim
781 5411 1098 5481 loquentur,
1131 5430 1310 5484 neque
1356 5432 1423 5469 ex
1457 5417 1768 5472 rationabili
1801 5425 1981 5475 mente

406 5498 880 5567 verba.memoria
930 5501 1096 5571 digna
1137 5504 1454 5573 proferent;
1515 5506 1612 5563 sed
1666 5508 1891 5576 perinde
1923 5517 1980 5563 ut

408 5596 571 5637 canes
631 5584 870 5643 u‘lulatus
928 5589 1177 5645 emittcnt
1224 5608 1500 5663 vocesque
1554 5598 1979 5655 contumeliosas

666 4780 1134 4845 Circumdederunt
1184 4800 1265 4838 me
1298 4801 1451 4839 canes
1485 4788 1660 4852 multi,
1704 4789 2023 4847 concilium~

2090 4613 2313 4684 Πνεῦμα
2360 4616 2489 4685 περὶ
2535 4614 2642 4666 τῶν
2694 4612 2873 4666 αὐτῶν
2916 4612 3158 4664 διδάσκει
3208 4611 3385 4679 λέγοψ
3438 4612 3664 4676 Πάντες

2088 4704 2269 4767 κύνες
2295 4703 2449 4755 ἐνεοῖ
2484 4705 2595 4756 οὐκ
2626 4701 2859 4769 εἰδότες,
2884 4698 3188 4756 ὑλακτεῖν·
3222 4700 3316 4752 καὶ
3338 4702 3394 4752 ἐν
3418 4707 3503 4754 κα¹
3527 4700 3661 4769 ψαλ-

2090 4792 2196 4863 μῷ,
2227 4791 2297 4845 τὰ
2328 4792 2474 4863 πάθη
2505 4792 2597 4845 τοῦ
2628 4792 2878 4862 Σωτῆρος
2902 4790 3057 4861 ἡμῶν
3084 4791 3457 4861 διαγράφοντι,
3483 4792 3541 4857 ἐξ
3569 4793 3663 4844 αὑ-

2085 4882 2179 4935 τοῦ
2213 4882 2501 4953 προσώπου
2538 4883 2784 4937 λέλεκται
2823 4882 2917 4936 τοῦ
2953 4881 3223 4952 Σωτῆρος
3261 4884 3663 4949 Περιεκύκλω-
3730 4934 3741 4941 ,

2087 4972 2208 5026 σάν
2229 4990 2306 5041 με
2331 4973 2513 5038 κύνες
2543 4973 2782 5037 πολλοὶ,
2814 4974 3133 5041 συναγωγὴ
3169 4973 3664 5043 πονηρευομένων

2086 5062 2409 5130 περιέσχον
2429 5080 2523 5131 με.
2561 5066 2623 5117 υἱ
2658 5060 2752 5117 οὖν
2784 5062 3140 5134 ἐργαζόμενοι
3180 5067 3278 5134 τὴν
3314 5065 3541 5134 ἀνομίαν
3572 5064 3663 5117 καὶ

2087 5155 2137 5206 οί
2165 5152 2356 5224 ἄνδρες
2382 5153 2492 5207 τῶν
2516 5138 2783 5225 αἱμάτων,
2815 5156 2864 5206 εί
2886 5155 2978 5207 καὶ
3008 5152 3078 5206 τὰ
3113 5152 3345 5223 μάλιστα
3371 5153 3466 5208 νῦν
3497 5154 3661 5208 πολλὰ

2085 5246 2341 5299 δύνασθαι
2377 5245 2614 5311 δοκοῦσι,
2646 5248 2740 5299 καὶ
2767 5247 2864 5316 τῆς
2895 5244 3171 5315 βασιλείας
3208 5248 3430 5316 κρατεῖν
3474 5245 3662 5315 ὥσπερ

2087 5336 2260 5389 Σαοὺλ
2301 5336 2439 5400 τέως
2480 5338 2573 5390 ἐπὶ
2601 5336 2693 5390 τοῦ
2727 5336 3011 5407 παρόντος,
3037 5335 3173 5390 ἀλλὰ
3198 5336 3396 5400 πάντες
3429 5354 3493 5404 γε
3515 5339 3563 5388 oi
3594 5335 3662 5387 τὰ

2086 5425 2287 5495 ἀδελφά
2306 5426 2481 5496 τούτῳ
2506 5427 2812 5499 πράξαντες
2832 5427 3247 5496 ἐπιστρέφουσιν
3268 5427 3364 5496 ὀψέ
3391 5445 3542 5491 ποτε,
3568 5427 3661 5479 καὶ

2086 5513 2164 5574 εἰς
2205 5512 2443 5583 ἑσπέραν
2480 5513 2768 5583 ὀχλάσουσί
2809 5529 2870 5568 τε
2909 5515 3003 5567 καὶ
3051 5516 3465 5585 συνηχήσουσιν,
3508 5514 3659 5567 οὐδὲν

2090 5602 2185 5670 μὲν
2246 5602 2503 5673 ἔναρθρον
2558 5602 2939 5674 φθεγγόμενοι,
2997 5605 3118 5658 οὐδέ
3167 5607 3232 5657 ἐκ
3285 5605 3509 5675 λογικῆς
3546 5605 3657 5657 δια-

480 5735 524 5768 "
564 5734 708 5790 Psa‘.
748 5754 857 5807 xw,
894 5741 980 5812 ιο,
1012 5744 1094 5797 ll.
1173 5748 1217 5778 ⁷⁸
1259 5748 1392 5803 ibid.
1427 5748 1629 5818 2i,‘22.
1687 5756 1753 5841 ἐξ
1795 5752 1933 5810 Psal.
1977 5770 2082 5823 Liv,
2115 5755 2205 5810 2L
2286 5759 2327 5788 ⁷⁷
2372 5755 2474 5812 lsa.
2509 5772 2625 5825 LVI,
2664 5758 2748 5813 lO.
2827 5760 2871 5787 7"
2912 5758 3052 5814 i‘sal.
3080 5774 3214 5837 _SXI,
3255 5758 3336 5814 Π.
