4090 6378
373 388 472 443 5H

1492 385 1997 446 COMMENTARIA
2038 385 2105 440 IN
2147 383 2487 440 PSALMOS.

3532 395 3639 450 542

372 504 519 566 void;
566 502 757 573 λόγους
807 504 987 570 ἀξίους
1029 508 1248 579 μνήμης
1278 508 1702 578 προσφέροντες,
1739 506 1864 557 κυσὶ
1898 505 1953 556 δὲ

2058 508 2110 554 et
2156 502 2518 571 impudentes.
2548 500 2730 567 Quare
2764 501 2966 557 famem
3005 504 3302 573 patientur,
3341 520 3481 572 pane
3503 486 3637 564 vita:

371 592 769 663 παραπλησίως
799 593 1076 664 ὑλαγμοὺς
1106 597 1382 665 ἀφιέντες,
1410 597 1594 665 φωνάς
1616 613 1676 648 τε
1707 596 1953 666 ὑϐριστι-

372 684 476 747 κάς
507 686 599 738 καὶ
631 685 885 748 ἀναιδεῖς.
933 687 1027 739 Διὸ
1063 689 1157 741 καὶ¹
1192 687 1518 757 λιμώξουσιν
1549 688 1643 740 τοῦ
1673 687 1774 763 τῆς
1807 685 1954 754 ζωῆς

371 772 538 842 ἄρτου
570 772 924 843 στερηθέντες
942 792 955 805 ο
991 776 1115 828 ἐπεὶ
1149 777 1223 846 μὴ
1254 777 1618 847 παρεδέξαντο
1644 777 1744 848 τήν
1774 778 1951 846 σωτή-

376 880 489 925 ριον
516 864 609 915 καὶ
632 864 881 934 οὐράνιον
903 867 1127 937 τροφὴν,
1164 868 1326 921 αὐτὸν
1358 868 1448 921 τὸν
1476 868 1735 938 elp'qzbm
1753 884 1766 896 ·
1816 865 1956 935 Ἐγώ

371 956 489 1022 εἰμι
533 957 566 1007 ό
606 953 788 1021 ἄρτος
838 959 871 1010 ό
915 958 985 1011 ἐκ
1036 958 1143 1011 τοῦ
1193 958 1456 1027 adparat")
1508 958 1799 1023 καταϐὰς,
1854 957 1951 1010 καὶ

371 1042 578 1109 διδοὺς
623 1043 778 1113 ζωὴν
804 1047 940 1112 τοῖς
988 1049 1343 1117 ἀνθρώποις.
1406 1050 1570 1103 Ὅθεν
1620 1050 1715 1102 καὶ
1767 1049 1953 1117 ἕτερος

375 1141 661 1208 προφήτης
691 1138 784 1191 τὸν
811 1138 968 1209 λιμὸν
994 1139 1181 1193 τοῦτον
1207 1142 1579 1211 αἰνιττόμενος
1607 1140 1735 1192 ἐϐόα
1758 1140 1950 1208 λέγων·

386 1223 541 1277 Ἰδοὺ
583 1229 636 1279 οἱ
677 1226 1076 1295 δουλεύοντές
1127 1248 1228 1298 μοι
1287 1229 1575 1299 φάγονται
1599 1271 1614 1293 ν
1666 1229 1836 1298 ὑμεῖς
1886 1227 1955 1280 δέ

372 1312 724 1367 πεινάσετε’
788 1315 918 1368 ἰδοὺ
974 1320 1028 1370 οὶ
1080 1317 1481 1383 δουλεύοντές
1528 1335 1631 1385 μοι
1686 1317 1952 1380 πίονται,

372 1402 543 1472 ὑμεῖς
595 1402 673 1456 δὲ’
716 1405 1032 1473 διψήσετε.
1080 1407 1440 1478 Στερηοέντες
1484 1407 1540 1459 δὲ
1585 1408 1687 1476 τῆς
1736 1406 1954 1459 αἰωνίου

371 1495 579 1564 τροφῆς
625 1496 721 1549 καὶ
764 1496 855 1549 τὸν
895 1498 1059 1567 ἄρτον
1104 1498 1203 1566 τῆς
1251 1496 1397 1567 ζωῆς
1452 1496 1952 1567 παραιτησάμενοι,

2057 592 2274 661 privati,
2305 593 2433 663 quia
2468 594 2761 648 salutarem
2784 602 2838 649 et
2871 595 3150 651 cmlestem
3178 596 3360 650 cibum
3406 612 3513 651 non
3539 614 3635 653 ac-

2055 691 2341 752 ceperunt,
2395 683 2572 753 ipsum
2601 683 2814 739 scilicet
2854 685 2946 753 qui
2990 686 3066 739 ait
3104 704 3115 738 :
3156 685 3270 756 Ego
3301 703 3417 741 sum
3460 690 3637 757 panis,

2055 773 2145 841 qui
2180 772 2244 826 de
2268 774 2396 827 caelo
2420 773 2712 838 descendit,
2745 784 2791 828 et
2813 775 2903 844 qui
2928 774 3019 827 dat
3059 777 3220 829 vitam
3249 777 3547 832 hominibus
3570 780 3637 832 ⁷⁸.

2057 862 2238 927 Quare
2259 864 2398 919 alius
2422 848 2682 934 propheta
2724 865 3038 933 hujusmodi
3076 865 3271 919 famem
3304 866 3640 923 adumbrans

2057 954 2327 1008 clamabat
2360 956 2552 1011 dicens
2583 974 2595 1009 :
2636 954 2770 1009 Ecce
2795 957 2885 1025 qui
2922 958 3155 1010 serviunt
3184 957 3313 1009 mihi
3343 958 3637 1023 comedent,

2056 1062 2144 1099 vos
2176 1056 2350 1100 autem
2402 1048 2646 1100 esurietis
2672 1063 2690 1100 :
2737 1063 2852 1101 ecce
2889 1048 2979 1116 qui
3008 1049 3240 1101 serviunt
3278 1049 3409 1101 mihi
3441 1048 3639 1113 bibent,

2057 1151 2146 1189 vos
2181 1144 2356 1189 autem
2383 1137 2573 1190 sitietis
2599 1136 2666 1191 ⁸⁸³.
2699 1135 2928 1189 ΛΕιετηο
2957 1143 3139 1191 autem
3166 1151 3291 1191 esca
3323 1136 3542 1206 privati,
3577 1150 3642 1191 ac

2057 1239 2198 1293 pane
2226 1225 2352 1278 vitae
2379 1226 2609 1293 rejecto,
2642 1240 2751 1279 non
2795 1226 2939 1278 ultra
2974 1233 3032 1279 ut
3076 1240 3206 1280 oves
3240 1225 3369 1279 boni
3403 1226 3642 1294 pasteris

2054 1313 2474 1381 reputabuntur,
2518 1315 2612 1368 sed
2645 1314 2875 1369 canibus
2907 1314 3392 1385 comparabuntur.
3436 1313 3641 1369 Deinde

2056 1414 2189 1454 vero
2219 1416 2287 1455 ex
2322 1401 2545 1456 civitate
2577 1416 2698 1461 sua.
2733 1416 2896 1470 quam
2926 1402 3173 1471 improbe
3200 1403 3511 1466 coluerunt,
3543 1417 3639 1457 ex-

2057 1490 2430 1545 turbabuntur
2465 1511 2477 1544 :
2515 1501 2678 1561 atque
2726 1494 2800 1545 ita
2856 1492 3240 1555 excludentur,
3277 1500 3335 1545 ut
3376 1480 3459 1546 ne,
3495 1492 3646 1549 ultra

372 1584 552 1636 οὐκέθ’
585 1584 661 1648 ὡς
692 1585 940 1657 πρόϐατα
978 1588 1309 1655 γενήσονται.
1330 1586 1424 1638 τοῦ
1455 1585 1622 1639 καλοῦ
1664 1586 1919 1655 ποιμένος
1938 1600 1952 1614 ο

2063 1580 2217 1634 adire
2249 1582 2395 1634 illam
2431 1583 2669 1635 audeant
2707 1600 2721 1633 :
2755 1582 2883 1651 quia
2941 1582 3044 1650 ipsi
3076 1583 3196 1651 ejus
3252 1582 3464 1645 incolat,
3520 1578 3642 1635 eam

372 1675 887 1747 παραϐληθήσονται
918 1675 975 1728 δὲ
1004 1677 1182 1731 κυσίν.
1230 1671 1365 1728 Εἶτα
1391 1674 1447 1727 δὲ
1481 1675 1575 1728 καὶ
1619 1676 1720 1744 τῆς
1747 1673 1955 1727 ἑαυτῶν

2058 1671 2321 1741 sanguine
2365 1672 2734 1740 repleverunt.
2780 1669 2962 1736 Quare
3018 1672 3072 1724 in
3132 1686 3300 1741 supra
3335 1681 3642 1729 memorato

372 1765 613 1828 πόλεως,
643 1766 710 1836 ἢν
741 1765 929 1829 κακῶς
971 1765 1219 1835 ᾤκησαν,
1265 1763 1735 1833 ἀπελασθήσονται
1759 1779 1772 1792 ’
1823 1763 1956 1814 ἀπο.

2058 1761 2179 1815 loco
2205 1760 2491 1815 dicebatur
2516 1775 2529 1812 :
2559 1760 2826 1826 Quoniam
2860 1762 2965 1813 vidi
2987 1760 3319 1827 iniquitatem
3343 1772 3393 1815 et
3427 1774 3645 1817 contra-

372 1830 781 1925 κλεισθήσονταί
806 1871 867 1907 τε
899 1830 1092 1924 αὐτῆς,
1125 1830 1209 1917 ὡς
1233 1854 1427 1924 μηκέτ’
1455 1830 1626 1921 αὐτῆς
1656 1851 1955 1905 ἐπιϐαίνειν

2058 1852 2340 1905 dictionem
2373 1852 2427 1904 in
2455 1852 2668 1904 civitate
2687 1852 2753 1903 ⁸⁸.
2791 1851 3006 1906 Atenim
3038 1851 3112 1905 ibi
3142 1851 3361 1907 lsraelis
3403 1854 3457 1907 in
3486 1852 3643 1909 l‘eru-

370 1945 601 2015 τολμᾷν⁸
670 1945 970 2016 ἐπειδήπερ
1020 1948 1069 1998 οί
1132 1944 1409 2007 οἰκοῦντες
1470 1946 1642 2013 αὐτὴν
1704 1944 1955 2014 αἱμάτων

2059 1943 2227 1999 salem
2273 1949 2467 1996 contra
2505 1940 2842 1997 Salvatorem
2891 1942 3135 1997 facinora
3171 1944 3638 2010 recensebantur;

2058 2033 2147 2087 hic
2178 2047 2309 2087 vero
2343 2047 2466 2102 qua:
2513 2034 2647 2101 ipsis
2688 2042 2879 2102 postea
2921 2035 3255 2105 contigerint
3302 2051 3367 2089 ex
3400 2035 3643 2105 Spiritus

2058 2124 2235 2179 sancti
2272 2123 2606 2178 revelatione
2632 2122 2918 2193 Scriptura
2947 2139 3045 2178 ceu
3079 2124 3135 2178 in
3164 2125 3326 2195 cippo
3353 2114 3643 2193 inscribit;

2055 2231 2226 2287 quare
2248 2217 2392 2269 tituli
2416 2216 2694 2286 inscriptio
2716 2215 2937 2271 dicitur.
2968 2216 3309 2286 Completum
3341 2232 3503 2287 porro
3526 2233 3643 2272 ser-

2056 2323 2271 2362 monem
2312 2322 2434 2362 esse
2466 2322 2647 2362 rerum
2678 2314 2908 2362 eventus
2934 2307 3195 2362 declarat.
3232 2297 3366 2361 Nam
3392 2315 3515 2378 pos‘t
3550 2308 3639 2362 ia-

2058 2399 2231 2455 sidias
2268 2397 2340 2452 ab
2380 2397 2450 2452 iis
2480 2406 2671 2452 contra
2706 2397 3046 2453 Salvatorem
3087 2408 3332 2467 paratas,
3370 2398 3645 2453 irruentes

2056 2488 2311 2550 Romani,
2340 2482 2507 2542 dictis
2545 2488 2879 2557 propheticis
2906 2487 3065 2541 linem
3092 2488 3399 2541 intulerunt
3429 2505 3441 2540 :
3479 2487 3640 2556 siqui-

2054 2578 2177 2633 dem
2216 2578 2488 2632 victorum
2538 2578 2655 2647 lege
2703 2577 2972 2633 universae
3027 2575 3272 2630 Judaicze
3316 2577 3461 2646 genti
3493 2577 3644 2630 aditu

2056 2670 2303 2723 locorum
2336 2667 2688 2721 interdictum
2722 2674 2838 2731 est;
2889 2667 3224 2722 inevitabilis
3255 2666 3459 2736 quippe
3508 2667 3644 2735 legis

2057 2758 2561 2826 transgreSsoribus
2619 2757 2896 2827 impendet
2944 2758 3100 2811 ultio.
3155 2757 3522 2821 Quamobrem
3574 2757 3643 2809 ad

2056 2850 2199 2903 hanc
2225 2864 2403 2919 usque
2447 2850 2612 2913 diem,
2652 2849 2720 2903 ad
2753 2856 2935 2905 certos
2987 2848 3256 2903 terminos
3290 2848 3349 2901 in
3405 2846 3643 2901 circuitu

2057 2940 2411 3008 accedentes,
2433 2932 2626 3009 procul
2665 2940 2976 2994 consistunt
3012 2953 3025 2989 :
3059 2953 3241 3007 neque
3278 2937 3454 2993 solum
3482 2936 3642 2998 illud,

2056 3032 2205 3103 quod
2240 3048 2469 3087 sacrum
2499 3031 2628 3085 olim
2665 3030 3046 3099 reputabatur,
3081 3029 3166 3084 vel
3196 3028 3386 3098 procul
3419 3028 3644 3097 conspi-

370 2032 539 2102 αὐτὴν
587 2032 876 2103 ἐπλήρουν.
930 2033 1023 2085 Διὸ
1065 2035 1123 2087 ἐν
1166 2034 1244 2105 τῷ
1279 2033 1679 2106 προδηλωθέντι
1714 2032 1949 2100 ἐλέγετο·

374 2124 493 2176 Ὅτι
523 2120 688 2177 εἶδον
724 2125 982 2194 ἀνομίαν
1026 2125 1124 2179 καὶ
1166 2124 1516 2194 ἀντιλογίαν
1550 2124 1622 2176 ἐν
1646 2122 1721 2190 τῇ
1755 2124 1949 2176 πόλει.

383 2213 520 2265 Ἀλλ’
553 2215 672 2267 ἐκεῖ
716 2215 815 2285 μὲν
863 2214 935 2267 τὰ
973 2214 1314 2286 τολμηθέντα
1351 2213 1431 2284 τῷ
1478 2213 1695 2285 Ἰσραήλ
1727 2216 1786 2267 ἐν
1813 2214 1951 2283 αὐτῇ

368 2304 804 2375 τῇἹερουσαλὴμ
835 2304 977 2358 κατά
1004 2305 1097 2358 τοῦ
1125 2306 1374 2376 Σωτῆρος
1405 2304 1687 2376 ἐδηλοῦτο·
1721 2304 1953 2358 ἐνταῦθα

367 2394 424 2446 δὲ
460 2394 521 2447 τὸ
555 2394 903 2464 συμϐεϐηκὸς
950 2396 1141 2458 αὐτοῖς
1183 2396 1325 2466 μετὰ
1362 2394 1538 2448 ταῦτα
1564 2398 1630 2466 τῇ
1664 2394 1761 2447 τοῦ
1795 2396 1952 2464 ἁγίου

369 2484 684 2555 ιινεύματος
726 2485 1034 2555 προγνώσει
1076 2488 1108 2555 ή
1146 2486 1335 2557 Γραφὴ
1382 2485 1719 2556 στηλιτεύειοτ
1750 2486 1830 2538 διὸ
1858 2488 1953 2539 καὶ

366 2576 783 2646 στηλογραφία
807 2576 1091 2647 κέκληται.
1121 2576 1229 2629 Τοῦ
1257 2576 1314 2629 δὲ
1341 2576 1501 2644 λόγου
1526 2577 1587 2629 τὸ
1607 2576 1954 2646 ἀποτέλεσμα

366 2668 698 2739 παρίστησιν
744 2670 777 2739 ή
812 2669 922 2721 τῶν
973 2666 1314 2739 πραγμάτων
1347 2667 1592 2730 ἔκϐασις.
1641 2666 1801 2729 Μετὰ
1822 2667 1954 2735 γοῦν

368 2758 465 2828 τὴν
494 2760 638 2813 κατὰ
673 2759 768 2812 τοῦ
794 2759 1045 2828 Σωτῆρος
1074 2757 1230 2827 ἡμῶν
1266 2757 1566 2827 ἐπιϐουλὴν·
1593 2757 1792 2821 αὐτῶν,
1828 2758 1953 2808 ἐπιο

371 2850 591 2912 στάντες
650 2850 910 2918 Ῥωμαῖοι
964 2847 1117 2909 τέλος
1179 2848 1384 2914 ἐπῆγον
1436 2850 1548 2911 τοῖς
1599 2848 1956 2916 προφητικοῇ

369 2933 563 3001 λόγοις.
598 2933 803 3002 Νόμοις
841 2933 972 3000 γοῦν
1011 2932 1120 2986 τῶν
1161 2933 1509 3002 κρατούντων
1544 2934 1602 3000 ἐξ
1648 2934 1858 2986 ἐκείνου
1891 2934 1953 2986 τὸ

366 3025 476 3076 πᾶν
510 3023 778 3078 Ἰουδαίων
819 3024 971 3088 ἔθνος
1021 3026 1396 3095 ἀπηγόρευται
1439 3029 1553 3089 τοῖς
1595 3027 1783 3090 τόποις
1829 3019 1954 3079 ἔπι-ἑ

368 3115 595 3179 ϐαίνειν,
633 3117 1011 3187 ἀπαραιτήτου
1054 3117 1328 3188 τιμωρίας
1360 3118 1813 3191 ἐπαιωρουμένης
1843 3122 1953 3181 τοῖς

364 3205 460 3257 τοῦ
492 3206 658 3276 νόμου
685 3207 1051 3276 παραϐάταις.
1085 3208 1177 3259 Διὸ
1205 3207 1372 3262 εἰσέτι
1407 3208 1503 3261 καὶ
1535 3210 1774 3279 σήμερον
1806 3209 1952 3279 ἀμφὶ

374 3297 468 3350 ,ιέν
517 3299 645 3360 τοὺς
698 3298 860 3369 ὄρους
913 3300 1006 3352 καὶ
1070 3298 1271 3369 κύκλῳ,
1312 3298 1606 3371 παριόντες
1670 3299 1954 3370 πόρρωθεν

368 3388 643 3445 ἱστανται·
698 3386 820 3457 μηδ’
862 3387 921 3451 ἐξ
954 3388 1201 3441 ἀπόπτου
1243 3387 1305 3440 τὺ
1348 3386 1519 3441 πάλαι
1564 3389 1953 3459 νενομισμένον

366 3477 549 3539 αὐτοῖς
585 3478 729 3547 ἱερὸν
763 3477 957 3546 ἔδαφος
990 3478 1288 3534 θεάσασθαι
1324 3478 1775 3550 καταειούμενοι·
1814 3476 1951 3543 ἔξω·

368 3566 459 3619 Οεν
487 3566 545 3618 δὲ
570 3566 916 3631 κυκλοῦντες,
954 3569 1138 3621 πίστιν
1184 3569 1449 3637 ἐπάγουσι
1481 3571 1549 3640 τῇ
1585 3569 1723 3639 μετά
1764 3573 1954 3639 χεῖρας

367 3657 600 3729 λεγούσῃ
659 3660 882 3729 Γραφῇ’
955 3658 1460 3726 Ἐπιστρέψουσιν
1510 3660 1611 3723 ἐίς
1664 3657 1951 3729 ἑσπέραν,

369 3752 468 3805 καὶ
534 3751 907 3820 λιμώξουσιν
977 3751 1091 3817 ὡς’
1125 3749 1320 3811 κύων,
1393 3749 1492 3802 καὶ
1564 3748 1954 3803 κυκλώσουσι

369 3853 570 3905 πόλιν.
615 3844 726 3898 Καὶ
770 3841 982 3904 τούτοις
1031 3841 1157 3911 ἑξῆς
1200 3841 1514 3909 ἐπιλέγεται
1547 3843 1581 3910 ή
1608 3840 1756 3894 αἰτία
1792 3841 1859 3893 δι’
1891 3841 1956 3911 ἣν

368 3938 547 3998 ταῦτα
578 3934 881 3987 πείσονται·
927 3931 1074 3985 Ἰδοὺ
1101 3931 1231 4001 γὰρ,
1264 3929 1449 3998 φησὶν,
1476 3928 1958 3997 ᾁπορθέγξονται

369 4031 445 4081 ἐν
480 4026 563 4093 τῷ
600 4027 848 4094 στόματι
890 4022 1110 4087 αὐτῶν,
1149 4022 1245 4076 καί
1281 4021 1551 4090 ῥομφαία
1581 4020 1651 4073 ἐν
1674 4019 1800 4085 τοῖς
1833 4020 1955 4087 χεί-

369 4126 548 4175 λεσιν
592 4118 811 4181 αὐτῶν,
843 4115 934 4170 ὅτι
980 4115 1073 4181 τίς
1099 4114 1366 4183 ἤκουσε;
1400 4110 1574 4164 ταῦτα
1602 4110 1710 4182 γὰρ
1742 4110 1959 4164 ἅπαντα

374 4210 674 4265 πεπόνθασι
724 4207 815 4260 διὰ
878 4206 977 4269 τὰς
1028 4205 1222 4268 ἀθέους
1281 4203 1462 4257 αὐτῶν
1528 4202 1623 4255 καὶ
1676 4201 1959 4265 δυσσεϐεῖς

374 4302 579 4373 φωνὰς,
612 4300 680 4363 ἀς
706 4299 851 4353 κατά
872 4298 965 4351 τοῦ
998 4294 1424 4367 Σωτῆροςήμῶν
1454 4294 1705 4363 ἠφίεσαν,
1739 4292 1832 4346 ἐπὶ
1864 4291 1961 4345 τοῦ

376 4394 608 4449 Πιλάτου
643 4392 873 4463 βοῶντες
896 4407 910 4421 ⁸
948 4386 1106 4457 Alps,
1153 4384 1302 4455 αἶρε,
1350 4386 1708 4453 σταύρωσον
1749 4386 1956 4439 αὐτόν.

2000 3151 2022 3169 ς
2056 3132 2180 3173 cere
2203 3117 2337 3187 ipsis
2360 3118 2682 3172 conceditur
2730 3116 2835 3171 Sed
2866 3116 3012 3172 foras
3037 3116 3462 3179 circumeuntes,
3494 3113 3646 3168 Scri-

2056 3214 2232 3277 ptune
2277 3222 2400 3275 qua:
2438 3206 2550 3275 jam
2607 3206 2788 3275 agitur
2841 3205 3000 3259 tidem
3054 3194 3352 3258 conciliant
3383 3201 3639 3255 dicenti:

2056 3280 2436 3352 Conuertentur
2461 3296 2530 3348 ad
2560 3311 2847 3364 vesperam.
2871 3304 2921 3348 et
2950 3295 3143 3363 [amem
3176 3293 3444 3362 patientur
3473 3299 3532 3344 ut
3553 3307 3642 3345 cas

2056 3388 2162 3451 nis,
2195 3396 2246 3441 et
2276 3385 2576 3440 circuibunt
2610 3386 2896 3439 civitatem.
2953 3382 3157 3439 Deinde
3183 3395 3311 3436 vero
3352 3380 3644 3450 subiungi-

2057 3487 2148 3532 tur
2174 3486 2339 3532 tanta:
2359 3476 2690 3532 calamitatis
2713 3490 2882 3531 causa
2913 3493 2928 3530 :
2959 3489 3083 3529 nam
3110 3473 3186 3526 ait
3216 3493 3228 3526 :
3256 3472 3389 3525 Ecce
3428 3471 3646 3540 loquen-

2057 3580 2144 3621 tur
2175 3569 2228 3621 in
2262 3585 2352 3622 ore
2382 3584 2499 3631 suo,
2528 3575 2578 3620 et
2624 3567 2834 3637 gladius
2877 3566 2932 3619 in
2974 3564 3129 3618 labiis
3155 3578 3359 3625 eorum,
3391 3563 3645 3629 quoniam

2055 3659 2172 3728 quis
2227 3659 2471 3714 audivit?
2521 3657 2812 3712 Enimvero
2857 3658 2972 3712 haec
3005 3658 3189 3711 omnia
3220 3652 3369 3725 passi
3415 3660 3547 3707 sunt
3576 3656 3647 3707 ob

2059 3749 2257 3818 impias
2284 3750 2407 3804 illas
2443 3754 2499 3804 et
2532 3748 2772 3804 nefarias
2807 3763 2992 3815 voces,
3030 3764 3170 3818 quas
3215 3759 3409 3806 contra
3454 3749 3646 3804 Salva-

2058 3848 2233 3894 torem
2259 3847 2511 3894 nostrum
2540 3839 2910 3908 protulerqu,
2941 3838 3011 3893 ad
3037 3838 3272 3895 Pilatum
3298 3841 3604 3896 clamantes
3630 3858 3643 3892 :

2065 3929 2234 3993 Tolle,
2277 3922 2424 3991 tolle,
2472 3928 2721 3997 cruciﬁge
2760 3944 2880 3981 cum
2925 3928 2994 4003 ⁸“.
3038 3927 3272 4000 Sanguis
3314 3932 3431 4000 ejus
3490 3946 3651 3998 super

2062 4036 2155 4074 nos
2168 4028 2383 4087 etsuper
2398 4019 2538 4087 ﬁlios
2563 4027 2772 4071 nostros
2785 4018 2850 4069 ³³.
2875 4015 3034 4081 Quod
3058 4016 3144 4074 his
3171 4018 3352 4074 verbis
3373 4019 3650 4089 signiﬁca-

2064 4120 2156 4163 tur
2187 4129 2199 4163 :
2242 4109 2375 4163 Ecce
2405 4110 2681 4178 loquentur
2714 4108 2767 4159 in
2801 4121 2891 4160 ore
2925 4112 3041 4170 suo,
3077 4118 3126 4159 et
3159 4108 3371 4176 gladius
3406 4110 3461 4160 in
3493 4108 3649 4162 labiis

2060 4217 2265 4256 eorum.
2305 4200 2413 4254 I‘ro
2453 4200 2545 4253 illo
2589 4206 2789 4259 autem,
2825 4197 3089 4262 Quoniam
3112 4199 3228 4267 quis
3256 4198 3501 4253 audivit?
3536 4199 3648 4251 cla-

2064 4292 2182 4346 rius
2207 4289 2569 4362 Symmachus
2603 4292 2996 4359 interpretatus
3026 4287 3112 4342 bis
3143 4289 3325 4343 verbis
3356 4298 3456 4353 est,
3481 4290 3654 4353 Quasi

2066 4381 2215 4436 nullo
2245 4381 2492 4435 audiente
2520 4380 2849 4435 clamabant.
2884 4377 3037 4433 Talia
3074 4380 3275 4449 quippe
3304 4390 3495 4433 contra
3533 4380 3654 4433 Sal-

382 4486 451 4542 Τὸ
514 4479 658 4554 αἷμα
716 4479 902 4538 αὐτοῦ
963 4479 1056 4548 ἐφ’
1105 4477 1264 4547 ἡμᾶς
1330 4475 1428 4529 καὶ
1492 4475 1591 4529 ἐπὶ
1654 4474 1726 4529 τὰ
1782 4474 1956 4528 τέκνα

2069 4480 2309 4527 valerem
2340 4472 2706 4532 olilat'rab'ant,
2744 4469 2904 4539 quasi
2950 4469 3168 4523 nemine
3213 4468 3561 4538 inspiciente.
3601 4475 3656 4521 et

378 4572 572 4643 ἡμῶν·
599 4571 629 4624 ὃ
654 4571 719 4642 δή
754 4569 1010 4641 σημαίνει
1047 4567 1271 4639 φάσκων
1316 4565 1344 4616 ὁ
1374 4565 1532 4633 λόγος
1552 4582 1565 4594 ’
1640 4564 1787 4618 Ἰδοὺ
1816 4564 1963 4618 ἀπο-

378 4665 732 4737 φθέτξονται
753 4663 824 4716 ἐν
845 4662 1095 4730 στόματι
1120 4658 1320 4713 αὐτῶν
1344 4657 1443 4710 καὶ
1466 4655 1733 4725 ῥομφαία
1751 4656 1823 4709 ἐν
1838 4654 1962 4720 τοῖς
2006 4654 2009 4655 ⁷

378 4757 649 4827 χείλεσιν
690 4751 907 4809 αὐτῶν.
972 4750 1117 4804 Ἀντὶ
1149 4749 1205 4802 δὲ
1238 4748 1356 4814 τοῦ,
1395 4750 1515 4801 ’Ότι
1557 4748 1648 4812 τίς
1693 4745 1963 4814 ᾕκουσε;

380 4844 714 4917 σαφέστερον
770 4845 1113 4915 ήρμήνευσεν
1175 4843 1204 4893 ὁ
1259 4838 1556 4909 Σύμμαχος
1618 4835 1818 4890 εἰπών·
1871 4836 1965 4901 Ὡς

379 4935 631 5001 οὐδενὸς
669 4935 999 4999 ἀκούοντος
1043 4933 1246 4985 ἐϐόων.
1283 4930 1521 4984 Τοιαῦτα
1549 4929 1660 4997 γὰρ
1700 4927 1842 4981 κατά
1871 4926 1966 4979 τοῦ

380 5027 637 5097 Σωτῆρος
684 5025 969 5088 ὑλάκτουν,
1004 5025 1079 5087 ὡς
1110 5021 1337 5094 μηδενὸς
1382 5019 1697 5089 ὐφορῶντος
1717 5057 1732 5081 ,
1769 5020 1863 5072 καὶ
1892 5017 1968 5080 ὼς

385 5119 459 5190 μὴ
486 5118 587 5187 τῆς
612 5114 796 5188 φωνῆς
824 5117 1004 5170 αὐτῶν
1032 5112 1455 5187 ἐπακροωμένου
1478 5110 1595 5164 τοῦ
1622 5109 1785 5166 Θεοῦ.
1829 5109 1967 5163 Ἀλλ’

382 5213 583 5267 ἐκεῖνοι
637 5212 737 5280 μὲν
783 5208 859 5273 ὡς
905 5207 1131 5279 μηδενὸς
1187 5205 1476 5267 ἀκούοντος
1529 5200 1698 5253 ἐϐόων
1719 5219 1732 5232 ι
1795 5200 1860 5253 σὺ
1910 5200 1967 5253 δὲ

2071 4565 2227 4634 quasi
2260 4579 2327 4618 ne
2358 4562 2441 4616 vel
2476 4564 2592 4631 ipse
2634 4560 2777 4614 Deus
2806 4575 2992 4615 vocem
3037 4575 3226 4614 eorum
3273 4558 3506 4611 audiret.
3546 4555 3653 4608 Ve-

2074 4670 2194 4708 rum
2223 4655 2299 4709 illi
2332 4653 2553 4723 quidem
2600 4660 2657 4705 ut
2684 4651 2905 4705 nemine
2932 4650 3190 4704 audiente
3218 4647 3563 4711 clamabant;
3602 4654 3657 4697 at

2074 4754 2131 4801 tu
2162 4747 2409 4800 omnium
2448 4746 2725 4813 inspector
2754 4752 2804 4798 et
2832 4742 3020 4811 judex,
3048 4757 3156 4795 non
3189 4740 3365 4793 solmn
3395 4737 3523 4790 talia
3559 4738 3657 4789 ob-

2074 4839 2340 4892 latrantes
2386 4835 2672 4897 audiebas,
2709 4832 2803 4886 sed
2838 4831 3104 4885 ridiculos
3138 4829 3356 4899 agebas.
3415 4826 3480 4879 Et
3521 4841 3660 4894 quo-

2076 4928 2242 4982 modo
2293 4942 2402 4981 non
2451 4925 2693 4988 ridiculi,
2744 4924 2838 4993 qui
2895 4927 3151 4991 putarent
3203 4928 3283 4973 tot
3319 4919 3654 4972 tnirabilium

2077 5022 2350 5092 opiﬁcem,
2402 5035 2460 5074 se
2493 5018 2698 5071 malitia
2742 5030 2841 5071 sua
2894 5011 3301 5081 superaturos?
3344 5008 3400 5062 lu
3448 5010 3659 5077 psalmo

2076 5109 2321 5166 Secundo
2354 5107 2608 5161 similiter
2636 5104 2840 5158 dicitur
2864 5118 2881 5155 :
2909 5100 3013 5165 Qui
3046 5098 3249 5152 habitat
3279 5099 3332 5150 in
3358 5097 3501 5150 cwlis
3534 5096 3661 5149 irri-

2076 5199 2217 5252 debit
2244 5216 2352 5264 eos,
2379 5208 2426 5251 et
2452 5196 2708 5251 Dominus
2737 5191 3084 5247 subsannabit
3109 5205 3198 5242 eos
3228 5189 3296 5242 ⁸⁵.
3600 5180 3607 5183 ⁷

382 5307 547 5370 αὐτὸς
583 5308 612 5358 ὁ
642 5279 862 5359 πάντων
900 5304 1094 5375 ἔφορος
1131 5303 1324 5375 κριτὴς
1366 5301 1427 5353 οὐ
1474 5299 1632 5369 μόνον
1669 5299 1865 5369 ἤκουες
1896 5292 2226 5350 τὰτοιαῦτα
2259 5294 2653 5353 ὑλακτούντων,
2685 5289 2819 5344 ἀλλὰ
2866 5286 2959 5339 καὶ
3006 5283 3444 5375 καταγελάστους
3489 5279 3662 5375 “Euol-

385 5417 484 5464 εις.
532 5400 644 5453 Καὶ
685 5398 801 5463 πῶς
829 5371 954 5472 γάρ⁷
976 5371 1076 5452 οῦκ
1282 5371 1687 5462 *καταγέλαστοι
1720 5392 1779 5445 οἱ
1846 5390 2158 5468 νομίζοντες
2219 5386 2479 5442 δύνασθαι
2512 5387 2603 5439 τὸν
2633 5384 2743 5436 τῶν
2775 5379 3042 5433 τοσούτων
3111 5374 3431 5472 παραδόξων
3485 5371 3662 5472 ἔργων

388 5491 617 5563 ποιητὴν
652 5493 717 5562 τῇ
759 5465 966 5544 ἐαύτῶν
1000 5465 1243 5559 νικήσειν
1296 5487 1501 5557 κακίᾳ;
1533 5486 1643 5538 Καὶ
1677 5485 1735 5536 ἐν
1799 5465 1901 5545 τῶξ
1913 5482 1958 5534 ϐ’
1984 5483 2041 5535 δὲ
2080 5482 2295 5553 εἴρηται
2344 5478 2544 5549 ψαλμῷ
2568 5497 2581 5510 -
2643 5478 2695 5529 '0
2728 5471 3023 5528 κατοικῶν
3065 5471 3135 5525 ἐν
3180 5465 3460 5563 οὐρανοῖς
3500 5465 3657 5533 ἐκτε-

389 5584 638 5639 λάσεται
694 5585 950 5651 αὐτοὺς,
1003 5585 1098 5636 καὶ
1141 5574 1354 5650 Κύριοέι
1407 5579 1793 5650 ἐκμυκτηριεῖ
1838 5566 2080 5643 αὐτούς.
2324 5602 2327 5603 ν
2899 5574 2906 5579 ’
3302 5590 3305 5595 ·
3448 5574 3451 5577 ’

1019 5697 1061 5727 ⁸ο
1104 5695 1204 5749 lsa.
1245 5710 1368 5755 ων,
1410 5693 1489 5746 l5.
1548 5693 1606 5721 θ’
1654 5688 1796 5743 Paul.
1840 5703 1947 5751 Liv,

2062 5729 2072 5741 .
2155 5684 2376 5739 “’Jouu.
2414 5700 2536 5745 ηυξ,
2580 5682 2659 5735 15.
2740 5680 2783 5711 ⁸³
2826 5676 3014 5730 Matth.
3057 5691 3234 5738 xxv”,
3265 5674 3353 5728 ‘25.
3434 5672 3479 5703 ⁸⁷⁵
3517 5670 3663 5727 Psal.

462 5702 504 5732 ⁷⁸
537 5698 694 5754 Juan.
729 5713 816 5767 vt,
852 5698 941 5751 41.
1019 5697 1061 5727 ⁸ο
1104 5695 1204 5749 lsa.
1245 5710 1368 5755 ων,
1410 5693 1489 5746 l5.
1548 5693 1606 5721 θ’
1654 5688 1796 5743 Paul.
1840 5703 1947 5751 Liv,

2062 5729 2072 5741 .
2155 5690 2195 5717 ⁰⁹
2221 5684 2376 5739 Joun.
2414 5700 2536 5745 ηυξ,
2580 5682 2659 5735 15.

397 5785 436 5824 ιι
457 5811 471 5836 ,
506 5768 558 5823 4.
