4090 6362
14 4508 25 4889 g

14 4890 26 5173 '

13 5170 33 6067 ἒ

444 365 557 423 διδ
1174 357 1448 417 EUSEBII
1478 355 1963 437 CESARIENSIS
1997 354 2153 413 ουρ.
2202 354 2385 412 PARS
2418 354 2508 412 Ill.
2538 386 2607 397 —
2627 343 3045 417 ἘΧΕΠΕΤΙΕΑ.
3266 436 3271 441 _
3623 363 3725 421 54H

511 476 599 533 Ad
638 475 864 531 nihilum
892 472 1118 529 deduces
1152 488 1331 528 omnes
1385 480 1581 542 gentes.
1637 470 1746 527 Pro
1794 470 1890 526 illo
1938 484 2037 524 au-

2220 466 2681 534 Ἐξουδενώσεις
2726 469 2938 523 ⁸πάντα
2981 468 3056 523 τὰ
3094 469 3262 535 ἔθνη.
3322 471 3469 526 ἰντὶ
3510 474 3573 528 δί
3612 476 3735 556 τοῦ,ς

446 578 581 632 tem,
612 565 698 621 Ad
715 562 940 621 nihiluin
962 564 1189 618 deduce:
1213 579 1392 618 omnes
1426 571 1623 634 gentes,
1652 561 2038 634 Symmachus,

445 659 699 716 Obstruet
722 657 965 711 omnibus
1004 644 1269 729 gentibus,
1298 654 1711 725 interpretatur.
1747 651 1847 708 His
1874 666 2043 723 porro

443 749 819 818 significatur,
850 746 1257 816 correptionem
1289 760 1320 799 a
1350 743 1462 799 Deo
1492 743 1753 799 omnibus
1784 742 2042 814 gentibus

443 839 788 894 inferendam
830 853 974 893 esse.
1007 838 1148 904 Quia
1183 837 1332 891 enim
1371 851 1540 906 supra
1584 834 1896 897 dicebatur,
1942 831 2033 887 In-

445 926 597 981 tende
631 928 700 980 ad
727 927 1023 981 visitandas
1054 942 1235 981 omnes
1266 934 1479 996 gentes;
1507 931 1915 995 consequenter
1941 924 2041 979 do-

444 1025 556 1080 cet,
590 1017 760 1072 Deum
807 1018 1173 1088 inspectorem
1216 1018 1372 1086 prius
1415 1031 1611 1074 omnes
1654 1024 2040 1086 correpturum

448 1114 663 1177 gentes,
687 1105 887 1162 deinde
918 1122 1015 1162 eas
1051 1121 1082 1160 a
1113 1107 1412 1183 multorum
1453 1107 1744 1162 numinum
1773 1114 1830 1161 et
1863 1106 2043 1160 idolo-

446 1213 575 1255 rum
614 1214 805 1255 errore
851 1214 1249 1254 conversurum
1303 1214 1448 1254 8586.
1506 1198 1829 1254 sermonem
1875 1213 2041 1271 porro

443 1288 781 1358 completum
813 1286 1210 1357 deprehendet,
1238 1287 1285 1342 si
1307 1289 1435 1358 quis
1465 1288 1889 1351 animadvertat,
1917 1293 2042 1357 post

444 1378 745 1434 adventum
781 1376 1089 1431 Salvatoris
1119 1378 1320 1441 nostri,
1367 1385 1558 1448 gentes
1601 1378 1902 1432 multorum
1946 1393 2044 1432 nu-

444 1467 661 1522 minum
684 1469 860 1522 errori
903 1467 1140 1521 maxime
1176 1467 1411 1529 deditas,
1457 1467 1562 1521 sub
1592 1467 1808 1531 initium
1838 1466 2041 1537 pra‘dio

444 1557 683 1612 cationis
715 1556 944 1611 verbum
985 1557 1231 1625 recipere
1279 1556 1609 1619 abnuentes,
1658 1556 2042 1610 obsidionibus

443 1655 500 1700 et
527 1645 861 1715 quibusdam
914 1646 1041 1701 aliis
1088 1646 1353 1701 aerumnis
1394 1645 1664 1700 deductas
1711 1645 2038 1717 resipuisse,

444 1732 561 1790 Deo
593 1736 669 1789 ita
700 1736 849 1806 ipsas
884 1738 1196 1807 allaquente
1228 1744 1397 1806 atque
1431 1736 1770 1807 castigante:
1801 1734 1883 1789 sic
1908 1748 2042 1805 ergo

2153 558 2610 624 ἐξουδενώσεις
2633 559 2832 615 πάντα
2856 560 2931 615 τὰ
2951 559 3126 625 ἔθνη,
3157 559 3187 611 6
3216 559 3536 632 Σύμμαχος,
3575 564 3730 619 Ἐπι-

2138 649 2353 719 φράξει
2397 647 2551 706 πᾶσι
2599 648 2726 717 τοῖς
2778 650 3042 714 ἔθνεσιν,
3091 651 3429 723 ἡρμήνευσε.
3486 654 3651 724 Δηλοῐ
3675 655 3731 708 δὲ

2139 744 2169 794 6
2194 741 2353 809 λόγος
2400 740 2720 811 ἐπιτίμησιν
2762 757 2887 794 τινα
2942 739 3038 792 τοῦ
3077 741 3215 794 θεοῦ
3258 744 3397 814 πρὸς
3436 746 3621 799 πάντα
3664 745 3732 801 τὰ

2139 832 2289 904 ἔθνη.
2339 831 2556 902 Ἐπειδὴ
2599 831 2710 903 γὰρ
2735 830 2993 908 ἀνωτέρω
3026 832 3276 903 ἐλέγετοο
3312 836 3588 904 Πρόσχες
3625 835 3735 890 τοῦ

2139 921 2590 989 ἐπισκέψασθαι
2619 920 2817 975 πάντα
2843 922 2915 976 τὰ
2941 922 3106 992 ἔθνη·
3130 923 3442 988 ἀκολούθως
3467 926 3733 990 διδάσκει.

2138 1012 2214 1077 ὡς
2244 1012 2559 1068 ἐπισκοπῶν
2589 1015 2622 1067 6
2646 1012 2780 1077 Θεὸς
2812 1016 3129 1086 ἐπιτιμήσει
3165 1016 3432 1091 πρότερον
3457 1018 3594 1070 πᾶσι
3620 1021 3735 1081 τοῖς

2138 1105 2371 1170 ἔθνεσιν,
2402 1104 2501 1161 εἶτ’
2532 1105 2854 1177 ἐπιστρέψει
2884 1105 3023 1161 αὐτὰ
3046 1107 3147 1177 τῆς
3171 1106 3433 1161 πολυθέου
3459 1108 3557 1175 καὶ
3577 1108 3735 1162 εἰδω-

2139 1197 2401 1271 λολάτρου
2438 1197 2668 1267 πλάνης.
2699 1196 2910 1250 Γνῶναι
2938 1197 2996 1251 δέ
3020 1197 3275 1257 ὲστιςτοῦ-
3308 1198 3469 1268 λόγου
3507 1199 3571 1252 τὸ
3598 1194 3736 1253 ἀπο-

2140 1290 2380 1359 τέλεσμα
2420 1290 2832 1360 ἐπιστήσαντα,
2861 1288 2938 1352 ὡς
2969 1288 3111 1359 μετὰ
3153 1289 3255 1359 τὴν
3293 1290 3597 1361 παρουσίαν
3634 1288 3731 1342 τοῦ

2140 1378 2396 1448 Σωτῆρος
2458 1376 2653 1447 ἡμῶν,
2711 1376 2783 1429 τὰ
2845 1375 3084 1447 μάλιστα
3137 1375 3267 1446 περὶ
3316 1376 3417 1446 τῆν
3470 1373 3733 1429 πολύθεον

2142 1468 2351 1540 πλάνην
2376 1467 2695 1537 ἐπτοημένοι
2718 1465 2866 1537 ἔθνη,
2897 1466 3025 1522 κατ’
3049 1466 3223 1537 ἀρχὰς
3254 1466 3350 1520 τοῦ
3378 1467 3734 1538 κηρύγματος

2140 1558 2538 1613 ὲναντιωθέντα
2582 1562 2651 1630 τῇ
2700 1558 2797 1611 τοῦ
2834 1556 2996 1625 λόγου
3043 1556 3348 1627 παραδοχῇ,
3397 1556 3735 1627 πολιορκίαις

2141 1650 2237 1704 καί
2271 1667 2414 1703 τισιν
2446 1650 2635 1713 ἄλλαις
2670 1650 3125 1719 ἑπιστρεπτικαῖς
3161 1646 3551 1718 περιστάσεσιν
3592 1649 3730 1702 ἰσω-

2141 1741 2430 1814 φρονίσθη,
2454 1740 2550 1797 τοῦ
2574 1740 2713 1794 Θεοῦ
2745 1741 2936 1794 τοῦτον
2967 1740 3060 1794 τὸν
3085 1739 3293 1811 τρόπον
3327 1739 3734 1811 έπιφθεγγομέ-

446 1824 525 1883 ad
550 1827 832 1883 meliorem
869 1827 1078 1898 frugem
1111 1842 1171 1883 se
1202 1835 1394 1898 postea
1419 1827 1774 1897 recipientes,
1807 1825 2038 1881 salutari

2144 1852 2234 1890 νου
2265 1836 2363 1889 καὶ
2391 1834 2758 1906 έπιτιμῶντος
2790 1834 2973 1897 αὐτοῖς
2992 1849 3006 1863 ο
3040 1831 3184 1885 οὕτω
3210 1831 3363 1900 γοῦν,
3396 1831 3535 1902 μετὰ
3564 1830 3735 1885 ταῦτα

445 1916 612 1974 verbo
646 1916 881 1972 subditae
926 1925 1078 1972 sunt.
1106 1917 1478 1984 Quamobrem
1504 1915 1705 1972 deinde
1748 1914 2039 1986 subiungi-

443 2014 538 2068 tur
562 2022 630 2063 ex
661 2022 901 2079 persona
934 2006 1243 2065 Salvatoris
1272 2022 1289 2060 :
1329 2005 1731 2063 Fortitudinem
1759 2023 1929 2061 meant
1968 2006 2038 2061 ad

444 2105 496 2152 te
533 2096 860 2161 custodiam,
916 2096 1046 2167 quia
1088 2095 1232 2150 Deus
1269 2104 1544 2164 susceptor
1587 2112 1734 2151 meus
1772 2112 1850 2153 es.
1894 2094 2037 2151 Deus

446 2203 614 2253 meus,
650 2187 1021 2241 misericordia
1050 2186 1166 2256 ejus
1194 2188 1472 2255 praveniet
1500 2203 1601 2241 me.
1627 2185 1769 2240 Deus
1803 2186 2037 2241 ostendet

446 2278 577 2332 mihi
612 2278 668 2330 in
694 2277 926 2331 inimicis
956 2276 1120 2340 meis;
1149 2276 1600 2343 sive,secundum
1624 2275 2036 2349 Symmachum,

448 2367 731 2438 Despicere
762 2383 843 2421 me
864 2367 1025 2436 faciet
1052 2383 1140 2423 eos
1166 2374 1257 2438 qui
1283 2384 1463 2422 muros
1508 2367 1638 2421 mihi
1685 2366 2037 2421 abstulerant.

446 2459 592 2522 Alibi
624 2474 846 2529 quoque
887 2458 1095 2514 dictum
1131 2467 1217 2515 est
1246 2477 1259 2512 :
1303 2458 1373 2513 Et
1412 2459 1648 2528 despexit
1681 2459 1867 2515 oculus
1895 2474 2040 2514 meus

447 2551 781 2621 insurgentes
820 2550 875 2604 in
904 2566 986 2604 me
1015 2550 1393 2621 malignantes,
1429 2550 1605 2606 audiet
1645 2552 1793 2605 auris
1831 2567 1951 2605 mea
1970 2550 2040 2608 ⁸⁸.

457 2638 568 2696 Sed
604 2641 771 2696 etiam
803 2639 972 2695 David
1001 2639 1184 2697 Saulis
1218 2642 1434 2700 ruinam
1456 2650 1511 2697 et
1543 2651 1773 2698 mortem
1805 2641 2040 2713 aspexit.

454 2737 512 2786 ct
538 2745 731 2787 casum
762 2732 962 2788 mortis
995 2732 1118 2801 ejus
1159 2731 1430 2804 despexit.
1468 2730 1554 2787 Ne
1585 2732 1796 2788 occidas
1827 2749 1938 2798 eos,
1981 2749 2043 2790 ne

448 2822 663 2894 quando
692 2822 1078 2880 obliviscantur
1106 2824 1291 2895 populi
1326 2825 1424 2879 tui.
1458 2822 1699 2881 Rursum
1731 2826 2039 2899 pluraliter,

449 2931 515 2973 tte
539 2914 754 2972 occidas
777 2932 891 2981 eos,
914 2916 1114 2986 inquit,
1132 2916 1370 2987 disperge
1404 2916 1551 2982 illos,
1582 2925 1632 2973 et
1659 2916 1858 2985 depone
1880 2916 2002 2971 illos
2018 2932 2038 2981 ;

449 3018 576 3057 cun
608 3014 793 3058 tamen
816 3020 927 3074 quo
950 3012 1199 3074 tempore
1229 3005 1345 3059 haec
1374 3005 1821 3076 proferebantur,
1853 3006 2041 3062 nullus

450 3088 597 3150 alius
643 3105 710 3145 ex
764 3090 998 3147 historia
1034 3091 1221 3149 Davidi
1273 3094 1532 3150 inimicus
1576 3093 1808 3160 feratur,
1840 3106 2039 3173 prtetel'

2142 1924 2626 1996 σωφρονισθέντες,
2667 1914 3132 1994 ηθυπετάγῆσαν
3163 1921 3241 1992 τῷ
3274 1921 3528 1994 σωτηρίῳ
3567 1920 3731 2000 λόγῳ.

2145 2012 2237 2065 Διὸ
2263 2011 2577 2081 ἑπιλέγεται
2615 2010 2744 2083 ἑξῆς
2773 2012 2841 2066 tu
2877 2010 3171 2083 προσώπου
3212 2010 3308 2064 τοῦ
3338 2010 3620 2082 Σωτῆρος
3664 2010 3735 2066 1'6

2148 2100 2368 2169 κράτος
2407 2118 2530 2171 μου
2573 2100 2726 2170 πρὸς
2763 2101 2841 2155 σὲ
2880 2100 3155 2171 φυλάξω,
3197 2101 3290 2155 ὅτι
3327 2104 3360 2156 ό
3390 2101 3537 2168 Θεὸς
3571 2103 3734 2156 ἀντι-

2150 2190 2395 2260 λήὸῑτωρ
2426 2206 2582 2261 μου,
2632 2195 2666 2245 ό
2701 2193 2848 2258 Oed;-
2872 2209 3017 2261 μου,
3052 2193 3119 2247 τὸ
3148 2192 3326 2259 ἕλεος
3363 2192 3552 2251 αὐτοῦ
3591 2208 3735 2260 προ-

2149 2281 2369 2352 φθάσει
2395 2300 2474 2352 με
2491 2299 2507 2314 ο
2543 2284 2576 2336 ὀ
2603 2282 2748 2349 Θεὸς
2773 2281 2958 2348 δείξει
2974 2299 3077 2352 μοι
3098 2282 3169 2336 ἐν
3190 2281 3314 2349 τοῖς
3332 2282 3570 2353 ἐχθροῖς
3590 2296 3735 2354 pou-

2150 2372 2183 2444 ἢ
2213 2371 2357 2426 κατά
2402 2371 2495 2425 τὸν
2533 2371 2858 2449 Σύμμαχον,
2900 2371 3156 2427 Ἐπιδεῖν
3203 2371 3445 2437 ποιήσει
3491 2389 3571 2442 με
3610 2371 3739 2437 τοῖς

2148 2459 2596 2528 ἀποτειχίζουσι
2636 2476 2731 2529 με.
2779 2462 2891 2515 Καὶ
2932 2462 2993 2514 έν
3035 2460 3207 2531 έτέρῳ
3248 2459 3307 2512 δὲ
3335 2458 3549 2530 εἴρηται
3568 2476 3581 2489 ·
3621 2458 3737 2514 Καὶ

2144 2551 2387 2607 ἐπεῖδεν
2424 2555 2458 2606 ό
2487 2553 2796 2622 ὀφθαλμός
2818 2569 2939 2621 μου
2970 2552 3043 2607 ἐν
3066 2549 3191 2616 τοῖς
3233 2547 3737 2619 έπανισταμένοις

2145 2646 2245 2701 ἐπ’
2271 2645 2379 2716 ἐμὲ
2422 2643 2932 2715 πονηρευομένοις
2950 2683 2966 2709 ,
3041 2643 3465 2697 curamve-tat
3506 2639 3574 2693 τὸ
3623 2634 3736 2706 οὖς

2138 2754 2281 2807 μου.
2340 2734 2504 2797 Ἀλλά
2540 2735 2634 2794 καὶ
2673 2736 2703 2788 6
2731 2732 2897 2795 Δαυῒδ
2941 2732 3035 2791 τοῦ
3060 2732 3234 2791 Σαοὺλ
3272 2731 3371 2800 τὴν
3404 2730 3614 2784 πτῶσιν
3642 2731 3737 2784 καὶ

2142 2827 2242 2900 τὴν
2279 2825 2535 2898 τελευτὴν
2576 2821 2736 2890 εῐδεν,
2786 2824 2967 2879 ἑπεῖδέ
2999 2839 3058 2878 τε
3086 2822 3254 2878 αὑτοῦ
3278 2826 3345 2895 τῇ
3382 2824 3731 2894 καταστροφῇ

2142 2919 2238 2975 τοῦ
2283 2919 2538 2976 θανάτου.
2597 2919 2696 2987 Μὴ
2751 2918 3117 2987 ἀποκτείνῃς
3176 2916 3405 2983 αὐτοὺς
3428 2956 3444 2981 ,
3502 2914 3737 2985 μήκοτε

2141 3007 2543 3064 ἐπιλάθωνται
2585 3006 2694 3061 τοῦ
2731 3006 2889 3062 λαοῦ
2933 3023 3070 3062 σου.
3118 3006 3289 3060 Πάλιν
3333 3004 3735 3077 πληθυντικῶς,

2144 3102 2243 3171 Μὴ
2278 3101 2645 3173 ἀποκτείνῃς
2674 3097 2899 3167 αὐτοὺς
2917 3137 2932 3162 ,
2969 3097 3136 3170 φησὶ,
3167 3097 3266 3151 καί
3299 3095 3739 3164 διασκόρκισον

452 3196 622 3240 unum
657 3180 900 3237 Saulem.
928 3182 1132 3240 Verum
1176 3185 1294 3241 hac
1325 3186 1491 3242 etiam
1524 3201 1592 3241 ex
1641 3204 1879 3258 persona
1922 3187 2042 3243 Sal—

2144 3194 2387 3259 αὐτοὺς,
2422 3192 2522 3246 καί
2555 3188 2853 3259 animo
2887 3189 3112 3255 αὐτούς
3132 3207 3145 3219 ·
3194 3188 3409 3251 οὐδενὸς
3434 3183 3631 3257 ἐχθροῦ
3659 3183 3738 3254 τῷ

451 3273 663 3343 vatoris
696 3273 938 3345 Spiritus
971 3276 1326 3347 propheticus
1359 3277 1716 3343 vociferatur,
1746 3279 1815 3334 de
1844 3279 1913 3336 iis
1937 3280 2046 3336 sciu-

453 3364 603 3430 licet,
627 3366 722 3437 qui
756 3367 1022 3423 adversus
1059 3383 1120 3423 se
1161 3368 1604 3433 insurrexerunt,
1632 3370 1701 3426 de
1726 3372 1929 3441 quibus
1960 3371 2043 3427 dl-

458 3463 609 3508 ctum
653 3472 669 3510 :
715 3454 787 3509 Et
828 3457 1012 3525 populi
1055 3454 1298 3512 meditati
1337 3467 1462 3514 sunt
1508 3460 1713 3514 inania.
1748 3462 2046 3518 Astiterunt

450 3560 593 3615 reges
621 3553 779 3601 terra:
810 3559 860 3601 et
892 3548 1157 3617 principes
1200 3558 1551 3603 convenerunt
1582 3551 1638 3604 in
1666 3566 1828 3605 umtm
1860 3552 2047 3607 adt-er-

450 3653 543 3696 sus
570 3636 860 3693 Dominum
883 3649 932 3694 et
962 3640 1217 3696 adversus
1248 3639 1519 3696 Christum
1549 3641 1664 3711 ejus
1699 3643 1766 3701 ⁸⁸,
1797 3642 1911 3698 Hos
1944 3645 2044 3715 igi-

451 3733 546 3781 tur
592 3727 689 3797 qui
729 3727 1011 3788 incassum
1043 3731 1363 3802 prophetias
1402 3732 1578 3803 ipsius
1611 3734 1852 3790 meditati
1889 3746 2043 3799 sunt,

454 3832 523 3878 ac
560 3818 843 3889 principes
873 3819 1152 3892 ducesque
1185 3838 1375 3878 eorum
1413 3840 1477 3883 ne
1523 3824 1758 3890 occidas.
1815 3827 1912 3881 sed
1961 3827 2046 3882 di-

455 3921 650 3978 sperge
682 3914 737 3961 et
773 3906 1005 3981 depone.
1042 3908 1307 3965 Precatur
1336 3918 1519 3967 autem
1564 3911 1715 3982 ipsos
1760 3929 1827 3968 ex
1871 3914 2043 3984 gradu

453 3996 622 4067 dejici
659 4016 673 4052 :
710 3998 858 4068 quod
894 3998 1060 4055 etiam
1115 3998 1323 4057 factum
1374 4010 1480 4057 est.
1541 4000 1661 4056 Non
1700 4002 1844 4057 ultra
1877 4002 2044 4072 igitur

452 4102 575 4152 rex,
607 4103 719 4144 non
745 4091 1025 4163 principes
1055 4091 1430 4156 sacerdotum,
1464 4108 1575 4148 non
1614 4093 1909 4164 prOpbeta;
1945 4093 2042 4149 sed

452 4195 633 4250 neque
686 4179 935 4248 Scribat,
969 4183 1234 4241 Pharisaei
1281 4191 1337 4239 et
1373 4184 1661 4241 Sadducazi
1698 4201 1867 4256 penes
1917 4186 2042 4244 illos

450 4278 605 4333 sunt.
649 4269 766 4327 Nec
813 4281 997 4330 tamen
1018 4275 1195 4345 .ipsos
1229 4276 1407 4330 occidi
1445 4285 1622 4346 rogat.
1653 4275 1835 4343 Quare
1867 4293 2042 4348 genus

451 4376 649 4422 eorum
678 4364 957 4429 subsistit,
983 4373 1039 4420 et
1062 4366 1299 4419 ﬁliorum
1322 4367 1603 4425 successio
1626 4368 1910 4423 accrescit.
1933 4366 2042 4424 Ne-

452 4468 561 4523 que
585 4453 734 4508 enim
756 4452 949 4517 occisi,
976 4455 1058 4508 vel
1083 4453 1151 4509 de
1171 4454 1354 4509 medio
1378 4454 1660 4511 hominum
1683 4458 1913 4526 sublati;
1944 4458 2041 4515 sed

450 4543 724 4607 hactenus
764 4542 1092 4615 superstites
1132 4552 1287 4609 sunt;
1323 4544 1400 4597 ita
1434 4554 1616 4606 tamen
1646 4558 1703 4605 ut
1732 4549 1802 4603 ab
1835 4548 2045 4607 honore
2076 4533 2119 4587 θ

452 4650 565 4716 quo
604 4634 796 4691 donati
824 4633 956 4688 olim
996 4648 1028 4686 a
1069 4632 1179 4688 Deo
1223 4631 1460 4699 fuerant,
1489 4634 1689 4705 dejecti
1719 4654 1784 4694 ac
1825 4640 2040 4711 depulsi

457 4726 593 4791 sint.
625 4724 733 4779 Sed
763 4724 931 4780 etiam
964 4723 1219 4793 disperge
1251 4722 1396 4786 illos,
1436 4725 1533 4789 ait,
1576 4727 1632 4781 in
1674 4728 1879 4788 virtute
1910 4738 2036 4797 tua;

455 4814 594 4879 sive,
623 4812 925 4869 secundum
956 4810 1370 4885 Symmachum,
1402 4814 1657 4873 Extorres
1685 4818 1774 4885 [ac
1803 4836 1892 4895 eos
1934 4821 2041 4874 eir-

400 4976 409 4981 _
458 4912 570 4963 tute
584 4913 705 4958 tua.
733 4902 893 4976 Quod
933 4917 1100 4959 verno
1128 4903 1324 4974 quovis
1362 4906 1570 4962 clarius
1605 4924 1784 4963 rerum
1810 4919 2041 4967 eventus

455 4996 726 5063 declarat,
753 4994 984 5052 Judaico
1016 4996 1221 5073 popqu
1254 5011 1353 5067 per
1374 5013 1573 5054 omnes
1609 5012 1800 5072 gentes
1825 5002 2042 5073 disper-

457 5103 544 5155 so,
581 5094 748 5159 atque
781 5095 1004 5146 extorre
1046 5086 1227 5156 facto;
1251 5087 1328 5142 ita
1380 5097 1464 5155 ut,
1511 5092 1559 5146 si
1590 5107 1655 5149 ea
1684 5094 1753 5148 de
1780 5093 2041 5155 repludaai

458 5181 631 5241 altum
662 5179 881 5250 sapiant
945 5179 1091 5251 quod
1123 5193 1316 5236 omnes
1344 5180 1535 5252 gentes
1569 5183 1836 5254 repleant,
1868 5185 2043 5256 apud-

456 5285 569 5347 que
610 5271 880 5328 barbaros
921 5280 976 5327 et
1021 5269 1079 5325 in
1117 5271 1298 5327 medio
1331 5273 1650 5329 Graecorum
1684 5275 1887 5347 degant
1911 5317 1927 5340 ,
1990 5286 2046 5331 at

457 5362 642 5418 sciant
668 5363 1074 5421 maledictionis
1096 5366 1326 5422 vocibus
1365 5364 1422 5420 id
1442 5364 1513 5421 de
1536 5366 1677 5436 ipsis
1702 5368 2044 5435 praenuntia-

460 5456 577 5513 tum
607 5452 802 5509 fuisse.
826 5452 955 5509 llaec
989 5455 1174 5525 itaque
1199 5455 1485 5527 prephetia
1521 5456 1604 5512 sic
1635 5456 1704 5513 de
1740 5455 1933 5512 iisdem
1958 5457 2039 5514 lo-

462 5537 650 5605 quitur
681 5556 697 5594 :
735 5539 983 5613 Disperge
1011 5543 1135 5597 illos
1169 5544 1222 5597 in
1252 5544 1441 5598 virtute
1472 5553 1584 5611 tua,
1609 5555 1657 5599 et
1697 5543 1897 5613 depone
1926 5563 2041 5615 eos,

512 5712 765 5798 '“Psal.
801 5734 922 5791 seu,
958 5719 1044 5781 12-
1074 5720 1166 5805 -ξε
1206 5719 1352 5783 Psal.
1388 5739 1449 5793 ιι,
1482 5724 1618 5813 Ι›²’.

2148 3283 2311 3346 Δαυτδ
2341 3282 2465 3338 καθ’
2490 3282 2551 3338 δν
2574 3282 2769 3356 καιρὸν
2811 3280 2987 3335 ταῦτα
3026 3278 3246 3347 ἐλέγετο
3295 3276 3646 3346 δεικνυμένου
3668 3274 3737 3327 tu

2145 3376 2245 3446 τῆς
2307 3375 2553 3446 ἱστορίας
2600 3373 2634 3443 ῆ
2693 3372 2857 3442 μόνου
2909 3367 3006 3425 τοῦ
3054 3369 3244 3423 Σαούλ.
3291 3367 3455 3421 Ἀλλὰ
3500 3367 3610 3437 γὰρ
3643 3366 3739 3419 καὶ

2145 3466 2319 3520 ταῦτα
2353 3466 2416 3519 τὸ
2457 3463 2676 3536 πνεῦμα
2718 3465 2782 3517 τὸ
2826 3461 3166 3535 προφητικὸν
3208 3462 3273 3515 ὲκ
3306 3457 3603 3531 προσώπου
3639 3454 3739 3509 τοῦ

2146 3556 2402 3627 Σωτῆρος
2441 3555 2720 3622 ἀναφωνεῖ
2764 3553 2894 3624 περὶ
2934 3551 3044 3605 τῶν
3090 3548 3514 3603 ἐπαναστάντων
3564 3545 3735 3615 αὐτῷ.

2147 3646 2278 3716 περὶ⁵
2328 3641 2404 3699 ὧν
2450 3644 2668 3713 ἐλέγετο
2694 3661 2707 3674 θ
2771 3640 2883 3697 Kal
2932 3641 3071 3697 λαοὶ
3129 3638 3509 3709 ἐμελέτησαν

2147 3733 2554 3808 Παρέστησαν
2592 3735 2649 3787 οὶ
2679 3730 2965 3798 βασιλεῖς
2996 3728 3109 3799 τῆς
3133 3727 3267 3799 γῆς,
3299 3727 3397 3780 καί
3431 3727 3486 3779 oi
3518 3722 3737 3793 αρχον-

2145 3844 2244 3892 τες
2288 3825 2694 3891 συνέστησαν
2736 3823 2836 3877 ἐπὶ
2888 3822 2956 3877 τὸ
3001 3820 3147 3877 αὐτὸ
3187 3819 3338 3873 κατὰ
3382 3815 3488 3871 τοῦ
3514 3815 3738 3882 Κυρίου

2145 3916 2247 3972 καὶ
2282 3916 2433 3970 κατὰ
2459 3913 2566 3969 τοῦ
2587 3913 2848 3984 Χριστοῦ
2882 3910 3341 3973 αὐτοῦ.Τούτους
3367 3903 3461 3962 οὖν
3497 3906 3626 3968 τοὺς
3654 3904 3738 3967 είς

2145 4005 2302 4061 κενὸν
2354 4005 2454 4069 τάς
2507 4005 2637 4075 περὶ
2690 4003 2855 4056 αὑτοῦ
2917 4000 3258 4073 προφητείας
3311 3996 3734 4069 μελετήσαντας,

2145 4097 2272 4161 τούς
2323 4114 2384 4150 τε
2444 4097 2712 4167 ἄρχοντας
2768 4094 2950 4149 αὐτῶν
3004 4094 3101 4148 καὶ
3159 4088 3608 4161 καθηγουμένους
3646 4083 3735 4154 μὴ

2143 4188 2527 4256 ἀποκτείνῃς,
2582 4188 2770 4259 φησὶν,
2826 4187 2964 4241 ἀλλὰ
3014 4184 3406 4254 διασκόρπισον
3458 4176 3555 4232 καὶ
3598 4190 3735 4231 κατ-

2144 4282 2342 4351 άγαγε.
2394 4282 2630 4352 Εὖχεται
2670 4281 2727 4334 δὲ
2767 4279 2965 4342 αὐτοὺς
3012 4275 3408 4346 καθαιρεθῆναι
3439 4270 3533 4324 τοῦ
3574 4264 3740 4333 aete-

2147 4390 2315 4444 ματος
2333 4390 2346 4403 ·
2381 4374 2410 4427 ὃ
2441 4373 2500 4427 δὲ
2530 4373 2627 4427 καὶ¹
2654 4373 2896 4442 γέγονεν.
2931 4368 3130 4424 Οὐκέτι
3156 4365 3286 4437 γοῦν
3316 4362 3592 4435 βασιλεὺς,
3614 4356 3738 4412 οὐδὲ

2145 4464 2459 4536 ἀρχιερεὺς,
2515 4463 2637 4517 οὐδὲ
2692 4470 3002 4534 προφήτης,
3059 4459 3175 4514 ἀλλ’
3224 4458 3346 4511 οὐδὲ
3387 4451 3736 4526 γραμματεῖς

2149 4557 2245 4609 καὶ
2287 4556 2591 4627 Φαρισαῖοι,
2626 4553 2721 4608 καὶ
2777 4552 3129 4606 Σαδδουκαῖοι
3169 4550 3301 4620 παρ’
3339 4547 3527 4608 αὐτοῖς
3573 4544 3734 4596 είσιν.

2148 4646 2222 4699 Οὐ
2267 4646 2374 4717 μὴν
2408 4646 2506 4700 καὶ
2559 4643 2966 4713 ἀποκτανθῆναι
3006 4639 3205 4703 αὐτούς
3254 4653 3410 4709 φησι.
3472 4634 3565 4688 Διδ
3610 4647 3736 4686 συν-

2147 4739 2378 4808 έστηκεν
2429 4734 2610 4789 αὐτῶν
2647 4734 2711 4787 τὸ
2772 4734 2950 4802 γένος,
3019 4731 3115 4786 καὶ
3147 4728 3258 4783 τῶν
3305 4726 3513 4781 παίδων
3557 4726 3592 4795 ἠ
3622 4724 3737 4778 διας

2147 4828 2279 4900 δοχη
2349 4825 2629 4898 πληθύνει.
2690 4825 2767 4879 06
2802 4825 2929 4896 “γὰρ
2974 4820 3394 4891 ἀπεκτάνθησαν
3420 4856 3436 4883 ,
3502 4814 3623 4869 οὐδὲ
3674 4811 3734 4878 ιε

2150 4918 2452 4985 ἀνθρώπων
2502 4914 2949 4986 ἀπεσϐέσθησανο
3004 4912 3118 4966 ἀλλ’
3160 4912 3269 4964 elui.
3327 4911 3425 4981 μὲν
3481 4908 3577 4970 καὶ
3628 4907 3734 4973 ὑφ-

2104 5004 2116 5022 ’
2151 5009 2480 5078 εστήκασινθ
2521 5005 2665 5058 οὕτω
2716 5005 2773 5059 δὲ
2813 5006 2890 5068 ὡς
2947 5000 3414 5071 καταΰεσλημένοι
3460 4999 3556 5053 καὶ
3605 5013 3736 5053 κατ-

2151 5095 2506 5167 ενηνεγμένοι
2566 5091 2635 5169 ἧς
2696 5095 2863 5151 πάλαι
2911 5094 3144 5164 ἡξίωντο
3195 5092 3345 5163 παρὰ
3389 5089 3510 5160 Θεῷ
3546 5088 3732 5158 τιμῆς.

2166 5186 2325 5240 Ἀλλὰ
2376 5186 2471 5240 καὶ
2530 5186 2917 5257 διασκόρπισον
2978 5184 3175 5248 αὐτοὺς
3203 5223 3218 5248 ,
3281 5182 3475 5253 φησιν,
3541 5180 3600 5232 ὲν
3669 5180 3736 5248 τῇ

2152 5277 2402 5348 δυνάμει
2460 5295 2582 5335 ,σου
2601 5295 2615 5309 ·
2674 5277 2707 5348 ἢ
2747 5275 2888 5331 κατά
2939 5276 3032 5330 τὸν
3060 5275 3354 5347 Σύμμαχον
3372 5290 3385 5304 ·
3456 5267 3734 5326 Ἀναστά-

2151 5386 2349 5423 τωσον
2392 5368 2615 5434 αὐτοὺς
2652 5366 2726 5435 τῇ
2767 5365 3017 5436 δυνάμει
3065 5381 3202 5420 σου.
3245 5365 3310 5417 "0
3344 5362 3411 5433 δὴ
3463 5359 3558 5414 καὶ
3603 5357 3735 5413 αὐτὸ

2148 5459 2471 5530 τδπρᾶγμα
2506 5458 2897 5529 ἐναργέστερον
2931 5456 3133 5519 παντὸς
3174 5455 3333 5523 λόγου
3381 5453 3734 5523 παρίστησιν,

2148 5549 2462 5623 ἁπανταχοῦ
2482 5552 2584 5621 γῆς
2607 5550 2702 5605 τοῦ
2730 5549 2998 5605 Ἰουδαίων
3020 5549 3204 5614 ἔθνους
3227 5542 3734 5616 διεσκορπισμένου,
