4090 6426
471 400 577 458 ΜΒ

1603 401 2108 462 COMMENTANA
2147 404 2212 458 IN
2251 394 2588 484 PSALMOS.

3629 403 3735 458 διο

470 521 565 578 καὶ
602 522 904 578 ἀναστάτου
951 523 1307 595 τυγχάνοντος
1333 541 1345 555 ·
1387 524 1518 578 ὥστ’
1553 529 1602 580 εἰ
1635 526 1777 596 μέγα
1804 529 2053 599 φρονοῖεν

2159 530 2422 594 protector
2459 535 2606 575 meus
2639 516 2880 572 Domine.
2916 516 3024 572 Sed
3059 517 3225 572 etiam
3255 516 3405 588 quod
3441 533 3553 574 non
3583 535 3739 590 pem-

469 618 563 671 ὲπὶ
599 615 774 686 τούτῳ
813 617 1088 681 Ἰουδαῖοι,
1119 619 1196 681 ὡς
1224 618 1398 671 πάντα
1455 618 1790 689 πληροῦντες
1821 619 1888 671 τὰ
1922 618 2050 688 ἔθνη

468 711 624 780 παρά
647 726 706 762 τε
733 709 1028 780 βαρϐάροις
1052 711 1147 763 καὶ
1172 711 1230 762 ὲν
1260 710 1447 780 μέσοις
1471 709 1728 780 Ἕλλησιν
1749 709 2048 772 οἰκοῦντες·

467 800 582 852 ἀλλ’
639 799 894 862 ἴστωσαν,
943 801 1025 852 ὅτι
1097 801 1154 852 ὲν
1200 799 1447 869 κατάρας
1515 800 1660 870 λόγῳ
1701 800 1876 853 ταῦτα
1924 800 2055 870 περὶ

469 890 648 943 αὐτῶν
679 888 1009 954 ὲθεσπίζετο.
1028 891 1091 940 Ἠ
1111 889 1240 957 γοῦν
1270 889 1521 959 παροῦσα
1550 890 1855 959 προφητεία
1889 889 2055 958 φησὶν

471 983 600 1052 περὶ
627 981 834 1034 αὐτῶν·
867 983 1311 1048 Διασκόρπισον
1347 981 1570 1045 αὐτοὺς
1596 979 1666 1033 ἐν
1703 979 1778 1047 τῇ
1804 978 2056 1047 δυνάμει

467 1085 615 1136 σου,
674 1072 775 1125 καί
829 1071 1125 1142 κατάφαγε
1185 1071 1408 1136 αὐτοὺς
1429 1111 1444 1135 ,
1502 1074 1535 1124 ό
1593 1067 2056 1138 ὑπερασπιστής

467 1183 584 1234 μου
627 1166 825 1232 Κύριε.
886 1165 1045 1218 Ἀλλὰ
1101 1165 1195 1217 καὶ
1238 1164 1300 1215 τὸ
1351 1163 1426 1234 μὴ
1471 1164 1701 1234 πάμπαν
1747 1162 1944 1224 αὐτοὺς
1997 1159 2057 1224 ἐξ

427 1243 430 1245 λ
469 1253 1103 1327 ἀνθρώπωνὴφανίσθαι
1151 1254 1405 1324 σημαίνει
1451 1252 1712 1320 λέγουσα·
1768 1250 1866 1318 Μὴ
1910 1251 2059 1304 ἀπο-

470 1345 714 1412 κτείνῃς
735 1344 978 1408 αὐτοὺς,
1018 1343 1250 1412 μήποτε
1294 1342 1692 1396 ἐπιλάθωνται
1749 1341 1857 1394 τοῦ
1901 1339 2057 1394 λαοῦ

469 1444 605 1488 σου.
655 1433 719 1493 El
765 1433 871 1505 γὰρ
903 1429 1042 1504 ἦσαν
1081 1432 1142 1496 ἐξ
1169 1431 1471 1503 ἀνθρώπων
1514 1429 1923 1500 ἀφανισθέντες,
1963 1423 2058 1484 καὶ

475 1521 740 1592 μηδαμῶς
784 1524 842 1574 ὲν
890 1521 1056 1584 ζῶσιν
1105 1520 1291 1583 ὅντες,
1331 1521 1430 1572 οῦκ
1471 1519 1539 1572 ἂν
1565 1515 1726 1585 εἶδον,
1767 1520 1922 1588 φησὶ,
1967 1517 2059 1570 τὸν

469 1613 602 1683 ἐμὸν
651 1611 778 1665 λαὸν
805 1651 820 1675 ,
874 1612 983 1665 οὐδ’
1033 1609 1100 1664 ἂν
1149 1611 1396 1678 ἔγνωσαν
1443 1609 1713 1662 ἀνθοῦσαν
1769 1608 1866 1678 τὴν
1920 1607 2059 1678 ἐμὴν

482 1702 810 1773 Ἐκκλησίαν
838 1717 851 1730 ·
897 1701 1012 1754 ἀλλ’
1046 1702 1134 1754 ἵνα
1167 1700 1440 1770 βλέπωσιν
1467 1694 1637 1771 αὐτὴν
1666 1691 1760 1753 καὶ
1805 1698 1896 1752 τὸν
1928 1699 2059 1768 ὲμὺν

468 1791 715 1864 θεωρῷσι
759 1793 908 1856 λαὸν,
960 1792 1034 1863 μὴ
1068 1791 1396 1861 ἀποκτείνῃς
1428 1791 1526 1860 μὲν
1558 1791 1776 1854 αὐτοὺς,
1807 1789 2060 1859 διασκόρ-

2158 623 2250 670 tus
2271 629 2340 668 ex
2361 608 2862 666 hominibusdeleti
2894 609 3027 673 sint,
3051 608 3140 664 his
3165 609 3391 675 indicat,
3418 607 3500 664 Ne
3525 611 3740 666 occidas

2155 720 2268 767 eos,
2302 699 2578 770 nequando
2608 697 2989 753 obliviscantur
3036 698 3219 767 populi
3272 700 3366 752 tui.
3419 697 3557 754 Nam
3591 700 3638 756 si
3671 715 3742 755 ex

2157 792 2477 848 hominibus
2510 783 2711 846 sublati
2745 795 2954 851 essent,
2991 803 3170 857 neque
3199 789 3433 843 ulterius
3473 789 3616 844 inter
3665 789 3744 843 vi-

2157 898 2258 938 vos
2284 891 2733 947 numerarentur,
2756 899 3137 954 nequaquam,
3162 885 3258 948 ait,
3291 885 3540 939 viderent
3567 899 3744 953 popu-

2157 962 2269 1029 lum
2298 989 2503 1040 meum,
2536 991 2716 1045 neque
2747 975 3033 1032 ﬂorentem
3076 975 3378 1030 Ecclesiam
3412 992 3587 1031 meam
3618 991 3744 1046 pera

2156 1077 2453 1122 noscerent
2487 1084 2500 1120 :
2533 1067 2629 1122 sed
2670 1075 2730 1121 ut
2763 1083 2882 1122 eam
2914 1075 2970 1122 et
3012 1069 3272 1138 populum
3304 1083 3487 1124 meum
3529 1067 3743 1138 conspi-

2158 1157 2330 1221 ciant,
2357 1171 2426 1211 ne
2459 1157 2707 1221 occidas,
2739 1158 2834 1212 sed
2879 1158 3169 1228 dispergas
3201 1173 3295 1214 eos
3325 1159 3528 1228 ubique
3561 1166 3738 1213 terra-

2157 1263 2306 1310 rum,
2337 1248 2433 1303 ubi
2460 1247 2707 1304 Ecclesia
2743 1265 2866 1304 mea
2896 1251 3287 1306 constituenda
3310 1258 3432 1316 est;
3461 1258 3523 1305 ut
3568 1267 3741 1322 popu-

2158 1336 2272 1390 lum
2313 1352 2520 1402 mcum,
2551 1338 2962 1410 Ecclesiamque
3017 1355 3130 1408 per.
3166 1347 3341 1394 totum
3371 1341 3560 1395 orbem
3591 1355 3623 1394 a
3653 1347 3742 1395 me

2159 1426 2443 1482 fundatam
2474 1429 2746 1493 videntes,
2780 1431 2848 1484 ad
2890 1431 3294 1486 aemulationem
3338 1432 3621 1500 religionis
3654 1444 3744 1485 at:a

2159 1515 2397 1582 cedant;
2428 1519 2793 1588 exemploque
2836 1521 3025 1590 populi
3061 1536 3126 1574 ex
3159 1520 3415 1590 gentibus
3460 1521 3736 1585 conversi,

2160 1607 2498 1678 ipsiquoque
2519 1610 2816 1664 insanabili
2862 1611 3265 1681 incurabilique
3287 1627 3389 1667 suo
3415 1612 3744 1667 idololatrias

2161 1700 2308 1752 ma1o
2336 1699 2498 1754 finem
2530 1701 2834 1769 imponant.
2863 1699 2990 1756 Haec
3022 1703 3207 1772 itaque
3231 1718 3331 1772 pro
3355 1702 3464 1758 illis
3491 1702 3744 1757 Salvator

2161 1797 2417 1859 precatus
2457 1798 2562 1854 est,
2597 1790 2818 1846 Patrem
2850 1794 3174 1858 obsecrans,
3215 1809 3284 1848 ne
3333 1794 3742 1858 occiderentur,

469 1896 630 1935 πισον
673 1881 728 1934 δὲ
775 1883 972 1946 αὐτοὺς
1021 1880 1335 1951 ἁπανταχοῦ
1385 1881 1519 1951 γῆς,
1570 1879 1697 1932 ἔνθα
1741 1879 1924 1950 μέλλει
1963 1878 2056 1949 καί

2159 1881 2254 1936 sed
2293 1881 2350 1935 in
2376 1882 2490 1935 vita
2521 1890 2808 1937 manerent
2859 1892 2914 1936 et
2959 1890 3335 1947 servarentur,
3391 1893 3451 1938 ut
3493 1883 3745 1938 viderent

470 1973 503 2042 ἠ
538 1972 644 2042 ἐμὴ
682 1971 979 2043 Ἐκκλησία
1011 1971 1392 2025 συνίστασθαι·
1441 1972 1610 2035 ὅπως,
1643 1965 1934 2039 βλέποντες
1961 1971 2052 2023 τὸν

467 2059 599 2129 ἐμὸν
647 2059 774 2115 λαὸν
819 2063 912 2115 καὶ
953 2061 1050 2132 τὴν
1101 2060 1221 2113 καθ’
1277 2059 1404 2129 ὅλης
1455 2059 1555 2128 τῆς
1597 2051 1926 2129 οἰκουμένης
1960 2059 2052 2110 ὑπ’

2160 1972 2421 2039 populum
2449 1985 2632 2038 suum,
2664 1978 2718 2026 et
2750 1973 2984 2026 multum
3012 1973 3081 2026 ab
3111 1987 3179 2027 eo
3210 1972 3467 2028 utilitatis
3495 1973 3744 2043 percipe-6

2160 2069 2300 2116 rent.

466 2150 601 2220 ἐμοῦ
642 2152 1065 2223 θεμελιωθεϊσαν
1117 2152 1480 2224 Ἐκκλησίαν,
1519 2153 1600 2215 εἰς
1637 2151 1798 2222 ζῆ)ον
1863 2152 2110 2222 ἔρχοιντο
2149 2153 2494 2221 θεοσεϐείας,
2557 2159 2649 2210 καὶ
2706 2157 2786 2228 τῷ
2840 2158 3247 2230 παραδείγματι
3304 2158 3398 2212 τοῦ
3457 2158 3517 2225 ἐξ
3574 2158 3745 2213 ὲθνῶν

465 2243 881 2313 ἐπιστρέφοντος
939 2243 1068 2296 λαοῦ
1115 2244 1209 2296 καὶ
1255 2243 1409 2295 αὐτοὶ
1452 2242 1746 2295 παύσοιντό
1792 2259 1923 2295 ποτε
1982 2243 2077 2295 τοῦ
2149 2245 2370 2298 ἀνιάτου
2429 2248 2558 2316 παρ’
2609 2249 2793 2311 αὐτοῖς
2845 2250 2941 2303 καὶ
2995 2249 3370 2320 ἀθεραπεύτω
3424 2247 3598 2305 κακοῦ
3643 2251 3745 2320 τῆς

465 2333 926 2405 εἰδωλολατρείας.
977 2334 1186 2386 Οὐκοῦν
1238 2335 1331 2387 καὶ
1376 2332 1548 2386 ταῦτα
1595 2332 1737 2402 ὑπὲρ
1793 2331 1974 2385 αὐτῶν
2025 2332 2055 2385 ὁ
2092 2334 2284 2405 Σωτὴρ
2323 2332 2546 2405 ηῦκται,
2584 2337 2798 2408 δεηθεὶς
2866 2322 3209 2408 τοῦπατρὸς
3267 2338 3340 2407 μὴ
3388 2339 3743 2407 ἀναιρεθῆναι

462 2426 567 2497 μὲν
603 2425 830 2488 αὐτοὺς,
885 2423 1068 2494 μένειν
1097 2423 1152 2476 δὲ
1200 2426 1257 2476 ὲν
1296 2422 1374 2492 τῷ
1422 2421 1522 2493 βίῳ
1555 2424 1648 2476 καὶ
1690 2421 2051 2490 φυλάττεσθαι
2089 2425 2182 2477 ἐπὶ
2206 2427 2284 2497 τῷ
2316 2426 2541 2497 θεωρεῖν
2573 2428 2664 2481 τὸν
2697 2429 2863 2481 αὐτου
2896 2422 3024 2482 λαδν
3059 2431 3151 2483 καὶ
3182 2428 3393 2499 μεγάλα
3456 2425 3517 2492 ἐξ
3577 2425 3746 2480 αὐτοῦ

459 2518 804 2588 ὠφελεῖσθαι.

546 2654 858 2729 Ἅμαρτίαν
877 2663 1176 2730 στόματος
1208 2659 1428 2726 αὐτῶν,
1464 2662 1922 2732 λόγονχειλέων
1948 2663 2058 2716 αὐ-

457 2751 613 2804 τῶν·
649 2752 746 2803 καὶ
773 2750 1310 2818 συλληφθήτωσαν
1335 2751 1406 2804 ἐν
1436 2751 1510 2819 τῇ
1541 2753 1919 2822 ὑπερηφανίᾳ
1944 2755 2057 2807 αὐ-

463 2834 601 2894 τῶν.
637 2841 805 2895 Πάλιν
838 2841 1118 2895 κάνταῦθα
1135 2843 1232 2913 τὴν
1253 2843 1434 2897 αἰτίαν
1463 2844 1762 2916 παρίστησι
1784 2845 1891 2897 τῶν
1924 2852 2059 2914 προ-

466 2931 780 3001 λεχθέντων.
822 2932 921 2985 Διά
943 2932 995 2984 τί
1024 2931 1134 3000 γὰρ
1185 2932 1364 2986 ταῦτα
1405 2933 1594 2986 παθεῖν
1629 2934 1829 2997 αὐτοὺς
1877 2933 2052 3003 ἠξίου,

355 3093 364 3098 η
468 3022 781 3088 ἀναγκαίως
834 3022 1074 3075 διδάσκει
1119 3021 1296 3091 λέγων
1318 3032 1331 3053 ⁸
1365 3023 1442 3076 Δι’
1480 3023 1754 3094 ἁμαρτίαν
1789 3024 2054 3093 στόματος

2229 2660 2397 2715 Vens.
2429 2660 2514 2713 15.
2563 2658 2827 2713 Delictum
2870 2663 2980 2715 oris
3019 2677 3201 2715 eorum
3241 2678 3535 2717 sermonem
3572 2665 3745 2719 labioa

2158 2769 2276 2805 rum
2308 2747 2580 2820 ipsorum;
2620 2761 2671 2804 et
2702 2751 3214 2820 comprehendantur
3253 2754 3308 2806 in
3337 2753 3583 2821 superbia
3617 2773 3741 2810 sua.

2159 2839 2258 2894 Hic
2288 2856 2509 2920 rursum
2536 2847 2966 2894 memoratorum
2985 2856 3212 2895 causam
3241 2843 3437 2911 aperit.
3458 2835 3571 2898 Cur
3592 2847 3739 2900 enim

2164 2933 2314 3003 ipsos
2343 2932 2458 2986 haec
2493 2932 2605 3002 pati
2638 2933 2931 3003 rogaverit,
2962 2933 3280 2989 necessario
3299 2935 3498 2991 edocet
3527 2937 3738 3001 dicens.
3789 2923 3806 2930 F

2163 3031 2390 3098 propter
2417 3023 2676 3079 delictum
2708 3023 2822 3079 oris
2850 3040 3064 3088 eorum,
3110 3034 3164 3078 et
3221 3041 3527 3081 sermonem
3573 3030 3742 3085 labio-

469 3109 669 3175 αὐτῶν,
705 3111 798 3163 καὶ
843 3110 934 3163 διὰ
977 3110 1069 3164 τὸν
1122 3108 1279 3179 λόγον
1309 3110 1417 3165 τῶν
1445 3107 1672 3182 χειλέων
1712 3111 1911 3164 αὐτῶν.
1945 3113 2056 3166 Καὶ

2161 3128 2285 3168 rum
2317 3115 2584 3183 ipsorum.
2620 3111 2686 3166 Et
2723 3113 2914 3167 mirari
2969 3114 3117 3169 subit
3148 3115 3523 3183 praedictionis
3565 3120 3743 3172 sancti

470 3199 582 3252 ἔστι
606 3199 883 3270 θαυμάσαι
917 3201 978 3253 τὸ
1017 3201 1245 3272 ἀκριϐὲς
1290 3202 1391 3273 τῆς
1419 3201 1514 3255 τοῦ
1550 3203 1707 3271 ἁγίου
1739 3197 2058 3272 Πνεύματος

469 3291 844 3361 προρρήσεως.
889 3292 1108 3362 Ἐπειδὴ
1148 3290 1257 3364 γὰρ
1303 3293 1402 3345 οὐκ
1439 3293 1593 3346 αὐτοὶ
1629 3292 1892 3357 Ἰουδαῖοι,
1916 3292 2060 3346 κατὰ

467 3377 560 3431 τὸν
591 3376 684 3431 τοῦ
717 3379 968 3450 Σωτῆρος
991 3378 1149 3450 ἡμῶν
1175 3380 1363 3453 καιρὸν
1383 3380 1473 3433 τὸν
1495 3380 1724 3435 θάνατον
1760 3369 1908 3452 αὐτῷ
1947 3383 2060 3452 εἰρ-

469 3467 731 3536 γάσαντο,
774 3469 1056 3540 Ῥωμαϊκῇ
1087 3469 1142 3522 δὲ
1195 3453 1345 3542 χειρί
1377 3470 1518 3524 τοῦτ’
1554 3471 1874 3544 ἐπράττετο,
1909 3471 2059 3525 δικά-

471 3558 656 3623 ζοντος
687 3560 785 3630 μὲν
823 3559 1080 3626 Πιλάτου,
1107 3560 1474 3614 διαλαθόντων
1497 3561 1553 3613 δὲ
1582 3560 1928 3632 στρατιωτῶν
1965 3562 2059 3613 καὶ

471 3649 870 3717 ἀπαγαγόντων
894 3648 1080 3715 αὑτὸν,
1114 3650 1387 3702 Ἰουδαίων
1417 3651 1472 3702 δὲ
1501 3652 1704 3703 τούτων
1732 3650 1852 3722 μηδ’
1880 3648 2058 3703 ὁτιοῦν

471 3739 848 3809 πεποιηκότων
870 3756 884 3768 ·
917 3740 1142 3802 εἰκότως
1165 3739 1266 3792 οὐκ
1289 3739 1420 3792 αὐτὸ
1441 3740 1502 3791 τὸ
1523 3739 1682 3811 ἔργον
1707 3738 1801 3792 τοῦ
1825 3737 2058 3791 θανάτου

453 3830 678 3892 ,τούτοις
728 3829 1039 3900 ἀνατίθησι,
1083 3829 1217 3882 ἀλλὰ
1265 3830 1363 3900 τὴν
1407 3830 1608 3882 αἰτίαν.
1645 3830 1712 3882 υτ
1735 3846 1795 3881 τε
1821 3829 1928 3900 γὰρ
1961 3830 2059 3900 ἀρ-

471 3936 658 3990 χοντες
689 3920 798 3974 τῶν
839 3919 1136 3984 Ἰουδαίων,
1168 3919 1442 3990 συνέδριον
1475 3919 1853 3991 ποιησάμενοι,
1880 3922 2058 3973 πᾶσαν

471 4013 730 4087 ἐκίνησαν
795 4010 1061 4083 μηχανὴν,
1108 4011 1256 4073 ὅπως
1286 4011 1451 4064 αὐτὸν
1498 4010 1867 4063 ἀπολέσωσιν·
1901 4010 1954 4062 οἵ
1997 4025 2058 4062 τε

472 4088 1060 4178 τούτοις-χαριζόμενοι
1112 4101 1558 4175 ψευδομάρτυρες
1590 4101 1684 4155 καὶΙ
1724 4100 2058 4169 συκοφάνται

473 4198 561 4261 εἰς
586 4197 880 4266 πρόσωπον
917 4196 1152 4267 ἔστησαν
1194 4193 1287 4246 τοῦ
1322 4193 1602 4264 Σωτῆρος·
1637 4193 1666 4244 ὅ
1696 4209 1756 4244 τε
1797 4193 1904 4254 πᾶς
1932 4191 2060 4254 λαὸς

473 4291 677 4357 φωναῖς
702 4288 795 4340 καὶ
820 4287 1052 4358 χείλεσιν
1079 4285 1300 4347 οἰκείοις
1334 4283 1395 4335 τὸ
1428 4277 1568 4354 αἷμα
1588 4281 1754 4336 αὑτοῦ
1780 4281 1899 4336 καθ’
1922 4285 2060 4335 ’ἐαυ-

471 4379 579 4432 τῶν
607 4379 702 4432 καὶ
733 4377 871 4431 κατά
900 4376 1008 4430 τῶν
1035 4375 1178 4428 ἰδίων
1204 4372 1409 4426 παίδων
1436 4371 1788 4443 ἐζητήσαντο.
1817 4371 2058 4434 Εἰκότως

2163 3203 2407 3274 Spiritus
2440 3205 2873 3260 accurationem.
2909 3203 3046 3270 Quia
3082 3205 3229 3260 enim
3276 3212 3522 3276 tempore
3560 3207 3745 3262 Salva-

2160 3295 2299 3350 toris
2332 3296 2531 3360 nostri,
2554 3309 2665 3349 non
2684 3293 2860 3349 Judaei
2895 3294 3001 3365 ipsi
3033 3303 3267 3350 mortem
3288 3298 3618 3364 intulerunt,
3643 3299 3743 3354 sed

2159 3385 2534 3442 Romanorum
2553 3399 2718 3439 manu
2750 3384 2802 3438 id
2836 3392 3121 3455 peractum
3144 3394 3250 3448 est,
3271 3385 3544 3454 judicium
3567 3388 3747 3445 Pilato‘

2161 3475 2392 3538 ferente,
2421 3475 2693 3531 militibus
2722 3473 3322 3545 comprehendentibus
3359 3483 3414 3530 et
3462 3478 3747 3534 abducen-

2125 3566 2308 3647 ’tibus
2355 3580 2504 3630 eum,
2556 3573 2612 3620 et
2663 3581 2695 3619 a
2747 3563 2952 3620 Iudaeis
2987 3564 3124 3618 nihil
3155 3578 3346 3619 eorum
3398 3575 3580 3621 actum
3626 3576 3746 3635 est;

2154 3657 2281 3728 jure
2306 3657 2418 3714 illis
2456 3668 2568 3712 non
2597 3657 2778 3729 ipsum
2807 3659 2963 3714 necis
2989 3667 3173 3714 actum
3196 3659 3447 3724 ascribit,
3479 3659 3576 3714 sed
3607 3670 3744 3713 cauo

2160 3763 2300 3802 sam.
2349 3745 2636 3816 Principes
2687 3761 2926 3818 namque
2972 3745 3289 3802 Judaeorum
3329 3747 3625 3802 concilium
3655 3745 3746 3802 ina

2159 3847 2378 3901 euntes,
2415 3838 2623 3892 nullam
2649 3852 2760 3891 non
2811 3837 3130 3892 machinam
3176 3846 3488 3902 moverunt,
3522 3845 3583 3892 ut
3617 3852 3746 3892 eum

2160 3928 2484 3998 perderent;
2514 3926 2641 3980 falsi
2673 3934 2842 3981 testes
2867 3933 3048 3981 autem
3076 3933 3130 3982 et
3153 3927 3527 3997 sycophantae,
3550 3942 3743 3982 eorum

2161 4017 2394 4086 gratiam
2419 4022 2784 4084 aucupantes,
2815 4015 2870 4068 in
2902 4025 3202 4083 conspectu
3237 4014 3543 4072 Salvatoris
3574 4023 3746 4072 stete-

2161 4113 2332 4172 runt;
2363 4111 2620 4171 totusque
2651 4102 2886 4172 pepulus
2921 4103 3151 4156 vocibus
3186 4102 3457 4171 labiisque
3479 4105 3598 4158 suis
3620 4117 3747 4158 san-

2160 4195 2379 4266 guinem
2403 4192 2525 4262 ejus
2553 4207 2720 4262 super
2763 4206 2822 4246 se
2858 4199 2913 4246 et
2942 4206 3108 4260 super
3143 4191 3285 4247 filios
3321 4206 3453 4246 suos
3503 4194 3747 4262 expetie-

2161 4295 2292 4340 runt
2324 4305 2336 4340 :
2368 4285 2493 4355 jure
2534 4298 2666 4354 ergo
2699 4297 2807 4336 non
2839 4282 2994 4338 necis
3024 4281 3261 4348 facinus,
3309 4296 3472 4351 quam
3500 4283 3742 4338 decrevit

2160 4377 2392 4441 Pilatus,
2421 4381 2810 4447 perpetrarunt
2855 4373 3056 4429 milites
3097 4367 3241 4442 ejus,
3286 4381 3588 4439 memorat;
3643 4373 3741 4428 sed

471 4465 564 4525 οῦν
612 4472 641 4523 ὁ
670 4467 861 4541 παρὼν
893 4468 1050 4536 λόγος
1103 4467 1164 4520 ού
1211 4466 1312 4536 τῆς
1357 4463 1452 4517 τοῦ
1505 4463 1736 4517 θανάτου
1779 4448 2052 4534 πράξεως,

2161 4470 2472 4541 principum
2514 4467 2866 4524 sacerdotum
2904 4465 3394 4535 conspirationem,
3440 4464 3745 4536 sycophan-

472 4564 540 4634 ἢν
571 4559 740 4634 ὥρισε
772 4561 870 4631 μὲν
915 4559 1167 4622 Πιλάτος,
1219 4555 1582 4628 διεπράξαντο
1610 4556 1667 4609 δὲ
1698 4557 1744 4608 οἰ
1779 4555 1868 4608 ὑπ’
1906 4554 2055 4624 αὑτῷ

475 4653 820 4725 στρατιῶται,
877 4649 1226 4721 μνημονεύει,
1273 4645 1412 4701 ἀλλά
1466 4647 1566 4718 τῆς
1613 4645 1722 4700 τῶν
1756 4646 2056 4717 ἀρχιερέων

475 4742 766 4812 συσκευῆς,
810 4743 903 4794 καὶ
945 4741 1048 4810 τῆς
1069 4739 1179 4792 τῶν
1222 4737 1573 4808 συκοφαντῶν
1605 4737 1929 4809 μαρτυρίας,
1958 4737 2058 4806 τῆς

471 4853 532 4888 τε
573 4833 776 4911 ηφωνῆς
831 4831 924 4886 τοῦ
967 4831 1204 4903 πλήθους
1253 4830 1644 4902 ἐπιϐοήσαντος
1700 4830 1842 4884 κατ’.
1867 4828 2052 4882 αὐτοῦ.

459 4929 563 4982 Διό
589 4944 780 4999 φησιν·
827 4925 1138 4996 Ἁμαρτίαν
1155 4923 1455 4991 στόματος
1471 4919 1688 4983 αὐτῶν,
1726 4921 1915 4991 λόγον
1938 4937 2057 4988 χει-

471 5019 629 5073 λέων
657 5018 888 5084 αὐτῶν·
921 5017 1053 5069 ὼσεί
1080 5015 1232 5082 ἔλεγε
1267 5013 1599 5084 σαφέστερον
1619 5031 1632 5043 ·
1667 5015 1746 5064 Δι’
1779 5011 2056 5083 ἁμαρτίαν

475 5109 742 5180 στόματος
768 5107 968 5173 αὐτῶν,
1007 5107 1103 5160 καὶ
1142 5104 1232 5159 διὰ
1275 5103 1429 5173 λόγον
1457 5103 1679 5174 χειλέων
1707 5103 1924 5157 αὐτῶν(
1961 5103 2058 5154 Διά

472 5201 582 5274 γὰρ
611 5200 786 5254 ταῦτα
811 5200 1251 5267 διασκόρπισον
1274 5195 1499 5260 αὐτοὺς
1529 5194 1604 5263 τῇ
1632 5193 1880 5263 δυνάμει
1914 5208 2054 5255 σου,

474 5293 573 5347 καί
600 5290 898 5362 κατάγαγε
925 5291 1167 5356 αὐτοὺς,
1185 5291 1218 5344 ό
1238 5283 1701 5356 ὑπερασπιστὴς
1711 5302 1830 5354 μου
1858 5285 2054 5353 Κύριε.

474 5384 630 5438 Κατὰ
661 5383 719 5437 δὲ
753 5384 843 5437 τὸν
889 5381 1208 5452 Σύμμαχον,
1254 5379 1546 5449 Ἀμαρτίᾳ,
1581 5375 1734 5448 φησὶ,
1769 5373 1877 5438 τοῦ
1919 5375 2059 5429 στό-

468 5491 658 5545 ματος
679 5474 898 5538 αὐτῶν,
926 5472 1020 5526 καί
1043 5471 1124 5537 τῷ
1151 5472 1310 5540 λόγῳ
1332 5470 1451 5524 τῶν
1481 5468 1731 5538 χειλέων
1767 5463 1967 5519 αὐτῶν
1991 5465 2060 5518 τὰ

475 5567 842 5639 προλεχθέντα
900 5563 1083 5626 αὐτοῖς
1148 5560 1572 5632 ἐπαχθήσεσθαι.
1627 5557 1734 5610 Καὶ
1779 5556 2054 5624 ἐπιλέγει·

475 5658 587 5711 Καὶ
610 5654 1143 5724 συλληφθήτωσαν
1186 5654 1256 5707 ἐν
1288 5651 1363 5720 τῇ
1408 5647 1788 5718 ὑπερηφανία
1819 5645 2021 5700 αὐτῶν
2041 5664 2053 5676 ο

472 5746 532 5818 ἢ,
565 5745 706 5801 κατά
737 5745 828 5800 τὸν
859 5744 1175 5816 Σύμμαχον,
1205 5740 1742 5811 Συλληφθήτωσαν
1767 5739 1919 5808 μετὰ
1947 5737 2058 5807 τῆς

2161 4567 2342 4615 tarum
2368 4559 2766 4624 testimonium,
2797 4564 2989 4614 contra
3014 4557 3194 4628 ipsum
3227 4557 3586 4612 acclamantis
3607 4555 3743 4610 mul-

2162 4651 2418 4706 titudinis
2455 4665 2666 4706 vocem.
2710 4647 2894 4716 Quare
2938 4648 3055 4703 ait:
3093 4647 3358 4701 Delictum
3390 4641 3498 4699 oris
3531 4661 3737 4710 eorum,

2160 4759 2454 4798 sermonem
2485 4740 2748 4795 [abiaram
2778 4741 3050 4809 ipsorum;
3089 4753 3153 4794 ac
3180 4738 3229 4792 si
3272 4735 3534 4807 liquidius
3586 4737 3740 4792 dice-

2163 4840 2265 4889 ret.
2290 4839 2516 4904 propter
2550 4831 2809 4885 delictum
2843 4831 2957 4884 oris
2988 4843 3202 4891 eorum,
3245 4832 3300 4881 et
3344 4835 3570 4895 propter
3620 4840 3738 4880 ser-

2160 4939 2378 4979 monem
2411 4922 2682 4978 labiorum
2713 4923 2981 4992 ipsorum.
3016 4920 3092 4974 Ea
3123 4919 3192 4973 de
3225 4932 3392 4972 causa
3417 4916 3741 4988 dispergeil-

2162 5015 2244 5069 los
2272 5015 2326 5068 in
2371 5015 2562 5068 virtute
2611 5020 2726 5076 tua,
2765 5021 2814 5067 et
2864 5012 3062 5080 depone
3115 5025 3225 5073 eos,
3279 5017 3543 5078 protector
3591 5025 3737 5063 meus

2160 5106 2405 5160 Domine.
2439 5104 2753 5159 Secundum
2785 5102 3176 5174 Symmachum
3206 5115 3358 5163 vero,
3386 5108 3626 5168 peccato,
3652 5099 3739 5153 in-

2160 5199 2300 5266 quit,
2333 5197 2444 5252 oris
2479 5212 2683 5259 eorum,
2708 5205 2757 5250 et
2796 5194 2949 5249 verba
2980 5191 3241 5270 (abiaram
3275 5191 3512 5258 ipsorum
3545 5191 3743 5259 praedi-

2161 5297 2249 5344 cta
2274 5289 2411 5360 ipsis
2458 5287 2766 5364 iulligenda.
2800 5297 2948 5341 sunt.
2987 5285 3068 5340 Ac
3093 5284 3396 5354 subjungit,
3431 5291 3480 5335 et
3507 5297 3744 5350 compre-

2161 5380 2464 5434 hendantur
2500 5381 2552 5433 in
2574 5379 2823 5450 superbia
2854 5394 2974 5442 sua,
3003 5378 3118 5432 sife
3152 5374 3452 5430 secundum
3489 5373 3742 5444 Symma-

2161 5471 2350 5535 chum,
2403 5469 2910 5538 comprehendantur
2956 5482 3076 5520 cum
3131 5464 3379 5533 superbia
3428 5479 3551 5518 sua.
3601 5461 3738 5515 Nam

2163 5575 2288 5615 cum
2321 5560 2544 5630 superbi
2577 5568 3012 5630 arrogantesque
3042 5563 3252 5620 essent,
3299 5553 3610 5610 Servatoris
3641 5571 3743 5608 no-

2163 5649 2265 5705 stri
2288 5649 2545 5703 fiduciam
2567 5665 2679 5702 non
2705 5647 2970 5703 ferebant.
2991 5647 3172 5713 Quare
3192 5646 3426 5715 superbe
3445 5644 3742 5712 admodum

2163 5737 2430 5794 adeuntes
2473 5737 2630 5792 illum
2677 5737 2756 5792 sic
2813 5735 3224 5806 compellabant
3256 5756 3269 5791 :
3305 5735 3436 5801 Quis
3476 5734 3617 5791 dedit
3648 5732 3751 5791 tibi
