4090 6410
412 373 516 426 547

1087 362 1355 418 EUSEBII
1394 361 1808 418 CIESARIENS
1838 363 1875 415 S
1901 363 2078 418 ‘OPP.
2138 359 2319 415 PARS
2357 360 2442 414 111.
2488 389 2552 402 -—-
2596 357 3002 414 EXEGETICA.

3582 357 3640 409 Si
3650 353 3683 408 8

413 481 723 554 potestatem
743 486 943 538 banc?
981 494 1029 537 et
1062 486 1116 536 in
1147 501 1251 553 qua
1281 492 1540 551 potestate
1583 485 1693 538 lia'c
1737 485 1872 552 facis
1900 485 1941 514 ’³⁷
1969 487 1990 536 ‘?

2115 484 2504 551 ὶπερηφαιιίίις
2517 481 2731 534 αὐτῶν.
2750 481 3118 548 Ὑπερήφανοι
3135 478 3242 547 γάρ
3256 493 3398 538 τινες
3421 475 3570 537 ὄντες
3593 475 3685 526 καὶ

415 580 629 632 Etenim
673 593 796 631 cum
836 593 936 630 nos
981 588 1034 630 et
1071 578 1338 645 templum
1379 583 1431 629 'et
1485 578 1746 645 populum
1779 591 1994 630 onmem

414 672 519 724 sub
552 671 782 737 imperio
814 668 1140 729 habeamus,
1166 668 1295 735 quis
1319 673 1374 717 tu
1405 682 1485 726 es,
1522 675 1576 718 et
1606 681 1706 718 cur
1741 666 1867 718 talia
1901 681 1997 717 au-

412 762 553 815 des?
585 758 914 828 l-lnjusmodi
949 773 1082 827 ergo
1111 754 1406 810 verborum
1441 756 1608 808 causa
1634 757 1723 808 hic
1751 756 1953 809 dicitur
1981 775 1993 809 :

419 850 488 902 Et
519 848 1028 919 comprehendantur
1059 849 1113 900 in
1151 848 1396 914 superbia
1422 863 1518 899 sua
1543 863 1561 899 :
1591 857 1640 900 et
1663 847 1726 900 de
1753 863 1999 902 exsecra-

417 941 558 992 tione
594 950 642 992 et
663 939 935 992 mendacio
959 939 1437 992 annuntiabuntur.
1475 937 1581 990 Pro
1608 952 1717 1006 quo
1749 937 2000 1008 Symma-

417 1030 561 1084 chus
591 1029 986 1098 interpretatus
1015 1038 1100 1083 est
1140 1047 1152 1082 :
1193 1027 1716 1090 Comprehendantur
1750 1046 1868 1082 cum
1904 1046 1997 1082 sn-

419 1119 601 1189 perbia
639 1136 759 1182 sua,
805 1122 1220 1174 exsecrationem
1250 1129 1299 1173 et
1334 1120 1664 1173 mendacium
1711 1123 1997 1189 loquentes.

422 1210 617 1265 Postea
645 1209 869 1278 subjicit
901 1229 913 1263 :
955 1209 1018 1262 In
1047 1211 1524 1271 consummatione,
1559 1209 1610 1260 in
1654 1209 1736 1260 ira
1763 1225 2002 1262 consum-

423 1301 696 1362 mationis,
727 1308 776 1352 et
811 1316 914 1352 non
950 1311 1099 1355 erunt
1125 1317 1142 1353 :
1168 1300 1330 1369 cujus
1369 1301 1490 1354 loco
1521 1300 1718 1353 iterum
1749 1299 2003 1369 Symma-

422 1389 563 1443 chus
593 1390 800 1443 clarius
845 1391 931 1444 his
977 1392 1160 1444 verbis
1193 1392 1583 1459 interpretatur
1624 1409 1635 1442 :
1676 1389 2001 1444 Consumma

409 1481 479 1530 in
513 1480 712 1546 furore,
741 1481 958 1534 absume
983 1491 1038 1534 ut
1071 1499 1172 1535 non
1196 1484 1325 1535 sint.
1354 1481 1478 1535 Htec
1505 1479 1740 1550 Spiritus
1771 1481 1996 1550 prOphe‘

424 1567 568 1620 ticus
606 1583 714 1620 non
765 1567 917 1622 diras
974 1569 1290 1638 imprecaris
1346 1571 1414 1624 iis
1467 1571 1558 1638 qui
1611 1568 1724 1622 hasc
1784 1569 2002 1636 passuri

371 1681 374 1684 ·
423 1664 604 1720 erant,
649 1656 743 1710 sed
800 1665 1010 1710 tantum
1064 1675 1182 1727 qua:
1236 1659 1418 1712 futura
1474 1666 1604 1723 sunt
1668 1657 2000 1721 vaticinans,

427 1749 796 1814 praenuntiat;
831 1763 950 1800 eam
981 1749 1130 1801 enim
1166 1756 1402 1803 mentem
1436 1750 1557 1817 ejus
1586 1763 1710 1804 esse
1732 1749 2001 1803 sententia

428 1836 669 1904 praefert.
712 1837 794 1889 0b
845 1837 1106 1889 delictum
1161 1839 1274 1890 oris
1329 1853 1542 1900 eorum,
1589 1847 1642 1893 et
1695 1848 2007 1893 sermonem

428 1928 698 1982 labiorum
755 1928 1002 1996 ipsorum
1053 1930 1592 1997 comprehemlcntur
1640 1931 1694 1983 in
1747 1931 2006 1998 superbia

420 2033 548 2080 sua,
576 2025 629 2070 et
661 2018 1200 2086 comprehendeutur
1231 2021 1665 2074 exsecrationem
1700 2029 1754 2074 et
1785 2020 2008 2073 menda-

426 2108 574 2160 cium
608 2107 934 2176 loquentes;
967 2117 1241 2178 eruntque
1268 2111 1323 2163 in
1348 2114 1827 2165 consummatione
1873 2120 1923 2164 et
1955 2111 2008 2163 in

427 2201 532 2261 ira,
565 2215 687 2268 qum
725 2199 977 2253 absumet
1023 2216 1117 2254 eos
1165 2202 1236 2253 ita
1286 2210 1346 2254 ut
1396 2217 1505 2255 non
1543 2203 1683 2255 ultra
1713 2205 2004 2257 exsistant.

431 2289 745 2343 Secundum
781 2290 1035 2359 Aquilam
1081 2307 1214 2345 vero
1266 2291 1489 2353 dicitur,
1550 2291 1762 2360 Conﬁce
1801 2295 1853 2344 in
1899 2293 2008 2354 ira,

431 2379 679 2442 absume,
731 2389 783 2432 et
837 2397 940 2432 non
993 2383 1286 2443 exsistent;
1348 2383 1638 2440 similiter,
1703 2383 2008 2437 secundum

435 2470 849 2540 Symmachum,
880 2471 1201 2525 Consumma
1231 2473 1283 2524 in
1323 2472 1524 2540 furore,
1558 2473 1795 2535 absumo,
1820 2483 1874 2525 ut
1908 2489 2010 2525 non

431 2565 560 2617 sint.
594 2562 689 2617 llis
731 2579 896 2632 porro
925 2566 1278 2627 vaticinatur,
1308 2580 1402 2619 eos
1433 2566 1525 2635 qui
1556 2567 1682 2618 talia
1717 2573 1846 2619 sunt
1889 2565 2008 2618 ausi

428 2657 487 2706 'in
519 2663 820 2709 memorata
855 2657 1080 2710 civitate
1127 2671 1238 2710 non
1295 2659 1525 2712 ulterius
1573 2675 1891 2722 mansuros,
1947 2676 2010 2713 ac

431 2743 637 2797 cultum
673 2745 826 2797 illum
857 2745 1122 2812 divinum,
1157 2748 1462 2818 antiquitus
1494 2750 1548 2802 in
1573 2750 1796 2805 civitate
1819 2761 2010 2804 serva-

431 2843 567 2898 tum,
619 2839 792 2891 linem.
833 2836 1172 2901 habiturum,
1226 2857 1440 2895 necnon
1503 2845 1867 2896 constitutum
1935 2842 2010 2896 ibi

434 2941 686 2996 regnum,
711 2927 1012 2997 omniaque
1036 2931 1190 2999 prius
1229 2932 1363 3000 ipsis
1388 2948 1417 2985 a
1447 2932 1558 2986 Deo
1594 2934 1792 2988 collata
1831 2934 2010 2998 bona;

430 3017 685 3070 videlicet
712 3020 1102 3088 prophetarum
1129 3023 1502 3091 praesentiam,
1535 3020 1856 3094 angelorum
1885 3041 2014 3079 con-

2101 575 2374 638 ἁλαζόνες,
2409 575 2508 625 οὑκ
2549 573 2740 642 ἔφερον
2767 571 2860 623 τοῦ
2894 570 3142 638 Σωτῆρκ
3168 567 3326 637 ἡμῶν
3343 566 3439 636 τὴν
3471 567 3686 636 mpm-

2102 666 2240 718 σξαν.
2289 665 2380 716 Διὸ
2431 665 2570 734 μετὰ
2617 664 2816 731 πολλῆς
2847 660 3243 730 ,ὑπερηφανίας
3299 656 3687 728 προσελθόντες

2101 755 2283 823 ἔλεγον
2315 755 2464 824 αὑτῴ
2484 772 2496 784 ο
2539 756 2631 818 Τίς
2655 769 2754 807 σοι
2787 753 2970 805 ἔδωκε
2984 752 3097 819 τὴν
3111 752 3403 815 ἐξουσίαν
3425 751 3682 816 emitur;

2101 847 2202 900 καὶ
2229 849 2372 914 ποίᾳ
2401 846 2653 912 ἐξουσίᾳ
2685 844 2870 897 ταῦτα
2907 845 3135 909 ποιεῖς;
3192 842 3377 912 Ἡμῶν
3411 841 3520 911 γὰρ
3549 857 3687 911 κρα-

2101 939 2334 992 τούντων
2367 938 2461 990 τοῦ
2491 938 2640 1007 ἱεροῦ
2673 937 2767 990 καὶ
2814 937 2908 988 τοῦ
2947 935 3143 1001 παντὸς
3172 935 3358 997 ἔθνους
3387 934 3686 1004 ἀρχόντων,

2105 1033 2167 1083 σὺ
2187 1031 2271 1093 τίς
2295 1029 2370 1082 ὣν
2402 1030 2494 1082 καὶ
2520 1028 2683 1081 πόθεν
2724 1028 2792 1079 τὰ
2819 1027 3043 1080 τοιαῦτα
3074 1026 3311 1095 τολμᾷς;
3345 1025 3562 1078 Τούτων
3594 1019 3689 1077 οὖν

2103 1121 2264 1173 ἕνεκα
2289 1121 2398 1172 τῶν
2425 1120 2598 1186 λόγων
2636 1117 2872 1170 ἐνταῦθα
2902 1117 3116 1186 εἴρηται
3143 1133 3154 1144 ’
3188 1117 3297 1170 Kal
3331 1115 3690 1184 συλληφθή-

2102 1227 2304 1264 τωσαν
2353 1211 2422 1262 ἐν
2465 1210 2540 1276 τῇ
2583 1209 2962 1276 ὑπερηφανίᾳ
3016 1207 3246 1260 αὐτῶν·
3283 1208 3379 1260 καὶ
3426 1207 3496 1271 ἐξ
3540 1206 3692 1274 ἀρᾶς

2104 1301 2200 1352 καὶ
2235 1300 2501 1366 ψεύδους
2537 1297 3063 1366 διαγγελήσοιται·
3117 1296 3234 1348 ἀνθ’
3268 1292 3328 1349 οὗ
3373 1297 3401 1347 ὁ
3466 1296 3693 1365 Σύμμα-

2105 1407 2197 1460 χος
2228 1391 2539 1460 ἡρμήνευσε
2562 1405 2576 1418 ⁸
2608 1387 3142 1455 Συλληερθθῆτωσαν
3164 1387 3314 1455 μετὰ
3360 1385 3469 1452 τῆς
3516 1389 3694 1452 ὑπερ-

2104 1481 2365 1548 ηφανίας
2393 1480 2611 1541 αὐτῶν,
2634 1480 2788 1547 ἀρὰν
2809 1479 2906 1531 καὶ
2940 1477 3167 1544 ψεῦδος
3197 1477 3550 1542 λαλοῦντες.
3577 1474 3694 1530 Εἶθ’

2105 1571 2234 1642 ἐξῆς
2294 1572 2569 1640 ἐπιλέγει·
2628 1573 2723 1644 Ἐν
2781 1570 3123 1635 συντελείᾳ,
3173 1570 3243 1622 ἐν
3279 1567 3425 1637 ὀργῇ
3478 1584 3694 1621 συντε-

2105 1664 2294 1727 λείας,
2349 1663 2447 1716 καὶ
2483 1664 2556 1715 οὐ
2625 1661 2711 1730 μὴ
2757 1661 3134 1727 ὑπάρξωσιν.
3196 1661 3334 1712 Ἀνθ“
3365 1655 3426 1712 οὗ
3476 1659 3636 1712 πάλιν
3667 1660 3696 1710 ὁ

2112 1753 2406 1821 Σύμμαχος
2439 1751 2758 1820 λευκότερον
2785 1749 3032 1802 ἀπέδωκε
3076 1751 3279 1819 φήσας⁸
3318 1753 3362 1802 Σ
3369 1749 3698 1802 υντέλεσον

2114 1843 2184 1894 ἐν
2251 1840 2434 1909 θυμῷ,
2496 1839 2820 1893 ἀνάλωσεν
2878 1841 2978 1891 ἵνα
3023 1839 3108 1908 μὴ
3151 1835 3281 1892 ὦσι.
3322 1839 3508 1892 Ταῦτα
3539 1840 3595 1891 δὲ
3636 1839 3698 1890 τὸ

2119 1930 2340 2004 Πνεῦμα
2374 1935 2433 1986 τὸ
2468 1935 2804 2004 προφητικὸν
2836 1935 2937 1986 οὑκ
2983 1935 3340 2005 ἐπαρώμενον
3372 1939 3482 1998 τοῖς
3527 1934 3700 1988 ταῦτα

2121 2027 2371 2096 μέλλουσι
2393 2025 2675 2078 πείσεσθαι
2708 2029 3108 2095 προαναφωνεῖ,
3127 2027 3195 2078 τὰ
3224 2026 3282 2078 δὲ
3311 2026 3700 2096 συμϐησόμενα

2118 2115 2506 2185 προαγορεῖων,
2528 2116 2624 2184 τῆς
2643 2115 2880 2176 διανοίας
2913 2114 3153 2167 τοιοῦτον
3184 2115 3535 2185 παριστώσης
3553 2113 3696 2166 νοῦν.

2118 2205 2215 2256 Διά
2255 2205 2352 2274 τὴν
2377 2206 2650 2274 ἁμαρτίαν
2682 2205 2776 2256 τοῦ
2808 2206 3074 2274 στόματος
3121 2204 3320 2266 αὐτῶν,
3357 2205 3450 2257 καὶ
3479 2204 3568 2255 διὰ
3611 2204 3702 2256 τὸν

2118 2298 2274 2364 λόγον
2335 2297 2444 2348 τῶν
2504 2297 2724 2365 χειλέων
2783 2295 2960 2348 αὐτῶν
3015 2296 3481 2366 συλληφθήσονται
3535 2303 3594 2347 εν
3633 2297 3698 2363 τῇ

2120 2388 2465 2459 ὑπερηφανία
2527 2388 2723 2448 αὐτῶν,
2769 2388 2862 2439 καὶ
2921 2386 3382 2456 συλληφθήσονται
3437 2385 3576 2456 dtin
3609 2384 3702 2437 καὶ

2117 2478 2312 2545 ψεῦδος
2364 2478 2652 2539 λαλοῦντες
2677 2495 2689 2506 ·
2748 2477 3064 2546 γενήσονταί
3093 2494 3154 2528 τε
3189 2479 3245 2528 ἐν
3297 2475 3572 2542 συντελείᾳ.
3607 2471 3702 2527 καῖ

2120 2572 2176 2622 ἐν
2215 2573 2351 2640 ὀργῇ
2405 2568 2769 2640 ἀναλισκοὺσῃ
2811 2568 3006 2636 αὑτοὺς
3048 2569 3122 2630 ὡς
3185 2568 3374 2637 μηκέθ’
3415 2568 3700 2636 ὑπάρχειν.

2119 2661 2275 2713 Κατὰ
2307 2661 2362 2713 δὲ
2405 2661 2495 2713 τὸν
2545 2659 2778 2712 ’Λκὺλαν
2816 2660 3068 2730 εἴρηται·
3120 2659 3375 2713 Τέλεσον
3422 2659 3491 2710 ἐν
3522 2663 3702 2725 χόλῳ,

2120 2749 2392 2809 τέλεσον,
2453 2749 2549 2801 καὶ
2597 2750 2707 2816 οὐχ
2745 2747 3147 2814 ῠπίὶλ,μξοινση·.
3210 2749 3420 2818 Ὥσπερ
3464 2742 3556 2799 οὖν
3612 2749 3705 2799 καὶ

2120 2839 2258 2891 κατὰ
2306 2840 2396 2892 τὸν
2438 2839 2767 2908 Σύμμαχονσ
2821 2840 3204 2892 Συντέ.2εσον
3255 2840 3326 2891 ἐν
3379 2839 3562 2906 omni).
3604 2838 3704 2890 ὀν-

2119 2929 2378 2991 άλωσον,
2411 2931 2605 2999 ἵναμὴ
2629 2927 2758 2985 ὦσι.
2795 2930 3048 2994 Θεσπίζει
3074 2930 3130 2982 δὲ
3159 2930 3246 2983 διὰ
3268 2929 3471 2982 τούτων
3495 2931 3524 2982 ὁ
3553 2929 3705 2995 λόγος

2124 3023 2317 3092 μηκέτι
2381 3022 2647 3092 ὑπάρχειν
2718 3024 2775 3074 ἐν
2825 3025 2890 3093 τῇ
2945 3022 3309 3093 προλεχθείσῃ
3368 3020 3519 3074 πόλει
3580 3023 3705 3083 τοὺς

433 3115 681 3176 spectus,
720 3123 783 3161 ac
816 3110 1106 3179 reliquam,
1141 3131 1248 3185 qua
1298 3117 1630 3187 dignabatur
1666 3134 1784 3179 eos,
1831 3119 2008 3186 inspe-

2122 3112 2189 3163 τὰ
2242 3111 2468 3164 τοιαῦτα
2519 3111 2953 3182 τετολμηκότας’
3011 3107 3164 3174 τέλος
3208 3111 3262 3162 δὲ
3295 3110 3481 3161 λαϐεῖν
3522 3108 3706 3161 λοιπον

431 3199 693 3251 ‘ctionem.
752 3199 884 3264 Qum
932 3217 1063 3257 sane
1098 3205 1256 3258 tinem
1291 3223 1388 3276 per
1419 3208 1626 3260 illatam
1681 3209 1816 3277 ipsis
1876 3210 2012 3262 iram

435 3287 628 3342 sortita
661 3297 807 3342 sunt.
847 3291 1002 3356 Quod
1046 3303 1226 3350 autem
1258 3297 1361 3351 hac
1393 3299 1461 3352 de
1507 3313 1568 3351 re
1603 3299 1822 3352 dicatur
1859 3299 2013 3356 illud.

435 3377 634 3445 conﬁce
681 3379 733 3431 in
777 3381 976 3448 furore.
1029 3384 1246 3439 absumo
1277 3396 1331 3439 ut
1365 3405 1467 3440 non
1506 3389 1633 3454 sint,
1667 3404 1730 3442 ex
1767 3390 2014 3457 sequenti

433 3467 583 3522 dicto
612 3471 812 3539 palam.
855 3473 995 3537 Quid
1035 3475 1167 3529 illud
1201 3477 1324 3531 est?
1364 3481 1431 3530 Et
1474 3479 1638 3531 scient
1698 3479 1820 3548 quia
1877 3479 2014 3532 Deus

432 3555 604 3611 Iacob
651 3559 1016 3615 dominabitur
1053 3565 1241 3632 ﬁnium
1292 3576 1467 3620 terrm.
1515 3565 1650 3619 Nam
1704 3569 1747 3622 si
1796 3568 1862 3624 de
1900 3570 2015 3636 ipsa

435 3655 595 3714 gente
629 3647 696 3701 de
724 3649 973 3718 ipsisque
1003 3654 1138 3708 viris
1170 3653 1324 3716 illud,
1379 3656 1575 3723 conﬁce
1601 3656 1652 3708 in
1683 3657 1882 3725 furore.
1925 3659 2017 3710 ab-

435 3750 583 3788 sume
612 3745 668 3787 ut
716 3754 820 3789 non
863 3741 993 3802 sint,
1047 3741 1255 3795 dictum
1312 3743 1542 3811 fuisset;
1593 3748 1867 3816 quomodo
1900 3749 2014 3816 jam

436 3824 696 3888 conlecti,
733 3843 830 3881 nec
860 3831 1014 3884 ultra'
1051 3835 1403 3898 exsistentes,
1455 3837 1595 3891 scire
1627 3845 1853 3907 possent
1888 3840 2015 3908 quia

438 3914 583 3970 Deus
621 3917 994 3973 dominabitur
1035 3923 1220 3976 [inium
1267 3927 1464 3980 terra}?
1511 3944 1608 3982 cur
1641 3930 1896 3999 superius
1933 3930 2017 3983 (li-

434 4014 581 4061 ctum
613 4008 825 4076 fuisset,
857 4024 918 4064 ne
947 4013 1156 4068 occidas
1183 4019 1309 4071 eos?
1345 4017 1618 4086 siquidem
1657 4019 1812 4082 illud,
1840 4036 1901 4073 ne
1929 4037 2018 4073 oc-

437 4098 583 4151 cidas
623 4116 732 4162 eos,
765 4104 1104 4157 contrarium
1137 4107 1416 4162 videretur
1453 4109 1538 4163 his
1569 4109 1772 4172 verbis,
1823 4112 2019 4179 conﬁce

434 4187 489 4237 in
519 4187 717 4254 furore,
751 4191 966 4246 absume
996 4205 1053 4246 ut
1099 4212 1203 4248 non
1229 4198 1356 4250 sint.
1391 4195 1593 4252 Verum
1628 4217 1738 4254 non
1771 4201 1861 4255 hic
1890 4202 2019 4256 dici-

435 4285 544 4340 tur,
596 4282 792 4362 conﬁce
831 4286 954 4346 eos;
999 4287 1094 4340 sed
1143 4287 1442 4350 indeﬁnite,
1477 4293 1675 4359 conﬁce
1723 4295 1778 4345 in
1813 4293 2014 4362 furore,

435 4367 651 4423 absume
676 4359 731 4422 ut
756 4390 860 4424 non
887 4375 1013 4437 sint,
1053 4377 1518 4448 subintelligendo
1550 4382 1763 4435 scilicet
1789 4359 1852 4436 ac
1886 4399 2018 4452 snp-

2118 3202 2214 3271 τὴν
2244 3200 2410 3254 πάλαι
2464 3200 2906 3271 σπουδαζομένην
2953 3203 3010 3253 ἐν
3043 3203 3108 3270 τῇ
3137 3199 3285 3253 πόλει
3331 3199 3586 3268 λατρείαν
3615 3198 3704 3250 καλ

2117 3295 2213 3363 τὴν
2260 3295 2316 3346 ἐν
2370 3293 2506 3362 αὑτῇ
2564 3291 2904 3344 συνεστῶσαν
2951 3291 3250 3359 βασιλείαν,
3287 3291 3379 3342 καὶ
3413 3292 3589 3342 πάντα
3640 3287 3707 3339 τὰ

2119 3385 2384 3455 πρότερον
2435 3386 2618 3448 αὑτοῖς
2668 3383 2982 3455 ὑπάρχοντα
3035 3383 3099 3434 ἐκ
3156 3381 3291 3434 Θεοῦ
3321 3380 3535 3448 ἀγαθὰ,
3577 3396 3707 3448 προ-

2119 3476 2302 3547 φητῶν
2329 3475 2528 3546 δηλαδὴ
2550 3475 2870 3544 παρουσίας,
2891 3476 2984 3526 καὶ
3005 3474 3249 3541 ἀγγέλων
3275 3472 3594 3540 ἐπιφανείας
3611 3473 3706 3525 καὶ

2118 3567 2216 3636 τὴν
2256 3565 2453 3635 λοιπὴν
2490 3566 2797 3635 ἐπισκοπὴν
2821 3581 2833 3593 '
2873 3564 2908 3617 ἀ
2951 3564 3014 3634 δὴ
3059 3563 3274 3634 ἀληθῶς
3323 3563 3508 3625 τέλους
3549 3562 3708 3632 ἔτυχε

2118 3657 2205 3710 διὰ
2247 3657 2348 3727 τῆς
2405 3657 2792 3726 ἐπενεχθείσης
2860 3656 3043 3718 αὑτοῖς
3094 3656 3281 3726 ὀργῆς.
3318 3655 3439 3707 ’Ὁτι
3483 3655 3538 3706 δὲ
3583 3656 3709 3723 περὶ

2118 3747 2322 3802 τούτων
2364 3748 2609 3801 λέλεκται
2634 3748 2714 3809 τὸ,
2738 3747 3118 3800 Συντέλεσον
3149 3749 3218 3800 ἐν
3249 3745 3433 3815 θυμῷ,
3471 3738 3705 3799 ἀνάλω-

2119 3853 2255 3902 σον,
2297 3839 2397 3890 ἵνα
2435 3836 2521 3906 μὴ
2551 3832 2685 3900 ὦσι,
2717 3836 2871 3904 δῆλον
2923 3835 3032 3889 ἀπὸ
3079 3835 3172 3888 τοῦ
3217 3831 3510 3903 λεγομένου
3559 3830 3704 3902 ἑξῆς.

2119 3928 2184 3982 Τί
2211 3929 2267 3982 δὲ
2294 3924 2360 3998 ἦν
2380 3928 2572 3987 τοῦτος
2606 3926 2714 3984 Καὶ
2743 3925 3094 3996 γνώσονται,
3129 3925 3217 3978 ὅτι
3259 3928 3290 3978 ὁ
3318 3923 3462 3989 Θεὸς
3491 3921 3711 3976 δεσπό-

2120 4022 2198 4082 ζει
2238 4018 2350 4073 τοῦ
2404 4019 2604 4072 Ἰακὼϐ
2643 4013 2761 4071 τῶν
2819 4016 3087 4083 περάτων
3131 4015 3240 4082 τῆς
3281 4014 3414 4083 γῆς.
3479 4014 3541 4066 Et
3601 4013 3710 4080 γὰρ

2122 4112 2250 4184 περὶ
2286 4109 2450 4163 αὑτοῦ
2482 4109 2699 4178 ἐλέγετο
2733 4108 2825 4161 τοῦ
2859 4107 3044 4170 ἔθνους
3077 4108 3172 4159 καὶ
3209 4106 3339 4178 περὶ
3387 4103 3568 4158 αὐτῶν
3601 4103 3710 4155 τῶν

2120 4202 2328 4273 ἀνδρῶν
2355 4202 2416 4254 τό
2435 4219 2446 4232 ’
2484 4199 2866 4254 Συντέλεσον
2887 4200 2956 4251 ὲν
2987 4197 3171 4267 θυμῷ,
3215 4196 3558 4272 ἁνὰλωοέον,
3611 4195 3713 4246 ἵνα

2114 4294 2200 4362 μὴ
2257 4288 2388 4355 ὦσι,
2445 4291 2582 4354 πῶς,
2634 4289 3096 4352 συντελεσθέντες,
3142 4289 3236 4340 καὶ
3299 4283 3491 4356 μηκέθ’
3529 4283 3710 4354 ὑπάρ-

2122 4402 2344 4455 χοντες,
2405 4383 2660 4436 ἐδύναντο
2722 4381 3032 4449 γινώσκειν,
3109 4380 3193 4432 ὅτι
3245 4381 3272 4431 'o
3320 4377 3453 4440 Θεὸς
3512 4376 3710 4429 δεσπό-

437 4458 636 4526 ρῐοιιιὶο
666 4461 820 4520 illud,
849 4474 908 4515 ut
946 4479 1056 4517 non
1099 4466 1209 4519 sint
1239 4471 1430 4538 quales
1477 4471 1630 4538 prius
1657 4479 1833 4535 erant,
1866 4479 1920 4525 et
1951 4480 2008 4526 ut

2117 4477 2197 4540 ζει
2221 4474 2326 4526 τῶν
2341 4473 2591 4543 περάτων
2612 4471 2710 4542 τῆς
2728 4471 2860 4540 γήςς
2881 4471 2996 4533 πῶς
3013 4469 3068 4520 δὲ
3086 4470 3177 4522 καὶ
3198 4467 3455 4537 ἀνωτέρω
3472 4465 3709 4534 ἐλέγετοο

438 4560 544 4598 non
581 4549 849 4601 exsistant
879 4552 993 4619 pari
1031 4561 1193 4624 atque
1222 4558 1350 4609 olim
1385 4559 1529 4626 apud
1568 4560 1733 4614 Deum
1768 4561 2011 4615 honore:

434 4649 545 4703 quo
569 4638 804 4702 sublato,
856 4649 908 4693 et
957 4645 1154 4697 amotis
1196 4645 1262 4698 iis
1295 4663 1415 4715 qua:
1457 4648 1584 4701 olim
1635 4648 2013 4718 possidebant,

437 4724 566 4775 nudi
598 4727 792 4788 relicti,
835 4744 863 4781 a
901 4732 1172 4801 superbia:
1201 4736 1534 4790 sublimitate
1566 4739 1788 4806 dejecti,
1820 4739 1872 4793 in
1897 4759 2016 4798 om-

435 4830 534 4869 nes
564 4826 751 4886 gentes
787 4821 1043 4892 dispersi.
1084 4827 1216 4894 ipsis
1261 4831 1520 4898 operibus
1556 4848 1845 4901 agnovere,
1889 4852 2012 4890 eum

435 4909 615 4978 ipsum
651 4914 741 4980 qui
795 4916 922 4969 olim
970 4917 1113 4972 Deus
1147 4919 1315 4976 Jacob
1352 4925 1678 4988 vocabatur,
1717 4926 2011 4992 dominari,

396 5018 398 5021 ·
434 5014 544 5054 non
592 5002 731 5055 ultra
763 5003 966 5061 Jaeobo
997 5025 1097 5064 nec
1129 5009 1338 5080 lsraeli,
1386 5016 1479 5070 sed
1510 5019 1767 5073 omnibus
1813 5020 2013 5076 finibus

359 5093 363 5098 ’
434 5097 614 5146 teme.
650 5092 815 5148 Deum
845 5114 974 5152 vero
1002 5098 1172 5156 Jaeob
1213 5102 1298 5157 hic
1331 5116 1636 5175 opportune
1663 5113 2010 5175 memoravit,

433 5181 712 5250 Christum
747 5188 1087 5257 signiﬁcans.
1123 5193 1243 5262 ipse
1275 5212 1512 5266 namque
1544 5208 1661 5253 erat
1686 5201 1779 5270 qui
1813 5203 1866 5254 in
1893 5217 2017 5272 spe-

435 5272 520 5326 cie
562 5289 626 5328 ac
659 5275 832 5331 forma
881 5281 1120 5338 hominis
1154 5289 1478 5354 patriarchae
1505 5289 1674 5345 Jaeob
1707 5294 1860 5349 visus
1909 5301 2012 5360 est,

435 5366 657 5431 quando
688 5371 909 5436 quidam
954 5373 1114 5428 homo
1163 5379 1474 5434 luctabatur
1503 5398 1624 5436 eum
1658 5399 1744 5446 eo,
1793 5401 2018 5441 nomen-

435 5466 541 5518 que
576 5454 746 5522 ipsius
779 5461 1026 5523 mutavit,
1047 5465 1235 5520 dicens
1263 5487 1274 5521 :
1305 5469 1427 5523 Non
1459 5471 1602 5523 ultra
1629 5473 1900 5527 vocabitur
1923 5492 2016 5528 no-

437 5555 553 5592 men
585 5552 731 5595 tuum
767 5545 955 5613 .Iacob,
990 5552 1079 5602 sed
1112 5551 1282 5607 Israel
1309 5573 1492 5610 nomen
1527 5573 1672 5610 tuum
1712 5562 1810 5613 erit
1838 5578 1853 5614 :
1883 5578 2006 5631 quo-

505 5722 551 5752 ³¹⁷
592 5722 698 5774 id!"
762 5744 848 5792 vv,
886 5729 937 5783 2.

2122 4563 2217 4632 Μὴ
2261 4564 2626 4630 ἀποκτείνῃς
2673 4561 2926 4625 αὐτούς,
2987 4560 3130 4623 ἔδοξε
3190 4559 3297 4630 γὰρ
3351 4556 3417 4611 ἂν
3445 4557 3712 4611 ’ἐναντίον

2122 4651 2259 4708 εἶναι
2287 4655 2378 4718 τὸ,
2409 4655 2504 4719 Μὴ
2537 4652 2900 4718 ἀποκτείνῃς
2926 4649 3168 4713 αὐτοὺς,
3196 4650 3293 4718 τῷ,
3332 4647 3714 4702 Συντέλεσον

2123 4747 2193 4798 ἐν
2226 4742 2408 4813 θυμῷ,
2440 4743 2782 4805 ἀνάλωσον,
2814 4744 2914 4795 ἵνα
2937 4741 3024 4809 μὴ
3045 4737 3220 4795 ὦσιν.
3266 4739 3404 4791 Ἀλλ’
3433 4739 3533 4792 οὑκ
3559 4739 3713 4809 εἴρη-

2125 4851 2214 4885 ται
2248 4831 2511 4893 ἐνταῦθα,
2550 4831 2933 4884 Συντέλεσον
2963 4831 3216 4894 αὐτούς·
3260 4828 3374 4881 ἀλλ’
3408 4829 3708 4899 ἀορίστως,

2125 4923 2506 4978 Συντέλεσον
2524 4923 2594 4974 ἐν
2617 4922 2800 4990 θυμῷ,
2819 4921 3160 4983 (immemor,
3181 4921 3281 4972 ἵνα
3298 4919 3384 4989 μὴ
3403 4915 3572 4980 ὦσιν,
3589 4920 3709 4970 ἐπι-

2125 5013 2386 5066 νοούντων
2408 5013 2564 5083 ἡμῶν
2591 5014 2686 5066 καὶ
2709 5013 3241 5086 προσυπακουόντιυν
3274 5011 3474 5075 ἔξωθεν
3506 5012 3588 5071 τὺ,
3622 5011 3710 5062 ἶνα

2127 5111 2200 5180 μὴ
2234 5102 2366 5161 ὦσιν
2389 5110 2562 5161 ὁποῖοι
2596 5109 2690 5160 καὶ
2725 5103 2866 5178 ἦσαν
2898 5106 3183 5176 πρότερον,
3206 5105 3298 5156 καὶ
3324 5105 3410 5156 ἵνα
3434 5103 3507 5173 μὴ
3530 5103 3710 5172 ὑπάρ-

2121 5215 2286 5267 χωσιν
2315 5201 2372 5250 ἐν
2475 5198 2771 5268 ἐτύγχανον
2805 5193 2972 5249 πάλαι
2999 5195 3149 5265 παρὰ
3172 5194 3248 5263 τῷ
3285 5193 3404 5262 Θεῷ
3441 5195 3606 5262 τιμῇ·
3642 5188 3709 5256 ἦς

2121 5291 2511 5362 ἀφαιρεθείσης
2572 5289 2784 5354 αὐτῶν,
2833 5289 2926 5341 καὶ
2974 5287 3082 5339 τῶν
3134 5287 3301 5339 πάλαι
3354 5283 3708 5356 ὑπαρχόντων

2120 5383 2303 5444 αὐτοῖς
2345 5380 2650 5454 ἀρθέντων,
2684 5381 2883 5450 γυμνοὶ
2944 5377 3398 5445 καταλειφθέντες
3443 5375 3536 5427 καὶ
3579 5391 3709 5425 κατ-

2118 5472 2429 5541 ενεχθέντες
2463 5473 2571 5525 ἀπὸ
2609 5471 2702 5523 τοῦ
2743 5471 2910 5540 ὕψους
2935 5470 3035 5538 τῆς
3070 5466 3448 5538 ὑπερηφανίας
3491 5461 3704 5526 αὐτῶν,

2118 5563 2630 5637 διασκορπισθὲντες
2674 5581 2732 5615 τε
2788 5564 2868 5624 εἰς
2917 5562 3094 5614 πάντα
3143 5561 3209 5612 τὰ
3256 5558 3417 5624 ἔθνη,
3463 5557 3708 5622 ἔγνωσαν
