4090 6378
432 297 536 355 840

1558 302 2060 362 communem
2102 306 2170 362 IN
2209 304 2548 381 PSALMOS.

3589 268 3751 372 550'

430 416 614 478 αὐτοῖς
638 412 839 487 ἔργοις,
865 416 946 469 ὅτι
980 415 1007 468 ό
1036 416 1200 471 πάλαι
1233 416 1365 480 Θεὸς
1410 419 1604 472 Ἰακὼϐ
1630 422 2004 492 χρηματίζων,

2114 425 2255 477 niam
2288 427 2617 493 prwvaluisti
2649 443 2766 480 cum
2798 426 2928 493 Deo,
2964 437 3013 482 et
3042 445 3156 483 cum
3182 430 3478 485 hominibus
3509 441 3693 500 potens

310 526 319 531 ·
429 500 584 569 οὗτος
609 507 769 568 αὐτὸς
815 506 1068 570 δεσπόζει
1117 507 1302 561 οὐκέτι
1340 506 1433 561 τοῦ
1486 507 1717 573 Ἰακὼϐ,
1761 509 1881 562 οὐδὲ
1917 509 2049 562 τοῦ’

394 641 401 648 .
443 597 679 666 Ἰσραὴλ,
714 596 851 650 ἀλλὰ
894 597 1113 651 πάντων
1162 598 1270 651 τῶν
1304 598 1557 669 περάτων
1584 600 1686 669 τῆς
1720 600 1844 670 γῆς.
1882 599 2014 653 Θεὸν

398 691 485 750 ᾗδὲ
518 688 713 742 Ἰακὼϐ
741 689 835 742 καὶ
866 690 962 742 νῦν
999 690 1272 761 εὐκαίρως
1324 688 1607 760 ὠνόμασε,
1649 690 1740 743 τὸν
1782 691 2015 761 Χριστὸν

426 779 705 850 δηλώσας·
737 779 899 841 αὐτὸς
925 780 1033 851 γὰρ
1073 775 1142 850 ῆν
1172 778 1289 833 ό’ὲν
1336 776 1625 851 ἀνθρώπου
1671 778 1910 850 σχήματί
1955 790 2015 832 τε

428 870 523 950 κα).
553 872 734 940 μορφῇ
779 870 858 940 τῷ
901 870 1215 941 πατριάρχῃ
1254 868 1448 923 Ἰακὼϐ
1490 870 1710 941 ὀφθεὶς,
1747 871 1835 924 ὅτε
1876 864 2012 924 ἐπά-

427 962 578 1015 λαιεν
606 961 894 1032 ἄνθρωπος
942 963 1060 1031 μετ’
1102 961 1293 1015 αὐτοῦ.
1341 959 1716 1032 Μετονομάζει
1763 979 1821 1014 τε
1854 952 2014 1015 αὑτὸν

426 1052 604 1122 λέγων
624 1070 636 1082 ·
675 1052 891 1107 Οὐκέτι
922 1054 1290 1121 κληθήσεται
1322 1052 1390 1105 τὸ
1425 1052 1620 1123 ὄνομά
1644 1069 1761 1107 σου
1795 1046 2011 1117 Ἰακὼϐ,

425 1146 562 1199 ἀλλ’
597 1143 835 1211 Ἰσραὴλ
868 1134 1039 1198 ἔσται
1064 1143 1130 1197 τὸ
1156 1143 1344 1213 ὄνομά
1370 1159 1486 1198 σου
1508 1161 1521 1174 ’
1558 1144 1646 1197 ὅτι
1676 1144 2014 1213 ἐνίσχυσας

420 1234 573 1302 μετὰ
624 1234 732 1287 τοῦ
787 1233 970 1297 Θεοῦ,
1013 1234 1112 1287 καὶ
1156 1232 1337 1310 μετὰί
1355 1234 1682 1302 ἀνθρώπων
1730 1234 2008 1299 δυνατός.

424 1323 595 1387 Αὐτὸς
622 1319 714 1376 οὖν
740 1326 948 1388 ἐκεῖνος
975 1327 1004 1378 ό
1031 1324 1108 1393 τῷ
1145 1323 1339 1378 Ἰακὼϐ
1362 1324 1711 1399 χρηματίσας
1739 1324 1871 1386 θεὸς
1902 1323 2011 1377 τῶν

427 1414 678 1484 περάτων
709 1415 807 1484 τῆς
840 1415 941 1485 γῆς
975 1414 1128 1484 ἄρξει
1159 1414 1644 1485 κυριολογούμενος
1687 1414 1837 1485 παρὰ
1879 1415 2012 1467 πᾶσι

426 1506 538 1567 τοῖς
582 1503 781 1565 ἔθνεσι,
826 1505 1091 1573 δεσπότης
1118 1516 1179 1556 τε
1213 1504 1308 1556 καὶ
1343 1504 1547 1575 Κύριος
1588 1503 2006 1575 ὀνομαζόμενος.

430 1597 611 1664 "Amp
639 1596 727 1648 ἴνα
767 1596 1065 1667 ὀφθαλμοῖς
1116 1595 1507 1667 παραλάϐωσιν
1549 1597 1600 1648 oi
1642 1596 2010 1666 ἀρνησάμενοι

426 1686 957 1753 αὐτὸν,ιάναγκαίως
978 1685 1330 1757 προείρηται·
1376 1684 1475 1751 Μὴ
1517 1678 1876 1751 ἀποκτείνῃς
1901 1670 2007 1738 ἀύ-

2114 514 2217 569 eris
2239 516 2304 568 ".
2333 517 2383 571 ls
2414 517 2529 585 ipse
2560 517 2726 587 igitur
2756 520 2849 590 qui
2886 518 3030 576 Deus
3071 519 3241 576 Jacob
3266 512 3592 586 vocabatur,
3632 523 3695 577 ti-

2110 607 2279 661 nibus
2318 614 2477 686 tcrrae
2520 609 2913 674 dominabitur,
2963 612 3218 682 apudque
3254 594 3455 667 omnes
3503 621 3693 683 gentes

2116 694 2382 763 Dominus
2427 700 2790 771 princepsque
2836 702 3142 758 vocabitur.
3187 701 3342 768 Quod
3396 712 3456 757 ut
3518 705 3695 759 oculis

2116 772 2422 855 percipiant
2476 788 2512 841 ii
2564 785 2659 858 qui
2711 789 2890 859 ipsum
2950 791 3316 861 abuegarunt,
3376 778 3692 848 necessaria

2116 879 2461 945 praemissum
2513 879 2616 934 fuit
2664 878 2951 938 illud:Ne
2997 882 3207 940 occidas
3256 900 3366 946 eos,
3420 884 3697 953 nequando

2117 964 2496 1023 obliviscantur
2533 972 2713 1040 populi
2755 974 2896 1038 mei;
2929 974 3019 1028 hic
3059 989 3211 1037 vero,
3265 973 3333 1027 Et
3374 974 3536 1027 scient
3572 976 3697 1043 quia

2117 1060 2256 1116 Deus
2284 1062 2452 1118 Iacob
2485 1054 2848 1119 dominabitur
2879 1064 3067 1134 ﬁnium
3090 1077 3283 1131 terrae.
3318 1057 3699 1121 Convertentur

2116 1151 2185 1204 ad
2218 1170 2506 1222 vesperam,
2541 1164 2591 1209 et
2630 1146 2826 1224 famem
2856 1157 3126 1223 patientur
3172 1166 3230 1210 ut
3284 1159 3456 1223 canis,
3504 1167 3554 1212 et
3591 1153 3694 1212 σίνε
3775 1159 3784 1165 ”

2115 1241 2331 1294 cuibunt
2363 1243 2648 1297 civitatem.
2685 1242 2952 1299 Nimirum
2989 1244 3057 1299 ad
3100 1246 3571 1302 conﬁrmationem
3604 1259 3699 1303 οοο

2114 1346 2258 1395 rum,
2300 1349 2421 1403 qua:
2450 1349 2617 1404 supra
2660 1336 2894 1399 dixerat,
2942 1351 3252 1392 sermonem
3282 1340 3501 1409 repetit,
3546 1354 3696 1395 eam-

2115 1421 2347 1491 demque
2394 1425 2736 1493 prophetiam
2784 1427 3037 1491 resumit,
3086 1443 3151 1482 ac
3185 1429 3521 1483 vaticinatur
3575 1440 3693 1489 eos.

2113 1524 2222 1562 non
2253 1510 2321 1563 de
2359 1511 2541 1565 medio
2579 1512 2862 1566 hominum
2897 1515 3188 1579 tollendos,
3220 1530 3397 1585 neque
3443 1516 3699 1571 occiden-

2113 1595 2214 1650 dos
2237 1638 2251 1659 ,
2288 1598 2381 1652 scd
2419 1614 2760 1663 reversuros,
2793 1602 2845 1654 id
2880 1611 2966 1657 est
3016 1603 3084 1656 ad
3127 1620 3349 1659 sensum
3380 1605 3599 1660 tandem
3643 1612 3697 1661 et

2114 1701 2340 1756 vespere
2400 1688 2697 1743 redituros.
2746 1690 2814 1743 Et
2856 1691 3053 1760 famem
3105 1692 3374 1762 patientur
3417 1705 3475 1749 ut
3514 1686 3695 1760 canis;

418 1776 598 1839 τοὺς.
642 1760 877 1844 μήποτε
915 1775 1311 1830 ἐπιλάθωνται
1355 1774 1463 1827 τοῦ
1511 1773 1669 1827 λαοῦ
1716 1789 1870 1842 μου·
1918 1774 2009 1827 καὶ

2115 1776 2249 1843 sive,
2285 1778 2585 1834 secundum
2616 1782 2892 1850 Aquilam,
2924 1785 3391 1840 tumultuabuntur
3420 1796 3480 1841 ut
3514 1789 3696 1853 canis;

422 1869 652 1922 ἐνταῦθα
671 1886 685 1898 ο
717 1868 827 1920 Kal
860 1867 1212 1936 γνώσονται,
1250 1867 1339 1920 ὅτι
1378 1864 1650 1925 δεσπόζει
1677 1865 1796 1918 τῶν
1824 1864 2003 1932 περά-

2110 1874 2227 1932 aut,
2262 1869 2565 1923 secundum
2601 1870 3017 1941 Symmachum,
3044 1875 3400 1930 turbabuntur
3428 1887 3485 1931 ut
3516 1896 3694 1943 canes,

410 1976 540 2012 των
568 1958 676 2025 τῆς
704 1958 819 2028 γῆς
852 1962 885 2012 ό
918 1958 1063 2024 Θεὸς
1099 1950 1315 2011 Ἰακώϐ.
1375 1956 1879 2025 Ἐπιστρέηψουσιν
1914 1957 2002 2021 εις

2114 1964 2155 2010 ει
2200 1957 2496 2011 circuibunt
2546 1960 2840 2017 civitatem.
2884 1961 3013 2018 Haec
3050 1979 3218 2035 porro
3270 1967 3525 2035 superius
3558 1984 3697 2037 quoe

420 2050 686 2117 ἑσπέραν
717 2050 813 2103 καὶ
868 2047 1239 2118 λιμώξουσιν
1280 2048 1361 2113 ὡς
1397 2047 1587 2109 κύων,
1639 2047 1736 2099 καὶ
1776 2043 2003 2100 κυκλώ-

2114 2063 2215 2117 que
2269 2050 2786 2117 pi-aznunliabantur
2818 2072 2830 2105 :
2870 2054 2965 2106 seu
2999 2055 3071 2107 ibi
3111 2066 3300 2123 postea
3356 2072 3524 2113 causa
3566 2052 3699 2115 sub-

420 2157 603 2197 σουσι
631 2140 831 2193 πόλιν.
864 2140 957 2204 Et;
991 2139 1280 2210 βεϐαίωσιν
1306 2139 1413 2191 τῶν
1442 2138 1842 2211 προλεχθέντων
1879 2139 2002 2191 δευ-

2114 2140 2353 2210 iungitur
2402 2142 2487 2196 his
2537 2126 2756 2197 verbis:
2798 2142 2931 2198 Ecce
2961 2145 3239 2215 loquentur
3282 2149 3336 2201 in
3370 2166 3459 2203 ore
3488 2168 3605 2215 suo,
3647 2161 3698 2206 et

418 2235 566 2303 τεροῖ
595 2231 688 2284 τὸν
720 2231 900 2299 λόγον,
934 2230 1291 2284 ἐπαναλαϐὼν
1317 2231 1416 2302 τὴν
1444 2231 1615 2302 αὐτὴν
1643 2231 2001 2301 προφητείαν,

2114 2230 2313 2300 gladius
2347 2232 2401 2285 in
2428 2232 2582 2285 labiis
2606 2249 2809 2298 eorum,
2842 2244 2892 2288 et
2955 2247 3165 2305 propter
3186 2238 3433 2292 delictum
3466 2242 3575 2295 oris
3604 2259 3699 2297 εον

408 2323 667 2386 θεσπίζει
712 2323 793 2385 τέ,
829 2324 910 2376 ὅτι
961 2324 1061 2376 οὐκ
1100 2322 1564 2393 άφανισθήσονται
1612 2322 1670 2389 ἐξ
1701 2322 2005 2395 ἀνθρώπων

2114 2337 2245 2385 rum,
2283 2332 2332 2375 et
2360 2339 2653 2377 sermonem
2674 2325 2936 2380 labiorum
2973 2330 3249 2397 ipsorum;
3280 2331 3370 2385 hic
3410 2348 3541 2386 vero
3570 2342 3693 2401 post

416 2413 541 2467 οὐδὲ
569 2412 1077 2484 ἀποκτανθήσονται
1095 2454 1109 2476 ,
1145 2412 1532 2489 ἐπιστρέφουσι
1584 2413 1639 2465 δὲ
1660 2453 1674 2477 ,
1704 2412 2002 2477 τουτέστιν,

419 2504 500 2566 είς
541 2500 892 2572 συναίσθησιν
934 2502 1243 2555 ἐλεύσονται
1286 2501 1381 2570 ὀψέ
1416 2488 1549 2554 ποτε
1583 2503 1675 2554 καὶ
1724 2488 1963 2571 ἑσπέραν
1988 2516 2002 2530 ·

419 2590 760 2660 Λιμὼξουσί
809 2606 874 2643 τε
921 2591 1003 2655 ὡς
1053 2590 1244 2643 κύων·
1297 2588 1357 2658 ἦ,
1392 2588 1535 2641 κατὰ
1592 2587 1685 2641 τὸν
1741 2586 2003 2650 Ἀκύλαν,

430 2678 835 2748 Ὀχλάσουσιν
882 2679 961 2743 ὡς
1008 2679 1196 2731 κύων·
1241 2676 1299 2746 ἢ,
1340 2675 1481 2729 κατὰ
1528 2676 1619 2727 τὸν
1673 2674 2004 2744 Σύμμαχον,

415 2765 944 2836 Θορυϐηθήσονται
985 2768 1066 2832 ὡς
1104 2769 1309 2833 κύνες,
1338 2766 1436 2819 καὶ
1484 2762 2009 2832 περικυκλώσουσι

420 2857 619 2908 πόλιν.
645 2853 834 2908 Ταῦτα
863 2854 919 2906 δὲ
946 2855 1040 2907 καὶ
1071 2854 1160 2907 διὰ
1187 2854 1295 2907 τῶν
1320 2853 1629 2924 ἔμπροσθεν
1664 2848 2005 2915 ὲθεσπίξετο·

418 2946 533 2998 ἁλλ’
566 2946 684 2997 ἐκεῖ
723 2944 822 3013 μὲν
869 2945 1164 3015 ἀνεφέρετο
1193 2945 1320 3016 ἑξῆς
1349 2945 1383 3015 ἡ
1431 2944 1582 2997 αἰτία
1625 2944 1684 2997 ὲν
1715 2944 1813 3014 τῷ,
1864 2944 2010 2999 Ἰδοὺ

2109 2413 2265 2476 illud,
2297 2424 2661 2469 convertentur
2694 2415 2763 2469 ad
2806 2408 3096 2487 vesperam,
3129 2428 3180 2474 et
3205 2420 3400 2487 famem
3426 2423 3699 2489 patientur

2108 2513 2166 2556 ut
2198 2505 2366 2567 canis,
2398 2513 2447 2558 et
2486 2506 2780 2559 circuibunt
2812 2508 3099 2573 civitatem,
3135 2510 3415 2578 adjicitur,
3454 2513 3557 2580 ipsi
3584 2514 3699 2567 dis-

2106 2603 2384 2662 pergentur
2432 2593 2502 2647 ad
2552 2594 2982 2649 manducandum
3033 2612 3052 2650 :
3092 2599 3140 2650 si
3186 2614 3306 2652 vero
3352 2616 3458 2653 non
3500 2602 3699 2670 fuerint

2111 2680 2365 2748 satu’rati;
2397 2694 2446 2738 et
2472 2684 2901 2740 murmurabunt.
2926 2685 3035 2740 Pro
3063 2702 3175 2757 quo
3205 2685 3573 2760 Symmachus
3590 2692 3696 2745 hac
3791 2751 3798 2757 ν

2091 2773 2325 2829 ratione
2344 2776 2734 2845 interpretatus
2753 2787 2839 2831 est
2867 2798 2879 2831 :
2911 2776 3271 2847 Deﬂectantitr
3286 2781 3342 2834 in
3363 2780 3469 2844 die,
3504 2783 3697 2834 tumulo

2114 2872 2330 2917 tuentur
2360 2874 2416 2921 ut
2450 2881 2605 2919 canes
2648 2866 3032 2921 circumeuntes
3083 2870 3347 2921 civitatem
3372 2868 3694 2938 uagabundi,

2114 2969 2177 3007 ne
2223 2954 2468 3008 insatiati
2517 2964 2842 3023 pernoctent.
2880 2955 3124 3027 Dispersi
3175 2957 3361 3027 itaque
3406 2957 3463 3012 in
3504 2973 3697 3015 omnes

419 3033 898 3105 ἐποφθέγξονται
925 3034 1005 3101 τῷ
1042 3037 1292 3104 στόματι
1334 3034 1534 3088 αὐτῶν
1556 3023 1706 3098 ,’καί
1743 3035 2009 3104 ῥομφαία

2117 3051 2331 3114 gentes,
2379 3046 2554 3100 instar
2591 3060 2791 3100 canum
2849 3047 3227 3102 l'amelicorum
3281 3063 3461 3103 escam
3500 3052 3697 3118 quaeri-

416 3126 488 3179 ἐν
510 3126 632 3191 τοῖς
655 3128 927 3196 χείλεσιν
955 3126 1154 3182 αὐτῶν
1172 3166 1187 3193 ,
1218 3126 1317 3180 καὶ
1347 3126 1421 3179 δι’
1458 3128 1752 3195 ἁμαρτίαν
1787 3128 2008 3195 στόμα-

2114 3143 2229 3189 tant
2264 3155 2277 3190 :
2316 3152 2381 3189 ac
2430 3152 2541 3191 non
2584 3147 2802 3207 reperto
2850 3137 3163 3207 rationabili
3215 3138 3361 3200 cibo,
3409 3138 3692 3194 deﬁciunt.

418 3234 521 3283 τος
567 3217 787 3281 αὐτῶν,
836 3219 933 3272 καὶ
974 3219 1161 3288 λόγον
1198 3217 1457 3287 χειλέων
1501 3218 1731 3272 αὐτῶν
1773 3217 2007 3271 ἐνταῦθα

417 3308 475 3361 δὲ
528 3309 665 3380 μετὰ
707 3310 803 3375 τὸ,
866 3309 1380 3378 Ἔπιστρέψουσιν
1423 3312 1513 3376 είς
1559 3309 1858 3378 ἑσπέραν.
1905 3309 2004 3363 καὶ

416 3401 790 3471 λιμώξουσιν
834 3401 916 3467 ὡς
957 3404 1154 3481 κύων,
1192 3402 1292 3456 καὶ
1347 3402 1736 3457 κυκλώσουσι
1786 3404 2004 3463 πόλιν,

416 3493 779 3565 ὲπενήνεκται
800 3512 815 3526 ο
846 3494 1028 3548 Αὐτοὶ
1057 3494 1725 3562 διασκορπισθήσονται.
1749 3492 1856 3547 τοῦ
1892 3509 2007 3561 sca-

417 3582 573 3653 τεῒν·
603 3583 711 3638 ἐὰν
754 3583 823 3637 δὲ
863 3584 949 3652 μὴ
999 3585 1382 3653 χορτασθῶσι
1436 3585 1535 3639 καὶ
1577 3586 2003 3655 γογγύσουσιν.

407 3664 571 3726 -’Ᾱνθ’
600 3666 660 3726 οὗ
687 3676 715 3727 ό
754 3674 1051 3746 Σύμμαχος
1079 3676 1266 3729 τοῦτον
1293 3677 1608 3746 ἡρμήνευσε
1648 3675 1738 3729 τὸν
1767 3675 1968 3746 τρόπον
1987 3692 2000 3705 ⁸

2114 3223 2270 3290 Quod
2301 3226 2346 3277 si
2390 3224 2612 3293 quando
2652 3240 2717 3279 ex
2760 3225 2906 3279 nuda
2934 3225 3243 3280 divinarum
3286 3226 3697 3296 Scripturarum

2113 3315 2347 3369 lectione
2377 3315 2558 3369 cibum
2590 3314 2845 3384 capiant;
2873 3322 3111 3370 attamen
3145 3329 3323 3385 neque
3352 3308 3576 3368 ﬁrmum
3604 3332 3700 3370 ne-

2114 3420 2221 3476 que
2242 3405 2516 3459 viviﬁcum
2542 3420 2739 3475 panem
2763 3405 3141 3476 degustantcs,
3174 3405 3415 3461 insatiati
3439 3415 3695 3461 manent:

2114 3512 2224 3551 non
2280 3497 2511 3551 salurati
2571 3512 2745 3561 vero,
2790 3496 3182 3562 murmurant,
3235 3494 3696 3567 quemadmodum

2111 3588 2241 3642 olim
2297 3587 2629 3655 indescrto
2662 3592 3129 3665 .murmurarunt.
3176 3585 3315 3640 Nam
3364 3585 3421 3641 id
3460 3586 3597 3657 ipsis
3640 3586 3721 3641 in'

2109 3692 2261 3731 more
2294 3677 2412 3731 fuit.
2445 3675 2628 3743 Quare
2655 3677 2736 3733 sic
2759 3693 2861 3734 nos
2886 3678 3184 3748 Apostolus
3218 3678 3516 3750 alloquitur
3542 3698 3555 3735 τ
3584 3678 3700 3734 Ne-

431 3766 999 3835 Ἁνακαμπτέτωσαν
1034 3769 1123 3833 εὶς
1167 3766 1417 3835 ἡμέραν,
1456 3767 1895 3833 θορυϐείτωσαν
1923 3766 2004 3830 ὡς

2114 3783 2203 3836 que
2235 3768 2714 3829 murmuraveritis,
2748 3768 2885 3821 sicut
2917 3768 3139 3839 quidam
3167 3785 3350 3837 eorum
3394 3786 3700 3825 murmura—

417 3857 601 3923 κύνες
620 3897 634 3921 ,
663 3862 1109 3933 περιερχόμενοι
1143 3858 1324 3911 πόλιν
1351 3848 1705 3926 ῥεμϐόμενοι
1724 3896 1740 3920 ,
1783 3857 1883 3909 ἵνα
1909 3855 1997 3924 μὴ

2114 3864 2308 3919 verunt,
2339 3864 2401 3935 et!
2419 3872 2453 3909 a
2487 3855 2811 3925 serpentibus
2841 3860 3109 3926 perierunt
3128 3859 3219 3922 ⁸⁹.,

416 3949 777 4020 ἀχόρταστοι
839 3950 1199 4005 αὑλισθῶσι.
1268 3949 1796 4020 Διασκορπισθέντες
1833 3947 1965 4017 γοῦν
1992 3950 2073 4012 εἰς
2112 3948 2290 4001 πάντα
2325 3949 2392 4002 τὰ
2440 3937 2583 4019 ἔθνη
2612 3938 2772 4021 δίκην
2824 3951 3003 4005 κυνῶν
3052 3952 3431 4022 λιμωττόντων
3474 3954 3700 4025 ζητοῦσι

416 4039 511 4094 τοῦ
567 4042 762 4110 φαγεῖν
786 4057 801 4071 ο
864 4041 938 4111 μὴ
986 4040 1332 4112 εὑρίσκοντες
1385 4041 1441 4094 δὲ
1492 4041 1698 4113 τροφὴν
1741 4041 2002 4113 λογικὴν,
2062 4039 2428 4094 ἐκλείπουσιν.
2471 4043 2535 4095 Εἰ
2580 4041 2636 4094 δὲ
2684 4041 2778 4095 καί
2816 4057 2948 4095 ποτε
3004 4042 3115 4095 άπὸ
3153 4044 3314 4115 ψιλῆς
3357 4045 3467 4098 τῶν
3539 4046 3700 4100 θείων

419 4136 651 4208 Γραφῶν
704 4134 1064 4205 ἀναγνώσεως
1116 4134 1475 4206 μεταλάϐοιεν
1557 4136 1800 4209 τροφῆς,
1869 4137 2060 4209 ὅμως,
2122 4134 2334 4198 οὐδενὸς
2391 4135 2620 4208 στερῤοὖ
2695 4135 3202 4206 μεταλαμϐάνοντες
3254 4136 3378 4190 οὔτε
3432 4138 3698 4202 ζωοποιοῦ

418 4223 584 4294 ἄρτοι)
632 4224 1061 4297 ἀπογευόμενοι,
1116 4227 1444 4297 άχόρταστοι
1512 4226 1865 4298 διαμένουσι·
1932 4227 2009 4298 μὴ
2049 4225 2443 4298 χορταζόμενοι
2495 4227 2582 4292 δὲ,
2620 4225 3157 4299 καταγογγύζουσιν,
3204 4226 3394 4297 ὥσπερ
3432 4225 3526 4281 οὖν
3567 4246 3699 4283 κατ-

421 4320 727 4388 εγόγγυσάν
761 4338 891 4374 ποτε
961 4321 1053 4375 ἐπὶ
1087 4322 1187 4392 τῆς
1216 4323 1448 4393 ἐρήμου.
1478 4322 1648 4375 Τοῦτο
1687 4322 1796 4393 γὰρ
1827 4323 2010 4387 αὐτοῖς
2048 4325 2221 4376 ποιεῖν
2251 4321 2501 4393 σύνηθες.
2528 4321 2620 4374 Διὸ
2647 4320 2783 4393 πρὸς
2848 4322 2994 4392 ἡμᾶς
3026 4338 3189 4391 φησιν
3230 4322 3258 4373 ὁ
3338 4321 3655 4384 ’Λπόστολος
3681 4351 3694 4363 -

419 4410 590 4477 Μηδὲ
620 4408 977 4480 γογγύζητε,
1000 4412 1197 4478 καθὼς
1228 4411 1390 4477 τινὲς
1418 4410 1617 4466 αὐτῶν
1642 4406 2006 4483 ἐγόγγὺσαν,
2047 4414 2144 4466 καί
2178 4411 2492 4466 ἀπώλοντο
2530 4409 2650 4465 ὑπὸ
2678 4408 2798 4463 τῶν
2825 4409 3041 4480 ὄφεων.

504 4502 654 4572 Ἐγὼ
683 4492 767 4557 δὲ’
787 4503 1010 4574 ᾄσομαι
1043 4505 1159 4573 τὴν
1198 4505 1458 4575 δύναμίν
1486 4521 1633 4568 σου,
1684 4504 1786 4559 καὶ
1828 4505 2009 4575 ἀγαλ-

2189 4502 2355 4559 Vsas.
2406 4503 2494 4566 17,
2547 4501 2634 4557 18.
2677 4502 2790 4573 Ego
2842 4514 3019 4559 autem
3065 4503 3289 4558 cantabo
3332 4503 3699 4573 fortitudinem

421 4594 707 4664 λιὰσομαι
752 4595 834 4660 τῷ
875 4595 1023 4663 πρωὶ
1060 4595 1124 4649 τὸ
1169 4596 1342 4662 ἔλεός
1388 4611 1538 4650 σου’
1589 4595 1678 4649 ὅτι
1723 4594 2012 4665 ἐγενήθης

420 4685 802 4755 ἁντιλήπτωρ
847 4704 969 4755 μου
1011 4685 1110 4739 καὶ
1164 4686 1480 4757 καταφυγή
1525 4704 1646 4756 μου
1680 4687 1776 4741 ἐν
1820 4685 2012 4756 ἡμέρᾳ

422 4777 686 4846 θλίψεως
711 4796 845 4844 μου.
892 4778 1121 4845 Βοηθός
1167 4795 1306 4847 μου,
1339 4778 1436 4832 σοί
1486 4776 1664 4847 ψαλῶ
1689 4818 1704 4839 ,
1748 4778 1838 4831 ὅτι
1867 4778 2012 4844 Θεὸς

422 4869 807 4938 ἀντιλήπτωρ
850 4888 972 4940 μου
1017 4866 1090 4935 εἷ,
1126 4873 1158 4924 ό
1195 4872 1338 4935 Θεός
1372 4888 1493 4939 μου
1532 4870 1600 4925 τὸ
1647 4869 1816 4937 ἔλεός
1869 4888 2006 4939 μου.

424 4961 613 5018 Ταῦτα
644 4962 743 5032 μὲν
774 4958 866 5018 οὖν
894 4964 943 5017 οἱ
974 4962 1383 5025 ¹ἐπαναστάντες
1421 4980 1512 5032 μοι
1548 4963 1828 5016 πείσονται
1849 4976 1862 4989 ’
1901 4960 2013 5029 ἐγὼ

423 5050 479 5107 ὁὶ
512 5053 610 5125 τὴν
638 5052 867 5125 δύναμίν
909 5070 1003 5107 σου
1032 5053 1125 5107 τοῦ
1165 5052 1301 5124 ἐμοῦ
1346 5053 1559 5127 Πατρὸς
1593 5053 1816 5125 ᾄσομαι.
1847 5052 2016 5120 Λέγε-

424 5161 516 5198 ται
547 5145 604 5198 δὲ
635 5144 811 5217 ταῦτα
840 5146 906 5199 ὲκ
954 5145 1248 5217 προσώπου
1288 5143 1380 5198 τοῦ
1408 5145 1662 5217 Σωτῆρος
1694 5142 2015 5217 προφητικῷ

434 5236 702 5306 πνεύματι
723 5276 738 5299 ,
787 5235 865 5300 ὡς
922 5237 1016 5291 καὶ
1077 5239 1137 5290 ὲν
1180 5235 1389 5308 ἑτέροις
1438 5235 1657 5304 ἐλέγετο
1703 5235 1763 5303 ὲξ
1811 5234 1975 5290 αὐτοῦ
1998 5251 2011 5265 ο

440 5324 777 5395 Ἀπαγγελῶ
804 5326 871 5381 τὸ
911 5325 1102 5395 ὄνομά
1128 5342 1248 5397 σου
1286 5325 1411 5393 τοῖς
1452 5325 1745 5395 ἀδελφοῖς,
1765 5342 1910 5395 μου,
1949 5327 2019 5381 ἐν

426 5415 595 5485 μέσῳ
626 5418 993 5485 Ἐκκλησίας
1022 5416 1274 5485 ὑμνήσω
1306 5432 1400 5472 σε.
1439 5417 1548 5472 Καὶ
1575 5415 2017 5487 ἀγαλλιάσομαι

431 5508 520 5574 δὲ,
548 5510 712 5579 φησὶ,
746 5508 825 5576 τῷ
856 5509 1002 5577 πρωὶ
1034 5508 1097 5562 τὸ
1132 5509 1305 5576 ἔλεός
1323 5526 1441 5564 σου
1462 5527 1475 5541 ο
1508 5510 1647 5581 ὅπερ
1668 5509 1698 5560 ὁ
1720 5506 2017 5579 Σύμμαχος

2119 4605 2289 4658 luant,
2318 4603 2367 4649 et
2405 4592 2681 4649 exsultabo
2725 4611 2879 4649 mane
2916 4595 3334 4650 misericordiam
3368 4603 3534 4659 tuam,
3572 4596 3699 4665 quia

2117 4686 2292 4755 factus
2335 4700 2389 4738 es
2426 4692 2699 4753 susceptor
2730 4700 2899 4747 meus,
2933 4694 2983 4738 et
3013 4684 3272 4759 refugium
3306 4699 3479 4737 meum
3526 4684 3583 4737 in
3614 4683 3700 4739 die

2118 4776 2478 4831 tribulationis
2515 4792 2662 4830 mete.
2694 4775 2939 4844 Adjutor‘
2968 4792 3114 4828 meus
3145 4773 3241 4827 tibi
3280 4773 3535 4842 psallam,
3574 4776 3700 4846 quia

2119 4867 2258 4927 Deus
2302 4876 2572 4937 susceptor
2624 4884 2768 4921 meus
2815 4884 2893 4934 es,
2950 4866 3093 4921 Deus
3136 4882 3280 4919 meus
3331 4866 3700 4921 misericordia

2118 4976 2252 5013 mea.
2276 4957 2403 5013 Haec
2424 4959 2609 5029 itaque
2630 4959 2907 5028 patientur
2931 4958 3024 5028 qui
3051 4957 3472 5013 insurrexerunt
3502 4958 3556 5035 in
3592 4973 3698 5013 me.

2126 5049 2236 5120 Ego
2266 5064 2396 5106 vero
2425 5055 2573 5103 tuam
2605 5047 2786 5104 Patris
2820 5049 2926 5103 mei
2965 5047 3403 5105 misericordiam
3441 5048 3697 5103 cantabo.

2122 5140 2255 5207 Qua:
2301 5140 2622 5211 prophetico
2655 5140 2854 5210 spiritu
2898 5155 2964 5195 ex
2998 5154 3232 5211 persona
3276 5139 3580 5194 Salvatoris
3620 5138 3705 5191 di-

2124 5239 2366 5297 cuntur;
2393 5239 2454 5286 ut
2493 5239 2549 5286 et
2575 5231 2703 5287 alibi
2727 5247 2794 5289 ex
2826 5229 3071 5303 ejusdem
3104 5245 3339 5300 persona
3372 5230 3696 5284 diecbatur:

2137 5322 2379 5378 Varrabo
2414 5339 2601 5377 nomen
2626 5332 2774 5376 tuum
2807 5321 3066 5387 fratribus
3110 5322 3263 5384 meis,
3308 5322 3364 5393 in
3397 5320 3565 5373 medio
3596 5316 3700 5371 Ec-

2122 5415 2295 5470 clesia:
2319 5411 2547 5467 laudabo
2589 5415 2718 5467 te".
2762 5411 2827 5465 Et
2850 5411 3151 5477 exsultabo,
3187 5411 3387 5481 inquit,
3420 5426 3571 5463 mane
3600 5410 3700 5463 mi-

2118 5504 2470 5560 sericordiam
2505 5513 2651 5558 tuam
2675 5519 2696 5559 :
2734 5503 2880 5574 quod
2910 5504 2988 5558 ita
3023 5501 3390 5575 Symmachus
3431 5502 3698 5575 interpre-

503 5689 548 5724 ⁸⁸
586 5688 717 5745 Gen.
756 5704 941 5754 nm,
972 5689 1060 5746 28.
1138 5692 1181 5722 θ’
1224 5689 1241 5742 l
1273 5689 1401 5745 Cor.
1440 5705 1495 5755 ι,
1538 5687 1620 5745 l0.
1698 5687 1744 5721 ⁹⁰
1780 5684 1930 5764 Psal.
1965 5697 2094 5751 XXI,
2127 5680 2215 5737 ΞΣ.
