4090 6366
422 351 524 409 551

1138 336 1410 397 cuseeu
1447 307 1927 392 cannensis
1959 321 2114 382 ore.
2155 318 2336 378 rans
2373 317 2462 372 ιιι.
2487 348 2556 358 -
2597 310 3008 370 meum.

3605 303 3712 361 552

429 477 578 524 tatus
607 475 711 531 est,
742 476 790 520 et
819 462 1092 517 celebrabo
1121 461 1359 514 diluculo
1388 454 1807 512 misericordiam
1841 460 2010 504 tuam.

2144 444 2465 516 ιρμήνευσε·
2525 439 2634 492 Καὶ
2679 434 2932 504 ὑμνήσω
2969 430 3096 485 κατ’
3147 423 3363 496 ὄρθρον
3415 423 3483 479 τὸ
3537 423 3714 490 ἔλεός

429 560 528 616 His
558 571 723 628 porro
762 555 972 609 cultum
1018 554 1075 605 in
1123 550 1369 606 Ecclesia
1413 549 1558 618 ejus,
1605 544 1888 601 Dominica
1921 542 2010 596 die

427 665 528 721 per
559 654 737 701 totum
787 645 976 699 orbem
1010 643 1257 697 diluculo
1291 640 1563 695 celebrari
1604 639 1850 698 solitum,
1885 647 2013 702 pro-

429 739 646 808 pbetice
675 735 902 789 indicat.
936 732 1072 786 Nam
1107 746 1231 784 cum
1266 731 1490 792 dicitur,
1523 731 1577 781 in
1621 726 1792 780 medio
1826 723 2012 776 Eccle-

433 828 530 880 siw
554 824 788 878 laudabo
827 832 894 885 te,
925 823 1080 876 locus
1107 819 1450 891 signiﬁcatur
1483 819 1538 872 in
1569 831 1678 886 quo
1709 831 1767 870 se
1799 813 2013 867 Patrem

441 914 849 969 celebraturum
873 911 1128 966 Christus
1156 909 1550 980 pollicebatur;
1575 907 1660 961 bis
1687 913 1868 959 autem
1897 917 2018 956 ver-

437 997 548 1068 bis,
576 1013 626 1058 et
663 1003 934 1058 celebrabo
961 1002 1200 1055 diluculo
1230 991 1651 1054 misericordiam
1682 1006 1850 1057 tuam,
1874 997 2019 1048 lem-

439 1111 546 1165 pus
601 1095 912 1149 declaratur
953 1110 1063 1163 quo
1110 1101 1393 1162 paternam
1443 1088 1878 1144 misericordiam
1925 1099 2021 1153 per

437 1199 632 1239 omnes
661 1194 852 1253 gentes
902 1184 1130 1240 eﬂ'usam
1177 1181 1502 1251 Unigenitus
1535 1181 1656 1249 ejus
1709 1193 1806 1247 per
1849 1190 2022 1246 popu-

439 1277 554 1331 lum
587 1292 770 1339 suum,
803 1277 871 1330 de
905 1277 996 1330 illa
1030 1275 1276 1345 gaudens
1302 1273 1717 1340 exsultansque,
1755 1268 2018 1322 celebrat.

441 1365 509 1420 Et
543 1361 680 1432 huic,
713 1367 913 1436 inquit,
945 1367 1128 1421 omnia
1162 1366 1390 1420 reddam
1428 1364 1528 1417 tibi
1557 1382 1570 1416 :
1595 1363 1720 1432 quia
1758 1361 1932 1428 factus
1969 1373 2023 1409 es

443 1465 716 1524 susceptor
739 1472 882 1508 meus
913 1464 962 1508 et
994 1456 1257 1525 refugium
1296 1469 1470 1506 meum
1512 1453 1565 1504 in
1615 1450 1701 1502 die
1723 1447 2026 1501 tribulatio-

445 1549 529 1600 nis
561 1562 709 1600 mea.
745 1544 845 1599 His
872 1545 1072 1614 quippe
1093 1543 1354 1598 omnibus
1377 1557 1406 1594 a
1436 1540 1598 1594 Patre
1624 1537 1910 1593 beneﬁciis
1937 1550 2028 1589 or-

444 1645 628 1696 natus,
658 1635 780 1702 jure
811 1634 1098 1689 celebrabo
1139 1629 1576 1685 misericordiam
1610 1636 1781 1692 tuam,
1819 1639 2030 1697 egoque

446 1725 566 1793 ipse
613 1724 708 1778 tibi
763 1723 1016 1792 psallam,
1066 1723 1191 1791 quia
1225 1722 1398 1783 factus
1449 1737 1504 1772 es
1545 1729 1816 1784 susceptor
1860 1731 2027 1776 meus,

2117 515 2259 589 σου.
2292 531 2558 603 Σημαίνει
2587 528 2646 581 δὲ
2677 526 2767 579 διὰ
2813 524 3004 578 τούτου
3053 518 3411 590 προφητικῶς
3450 515 3551 588 τὴν
3589 517 3713 569 κατ’

2119 624 2312 695 ὄρθρον
2329 622 2422 675 καὶ
2443 618 2562 673 καθ’
2584 618 2819 684 ἑκάστην
2841 613 3055 684 πρωίαν
3065 610 3165 680 τῆς
3181 607 3553 675 άναστασίμου
3575 603 3715 674 ἡμέ-

2123 692 2232 788 ρας.
2254 712 2374 766 καθ’
2407 711 2534 780 ὅλης
2549 709 2648 779 τῆς
2680 703 3003 775 οἰκουμένης
3034 703 3092 754 ὲν
3117 703 3183 771 τῇ
3215 696 3512 765 Ἐκκλησία
3551 692 3715 746 αὑτοῦ

2125 784 2548 872 συντελουμένην
2573 798 2845 870 λατρείαν.
2862 789 2950 847 Ἐν
2976 793 3073 863 μὲν
3099 791 3210 861 γὰρ
3236 788 3312 858 τῷ
3332 784 3604 854 λέγεσθαι,
3620 784 3720 836 Ἐν

2119 897 2290 968 μέσῳ
2341 892 2701 959 Ἐκκλησίας
2746 884 2999 956 ὑμνήσω
3039 899 3145 946 σε,
3181 882 3210 932 ό
3255 880 3418 941 τόπος
3465 874 3720 946 ἐδηλοῦτο

2126 965 2250 1041 καθ’
2279 986 2339 1039 6v
2360 985 2623 1055 ὑμνήσείν
2645 978 2738 1033 τὸν
2769 975 2986 1046 Πατέρα
3013 975 3041 1026 6
3059 969 3296 1042 Χριστὸς
3319 965 3713 1041 ἐπηγγέλλετο·

2128 1080 2185 1131 ὲν
2210 1076 2267 1129 δὲ
2305 1073 2404 1144 τῷ,
2434 1073 2542 1126 Καὶ
2571 1069 2828 1139 ὑμνήσω
2869 1066 2996 1118 κατ’
3025 1057 3240 1131 ὄρθρον
3264 1059 3332 1112 τὸ
3372 1058 3545 1122 ἔλεός
3576 1073 3718 1119 σου,

2130 1171 2158 1222 6
2181 1167 2371 1238 χρόνος
2398 1163 2749 1234 παρίσταται,
2771 1162 2826 1211 ἐν
2851 1151 2895 1224 ᾧ
2921 1157 2982 1209 τὸ
3008 1154 3153 1216 έλεος
3180 1153 3242 1206 τὺ
3268 1149 3531 1220 πατρικὸν
3557 1148 3616 1201 τὸ
3640 1149 3721 1212 είς

2133 1247 2308 1313 πάντα
2331 1253 2491 1327 χυθὲν
2517 1253 2587 1305 τὰ
2616 1251 2743 1320 ἔθνη
2764 1253 2792 1303 6
2812 1247 3124 1316 Μονογενὴς
3158 1241 3323 1296 αὐτοῦ
3351 1241 3439 1296 διὰ
3466 1239 3556 1292 τοῦ
3589 1240 3720 1292 ἰδίου

2131 1347 2262 1401 λαοῦ
2289 1325 2450 1416 ὑμνεῖ
2474 1341 2677 1414 χαίρων
2710 1339 2804 1390 καὶ
2836 1333 3242 1404 ἀγαλλιώμενος
3272 1331 3364 1384 ἐπὶ
3393 1331 3586 1399 τούτῳ.
3611 1325 3723 1381 Καὶ

2133 1438 2308 1492 ταῦτα
2346 1437 2403 1489 δὲ
2436 1435 2614 1488 πάντα
2647 1428 2911 1485 ἀποδώσω
2941 1445 3045 1491 σοι,
3082 1425 3276 1494 φησίν·
3310 1423 3401 1476 ὅτι
3433 1419 3724 1491 ἐγενήθης

2134 1525 2514 1590 ἀντιλήπτωρ
2533 1539 2652 1591 μου
2682 1519 2782 1572 καί
2813 1513 3126 1584 καταφυγή
3145 1531 3266 1583 μου
3289 1513 3360 1564 ἐν
3386 1509 3573 1578 ἡμέρᾳ
3600 1509 3728 1562 θλί-

2135 1616 2297 1686 ψεώς
2319 1632 2457 1685 μου.
2496 1611 2713 1665 Τούτων
2741 1608 2850 1677 γὰρ
2889 1606 3144 1659 ἁπάντων
3179 1602 3330 1671 παρὰ
3371 1599 3466 1653 τοῦ
3513 1591 3728 1668 Πατρὸς

2136 1707 2336 1778 τυχὼν,
2373 1705 2598 1765 είκότως
2639 1701 2760 1753 κατ’
2795 1698 2992 1769 ὄρθρον
3033 1695 3263 1765 ὑμνήσω
3299 1692 3390 1744 τὸν
3423 1690 3572 1742 ἐλεόν
3609 1706 3726 1753 σου,

446 1808 590 1868 Deus
643 1829 786 1866 meus
840 1821 889 1864 et
939 1809 1304 1864 misericordia
1361 1824 1496 1860 mea.
1550 1806 1629 1859 Ex
1674 1805 2030 1859 inferioribus

2144 1797 2225 1851 Ral
2259 1811 2341 1849 σοι
2390 1793 2548 1864 ψαλῶ
2581 1789 2744 1853 αὐτὸς
2791 1787 2932 1856 ἐγώ·
2981 1786 3069 1839 ὅτι
3114 1782 3368 1854 τέτιονάς
3409 1799 3528 1849 μου
3565 1781 3729 1833 (ira-

445 1905 645 1974 quippe
671 1917 833 1956 nemo
871 1903 1151 1971 porrigere
1191 1901 1324 1955 milii
1367 1909 1590 1952 manum
1632 1904 1847 1967 poterat
1882 1914 1894 1948 :
1935 1893 2030 1950 sed

454 2006 513 2048 ιιι
544 1993 697 2046 solus
731 1990 914 2055 Pater,
951 1992 1046 2062 qui
1079 2005 1246 2061 supra
1287 2005 1375 2044 me
1417 2005 1500 2044 es.
1530 1988 1712 2053 Quare
1736 2003 1823 2041 me
1845 1986 1948 2041 abs
1977 1995 2034 2040 te

447 2082 683 2153 pendere
707 2081 902 2144 fateor,
929 2080 1188 2133 virtutem
1221 2077 1458 2131 cantabo
1482 2085 1654 2140 tuam,
1677 2087 1837 2146 teque
1864 2089 2032 2129 unum

449 2165 819 2246 susceptorem
854 2185 920 2223 ac
950 2169 1228 2238 refugium
1258 2169 1392 2221 mihi
1417 2168 1714 2222 ascribam.
1748 2165 1841 2220 liae
1863 2181 2036 2236 porro

451 2256 759 2318 Salvatoris
790 2271 956 2311 voces
999 2255 1230 2318 fuerint,
1261 2255 1422 2325 queis
1466 2255 1726 2324 pietatem
1750 2270 1881 2325 erga
1932 2253 2037 2306 Pa-

450 2365 595 2413 trem
621 2371 784 2412 suum
813 2368 1006 2409 omnes
1033 2351 1283 2407 edoceat.

452 2593 506 2657 l.
539 2603 592 2656 ε.
625 2591 695 2653 IN
735 2595 965 2659 FINEM,
1007 2593 1144 2647 eno
1183 2582 1273 2645 llS
1307 2578 1426 2655 QUI
1457 2573 2036 2659 mnuTA_B_U_I_v_1Up_,

524 2652 874 2726 liv‘m‘uu
932 2652 1475 2718 insonuerion
1534 2652 2038 2726 lPSlDAYlDJN

525 2722 956 2797 nummum,
998 2731 1143 2786 CUM
1191 2727 1588 2785 succnnmr
1630 2722 2039 2797 ussing“-

521 2791 693 2863 idin
737 2791 966 2860 svum:
1017 2802 1106 2856 ET
1151 2797 1411 2854 svnmn
1462 2795 1706 2857 SOBAL,
1748 2791 1835 2846 ET
1865 2791 2042 2863 con-

527 2861 803 2932 VERSUS
841 2873 1012 2934 JOAB
1070 2863 1458 2923 PERCUSSIT
1520 2863 1798 2918 V’ALLEM
1857 2861 2038 2915 SAL!-

523 2945 770 3002 NARUM
813 2939 1171 3000 DUODECIM
1201 2937 1435 2992 MILLIA
1465 2935 1602 2988 LIX.

526 3078 702 3132 Vens.
731 3075 850 3130 5-6.
913 3093 931 3124 ι
977 3072 1118 3127 Deus
1141 3110 1156 3135 ,
1200 3069 1450 3140 repulisli
1481 3084 1581 3122 nos
1613 3073 1668 3121 et
1715 3061 2040 3120 destruxisti

457 3185 580 3235 nos,
613 3169 784 3222 iratus
832 3181 913 3228 es,
959 3172 1013 3219 et
1041 3163 1299 3218 misertus
1330 3175 1392 3215 es
1418 3159 1597 3212 nobis.
1633 3177 1652 3209 ι
1690 3155 1792 3210 llic
1825 3168 2043 3225 quoque

459 3281 642 3321 sermo
692 3264 747 3316 in
780 3262 927 3315 tituli
957 3259 1370 3328 inscriptionem
1419 3265 1538 3321 est,
1567 3266 1690 3322 quae
1723 3260 1904 3304 tamen
1938 3259 2045 3299 non

459 3354 652 3412 eodem
681 3368 792 3423 quo
819 3352 1032 3422 priores
1077 3361 1324 3418 tempore
1362 3344 1713 3416 pronuntiata
1763 3340 1884 3393 fuit.
1943 3335 2049 3389 Illa:

459 3441 663 3518 quippe
691 3444 988 3516 superstite
1027 3439 1191 3495 Saulc
1213 3481 1226 3505 ,
1258 3436 1494 3492 necdum
1528 3440 1792 3503 regnante
1821 3427 2045 3487 Davide,

460 3541 694 3611 prolata:~
716 3543 866 3593 sunt.
903 3534 1087 3594 Prima
1117 3531 1352 3610 scilicet,
1391 3546 1410 3579 ‹
1442 3542 1568 3581 cum
1595 3527 1895 3578 tenuerunt
1923 3535 2048 3573 eum

463 3607 736 3700 ullophyli
765 3629 824 3681 in
855 3625 994 3680 Geth
1043 3623 1120 3688 ";
1158 3643 1175 3675 ι
1213 3607 1453 3676 secunda
1476 3658 1491 3681 ,
1547 3635 1566 3667 ε
1599 3629 1724 3671 cum
1777 3611 1991 3681 fugeret
2019 3626 2050 3661 a

467 3722 606 3775 facie
654 3719 836 3772 Saulis
884 3717 940 3769 in
985 3715 1304 3784 speluncam
1335 3712 1418 3775 ";
1457 3728 1475 3760 ι
1506 3714 1822 3778 postrema,
1876 3721 1896 3752 ‹
1927 3717 2048 3754 cum

466 3810 616 3865 misit
643 3807 774 3875 Saul
811 3814 865 3861 et
891 3805 1190 3859 custodivit
1221 3801 1442 3856 domum
1489 3799 1610 3868 ejus
1634 3835 1649 3860 ,
1688 3803 1746 3849 ut
1779 3791 2052 3847 interﬁce-

465 3907 550 3954 ret
575 3915 701 3954 eum
732 3897 798 3952 ’³,
837 3915 856 3948 ι
889 3894 1041 3949 Hanc
1071 3900 1253 3947 autem
1286 3899 1409 3961 post
1435 3888 1615 3944 Saulis
1637 3886 1847 3941 obitum
1867 3925 1881 3948 ,
1925 3897 2049 3935 cum

459 3987 573 4057 jam
604 4001 830 4057 regnum
859 3990 1108 4046 teneret,
1149 3978 1453 4050 exactoqt'ie
1478 3979 1590 4049 jam
1623 3975 1776 4047 regni
1808 3981 2053 4042 tempore

465 4081 604 4135 bene
633 4079 823 4141 multo,
841 4077 1068 4131 numine
1096 4073 1309 4128 amatus
1334 4071 1503 4126 David
1529 4070 1721 4125 edidit.
1749 4065 1906 4133 Quod
1937 4065 2053 4134 ipse

463 4171 659 4226 titulus
696 4170 899 4225 indicat
921 4169 1006 4223 his
1029 4167 1248 4223 verbis:
1285 4185 1302 4217 ι
1336 4165 1472 4220 Cum
1491 4160 1775 4217 succendit
1805 4159 2045 4226 Mesopo-

463 4262 686 4315 tamiam
720 4259 921 4331 Syriae,
957 4269 1011 4313 et
1041 4258 1258 4330 Syriam
1292 4255 1479 4317 Sobal,
1501 4262 1556 4308 et
1584 4268 1884 4307 conversus
1917 4249 2054 4304 Joab

466 4351 742 4420 percussit
770 4350 965 4402 vallem
993 4347 1306 4402 Salinarum
1347 4345 1636 4400 duodecim
1674 4342 1864 4397 millia.
1901 4361 1919 4393 ι
1961 4338 2051 4393 lli-

466 4441 696 4496 storiam
727 4445 907 4491 autem
932 4439 1178 4493 invenies
1203 4437 1257 4491 in
1291 4435 1539 4492 secundo
1575 4435 1714 4487 libro
1742 4431 2049 4502 Regnorum
2087 4453 2127 4508 ι)

467 4530 551 4586 sic
596 4529 930 4597 descriptum
976 4547 990 4582 :
1050 4545 1069 4578 ι
1108 4527 1174 4580 Et
1218 4528 1494 4597 percussit
1519 4524 1690 4578 David
1719 4522 1961 4576 Adrazar
1990 4519 2050 4574 ﬁ-

468 4620 600 4674 lium
644 4615 779 4673 Jaab
830 4632 1012 4687 regem
1062 4616 1207 4671 Soba
1227 4657 1242 4682 ,
1274 4631 1399 4670 cum
1431 4615 1711 4686 profectus
1740 4620 1826 4668 est
1854 4623 1913 4666 ut
1944 4626 2053 4665 ma-

468 4724 600 4763 num
632 4708 935 4778 imponeret
968 4708 1033 4760 ad
1060 4705 1282 4760 ﬂuvium
1304 4704 1658 4775 Euphratem,
1689 4711 1742 4758 et
1771 4702 2052 4774 praeripuit

473 4799 550 4853 illi
583 4797 749 4851 David
777 4798 922 4853 mille
947 4812 1168 4858 currus,
1221 4805 1275 4850 et
1312 4804 1519 4866 septem
1555 4795 1722 4848 millia
1759 4808 2048 4864 equorum,

470 4893 528 4943 et
557 4887 750 4958 viginti
774 4888 942 4941 millia
967 4888 1230 4956 peditum.
1268 4885 1328 4938 Et
1353 4885 1634 4940 enervavit
1663 4883 1830 4939 David
1861 4899 2051 4938 omnes

473 4993 694 5040 currus,
749 4989 802 5031 et
849 4978 1111 5032 reservati
1148 4985 1276 5032 sunt
1304 4977 1352 5031 ei
1396 4993 1462 5032 ex
1497 4976 1632 5046 ipsis
1665 4988 1884 5031 centum
1934 4989 2054 5028 cur-

472 5084 592 5125 rus.
629 5067 792 5123 Venit
817 5083 1033 5138 quoque
1051 5068 1205 5139 Syria
1237 5067 1486 5123 Damasci
1520 5069 1575 5121 in
1605 5068 1868 5121 auxilium
1887 5065 2056 5120 Adra-

474 5170 570 5215 zar
604 5160 714 5230 regi
744 5157 910 5212 Soba.
947 5156 1012 5211 Et
1046 5160 1318 5228 percussit
1345 5156 1484 5230 Syro
1517 5159 1710 5229 viginti
1741 5157 1851 5211 duo
1885 5151 2052 5210 millia

474 5251 739 5306 virorum.
792 5247 859 5302 Et
900 5251 1082 5318 posuit
1113 5248 1279 5302 David
1334 5249 1729 5320 praesidium‘in
1759 5247 1916 5317 Syria
1952 5245 2055 5300 Da-

477 5342 666 5396 masci.
703 5340 768 5394 Et
803 5341 980 5409 factus
1010 5351 1093 5395 est
1121 5339 1292 5412 Syrus
1321 5341 1373 5394 in
1403 5355 1622 5396 servum
1658 5338 1848 5392 Davidi
1878 5338 2057 5394 ferens

479 5429 696 5482 tributa.
741 5430 1096 5500 Servavitque
1127 5431 1394 5486 Dominus
1423 5430 1592 5484 David
1624 5431 1676 5482 in
1708 5431 1964 5484 omnibus
1991 5431 2054 5484 ad

480 5523 813 5590 qua‘ruuquc
843 5522 1120 5591 profectus
1149 5531 1232 5578 est
1253 5524 1315 5575 “.
1361 5543 1379 5574 ›
1426 5521 1538 5576 Sub
1573 5522 1685 5576 haec
1713 5530 1894 5576 autem
1927 5537 2052 5592 pau-

2135 1885 2407 1952 λ-ήπτωρ,
2438 1882 2540 1935 καὶ
2575 1881 2722 1944 Θεός
2744 1895 2862 1947 μου
2890 1875 2989 1928 καὶ
3016 1874 3187 1938 ἔλεός
3208 1889 3346 1940 μου.
3389 1869 3574 1930 Οὐδεὶς
3621 1867 3731 1938 γὰρ

2137 1978 2244 2030 τῶν
2288 1973 2710 2043 ὑπσδεϐηκότων
2743 1965 2854 2030 οἷός
2899 1985 2958 2020 τε
2984 1961 3054 2037 ἦν
3090 1966 3216 2036 ἐμοὶ
3255 1964 3471 2034 ὀρέγειν
3500 1963 3659 2030 χεῖρα
3693 1960 3728 2028 ἢ

2138 2060 2202 2120 σὺ
2242 2065 2401 2136 μόνος
2428 2067 2456 2117 6
2477 2061 2618 2131 ὑπὲρ
2657 2060 2723 2130 μὲ
2752 2059 2965 2128 Πατήρ.
2996 2056 3088 2108 Διὸ
3128 2054 3222 2107 καί
3255 2071 3347 2106 σου
3391 2049 3730 2121 ἀνηρτῆσθαι

2137 2155 2409 2227 ὁμολογῶ,
2443 2154 2538 2206 καὶ
2560 2151 2659 2222 τὴν
2689 2148 2920 2218 δύναμίν
2966 2163 3058 2198 σου
3101 2145 3328 2216 ᾄσομαι,
3358 2141 3731 2211 άντιλήπτορα

2139 2248 2233 2300 καὶ
2280 2244 2600 2312 καταφυγὴν
2650 2237 2888 2312 ἐμαυτοῦ
2943 2237 3004 2290 σὲ
3061 2236 3220 2306 μόνον
3271 2233 3729 2304 ἐπιγραφόμενος.

2138 2333 2262 2390 Εἶεν
2285 2337 2328 2389 δ’
2367 2335 2433 2390 ἂν
2465 2329 2625 2388 αὗται
2656 2334 2710 2385 al
2749 2331 2925 2401 φωναὶ
2955 2327 3052 2382 τοῦ
3077 2327 3348 2397 Σωτῆρος,
3390 2326 3735 2385 διδάσκοντος

2137 2429 2264 2490 τοὺς
2299 2425 2507 2491 πάντας
2530 2423 2776 2475 εὐσεϐεῖν
2803 2421 2884 2484 είς
2912 2417 3004 2472 τὸν
3038 2415 3206 2472 αὐτοῦ
3241 2415 3481 2484 Πατέρα.

2139 2572 2250 2637 ΕΙΣ
2282 2575 2369 2636 το
2398 2571 2640 2641 τΕΑοΣ,
2685 2577 2840 2633 τοιΣ
2873 2567 3736 2641 ΑΛΛοιοθιιΣοΜΕικιοιΣ--ξιξ

2213 2637 2761 2711 ΣτιιΑυΓΡΑψιΑΝ,
2828 2647 2924 2699 Ta
2982 2645 3182 2698 ΔΑΥΙΑ
3237 2642 3344 2711 El}:
3379 2637 3734 2711 magna.

2215 2705 2441 2776 auore
2499 2705 2891 2774 ΕΝΕιιΥΡιΣΕ
2970 2715 3113 2767 THN
3186 2705 3740 2776 maxuminva

2213 2792 2479 2852 ΣΥΡΙΑΣ,
2502 2792 2622 2843 κΑι
2659 2788 2801 2839 THN
2828 2785 3083 2852 ΣΥΡιΑΝ
3110 2778 3498 2852 summissi
3519 2775 3738 2852 anns}:

2214 2845 2635 2913 TPE‘P’E'IQAB
2687 2858 2806 2910 KAI
2864 2849 3178 2907 ΕΠΑΤΑΞΕ
3234 2849 3378 2902 ΤιιΝ
3427 2845 3740 2898 suum

2212 2927 2348 2982 ΤΩΝ
2382 2930 2562 2982 ΛΛΩΝ
2594 2927 2856 2979 ΔΩΔΕΚΑ
2893 2921 3213 2976 ΧΙΛΙΑΔΑΣ
3247 2919 3374 2972 Νθ’.
3423 2929 3426 2932 ’

2224 3083 2242 3115 ι
2265 3065 2320 3116 '0
2337 3063 2490 3125 Θεὸς,
2505 3060 2711 3115 ἀπώσω
2733 3051 2878 3129 ἡμᾶς
2895 3057 2989 3110 καὶ
3016 3053 3262 3116 καθεῖλες
3281 3053 3445 3124 ἡμᾶς,
3464 3041 3742 3120 ὠργίσθης

2147 3156 2239 3209 καὶ
2254 3155 2596 3225 ᾠκτείρησας
2613 3151 2780 3222 ἡμᾶς.
2796 3169 2812 3199 ι
2836 3149 2931 3210 Εἰς
2947 3145 3348 3216 στηλογραφίαν
3373 3141 3474 3212 μέν
3504 3140 3619 3190 ἐστι
3647 3135 3742 3187 καὶ

2146 3249 2176 3299 6
2207 3246 2397 3316 παρὼν
2423 3241 2676 3310 λόγος,οὺ
2713 3240 2820 3310 μὴν
2839 3237 2982 3292 κατὰ
3013 3238 3138 3299 τοὺς
3163 3233 3359 3294 αὐτοὺς
3374 3232 3588 3302 εἴρηται
3617 3227 3720 3298 χρό

2147 3354 2272 3400 νους
2305 3337 2425 3397 ταῖς
2456 3317 2562 3403 πρὸ
2613 3331 2802 3401 αὐτῆς.
2850 3330 3088 3382 Ἐκεῖναι
3132 3325 3229 3395 μὲν
3267 3324 3374 3392 γὰρ
3425 3320 3504 3372 ἐτι
3541 3317 3743 3381 ζῶντος

2149 3424 2324 3478 Σαοὺλ
2354 3423 2448 3476 καὶ
2482 3421 2588 3492 πρὸ
2619 3417 2712 3473 τοῦ
2742 3416 3059 3488 βασιλεῦσαι
3091 3415 3183 3467 τὸν
3207 3406 3369 3464 Δαυῒδ
3401 3407 3699 3479 ἐλέχθησαν
3724 3421 3740 3435 ·

2128 3521 2183 3588 ,ἡ
2219 3518 2314 3588 μὲν
2343 3513 2557 3585 πρώτη,
2593 3532 2610 3563 ι
2643 3503 2806 3563 ὁπότε
2841 3509 3153 3580 ἐκράτησαν
3176 3500 3337 3558 αὐτὸν
3353 3505 3402 3556 οί
3429 3492 3743 3568 Ἂλλόφυλοι

2151 3611 2208 3660 ὲν
2234 3606 2334 3660 Γέθ
2360 3623 2374 3636 ·
2417 3624 2435 3657 ι
2475 3605 2514 3674 ἡ
2542 3602 2599 3655 δὲ
2631 3600 2884 3672 δευτέρα,
2915 3618 2932 3649 ε
2974 3601 3030 3652 ὲν
3059 3597 3137 3668 τῷ
3170 3594 3586 3666 ἀποδιδράσκειν
3637 3588 3745 3642 ἀπὸ

2153 3697 2446 3770 προσώπου
2481 3694 2652 3748 Σαοὺλ
2679 3695 2759 3756 εἰς
2784 3693 2847 3744 τὸ
2872 3692 3136 3762 σπήλαιον
3168 3705 3181 3720 °
3226 3707 3245 3739 ι
3283 3691 3318 3758 ἡ
3346 3686 3402 3738 δὲ
3437 3683 3741 3746 τελευταία,

2125 3852 2130 3856 ,
2158 3806 2176 3838 ι
2209 3788 2298 3839 ὅτε
2326 3783 2614 3838 ἀπέστειλε
2649 3783 2820 3835 Σαοὺλ
2853 3784 2947 3836 καὶ
2975 3781 3205 3849 ἐφύλαξε
3240 3780 3332 3832 τὸν
3365 3774 3513 3831 οἶκον
3551 3773 3740 3834 αὐτοῦ,

2153 3879 2245 3932 τοῦ
2271 3876 2580 3931 θανατῶσαι
2611 3873 2791 3927 αὐτόν.
2829 3893 2847 3924 ι
2879 3873 2990 3944 Τὴν
3021 3873 3076 3926 δὲ
3109 3871 3247 3941 μετὰ
3277 3872 3466 3940 χεῖρας
3494 3864 3633 3937 μετὰ
3652 3864 3742 3916 τὸν

2156 3970 2384 4024 Θάνατον
2413 3967 2607 4030 Σαοὺλ,
2635 3965 2734 4037 τὴν
2756 3964 2931 4035 ἀρχὴν
2959 3965 3061 4036 ἤδη
3085 3965 3183 4034 τῆς
3209 3957 3487 4032 βασιλείας
3517 3958 3742 4032 διέπων,

2157 4063 2322 4116 πολύν
2349 4080 2408 4115 τε
2430 4063 2487 4114 ὲν
2520 4061 2658 4129 αὑτῇ
2683 4059 2875 4129 χρόνον
2895 4057 3292 4126 διαγενόμενος,
3321 4055 3349 4106 ὁ
3379 4051 3542 4105 Δαυῒδ
3559 4049 3747 4103 θεσπί-

2156 4153 2259 4219 ζει.
2297 4153 2469 4206 Τοῦτο
2490 4153 2548 4206 δὲ
2584 4149 3006 4220 δπισημαίνεται
3032 4149 3064 4216 ἠ
3098 4143 3392 4217 προγραφὴ
3421 4143 3704 4214 φάσκουσα
3727 4157 3741 4169 ·

2160 4265 2178 4297 ε
2226 4245 2416 4299 Ὁπότε
2453 4243 2742 4313 ἐνεπύρισε
2771 4241 2870 4310 τὴν
2895 4239 3325 4309 Μεσοποταμίαν
3367 4222 3604 4306 Συρίας,
3652 4233 3746 4286 καὶ

2153 4337 2251 4408 τὴν
2304 4335 2501 4407 Συρίαν
2531 4334 2709 4397 mea,
2742 4334 2836 4386 καὶ
2868 4331 3201 4403 ἐπέστρεψεν
3253 4326 3447 4388 Ἰωὰ6,
3483 4327 3577 4378 καὶ
3609 4322 3748 4376 tua-

2155 4428 2281 4492 ταξε
2330 4429 2430 4499 τὴν
2475 4428 2735 4499 φάραγγα
2788 4425 2898 4477 τῶν
2944 4423 3112 4475 Ἀλῶν
3155 4419 3363 4474 δώδεκα
3413 4415 3674 4487 χιλιάδας.
3721 4433 3741 4466 ι

2158 4513 2353 4591 Εὖροις
2392 4519 2435 4570 δ’
2473 4518 2539 4572 ἂν
2583 4516 2680 4588 τὴν
2715 4515 2957 4586 ἱστορίαν
2987 4517 3044 4567 ὲν
3079 4515 3144 4583 τῇ
3178 4509 3406 4580 δευτέρᾳ
3437 4503 3544 4562 τῶν
3580 4505 3748 4559 Βασι-

2156 4609 2337 4673 λειῶν,
2392 4611 2450 4662 ὲν
2548 4607 2890 4680 γέγραπται’
2935 4623 2953 4656 ι
3005 4601 3114 4656 Καὶ
3156 4599 3395 4665 ἐπάταξε
3438 4594 3602 4650 Δαυῒδ
3656 4593 3747 4647 τὸν

2172 4700 2439 4772 ’Δδραζὰρ
2487 4701 2600 4754 υἱὸν
2659 4698 2807 4753 Ἰαὰϐ
2847 4697 3067 4768 βασιλέα
3118 4693 3280 4748 Σωδᾶ
3306 4733 3321 4757 ,
3363 4687 3747 4761 πορευομένου

2158 4791 2322 4845 αὐτοῦ
2367 4792 2660 4861 ἐπιστῆσαι
2693 4792 2793 4861 τὴν
2842 4793 3000 4861 χεῖρα
3033 4787 3200 4842 αὑτοῦ
3233 4787 3327 4840 ἐπὶ
3369 4784 3462 4837 τὸν
3505 4780 3747 4851 ποταμὸν

2163 4883 2475 4955 Εὐφράτην.
2506 4884 2617 4936 Καὶ
2634 4881 3070 4952 προκατελάϐετο
3094 4875 3256 4932 Δαιηδ
3279 4877 3387 4930 τῶν
3413 4872 3580 4929 αὑτοῦ
3601 4871 3747 4942 χίλια

2160 4973 2404 5045 ἅρματα,
2434 4973 2528 5026 καὶ
2559 4972 2700 5026 ἑπτὰ
2726 4972 2968 5044 χιλιάδας
3001 4971 3233 5032 ἱππέων,
3260 4967 3556 5022 καὶςείκοσι
3583 4961 3750 5034 χιλιά-

2159 5066 2255 5132 δας
2299 5065 2506 5136 άνδρῶν
2555 5065 2757 5130 πεζῶν,
2786 5066 2898 5118 Καὶ
2931 5063 3205 5134 παρέλυσε
3252 5058 3434 5114 Δαυῒδ
3470 5057 3647 5122 πάντα
3678 5051 3747 5104 τὰ

2161 5158 2402 5229 ἅρματα,
2433 5157 2524 5210 καὶ
2560 5157 2882 5210 ὑπελείπετο
2918 5153 3068 5226 αὐτῷ
3101 5153 3167 5220 ,ἐξ
3210 5151 3390 5207 αὐτῶν
3426 5147 3620 5202 ἑκατὸν
3650 5144 3749 5215 ἃρ-

2166 5249 2486 5320 ματανΚαὶ
2535 5246 3110 5319 παραγίνεται-Συρία
3147 5239 3438 5313 Δαμασκοῦ
3483 5235 3747 5310 βοηθῆσαι

2163 5342 2240 5413 τῷ
2274 5341 2545 5414 Ἀδραζὰρ
2581 5340 2788 5410 βασιλεῖ
2819 5338 2996 5392 Σωϐᾶ.
3048 5338 3159 5390 Καὶ
3185 5333 3423 5399 ἐπάταξε
3466 5329 3562 5400 τῷι
3589 5327 3748 5398 Συρῳ

2165 5433 2336 5485 εἴκοσι
2358 5432 2452 5484 δύο
2476 5431 2718 5501 χιλιάδας
2746 5429 2978 5500 ἀνδρῶν,
3016 5429 3126 5482 Καὶ
3173 5425 3326 5478 ἔθετο
3370 5421 3533 5475 Δαυῒδ
3577 5432 3748 5486 φρου-

2170 5524 2269 5594 ράν
2298 5527 2360 5578 ἐν
2389 5523 2559 5594 Συρίᾳ
2579 5525 2646 5592 τῇ
2678 5522 2818 5575 κατὰ
2853 5521 3162 5592 Δαμασκόν.
3202 5519 3312 5573 Καὶ
3343 5514 3561 5585 ἐγένετο
3599 5513 3629 5565 6
3655 5508 3729 5564 Σύ

551 5700 595 5733 ⁸⁸
635 5699 782 5759 Psal.
815 5719 904 5769 tv,
945 5707 993 5760 l.
1073 5713 1117 5744 η
1155 5709 1300 5765 Psal.
1336 5723 1458 5774 LVI,
1499 5709 1549 5760 l.
1627 5711 1673 5742 ⁸³
1715 5708 1860 5764 Psal.
1894 5725 2060 5772 LVIII,
2097 5711 2146 5764 l.
2223 5709 2270 5742 “
2302 5709 2352 5764 ll
2385 5706 2520 5771 Rea.
2552 5722 2688 5768 vul.
2723 5706 2838 5761 5-6.
