4090 6370
411 403 519 460 555

411 609 617 681 Κύριος
658 609 750 663 τὸν
776 608 940 663 Δαυῒδ
970 610 1028 663 ὲν
1056 612 1220 663 πᾶσιν
1242 606 1324 673 οἷς
1352 610 1663 682 ἐπορεύετο.
1714 630 1732 662 ι
1767 610 1988 676 Τούτοις

409 701 538 773 ἑξῆς
593 701 734 773 μετὰ
790 702 998 774 βραχέα
1055 702 1400 772 ὲπιλέγεται·
1450 722 1470 754 ι
1511 704 1619 756 Kal
1670 703 1987 758 ἐϐασίλευσε

407 793 570 848 Δαυῖδ
616 796 707 848 ἐπὶ
747 794 1000 867 Ἰσραήλ·
1034 795 1128 849 καὶ
1153 790 1221 866 ἦν
1261 794 1426 849 Δαυῖδ
1468 795 1637 850 ποιῶν
1676 799 1849 869 κρῖμα
1893 799 1988 851 καὶ

405 885 753 959 δικαιοσύνην
804 889 896 942 ἐπὶ
934 888 1111 941 πάντα
1135 888 1227 941 τὸν
1267 887 1393 943 λαὸν
1443 888 1630 944 αὐτοῦ.
1679 890 1790 944 Kal
1828 891 1986 944 ’Ῑωὰδ

404 979 519 1042 υἱὸς
547 981 814 1052 Σαρουΐας
848 981 942 1033 ἐπὶ
987 981 1086 1050 τῆς
1118 981 1429 1054 στρατείας.
1471 1000 1489 1032 ι
1524 983 1635 1036 Kal
1680 978 1835 1046 αὖθις
1867 982 1986 1054 μεθ’

404 1071 571 1144 ἕτερα
607 1072 857 1145 εἴρηται·
906 1093 926 1124 ι
968 1074 1078 1127 Kal
1112 1073 1437 1129 ἀπέστειλαν
1479 1077 1528 1128 οί
1571 1076 1675 1129 υἱοὶ
1736 1073 1983 1147 ’Λμμὼν,

406 1166 499 1221 xal
551 1166 924 1238 ἐμισθώσαντο
967 1166 1065 1237 τὴν
1092 1168 1289 1240 Συρίαν
1332 1166 1501 1221 Ῥοὼσ
1530 1168 1624 1222 καὶ
1660 1167 1758 1240 τὴν
1787 1167 1987 1241 Συρίαν

405 1259 577 1313 mea
607 1258 781 1313 είκοσι
812 1258 1053 1330 χιλιάδας
1088 1259 1269 1324 πεζῶν
1289 1300 1303 1324 ,
1349 1260 1443 1313 καὶ
1473 1260 1565 1313 τὸν
1604 1260 1823 1332 βασιλέα
1868 1262 1988 1316 Μα-

403 1350 515 1421 χαά
540 1351 745 1422 χιλίους
774 1351 992 1423 ἄνδρας,
1025 1352 1119 1406 καὶ
1155 1352 1362 1406 uan
1398 1353 1465 1407 ιδ’
1485 1353 1727 1426 χιλιάδας
1752 1354 1981 1427 ἀνδρῶν.

404 1446 516 1500 Καὶ
540 1447 741 1517 ἢκουσε
778 1446 956 1510 Δαυτδ,
999 1448 1093 1502 καὶ
1121 1447 1407 1501 ἀπέστειλε
1435 1446 1532 1519 τὴν
1579 1447 1826 1518 δύναμιν,
1860 1450 1986 1511 τοὺς

402 1538 678 1603 δυνατούς.
699 1540 809 1594 Kal
836 1539 1059 1610 ἐξῆλθον
1088 1540 1194 1593 υἱοὶ
1227 1538 1469 1610 Ἀμμὼν,
1495 1540 1589 1593 xal
1612 1538 1986 1612 παρετάξαντο

405 1631 640 1703 πόλεμον
675 1631 826 1704 παρά
856 1633 920 1703 τῇ
952 1630 1092 1704 θύρᾳ
1119 1632 1215 1702 τῆς
1249 1631 1424 1702 πύλης
1449 1630 1649 1703 Συρίας
1685 1630 1846 1685 Σωϐᾶ
1888 1633 1984 1685 καὶ

412 1723 585 1777 Ῥοὼϐ
599 1725 693 1778 καὶ
718 1719 948 1779 Εἰστώϐ.
980 1725 1088 1777 Kal
1108 1719 1246 1777 εἶδεν
1287 1722 1466 1788 Ἰωάϐ,
1492 1724 1577 1777 ὃτι
1600 1722 1830 1794 ἐγενήθη
1846 1723 1981 1795 πρὸς

400 1818 563 1872 αὐτὸν
588 1817 999 1889 ἀντιπρόσωπον
1024 1815 1118 1869 τοῦ
1146 1815 1385 1885 πολέμου
1415 1815 1479 1868 ὲκ
1510 1813 1606 1868 τοῦ
1635 1813 1779 1868 κατά
1813 1814 1983 1886 πρόσ-

1536 404 2042 464 COMMENTARIA
2082 410 2150 466 m
2186 393 2525 465 rsauios.

413 533 507 588 ρος
539 517 616 588 τῷ
646 513 807 570 Δαυῒδ
832 518 911 580 είς
939 512 1155 580 δούλους
1181 516 1448 588 φέροντας
1479 515 1645 583 ξένια.
1682 518 1791 572 Kal
1813 518 1972 572 ἔσωσε

2088 519 2170 575 cis
2218 518 2520 589 interjectis
2557 516 2777 575 additur
2824 540 2837 576 :

3564 416 3679 472 δδι

2909 542 2927 574 ι
2967 521 3031 577 Et
3090 514 3341 596 regnavit
3395 523 3565 583 David
3620 529 3677 584 in

2092 606 2296 663 Israel:
2327 607 2560 664 faciebat
2587 624 2804 680 quoque
2830 610 2998 667 David
3024 612 3292 683 judicium
3322 623 3377 669 et
3402 616 3676 686 justitiam

2087 700 2237 754 omni
2261 701 2462 772 p0pulo
2487 719 2608 758 suo.
2636 701 2775 758 Joab
2799 713 2981 760 autem
3019 705 3167 762 ﬁlius
3197 705 3406 763 Sarviae
3434 715 3556 765 erat
3584 725 3678 765 su-

2088 807 2187 863 per
2215 798 2542 849 exercitum.
2581 815 2600 848 »
2642 796 2993 869 Rursumque
3040 808 3231 870 postea
3276 801 3522 858 dicitur:
3561 821 3580 854 α
3613 801 3678 857 Et

2084 885 2360 940 miserunt
2389 886 2482 941 lilii
2508 885 2762 954 Ammon,
2787 897 2841 943 et
2871 891 3256 947 conduxerunt
3286 893 3541 950 mercede
3575 891 3676 965 Sy-

2087 973 2223 1027 riam
2260 972 2416 1029 Roob
2444 982 2499 1030 et
2531 973 2746 1047 Syriam
2778 975 2963 1043 Sobal,
2989 979 3182 1050 viginti
3211 979 3382 1034 millia
3405 978 3676 1051 peditum,

2085 1071 2142 1119 et
2194 1074 2235 1118 a‘
2277 1080 2405 1136 rege
2445 1065 2673 1121 Machaa
2725 1068 2873 1123 mille
2898 1069 3072 1130 viros.
3123 1078 3179 1125 et
3209 1069 3358 1126 Istob
3384 1068 3672 1124 duodecim

2085 1155 2257 1210 millia
2311 1156 2576 1213 virorum.
2631 1158 2790 1224 Quod
2823 1174 2949 1214 eum
3000 1160 3245 1218 audisset
3287 1161 3479 1225 David,
3523 1162 3675 1217 misit

2086 1248 2390 1303 exercitum
2421 1258 2475 1304 et
2505 1248 2676 1305 fortes
2702 1249 2918 1323 [viros].
2950 1251 3016 1306 Et
3043 1253 3248 1324 egressi
3273 1263 3402 1310 sunt
3429 1254 3523 1308 lilii
3549 1253 3672 1307 Am-

2085 1354 2234 1405 mon,
2286 1347 2343 1394 ct
2388 1339 2709 1403 direxerunt
2743 1342 2915 1398 aciem
2951 1344 3018 1399 ad
3042 1345 3267 1414 januam
3298 1354 3469 1416 portae
3499 1343 3672 1416 Syriae

2089 1428 2233 1485 Soba
2284 1439 2339 1486 ct
2369 1430 2524 1488 Roob
2555 1440 2610 1488 et
2645 1436 2809 1492 lstob.
2881 1434 3087 1492 Videns
3127 1449 3308 1493 autem
3359 1435 3499 1494 Joab
3523 1435 3669 1508 quod

2083 1530 2232 1579 esset
2277 1523 2381 1579 sibi
2411 1525 2655 1595 praelium
2685 1542 2749 1581 ex
2783 1525 3013 1583 adverso
3042 1538 3094 1583 et
3125 1543 3154 1582 a
3183 1535 3358 1601 tergo,
3396 1529 3562 1601 elegit
3600 1543 3670 1585 ex

2084 1616 2342 1672 omnibus
2370 1617 2669 1686 juvenibus
2724 1619 2911 1684 Israel,
2946 1628 3002 1674 et
3027 1621 3290 1677 instruxit
3324 1621 3498 1678 aciem
3531 1636 3669 1677 con-

2084 1715 2168 1762 tra
2200 1709 2415 1780 Syriam
2447 1710 2623 1774 ⁹¹-⁹⁶,›
2662 1718 2717 1766 et
2744 1719 2961 1767 caetera.
2982 1712 3195 1780 Quibus
3217 1711 3415 1771 deinde
3439 1714 3670 1784 subjun-

2085 1800 2232 1870 gitur
2257 1821 2270 1856 :
2312 1819 2333 1853 ι
2363 1800 2430 1855 Et
2452 1801 2708 1858 viderunt
2742 1805 2885 1859 servi
2929 1804 3174 1859 Adrazar
3203 1806 3347 1876 quod
3377 1804 3669 1861 cecidisset

397 1928 549 1963 ωπον
571 1925 585 1939 ⁸
615 1910 710 1962 καὶ
748 1907 1000 1973 ἐπέλεξεν
1030 1909 1093 1961 ὲκ
1123 1908 1338 1961 πάντων
1383 1906 1491 1963 τῶν
1524 1906 1824 1961 νεανίσκων
1876 1907 1972 1959 Ἰσ-

2078 1905 2109 1944 a
2136 1890 2275 1946 facie
2313 1891 2481 1948 Israel
2507 1932 2524 1957 ,
2556 1901 2611 1947 et
2634 1894 3051 1964 transfugerunt
3073 1896 3138 1951 ad
3163 1897 3351 1963 Israel,
3382 1905 3438 1953 et
3467 1896 3669 1952 servie-

405 2002 559 2074 ραὴλ,
586 2002 682 2057 καὶ
710 2000 1083 2073 παρετάξαντο
1108 1998 1417 2064 ἐξεναντίας
1466 1999 1696 2072 Συρίας,
1739 2016 1758 2050 t
1794 1997 1888 2051 καὶ
1910 1997 1981 2051 τά

398 2093 610 2158 τούτοις
658 2093 803 2166 ἑξῆς.
846 2087 941 2157 Οἷς
985 2093 1113 2163 ἑξῆς
1155 2086 1581 2162 ἐπιφέρεταιολι
1617 2091 1729 2145 Kal
1757 2085 1897 2144 εἶδον
1930 2091 1979 2143 oi

394 2185 573 2240 δοῦλοι
635 2184 936 2257 Ἀδραζάρ,
971 2184 1051 2238 ὅτι
1104 2183 1360 2238 ἔπταισεν
1392 2182 1700 2256 ἔμπροσθεν
1741 2181 1978 2255 Ἰσραὴλ,

396 2279 493 2331 καὶ
525 2276 901 2349 ηὐτομόλησαν
938 2274 1077 2347 μετὰ
1122 2276 1359 2348 Ἰσραὴλ,
1394 2277 1487 2329 καὶ
1519 2274 1839 2329 ὲδούλευσαν
1880 2275 1980 2328 αύ-

395 2367 528 2435 τοῖς.
572 2391 589 2422 ι
623 2370 720 2424 Διὰ
742 2369 1006 2441 τούτωνή
1039 2368 1248 2440 ἱστορία
1291 2369 1385 2423 καὶ
1425 2368 1519 2422 τοῦ
1563 2368 1849 2441 Εὐφράτου
1886 2368 1980 2421 καὶ

395 2463 494 2533 τῆς
511 2461 701 2516 sum
737 2463 833 2516 καὶ
864 2462 963 2532 τῆς
993 2460 1194 2532 Συρίας
1226 2461 1322 2514 καὶ
1357 2458 1453 2513 τοῦ
1499 2459 1691 2525 Ἰωάδ,
1736 2459 1831 2512 καὶ
1870 2458 1979 2513 τῶν

397 2555 464 2608 ιϐ’
514 2554 767 2626 χιλιάδων
816 2554 1213 2626 ἐμνημόνευσε,
1273 2554 1368 2607 καὶ
1419 2552 1497 2614 ὡς
1549 2551 1658 2606 τῶν
1705 2551 1979 2623 πολεμίων

392 2646 651 2700 ἁπάντων
702 2644 1044 2715 περικρατὴς
1095 2643 1319 2713 γέγονεν
1366 2645 1395 2696 ό
1426 2641 1589 2696 Δαυϊδ
1607 2660 1620 2673 ·
1665 2643 1816 2707 ὅπως
1857 2660 1917 2695 τε
1949 2643 1979 2695 ὁ

392 2733 835 2808 ἀρχιστράτηγος
891 2733 1056 2787 αὐτοῦ
1118 2733 1307 2798 Ἰωάϐ,
1361 2732 1815 2804 παραταξάμενος
1866 2736 1978 2797 τοῖς

393 2824 730 2894 ἀλλοφύλοις,
763 2824 1111 2896 ὑποχειρίους
1140 2824 1340 2888 αὐτοὺς
1385 2823 1615 2894 εἰλήφει.
1658 2824 1867 2885 Αὐτοὺς
1912 2824 1978 2895 δὴ

392 2913 487 2969 οὖν
520 2915 781 2978 ἐκείνους,
810 2913 931 2967 καθ’
952 2914 1047 2978 οὒς
1071 2914 1241 2970 ταῦτα
1272 2916 1571 2986 ἐπράττετο
1590 2954 1605 2979 ,
1652 2914 1909 2987 σημαίνει
1940 2918 1973 2988 ή

395 3007 535 3079 μετά
552 3011 737 3079 χεῖρας
762 3005 1156 3078 στηλογραφία.
1185 3008 1342 3062 Κατά
1369 3009 1426 3062 δὲ
1452 3008 1543 3062 τὸν
1586 3008 1879 3081 Σύμμαχον
1908 3008 1977 3063 τὰ

390 3102 491 3172 τῆς
523 3102 849 3174 προγραφῆς
891 3101 1062 3165 οὕτως
1089 3101 1235 3172 ἔχει’
1273 3121 1292 3154 ι
1346 3102 1639 3157 Ἑπινίκιον
1687 3102 1829 3175 ὑπὲρ
1867 3102 1976 3157 τῶν

388 3190 568 3243 ἀνθῶν
593 3191 687 3244 τοῦ
709 3192 1131 3262 ταπεινόφρονος
1155 3192 1250 3245 καὶ
1297 3191 1530 3264 ἀμώμου
1562 3191 1656 3246 τοῦ
1681 3192 1864 3257 Δαυῖδ,
1893 3195 1975 3258 είς
1999 3237 2041 3294 C

386 3279 653 3353 διαδοχὴν,
681 3280 866 3338 ὁπότε.
896 3282 1187 3353 ἐμπρήσας
1221 3281 1321 3351 τὴν
1347 3282 1545 3353 Συρίαν
1574 3282 1674 3354 τῆς
1722 3284 1972 3337 Μεσοπο-

387 3376 609 3447 ταμίας,
638 3375 731 3429 καὶ
752 3373 858 3446 ,τὴν
886 3373 1085 3446 Συρίαν
1107 3374 1315 3437 meai,
1341 3374 1434 3429 καί⁵
1461 3374 1760 3448 ἀνέστρεψε
1789 3374 1966 3440 Ἰωάϐ,

388 3469 482 3521 καὶ
513 3464 749 3533 ἐπάταξε
804 3467 896 3520 τὸν
940 3465 1119 3527 Ἑδὼμ
1151 3468 1209 3521 ὲν
1254 3469 1321 3538 τῇ
1378 3467 1625 3539 φάραγγι
1668 3465 1763 3520 τοῦ
1816 3467 1968 3532 ’Δλὸς

389 3558 456 3613 ιθ
485 3558 746 3631 χιλιάδας.
786 3577 803 3609 ι
857 3557 1017 3630 Δηλοϊ
1060 3557 1118 3612 δὲ
1149 3560 1178 3612 ὁ
1209 3558 1403 3630 χρόνος
1445 3557 1695 3632 είρῆσθαι
1730 3557 1797 3612 τὰ
1831 3576 1966 3630 προ-

386 3650 635 3721 κείμενα,
673 3652 730 3705 ὲν
757 3647 836 3721 τῷ
866 3649 1193 3722 διαπρέπειν
1218 3649 1313 3703 καὶ
1326 3646 1395 3703 τὰ
1425 3649 1638 3720 μεγάλα
1666 3648 1966 3721 κατορθοῦν

388 3742 739 3814 βασιλεύοντα
769 3740 861 3795 τὸν
890 3739 1072 3805 Δαυῒδ,
1101 3739 1208 3813 πρὸ
1240 3739 1340 3811 τῆς
1380 3740 1522 3795 κατὰ
1549 3740 1648 3815 τὴν
1690 3740 1968 3811 Βηθσαϐεὲ

385 3835 647 3908 ἱστορίας,
676 3837 765 3889 ὅτε
793 3824 975 3898 καλῶς
1002 3832 1151 3904 αὐτῷ
1194 3833 1260 3888 τά
1310 3833 1613 3906 πράγματα
1655 3833 1965 3907 προύχώρει

385 3927 758 4000 εὐδοκιμοῦντι
785 3927 938 3999 παρά
968 3925 1046 3999 τῷ
1065 3925 1183 3997 Θεῷ
1212 3926 1307 3980 καὶ
1331 3925 1482 3998 παρὰ
1509 3928 1625 3991 τοῖς
1658 3928 1824 3980 πᾶσιν
1842 3942 1855 3955 ο
1888 3926 1966 3992 ὡς

386 4019 822 4092 μαρτυρεῖσθαι,
851 4020 934 4074 ὅτι
975 4016 1043 4092 ἧν
1080 4020 1246 4075 ποιῶν
1276 4022 1449 4094 κρῖμα
1495 4020 1590 4073 καὶ
1617 4017 1965 4090 δικαιοσύνην

383 4100 442 4166 ἐν
473 4111 550 4184 τῷ
587 4111 822 4184 Ἰσραήλ.
870 4111 1031 4166 Ἀλλά
1065 4111 1173 4184 γάρ
1207 4111 1356 4177 ἄξιον
1397 4112 1457 4165 ὲν
1493 4109 1703 4175 τούτοις
1752 4111 1962 4183 ἀπορῆ-

383 4221 496 4268 σαι,
529 4202 675 4269 πῶς,
726 4206 785 4258 ἐν
817 4205 1042 4278 τοιαύτῃ
1085 4206 1370 4276 τυγχάνων
1398 4204 1762 4269 καταστάσει,
1798 4205 1963 4277 ἀρχό-

385 4311 543 4366 μενος
570 4297 670 4366 τῆς
716 4295 1119 4367 στηλογραφίας
1156 4295 1387 4365 φάσκει·
1427 4312 1447 4345 ι
1493 4294 1551 4348 ’0
1575 4293 1727 4358 Θεὸς,
1754 4292 1962 4348 ἀπώσω

382 4387 529 4458 ἡμᾶς
560 4387 654 4441 καὶ
687 4386 936 4452 καθεῖλες
977 4389 1144 4461 ἡμᾶς.
1186 4407 1205 4439 ι
1249 4387 1361 4441 Kal
1406 4386 1512 4459 μὴν
1558 4386 1793 4458 τρόπαια
1837 4387 1958 4440 κατ’

381 4474 590 4547 ἐχθρῶν
641 4476 831 4549 ἀνίστη
853 4517 869 4542 ,
913 4477 1006 4531 καὶ¹
1044 4477 1201 4541 νίκας
1249 4476 1392 4531 κατὰ
1446 4476 1720 4548 πολεμίων
1755 4475 1955 4548 ᾕρητο·

2083 1994 2212 2039 runt
2245 1984 2382 2055 ipsis
2406 1986 2474 2041 ⁸⁷.
2513 2005 2532 2039 ›
2565 1984 2662 2042 His
2686 1986 2941 2047 historia,
2973 1984 3157 2052 Sobal,
3188 1986 3426 2058 Syriam,
3456 1985 3595 2043 Joab
3615 1996 3670 2041 et

2080 2075 2368 2132 duodecim
2402 2078 2574 2133 millia
2619 2088 2918 2144 memorat,
2954 2087 3253 2150 narratque
3283 2079 3540 2135 Davidem
3571 2079 3669 2133 ini-

2078 2170 2254 2225 micos
2296 2184 2489 2227 omnes
2516 2171 2856 2239 debellasse,
2906 2187 2972 2227 ac
2995 2194 2999 2207 ε
3021 2173 3215 2228 ducem
3245 2173 3519 2228 exercitus
3545 2172 3668 2242 ejus

2078 2258 2216 2315 Joab
2242 2262 2512 2318 instructa
2548 2271 2739 2318 contra
2783 2264 3087 2337 allaphylos
3118 2266 3254 2330 acie,
3301 2265 3451 2335 ipsos
3502 2266 3668 2336 capti-

2079 2367 2179 2408 vos
2209 2354 2405 2425 egisse.
2458 2355 2693 2411 Eosdem
2725 2358 2909 2429 itaque
2938 2358 3024 2413 bis
3054 2360 3275 2414 attritos
3298 2358 3547 2414 cladibus
3583 2360 3669 2413 in-

2079 2444 2229 2499 dicat
2256 2462 2500 2517 prmsens
2533 2448 2674 2503 tituli
2706 2449 3041 2521 inscriptio.,
3070 2449 3382 2506 Secundum
3414 2448 3666 2522 Symma-

2078 2538 2242 2591 chum
2293 2549 2475 2595 autem
2529 2542 2610 2596 sic
2653 2543 2847 2598 titulus
2880 2543 3085 2599 habet:
3128 2562 3148 2595 ι
3179 2542 3534 2615 Triumphale
3568 2558 3667 2614 pro

2077 2626 2304 2683 ﬂoribus
2335 2630 2560 2686 humilis
2590 2640 2645 2686 et
2670 2632 2934 2703 inculpati
2968 2633 3206 2697 Davidis,
3236 2635 3306 2689 ad
3330 2634 3664 2697 doctrinam,

2077 2733 2203 2773 cum
2240 2720 2465 2775 incensa
2498 2720 2653 2793 Syria
2686 2722 3125 2794 Mesopotamiae,
3170 2733 3225 2779 et
3274 2724 3431 2797 Syria
3475 2725 3662 2790 Sobal,

2078 2826 2333 2867 reversus
2377 2811 2515 2867 Joab
2564 2814 2840 2884 percussit
2867 2814 3035 2869 Edom
3070 2816 3123 2869 in
3161 2817 3305 2871 valle
3336 2813 3481 2872 Salis
3526 2817 3666 2871 duo-

2077 2898 2254 2955 decim
2282 2901 2474 2955 millia.
2515 2921 2534 2954 ι
2606 2902 2682 2956 Ex
2713 2905 2975 2973 temporis
3006 2919 3168 2974 porro
3203 2913 3334 2959 uota
3363 2905 3667 2976 deprebcuo

2077 2990 2228 3045 ditur
2253 2991 2369 3047 haec
2388 2992 2536 3046 dicta
2572 2992 2764 3057 fuisse,
2786 3008 2912 3048 cum
2942 2993 3108 3050 David
3140 3009 3378 3066 regnans
3404 3010 3666 3065 prospere

2077 3093 2286 3157 ageret,
2322 3100 2521 3157 resque
2559 3101 2786 3157 magnas
2821 3095 3180 3158 perpetraret,
3234 3096 3362 3144 ante
3398 3087 3665 3145 Bersabee

2079 3176 2363 3231 historiam
2382 3195 2412 3257 ;‘
2436 3192 2561 3231 cum
2596 3177 2768 3248 probe
2788 3186 2843 3232 et
2872 3194 2936 3233 ex
2974 3188 3101 3235 volo
3132 3194 3221 3234 res
3251 3179 3355 3250 ipsi
3385 3179 3664 3246 cederent,

2073 3269 2305 3340 ipseque
2348 3267 2460 3324 Deo
2485 3278 2542 3324 et
2581 3270 2843 3326 omnibus
2879 3271 3198 3341 spectabilis
3238 3279 3419 3339 esset;
3469 3273 3545 3327 ita
3579 3280 3661 3337 ut.

2072 3359 2358 3432 Scriptura
2412 3370 2573 3427 teste,
2621 3362 2824 3421 faceret
2867 3365 3135 3433 judicium
3184 3376 3240 3423 et
3279 3366 3552 3438 justitiam
3603 3368 3660 3422 in

2070 3452 2260 3510 Israel.
2320 3453 2521 3511 Verum
2569 3455 2659 3511 hic
2702 3458 3062 3528 quaestionem
3106 3474 3326 3515 movere
3370 3466 3663 3515 consenta-

2068 3562 2230 3603 neum
2260 3556 2365 3613 est,
2397 3564 2498 3604 cur
2530 3550 2585 3605 in
2612 3550 2708 3605 tali
2741 3551 3059 3608 conditione
3077 3553 3382 3616 rerum,sic
3408 3552 3550 3609 tituli
3577 3552 3662 3609 In-

2068 3639 2425 3710 scriptionem
2452 3641 2701 3697 ordiatur
2743 3659 2760 3698 :
2807 3659 2828 3694 ι
2862 3642 3024 3709 Deus,
3059 3642 3308 3715 repulisti
3351 3660 3455 3701 nos
3483 3653 3539 3701 et
3564 3644 3660 3700 de-

2067 3733 2317 3810 struxisti
2347 3747 2470 3790 nos.
2504 3752 2524 3787 ι
2561 3735 2725 3807 Atqui
2763 3744 2888 3808 post
2921 3744 3129 3809 tropaea
3154 3739 3221 3795 de
3254 3739 3514 3797 hostibus
3539 3756 3659 3798 creo

2065 3830 2177 3890 cta,
2213 3832 2267 3880 et
2301 3825 2591 3881 victoriam
2620 3826 2689 3882 de
2718 3829 2959 3886 inimicis
2993 3839 3229 3901 partam,
3275 3835 3521 3903 oportuit
3552 3833 3659 3889 hac

2065 3919 2134 3975 de
2163 3934 2225 3974 re
2254 3919 2609 3989 triumphalia
2643 3920 2859 3976 cantica
2890 3923 3159 3988 emittere,
3194 3922 3414 3996 Deoque
3445 3926 3501 3980 in
3531 3940 3652 3997 gra-

2066 4012 2266 4066 tiarum
2294 4011 2564 4068 actionem
2602 4011 2906 4068 immolare.
2937 4012 3008 4083 At
3038 4014 3127 4071 ille
3148 4015 3282 4070 nihil
3305 4024 3530 4087 praestat
3559 4016 3658 4072 hu-

2060 4103 2341 4176 jusmodi;
2378 4104 2490 4160 imo
2519 4120 2649 4161 vero
2693 4120 2782 4161 res
2817 4106 3077 4163 adversas
3124 4108 3375 4179 deplorat
3415 4109 3502 4166 his
3527 4126 3654 4167 ver-

2066 4198 2152 4253 bis
2179 4216 2192 4252 :
2236 4215 2256 4249 ι
2292 4195 2458 4263 Deus,
2479 4197 2727 4268 repulisti
2758 4214 2861 4254 nos
2890 4207 2945 4254 et
2973 4198 3294 4256 destruxisti
3326 4216 3450 4267 nos,
3478 4201 3654 4258 iratus

2062 4304 2151 4355 es,
2183 4295 2239 4345 et
2264 4289 2524 4345 misertus
2554 4305 2615 4345 es
2641 4289 2823 4346 nobis.
2863 4309 2882 4342 ι
2920 4290 3026 4346 Pro
3055 4291 3150 4348 illo
3174 4302 3381 4360 autem,
3417 4313 3437 4347 ι
3464 4301 3518 4351 et
3550 4296 3653 4350 mi-

2064 4389 2246 4440 sertus
2277 4398 2337 4439 es
2376 4382 2571 4446 nobis,
2607 4402 2628 4435 ι
2662 4381 3058 4454 Symmachus,
3093 4403 3113 4437 ι
3146 4392 3200 4441 et
3233 4384 3650 4444 circumduxisti

2063 4491 2196 4539 nos,
2228 4495 2246 4530 ι
2284 4474 2679 4546 interpretatus
2723 4483 2842 4545 est,
2894 4477 3088 4548 quinta
3133 4493 3265 4535 vero
3302 4479 3504 4545 editio,
3539 4499 3558 4533 ι
3595 4489 3652 4537 et

377 4562 495 4622 δέον
516 4563 609 4622 οὖν
639 4568 732 4622 ἐπὶ
754 4568 963 4632 τούτοις
992 4566 1133 4640 ᾠδὰς
1170 4566 1468 4633 ἐπινικίους
1501 4567 1682 4640 ᾄδειν,
1723 4565 1873 4621 θύειν
1897 4583 1958 4619 τε

2073 4567 2543 4624 circumdederunt
2571 4582 2701 4635 nos;
2743 4588 2762 4620 ι
2794 4569 2989 4640 Aquila
3014 4609 3028 4633 ,
3065 4588 3084 4622 ι
3123 4570 3301 4628 iratus
3324 4575 3647 4629 convertisti

377 4660 772 4732 εὐχαριστήρια
796 4659 874 4731 τῷ
904 4660 1041 4732 Θεῷ.
1088 4661 1146 4715 '0
1172 4661 1229 4715 δὲ
1255 4660 1460 4716 τούτων
1493 4660 1591 4732 μὲν
1621 4658 1771 4712 οὐδὲν
1795 4658 1963 4731 πράτ-

376 4768 483 4819 τει,
524 4755 784 4808 τάναντία
831 4755 887 4808 δὲ
929 4752 1330 4826 ἀπολοφύρεται
1379 4752 1581 4823 λέγων·
1634 4771 1653 4804 ι
1703 4752 1762 4805 '0
1791 4751 1920 4816 Θεὸς
1942 4792 1958 4818 ,

378 4843 585 4898 ἀπώσω
615 4846 762 4916 ἡμᾶς
793 4845 887 4898 καὶ
910 4843 1158 4908 καθεῖλες
1179 4843 1346 4915 ἡμᾶς,
1370 4841 1646 4915 ώργίσθης
1665 4881 1679 4907 ,
1721 4841 1816 4895 καὶ
1844 4840 1957 4912 ᾠκ-

377 4920 638 5009 τείρησας
670 4938 835 5009 ἡμᾶς.
896 4956 915 4988 ι
959 4937 1103 4991 Ἀντὶ
1133 4935 1191 4989 δὲ
1236 4934 1328 4989 τοῦ
1354 4974 1370 4999 ,
1429 4951 1450 4985 ι
1484 4934 1579 4988 καὶ
1614 4933 1955 5007 ᾠκτείρησας

376 5032 578 5102 viris»
613 5050 630 5081 ι
657 5031 748 5085 καὶ
780 5030 1117 5103 περιήγαγες
1135 5029 1303 5100 ἡμᾶς,
1337 5046 1356 5081 ι
1388 5029 1418 5081 ὁ
1448 5027 1745 5101 Σύμμαχος
1771 5027 1954 5099 ἡρμή-

379 5139 568 5176 νευσεν
591 5139 603 5151 ·
639 5125 670 5194 η
693 5121 751 5174 δὲ
779 5122 1001 5192 πέμπτη
1026 5120 1235 5185 ἔκδοσις
1259 5160 1274 5184 ,
1316 5138 1335 5171 ι
1387 5119 1482 5173 καὶ
1501 5117 1954 5190 περιεκύκλωσαν

381 5217 528 5288 ἡμᾶς
546 5233 560 5246 ·
587 5236 607 5269 ι
629 5217 660 5270 ὁ
678 5215 735 5269 δὲ
757 5214 1006 5281 Ἀκύλας,
1033 5232 1052 5267 ι
1081 5213 1351 5286 θυμωθεὶς
1373 5210 1746 5284 μετέστρεψας
1764 5213 1915 5284 ἡμῖν.
1932 5228 1951 5262 ι

378 5305 512 5364 Εἶτα
538 5307 779 5376 ἐπιλέγει
827 5306 979 5379 ἑξῆς
1013 5326 1033 5359 ι
1070 5305 1317 5375 Ἔδειξας
1341 5303 1420 5375 τῷ
1448 5303 1561 5377 λαῷ
1596 5320 1691 5358 σου
1722 5301 1952 5375 σκληρά·

377 5400 633 5464 ὲπότισας
676 5401 823 5472 ἡμᾶς
859 5394 999 5454 οἶνον
1020 5396 1383 5464 κατανύξεως.
1416 5415 1436 5449 ι
1470 5393 1656 5450 Ταῦτα
1697 5394 1755 5449 δὲ
1786 5396 1955 5450 ἀκατ-

380 5490 582 5563 άλληλα
605 5493 699 5546 καὶ
723 5491 1037 5563 ἀνάρμοστα
1057 5487 1205 5555 δόξαι
1230 5489 1298 5543 ἂν
1326 5483 1469 5543 εῖναι
1506 5486 1620 5552 τοῖς
1643 5487 1703 5540 ὲν
1730 5489 1798 5559 τῇ
1821 5502 1954 5560 προ-

378 5589 563 5658 γραφῇ
589 5584 953 5657 δηλουμένοις.
998 5582 1157 5637 ’Λλλά
1177 5581 1287 5655 γὰρ
1305 5581 1407 5636 οὐκ
1431 5580 1689 5644 ἀσκόπως
1710 5578 1950 5652 ἠγοῦμαι

378 5677 477 5749 τὴν
504 5678 829 5751 προγραφὴν
866 5680 945 5744 εἰς
978 5677 1038 5732 τὸ
1072 5677 1225 5740 τέλος
1267 5677 1414 5749 ἡμᾶς
1452 5673 1832 5745 ἀναπέμπειν,
1856 5675 1951 5728 καὶ

445 5883 567 5925 ηδε
603 5881 647 5940 ιι
678 5882 812 5955 Reg.
843 5897 910 5947 ι,
940 5881 1061 5955 6--9,ί
1136 5882 1179 5915 ⁸⁷
1219 5880 1355 5937 ibid.
1390 5870 1477 5940 I9.

691 5976 961 6038 PATROL.
993 5978 1108 6038 Gn.
1148 5977 1391 6040 XXIII.

2068 4659 2249 4714 nobis.
2281 4679 2301 4711 ι
2340 4656 2539 4714 Subdit
2569 4667 2694 4730 post
2718 4659 2837 4716 haec
2866 4678 2879 4715 :
2928 4680 2948 4712 ι
2989 4660 3294 4719 Ostendisti
3327 4665 3532 4736 populo
3553 4676 3650 4721 tuo

2066 4750 2204 4829 dura
2243 4769 2258 4807 :
2294 4751 2498 4821 potasti
2528 4765 2629 4807 nos
2655 4751 2784 4805 vino
2807 4756 3303 4824 compunctionisa
3338 4755 3462 4812 Hzec
3483 4773 3649 4828 porro

2064 4843 2239 4900 videri
2274 4845 2491 4916 possint
2516 4846 2842 4903 inconcinne
2873 4847 3041 4912 dicta,
3062 4863 3162 4905 nec
3191 4865 3494 4922 congruere
3521 4868 3644 4908 cum

2065 4935 2135 4992 iis
2168 4950 2292 5007 quae
2319 4936 2374 4992 in
2399 4936 2561 4991 titulo
2589 4946 2869 4999 notantur.
2907 4940 3012 4995 Sed
3039 4941 3255 4996 ‘zestimo
3286 4943 3500 4998 titulum
3534 4959 3645 5000 non

2064 5029 2183 5085 sine
2211 5029 2416 5099 praevio
2444 5043 2612 5098 scopo
2644 5045 2749 5086 nos
2775 5030 2843 5086 ad
2880 5031 3041 5086 ﬁnem
3073 5031 3378 5098 remittere,
3398 5046 3497 5089 nec
3525 5035 3643 5091 sine

2061 5135 2267 5189 causa,
2313 5140 2332 5173 ι
2366 5136 2466 5191 pro
2498 5121 2567 5176 iis
2594 5122 2687 5192 qui
2733 5122 3166 5179 immutabuntur
3189 5165 3203 5192 ,
3240 5142 3261 5175 ι
3314 5125 3640 5196 inscriptum

2062 5229 2207 5278 esse,
2259 5220 2424 5284 atque
2452 5229 2736 5270 sermones
2758 5214 2897 5271 istos
2929 5215 3071 5271 tituli
3101 5215 3517 5288 inscriptionem
3544 5234 3639 5272 vo-

2062 5314 2218 5361 catos
2249 5304 2438 5365 fuisse.
2466 5303 2603 5360 Nam
2637 5322 2657 5356 ι
2681 5305 2737 5360 in
2766 5304 2924 5361 linem
2945 5324 2966 5358 ι
3002 5306 3227 5372 dicitur,
3256 5309 3385 5379 quia
3407 5322 3494 5373 ea.
3519 5324 3641 5379 qua:

2061 5396 2117 5452 in
2142 5397 2404 5452 vaticinio
2429 5395 2703 5460 feruntur,
2741 5396 2798 5452 in
2823 5400 3292 5456 consummatione
3310 5400 3637 5457 saeculorum

2061 5489 2333 5561 implenda
2383 5496 2531 5547 sunt.
2600 5487 2926 5547 Necessario
2969 5490 3218 5558 additur,
3260 5513 3280 5546 ι
3318 5507 3418 5565 pro
3445 5494 3514 5550 iis
3541 5494 3636 5566 qui

2058 5584 2518 5647 immutabuntur,
2550 5604 2569 5638 ι
2606 5593 2828 5656 propter
2853 5585 3293 5644 immutationem
3323 5587 3473 5645 illius
3494 5596 3635 5646 tem-

2057 5674 2210 5746 poris
2253 5673 2418 5732 rebus
2458 5672 2841 5745 inferendamr
2870 5674 3151 5749 Siquidem
3189 5694 3315 5734 cum
3348 5679 3463 5736 huc
3485 5678 3634 5738 dice-

3244 5975 3318 6036 18
