4090 6390
436 365 543 422 535
1143 363 1408 425 EUSEBII
1450 366 1929 424 CAESZRIENSIS
1967 367 2116 425 OPP.
2149 368 2348 427 PARS.
2393 367 3003 428 Ill.—EXEGETICA.
3611 378 3718 442 556

435 494 646 549 rentur,
691 485 995 558 allophylos
1022 489 1275 544 vincebat
1321 489 1510 550 lsrael,
1547 489 1894 558 inimicisque
1920 503 2011 542 su-
2041 532 2050 548 ε

2123 507 2140 540 ι
2176 492 2287 553 τοῖς
2313 489 2832 561 ἀλλοιωθησομένοις
2863 511 2881 543 ι
2911 491 3262 563 ἐπιγράφειν,
3283 489 3378 545 καὶ
3408 493 3714 566 στηλογραο

438 581 616 652 perior
642 587 787 635 erat.
839 579 946 635 Sed
988 581 1231 636 futurum
1277 592 1494 652 tempus
1528 590 1668 645 erat,
1699 597 1808 650 quo
1843 589 2022 634 muta-

2130 581 2258 650 φίαν
2273 581 2396 645 τοῦς
2416 581 2604 649 λόγους
2622 582 2932 635 ἀποκαλεῖν.
2946 601 2962 633 ι
2989 583 3081 645 Εἰς
3106 603 3123 634 ι
3149 581 3247 652 μὲν
3267 585 3373 656 γὰρ
3395 603 3413 633 ι
3431 583 3491 637 τὸ
3502 585 3711 652 τέλος,)

437 673 640 726 tionem
667 689 848 728 rerum
884 675 1115 733 subiret.
1159 675 1507 745 inimicisque
1553 675 1810 729 subditus
1854 683 2019 729 esset.

2126 672 2214 726 διὰ
2235 673 2294 726 τὺ
2327 674 2419 726 ἐπὶ
2448 674 2728 746 συντελείᾳ
2751 674 2858 726 τῶν
2891 672 3105 727 αἰώνων
3135 673 3349 744 μέλλειν
3373 673 3711 747 πληροῦσθαι

439 767 622 833 Quare
661 767 753 820 sic
806 767 970 822 habet
1024 770 1216 825 titulus
1251 788 1263 824 :
1305 789 1324 822 ι
1360 771 1416 824 ln
1469 770 1652 832 finem,
1688 785 1786 839 pro
1821 770 1888 823 iis
1928 770 2020 838 qui

2124 767 2191 818 τὰ
2238 766 2718 838 προφητευόμενα,
2773 767 3017 838 εἴρηται·
3062 766 3385 837 πρόσκειται
3413 768 3507 832 δέ,
3542 787 3559 818 ι
3597 771 3711 832 τοῖς

438 859 906 927 immutabuntur;
940 879 957 910 ι
986 858 1345 930 Symmachus
1375 878 1526 927 vero,
1547 881 1566 912 ι
1587 877 1687 931 pro
1709 861 1964 926 ﬂoribus;
1997 881 2014 914 ι

2121 856 2672 929 ἁλλοιωθησομένοις,
2717 878 2734 908 ι
2775 859 3087 927 ἀναγκαίως
3131 858 3218 912 διὰ
3259 860 3356 930 τὴν
3409 860 3709 930 μέλλουσαν

437 949 653 1020 Aquila,
684 971 708 1001 τι
749 966 913 1020 super
947 951 1078 1006 lilia.
1123 970 1142 1002 ι
1178 950 1331 1005 Sicut
1361 952 1508 1006 enim
1553 953 1670 1005 lilia
1720 952 1833 1022 agri
1869 963 1922 1007 et
1947 952 2024 1007 fe-

2120 949 2470 1021 διαλήψεσθαι
2522 951 2804 1005 ἀλλοίωσιν
2868 949 2964 1021 τὴν
3023 951 3357 1004 κατάστασιν
3416 953 3524 1004 τῶν
3580 952 3706 1005 τότε

437 1058 590 1102 num,
625 1043 691 1095 ad
720 1042 882 1097 breve
911 1043 1130 1113 quidem
1164 1051 1379 1113 tempus
1402 1045 1649 1114 speciosa
1679 1059 1803 1099 esse
1833 1044 2021 1098 viden-

2122 1043 2477 1113 πραγμάτων.
2528 1041 2656 1097 ’Ὀτε
2711 1044 2808 1114 μὲν
2851 1043 2960 1116 γὰρ
3006 1044 3156 1098 ταῦτ’
3181 1044 3424 1112 ἐλέγετο,
3480 1045 3707 1114 ἐκράτει

436 1144 548 1198 tnr,
576 1136 668 1191 sed
699 1143 920 1206 repente
970 1137 1334 1191 immutantur
1361 1147 1414 1193 et
1445 1146 1903 1208 corrumpuntur;
1938 1139 2018 1194 sic

2120 1136 2226 1189 τῶν
2256 1135 2565 1205 ἀλλοφύλων
2595 1139 2623 1189 6
2663 1135 2900 1207 Ἰσραὴλ,
2934 1138 3026 1190 καὶ
3063 1137 3170 1189 τῶν
3196 1137 3469 1208 πολεμίων
3511 1137 3702 1208 κρείτ-

436 1244 524 1283 res
559 1229 740 1298 populi
772 1237 903 1283 tunc
936 1227 1220 1292 florentes,
1275 1230 1425 1284 brevi
1460 1231 1809 1285 immutanda:
1837 1240 2014 1285 erant.

2117 1244 2226 1280 των
2253 1225 2564 1298 ἐτύγχανεν.
2602 1227 2833 1298 Ἔμελλε
2864 1229 2919 1281 δέ
2951 1229 3058 1300 ἄρα
3089 1229 3266 1300 καιρῷ
3287 1247 3389 1282 τινι
3414 1230 3702 1286 ἀλλοίωσιν

435 1318 617 1384 Quare
647 1321 700 1373 in
729 1320 978 1373 doctrina
1032 1335 1129 1376 sua
1161 1321 1420 1375 Servatur
1454 1321 1569 1376 ait:
1606 1340 1624 1372 ι
1663 1321 2017 1377 Considerate

2118 1318 2427 1389 ὑπομένειν,
2457 1319 2552 1372 καὶ
2573 1316 2678 1372 ὑπὸ
2704 1309 2815 1383 τοῖς
2843 1321 3057 1393 ἐχθροῖς
3089 1321 3352 1392 γίνεσθαι.
3395 1322 3488 1374 Διό
3531 1337 3701 1394 φησιν

433 1409 548 1463 lilia
601 1409 716 1480 agri
740 1410 821 1473 '3;
858 1428 876 1460 ι
916 1425 979 1464 ac
1012 1425 1235 1464 rursum
1271 1429 1282 1464 :
1320 1430 1336 1460 ι
1371 1411 1526 1477 Quod
1573 1413 1618 1467 si
1661 1412 1845 1467 fenum
1875 1413 2013 1483 agri,

2115 1412 2147 1480 ἡ
2183 1410 2471 1480 προγραφή
2494 1425 2505 1436 ·
2543 1429 2560 1458 ι
2595 1411 2688 1473 Εἰς
2711 1410 2770 1462 τὸ
2801 1411 2950 1475 τέλος
2980 1416 3090 1476 τοῖς
3113 1413 3693 1483 ἀλλοιωθησομένοιςοι

433 1502 580 1572 quod
608 1503 768 1557 hodie
802 1511 904 1565 est,
937 1512 990 1558 et
1031 1518 1156 1557 cras
1196 1503 1250 1556 in
1277 1503 1556 1558 clibanum
1603 1505 1840 1559 mittitur
1870 1505 1949 1572 ”;
1991 1525 2008 1558 ι

2114 1505 2142 1556 6
2169 1502 2225 1555 δέ
2254 1502 2567 1572 Σύμμαχος,
2599 1522 2616 1554 ι
2662 1503 2832 1575 ’Υπὲρ
2864 1505 2971 1557 τῶν
2998 1505 3174 1559 ἀνθῶν
3194 1522 3206 1534 ·
3247 1525 3265 1556 ι
3295 1508 3322 1559 6
3351 1506 3407 1558 δὲ
3443 1505 3691 1570 Ἀκύλας,

435 1593 545 1648 imo
587 1595 792 1648 etiam:
833 1613 850 1644 ι
887 1591 1075 1648 Omnis
1119 1608 1249 1647 caro
1292 1592 1496 1658 fenum,
1532 1602 1585 1648 et
1615 1594 1795 1648 omnis
1838 1593 2012 1664 gloria

2119 1612 2137 1642 ‹
2179 1595 2302 1648 Ἐπὶ
2336 1595 2552 1666 κρίνων.
2592 1614 2610 1646 ι
2657 1596 2743 1658 Ὠς
2761 1595 2870 1666 γὰρ
2900 1595 2964 1648 τὰ
3000 1596 3159 1666 κρίνα
3200 1595 3293 1648 τοῦ
3339 1596 3508 1666 ἀγροῦ
3536 1598 3628 1651 καὶ
3661 1598 3697 1650 6

431 1687 552 1754 eius
591 1688 746 1757 quasi
778 1685 876 1741 llos
909 1685 1035 1741 feni.
1085 1685 1434 1740 Exsiccatum
1481 1695 1564 1742 est
1588 1685 1796 1750 fenum,
1832 1695 1886 1740 et
1911 1685 2010 1741 flos

2113 1685 2302 1755 χόρτος
2329 1686 2476 1739 δοκεῖ
2510 1685 2608 1756 μέν
2631 1679 2750 1740 τινα
2778 1683 2910 1758 πρὸς
2941 1687 3112 1758 βραχὺ
3162 1688 3446 1756 φαίνεσθαι
3490 1689 3681 1760 ὡραῖα,

430 1782 682 1847 decidit;
746 1779 983 1836 Verbum
1031 1787 1212 1835 autem
1249 1779 1461 1834 Domini
1515 1787 1699 1834 manet
1745 1779 1799 1834 in
1851 1789 2045 1852 teter-1

2111 1778 2232 1830 ὅσον
2261 1778 2318 1831 δὲ
2341 1777 2492 1832 οῦπω
2523 1778 2848 1849 μεταϐάλλει
2891 1781 2985 1832 καὶ
3034 1779 3345 1852 φθείρεται·
3393 1779 3564 1842 οὕτως
3595 1779 3691 1832 καὶ

430 1889 558 1927 num
597 1874 646 1937 ¹;
689 1892 706 1924 ι
743 1873 941 1943 quibus
998 1873 1261 1942 propheta
1307 1873 1606 1928 secundum
1650 1873 1891 1942 reliquos
1933 1850 2045 1929 ἰη-1

2073 1855 2081 1900 ἶ
2108 1868 2177 1922 τὰ
2201 1870 2499 1941 πράγματα
2526 1870 2620 1923 τοῦ
2640 1870 2792 1930 λαοῦ,
2822 1871 3083 1924 ἀνθοῦντα
3121 1850 3260 1936 τότε,
3303 1871 3523 1943 ἔμελλεν
3564 1871 3688 1924 ὅσον

426 1973 694 2033 terpretes
726 1965 842 2020 haec
870 1964 1023 2019 addit
1057 1984 1068 2019 :
1109 1985 1126 2016 ι
1166 1963 1300 2019 Vere
1330 1964 1512 2018 fenum
1544 1965 1800 2034 populus,
1831 1967 2007 2021 exsic-

2107 1957 2258 2011 οὔπω
2309 1959 2682 2030 μεταϐάλλειν.
2742 1960 2831 2014 Διὸ
2877 1961 2970 2015 καὶ
2994 1965 3021 2016 6
3053 1963 3243 2034 Σωτὴρ
3271 1966 3329 2017 ἐν
3378 1969 3499 2030 ταῖς
3538 1959 3691 2022 6&6:-

425 2066 608 2112 catum
637 2064 722 2112 est
757 2056 962 2121 fenum,
998 2057 1201 2111 decidit
1231 2056 1330 2110 flos
1359 2058 1401 2118 ',
1425 2077 1444 2108 ι
1473 2054 1756 2110 Iudaicam
1790 2065 2004 2128 gentem

2109 2049 2352 2113 σκαλίαις
2373 2049 2523 2119 ἔλεγε
2541 2067 2556 2082 ο
2597 2069 2617 2100 ι
2651 2047 3010 2121 Καταμάθετε
3037 2051 3104 2104 τὰ
3130 2052 3290 2124 κρίνα
3309 2053 3402 2106 τοῦ
3426 2047 3617 2127 ἀγροῦο
3659 2070 3680 2110 ι

424 2164 527 2204 nec
567 2150 800 2204 obscure
854 2148 1195 2219 significans.
1251 2148 1448 2203 Eadem
1482 2149 1598 2218 ipsa
1621 2148 1732 2217 jam
1767 2147 2005 2218 Spiritus

2106 2143 2200 2194 καὶ
2224 2141 2421 2195 πάλινο
2463 2161 2482 2193 ι
2539 2142 2682 2196 Εἰδέ
2723 2142 2812 2195 τὸν
2840 2142 3030 2215 χόρτον
3081 2144 3174 2197 τοῦ
3225 2145 3396 2216 ἀγροῦ
3447 2148 3689 2219 σήμερον

427 2250 652 2297 sanctus
674 2259 772 2312 per
810 2241 1066 2296 Davidem
1101 2241 1442 2303 testiﬁcatur,
1476 2241 1757 2311 praemissa
1787 2241 1876 2295 illa
1909 2257 2006 2311 po-

2104 2234 2250 2295 6v-ca,
2278 2236 2370 2288 mi.
2390 2235 2577 2306 αὔριον
2607 2236 2686 2299 είς
2708 2236 2952 2289 κλίϐανον
2976 2235 3302 2307 βαλλόμενον
3322 2257 3334 2268 ·
3369 2259 3386 2289 ι
3410 2239 3544 2293 ἀλλὰ
3567 2241 3686 2301 καὶ.

425 2332 538 2399 puli
581 2329 762 2385 futura
799 2332 1108 2386 inversione
1135 2339 1190 2385 et
1226 2329 1547 2384 mutatione.
1603 2327 1782 2393 Quare
1816 2343 2004 2383 secun-

2109 2343 2127 2372 ι
2161 2325 2314 2377 Πᾶσα
2351 2325 2488 2395 σὰρξ
2519 2325 2728 2396 χόρτος,
2763 2326 2858 2379 καὶ
2885 2328 3037 2380 πᾶσα
3057 2327 3182 2394 δόξα
3214 2329 3382 2399 αὐτῆς
3409 2329 3485 2392 ὡς
3521 2331 3683 2394 ἄνθος

423 2425 554 2477 dum
587 2423 839 2494 Aquilam
873 2426 1078 2479 dictum
1112 2431 1218 2490 est,
1245 2441 1264 2473 ‹
1289 2421 1463 2492 Super
1496 2421 1605 2475 lilia
1635 2422 1928 2476 testimonii
1949 2440 1996 2487 ;›

2103 2419 2315 2490 χόρτου.
2366 2418 2668 2490 Ἐξηράνθη
2716 2422 2744 2472 6
2775 2419 2986 2491 χόρτος,
3013 2422 3107 2475 καὶ
3137 2422 3197 2474 τὸ
3225 2421 3384 2484 ἄνθος
3411 2421 3638 2487 ἐξέπεσε
3660 2439 3673 2451 ·

423 2519 726 2572 secundum
776 2514 1161 2589 Symmachum
1211 2525 1413 2580 autem,
1475 2532 1492 2563 ι
1527 2511 1630 2567 Pro
1665 2511 1890 2568 floribus
1921 2521 2004 2567 te-

2100 2509 2162 2560 τὸ
2191 2509 2247 2562 δὲ
2277 2509 2428 2580 ῥῆμα
2453 2512 2657 2582 Κυρίου
2687 2512 2835 2582 μένει
2869 2514 2945 2576 εἰς
2969 2512 3059 2566 τὸν
3084 2513 3253 2566 αἰῶνα
3274 2529 3288 2544 ·
3319 2532 3338 2564 ›
3360 2506 3442 2578 οἷς
3478 2515 3507 2567 6
3531 2515 3681 2585 Προ-ιι

422 2611 737 2665 stimonium
761 2629 774 2677 ;
802 2630 820 2662 ι
853 2611 1154 2667 secundum
1171 2606 1310 2662 LXX
1324 2623 1453 2660 vero
1477 2604 1824 2675 Interpretes,
1851 2626 1869 2657 ι
1894 2606 2001 2661 Pro

2102 2601 2277 2671 φήτης
2301 2601 2443 2655 κατά
2465 2604 2594 2665 τοὺς
2625 2603 2844 2668 λοιποὺς
2871 2601 3208 2676 ἐρμηνευτάς
3242 2603 3564 2675 προστίθησι
3589 2604 3678 2657 λέ·-

419 2704 489 2759 iis
531 2703 625 2775 qui
662 2703 1133 2766 immutabuntnr,
1181 2702 1236 2756 in
1287 2700 1429 2755 tituli
1479 2700 1893 2770 inscriptionem
1926 2717 1937 2751 :
1975 2716 1993 2748 ι

2099 2709 2210 2760 γων
2230 2711 2242 2722 ·
2290 2713 2308 2744 ι
2361 2693 2600 2765 Ἀληθῶς
2624 2695 2816 2766 χόρτος
2851 2697 2880 2748 6
2907 2695 3033 2758 λαός
3052 2692 3077 2727 ·’
3101 2695 3371 2766 ἐξηράνθη
3408 2697 3436 2748 6
3464 2688 3683 2766 χόρτος,

417 2810 538 2864 qua:
596 2809 845 2863 magnam
898 2793 1135 2848 habeant
1175 2807 1300 2847 cum
1355 2791 1516 2845 dictis
1569 2790 1624 2844 in
1671 2790 1996 2859 praecedenti

2099 2786 2322 2852 ἐξέπεσε
2345 2786 2406 2839 τὸ
2443 2787 2620 2851 ἄνθος,
2636 2807 2655 2838 ι
2687 2785 3012 2851 ἀκαλύπτως
3032 2785 3092 2839 τὸ
3130 2786 3397 2840 Ἰουδαίων
3421 2787 3569 2851 ἔθνος
3587 2781 3681 2858 δη-

416 2888 628 2956 psalmo
659 2886 993 2941 afﬁnitatem.
1024 2883 1157 2938 Nam
1199 2885 1289 2938 ille
1315 2881 1496 2952 populi
1522 2881 1886 2950 abjectionem
1915 2881 2000 2934 in-

2097 2875 2292 2940 λῶσας.
2333 2877 2482 2930 Αύτά
2526 2878 2588 2949 δὴ
2639 2873 2731 2930 οὖν
2775 2873 2947 2931 ταῦτα
2990 2873 3085 2930 καὶ
3126 2877 3222 2931 νῦν
3269 2877 3329 2931 τὸ
3361 2877 3582 2949 Πνεῦμα
3613 2875 3678 2931 =6

415 2977 619 3030 dicavit
655 2977 739 3030 his
785 2975 966 3031 verbis
994 2994 1007 3030 :
1049 2993 1067 3026 ι
1099 2974 1504 3030 Convertentur
1529 2971 1597 3025 ad
1631 2985 1913 3042 vesperam
1942 2977 1997 3026 et

2097 2965 2249 3037 ἅγιον
2288 2969 2374 3022 διὰ
2412 2969 2506 3022 τοῦ
2537 2969 2698 3023 Δαυῖδ
2727 2969 3081 3040 μαρτύρεται,
3124 2970 3543 3040 προαναφωνοῦν
3574 2971 3675 3040 τὴν

416 3065 614 3120 famem
643 3066 919 3133 patientur
943 3073 1002 3118 nt
1027 3071 1272 3127 canes,et
1294 3063 1605 3117 circuibnnt
1632 3060 1990 3125 civitatenr’,»

2099 3069 2396 3138 μέλλουσαν
2419 3068 2635 3122 ἔσεσθαι
2677 3068 2771 3122 τοῦ
2804 3067 2935 3121 λαοῦ
2976 3066 3262 3119 ἀλλοίωσιν
3297 3065 3392 3120 καὶ
3443 3061 3678 3137 μεταδοιυ

415 3165 471 3212 et
496 3167 711 3211 caetera.
738 3155 948 3221 Quibus
971 3155 1085 3209 haec
1111 3155 1178 3210 de
1197 3154 1486 3209 vocatione
1504 3153 1746 3225 gentium
1767 3152 1996 3221 subjun-
2022 3203 2030 3245 1

2062 3156 2218 3250 ίλήν.
2255 3157 2346 3209 Διὸ
2389 3156 2530 3209 κατὰ
2557 3157 2650 3210 τὸν
2691 3155 2921 3208 Ἀκύλαν
2962 3153 3196 3224 εἴρηται,
3238 3173 3257 3205 ι
3305 3154 3426 3207 Ἐπὶ
3471 3156 3677 3227 κρίνων

413 3249 492 3317 gi:
541 3265 554 3301 :
603 3266 623 3298 ι
656 3247 719 3301 Ει
750 3254 832 3310 ιιι,
866 3246 1093 3301 Domine
1121 3245 1263 3301 Deus
1303 3247 1596 3310 virtutum,
1626 3243 1767 3299 Deus
1804 3244 1993 3307 Israel,

2063 3243 2067 3249 ’
2103 3249 2422 3319 μαρτυρίας
2453 3267 2469 3299 ι
2498 3250 2638 3302 κατά
2658 3247 2715 3300 δέ
2743 3247 2832 3300 τὸν
2866 3243 3179 3316 Σύμμαχον,
3215 3267 3232 3297 ι
3267 3247 3434 3316 ’Υπὲρ
3459 3247 3567 3300 τῶν
3587 3248 3678 3299 ἀνο

411 3341 633 3395 intende
663 3340 731 3395 ad
767 3340 1071 3396 visitandas
1103 3355 1296 3395 omnes
1345 3347 1557 3409 gentes.
1601 3355 1620 3388 ι
1675 3333 1843 3388 Tituli
1865 3350 1997 3388 vero

2099 3339 2206 3394 θῶν
2235 3342 2510 3412 μαρτυρία
2531 3357 2544 3370 ·
2583 3359 2600 3391 ι
2625 3337 2765 3392 κατὰ
2791 3339 2847 3390 δέ
2876 3340 3002 3403 τοὺς
3039 3338 3458 3408 Ἐϐδομήκοντα,
3505 3358 3523 3389 ι
3547 3340 3677 3404 Τοῖς

401 3433 823 3502 inscriptionem
862 3433 914 3486 in
947 3429 1199 3500 prasenti
1233 3439 1290 3485 ut
1321 3438 1376 3485 et
1405 3428 1540 3482 alias
1569 3418 1786 3496 Aquila,
1838 3442 1856 3474 ι
1890 3425 1994 3478 hu-

2096 3430 2607 3501 ἀλλοιωθησομένοις
2629 3431 2706 3493 είς
2729 3429 3146 3500 στηλογραφίαν.
3185 3447 3204 3480 ι
3237 3427 3443 3498 Πολλὴν
3465 3425 3522 3481 δέ
3539 3430 3669 3482 ἀκο-

408 3525 580 3587 milis,
625 3525 858 3595 perfecti
891 3523 1142 3583 Davidis;
1179 3541 1198 3574 ι
1251 3522 1614 3594 Symmachus
1663 3534 1813 3582 vero,
1845 3536 1862 3567 ι
1895 3518 1992 3572 lm-

2093 3522 2304 3576 λουθίαν
2326 3521 2436 3591 ἔχοι
2479 3518 2544 3574 ἂν
2575 3523 2709 3591 πρὸς
2731 3520 2799 3573 τὰ
2820 3523 2876 3573 ἐν
2900 3519 2978 3590 τῷ
3003 3515 3108 3591 πρὸ
3132 3518 3316 3573 τούτου
3347 3518 3663 3591 λελεγμένα.

409 3615 558 3669 milis
579 3614 808 3670 Davidis
837 3624 891 3669 et
929 3613 1212 3684 inculpati,
1252 3631 1271 3663 ι
1307 3611 1645 3682 interpretati
1679 3616 1827 3666 sunt.
1849 3605 1986 3660 Nam

2104 3616 2255 3669 Ἐπεὶ
2277 3617 2526 3677 κάκεῖνος
2545 3615 2644 3686 τὴν
2672 3615 2763 3668 τοῦ
2806 3614 2990 3678 ἔθνους
3035 3611 3306 3683 ἀποϐολὴν
3351 3606 3537 3684 ἐδήλου
3575 3607 3671 3664 λέ·-

403 3704 570 3772 cippo
612 3704 777 3774 digna
815 3712 934 3756 erat
981 3706 1116 3756 tanti
1147 3704 1292 3772 regis
1326 3702 1610 3758 modestia.
1663 3700 1802 3756 Cum
1837 3698 1982 3753 enim

2089 3723 2228 3773 γων·
2272 3725 2290 3756 ι
2337 3707 2786 3779 Ἐπιστρέψουσιν
2830 3707 2908 3771 εἰς
2943 3706 3197 3777 ἑσπέραν,
3221 3704 3314 3757 καὶ
3341 3698 3669 3775 λιμώξουσιν

408 3807 490 3851 tot
533 3798 670 3852 bella
707 3798 936 3854 feliciter
965 3801 1263 3868 gessisset,
1315 3805 1369 3854 et
1419 3798 1648 3870 populos
1691 3811 1865 3869 usque
1915 3793 1985 3848 ad

2085 3799 2160 3862 ὡς
2186 3798 2352 3861 κύων,
2385 3797 2479 3851 καὶ¹
2525 3798 2862 3851 κυκλὼσουσι
2894 3798 3044 3850 πόλιν
3068 3839 3082 3862 ,
3127 3817 3145 3849 ι
3180 3797 3270 3850 καὶ
3297 3795 3366 3851 τά
3401 3791 3663 3868 ἐπιφερό-

408 3890 854 3962 Mesopotamiam
911 3893 1213 3962 subegisset
1276 3892 1678 3962 vectigalesque
1739 3891 1979 3958 fecisset,

2089 3909 2244 3961 μενα.
2278 3886 2372 3954 Οἷς
2398 3892 2523 3961 ἐξῆς
2549 3893 2676 3962 περὶ
2709 3892 2803 3962 τῆς
2835 3892 3080 3962 κλήσεως
3101 3891 3208 3943 τῶν
3234 3889 3402 3943 ἐθνῶν
3430 3887 3660 3957 ἔφασκεο

406 3995 729 4040 consuetum
774 3983 1024 4039 servabat
1082 3999 1312 4048 morem,
1363 3997 1474 4054 quo
1522 3990 1822 4038 exornatus
1865 3994 1983 4040 erat

2091 4003 2110 4034 ι
2146 3985 2253 4038 Καὶ
2278 3984 2362 4048 σὺ,
2400 3979 2568 4054 Κύριε
2603 3985 2630 4036 6
2668 3983 2797 4047 Θεὸς
2828 3983 2934 4036 τῶν
2976 3983 3288 4052 δυνάμεων,
3318 3983 3346 4035 6
3372 3975 3503 4041 Θεδς
3557 3975 3661 4032 Ἱσ-

398 4090 528 4127 cnm
558 4089 587 4127 a
613 4073 773 4129 Saule
806 4075 1114 4144 pelleretur,
1148 4088 1214 4127 ac
1242 4071 1504 4143 perfugus
1527 4072 1578 4125 in
1605 4072 1837 4126 desertis
1861 4088 1980 4142 age-

2085 4075 2243 4147 ραὴλ,
2295 4073 2529 4146 πρόσχες
2553 4074 2645 4129 τοῦ
2681 4075 3079 4145 ἐπισκέψασθαι
3122 4075 3298 4129 πάντα
3339 4074 3408 4128 τὰ
3448 4074 3595 4146 ἔθνη.
3630 4093 3651 4127 ι

403 4177 505 4221 ret.
557 4165 690 4220 Nam
725 4175 854 4220 tunc
883 4181 1120 4236 quoque,
1172 4172 1231 4218 ut
1263 4164 1507 4227 humilis.
1543 4163 1839 4232 Perfectus,
1876 4165 1974 4217 hn-

2082 4168 2193 4239 Τὴν
2223 4167 2278 4220 δὲ
2307 4167 2706 4238 στηλογραφίαν
2732 4163 2826 4220 καὶ
2853 4167 2948 4220 νῦν
2980 4168 3055 4231 ὡς
3085 4167 3180 4221 καὶ⁸
3215 4167 3272 4218 ἐν
3306 4169 3419 4229 τοῖς
3448 4162 3656 4239 ἔμπρο-

403 4258 604 4312 militer
634 4260 881 4313 sentiens
909 4265 963 4312 et
992 4257 1324 4326 inculpatus,
1357 4255 1578 4310 :eternis
1621 4255 1795 4325 cippis
1827 4271 1855 4308 a
1894 4256 1977 4310 di-

2081 4257 2206 4311 σθεν
2235 4260 2263 4312 6
2305 4259 2403 4329 μὲν
2450 4257 2700 4322 Ἀκύλας,
2737 4278 2756 4310 ι
2783 4258 3039 4312 ταπεινοῦ
3071 4257 3274 4312 τελείου
3303 4256 3392 4310 τοῦ
3417 4257 3647 4312 Δαυῒδσι

400 4352 528 4404 vina
568 4349 851 4420 Scriptura
881 4351 1136 4420 dignatus
1165 4360 1269 4406 est.
1322 4349 1479 4404 Nunc
1513 4359 1693 4405 autem
1731 4365 1853 4403 cum
1887 4367 1974 4405 re-

2076 4351 2105 4402 6
2136 4349 2192 4402 δέ
2221 4349 2534 4422 Σύμμαχος,
2574 4368 2593 4401 ι
2629 4350 3050 4420 ταπεινόφρονος
3079 4351 3173 4404 τοῦ
3192 4350 3352 4405 Δαυῖδ
3381 4346 3475 4404 καὶ
3498 4346 3652 4420 ἀμώ-

402 4459 577 4512 gnans
620 4451 700 4497 tot
733 4442 985 4497 inimicos
1030 4441 1334 4508 invaderet,
1369 4442 1726 4511 omniumque
1755 4441 1974 4496 divitias

2080 4457 2202 4511 μου,
2234 4459 2251 4492 ι
2286 4443 2660 4513 ἡρμήνευσαν.
2685 4442 2893 4513 Στήλης
2918 4441 3026 4514 γὰρ
3054 4439 3120 4515 ἦν
3145 4443 3324 4514 ἀξίαή
3353 4441 3446 4495 τοῦ
3470 4441 3651 4494 τοσού-

401 4534 715 4604 colligeret,
763 4534 818 4587 in
857 4531 1044 4587 eodem
1090 4532 1283 4588 aﬂectu
1334 4533 1750 4603 perseverabat;
1803 4531 2016 4602 quare]

2034 4534 2047 4581 ι
2073 4549 2167 4584 του
2194 4531 2456 4602 βασιλέως
2487 4532 2934 4604 μετριοφροσύνη.
2966 4535 3244 4588 Τοσούτων
3259 4535 3366 4606 γὰρ
3399 4530 3649 4602 πολέμων

400 4631 456 4677 et
484 4624 618 4679 .ituli
650 4625 1008 4694 inscriptione
1035 4631 1090 4680 et
1116 4624 1313 4695 spiritu
1357 4623 1674 4695 prophetico
1714 4623 1970 4694 dignatus

2079 4625 2512 4696 περιγενόμενος,
2544 4623 2638 4678 καὶ
2663 4627 2786 4689 τοὺς
2823 4621 2982 4698 μέχρι
3006 4623 3105 4696 τῆς
3126 4625 3315 4697 Μέσης
3335 4624 3443 4678 τῶν
3479 4638 3645 4678 ποτα-

397 4723 502 4772 est.
610 4761 614 4763 .
2083 4714 2198 4786 μῶν
2219 4715 2508 4782 ὑποτάξας,
2533 4716 2836 4788 ὑποφόρους
2859 4734 2917 4770 τε
2934 4719 3132 4781 αὐτοὺς
3147 4717 3644 4788 καταστησάμενος,

397 4810 458 4863 ἐν
487 4809 562 4880 τῷ
589 4811 771 4881 υίκείῳ
793 4811 1031 4881 διέμενεν
1057 4812 1197 4883 ἤθει,
1229 4813 1286 4864 ἐν
1300 4805 1343 4880 ᾧ
1373 4812 1466 4865 καὶ
1492 4811 1580 4864 ὅτε
1611 4807 1874 4882 ἠλαύνετο
1909 4809 2012 4863 ὑπὸ
2036 4806 2131 4862 τοῦ
2155 4808 2347 4873 Σαοὺλ,
2366 4809 2570 4871 καὶτὰς
2594 4810 2833 4881 ἐρήμους
2850 4811 3063 4879 φεύγων
3085 4803 3342 4879 κατῴκει,
3362 4803 3640 4878 διέπρεπε.

398 4907 508 4960 Καὶ
528 4907 646 4959 τότε
673 4907 780 4978 γὰρ
801 4908 905 4963 ὑπὸ
953 4909 1052 4978 τῆς
1108 4909 1258 4972 θείας
1291 4908 1534 4979 Γῳφῆς,
1561 4907 1637 4970 ὡς
1697 4907 1948 4970 ταπεινὸς
1969 4906 2204 4970 τέλειος,
2241 4905 2275 4976 ἢ
2320 4905 2696 4977 ταπεινόφρων
2759 4903 2853 4960 καὶ
2900 4907 3128 4976 ἄμωμος
3169 4901 3377 4975 στηλῶν
3413 4903 3642 4957 αἰωνίων

396 4997 640 5066 ἠξιοῦτο*
675 4999 766 5052 καὶ
795 4997 890 5052 νῦν
913 5001 956 5052 δ’
983 5003 1070 5055 ἅτε
1109 5000 1407 5070 βασιλεύων
1440 4999 1710 5063 τοσούτοις
1744 5001 1962 5072 ἐπεξῄει
2000 4998 2297 5068 πολεμίοις,
2347 5000 2442 5052 καὶ
2469 4999 2558 5052 τὸν
2589 5000 2841 5053 ἀπάντων
2877 5000 3074 5070 συνῆγε
3120 4996 3378 5062 πλοῦτον,
3419 4997 3512 5050 ἐπὶ
3545 4995 3642 5066 τῆς

396 5093 562 5163 αὐτῆς
600 5092 811 5163 διέμενε
858 5092 1252 5165 προαιρέσεως·
1302 5093 1384 5146 διὸ
1409 5090 1810 5163 στηλογραφίας
1842 5089 2074 5159 ἠξιοῦτο,
2115 5090 2208 5143 καὶ
2234 5089 2538 5160 πνεύματος
2567 5090 2784 5160 ἠξιοῦτο
2803 5086 3159 5162 προφητικοῦ.

467 5211 747 5266 Observes
784 5225 950 5280 porro
976 5211 1137 5265 velim
1183 5211 1286 5265 hoc
1327 5218 1591 5280 tempore,
1646 5222 1770 5262 cum
1805 5204 1973 5261 Israel

2153 5207 2432 5280 Ἐπιτήρει
2457 5208 2513 5262 δέ
2545 5210 2691 5272 ὅπως
2719 5207 2863 5261 κατά
2898 5209 3092 5260 τούτου
3121 5205 3216 5258 τοῦ
3252 5202 3442 5275 χρόνου
3473 5205 3505 5258 6
3542 5204 3638 5257 Ἰσ-

396 5307 655 5365 regnante
676 5298 902 5360 Davide.
931 5315 1106 5366 usque
1133 5299 1200 5354 ad
1232 5297 1972 5370 MesOpotamiamimpcr-inm

2073 5304 2226 5376 ραὴλ,
2258 5303 2629 5374 βασιλεύοντος
2657 5301 2840 5364 Δαυτδ,
2878 5302 3039 5371 μέχρι
3070 5302 3168 5370 τῆς
3203 5299 3389 5367 Μέσης
3409 5298 3517 5350 τῶν
3544 5314 3633 5349 πο-

395 5390 687 5456 obtineret,
729 5406 792 5446 ac
821 5393 1104 5461 vectigalia
1135 5408 1164 5446 a
1195 5392 1440 5447 finitimis
1470 5391 1726 5461 genti-bus
1757 5390 1973 5458 accipe-

2066 5394 2256 5464 ταμῶν
2294 5394 2532 5464 ἐκράτει,
2561 5391 2656 5444 καὶ
2694 5391 2892 5462 φόρους
2921 5390 3070 5463 παρὰ
3103 5389 3210 5442 τῶν
3263 5386 3424 5461 πέριξ
3467 5385 3636 5440 ἐθνῶν

397 5493 502 5546 ret,
545 5485 966 5554 promissionem
1001 5486 1092 5540 Dei
1139 5486 1205 5540 ad
1236 5485 1510 5539 Abraham
1559 5484 1758 5538 factam
1806 5497 1970 5552 opere

2065 5487 2356 5556 ἐλάμσανε,
2405 5486 2502 5555 τῆς
2542 5483 2635 5538 τοῦ
2669 5483 2804 5536 Θεοῦ
2850 5483 3181 5553 ἐπαγγελίας
3220 5481 3318 5551 τῆς
3367 5476 3502 5549 πρὸς
3544 5477 3633 5532 τὸν

396 5576 720 5642 completam
744 5592 888 5642 esse,
923 5593 1025 5646 qna
1046 5579 1327 5648 pollicitus
1355 5585 1475 5631 erat
1515 5593 1574 5631 se
1602 5579 1856 5630 daturum
1882 5591 1969 5629 sc-

2075 5576 2324 5648 Ἀὸραάμ
2348 5578 2426 5640 εἰς
2456 5576 2591 5646 ἔργα
2611 5575 2893 5646 χωρούσης
2913 5593 2926 5606 ·
2953 5575 3020 5629 δι’
3045 5572 3111 5645 ἦς
3144 5571 3512 5643 ἐπηγγέλλετο
3531 5567 3633 5622 δώ-

396 5667 529 5720 nnni
559 5667 680 5736 ejus
709 5677 877 5724 totam
909 5679 1109 5725 terram
1143 5685 1170 5723 a
1195 5670 1414 5726 flumine
1440 5668 1660 5741 Egypti
1697 5686 1868 5739 usque
1894 5670 1962 5724 ad

2064 5685 2175 5720 σειν
2197 5666 2275 5736 τῷ
2312 5666 2588 5736 σπέρματι
2615 5663 2778 5716 αὐτοῦ
2815 5665 2993 5718 πᾶσαν
3021 5665 3120 5734 τὴν
3151 5663 3254 5733 γῆν
3276 5661 3385 5716 ἀπὸ
3412 5657 3506 5713 τοῦ
3537 5673 3635 5710 πο-

456 5847 510 5923 υ
550 5847 738 5902 Matth.
777 5864 861 5912 vt,
898 5845 988 5900 28.
1064 5850 1109 5880 "
1149 5849 1279 5904 ibid.
1317 5849 1406 5904 30.
1485 5852 1500 5880 ¹
1541 5849 1644 5904 lsa.
1682 5866 1778 5917 XL,
1816 5850 1932 5904 0-8.
2009 5851 2030 5879 ¹
2069 5849 2201 5904 ibid.
2243 5849 2292 5902 7.
2370 5848 2390 5881 ⁸
2429 5845 2570 5901 Psal.
2609 5863 2773 5910 LVIII,
2814 5846 2862 5901 7.
