4090 6374
393 393 500 453 557

1519 396 2023 453 COMMENTARIA
2073 401 2138 456 IN
2181 401 2519 460 PSALMOS.

3537 407 3641 464 558

391 514 568 587 ταμοῦ
601 515 896 586 Αἰγύπτου,
960 516 1121 588 μέχρι
1156 514 1250 569 τοῦ
1294 516 1538 586 ποταμοῦ
1574 519 1859 590 Εὐφράτου
1881 538 1894 552 ⁸
1929 520 1965 573 ἃ

2077 518 2431 590 Euphratem;
2475 521 2620 592 quod
2660 519 2861 575 Davide
2890 529 3150 590 regnante
3178 536 3365 576 revera
3391 523 3640 591 contigit,

393 606 458 678 δὴ
487 606 859 677 βασιλεύοντος
892 607 982 661 τοῦ
1015 607 1175 662 Δαυῒδ
1197 607 1376 681 ἔργοις
1419 609 1722 681 ἐπληροῦτο
1746 629 1758 641 ο
1810 611 1969 664 τοῦτο

394 699 524 768 γοῦν
550 699 645 753 καὶ⁸
673 701 705 769 ἡ
733 699 1096 770 παρατεθεῖσα
1125 699 1332 771 ἱστορία
1362 700 1462 770 τῆς
1500 701 1791 756 Βασιλειῶν
1835 717 1970 775 γρα-

396 793 505 864 φῆς
560 791 877 864 ἐμαρτύρει.
936 793 1093 847 Ἀλλά
1120 793 1228 864 γὰρ
1282 794 1569 862 φωτισθεὶς
1608 797 1637 848 6
1685 799 1970 870 προφήτης

396 885 503 941 ὑπὸ
531 885 622 937 τοῦ
654 887 808 955 ἁγίου
841 886 1174 957 Πνεύματος,
1205 886 1448 952 θεσπίζει
1483 887 1552 941 τὰ
1593 889 1650 940 ἐν
1683 892 1794 953 τοῖς
1845 891 1971 960 μέλ-

395 977 548 1030 λουσι
583 979 793 1049 χρόνοις
827 977 1238 1049 συμϐησόμενα.
1273 977 1406 1034 Τίνα
1431 979 1486 1032 δέ
1512 975 1580 1051 ἦν
1625 981 1796 1035 ταῦτα
1827 982 1971 1035 διδά-

400 1087 518 1122 σκει
560 1068 732 1138 λέγων
752 1087 767 1101 ο
803 1089 821 1120 ι
851 1071 942 1132 Εἰς
967 1067 1027 1122 τὸ
1050 1067 1202 1132 τέλος
1229 1071 1339 1132 τοῖς
1369 1069 1902 1143 ἀλλοιωθησομένοις.
1945 1094 1963 1124 ι

398 1158 514 1214 Εἴθ’
548 1162 675 1231 ἐξῆς
710 1153 912 1230 προῖὼν
950 1161 1143 1230 ἐπάγει
1164 1179 1176 1190 ·
1213 1179 1231 1212 ι
1283 1161 1340 1214 Ὁ
1373 1161 1538 1225 Θεὸς,
1568 1162 1774 1218 ἀπώσω
1824 1167 1970 1236 ἡμᾶς

399 1254 492 1308 καὶ
517 1253 761 1316 καθεῖλες
788 1255 955 1324 ἡμᾶς,
991 1271 1010 1304 ι
1032 1250 1123 1306 καὶ¹
1148 1251 1218 1304 τὰ
1239 1243 1391 1322 ιέξξῆς⁸
1421 1247 1500 1316 οἷς
1525 1253 1642 1324 μεθ’
1671 1255 1832 1327 ἕτερα
1855 1259 1972 1310 ἐπι-

397 1343 544 1413 λέγει
563 1363 577 1375 ο
611 1364 630 1395 ι
680 1345 737 1398 '0
760 1344 892 1408 Θεὸς
913 1344 1176 1414 ἐλάλησεν
1205 1345 1262 1397 ἐν
1296 1343 1374 1414 τῷ
1405 1345 1546 1416 ἁγίῳ
1571 1347 1736 1400 αὑτοῦ
1755 1367 1769 1380 ο
1805 1349 1972 1418 ἀγαλ-

399 1436 655 1507 λιάσομσι
699 1422 792 1490 καὶ
817 1436 1080 1509 διαμεριῶ
1099 1435 1319 1508 Σίκιμα,
1347 1439 1439 1491 καὶ¹
1468 1437 1566 1509 τὴν
1611 1439 1830 1494 κοιλάδα
1865 1440 1970 1494 τῶν

403 1528 615 1597 σκηνῶν
637 1527 1000 1599 διαμετρήσω,
1043 1547 1060 1580 ι
1092 1529 1280 1583 καὶτὰ
1316 1528 1462 1601 ἐξῆς.
1493 1532 1754 1603 Σημαίνει
1789 1533 1846 1586 δὲ
1883 1533 1970 1587 διὰ

400 1619 602 1672 τούτων
645 1619 737 1672 τοῦ
780 1618 912 1671 Θεοῦ
943 1619 1235 1689 διαλλαγὰς
1269 1621 1406 1696 πρὸς
1442 1624 1568 1687 τοὺς
1620 1623 1967 1692 ἀλλοφύλους.

413 1712 471 1764 'U
507 1711 638 1775 Θεὸς
682 1712 823 1783 γὰρ,
851 1698 1013 1784 φησὶν
1040 1753 1055 1778 ,
1091 1713 1349 1784 ἐλάλησε,
1403 1716 1498 1769 καὶ
1539 1714 1779 1788 λαλήσας
1811 1716 1867 1770 ἐν
1893 1716 1971 1786 τῷ

400 1803 540 1876 ἁγίῳ
570 1803 736 1858 αὐτοῦ
785 1804 861 1876 τῷ
911 1805 1122 1860 Γαλαὰδ
1169 1807 1262 1860 καὶ
1317 1806 1394 1878 τῷ
1420 1809 1719 1880 Μανασσῇ,
1763 1808 1856 1862 καὶ
1894 1808 1972 1879 τῷ

2071 620 2130 666 ut
2156 614 2321 668 allata
2347 613 2656 684 Regnorum
2691 613 2916 668 historia
2941 613 3360 668 testiﬁcabatur.
3415 615 3496 669 Ad
3529 615 3646 670 haec

2071 704 2232 757 etiam
2267 701 2472 773 Spiritu
2505 710 2696 758 sancto
2722 703 3026 758 illustratus
3048 700 3340 774 Propheta,
3378 705 3645 760 vaticina-

2073 805 2162 848 tur
2213 811 2275 850 ea
2325 811 2444 865 qua:
2491 795 2675 850 futuro
2722 802 2847 866 post
2897 802 3141 864 tempore
3189 803 3451 851 eventura
3495 806 3642 853 sunt.

2074 887 2334 952 Quaenam
2383 896 2563 943 autem
2591 889 2683 943 illa
2709 895 2930 952 essent,
2960 887 3045 942 his
3073 887 3255 943 verbis
3297 889 3490 952 docet,
3527 909 3545 942 ι
3586 888 3643 944 ln

2072 983 2232 1036 linem
2275 996 2374 1050 pro
2402 981 2468 1036 iis
2504 981 2596 1053 qui
2628 983 3081 1040 immutabuntur.
3118 1004 3137 1038 ι
3199 984 3260 1038 In
3288 984 3646 1054 sequentibus

2069 1087 2198 1126 vero
2227 1069 2414 1134 infert,
2437 1070 2631 1133 «Deus,
2659 1073 2905 1143 repulisti
2936 1089 3038 1130 nos
3058 1082 3113 1128 et
3141 1074 3460 1128 destruxisti
3486 1089 3639 1139 nos”

2070 1168 2125 1217 et
2153 1165 2368 1218 caetera.
2405 1160 2614 1228 Quibus
2643 1173 2828 1234 postea
2853 1165 3158 1236 subiungit,
3197 1184 3216 1216 ί
3254 1164 3399 1220 Deus
3432 1166 3648 1223 locutus

2070 1259 2156 1307 est
2182 1251 2236 1306 in
2263 1259 2455 1307 sancto
2478 1267 2598 1316 suo,
2625 1253 2911 1309 exsultabo
2940 1262 2996 1308 et
3021 1252 3260 1307 dividam
3291 1253 3566 1318 Sichima,
3593 1261 3650 1308 et

2071 1344 2371 1398 convallem
2402 1343 2899 1399 Tabernaculorum
2949 1345 3235 1410 dimetiar,
3276 1363 3296 1396 ι
3332 1354 3387 1400 et
3413 1347 3645 1416 reliqua.

2072 1432 2169 1490 His
2200 1450 2363 1505 porro
2387 1436 2656 1506 signiﬁcat
2686 1435 2778 1491 Dei
2808 1437 3306 1493 reconciliationem
3337 1453 3461 1492 cum
3513 1439 3650 1493 alie-

2071 1529 2306 1600 nigenis.
2349 1529 2492 1584 Deus
2520 1531 2684 1596 enim,
2721 1535 2816 1594 ait,
2846 1531 3064 1587 locutus
3093 1537 3212 1595 est,
3243 1547 3308 1587 ac
3351 1535 3406 1588 in
3453 1542 3649 1588 sancto

2073 1630 2174 1675 Suo
2206 1621 2421 1676 locutus
2455 1620 2524 1675 ad
2554 1619 2779 1686 Galaad,
2815 1621 3101 1678 Manassen
3121 1663 3136 1686 ,
3173 1622 3430 1694 Ephraim
3462 1632 3517 1680 et
3545 1623 3646 1679 Ju-

2072 1711 2232 1778 dam;
2271 1711 2427 1767 Moab
2455 1721 2510 1768 et
2539 1712 2824 1768 Idumaeam
2855 1729 2918 1768 ac
2945 1715 3185 1785 reliquos
3232 1732 3420 1771 omnes
3453 1717 3649 1772 alieni-

2075 1819 2239 1874 genas
2280 1819 2388 1858 una
2433 1803 2829 1875 complectitur.
2864 1803 2998 1860 Nam
3035 1825 3054 1857 ι
3104 1805 3284 1875 Moab,
3337 1810 3533 1879 inquit,
3579 1810 3653 1864 lc.

413 1891 674 1969 Ἐφραῒμ,
707 1883 801 1950 καὶ
828 1896 906 1968 τῷ
934 1897 1123 1969 Ἰούδᾳ,
1149 1877 1773 1971 συμπεριλαμϐάνειν-τὸν
1800 1877 1972 1956 Μωὰϐ

2077 1894 2171 1949 bes
2204 1893 2319 1964 spei
2347 1909 2545 1961 ποιέων
2590 1909 2688 1965 pro
2717 1910 2824 1966 quo
2853 1895 3218 1968 Symmachus
3238 1877 3429 1963 edidit;
3458 1897 3649 1954 «Moab

401 1987 496 2040 atat
522 1989 621 2060 τὴν
655 1988 962 2059 Ἰδουμαίαν
989 1990 1079 2043 καὶ
1112 1991 1321 2055 πάντας
1347 1993 1470 2055 τοὺς
1495 1992 1713 2057 λοιποὺς
1745 1992 1973 2063 ἀλλοφύ-

399 2079 543 2144 λους.
567 2100 586 2160 ι
609 2080 784 2134 Μωάϐ
813 2100 832 2132 ›
863 2080 992 2152 γὰρ,
1028 2083 1181 2153 φησὶ,
1209 2101 1227 2134 ι
1255 2083 1417 2154 λέϐης
1441 2084 1541 2154 τῆς
1562 2084 1772 2150 ἐλπίδος
1800 2103 1920 2158 μουο
1949 2105 1967 2138 ι

400 2167 515 2226 ἀνθ’
543 2166 603 2227 οὗ
632 2167 661 2225 6
699 2172 994 2244 Σύμμαχος
1017 2172 1267 2240 ἐξέδωκε,
1305 2196 1324 2227 ι
1357 2177 1531 2230 Μωάϐ
1572 2177 1738 2250 λέϐης
1779 2180 1974 2250 ἀμερι-

404 2263 564 2334 μνίας
606 2281 706 2333 μου
733 2280 745 2294 ο
780 2284 798 2316 ι
831 2265 858 2317 6
883 2263 939 2316 δὲ
981 2263 1241 2331 Ἀκύλας,
1285 2287 1302 2318 ι
1341 2268 1514 2322 Μωάϐ
1550 2269 1712 2340 λέϐης
1748 2269 1972 2342 λουτροῦ

402 2373 528 2427 μου.
573 2374 592 2407 ι
626 2350 760 2408 Εἶτα
785 2356 910 2428 περὶ
958 2355 1058 2426 τῆς
1103 2357 1405 2428 Ἰδουμαίας
1447 2360 1609 2424 αὐτὸς
1645 2361 1976 2430 ἐπαγγέλλε-

399 2465 490 2501 ται
541 2444 752 2514 λέγων·
793 2465 812 2497 ι
855 2446 979 2499 Ἐπὶ
1005 2445 1104 2518 τὴν
1154 2447 1457 2518 Ἰδουμαίαν
1499 2451 1700 2504 ἐκτενῶ
1739 2453 1801 2506 τὸ
1845 2438 1976 2506 61:6-

397 2533 550 2605 δημά
594 2553 726 2606 μουο
769 2557 788 2589 ›
839 2537 873 2604 ἢ
922 2537 1064 2589 κατὰ
1106 2536 1197 2590 τὸν
1248 2539 1578 2610 Σύμμαχον,
1637 2560 1656 2593 ι
1704 2543 1828 2595 Ἐπὶ
1879 2544 1975 2613 τὴν

411 2619 713 2693 Ἰδουμαίαν
767 2624 1100 2695 ἐπιϐήσομαι
1157 2625 1236 2695 τῷ
1283 2628 1587 2699 ὑποδήματι
1634 2648 1752 2701 μου.
1798 2650 1816 2682 ι
1867 2633 1976 2685 Καὶ

397 2702 624 2766 τοιαῦτα
669 2713 767 2783 μὲν
815 2715 1314 2787 ἐπαγγέλλεταιτῷ
1347 2719 1520 2772 Μωὰϐ
1556 2719 1650 2772 καὶ
1693 2723 1760 2792 τῇ
1817 2721 1976 2773 Ἰδου-

403 2802 562 2874 μαίᾳ.
604 2795 739 2872 Περὶ
783 2805 841 2857 δέ
870 2805 978 2859 τῶν
1003 2807 1316 2877 ἀλλοφύλων
1349 2809 1512 2862 πάλιν
1537 2811 1566 2862 ὁ
1599 2810 1760 2875 αὐτὸς
1795 2812 1978 2866 ἐπιλέ-

399 2901 487 2959 γει
508 2909 520 2920 ·
558 2910 578 2943 ι
632 2893 785 2964 Ἐμοὶ
817 2894 1101 2964 ἀλλόφυλοι
1137 2897 1514 2968 ὑπετάγησαν·
1555 2919 1574 2951 ›
1607 2900 1664 2972 ἤ,
1700 2901 1842 2956 κατὰ
1888 2903 1978 2956 τὸν

414 2978 642 3034 Ἀκύλαν
667 2999 680 3012 ·
717 3002 736 3034 ‹
781 2983 896 3037 Ἐπ’
920 2985 1019 3057 ἐμὲ
1050 2975 1365 3042 Φυλιστιαία
1401 2988 1522 3060 (sic)
1547 2983 1918 3066 ἡταιρήσατο·
1955 3015 1973 3046 ι

402 3075 543 3128 κατά
574 3075 631 3129 δὲ
659 3076 750 3130 τὸν
786 3077 1133 3144 Θεοδοτίωνα,
1174 3099 1192 3131 ι
1232 3081 1386 3152 Ἐμοὶ
1433 3081 1718 3152 ἀλλόφυλοι
1770 3085 1979 3154 ἐφιλία-

2074 1983 2222 2040 lebes
2256 1985 2568 2041 securitatis
2621 2001 2789 2052 meae;
2823 2007 2842 2037 ι
2879 1987 3076 2058 Aquila
3126 2002 3280 2052 vero,
3319 2007 3340 2039 ‹
3377 1987 3535 2044 Moab
3567 1990 3648 2044 le-

2073 2077 2171 2132 bes
2204 2077 2408 2131 lavacri
2458 2077 2584 2131 mei.
2623 2097 2641 2128 »
2691 2077 2956 2148 Deinceps
2989 2077 3058 2134 de
3104 2077 3335 2134 ldumaea
3370 2079 3485 2135 haec
3533 2080 3650 2150 ipse

2074 2168 2382 2239 pollicetur,
2421 2187 2440 2219 ι
2472 2167 2528 2222 In
2574 2167 2865 2223 Idumaeam
2898 2168 3186 2224 extendam
3214 2170 3646 2226 calceamentum

2074 2277 2318 2330 meump
2345 2261 2459 2318 sive
2480 2261 2780 2317 secundum
2802 2261 3216 2333 Symmachum,
3240 2280 3259 2313 ι
3283 2261 3342 2317 1η
3358 2263 3646 2318 Ιᾶιιωιειιηι

2074 2354 2442 2411 conscendam
2495 2355 2869 2410 calceamento
2913 2368 3054 2408 meo.
3089 2372 3108 2405 ι
3161 2354 3227 2407 Et
3269 2353 3386 2408 haec
3429 2354 3648 2425 quidem

2075 2443 2234 2500 Moab
2259 2453 2313 2501 et
2347 2445 2595 2500 ldumwa:
2629 2445 2938 2515 pollicetur.
2974 2443 3049 2500 De
3075 2445 3396 2516 alienigenis
3429 2459 3648 2501 rursum

2077 2536 2288 2606 adjicit,
2327 2555 2346 2588 ι
2380 2536 2512 2590 Mihi
2539 2536 2855 2608 alienigena:
2894 2535 3099 2591 subditi
3144 2545 3306 2604 sunt;
3346 2556 3366 2590 ι
3399 2537 3516 2593 sive
3555 2552 3645 2592 se-

2076 2625 2316 2681 cundum
2358 2628 2611 2696 Aquilam
2632 2668 2648 2694 ,
2701 2645 2720 2678 ι
2757 2625 2888 2681 Mihi
2917 2625 3228 2683 PhiliSthaza
3254 2629 3428 2683 amica
3457 2627 3589 2695 fuit;
3626 2647 3648 2681 ι

2079 2715 2378 2771 secundum
2407 2716 2838 2774 Theodotionem
2871 2726 3075 2782 autem,
3113 2736 3132 2770 ι
3165 2718 3294 2772 Mihi
3335 2719 3652 2790 alienigenae

2080 2808 2240 2862 amici
2267 2807 2397 2863 facti
2427 2819 2574 2864 sunt.
2609 2827 2627 2860 ι
2666 2807 2793 2865 Haec
2842 2824 3006 2880 porro
3039 2810 3172 2880 ipsis
3200 2811 3382 2866 verbis
3409 2820 3464 2866 et
3504 2813 3655 2867 voci-

2079 2898 2182 2954 bus
2233 2897 2289 2952 in
2339 2913 2449 2954 cvn
2496 2899 2707 2970 psalmo
2754 2899 2901 2954 dicta
2933 2911 3083 2964 sunt,
3132 2901 3185 2954 in
3215 2917 3324 2972 quo
3352 2902 3652 2960 secundum

2078 2989 2588 3061 LXXlnterpretes,
2655 2992 2863 3048 amicos
2926 2992 3020 3048 Dei
3060 2993 3276 3050 futuros
3322 2995 3651 3067 alienigenas

2085 3083 2143 3138 in
2171 3083 2437 3138 vaticinio
2479 3083 2676 3141 fertur.
2733 3083 3009 3154 Scriptum
3058 3088 3242 3156 itaque
3283 3093 3369 3142 est
3409 3087 3466 3142 in
3517 3087 3652 3142 illo:

405 3182 523 3224 σαν.
554 3181 572 3218 ι
597 3155 744 3223 Αύτά
771 3170 828 3222 δὲ
860 3170 1029 3224 ταῦτα
1062 3175 1175 3236 τοῖς
1202 3173 1385 3237 αὐτοῖς
1416 3175 1645 3246 ῥήμασι,
1670 3178 1764 3230 κα)⁸
1793 3178 1974 3243 αύταίς

2086 3193 2108 3228 ι
2139 3175 2298 3232 Moab
2323 3175 2472 3232 lebes
2503 3177 2618 3247 spei
2647 3192 2799 3233 meae.
2838 3176 2896 3232 In
2923 3155 3208 3234 ldumaaam
3234 3179 3522 3235 extendam
3541 3181 3658 3236 cal-

400 3257 578 3325 λέξισι
601 3261 694 3314 καὶ
720 3263 776 3314 ἐν
808 3261 884 3334 τῷ
914 3264 994 3334 ρξ’
1024 3264 1238 3336 εἴρηται
1263 3265 1481 3337 ψαλμῷ,
1516 3269 1574 3322 ἐν
1612 3263 1656 3338 ᾧ
1702 3272 1796 3324 καὶ
1836 3272 1978 3326 κατά

401 3351 527 3414 τοὺς
581 3351 981 3424 Ἐϐδομήκοντα
1019 3355 1286 3425 φιλιάσειν
1342 3356 1420 3428 τῷ
1450 3357 1568 3429 Θεῷ
1608 3361 1659 3412 οί
1692 3360 1975 3430 ἀλλόφυλοι

402 3441 768 3508 θεσπίξονται.
801 3447 1112 3519 Γέγραπται
1133 3449 1262 3517 γοῦν
1290 3451 1382 3503 καὶ
1411 3438 1468 3504 ἐν
1493 3452 1708 3524 ἐκείνῳ·
1750 3472 1769 3505 ι
1802 3454 1976 3508 Μωάϐ

401 3534 564 3606 λέϐης
590 3537 688 3607 τῆς
718 3537 932 3599 ἐλπίδος
959 3557 1079 3610 μου.
1123 3542 1246 3595 Ἐπὶ
1268 3543 1366 3614 τὴν
1405 3544 1708 3615 Ἰδουμαίαν
1736 3546 1978 3614 ἐπιϐαλῶ

402 3627 466 3680 τὸ
491 3626 745 3698 ὑπόδημά
791 3645 911 3698 μου,
942 3631 1067 3700 ἐμοὶ
1119 3631 1408 3702 ἀλλόφυλοι
1455 3634 1761 3704 ἐφιλίασαν.
1798 3656 1816 3689 ι
1868 3638 1978 3691 Καὶ

403 3716 576 3772 ταῦτα
597 3717 697 3790 μὲν
715 3720 842 3792 περὶ
870 3717 976 3775 τῶν
995 3721 1308 3791 ἀλλοφύλων
1326 3724 1528 3796 διῆλθε.
1554 3726 1709 3780 Μετὰ
1727 3727 1784 3780 δέ
1807 3728 1978 3781 ταῦτα

405 3813 471 3864 ἐκ
495 3806 784 3882 προσώπου
811 3811 904 3865 τοῦ
948 3813 1217 3868 Ἰουδαίων
1257 3814 1387 3869 λαοῦ
1417 3819 1450 3887 ἡ
1481 3819 1785 3890 προφητεία
1819 3821 1978 3874 πάλιν

405 3903 599 3972 ἐπάγει
651 3902 934 3974 φάσκουσα
955 3922 969 3935 ·
1021 3925 1040 3956 ι
1092 3906 1225 3976 Οὐχὶ
1251 3908 1316 3960 σὺ
1340 3909 1369 3960 6
1395 3908 1526 3972 Θεὸς
1565 3910 1594 3962 6
1621 3910 1978 3981 ἀπωσάμενος

406 3995 573 4063 ἡμᾶς,
605 3994 700 4047 καὶ
729 3994 828 4047 οὐκ
849 3994 1108 4068 ἐξελεύσῃ
1141 4001 1198 4050 ἐν
1221 4001 1341 4062 ταῖς
1387 3998 1678 4069 δυνάμεσιν
1712 4000 1907 4071 ήμῶν;
1955 4021 1972 4052 ι

410 4086 478 4137 ’Δ
511 4083 574 4155 δὴ
595 4085 757 4155 ὅμοια
781 4084 973 4154 γένοιτ’
995 4085 1061 4141 ἂν
1081 4090 1192 4152 τοῖς
1223 4089 1363 4142 κατά
1394 4090 1492 4158 τὴν
1520 4091 1694 4162 ἀρχὴν
1725 4088 1980 4162 λελεγμέ-

406 4193 518 4241 νοις
563 4177 619 4229 ἐν
645 4176 723 4247 τῷ
749 4215 763 4238 ,
797 4195 816 4228 ι
863 4176 920 4230 Ὁ
951 4177 1102 4240 Θεὸς,
1160 4179 1365 4233 ἀπώσω
1395 4182 1542 4250 ἡμᾶς
1588 4180 1682 4234 καὶ
1735 4180 1980 4242 καθεῖλες

407 4267 555 4338 ἡμᾶς
573 4284 588 4298 ·
626 4287 643 4318 ι
671 4267 736 4320 δι’
764 4260 839 4321 ὧν
857 4268 1044 4338 σαφῶς
1072 4270 1296 4334 ἐαυτοῦς
1333 4271 1430 4341 μὲν
1460 4271 1741 4326 ἀπεῶσθαι
1761 4272 1980 4340 λέγουσι

407 4359 501 4412 καὶ
538 4359 949 4432 καθαιρεῖσθαι,
1007 4361 1082 4433 μὴ
1128 4362 1270 4434 ἔχειν
1313 4381 1373 4416 τε
1405 4363 1495 4418 τὸν
1520 4363 1652 4418 Θεόν
1702 4364 1894 4436 βοηθὸν
1924 4366 1980 4418 ἐν

405 4454 527 4515 ταῖς
562 4452 769 4505 ἑαυτῶν
809 4453 1102 4524 δυνάμεσι·
1132 4457 1258 4519 τοὺς
1298 4455 1354 4508 δὲ
1393 4453 1720 4524 ἀλλοφύλους
1753 4455 1979 4512 καθόλου

2081 3274 2424 3322 ceamentum
2476 3283 2694 3332 meum,
2751 3267 2886 3324 mihi
2939 3269 3256 3340 alienigenae
3312 3272 3473 3327 amici
3524 3270 3657 3332 facti

2081 3365 2210 3415 sunt
2239 3359 2280 3413 ⁸.
2320 3378 2339 3411 ι
2373 3357 2440 3413 Ει
2470 3360 2585 3415 Ι]ωο
2609 3358 2827 3430 quidem
2873 3359 2943 3416 de
2990 3361 3309 3432 alienigenis
3339 3363 3654 3422 .enarravit.

2083 3450 2200 3506 Sub
2230 3451 2345 3507 haec
2369 3460 2549 3506 autem
2594 3467 2661 3507 ex
2703 3467 2938 3522 persona
2965 3451 3178 3507 Iudaici
3213 3453 3396 3523 populi
3425 3453 3658 3523 prophe-

2080 3543 2154 3596 tia
2186 3556 2407 3596 rursum
2439 3541 2630 3610 adjici:
2664 3559 2677 3595 :
2713 3559 2732 3594 ι
2763 3540 2954 3596 Nonne
2987 3551 3043 3596 tu
3065 3581 3080 3605 ,
3114 3539 3260 3597 Deus
3285 3583 3300 3609 ,
3335 3542 3429 3613 qui
3452 3543 3658 3611 repuli-

2081 3633 2151 3685 sti
2181 3646 2283 3685 nos
2303 3670 2318 3695 ,
2349 3636 2405 3686 et
2433 3645 2543 3686 non
2570 3631 2870 3701 egredieris
2897 3632 2954 3686 in
2983 3631 3276 3688 virtutibus
3304 3633 3510 3688 nostris
3539 3633 3600 3686 ’τ
3632 3653 3652 3686 ι

2081 3720 2214 3787 Quae
2258 3721 2457 3776 similia
2507 3729 2636 3777 sunt
2687 3722 2757 3778 iis
2801 3737 2924 3792 qua:
2969 3722 3040 3778 ab
3085 3722 3242 3778 initio
3291 3721 3438 3778 dicta
3484 3722 3657 3785 fuere.

2086 3827 2105 3861 ι
2130 3807 2299 3877 Deus,
2330 3810 2580 3880 repulisti
2601 3824 2703 3867 nos
2725 3822 2780 3866 et
2799 3811 3121 3870 destruxisti
3148 3829 3281 3870 nos:
3305 3833 3325 3867 ›
3349 3815 3507 3886 queis
3537 3831 3662 3886 per-

2081 3899 2270 3970 spicue
2299 3915 2358 3956 se
2389 3901 2638 3971 repulsos
2662 3909 2718 3956 et
2739 3900 3052 3958 destructas
3084 3903 3256 3960 fuisse
3282 3914 3530 3974 narrant,
3555 3922 3658 3962 ne-

2082 4005 2190 4060 que
2222 3988 2392 4044 Deum
2442 3990 2498 4044 in
2546 3989 2862 4054 virtutibus,
2912 3991 3028 4047 sive
3072 3992 3130 4047 in
3175 3995 3511 4052 exercitibus
3540 3995 3660 4052 suis

2082 4080 2436 4150 opitulantem
2492 4081 2693 4137 habere
2743 4099 2757 4136 ;
2807 4080 3139 4151 alienigenas
3181 4097 3314 4138 vero
3357 4087 3659 4154 generatim

2082 4187 2272 4227 omnes
2301 4173 2510 4228 amicos
2538 4171 2632 4227 Dei
2659 4171 2880 4227 ellectos
2909 4187 3069 4238 esse;
3102 4171 3260 4229 Moab
3289 4189 3418 4230 vero
3447 4177 3662 4246 specia-

2084 4265 2180 4318 tim
2205 4264 2434 4320 lebetem
2462 4265 2578 4336 spei
2602 4265 2742 4336 ejus,
2782 4281 2877 4320 seu
2907 4265 3137 4320 lebetem
3170 4265 3372 4321 lavacri
3401 4267 3542 4336 ejus,
3574 4269 3659 4323 vel

2084 4355 2396 4411 securitatis
2417 4355 2716 4425 ejus‘esse;
2745 4354 3143 4426 Idumaeamque
3171 4355 3541 4411 calceamento
3563 4354 3659 4412 Dei

2083 4447 2359 4518 dignatam
2398 4447 2588 4505 fuisse.
2651 4447 2778 4504 Haec
2825 4447 3192 4504 illustratione
3222 4447 3460 4520 Spiritus
3489 4447 3660 4503 divini

411 4543 510 4612 μὲν
531 4543 738 4607 πάντας
761 4543 946 4614 φίλους
995 4545 1274 4613 γεγονέναι
1299 4543 1376 4616 τῷ
1401 4545 1519 4617 Θεῷ
1544 4585 1560 4610 ,
1611 4537 1754 4609 ίδίως
1801 4545 1858 4600 δὲ
1889 4533 1974 4601 τὸν

2084 4539 2310 4596 edoctus
2334 4539 2505 4595 David
2527 4580 2544 4606 ,
2577 4541 2734 4612 quasi
2765 4556 2831 4596 ex
2858 4555 3092 4611 persona
3129 4539 3299 4595 totius
3326 4540 3546 4610 populi,
3577 4540 3662 4595 di-

407 4635 582 4690 Μωάϐ
609 4635 812 4706 λέϐητα
833 4634 996 4689 αὐτοῦ
1023 4635 1125 4706 τῆς
1151 4635 1360 4700 ἐλπίδος
1381 4675 1398 4700 ,
1431 4636 1463 4709 ἢ
1491 4635 1693 4708 λέϐητα
1721 4635 1815 4690 τοῦ
1858 4637 1981 4691 λου-

2082 4634 2180 4697 cit,
2221 4651 2241 4684 ι
2263 4632 2428 4689 Deus.
2452 4633 2698 4703 repulisti
2735 4647 2837 4689 nos
2869 4639 2923 4688 et
2945 4631 3269 4688 destruxisti
3298 4645 3433 4698 nos;
3467 4650 3486 4683 ι
3523 4633 3658 4694 sive,

407 4726 536 4798 τροῦ
572 4725 814 4798 αὑτοῦ,ἢ
849 4727 946 4799 τῆς
976 4725 1306 4798 ἀμεριμνίας
1339 4727 1502 4781 αὐτοῦ
1536 4728 1811 4798 γεγονέναι
1831 4745 1844 4758 ’
1883 4729 1974 4800 τὴν

2085 4725 2385 4780 secundum
2419 4724 2804 4797 Symmachum
2841 4743 2853 4777 :
2893 4742 2913 4776 ι
2945 4722 3111 4788 Deus,
3164 4722 3414 4792 abjecisti
3440 4737 3576 4786 nos,
3607 4733 3662 4778 et

408 4817 464 4874 δὲ
503 4819 804 4890 Ἰδουμαίαν
831 4818 924 4873 τοῦ
947 4820 1115 4892 ύποδή
1123 4836 1289 4891 ματος
1314 4818 1408 4873 τοῦ
1432 4819 1568 4875 Θεοῦ
1591 4820 1974 4892 κατηξιῶσθαι.

2086 4816 2369 4872 abscidisti
2397 4832 2499 4871 nos
2519 4855 2533 4880 ,
2567 4836 2586 4868 ι
2620 4816 2981 4884 abjectionem
3023 4823 3080 4871 et
3112 4814 3506 4870 abscissionem
3539 4831 3660 4869 ma-

409 4908 571 4962 Ταῦτ’
597 4906 693 4964 οὖν
719 4909 797 4979 τῷ
834 4907 1110 4980 Πνεύματι
1138 4906 1216 4980 τῷ
1249 4908 1378 4980 θείῳ
1410 4910 1698 4978 φωτισθεὶς
1726 4912 1755 4964 6
1797 4910 1974 4974 Δαυῒδ,

2085 4907 2286 4964 nileste
2333 4907 2670 4980 significans.
2740 4906 3034 4979 Subjungit
3054 4914 3332 4978 postea”
3370 4905 3548 4962 lratus
3575 4923 3658 4968 es.

410 5004 699 5056 κοινοποιεῖ
727 5001 815 5056 τὸν
836 5001 993 5071 λόγον
1009 4999 1084 5066 ὡς
1111 5003 1176 5055 ἐκ
1200 4999 1489 5073 προσώπου
1516 5001 1610 5055 τοῦ
1631 5003 1831 5067 παντὸς
1851 5003 1974 5056 λαοῦ

2088 5006 2144 5056 et
2188 4999 2446 5056 misertus
2492 5015 2554 5055 es
2599 4999 2791 5067 nobis;
2831 5019 2850 5052 ι
2897 4997 3197 5055 secundum
3227 5000 3478 5070 Aquilam
3508 5013 3658 5062 vero.

411 5095 504 5150 καί
556 5112 749 5165 φησιν·
795 5113 814 5145 ι
864 5095 922 5148 Ὀ
951 5093 1114 5158 Θεὸς,
1161 5091 1366 5148 ἀπώσω
1406 5094 1554 5166 ἡμᾶς
1606 5095 1700 5150 καὶ
1739 5094 1974 5160 καθεῖλες

2096 5115 2115 5148 ι
2147 5095 2322 5153 Iratus
2355 5095 2600 5151 avertisti
2650 5109 2786 5160 nos;
2825 5113 2844 5148 ›
2895 5092 3197 5149 secundum
3249 5092 3658 5166 Symmachum.

413 5189 584 5259 ἡμᾶς·
616 5207 634 5238 ι
660 5186 713 5258 ἢ,
749 5187 889 5240 κατά
917 5187 1010 5240 τὸν
1041 5186 1331 5258 Σύμμαχον
1350 5201 1364 5216 ο
1398 5205 1418 5237 ι
1468 5187 1527 5239 '0
1541 5185 1694 5250 Θεὸς,
1710 5185 1974 5240 ἀπεϐάλου

2096 5207 2113 5237 ‹
2147 5185 2323 5242 Iratus
2347 5201 2428 5253 es,
2451 5191 2504 5240 et
2525 5183 2939 5240 circumduxiin
2965 5198 3100 5250 nos;
3122 5201 3140 5235 ι
3175 5183 3476 5239 secundum
3500 5181 3663 5253 quin-

412 5281 582 5350 ἡμᾶς,
615 5279 711 5333 καὶ
759 5278 1012 5350 διέκοψας
1057 5279 1236 5349 ἡμᾶς·
1282 5297 1299 5328 ι
1346 5277 1531 5348 σαφῶς
1573 5275 1844 5349 ἀποϐολήν
1889 5277 1974 5331 καὶ

2089 5286 2201 5334 tam
2229 5279 2546 5343 editionem,
2576 5276 2683 5330 «Et
2710 5275 3126 5332 circumduxisti
3165 5291 3320 5332 nos.)
3357 5273 3482 5330 Haec
3497 5288 3663 5344 porr»

414 5366 695 5439 ἀποκοπὴν
717 5367 896 5420 αὐτῶν
919 5364 1180 5437 δηλώσας.
1208 5361 1318 5422 Εἶτ’
1342 5366 1601 5436 ἐπιλέγει·
1631 5385 1650 5419 ι
1673 5367 1974 5440 Ὠργίσθης,

2088 5377 2316 5426 eventus
2341 5383 2521 5425 rerum
2554 5369 2674 5438 plus
2706 5383 2866 5438 quam
2893 5368 3057 5422 verba
3089 5367 3353 5423 declarat.

415 5457 509 5512 καὶ
535 5458 873 5530 ᾡκτείρησας
896 5458 1070 5531 ἡμᾶς·
1087 5479 1105 5512 ›
1143 5461 1284 5513 κατά
1314 5460 1370 5514 δέ
1398 5460 1490 5514 τὸν
1529 5461 1779 5527 Ἀκύλαν,
1804 5480 1824 5512 ι
1854 5460 2140 5532 Θυμωθεὶς
2166 5460 2534 5534 μετέστρεψας
2562 5463 2708 5533 ἡμᾶς
2726 5478 2772 5512 ·›
2795 5459 2935 5514 κατά
2960 5459 3017 5513 δὲ
3042 5460 3134 5513 τὸν
3159 5458 3472 5530 Σύμμαχον,
3502 5475 3520 5506 ι
3552 5455 3666 5527 Ὠρ-

414 5554 626 5624 γίσθης,
689 5555 782 5608 καὶ
849 5536 1179 5625 περιήγαγες
1244 5555 1419 5626 ἡμᾶς·
1461 5574 1478 5606 ι
1521 5554 1660 5609 κατὰ
1701 5555 1758 5609 δέ
1799 5555 1896 5628 τήν
1941 5555 2197 5628 πέμπτην
2261 5556 2490 5620 ἔκδοσιν,
2527 5575 2546 5608 ι
2593 5557 2703 5610 Καὶ
2738 5556 3074 5626 περιήγαγες
3111 5555 3339 5627 ἡμᾶς..)
3381 5551 3568 5606 Ταῦτα
3606 5551 3666 5607 δέ

419 5647 615 5720 μᾶλλον
645 5649 751 5704 τῶν
773 5649 946 5718 λόγων
972 5652 1006 5722 ἡ
1035 5650 1142 5703 τῶν
1173 5648 1510 5721 πραγμάτων
1556 5648 1776 5714 ἔκϐασις
1815 5650 2130 5721 παρίστησι,

495 5830 519 5862 ⁵
547 5831 690 5889 Psal.
725 5847 864 5895 cvn,
906 5832 989 5887 10.
1068 5834 1088 5864 '
1129 5831 1261 5888 ibid.
1299 5833 1385 5888 12.
