  <div class='ocr_page' id='page_1' title='image "/cluster/home/n/w/nwhite01/storage/ocr_20150623/23:no.5/coo.31924054873033/295.png"; bbox 0 0 4090 6374; ppageno 0'>
   <div class='ocr_carea' id='block_1_1' title="bbox 435 417 539 471">
    <p class='ocr_par' dir='ltr' id='par_1_1' title="bbox 435 417 539 471">
     <span class='ocr_line' id='line_1_1' title="bbox 435 417 539 471; baseline -0.01 -1"><span class='ocrx_word' id='word_1_1' title='bbox 435 417 539 471; x_wconf 66' lang='grc' dir='ltr'><strong>5ὕ9</strong></span> 
     </span>
    </p>
   </div>
   <div class='ocr_carea' id='block_1_2' title="bbox 1101 402 2998 467">
    <p class='ocr_par' dir='ltr' id='par_1_2' title="bbox 1101 402 2998 467">
     <span class='ocr_line' id='line_1_2' title="bbox 1101 402 2998 467; baseline -0.003 -3"><span class='ocrx_word' id='word_1_2' title='bbox 1101 407 1370 467; x_wconf 79' lang='lat' dir='ltr'><strong>EUSEBII</strong></span> <span class='ocrx_word' id='word_1_3' title='bbox 1407 403 1884 463; x_wconf 60' lang='lat' dir='ltr'><strong>CESARIENSiS</strong></span> <span class='ocrx_word' id='word_1_4' title='bbox 1933 402 2084 459; x_wconf 77' lang='lat' dir='ltr'><strong>OPP.</strong></span> <span class='ocrx_word' id='word_1_5' title='bbox 2128 402 2308 461; x_wconf 74' lang='lat' dir='ltr'><strong>PARS</strong></span> <span class='ocrx_word' id='word_1_6' title='bbox 2345 404 2433 462; x_wconf 80' lang='grc' dir='ltr'><strong>ΠΙ.</strong></span> <span class='ocrx_word' id='word_1_7' title='bbox 2479 436 2548 445; x_wconf 88' lang='grc'><strong>-</strong></span> <span class='ocrx_word' id='word_1_8' title='bbox 2586 403 2998 462; x_wconf 80' lang='lat' dir='ltr'><strong>EXEGETICA.</strong></span> 
     </span>
    </p>
   </div>
   <div class='ocr_carea' id='block_1_3' title="bbox 3571 403 3678 460">
    <p class='ocr_par' dir='ltr' id='par_1_3' title="bbox 3571 403 3678 460">
     <span class='ocr_line' id='line_1_3' title="bbox 3571 403 3678 460; baseline -0.056 1"><span class='ocrx_word' id='word_1_9' title='bbox 3571 403 3678 460; x_wconf 81' lang='lat'><strong>560</strong></span> 
     </span>
    </p>
   </div>
   <div class='ocr_carea' id='block_1_4' title="bbox 502 524 2006 599">
    <p class='ocr_par' dir='ltr' id='par_1_4' title="bbox 502 526 1998 599">
     <span class='ocr_line' id='line_1_4' title="bbox 502 526 1998 599; baseline -0.005 -13"><span class='ocrx_word' id='word_1_10' title='bbox 502 530 938 588; x_wconf 82' lang='lat' dir='ltr'><strong>PastSalvatoris</strong></span> <span class='ocrx_word' id='word_1_11' title='bbox 957 530 1137 598; x_wconf 84' lang='lat' dir='ltr'><strong>itaque</strong></span> <span class='ocrx_word' id='word_1_12' title='bbox 1159 530 1332 584; x_wconf 80' lang='lat' dir='ltr'><strong>nostri</strong></span> <span class='ocrx_word' id='word_1_13' title='bbox 1355 529 1667 589; x_wconf 82' lang='lat' dir='ltr'><strong>adventum.</strong></span> <span class='ocrx_word' id='word_1_14' title='bbox 1684 527 1900 599; x_wconf 88' lang='lat' dir='ltr'><strong>quando</strong></span> <span class='ocrx_word' id='word_1_15' title='bbox 1923 526 1998 579; x_wconf 88' lang='lat' dir='ltr'><strong>iu-</strong></span> 
     </span>
    </p>
   </div>
   <div class='ocr_carea' id='block_1_5' title="bbox 2107 524 3678 599">
    <p class='ocr_par' dir='ltr' id='par_1_5' title="bbox 2170 524 3678 598">
     <span class='ocr_line' id='line_1_5' title="bbox 2170 524 3678 598; baseline 0.001 -18"><span class='ocrx_word' id='word_1_16' title='bbox 2170 528 2322 581; x_wconf 86' lang='grc' dir='ltr'>Μετά</span> <span class='ocrx_word' id='word_1_17' title='bbox 2372 527 2503 596; x_wconf 89' lang='grc' dir='ltr'>γοῦν</span> <span class='ocrx_word' id='word_1_18' title='bbox 2555 527 2653 595; x_wconf 77' lang='grc' dir='ltr'>τὴν</span> <span class='ocrx_word' id='word_1_19' title='bbox 2709 526 2802 580; x_wconf 86' lang='grc' dir='ltr'><strong>τοῦ</strong></span> <span class='ocrx_word' id='word_1_20' title='bbox 2862 526 3112 598; x_wconf 77' lang='grc' dir='ltr'><strong>Σωτῆρος</strong></span> <span class='ocrx_word' id='word_1_21' title='bbox 3162 524 3323 597; x_wconf 80' lang='grc' dir='ltr'>ημῶν</span> <span class='ocrx_word' id='word_1_22' title='bbox 3373 527 3678 598; x_wconf 80' lang='grc' dir='ltr'><strong>παρουσίαν</strong></span> 
     </span>
    </p>
   </div>
   <div class='ocr_carea' id='block_1_6' title="bbox 429 618 2003 689">
    <p class='ocr_par' dir='ltr' id='par_1_6' title="bbox 429 618 2003 689">
     <span class='ocr_line' id='line_1_6' title="bbox 429 618 2003 689; baseline -0.002 -14"><span class='ocrx_word' id='word_1_23' title='bbox 429 624 570 679; x_wconf 85' lang='lat' dir='ltr'><strong>vasit</strong></span> <span class='ocrx_word' id='word_1_24' title='bbox 596 638 692 677; x_wconf 89' lang='lat' dir='ltr'><strong>eos</strong></span> <span class='ocrx_word' id='word_1_25' title='bbox 722 622 801 675; x_wconf 90' lang='lat' dir='ltr'><strong>ira</strong></span> <span class='ocrx_word' id='word_1_26' title='bbox 830 623 885 675; x_wconf 90' lang='lat' dir='ltr'><strong>in</strong></span> <span class='ocrx_word' id='word_1_27' title='bbox 917 620 1097 685; x_wconf 86' lang='lat' dir='ltr'><strong>finem,</strong></span> <span class='ocrx_word' id='word_1_28' title='bbox 1128 620 1242 674; x_wconf 78' lang='lat' dir='ltr'><strong>btec</strong></span> <span class='ocrx_word' id='word_1_29' title='bbox 1260 620 1444 673; x_wconf 84' lang='lat' dir='ltr'><strong>omnia</strong></span> <span class='ocrx_word' id='word_1_30' title='bbox 1466 620 1634 689; x_wconf 80' lang='lat' dir='ltr'><strong>passi,</strong></span> <span class='ocrx_word' id='word_1_31' title='bbox 1659 619 1882 689; x_wconf 81' lang='lat' dir='ltr'><strong>repulsi,</strong></span> <span class='ocrx_word' id='word_1_32' title='bbox 1913 618 2003 672; x_wconf 89' lang='lat' dir='ltr'><strong>de-</strong></span> 
     </span>
    </p>
   </div>
   <div class='ocr_carea' id='block_1_7' title="bbox 429 709 1997 783">
    <p class='ocr_par' dir='ltr' id='par_1_7' title="bbox 429 709 1997 783">
     <span class='ocr_line' id='line_1_7' title="bbox 429 709 1997 783; baseline -0.008 -10"><span class='ocrx_word' id='word_1_33' title='bbox 429 715 624 773; x_wconf 89' lang='lat' dir='ltr'><strong>structi</strong></span> <span class='ocrx_word' id='word_1_34' title='bbox 642 723 695 770; x_wconf 91' lang='lat' dir='ltr'><strong>et</strong></span> <span class='ocrx_word' id='word_1_35' title='bbox 710 714 910 783; x_wconf 67' lang='lat' dir='ltr'><strong>abiecti</strong></span> <span class='ocrx_word' id='word_1_36' title='bbox 941 720 1098 778; x_wconf 89' lang='lat' dir='ltr'><strong>sunt;</strong></span> <span class='ocrx_word' id='word_1_37' title='bbox 1126 711 1355 767; x_wconf 91' lang='lat' dir='ltr'><strong>abscissi</strong></span> <span class='ocrx_word' id='word_1_38' title='bbox 1384 710 1513 765; x_wconf 87' lang='lat' dir='ltr'><strong>item</strong></span> <span class='ocrx_word' id='word_1_39' title='bbox 1537 720 1590 766; x_wconf 91' lang='lat' dir='ltr'><strong>et</strong></span> <span class='ocrx_word' id='word_1_40' title='bbox 1617 709 1997 772; x_wconf 74' lang='lat' dir='ltr'><strong>circumducti,</strong></span> 
     </span>
    </p>
   </div>
   <div class='ocr_carea' id='block_1_8' title="bbox 430 798 2001 873">
    <p class='ocr_par' dir='ltr' id='par_1_8' title="bbox 430 798 2001 873">
     <span class='ocr_line' id='line_1_8' title="bbox 430 798 2001 873; baseline -0.008 -10"><span class='ocrx_word' id='word_1_41' title='bbox 430 808 486 863; x_wconf 88' lang='lat' dir='ltr'><strong>in</strong></span> <span class='ocrx_word' id='word_1_42' title='bbox 516 819 814 873; x_wconf 86' lang='lat' dir='ltr'><strong>omnesque</strong></span> <span class='ocrx_word' id='word_1_43' title='bbox 861 811 1047 872; x_wconf 79' lang='lat' dir='ltr'><strong>gentes</strong></span> <span class='ocrx_word' id='word_1_44' title='bbox 1079 801 1332 871; x_wconf 83' lang='lat' dir='ltr'><strong>dispersi.</strong></span> <span class='ocrx_word' id='word_1_45' title='bbox 1364 798 1472 854; x_wconf 86' lang='lat' dir='ltr'><strong>Sed</strong></span> <span class='ocrx_word' id='word_1_46' title='bbox 1503 799 1689 865; x_wconf 85' lang='lat' dir='ltr'><strong>etiam,</strong></span> <span class='ocrx_word' id='word_1_47' title='bbox 1714 816 1734 850; x_wconf 85' lang='grc' dir='ltr'><strong>ι</strong></span> <span class='ocrx_word' id='word_1_48' title='bbox 1755 813 2001 852; x_wconf 85' lang='lat' dir='ltr'><strong>commo-</strong></span> 
     </span>
    </p>
   </div>
   <div class='ocr_carea' id='block_1_9' title="bbox 430 887 2002 960">
    <p class='ocr_par' dir='ltr' id='par_1_9' title="bbox 430 887 2002 960">
     <span class='ocr_line' id='line_1_9' title="bbox 430 887 2002 960; baseline -0.003 -16"><span class='ocrx_word' id='word_1_49' title='bbox 430 893 578 956; x_wconf 80' lang='lat' dir='ltr'><strong>visti,</strong></span> <span class='ocrx_word' id='word_1_50' title='bbox 619 891 813 960; x_wconf 90' lang='lat' dir='ltr'><strong>inquit,</strong></span> <span class='ocrx_word' id='word_1_51' title='bbox 841 896 1041 945; x_wconf 85' lang='lat' dir='ltr'><strong>terram</strong></span> <span class='ocrx_word' id='word_1_52' title='bbox 1077 899 1126 942; x_wconf 86' lang='lat' dir='ltr'><strong>et</strong></span> <span class='ocrx_word' id='word_1_53' title='bbox 1172 888 1508 942; x_wconf 83' lang='lat' dir='ltr'><strong>conturbasti</strong></span> <span class='ocrx_word' id='word_1_54' title='bbox 1525 902 1667 949; x_wconf 91' lang='lat' dir='ltr'><strong>eam,</strong></span> <span class='ocrx_word' id='word_1_55' title='bbox 1711 887 1841 956; x_wconf 83' lang='lat' dir='ltr'><strong>quia</strong></span> <span class='ocrx_word' id='word_1_56' title='bbox 1872 900 2002 941; x_wconf 74' lang='lat' dir='ltr'><strong>sex-</strong></span> 
     </span>
    </p>
   </div>
   <div class='ocr_carea' id='block_1_10' title="bbox 431 978 2003 1047">
    <p class='ocr_par' dir='ltr' id='par_1_10' title="bbox 431 978 2003 1047">
     <span class='ocr_line' id='line_1_10' title="bbox 431 978 2003 1047; baseline -0.004 -9"><span class='ocrx_word' id='word_1_57' title='bbox 431 993 590 1038; x_wconf 90' lang='lat' dir='ltr'><strong>centa</strong></span> <span class='ocrx_word' id='word_1_58' title='bbox 615 983 685 1037; x_wconf 92' lang='lat' dir='ltr'><strong>ibi</strong></span> <span class='ocrx_word' id='word_1_59' title='bbox 714 980 1112 1047; x_wconf 85' lang='lat' dir='ltr'><strong>malaiuerant;</strong></span> <span class='ocrx_word' id='word_1_60' title='bbox 1136 979 1192 1033; x_wconf 89' lang='lat' dir='ltr'><strong>in</strong></span> <span class='ocrx_word' id='word_1_61' title='bbox 1226 990 1369 1034; x_wconf 90' lang='lat' dir='ltr'><strong>terra</strong></span> <span class='ocrx_word' id='word_1_62' title='bbox 1401 980 1524 1033; x_wconf 88' lang='lat' dir='ltr'><strong>dico</strong></span> <span class='ocrx_word' id='word_1_63' title='bbox 1547 993 1760 1041; x_wconf 89' lang='lat' dir='ltr'><strong>eorum,</strong></span> <span class='ocrx_word' id='word_1_64' title='bbox 1789 978 2003 1033; x_wconf 82' lang='lat' dir='ltr'><strong>scilicet</strong></span> 
     </span>
    </p>
   </div>
   <div class='ocr_carea' id='block_1_11' title="bbox 430 1070 2001 1144">
    <p class='ocr_par' dir='ltr' id='par_1_11' title="bbox 430 1070 2001 1144">
     <span class='ocr_line' id='line_1_11' title="bbox 430 1070 2001 1144; baseline -0.004 -12"><span class='ocrx_word' id='word_1_65' title='bbox 430 1076 752 1139; x_wconf 71' lang='lat' dir='ltr'><strong>Jerusalem,</strong></span> <span class='ocrx_word' id='word_1_66' title='bbox 786 1074 877 1129; x_wconf 90' lang='lat' dir='ltr'><strong>ubi</strong></span> <span class='ocrx_word' id='word_1_67' title='bbox 909 1073 1058 1144; x_wconf 88' lang='lat' dir='ltr'><strong>regia</strong></span> <span class='ocrx_word' id='word_1_68' title='bbox 1090 1081 1143 1129; x_wconf 88' lang='lat' dir='ltr'><strong>et</strong></span> <span class='ocrx_word' id='word_1_69' title='bbox 1173 1073 1572 1135; x_wconf 89' lang='lat' dir='ltr'><strong>sanctuarium,</strong></span> <span class='ocrx_word' id='word_1_70' title='bbox 1606 1070 1697 1125; x_wconf 93' lang='lat' dir='ltr'><strong>ubi</strong></span> <span class='ocrx_word' id='word_1_71' title='bbox 1730 1072 1914 1126; x_wconf 84' lang='lat' dir='ltr'><strong>omnia</strong></span> <span class='ocrx_word' id='word_1_72' title='bbox 1944 1072 2001 1126; x_wconf 92' lang='lat' dir='ltr'><strong>in</strong></span> 
     </span>
    </p>
   </div>
   <div class='ocr_carea' id='block_1_12' title="bbox 432 1162 2001 1239">
    <p class='ocr_par' dir='ltr' id='par_1_12' title="bbox 432 1162 2001 1239">
     <span class='ocr_line' id='line_1_12' title="bbox 432 1162 2001 1239; baseline -0.005 -15"><span class='ocrx_word' id='word_1_73' title='bbox 432 1170 549 1239; x_wconf 89' lang='lat' dir='ltr'><strong>lege</strong></span> <span class='ocrx_word' id='word_1_74' title='bbox 574 1166 881 1223; x_wconf 87' lang='lat' dir='ltr'><strong>veneranda</strong></span> <span class='ocrx_word' id='word_1_75' title='bbox 908 1165 1393 1234; x_wconf 69' lang='lat' dir='ltr'><strong>persolveliautur:</strong></span> <span class='ocrx_word' id='word_1_76' title='bbox 1424 1162 1541 1218; x_wconf 83' lang='lat' dir='ltr'><strong>sive</strong></span> <span class='ocrx_word' id='word_1_77' title='bbox 1582 1163 1749 1217; x_wconf 80' lang='lat' dir='ltr'><strong>etiam</strong></span> <span class='ocrx_word' id='word_1_78' title='bbox 1801 1164 1855 1216; x_wconf 89' lang='lat' dir='ltr'><strong>in</strong></span> <span class='ocrx_word' id='word_1_79' title='bbox 1888 1171 2001 1218; x_wconf 89' lang='lat' dir='ltr'><strong>tota</strong></span> 
     </span>
    </p>
   </div>
   <div class='ocr_carea' id='block_1_13' title="bbox 430 1252 2003 1325">
    <p class='ocr_par' dir='ltr' id='par_1_13' title="bbox 430 1252 2003 1325">
     <span class='ocr_line' id='line_1_13' title="bbox 430 1252 2003 1325; baseline -0.001 -16"><span class='ocrx_word' id='word_1_80' title='bbox 430 1257 647 1310; x_wconf 89' lang='lat' dir='ltr'><strong>illorum</strong></span> <span class='ocrx_word' id='word_1_81' title='bbox 692 1255 947 1325; x_wconf 79' lang='lat' dir='ltr'><strong>regione;</strong></span> <span class='ocrx_word' id='word_1_82' title='bbox 990 1255 1105 1308; x_wconf 83' lang='lat' dir='ltr'><strong>sive</strong></span> <span class='ocrx_word' id='word_1_83' title='bbox 1134 1254 1188 1308; x_wconf 91' lang='lat' dir='ltr'><strong>in</strong></span> <span class='ocrx_word' id='word_1_84' title='bbox 1236 1253 1526 1307; x_wconf 81' lang='lat' dir='ltr'><strong>animabus</strong></span> <span class='ocrx_word' id='word_1_85' title='bbox 1555 1267 1745 1307; x_wconf 89' lang='lat' dir='ltr'><strong>eorum</strong></span> <span class='ocrx_word' id='word_1_86' title='bbox 1795 1252 2003 1322; x_wconf 87' lang='lat' dir='ltr'><strong>tropice</strong></span> 
     </span>
    </p>
   </div>
   <div class='ocr_carea' id='block_1_14' title="bbox 433 1343 2002 1417">
    <p class='ocr_par' dir='ltr' id='par_1_14' title="bbox 433 1343 2002 1417">
     <span class='ocr_line' id='line_1_14' title="bbox 433 1343 2002 1417; baseline -0.003 -15"><span class='ocrx_word' id='word_1_87' title='bbox 433 1358 576 1403; x_wconf 88' lang='lat' dir='ltr'><strong>terra</strong></span> <span class='ocrx_word' id='word_1_88' title='bbox 601 1348 951 1417; x_wconf 81' lang='lat' dir='ltr'><strong>nuncupatis.</strong></span> <span class='ocrx_word' id='word_1_89' title='bbox 982 1346 1113 1412; x_wconf 79' lang='lat' dir='ltr'><strong>Quae</strong></span> <span class='ocrx_word' id='word_1_90' title='bbox 1140 1345 1322 1401; x_wconf 89' lang='lat' dir='ltr'><strong>omnia</strong></span> <span class='ocrx_word' id='word_1_91' title='bbox 1351 1343 1642 1400; x_wconf 80' lang='lat' dir='ltr'><strong>confertim</strong></span> <span class='ocrx_word' id='word_1_92' title='bbox 1667 1343 1739 1399; x_wconf 93' lang='lat' dir='ltr'><strong>ob</strong></span> <span class='ocrx_word' id='word_1_93' title='bbox 1757 1343 2002 1413; x_wconf 85' lang='lat' dir='ltr'><strong>improba</strong></span> 
     </span>
    </p>
   </div>
   <div class='ocr_carea' id='block_1_15' title="bbox 431 1437 2004 1506">
    <p class='ocr_par' dir='ltr' id='par_1_15' title="bbox 431 1437 2004 1506">
     <span class='ocr_line' id='line_1_15' title="bbox 431 1437 2004 1506; baseline -0.003 -12"><span class='ocrx_word' id='word_1_94' title='bbox 431 1456 618 1495; x_wconf 90' lang='lat' dir='ltr'><strong>eorum</strong></span> <span class='ocrx_word' id='word_1_95' title='bbox 652 1439 916 1506; x_wconf 79' lang='lat' dir='ltr'><strong>facinora,</strong></span> <span class='ocrx_word' id='word_1_96' title='bbox 944 1446 1217 1493; x_wconf 89' lang='lat' dir='ltr'><strong>commata</strong></span> <span class='ocrx_word' id='word_1_97' title='bbox 1239 1445 1295 1492; x_wconf 93' lang='lat' dir='ltr'><strong>et</strong></span> <span class='ocrx_word' id='word_1_98' title='bbox 1317 1437 1642 1492; x_wconf 85' lang='lat' dir='ltr'><strong>conturbata</strong></span> <span class='ocrx_word' id='word_1_99' title='bbox 1670 1444 1820 1492; x_wconf 89' lang='lat' dir='ltr'><strong>sunt.</strong></span> <span class='ocrx_word' id='word_1_100' title='bbox 1849 1437 2004 1490; x_wconf 84' lang='lat' dir='ltr'><strong>Atta-</strong></span> 
     </span>
    </p>
   </div>
   <div class='ocr_carea' id='block_1_16' title="bbox 433 1528 2004 1602">
    <p class='ocr_par' dir='ltr' id='par_1_16' title="bbox 433 1528 2004 1602">
     <span class='ocr_line' id='line_1_16' title="bbox 433 1528 2004 1602; baseline -0.003 -16"><span class='ocrx_word' id='word_1_101' title='bbox 433 1548 557 1587; x_wconf 91' lang='lat' dir='ltr'><strong>men</strong></span> <span class='ocrx_word' id='word_1_102' title='bbox 584 1538 738 1602; x_wconf 84' lang='lat' dir='ltr'><strong>rogat</strong></span> <span class='ocrx_word' id='word_1_103' title='bbox 768 1530 1040 1600; x_wconf 83' lang='lat' dir='ltr'><strong>Propheta</strong></span> <span class='ocrx_word' id='word_1_104' title='bbox 1082 1529 1136 1583; x_wconf 92' lang='lat' dir='ltr'><strong>in</strong></span> <span class='ocrx_word' id='word_1_105' title='bbox 1173 1530 1530 1600; x_wconf 85' lang='lat' dir='ltr'><strong>sequentibus</strong></span> <span class='ocrx_word' id='word_1_106' title='bbox 1560 1547 1574 1583; x_wconf 88' lang='lat'>:</span> <span class='ocrx_word' id='word_1_107' title='bbox 1613 1547 1632 1579; x_wconf 83' lang='grc' dir='ltr'><strong>ι</strong></span> <span class='ocrx_word' id='word_1_108' title='bbox 1668 1528 1814 1582; x_wconf 88' lang='lat' dir='ltr'><strong>Sana</strong></span> <span class='ocrx_word' id='word_1_109' title='bbox 1869 1542 2004 1582; x_wconf 88' lang='lat' dir='ltr'><strong>con-</strong></span> 
     </span>
    </p>
   </div>
   <div class='ocr_carea' id='block_1_17' title="bbox 432 1617 2005 1690">
    <p class='ocr_par' dir='ltr' id='par_1_17' title="bbox 432 1617 2005 1690">
     <span class='ocr_line' id='line_1_17' title="bbox 432 1617 2005 1690; baseline -0.005 -15"><span class='ocrx_word' id='word_1_110' title='bbox 432 1622 683 1675; x_wconf 87' lang='lat' dir='ltr'><strong>tritiones</strong></span> <span class='ocrx_word' id='word_1_111' title='bbox 705 1620 844 1689; x_wconf 88' lang='lat' dir='ltr'><strong>ejus,</strong></span> <span class='ocrx_word' id='word_1_112' title='bbox 882 1620 1008 1690; x_wconf 89' lang='lat' dir='ltr'><strong>quia</strong></span> <span class='ocrx_word' id='word_1_113' title='bbox 1036 1629 1309 1674; x_wconf 88' lang='lat' dir='ltr'><strong>commota</strong></span> <span class='ocrx_word' id='word_1_114' title='bbox 1333 1624 1436 1673; x_wconf 86' lang='lat' dir='ltr'><strong>est.</strong></span> <span class='ocrx_word' id='word_1_115' title='bbox 1473 1635 1494 1668; x_wconf 72' lang='grc' dir='ltr'><strong>ι</strong></span> <span class='ocrx_word' id='word_1_116' title='bbox 1527 1617 1571 1670; x_wconf 78' lang='grc' dir='ltr'><strong>Α</strong></span> <span class='ocrx_word' id='word_1_117' title='bbox 1596 1617 1818 1687; x_wconf 89' lang='lat' dir='ltr'><strong>proprio</strong></span> <span class='ocrx_word' id='word_1_118' title='bbox 1846 1631 2005 1671; x_wconf 82' lang='lat' dir='ltr'><strong>nam-</strong></span> 
     </span>
    </p>
   </div>
   <div class='ocr_carea' id='block_1_18' title="bbox 431 1708 2000 1783">
    <p class='ocr_par' dir='ltr' id='par_1_18' title="bbox 431 1708 2000 1783">
     <span class='ocr_line' id='line_1_18' title="bbox 431 1708 2000 1783; baseline -0.002 -17"><span class='ocrx_word' id='word_1_119' title='bbox 431 1729 538 1783; x_wconf 90' lang='lat' dir='ltr'><strong>que</strong></span> <span class='ocrx_word' id='word_1_120' title='bbox 569 1714 687 1767; x_wconf 88' lang='lat' dir='ltr'><strong>loco</strong></span> <span class='ocrx_word' id='word_1_121' title='bbox 715 1720 771 1767; x_wconf 89' lang='lat' dir='ltr'><strong>et</strong></span> <span class='ocrx_word' id='word_1_122' title='bbox 816 1712 925 1766; x_wconf 83' lang='lat' dir='ltr'><strong>situ</strong></span> <span class='ocrx_word' id='word_1_123' title='bbox 968 1719 1243 1765; x_wconf 85' lang='lat' dir='ltr'><strong>cammota</strong></span> <span class='ocrx_word' id='word_1_124' title='bbox 1305 1718 1363 1765; x_wconf 77' lang='lat' dir='ltr'><strong>et</strong></span> <span class='ocrx_word' id='word_1_125' title='bbox 1414 1723 1686 1764; x_wconf 87' lang='lat' dir='ltr'><strong>concussa</strong></span> <span class='ocrx_word' id='word_1_126' title='bbox 1745 1708 2000 1778; x_wconf 73' lang='lat' dir='ltr'><strong>pnedicla</strong></span> 
     </span>
    </p>
   </div>
   <div class='ocr_carea' id='block_1_19' title="bbox 433 1799 2002 1866">
    <p class='ocr_par' dir='ltr' id='par_1_19' title="bbox 433 1799 2002 1866">
     <span class='ocr_line' id='line_1_19' title="bbox 433 1799 2002 1866; baseline -0.001 -9"><span class='ocrx_word' id='word_1_127' title='bbox 433 1816 600 1866; x_wconf 87' lang='lat' dir='ltr'><strong>terra,</strong></span> <span class='ocrx_word' id='word_1_128' title='bbox 624 1803 1046 1859; x_wconf 87' lang='lat' dir='ltr'><strong>contritionibus</strong></span> <span class='ocrx_word' id='word_1_129' title='bbox 1096 1811 1152 1857; x_wconf 90' lang='lat' dir='ltr'><strong>et</strong></span> <span class='ocrx_word' id='word_1_130' title='bbox 1185 1800 1360 1856; x_wconf 65' lang='lat' dir='ltr'><strong>ruinae</strong></span> <span class='ocrx_word' id='word_1_131' title='bbox 1390 1800 1633 1857; x_wconf 85' lang='lat' dir='ltr'><strong>suberat.</strong></span> <span class='ocrx_word' id='word_1_132' title='bbox 1682 1799 1864 1866; x_wconf 83' lang='lat' dir='ltr'><strong>Quare</strong></span> <span class='ocrx_word' id='word_1_133' title='bbox 1897 1801 2002 1856; x_wconf 86' lang='lat' dir='ltr'><strong>sub</strong></span> 
     </span>
    </p>
   </div>
   <div class='ocr_carea' id='block_1_20' title="bbox 436 1893 2003 1964">
    <p class='ocr_par' dir='ltr' id='par_1_20' title="bbox 436 1893 2003 1964">
     <span class='ocr_line' id='line_1_20' title="bbox 436 1893 2003 1964; baseline -0.003 -14"><span class='ocrx_word' id='word_1_134' title='bbox 436 1899 550 1950; x_wconf 78' lang='lat' dir='ltr'><strong>lucc</strong></span> <span class='ocrx_word' id='word_1_135' title='bbox 577 1895 839 1950; x_wconf 79' lang='lat' dir='ltr'><strong>additur:</strong></span> <span class='ocrx_word' id='word_1_136' title='bbox 881 1913 900 1946; x_wconf 82' lang='grc' dir='ltr'><strong>ι</strong></span> <span class='ocrx_word' id='word_1_137' title='bbox 949 1893 1250 1950; x_wconf 88' lang='lat' dir='ltr'><strong>Ostendisti</strong></span> <span class='ocrx_word' id='word_1_138' title='bbox 1309 1893 1512 1964; x_wconf 87' lang='lat' dir='ltr'><strong>papula</strong></span> <span class='ocrx_word' id='word_1_139' title='bbox 1544 1901 1639 1946; x_wconf 91' lang='lat' dir='ltr'><strong>tua</strong></span> <span class='ocrx_word' id='word_1_140' title='bbox 1671 1893 1849 1946; x_wconf 89' lang='lat' dir='ltr'><strong>dura:</strong></span> <span class='ocrx_word' id='word_1_141' title='bbox 1890 1912 1909 1944; x_wconf 72' lang='grc' dir='ltr'><strong>ι</strong></span> <span class='ocrx_word' id='word_1_142' title='bbox 1947 1901 2003 1946; x_wconf 89' lang='lat' dir='ltr'><strong>et</strong></span> 
     </span>
    </p>
   </div>
   <div class='ocr_carea' id='block_1_21' title="bbox 431 1982 2001 2056">
    <p class='ocr_par' dir='ltr' id='par_1_21' title="bbox 431 1982 2001 2056">
     <span class='ocr_line' id='line_1_21' title="bbox 431 1982 2001 2056; baseline -0.003 -14"><span class='ocrx_word' id='word_1_143' title='bbox 431 1990 559 2042; x_wconf 87' lang='lat' dir='ltr'><strong>vino</strong></span> <span class='ocrx_word' id='word_1_144' title='bbox 612 1986 1054 2056; x_wconf 80' lang='lat' dir='ltr'><strong>compunctionis</strong></span> <span class='ocrx_word' id='word_1_145' title='bbox 1107 1992 1259 2055; x_wconf 90' lang='lat' dir='ltr'><strong>potat</strong></span> <span class='ocrx_word' id='word_1_146' title='bbox 1315 1985 1474 2051; x_wconf 89' lang='lat' dir='ltr'><strong>illas;</strong></span> <span class='ocrx_word' id='word_1_147' title='bbox 1523 1983 1642 2039; x_wconf 83' lang='lat' dir='ltr'><strong>sive</strong></span> <span class='ocrx_word' id='word_1_148' title='bbox 1700 1982 2001 2039; x_wconf 86' lang='lat' dir='ltr'><strong>secundum</strong></span> 
     </span>
    </p>
   </div>
   <div class='ocr_carea' id='block_1_22' title="bbox 428 2074 2005 2151">
    <p class='ocr_par' dir='ltr' id='par_1_22' title="bbox 428 2074 2005 2151">
     <span class='ocr_line' id='line_1_22' title="bbox 428 2074 2005 2151; baseline -0.004 -16"><span class='ocrx_word' id='word_1_149' title='bbox 428 2081 705 2151; x_wconf 73' lang='lat' dir='ltr'><strong>Aquilam,</strong></span> <span class='ocrx_word' id='word_1_150' title='bbox 739 2098 759 2131; x_wconf 84' lang='grc' dir='ltr'><strong>ι</strong></span> <span class='ocrx_word' id='word_1_151' title='bbox 797 2079 921 2133; x_wconf 83' lang='lat' dir='ltr'><strong>vina</strong></span> <span class='ocrx_word' id='word_1_152' title='bbox 955 2078 1206 2148; x_wconf 88' lang='lat' dir='ltr'><strong>saporis;</strong></span> <span class='ocrx_word' id='word_1_153' title='bbox 1242 2095 1263 2129; x_wconf 72' lang='grc' dir='ltr'><strong>ι</strong></span> <span class='ocrx_word' id='word_1_154' title='bbox 1312 2077 1432 2132; x_wconf 82' lang='lat' dir='ltr'><strong>sive</strong></span> <span class='ocrx_word' id='word_1_155' title='bbox 1486 2074 1790 2131; x_wconf 76' lang='lat' dir='ltr'><strong>Secundum</strong></span> <span class='ocrx_word' id='word_1_156' title='bbox 1844 2074 2005 2148; x_wconf 79' lang='lat' dir='ltr'><strong>Sym-</strong></span> 
     </span>
    </p>
   </div>
   <div class='ocr_carea' id='block_1_23' title="bbox 432 2165 2001 2239">
    <p class='ocr_par' dir='ltr' id='par_1_23' title="bbox 432 2165 2001 2239">
     <span class='ocr_line' id='line_1_23' title="bbox 432 2165 2001 2239; baseline -0.003 -14"><span class='ocrx_word' id='word_1_157' title='bbox 432 2173 705 2236; x_wconf 86' lang='lat' dir='ltr'><strong>machum,</strong></span> <span class='ocrx_word' id='word_1_158' title='bbox 760 2188 780 2223; x_wconf 84' lang='grc' dir='ltr'><strong>ι</strong></span> <span class='ocrx_word' id='word_1_159' title='bbox 819 2172 947 2226; x_wconf 83' lang='lat' dir='ltr'><strong>vino</strong></span> <span class='ocrx_word' id='word_1_160' title='bbox 1003 2168 1340 2239; x_wconf 86' lang='lat' dir='ltr'><strong>jactationis.</strong></span> <span class='ocrx_word' id='word_1_161' title='bbox 1379 2185 1399 2220; x_wconf 73' lang='grc' dir='ltr'><strong>ι</strong></span> <span class='ocrx_word' id='word_1_162' title='bbox 1456 2166 1534 2223; x_wconf 82' lang='lat' dir='ltr'><strong>Ac</strong></span> <span class='ocrx_word' id='word_1_163' title='bbox 1594 2165 1777 2224; x_wconf 87' lang='lat' dir='ltr'><strong>dicere</strong></span> <span class='ocrx_word' id='word_1_164' title='bbox 1832 2168 2001 2230; x_wconf 81' lang='lat' dir='ltr'><strong>licet,</strong></span> 
     </span>
    </p>
   </div>
   <div class='ocr_carea' id='block_1_24' title="bbox 432 2256 2003 2329">
    <p class='ocr_par' dir='ltr' id='par_1_24' title="bbox 432 2256 2003 2329">
     <span class='ocr_line' id='line_1_24' title="bbox 432 2256 2003 2329; baseline -0.003 -14"><span class='ocrx_word' id='word_1_165' title='bbox 432 2261 739 2315; x_wconf 76' lang='lat' dir='ltr'><strong>divinarum</strong></span> <span class='ocrx_word' id='word_1_166' title='bbox 802 2258 1211 2329; x_wconf 86' lang='lat' dir='ltr'><strong>Scripturarum</strong></span> <span class='ocrx_word' id='word_1_167' title='bbox 1264 2256 1513 2323; x_wconf 81' lang='lat' dir='ltr'><strong>verbum,</strong></span> <span class='ocrx_word' id='word_1_168' title='bbox 1566 2271 1678 2327; x_wconf 89' lang='lat' dir='ltr'><strong>qua</strong></span> <span class='ocrx_word' id='word_1_169' title='bbox 1712 2270 1903 2311; x_wconf 82' lang='lat' dir='ltr'><strong>eorum</strong></span> <span class='ocrx_word' id='word_1_170' title='bbox 1948 2257 2003 2310; x_wconf 89' lang='lat' dir='ltr'><strong>in</strong></span> 
     </span>
    </p>
   </div>
   <div class='ocr_carea' id='block_1_25' title="bbox 432 2348 2002 2419">
    <p class='ocr_par' dir='ltr' id='par_1_25' title="bbox 432 2348 2002 2419">
     <span class='ocr_line' id='line_1_25' title="bbox 432 2348 2002 2419; baseline -0.003 -12"><span class='ocrx_word' id='word_1_171' title='bbox 432 2352 710 2408; x_wconf 82' lang='lat' dir='ltr'><strong>Christum</strong></span> <span class='ocrx_word' id='word_1_172' title='bbox 767 2350 1122 2406; x_wconf 87' lang='lat' dir='ltr'><strong>incredulitas</strong></span> <span class='ocrx_word' id='word_1_173' title='bbox 1180 2348 1449 2419; x_wconf 77' lang='lat' dir='ltr'><strong>arguitur,</strong></span> <span class='ocrx_word' id='word_1_174' title='bbox 1483 2350 1671 2404; x_wconf 80' lang='lat' dir='ltr'><strong>vinum</strong></span> <span class='ocrx_word' id='word_1_175' title='bbox 1698 2364 1823 2405; x_wconf 89' lang='lat' dir='ltr'><strong>esse</strong></span> <span class='ocrx_word' id='word_1_176' title='bbox 1854 2363 2002 2404; x_wconf 48' lang='lat' dir='ltr'><strong>com.</strong></span> 
     </span>
    </p>
   </div>
   <div class='ocr_carea' id='block_1_26' title="bbox 433 2440 2007 2515">
    <p class='ocr_par' dir='ltr' id='par_1_26' title="bbox 433 2440 2007 2515">
     <span class='ocr_line' id='line_1_26' title="bbox 433 2440 2007 2515; baseline -0.002 -17"><span class='ocrx_word' id='word_1_177' title='bbox 433 2445 764 2515; x_wconf 74' lang='lat' dir='ltr'><strong>piuiclionis,</strong></span> <span class='ocrx_word' id='word_1_178' title='bbox 798 2458 988 2498; x_wconf 87' lang='lat' dir='ltr'><strong>eorum</strong></span> <span class='ocrx_word' id='word_1_179' title='bbox 1032 2440 1367 2496; x_wconf 85' lang='lat' dir='ltr'><strong>conscientia</strong></span> <span class='ocrx_word' id='word_1_180' title='bbox 1419 2455 1517 2511; x_wconf 89' lang='lat' dir='ltr'><strong>per</strong></span> <span class='ocrx_word' id='word_1_181' title='bbox 1562 2441 1876 2512; x_wconf 85' lang='lat' dir='ltr'><strong>prophetias</strong></span> <span class='ocrx_word' id='word_1_182' title='bbox 1937 2441 2007 2496; x_wconf 89' lang='lat' dir='ltr'><strong>de</strong></span> 
     </span>
    </p>
   </div>
   <div class='ocr_carea' id='block_1_27' title="bbox 432 2533 2007 2613">
    <p class='ocr_par' dir='ltr' id='par_1_27' title="bbox 432 2533 2007 2613">
     <span class='ocr_line' id='line_1_27' title="bbox 432 2533 2007 2613; baseline -0.001 -23"><span class='ocrx_word' id='word_1_183' title='bbox 432 2536 672 2599; x_wconf 76' lang='lat' dir='ltr'><strong>Christo,</strong></span> <span class='ocrx_word' id='word_1_184' title='bbox 717 2550 928 2591; x_wconf 85' lang='lat' dir='ltr'><strong>necnon</strong></span> <span class='ocrx_word' id='word_1_185' title='bbox 980 2550 1077 2613; x_wconf 85' lang='lat' dir='ltr'><strong>per</strong></span> <span class='ocrx_word' id='word_1_186' title='bbox 1115 2541 1437 2604; x_wconf 69' lang='lat' dir='ltr'><strong>praesentem</strong></span> <span class='ocrx_word' id='word_1_187' title='bbox 1489 2548 1673 2589; x_wconf 83' lang='lat' dir='ltr'><strong>rerum</strong></span> <span class='ocrx_word' id='word_1_188' title='bbox 1734 2533 2007 2589; x_wconf 82' lang='lat' dir='ltr'><strong>conditio-</strong></span> 
     </span>
    </p>
   </div>
   <div class='ocr_carea' id='block_1_28' title="bbox 432 2625 2005 2698">
    <p class='ocr_par' dir='ltr' id='par_1_28' title="bbox 432 2625 2005 2698">
     <span class='ocr_line' id='line_1_28' title="bbox 432 2625 2005 2698; baseline -0.004 -14"><span class='ocrx_word' id='word_1_189' title='bbox 432 2644 557 2685; x_wconf 89' lang='lat' dir='ltr'><strong>nem</strong></span> <span class='ocrx_word' id='word_1_190' title='bbox 589 2666 606 2690; x_wconf 86' lang='lat'><strong>,</strong></span> <span class='ocrx_word' id='word_1_191' title='bbox 659 2643 722 2682; x_wconf 86' lang='lat' dir='ltr'><strong>ac</strong></span> <span class='ocrx_word' id='word_1_192' title='bbox 768 2643 862 2698; x_wconf 88' lang='lat' dir='ltr'><strong>per</strong></span> <span class='ocrx_word' id='word_1_193' title='bbox 911 2628 1326 2681; x_wconf 86' lang='lat' dir='ltr'><strong>eonversicnem</strong></span> <span class='ocrx_word' id='word_1_194' title='bbox 1382 2625 1621 2696; x_wconf 85' lang='lat' dir='ltr'><strong>gentium</strong></span> <span class='ocrx_word' id='word_1_195' title='bbox 1677 2636 2005 2693; x_wconf 87' lang='lat' dir='ltr'><strong>compuncta</strong></span> 
     </span>
    </p>
   </div>
   <div class='ocr_carea' id='block_1_29' title="bbox 431 2718 2005 2791">
    <p class='ocr_par' dir='ltr' id='par_1_29' title="bbox 431 2718 2005 2791">
     <span class='ocr_line' id='line_1_29' title="bbox 431 2718 2005 2791; baseline -0.004 -14"><span class='ocrx_word' id='word_1_196' title='bbox 431 2732 485 2777; x_wconf 87' lang='lat' dir='ltr'><strong>et</strong></span> <span class='ocrx_word' id='word_1_197' title='bbox 510 2721 815 2776; x_wconf 88' lang='lat' dir='ltr'><strong>vulnerata.</strong></span> <span class='ocrx_word' id='word_1_198' title='bbox 850 2718 974 2775; x_wconf 66' lang='lat' dir='ltr'><strong>Haac</strong></span> <span class='ocrx_word' id='word_1_199' title='bbox 1001 2721 1225 2791; x_wconf 85' lang='lat' dir='ltr'><strong>quippe,</strong></span> <span class='ocrx_word' id='word_1_200' title='bbox 1288 2719 1504 2775; x_wconf 82' lang='lat' dir='ltr'><strong>etiamsi</strong></span> <span class='ocrx_word' id='word_1_201' title='bbox 1548 2734 1659 2774; x_wconf 89' lang='lat' dir='ltr'><strong>non</strong></span> <span class='ocrx_word' id='word_1_202' title='bbox 1718 2718 1888 2772; x_wconf 84' lang='lat' dir='ltr'><strong>fucati</strong></span> <span class='ocrx_word' id='word_1_203' title='bbox 1922 2718 2005 2772; x_wconf 85' lang='lat' dir='ltr'><strong>vi-</strong></span> 
     </span>
    </p>
   </div>
   <div class='ocr_carea' id='block_1_30' title="bbox 431 2808 2000 2881">
    <p class='ocr_par' dir='ltr' id='par_1_30' title="bbox 431 2808 2000 2881">
     <span class='ocr_line' id='line_1_30' title="bbox 431 2808 2000 2881; baseline -0.003 -14"><span class='ocrx_word' id='word_1_204' title='bbox 431 2814 659 2868; x_wconf 85' lang='lat' dir='ltr'><strong>deantur</strong></span> <span class='ocrx_word' id='word_1_205' title='bbox 677 2827 819 2878; x_wconf 88' lang='lat' dir='ltr'><strong>esse,</strong></span> <span class='ocrx_word' id='word_1_206' title='bbox 846 2827 1037 2867; x_wconf 92' lang='lat' dir='ltr'><strong>eorum</strong></span> <span class='ocrx_word' id='word_1_207' title='bbox 1054 2812 1446 2866; x_wconf 87' lang='lat' dir='ltr'><strong>conscientiam</strong></span> <span class='ocrx_word' id='word_1_208' title='bbox 1478 2817 1749 2881; x_wconf 83' lang='lat' dir='ltr'><strong>pungunt,</strong></span> <span class='ocrx_word' id='word_1_209' title='bbox 1776 2808 2000 2875; x_wconf 87' lang='lat' dir='ltr'><strong>feriunt,</strong></span> 
     </span>
    </p>
   </div>
   <div class='ocr_carea' id='block_1_31' title="bbox 431 2902 2001 2975">
    <p class='ocr_par' dir='ltr' id='par_1_31' title="bbox 431 2902 2001 2975">
     <span class='ocr_line' id='line_1_31' title="bbox 431 2902 2001 2975; baseline -0.002 -15"><span class='ocrx_word' id='word_1_210' title='bbox 431 2913 486 2960; x_wconf 79' lang='lat' dir='ltr'><strong>et</strong></span> <span class='ocrx_word' id='word_1_211' title='bbox 519 2906 583 2960; x_wconf 92' lang='lat' dir='ltr'><strong>ad</strong></span> <span class='ocrx_word' id='word_1_212' title='bbox 613 2920 834 2961; x_wconf 84' lang='lat' dir='ltr'><strong>sensum</strong></span> <span class='ocrx_word' id='word_1_213' title='bbox 876 2920 991 2959; x_wconf 82' lang='lat' dir='ltr'><strong>suae</strong></span> <span class='ocrx_word' id='word_1_214' title='bbox 1041 2919 1170 2975; x_wconf 84' lang='lat' dir='ltr'><strong>erga</strong></span> <span class='ocrx_word' id='word_1_215' title='bbox 1225 2903 1562 2959; x_wconf 85' lang='lat' dir='ltr'><strong>Salvatarem</strong></span> <span class='ocrx_word' id='word_1_216' title='bbox 1591 2911 1649 2959; x_wconf 90' lang='lat' dir='ltr'><strong>et</strong></span> <span class='ocrx_word' id='word_1_217' title='bbox 1705 2902 2001 2957; x_wconf 89' lang='lat' dir='ltr'><strong>Dominum</strong></span> 
     </span>
    </p>
   </div>
   <div class='ocr_carea' id='block_1_32' title="bbox 432 2993 2000 3065">
    <p class='ocr_par' dir='ltr' id='par_1_32' title="bbox 432 2993 2000 3065">
     <span class='ocr_line' id='line_1_32' title="bbox 432 2993 2000 3065; baseline -0.003 -14"><span class='ocrx_word' id='word_1_218' title='bbox 432 3006 680 3053; x_wconf 80' lang='lat' dir='ltr'><strong>nostrum</strong></span> <span class='ocrx_word' id='word_1_219' title='bbox 713 2996 1050 3052; x_wconf 80' lang='lat' dir='ltr'><strong>infidelitatis</strong></span> <span class='ocrx_word' id='word_1_220' title='bbox 1104 2994 1405 3050; x_wconf 87' lang='lat' dir='ltr'><strong>adducunt.</strong></span> <span class='ocrx_word' id='word_1_221' title='bbox 1460 2993 1567 3050; x_wconf 87' lang='lat' dir='ltr'><strong>Sed</strong></span> <span class='ocrx_word' id='word_1_222' title='bbox 1618 2994 1729 3050; x_wconf 88' lang='lat' dir='ltr'><strong>illis</strong></span> <span class='ocrx_word' id='word_1_223' title='bbox 1783 2994 2000 3065; x_wconf 90' lang='lat' dir='ltr'><strong>quidem</strong></span> 
     </span>
    </p>
   </div>
   <div class='ocr_carea' id='block_1_33' title="bbox 434 3085 2001 3157">
    <p class='ocr_par' dir='ltr' id='par_1_33' title="bbox 434 3085 2001 3157">
     <span class='ocr_line' id='line_1_33' title="bbox 434 3085 2001 3157; baseline -0.003 -14"><span class='ocrx_word' id='word_1_224' title='bbox 434 3089 550 3143; x_wconf 67' lang='lat' dir='ltr'><strong>haec</strong></span> <span class='ocrx_word' id='word_1_225' title='bbox 573 3095 833 3142; x_wconf 82' lang='lat' dir='ltr'><strong>eventura</strong></span> <span class='ocrx_word' id='word_1_226' title='bbox 861 3101 984 3141; x_wconf 88' lang='lat' dir='ltr'><strong>esse</strong></span> <span class='ocrx_word' id='word_1_227' title='bbox 1029 3086 1382 3140; x_wconf 85' lang='lat' dir='ltr'><strong>vaticinatur.</strong></span> <span class='ocrx_word' id='word_1_228' title='bbox 1432 3086 1503 3141; x_wconf 90' lang='lat' dir='ltr'><strong>lis</strong></span> <span class='ocrx_word' id='word_1_229' title='bbox 1550 3094 1735 3141; x_wconf 90' lang='lat' dir='ltr'><strong>autem</strong></span> <span class='ocrx_word' id='word_1_230' title='bbox 1786 3088 1881 3157; x_wconf 91' lang='lat' dir='ltr'><strong>qui</strong></span> <span class='ocrx_word' id='word_1_231' title='bbox 1932 3085 2001 3140; x_wconf 87' lang='lat' dir='ltr'><strong>ad</strong></span> 
     </span>
    </p>
   </div>
   <div class='ocr_carea' id='block_1_34' title="bbox 432 3177 2077 3282">
    <p class='ocr_par' dir='ltr' id='par_1_34' title="bbox 432 3177 2077 3282">
     <span class='ocr_line' id='line_1_34' title="bbox 432 3177 2077 3282; baseline 0.001 -49"><span class='ocrx_word' id='word_1_232' title='bbox 432 3179 712 3234; x_wconf 81' lang='lat' dir='ltr'><strong>Christum</strong></span> <span class='ocrx_word' id='word_1_233' title='bbox 739 3177 835 3232; x_wconf 85' lang='lat' dir='ltr'><strong>Dei</strong></span> <span class='ocrx_word' id='word_1_234' title='bbox 867 3180 1211 3242; x_wconf 78' lang='lat' dir='ltr'><strong>conventuri,</strong></span> <span class='ocrx_word' id='word_1_235' title='bbox 1257 3178 1486 3249; x_wconf 88' lang='lat' dir='ltr'><strong>ejusque</strong></span> <span class='ocrx_word' id='word_1_236' title='bbox 1522 3179 1754 3234; x_wconf 88' lang='lat' dir='ltr'><strong>salutem</strong></span> <span class='ocrx_word' id='word_1_237' title='bbox 1811 3193 2004 3234; x_wconf 87' lang='lat' dir='ltr'><strong>susce-</strong></span> <span class='ocrx_word' id='word_1_238' title='bbox 2028 3218 2077 3282; x_wconf 62' lang='grc' dir='ltr'>ο</span> 
     </span>
    </p>
   </div>
   <div class='ocr_carea' id='block_1_35' title="bbox 435 3269 1999 3344">
    <p class='ocr_par' dir='ltr' id='par_1_35' title="bbox 435 3269 1999 3344">
     <span class='ocr_line' id='line_1_35' title="bbox 435 3269 1999 3344; baseline 0 -19"><span class='ocrx_word' id='word_1_239' title='bbox 435 3271 580 3344; x_wconf 83' lang='lat' dir='ltr'><strong>pturi</strong></span> <span class='ocrx_word' id='word_1_240' title='bbox 605 3278 751 3335; x_wconf 89' lang='lat' dir='ltr'><strong>sunt,</strong></span> <span class='ocrx_word' id='word_1_241' title='bbox 799 3270 915 3324; x_wconf 61' lang='lat' dir='ltr'><strong>hac</strong></span> <span class='ocrx_word' id='word_1_242' title='bbox 964 3280 1154 3339; x_wconf 85' lang='lat' dir='ltr'><strong>postea</strong></span> <span class='ocrx_word' id='word_1_243' title='bbox 1208 3271 1546 3325; x_wconf 88' lang='lat' dir='ltr'><strong>annuntiat:</strong></span> <span class='ocrx_word' id='word_1_244' title='bbox 1579 3288 1599 3322; x_wconf 76' lang='grc' dir='ltr'><strong>ι</strong></span> <span class='ocrx_word' id='word_1_245' title='bbox 1636 3269 1843 3325; x_wconf 89' lang='lat' dir='ltr'><strong>Dedisti</strong></span> <span class='ocrx_word' id='word_1_246' title='bbox 1883 3285 1999 3325; x_wconf 61' lang='lat' dir='ltr'><strong>me»</strong></span> 
     </span>
    </p>
   </div>
   <div class='ocr_carea' id='block_1_36' title="bbox 436 3360 2008 3432">
    <p class='ocr_par' dir='ltr' id='par_1_36' title="bbox 436 3360 2008 3432">
     <span class='ocr_line' id='line_1_36' title="bbox 436 3360 2008 3432; baseline -0.001 -15"><span class='ocrx_word' id='word_1_247' title='bbox 436 3362 716 3418; x_wconf 84' lang='lat' dir='ltr'><strong>tuentibus</strong></span> <span class='ocrx_word' id='word_1_248' title='bbox 746 3370 800 3417; x_wconf 92' lang='lat' dir='ltr'><strong>te</strong></span> <span class='ocrx_word' id='word_1_249' title='bbox 822 3362 1297 3432; x_wconf 83' lang='lat' dir='ltr'><strong>significationem,</strong></span> <span class='ocrx_word' id='word_1_250' title='bbox 1354 3371 1413 3416; x_wconf 91' lang='lat' dir='ltr'><strong>ut</strong></span> <span class='ocrx_word' id='word_1_251' title='bbox 1438 3361 1650 3432; x_wconf 75' lang='lat' dir='ltr'><strong>fugiant</strong></span> <span class='ocrx_word' id='word_1_252' title='bbox 1682 3376 1712 3415; x_wconf 90' lang='lat' dir='ltr'><strong>a</strong></span> <span class='ocrx_word' id='word_1_253' title='bbox 1741 3360 1879 3416; x_wconf 86' lang='lat' dir='ltr'><strong>facie</strong></span> <span class='ocrx_word' id='word_1_254' title='bbox 1921 3375 2008 3416; x_wconf 85' lang='lat' dir='ltr'><strong>ar-</strong></span> 
     </span>
    </p>
   </div>
   <div class='ocr_carea' id='block_1_37' title="bbox 434 3449 2007 3523">
    <p class='ocr_par' dir='ltr' id='par_1_37' title="bbox 434 3449 2007 3523">
     <span class='ocr_line' id='line_1_37' title="bbox 434 3449 2007 3523; baseline -0.003 -13"><span class='ocrx_word' id='word_1_255' title='bbox 434 3469 567 3523; x_wconf 83' lang='lat' dir='ltr'><strong>cus;</strong></span> <span class='ocrx_word' id='word_1_256' title='bbox 602 3471 623 3506; x_wconf 74' lang='grc' dir='ltr'><strong>ι</strong></span> <span class='ocrx_word' id='word_1_257' title='bbox 656 3452 955 3509; x_wconf 87' lang='lat' dir='ltr'><strong>secundum</strong></span> <span class='ocrx_word' id='word_1_258' title='bbox 985 3449 1236 3521; x_wconf 77' lang='lat' dir='ltr'><strong>Aquilam</strong></span> <span class='ocrx_word' id='word_1_259' title='bbox 1270 3465 1418 3516; x_wconf 83' lang='lat' dir='ltr'><strong>vero,</strong></span> <span class='ocrx_word' id='word_1_260' title='bbox 1470 3467 1490 3502; x_wconf 86' lang='grc' dir='ltr'><strong>ι</strong></span> <span class='ocrx_word' id='word_1_261' title='bbox 1532 3450 1738 3506; x_wconf 88' lang='lat' dir='ltr'><strong>Dedisti</strong></span> <span class='ocrx_word' id='word_1_262' title='bbox 1759 3460 2007 3506; x_wconf 85' lang='lat' dir='ltr'><strong>metuen-</strong></span> 
     </span>
    </p>
   </div>
   <div class='ocr_carea' id='block_1_38' title="bbox 434 3540 2000 3614">
    <p class='ocr_par' dir='ltr' id='par_1_38' title="bbox 434 3540 2000 3614">
     <span class='ocr_line' id='line_1_38' title="bbox 434 3540 2000 3614; baseline -0.004 -14"><span class='ocrx_word' id='word_1_263' title='bbox 434 3547 582 3602; x_wconf 86' lang='lat' dir='ltr'><strong>tibus</strong></span> <span class='ocrx_word' id='word_1_264' title='bbox 607 3554 661 3601; x_wconf 84' lang='lat' dir='ltr'><strong>te</strong></span> <span class='ocrx_word' id='word_1_265' title='bbox 688 3547 927 3614; x_wconf 79' lang='lat' dir='ltr'><strong>signum,</strong></span> <span class='ocrx_word' id='word_1_266' title='bbox 956 3549 1019 3596; x_wconf 87' lang='lat' dir='ltr'><strong>ut</strong></span> <span class='ocrx_word' id='word_1_267' title='bbox 1039 3540 1465 3613; x_wconf 83' lang='lat' dir='ltr'><strong>significentura</strong></span> <span class='ocrx_word' id='word_1_268' title='bbox 1486 3541 1624 3597; x_wconf 84' lang='lat' dir='ltr'><strong>facie</strong></span> <span class='ocrx_word' id='word_1_269' title='bbox 1650 3541 1958 3608; x_wconf 84' lang='lat' dir='ltr'><strong>firmitatis;</strong></span> <span class='ocrx_word' id='word_1_270' title='bbox 1980 3561 2000 3594; x_wconf 73' lang='grc' dir='ltr'><strong>ι</strong></span> 
     </span>
    </p>
   </div>
   <div class='ocr_carea' id='block_1_39' title="bbox 435 3633 2009 3707">
    <p class='ocr_par' dir='ltr' id='par_1_39' title="bbox 435 3633 2009 3707">
     <span class='ocr_line' id='line_1_39' title="bbox 435 3633 2009 3707; baseline -0.003 -15"><span class='ocrx_word' id='word_1_271' title='bbox 435 3638 738 3693; x_wconf 88' lang='lat' dir='ltr'><strong>secundum</strong></span> <span class='ocrx_word' id='word_1_272' title='bbox 764 3633 1154 3707; x_wconf 83' lang='lat' dir='ltr'><strong>Symmachum</strong></span> <span class='ocrx_word' id='word_1_273' title='bbox 1180 3642 1386 3698; x_wconf 87' lang='lat' dir='ltr'><strong>autem,</strong></span> <span class='ocrx_word' id='word_1_274' title='bbox 1425 3651 1446 3686; x_wconf 81' lang='grc' dir='ltr'><strong>ι</strong></span> <span class='ocrx_word' id='word_1_275' title='bbox 1483 3633 1693 3690; x_wconf 84' lang='lat' dir='ltr'><strong>Dedisti</strong></span> <span class='ocrx_word' id='word_1_276' title='bbox 1714 3635 2009 3690; x_wconf 88' lang='lat' dir='ltr'><strong>metuenti-</strong></span> 
     </span>
    </p>
   </div>
   <div class='ocr_carea' id='block_1_40' title="bbox 435 3724 2007 3798">
    <p class='ocr_par' dir='ltr' id='par_1_40' title="bbox 435 3724 2007 3798">
     <span class='ocr_line' id='line_1_40' title="bbox 435 3724 2007 3798; baseline -0.001 -15"><span class='ocrx_word' id='word_1_277' title='bbox 435 3729 540 3783; x_wconf 87' lang='lat' dir='ltr'><strong>bus</strong></span> <span class='ocrx_word' id='word_1_278' title='bbox 563 3736 617 3781; x_wconf 84' lang='lat' dir='ltr'><strong>te</strong></span> <span class='ocrx_word' id='word_1_279' title='bbox 649 3728 889 3796; x_wconf 81' lang='lat' dir='ltr'><strong>signum,</strong></span> <span class='ocrx_word' id='word_1_280' title='bbox 912 3734 973 3780; x_wconf 94' lang='lat' dir='ltr'><strong>ut</strong></span> <span class='ocrx_word' id='word_1_281' title='bbox 1016 3725 1226 3797; x_wconf 85' lang='lat' dir='ltr'><strong>fugiant</strong></span> <span class='ocrx_word' id='word_1_282' title='bbox 1259 3739 1290 3780; x_wconf 88' lang='lat' dir='ltr'><strong>a</strong></span> <span class='ocrx_word' id='word_1_283' title='bbox 1319 3724 1457 3782; x_wconf 88' lang='lat' dir='ltr'><strong>facie</strong></span> <span class='ocrx_word' id='word_1_284' title='bbox 1502 3726 1845 3798; x_wconf 76' lang='lat' dir='ltr'><strong>sagittarum.</strong></span> <span class='ocrx_word' id='word_1_285' title='bbox 1890 3745 1909 3778; x_wconf 75' lang='grc' dir='ltr'><strong>ι</strong></span> <span class='ocrx_word' id='word_1_286' title='bbox 1947 3724 2007 3782; x_wconf 89' lang='lat' dir='ltr'><strong>Si</strong></span> 
     </span>
    </p>
   </div>
   <div class='ocr_carea' id='block_1_41' title="bbox 438 3817 2004 3890">
    <p class='ocr_par' dir='ltr' id='par_1_41' title="bbox 438 3817 2004 3890">
     <span class='ocr_line' id='line_1_41' title="bbox 438 3817 2004 3890; baseline 0 -16"><span class='ocrx_word' id='word_1_287' title='bbox 438 3820 538 3884; x_wconf 90' lang='lat' dir='ltr'><strong>illi,</strong></span> <span class='ocrx_word' id='word_1_288' title='bbox 568 3818 635 3873; x_wconf 92' lang='lat' dir='ltr'><strong>de</strong></span> <span class='ocrx_word' id='word_1_289' title='bbox 661 3819 860 3887; x_wconf 90' lang='lat' dir='ltr'><strong>quibus</strong></span> <span class='ocrx_word' id='word_1_290' title='bbox 883 3817 1160 3889; x_wconf 88' lang='lat' dir='ltr'><strong>superius,</strong></span> <span class='ocrx_word' id='word_1_291' title='bbox 1195 3820 1300 3875; x_wconf 89' lang='lat' dir='ltr'><strong>hoc</strong></span> <span class='ocrx_word' id='word_1_292' title='bbox 1322 3821 1477 3890; x_wconf 83' lang='lat' dir='ltr'><strong>signa</strong></span> <span class='ocrx_word' id='word_1_293' title='bbox 1512 3820 1686 3874; x_wconf 88' lang='lat' dir='ltr'><strong>notati</strong></span> <span class='ocrx_word' id='word_1_294' title='bbox 1747 3820 2004 3883; x_wconf 75' lang='lat' dir='ltr'><strong>fuissent,</strong></span> 
     </span>
    </p>
   </div>
   <div class='ocr_carea' id='block_1_42' title="bbox 439 3908 2003 3978">
    <p class='ocr_par' dir='ltr' id='par_1_42' title="bbox 439 3908 2003 3978">
     <span class='ocr_line' id='line_1_42' title="bbox 439 3908 2003 3978; baseline 0.001 -15"><span class='ocrx_word' id='word_1_295' title='bbox 439 3924 545 3964; x_wconf 88' lang='lat' dir='ltr'><strong>non</strong></span> <span class='ocrx_word' id='word_1_296' title='bbox 575 3908 892 3978; x_wconf 88' lang='lat' dir='ltr'><strong>repellendi,</strong></span> <span class='ocrx_word' id='word_1_297' title='bbox 929 3924 1031 3965; x_wconf 91' lang='lat' dir='ltr'><strong>nec</strong></span> <span class='ocrx_word' id='word_1_298' title='bbox 1079 3909 1419 3974; x_wconf 87' lang='lat' dir='ltr'><strong>destruendi,</strong></span> <span class='ocrx_word' id='word_1_299' title='bbox 1469 3926 1570 3966; x_wconf 88' lang='lat' dir='ltr'><strong>nec</strong></span> <span class='ocrx_word' id='word_1_300' title='bbox 1623 3912 1717 3966; x_wconf 74' lang='lat' dir='ltr'><strong>irze</strong></span> <span class='ocrx_word' id='word_1_301' title='bbox 1752 3911 2003 3966; x_wconf 89' lang='lat' dir='ltr'><strong>tradendi</strong></span> 
     </span>
    </p>
   </div>
   <div class='ocr_carea' id='block_1_43' title="bbox 435 3999 2008 4073">
    <p class='ocr_par' dir='ltr' id='par_1_43' title="bbox 435 3999 2008 4073">
     <span class='ocr_line' id='line_1_43' title="bbox 435 3999 2008 4073; baseline 0.001 -18"><span class='ocrx_word' id='word_1_302' title='bbox 435 4010 611 4055; x_wconf 73' lang='lat' dir='ltr'><strong>erant.</strong></span> <span class='ocrx_word' id='word_1_303' title='bbox 649 3999 755 4054; x_wconf 83' lang='lat' dir='ltr'><strong>Sed</strong></span> <span class='ocrx_word' id='word_1_304' title='bbox 782 4001 911 4071; x_wconf 87' lang='lat' dir='ltr'><strong>quia</strong></span> <span class='ocrx_word' id='word_1_305' title='bbox 945 4001 1162 4071; x_wconf 85' lang='lat' dir='ltr'><strong>signum</strong></span> <span class='ocrx_word' id='word_1_306' title='bbox 1198 4002 1332 4057; x_wconf 91' lang='lat' dir='ltr'><strong>illud</strong></span> <span class='ocrx_word' id='word_1_307' title='bbox 1366 4003 1607 4058; x_wconf 89' lang='lat' dir='ltr'><strong>salutare</strong></span> <span class='ocrx_word' id='word_1_308' title='bbox 1637 4006 1882 4073; x_wconf 89' lang='lat' dir='ltr'><strong>recipere</strong></span> <span class='ocrx_word' id='word_1_309' title='bbox 1906 4019 2008 4057; x_wconf 88' lang='lat' dir='ltr'><strong>na—</strong></span> 
     </span>
    </p>
   </div>
   <div class='ocr_carea' id='block_1_44' title="bbox 437 4091 2008 4165">
    <p class='ocr_par' dir='ltr' id='par_1_44' title="bbox 437 4091 2008 4165">
     <span class='ocr_line' id='line_1_44' title="bbox 437 4091 2008 4165; baseline 0.003 -20"><span class='ocrx_word' id='word_1_310' title='bbox 437 4091 674 4154; x_wconf 91' lang='lat' dir='ltr'><strong>lnerunt,</strong></span> <span class='ocrx_word' id='word_1_311' title='bbox 703 4091 827 4158; x_wconf 86' lang='lat' dir='ltr'><strong>jure</strong></span> <span class='ocrx_word' id='word_1_312' title='bbox 859 4091 915 4145; x_wconf 89' lang='lat' dir='ltr'><strong>in</strong></span> <span class='ocrx_word' id='word_1_313' title='bbox 947 4091 1061 4147; x_wconf 63' lang='lat' dir='ltr'><strong>haec</strong></span> <span class='ocrx_word' id='word_1_314' title='bbox 1085 4092 1414 4148; x_wconf 90' lang='lat' dir='ltr'><strong>inciderunt.</strong></span> <span class='ocrx_word' id='word_1_315' title='bbox 1447 4094 1517 4147; x_wconf 85' lang='lat' dir='ltr'><strong>At</strong></span> <span class='ocrx_word' id='word_1_316' title='bbox 1545 4095 1640 4165; x_wconf 90' lang='lat' dir='ltr'><strong>qui</strong></span> <span class='ocrx_word' id='word_1_317' title='bbox 1671 4096 1866 4151; x_wconf 90' lang='lat' dir='ltr'><strong>timent</strong></span> <span class='ocrx_word' id='word_1_318' title='bbox 1900 4092 2008 4150; x_wconf 81' lang='lat' dir='ltr'><strong>Do-</strong></span> 
     </span>
    </p>
   </div>
   <div class='ocr_carea' id='block_1_45' title="bbox 435 4181 2008 4260">
    <p class='ocr_par' dir='ltr' id='par_1_45' title="bbox 435 4181 2008 4260">
     <span class='ocr_line' id='line_1_45' title="bbox 435 4181 2008 4260; baseline 0.007 -26"><span class='ocrx_word' id='word_1_319' title='bbox 435 4181 666 4247; x_wconf 87' lang='lat' dir='ltr'><strong>minum,</strong></span> <span class='ocrx_word' id='word_1_320' title='bbox 700 4182 804 4253; x_wconf 90' lang='lat' dir='ltr'><strong>(sic</strong></span> <span class='ocrx_word' id='word_1_321' title='bbox 826 4197 922 4237; x_wconf 91' lang='lat' dir='ltr'><strong>eos</strong></span> <span class='ocrx_word' id='word_1_322' title='bbox 949 4184 1042 4253; x_wconf 89' lang='lat' dir='ltr'><strong>qui</strong></span> <span class='ocrx_word' id='word_1_323' title='bbox 1075 4184 1307 4239; x_wconf 87' lang='lat' dir='ltr'><strong>credunt</strong></span> <span class='ocrx_word' id='word_1_324' title='bbox 1355 4200 1424 4240; x_wconf 83' lang='lat' dir='ltr'><strong>ex</strong></span> <span class='ocrx_word' id='word_1_325' title='bbox 1472 4182 1748 4257; x_wconf 74' lang='lat' dir='ltr'><strong>gentibus,</strong></span> <span class='ocrx_word' id='word_1_326' title='bbox 1785 4196 1844 4243; x_wconf 92' lang='lat' dir='ltr'><strong>ut</strong></span> <span class='ocrx_word' id='word_1_327' title='bbox 1892 4189 2008 4260; x_wconf 83' lang='lat' dir='ltr'><strong>ple-</strong></span> 
     </span>
    </p>
   </div>
   <div class='ocr_carea' id='block_1_46' title="bbox 436 4272 2004 4352">
    <p class='ocr_par' dir='ltr' id='par_1_46' title="bbox 436 4272 2004 4352">
     <span class='ocr_line' id='line_1_46' title="bbox 436 4272 2004 4352; baseline 0.008 -27"><span class='ocrx_word' id='word_1_328' title='bbox 436 4285 669 4342; x_wconf 85' lang='lat' dir='ltr'><strong>rumque</strong></span> <span class='ocrx_word' id='word_1_329' title='bbox 691 4272 1213 4341; x_wconf 85' lang='lat' dir='ltr'><strong>demonstravimus,</strong></span> <span class='ocrx_word' id='word_1_330' title='bbox 1271 4275 1557 4348; x_wconf 86' lang='lat' dir='ltr'><strong>Scriptura</strong></span> <span class='ocrx_word' id='word_1_331' title='bbox 1588 4280 1729 4335; x_wconf 92' lang='lat' dir='ltr'><strong>solet</strong></span> <span class='ocrx_word' id='word_1_332' title='bbox 1758 4282 2004 4352; x_wconf 82' lang='lat' dir='ltr'><strong>appella-</strong></span> 
     </span>
    </p>
   </div>
   <div class='ocr_carea' id='block_1_47' title="bbox 437 4364 2004 4444">
    <p class='ocr_par' dir='ltr' id='par_1_47' title="bbox 437 4364 2004 4444">
     <span class='ocr_line' id='line_1_47' title="bbox 437 4364 2004 4444; baseline 0.005 -25"><span class='ocrx_word' id='word_1_333' title='bbox 437 4367 541 4435; x_wconf 84' lang='lat' dir='ltr'><strong>re.)</strong></span> <span class='ocrx_word' id='word_1_334' title='bbox 567 4372 791 4434; x_wconf 84' lang='lat' dir='ltr'><strong>accepta</strong></span> <span class='ocrx_word' id='word_1_335' title='bbox 807 4364 985 4435; x_wconf 85' lang='lat' dir='ltr'><strong>signa,</strong></span> <span class='ocrx_word' id='word_1_336' title='bbox 1011 4365 1215 4436; x_wconf 90' lang='lat' dir='ltr'><strong>illoque</strong></span> <span class='ocrx_word' id='word_1_337' title='bbox 1232 4368 1341 4431; x_wconf 81' lang='lat' dir='ltr'><strong>nsi,</strong></span> <span class='ocrx_word' id='word_1_338' title='bbox 1368 4383 1431 4423; x_wconf 90' lang='lat' dir='ltr'><strong>ac</strong></span> <span class='ocrx_word' id='word_1_339' title='bbox 1448 4369 1504 4423; x_wconf 92' lang='lat' dir='ltr'><strong>in</strong></span> <span class='ocrx_word' id='word_1_340' title='bbox 1527 4371 1679 4425; x_wconf 84' lang='lat' dir='ltr'><strong>vultu</strong></span> <span class='ocrx_word' id='word_1_341' title='bbox 1706 4372 2004 4444; x_wconf 85' lang='lat' dir='ltr'><strong>obsignati,</strong></span> 
     </span>
    </p>
   </div>
   <div class='ocr_carea' id='block_1_48' title="bbox 438 4455 2008 4536">
    <p class='ocr_par' dir='ltr' id='par_1_48' title="bbox 438 4455 2008 4536">
     <span class='ocr_line' id='line_1_48' title="bbox 438 4455 2008 4536; baseline 0.007 -26"><span class='ocrx_word' id='word_1_342' title='bbox 438 4457 618 4510; x_wconf 90' lang='lat' dir='ltr'><strong>locum</strong></span> <span class='ocrx_word' id='word_1_343' title='bbox 647 4456 971 4511; x_wconf 86' lang='lat' dir='ltr'><strong>invenerunt</strong></span> <span class='ocrx_word' id='word_1_344' title='bbox 1005 4455 1245 4528; x_wconf 76' lang='lat' dir='ltr'><strong>fugiendi</strong></span> <span class='ocrx_word' id='word_1_345' title='bbox 1274 4474 1304 4512; x_wconf 88' lang='lat' dir='ltr'><strong>a</strong></span> <span class='ocrx_word' id='word_1_346' title='bbox 1332 4458 1470 4514; x_wconf 86' lang='lat' dir='ltr'><strong>facie</strong></span> <span class='ocrx_word' id='word_1_347' title='bbox 1498 4475 1683 4525; x_wconf 89' lang='lat' dir='ltr'><strong>arcus,</strong></span> <span class='ocrx_word' id='word_1_348' title='bbox 1715 4465 1866 4519; x_wconf 89' lang='lat' dir='ltr'><strong>nulla</strong></span> <span class='ocrx_word' id='word_1_349' title='bbox 1895 4467 2008 4536; x_wconf 88' lang='lat' dir='ltr'><strong>spi-</strong></span> 
     </span>
    </p>
   </div>
   <div class='ocr_carea' id='block_1_49' title="bbox 2105 617 3679 687">
    <p class='ocr_par' dir='ltr' id='par_1_49' title="bbox 2105 617 3679 687">
     <span class='ocr_line' id='line_1_49' title="bbox 2105 617 3679 687; baseline 0 -15"><span class='ocrx_word' id='word_1_350' title='bbox 2105 619 2280 673; x_wconf 87' lang='grc' dir='ltr'>πάντα</span> <span class='ocrx_word' id='word_1_351' title='bbox 2329 618 2500 672; x_wconf 91' lang='grc' dir='ltr'>ταῦτα</span> <span class='ocrx_word' id='word_1_352' title='bbox 2532 617 2893 681; x_wconf 83' lang='grc' dir='ltr'><strong>πεπόνθασιν,</strong></span> <span class='ocrx_word' id='word_1_353' title='bbox 2948 618 3036 671; x_wconf 84' lang='grc' dir='ltr'><strong>ὅτε</strong></span> <span class='ocrx_word' id='word_1_354' title='bbox 3090 617 3324 687; x_wconf 73' lang='grc' dir='ltr'>ἔφθασεν</span> <span class='ocrx_word' id='word_1_355' title='bbox 3368 618 3452 672; x_wconf 74' lang='grc' dir='ltr'><strong>ἐπ’</strong></span> <span class='ocrx_word' id='word_1_356' title='bbox 3482 619 3679 683; x_wconf 73' lang='grc' dir='ltr'>αὐτοὺς</span> 
     </span>
    </p>
   </div>
   <div class='ocr_carea' id='block_1_50' title="bbox 2100 706 3679 781">
    <p class='ocr_par' dir='ltr' id='par_1_50' title="bbox 2100 706 3679 781">
     <span class='ocr_line' id='line_1_50' title="bbox 2100 706 3679 781; baseline 0 -18"><span class='ocrx_word' id='word_1_357' title='bbox 2100 709 2237 781; x_wconf 82' lang='grc' dir='ltr'>ὀργὴ</span> <span class='ocrx_word' id='word_1_358' title='bbox 2264 710 2344 772; x_wconf 85' lang='grc' dir='ltr'><strong>είς</strong></span> <span class='ocrx_word' id='word_1_359' title='bbox 2372 708 2543 771; x_wconf 81' lang='grc' dir='ltr'><strong>τέλος,</strong></span> <span class='ocrx_word' id='word_1_360' title='bbox 2573 706 2904 776; x_wconf 81' lang='grc' dir='ltr'>ἀπώσθησάν</span> <span class='ocrx_word' id='word_1_361' title='bbox 2931 724 2990 760; x_wconf 86' lang='grc' dir='ltr'><strong>τε</strong></span> <span class='ocrx_word' id='word_1_362' title='bbox 3035 707 3129 761; x_wconf 82' lang='grc' dir='ltr'><strong>καὶ</strong></span> <span class='ocrx_word' id='word_1_363' title='bbox 3161 706 3542 779; x_wconf 78' lang='grc' dir='ltr'><strong>καθῃρέθησαν</strong></span> <span class='ocrx_word' id='word_1_364' title='bbox 3582 709 3679 764; x_wconf 72' lang='grc' dir='ltr'>καὶ</span> 
     </span>
    </p>
   </div>
   <div class='ocr_carea' id='block_1_51' title="bbox 2101 797 3676 873">
    <p class='ocr_par' dir='ltr' id='par_1_51' title="bbox 2101 797 3676 873">
     <span class='ocr_line' id='line_1_51' title="bbox 2101 797 3676 873; baseline -0.002 -18"><span class='ocrx_word' id='word_1_365' title='bbox 2101 801 2518 873; x_wconf 82' lang='grc' dir='ltr'>ἀπεϐλήθησαν·</span> <span class='ocrx_word' id='word_1_366' title='bbox 2556 800 2882 871; x_wconf 81' lang='grc' dir='ltr'>διεκόπησάν</span> <span class='ocrx_word' id='word_1_367' title='bbox 2915 816 2977 851; x_wconf 89' lang='grc' dir='ltr'><strong>τε</strong></span> <span class='ocrx_word' id='word_1_368' title='bbox 3015 800 3109 853; x_wconf 78' lang='grc' dir='ltr'><strong>καὶ</strong></span> <span class='ocrx_word' id='word_1_369' title='bbox 3151 797 3524 870; x_wconf 81' lang='grc' dir='ltr'>περιήχθησαν</span> <span class='ocrx_word' id='word_1_370' title='bbox 3556 799 3676 853; x_wconf 80' lang='grc' dir='ltr'>δια-</span> 
     </span>
    </p>
   </div>
   <div class='ocr_carea' id='block_1_52' title="bbox 2103 890 3676 966">
    <p class='ocr_par' dir='ltr' id='par_1_52' title="bbox 2103 890 3676 966">
     <span class='ocr_line' id='line_1_52' title="bbox 2103 890 3676 966; baseline -0.003 -18"><span class='ocrx_word' id='word_1_371' title='bbox 2103 893 2521 966; x_wconf 84' lang='grc' dir='ltr'>σκορπισθέντες</span> <span class='ocrx_word' id='word_1_372' title='bbox 2568 894 2650 956; x_wconf 87' lang='grc' dir='ltr'>εἰς</span> <span class='ocrx_word' id='word_1_373' title='bbox 2683 891 2858 945; x_wconf 89' lang='grc' dir='ltr'>πάντα</span> <span class='ocrx_word' id='word_1_374' title='bbox 2889 890 2957 945; x_wconf 85' lang='grc' dir='ltr'><strong>τά</strong></span> <span class='ocrx_word' id='word_1_375' title='bbox 2988 890 3136 962; x_wconf 72' lang='grc' dir='ltr'>ἔθνη.</span> <span class='ocrx_word' id='word_1_376' title='bbox 3176 891 3336 946; x_wconf 84' lang='grc' dir='ltr'><strong>Ἀλλά</strong></span> <span class='ocrx_word' id='word_1_377' title='bbox 3368 892 3461 946; x_wconf 76' lang='grc' dir='ltr'>καὶ</span> <span class='ocrx_word' id='word_1_378' title='bbox 3492 910 3512 945; x_wconf 83' lang='grc' dir='ltr'><strong>ι</strong></span> <span class='ocrx_word' id='word_1_379' title='bbox 3552 908 3676 946; x_wconf 86' lang='grc' dir='ltr'>συν-</span> 
     </span>
    </p>
   </div>
   <div class='ocr_carea' id='block_1_53' title="bbox 2104 981 3676 1056">
    <p class='ocr_par' dir='ltr' id='par_1_53' title="bbox 2104 981 3676 1056">
     <span class='ocr_line' id='line_1_53' title="bbox 2104 981 3676 1056; baseline -0.001 -16"><span class='ocrx_word' id='word_1_380' title='bbox 2104 988 2340 1050; x_wconf 90' lang='grc' dir='ltr'>έσεισας,</span> <span class='ocrx_word' id='word_1_381' title='bbox 2371 986 2521 1055; x_wconf 76' lang='grc' dir='ltr'>φησὶ,</span> <span class='ocrx_word' id='word_1_382' title='bbox 2552 984 2651 1055; x_wconf 80' lang='grc' dir='ltr'><strong>τὴν</strong></span> <span class='ocrx_word' id='word_1_383' title='bbox 2672 985 2795 1055; x_wconf 81' lang='grc' dir='ltr'>γῆν,</span> <span class='ocrx_word' id='word_1_384' title='bbox 2824 984 2918 1037; x_wconf 75' lang='grc' dir='ltr'><strong>καὶ</strong></span> <span class='ocrx_word' id='word_1_385' title='bbox 2940 981 3310 1055; x_wconf 80' lang='grc' dir='ltr'>συνετάραξας</span> <span class='ocrx_word' id='word_1_386' title='bbox 3330 984 3520 1056; x_wconf 81' lang='grc' dir='ltr'>αὐτὴν,</span> <span class='ocrx_word' id='word_1_387' title='bbox 3547 1003 3565 1035; x_wconf 80' lang='grc' dir='ltr'><strong>ι</strong></span> <span class='ocrx_word' id='word_1_388' title='bbox 3587 984 3676 1039; x_wconf 81' lang='grc' dir='ltr'><strong>διά</strong></span> 
     </span>
    </p>
   </div>
   <div class='ocr_carea' id='block_1_54' title="bbox 2100 1073 3675 1150">
    <p class='ocr_par' dir='ltr' id='par_1_54' title="bbox 2100 1073 3675 1150">
     <span class='ocr_line' id='line_1_54' title="bbox 2100 1073 3675 1150; baseline -0.002 -18"><span class='ocrx_word' id='word_1_389' title='bbox 2100 1079 2161 1132; x_wconf 78' lang='grc' dir='ltr'>τὸ</span> <span class='ocrx_word' id='word_1_390' title='bbox 2193 1076 2365 1150; x_wconf 82' lang='grc' dir='ltr'>μυρία</span> <span class='ocrx_word' id='word_1_391' title='bbox 2397 1076 2541 1131; x_wconf 88' lang='grc' dir='ltr'><strong>κακά</strong></span> <span class='ocrx_word' id='word_1_392' title='bbox 2570 1078 2627 1129; x_wconf 82' lang='grc' dir='ltr'>ὲν</span> <span class='ocrx_word' id='word_1_393' title='bbox 2650 1077 2787 1147; x_wconf 73' lang='grc' dir='ltr'>αὐτῇ</span> <span class='ocrx_word' id='word_1_394' title='bbox 2808 1073 3117 1144; x_wconf 88' lang='grc' dir='ltr'>γίγνεσθαι·</span> <span class='ocrx_word' id='word_1_395' title='bbox 3148 1074 3292 1144; x_wconf 87' lang='grc' dir='ltr'>λέγω</span> <span class='ocrx_word' id='word_1_396' title='bbox 3318 1075 3375 1129; x_wconf 76' lang='grc' dir='ltr'>δὲ</span> <span class='ocrx_word' id='word_1_397' title='bbox 3397 1078 3463 1148; x_wconf 77' lang='grc' dir='ltr'>τῇ</span> <span class='ocrx_word' id='word_1_398' title='bbox 3497 1076 3675 1130; x_wconf 77' lang='grc' dir='ltr'>αὐτῶν</span> 
     </span>
    </p>
   </div>
   <div class='ocr_carea' id='block_1_55' title="bbox 2101 1166 3677 1247">
    <p class='ocr_par' dir='ltr' id='par_1_55' title="bbox 2101 1166 3677 1247">
     <span class='ocr_line' id='line_1_55' title="bbox 2101 1166 3677 1247; baseline -0.003 -18"><span class='ocrx_word' id='word_1_399' title='bbox 2101 1177 2194 1246; x_wconf 74' lang='grc' dir='ltr'>γῇ,</span> <span class='ocrx_word' id='word_1_400' title='bbox 2230 1175 2348 1246; x_wconf 68' lang='grc' dir='ltr'>ἦτοι</span> <span class='ocrx_word' id='word_1_401' title='bbox 2379 1177 2444 1245; x_wconf 79' lang='grc' dir='ltr'>τῇ</span> <span class='ocrx_word' id='word_1_402' title='bbox 2483 1172 2849 1245; x_wconf 80' lang='grc' dir='ltr'>Ἰερουσαλὴμ,</span> <span class='ocrx_word' id='word_1_403' title='bbox 2884 1174 2941 1226; x_wconf 81' lang='grc' dir='ltr'>ὲν</span> <span class='ocrx_word' id='word_1_404' title='bbox 3038 1172 3130 1225; x_wconf 71' lang='grc' dir='ltr'><strong>καὶ</strong></span> <span class='ocrx_word' id='word_1_405' title='bbox 3161 1172 3221 1224; x_wconf 84' lang='grc' dir='ltr'>τὸ</span> <span class='ocrx_word' id='word_1_406' title='bbox 3256 1172 3543 1243; x_wconf 88' lang='grc' dir='ltr'>βασίλειον,</span> <span class='ocrx_word' id='word_1_407' title='bbox 3579 1171 3677 1225; x_wconf 70' lang='grc' dir='ltr'><strong>καὶ</strong></span> 
     </span>
    </p>
   </div>
   <div class='ocr_carea' id='block_1_56' title="bbox 2100 1260 3674 1335">
    <p class='ocr_par' dir='ltr' id='par_1_56' title="bbox 2100 1260 3674 1335">
     <span class='ocr_line' id='line_1_56' title="bbox 2100 1260 3674 1335; baseline -0.001 -17"><span class='ocrx_word' id='word_1_408' title='bbox 2100 1265 2162 1319; x_wconf 85' lang='grc' dir='ltr'><strong>τὸ</strong></span> <span class='ocrx_word' id='word_1_409' title='bbox 2190 1265 2456 1335; x_wconf 86' lang='grc' dir='ltr'>ἀγίασμα,</span> <span class='ocrx_word' id='word_1_410' title='bbox 2482 1264 2575 1317; x_wconf 79' lang='grc' dir='ltr'><strong>καὶ</strong></span> <span class='ocrx_word' id='word_1_411' title='bbox 2607 1263 2782 1316; x_wconf 88' lang='grc' dir='ltr'>πάντα</span> <span class='ocrx_word' id='word_1_412' title='bbox 2809 1262 2877 1316; x_wconf 82' lang='grc' dir='ltr'><strong>τά</strong></span> <span class='ocrx_word' id='word_1_413' title='bbox 2905 1262 3078 1333; x_wconf 85' lang='grc' dir='ltr'>σεμνά</span> <span class='ocrx_word' id='word_1_414' title='bbox 3109 1260 3204 1315; x_wconf 88' lang='grc' dir='ltr'><strong>τοῦ</strong></span> <span class='ocrx_word' id='word_1_415' title='bbox 3247 1262 3411 1333; x_wconf 87' lang='grc' dir='ltr'>νόμου</span> <span class='ocrx_word' id='word_1_416' title='bbox 3455 1279 3674 1316; x_wconf 89' lang='grc' dir='ltr'>συνετε-</span> 
     </span>
    </p>
   </div>
   <div class='ocr_carea' id='block_1_57' title="bbox 2101 1354 3677 1430">
    <p class='ocr_par' dir='ltr' id='par_1_57' title="bbox 2101 1354 3677 1430">
     <span class='ocr_line' id='line_1_57' title="bbox 2101 1354 3677 1430; baseline 0.001 -21"><span class='ocrx_word' id='word_1_417' title='bbox 2101 1357 2269 1411; x_wconf 83' lang='grc' dir='ltr'>λεῖτο·</span> <span class='ocrx_word' id='word_1_418' title='bbox 2296 1357 2329 1428; x_wconf 80' lang='grc' dir='ltr'>ἢ</span> <span class='ocrx_word' id='word_1_419' title='bbox 2361 1357 2455 1411; x_wconf 76' lang='grc' dir='ltr'><strong>καὶ</strong></span> <span class='ocrx_word' id='word_1_420' title='bbox 2498 1356 2647 1430; x_wconf 83' lang='grc' dir='ltr'>πάσῃ</span> <span class='ocrx_word' id='word_1_421' title='bbox 2678 1355 2856 1411; x_wconf 84' lang='grc' dir='ltr'>αὐτῶν</span> <span class='ocrx_word' id='word_1_422' title='bbox 2889 1358 2954 1427; x_wconf 81' lang='grc' dir='ltr'>τῇ</span> <span class='ocrx_word' id='word_1_423' title='bbox 2982 1354 3155 1426; x_wconf 83' lang='grc' dir='ltr'>χώρᾳ,</span> <span class='ocrx_word' id='word_1_424' title='bbox 3192 1355 3225 1425; x_wconf 79' lang='grc' dir='ltr'>ἢ</span> <span class='ocrx_word' id='word_1_425' title='bbox 3267 1356 3359 1409; x_wconf 79' lang='grc' dir='ltr'>καὶ</span> <span class='ocrx_word' id='word_1_426' title='bbox 3405 1358 3525 1419; x_wconf 82' lang='grc' dir='ltr'>ταῖς</span> <span class='ocrx_word' id='word_1_427' title='bbox 3568 1357 3677 1427; x_wconf 80' lang='grc' dir='ltr'><strong>ψυ-</strong></span> 
     </span>
    </p>
   </div>
   <div class='ocr_carea' id='block_1_58' title="bbox 2100 1448 3676 1522">
    <p class='ocr_par' dir='ltr' id='par_1_58' title="bbox 2100 1448 3676 1522">
     <span class='ocr_line' id='line_1_58' title="bbox 2100 1448 3676 1522; baseline -0.001 -18"><span class='ocrx_word' id='word_1_428' title='bbox 2100 1453 2221 1522; x_wconf 79' lang='grc' dir='ltr'>χαῖς</span> <span class='ocrx_word' id='word_1_429' title='bbox 2243 1451 2419 1504; x_wconf 79' lang='grc' dir='ltr'>αὐτῶν</span> <span class='ocrx_word' id='word_1_430' title='bbox 2439 1450 2713 1522; x_wconf 82' lang='grc' dir='ltr'><strong>τροπικῶς</strong></span> <span class='ocrx_word' id='word_1_431' title='bbox 2733 1450 2833 1521; x_wconf 79' lang='grc' dir='ltr'>γῆν</span> <span class='ocrx_word' id='word_1_432' title='bbox 2849 1448 3279 1519; x_wconf 86' lang='grc' dir='ltr'>ώνομασμέναις.</span> <span class='ocrx_word' id='word_1_433' title='bbox 3314 1451 3380 1502; x_wconf 82' lang='grc' dir='ltr'>Ἀ</span> <span class='ocrx_word' id='word_1_434' title='bbox 3411 1448 3474 1521; x_wconf 81' lang='grc' dir='ltr'><strong>δὴ</strong></span> <span class='ocrx_word' id='word_1_435' title='bbox 3498 1450 3676 1504; x_wconf 86' lang='grc' dir='ltr'>πάντα</span> 
     </span>
    </p>
   </div>
   <div class='ocr_carea' id='block_1_59' title="bbox 2100 1541 3677 1616">
    <p class='ocr_par' dir='ltr' id='par_1_59' title="bbox 2100 1541 3677 1616">
     <span class='ocr_line' id='line_1_59' title="bbox 2100 1541 3677 1616; baseline -0.002 -17"><span class='ocrx_word' id='word_1_436' title='bbox 2100 1544 2311 1616; x_wconf 86' lang='grc' dir='ltr'>ἀθρόως</span> <span class='ocrx_word' id='word_1_437' title='bbox 2336 1543 2424 1597; x_wconf 91' lang='grc' dir='ltr'><strong>διά</strong></span> <span class='ocrx_word' id='word_1_438' title='bbox 2448 1544 2547 1607; x_wconf 79' lang='grc' dir='ltr'><strong>τὰς</strong></span> <span class='ocrx_word' id='word_1_439' title='bbox 2573 1544 2923 1615; x_wconf 81' lang='grc' dir='ltr'>παρανόμους</span> <span class='ocrx_word' id='word_1_440' title='bbox 2950 1542 3128 1595; x_wconf 82' lang='grc' dir='ltr'>αὐτῶν</span> <span class='ocrx_word' id='word_1_441' title='bbox 3174 1541 3401 1613; x_wconf 78' lang='grc' dir='ltr'>πράξεις</span> <span class='ocrx_word' id='word_1_442' title='bbox 3436 1542 3677 1596; x_wconf 85' lang='grc' dir='ltr'>συνεσεί-</span> 
     </span>
    </p>
   </div>
   <div class='ocr_carea' id='block_1_60' title="bbox 2103 1627 3675 1706">
    <p class='ocr_par' dir='ltr' id='par_1_60' title="bbox 2103 1627 3675 1706">
     <span class='ocr_line' id='line_1_60' title="bbox 2103 1627 3675 1706; baseline -0.001 -19"><span class='ocrx_word' id='word_1_443' title='bbox 2103 1636 2204 1705; x_wconf 91' lang='grc' dir='ltr'><strong>σθη</strong></span> <span class='ocrx_word' id='word_1_444' title='bbox 2236 1635 2330 1689; x_wconf 73' lang='grc' dir='ltr'>καὶ</span> <span class='ocrx_word' id='word_1_445' title='bbox 2359 1633 2756 1706; x_wconf 75' lang='grc' dir='ltr'>συνεταράχθη.</span> <span class='ocrx_word' id='word_1_446' title='bbox 2796 1634 2985 1704; x_wconf 86' lang='grc' dir='ltr'><strong>Ὅμως</strong></span> <span class='ocrx_word' id='word_1_447' title='bbox 3016 1632 3061 1685; x_wconf 86' lang='grc' dir='ltr'>δ’</span> <span class='ocrx_word' id='word_1_448' title='bbox 3100 1627 3191 1686; x_wconf 83' lang='grc' dir='ltr'><strong>οῦν</strong></span> <span class='ocrx_word' id='word_1_449' title='bbox 3234 1631 3467 1686; x_wconf 78' lang='grc' dir='ltr'><strong>ἱκετεύει</strong></span> <span class='ocrx_word' id='word_1_450' title='bbox 3489 1635 3518 1686; x_wconf 82' lang='grc' dir='ltr'>ὁ</span> <span class='ocrx_word' id='word_1_451' title='bbox 3544 1641 3675 1705; x_wconf 79' lang='grc' dir='ltr'>προ-</span> 
     </span>
    </p>
   </div>
   <div class='ocr_carea' id='block_1_61' title="bbox 2103 1720 3669 1796">
    <p class='ocr_par' dir='ltr' id='par_1_61' title="bbox 2103 1720 3669 1796">
     <span class='ocr_line' id='line_1_61' title="bbox 2103 1720 3669 1796; baseline -0.003 -18"><span class='ocrx_word' id='word_1_452' title='bbox 2103 1728 2277 1796; x_wconf 82' lang='grc' dir='ltr'>φήτης</span> <span class='ocrx_word' id='word_1_453' title='bbox 2307 1724 2479 1794; x_wconf 88' lang='grc' dir='ltr'>λέγων</span> <span class='ocrx_word' id='word_1_454' title='bbox 2512 1725 2659 1795; x_wconf 77' lang='grc' dir='ltr'>ἑξῆς·</span> <span class='ocrx_word' id='word_1_455' title='bbox 2695 1744 2714 1774; x_wconf 83' lang='grc' dir='ltr'><strong>ι</strong></span> <span class='ocrx_word' id='word_1_456' title='bbox 2755 1724 2931 1777; x_wconf 81' lang='grc' dir='ltr'>Ἶασαι</span> <span class='ocrx_word' id='word_1_457' title='bbox 2962 1720 3029 1775; x_wconf 86' lang='grc' dir='ltr'><strong>τά</strong></span> <span class='ocrx_word' id='word_1_458' title='bbox 3064 1721 3447 1793; x_wconf 84' lang='grc' dir='ltr'>συντρίμματα</span> <span class='ocrx_word' id='word_1_459' title='bbox 3484 1722 3669 1792; x_wconf 83' lang='grc' dir='ltr'>αὐτῆς,</span> 
     </span>
    </p>
   </div>
   <div class='ocr_carea' id='block_1_62' title="bbox 2102 1812 3677 1887">
    <p class='ocr_par' dir='ltr' id='par_1_62' title="bbox 2102 1812 3677 1887">
     <span class='ocr_line' id='line_1_62' title="bbox 2102 1812 3677 1887; baseline -0.004 -16"><span class='ocrx_word' id='word_1_460' title='bbox 2102 1819 2181 1871; x_wconf 78' lang='grc' dir='ltr'>ὅτι</span> <span class='ocrx_word' id='word_1_461' title='bbox 2204 1816 2447 1887; x_wconf 78' lang='grc' dir='ltr'>ἐκινήθη.</span> <span class='ocrx_word' id='word_1_462' title='bbox 2483 1834 2501 1867; x_wconf 75' lang='grc' dir='ltr'><strong>ι</strong></span> <span class='ocrx_word' id='word_1_463' title='bbox 2534 1814 2828 1885; x_wconf 81' lang='grc' dir='ltr'>Κινηθεῖσα</span> <span class='ocrx_word' id='word_1_464' title='bbox 2855 1812 2964 1885; x_wconf 91' lang='grc' dir='ltr'><strong>γάρ</strong></span> <span class='ocrx_word' id='word_1_465' title='bbox 2996 1813 3092 1867; x_wconf 76' lang='grc' dir='ltr'>καὶ</span> <span class='ocrx_word' id='word_1_466' title='bbox 3127 1812 3447 1866; x_wconf 78' lang='grc' dir='ltr'>σαλευθεῖσα</span> <span class='ocrx_word' id='word_1_467' title='bbox 3476 1816 3575 1885; x_wconf 82' lang='grc' dir='ltr'><strong>τῆς</strong></span> <span class='ocrx_word' id='word_1_468' title='bbox 3599 1815 3677 1866; x_wconf 82' lang='lat' dir='ltr'><strong>al—</strong></span> 
     </span>
    </p>
   </div>
   <div class='ocr_carea' id='block_1_63' title="bbox 2104 1901 3676 1977">
    <p class='ocr_par' dir='ltr' id='par_1_63' title="bbox 2104 1901 3676 1977">
     <span class='ocr_line' id='line_1_63' title="bbox 2104 1901 3676 1977; baseline -0.003 -17"><span class='ocrx_word' id='word_1_469' title='bbox 2104 1908 2255 1969; x_wconf 88' lang='grc' dir='ltr'>κείας</span> <span class='ocrx_word' id='word_1_470' title='bbox 2288 1906 2452 1977; x_wconf 83' lang='grc' dir='ltr'>μονῆς</span> <span class='ocrx_word' id='word_1_471' title='bbox 2474 1903 2567 1959; x_wconf 71' lang='grc' dir='ltr'><strong>καὶ</strong></span> <span class='ocrx_word' id='word_1_472' title='bbox 2597 1904 2883 1974; x_wconf 83' lang='grc' dir='ltr'>στάσεωςή</span> <span class='ocrx_word' id='word_1_473' title='bbox 2914 1901 3272 1975; x_wconf 81' lang='grc' dir='ltr'>προλεχθεϊσα</span> <span class='ocrx_word' id='word_1_474' title='bbox 3301 1903 3392 1973; x_wconf 84' lang='grc' dir='ltr'>γῆ,</span> <span class='ocrx_word' id='word_1_475' title='bbox 3415 1904 3676 1975; x_wconf 84' lang='grc' dir='ltr'>συντρίμ-</span> 
     </span>
    </p>
   </div>
   <div class='ocr_carea' id='block_1_64' title="bbox 2106 1995 3676 2071">
    <p class='ocr_par' dir='ltr' id='par_1_64' title="bbox 2106 1995 3676 2071">
     <span class='ocr_line' id='line_1_64' title="bbox 2106 1995 3676 2071; baseline -0.001 -20"><span class='ocrx_word' id='word_1_476' title='bbox 2106 2017 2250 2071; x_wconf 83' lang='grc' dir='ltr'>ματα</span> <span class='ocrx_word' id='word_1_477' title='bbox 2281 1999 2374 2053; x_wconf 80' lang='grc' dir='ltr'>καὶ</span> <span class='ocrx_word' id='word_1_478' title='bbox 2399 1998 2724 2069; x_wconf 71' lang='grc' dir='ltr'>κατάγματα</span> <span class='ocrx_word' id='word_1_479' title='bbox 2752 1998 3039 2067; x_wconf 76' lang='grc' dir='ltr'>ἐκτήσατο.</span> <span class='ocrx_word' id='word_1_480' title='bbox 3089 1995 3287 2068; x_wconf 84' lang='grc' dir='ltr'>Διόπερ</span> <span class='ocrx_word' id='word_1_481' title='bbox 3329 1995 3454 2065; x_wconf 77' lang='grc' dir='ltr'>ἑξῆς</span> <span class='ocrx_word' id='word_1_482' title='bbox 3492 1995 3676 2050; x_wconf 65' lang='grc' dir='ltr'>ἐπιλέο</span> 
     </span>
    </p>
   </div>
   <div class='ocr_carea' id='block_1_65' title="bbox 2103 2086 3678 2160">
    <p class='ocr_par' dir='ltr' id='par_1_65' title="bbox 2103 2086 3678 2160">
     <span class='ocr_line' id='line_1_65' title="bbox 2103 2086 3678 2160; baseline -0.001 -17"><span class='ocrx_word' id='word_1_483' title='bbox 2103 2107 2257 2160; x_wconf 88' lang='grc' dir='ltr'>γεται</span> <span class='ocrx_word' id='word_1_484' title='bbox 2277 2106 2289 2119; x_wconf 88' lang='grc'><strong>·</strong></span> <span class='ocrx_word' id='word_1_485' title='bbox 2333 2109 2352 2142; x_wconf 83' lang='grc' dir='ltr'><strong>ι</strong></span> <span class='ocrx_word' id='word_1_486' title='bbox 2381 2089 2629 2156; x_wconf 83' lang='grc' dir='ltr'>Ἕδειξας</span> <span class='ocrx_word' id='word_1_487' title='bbox 2653 2087 2731 2159; x_wconf 83' lang='grc' dir='ltr'><strong>τῷ</strong></span> <span class='ocrx_word' id='word_1_488' title='bbox 2756 2087 2871 2159; x_wconf 86' lang='grc' dir='ltr'><strong>λαῷ</strong></span> <span class='ocrx_word' id='word_1_489' title='bbox 2893 2104 2985 2141; x_wconf 91' lang='grc' dir='ltr'><strong>σου</strong></span> <span class='ocrx_word' id='word_1_490' title='bbox 3009 2086 3223 2160; x_wconf 84' lang='grc' dir='ltr'>σκληρά</span> <span class='ocrx_word' id='word_1_491' title='bbox 3244 2105 3257 2120; x_wconf 77' lang='grc' dir='ltr'><strong>ο</strong></span> <span class='ocrx_word' id='word_1_492' title='bbox 3297 2106 3317 2140; x_wconf 74' lang='grc' dir='ltr'><strong>ι</strong></span> <span class='ocrx_word' id='word_1_493' title='bbox 3348 2088 3444 2142; x_wconf 82' lang='grc' dir='ltr'>καὶ</span> <span class='ocrx_word' id='word_1_494' title='bbox 3470 2087 3678 2153; x_wconf 75' lang='grc' dir='ltr'>ποτίζει</span> 
     </span>
    </p>
   </div>
   <div class='ocr_carea' id='block_1_66' title="bbox 2101 2177 3677 2253">
    <p class='ocr_par' dir='ltr' id='par_1_66' title="bbox 2101 2177 3677 2253">
     <span class='ocr_line' id='line_1_66' title="bbox 2101 2177 3677 2253; baseline 0 -19"><span class='ocrx_word' id='word_1_495' title='bbox 2101 2182 2157 2234; x_wconf 85' lang='grc' dir='ltr'>δὲ</span> <span class='ocrx_word' id='word_1_496' title='bbox 2189 2182 2383 2245; x_wconf 81' lang='grc' dir='ltr'>αὐτοὺς</span> <span class='ocrx_word' id='word_1_497' title='bbox 2414 2177 2553 2235; x_wconf 75' lang='grc' dir='ltr'>οἶνον</span> <span class='ocrx_word' id='word_1_498' title='bbox 2599 2180 2937 2247; x_wconf 79' lang='grc' dir='ltr'>κατανύξεως</span> <span class='ocrx_word' id='word_1_499' title='bbox 2956 2198 2970 2214; x_wconf 91' lang='grc'><strong>·</strong></span> <span class='ocrx_word' id='word_1_500' title='bbox 3022 2180 3081 2253; x_wconf 79' lang='grc' dir='ltr'>ἢ,</span> <span class='ocrx_word' id='word_1_501' title='bbox 3112 2180 3253 2235; x_wconf 86' lang='grc' dir='ltr'>κατά</span> <span class='ocrx_word' id='word_1_502' title='bbox 3278 2180 3369 2235; x_wconf 82' lang='grc' dir='ltr'><strong>τὸν</strong></span> <span class='ocrx_word' id='word_1_503' title='bbox 3411 2179 3640 2235; x_wconf 77' lang='grc' dir='ltr'>Ἀκύλαν</span> <span class='ocrx_word' id='word_1_504' title='bbox 3657 2217 3677 2244; x_wconf 83' lang='grc'><strong>,</strong></span> 
     </span>
    </p>
   </div>
   <div class='ocr_carea' id='block_1_67' title="bbox 2111 2270 3681 2345">
    <p class='ocr_par' dir='ltr' id='par_1_67' title="bbox 2111 2270 3681 2345">
     <span class='ocr_line' id='line_1_67' title="bbox 2111 2270 3681 2345; baseline 0.001 -18"><span class='ocrx_word' id='word_1_505' title='bbox 2111 2296 2129 2327; x_wconf 80' lang='grc' dir='ltr'><strong>ι</strong></span> <span class='ocrx_word' id='word_1_506' title='bbox 2163 2270 2303 2329; x_wconf 76' lang='grc' dir='ltr'>οἶνον</span> <span class='ocrx_word' id='word_1_507' title='bbox 2322 2272 2646 2345; x_wconf 75' lang='grc' dir='ltr'>καρώσεωςο</span> <span class='ocrx_word' id='word_1_508' title='bbox 2688 2293 2708 2325; x_wconf 71' lang='grc' dir='ltr'><strong>ι</strong></span> <span class='ocrx_word' id='word_1_509' title='bbox 2736 2273 2794 2344; x_wconf 81' lang='grc' dir='ltr'>ἢ,</span> <span class='ocrx_word' id='word_1_510' title='bbox 2827 2271 2967 2326; x_wconf 87' lang='grc' dir='ltr'><strong>κατά</strong></span> <span class='ocrx_word' id='word_1_511' title='bbox 2995 2272 3087 2327; x_wconf 78' lang='grc' dir='ltr'><strong>τὸν</strong></span> <span class='ocrx_word' id='word_1_512' title='bbox 3112 2273 3432 2345; x_wconf 86' lang='grc' dir='ltr'>Σύμμαχον,</span> <span class='ocrx_word' id='word_1_513' title='bbox 3473 2294 3494 2326; x_wconf 82' lang='grc' dir='ltr'><strong>ι</strong></span> <span class='ocrx_word' id='word_1_514' title='bbox 3534 2271 3681 2328; x_wconf 72' lang='grc' dir='ltr'>οἶνον</span> 
     </span>
    </p>
   </div>
   <div class='ocr_carea' id='block_1_68' title="bbox 2106 2364 3678 2438">
    <p class='ocr_par' dir='ltr' id='par_1_68' title="bbox 2106 2364 3678 2438">
     <span class='ocr_line' id='line_1_68' title="bbox 2106 2364 3678 2438; baseline 0 -17"><span class='ocrx_word' id='word_1_515' title='bbox 2106 2367 2287 2421; x_wconf 80' lang='grc' dir='ltr'>σάλου.</span> <span class='ocrx_word' id='word_1_516' title='bbox 2323 2386 2341 2419; x_wconf 76' lang='grc' dir='ltr'><strong>ι</strong></span> <span class='ocrx_word' id='word_1_517' title='bbox 2375 2367 2484 2419; x_wconf 73' lang='grc' dir='ltr'><strong>Καὶ</strong></span> <span class='ocrx_word' id='word_1_518' title='bbox 2509 2364 2624 2419; x_wconf 77' lang='grc' dir='ltr'>ἔστι</span> <span class='ocrx_word' id='word_1_519' title='bbox 2652 2382 2715 2435; x_wconf 84' lang='grc' dir='ltr'><strong>γε</strong></span> <span class='ocrx_word' id='word_1_520' title='bbox 2740 2366 2912 2419; x_wconf 83' lang='grc' dir='ltr'>εἰπεῖν</span> <span class='ocrx_word' id='word_1_521' title='bbox 2943 2366 3033 2418; x_wconf 84' lang='grc' dir='ltr'><strong>τὸν</strong></span> <span class='ocrx_word' id='word_1_522' title='bbox 3059 2365 3165 2419; x_wconf 81' lang='grc' dir='ltr'><strong>άπὸ</strong></span> <span class='ocrx_word' id='word_1_523' title='bbox 3194 2366 3300 2420; x_wconf 88' lang='grc' dir='ltr'><strong>τῶν</strong></span> <span class='ocrx_word' id='word_1_524' title='bbox 3343 2366 3502 2420; x_wconf 87' lang='grc' dir='ltr'>θείων</span> <span class='ocrx_word' id='word_1_525' title='bbox 3534 2368 3575 2419; x_wconf 90' lang='grc' dir='ltr'><strong>Γ</strong></span> <span class='ocrx_word' id='word_1_526' title='bbox 3578 2383 3678 2438; x_wconf 85' lang='grc' dir='ltr'>ρα-</span> 
     </span>
    </p>
   </div>
   <div class='ocr_carea' id='block_1_69' title="bbox 2104 2457 3674 2529">
    <p class='ocr_par' dir='ltr' id='par_1_69' title="bbox 2104 2457 3674 2529">
     <span class='ocr_line' id='line_1_69' title="bbox 2104 2457 3674 2529; baseline -0.001 -18"><span class='ocrx_word' id='word_1_527' title='bbox 2104 2459 2220 2529; x_wconf 84' lang='grc' dir='ltr'><strong>φῶν</strong></span> <span class='ocrx_word' id='word_1_528' title='bbox 2246 2458 2404 2527; x_wconf 87' lang='grc' dir='ltr'>λόγον</span> <span class='ocrx_word' id='word_1_529' title='bbox 2429 2499 2443 2522; x_wconf 91' lang='grc'><strong>,</strong></span> <span class='ocrx_word' id='word_1_530' title='bbox 2469 2457 2779 2527; x_wconf 75' lang='grc' dir='ltr'>ἐλεγκτικὸν</span> <span class='ocrx_word' id='word_1_531' title='bbox 2809 2459 2937 2513; x_wconf 78' lang='grc' dir='ltr'>ὄντα</span> <span class='ocrx_word' id='word_1_532' title='bbox 2959 2457 3134 2511; x_wconf 77' lang='grc' dir='ltr'>αὐτῶν</span> <span class='ocrx_word' id='word_1_533' title='bbox 3158 2459 3255 2529; x_wconf 83' lang='grc' dir='ltr'>τῆς</span> <span class='ocrx_word' id='word_1_534' title='bbox 3300 2458 3379 2521; x_wconf 88' lang='grc' dir='ltr'><strong>είς</strong></span> <span class='ocrx_word' id='word_1_535' title='bbox 3409 2458 3501 2512; x_wconf 81' lang='grc' dir='ltr'><strong>τὸν</strong></span> <span class='ocrx_word' id='word_1_536' title='bbox 3533 2459 3674 2528; x_wconf 87' lang='grc' dir='ltr'>Χρι-</span> 
     </span>
    </p>
   </div>
   <div class='ocr_carea' id='block_1_70' title="bbox 2107 2546 3672 2621">
    <p class='ocr_par' dir='ltr' id='par_1_70' title="bbox 2107 2546 3672 2621">
     <span class='ocr_line' id='line_1_70' title="bbox 2107 2546 3672 2621; baseline 0.001 -20"><span class='ocrx_word' id='word_1_537' title='bbox 2107 2549 2228 2602; x_wconf 84' lang='grc' dir='ltr'>στὸν</span> <span class='ocrx_word' id='word_1_538' title='bbox 2257 2547 2350 2602; x_wconf 90' lang='grc' dir='ltr'><strong>τοῦ</strong></span> <span class='ocrx_word' id='word_1_539' title='bbox 2379 2547 2513 2602; x_wconf 81' lang='grc' dir='ltr'>Θεοῦ</span> <span class='ocrx_word' id='word_1_540' title='bbox 2540 2548 2815 2613; x_wconf 87' lang='grc' dir='ltr'>ἀπιστίας,</span> <span class='ocrx_word' id='word_1_541' title='bbox 2846 2546 2985 2603; x_wconf 80' lang='grc' dir='ltr'>οἶνον</span> <span class='ocrx_word' id='word_1_542' title='bbox 3012 2549 3275 2621; x_wconf 77' lang='grc' dir='ltr'>ὑπάρχειν</span> <span class='ocrx_word' id='word_1_543' title='bbox 3304 2549 3672 2617; x_wconf 80' lang='grc' dir='ltr'>κατανύξεως,</span> 
     </span>
    </p>
   </div>
   <div class='ocr_carea' id='block_1_71' title="bbox 2104 2638 3680 2711">
    <p class='ocr_par' dir='ltr' id='par_1_71' title="bbox 2104 2638 3680 2711">
     <span class='ocr_line' id='line_1_71' title="bbox 2104 2638 3680 2711; baseline -0.001 -20"><span class='ocrx_word' id='word_1_544' title='bbox 2104 2656 2261 2692; x_wconf 86' lang='grc' dir='ltr'>νυττο</span> <span class='ocrx_word' id='word_1_545' title='bbox 2268 2638 2433 2710; x_wconf 82' lang='grc' dir='ltr'>μένης</span> <span class='ocrx_word' id='word_1_546' title='bbox 2446 2638 2623 2693; x_wconf 81' lang='grc' dir='ltr'>αὐτῶν</span> <span class='ocrx_word' id='word_1_547' title='bbox 2640 2638 2734 2693; x_wconf 76' lang='grc' dir='ltr'>καὶ</span> <span class='ocrx_word' id='word_1_548' title='bbox 2748 2640 3186 2711; x_wconf 82' lang='grc' dir='ltr'>τιτρωσκομένης</span> <span class='ocrx_word' id='word_1_549' title='bbox 3201 2639 3301 2709; x_wconf 81' lang='grc' dir='ltr'>τῆς</span> <span class='ocrx_word' id='word_1_550' title='bbox 3318 2639 3680 2711; x_wconf 82' lang='grc' dir='ltr'>συνειδήσεως</span> 
     </span>
    </p>
   </div>
   <div class='ocr_carea' id='block_1_72' title="bbox 2104 2729 3680 2803">
    <p class='ocr_par' dir='ltr' id='par_1_72' title="bbox 2104 2729 3680 2803">
     <span class='ocr_line' id='line_1_72' title="bbox 2104 2729 3680 2803; baseline 0 -20"><span class='ocrx_word' id='word_1_551' title='bbox 2104 2730 2212 2783; x_wconf 82' lang='grc' dir='ltr'><strong>ἀπὸ</strong></span> <span class='ocrx_word' id='word_1_552' title='bbox 2238 2729 2347 2784; x_wconf 87' lang='grc' dir='ltr'><strong>τῶν</strong></span> <span class='ocrx_word' id='word_1_553' title='bbox 2394 2732 2523 2803; x_wconf 70' lang='grc' dir='ltr'>περὶ</span> <span class='ocrx_word' id='word_1_554' title='bbox 2551 2730 2644 2784; x_wconf 90' lang='grc' dir='ltr'><strong>τοῦ</strong></span> <span class='ocrx_word' id='word_1_555' title='bbox 2700 2731 2951 2803; x_wconf 86' lang='grc' dir='ltr'>Σωτῆρος</span> <span class='ocrx_word' id='word_1_556' title='bbox 2989 2730 3363 2803; x_wconf 76' lang='grc' dir='ltr'>προφητειῶν·</span> <span class='ocrx_word' id='word_1_557' title='bbox 3398 2730 3460 2796; x_wconf 69' lang='grc' dir='ltr'>ἐξ</span> <span class='ocrx_word' id='word_1_558' title='bbox 3497 2732 3680 2785; x_wconf 78' lang='grc' dir='ltr'>αὐτῶν</span> 
     </span>
    </p>
   </div>
   <div class='ocr_carea' id='block_1_73' title="bbox 2103 2810 3679 2896">
    <p class='ocr_par' dir='ltr' id='par_1_73' title="bbox 2103 2810 3679 2896">
     <span class='ocr_line' id='line_1_73' title="bbox 2103 2810 3679 2896; baseline 0.001 -22"><span class='ocrx_word' id='word_1_559' title='bbox 2103 2837 2163 2874; x_wconf 85' lang='grc' dir='ltr'><strong>τε</strong></span> <span class='ocrx_word' id='word_1_560' title='bbox 2190 2821 2299 2877; x_wconf 86' lang='grc' dir='ltr'><strong>τῶν</strong></span> <span class='ocrx_word' id='word_1_561' title='bbox 2349 2810 2710 2895; x_wconf 73' lang='grc' dir='ltr'>περιεχόντων</span> <span class='ocrx_word' id='word_1_562' title='bbox 2748 2823 2944 2887; x_wconf 82' lang='grc' dir='ltr'>αὐτοὺς</span> <span class='ocrx_word' id='word_1_563' title='bbox 2986 2824 3324 2896; x_wconf 75' lang='grc' dir='ltr'>πραγμάτων</span> <span class='ocrx_word' id='word_1_564' title='bbox 3355 2823 3448 2878; x_wconf 75' lang='grc' dir='ltr'><strong>καὶ</strong></span> <span class='ocrx_word' id='word_1_565' title='bbox 3477 2824 3541 2876; x_wconf 80' lang='grc' dir='ltr'>ὲκ</span> <span class='ocrx_word' id='word_1_566' title='bbox 3579 2823 3679 2895; x_wconf 82' lang='grc' dir='ltr'>τῆς</span> 
     </span>
    </p>
   </div>
   <div class='ocr_carea' id='block_1_74' title="bbox 2103 2915 3674 2991">
    <p class='ocr_par' dir='ltr' id='par_1_74' title="bbox 2103 2915 3674 2991">
     <span class='ocr_line' id='line_1_74' title="bbox 2103 2915 3674 2991; baseline 0 -20"><span class='ocrx_word' id='word_1_567' title='bbox 2103 2917 2210 2971; x_wconf 87' lang='grc' dir='ltr'><strong>τῶν</strong></span> <span class='ocrx_word' id='word_1_568' title='bbox 2238 2917 2404 2971; x_wconf 75' lang='grc' dir='ltr'>ἐθνῶν</span> <span class='ocrx_word' id='word_1_569' title='bbox 2420 2918 2775 2991; x_wconf 69' lang='grc' dir='ltr'>ἐπιστροφῆς.</span> <span class='ocrx_word' id='word_1_570' title='bbox 2800 2918 2986 2971; x_wconf 86' lang='grc' dir='ltr'>Ταῦτα</span> <span class='ocrx_word' id='word_1_571' title='bbox 3005 2918 3134 2989; x_wconf 84' lang='grc' dir='ltr'>γάρ,</span> <span class='ocrx_word' id='word_1_572' title='bbox 3162 2917 3264 2971; x_wconf 77' lang='grc' dir='ltr'><strong>κᾶν</strong></span> <span class='ocrx_word' id='word_1_573' title='bbox 3286 2915 3674 2989; x_wconf 74' lang='grc' dir='ltr'>ἀπροσποίητο.</span> 
     </span>
    </p>
   </div>
   <div class='ocr_carea' id='block_1_75' title="bbox 2105 3005 3675 3083">
    <p class='ocr_par' dir='ltr' id='par_1_75' title="bbox 2105 3005 3675 3083">
     <span class='ocr_line' id='line_1_75' title="bbox 2105 3005 3675 3083; baseline -0.002 -18"><span class='ocrx_word' id='word_1_574' title='bbox 2105 3005 2244 3065; x_wconf 73' lang='grc' dir='ltr'>εἶναι</span> <span class='ocrx_word' id='word_1_575' title='bbox 2264 3011 2515 3073; x_wconf 81' lang='grc' dir='ltr'>δοκῶσιν,</span> <span class='ocrx_word' id='word_1_576' title='bbox 2546 3013 2693 3083; x_wconf 80' lang='grc' dir='ltr'>ὅμως</span> <span class='ocrx_word' id='word_1_577' title='bbox 2707 3012 2806 3083; x_wconf 81' lang='grc' dir='ltr'>τὴν</span> <span class='ocrx_word' id='word_1_578' title='bbox 2836 3011 3137 3082; x_wconf 79' lang='grc' dir='ltr'>συνείδησιν</span> <span class='ocrx_word' id='word_1_579' title='bbox 3155 3009 3335 3064; x_wconf 81' lang='grc' dir='ltr'>αὐτῶν</span> <span class='ocrx_word' id='word_1_580' title='bbox 3358 3008 3675 3082; x_wconf 85' lang='grc' dir='ltr'>τιτρώσκει,</span> 
     </span>
    </p>
   </div>
   <div class='ocr_carea' id='block_1_76' title="bbox 2105 3102 3682 3176">
    <p class='ocr_par' dir='ltr' id='par_1_76' title="bbox 2105 3102 3682 3176">
     <span class='ocr_line' id='line_1_76' title="bbox 2105 3102 3682 3176; baseline -0.001 -19"><span class='ocrx_word' id='word_1_581' title='bbox 2105 3104 2407 3176; x_wconf 73' lang='grc' dir='ltr'>πλήττοντα</span> <span class='ocrx_word' id='word_1_582' title='bbox 2440 3104 2534 3158; x_wconf 58' lang='grc' dir='ltr'><strong>καὶ⁵</strong></span> <span class='ocrx_word' id='word_1_583' title='bbox 2568 3106 2645 3167; x_wconf 87' lang='grc' dir='ltr'><strong>είς</strong></span> <span class='ocrx_word' id='word_1_584' title='bbox 2671 3104 3016 3175; x_wconf 78' lang='grc' dir='ltr'>συναίσθησιν</span> <span class='ocrx_word' id='word_1_585' title='bbox 3036 3102 3233 3167; x_wconf 75' lang='grc' dir='ltr'>αὐτοὺς</span> <span class='ocrx_word' id='word_1_586' title='bbox 3258 3102 3460 3172; x_wconf 76' lang='grc' dir='ltr'>ἄγοντα</span> <span class='ocrx_word' id='word_1_587' title='bbox 3479 3103 3579 3173; x_wconf 81' lang='grc' dir='ltr'>τῆς</span> <span class='ocrx_word' id='word_1_588' title='bbox 3600 3103 3682 3167; x_wconf 87' lang='grc' dir='ltr'><strong>είς</strong></span> 
     </span>
    </p>
   </div>
   <div class='ocr_carea' id='block_1_77' title="bbox 2105 3192 3681 3269">
    <p class='ocr_par' dir='ltr' id='par_1_77' title="bbox 2105 3192 3681 3269">
     <span class='ocr_line' id='line_1_77' title="bbox 2105 3192 3681 3269; baseline -0.001 -19"><span class='ocrx_word' id='word_1_589' title='bbox 2105 3196 2195 3251; x_wconf 80' lang='grc' dir='ltr'><strong>τὸν</strong></span> <span class='ocrx_word' id='word_1_590' title='bbox 2224 3198 2453 3269; x_wconf 80' lang='grc' dir='ltr'>Σωτῆρα</span> <span class='ocrx_word' id='word_1_591' title='bbox 2481 3195 2575 3249; x_wconf 73' lang='grc' dir='ltr'><strong>καὶ</strong></span> <span class='ocrx_word' id='word_1_592' title='bbox 2605 3195 2808 3269; x_wconf 80' lang='grc' dir='ltr'>Κύριον</span> <span class='ocrx_word' id='word_1_593' title='bbox 2838 3195 2992 3266; x_wconf 81' lang='grc' dir='ltr'>ἡμῶν</span> <span class='ocrx_word' id='word_1_594' title='bbox 3019 3193 3294 3258; x_wconf 86' lang='grc' dir='ltr'>ἀπιστίας.</span> <span class='ocrx_word' id='word_1_595' title='bbox 3352 3192 3493 3246; x_wconf 82' lang='grc' dir='ltr'>Ἀλλ’</span> <span class='ocrx_word' id='word_1_596' title='bbox 3535 3194 3681 3248; x_wconf 81' lang='grc' dir='ltr'>ὲκεί-</span> 
     </span>
    </p>
   </div>
   <div class='ocr_carea' id='block_1_78' title="bbox 2106 3284 3681 3358">
    <p class='ocr_par' dir='ltr' id='par_1_78' title="bbox 2106 3284 3681 3358">
     <span class='ocr_line' id='line_1_78' title="bbox 2106 3284 3681 3358; baseline -0.001 -17"><span class='ocrx_word' id='word_1_597' title='bbox 2106 3305 2218 3351; x_wconf 90' lang='grc' dir='ltr'>νοις</span> <span class='ocrx_word' id='word_1_598' title='bbox 2256 3287 2353 3358; x_wconf 84' lang='grc' dir='ltr'><strong>μὲν</strong></span> <span class='ocrx_word' id='word_1_599' title='bbox 2401 3288 2626 3342; x_wconf 88' lang='grc' dir='ltr'>τοιαῦτα</span> <span class='ocrx_word' id='word_1_600' title='bbox 2655 3286 2865 3358; x_wconf 85' lang='grc' dir='ltr'>μέλλειν</span> <span class='ocrx_word' id='word_1_601' title='bbox 2895 3286 3110 3339; x_wconf 76' lang='grc' dir='ltr'>ἔσεσθαι</span> <span class='ocrx_word' id='word_1_602' title='bbox 3137 3285 3403 3351; x_wconf 76' lang='grc' dir='ltr'>θεσπίζει.</span> <span class='ocrx_word' id='word_1_603' title='bbox 3447 3284 3586 3348; x_wconf 74' lang='grc' dir='ltr'>Τοὺς</span> <span class='ocrx_word' id='word_1_604' title='bbox 3621 3284 3681 3339; x_wconf 79' lang='grc' dir='ltr'>δὲ</span> 
     </span>
    </p>
   </div>
   <div class='ocr_carea' id='block_1_79' title="bbox 2111 3375 3683 3450">
    <p class='ocr_par' dir='ltr' id='par_1_79' title="bbox 2111 3375 3683 3450">
     <span class='ocr_line' id='line_1_79' title="bbox 2111 3375 3683 3450; baseline 0.001 -22"><span class='ocrx_word' id='word_1_605' title='bbox 2111 3376 2398 3448; x_wconf 89' lang='grc' dir='ltr'>μέλλοντας</span> <span class='ocrx_word' id='word_1_606' title='bbox 2420 3377 2772 3450; x_wconf 80' lang='grc' dir='ltr'>προστρέχειν</span> <span class='ocrx_word' id='word_1_607' title='bbox 2803 3376 2879 3447; x_wconf 86' lang='grc' dir='ltr'>τῷ</span> <span class='ocrx_word' id='word_1_608' title='bbox 2906 3375 3126 3448; x_wconf 81' lang='grc' dir='ltr'>Χριστῷ</span> <span class='ocrx_word' id='word_1_609' title='bbox 3149 3377 3244 3430; x_wconf 89' lang='grc' dir='ltr'><strong>τοῦ</strong></span> <span class='ocrx_word' id='word_1_610' title='bbox 3273 3376 3429 3444; x_wconf 83' lang='grc' dir='ltr'>Θεοῦ,</span> <span class='ocrx_word' id='word_1_611' title='bbox 3466 3378 3559 3431; x_wconf 78' lang='grc' dir='ltr'><strong>καὶ</strong></span> <span class='ocrx_word' id='word_1_612' title='bbox 3582 3377 3683 3448; x_wconf 83' lang='grc' dir='ltr'>τὴν</span> 
     </span>
    </p>
   </div>
   <div class='ocr_carea' id='block_1_80' title="bbox 2106 3467 3679 3542">
    <p class='ocr_par' dir='ltr' id='par_1_80' title="bbox 2106 3467 3679 3542">
     <span class='ocr_line' id='line_1_80' title="bbox 2106 3467 3679 3542; baseline 0.001 -20"><span class='ocrx_word' id='word_1_613' title='bbox 2106 3469 2174 3522; x_wconf 86' lang='grc' dir='ltr'>δι’</span> <span class='ocrx_word' id='word_1_614' title='bbox 2194 3467 2357 3522; x_wconf 80' lang='grc' dir='ltr'>αὐτοῦ</span> <span class='ocrx_word' id='word_1_615' title='bbox 2380 3470 2649 3541; x_wconf 77' lang='grc' dir='ltr'>σωτηρίαν</span> <span class='ocrx_word' id='word_1_616' title='bbox 2680 3468 3098 3542; x_wconf 86' lang='grc' dir='ltr'>παραδέχεσθαι,</span> <span class='ocrx_word' id='word_1_617' title='bbox 3117 3469 3527 3538; x_wconf 77' lang='grc' dir='ltr'>εὐαγγελίζεται</span> <span class='ocrx_word' id='word_1_618' title='bbox 3550 3469 3679 3541; x_wconf 57' lang='grc' dir='ltr'><strong>ἑῆς</strong></span> 
     </span>
    </p>
   </div>
   <div class='ocr_carea' id='block_1_81' title="bbox 2107 3560 3681 3633">
    <p class='ocr_par' dir='ltr' id='par_1_81' title="bbox 2107 3560 3681 3633">
     <span class='ocr_line' id='line_1_81' title="bbox 2107 3560 3681 3633; baseline -0.001 -17"><span class='ocrx_word' id='word_1_619' title='bbox 2107 3561 2311 3631; x_wconf 74' lang='grc' dir='ltr'>λέγων·</span> <span class='ocrx_word' id='word_1_620' title='bbox 2359 3580 2378 3613; x_wconf 81' lang='grc' dir='ltr'><strong>ι</strong></span> <span class='ocrx_word' id='word_1_621' title='bbox 2418 3561 2662 3626; x_wconf 85' lang='grc' dir='ltr'>Ἔδωκας</span> <span class='ocrx_word' id='word_1_622' title='bbox 2700 3565 2811 3626; x_wconf 81' lang='grc' dir='ltr'>τοῖς</span> <span class='ocrx_word' id='word_1_623' title='bbox 2859 3560 3213 3632; x_wconf 81' lang='grc' dir='ltr'>φοϐουμένοις</span> <span class='ocrx_word' id='word_1_624' title='bbox 3266 3578 3326 3615; x_wconf 86' lang='grc' dir='ltr'><strong>σε</strong></span> <span class='ocrx_word' id='word_1_625' title='bbox 3379 3563 3681 3633; x_wconf 81' lang='grc' dir='ltr'>σημείωσιν</span> 
     </span>
    </p>
   </div>
   <div class='ocr_carea' id='block_1_82' title="bbox 2106 3652 3683 3727">
    <p class='ocr_par' dir='ltr' id='par_1_82' title="bbox 2106 3652 3683 3727">
     <span class='ocr_line' id='line_1_82' title="bbox 2106 3652 3683 3727; baseline 0.001 -21"><span class='ocrx_word' id='word_1_626' title='bbox 2106 3653 2200 3707; x_wconf 89' lang='grc' dir='ltr'><strong>τοῦ</strong></span> <span class='ocrx_word' id='word_1_627' title='bbox 2226 3656 2416 3723; x_wconf 82' lang='grc' dir='ltr'>φυγεῖν</span> <span class='ocrx_word' id='word_1_628' title='bbox 2440 3653 2547 3707; x_wconf 84' lang='grc' dir='ltr'><strong>ἀπὸ</strong></span> <span class='ocrx_word' id='word_1_629' title='bbox 2576 3655 2863 3727; x_wconf 83' lang='grc' dir='ltr'>προσώπου</span> <span class='ocrx_word' id='word_1_630' title='bbox 2883 3652 3059 3720; x_wconf 85' lang='grc' dir='ltr'>τόξου.</span> <span class='ocrx_word' id='word_1_631' title='bbox 3081 3673 3100 3706; x_wconf 74' lang='grc' dir='ltr'><strong>ι</strong></span> <span class='ocrx_word' id='word_1_632' title='bbox 3136 3653 3291 3709; x_wconf 84' lang='grc' dir='ltr'>Κατά</span> <span class='ocrx_word' id='word_1_633' title='bbox 3318 3654 3375 3708; x_wconf 78' lang='grc' dir='ltr'>δὲ</span> <span class='ocrx_word' id='word_1_634' title='bbox 3403 3654 3495 3709; x_wconf 85' lang='grc' dir='ltr'>τὸν</span> <span class='ocrx_word' id='word_1_635' title='bbox 3523 3654 3683 3708; x_wconf 84' lang='grc' dir='ltr'>’Δκύ-</span> 
     </span>
    </p>
   </div>
   <div class='ocr_carea' id='block_1_83' title="bbox 2107 3742 3684 3816">
    <p class='ocr_par' dir='ltr' id='par_1_83' title="bbox 2107 3742 3684 3816">
     <span class='ocr_line' id='line_1_83' title="bbox 2107 3742 3684 3816; baseline -0.002 -18"><span class='ocrx_word' id='word_1_636' title='bbox 2107 3745 2232 3798; x_wconf 80' lang='grc' dir='ltr'>λανο</span> <span class='ocrx_word' id='word_1_637' title='bbox 2271 3763 2289 3797; x_wconf 80' lang='grc' dir='ltr'><strong>ι</strong></span> <span class='ocrx_word' id='word_1_638' title='bbox 2333 3743 2579 3808; x_wconf 84' lang='grc' dir='ltr'>Ἔδωκας</span> <span class='ocrx_word' id='word_1_639' title='bbox 2605 3784 2619 3808; x_wconf 96' lang='grc'><strong>,</strong></span> <span class='ocrx_word' id='word_1_640' title='bbox 2657 3743 2825 3814; x_wconf 82' lang='grc' dir='ltr'>φησὶ,</span> <span class='ocrx_word' id='word_1_641' title='bbox 2871 3746 2983 3808; x_wconf 79' lang='grc' dir='ltr'>τοῖς</span> <span class='ocrx_word' id='word_1_642' title='bbox 3012 3742 3364 3816; x_wconf 76' lang='grc' dir='ltr'>φοϐουμένοις</span> <span class='ocrx_word' id='word_1_643' title='bbox 3392 3758 3452 3796; x_wconf 86' lang='grc' dir='ltr'><strong>σε</strong></span> <span class='ocrx_word' id='word_1_644' title='bbox 3482 3742 3684 3812; x_wconf 86' lang='grc' dir='ltr'>σύσση-</span> 
     </span>
    </p>
   </div>
   <div class='ocr_carea' id='block_1_84' title="bbox 2112 3833 3679 3907">
    <p class='ocr_par' dir='ltr' id='par_1_84' title="bbox 2112 3833 3679 3907">
     <span class='ocr_line' id='line_1_84' title="bbox 2112 3833 3679 3907; baseline -0.001 -19"><span class='ocrx_word' id='word_1_645' title='bbox 2112 3852 2231 3906; x_wconf 87' lang='grc' dir='ltr'>μον,</span> <span class='ocrx_word' id='word_1_646' title='bbox 2255 3833 2348 3889; x_wconf 90' lang='grc' dir='ltr'><strong>τοῦ</strong></span> <span class='ocrx_word' id='word_1_647' title='bbox 2377 3833 2729 3906; x_wconf 82' lang='grc' dir='ltr'>σημειοῦσθαι</span> <span class='ocrx_word' id='word_1_648' title='bbox 2761 3834 2869 3888; x_wconf 85' lang='grc' dir='ltr'>ἀπὸ</span> <span class='ocrx_word' id='word_1_649' title='bbox 2901 3834 3193 3905; x_wconf 86' lang='grc' dir='ltr'>προσώπου</span> <span class='ocrx_word' id='word_1_650' title='bbox 3221 3834 3571 3907; x_wconf 86' lang='grc' dir='ltr'>βεϐαιότητος</span> <span class='ocrx_word' id='word_1_651' title='bbox 3592 3853 3607 3867; x_wconf 76' lang='grc' dir='ltr'><strong><em>ο</em></strong></span> <span class='ocrx_word' id='word_1_652' title='bbox 3655 3851 3679 3887; x_wconf 71' lang='grc' dir='ltr'>ι</span> 
     </span>
    </p>
   </div>
   <div class='ocr_carea' id='block_1_85' title="bbox 2108 3925 3680 3998">
    <p class='ocr_par' dir='ltr' id='par_1_85' title="bbox 2108 3925 3680 3998">
     <span class='ocr_line' id='line_1_85' title="bbox 2108 3925 3680 3998; baseline 0 -17"><span class='ocrx_word' id='word_1_653' title='bbox 2108 3928 2247 3981; x_wconf 86' lang='grc' dir='ltr'>κατά</span> <span class='ocrx_word' id='word_1_654' title='bbox 2269 3926 2326 3980; x_wconf 80' lang='grc' dir='ltr'>δὲ</span> <span class='ocrx_word' id='word_1_655' title='bbox 2354 3927 2444 3979; x_wconf 83' lang='grc' dir='ltr'><strong>τὸν</strong></span> <span class='ocrx_word' id='word_1_656' title='bbox 2477 3925 2796 3997; x_wconf 83' lang='grc' dir='ltr'>Σύμμαχον·</span> <span class='ocrx_word' id='word_1_657' title='bbox 2839 3946 2858 3978; x_wconf 84' lang='grc' dir='ltr'><strong>ι</strong></span> <span class='ocrx_word' id='word_1_658' title='bbox 2896 3927 3144 3990; x_wconf 82' lang='grc' dir='ltr'>Ἔδωκας</span> <span class='ocrx_word' id='word_1_659' title='bbox 3167 3930 3279 3991; x_wconf 82' lang='grc' dir='ltr'>τοῖς</span> <span class='ocrx_word' id='word_1_660' title='bbox 3325 3928 3680 3998; x_wconf 81' lang='grc' dir='ltr'>φοϐουμένοις</span> 
     </span>
    </p>
   </div>
   <div class='ocr_carea' id='block_1_86' title="bbox 2110 4019 3681 4091">
    <p class='ocr_par' dir='ltr' id='par_1_86' title="bbox 2110 4019 3681 4091">
     <span class='ocr_line' id='line_1_86' title="bbox 2110 4019 3681 4091; baseline 0 -18"><span class='ocrx_word' id='word_1_661' title='bbox 2110 4035 2171 4073; x_wconf 89' lang='grc' dir='ltr'><strong>σε</strong></span> <span class='ocrx_word' id='word_1_662' title='bbox 2196 4022 2437 4091; x_wconf 80' lang='grc' dir='ltr'>σημεῖον,</span> <span class='ocrx_word' id='word_1_663' title='bbox 2470 4020 2550 4080; x_wconf 80' lang='grc' dir='ltr'><strong>είς</strong></span> <span class='ocrx_word' id='word_1_664' title='bbox 2571 4019 2631 4071; x_wconf 83' lang='grc' dir='ltr'><strong>τὸ</strong></span> <span class='ocrx_word' id='word_1_665' title='bbox 2656 4021 2912 4088; x_wconf 79' lang='grc' dir='ltr'>ἐκφυγεῖν</span> <span class='ocrx_word' id='word_1_666' title='bbox 2939 4020 3046 4073; x_wconf 82' lang='grc' dir='ltr'><strong>ἀπὸ</strong></span> <span class='ocrx_word' id='word_1_667' title='bbox 3085 4022 3377 4091; x_wconf 86' lang='grc' dir='ltr'>προσώπου</span> <span class='ocrx_word' id='word_1_668' title='bbox 3410 4019 3681 4091; x_wconf 82' lang='grc' dir='ltr'>τοξεύμα-</span> 
     </span>
    </p>
   </div>
   <div class='ocr_carea' id='block_1_87' title="bbox 2107 4106 3683 4185">
    <p class='ocr_par' dir='ltr' id='par_1_87' title="bbox 2107 4106 3683 4185">
     <span class='ocr_line' id='line_1_87' title="bbox 2107 4106 3683 4185; baseline -0.001 -20"><span class='ocrx_word' id='word_1_669' title='bbox 2107 4128 2218 4175; x_wconf 86' lang='grc' dir='ltr'>τος.</span> <span class='ocrx_word' id='word_1_670' title='bbox 2258 4130 2277 4163; x_wconf 78' lang='grc' dir='ltr'><strong>ι</strong></span> <span class='ocrx_word' id='word_1_671' title='bbox 2311 4112 2373 4164; x_wconf 88' lang='lat' dir='ltr'><strong>Ei</strong></span> <span class='ocrx_word' id='word_1_672' title='bbox 2400 4111 2498 4183; x_wconf 81' lang='grc' dir='ltr'><strong>μὲν</strong></span> <span class='ocrx_word' id='word_1_673' title='bbox 2523 4106 2616 4164; x_wconf 79' lang='grc' dir='ltr'><strong>οὖν</strong></span> <span class='ocrx_word' id='word_1_674' title='bbox 2638 4106 2780 4182; x_wconf 83' lang='grc' dir='ltr'>ἦσαν</span> <span class='ocrx_word' id='word_1_675' title='bbox 2810 4111 2903 4164; x_wconf 71' lang='grc' dir='ltr'><strong>καὶ</strong></span> <span class='ocrx_word' id='word_1_676' title='bbox 2919 4112 2969 4164; x_wconf 85' lang='lat' dir='ltr'><strong>ai</strong></span> <span class='ocrx_word' id='word_1_677' title='bbox 2991 4111 3079 4164; x_wconf 77' lang='grc' dir='ltr'>διὰ</span> <span class='ocrx_word' id='word_1_678' title='bbox 3106 4111 3214 4165; x_wconf 90' lang='grc' dir='ltr'><strong>τῶν</strong></span> <span class='ocrx_word' id='word_1_679' title='bbox 3257 4111 3565 4185; x_wconf 75' lang='grc' dir='ltr'>ἔμπροσθεν</span> <span class='ocrx_word' id='word_1_680' title='bbox 3592 4111 3683 4165; x_wconf 84' lang='grc' dir='ltr'>δε-</span> 
     </span>
    </p>
   </div>
   <div class='ocr_carea' id='block_1_88' title="bbox 2107 4194 3680 4272">
    <p class='ocr_par' dir='ltr' id='par_1_88' title="bbox 2107 4194 3680 4272">
     <span class='ocr_line' id='line_1_88' title="bbox 2107 4194 3680 4272; baseline -0.004 -17"><span class='ocrx_word' id='word_1_681' title='bbox 2107 4200 2403 4272; x_wconf 87' lang='grc' dir='ltr'>δηλωμένοι</span> <span class='ocrx_word' id='word_1_682' title='bbox 2427 4199 2504 4272; x_wconf 80' lang='grc' dir='ltr'>τῷ</span> <span class='ocrx_word' id='word_1_683' title='bbox 2538 4199 2745 4272; x_wconf 86' lang='grc' dir='ltr'>σημείῳ</span> <span class='ocrx_word' id='word_1_684' title='bbox 2767 4198 2960 4268; x_wconf 89' lang='grc' dir='ltr'>τούτῳ,</span> <span class='ocrx_word' id='word_1_685' title='bbox 2987 4199 3087 4251; x_wconf 88' lang='grc' dir='ltr'><strong>ούκ</strong></span> <span class='ocrx_word' id='word_1_686' title='bbox 3108 4198 3172 4251; x_wconf 84' lang='grc' dir='ltr'><strong>ἂν</strong></span> <span class='ocrx_word' id='word_1_687' title='bbox 3190 4197 3543 4268; x_wconf 85' lang='grc' dir='ltr'>άπώσθησαν,</span> <span class='ocrx_word' id='word_1_688' title='bbox 3570 4194 3680 4251; x_wconf 74' lang='grc' dir='ltr'>οὐδ’</span> 
     </span>
    </p>
   </div>
   <div class='ocr_carea' id='block_1_89' title="bbox 2110 4290 3680 4367">
    <p class='ocr_par' dir='ltr' id='par_1_89' title="bbox 2110 4290 3680 4367">
     <span class='ocr_line' id='line_1_89' title="bbox 2110 4290 3680 4367; baseline -0.004 -16"><span class='ocrx_word' id='word_1_689' title='bbox 2110 4296 2178 4351; x_wconf 79' lang='grc' dir='ltr'>ἂν</span> <span class='ocrx_word' id='word_1_690' title='bbox 2205 4294 2608 4367; x_wconf 81' lang='grc' dir='ltr'>καθῃρέθησαν,</span> <span class='ocrx_word' id='word_1_691' title='bbox 2637 4293 2747 4347; x_wconf 77' lang='grc' dir='ltr'>οὐδ’</span> <span class='ocrx_word' id='word_1_692' title='bbox 2768 4292 2833 4346; x_wconf 81' lang='grc' dir='ltr'><strong>ἂν</strong></span> <span class='ocrx_word' id='word_1_693' title='bbox 2862 4295 2926 4363; x_wconf 80' lang='grc' dir='ltr'>τῇ</span> <span class='ocrx_word' id='word_1_694' title='bbox 2954 4292 3091 4364; x_wconf 74' lang='grc' dir='ltr'>ὀργῇ</span> <span class='ocrx_word' id='word_1_695' title='bbox 3124 4292 3531 4364; x_wconf 77' lang='grc' dir='ltr'>παρεδόθησανο</span> <span class='ocrx_word' id='word_1_696' title='bbox 3562 4290 3680 4348; x_wconf 80' lang='grc' dir='ltr'>ἀλλ’</span> 
     </span>
    </p>
   </div>
   <div class='ocr_carea' id='block_1_90' title="bbox 2110 4382 3681 4459">
    <p class='ocr_par' dir='ltr' id='par_1_90' title="bbox 2110 4382 3681 4459">
     <span class='ocr_line' id='line_1_90' title="bbox 2110 4382 3681 4459; baseline -0.002 -18"><span class='ocrx_word' id='word_1_697' title='bbox 2110 4389 2230 4441; x_wconf 77' lang='grc' dir='ltr'>ἐπεὶ</span> <span class='ocrx_word' id='word_1_698' title='bbox 2259 4388 2334 4459; x_wconf 82' lang='grc' dir='ltr'>μὴ</span> <span class='ocrx_word' id='word_1_699' title='bbox 2359 4384 2734 4457; x_wconf 79' lang='grc' dir='ltr'>ἠϐουλήθησαν</span> <span class='ocrx_word' id='word_1_700' title='bbox 2763 4382 3158 4450; x_wconf 81' lang='grc' dir='ltr'>καταδέξασθαι</span> <span class='ocrx_word' id='word_1_701' title='bbox 3192 4383 3252 4438; x_wconf 80' lang='grc' dir='ltr'><strong>τὸ</strong></span> <span class='ocrx_word' id='word_1_702' title='bbox 3282 4386 3545 4455; x_wconf 77' lang='grc' dir='ltr'>σωτήριον</span> <span class='ocrx_word' id='word_1_703' title='bbox 3582 4400 3681 4456; x_wconf 75' lang='grc' dir='ltr'>σηι-</span> 
     </span>
    </p>
   </div>
   <div class='ocr_carea' id='block_1_91' title="bbox 2115 4475 3681 4551">
    <p class='ocr_par' dir='ltr' id='par_1_91' title="bbox 2115 4475 3681 4551">
     <span class='ocr_line' id='line_1_91' title="bbox 2115 4475 3681 4551; baseline -0.001 -19"><span class='ocrx_word' id='word_1_704' title='bbox 2115 4481 2285 4551; x_wconf 85' lang='grc' dir='ltr'>μεῖον,</span> <span class='ocrx_word' id='word_1_705' title='bbox 2332 4476 2553 4541; x_wconf 76' lang='grc' dir='ltr'>εἰκότως</span> <span class='ocrx_word' id='word_1_706' title='bbox 2575 4477 2785 4539; x_wconf 87' lang='grc' dir='ltr'>τούτοις</span> <span class='ocrx_word' id='word_1_707' title='bbox 2834 4475 3335 4547; x_wconf 88' lang='grc' dir='ltr'>περιπεπτώκασιν.</span> <span class='ocrx_word' id='word_1_708' title='bbox 3389 4478 3454 4531; x_wconf 85' lang='grc' dir='ltr'>Οί</span> <span class='ocrx_word' id='word_1_709' title='bbox 3511 4477 3569 4532; x_wconf 82' lang='grc' dir='ltr'><strong>δέ</strong></span> <span class='ocrx_word' id='word_1_710' title='bbox 3616 4495 3681 4547; x_wconf 87' lang='grc' dir='ltr'><strong>γε</strong></span> 
     </span>
    </p>
   </div>
   <div class='ocr_carea' id='block_1_92' title="bbox 442 4547 2006 4641">
    <p class='ocr_par' dir='ltr' id='par_1_92' title="bbox 442 4547 2006 4625">
     <span class='ocr_line' id='line_1_92' title="bbox 442 4547 2006 4625; baseline 0.008 -25"><span class='ocrx_word' id='word_1_711' title='bbox 442 4547 720 4601; x_wconf 83' lang='lat' dir='ltr'><strong>ritualium</strong></span> <span class='ocrx_word' id='word_1_712' title='bbox 748 4555 804 4603; x_wconf 87' lang='lat' dir='ltr'><strong>et</strong></span> <span class='ocrx_word' id='word_1_713' title='bbox 826 4547 1181 4604; x_wconf 86' lang='lat' dir='ltr'><strong>invisibilium</strong></span> <span class='ocrx_word' id='word_1_714' title='bbox 1232 4549 1576 4606; x_wconf 88' lang='lat' dir='ltr'><strong>inimicorum</strong></span> <span class='ocrx_word' id='word_1_715' title='bbox 1621 4555 1793 4625; x_wconf 88' lang='lat' dir='ltr'><strong>ipsos,</strong></span> <span class='ocrx_word' id='word_1_716' title='bbox 1830 4555 1900 4611; x_wconf 93' lang='lat' dir='ltr'><strong>ob</strong></span> <span class='ocrx_word' id='word_1_717' title='bbox 1930 4558 2006 4612; x_wconf 88' lang='lat' dir='ltr'><strong>si-</strong></span> 
     </span>
    </p>
   </div>
   <div class='ocr_carea' id='block_1_93' title="bbox 2107 4547 3684 4641">
    <p class='ocr_par' dir='ltr' id='par_1_93' title="bbox 2112 4547 3684 4641">
     <span class='ocr_line' id='line_1_93' title="bbox 2112 4547 3684 4641; baseline -0.001 -18"><span class='ocrx_word' id='word_1_718' title='bbox 2112 4547 2431 4641; x_wconf 61' lang='grc' dir='ltr'>έροϐούμενοι</span> <span class='ocrx_word' id='word_1_719' title='bbox 2451 4568 2545 4621; x_wconf 80' lang='grc' dir='ltr'><strong>τὸν</strong></span> <span class='ocrx_word' id='word_1_720' title='bbox 2568 4567 2769 4639; x_wconf 84' lang='grc' dir='ltr'>Κύριον</span> <span class='ocrx_word' id='word_1_721' title='bbox 2798 4566 2959 4638; x_wconf 69' lang='grc' dir='ltr'>(οὕτω</span> <span class='ocrx_word' id='word_1_722' title='bbox 2984 4566 3041 4621; x_wconf 83' lang='grc' dir='ltr'>δὲ</span> <span class='ocrx_word' id='word_1_723' title='bbox 3070 4566 3228 4621; x_wconf 77' lang='grc' dir='ltr'>εἴωθε</span> <span class='ocrx_word' id='word_1_724' title='bbox 3257 4568 3441 4622; x_wconf 87' lang='grc' dir='ltr'>καλεῖν</span> <span class='ocrx_word' id='word_1_725' title='bbox 3470 4572 3498 4623; x_wconf 86' lang='grc' dir='ltr'><strong>ό</strong></span> <span class='ocrx_word' id='word_1_726' title='bbox 3526 4569 3684 4638; x_wconf 83' lang='grc' dir='ltr'>λόγος</span> 
     </span>
    </p>
   </div>
   <div class='ocr_carea' id='block_1_94' title="bbox 442 4637 2003 4709">
    <p class='ocr_par' dir='ltr' id='par_1_94' title="bbox 442 4637 2003 4709">
     <span class='ocr_line' id='line_1_94' title="bbox 442 4637 2003 4709; baseline 0.011 -19"><span class='ocrx_word' id='word_1_727' title='bbox 442 4652 607 4707; x_wconf 82' lang='lat' dir='ltr'><strong>gnum</strong></span> <span class='ocrx_word' id='word_1_728' title='bbox 628 4651 754 4692; x_wconf 85' lang='lat' dir='ltr'><strong>cum</strong></span> <span class='ocrx_word' id='word_1_729' title='bbox 775 4637 886 4692; x_wconf 87' lang='lat' dir='ltr'><strong>illis</strong></span> <span class='ocrx_word' id='word_1_730' title='bbox 904 4648 1017 4693; x_wconf 88' lang='lat' dir='ltr'><strong>tum</strong></span> <span class='ocrx_word' id='word_1_731' title='bbox 1038 4640 1280 4709; x_wconf 87' lang='lat' dir='ltr'><strong>antiquis</strong></span> <span class='ocrx_word' id='word_1_732' title='bbox 1297 4641 1550 4708; x_wconf 89' lang='lat' dir='ltr'><strong>inditum,</strong></span> <span class='ocrx_word' id='word_1_733' title='bbox 1569 4643 1733 4701; x_wconf 85' lang='lat' dir='ltr'><strong>ferire</strong></span> <span class='ocrx_word' id='word_1_734' title='bbox 1747 4648 2003 4707; x_wconf 88' lang='lat' dir='ltr'><strong>audente.</strong></span> 
     </span>
    </p>
   </div>
   <div class='ocr_carea' id='block_1_95' title="bbox 443 4729 2010 4812">
    <p class='ocr_par' dir='ltr' id='par_1_95' title="bbox 443 4729 2010 4812">
     <span class='ocr_line' id='line_1_95' title="bbox 443 4729 2010 4812; baseline 0.008 -30"><span class='ocrx_word' id='word_1_735' title='bbox 443 4729 655 4800; x_wconf 77' lang='lat' dir='ltr'><strong>Moyses</strong></span> <span class='ocrx_word' id='word_1_736' title='bbox 711 4730 980 4800; x_wconf 89' lang='lat' dir='ltr'><strong>siquidem</strong></span> <span class='ocrx_word' id='word_1_737' title='bbox 1026 4730 1313 4786; x_wconf 89' lang='lat' dir='ltr'><strong>domorum</strong></span> <span class='ocrx_word' id='word_1_738' title='bbox 1348 4733 1534 4788; x_wconf 88' lang='lat' dir='ltr'><strong>limina</strong></span> <span class='ocrx_word' id='word_1_739' title='bbox 1589 4739 1854 4807; x_wconf 84' lang='lat' dir='ltr'><strong>sanguine</strong></span> <span class='ocrx_word' id='word_1_740' title='bbox 1884 4741 2010 4812; x_wconf 88' lang='lat' dir='ltr'><strong>agni</strong></span> 
     </span>
    </p>
   </div>
   <div class='ocr_carea' id='block_1_96' title="bbox 445 4820 2008 4895">
    <p class='ocr_par' dir='ltr' id='par_1_96' title="bbox 445 4820 2008 4895">
     <span class='ocr_line' id='line_1_96' title="bbox 445 4820 2008 4895; baseline 0.011 -24"><span class='ocrx_word' id='word_1_741' title='bbox 445 4821 720 4890; x_wconf 77' lang='lat' dir='ltr'><strong>paschalis</strong></span> <span class='ocrx_word' id='word_1_742' title='bbox 745 4821 1023 4892; x_wconf 80' lang='lat' dir='ltr'><strong>obsignari</strong></span> <span class='ocrx_word' id='word_1_743' title='bbox 1051 4820 1310 4879; x_wconf 88' lang='lat' dir='ltr'><strong>lsraelitis</strong></span> <span class='ocrx_word' id='word_1_744' title='bbox 1335 4828 1608 4895; x_wconf 63' lang='lat' dir='ltr'><strong>praecepit,</strong></span> <span class='ocrx_word' id='word_1_745' title='bbox 1657 4839 1716 4884; x_wconf 94' lang='lat' dir='ltr'><strong>ut</strong></span> <span class='ocrx_word' id='word_1_746' title='bbox 1745 4835 2008 4887; x_wconf 73' lang='lat' dir='ltr'><strong>extermi-</strong></span> 
     </span>
    </p>
   </div>
   <div class='ocr_carea' id='block_1_97' title="bbox 442 4910 2009 4985">
    <p class='ocr_par' dir='ltr' id='par_1_97' title="bbox 442 4910 2009 4985">
     <span class='ocr_line' id='line_1_97' title="bbox 442 4910 2009 4985; baseline 0.008 -20"><span class='ocrx_word' id='word_1_747' title='bbox 442 4919 604 4965; x_wconf 75' lang='lat' dir='ltr'><strong>nator</strong></span> <span class='ocrx_word' id='word_1_748' title='bbox 633 4918 968 4965; x_wconf 79' lang='lat' dir='ltr'><strong>averteretur</strong></span> <span class='ocrx_word' id='word_1_749' title='bbox 995 4912 1037 4966; x_wconf 82' lang='lat'><strong>‘.</strong></span> <span class='ocrx_word' id='word_1_750' title='bbox 1072 4910 1130 4966; x_wconf 89' lang='lat' dir='ltr'><strong>lu</strong></span> <span class='ocrx_word' id='word_1_751' title='bbox 1158 4912 1441 4971; x_wconf 86' lang='lat' dir='ltr'><strong>Ezechiele</strong></span> <span class='ocrx_word' id='word_1_752' title='bbox 1481 4917 1688 4985; x_wconf 88' lang='lat' dir='ltr'><strong>itidem,</strong></span> <span class='ocrx_word' id='word_1_753' title='bbox 1712 4936 1835 4976; x_wconf 89' lang='lat' dir='ltr'><strong>cum</strong></span> <span class='ocrx_word' id='word_1_754' title='bbox 1856 4939 2009 4978; x_wconf 83' lang='lat' dir='ltr'><strong>ever-</strong></span> 
     </span>
    </p>
   </div>
   <div class='ocr_carea' id='block_1_98' title="bbox 443 5001 2011 5083">
    <p class='ocr_par' dir='ltr' id='par_1_98' title="bbox 443 5001 2011 5083">
     <span class='ocr_line' id='line_1_98' title="bbox 443 5001 2011 5083; baseline 0.01 -29"><span class='ocrx_word' id='word_1_755' title='bbox 443 5001 607 5056; x_wconf 89' lang='lat' dir='ltr'><strong>tenda</strong></span> <span class='ocrx_word' id='word_1_756' title='bbox 631 5003 764 5056; x_wconf 88' lang='lat' dir='ltr'><strong>urbs</strong></span> <span class='ocrx_word' id='word_1_757' title='bbox 784 5011 952 5067; x_wconf 84' lang='lat' dir='ltr'><strong>esset,</strong></span> <span class='ocrx_word' id='word_1_758' title='bbox 973 5003 1179 5060; x_wconf 73' lang='lat' dir='ltr'><strong>dixisse</strong></span> <span class='ocrx_word' id='word_1_759' title='bbox 1199 5007 1459 5061; x_wconf 77' lang='lat' dir='ltr'><strong>scribitur</strong></span> <span class='ocrx_word' id='word_1_760' title='bbox 1490 5006 1632 5065; x_wconf 88' lang='lat' dir='ltr'><strong>Deus</strong></span> <span class='ocrx_word' id='word_1_761' title='bbox 1659 5011 1732 5075; x_wconf 91' lang='lat' dir='ltr'><strong>ei,</strong></span> <span class='ocrx_word' id='word_1_762' title='bbox 1762 5016 1854 5083; x_wconf 91' lang='lat' dir='ltr'><strong>qui</strong></span> <span class='ocrx_word' id='word_1_763' title='bbox 1881 5024 2011 5070; x_wconf 85' lang='lat' dir='ltr'><strong>tunc</strong></span> 
     </span>
    </p>
   </div>
   <div class='ocr_carea' id='block_1_99' title="bbox 444 5095 2011 5173">
    <p class='ocr_par' dir='ltr' id='par_1_99' title="bbox 444 5095 2011 5173">
     <span class='ocr_line' id='line_1_99' title="bbox 444 5095 2011 5173; baseline 0.008 -24"><span class='ocrx_word' id='word_1_764' title='bbox 444 5096 709 5167; x_wconf 80' lang='lat' dir='ltr'><strong>temporis</strong></span> <span class='ocrx_word' id='word_1_765' title='bbox 738 5095 937 5167; x_wconf 81' lang='lat' dir='ltr'><strong>pedere</strong></span> <span class='ocrx_word' id='word_1_766' title='bbox 965 5098 1293 5153; x_wconf 86' lang='lat' dir='ltr'><strong>induebatur</strong></span> <span class='ocrx_word' id='word_1_767' title='bbox 1320 5117 1334 5155; x_wconf 91' lang='lat'><strong>:</strong></span> <span class='ocrx_word' id='word_1_768' title='bbox 1375 5117 1394 5150; x_wconf 88' lang='grc' dir='ltr'><strong>ι</strong></span> <span class='ocrx_word' id='word_1_769' title='bbox 1423 5098 1621 5156; x_wconf 88' lang='lat' dir='ltr'><strong>Transi</strong></span> <span class='ocrx_word' id='word_1_770' title='bbox 1654 5118 1752 5173; x_wconf 87' lang='lat' dir='ltr'><strong>per</strong></span> <span class='ocrx_word' id='word_1_771' title='bbox 1776 5107 2011 5161; x_wconf 87' lang='lat' dir='ltr'><strong>mediam</strong></span> 
     </span>
    </p>
   </div>
   <div class='ocr_carea' id='block_1_100' title="bbox 442 5185 2011 5263">
    <p class='ocr_par' dir='ltr' id='par_1_100' title="bbox 442 5185 2011 5263">
     <span class='ocr_line' id='line_1_100' title="bbox 442 5185 2011 5263; baseline 0.008 -24"><span class='ocrx_word' id='word_1_772' title='bbox 442 5186 718 5242; x_wconf 89' lang='lat' dir='ltr'><strong>civitatem</strong></span> <span class='ocrx_word' id='word_1_773' title='bbox 745 5186 1069 5253; x_wconf 85' lang='lat' dir='ltr'><strong>Jerusalem,</strong></span> <span class='ocrx_word' id='word_1_774' title='bbox 1110 5196 1166 5244; x_wconf 93' lang='lat' dir='ltr'><strong>et</strong></span> <span class='ocrx_word' id='word_1_775' title='bbox 1192 5188 1263 5245; x_wconf 89' lang='lat' dir='ltr'><strong>da</strong></span> <span class='ocrx_word' id='word_1_776' title='bbox 1294 5185 1450 5263; x_wconf 78' lang='lat' dir='ltr'><strong>sigda</strong></span> <span class='ocrx_word' id='word_1_777' title='bbox 1473 5207 1641 5262; x_wconf 89' lang='lat' dir='ltr'><strong>super</strong></span> <span class='ocrx_word' id='word_1_778' title='bbox 1674 5194 1884 5254; x_wconf 82' lang='lat' dir='ltr'><strong>frontes</strong></span> <span class='ocrx_word' id='word_1_779' title='bbox 1931 5200 2011 5253; x_wconf 86' lang='lat' dir='ltr'><strong>vi-</strong></span> 
     </span>
    </p>
   </div>
   <div class='ocr_carea' id='block_1_101' title="bbox 445 5280 2013 5353">
    <p class='ocr_par' dir='ltr' id='par_1_101' title="bbox 445 5280 2013 5353">
     <span class='ocr_line' id='line_1_101' title="bbox 445 5280 2013 5353; baseline 0.008 -21"><span class='ocrx_word' id='word_1_780' title='bbox 445 5293 630 5332; x_wconf 88' lang='lat' dir='ltr'><strong>rorum</strong></span> <span class='ocrx_word' id='word_1_781' title='bbox 664 5280 998 5348; x_wconf 85' lang='lat' dir='ltr'><strong>gementium</strong></span> <span class='ocrx_word' id='word_1_782' title='bbox 1022 5288 1078 5335; x_wconf 91' lang='lat' dir='ltr'><strong>et</strong></span> <span class='ocrx_word' id='word_1_783' title='bbox 1101 5281 1399 5337; x_wconf 89' lang='lat' dir='ltr'><strong>dolentium</strong></span> <span class='ocrx_word' id='word_1_784' title='bbox 1443 5297 1611 5353; x_wconf 89' lang='lat' dir='ltr'><strong>super</strong></span> <span class='ocrx_word' id='word_1_785' title='bbox 1659 5288 1874 5344; x_wconf 88' lang='lat' dir='ltr'><strong>cunctis</strong></span> <span class='ocrx_word' id='word_1_786' title='bbox 1906 5290 2013 5345; x_wconf 91' lang='lat' dir='ltr'><strong>ini-</strong></span> 
     </span>
    </p>
   </div>
   <div class='ocr_carea' id='block_1_102' title="bbox 446 5371 2015 5444">
    <p class='ocr_par' dir='ltr' id='par_1_102' title="bbox 446 5371 2015 5444">
     <span class='ocr_line' id='line_1_102' title="bbox 446 5371 2015 5444; baseline 0.008 -20"><span class='ocrx_word' id='word_1_787' title='bbox 446 5372 747 5441; x_wconf 86' lang='lat' dir='ltr'><strong>quitatibus</strong></span> <span class='ocrx_word' id='word_1_788' title='bbox 774 5387 899 5443; x_wconf 64' lang='lat' dir='ltr'><strong>quae</strong></span> <span class='ocrx_word' id='word_1_789' title='bbox 948 5371 1083 5426; x_wconf 84' lang='lat' dir='ltr'><strong>fiunt</strong></span> <span class='ocrx_word' id='word_1_790' title='bbox 1112 5372 1167 5427; x_wconf 91' lang='lat' dir='ltr'><strong>in</strong></span> <span class='ocrx_word' id='word_1_791' title='bbox 1198 5371 1378 5428; x_wconf 89' lang='lat' dir='ltr'><strong>media</strong></span> <span class='ocrx_word' id='word_1_792' title='bbox 1408 5373 1651 5444; x_wconf 87' lang='lat' dir='ltr'><strong>ipsarum</strong></span> <span class='ocrx_word' id='word_1_793' title='bbox 1677 5377 1720 5432; x_wconf 85' lang='grc'>⁷.</span> <span class='ocrx_word' id='word_1_794' title='bbox 1762 5397 1781 5430; x_wconf 76' lang='grc' dir='ltr'><strong>ι</strong></span> <span class='ocrx_word' id='word_1_795' title='bbox 1814 5377 2015 5437; x_wconf 88' lang='lat' dir='ltr'><strong>Deinde</strong></span> 
     </span>
    </p>
   </div>
   <div class='ocr_carea' id='block_1_103' title="bbox 448 5462 2011 5541">
    <p class='ocr_par' dir='ltr' id='par_1_103' title="bbox 448 5462 2011 5541">
     <span class='ocr_line' id='line_1_103' title="bbox 448 5462 2011 5541; baseline 0.008 -28"><span class='ocrx_word' id='word_1_796' title='bbox 448 5462 570 5517; x_wconf 78' lang='lat' dir='ltr'><strong>aliis</strong></span> <span class='ocrx_word' id='word_1_797' title='bbox 602 5464 805 5519; x_wconf 82' lang='lat' dir='ltr'><strong>dicitur</strong></span> <span class='ocrx_word' id='word_1_798' title='bbox 830 5483 843 5518; x_wconf 92' lang='lat'><strong>:</strong></span> <span class='ocrx_word' id='word_1_799' title='bbox 869 5483 888 5515; x_wconf 77' lang='grc' dir='ltr'><strong>ι</strong></span> <span class='ocrx_word' id='word_1_800' title='bbox 914 5462 991 5518; x_wconf 86' lang='lat' dir='ltr'><strong>Ite</strong></span> <span class='ocrx_word' id='word_1_801' title='bbox 1022 5464 1077 5518; x_wconf 89' lang='lat' dir='ltr'><strong>in</strong></span> <span class='ocrx_word' id='word_1_802' title='bbox 1104 5464 1381 5520; x_wconf 84' lang='lat' dir='ltr'><strong>civitatem</strong></span> <span class='ocrx_word' id='word_1_803' title='bbox 1402 5474 1527 5537; x_wconf 86' lang='lat' dir='ltr'><strong>post</strong></span> <span class='ocrx_word' id='word_1_804' title='bbox 1548 5481 1781 5534; x_wconf 89' lang='lat' dir='ltr'><strong>eum,-et</strong></span> <span class='ocrx_word' id='word_1_805' title='bbox 1814 5486 2011 5541; x_wconf 73' lang='lat' dir='ltr'><strong>percu-</strong></span> 
     </span>
    </p>
   </div>
   <div class='ocr_carea' id='block_1_104' title="bbox 448 5556 2014 5631">
    <p class='ocr_par' dir='ltr' id='par_1_104' title="bbox 448 5556 2014 5631">
     <span class='ocr_line' id='line_1_104' title="bbox 448 5556 2014 5631; baseline 0.011 -27"><span class='ocrx_word' id='word_1_806' title='bbox 448 5556 583 5607; x_wconf 85' lang='lat' dir='ltr'><strong>tite:</strong></span> <span class='ocrx_word' id='word_1_807' title='bbox 619 5571 684 5608; x_wconf 89' lang='lat' dir='ltr'><strong>ne</strong></span> <span class='ocrx_word' id='word_1_808' title='bbox 713 5556 952 5624; x_wconf 85' lang='lat' dir='ltr'><strong>parcatis</strong></span> <span class='ocrx_word' id='word_1_809' title='bbox 979 5557 1154 5613; x_wconf 88' lang='lat' dir='ltr'><strong>oculis</strong></span> <span class='ocrx_word' id='word_1_810' title='bbox 1178 5557 1395 5624; x_wconf 88' lang='lat' dir='ltr'><strong>vestris,</strong></span> <span class='ocrx_word' id='word_1_811' title='bbox 1421 5573 1599 5631; x_wconf 88' lang='lat' dir='ltr'><strong>neque</strong></span> <span class='ocrx_word' id='word_1_812' title='bbox 1648 5563 2014 5621; x_wconf 87' lang='lat' dir='ltr'><strong>misereamini</strong></span> 
     </span>
    </p>
   </div>
   <div class='ocr_carea' id='block_1_105' title="bbox 449 5651 2012 5730">
    <p class='ocr_par' dir='ltr' id='par_1_105' title="bbox 449 5651 2012 5730">
     <span class='ocr_line' id='line_1_105' title="bbox 449 5651 2012 5730; baseline 0.01 -28"><span class='ocrx_word' id='word_1_813' title='bbox 449 5662 634 5702; x_wconf 80' lang='lat' dir='ltr'><strong>senem</strong></span> <span class='ocrx_word' id='word_1_814' title='bbox 662 5659 715 5703; x_wconf 89' lang='lat' dir='ltr'><strong>et</strong></span> <span class='ocrx_word' id='word_1_815' title='bbox 748 5651 1171 5716; x_wconf 79' lang='lat' dir='ltr'><strong>adolescentem,</strong></span> <span class='ocrx_word' id='word_1_816' title='bbox 1216 5653 1496 5722; x_wconf 84' lang='lat' dir='ltr'><strong>parvulas,</strong></span> <span class='ocrx_word' id='word_1_817' title='bbox 1548 5662 1601 5711; x_wconf 87' lang='lat' dir='ltr'><strong>et</strong></span> <span class='ocrx_word' id='word_1_818' title='bbox 1638 5658 1927 5730; x_wconf 82' lang='lat' dir='ltr'><strong>virginem,</strong></span> <span class='ocrx_word' id='word_1_819' title='bbox 1959 5674 2012 5719; x_wconf 90' lang='lat' dir='ltr'><strong>et</strong></span> 
     </span>
    </p>
   </div>
   <div class='ocr_carea' id='block_1_106' title="bbox 522 5824 1496 5903">
    <p class='ocr_par' dir='ltr' id='par_1_106' title="bbox 522 5824 1496 5903">
     <span class='ocr_line' id='line_1_106' title="bbox 522 5824 1496 5903; baseline 0.015 -25"><span class='ocrx_word' id='word_1_820' title='bbox 522 5824 544 5855; x_wconf 80' lang='grc'>⁸</span> <span class='ocrx_word' id='word_1_821' title='bbox 572 5825 739 5882; x_wconf 75' lang='lat' dir='ltr'><strong>Exod.</strong></span> <span class='ocrx_word' id='word_1_822' title='bbox 781 5844 876 5895; x_wconf 78' lang='lat' dir='ltr'><strong>xu,</strong></span> <span class='ocrx_word' id='word_1_823' title='bbox 926 5830 978 5889; x_wconf 88' lang='lat'><strong>7.</strong></span> <span class='ocrx_word' id='word_1_824' title='bbox 1051 5831 1287 5889; x_wconf 80' lang='lat' dir='ltr'><strong>&#39;Ezech.</strong></span> <span class='ocrx_word' id='word_1_825' title='bbox 1331 5851 1407 5903; x_wconf 73' lang='lat' dir='ltr'><strong>ts,</strong></span> <span class='ocrx_word' id='word_1_826' title='bbox 1443 5838 1496 5895; x_wconf 74' lang='grc'>4.</span> 
     </span>
    </p>
   </div>
   <div class='ocr_carea' id='block_1_107' title="bbox 2109 4659 3681 4730">
    <p class='ocr_par' dir='ltr' id='par_1_107' title="bbox 2109 4659 3681 4730">
     <span class='ocr_line' id='line_1_107' title="bbox 2109 4659 3681 4730; baseline -0.001 -13"><span class='ocrx_word' id='word_1_827' title='bbox 2109 4664 2234 4727; x_wconf 77' lang='grc' dir='ltr'>τοὺς</span> <span class='ocrx_word' id='word_1_828' title='bbox 2254 4662 2310 4730; x_wconf 73' lang='grc' dir='ltr'>ἐξ</span> <span class='ocrx_word' id='word_1_829' title='bbox 2342 4659 2511 4715; x_wconf 84' lang='grc' dir='ltr'>ὲθνῶν</span> <span class='ocrx_word' id='word_1_830' title='bbox 2536 4660 2905 4725; x_wconf 85' lang='grc' dir='ltr'>πιστεύοντας,</span> <span class='ocrx_word' id='word_1_831' title='bbox 2928 4660 3004 4725; x_wconf 87' lang='grc' dir='ltr'><strong>ῶς</strong></span> <span class='ocrx_word' id='word_1_832' title='bbox 3027 4662 3285 4726; x_wconf 86' lang='grc' dir='ltr'>πολλάκις</span> <span class='ocrx_word' id='word_1_833' title='bbox 3309 4661 3399 4716; x_wconf 91' lang='grc' dir='ltr'><strong>διά</strong></span> <span class='ocrx_word' id='word_1_834' title='bbox 3420 4662 3681 4717; x_wconf 89' lang='grc' dir='ltr'>πλειόνων</span> 
     </span>
    </p>
   </div>
   <div class='ocr_carea' id='block_1_108' title="bbox 2112 4753 3682 4828">
    <p class='ocr_par' dir='ltr' id='par_1_108' title="bbox 2112 4753 3682 4828">
     <span class='ocr_line' id='line_1_108' title="bbox 2112 4753 3682 4828; baseline -0.002 -19"><span class='ocrx_word' id='word_1_835' title='bbox 2112 4754 2435 4827; x_wconf 76' lang='grc' dir='ltr'>ἐδείξαμεν),</span> <span class='ocrx_word' id='word_1_836' title='bbox 2458 4753 2712 4818; x_wconf 86' lang='grc' dir='ltr'>λαϐόντες</span> <span class='ocrx_word' id='word_1_837' title='bbox 2740 4753 2799 4807; x_wconf 84' lang='grc' dir='ltr'><strong>τὸ</strong></span> <span class='ocrx_word' id='word_1_838' title='bbox 2824 4756 3044 4825; x_wconf 84' lang='grc' dir='ltr'>σημεῖον</span> <span class='ocrx_word' id='word_1_839' title='bbox 3066 4754 3402 4828; x_wconf 86' lang='grc' dir='ltr'>χρησάμενοί</span> <span class='ocrx_word' id='word_1_840' title='bbox 3428 4772 3487 4808; x_wconf 90' lang='grc' dir='ltr'><strong>τε</strong></span> <span class='ocrx_word' id='word_1_841' title='bbox 3512 4753 3682 4825; x_wconf 84' lang='grc' dir='ltr'>αὐτῷ,</span> 
     </span>
    </p>
   </div>
   <div class='ocr_carea' id='block_1_109' title="bbox 2111 4845 3682 4919">
    <p class='ocr_par' dir='ltr' id='par_1_109' title="bbox 2111 4845 3682 4919">
     <span class='ocr_line' id='line_1_109' title="bbox 2111 4845 3682 4919; baseline -0.002 -16"><span class='ocrx_word' id='word_1_842' title='bbox 2111 4850 2204 4903; x_wconf 72' lang='grc' dir='ltr'><strong>καὶ</strong></span> <span class='ocrx_word' id='word_1_843' title='bbox 2232 4847 2374 4901; x_wconf 87' lang='grc' dir='ltr'><strong>κατά</strong></span> <span class='ocrx_word' id='word_1_844' title='bbox 2399 4846 2491 4901; x_wconf 88' lang='grc' dir='ltr'><strong>τοῦ</strong></span> <span class='ocrx_word' id='word_1_845' title='bbox 2527 4846 2815 4918; x_wconf 84' lang='grc' dir='ltr'>προσώπου</span> <span class='ocrx_word' id='word_1_846' title='bbox 2849 4847 3291 4918; x_wconf 73' lang='grc' dir='ltr'>σφραγιζόμενοι,</span> <span class='ocrx_word' id='word_1_847' title='bbox 3322 4845 3550 4919; x_wconf 78' lang='grc' dir='ltr'>εὕραντο</span> <span class='ocrx_word' id='word_1_848' title='bbox 3579 4864 3682 4917; x_wconf 81' lang='grc' dir='ltr'><strong>φυ-</strong></span> 
     </span>
    </p>
   </div>
   <div class='ocr_carea' id='block_1_110' title="bbox 2110 4937 3681 5011">
    <p class='ocr_par' dir='ltr' id='par_1_110' title="bbox 2110 4937 3681 5011">
     <span class='ocr_line' id='line_1_110' title="bbox 2110 4937 3681 5011; baseline 0.001 -19"><span class='ocrx_word' id='word_1_849' title='bbox 2110 4940 2212 5011; x_wconf 80' lang='grc' dir='ltr'>γὴν</span> <span class='ocrx_word' id='word_1_850' title='bbox 2237 4939 2343 4992; x_wconf 81' lang='grc' dir='ltr'><strong>ἀπὸ</strong></span> <span class='ocrx_word' id='word_1_851' title='bbox 2361 4937 2650 5010; x_wconf 81' lang='grc' dir='ltr'>προσώπου</span> <span class='ocrx_word' id='word_1_852' title='bbox 2674 4937 2850 5005; x_wconf 83' lang='grc' dir='ltr'>τόξου,</span> <span class='ocrx_word' id='word_1_853' title='bbox 2874 4939 3100 5010; x_wconf 83' lang='grc' dir='ltr'>μηδενὸς</span> <span class='ocrx_word' id='word_1_854' title='bbox 3115 4939 3306 5010; x_wconf 90' lang='grc' dir='ltr'>νοητοῦ</span> <span class='ocrx_word' id='word_1_855' title='bbox 3327 4941 3423 4993; x_wconf 80' lang='grc' dir='ltr'>καὶ</span> <span class='ocrx_word' id='word_1_856' title='bbox 3449 4939 3681 5011; x_wconf 85' lang='grc' dir='ltr'>ἀοράτου</span> 
     </span>
    </p>
   </div>
   <div class='ocr_carea' id='block_1_111' title="bbox 2114 5028 3684 5102">
    <p class='ocr_par' dir='ltr' id='par_1_111' title="bbox 2114 5028 3684 5102">
     <span class='ocr_line' id='line_1_111' title="bbox 2114 5028 3684 5102; baseline -0.001 -18"><span class='ocrx_word' id='word_1_857' title='bbox 2114 5030 2372 5100; x_wconf 85' lang='grc' dir='ltr'>πολεμίου</span> <span class='ocrx_word' id='word_1_858' title='bbox 2403 5028 2617 5100; x_wconf 84' lang='grc' dir='ltr'>βάλλειν</span> <span class='ocrx_word' id='word_1_859' title='bbox 2645 5030 2840 5093; x_wconf 79' lang='grc' dir='ltr'>αὐτοὺς</span> <span class='ocrx_word' id='word_1_860' title='bbox 2865 5030 3169 5102; x_wconf 89' lang='grc' dir='ltr'>τολμῶντος</span> <span class='ocrx_word' id='word_1_861' title='bbox 3192 5030 3281 5084; x_wconf 89' lang='grc' dir='ltr'><strong>διά</strong></span> <span class='ocrx_word' id='word_1_862' title='bbox 3310 5030 3370 5083; x_wconf 83' lang='grc' dir='ltr'><strong>τδ</strong></span> <span class='ocrx_word' id='word_1_863' title='bbox 3399 5031 3684 5101; x_wconf 80' lang='grc' dir='ltr'>ἐπικείμε-</span> 
     </span>
    </p>
   </div>
   <div class='ocr_carea' id='block_1_112' title="bbox 2112 5120 3686 5193">
    <p class='ocr_par' dir='ltr' id='par_1_112' title="bbox 2112 5120 3686 5193">
     <span class='ocr_line' id='line_1_112' title="bbox 2112 5120 3686 5193; baseline -0.001 -17"><span class='ocrx_word' id='word_1_864' title='bbox 2112 5140 2201 5176; x_wconf 93' lang='grc' dir='ltr'><strong>νον</strong></span> <span class='ocrx_word' id='word_1_865' title='bbox 2226 5123 2407 5185; x_wconf 74' lang='grc' dir='ltr'>αυτοῐς</span> <span class='ocrx_word' id='word_1_866' title='bbox 2432 5124 2651 5193; x_wconf 86' lang='grc' dir='ltr'>σημεῖον</span> <span class='ocrx_word' id='word_1_867' title='bbox 2677 5123 2897 5185; x_wconf 73' lang='grc' dir='ltr'>καὶτοῖς</span> <span class='ocrx_word' id='word_1_868' title='bbox 2920 5122 3165 5186; x_wconf 85' lang='grc' dir='ltr'>παλαιοῖς</span> <span class='ocrx_word' id='word_1_869' title='bbox 3183 5120 3484 5192; x_wconf 86' lang='grc' dir='ltr'>δεδομένον.</span> <span class='ocrx_word' id='word_1_870' title='bbox 3518 5123 3686 5187; x_wconf 50' lang='lat' dir='ltr'><strong>Moab-3</strong></span> 
     </span>
    </p>
   </div>
   <div class='ocr_carea' id='block_1_113' title="bbox 2117 5212 3685 5287">
    <p class='ocr_par' dir='ltr' id='par_1_113' title="bbox 2117 5212 3685 5287">
     <span class='ocr_line' id='line_1_113' title="bbox 2117 5212 3685 5287; baseline -0.001 -18"><span class='ocrx_word' id='word_1_871' title='bbox 2117 5215 2215 5286; x_wconf 83' lang='grc' dir='ltr'>σῆς</span> <span class='ocrx_word' id='word_1_872' title='bbox 2270 5214 2366 5285; x_wconf 82' lang='grc' dir='ltr'><strong>μὲν</strong></span> <span class='ocrx_word' id='word_1_873' title='bbox 2407 5214 2514 5286; x_wconf 79' lang='grc' dir='ltr'><strong>γάρ</strong></span> <span class='ocrx_word' id='word_1_874' title='bbox 2539 5215 2638 5278; x_wconf 80' lang='grc' dir='ltr'><strong>τάς</strong></span> <span class='ocrx_word' id='word_1_875' title='bbox 2668 5213 2827 5283; x_wconf 79' lang='grc' dir='ltr'>φλιάς</span> <span class='ocrx_word' id='word_1_876' title='bbox 2855 5213 2963 5267; x_wconf 88' lang='grc' dir='ltr'><strong>τῶν</strong></span> <span class='ocrx_word' id='word_1_877' title='bbox 2981 5212 3145 5269; x_wconf 76' lang='grc' dir='ltr'>οἴκων</span> <span class='ocrx_word' id='word_1_878' title='bbox 3172 5212 3283 5269; x_wconf 90' lang='grc' dir='ltr'><strong>τῶν</strong></span> <span class='ocrx_word' id='word_1_879' title='bbox 3325 5214 3685 5287; x_wconf 81' lang='grc' dir='ltr'>Ἰσραηλιτῶν</span> 
     </span>
    </p>
   </div>
   <div class='ocr_carea' id='block_1_114' title="bbox 2113 5304 3685 5380">
    <p class='ocr_par' dir='ltr' id='par_1_114' title="bbox 2113 5304 3685 5380">
     <span class='ocr_line' id='line_1_114' title="bbox 2113 5304 3685 5380; baseline 0 -21"><span class='ocrx_word' id='word_1_880' title='bbox 2113 5306 2306 5377; x_wconf 79' lang='grc' dir='ltr'>αἵματι</span> <span class='ocrx_word' id='word_1_881' title='bbox 2346 5305 2440 5358; x_wconf 90' lang='grc' dir='ltr'><strong>τοῦ</strong></span> <span class='ocrx_word' id='word_1_882' title='bbox 2469 5305 2741 5377; x_wconf 84' lang='grc' dir='ltr'>προϐάτου</span> <span class='ocrx_word' id='word_1_883' title='bbox 2793 5304 2885 5357; x_wconf 88' lang='grc' dir='ltr'><strong>τοῦ</strong></span> <span class='ocrx_word' id='word_1_884' title='bbox 2935 5305 3128 5377; x_wconf 82' lang='grc' dir='ltr'>Πάσχα</span> <span class='ocrx_word' id='word_1_885' title='bbox 3174 5306 3685 5380; x_wconf 82' lang='grc' dir='ltr'>κατασημαίνεσθαι</span> 
     </span>
    </p>
   </div>
   <div class='ocr_carea' id='block_1_115' title="bbox 2113 5394 3685 5469">
    <p class='ocr_par' dir='ltr' id='par_1_115' title="bbox 2113 5394 3685 5469">
     <span class='ocr_line' id='line_1_115' title="bbox 2113 5394 3685 5469; baseline -0.001 -18"><span class='ocrx_word' id='word_1_886' title='bbox 2113 5396 2390 5461; x_wconf 83' lang='grc' dir='ltr'>διετάξατο</span> <span class='ocrx_word' id='word_1_887' title='bbox 2411 5399 2494 5461; x_wconf 90' lang='grc' dir='ltr'>εἰς</span> <span class='ocrx_word' id='word_1_888' title='bbox 2522 5396 2837 5468; x_wconf 75' lang='grc' dir='ltr'>ἀποτροπὴν</span> <span class='ocrx_word' id='word_1_889' title='bbox 2858 5396 2952 5451; x_wconf 89' lang='grc' dir='ltr'><strong>τοῦ</strong></span> <span class='ocrx_word' id='word_1_890' title='bbox 2999 5396 3320 5469; x_wconf 82' lang='grc' dir='ltr'>ὀλοθρευτοῦ</span> <span class='ocrx_word' id='word_1_891' title='bbox 3342 5415 3357 5429; x_wconf 87' lang='grc'><strong>·</strong></span> <span class='ocrx_word' id='word_1_892' title='bbox 3396 5400 3490 5453; x_wconf 61' lang='grc' dir='ltr'><strong>καὶ⁵</strong></span> <span class='ocrx_word' id='word_1_893' title='bbox 3521 5399 3580 5452; x_wconf 74' lang='grc' dir='ltr'>ὲν</span> <span class='ocrx_word' id='word_1_894' title='bbox 3605 5394 3685 5469; x_wconf 79' lang='grc' dir='ltr'>τῷ</span> 
     </span>
    </p>
   </div>
   <div class='ocr_carea' id='block_1_116' title="bbox 2128 5487 3686 5564">
    <p class='ocr_par' dir='ltr' id='par_1_116' title="bbox 2128 5487 3686 5564">
     <span class='ocr_line' id='line_1_116' title="bbox 2128 5487 3686 5564; baseline 0.001 -20"><span class='ocrx_word' id='word_1_895' title='bbox 2128 5487 2373 5561; x_wconf 80' lang='grc' dir='ltr'>Ἑζεκιὴλ</span> <span class='ocrx_word' id='word_1_896' title='bbox 2427 5489 2484 5542; x_wconf 79' lang='grc' dir='ltr'>δὲ</span> <span class='ocrx_word' id='word_1_897' title='bbox 2508 5528 2524 5556; x_wconf 90' lang='grc'><strong>,</strong></span> <span class='ocrx_word' id='word_1_898' title='bbox 2584 5489 2882 5563; x_wconf 85' lang='grc' dir='ltr'>μελλούσης</span> <span class='ocrx_word' id='word_1_899' title='bbox 2914 5490 3271 5561; x_wconf 78' lang='grc' dir='ltr'>ἀφανίζεσθαι</span> <span class='ocrx_word' id='word_1_900' title='bbox 3308 5491 3408 5564; x_wconf 85' lang='grc' dir='ltr'>τῆς</span> <span class='ocrx_word' id='word_1_901' title='bbox 3455 5490 3686 5556; x_wconf 83' lang='grc' dir='ltr'>πόλεως,</span> 
     </span>
    </p>
   </div>
   <div class='ocr_carea' id='block_1_117' title="bbox 2117 5581 3685 5657">
    <p class='ocr_par' dir='ltr' id='par_1_117' title="bbox 2117 5581 3685 5657">
     <span class='ocr_line' id='line_1_117' title="bbox 2117 5581 3685 5657; baseline 0.003 -22"><span class='ocrx_word' id='word_1_902' title='bbox 2117 5583 2570 5653; x_wconf 81' lang='grc' dir='ltr'>ἁναγὲγραπταιό</span> <span class='ocrx_word' id='word_1_903' title='bbox 2596 5582 2728 5647; x_wconf 81' lang='grc' dir='ltr'>Θεὸς</span> <span class='ocrx_word' id='word_1_904' title='bbox 2768 5581 3005 5654; x_wconf 73' lang='grc' dir='ltr'>εἰρηκὼς</span> <span class='ocrx_word' id='word_1_905' title='bbox 3036 5585 3170 5656; x_wconf 77' lang='grc' dir='ltr'>πρὸς</span> <span class='ocrx_word' id='word_1_906' title='bbox 3208 5584 3301 5638; x_wconf 85' lang='grc' dir='ltr'><strong>τδν</strong></span> <span class='ocrx_word' id='word_1_907' title='bbox 3337 5585 3685 5657; x_wconf 73' lang='grc' dir='ltr'>ἐνδεδυμένον</span> 
     </span>
    </p>
   </div>
   <div class='ocr_carea' id='block_1_118' title="bbox 2116 5668 3689 5750">
    <p class='ocr_par' dir='ltr' id='par_1_118' title="bbox 2116 5668 3689 5750">
     <span class='ocr_line' id='line_1_118' title="bbox 2116 5668 3689 5750; baseline 0.001 -23"><span class='ocrx_word' id='word_1_908' title='bbox 2116 5676 2213 5728; x_wconf 74' lang='grc' dir='ltr'><strong>τὸν</strong></span> <span class='ocrx_word' id='word_1_909' title='bbox 2239 5674 2466 5745; x_wconf 80' lang='grc' dir='ltr'>ποδήρη,</span> <span class='ocrx_word' id='word_1_910' title='bbox 2494 5674 2642 5737; x_wconf 80' lang='grc' dir='ltr'>ὅστις</span> <span class='ocrx_word' id='word_1_911' title='bbox 2671 5674 2787 5727; x_wconf 81' lang='grc' dir='ltr'>ποτ’</span> <span class='ocrx_word' id='word_1_912' title='bbox 2813 5668 2908 5746; x_wconf 80' lang='grc' dir='ltr'><strong>ἦν·</strong></span> <span class='ocrx_word' id='word_1_913' title='bbox 2947 5692 2965 5725; x_wconf 82' lang='grc' dir='ltr'><strong>ι</strong></span> <span class='ocrx_word' id='word_1_914' title='bbox 2986 5672 3169 5730; x_wconf 87' lang='grc' dir='ltr'>Δίελθε</span> <span class='ocrx_word' id='word_1_915' title='bbox 3205 5675 3376 5750; x_wconf 89' lang='grc' dir='ltr'>μέσην</span> <span class='ocrx_word' id='word_1_916' title='bbox 3398 5676 3500 5749; x_wconf 79' lang='grc' dir='ltr'>τὴν</span> <span class='ocrx_word' id='word_1_917' title='bbox 3531 5675 3689 5730; x_wconf 82' lang='grc' dir='ltr'>πόλιν</span> 
     </span>
    </p>
   </div>
  </div>
