4090 6374
426 353 526 411 561

1559 348 2062 407 COMMENTAHIA
2099 347 2164 402 IN
2201 346 2540 403 PSALMOS.

3576 349 3682 404 56?.

423 468 522 538 τὴν
568 465 940 538 Ἰερουσαλὴμ,
973 465 1066 518 καὶ
1092 463 1180 527 δὸς
1213 462 1282 517 τὰ
1318 467 1517 535 σημεῖα
1547 465 1638 516 ἐπὶ
1671 463 1735 517 τὰ
1765 463 1983 534 μέτωπα

2104 463 2357 516 mulieres
2392 461 2627 518 occidite
2650 459 2717 516 ad
2751 461 3178 518 internecionem
3217 481 3231 517 :
3273 461 3339 518 ad
3371 478 3467 519 eos
3495 475 3676 517 autem

423 561 532 614 τῶν
553 557 762 629 ἀνδρῶν
805 557 914 610 τῶν
946 555 1452 619 καταστεναζόντων
1492 555 1583 608 καὶ
1629 555 1736 606 τῶν
1776 553 1997 606 κατοδυ-

423 651 680 723 νωμένων
727 650 820 702 ἐπὶ
858 649 1059 711 πάσαις
1102 650 1222 710 ταῖς
1256 647 1505 716 ἀνομίαις
1539 649 1659 708 ταῖς
1686 644 1996 715 γινομέναις

423 747 481 798 ἐν
518 744 668 815 μέσῳ
699 741 899 795 αὐτῶν.
928 761 946 792 ι
981 737 1093 793 Εἴθ’
1123 740 1328 812 ἑτέροις
1367 738 1560 808 ἐλέχθη
1582 753 1594 765 '
1633 756 1650 787 t
1692 734 1995 807 Πορεύεσθε

421 839 502 900 είς
535 835 634 906 τὴν
668 833 819 888 πόλιν
852 830 1026 885 ὀπίσω
1055 831 1220 884 αὑτοῦ
1241 874 1254 896 ,
1298 832 1390 883 καὶ
1421 831 1647 883 κόπτετε
1669 845 1680 857 ·
1721 827 1794 898 μὴ
1824 827 1997 896 φείδε-

423 925 518 979 σθε
542 927 654 990 τοῖς
681 923 978 994 ὀφθαλμοῖς
1012 923 1188 995 ὑμῶν,
1215 923 1308 976 καὶ
1345 921 1418 992 μὴ
1464 920 1717 990 ἐλεήσητε
1755 917 1994 990 πρεσϐύ-

417 1032 579 1087 τερον
611 1015 707 1068 καὶ
746 1014 1050 1077 νεανίσκον,
1085 1014 1180 1068 καὶ
1207 1014 1375 1083 νήπια
1418 1014 1512 1065 καὶ
1552 1011 1856 1083 παρθένον,
1903 1014 1996 1064 καὶ

419 1109 682 1176 γυναῖκας
711 1107 1065 1160 ἀποκτείνατε
1095 1095 1191 1170 εἰς’
1211 1105 1482 1175 ἐξάλειψιν
1508 1123 1521 1136 ο
1551 1106 1642 1158 ἐπὶ¹
1695 1104 1752 1157 δὲ
1791 1105 1996 1167 πάντας

419 1198 504 1266 ἐφ’
535 1197 629 1262 οὓς
673 1199 789 1250 ἐστι
837 1197 896 1250 τὸ
927 1198 1149 1267 σημεῖον
1182 1195 1254 1266 μὴ
1285 1196 1563 1266 ἐγγίσητε,
1612 1195 1704 1248 καὶ
1749 1195 1856 1247 ἀπὸ
1889 1194 1994 1246 τῶν

420 1288 588 1356 ἁγίων
632 1306 731 1360 μου
764 1285 1019 1358 ἄρξασθε.
1059 1305 1078 1337 ι
1124 1286 1289 1356 Ὁρᾷς
1311 1286 1458 1348 ὅπως
1487 1287 1534 1338 oi
1571 1285 1668 1356 μὲν
1697 1283 1992 1338 ἀπώλοντο·

417 1381 467 1434 οἱ
501 1379 556 1433 δὲ
591 1379 650 1433 τὸ
686 1381 908 1450 σημεῖον
954 1379 1047 1431 ἐπὶ
1072 1376 1166 1430 τοῦ
1203 1377 1454 1448 μετώπου
1503 1377 1758 1450 φέροντες
1809 1373 1995 1429 διεσώ-

419 1472 606 1538 ζοντο;
639 1470 866 1524 τοιοῦτοί
899 1487 1044 1532 τινες
1063 1465 1201 1541 ἦσαν
1233 1469 1328 1522 καὶ
1350 1469 1442 1532 οὓς
1471 1472 1502 1541 ἡ
1533 1470 1784 1540 παροῦσα
1808 1467 1996 1537 στηλο-

417 1565 626 1636 γραφία
653 1563 948 1636 παρίστησι
989 1563 1254 1632 λέγουσαο
1291 1582 1308 1612 ι
1347 1563 1594 1624 Ἔδωκας
1644 1563 1758 1625 τοῖς
1805 1562 1995 1630 φοϐου-

419 1657 601 1726 μένοις
623 1673 681 1708 σε
707 1656 1003 1726 σημείωσιν
1022 1654 1115 1707 τοῦ
1135 1657 1323 1724 φυγεῖν
1343 1654 1454 1708 ἀπὸ
1471 1651 1764 1724 προσώπου
1781 1651 1956 1716 τόξουο
1969 1671 1985 1703 ι

414 1748 476 1800 οὐ
505 1747 614 1820 γὰρ
634 1749 710 1818 τῷ
749 1747 962 1818 Ἰσραὴλ
983 1789 998 1812 ,
1023 1747 1207 1817 φησὶν,
1238 1746 1464 1808 ἔδωκας,
1493 1744 1630 1797 ἀλλά
1665 1746 1776 1808 τοῖς
1807 1744 1993 1812 φοὸου⁶

417 1837 599 1908 μένοις
640 1855 719 1892 σε.
753 1839 873 1891 Ὅτι
902 1837 959 1890 δὲ
991 1836 1110 1900 ἔθος
1136 1836 1252 1889 ἐστὶ
1277 1837 1343 1905 τῇ
1383 1834 1688 1904 προφητείᾳ
1731 1832 2000 1902 φοϐουμέ-

413 1947 535 1994 νους
559 1931 651 1984 τὸν
690 1930 894 2002 Κύριον
916 1929 1099 1982 καλεῖν
1128 1931 1254 1992 τοὺς
1287 1926 1346 1992 ἐξ
1385 1926 1552 1980 ἐθνῶν
1582 1926 1674 1978 ἐπὶ
1722 1923 1812 1976 τὸν
1855 1923 1986 1975 Θεὸν

2099 571 2266 624 super
2292 569 2432 624 quos
2454 562 2538 609 est
2591 556 2805 625 signum
2842 572 2908 609 ne
2943 555 3240 620 accedatis,
3292 566 3344 611 et
3389 571 3419 610 a
3467 557 3678 611 sanctis

2097 647 2233 702 meis
2264 648 2484 716 incipite
2514 648 2553 699 ³.
2598 668 2615 699 ι
2654 645 2846 701 Vitlen‘
2877 663 2986 718 quo
3016 656 3176 717 pacto
3209 648 3298 701 alii
3326 648 3548 718 quidem
3583 664 3680 702 oc-

2096 739 2235 803 cisi;
2270 740 2305 793 ii
2354 756 2484 796 vero
2514 742 2605 811 qui
2642 741 2857 810 signum
2906 742 2960 796 in
3007 741 3184 796 fronte
3232 742 3436 796 ferrem
3473 742 3675 802 servati

2098 826 2340 882 fuerint?
2369 826 2529 882 Tales
2587 828 2623 882 ii
2673 837 2852 893 erant,
2894 845 3033 900 quos
3065 830 3178 884 haec
3208 831 3350 884 tituli
3388 832 3671 901 inscriptio

2099 920 2302 974 indicat
2324 920 2410 974 bis
2441 921 2623 976 verbis
2661 941 2674 976 :
2711 939 2726 972 ι
2763 922 2965 976 Dedisti
2999 923 3369 978 metuentibus
3390 932 3442 977 te
3466 925 3673 994 signiﬁ-

2096 1011 2390 1073 cationem,
2418 1023 2476 1066 ut
2509 1012 2720 1083 fugiant
2749 1029 2779 1068 a
2805 1013 2943 1070 facie
2973 1031 3155 1070 arcus.
3199 1035 3217 1066 ι
3249 1015 3366 1069 Νοη
3396 1017 3540 1071 enim
3572 1019 3668 1079 ait,

2098 1105 2287 1158 lsraeli
2321 1104 2541 1169 dedisti,
2580 1107 2672 1161 sed
2709 1107 3023 1161 timentibus
3058 1115 3130 1162 te.
3160 1107 3315 1173 Quod
3340 1116 3517 1162 autem
3547 1124 3672 1178 pro-

2096 1195 2290 1264 phetia:
2311 1205 2634 1251 consuetum
2671 1197 2742 1252 sit
2764 1198 3017 1252 timentes
3041 1196 3326 1252 Dominum
3357 1213 3553 1253 vocare
3575 1215 3672 1256 eos

2094 1303 2162 1342 ex
2187 1287 2460 1358 gentibus,
2491 1289 2584 1359 qui
2615 1288 2682 1342 ad
2733 1287 2899 1343 Deum
2935 1289 3318 1359 confugerunt,
3351 1291 3670 1360 plerumque

2095 1381 2611 1443 demonstravimus,
2647 1381 2725 1435 uti
2753 1396 2918 1450 supra
2942 1380 3146 1434 dictum
3165 1389 3269 1437 est.
3303 1383 3669 1448 Quemadmo-

2093 1469 2222 1525 dum
2259 1472 2426 1541 igitur
2458 1473 2908 1528 exterminatoris
2961 1473 3170 1544 plagas,
3208 1475 3364 1545 signo
3385 1477 3668 1547 sanguinis

2094 1562 2201 1626 usi,
2238 1561 2517 1633 fugiebant
2546 1565 2637 1634 qui
2678 1564 2730 1617 in
2766 1563 3001 1634 Egypto
3048 1575 3206 1619 erant
3250 1567 3292 1629 ',
3342 1568 3532 1622 eadem
3581 1585 3668 1622 ra-

2095 1654 2243 1707 tione
2267 1656 2331 1709 ad
2361 1657 2714 1710 avertendum
2737 1656 3095 1710 humanarum
3128 1658 3430 1712 animarum
3458 1660 3664 1715 hostem

2092 1756 2146 1798 et
2178 1745 2480 1812 inimicum,
2513 1747 2604 1817 qui
2641 1747 2778 1802 solet
2798 1763 2892 1802 eas
2921 1748 3039 1802 telis
3071 1749 3349 1819 impetere,
3385 1759 3440 1804 et
3469 1751 3520 1803 in
3556 1751 3667 1804 ido-

2094 1833 2324 1890 lolatriaz
2357 1853 2600 1892 errorem
2624 1837 2916 1900 deducere,
2943 1837 3159 1906 signum
3194 1839 3280 1892 hic
3307 1849 3663 1895 memoratqu

2095 1929 2464 1983 metuentibus
2490 1929 2775 1984 Dominum
2811 1929 3068 1982 collatum
3091 1937 3194 1984 est.

413 2022 878 2092 καταφεύγοντας,
910 2021 1168 2082 πολλάκις
1208 2017 1591 2088 ἀπεδείξαμεν,
1617 2014 1797 2078 καθὼς
1835 2014 2174 2086 προείρηται.
2205 2018 2412 2090 Ὠσπερ
2450 2016 2542 2073 οὖν
2580 2020 2688 2072 ἀπὸ
2732 2018 3023 2088 προσώπου
3071 2020 3164 2073 τοῦ
3203 2021 3522 2093 ὀλοθρευτοῦ
3585 2021 3664 2076 δι-

411 2116 611 2184 έφυγόν
649 2131 779 2168 ποτε
817 2115 864 2166 οἱ
891 2114 948 2165 ἐν
976 2111 1236 2181 Αἰγύπτῳ
1264 2109 1362 2172 τὰς
1393 2109 1604 2178 πληγὰς
1631 2146 1644 2169 ,
1689 2107 1990 2178 χρήσαντες
2027 2105 2102 2176 τῷ
2130 2109 2342 2180 σημείῳ
2406 2110 2500 2163 τοῦ
2537 2110 2784 2182 αἵματος,
2818 2115 2908 2167 τὸν
2947 2112 3108 2166 αὑτὸν
3146 2115 3344 2184 τρόπον
3389 2115 3466 2177 εἰς
3531 2115 3666 2167 ἀπο-

408 2204 745 2278 τροπιασμὸν
768 2203 860 2258 τοῦ
885 2203 1144 2274 πολεμίου
1171 2203 1262 2254 καὶ
1283 2199 1476 2270 ἐχθροῦ
1501 2199 1611 2250 τῶν
1665 2196 2020 2267 ἀνθρωπίνων
2056 2197 2264 2267 ψυχῶν,
2295 2199 2388 2252 τοῦ
2421 2200 2658 2265 τοξεύειν
2688 2203 2782 2257 καὶ
2812 2203 3171 2258 καταϐάλλειν
3212 2192 3381 2266 αὑτάς
3416 2204 3510 2256 ἐπὶ
3563 2203 3665 2276 τὴν

409 2301 509 2371 τῆς
534 2300 973 2372 είδωλολατρείας
999 2299 1206 2371 πλάνην
1247 2295 1515 2360 εἰωθότος,
1578 2294 1783 2348 δέδοται
1811 2293 1872 2346 τὸ
1910 2292 2199 2363 λεγόμενον
2226 2297 2456 2351 ἐνταῦθα
2504 2303 2728 2371 σημεῖον
2767 2304 2879 2365 τοῖς
2924 2301 3281 2372 φοϐουμένοις
3308 2301 3399 2354 τὸν
3434 2301 3661 2374 Κύριον.

487 2418 505 2450 ι
547 2399 736 2461 Ὅπως
773 2399 840 2451 ἂν
877 2395 1146 2468 ρυσθῶσιν
1172 2395 1220 2448 οἱ
1251 2391 1521 2462 ἀγαπητοί
1558 2407 1673 2455 σου,
1720 2391 1891 2443 σῶσον
1921 2391 1985 2458 τῇ

407 2489 556 2562 δεξιᾷ
577 2508 694 2547 σου.
719 2489 814 2543 καὶ
840 2487 1143 2542 ὲπάκουσόν
1168 2504 1290 2557 μου.
1323 2505 1342 2537 ι
1369 2484 1554 2539 Ταῦτα
1577 2483 1670 2536 καὶ
1692 2482 1758 2535 τά
1781 2480 1990 2542 τούτοις

407 2583 674 2637 ἀκόλουθα
708 2583 869 2654 μέχρι
895 2581 988 2634 τοῦ
1029 2581 1214 2643 τέλους
1254 2577 1348 2630 καὶ
1383 2579 1412 2630 6
1459 2575 1533 2648 ρξ’
1572 2576 1816 2645 περιέχει
1847 2573 1986 2642 ψαλ-

409 2675 526 2744 μός.
567 2672 706 2725 Ἀλλ’
743 2675 799 2724 ἐν
831 2671 928 2741 μὲν
955 2673 1070 2732 τοῖς
1095 2667 1478 2740 προκειμένοις
1517 2665 1585 2718 τὰ
1625 2663 1988 2736 προλεχθέντα

407 2763 678 2832 ἀποϐολὴν
700 2761 888 2832 ἐδήλου
926 2759 1020 2813 τοῦ
1065 2759 1283 2829 Ἰσραήλ
1304 2776 1318 2790 ·
1366 2756 1462 2811 τοῦ
1493 2756 1571 2827 ρξ’
1601 2755 1669 2809 τὰ
1713 2755 1820 2826 πρὸ
1864 2755 1987 2808 τού-

406 2871 524 2917 του,
555 2873 572 2904 t
592 2853 740 2914 ὅπως
755 2850 820 2904 ἂν
839 2849 1106 2921 ρυσθῶσιν
1119 2851 1164 2902 οἱ
1189 2847 1461 2920 ἀγαπητοί
1478 2865 1572 2901 σου
1597 2867 1616 2899 ι
1634 2847 1727 2900 καὶ
1740 2845 1849 2898 τῶν
1873 2847 1989 2899 ἐπι-

406 2947 753 3018 φερομένων,
792 2949 935 3017 σαφῆ
969 2945 1159 3018 κλῆσιν
1191 2944 1363 3000 ἐθνῶν
1405 2944 1671 3010 θεσπίζει.
1703 2943 1988 3017 Προειπὼν

2160 2390 2326 2448 Vens.
2356 2393 2410 2450 7.
2442 2413 2460 2446 ι
2489 2393 2558 2448 Ut
2602 2396 2902 2451 liberentur
2928 2396 3114 2451 dilecti
3169 2397 3270 2459 tui,
3328 2398 3536 2452 salvum
3576 2399 3660 2452 l‘ae

2087 2484 2309 2540 dextera
2334 2492 2448 2549 tua,
2485 2496 2538 2539 et
2588 2487 2783 2541 exaudi
2817 2503 2924 2542 me.
2970 2507 2989 2540 ι
3025 2487 3147 2542 Haec
3187 2495 3240 2542 et
3271 2491 3554 2555 sequentia
3592 2491 3657 2544 ad

2089 2574 2247 2628 linem
2284 2591 2456 2645 usque
2478 2590 2585 2630 cvn
2612 2576 2736 2630 item
2770 2579 3014 2648 psalmus
3043 2580 3439 2647 complectitur.
3480 2578 3582 2634 Sed
3608 2583 3660 2634 in

2087 2668 2340 2735 praesenti
2363 2683 2483 2738 qua
2512 2671 2791 2738 praemissa
2817 2677 2965 2733 sunt,
3000 2671 3358 2740 abjectionem
3406 2671 3658 2738 lsraclis;

2086 2772 2206 2827 qua:
2229 2757 2419 2812 isthaae
2447 2760 2611 2812 verba
2643 2759 2837 2829 psalmi
2869 2775 3002 2824 cvn,
3040 2779 3058 2812 ι
3096 2769 3152 2815 ut
3201 2761 3504 2814 liberentur
3530 2763 3662 2815 dile-

2084 2849 2155 2903 cti
2193 2851 2292 2913 tui,
2333 2867 2351 2900 ›
2386 2856 2440 2904 et
2473 2851 2756 2920 sequentia
2797 2851 3128 2920 przecedunt,
3157 2853 3494 2905 vocationem
3536 2869 3659 2922 gen-

2084 2941 2219 2995 tium
2274 2942 2564 2998 manifeste
2597 2942 2988 2998 valicinantur.
3044 2943 3180 2997 Nam
3213 2960 3336 2998 cum
3366 2946 3420 2998 in
3450 2948 3659 3016 psalmo

405 3041 568 3111 γάρὸ
604 3039 759 3107 λόγος
781 3041 839 3092 ἐν
872 3038 949 3109 τῷ
990 3037 1088 3110 ρξ’,
1127 3057 1145 3088 ι
1208 3036 1427 3108 Ἐτοίμη
1473 3039 1506 3108 ἡ
1545 3036 1740 3107 καρδία
1793 3054 1927 3106 μου,
1957 3038 1983 3089 ὁ

2087 3046 2194 3084 cvn
2223 3030 2474 3096 dixisset,
2512 3051 2529 3080 ι
2573 3031 2827 3086 Paratum
2852 3047 2949 3087 cor
2981 3049 3184 3095 meum,
3210 3033 3372 3101 Deus,
3405 3044 3654 3104 paratum

403 3132 559 3194 Θεὸς,
597 3130 788 3201 ἑτοίμη
819 3133 852 3202 ἡ
891 3130 1088 3202 καρδία
1124 3147 1221 3200 μου
1250 3148 1262 3160 ο
1298 3130 1499 3202 ᾄσομαι
1534 3130 1628 3182 καὶ
1663 3127 1836 3198 ψαλῶ.
1876 3128 1987 3194 Ἐξ-

402 3221 677 3292 εγέρθητι,
712 3223 745 3292 ή
776 3222 902 3286 δόξα
933 3239 1054 3292 μου,
1086 3221 1420 3292 ἐξεγέρθητι,
1451 3221 1742 3291 ψαλτήριον
1769 3220 1860 3273 καὶ
1903 3237 1985 3272 κι-

404 3314 565 3386 θάρα,
600 3312 1030 3386 ἐξεγερθήσομαι
1063 3313 1280 3384 ὄρθρου,
1318 3334 1336 3364 ι
1370 3312 1619 3384 ἐπιφέρει
1643 3328 1654 3344 ι
1700 3331 1718 3364 t
1766 3312 1983 3382 Ἐξομο-

402 3406 704 3477 λογήσομαί
729 3423 809 3458 σοι
843 3408 901 3458 ἐν
932 3405 1100 3469 λαοῖς,
1138 3405 1331 3477 Κύριε,
1361 3405 1516 3474 ψαλῶ
1539 3421 1616 3458 σοι
1647 3407 1704 3458 ἐν
1733 3404 1938 3458 ἔθνεσιν
1965 3421 1978 3435 ·

402 3501 484 3552 ὃτι
536 3498 680 3568 μέγα
737 3499 922 3551 ἐπάνω
961 3497 1069 3550 τῶν
1097 3497 1344 3567 οὐρανῶν
1386 3497 1448 3550 τὸ
1495 3496 1642 3560 ἔλεός
1669 3514 1784 3561 σου,
1819 3499 1912 3551 καὶ
1943 3500 1977 3568 ἡ

399 3590 628 3663 ἀλήθειά
679 3607 772 3642 σου
803 3589 909 3653 ἓως
947 3588 1056 3642 τῶν
1082 3588 1338 3658 νεφελῶν.
1399 3586 1674 3657 ’Υψώθητι
1728 3589 1822 3641 ἐπὶ
1855 3589 1982 3652 τοὺς

399 3684 683 3755 οὐρανοὺς,
734 3684 762 3735 6
799 3681 962 3745 Θεὸς,
999 3682 1094 3734 καὶ
1123 3683 1214 3734 ἐπί
1243 3683 1424 3736 πᾶσαν
1467 3681 1565 3754 τὴν
1609 3685 1713 3754 γῆν
1764 3685 1797 3754 ἡ
1856 3682 1981 3748 δόξα

401 3793 517 3828 σου.
555 3793 574 3827 ι
608 3770 720 3826 Εἶτ’
761 3773 1001 3841 ἐπιλέγει
1043 3773 1113 3826 τὰ
1144 3775 1202 3826 ἐν
1233 3773 1311 3844 τῷ
1356 3774 1494 3844 μετὰ
1526 3777 1715 3844 χεῖρας
1760 3774 1982 3844 προκεί-

402 3883 539 3938 μενα
573 3865 744 3936 λόγῳ·
788 3884 805 3915 ι
845 3865 1033 3928 Ὅπως
1059 3864 1126 3918 ἂν
1151 3863 1420 3936 ῥυσθῶσιν
1456 3865 1506 3918 οί
1547 3865 1821 3935 ἀγαπητοί
1861 3882 1976 3928 σου,

399 3957 574 4012 σῶσον
610 3960 677 4028 τῇ
709 3956 862 4028 δεξιᾷ
887 3974 1002 4018 σου,
1033 3957 1128 4009 καὶ
1176 3955 1480 4010 ἐπάκουσόν
1525 3974 1625 4027 μου
1653 3997 1666 4021 ,
1711 3975 1729 4007 ι
1768 3957 1862 4010 καὶ
1910 3956 1980 4010 τά

396 4049 560 4105 λοιπά
594 4049 900 4120 συμφώνως
928 4051 1037 4111 τοῖς
1060 4049 1457 4121 προκειμένοις.
1502 4049 1714 4120 Σφόδρα
1734 4049 1790 4101 δὲ
1818 4047 1979 4101 ἐθαύ-

400 4158 548 4212 μασα
569 4141 661 4194 τοῦ
694 4139 850 4209 ἁγίου
886 4140 1203 4210 Πνεύματος
1230 4139 1328 4210 τὴν
1359 4140 1670 4210 οἰκονομίαν
1691 4159 1703 4170 ο
1735 4140 1840 4192 ἀπὸ
1868 4139 1978 4212 γὰρ

394 4234 488 4288 δύο
522 4232 932 4304 στηλογραφιῶν
963 4231 1057 4285 ἕνα
1080 4230 1293 4302 ψαλμὸν
1324 4231 1612 4300 πεποίηκε,
1644 4231 1734 4284 τὸν
1765 4231 1860 4302 ρξ’.
1898 4232 1978 4284 Td:

398 4329 497 4398 μέν
524 4326 634 4397 γὰρ
662 4326 876 4398 πρῶτα,
910 4325 968 4378 ἐν
1001 4319 1082 4387 οἷς
1115 4324 1332 4390 ἐλέγετο
1352 4341 1363 4352 ’
1404 4342 1422 4373 ι
1473 4323 1750 4394 Ἑτοίμηὴ
1779 4325 1974 4396 καρδία

397 4436 522 4490 μου,
535 4420 562 4472 6
577 4416 731 4484 Θεὸς,
754 4417 930 4471 καὶτὰ
949 4415 1095 4487 ἑξῆς,
1115 4416 1223 4469 ἀπὸ
1237 4415 1449 4486 τῆςτοῧ
1469 4422 1554 4480 νς¹
1571 4416 1974 4487 στηλογραφίας

390 4510 487 4564 τοῦ
502 4509 663 4564 Δαυῒδ
688 4508 902 4574 ἐξελὼν,
920 4504 1026 4582 ἐνῇ
1049 4509 1144 4562 καὶ
1172 4509 1307 4579 αὐτῇ
1332 4507 1574 4576 λέλεκτοή
1590 4509 1824 4580 ἐτοίμηὴ
1845 4526 1974 4580 καρ-

390 4601 475 4654 δία
497 4617 616 4670 μου,
634 4601 662 4652 6
677 4599 830 4662 Θεὸς.
849 4598 1036 4669 ἑτοίμη
1051 4599 1082 4668 ἡ
1100 4597 1292 4669 καρδία
1310 4611 1429 4668 μου’
1447 4598 1751 4669 ᾇσομαικαὶ
1765 4598 1937 4668 ψαλῶ,
1954 4620 1971 4649 ι

393 4691 488 4743 καὶ
517 4688 586 4741 τὰ
612 4687 978 4758 ἐπιλεγόμενα
1007 4687 1050 4739 δ’
1073 4687 1202 4757 ἑξῆς
1235 4686 1538 4758 συμφώνως
1567 4691 1680 4751 τοῖς
1706 4690 1765 4741 ὲν
1789 4687 1866 4759 τῷ
1895 4688 1972 4760 ρξ’

395 4775 557 4845 μέχρι
580 4775 706 4828 τοῦθ
738 4794 757 4826 ι
803 4773 1075 4845 ’Υψώθητι
1114 4775 1208 4827 ἐπὶ
1256 4778 1381 4840 τοὺς
1407 4777 1670 4847 οὐρανοὺς
1695 4817 1708 4840 ,
1753 4778 1782 4830 ὁ
1815 4777 1967 4843 Θεὸς,

391 4866 483 4920 καὶ
517 4866 609 4919 ἐπὶ
644 4867 826 4920 πᾶσαν
847 4865 944 4936 τὴν
968 4865 1072 4936 γῆν
1095 4867 1128 4937 ὴ
1154 4864 1280 4930 δόξα
1315 4883 1442 4919 σουο
1482 4887 1501 4919 υ
1545 4867 1612 4920 τὰ
1650 4867 1706 4921 δὲ
1745 4868 1971 4940 δεύτερα

387 4956 458 5009 τὰ
492 4957 600 5011 ἀπὸ
627 4956 744 5020 τοῦ,
781 4976 800 5008 ι
845 4959 1032 5021 Ὅπως
1063 4956 1128 5010 ἂν
1166 4957 1434 5028 ρυσθῶσιν
1462 4961 1510 5012 οί
1540 4959 1814 5031 ἀγαπητοί
1851 4977 1966 5026 σου,

390 5045 566 5102 σῶσον
594 5049 660 5119 τῇ
677 5047 828 5118 δεξιᾷ
862 5064 954 5101 σου
974 5049 1069 5102 καὶ
1093 5047 1398 5102 ἐπάκουσόν
1431 5067 1589 5120 pou,»
1623 5051 1720 5104 σὺν
1746 5054 1859 5116 τοῖς
1885 5053 1974 5124 μέ-

390 5159 480 5214 χρι
513 5142 702 5205 τέλους
727 5142 1180 5212 ἐπενηνεγμένοις
1224 5141 1334 5196 ἀπὸ
1347 5142 1445 5212 τῆς
1470 5141 1607 5212 μετά
1628 5146 1816 5214 χεῖρας
1844 5161 1972 5216 στη-

389 5230 711 5304 λογραφίας,
751 5230 1092 5294 διδάσκοντος
1125 5233 1272 5302 ἡμᾶς
1304 5231 1448 5285 θείου
1481 5231 1796 5303 Πνεύματος
1843 5235 1971 5304 μίαν

365 5322 485 5384 ,καὶ
532 5323 631 5393 τὴν
662 5323 831 5394 αὐτὴν
859 5323 1096 5378 διάνοιαν
1138 5324 1472 5397 ἐμφέρεσθαι
1515 5327 1574 5378 ἐν
1615 5326 1965 5397 ἀμφοτέροις.

404 5412 492 5467 Ἐν
521 5413 619 5484 μὲν
655 5412 762 5485 γὰρ
789 5413 866 5484 τῷ
895 5421 981 5480 νς¹
1024 5413 1517 5486 ἐξομολογήσασθαι
1555 5414 1633 5486 τῷ
1675 5414 1864 5486 Κυρίῳ
1911 5417 1969 5469 ἐν
1999 5437 2003 5441 ·

392 5501 541 5567 λαοῖς
567 5503 662 5558 καὶ
687 5503 907 5574 ψάλλειν
937 5504 1085 5576 αὐτῷ
1113 5506 1172 5558 ἐν
1206 5505 1418 5560 ἔθνεσιν
1455 5505 1835 5578 εὐηγγελίζετο
1856 5523 1868 5535 ·
1910 5509 1968 5559 ἐν

392 5588 448 5642 δὲ
481 5589 560 5661 τῷ
599 5592 736 5662 μετὰ
768 5595 955 5666 χεῖρας
985 5593 1256 5666 ἀποϐολὴν
1291 5594 1547 5666 σημαίνει
1584 5595 1679 5648 τοῦ
1731 5597 1966 5669 Ἰσραὴλ,

2086 3137 2182 3177 cor
2209 3138 2411 3188 meum,
2431 3125 2666 3178 cantabo
2692 3131 2744 3178 et
2767 3125 3016 3196 psallam.
3044 3123 3307 3196 Exsurge,
3327 3127 3494 3196 gloria
3515 3143 3655 3192 mea,

2084 3231 2339 3286 exsurge.
2402 3216 2718 3287 psalterium
2753 3228 2804 3270 et
2855 3216 3089 3280 cithara,
3124 3234 3414 3288 exsurgam
3452 3221 3657 3275 dilucu-

2087 3309 2136 3361 lo
2168 3309 2231 3373 ¹⁰,
2264 3328 2282 3360 ι
2311 3307 2500 3377 adjicit
2536 3325 2548 3359 :
2591 3328 2608 3360 ι
2645 3307 2960 3364 Conlitebor
2984 3309 3080 3362 tibi
3105 3311 3158 3364 in
3212 3313 3449 3381 populis,
3476 3311 3661 3368 Domi-

2083 3416 2171 3462 ne,
2198 3399 2426 3470 psallam
2458 3401 2552 3454 tibi
2605 3401 2660 3454 in
2691 3400 2943 3470 gentibus
2975 3417 2987 3452 :
3018 3403 3277 3470 qttoniam
3337 3419 3530 3474 magna
3574 3416 3658 3459 est

2083 3508 2247 3562 super
2275 3493 2447 3546 cmlos
2481 3492 2854 3546 misericordia
2887 3503 3000 3558 tua,
3032 3500 3086 3548 et
3133 3494 3338 3549 veritas
3369 3506 3459 3550 tua
3483 3512 3657 3566 usque

2082 3581 2149 3636 ad
2187 3583 2378 3638 nubes.
2411 3582 2664 3636 Exaltare
2698 3599 2864 3654 super
2910 3583 3101 3648 ctelos,
3168 3583 3334 3651 Deus,
3385 3595 3438 3642 et
3492 3602 3657 3657 super

2081 3687 2298 3727 omnem
2323 3684 2523 3728 terram
2577 3673 2748 3744 gloria
2784 3679 2876 3726 tua
2906 3674 2972 3727 η.
3023 3693 3040 3724 ι
3096 3673 3300 3731 Deinde
3362 3675 3550 3746 adjicit
3590 3695 3652 3733 ea

2082 3779 2204 3834 quae
2226 3766 2282 3819 in
2311 3766 2566 3835 praesenti
2607 3765 2900 3819 feruntur:
2939 3783 2959 3815 ι
3010 3764 3081 3820 Ut
3134 3767 3434 3822 liberentur
3476 3769 3656 3824 dilecti

2081 3859 2181 3919 tui.
2213 3859 2422 3914 salvum
2457 3857 2544 3912 fac
2574 3857 2798 3914 dextera
2820 3867 2936 3926 tua,
2964 3867 3019 3914 et
3069 3861 3266 3914 exaudi
3316 3879 3402 3917 me
3431 3864 3494 3924 ",
3529 3883 3547 3913 ›
3603 3872 3656 3918 et

2080 3959 2276 4004 caetera
2308 3947 2674 4018 praesentibus
2703 3947 2922 4004 similia.
2968 3948 3282 4005 Admodum
3319 3968 3445 4005 vero
3471 3953 3657 4007 mirari

2081 4039 2228 4094 subit
2272 4037 2510 4107 Spiritus
2565 4038 2744 4093 sancti
2788 4038 3252 4109 dispensationem
3296 4058 3404 4096 :ex
3441 4043 3656 4098 duabus

2082 4145 2316 4200 namque
2357 4130 2498 4184 tituli
2525 4130 2978 4199 inscriptionibus
3013 4148 3181 4185 unum
3229 4134 3498 4202 psalmum
3530 4151 3658 4191 con-

2079 4222 2340 4288 cinnavit,
2378 4223 2589 4278 scilicet
2617 4238 2744 4278 cvn.
2773 4223 2959 4277 Priora
2977 4226 3144 4286 enim,
3166 4241 3287 4296 qua!
3307 4227 3387 4280 sic
3420 4226 3650 4282 habent:

2086 4334 2104 4366 ι
2140 4316 2396 4370 Paratum
2426 4331 2524 4371 cor
2553 4333 2755 4380 meum,
2789 4317 2952 4383 Deus,
2987 4338 3004 4370 ι
3040 4328 3093 4372 et
3141 4328 3356 4385 extera,
3409 4337 3473 4376 ex
3509 4323 3652 4376 tituli

2083 4407 2439 4477 inscriptione
2468 4407 2685 4464 Davidis
2713 4426 2801 4464 LVI
2849 4411 3173 4481 exsumpsit,
3202 4412 3257 4465 in
3285 4427 3391 4482 qua
3416 4413 3540 4468 item
3571 4415 3654 4468 di-

2083 4506 2229 4552 ctum
2266 4498 2484 4554 fuerat:
2521 4519 2539 4550 ι
2578 4499 2830 4555 Paratum
2865 4518 2960 4558 cor
2981 4519 3182 4568 meum,
3212 4503 3372 4570 Deus,
3404 4516 3652 4575 paratum

2083 4603 2180 4642 cor
2204 4603 2408 4654 meum,
2433 4589 2667 4643 cantabo
2695 4596 2749 4644 et
2783 4591 3050 4660 psalmum
3084 4591 3260 4645 dicam
3298 4591 3362 4658 “,
3404 4612 3422 4643 ι
3458 4601 3509 4646 et
3534 4608 3654 4659 qua:

2081 4687 2406 4750 sequuntur,
2439 4681 2506 4735 iis
2536 4695 2657 4750 qua:
2697 4681 2751 4735 in
2782 4696 2890 4736 cvn
2945 4683 3197 4737 feruntur
3223 4683 3445 4745 similia,
3479 4699 3654 4755 usque

2081 4773 2148 4826 ad
2182 4772 2337 4835 illud,
2363 4791 2380 4823 ι
2409 4771 2659 4827 Exaltare
2689 4790 2854 4842 super
2873 4776 3066 4837 coelos,
3091 4775 3254 4839 Deus,
3273 4784 3326 4830 et
3357 4792 3522 4846 super
3542 4794 3655 4830 om-

2080 4878 2208 4919 nem
2245 4870 2446 4917 terrain
2483 4864 2651 4932 gloria
2677 4871 2768 4917 tua
2800 4865 2845 4896 “
2876 4882 2891 4919 :
2933 4884 2952 4917 ›
3011 4865 3314 4934 posteriora
3371 4876 3551 4921 autem
3586 4869 3655 4921 ab

2080 4956 2194 5019 illo,
2231 4972 2250 5005 ε
2294 4953 2365 5008 Ut
2395 4954 2697 5008 liberentur
2721 4953 2908 5010 dilecti
2932 4955 3030 5018 tui,
3065 4957 3274 5010 salvum
3309 4956 3394 5010 fac
3428 4958 3650 5012 dextera

2077 5054 2191 5112 tua,
2223 5054 2278 5100 et
2306 5045 2501 5100 exaudi
2525 5060 2631 5109 me,
2685 5064 2702 5097 ι
2732 5061 2858 5100 cum
2888 5045 2956 5100 iis
3013 5060 3134 5115 qua:
3186 5045 3252 5098 ad
3281 5047 3440 5100 tinent
3481 5063 3653 5114 usque

2074 5141 2366 5203 habentur,
2397 5156 2459 5195 ex
2492 5141 2744 5209 praesenti
2786 5139 2928 5193 tituli
2980 5139 3340 5210 inscriptione
3371 5147 3654 5195 mutuatus

2073 5232 2443 5296 est;docente
2468 5247 2567 5287 nos
2609 5231 2816 5301 Spiritu
2845 5230 3033 5284 divino
3084 5247 3247 5285 unam
3296 5231 3654 5300 eamdemque

2077 5324 2130 5377 in
2159 5331 2390 5394 utroque
2415 5321 2740 5376 sententiam
2767 5320 2924 5385 ferri;
2954 5337 3080 5375 nam
3103 5322 3156 5375 in
3193 5337 3279 5376 LVI
3311 5336 3369 5376 se
3401 5322 3651 5375 confiteri

2075 5413 2308 5468 Domino
2336 5413 2391 5467 in
2423 5413 2640 5482 populis
2664 5420 2719 5466 et
2764 5412 2995 5483 psallere
3026 5413 3128 5483 ipsi
3179 5412 3232 5466 in
3269 5413 3524 5482 gentibus
3557 5428 3656 5465 ειη--

2078 5505 2365 5559 nuntiabat
2388 5522 2403 5572 ;
2426 5506 2481 5558 in
2512 5493 2766 5574 praesenti
2796 5511 2979 5557 autem
3021 5503 3334 5560 Judaeorum
3387 5504 3655 5573 abjcctio-

2077 5613 2200 5653 nem
2235 5597 2526 5670 signiﬁcat,
2561 5605 2617 5650 ut
2655 5597 2708 5650 in
2743 5596 3043 5665 praemissis
3086 5598 3334 5652 docetur.
3396 5599 3473 5652 Ac
3529 5604 3654 5667 post

465 5797 483 5823 "
525 5795 716 5852 Etecli.
746 5814 816 5860 ut,
847 5797 897 5862 5,
931 5799 981 5853 (ἶ.
1033 5800 1236 5856 “Exod.
1258 5818 1354 5866 xu,
1377 5800 1426 5854 7.
1471 5801 1512 5833 ¹θ
1531 5799 1674 5858 Psal.
1701 5818 1832 5867 cvn,
1865 5803 1983 5870 2,5.

2090 5803 2217 5858 ibid.
2257 5801 2371 5857 άοϋ.
2409 5804 2448 5834 ’⁸
2486 5801 2618 5858 ibitl.
2659 5801 2710 5859 7.
2751 5804 2792 5835 ³³
2831 5799 2975 5858 Psal.
3014 5819 3138 5868 LVI,
3175 5805 3229 5859 8.
3312 5804 3353 5834 “
3388 5802 3517 5857 ibid.
3558 5800 3643 5856 l0.
