4090 6382
443 358 551 414 565

1146 354 1419 412 EUSEBII
1459 356 1936 412 CAESARIENSIS
1973 355 2122 412 OPP.
2167 355 2342 411 PARS
2381 355 2465 413 Ill.
2507 387 2573 399 ——
2605 355 3009 411 EXEGETICA.

3569 354 3672 411 56‘

435 473 608 543 prima
639 473 751 537 illa,
783 472 941 544 queis
970 473 1316 528 indicabatur
1339 473 1573 544 abjectio
1607 476 1804 544 prioris
1836 491 1998 545 popu-

2109 475 2298 546 ῶσπερ
2322 471 2414 528 οὖν
2444 473 2684 527 ἐδίδασκε
2712 474 2778 527 τὰ
2810 473 3193 545 προλεχθέντα.
3219 467 3328 524 Καὶ
3353 470 3417 541 δὴ
3446 470 3581 541 μετὰ
3603 475 3672 524 τὰ

437 567 496 629 li.
521 567 845 636 signumque
876 567 1244 622 metuentibus
1279 568 1457 638 ipsum
1492 567 1884 623 conferendum
1915 586 2005 625 es-

434 673 525 722 se;
554 658 880 714 intermedio
901 658 1280 728 diapsalmate,
1333 659 1636 715 orationem
1679 659 1790 716 Deo
1835 659 2006 730 Spiri-

429 759 525 804 tus
547 758 773 806 sanctus
795 749 996 804 emittit
1026 749 1215 805 dicens
1250 769 1262 804 :
1312 769 1330 800 ‹
1366 749 1433 806 Ut
1464 751 1768 805 liberentur
1820 751 2006 806 dilecti

435 837 538 902 tui,
563 839 772 893 salvum
806 838 891 891 fac
943 839 1164 894 dextera
1194 847 1310 903 tua,
1367 848 1422 894 et
1473 841 1671 894 exaudi
1707 856 1812 894 me.
1852 860 1870 892 ι
1927 839 2004 893 Ita

432 942 566 983 vero
587 931 854 999 supplicat
884 946 1108 1001 rogans,
1139 939 1218 996 ut,
1254 947 1352 986 sua
1392 947 1526 986 usus
1579 931 1825 996 dextera,
1860 931 2000 986 Deus

433 1020 628 1089 eripiat
645 1021 935 1090 salvosque
989 1020 1155 1074 faciat
1189 1019 1418 1076 dilectos
1449 1035 1610 1086 suos;
1645 1036 1820 1090 neque
1870 1020 2003 1076 sim-

430 1109 644 1179 pliciter
667 1109 740 1162 ita
769 1110 1061 1180 supplicat,
1103 1129 1121 1162 ι
1158 1110 1376 1165 Salvum
1409 1110 1513 1174 fac,
1558 1129 1576 1162 ι
1629 1110 1725 1166 sed
1780 1111 1996 1181 adjicit,

439 1218 458 1252 ι
495 1200 716 1256 dextera
740 1209 853 1269 tua,
900 1222 918 1253 ι
962 1203 1135 1272 primo
1171 1212 1228 1256 ut
1285 1203 1502 1274 eripiat,
1543 1204 1785 1257 secundo
1813 1211 1872 1256 ut
1893 1205 1996 1258 sal-

429 1308 559 1347 vum
591 1293 771 1349 faciat.
797 1293 1034 1349 Dilectos
1057 1306 1235 1349 autem
1270 1294 1362 1349 Dei
1394 1296 1574 1350 nullos
1623 1303 1869 1356 noverat,
1897 1295 2003 1349 nisi

433 1384 684 1440 nomines
709 1385 802 1456 qui
830 1384 897 1440 ad
917 1385 1207 1456 imaginem
1233 1385 1352 1454 ejus
1389 1385 1516 1439 facti
1573 1395 1720 1439 sunt.
1745 1385 2005 1451 Quamvis

429 1479 576 1532 enim
609 1479 665 1533 in
692 1486 916 1548 peccata
935 1478 1095 1548 lapsi,
1126 1486 1366 1533 attamen
1401 1479 1475 1533 ob
1504 1478 1864 1533 substantiam
1888 1478 2005 1531 ani-

431 1584 534 1623 ma:
561 1569 902 1639 spiritualem
937 1577 991 1624 et
1015 1569 1417 1633 rationabilem,
1458 1567 1642 1623 dilecti
1676 1567 1769 1622 Dei
1800 1583 2004 1622 vocan-

428 1668 539 1716 tur.
574 1658 744 1716 Deum
770 1660 970 1731 itaque,
1003 1659 1281 1714 mentione
1318 1659 1641 1713 dilectorum
1663 1673 1886 1713 suorum
1921 1657 1999 1711 fa-

427 1759 538 1814 cta,
563 1752 779 1820 placare
814 1758 1068 1814 conatur,
1116 1757 1384 1820 rogatque
1435 1758 1495 1805 ut
1551 1766 1580 1804 a
1622 1749 2002 1820 spiritualibus

2110 566 2319 637 πρῶτα,
2339 566 2404 618 δι’
2429 584 2503 619 ων
2527 563 2776 634 ἐδηλοῦτο
2797 567 2830 636 ή
2852 562 3088 632 ἀποϐολὴ
3114 560 3207 614 τοῦ
3232 561 3498 632 προτέρου
3519 561 3670 626 λαοῦ,

2106 657 2167 709 τό
2192 673 2253 708 τε
2299 657 2521 727 σημεῖον
2550 654 2612 707 τὸ
2635 657 2748 717 τοῖς
2791 651 3140 723 φοϐουμένοις
3172 651 3332 704 αὑτὸν
3376 651 3672 721 δοθησόμε-

2105 762 2194 797 νον
2221 785 2236 809 ,
2298 744 2423 812 ἑξῆς
2469 745 2633 814 μέσου
2676 743 3042 812 διαψὰλματος
3096 739 3557 812 παρεντεθέντος,
3611 740 3674 792 τὸ

2109 835 2332 904 Πνεῦμα
2353 837 2412 887 τὸ
2444 834 2596 902 ἅγιον
2625 834 2788 904 εὐχὴν
2812 833 3119 904 ἀναπέμπει
3157 831 3236 902 τῷ
3278 831 3395 902 Θεῷ
3428 831 3660 900 φάσκον

2111 944 2129 976 ι
2163 927 2349 989 Ὅπως
2375 926 2440 980 ἂν
2463 926 2735 997 ρυσθῶσιν
2766 927 2814 978 οἱ
2840 923 3110 995 ἀγαπητοί
3139 940 3253 987 σου,
3291 923 3463 976 σῶσον
3498 926 3564 993 τῇ
3591 922 3673 975 δε-

2109 1016 2196 1087 ξιᾷ
2230 1033 2352 1081 σου,
2400 1018 2491 1070 καὶ
2544 1017 2844 1070 ἐπάκουσόν
2883 1034 3003 1085 μου.
3050 1035 3068 1067 ι
3139 1014 3388 1068 Ἱκετεύει
3415 1014 3473 1067 δέ
3499 1012 3669 1066 ταῦτα

2105 1109 2373 1177 δεόμενον,
2409 1109 2576 1171 ὅπως,
2609 1109 2675 1179 τῇ
2701 1106 2864 1161 αὑτοῦ
2897 1106 3237 1178 χρησάμενος
3282 1105 3428 1176 δεξιᾷ
3459 1106 3488 1158 6
3513 1105 3668 1168 Θεὸς,

2109 1197 2338 1268 ρύσηται
2379 1197 2474 1250 καὶ
2512 1196 2661 1269 σώσῃ
2688 1198 2812 1259 τοὺς
2843 1196 3156 1266 ἀγαπητοὺς
3204 1195 3369 1248 αὑτοῦ
3391 1213 3404 1225 ·
3445 1197 3536 1248 καὶ
3573 1197 3671 1266 οὐχ

2109 1285 2293 1348 ἁπλῶς
2328 1285 2556 1339 ἱκετεύει
2575 1325 2589 1349 ,
2632 1305 2652 1337 ι
2675 1285 2875 1350 Σῶσον,
2905 1305 2922 1336 ι
2956 1285 3090 1340 ἀλλά
3111 1305 3129 1337 ι
3155 1288 3219 1356 τῇ
3257 1285 3405 1356 δεξιᾷ
3429 1287 3619 1339 ἑαυτοῦ
3646 1305 3665 1336 ι

2107 1377 2322 1449 πρῶτον
2353 1377 2450 1448 μὲν
2483 1375 2768 1448 ῥύσασθαι,
2803 1375 2992 1428 ἔπειτα
3017 1374 3206 1429 σῶσαι.
3252 1376 3590 1445 ’Λγαπητοὺς
3614 1376 3672 1428 δὲ

2104 1471 2199 1524 τοῦ
2225 1470 2360 1524 Θεοῦ
2401 1471 2510 1524 οὐδ’
2545 1469 2735 1532 ἄλλους
2776 1469 3038 1539 ἠπίστατο
3073 1469 3107 1539 ἢ
3147 1468 3272 1531 τοὺς
3325 1471 3444 1521 κατ’
3489 1468 3672 1522 εἰκόνα

2104 1562 2204 1633 τὴν
2228 1561 2393 1615 αὐτοῦ
2420 1560 2816 1632 πεποιημένους
2852 1559 3189 1632 ἀνθρώπους.
3227 1560 3289 1612 Et
3333 1561 3440 1630 γὰρ
3480 1559 3573 1612 καὶ
3602 1559 3673 1612 τὰ

2108 1650 2342 1722 μάλιστα
2363 1650 2789 1703 ὕποπεπτὼκασι
2817 1653 2882 1721 τῇ
2917 1649 3191 1722 ἁμαρτία,
3227 1648 3340 1702 ἀλλ’
3389 1650 3537 1720 ὅμως
3585 1648 3672 1702 διά

2104 1742 2201 1812 τὴν
2218 1742 2290 1814 (ί)
2309 1741 2486 1813 ψυχῆς
2497 1741 2684 1794 οὐσίαν
2705 1742 2897 1814 νοεράν
2911 1737 3074 1795 οὖσαν
3090 1741 3184 1796 καὶ
3203 1740 3445 1812 λογικὴν,
3459 1741 3672 1810 ἀγαπη-

427 1841 667 1897 inimicis
694 1852 748 1898 et
775 1842 1028 1897 hostibus
1053 1843 1378 1911 eripiantur,
1415 1850 1576 1911 atque
1599 1847 1837 1910 ereptos,
1860 1841 1996 1894 dex-

2104 1834 2182 1886 τοὶ
2207 1833 2450 1904 εἴρηνται
2488 1832 2582 1885 τοῦ
2615 1831 2772 1885 Θεοῦ.
2817 1833 3065 1885 Δυσωπεῖ
3109 1830 3286 1883 τοίνυν
3320 1833 3348 1883 6
3377 1829 3532 1898 λόγος
3581 1829 3675 1882 τὸν

425 1943 542 1989 tera
569 1950 664 1989 sua
692 1935 867 1990 salute
890 1937 1073 1990 donet.
1118 1934 1404 1991 Dexteram
1467 1943 1647 1988 autem
1678 1933 1772 1987 Dei
1828 1947 1995 2002 quam

428 2025 635 2080 dixeris
655 2040 802 2088 esse,
832 2025 940 2079 nisi
966 2022 1243 2078 Christum
1271 2023 1482 2094 tropice
1513 2023 1592 2078 sic
1616 2023 1904 2079 vocatum?
1927 2021 1998 2076 Ut

424 2115 570 2170 enim
601 2113 737 2176 alias
759 2114 932 2168 virtus
951 2120 1006 2166 et
1049 2112 1342 2182 sapientia,
1369 2111 1584 2180 justitia
1611 2118 1666 2165 et
1691 2109 1998 2164 sanctiﬁca-

425 2205 507 2260 tio
526 2213 581 2259 et
607 2203 911 2274 redemptio
935 2202 1118 2258 dictus
1145 2213 1258 2268 est;
1283 2203 1364 2258 sic
1382 2202 1496 2271 jam
1526 2203 1746 2276 dextera
1769 2209 1996 2258 vocatus

429 2296 614 2362 fuerit,
645 2295 772 2365 quia
795 2295 1022 2350 dextera
1047 2305 1101 2351 et
1121 2295 1382 2351 salutaria
1406 2293 1660 2349 omnibus
1685 2293 1997 2350 hominibus

426 2393 822 2454 procuraturus
844 2392 981 2439 erat.

2100 1924 2232 1977 Θεὸν
2259 1923 2346 1977 διὰ
2379 1925 2476 1994 τῆς
2508 1925 2723 1994 μνήμης
2743 1923 2848 1977 τῶν
2872 1922 3172 1994 ἀγαπητῶν
3202 1921 3386 1986 αὑτοῦ,
3417 1937 3674 1994 παρακα-

2101 2017 2183 2069 λεῖ
2213 2033 2272 2069 τε
2299 2015 2563 2087 ῥύσασθαι
2607 2015 2803 2078 αὐτοὺς
2849 2015 2957 2068 ἀπὸ
2983 2014 3189 2084 νοητῶν
3220 2031 3278 2066 τε
3329 2011 3538 2084 ἐχθρῶν
3581 2014 3676 2065 καὶ

2105 2108 2379 2178 πολεμίων
2403 2124 2416 2138 ·
2455 2105 2757 2178 ρυσάμενόν
2789 2123 2849 2158 τε
2879 2105 3048 2159 σῶσαι
3077 2106 3274 2168 αὐτοὺς
3300 2104 3387 2158 διὰ
3415 2104 3514 2175 τῆς
3546 2105 3678 2156 ὲαυ-

2101 2201 2196 2256 τοῦ
2240 2201 2438 2268 δεξιᾶς.
2474 2199 2666 2264 Δεξιάν
2710 2199 2766 2251 δὲ
2794 2197 2887 2251 τοῦ
2921 2197 3056 2251 Θεοῦ
3084 2198 3204 2252 τίνα
3233 2197 3298 2250 ἄν
3330 2214 3412 2259 τις
3457 2198 3598 2249 εῐποι
3637 2196 3672 2270 η

2102 2294 2192 2348 τὸν
2242 2291 2475 2366 Χριστὸν
2517 2291 2680 2347 αὐτοῦ
2719 2292 2996 2364 τροπικῶς
3011 2289 3209 2354 ὀὕτως
3250 2289 3671 2360 ὠνομασμένον,

2111 2383 2198 2449 Ὠς
2227 2386 2334 2456 γάρ
2367 2383 2601 2456 ἀλλαχοῦ
2634 2383 2859 2454 δύναμις
2881 2383 2974 2436 καὶ
3001 2382 3161 2451 σοφία
3181 2381 3445 2445 λέλεκται,
3467 2379 3674 2433 δικαιο-

429 2480 562 2552 σύνη
594 2498 652 2548 τε
708 2481 801 2537 καὶ
833 2478 1125 2550 ἁγιασμὸς,
1178 2479 1272 2532 καὶ
1319 2476 1727 2550 ἀπολύτρωσις,
1774 2479 1916 2533 οὕτω
1955 2480 2048 2534 καί
2083 2479 2177 2534 νῦν
2231 2479 2382 2548 δεξιά
2405 2480 2794 2552 χρηματίσειεν
2831 2479 2896 2532 ἀν
2918 2494 2930 2507 ·
2959 2477 3144 2549 ἐπειδὴ
3172 2475 3236 2529 τὰ
3263 2476 3411 2542 δεξιά
3443 2477 3532 2529 καὶ
3560 2492 3674 2532 σωε

424 2574 587 2644 τήρια
610 2573 775 2635 πᾶσιν
800 2570 1106 2643 ἀνθρώποις
1136 2571 1482 2644 προξενήσειν
1516 2571 1756 2643 ἔμελλεν.

500 2663 661 2730 Vsus.
693 2663 746 2728 8,
774 2662 827 2715 9.
874 2681 892 2715 ι
940 2661 1082 2718 Deus
1114 2662 1327 2718 locutus
1357 2670 1441 2717 est
1483 2661 1537 2715 in
1581 2670 1773 2717 sancto
1804 2675 1928 2722 suo,
1969 2679 1988 2712 ι

2177 2678 2197 2711 ι
2248 2659 2304 2714 '0
2339 2659 2471 2720 Θεὸς
2508 2657 2767 2729 ἐλάλησεν
2803 2658 2862 2709 ὲν
2889 2656 2965 2726 τῷ
3007 2656 3146 2726 ἁγίῳ
3174 2653 3358 2717 αὐτοῦ,
3403 2672 3420 2704 ι
3459 2653 3554 2706 καὶ
3605 2653 3677 2713 τὰ

424 2765 480 2810 et
513 2762 727 2810 cetera.
757 2753 893 2808 Cum
934 2761 1189 2824 precatus
1219 2751 1456 2824 Spiritus
1504 2762 1725 2809 sanctus
1762 2758 1908 2807 esset
1937 2759 1998 2814 ut

2104 2751 2244 2822 ἑξῆς.
2287 2749 2599 2821 Εὑξαμένου
2633 2749 2727 2802 τοῦ
2759 2748 2914 2817 ἁγίου
2948 2747 3262 2817 Πνεύματος
3291 2745 3438 2807 ὅπως
3471 2743 3678 2815 ῥυσθῶ-

423 2845 787 2906 liberarentur
817 2843 1002 2898 dilecti
1050 2842 1176 2909 Dei,
1222 2843 1361 2898 nihil
1410 2851 1700 2899 cunctatus
1740 2841 1884 2897 Deus
1912 2858 1998 2897 re-

2104 2861 2183 2896 σιν
2240 2845 2290 2895 οἱ
2329 2841 2601 2913 ἀγαπητοὶ
2652 2839 2746 2894 τοῦ
2805 2839 2960 2905 Θεοῦ,
3011 2839 3177 2910 μηδὲν
3234 2837 3606 2910 ὑπερθέμενος
3646 2838 3676 2889 6

424 2933 654 3006 spondet
687 2934 771 2989 his
800 2934 1016 2988 verbis:
1040 2951 1059 2985 ι
1100 2932 1394 2987 Exaltabor
1440 2940 1496 2988 et
1546 2932 1785 2987 dividam
1821 2930 1998 2986 Sichi-

2104 2935 2230 2999 Θεὸς
2257 2934 2612 3004 ἀποκρίνεται
2637 2933 2810 3002 λέγων
2829 2949 2844 2964 ο
2884 2950 2903 2982 ι
2948 2931 3338 3002 ’Υψωθήσομαι
3366 2929 3460 2982 καὶ
3481 2928 3677 2998 διαμε-

425 3039 534 3090 tua.
557 3043 575 3076 ι
609 3022 734 3092 Haec
750 3039 846 3094 per
875 3022 1111 3078 Verbum
1134 3038 1317 3089 suum,
1351 3023 1504 3093 quasi
1529 3038 1624 3092 per
1646 3023 1998 3091 interpretem

2105 3025 2204 3098 ριῶ
2256 3027 2476 3097 Σίκιμα.
2516 3044 2535 3078 ι
2584 3025 2770 3078 Ταῦτα
2815 3024 2873 3078 δὲ
2918 3022 3010 3076 τοῦ
3056 3022 3192 3076 Θεοῦ
3237 3022 3325 3075 διὰ
3372 3019 3465 3074 τοῦ
3501 3021 3677 3088 Λόγου

429 3117 671 3180 locutum
702 3114 870 3170 Deum
914 3114 1143 3169 audiens
1175 3113 1414 3185 Spiritus
1461 3122 1706 3178 sanctus,
1735 3114 1852 3172 hac
1881 3111 1998 3182 ipsa

2104 3109 2267 3164 αὑτοῦ
2311 3112 2388 3174 ὡς
2431 3111 2498 3164 δι’
2539 3112 2821 3184 ἑρμηνέως
2868 3109 3220 3182 λαλήσαντος,
3266 3111 3328 3162 τὸ
3365 3108 3593 3180 Πνεῦμα
3616 3108 3678 3162 τὸ

426 3222 530 3263 nos
549 3206 741 3262 edocet
767 3225 781 3261 :
813 3221 982 3276 quare
1005 3207 1099 3269 ait,
1133 3224 1151 3258 ι
1192 3206 1334 3260 Deus
1365 3206 1580 3261 locutus
1604 3214 1688 3261 est
1711 3206 1768 3262 in
1806 3212 2003 3260 sancto

425 3313 546 3353 suo.
591 3315 611 3353 ι
652 3295 914 3358 Sanctum
942 3311 1104 3366 porro
1128 3295 1244 3362 Dei,
1268 3297 1362 3367 qui
1391 3295 1620 3352 formam
1649 3296 1792 3353 servi
1841 3310 1998 3352 acce-

425 3389 525 3460 pit,
572 3403 684 3454 non
724 3387 1050 3459 ignorabant
1085 3389 1212 3442 olim
1276 3387 1589 3443 daemones:
1643 3387 1997 3458 quamobrem

425 3481 754 3546 clamabant,
784 3497 806 3530 ο
848 3477 1066 3541 Scimus
1092 3485 1145 3543 te
1179 3479 1302 3550 quis
1331 3479 1428 3545 sis,
1463 3478 1698 3545 Sanctus
1731 3478 1825 3534 Dei
1866 3479 1930 3532 ".
1973 3497 1992 3529 ι

423 3569 541 3629 lmo
575 3585 705 3626 vero
731 3571 785 3626 in
817 3585 1062 3626 Lxxxvm
1093 3570 1302 3641 psalmo
1351 3570 1554 3644 dictum
1583 3579 1708 3626 est:
1747 3587 1767 3621 ι
1816 3568 1995 3624 Semel

423 3660 603 3731 iuravi
627 3661 684 3720 in
708 3669 900 3728 sancto.
927 3677 1071 3726 meo,
1103 3660 1152 3716 si
1183 3658 1354 3716 David
1380 3661 1614 3715 mentiar
1646 3663 1711 3718 ιε.
1751 3681 1770 3715 ι
1796 3661 1998 3728 Quem-

428 3752 721 3807 admodum
749 3754 895 3808 enim
931 3761 1085 3826 pater
1115 3754 1170 3808 in
1203 3753 1312 3808 ﬁlio
1341 3753 1562 3819 dilecto,
1596 3754 1678 3810 sic
1709 3755 1995 3811 universo-

337 3841 340 3845 ’
426 3858 548 3909 rum
586 3843 726 3901 Deus
775 3845 829 3899 in
877 3844 1015 3910 Filio
1047 3847 1218 3915 jurat.
1257 3846 1356 3901 Hic
1391 3847 1556 3917 igitur
1581 3849 1739 3904 etiam
1785 3867 1804 3900 ι
1855 3847 1998 3904 Deus

427 3933 646 3995 locutus
675 3943 760 3990 est
798 3935 851 3989 in
871 3944 1058 3993 sancto
1090 3952 1228 4004 suo;
1269 3957 1288 3989 ι
1324 3938 1460 4003 sive,
1491 3940 1791 3994 secundum
1824 3940 1996 4010 Aqui-

427 4025 568 4090 lam,
628 4045 648 4078 ι
706 4026 849 4083 Dcus
907 4029 1121 4085 locutus
1164 4039 1251 4086 est
1304 4031 1358 4085 in
1412 4032 1753 4088 sanctiﬁcato
1799 4023 1917 4088 suo.
1975 4052 1994 4085 ι

427 4118 785 4189 Quandonam
811 4121 863 4175 id
894 4121 1173 4192 impletum
1195 4129 1298 4190 est,
1325 4123 1431 4178 nisi
1461 4139 1584 4178 cum
1617 4124 1672 4177 in
1698 4124 2000 4180 novissimo

426 4210 638 4268 dierum
685 4211 899 4272 locutus
929 4218 1013 4270 est
1053 4211 1210 4267 nobis
1255 4213 1310 4266 in
1342 4211 1510 4268 Filio?
1539 4212 1681 4278 Quid
1707 4223 1889 4268 autem
1919 4214 2001 4267 lo-

427 4309 590 4360 cutus
617 4313 700 4358 est
730 4302 832 4363 nisi
867 4302 979 4357 haec
1025 4317 1148 4372 quae
1197 4313 1522 4373 sequuntur,
1557 4323 1576 4354 ‹
1621 4303 1917 4359 Exsultabo
1945 4313 2000 4360 et

427 4393 662 4457 dividam
718 4391 1037 4456 Sichima?»
1117 4392 1178 4448 In
1233 4407 1338 4451 cvu
1401 4394 1581 4462 itaque
1615 4395 1818 4449 dictum
1877 4403 1997 4459 est,

2100 3201 2254 3269 ἅγιον
2299 3203 2630 3267 ἐπακοῦσαν,
2669 3203 2907 3257 διδάσκει
2953 3202 3048 3256 καὶ
3083 3204 3229 3273 ἡμᾶς
3273 3201 3468 3254 εἰδέναι
3514 3199 3676 3254 αύτάη

2099 3293 2180 3346 διό
2219 3311 2382 3365 φησιν
2424 3311 2437 3324 ·
2480 3312 2498 3345 ι
2538 3295 2596 3349 'O
2622 3295 2755 3359 Θεὸς
2781 3295 3038 3366 ἐλάλησεν
3069 3295 3125 3347 ἐν
3152 3293 3229 3363 τῷ
3255 3292 3395 3364 ἁγίῳ
3427 3291 3612 3346 αὑτοῦ.
3650 3309 3674 3344 ι

2099 3384 2202 3447 Τὸν
2242 3384 2299 3438 δὲ
2341 3385 2494 3453 ἆγιον
2526 3385 2620 3440 τοῦ
2661 3385 2796 3439 Θεοῦ
2837 3385 3048 3457 μορφὴν
3080 3384 3266 3437 δούλου
3305 3384 3536 3437 λαϐόντα
3573 3382 3678 3435 οὐκ

2099 3474 2372 3543 ἡγνόησᾴν
2423 3491 2552 3528 ποτε
2609 3477 2658 3528 οἱ
2716 3475 2993 3545 δαίμονες·
3039 3474 3119 3528 διὸ
3169 3475 3338 3528 ἐϐόων
3395 3473 3670 3541 λέγοντες⁶

2105 3584 2124 3617 ι
2167 3565 2401 3635 Οἴδαμέν
2436 3583 2496 3619 σε
2530 3566 2615 3630 τίς
2660 3561 2729 3629 εἴ,
2764 3569 2792 3620 6
2815 3567 2968 3636 ἅγιος
3000 3566 3093 3620 τοῦ
3122 3566 3277 3619 Θεοῦ.
3317 3584 3336 3617 ι
3381 3563 3537 3617 Ἀλλά
3579 3563 3676 3616 καὶ

2099 3657 2164 3709 ἐν
2197 3656 2504 3734 meum)
2538 3657 2818 3710 λέλεκταιο
2850 3677 2868 3708 ι
2904 3656 3083 3723 ’Ἀπαξ
3121 3655 3309 3727 ὤμοσα
3338 3657 3393 3708 ἐν
3425 3654 3500 3724 τῷ
3534 3653 3674 3724 ἁγίῳ

2103 3764 2228 3816 μου,
2268 3750 2315 3801 εἰ
2354 3748 2431 3819 τῷ
2473 3749 2634 3803 Δαυῒδ
2673 3749 2963 3820 ψεύσομαι.
3026 3768 3045 3800 ι
3093 3749 3182 3813 Ὠς
3208 3749 3314 3822 γὰρ
3359 3750 3543 3820 πατὴρ
3589 3748 3675 3816 ἐφ’

2101 3839 2202 3910 υἱῴ
2233 3840 2521 3912 ἀγαπητῷ,
2563 3839 2736 3904 οὓτως
2766 3843 2794 3894 6
2836 3841 2944 3894 τῶν
2991 3841 3126 3894 ὅλων
3154 3841 3285 3904 Θεὸς
3314 3840 3406 3893 ἐπὶ
3432 3839 3527 3910 {mp
3561 3839 3680 3910 Υίῷ

2099 3930 2330 4001 ὢμνυσι.
2361 3934 2470 3990 Καὶ
2494 3932 2728 3986 ἐνταῦθα
2753 3933 2931 3986 τοίνυν
2959 3951 2977 3983 ι
3009 3933 3038 3984 6
3068 3931 3198 3996 Θεὸς
3231 3932 3491 4003 ἐλάλησεν
3517 3933 3576 3984 ἐν
3602 3930 3681 4001 τῷ

2102 4021 2240 4091 ἁγίῳ
2268 4021 2470 4074 αὐτοῦ’
2507 4041 2526 4074 ι
2561 4022 2616 4093 ἢ,
2653 4021 2794 4078 κατὰ
2825 4023 2916 4076 τὸν
2960 4023 3208 4085 Ἀκύλαν,
3241 4041 3260 4074 ι
3302 4023 3358 4075 '0
3386 4021 3518 4085 Θεὸς
3556 4020 3679 4076 ἐλά-

2101 4111 2262 4184 λησεν
2287 4115 2345 4166 ἐν
2375 4114 2693 4185 ἡγιασμένῳ
2719 4113 2902 4166 αὐτοῦ.
2927 4133 2945 4166 θ
2974 4114 3106 4166 Πότε
3127 4114 3184 4166 δὲ
3216 4111 3310 4165 καὶ
3341 4110 3487 4165 τοῦτ’
3508 4110 3678 4182 ἐπλη-

2107 4205 2283 4276 ροῦτο,
2316 4206 2349 4277 ἢ
2379 4206 2466 4259 ὅτε
2499 4206 2584 4259 ἐπ’
2616 4207 2843 4276 ἐσχάτου
2875 4206 2982 4258 τῶν
3012 4204 3232 4277 ἡμερῶν
3263 4204 3523 4275 ἐλάλησεν
3546 4205 3679 4274 ἡμῖν

2102 4301 2158 4350 ἐν
2199 4297 2346 4368 Υἱῷ;
2384 4298 2448 4350 Τί
2481 4297 2538 4356 δὲ
2575 4297 2832 4368 ἐλάλησεν
2877 4296 2909 4368 ἢ
2948 4297 3016 4350 τὰ
3058 4296 3425 4368 ἐπιφερόμενα
3466 4295 3673 4364 λέγων’

2107 4411 2124 4442 ι
2179 4392 2597 4462 Ἀγαλλιάσομαι
2637 4393 2730 4456 καὶ
2776 4392 3039 4464 διαμεριῶ
3089 4393 3320 4463 Σίκιμα;
3358 4411 3378 4443 ›
3430 4392 3518 4444 Ἐν
3579 4393 3677 4463 μὲν

431 4503 452 4536 ε
494 4484 805 4551 Exaltabor,
835 4493 890 4539 et
930 4484 1168 4539 dividam
1201 4483 1442 4540 Sichima
1480 4488 1555 4553 '7;
1599 4504 1616 4536 ι
1652 4485 1813 4557 idque
1846 4503 1910 4542 ex
1947 4503 1998 4544 re

2108 4480 2200 4537 οὖν
2244 4484 2323 4555 τῷ
2369 4484 2448 4556 ρξ’
2477 4484 2723 4556 εἴρηται·
2769 4504 2786 4533 ι
2841 4485 3248 4555 ’Υψωθήσομαι,
3284 4483 3378 4536 καὶ
3413 4483 3678 4555 διαμεριῶ

426 4576 740 4641 admodum,
768 4576 896 4646 quia
920 4576 972 4630 in
1000 4575 1188 4631 eodem
1213 4577 1419 4631 dictum
1453 4587 1609 4633 antea
1635 4577 1756 4641 fuit,
1790 4597 1808 4630 ι
1838 4577 2000 4633 Exal-

428 4675 546 4723 tare
601 4683 766 4739 super
797 4669 989 4734 caelos,
1027 4666 1169 4735 Deus
1193 4709 1208 4733 ,
1232 4677 1286 4728 et
1320 4685 1484 4738 super
1531 4684 1746 4725 omnem
1797 4678 1997 4725 terram

425 4760 599 4830 gloria
625 4770 714 4815 tua
745 4761 807 4815 ι⁸.
840 4779 858 4812 ι
898 4760 980 4823 Ad
1011 4761 1141 4815 illud
1175 4761 1342 4824 enim,
1376 4781 1392 4812 ι
1433 4762 1692 4824 exaltare,
1726 4780 1744 4812 ι
1775 4762 1878 4817 hoc
1915 4778 1999 4817 re-

428 4849 670 4918 ponitur,
705 4867 724 4902 ι
759 4850 1072 4920 exaltabor;
1115 4869 1133 4902 ι
1162 4849 1252 4905 hic
1280 4865 1409 4908 vero
1437 4851 1502 4904 ad
1529 4851 1682 4913 illud,
1716 4871 1736 4904 ‹
1773 4851 1991 4906 Salvum

427 4936 517 4992 fac
541 4937 764 4993 dextera
789 4950 878 4993 tua
898 4978 914 5004 ,
957 4958 975 4991 ι
1012 4947 1064 4995 et
1090 4939 1156 4996 ad
1189 4939 1346 5008 illud,
1379 4959 1398 4991 ‹
1429 4939 1499 5004 Ut
1529 4942 1828 4997 liberentur
1859 4943 1994 4997 dile—

424 5032 502 5089 cti
533 5032 633 5099 tui,
673 5053 691 5085 ι
722 5033 790 5088 de
817 5034 1142 5097 dilectarum
1171 5051 1396 5092 suorum
1434 5037 1609 5101 salute
1646 5036 1890 5106 gaudens
1917 5037 1997 5090 sic

425 5125 736 5195 respondet,
769 5145 788 5178 ε
824 5125 1149 5194 Exsultabo;
1187 5147 1205 5180 ι
1243 5129 1378 5196 sive,
1407 5127 1705 5188 secundum
1723 5127 1995 5198 Aquilam,

431 5235 450 5270 ι
487 5214 808 5285 Gloriabor;
848 5239 867 5271 ι
898 5219 1033 5285 sive,
1065 5221 1364 5279 secundum
1395 5218 1800 5290 Symmachum,
1823 5237 1842 5276 ι
1878 5215 2000 5271 Glo.

423 5311 606 5366 riabar
636 5317 690 5365 et
723 5310 1047 5366 distribuam
1091 5310 1352 5380 Sichima.
1389 5329 1408 5361 ι
1444 5309 1569 5365 Haec
1601 5317 1781 5370 autem
1814 5308 1993 5379 portio

423 5401 554 5454 olim
573 5400 810 5473 Josepbo
831 5418 896 5457 ex
926 5405 1282 5474 praerogativa
1307 5402 1541 5472 quadam
1564 5400 1820 5472 deputata
1850 5399 1949 5454 fuit
1976 5419 1989 5454 :

425 5490 498 5546 ob
523 5507 684 5561 quam
716 5495 844 5550 olim
879 5495 1046 5549 altum
1101 5495 1387 5564 sapiebaut
1438 5491 1611 5556 Iudaei
1633 5530 1649 5556 ,
1678 5506 1824 5548 nunc
1868 5506 1997 5547 vero

424 5595 560 5651 gens
595 5581 1086 5639 Samaritanorum.
1139 5584 1214 5638 Ea
1259 5592 1439 5648 autem
1474 5584 1592 5655 ipsa
1634 5589 1720 5642 est
1760 5579 1998 5644 Sichima

2109 4577 2329 4646 Σίκιμα,
2361 4595 2379 4626 ι
2404 4577 2608 4648 σφόδρα
2651 4575 3030 4647 καταλλήλως·
3078 4575 3262 4647 ἐπειδὴ
3295 4576 3351 4629 ὲν
3386 4576 3578 4644 ἐκείνῳ
3617 4575 3676 4626 ὲν

2103 4670 2214 4730 τοῖς
2249 4666 2554 4737 ἔμπροσθεν
2595 4667 2826 4736 ἐλέγετο·
2865 4685 2883 4717 ε
2933 4666 3206 4737 ’Υψώθητι
3235 4667 3327 4719 ἐπὶ
3355 4666 3481 4730 τοὺς
3509 4668 3678 4736 ούρα-

2104 4759 2249 4822 νοῦς,
2278 4761 2307 4812 6
2347 4759 2507 4823 Θεὸς,
2543 4761 2637 4815 καὶ
2679 4761 2770 4820 ἐπὶ
2799 4762 2978 4814 πᾶσαν
3009 4759 3106 4830 τὴν
3135 4760 3239 4830 γῆν
3273 4762 3306 4830 ή
3341 4759 3469 4824 δόξα
3498 4776 3613 4814 σου.
3651 4776 3672 4812 ι

2106 4848 2250 4919 Πρὸς
2278 4849 2383 4920 γὰρ
2409 4850 2489 4913 τὸ,
2524 4868 2542 4900 ι
2585 4849 2848 4920 ὑψώθητι,
2883 4869 2900 4902 ι
2931 4851 3283 4921 ἐπενήνεκται
3305 4849 3385 4912 τὸ,
3418 4868 3435 4899 ι
3469 4847 3681 4921 ὑψωθή-

2100 4955 2264 5009 σομαι
2282 4957 2294 4970 ·
2332 4958 2350 4990 ι
2391 4940 2622 4994 ἐνταῦθα
2641 4939 2698 4993 δὲ
2721 4941 2856 5011 πρὸς
2877 4941 2956 5004 τὸ,
2997 4959 3014 4990 ι
3047 4940 3218 4994 σῶσον
3245 4943 3311 5011 τῇ
3338 4939 3488 5011 δεξιᾷ
3513 4957 3627 5008 σου,
3651 4957 3672 4992 ι

2102 5034 2198 5087 καὶ
2232 5032 2366 5104 πρὸς
2388 5033 2469 5097 τὸ,
2495 5051 2512 5082 ι
2535 5034 2684 5096 ὅπως
2718 5032 2784 5086 ἂν
2808 5032 3080 5103 ρυσθῶσιν
3129 5034 3178 5086 οἱ
3205 5033 3478 5104 ἀγαπητοί
3510 5049 3626 5098 σου,
3650 5051 3671 5085 ›

2101 5122 2306 5194 χαίρων
2341 5124 2434 5176 ἐπὶ
2475 5127 2542 5194 τῇ
2593 5124 2703 5176 τῶν
2749 5123 3043 5193 ἀγαπητῶν
3081 5122 3246 5178 αὐτοῦ
3281 5123 3545 5193 σωτηρίᾳ,
3579 5121 3678 5192 τὴν

2104 5214 2392 5285 ἀπόκρισιν
2426 5217 2656 5268 ποιεῖται
2680 5213 2874 5281 λέγων,
2900 5231 2921 5266 ί
2957 5213 3399 5284 Ἀγαλλιὰσομαι·
3424 5234 3441 5263 ι
3459 5213 3514 5284 ἢ,
3535 5211 3676 5265 κατά

2101 5306 2191 5358 τὸν
2206 5304 2452 5369 Ἀκύλαν,
2483 5325 2502 5356 α
2535 5305 2903 5376 Γαυριάσομαι
2922 5321 2934 5335 ·
2966 5324 2984 5356 ›
3008 5305 3063 5376 ἦ,
3087 5305 3226 5361 κατὰ
3254 5305 3344 5359 τὸν
3361 5304 3676 5374 Σύμμαχον,

2108 5413 2128 5448 ι
2167 5397 2454 5469 Γαυριάσω
2497 5398 2591 5451 καὶ
2619 5397 2928 5468 διανεμήσω
2957 5397 3175 5467 Σίκιμα*
3215 5417 3233 5448 ι
3275 5395 3423 5467 Αὕτη
3455 5395 3513 5449 δὲ
3549 5390 3615 5465 ἦν
3642 5393 3678 5465 ή

2107 5491 2273 5545 πάλαι
2298 5488 2653 5562 ἀφωρισμένη
2684 5488 2760 5559 τῷ
2805 5488 3000 5558 Ἰωσὴφ
3035 5488 3190 5560 μερὶς
3225 5489 3344 5541 κατ’
3377 5488 3675 5559 ἐξαίρετον,

2107 5582 2191 5651 ἐςρ⁹
2315 5583 2408 5636 καὶ
2448 5582 2588 5652 μέγα
2637 5581 2894 5653 ἐφρόνουν
2951 5581 3213 5653 πρότερον
3257 5581 3356 5651 μὲν
3405 5579 3677 5634 Ἰουδαίων

501 5674 544 5704 ³⁵
584 5673 714 5728 an.
756 5691 829 5740 Iv,
865 5675 953 5729 54.
1032 5676 1076 5707 ¹⁶
1113 5674 1258 5729 Psal.
1295 5691 1567 5741 uxxvln,
1602 5674 1691 5746 3.6,
1773 5675 1813 5706 ’⁷
1852 5671 1997 5738 Psal,
2038 5689 2179 5739 cvu,
2216 5675 2269 5730 8.
2349 5675 2390 5706 "
2430 5673 2788 5738 Psal.cvu,6.

503 5763 578 5837 (l)
619 5763 777 5821 Forte
809 5765 961 5821 deest
993 5766 1108 5835 τῆς.
1147 5763 1304 5819 Enn.
