4090 6370
1575 320 2078 377 COMMENTARIA
2119 321 2190 376 IN
2230 319 2569 377 PSALMOS.

3593 317 3697 372 Eii-6

449 435 654 501 παῖδες,
709 435 803 490 νῦν
855 437 911 489 δὲ
961 437 1020 490 τὸ
1056 435 1408 509 Σαμαρειτῶν
1457 437 1638 506 φῦλον.
1681 441 1744 493 Ἡ
1797 441 1934 512 αὐτὴ
1972 443 2016 495 δὲ

2132 459 2252 510 qua:
2281 442 2520 504 Sichem.
2551 456 2713 515 quam
2735 439 2972 512 J‘osepho
3003 441 3149 494 dedit
3174 438 3364 502 Iacob.
3383 439 3472 492 ubi
3502 451 3701 511 puteus

447 528 560 580 ἐστι
590 528 788 600 Σίκιμα
811 532 875 600 τῇ
899 531 1098 600 Συχὲμ,
1125 532 1190 600 ἢν
1223 530 1417 586 ἔδωκεν
1449 533 1642 586 Ἰακὼϐ
1669 534 1746 605 τῷ
1785 535 1982 604 Ἰωσήφ
2004 551 2016 563 ·

446 617 574 672 ἔνθα
603 620 780 672 καὶτὸ
806 621 982 693 φρέαρ
1008 623 1101 674 καὶ
1131 623 1163 692 ἡ
1198 622 1344 694 πηγὴ
1377 623 1469 676 τοῦ
1514 624 1707 678 Ἰακὼϐ
1741 624 2018 694 τυγχάνει,

445 702 522 762 ὧν
555 709 824 780 μέμνηται
854 711 912 764 τὸ
938 711 1286 780 Εύαγγέλιον,
1312 715 1402 767 τὸν
1433 714 1661 786 Σωτῆρα
1683 716 1886 784 φάσκον
1907 717 2024 768 ἐπι-

442 799 826 872 δεδημηκέναι,
873 803 1098 868 πολλούς
1124 821 1184 856 τε
1217 804 1393 858 αὐτῶν
1433 809 1511 869 εἰς
1539 807 1700 858 αὑτὸν
1735 824 2024 860 πεπιστευ-

437 893 622 947 κέναι.
656 894 815 946 Ἀλλὰ
843 896 936 948 καὶ
966 896 1104 966 μετὰ
1129 897 1226 968 τὴν
1246 898 1510 968 ἀνάληψιν
1528 898 1692 951 αύτοῦ
1720 900 1770 951 οἱ
1793 900 2023 952 ἀπόστο-

431 981 549 1045 λοι,
583 985 641 1035 ἐν
681 987 747 1054 τῇ
796 985 1077 1057 Σαμαρείᾳ
1108 988 1407 1059 γενόμενοι,
1447 991 1646 1059 σημεῖα
1689 989 1783 1043 καὶ
1822 989 2024 1060 τέρατα

430 1073 663 1127 ἐποίουν
709 1076 766 1126 ἐν
816 1076 973 1146 αὐτῇ,
1025 1077 1100 1141 ὼς
1142 1079 1466 1151 ἱστορεῖσθαι
1517 1083 1574 1132 ἐν
1624 1084 1746 1144 ταῖς
1787 1079 2024 1150 Πράξεσι

430 1163 553 1216 τῶν
583 1165 894 1219 ἀποστόλων
922 1167 982 1219 τὸ
1015 1167 1238 1239 Πνεῦμα
1269 1169 1329 1222 τὸ
1353 1170 1505 1239 ἆγιον
1539 1171 1778 1224 δεδόσθαι
1801 1176 1911 1235 τοῖς
1935 1172 2024 1225 τὸν

433 1253 608 1309 τόπον
657 1255 886 1321 οίκοῦσι,
936 1259 1109 1330 χαράν
1136 1277 1195 1313 τε
1240 1261 1480 1333 μεγάλην
1514 1263 1791 1332 γεγονέναι
1817 1263 2022 1317 αύτόθι.

434 1345 759 1416 Γέγραπται
817 1350 967 1418 γοῦν,
1015 1352 1096 1404 ὃτι
1152 1351 1434 1417 Φίλιππος,
1493 1353 1768 1407 κατελθὼν
1814 1357 1892 1417 εἰς
1929 1354 2026 1424 τὴν

435 1435 597 1488 πόλιν
625 1436 724 1508 τῆς
752 1438 1082 1511 Σαμαρείας,
1107 1442 1410 1512 ἐκήρυσσεν
1439 1445 1619 1507 αὐτοῖς
1653 1444 1743 1497 τὸν
1772 1444 2024 1514 Χριστόν.

437 1527 740 1599 Προσεῖχω
767 1529 823 1582 δὲ
869 1532 918 1583 οἱ
969 1531 1114 1602 ὄχλοι
1159 1535 1273 1596 τοῖς
1321 1534 1628 1606 λεγομένοις
1666 1537 1770 1588 ὑπὸ
1802 1535 1895 1588 τοῦ
1933 1537 2026 1588 Φι-

435 1617 642 1672 λίππου
691 1621 1054 1693 ὁμοθυμαδὸν,
1090 1626 1147 1676 ἐν
1199 1625 1277 1697 τῷ
1309 1627 1528 1681 ἀκούειν
1571 1630 1766 1691 αὐτοὺς
1793 1630 1885 1682 καὶ
1905 1629 2026 1699 βλέ-

439 1729 566 1766 πειν
618 1713 688 1767 τὰ
733 1719 934 1786 σημεῖα
983 1717 1018 1771 ἃ
1064 1718 1268 1772 ἐποίει·
1301 1721 1518 1789 ἐγένετο
1554 1721 1611 1774 δὲ
1657 1723 1808 1793 φωνὴ
1853 1724 2027 1793 χαρᾶς

2123 542 2175 586 et
2211 532 2330 586 fons
2359 529 2529 586 Jacob
2562 537 2666 584 est.
2731 527 2975 594 Quorum
3011 530 3256 584 meminit
3311 527 3659 598 Evangelium
3683 564 3699 587 ,

2123 623 2312 677 dicens
2347 622 2684 676 Salvatorem
2715 637 2780 672 eo
2813 618 3098 674 advenisse
3118 662 3132 686 ,
3175 635 3470 690 eorumque
3501 619 3703 674 multos

2124 712 2177 765 in
2215 713 2388 782 ipsum
2421 711 2738 766 credidisse.
2777 709 2919 776 Quin
2951 710 3113 764 etiam
3169 720 3292 780 post
3337 712 3457 780 ejus
3485 724 3704 765 assum-

2127 802 2396 870 ptionem,
2464 802 2695 872 apostoli
2750 802 3050 854 Samariam
3111 810 3396 871 petentes,
3453 801 3607 871 signa
3647 809 3704 855 et

2126 893 2370 964 prodigia
2400 894 2766 964 operabantur
2813 896 2868 948 in
2921 895 3062 963 ipsa,
3119 893 3193 947 ita
3250 901 3310 948 ut
3361 895 3416 947 in
3472 892 3702 947 Actibus

2126 987 2496 1054 apostolorum
2525 997 2774 1040 narretur
2810 985 3082 1055 Spiritum
3117 995 3364 1040 sanctum
3397 985 3517 1052 ejus
3549 985 3704 1038 inco-

2127 1077 2192 1131 lis
2232 1077 2420 1131 datum
2475 1077 2643 1132 fuisse
2667 1118 2681 1142 ,
2728 1078 2921 1146 ibique
2958 1091 3210 1147 magnum
3264 1077 3540 1131 exstitisse
3568 1090 3704 1146 gau-

2125 1166 2294 1221 dium.
2335 1167 2607 1221 Scribitur
2634 1182 2856 1236 quoque
2886 1165 3203 1235 Philippum
3252 1164 3602 1219 descendisse
3645 1165 3702 1218 in

2127 1259 2314 1313 urbem
2345 1257 2645 1312 Samariam
2673 1298 2689 1322 ,
2749 1258 2992 1328 ipsisque
3038 1257 3366 1328 praedicasse
3396 1256 3696 1311 Christum.

2128 1349 2324 1404 Turba:
2348 1366 2510 1420 porro
2553 1350 2716 1404 dictis
2746 1349 2986 1421 Philippi.
3009 1349 3342 1404 unanimiter
3396 1349 3697 1412 hauebant,

2127 1457 2250 1497 cum
2279 1444 2529 1498 audirent
2562 1458 2624 1498 ac
2644 1442 2890 1498 viderent
2910 1443 3064 1512 signa
3093 1458 3214 1512 quae
3240 1443 3468 1496 faciebat
3502 1460 3514 1494 :
3542 1457 3702 1496 exor-

2127 1541 2291 1604 taque
2324 1549 2518 1604 magna
2550 1548 2651 1588 vox
2687 1533 2882 1587 Iustitiae
2909 1540 2991 1587 est
3035 1533 3089 1585 in
3140 1533 3360 1586 civitate
3391 1532 3502 1586 illa.
3547 1530 3702 1585 Dein~

2128 1626 2302 1696 deque
2333 1627 2578 1681 dicitur:
2620 1644 2637 1677 ι
2693 1625 2826 1680 Cum
2887 1633 3066 1679 autem
3120 1625 3403 1679 audissent
3446 1626 3696 1693 apostoli.

2129 1719 2222 1787 qui
2263 1725 2418 1772 erant
2449 1717 2840 1787 Hierosolymis
2869 1756 2884 1780 ,
2916 1715 3062 1786 quod
3107 1715 3403 1784 recepisset
3451 1714 3699 1768 Samaria

440 1803 654 1875 μεγάλη
707 1806 765 1860 ἐν
829 1809 894 1878 τῇ
944 1809 1094 1862 πόλει
1157 1787 1361 1884 ἐκείνῃ.
1430 1813 1540 1867 Καὶ
1598 1787 1723 1884 ἐξῆς
1776 1787 2016 1885 εἴργηται·

2133 1809 2355 1863 verbum
2386 1809 2504 1871 Dei,
2533 1809 2802 1864 miserunt
2842 1807 2908 1862 ad
2945 1822 3040 1862 eos
3085 1805 3302 1862 Petrum
3331 1815 3385 1861 et
3414 1804 3694 1860 Joannem.

445 1912 465 1943 ι
491 1893 848 1959 Ἀκούσαντες
875 1897 932 1952 δὲ
985 1902 1033 1952 οἱ
1071 1903 1128 1954 ἐν
1201 1902 1588 1974 Ἰεροσολύμοις
1624 1905 2028 1966 ἁπόστολοι,ὃτι

436 1984 737 2058 δέδεκταιή
768 1989 1048 2062 Σαμάρεια
1076 1992 1169 2046 τὸν
1200 1995 1358 2062 λόγον
1395 1995 1487 2048 τοῦ
1512 1996 1668 2058 Θεοῦ,
1707 1997 2030 2053 ἀπέστειλαν

441 2073 581 2144 πρὸς
637 2076 835 2140 αύτούς
889 2079 1094 2146 Πέτρον
1156 2084 1250 2136 καὶ
1289 2085 1569 2155 Ἰωάννην·
1617 2087 1812 2150 οἵτινες
1857 2105 2027 2142 κατα-

439 2164 636 2230 ϐάντες
665 2169 1039 2240 προσηύξαντο
1073 2174 1201 2245 περὶ
1226 2175 1405 2229 αὐτῶν
1445 2177 1592 2241 ὅπως
1623 2177 1827 2232 λάϐωσι
1861 2179 2030 2232 Πνεῦ-

443 2273 520 2326 μα
563 2259 749 2328 ἅγιον·
794 2279 813 2313 ι
868 2264 962 2316 καὶ
1007 2265 1278 2334 ἐπιλέγει·
1308 2283 1346 2319 ἰ
1379 2270 1511 2322 Τότε
1563 2270 1880 2324 ἐπετίθεσαν
1931 2272 2030 2337 τάς

449 2351 642 2422 χεῖρας
671 2352 759 2404 ἐπ’
789 2353 1004 2418 αὐτοὺς,
1050 2356 1142 2410 καὶ
1189 2357 1492 2429 ἐλάμόανον
1541 2360 1764 2432 Πνεῦμα
1798 2363 1967 2430 ἅγιον.
2003 2384 2023 2416 ι

454 2438 621 2493 Ταῦτ’
653 2436 748 2494 οῦν
778 2443 992 2512 ἐγένετο
1019 2448 1076 2498 ἐν
1109 2450 1176 2518 τῇ
1200 2449 1501 2520 Σαμαρείᾳ,
1527 2450 1904 2522 πληρουμένης
1928 2452 2028 2522 τῆς

441 2533 580 2603 μετὰ
615 2538 802 2607 χεῖρας
834 2538 1185 2606 ἐπαγγελίας,
1210 2540 1555 2610 φασκούσης·
1587 2561 1606 2592 ι
1640 2542 2026 2613 ’Υψωθήσομαι

437 2625 532 2678 καὶ
557 2625 823 2697 διαμεριῶ
873 2628 1094 2699 Σίκιμα.
1144 2630 1269 2694 Τοῖς
1304 2631 1413 2702 γὰρ
1461 2633 1552 2685 ἐπὶ
1587 2633 1685 2702 τῆς
1717 2633 2027 2705 Σαμαρείας

435 2715 712 2789 διεμέρισε
752 2719 813 2770 τὺ
852 2719 1076 2789 Πνεῦμα
1117 2719 1179 2772 τὸ
1217 2720 1376 2788 ἆγιον
1420 2721 1556 2791 μετὰ
1601 2723 1699 2794 τὴν
1761 2723 2026 2794 ἀνάληψιν

437 2807 624 2874 αὑτοῦ,
651 2809 744 2861 καὶ
784 2809 921 2878 μετὰ
936 2809 1009 2861 ,τὸ
1037 2809 1315 2881 ὑψωθῆναι
1359 2811 1539 2876 αὑτὸν,
1553 2812 1641 2865 ὅτε
1666 2831 1684 2863 ι
1715 2813 1920 2876 ἀναϐὰς
1947 2816 2026 2878 είς

436 2895 570 2965 ὖψος
611 2896 1028 2967 ᾐχμαλώτευσεν
1059 2899 1458 2968 αἰχμαλωσίαν,
1495 2902 1587 2954 καὶ
1618 2901 1785 2956 ἔδωκε
1816 2903 2024 2975 δόματα

439 2989 496 3042 ἐν
523 2987 847 3058 ἀνθρώποις.
891 3008 908 3040 ι
949 2991 1060 3043 Καὶ
1099 2989 1274 3044 ταῦτα
1305 2993 1514 3060 ἐγίνετο
1537 2993 1678 3064 μετὰ
1699 2995 1760 3048 τὸ
1788 2996 2024 3068 διωχθῆ-

437 3097 525 3132 ναι
590 3081 716 3145 τοὺς
761 3081 1009 3152 μαθητάς
1044 3083 1137 3137 τοῦ
1181 3085 1431 3158 Σωτῆρος
1467 3087 1574 3140 ἀπὸ
1615 3088 2018 3160 Ἰεροσολύμων.

437 3168 600 3238 Λέγει
637 3170 767 3238 γοῦν
809 3173 842 3242 ἡ
885 3172 1074 3244 Γραφή
1097 3191 1118 3212 ·-
1149 3193 1167 3225 ι
1220 3176 1464 3244 Ἐγένετο
1491 3177 1547 3230 δὲ
1574 3176 1809 3249 διωγμὸς
1841 3180 2014 3250 μέγας

435 3261 529 3313 ἐπὶ
572 3261 672 3332 τὴν
721 3263 1044 3333 Ἐκκλησίαν
1083 3265 1182 3336 τὴν
1227 3269 1285 3319 ἐν
1345 3268 1762 3340 Ἰεροσολύμοις·
1815 3273 2014 3336 πάντες

433 3351 492 3405 δὲ
522 3351 925 3426 διεσπάρησαν·
968 3377 986 3408 ι
1019 3358 1111 3410 καὶ
1141 3359 1300 3412 πάλιν
1324 3377 1338 3389 ·
1384 3377 1401 3410 ι
1442 3362 1504 3417 Οἱ
1534 3363 1630 3432 μὲν
1657 3356 1750 3417 οῦν
1783 3365 2016 3419 διασπα-

437 3441 624 3514 ρέντες
662 3444 878 3514 διῆλθον
917 3447 1391 3520 εὐαγγελιζόμενοι
1451 3453 1542 3504 τὸν
1578 3451 1756 3521 λόγον.
1809 3473 1828 3506 ι
1895 3452 2011 3509 Εἶθ’

435 3534 563 3604 ἑξῆς
621 3534 838 3607 εἴρηται
879 3538 1026 3603 ὅπως
1065 3541 1176 3603 τοῖς
1209 3542 1268 3593 ἐν
1300 3543 1364 3612 τῇ
1416 3543 1700 3615 Σαμαρείᾳ
1726 3546 2011 3617 εὐηγγελί-

435 3624 610 3693 ζοντο,
645 3629 739 3680 καὶ
768 3629 844 3692 ὡς
869 3630 962 3682 τοῦ
997 3631 1312 3702 Πνεύματος
1344 3633 1438 3686 τοῦ
1481 3634 1632 3702 ἁγίου
1671 3639 2012 3708 μετεδίδοσαν

437 3718 620 3781 αὐτοῖς
651 3720 699 3771 οἱ
731 3721 1038 3776 ἀπόστολοι.
1093 3723 1371 3778 Δέδεικται
1415 3726 1594 3780 τοίνυν
1621 3719 1771 3792 ὅπως
1797 3731 2009 3806 εἴρηται

435 3807 515 3874 τὺ,
550 3829 569 3860 ι
593 3811 978 3884 ’Υψωθήσομαι
1008 3814 1102 3866 καὶ
1121 3813 1386 3886 διαμεριῶ
1405 3817 1631 3887 Σίκιμα·
1666 3840 1686 3872 ι
1731 3823 1868 3892 μετὰ
1903 3823 2011 3896 γὰρ

433 3899 496 3952 τὸ
544 3901 824 3973 ὑψωθῆναι
862 3905 953 3958 τὸν
991 3906 1218 3976 Σωτῆρα
1267 3907 1443 3960 πάντα
1473 3909 1645 3962 ταῦτα
1684 3913 2006 3986 ἐπληροῦτο.

439 3991 629 4058 Ἄλλος
674 3994 720 4047 δ’
753 3993 820 4048 ἂν
847 3997 1012 4061 εἴποι,
1053 3996 1142 4050 διὰ
1170 3997 1229 4049 τὸ
1264 3997 1430 4051 πάλαι
1460 3999 1556 4069 μὲν
1588 4002 1697 4055 τῶν
1743 4004 2012 4060 Ἰουδαίων

435 4079 570 4138 εἶναι
595 4085 894 4166 τὸν-τόπον,
926 4087 1044 4141 νυνὶ
1073 4087 1131 4140 δὲ
1160 4088 1296 4160 μετὰ
1334 4088 1429 4160 τὴν
1453 4090 1548 4142 τοῦ
1577 4092 1826 4164 Σωτῆρος
1855 4097 2011 4166 ἡμῶν

433 4177 699 4249 ἀνάληψιν
719 4177 943 4250 Ἕλλησι
975 4181 1070 4234 καὶ
1087 4181 1452 4253 Σαμαρείταις
1468 4183 1794 4248 ἐκδεδόσθαι,
1821 4188 2010 4243 τούτου

437 4265 597 4337 χάριν
630 4265 883 4338 εἰρῆσθαι
911 4265 992 4331 τὸ,
1041 4287 1059 4318 ι
1105 4267 1488 4341 ’Υψωθήσομαι
1519 4272 1611 4324 καὶ
1637 4271 1902 4345 διαμεριῶ
1927 4275 2014 4327 Σί-

432 4372 600 4424 κιμα·
632 4375 652 4408 ι
679 4355 814 4409 ἀλλὰ
851 4358 946 4410 καὶ
976 4377 994 4407 ι
1041 4355 1140 4427 τὴν
1178 4358 1400 4414 κοιλάδα
1431 4360 1538 4414 τῶν
1579 4363 1796 4433 σκηνῶν
1821 4365 2011 4435 διαμε-

2129 1901 2376 1966 Quicum
2409 1899 2708 1964 venissent,
2739 1905 3030 1952 oraverunt
3079 1912 3176 1966 pro
3210 1896 3342 1966 ipsis
3383 1904 3440 1950 ut
3493 1896 3702 1964 accipe.

2130 1999 2249 2045 rent
2277 1987 2540 2058 Spiritum
2565 1999 2847 2053 sanctum;
2880 2006 2899 2038 ι
2938 2001 3002 2040 ac
3046 1986 3395 2056 subjungitur
3437 2004 3452 2038 :
3481 2002 3500 2035 ι
3543 1983 3699 2038 Tune

2129 2085 2480 2155 imponebant
2510 2099 2706 2138 manus
2746 2097 2911 2152 super
2939 2082 3081 2145 illos,
3117 2089 3170 2138 et
3202 2081 3540 2149 accipiebant
3576 2077 3700 2148 Spi-

2127 2177 2292 2230 ritum
2321 2182 2572 2230 sanctum
2607 2175 2670 2228 ‘9.
2710 2194 2729 2227 ι
2755 2173 2878 2229 Haec
2906 2175 3071 2245 igitur
3094 2171 3352 2226 Samaria:
3372 2169 3513 2223 facta
3547 2178 3695 2232 sunt,

2128 2269 2202 2322 ita
2235 2275 2292 2321 ut
2325 2267 2438 2322 [nec
2467 2267 2758 2337 promissio
2783 2267 3127 2336 impleretur:
3153 2283 3172 2316 ι
3213 2263 3506 2317 Exaltabor
3537 2268 3592 2315 et
3615 2262 3698 2315 di-

2129 2361 2307 2415 vidam
2350 2359 2611 2415 Sichima.
2651 2379 2670 2411 ι
2720 2358 2852 2413 Nam
2880 2357 3240 2413 Samaritanis
3275 2355 3538 2426 Spiritum
3579 2369 3700 2408 san-

2125 2460 2273 2506 ctum
2311 2451 2590 2506 distribuit
2627 2459 2750 2520 post
2795 2453 3219 2520 assumptione":
3275 2463 3429 2503 suam
3465 2455 3518 2502 et
3555 2455 3700 2516 post-

2126 2558 2288 2612 quam
2317 2543 2589 2597 exaltatus
2620 2549 2704 2596 est
2728 2583 2742 2606 ,
2798 2541 3015 2612 quando
3054 2560 3073 2592 ι
3113 2539 3412 2594 ascendens
3443 2540 3496 2594 in
3529 2539 3703 2591 altum

2125 2634 2394 2706 captivam
2437 2632 2595 2687 duxit
2621 2632 3017 2700 captivitatem,
3039 2639 3093 2686 et
3118 2629 3264 2685 dedit
3291 2629 3433 2683 dona
3462 2629 3696 2683 homini-

2124 2724 2227 2778 bus
2249 2724 2318 2778 ”.
2357 2743 2375 2774 ι
2411 2721 2536 2778 Haec
2569 2737 2734 2792 porro
2774 2723 2914 2776 facta
2956 2730 3082 2778 sunt
3111 2729 3393 2792 postquam
3438 2720 3695 2789 discipuli

2127 2814 2427 2870 Salvatoris
2461 2813 2850 2885 Hierosolyma:
2874 2814 3307 2884 persecutionem
3355 2811 3503 2882 passi
3545 2818 3692 2866 sunt.

2123 2907 2214 2961 Ait
2243 2908 2424 2978 itaque
2452 2904 2734 2976 Scriptura
2761 2923 2777 2960 :
2811 2924 2830 2957 ι
2870 2904 3035 2960 Facta
3057 2912 3140 2960 est
3171 2903 3476 2975 persecutio
3502 2917 3694 2972 magna

2125 2999 2179 3053 in
2200 2997 2439 3054 Ecclesia
2453 3015 2573 3068 qua:
2594 3009 2711 3054 erat
2737 2997 3147 3068 Hierosolymis,
3171 3005 3225 3052 et
3249 3011 3440 3053 omnes
3461 2995 3694 3065 dispersi

2125 3091 2358 3157 sunt";
2393 3111 2412 3142 ι
2440 3105 2504 3144 ac
2533 3105 2750 3146 rursum
2783 3109 2795 3147 :
2830 3108 2848 3140 ι
2886 3089 3054 3160 Igitur
3106 3089 3201 3159 qui
3249 3087 3482 3158 dispersi
3537 3096 3701 3141 erant-

2125 3183 2558 3253 pertransibant,
2585 3183 3022 3252 evangelizantes
3053 3181 3278 3236 verbum
3315 3182 3383 3237 “.
3423 3199 3442 3232 ι
3493 3179 3710 3234 Deinde-

2117 3275 2323 3329 dictum
2357 3281 2462 3338 est,
2485 3289 2592 3344 qua
2619 3274 2829 3329 ratione
2857 3272 3212 3327 Samaritanis
3235 3272 3690 3343 evangelizarent.

2115 3372 2168 3418 et
2201 3365 2478 3435 quomodo
2511 3365 2745 3436 apostoli
2782 3363 3046 3434 Spiritum
3097 3372 3345 3418 sanctum
3403 3363 3536 3432 ipsis
3590 3363 3692 3416 im-
3737 3359 3747 3369 ”

2117 3457 2402 3527 pertirent.
2437 3454 2884 3510 Demonstratum
2920 3469 3051 3524 ergo
3079 3464 3163 3510 est
3188 3470 3357 3525 quare
3387 3453 3592 3508 dictum
3617 3455 3692 3510 si:

2116 3548 2271 3612 illud,
2305 3565 2324 3598 ι
2363 3545 2682 3613 Exaltabor,
2710 3555 2762 3602 et
2800 3546 3038 3602 dividam
3063 3546 3326 3601 Sichima.
3361 3566 3381 3598 ι
3413 3545 3549 3599 Nam
3578 3544 3695 3600 haec

2112 3639 2297 3693 omnia
2352 3637 2712 3708 implebantur
2753 3645 3042 3709 postquam
3103 3637 3352 3698 Salvator,
3415 3637 3688 3692 exaltatus

2111 3738 2215 3786 est.
2242 3729 2451 3783 Dixerit
2481 3728 2668 3785 forsan
2695 3731 2858 3796 alius,
2882 3732 3010 3801 quia
3040 3730 3168 3786 olim
3201 3729 3511 3786 Judaeorum
3535 3731 3691 3785 locus

2111 3832 2252 3887 erat,
2291 3837 2440 3876 nunc
2495 3832 2677 3878 autem
2728 3831 2851 3894 post
2897 3822 3198 3880 Salvatoris
3248 3825 3420 3879 nostri
3473 3838 3690 3879 assum-

2112 3913 2377 3983 ptionem,
2437 3913 2641 3969 Gmcis
2689 3924 2744 3969 et
2799 3913 3160 3971 Samaritanis
3220 3931 3515 3971 concessus
3569 3915 3704 3976 l'ue-.

2113 4014 2219 4068 rat,
2253 4007 2376 4059 ideo
2397 4005 2625 4071 dictum,
2654 4023 2673 4056 ι
2701 4006 3012 4071 Exaltabor,
3032 4015 3085 4061 et
3099 4006 3335 4062 dividam
3360 4005 3601 4061 Sichima
3626 4026 3640 4073 ;
3664 4028 3698 4058 ι.

2114 4098 2208 4152 sed
2239 4098 2425 4164 etiam,
2457 4115 2476 4150 ι
2524 4098 2824 4153 convallem
2859 4097 3334 4154 tabernaculorum
3360 4099 3628 4152 dimetiar.
3662 4117 3682 4149 ι

2110 4191 2422 4245 Convallem
2473 4191 2851 4247 universorum
2892 4191 3174 4246 hominum
3217 4189 3553 4246 domicilium
3591 4205 3687 4243 vo-

2112 4297 2240 4337 care
2277 4283 2563 4337 consuevit
2602 4281 2951 4352 pr0pheticus
2977 4297 3189 4337 sermo:
3226 4296 3396 4352 quare
3424 4280 3552 4334 alibi
3602 4279 3687 4334 di-

2113 4384 2263 4428 ctum
2302 4382 2427 4429 est:
2467 4393 2488 4426 ι
2540 4372 2822 4444 Disposuit
2871 4375 2927 4429 in
2974 4375 3112 4430 valle
3155 4372 3611 4446 lacrymarum”.
3659 4391 3681 4423 ι

431 4448 638 4539 τρήσω.
677 4468 696 4500 ι
731 4448 969 4503 Κοιλάδα
999 4448 1056 4502 δὲ
1097 4449 1286 4504 είωθεν
1315 4453 1600 4524 ὀνομάζειν
1625 4457 1654 4508 6
1675 4458 2008 4528 προφητικὸς

2120 4465 2231 4520 Hoc
2259 4466 2441 4536 itaque
2469 4467 2748 4529 hominum
2787 4468 3032 4522 omnium
3072 4466 3433 4529 domicilium,
3465 4475 3519 4520 et
3546 4479 3683 4518 con-

430 4533 587 4605 λόγος
618 4537 677 4589 τὸ
705 4538 922 4593 πάντων
949 4538 1046 4591 ἀνθ
1055 4538 1252 4610 ρώπων
1290 4545 1633 4614 οἰκητήριον·
1663 4545 1742 4598 διὸ
1764 4544 2008 4601 λέλεκται

428 4629 695 4700 ἀλλαχοῦ·
741 4648 762 4681 ‹
809 4629 1022 4682 Διέθετο
1068 4633 1148 4695 είς
1188 4633 1287 4703 τὴν
1329 4635 1551 4690 κοιλάδα
1590 4637 1684 4690 τοῦ
1717 4639 2007 4710 κλαυθμῶ-

428 4739 539 4787 νος.
571 4743 589 4776 ι
621 4723 792 4782 Τοῦτο
835 4722 900 4794 δὴ
945 4719 1038 4776 οὖν
1069 4723 1130 4776 τὸ
1173 4728 1390 4782 πάντων
1438 4730 1740 4801 ἀνθρώπων
1780 4735 2006 4805 οἰκητή-

431 4832 565 4887 ριον,
615 4818 708 4872 καὶ⁵
765 4817 863 4890 τὴν
918 4819 1139 4874 κοιλάδα
1190 4821 1393 4891 ταύτην
1449 4823 1773 4894 ἐκκλησιῶν,
1820 4827 2007 4897 φησὶν,

427 4911 666 4981 ἐμαυτοῦ
720 4913 1023 4986 πληρώσω·
1073 4914 1102 4967 δ
1145 4913 1210 4985 δὴ
1243 4916 1536 4970 αίνίττεται
1565 4917 1758 4986 λέγων,
1793 4939 1811 4972 ι
1863 4921 2006 4993 Σκη-

427 4999 535 5053 νῶν
564 5001 931 5076 διαμετρήσω.
973 5025 993 5059 ι
1045 5006 1156 5060 Καὶ
1178 5009 1206 5060 6
1245 5007 1478 5072 Ἀκύλας
1509 5009 1568 5068 δὲ
1615 5011 1802 5066 τοῦτον
1823 5015 2007 5086 ἡρμή-

427 5109 587 5147 νευσε
635 5095 728 5148 τὸν
777 5097 996 5167 τρόπον,
1030 5116 1050 5150 ι
1093 5099 1330 5154 Κοιλάδα
1377 5104 1730 5175 συσκιασμῶν
1766 5122 2009 5178 καταμε-

427 5187 635 5258 τρήσω.
667 5205 685 5239 ι
722 5183 836 5240 Εἶθ’
866 5187 1054 5261 ὥσπερ
1093 5191 1243 5263 ἐμὸς,
1278 5192 1429 5263 φησὶ.
1463 5192 1684 5262 γέγονεν
1715 5199 1744 5250 6
1772 5197 2005 5266 Γαλαὰδ,

430 5279 524 5332 καὶ
548 5278 680 5349 ἐμὸς
711 5278 902 5347 γέγονέ
933 5297 1064 5334 ποτε
1094 5285 1124 5336 6
1162 5283 1479 5354 Μανασσῆς,
1527 5285 1621 5338 καὶ
1660 5287 1900 5360 Ἐφρατμ
1938 5286 2006 5362 ἦν

428 5387 581 5434 ποτε,
614 5371 702 5424 ὅτε
742 5370 978 5443 ὑπῆρχε,
1015 5391 1034 5424 ι
1069 5376 1404 5444 κραταίωσις
1427 5377 1527 5447 τῆς
1547 5378 1792 5448 κεφαλῆς
1821 5397 1944 5452 μου,
1979 5403 1999 5436 ι

427 5462 484 5533 ἢ,
529 5461 670 5516 κατὰ
719 5463 812 5517 τὸν
860 5463 1172 5536 Σύμμαχον,
1203 5485 1221 5518 ι
1261 5471 1414 5541 ἰσχὺς
1458 5471 1556 5541 τῆς
1602 5471 1777 5542 ἀρχῆς
1807 5489 1947 5542 μου·
1979 5495 1999 5528 ι

428 5554 699 5624 ὁμοίωςτε
715 5554 922 5631 ὥσπερ,
951 5552 1021 5630 ἦν
1037 5575 1166 5612 ποτε
1199 5578 1218 5611 ι
1252 5561 1282 5612 6
1312 5561 1508 5626 Ἰούδας
1543 5561 1794 5633 βασιλεύς
1838 5584 1996 5637 μου,›

2114 4556 2307 4612 vallem
2339 4556 2521 4621 istam,
2552 4557 2821 4621 ecclesiis,
2852 4557 3062 4628 inquit,
3094 4557 3232 4612 meis
3260 4555 3498 4625 replebo.
3529 4551 3684 4620 Quod

2115 4649 2202 4704 his
2229 4649 2412 4704 verbis
2434 4648 2766 4713 subindicat,
2790 4667 2809 4701 ι
2840 4648 3336 4704 Tabernaculorum
3363 4647 3632 4703 dimetiar.
3659 4667 3678 4697 ι

2114 4739 2309 4808 Aquila
2333 4753 2463 4794 vero
2486 4739 2567 4795 sic
2601 4740 2993 4812 interpretatus
3023 4749 3127 4804 est,
3173 4756 3192 4790 ι
3225 4739 3538 4794 Convallem
3565 4754 3684 4793 um-

2114 4829 2463 4884 braculorum
2494 4829 2708 4885 metiar.
2743 4849 2763 4881 ι
2798 4828 3096 4895 Deinde,ut
3123 4829 3274 4892 olim,
3300 4829 3496 4899 inquit,
3529 4843 3682 4886 meus

2113 4921 2216 4975 fuit
2265 4921 2466 4977 Galaad
2497 4962 2513 4988 ,
2568 4937 2722 4976 meus
2753 4923 2882 4976 item
2913 4920 3192 4975 Manasses
3217 4959 3233 4986 ,
3273 4929 3328 4976 et
3383 4919 3638 4991 Ephraim
3662 4961 3678 4984 ,

2117 5031 2137 5065 ι
2175 5014 2437 5069 fortitudo
2459 5014 2652 5084 capitis
2679 5014 2784 5068 mei
2817 5033 2837 5066 ι
2867 5012 3139 5083 quondam
3159 5019 3309 5080 erat;
3341 5013 3474 5078 sive,
3492 5025 3685 5066 secuna

2111 5103 2239 5159 dum
2265 5103 2672 5175 Symmachum.
2700 5123 2720 5156 ι
2753 5103 2920 5158 robur
2949 5103 3286 5173 principatus
3316 5103 3442 5167 mei;
3473 5119 3492 5152 ο
3528 5103 3678 5166 item,

2112 5207 2172 5250 ut
2195 5197 2324 5251 olim
2353 5215 2372 5248 ι
2411 5194 2581 5252 Judas
2635 5211 2729 5251 rex
2777 5210 2932 5250 meus
2974 5215 2993 5247 ›
3041 5193 3176 5257 fuit;
3228 5202 3322 5248 aut
3377 5191 3682 5248 secundum

2110 5287 2386 5356 Aquilam,
2422 5304 2441 5338 ι
2479 5284 2650 5341 Judas
2680 5285 2911 5356 diligens
2961 5283 3249 5354 inquisitor
3280 5298 3467 5347 meus;
3514 5299 3534 5333 ›
3580 5295 3679 5334 ea-

2110 5380 2232 5435 dem
2262 5395 2492 5450 prorsus
2519 5379 2833 5435 conditione
2859 5377 2964 5433 erit
2988 5377 3412 5447 alienigenarum
3448 5375 3598 5446 regio
3623 5385 3680 5428 et

2110 5473 2264 5540 urbs,
2295 5488 2418 5543 qua:
2446 5473 2651 5528 dicitur
2695 5471 2890 5527 Moab:
2941 5471 3205 5526 etlicietur
3254 5473 3400 5527 enim
3459 5488 3479 5521 ι
3531 5470 3679 5526 lebes

2111 5567 2224 5636 spei
2256 5581 2422 5634 mea;
2464 5587 2482 5618 ι
2527 5566 2631 5633 vel,
2683 5566 2985 5621 secundum
3017 5564 3306 5635 Aquilam,
3353 5585 3370 5617 ι
3411 5564 3563 5621 lebes
3595 5565 3678 5620 la-

505 5731 548 5764 ”
579 5731 835 5798 Act.vm,
872 5732 1054 5792 “47.
1133 5738 1178 5770 "
1196 5737 1338 5795 Psal.
1375 5753 1544 5808 urit,
1584 5743 1668 5800 i9.
1746 5722 1928 5802 “Acr.
1964 5746 2155 5815 vm,i.
2231 5748 2276 5780 "
2352 5747 2494 5812 ibid.
2518 5749 2570 5806 4.
2648 5745 2857 5802 "Psal.
2894 5761 3088 5814 tum,
3124 5744 3182 5805 6.
