  <div class='ocr_page' id='page_1' title='image "/cluster/home/n/w/nwhite01/storage/ocr_20150623/23:no.5/coo.31924054873033/299.png"; bbox 0 0 4090 6374; ppageno 0'>
   <div class='ocr_carea' id='block_1_1' title="bbox 397 289 504 345">
    <p class='ocr_par' dir='ltr' id='par_1_1' title="bbox 397 289 504 345">
     <span class='ocr_line' id='line_1_1' title="bbox 397 289 504 345; baseline 0 -1"><span class='ocrx_word' id='word_1_1' title='bbox 397 289 504 345; x_wconf 79' lang='lat'><strong>567</strong></span> 
     </span>
    </p>
   </div>
   <div class='ocr_carea' id='block_1_2' title="bbox 1063 288 2906 348">
    <p class='ocr_par' dir='ltr' id='par_1_2' title="bbox 1063 288 2906 348">
     <span class='ocr_line' id='line_1_2' title="bbox 1063 288 2906 348; baseline -0.001 -4"><span class='ocrx_word' id='word_1_2' title='bbox 1063 291 1334 348; x_wconf 85' lang='lat' dir='ltr'><strong>EUSEBll</strong></span> <span class='ocrx_word' id='word_1_3' title='bbox 1373 290 1852 347; x_wconf 62' lang='lat' dir='ltr'><strong>CIESARIENSIS</strong></span> <span class='ocrx_word' id='word_1_4' title='bbox 1882 290 2032 347; x_wconf 82' lang='lat' dir='ltr'><strong>OPP.</strong></span> <span class='ocrx_word' id='word_1_5' title='bbox 2072 289 2253 345; x_wconf 79' lang='lat' dir='ltr'><strong>PARS</strong></span> <span class='ocrx_word' id='word_1_6' title='bbox 2286 289 2374 344; x_wconf 85' lang='grc' dir='ltr'><strong>ΙΙΙ.</strong></span> <span class='ocrx_word' id='word_1_7' title='bbox 2395 322 2464 331; x_wconf 91' lang='grc'><strong><em>-</em></strong></span> <span class='ocrx_word' id='word_1_8' title='bbox 2497 288 2906 344; x_wconf 75' lang='lat' dir='ltr'><strong>EXEGETICA.</strong></span> 
     </span>
    </p>
   </div>
   <div class='ocr_carea' id='block_1_3' title="bbox 3537 287 3642 342">
    <p class='ocr_par' dir='ltr' id='par_1_3' title="bbox 3537 287 3642 342">
     <span class='ocr_line' id='line_1_3' title="bbox 3537 287 3642 342; baseline 0 0"><span class='ocrx_word' id='word_1_9' title='bbox 3537 287 3642 342; x_wconf 72' lang='lat'><strong>568</strong></span> 
     </span>
    </p>
   </div>
   <div class='ocr_carea' id='block_1_4' title="bbox 397 404 1943 478">
    <p class='ocr_par' dir='ltr' id='par_1_4' title="bbox 397 404 1937 472">
     <span class='ocr_line' id='line_1_4' title="bbox 397 404 1937 472; baseline 0.005 -16"><span class='ocrx_word' id='word_1_10' title='bbox 397 405 542 460; x_wconf 84' lang='lat' dir='ltr'><strong>vacri</strong></span> <span class='ocrx_word' id='word_1_11' title='bbox 575 404 718 471; x_wconf 88' lang='lat' dir='ltr'><strong>mei;</strong></span> <span class='ocrx_word' id='word_1_12' title='bbox 756 425 774 457; x_wconf 74' lang='grc' dir='ltr'><strong>ι</strong></span> <span class='ocrx_word' id='word_1_13' title='bbox 811 414 903 460; x_wconf 86' lang='lat' dir='ltr'><strong>aut</strong></span> <span class='ocrx_word' id='word_1_14' title='bbox 933 423 954 458; x_wconf 79' lang='grc' dir='ltr'><strong>ι</strong></span> <span class='ocrx_word' id='word_1_15' title='bbox 992 407 1139 462; x_wconf 88' lang='lat' dir='ltr'><strong>lebcs</strong></span> <span class='ocrx_word' id='word_1_16' title='bbox 1175 409 1485 466; x_wconf 72' lang='lat' dir='ltr'><strong>securitatis</strong></span> <span class='ocrx_word' id='word_1_17' title='bbox 1518 426 1670 472; x_wconf 68' lang='lat' dir='ltr'><strong>meae,</strong></span> <span class='ocrx_word' id='word_1_18' title='bbox 1710 429 1728 461; x_wconf 71' lang='grc' dir='ltr'><strong>ι</strong></span> <span class='ocrx_word' id='word_1_19' title='bbox 1773 425 1937 464; x_wconf 89' lang='lat' dir='ltr'><strong>secun</strong></span> 
     </span>
    </p>
   </div>
   <div class='ocr_carea' id='block_1_5' title="bbox 2046 404 3641 478">
    <p class='ocr_par' dir='ltr' id='par_1_5' title="bbox 2068 406 3641 478">
     <span class='ocr_line' id='line_1_5' title="bbox 2068 406 3641 478; baseline 0.001 -18"><span class='ocrx_word' id='word_1_20' title='bbox 2068 407 2124 477; x_wconf 77' lang='grc' dir='ltr'>ἢ,</span> <span class='ocrx_word' id='word_1_21' title='bbox 2152 407 2293 460; x_wconf 87' lang='grc' dir='ltr'><strong>κατά</strong></span> <span class='ocrx_word' id='word_1_22' title='bbox 2321 409 2410 460; x_wconf 88' lang='grc' dir='ltr'><strong>τὸν</strong></span> <span class='ocrx_word' id='word_1_23' title='bbox 2436 407 2683 469; x_wconf 77' lang='grc' dir='ltr'><strong>Ἀκύλαν,</strong></span> <span class='ocrx_word' id='word_1_24' title='bbox 2718 427 2735 457; x_wconf 84' lang='grc' dir='ltr'><strong>ι</strong></span> <span class='ocrx_word' id='word_1_25' title='bbox 2759 409 2956 470; x_wconf 83' lang='grc' dir='ltr'><strong>Ἰούδας</strong></span> <span class='ocrx_word' id='word_1_26' title='bbox 2989 406 3320 478; x_wconf 78' lang='grc' dir='ltr'>ἀκριϐαστής</span> <span class='ocrx_word' id='word_1_27' title='bbox 3345 424 3473 478; x_wconf 83' lang='grc' dir='ltr'>μου·</span> <span class='ocrx_word' id='word_1_28' title='bbox 3506 428 3524 459; x_wconf 80' lang='grc'>›</span> <span class='ocrx_word' id='word_1_29' title='bbox 3548 407 3641 461; x_wconf 78' lang='grc' dir='ltr'>τὸν</span> 
     </span>
    </p>
   </div>
   <div class='ocr_carea' id='block_1_6' title="bbox 393 495 1958 570">
    <p class='ocr_par' dir='ltr' id='par_1_6' title="bbox 393 495 1958 570">
     <span class='ocr_line' id='line_1_6' title="bbox 393 495 1958 570; baseline 0.003 -20"><span class='ocrx_word' id='word_1_30' title='bbox 393 497 522 551; x_wconf 91' lang='lat' dir='ltr'><strong>dum</strong></span> <span class='ocrx_word' id='word_1_31' title='bbox 561 495 968 566; x_wconf 81' lang='lat' dir='ltr'><strong>Symmachum.</strong></span> <span class='ocrx_word' id='word_1_32' title='bbox 1009 499 1265 570; x_wconf 85' lang='lat' dir='ltr'><strong>Ephraim</strong></span> <span class='ocrx_word' id='word_1_33' title='bbox 1306 517 1434 556; x_wconf 86' lang='lat' dir='ltr'><strong>vero</strong></span> <span class='ocrx_word' id='word_1_34' title='bbox 1462 501 1834 556; x_wconf 72' lang='lat' dir='ltr'><strong>fortitudinem</strong></span> <span class='ocrx_word' id='word_1_35' title='bbox 1865 518 1958 556; x_wconf 81' lang='lat' dir='ltr'><strong>ca-</strong></span> 
     </span>
    </p>
   </div>
   <div class='ocr_carea' id='block_1_7' title="bbox 392 589 1960 662">
    <p class='ocr_par' dir='ltr' id='par_1_7' title="bbox 392 589 1960 662">
     <span class='ocr_line' id='line_1_7' title="bbox 392 589 1960 662; baseline 0.001 -20"><span class='ocrx_word' id='word_1_36' title='bbox 392 591 520 659; x_wconf 77' lang='lat' dir='ltr'><strong>pitis</strong></span> <span class='ocrx_word' id='word_1_37' title='bbox 547 589 654 647; x_wconf 60' lang='lat' dir='ltr'><strong>sui‘.</strong></span> <span class='ocrx_word' id='word_1_38' title='bbox 689 589 805 645; x_wconf 85' lang='lat' dir='ltr'><strong>sive</strong></span> <span class='ocrx_word' id='word_1_39' title='bbox 837 591 1005 645; x_wconf 89' lang='lat' dir='ltr'><strong>robur</strong></span> <span class='ocrx_word' id='word_1_40' title='bbox 1031 593 1368 662; x_wconf 83' lang='lat' dir='ltr'><strong>principatus</strong></span> <span class='ocrx_word' id='word_1_41' title='bbox 1399 594 1506 656; x_wconf 91' lang='lat' dir='ltr'><strong>sui,</strong></span> <span class='ocrx_word' id='word_1_42' title='bbox 1539 593 1747 648; x_wconf 79' lang='lat' dir='ltr'><strong>vocavit</strong></span> <span class='ocrx_word' id='word_1_43' title='bbox 1776 611 1788 646; x_wconf 92' lang='lat'><em>:</em></span> <span class='ocrx_word' id='word_1_44' title='bbox 1823 607 1960 662; x_wconf 90' lang='lat' dir='ltr'><strong>quo-</strong></span> 
     </span>
    </p>
   </div>
   <div class='ocr_carea' id='block_1_8' title="bbox 392 682 1962 755">
    <p class='ocr_par' dir='ltr' id='par_1_8' title="bbox 392 682 1962 755">
     <span class='ocr_line' id='line_1_8' title="bbox 392 682 1962 755; baseline 0.001 -21"><span class='ocrx_word' id='word_1_45' title='bbox 392 682 535 735; x_wconf 86' lang='lat' dir='ltr'><strong>niam</strong></span> <span class='ocrx_word' id='word_1_46' title='bbox 559 682 652 752; x_wconf 91' lang='lat' dir='ltr'><strong>qui</strong></span> <span class='ocrx_word' id='word_1_47' title='bbox 674 697 739 737; x_wconf 78' lang='lat' dir='ltr'><strong>ex</strong></span> <span class='ocrx_word' id='word_1_48' title='bbox 768 682 912 736; x_wconf 81' lang='lat' dir='ltr'><strong>tribu</strong></span> <span class='ocrx_word' id='word_1_49' title='bbox 942 683 1197 754; x_wconf 84' lang='lat' dir='ltr'><strong>Ephraim</strong></span> <span class='ocrx_word' id='word_1_50' title='bbox 1224 686 1351 739; x_wconf 91' lang='lat' dir='ltr'><strong>olim</strong></span> <span class='ocrx_word' id='word_1_51' title='bbox 1408 694 1722 755; x_wconf 86' lang='lat' dir='ltr'><strong>regnarunt,</strong></span> <span class='ocrx_word' id='word_1_52' title='bbox 1763 685 1814 738; x_wconf 93' lang='lat' dir='ltr'><strong>in</strong></span> <span class='ocrx_word' id='word_1_53' title='bbox 1864 699 1962 737; x_wconf 85' lang='lat' dir='ltr'><strong>no-</strong></span> 
     </span>
    </p>
   </div>
   <div class='ocr_carea' id='block_1_9' title="bbox 389 773 1956 846">
    <p class='ocr_par' dir='ltr' id='par_1_9' title="bbox 389 773 1956 846">
     <span class='ocr_line' id='line_1_9' title="bbox 389 773 1956 846; baseline 0.002 -20"><span class='ocrx_word' id='word_1_54' title='bbox 389 788 507 826; x_wconf 80' lang='lat' dir='ltr'><strong>vem</strong></span> <span class='ocrx_word' id='word_1_55' title='bbox 535 781 590 827; x_wconf 92' lang='lat' dir='ltr'><strong>et</strong></span> <span class='ocrx_word' id='word_1_56' title='bbox 617 773 896 828; x_wconf 85' lang='lat' dir='ltr'><strong>dimidiam</strong></span> <span class='ocrx_word' id='word_1_57' title='bbox 954 791 1019 829; x_wconf 82' lang='lat' dir='ltr'><strong>ex</strong></span> <span class='ocrx_word' id='word_1_58' title='bbox 1067 776 1316 831; x_wconf 86' lang='lat' dir='ltr'><strong>tribubus</strong></span> <span class='ocrx_word' id='word_1_59' title='bbox 1371 775 1531 831; x_wconf 87' lang='lat' dir='ltr'><strong>Israel</strong></span> <span class='ocrx_word' id='word_1_60' title='bbox 1571 776 1853 846; x_wconf 88' lang='lat' dir='ltr'><strong>imperium</strong></span> <span class='ocrx_word' id='word_1_61' title='bbox 1902 776 1956 829; x_wconf 89' lang='lat' dir='ltr'><strong>in</strong></span> 
     </span>
    </p>
   </div>
   <div class='ocr_carea' id='block_1_10' title="bbox 391 862 1046 920">
    <p class='ocr_par' dir='ltr' id='par_1_10' title="bbox 391 862 1046 920">
     <span class='ocr_line' id='line_1_10' title="bbox 391 862 1046 920; baseline 0.006 -4"><span class='ocrx_word' id='word_1_62' title='bbox 391 862 638 916; x_wconf 84' lang='lat' dir='ltr'><strong>Samaria</strong></span> <span class='ocrx_word' id='word_1_63' title='bbox 671 863 1046 920; x_wconf 91' lang='lat' dir='ltr'><strong>obtinuerunt.</strong></span> 
     </span>
    </p>
   </div>
   <div class='ocr_carea' id='block_1_11' title="bbox 2067 497 3638 571">
    <p class='ocr_par' dir='ltr' id='par_1_11' title="bbox 2067 497 3638 571">
     <span class='ocr_line' id='line_1_11' title="bbox 2067 497 3638 571; baseline 0.001 -21"><span class='ocrx_word' id='word_1_64' title='bbox 2067 499 2230 552; x_wconf 79' lang='grc' dir='ltr'>αὑτὸν</span> <span class='ocrx_word' id='word_1_65' title='bbox 2254 499 2452 570; x_wconf 85' lang='grc' dir='ltr'>τρόπον</span> <span class='ocrx_word' id='word_1_66' title='bbox 2477 499 2626 552; x_wconf 77' lang='grc' dir='ltr'>ἔσται</span> <span class='ocrx_word' id='word_1_67' title='bbox 2653 499 2746 551; x_wconf 60' lang='grc' dir='ltr'><strong>καί⁵</strong></span> <span class='ocrx_word' id='word_1_68' title='bbox 2773 501 2805 569; x_wconf 81' lang='grc' dir='ltr'><strong>ἡ</strong></span> <span class='ocrx_word' id='word_1_69' title='bbox 2835 499 2942 551; x_wconf 89' lang='grc' dir='ltr'><strong>τῶν</strong></span> <span class='ocrx_word' id='word_1_70' title='bbox 2963 499 3269 567; x_wconf 74' lang='grc' dir='ltr'><strong>ἀλλοφύλων</strong></span> <span class='ocrx_word' id='word_1_71' title='bbox 3286 497 3433 571; x_wconf 81' lang='grc' dir='ltr'>χώρα</span> <span class='ocrx_word' id='word_1_72' title='bbox 3459 516 3519 550; x_wconf 84' lang='grc' dir='ltr'><strong>τε</strong></span> <span class='ocrx_word' id='word_1_73' title='bbox 3546 499 3638 551; x_wconf 71' lang='grc' dir='ltr'><strong>καὶ</strong></span> 
     </span>
    </p>
   </div>
   <div class='ocr_carea' id='block_1_12' title="bbox 2067 589 3638 661">
    <p class='ocr_par' dir='ltr' id='par_1_12' title="bbox 2067 589 3638 661">
     <span class='ocr_line' id='line_1_12' title="bbox 2067 589 3638 661; baseline -0.001 -21"><span class='ocrx_word' id='word_1_74' title='bbox 2067 589 2221 652; x_wconf 81' lang='grc' dir='ltr'>πόλις</span> <span class='ocrx_word' id='word_1_75' title='bbox 2274 590 2308 658; x_wconf 79' lang='grc' dir='ltr'>ἡ</span> <span class='ocrx_word' id='word_1_76' title='bbox 2352 589 2662 660; x_wconf 83' lang='grc' dir='ltr'><strong>καλουμένη</strong></span> <span class='ocrx_word' id='word_1_77' title='bbox 2707 590 2911 644; x_wconf 84' lang='grc' dir='ltr'>Μωάϐ·</span> <span class='ocrx_word' id='word_1_78' title='bbox 2947 591 3233 660; x_wconf 79' lang='grc' dir='ltr'>γενήσεται</span> <span class='ocrx_word' id='word_1_79' title='bbox 3286 591 3395 660; x_wconf 77' lang='grc' dir='ltr'><strong>γὰρ</strong></span> <span class='ocrx_word' id='word_1_80' title='bbox 3425 611 3442 640; x_wconf 78' lang='grc' dir='ltr'><strong>ι</strong></span> <span class='ocrx_word' id='word_1_81' title='bbox 3477 589 3638 661; x_wconf 79' lang='grc' dir='ltr'>λέϐης</span> 
     </span>
    </p>
   </div>
   <div class='ocr_carea' id='block_1_13' title="bbox 2062 679 3637 754">
    <p class='ocr_par' dir='ltr' id='par_1_13' title="bbox 2062 679 3637 754">
     <span class='ocr_line' id='line_1_13' title="bbox 2062 679 3637 754; baseline 0.001 -23"><span class='ocrx_word' id='word_1_82' title='bbox 2062 680 2160 750; x_wconf 81' lang='grc' dir='ltr'>τῆς</span> <span class='ocrx_word' id='word_1_83' title='bbox 2217 679 2426 743; x_wconf 83' lang='grc' dir='ltr'>ἐλπίδος</span> <span class='ocrx_word' id='word_1_84' title='bbox 2463 699 2585 752; x_wconf 87' lang='grc' dir='ltr'>μου,</span> <span class='ocrx_word' id='word_1_85' title='bbox 2625 701 2642 732; x_wconf 77' lang='grc' dir='ltr'><strong>ι</strong></span> <span class='ocrx_word' id='word_1_86' title='bbox 2676 682 2731 752; x_wconf 74' lang='grc' dir='ltr'>ἢ,</span> <span class='ocrx_word' id='word_1_87' title='bbox 2767 681 2902 734; x_wconf 83' lang='grc' dir='ltr'><strong>κατά</strong></span> <span class='ocrx_word' id='word_1_88' title='bbox 2958 681 3046 734; x_wconf 79' lang='grc' dir='ltr'><strong>τὸν</strong></span> <span class='ocrx_word' id='word_1_89' title='bbox 3113 679 3372 734; x_wconf 73' lang='grc' dir='ltr'>Ἀκύλανο</span> <span class='ocrx_word' id='word_1_90' title='bbox 3420 701 3436 732; x_wconf 83' lang='grc' dir='ltr'><strong>ι</strong></span> <span class='ocrx_word' id='word_1_91' title='bbox 3476 682 3637 754; x_wconf 75' lang='grc' dir='ltr'>λέϐης</span> 
     </span>
    </p>
   </div>
   <div class='ocr_carea' id='block_1_14' title="bbox 2063 771 3636 844">
    <p class='ocr_par' dir='ltr' id='par_1_14' title="bbox 2063 771 3636 844">
     <span class='ocr_line' id='line_1_14' title="bbox 2063 771 3636 844; baseline 0.003 -21"><span class='ocrx_word' id='word_1_92' title='bbox 2063 771 2288 842; x_wconf 78' lang='grc' dir='ltr'>λουτροῦ</span> <span class='ocrx_word' id='word_1_93' title='bbox 2332 789 2432 842; x_wconf 91' lang='grc' dir='ltr'><strong>μου</strong></span> <span class='ocrx_word' id='word_1_94' title='bbox 2456 790 2468 801; x_wconf 90' lang='grc'><strong>·</strong></span> <span class='ocrx_word' id='word_1_95' title='bbox 2511 793 2529 824; x_wconf 71' lang='grc' dir='ltr'><strong>ι</strong></span> <span class='ocrx_word' id='word_1_96' title='bbox 2563 773 2618 844; x_wconf 86' lang='grc' dir='ltr'>ἦ,</span> <span class='ocrx_word' id='word_1_97' title='bbox 2655 791 2672 822; x_wconf 80' lang='grc' dir='ltr'><strong>ι</strong></span> <span class='ocrx_word' id='word_1_98' title='bbox 2709 773 2869 842; x_wconf 86' lang='grc' dir='ltr'>λέϐης</span> <span class='ocrx_word' id='word_1_99' title='bbox 2915 773 3241 844; x_wconf 79' lang='grc' dir='ltr'><strong>ἀμεριμνίας</strong></span> <span class='ocrx_word' id='word_1_100' title='bbox 3277 791 3398 843; x_wconf 88' lang='grc' dir='ltr'>μου,</span> <span class='ocrx_word' id='word_1_101' title='bbox 3437 794 3455 824; x_wconf 79' lang='grc' dir='ltr'><strong>ι</strong></span> <span class='ocrx_word' id='word_1_102' title='bbox 3497 776 3636 829; x_wconf 81' lang='grc' dir='ltr'>κατὰ</span> 
     </span>
    </p>
   </div>
   <div class='ocr_carea' id='block_1_15' title="bbox 2061 862 3634 935">
    <p class='ocr_par' dir='ltr' id='par_1_15' title="bbox 2061 862 3634 935">
     <span class='ocr_line' id='line_1_15' title="bbox 2061 862 3634 935; baseline 0.003 -21"><span class='ocrx_word' id='word_1_103' title='bbox 2061 863 2150 914; x_wconf 86' lang='grc' dir='ltr'>τὸν</span> <span class='ocrx_word' id='word_1_104' title='bbox 2201 862 2512 934; x_wconf 86' lang='grc' dir='ltr'>Σύμμαχον.</span> <span class='ocrx_word' id='word_1_105' title='bbox 2547 864 2650 917; x_wconf 81' lang='grc' dir='ltr'>Τὸν</span> <span class='ocrx_word' id='word_1_106' title='bbox 2678 864 2733 916; x_wconf 87' lang='grc' dir='ltr'><strong>δέ</strong></span> <span class='ocrx_word' id='word_1_107' title='bbox 2779 863 3015 935; x_wconf 77' lang='grc' dir='ltr'>Ἐφραίμ</span> <span class='ocrx_word' id='word_1_108' title='bbox 3047 865 3376 933; x_wconf 88' lang='grc' dir='ltr'>κραταίωσιν</span> <span class='ocrx_word' id='word_1_109' title='bbox 3413 865 3512 934; x_wconf 77' lang='grc' dir='ltr'>τῆς</span> <span class='ocrx_word' id='word_1_110' title='bbox 3545 884 3634 918; x_wconf 85' lang='grc' dir='ltr'>κε-</span> 
     </span>
    </p>
   </div>
   <div class='ocr_carea' id='block_1_16' title="bbox 389 955 3633 1035">
    <p class='ocr_par' dir='ltr' id='par_1_16' title="bbox 389 955 3633 1035">
     <span class='ocr_line' id='line_1_16' title="bbox 389 955 3633 1035; baseline -0.002 -22"><span class='ocrx_word' id='word_1_111' title='bbox 389 960 564 1031; x_wconf 83' lang='grc' dir='ltr'>φαλῆς</span> <span class='ocrx_word' id='word_1_112' title='bbox 600 960 790 1018; x_wconf 87' lang='grc' dir='ltr'>ἐαυτοῦ</span> <span class='ocrx_word' id='word_1_113' title='bbox 836 961 1134 1032; x_wconf 85' lang='grc' dir='ltr'>ὠνόμασεν,</span> <span class='ocrx_word' id='word_1_114' title='bbox 1172 960 1205 1030; x_wconf 77' lang='grc' dir='ltr'>ἢ</span> <span class='ocrx_word' id='word_1_115' title='bbox 1268 962 1417 1032; x_wconf 78' lang='grc' dir='ltr'>ἰσχὺν</span> <span class='ocrx_word' id='word_1_116' title='bbox 1445 962 1545 1031; x_wconf 83' lang='grc' dir='ltr'><strong>τῆς</strong></span> <span class='ocrx_word' id='word_1_117' title='bbox 1574 962 1745 1035; x_wconf 80' lang='grc' dir='ltr'>ἀρχῆς</span> <span class='ocrx_word' id='word_1_118' title='bbox 1779 958 1994 1014; x_wconf 82' lang='grc' dir='ltr'>ἐαυτοῦ·</span> <span class='ocrx_word' id='word_1_119' title='bbox 2037 957 2330 1029; x_wconf 77' lang='grc' dir='ltr'>ἐπειδήπερ</span> <span class='ocrx_word' id='word_1_120' title='bbox 2355 959 2404 1010; x_wconf 89' lang='grc' dir='ltr'>οἱ</span> <span class='ocrx_word' id='word_1_121' title='bbox 2427 960 2491 1011; x_wconf 84' lang='grc' dir='ltr'><strong>ἐκ</strong></span> <span class='ocrx_word' id='word_1_122' title='bbox 2518 958 2689 1028; x_wconf 76' lang='grc' dir='ltr'>φυλῆς</span> <span class='ocrx_word' id='word_1_123' title='bbox 2730 959 2966 1029; x_wconf 81' lang='grc' dir='ltr'>Ἐφραῒμ</span> <span class='ocrx_word' id='word_1_124' title='bbox 2991 957 3403 1028; x_wconf 81' lang='grc' dir='ltr'>βασιλεύσαντες</span> <span class='ocrx_word' id='word_1_125' title='bbox 3462 955 3633 1030; x_wconf 76' lang='grc' dir='ltr'>ἦρξάν</span> 
     </span>
    </p>
   </div>
   <div class='ocr_carea' id='block_1_17' title="bbox 389 1054 2205 1128">
    <p class='ocr_par' dir='ltr' id='par_1_17' title="bbox 389 1054 2205 1128">
     <span class='ocr_line' id='line_1_17' title="bbox 389 1054 2205 1128; baseline -0.001 -21"><span class='ocrx_word' id='word_1_126' title='bbox 389 1069 519 1108; x_wconf 86' lang='grc' dir='ltr'>ποτε</span> <span class='ocrx_word' id='word_1_127' title='bbox 557 1057 615 1110; x_wconf 86' lang='grc' dir='ltr'><strong>ἐν</strong></span> <span class='ocrx_word' id='word_1_128' title='bbox 646 1059 712 1128; x_wconf 79' lang='grc' dir='ltr'>τῇ</span> <span class='ocrx_word' id='word_1_129' title='bbox 747 1056 1028 1127; x_wconf 80' lang='grc' dir='ltr'><strong>Σαμαρείᾳ</strong></span> <span class='ocrx_word' id='word_1_130' title='bbox 1071 1054 1179 1108; x_wconf 88' lang='grc' dir='ltr'><strong>τῶν</strong></span> <span class='ocrx_word' id='word_1_131' title='bbox 1218 1056 1372 1108; x_wconf 81' lang='grc' dir='ltr'>ἐννέα</span> <span class='ocrx_word' id='word_1_132' title='bbox 1417 1057 1587 1126; x_wconf 79' lang='grc' dir='ltr'>ἥμισυ</span> <span class='ocrx_word' id='word_1_133' title='bbox 1635 1057 1816 1125; x_wconf 88' lang='grc' dir='ltr'>φυλῶν</span> <span class='ocrx_word' id='word_1_134' title='bbox 1843 1056 1935 1109; x_wconf 90' lang='grc' dir='ltr'><strong>τοῦ</strong></span> <span class='ocrx_word' id='word_1_135' title='bbox 1973 1054 2205 1126; x_wconf 82' lang='grc' dir='ltr'>Ἰσραήλ.</span> 
     </span>
    </p>
   </div>
   <div class='ocr_carea' id='block_1_18' title="bbox 460 1142 1963 1214">
    <p class='ocr_par' dir='ltr' id='par_1_18' title="bbox 460 1142 1963 1214">
     <span class='ocr_line' id='line_1_18' title="bbox 460 1142 1963 1214; baseline 0 -16"><span class='ocrx_word' id='word_1_136' title='bbox 460 1145 595 1198; x_wconf 90' lang='lat' dir='ltr'><strong>Cum</strong></span> <span class='ocrx_word' id='word_1_137' title='bbox 624 1155 803 1199; x_wconf 90' lang='lat' dir='ltr'><strong>autem</strong></span> <span class='ocrx_word' id='word_1_138' title='bbox 834 1144 942 1198; x_wconf 92' lang='lat' dir='ltr'><strong>duo</strong></span> <span class='ocrx_word' id='word_1_139' title='bbox 969 1142 1189 1214; x_wconf 86' lang='lat' dir='ltr'><strong>Josephi</strong></span> <span class='ocrx_word' id='word_1_140' title='bbox 1222 1145 1314 1198; x_wconf 81' lang='lat' dir='ltr'><strong>filii</strong></span> <span class='ocrx_word' id='word_1_141' title='bbox 1348 1144 1570 1206; x_wconf 78' lang='lat' dir='ltr'><strong>fuerint.</strong></span> <span class='ocrx_word' id='word_1_142' title='bbox 1609 1144 1864 1214; x_wconf 86' lang='lat' dir='ltr'><strong>Ephraim</strong></span> <span class='ocrx_word' id='word_1_143' title='bbox 1909 1151 1963 1199; x_wconf 90' lang='lat' dir='ltr'><strong>et</strong></span> 
     </span>
    </p>
   </div>
   <div class='ocr_carea' id='block_1_19' title="bbox 389 1233 1961 1307">
    <p class='ocr_par' dir='ltr' id='par_1_19' title="bbox 389 1233 1961 1307">
     <span class='ocr_line' id='line_1_19' title="bbox 389 1233 1961 1307; baseline 0.002 -19"><span class='ocrx_word' id='word_1_144' title='bbox 389 1233 666 1291; x_wconf 85' lang='lat' dir='ltr'><strong>Manasses</strong></span> <span class='ocrx_word' id='word_1_145' title='bbox 699 1255 712 1290; x_wconf 90' lang='lat'><strong>:</strong></span> <span class='ocrx_word' id='word_1_146' title='bbox 755 1234 1104 1306; x_wconf 81' lang='lat' dir='ltr'><strong>Ephraimitae</strong></span> <span class='ocrx_word' id='word_1_147' title='bbox 1133 1252 1256 1292; x_wconf 90' lang='lat' dir='ltr'><strong>sese</strong></span> <span class='ocrx_word' id='word_1_148' title='bbox 1291 1237 1360 1290; x_wconf 91' lang='lat' dir='ltr'><strong>ab</strong></span> <span class='ocrx_word' id='word_1_149' title='bbox 1417 1235 1719 1293; x_wconf 85' lang='lat' dir='ltr'><strong>Jerusalem</strong></span> <span class='ocrx_word' id='word_1_150' title='bbox 1773 1254 1961 1307; x_wconf 79' lang='lat' dir='ltr'><strong>segre-</strong></span> 
     </span>
    </p>
   </div>
   <div class='ocr_carea' id='block_1_20' title="bbox 386 1321 1963 1396">
    <p class='ocr_par' dir='ltr' id='par_1_20' title="bbox 386 1321 1963 1396">
     <span class='ocr_line' id='line_1_20' title="bbox 386 1321 1963 1396; baseline 0.004 -22"><span class='ocrx_word' id='word_1_151' title='bbox 386 1331 597 1390; x_wconf 77' lang='lat' dir='ltr'><strong>gantes,</strong></span> <span class='ocrx_word' id='word_1_152' title='bbox 631 1323 686 1376; x_wconf 92' lang='lat' dir='ltr'><strong>in</strong></span> <span class='ocrx_word' id='word_1_153' title='bbox 719 1321 986 1387; x_wconf 88' lang='lat' dir='ltr'><strong>Samaria,</strong></span> <span class='ocrx_word' id='word_1_154' title='bbox 1021 1324 1136 1379; x_wconf 85' lang='lat' dir='ltr'><strong>sive</strong></span> <span class='ocrx_word' id='word_1_155' title='bbox 1183 1324 1238 1378; x_wconf 90' lang='lat' dir='ltr'><strong>in</strong></span> <span class='ocrx_word' id='word_1_156' title='bbox 1281 1326 1531 1394; x_wconf 71' lang='lat' dir='ltr'><strong>pnedicta</strong></span> <span class='ocrx_word' id='word_1_157' title='bbox 1567 1324 1796 1396; x_wconf 84' lang='lat' dir='ltr'><strong>Sychem</strong></span> <span class='ocrx_word' id='word_1_158' title='bbox 1843 1341 1963 1396; x_wconf 68' lang='lat' dir='ltr'><strong>qua:</strong></span> 
     </span>
    </p>
   </div>
   <div class='ocr_carea' id='block_1_21' title="bbox 383 1412 1962 1486">
    <p class='ocr_par' dir='ltr' id='par_1_21' title="bbox 383 1412 1962 1486">
     <span class='ocr_line' id='line_1_21' title="bbox 383 1412 1962 1486; baseline 0.003 -19"><span class='ocrx_word' id='word_1_159' title='bbox 383 1420 438 1467; x_wconf 88' lang='lat' dir='ltr'><strong>et</strong></span> <span class='ocrx_word' id='word_1_160' title='bbox 503 1412 783 1478; x_wconf 88' lang='lat' dir='ltr'><strong>Sichima,</strong></span> <span class='ocrx_word' id='word_1_161' title='bbox 854 1415 1057 1486; x_wconf 91' lang='lat' dir='ltr'><strong>regiam</strong></span> <span class='ocrx_word' id='word_1_162' title='bbox 1112 1418 1538 1472; x_wconf 86' lang='lat' dir='ltr'><strong>constituerunt.</strong></span> <span class='ocrx_word' id='word_1_163' title='bbox 1597 1418 1962 1484; x_wconf 87' lang='lat' dir='ltr'><strong>Quamobrem</strong></span> 
     </span>
    </p>
   </div>
   <div class='ocr_carea' id='block_1_22' title="bbox 383 1505 1956 1580">
    <p class='ocr_par' dir='ltr' id='par_1_22' title="bbox 383 1505 1956 1580">
     <span class='ocr_line' id='line_1_22' title="bbox 383 1505 1956 1580; baseline 0.004 -23"><span class='ocrx_word' id='word_1_164' title='bbox 383 1506 588 1561; x_wconf 81' lang='lat' dir='ltr'><strong>dictum</strong></span> <span class='ocrx_word' id='word_1_165' title='bbox 641 1517 766 1562; x_wconf 90' lang='lat' dir='ltr'><strong>est:</strong></span> <span class='ocrx_word' id='word_1_166' title='bbox 808 1524 828 1558; x_wconf 80' lang='grc' dir='ltr'><strong>ι</strong></span> <span class='ocrx_word' id='word_1_167' title='bbox 873 1505 1130 1577; x_wconf 83' lang='lat' dir='ltr'><strong>Ephraim</strong></span> <span class='ocrx_word' id='word_1_168' title='bbox 1191 1509 1456 1566; x_wconf 87' lang='lat' dir='ltr'><strong>fortitudo</strong></span> <span class='ocrx_word' id='word_1_169' title='bbox 1511 1512 1706 1580; x_wconf 88' lang='lat' dir='ltr'><strong>capitis</strong></span> <span class='ocrx_word' id='word_1_170' title='bbox 1748 1511 1888 1574; x_wconf 92' lang='lat' dir='ltr'><strong>mei,</strong></span> <span class='ocrx_word' id='word_1_171' title='bbox 1937 1532 1956 1564; x_wconf 77' lang='grc' dir='ltr'><strong>ι</strong></span> 
     </span>
    </p>
   </div>
   <div class='ocr_carea' id='block_1_23' title="bbox 385 1598 1961 1670">
    <p class='ocr_par' dir='ltr' id='par_1_23' title="bbox 385 1598 1961 1670">
     <span class='ocr_line' id='line_1_23' title="bbox 385 1598 1961 1670; baseline 0.005 -20"><span class='ocrx_word' id='word_1_172' title='bbox 385 1598 524 1664; x_wconf 85' lang='lat' dir='ltr'><strong>sive,</strong></span> <span class='ocrx_word' id='word_1_173' title='bbox 562 1617 582 1650; x_wconf 80' lang='grc' dir='ltr'><strong>ι</strong></span> <span class='ocrx_word' id='word_1_174' title='bbox 639 1599 808 1654; x_wconf 89' lang='lat' dir='ltr'><strong>robur</strong></span> <span class='ocrx_word' id='word_1_175' title='bbox 865 1599 1203 1669; x_wconf 88' lang='lat' dir='ltr'><strong>principatus</strong></span> <span class='ocrx_word' id='word_1_176' title='bbox 1260 1602 1387 1657; x_wconf 92' lang='lat' dir='ltr'><strong>mei.</strong></span> <span class='ocrx_word' id='word_1_177' title='bbox 1443 1621 1461 1654; x_wconf 77' lang='grc' dir='ltr'><strong>ι</strong></span> <span class='ocrx_word' id='word_1_178' title='bbox 1503 1602 1605 1670; x_wconf 92' lang='lat' dir='ltr'><strong>Qui</strong></span> <span class='ocrx_word' id='word_1_179' title='bbox 1664 1611 1843 1658; x_wconf 86' lang='lat' dir='ltr'><strong>autem</strong></span> <span class='ocrx_word' id='word_1_180' title='bbox 1893 1618 1961 1658; x_wconf 78' lang='lat' dir='ltr'><strong>ex</strong></span> 
     </span>
    </p>
   </div>
   <div class='ocr_carea' id='block_1_24' title="bbox 385 1689 1959 1763">
    <p class='ocr_par' dir='ltr' id='par_1_24' title="bbox 385 1689 1959 1763">
     <span class='ocr_line' id='line_1_24' title="bbox 385 1689 1959 1763; baseline 0.005 -19"><span class='ocrx_word' id='word_1_181' title='bbox 385 1689 530 1745; x_wconf 83' lang='lat' dir='ltr'><strong>tribu</strong></span> <span class='ocrx_word' id='word_1_182' title='bbox 558 1690 806 1746; x_wconf 81' lang='lat' dir='ltr'><strong>Manasse</strong></span> <span class='ocrx_word' id='word_1_183' title='bbox 852 1690 1094 1757; x_wconf 89' lang='lat' dir='ltr'><strong>fuerunt,</strong></span> <span class='ocrx_word' id='word_1_184' title='bbox 1138 1692 1338 1750; x_wconf 86' lang='lat' dir='ltr'><strong>Galaad</strong></span> <span class='ocrx_word' id='word_1_185' title='bbox 1375 1695 1714 1752; x_wconf 86' lang='lat' dir='ltr'><strong>obtinebant.</strong></span> <span class='ocrx_word' id='word_1_186' title='bbox 1779 1694 1959 1763; x_wconf 88' lang='lat' dir='ltr'><strong>Quare</strong></span> 
     </span>
    </p>
   </div>
   <div class='ocr_carea' id='block_1_25' title="bbox 382 1781 1958 1851">
    <p class='ocr_par' dir='ltr' id='par_1_25' title="bbox 382 1781 1958 1851">
     <span class='ocr_line' id='line_1_25' title="bbox 382 1781 1958 1851; baseline 0.005 -17"><span class='ocrx_word' id='word_1_187' title='bbox 382 1781 589 1836; x_wconf 90' lang='lat' dir='ltr'><strong>dictum</strong></span> <span class='ocrx_word' id='word_1_188' title='bbox 615 1791 699 1838; x_wconf 91' lang='lat' dir='ltr'><strong>est</strong></span> <span class='ocrx_word' id='word_1_189' title='bbox 725 1802 738 1838; x_wconf 89' lang='lat'><strong>:</strong></span> <span class='ocrx_word' id='word_1_190' title='bbox 779 1802 797 1836; x_wconf 80' lang='grc' dir='ltr'><strong>ι</strong></span> <span class='ocrx_word' id='word_1_191' title='bbox 836 1783 986 1838; x_wconf 80' lang='lat' dir='ltr'><strong>Meus</strong></span> <span class='ocrx_word' id='word_1_192' title='bbox 1015 1793 1098 1840; x_wconf 91' lang='lat' dir='ltr'><strong>est</strong></span> <span class='ocrx_word' id='word_1_193' title='bbox 1119 1784 1344 1851; x_wconf 87' lang='lat' dir='ltr'><strong>Galaad,</strong></span> <span class='ocrx_word' id='word_1_194' title='bbox 1367 1795 1421 1842; x_wconf 91' lang='lat' dir='ltr'><strong>et</strong></span> <span class='ocrx_word' id='word_1_195' title='bbox 1451 1803 1606 1843; x_wconf 89' lang='lat' dir='ltr'><strong>meus</strong></span> <span class='ocrx_word' id='word_1_196' title='bbox 1639 1795 1724 1844; x_wconf 85' lang='lat' dir='ltr'><strong>est</strong></span> <span class='ocrx_word' id='word_1_197' title='bbox 1750 1787 1958 1842; x_wconf 82' lang='lat' dir='ltr'><strong>Manas-</strong></span> 
     </span>
    </p>
   </div>
   <div class='ocr_carea' id='block_1_26' title="bbox 381 1873 1957 1944">
    <p class='ocr_par' dir='ltr' id='par_1_26' title="bbox 381 1873 1957 1944">
     <span class='ocr_line' id='line_1_26' title="bbox 381 1873 1957 1944; baseline 0.007 -17"><span class='ocrx_word' id='word_1_198' title='bbox 381 1889 490 1928; x_wconf 89' lang='lat' dir='ltr'><strong>ses.</strong></span> <span class='ocrx_word' id='word_1_199' title='bbox 532 1892 551 1925; x_wconf 73' lang='grc' dir='ltr'><strong>ι</strong></span> <span class='ocrx_word' id='word_1_200' title='bbox 586 1873 720 1928; x_wconf 89' lang='lat' dir='ltr'><strong>Nam</strong></span> <span class='ocrx_word' id='word_1_201' title='bbox 755 1875 907 1931; x_wconf 90' lang='lat' dir='ltr'><strong>locus</strong></span> <span class='ocrx_word' id='word_1_202' title='bbox 931 1876 1132 1931; x_wconf 88' lang='lat' dir='ltr'><strong>Galaad</strong></span> <span class='ocrx_word' id='word_1_203' title='bbox 1156 1887 1382 1934; x_wconf 88' lang='lat' dir='ltr'><strong>vocatus</strong></span> <span class='ocrx_word' id='word_1_204' title='bbox 1402 1888 1507 1944; x_wconf 90' lang='lat' dir='ltr'><strong>est,</strong></span> <span class='ocrx_word' id='word_1_205' title='bbox 1543 1890 1596 1936; x_wconf 91' lang='lat' dir='ltr'><strong>et</strong></span> <span class='ocrx_word' id='word_1_206' title='bbox 1624 1880 1957 1938; x_wconf 89' lang='lat' dir='ltr'><strong>habitatores</strong></span> 
     </span>
    </p>
   </div>
   <div class='ocr_carea' id='block_1_27' title="bbox 377 1963 1956 2040">
    <p class='ocr_par' dir='ltr' id='par_1_27' title="bbox 377 1963 1956 2040">
     <span class='ocr_line' id='line_1_27' title="bbox 377 1963 1956 2040; baseline 0.006 -21"><span class='ocrx_word' id='word_1_207' title='bbox 377 1963 658 2022; x_wconf 70' lang='lat' dir='ltr'><strong>Manasses</strong></span> <span class='ocrx_word' id='word_1_208' title='bbox 687 1968 942 2037; x_wconf 86' lang='lat' dir='ltr'><strong>appellati</strong></span> <span class='ocrx_word' id='word_1_209' title='bbox 997 1977 1148 2026; x_wconf 90' lang='lat' dir='ltr'><strong>sunt.</strong></span> <span class='ocrx_word' id='word_1_210' title='bbox 1189 1969 1259 2025; x_wconf 91' lang='lat' dir='ltr'><strong>Ut</strong></span> <span class='ocrx_word' id='word_1_211' title='bbox 1313 1972 1477 2040; x_wconf 87' lang='lat' dir='ltr'><strong>igitur</strong></span> <span class='ocrx_word' id='word_1_212' title='bbox 1519 1973 1594 2026; x_wconf 89' lang='lat' dir='ltr'><strong>illi</strong></span> <span class='ocrx_word' id='word_1_213' title='bbox 1622 2010 1639 2035; x_wconf 88' lang='lat'><strong>,</strong></span> <span class='ocrx_word' id='word_1_214' title='bbox 1680 1972 1788 2035; x_wconf 92' lang='lat' dir='ltr'><strong>ait,</strong></span> <span class='ocrx_word' id='word_1_215' title='bbox 1849 1974 1956 2029; x_wconf 88' lang='lat' dir='ltr'><strong>mei</strong></span> 
     </span>
    </p>
   </div>
   <div class='ocr_carea' id='block_1_28' title="bbox 380 2057 1956 2129">
    <p class='ocr_par' dir='ltr' id='par_1_28' title="bbox 380 2057 1956 2129">
     <span class='ocr_line' id='line_1_28' title="bbox 380 2057 1956 2129; baseline 0.009 -20"><span class='ocrx_word' id='word_1_216' title='bbox 380 2057 551 2126; x_wconf 88' lang='lat' dir='ltr'><strong>fuere,</strong></span> <span class='ocrx_word' id='word_1_217' title='bbox 585 2058 796 2114; x_wconf 84' lang='lat' dir='ltr'><strong>scilicet</strong></span> <span class='ocrx_word' id='word_1_218' title='bbox 847 2060 942 2114; x_wconf 84' lang='lat' dir='ltr'><strong>filii</strong></span> <span class='ocrx_word' id='word_1_219' title='bbox 975 2059 1246 2126; x_wconf 82' lang='lat' dir='ltr'><strong>Manasse,</strong></span> <span class='ocrx_word' id='word_1_220' title='bbox 1273 2062 1477 2118; x_wconf 88' lang='lat' dir='ltr'><strong>Galaad</strong></span> <span class='ocrx_word' id='word_1_221' title='bbox 1527 2066 1830 2121; x_wconf 84' lang='lat' dir='ltr'><strong>incolentes</strong></span> <span class='ocrx_word' id='word_1_222' title='bbox 1853 2106 1868 2129; x_wconf 86' lang='lat'><strong>.</strong></span> <span class='ocrx_word' id='word_1_223' title='bbox 1901 2075 1956 2123; x_wconf 92' lang='lat' dir='ltr'><strong>et</strong></span> 
     </span>
    </p>
   </div>
   <div class='ocr_carea' id='block_1_29' title="bbox 377 2149 1952 2223">
    <p class='ocr_par' dir='ltr' id='par_1_29' title="bbox 377 2149 1952 2223">
     <span class='ocr_line' id='line_1_29' title="bbox 377 2149 1952 2223; baseline 0.006 -21"><span class='ocrx_word' id='word_1_224' title='bbox 377 2149 470 2218; x_wconf 80' lang='lat' dir='ltr'><strong>qui</strong></span> <span class='ocrx_word' id='word_1_225' title='bbox 511 2150 567 2204; x_wconf 92' lang='lat' dir='ltr'><strong>in</strong></span> <span class='ocrx_word' id='word_1_226' title='bbox 603 2151 863 2208; x_wconf 87' lang='lat' dir='ltr'><strong>Sichimis</strong></span> <span class='ocrx_word' id='word_1_227' title='bbox 904 2153 1088 2223; x_wconf 89' lang='lat' dir='ltr'><strong>p0puli</strong></span> <span class='ocrx_word' id='word_1_228' title='bbox 1146 2152 1513 2223; x_wconf 90' lang='lat' dir='ltr'><strong>principatum</strong></span> <span class='ocrx_word' id='word_1_229' title='bbox 1551 2165 1813 2220; x_wconf 88' lang='lat' dir='ltr'><strong>tenuere,</strong></span> <span class='ocrx_word' id='word_1_230' title='bbox 1858 2157 1952 2213; x_wconf 83' lang='lat' dir='ltr'><strong>filii</strong></span> 
     </span>
    </p>
   </div>
   <div class='ocr_carea' id='block_1_30' title="bbox 377 2238 1952 2314">
    <p class='ocr_par' dir='ltr' id='par_1_30' title="bbox 377 2238 1952 2314">
     <span class='ocr_line' id='line_1_30' title="bbox 377 2238 1952 2314; baseline 0.006 -22"><span class='ocrx_word' id='word_1_231' title='bbox 377 2238 667 2310; x_wconf 79' lang='lat' dir='ltr'><strong>Ephraim;</strong></span> <span class='ocrx_word' id='word_1_232' title='bbox 697 2241 830 2311; x_wconf 89' lang='lat' dir='ltr'><strong>quin</strong></span> <span class='ocrx_word' id='word_1_233' title='bbox 860 2241 1024 2295; x_wconf 89' lang='lat' dir='ltr'><strong>etiam</strong></span> <span class='ocrx_word' id='word_1_234' title='bbox 1064 2250 1124 2295; x_wconf 89' lang='lat' dir='ltr'><strong>ut</strong></span> <span class='ocrx_word' id='word_1_235' title='bbox 1180 2243 1218 2298; x_wconf 92' lang='lat' dir='ltr'><strong>ii</strong></span> <span class='ocrx_word' id='word_1_236' title='bbox 1278 2245 1370 2312; x_wconf 89' lang='lat' dir='ltr'><strong>qui</strong></span> <span class='ocrx_word' id='word_1_237' title='bbox 1419 2244 1474 2298; x_wconf 90' lang='lat' dir='ltr'><strong>in</strong></span> <span class='ocrx_word' id='word_1_238' title='bbox 1507 2246 1622 2314; x_wconf 87' lang='lat' dir='ltr'><strong>ipsa</strong></span> <span class='ocrx_word' id='word_1_239' title='bbox 1650 2245 1952 2301; x_wconf 83' lang='lat' dir='ltr'><strong>Jerusalem</strong></span> 
     </span>
    </p>
   </div>
   <div class='ocr_carea' id='block_1_31' title="bbox 379 2329 1950 2408">
    <p class='ocr_par' dir='ltr' id='par_1_31' title="bbox 379 2329 1950 2408">
     <span class='ocr_line' id='line_1_31' title="bbox 379 2329 1950 2408; baseline 0.006 -24"><span class='ocrx_word' id='word_1_240' title='bbox 379 2330 681 2399; x_wconf 81' lang='lat' dir='ltr'><strong>regnabant</strong></span> <span class='ocrx_word' id='word_1_241' title='bbox 731 2346 796 2386; x_wconf 82' lang='lat' dir='ltr'><strong>ex</strong></span> <span class='ocrx_word' id='word_1_242' title='bbox 857 2331 1002 2387; x_wconf 90' lang='lat' dir='ltr'><strong>tribu</strong></span> <span class='ocrx_word' id='word_1_243' title='bbox 1037 2329 1210 2399; x_wconf 24' lang='lat' dir='ltr'><strong>.Juda,</strong></span> <span class='ocrx_word' id='word_1_244' title='bbox 1247 2335 1352 2388; x_wconf 88' lang='lat' dir='ltr'><strong>mei</strong></span> <span class='ocrx_word' id='word_1_245' title='bbox 1390 2343 1444 2390; x_wconf 92' lang='lat' dir='ltr'><strong>et</strong></span> <span class='ocrx_word' id='word_1_246' title='bbox 1502 2351 1636 2392; x_wconf 75' lang='lat' dir='ltr'><strong>meae</strong></span> <span class='ocrx_word' id='word_1_247' title='bbox 1685 2338 1950 2408; x_wconf 87' lang='lat' dir='ltr'><strong>portionis</strong></span> 
     </span>
    </p>
   </div>
   <div class='ocr_carea' id='block_1_32' title="bbox 376 2421 1952 2499">
    <p class='ocr_par' dir='ltr' id='par_1_32' title="bbox 376 2421 1952 2499">
     <span class='ocr_line' id='line_1_32' title="bbox 376 2421 1952 2499; baseline 0.008 -29"><span class='ocrx_word' id='word_1_248' title='bbox 376 2423 536 2471; x_wconf 91' lang='lat' dir='ltr'><strong>crant</strong></span> <span class='ocrx_word' id='word_1_249' title='bbox 580 2433 764 2489; x_wconf 89' lang='lat' dir='ltr'><strong>reges;</strong></span> <span class='ocrx_word' id='word_1_250' title='bbox 804 2421 886 2475; x_wconf 75' lang='lat' dir='ltr'><strong>sic</strong></span> <span class='ocrx_word' id='word_1_251' title='bbox 932 2421 1225 2492; x_wconf 91' lang='lat' dir='ltr'><strong>aliquando</strong></span> <span class='ocrx_word' id='word_1_252' title='bbox 1273 2440 1405 2480; x_wconf 70' lang='lat' dir='ltr'><strong>meae</strong></span> <span class='ocrx_word' id='word_1_253' title='bbox 1431 2435 1593 2482; x_wconf 90' lang='lat' dir='ltr'><strong>erunt</strong></span> <span class='ocrx_word' id='word_1_254' title='bbox 1635 2429 1952 2499; x_wconf 62' lang='lat' dir='ltr'><strong>alienigenae</strong></span> 
     </span>
    </p>
   </div>
   <div class='ocr_carea' id='block_1_33' title="bbox 378 2508 1950 2587">
    <p class='ocr_par' dir='ltr' id='par_1_33' title="bbox 378 2508 1950 2587">
     <span class='ocr_line' id='line_1_33' title="bbox 378 2508 1950 2587; baseline 0.01 -27"><span class='ocrx_word' id='word_1_255' title='bbox 378 2515 587 2576; x_wconf 83' lang='lat' dir='ltr'><strong>gentes.</strong></span> <span class='ocrx_word' id='word_1_256' title='bbox 634 2508 834 2566; x_wconf 87' lang='lat' dir='ltr'><strong>Omnes</strong></span> <span class='ocrx_word' id='word_1_257' title='bbox 861 2527 1025 2582; x_wconf 87' lang='lat' dir='ltr'><strong>porro</strong></span> <span class='ocrx_word' id='word_1_258' title='bbox 1070 2513 1402 2586; x_wconf 75' lang='lat' dir='ltr'><strong>alienigenas</strong></span> <span class='ocrx_word' id='word_1_259' title='bbox 1430 2533 1525 2587; x_wconf 88' lang='lat' dir='ltr'><strong>per</strong></span> <span class='ocrx_word' id='word_1_260' title='bbox 1550 2519 1708 2574; x_wconf 78' lang='lat' dir='ltr'><strong>Moab</strong></span> <span class='ocrx_word' id='word_1_261' title='bbox 1733 2531 1782 2576; x_wconf 83' lang='lat' dir='ltr'><strong>et</strong></span> <span class='ocrx_word' id='word_1_262' title='bbox 1825 2519 1950 2574; x_wconf 85' lang='lat' dir='ltr'><strong>ldu-</strong></span> 
     </span>
    </p>
   </div>
   <div class='ocr_carea' id='block_1_34' title="bbox 378 2600 1948 2682">
    <p class='ocr_par' dir='ltr' id='par_1_34' title="bbox 378 2600 1948 2682">
     <span class='ocr_line' id='line_1_34' title="bbox 378 2600 1948 2682; baseline 0.01 -31"><span class='ocrx_word' id='word_1_263' title='bbox 378 2612 567 2653; x_wconf 61' lang='lat' dir='ltr'><strong>luteam</strong></span> <span class='ocrx_word' id='word_1_264' title='bbox 598 2600 836 2667; x_wconf 88' lang='lat' dir='ltr'><strong>indicat,</strong></span> <span class='ocrx_word' id='word_1_265' title='bbox 890 2603 945 2658; x_wconf 93' lang='lat' dir='ltr'><strong>in</strong></span> <span class='ocrx_word' id='word_1_266' title='bbox 984 2603 1196 2660; x_wconf 89' lang='lat' dir='ltr'><strong>duabus</strong></span> <span class='ocrx_word' id='word_1_267' title='bbox 1251 2607 1360 2663; x_wconf 92' lang='lat' dir='ltr'><strong>illis</strong></span> <span class='ocrx_word' id='word_1_268' title='bbox 1397 2609 1688 2679; x_wconf 78' lang='lat' dir='ltr'><strong>gentibus,</strong></span> <span class='ocrx_word' id='word_1_269' title='bbox 1748 2613 1948 2682; x_wconf 88' lang='lat' dir='ltr'><strong>quibus</strong></span> 
     </span>
    </p>
   </div>
   <div class='ocr_carea' id='block_1_35' title="bbox 379 2690 1945 2774">
    <p class='ocr_par' dir='ltr' id='par_1_35' title="bbox 379 2690 1945 2774">
     <span class='ocr_line' id='line_1_35' title="bbox 379 2690 1945 2774; baseline 0.013 -35"><span class='ocrx_word' id='word_1_270' title='bbox 379 2690 707 2758; x_wconf 85' lang='lat' dir='ltr'><strong>prohibitum</strong></span> <span class='ocrx_word' id='word_1_271' title='bbox 739 2702 858 2749; x_wconf 89' lang='lat' dir='ltr'><strong>erat</strong></span> <span class='ocrx_word' id='word_1_272' title='bbox 889 2695 1098 2766; x_wconf 80' lang='lat' dir='ltr'><strong>ingredi</strong></span> <span class='ocrx_word' id='word_1_273' title='bbox 1138 2697 1195 2752; x_wconf 91' lang='lat' dir='ltr'><strong>in</strong></span> <span class='ocrx_word' id='word_1_274' title='bbox 1217 2696 1513 2754; x_wconf 86' lang='lat' dir='ltr'><strong>Ecclesiam</strong></span> <span class='ocrx_word' id='word_1_275' title='bbox 1549 2701 1663 2765; x_wconf 90' lang='lat' dir='ltr'><strong>Dei,</strong></span> <span class='ocrx_word' id='word_1_276' title='bbox 1705 2705 1945 2774; x_wconf 89' lang='lat' dir='ltr'><strong>reliquas</strong></span> 
     </span>
    </p>
   </div>
   <div class='ocr_carea' id='block_1_36' title="bbox 374 2785 1939 2862">
    <p class='ocr_par' dir='ltr' id='par_1_36' title="bbox 374 2785 1939 2862">
     <span class='ocr_line' id='line_1_36' title="bbox 374 2785 1939 2862; baseline 0.012 -31"><span class='ocrx_word' id='word_1_277' title='bbox 374 2795 564 2836; x_wconf 76' lang='lat' dir='ltr'><strong>omnes</strong></span> <span class='ocrx_word' id='word_1_278' title='bbox 613 2798 719 2837; x_wconf 90' lang='lat' dir='ltr'><strong>una</strong></span> <span class='ocrx_word' id='word_1_279' title='bbox 778 2786 1113 2854; x_wconf 80' lang='lat' dir='ltr'><strong>complexus.</strong></span> <span class='ocrx_word' id='word_1_280' title='bbox 1189 2785 1461 2857; x_wconf 89' lang='lat' dir='ltr'><strong>Scriptum</strong></span> <span class='ocrx_word' id='word_1_281' title='bbox 1520 2806 1755 2862; x_wconf 81' lang='lat' dir='ltr'><strong>namque</strong></span> <span class='ocrx_word' id='word_1_282' title='bbox 1814 2804 1939 2848; x_wconf 89' lang='lat' dir='ltr'><strong>est:</strong></span> 
     </span>
    </p>
   </div>
   <div class='ocr_carea' id='block_1_37' title="bbox 379 2870 1943 2946">
    <p class='ocr_par' dir='ltr' id='par_1_37' title="bbox 379 2870 1943 2946">
     <span class='ocr_line' id='line_1_37' title="bbox 379 2870 1943 2946; baseline 0.01 -26"><span class='ocrx_word' id='word_1_283' title='bbox 379 2887 398 2920; x_wconf 79' lang='grc' dir='ltr'><strong>ι</strong></span> <span class='ocrx_word' id='word_1_284' title='bbox 434 2870 756 2930; x_wconf 75' lang='lat' dir='ltr'><strong>Ammonita:</strong></span> <span class='ocrx_word' id='word_1_285' title='bbox 786 2881 840 2928; x_wconf 86' lang='lat' dir='ltr'><strong>et</strong></span> <span class='ocrx_word' id='word_1_286' title='bbox 866 2874 1113 2929; x_wconf 74' lang='lat' dir='ltr'><strong>Moabita:</strong></span> <span class='ocrx_word' id='word_1_287' title='bbox 1143 2891 1249 2930; x_wconf 92' lang='lat' dir='ltr'><strong>nou</strong></span> <span class='ocrx_word' id='word_1_288' title='bbox 1274 2876 1648 2946; x_wconf 80' lang='lat' dir='ltr'><strong>ingredientur</strong></span> <span class='ocrx_word' id='word_1_289' title='bbox 1669 2880 1723 2934; x_wconf 92' lang='lat' dir='ltr'><strong>in</strong></span> <span class='ocrx_word' id='word_1_290' title='bbox 1757 2882 1943 2935; x_wconf 76' lang='lat' dir='ltr'><strong>Eccle-</strong></span> 
     </span>
    </p>
   </div>
   <div class='ocr_carea' id='block_1_38' title="bbox 375 2957 1939 3042">
    <p class='ocr_par' dir='ltr' id='par_1_38' title="bbox 375 2957 1939 3042">
     <span class='ocr_line' id='line_1_38' title="bbox 375 2957 1939 3042; baseline 0.008 -29"><span class='ocrx_word' id='word_1_291' title='bbox 375 2960 512 3015; x_wconf 86' lang='lat' dir='ltr'><strong>siam</strong></span> <span class='ocrx_word' id='word_1_292' title='bbox 539 2957 772 3029; x_wconf 80' lang='lat' dir='ltr'><strong>Domini,</strong></span> <span class='ocrx_word' id='word_1_293' title='bbox 811 2981 984 3035; x_wconf 90' lang='lat' dir='ltr'><strong>usque</strong></span> <span class='ocrx_word' id='word_1_294' title='bbox 1005 2967 1072 3020; x_wconf 91' lang='lat' dir='ltr'><strong>ad</strong></span> <span class='ocrx_word' id='word_1_295' title='bbox 1105 2969 1316 3022; x_wconf 88' lang='lat' dir='ltr'><strong>tertiam</strong></span> <span class='ocrx_word' id='word_1_296' title='bbox 1351 2977 1404 3023; x_wconf 91' lang='lat' dir='ltr'><strong>et</strong></span> <span class='ocrx_word' id='word_1_297' title='bbox 1435 2979 1684 3039; x_wconf 89' lang='lat' dir='ltr'><strong>quartam</strong></span> <span class='ocrx_word' id='word_1_298' title='bbox 1711 2988 1939 3042; x_wconf 85' lang='lat' dir='ltr'><strong>genera-</strong></span> 
     </span>
    </p>
   </div>
   <div class='ocr_carea' id='block_1_39' title="bbox 2132 1143 3633 1220">
    <p class='ocr_par' dir='ltr' id='par_1_39' title="bbox 2132 1143 3633 1220">
     <span class='ocr_line' id='line_1_39' title="bbox 2132 1143 3633 1220; baseline 0.003 -25"><span class='ocrx_word' id='word_1_299' title='bbox 2132 1143 2236 1196; x_wconf 89' lang='grc' dir='ltr'><strong>Δύο</strong></span> <span class='ocrx_word' id='word_1_300' title='bbox 2262 1143 2316 1196; x_wconf 85' lang='grc' dir='ltr'><strong>δὲ</strong></span> <span class='ocrx_word' id='word_1_301' title='bbox 2361 1143 2564 1196; x_wconf 79' lang='grc' dir='ltr'>παίδων</span> <span class='ocrx_word' id='word_1_302' title='bbox 2592 1145 2894 1215; x_wconf 79' lang='grc' dir='ltr'>γενομένων</span> <span class='ocrx_word' id='word_1_303' title='bbox 2913 1144 2989 1215; x_wconf 80' lang='grc' dir='ltr'>τῷ</span> <span class='ocrx_word' id='word_1_304' title='bbox 3022 1145 3238 1216; x_wconf 84' lang='grc' dir='ltr'>Ἰωσὴφ,</span> <span class='ocrx_word' id='word_1_305' title='bbox 3261 1146 3354 1200; x_wconf 90' lang='grc' dir='ltr'><strong>τοῦ</strong></span> <span class='ocrx_word' id='word_1_306' title='bbox 3396 1146 3633 1220; x_wconf 74' lang='grc' dir='ltr'>Ἐφραίμ</span> 
     </span>
    </p>
   </div>
   <div class='ocr_carea' id='block_1_40' title="bbox 2063 1233 3631 1307">
    <p class='ocr_par' dir='ltr' id='par_1_40' title="bbox 2063 1233 3631 1307">
     <span class='ocr_line' id='line_1_40' title="bbox 2063 1233 3631 1307; baseline 0.003 -19"><span class='ocrx_word' id='word_1_307' title='bbox 2063 1236 2154 1288; x_wconf 77' lang='grc' dir='ltr'><strong>καὶ</strong></span> <span class='ocrx_word' id='word_1_308' title='bbox 2179 1233 2272 1287; x_wconf 92' lang='grc' dir='ltr'><strong>τοῦ</strong></span> <span class='ocrx_word' id='word_1_309' title='bbox 2298 1235 2584 1304; x_wconf 84' lang='grc' dir='ltr'>Μανασσῆ,</span> <span class='ocrx_word' id='word_1_310' title='bbox 2617 1239 2661 1289; x_wconf 86' lang='lat' dir='ltr'><strong>oi</strong></span> <span class='ocrx_word' id='word_1_311' title='bbox 2698 1237 2794 1306; x_wconf 83' lang='grc' dir='ltr'>μὲν</span> <span class='ocrx_word' id='word_1_312' title='bbox 2823 1235 2915 1288; x_wconf 90' lang='grc' dir='ltr'><strong>τοῦ</strong></span> <span class='ocrx_word' id='word_1_313' title='bbox 2957 1237 3212 1307; x_wconf 80' lang='grc' dir='ltr'>Ἐφραῒμ,</span> <span class='ocrx_word' id='word_1_314' title='bbox 3237 1238 3631 1306; x_wconf 55' lang='grc' dir='ltr'>ἀποτειχίσαντες</span> 
     </span>
    </p>
   </div>
   <div class='ocr_carea' id='block_1_41' title="bbox 2061 1326 3630 1403">
    <p class='ocr_par' dir='ltr' id='par_1_41' title="bbox 2061 1326 3630 1403">
     <span class='ocr_line' id='line_1_41' title="bbox 2061 1326 3630 1403; baseline 0.003 -25"><span class='ocrx_word' id='word_1_315' title='bbox 2061 1327 2158 1396; x_wconf 81' lang='grc' dir='ltr'><strong>τῆς</strong></span> <span class='ocrx_word' id='word_1_316' title='bbox 2200 1326 2568 1396; x_wconf 82' lang='grc' dir='ltr'>Ἰερουσαλὴμ,</span> <span class='ocrx_word' id='word_1_317' title='bbox 2596 1329 2651 1379; x_wconf 83' lang='grc' dir='ltr'><strong>ἐν</strong></span> <span class='ocrx_word' id='word_1_318' title='bbox 2674 1330 2738 1397; x_wconf 80' lang='grc' dir='ltr'><strong>τῇ</strong></span> <span class='ocrx_word' id='word_1_319' title='bbox 2764 1327 3043 1398; x_wconf 63' lang='grc' dir='ltr'>Σαμαρείᾳ</span> <span class='ocrx_word' id='word_1_320' title='bbox 3064 1329 3157 1380; x_wconf 57' lang='grc' dir='ltr'><strong>καὶ⁵</strong></span> <span class='ocrx_word' id='word_1_321' title='bbox 3182 1331 3246 1397; x_wconf 79' lang='grc' dir='ltr'>τῇ</span> <span class='ocrx_word' id='word_1_322' title='bbox 3273 1328 3630 1403; x_wconf 78' lang='grc' dir='ltr'>προλεχθείσῃ</span> 
     </span>
    </p>
   </div>
   <div class='ocr_carea' id='block_1_42' title="bbox 2061 1417 3630 1489">
    <p class='ocr_par' dir='ltr' id='par_1_42' title="bbox 2061 1417 3630 1489">
     <span class='ocr_line' id='line_1_42' title="bbox 2061 1417 3630 1489; baseline 0.003 -20"><span class='ocrx_word' id='word_1_323' title='bbox 2061 1417 2244 1486; x_wconf 85' lang='grc' dir='ltr'>Συχὲμ</span> <span class='ocrx_word' id='word_1_324' title='bbox 2277 1419 2343 1487; x_wconf 77' lang='grc' dir='ltr'>τῇ</span> <span class='ocrx_word' id='word_1_325' title='bbox 2379 1419 2472 1470; x_wconf 71' lang='grc' dir='ltr'><strong>καὶ</strong></span> <span class='ocrx_word' id='word_1_326' title='bbox 2500 1417 2696 1488; x_wconf 86' lang='grc' dir='ltr'>Σίκιμα</span> <span class='ocrx_word' id='word_1_327' title='bbox 2745 1419 3078 1489; x_wconf 83' lang='grc' dir='ltr'>συνέστησαν</span> <span class='ocrx_word' id='word_1_328' title='bbox 3117 1419 3178 1472; x_wconf 86' lang='grc' dir='ltr'><strong>τὸ</strong></span> <span class='ocrx_word' id='word_1_329' title='bbox 3222 1420 3487 1489; x_wconf 75' lang='grc' dir='ltr'>βασίλειον</span> <span class='ocrx_word' id='word_1_330' title='bbox 3507 1439 3521 1451; x_wconf 87' lang='grc'><strong>·</strong></span> <span class='ocrx_word' id='word_1_331' title='bbox 3549 1421 3630 1473; x_wconf 80' lang='grc' dir='ltr'><strong>διὸ</strong></span> 
     </span>
    </p>
   </div>
   <div class='ocr_carea' id='block_1_43' title="bbox 2058 1507 3622 1581">
    <p class='ocr_par' dir='ltr' id='par_1_43' title="bbox 2058 1507 3622 1581">
     <span class='ocr_line' id='line_1_43' title="bbox 2058 1507 3622 1581; baseline 0.003 -21"><span class='ocrx_word' id='word_1_332' title='bbox 2058 1507 2333 1561; x_wconf 88' lang='grc' dir='ltr'>λέλεκται·</span> <span class='ocrx_word' id='word_1_333' title='bbox 2358 1528 2376 1560; x_wconf 83' lang='grc' dir='ltr'><strong>ι</strong></span> <span class='ocrx_word' id='word_1_334' title='bbox 2419 1508 2655 1580; x_wconf 77' lang='grc' dir='ltr'>Ἐφραῒμ</span> <span class='ocrx_word' id='word_1_335' title='bbox 2684 1509 3013 1580; x_wconf 87' lang='grc' dir='ltr'>κραταίωσις</span> <span class='ocrx_word' id='word_1_336' title='bbox 3042 1509 3143 1580; x_wconf 82' lang='grc' dir='ltr'>τῆς</span> <span class='ocrx_word' id='word_1_337' title='bbox 3176 1510 3416 1580; x_wconf 78' lang='grc' dir='ltr'>κεφαλῆς</span> <span class='ocrx_word' id='word_1_338' title='bbox 3448 1529 3572 1581; x_wconf 87' lang='grc' dir='ltr'>μου,</span> <span class='ocrx_word' id='word_1_339' title='bbox 3603 1532 3622 1564; x_wconf 70' lang='grc' dir='ltr'><strong>ι</strong></span> 
     </span>
    </p>
   </div>
   <div class='ocr_carea' id='block_1_44' title="bbox 2057 1597 3625 1669">
    <p class='ocr_par' dir='ltr' id='par_1_44' title="bbox 2057 1597 3625 1669">
     <span class='ocr_line' id='line_1_44' title="bbox 2057 1597 3625 1669; baseline 0.001 -21"><span class='ocrx_word' id='word_1_340' title='bbox 2057 1599 2114 1669; x_wconf 78' lang='grc' dir='ltr'>ἢ,</span> <span class='ocrx_word' id='word_1_341' title='bbox 2151 1617 2168 1648; x_wconf 79' lang='grc' dir='ltr'><strong>ι</strong></span> <span class='ocrx_word' id='word_1_342' title='bbox 2215 1599 2365 1669; x_wconf 84' lang='grc' dir='ltr'>ἰσχὺς</span> <span class='ocrx_word' id='word_1_343' title='bbox 2391 1598 2488 1669; x_wconf 80' lang='grc' dir='ltr'>τῆς</span> <span class='ocrx_word' id='word_1_344' title='bbox 2522 1599 2693 1669; x_wconf 83' lang='grc' dir='ltr'>ἀρχῆς</span> <span class='ocrx_word' id='word_1_345' title='bbox 2727 1614 2858 1668; x_wconf 77' lang='grc' dir='ltr'>μουο</span> <span class='ocrx_word' id='word_1_346' title='bbox 2899 1618 2915 1650; x_wconf 75' lang='grc' dir='ltr'><strong>ι</strong></span> <span class='ocrx_word' id='word_1_347' title='bbox 2955 1599 3000 1649; x_wconf 84' lang='grc' dir='ltr'><strong>οἱ</strong></span> <span class='ocrx_word' id='word_1_348' title='bbox 3033 1597 3088 1649; x_wconf 83' lang='grc' dir='ltr'>δὲ</span> <span class='ocrx_word' id='word_1_349' title='bbox 3118 1601 3182 1651; x_wconf 81' lang='grc' dir='ltr'><strong>ἐκ</strong></span> <span class='ocrx_word' id='word_1_350' title='bbox 3221 1597 3314 1651; x_wconf 91' lang='grc' dir='ltr'><strong>τοῦ</strong></span> <span class='ocrx_word' id='word_1_351' title='bbox 3359 1599 3625 1668; x_wconf 82' lang='grc' dir='ltr'>Μανασσῆ</span> 
     </span>
    </p>
   </div>
   <div class='ocr_carea' id='block_1_45' title="bbox 2058 1691 3626 1763">
    <p class='ocr_par' dir='ltr' id='par_1_45' title="bbox 2058 1691 3626 1763">
     <span class='ocr_line' id='line_1_45' title="bbox 2058 1691 3626 1763; baseline 0.001 -21"><span class='ocrx_word' id='word_1_352' title='bbox 2058 1691 2338 1760; x_wconf 87' lang='grc' dir='ltr'>γενόμενοι</span> <span class='ocrx_word' id='word_1_353' title='bbox 2395 1691 2549 1761; x_wconf 76' lang='grc' dir='ltr'>ἔσχον</span> <span class='ocrx_word' id='word_1_354' title='bbox 2595 1693 2694 1761; x_wconf 80' lang='grc' dir='ltr'><strong>τὴν</strong></span> <span class='ocrx_word' id='word_1_355' title='bbox 2733 1691 2971 1744; x_wconf 75' lang='grc' dir='ltr'>Γαλαάδο</span> <span class='ocrx_word' id='word_1_356' title='bbox 3013 1691 3092 1744; x_wconf 83' lang='grc' dir='ltr'>διὸ</span> <span class='ocrx_word' id='word_1_357' title='bbox 3144 1691 3384 1763; x_wconf 78' lang='grc' dir='ltr'>εἴρηται·</span> <span class='ocrx_word' id='word_1_358' title='bbox 3409 1710 3428 1741; x_wconf 74' lang='grc' dir='ltr'><strong>ι</strong></span> <span class='ocrx_word' id='word_1_359' title='bbox 3466 1692 3626 1761; x_wconf 86' lang='grc' dir='ltr'>Ἐμός</span> 
     </span>
    </p>
   </div>
   <div class='ocr_carea' id='block_1_46' title="bbox 2059 1783 3626 1854">
    <p class='ocr_par' dir='ltr' id='par_1_46' title="bbox 2059 1783 3626 1854">
     <span class='ocr_line' id='line_1_46' title="bbox 2059 1783 3626 1854; baseline -0.001 -18"><span class='ocrx_word' id='word_1_360' title='bbox 2059 1786 2174 1836; x_wconf 85' lang='grc' dir='ltr'>ἐστι</span> <span class='ocrx_word' id='word_1_361' title='bbox 2199 1783 2426 1848; x_wconf 83' lang='grc' dir='ltr'><strong>Γαλαὰδ,</strong></span> <span class='ocrx_word' id='word_1_362' title='bbox 2456 1786 2550 1837; x_wconf 72' lang='grc' dir='ltr'><strong>καὶ</strong></span> <span class='ocrx_word' id='word_1_363' title='bbox 2583 1784 2713 1854; x_wconf 85' lang='grc' dir='ltr'>ἐμός</span> <span class='ocrx_word' id='word_1_364' title='bbox 2742 1785 2856 1837; x_wconf 84' lang='grc' dir='ltr'>ἐστι</span> <span class='ocrx_word' id='word_1_365' title='bbox 2886 1784 3198 1854; x_wconf 82' lang='grc' dir='ltr'>Μανασσῆς.</span> <span class='ocrx_word' id='word_1_366' title='bbox 3236 1804 3254 1835; x_wconf 73' lang='grc' dir='ltr'><strong>ι</strong></span> <span class='ocrx_word' id='word_1_367' title='bbox 3301 1784 3358 1837; x_wconf 88' lang='grc'><strong>’0</strong></span> <span class='ocrx_word' id='word_1_368' title='bbox 3388 1783 3484 1853; x_wconf 75' lang='grc' dir='ltr'>μὲν</span> <span class='ocrx_word' id='word_1_369' title='bbox 3517 1784 3626 1854; x_wconf 69' lang='grc' dir='ltr'>γὰρ</span> 
     </span>
    </p>
   </div>
   <div class='ocr_carea' id='block_1_47' title="bbox 2055 1876 3626 1949">
    <p class='ocr_par' dir='ltr' id='par_1_47' title="bbox 2055 1876 3626 1949">
     <span class='ocr_line' id='line_1_47' title="bbox 2055 1876 3626 1949; baseline 0.002 -20"><span class='ocrx_word' id='word_1_370' title='bbox 2055 1876 2217 1940; x_wconf 82' lang='grc' dir='ltr'><strong>τόπος</strong></span> <span class='ocrx_word' id='word_1_371' title='bbox 2247 1878 2312 1930; x_wconf 83' lang='grc' dir='ltr'><strong>ἐκ</strong></span> <span class='ocrx_word' id='word_1_372' title='bbox 2343 1878 2437 1931; x_wconf 90' lang='grc' dir='ltr'><strong>τοῦ</strong></span> <span class='ocrx_word' id='word_1_373' title='bbox 2475 1877 2684 1932; x_wconf 82' lang='grc' dir='ltr'>Γαλαὰδ</span> <span class='ocrx_word' id='word_1_374' title='bbox 2718 1877 3062 1948; x_wconf 80' lang='grc' dir='ltr'>ἐσημαίνετο,</span> <span class='ocrx_word' id='word_1_375' title='bbox 3087 1880 3136 1930; x_wconf 89' lang='grc' dir='ltr'><strong>οί</strong></span> <span class='ocrx_word' id='word_1_376' title='bbox 3173 1877 3229 1930; x_wconf 85' lang='grc' dir='ltr'>δὲ</span> <span class='ocrx_word' id='word_1_377' title='bbox 3254 1879 3532 1949; x_wconf 80' lang='grc' dir='ltr'>οἰκήτορες</span> <span class='ocrx_word' id='word_1_378' title='bbox 3561 1881 3626 1932; x_wconf 89' lang='grc' dir='ltr'><strong>ἐκ</strong></span> 
     </span>
    </p>
   </div>
   <div class='ocr_carea' id='block_1_48' title="bbox 2053 1962 3624 2038">
    <p class='ocr_par' dir='ltr' id='par_1_48' title="bbox 2053 1962 3624 2038">
     <span class='ocr_line' id='line_1_48' title="bbox 2053 1962 3624 2038; baseline 0.002 -21"><span class='ocrx_word' id='word_1_379' title='bbox 2053 1967 2148 2018; x_wconf 85' lang='grc' dir='ltr'><strong>τοῦ</strong></span> <span class='ocrx_word' id='word_1_380' title='bbox 2200 1967 2484 2038; x_wconf 83' lang='grc' dir='ltr'>Μανασσῆ.</span> <span class='ocrx_word' id='word_1_381' title='bbox 2545 1968 2752 2038; x_wconf 84' lang='grc' dir='ltr'>’Ὠσπερ</span> <span class='ocrx_word' id='word_1_382' title='bbox 2795 1963 2887 2019; x_wconf 80' lang='grc' dir='ltr'>οὖν</span> <span class='ocrx_word' id='word_1_383' title='bbox 2941 1962 3106 2029; x_wconf 80' lang='grc' dir='ltr'>οῦτοι,</span> <span class='ocrx_word' id='word_1_384' title='bbox 3146 1967 3312 2034; x_wconf 82' lang='grc' dir='ltr'>φησὶ,</span> <span class='ocrx_word' id='word_1_385' title='bbox 3341 1969 3624 2036; x_wconf 85' lang='grc' dir='ltr'>γεγόνασιν</span> 
     </span>
    </p>
   </div>
   <div class='ocr_carea' id='block_1_49' title="bbox 2054 2057 3624 2129">
    <p class='ocr_par' dir='ltr' id='par_1_49' title="bbox 2054 2057 3624 2129">
     <span class='ocr_line' id='line_1_49' title="bbox 2054 2057 3624 2129; baseline 0.001 -20"><span class='ocrx_word' id='word_1_386' title='bbox 2054 2058 2198 2128; x_wconf 72' lang='grc' dir='ltr'>ἐμοὶ,</span> <span class='ocrx_word' id='word_1_387' title='bbox 2226 2057 2279 2110; x_wconf 83' lang='grc' dir='ltr'>οῖ</span> <span class='ocrx_word' id='word_1_388' title='bbox 2301 2074 2360 2109; x_wconf 88' lang='grc' dir='ltr'><strong>τε</strong></span> <span class='ocrx_word' id='word_1_389' title='bbox 2393 2057 2488 2129; x_wconf 84' lang='grc' dir='ltr'>τὴν</span> <span class='ocrx_word' id='word_1_390' title='bbox 2512 2058 2722 2112; x_wconf 77' lang='grc' dir='ltr'>Γαλαὰδ</span> <span class='ocrx_word' id='word_1_391' title='bbox 2747 2060 3064 2127; x_wconf 76' lang='grc' dir='ltr'>οἰκήσαντες</span> <span class='ocrx_word' id='word_1_392' title='bbox 3091 2059 3194 2111; x_wconf 86' lang='grc' dir='ltr'><strong>υἱοὶ</strong></span> <span class='ocrx_word' id='word_1_393' title='bbox 3223 2059 3512 2129; x_wconf 82' lang='grc' dir='ltr'>Μανασσῆ,</span> <span class='ocrx_word' id='word_1_394' title='bbox 3531 2061 3624 2113; x_wconf 73' lang='grc' dir='ltr'><strong>καὶ</strong></span> 
     </span>
    </p>
   </div>
   <div class='ocr_carea' id='block_1_50' title="bbox 2052 2147 3618 2221">
    <p class='ocr_par' dir='ltr' id='par_1_50' title="bbox 2052 2147 3618 2221">
     <span class='ocr_line' id='line_1_50' title="bbox 2052 2147 3618 2221; baseline 0.001 -23"><span class='ocrx_word' id='word_1_395' title='bbox 2052 2147 2101 2198; x_wconf 92' lang='grc' dir='ltr'>οί</span> <span class='ocrx_word' id='word_1_396' title='bbox 2148 2150 2204 2199; x_wconf 87' lang='grc' dir='ltr'>ὲν</span> <span class='ocrx_word' id='word_1_397' title='bbox 2250 2148 2493 2218; x_wconf 81' lang='grc' dir='ltr'><strong>Σικίμοις</strong></span> <span class='ocrx_word' id='word_1_398' title='bbox 2543 2147 2804 2219; x_wconf 78' lang='grc' dir='ltr'>ἄρξαντες</span> <span class='ocrx_word' id='word_1_399' title='bbox 2854 2148 2948 2201; x_wconf 87' lang='grc' dir='ltr'><strong>τοῦ</strong></span> <span class='ocrx_word' id='word_1_400' title='bbox 2986 2148 3116 2201; x_wconf 87' lang='grc' dir='ltr'>λαοῦ</span> <span class='ocrx_word' id='word_1_401' title='bbox 3175 2150 3281 2200; x_wconf 75' lang='grc' dir='ltr'>υἱοὶ</span> <span class='ocrx_word' id='word_1_402' title='bbox 3349 2150 3618 2221; x_wconf 83' lang='grc' dir='ltr'>Ἐφραῖμ·</span> 
     </span>
    </p>
   </div>
   <div class='ocr_carea' id='block_1_51' title="bbox 2051 2237 3620 2311">
    <p class='ocr_par' dir='ltr' id='par_1_51' title="bbox 2051 2237 3620 2311">
     <span class='ocr_line' id='line_1_51' title="bbox 2051 2237 3620 2311; baseline 0 -21"><span class='ocrx_word' id='word_1_403' title='bbox 2051 2237 2187 2290; x_wconf 83' lang='grc' dir='ltr'><strong>ἀλλά</strong></span> <span class='ocrx_word' id='word_1_404' title='bbox 2238 2241 2332 2292; x_wconf 78' lang='grc' dir='ltr'><strong>καὶ</strong></span> <span class='ocrx_word' id='word_1_405' title='bbox 2380 2239 2454 2302; x_wconf 86' lang='grc' dir='ltr'>ὠς</span> <span class='ocrx_word' id='word_1_406' title='bbox 2503 2240 2561 2291; x_wconf 86' lang='grc' dir='ltr'><strong>ἐν</strong></span> <span class='ocrx_word' id='word_1_407' title='bbox 2609 2240 2744 2311; x_wconf 78' lang='grc' dir='ltr'>αὐτῇ</span> <span class='ocrx_word' id='word_1_408' title='bbox 2791 2243 2856 2310; x_wconf 85' lang='grc' dir='ltr'>τῇ</span> <span class='ocrx_word' id='word_1_409' title='bbox 2896 2239 3249 2310; x_wconf 83' lang='grc' dir='ltr'>Ἰερουσαλὴμ</span> <span class='ocrx_word' id='word_1_410' title='bbox 3285 2241 3333 2291; x_wconf 83' lang='lat' dir='ltr'><strong>oi</strong></span> <span class='ocrx_word' id='word_1_411' title='bbox 3359 2242 3422 2292; x_wconf 83' lang='grc' dir='ltr'><strong>ἐκ</strong></span> <span class='ocrx_word' id='word_1_412' title='bbox 3450 2240 3620 2309; x_wconf 78' lang='grc' dir='ltr'>φυλῆς</span> 
     </span>
    </p>
   </div>
   <div class='ocr_carea' id='block_1_52' title="bbox 2065 2329 3617 2403">
    <p class='ocr_par' dir='ltr' id='par_1_52' title="bbox 2065 2329 3617 2403">
     <span class='ocr_line' id='line_1_52' title="bbox 2065 2329 3617 2403; baseline 0 -19"><span class='ocrx_word' id='word_1_413' title='bbox 2065 2331 2231 2384; x_wconf 87' lang='grc' dir='ltr'>Ἰούδα</span> <span class='ocrx_word' id='word_1_414' title='bbox 2256 2331 2670 2401; x_wconf 82' lang='grc' dir='ltr'>βασιλεύσαντες</span> <span class='ocrx_word' id='word_1_415' title='bbox 2690 2329 2828 2402; x_wconf 81' lang='grc' dir='ltr'>ἦσαν</span> <span class='ocrx_word' id='word_1_416' title='bbox 2853 2334 2995 2403; x_wconf 80' lang='grc' dir='ltr'>ἐμοὶ,</span> <span class='ocrx_word' id='word_1_417' title='bbox 3013 2333 3218 2402; x_wconf 72' lang='grc' dir='ltr'>καὶτῆς</span> <span class='ocrx_word' id='word_1_418' title='bbox 3241 2333 3378 2402; x_wconf 82' lang='grc' dir='ltr'>ἐμῆς</span> <span class='ocrx_word' id='word_1_419' title='bbox 3405 2333 3617 2402; x_wconf 85' lang='grc' dir='ltr'>μερίδος</span> 
     </span>
    </p>
   </div>
   <div class='ocr_carea' id='block_1_53' title="bbox 2052 2423 3614 2494">
    <p class='ocr_par' dir='ltr' id='par_1_53' title="bbox 2052 2423 3614 2494">
     <span class='ocr_line' id='line_1_53' title="bbox 2052 2423 3614 2494; baseline -0.001 -18"><span class='ocrx_word' id='word_1_420' title='bbox 2052 2423 2286 2492; x_wconf 83' lang='grc' dir='ltr'>βασιλεῖς</span> <span class='ocrx_word' id='word_1_421' title='bbox 2310 2439 2322 2452; x_wconf 88' lang='grc'><strong>·</strong></span> <span class='ocrx_word' id='word_1_422' title='bbox 2352 2423 2522 2487; x_wconf 89' lang='grc' dir='ltr'>οῦτως</span> <span class='ocrx_word' id='word_1_423' title='bbox 2561 2424 2712 2477; x_wconf 76' lang='grc' dir='ltr'>ἔσται</span> <span class='ocrx_word' id='word_1_424' title='bbox 2752 2425 2880 2476; x_wconf 83' lang='grc' dir='ltr'>ποτὲ</span> <span class='ocrx_word' id='word_1_425' title='bbox 2941 2424 3049 2494; x_wconf 83' lang='grc' dir='ltr'>ὲμά</span> <span class='ocrx_word' id='word_1_426' title='bbox 3095 2426 3188 2476; x_wconf 68' lang='grc' dir='ltr'><strong>καὶ</strong></span> <span class='ocrx_word' id='word_1_427' title='bbox 3232 2425 3297 2476; x_wconf 86' lang='grc' dir='ltr'><strong>τά</strong></span> <span class='ocrx_word' id='word_1_428' title='bbox 3329 2424 3432 2476; x_wconf 85' lang='grc' dir='ltr'><strong>τῶν</strong></span> <span class='ocrx_word' id='word_1_429' title='bbox 3460 2423 3614 2476; x_wconf 86' lang='grc' dir='ltr'>ἀλλο-</span> 
     </span>
    </p>
   </div>
   <div class='ocr_carea' id='block_1_54' title="bbox 2063 2513 3614 2587">
    <p class='ocr_par' dir='ltr' id='par_1_54' title="bbox 2063 2513 3614 2587">
     <span class='ocr_line' id='line_1_54' title="bbox 2063 2513 3614 2587; baseline -0.001 -19"><span class='ocrx_word' id='word_1_430' title='bbox 2063 2516 2245 2583; x_wconf 80' lang='grc' dir='ltr'>φύλων</span> <span class='ocrx_word' id='word_1_431' title='bbox 2291 2515 2439 2586; x_wconf 79' lang='grc' dir='ltr'>ἔθνη.</span> <span class='ocrx_word' id='word_1_432' title='bbox 2493 2516 2657 2587; x_wconf 46' lang='grc' dir='ltr'>Δτολοῖ</span> <span class='ocrx_word' id='word_1_433' title='bbox 2697 2516 2752 2569; x_wconf 84' lang='grc' dir='ltr'>δὲ</span> <span class='ocrx_word' id='word_1_434' title='bbox 2799 2519 3005 2580; x_wconf 78' lang='grc' dir='ltr'>πάντας</span> <span class='ocrx_word' id='word_1_435' title='bbox 3037 2516 3356 2584; x_wconf 74' lang='grc' dir='ltr'>ἀλλοφύλους</span> <span class='ocrx_word' id='word_1_436' title='bbox 3396 2515 3479 2568; x_wconf 83' lang='grc' dir='ltr'><strong>διὰ</strong></span> <span class='ocrx_word' id='word_1_437' title='bbox 3520 2513 3614 2569; x_wconf 85' lang='grc' dir='ltr'><strong>τοῦ</strong></span> 
     </span>
    </p>
   </div>
   <div class='ocr_carea' id='block_1_55' title="bbox 2054 2606 3616 2678">
    <p class='ocr_par' dir='ltr' id='par_1_55' title="bbox 2054 2606 3616 2678">
     <span class='ocr_line' id='line_1_55' title="bbox 2054 2606 3616 2678; baseline -0.003 -17"><span class='ocrx_word' id='word_1_438' title='bbox 2054 2607 2231 2661; x_wconf 81' lang='grc' dir='ltr'>Μωάϐ</span> <span class='ocrx_word' id='word_1_439' title='bbox 2292 2609 2385 2660; x_wconf 74' lang='grc' dir='ltr'><strong>καὶ</strong></span> <span class='ocrx_word' id='word_1_440' title='bbox 2459 2608 2548 2662; x_wconf 80' lang='grc' dir='ltr'>διὰ</span> <span class='ocrx_word' id='word_1_441' title='bbox 2623 2609 2721 2678; x_wconf 85' lang='grc' dir='ltr'><strong>τῆς</strong></span> <span class='ocrx_word' id='word_1_442' title='bbox 2788 2609 3109 2678; x_wconf 86' lang='grc' dir='ltr'>Ἰδουμαίας,</span> <span class='ocrx_word' id='word_1_443' title='bbox 3156 2609 3217 2659; x_wconf 89' lang='grc' dir='ltr'><strong>ἐκ</strong></span> <span class='ocrx_word' id='word_1_444' title='bbox 3271 2606 3363 2659; x_wconf 85' lang='grc' dir='ltr'>δύο</span> <span class='ocrx_word' id='word_1_445' title='bbox 3413 2606 3616 2657; x_wconf 85' lang='grc' dir='ltr'>τούτων</span> 
     </span>
    </p>
   </div>
   <div class='ocr_carea' id='block_1_56' title="bbox 2051 2701 3618 2776">
    <p class='ocr_par' dir='ltr' id='par_1_56' title="bbox 2051 2701 3618 2776">
     <span class='ocr_line' id='line_1_56' title="bbox 2051 2701 3618 2776; baseline -0.002 -19"><span class='ocrx_word' id='word_1_446' title='bbox 2051 2705 2224 2758; x_wconf 82' lang='grc' dir='ltr'>ἐθνῶν</span> <span class='ocrx_word' id='word_1_447' title='bbox 2274 2703 2382 2757; x_wconf 90' lang='grc' dir='ltr'><strong>τῶν</strong></span> <span class='ocrx_word' id='word_1_448' title='bbox 2421 2703 2880 2776; x_wconf 83' lang='grc' dir='ltr'>ἀπηγορευμένων</span> <span class='ocrx_word' id='word_1_449' title='bbox 2929 2704 3150 2756; x_wconf 81' lang='grc' dir='ltr'>εἰσιέναι</span> <span class='ocrx_word' id='word_1_450' title='bbox 3201 2704 3279 2764; x_wconf 88' lang='grc' dir='ltr'>εἰς</span> <span class='ocrx_word' id='word_1_451' title='bbox 3334 2701 3429 2772; x_wconf 75' lang='grc' dir='ltr'>τὴν</span> <span class='ocrx_word' id='word_1_452' title='bbox 3495 2703 3618 2754; x_wconf 82' lang='grc' dir='ltr'><strong>Ἐκ-</strong></span> 
     </span>
    </p>
   </div>
   <div class='ocr_carea' id='block_1_57' title="bbox 2045 2791 3619 2867">
    <p class='ocr_par' dir='ltr' id='par_1_57' title="bbox 2045 2791 3619 2867">
     <span class='ocr_line' id='line_1_57' title="bbox 2045 2791 3619 2867; baseline -0.004 -19"><span class='ocrx_word' id='word_1_453' title='bbox 2045 2794 2277 2867; x_wconf 85' lang='grc' dir='ltr'>κλησίαν</span> <span class='ocrx_word' id='word_1_454' title='bbox 2330 2793 2422 2847; x_wconf 90' lang='grc' dir='ltr'><strong>τοῦ</strong></span> <span class='ocrx_word' id='word_1_455' title='bbox 2483 2793 2619 2847; x_wconf 90' lang='grc' dir='ltr'>Θεοῦ</span> <span class='ocrx_word' id='word_1_456' title='bbox 2671 2793 2864 2847; x_wconf 79' lang='grc' dir='ltr'>καὶτὰ</span> <span class='ocrx_word' id='word_1_457' title='bbox 2889 2794 3048 2846; x_wconf 84' lang='grc' dir='ltr'>λοιπά</span> <span class='ocrx_word' id='word_1_458' title='bbox 3087 2793 3262 2847; x_wconf 81' lang='grc' dir='ltr'>πάντα</span> <span class='ocrx_word' id='word_1_459' title='bbox 3315 2791 3619 2862; x_wconf 81' lang='grc' dir='ltr'>παραδεξά-</span> 
     </span>
    </p>
   </div>
   <div class='ocr_carea' id='block_1_58' title="bbox 2045 2884 3619 2960">
    <p class='ocr_par' dir='ltr' id='par_1_58' title="bbox 2045 2884 3619 2960">
     <span class='ocr_line' id='line_1_58' title="bbox 2045 2884 3619 2960; baseline -0.005 -18"><span class='ocrx_word' id='word_1_460' title='bbox 2045 2906 2223 2960; x_wconf 89' lang='grc' dir='ltr'>μενος.</span> <span class='ocrx_word' id='word_1_461' title='bbox 2257 2888 2567 2959; x_wconf 83' lang='grc' dir='ltr'>Γέγραπται</span> <span class='ocrx_word' id='word_1_462' title='bbox 2597 2887 2758 2956; x_wconf 76' lang='grc' dir='ltr'>γοῦν’</span> <span class='ocrx_word' id='word_1_463' title='bbox 2793 2908 2810 2938; x_wconf 76' lang='grc' dir='ltr'><strong>ι</strong></span> <span class='ocrx_word' id='word_1_464' title='bbox 2859 2888 3184 2957; x_wconf 80' lang='grc' dir='ltr'>Ἀμμανῖται</span> <span class='ocrx_word' id='word_1_465' title='bbox 3218 2886 3307 2938; x_wconf 72' lang='grc' dir='ltr'>καὶ</span> <span class='ocrx_word' id='word_1_466' title='bbox 3335 2884 3619 2937; x_wconf 83' lang='grc' dir='ltr'>Μωαϐῖται</span> 
     </span>
    </p>
   </div>
   <div class='ocr_carea' id='block_1_59' title="bbox 2040 2979 3620 3050">
    <p class='ocr_par' dir='ltr' id='par_1_59' title="bbox 2040 2979 3620 3050">
     <span class='ocr_line' id='line_1_59' title="bbox 2040 2979 3620 3050; baseline -0.005 -14"><span class='ocrx_word' id='word_1_467' title='bbox 2040 2983 2141 3036; x_wconf 77' lang='grc' dir='ltr'><strong>οὐκ</strong></span> <span class='ocrx_word' id='word_1_468' title='bbox 2173 2980 2567 3034; x_wconf 83' lang='grc' dir='ltr'>εἰσελεύσονται</span> <span class='ocrx_word' id='word_1_469' title='bbox 2606 2982 2685 3042; x_wconf 87' lang='grc' dir='ltr'><strong>είς</strong></span> <span class='ocrx_word' id='word_1_470' title='bbox 2720 2979 3042 3050; x_wconf 74' lang='grc' dir='ltr'>Ἐκκλησίαν</span> <span class='ocrx_word' id='word_1_471' title='bbox 3070 2979 3274 3050; x_wconf 86' lang='grc' dir='ltr'>Κυρίου</span> <span class='ocrx_word' id='word_1_472' title='bbox 3303 2979 3406 3040; x_wconf 82' lang='grc' dir='ltr'>ἓως</span> <span class='ocrx_word' id='word_1_473' title='bbox 3434 2979 3620 3047; x_wconf 76' lang='grc' dir='ltr'>τρίτης</span> 
     </span>
    </p>
   </div>
   <div class='ocr_carea' id='block_1_60' title="bbox 374 3053 1943 3142">
    <p class='ocr_par' dir='ltr' id='par_1_60' title="bbox 374 3053 1943 3127">
     <span class='ocr_line' id='line_1_60' title="bbox 374 3053 1943 3127; baseline 0.008 -18"><span class='ocrx_word' id='word_1_474' title='bbox 374 3053 600 3123; x_wconf 89' lang='lat' dir='ltr'><strong>tionem,</strong></span> <span class='ocrx_word' id='word_1_475' title='bbox 622 3066 676 3113; x_wconf 85' lang='lat' dir='ltr'><strong>et</strong></span> <span class='ocrx_word' id='word_1_476' title='bbox 707 3073 880 3127; x_wconf 86' lang='lat' dir='ltr'><strong>usque</strong></span> <span class='ocrx_word' id='word_1_477' title='bbox 921 3059 975 3112; x_wconf 92' lang='lat' dir='ltr'><strong>in</strong></span> <span class='ocrx_word' id='word_1_478' title='bbox 1022 3061 1281 3114; x_wconf 72' lang='lat' dir='ltr'><strong>saeculum</strong></span> <span class='ocrx_word' id='word_1_479' title='bbox 1327 3062 1394 3116; x_wconf 74' lang='lat'><strong>“.</strong></span> <span class='ocrx_word' id='word_1_480' title='bbox 1425 3083 1444 3115; x_wconf 71' lang='grc' dir='ltr'><strong>ι</strong></span> <span class='ocrx_word' id='word_1_481' title='bbox 1481 3063 1637 3118; x_wconf 83' lang='lat' dir='ltr'><strong>Moab</strong></span> <span class='ocrx_word' id='word_1_482' title='bbox 1671 3079 1848 3120; x_wconf 87' lang='lat' dir='ltr'><strong>autem</strong></span> <span class='ocrx_word' id='word_1_483' title='bbox 1889 3076 1943 3121; x_wconf 91' lang='lat' dir='ltr'><strong>et</strong></span> 
     </span>
    </p>
   </div>
   <div class='ocr_carea' id='block_1_61' title="bbox 2046 3053 3620 3142">
    <p class='ocr_par' dir='ltr' id='par_1_61' title="bbox 2046 3068 3620 3142">
     <span class='ocr_line' id='line_1_61' title="bbox 2046 3068 3620 3142; baseline -0.003 -17"><span class='ocrx_word' id='word_1_484' title='bbox 2046 3072 2139 3125; x_wconf 74' lang='grc' dir='ltr'><strong>καὶ</strong></span> <span class='ocrx_word' id='word_1_485' title='bbox 2171 3072 2434 3142; x_wconf 80' lang='grc' dir='ltr'>τετάρτης</span> <span class='ocrx_word' id='word_1_486' title='bbox 2475 3071 2687 3138; x_wconf 80' lang='grc' dir='ltr'>γενεᾶς,</span> <span class='ocrx_word' id='word_1_487' title='bbox 2713 3069 2806 3122; x_wconf 75' lang='grc' dir='ltr'><strong>καὶ</strong></span> <span class='ocrx_word' id='word_1_488' title='bbox 2830 3068 2932 3132; x_wconf 86' lang='grc' dir='ltr'>’ἐως</span> <span class='ocrx_word' id='word_1_489' title='bbox 2958 3071 3036 3132; x_wconf 90' lang='grc' dir='ltr'><strong>εἰς</strong></span> <span class='ocrx_word' id='word_1_490' title='bbox 3062 3069 3150 3121; x_wconf 84' lang='grc' dir='ltr'><strong>τὸν</strong></span> <span class='ocrx_word' id='word_1_491' title='bbox 3181 3069 3370 3121; x_wconf 85' lang='grc' dir='ltr'>αἰῶνα.</span> <span class='ocrx_word' id='word_1_492' title='bbox 3403 3088 3420 3119; x_wconf 76' lang='grc' dir='ltr'><strong>ι</strong></span> <span class='ocrx_word' id='word_1_493' title='bbox 3447 3068 3620 3121; x_wconf 79' lang='grc' dir='ltr'>Μωάϐ</span> 
     </span>
    </p>
   </div>
   <div class='ocr_carea' id='block_1_62' title="bbox 373 3145 1940 3217">
    <p class='ocr_par' dir='ltr' id='par_1_62' title="bbox 373 3145 1940 3217">
     <span class='ocr_line' id='line_1_62' title="bbox 373 3145 1940 3217; baseline 0.009 -18"><span class='ocrx_word' id='word_1_494' title='bbox 373 3145 606 3201; x_wconf 82' lang='lat' dir='ltr'><strong>Ammon</strong></span> <span class='ocrx_word' id='word_1_495' title='bbox 654 3147 748 3202; x_wconf 88' lang='lat' dir='ltr'><strong>filii</strong></span> <span class='ocrx_word' id='word_1_496' title='bbox 792 3147 893 3203; x_wconf 86' lang='lat' dir='ltr'><strong>Lot</strong></span> <span class='ocrx_word' id='word_1_497' title='bbox 932 3150 1111 3217; x_wconf 91' lang='lat' dir='ltr'><strong>fuere,</strong></span> <span class='ocrx_word' id='word_1_498' title='bbox 1142 3167 1207 3206; x_wconf 83' lang='lat' dir='ltr'><strong>ex</strong></span> <span class='ocrx_word' id='word_1_499' title='bbox 1243 3153 1510 3210; x_wconf 87' lang='lat' dir='ltr'><strong>scelerata</strong></span> <span class='ocrx_word' id='word_1_500' title='bbox 1560 3157 1652 3210; x_wconf 89' lang='lat' dir='ltr'><strong>illa</strong></span> <span class='ocrx_word' id='word_1_501' title='bbox 1709 3157 1940 3213; x_wconf 86' lang='lat' dir='ltr'><strong>filiarum</strong></span> 
     </span>
    </p>
   </div>
   <div class='ocr_carea' id='block_1_63' title="bbox 374 3237 1938 3312">
    <p class='ocr_par' dir='ltr' id='par_1_63' title="bbox 374 3237 1938 3312">
     <span class='ocr_line' id='line_1_63' title="bbox 374 3237 1938 3312; baseline 0.01 -22"><span class='ocrx_word' id='word_1_502' title='bbox 374 3249 598 3291; x_wconf 88' lang='lat' dir='ltr'><strong>suarum</strong></span> <span class='ocrx_word' id='word_1_503' title='bbox 620 3237 1021 3305; x_wconf 89' lang='lat' dir='ltr'><strong>commistione,</strong></span> <span class='ocrx_word' id='word_1_504' title='bbox 1053 3249 1214 3312; x_wconf 89' lang='lat' dir='ltr'><strong>atque</strong></span> <span class='ocrx_word' id='word_1_505' title='bbox 1237 3261 1304 3300; x_wconf 79' lang='lat' dir='ltr'><strong>ex</strong></span> <span class='ocrx_word' id='word_1_506' title='bbox 1331 3242 1666 3301; x_wconf 91' lang='lat' dir='ltr'><strong>Sodomitico</strong></span> <span class='ocrx_word' id='word_1_507' title='bbox 1695 3250 1938 3306; x_wconf 89' lang='lat' dir='ltr'><strong>semine:</strong></span> 
     </span>
    </p>
   </div>
   <div class='ocr_carea' id='block_1_64' title="bbox 338 3331 1941 3398">
    <p class='ocr_par' dir='ltr' id='par_1_64' title="bbox 338 3331 1941 3398">
     <span class='ocr_line' id='line_1_64' title="bbox 338 3331 1941 3398; baseline 0.009 -16"><span class='ocrx_word' id='word_1_508' title='bbox 338 3343 608 3398; x_wconf 59' lang='lat' dir='ltr'><strong>&#39;quorum</strong></span> <span class='ocrx_word' id='word_1_509' title='bbox 643 3331 1073 3396; x_wconf 87' lang='lat' dir='ltr'><strong>successionem,</strong></span> <span class='ocrx_word' id='word_1_510' title='bbox 1114 3333 1381 3392; x_wconf 82' lang='lat' dir='ltr'><strong>Moabitas</strong></span> <span class='ocrx_word' id='word_1_511' title='bbox 1437 3339 1692 3394; x_wconf 89' lang='lat' dir='ltr'><strong>nimirum</strong></span> <span class='ocrx_word' id='word_1_512' title='bbox 1727 3349 1779 3394; x_wconf 92' lang='lat' dir='ltr'><strong>ct</strong></span> <span class='ocrx_word' id='word_1_513' title='bbox 1808 3343 1941 3396; x_wconf 83' lang='lat' dir='ltr'><strong>Am-</strong></span> 
     </span>
    </p>
   </div>
   <div class='ocr_carea' id='block_1_65' title="bbox 375 3419 1942 3505">
    <p class='ocr_par' dir='ltr' id='par_1_65' title="bbox 375 3419 1942 3505">
     <span class='ocr_line' id='line_1_65' title="bbox 375 3419 1942 3505; baseline 0.011 -33"><span class='ocrx_word' id='word_1_514' title='bbox 375 3419 627 3484; x_wconf 88' lang='lat' dir='ltr'><strong>monitas,</strong></span> <span class='ocrx_word' id='word_1_515' title='bbox 663 3421 748 3477; x_wconf 79' lang='lat' dir='ltr'><strong>lex</strong></span> <span class='ocrx_word' id='word_1_516' title='bbox 787 3421 990 3494; x_wconf 78' lang='lat' dir='ltr'><strong>Moysis</strong></span> <span class='ocrx_word' id='word_1_517' title='bbox 1021 3427 1290 3495; x_wconf 90' lang='lat' dir='ltr'><strong>repudiat.</strong></span> <span class='ocrx_word' id='word_1_518' title='bbox 1323 3429 1390 3483; x_wconf 83' lang='lat' dir='ltr'><strong>At</strong></span> <span class='ocrx_word' id='word_1_519' title='bbox 1438 3430 1520 3484; x_wconf 78' lang='lat' dir='ltr'><strong>lex</strong></span> <span class='ocrx_word' id='word_1_520' title='bbox 1560 3447 1800 3501; x_wconf 57' lang='lat' dir='ltr'><strong>prasens</strong></span> <span class='ocrx_word' id='word_1_521' title='bbox 1840 3434 1942 3505; x_wconf 86' lang='lat' dir='ltr'><strong>ipsi</strong></span> 
     </span>
    </p>
   </div>
   <div class='ocr_carea' id='block_1_66' title="bbox 375 3512 1940 3586">
    <p class='ocr_par' dir='ltr' id='par_1_66' title="bbox 375 3512 1940 3586">
     <span class='ocr_line' id='line_1_66' title="bbox 375 3512 1940 3586; baseline 0.012 -22"><span class='ocrx_word' id='word_1_522' title='bbox 375 3512 530 3568; x_wconf 79' lang='lat' dir='ltr'><strong>Moab</strong></span> <span class='ocrx_word' id='word_1_523' title='bbox 561 3515 928 3584; x_wconf 89' lang='lat' dir='ltr'><strong>pulcherrima</strong></span> <span class='ocrx_word' id='word_1_524' title='bbox 985 3521 1310 3586; x_wconf 87' lang='lat' dir='ltr'><strong>annuntiat,</strong></span> <span class='ocrx_word' id='word_1_525' title='bbox 1342 3522 1573 3578; x_wconf 90' lang='lat' dir='ltr'><strong>dicens:</strong></span> <span class='ocrx_word' id='word_1_526' title='bbox 1616 3543 1635 3577; x_wconf 80' lang='grc' dir='ltr'><strong>ι</strong></span> <span class='ocrx_word' id='word_1_527' title='bbox 1675 3524 1831 3581; x_wconf 85' lang='lat' dir='ltr'><strong>Moab</strong></span> <span class='ocrx_word' id='word_1_528' title='bbox 1862 3527 1940 3582; x_wconf 84' lang='lat' dir='ltr'><strong>le-</strong></span> 
     </span>
    </p>
   </div>
   <div class='ocr_carea' id='block_1_67' title="bbox 374 3604 1941 3684">
    <p class='ocr_par' dir='ltr' id='par_1_67' title="bbox 374 3604 1941 3684">
     <span class='ocr_line' id='line_1_67' title="bbox 374 3604 1941 3684; baseline 0.009 -24"><span class='ocrx_word' id='word_1_529' title='bbox 374 3604 472 3660; x_wconf 86' lang='lat' dir='ltr'><strong>bes</strong></span> <span class='ocrx_word' id='word_1_530' title='bbox 497 3607 610 3677; x_wconf 84' lang='lat' dir='ltr'><strong>spei</strong></span> <span class='ocrx_word' id='word_1_531' title='bbox 645 3623 816 3676; x_wconf 69' lang='lat' dir='ltr'><strong>meaa;</strong></span> <span class='ocrx_word' id='word_1_532' title='bbox 863 3629 883 3662; x_wconf 70' lang='grc' dir='ltr'><strong>ι</strong></span> <span class='ocrx_word' id='word_1_533' title='bbox 921 3611 1074 3666; x_wconf 89' lang='lat' dir='ltr'><strong>alteri</strong></span> <span class='ocrx_word' id='word_1_534' title='bbox 1106 3629 1238 3668; x_wconf 84' lang='lat' dir='ltr'><strong>vero</strong></span> <span class='ocrx_word' id='word_1_535' title='bbox 1263 3615 1409 3684; x_wconf 90' lang='lat' dir='ltr'><strong>genti</strong></span> <span class='ocrx_word' id='word_1_536' title='bbox 1439 3615 1582 3672; x_wconf 86' lang='lat' dir='ltr'><strong>Esau</strong></span> <span class='ocrx_word' id='word_1_537' title='bbox 1613 3626 1748 3673; x_wconf 71' lang='lat' dir='ltr'><strong>ortae</strong></span> <span class='ocrx_word' id='word_1_538' title='bbox 1799 3620 1941 3674; x_wconf 90' lang='lat' dir='ltr'><strong>bona</strong></span> 
     </span>
    </p>
   </div>
   <div class='ocr_carea' id='block_1_68' title="bbox 371 3697 1938 3770">
    <p class='ocr_par' dir='ltr' id='par_1_68' title="bbox 371 3697 1938 3770">
     <span class='ocr_line' id='line_1_68' title="bbox 371 3697 1938 3770; baseline 0.008 -19"><span class='ocrx_word' id='word_1_539' title='bbox 371 3697 680 3760; x_wconf 82' lang='lat' dir='ltr'><strong>denuntiat,</strong></span> <span class='ocrx_word' id='word_1_540' title='bbox 704 3700 818 3754; x_wconf 69' lang='lat' dir='ltr'><strong>haec</strong></span> <span class='ocrx_word' id='word_1_541' title='bbox 846 3701 1112 3770; x_wconf 85' lang='lat' dir='ltr'><strong>adjiciens</strong></span> <span class='ocrx_word' id='word_1_542' title='bbox 1146 3724 1159 3758; x_wconf 87' lang='lat'><strong>:</strong></span> <span class='ocrx_word' id='word_1_543' title='bbox 1199 3723 1217 3756; x_wconf 79' lang='grc' dir='ltr'><strong>ι</strong></span> <span class='ocrx_word' id='word_1_544' title='bbox 1249 3707 1306 3760; x_wconf 84' lang='lat' dir='ltr'><strong>In</strong></span> <span class='ocrx_word' id='word_1_545' title='bbox 1330 3705 1616 3763; x_wconf 71' lang='lat' dir='ltr'><strong>Idumaeam</strong></span> <span class='ocrx_word' id='word_1_546' title='bbox 1648 3710 1938 3766; x_wconf 76' lang='lat' dir='ltr'><strong>extendam</strong></span> 
     </span>
    </p>
   </div>
   <div class='ocr_carea' id='block_1_69' title="bbox 373 3787 1938 3868">
    <p class='ocr_par' dir='ltr' id='par_1_69' title="bbox 373 3787 1938 3868">
     <span class='ocr_line' id='line_1_69' title="bbox 373 3787 1938 3868; baseline 0.01 -27"><span class='ocrx_word' id='word_1_547' title='bbox 373 3787 802 3845; x_wconf 76' lang='lat' dir='ltr'><strong>calceamentum</strong></span> <span class='ocrx_word' id='word_1_548' title='bbox 851 3810 1053 3850; x_wconf 88' lang='lat' dir='ltr'><strong>meum.</strong></span> <span class='ocrx_word' id='word_1_549' title='bbox 1105 3815 1123 3848; x_wconf 77' lang='grc' dir='ltr'><strong>ι</strong></span> <span class='ocrx_word' id='word_1_550' title='bbox 1172 3798 1404 3853; x_wconf 67' lang='lat' dir='ltr'><strong>ldulnma</strong></span> <span class='ocrx_word' id='word_1_551' title='bbox 1454 3814 1619 3868; x_wconf 88' lang='lat' dir='ltr'><strong>porro</strong></span> <span class='ocrx_word' id='word_1_552' title='bbox 1653 3802 1721 3855; x_wconf 91' lang='lat' dir='ltr'><strong>ab</strong></span> <span class='ocrx_word' id='word_1_553' title='bbox 1769 3800 1938 3856; x_wconf 84' lang='lat' dir='ltr'><strong>Edom</strong></span> 
     </span>
    </p>
   </div>
   <div class='ocr_carea' id='block_1_70' title="bbox 371 3884 1935 3963">
    <p class='ocr_par' dir='ltr' id='par_1_70' title="bbox 371 3884 1935 3963">
     <span class='ocr_line' id='line_1_70' title="bbox 371 3884 1935 3963; baseline 0.011 -30"><span class='ocrx_word' id='word_1_554' title='bbox 371 3894 569 3935; x_wconf 91' lang='lat' dir='ltr'><strong>nomen</strong></span> <span class='ocrx_word' id='word_1_555' title='bbox 603 3884 814 3940; x_wconf 87' lang='lat' dir='ltr'><strong>sortita.</strong></span> <span class='ocrx_word' id='word_1_556' title='bbox 846 3885 946 3940; x_wconf 79' lang='lat' dir='ltr'><strong>Hic</strong></span> <span class='ocrx_word' id='word_1_557' title='bbox 977 3897 1095 3943; x_wconf 88' lang='lat' dir='ltr'><strong>erat</strong></span> <span class='ocrx_word' id='word_1_558' title='bbox 1140 3889 1280 3945; x_wconf 81' lang='lat' dir='ltr'><strong>Esau</strong></span> <span class='ocrx_word' id='word_1_559' title='bbox 1327 3890 1394 3946; x_wconf 91' lang='lat' dir='ltr'><strong>de</strong></span> <span class='ocrx_word' id='word_1_560' title='bbox 1427 3909 1535 3963; x_wconf 92' lang='lat' dir='ltr'><strong>quo</strong></span> <span class='ocrx_word' id='word_1_561' title='bbox 1573 3894 1777 3949; x_wconf 90' lang='lat' dir='ltr'><strong>dictum</strong></span> <span class='ocrx_word' id='word_1_562' title='bbox 1809 3903 1893 3950; x_wconf 89' lang='lat' dir='ltr'><strong>est</strong></span> <span class='ocrx_word' id='word_1_563' title='bbox 1921 3914 1935 3950; x_wconf 82' lang='grc' dir='ltr'><strong>ι</strong></span> 
     </span>
    </p>
   </div>
   <div class='ocr_carea' id='block_1_71' title="bbox 377 3971 1933 4054">
    <p class='ocr_par' dir='ltr' id='par_1_71' title="bbox 377 3971 1933 4054">
     <span class='ocr_line' id='line_1_71' title="bbox 377 3971 1933 4054; baseline 0.01 -29"><span class='ocrx_word' id='word_1_564' title='bbox 377 3993 398 4024; x_wconf 71' lang='grc' dir='ltr'><strong>ε</strong></span> <span class='ocrx_word' id='word_1_565' title='bbox 432 3971 511 4029; x_wconf 88' lang='lat' dir='ltr'><strong>Ne</strong></span> <span class='ocrx_word' id='word_1_566' title='bbox 559 3975 684 4045; x_wconf 92' lang='lat' dir='ltr'><strong>quis</strong></span> <span class='ocrx_word' id='word_1_567' title='bbox 733 3979 1000 4045; x_wconf 72' lang='lat' dir='ltr'><strong>mtechus,</strong></span> <span class='ocrx_word' id='word_1_568' title='bbox 1039 3989 1132 4036; x_wconf 89' lang='lat' dir='ltr'><strong>aut</strong></span> <span class='ocrx_word' id='word_1_569' title='bbox 1181 3983 1466 4054; x_wconf 89' lang='lat' dir='ltr'><strong>profanus,</strong></span> <span class='ocrx_word' id='word_1_570' title='bbox 1505 3994 1563 4039; x_wconf 94' lang='lat' dir='ltr'><strong>ut</strong></span> <span class='ocrx_word' id='word_1_571' title='bbox 1615 3986 1759 4042; x_wconf 82' lang='lat' dir='ltr'><strong>Esau</strong></span> <span class='ocrx_word' id='word_1_572' title='bbox 1789 3988 1854 4042; x_wconf 86' lang='lat'><strong>&quot;.</strong></span> <span class='ocrx_word' id='word_1_573' title='bbox 1914 4005 1933 4040; x_wconf 72' lang='grc' dir='ltr'><strong>ι</strong></span> 
     </span>
    </p>
   </div>
   <div class='ocr_carea' id='block_1_72' title="bbox 373 4063 1938 4146">
    <p class='ocr_par' dir='ltr' id='par_1_72' title="bbox 373 4063 1938 4146">
     <span class='ocr_line' id='line_1_72' title="bbox 373 4063 1938 4146; baseline 0.01 -26"><span class='ocrx_word' id='word_1_574' title='bbox 373 4063 654 4122; x_wconf 65' lang='grc' dir='ltr'>δοκοεηιαδ</span> <span class='ocrx_word' id='word_1_575' title='bbox 691 4084 906 4140; x_wconf 88' lang='lat' dir='ltr'><strong>quoque</strong></span> <span class='ocrx_word' id='word_1_576' title='bbox 944 4072 1063 4127; x_wconf 70' lang='lat' dir='ltr'><strong>alia:</strong></span> <span class='ocrx_word' id='word_1_577' title='bbox 1114 4075 1413 4146; x_wconf 68' lang='lat' dir='ltr'><strong>prophetiae</strong></span> <span class='ocrx_word' id='word_1_578' title='bbox 1445 4086 1637 4132; x_wconf 87' lang='lat' dir='ltr'><strong>contra</strong></span> <span class='ocrx_word' id='word_1_579' title='bbox 1673 4079 1938 4136; x_wconf 63' lang='lat' dir='ltr'><strong>ldumaaos</strong></span> 
     </span>
    </p>
   </div>
   <div class='ocr_carea' id='block_1_73' title="bbox 366 4157 1937 4242">
    <p class='ocr_par' dir='ltr' id='par_1_73' title="bbox 366 4157 1937 4242">
     <span class='ocr_line' id='line_1_73' title="bbox 366 4157 1937 4242; baseline 0.012 -31"><span class='ocrx_word' id='word_1_580' title='bbox 366 4165 422 4212; x_wconf 87' lang='lat' dir='ltr'><strong>ct</strong></span> <span class='ocrx_word' id='word_1_581' title='bbox 468 4157 756 4218; x_wconf 69' lang='lat' dir='ltr'><strong>ldumaaam</strong></span> <span class='ocrx_word' id='word_1_582' title='bbox 818 4164 1086 4222; x_wconf 89' lang='lat' dir='ltr'><strong>feruntur.</strong></span> <span class='ocrx_word' id='word_1_583' title='bbox 1141 4167 1248 4222; x_wconf 91' lang='lat' dir='ltr'><strong>Sed</strong></span> <span class='ocrx_word' id='word_1_584' title='bbox 1303 4169 1371 4224; x_wconf 91' lang='lat' dir='ltr'><strong>iis</strong></span> <span class='ocrx_word' id='word_1_585' title='bbox 1432 4186 1649 4241; x_wconf 91' lang='lat' dir='ltr'><strong>quoque</strong></span> <span class='ocrx_word' id='word_1_586' title='bbox 1697 4187 1937 4242; x_wconf 64' lang='lat' dir='ltr'><strong>prwsens</strong></span> 
     </span>
    </p>
   </div>
   <div class='ocr_carea' id='block_1_74' title="bbox 365 4255 1937 4324">
    <p class='ocr_par' dir='ltr' id='par_1_74' title="bbox 365 4255 1937 4324">
     <span class='ocr_line' id='line_1_74' title="bbox 365 4255 1937 4324; baseline 0.01 -18"><span class='ocrx_word' id='word_1_587' title='bbox 365 4264 546 4306; x_wconf 79' lang='lat' dir='ltr'><strong>sermo</strong></span> <span class='ocrx_word' id='word_1_588' title='bbox 589 4255 956 4324; x_wconf 85' lang='lat' dir='ltr'><strong>pulcherrima</strong></span> <span class='ocrx_word' id='word_1_589' title='bbox 990 4260 1309 4324; x_wconf 91' lang='lat' dir='ltr'><strong>annuntiat,</strong></span> <span class='ocrx_word' id='word_1_590' title='bbox 1350 4261 1565 4317; x_wconf 89' lang='lat' dir='ltr'><strong>dicente</strong></span> <span class='ocrx_word' id='word_1_591' title='bbox 1617 4261 1762 4318; x_wconf 91' lang='lat' dir='ltr'><strong>Deo:</strong></span> <span class='ocrx_word' id='word_1_592' title='bbox 1803 4284 1821 4315; x_wconf 80' lang='grc' dir='ltr'><strong>ι</strong></span> <span class='ocrx_word' id='word_1_593' title='bbox 1878 4266 1937 4321; x_wconf 92' lang='lat' dir='ltr'><strong>ln</strong></span> 
     </span>
    </p>
   </div>
   <div class='ocr_carea' id='block_1_75' title="bbox 367 4345 1938 4417">
    <p class='ocr_par' dir='ltr' id='par_1_75' title="bbox 367 4345 1938 4417">
     <span class='ocr_line' id='line_1_75' title="bbox 367 4345 1938 4417; baseline 0.01 -17"><span class='ocrx_word' id='word_1_594' title='bbox 367 4345 651 4406; x_wconf 61' lang='lat' dir='ltr'><strong>ldumaam</strong></span> <span class='ocrx_word' id='word_1_595' title='bbox 679 4353 963 4408; x_wconf 75' lang='lat' dir='ltr'><strong>extendam</strong></span> <span class='ocrx_word' id='word_1_596' title='bbox 987 4355 1411 4411; x_wconf 87' lang='lat' dir='ltr'><strong>calceamentum</strong></span> <span class='ocrx_word' id='word_1_597' title='bbox 1451 4373 1651 4413; x_wconf 87' lang='lat' dir='ltr'><strong>meum.</strong></span> <span class='ocrx_word' id='word_1_598' title='bbox 1685 4379 1704 4412; x_wconf 74' lang='grc' dir='ltr'><strong>ι</strong></span> <span class='ocrx_word' id='word_1_599' title='bbox 1734 4359 1938 4417; x_wconf 91' lang='lat' dir='ltr'><strong>Deinde</strong></span> 
     </span>
    </p>
   </div>
   <div class='ocr_carea' id='block_1_76' title="bbox 2042 3160 3620 3232">
    <p class='ocr_par' dir='ltr' id='par_1_76' title="bbox 2042 3160 3620 3232">
     <span class='ocr_line' id='line_1_76' title="bbox 2042 3160 3620 3232; baseline -0.001 -17"><span class='ocrx_word' id='word_1_600' title='bbox 2042 3163 2098 3218; x_wconf 86' lang='grc' dir='ltr'>δὲ</span> <span class='ocrx_word' id='word_1_601' title='bbox 2131 3163 2224 3215; x_wconf 77' lang='grc' dir='ltr'>καὶ</span> <span class='ocrx_word' id='word_1_602' title='bbox 2263 3161 2476 3232; x_wconf 77' lang='grc' dir='ltr'>Ἀμμὰν</span> <span class='ocrx_word' id='word_1_603' title='bbox 2537 3161 2822 3228; x_wconf 85' lang='grc' dir='ltr'>γεγόνασιν</span> <span class='ocrx_word' id='word_1_604' title='bbox 2879 3162 2982 3214; x_wconf 80' lang='grc' dir='ltr'>υἰοὶ</span> <span class='ocrx_word' id='word_1_605' title='bbox 3035 3160 3158 3214; x_wconf 89' lang='grc' dir='ltr'><strong>Λὼτ</strong></span> <span class='ocrx_word' id='word_1_606' title='bbox 3198 3161 3261 3213; x_wconf 84' lang='grc' dir='ltr'><strong>ἐκ</strong></span> <span class='ocrx_word' id='word_1_607' title='bbox 3302 3162 3620 3232; x_wconf 84' lang='grc' dir='ltr'>παρανόμου</span> 
     </span>
    </p>
   </div>
   <div class='ocr_carea' id='block_1_77' title="bbox 2045 3250 3618 3325">
    <p class='ocr_par' dir='ltr' id='par_1_77' title="bbox 2045 3250 3618 3325">
     <span class='ocr_line' id='line_1_77' title="bbox 2045 3250 3618 3325; baseline -0.002 -18"><span class='ocrx_word' id='word_1_608' title='bbox 2045 3255 2242 3325; x_wconf 79' lang='grc' dir='ltr'>μίξεως</span> <span class='ocrx_word' id='word_1_609' title='bbox 2274 3255 2382 3306; x_wconf 87' lang='grc' dir='ltr'><strong>τῶν</strong></span> <span class='ocrx_word' id='word_1_610' title='bbox 2417 3254 2580 3308; x_wconf 83' lang='grc' dir='ltr'>αὑτοῦ</span> <span class='ocrx_word' id='word_1_611' title='bbox 2615 3253 2948 3323; x_wconf 78' lang='grc' dir='ltr'>θυγατέρων,</span> <span class='ocrx_word' id='word_1_612' title='bbox 2983 3253 3045 3304; x_wconf 81' lang='grc' dir='ltr'>ἔκ</span> <span class='ocrx_word' id='word_1_613' title='bbox 3064 3270 3121 3305; x_wconf 89' lang='grc' dir='ltr'><strong>τε</strong></span> <span class='ocrx_word' id='word_1_614' title='bbox 3143 3252 3237 3304; x_wconf 92' lang='grc' dir='ltr'><strong>τοῦ</strong></span> <span class='ocrx_word' id='word_1_615' title='bbox 3273 3250 3618 3322; x_wconf 86' lang='grc' dir='ltr'>Σοδομιτικοῦ</span> 
     </span>
    </p>
   </div>
   <div class='ocr_carea' id='block_1_78' title="bbox 2044 3340 3615 3418">
    <p class='ocr_par' dir='ltr' id='par_1_78' title="bbox 2044 3340 3615 3418">
     <span class='ocr_line' id='line_1_78' title="bbox 2044 3340 3615 3418; baseline -0.003 -18"><span class='ocrx_word' id='word_1_616' title='bbox 2044 3347 2354 3418; x_wconf 84' lang='grc' dir='ltr'>σπέρματος</span> <span class='ocrx_word' id='word_1_617' title='bbox 2375 3365 2386 3376; x_wconf 92' lang='grc'><strong>·</strong></span> <span class='ocrx_word' id='word_1_618' title='bbox 2422 3340 2496 3399; x_wconf 84' lang='grc' dir='ltr'>ὧν</span> <span class='ocrx_word' id='word_1_619' title='bbox 2522 3346 2619 3417; x_wconf 84' lang='grc' dir='ltr'>τὴν</span> <span class='ocrx_word' id='word_1_620' title='bbox 2650 3345 2920 3415; x_wconf 85' lang='grc' dir='ltr'>διαδοχὴν,</span> <span class='ocrx_word' id='word_1_621' title='bbox 2949 3345 3241 3407; x_wconf 87' lang='grc' dir='ltr'>Μωαϐίτας</span> <span class='ocrx_word' id='word_1_622' title='bbox 3272 3345 3364 3396; x_wconf 71' lang='grc' dir='ltr'><strong>καὶ</strong></span> <span class='ocrx_word' id='word_1_623' title='bbox 3406 3345 3615 3412; x_wconf 74' lang='grc' dir='ltr'>Ἀμμαο</span> 
     </span>
    </p>
   </div>
   <div class='ocr_carea' id='block_1_79' title="bbox 2040 3435 3613 3507">
    <p class='ocr_par' dir='ltr' id='par_1_79' title="bbox 2040 3435 3613 3507">
     <span class='ocr_line' id='line_1_79' title="bbox 2040 3435 3613 3507; baseline -0.002 -16"><span class='ocrx_word' id='word_1_624' title='bbox 2040 3439 2211 3502; x_wconf 85' lang='grc' dir='ltr'>νίτας,</span> <span class='ocrx_word' id='word_1_625' title='bbox 2245 3437 2582 3507; x_wconf 86' lang='grc' dir='ltr'>ἀποϐλήτους</span> <span class='ocrx_word' id='word_1_626' title='bbox 2609 3441 2839 3489; x_wconf 90' lang='grc' dir='ltr'>ποιεῖται</span> <span class='ocrx_word' id='word_1_627' title='bbox 2861 3439 2888 3489; x_wconf 85' lang='grc' dir='ltr'>ὁ</span> <span class='ocrx_word' id='word_1_628' title='bbox 2913 3436 3184 3499; x_wconf 81' lang='grc' dir='ltr'>Μωῦσέως</span> <span class='ocrx_word' id='word_1_629' title='bbox 3212 3437 3392 3506; x_wconf 85' lang='grc' dir='ltr'>νόμος.</span> <span class='ocrx_word' id='word_1_630' title='bbox 3424 3435 3556 3488; x_wconf 79' lang='grc' dir='ltr'><strong>Ἀλλ’</strong></span> <span class='ocrx_word' id='word_1_631' title='bbox 3582 3437 3613 3488; x_wconf 86' lang='grc' dir='ltr'><strong>ό</strong></span> 
     </span>
    </p>
   </div>
   <div class='ocr_carea' id='block_1_80' title="bbox 2042 3527 3610 3601">
    <p class='ocr_par' dir='ltr' id='par_1_80' title="bbox 2042 3527 3610 3601">
     <span class='ocr_line' id='line_1_80' title="bbox 2042 3527 3610 3601; baseline -0.004 -18"><span class='ocrx_word' id='word_1_632' title='bbox 2042 3529 2230 3600; x_wconf 88' lang='grc' dir='ltr'>παρὼν</span> <span class='ocrx_word' id='word_1_633' title='bbox 2268 3530 2429 3600; x_wconf 88' lang='grc' dir='ltr'>νόμος</span> <span class='ocrx_word' id='word_1_634' title='bbox 2459 3531 2537 3601; x_wconf 79' lang='grc' dir='ltr'>τῷ</span> <span class='ocrx_word' id='word_1_635' title='bbox 2573 3532 2669 3601; x_wconf 84' lang='grc' dir='ltr'><strong>μὲν</strong></span> <span class='ocrx_word' id='word_1_636' title='bbox 2689 3529 2862 3583; x_wconf 74' lang='grc' dir='ltr'>Μωὰϐ</span> <span class='ocrx_word' id='word_1_637' title='bbox 2897 3528 3305 3596; x_wconf 76' lang='grc' dir='ltr'>εὐαγγελίζεται</span> <span class='ocrx_word' id='word_1_638' title='bbox 3356 3527 3610 3580; x_wconf 69' lang='grc' dir='ltr'>κάλλιστα</span> 
     </span>
    </p>
   </div>
   <div class='ocr_carea' id='block_1_81' title="bbox 2039 3617 3610 3691">
    <p class='ocr_par' dir='ltr' id='par_1_81' title="bbox 2039 3617 3610 3691">
     <span class='ocr_line' id='line_1_81' title="bbox 2039 3617 3610 3691; baseline -0.003 -17"><span class='ocrx_word' id='word_1_639' title='bbox 2039 3622 2237 3690; x_wconf 87' lang='grc' dir='ltr'>λέγων·</span> <span class='ocrx_word' id='word_1_640' title='bbox 2272 3641 2289 3673; x_wconf 82' lang='grc' dir='ltr'><strong>ι</strong></span> <span class='ocrx_word' id='word_1_641' title='bbox 2329 3621 2705 3691; x_wconf 81' lang='grc' dir='ltr'>Μωὰϐ,λέϐης</span> <span class='ocrx_word' id='word_1_642' title='bbox 2730 3621 2830 3690; x_wconf 82' lang='grc' dir='ltr'><strong>τῆς</strong></span> <span class='ocrx_word' id='word_1_643' title='bbox 2862 3620 3073 3683; x_wconf 87' lang='grc' dir='ltr'>ἐλπίδος</span> <span class='ocrx_word' id='word_1_644' title='bbox 3119 3637 3218 3690; x_wconf 91' lang='grc' dir='ltr'><strong>μου</strong></span> <span class='ocrx_word' id='word_1_645' title='bbox 3243 3637 3256 3651; x_wconf 90' lang='grc'><strong>·</strong></span> <span class='ocrx_word' id='word_1_646' title='bbox 3298 3639 3317 3672; x_wconf 77' lang='grc' dir='ltr'><strong>ι</strong></span> <span class='ocrx_word' id='word_1_647' title='bbox 3356 3619 3522 3689; x_wconf 79' lang='grc' dir='ltr'>ἑτέρῳ</span> <span class='ocrx_word' id='word_1_648' title='bbox 3553 3617 3610 3670; x_wconf 75' lang='grc' dir='ltr'>δὲ</span> 
     </span>
    </p>
   </div>
   <div class='ocr_carea' id='block_1_82' title="bbox 2038 3707 3611 3783">
    <p class='ocr_par' dir='ltr' id='par_1_82' title="bbox 2038 3707 3611 3783">
     <span class='ocr_line' id='line_1_82' title="bbox 2038 3707 3611 3783; baseline -0.004 -17"><span class='ocrx_word' id='word_1_649' title='bbox 2038 3713 2181 3766; x_wconf 77' lang='grc' dir='ltr'>ἔθνει</span> <span class='ocrx_word' id='word_1_650' title='bbox 2210 3712 2287 3783; x_wconf 79' lang='grc' dir='ltr'>τῷ</span> <span class='ocrx_word' id='word_1_651' title='bbox 2313 3713 2420 3766; x_wconf 88' lang='grc' dir='ltr'><strong>ἀπὸ</strong></span> <span class='ocrx_word' id='word_1_652' title='bbox 2443 3713 2537 3766; x_wconf 89' lang='grc' dir='ltr'><strong>τοῦ</strong></span> <span class='ocrx_word' id='word_1_653' title='bbox 2578 3712 2746 3766; x_wconf 79' lang='grc' dir='ltr'>Ἠσαῦ</span> <span class='ocrx_word' id='word_1_654' title='bbox 2777 3711 3045 3781; x_wconf 80' lang='grc' dir='ltr'>ὑφεστῶτι</span> <span class='ocrx_word' id='word_1_655' title='bbox 3077 3710 3144 3763; x_wconf 78' lang='grc' dir='ltr'>τὰ</span> <span class='ocrx_word' id='word_1_656' title='bbox 3172 3709 3382 3781; x_wconf 80' lang='grc' dir='ltr'>χρηστά</span> <span class='ocrx_word' id='word_1_657' title='bbox 3412 3707 3611 3779; x_wconf 84' lang='grc' dir='ltr'>σημαί-</span> 
     </span>
    </p>
   </div>
   <div class='ocr_carea' id='block_1_83' title="bbox 2038 3800 3614 3877">
    <p class='ocr_par' dir='ltr' id='par_1_83' title="bbox 2038 3800 3614 3877">
     <span class='ocr_line' id='line_1_83' title="bbox 2038 3800 3614 3877; baseline -0.004 -19"><span class='ocrx_word' id='word_1_658' title='bbox 2038 3823 2138 3870; x_wconf 87' lang='grc' dir='ltr'>νει,</span> <span class='ocrx_word' id='word_1_659' title='bbox 2187 3806 2462 3877; x_wconf 79' lang='grc' dir='ltr'>ἐπιφέρων</span> <span class='ocrx_word' id='word_1_660' title='bbox 2512 3806 2669 3876; x_wconf 83' lang='grc' dir='ltr'>ἐξῆς·</span> <span class='ocrx_word' id='word_1_661' title='bbox 2710 3824 2728 3855; x_wconf 78' lang='grc' dir='ltr'><strong>ι</strong></span> <span class='ocrx_word' id='word_1_662' title='bbox 2778 3805 2896 3858; x_wconf 77' lang='grc' dir='ltr'>Ἐπὶ</span> <span class='ocrx_word' id='word_1_663' title='bbox 2937 3805 3036 3874; x_wconf 83' lang='grc' dir='ltr'><strong>τὴν</strong></span> <span class='ocrx_word' id='word_1_664' title='bbox 3079 3802 3382 3872; x_wconf 84' lang='grc' dir='ltr'>Ἰδουμαίαν</span> <span class='ocrx_word' id='word_1_665' title='bbox 3412 3800 3614 3854; x_wconf 79' lang='grc' dir='ltr'>ἐκτενῶ</span> 
     </span>
    </p>
   </div>
   <div class='ocr_carea' id='block_1_84' title="bbox 2037 3892 3611 3970">
    <p class='ocr_par' dir='ltr' id='par_1_84' title="bbox 2037 3892 3611 3970">
     <span class='ocr_line' id='line_1_84' title="bbox 2037 3892 3611 3970; baseline -0.004 -18"><span class='ocrx_word' id='word_1_666' title='bbox 2037 3900 2096 3953; x_wconf 85' lang='grc' dir='ltr'><strong>τὸ</strong></span> <span class='ocrx_word' id='word_1_667' title='bbox 2144 3899 2396 3970; x_wconf 85' lang='grc' dir='ltr'>ὑπόδημά</span> <span class='ocrx_word' id='word_1_668' title='bbox 2430 3916 2551 3970; x_wconf 89' lang='grc' dir='ltr'>μου.</span> <span class='ocrx_word' id='word_1_669' title='bbox 2585 3917 2604 3947; x_wconf 74' lang='grc' dir='ltr'><strong>ι</strong></span> <span class='ocrx_word' id='word_1_670' title='bbox 2654 3897 2920 3967; x_wconf 84' lang='grc' dir='ltr'>Ἰδουμαία</span> <span class='ocrx_word' id='word_1_671' title='bbox 2963 3895 3007 3948; x_wconf 78' lang='grc' dir='ltr'>δ’</span> <span class='ocrx_word' id='word_1_672' title='bbox 3063 3894 3323 3964; x_wconf 82' lang='grc' dir='ltr'>ἐκέκλητο</span> <span class='ocrx_word' id='word_1_673' title='bbox 3366 3893 3473 3948; x_wconf 77' lang='grc' dir='ltr'>ἀπὸ</span> <span class='ocrx_word' id='word_1_674' title='bbox 3517 3892 3611 3947; x_wconf 87' lang='grc' dir='ltr'><strong>τοῦ</strong></span> 
     </span>
    </p>
   </div>
   <div class='ocr_carea' id='block_1_85' title="bbox 2049 3979 3608 4061">
    <p class='ocr_par' dir='ltr' id='par_1_85' title="bbox 2049 3979 3608 4061">
     <span class='ocr_line' id='line_1_85' title="bbox 2049 3979 3608 4061; baseline -0.002 -19"><span class='ocrx_word' id='word_1_675' title='bbox 2049 3989 2260 4061; x_wconf 75' lang='grc' dir='ltr'>Ἐδώμ·</span> <span class='ocrx_word' id='word_1_676' title='bbox 2297 3984 2450 4052; x_wconf 69' lang='grc' dir='ltr'>οὗτος</span> <span class='ocrx_word' id='word_1_677' title='bbox 2478 3989 2535 4044; x_wconf 88' lang='grc' dir='ltr'>δὲ</span> <span class='ocrx_word' id='word_1_678' title='bbox 2563 3984 2632 4059; x_wconf 81' lang='grc' dir='ltr'><strong>ἦν</strong></span> <span class='ocrx_word' id='word_1_679' title='bbox 2661 3991 2689 4042; x_wconf 89' lang='grc' dir='ltr'>ὁ</span> <span class='ocrx_word' id='word_1_680' title='bbox 2723 3987 2889 4040; x_wconf 85' lang='grc' dir='ltr'>Ἠσαῦ</span> <span class='ocrx_word' id='word_1_681' title='bbox 2921 3987 3047 4058; x_wconf 77' lang='grc' dir='ltr'>περὶ</span> <span class='ocrx_word' id='word_1_682' title='bbox 3077 3979 3138 4038; x_wconf 79' lang='grc' dir='ltr'><strong>οῦ</strong></span> <span class='ocrx_word' id='word_1_683' title='bbox 3159 3984 3436 4036; x_wconf 84' lang='grc' dir='ltr'>λέλεκται·</span> <span class='ocrx_word' id='word_1_684' title='bbox 3467 4002 3484 4031; x_wconf 75' lang='grc' dir='ltr'><strong>ι</strong></span> <span class='ocrx_word' id='word_1_685' title='bbox 3519 3984 3608 4053; x_wconf 84' lang='grc' dir='ltr'><strong>Μή</strong></span> 
     </span>
    </p>
   </div>
   <div class='ocr_carea' id='block_1_86' title="bbox 2035 4072 3610 4151">
    <p class='ocr_par' dir='ltr' id='par_1_86' title="bbox 2035 4072 3610 4151">
     <span class='ocr_line' id='line_1_86' title="bbox 2035 4072 3610 4151; baseline -0.006 -17"><span class='ocrx_word' id='word_1_686' title='bbox 2035 4097 2116 4143; x_wconf 90' lang='grc' dir='ltr'><strong>τις</strong></span> <span class='ocrx_word' id='word_1_687' title='bbox 2144 4080 2362 4151; x_wconf 79' lang='grc' dir='ltr'>πόρνος,</span> <span class='ocrx_word' id='word_1_688' title='bbox 2394 4080 2428 4148; x_wconf 82' lang='grc' dir='ltr'>ἢ</span> <span class='ocrx_word' id='word_1_689' title='bbox 2474 4079 2719 4149; x_wconf 84' lang='grc' dir='ltr'>βέϐηλος,</span> <span class='ocrx_word' id='word_1_690' title='bbox 2753 4079 2827 4141; x_wconf 85' lang='grc' dir='ltr'>ὼς</span> <span class='ocrx_word' id='word_1_691' title='bbox 2864 4077 3052 4131; x_wconf 78' lang='grc' dir='ltr'>Ἠσαῦ.</span> <span class='ocrx_word' id='word_1_692' title='bbox 3089 4097 3107 4127; x_wconf 83' lang='grc'><strong>›</strong></span> <span class='ocrx_word' id='word_1_693' title='bbox 3139 4075 3342 4147; x_wconf 88' lang='grc' dir='ltr'>Μυρίαι</span> <span class='ocrx_word' id='word_1_694' title='bbox 3369 4091 3427 4126; x_wconf 88' lang='grc' dir='ltr'><strong>τε</strong></span> <span class='ocrx_word' id='word_1_695' title='bbox 3457 4072 3610 4127; x_wconf 85' lang='grc' dir='ltr'>ἄλλαι</span> 
     </span>
    </p>
   </div>
   <div class='ocr_carea' id='block_1_87' title="bbox 2037 4168 3611 4244">
    <p class='ocr_par' dir='ltr' id='par_1_87' title="bbox 2037 4168 3611 4244">
     <span class='ocr_line' id='line_1_87' title="bbox 2037 4168 3611 4244; baseline -0.004 -20"><span class='ocrx_word' id='word_1_696' title='bbox 2037 4175 2363 4244; x_wconf 81' lang='grc' dir='ltr'>προφητεῖαι</span> <span class='ocrx_word' id='word_1_697' title='bbox 2399 4172 2538 4224; x_wconf 85' lang='grc' dir='ltr'><strong>κατά</strong></span> <span class='ocrx_word' id='word_1_698' title='bbox 2559 4171 2666 4224; x_wconf 89' lang='grc' dir='ltr'><strong>τῶν</strong></span> <span class='ocrx_word' id='word_1_699' title='bbox 2709 4171 3018 4240; x_wconf 86' lang='grc' dir='ltr'>Ἰδουμαίων</span> <span class='ocrx_word' id='word_1_700' title='bbox 3048 4173 3140 4224; x_wconf 74' lang='grc' dir='ltr'><strong>καὶ</strong></span> <span class='ocrx_word' id='word_1_701' title='bbox 3163 4170 3302 4224; x_wconf 85' lang='grc' dir='ltr'><strong>κατά</strong></span> <span class='ocrx_word' id='word_1_702' title='bbox 3326 4169 3424 4240; x_wconf 80' lang='grc' dir='ltr'>τῆς</span> <span class='ocrx_word' id='word_1_703' title='bbox 3461 4168 3611 4221; x_wconf 81' lang='grc' dir='ltr'>Ἰδου-</span> 
     </span>
    </p>
   </div>
   <div class='ocr_carea' id='block_1_88' title="bbox 2039 4259 3611 4336">
    <p class='ocr_par' dir='ltr' id='par_1_88' title="bbox 2039 4259 3611 4336">
     <span class='ocr_line' id='line_1_88' title="bbox 2039 4259 3611 4336; baseline -0.003 -20"><span class='ocrx_word' id='word_1_704' title='bbox 2039 4263 2204 4333; x_wconf 88' lang='grc' dir='ltr'>μαίας</span> <span class='ocrx_word' id='word_1_705' title='bbox 2241 4263 2502 4336; x_wconf 84' lang='grc' dir='ltr'>εῐρηνται.</span> <span class='ocrx_word' id='word_1_706' title='bbox 2553 4262 2686 4315; x_wconf 85' lang='grc' dir='ltr'>Ἀλλ’</span> <span class='ocrx_word' id='word_1_707' title='bbox 2727 4263 2756 4315; x_wconf 85' lang='grc' dir='ltr'>ὁ</span> <span class='ocrx_word' id='word_1_708' title='bbox 2788 4261 2978 4333; x_wconf 78' lang='grc' dir='ltr'>παρὼν</span> <span class='ocrx_word' id='word_1_709' title='bbox 3023 4263 3179 4330; x_wconf 82' lang='grc' dir='ltr'>λόγος</span> <span class='ocrx_word' id='word_1_710' title='bbox 3224 4260 3292 4314; x_wconf 85' lang='grc' dir='ltr'>τὰ</span> <span class='ocrx_word' id='word_1_711' title='bbox 3349 4259 3611 4314; x_wconf 81' lang='grc' dir='ltr'>κάλλιστα</span> 
     </span>
    </p>
   </div>
   <div class='ocr_carea' id='block_1_89' title="bbox 2037 4352 3610 4423">
    <p class='ocr_par' dir='ltr' id='par_1_89' title="bbox 2037 4352 3610 4423">
     <span class='ocr_line' id='line_1_89' title="bbox 2037 4352 3610 4423; baseline -0.001 -18"><span class='ocrx_word' id='word_1_712' title='bbox 2037 4353 2132 4406; x_wconf 74' lang='grc' dir='ltr'><strong>καὶ</strong></span> <span class='ocrx_word' id='word_1_713' title='bbox 2159 4352 2366 4417; x_wconf 88' lang='grc' dir='ltr'>τούτοις</span> <span class='ocrx_word' id='word_1_714' title='bbox 2393 4353 2822 4423; x_wconf 79' lang='grc' dir='ltr'>εὐαγγελίζεται,</span> <span class='ocrx_word' id='word_1_715' title='bbox 2847 4353 3094 4422; x_wconf 90' lang='grc' dir='ltr'>λέγοντος</span> <span class='ocrx_word' id='word_1_716' title='bbox 3120 4353 3211 4407; x_wconf 83' lang='grc' dir='ltr'><strong>τοῦ</strong></span> <span class='ocrx_word' id='word_1_717' title='bbox 3242 4352 3399 4406; x_wconf 84' lang='grc' dir='ltr'><strong>Θεοῦ·</strong></span> <span class='ocrx_word' id='word_1_718' title='bbox 3433 4371 3449 4401; x_wconf 79' lang='grc' dir='ltr'><strong>ι</strong></span> <span class='ocrx_word' id='word_1_719' title='bbox 3488 4353 3610 4404; x_wconf 80' lang='grc' dir='ltr'>Ἐπὶ</span> 
     </span>
    </p>
   </div>
   <div class='ocr_carea' id='block_1_90' title="bbox 363 4435 1943 4523">
    <p class='ocr_par' dir='ltr' id='par_1_90' title="bbox 363 4442 1933 4523">
     <span class='ocr_line' id='line_1_90' title="bbox 363 4442 1933 4523; baseline 0.009 -29"><span class='ocrx_word' id='word_1_720' title='bbox 363 4456 494 4496; x_wconf 82' lang='lat' dir='ltr'><strong>vero</strong></span> <span class='ocrx_word' id='word_1_721' title='bbox 522 4442 590 4497; x_wconf 90' lang='lat' dir='ltr'><strong>de</strong></span> <span class='ocrx_word' id='word_1_722' title='bbox 623 4443 849 4514; x_wconf 85' lang='lat' dir='ltr'><strong>reliquis</strong></span> <span class='ocrx_word' id='word_1_723' title='bbox 887 4446 1139 4515; x_wconf 84' lang='lat' dir='ltr'><strong>gentibus</strong></span> <span class='ocrx_word' id='word_1_724' title='bbox 1182 4447 1660 4506; x_wconf 88' lang='lat' dir='ltr'><strong>indiscriminatim</strong></span> <span class='ocrx_word' id='word_1_725' title='bbox 1703 4453 1933 4523; x_wconf 86' lang='lat' dir='ltr'><strong>subjun-</strong></span> 
     </span>
    </p>
   </div>
   <div class='ocr_carea' id='block_1_91' title="bbox 2046 4435 3607 4523">
    <p class='ocr_par' dir='ltr' id='par_1_91' title="bbox 2046 4443 3607 4518">
     <span class='ocr_line' id='line_1_91' title="bbox 2046 4443 3607 4518; baseline 0 -20"><span class='ocrx_word' id='word_1_726' title='bbox 2046 4447 2134 4516; x_wconf 74' lang='grc' dir='ltr'><strong>τὴν</strong></span> <span class='ocrx_word' id='word_1_727' title='bbox 2181 4446 2480 4517; x_wconf 86' lang='grc' dir='ltr'>Ἰδουμαίαν</span> <span class='ocrx_word' id='word_1_728' title='bbox 2506 4446 2710 4501; x_wconf 85' lang='grc' dir='ltr'>ἐκτενῶ</span> <span class='ocrx_word' id='word_1_729' title='bbox 2741 4447 2802 4502; x_wconf 85' lang='grc' dir='ltr'>τὸ</span> <span class='ocrx_word' id='word_1_730' title='bbox 2838 4447 3088 4517; x_wconf 84' lang='grc' dir='ltr'>ὑπόδημά</span> <span class='ocrx_word' id='word_1_731' title='bbox 3124 4465 3244 4518; x_wconf 89' lang='grc' dir='ltr'>μου.</span> <span class='ocrx_word' id='word_1_732' title='bbox 3284 4465 3301 4497; x_wconf 85' lang='grc'><strong>›</strong></span> <span class='ocrx_word' id='word_1_733' title='bbox 3334 4443 3445 4498; x_wconf 79' lang='grc' dir='ltr'>Εἶθ’</span> <span class='ocrx_word' id='word_1_734' title='bbox 3483 4444 3607 4516; x_wconf 79' lang='grc' dir='ltr'>ἑξῆς</span> 
     </span>
    </p>
   </div>
   <div class='ocr_carea' id='block_1_92' title="bbox 365 4534 1934 4609">
    <p class='ocr_par' dir='ltr' id='par_1_92' title="bbox 365 4534 1934 4609">
     <span class='ocr_line' id='line_1_92' title="bbox 365 4534 1934 4609; baseline 0.012 -26"><span class='ocrx_word' id='word_1_735' title='bbox 365 4535 479 4601; x_wconf 78' lang='lat' dir='ltr'><strong>git:</strong></span> <span class='ocrx_word' id='word_1_736' title='bbox 519 4552 537 4586; x_wconf 81' lang='grc' dir='ltr'><strong>ι</strong></span> <span class='ocrx_word' id='word_1_737' title='bbox 571 4534 702 4590; x_wconf 84' lang='lat' dir='ltr'><strong>Mihi</strong></span> <span class='ocrx_word' id='word_1_738' title='bbox 725 4537 1042 4608; x_wconf 73' lang='lat' dir='ltr'><strong>alienigena:</strong></span> <span class='ocrx_word' id='word_1_739' title='bbox 1069 4540 1268 4596; x_wconf 87' lang='lat' dir='ltr'><strong>subditi</strong></span> <span class='ocrx_word' id='word_1_740' title='bbox 1297 4554 1446 4604; x_wconf 90' lang='lat' dir='ltr'><strong>sunt,</strong></span> <span class='ocrx_word' id='word_1_741' title='bbox 1483 4561 1504 4596; x_wconf 72' lang='grc' dir='ltr'><strong>ι</strong></span> <span class='ocrx_word' id='word_1_742' title='bbox 1537 4543 1672 4609; x_wconf 89' lang='lat' dir='ltr'><strong>sive,</strong></span> <span class='ocrx_word' id='word_1_743' title='bbox 1714 4565 1732 4598; x_wconf 81' lang='grc' dir='ltr'><strong>ι</strong></span> <span class='ocrx_word' id='word_1_744' title='bbox 1772 4547 1934 4602; x_wconf 87' lang='lat' dir='ltr'><strong>amici</strong></span> 
     </span>
    </p>
   </div>
   <div class='ocr_carea' id='block_1_93' title="bbox 367 4627 1932 4704">
    <p class='ocr_par' dir='ltr' id='par_1_93' title="bbox 367 4627 1932 4704">
     <span class='ocr_line' id='line_1_93' title="bbox 367 4627 1932 4704; baseline 0.011 -26"><span class='ocrx_word' id='word_1_745' title='bbox 367 4627 493 4680; x_wconf 85' lang='lat' dir='ltr'><strong>tacti</strong></span> <span class='ocrx_word' id='word_1_746' title='bbox 525 4635 670 4684; x_wconf 90' lang='lat' dir='ltr'><strong>sunt.</strong></span> <span class='ocrx_word' id='word_1_747' title='bbox 707 4648 726 4681; x_wconf 71' lang='grc' dir='ltr'><strong>ι</strong></span> <span class='ocrx_word' id='word_1_748' title='bbox 763 4629 922 4685; x_wconf 81' lang='lat' dir='ltr'><strong>Moab</strong></span> <span class='ocrx_word' id='word_1_749' title='bbox 942 4647 1071 4687; x_wconf 89' lang='lat' dir='ltr'><strong>vero</strong></span> <span class='ocrx_word' id='word_1_750' title='bbox 1104 4633 1331 4690; x_wconf 82' lang='lat' dir='ltr'><strong>lebetem</strong></span> <span class='ocrx_word' id='word_1_751' title='bbox 1361 4636 1475 4704; x_wconf 87' lang='lat' dir='ltr'><strong>spei</strong></span> <span class='ocrx_word' id='word_1_752' title='bbox 1498 4652 1610 4691; x_wconf 84' lang='lat' dir='ltr'><strong>suae</strong></span> <span class='ocrx_word' id='word_1_753' title='bbox 1640 4647 1818 4704; x_wconf 89' lang='lat' dir='ltr'><strong>vocat,</strong></span> <span class='ocrx_word' id='word_1_754' title='bbox 1837 4655 1932 4695; x_wconf 90' lang='lat' dir='ltr'><strong>seu</strong></span> 
     </span>
    </p>
   </div>
   <div class='ocr_carea' id='block_1_94' title="bbox 365 4720 1933 4801">
    <p class='ocr_par' dir='ltr' id='par_1_94' title="bbox 365 4720 1933 4801">
     <span class='ocr_line' id='line_1_94' title="bbox 365 4720 1933 4801; baseline 0.009 -29"><span class='ocrx_word' id='word_1_755' title='bbox 365 4720 590 4775; x_wconf 89' lang='lat' dir='ltr'><strong>Iehetem</strong></span> <span class='ocrx_word' id='word_1_756' title='bbox 617 4721 817 4776; x_wconf 75' lang='lat' dir='ltr'><strong>lavacri</strong></span> <span class='ocrx_word' id='word_1_757' title='bbox 858 4726 962 4786; x_wconf 89' lang='lat' dir='ltr'><strong>sui,</strong></span> <span class='ocrx_word' id='word_1_758' title='bbox 997 4731 1092 4778; x_wconf 91' lang='lat' dir='ltr'><strong>aut</strong></span> <span class='ocrx_word' id='word_1_759' title='bbox 1132 4727 1444 4783; x_wconf 88' lang='lat' dir='ltr'><strong>securitatis</strong></span> <span class='ocrx_word' id='word_1_760' title='bbox 1495 4745 1628 4794; x_wconf 67' lang='lat' dir='ltr'><strong>suae,</strong></span> <span class='ocrx_word' id='word_1_761' title='bbox 1659 4730 1786 4801; x_wconf 89' lang='lat' dir='ltr'><strong>quia</strong></span> <span class='ocrx_word' id='word_1_762' title='bbox 1825 4732 1933 4786; x_wconf 87' lang='lat' dir='ltr'><strong>alio</strong></span> 
     </span>
    </p>
   </div>
   <div class='ocr_carea' id='block_1_95' title="bbox 363 4808 1930 4896">
    <p class='ocr_par' dir='ltr' id='par_1_95' title="bbox 363 4808 1930 4896">
     <span class='ocr_line' id='line_1_95' title="bbox 363 4808 1930 4896; baseline 0.011 -32"><span class='ocrx_word' id='word_1_763' title='bbox 363 4808 528 4864; x_wconf 89' lang='lat' dir='ltr'><strong>modo</strong></span> <span class='ocrx_word' id='word_1_764' title='bbox 560 4825 669 4866; x_wconf 91' lang='lat' dir='ltr'><strong>non</strong></span> <span class='ocrx_word' id='word_1_765' title='bbox 700 4813 908 4869; x_wconf 88' lang='lat' dir='ltr'><strong>licitum</strong></span> <span class='ocrx_word' id='word_1_766' title='bbox 936 4818 1038 4886; x_wconf 88' lang='lat' dir='ltr'><strong>ipsi</strong></span> <span class='ocrx_word' id='word_1_767' title='bbox 1085 4817 1299 4885; x_wconf 86' lang='lat' dir='ltr'><strong>fuisset,</strong></span> <span class='ocrx_word' id='word_1_768' title='bbox 1337 4830 1522 4892; x_wconf 90' lang='lat' dir='ltr'><strong>utpote</strong></span> <span class='ocrx_word' id='word_1_769' title='bbox 1562 4825 1731 4880; x_wconf 83' lang='lat' dir='ltr'><strong>semel</strong></span> <span class='ocrx_word' id='word_1_770' title='bbox 1764 4841 1930 4896; x_wconf 87' lang='lat' dir='ltr'><strong>repu-</strong></span> 
     </span>
    </p>
   </div>
   <div class='ocr_carea' id='block_1_96' title="bbox 361 4900 1927 4985">
    <p class='ocr_par' dir='ltr' id='par_1_96' title="bbox 361 4900 1927 4985">
     <span class='ocr_line' id='line_1_96' title="bbox 361 4900 1927 4985; baseline 0.01 -31"><span class='ocrx_word' id='word_1_771' title='bbox 361 4901 532 4967; x_wconf 86' lang='lat' dir='ltr'><strong>diato,</strong></span> <span class='ocrx_word' id='word_1_772' title='bbox 575 4900 631 4955; x_wconf 91' lang='lat' dir='ltr'><strong>in</strong></span> <span class='ocrx_word' id='word_1_773' title='bbox 681 4901 978 4961; x_wconf 87' lang='lat' dir='ltr'><strong>Ecclesiam</strong></span> <span class='ocrx_word' id='word_1_774' title='bbox 1007 4906 1099 4964; x_wconf 89' lang='lat' dir='ltr'><strong>Dei</strong></span> <span class='ocrx_word' id='word_1_775' title='bbox 1131 4911 1450 4976; x_wconf 86' lang='lat' dir='ltr'><strong>concedere,</strong></span> <span class='ocrx_word' id='word_1_776' title='bbox 1482 4914 1588 4970; x_wconf 85' lang='lat' dir='ltr'><strong>nisi</strong></span> <span class='ocrx_word' id='word_1_777' title='bbox 1632 4930 1730 4985; x_wconf 90' lang='lat' dir='ltr'><strong>per</strong></span> <span class='ocrx_word' id='word_1_778' title='bbox 1774 4916 1927 4970; x_wconf 87' lang='lat' dir='ltr'><strong>lava-</strong></span> 
     </span>
    </p>
   </div>
   <div class='ocr_carea' id='block_1_97' title="bbox 359 4995 1929 5070">
    <p class='ocr_par' dir='ltr' id='par_1_97' title="bbox 359 4995 1929 5070">
     <span class='ocr_line' id='line_1_97' title="bbox 359 4995 1929 5070; baseline 0.011 -25"><span class='ocrx_word' id='word_1_779' title='bbox 359 5007 514 5046; x_wconf 82' lang='lat' dir='ltr'><strong>crum</strong></span> <span class='ocrx_word' id='word_1_780' title='bbox 548 4995 1000 5062; x_wconf 82' lang='lat' dir='ltr'><strong>regenerationis.</strong></span> <span class='ocrx_word' id='word_1_781' title='bbox 1042 4999 1230 5070; x_wconf 84' lang='lat' dir='ltr'><strong>Itaque</strong></span> <span class='ocrx_word' id='word_1_782' title='bbox 1263 5017 1364 5058; x_wconf 90' lang='lat' dir='ltr'><strong>ceu</strong></span> <span class='ocrx_word' id='word_1_783' title='bbox 1404 5003 1460 5058; x_wconf 90' lang='lat' dir='ltr'><strong>in</strong></span> <span class='ocrx_word' id='word_1_784' title='bbox 1493 5004 1670 5061; x_wconf 88' lang='lat' dir='ltr'><strong>lebete</strong></span> <span class='ocrx_word' id='word_1_785' title='bbox 1709 5005 1929 5062; x_wconf 88' lang='lat' dir='ltr'><strong>ablutus</strong></span> 
     </span>
    </p>
   </div>
   <div class='ocr_carea' id='block_1_98' title="bbox 359 5087 1929 5166">
    <p class='ocr_par' dir='ltr' id='par_1_98' title="bbox 359 5087 1929 5166">
     <span class='ocr_line' id='line_1_98' title="bbox 359 5087 1929 5166; baseline 0.008 -27"><span class='ocrx_word' id='word_1_786' title='bbox 359 5091 412 5139; x_wconf 91' lang='lat' dir='ltr'><strong>et</strong></span> <span class='ocrx_word' id='word_1_787' title='bbox 447 5093 710 5155; x_wconf 87' lang='lat' dir='ltr'><strong>purgatus</strong></span> <span class='ocrx_word' id='word_1_788' title='bbox 739 5100 768 5140; x_wconf 87' lang='lat' dir='ltr'><strong>a</strong></span> <span class='ocrx_word' id='word_1_789' title='bbox 804 5087 1038 5156; x_wconf 88' lang='lat' dir='ltr'><strong>pristina</strong></span> <span class='ocrx_word' id='word_1_790' title='bbox 1093 5091 1395 5162; x_wconf 87' lang='lat' dir='ltr'><strong>impietate,</strong></span> <span class='ocrx_word' id='word_1_791' title='bbox 1441 5097 1616 5166; x_wconf 87' lang='lat' dir='ltr'><strong>gratia</strong></span> <span class='ocrx_word' id='word_1_792' title='bbox 1653 5097 1929 5162; x_wconf 90' lang='lat' dir='ltr'><strong>donatur,</strong></span> 
     </span>
    </p>
   </div>
   <div class='ocr_carea' id='block_1_99' title="bbox 357 5178 1932 5259">
    <p class='ocr_par' dir='ltr' id='par_1_99' title="bbox 357 5178 1932 5259">
     <span class='ocr_line' id='line_1_99' title="bbox 357 5178 1932 5259; baseline 0.007 -28"><span class='ocrx_word' id='word_1_793' title='bbox 357 5184 522 5246; x_wconf 84' lang='lat' dir='ltr'><strong>atque</strong></span> <span class='ocrx_word' id='word_1_794' title='bbox 553 5178 627 5230; x_wconf 88' lang='lat' dir='ltr'><strong>ita</strong></span> <span class='ocrx_word' id='word_1_795' title='bbox 677 5179 1030 5236; x_wconf 82' lang='lat' dir='ltr'><strong>securitatem</strong></span> <span class='ocrx_word' id='word_1_796' title='bbox 1069 5182 1300 5240; x_wconf 91' lang='lat' dir='ltr'><strong>obtinet.</strong></span> <span class='ocrx_word' id='word_1_797' title='bbox 1333 5185 1397 5242; x_wconf 87' lang='lat' dir='ltr'><strong>Et</strong></span> <span class='ocrx_word' id='word_1_798' title='bbox 1431 5187 1545 5243; x_wconf 67' lang='lat' dir='ltr'><strong>haec</strong></span> <span class='ocrx_word' id='word_1_799' title='bbox 1573 5203 1738 5259; x_wconf 89' lang='lat' dir='ltr'><strong>opere</strong></span> <span class='ocrx_word' id='word_1_800' title='bbox 1782 5203 1932 5244; x_wconf 91' lang='lat' dir='ltr'><strong>com-</strong></span> 
     </span>
    </p>
   </div>
   <div class='ocr_carea' id='block_1_100' title="bbox 356 5264 1927 5349">
    <p class='ocr_par' dir='ltr' id='par_1_100' title="bbox 356 5264 1927 5349">
     <span class='ocr_line' id='line_1_100' title="bbox 356 5264 1927 5349; baseline 0.01 -31"><span class='ocrx_word' id='word_1_801' title='bbox 356 5264 502 5336; x_wconf 89' lang='lat' dir='ltr'><strong>pleta</strong></span> <span class='ocrx_word' id='word_1_802' title='bbox 533 5267 658 5324; x_wconf 90' lang='lat' dir='ltr'><strong>licet</strong></span> <span class='ocrx_word' id='word_1_803' title='bbox 690 5269 825 5340; x_wconf 86' lang='lat' dir='ltr'><strong>ipsis</strong></span> <span class='ocrx_word' id='word_1_804' title='bbox 852 5273 1029 5328; x_wconf 83' lang='lat' dir='ltr'><strong>oculis</strong></span> <span class='ocrx_word' id='word_1_805' title='bbox 1059 5275 1340 5346; x_wconf 86' lang='lat' dir='ltr'><strong>percipere</strong></span> <span class='ocrx_word' id='word_1_806' title='bbox 1381 5277 1452 5334; x_wconf 90' lang='lat' dir='ltr'><strong>iis</strong></span> <span class='ocrx_word' id='word_1_807' title='bbox 1477 5279 1570 5349; x_wconf 90' lang='lat' dir='ltr'><strong>qui</strong></span> <span class='ocrx_word' id='word_1_808' title='bbox 1605 5279 1659 5334; x_wconf 91' lang='lat' dir='ltr'><strong>in</strong></span> <span class='ocrx_word' id='word_1_809' title='bbox 1687 5278 1927 5334; x_wconf 84' lang='lat' dir='ltr'><strong>Arabum</strong></span> 
     </span>
    </p>
   </div>
   <div class='ocr_carea' id='block_1_101' title="bbox 354 5358 1932 5434">
    <p class='ocr_par' dir='ltr' id='par_1_101' title="bbox 354 5358 1932 5434">
     <span class='ocr_line' id='line_1_101' title="bbox 354 5358 1932 5434; baseline 0.011 -24"><span class='ocrx_word' id='word_1_810' title='bbox 354 5358 577 5428; x_wconf 85' lang='lat' dir='ltr'><strong>regione</strong></span> <span class='ocrx_word' id='word_1_811' title='bbox 631 5364 1079 5434; x_wconf 86' lang='lat' dir='ltr'><strong>peregrinantur,</strong></span> <span class='ocrx_word' id='word_1_812' title='bbox 1137 5370 1536 5427; x_wconf 77' lang='lat' dir='ltr'><strong>cum-videant</strong></span> <span class='ocrx_word' id='word_1_813' title='bbox 1583 5371 1848 5427; x_wconf 82' lang='lat' dir='ltr'><strong>Moabitas</strong></span> <span class='ocrx_word' id='word_1_814' title='bbox 1877 5381 1932 5427; x_wconf 87' lang='lat' dir='ltr'><strong>et</strong></span> 
     </span>
    </p>
   </div>
   <div class='ocr_carea' id='block_1_102' title="bbox 355 5448 1926 5527">
    <p class='ocr_par' dir='ltr' id='par_1_102' title="bbox 355 5448 1926 5527">
     <span class='ocr_line' id='line_1_102' title="bbox 355 5448 1926 5527; baseline 0.012 -28"><span class='ocrx_word' id='word_1_815' title='bbox 355 5448 696 5509; x_wconf 78' lang='lat' dir='ltr'><strong>Ammonitas</strong></span> <span class='ocrx_word' id='word_1_816' title='bbox 721 5493 737 5517; x_wconf 95' lang='lat'><strong>,</strong></span> <span class='ocrx_word' id='word_1_817' title='bbox 789 5456 882 5525; x_wconf 91' lang='lat' dir='ltr'><strong>qui</strong></span> <span class='ocrx_word' id='word_1_818' title='bbox 916 5473 1082 5526; x_wconf 90' lang='lat' dir='ltr'><strong>penes</strong></span> <span class='ocrx_word' id='word_1_819' title='bbox 1113 5459 1236 5515; x_wconf 91' lang='lat' dir='ltr'><strong>illos</strong></span> <span class='ocrx_word' id='word_1_820' title='bbox 1270 5476 1467 5526; x_wconf 78' lang='lat' dir='ltr'><strong>magno</strong></span> <span class='ocrx_word' id='word_1_821' title='bbox 1496 5477 1728 5518; x_wconf 80' lang='lat' dir='ltr'><strong>numero</strong></span> <span class='ocrx_word' id='word_1_822' title='bbox 1759 5471 1884 5519; x_wconf 89' lang='lat' dir='ltr'><strong>sunt</strong></span> <span class='ocrx_word' id='word_1_823' title='bbox 1911 5504 1926 5527; x_wconf 91' lang='lat'><strong>,</strong></span> 
     </span>
    </p>
   </div>
   <div class='ocr_carea' id='block_1_103' title="bbox 356 5536 1927 5624">
    <p class='ocr_par' dir='ltr' id='par_1_103' title="bbox 356 5536 1927 5624">
     <span class='ocr_line' id='line_1_103' title="bbox 356 5536 1927 5624; baseline 0.013 -32"><span class='ocrx_word' id='word_1_824' title='bbox 356 5536 633 5599; x_wconf 80' lang='lat' dir='ltr'><strong>Ecclesias</strong></span> <span class='ocrx_word' id='word_1_825' title='bbox 679 5545 774 5602; x_wconf 87' lang='lat' dir='ltr'><strong>Dei</strong></span> <span class='ocrx_word' id='word_1_826' title='bbox 829 5548 1076 5619; x_wconf 89' lang='lat' dir='ltr'><strong>implere.</strong></span> <span class='ocrx_word' id='word_1_827' title='bbox 1146 5539 1558 5624; x_wconf 84' lang='lat' dir='ltr'><strong>Similiterque,</strong></span> <span class='ocrx_word' id='word_1_828' title='bbox 1614 5573 1633 5606; x_wconf 76' lang='grc' dir='ltr'><strong>ι</strong></span> <span class='ocrx_word' id='word_1_829' title='bbox 1695 5555 1754 5611; x_wconf 87' lang='lat' dir='ltr'><strong>ln</strong></span> <span class='ocrx_word' id='word_1_830' title='bbox 1801 5556 1927 5612; x_wconf 82' lang='lat' dir='ltr'><strong>ldu-</strong></span> 
     </span>
    </p>
   </div>
   <div class='ocr_carea' id='block_1_104' title="bbox 357 5638 1913 5716">
    <p class='ocr_par' dir='ltr' id='par_1_104' title="bbox 357 5638 1913 5716">
     <span class='ocr_line' id='line_1_104' title="bbox 357 5638 1913 5716; baseline 0.007 -24"><span class='ocrx_word' id='word_1_831' title='bbox 357 5647 410 5692; x_wconf 82' lang='grc' dir='ltr'><strong>ω</strong></span> <span class='ocrx_word' id='word_1_832' title='bbox 461 5649 584 5702; x_wconf 77' lang='lat' dir='ltr'><strong>am,</strong></span> <span class='ocrx_word' id='word_1_833' title='bbox 621 5638 830 5710; x_wconf 90' lang='lat' dir='ltr'><strong>inquit,</strong></span> <span class='ocrx_word' id='word_1_834' title='bbox 879 5643 1245 5700; x_wconf 83' lang='lat' dir='ltr'><strong>conscendam</strong></span> <span class='ocrx_word' id='word_1_835' title='bbox 1297 5649 1666 5704; x_wconf 89' lang='lat' dir='ltr'><strong>calceamento</strong></span> <span class='ocrx_word' id='word_1_836' title='bbox 1700 5665 1854 5716; x_wconf 85' lang='lat' dir='ltr'><strong>meo,</strong></span> <span class='ocrx_word' id='word_1_837' title='bbox 1895 5669 1913 5703; x_wconf 78' lang='grc' dir='ltr'><strong>ι</strong></span> 
     </span>
    </p>
   </div>
   <div class='ocr_carea' id='block_1_105' title="bbox 445 5746 1593 5833">
    <p class='ocr_par' dir='ltr' id='par_1_105' title="bbox 445 5746 1593 5833">
     <span class='ocr_line' id='line_1_105' title="bbox 445 5746 1593 5833; baseline 0.009 -30"><span class='ocrx_word' id='word_1_838' title='bbox 445 5746 488 5780; x_wconf 77' lang='grc'><strong>’⁸</strong></span> <span class='ocrx_word' id='word_1_839' title='bbox 532 5747 689 5804; x_wconf 88' lang='lat' dir='ltr'><strong>Deut.</strong></span> <span class='ocrx_word' id='word_1_840' title='bbox 729 5765 899 5813; x_wconf 78' lang='lat' dir='ltr'><strong>mn,</strong></span> <span class='ocrx_word' id='word_1_841' title='bbox 937 5750 990 5833; x_wconf 61' lang='lat'><strong>3.</strong></span> <span class='ocrx_word' id='word_1_842' title='bbox 1071 5755 1114 5786; x_wconf 86' lang='lat'>&quot;</span> <span class='ocrx_word' id='word_1_843' title='bbox 1160 5752 1322 5810; x_wconf 86' lang='lat' dir='ltr'><strong>llebr.</strong></span> <span class='ocrx_word' id='word_1_844' title='bbox 1362 5772 1468 5819; x_wconf 71' lang='lat' dir='ltr'><strong>xu,</strong></span> <span class='ocrx_word' id='word_1_845' title='bbox 1511 5759 1593 5816; x_wconf 77' lang='lat' dir='ltr'><strong>i6.</strong></span> 
     </span>
    </p>
   </div>
   <div class='ocr_carea' id='block_1_106' title="bbox 2038 4537 3605 4611">
    <p class='ocr_par' dir='ltr' id='par_1_106' title="bbox 2038 4537 3605 4611">
     <span class='ocr_line' id='line_1_106' title="bbox 2038 4537 3605 4611; baseline -0.002 -17"><span class='ocrx_word' id='word_1_846' title='bbox 2038 4541 2130 4596; x_wconf 74' lang='grc' dir='ltr'>καὶ</span> <span class='ocrx_word' id='word_1_847' title='bbox 2197 4540 2324 4610; x_wconf 75' lang='grc' dir='ltr'>περὶ</span> <span class='ocrx_word' id='word_1_848' title='bbox 2375 4537 2482 4591; x_wconf 88' lang='grc' dir='ltr'><strong>τῶν</strong></span> <span class='ocrx_word' id='word_1_849' title='bbox 2529 4539 2728 4592; x_wconf 85' lang='grc' dir='ltr'>λοιπῶν</span> <span class='ocrx_word' id='word_1_850' title='bbox 2776 4539 2944 4592; x_wconf 80' lang='grc' dir='ltr'>ἐθνῶν</span> <span class='ocrx_word' id='word_1_851' title='bbox 2972 4541 3287 4611; x_wconf 81' lang='grc' dir='ltr'>ἀδιορίστως</span> <span class='ocrx_word' id='word_1_852' title='bbox 3333 4537 3605 4605; x_wconf 80' lang='grc' dir='ltr'>ἐπιλέγει·</span> 
     </span>
    </p>
   </div>
   <div class='ocr_carea' id='block_1_107' title="bbox 2043 4629 3603 4701">
    <p class='ocr_par' dir='ltr' id='par_1_107' title="bbox 2043 4629 3603 4701">
     <span class='ocr_line' id='line_1_107' title="bbox 2043 4629 3603 4701; baseline -0.001 -19"><span class='ocrx_word' id='word_1_853' title='bbox 2043 4651 2061 4682; x_wconf 81' lang='grc' dir='ltr'><strong>ι</strong></span> <span class='ocrx_word' id='word_1_854' title='bbox 2112 4632 2264 4701; x_wconf 77' lang='grc' dir='ltr'>Ἐμοὶ</span> <span class='ocrx_word' id='word_1_855' title='bbox 2321 4631 2607 4700; x_wconf 80' lang='grc' dir='ltr'>ἀλλόφυλοι</span> <span class='ocrx_word' id='word_1_856' title='bbox 2659 4631 3031 4701; x_wconf 81' lang='grc' dir='ltr'>ὑπετάγησαν,</span> <span class='ocrx_word' id='word_1_857' title='bbox 3059 4652 3076 4682; x_wconf 77' lang='grc' dir='ltr'><strong>ι</strong></span> <span class='ocrx_word' id='word_1_858' title='bbox 3115 4632 3198 4701; x_wconf 56' lang='lat' dir='ltr'><strong>ﬂ:</strong></span> <span class='ocrx_word' id='word_1_859' title='bbox 3238 4629 3539 4699; x_wconf 78' lang='grc' dir='ltr'>ἐφιλίασαν.</span> <span class='ocrx_word' id='word_1_860' title='bbox 3583 4647 3603 4681; x_wconf 70' lang='grc' dir='ltr'><strong>ι</strong></span> 
     </span>
    </p>
   </div>
   <div class='ocr_carea' id='block_1_108' title="bbox 2034 4720 3604 4793">
    <p class='ocr_par' dir='ltr' id='par_1_108' title="bbox 2034 4720 3604 4793">
     <span class='ocr_line' id='line_1_108' title="bbox 2034 4720 3604 4793; baseline -0.003 -18"><span class='ocrx_word' id='word_1_861' title='bbox 2034 4722 2252 4793; x_wconf 83' lang='grc' dir='ltr'>Λέϐητα</span> <span class='ocrx_word' id='word_1_862' title='bbox 2297 4720 2354 4774; x_wconf 81' lang='grc' dir='ltr'>δὲ</span> <span class='ocrx_word' id='word_1_863' title='bbox 2393 4722 2484 4776; x_wconf 83' lang='grc' dir='ltr'><strong>τὸν</strong></span> <span class='ocrx_word' id='word_1_864' title='bbox 2528 4722 2702 4776; x_wconf 83' lang='grc' dir='ltr'>Μωὰϐ</span> <span class='ocrx_word' id='word_1_865' title='bbox 2730 4722 2829 4792; x_wconf 85' lang='grc' dir='ltr'>τῆς</span> <span class='ocrx_word' id='word_1_866' title='bbox 2868 4721 3060 4776; x_wconf 85' lang='grc' dir='ltr'>ἐαυτοῦ</span> <span class='ocrx_word' id='word_1_867' title='bbox 3105 4722 3316 4784; x_wconf 86' lang='grc' dir='ltr'>ἐλπίδος</span> <span class='ocrx_word' id='word_1_868' title='bbox 3372 4720 3546 4784; x_wconf 88' lang='grc' dir='ltr'>καλεῖ,</span> <span class='ocrx_word' id='word_1_869' title='bbox 3570 4720 3604 4789; x_wconf 78' lang='grc' dir='ltr'>ἢ</span> 
     </span>
    </p>
   </div>
   <div class='ocr_carea' id='block_1_109' title="bbox 2032 4813 3606 4887">
    <p class='ocr_par' dir='ltr' id='par_1_109' title="bbox 2032 4813 3606 4887">
     <span class='ocr_line' id='line_1_109' title="bbox 2032 4813 3606 4887; baseline -0.003 -20"><span class='ocrx_word' id='word_1_870' title='bbox 2032 4815 2233 4887; x_wconf 89' lang='grc' dir='ltr'>λέϐητα</span> <span class='ocrx_word' id='word_1_871' title='bbox 2264 4814 2358 4868; x_wconf 91' lang='grc' dir='ltr'><strong>τοῦ</strong></span> <span class='ocrx_word' id='word_1_872' title='bbox 2391 4815 2616 4886; x_wconf 80' lang='grc' dir='ltr'>λουτροῦ</span> <span class='ocrx_word' id='word_1_873' title='bbox 2667 4814 2881 4878; x_wconf 80' lang='grc' dir='ltr'>ἑαυτοῦ,</span> <span class='ocrx_word' id='word_1_874' title='bbox 2911 4814 2944 4885; x_wconf 81' lang='grc' dir='ltr'>ἢ</span> <span class='ocrx_word' id='word_1_875' title='bbox 2977 4814 3076 4883; x_wconf 79' lang='grc' dir='ltr'><strong>τῆς</strong></span> <span class='ocrx_word' id='word_1_876' title='bbox 3109 4813 3438 4885; x_wconf 85' lang='grc' dir='ltr'>ἀμεριμνίας</span> <span class='ocrx_word' id='word_1_877' title='bbox 3478 4813 3606 4864; x_wconf 75' lang='grc' dir='ltr'>ἐαυα-</span> 
     </span>
    </p>
   </div>
   <div class='ocr_carea' id='block_1_110' title="bbox 2032 4903 3609 4980">
    <p class='ocr_par' dir='ltr' id='par_1_110' title="bbox 2032 4903 3609 4980">
     <span class='ocr_line' id='line_1_110' title="bbox 2032 4903 3609 4980; baseline -0.004 -18"><span class='ocrx_word' id='word_1_878' title='bbox 2032 4908 2126 4962; x_wconf 89' lang='grc' dir='ltr'><strong>τοῦ</strong></span> <span class='ocrx_word' id='word_1_879' title='bbox 2147 4925 2160 4939; x_wconf 91' lang='grc'>·</span> <span class='ocrx_word' id='word_1_880' title='bbox 2195 4907 2382 4980; x_wconf 79' lang='grc' dir='ltr'>ἐπειδὴ</span> <span class='ocrx_word' id='word_1_881' title='bbox 2408 4908 2511 4961; x_wconf 80' lang='grc' dir='ltr'>οὐκ</span> <span class='ocrx_word' id='word_1_882' title='bbox 2542 4907 2715 4970; x_wconf 72' lang='grc' dir='ltr'>ἄλλως</span> <span class='ocrx_word' id='word_1_883' title='bbox 2765 4906 2892 4978; x_wconf 80' lang='grc' dir='ltr'>ἐξῆν</span> <span class='ocrx_word' id='word_1_884' title='bbox 2931 4905 3096 4976; x_wconf 82' lang='grc' dir='ltr'>αὐτῷ,</span> <span class='ocrx_word' id='word_1_885' title='bbox 3131 4905 3277 4971; x_wconf 74' lang='grc' dir='ltr'>ἅπαξ</span> <span class='ocrx_word' id='word_1_886' title='bbox 3320 4903 3609 4973; x_wconf 81' lang='grc' dir='ltr'>ἀποϐλήτῳ</span> 
     </span>
    </p>
   </div>
   <div class='ocr_carea' id='block_1_111' title="bbox 2034 4995 3608 5073">
    <p class='ocr_par' dir='ltr' id='par_1_111' title="bbox 2034 4995 3608 5073">
     <span class='ocr_line' id='line_1_111' title="bbox 2034 4995 3608 5073; baseline -0.004 -20"><span class='ocrx_word' id='word_1_887' title='bbox 2034 5000 2333 5072; x_wconf 84' lang='grc' dir='ltr'>γενομένῳ,</span> <span class='ocrx_word' id='word_1_888' title='bbox 2376 5003 2456 5065; x_wconf 86' lang='grc' dir='ltr'><strong>εἰς</strong></span> <span class='ocrx_word' id='word_1_889' title='bbox 2499 5001 2596 5073; x_wconf 84' lang='grc' dir='ltr'><strong>τὴν</strong></span> <span class='ocrx_word' id='word_1_890' title='bbox 2657 5000 2981 5070; x_wconf 84' lang='grc' dir='ltr'>Ἐκκλησίαν</span> <span class='ocrx_word' id='word_1_891' title='bbox 3012 4998 3108 5052; x_wconf 87' lang='grc' dir='ltr'><strong>τοῦ</strong></span> <span class='ocrx_word' id='word_1_892' title='bbox 3140 4997 3275 5053; x_wconf 84' lang='grc' dir='ltr'>Θεοῦ</span> <span class='ocrx_word' id='word_1_893' title='bbox 3329 4995 3608 5068; x_wconf 83' lang='grc' dir='ltr'>παραϐάλ-</span> 
     </span>
    </p>
   </div>
   <div class='ocr_carea' id='block_1_112' title="bbox 2033 5083 3606 5166">
    <p class='ocr_par' dir='ltr' id='par_1_112' title="bbox 2033 5083 3606 5166">
     <span class='ocr_line' id='line_1_112' title="bbox 2033 5083 3606 5166; baseline -0.003 -22"><span class='ocrx_word' id='word_1_894' title='bbox 2033 5092 2165 5156; x_wconf 86' lang='grc' dir='ltr'>λειν,</span> <span class='ocrx_word' id='word_1_895' title='bbox 2198 5093 2272 5164; x_wconf 75' lang='grc' dir='ltr'>μὴ</span> <span class='ocrx_word' id='word_1_896' title='bbox 2301 5093 2421 5164; x_wconf 81' lang='grc' dir='ltr'>οὑχὶ</span> <span class='ocrx_word' id='word_1_897' title='bbox 2446 5092 2534 5147; x_wconf 84' lang='grc' dir='ltr'>διὰ</span> <span class='ocrx_word' id='word_1_898' title='bbox 2558 5093 2782 5166; x_wconf 89' lang='grc' dir='ltr'>λουτροῦ</span> <span class='ocrx_word' id='word_1_899' title='bbox 2813 5089 3249 5159; x_wconf 86' lang='grc' dir='ltr'>παλιγγενεσίας.</span> <span class='ocrx_word' id='word_1_900' title='bbox 3280 5090 3488 5159; x_wconf 81' lang='grc' dir='ltr'>Ὠσπερ</span> <span class='ocrx_word' id='word_1_901' title='bbox 3514 5083 3606 5141; x_wconf 81' lang='grc' dir='ltr'>οὖν</span> 
     </span>
    </p>
   </div>
   <div class='ocr_carea' id='block_1_113' title="bbox 2032 5181 3606 5258">
    <p class='ocr_par' dir='ltr' id='par_1_113' title="bbox 2032 5181 3606 5258">
     <span class='ocr_line' id='line_1_113' title="bbox 2032 5181 3606 5258; baseline -0.003 -20"><span class='ocrx_word' id='word_1_902' title='bbox 2032 5185 2218 5256; x_wconf 88' lang='grc' dir='ltr'>λέϐητι</span> <span class='ocrx_word' id='word_1_903' title='bbox 2253 5186 2693 5258; x_wconf 87' lang='grc' dir='ltr'>ἀπολουσάμενος</span> <span class='ocrx_word' id='word_1_904' title='bbox 2729 5187 2823 5241; x_wconf 64' lang='grc' dir='ltr'><strong>καί⁵</strong></span> <span class='ocrx_word' id='word_1_905' title='bbox 2862 5183 3267 5256; x_wconf 76' lang='grc' dir='ltr'>ἀποκαθαρθεὶς</span> <span class='ocrx_word' id='word_1_906' title='bbox 3293 5182 3393 5253; x_wconf 86' lang='grc' dir='ltr'><strong>τῆς</strong></span> <span class='ocrx_word' id='word_1_907' title='bbox 3412 5181 3606 5252; x_wconf 75' lang='grc' dir='ltr'>προτέσο</span> 
     </span>
    </p>
   </div>
   <div class='ocr_carea' id='block_1_114' title="bbox 2037 5271 3607 5349">
    <p class='ocr_par' dir='ltr' id='par_1_114' title="bbox 2037 5271 3607 5349">
     <span class='ocr_line' id='line_1_114' title="bbox 2037 5271 3607 5349; baseline -0.006 -16"><span class='ocrx_word' id='word_1_908' title='bbox 2037 5295 2136 5349; x_wconf 90' lang='grc' dir='ltr'><strong>ρας</strong></span> <span class='ocrx_word' id='word_1_909' title='bbox 2164 5277 2501 5342; x_wconf 74' lang='grc' dir='ltr'>δυσσεϐείας,</span> <span class='ocrx_word' id='word_1_910' title='bbox 2534 5276 2882 5345; x_wconf 83' lang='grc' dir='ltr'>καταξιοῦται</span> <span class='ocrx_word' id='word_1_911' title='bbox 2907 5278 3007 5346; x_wconf 79' lang='grc' dir='ltr'><strong>τῆς</strong></span> <span class='ocrx_word' id='word_1_912' title='bbox 3044 5277 3283 5347; x_wconf 82' lang='grc' dir='ltr'>χάριτος,</span> <span class='ocrx_word' id='word_1_913' title='bbox 3315 5273 3409 5328; x_wconf 81' lang='grc' dir='ltr'><strong>καὶ</strong></span> <span class='ocrx_word' id='word_1_914' title='bbox 3434 5271 3607 5335; x_wconf 75' lang='grc' dir='ltr'>οὕτως</span> 
     </span>
    </p>
   </div>
   <div class='ocr_carea' id='block_1_115' title="bbox 2031 5368 3603 5442">
    <p class='ocr_par' dir='ltr' id='par_1_115' title="bbox 2031 5368 3603 5442">
     <span class='ocr_line' id='line_1_115' title="bbox 2031 5368 3603 5442; baseline -0.004 -18"><span class='ocrx_word' id='word_1_915' title='bbox 2031 5371 2361 5442; x_wconf 82' lang='grc' dir='ltr'>ἀμεριμνίας</span> <span class='ocrx_word' id='word_1_916' title='bbox 2382 5371 2659 5441; x_wconf 83' lang='grc' dir='ltr'>τυγχάνει.</span> <span class='ocrx_word' id='word_1_917' title='bbox 2696 5371 2804 5423; x_wconf 70' lang='grc' dir='ltr'>Καὶ</span> <span class='ocrx_word' id='word_1_918' title='bbox 2835 5368 3009 5423; x_wconf 90' lang='grc' dir='ltr'>ταῦτα</span> <span class='ocrx_word' id='word_1_919' title='bbox 3046 5369 3111 5421; x_wconf 79' lang='grc' dir='ltr'>δι’</span> <span class='ocrx_word' id='word_1_920' title='bbox 3137 5368 3312 5439; x_wconf 77' lang='grc' dir='ltr'>ἔργων</span> <span class='ocrx_word' id='word_1_921' title='bbox 3355 5381 3603 5435; x_wconf 80' lang='grc' dir='ltr'>κεχωρηο</span> 
     </span>
    </p>
   </div>
   <div class='ocr_carea' id='block_1_116' title="bbox 2031 5456 3605 5535">
    <p class='ocr_par' dir='ltr' id='par_1_116' title="bbox 2031 5456 3605 5535">
     <span class='ocr_line' id='line_1_116' title="bbox 2031 5456 3605 5535; baseline -0.004 -21"><span class='ocrx_word' id='word_1_922' title='bbox 2031 5465 2164 5515; x_wconf 82' lang='grc' dir='ltr'>κότα</span> <span class='ocrx_word' id='word_1_923' title='bbox 2185 5463 2446 5535; x_wconf 78' lang='grc' dir='ltr'>πάρεστιν</span> <span class='ocrx_word' id='word_1_924' title='bbox 2465 5462 2757 5532; x_wconf 76' lang='grc' dir='ltr'>ὀφθαλμοῖς</span> <span class='ocrx_word' id='word_1_925' title='bbox 2774 5461 3130 5532; x_wconf 83' lang='grc' dir='ltr'>παραλαϐεῖν,</span> <span class='ocrx_word' id='word_1_926' title='bbox 3150 5463 3216 5530; x_wconf 83' lang='grc' dir='ltr'>τῇ</span> <span class='ocrx_word' id='word_1_927' title='bbox 3237 5459 3344 5511; x_wconf 87' lang='grc' dir='ltr'><strong>τῶν</strong></span> <span class='ocrx_word' id='word_1_928' title='bbox 3362 5456 3605 5528; x_wconf 80' lang='grc' dir='ltr'>Ἀράϐων</span> 
     </span>
    </p>
   </div>
   <div class='ocr_carea' id='block_1_117' title="bbox 2032 5547 3603 5627">
    <p class='ocr_par' dir='ltr' id='par_1_117' title="bbox 2032 5547 3603 5627">
     <span class='ocr_line' id='line_1_117' title="bbox 2032 5547 3603 5627; baseline -0.005 -19"><span class='ocrx_word' id='word_1_929' title='bbox 2032 5556 2473 5627; x_wconf 79' lang='grc' dir='ltr'>ἐπιδημήσαντας</span> <span class='ocrx_word' id='word_1_930' title='bbox 2514 5556 2686 5626; x_wconf 66' lang='grc' dir='ltr'>χώρα,</span> <span class='ocrx_word' id='word_1_931' title='bbox 2731 5554 3033 5624; x_wconf 89' lang='grc' dir='ltr'>θεωμένους</span> <span class='ocrx_word' id='word_1_932' title='bbox 3075 5569 3134 5604; x_wconf 84' lang='grc' dir='ltr'><strong>τε</strong></span> <span class='ocrx_word' id='word_1_933' title='bbox 3166 5551 3291 5612; x_wconf 82' lang='grc' dir='ltr'>τοὺς</span> <span class='ocrx_word' id='word_1_934' title='bbox 3329 5549 3457 5619; x_wconf 80' lang='grc' dir='ltr'>παρ’</span> <span class='ocrx_word' id='word_1_935' title='bbox 3502 5547 3603 5601; x_wconf 86' lang='grc' dir='ltr'>αὑ-</span> 
     </span>
    </p>
   </div>
   <div class='ocr_carea' id='block_1_118' title="bbox 2030 5643 3605 5724">
    <p class='ocr_par' dir='ltr' id='par_1_118' title="bbox 2030 5643 3605 5724">
     <span class='ocr_line' id='line_1_118' title="bbox 2030 5643 3605 5724; baseline -0.007 -17"><span class='ocrx_word' id='word_1_936' title='bbox 2030 5655 2142 5717; x_wconf 88' lang='grc' dir='ltr'>τοῖς</span> <span class='ocrx_word' id='word_1_937' title='bbox 2176 5651 2544 5724; x_wconf 85' lang='grc' dir='ltr'>πληθύνοντας</span> <span class='ocrx_word' id='word_1_938' title='bbox 2586 5649 2766 5716; x_wconf 79' lang='grc' dir='ltr'>λαοὺς,</span> <span class='ocrx_word' id='word_1_939' title='bbox 2807 5647 3099 5711; x_wconf 86' lang='grc' dir='ltr'>Μωαϐίτας</span> <span class='ocrx_word' id='word_1_940' title='bbox 3130 5649 3220 5702; x_wconf 73' lang='grc' dir='ltr'><strong>καὶ</strong></span> <span class='ocrx_word' id='word_1_941' title='bbox 3263 5643 3605 5717; x_wconf 80' lang='grc' dir='ltr'>Ἀμμανίτας</span> 
     </span>
    </p>
   </div>
  </div>
