2045 3202
204 159 258 189 509

772 158 1027 187 COMMENTARIA
1044 160 1077 187 IN
1092 159 1264 189 PSALMOS.

1777 164 1831 192 570

204 219 373 255 πληροῦντας
383 218 433 251 τὰς
457 218 618 254 Ἐκκλησίας
628 218 677 245 τοῦ
701 218 779 245 Θεοῦ.
802 219 938 251 Ὡσαύτως
964 219 987 246 δὲ

1044 220 1194 248 secundum
1212 220 1417 256 Symmacnum.
1443 219 1529 254 Quam
1546 222 1609 248 item
1625 222 1829 256 praedictionem

205 266 262 298 καὶ,
281 275 290 289 ι
319 265 380 292 Ἐπὶ
394 265 546 300 Ἰδουμαίαν
563 265 740 301 ἐπιϐήσομαι,
762 266 846 300 φησὶ,
870 265 910 300 τῷ
927 266 992 292 ὐπο-

203 310 304 347 δήματί
326 319 387 347 μου,
408 320 418 336 ι
433 310 505 337 κατὰ
526 311 572 338 τὸν
599 310 756 346 Σύμμαχον.
784 311 839 338 Καὶ
853 310 953 346 ταύτην
963 311 991 337 δὲ

203 357 252 393 τὴν
276 357 427 393 πρόρρησιν
446 356 523 383 οὺδέν
544 357 577 383 ἂν
595 356 638 392 είη
655 357 784 392 δυσχερὲς
804 357 878 389 ίδείν,
893 358 926 392 τῇ
938 357 992 383 τῶν

210 403 365 439 Ἰδουμαίων
379 404 544 435 ἐπιστάντας
555 402 632 439 χώρᾳ
652 403 700 429 καὶ
715 402 749 429 τὰ
768 402 856 438 πλήθη
870 402 923 429 τῶν
941 403 991 429 αὑ-

201 449 260 476 τόοι
274 449 442 485 Ἐκκλησιῶν
456 448 502 475 τοῦ
516 448 584 475 Θεοῦ
597 449 658 483 ὄψει
667 448 873 484 παραλαϐόντας
882 457 889 464 ·
898 448 936 480 ὡς
954 448 992 483 μὴ

201 495 314 530 ὀκνῆσαί
327 504 386 522 τινα
401 495 510 530 ἀληθῶς
527 495 653 521 ἐπίϐασιν
670 495 810 528 γεγονέναι
827 496 883 525 τοῖς
899 494 991 525 τόποις

201 541 314 572 ἐκείνοις
327 541 504 576 ὁμολογῆσαι.
516 540 565 566 Διὰ
578 541 608 576 δὴ
623 541 708 566 ταῦτα
726 541 854 575 ἀνωτέρω
868 540 989 573 ἐλέγετο·

203 597 213 613 ι
244 587 272 613 '0
293 588 359 618 Θεὸς
379 587 509 622 ἐλάλησεν
526 588 554 613 ἐν
568 587 607 622 τῷ
624 587 693 621 ἁγίῳ
706 586 798 613 αὑτοῦ·
818 585 992 620 Ἀγαλλιάσο-

201 642 259 669 μαι.
285 643 294 659 ι
308 633 413 660 Μέλλον
432 633 486 668 γὰρ
504 634 558 659 πᾶν
574 633 605 659 τὸ
621 633 674 659 τῶν
690 632 841 669 ἀνθρώπων
856 632 933 666 γένος
946 632 992 658 ἐπὶ

201 679 323 714 σωτηρίᾳ
347 678 550 711 ἀνακαλεῖσθαι,
567 679 724 714 πρεπόντως
745 679 827 705 αὑτοῦ
842 680 874 713 τῇ
897 678 990 712 φιλαν-

200 725 318 760 θρωπίᾳ,
333 725 475 760 συνέχαιρε
491 727 524 760 τῇ
539 725 592 751 τῶν
611 724 772 759 σωζομένων
788 724 918 759 σωτηρίᾳ.
937 724 991 750 Καὶ¹

199 771 286 803 ἄλλως
299 772 327 799 δὲ
340 772 465 807 ὑπόδημα
479 772 561 798 αὑτοῦ
575 772 624 798 οὐκ
639 772 671 798 ἂν
689 772 820 807 ἁμάρτοις
832 771 918 805 λέγων
928 773 990 802 τοὺς

199 817 373 849 ἀποστόλους,
392 818 408 853 ἢ
425 819 487 849 τοὺς
503 819 542 849 εἰς
563 818 601 844 ἔτι
616 817 696 851 δεῦρο
710 817 748 852 τῷ
764 817 827 851 περὶ
844 816 926 843 αὑτοῦ
941 826 991 852 κη-

200 862 317 898 ρύγματι
333 863 566 897 διακονουμένους.
583 862 675 888 Ταῦτα
691 862 722 897 δὴ
732 860 777 888 οὖν
793 862 881 888 πάντα
897 862 989 897 εἰργά-

199 916 264 935 σατο
288 909 302 934 6
318 908 395 940 Θεὸς,
416 909 459 935 ὅτε
483 909 526 935 ἐπ’
546 908 652 942 ἐσχάτῳ
667 908 721 934 τῶν
736 908 847 943 ἡμερῶν
860 907 989 942 ἐλάλησεν
1005 899 1025 926 Β

198 954 263 988 ἡμῖν
279 955 308 980 ἐν
321 954 360 989 τῷ
379 954 447 989 ἁγίῳ
462 953 555 980 αὐτοῦ.
576 953 643 979 Καθ’
660 953 755 988 ἑτέραν
766 953 792 979 δὲ
811 952 923 988 ἐκδοχὴν
941 953 989 978 λα-

197 998 282 1034 λήσας
297 1001 311 1026 ὁ
331 1000 397 1031 θεὸς
411 1000 439 1025 ἐν
454 999 492 1034 τῷ
506 1000 575 1033 ἁγίῳ
589 999 683 1029 αὐτοῦ,
700 999 805 1030 πάντας
821 998 989 1030 ἁπαξαπλῶς

202 1045 347 1076 Ἰουδαίους
357 1054 387 1071 τε
400 1046 447 1072 καὶ⁸
455 1045 599 1080 Ἕλληνας,
612 1045 646 1071 τά
653 1053 682 1071 τε
694 1045 754 1071 καθ’
765 1045 829 1079 ὅλης
839 1044 888 1079 τῆς
900 1045 989 1070 οἰκου-

198 1090 282 1126 μένης
304 1091 367 1126 ἔθνη
385 1093 425 1123 είς
446 1091 495 1126 τὴν
513 1091 610 1117 ἑαυτοῦ
636 1092 714 1126 χάριν
734 1091 927 1118 ἀνεκαλέσατο·
948 1092 988 1118 διὸ

196 1137 243 1162 καὶ
253 1137 301 1172 τὴν
317 1138 417 1173 Σίκιμα
427 1138 472 1164 καὶ
489 1138 535 1164 τὸν
548 1137 654 1163 Γαλαὰδ
665 1137 714 1172 (1),
725 1138 770 1163 καὶ
783 1138 828 1163 τὸν
840 1137 987 1172 Μανασσῆν

197 1182 301 1209 καὶτὸν
320 1183 439 1218 Ἐφραίμ
454 1184 500 1210 καὶ
516 1184 561 1210 τὸν
585 1183 685 1209 Ἰούδαν
706 1184 753 1210 καὶ
774 1184 820 1210 τὸν
837 1183 924 1210 Μωὰϐ
941 1184 988 1210 καὶ

195 1229 245 1264 τὴν
268 1229 418 1264 Ἰδουμαίαν
446 1230 492 1257 καὶ
511 1231 574 1262 τοὺς
598 1230 763 1264 ἀλλοφύλους
784 1230 907 1262 ἃπαντας
924 1239 989 1257 κατ-

196 1273 377 1309 ηριθμήσατο,
394 1273 423 1306 ἐξ
439 1274 495 1300 τσου
513 1274 561 1309 τῆς
577 1275 672 1309 ὁμοίας
685 1274 805 1309 κλήσεως
817 1275 987 1308 καταξιώσας

195 1320 268 1346 ἅπαν
283 1320 315 1346 τὸ
331 1320 384 1346 τῶν
398 1319 549 1355 ἀνθρώπων
565 1319 642 1353 γένος
654 1327 661 1334 ο
678 1320 746 1355 πλὴν
770 1320 838 1346 ἀλλὰ
864 1320 988 1356 πρώτους

194 1366 257 1397 τοὺς
267 1365 321 1391 ἀπὸ
336 1365 383 1390 τοῦ
404 1364 511 1400 Ἰσραὴλ
531 1364 617 1390 καλεῖ.
640 1364 737 1398 Ἐχρῆν
752 1364 806 1399 γὰρ
819 1364 852 1391 τὰ
864 1366 986 1400 πρωτεῖα

195 1411 242 1437 καὶ
257 1410 306 1441 τὰς
319 1410 446 1445 ἀπαρχὰς
460 1409 507 1436 τοῦ
525 1409 702 1443 εὐαγγελικοῦ
716 1409 893 1444 κηρύγματος
910 1410 986 1445 πρώ-

194 1464 250 1486 τοις
265 1456 356 1487 αύτοῐς
369 1456 515 1489 ἀπονεῖμαι
527 1455 570 1480 διὰ
584 1454 632 1486 τὰς
645 1455 712 1489 πρὸς
725 1456 787 1486 τοὺς
800 1455 889 1481 αὐτῶν
903 1456 987 1482 πατέ-

196 1509 246 1536 ρας
273 1501 450 1535 ἐπαγγελίας,
469 1501 502 1527 δι’
528 1500 560 1532 ἃς
579 1502 625 1527 καὶ
638 1501 718 1532 αὐτὸς
731 1502 745 1526 ὁ
761 1501 855 1536 Σωτὴρ
868 1501 986 1536 πρώτοις

194 1549 285 1579 αὐτοῖς
324 1547 515 1583 εὐηγγελίζετο
551 1548 755 1583 μαρτυρόμενος
796 1548 843 1574 καὶ
879 1548 1021 1594 λέγων-ϐ

196 1603 205 1618 ι
225 1593 283 1620 Οὐκ
296 1592 377 1628 ἦλθον
396 1594 420 1619 εί
439 1593 475 1628 μὴ
500 1594 540 1625 εἰς
564 1594 598 1620 τὰ
620 1594 745 1629 πρόῦατα
768 1593 802 1620 τὰ
827 1593 985 1620 ἀπολωλότα

192 1639 267 1665 οἴκου
283 1639 400 1674 Ἰσραήλ.
409 1649 418 1664 ι
435 1640 490 1666 Καὶ
501 1641 557 1670 τοῖς
569 1640 729 1671 ἀποστόλοις
736 1639 763 1665 δὲ
777 1640 858 1666 αὑτοῦ
867 1639 984 1675 πρώτοις

192 1685 283 1716 αὐτοῖς
306 1684 453 1720 κηρύσσειν
477 1685 507 1711 τὸ
536 1685 701 1719 Εὑαγγέλιον
723 1686 837 1721 παρῄνει
857 1687 982 1721 φάσκων-

195 1740 203 1755 ι
222 1731 267 1762 Είς
280 1731 338 1757 ὁδὸν
351 1730 436 1757 ἐθνῶν
449 1731 486 1766 μὴ
500 1731 645 1767 ἀπέλθητε,
664 1732 711 1758 καὶ
726 1733 765 1763 εἰς
789 1732 864 1758 πόλιν
892 1734 984 1768 Σαμα-

193 1776 291 1812 ρειτῶν
309 1777 346 1812 μὴ
373 1777 512 1812 εἰσέλθητε
524 1786 530 1792 ·
547 1777 694 1813 πορεύεσθε
711 1778 740 1804 δὲ
754 1778 853 1812 μᾶλλον
869 1778 936 1814 πρὸς
949 1779 984 1805 τὰ

192 1822 314 1857 πρόϐατα
328 1823 362 1849 τὰ
379 1822 537 1849 ἀπολωλότα
550 1823 624 1850 οἴκου
656 1823 774 1859 Ἰσραήλ.
797 1834 806 1849 ι
828 1822 895 1850 Εἶτα
925 1825 982 1860 μετ’

191 1869 311 1899 ἐκείνους
332 1868 497 1903 προσέταττε
519 1871 574 1901 τοῖς
596 1869 693 1895 ἑαυτοῦ
717 1869 852 1905 μαθηταῖς
868 1871 984 1904 εὐαγγε-

191 1913 312 1946 λίζεσθαι
329 1913 418 1940 πάντα
432 1913 466 1940 τὰ
479 1913 542 1949 ἔθνη
557 1916 585 1940 ἐν
603 1914 644 1949 τῷ
658 1914 771 1950 ὀνόματι
781 1915 874 1942 αὑτοῦ.
890 1915 983 1948 Οὕτως

191 1958 239 1987 οὖν
250 1960 296 1986 καὶ
312 1960 358 1986 ἐπὶ
369 1960 416 1986 τοῦ
433 1960 565 1995 παρόντος
580 1961 593 1986 ὁ
609 1960 663 1986 τῶν
677 1960 744 1987 ὅλων
757 1961 822 1992 Θεὸς
832 1961 984 1997 ὲνοικήσειν

191 2007 221 2033 ὲν
236 2005 274 2041 τῷ
292 2006 361 2041 ἁγίῳ
376 2006 470 2038 αὐτοῦ,
488 2007 516 2032 ἐν
526 2006 600 2041 αὺτῴ
616 2015 646 2032 τε
660 2007 707 2033 καὶ
720 2006 752 2033 δι’
765 2007 846 2033 αὑτοῦ
857 2006 983 2042 λαλήσειν

191 2051 348 2088 ἀνθρώποις
379 2052 552 2083 θεσπίζεται’
581 2054 628 2080 καὶ
651 2052 688 2084 ὡς
711 2052 778 2088 ὁμοῦ
796 2054 843 2080 καὶ
866 2053 936 2080 κατὰ
953 2053 983 2079 τὸ

191 2098 256 2124 αὐτὸ
270 2098 316 2124 τὸν
338 2098 457 2133 Ἑφραῖμ
470 2098 517 2124 καὶ
533 2098 578 2124 τὸν
597 2098 746 2133 Μανασσῆν
759 2099 806 2125 καὶ
820 2099 864 2125 τὸν
885 2099 983 2125 Ἰούδαν

190 2143 353 2176 εἰσδέξεται·
385 2145 410 2170 οἳ
440 2144 523 2170 πάλαι
551 2144 600 2179 μὲν
623 2141 692 2179 ἦσαν
722 2144 874 2176 διεστῶτες,
899 2145 943 2171 ὅτε
968 2146 982 2171 ὁ

192 2190 242 2225 μὲν
260 2190 359 2222 Ἰούδας
374 2189 530 2216 ἐϐασίλευεν
543 2191 571 2216 ἐν
588 2190 774 2225 Ἰερουσαλὴμ,
784 2191 797 2216 ὁ
809 2190 836 2216 δὲ
852 2190 980 2225 Ὲφραῗμ,

1043 267 1070 294 in
1081 270 1208 302 promptu
1222 270 1265 294 est
1273 267 1435 301 completam
1447 266 1540 294 videre
1553 266 1586 293 iis
1595 267 1641 301 qui
1651 267 1676 292 in
1687 265 1831 294 Iduntazam

1042 312 1207 344 concedunt.
1225 317 1252 340 et
1280 312 1482 339 multitudinem
1508 311 1694 339 Beclcsiarum
1723 311 1770 339 Dei
1793 312 1831 339 ibi

1042 359 1232 394 conspiciunt;
1249 362 1279 386 ut
1291 362 1436 386 cunctetur
1455 365 1535 385 nemo
1554 357 1678 384 confiteri
1691 378 1698 389 ,
1716 366 1778 385 vere
1802 358 1830 385 in

1041 404 1101 431 loca
1114 404 1159 431 illa
1171 411 1354 432 conscensum
1369 403 1470 431 factum
1485 411 1557 431 esse.
1585 402 1732 437 Propterea
1749 410 1831 437 supc-

1041 449 1101 476 rius
1118 449 1222 476 dictum
1236 454 1278 477 est
1291 459 1297 476 :
1310 459 1320 475 ι
1339 449 1410 477 Deus
1426 449 1534 476 loculus
1547 452 1590 477 est
1606 450 1634 475 in
1650 453 1746 476 sancto
1761 457 1828 476 suo:

1042 495 1202 522 Exsultabo.
1219 506 1227 521 ι
1242 495 1309 522 Nam
1320 503 1381 523 cum
1402 495 1550 522 humanum
1565 502 1652 530 genus
1673 495 1829 522 universum

1042 541 1075 567 ad
1090 541 1206 568 salutem
1224 541 1405 567 revocandum
1415 544 1499 572 esset,
1515 544 1545 567 ut
1555 540 1615 574 ejus
1628 547 1691 575 erga
1704 539 1831 566 homines.

1042 593 1162 613 amorem
1177 586 1310 617 decebat,
1337 585 1453 612 salutem
1472 585 1560 611 nactis
1578 585 1742 619 gratulatur.
1769 584 1829 610 Alia

1041 637 1131 659 autem
1145 631 1252 658 ratione
1264 631 1331 658 nihil
1345 631 1458 658 aberres
1473 631 1495 658 si
1515 629 1601 662 dicas,
1614 631 1828 657 ealceamentuni

1041 678 1101 712 ejus
1116 677 1202 704 fuisse
1215 676 1364 710 apostolos,
1377 676 1434 702 sive
1448 675 1529 702 etiam
1545 675 1605 710 ejus
1616 676 1649 702 ad
1661 675 1731 701 hanc
1743 683 1829 710 usque

1040 723 1111 751 diem
1130 722 1335 757 praedicationis
1365 722 1519 749 ministros.
1539 721 1601 748 llaec
1622 721 1714 755 itaque
1737 721 1828 748 omnia

1039 775 1167 804 operatus
1183 773 1225 797 est
1241 769 1311 796 Deus
1325 788 1332 800 ,
1364 768 1472 803 quando
1500 768 1527 795 in
1556 768 1705 796 noviSSimo
1722 768 1828 794 dierum

1041 816 1148 843 locutus
1170 820 1213 842 est
1230 815 1307 842 nobis
1326 815 1352 841 in
1369 814 1470 841 Sancto
1488 822 1548 841 suo.
1568 813 1724 841 Secundum
1746 814 1828 839 aliam

1041 869 1105 888 vero
1120 862 1340 896 explicationem,
1363 861 1472 887 loculus
1491 860 1561 887 Deus
1585 860 1612 887 in
1640 859 1742 886 Sancto
1762 867 1826 890 suo.

1040 916 1136 935 omnes
1160 908 1272 934 omnino
1297 906 1406 934 Judazos
1430 911 1457 933 et
1474 905 1583 933 Graecos
1600 925 1607 937 ,
1636 906 1757 940 aliasque
1781 912 1828 940 per

1042 950 1197 978 universum
1209 951 1305 977 orbem
1320 954 1414 985 gentes
1435 950 1468 976 ad
1487 950 1601 985 gratiam
1619 957 1696 976 suam
1714 957 1828 976 revoca-

1040 997 1087 1022 vit.
1109 996 1200 1029 Quare
1216 994 1348 1026 Sicliima.
1364 995 1476 1028 Galaad,
1492 995 1636 1021 Manassen
1649 1015 1656 1027 ,
1680 993 1808 1029 Epliraint
1819 1014 1826 1024 ,

1038 1044 1155 1075 Judam,
1175 1043 1272 1074 Moab.
1300 1043 1444 1069 ldumaeam
1459 1062 1466 1074 ,
1492 1046 1519 1069 et
1546 1042 1712 1076 alienigenas
1733 1049 1828 1067 omnes

1039 1089 1218 1120 enumeravit,
1227 1089 1310 1116 simili
1328 1089 1469 1115 vocatione
1483 1092 1569 1114 totum
1581 1095 1666 1122 genus
1679 1087 1826 1113 humanum

1038 1144 1114 1171 atque
1125 1135 1253 1170 dignatus
1266 1144 1273 1168 ;
1292 1135 1340 1162 sed
1356 1135 1461 1169 priores
1475 1135 1519 1169 qui
1534 1142 1565 1161 ex
1579 1134 1661 1160 lsracl
1678 1136 1755 1159 eram
1771 1140 1828 1161 me-

1038 1181 1165 1209 moravit.
1185 1180 1312 1216 Oportuit
1332 1181 1405 1207 enim
1425 1180 1560 1215 primitias
1573 1179 1734 1213 evangelica:
1760 1185 1828 1212 pra:—

1038 1227 1185 1255 dicationis
1199 1227 1267 1262 ipsis
1281 1226 1421 1261 impertire
1433 1245 1440 1258 ,
1467 1226 1502 1253 ob
1532 1225 1728 1260 promissiones
1743 1224 1829 1258 patri-

1038 1274 1090 1300 bus
1105 1280 1199 1300 eorum
1218 1271 1322 1302 factas.
1354 1279 1471 1306 quarum
1501 1278 1583 1298 causa
1609 1269 1732 1297 Salvator
1761 1269 1829 1303 ipsis

1038 1318 1177 1354 prioribus
1199 1317 1374 1352 Evangelium
1391 1316 1564 1351 praedicabat.
1580 1316 1636 1342 haec
1649 1314 1826 1342 testiﬁcatus:

1040 1373 1049 1388 ι
1056 1362 1115 1390 Νοη
1123 1363 1184 1390 veni
1192 1362 1244 1389 nisi
1253 1362 1285 1389 ad
1293 1369 1358 1388 οτι-δ
1366 1369 1426 1395 qua:
1435 1361 1572 1395 perierunt
1581 1361 1679 1387 domus
1686 1360 1766 1386 Israel
1775 1359 1808 1385 ¹⁶.
1816 1369 1826 1385 ι

1037 1408 1178 1443 Apostolis
1194 1415 1303 1442 quoque
1317 1407 1375 1434 suis
1388 1406 1572 1441 praecipiebat,
1582 1410 1610 1431 ut
1629 1405 1696 1439 ipsis
1710 1406 1828 1440 primum

1038 1454 1214 1489 Evangelium
1226 1452 1406 1487 praedicarent
1422 1452 1516 1478 dicens
1530 1460 1536 1477 :
1556 1460 1564 1476 ι
1581 1450 1610 1477 1η
1621 1451 1693 1478 viam
1706 1451 1827 1486 gentium

1038 1507 1072 1526 ne
1088 1499 1222 1531 abieritis,
1241 1502 1267 1525 et
1287 1498 1315 1524 in
1331 1498 1468 1524 civitatem
1484 1496 1719 1523 Samaritanornm
1737 1505 1770 1523 ne
1787 1497 1828 1522 in-

1038 1545 1195 1578 traverilis;
1212 1545 1258 1572 sed
1268 1545 1305 1572 ite
1318 1544 1410 1579 potius
1419 1544 1452 1570 ad
1463 1551 1538 1574 oves,
1547 1551 1608 1577 quae
1619 1543 1769 1577 perierunt,
1780 1542 1829 1569 do-

1038 1600 1099 1619 mus
1108 1591 1230 1619 Israel".
1245 1600 1253 1617 ι
1264 1590 1419 1618 Secundum
1431 1589 1492 1616 illos
1499 1588 1827 1623 autemjubetdiscipulos

1037 1646 1102 1665 suos
1119 1637 1296 1671 Evangelium
1319 1636 1468 1671 praedicare
1495 1635 1621 1662 omnibus
1652 1635 1778 1669 gentibus
1801 1634 1827 1660 in

1036 1683 1147 1709 nomine
1160 1690 1221 1709 suo.
1236 1682 1281 1708 Sic
1295 1682 1395 1716 ergoin
1413 1680 1540 1716 praesenti
1552 1680 1743 1708 universorum
1756 1679 1828 1707 Deus

1037 1728 1064 1754 in
1082 1728 1183 1755 Sancto
1193 1735 1244 1755 suo
1261 1727 1446 1754 habitaturum
1462 1734 1502 1759 sc,
1519 1730 1600 1761 atque
1615 1726 1642 1752 in
1660 1725 1719 1760 ipso
1739 1731 1765 1752 et
1779 1733 1803 1760 pi
1815 1733 1828 1752 ι’

1036 1774 1126 1809 ipsum
1143 1774 1299 1801 locuturum
1313 1780 1374 1800 esse
1385 1772 1542 1799 hominibus
1552 1772 1733 1799 vaticinatur:
1748 1776 1775 1798 et
1790 1772 1828 1798 ait

1037 1826 1066 1846 se
1088 1817 1171 1846 simul
1187 1818 1344 1853 pariterque
1358 1816 1498 1851 Ephraini,
1515 1816 1658 1843 Manassen
1681 1820 1708 1842 et
1728 1815 1827 1842 Judznn

1037 1867 1217 1899 excepturum
1236 1871 1317 1896 esse;
1335 1863 1382 1898 qui
1405 1863 1469 1890 olim
1485 1863 1593 1897 quidem
1620 1862 1710 1890 dissiti
1727 1867 1804 1890 erant
1819 1883 1826 1893 ,

1035 1910 1147 1945 quando
1160 1909 1230 1937 Juda
1241 1909 1372 1945 regnabat
1383 1909 1409 1936 in
1424 1908 1588 1941 Jerusalem,
1599 1908 1728 1944 Epliraim
1740 1909 1767 1936 in
1785 1908 1828 1935 Si-

1036 1955 1135 1982 chimis
1150 1959 1178 1982 et
1190 1954 1325 1986 Samaria,
1337 1954 1478 1982 Manasses
1493 1962 1556 1982 vero
1571 1954 1711 1982 habitabat
1731 1954 1758 1981 in
1772 1953 1826 1981 (ia--

1036 2002 1107 2030 laad.
1126 2000 1162 2029 Ut
1176 2001 1254 2029 nullo
1276 2001 1359 2036 igitur
1375 2000 1490 2027 ulterius
1506 2000 1666 2028 discrimine
1694 2000 1827 2028 interces-

1035 2056 1111 2081 suro,
1127 2048 1257 2082 nullaque
1273 2048 1343 2074 inter
1358 2054 1405 2074 eos
1420 2046 1604 2081 discrepantia
1623 2046 1733 2079 futura,
1751 2046 1826 2082 ipsos

1035 2094 1141 2129 priores
1174 2093 1308 2126 advocat;
1338 2092 1436 2120 deinde
1464 2091 1617 2124 Moabitas,
1643 2093 1825 2124 Ammonitas,

1035 2141 1181 2173 ldummos,
1197 2146 1367 2175 canorosque
1385 2140 1510 2166 homines
1526 2146 1621 2166 omnes
1633 2158 1640 2170 ,
1667 2138 1825 2166 universutn

1035 2188 1127 2214 orbem
1144 2187 1306 2214 incolentes.
1323 2185 1360 2212 Ex
1382 2185 1495 2213 historia
1515 2192 1596 2219 porro
1618 2184 1825 2220 Evangeliorum

191 2237 219 2262 ἐν
235 2236 358 2271 Σικίμοις
375 2237 421 2262 καὶ
436 2235 589 2270 Σαμαρείᾳ,
607 2237 621 2261 ὁ
643 2236 671 2262 δέ
684 2236 832 2270 Μανασσῆς
847 2234 914 2270 ᾦκει
931 2236 979 2271 τὴν

1038 2233 1150 2264 ediscas,
1170 2240 1224 2267 quo
1238 2233 1368 2267 tempore]
1380 2230 1497 2258 Sanctus
1515 2230 1558 2258 Dei
1584 2232 1611 2257 in
1635 2230 1762 2257 Sicliimis
1779 2238 1826 2265 pc-

190 2282 304 2308 Γαλαάδ.
330 2282 373 2313 Ὠς
389 2282 487 2316 μηκέτι
501 2281 591 2307 τοίνυν
603 2280 767 2317 ἀφορισμοῦ,
787 2282 855 2316 μήτε
869 2280 979 2307 διαστά-

190 2336 259 2359 σεως
275 2326 358 2362 οὔσης
379 2327 407 2352 ἐν
424 2326 524 2358 αὐτοῖς,
540 2325 664 2361 πρώτους
681 2326 779 2356 αὐτοὺς
797 2325 961 2352 εἰσκαλείται
973 2334 979 2341 ·

189 2371 249 2400 εἶτα.
264 2372 413 2404 Μωαδίτας
430 2372 478 2398 καὶ
499 2371 677 2407 Ἀμμανίτας,
700 2371 863 2406 Ἰδουμαίους
881 2380 910 2397 τε
935 2372 981 2398 καὶ

188 2419 252 2451 τοὺς
268 2419 377 2450 λοιποὺς
393 2418 517 2449 ἅπαντας
533 2417 693 2453 ἀνθρώπους
708 2418 770 2449 τοὺς
783 2417 842 2444 καθ’
855 2418 919 2452 ὅλης
932 2419 982 2453 τῆς

190 2464 351 2499 οἰκουμένης
363 2463 514 2495 οἰκοῦντας.
532 2462 650 2493 Γνώσεις
663 2462 685 2488 δ’
700 2462 733 2488 ἂν
748 2464 780 2489 ἐκ
793 2463 842 2497 τῆς
861 2464 982 2499 ἱστορίας

188 2509 244 2536 τῶν
258 2510 442 2544 Εὐαγγελίων,
459 2510 533 2540 ὅπως
554 2507 615 2536 καθ’
627 2507 674 2539 οὓς
689 2509 800 2543 χρόνους
815 2510 829 2535 ὁ
846 2509 922 2543 ἆγιος
933 2508 980 2535 τοῦ

189 2555 256 2582 Θεοῦ
273 2556 320 2582 καὶ
338 2557 393 2588 τοῖς
411 2555 534 2590 Σικίμοις
561 2554 702 2590 ἐπεδήμει,
718 2555 765 2582 καὶ
794 2555 864 2591 αὐτῇ
888 2556 980 2591 Σαμα-

1034 2279 1238 2314 regrinabatur,
1255 2282 1282 2305 et
1292 2278 1320 2305 in
1332 2279 1390 2313 ipsa
1405 2277 1538 2308 Samaria.
1550 2285 1657 2304 necnon
1669 2276 1696 2303 in
1714 2276 1826 2303 Jerusa-

1034 2325 1098 2359 lem,
1114 2325 1240 2352 lsraelem
1266 2329 1322 2351 tum
1350 2325 1526 2359 conjunctum
1541 2323 1644 2355 fuisse,
1668 2323 1824 2358 nullamque

1034 2371 1226 2398 intercessisse
1240 2370 1418 2403 divisionem;
1437 2371 1476 2398 sic
1488 2374 1514 2397 et
1531 2370 1669 2404 apostolos
1687 2377 1752 2397 suos
1769 2369 1825 2404 pris

1035 2425 1079 2444 mo
1109 2417 1142 2444 ad
1168 2424 1233 2444 oves
1250 2424 1311 2451 qua:
1337 2417 1474 2452 perierant
1499 2415 1598 2443 domus
1622 2415 1706 2443 lsrael
1729 2416 1823 2446 misit;

1037 2467 1130 2499 postea
1144 2468 1246 2498 autem,
1265 2463 1361 2490 iisdem
1380 2470 1447 2490 usus
1460 2470 1510 2489 ccu
1525 2462 1735 2494 calceamentis,
1760 2463 1823 2489 uni-

1034 2517 1144 2536 versum
1160 2508 1302 2536 hominum
1324 2515 1410 2544 genus
1437 2508 1550 2536 salutari
1579 2507 1666 2544 gratia
1697 2507 1823 2544 dignatus

1034 2557 1085 2581 est.

192 2603 263 2639 ρεία,
278 2604 310 2638 τῇ
325 2611 355 2628 τε
374 2602 560 2638 Ἰερουσαλὴμ,
574 2601 713 2637 ήνωμένου
741 2601 801 2628 τότε
818 2601 865 2628 τοῦ
884 2602 1001 2637 Ἰσραὴλ,
1031 2601 1078 2627 καὶ
1104 2600 1240 2636 μηδεμιᾶς
1255 2598 1339 2635 οὔσης
1356 2600 1384 2626 ἐν
1401 2598 1475 2634 αὐτῷ
1491 2599 1675 2631 διαστάσεωςυ
1699 2598 1770 2625 οὕτω
1793 2598 1822 2625 δὲ

190 2649 317 2681 καὶτοὺς
343 2648 442 2675 ἐαυτοῦ
454 2647 618 2679 ἀποστόλους
632 2648 700 2684 πρὸς
716 2648 750 2675 τὰ
770 2647 895 2684 πρόϐατα
909 2647 1067 2674 ἀπολωλότα
1091 2647 1165 2674 οἴκου
1192 2645 1299 2682 Ἰσραὴλ
1326 2646 1355 2672 ἐν
1390 2645 1507 2680 πρώτοις
1540 2645 1721 2681 διεπέμπετο’
1754 2645 1823 2681 μετὰ

190 2693 218 2720 δέ
228 2694 324 2727 ταῦτα,
332 2695 388 2726 τοῖς
396 2695 486 2726 αὐτοῖς
503 2693 598 2729 ὥσπερ
612 2694 765 2730 ὑποδήμασι
782 2694 933 2730 χρώμενος,
942 2694 973 2720 τὸ
981 2694 1089 2721 πάντων
1096 2693 1249 2730 ἀνθρώπων
1263 2693 1340 2728 γένος
1354 2693 1403 2728 τῆς
1418 2692 1552 2728 σωτηρίου
1561 2692 1690 2728 κατηξίου
1701 2691 1822 2728 χάριτος.

230 2751 240 2767 ι
258 2742 306 2773 Τίς
322 2741 420 2774 ἀπάξει
439 2750 471 2775 με
483 2743 522 2774 είς
536 2742 612 2769 πόλιν
627 2743 774 2778 περιοχῆς;
791 2743 808 2778 ἢ
826 2742 868 2774 τίς
883 2742 982 2777 ὁδηγή-

191 2796 232 2815 σει
251 2796 284 2823 με
300 2787 352 2819 ἐως
369 2788 417 2824 τῆς
446 2787 612 2823 Ἰδουμαίας;
630 2788 698 2823 Οὐχὶ
720 2789 752 2815 σὺ
779 2789 794 2814 ὁ
816 2787 881 2819 Θεὺς
897 2789 911 2814 ὁ
927 2788 981 2815 ἁπ-

227 2843 251 2860 ²⁸
269 2842 367 2871 Matth.
386 2852 432 2876 xv.
449 2844 494 2871 24.
533 2844 554 2860 ²⁷
573 2843 668 2870 Matth.
687 2851 715 2877 ι,
734 2844 796 2877 5,6.

1073 2741 1158 2770 Vens.
1177 2742 1220 2770 Η.
1250 2751 1260 2767 ι
1276 2741 1343 2775 Quis
1357 2741 1472 2770 abducet
1488 2749 1531 2768 me
1543 2741 1570 2768 in
1582 2741 1718 2768 civitatem
1733 2741 1822 2767 muni-

1036 2788 1112 2815 tam?
1128 2792 1175 2815 ant
1199 2788 1261 2824 quis
1282 2788 1398 2817 deducet
1428 2796 1470 2816 me
1495 2795 1581 2824 usque
1601 2788 1628 2815 in
1658 2785 1823 2814 ldumzcainl

229 2899 253 2935 (ι
258 2909 266 2934 ι
283 2899 342 2935 Τὴν
357 2900 467 2937 suum
477 2900 527 2929 καὶ
540 2900 593 2929 τὸν
605 2901 738 2930 Γαλαὰδ.
757 2901 839 2931 Forte
854 2901 887 2931 τὰ
900 2903 929 2931 Σ.
946 2910 972 2930 κ.

1038 2910 1040 2921 ν
1052 2901 1081 2930 Γ.
1093 2900 1172 2930 Eutr.
