4090 6374
449 289 545 343 571

1152 280 1420 340 EUSEBII
1458 277 1940 336 CESARIENSIS
1973 277 2125 334 OPP.
2168 276 2350 334 PARS
2383 275 2475 332 lli.
2515 304 2592 320 --.
2626 270 3039 329 EXEGETICA.

3609 269 3716 324 572

448 407 640 460 Nonne
668 411 747 466 tu,
779 401 940 464 Deus,
972 402 1065 471 qui
1101 401 1350 470 repulisti
1387 399 1524 453 nos?
1550 405 1736 454 etnon
1765 396 1942 451 exibis
1971 395 2017 449 in

2135 394 2405 464 ασάμενος
2430 390 2612 461 ἡμᾶς
2646 389 2738 441 καὶ
2771 387 2871 441 οὐκ
2909 385 3166 458 ἐξελεύσῃ
3187 385 3245 438 ἐν
3278 388 3396 448 ταῖς
3423 385 3716 456 δυνάμεσιν

447 495 746 551 virtutibus
814 493 1104 547 nostris?»
1171 493 1347 562 Supra
1399 493 1672 546 dictorum
1744 489 2029 545 sententia:

447 590 711 643 insistens
771 586 1070 656 Propheta,
1108 600 1274 654 supra
1333 584 1554 638 modum
1611 583 1844 636 miratur
1895 581 2026 635 illud

445 678 834 746 inexspectata}
895 675 1328 746 alienigenarum
1387 675 1633 744 gentium
1711 671 2029 725 mutationis

445 768 776 838 prodigium.
834 765 1039 822 Deinde
1094 781 1220 820 cum
1267 766 1496 820 dixisset
1537 763 1705 828 Deus,
1759 762 1860 816 «lu
1911 763 2031 817 ldu-

445 876 636 915 maaam
691 859 979 915 extendam
1021 859 1452 913 calceamentum
1495 873 1700 921 meum,
1733 876 1752 909 ι
1813 857 2025 911 dictum

446 951 760 1020 hujusmodi
789 951 1115 1010 admiratur.
1148 965 1334 1006 secum
1366 959 1630 1020 reputans
1665 964 1735 1003 an
1784 963 2028 1020 unquam

446 1044 566 1114 ipse
619 1042 764 1098 Deus
812 1043 1186 1099 calceamento
1247 1059 1405 1106 usus,
1461 1057 1872 1098 conscensurus
1932 1041 2025 1105 sit,

442 1151 556 1192 non
585 1136 640 1190 in
667 1134 992 1202 Jerusalem,
1025 1149 1202 1206 neque
1253 1135 1308 1190 in
1341 1132 1672 1198 Samariam,
1733 1148 1915 1204 neque
1970 1133 2025 1187 in

443 1230 609 1282 aliam
659 1227 878 1283 lsraelis
923 1229 1228 1289 civitatem,
1281 1226 1378 1282 sed
1429 1227 1483 1280 in
1523 1226 1864 1297 alienigenas
1904 1223 2027 1280 ldu-

440 1335 633 1375 maaos.
665 1319 847 1386 Quare
879 1320 1068 1374 beatos
1100 1319 1224 1372 illos
1250 1317 1534 1388 praedicat,
1571 1319 1636 1372 ad
1668 1334 1812 1388 quos
1846 1332 2030 1372 acces-

443 1427 609 1468 surus
665 1410 812 1467 Deus
859 1421 999 1476 erat,
1056 1409 1472 1481 orationemque
1522 1411 1745 1475 emittit,
1803 1419 1866 1464 ut
1909 1410 2026 1480 ipse

441 1517 659 1572 quoque
702 1501 816 1556 haec
861 1503 1047 1558 videre
1098 1502 1300 1573 dignus
1345 1503 1644 1556 habeatur:
1691 1509 2026 1572 quapropter

441 1593 610 1648 dicit:
665 1612 684 1645 ι
711 1592 847 1659 Quis
882 1593 1117 1648 abducet
1150 1609 1236 1647 me
1286 1594 1340 1647 in
1387 1593 1664 1646 civitatem
1709 1591 2025 1646 munitam?

439 1692 532 1739 aut
557 1685 683 1756 quis
725 1685 958 1740 deducet
988 1699 1075 1739 me
1109 1698 1286 1754 usque
1321 1683 1378 1736 in
1409 1680 1744 1736 ldumatam?
1771 1702 1790 1734 ι
1824 1681 2024 1736 Preca-

2132 484 2326 556 ήμῶν;
2371 502 2389 534 ι
2438 481 2768 551 Ἐπιστήσας
2815 481 2880 550 τῇ
2924 478 3032 533 τῶν
3067 476 3471 548 προλεχθὲντων
3512 477 3716 551 διανοίᾳ

2129 579 2158 630 6
2188 576 2500 646 Προφήτης,
2550 569 3052 642 ὑπερεκπλήττεται
3084 569 3145 622 τὸ
3172 567 3356 639 θαῦμα
3391 569 3488 639 τῆς
3541 587 3716 644 παρα.

2129 666 2281 734 δόξου
2327 665 2436 718 τῶν
2488 662 2801 732 ἀλλοφύλων
2853 660 3020 717 ἐθνῶν
3071 659 3390 730 μεταϐολῆς.
3438 656 3572 715 Εἶτα
3621 661 3715 716 τοῦ

2129 758 2264 812 Θεοῦ
2315 755 2617 829 εἰρηκότος,
2671 772 2691 806 ι
2760 755 2882 807 Ἐπὶ
2925 754 3023 824 τὴν
3060 751 3366 824 Ἰδουμαίαν
3409 753 3614 806 ἐκτενῶ
3655 755 3716 809 τὸ

2131 851 2386 922 ύπῶημά
2419 868 2544 922 μου,
2578 868 2597 902 ι
2651 849 2746 903 τδν
2791 848 2946 916 λόγον
2990 846 3391 916 ἀποθαυμάζει,
3434 848 3483 900 εἰ
3533 847 3714 917 μέλλοι

2131 944 2262 998 ποτέ
2291 943 2423 1006 Θεὸς
2452 942 2637 1006 αὐτὸς,
2667 939 2976 1011 ὑποδήματι
3020 939 3384 1010 χρησάμενος,
3413 939 3715 992 ἐπιϐαίνειν

2128 1037 2190 1091 οὑ
2218 1039 2284 1106 τῇ
2325 1035 2700 1106 Ἰερουσαλὴμ,
2735 1031 2856 1086 ούδέ
2883 1033 2949 1102 τῇ
2977 1030 3277 1102 Σαμαρείᾳ,
3304 1030 3424 1082 οὐδὲ
3454 1029 3587 1100 ἄλλῃ
3607 1032 3716 1084 τινὶ

2127 1126 2194 1194 τῇ
2250 1121 2342 1175 τοῦ
2398 1121 2636 1194 Ἰσραὴλ,
2691 1119 2828 1174 ἀλλά
2872 1120 2980 1172 τῶν
3026 1118 3340 1188 ἀλλοφύλων
3377 1119 3710 1190 Ἰδουμαίων.

2129 1216 2220 1268 Διὸ
2254 1217 2546 1287 μακαρίζει
2582 1215 2679 1286 μὲν
2711 1213 2950 1276 τούτους,
2984 1207 3064 1276 οἷς
3091 1213 3451 1285 ἐπιδημήσειν
3479 1213 3714 1284 ήμελλεν

2127 1309 2158 1360 6
2187 1307 2318 1370 Θεός
2337 1323 2350 1336 °
2387 1307 2554 1377 εὐχήν
2575 1306 2632 1359 δὲ
2665 1305 2872 1358 τίθεται
2907 1303 3310 1374 καταξιωθῆναι
3338 1321 3465 1362 ποτε
3491 1307 3584 1360 καὶ
3612 1307 3712 1359 αύ-

2128 1400 2217 1453 τδν
2247 1400 2346 1470 τῆς
2372 1399 2578 1452 τούτων
2618 1396 2746 1461 θέας
2769 1415 2782 1428 ο
2814 1397 2893 1450 διό
2928 1413 3090 1468 φησι·
3126 1415 3145 1448 ι
3182 1394 3278 1460 Τίς
3303 1397 3502 1464 ἀπάξει
3539 1415 3605 1469 με
3633 1399 3714 1462 είς

2129 1490 2286 1545 πόλιν
2330 1489 2691 1562 περιοχῆςςῆ
2740 1490 2823 1554 τίς
2856 1489 3110 1560 ὁδηγήσει
3146 1506 3211 1560 με
3257 1489 3362 1552 ἕως
3405 1489 3507 1558 τῆς
3546 1489 3709 1542 Ἰδου-

2132 1581 2335 1655 μαίαςς
2370 1603 2388 1634 ι
2439 1582 2652 1653 Ηῦχετο
2703 1581 2812 1653 γὰρ
2857 1581 3190 1653 ὣηγηθῆναι
3245 1583 3338 1637 καὶ
3389 1585 3710 1654 παρατεῖναι

2128 1674 2253 1736 τοὺς
2282 1673 2382 1744 τῆς
2410 1671 2553 1744 ζωῆς
2578 1670 2742 1726 αὑτοῦ
2774 1672 2999 1745 χρόνους
3025 1673 3118 1725 ἐπὶ
3146 1672 3236 1726 τὸν
3266 1672 3454 1744 καιρὸν
3481 1674 3708 1737 ἐκεῖνον,

437 1778 602 1833 batur
645 1778 792 1833 enim
851 1775 1072 1841 deduci,
1125 1791 1412 1846 annosque
1475 1775 1599 1830 vita:
1639 1790 1753 1830 suae
1793 1777 2017 1846 produci

2127 1764 2248 1818 καθ’
2291 1765 2350 1818 ὃν
2375 1765 2608 1836 ήμελλεν
2647 1767 2674 1820 6
2702 1765 2835 1828 Θεὸς
2863 1765 2956 1818 ἐπὶ
2987 1765 3086 1837 τὴν
3120 1762 3422 1836 Ἰδουμαίαν
3450 1765 3709 1818 ἐκτείνειν

440 1886 612 1940 usque
658 1868 725 1924 ad
772 1867 826 1924 id
876 1869 1161 1939 temporis,
1215 1884 1324 1940 quo
1390 1867 1535 1924 Deus
1590 1869 2020 1924 calceamentum

437 1979 597 2019 illum
627 1977 803 2033 usque
833 1962 886 2016 in
931 1962 1227 2016 Idumaeam
1256 1971 1589 2016 extensurus
1621 1969 1758 2022 erat,
1803 1967 1863 2013 ut
1891 1973 2013 2012 ma-

436 2068 603 2124 guum
643 2053 778 2106 illud
824 2052 1157 2106 miraculum
1203 2056 1476 2115 cerneret,
1529 2049 1701 2104 Deum
1763 2048 2020 2105 videlicet

437 2145 582 2216 apud
612 2146 865 2205 homines
897 2143 1359 2215 peregrinantem,
1399 2150 1454 2197 et
1481 2143 1538 2198 in
1567 2141 1802 2198 ldumaea
1831 2141 2024 2196 ambu-

438 2239 667 2303 lantem,
723 2238 1170 2307 alienigenasque
1211 2236 1316 2307 ipsi
1363 2236 1615 2292 subditos
1663 2245 1721 2290 et
1772 2236 2016 2291 amicos:

435 2345 607 2400 quare
631 2329 708 2383 ait
734 2348 747 2390 ;
795 2348 814 2382 ι
839 2329 974 2396 Quis
995 2329 1231 2384 deducet
1262 2343 1348 2382 me
1370 2343 1544 2399 usque
1568 2328 1622 2382 in
1642 2327 1971 2383 ldumaaam?
1995 2346 2015 2380 ι

436 2421 729 2475 Civitatem
784 2435 949 2496 porro
1003 2420 1271 2474 munitam
1323 2428 1484 2474 vocat
1540 2417 1846 2474 Ecclesiam
1898 2417 2017 2497 Dei,

435 2514 692 2567 vallatam
736 2513 894 2568 ﬁrmo
922 2521 976 2568 et
1011 2512 1311 2568 fortissimo
1341 2527 1524 2576 muro,
1553 2513 1788 2568 salutari
1824 2527 2021 2582 nempe

435 2605 661 2670 virtute,
702 2619 866 2676 quam
897 2606 1064 2660 etiam
1107 2604 1294 2659 videre
1339 2604 1714 2675 clllagitabat;
1756 2605 2020 2676 quocirca

434 2697 602 2750 dixit:
656 2715 675 2750 ι
699 2695 834 2766 Quis
866 2697 1102 2755 abducet
1129 2712 1216 2753 me
1261 2699 1318 2752 in
1346 2697 1624 2753 civitatem
1659 2697 1968 2753 munitam?
1995 2717 2013 2749 ι

434 2787 748 2861 Perpendas
801 2789 988 2857 velim,
1036 2789 1218 2859 ipsum
1249 2791 1474 2846 minime
1502 2805 1700 2862 rogare
1728 2797 1788 2845 ut
1841 2789 2019 2846 dedu-

431 2889 590 2938 catur
619 2897 794 2953 usque
829 2882 885 2937 in
919 2881 1252 2947 Jerusalem,
1302 2885 1420 2940 sive
1458 2897 1636 2954 usque
1663 2883 1730 2938 ad
1777 2881 2007 2950 Galaad,

432 2983 528 3030 aut
571 2991 745 3045 usque
801 2973 866 3029 ad
926 2974 1185 3048 Sychem,
1231 2975 1347 3032 sive
1387 2991 1563 3048 usque
1603 2975 1672 3030 ad
1728 2975 2012 3045 Ephraim,

433 3066 548 3120 sive
605 3080 778 3135 usque
845 3064 911 3120 ad
963 3064 1196 3133 Judam;
1255 3068 1348 3121 sed
1417 3069 1578 3138 quasi
1633 3067 2013 3138 inexspectata

433 3157 795 3233 promissione
830 3158 1136 3227 perculsus,
1171 3160 1316 3228 quod
1344 3160 1553 3214 scilicet
1581 3159 1763 3230 perosi
1786 3175 1849 3213 ac
1880 3173 2019 3214 mm-

431 3248 522 3302 chi
573 3247 716 3303 Esau
767 3250 970 3319 posteri
1030 3256 1181 3303 tanta
1232 3251 1406 3321 gratia
1470 3249 1710 3304 donandi
1766 3249 1898 3316 sint,
1959 3257 2020 3303 ut

431 3335 576 3394 Deus
609 3339 676 3394 ad
737 3354 832 3395 eos
879 3340 1234 3408 conscendat,
1280 3349 1535 3412 precatur
1574 3341 1798 3397 dicens:
1827 3359 1846 3392 ι
1873 3340 2010 3407 Quis

430 3438 662 3494 deducet
707 3454 793 3494 me
829 3454 1002 3508 usque
1047 3439 1100 3491 in
1150 3435 1484 3491 ldunneam?
1522 3455 1541 3488 ι
1599 3435 1677 3489 Ac
1717 3435 1862 3506 quod
1917 3435 2020 3488 mi-

430 3546 552 3586 rum
596 3547 824 3602 prorsus
867 3540 972 3594 est,
1027 3529 1171 3586 Deus
1227 3545 1335 3583 non
1394 3528 1556 3584 nudis
1617 3528 1848 3598 pedibus
1894 3544 2015 3582 am-

431 3622 719 3678 bulaturus
767 3623 991 3687 dicitur,
1060 3623 1156 3678 sed
1213 3637 1340 3676 cum
1397 3622 1822 3690 calceamentis;
1881 3622 2014 3677 sub-

431 3712 690 3773 indicatis
747 3714 1036 3768 animabus
1100 3711 1399 3768 voluntatis
1461 3712 1584 3781 ejus
1645 3711 2014 3780 administris,

432 3818 666 3880 quarum
734 3819 923 3876 Opera,
984 3805 1270 3859 vocatione
1327 3803 1570 3875 gentium
1624 3811 1867 3874 peracta,
1920 3819 2018 3875 per

434 3895 747 3954 universam
798 3903 1023 3960 terram,
1075 3911 1230 3951 suam
1266 3895 1552 3950 constituit
1595 3894 1894 3959 civitatem,
1928 3895 2016 3949 ni-

432 3988 632 4047 mirum
668 3989 992 4044 catholicam
1035 3987 1338 4044 Ecclesiam
1374 4004 1554 4054 suam,
1586 4003 1651 4043 ac
1695 3999 1898 4045 coetum
1930 4003 2018 4043 re-

431 4080 750 4151 ligiosorum
815 4082 1152 4138 hominum:
1208 4080 1278 4136 de
1352 4096 1460 4154 qua
1521 4081 1742 4137 civitate
1802 4081 2012 4136 dictum

431 4173 568 4228 alias
617 4181 752 4229 est:
792 4191 812 4226 ι
851 4171 1104 4232 Gloriosa
1154 4173 1302 4228 dicta
1357 4183 1486 4230 sunt
1549 4173 1618 4229 de
1682 4182 1757 4242 te,
1817 4174 2011 4228 civitas

429 4264 526 4322 Dei
551 4267 629 4334 ”;
659 4287 678 4319 ι
732 4275 817 4322 et:
854 4286 872 4318 ‹
903 4265 1174 4324 Fluminis
1223 4265 1464 4341 impetus
1504 4265 1784 4322 laetiﬁcant
1821 4267 2017 4322 civita-

429 4364 538 4412 tem
572 4355 669 4411 Dei
691 4358 794 4413 ".2
863 4355 1016 4412 Hanc
1046 4357 1330 4412 civitatem
1368 4358 1636 4412 munitam
1667 4371 1795 4412 cum
1825 4358 2011 4412 videre

2124 1858 2186 1910 τὸ
2215 1858 2472 1930 ὑπόδημα
2498 1857 2686 1921 αὑτοῦ,
2723 1858 2798 1922 ὡς
2836 1858 2902 1913 ἂν
2934 1857 3029 1912 ἴδοι
3072 1857 3135 1911 τὸ
3169 1863 3311 1929 μέγα
3339 1857 3538 1930 θέαμα,
3575 1859 3708 1913 Θεὸν

2125 1949 2494 2020 ἐπιδημοῦντα
2542 1949 2851 2022 ἀνθρώποις
2927 1950 3022 2004 καὶ⁹
3081 1950 3562 2023 ἐμπεριπατοῦντα
3635 1954 3705 2023 τῇ

2137 2042 2424 2116 Ἰδουμαίᾳ,
2461 2042 2790 2114 ἀλλοφύλους
2821 2061 2881 2098 τε
2914 2043 3062 2115 αύτῷ
3106 2044 3573 2114 ὑποτεταγμένους
3616 2044 3710 2099 καὶ

2125 2133 2502 2204 φιλιάςοντας·
2537 2135 2617 2189 διό
2658 2153 2821 2206 φησι·
2859 2154 2879 2188 ι
2929 2136 3029 2200 Τίς
3072 2135 3325 2207 ὁδηγήσει
3369 2154 3437 2207 με
3479 2137 3583 2200 ἕως
3610 2139 3710 2207 τῆς

2138 2227 2479 2299 Ἰδουμαίας;
2521 2249 2539 2280 ι
2570 2229 2731 2282 Πόλιν
2760 2229 2816 2282 δὲ
2862 2228 3124 2300 περιοχῆς
3151 2228 3307 2282 καλεῖ
3337 2229 3436 2301 τὴν
3481 2228 3710 2299 Ἐκκλη-

2124 2318 2244 2372 σίαν
2267 2319 2362 2372 τοῦ
2389 2319 2546 2386 Θεοῦ,
2584 2320 3108 2392 περιπεφραγμένην
3139 2321 3352 2394 στερρῷ
3378 2323 3471 2375 καὶ
3497 2322 3711 2393 ὀχυρω-

2122 2413 2269 2483 τάτῳ
2310 2413 2502 2483 τείχει,
2550 2415 2616 2484 τῇ
2673 2415 2928 2486 σωτηρίῳ
2973 2413 3219 2485 δυνάμει,
3270 2415 3338 2484 ἠν
3391 2415 3484 2470 καὶ
3533 2415 3704 2485 αὐτὴν

2125 2509 2252 2562 ίδεῖν
2284 2508 2512 2580 ηὔχετοο
2550 2509 2631 2564 διὸ
2674 2509 2829 2579 ἔλεγε
2857 2528 2870 2540 ·
2906 2529 2925 2562 ι
2972 2512 3069 2575 Τίς
3100 2510 3298 2576 ἀπάξει
3333 2528 3399 2583 με
3429 2515 3508 2576 είς
3553 2512 3708 2566 πόλιν

2121 2603 2423 2674 περιοχῆς;
2455 2621 2476 2656 ι
2533 2603 2642 2658 Θέα
2685 2605 2743 2659 δὲ
2794 2607 2944 2669 ὅπως
2986 2605 3086 2658 οὑκ
3127 2603 3330 2675 ηὔξατο
3375 2605 3708 2677 ὣηγηθῆναι

2121 2695 2225 2759 ἕως
2258 2697 2355 2767 τῆς
2393 2696 2767 2770 Ἰερουσαλὴμ,
2797 2698 2831 2770 ἢ
2877 2697 2982 2761 ἓως
3012 2698 3111 2768 τῆς
3141 2697 3373 2762 Γαλαὰδ,
3407 2698 3440 2769 ἢ
3476 2697 3580 2761 ἕως
3611 2699 3710 2769 τῆς

2120 2788 2324 2859 Συχὲμ,
2356 2788 2388 2860 ἢ
2434 2789 2540 2854 ἕως
2583 2789 2677 2843 τοῦ
2723 2790 2981 2862 Ἑφραῒμ,
3009 2791 3041 2862 ἢ
3077 2791 3182 2854 ἓως
3213 2789 3307 2843 τοῦ
3341 2789 3513 2844 Ἰούδα
3535 2807 3550 2820 ·
3591 2789 3707 2844 ἀλλ’

2119 2879 2310 2952 ὥσπερ
2357 2882 2652 2952 ἐκπλαγεὶς
2693 2883 2758 2936 τὸ
2801 2881 3102 2955 παράδοξον
3129 2882 3231 2952 τῆς
3265 2882 3614 2952 ἐπαγγελίας,
3655 2885 3702 2936 εί

2119 2970 2211 3024 τοῦ
2246 2971 2620 3043 μεμισημένου
2650 2973 2744 3028 καὶ
2780 2973 2980 3044 πόρνου
3020 2972 3188 3026 Ἠσαῦ
3225 2973 3566 3041 οί⁹άπόγονοι
3597 2989 3705 3026 τοι·

2122 3063 2294 3134 αύτης
2329 3065 2451 3118 τότε
2497 3064 2779 3128 τεύξονται
2831 3066 3074 3136 χάριτος,
3108 3065 3185 3128 ὼς
3228 3065 3483 3136 ἐπιϐῆναι
3526 3067 3706 3128 αὐτοῖς

2121 3155 2213 3210 τὸν
2240 3156 2393 3221 Θεὸν,
2423 3155 2640 3228 εὔχεται
2674 3157 2848 3227 λέγων
2870 3174 2884 3188 ’
2919 3176 2936 3209 ι
2973 3157 3067 3221 Τίς
3091 3157 3348 3229 ὁδηγήσει
3381 3175 3448 3229 με
3477 3158 3580 3222 ἕως
3603 3156 3702 3225 τῆς

2135 3247 2476 3318 Ἰδουμαίας;
2523 3267 2543 3300 ι
2576 3249 2788 3320 Σφόδρα
2819 3249 2876 3304 δὲ
2901 3249 3230 3319 θαυμαστῶς
3256 3252 3284 3304 6
3311 3251 3446 3314 Θεὸς
3477 3251 3708 3322 ἐμπερι-

2123 3343 2388 3413 πατήσειν
2420 3342 2482 3395 οὐ
2510 3345 2739 3414 γυμνοῖς
2779 3343 2906 3396 ποσὶ
2933 3343 3202 3408 λέλεκται,
3246 3343 3384 3398 ἀλλὰ
3415 3343 3480 3397 δι’
3505 3341 3705 3414 ὑποδη-

2126 3435 2312 3507 μάτων
2335 3450 2349 3463 '
2376 3435 2748 3505 αἰνιττομένου
2787 3435 2882 3488 τοῦ
2917 3434 3076 3505 λόγου
3106 3435 3206 3499 τὰς
3237 3436 3573 3509 ὑπηρετικὰς
3610 3436 3706 3489 τοῦ

2124 3526 2462 3598 βουλήματος
2495 3526 2656 3581 αὑτοῦ
2687 3527 2885 3600 ψυχὰς,
2912 3528 2978 3581 δι’
3013 3521 3088 3582 ὧν
3119 3530 3219 3600 τὴν
3247 3529 3355 3582 τῶν
3379 3528 3548 3582 ἐθνῶν
3572 3527 3706 3598 κλῆ-

2124 3637 2210 3673 σιν
2236 3621 2624 3691 ποιησάμενος,
2659 3621 2931 3692 πανταχοῦ
2959 3622 3061 3690 γῆς
3094 3622 3194 3692 τὴν
3219 3621 3411 3676 ἐαυτοῦ
3450 3622 3710 3692 συνεστή-

2123 3728 2253 3765 σατο
2296 3711 2469 3776 πόλιν,
2503 3712 2648 3781 λέγω
2685 3713 2742 3766 δέ
2785 3715 2884 3786 τὴν
2929 3715 3222 3786 καθολικὴν
3274 3713 3438 3768 αὑτοῦ
3481 3713 3710 3786 Ἐκκλη-

2121 3803 2262 3869 σίαν,
2295 3803 2391 3858 καὶ
2433 3805 2495 3858 τὸ
2525 3805 2778 3877 σύστημα
2810 3809 2908 3878 τῆς
2947 3807 3057 3860 τῶν
3091 3807 3359 3862 θεοσεὸῶν
3392 3806 3668 3870 πολιτείας
3690 3822 3705 3841 '-

2121 3898 2251 3972 περὶ
2291 3892 2359 3968 ἦς
2407 3897 2622 3969 εἴρηται
2667 3897 2931 3970 ἀλλαχοῦ
2985 3917 3003 3951 ι
3049 3899 3418 3969 Δεδοξασμένα
3470 3897 3705 3969 ἐλαλήθη

2120 3990 2250 4060 περὶ
2297 3988 2411 4055 σοῦ,
2445 3990 2478 4062 ἡ
2519 3989 2674 4054 πόλις
2703 3991 2797 4045 τοῦ
2839 3991 2993 4044 Θεοῦ·
3033 4009 3052 4042 ι
3093 3991 3206 4055 καὶ,
3255 4009 3274 4042 ι
3309 3990 3413 4044 Τοῦ
3460 3989 3708 4060 ποταμοῦ

2118 4081 2189 4134 τὰ
2218 4084 2516 4154 όρμήματα
2545 4083 2892 4154 εὐφραίνουσι
2920 4084 3018 4155 τὴν
3050 4083 3204 4136 πόλιν
3228 4082 3321 4136 τοῦ
3349 4082 3507 4137 Θεοῦ.
3549 4101 3567 4134 ι
3597 4083 3709 4138 Kal.

2118 4173 2322 4244 ταύτην
2359 4171 2452 4228 οὖν
2485 4175 2584 4247 τὴν
2611 4176 2764 4232 πόλιν
2792 4178 2890 4247 τῆς
2923 4177 3185 4248 περιοχῆς
3211 4176 3380 4247 διψῶν
3408 4174 3706 4230 θεάσασθαι

2119 4265 2148 4317 6
2185 4267 2478 4340 Προφήτης
2509 4266 2692 4335 ἐλεγε-
2733 4285 2751 4318 ι
2782 4268 2878 4330 Τίς
2910 4267 3109 4334 ἀπάξει
3143 4284 3208 4338 με
3249 4271 3330 4331 είς
3366 4267 3518 4322 πόλιν
3549 4284 3706 4339 περι-

2119 4357 2284 4428 οχῆς;
2309 4377 2329 4409 ι
2351 4357 2406 4427 ἢ,
2431 4376 2450 4409 ι
2484 4360 2563 4422 είς
2580 4359 2732 4412 πόλιν
2753 4360 3148 4432 πεφραγμένην
3171 4377 3185 4425 ;
3211 4379 3230 4410 ›
3258 4359 3430 4424 οὑτως
3472 4360 3581 4432 γάρ
3608 4363 3708 4431 ήρ-

429 4457 744 4522 peroptaret
789 4449 1061 4522 Propheta
1112 4450 1378 4505 dicebat:
1427 4467 1447 4500 ι
1496 4449 1632 4516 Quis
1664 4450 1898 4506 abducet
1928 4467 2016 4507 me

2127 4451 2394 4522 μήνευσεν
2433 4451 2462 4502 6
2509 4450 2824 4522 Σύμμαχος.
2855 4452 3027 4504 Πύλαι
3066 4453 3174 4524 γὰρ
3213 4453 3382 4524 αὐτὴν
3415 4453 3510 4506 καὶ
3545 4451 3709 4523 θύραι

429 4544 484 4599 in
516 4543 796 4597 civitatem
857 4542 1165 4604 munitam?
1202 4562 1222 4596 ι
1271 4551 1365 4597 aut
1426 4561 1445 4593 ι
1477 4543 1532 4597 in
1583 4542 1859 4599 civitatem
1907 4543 2018 4598 cir-

427 4633 812 4702 cumseptam?
849 4652 867 4685 ι
920 4634 1002 4687 sic
1043 4633 1189 4688 enim
1220 4633 1614 4708 interpretatus
1655 4632 2017 4706 Symmachus

428 4736 534 4780 est.
586 4725 716 4780 Eam
756 4726 956 4797 quippe
990 4734 1184 4798 portae,
1237 4726 1423 4796 ianua:
1460 4734 1514 4781 et
1567 4736 1750 4781 vectes
1801 4725 2018 4781 divina-

431 4832 553 4871 rum
610 4819 879 4872 virtutum
909 4818 1405 4883 circummuniunt,
1449 4834 1519 4874 ne
1570 4819 1805 4889 quadam
1859 4819 2018 4876 obsi-

426 4909 591 4966 dione
626 4919 925 4980 prematur.
966 4911 1149 4979 Quare
1197 4911 1265 4968 de
1324 4912 1414 4971 illa
1463 4912 1677 4974 dicebat
1705 4912 1958 4968 Salvator
1994 4932 2007 4968 :

430 5029 453 5066 ι
479 5012 656 5084 Super
689 5011 832 5068 hanc
888 5021 1098 5084 petram
1148 5012 1432 5069 aediﬁcabo
1467 5013 1770 5070 Ecclesiam
1802 5029 2005 5079 meam,

426 5115 481 5161 et
523 5113 693 5178 porta:
726 5105 885 5160 inferi
918 5121 1026 5160 non
1049 5106 1420 5176 praevalebunt
1459 5107 1724 5163 adversus
1749 5106 1958 5161 eam".
1985 5124 2004 5157 ι

429 5198 582 5255 Hanc
635 5201 801 5271 igitur
859 5202 1286 5270 circumseptam
1339 5199 1617 5256 civitatem
1659 5198 1849 5254 videre
1911 5213 2011 5268 ge-

429 5293 600 5347 stiens
632 5291 903 5362 Propheta
932 5292 1150 5347 diccbat
1182 5311 1194 5348 :
1227 5311 1245 5339 α
1276 5280 1431 5364 Quis]
1445 5292 1681 5347 abducet
1706 5305 1796 5345 me
1830 5289 1887 5344 in
1930 5290 2010 5344 ci-

429 5383 651 5439 vitatem
713 5385 1024 5441 munitam?
1053 5406 1072 5438 ι
1144 5386 1324 5457 Atque
1372 5385 1806 5455 alienigenarum
1856 5383 2008 5438 salu-

429 5482 538 5531 tem
589 5479 766 5535 oculis
817 5480 1091 5551 inspicere
1139 5489 1460 5552 peroptans,
1510 5477 1626 5532 lucc
1678 5477 2005 5546 adjiciebat:

435 5581 460 5620 ε
488 5567 622 5634 Quis
657 5569 894 5626 deducet
938 5587 1025 5626 me
1049 5587 1224 5643 usque
1268 5572 1323 5626 in
1368 5569 1696 5625 ldumaaam?
1727 5588 1744 5621 ι
1803 5567 2008 5624 Deinde

2117 4541 2212 4593 καὶ
2241 4539 2430 4612 μοχλοὶ
2459 4541 2618 4596 θείων
2665 4542 2946 4614 δυνάμεων
2988 4545 3434 4618 περιφράττουσι,
3467 4544 3603 4616 πρὸς
3644 4543 3706 4598 τὸ

2119 4635 2192 4707 μή
2231 4650 2354 4687 τινα
2392 4635 2683 4705 ὑπομεῖναι
2716 4637 3054 4708 πολιορκίαν.
3083 4639 3175 4691 Διὸ
3212 4641 3339 4710 περὶ
3386 4639 3555 4710 αὐτῆς
3586 4637 3704 4690 ἕλε-

2113 4741 2210 4792 γεν
2237 4725 2265 4777 6
2313 4724 2538 4797 Σωτήρ⁹
2576 4745 2595 4778 ι
2647 4727 2770 4780 Ἐπὶ
2817 4730 2916 4801 τὴν
2962 4729 3169 4801 πέτραν
3217 4731 3558 4802 οἰκοδομήσω
3601 4747 3704 4802 μου

2111 4818 2210 4892 τὴν
2266 4819 2614 4892 Ἐκκλησίαν,
2665 4823 2760 4876 καὶ
2803 4825 2966 4878 πύλαι
3010 4825 3136 4898 ᾅδου
3186 4825 3245 4877 οὑ
3290 4825 3708 4897 κατισχύσουσιν

2113 4911 2304 4983 αὐτῆς.
2359 4933 2377 4964 ι
2424 4913 2641 4987 Ταύτην
2687 4913 2781 4972 οὖν
2831 4919 2930 4992 τὴν
2979 4919 3503 4990 περιπεφραγμένην
3549 4915 3705 4971 πάλιν

2118 5007 2401 5078 ἐπιθυμῶν
2431 5009 2559 5062 ίδεῖν
2599 5012 2628 5064 6
2661 5012 2952 5086 Προφήτης
2982 5013 3165 5082 ἔλεγε·
3204 5033 3221 5062 ι
3268 5013 3360 5076 Τίς
3403 5012 3600 5076 ἀπάξει
3637 5029 3704 5083 με

2118 5101 2200 5162 είς
2232 5100 2386 5154 πόλιν
2417 5103 2714 5181 περιοχῆς;
2749 5123 2768 5156 ι
2797 5087 2906 5158 Καὶ
2929 5106 3029 5176 τὴν
3054 5106 3161 5158 τῶν
3191 5105 3501 5174 ἀλλοφύλων
3531 5122 3706 5175 σωτη-

2125 5193 2244 5266 ρίαν
2296 5196 2589 5267 εύχόμενος
2632 5196 2932 5268 ὀφθαλμοῖς
2979 5198 3336 5269 παραλαϐεῖν,
3395 5198 3705 5268 προσετίθει

2119 5285 2325 5354 λέγων·
2379 5307 2398 5340 ι
2449 5287 2544 5353 Τίς
2589 5289 2843 5360 ὁδηγήσει
2894 5308 2961 5362 με
3007 5291 3112 5355 ἕως
3159 5291 3260 5362 τῆς
3306 5290 3644 5362 Ἰδουμαίας;
3680 5310 3698 5340 ³

2120 5377 2252 5434 Εἶτα
2287 5384 2502 5456 πρῶτον
2529 5386 2623 5440 καὶ
2660 5387 2912 5457 δεύτερον
2955 5386 3147 5452 εἰπὼν,
3183 5406 3202 5440 ι
3245 5387 3378 5451 Τίς;
3420 5407 3438 5438 ι
3469 5387 3561 5439 τὸν
3605 5385 3702 5456 μό-

2117 5491 2206 5526 νον
2245 5474 2467 5530 δυνατὸν
2493 5478 2666 5533 ταῦτα
2691 5477 2963 5534 δεικνύναι
2993 5479 3278 5551 γνωρίζειν
3322 5479 3600 5550 όμολογεῖ’
3633 5473 3702 5549 ἦν

2116 5567 2174 5620 δέ
2208 5562 2363 5634 οὗτος
2390 5573 2418 5624 6
2447 5571 2610 5634 Θεός⁶
2640 5571 2669 5624 6
2695 5573 2813 5626 κατ’
2843 5571 3018 5646 ἀρχάς
3051 5571 3150 5642 τῆς
3178 5573 3542 5644 προκειμένης
3571 5585 3703 5643 στη-

504 5751 551 5784 ³⁸
588 5748 732 5807 Psal.
767 5767 998 5817 Lxxxvl,
1035 5753 1090 5810 ὅ.
1165 5755 1212 5790 ¹⁹
1251 5752 1398 5812 Psal.
1443 5771 1567 5823 XLV,
1608 5758 1659 5815 5.
1739 5758 1783 5791 ³⁸
1826 5758 2019 5814 Matth.
2065 5774 2186 5822 xw,
2225 5757 2311 5816 l8.
