4090 6402
449 359 554 415 575

1580 357 1718 413 COM
1730 356 2080 411 MENTARIA
2117 357 2182 412 ΙΝ
2222 357 2560 414 PSALMOS.

3590 365 3692 419 574

446 482 747 551 λογραφίας
779 479 979 546 ἔλεγεν·
1011 497 1028 529 ‹
1075 476 1132 532 Ὀ
1161 475 1313 540 Θεὸς,
1339 473 1546 528 ἀπώσω
1580 476 1726 545 ἡμᾶς
1758 474 1852 528 καὶ
1886 472 2022 526 καθ-

2129 490 2252 530 cum
2310 475 2477 530 semel
2516 481 2570 528 et
2603 473 2846 528 secundo
2877 473 3164 540 dixisset,«
3185 474 3361 541 Quis?
3393 495 3412 528 ι
3447 491 3569 530 eum
3600 481 3693 548 qui

447 575 586 636 εἷλες
627 573 792 644 ἡμᾶς.
843 592 860 624 ι
904 571 993 624 Διὸ
1047 569 1182 642 πρὸς
1225 569 1438 638 ἐκείνην
1477 566 1573 638 τὴν
1618 565 1796 637 φωνὴν
1839 566 2023 619 ἀποδί-

445 665 609 717 δωσιν
649 663 883 717 ἐνταῦθα
909 663 1005 734 τὴν
1032 663 1198 732 αὐτὴν
1221 661 1457 714 διάνοιαν
1492 659 1694 726 λέγων’
1736 678 1753 708 ι
1785 658 1917 727 Οὐχὶ
1957 659 2020 710 σὺ

445 757 475 809 6
501 755 632 819 Θεὸς
680 757 709 808 6
735 757 1090 826 ἀπωσάμενος
1131 755 1308 824 ἡμᾶςς
1343 772 1362 804 ›
1401 751 1497 814 Τίς
1524 750 1630 821 γὰρ
1660 749 1835 812 ἄλλος,
1867 751 2020 819 φησι,

447 846 669 900 δύναται
695 847 862 912 δεῖξαι
890 848 1020 916 ἡμῖν
1052 845 1148 908 τὰς
1177 841 1506 912 ἐπαγγελίας
1539 842 1637 904 τὰς
1668 841 1766 904 σὰς
1801 842 1891 894 καὶ
1915 841 2021 894 τῶν

453 937 560 990 σῶν
583 938 757 1006 λόγων
789 937 855 991 τὰ
888 936 1322 1006 ἀποτελέσματα,
1357 936 1404 986 εί
1441 933 1514 1006 μὴ
1543 934 1607 987 σὺ
1639 931 1798 995 αὐτὸς
1846 934 1874 984 6
1917 934 2023 985 ἁπν

449 1027 732 1096 ωσάμενος
765 1027 911 1097 ἡμᾶς
934 1043 948 1091 ;
975 1026 1030 1096 ἢ,
1063 1024 1204 1078 κατά
1239 1023 1330 1077 τὸν
1358 1023 1671 1095 Σύμμαχον,
1701 1041 1719 1072 ι
1755 1022 1818 1074 Ei
1852 1022 1925 1094 μὴ
1958 1022 2021 1074 σὺ

449 1114 478 1165 6
512 1113 643 1178 Θεὸς
673 1116 701 1167 6
733 1114 1165 1185 ἀποδαλλόμενος
1189 1116 1358 1186 ἡμᾶς,
1387 1114 1480 1166 καὶ
1514 1113 1588 1184 μὴ
1624 1111 1934 1183 προσελθὼν
1966 1115 2022 1166 ἐν

447 1208 568 1268 ταῖς
617 1206 998 1278 στρατεύσεσιν
1036 1207 1227 1277 ήμῶνς
1270 1227 1289 1258 ›
1337 1204 1566 1260 Ἀπώσω
1597 1206 1702 1276 γάρ
1745 1205 1892 1279 ἡμᾶς
1934 1206 2020 1269 σὺ,

450 1299 643 1371 Κύριε,
679 1300 770 1352 καὶ
807 1298 1055 1363 καθεῖλες
1089 1301 1266 1370 ἡμᾶς·
1303 1297 1437 1351 ἀλλά
1471 1297 1564 1349 καὶ
1606 1296 1772 1350 πάλαι
1818 1294 2021 1359 εἰωθὼς

451 1388 752 1453 συνεξιέναι
797 1389 890 1442 καὶ
941 1389 1308 1461 συμπολεμεῖν
1353 1391 1475 1452 ταῖς
1527 1387 1821 1460 ἡμετέραις
1867 1387 2023 1439 δυνά-

451 1497 598 1553 μεσι,
620 1480 714 1534 νῦν
734 1482 821 1534 ὅτε
850 1482 948 1551 τὴν
977 1481 1166 1552 κλῆσιν
1191 1481 1428 1550 ἐποιήσω
1461 1480 1569 1532 τῶν
1598 1478 1786 1544 ἐθνῶν,
1819 1477 2024 1532 ἀπώσω

449 1575 598 1645 ἡμᾶς
625 1573 717 1626 καὶ
745 1574 926 1627 οὐκέτι
957 1573 1246 1644 συνεξέρχῃ
1271 1577 1390 1638 ταῖς
1417 1573 1714 1645 ἡμετέραις
1741 1571 2018 1642 δυνάμεσι.

451 1665 618 1736 Ἀλλη
668 1662 761 1720 οὖν
793 1667 893 1720 οὐκ
925 1666 1070 1720 ἐστιν
1118 1668 1249 1737 ἡμῖν
1275 1667 1428 1730 ἐλπὶς
1461 1667 1594 1737 πρὸς
1628 1665 1686 1718 τὸ
1728 1664 2021 1719 θεάσασθαί

446 1776 539 1834 σου
585 1759 684 1824 τὰς
727 1760 1078 1830 ἐπαγγελίας,
1124 1761 1174 1813 εἰ
1233 1760 1306 1830 μὴ
1357 1760 1422 1812 σὺ
1476 1759 1634 1822 αὐτὸς
1681 1757 2016 1830 βουληθείης.

2125 567 2274 621 solus
2316 566 2447 620 talia
2487 564 2778 621 ostendere
2825 567 3002 635 possit
3051 581 3385 637 cognoscere
3421 582 3479 622 se
3523 569 3696 623 conli-

2123 669 2302 726 tetur;
2339 659 2426 714 hic
2451 673 2613 728 porro
2649 657 2792 713 Deus
2821 668 2971 723 erat;
3005 658 3150 727 quod
3187 659 3350 712 etiam
3408 658 3563 712 initio
3594 659 3696 712 hu-

2118 751 2209 820 jus
2242 750 2390 804 tituli
2443 751 2822 821 inscriptionis
2871 749 3089 805 dicebat
3122 770 3136 804 :
3174 769 3191 801 ι
3233 749 3396 812 Deus.
3444 753 3693 822 repulisti

2123 861 2223 900 nos
2250 853 2304 899 et
2329 843 2652 898 destruxisti
2683 858 2838 898 nos.)
2872 843 3052 910 Quare
3086 843 3151 897 ad
3182 844 3327 896 illam
3349 860 3533 906 vocem
3566 861 3688 914 spe-

2122 944 2300 1002 ctans,
2341 934 2592 990 eamdem
2645 937 2736 992 hic
2800 935 3004 1008 profert
3064 937 3388 998 sententiam
3461 935 3689 993 dicens:

2127 1049 2145 1081 ι
2173 1029 2364 1084 Nonne
2387 1038 2472 1091 tu,
2506 1027 2674 1093 Deus,
2713 1031 2806 1099 qui
2856 1031 3104 1101 repulisli
3133 1031 3270 1088 nos?
3297 1050 3315 1081 ι
3370 1029 3504 1096 Quis
3545 1030 3690 1084 enim

2125 1122 2289 1182 alius,
2341 1123 2540 1192 inquit,
2592 1123 2859 1192 promissa
2890 1131 3003 1188 tua,
3055 1129 3110 1176 et
3153 1122 3444 1176 verborum
3474 1133 3692 1181 tuorum

2123 1213 2329 1267 exitum
2394 1214 2650 1268 exhibere
2705 1213 2863 1268 nobis
2923 1213 3118 1274 valeat,
3188 1214 3292 1266 nisi
3347 1222 3403 1266 tu
3447 1212 3562 1282 ipse
3599 1213 3692 1283 qui

2124 1303 2371 1372 repulisli
2409 1303 2554 1358 nos?
2585 1303 2720 1368 sive,
2757 1303 3060 1358 secundum
3093 1301 3500 1374 Symmachum,
3533 1321 3550 1354 ι
3576 1302 3693 1358 Nisi

2128 1404 2209 1458 tu,
2242 1394 2406 1459 Deus,
2431 1395 2524 1466 qui
2557 1395 2754 1465 abjicis
2790 1411 2912 1460 nos,
2961 1403 3014 1450 et
3045 1411 3153 1449 non
3184 1395 3401 1452 accedis
3440 1395 3507 1454 ad
3539 1412 3695 1456 exer-

2125 1489 2268 1543 citus
2305 1488 2562 1542 nostros?
2593 1509 2610 1540 ι
2688 1486 2966 1557 Siquidem
2995 1487 3245 1556 repulisli
3302 1502 3426 1552 nos,
3478 1494 3536 1543 tu
3586 1486 3694 1541 hoc

2125 1579 2295 1642 mine,
2326 1587 2380 1632 et
2411 1579 2601 1632 destru
2621 1579 2745 1634 xisti
2779 1595 2918 1634 nos:
2957 1579 3052 1634 sed
3085 1579 3179 1648 qui
3206 1579 3335 1632 olim
3371 1594 3478 1632 una
3508 1579 3694 1636 nobis:-

2125 1687 2251 1724 cum
2296 1672 2469 1734 exire,
2542 1679 2595 1726 et
2635 1687 2758 1724 cum
2813 1672 3147 1726 exercitibus
3201 1669 3406 1725 nostris
3454 1686 3696 1741 pugnare

2130 1762 2366 1825 solebas,
2399 1777 2547 1816 nunc
2592 1773 2712 1832 post
2744 1772 3020 1841 peractam
3054 1763 3293 1833 gentium
3327 1763 3692 1825 vocationem,

444 1850 545 1909 Σοῦ
571 1851 680 1922 γὰρ
719 1850 1062 1923 θελήσαντος,
1091 1851 1316 1904 δυνατὸν
1366 1853 1498 1922 ἡμῖν
1556 1850 1682 1912 τοὺς
1728 1849 1853 1911 σοὺς
1891 1863 2022 1918 προ-

2128 1852 2378 1922 repulisli
2412 1867 2535 1916 nos,
2596 1869 2772 1922 neque
2800 1834 2943 1906 ultra
2997 1853 3274 1922 egrederis
3322 1869 3446 1906 cum
3477 1853 3696 1907 virtuti-

445 1945 618 2014 φήτας
658 1942 1131 2014 συγκαταλεγῆναι
1161 1946 1228 2014 τῇ
1264 1942 1415 1996 πόλει
1462 1957 1556 1994 σου
1581 1944 1647 2012 τῇ
1678 1955 2019 2012 περιπεφρα-

445 2034 642 2114 γμένον
679 2035 772 2088 καὶ
803 2035 1153 2107 .ὁδηγηθῆναι
1182 2035 1286 2098 ἕως
1312 2033 1412 2104 τῆς
1440 2032 1848 2104 ἀποδειχθείσης
1873 2031 2022 2084 Ἰδου-

445 2145 614 2201 μαιας

520 2415 540 2448 ι
585 2395 684 2459 Δὸς
719 2397 850 2467 ἡμῖν
885 2394 1136 2466 βοήθειαν
1176 2396 1241 2448 ἐκ
1275 2393 1526 2464 θλίψεως,
1557 2393 1651 2447 καὶ
1681 2393 1882 2466 ματαία
1915 2411 2021 2448 σω-

439 2489 606 2562 τηρία
651 2487 972 2558 ἀνθρώπων.
1014 2488 1102 2540 Ἐν
1149 2485 1228 2557 τῷ
1265 2485 1384 2557 Θεῷ
1431 2487 1729 2558 ποιήσομεν
1771 2487 2020 2558 δύναμιν,

451 2580 546 2646 καὶ
569 2579 728 2642 αὐτὸς
751 2577 1096 2644 ἐξουδενὼσει
1120 2579 1245 2641 τοὺς
1271 2577 1549 2642 θλίϐοντας
1579 2579 1745 2648 ἡμᾶς.
1782 2597 1800 2629 ι
1829 2579 1892 2631 Oi
1915 2577 2023 2632 τῶν

453 2669 794 2739 ἐπαγγελιῶν
821 2668 1249 2734 καταξιωθέντες
1281 2667 1618 2721 διδάσκονται
1649 2667 1736 2721 διὰ
1759 2667 1866 2720 τῶν
1895 2686 2026 2740 προ-

443 2761 708 2830 κειμένων
741 2763 927 2831 νήφειν
961 2759 1054 2811 καὶ
1087 2757 1466 2828 ἐγρηγορέναι,
1509 2757 2025 2826 παρασκευάζεσθαί

439 2869 501 2905 τε
533 2854 612 2915 είς
659 2851 888 2920 θλίψεις,
918 2849 1013 2902 καὶ
1044 2849 1113 2901 δι’
1142 2848 1316 2918 εὐχῶν
1360 2848 1536 2916 λέγειν
1563 2849 1641 2920 τῷ
1676 2851 1885 2902 ἐαυτῶν
1930 2849 2026 2919 βα-

447 2945 613 2998 σιλεῖ⁹
649 2963 666 2996 ι
704 2944 802 3006 Δὸς
841 2944 972 3012 ἡμῖν
1003 2939 1252 3012 βοήθειαν
1291 2940 1356 2993 ἐκ
1408 2939 1676 3009 θλίψεως⁶
1717 2960 1736 2992 ι
1791 2940 2026 3012 ματαίαν

445 3037 554 3109 γὰρ
596 3031 736 3090 εἶναι
771 3039 950 3088 πᾶσαν
980 3033 1077 3104 τὴν
1116 3031 1173 3098 ἐξ
1206 3029 1505 3103 ἀνθρώπων
1538 3031 1748 3086 ἐλπίδα.
1788 3028 1903 3085 Εἶτ’
1931 3031 2024 3085 εύ-

446 3130 665 3200 ξάμενοι
693 3126 886 3187 ταῦτα,
917 3126 1016 3196 τὴν
1045 3121 1254 3193 ἀγαθὴν
1283 3121 1678 3174 ἐπιδείκνυνται
1713 3121 2022 3192 προθυμίαν

445 3219 722 3288 λέγοντεςο
774 3234 793 3267 ι
839 3216 926 3268 Ἐν
965 3214 1082 3284 Θεῷ
1122 3214 1421 3284 ποιήσομεν
1457 3213 1704 3282 δύναμιν,
1734 3213 1827 3266 καλ¹
1861 3213 2023 3276 αὐτὸς

441 3305 786 3374 ἐξουδενώσει
834 3307 960 3368 τοὺς
1007 3303 1286 3366 θλίϐοντας
1327 3305 1493 3375 ἡμᾶς.
1539 3323 1556 3355 ι
1604 3304 1854 3368 Τοιοῦτος
1895 3300 1960 3376 ἦν
1997 3307 2026 3358 6

445 3399 656 3462 Παῦλος
688 3398 894 3466 λέγων·
951 3416 968 3447 ι
1001 3396 1183 3449 Πάντα
1221 3393 1389 3465 ἰσχύω
1421 3396 1477 3447 ἐν
1517 3393 1596 3466 τῷ
1635 3395 2024 3466 ἐνδυναμοῦντί

447 3505 546 3560 με*
593 3507 612 3539 ι
679 3485 776 3540 καὶ
833 3485 1027 3539 πάλιν·
1095 3502 1113 3535 t
1161 3485 1274 3538 Οὐκ
1296 3483 1406 3552 ἐγὼ
1427 3484 1505 3548 δὲ,
1581 3487 1764 3556 φησιν,
1832 3485 1948 3538 ἀλλ’
1990 3487 2023 3555 ἡ

443 3580 602 3650 χάρις
645 3581 679 3649 ἡ
712 3580 807 3631 σὺν
834 3577 976 3647 ἐμοί.
1016 3595 1033 3628 ι
1077 3576 1263 3630 Ταῦτα
1300 3576 1357 3629 δέ
1385 3576 1562 3646 λέγειν
1598 3579 1937 3633 παιδεύονται
1973 3581 2024 3633 οἱ

445 3674 509 3724 ἐκ
551 3670 648 3740 τῆς
688 3668 992 3738 Ἰδουμαίας
1021 3667 1115 3720 καὶ
1158 3669 1222 3720 ἐκ
1263 3667 1371 3720 τῶν
1403 3669 1714 3737 ἀλλοφύλων
1760 3671 1928 3724 ἐθνῶν
1955 3674 2023 3742 τῇ

445 3761 539 3816 τοῦ
568 3759 704 3814 Θεοῦ
737 3759 917 3830 χάριτι
946 3756 1427 3828 προσεληλυθότες.
1464 3761 1526 3812 Εἰ
1553 3760 1610 3813 δέ
1642 3763 1706 3814 ἐκ
1731 3763 2024 3833 προσώπου

443 3853 538 3906 τοῦ
563 3849 900 3923 προφητικοῦ
930 3847 1090 3920 χοροῦ
1129 3848 1338 3915 λέγοιτο
1379 3849 1691 3914 καὶταῦτα,
1725 3852 1927 3921 πρέποι
1960 3851 2026 3904 ἂν

442 3946 660 4008 αὐτοὺς,
694 3940 1211 4011 ἀποκλαυσαμένους
1237 3939 1328 3994 τὸν
1357 3942 1620 4012 ἀπωσμὸν
1650 3943 1742 3994 καὶ
1777 3943 1873 4014 τὴν
1898 3943 2028 3999 καθ-

444 4037 652 4108 αίρεσιν
692 4034 788 4087 τοῦ
824 4032 1090 4104 προτέρου
1137 4030 1290 4096 λαοῦ,
1319 4031 1482 4102 εὐχὴν
1521 4033 1861 4104 ἀναπέμπειν
1889 4035 2028 4106 ὑπὲρ

443 4128 540 4182 τοῦ
586 4126 764 4182 κοινοῦ
806 4127 1024 4180 πάντων
1052 4124 1231 4180 αὐτῶν
1274 4124 1546 4196 σώματος,
1590 4126 1684 4179 καὶ
1724 4125 1904 4195 λέγειν
1949 4125 2028 4198 τῷ

445 4220 565 4291 Θεῷ
595 4219 664 4273 τά
689 4219 1047 4290 προκείμενα.

510 4333 560 4387 ι.
601 4332 710 4386 ΕΙΣ
739 4331 825 4383 T0
858 4329 1077 4382 ΤΕΛΟΣ
1108 4329 1199 4382 EN
1230 4328 1511 4394 ΥΜΝΟΙΣ,
1547 4329 1633 4383 To
1663 4331 1860 4384 ΔΑΥιΑ
1891 4331 1966 4388 3-.

523 4464 544 4498 ι
589 4444 941 4506 Είσάκουσον,
972 4443 1001 4493 6
1025 4440 1176 4506 Θεὸς,
1215 4445 1315 4514 τῆς
1357 4442 1591 4516 δεήσεώς
1629 4462 1751 4516 μου,
1796 4445 2029 4516 πρόσχξς

2130 1944 2233 1998 bus
2284 1945 2513 1999 nostris.
2571 1941 2692 1996 Non
2746 1945 2851 1998 alia
2904 1945 3086 2014 itaque
3116 1945 3305 1999 subest
3352 1945 3514 1998 nobis
3567 1958 3696 2013 spes

2125 2035 2346 2089 videndi
2383 2037 2651 2106 promissa
2692 2047 2805 2100 tua,
2860 2037 2967 2090 nisi
3027 2048 3083 2090 tu
3125 2037 3241 2106 ipse
3288 2038 3546 2093 volueris.
3618 2036 3697 2093 Te

2123 2127 2327 2197 quippe
2358 2129 2594 2192 volente,
2630 2143 2927 2197 possumus
2953 2144 3052 2182 nos
3084 2130 3358 2199 prophetae
3389 2129 3470 2182 tui
3508 2129 3562 2183 in
3587 2132 3696 2184 cir—

2124 2229 2408 2288 cumsepta
2445 2219 2662 2274 civitate
2698 2227 2788 2272 tua
2841 2220 3213 2286 annumerari,
3254 2234 3318 2274 ac
3359 2219 3556 2274 deduci
3601 2235 3696 2275 us-

2126 2327 2232 2380 que
2260 2311 2596 2371 declaratam
2627 2311 2774 2365 illam
2824 2309 3133 2366 ldumaaam.

2198 2401 2366 2458 Vens.
2397 2404 2485 2465 15,
2519 2401 2607 2456 14.
2657 2419 2674 2452 ι
2702 2401 2778 2455 Da
2830 2403 2989 2458 nobis
3033 2404 3296 2457 auxilium
3345 2403 3413 2459 de
3467 2404 3698 2459 tribula-

2126 2493 2295 2556 tione,
2349 2503 2402 2548 et
2447 2508 2586 2551 vana
2636 2492 2787 2548 salus
2823 2491 3128 2549 hominum.
3183 2493 3243 2547 ln
3275 2492 3383 2548 Deo
3427 2491 3694 2550 faciemus

2127 2584 2407 2647 virtutem,
2435 2593 2490 2637 et
2539 2584 2656 2654 ipse
2707 2583 2774 2638 ad
2825 2584 3053 2639 nihilum
3101 2585 3332 2640 deducet
3368 2586 3697 2640 tribulantes

2127 2691 2249 2730 nos.
2275 2696 2294 2727 ›
2355 2673 2460 2740 Qui
2493 2677 2780 2745 promissis
2811 2675 3016 2746 dignati
3070 2685 3220 2742 sunt,
3277 2677 3363 2732 his
3395 2677 3696 2732 edocentur

2129 2767 2310 2823 sobrie
2337 2768 2607 2837 agendum
2635 2776 2689 2822 et
2716 2769 3050 2838 vigilandum
3067 2783 3210 2834 esse,
3231 2776 3396 2838 atque
3411 2769 3478 2822 ad
3499 2783 3700 2822 aerum-

2131 2874 2231 2913 nas
2287 2869 2508 2930 paratos
2548 2875 2671 2915 esse
2725 2871 2995 2930 oportere,
3032 2877 3096 2915 ac
3129 2861 3312 2916 dicere
3345 2861 3457 2931 regi
3487 2876 3588 2916 suo
3643 2865 3698 2916 in

2129 2951 2488 3017 orationibus,
2539 2969 2557 3004 ι
2581 2951 2654 3005 Da
2687 2953 2846 3007 nobis
2875 2954 3137 3008 auxilium
3164 2954 3232 3008 de
3255 2955 3608 3008 tribulatione
3632 2972 3644 3007 :
3673 2973 3693 3006 ι

2128 3059 2269 3099 vana
2319 3045 2519 3114 quippe
2553 3053 2637 3099 est
2697 3061 2824 3115 spes
2866 3046 2920 3099 in
2973 3046 3192 3101 homine
3244 3046 3443 3116 posita.
3494 3045 3700 3100 Deinde

2131 3137 2246 3192 haec
2260 3139 2490 3207 precati,
2513 3138 2814 3192 alacritatis
2837 3153 2950 3192 suae
2973 3139 3128 3209 signa
3152 3139 3394 3209 praebent
3416 3138 3696 3198 dicentes:

2135 3247 2152 3280 ι
2178 3230 2235 3283 ln
2269 3230 2375 3283 Deo
2412 3228 2674 3285 faciemus
2699 3231 2978 3294 virtutem,
3013 3239 3066 3285 et
3090 3231 3202 3298 ipse
3238 3231 3304 3284 ad
3343 3231 3576 3284 nihilum
3603 3229 3699 3285 de-

2123 3323 2285 3378 ducet
2340 3325 2666 3380 tribulautes
2726 3340 2848 3379 nos.
2879 3343 2898 3375 ι
2976 3322 3125 3378 Talis
3172 3331 3290 3378 erat
3327 3320 3560 3386 Paulus,
3605 3323 3699 3393 qui

2124 3416 2372 3472 dicebat:
2410 3437 2428 3469 ι
2469 3417 2662 3472 Omnia
2695 3433 2916 3487 possum
2977 3416 3032 3470 in
3073 3431 3140 3471 eo
3198 3417 3290 3487 qui
3342 3432 3426 3470 tne
3477 3415 3698 3470 confor-

2125 3508 2259 3562 tat"
2287 3525 2303 3574 ;
2335 3528 2352 3559 ›
2411 3524 2474 3563 ac
2521 3525 2782 3575 rursum;
2841 3507 2958 3562 Non
3007 3523 3128 3578 ego,
3177 3509 3374 3578 inquit,
3435 3508 3530 3563 sed
3573 3524 3700 3578 gra-

2127 3601 2200 3654 tia
2245 3616 2366 3670 quae
2412 3609 2494 3656 est
2552 3602 2896 3657 mecum".i
2965 3601 3047 3655 Ad
3110 3600 3224 3654 haec
3285 3599 3513 3654 dicenda
3567 3613 3698 3652 eru-

2125 3693 2375 3758 diuntur,
2411 3694 2504 3762 qui
2531 3709 2596 3747 ex
2636 3693 2875 3747 ltlumzea
2905 3699 2958 3746 et
2992 3708 3056 3748 ex
3086 3690 3409 3761 alienigenis
3439 3691 3698 3761 gentibus

2128 3783 2196 3836 ad
2261 3783 2354 3838 Dei
2419 3786 2652 3854 gratiam
2707 3799 3012 3840 accessere.
3071 3781 3227 3848 Quod
3262 3783 3308 3838 si
3339 3798 3421 3836 ,εχ
3467 3797 3698 3853 persona

2129 3874 2433 3944 prophetici
2466 3875 2622 3927 chori
2665 3875 2939 3936 dicantur,
2973 3890 3107 3929 sane
3149 3875 3307 3929 decet
3334 3875 3482 3944 ipsos
3514 3875 3699 3944 repul-

2131 3981 2246 4019 sam
2291 3973 2346 4020 et
2373 3967 2588 4018 ruinam
2632 3967 2833 4034 prioris
2865 3967 3050 4034 p0puli
3091 3966 3464 4034 deplorantes,
3494 3965 3701 4019 oratio-

2126 4071 2253 4109 nem
2298 4056 2579 4111 effundere
2606 4070 2706 4124 pro
2737 4055 3018 4110 communi
3057 4071 3158 4111 suo
3198 4071 3449 4125 corpore,
3490 4065 3543 4110 et
3583 4055 3699 4110 haec

2130 4147 2295 4203 verba
2319 4147 2430 4203 Deo
2459 4147 2724 4218 proferre.

2272 4303 2322 4358 1.
2357 4299 2425 4354 ιΝ
2457 4299 2688 4369 FINEM,
2728 4298 2798 4354 IN
2832 4298 3116 4370 HYMNIS,
3157 4298 3406 4356 DAVIDI.
3450 4300 3562 4356 LX.

2205 4435 2373 4496 Vens.
2426 4436 2496 4501 2,
2537 4436 2589 4490 5.
2643 4453 2662 4488 ‹
2714 4432 2968 4501 Exaudi,
3029 4434 3210 4498 Deus,
3268 4434 3703 4505 deprecationem

444 4541 512 4611 τῇ
545 4539 817 4609 προσευχῇ
853 4553 975 4606 μου.
1023 4556 1043 4588 ›
1091 4537 1152 4590 Οἱ
1196 4536 1292 4607 μὲν
1327 4536 1800 4608 ἐπιγεγραμμένοι
1837 4537 2023 4608 στηλο-

2139 4545 2356 4593 meam,
2407 4527 2630 4582 intende
2670 4527 2910 4582 orationi
2955 4543 3108 4585 mete.
3147 4547 3166 4580 ›
3198 4526 3304 4595 Qui
3336 4528 3475 4582 tituli
3506 4526 3703 4580 inscri-

445 4629 686 4700 γραφίας
720 4627 916 4699 ἐφεξῆς
952 4627 1114 4680 πέντε
1147 4627 1308 4698 μέχρι
1342 4626 1436 4680 τοῦ
1467 4627 1542 4681 νϐ’
1585 4627 1736 4691 τέλος
1776 4627 2020 4698 ἐχουσινο

447 4723 554 4776 εἰσὶ
579 4721 635 4774 δὲ
669 4720 870 4782 πάντες
892 4720 941 4771 οἱ
963 4718 1165 4788 ταύτην
1196 4717 1410 4788 ἔχοντες
1434 4719 1533 4790 τὴν
1578 4719 1904 4790 προγραφὴν
1927 4720 1988 4792 ἐξ
2007 4738 2020 4751 ο

447 4813 502 4866 οἵ
521 4829 577 4865 τε
614 4809 1000 4883 προλεχθέντες
1033 4809 1128 4861 καὶ
1148 4811 1176 4861 6
1205 4814 1264 4860 ιε’
1298 4809 1356 4861 ἐν
1381 4807 1458 4879 τῷ
1499 4808 1698 4881 πρώτῳ
1739 4810 1896 4882 μέρει
1927 4793 2026 4886 τῆς

450 4905 635 4978 βίὸλου
664 4903 771 4958 τῶν
801 4902 1048 4973 Ψαλμῶν
1070 4899 1341 4971 κείμενος.
1371 4901 1438 4955 ’Ὀ
1464 4918 1528 4970 γε
1561 4901 1665 4974 μὴν
1693 4903 1828 4974 μετὰ
1840 4907 2026 4975 χεῖρας

449 4995 617 5070 ὕμνος
643 4995 718 5050 ῶν
765 4995 860 5049 καὶ
891 4993 1054 5056 αὐτὸς
1083 4993 1163 5056 είς
1206 4990 1266 5045 τὸ
1293 4991 1446 5057 τέλος
1479 4993 1566 5047 διὰ
1611 4993 1709 5058 τὰς
1753 4995 1844 5047 ἐπὶ
1888 4995 2027 5049 τέλει

447 5089 542 5145 τοῦ
589 5089 758 5160 ῦμνου
801 5085 1104 5158 φερομένας
1143 5085 1480 5155 ἐπιχρήστας
1531 5085 1860 5154 ἐπαγγελίας
1898 5087 2028 5144 ἀνα-

449 5185 677 5254 πέμπει.
737 5181 858 5234 Είσὶ
908 5181 966 5234 δὲ
1025 5181 1224 5244 πάντες
1274 5180 1323 5232 oi
1381 5178 1849 5249 ἐπιγεγραμμένοι
1886 5199 1903 5229 ι
1938 5179 2026 5232 Ἐν

449 5275 638 5345 ὕμνοις
675 5295 693 5326 ι
738 5274 931 5326 πέντε·
981 5273 1074 5327 δύο
1124 5273 1221 5344 μὲν
1265 5274 1322 5326 ἐν
1367 5271 1446 5342 τῷ
1498 5268 1700 5343 πρώτῳ
1735 5270 1888 5341 μέρει
1928 5275 2028 5342 τῆς

457 5368 660 5439 βίϐλου,
699 5367 728 5418 6
768 5368 1022 5437 τέταρτος
1066 5366 1159 5420 καὶ
1202 5367 1230 5419 6
1276 5370 1348 5429 ς’.
1390 5361 1530 5415 Ἀλλ’
1572 5357 1714 5416 οὗτοι
1743 5363 1842 5433 μὲν
1886 5383 1903 5414 ι
1941 5363 2030 5417 Ἐν

455 5461 643 5542 ὕμνοις
670 5459 874 5530 ψαλμοὶ
911 5479 929 5509 ι
962 5460 1206 5528 λέγονται
1231 5476 1244 5490 ·
1270 5459 1319 5512 οἱ
1341 5458 1397 5511 δὲ
1423 5459 1479 5510 ἐν
1509 5455 1586 5527 τῷ
1613 5455 1847 5528 δευτέρῳ
1876 5455 2031 5526 μέρει

451 5553 547 5622 τῆς
578 5551 758 5622 βίϐλου
786 5554 933 5623 τρεῖς
966 5571 984 5602 ι
1008 5552 1096 5605 Ἐν
1129 5551 1318 5621 ὕμνοις
1353 5569 1370 5600 ι
1419 5550 1812 5622 ἐπιγράφονται
1846 5547 2027 5617 μόνον,

451 5644 479 5694 ὁ
508 5635 608 5712 νγ’,
643 5643 738 5697 καὶ
769 5646 799 5698 ὁ
821 5644 913 5709 νδ’,
942 5645 1033 5699 καὶ
1053 5647 1080 5698 6
1109 5643 1249 5714 μετά
1272 5645 1476 5714 χεῖρας.
1535 5642 1594 5696 Ol
1625 5640 1723 5711 μὲν
1747 5636 1840 5695 οὖν
1873 5659 1892 5692 ι
1939 5639 2028 5694 Ἐν

534 5801 572 5834 ⁹¹
609 5800 807 5874 Philip.
845 5817 918 5868 tv,
957 5801 1041 5859 l5.
1123 5803 1164 5834 ³⁸
1205 5802 1224 5857 Ι
1262 5799 1390 5856 Cor.
1428 5815 1530 5867 xv,
1557 5800 1648 5858 10.

2133 4623 2353 4693 ptiones
2413 4621 2710 4687 dicuntur,
2775 4629 3176 4692 consequenter
3246 4619 3410 4690 positi
3473 4633 3704 4673 numero

2129 4714 2408 4784 quinque,
2449 4713 2505 4767 in
2554 4729 2644 4768 th
2702 4712 2983 4769 desinunt.
3031 4711 3171 4766 Sunt
3245 4719 3429 4766 autem
3471 4725 3700 4774 omnes,

2133 4809 2226 4877 qui
2273 4807 2591 4878 hujusmodi
2641 4807 2802 4862 titulo
2851 4805 3252 4865 inscribuntur,
3302 4817 3532 4857 numero
3562 4817 3700 4868 sex;

2133 4917 2328 4970 nempe
2371 4901 2466 4972 qui
2493 4900 2606 4971 jam
2639 4900 2928 4957 memorati
2970 4904 3138 4959 sunt,
3169 4903 3224 4950 et
3267 4894 3514 4950 decimus
3541 4895 3706 4966 quiu-

2135 5004 2257 5058 tus,
2312 4993 2369 5047 in
2419 4995 2594 5063 prima
2641 5003 2793 5062 parte
2840 4991 2964 5045 libri
3001 4989 3345 5044 Psalmorum
3397 4990 3558 5045 situs.
3605 4988 3706 5041 Hic

2132 5103 2263 5145 vero
2293 5101 2453 5156 quem
2498 5086 2616 5156 jam
2664 5093 2967 5140 tractamus
3006 5082 3274 5153 hymnus,
3306 5080 3374 5135 ad
3407 5080 3565 5134 linem
3587 5119 3602 5142 ,
3634 5079 3706 5133 ob

2132 5179 2385 5250 perutilia
2419 5178 2510 5232 illa
2552 5178 2825 5247 promissa
2849 5217 2864 5243 ,
2897 5191 3019 5247 qua:
3048 5175 3102 5229 in
3144 5173 3251 5228 ﬁne
3298 5172 3570 5236 feruntur,
3618 5185 3707 5224 re-

2135 5271 2320 5325 mittit.
2361 5268 2502 5324 Suut
2532 5277 2712 5324 autem
2746 5287 2764 5319 ι
2793 5268 2854 5322 in
2885 5268 3103 5339 hymnis
3135 5285 3156 5318 ι
3187 5264 3434 5333 inscripti
3464 5262 3706 5332 quinque

2135 5375 2404 5416 numero:
2451 5375 2685 5428 quorum
2729 5359 2840 5413 duo
2881 5358 2936 5412 in
2983 5372 3157 5427 prima
3198 5362 3351 5426 parte
3389 5352 3510 5406 libri
3540 5358 3703 5416 sunt,

2131 5462 2363 5524 quartus
2385 5468 2599 5524 nempe,
2625 5461 2678 5506 et
2707 5461 2914 5506 sextus.
2947 5449 3052 5506 Sed
3077 5450 3153 5503 illi
3176 5449 3395 5519 quidem
3425 5465 3442 5498 ι
3471 5447 3528 5500 In
3551 5445 3706 5517 hym-

2137 5547 2226 5601 nis
2257 5546 2452 5616 psalmi
2481 5563 2500 5598 ι
2531 5545 2790 5599 dicuntur
2819 5559 2834 5609 ;
2883 5542 2977 5613 qui
3019 5557 3147 5596 vero
3179 5543 3232 5595 in
3274 5538 3514 5595 secunda
3554 5547 3707 5608 parte

2139 5638 2265 5704 libri
2308 5648 2479 5704 sunt,
2522 5644 2635 5693 tres
2677 5649 2941 5703 numero,
2974 5652 2994 5686 ι
3025 5633 3083 5690 In
3117 5633 3334 5708 hymnis
3356 5651 3376 5685 ι
3406 5631 3582 5689 solum
3620 5629 3708 5691 in-
