4090 6456
446 454 551 509 577

1578 451 2078 509 COMMENTARM
2109 450 2178 507 ΙΝ
2218 449 2562 508 PSALMOS.

3601 456 3707 510 5'78

447 592 467 624 ι
514 573 645 626 Ἀπὸ
687 572 795 625 τῶν
844 571 1094 644 περάτων
1123 572 1221 645 τῆς
1253 573 1355 644 γῆς
1396 572 1530 646 πρὸς
1560 575 1619 629 σὲ
1667 574 1962 647 ἐκέκραξα.

2088 574 2447 645 _anxiaretur
2492 587 2588 628 cor
2638 586 2861 640 meum;
2894 590 2912 623 ι
2940 571 3057 628 sire
3102 571 3406 627 secundum
3459 570 3711 645 Symma-

441 664 772 737 Προστίθησι
820 666 1007 720 δὲκαὶ
1058 667 1156 737 τὴν
1201 666 1380 721 αίτίαν
1419 667 1707 737 ἐπιλέγων,
1746 688 1765 720 ι
1812 669 1898 722 Ἑν
1943 669 2021 740 τῷ

440 755 734 827 ἀκηδιάσαι
759 757 858 829 τὴν
895 758 1119 831 καρδίαν
1149 776 1248 830 μου
1270 775 1282 789 ·
1327 778 1345 810 ι
1382 759 1416 831 ἢ
1454 778 1473 811 ι
1516 762 1607 815 Ἐν
1631 762 1708 834 τῷ
1732 763 2023 835 ἀδημονεῖν

439 848 540 919 τὴν
561 849 786 921 καρδίαν
818 868 940 921 μου,
974 872 992 902 ι
1026 852 1166 905 κατά
1195 852 1285 905 τὸν
1307 852 1619 924 Σύμμαχον.
1639 854 1861 925 Ἀκηδιᾷ
1885 855 2017 928 γὰρ,

439 938 537 989 καὶ
571 937 830 1009 ἀδημονεῖ
861 940 1011 992 πᾶσα
1046 938 1296 1009 θεοφιλὴς
1327 938 1474 1010 ψυχὴ
1507 939 1585 1010 τῷ
1621 938 1811 1011 θνητῷ
1847 940 2022 994 ἐνδια-

437 1030 696 1100 τρίὸουσα
730 1030 855 1103 βίῳ·
893 1032 974 1085 διὸ
1008 1032 1099 1085 καὶ
1132 1033 1301 1103 φήσαι
1325 1030 1410 1096 ἂν,
1439 1027 1625 1102 οἶμαι·
1662 1050 1682 1084 ι
1715 1033 1835 1085 Ὀτι
1877 1034 2017 1103 ἐμα-

438 1120 643 1192 κρύνθη
674 1124 706 1193 ἡ
740 1125 1004 1194 παροικία
1039 1141 1164 1195 μου.
1192 1143 1214 1174 ο
1264 1125 1372 1177 Καὶ
1403 1125 1564 1194 ἡμεῖς
1594 1124 1643 1177 oi
1676 1124 1826 1188 ὄντες
1855 1125 1913 1178 ἐν
1938 1124 2016 1195 τῷ

439 1217 626 1287 σκήνει
662 1217 989 1289 στενάζομεν
1041 1217 1385 1291 βαρούμενοι.
1418 1219 1672 1273 Ἐστενεν
1712 1213 1805 1272 οὖν
1849 1218 1946 1273 καὶ
1988 1223 2017 1276 6

438 1311 648 1375 Παῦλος
673 1313 907 1383 ἀκηδιῶν
936 1314 1028 1366 ἐπὶ
1052 1317 1117 1386 τῇ
1146 1314 1480 1387 παρεκτάσει
1512 1313 1606 1368 τοῦ
1639 1314 1833 1386 θνητοῦ
1864 1315 2012 1387 βίου·

431 1399 514 1452 διὸ
540 1402 633 1454 καὶ
657 1403 957 1474 ἀπεκλᾴετο
988 1404 1160 1475 λέγων
1184 1422 1198 1436 ’
1233 1426 1251 1457 ι
1285 1406 1642 1478 Ταλαίπωρος
1671 1407 1780 1477 ἐγὼ
1808 1408 2016 1481 ἄνθρω-

434 1509 554 1555 πος,
588 1493 672 1556 τίς
714 1511 781 1565 με
828 1495 1050 1567 ῥύσεται
1096 1499 1159 1551 ἐκ
1207 1498 1300 1551 τοῦ
1341 1499 1595 1572 σώματος
1641 1502 1736 1556 τοῦ
1782 1502 2011 1558 θανάτου

431 1581 657 1648 τούτου;
696 1601 717 1636 ι
759 1584 978 1658 Ἀκηδιᾷ
1010 1586 1067 1639 δὲ
1121 1588 1215 1641 καὶ
1261 1589 1521 1661 ἀδημονεῖ
1557 1593 1650 1645 καὶ
1692 1591 1779 1646 διὰ
1824 1594 2012 1663 φιλαν-

430 1670 701 1743 θρωπίαν,
756 1674 817 1728 τὸ
883 1677 1086 1748 πλῆθος
1137 1679 1243 1732 τῶν
1300 1680 1690 1753 ἀπολλυμένων
1748 1683 1965 1757 θεωρῶν
1994 1702 2007 1716 ο

427 1762 614 1836 ἐπειδὴ
649 1782 669 1816 ι
706 1764 935 1820 πλατεῖα
966 1769 1060 1820 καὶ
1094 1769 1402 1843 εὐρύχωρος
1433 1774 1465 1843 ἡ
1498 1772 1616 1836 ὁδὸς
1655 1775 1689 1843 ή
1720 1775 2012 1842 ἀπάγουσα

426 1854 508 1917 εἰς
552 1855 650 1924 τὴν
697 1855 973 1911 ἀπώλειαν
997 1875 1011 1889 ο
1052 1879 1071 1911 ι
1111 1859 1285 1925 οὕτως
1331 1862 1493 1916 πάλιν
1538 1864 1567 1916 6
1611 1864 1773 1928 αὐτὸς
1823 1864 2011 1919 πενθεῖ

2126 667 2289 722 chum
2311 707 2327 734 ,
2363 686 2381 717 ι
2410 665 2551 721 Dum
2606 664 2929 734 desperaret
2984 679 3083 719 cor
3138 680 3344 720 meum.
3380 684 3399 718 ι
3434 664 3712 720 Anxiatur

2124 759 2271 814 enim
2299 768 2355 813 et
2383 756 2540 829 quasi
2574 757 2832 829 desperat
2877 756 3135 827 religiosa
3179 756 3437 826 quaelibet
3487 759 3704 819 anima,

2121 850 2249 906 dum
2275 852 2331 906 in
2354 850 2571 905 mortali
2597 850 2707 904 vita
2736 860 3024 904 versatur:
3070 863 3177 920 qua
3215 848 3285 904 de
3326 863 3490 903 causa
3529 849 3704 919 ipsam

2120 941 2307 997 dicere
2335 941 2594 1005 arbitror,
2628 959 2646 991 ι
2676 939 2817 1008 Quia
2847 939 3122 994 incolatus
3156 953 3313 994 meus
3343 939 3703 1010 prolongatus

2120 1037 2205 1087 est
2235 1031 2300 1086 ³⁸.
2332 1050 2351 1082 ι
2382 1030 2446 1086 Et
2473 1046 2576 1088 nos
2606 1046 2825 1104 quoque
2845 1030 2975 1084 dum
3003 1029 3057 1084 in
3088 1030 3192 1084 hoc
3219 1030 3580 1095 tabernaculo
3607 1037 3704 1084 su-

2121 1138 2241 1179 mus
2274 1120 2479 1188 alllicti,
2501 1123 2933 1196 ingemiscimus.
2968 1120 3366 1192 lngemiscebat
3395 1112 3523 1177 item
3554 1118 3699 1175 Pan-

2121 1215 2206 1271 lus
2234 1216 2306 1271 ob
2334 1216 2584 1272 mortalis
2612 1217 2737 1270 vitae
2767 1214 3191 1269 diuturnitatem
3222 1213 3386 1269 taedio
3414 1212 3646 1269 aﬂ’ectus
3680 1231 3695 1267 :

2117 1323 2288 1379 quare
2334 1324 2460 1362 cum
2507 1308 2765 1379 lacrymis
2796 1306 3048 1370 dicebat,
3087 1324 3106 1357 ι
3138 1305 3333 1361 Infelix
3361 1321 3464 1378 ego
3492 1305 3694 1367 homo,

2116 1400 2242 1472 quis
2270 1416 2357 1457 me
2379 1401 2632 1456 liberabit
2656 1399 2726 1454 de
2747 1415 2981 1470 corpore
3014 1399 3206 1453 mortis
3232 1397 3399 1467 hujus
3430 1398 3513 1451 ³⁷⁸3
3534 1417 3553 1451 ι
3582 1397 3698 1452 An-

2114 1491 2389 1561 gustiatur
2436 1498 2619 1545 autem
2663 1498 2719 1545 et
2759 1488 2919 1559 quasi
2962 1487 3269 1559 despondet
3310 1488 3589 1554 animum,
3621 1488 3695 1543 ob

2114 1582 2475 1638 humanitatis
2517 1596 2772 1647 sensum,
2805 1589 3011 1635 tantam
3062 1595 3295 1636 cernens
3343 1581 3692 1651 pereuntium

2114 1671 2517 1729 multitudinem
2552 1692 2566 1728 :
2615 1672 2887 1744 siquidem
2923 1691 2942 1724 ι
2974 1671 3083 1726 lata
3114 1678 3170 1726 et
3200 1671 3447 1742 spatiosa
3485 1671 3574 1727 via
3605 1676 3694 1726 est

2111 1780 2234 1836 quae
2274 1764 2427 1821 ducit
2473 1765 2542 1819 ad
2587 1765 2951 1836 perditionem
2984 1764 3050 1820 ³⁸.
3086 1782 3106 1817 ι
3140 1763 3233 1818 Sic
3275 1767 3441 1819 etiam
3481 1764 3530 1819 is
3574 1762 3693 1833 ipse

2112 1858 2318 1911 multos
2351 1858 2495 1927 luget
2525 1856 2594 1911 de
2622 1856 2825 1927 quibus
2871 1856 3090 1911 dicebat
3118 1875 3132 1912 :
3168 1874 3186 1907 ι
3220 1855 3441 1927 Lugebo
3483 1855 3689 1911 multos

426 1944 672 2012 πολλοὺς,
706 1949 831 2020 περὶ¹
877 1943 953 2005 ὧν
996 1950 1148 2021 ἔλεγε
1172 1969 1185 1982 ’
1249 1972 1267 2005 ι
1316 1953 1575 2027 Πενθήσω
1624 1955 1852 2021 πολλοὺς
1901 1956 1986 2010 τῶ·

2111 1964 2176 2004 ex
2224 1950 2290 2005 iis
2328 1950 2420 2019 qui
2453 1958 2580 2004 ante
2608 1956 3003 2019 peccaverunt,
3034 1957 3088 2004 et
3115 1963 3223 2003 non
3252 1954 3482 2019 egerunt
3511 1947 3689 2017 paeni-

426 2042 951 2113 προημαρτηκότων,
1001 2046 1094 2099 καὶ
1160 2047 1233 2119 μὴ
1294 2050 1739 2121 μετανοησάντων
1799 2051 1892 2103 ἐπὶ
1938 2054 2004 2124 τῇ

424 2127 667 2202 ἁμαρτία
699 2132 792 2185 καὶ
828 2135 1029 2207 ἀνομίᾳ.
1061 2139 1155 2190 καὶ
1188 2137 1411 2209 ἀσεϐείᾳ
1511 2139 1775 2214 ἔπραξαν.
1809 2160 1827 2192 ι
1868 2143 1927 2196 'O
1960 2143 2006 2197 δ’

422 2220 585 2284 αὐτὸς
644 2222 966 2295 ὑπεραλγῶν
1020 2228 1114 2281 καὶ
1177 2229 1543 2301 ὑπερπάσχων
1583 2233 1787 2306 ἐτέρων
1833 2234 1963 2287 ἐϐόα
1986 2250 2002 2266 ·

427 2329 448 2359 ι
484 2312 579 2376 Τίς
621 2315 855 2382 ἀσθενεῖ,
901 2319 996 2372 καὶ
1026 2321 1125 2373 οὐκ
1163 2320 1409 2388 ἀσθενῶ;
1443 2324 1537 2387 Τίς
1567 2324 2003 2393 σκανδαλίζεται,

418 2404 514 2456 καὶ
539 2407 638 2459 ούκ
671 2407 782 2478 ἐγὼ
810 2410 1121 2482 πυροῦμαι;
1159 2432 1177 2463 ι
1216 2413 1450 2485 Ὁμοίως
1479 2415 1536 2469 δὲ
1570 2418 1665 2471 καὶ
1698 2419 1748 2471 οξ
1785 2420 2002 2491 προφῆ⁸

417 2512 510 2549 ται
553 2497 644 2551 τὸν
690 2501 858 2555 πάλαι
902 2503 1241 2576 ἀπεκλᾴοντο
1275 2500 1653 2581 λαὸν,“ὤσπερ
1700 2505 1795 2564 οὖν
1837 2512 1931 2563 καὶ
1972 2512 2002 2564 6

416 2584 599 2639 Δαυῖδ.
638 2587 730 2640 Διὸ
762 2589 924 2654 αὐτὸς
969 2592 1067 2663 μὲν
1112 2593 1305 2662 ἔφευγε
1331 2595 1401 2648 τά
1449 2597 1588 2667 μέσα
1615 2600 1716 2670 τῆς
1749 2600 1872 2671 γῆς,
1906 2602 2000 2654 καὶ

414 2674 474 2726 ὲν
507 2673 694 2746 ἄκροις
730 2677 909 2731 αὐτῶν
936 2687 1218 2752 γινόμενος
1249 2684 1380 2737 ἐϐόα
1412 2686 1550 2756 πρὸς
1577 2688 1669 2741 τὸν
1699 2688 1859 2743 Θεόν’
1905 2693 2000 2745 ἐπὶ

411 2762 472 2815 δὲ
503 2766 569 2834 τῇ
595 2764 704 2817 τῶν
737 2767 946 2820 πολλῶν
976 2770 1067 2821 καὶ
1098 2770 1265 2824 αὐτοῦ
1306 2774 1401 2827 τοῦ
1432 2776 1606 2829 Σαοὺλ
1627 2777 1876 2850 ἀπωλείᾳ
1899 2783 1998 2853 τὴν

412 2853 590 2923 ψυχὴν
618 2854 796 2923 ἀλγῶν
830 2858 1155 2930 ἀπεκλᾲετο.

489 2984 509 3017 ‹
540 2967 627 3020 Ἐν
666 2968 841 3040 πέτρᾳ
878 2969 1100 3041 ὕψωσάς
1133 2990 1201 3044 με
1221 3012 1237 3038 ,
1271 2975 1349 3029 ὅτι
1376 2975 1641 3050 ὲγενήθης
1673 2978 1825 3045 ἐλπίς
1859 2999 1993 3052 μου,

411 3055 620 3128 πύργος
653 3058 834 3129 ἰσχύος
862 3062 969 3114 ἀπὸ
993 3063 1284 3133 προσώπου
1309 3068 1506 3139 ἐχθροῦ
1526 3085 1539 3100 °
1568 3089 1587 3122 ›
1622 3073 1715 3124 καὶ
1742 3072 1811 3125 τά
1840 3072 1990 3144 ἑξῆς.

411 3148 570 3202 Κατά
598 3151 696 3221 μὲν
730 3154 855 3216 τοὺς
898 3154 1316 3228 Έὸδομήκοντα,
1345 3160 1697 3232 εὐχαριστίαν
1750 3166 1991 3237 περιέχει

405 3239 436 3290 6
457 3237 629 3307 λόγος.
667 3241 853 3296 Ταῦτά
876 3261 995 3314 μοι,
1027 3248 1191 3318 φησὶν
1209 3287 1225 3312 ,
1251 3250 1494 3322 ὑπῆρξεν
1517 3252 1616 3306 ὅσα
1646 3257 1954 3327 προείρηκα
1971 3275 1984 3287 ·

405 3330 591 3404 ἐπειδὴ
621 3334 685 3387 σὺ
705 3335 865 3400 αὐτὸς
888 3339 917 3390 6
939 3337 1071 3403 θεὸς
1095 3340 1306 3413 ἐπῆράς
1333 3361 1401 3414 με
1427 3348 1519 3399 καὶ
1542 3344 1763 3416 ὖψωσας
1785 3350 1989 3422 στήσας

403 3428 464 3479 ἐν
500 3430 564 3499 τῇ
599 3427 752 3500 παρά
773 3430 856 3482 σοὶ
884 3431 1063 3503 πέτρᾳ
1086 3470 1100 3494 ,
1147 3433 1269 3504 ἥτις
1295 3435 1441 3488 ἐστὶν
1469 3437 1498 3489 6
1523 3435 1728 3508 προϊών
1765 3455 1857 3492 σου
1883 3441 1987 3495 Λό-

402 3535 528 3587 γος·
555 3521 588 3592 ἡ
618 3519 790 3593 πέτρα
824 3521 931 3595 γὰρ
963 3518 1031 3594 ἦν
1062 3525 1091 3578 6
1122 3524 1374 3595 Χριστός.
1426 3527 1576 3582 Ἐπεὶ
1612 3529 1788 3584 τοίνυν
1821 3531 1879 3585 ἐν
1906 3532 1984 3605 τῷ

400 3609 557 3680 Λόγῳ
586 3626 677 3663 σου
705 3610 923 3680 ὕψωσάς
943 3630 1008 3677 με
1039 3613 1134 3668 καὶ
1153 3614 1423 3688 μετέωρον
1446 3617 1724 3690 ἐποίησας,
1746 3620 1821 3685 ὡς
1852 3639 1985 3693 μηκ-

399 3698 482 3753 έτι
530 3705 801 3755 κατοικεῖν
830 3702 899 3757 τὰ
923 3703 1061 3774 μέσα
1091 3705 1190 3776 τῆς
1228 3707 1351 3777 γῆς,
1381 3707 1495 3761 ἀλλ’
1519 3710 1575 3763 ἐν
1600 3711 1788 3782 ἀκροις
1810 3713 1981 3785 αὐτῆς

398 3789 672 3860 γενέσθαι,
701 3792 807 3871 ἤδη
832 3792 885 3846 δὲ
914 3795 1007 3847 καὶ
1029 3793 1319 3867 ὡδήγησάς
1344 3815 1433 3868 με,
1466 3799 1606 3854 ὥστε
1631 3801 1857 3873 πλησίον
1886 3821 1979 3857 σου

398 3881 600 3951 φθάσαι
619 3900 633 3913 ο
664 3883 892 3952 γέγονάς
922 3903 980 3938 τε
1003 3884 1155 3950 ἐλπίς
1181 3905 1304 3958 μου,
1331 3889 1397 3942 δι’
1413 3890 1478 3961 ἢν
1496 3891 1687 3946 ἐλπίδα
1707 3893 1764 3946 ού
1785 3911 1979 3948 καται-

398 3971 794 4044 σχυνθήσομαι·
851 3972 987 4028 ἀλλά
1034 3974 1129 4027 καὶ
1202 3975 1413 4029 πολλῶν
1472 3979 1836 4049 ἐπικειμένων
1885 3999 1973 4051 μοι

395 4064 602 4135 νοητῶν
646 4064 856 4137 ἐχθρῶν
908 4066 1001 4121 καὶ
1049 4066 1320 4139 πολεμίων
1363 4068 1472 4124 τῶν
1513 4069 1817 4142 ζητούντων
1874 4074 1974 4145 τὴν

393 4157 567 4228 ψυχήν
600 4174 700 4228 μου
727 4196 742 4222 ,
779 4158 900 4211 ἀντὶ
927 4160 1144 4214 πάντων
1173 4160 1492 4231 ἀπήρκεσας
1522 4164 1587 4217 σὺ
1622 4164 1802 4234 μόνος,
1838 4165 1974 4236 πύρ-

398 4263 488 4315 γος
516 4247 709 4320 ὀχυρός
743 4265 833 4319 μοι
865 4249 1153 4320 γενόμενος
1174 4290 1189 4316 ,
1245 4253 1339 4306 καὶ
1387 4255 1771 4327 περιφράττων
1811 4274 1879 4328 με
1911 4260 1970 4311 ἐν

390 4339 624 4409 ἀσφαλεῖ
642 4341 740 4412 τῆς
768 4343 916 4413 παρά
939 4343 1024 4397 σοὶ⁹
1050 4346 1341 4417 σωτηρίας,
1357 4346 1434 4408 ὡς
1454 4346 1656 4422 μηδένα
1682 4347 1790 4401 τῶν
1818 4350 1968 4421 ἐμῶν

390 4428 597 4500 ἐχθρῶν
625 4431 1076 4502 ἐπιστρέφεσθαι·
1112 4434 1334 4500 είκότως
1359 4435 1564 4491 τούτων
1591 4437 1847 4492 ἀπάντων
1873 4457 1968 4493 τυ-

387 4520 531 4592 χὼν,
568 4522 652 4577 σοὶ
684 4525 810 4587 τοὺς
842 4521 1045 4594 ὕμνους
1077 4526 1416 4598 ἀναπέμπω,
1474 4529 1550 4592 ὼς
1582 4531 1836 4586 ἀπάντων
1873 4550 1963 4603 μοι

2110 2041 2334 2095 tentiam
2364 2042 2430 2094 de
2457 2047 2682 2110 peccato
2708 2050 2765 2095 et
2790 2040 3076 2110 iniquitate
3096 2046 3151 2096 et
3175 2039 3455 2109 impietate
3472 2078 3489 2105 ,
3516 2053 3684 2110 quam

2105 2140 2394 2203 gesserunt
2417 2131 2483 2186 ”.
2513 2152 2532 2185 ι
2555 2132 2701 2186 Idem
2730 2146 2952 2202 quoque
2977 2147 3077 2202 pro
3105 2132 3228 2187 aliis
3258 2148 3427 2203 supra
3458 2132 3685 2187 modum

2103 2224 2295 2294 lugens
2335 2231 2387 2278 et
2432 2223 2667 2279 aﬂlictus
2703 2223 3014 2278 clamabat:
3042 2242 3060 2275 ι
3087 2222 3224 2290 Quis
3260 2223 3597 2287 infirmatur,
3627 2233 3684 2280 et

2102 2329 2204 2386 ego
2245 2330 2352 2369 non
2395 2315 2643 2370 inllrmor
2669 2315 2693 2369 ἶ)
2721 2314 2857 2382 Quis
2886 2315 3327 2381 scandalizatur,
3354 2323 3410 2372 et
3438 2331 3541 2388 ego
3571 2331 3683 2372 non

2102 2423 2235 2462 uror
2255 2408 2337 2462 ‘°?
2361 2427 2379 2459 ι
2403 2407 2666 2464 Similiter
2694 2408 2972 2478 prophetat
2997 2408 3291 2479 pristinum
3326 2408 3478 2464 illum
3513 2425 3685 2480 popu-

2100 2501 2212 2555 lum
2243 2500 2604 2571 deplorabant
2629 2538 2645 2564 ,
2673 2498 3141 2569 quemadmodum
3172 2508 3230 2555 et
3268 2499 3462 2555 David.
3497 2500 3684 2567 Quare

2102 2592 2221 2661 ipse
2246 2591 2469 2662 quidem
2500 2590 2569 2646 de
2595 2591 2780 2645 medio
2809 2597 2974 2645 terrae.
3002 2590 3277 2662 fugiebat,
3310 2606 3376 2646 ac
3404 2593 3463 2647 in
3490 2602 3678 2650 extre-

2100 2683 2206 2737 mis
2247 2682 2369 2752 ejus
2410 2681 2662 2751 partibus
2690 2681 3029 2736 constitutus
3057 2682 3331 2736 clamabat
3367 2682 3435 2737 ad
3467 2682 3675 2748 Deum,

2098 2781 2153 2827 et
2188 2772 2256 2827 de
2291 2773 2588 2827 multorum
2630 2772 2808 2842 deque
2850 2769 3033 2827 Saulis
3074 2774 3319 2843 pernicie
3358 2775 3545 2832 animo
3593 2776 3677 2830 lu-

2096 2878 2229 2934 gens
2258 2864 2527 2935 lacrymas
2569 2863 2851 2919 fundebat.

2166 2974 2337 3030 Vens.
2370 2977 2426 3041 4,
2460 2976 2514 3032 5.
2557 2995 2576 3028 ι
2612 2976 2669 3030 1η
2714 2986 2866 3047 petra
2907 2976 3161 3031 exaltasti
3190 2992 3298 3042 me,
3327 2977 3453 3049 quia
3488 2976 3670 3036 factus

2095 3082 2154 3122 es
2180 3081 2306 3136 spes
2343 3082 2483 3129 mea,
2517 3068 2686 3122 turris
2743 3067 3086 3122 fortitudinis
3130 3081 3160 3121 a
3204 3067 3346 3124 facie
3371 3069 3602 3132 inimici.
3642 3088 3664 3123 ι

2092 3165 2147 3214 et
2184 3170 2399 3214 cetera.
2454 3157 2765 3215 Secundum
2822 3158 2964 3213 LXX
3001 3159 3329 3231 lnlerpretes
3367 3162 3666 3232 gratiarum

2092 3250 2360 3305 actionem
2394 3266 2575 3306 sermo
2601 3251 2999 3321 complectitur.
3037 3250 3183 3315 Haec,
3215 3253 3411 3323 inquit,
3435 3267 3557 3324 quae
3571 3268 3667 3309 su-

2092 3359 2187 3413 pra
2223 3343 2355 3405 dixi,
2384 3344 2516 3398 mihi
2570 3342 2831 3413 aderant;
2863 3345 2992 3416 quia
3035 3352 3093 3400 tu
3125 3347 3242 3416 ipse
3275 3344 3416 3401 Deus
3438 3345 3664 3402 elevain

2086 3442 2141 3491 et
2175 3435 2455 3501 exaltasti,
2488 3449 2552 3489 ae
2576 3434 2630 3489 in
2668 3443 2820 3505 petra
2865 3438 2978 3498 illa.
3011 3452 3134 3507 quae
3165 3437 3306 3507 apud
3333 3444 3387 3493 te
3415 3444 3518 3501 est,
3549 3444 3665 3491 sta.

2084 3527 2236 3583 tuisti
2267 3543 2375 3591 me,
2407 3543 2530 3599 qua:
2546 3539 2627 3584 est
2661 3526 2892 3583 Verbum
2927 3529 3026 3584 abs
3054 3537 3108 3583 te
3141 3528 3477 3599 procedens:
3500 3546 3520 3578 σ
3554 3524 3662 3583 Pe.

2084 3630 2167 3676 tra
2209 3640 2228 3673 ι
2264 3621 2410 3676 enim
2436 3639 2455 3672 ι
2494 3626 2611 3675 erat
2638 3617 2893 3676 Christus
2927 3620 2994 3672 δι.
3025 3639 3045 3672 ι
3081 3619 3218 3687 Quia
3251 3621 3417 3690 igitur
3442 3620 3498 3674 in
3524 3618 3664 3675 Ver-

2084 3710 2154 3766 bo
2184 3718 2279 3765 tuo
2307 3710 2562 3766 exaltasti
2592 3716 2646 3765 et
2680 3709 2967 3765 sublimem
3002 3707 3178 3764 fecisti
3205 3723 3330 3775 me;
3361 3708 3434 3763 ita
3467 3714 3525 3762 ut
3546 3722 3656 3763 non

2081 3803 2223 3857 ultra
2260 3802 2314 3856 in
2351 3801 2531 3855 medio
2561 3808 2720 3855 terra:
2773 3801 3030 3863 habitem.
3065 3802 3158 3856 sed
3210 3801 3265 3855 in
3295 3801 3659 3856 extremitati-

2079 3895 2184 3950 bus
2210 3893 2331 3963 ejus
2367 3893 2704 3959 consistam;
2737 3891 2960 3962 jamque
2986 3892 3261 3950 deduxisti
3296 3908 3403 3957 me,
3437 3900 3498 3946 ut
3529 3907 3656 3964 pro-

2078 3993 2227 4056 pete
2277 3983 2619 4050 accederem,
2654 3983 2832 4040 factus
2883 4001 2944 4040 es
2973 4001 3099 4055 spes
3158 4001 3299 4048 mea.
3332 3987 3491 4056 cujus
3534 3970 3652 4058 spei

2073 4091 2241 4133 causa
2267 4091 2376 4130 non
2408 4073 2714 4129 confundar
2746 4094 2759 4128 :
2793 4074 2889 4130 sed
2948 4075 3112 4129 etiam
3173 4077 3363 4133 multis
3393 4078 3650 4133 instanti-

2072 4168 2176 4224 bus
2208 4168 2340 4222 mihi
2392 4166 2771 4237 spiritualibus
2801 4165 3044 4221 inimicis
3092 4174 3145 4222 et
3193 4166 3467 4232 hostibus,
3499 4184 3649 4240 qua-

2073 4260 2318 4315 rentibus
2358 4259 2596 4312 animam
2642 4270 2857 4325 meam;
2887 4256 3062 4311 instar
3094 4258 3336 4312 omnium
3371 4260 3504 4315 mihi
3540 4260 3647 4316 fui-

2070 4356 2140 4409 sti
2171 4372 2183 4408 :
2212 4359 2381 4423 tuque
2408 4349 2561 4404 solus
2588 4348 2721 4404 mibi
2743 4348 2913 4404 turris
2942 4347 3246 4405 fortissima
3278 4348 3506 4408 eﬂ‘ectus
3533 4354 3645 4408 cir-

2067 4441 2422 4498 cummunisti
2458 4456 2566 4505 me,
2597 4449 2651 4496 et
2696 4440 2753 4494 in
2804 4439 2976 4495 tutela
3015 4440 3231 4499 salutis.
3254 4456 3376 4511 quae
3420 4442 3564 4513 apud
3588 4450 3643 4500 te

2065 4544 2168 4597 est,
2203 4532 2477 4605 posuisti;
2510 4541 2570 4585 ut
2594 4531 2807 4585 nullum
2836 4531 2949 4600 jam
2996 4530 3346 4587 inimicorum
3391 4547 3638 4590 meorum

386 4615 494 4668 τῶν
516 4615 736 4686 ἀγαθῶν
766 4617 1040 4689 γενομένῳ
1060 4620 1236 4691 αἰτίῳ.
1284 4620 1503 4676 Ἀντὶδὲ
1524 4621 1650 4689 τοῦ,
1686 4642 1705 4675 ι
1747 4625 1834 4677 Ἐν
1864 4625 1962 4679 πέ-

2088 4624 2412 4679 ἐΐοι-ηιῑάεηι
2450 4641 2463 4678 :
2497 4622 2612 4678 haec
2644 4622 2831 4677 omnia
2878 4631 3096 4687 nactus.
3133 4623 3229 4678 tibi
3280 4631 3342 4679 ut
3393 4625 3637 4680 omnium

385 4726 490 4779 cp;
521 4708 742 4778 ὕψωσάς
774 4727 862 4781 με,
888 4729 907 4763 ι
947 4712 1041 4765 καὶ
1072 4711 1178 4765 τῶν
1211 4712 1358 4785 ἑξῆς,
1389 4715 1420 4767 6
1451 4715 1744 4788 Σύμμαχος
1774 4717 1958 4791 ἓτερον

384 4800 632 4854 ἀπέδωκε
660 4801 784 4855 νοῦν
815 4801 985 4856 εἰπών
1007 4819 1021 4833 ·
1058 4822 1076 4855 ι
1104 4804 1271 4858 Ὅταν
1322 4807 1539 4878 στερεὸς
1568 4808 1957 4880 κατεπαίρεταί

384 4904 510 4957 μου,
541 4889 824 4962 ὁδηγήσεις
854 4908 941 4961 με.
987 4891 1205 4960 Ἐγένου
1233 4894 1341 4966 γὰρ
1361 4894 1560 4965 ἀφοὸία
1585 4915 1710 4968 μου,
1749 4898 1957 4970 πύργος

381 4978 582 5049 ὑψηλὸς
606 4980 714 5034 ἀπὸ
733 4983 1020 5051 προσώπου
1047 4983 1264 5055 ἐχθροῦο
1290 5005 1311 5037 ι
1331 4986 1425 5040 καὶ
1448 4990 1478 5041 6
1508 4987 1737 5052 Ἀκύλας
1759 4990 1958 5059 ὁμοίως

379 5070 470 5124 τὸν
499 5071 661 5125 αὐτὸν
687 5074 935 5128 ἀπέδωκε
950 5076 1075 5130 νοῦν
1100 5077 1271 5131 εἰπών
1289 5093 1304 5107 °
1326 5096 1346 5130 ι
1379 5078 1466 5134 Ἑν
1493 5080 1696 5153 στερεῷ
1713 5080 1955 5153 ὑψώθητι

380 5164 509 5235 παρ’
535 5164 670 5235 ἐμὲ,
699 5165 1091 5239 καθοδηγήσεις
1121 5187 1212 5241 με,
1243 5189 1263 5223 ι
1296 5171 1392 5225 καὶ
1415 5171 1484 5226 τά
1510 5171 1657 5241 ἑξῆς.
1701 5174 1951 5229 Διδάσκει

375 5251 433 5306 δὲ
456 5255 603 5325 ἡμᾶς
627 5256 723 5310 διὰ·
746 5257 948 5312 τούτων
993 5262 1022 5314 6
1065 5260 1222 5331 λόγος
1255 5262 1458 5335 μηδένα
1481 5262 1590 5319 τῶν
1620 5279 1948 5336 κατεπαιρο-

380 5347 554 5418 μένων
598 5351 756 5422 ήμῶν
798 5353 1248 5424 ἐπιστρέφεσθαι,
1301 5355 1453 5420 ὅλους
1481 5356 1539 5410 δὲ
1569 5356 1822 5425 γενέσθαι
1851 5355 1945 5410 τοῦ

375 5428 530 5506 θεοῦ,
564 5442 651 5495 ἐπ’
681 5442 829 5513 αὐτῷ
873 5434 1402 5517 μόνῳθαρσοῦντας.
1466 5447 1527 5500 '0
1555 5445 1683 5517 γοῦν
1715 5446 1944 5517 ἀγαθαῖς

377 5531 586 5587 ἐλπίσιν
600 5533 998 5605 ἐφωδιασμένος
1021 5575 1036 5600 ,
1062 5536 1264 5590 καὶτὸν
1282 5537 1414 5591 Θεὸν
1435 5538 1774 5611 κτησάμενος
1807 5540 1945 5611 πύρ-

373 5636 469 5691 τον
498 5624 697 5696 ἰσχύος,
720 5624 777 5697 ἢ,
794 5626 936 5681 κατά
956 5626 1044 5681 τὸν
1077 5626 1324 5694 Ἀκύλαν,
1353 5646 1372 5679 ε
1400 5627 1608 5701 πύργον
1627 5628 1858 5701 κράτους
1877 5645 1892 5660 ο
1918 5647 1937 5681 ι

446 5800 491 5872 ⁸-⁸
526 5799 673 5857 Psal.
740 5820 897 5868 εχιτ,
934 5803 989 5860 5.
1065 5805 1109 5838 ³⁷
1150 5805 1308 5861 Rom.
1359 5822 1472 5872 vn,
1521 5806 1612 5863 24.
1678 5762 1737 5839 ’³⁸
1775 5807 1968 5862 Matth.

374 5870 417 5903 ⁸⁸
458 5869 481 5927 Ι
510 5872 636 5928 Cor.
672 5890 736 5938 κ,
768 5877 821 5930 Ii.

2065 4716 2197 4771 mihi
2258 4714 2528 4770 bonorum
2576 4713 2827 4779 Auctori,
2880 4712 3113 4786 hymnos
3144 4715 3355 4769 emitto.
3406 4713 3513 4769 Pro
3543 4716 3637 4770 illo

2064 4818 2243 4862 autem
2280 4824 2292 4860 :
2329 4824 2348 4857 ι
2392 4806 2451 4859 In
2479 4812 2630 4875 petra
2661 4803 2915 4859 exaltasti
2943 4819 3051 4868 me,
3086 4822 3105 4855 ι
3131 4810 3264 4867 etc.,
3287 4803 3449 4857 aliam
3485 4801 3637 4875 Sym-

2064 4896 2290 4950 machus
2320 4894 2645 4951 sententiam
2682 4893 2875 4950 extulit
2913 4892 3000 4949 his
3034 4895 3213 4950 verbis
3241 4912 3255 4948 :
3285 4911 3304 4945 ι
3350 4893 3485 4949 Cum
3520 4894 3634 4948 for-

2061 4985 2133 5041 tis
2155 4987 2399 5057 insurget
2425 4986 2715 5041 adversum
2743 4996 2851 5047 me,
2883 4981 3123 5038 deduces
3146 4998 3251 5039 me.
3276 4981 3447 5039 Fuisti
3481 4985 3629 5040 enim

2062 5083 2330 5136 securitas
2384 5094 2525 5143 mea,
2560 5078 2733 5133 turris
2781 5077 2997 5132 excelsa
3044 5090 3075 5130 a
3132 5074 3273 5132 facie
3313 5075 3522 5131 inimici
3555 5094 3569 5130 :
3600 5096 3623 5129 ι

2057 5169 2251 5241 Aquila
2285 5171 2412 5225 item
2445 5170 2634 5225 eadem
2666 5175 2938 5226 sententia
2985 5167 3372 5237 interpretatus
3405 5175 3493 5223 est
3520 5167 3626 5223 hoc

2059 5264 2225 5318 modo
2260 5281 2273 5317 :
2304 5281 2324 5314 ι
2352 5261 2407 5316 In
2440 5262 2596 5316 ﬁrmo
2621 5261 2862 5317 exaltare
2880 5259 3021 5330 apud
3049 5271 3155 5323 me,
3184 5258 3422 5315 deduces
3445 5272 3553 5323 me,
3596 5278 3623 5312 ι

2052 5362 2162 5412 etc.
2190 5353 2288 5410 His
2312 5368 2476 5425 porro
2495 5353 2757 5409 docemur
2790 5353 3061 5407 neminem
3082 5358 3145 5406 ut
3178 5349 3618 5407 adversariorum

2051 5444 2503 5509 rel‘ormidemus,
2538 5443 2634 5500 sed
2677 5457 2780 5498 nos
2820 5440 2931 5497 Deo
2975 5442 3200 5519 penitus
3228 5446 3531 5509 tradamus,
3559 5445 3619 5499 in

2048 5537 2168 5608 ipso
2223 5534 2343 5593 solo
2388 5528 2744 5589 conﬁdentes.
2790 5530 2895 5600 Qui
2928 5546 3060 5602 ergo
3090 5532 3231 5588 bona
3267 5547 3366 5604 spe
3405 5534 3619 5590 instrua

2046 5639 2205 5694 etus,
2247 5626 2416 5684 Deum
2481 5628 2536 5682 in
2594 5628 2789 5681 turrim
2830 5625 3169 5683 lortitudinis
3227 5627 3429 5697 habet;
3467 5628 3607 5696 sive,

2009 5824 2119 5872 vn,
2166 5808 2250 5863 15.
2327 5807 2372 5841 ⁸⁸
2410 5806 2454 5862 ιι
2487 5805 2615 5863 Cor.
2679 5818 2795 5871 xu,
2854 5804 2946 5859 21.
3022 5805 3069 5839 ’⁸⁸
3107 5805 3150 5862 ll
3185 5805 3311 5864 Cor.
3368 5823 3455 5875 ιι,
3508 5805 3601 5864 29.
