4090 6372
473 347 579 404 579

1176 355 1446 412 EUSEBll
1487 357 1968 415 CIESARIENSIS
2000 359 2148 416 OPP.
2192 361 2371 415 PARS
2430 363 2515 417 lll.
2547 393 2616 403 —
2657 359 3073 418 EXEbETlCA.

3603 373 3709 428 560

463 465 764 520 secundum
796 465 1068 535 Aquilam,
1100 487 1119 519 ‹
1158 469 1350 524 turrim
1384 472 1632 537 roboris;
1666 491 1685 524 ι
1712 483 1802 527 aut
1835 488 2001 529 secun

2132 475 2163 546 ἦ
2187 515 2200 536 ,
2241 494 2259 527 ι
2287 476 2493 546 πύργον
2521 475 2714 548 όχυρὸν
2739 517 2752 540 ,
2781 498 2798 529 ι
2851 480 2990 533 κατά
3040 481 3132 534 τὸν
3163 481 3457 553 Σύμμαχον
3477 501 3491 515 ·
3560 487 3706 559 ἐρεῖ·

460 555 589 610 dum
649 555 1060 628 Symmachum,
1103 577 1122 610 ‹
1170 562 1367 615 turrim
1425 566 1722 627 munitam;
1753 585 1771 616 ι
1818 565 1886 628 is,
1942 565 2029 619 in-

459 663 643 717 quam,
675 647 819 702 dicet
853 669 864 702 :
898 667 916 698 I
952 650 1276 706 Inhabitabo
1322 654 1377 707 in
1435 655 1788 709 tabernaculo
1839 665 1933 710 tuo
1979 659 2030 710 in

459 741 684 802 szecula,
717 749 972 811 protegar
1014 743 1068 796 in
1121 745 1425 800 velamento
1483 748 1693 800 alarum
1737 758 1970 805 tuarum.
2007 770 2025 803 ι

463 828 652 898 Neque
716 835 883 898 enim,
921 833 1015 898 ait,
1058 835 1113 888 in
1167 851 1254 890 me
1315 836 1606 900 conﬁdam,
1648 837 1742 892 sed
1778 838 1832 892 in
1885 842 2032 893 vela-

462 931 646 975 mento
671 924 878 977 alarum
907 934 1145 980 tuarum.
1193 925 1268 980 Ita
1319 943 1484 997 porro
1517 944 1714 985 vocare
1746 930 2028 1002 Scriptura

457 1017 594 1069 solet
641 1016 870 1070 virtutes
901 1017 992 1071 Dei
1024 1019 1380 1086 providentiae
1417 1020 1796 1087 administras,
1829 1025 2028 1096 quibus

455 1105 728 1174 obtegitur
775 1107 1062 1177 religiosus
1115 1109 1301 1172 homo,
1339 1111 1433 1179 qui
1489 1125 1520 1164 a
1578 1117 1883 1168 velamento
1934 1114 2028 1169 Dei

453 1211 730 1266 nunquam
766 1200 993 1260 recedit,
1023 1201 1117 1254 sed
1152 1199 1295 1254 intra
1327 1202 1504 1271 ipsum
1559 1201 1612 1256 in
1643 1206 1900 1259 sarculum
1929 1207 2027 1260 ha-

451 1285 588 1339 bitat
616 1307 628 1340 :
661 1289 886 1359 jamque
932 1290 1175 1346 Ecclesia
1207 1293 1327 1361 ejus
1361 1301 1415 1348 et
1467 1294 1665 1349 decore
1687 1297 1883 1352 domus
1908 1299 2026 1366 ejus

452 1377 672 1443 fruitur,
702 1390 760 1432 ut
789 1381 936 1435 dicat
961 1401 976 1436 :
1014 1401 1031 1432 ι
1069 1382 1315 1446 Domine,
1341 1385 1505 1440 dilexi
1553 1387 1805 1442 decorem
1831 1388 2025 1446 domus

450 1477 575 1530 tuac,
627 1478 682 1525 et
741 1473 921 1526 locum
959 1474 1318 1530 habitationis
1352 1478 1534 1547 gloria:
1581 1486 1686 1533 tua:
1732 1480 1811 1546 ⁸²;
1846 1500 1864 1533 ι
1924 1490 2020 1535 et:

455 1577 474 1609 ς
521 1559 693 1614 Unam
722 1565 851 1632 petii
886 1582 915 1620 a
953 1565 1203 1631 Domino,
1244 1568 1384 1624 hanc
1442 1571 1735 1639 requiram,
1772 1578 1830 1625 ut
1874 1573 2026 1627 inha-

448 1650 612 1707 bitem
645 1655 700 1708 in
734 1657 896 1710 domo
928 1657 1143 1713 Domini
1189 1661 1445 1716 omnibus
1477 1661 1670 1717 diebus
1697 1663 1821 1717 vitae
1846 1679 1978 1719 meae
2006 1688 2018 1721 :

449 1750 507 1794 ut
545 1744 754 1798 videam
779 1748 1115 1818 voluptatem
1149 1749 1362 1805 Domini
1388 1790 1404 1814 ,
1436 1760 1490 1806 et
1515 1752 1730 1808 visitem
1757 1754 2018 1823 templum

2140 585 2157 614 ι
2184 567 2511 638 Παροικήσω
2538 570 2595 620 ἐν
2619 568 2695 640 τῷ
2725 570 3041 642 σκηνώματι
3071 591 3163 626 σου
3195 576 3274 638 είς
3305 579 3431 641 τούς
3464 579 3666 646 αἰῶνας
3689 600 3704 614 ·

2135 657 2585 728 σκεπασθήσομαι
2618 662 2674 713 ἐν
2703 663 2766 730 τῇ
2798 661 2971 734 σκέπῃ
3000 662 3108 716 τῶν
3135 665 3423 735 πτερύγων
3455 686 3548 722 σου
3587 691 3604 723 I
3631 674 3705 726 Οὐ

2131 750 2235 820 γὰρ
2271 751 2354 802 ἐπ’
2387 750 2605 820 ἐμαυτῷ
2630 792 2644 814 ,
2695 755 2856 822 φησὶν
2882 795 2895 817 ,
2933 756 3287 828 εὐθαρσήοω,
3340 760 3454 814 ἀλλ’
3504 764 3595 816 ἐπὶ
3638 771 3703 838 τῇ

2133 840 2308 912 σκέπῃ
2354 840 2458 894 τῶν
2512 842 2617 894 σῶν
2667 844 2969 916 πτερύγων.
3024 848 3178 902 Οὕτω
3209 851 3264 903 δὲ
3299 852 3481 906 καλεῖν
3515 855 3704 910 εἰωθεν

2129 930 2156 981 6
2188 930 2358 997 Λόγος
2384 931 2482 994 τὰς
2516 935 2873 1004 πῳνοητικάς
2900 936 2992 988 τοῦ
3026 937 3158 992 Θεοῦ
3189 941 3446 1012 δυνάμεις
3469 985 3483 1008 ,
3521 946 3608 1013 ὐφ’
3637 948 3704 1011 ἃς

2130 1022 2455 1085 σκεπάζεται
2503 1026 2532 1077 6
2564 1023 2847 1097 θεοφιλὴς,
2907 1029 3172 1098 μηδέποτε
3201 1033 3300 1102 τῆς
3335 1035 3540 1105 σκέπης
3572 1038 3704 1090 ἁνα-

2128 1111 2316 1180 χωρῶν
2349 1112 2442 1165 τοῦ
2474 1113 2629 1177 Θεοῦ,
2663 1115 2796 1168 ἀλλά
2827 1117 2892 1168 δι’
2922 1119 3115 1183 αἰῶνος
3154 1121 3299 1176 ἔνδον
3333 1128 3390 1181 ἐν
3409 1130 3543 1202 αὐτῇ
3572 1149 3703 1185 κατ-

2126 1201 2316 1255 οικῶν·
2346 1204 2438 1256 καὶ
2467 1205 2564 1276 ήδη
2611 1207 2708 1276 μὲν
2734 1207 3017 1262 ἀπολαύων
3062 1210 3160 1282 τῆς
3189 1215 3510 1288 Ἐκκλησίας
3537 1223 3700 1278 αὐτοῦ

2127 1294 2220 1345 καὶ
2265 1293 2364 1362 τῆς
2396 1295 2724 1366 εὐπρεπείας
2757 1298 2846 1352 τοῦ
2877 1301 3024 1353 οίκου
3054 1303 3249 1370 αὐτοῦ,
3301 1308 3440 1363 ὥστε
3489 1313 3697 1382 λέγειν·

2131 1402 2147 1433 ι
2175 1384 2364 1456 Κύριε,
2383 1387 2641 1458 ἠγάπησα
2664 1389 2995 1461 εὐπρέπειαν
3015 1393 3162 1446 οἴκου
3196 1413 3288 1450 σου
3335 1418 3352 1450 I
3386 1403 3478 1456 καὶ
3508 1406 3700 1462 «τόπον

2126 1470 2478 1548 σκηνώματος
2509 1481 2606 1551 τῆς
2632 1480 2789 1553 δόξης
2820 1500 2941 1536 σου·
2968 1503 2986 1534 ι
3022 1486 3144 1550 καὶ,
3183 1508 3200 1539 ι
3230 1491 3375 1545 Μίαν
3409 1495 3699 1572 ᾐτησάμην

2123 1568 2274 1641 παρά
2303 1571 2503 1642 Κυρίου
2526 1611 2540 1635 ,
2590 1571 2792 1644 ταύτην
2823 1573 3074 1646 ζητήσω,
3115 1578 3191 1631 ⁴ἰτὸ
3241 1588 3514 1638 κατοικεῖν
3545 1606 3610 1658 με
3640 1592 3698 1642 ἐν

2120 1661 2252 1732 οτκῳ
2283 1663 2486 1734 Κυρίου
2522 1665 2700 1728 πάσας
2733 1666 2830 1730 τάς
2863 1668 3073 1740 ἡμέρας
3104 1673 3201 1742 τῆς
3231 1671 3376 1745 ζωῆς
3413 1695 3514 1747 μου
3537 1696 3549 1708 ·
3600 1681 3695 1734 τοῦ

2127 1751 2348 1824 θεωρεῖν
2377 1771 2442 1824 με
2474 1755 2570 1824 τὴν
2592 1757 2928 1829 τερπνότητα
2948 1760 3041 1813 τοῦ
3063 1763 3269 1834 Κυρίου
3287 1805 3302 1828 ,
3345 1770 3437 1821 καὶ
3478 1771 3698 1827 ἐπισκέ-

445 1833 566 1901 ejus
594 1835 656 1890 ⁸³.
698 1856 716 1888 I
745 1837 901 1903 Quod
942 1843 986 1896 si
1020 1841 1429 1896 tabernaculum
1481 1851 1567 1899 est
1595 1845 1837 1909 celeste,
1872 1847 2005 1916 quod

2119 1844 2345 1898 πτεσθαι
2373 1845 2463 1898 τὸν
2496 1847 2620 1900 ναὸν
2647 1847 2830 1905 αὐτοῦ.
2859 1869 2876 1900 I
2911 1851 2972 1904 El
3004 1853 3060 1906 δέ
3089 1833 3204 1907 ἐστι
3249 1859 3340 1910 καὶ
3375 1860 3696 1935 ἐπουράνιος

445 1922 563 1976 ﬁxtt
623 1924 904 1990 Dominus,
955 1945 1064 1984 non
1127 1932 1313 1996 homo,
1346 1934 1413 1987 ad
1469 1933 1626 2003 cujus
1686 1937 2014 2006 exemplum,

437 2012 632 2082 jussus
662 2017 874 2089 Moyses
909 2022 1055 2076 aliud
1087 2023 1387 2078 fabricatus
1441 2034 1548 2089 est,
1597 2026 1664 2081 ad
1698 2027 1832 2081 illud
1886 2043 2018 2084 sane

442 2107 860 2165 tabernaculum
921 2115 1232 2179 remittens,
1267 2117 1467 2171 dixerit
1501 2137 1514 2172 :
1548 2137 1567 2169 ι
1606 2119 1926 2176 lnhabitabo
1960 2122 2017 2176 in

441 2199 804 2258 tabernaculo
843 2214 936 2258 tuo
967 2206 1023 2259 in
1053 2209 1272 2261 saecula.
1311 2227 1330 2261 ι
1360 2208 1545 2264 Talem
1575 2211 1719 2266 enim
1743 2213 2016 2282 perfectus

443 2290 610 2346 homo
640 2296 1063 2364 promissionem
1113 2300 1344 2369 accepit,
1377 2301 1604 2357 minime
1645 2315 1900 2374 spectans
1952 2322 2018 2362 ea

443 2398 568 2452 qua:
596 2386 700 2439 sub
741 2395 1096 2456 conspectum
1128 2390 1352 2454 cadunt,
1383 2391 1479 2447 sed
1526 2409 1647 2464 quae
1694 2410 1804 2450 non
1829 2396 2016 2453 viden-

440 2478 552 2524 tur.
580 2471 716 2526 ‘Nam
752 2491 874 2546 quae
903 2476 1182 2540 videntur,
1215 2486 1606 2551 temporanea;
1642 2499 1763 2554 quae
1789 2501 1900 2540 non
1933 2487 2015 2541 vi-

439 2564 659 2626 dentur,
678 2575 880 2620 aeterna
909 2575 1057 2624 sunt.

509 2653 677 2711 Vens.
710 2657 763 2711 6.
813 2675 831 2707 ι
870 2657 1142 2724 Quoniam
1178 2670 1258 2726 tu,
1295 2661 1458 2727 Deus,
1500 2665 1774 2723 exaudisti
1806 2671 2010 2725 oratio-

437 2760 537 2801 nes
565 2763 741 2811 meas,
774 2749 974 2805 dedisti
1010 2750 1382 2809 haareditatem
1443 2755 1760 2813 timentibus
1811 2773 2010 2816 nomen

2121 1936 2320 2008 σκηνή,
2369 1939 2434 2009 ἢν
2478 1937 2674 2008 ἔπηξεν
2699 1941 2726 1992 6
2755 1940 2956 2012 Κύριος
2977 1985 2990 2005 ,
3024 1948 3119 1999 καὶ
3151 1949 3251 2000 οὐκ
3276 1950 3562 2023 ἄνθρωπος
3582 1995 3596 2018 ,
3628 1949 3698 2027 ἦς

2119 2027 2216 2097 τὴν
2242 2028 2426 2081 εἰκόνα
2454 2029 2694 2099 Μωῦσῆς
2724 2034 3084 2104 προσταχθεὶς
3119 2039 3322 2105 ἐποίει,
3373 2044 3451 2106 εἰς
3481 2046 3695 2118 ἐκείνην

2116 2118 2454 2188 ἀναπέμπων
2486 2118 2583 2190 τὴν
2616 2122 2818 2193 σκηνὴν
2843 2161 2858 2186 ,
2902 2124 3046 2177 εἴποι
3079 2126 3144 2180 ἂν
3172 2130 3262 2182 τό·
3324 2150 3342 2182 ι
3368 2131 3694 2208 Παροικήσω

2115 2210 2172 2262 ἐν
2201 2211 2276 2282 τῷ
2300 2211 2615 2284 σκηνώματί
2645 2231 2737 2268 σου
2762 2217 2842 2279 εἰς
2866 2218 2991 2280 τούς
3018 2219 3237 2285 αἰῶνας.
3267 2242 3284 2275 I
3345 2225 3560 2298 Ταύτην
3584 2225 3692 2302 γὰρ

2117 2305 2309 2377 εἴληφε
2340 2307 2437 2378 τὴν
2465 2309 2793 2376 ἐπαγγελίαν
2821 2313 2848 2364 6
2879 2312 3110 2379 τέλειος,
3143 2316 3203 2367 οὐ
3236 2319 3451 2373 σκοπῶν
3478 2319 3545 2373 τά
3573 2314 3693 2390 βλε-

2115 2399 2344 2468 πόμενα,
2375 2399 2510 2452 ἀλλά
2533 2400 2604 2454 τά
2632 2403 2704 2473 μὴ
2748 2403 3083 2476 βλεπόμενα·
3135 2407 3203 2460 τὰ
3233 2409 3340 2481 γὰρ
3381 2406 3689 2484 βλεπόμενα

2114 2488 2430 2562 πρόσκαιρα
2449 2531 2464 2555 ,
2494 2491 2562 2545 τὰ
2593 2493 2649 2546 δὲ
2683 2495 2757 2566 μὴ
2788 2494 3096 2569 βλεπόμενα
3124 2499 3330 2556 αἰώνια.

2184 2683 2202 2715 I
2218 2665 2336 2718 Ὅτι
2359 2667 2444 2729 σὺ,
2462 2669 2490 2720 6
2510 2667 2660 2733 Θεὸς,
2681 2671 3004 2743 είσήκουσας
3027 2673 3135 2727 τῶν
3150 2675 3321 2747 εὐχῶν
3345 2697 3466 2749 μου,
3484 2680 3690 2745 ἔδωκας

2111 2752 2468 2828 κληρονομίαν
2499 2763 2610 2825 τοῖς
2640 2761 2990 2833 φοϐουμένοις
3019 2765 3079 2818 τὸ
3109 2767 3279 2838 ὄνομά
3305 2786 3416 2822 σου.
3445 2790 3464 2823 ›
3503 2773 3565 2824 El
3590 2767 3690 2844 μέν

435 2845 645 2896 tuum.)
671 2839 728 2895 Si
760 2843 998 2913 vulgaris
1023 2845 1268 2914 quaedam
1293 2849 1468 2904 oratio
1488 2857 1633 2904 esset
1660 2865 1744 2913 ea,
1763 2867 1883 2921 quae
1897 2853 2005 2922 jam

2109 2845 2235 2918 ψιλή
2260 2866 2343 2912 τις
2371 2845 2437 2921 ἦν
2461 2855 2737 2924 προσευχὴ
2769 2855 2873 2909 ὑπὸ
2903 2856 2996 2910 τοῦ
3027 2859 3190 2912 Δαυῒδ
3213 2839 3628 2932 ἀναπεμφθεῖσα
3653 2867 3684 2937 ἡ

437 2945 468 2983 a
500 2931 702 2988 Davide
723 2934 923 2990 emissa
953 2944 1054 3001 est,
1088 2953 1198 2992 non
1231 2954 1457 2995 necesse
1482 2956 1614 2996 sane
1661 2941 1857 2999 fuisset
1889 2961 2005 3000 eam

2113 2937 2247 3007 μετά
2272 2941 2459 3012 χεῖρας
2480 2981 2495 3004 ,
2525 2942 2672 2995 οὐδὲν
2695 2939 2762 3015 ἦν
2789 2946 3083 3015 ἀναγκαῖον
3111 2950 3282 3023 αὐτὴν
3312 2931 3686 3025 ἀναληφθῆναι

437 3022 494 3076 in
529 3025 668 3079 libro
702 3026 1046 3082 Psalmorum
1096 3033 1285 3100 reponi
1312 3051 1327 3086 :
1353 3034 1650 3090 verisimile
1699 3037 1900 3107 quippe
1928 3047 2005 3091 est

2108 3025 2174 3100 τῇ
2212 3029 2375 3101 βίϐλῳ
2406 3032 2514 3086 τῶν
2548 3034 2810 3106 Ψαλμῶν·
2860 3039 3004 3104 εἰκὸς
3039 3040 3146 3112 γὰρ
3172 3022 3331 3096 αὐτὸν
3359 3022 3686 3117 καὶήμυρίας

433 3128 561 3166 eum
599 3126 884 3171 sexcentas
925 3118 1062 3174 alias
1101 3121 1375 3176 orationes
1416 3121 1482 3175 ad
1521 3123 1686 3178 Deum
1722 3125 2005 3192 effudisse;

2113 3120 2276 3185 ἄλλας
2303 3123 2466 3194 εὐχὰς
2499 3125 2634 3195 πρὸς
2666 3126 2755 3179 τὸν
2787 3128 2918 3181 Θεὸν
2965 3133 3321 3203 πεποιῆσθαι·
3371 3136 3560 3209 ῶσπερ
3593 3135 3683 3192 οὖν

433 3207 892 3274 quemadmodum
923 3225 1023 3265 nos
1043 3227 1262 3282 quoque
1290 3213 1536 3283 quotidie
1558 3216 1834 3286 variisque
1867 3227 2003 3273 tem-

2107 3212 2198 3264 καὶ
2224 3214 2382 3284 ἡμεῖς
2433 3216 2516 3284 ἐφ’
2561 3218 2796 3290 ἑκάστης
2838 3222 3079 3294 ἡμέρας,
3129 3227 3222 3278 καὶ
3268 3229 3411 3283 κατὰ
3456 3203 3681 3302 καιροὺς

431 3297 660 3367 poribus
690 3314 1010 3369 precamur;
1042 3310 1098 3356 at
1139 3303 1268 3374 quia
1294 3305 1614 3376 plerumque
1645 3309 1773 3362 dum
1810 3325 2002 3378 prcca-

430 3397 606 3453 retur,
651 3399 745 3444 aut
797 3393 1038 3461 psalmos
1066 3394 1328 3464 pulsaret,
1355 3397 1656 3467 hymnosve
1708 3401 1997 3466 emitteret,

431 3482 751 3550 prophetica
794 3484 996 3538 virtute
1050 3485 1395 3553 replebatur;
1427 3488 1620 3542 merito
1647 3487 1758 3558 jam
1793 3506 1900 3544 non
1946 3497 2002 3544 ut

427 3571 684 3641 vulgares
713 3575 1016 3637 orationes,
1049 3576 1144 3630 sed
1175 3585 1233 3631 ut
1265 3594 1548 3634 sermones
1583 3582 1673 3636 alii
1698 3585 1999 3653 prophetici

430 3661 547 3718 hac
576 3665 1042 3735 obsignabantur;
1074 3684 1247 3739 eaque
1279 3671 1333 3724 in
1356 3671 1554 3727 divinis
1588 3673 1743 3729 libris
1771 3691 2000 3746 repone-

428 3753 584 3818 bant,
619 3757 714 3823 qui
741 3757 1095 3814 discretionis
1143 3761 1433 3830 spirituum
1491 3765 1718 3833 gratiam
1775 3781 2000 3838 accepe-

427 3853 572 3900 rant.
636 3847 728 3901 Sic
785 3863 916 3918 ergo
968 3858 1089 3919 post
1122 3851 1381 3921 praedicta
1425 3855 1610 3920 verba,
1675 3855 1998 3912 intermedio

425 3936 828 4007 diapsalmate,
889 3939 1160 4010 Pr0pheta
1216 3944 1393 3998 sancti
1453 3943 1692 4015 Spiritus
1745 3948 1997 4020 illapsum

423 4029 886 4096 animadvertens,
949 4033 1193 4104 adeoque
1249 4035 1574 4104 illustratus,
1624 4053 1750 4094 cum
1810 4049 1998 4096 nosset

422 4122 758 4191 praemissam
781 4125 851 4178 ab
884 4139 943 4179 se
963 4125 1267 4181 orationem
1300 4143 1331 4180 a
1371 4126 1481 4182 Deo
1505 4131 1818 4185 exauditam
1850 4148 1993 4199 esse,

416 4214 531 4284 jam
561 4217 920 4272 mutationem
955 4218 1224 4273 sermonis
1255 4218 1483 4274 inducit.
1507 4219 1869 4286 Quamobrem
1901 4239 1996 4278 su-

421 4305 608 4374 perius
631 4307 850 4376 quidem
879 4307 960 4362 sic
986 4309 1313 4376 precabatur
1355 4329 1368 4365 :
1406 4329 1424 4362 ι
1457 4311 1687 4376 Exaudi,
1721 4313 1884 4380 Deus,
1900 4315 1995 4369 de-

419 4399 788 4469 precationem
818 4415 1031 4469 meam;
1071 4422 1089 4454 ι
1128 4403 1218 4457 hic
1250 4419 1378 4459 vero
1407 4413 1531 4475 post
1573 4406 1875 4474 diapsalma
1908 4406 1992 4460 di-

2106 3301 2292 3355 ἅλλοτε
2324 3303 2514 3369 ἄλλους
2545 3308 2814 3379 εὐχόμεθα
2843 3311 3130 3385 διαφόρους
3150 3332 3162 3345 ·
3187 3318 3308 3370 ἐπεὶ
3336 3318 3393 3372 δὲ
3425 3301 3678 3383 πολλάκις

2103 3392 2162 3444 ὲν
2184 3392 2331 3464 αὐτῷ
2355 3394 2431 3464 τῷ
2448 3397 2871 3469 προσεύχεσθαι,
2924 3403 2956 3474 ἦ
2980 3405 3102 3468 τούς
3121 3406 3368 3478 ψαλμοὺς
3387 3411 3673 3483 ἀνακρούε-

2108 3484 2250 3548 σθαι,
2282 3487 2313 3557 ἢ
2342 3489 2468 3550 τοὺς
2498 3486 2698 3559 ὕμνους
2730 3493 3096 3565 ἀναπέμπειν,
3138 3503 3480 3572 προφητικῆς
3512 3503 3673 3576 ἐπληε

2110 3577 2265 3648 ροῦτο
2287 3579 2563 3650 δυνάμεως
2584 3599 2598 3612 ·
2622 3584 2843 3650 εἰκότως
2864 3587 3041 3642 οὐκέθ’
3062 3588 3137 3654 ὡς
3161 3591 3320 3660 ψιλὰς
3346 3597 3672 3666 προσευχὰς,

2101 3667 2291 3732 ἀλλ’ὡς
2318 3669 2508 3731 ἄλλους
2534 3673 2723 3741 λόγους
2751 3682 3119 3749 προφητικούς
3149 3683 3581 3755 ἐπεσημαίνοντο
3609 3687 3678 3743 τά

2099 3758 2396 3831 λεγόμενα,
2423 3764 2516 3816 καὶ
2545 3769 2666 3829 ταῖς
2690 3767 2860 3832 θείαις
2888 3769 3088 3838 βίϐλοις
3114 3772 3506 3842 ὲγκατέταττον
3537 3781 3586 3832 οί
3617 3778 3678 3833 τὸ

2100 3850 2344 3923 χάρισμα
2387 3855 2487 3924 τῆς
2515 3855 2835 3929 διακρίσεως
2871 3861 2979 3915 τῶν
3025 3866 3347 3934 πνευμάτων
3371 3864 3671 3939 εἰληφότες.

2100 3942 2284 4007 Οὕτως
2303 3940 2394 3999 οὖν
2417 3947 2510 3999 κοιλ⁵
2539 3949 2770 4004 ἐνταῦθα
2798 3952 2934 4022 μετὰ
2956 3954 3024 4008 τά
3045 3957 3428 4027 προλεχθέντα,
3451 3960 3676 4031 διαψάλ-

2102 4051 2272 4104 ματος
2315 4037 2518 4108 μεταξύ
2566 4042 3017 4113 παρεντεθέντος,
3088 4049 3386 4123 μεταϐολὴν
3438 4057 3672 4109 ποιεῖται

2098 4125 2192 4179 τοῦ
2213 4127 2368 4195 λόγου
2389 4131 2417 4182 6
2440 4131 2748 4204 Προφήτης,
2770 4136 3086 4208 αἰσθόμενος
3107 4140 3205 4210 τῆς
3225 4143 3317 4196 τοῦ
3339 4139 3495 4213 ἁγίου
3511 4145 3676 4200 Πνεύ-

2100 4237 2267 4290 ματος
2299 4223 2533 4290 ἀφίξεως
2557 4265 2572 4290 ,
2632 4229 2920 4294 φωτισθείς
2946 4247 3004 4283 τε
3035 4232 3127 4286 ὐπ’
3159 4234 3322 4287 αὐτοῦ
3352 4237 3444 4290 καὶ
3489 4240 3668 4306 γνοὺς,

2093 4309 2175 4363 ὅτι
2200 4312 2267 4364 τά
2290 4315 2387 4384 τῆς
2410 4315 2800 4389 προλεχθείσης
2827 4320 2975 4392 αὐτῷ
2999 4323 3232 4394 δεήσεως
3254 4327 3491 4398 ἐπηκόου
3515 4329 3669 4400 ἔτυχε

2093 4400 2187 4454 τοῦ
2216 4402 2371 4456 Θεοῦ.
2407 4405 2497 4458 Διὸ
2519 4406 2774 4478 ἀνωτέρω
2806 4407 2905 4478 μὲν
2937 4409 3227 4482 εὐχόμενος
3263 4414 3445 4485 ἔλεγε·
3489 4436 3506 4468 ι
3540 4418 3669 4470 Εἰσ-

419 4489 495 4542 cit
557 4507 572 4544 :
632 4508 650 4540 I
697 4488 967 4556 Quoniam
1019 4501 1112 4556 tu,
1161 4494 1344 4561 Deus,
1389 4497 1660 4553 exaudisti
1715 4499 1991 4554 orationes

2107 4491 2343 4556 Ξικουσον,
2362 4486 2562 4558 όΘεὸς,
2587 4494 2685 4564 τῆς
2713 4495 2950 4568 δεήσεώς
2985 4517 3104 4570 μου·
3135 4521 3151 4552 I
3188 4503 3417 4558 ἐνταῦθα
3443 4506 3500 4560 δὲ
3532 4510 3670 4577 μετά

418 4595 570 4637 meas
587 4581 652 4636 “.
670 4601 688 4633 ι
710 4581 900 4639 Viden’
940 4599 1050 4654 quo
1077 4595 1236 4656 pacto
1267 4602 1328 4642 se
1368 4588 1683 4643 exauditum
1712 4605 1836 4645 esse
1865 4605 1990 4644 sen-

2107 4584 2152 4638 τὸ
2172 4584 2446 4656 διάψαλμα
2471 4562 2689 4657 φάσκε-ι·
2713 4607 2731 4638 ι
2746 4562 2865 4644 "Q1:
2893 4562 3031 4656 σύίὸ
3049 4594 3200 4660 Θεὸς,
3216 4562 3544 4668 εἰσήκουσας
3561 4601 3668 4653 τῶν

417 4675 621 4730 tiebat?
646 4674 711 4728 Et
743 4675 874 4730 illud
903 4683 1022 4730 erat
1050 4693 1147 4748 per
1201 4677 1396 4734 Isaiam
1457 4681 1777 4750 prophetam
1807 4679 1988 4750 dignis

417 4763 731 4818 hominibus
763 4766 1092 4834 promissum
1118 4782 1148 4820 a
1178 4766 1288 4823 Deo
1317 4787 1330 4822 :
1363 4787 1381 4820 ‹
1409 4767 1604 4823 Adhuc
1635 4777 1688 4824 te
1729 4770 1987 4839 loquente

415 4854 593 4906 dicam
629 4871 643 4908 :
672 4853 810 4911 Ecce
831 4856 1023 4912 adsum
1057 4857 1123 4911 ".
1151 4878 1168 4910 ι
1203 4857 1338 4913 Nam
1370 4859 1547 4914 adhuc
1576 4860 1830 4929 loquente
1853 4858 1986 4914 Pro-

414 4945 598 5015 pheta,
633 4954 823 5003 astans
866 4948 1104 5019 Spiritus
1144 4951 1415 5006 indicebat
1446 4951 1548 5022 ipsi
1579 4952 1892 5008 exauditum
1924 4967 1983 5007 se

411 5050 558 5092 esse.
594 5037 776 5103 Quare
822 5039 900 5094 ait
931 5058 944 5096 τ
978 5060 997 5092 I
1045 5039 1312 5107 Quoniam
1367 5070 1448 5109 tu,
1497 5058 1663 5109 acus,
1711 5042 1982 5098 exaudisti

411 5131 690 5188 orationes
745 5148 916 5190 meas.
961 5152 980 5185 ›
1037 5133 1349 5205 Eademque
1396 5138 1695 5191 secundum
1746 5135 1984 5204 reliquos

411 5223 744 5295 interpretes
786 5227 1054 5281 sententia
1110 5226 1422 5282 declaratur
1457 5247 1471 5282 :
1509 5243 1636 5282 nam
1683 5225 1982 5282 secundum

410 5312 662 5381 Aquilam
702 5313 906 5368 dicitur
968 5333 984 5370 :
1044 5333 1063 5366 α
1112 5314 1380 5381 Quoniam
1430 5321 1513 5380 tu,
1573 5314 1739 5379 Deus,
1781 5314 1982 5370 audisti

407 5406 688 5462 orationes
737 5421 919 5472 meas;
960 5426 978 5458 ι
1013 5407 1316 5463 secundum
1357 5423 1487 5464 vero
1537 5406 1925 5480 Symmachum
1963 5428 1975 5464 :

411 5508 432 5540 ο
470 5489 552 5544 'l'u
581 5494 747 5555 enim,
779 5492 944 5558 Deus,
969 5497 1238 5552 exaudisti
1271 5513 1463 5567 preces
1486 5513 1656 5554 meas.
1699 5514 1718 5550 ι
1770 5496 1972 5566 Adjicit

406 5582 646 5638 deinde:
686 5605 714 5644 ι.
743 5583 944 5641 Dedisti
995 5587 1362 5646 haereditatem
1403 5589 1720 5646 timentibus
1769 5598 1966 5646 namcn

2094 4677 2269 4748 εὐχῶν
2307 4695 2425 4747 μου.
2454 4697 2472 4730 ι
2555 4680 2718 4752 Ὀρᾷς
2749 4682 2896 4746 ὅπως
2927 4683 3221 4756 συνήσθετο
3255 4689 3664 4754 εἰσακουσθείςς

2093 4769 2186 4820 καὶ
2213 4766 2356 4820 τοῦτ’
2382 4763 2450 4839 ἦν
2477 4767 2538 4822 τὸ
2558 4769 2645 4822 διά
2675 4770 2768 4823 τοῦ
2797 4774 3077 4844 προφήτου
3115 4774 3335 4830 Ἦσαῖου
3363 4782 3473 4843 τοῖς
3497 4779 3667 4847 ἀξίοις

2091 4855 2498 4930 ἐπηγγελμένον
2529 4861 2633 4914 ὐπὸ
2657 4861 2748 4915 τοῦ
2778 4863 3026 4932 λέγοντος
3047 4867 3181 4920 Θεοῦ
3200 4884 3214 4898 ·
3257 4887 3275 4921 ι
3303 4871 3423 4922 Ἔτι
3447 4871 3666 4926 λαλοῦν-

2079 4951 2170 5013 τός
2203 4967 2295 5003 σου
2341 4951 2468 5023 ἐρῶ·
2514 4952 2644 5008 Ἰδοὺ
2671 4956 2922 5027 πάρειμι·
2956 4976 2974 5008 I
3029 4957 3107 5011 ἔτι
3137 4960 3246 5032 γὰρ
3292 4961 3662 5034 φθεγγομένου

2078 5040 2172 5094 τοῦ
2222 5043 2506 5115 Προφήτου
2529 5087 2544 5111 ,
2584 5041 2645 5100 τὸ
2675 5048 2898 5119 Πνεῦμα
2929 5049 3154 5104 ἐπιστὰν
3181 5045 3242 5106 τὸ
3283 5054 3436 5122 ἅγιον
3474 5055 3661 5124 ἐδήλου

2079 5133 2248 5205 αὐτῷ,
2276 5134 2351 5198 ὡς
2373 5136 2478 5208 ἄρα
2504 5137 2880 5204 εἰσακουσθεὶς
2906 5140 3010 5210 εἰη.
3036 5141 3126 5194 Διό
3158 5159 3322 5213 φησιν
3342 5161 3356 5175 ·
3387 5145 3540 5198 ("Ott
3571 5141 3658 5211 οἳ),

2079 5225 2108 5276 6
2133 5225 2283 5291 Θεὸς,
2311 5229 2640 5301 εἰσήκουσας
2666 5229 2775 5283 τῶν
2800 5231 2974 5301 εὐχῶν
3004 5250 3128 5304 μου.
3155 5253 3174 5286 ι
3224 5235 3336 5289 Καὶ
3365 5237 3508 5290 κατά
3533 5237 3659 5302 τοὺς

2086 5315 2302 5382 λοιποὺς
2329 5318 2386 5372 δὲ
2431 5319 2769 5391 ἐρμηνευτάς
2791 5323 2825 5391 ή
2862 5321 3001 5395 αὐτὴ
3056 5323 3385 5395 παρίσταται
3411 5325 3617 5379 διάνοια
3641 5342 3655 5355 ·

2084 5409 2205 5462 ἐπεὶ
2235 5410 2373 5463 κατά
2421 5411 2510 5464 τὸν
2570 5411 2798 5466 Ἀκύλαν
2830 5412 3041 5486 εἴρηται
3062 5432 3075 5446 ·
3115 5435 3133 5467 ι
3164 5417 3282 5470 ’Ὁτι
3319 5418 3383 5472 σύ
3405 5458 3420 5482 ,
3459 5411 3504 5470 ὦ
3532 5403 3654 5481 Θεὶ,

2080 5495 2315 5569 ἤκουσας
2338 5502 2445 5554 τῶν
2463 5501 2636 5572 εὐχῶν
2664 5521 2761 5574 μου
2777 5521 2790 5535 ·
2821 5525 2839 5556 I
2863 5505 3005 5559 κατά
3019 5506 3075 5561 δὲ
3092 5506 3182 5561 τὸν
3199 5507 3512 5580 Σύμμαχον·
3538 5527 3557 5559 I
3581 5507 3655 5561 Σὺ

2077 5591 2205 5663 γάρ,
2232 5595 2261 5648 6
2291 5593 2442 5657 Θεὸς,
2473 5593 2798 5666 εἰσήκουσας
2826 5597 2934 5651 τῶν
2964 5599 3278 5671 προσευχῶν
3327 5617 3449 5672 μου.
3478 5619 3498 5652 ι
3543 5594 3660 5652 Εῐτ*

479 5763 524 5796 δ’
563 5761 709 5821 Psal.
744 5782 871 5831 xxv,
904 5766 958 5823 8.
1034 5769 1080 5800 ⁵⁸
1117 5765 1264 5824 Psal.
1301 5784 1455 5834 sxw,
1490 5769 1544 5828 ι.
1623 5773 1668 5804 ⁸⁸
1707 5770 1856 5831 Psal.
1890 5792 1988 5838 ιχ,

2153 5772 2196 5804 ⁸⁸
2239 5771 2342 5829 lsa.
2380 5788 2538 5840 LVIII,
2574 5774 2625 5828 9.
