4090 6442
407 423 510 480 581

1554 430 2063 489 COMMENTARIA
2103 431 2171 487 IN
2208 432 2548 492 PSALMOS.

3567 446 3675 502 582

410 535 649 606 ἐτι.λέγει
668 555 683 569 ·
745 559 764 591 ι
792 540 1039 605 Ἔδωκας
1080 540 1443 615 κληρονομίαν
1486 545 1600 608 τοῖς
1640 544 1976 616 φοϐουμένοις

2095 552 2270 601 tuum.
2308 566 2328 599 3
2371 546 2455 604 Me
2484 549 2686 621 quippe
2722 550 2837 620 jam
2858 552 3130 609 exaudisti
3168 571 3182 607 :
3214 567 3279 609 ac
3311 552 3451 611 bene
3481 560 3608 613 novi
3640 576 3675 617 a

414 632 468 684 16
523 631 694 703 ὄνομά
717 650 828 686 σου.
856 653 874 683 3
940 633 1104 704 Ἐμοῦ
1143 635 1240 707 μὲν
1274 634 1382 709 γὰρ
1440 637 1576 700 τέως
1624 638 1981 709 είσήκουσας·

408 724 580 791 εγνων
608 723 662 778 δέ
693 725 794 777 ὑπ’)
825 725 918 779 τοῦ
946 726 1039 779 σοῦ
1067 726 1382 797 Πνεύματος
1414 729 1701 797 φωτισθεὶς
1724 769 1739 793 ,
1773 730 1855 783 ὅτι
1887 730 1986 783 οὐκ

407 819 531 887 ἐμοὶ
550 818 714 889 μόνῳ,
734 818 866 872 ἀλλὰ
888 820 978 873 καὶ
995 821 1126 873 πᾶσι
1141 823 1253 885 τοῖς
1269 821 1433 890 φοϐου
1440 822 1618 892 μένοις
1634 822 1693 876 16
1707 823 1877 894 ὄνομά
1893 841 1983 876 σου

406 910 618 981 καρπὸν
631 911 777 977 ἄξιον
792 910 885 964 τοῦ
908 911 1000 965 σοῦ
1020 913 1181 981 φόϐου
1198 912 1411 977 δώσεις,
1428 913 1526 985 τὴν
1543 913 1903 987 κληρονομίαν
1919 918 1986 984 ἣν

406 1002 716 1073 ἐπηγγείλω
735 1004 935 1066 αὐτοῖς.
972 1004 1261 1076 Ἀορίστως
1278 1005 1334 1058 δὲ
1350 1004 1539 1072 είπὼν,
1564 1025 1582 1056 ι
1603 1008 1715 1070 τοῖς
1729 1006 1988 1077 φοϐουμέ-

405 1111 517 1157 νοις
544 1093 606 1146 16
624 1094 793 1165 ὄνομά
813 1113 905 1149 σου
925 1130 940 1160 ,
979 1116 998 1149 ›
1022 1096 1241 1166 ἦπλωσε
1263 1098 1361 1170 τὴν
1382 1098 1540 1168 χάριν
1563 1099 1655 1152 ἐπὶ
1679 1099 1988 1163 πάνταςὰν-

407 1182 679 1254 θρώπους.
702 1187 777 1238 Οὐ
799 1187 905 1258 γὰρ
929 1186 1005 1258 τῷ
1034 1183 1068 1241 Ἰ
1078 1189 1249 1260 σραὴλ
1268 1190 1603 1260 ἐπήγγελται
1618 1190 1716 1262 τὴν
1738 1192 1838 1263 κλη
1849 1209 1987 1263 ρονο-

411 1274 540 1344 μίαν
556 1314 570 1337 ,
585 1274 702 1327 οὐδὲ
721 1275 798 1346 τῷ
825 1277 1090 1332 Ἰουδαίων
1107 1278 1247 1332 ἔθνει
1265 1280 1422 1351 μόνον
1438 1320 1453 1343 ,
1473 1280 1607 1336 ἀλλὰ
1626 1282 1717 1336 καὶ
1733 1284 1864 1336 πᾶσι
1874 1286 1985 1348 τοῖς

406 1366 759 1437 φοϐουμένοις
788 1369 848 1422 16
878 1370 1045 1441 ὄνομα
1076 1372 1258 1427 αὐτοῦ.
1312 1391 1331 1423 ι
1353 1370 1591 1445 Ἰουδαίῳ
1619 1392 1679 1428 τε
1703 1374 1934 1446 πρῶτον,
1960 1395 1978 1427 3

405 1460 571 1530 φησὶν
587 1462 615 1514 6
643 1461 960 1527 Ἀπόστολος
981 1502 994 1527 ,
1024 1482 1041 1514 ι
1067 1460 1160 1518 καὶ
1190 1465 1428 1536 Ἕλληνι.
1452 1486 1471 1518 3
1496 1466 1762 1532 Πολλάκις
1783 1467 1838 1521 δὲ
1853 1471 1983 1539 ἡμῖν

404 1554 801 1619 ἀποδέδεικται,
829 1555 905 1619 ὡς
934 1556 1141 1622 πάντας
1157 1559 1284 1623 τοὺς
1303 1559 1360 1626 ἐξ
1380 1558 1548 1613 ἐθνῶν
1569 1559 1646 1631 τῷ
1670 1559 1790 1630 Θεῷ
1812 1577 1982 1632 προσ-

410 1647 606 1710 ιόντας.
628 1648 994 1716 φοϐουμένους
1029 1649 1120 1703 τὸν
1148 1649 1351 1721 Κύριον
1385 1650 1570 1705 καλεῖν
1597 1651 1784 1706 εἴωθεν
1817 1654 1846 1706 6
1878 1653 1982 1706 Λό-

404 1758 520 1810 γος.
550 1741 773 1806 Τούτοις
794 1739 887 1798 οὖν
917 1744 1118 1809 αὐτοῖς,
1144 1747 1329 1816 φησὶν,
1353 1746 1558 1810 ἔδωκας
1583 1748 1944 1819 κληρονομίαν
1963 1766 1976 1780 ·

404 1832 500 1885 καὶ
519 1832 677 1886 ποίαν
699 1833 797 1888 οὐκ
816 1832 987 1896 εἶπεν,
1011 1838 1141 1907 ἡμῖν
1170 1836 1226 1891 δέ
1247 1837 1631 1892 καταλέλοιπεν
1662 1840 1867 1910 ζητεῖν.
1892 1840 1981 1911 Τῷ
2016 1892 2055 1948 Β

411 1922 508 1948 ..λη
542 1919 631 1948 ,πη
684 1924 888 1948 π---ι.·ι
945 1925 1039 1948 -3...
1081 1926 1298 1948 11-..---“
1344 1928 1457 1948 ηις-
1508 1930 1590 1948 ημι
1635 1927 1763 1948 ..θὴν
1814 1932 1826 1948 ι
1894 1932 1907 1948 ι
1949 1947 1953 1948 ,

409 1922 508 1993 μὲν
539 1919 632 1977 οὖν
684 1924 900 1996 Ἰσραὴλ
942 1925 1040 1997 τὴν
1072 1926 1300 1997 ῥέουσαν
1339 1928 1462 1999 μέλι
1505 1930 1599 1983 καὶ
1630 1927 1769 1998 γάλα
1810 1932 1982 2001 ἐπήγ-

402 2015 590 2091 γελται
629 2016 716 2071 διὰ
776 2018 1070 2082 Μωῦσέως·
1108 2019 1218 2082 τοῖς
1266 2019 1323 2072 δὲ
1381 2019 1734 2091 φοϐουμένοις
1789 2022 1981 2077 ὁποίαν

405 2086 572 2160 εδῶκε
602 2107 986 2179 κληρονομίαν,
1011 2108 1160 2162 εἴασε
1199 2086 1498 2182 ζητεῖσθαι.
1532 2086 1800 2184 Ιεξύρήσεις
1830 2113 1889 2167 δὲ
1922 2116 1981 2168 ἐν

402 2201 514 2263 τοῖς
537 2198 633 2253 τοῦ
663 2201 914 2272 Σωτῆρος
941 2203 1099 2273 ἡμῶν
1131 2206 1503 2277 μακαρισμοίς
1533 2203 1760 2277 ταύτην,
1798 2207 1857 2260 ἐν
1900 2205 1980 2273 οἷς

401 2288 649 2361 εἴρηται·
705 2310 724 2343 ι
763 2292 1037 2364 Μακάριοι
1071 2293 1122 2346 οί
1177 2295 1381 2366 πτωχοὶ
1420 2293 1498 2365 τῷ
1550 2295 1852 2367 πνεύματι,
1897 2298 1978 2352 ὅτι

398 2380 578 2436 αὐτῶν
610 2384 818 2455 ἐστινὴ
866 2384 1113 2456 βασιλεία
1156 2386 1263 2441 τῶν
1302 2387 1578 2459 οὐρανῶν·
1620 2409 1637 2442 ι
1681 2391 1775 2444 καὶ
1818 2390 1979 2446 πάλιν

398 2471 543 2544 ἔχεις
587 2474 681 2528 τοῦ
722 2476 976 2547 Σωτῆρος
1010 2477 1167 2549 ήμῶν
1213 2480 1568 2549 ἐπαγγελίαν,
1593 2481 1661 2534 δι’
1691 2476 1759 2553 ἧς
1801 2500 1937 2555 φησι
1960 2499 1974 2513 ·

403 2582 424 2615 ι
460 2564 570 2618 Καὶ
600 2567 657 2620 ἐν
684 2565 763 2636 τῷ
793 2567 947 2621 αίῶνι
972 2567 1146 2638 τούτῳ
1171 2570 1575 2627 πολυπλασίονα
1597 2572 1849 2645 λήψεται,
1882 2573 1978 2627 καὶ

396 2658 454 2711 ἐν
499 2657 577 2730 τῷ
605 2659 848 2730 μέλλοντι
889 2659 1035 2733 ζωὴν
1080 2661 1299 2716 αἰώνιον
1329 2661 1751 2737 κληρονομήσει.
1804 2686 1824 2718 3
1867 2664 1978 2718 Kal.

395 2747 599 2820 ταύτης
648 2752 810 2804 ἓνεκα
855 2752 956 2822 τῆς
984 2752 1344 2825 κληρονομίας
1389 2758 1418 2810 6
1460 2756 1710 2826 πέμπτος
1764 2756 1978 2827 ψαλμὸς

394 2840 799 2913 ἐπεγέγραπτο,
835 2860 853 2893 ι
892 2843 987 2905 Εἰς
1007 2843 1070 2896 16
1090 2843 1262 2909 τέλος,
1295 2847 1434 2918 ὑπὲρ
1468 2847 1570 2918 τῆς
1605 2847 1979 2921 κληρονομού-

398 2948 498 3001 σης
522 2949 535 2962 ·
576 2950 595 2982 3
632 2933 724 2986 καὶ
754 2933 812 2986 ἐν
845 2933 922 3005 τῷ
964 2941 1025 2988 ιε’
1053 2935 1110 2988 δὲ
1148 2935 1350 3009 ψαλμῷ
1390 2938 1425 3010 ἡ
1457 2940 1596 3011 αὐτὴ
1642 2939 1979 3012 κληρονομία

395 3021 648 3094 ἐδηλοῦτο
676 3025 816 3078 κατὰ
845 3025 907 3079 16
930 3066 945 3091 ,
984 3046 1003 3080 ‹
1040 3026 1244 3098 Κύριος
1277 3032 1310 3101 ἡ
1369 3031 1527 3102 μερὶς
1572 3032 1672 3103 τῆς
1716 3033 1978 3105 κληρονο-

396 3115 526 3185 μίας
557 3135 657 3189 μου
691 3120 784 3172 καὶ
811 3119 906 3173 τοῦ
933 3121 1192 3194 ποτηρίου
1220 3141 1342 3194 μου,
1372 3123 1437 3177 σὺ
1468 3120 1521 3177 εἷ
1541 3125 1570 3178 6
1592 3125 1978 3180 ἀποκαθιστῶν

390 3208 490 3281 τὴν
534 3211 896 3284 κληρονομίαν
932 3232 1032 3285 μου
1076 3217 1219 3287 ἐμοί.
1261 3217 1371 3271 Kal.
1417 3219 1528 3292 γὰρ
1560 3222 1593 3289 ή
1641 3219 1976 3294 κληρονομία

393 3317 496 3371 μου
523 3304 790 3377 κρατίστη
825 3306 915 3377 μοί
944 3308 1115 3363 ἐστιν.
1165 3328 1184 3361 3

466 3412 484 3445 ι
536 3392 775 3468 Ἡμέρας
804 3398 888 3466 ἐφ’
918 3399 1131 3472 ἡμέρας
1165 3399 1429 3472 βασιλέως
1480 3403 1812 3477 προσθήσεις
1834 3422 1847 3437 ’
1901 3406 1974 3461 τὰ

390 3479 485 3556 ἔτη
518 3484 684 3538 αὐτοῦ
723 3486 827 3551 ἕως
855 3487 1067 3561 ἡμέρας
1092 3493 1285 3558 γενεᾶς
1314 3492 1406 3545 καὶ
1436 3495 1631 3562 γενεᾶς
1658 3494 1827 3548 αὐτοῦ
1855 3495 1973 3550 δια-

393 3576 545 3646 μενεῖ
575 3579 655 3640 εἰς
697 3577 789 3632 16v
818 3580 987 3635 αἰῶνα
1033 3580 1262 3637 ἐνώπιον
1294 3583 1386 3638 τοῦ
1433 3584 1589 3640 Θεοῦ.
1640 3587 1827 3651 Ἔλεος
1878 3586 1971 3643 καὶ

389 3667 647 3739 ἀλήθειαν
685 3667 770 3735 τίς
818 3671 1112 3745 ὲκζητήσει
1138 3675 1340 3742 αὐτοῦς
1386 3696 1405 3729 3
1446 3678 1751 3750 Προειπὼν,
1785 3699 1803 3731 σ
1848 3682 1970 3736 Ὅτι

392 3762 480 3825 συ,
507 3761 536 3813 6
565 3753 715 3829 Θεὸς,
740 3764 1063 3836 είσήκουσας
1093 3765 1202 3819 τῶν
1226 3767 1400 3838 εὐχῶν
1433 3787 1535 3840 μου
1557 3810 1573 3835 ,
1606 3790 1623 3822 3
1659 3771 1780 3824 καθ’
1807 3772 1974 3845 ὑπερ-

389 3851 552 3907 ϐατὸν
606 3854 808 3926 συνῆψε
840 3855 933 3919 16,
982 3876 999 3908 ι
1041 3858 1282 3931 Ἡμέρας
1316 3862 1401 3927 ἐφ’
1439 3860 1659 3933 ἡμέρας
1703 3861 1970 3933 βασιλέως

389 3946 737 4018 προσθήσεις.
765 3966 783 3998 3
809 3948 1141 4004 Είσάκουσον
1163 3951 1293 4023 γὰρ,
1329 3954 1484 4024 φησι,
1517 3953 1627 4006 τῶν
1649 3954 1822 4025 εὐχῶν
1846 3972 1967 4026 μου,

389 4037 602 4109 ἡμέρας
644 4040 731 4110 ἐφ’
771 4040 987 4112 ἡμέρας
1031 4059 1120 4113 μοι
1165 4043 1532 4116 προσέθηκας.
1571 4045 1670 4100 Διὰ
1713 4047 1879 4118 μέσου
1913 4043 1971 4101 δέ

390 4131 652 4206 ἐνεϐλήθη
682 4135 867 4208 ἡπερὶ
888 4135 995 4189 τῶν
1037 4135 1387 4208 φοϐουμένων
1420 4138 1483 4192 16
1520 4138 1692 4210 ὄνομα
1722 4139 1818 4193 τοῦ
1860 4141 1971 4194 Κυ-

392 4222 509 4294 ρίου
539 4226 727 4297 μνήμη
749 4242 762 4256 ·
799 4227 985 4298 ἐπειδὴ
1012 4229 1107 4281 καὶ
1139 4228 1322 4293 αὐτοῖς
1347 4230 1684 4302 ἐπήγγελται
1711 4232 1811 4300 τὴν
1837 4230 1970 4304 κλη-

391 4312 648 4386 ρονομίαν
667 4317 701 4387 ή
724 4319 1049 4390 προφητεία.
1071 4315 1180 4375 ’Ἦν
1202 4320 1307 4393 δὲή
1330 4322 1667 4397 κληρονομία
1693 4326 1727 4395 ἡ
1751 4323 1970 4389 αἰώνιος

390 4408 533 4481 ζωὴ,
568 4409 636 4481 ἢν
674 4412 702 4463 6
732 4411 892 4482 λόγος
925 4413 1180 4483 σημαίνει
1226 4414 1449 4484 φάσκων
1473 4433 1486 4447 ·
1531 4435 1550 4468 ι
1597 4415 1840 4489 Ἡμέρας
1882 4416 1968 4488 ἐφ’

387 4499 602 4571 ἡμέρας
634 4498 893 4570 βασιλέως
915 4505 1261 4575 προσθήσεις.
1300 4527 1319 4560 3
1349 4506 1577 4577 Μεγάλα
1604 4509 1782 4562 τοίνυν
1808 4509 1963 4576 εὐξα-

2092 635 2298 708 Spiritu
2332 649 2425 696 tuo
2483 641 2815 708 illustratus,
2851 661 2961 699 non
3013 646 3143 700 mihi
3196 646 3321 709 soli,
3355 649 3449 703 sed
3507 651 3673 706 etiam

2088 730 2347 786 omnibus
2373 731 2695 789 timentibus
2721 751 2921 792 nomen
2956 745 3135 800 tuum,
3166 744 3221 791 te
3252 736 3476 809 dignum
3508 732 3673 796 timo-

2088 836 2148 876 re
2199 830 2291 877 tuo
2342 822 2579 879 fructum
2616 826 2872 881 daturum
2904 845 3050 893 esse,
3087 829 3303 885 scilicet
3348 846 3468 886 eam
3505 849 3670 902 quam

2087 911 2362 979 pollicitus
2408 913 2542 983 ipsis
2564 930 2645 978 es,
2684 916 3077 972 haereditatem.
3110 917 3247 973 Cum
3284 929 3465 975 autem
3494 921 3671 977 indis-

2088 1002 2420 1058 crimiuatim
2468 1004 2707 1073 dixerit,
2756 1028 2775 1059 ‹
2814 1009 3137 1065 timentibus
3174 1024 3373 1066 nomen
3427 1021 3603 1076 tuum,
3644 1029 3666 1064 ι

2087 1096 2141 1149 in
2169 1112 2359 1153 omnes
2389 1098 2641 1155 homines
2692 1102 2923 1170 gratiam
2970 1102 3237 1157 extendit.
3283 1102 3468 1175 Neque
3521 1106 3667 1159 cnim

2086 1189 2300 1258 israeli,
2355 1207 2535 1262 neque
2579 1191 2810 1249 Judaico
2862 1195 3063 1264 populo
3114 1202 3327 1248 tantum
3382 1196 3672 1254 heredita-

2086 1289 2194 1336 tem
2247 1283 2524 1352 pollicitus
2563 1293 2680 1350 est,
2715 1285 2808 1341 sed
2840 1286 3004 1339 etiam
3057 1287 3315 1343 omnibus
3345 1288 3670 1344 timentibus

2085 1389 2285 1429 nomen
2317 1392 2501 1430 suum.
2540 1396 2559 1429 ι
2599 1375 2787 1432 Iudaeo
2814 1378 3071 1448 primum,
3105 1397 3124 1430 3
3148 1381 3665 1450 inquitApostolus,

2091 1484 2110 1516 ι
2148 1472 2197 1520 et
2246 1465 2436 1522 Graeco
2459 1467 2526 1522 “.
2564 1488 2582 1520 3
2616 1467 2732 1523 Jam
2788 1470 3110 1539 plerumque
3150 1472 3585 1543 demonstratum
3634 1486 3667 1526 a

2085 1558 2246 1612 nobis
2292 1568 2393 1625 est,
2435 1558 2776 1630 Scripturam
2812 1577 3020 1634 _omnes
3053 1563 3148 1632 qui
3206 1579 3271 1619 ex
3302 1564 3557 1634 gentibus
3596 1564 3665 1620 ad

2087 1646 2255 1702 Deum
2291 1650 2581 1718 accedunt,
2606 1629 2862 1707 timentes
2896 1649 3190 1707 Dominum
3221 1670 3417 1710 vocare
3464 1656 3663 1710 solere.

2085 1730 2180 1788 His
2210 1735 2395 1804 itaque
2428 1735 2586 1805 ipsis,
2621 1738 2717 1800 ait,
2748 1736 2948 1792 dedisti
2968 1738 3341 1794 [nereditatem
3365 1759 3377 1794 :
3402 1740 3617 1811 qualem
3645 1780 3661 1803 ,

2084 1838 2194 1877 non
2254 1825 2534 1895 explicat,
2594 1826 2690 1881 sed
2757 1827 3144 1897 inquirendum
3195 1830 3358 1886 nobis
3419 1832 3662 1902 reliquit.

2086 1913 2270 1969 lsraeli
2300 1915 2485 1985 itaque
2520 1925 2725 1972 terram
2754 1917 3024 1974 ‘ﬂuentem
3061 1921 3169 1975 mel
3203 1930 3257 1976 et
3286 1923 3371 1976 lac
3394 1938 3491 1994 per
3516 1924 3665 1997 Moy-

2086 2022 2180 2061 sen
2226 2007 2511 2076 promisit;
2540 2009 2863 2066 timentibus
2892 2020 3074 2066 autem
3102 2028 3265 2083 quam
3302 2013 3395 2070 det
3431 2016 3669 2072 heredi“

2085 2105 2270 2164 tatem,
2305 2100 2661 2169 quaerendum
2691 2103 2935 2174 reliquit.
2961 2107 3092 2161 Eam
3124 2122 3253 2161 vero
3275 2108 3330 2162 in
3362 2106 3665 2167 Salvatoris

2083 2192 2257 2247 nostri
2275 2192 2710 2251 beatitudinibus
2726 2195 3123 2266 deprehendas,
3136 2200 3229 2254 ubi
3244 2200 3447 2255 dicitur
3466 2220 3479 2255 :
3498 2221 3516 2253 ι
3537 2201 3669 2257 Bea-

2083 2284 2119 2338 ti
2158 2297 2428 2355 pauperes
2458 2287 2677 2356 spiritu,
2703 2288 2964 2359 quoniam
2994 2291 3240 2361 ipsorum
3296 2300 3381 2349 est
3435 2307 3664 2365 regnum

2080 2378 2349 2432 caelorum
2372 2379 2416 2410 ⁵⁷
2442 2395 2458 2447 ;
2485 2398 2504 2431 3
2541 2395 2604 2435 ac
2639 2396 2860 2437 rursum
2897 2380 3200 2438 Salvatoris
3226 2385 3401 2439 nostri
3427 2385 3670 2455 promise

2081 2485 2201 2524 sum
2224 2469 2416 2533 habes,
2452 2487 2562 2540 quo
2586 2472 2663 2526 ait
2697 2492 2709 2527 :
2746 2491 2766 2524 ι
2805 2471 2873 2526 Et
2896 2475 2951 2529 in
2976 2475 3081 2530 hoc
3108 2477 3310 2532 sasculo
3341 2478 3516 2532 multo
3544 2479 3666 2547 plu-

2080 2575 2141 2615 ra
2164 2561 2412 2631 recipiet,
2440 2568 2495 2616 et
2546 2562 2601 2616 in
2652 2562 2839 2617 futuro
2888 2566 3056 2618 vitam
3098 2574 3358 2620 eternam
3413 2567 3665 2637 posside-

2078 2649 2159 2704 bit
2187 2647 2254 2702 ⁸⁸.
2296 2667 2315 2701 3
2351 2648 2528 2719 Hujus
2555 2651 2892 2709 haereditatis
2965 2667 3133 2709 causa
3167 2654 3671 2726 quintum

2080 2739 2383 2809 inscriptus
2415 2748 2544 2796 est:
2586 2760 2606 2793 ι
2656 2742 2713 2795 ιιι
2750 2742 2932 2807 linem,
2963 2759 3069 2814 pro
3112 2760 3177 2799 ea
3219 2760 3342 2816 qua:
3375 2746 3666 2804 haeredita-

2079 2837 2188 2885 tem
2221 2831 2461 2901 accipit;
2499 2850 2518 2883 3
2545 2838 2601 2887 et
2632 2831 2689 2886 in
2737 2830 2957 2887 decimo
2997 2834 3191 2902 quinto
3228 2835 3444 2905 psalmo
3471 2837 3665 2894 eadem

2081 2923 2200 2995 ipsa
2235 2924 2535 2979 hereditas
2575 2923 2890 2980 declaratur
2947 2925 3050 2981 hoc
3102 2926 3295 2983 dicto:
3341 2945 3363 2979 ι
3402 2927 3667 2985 Dominus

2079 3030 2209 3088 pars
2236 3017 2573 3073 haereditatis
2614 3033 2747 3073 meae
2787 3025 2843 3073 et
2875 3019 3064 3096 calicis
3084 3021 3189 3074 mei
3225 3033 3243 3075 τ
3271 3030 3328 3075 ιιι
3357 3036 3418 3077 es
3445 3020 3541 3092 qui
3572 3036 3664 3076 ree
3712 3088 3713 3093 η

2080 3113 2277 3167 stitues
2313 3111 2682 3167 htereditatem
2723 3127 2903 3167 meam
2938 3112 3093 3167 mihi.
3121 3112 3336 3169 Etenim
3367 3114 3663 3172 hereditas

2078 3220 2199 3261 mea
2226 3206 2495 3276 praeclara
2518 3211 2605 3260 est
2637 3203 2774 3258 mihi
2803 3202 2871 3258 ".
2917 3222 2938 3256 3

2144 3396 2312 3454 Vens.
2342 3397 2395 3463 7,
2421 3396 2476 3452 8.
2503 3414 2522 3447 ι
2559 3394 2686 3452 Dies
2725 3411 2892 3467 super
2914 3395 3033 3451 dies
3062 3395 3208 3465 regis
3236 3394 3486 3466 adjicies,
3532 3397 3665 3452 anni

2074 3490 2195 3562 ejus
2229 3505 2405 3562 usque
2460 3490 2515 3544 in
2564 3488 2710 3544 diem
2763 3487 3134 3560 generationis
3171 3496 3227 3542 et
3290 3488 3662 3559 generationis

2074 3583 2195 3652 ejus
2236 3581 2636 3653 permanebunt
2675 3580 2730 3635 in
2786 3588 3053 3635 attentum
3090 3580 3146 3635 in
3196 3588 3501 3650 conspectu
3540 3577 3658 3635 Dei.

2076 3673 2510 3730 Misericordiam
2545 3680 2601 3728 et
2648 3672 2937 3728 veritatem
2973 3674 3091 3742 ejus
3140 3672 3267 3742 quis
3314 3671 3556 3742 requiret
3578 3670 3605 3725 2
3637 3689 3660 3725 ι

2073 3748 2210 3821 cum
2245 3774 2405 3823 antea
2445 3765 2700 3828 dixisset,
2737 3782 2757 3816 ι
2800 3765 3075 3831 Quoniam
3129 3772 3220 3830 tu,
3274 3766 3439 3830 Deus,
3491 3779 3663 3820 exau-

2073 3855 2201 3912 disti
2229 3860 2508 3913 orationes
2541 3872 2714 3921 meas,
2746 3875 2766 3908 3
2802 3873 2900 3927 per
2925 3858 3427 3930 transgressionem
3461 3857 3664 3928 adjecit

2075 3946 2232 4009 illud,
2282 3966 2303 4000 ι
2345 3945 2475 4002 Dies
2519 3960 2687 4016 super
2732 3944 2850 4001 dies
2898 3947 3045 4017 regis
3082 3946 3329 4015 adjicies.
3372 3965 3392 3999 3
3424 3943 3659 4010 Exaudi,

2073 4040 2274 4110 inquit,
2309 4041 2593 4096 orationes
2643 4055 2820 4106 meas,
2871 4041 2989 4095 dies
3035 4055 3202 4110 super
3248 4041 3364 4096 dies
3391 4040 3523 4094 mihi
3569 4039 3664 4096 ad-

2068 4132 2255 4203 jecisti
2287 4152 2303 4201 ;
2342 4134 2397 4187 in
2433 4132 2617 4188 medio
2661 4140 2844 4187 autem
2878 4131 3203 4201 interposita
3236 4139 3321 4187 est
3347 4131 3660 4187 timentium

2072 4242 2274 4281 nomen
2328 4225 2544 4282 Domini
2595 4226 2824 4291 mentio,
2858 4225 2989 4297 quia
3024 4225 3311 4296 prophetia
3356 4224 3494 4294 ipsis
3522 4240 3663 4295 quo-

2072 4336 2180 4392 que
2208 4320 2585 4376 hereditatem
2636 4313 2913 4391 promisit.
2970 4316 3275 4373 Ilarreditas
3330 4324 3514 4372 autem
3565 4319 3658 4373 illa

2071 4416 2276 4465 aeterna
2311 4410 2423 4463 vita
2455 4417 2594 4472 erat,
2628 4422 2750 4478 quae
2770 4406 2859 4463 his
2891 4404 3259 4477 signiﬁcatur,
3288 4422 3307 4455 ι
3336 4403 3464 4460 Dies
3492 4414 3661 4474 strper

2073 4503 2192 4558 dies
2225 4502 2370 4572 regis
2405 4499 2653 4570 adjicies.
2689 4518 2708 4551 3
2748 4498 2941 4571 Magna
2972 4499 3157 4569 itaque
3205 4496 3506 4569 postulanti
3541 4497 3656 4568 regi

392 4590 540 4662 μένῳ
570 4589 647 4661 τῷ
677 4583 883 4662 βασιλεῖ
924 4592 1086 4647 Δαυῒδ
1118 4595 1452 4667 ἐπήγγελται
1500 4599 1529 4650 6
1563 4595 1695 4660 Θεὸς
1740 4596 1828 4651 διὰ
1870 4594 1965 4650 τοῦ

2078 4594 2292 4659 Davidi,
2328 4595 2622 4666 pollicetur
2653 4591 2798 4649 Deus
2847 4608 2947 4664 per
2985 4590 3249 4664 Spiritum
3286 4596 3563 4655 sanctum,
3598 4605 3659 4646 se

388 4674 703 4752 Πνεύματος
729 4682 942 4754 ἡμέρας
974 4683 1059 4752 ἐφ’
1088 4684 1306 4755 ἡμέρας
1349 4686 1710 4759 προσθήσειν,
1750 4685 1846 4742 καὶ
1896 4688 1966 4742 τὰ

388 4772 482 4845 ἔτη
510 4768 677 4829 αὐτοῦ
717 4773 825 4840 ἕως
866 4776 1082 4847 ἡμέρας
1128 4779 1322 4846 γενεᾶς
1358 4778 1453 4833 καὶ
1479 4776 1690 4849 γενεᾶς.
1746 4778 1964 4852 Ταύτην

387 4867 497 4936 γὰρ
529 4866 678 4937 αὐτῷ
695 4866 793 4938 τὴν
827 4865 1193 4940 κληρονομίαν
1218 4869 1580 4939 ἐπηγγείλατο
1599 4888 1612 4900 ο
1647 4870 1676 4926 6
1694 4868 1758 4945 δὴ
1790 4873 1884 4927 καὶ
1908 4877 1966 4928 ἐν

384 4956 465 5028 τῷ
495 4963 543 5010 κ’
562 4955 814 5030 δηλοῦται
835 4958 1056 5030 ψαλμῷ,
1084 4960 1142 5013 ἐν
1163 4954 1208 5028 ᾧ
1236 4959 1448 5032 εἴρηται
1470 4978 1485 4993 ·
1527 4981 1546 5014 ι
1584 4958 1779 5035 Κύριε,
1812 4967 1870 5019 ἐν
1896 4964 1963 5039 τῇ

385 5049 613 5120 δυνάμει
642 5067 738 5103 σου
766 5046 1199 5124 εὐφρανθήσεται
1244 5055 1273 5106 6
1312 5048 1584 5124 βασιλεύς.
1621 5051 1732 5127 Τὴν
1778 5055 1968 5110 ἐπιθυ-

390 5141 519 5211 μίαν
545 5140 645 5211 τῆς
676 5139 1098 5212 καρδίαςηαύτοῦ
1140 5141 1346 5207 ἔδωκας
1385 5142 1534 5213 αὐτῷ
1556 5159 1571 5174 ·
1605 5162 1626 5196 3
1674 5145 1767 5197 καὶ
1796 5144 1925 5216 ἑξῆς
1948 5164 1963 5177 ο

392 5250 411 5288 ι
451 5231 605 5304 Ζωὴν
653 5228 892 5304 ᾐτήσατο
945 5249 1026 5300 σε,
1063 5234 1156 5286 καὶ
1207 5233 1416 5298 ἔδωκας
1465 5233 1612 5306 αὐτῷ
1650 5238 1966 5308 μακρότητα

387 5322 612 5396 ἡμερῶν
641 5325 718 5388 είς
742 5324 916 5380 αίῶνα
931 5325 1024 5380 καὶ
1045 5326 1125 5390 εἰς
1141 5326 1312 5380 αίῶνα
1325 5325 1539 5391 αίῶνος.
1562 5345 1581 5378 3
1613 5327 1830 5400 Ἐπειδὴ
1857 5328 1967 5401 γὰρ

387 5415 496 5471 τῶν
524 5417 789 5490 οὐρανίων
815 5416 1180 5490 ὀριγνώμενος
1198 5458 1214 5483 ,
1248 5420 1343 5472 καὶ
1377 5417 1487 5473 τῶν
1520 5419 1670 5491 παρὰ
1718 5420 1800 5473 σοὶ
1831 5421 1968 5490 ἀγα-

389 5506 499 5561 θῶν
536 5507 900 5581 ἐπιθυμήσας,
933 5494 1154 5582 ηὐξατο’
1189 5512 1516 5583 είσήκουσας
1548 5511 1713 5567 αὐτοῦ
1737 5552 1752 5573 ,
1797 5514 1965 5583 φησὶ,

389 5599 484 5652 καὶ
512 5600 857 5667 εἰσακούσας,
896 5620 914 5653 ι
943 5601 1043 5673 τὴν
1079 5599 1374 5672 ἐπιθυμίαν
1410 5603 1510 5674 τῆς
1540 5601 1766 5674 καρδίας
1801 5600 1966 5657 αὐτοῦ

392 5690 593 5756 ἔδωκας
617 5692 785 5766 αὐτῷ,
815 5694 908 5747 καὶ
927 5690 1025 5765 τὴν
1056 5691 1273 5764 θέλησιν
1292 5692 1401 5747 τῶν
1420 5693 1642 5765 χειλέων
1677 5693 1841 5750 αὐτοῦ
1867 5694 1968 5749 οὐκ

2074 4684 2194 4742 dies
2226 4699 2392 4755 super
2433 4681 2552 4738 dies
2585 4682 2692 4753 ipsi
2734 4683 3099 4753 adjecturum,
3133 4690 3188 4736 et
3221 4694 3398 4736 annos
3447 4679 3568 4749 ejus
3599 4680 3657 4734 in

2073 4777 2216 4833 diem
2252 4774 2624 4849 generationis
2652 4782 2708 4829 et
2740 4772 3132 4845 generationis.
3175 4770 3330 4825 Hanc
3374 4769 3517 4824 enim
3549 4768 3657 4839 ipsi

2072 4868 2330 4939 promisit
2378 4867 2793 4922 haereditatem:
2829 4865 2976 4935 quod
3005 4868 3063 4919 et
3093 4864 3150 4917 in
3177 4876 3249 4916 xx
3310 4861 3524 4932 psalmo
3561 4860 3658 4915 tle-

2073 4959 2320 5015 claratur
2353 4959 2441 5014 his
2472 4959 2698 5014 verbis:
2735 4976 2755 5009 ι
2801 4955 3050 5019 Domine,
3092 4955 3148 5009 in
3189 4953 3392 5008 virtute
3440 4960 3533 5007 tua
3563 4951 3657 5006 lae-

2072 5051 2283 5106 tabitur
2304 5066 2422 5106 rex.
2456 5048 2798 5106 Desiderium
2824 5047 3009 5104 cordis
3031 5047 3152 5117 ejus
3173 5045 3417 5100 tribuisti
3445 5045 3494 5099 ei
3517 5044 3598 5111 ⁵⁶;
3625 5063 3646 5095 3

2072 5151 2127 5200 et
2156 5151 2348 5217 postea
2376 5161 2390 5198 :
2431 5161 2450 5194 ‹
2487 5139 2667 5197 Vitam
2699 5141 2856 5212 petiit
2884 5155 2915 5194 a
2942 5147 3021 5204 te,
3064 5146 3119 5194 et
3153 5135 3395 5192 tribuisti
3444 5135 3493 5191 ei
3527 5135 3653 5189 lou-

2070 5235 2374 5308 gitudinem
2407 5233 2618 5288 dierum
2659 5232 2715 5287 in
2764 5231 3024 5288 saeculum
3058 5236 3114 5284 et
3155 5228 3212 5283 in
3245 5227 3506 5283 saeculum
3551 5240 3654 5280 saa-

2066 5327 2280 5383 culi".
2329 5344 2351 5379 3
2410 5324 2550 5392 Quia
2612 5325 2757 5381 enim
2814 5321 3123 5379 cmicstium
3171 5318 3540 5392 percupidus,
3596 5326 3655 5372 et

2067 5418 2213 5475 bona
2245 5432 2369 5488 quae
2417 5433 2587 5488 penes
2638 5425 2693 5473 te
2739 5423 2870 5472 sunt
2922 5414 3359 5484 concupiscens,
3396 5421 3654 5485 precatus

2067 5519 2195 5578 est;
2244 5510 2518 5567 exaudisti
2571 5524 2719 5575 eum,
2771 5507 2972 5579 inquit,
3020 5515 3076 5562 et
3130 5522 3257 5562 cum
3308 5506 3651 5571 exaudisses,

2076 5622 2095 5655 ι
2134 5602 2467 5659 desiderium
2495 5601 2681 5658 cordis
2711 5601 2834 5670 ejus
2878 5601 3122 5656 tribuisti
3169 5600 3244 5664 ei,
3276 5607 3332 5656 et
3372 5599 3654 5655 voluntate

2068 5692 2339 5752 iabiorum
2371 5695 2492 5765 ejus
2525 5709 2637 5749 non
2666 5692 2937 5750 fraudasti
2965 5708 3111 5749 eum.
3157 5712 3177 5746 3
3221 5690 3353 5760 Quae
3384 5691 3476 5747 illa
3518 5703 3653 5745 con-

463 5870 512 5905 “
549 5870 707 5928 Rom.
742 5890 801 5939 ιι,
844 5875 930 5930 10.
1007 5877 1049 5909 ⁵⁷
1093 5875 1279 5931 Matth.
1319 5892 1370 5942 ν,
1404 5870 1454 5931 3.
1533 5875 1579 5910 ⁸⁸
1618 5873 1808 5933 Matth.
1845 5888 1935 5932 nx
1959 5918 1974 5946 ,

2081 5908 2093 5929 .
2170 5875 2217 5909 ⁸⁸
2256 5873 2402 5932 Psal.
2437 5891 2529 5942 xv,
2561 5873 2617 5944 5,
2657 5872 2713 5932 θ.
2787 5873 2839 5910 ⁸⁸
2871 5871 3162 5939 Psah‘xx,
3194 5872 3248 5931 Ξ.
3327 5871 3371 5907 ³⁸
3412 5869 3546 5929 ibid.
3582 5866 3648 5952 ξ.
