4090 6368
476 381 584 439 585

1194 385 1460 442 EUSEDH
1499 386 1987 444 CAESARIENSIS
2020 385 2170 440 ΟΡΡ.
2206 388 2386 445 PARS
2415 391 2506 447 ΠΙ.
2530 391 3029 452 —EXEGETICA.

3647 406 3754 462 584

475 503 812 574 cupiscentia
843 504 985 575 ejus,
1015 521 1139 576 qua:
1169 508 1362 577 petitio
1392 509 1661 564 labiorum
1691 509 1812 580 ejus
1836 511 1926 573 sit,
1961 508 2048 566 sul

2168 510 2472 584 ἐστέρησας
2499 515 2678 568 αὐτόν.
2724 536 2741 569 ι
2781 519 2877 581 Τίς
2909 519 2965 572 δὲ
2993 515 3059 590 ἦν
3088 524 3118 592 ἡ
3149 521 3416 594 ἐπιθυμία
3451 525 3752 591 αὒτοῦ,καὶ

475 597 589 652 haec
624 597 782 652 ducet
810 597 896 654 his
935 599 1158 655 verbis:
1199 619 1219 650 ι
1274 599 1449 656 Vitam
1490 603 1645 672 petiit
1683 617 1714 656 a
1763 609 1840 666 te,
1872 611 1927 658 et
1957 601 2062 656 tri-

472 688 643 745 buisti
701 688 748 744 ei
801 689 1198 760 longitudinem
1247 691 1460 747 dierum
1513 696 1567 746 in
1606 694 1868 748 saeculum
1919 702 1972 748 et
2005 696 2061 748 in

473 782 739 837 sarculum
775 784 984 837 szeeuli.
1019 803 1036 834 ι
1077 780 1132 836 In
1164 785 1418 853 praesenti
1466 785 1634 856 igitur
1675 786 1865 841 eodem
1898 787 2063 841 modo

473 886 731 947 precatus
764 873 935 929 David
963 884 1069 938 est,
1100 884 1154 930 et
1197 893 1389 946 preces
1419 877 1538 947 ejus
1577 879 1846 932 exaudita:
1887 887 2014 932 sunt
2043 899 2056 934 :

471 969 765 1024 exauditus
794 968 936 1023 hanc
965 977 1301 1023 consecutus
1335 977 1420 1024 est
1456 971 1876 1046 promissionem
1897 1012 1911 1036 ,
1953 987 2061 1041 qua

473 1063 715 1120 dicitur:
759 1083 778 1116 ‹
836 1063 960 1120 Dies
1009 1080 1176 1134 super
1229 1065 1346 1120 dies
1401 1067 1543 1135 regis
1591 1065 1843 1136 adjicies,
1885 1081 2060 1120 annos

477 1159 598 1229 ejus
631 1174 803 1229 usque
837 1158 892 1212 in
929 1158 1075 1213 diem
1103 1160 1473 1229 generationis
1498 1169 1546 1214 et
1569 1161 1944 1228 generationis
1973 1179 1987 1218 :
2036 1181 2056 1212 ι

477 1254 614 1315 sive,
651 1251 957 1308 secundum
992 1252 1408 1325 Symmachum,
1447 1272 1465 1304 ι
1513 1253 1631 1308 dies
1679 1252 1875 1308 diebus
1915 1255 2059 1325 regis

471 1345 720 1415 adjicies,
756 1360 932 1401 annos
981 1346 1103 1416 ejus
1144 1347 1198 1400 in
1251 1355 1516 1416 quantum
1548 1346 1831 1416 generatio
1875 1353 1931 1401 et
1967 1363 2061 1416 ge-

471 1436 727 1492 neratio:
779 1436 1052 1492 habitabit
1088 1437 1143 1491 in
1182 1447 1451 1491 mternum
1486 1436 1540 1490 in
1575 1445 1876 1507 conspectu
1908 1436 2004 1492 Dei
2042 1457 2055 1492 :

469 1526 852 1581 misericordia
877 1537 930 1583 et
956 1529 1157 1583 veritas
1193 1529 1621 1584 circummuniet
1653 1530 1891 1599 ipsum.»
1926 1527 2057 1583 Haec

473 1619 658 1670 omnia
711 1617 1050 1689 adipiscetur
1088 1620 1180 1688 qui
1216 1619 1401 1674 dicere
1448 1620 1626 1688 potuit
1661 1639 1672 1673 :
1717 1637 1735 1670 ι
1781 1621 1825 1673 Α
1857 1620 2058 1676 ﬁnibus

475 1716 635 1763 terrae
652 1709 720 1763 ad
749 1717 802 1765 te
836 1711 1091 1774 clamavi,
1135 1711 1264 1765 dum
1313 1713 1632 1767 anviaretur
1670 1728 1770 1766 eor
1817 1728 2052 1768 meum.»

474 1799 942 1870 Namhujusmodi
969 1802 1245 1873 profectus
1273 1806 1606 1875 condignum
1639 1804 1875 1860 fructum
1913 1808 2060 1860 acci-

2167 603 2252 666 τίς
2275 604 2307 673 ἡ
2333 605 2547 674 αἴτησις
2572 607 2682 661 τῶν
2717 609 2939 678 χειλέων
2987 612 3151 666 αὐτοῦ
3174 654 3187 676 ,
3226 615 3466 669 διδάσκει
3494 617 3621 690 ἑξῆς
3661 619 3750 672 λέ-

2168 713 2311 766 γων·
2353 716 2371 748 ι
2409 700 2563 770 Ζωὴν
2591 701 2830 771 ᾐτήσατό
2867 719 2946 766 σε,
2984 706 3078 757 καί¹
3115 706 3325 770 ἔδωκας
3357 708 3508 780 αύτῷ
3537 711 3749 784 μακρό-

2167 806 2306 860 τητα
2335 790 2556 861 ἡμερῶν
2590 793 2670 855 εἰς
2707 792 2877 846 αἰῶνα
2905 796 2999 849 καὶ
3025 797 3104 860 εἰς
3139 796 3312 850 αἰῶνα
3344 799 3438 852 τοῦ
3469 801 3684 865 αἰῶνος.
3727 824 3745 855 ι

2168 883 2389 936 Καίὲπί
2417 882 2510 935 τοῦ
2547 884 2810 956 παρόντος
2857 885 3033 940 τοίνυν
3081 890 3480 961 παραπλησίως
3521 892 3752 958 ἐκείνοις

2165 973 2366 1045 ηὔξατο
2390 976 2574 1039 Δαυῒδ,
2619 977 2714 1030 καὶ
2739 978 3035 1048 εὐξάμενος
3083 980 3409 1054 εἰσηκούσθη
3431 999 3445 1012 ⁸
3495 986 3748 1038 εἰσακου-

2169 1067 2315 1132 σθείς
2339 1086 2396 1122 τε
2422 1070 2627 1141 ταύτης
2651 1071 2806 1141 ἔτυχε
2833 1073 2931 1143 τῆς
2951 1074 3304 1142 ἐπαγγελίας,
3329 1075 3396 1128 δι’
3421 1071 3488 1149 ἧς
3509 1077 3743 1149 είρηται’

2173 1180 2191 1210 ι
2237 1161 2482 1233 Ἡμέρας
2507 1163 2590 1232 ἐφ’
2622 1163 2838 1236 ἡμέρας
2865 1164 3130 1234 βασιλέως
3164 1167 3520 1240 προσθήσεις’
3555 1169 3624 1224 τὰ
3651 1170 3744 1244 ἐτη

2166 1251 2330 1304 αὐτοῦ
2355 1251 2459 1316 ἕως
2483 1253 2694 1326 ἡμέρας
2719 1257 2912 1322 γενεᾶς
2946 1258 3040 1310 καὶ
3067 1259 3286 1325 γενεᾶς·
3324 1279 3343 1312 ι
3379 1261 3438 1330 ἢ,
3473 1262 3613 1316 κατά
3654 1263 3747 1317 τὸν

2165 1343 2494 1415 Σύμμαχον·
2549 1365 2567 1396 ‹
2621 1347 2862 1418 Ἡμέρας
2909 1353 3029 1412 ταῖς
3064 1350 3294 1422 ἡμέραις
3337 1352 3432 1406 τοῦ
3481 1353 3747 1424 βασιλέως

2166 1436 2514 1506 προσθήσεις,
2549 1437 2644 1508 ἐτη
2677 1438 2863 1503 αὑτοῦ,
2914 1442 3000 1510 ἐφ’
3043 1443 3165 1497 ὅσον
3216 1443 3377 1512 γενεά
3407 1445 3499 1498 καὶ
3545 1447 3741 1516 γενεά·

2165 1527 2373 1597 οἰκήσει
2400 1529 2633 1590 αἰωνίως
2656 1528 2965 1600 ἔμπροσθεν
2997 1531 3090 1584 τοῦ
3122 1532 3256 1586 Θεοῦ
3283 1550 3296 1562 ·
3328 1535 3476 1600 ἔλεος
3501 1539 3597 1592 καὶ
3615 1538 3746 1612 ἀλή-

2165 1616 2284 1670 θεια
2315 1618 2638 1688 περιφράξει
2664 1619 2844 1672 αὐτόν.
2892 1639 2911 1672 ι
2949 1621 3166 1676 Τούτων
3201 1623 3256 1676 δὲ
3303 1625 3522 1679 πάντων
3561 1627 3744 1693 τεύξε-

2163 1726 2253 1762 ται
2285 1710 2314 1762 ό
2342 1708 2589 1780 δυνηθεὶς
2617 1713 2788 1764 εἰπεῖν
2806 1728 2818 1741 ·
2851 1731 2870 1763 ‹
2912 1711 3045 1766 Ἀπὸ
3067 1713 3172 1768 τῶν
3206 1715 3495 1788 πτερύγων
3516 1720 3614 1790 τῆς
3643 1723 3742 1793 γῆς

2166 1801 2303 1871 πρὸς
2319 1801 2378 1854 σὲ
2399 1802 2676 1874 ἐκέκραξα
2702 1805 2759 1856 ὲν
2787 1802 2863 1874 τῷ
2879 1805 3170 1875 ἀκηδιᾶσαι
3192 1806 3288 1879 τὴν
3318 1809 3546 1879 καρδίαν
3581 1829 3736 1884 μου.»

475 1897 607 1966 piet,
629 1897 792 1951 vitam
807 1906 1088 1952 mternam.
1109 1897 1246 1952 Cum
1269 1899 1692 1960 dieiturautem,
1721 1918 1738 1949 ι
1763 1900 1906 1953 Αιιηί
1936 1900 2048 1969 ejus

2165 1896 2275 1966 Τῆς
2308 1894 2418 1966 γάρ
2438 1895 2694 1966 τοιαύτης
2724 1898 3005 1968 προκοπῆς
3027 1900 3236 1971 καρπὸν
3276 1901 3496 1968 ἐπάξιον
3516 1882 3742 1978 λήψεται

475 2006 649 2062 usque
677 1991 730 2044 in
761 1989 906 2044 diem
936 1991 1309 2062 generationis
1331 2001 1386 2047 et
1418 1992 1857 2062 generationis,»
1886 1993 2058 2064 signi-

470 2081 668 2136 ficatur
717 2081 978 2136 Davidem
1019 2099 1128 2137 non
1163 2083 1338 2137 solum
1369 2091 1618 2154 tempore
1645 2085 1766 2139 vitae
1796 2101 1908 2140 suae
1941 2102 2055 2140 me-

470 2174 796 2229 morandum
828 2190 973 2230 esse.
1004 2175 1098 2229 sed
1117 2191 1212 2244 per
1231 2176 1477 2246 singulas
1502 2178 1883 2246 generationes
1903 2195 1919 2244 ;
1940 2179 2057 2234 sive

472 2269 723 2336 perduas
749 2267 1160 2337 generationes,
1203 2268 1361 2338 queis
1401 2269 1782 2324 subindicatur
1819 2271 2054 2340 populus

471 2373 539 2412 ex
571 2357 1019 2422 circumcisione,
1046 2367 1101 2412 et
1133 2357 1381 2414 Ecclesia
1411 2374 1477 2413 ex
1519 2359 1798 2429 gentibus.
1837 2359 2056 2426 Quanto

473 2446 643 2517 igitur
674 2455 921 2515 tempore
955 2447 1132 2516 prima
1186 2448 1279 2502 illa
1332 2451 1611 2519 generatio
1660 2450 1878 2506 divinas
1927 2453 2054 2524 legit

471 2540 808 2612 Scripturas,
844 2539 1103 2596 Davidem
1136 2542 1193 2596 in
1229 2543 1492 2598 memoria
1532 2543 1770 2612 retinet;
1810 2547 2054 2600 secunda

468 2650 598 2690 vero
646 2635 946 2706 generatio,
991 2651 1114 2705 quae
1161 2636 1337 2691 electa
1377 2652 1446 2692 ex
1491 2637 1750 2693 omnibus
1797 2639 2053 2709 gentibus

471 2735 579 2792 est,
612 2728 866 2784 similiter
891 2745 1170 2799 nunquam
1208 2729 1368 2786 linem
1400 2730 1531 2784 facit
1553 2730 1810 2786 Davidem
1845 2749 2054 2788 memo-

470 2822 648 2884 randi.
680 2822 809 2893 quia
846 2824 967 2893 ejus
1010 2824 1063 2878 in
1102 2841 1198 2881 ore
1229 2835 1482 2883 versatur
1514 2831 1652 2888 liber
1679 2835 2051 2904 generationis

464 2913 598 2972 Jesu
627 2917 835 2972 Christi
876 2918 969 2972 lilii
1006 2917 1192 2975 David.
1227 2921 1283 2976 id
1323 2923 1510 2994 itaque
1553 2926 1934 2983 subindieatur
1964 2929 2051 2986 bis

466 3009 674 3074 verbis,
713 3028 732 3061 ε
778 3009 922 3065 Anni
954 3013 1075 3082 ejus
1107 3030 1280 3084 usque
1310 3015 1366 3070 in
1397 3017 1540 3072 diem
1589 3021 1961 3090 generationis
1995 3034 2051 3078 et

467 3101 864 3169 generationis.
920 3121 938 3154 ι
999 3102 1067 3157 Ει
1120 3104 1263 3160 hanc
1311 3108 1531 3176 quidem
1580 3125 1748 3179 penes
1799 3111 2049 3170 homines

465 3193 885 3249 diuturnitatem
912 3195 1201 3251 obtinebit.
1227 3198 1384 3268 Apud
1417 3199 1586 3254 Deum
1615 3211 1818 3269 autem,
1847 3204 2044 3275 inquit,

469 3301 748 3356 nunquam
788 3288 1029 3357 peribit;
1066 3289 1164 3345 sed
1210 3290 1583 3349 immortalem
1633 3302 1799 3366 atque
1830 3296 1887 3350 in
1927 3298 2051 3352 inii-

466 3375 643 3429 nitum
694 3375 986 3432 durantem
1036 3389 1233 3436 nactus
1276 3382 1468 3446 vitam,
1528 3402 1547 3435 ι
1590 3387 1936 3454 permanebit
1992 3390 2048 3444 in

460 3477 729 3523 aeternum
770 3469 826 3524 in
859 3479 1163 3540 conspectu
1205 3470 1323 3527 Dei.
1363 3491 1382 3524 ι
1417 3472 1703 3540 Quomodo
1731 3487 1912 3532 autem
1943 3479 2049 3532 du-

464 3578 590 3618 rare
622 3563 798 3632 possit
826 3570 881 3619 et
932 3562 1029 3620 Dei
1081 3563 1205 3619 vitae
1247 3566 1522 3635 coaaquari
1577 3566 1862 3622 hominum
1917 3569 2046 3637 vita,

463 3651 570 3706 sub
603 3653 717 3708 haec
745 3652 906 3709 docet
931 3655 1018 3710 his
1045 3655 1230 3712 verbis
1259 3675 1272 3710 :
1308 3675 1328 3708 ι
1361 3656 1792 3713 Misericordiam
1825 3669 1880 3715 et
1904 3661 2049 3715 veri-

465 3752 634 3798 tatem
663 3746 784 3814 ejus
801 3749 927 3816 quis
960 3749 1250 3826 requiret?
1275 3769 1293 3801 »
1328 3749 1485 3816 Quod
1508 3752 1753 3822 apertius
1776 3753 2047 3822 interpre-

465 3843 615 3891 tatus
665 3837 1029 3908 Symmachus
1089 3848 1174 3895 est
1221 3841 1452 3897 dicens:
1502 3859 1520 3893 ε
1570 3842 1942 3900 Misericordia
1992 3854 2046 3901 et

463 3929 668 3984 veritas
721 3927 1149 3988 circummuniet
1187 3933 1408 4004 ipsum;
1451 3954 1468 3986 ι
1531 3937 1783 3994 similiter
1823 3939 2041 4010 Aquila,

468 4040 487 4073 ι
529 4019 901 4078 Misericordia
949 4032 1004 4079 et
1056 4027 1260 4082 veritas
1311 4029 1608 4083 servabunt
1640 4046 1786 4086 eum.
1846 4051 1865 4084 ι
1918 4032 2044 4088 Haec

461 4114 596 4184 ipsis
629 4115 1064 4172 immortalitatis
1093 4132 1282 4185 causa,
1311 4135 1508 4190 nempe
1538 4120 1630 4175 Dei
1669 4121 2041 4177 misericordia

460 4213 515 4260 et
540 4207 743 4263 veritas
769 4227 782 4262 :
813 4223 1048 4278 quarum
1074 4225 1305 4267 consors
1335 4212 1628 4284 religiosus
1648 4215 1829 4285 quivis
1856 4215 2038 4277 homo,

458 4297 620 4366 quasi
671 4299 785 4352 sale
811 4297 1090 4365 conditus,
1125 4300 1182 4354 in
1214 4307 1476 4358 aeternam
1511 4303 1678 4357 vitam
1711 4305 2038 4361 servabitur.

458 4389 645 4460 Neque
677 4393 824 4447 enim
853 4392 999 4463 quod
1042 4395 1238 4449 similis
1283 4393 1396 4452 Deo
1429 4398 1732 4452 secundum
1785 4399 2042 4454 substan»

461 4482 591 4535 tiam
617 4483 709 4547 sit,
745 4483 866 4538 ideo
897 4485 1150 4541 similiter
1183 4488 1374 4554 vivet;
1417 4489 1513 4543 sed
1563 4491 1691 4560 quia
1749 4506 1781 4546 a
1825 4492 2042 4549 miseri:

457 4573 646 4626 cordia
683 4573 773 4628 Dei
807 4583 861 4628 et
889 4590 920 4628 a
958 4576 1186 4633 veritate
1219 4577 1341 4649 ejus
1375 4592 1752 4637 conservatur.

532 4749 696 4805 Vens.
739 4752 792 4808 9.
829 4771 848 4804 ί
895 4752 988 4810 Sic
1040 4757 1310 4826 psalmum
1370 4759 1549 4815 dicam
1581 4763 1789 4818 nomini
1842 4771 1936 4818 tuo
1982 4765 2037 4819 in

458 4844 720 4897 saeculum
771 4848 978 4915 saeculi,
1017 4859 1074 4901 ut
1107 4850 1328 4904 reddam
1387 4861 1511 4906 vota
1558 4869 1677 4908 mea
1727 4855 1796 4909 de
1839 4855 1928 4910 die
1982 4857 2038 4910 in

451 4937 622 4991 diem.
664 4957 682 4988 ο
717 4937 838 4994 "me
867 4956 993 4996 cum
1028 4940 1266 5012 Spiritus
1310 4953 1537 5002 sanctus
1586 4946 1809 5004 Davidis
1845 4950 2038 5004 anima:

456 5030 807 5100 inspirasset,
841 5035 1000 5104 quasi
1033 5050 1063 5088 a
1094 5036 1360 5104 magistro
1394 5038 1474 5093 sic
1505 5039 1756 5103 edoctus,
1785 5039 1891 5095 [ide
1920 5056 2038 5096 ser-

457 5137 674 5178 monem
725 5125 979 5196 obsignat
1024 5127 1138 5182 hac
1173 5128 1518 5184 vociferans:
1561 5149 1581 5182 ι
1642 5130 1734 5186 Sic
1764 5132 2032 5201 psalmum

451 5213 632 5268 dicam
687 5217 892 5272 nomini
925 5225 1021 5272 tuo
1059 5219 1114 5273 in
1148 5221 1408 5275 saeculum
1444 5223 1649 5279 saeculi.
1696 5245 1714 5277 ι
1745 5225 1857 5280 Nec
1903 5226 2038 5281 sim-

455 5307 670 5378 pliciter
695 5311 795 5373 ait,
831 5330 848 5362 ι
895 5311 1131 5368 Psallam
1161 5315 1368 5371 nomini
1416 5325 1510 5370 tuo
1543 5318 1598 5370 in
1651 5318 1908 5372 saeculum
1943 5334 2036 5372 sa:-

455 5395 588 5458 culi,
618 5414 636 5446 ι
673 5397 769 5451 sed
801 5397 985 5453 addita
1021 5416 1174 5466 voce,
1209 5423 1228 5452 α
1269 5400 1379 5459 Sic.
1419 5424 1436 5456 ι
1465 5403 1556 5459 Sic
1586 5409 1900 5475 quomodo?
1929 5408 2035 5463 nisi

456 5496 518 5540 ut
567 5487 806 5559 Spiritus
863 5507 1090 5552 sanctus
1149 5499 1337 5554 docuit
1388 5503 1641 5570 superius
1690 5503 1776 5559 his
1829 5505 2032 5569 verbis,

466 5598 485 5625 ι
524 5581 893 5641 Misericordia
941 5597 994 5642 et
1042 5591 1246 5645 veritas
1285 5593 1711 5649 eircummuniet
1760 5598 1958 5666 ipsum.
2010 5618 2028 5651 ι

466 5671 559 5724 Sic
590 5676 735 5728 enim
767 5679 1141 5734 misericordia
1181 5689 1274 5737 tua
1309 5691 1363 5738 et
1392 5686 1621 5742 veritate
1668 5697 1761 5742 tua
1797 5690 2036 5744 circum»

468 5766 711 5822 munitus
741 5777 796 5822 et
827 5781 1100 5836 servatus,
1147 5774 1378 5842 psallam
1413 5781 1620 5834 nomini
1651 5788 1749 5836 tuo
1775 5782 1831 5837 in
1860 5797 2037 5840 saecu-

405 5858 407 5860 ·
471 5853 581 5905 lum
609 5855 814 5908 saeculi.
847 5855 1075 5912 Conﬁdo
1108 5861 1255 5915 enim
1289 5862 1667 5920 misericordia
1697 5873 1752 5922 et
1804 5867 2033 5924 veritate

2162 1986 2260 2056 τὴν
2291 1985 2506 2040 αίώνιον
2525 1989 2687 2058 ζωήν.
2720 1988 2949 2042 Φάσκων
2977 1990 3032 2044 δὲ
3107 1989 3280 2060 λόγος,
3304 2011 3323 2044 ι
3348 1993 3430 2048 Τά
3457 1995 3550 2068 ἐτη
3579 1996 3740 2050 αὐτοῦ

2162 2077 2264 2140 ἕως
2323 2077 2536 2148 ἡμέρας
2583 2081 2776 2147 γενεᾶς
2808 2080 2900 2133 καὶ
2923 2064 3136 2150 γενεᾶς,
3178 2102 3197 2135 ι
3234 2084 3507 2155 σημαίνει,
3533 2064 3608 2152 ῶς
3637 2088 3742 2162 ἄρα

2163 2168 2310 2222 ἔσται
2343 2171 2371 2222 ό
2402 2169 2563 2224 Δαυῒδ
2580 2189 2684 2242 μνη
2695 2173 3052 2244 μονευόμενος
3073 2175 3133 2227 οὐ
3168 2175 3288 2228 καθ’
3321 2176 3381 2230 ὂν
3412 2179 3571 2250 μόνον
3597 2180 3742 2235 ὲὸίου

2163 2260 2374 2332 χρόνον,
2406 2261 2543 2315 ἀλλά
2584 2264 2678 2316 καὶ
2707 2264 2824 2317 καθ’
2853 2266 3092 2338 ἑκάστην
3120 2267 3315 2336 γενεὰν
3335 2310 3348 2334 ,
3379 2270 3410 2340 ἢ
3465 2271 3606 2325 κατά
3649 2273 3743 2326 δύο

2162 2353 2312 2416 τινὰς
2340 2354 2560 2422 γενεάς,
2596 2357 2965 2428 αἰνιττομένου
3001 2358 3093 2411 τοῦ
3134 2360 3292 2428 λόγου
3337 2363 3424 2414 τόν
3453 2380 3512 2414 τε
3546 2365 3609 2416 ὲκ
3643 2381 3740 2417 πε-

2165 2446 2396 2517 ριτομῆς
2445 2446 2572 2503 λαὸν
2606 2448 2699 2502 καὶ
2732 2449 2830 2522 τὴν
2873 2449 2931 2516 ἐξ
2989 2451 3156 2505 ἐθνῶν
3219 2454 3562 2526 Ἐκκλησίαν.
3623 2457 3738 2525 Ἐφ’

2161 2540 2285 2591 ὅσον
2315 2538 2447 2607 γοῦν
2474 2539 2664 2611 χρόνον
2691 2543 2724 2611 ἡ
2754 2541 2970 2613 γενεάή
2997 2542 3186 2616 πρώτη
3217 2547 3326 2608 τοῖς
3360 2545 3523 2610 θείοις
3546 2549 3740 2615 ἐντυγ-

2162 2632 2312 2703 χάνει
2337 2631 2648 2703 γράμμασι,
2680 2634 2833 2705 φέρει
2865 2635 2955 2688 διὰ
2989 2637 3207 2708 μνήμης
3230 2638 3320 2690 τὸν
3345 2639 3505 2692 Δαυῖδ
3529 2655 3542 2670 °
3572 2642 3668 2694 καὶ
3705 2644 3738 2712 ἡ

2160 2723 2385 2794 δευτέρα
2435 2722 2492 2776 δὲ
2523 2723 2685 2792 γενεά
2725 2726 2758 2796 ἡ
2798 2726 2894 2796 τῆς
2935 2725 2996 2791 ἐξ
3027 2727 3282 2782 ἀπάντων
3310 2729 3477 2783 ἐθνῶν
3510 2731 3740 2804 ἐκλογῆς

2160 2815 2420 2878 ὡσαύτως
2452 2815 2545 2869 τοῦ
2587 2815 2750 2870 Δαυῒδ
2782 2818 2976 2871 οὔποτε
3004 2819 3266 2874 διαλείπει
3303 2823 3736 2894 μνημονεύουσα,

2157 2904 2246 2958 διά
2292 2905 2352 2958 τὸ
2384 2906 2568 2978 φέρειν
2623 2908 2726 2961 ἀνά
2761 2909 2937 2979 στόμα
2975 2911 3072 2982 τὴν
3117 2910 3296 2980 βίϐλον
3327 2914 3426 2985 τῆς
3471 2915 3740 2984 γενέσεως

2173 3000 2344 3071 Ἰησοῦ
2385 3001 2619 3072 Χριστοῦ
2671 3001 2764 3054 τοῦ
2816 3003 2931 3056 υἱοῦ
2965 3005 3144 3058 Δαυῖδ.
3183 3005 3351 3060 Τοῦτο
3382 3003 3475 3062 οῦν
3520 3010 3736 3080 ᾐνίξατο

2158 3099 2335 3166 φήσας
2358 3097 2388 3149 ό
2416 3095 2602 3165 λόγος⁹
2629 3117 2646 3148 ι
2667 3097 2748 3151 Τά
2769 3097 2860 3169 ἔτη
2884 3100 3048 3152 αὑτοῦ
3072 3099 3176 3164 ἕως
3199 3101 3410 3174 ἡμέρας
3425 3106 3618 3171 γενεᾶς
3643 3107 3734 3160 καὶ

2157 3191 2368 3257 γενεᾶς.
2397 3209 2414 3240 ι
2452 3191 2559 3243 Καὶ
2587 3192 2644 3244 ἐν
2673 3191 2770 3262 μὲν
2809 3191 3116 3264 ἀνθρώποις
3131 3194 3335 3266 ταύτης
3360 3195 3607 3261 τεύξεται
3635 3200 3730 3268 τῆς

2157 3284 2498 3354 μακρότητος
2517 3302 2530 3314 ·
2563 3286 2712 3356 παρά
2738 3285 2794 3338 δὲ
2820 3285 2970 3357 αὐτῷ
3009 3286 3086 3357 τῷ
3115 3287 3234 3358 Θεῷ
3269 3287 3462 3342 οὔποτε
3484 3329 3497 3353 ,
3547 3292 3724 3360 φησὶν,

2152 3376 2431 3430 ἀπολεῖται
2451 3392 2466 3406 θ
2490 3377 2758 3431 ἀθανάτου
2787 3379 2844 3432 δὲ
2880 3380 2974 3432 καὶ
3008 3381 3090 3443 εἰς
3122 3379 3350 3450 ἄπειρον
3403 3382 3725 3455 διαρκούσης

2152 3469 2300 3539 ζωῆς
2337 3469 2547 3540 τυχὼν,
2590 3490 2609 3522 ‹
2647 3471 2896 3542 διαμενεῖ
2939 3474 3019 3537 εἰς
3051 3472 3142 3526 τὸν
3179 3474 3352 3526 αἰῶνα
3381 3473 3604 3528 ἐνώπιον
3631 3475 3724 3528 τοῦ

2149 3561 2306 3615 Θεοῦ.
2351 3581 2369 3613 ι
2410 3562 2534 3626 Πῶς
2564 3562 2620 3614 δὲ
2641 3563 2883 3633 διαρκεῖν
2911 3566 3005 3618 καὶ
3043 3568 3108 3638 τῇ
3146 3565 3239 3619 τοῦ
3270 3565 3408 3620 Θεοῦ
3452 3565 3564 3638 ζωῇ
3596 3584 3731 3638 συμ-

2151 3655 2602 3725 παρεκτείνεσθαι
2635 3654 2921 3727 ἀνθρώπου
2949 3657 3109 3726 φύσις
3135 3658 3221 3711 οἵα
3247 3675 3305 3712 τε
3335 3659 3400 3712 ἂν
3433 3659 3516 3731 εἴη
3540 3699 3555 3722 ,
3589 3659 3732 3714 διδά-

2152 3763 2273 3798 σκει
2299 3745 2423 3817 ἑξῆς
2456 3745 2680 3816 φάσκων
2700 3765 2712 3776 ·
2751 3767 2768 3798 ι
2813 3749 3000 3812 Ἔλεος
3034 3749 3126 3802 καὶ
3157 3749 3414 3822 ἀλήθειαν
3439 3750 3521 3814 τίς
3562 3749 3728 3820 ἐκζη-

2146 3839 2300 3909 τήσει
2329 3837 2528 3902 aii-:05;
2558 3857 2574 3888 ι
2605 3839 2780 3911 Ὅπερ
2808 3841 3139 3912 σαφέστερον
3166 3844 3510 3913 ἡρμήνευσεν
3529 3845 3557 3896 ό
3583 3842 3731 3913 Σύμ-

2150 3949 2322 4002 μαχος
2378 3933 2578 3985 εἰπών’
2645 3951 2664 3984 ι
2725 3934 2913 3997 Ἔλεος
2974 3937 3068 3988 καὶ
3121 3935 3345 4006 ἀλήθεια
3403 3933 3726 4008 περιφράξει

2146 4024 2308 4078 αὐτόν
2334 4039 2346 4052 ’
2390 4044 2407 4074 ι
2446 4024 2540 4078 καὶ
2569 4027 2598 4080 ὁ
2633 4025 2865 4090 Ἀκύλας
2903 4027 3139 4098 ὁμοίως,
3176 4045 3194 4079 ι
3241 4028 3429 4092 Ἔλεος
3471 4029 3565 4082 καὶ
3591 4028 3726 4100 ἀλή-

2146 4115 2267 4168 θεια
2295 4116 2711 4187 διατηρήσουσιν
2736 4119 2918 4172 αὐτόν.
2970 4139 2987 4168 ›
3020 4119 3206 4173 Ταῦτα
3236 4119 3343 4191 γὰρ
3389 4120 3488 4190 τῆς
3526 4121 3729 4174 ἀθανα-

2148 4209 2268 4272 σίας
2297 4209 2446 4280 αύτῴ
2496 4210 2647 4262 ἔσται
2698 4209 2868 4270 αἴτια,
2901 4209 2962 4262 τὸ
2987 4209 3080 4263 τοῦ
3111 4209 3244 4263 Θεοῦ
3280 4211 3426 4274 ἔλεος
3456 4211 3550 4265 καὶ
3587 4210 3725 4282 ἀλή-

2145 4298 2264 4354 θεια
2283 4318 2295 4329 ·
2321 4293 2396 4352 ὧν
2425 4299 2856 4371 μεταλαμϐάνων
2886 4302 2994 4364 πᾶς
3020 4301 3049 4352 ὁ
3074 4300 3326 4372 θεοφιλὴς
3351 4342 3366 4365 ,
3402 4301 3591 4374 ῶσπερ
3616 4301 3726 4357 ἀπὸ

2145 4391 2287 4445 ἁλῶν
2321 4391 2632 4463 ἁλιζόμενος
2657 4431 2672 4456 ,
2710 4391 3112 4463 φυλαχθήσεται
3163 4396 3243 4457 εἰς
3293 4393 3509 4448 αἰώνιον
3554 4394 3720 4466 ζωήν.

2147 4484 2222 4536 Οὐ
2269 4484 2378 4555 γάρ
2428 4485 2492 4554 δὴ
2543 4484 2748 4553 ὁμοίως
2802 4485 2880 4556 τῷ
2905 4486 3025 4558 Θεῷ
3058 4487 3318 4558 πεφυκὼς
3364 4489 3462 4560 τὴν
3511 4487 3720 4554 οὐσίαν,

2070 4587 2115 4642 Ι)
2143 4575 2344 4646 ὁμοίως
2378 4575 2524 4646 αὐτῷ
2553 4576 2796 4648 ζήσεται,
2826 4579 2939 4630 ἀλλ’
2973 4580 3078 4633 ὑπὸ
3117 4579 3208 4632 τοῦ
3244 4580 3424 4645 ἐλέους
3453 4578 3546 4634 τοῦ
3586 4578 3721 4632 Θεοῦ

2143 4671 2235 4722 καὶ
2267 4670 2370 4722 ὑπὸ
2401 4670 2497 4740 τῆς
2528 4669 2784 4740 ἀληθείας
2812 4671 2978 4724 αὑτοῦ
3006 4673 3478 4742 διακρατούμενος.

2215 4781 2231 4811 ε
2269 4761 2455 4824 Οῦτως
2481 4760 2636 4830 ψαλῶ
2657 4761 2733 4832 τῷ
2757 4763 2983 4832 ὀνόματί
3020 4781 3115 4817 σου
3170 4766 3250 4830 εἰς
3288 4764 3380 4818 τὸν
3420 4763 3592 4819 αἰῶνα
3625 4762 3718 4818 τοῦ

2139 4854 2350 4917 αἰῶνος,
2379 4852 2473 4906 τοῦ
2504 4853 2792 4908 ἀποδοῦναί
2824 4873 2893 4926 με
2931 4856 3028 4920 τάς
3063 4856 3229 4926 εὐχάς
3269 4874 3372 4927 μου
3417 4857 3628 4930 ἡμέραν
3659 4854 3717 4921 ἐξ

2140 4944 2370 5015 ἡμέρας.
2414 4963 2433 4998 ι
2463 4944 2647 4998 Ταῦτα
2682 4946 2775 5000 τοῦ
2806 4947 2960 5015 ἁγίου
2991 4949 3309 5018 Πνεύματος
3338 4951 3404 5020 τῇ
3436 4948 3531 5002 τοῦ
3558 4946 3718 5002 Δαυῖδ

2141 5039 2522 5108 ὑφηγήσαντος
2557 5040 2728 5112 ψυχῇ,
2762 5041 2948 5112 μαθὼν
2976 5041 3166 5113 ὥσπερ
3199 5042 3350 5115 παρά
3392 5041 3716 5096 διδασκάλου

2139 5131 2206 5183 τὰ
2231 5129 2505 5200 λεχθέντα,
2530 5129 2984 5202 ὲπισφραγίζεται
3008 5134 3075 5202 τῇ
3103 5132 3281 5185 πίστει
3303 5131 3393 5185 τὸν
3413 5131 3568 5200 λόγον
3591 5131 3718 5184 ἀνα-

2139 5220 2330 5288 φωνῶν
2363 5221 2457 5275 καὶ
2480 5221 2684 5290 λέγων’
2724 5241 2743 5274 ι
2786 5222 2942 5275 Οῦτω
2969 5223 3123 5293 ψαλῶ
3155 5224 3232 5294 τῷ
3253 5225 3477 5295 ὀνόματί
3516 5241 3606 5278 σου
3637 5226 3716 5287 εἰς

2137 5313 2228 5366 τὸν
2257 5313 2428 5367 αίῶνα
2453 5313 2546 5368 τοῦ
2573 5313 2768 5377 αἰῶνος
2787 5333 2800 5344 ·
2831 5335 2848 5366 ι
2869 5317 2965 5387 οὐχ
2985 5316 3173 5379 ἀπλῶς
3196 5317 3273 5382 δὲ,
3296 5336 3314 5368 ι
3339 5315 3532 5382 Ψαλῶ,
3557 5314 3712 5384 φησιν

2136 5406 2214 5476 τῷ
2241 5407 2464 5477 ὀνόματί
2513 5423 2606 5459 σου
2658 5409 2737 5470 εἰς
2789 5407 2883 5460 τὸν
2911 5407 3083 5462 αἰῶνα
3129 5408 3224 5461 τοῦ
3253 5407 3482 5474 αἰῶνος,
3521 5426 3540 5462 ι
3578 5405 3714 5461 ἀλλά

2141 5498 2276 5568 μετά
2311 5497 2626 5570 προσθήκης
2659 5496 2782 5566 τῆς,
2823 5516 2842 5547 ‹
2881 5496 3054 5552 Οὕτω.
3101 5518 3120 5550 ι
3148 5497 3274 5561 Πῶς
3303 5497 3360 5550 δὲ
3391 5496 3566 5562 οῦτω;
3597 5493 3713 5550 ἀλλ’

2136 5593 2210 5655 ὼς
2238 5591 2550 5662 προεδίδαξε
2572 5592 2631 5644 τὸ
2659 5591 2882 5662 Πνεῦμα
2910 5593 2970 5646 τὸ
3015 5591 3168 5660 ἅγιον
3206 5593 3385 5663 φῆσαν
3410 5609 3423 5623 ·
3465 5611 3484 5643 ‹
3523 5591 3705 5652 Ἔλεος

2137 5682 2477 5752 κα“ιάλὴθεια
2511 5683 2836 5755 περιφράξει
2862 5684 3044 5737 αὐτόν.
3087 5703 3104 5735 ι
3133 5683 3289 5736 Οὕτω
3333 5684 3440 5752 γάρ
3471 5681 3576 5734 ὑπὸ
3611 5680 3706 5734 τοῦ

2137 5773 2230 5826 σοῦ
2256 5773 2436 5838 ἐλέους
2463 5775 2558 5829 καὶ
2581 5774 2686 5827 ὑπὸ
2717 5775 2814 5844 τῆς
2841 5774 2942 5844 σῆς
2972 5774 3228 5847 ἀληθείας
3269 5773 3706 5846 περιφραττόμε-

2134 5884 2222 5930 νος
2256 5867 2350 5920 καὶ
2377 5865 2815 5937 διατηρούμενος,
2848 5865 3005 5937 ψαλῶ
3034 5865 3114 5937 τῷ
3140 5865 3363 5938 ὀνόματί
3393 5882 3487 5919 σου
3511 5865 3592 5928 είς
3615 5863 3706 5918 τὸν
