4090 6426
421 385 529 442 58$

1548 386 2062 444 COMMENTARIA
2106 390 2171 445 IN
2206 388 2549 446 PSALMOS.

3578 395 3685 451 586

418 504 594 559 αἰῶνα
612 502 705 560 τοῦ
729 504 943 569 αἰῶνος.
974 503 1298 574 Τεθὰρσηκα
1328 505 1434 577 γὰρ
1464 504 1611 577 ζωῆς
1642 508 1862 562 αἰωνίου
1882 509 1975 562 τεύ

2107 520 2219 575 tua,
2257 527 2364 567 non
2397 527 2518 566 mea
2550 510 2771 574 virtute,
2807 524 2893 565 me
2926 510 3091 565 vitam
3146 519 3424 576 aeternam,
3480 523 3535 570 et
3567 531 3685 571 eam

420 598 606 664 ξεσθαι
630 597 726 652 καλ⁸
747 597 1046 661 ἀθανασίας
1081 599 1180 668 τῆς
1201 599 1353 669 παρὶι
1381 599 1463 651 σο)⁸
1494 598 1581 652 διὰ
1610 600 1703 653 τὸν
1740 601 1831 653 σὸν
1854 600 2001 653 ἔλεον

416 688 513 747 κᾶὶ
539 691 627 746 διὰ
658 692 758 763 τὴν
788 691 887 762 σὴν
925 689 1205 762 ἀλήθειαν,
1230 688 1344 743 ἀλλ’
1368 691 1431 743 ού
1456 690 1546 743 διὰ
1569 691 1668 754 τὰς
1698 692 1839 762 ἐμὰς
1870 692 1999 762 ἀρε-

414 783 531 848 τᾶς.
579 803 597 836 ι
632 783 820 847 Οὕτως
874 778 969 836 οὖν
1020 782 1176 853 ψαλῶ
1224 782 1302 853 τῷ
1350 783 1576 853 ὀνόματί
1638 801 1733 837 σου
1781 785 1862 848 είς
1908 785 2000 837 τὸν

413 875 586 928 αἰῶνα
621 873 718 928 τοῦ
747 874 963 938 αἰῶνος,
991 873 1085 927 τοῦ
1117 873 1411 929 ἀποδοῦναί
1446 892 1514 945 με
1541 874 1641 939 τὰς
1683 876 1849 946 εὐχάς
1895 893 1997 946 μου

414 967 628 1040 ἡμέραν
658 968 716 1036 ἐξ
736 967 985 1039 ἡμέρας·
1021 987 1039 1019 ›
1074 966 1107 1038 ῆ
1138 966 1281 1021 κατὰ
1298 966 1388 1021 τὸν
1418 966 1734 1038 Σύμμαχον,
1777 986 1796 1018 ι
1832 967 1995 1027 Ἀπο-

411 1058 588 1122 διδοὺς
618 1057 717 1121 τὰς
744 1058 909 1129 εύχάς
945 1075 1047 1129 μου
1074 1057 1196 1111 καθ’
1218 1058 1457 1128 ἑκάστην
1496 1058 1731 1129 ἡμέραν.
1780 1077 1799 1108 ι
1834 1057 2001 1110 Ούδε-

413 1148 634 1203 πώποτε
688 1150 796 1222 γὰρ
838 1148 1203 1220 ἀπολείψομαι
1256 1149 1349 1203 τοῦ
1404 1148 1478 1220 μὴ
1534 1148 1845 1203 ἀποδιδόναι
1902 1148 1998 1212 τὰς

412 1242 554 1312 ἐμὰς
584 1242 939 1311 ἐπαγγελίας,
972 1240 1161 1313 ῶσπερ
1186 1240 1411 1309 ὀφειλὰς
1433 1241 1701 1312 διηνεκεῖς
1750 1240 1846 1294 καὶ
1874 1240 1998 1311 ἐμοὶ

413 1333 736 1404 σωτηρίους.
774 1333 988 1398 Ταύτας
1016 1334 1126 1407 γὰρ
1151 1334 1443 1388 διατελέσω
1481 1333 1576 1387 καὶ
1600 1334 1682 1397 εἰς
1726 1332 1817 1386 τὸν
1841 1333 1998 1386 ἄπει-

412 1442 506 1497 ρον
531 1426 701 1479 αἰῶνα
733 1426 1036 1490 ἀποδιδούς.
1070 1427 1207 1481 Οὐδὲ
1238 1426 1346 1498 γὰρ
1376 1426 1544 1498 ἀργὸς
1575 1428 1670 1480 καὶ
1714 1426 1995 1497 ἄπρακτος

409 1516 605 1588 ἔσομαι
630 1518 751 1572 κατ’
785 1518 1000 1590 ἐκείνην
1027 1518 1125 1590 τὴν
1156 1518 1375 1573 αἰώνιον
1409 1518 1590 1591 ζωὴν,
1621 1518 1721 1590 τὴν
1761 1518 1818 1571 δὲ
1859 1516 1995 1587 πρέ-

2110 617 2231 671 quae
2252 602 2394 672 apud
2427 611 2480 657 te
2500 609 2586 657 est
2608 602 3071 658 immortalitatem
3101 603 3444 673 adepturum.
3483 625 3501 656 ι
3542 605 3635 663 Sic
3664 628 3682 660 ι

2108 689 2293 758 itaque
2329 707 2348 741 ι
2388 690 2615 761 psallam
2648 690 2855 744 nomini
2885 703 2981 745 tuo
3012 692 3065 746 in
3095 694 3354 748 saeculum
3383 697 3588 757 saeculi,
3630 707 3687 751 ut

2110 781 2333 836 reddam
2367 790 2490 838 vota
2519 797 2637 838 mea
2661 782 2729 838 de
2756 782 2846 838 die
2875 784 2929 838 in
2960 785 3101 839 diem
3127 802 3141 851 ;
3182 806 3201 838 ι
3239 787 3354 841 sive
3383 790 3683 843 secundum

2111 871 2519 944 Symmachum,
2575 891 2595 925 ι
2655 872 2909 930 Rcddens
2957 882 3079 930 vota
3119 891 3239 931 mea
3291 878 3522 948 singulis
3573 881 3686 933 dic-

2108 965 2233 1021 bus.
2269 983 2289 1017 ι
2343 963 2632 1035 Nunquam
2686 980 2820 1022 sane
2875 966 3124 1022 desinam
3173 969 3464 1038 promissis
3515 977 3682 1033 stare,

2105 1057 2264 1129 quasi
2311 1058 2590 1127 perpetuis
2635 1057 2880 1127 mihique
2932 1058 3268 1116 salutaribus
3313 1059 3533 1116 debitis.
3590 1060 3686 1114 llla

2076 1151 2251 1206 enim
2276 1150 2360 1205 vel
2385 1165 2486 1220 per
2512 1148 2725 1203 inﬁnita
2770 1150 2969 1205 saecula
3018 1151 3248 1207 reddere
3296 1152 3680 1222 perseverabo.

2106 1239 2386 1311 Siquidem
2420 1254 2530 1294 non
2574 1239 2807 1304 otiosus,
2842 1254 2957 1294 non
3006 1254 3172 1309 opere
3218 1254 3424 1295 vacuus
3477 1242 3533 1294 in
3590 1241 3681 1294 illa

2101 1344 2305 1388 aeterna
2332 1332 2443 1385 vita
2475 1345 2613 1397 ero;
2645 1328 2743 1384 sed
2771 1337 3163 1401 congruentem
3192 1328 3543 1401 debitamque
3573 1327 3684 1384 Deo

2102 1422 2178 1477 ibi
2230 1436 2452 1493 operam
2501 1420 2793 1492 praestabo.
2851 1419 2979 1476 Haec
3026 1406 3227 1492 quippe
3265 1429 3352 1477 est
3402 1423 3586 1477 debita
3631 1430 3685 1476 et

2098 1512 2204 1584 ipsi
2234 1528 2547 1582 congruens
2572 1521 2836 1582 perpetua
2870 1513 3171 1584 gratiarum
3201 1515 3363 1569 actio.

409 1624 617 1662 πουσαν
663 1610 759 1662 καὶ
799 1610 1157 1684 ὀφειλομένην
1204 1611 1490 1677 ἀποδιδοὺς
1521 1610 1602 1682 τῷ
1656 1608 1777 1680 Θεῷ
1818 1609 1984 1663 κὰκεί
2020 1604 2219 1678 πρᾶξιν
2254 1603 2568 1658 διατελέσω.
2604 1602 2754 1676 Αὖτη
2797 1604 2854 1658 δέ
2925 1607 3074 1661 ἐστιν
3111 1607 3144 1678 ἡ
3218 1606 3545 1677 ὀφειλομένη
3587 1602 3707 1685 καὶ.

407 1698 557 1771 αὐτῷ
582 1701 864 1773 πρέπουσα
885 1702 1138 1774 διηνεκὴς
1169 1704 1491 1774 εὐχαριστία
1520 1704 1618 1773 (1).

405 1816 518 1872 ΕΙΣ
567 1818 655 1871 ΤΟ
692 1819 946 1885 ΤΕΛΟΣ,
996 1819 1182 1874 ΥΠΕΡ
1230 1821 1513 1876 ΙΔΙΘΟΥΜ
1563 1820 1858 1875 ΨΑΛΜΟΣ
1912 1816 1998 1887 Ti)
2033 1823 2073 1875 Β

1023 1890 1220 1944 ΔΑΥΙΔ
1253 1891 1380 1945 ΞΝ.

481 2022 502 2055 ι
543 2004 679 2075 Οὐχὶ
705 2004 784 2076 τῷ
823 2004 943 2077 θεῷ
968 2005 1373 2076 ὑποταγήσεται
1406 2006 1439 2076 ἡ
1488 2005 1633 2077 ψυχή
1672 2020 1809 2075 μου;
1860 2006 1993 2075 παρ’

402 2087 551 2161 αὐτῷ
592 2092 702 2163 γάρ
731 2092 792 2145 τὸ
825 2089 1099 2165 Σωτήριόν
1142 2111 1264 2165 μου.
1307 2112 1325 2146 ι
1367 2095 1424 2147 ’0
1481 2093 1581 2165 μὲν
1629 2092 1993 2165 προκείμενος

407 2180 614 2253 ψαλμὺς
642 2182 859 2256 εἴρηται
894 2183 995 2257 μὲν
1017 2179 1096 2256 τῷ
1124 2183 1309 2249 Δαυῒδ,
1336 2184 1626 2259 πρόκειται
1650 2184 1708 2239 δὲ
1749 2187 1814 2257 τῇ
1865 2185 1989 2238 ἐπι-

405 2276 625 2346 γραφῇ,
659 2290 683 2329 ι
733 2275 874 2348 ὑπὲρ
940 2271 1210 2348 Ἰδιθούμ·
1252 2296 1271 2329 ι
1313 2274 1654 2341 διδάσκοντος
1686 2277 1837 2348 ἡμᾶς
1892 2275 1987 2329 τοῦ

401 2363 581 2434 λόγου,
606 2366 683 2432 ὡς
714 2367 823 2439 ἄρα
845 2369 875 2423 ὁ
903 2368 1086 2433 Δαυῒδ,
1129 2369 1268 2442 ὑπὲρ
1296 2368 1392 2423 τοῦ
1450 2368 1687 2440 ’ῐδιθοὺμ
1720 2367 1989 2435 συντάξας

397 2456 490 2511 τὸν
511 2456 745 2530 ψαλμὸν,
781 2459 1099 2533 παρέδωκεν
1123 2461 1272 2534 αὐτῷ
1295 2462 1547 2534 μελετᾷν,
1578 2462 1674 2516 καὶ
1695 2461 1818 2515 ἀντὶ
1843 2462 1988 2531 ἐπῳ-

399 2546 492 2620 δῆς
530 2550 764 2623 χρῆσθαι
786 2553 867 2617 είς
890 2551 1209 2625 θεραπείαν,
1239 2556 1527 2625 συμφορᾶς
1560 2570 1707 2618 τινος
1755 2555 1987 2624 ἐπισυμ-

398 2641 573 2714 6άσης
601 2644 768 2715 αὐτῷ.
813 2646 922 2698 Kai.
953 2647 981 2698 ό
1005 2646 1047 2700 λ’
1077 2647 1135 2701 δὲ
1166 2647 1260 2700 καὶ
1296 2652 1346 2717 η’
1368 2646 1753 2718 ἐπεγέγραπτο
1776 2686 1791 2712 ,
1837 2665 1856 2698 ι
1891 2647 1985 2710 Είς

393 2731 457 2785 τὸ
484 2734 656 2799 τέλος,
687 2734 765 2806 τῷ
810 2735 1064 2808 Ἰδιθοὺμ,
1088 2737 1201 2808 ᾠδὴ
1252 2736 1350 2790 τοῦ
1383 2737 1576 2791 Δαυῖδ·
1622 2755 1645 2789 ι
1695 2738 1754 2791 ἐν
1888 2737 1984 2791 καὶ

395 2826 543 2897 αὐτῷ
566 2827 768 2897 ὁμοίως
791 2826 1142 2882 διδασκαλίαν
1174 2828 1462 2901 παρεδίδου
1492 2832 1522 2883 ὁ
1554 2828 1716 2882 Δαυῖδ
1738 2826 1815 2900 τῷ
1859 2830 1980 2883 Ἰδι-

394 2916 539 2990 θοὺμ
565 2918 652 2972 διὰ
680 2919 779 2990 τὴν
806 2919 997 2991 αὐτὴν,
1040 2915 1194 2991 οἶμαι
1220 2961 1236 2986 ,
1285 2921 1648 2977 κατάστασιν.
1715 2922 1981 2978 Ἐνταῦθα

399 3002 500 3078 μέν
532 3007 640 3079 γὰρ
690 3007 973 3064 λέλεκται·
1011 3029 1031 3064 ι
1062 3011 1138 3065 Ού
1196 3011 1272 3085 μὴ
1325 3011 1572 3067 σαλευθῶ
1623 3014 1715 3067 ἐπὶ
1772 3013 1974 3068 πλεῖον.

399 3099 544 3165 Ἕως
582 3100 711 3153 πότε
733 3101 1041 3156 ἐπιτίθεσθε
1069 3106 1156 3159 ἐπ’
1189 3104 1495 3177 ἄνθρωπον,
1527 3105 1815 3176 φονεύεσθε
1843 3108 1979 3162 πάν-

2170 1813 2248 1883 ,1.
2306 1809 2373 1863 IN
2426 1806 2662 1871 FINEM,
2691 1806 3208 1883 _pno_1t_)1__rnun
3262 1809 3592 1869 PSALMUS

2690 1876 2900 1933 DAVID
2951 1878 3088 1934 LXI.

2166 1996 2332 2053 Vens.
2372 1997 2427 2060 2,
2460 1996 2511 2051 5.
2577 2014 2597 2049 ‹
2636 1994 2830 2052 Nonne
2880 1994 2994 2052 Deo
3046 1995 3293 2067 subjecta
3338 1999 3446 2053 erit
3493 1998 3678 2054 anima

2095 2090 2258 2147 mea?
2281 2090 2351 2145 ab
2380 2092 2500 2160 ipso
2529 2089 2676 2145 enim
2710 2087 2969 2144 Salutare
3006 2103 3209 2145 meum.
3253 2107 3272 2142 ι
3304 2087 3405 2144 Hic
3430 2090 3677 2160 psalmus

2094 2182 2285 2238 Davidi
2318 2182 2537 2253 quidem
2582 2182 2765 2238 dictus
2795 2191 2902 2246 est,
2934 2181 3285 2251 inscriptioni
3312 2196 3479 2251 porro
3512 2180 3678 2237 addi-

2091 2284 2202 2339 tur,
2243 2294 2263 2327 t
2302 2290 2405 2346 pro
2437 2273 2696 2331 ldithum.
2735 2294 2754 2326 ι
2790 2273 3002 2341 Quibus
3052 2275 3369 2339 edocemur,
3413 2273 3675 2329 Davidem

2089 2384 2215 2423 cum
2250 2382 2351 2439 pro
2378 2366 2613 2423 ldithum
2644 2368 2916 2439 psalmum
2965 2365 3312 2431 adornasset,
3358 2368 3470 2440 ipsi
3502 2366 3676 2423 tradi-

2088 2460 2238 2517 disse
2268 2460 2336 2515 ad
2367 2459 2737 2515 meditandum
2768 2477 2785 2527 ;
2820 2467 2881 2515 ut
2910 2474 2997 2523 eo,
3026 2459 3308 2516 accidente
3338 2460 3675 2526 calamitate,

2087 2551 2249 2623 quasi
2301 2551 2713 2607 incantamento
2770 2558 3020 2607 uteretur
3067 2551 3137 2606 ad
3194 2551 3484 2607 medelam.
3541 2553 3674 2612 Item

2087 2643 2616 2713 xxxvminscriptns
2635 2648 2722 2697 est
2747 2660 2766 2697 ς
2804 2659 2823 2693 ι
2848 2641 2908 2697 ln
2932 2642 3117 2706 ﬁnem,
3141 2641 3248 2712 ipsi
3268 2641 3675 2711 ldithum,cam

2086 2735 2257 2788 ticum
2288 2733 2526 2789 Davidis.
2562 2752 2582 2785 ι
2615 2734 2674 2787 ln
2703 2748 2814 2803 quo
2842 2732 3097 2788 similiter
3139 2731 3309 2787 David
3360 2732 3670 2790 doctrinam

2085 2824 2444 2897 ipslldithum
2472 2826 2527 2880 in
2555 2825 2672 2896 pari
2715 2839 2924 2888 rerum,
2951 2831 3013 2878 ut
3059 2823 3315 2888 arbitror,
3354 2824 3675 2882 conditione

2081 2918 2327 2975 tradidit.
2352 2917 2486 2975 Nam
2515 2918 2605 2973 hic
2634 2917 2879 2973 dicitur:
2917 2937 2937 2970 ι
2972 2915 3093 2972 Non
3131 2918 3391 2974 movebar
3411 2919 3670 2990 amplius.

2081 3011 2383 3084 Quousque
2410 3012 2626 3068 irruitis
2653 3012 2710 3067 in
2740 3011 3016 3066 hominem
3044 3009 3398 3073 ?interﬁciu‘s
3427 3012 3668 3069 universi

2078 3116 2199 3158 vos.
2238 3120 2259 3154 ι
2293 3099 2352 3156 1η
2385 3117 2596 3156 xxxvm
2642 3111 2829 3156 autem
2861 3119 2875 3155 :
2929 3118 2948 3152 ‹
3004 3100 3142 3155 Cum
3173 3100 3501 3167 consisteret
3542 3118 3672 3175 pec-

390 3207 480 3254 τες
508 3192 706 3263 ύμεῖςς
756 3212 775 3245 ι
814 3195 872 3247 ἐν
916 3194 973 3248 δὲ
1012 3195 1091 3268 τῷ
1119 3198 1234 3268 λη¹ο
1274 3216 1295 3249 r
1338 3198 1427 3251 ’Ev
1475 3197 1557 3270 τῷ
1593 3199 1853 3270 συστῆναι
1884 3200 1977 3254 τὸν

2082 3203 2235 3251 calor
2257 3196 2550 3252 adversum
2583 3210 2692 3264 me,
2726 3194 2977 3250 obmutui
3006 3203 3060 3249 et
3092 3194 3413 3252 humiliatus
3449 3210 3595 3262 sum,
3616 3204 3672 3252 et

389 3281 712 3352 ἁμαρτωλὸν
734 3284 978 3342 ἐναντίον
1001 3305 1124 3360 μου,
1142 3286 1443 3360 ἐκωφώθην
1462 3288 1558 3344 καὶ
1579 3290 1972 3366 ἐταπεινώθην,

387 3371 482 3426 καὶ
504 3372 739 3446 ἐσίγησα
774 3373 835 3442 ἐξ
866 3376 1108 3447 ἀγαθῶν,
1145 3381 1326 3435 καὶτὸ
1357 3380 1586 3453 άλγημά
1623 3396 1724 3453 μου
1757 3384 1978 3439 ἀνεκαι-

384 3463 544 3538 νίσθη
571 3482 586 3496 ·
620 3484 641 3519 ι
673 3467 769 3522 καὶ
792 3469 954 3525 πάλιν
978 3489 992 3503 ο
1023 3491 1043 3525 r
1088 3473 1221 3527 Ἀπὸ
1250 3472 1440 3528 πασῶν
1464 3475 1574 3530 τῶν
1600 3476 1842 3548 ἀνομιῶν
1872 3495 1973 3550 μου

387 3557 549 3629 ῥῦσαί
577 3577 645 3632 με
665 3576 679 3592 ’
704 3561 906 3627 ὕνειδος
936 3563 1130 3638 ἄφρονι
1152 3562 1361 3632 ἔδωκάς
1389 3585 1478 3640 με.
1514 3588 1532 3621 ι
1564 3563 1677 3624 Καὶ
1722 3570 1819 3626 θέα
1850 3574 1977 3628 τίνα

383 3650 587 3723 τρόπον
610 3653 867 3723 ἐμφαίνει
896 3655 965 3710 δι’
985 3656 1317 3730 ἀμφοτέρων
1336 3658 1397 3712 ἐν
1416 3660 1708 3734 πειρασμῷ
1728 3680 1834 3717 τινι
1892 3663 1975 3730 ἐξ·

381 3742 618 3815 ητάσθαι
647 3745 742 3800 καὶ
768 3746 919 3801 δεινὰ
958 3748 1283 3804 πεπονθέναι
1304 3765 1321 3782 ο
1346 3751 1429 3804 διὸ
1472 3750 1677 3817 ταύτας
1718 3756 1973 3826 προσίετο

381 3834 482 3901 τὰς
503 3836 706 3907 φωνάς.
731 3839 840 3893 Καὶ
868 3841 926 3893 ἐν
950 3841 1048 3911 μὲν
1067 3840 1147 3912 τῷ
1164 3841 1305 3912 μετὰ
1331 3845 1521 3916 χεῖρας
1543 3843 1742 3917 ψαλμῷ
1765 3846 1973 3919 προϊών

383 3945 557 4001 φησι·
596 3949 617 3982 r
654 3931 803 4003 Πλὴν
837 3932 1055 4002 μάταιοι
1088 3935 1139 3986 οἱ
1172 3935 1281 3988 υίοὶ
1318 3935 1428 3989 τῶν
1465 3935 1803 4007 ἀνθρώπων,
1831 3936 1969 4007 ψευ-

379 4018 490 4084 δεῖς
518 4019 625 4075 υἱοὶ
653 4018 763 4076 τῶν
789 4022 1093 4095 ἀνθρώπων
1121 4026 1179 4079 ἐν
1205 4023 1410 4093 ζυγοῖς,
1437 4024 1530 4080 τοῦ
1568 4025 1823 4098 ἀδικῆσαι
1867 4030 1969 4084 αύ-

379 4113 465 4167 τοὶ
496 4116 561 4169 ἐκ
594 4115 958 4187 ματαιότητος
982 4118 1075 4171 ἐπὶ
1107 4114 1168 4172 τὸ
1196 4117 1329 4173 αὑτὸ
1350 4135 1366 4152 ο
1408 4137 1427 4171 ι
1462 4120 1557 4174 καὶ
1578 4121 1644 4174 ἐν
1678 4119 1876 4191 ἐκείνῳ
1909 4120 1968 4174 δὲ

377 4205 583 4278 ὁμοίως
634 4207 855 4279 εἴρητο*
914 4227 933 4261 ι
970 4208 1121 4282 Πλὴν
1173 4208 1243 4263 τὰ
1302 4205 1597 4283 σύμπαντα
1646 4215 1964 4284 ματαιότης,

379 4298 490 4363 πᾶς
519 4298 805 4372 ἄνθρωπος
841 4299 949 4368 ζῶν
972 4321 990 4336 ·
1022 4303 1116 4356 καὶ
1142 4302 1307 4357 πάλιν
1332 4318 1345 4332 ⁸
1389 4322 1408 4348 ο
1449 4304 1594 4376 Πλὴν
1633 4305 1811 4377 μάτην
1858 4308 1968 4369 πᾶς

375 4388 695 4461 ἄνθρωπος·
752 4412 771 4444 ι
836 4390 982 4467 ἅπερ
1011 4395 1164 4450 οὐδὲν
1202 4394 1269 4450 ἂν
1297 4396 1547 4469 διαφέροι
1587 4397 1715 4450 τοῦο
1745 4416 1763 4448 ι
1819 4397 1967 4468 Πλὴν

380 4483 602 4556 μάταιοι
630 4487 680 4540 oi
707 4488 812 4542 υἱοὶ
838 4489 948 4543 τῶν
976 4488 1301 4561 ἀνθρώπων,
1334 4490 1488 4545 αὐτοὶ
1511 4492 1578 4544 ἐκ
1605 4487 1965 4561 ματαιότητος

375 4577 470 4631 ἐπὶ
502 4576 565 4632 τὸ
593 4576 745 4632 αὐτό.
788 4597 808 4632 ι
844 4581 965 4634 Ἔτι
994 4579 1134 4651 πρὸς
1164 4581 1376 4646 τούτοις
1414 4583 1472 4636 ἐν
1513 4580 1592 4653 τῷ
1640 4580 1727 4654 ληί
1774 4581 1962 4654 εὕροις

372 4668 444 4725 ἂν
471 4670 764 4743 εἰρημένον
793 4670 856 4725 τό
876 4688 891 4702 ο
932 4689 951 4723 t
982 4671 1250 4741 Μέντοιγε
1286 4675 1345 4729 ἐν
1378 4672 1547 4727 είκόνι
1577 4672 1960 4747 διαπορεύεται

375 4755 680 4831 ἄνθρωπος.
734 4764 883 4837 Πλὴν
933 4762 1110 4837 μάτην
1163 4765 1544 4837 ταράσσονται.
1602 4766 1957 4841 Θησαυρίζει,

374 4847 472 4904 καὶ
500 4849 564 4904 ού
618 4854 875 4921 γινώσκει
922 4854 1028 4909 τίνι
1054 4854 1273 4922 συνάξει
1315 4856 1476 4910 αὑτά.
1516 4875 1535 4908 ι
1576 4855 1854 4927 Σύμφωνα
1899 4856 1957 4911 δὲ

372 4936 583 5005 τούτοις
604 4940 691 5015 εἴη
715 4944 782 4999 ἂν
810 4946 906 4999 καὶ
940 4945 1009 5000 τὰ
1039 4944 1178 5017 μετὰ
1204 4947 1393 5016 χεῖρας
1428 4944 1700 5016 λεγόμενα
1744 4946 1804 5000 ἐν
1835 4945 1958 5000 τού-

371 5046 515 5093 τοις⁶
547 5051 565 5082 ι
601 5034 692 5107 Μὴ
738 5036 987 5102 ἐλπίζετε
1027 5037 1121 5091 ἐπὶ
1158 5037 1392 5099 ἀδικίαν,
1436 5038 1530 5092 καὶ
1554 5039 1648 5092 ἐπὶ
1683 5037 1957 5110 ἅρπαγμα

374 5121 450 5193 μὴ
471 5120 778 5176 ἐπιποθείτα
798 5144 813 5159 ·
847 5128 1078 5192 πλούτος
1108 5128 1203 5182 ἐὰν
1235 5128 1359 5201 ῥέῃ,
1396 5130 1473 5202 μὴ
1501 5128 1857 5201 προστίθεσθε
1886 5132 1952 5201 τῇ

370 5211 589 5283 καρδίᾳ.
626 5230 646 5262 ι
678 5211 789 5265 Καὶ
821 5213 887 5267 σὺ
913 5214 958 5266 δ’
990 5217 1078 5276 ειν,
1121 5219 1216 5271 ἐπὶ
1263 5218 1457 5289 σχολῆς
1500 5218 1566 5269 ἐκ
1601 5217 1951 5289 παραλλήλου

369 5300 465 5364 τὰς
497 5304 555 5354 ἐν
579 5302 910 5374 ἀμφοτέροις
941 5306 1056 5367 τοῖς
1092 5305 1380 5376 δηλωθείσι
1409 5308 1646 5379 ψαλμοῖς
1686 5309 1946 5380 ἐγκειμέ-

367 5384 463 5455 va;
490 5392 662 5459 λέξεις
689 5395 958 5465 παραθεὶς
973 5396 1252 5467 ἀλλήλαις,
1278 5400 1459 5472 εὕροις
1485 5399 1551 5454 ἂν
1576 5401 1705 5469 μιᾶς
1723 5401 1819 5453 καὶ
1846 5401 1946 5471 τῆς

1995 4547 2040 4604 θ
2067 4547 2300 4632 xxxvnr
2332 4577 2538 4632 dictum
2591 4576 2970 4647 deprehendas

2081 3286 2209 3341 silui
2244 3300 2275 3340 a
2305 3285 2488 3348 bonis,
2511 3294 2567 3342 et
2590 3285 2752 3341 dolor
2797 3301 2953 3342 meus
2992 3292 3290 3341 renovatus
3320 3295 3407 3342 est
3430 3286 3477 3319 "
3503 3307 3519 3351 ;
3561 3306 3580 3340 ι
3614 3296 3671 3345 et

2078 3393 2326 3442 rursum,
2366 3396 2386 3429 ι
2424 3378 2508 3434 Ab
2535 3377 2797 3433 omnibus
2828 3368 3215 3447 iniquitatibus
3239 3377 3379 3434 meis
3402 3393 3535 3433 erue
3560 3394 3667 3443 me,

2077 3472 2436 3543 opprobrium
2459 3471 2745 3544 insipienti
2779 3470 2984 3527 dedisti
3016 3485 3104 3527 me
3123 3469 3192 3526 ⁸³.
3228 3490 3249 3522 ι
3277 3471 3666 3533 Animadverte

2078 3578 2266 3635 porro.
2307 3579 2419 3635 quo
2452 3573 2615 3635 pacto
2638 3564 2704 3625 in
2746 3568 2981 3633 utroque
3012 3577 3074 3618 se
3104 3562 3160 3616 in
3190 3563 3497 3619 tentatione
3525 3577 3628 3619 con
3647 3593 3666 3604 -

2077 3657 2330 3713 stitutum
2364 3666 2420 3714 et
2449 3658 2635 3729 gravia
2663 3671 2890 3728 passum
2924 3654 3196 3727 signiﬁcet
3224 3673 3239 3721 ;
3265 3671 3373 3726 qua
3396 3655 3468 3712 de
3494 3671 3665 3713 causa

2077 3748 2243 3806 hasce
2269 3750 2501 3820 protulit
2539 3763 2724 3805 voces.
2756 3747 2824 3801 Et
2871 3749 2927 3803 in
2971 3748 3227 3820 praesenti
3260 3747 3481 3820 quidem
3514 3750 3666 3819 psal-

2073 3857 2166 3897 mo
2220 3841 2482 3912 deinceps
2518 3842 2595 3897 ait
2623 3859 2637 3896 :
2668 3859 2688 3892 ι
2746 3839 3140 3897 Verumtamen
3174 3842 3299 3897 vani
3341 3842 3437 3897 ﬁlii
3483 3842 3664 3900 homi-

2074 3947 2231 3995 num,
2264 3931 2559 3987 mendaces
2590 3930 2685 3985 ﬁlii
2720 3930 3005 3986 hominum
3044 3931 3100 3985 in
3126 3932 3371 3997 staterisr,
3421 3941 3483 3987 ut
3517 3933 3663 4003 inju-

2073 4022 2211 4078 riam
2247 4020 2453 4077 faciant
2484 4023 2589 4093 ipsi
2619 4023 2688 4077 de
2726 4021 2970 4077 vanitate
3016 4022 3075 4075 in
3104 4022 3384 4092 idipsum:
3425 4044 3444 4076 ι
3483 4026 3536 4078 in
3564 4026 3660 4080 illo

2071 4120 2254 4171 autem
2278 4114 2534 4171 similiter
2556 4113 2886 4170 dicebatur:
2926 4131 2947 4166 ι
2983 4111 3369 4170 Verumtamen
3402 4117 3661 4173 universa

2070 4207 2309 4272 vanitas,
2340 4208 2524 4264 omnis
2555 4208 2722 4264 homo
2746 4208 2937 4265 vivens
2956 4208 3004 4240 ”
3032 4226 3046 4264 :
3089 4228 3110 4260 ι
3147 4223 3212 4264 ac
3240 4210 3460 4274 iterum,
3496 4228 3514 4262 ι
3555 4209 3660 4267 Ve-

2070 4306 2384 4355 rumtamen
2423 4313 2563 4355 vane
2616 4299 2799 4355 omnis
2847 4299 3012 4356 homo
3035 4301 3119 4367 ";
3160 4319 3181 4353 ι
3238 4315 3362 4370 quae
3414 4301 3470 4356 in
3505 4303 3657 4356 nullo

2068 4393 2325 4449 diﬁ‘erant
2350 4391 2422 4447 ab
2454 4392 2645 4447 hisce:
2690 4412 2708 4443 ι
2750 4390 3142 4449 Verumtamen
3173 4394 3297 4447 vani
3346 4392 3442 4446 lilii
3481 4393 3659 4448 homi-

2070 4501 2223 4548 num,
2261 4484 2370 4555 ipsi
2419 4499 2485 4539 ex
2527 4483 2770 4539 vanitate
2820 4483 2877 4537 in
2926 4482 3189 4554 idipsum.
3226 4502 3245 4534 δ
3298 4484 3381 4538 Ad
3432 4483 3549 4538 haec
3600 4484 3655 4539 in

3099 4596 3118 4628 ι
3158 4575 3545 4632 Verumtamen
3600 4578 3653 4632 in

2070 4671 2308 4742 imagine
2338 4672 2638 4743 pertransit
2674 4671 2858 4726 homo.
2892 4668 3284 4727 Verumtamen
3333 4684 3472 4724 vane
3522 4685 3653 4724 con-

2069 4765 2386 4819 turbantur.
2418 4761 2803 4827 Thesaurizat,
2834 4771 2889 4817 et
2923 4761 3138 4834 ignorat
3166 4762 3253 4814 cui
3298 4760 3655 4831 congregabit

2067 4868 2131 4909 ea
2155 4854 2241 4921 ";
2281 4872 2301 4908 ι
2334 4855 2538 4925 quibus
2565 4869 2813 4910 consona
2863 4853 3069 4909 fuerint
3119 4852 3237 4906 haec
3285 4851 3343 4905 in
3391 4853 3653 4920 praesenti

2063 4945 2251 5002 dicta:
2291 4964 2311 4997 ι
2366 4944 2546 5002 Nolite
2599 4961 2824 5016 sperare
2877 4946 2931 5000 in
2960 4945 3269 5015 iniquitate,
3314 4951 3370 5000 et
3402 4946 3654 5015 rapinam

2065 5034 2242 5090 nolite
2284 5037 2683 5106 Concupisccrc
2711 5053 2726 5090 :
2757 5036 2965 5091 divitiae.
2991 5036 3038 5089 si
3069 5033 3310 5099 amuant,
3346 5036 3514 5091 nolite
3552 5049 3652 5088 cur

2065 5139 2360 5194 apponere.
2403 5145 2422 5178 ι
2452 5124 2610 5192 Quod
2645 5126 2692 5180 si
2724 5132 2782 5179 tu
2820 5139 2917 5194 per
2942 5124 3116 5178 otium
3143 5123 3290 5178 dicta
3323 5123 3376 5178 in
3408 5131 3648 5193 utroque

2063 5218 2278 5288 psalmo
2308 5219 2486 5289 posita
2526 5218 2816 5274 adversum
2850 5215 3174 5277 contuleris,
3222 5214 3471 5270 eamdem
3522 5229 3647 5280 spc—

2057 5317 2210 5365 ctare
2254 5311 2582 5365 sententiam
2632 5307 3034 5380 deprehendes.
3088 5304 3258 5359 David
3306 5304 3489 5374 itaque
3540 5305 3639 5373 ipsi

2055 5401 2290 5458 ldithum
2316 5403 2602 5458 accidente
2619 5401 2937 5460 tentationc,
2960 5409 3011 5453 et
3029 5398 3262 5453 fortasse
3291 5397 3470 5467 lapsu,
3502 5398 3642 5452 hanc

437 5546 484 5580 "
521 5547 669 5604 Psai.
703 5565 932 5613 xxxvm,
969 5553 1026 5615 2,
1059 5550 1114 5606 5.
1191 5552 1236 5583 ⁸³
1272 5553 1402 5612 ibid.
1440 5558 1494 5609 9.
1569 5556 1617 5588 “
1657 5556 1787 5611 ibid.
1821 5556 1872 5610 6.
1950 5556 1996 5588 ⁸³
2037 5557 2171 5615 ibid.
2208 5556 2296 5614 12.
2379 5557 2425 5589 ”
2461 5554 2597 5612 ibid.
2634 5554 2747 5611 7-9.

448 5731 540 5809 (|)_
565 5730 698 5786 Post
718 5733 833 5809 haec
867 5733 1117 5809 sequitur
1154 5736 1437 5805 catalogus
1464 5738 1751 5793 titulorum
1781 5737 2000 5793 Eusebii
2028 5739 2092 5809 in
2131 5740 2384 5809 undecim
2426 5749 2723 5808 sequentes
2753 5741 2994 5809 psalmos
3042 5742 3146 5795 hoc
3180 5742 3316 5798 ritu,
3368 5737 3592 5809 Σχολινιῖ
3616 5759 3636 5791 υ

379 5800 691 5882 ἐξηγήσεων
718 5807 796 5867 εἰς
820 5800 1452 5882 τοῦςίύποτεταγμένους
1478 5810 1745 5879 ψαλμοὺς,
1772 5812 1865 5882 εἰς
1896 5809 1986 5861 τὸν
2020 5808 2118 5873 ξα’,
2166 5813 2221 5863 ὲν
2260 5803 2303 5877 ᾧ
2337 5812 2453 5863 ἐστὶ
2489 5800 2809 5864 διδασκαλία
2835 5811 3329 5882 θεραπευτιηνυι
3360 5800 3461 5869 εεῖὶι
3490 5818 3590 5864 ιλιι.
3617 5810 3636 5863 i

376 5877 666 5943 cujusque,
692 5892 863 5942 usque
897 5877 961 5928 ad
999 5882 1095 5939 οα’,
1116 5886 1174 5929 ut
1205 5880 1359 5931 nntio
1389 5879 1518 5934 rditt
1547 5877 1693 5943 stitit,
1720 5881 2034 5934 atﬂmnntnr.

663 5968 927 6027 Parnm.
970 5971 1084 6029 (in.
1132 5970 1275 6029 ΧΧὲ
1292 5972 1309 6028 i
1325 5974 1368 6031 ί.

3278 5968 3349 6026 10
