4090 6366
414 324 516 378 587

1130 317 1399 374 EUSI‘IBII
1437 319 1924 404 C:liS.\lllE._\'SlS
1965 321 2114 377 Ol’l’.
2146 319 2326 376 PARS
2366 321 2450 375 111.
2494 353 2561 360 -
2586 319 3003 377 ΕΧΕΟΕΤΙΟΑ.

3585 330 3692 386 588

411 440 719 496 doctrinam
759 436 983 492 mcdclzc
1017 446 1383 506 opportunam
1415 439 1716 494 tradidisse
1747 439 1962 493 videtur

2101 439 2269 509 αὐτῆς
2315 437 2577 509 ἐχομένας
2623 438 2880 502 διανοίας.
2931 439 2987 490 '0
3017 441 3196 494 τοίνυν
3226 441 3388 494 Δαυῖδ
3415 441 3558 498 ἔοικε
3609 446 3691 517 τῷ

410 541 467 585 ιιι
495 545 618 586 sese
649 527 941 598 reciperet,
971 535 1023 582 el
1075 543 1104 581 a
1141 527 1298 598 lapsu
1339 537 1643 583 revocaret.
1695 529 1751 583 In
1785 545 1990 584 xxxviii

404 622 627 694 quidem
665 620 844 691 ipsum
879 619 1224 683 instituebat,
1259 630 1318 676 ut
1347 637 1471 678 sese
1498 623 1901 684 cohortaretur,
1930 638 1994 677 ac

405 730 594 772 secum
623 711 902 783 colloquia
941 711 1198 767 misceret
1233 711 1594 783 diceretque:
1638 733 1656 762 ‹
1699 712 1816 766 Dixi
1848 713 1993 767 :Cu-

404 805 643 861 stodiam
698 805 818 859 vias
864 818 1036 865 meas,
1070 810 1130 857 ut
1179 818 1290 858 non
1341 803 1657 875 delinquain
1704 806 1756 857 in
1808 806 1991 874 lingua

406 914 550 952 mea.
599 896 766 954 Posui
817 897 898 951 ori
935 911 1056 951 meo
1110 894 1444 958 custodiam.
1492 913 1616 950 cum
1667 897 1993 952 consisteret

404 997 664 1060 peccator
699 988 992 1043 adversum
1026 1003 1132 1049 me,
1162 987 1410 1041 obmutui
1444 995 1495 1042 et
1528 987 1848 1042 humiliatus
1871 1004 1990 1042 sum

400 1090 457 1136 ct
494 1080 621 1138 silui
651 1094 681 1133 a
714 1079 898 1144 bonis,
939 1087 994 1134 et
1025 1063 1184 1133 dolor
1218 1093 1376 1132 meus
1421 1089 1718 1134 renovatus
1752 1089 1837 1134 cst
1859 1081 1927 1141 ⁸⁷,
1966 1099 1984 1131 ι

401 1184 459 1226 et
498 1181 718 1227 caetera.
753 1168 810 1226 In
842 1170 1044 1242 quibus
1073 1168 1229 1223 adest
1259 1177 1314 1223 et
1345 1168 1480 1223 illud
1511 1189 1522 1223 :
1567 1189 1585 1220 ι
1624 1172 1705 1224 Ab
1735 1170 1991 1225 omnibus

402 1265 790 1336 iniquitatibus
819 1265 959 1319 meis
992 1262 1144 1333 eripe
1173 1278 1280 1326 me,
1314 1262 1672 1332 opprobrium
1709 1263 1988 1333 insipienti

400 1358 600 1416 dedisti
633 1375 740 1414 me.
772 1356 1038 1413 Obmutui
1069 1364 1125 1410 et
1159 1371 1270 1409 non
1299 1357 1491 1425 aperui
1526 1371 1589 1411 os
1618 1372 1820 1418 meum,
1853 1371 1990 1426 quo.

400 1452 549 1508 niam
581 1460 638 1507 tu
673 1450 851 1507 fecisti
877 1451 962 1518 ⁵³;
1001 1470 1020 1502 ι
1054 1466 1118 1505 ac
1147 1466 1384 1505 rursus:
1421 1468 1439 1499 ε
1473 1450 1677 1504 Amove
1703 1465 1730 1502 a
1766 1465 1850 1504 me
1882 1451 1990 1518 pla-

401 1560 500 1614 gas
533 1555 678 1600 tuas.
716 1544 762 1597 A
801 1542 1124 1598 fortitudine
1154 1557 1348 1595 manus
1377 1550 1484 1596 tua:
1513 1555 1615 1610 ego
1649 1539 1823 1594 defeci
1845 1540 1912 1593 η.
1963 1559 1981 1591 ι

399 1638 527 1694 ll:ec
572 1647 628 1693 et
669 1637 875 1692 similia
922 1645 983 1690 ut
1019 1635 1228 1691 diceret
1275 1651 1338 1690 ac
1382 1635 1492 1690 Deo
1543 1635 1680 1688 tales
1709 1634 1987 1690 orationes

397 1733 692 1797 emitteret,
748 1734 802 1787 in
851 1732 945 1786 illo
999 1733 1212 1802 psalmo
1258 1730 1650 1786 instituebatur
1704 1727 1982 1794 ldithum;

2115 531 2350 602 ἰδιθοὺμ
2398 530 2692 602 πειρασμῷ
2750 550 2857 585 τινι
2893 535 3222 598 πεπτωκότι,
3255 535 3397 606 τάχα
3450 555 3552 591 που
3599 542 3691 594 καὶ

2102 624 2446 696 ὀλισθήματι,
2475 624 2823 679 διδασκαλίαν
2873 625 3274 699 θεραπευτικὴν
3312 630 3693 699 παραδεδωκέ-

2101 733 2224 770 ναι·
2274 717 2422 780 ὅπως
2473 717 2540 770 ἀν
2572 715 2727 770 λάϐοι
2761 718 2948 770 ἑαυτὸν
2973 757 2988 781 ,
3041 719 3134 771 καὶ
3183 719 3542 790 ἀνακτήσοιτο
3596 721 3690 774 τοῦ

2101 809 2409 880 συμϐάντος
2439 808 2588 878 αὑτῷ
2613 809 2975 880 πταίσματος.
3012 810 3290 864 Ἐδίδασκε
3341 811 3472 880 γοῦν
3523 813 3690 866 αὑτὸν

2099 902 2157 952 ἐν
2188 902 2285 972 μὲν
2313 899 2390 971 τῷ
2419 901 2499 971 λη’
2526 901 2705 972 ἐαυτῷ
2732 905 3035 973 παραινεῖν,
3063 902 3157 955 καὶ
3188 903 3322 976 πρὸς
3355 905 3548 958 ἑαυτὸν
3579 905 3693 960 δια-

2099 994 2352 1063 λέγεσθαι
2380 996 2474 1048 καὶ
2504 995 2686 1066 λέγειν
2707 1013 2722 1028 ·
2758 1015 2776 1048 ι
2804 992 2946 1048 Εἷπα
2965 1011 2978 1025 ·
3002 996 3227 1063 Φυλάξω
3254 997 3355 1061 τὰς
3380 999 3534 1064 ὁδούς
3565 1018 3688 1070 μου,

2098 1087 2192 1141 τοῦ
2232 1089 2306 1159 μὴ
2330 1090 2665 1160 ἁμαρτάνειν
2685 1089 2746 1144 ἐν
2780 1089 3001 1162 γλώσσῃ
3035 1107 3156 1159 μου,
3204 1089 3438 1162 Ἐθέμην
3464 1092 3544 1164 τῷ
3571 1095 3691 1148 στό-

2101 1183 2232 1252 ματί
2261 1200 2362 1253 μου
2407 1181 2653 1254 φυλακὴν
2676 1224 2691 1246 ,
2727 1184 2786 1234 ὲν
2807 1182 2885 1253 τῷ
2915 1183 3176 1254 συστῆναι
3229 1183 3318 1237 τὸν
3363 1186 3690 1256 ἁμαρτωλὸν

2097 1273 2328 1327 ἐνώπιόν
2372 1291 2494 1344 μου.
2516 1273 2864 1345 Ἐκωφώθην,
2895 1274 2988 1328 καὶ
3023 1272 3417 1344 ἐταπεινώθην,
3445 1277 3540 1328 καὶ
3577 1276 3691 1330 ἐσί-

2097 1383 2244 1437 γησα
2272 1365 2331 1433 ἐξ
2363 1364 2585 1435 ἀγαθῶν
2604 1407 2619 1429 ,
2654 1366 2750 1419 καὶ
2790 1366 2852 1419 τὸ
2873 1366 3098 1438 ἀλγημά
3131 1384 3233 1437 μου
3261 1367 3634 1439 ἀνεκαινίσθη,
3663 1389 3682 1417 ι

2096 1457 2192 1511 καὶ
2219 1457 2285 1510 τὰ
2315 1456 2525 1521 τούτοις
2541 1457 2691 1527 ἑξῆς.
2763 1457 2852 1510 Ἑν
2885 1452 2966 1521 οἷς
3001 1453 3068 1528 ἦν
3097 1458 3192 1510 καὶ
3231 1457 3319 1522 τὸ,
3354 1477 3372 1509 ι
3416 1459 3550 1512 me.
3577 1477 3687 1513 πα-

2097 1549 2206 1603 σῶν
2225 1549 2334 1603 τῶν
2366 1548 2607 1621 ἀνομιῶν
2634 1567 2736 1621 μου
2773 1548 2933 1621 ῥῦσαί
2975 1567 3040 1621 με
3065 1567 3078 1580 ·
3115 1550 3315 1614 ὄνειδος
3345 1550 3541 1622 ἄφρονι
3565 1553 3690 1606 ἔδω-

2094 1643 2197 1707 κάς
2238 1660 2327 1714 με.
2368 1641 2700 1715 Ἐκωφὼθην
2739 1643 2835 1697 καὶ
2875 1644 2976 1696 οὑκ
3005 1643 3194 1714 ήνοιξα
3233 1644 3294 1698 τὸ
3339 1645 3514 1716 στόμα
3560 1663 3686 1717 μου,

2092 1735 2175 1788 δτι
2211 1734 2274 1787 σὺ
2319 1735 2616 1805 ἐποίησας⁹
2656 1753 2676 1786 ι
2719 1734 2814 1787 καὶ
2865 1734 3066 1788 πάλιν
3125 1753 3143 1785 ι
3218 1735 3548 1805 Ἀπόστητον
3590 1738 3686 1790 ἀπ’

396 1829 452 1882 in
483 1827 588 1883 hoc
623 1835 807 1883 autem
838 1826 1096 1883 similiter
1124 1824 1301 1880 eidem
1333 1825 1455 1879 viro
1483 1833 1676 1878 auctor
1708 1831 1791 1877 est
1817 1821 1981 1876 David

2091 1824 2228 1897 ἐμοῦ
2259 1825 2358 1889 τὰς
2390 1824 2662 1896 μάστιγάς
2696 1841 2810 1878 σου.
2852 1824 2987 1877 Ἀπὸ
3008 1825 3109 1896 τῆς
3142 1825 3325 1896 ἰσχύος
3358 1828 3459 1897 τῆς
3505 1826 3688 1897 χειρός

397 1930 456 1974 ut
492 1919 766 1991 colloquia
801 1934 990 1975 secum
1024 1918 1258 1973 misceat
1284 1932 1348 1972 ac
1377 1917 1563 1972 dicat:
1603 1935 1620 1966 ι
1653 1914 1847 1971 Nonne
1877 1913 1986 1970 Deo

395 2011 649 2082 subjecta
677 2014 784 2068 erit
816 2013 1000 2067 anima
1032 2027 1152 2066 mea
1201 2030 1215 2065 :
1254 2009 1325 2065 ab
1379 2010 1500 2079 ipso
1551 2010 1696 2064 enim
1747 2008 1987 2063 salutare

395 2120 575 2159 meum
597 2104 623 2158 ?
659 2124 678 2156 ›
703 2104 872 2171 Queis
900 2103 1178 2174 signiﬁcat
1202 2119 1261 2159 se
1281 2102 1589 2169 vacillasse,
1612 2117 1676 2155 ac
1691 2102 1982 2171 quamdam

395 2193 868 2263 perturbationem
927 2195 1124 2249 animae
1173 2209 1397 2265 passum
1445 2208 1586 2249 esse.
1629 2191 1768 2258 Quia
1819 2193 1986 2262 igitur

395 2289 784 2358 ingruentibus
820 2289 1189 2344 tentatoribus
1237 2287 1511 2342 tantillum
1558 2286 1740 2340 animo
1779 2285 1984 2340 fractus

393 2389 497 2443 est,
524 2379 576 2432 id
607 2378 1076 2442 animadvertetis,
1109 2393 1218 2433 non
1244 2386 1303 2432 ut
1325 2377 1418 2432 ille
1443 2376 1535 2447 qui
1564 2374 1801 2439 dicebat,
1829 2395 1848 2426 ι
1882 2373 1982 2429 Mei

395 2483 578 2528 autem
611 2489 751 2543 pene
781 2473 913 2527 moti
944 2481 1072 2528 sunt
1105 2471 1269 2544 pedes
1294 2471 1340 2506 ⁶⁶
1367 2488 1382 2539 ;
1428 2491 1446 2523 ι
1487 2470 1582 2524 sed
1622 2476 1682 2523 ut
1712 2484 1839 2525 vere
1869 2484 1985 2525 mo-

394 2575 508 2629 tus,
548 2566 864 2620 necessario
899 2566 966 2621 ad
995 2566 1111 2620 hmo
1155 2563 1387 2619 dicenda
1418 2563 1761 2618 instituitur:
1800 2581 1819 2612 ι
1863 2560 1980 2616 Non

393 2650 655 2705 movebor
682 2650 918 2720 amplius
945 2668 960 2716 ;
991 2669 1010 2703 ›
1037 2650 1152 2705 sive
1176 2647 1482 2704 secundum
1506 2645 1782 2716 Aquilam,
1809 2663 1828 2695 ι
1859 2643 1982 2698 Fal-

393 2744 474 2794 lar
505 2743 736 2796 multum
763 2759 777 2808 ;
840 2761 859 2794 »
901 2741 1206 2797 secundum
1237 2740 1486 2811 quintam
1517 2739 1812 2794 editionem
1841 2738 1980 2794 dici-

392 2842 480 2887 tur
511 2834 700 2899 etiam,
756 2853 775 2884 ι
834 2832 954 2889 Non
1006 2833 1274 2888 movebor
1305 2831 1562 2903 amplius.
1626 2850 1644 2883 ι
1701 2831 1983 2886 Consonat

390 2934 573 2980 autem
608 2927 873 2982 doct-ina:
924 2925 1215 2997 prmsentis
1250 2923 1520 2981 sententia
1553 2923 1853 2994 prophetiae
1895 2924 1980 2978 di-

390 3021 535 3074 centi
566 3039 578 3073 :
618 3039 635 3072 ι
675 3018 770 3074 Vae
794 3023 887 3091 qui
916 3020 1218 3076 detrahunt
1248 3027 1477 3090 peccata
1507 3026 1566 3072 ut
1594 3017 1840 3074 funiculo
1861 3017 1980 3071 lon-

388 3126 480 3181 go,
509 3121 564 3166 et
589 3112 748 3181 quasi
786 3111 1014 3182 plaustri
1055 3113 1177 3167 loro
1207 3111 1442 3178 bucula},
1481 3109 1799 3180 iniquitates
1826 3109 1906 3174 “;
1955 3128 1973 3162 ›

2096 1937 2188 1972 σου
2206 1917 2316 1988 ἐγὼ
2331 1914 2600 1982 ἐξέλιπον.
2635 1936 2653 1968 ι
2682 1915 2868 1970 Ταῦτα
2902 1917 2998 1970 καὶ
3018 1917 3086 1970 τά
3115 1916 3342 1971 τοιαῦτα
3375 1917 3691 1972 ὲδιδάσκετο

2092 2011 2270 2078 λέγειν
2323 2011 2417 2064 καὶ
2465 2011 2544 2081 τῷ
2594 2009 2714 2081 Θεῷ
2751 2010 3008 2074 τοιαύτας
3051 2010 3218 2081 εὑχάς
3263 2012 3616 2082 ἀναπέμπειν
3657 2013 3687 2065 ὁ

2104 2101 2336 2174 Ίδιθοὺμ
2363 2104 2420 2155 ἐν
2453 2103 2649 2174 ἐκείνῳ
2676 2120 2688 2132 ο
2726 2103 2821 2156 καὶ
2851 2104 2906 2156 ἐν
2931 2101 3010 2172 τῷ
3047 2102 3184 2173 μετά
3211 2105 3399 2175 χεῖρας
3422 2105 3478 2158 δὲ
3511 2104 3684 2159 ὡσαύ-

2091 2215 2200 2261 τως
2223 2197 2315 2250 τὸν
2344 2197 2509 2250 αὑτὸν
2535 2197 2703 2267 ἄνδρα
2723 2198 2751 2250 ὁ
2775 2194 2941 2250 Δαυῒδ
2960 2195 3199 2250 διδάσκει
3225 2197 3402 2268 ἐαυτῷ
3432 2198 3690 2270 προσδια-

2091 2289 2345 2359 λέγεσθαι
2381 2291 2474 2343 κα¹ι
2508 2289 2718 2357 λέγειν’
2753 2309 2772 2341 ι
2828 2289 2965 2361 υὺχὶ
3004 2289 3082 2360 τῷ
3121 2289 3241 2361 Θεῷ
3276 2290 3684 2361 ὑποταγήσεται

2090 2387 2124 2457 ή
2171 2385 2316 2456 ψυχή
2371 2399 2513 2456 μου;
2554 2387 2685 2457 παρ’
2720 2381 2884 2437 αὑτοῦ
2939 2382 3047 2455 γὰρ
3095 2383 3156 2435 τὸ
3202 2382 3462 2454 σωτήριόν
3501 2399 3624 2452 μου.
3657 2401 3678 2431 ›

2090 2474 2352 2545 Σημαίνει
2404 2473 2760 2528 σεσαλεῦσθαι
2811 2473 3002 2538 αὑτὸν,
3044 2472 3141 2527 καί
3174 2490 3296 2528 τινα
3317 2473 3564 2547 ταραχὴν
3610 2475 3680 2544 τῇ

2088 2565 2232 2638 ψυχῇ
2271 2565 2619 2620 πεπονθέναι.
2686 2567 2837 2620 Ἐπεὶ
2884 2566 3063 2619 τοίνυν
3089 2605 3103 2627 ,
3149 2565 3255 2619 τῶν
3311 2566 3684 2637 πειραζόντων

2089 2656 2423 2728 ἐπιθεμένων
2467 2657 2617 2728 αύτῷ
2640 2699 2654 2723 ,
2691 2658 2881 2728 γέγονέ
2915 2676 2999 2722 τις
3033 2657 3184 2730 αὑτῷ
3216 2658 3402 2712 ἀτονία
3423 2698 3436 2719 ,
3485 2656 3686 2728 ¹ᾔσθετό

2088 2763 2146 2800 τε
2185 2747 2377 2801 ἑαυτοῦ
2422 2749 2484 2801 οὑ
2513 2750 2658 2802 κατά
2690 2749 2781 2803 τὸν
2809 2749 3104 2820 εἰρηκότα’
3148 2767 3165 2799 ι
3223 2747 3387 2819 Ἐμοῦ
3435 2747 3493 2800 δὲ
3530 2747 3682 2818 παρὰ

2092 2838 2286 2910 μικρὸν
2314 2838 2691 2912 ἐσαλεύθησαν
2724 2839 2773 2893 οἱ
2809 2839 2968 2903 πόδες
2991 2878 3005 2902 ,
3044 2857 3061 2891 ι
3123 2838 3259 2892 ἀλλά
3312 2839 3408 2891 καὶ
3465 2836 3684 2907 ἀληθῶς

2089 2929 2440 2996 σαλευθέντος
2460 2948 2472 2962 ο
2509 2932 2827 3002 ἀναγκαίως
2849 2931 3160 2986 διδάσκεται
3185 2931 3366 3000 λέγειν
3389 2947 3403 2960 ο
3449 2949 3467 2982 ι
3500 2932 3576 2984 υὺ
3607 2931 3684 3003 μὴ

2089 3017 2334 3072 σαλευθῶ
2359 3020 2452 3073 ἐπὶ
2483 3020 2664 3075 πλεῖον
2688 3036 2700 3048 ·
2739 3039 2758 3073 ι
2792 3021 2826 3092 ἢ
2863 3021 3006 3075 κατὰ
3039 3022 3128 3074 τὸν
3179 3021 3456 3075 Ἀκύλανο.
3481 3039 3500 3072 ι
3541 3021 3686 3091 Σφα-

2085 3109 2319 3182 λήσομαι
2344 3111 2548 3183 πολλήν
2574 3131 2585 3142 ·
2619 3131 2638 3164 ι
2668 3114 2762 3166 καὶ
2787 3112 2930 3168 κατά
2961 3113 3058 3186 τὴν
3093 3114 3351 3186 πέμπτην
3377 3113 3434 3167 δὲ
3473 3113 3682 3168 ἔκδοσιν

390 3211 558 3272 atque
608 3202 684 3256 illi
713 3221 727 3257 :
767 3220 785 3253 ι
846 3200 1103 3273 Nunquid
1137 3200 1232 3272 qui
1261 3201 1430 3266 cadit,
1485 3215 1596 3254 non
1627 3207 1897 3271 resurget,
1928 3207 1980 3252 et

2086 3201 2331 3275 εἴρηται·
2367 3223 2386 3256 ι
2427 3204 2501 3258 Οὑ
2539 3205 2615 3276 μὴ
2650 3204 2895 3258 σαλευθῶ
2930 3207 3024 3259 ἐπὶ
3075 3207 3280 3260 πλεῖον.
3327 3225 3346 3258 ι
3378 3205 3677 3277 Σύμφωνος

389 3293 485 3362 qui
514 3295 785 3350 avertitur
816 3309 926 3348 non
955 3293 1303 3349 revertetur?
1323 3290 1506 3359 Quare
1529 3291 1797 3347 avertitur
1823 3307 1978 3348 aver-

387 3384 545 3440 sione
593 3383 1093 3456 impudenti?dicit
1144 3382 1411 3438 Dominus
1435 3383 1503 3436 “.
1540 3400 1560 3434 ι
1606 3380 1733 3438 llaec
1776 3383 1978 3452 quippe

391 3477 578 3532 omnia
610 3477 814 3533 decent
842 3491 970 3532 eum
1002 3475 1097 3548 qui
1136 3475 1309 3532 semel
1336 3475 1524 3547 lapsus
1552 3474 1644 3540 sit,
1678 3483 1736 3530 ut
1763 3473 1818 3528 in
1848 3488 1976 3544 pee-

385 3581 512 3627 cato
542 3586 653 3627 non
694 3579 939 3639 maneat,
985 3585 1164 3641 neque
1191 3568 1532 3640 despondeat
1575 3567 1844 3634 animum,
1882 3581 1978 3622 ne~

385 3679 494 3736 que
548 3663 873 3718 tentationis
926 3662 1099 3718 ﬂuxui
1160 3677 1286 3718 sese
1338 3661 1652 3718 dedititium
1713 3660 1972 3732 praebeat.

386 3755 570 3822 Quare
593 3755 914 3811 necessario
942 3753 1208 3810 edocetur
1228 3751 1466 3808 ldithum
1495 3753 1564 3808 ad
1595 3752 1679 3808 sui
1706 3751 1972 3808 medelam

385 3849 503 3905 haec
533 3849 820 3921 proferre:
859 3856 1024 3921 atque
1070 3848 1251 3920 primo
1297 3846 1366 3902 ad
1408 3861 1666 3918 magnum
1717 3843 1975 3902 Servato-

384 3957 500 3997 rem
529 3950 584 3998 et
627 3942 935 3997 animarum
967 3941 1241 3997 medicum
1293 3938 1630 4011 confugere;
1667 3936 1974 4008 deindeque

383 4035 623 4090 animam
654 4049 812 4090 suam
845 4051 956 4090 non
987 4033 1326 4098 hominibus,
1361 4046 1541 4102 neque
1587 4041 1854 4086 terrorem
1890 4029 1975 4083 in~

380 4127 719 4184 cutientibus
749 4127 1062 4197 subjicere;
1097 4126 1193 4182 sed
1227 4140 1398 4181 unum
1433 4137 1694 4195 magnum
1726 4121 1968 4192 judicem

378 4229 436 4278 et
481 4219 651 4276 Deum
699 4220 771 4276 ob
815 4221 1008 4275 oculos
1047 4234 1271 4290 ponere,
1322 4217 1538 4288 ipsique
1586 4215 1691 4272 soli
1727 4214 1968 4268 animam

380 4313 656 4384 subjicere
684 4328 865 4377 suam,
896 4313 1240 4382 liberamque
1270 4311 1447 4381 ipsam
1498 4307 1568 4364 ab
1596 4306 1747 4363 omni
1781 4315 1958 4362 extra-

378 4422 484 4463 neo
514 4417 664 4462 metu
698 4414 962 4462 statuere.
1007 4405 1376 4472 Quamobrem
1408 4402 1484 4457 ait
1512 4421 1524 4458 :
1574 4419 1593 4454 ι
1632 4400 1826 4456 Nonne
1859 4399 1969 4454 Deo

378 4499 626 4568 subjecta
658 4498 766 4554 erit
821 4498 1005 4552 anima
1046 4497 1213 4552 mea?
1245 4516 1262 4549 ι
1301 4506 1356 4551 et
1380 4503 1597 4550 cmtera.
1624 4494 1726 4547 Hic
1745 4507 1965 4547 rursum

2079 3294 2124 3347 δ’
2159 3294 2225 3348 ἂν
2271 3294 2356 3368 εἴη
2391 3297 2420 3349 ὁ
2465 3295 2591 3360 νοῦς
2633 3297 2734 3365 τῆς
2788 3299 3158 3370 προκειμένης
3206 3297 3553 3361 διδασκαλίας
3605 3301 3672 3369 τῇ

2081 3387 2365 3460 φασκούσῃ
2418 3391 2754 3463 προφητεία·
2801 3409 2821 3444 ι
2865 3391 3002 3444 Οὐαὶ
3059 3393 3110 3445 οἱ
3152 3390 3521 3463 ἐπισπώμενοι
3576 3391 3675 3453 τάς

2081 3478 2355 3550 ἁμαρτίας
2382 3479 2458 3544 ὡς
2493 3483 2714 3554 σχοινίῳ
2773 3482 2993 3557 μακρῷ,
3029 3484 3125 3536 καὶ
3163 3483 3239 3547 ὡς
3271 3482 3440 3552 ζυγοῦ
3495 3482 3674 3554 ἱμάντι

2077 3570 2362 3643 δαμάλεως
2416 3572 2517 3637 τὰς
2561 3574 2789 3646 ἀνομίας
2815 3594 2828 3609 ο
2871 3594 2890 3628 ι
2925 3575 3020 3629 καὶ
3053 3574 3132 3646 τῷ
3163 3615 3178 3639 ,
3223 3593 3241 3626 ι
3289 3574 3382 3646 Μὴ
3412 3575 3441 3628 ὁ
3464 3574 3678 3628 πίπτων

2076 3663 2178 3717 οὐκ
2219 3663 2540 3728 ἀνίσταται,
2576 3665 2672 3719 καὶ
2709 3667 2738 3717 ὁ
2768 3665 3133 3736 ἀποστρέφων
3182 3666 3282 3719 οὑκ
3309 3665 3676 3737 ἀναστρέφει;

2083 3755 2201 3808 Ἷνα
2229 3753 2282 3809 τί
2314 3755 2722 3828 ἀποστρέφεται
2755 3757 3110 3830 ἀποστροφὴν
3145 3758 3360 3828 ἀναιδῆ,
3393 3756 3544 3826 λέγει
3566 3755 3679 3810 Κύ-

2079 3865 2234 3920 ριος;
2274 3869 2293 3902 ι
2331 3850 2519 3906 Πάντα
2548 3849 2660 3922 γὰρ
2679 3850 2852 3906 ταῦτα
2880 3851 3122 3906 διδάσκει
3165 3852 3258 3906 τὸν
3298 3851 3444 3918 ἅπαξ
3491 3853 3677 3921 ήμαρε

2073 3944 2280 4014 τηκότα
2309 3943 2385 4015 μὴ
2419 3943 2760 4016 παραμένειν
2791 3945 2872 4016 τῷ
2906 3946 3272 4017 ἁμαρτήματι
3298 3985 3313 4009 ,
3369 3944 3505 4017 μηδέ
3540 3945 3678 3998 ἀπο-

2075 4033 2366 4104 γινώσκειν
2388 4036 2603 4102 ἐαυτὸν,
2637 4037 2770 4108 μηδὲ
2803 4036 3017 4090 ἔκδοτον
3043 4037 3305 4110 παρέχειν
3328 4035 3408 4107 τῷ
3435 4035 3531 4089 τοῦ
3559 4052 3679 4088 πει-

2078 4124 2335 4198 ρατηρίου
2366 4124 2619 4196 ῥεύματι.
2658 4125 2751 4178 Διὸ
2776 4126 3094 4194 ἀναγκαίως
3138 4127 3452 4180 διδάσκεται
3485 4126 3514 4178 ὁ
3559 4125 3678 4178 Ἰδι-

2073 4217 2214 4290 θοὺμ
2245 4217 2470 4286 ἐπᾴδειν
2505 4217 2706 4290 ἐαυτῷ,
2745 4220 2844 4273 καὶ
2870 4218 2937 4273 τά
2967 4219 3309 4291 προκείμενα
3334 4218 3516 4288 λέγειν
3540 4235 3554 4248 ·
3583 4217 3677 4271 καὶ

2073 4309 2290 4382 πρῶτον
2326 4310 2426 4381 μὲν
2463 4311 2557 4364 ἐπὶ
2601 4309 2694 4364 τὸν
2735 4310 2910 4382 μέγαν
2937 4312 3167 4383 Σωτῆρα
3203 4311 3297 4366 καὶ
3342 4310 3451 4364 τῶν
3489 4310 3561 4380 ψυ
3566 4309 3675 4381 χῶν

2075 4403 2258 4475 ίατρὸν
2296 4401 2699 4472 καταφεύγειν’
2736 4403 2928 4457 ἔπειτα
2963 4405 3287 4460 ὑποτάττειν
3331 4403 3430 4476 τὴν
3475 4401 3671 4456 ἐαυτοῦ

2069 4490 2272 4563 ψυχὴν,
2295 4491 2492 4562 μηκέτι
2524 4491 2853 4564 ἀνθρώποις,
2891 4495 3026 4565 μηδέ
3051 4499 3163 4559 τοῖς
3196 4493 3520 4566 ἐκφοϐοὑσιν
3539 4511 3554 4525 ο
3580 4494 3675 4546 ἕνα

378 4594 620 4650 salutare
670 4591 939 4647 llebraica
989 4606 1147 4654 voce,
1201 4599 1257 4645 et
1306 4587 1603 4660 ipsissimis
1653 4585 1963 4650 elementis,

2086 4558 2128 4637 is
2148 4558 2318 4656 ⁷μένον
2339 4558 2445 4656 πρὸ
2470 4558 2765 4656 ὀφθαλμῶν
2793 4558 3020 4658 θέμενον
3049 4558 3153 4641 τὸν
3187 4558 3360 4660 μέγαν
3389 4587 3587 4660 κριτήν
3614 4603 3670 4640 τε

377 4687 534 4754 queis
565 4685 826 4741 salutaris
857 4685 1032 4738 nostri
1064 4681 1197 4738 Jesu
1227 4696 1424 4736 nomen
1457 4679 1740 4734 scribitur.

2075 4677 2169 4748 καὶ
2204 4676 2360 4739 Θεὸν,
2392 4675 2544 4748 αὑτῷ
2585 4677 2732 4750 μόνῳ
2772 4679 2870 4751 τὴν
2900 4679 3094 4734 ἑαυτοῦ
3118 4680 3296 4752 ψυχὴν
3327 4679 3666 4734 ὑποτάττειν.

378 4777 696 4848 ἐλευθεροῦν
740 4795 800 4832 τε
848 4775 1018 4848 αὑτὴν
1067 4774 1267 4838 παντὸς
1303 4771 1586 4844 ἀλλοτρίου
1645 4769 1832 4842 φόὸου.
1871 4769 1962 4822 Διό
2001 4785 2166 4840 φησιν
2191 4786 2204 4800 ’
2245 4787 2264 4821 ι
2303 4770 2436 4840 Οὑχὶ
2471 4769 2550 4841 τῷ
2575 4769 2694 4842 Θεῷ
2724 4772 3132 4845 ὑποταγήσεται
3167 4772 3375 4846 ήψυχή
3442 4781 3580 4840 μους
3644 4783 3662 4816 ι

375 4867 472 4922 καὶ
491 4867 560 4922 τὰ
589 4869 734 4940 ἑξῆς.
753 4870 922 4924 Πάλιν
942 4869 998 4922 δὲ
1020 4867 1299 4922 κάνταῦθα
1314 4867 1375 4922 τὸ
1402 4867 1669 4938 σωτήριον
1698 4863 1962 4936 Ἐϐραῖκῇ
2002 4864 2154 4933 φωνῇ
2193 4861 2284 4915 διὰ
2314 4862 2426 4915 τῶν
2464 4863 2645 4917 αὑτῶν
2679 4866 2982 4936 στοιχείων,
3051 4865 3120 4920 δι’
3190 4859 3266 4921 ὧν
3304 4861 3579 4937 γράφεται
3611 4857 3670 4911 τὸ

371 4960 467 5015 τοῦ
502 4962 776 5036 σωτηρίου
802 4962 960 5035 ήμῶν
1005 4963 1181 5033 Ἰησοῦ
1209 4962 1400 5032 ὄνομα,
1431 4961 1679 5030 φέρεται.

445 5076 571 5132 llaec
615 5077 800 5148 legens
846 5077 1117 5148 quispiam
1161 5085 1468 5148 Opportune
1516 5084 1769 5145 quaerat:
1813 5069 1958 5136 Quid

372 5150 552 5225 causae
579 5179 666 5224 cst
695 5168 840 5239 quod
873 5185 998 5223 cum
1041 5168 1150 5224 duo
1207 5177 1419 5223 tantum
1476 5168 1589 5222 sint
1626 5186 1643 5217 ι
1704 5180 1804 5235 pro
1853 5161 1961 5217 lili-

373 5264 549 5327 tlnnn,
589 5283 607 5315 ι
644 5264 731 5318 vel
762 5262 1068 5319 secundum
1104 5263 1379 5333 Aquilam,
1437 5280 1453 5312 ι
1518 5260 1586 5314 de
1631 5257 1892 5320 lditltum,
1936 5274 1953 5307 ι

375 5353 648 5424 inscripti,
679 5354 716 5408 ii
749 5366 928 5408 tamen
964 5369 1070 5408 non
1105 5364 1526 5422 consequenter,
1559 5349 1654 5406 sed
1689 5349 1850 5418 longo
1876 5348 1960 5401 in-

374 5449 603 5502 tervallo
635 5446 818 5503 dissiti
841 5445 1062 5517 jaccant
1096 5447 1194 5516 (l).
1228 5444 1405 5515 llujus
1441 5444 1519 5498 rei
1553 5456 1800 5508 causam,
1833 5455 1956 5494 cum

442 5649 486 5682 "
528 5648 674 5705 Psal.
709 5666 939 5707 xxxvnl.
971 5651 1088 5707 2-3.
1166 5653 1436 5719 “ibid.9,
1463 5655 1546 5707 l9.

1623 5653 1668 5685 ⁸⁹
1690 5653 1819 5708 ibid.
1853 5654 1939 5710 ll.
1976 5654 2037 5713 l2

2137 5065 2392 5137 Εὑλόγως
2429 5066 2486 5120 δέ
2513 5085 2598 5132 τις
2638 5069 2894 5142 ζητήσειε
2931 5070 3144 5135 τούτοις
3179 5065 3560 5135 ἐντυγχάνων·
3605 5065 3668 5116 Τί

2062 5155 2265 5229 δήποτε
2298 5157 2475 5228 μόνων
2509 5157 2602 5212 δύο
2630 5159 2798 5214 ὄντων
2831 5159 2940 5214 τῶν
2972 5181 2990 5212 ‹
3017 5162 3161 5228 ὑπὲρ
3191 5156 3287 5210 τοῦ
3313 5155 3569 5226 ἰδιθοὺμ,
3587 5179 3603 5205 ο
3633 5155 3665 5226 ἠ

2070 5272 2087 5302 ι
2114 5253 2243 5324 περὶ
2284 5251 2379 5306 τοῦ
2438 5253 2672 5324 ’1διθοὺμ
2703 5273 2721 5307 ι
2750 5254 2896 5307 κατά
2925 5253 3016 5307 τὸν
3056 5250 3288 5304 Ἀκύλαν
3323 5247 3663 5321 εἰρημένων,

2062 5345 2173 5400 οὔτ’
2206 5346 2404 5419 ἐφεξῆς
2439 5346 2691 5417 ἀλλήλοις
2726 5349 2936 5401 κεῖνται
2988 5344 3328 5417 ἀμφότεροι,
3367 5342 3583 5416 μακρὰν
3616 5341 3662 5395 δ’

2065 5439 2538 5509 ἀπεσχοινισμένοι
2562 5440 2915 5510 τυγχάνουσι.
2945 5438 3056 5508 Τὴν
3086 5437 3143 5490 δὲ
3167 5435 3374 5489 τούτων
3398 5434 3577 5490 αἰτίαν
3605 5434 3664 5488 ἐν

2137 5653 2343 5712 “Psat.
2381 5671 2548 5721 Lxxn,
2585 5654 2642 5711 9..
2719 5654 2889 5711 "lsa.
2921 5671 2973 5722 ν,
3017 5653 3099 5708 18.
3178 5649 3349 5707 “Jer.
3389 5647 3658 5716 vin,4,6.

442 5806 520 5873 (I)
556 5806 680 5862 llaec
705 5810 984 5864 enarratio
1009 5826 1076 5864 ex
1107 5810 1391 5865 tricesimo
1421 5821 1618 5867 octavo
1645 5813 1858 5884 psalmo
1884 5811 2114 5869 excidit.
