4090 6404
407 468 511 524 583

1524 461 2022 516 COMMENTARIA
2050 460 2116 513 IN
2147 459 2486 518 PSAIMOS.

3549 466 3655 521 590

407 592 519 652 τοῖς
563 587 867 659 εἰρημένοις
892 587 1020 657 ἡμῖν
1046 586 1124 649 εἰς
1162 584 1253 638 τὸν
1274 584 1377 656 λη’,
1408 588 1819 655 γραμματικαῖς
1852 585 1981 636 ἁπο-

2087 582 2153 636 de
2178 598 2387 636 xxxvm
2415 589 2686 651 ageretur,
2700 578 3078 650 grammaticis
3096 578 3658 640 demonstrationibus

404 679 603 746 δείξεσι
635 680 1081 750 παρεστήσαμεν.
1121 677 1280 731 Ἀλλὰ
1313 677 1406 729 καὶ
1437 677 1521 741 τίς
1547 673 1614 747 ἦν
1656 679 1686 729 6
1725 676 1982 747 Ἰδιθοὺμ,

405 771 506 841 ἤδη
534 769 794 840 πρότερον
826 770 884 821 ὲν
918 768 1066 840 αὐτῷ
1096 768 1288 840 ἐκείνῳ
1310 769 1711 840 δεδηλώκαμεν,
1752 769 1849 839 τὴν
1878 770 1986 822 ἀπὸ

403 861 513 915 τῶν
545 860 1037 931 Παραλειπομένων
1074 860 1312 932 ἱστορίαν
1346 861 1744 933 παραθέμενοι·
1795 861 1861 914 δι’
1916 856 1985 932 ἧς

407 951 676 1005 ἐδείκνυτο
705 947 786 1015 εἷς
808 952 912 1007 τῶν
940 952 1344 1023 ὲκλελεγμένων
1366 954 1445 1016 εἰς
1465 953 1526 1005 τὸ
1553 956 1720 1007 αἰνεῖν
1743 954 1831 1006 τὸν
1853 952 1984 1005 Θεὸν

407 1043 668 1113 γεγονώς.
715 1044 1027 1115 Γέγραπται
1072 1044 1233 1113 γοῦν·
1277 1063 1296 1095 ι
1343 1044 1453 1096 Καὶ
1504 1045 1821 1099 κατέλειπον
1869 1046 1985 1097 ἐκεῖ

403 1135 645 1190 ἐναντίον
660 1136 756 1207 τῆς
775 1135 1005 1190 κιόωτοῦ
1033 1136 1133 1205 τῆς
1153 1135 1428 1208 Διαθήκης
1454 1138 1662 1208 Κυρίου
1687 1138 1779 1191 τὸν
1810 1137 1982 1206 Ἀσάφ

403 1230 496 1282 καὶ
524 1229 648 1293 τοὺς
668 1227 926 1297 ἀδελφοὺς
950 1228 1115 1283 αὑτοῦ
1135 1229 1480 1301 λειτουργοὺς
1509 1230 1747 1284 ἐναντίον
1767 1231 1865 1301 τῆς
1895 1247 1980 1282 κι-

401 1318 600 1372 ϐωτοῦ.
628 1338 645 1369 ι
665 1319 775 1372 Καὶ
805 1317 931 1388 ἑξῆς
961 1319 1195 1390 εἴρηται·
1228 1339 1245 1370 ι
1274 1319 1450 1390 Αίμὰν
1475 1320 1572 1373 καὶ
1612 1320 1867 1391 Ἰδιθοὺμ,
1889 1321 1982 1373 καὶ

402 1410 454 1463 οἱ
479 1409 654 1463 λοιποὶ
673 1408 985 1478 ὲκλεγέντες
1011 1413 1097 1463 ἐπ’
1122 1411 1385 1482 ὀνόματος
1418 1412 1514 1466 τοῦ
1539 1415 1709 1467 αἰνεῖν
1742 1413 1834 1466 τὸν
1864 1412 1980 1465 Κύ-

405 1520 521 1574 ριον
542 1542 557 1567 ,
606 1503 688 1556 ὃτι
737 1505 817 1566 εἰς
857 1502 1030 1557 αἰῶνα
1062 1503 1125 1557 τὸ
1175 1502 1322 1568 ἔλεος
1349 1504 1514 1558 αὐτοῦ
1535 1521 1548 1534 ·
1593 1524 1612 1557 ι
1658 1504 1752 1559 καὶ
1779 1505 1940 1559 πάλιν
1963 1522 1976 1535 ·

406 1614 428 1647 ι
470 1596 603 1649 Μετ’
626 1594 803 1649 αὐτῶν
831 1596 1010 1667 Δίμὰν
1043 1597 1136 1649 καὶ
1175 1596 1429 1668 Ἰδιθοὺμ,
1460 1597 1760 1666 σάλπιγγες
1794 1615 1854 1651 τε
1885 1598 1981 1652 καὶ

402 1685 655 1755 κύμϐαλα
687 1685 781 1740 τοῦ
816 1687 1113 1754 ἀναφωνεῖν
1136 1726 1151 1749 ,
1177 1687 1271 1740 καὶ
1302 1686 1509 1757 ὄργανα
1548 1687 1658 1741 τῶν
1702 1687 1855 1758 ᾠδῶν
1886 1686 1980 1740 τοῦ

401 1779 558 1844 Θεοῦ,
594 1779 701 1833 υἱοὶ
736 1778 969 1850 Ἰδιθοὺμ
997 1781 1075 1843 εἰς
1092 1778 1191 1851 τὴν
1220 1778 1395 1849 πύλην
1413 1794 1426 1808 ·
1456 1798 1475 1831 ι
1507 1779 1601 1833 καὶ
1617 1776 1771 1843 αὖθις
1791 1797 1805 1811 ·
1827 1800 1847 1831 ι
1870 1778 1981 1833 Καὶ

400 1869 675 1941 ἔστησενό
704 1868 956 1939 βασιλεὺς
984 1868 1146 1922 Δαυῒδ
1178 1870 1274 1922 καὶ
1312 1871 1362 1922 οἱ
1391 1869 1651 1941 ἄρχοντες
1688 1871 1787 1943 τῆς
1817 1871 1978 1924 δυνά-

2089 674 2269 729 allatis
2293 672 2707 743 descripsimus.
2742 668 2849 725 Sed
2874 672 3039 726 etiam
3065 675 3192 744 quis
3220 686 3367 732 esset
3395 676 3655 740 ldithum,

2083 766 2196 835 jam
2234 766 2423 820 eodem
2456 767 2510 820 in
2542 767 2753 838 psalmo
2778 766 3203 834 declaravimus,
3225 768 3389 823 allata
3421 770 3489 825 ad
3516 771 3659 825 hanc

2086 872 2199 911 rem
2251 855 2705 927 Paralipomenon
2762 857 3036 925 historia;
3094 872 3203 928 qua
3253 857 3660 916 demonstratur

2086 963 2209 1001 eum
2243 962 2274 1002 e
2303 963 2533 1002 numero
2562 946 2895 1002 delectorum
2932 948 3001 1002 ad
3028 947 3197 1004 Deum
3228 948 3480 1005 laudibus
3515 953 3650 1007 cele-

2086 1036 2358 1092 brandum
2394 1037 2586 1093 fuisse.
2644 1037 2921 1108 Scriptum
2962 1038 3147 1108 itaque
3177 1047 3305 1094 est:
3361 1058 3379 1091 ι
3419 1039 3486 1093 Ει
3530 1040 3654 1096 reli-

2083 1137 2322 1198 querunt
2359 1128 2432 1185 ibi
2463 1144 2646 1184 coram
2678 1144 2806 1184 arca
2853 1128 3193 1185 Testamenti
3225 1129 3436 1186 Domini
3475 1132 3662 1203 Asaph

2083 1227 2137 1273 et
2156 1219 2352 1277 fratres
2370 1221 2510 1291 ejus,
2527 1232 2585 1275 ut
2603 1221 2982 1278 ministrarent
2999 1223 3055 1277 in
3073 1236 3370 1294 conspectu
3390 1240 3529 1279 arcae
3542 1226 3610 1292 ⁶³;
3633 1244 3655 1278 ι

2084 1327 2148 1366 ac
2179 1313 2437 1383 deinceps
2463 1313 2665 1368 dicitur
2693 1333 2706 1368 :
2738 1332 2756 1365 ι
2796 1313 2996 1369 Ᾱῐῐηοη
3020 1322 3076 1369 et
3109 1314 3342 1370 ldithum
3371 1324 3426 1372 et
3460 1318 3657 1388 reliqui

2083 1419 2148 1458 ex
2192 1404 2412 1459 nomine
2438 1404 2595 1459 electi
2644 1405 2714 1459 ad
2746 1405 3077 1460 laudandum
3133 1404 3467 1461 Dominum:
3523 1424 3661 1477 quo-

2083 1496 2227 1549 niam
2261 1497 2314 1551 in
2341 1507 2606 1553 :eternum
2641 1497 3022 1555 misericordia
3051 1497 3172 1567 ejus
3193 1497 3238 1529 “
3257 1514 3304 1564 ;›
3327 1514 3389 1552 ac
3406 1515 3657 1554 rursum:

2088 1606 2107 1637 ι
2145 1588 2281 1643 Cum
2313 1589 2448 1660 ipsis
2474 1589 2673 1645 IEman
2696 1598 2750 1645 et
2773 1588 3026 1651 ldithum,
3065 1589 3207 1644 tubae
3232 1600 3285 1644 et
3312 1591 3560 1660 cymbala
3590 1592 3659 1646 ad

2082 1680 2432 1750 pulsandum,
2479 1688 2533 1735 et
2567 1681 2929 1735 instrumenta
2981 1679 3322 1734 canticorum
3379 1680 3514 1736 Dei:
3559 1682 3659 1737 lilii

2084 1768 2314 1825 ldithum
2357 1771 2413 1825 in
2457 1780 2610 1842 porta
2634 1772 2715 1838 ⁶⁸;
2749 1791 2768 1823 ι
2797 1785 2860 1824 ac
2897 1770 3135 1825 iterum:
3178 1789 3196 1822 ι
3234 1770 3301 1825 Et
3323 1773 3513 1828 statuit
3561 1789 3660 1829 rex

2085 1862 2251 1917 David
2294 1871 2351 1920 et
2394 1863 2670 1934 principes
2720 1864 2996 1918 exercitus
3042 1865 3110 1917 ad
3166 1863 3473 1919 ministeria
3518 1862 3662 1921 filios

404 1979 549 2032 μεως
578 1964 657 2026 είς
690 1962 757 2014 τά
783 1961 921 2034 ἔργα
940 1962 1066 2025 τοὺς
1099 1963 1247 2025 υἱοὺς
1300 1962 1471 2031 ’Λσάφ
1518 1962 1613 2016 καὶ
1646 1963 1844 2033 Λίμὰν,
1888 1961 1981 2015 καὶ

2084 1954 2262 2024 Asapb
2294 1963 2349 2010 et
2391 1954 2590 2010 IEman
2628 1963 2683 2011 et
2716 1953 2977 2018 ldithum,
3029 1954 3397 2010 vociferantes
3445 1956 3660 2028 Cinyra,

413 2052 667 2124 ’Ῑδιθοῦμ,
695 2055 822 2116 τοὺς
854 2051 1369 2123 ἀποφθεγγομένους
1419 2053 1478 2104 ὲν
1517 2051 1716 2124 κινύρᾳ
1779 2052 1873 2105 καὶ
1926 2052 1983 2105 ὲν

400 2144 625 2209 νάϐλαις
672 2145 766 2199 καὶ
814 2146 870 2200 ὲν
924 2145 1249 2215 τυμπάνοις.
1295 2162 1312 2194 ι
1373 2144 1519 2197 Ἀντὶ
1546 2143 1603 2196 δὲ
1628 2143 1757 2207 τοῦ,
1811 2162 1829 2193 ι
1858 2144 1986 2207 τοὺς

399 2237 934 2307 ἀποφθεγγομένους,
970 2255 987 2288 ι
1030 2237 1058 2289 6
1099 2237 1197 2307 μὲν
1242 2236 1510 2301 Ἀκύλας,
1553 2256 1571 2288 ι
1616 2236 1725 2289 τῶν
1770 2252 1977 2308 προφη-

397 2328 529 2392 τῶν,
573 2331 655 2384 r6
699 2328 757 2383 δὲ
786 2329 1077 2400 Σύμμαχος
1104 2368 1119 2392 ,
1144 2347 1162 2379 ι
1205 2327 1312 2381 τῶν
1354 2326 1849 2401 προφητευσάντων
1888 2326 1979 2380 διὰ

398 2418 587 2492 λύρας,
609 2439 627 2471 ι
659 2419 936 2486 ἐξέδωκενο
957 2419 1097 2473 ὥστε
1126 2420 1411 2491 προφήτας
1434 2419 1538 2491 χρὴ
1555 2417 1794 2490 νομίζειν
1818 2436 1979 2488 γεγο-

398 2512 545 2567 νέναι
569 2513 694 2576 τοὺς
705 2511 1082 2583 δηλουμένους.
1102 2512 1212 2565 Καὶ
1233 2508 1387 2577 αὖθις
1404 2512 1532 2581 ὲξῆς
1551 2510 1765 2585 εἴρηται
1780 2511 1858 2581 τῷ
1874 2512 1984 2565 Ἰδι⁸

401 2603 562 2673 θούμ⁸
584 2620 604 2654 ι
627 2602 744 2655 Υἱοὶ
771 2601 957 2655 ἰδιθοὺ
966 2619 1024 2672 μ,
1051 2600 1330 2664 Γοδολείας
1355 2602 1449 2655 καὶ
1466 2602 1656 2673 Σουρεὶ
1673 2602 1981 2666 καὶΑίείας,

399 2694 495 2746 καὶ
516 2692 754 2755 Σεδείας,
773 2692 869 2745 καὶ
882 2691 1131 2755 Ματθίας
1151 2730 1168 2754 ,
1195 2691 1258 2755 ἒξ
1294 2691 1431 2762 μετὰ
1457 2695 1548 2745 τὸν
1570 2692 1784 2763 πατέρα
1807 2693 1987 2745 αὐτῶν

412 2782 649 2852 Ἰδιθοὺμ
679 2784 736 2836 ἐν
766 2781 1012 2852 κινύραις
1038 2781 1484 2851 ἀνακρουόμενοι.
1521 2800 1541 2833 ι
1591 2782 1737 2836 ’Δντὶ
1778 2782 1835 2834 δὲ
1865 2781 1982 2847 τοῦ,

404 2890 427 2923 ‹
465 2875 524 2926 ὲν
563 2872 811 2945 κινύραις
844 2874 1304 2945 ἀνακρουόμενοι,
1345 2893 1364 2924 ι
1423 2872 1585 2927 πάλιν
1638 2876 1667 2927 6
1718 2873 1982 2938 Ἀκύλας,

404 2982 427 3014 ‹
458 2963 658 3035 κιθάρα
690 2964 1045 3036 προφητεύων
1069 2981 1083 2994 ·
1116 2983 1134 3016 ι
1174 2967 1202 3018 ὁ
1235 2964 1291 3017 δὲ
1324 2963 1638 3036 Σύμμαχος,
1669 2985 1687 3015 ι
1709 2963 1798 3018 διὰ
1816 2964 1983 3037 λύρας

400 3054 495 3107 τοῦ
518 3054 976 3126 προφητεύοντος,
1021 3076 1039 3108 ι
1070 3055 1352 3123 ἐξέδωκεν.
1405 3057 1613 3111 Οὐκοῦν
1660 3057 1753 3111 καὶ
1784 3059 1812 3111 6
1863 3058 1983 3112 Ἰδι-

398 3145 543 3217 θοὺμ
571 3141 650 3209 εἷς
677 3140 745 3217 ἦν
767 3147 874 3202 τῶν
907 3148 1358 3219 προφητευόντων
1387 3147 1476 3202 διὰ
1505 3149 1677 3221 λύρας
1700 3164 1714 3179 ⁸
1763 3149 1847 3204 διὸ
1888 3150 1983 3204 καὶ

395 3236 623 3301 εἰκότως
668 3234 813 3291 εἴποι
841 3237 906 3291 ἄν
938 3256 1040 3302 τις,
1087 3238 1337 3315 ἐντεῦθεν
1381 3239 1736 3311 ὁρμώμενος.
1776 3241 1849 3313 μὴ
1887 3241 1979 3295 τὸν

396 3328 560 3383 Δαυῒδ
592 3329 848 3394 συντάξαι
885 3330 976 3383 τὸν
999 3330 1233 3402 ψαλμὲν,
1270 3332 1365 3387 καὶ
1389 3331 1682 3387 δεδωκέναι
1731 3334 1810 3405 τῷ
1854 3334 1975 3389 Ἰδι-

396 3418 557 3492 θοὺμ,
594 3421 728 3493 μηδὲ
753 3422 844 3475 τὸν
898 3422 1132 3494 Ἰδιθοὺμ
1158 3425 1616 3480 ύποπεπτωκέναι
1659 3425 1739 3498 τῷ
1782 3443 1975 3499 πειρα-

398 3512 540 3585 σμῷ,
575 3514 668 3568 καὶ
701 3514 994 3587 θεραπείας
1025 3517 1305 3589 δεδεῆσθαι
1328 3518 1426 3589 τῆς
1464 3519 1615 3593 παρὰ
1650 3519 1742 3574 τοῦ
1790 3519 1972 3575 Δαυῖδ.

396 3603 547 3674 Μηδὲ
567 3602 675 3676 γὰρ
702 3603 798 3676 τὴν
825 3605 1047 3677 Γραφὴν
1074 3606 1319 3661 ύπαίτιόν
1351 3624 1457 3661 που
1484 3607 1577 3662 τὸν
1605 3608 1838 3680 Ἱδιθοὺμ
1864 3611 1979 3663 εἰσ-

395 3694 552 3762 ἀγειν
574 3710 590 3725 ο
643 3693 756 3747 ἀλλ’
803 3693 1039 3765 ἔμπαλιν
1084 3694 1282 3766 μᾶλλον
1347 3696 1439 3750 τὸν
1490 3697 1655 3751 Δαυῖδ
1686 3697 1978 3771 πειρασμῷ

393 3784 876 3857 ’περιπεπτωκέναι
903 3787 1197 3842 διδάσκειν.
1239 3788 1330 3843 Διὸ
1376 3791 1472 3844 καὶ
1515 3790 1685 3860 φῆσαι
1721 3790 1788 3845 ἂν
1837 3791 1979 3845 είκό-

392 3892 524 3941 τως,
553 3877 836 3949 προφήτην
858 3876 986 3931 ὄντα
1023 3878 1114 3930 τὸν
1157 3878 1412 3949 Ἰδιθοὺμ,
1459 3881 1586 3944 τοὺς
1623 3880 1683 3934 ὲν
1739 3882 1978 3952 ἀμφοτέ-

397 3984 512 4039 ροις
556 3970 667 4031 τοῖς
704 3968 1095 4039 προδηλωθεῖσι
1133 3970 1367 4042 ψαλμοῖς
1423 3972 1617 4041 λόγους
1671 3972 1973 4038 συντάξαι,

396 4057 489 4110 καὶ
531 4054 611 4127 τῷ
658 4055 820 4109 Δαυῒδ
850 4058 1309 4130 παραδεδωκέναι,
1355 4061 1430 4126 ὡς
1464 4059 1531 4116 ἃν
1575 4062 1838 4132 ὠφελοῖτο
1883 4064 1978 4116 καὶ

396 4145 749 4218 θεραπεύοιτο
782 4146 842 4213 ἐξ
870 4148 1050 4203 αὐτῶν
1096 4152 1190 4204 ὲπ)⁹
1235 4154 1350 4216 τοῖς
1390 4152 1541 4225 αὐτῷ
1580 4152 1974 4226 συμϐεϐηκόσι.

395 4239 553 4293 Δοκεῖ
582 4238 639 4292 δέ
672 4257 787 4305 πως
812 4241 984 4314 ταύτῃ
1027 4245 1092 4315 τῇ
1121 4243 1329 4316 διανοίᾳ
1383 4244 1786 4318 συμϐάλλεσθαι
1825 4247 1919 4300 καὶ
1946 4247 1977 4300 6

394 4329 706 4405 Σύμμαχος,
756 4337 853 4407 τὴν
897 4334 1220 4409 προγραφὴν
1259 4335 1447 4391 τοῦτον
1497 4337 1840 4410 ἑρμηνεύσας
1883 4339 1976 4395 τὺν

392 4419 626 4490 τρόπον’
666 4440 684 4474 ι
730 4423 1023 4488 Ἐπινίκιος
1060 4424 1147 4479 διὰ
1196 4423 1429 4499 Ἰδιθοὺμ
1453 4427 1566 4500 ᾠδὴ
1594 4430 1675 4493 είς
1724 4430 1908 4484 Δαυτδ.
1950 4448 1972 4483 ι

394 4512 507 4565 Καὶ
542 4514 752 4585 μήποτε
780 4516 918 4587 μετὰ
943 4517 1005 4569 τὸ
1030 4518 1255 4591 σφάλμα
1275 4521 1337 4574 τὸ
1375 4519 1685 4593 ἑπισυμὸὰν
1712 4521 1789 4593 τῷ
1814 4520 1978 4576 Δαυῒδ

393 4603 487 4697 ἐπὶ
505 4606 570 4697 τῇ
596 4604 689 4658 τοῦ
712 4607 909 4679 Οὐρίου
936 4610 1175 4677 γυναικὶ,
1204 4612 1402 4683 μηκέτι
1424 4614 1536 4667 οἴου
1559 4631 1619 4667 τε
1645 4612 1813 4668 αὑτοῦ
1838 4613 1980 4668 κατὰ
2013 4642 2057 4697 D

392 4692 455 4749 τὸ
480 4696 706 4752 παλαιὸν
737 4700 1119 4772 προφητεύειν,
1147 4702 1357 4757 πολλῶν
1394 4705 1451 4759 δὲ
1491 4707 1813 4779 πειρασμῶν
1842 4707 1981 4761 ἐπα-

396 4787 732 4855 νισταμένων
767 4790 917 4861 αὐτῷ
941 4792 1031 4845 καὶ⁵
1061 4793 1355 4867 συμφορῶν
1391 4796 1708 4869 ἐπαλλήλων
1729 4837 1744 4861 ,
1790 4798 1820 4852 6
1867 4798 1983 4853 Ἰδι-

2086 2049 2265 2104 nablis
2291 2055 2347 2104 et
2388 2048 2654 2120 cymbalis
2678 2050 2744 2103 ⁸⁸.
2790 2069 2808 2101 ι
2843 2047 2953 2103 Pro
3002 2048 3096 2103 illo
3131 2057 3335 2110 autem,
3374 2067 3393 2100 ι
3447 2048 3659 2106 vocife-

2087 2150 2298 2207 rantes,
2336 2160 2356 2193 ι
2395 2141 2613 2211 Aquila,
2650 2160 2669 2193 ι
2709 2142 3025 2213 prophetas.
3063 2160 3083 2194 ι
3118 2139 3478 2213 Symmachus
3506 2155 3659 2208 vero,

2090 2253 2108 2284 ‹
2152 2234 2541 2303 prophetantes
2570 2234 2709 2306 lyra,
2748 2253 2767 2286 ι
2805 2234 3138 2301 ediderunt;
3174 2235 3246 2287 ita
3271 2240 3330 2288 ut
3372 2234 3660 2290 memorati

2084 2325 2188 2380 viri
2240 2328 2516 2397 propheta:
2553 2326 2846 2398 reputandi
2900 2326 3029 2382 sint.
3085 2323 3436 2397 Rursumque
3485 2326 3662 2385 fertur

2086 2416 2151 2470 «le
2188 2414 2422 2471 ldithum
2455 2435 2468 2470 :
2496 2436 2515 2468 ι
2544 2416 2667 2472 Filii
2699 2416 2958 2480 ldithum,
2989 2416 3270 2483 Godolias,
3313 2417 3462 2484 Suri,
3490 2418 3660 2476 )Eeas

2087 2502 2292 2560 Sedeas
2321 2515 2377 2561 et
2398 2506 2672 2570 Matthias,
2710 2522 2803 2562 sex
2828 2515 2953 2577 post
2978 2513 3188 2576 patrem
3218 2525 3379 2564 suum
3403 2510 3658 2576 ldithum,

2084 2595 2290 2666 cinyris
2318 2607 2739 2667 concrepantes.
2790 2616 2809 2649 ι
2842 2595 2949 2651 Pro
2998 2596 3094 2651 illo
3137 2606 3338 2666 autem,
3386 2617 3406 2650 ι
3455 2600 3661 2673 cinyris

2084 2697 2502 2759 concrepantes,
2543 2707 2562 2740 ι
2601 2689 2799 2758 Aquila
2828 2705 3071 2757 rursum,
3104 2708 3122 2741 ι
3169 2691 3380 2746 cithara
3424 2695 3661 2763 prophe—

2083 2785 2246 2843 tans;
2302 2798 2322 2831 ›
2377 2778 2738 2850 Symmachus
2788 2794 2938 2844 vero,
2980 2798 2999 2831 ι
3053 2782 3166 2852 lyra
3199 2782 3597 2853 prophetantis,
3635 2803 3653 2836 ι

2083 2867 2277 2923 edidit.
2305 2867 2539 2924 ldithum
2585 2885 2718 2940 ergo
2746 2885 2778 2926 e
2807 2886 3036 2926 numero
3070 2872 3510 2942 prophetantium
3543 2875 3658 2946 lyra

2085 2961 2227 3028 fuit;
2279 2963 2635 3033 quamobrem
2688 2964 2812 3034 jure
2860 2964 3024 3034 quis,
3084 2965 3214 3020 hinc
3276 2977 3659 3037 argumentum

2084 3061 2390 3120 mutuatus,
2425 3053 2647 3121 dixerit,
2675 3054 2935 3112 Davidem
2970 3073 3073 3113 nec
3104 3059 3481 3129 composuissr.
3509 3061 3659 3131 psal-

2082 3161 2254 3209 mum,
2286 3162 2388 3202 nec
2416 3146 2521 3218 ipsi
2562 3146 2798 3203 ldithum
2832 3149 3167 3205 tradidisse:
3203 3165 3382 3222 neque
3422 3150 3659 3206 ldithum

2084 3238 2138 3293 iu
2170 3239 2524 3295 tentationem
2557 3240 2864 3312 delapsum,
2896 3251 2958 3297 ut
2988 3244 3253 3300 medelam
3287 3258 3318 3298 a
3339 3243 3541 3299 Davide
3569 3259 3660 3298 ac-

2083 3330 2289 3400 ciperet
2361 3346 2502 3402 opus
2567 3331 2849 3390 habuisse.
2905 3333 3094 3406 Neque
3154 3337 3300 3392 enim
3374 3335 3659 3407 Scriptura

2082 3421 2298 3492 uspiam
2338 3424 2516 3493 ipsum
2552 3423 2790 3480 ldithum
2826 3439 2981 3480 reum
3034 3426 3283 3496 inducit;
3334 3428 3445 3483 imo
3478 3429 3660 3498 potius

2084 3512 2341 3569 Davidem
2393 3515 2450 3570 in
2479 3518 2839 3574 tentationem
2877 3519 3088 3591 lapsum
3118 3534 3243 3575 esse
3268 3518 3448 3576 docet.
3478 3518 3661 3587 Quare

2083 3616 2451 3678 congruenter
2480 3610 2719 3673 dicatur.
2753 3612 2931 3683 ipsum
2983 3610 3246 3675 ldithum,
3294 3620 3483 3682 utpote
3529 3628 3659 3683 pro-

2082 3698 2323 3767 phetam,
2354 3711 2688 3759 memoratos
2725 3703 2866 3759 duos
2900 3704 3141 3775 psalmos
3171 3704 3568 3774 composuisse.
3605 3714 3661 3760 ct

2084 3785 2273 3843 Davidi
2301 3789 2616 3856 tradidisse,
2649 3802 2709 3847 ut
2737 3809 2802 3849 ex
2832 3794 2904 3850 iis
2934 3796 3223 3852 utilitatem
3262 3811 3327 3850 ac
3358 3797 3658 3853 remedium

2084 3878 2139 3932 in
2176 3880 2556 3937 accidentibus
2587 3884 2745 3941 malis
2779 3887 3106 3955 perciperet.
3139 3885 3277 3941 Huic
3321 3903 3485 3957 porro
3537 3903 3662 3944 sen-

2082 3970 2269 4024 tentia:
2304 3970 2557 4027 conferre
2602 3973 2964 4045 Symmachus
3019 3977 3257 4041 videtur,
3308 3980 3403 4048 qui
3442 3980 3658 4034 titulum

2083 4063 2185 4116 hac
2213 4062 2425 4119 ratione
2468 4065 2858 4136 interpretatus
2905 4077 3030 4123 est:
3091 4087 3112 4119 ι
3174 4069 3531 4141 Triumphale
3565 4087 3662 4142 per

2082 4151 2344 4216 ldithum,
2388 4157 2664 4212 canticum
2717 4158 2774 4212 in
2812 4157 3091 4215 Davidem.
3135 4179 3155 4212 ›
3186 4160 3325 4215 Num
3370 4164 3510 4217 forte
3538 4170 3660 4232 post

2083 4246 2549 4318 lapsumiDavidis
2576 4265 2704 4321 erga
2752 4248 2897 4306 Uria:
2942 4267 3193 4318 uxorem,
3241 4268 3366 4307 cum
3415 4253 3657 4309 nondum

2083 4347 2271 4407 posset
2300 4340 2540 4410 pristino
2571 4358 2724 4398 more
2773 4343 3123 4413 prophetare,
3160 4345 3452 4415 multaeque
3483 4352 3660 4400 tenta-

2084 4430 2285 4495 tiones,
2304 4432 2755 4503 calamitatesque
2771 4432 3086 4503 frequentes
3106 4435 3398 4500 instarent,
3423 4433 3660 4488 ldithum

2086 4520 2293 4592 Spiritu
2340 4532 2537 4579 sancto
2570 4524 2783 4581 atllatus
2814 4526 2914 4580 hos
2953 4526 3022 4580 ab
3072 4540 3132 4581 se
3160 4528 3494 4596 compositos
3544 4542 3661 4582 ser-

2085 4630 2300 4679 mones,
2326 4614 2484 4685 quasi
2522 4616 2767 4673 remedia
2810 4615 2879 4671 ad
2913 4616 3180 4672 medelam
3216 4618 3415 4671 anima:
3446 4623 3657 4686 parata.

2085 4708 2188 4776 ipsi
2212 4707 2460 4765 tradidit.
2491 4717 2551 4762 ut
2580 4725 2771 4764 eorum
2794 4708 3047 4764 doctrina
3078 4708 3334 4763 solatium
3358 4707 3662 4778 acciperet?

2084 4796 2231 4854 Sane
2255 4815 2378 4853 cum
2409 4798 2477 4854 ad
2508 4815 2751 4871 praesens
2777 4808 3157 4870 argumentum
3188 4797 3327 4854 duas
3356 4796 3662 4853 sententias

395 4868 556 4962 θοὺμ,
610 4876 888 4952 Πνεύματι
931 4882 1069 4954 ἁγίῳ
1102 4883 1367 4950 συντάξας
1406 4886 1536 4950 τοὺς
1579 4889 1975 4960 προκειμένους

2084 4890 2385 4962 legentibus
2418 4868 2764 4948 attulerimus
2792 4930 2807 4956 ,
2845 4868 3026 4945 utram
3061 4891 3229 4946 velint
3257 4890 3534 4961 amplecti,
3565 4905 3663 4959 per

394 4960 606 5030 λόγους,
650 4967 837 5044 ὥσπερ
888 4974 1010 5027 τινὰ
1045 4974 1315 5047 φάρμακα
1373 4975 1555 5051 ψυχῆς
1604 4978 1978 5053 θεραπευτικά

2079 4998 2182 5038 nos
2218 4982 2423 5038 licebit.

397 5054 701 5147 έπιδίδωσιν
747 5064 927 5136 αὐτῷ,
955 5068 1034 5130 είς
1063 5069 1125 5122 τὸ
1154 5068 1597 5141 παραμυθεῖσθαι
1652 5074 1718 5127 ἐκ
1760 5074 1862 5146 τῆς
1910 5077 1970 5129 ὲν
2007 5075 2190 5139 αὐτοῖς
2228 5075 2613 5141 διδασκαλίας;
2653 5077 2763 5130 Καὶ
2803 5074 2868 5147 δὴ
2909 5073 3058 5129 δυσὶν
3118 5072 3368 5144 ὲκδοχαῖς
3436 5069 3663 5124 ἐπιϐάλ-

397 5144 579 5213 λοντες
614 5153 695 5217 εἰς
721 5156 787 5209 τὰ
812 5160 1147 5233 προκείμενα
1192 5166 1305 5227 τοῖς
1353 5165 1771 5237 ἐντυγχάνουσι,
1816 5144 2049 5242 θατέρας
2070 5171 2250 5225 αὐτῶν
2273 5170 2373 5242 τὴν
2406 5172 2617 5243 αἵρεσιν
2645 5144 3065 5242 καταλείψομεν.

475 5284 494 5317 ι
509 5266 651 5330 Ἕως
676 5268 805 5323 πότε
821 5272 1127 5331 ἐπιτίθεσθε
1143 5280 1229 5333 ἐπ’
1248 5279 1557 5351 ἄνθρωπον,
1574 5282 1829 5351 φονεύετε
1843 5284 1980 5338 πάν-

395 5371 487 5418 τες
507 5355 664 5426 ὑμεῖς
687 5374 702 5423 ;
724 5359 799 5423 ὼς
812 5362 977 5434 τοίχῳ
996 5370 1297 5441 κεκλιμένῳ
1315 5371 1411 5424 καὶ
1430 5371 1672 5442 φραγμῷ
1690 5373 1939 5445 ὠσμένῳ.
1956 5394 1974 5423 ι

411 5445 692 5517 Ἐμφαίνει
713 5449 802 5505 διὰ
832 5454 1034 5510 τούτων
1064 5458 1138 5532 μὴ
1166 5461 1265 5515 ἕνα
1302 5463 1463 5533 μόνον
1504 5465 1807 5534 πειρασμὸν
1847 5466 1980 5519 ὑπο-

401 5541 763 5629 μεμενηκέναι
790 5546 819 5598 ό
849 5547 1032 5613 Δαυῖδ,
1063 5552 1185 5624 μηδ’
1216 5553 1408 5626 ὥσπερ
1435 5555 1561 5625 μίαν
1588 5555 1805 5628 πληγὴν
1839 5557 1981 5629 εἱλη-

398 5628 554 5698 φέναι
593 5632 698 5689 ὑπὸ
722 5636 828 5690 τῶν
854 5638 1192 5698 ἀντιπάλωνο
1226 5645 1380 5709 ὡςδὲ
1414 5646 1508 5700 ἐπὶ
1553 5647 1750 5719 μακρῷ
1799 5628 1977 5720 χρόνῲ

400 5724 749 5796 τυπτόμενος,
789 5730 884 5784 καὶ
910 5735 1191 5807 καρτερῶς
1232 5736 1518 5808 ὑπομένων
1563 5740 1663 5804 τὰς
1708 5742 1980 5813 ἐπαγομέ-

2158 5285 2325 5343 νειιε.
2362 5288 2415 5351 4,
2448 5288 2502 5342 5.
2542 5307 2562 5338 ι
2601 5286 2899 5357 Quousque
2925 5286 3137 5340 irruitis
3165 5286 3221 5338 in
3252 5285 3550 5347 hominem,
3579 5284 3665 5337 in-

2086 5378 2341 5435 terﬁcitis
2381 5380 2622 5435 universi
2665 5395 2765 5434 vos
2791 5419 2806 5443 ,
2842 5389 3102 5450 tanquam
3151 5378 3348 5448 parieti
3395 5377 3664 5432 inclinato

2084 5480 2137 5525 et
2176 5471 2429 5526 maceria:
2457 5471 2716 5541 depulsa.
2772 5489 2791 5523 ι
2826 5469 2918 5525 His
2967 5470 3210 5525 declarat
3250 5468 3419 5523 David
3454 5483 3514 5524 se
3552 5483 3660 5524 non

2085 5577 2250 5615 unam
2281 5577 2601 5633 perpessum
2656 5562 3033 5623 tentationem,
3074 5577 3252 5633 neque
3304 5576 3415 5615 uno
3462 5560 3532 5615 ab
3560 5559 3657 5614 ad-

2083 5652 2344 5707 versariis
2392 5653 2542 5708 velut
2569 5659 2798 5708 vulnere
2847 5653 3208 5716 confossum,
3259 5653 3354 5708 sed
3403 5652 3663 5708 diuturno

2083 5751 2328 5813 tempore
2360 5759 2684 5815 percussum
2713 5788 2729 5813 ,
2770 5760 2835 5801 ac
2883 5746 3119 5802 inﬂictas
3168 5728 3356 5817 plagas
3393 5754 3666 5817 patienter

469 5879 517 5912 “
556 5879 575 5933 l
611 5879 791 5943 Paral.
827 5903 953 5955 ενι,
985 5889 1077 5946 57.
1150 5892 1197 5924 “
1236 5892 1365 5948 ibid.
1400 5894 1490 5950 41.
1569 5896 1612 5927 ⁶⁸
1643 5897 1773 5951 ibid.
1805 5896 1895 5953 49.
1972 5899 1981 5928 ⁴

2102 5898 2281 5954 Paral.
2319 5915 2442 5965 xxv,
2478 5899 2530 5955 i.
