4090 6392
381 370 469 422 ἑίθι
1076 373 1161 428 Εὐ
1173 370 1343 425 S'EBII
1383 370 1862 426 (lxiiSARIENSlS
1902 371 1944 424 Ο

2048 416 2051 425 ,
2099 374 2278 427 PARS
2314 372 2397 427 ΠΙ.
2441 405 2505 412 -
2546 373 2953 430 [ΞΧΙίΟΕΤΙΕΑ.

375 488 630 542 ferentem
660 526 674 547 ,

377 597 394 628 ι
435 577 732 647 Quousque
760 579 972 633 irruitis
995 579 1050 632 in
1077 579 1351 632 [neminem
1379 580 1402 630 ’ὲ
1429 598 1451 629 ι
1481 579 1614 640 sive,
1643 578 1940 632 secundum

371 669 642 738 Aquilam,
683 687 700 718 ι
739 670 1038 739 Quousque
1066 669 1438 725 insidiamini?
1461 689 1479 721 ι
1505 670 1609 732 vel,
1646 671 1940 724 secundum

370 763 781 833 Symmachum,
822 783 839 814 ι
881 762 1182 832 Quousque
1211 765 1265 816 in
1291 778 1488 816 vanum
1521 763 1882 816 laborabitis?
1919 783 1935 813 ι

298 926 303 931 Ι
369 853 574 906 Ιιζχὶηόο
609 853 992 908 insidiatorum
1040 868 1276 923 arguens
1327 855 1688 923 propositum,
1727 853 1938 907 infert:

372 964 389 994 ι
449 944 764 1001 lnterficitis
807 947 1048 1002 universi
1107 962 1225 1003 vos.
1289 967 1306 999 ι
1364 947 1678 1013 llomicidae,
1743 947 1938 1016 inquit,

367 1037 501 1091 ustis
535 1058 546 1092 :
587 1053 763 1109 neque
798 1047 988 1093 contra
1020 1039 1277 1093 athletam
1313 1042 1470 1110 quasi
1510 1041 1806 1095 adversarii
1832 1050 1940 1094 sta-

369 1131 563 1184 tariam
611 1146 850 1202 pugnam
919 1132 987 1185 ad
1046 1131 1490 1187 exercitationem
1563 1131 1935 1195 committitis;

369 1223 461 1275 sed
504 1225 790 1279 occidendi
823 1224 1006 1280 studio
1040 1224 1095 1277 in
1141 1240 1226 1278 me
1276 1225 1508 1286 irruitis,
1544 1233 1598 1279 et
1629 1231 1686 1277 ut
1740 1223 1943 1277 auxilio

369 1332 622 1382 vacuum,
669 1324 728 1370 ut
763 1331 978 1369 murum
1025 1314 1137 1385 j-am
1186 1315 1503 1369 inclinatum
1549 1321 1605 1370 et
1654 1314 1942 1368 maceriem

368 1411 675 1480 depulsam,
706 1409 1084 1481 aggredimini.
1109 1408 1244 1462 Nam
1279 1410 1436 1479 quasi
1461 1408 1679 1464 nemine
1707 1409 1945 1463 circum-

367 1504 604 1556 vallante
633 1514 725 1557 aut
772 1503 1074 1569 muuiente,
1125 1503 1472 1572 animamque
1501 1516 1676 1557 meam
1708 1507 1941 1566 tutante,

368 1598 441 1651 ita
478 1599 710 1653 irruitis.
747 1597 1047 1667 Quousque
1080 1596 1246 1667 igitur
1272 1597 1387 1650 haec
1408 1595 1610 1651 frustra
1633 1595 1973 1660 tentabitis,’

367 1705 544 1759 neque
569 1689 882 1752 cessabitis,
919 1691 1153 1744 scientes
1186 1689 1464 1744 invenisse
1495 1703 1583 1742 me
1606 1687 1940 1757 praesidium,

367 1781 652 1835 custodem
714 1797 777 1836 ac
839 1781 1220 1836 servatorem?
1272 1779 1451 1846 Quare
1509 1778 1734 1834 fidenter
1781 1778 1939 1832 dixi:

3519 379 3625 435 59‘2

748 488 1021 543 caedentes
1088 488 1288 542 talibus
1350 488 1508 540 dictis
1578 488 1939 557 compellare:

2049 506 2144 552 νας
2179 487 2326 557 αὐτῷ
2355 487 2587 557 πληγὰς,
2634 489 2862 556 φάσκειν
2900 491 3012 552 τοῖς
3062 490 3372 542 τύπτουσιν·
3411 509 3428 540 ε
3479 491 3624 554 Ἕως

2052 580 2182 633 πότε
2207 578 2510 632 ἐπιτίθεσθε
2540 579 2626 630 ἐπ’
2651 579 2968 652 ἄνθρωπον;
3016 601 3032 630 ι
3067 582 3098 650 ῆ
3135 583 3272 635 κατὰ
3311 581 3398 634 τὸν
3461 583 3623 635 Ἀκύ-

2047 671 2174 725 λανο
2201 689 2219 720 σ
2253 672 2396 735 Ἕως
2433 669 2576 734 τίνος
2601 670 3015 737 ἐπιϐουλεύετε;
3051 693 3066 723 i
3111 674 3308 743 ἢκατὰ
3352 674 3442 726 τὸν
3482 675 3623 744 Σύμ-

2052 780 2220 833 μαχον
2244 779 2257 792 ν
2282 763 2458 824 ι”Εως
2485 761 2628 822 τίνος
2659 764 3117 834 ματαιοπονήσετε
3141 781 3187 827 ;›
3217 759 3350 816 Εἶτα
3384 763 3479 834 τὴν
3502 781 3626 836 προ-

2049 856 2260 926 αἰρεσιν
2297 854 2402 908 τῶν
2433 851 2886 906 ἐπιϐουλευόντων
2935 853 3082 924 αὐτῷ
3123 855 3410 924 διελέγχων
3449 857 3582 925 φησί
3605 869 3622 883 ⁸

2054 965 2072 995 ‹
2105 946 2358 998 Φονεύετε
2395 944 2594 1006 πάντες
2618 944 2794 1012 ὑμεῖς.
2830 963 2848 995 ›
2879 945 3136 999 Φονευταὶ
3157 945 3264 1016 γάρ
3286 948 3427 1010 ἐστε,
3468 946 3620 1014 φησί’

2048 1039 2142 1091 καὶ
2174 1039 2271 1108 οὐχ
2305 1038 2493 1111 ὥσπερ
2515 1041 2911 1108 ἀνταγωνισταὶ
2940 1039 3072 1108 πρὸς
3097 1037 3329 1109 ἀθλητὴν
3349 1040 3623 1110 ἱστάμενοι

2053 1129 2212 1201 μέχρι
2244 1131 2544 1201 γυμνασίου
2577 1132 2843 1186 ποιεῖσθαι
2860 1133 2960 1204 τὴν
2985 1131 3215 1202 ἅμιλλαν
3233 1146 3248 1161 ⁸
3272 1131 3406 1184 ἀλλὰ
3429 1133 3622 1202 φονικῇ

2050 1223 2370 1292 προαιρέσει
2400 1223 2704 1278 ἐπιτίθεσθέ
2733 1242 2842 1296 μοι,
2875 1224 2968 1277 καὶ
3001 1221 3309 1276 ἐπιτίθεσθε
3337 1223 3411 1286 ὡς
3456 1221 3623 1294 ἀϐοη-

2050 1313 2214 1384 Θήτῳ,
2252 1314 2346 1366 καὶ
2369 1313 2444 1376 ὡς
2477 1314 2575 1386 ἤδη
2609 1315 2914 1386 κεκλιμένῳ
2943 1314 3104 1385 τοίχῳ
3133 1315 3226 1366 καὶ
3283 1313 3521 1386 φραγμῷ
3552 1313 3626 1365 ὠ-

2051 1405 2250 1474 σμένῳ.
2294 1405 2382 1469 Ὧς
2404 1405 2512 1476 γὰρ
2540 1407 2764 1478 μηδενὸς
2786 1406 3246 1479 περιφράττοντος
3293 1406 3428 1477 μηδὲ
3465 1423 3622 1476 περι-

2049 1498 2374 1569 τειχίζοντος
2396 1500 2490 1552 καὶ
2522 1497 2619 1570 τὴν
2651 1497 2788 1570 ἐμὴν
2811 1496 3177 1570 φρουροῦντος
3209 1495 3420 1568 ψυχὴν,
3451 1493 3626 1560 οὕτως

2049 1590 2375 1645 ἐπιτίθεσθε.
2420 1592 2565 1655 Ἕως
2593 1587 2685 1644 οὖν
2741 1592 2872 1644 πότε
2913 1590 3085 1645 ταῦτα
3137 1589 3623 1661 ματαιοπονήσετε,

2050 1685 2142 1737 καὶ
2173 1684 2294 1754 οὐχὶ
2323 1685 2598 1738 παύσεσθε
2648 1683 2853 1747 λοιπὸν,
2914 1683 3156 1753 γνόντες,
3209 1683 3291 1736 ὅτι
3324 1673 3482 1753 εὗρον
3524 1681 3626 1752 τὴν

2049 1776 2284 1847 ἐμαυτοῦ
2320 1778 2586 1848 φυλακὴν,
2617 1778 2711 1829 καὶ
2750 1775 2840 1829 τὸν
2863 1776 3101 1848 ἐμαυτοῦ
3136 1776 3373 1847 φρουρὸν
3404 1775 3498 1829 καὶ
3522 1775 3629 1828 Σω-

373 1892 389 1922 ‹
428 1872 620 1926 Nonne
665 1873 775 1928 Deo
811 1873 1060 1942 subjecta
1107 1873 1212 1926 erit
1259 1871 1442 1926 anima
1492 1870 1657 1925 mea?
1701 1871 1770 1924 ab
1823 1872 1944 1940 ipso

2048 1867 2183 1938 τῆρα
2209 1885 2222 1934 ;
2269 1869 2361 1922 Διὸ
2389 1868 2668 1940 ἐθάρσησα
2715 1870 2881 1938 φάναι
2907 1885 2920 1897 ο
2963 1887 2981 1920 ι
3015 1869 3148 1940 Οὐχὶ
3172 1867 3250 1940 τῷ
3278 1867 3397 1939 θεῷ
3429 1868 3628 1920 ὑποτα-

366 1965 510 2016 enim
543 1966 780 2020 salutare
811 1980 1016 2020 meum.
1047 1962 1183 2018 Nam
1220 1970 1275 2018 et
1335 1963 1453 2033 ipse
1506 1960 1652 2018 Deus
1700 1977 1854 2018 meus
1893 1969 1948 2016 et

369 2054 621 2108 Salvator
683 2071 880 2119 meus,
939 2060 1228 2123 susceptor
1283 2068 1462 2117 meus,
1522 2067 1633 2108 non
1690 2054 1948 2108 movebor

369 2148 623 2217 amplius.
653 2145 1048 2201 Verumtamen
1093 2143 1330 2215 pretium
1360 2159 1540 2199 meum
1575 2145 1948 2216 cogitaverunt

367 2237 654 2304 repellere,
690 2244 1062 2290 cucurrerunt
1115 2234 1172 2288 in
1217 2233 1330 2297 siti,
1382 2248 1479 2289 ore
1527 2249 1628 2290 suo
1661 2236 1950 2290 benedice-

366 2327 533 2391 bant,
594 2333 648 2381 et
695 2325 861 2381 corde
917 2341 1019 2380 suo
1075 2324 1494 2380 maledicebant.
1558 2325 1883 2397 Diapsalma.
1925 2348 1943 2379 ι

366 2416 557 2471 Priora
606 2417 826 2487 quidem
861 2416 976 2471 sive
1011 2414 1181 2469 David
1214 2414 1331 2472 sive
1378 2416 1613 2471 ldithum
1665 2432 1787 2474 sese
1815 2419 1950 2475 allo-

368 2523 546 2578 quens
579 2507 750 2574 dixit;
779 2506 1019 2563 secunda
1048 2505 1304 2561 inimicos
1328 2508 1663 2578 compellans
1691 2511 1945 2580 protulit;

368 2601 532 2656 tertia
563 2615 631 2655 ex
660 2598 956 2671 propositis
998 2597 1180 2653 verbis
1226 2613 1329 2654 nos
1358 2599 1588 2655 edocent
1622 2615 1731 2670 quo
1761 2601 1950 2657 consi-

366 2694 440 2746 lio
489 2692 722 2748 insidias
772 2691 875 2763 ipsi
929 2691 1178 2762 pararint
1228 2691 1628 2760 conjuratores.
1679 2692 1947 2760 Quocirca

364 2783 538 2838 dicit:
580 2801 598 2834 ι
641 2781 1032 2839 Verumtamen
1069 2784 1306 2855 pretium
1353 2800 1536 2840 meum
1570 2785 1950 2856 cogitaverunt

366 2875 650 2949 repellere.
712 2894 731 2926 ι
771 2875 968 2930 Omnia
1002 2877 1205 2947 quippe
1237 2892 1425 2932 eorum
1454 2876 1758 2942 molimina,
1789 2893 1949 2932 omne

369 2967 684 3032 consilium,
738 2981 848 3022 non
897 2968 1006 3022 alio
1059 2970 1400 3038 spectabant,
1432 2984 1595 3040 quam
1641 2978 1702 3024 ut
1749 2986 1834 3024 me
1881 2970 1950 3025 ab

371 3059 578 3114 honore
618 3075 727 3128 quo
757 3059 902 3130 apud
935 3058 1104 3114 Deum
1138 3061 1438 3132 gaudebam
1490 3061 1865 3127 deturbarent,
1897 3071 1949 3117 et

367 3151 599 3219 pristina
639 3166 760 3206 mea
790 3152 963 3222 gloria
992 3155 1315 3224 spoliarent.
1351 3153 1490 3209 Hinc
1533 3156 1765 3210 consilio
1813 3157 1948 3211 inito

366 3251 424 3295 ut
449 3241 710 3297 honorem
736 3257 799 3298 ac
825 3245 1060 3314 pretium
1088 3247 1221 3301 mihi
1250 3247 1552 3313 auferrent,
1582 3257 1948 3303 cucurrerunt

365 3335 421 3388 in
454 3334 568 3399 siti,
599 3350 774 3390 meam
806 3350 1034 3392 cernere
1065 3339 1366 3408 perniciem
1405 3340 1678 3396 sitientes.
1715 3339 1822 3396 Pro
1855 3342 1949 3396 illo

365 3433 571 3493 autem,
597 3445 616 3478 ‹
642 3426 696 3481 in
718 3427 832 3494 siti,
861 3446 881 3479 ι
907 3428 1160 3500 Aquila,«
1180 3429 1239 3485 in
1262 3430 1514 3496 fallacia;
1542 3451 1560 3484 ι
1587 3430 1950 3503 Symmachus

359 3518 606 3583 vero,cin
624 3519 944 3589 mendacio;
969 3541 988 3573 )
1011 3523 1203 3592 quinta
1218 3523 1406 3588 editio,
1432 3524 1516 3577 «in
1537 3522 1708 3591 falso;
1734 3543 1750 3576 ι
1773 3524 1948 3580 etalia

363 3607 492 3663 item
523 3609 710 3674 editio,
735 3628 754 3656 ι
780 3611 836 3665 in
867 3611 1016 3679 dolo,
1047 3633 1066 3664 ι
1105 3615 1446 3684 interpretati
1471 3623 1621 3671 sunt.
1640 3613 1949 3671 Verisimile

362 3700 546 3770 itaque
577 3713 664 3759 est
691 3703 748 3756 in
773 3714 966 3762 nostra
988 3721 1209 3776 quoque
1248 3707 1484 3763 lectione
1507 3709 1742 3779 positum
1767 3707 1948 3782 primo

363 3790 558 3859 fuisse,
581 3813 599 3845 ι
623 3794 677 3848 in
696 3796 1002 3858 mendacio,
1017 3816 1035 3848 ι
1060 3798 1134 3851 ita
1153 3805 1213 3852 ut
1227 3798 1522 3863 diceretur,
1536 3818 1554 3851 ι
1581 3808 1948 3855 cucurrerunt

363 3887 420 3940 in
451 3888 737 3943 mendacio
767 3908 781 3956 ;
831 3909 850 3942 ι
887 3889 941 3945 id
965 3898 1071 3956 est,
1095 3891 1305 3946 inimici
1339 3900 1392 3948 et
1427 3893 1780 3949 insidiatores
1815 3897 1943 3959 mei,

362 3994 474 4033 non
503 3980 644 4035 duce
687 3981 938 4049 veritate,
981 3982 1078 4038 sed
1120 3998 1244 4038 cum
1291 3999 1413 4038 sese
1470 3993 1615 4040 totos
1659 3986 1946 4042 mendacio

360 4070 740 4138 tradidissent,
775 4089 1001 4130 cursum
1038 4081 1092 4130 et
1150 4075 1391 4130 studium
1424 4092 1584 4132 suum
1618 4087 1808 4134 contra
1859 4094 1946 4134 me

359 4163 717 4220 direxerant:
783 4166 881 4222 sed
953 4168 1313 4237 sequentibus
1377 4170 1715 4239 temporibus
1789 4171 1944 4242 lapsu

357 4257 641 4326 graphico,
670 4273 768 4327 pro
798 4259 979 4324 illo,év
1000 4259 1204 4329 ψεύδει,
1226 4260 1279 4315 id
1328 4268 1413 4316 est
1449 4279 1468 4312 ι
1499 4262 1554 4316 in
1588 4263 1889 4332 mendacio,
1921 4283 1939 4316 ι

358 4348 416 4399 ἐν
442 4345 605 4416 δίψει,
638 4347 691 4401 id
720 4355 806 4402 est
842 4367 860 4399 ι
897 4350 953 4403 in
991 4349 1084 4403 siti
1121 4369 1139 4400 ι
1168 4351 1408 4420 positum
1436 4351 1626 4408 fuisse.
1661 4353 1944 4419 Quomodo

355 4445 540 4491 autem
603 4437 950 4494 insidiatores
1018 4441 1095 4493 illi
1164 4452 1452 4498 currerent
1516 4443 1573 4497 in
1625 4445 1934 4510 mendacio,

2046 1959 2272 2028 γήσεται
2304 1961 2337 2030 ὴ
2373 1958 2517 2030 ψυχή
2555 1976 2695 2030 μου;
2749 1960 2879 2031 παρ’
2926 1957 3090 2012 αὑτοῦ
3122 1957 3232 2030 γὰρ
3262 1957 3322 2011 τὸ
3360 1957 3627 2030 σωτήριόν

2051 2066 2173 2120 μου.
2205 2052 2314 2106 Καὶ
2339 2052 2447 2125 γὰρ
2475 2052 2636 2115 αὐτὸς
2663 2051 2798 2116 Θεός
2825 2069 2927 2123 μου
2963 2052 3058 2105 καὶ
3082 2051 3275 2121 Σωτήρ
3307 2067 3432 2121 μου,
3482 2051 3629 2102 ἀντι-

2047 2143 2273 2216 λήπτωρ
2319 2161 2440 2215 μου,
2488 2147 2548 2198 οὐ
2581 2145 2656 2216 μὴ
2713 2145 2961 2199 σαλευθῶ
2993 2146 3086 2198 ἐπὶ
3112 2143 3316 2199 πλεῖον.
3356 2142 3503 2214 Πλὴν
3528 2143 3627 2213 τὴν

2047 2237 2214 2308 τιμήν
2250 2254 2350 2308 μου
2389 2236 2777 2292 ἐϐουλεύσαντο
2816 2237 3172 2301 ἀπώσασθαι,
3198 2236 3431 2308 ἔδραμον
3463 2237 3520 2288 ἐν
3552 2235 3627 2287 δί-

2047 2329 2166 2400 ψειο
2204 2330 2283 2401 τῷ
2312 2335 2536 2400 στόματι
2570 2331 2750 2384 αὐτῶν
2773 2329 3047 2398 εὐλόγουν,
3086 2329 3181 2382 καὶ
3210 2331 3275 2400 τῇ
3306 2320 3500 2400 καρδία
3531 2325 3628 2380 αύ-

2048 2421 2155 2474 τῶν
2182 2420 2520 2492 κατηρῶντο.
2561 2419 2871 2492 Διάψαλμα.
2917 2439 2934 2471 ι
2973 2420 3054 2473 Τὰ
3105 2420 3202 2491 μὲν
3234 2419 3423 2490 πρῶτα
3464 2417 3625 2482 αὐτὸς

2049 2512 2225 2584 ἐαυτῷ
2255 2514 2372 2583 ἦτοι
2397 2512 2634 2582 Δαυῒδ,ἥ
2678 2511 2913 2584 Ἰδιθοὺμ
2943 2511 3268 2565 διείλεκταιο
3314 2511 3384 2565 τὰ
3414 2512 3470 2566 δέ
3500 2509 3625 2564 δεύ-

2047 2620 2182 2673 τερα
2214 2603 2350 2675 πρὸς
2375 2603 2502 2667 τοὺς
2523 2601 2748 2673 ἐχθροὺς
2777 2601 3126 2655 ἀπετείνατοι
3156 2603 3226 2657 τὰ
3257 2601 3314 2655 δέ
3353 2601 3512 2674 τρίτα
3541 2599 3629 2654 διὰ

2046 2695 2154 2748 τῶν
2182 2695 2559 2767 προκειμένων
2588 2696 2734 2766 ἡμᾶς
2761 2692 3022 2756 διδάσκει,
3043 2694 3227 2748 τίποτε
3256 2693 3631 2764 βουλευόμενοι

2047 2793 2094 2842 οἱ
2112 2789 2571 2852 ’ἐπιϐουλεύοντες
2597 2787 2748 2860 αύτῷ
2772 2789 2870 2860 τὴν
2896 2787 3188 2860 ἐπιϐουλὴν
3203 2784 3628 2850 κατεσκεύαζον.

2048 2882 2137 2936 Διό
2169 2898 2330 2953 φησι·
2372 2899 2391 2932 ι
2425 2881 2572 2952 Πλὴν
2599 2881 2696 2951 τὴν
2727 2883 2893 2952 τιμήν
2925 2897 3027 2952 μου
3062 2879 3450 2934 ἐϐουλεύσαντο
3481 2878 3632 2932 ἀπώ-

2051 2973 2328 3028 σασθαιηι
2376 2974 2443 3026 Ἦ
2474 2973 2583 3044 γὰρ
2609 2974 2762 3026 πᾶσα
2806 2972 2999 3043 σκέψις
3045 2971 3226 3025 αὐτῶν
3262 2973 3356 3024 καὶ
3397 2972 3431 3042 ἡ
3471 2969 3632 3042 βουλὴ

2048 3067 2198 3122 οὐδὲν
2222 3067 2430 3139 ἕτερον,
2465 3066 2649 3138 φησὶν,
2689 3067 2722 3136 ἢ
2761 3065 3088 3120 καταϐαλεῖν
3119 3083 3185 3136 με
3232 3064 3333 3134 τῆς
3376 3064 3527 3136 παρὰ
3556 3064 3632 3134 τῷ

2049 3158 2169 3229 Θεῷ
2193 3158 2380 3229 τιμῆς,
2407 3158 2502 3211 καὶ
2526 3158 2811 3228 γυμνῶσαι
2835 3159 2935 3228 τῆς
2961 3157 3119 3229 δόξης
3150 3153 3219 3230 ἦς
3254 3155 3398 3226 εἶχον
3435 3157 3632 3228 πρότε-

2054 3265 2144 3318 ρον
2170 3246 2517 3312 ἐσπούδαζον.
2546 3241 2678 3302 Εἶτα
2711 3247 3129 3318 βουλευσάμενοι
3169 3246 3374 3318 ταύτην
3410 3263 3509 3318 μου
3527 3244 3626 3316 τὴν

2047 3339 2213 3410 τιμὴν
2261 3338 2549 3410 περιελεῖν,
2605 3339 2839 3413 ἔδραμον
2877 3342 2936 3394 ἐν
2975 3339 3117 3410 δίψει
3163 3339 3260 3412 τὴν
3305 3340 3443 3411 ἐμὴν
3471 3336 3623 3392 ἀπώκ-

2047 3429 2198 3483 λειαν
2238 3430 2536 3484 θεάσασθαι
2571 3430 2853 3500 διψῶντες.
2910 3430 3054 3484 Ἀντὶ
3079 3430 3136 3484 δὲ
3165 3429 3282 3493 τοῦ,
3317 3449 3336 3481 ι
3364 3431 3422 3484 ἐν
3463 3427 3624 3499 δίψει,

2049 3527 2106 3579 ὲν
2137 3524 2524 3597 διαψεύσματι,
2562 3545 2580 3576 ι
2618 3528 2646 3580 ό
2691 3525 2950 3589 Ἀκύλας·
2985 3526 3014 3579 ό
3057 3524 3115 3578 δὲ
3143 3523 3458 3594 Σύμμαχος,
3511 3541 3529 3574 ι
3569 3522 3629 3575 ἐν

2047 3617 2358 3690 ψεύσματι·
2405 3628 2434 3669 »⁸
2457 3620 2490 3690 ἡ
2521 3618 2580 3672 δέ
2611 3617 2836 3689 πέμπτη
2868 3616 3101 3680 ἒκδοσις,
3129 3634 3146 3667 ι
3173 3617 3230 3668 ἐν
3253 3614 3440 3684 ψεύδει
3459 3633 3471 3645 ο
3498 3633 3517 3666 ι
3538 3612 3632 3668 καὶ

2050 3711 2212 3765 πάλιν
2246 3712 2409 3782 ἐτέρα
2445 3710 2656 3776 ἔκδοσις
2679 3749 2694 3775 ,
2727 3730 2746 3763 ι
2778 3713 2834 3764 ἐν
2864 3710 3020 3782 δόλῳ,
3061 3727 3079 3760 ι
3123 3709 3496 3781 ἡρμήνευσαν.
3536 3706 3630 3759 Εἱ-

2047 3803 2143 3866 κὺς
2172 3799 2265 3858 οῦν
2295 3805 2389 3858 καὶ
2419 3805 2477 3858 ἐν
2501 3807 2568 3876 τῇ
2593 3803 2715 3857 καθ’
2749 3805 2896 3875 ἡμᾶς
2918 3801 3222 3871 ἀναγνώσει
3262 3800 3476 3854 κεῖσθαι
3531 3798 3631 3870 μὲν

2047 3895 2312 3968 πρότερον
2363 3895 2425 3949 τὸ
2453 3939 2469 3962 ,
2507 3915 2527 3948 ι
2567 3899 2624 3950 ἐν
2652 3895 2882 3966 ψεύδει,
2928 3915 2945 3947 ι
2990 3895 3057 3948 ἵν’
3191 3893 3253 3946 τὸ
3301 3893 3628 3963 λεγόμενον

2052 4008 2071 4040 ι
2115 3988 2387 4061 Ἔδραμον
2413 3991 2472 4042 ἐν
2504 3989 2717 4058 ψεύδειο
2759 4009 2778 4040 ι
2817 3987 3095 4042 τουτέστιν
3115 3989 3163 4040 οἱ
3193 3985 3376 4059 ἐχθροί
3413 4001 3514 4056 μου
3536 3981 3632 4038 καὶ

2047 4081 2098 4134 οἱ
2126 4081 2589 4146 ἐπιϐουλεύοντες,
2627 4081 2688 4134 οὑ
2714 4081 2810 4134 σὺν
2833 4080 3060 4151 ἀληθείᾳ
3087 4079 3176 4133 τὸν
3203 4079 3324 4132 κατ’
3351 4075 3485 4149 ἐμοῦ
3505 4075 3629 4149 δρό-

2051 4191 2148 4245 μον
2179 4175 2272 4228 καὶ
2306 4174 2405 4246 τὴν
2438 4175 2562 4227 κατ’
2595 4173 2732 4243 ἐμοῦ
2773 4171 3006 4242 σπουδὴν
3042 4169 3353 4233 ἐποιοῦντο,
3389 4168 3542 4234 ὅλους
3572 4167 3632 4223 δε

2047 4263 2245 4329 αὐτοὺς
2273 4262 2350 4334 τῷ
2382 4263 2564 4334 ψεύδει
2610 4263 2974 4336 παραδόντες·
3015 4263 3239 4334 σφάλμα
3278 4262 3335 4316 δέ
3358 4263 3630 4335 γραφικὸν

2047 4355 2328 4424 γεγονέναι
2355 4357 2413 4407 ἐν
2441 4358 2553 4419 τοῖς
2588 4355 2724 4425 μετὰ
2760 4353 2931 4408 ταῦτα
2968 4353 3164 4426 συνέϐη
3201 4353 3414 4426 χρόνοις
3435 4394 3452 4419 ,
3488 4352 3627 4408 ὥστε

2048 4445 2168 4499 ἀντὶ
2197 4445 2313 4510 τοῦ,
2353 4463 2372 4496 ι
2401 4446 2459 4498 ἐν
2492 4445 2696 4515 ψεύδει,
2730 4446 2788 4498 ἐν
2838 4444 2982 4516 δίψει
3024 4467 3042 4498 ι
3093 4447 3389 4518 γραφῆναι.
3422 4445 3549 4509 Πῶς
3573 4444 3630 4498 δέ

357 4528 462 4584 sub
498 4529 614 4585 haec
646 4530 883 4600 explicat
916 4531 1143 4588 dicens:
1197 4553 1216 4586 ι
1256 4535 1363 4590 Ore
1396 4551 1497 4590 suo
1546 4536 1941 4594 benedicebant

2048 4536 2365 4608 ψευδόμενοι
2401 4536 2450 4589 οἱ
2488 4535 2928 4601 ἐπιϐουλεύοντες
2965 4536 3197 4610 ἔδραμον
3225 4577 3238 4601 ,
3284 4534 3630 4609 διερμηνεύει

355 4629 414 4677 et
445 4622 613 4678 corde
657 4639 758 4678 suo
790 4623 1208 4682 maledicebaut.
1256 4645 1275 4678 ι
1324 4625 1458 4682 Cum
1507 4627 1723 4684 fallacia
1758 4632 1941 4686 molli-

357 4712 464 4768 bus
508 4715 809 4770 utebantur
850 4716 1034 4784 dictis,
1073 4725 1130 4770 ut
1182 4733 1268 4772 me
1320 4718 1632 4775 inescarent
1657 4730 1712 4776 et
1759 4725 1829 4778 ab
1852 4724 1943 4778 illa

357 4818 482 4857 cum
518 4803 624 4860 Deo
672 4809 910 4864 statione
958 4810 1354 4868 deturbarent:
1407 4829 1577 4883 quare
1620 4814 1944 4872 benedicere

359 4895 686 4951 videbantur
715 4899 770 4952 in
807 4899 966 4965 facie,
1013 4918 1209 4973 meque
1241 4903 1464 4960 laudare
1511 4913 1565 4960 et
1593 4907 1942 4976 approbare;

357 4989 454 5044 sed
485 5004 643 5046 mens
669 5006 859 5046 eorum
901 4995 1050 5050 intus
1081 4996 1565 5054 maledictionibus
1610 4999 1940 5069 replebatur,

357 5080 515 5150 queis
543 5097 631 5136 me
666 5083 875 5139 honore
919 5085 1196 5156 depellere
1237 5095 1292 5143 et
1341 5088 1396 5142 in
1425 5089 1774 5144 maledictum
1806 5091 1944 5162 deji-

356 5188 481 5228 cere
509 5177 852 5246 satagebant.
886 5176 982 5234 llis
1017 5187 1198 5233 autem
1231 5180 1514 5245 docemur,
1545 5167 1814 5252 quotquot
1849 5184 1941 5237 Dei

358 5267 672 5324 hominibus
704 5271 1056 5335 insidiantur,
1093 5273 1228 5327 nihil
1261 5274 1407 5327 aliud
1442 5291 1659 5340 curare,
1691 5293 1853 5348 quam
1885 5286 1944 5331 ut

359 5358 508 5428 ipsos
539 5376 627 5425 eo,
659 5363 753 5432 qui
783 5364 929 5434 apud
965 5363 1136 5420 Deum
1163 5375 1269 5430 est,
1304 5366 1512 5422 honore
1540 5380 1763 5423 exuant.

430 5609 596 5668 Vsus.
632 5611 747 5669 6-9
821 5635 849 5665 .‹
883 5615 1275 5675 Verumtamen
1334 5620 1445 5676 Deo
1499 5622 1746 5692 subjecta
1797 5633 1937 5695 esto,

357 5705 539 5756 anima
576 5720 716 5767 mea,
753 5708 1013 5776 quoniam
1046 5710 1114 5763 ab
1152 5712 1272 5781 ipso
1316 5714 1577 5783 patientia
1614 5731 1752 5771 mea.
1803 5717 1936 5772 Nam

359 5796 474 5865 ipse
503 5795 643 5853 Deus
671 5814 823 5854 meus
857 5810 907 5858 et
943 5799 1195 5857 Salvator
1218 5822 1370 5863 meus
1397 5827 1410 5861 :
1438 5819 1722 5880 susceptor
1786 5832 1939 5869 meus

2046 4629 2218 4698 λέγων
2243 4629 2373 4700 ἑξῆς
2396 4645 2409 4658 ’
2453 4646 2472 4679 ι
2511 4627 2603 4699 Τῷ
2637 4628 2864 4699 στόματι
2896 4628 3075 4682 αὐτῶν
3105 4629 3361 4698 εὐλόγουν
3384 4668 3400 4694 ,
3432 4629 3524 4682 καὶ
3559 4631 3628 4699 τῇ

2045 4717 2245 4790 καρδίᾳ
2273 4717 2454 4772 αὐτῶν
2482 4716 2817 4787 κατηρῶντο.
2859 4736 2878 4768 ι
2927 4716 3267 4780 Ἀπατῶντες
3291 4715 3424 4787 γὰρ,
3450 4713 3628 4781 λόγοις

2044 4809 2300 4880 γλυκέσιν
2331 4807 2569 4880 ἐχρῶντο
2599 4807 2737 4880 πρὸς
2765 4808 2824 4861 τὸ
2847 4806 3180 4862 καθελκῦσαί
3215 4825 3282 4877 με
3318 4807 3412 4861 καὶ
3454 4821 3624 4859 κατα-

2046 4903 2226 4956 ϐαλεῖν
2261 4901 2361 4971 τῆς
2395 4899 2547 4972 παρὰ
2567 4900 2645 4971 τῷ
2672 4900 2790 4971 Θεῷ
2822 4900 3064 4963 στάσεως
3083 4917 3096 4929 ·
3133 4900 3213 4953 διὸ
3245 4899 3488 4968 εὐλογεῖν
3507 4896 3626 4950 ἐδό-

2045 5011 2173 5048 κουν
2214 4995 2308 5047 καὶ
2331 4995 2572 5047 ἐπαινεῖν
2596 4993 2796 5064 με,καὶ
2826 4992 3185 5064 ἀποδέχεσθαι
3211 4994 3292 5057 είς
3313 4991 3623 5064 πρόσωπον

2043 5084 2111 5137 τὰ
2137 5084 2195 5138 δὲ
2214 5085 2313 5156 τῆς
2345 5083 2584 5147 διανοίας
2605 5083 2786 5137 αὐτῶν
2810 5083 3139 5155 πεπλήρωτο
3168 5083 3444 5154 καταρῶν,
3461 5077 3529 5134 δι’
3552 5073 3631 5132 ὧν

2043 5175 2142 5246 τὴν
2167 5174 2333 5244 τιμήν
2365 5191 2464 5244 μου
2495 5172 2885 5228 ἐϐουλεύσαντο
2907 5172 3252 5235 ἀπώσασθαι,
3274 5171 3369 5225 καὶ
3410 5167 3626 5241 κατάρᾳ

2047 5283 2113 5335 με
2159 5266 2472 5322 ὑποϐαλεῖν.
2515 5265 2890 5337 Διδασκόμεθα
2936 5266 2992 5319 δὲ
3050 5265 3138 5320 διὰ
3169 5263 3374 5319 τούτων
3426 5263 3510 5316 ὅτι
3561 5261 3625 5332 δὴ

2045 5360 2241 5423 πάντες
2260 5360 2311 5412 οἱ
2349 5363 2463 5424 τοῖς
2501 5358 2596 5413 τοῦ
2643 5358 2780 5412 Θεοῦ
2820 5357 3132 5430 ἀνθρώποις
3187 5353 3624 5418 ἐπιϐουλεύοντες

2042 5449 2192 5502 οὐδὲν
2215 5449 2400 5519 ἕτερον
2434 5448 2830 5514 σπουδάζουσιν
2857 5449 2890 5519 ἢ
2915 5448 3014 5519 τῆς
3042 5447 3194 5519 παρὰ
3217 5446 3296 5516 τῷ
3316 5445 3435 5516 Θεῷ
3457 5445 3626 5517 τιμῆς

2045 5539 2326 5609 γυμνῶσαι
2356 5542 2567 5602 αὐτούς.

2123 5651 2140 5681 ι
2183 5631 2327 5702 Πλὴν
2361 5631 2439 5702 τῷ
2473 5631 2590 5701 Θεῷ
2627 5633 2950 5704 ύποτάγηθι,
2978 5635 3012 5704 ἡ
3043 5632 3189 5704 ψυχή
3231 5649 3352 5702 μου,
3381 5633 3462 5684 ὅτι
3495 5629 3628 5701 παρ’

2045 5722 2206 5777 αὑτοῦ
2234 5725 2264 5793 ή
2296 5724 2537 5797 ὑπομονὴ
2577 5742 2700 5795 μου.
2751 5727 2860 5778 Καὶ
2899 5725 3007 5796 γὰρ
3049 5725 3211 5787 αὐτὸς
3246 5723 3378 5787 Θεός
3406 5739 3506 5794 μου
3533 5723 3626 5776 καὶ

2050 5817 2235 5886 Σωτήρ
2267 5833 2367 5885 μου
2388 5857 2402 5880 ,
2437 5817 2780 5889 ἀντιλήπτωρ
2800 5835 2923 5888 μου,
2946 5818 3006 5869 ού
3035 5817 3107 5887 μὴ
3138 5815 3570 5886 μεταναστεύσω.
3600 5833 3619 5867 υ
