  <div class='ocr_page' id='page_1' title='image "/cluster/home/n/w/nwhite01/storage/ocr_20150623/23:no.5/coo.31924054873033/313.png"; bbox 0 0 4090 6434; ppageno 0'>
   <div class='ocr_carea' id='block_1_1' title="bbox 356 366 461 422">
    <p class='ocr_par' dir='ltr' id='par_1_1' title="bbox 356 366 461 422">
     <span class='ocr_line' id='line_1_1' title="bbox 356 366 461 422; baseline 0.019 -2"><span class='ocrx_word' id='word_1_1' title='bbox 356 366 461 422; x_wconf 64' lang='lat'><strong>555</strong></span> 
     </span>
    </p>
   </div>
   <div class='ocr_carea' id='block_1_2' title="bbox 1035 323 2944 413">
    <p class='ocr_par' dir='ltr' id='par_1_2' title="bbox 1035 323 2944 413">
     <span class='ocr_line' id='line_1_2' title="bbox 1035 323 2944 413; baseline -0.012 0"><span class='ocrx_word' id='word_1_2' title='bbox 1035 355 1308 413; x_wconf 79' lang='lat' dir='ltr'><strong>EUSEBII</strong></span> <span class='ocrx_word' id='word_1_3' title='bbox 1342 348 1825 410; x_wconf 60' lang='lat' dir='ltr'><strong>CrESARlENSIS</strong></span> <span class='ocrx_word' id='word_1_4' title='bbox 1855 345 2006 403; x_wconf 86' lang='lat' dir='ltr'><strong>OPP.</strong></span> <span class='ocrx_word' id='word_1_5' title='bbox 2049 344 2232 400; x_wconf 77' lang='lat' dir='ltr'><strong>PARS</strong></span> <span class='ocrx_word' id='word_1_6' title='bbox 2270 345 2360 401; x_wconf 83' lang='grc' dir='ltr'><strong>ΙΙΙ.</strong></span> <span class='ocrx_word' id='word_1_7' title='bbox 2406 374 2473 385; x_wconf 89' lang='lat'><strong>--</strong></span> <span class='ocrx_word' id='word_1_8' title='bbox 2510 323 2944 396; x_wconf 38' lang='lat' dir='ltr'><strong>EXEGETICA.‘</strong></span> 
     </span>
    </p>
   </div>
   <div class='ocr_carea' id='block_1_3' title="bbox 3494 326 3598 384">
    <p class='ocr_par' dir='ltr' id='par_1_3' title="bbox 3494 326 3598 384">
     <span class='ocr_line' id='line_1_3' title="bbox 3494 326 3598 384; baseline 0.01 -1"><span class='ocrx_word' id='word_1_9' title='bbox 3494 326 3598 384; x_wconf 74' lang='lat'><strong>£96</strong></span> 
     </span>
    </p>
   </div>
   <div class='ocr_carea' id='block_1_4' title="bbox 353 443 1927 541">
    <p class='ocr_par' dir='ltr' id='par_1_4' title="bbox 353 463 1927 541">
     <span class='ocr_line' id='line_1_4' title="bbox 353 463 1927 541; baseline -0.01 -10"><span class='ocrx_word' id='word_1_10' title='bbox 353 476 608 531; x_wconf 77' lang='lat' dir='ltr'><strong>tel‘arere.</strong></span> <span class='ocrx_word' id='word_1_11' title='bbox 659 473 1025 540; x_wconf 84' lang='lat' dir='ltr'><strong>Quamobrem</strong></span> <span class='ocrx_word' id='word_1_12' title='bbox 1065 470 1346 541; x_wconf 70' lang='lat' dir='ltr'><strong>subiungit</strong></span> <span class='ocrx_word' id='word_1_13' title='bbox 1388 486 1401 523; x_wconf 75' lang='grc' dir='ltr'><strong>ι</strong></span> <span class='ocrx_word' id='word_1_14' title='bbox 1442 486 1461 519; x_wconf 78' lang='grc' dir='ltr'><strong>ι</strong></span> <span class='ocrx_word' id='word_1_15' title='bbox 1518 463 1792 522; x_wconf 78' lang='lat' dir='ltr'><strong>ElTundite</strong></span> <span class='ocrx_word' id='word_1_16' title='bbox 1835 476 1927 517; x_wconf 91' lang='lat' dir='ltr'><strong>co-</strong></span> 
     </span>
    </p>
   </div>
   <div class='ocr_carea' id='block_1_5' title="bbox 2030 443 3598 541">
    <p class='ocr_par' dir='ltr' id='par_1_5' title="bbox 2030 443 3598 533">
     <span class='ocr_line' id='line_1_5' title="bbox 2030 443 3598 533; baseline -0.012 -19"><span class='ocrx_word' id='word_1_17' title='bbox 2030 461 2253 533; x_wconf 73' lang='grc' dir='ltr'>καὶτῆς</span> <span class='ocrx_word' id='word_1_18' title='bbox 2288 459 2465 531; x_wconf 69' lang='grc' dir='ltr'>ψυχῆς</span> <span class='ocrx_word' id='word_1_19' title='bbox 2498 452 2847 526; x_wconf 77' lang='grc' dir='ltr'><strong>ἀπογυμνοῦν</strong></span> <span class='ocrx_word' id='word_1_20' title='bbox 2893 450 3042 521; x_wconf 83' lang='grc' dir='ltr'>αύτῷ</span> <span class='ocrx_word' id='word_1_21' title='bbox 3085 449 3274 518; x_wconf 80' lang='grc' dir='ltr'>ὥσπερ</span> <span class='ocrx_word' id='word_1_22' title='bbox 3319 443 3486 515; x_wconf 79' lang='grc' dir='ltr'>ἰατρῷ</span> <span class='ocrx_word' id='word_1_23' title='bbox 3530 447 3598 498; x_wconf 81' lang='grc' dir='ltr'><strong>τά</strong></span> 
     </span>
    </p>
   </div>
   <div class='ocr_carea' id='block_1_6' title="bbox 350 554 1925 630">
    <p class='ocr_par' dir='ltr' id='par_1_6' title="bbox 350 554 1925 630">
     <span class='ocr_line' id='line_1_6' title="bbox 350 554 1925 630; baseline -0.01 -7"><span class='ocrx_word' id='word_1_24' title='bbox 350 583 465 623; x_wconf 89' lang='lat' dir='ltr'><strong>ram</strong></span> <span class='ocrx_word' id='word_1_25' title='bbox 502 568 596 622; x_wconf 90' lang='lat' dir='ltr'><strong>illo</strong></span> <span class='ocrx_word' id='word_1_26' title='bbox 623 566 790 622; x_wconf 88' lang='lat' dir='ltr'><strong>corda</strong></span> <span class='ocrx_word' id='word_1_27' title='bbox 818 575 1018 622; x_wconf 86' lang='lat' dir='ltr'><strong>vestra.</strong></span> <span class='ocrx_word' id='word_1_28' title='bbox 1064 564 1207 620; x_wconf 90' lang='lat' dir='ltr'><strong>Deus</strong></span> <span class='ocrx_word' id='word_1_29' title='bbox 1248 562 1464 630; x_wconf 83' lang='lat' dir='ltr'><strong>adjutor</strong></span> <span class='ocrx_word' id='word_1_30' title='bbox 1509 568 1715 614; x_wconf 91' lang='lat' dir='ltr'><strong>noster.</strong></span> <span class='ocrx_word' id='word_1_31' title='bbox 1756 576 1776 609; x_wconf 74' lang='grc' dir='ltr'><strong>ι</strong></span> <span class='ocrx_word' id='word_1_32' title='bbox 1815 554 1925 609; x_wconf 80' lang='lat' dir='ltr'><strong>Ad-</strong></span> 
     </span>
    </p>
   </div>
   <div class='ocr_carea' id='block_1_7' title="bbox 345 649 1923 727">
    <p class='ocr_par' dir='ltr' id='par_1_7' title="bbox 345 649 1923 727">
     <span class='ocr_line' id='line_1_7' title="bbox 345 649 1923 727; baseline -0.006 -17"><span class='ocrx_word' id='word_1_33' title='bbox 345 659 606 726; x_wconf 82' lang='lat' dir='ltr'><strong>jutnrem,</strong></span> <span class='ocrx_word' id='word_1_34' title='bbox 645 656 854 727; x_wconf 90' lang='lat' dir='ltr'><strong>inquit,</strong></span> <span class='ocrx_word' id='word_1_35' title='bbox 906 656 1170 710; x_wconf 79' lang='lat' dir='ltr'><strong>habentes</strong></span> <span class='ocrx_word' id='word_1_36' title='bbox 1228 652 1364 708; x_wconf 83' lang='lat' dir='ltr'><strong>nihil</strong></span> <span class='ocrx_word' id='word_1_37' title='bbox 1431 649 1773 712; x_wconf 88' lang='lat' dir='ltr'><strong>subducatis,</strong></span> <span class='ocrx_word' id='word_1_38' title='bbox 1822 662 1923 701; x_wconf 90' lang='lat' dir='ltr'><strong>nec</strong></span> 
     </span>
    </p>
   </div>
   <div class='ocr_carea' id='block_1_8' title="bbox 347 740 1926 818">
    <p class='ocr_par' dir='ltr' id='par_1_8' title="bbox 347 740 1926 818">
     <span class='ocr_line' id='line_1_8' title="bbox 347 740 1926 818; baseline -0.006 -17"><span class='ocrx_word' id='word_1_39' title='bbox 347 748 630 818; x_wconf 84' lang='lat' dir='ltr'><strong>quidpiam</strong></span> <span class='ocrx_word' id='word_1_40' title='bbox 669 748 723 802; x_wconf 93' lang='lat' dir='ltr'><strong>in</strong></span> <span class='ocrx_word' id='word_1_41' title='bbox 760 755 938 803; x_wconf 83' lang='lat' dir='ltr'><strong>mente</strong></span> <span class='ocrx_word' id='word_1_42' title='bbox 971 746 1286 810; x_wconf 89' lang='lat' dir='ltr'><strong>occultetis,</strong></span> <span class='ocrx_word' id='word_1_43' title='bbox 1318 742 1412 799; x_wconf 84' lang='lat' dir='ltr'><strong>sed</strong></span> <span class='ocrx_word' id='word_1_44' title='bbox 1436 741 1694 812; x_wconf 82' lang='lat' dir='ltr'><strong>expansis</strong></span> <span class='ocrx_word' id='word_1_45' title='bbox 1732 740 1926 794; x_wconf 67' lang='lat' dir='ltr'><strong>animae</strong></span> 
     </span>
    </p>
   </div>
   <div class='ocr_carea' id='block_1_9' title="bbox 349 831 1919 908">
    <p class='ocr_par' dir='ltr' id='par_1_9' title="bbox 349 831 1919 908">
     <span class='ocr_line' id='line_1_9' title="bbox 349 831 1919 908; baseline -0.005 -15"><span class='ocrx_word' id='word_1_46' title='bbox 349 838 733 908; x_wconf 67' lang='lat' dir='ltr'><strong>receptaculis,</strong></span> <span class='ocrx_word' id='word_1_47' title='bbox 772 837 1124 894; x_wconf 88' lang='lat' dir='ltr'><strong>absconditas</strong></span> <span class='ocrx_word' id='word_1_48' title='bbox 1153 834 1229 889; x_wconf 88' lang='lat' dir='ltr'><strong>ibi</strong></span> <span class='ocrx_word' id='word_1_49' title='bbox 1257 832 1616 904; x_wconf 75' lang='lat' dir='ltr'><strong>cogitationes</strong></span> <span class='ocrx_word' id='word_1_50' title='bbox 1646 831 1880 885; x_wconf 85' lang='lat' dir='ltr'><strong>revelate</strong></span> <span class='ocrx_word' id='word_1_51' title='bbox 1906 848 1919 885; x_wconf 91' lang='lat'><strong>:</strong></span> 
     </span>
    </p>
   </div>
   <div class='ocr_carea' id='block_1_10' title="bbox 351 923 1926 1000">
    <p class='ocr_par' dir='ltr' id='par_1_10' title="bbox 351 923 1926 1000">
     <span class='ocr_line' id='line_1_10' title="bbox 351 923 1926 1000; baseline -0.004 -19"><span class='ocrx_word' id='word_1_52' title='bbox 351 928 587 999; x_wconf 86' lang='lat' dir='ltr'><strong>ipsique,</strong></span> <span class='ocrx_word' id='word_1_53' title='bbox 619 937 810 1000; x_wconf 85' lang='lat' dir='ltr'><strong>utpote</strong></span> <span class='ocrx_word' id='word_1_54' title='bbox 847 927 940 999; x_wconf 95' lang='lat' dir='ltr'><strong>qui</strong></span> <span class='ocrx_word' id='word_1_55' title='bbox 980 926 1165 982; x_wconf 87' lang='lat' dir='ltr'><strong>omnia</strong></span> <span class='ocrx_word' id='word_1_56' title='bbox 1205 940 1400 981; x_wconf 90' lang='lat' dir='ltr'><strong>curare</strong></span> <span class='ocrx_word' id='word_1_57' title='bbox 1430 923 1623 995; x_wconf 84' lang='lat' dir='ltr'><strong>possit.</strong></span> <span class='ocrx_word' id='word_1_58' title='bbox 1660 936 1760 976; x_wconf 85' lang='lat' dir='ltr'><strong>vos</strong></span> <span class='ocrx_word' id='word_1_59' title='bbox 1791 936 1926 975; x_wconf 84' lang='lat' dir='ltr'><strong>con-</strong></span> 
     </span>
    </p>
   </div>
   <div class='ocr_carea' id='block_1_11' title="bbox 352 1019 1799 1075">
    <p class='ocr_par' dir='ltr' id='par_1_11' title="bbox 352 1019 1799 1075">
     <span class='ocr_line' id='line_1_11' title="bbox 352 1019 1799 1075; baseline 0 -3"><span class='ocrx_word' id='word_1_60' title='bbox 352 1019 582 1075; x_wconf 86' lang='lat' dir='ltr'><strong>credite.</strong></span> <span class='ocrx_word' id='word_1_61' title='bbox 1796 1020 1799 1025; x_wconf 46' lang='grc' dir='ltr'><strong>λ</strong></span> 
     </span>
    </p>
   </div>
   <div class='ocr_carea' id='block_1_12' title="bbox 429 1212 1924 1276">
    <p class='ocr_par' dir='ltr' id='par_1_12' title="bbox 429 1212 1924 1276">
     <span class='ocr_line' id='line_1_12' title="bbox 429 1212 1924 1276; baseline -0.004 -4"><span class='ocrx_word' id='word_1_62' title='bbox 429 1216 593 1275; x_wconf 73' lang='lat' dir='ltr'><strong>Vens.</strong></span> <span class='ocrx_word' id='word_1_63' title='bbox 642 1218 729 1273; x_wconf 83' lang='lat' dir='ltr'><strong>lO.</strong></span> <span class='ocrx_word' id='word_1_64' title='bbox 788 1237 807 1269; x_wconf 75' lang='grc' dir='ltr'><strong>ι</strong></span> <span class='ocrx_word' id='word_1_65' title='bbox 847 1216 1239 1272; x_wconf 77' lang='lat' dir='ltr'><strong>Verumtamen</strong></span> <span class='ocrx_word' id='word_1_66' title='bbox 1292 1215 1419 1270; x_wconf 87' lang='lat' dir='ltr'><strong>vani</strong></span> <span class='ocrx_word' id='word_1_67' title='bbox 1472 1215 1568 1270; x_wconf 83' lang='lat' dir='ltr'><strong>ﬁlii</strong></span> <span class='ocrx_word' id='word_1_68' title='bbox 1617 1212 1924 1276; x_wconf 84' lang='lat' dir='ltr'><strong>hominum,</strong></span> 
     </span>
    </p>
   </div>
   <div class='ocr_carea' id='block_1_13' title="bbox 351 1303 1925 1377">
    <p class='ocr_par' dir='ltr' id='par_1_13' title="bbox 351 1303 1925 1377">
     <span class='ocr_line' id='line_1_13' title="bbox 351 1303 1925 1377; baseline -0.004 -15"><span class='ocrx_word' id='word_1_69' title='bbox 351 1308 644 1366; x_wconf 82' lang='lat' dir='ltr'><strong>mendaces</strong></span> <span class='ocrx_word' id='word_1_70' title='bbox 672 1308 766 1363; x_wconf 84' lang='lat' dir='ltr'><strong>ﬁlii</strong></span> <span class='ocrx_word' id='word_1_71' title='bbox 793 1308 1074 1364; x_wconf 86' lang='lat' dir='ltr'><strong>hominum</strong></span> <span class='ocrx_word' id='word_1_72' title='bbox 1103 1308 1158 1363; x_wconf 92' lang='lat' dir='ltr'><strong>in</strong></span> <span class='ocrx_word' id='word_1_73' title='bbox 1191 1307 1433 1371; x_wconf 88' lang='lat' dir='ltr'><strong>stateris,</strong></span> <span class='ocrx_word' id='word_1_74' title='bbox 1466 1315 1526 1361; x_wconf 92' lang='lat' dir='ltr'><strong>ut</strong></span> <span class='ocrx_word' id='word_1_75' title='bbox 1555 1305 1808 1377; x_wconf 73' lang='lat' dir='ltr'><strong>iniuriam</strong></span> <span class='ocrx_word' id='word_1_76' title='bbox 1845 1303 1925 1357; x_wconf 79' lang='lat' dir='ltr'><strong>fa-</strong></span> 
     </span>
    </p>
   </div>
   <div class='ocr_carea' id='block_1_14' title="bbox 353 1398 1923 1472">
    <p class='ocr_par' dir='ltr' id='par_1_14' title="bbox 353 1398 1923 1472">
     <span class='ocr_line' id='line_1_14' title="bbox 353 1398 1923 1472; baseline -0.004 -16"><span class='ocrx_word' id='word_1_77' title='bbox 353 1401 502 1456; x_wconf 82' lang='lat' dir='ltr'><strong>ciant</strong></span> <span class='ocrx_word' id='word_1_78' title='bbox 561 1400 665 1472; x_wconf 91' lang='lat' dir='ltr'><strong>ipsi</strong></span> <span class='ocrx_word' id='word_1_79' title='bbox 709 1416 774 1456; x_wconf 82' lang='lat' dir='ltr'><strong>ex</strong></span> <span class='ocrx_word' id='word_1_80' title='bbox 815 1403 1057 1456; x_wconf 81' lang='lat' dir='ltr'><strong>vanitate</strong></span> <span class='ocrx_word' id='word_1_81' title='bbox 1106 1401 1161 1455; x_wconf 94' lang='lat' dir='ltr'><strong>in</strong></span> <span class='ocrx_word' id='word_1_82' title='bbox 1215 1399 1475 1469; x_wconf 90' lang='lat' dir='ltr'><strong>idipsum.</strong></span> <span class='ocrx_word' id='word_1_83' title='bbox 1513 1418 1531 1450; x_wconf 71' lang='grc' dir='ltr'><strong>ι</strong></span> <span class='ocrx_word' id='word_1_84' title='bbox 1585 1398 1645 1453; x_wconf 87' lang='grc' dir='ltr'>1η</span> <span class='ocrx_word' id='word_1_85' title='bbox 1716 1411 1923 1451; x_wconf 78' lang='lat' dir='ltr'><strong>xxxvm</strong></span> 
     </span>
    </p>
   </div>
   <div class='ocr_carea' id='block_1_15' title="bbox 352 1486 1923 1559">
    <p class='ocr_par' dir='ltr' id='par_1_15' title="bbox 352 1486 1923 1559">
     <span class='ocr_line' id='line_1_15' title="bbox 352 1486 1923 1559; baseline -0.002 -16"><span class='ocrx_word' id='word_1_86' title='bbox 352 1502 571 1559; x_wconf 86' lang='lat' dir='ltr'><strong>quoque</strong></span> <span class='ocrx_word' id='word_1_87' title='bbox 593 1486 874 1543; x_wconf 86' lang='lat' dir='ltr'><strong>dicebatur</strong></span> <span class='ocrx_word' id='word_1_88' title='bbox 899 1506 913 1542; x_wconf 92' lang='lat'><strong>:</strong></span> <span class='ocrx_word' id='word_1_89' title='bbox 944 1505 963 1538; x_wconf 82' lang='grc' dir='ltr'><strong>ι</strong></span> <span class='ocrx_word' id='word_1_90' title='bbox 995 1486 1380 1543; x_wconf 79' lang='lat' dir='ltr'><strong>Verumtamen</strong></span> <span class='ocrx_word' id='word_1_91' title='bbox 1411 1487 1662 1543; x_wconf 89' lang='lat' dir='ltr'><strong>universa</strong></span> <span class='ocrx_word' id='word_1_92' title='bbox 1691 1487 1923 1551; x_wconf 86' lang='lat' dir='ltr'><strong>vanitas,</strong></span> 
     </span>
    </p>
   </div>
   <div class='ocr_carea' id='block_1_16' title="bbox 353 1576 1924 1646">
    <p class='ocr_par' dir='ltr' id='par_1_16' title="bbox 353 1576 1924 1646">
     <span class='ocr_line' id='line_1_16' title="bbox 353 1576 1924 1646; baseline -0.003 -11"><span class='ocrx_word' id='word_1_93' title='bbox 353 1580 533 1637; x_wconf 84' lang='lat' dir='ltr'><strong>omnis</strong></span> <span class='ocrx_word' id='word_1_94' title='bbox 559 1580 722 1635; x_wconf 89' lang='lat' dir='ltr'><strong>homo</strong></span> <span class='ocrx_word' id='word_1_95' title='bbox 748 1579 937 1636; x_wconf 86' lang='lat' dir='ltr'><strong>vivens</strong></span> <span class='ocrx_word' id='word_1_96' title='bbox 966 1581 1047 1646; x_wconf 70' lang='grc' dir='ltr'>ἀς</span> <span class='ocrx_word' id='word_1_97' title='bbox 1086 1598 1105 1632; x_wconf 75' lang='grc' dir='ltr'><strong>ι</strong></span> <span class='ocrx_word' id='word_1_98' title='bbox 1159 1595 1224 1634; x_wconf 86' lang='lat' dir='ltr'><strong>ac</strong></span> <span class='ocrx_word' id='word_1_99' title='bbox 1261 1594 1480 1636; x_wconf 89' lang='lat' dir='ltr'><strong>rursum</strong></span> <span class='ocrx_word' id='word_1_100' title='bbox 1524 1596 1539 1633; x_wconf 93' lang='lat'><strong>:</strong></span> <span class='ocrx_word' id='word_1_101' title='bbox 1587 1596 1605 1629; x_wconf 79' lang='grc' dir='ltr'><strong>ι</strong></span> <span class='ocrx_word' id='word_1_102' title='bbox 1636 1576 1924 1633; x_wconf 81' lang='lat' dir='ltr'><strong>Verumta-</strong></span> 
     </span>
    </p>
   </div>
   <div class='ocr_carea' id='block_1_17' title="bbox 353 1666 1924 1736">
    <p class='ocr_par' dir='ltr' id='par_1_17' title="bbox 353 1666 1924 1736">
     <span class='ocr_line' id='line_1_17' title="bbox 353 1666 1924 1736; baseline -0.001 -12"><span class='ocrx_word' id='word_1_103' title='bbox 353 1686 480 1726; x_wconf 89' lang='lat' dir='ltr'><strong>men</strong></span> <span class='ocrx_word' id='word_1_104' title='bbox 528 1685 668 1727; x_wconf 89' lang='lat' dir='ltr'><strong>vane</strong></span> <span class='ocrx_word' id='word_1_105' title='bbox 718 1670 1119 1725; x_wconf 85' lang='lat' dir='ltr'><strong>conturbantur</strong></span> <span class='ocrx_word' id='word_1_106' title='bbox 1146 1670 1228 1736; x_wconf 71' lang='lat'><strong>1‘;</strong></span> <span class='ocrx_word' id='word_1_107' title='bbox 1268 1689 1286 1723; x_wconf 74' lang='grc' dir='ltr'><strong>ι</strong></span> <span class='ocrx_word' id='word_1_108' title='bbox 1319 1677 1373 1726; x_wconf 90' lang='lat' dir='ltr'><strong>et</strong></span> <span class='ocrx_word' id='word_1_109' title='bbox 1404 1688 1420 1724; x_wconf 89' lang='lat'><strong>:</strong></span> <span class='ocrx_word' id='word_1_110' title='bbox 1478 1687 1498 1721; x_wconf 80' lang='grc' dir='ltr'><strong>ι</strong></span> <span class='ocrx_word' id='word_1_111' title='bbox 1535 1666 1924 1724; x_wconf 81' lang='lat' dir='ltr'><strong>Verumtamen</strong></span> 
     </span>
    </p>
   </div>
   <div class='ocr_carea' id='block_1_18' title="bbox 354 1757 1927 1832">
    <p class='ocr_par' dir='ltr' id='par_1_18' title="bbox 354 1757 1927 1832">
     <span class='ocr_line' id='line_1_18' title="bbox 354 1757 1927 1832; baseline -0.003 -17"><span class='ocrx_word' id='word_1_112' title='bbox 354 1759 409 1815; x_wconf 90' lang='lat' dir='ltr'><strong>in</strong></span> <span class='ocrx_word' id='word_1_113' title='bbox 437 1761 672 1832; x_wconf 82' lang='lat' dir='ltr'><strong>imagine</strong></span> <span class='ocrx_word' id='word_1_114' title='bbox 699 1759 998 1831; x_wconf 84' lang='lat' dir='ltr'><strong>pertransit</strong></span> <span class='ocrx_word' id='word_1_115' title='bbox 1038 1760 1201 1815; x_wconf 90' lang='lat' dir='ltr'><strong>homo</strong></span> <span class='ocrx_word' id='word_1_116' title='bbox 1230 1760 1297 1814; x_wconf 79' lang='lat'><strong>&quot;.</strong></span> <span class='ocrx_word' id='word_1_117' title='bbox 1340 1778 1359 1811; x_wconf 72' lang='grc' dir='ltr'><strong>ι</strong></span> <span class='ocrx_word' id='word_1_118' title='bbox 1395 1757 1494 1814; x_wconf 82' lang='lat' dir='ltr'><strong>Hic</strong></span> <span class='ocrx_word' id='word_1_119' title='bbox 1523 1772 1741 1830; x_wconf 88' lang='lat' dir='ltr'><strong>quoque</strong></span> <span class='ocrx_word' id='word_1_120' title='bbox 1773 1758 1927 1813; x_wconf 87' lang='lat' dir='ltr'><strong>simi-</strong></span> 
     </span>
    </p>
   </div>
   <div class='ocr_carea' id='block_1_19' title="bbox 351 1850 1926 1924">
    <p class='ocr_par' dir='ltr' id='par_1_19' title="bbox 351 1850 1926 1924">
     <span class='ocr_line' id='line_1_19' title="bbox 351 1850 1926 1924; baseline -0.001 -17"><span class='ocrx_word' id='word_1_121' title='bbox 351 1853 425 1907; x_wconf 86' lang='lat' dir='ltr'><strong>lia</strong></span> <span class='ocrx_word' id='word_1_122' title='bbox 467 1853 726 1909; x_wconf 85' lang='lat' dir='ltr'><strong>dicuntur</strong></span> <span class='ocrx_word' id='word_1_123' title='bbox 776 1872 789 1909; x_wconf 90' lang='lat'>:</span> <span class='ocrx_word' id='word_1_124' title='bbox 835 1854 991 1924; x_wconf 85' lang='lat' dir='ltr'><strong>queis</strong></span> <span class='ocrx_word' id='word_1_125' title='bbox 1040 1853 1334 1909; x_wconf 90' lang='lat' dir='ltr'><strong>edocemur</strong></span> <span class='ocrx_word' id='word_1_126' title='bbox 1380 1852 1436 1907; x_wconf 93' lang='lat' dir='ltr'><strong>in</strong></span> <span class='ocrx_word' id='word_1_127' title='bbox 1479 1867 1591 1907; x_wconf 93' lang='lat' dir='ltr'><strong>uno</strong></span> <span class='ocrx_word' id='word_1_128' title='bbox 1634 1850 1926 1906; x_wconf 90' lang='lat' dir='ltr'><strong>Servatore</strong></span> 
     </span>
    </p>
   </div>
   <div class='ocr_carea' id='block_1_20' title="bbox 354 1942 1925 2017">
    <p class='ocr_par' dir='ltr' id='par_1_20' title="bbox 354 1942 1925 2017">
     <span class='ocr_line' id='line_1_20' title="bbox 354 1942 1925 2017; baseline -0.003 -16"><span class='ocrx_word' id='word_1_129' title='bbox 354 1961 504 2016; x_wconf 87' lang='lat' dir='ltr'><strong>spem</strong></span> <span class='ocrx_word' id='word_1_130' title='bbox 535 1960 759 2017; x_wconf 88' lang='lat' dir='ltr'><strong>ponere,</strong></span> <span class='ocrx_word' id='word_1_131' title='bbox 791 1945 1079 2016; x_wconf 86' lang='lat' dir='ltr'><strong>ipsumque</strong></span> <span class='ocrx_word' id='word_1_132' title='bbox 1108 1943 1268 1999; x_wconf 88' lang='lat' dir='ltr'><strong>nobis</strong></span> <span class='ocrx_word' id='word_1_133' title='bbox 1295 1942 1599 2015; x_wconf 87' lang='lat' dir='ltr'><strong>adjutorem</strong></span> <span class='ocrx_word' id='word_1_134' title='bbox 1624 1942 1925 2006; x_wconf 85' lang='lat' dir='ltr'><strong>ascribere,</strong></span> 
     </span>
    </p>
   </div>
   <div class='ocr_carea' id='block_1_21' title="bbox 352 2034 1928 2109">
    <p class='ocr_par' dir='ltr' id='par_1_21' title="bbox 352 2034 1928 2109">
     <span class='ocr_line' id='line_1_21' title="bbox 352 2034 1928 2109; baseline -0.003 -16"><span class='ocrx_word' id='word_1_135' title='bbox 352 2037 793 2109; x_wconf 80' lang='lat' dir='ltr'><strong>quandoquidem</strong></span> <span class='ocrx_word' id='word_1_136' title='bbox 824 2052 1016 2093; x_wconf 90' lang='lat' dir='ltr'><strong>omnes</strong></span> <span class='ocrx_word' id='word_1_137' title='bbox 1044 2036 1143 2093; x_wconf 84' lang='lat' dir='ltr'><strong>ﬁlii</strong></span> <span class='ocrx_word' id='word_1_138' title='bbox 1179 2035 1486 2098; x_wconf 90' lang='lat' dir='ltr'><strong>hominum,</strong></span> <span class='ocrx_word' id='word_1_139' title='bbox 1526 2034 1743 2091; x_wconf 88' lang='lat' dir='ltr'><strong>etiamsi</strong></span> <span class='ocrx_word' id='word_1_140' title='bbox 1776 2035 1928 2107; x_wconf 86' lang='lat' dir='ltr'><strong>prin-</strong></span> 
     </span>
    </p>
   </div>
   <div class='ocr_carea' id='block_1_22' title="bbox 353 2126 1929 2201">
    <p class='ocr_par' dir='ltr' id='par_1_22' title="bbox 353 2126 1929 2201">
     <span class='ocr_line' id='line_1_22' title="bbox 353 2126 1929 2201; baseline -0.002 -17"><span class='ocrx_word' id='word_1_141' title='bbox 353 2130 504 2201; x_wconf 82' lang='lat' dir='ltr'><strong>cipes</strong></span> <span class='ocrx_word' id='word_1_142' title='bbox 547 2129 840 2185; x_wconf 88' lang='lat' dir='ltr'><strong>videantur</strong></span> <span class='ocrx_word' id='word_1_143' title='bbox 889 2143 1034 2192; x_wconf 83' lang='lat' dir='ltr'><strong>esse,</strong></span> <span class='ocrx_word' id='word_1_144' title='bbox 1067 2129 1320 2199; x_wconf 86' lang='lat' dir='ltr'><strong>quamvis</strong></span> <span class='ocrx_word' id='word_1_145' title='bbox 1353 2127 1587 2181; x_wconf 90' lang='lat' dir='ltr'><strong>multum</strong></span> <span class='ocrx_word' id='word_1_146' title='bbox 1640 2127 1697 2181; x_wconf 92' lang='lat' dir='ltr'><strong>in</strong></span> <span class='ocrx_word' id='word_1_147' title='bbox 1726 2126 1929 2181; x_wconf 90' lang='lat' dir='ltr'><strong>mundo</strong></span> 
     </span>
    </p>
   </div>
   <div class='ocr_carea' id='block_1_23' title="bbox 350 2216 1926 2289">
    <p class='ocr_par' dir='ltr' id='par_1_23' title="bbox 350 2216 1926 2289">
     <span class='ocr_line' id='line_1_23' title="bbox 350 2216 1926 2289; baseline -0.003 -15"><span class='ocrx_word' id='word_1_148' title='bbox 350 2221 589 2283; x_wconf 75' lang='lat' dir='ltr'><strong>valeant,</strong></span> <span class='ocrx_word' id='word_1_149' title='bbox 621 2218 749 2273; x_wconf 83' lang='lat' dir='ltr'><strong>vani</strong></span> <span class='ocrx_word' id='word_1_150' title='bbox 784 2226 940 2287; x_wconf 89' lang='lat' dir='ltr'><strong>sunt;</strong></span> <span class='ocrx_word' id='word_1_151' title='bbox 987 2218 1123 2285; x_wconf 84' lang='lat' dir='ltr'><strong>sive,</strong></span> <span class='ocrx_word' id='word_1_152' title='bbox 1167 2217 1471 2273; x_wconf 86' lang='lat' dir='ltr'><strong>secundum</strong></span> <span class='ocrx_word' id='word_1_153' title='bbox 1518 2216 1926 2289; x_wconf 85' lang='lat' dir='ltr'><strong>Symmachum,</strong></span> 
     </span>
    </p>
   </div>
   <div class='ocr_carea' id='block_1_24' title="bbox 360 2308 1927 2381">
    <p class='ocr_par' dir='ltr' id='par_1_24' title="bbox 360 2308 1927 2381">
     <span class='ocr_line' id='line_1_24' title="bbox 360 2308 1927 2381; baseline 0 -20"><span class='ocrx_word' id='word_1_154' title='bbox 360 2327 380 2361; x_wconf 77' lang='grc' dir='ltr'><strong>ι</strong></span> <span class='ocrx_word' id='word_1_155' title='bbox 421 2325 615 2381; x_wconf 83' lang='lat' dir='ltr'><strong>vapor,</strong></span> <span class='ocrx_word' id='word_1_156' title='bbox 655 2329 676 2364; x_wconf 71' lang='grc' dir='ltr'><strong>ι</strong></span> <span class='ocrx_word' id='word_1_157' title='bbox 732 2309 885 2365; x_wconf 88' lang='lat' dir='ltr'><strong>brevi</strong></span> <span class='ocrx_word' id='word_1_158' title='bbox 936 2308 1105 2363; x_wconf 83' lang='lat' dir='ltr'><strong>futuri</strong></span> <span class='ocrx_word' id='word_1_159' title='bbox 1147 2326 1166 2359; x_wconf 78' lang='grc' dir='ltr'><strong>ι</strong></span> <span class='ocrx_word' id='word_1_160' title='bbox 1204 2315 1460 2379; x_wconf 89' lang='lat' dir='ltr'><strong>tanquam</strong></span> <span class='ocrx_word' id='word_1_161' title='bbox 1513 2308 1715 2378; x_wconf 88' lang='lat' dir='ltr'><strong>pulvis,</strong></span> <span class='ocrx_word' id='word_1_162' title='bbox 1767 2322 1927 2379; x_wconf 88' lang='lat' dir='ltr'><strong>quem</strong></span> 
     </span>
    </p>
   </div>
   <div class='ocr_carea' id='block_1_25' title="bbox 353 2396 1929 2470">
    <p class='ocr_par' dir='ltr' id='par_1_25' title="bbox 353 2396 1929 2470">
     <span class='ocr_line' id='line_1_25' title="bbox 353 2396 1929 2470; baseline -0.002 -16"><span class='ocrx_word' id='word_1_163' title='bbox 353 2399 575 2470; x_wconf 73' lang='lat' dir='ltr'><strong>proiicit</strong></span> <span class='ocrx_word' id='word_1_164' title='bbox 610 2407 807 2456; x_wconf 89' lang='lat' dir='ltr'><strong>ventus</strong></span> <span class='ocrx_word' id='word_1_165' title='bbox 855 2415 885 2454; x_wconf 90' lang='lat' dir='ltr'><strong>a</strong></span> <span class='ocrx_word' id='word_1_166' title='bbox 919 2399 1057 2455; x_wconf 77' lang='lat' dir='ltr'><strong>facie</strong></span> <span class='ocrx_word' id='word_1_167' title='bbox 1109 2406 1268 2453; x_wconf 83' lang='lat' dir='ltr'><strong>terrae</strong></span> <span class='ocrx_word' id='word_1_168' title='bbox 1297 2399 1362 2452; x_wconf 82' lang='lat'><strong>&quot;&#39;.</strong></span> <span class='ocrx_word' id='word_1_169' title='bbox 1406 2418 1425 2451; x_wconf 81' lang='grc'>›</span> <span class='ocrx_word' id='word_1_170' title='bbox 1477 2396 1617 2453; x_wconf 85' lang='lat' dir='ltr'><strong>Hinc</strong></span> <span class='ocrx_word' id='word_1_171' title='bbox 1671 2396 1929 2453; x_wconf 91' lang='lat' dir='ltr'><strong>Salomon</strong></span> 
     </span>
    </p>
   </div>
   <div class='ocr_carea' id='block_1_26' title="bbox 354 2488 1928 2561">
    <p class='ocr_par' dir='ltr' id='par_1_26' title="bbox 354 2488 1928 2561">
     <span class='ocr_line' id='line_1_26' title="bbox 354 2488 1928 2561; baseline 0.001 -18"><span class='ocrx_word' id='word_1_172' title='bbox 354 2489 530 2561; x_wconf 86' lang='lat' dir='ltr'><strong>patris</strong></span> <span class='ocrx_word' id='word_1_173' title='bbox 557 2505 660 2545; x_wconf 90' lang='lat' dir='ltr'><strong>usu</strong></span> <span class='ocrx_word' id='word_1_174' title='bbox 689 2497 744 2546; x_wconf 89' lang='lat' dir='ltr'><strong>et</strong></span> <span class='ocrx_word' id='word_1_175' title='bbox 768 2491 1038 2561; x_wconf 80' lang='lat' dir='ltr'><strong>exemplo,</strong></span> <span class='ocrx_word' id='word_1_176' title='bbox 1072 2510 1091 2542; x_wconf 76' lang='grc' dir='ltr'><strong>ι</strong></span> <span class='ocrx_word' id='word_1_177' title='bbox 1132 2488 1360 2545; x_wconf 89' lang='lat' dir='ltr'><strong>Vanitas</strong></span> <span class='ocrx_word' id='word_1_178' title='bbox 1385 2489 1711 2554; x_wconf 85' lang='lat' dir='ltr'><strong>vanitatum,</strong></span> <span class='ocrx_word' id='word_1_179' title='bbox 1745 2489 1928 2544; x_wconf 90' lang='lat' dir='ltr'><strong>omnia</strong></span> 
     </span>
    </p>
   </div>
   <div class='ocr_carea' id='block_1_27' title="bbox 352 2576 1930 2651">
    <p class='ocr_par' dir='ltr' id='par_1_27' title="bbox 352 2576 1930 2651">
     <span class='ocr_line' id='line_1_27' title="bbox 352 2576 1930 2651; baseline 0.003 -21"><span class='ocrx_word' id='word_1_180' title='bbox 352 2576 568 2633; x_wconf 82' lang='lat' dir='ltr'><strong>vanitas</strong></span> <span class='ocrx_word' id='word_1_181' title='bbox 591 2577 658 2645; x_wconf 65' lang='grc' dir='ltr'><strong>τι,</strong></span> <span class='ocrx_word' id='word_1_182' title='bbox 690 2596 708 2630; x_wconf 74' lang='grc' dir='ltr'><strong>ι</strong></span> <span class='ocrx_word' id='word_1_183' title='bbox 735 2585 789 2635; x_wconf 87' lang='lat' dir='ltr'><strong>et</strong></span> <span class='ocrx_word' id='word_1_184' title='bbox 810 2580 1007 2635; x_wconf 89' lang='lat' dir='ltr'><strong>similia</strong></span> <span class='ocrx_word' id='word_1_185' title='bbox 1027 2579 1265 2650; x_wconf 89' lang='lat' dir='ltr'><strong>scripsit.</strong></span> <span class='ocrx_word' id='word_1_186' title='bbox 1293 2578 1580 2636; x_wconf 76' lang='lat' dir='ltr'><strong>Mendaces</strong></span> <span class='ocrx_word' id='word_1_187' title='bbox 1606 2595 1771 2651; x_wconf 89' lang='lat' dir='ltr'><strong>porro</strong></span> <span class='ocrx_word' id='word_1_188' title='bbox 1792 2580 1930 2636; x_wconf 87' lang='lat' dir='ltr'><strong>duo-</strong></span> 
     </span>
    </p>
   </div>
   <div class='ocr_carea' id='block_1_28' title="bbox 352 2669 1927 2743">
    <p class='ocr_par' dir='ltr' id='par_1_28' title="bbox 352 2669 1927 2743">
     <span class='ocr_line' id='line_1_28' title="bbox 352 2669 1927 2743; baseline 0.001 -18"><span class='ocrx_word' id='word_1_189' title='bbox 352 2669 459 2725; x_wconf 85' lang='lat' dir='ltr'><strong>bus</strong></span> <span class='ocrx_word' id='word_1_190' title='bbox 502 2669 683 2726; x_wconf 87' lang='lat' dir='ltr'><strong>modis</strong></span> <span class='ocrx_word' id='word_1_191' title='bbox 731 2677 861 2727; x_wconf 88' lang='lat' dir='ltr'><strong>sunt</strong></span> <span class='ocrx_word' id='word_1_192' title='bbox 892 2670 988 2725; x_wconf 83' lang='lat' dir='ltr'><strong>ﬁlii</strong></span> <span class='ocrx_word' id='word_1_193' title='bbox 1021 2670 1334 2740; x_wconf 87' lang='lat' dir='ltr'><strong>hominum;</strong></span> <span class='ocrx_word' id='word_1_194' title='bbox 1372 2672 1550 2727; x_wconf 87' lang='lat' dir='ltr'><strong>altero</strong></span> <span class='ocrx_word' id='word_1_195' title='bbox 1577 2671 1705 2743; x_wconf 87' lang='lat' dir='ltr'><strong>quia</strong></span> <span class='ocrx_word' id='word_1_196' title='bbox 1737 2671 1927 2743; x_wconf 89' lang='lat' dir='ltr'><strong>procul</strong></span> 
     </span>
    </p>
   </div>
   <div class='ocr_carea' id='block_1_29' title="bbox 354 2758 1929 2835">
    <p class='ocr_par' dir='ltr' id='par_1_29' title="bbox 354 2758 1929 2835">
     <span class='ocr_line' id='line_1_29' title="bbox 354 2758 1929 2835; baseline 0.001 -20"><span class='ocrx_word' id='word_1_197' title='bbox 354 2774 386 2815; x_wconf 67' lang='grc' dir='ltr'>ι</span> <span class='ocrx_word' id='word_1_198' title='bbox 415 2761 641 2817; x_wconf 87' lang='lat' dir='ltr'><strong>veritate</strong></span> <span class='ocrx_word' id='word_1_199' title='bbox 671 2758 990 2819; x_wconf 82' lang='lat' dir='ltr'><strong>aberrantes</strong></span> <span class='ocrx_word' id='word_1_200' title='bbox 1042 2762 1178 2817; x_wconf 79' lang='lat' dir='ltr'><strong>falsa</strong></span> <span class='ocrx_word' id='word_1_201' title='bbox 1212 2763 1549 2835; x_wconf 83' lang='lat' dir='ltr'><strong>loquuntur;</strong></span> <span class='ocrx_word' id='word_1_202' title='bbox 1582 2763 1756 2818; x_wconf 89' lang='lat' dir='ltr'><strong>altero</strong></span> <span class='ocrx_word' id='word_1_203' title='bbox 1801 2763 1929 2833; x_wconf 87' lang='lat' dir='ltr'><strong>quia</strong></span> 
     </span>
    </p>
   </div>
   <div class='ocr_carea' id='block_1_30' title="bbox 352 2850 1927 2922">
    <p class='ocr_par' dir='ltr' id='par_1_30' title="bbox 352 2850 1927 2922">
     <span class='ocr_line' id='line_1_30' title="bbox 352 2850 1927 2922; baseline 0 -17"><span class='ocrx_word' id='word_1_204' title='bbox 352 2850 640 2907; x_wconf 76' lang='lat' dir='ltr'><strong>fraudibus</strong></span> <span class='ocrx_word' id='word_1_205' title='bbox 694 2850 1104 2922; x_wconf 89' lang='lat' dir='ltr'><strong>mendaciisque</strong></span> <span class='ocrx_word' id='word_1_206' title='bbox 1140 2851 1395 2908; x_wconf 89' lang='lat' dir='ltr'><strong>credulos</strong></span> <span class='ocrx_word' id='word_1_207' title='bbox 1436 2852 1542 2909; x_wconf 88' lang='lat' dir='ltr'><strong>sibi</strong></span> <span class='ocrx_word' id='word_1_208' title='bbox 1587 2851 1645 2907; x_wconf 89' lang='lat' dir='ltr'><strong>in</strong></span> <span class='ocrx_word' id='word_1_209' title='bbox 1685 2867 1927 2908; x_wconf 89' lang='lat' dir='ltr'><strong>errorem</strong></span> 
     </span>
    </p>
   </div>
   <div class='ocr_carea' id='block_1_31' title="bbox 352 2941 1922 3015">
    <p class='ocr_par' dir='ltr' id='par_1_31' title="bbox 352 2941 1922 3015">
     <span class='ocr_line' id='line_1_31' title="bbox 352 2941 1922 3015; baseline -0.001 -18"><span class='ocrx_word' id='word_1_210' title='bbox 352 2942 653 2998; x_wconf 87' lang='lat' dir='ltr'><strong>deducunt.</strong></span> <span class='ocrx_word' id='word_1_211' title='bbox 677 2941 859 3009; x_wconf 83' lang='lat' dir='ltr'><strong>Quare</strong></span> <span class='ocrx_word' id='word_1_212' title='bbox 881 2942 1086 2998; x_wconf 85' lang='lat' dir='ltr'><strong>talibus</strong></span> <span class='ocrx_word' id='word_1_213' title='bbox 1113 2958 1236 2999; x_wconf 86' lang='lat' dir='ltr'><strong>sese</strong></span> <span class='ocrx_word' id='word_1_214' title='bbox 1260 2943 1487 2999; x_wconf 83' lang='lat' dir='ltr'><strong>credere</strong></span> <span class='ocrx_word' id='word_1_215' title='bbox 1521 2958 1630 2999; x_wconf 91' lang='lat' dir='ltr'><strong>non</strong></span> <span class='ocrx_word' id='word_1_216' title='bbox 1664 2943 1881 3015; x_wconf 74' lang='lat' dir='ltr'><strong>expedit</strong></span> <span class='ocrx_word' id='word_1_217' title='bbox 1910 2964 1922 2997; x_wconf 88' lang='lat'><strong>:</strong></span> 
     </span>
    </p>
   </div>
   <div class='ocr_carea' id='block_1_32' title="bbox 349 3034 1924 3106">
    <p class='ocr_par' dir='ltr' id='par_1_32' title="bbox 349 3034 1924 3106">
     <span class='ocr_line' id='line_1_32' title="bbox 349 3034 1924 3106; baseline 0.003 -18"><span class='ocrx_word' id='word_1_218' title='bbox 349 3034 573 3089; x_wconf 89' lang='lat' dir='ltr'><strong>mentiri</strong></span> <span class='ocrx_word' id='word_1_219' title='bbox 614 3034 817 3105; x_wconf 83' lang='lat' dir='ltr'><strong>quippe</strong></span> <span class='ocrx_word' id='word_1_220' title='bbox 863 3035 1064 3099; x_wconf 86' lang='lat' dir='ltr'><strong>solent,</strong></span> <span class='ocrx_word' id='word_1_221' title='bbox 1097 3050 1276 3105; x_wconf 89' lang='lat' dir='ltr'><strong>neque</strong></span> <span class='ocrx_word' id='word_1_222' title='bbox 1306 3041 1390 3091; x_wconf 86' lang='lat' dir='ltr'><strong>est</strong></span> <span class='ocrx_word' id='word_1_223' title='bbox 1421 3037 1478 3090; x_wconf 92' lang='lat' dir='ltr'><strong>in</strong></span> <span class='ocrx_word' id='word_1_224' title='bbox 1514 3035 1650 3106; x_wconf 91' lang='lat' dir='ltr'><strong>ipsis</strong></span> <span class='ocrx_word' id='word_1_225' title='bbox 1682 3036 1924 3100; x_wconf 82' lang='lat' dir='ltr'><strong>veritas;</strong></span> 
     </span>
    </p>
   </div>
   <div class='ocr_carea' id='block_1_33' title="bbox 351 3122 1926 3195">
    <p class='ocr_par' dir='ltr' id='par_1_33' title="bbox 351 3122 1926 3195">
     <span class='ocr_line' id='line_1_33' title="bbox 351 3122 1926 3195; baseline 0.001 -17"><span class='ocrx_word' id='word_1_226' title='bbox 351 3122 450 3178; x_wconf 87' lang='lat' dir='ltr'><strong>sed</strong></span> <span class='ocrx_word' id='word_1_227' title='bbox 480 3124 644 3178; x_wconf 83' lang='lat' dir='ltr'><strong>etiam</strong></span> <span class='ocrx_word' id='word_1_228' title='bbox 675 3130 891 3179; x_wconf 75' lang='lat' dir='ltr'><strong>staterae</strong></span> <span class='ocrx_word' id='word_1_229' title='bbox 912 3125 1108 3179; x_wconf 74' lang='lat' dir='ltr'><strong>animae</strong></span> <span class='ocrx_word' id='word_1_230' title='bbox 1136 3123 1377 3195; x_wconf 90' lang='lat' dir='ltr'><strong>ipsorum</strong></span> <span class='ocrx_word' id='word_1_231' title='bbox 1419 3124 1556 3179; x_wconf 90' lang='lat' dir='ltr'><strong>nihil</strong></span> <span class='ocrx_word' id='word_1_232' title='bbox 1590 3125 1823 3195; x_wconf 84' lang='lat' dir='ltr'><strong>justum,</strong></span> <span class='ocrx_word' id='word_1_233' title='bbox 1848 3140 1926 3179; x_wconf 71' lang='lat' dir='ltr'><strong>re-</strong></span> 
     </span>
    </p>
   </div>
   <div class='ocr_carea' id='block_1_34' title="bbox 351 3213 1927 3287">
    <p class='ocr_par' dir='ltr' id='par_1_34' title="bbox 351 3213 1927 3287">
     <span class='ocr_line' id='line_1_34' title="bbox 351 3213 1927 3287; baseline 0.003 -22"><span class='ocrx_word' id='word_1_234' title='bbox 351 3213 572 3283; x_wconf 73' lang='lat' dir='ltr'><strong>quabile</strong></span> <span class='ocrx_word' id='word_1_235' title='bbox 602 3213 739 3268; x_wconf 88' lang='lat' dir='ltr'><strong>nihil</strong></span> <span class='ocrx_word' id='word_1_236' title='bbox 767 3213 1002 3278; x_wconf 86' lang='lat' dir='ltr'><strong>habent;</strong></span> <span class='ocrx_word' id='word_1_237' title='bbox 1030 3215 1123 3270; x_wconf 88' lang='lat' dir='ltr'><strong>sed</strong></span> <span class='ocrx_word' id='word_1_238' title='bbox 1149 3228 1272 3269; x_wconf 92' lang='lat' dir='ltr'><strong>cum</strong></span> <span class='ocrx_word' id='word_1_239' title='bbox 1300 3215 1407 3270; x_wconf 91' lang='lat' dir='ltr'><strong>alio</strong></span> <span class='ocrx_word' id='word_1_240' title='bbox 1431 3216 1786 3281; x_wconf 85' lang='lat' dir='ltr'><strong>inclinentur,</strong></span> <span class='ocrx_word' id='word_1_241' title='bbox 1813 3216 1927 3287; x_wconf 89' lang='lat' dir='ltr'><strong>juri</strong></span> 
     </span>
    </p>
   </div>
   <div class='ocr_carea' id='block_1_35' title="bbox 350 3300 1928 3375">
    <p class='ocr_par' dir='ltr' id='par_1_35' title="bbox 350 3300 1928 3375">
     <span class='ocr_line' id='line_1_35' title="bbox 350 3300 1928 3375; baseline 0.004 -20"><span class='ocrx_word' id='word_1_242' title='bbox 350 3300 626 3355; x_wconf 90' lang='lat' dir='ltr'><strong>contraria</strong></span> <span class='ocrx_word' id='word_1_243' title='bbox 666 3309 952 3373; x_wconf 79' lang='lat' dir='ltr'><strong>peragunt.</strong></span> <span class='ocrx_word' id='word_1_244' title='bbox 984 3300 1082 3356; x_wconf 84' lang='lat' dir='ltr'><strong>His</strong></span> <span class='ocrx_word' id='word_1_245' title='bbox 1134 3318 1268 3374; x_wconf 87' lang='lat' dir='ltr'><strong>ergo</strong></span> <span class='ocrx_word' id='word_1_246' title='bbox 1316 3303 1523 3375; x_wconf 90' lang='lat' dir='ltr'><strong>iniquis</strong></span> <span class='ocrx_word' id='word_1_247' title='bbox 1559 3305 1781 3360; x_wconf 86' lang='lat' dir='ltr'><strong>stateris</strong></span> <span class='ocrx_word' id='word_1_248' title='bbox 1811 3306 1928 3362; x_wconf 89' lang='lat' dir='ltr'><strong>suis</strong></span> 
     </span>
    </p>
   </div>
   <div class='ocr_carea' id='block_1_36' title="bbox 350 3391 1926 3467">
    <p class='ocr_par' dir='ltr' id='par_1_36' title="bbox 350 3391 1926 3467">
     <span class='ocr_line' id='line_1_36' title="bbox 350 3391 1926 3467; baseline 0.004 -22"><span class='ocrx_word' id='word_1_249' title='bbox 350 3391 649 3447; x_wconf 85' lang='lat' dir='ltr'><strong>vanitatem</strong></span> <span class='ocrx_word' id='word_1_250' title='bbox 681 3392 1109 3459; x_wconf 84' lang='lat' dir='ltr'><strong>administrant,</strong></span> <span class='ocrx_word' id='word_1_251' title='bbox 1158 3395 1447 3451; x_wconf 86' lang='lat' dir='ltr'><strong>veritatem</strong></span> <span class='ocrx_word' id='word_1_252' title='bbox 1487 3397 1718 3467; x_wconf 88' lang='lat' dir='ltr'><strong>ejusque</strong></span> <span class='ocrx_word' id='word_1_253' title='bbox 1756 3396 1926 3453; x_wconf 88' lang='lat' dir='ltr'><strong>Deum</strong></span> 
     </span>
    </p>
   </div>
   <div class='ocr_carea' id='block_1_37' title="bbox 352 3483 1928 3558">
    <p class='ocr_par' dir='ltr' id='par_1_37' title="bbox 352 3483 1928 3558">
     <span class='ocr_line' id='line_1_37' title="bbox 352 3483 1928 3558; baseline 0.005 -21"><span class='ocrx_word' id='word_1_254' title='bbox 352 3483 587 3540; x_wconf 87' lang='lat' dir='ltr'><strong>aversati</strong></span> <span class='ocrx_word' id='word_1_255' title='bbox 631 3502 645 3540; x_wconf 89' lang='lat'><strong>:</strong></span> <span class='ocrx_word' id='word_1_256' title='bbox 688 3499 859 3556; x_wconf 86' lang='lat' dir='ltr'><strong>quare</strong></span> <span class='ocrx_word' id='word_1_257' title='bbox 887 3500 998 3542; x_wconf 91' lang='lat' dir='ltr'><strong>non</strong></span> <span class='ocrx_word' id='word_1_258' title='bbox 1029 3486 1284 3542; x_wconf 87' lang='lat' dir='ltr'><strong>convenit</strong></span> <span class='ocrx_word' id='word_1_259' title='bbox 1314 3502 1371 3543; x_wconf 88' lang='lat' dir='ltr'><strong>se</strong></span> <span class='ocrx_word' id='word_1_260' title='bbox 1396 3488 1532 3558; x_wconf 86' lang='lat' dir='ltr'><strong>ipsis</strong></span> <span class='ocrx_word' id='word_1_261' title='bbox 1563 3488 1928 3557; x_wconf 77' lang='lat' dir='ltr'><strong>concredere;</strong></span> 
     </span>
    </p>
   </div>
   <div class='ocr_carea' id='block_1_38' title="bbox 353 3574 1930 3651">
    <p class='ocr_par' dir='ltr' id='par_1_38' title="bbox 353 3574 1930 3651">
     <span class='ocr_line' id='line_1_38' title="bbox 353 3574 1930 3651; baseline 0.004 -22"><span class='ocrx_word' id='word_1_262' title='bbox 353 3574 452 3630; x_wconf 87' lang='lat' dir='ltr'><strong>sed</strong></span> <span class='ocrx_word' id='word_1_263' title='bbox 499 3590 625 3630; x_wconf 87' lang='lat' dir='ltr'><strong>eum</strong></span> <span class='ocrx_word' id='word_1_264' title='bbox 660 3576 862 3642; x_wconf 88' lang='lat' dir='ltr'><strong>solum,</strong></span> <span class='ocrx_word' id='word_1_265' title='bbox 921 3577 1018 3648; x_wconf 90' lang='lat' dir='ltr'><strong>qui</strong></span> <span class='ocrx_word' id='word_1_266' title='bbox 1069 3575 1324 3633; x_wconf 81' lang='lat' dir='ltr'><strong>Salvator</strong></span> <span class='ocrx_word' id='word_1_267' title='bbox 1352 3578 1578 3644; x_wconf 89' lang='lat' dir='ltr'><strong>dicitur,</strong></span> <span class='ocrx_word' id='word_1_268' title='bbox 1625 3579 1930 3651; x_wconf 86' lang='lat' dir='ltr'><strong>adjutorem</strong></span> 
     </span>
    </p>
   </div>
   <div class='ocr_carea' id='block_1_39' title="bbox 355 3667 657 3724">
    <p class='ocr_par' dir='ltr' id='par_1_39' title="bbox 355 3667 657 3724">
     <span class='ocr_line' id='line_1_39' title="bbox 355 3667 657 3724; baseline 0.007 -3"><span class='ocrx_word' id='word_1_269' title='bbox 355 3667 657 3724; x_wconf 69' lang='lat' dir='ltr'><strong>ascribere;</strong></span> 
     </span>
    </p>
   </div>
   <div class='ocr_carea' id='block_1_40' title="bbox 424 3775 1933 3859">
    <p class='ocr_par' dir='ltr' id='par_1_40' title="bbox 424 3775 1933 3859">
     <span class='ocr_line' id='line_1_40' title="bbox 424 3775 1933 3859; baseline 0.007 -26"><span class='ocrx_word' id='word_1_270' title='bbox 424 3775 592 3836; x_wconf 70' lang='lat' dir='ltr'><strong>Vens.</strong></span> <span class='ocrx_word' id='word_1_271' title='bbox 629 3780 719 3835; x_wconf 76' lang='lat' dir='ltr'><strong>‘ll.</strong></span> <span class='ocrx_word' id='word_1_272' title='bbox 756 3799 777 3835; x_wconf 80' lang='grc' dir='ltr'><strong>ι</strong></span> <span class='ocrx_word' id='word_1_273' title='bbox 810 3780 992 3839; x_wconf 86' lang='lat' dir='ltr'><strong>Nolite</strong></span> <span class='ocrx_word' id='word_1_274' title='bbox 1013 3798 1240 3856; x_wconf 85' lang='lat' dir='ltr'><strong>sperare</strong></span> <span class='ocrx_word' id='word_1_275' title='bbox 1269 3784 1326 3841; x_wconf 91' lang='lat' dir='ltr'><strong>in</strong></span> <span class='ocrx_word' id='word_1_276' title='bbox 1361 3785 1671 3857; x_wconf 88' lang='lat' dir='ltr'><strong>iniquitate,</strong></span> <span class='ocrx_word' id='word_1_277' title='bbox 1705 3796 1761 3844; x_wconf 92' lang='lat' dir='ltr'><strong>et</strong></span> <span class='ocrx_word' id='word_1_278' title='bbox 1782 3788 1933 3859; x_wconf 87' lang='lat' dir='ltr'><strong>rapi-</strong></span> 
     </span>
    </p>
   </div>
   <div class='ocr_carea' id='block_1_41' title="bbox 353 3872 1932 3947">
    <p class='ocr_par' dir='ltr' id='par_1_41' title="bbox 353 3872 1932 3947">
     <span class='ocr_line' id='line_1_41' title="bbox 353 3872 1932 3947; baseline 0.008 -22"><span class='ocrx_word' id='word_1_279' title='bbox 353 3885 481 3927; x_wconf 89' lang='lat' dir='ltr'><strong>nam</strong></span> <span class='ocrx_word' id='word_1_280' title='bbox 512 3872 681 3930; x_wconf 88' lang='lat' dir='ltr'><strong>nolite</strong></span> <span class='ocrx_word' id='word_1_281' title='bbox 712 3876 1104 3947; x_wconf 89' lang='lat' dir='ltr'><strong>concupiscere</strong></span> <span class='ocrx_word' id='word_1_282' title='bbox 1131 3894 1146 3945; x_wconf 92' lang='lat'><strong>;</strong></span> <span class='ocrx_word' id='word_1_283' title='bbox 1177 3875 1382 3935; x_wconf 76' lang='lat' dir='ltr'><strong>divitiae</strong></span> <span class='ocrx_word' id='word_1_284' title='bbox 1412 3880 1460 3936; x_wconf 88' lang='lat' dir='ltr'><strong>si</strong></span> <span class='ocrx_word' id='word_1_285' title='bbox 1486 3880 1730 3945; x_wconf 81' lang='lat' dir='ltr'><strong>amuant,</strong></span> <span class='ocrx_word' id='word_1_286' title='bbox 1758 3882 1932 3937; x_wconf 81' lang='lat' dir='ltr'><strong>nolite</strong></span> 
     </span>
    </p>
   </div>
   <div class='ocr_carea' id='block_1_42' title="bbox 352 3958 1933 4044">
    <p class='ocr_par' dir='ltr' id='par_1_42' title="bbox 352 3958 1933 4044">
     <span class='ocr_line' id='line_1_42' title="bbox 352 3958 1933 4044; baseline 0.006 -26"><span class='ocrx_word' id='word_1_287' title='bbox 352 3978 451 4019; x_wconf 90' lang='lat' dir='ltr'><strong>cor</strong></span> <span class='ocrx_word' id='word_1_288' title='bbox 490 3979 784 4036; x_wconf 88' lang='lat' dir='ltr'><strong>apponere.</strong></span> <span class='ocrx_word' id='word_1_289' title='bbox 834 3987 852 4020; x_wconf 78' lang='grc' dir='ltr'><strong>ι</strong></span> <span class='ocrx_word' id='word_1_290' title='bbox 915 3958 976 4023; x_wconf 85' lang='lat' dir='ltr'><strong>lu</strong></span> <span class='ocrx_word' id='word_1_291' title='bbox 1027 3986 1241 4028; x_wconf 73' lang='lat' dir='ltr'><strong>xxxvm</strong></span> <span class='ocrx_word' id='word_1_292' title='bbox 1304 3987 1522 4044; x_wconf 90' lang='lat' dir='ltr'><strong>quoque</strong></span> <span class='ocrx_word' id='word_1_293' title='bbox 1586 3973 1798 4044; x_wconf 89' lang='lat' dir='ltr'><strong>psalmo</strong></span> <span class='ocrx_word' id='word_1_294' title='bbox 1849 3972 1933 4028; x_wconf 78' lang='lat' dir='ltr'><strong>af-</strong></span> 
     </span>
    </p>
   </div>
   <div class='ocr_carea' id='block_1_43' title="bbox 353 4056 1931 4120">
    <p class='ocr_par' dir='ltr' id='par_1_43' title="bbox 353 4056 1931 4120">
     <span class='ocr_line' id='line_1_43' title="bbox 353 4056 1931 4120; baseline 0.006 -9"><span class='ocrx_word' id='word_1_295' title='bbox 353 4056 487 4112; x_wconf 81' lang='lat' dir='ltr'><strong>tinia</strong></span> <span class='ocrx_word' id='word_1_296' title='bbox 520 4057 677 4115; x_wconf 86' lang='lat' dir='ltr'><strong>hisce</strong></span> <span class='ocrx_word' id='word_1_297' title='bbox 729 4058 990 4115; x_wconf 88' lang='lat' dir='ltr'><strong>dicuntur</strong></span> <span class='ocrx_word' id='word_1_298' title='bbox 1048 4079 1062 4117; x_wconf 91' lang='lat'><strong>:</strong></span> <span class='ocrx_word' id='word_1_299' title='bbox 1124 4081 1143 4115; x_wconf 77' lang='grc' dir='ltr'><strong>ι</strong></span> <span class='ocrx_word' id='word_1_300' title='bbox 1177 4059 1572 4119; x_wconf 77' lang='lat' dir='ltr'><strong>Verumtamen</strong></span> <span class='ocrx_word' id='word_1_301' title='bbox 1610 4078 1750 4120; x_wconf 86' lang='lat' dir='ltr'><strong>vane</strong></span> <span class='ocrx_word' id='word_1_302' title='bbox 1794 4078 1931 4120; x_wconf 86' lang='lat' dir='ltr'><strong>con--</strong></span> 
     </span>
    </p>
   </div>
   <div class='ocr_carea' id='block_1_44' title="bbox 348 4149 1932 4229">
    <p class='ocr_par' dir='ltr' id='par_1_44' title="bbox 348 4149 1932 4229">
     <span class='ocr_line' id='line_1_44' title="bbox 348 4149 1932 4229; baseline 0.004 -23"><span class='ocrx_word' id='word_1_303' title='bbox 348 4149 665 4210; x_wconf 81' lang='lat' dir='ltr'><strong>turbantur.</strong></span> <span class='ocrx_word' id='word_1_304' title='bbox 729 4152 1135 4221; x_wconf 77' lang='lat' dir='ltr'><strong>Thesaurizat,</strong></span> <span class='ocrx_word' id='word_1_305' title='bbox 1178 4162 1236 4212; x_wconf 87' lang='lat' dir='ltr'><strong>et</strong></span> <span class='ocrx_word' id='word_1_306' title='bbox 1290 4155 1509 4228; x_wconf 80' lang='lat' dir='ltr'><strong>ignorat</strong></span> <span class='ocrx_word' id='word_1_307' title='bbox 1559 4156 1651 4211; x_wconf 90' lang='lat' dir='ltr'><strong>cui</strong></span> <span class='ocrx_word' id='word_1_308' title='bbox 1699 4170 1932 4229; x_wconf 88' lang='lat' dir='ltr'><strong>congre-</strong></span> 
     </span>
    </p>
   </div>
   <div class='ocr_carea' id='block_1_45' title="bbox 349 4243 1932 4320">
    <p class='ocr_par' dir='ltr' id='par_1_45' title="bbox 349 4243 1932 4320">
     <span class='ocr_line' id='line_1_45' title="bbox 349 4243 1932 4320; baseline 0.004 -23"><span class='ocrx_word' id='word_1_309' title='bbox 349 4243 498 4315; x_wconf 88' lang='lat' dir='ltr'><strong>gabit</strong></span> <span class='ocrx_word' id='word_1_310' title='bbox 527 4245 675 4301; x_wconf 81' lang='lat' dir='ltr'><strong>ea&quot;.</strong></span> <span class='ocrx_word' id='word_1_311' title='bbox 717 4264 737 4300; x_wconf 71' lang='grc' dir='ltr'><strong><em>ο</em></strong></span> <span class='ocrx_word' id='word_1_312' title='bbox 770 4245 910 4314; x_wconf 82' lang='lat' dir='ltr'><strong>Quia</strong></span> <span class='ocrx_word' id='word_1_313' title='bbox 951 4246 1119 4320; x_wconf 88' lang='lat' dir='ltr'><strong>igitur</strong></span> <span class='ocrx_word' id='word_1_314' title='bbox 1145 4247 1242 4320; x_wconf 88' lang='lat' dir='ltr'><strong>qui</strong></span> <span class='ocrx_word' id='word_1_315' title='bbox 1266 4247 1561 4305; x_wconf 84' lang='lat' dir='ltr'><strong>thesauros</strong></span> <span class='ocrx_word' id='word_1_316' title='bbox 1590 4247 1645 4302; x_wconf 91' lang='lat' dir='ltr'><strong>in</strong></span> <span class='ocrx_word' id='word_1_317' title='bbox 1665 4256 1811 4304; x_wconf 87' lang='lat' dir='ltr'><strong>terra</strong></span> <span class='ocrx_word' id='word_1_318' title='bbox 1842 4262 1932 4303; x_wconf 84' lang='lat' dir='ltr'><strong>re-</strong></span> 
     </span>
    </p>
   </div>
   <div class='ocr_carea' id='block_1_46' title="bbox 350 4333 1931 4410">
    <p class='ocr_par' dir='ltr' id='par_1_46' title="bbox 350 4333 1931 4410">
     <span class='ocr_line' id='line_1_46' title="bbox 350 4333 1931 4410; baseline 0.003 -21"><span class='ocrx_word' id='word_1_319' title='bbox 350 4333 560 4399; x_wconf 89' lang='lat' dir='ltr'><strong>condit,</strong></span> <span class='ocrx_word' id='word_1_320' title='bbox 590 4341 645 4390; x_wconf 90' lang='lat' dir='ltr'><strong>et</strong></span> <span class='ocrx_word' id='word_1_321' title='bbox 673 4338 943 4407; x_wconf 89' lang='lat' dir='ltr'><strong>pecunias</strong></span> <span class='ocrx_word' id='word_1_322' title='bbox 973 4337 1177 4393; x_wconf 85' lang='lat' dir='ltr'><strong>multas</strong></span> <span class='ocrx_word' id='word_1_323' title='bbox 1209 4337 1443 4410; x_wconf 81' lang='lat' dir='ltr'><strong>colligit,</strong></span> <span class='ocrx_word' id='word_1_324' title='bbox 1474 4337 1530 4393; x_wconf 90' lang='lat' dir='ltr'><strong>in</strong></span> <span class='ocrx_word' id='word_1_325' title='bbox 1561 4353 1764 4393; x_wconf 91' lang='lat' dir='ltr'><strong>vanum</strong></span> <span class='ocrx_word' id='word_1_326' title='bbox 1794 4352 1931 4393; x_wconf 87' lang='lat' dir='ltr'><strong>cou-</strong></span> 
     </span>
    </p>
   </div>
   <div class='ocr_carea' id='block_1_47' title="bbox 350 4427 1926 4501">
    <p class='ocr_par' dir='ltr' id='par_1_47' title="bbox 350 4427 1926 4501">
     <span class='ocr_line' id='line_1_47' title="bbox 350 4427 1926 4501; baseline 0.003 -23"><span class='ocrx_word' id='word_1_327' title='bbox 350 4436 569 4497; x_wconf 78' lang='lat' dir='ltr'><strong>gregat;</strong></span> <span class='ocrx_word' id='word_1_328' title='bbox 600 4441 779 4497; x_wconf 89' lang='lat' dir='ltr'><strong>neque</strong></span> <span class='ocrx_word' id='word_1_329' title='bbox 821 4427 968 4482; x_wconf 87' lang='lat' dir='ltr'><strong>enim</strong></span> <span class='ocrx_word' id='word_1_330' title='bbox 1010 4427 1081 4483; x_wconf 90' lang='lat' dir='ltr'><strong>iis</strong></span> <span class='ocrx_word' id='word_1_331' title='bbox 1128 4428 1245 4499; x_wconf 88' lang='lat' dir='ltr'><strong>ipse</strong></span> <span class='ocrx_word' id='word_1_332' title='bbox 1275 4443 1505 4501; x_wconf 90' lang='lat' dir='ltr'><strong>prorsus</strong></span> <span class='ocrx_word' id='word_1_333' title='bbox 1536 4427 1770 4496; x_wconf 82' lang='lat' dir='ltr'><strong>fruetur,</strong></span> <span class='ocrx_word' id='word_1_334' title='bbox 1801 4443 1926 4484; x_wconf 90' lang='lat' dir='ltr'><strong>cum</strong></span> 
     </span>
    </p>
   </div>
   <div class='ocr_carea' id='block_1_48' title="bbox 2026 537 3600 625">
    <p class='ocr_par' dir='ltr' id='par_1_48' title="bbox 2026 537 3600 625">
     <span class='ocr_line' id='line_1_48' title="bbox 2026 537 3600 625; baseline -0.013 -18"><span class='ocrx_word' id='word_1_335' title='bbox 2026 555 2195 625; x_wconf 87' lang='grc' dir='ltr'>πάθη.</span> <span class='ocrx_word' id='word_1_336' title='bbox 2227 553 2318 607; x_wconf 76' lang='grc' dir='ltr'><strong>Διὸ</strong></span> <span class='ocrx_word' id='word_1_337' title='bbox 2350 551 2622 619; x_wconf 83' lang='grc' dir='ltr'>ἐπιλέγει·</span> <span class='ocrx_word' id='word_1_338' title='bbox 2671 567 2689 599; x_wconf 77' lang='grc' dir='ltr'><strong>ι</strong></span> <span class='ocrx_word' id='word_1_339' title='bbox 2737 544 2993 617; x_wconf 82' lang='grc' dir='ltr'>Ἐκχέατε</span> <span class='ocrx_word' id='word_1_340' title='bbox 3043 539 3272 595; x_wconf 84' lang='grc' dir='ltr'>ἐνώπιον</span> <span class='ocrx_word' id='word_1_341' title='bbox 3306 537 3469 591; x_wconf 79' lang='grc' dir='ltr'>αὑτοῦ</span> <span class='ocrx_word' id='word_1_342' title='bbox 3504 538 3600 599; x_wconf 69' lang='grc' dir='ltr'>τὰς</span> 
     </span>
    </p>
   </div>
   <div class='ocr_carea' id='block_1_49' title="bbox 2025 629 3602 718">
    <p class='ocr_par' dir='ltr' id='par_1_49' title="bbox 2025 629 3602 718">
     <span class='ocr_line' id='line_1_49' title="bbox 2025 629 3602 718; baseline -0.015 -18"><span class='ocrx_word' id='word_1_343' title='bbox 2025 645 2251 718; x_wconf 76' lang='grc' dir='ltr'><strong>καρδίας</strong></span> <span class='ocrx_word' id='word_1_344' title='bbox 2295 643 2470 715; x_wconf 81' lang='grc' dir='ltr'>ὑμῶν.</span> <span class='ocrx_word' id='word_1_345' title='bbox 2542 642 2600 693; x_wconf 91' lang='grc' dir='ltr'>Ὀ</span> <span class='ocrx_word' id='word_1_346' title='bbox 2645 639 2776 702; x_wconf 81' lang='grc' dir='ltr'>Θεὸς</span> <span class='ocrx_word' id='word_1_347' title='bbox 2832 635 3023 708; x_wconf 78' lang='grc' dir='ltr'>βοηθὸς</span> <span class='ocrx_word' id='word_1_348' title='bbox 3066 631 3245 704; x_wconf 80' lang='grc' dir='ltr'>ἡμῶν.</span> <span class='ocrx_word' id='word_1_349' title='bbox 3278 647 3297 682; x_wconf 74' lang='lat' dir='ltr'><strong>t</strong></span> <span class='ocrx_word' id='word_1_350' title='bbox 3346 629 3602 698; x_wconf 82' lang='grc' dir='ltr'><strong>Ἔχοντες</strong></span> 
     </span>
    </p>
   </div>
   <div class='ocr_carea' id='block_1_50' title="bbox 2024 718 3604 803">
    <p class='ocr_par' dir='ltr' id='par_1_50' title="bbox 2024 718 3604 803">
     <span class='ocr_line' id='line_1_50' title="bbox 2024 718 3604 803; baseline -0.011 -17"><span class='ocrx_word' id='word_1_351' title='bbox 2024 733 2152 803; x_wconf 80' lang='grc' dir='ltr'>γάρ,</span> <span class='ocrx_word' id='word_1_352' title='bbox 2193 731 2345 803; x_wconf 69' lang='grc' dir='ltr'>φησὶ,</span> <span class='ocrx_word' id='word_1_353' title='bbox 2377 729 2589 801; x_wconf 82' lang='grc' dir='ltr'>βοηθὸν,</span> <span class='ocrx_word' id='word_1_354' title='bbox 2630 727 2792 799; x_wconf 80' lang='grc' dir='ltr'>μηδὲν</span> <span class='ocrx_word' id='word_1_355' title='bbox 2835 722 3245 785; x_wconf 85' lang='grc' dir='ltr'>ὐποστέλλεσθε,</span> <span class='ocrx_word' id='word_1_356' title='bbox 3283 718 3417 791; x_wconf 86' lang='grc' dir='ltr'>μηδέ</span> <span class='ocrx_word' id='word_1_357' title='bbox 3456 735 3508 771; x_wconf 88' lang='grc' dir='ltr'><strong>τι</strong></span> <span class='ocrx_word' id='word_1_358' title='bbox 3548 719 3604 769; x_wconf 82' lang='grc' dir='ltr'><strong>ἐν</strong></span> 
     </span>
    </p>
   </div>
   <div class='ocr_carea' id='block_1_51' title="bbox 2024 804 3603 891">
    <p class='ocr_par' dir='ltr' id='par_1_51' title="bbox 2024 804 3603 891">
     <span class='ocr_line' id='line_1_51' title="bbox 2024 804 3603 891; baseline -0.011 -16"><span class='ocrx_word' id='word_1_359' title='bbox 2024 827 2145 887; x_wconf 85' lang='grc' dir='ltr'>ταῖς</span> <span class='ocrx_word' id='word_1_360' title='bbox 2172 823 2434 886; x_wconf 81' lang='grc' dir='ltr'><strong>διανοίαις</strong></span> <span class='ocrx_word' id='word_1_361' title='bbox 2462 820 2615 891; x_wconf 83' lang='grc' dir='ltr'>ὑμῶν</span> <span class='ocrx_word' id='word_1_362' title='bbox 2650 814 3049 888; x_wconf 74' lang='grc' dir='ltr'>ύποκρύπτετε,</span> <span class='ocrx_word' id='word_1_363' title='bbox 3076 810 3518 868; x_wconf 80' lang='grc' dir='ltr'><strong>ἀναπετάσαντες</strong></span> <span class='ocrx_word' id='word_1_364' title='bbox 3546 804 3603 857; x_wconf 78' lang='grc' dir='ltr'>δὲ</span> 
     </span>
    </p>
   </div>
   <div class='ocr_carea' id='block_1_52' title="bbox 2024 895 3604 983">
    <p class='ocr_par' dir='ltr' id='par_1_52' title="bbox 2024 895 3604 983">
     <span class='ocr_line' id='line_1_52' title="bbox 2024 895 3604 983; baseline -0.011 -19"><span class='ocrx_word' id='word_1_365' title='bbox 2024 912 2093 966; x_wconf 74' lang='grc' dir='ltr'>τὰ</span> <span class='ocrx_word' id='word_1_366' title='bbox 2115 914 2340 983; x_wconf 84' lang='grc' dir='ltr'>ταμιεῖα</span> <span class='ocrx_word' id='word_1_367' title='bbox 2386 910 2487 980; x_wconf 79' lang='grc' dir='ltr'><strong>τῆς</strong></span> <span class='ocrx_word' id='word_1_368' title='bbox 2527 907 2725 980; x_wconf 68' lang='grc' dir='ltr'>ψυχῆς,</span> <span class='ocrx_word' id='word_1_369' title='bbox 2767 907 2890 970; x_wconf 75' lang='grc' dir='ltr'>τοὺς</span> <span class='ocrx_word' id='word_1_370' title='bbox 2925 905 2983 956; x_wconf 91' lang='grc' dir='ltr'><strong>ἐν</strong></span> <span class='ocrx_word' id='word_1_371' title='bbox 3014 904 3153 973; x_wconf 69' lang='grc' dir='ltr'>αὑτῇ</span> <span class='ocrx_word' id='word_1_372' title='bbox 3192 895 3604 971; x_wconf 69' lang='grc' dir='ltr'>κρυπτομένους</span> 
     </span>
    </p>
   </div>
   <div class='ocr_carea' id='block_1_53' title="bbox 2025 985 3603 1074">
    <p class='ocr_par' dir='ltr' id='par_1_53' title="bbox 2025 985 3603 1074">
     <span class='ocr_line' id='line_1_53' title="bbox 2025 985 3603 1074; baseline -0.01 -21"><span class='ocrx_word' id='word_1_373' title='bbox 2025 1002 2315 1074; x_wconf 79' lang='grc' dir='ltr'>λογισμοὺς</span> <span class='ocrx_word' id='word_1_374' title='bbox 2344 999 2775 1067; x_wconf 85' lang='grc' dir='ltr'>ἀνακαλύπτετε,</span> <span class='ocrx_word' id='word_1_375' title='bbox 2805 997 2881 1061; x_wconf 85' lang='grc' dir='ltr'>ὡς</span> <span class='ocrx_word' id='word_1_376' title='bbox 2908 993 2974 1049; x_wconf 80' lang='grc' dir='ltr'><strong>ἂν</strong></span> <span class='ocrx_word' id='word_1_377' title='bbox 3007 993 3151 1066; x_wconf 85' lang='grc' dir='ltr'>μόνῳ</span> <span class='ocrx_word' id='word_1_378' title='bbox 3176 988 3367 1059; x_wconf 86' lang='grc' dir='ltr'>ἀγαθῷ</span> <span class='ocrx_word' id='word_1_379' title='bbox 3388 987 3484 1040; x_wconf 69' lang='grc' dir='ltr'>καὶ</span> <span class='ocrx_word' id='word_1_380' title='bbox 3515 985 3603 1039; x_wconf 82' lang='grc' dir='ltr'>δυ-</span> 
     </span>
    </p>
   </div>
   <div class='ocr_carea' id='block_1_54' title="bbox 2025 1084 3387 1169">
    <p class='ocr_par' dir='ltr' id='par_1_54' title="bbox 2025 1084 3387 1169">
     <span class='ocr_line' id='line_1_54' title="bbox 2025 1084 3387 1169; baseline -0.012 -18"><span class='ocrx_word' id='word_1_381' title='bbox 2025 1097 2171 1169; x_wconf 84' lang='grc' dir='ltr'>νατῷ</span> <span class='ocrx_word' id='word_1_382' title='bbox 2195 1096 2263 1151; x_wconf 78' lang='grc' dir='ltr'>τὰ</span> <span class='ocrx_word' id='word_1_383' title='bbox 2283 1096 2461 1151; x_wconf 89' lang='grc' dir='ltr'>πάντα</span> <span class='ocrx_word' id='word_1_384' title='bbox 2491 1093 2673 1148; x_wconf 76' lang='grc' dir='ltr'>ἰᾶσθαι</span> <span class='ocrx_word' id='word_1_385' title='bbox 2701 1090 2927 1154; x_wconf 76' lang='grc' dir='ltr'>ἑαυτοὺς</span> <span class='ocrx_word' id='word_1_386' title='bbox 2949 1084 3387 1160; x_wconf 88' lang='grc' dir='ltr'>ἐμπιστεύοντες.</span> 
     </span>
    </p>
   </div>
   <div class='ocr_carea' id='block_1_55' title="bbox 2100 1191 3605 1283">
    <p class='ocr_par' dir='ltr' id='par_1_55' title="bbox 2100 1191 3605 1283">
     <span class='ocr_line' id='line_1_55' title="bbox 2100 1191 3605 1283; baseline -0.011 -20"><span class='ocrx_word' id='word_1_387' title='bbox 2100 1231 2119 1263; x_wconf 80' lang='grc' dir='ltr'><strong>ι</strong></span> <span class='ocrx_word' id='word_1_388' title='bbox 2160 1211 2305 1283; x_wconf 83' lang='grc' dir='ltr'>Πλὴν</span> <span class='ocrx_word' id='word_1_389' title='bbox 2344 1210 2564 1281; x_wconf 78' lang='grc' dir='ltr'>μάταιοι</span> <span class='ocrx_word' id='word_1_390' title='bbox 2593 1208 2643 1260; x_wconf 80' lang='grc' dir='ltr'>οἱ</span> <span class='ocrx_word' id='word_1_391' title='bbox 2677 1205 2783 1259; x_wconf 78' lang='grc' dir='ltr'><strong>υἱοῖ¹</strong></span> <span class='ocrx_word' id='word_1_392' title='bbox 2815 1203 2923 1257; x_wconf 86' lang='grc' dir='ltr'>τῶν</span> <span class='ocrx_word' id='word_1_393' title='bbox 2952 1198 3275 1271; x_wconf 80' lang='grc' dir='ltr'>ἀνθρώπων,</span> <span class='ocrx_word' id='word_1_394' title='bbox 3307 1194 3522 1266; x_wconf 74' lang='grc' dir='ltr'>ψευδεῖς</span> <span class='ocrx_word' id='word_1_395' title='bbox 3552 1191 3605 1247; x_wconf 64' lang='grc' dir='ltr'>οἱ</span> 
     </span>
    </p>
   </div>
   <div class='ocr_carea' id='block_1_56' title="bbox 2025 1287 3605 1374">
    <p class='ocr_par' dir='ltr' id='par_1_56' title="bbox 2025 1287 3605 1374">
     <span class='ocr_line' id='line_1_56' title="bbox 2025 1287 3605 1374; baseline -0.013 -17"><span class='ocrx_word' id='word_1_396' title='bbox 2025 1304 2132 1357; x_wconf 70' lang='lat' dir='ltr'><strong>uini.</strong></span> <span class='ocrx_word' id='word_1_397' title='bbox 2170 1303 2278 1357; x_wconf 83' lang='grc' dir='ltr'><strong>τῶν</strong></span> <span class='ocrx_word' id='word_1_398' title='bbox 2308 1299 2611 1374; x_wconf 86' lang='grc' dir='ltr'>ἀνθρώπων</span> <span class='ocrx_word' id='word_1_399' title='bbox 2647 1301 2705 1352; x_wconf 87' lang='grc' dir='ltr'><strong>ἐν</strong></span> <span class='ocrx_word' id='word_1_400' title='bbox 2740 1296 2910 1370; x_wconf 82' lang='grc' dir='ltr'>ζυγῷ,</span> <span class='ocrx_word' id='word_1_401' title='bbox 2945 1294 3037 1348; x_wconf 90' lang='grc' dir='ltr'><strong>τοῦ</strong></span> <span class='ocrx_word' id='word_1_402' title='bbox 3069 1292 3325 1358; x_wconf 79' lang='grc' dir='ltr'>ἀδικῆσαι</span> <span class='ocrx_word' id='word_1_403' title='bbox 3354 1287 3508 1344; x_wconf 76' lang='grc' dir='ltr'>αὐτοὶ</span> <span class='ocrx_word' id='word_1_404' title='bbox 3539 1287 3605 1338; x_wconf 81' lang='grc' dir='ltr'><strong>ἐκ</strong></span> 
     </span>
    </p>
   </div>
   <div class='ocr_carea' id='block_1_57' title="bbox 2029 1379 3603 1466">
    <p class='ocr_par' dir='ltr' id='par_1_57' title="bbox 2029 1379 3603 1466">
     <span class='ocr_line' id='line_1_57' title="bbox 2029 1379 3603 1466; baseline -0.012 -17"><span class='ocrx_word' id='word_1_405' title='bbox 2029 1394 2386 1466; x_wconf 81' lang='grc' dir='ltr'>ματαιότητος</span> <span class='ocrx_word' id='word_1_406' title='bbox 2417 1393 2509 1446; x_wconf 79' lang='grc' dir='ltr'><strong>ἐπὶ</strong></span> <span class='ocrx_word' id='word_1_407' title='bbox 2551 1391 2613 1444; x_wconf 86' lang='grc' dir='ltr'>τὸ</span> <span class='ocrx_word' id='word_1_408' title='bbox 2656 1390 2806 1444; x_wconf 89' lang='grc' dir='ltr'>αύτό.</span> <span class='ocrx_word' id='word_1_409' title='bbox 2842 1408 2860 1441; x_wconf 72' lang='grc' dir='ltr'><strong>ι</strong></span> <span class='ocrx_word' id='word_1_410' title='bbox 2906 1388 3018 1441; x_wconf 67' lang='grc' dir='ltr'>Καὶ</span> <span class='ocrx_word' id='word_1_411' title='bbox 3051 1387 3108 1438; x_wconf 88' lang='grc' dir='ltr'><strong>ἐν</strong></span> <span class='ocrx_word' id='word_1_412' title='bbox 3138 1383 3216 1455; x_wconf 78' lang='grc' dir='ltr'>τῷ</span> <span class='ocrx_word' id='word_1_413' title='bbox 3252 1382 3333 1455; x_wconf 85' lang='grc' dir='ltr'>λη’</span> <span class='ocrx_word' id='word_1_414' title='bbox 3364 1379 3603 1448; x_wconf 75' lang='grc' dir='ltr'><strong>ἐλέγετο·</strong></span> 
     </span>
    </p>
   </div>
   <div class='ocr_carea' id='block_1_58' title="bbox 2031 1470 3601 1556">
    <p class='ocr_par' dir='ltr' id='par_1_58' title="bbox 2031 1470 3601 1556">
     <span class='ocr_line' id='line_1_58' title="bbox 2031 1470 3601 1556; baseline -0.008 -21"><span class='ocrx_word' id='word_1_415' title='bbox 2031 1502 2049 1535; x_wconf 82' lang='grc' dir='ltr'><strong>ι</strong></span> <span class='ocrx_word' id='word_1_416' title='bbox 2081 1485 2227 1556; x_wconf 85' lang='grc' dir='ltr'>Πλὴν</span> <span class='ocrx_word' id='word_1_417' title='bbox 2254 1485 2322 1538; x_wconf 68' lang='grc' dir='ltr'>τὰ</span> <span class='ocrx_word' id='word_1_418' title='bbox 2350 1483 2637 1554; x_wconf 85' lang='grc' dir='ltr'>σύμπαντα</span> <span class='ocrx_word' id='word_1_419' title='bbox 2663 1480 2979 1553; x_wconf 83' lang='grc' dir='ltr'>ματαιότης,</span> <span class='ocrx_word' id='word_1_420' title='bbox 2999 1479 3105 1540; x_wconf 83' lang='grc' dir='ltr'>πᾶς</span> <span class='ocrx_word' id='word_1_421' title='bbox 3124 1475 3409 1547; x_wconf 80' lang='grc' dir='ltr'>ἄνθρωπος</span> <span class='ocrx_word' id='word_1_422' title='bbox 3429 1470 3557 1536; x_wconf 85' lang='grc' dir='ltr'>ζῶν.</span> <span class='ocrx_word' id='word_1_423' title='bbox 3581 1490 3601 1522; x_wconf 74' lang='grc' dir='ltr'><strong>ι</strong></span> 
     </span>
    </p>
   </div>
   <div class='ocr_carea' id='block_1_59' title="bbox 2024 1562 3608 1646">
    <p class='ocr_par' dir='ltr' id='par_1_59' title="bbox 2024 1562 3608 1646">
     <span class='ocr_line' id='line_1_59' title="bbox 2024 1562 3608 1646; baseline -0.011 -14"><span class='ocrx_word' id='word_1_424' title='bbox 2024 1579 2134 1632; x_wconf 74' lang='grc' dir='ltr'><strong>Καὶ</strong></span> <span class='ocrx_word' id='word_1_425' title='bbox 2165 1577 2346 1631; x_wconf 88' lang='grc' dir='ltr'>πάλιν·</span> <span class='ocrx_word' id='word_1_426' title='bbox 2387 1595 2405 1628; x_wconf 84' lang='grc' dir='ltr'><strong>ι</strong></span> <span class='ocrx_word' id='word_1_427' title='bbox 2430 1575 2579 1646; x_wconf 84' lang='grc' dir='ltr'>Πλὴν</span> <span class='ocrx_word' id='word_1_428' title='bbox 2609 1574 2784 1646; x_wconf 85' lang='grc' dir='ltr'>μάτην</span> <span class='ocrx_word' id='word_1_429' title='bbox 2806 1571 3188 1643; x_wconf 81' lang='grc' dir='ltr'>ταράσσονται·</span> <span class='ocrx_word' id='word_1_430' title='bbox 3214 1586 3232 1618; x_wconf 72' lang='grc' dir='ltr'><strong>ι</strong></span> <span class='ocrx_word' id='word_1_431' title='bbox 3266 1566 3379 1630; x_wconf 70' lang='grc' dir='ltr'>καὶ,</span> <span class='ocrx_word' id='word_1_432' title='bbox 3413 1583 3431 1615; x_wconf 83' lang='grc' dir='ltr'><strong>ι</strong></span> <span class='ocrx_word' id='word_1_433' title='bbox 3465 1562 3608 1618; x_wconf 87' lang='grc' dir='ltr'>Μέν-</span> 
     </span>
    </p>
   </div>
   <div class='ocr_carea' id='block_1_60' title="bbox 2025 1652 3609 1739">
    <p class='ocr_par' dir='ltr' id='par_1_60' title="bbox 2025 1652 3609 1739">
     <span class='ocr_line' id='line_1_60' title="bbox 2025 1652 3609 1739; baseline -0.008 -16"><span class='ocrx_word' id='word_1_434' title='bbox 2025 1686 2173 1739; x_wconf 88' lang='grc' dir='ltr'>τοιγε</span> <span class='ocrx_word' id='word_1_435' title='bbox 2206 1671 2265 1721; x_wconf 91' lang='grc' dir='ltr'><strong>ἐν</strong></span> <span class='ocrx_word' id='word_1_436' title='bbox 2297 1667 2465 1721; x_wconf 78' lang='grc' dir='ltr'>εἰκόνι</span> <span class='ocrx_word' id='word_1_437' title='bbox 2492 1666 2872 1737; x_wconf 82' lang='grc' dir='ltr'>διαπορεύεται</span> <span class='ocrx_word' id='word_1_438' title='bbox 2896 1660 3208 1733; x_wconf 70' lang='grc' dir='ltr'><strong>⁴όινθριυπος.</strong></span> <span class='ocrx_word' id='word_1_439' title='bbox 3254 1678 3272 1710; x_wconf 86' lang='grc'>›</span> <span class='ocrx_word' id='word_1_440' title='bbox 3310 1652 3609 1739; x_wconf 76' lang='grc' dir='ltr'>Κάνταῦθα</span> 
     </span>
    </p>
   </div>
   <div class='ocr_carea' id='block_1_61' title="bbox 2028 1736 3608 1830">
    <p class='ocr_par' dir='ltr' id='par_1_61' title="bbox 2028 1736 3608 1830">
     <span class='ocr_line' id='line_1_61' title="bbox 2028 1736 3608 1830; baseline -0.008 -17"><span class='ocrx_word' id='word_1_441' title='bbox 2028 1736 2334 1830; x_wconf 69' lang='grc' dir='ltr'>συμφώνως</span> <span class='ocrx_word' id='word_1_442' title='bbox 2380 1756 2608 1817; x_wconf 89' lang='grc' dir='ltr'>ἐκείνοις</span> <span class='ocrx_word' id='word_1_443' title='bbox 2649 1736 2896 1807; x_wconf 85' lang='grc' dir='ltr'>λέλεκται</span> <span class='ocrx_word' id='word_1_444' title='bbox 2939 1749 3009 1803; x_wconf 82' lang='grc' dir='ltr'>τὰ</span> <span class='ocrx_word' id='word_1_445' title='bbox 3043 1747 3400 1821; x_wconf 81' lang='grc' dir='ltr'>προκείμενα·</span> <span class='ocrx_word' id='word_1_446' title='bbox 3434 1744 3502 1798; x_wconf 75' lang='grc' dir='ltr'>δι’</span> <span class='ocrx_word' id='word_1_447' title='bbox 3532 1736 3608 1800; x_wconf 79' lang='grc' dir='ltr'>ὧν</span> 
     </span>
    </p>
   </div>
   <div class='ocr_carea' id='block_1_62' title="bbox 2027 1837 3611 1921">
    <p class='ocr_par' dir='ltr' id='par_1_62' title="bbox 2027 1837 3611 1921">
     <span class='ocr_line' id='line_1_62' title="bbox 2027 1837 3611 1921; baseline -0.011 -17"><span class='ocrx_word' id='word_1_448' title='bbox 2027 1847 2391 1921; x_wconf 83' lang='grc' dir='ltr'>διδασκόμεθα</span> <span class='ocrx_word' id='word_1_449' title='bbox 2424 1847 2516 1900; x_wconf 81' lang='grc' dir='ltr'><strong>ἐπὶ</strong></span> <span class='ocrx_word' id='word_1_450' title='bbox 2548 1847 2706 1919; x_wconf 89' lang='grc' dir='ltr'>μόνον</span> <span class='ocrx_word' id='word_1_451' title='bbox 2734 1844 2827 1899; x_wconf 84' lang='grc' dir='ltr'><strong>τὸν</strong></span> <span class='ocrx_word' id='word_1_452' title='bbox 2857 1842 3087 1913; x_wconf 84' lang='grc' dir='ltr'>Σωτῆρα</span> <span class='ocrx_word' id='word_1_453' title='bbox 3128 1837 3389 1902; x_wconf 87' lang='grc' dir='ltr'>ἐλπίζειν,</span> <span class='ocrx_word' id='word_1_454' title='bbox 3417 1837 3611 1891; x_wconf 68' lang='grc' dir='ltr'>κάκεῖς-</span> 
     </span>
    </p>
   </div>
   <div class='ocr_carea' id='block_1_63' title="bbox 2030 1922 3609 2013">
    <p class='ocr_par' dir='ltr' id='par_1_63' title="bbox 2030 1922 3609 2013">
     <span class='ocr_line' id='line_1_63' title="bbox 2030 1922 3609 2013; baseline -0.012 -16"><span class='ocrx_word' id='word_1_455' title='bbox 2030 1960 2119 1997; x_wconf 90' lang='grc' dir='ltr'><strong>νον</strong></span> <span class='ocrx_word' id='word_1_456' title='bbox 2153 1941 2345 2013; x_wconf 81' lang='grc' dir='ltr'>βοηθὸν</span> <span class='ocrx_word' id='word_1_457' title='bbox 2378 1936 2796 2010; x_wconf 82' lang='grc' dir='ltr'>ἐπιγράφεσθαι·</span> <span class='ocrx_word' id='word_1_458' title='bbox 2831 1932 3018 2004; x_wconf 82' lang='grc' dir='ltr'>ἐπειδὴ</span> <span class='ocrx_word' id='word_1_459' title='bbox 3053 1933 3252 1993; x_wconf 89' lang='grc' dir='ltr'>πάντες</span> <span class='ocrx_word' id='word_1_460' title='bbox 3280 1931 3327 1982; x_wconf 88' lang='grc' dir='ltr'><strong>οί</strong></span> <span class='ocrx_word' id='word_1_461' title='bbox 3356 1922 3469 1980; x_wconf 25' lang='grc' dir='ltr'>Ἰυίοὶ</span> <span class='ocrx_word' id='word_1_462' title='bbox 3502 1925 3609 1979; x_wconf 81' lang='grc' dir='ltr'><strong>τῶν</strong></span> 
     </span>
    </p>
   </div>
   <div class='ocr_carea' id='block_1_64' title="bbox 2030 2015 3611 2107">
    <p class='ocr_par' dir='ltr' id='par_1_64' title="bbox 2030 2015 3611 2107">
     <span class='ocr_line' id='line_1_64' title="bbox 2030 2015 3611 2107; baseline -0.011 -18"><span class='ocrx_word' id='word_1_463' title='bbox 2030 2032 2353 2107; x_wconf 85' lang='grc' dir='ltr'>ἀνθρώπων,</span> <span class='ocrx_word' id='word_1_464' title='bbox 2402 2031 2506 2085; x_wconf 73' lang='grc' dir='ltr'><strong>κᾶν</strong></span> <span class='ocrx_word' id='word_1_465' title='bbox 2553 2029 2811 2101; x_wconf 80' lang='grc' dir='ltr'>ἄρχοντες</span> <span class='ocrx_word' id='word_1_466' title='bbox 2857 2020 2996 2078; x_wconf 76' lang='grc' dir='ltr'>εἶναι</span> <span class='ocrx_word' id='word_1_467' title='bbox 3038 2022 3264 2084; x_wconf 86' lang='grc' dir='ltr'>δοκοῖεν,</span> <span class='ocrx_word' id='word_1_468' title='bbox 3303 2018 3405 2072; x_wconf 78' lang='grc' dir='ltr'><strong>κᾶν</strong></span> <span class='ocrx_word' id='word_1_469' title='bbox 3440 2015 3611 2071; x_wconf 80' lang='grc' dir='ltr'>πολλὰ</span> 
     </span>
    </p>
   </div>
   <div class='ocr_carea' id='block_1_65' title="bbox 2029 2110 3613 2197">
    <p class='ocr_par' dir='ltr' id='par_1_65' title="bbox 2029 2110 3613 2197">
     <span class='ocr_line' id='line_1_65' title="bbox 2029 2110 3613 2197; baseline -0.013 -15"><span class='ocrx_word' id='word_1_470' title='bbox 2029 2127 2316 2197; x_wconf 86' lang='grc' dir='ltr'>δυνάμενοι</span> <span class='ocrx_word' id='word_1_471' title='bbox 2349 2121 2492 2178; x_wconf 89' lang='grc' dir='ltr'><strong>κατά</strong></span> <span class='ocrx_word' id='word_1_472' title='bbox 2514 2121 2607 2176; x_wconf 78' lang='grc' dir='ltr'><strong>τὸν</strong></span> <span class='ocrx_word' id='word_1_473' title='bbox 2643 2120 2780 2192; x_wconf 86' lang='grc' dir='ltr'>βίον,</span> <span class='ocrx_word' id='word_1_474' title='bbox 2823 2118 3060 2189; x_wconf 84' lang='grc' dir='ltr'>μάταιοι·</span> <span class='ocrx_word' id='word_1_475' title='bbox 3095 2114 3127 2186; x_wconf 80' lang='grc' dir='ltr'>ἢ</span> <span class='ocrx_word' id='word_1_476' title='bbox 3161 2112 3304 2167; x_wconf 87' lang='grc' dir='ltr'><strong>κατά</strong></span> <span class='ocrx_word' id='word_1_477' title='bbox 3336 2112 3427 2165; x_wconf 82' lang='grc' dir='ltr'><strong>τὸν</strong></span> <span class='ocrx_word' id='word_1_478' title='bbox 3461 2110 3613 2181; x_wconf 81' lang='grc' dir='ltr'>Σύμ-</span> 
     </span>
    </p>
   </div>
   <div class='ocr_carea' id='block_1_66' title="bbox 2035 2200 3608 2289">
    <p class='ocr_par' dir='ltr' id='par_1_66' title="bbox 2035 2200 3608 2289">
     <span class='ocr_line' id='line_1_66' title="bbox 2035 2200 3608 2289; baseline -0.011 -18"><span class='ocrx_word' id='word_1_479' title='bbox 2035 2234 2227 2289; x_wconf 89' lang='grc' dir='ltr'>μαχον,</span> <span class='ocrx_word' id='word_1_480' title='bbox 2265 2237 2283 2267; x_wconf 83' lang='grc' dir='ltr'><strong>ι</strong></span> <span class='ocrx_word' id='word_1_481' title='bbox 2312 2214 2505 2287; x_wconf 77' lang='grc' dir='ltr'>ἀτμὸς,</span> <span class='ocrx_word' id='word_1_482' title='bbox 2540 2233 2558 2265; x_wconf 71' lang='grc' dir='ltr'><strong>ι</strong></span> <span class='ocrx_word' id='word_1_483' title='bbox 2592 2212 2709 2283; x_wconf 84' lang='grc' dir='ltr'>μετ’</span> <span class='ocrx_word' id='word_1_484' title='bbox 2732 2209 2911 2278; x_wconf 83' lang='grc' dir='ltr'>ὀλίγον</span> <span class='ocrx_word' id='word_1_485' title='bbox 2942 2208 3189 2277; x_wconf 76' lang='grc' dir='ltr'>ἐσόμενοι</span> <span class='ocrx_word' id='word_1_486' title='bbox 3222 2223 3240 2253; x_wconf 74' lang='grc' dir='ltr'><strong>ο</strong></span> <span class='ocrx_word' id='word_1_487' title='bbox 3275 2203 3406 2257; x_wconf 78' lang='grc' dir='ltr'>ὡσεὶ</span> <span class='ocrx_word' id='word_1_488' title='bbox 3428 2200 3608 2274; x_wconf 87' lang='grc' dir='ltr'>χνοῦς,</span> 
     </span>
    </p>
   </div>
   <div class='ocr_carea' id='block_1_67' title="bbox 2030 2294 3609 2381">
    <p class='ocr_par' dir='ltr' id='par_1_67' title="bbox 2030 2294 3609 2381">
     <span class='ocr_line' id='line_1_67' title="bbox 2030 2294 3609 2381; baseline -0.012 -15"><span class='ocrx_word' id='word_1_489' title='bbox 2030 2313 2089 2366; x_wconf 84' lang='grc' dir='ltr'>ὃν</span> <span class='ocrx_word' id='word_1_490' title='bbox 2123 2308 2373 2381; x_wconf 88' lang='grc' dir='ltr'>ἐκρίπτει</span> <span class='ocrx_word' id='word_1_491' title='bbox 2413 2305 2612 2376; x_wconf 77' lang='grc' dir='ltr'>ἄνεμος</span> <span class='ocrx_word' id='word_1_492' title='bbox 2647 2301 2754 2356; x_wconf 86' lang='grc' dir='ltr'><strong>ἀπὸ</strong></span> <span class='ocrx_word' id='word_1_493' title='bbox 2795 2298 3091 2372; x_wconf 82' lang='grc' dir='ltr'>προσώπου</span> <span class='ocrx_word' id='word_1_494' title='bbox 3136 2296 3237 2367; x_wconf 77' lang='grc' dir='ltr'>τῆς</span> <span class='ocrx_word' id='word_1_495' title='bbox 3268 2295 3389 2366; x_wconf 76' lang='grc' dir='ltr'>γῆς.</span> <span class='ocrx_word' id='word_1_496' title='bbox 3424 2312 3442 2345; x_wconf 73' lang='grc' dir='ltr'><strong>ι</strong></span> <span class='ocrx_word' id='word_1_497' title='bbox 3493 2294 3609 2348; x_wconf 85' lang='grc' dir='ltr'><strong>Ἐν-</strong></span> 
     </span>
    </p>
   </div>
   <div class='ocr_carea' id='block_1_68' title="bbox 2030 2381 3608 2465">
    <p class='ocr_par' dir='ltr' id='par_1_68' title="bbox 2030 2381 3608 2465">
     <span class='ocr_line' id='line_1_68' title="bbox 2030 2381 3608 2465; baseline -0.014 -10"><span class='ocrx_word' id='word_1_498' title='bbox 2030 2399 2221 2454; x_wconf 88' lang='grc' dir='ltr'>τεῦθεν</span> <span class='ocrx_word' id='word_1_499' title='bbox 2249 2400 2279 2453; x_wconf 86' lang='grc' dir='ltr'><strong>ό</strong></span> <span class='ocrx_word' id='word_1_500' title='bbox 2312 2394 2564 2465; x_wconf 84' lang='grc' dir='ltr'>Σολομὼν</span> <span class='ocrx_word' id='word_1_501' title='bbox 2593 2389 2897 2461; x_wconf 75' lang='grc' dir='ltr'>ὠφεληθεὶς</span> <span class='ocrx_word' id='word_1_502' title='bbox 2920 2388 3012 2441; x_wconf 86' lang='grc' dir='ltr'><strong>τὸν</strong></span> <span class='ocrx_word' id='word_1_503' title='bbox 3046 2386 3279 2458; x_wconf 85' lang='grc' dir='ltr'>πατέρα,</span> <span class='ocrx_word' id='word_1_504' title='bbox 3316 2403 3334 2435; x_wconf 80' lang='grc' dir='ltr'><strong>ι</strong></span> <span class='ocrx_word' id='word_1_505' title='bbox 3366 2381 3608 2437; x_wconf 88' lang='grc' dir='ltr'>Ματαιό-</span> 
     </span>
    </p>
   </div>
   <div class='ocr_carea' id='block_1_69' title="bbox 2031 2476 3613 2563">
    <p class='ocr_par' dir='ltr' id='par_1_69' title="bbox 2031 2476 3613 2563">
     <span class='ocr_line' id='line_1_69' title="bbox 2031 2476 3613 2563; baseline -0.011 -18"><span class='ocrx_word' id='word_1_506' title='bbox 2031 2509 2130 2563; x_wconf 85' lang='grc' dir='ltr'><strong>της</strong></span> <span class='ocrx_word' id='word_1_507' title='bbox 2166 2489 2564 2561; x_wconf 81' lang='grc' dir='ltr'>ματαιοτήτων,</span> <span class='ocrx_word' id='word_1_508' title='bbox 2612 2482 2681 2537; x_wconf 79' lang='grc' dir='ltr'>τὰ</span> <span class='ocrx_word' id='word_1_509' title='bbox 2728 2481 2906 2535; x_wconf 89' lang='grc' dir='ltr'>πάντα</span> <span class='ocrx_word' id='word_1_510' title='bbox 2954 2479 3274 2552; x_wconf 85' lang='grc' dir='ltr'>ματαιότης,</span> <span class='ocrx_word' id='word_1_511' title='bbox 3312 2496 3331 2527; x_wconf 76' lang='grc' dir='ltr'><strong>ι</strong></span> <span class='ocrx_word' id='word_1_512' title='bbox 3373 2477 3466 2529; x_wconf 70' lang='grc' dir='ltr'><strong>καὶ</strong></span> <span class='ocrx_word' id='word_1_513' title='bbox 3508 2476 3613 2529; x_wconf 76' lang='grc' dir='ltr'>ὅσα</span> 
     </span>
    </p>
   </div>
   <div class='ocr_carea' id='block_1_70' title="bbox 2029 2569 3616 2652">
    <p class='ocr_par' dir='ltr' id='par_1_70' title="bbox 2029 2569 3616 2652">
     <span class='ocr_line' id='line_1_70' title="bbox 2029 2569 3616 2652; baseline -0.009 -17"><span class='ocrx_word' id='word_1_514' title='bbox 2029 2582 2252 2636; x_wconf 83' lang='grc' dir='ltr'>τοιαῦτα</span> <span class='ocrx_word' id='word_1_515' title='bbox 2285 2580 2510 2652; x_wconf 78' lang='grc' dir='ltr'>ἔγραφε.</span> <span class='ocrx_word' id='word_1_516' title='bbox 2542 2576 2775 2638; x_wconf 75' lang='grc' dir='ltr'>Ψευδεῖς</span> <span class='ocrx_word' id='word_1_517' title='bbox 2799 2574 2856 2627; x_wconf 84' lang='grc' dir='ltr'><strong>δέ</strong></span> <span class='ocrx_word' id='word_1_518' title='bbox 2893 2574 2999 2626; x_wconf 80' lang='grc' dir='ltr'>εἰσι</span> <span class='ocrx_word' id='word_1_519' title='bbox 3032 2571 3173 2626; x_wconf 83' lang='grc' dir='ltr'>κατὰ</span> <span class='ocrx_word' id='word_1_520' title='bbox 3194 2571 3286 2625; x_wconf 91' lang='grc' dir='ltr'><strong>δύο</strong></span> <span class='ocrx_word' id='word_1_521' title='bbox 3306 2571 3538 2642; x_wconf 87' lang='grc' dir='ltr'>τρόπους</span> <span class='ocrx_word' id='word_1_522' title='bbox 3562 2569 3616 2621; x_wconf 76' lang='lat' dir='ltr'><strong>ol‘</strong></span> 
     </span>
    </p>
   </div>
   <div class='ocr_carea' id='block_1_71' title="bbox 2030 2660 3614 2743">
    <p class='ocr_par' dir='ltr' id='par_1_71' title="bbox 2030 2660 3614 2743">
     <span class='ocr_line' id='line_1_71' title="bbox 2030 2660 3614 2743; baseline -0.009 -15"><span class='ocrx_word' id='word_1_523' title='bbox 2030 2674 2137 2727; x_wconf 77' lang='grc' dir='ltr'>υἱοὶ</span> <span class='ocrx_word' id='word_1_524' title='bbox 2165 2673 2273 2727; x_wconf 83' lang='grc' dir='ltr'><strong>τῶν</strong></span> <span class='ocrx_word' id='word_1_525' title='bbox 2303 2670 2625 2743; x_wconf 81' lang='grc' dir='ltr'>ἀνθρώπων’</span> <span class='ocrx_word' id='word_1_526' title='bbox 2648 2666 2771 2722; x_wconf 89' lang='grc' dir='ltr'>καθ’</span> <span class='ocrx_word' id='word_1_527' title='bbox 2797 2667 2893 2719; x_wconf 72' lang='grc' dir='ltr'>ἕνα</span> <span class='ocrx_word' id='word_1_528' title='bbox 2922 2665 3019 2737; x_wconf 85' lang='grc' dir='ltr'><strong>μέν</strong></span> <span class='ocrx_word' id='word_1_529' title='bbox 3041 2660 3492 2734; x_wconf 68' lang='grc' dir='ltr'>ψευδολογοῦντες</span> <span class='ocrx_word' id='word_1_530' title='bbox 3519 2660 3614 2714; x_wconf 59' lang='grc' dir='ltr'><strong>καὶ⁸</strong></span> 
     </span>
    </p>
   </div>
   <div class='ocr_carea' id='block_1_72' title="bbox 2033 2755 3616 2841">
    <p class='ocr_par' dir='ltr' id='par_1_72' title="bbox 2033 2755 3616 2841">
     <span class='ocr_line' id='line_1_72' title="bbox 2033 2755 3616 2841; baseline -0.009 -19"><span class='ocrx_word' id='word_1_531' title='bbox 2033 2766 2253 2841; x_wconf 78' lang='grc' dir='ltr'>μακρὰν</span> <span class='ocrx_word' id='word_1_532' title='bbox 2295 2765 2397 2837; x_wconf 83' lang='grc' dir='ltr'>τῆς</span> <span class='ocrx_word' id='word_1_533' title='bbox 2437 2762 2693 2836; x_wconf 79' lang='grc' dir='ltr'>ἀληθείας</span> <span class='ocrx_word' id='word_1_534' title='bbox 2740 2759 3165 2833; x_wconf 73' lang='grc' dir='ltr'>ἀπερριμμένοι·</span> <span class='ocrx_word' id='word_1_535' title='bbox 3207 2755 3350 2811; x_wconf 89' lang='grc' dir='ltr'><strong>κατὰ</strong></span> <span class='ocrx_word' id='word_1_536' title='bbox 3388 2755 3616 2826; x_wconf 83' lang='grc' dir='ltr'>θάτερον</span> 
     </span>
    </p>
   </div>
   <div class='ocr_carea' id='block_1_73' title="bbox 2029 2845 3616 2926">
    <p class='ocr_par' dir='ltr' id='par_1_73' title="bbox 2029 2845 3616 2926">
     <span class='ocr_line' id='line_1_73' title="bbox 2029 2845 3616 2926; baseline -0.009 -13"><span class='ocrx_word' id='word_1_537' title='bbox 2029 2860 2086 2913; x_wconf 82' lang='grc' dir='ltr'><strong>δέ</strong></span> <span class='ocrx_word' id='word_1_538' title='bbox 2111 2857 2348 2921; x_wconf 78' lang='grc' dir='ltr'>ἀπάταις</span> <span class='ocrx_word' id='word_1_539' title='bbox 2375 2857 2470 2911; x_wconf 72' lang='grc' dir='ltr'><strong>καὶ</strong></span> <span class='ocrx_word' id='word_1_540' title='bbox 2502 2853 2877 2926; x_wconf 72' lang='grc' dir='ltr'>ψευδολογίαις</span> <span class='ocrx_word' id='word_1_541' title='bbox 2903 2849 3214 2913; x_wconf 85' lang='grc' dir='ltr'>πλανῶντες</span> <span class='ocrx_word' id='word_1_542' title='bbox 3235 2849 3363 2913; x_wconf 84' lang='grc' dir='ltr'>τοὺς</span> <span class='ocrx_word' id='word_1_543' title='bbox 3393 2845 3616 2900; x_wconf 82' lang='grc' dir='ltr'>πιστεύ-</span> 
     </span>
    </p>
   </div>
   <div class='ocr_carea' id='block_1_74' title="bbox 2028 2940 3621 3019">
    <p class='ocr_par' dir='ltr' id='par_1_74' title="bbox 2028 2940 3621 3019">
     <span class='ocr_line' id='line_1_74' title="bbox 2028 2940 3621 3019; baseline -0.009 -13"><span class='ocrx_word' id='word_1_544' title='bbox 2028 2969 2188 3017; x_wconf 88' lang='grc' dir='ltr'>οντας</span> <span class='ocrx_word' id='word_1_545' title='bbox 2222 2952 2425 3014; x_wconf 75' lang='grc' dir='ltr'>αὐτοῖς.</span> <span class='ocrx_word' id='word_1_546' title='bbox 2457 2949 2550 3002; x_wconf 76' lang='grc' dir='ltr'><strong>Διὸ</strong></span> <span class='ocrx_word' id='word_1_547' title='bbox 2574 2948 2635 3000; x_wconf 81' lang='grc' dir='ltr'><strong>οὐ</strong></span> <span class='ocrx_word' id='word_1_548' title='bbox 2661 2948 2927 3019; x_wconf 84' lang='grc' dir='ltr'>προσήκει</span> <span class='ocrx_word' id='word_1_549' title='bbox 2955 2946 3065 3007; x_wconf 91' lang='grc' dir='ltr'>τοῖς</span> <span class='ocrx_word' id='word_1_550' title='bbox 3088 2940 3352 3003; x_wconf 83' lang='grc' dir='ltr'>τοιούτοις</span> <span class='ocrx_word' id='word_1_551' title='bbox 3386 2940 3621 3004; x_wconf 79' lang='grc' dir='ltr'>ἑαυτοὺς</span> 
     </span>
    </p>
   </div>
   <div class='ocr_carea' id='block_1_75' title="bbox 2029 3033 3619 3113">
    <p class='ocr_par' dir='ltr' id='par_1_75' title="bbox 2029 3033 3619 3113">
     <span class='ocr_line' id='line_1_75' title="bbox 2029 3033 3619 3113; baseline -0.009 -14"><span class='ocrx_word' id='word_1_552' title='bbox 2029 3045 2314 3099; x_wconf 88' lang='grc' dir='ltr'>ἐκδιδόναι·</span> <span class='ocrx_word' id='word_1_553' title='bbox 2355 3040 2647 3113; x_wconf 76' lang='grc' dir='ltr'>ψεύδεσθαι</span> <span class='ocrx_word' id='word_1_554' title='bbox 2677 3040 2787 3109; x_wconf 75' lang='grc' dir='ltr'><strong>γὰρ</strong></span> <span class='ocrx_word' id='word_1_555' title='bbox 2821 3036 3063 3101; x_wconf 74' lang='grc' dir='ltr'>εἰώθασι,</span> <span class='ocrx_word' id='word_1_556' title='bbox 3106 3034 3200 3088; x_wconf 77' lang='grc' dir='ltr'><strong>καὶ</strong></span> <span class='ocrx_word' id='word_1_557' title='bbox 3242 3034 3343 3088; x_wconf 82' lang='grc' dir='ltr'><strong>οὐκ</strong></span> <span class='ocrx_word' id='word_1_558' title='bbox 3377 3033 3525 3087; x_wconf 81' lang='grc' dir='ltr'>ἐστιν</span> <span class='ocrx_word' id='word_1_559' title='bbox 3555 3035 3619 3086; x_wconf 79' lang='grc' dir='ltr'><strong>ἐν</strong></span> 
     </span>
    </p>
   </div>
   <div class='ocr_carea' id='block_1_76' title="bbox 2031 3122 3615 3207">
    <p class='ocr_par' dir='ltr' id='par_1_76' title="bbox 2031 3122 3615 3207">
     <span class='ocr_line' id='line_1_76' title="bbox 2031 3122 3615 3207; baseline -0.008 -17"><span class='ocrx_word' id='word_1_560' title='bbox 2031 3137 2218 3199; x_wconf 80' lang='grc' dir='ltr'>αὐτοῖς</span> <span class='ocrx_word' id='word_1_561' title='bbox 2263 3134 2512 3207; x_wconf 86' lang='grc' dir='ltr'>ἀλήθεια·</span> <span class='ocrx_word' id='word_1_562' title='bbox 2560 3131 2698 3187; x_wconf 78' lang='grc' dir='ltr'>ἀλλὰ</span> <span class='ocrx_word' id='word_1_563' title='bbox 2743 3131 2837 3184; x_wconf 69' lang='grc' dir='ltr'>καὶ</span> <span class='ocrx_word' id='word_1_564' title='bbox 2881 3129 3035 3197; x_wconf 78' lang='grc' dir='ltr'>ζυγοὶ</span> <span class='ocrx_word' id='word_1_565' title='bbox 3078 3126 3178 3197; x_wconf 78' lang='grc' dir='ltr'>τῆς</span> <span class='ocrx_word' id='word_1_566' title='bbox 3217 3125 3399 3179; x_wconf 80' lang='grc' dir='ltr'>αὐτῶν</span> <span class='ocrx_word' id='word_1_567' title='bbox 3434 3122 3615 3196; x_wconf 76' lang='grc' dir='ltr'>ψυχῆς</span> 
     </span>
    </p>
   </div>
   <div class='ocr_carea' id='block_1_77' title="bbox 2031 3215 3608 3295">
    <p class='ocr_par' dir='ltr' id='par_1_77' title="bbox 2031 3215 3608 3295">
     <span class='ocr_line' id='line_1_77' title="bbox 2031 3215 3608 3295; baseline -0.01 -13"><span class='ocrx_word' id='word_1_568' title='bbox 2031 3227 2183 3282; x_wconf 77' lang='grc' dir='ltr'>οὐδὲν</span> <span class='ocrx_word' id='word_1_569' title='bbox 2211 3227 2419 3281; x_wconf 90' lang='grc' dir='ltr'>δίκαιον</span> <span class='ocrx_word' id='word_1_570' title='bbox 2445 3224 2565 3278; x_wconf 89' lang='grc' dir='ltr'><strong>ούδέ</strong></span> <span class='ocrx_word' id='word_1_571' title='bbox 2597 3224 2886 3295; x_wconf 74' lang='grc' dir='ltr'>ἰσόρροπον</span> <span class='ocrx_word' id='word_1_572' title='bbox 2928 3219 3294 3292; x_wconf 70' lang='grc' dir='ltr'>περιέχουσιν*</span> <span class='ocrx_word' id='word_1_573' title='bbox 3337 3215 3608 3287; x_wconf 77' lang='grc' dir='ltr'>ἑτεροκλι-</span> 
     </span>
    </p>
   </div>
   <div class='ocr_carea' id='block_1_78' title="bbox 2031 3305 3607 3384">
    <p class='ocr_par' dir='ltr' id='par_1_78' title="bbox 2031 3305 3607 3384">
     <span class='ocr_line' id='line_1_78' title="bbox 2031 3305 3607 3384; baseline -0.01 -11"><span class='ocrx_word' id='word_1_574' title='bbox 2031 3321 2141 3384; x_wconf 88' lang='grc' dir='ltr'>νεῖς</span> <span class='ocrx_word' id='word_1_575' title='bbox 2172 3317 2229 3372; x_wconf 89' lang='grc' dir='ltr'><strong>δέ</strong></span> <span class='ocrx_word' id='word_1_576' title='bbox 2248 3317 2421 3381; x_wconf 75' lang='grc' dir='ltr'>ὄντες,</span> <span class='ocrx_word' id='word_1_577' title='bbox 2447 3314 2705 3370; x_wconf 83' lang='grc' dir='ltr'>τάναντία</span> <span class='ocrx_word' id='word_1_578' title='bbox 2724 3312 2801 3384; x_wconf 83' lang='grc' dir='ltr'><strong>τῷ</strong></span> <span class='ocrx_word' id='word_1_579' title='bbox 2821 3311 3012 3383; x_wconf 86' lang='grc' dir='ltr'>δικαίῳ</span> <span class='ocrx_word' id='word_1_580' title='bbox 3042 3310 3361 3383; x_wconf 81' lang='grc' dir='ltr'>πράττουσι.</span> <span class='ocrx_word' id='word_1_581' title='bbox 3391 3305 3607 3368; x_wconf 84' lang='grc' dir='ltr'>Τούτοις</span> 
     </span>
    </p>
   </div>
   <div class='ocr_carea' id='block_1_79' title="bbox 2029 3400 3611 3474">
    <p class='ocr_par' dir='ltr' id='par_1_79' title="bbox 2029 3400 3611 3474">
     <span class='ocr_line' id='line_1_79' title="bbox 2029 3400 3611 3474; baseline -0.009 -11"><span class='ocrx_word' id='word_1_582' title='bbox 2029 3405 2123 3463; x_wconf 75' lang='grc' dir='ltr'><strong>οὖν</strong></span> <span class='ocrx_word' id='word_1_583' title='bbox 2166 3411 2280 3472; x_wconf 84' lang='grc' dir='ltr'>τοῖς</span> <span class='ocrx_word' id='word_1_584' title='bbox 2326 3407 2535 3470; x_wconf 85' lang='grc' dir='ltr'>ἀδίκοις</span> <span class='ocrx_word' id='word_1_585' title='bbox 2564 3403 2742 3460; x_wconf 79' lang='grc' dir='ltr'>αὐτῶν</span> <span class='ocrx_word' id='word_1_586' title='bbox 2770 3403 2953 3473; x_wconf 85' lang='grc' dir='ltr'>ζυγοῖς</span> <span class='ocrx_word' id='word_1_587' title='bbox 2981 3402 3079 3474; x_wconf 80' lang='grc' dir='ltr'>τὴν</span> <span class='ocrx_word' id='word_1_588' title='bbox 3111 3400 3444 3472; x_wconf 87' lang='grc' dir='ltr'>ματαιότητα</span> <span class='ocrx_word' id='word_1_589' title='bbox 3462 3413 3611 3468; x_wconf 85' lang='grc' dir='ltr'>περι-</span> 
     </span>
    </p>
   </div>
   <div class='ocr_carea' id='block_1_80' title="bbox 2032 3494 3619 3573">
    <p class='ocr_par' dir='ltr' id='par_1_80' title="bbox 2032 3494 3619 3573">
     <span class='ocr_line' id='line_1_80' title="bbox 2032 3494 3619 3573; baseline -0.008 -17"><span class='ocrx_word' id='word_1_590' title='bbox 2032 3502 2244 3567; x_wconf 88' lang='grc' dir='ltr'>έπουσι,</span> <span class='ocrx_word' id='word_1_591' title='bbox 2274 3500 2374 3573; x_wconf 81' lang='grc' dir='ltr'>τὴν</span> <span class='ocrx_word' id='word_1_592' title='bbox 2405 3498 2660 3571; x_wconf 81' lang='grc' dir='ltr'>ἀλήθειαν</span> <span class='ocrx_word' id='word_1_593' title='bbox 2698 3497 2791 3551; x_wconf 75' lang='grc' dir='ltr'><strong>καὶ</strong></span> <span class='ocrx_word' id='word_1_594' title='bbox 2826 3496 2918 3550; x_wconf 85' lang='grc' dir='ltr'><strong>τὸν</strong></span> <span class='ocrx_word' id='word_1_595' title='bbox 2957 3494 3159 3566; x_wconf 86' lang='grc' dir='ltr'>ταύτης</span> <span class='ocrx_word' id='word_1_596' title='bbox 3185 3494 3318 3548; x_wconf 79' lang='grc' dir='ltr'>Θεὸν</span> <span class='ocrx_word' id='word_1_597' title='bbox 3346 3495 3619 3563; x_wconf 78' lang='grc' dir='ltr'>ἀποστρε-</span> 
     </span>
    </p>
   </div>
   <div class='ocr_carea' id='block_1_81' title="bbox 2037 3585 3617 3666">
    <p class='ocr_par' dir='ltr' id='par_1_81' title="bbox 2037 3585 3617 3666">
     <span class='ocr_line' id='line_1_81' title="bbox 2037 3585 3617 3666; baseline -0.008 -18"><span class='ocrx_word' id='word_1_598' title='bbox 2037 3595 2279 3666; x_wconf 76' lang='grc' dir='ltr'>φόμενοι·</span> <span class='ocrx_word' id='word_1_599' title='bbox 2312 3592 2394 3646; x_wconf 78' lang='grc' dir='ltr'><strong>διὸ</strong></span> <span class='ocrx_word' id='word_1_600' title='bbox 2421 3591 2481 3644; x_wconf 87' lang='grc' dir='ltr'><strong>ού</strong></span> <span class='ocrx_word' id='word_1_601' title='bbox 2517 3591 2785 3662; x_wconf 84' lang='grc' dir='ltr'>προσήκει</span> <span class='ocrx_word' id='word_1_602' title='bbox 2823 3588 3005 3652; x_wconf 81' lang='grc' dir='ltr'>αὐτοῖς</span> <span class='ocrx_word' id='word_1_603' title='bbox 3038 3586 3410 3659; x_wconf 86' lang='grc' dir='ltr'>ἐμπιστεύειν·</span> <span class='ocrx_word' id='word_1_604' title='bbox 3452 3585 3617 3657; x_wconf 88' lang='grc' dir='ltr'>μόνον.</span> 
     </span>
    </p>
   </div>
   <div class='ocr_carea' id='block_1_82' title="bbox 2029 3678 3433 3759">
    <p class='ocr_par' dir='ltr' id='par_1_82' title="bbox 2029 3678 3433 3759">
     <span class='ocr_line' id='line_1_82' title="bbox 2029 3678 3433 3759; baseline -0.005 -19"><span class='ocrx_word' id='word_1_605' title='bbox 2029 3686 2088 3740; x_wconf 80' lang='grc' dir='ltr'>δὲ</span> <span class='ocrx_word' id='word_1_606' title='bbox 2117 3686 2209 3741; x_wconf 79' lang='grc' dir='ltr'><strong>τὸν</strong></span> <span class='ocrx_word' id='word_1_607' title='bbox 2236 3684 2494 3759; x_wconf 82' lang='grc' dir='ltr'>λεχθέντα</span> <span class='ocrx_word' id='word_1_608' title='bbox 2525 3682 2756 3754; x_wconf 77' lang='grc' dir='ltr'>Σωτῆρα</span> <span class='ocrx_word' id='word_1_609' title='bbox 2789 3680 2979 3753; x_wconf 83' lang='grc' dir='ltr'>βοηθὸν</span> <span class='ocrx_word' id='word_1_610' title='bbox 3012 3678 3433 3751; x_wconf 82' lang='grc' dir='ltr'>ἐπιγράφεσθαι.</span> 
     </span>
    </p>
   </div>
   <div class='ocr_carea' id='block_1_83' title="bbox 2107 3788 3619 3870">
    <p class='ocr_par' dir='ltr' id='par_1_83' title="bbox 2107 3788 3619 3870">
     <span class='ocr_line' id='line_1_83' title="bbox 2107 3788 3619 3870; baseline -0.005 -19"><span class='ocrx_word' id='word_1_611' title='bbox 2107 3817 2125 3851; x_wconf 82' lang='grc' dir='ltr'><strong>ι</strong></span> <span class='ocrx_word' id='word_1_612' title='bbox 2156 3797 2250 3870; x_wconf 83' lang='grc' dir='ltr'><strong>Μὴ</strong></span> <span class='ocrx_word' id='word_1_613' title='bbox 2292 3794 2543 3861; x_wconf 76' lang='grc' dir='ltr'>ἐλπίζετε</span> <span class='ocrx_word' id='word_1_614' title='bbox 2588 3796 2681 3848; x_wconf 76' lang='grc' dir='ltr'><strong>ἐπὶ</strong></span> <span class='ocrx_word' id='word_1_615' title='bbox 2721 3793 2957 3858; x_wconf 86' lang='grc' dir='ltr'>ἀδικίαν,</span> <span class='ocrx_word' id='word_1_616' title='bbox 2997 3794 3092 3847; x_wconf 75' lang='grc' dir='ltr'><strong>καὶ</strong></span> <span class='ocrx_word' id='word_1_617' title='bbox 3119 3792 3214 3845; x_wconf 73' lang='grc' dir='ltr'><strong>ἐπὶ</strong></span> <span class='ocrx_word' id='word_1_618' title='bbox 3241 3792 3513 3863; x_wconf 79' lang='grc' dir='ltr'>ἅρπαγμα</span> <span class='ocrx_word' id='word_1_619' title='bbox 3538 3788 3619 3865; x_wconf 72' lang='grc' dir='ltr'><strong>μη</strong></span> 
     </span>
    </p>
   </div>
   <div class='ocr_carea' id='block_1_84' title="bbox 2030 3881 3617 3957">
    <p class='ocr_par' dir='ltr' id='par_1_84' title="bbox 2030 3881 3617 3957">
     <span class='ocr_line' id='line_1_84' title="bbox 2030 3881 3617 3957; baseline -0.008 -13"><span class='ocrx_word' id='word_1_620' title='bbox 2030 3889 2374 3944; x_wconf 87' lang='grc' dir='ltr'>ἐπιποθεῖτε·</span> <span class='ocrx_word' id='word_1_621' title='bbox 2416 3884 2644 3949; x_wconf 85' lang='grc' dir='ltr'>πλοῦτος</span> <span class='ocrx_word' id='word_1_622' title='bbox 2677 3884 2772 3938; x_wconf 84' lang='grc' dir='ltr'>ἐὰν</span> <span class='ocrx_word' id='word_1_623' title='bbox 2806 3883 2926 3957; x_wconf 73' lang='grc' dir='ltr'>ῥέῃ,</span> <span class='ocrx_word' id='word_1_624' title='bbox 2970 3883 3046 3955; x_wconf 89' lang='grc' dir='ltr'>μὴ</span> <span class='ocrx_word' id='word_1_625' title='bbox 3083 3881 3440 3952; x_wconf 87' lang='grc' dir='ltr'>προστίθεσθε</span> <span class='ocrx_word' id='word_1_626' title='bbox 3479 3896 3617 3951; x_wconf 85' lang='grc' dir='ltr'>καρ-</span> 
     </span>
    </p>
   </div>
   <div class='ocr_carea' id='block_1_85' title="bbox 2031 3972 3613 4051">
    <p class='ocr_par' dir='ltr' id='par_1_85' title="bbox 2031 3972 3613 4051">
     <span class='ocr_line' id='line_1_85' title="bbox 2031 3972 3613 4051; baseline -0.008 -15"><span class='ocrx_word' id='word_1_627' title='bbox 2031 3981 2141 4050; x_wconf 77' lang='grc' dir='ltr'>δίᾳ.</span> <span class='ocrx_word' id='word_1_628' title='bbox 2186 4001 2207 4035; x_wconf 73' lang='grc' dir='ltr'><strong>ι</strong></span> <span class='ocrx_word' id='word_1_629' title='bbox 2260 3980 2373 4035; x_wconf 75' lang='grc' dir='ltr'><strong>Καὶ</strong></span> <span class='ocrx_word' id='word_1_630' title='bbox 2417 3981 2474 4033; x_wconf 90' lang='grc' dir='ltr'><strong>ἐν</strong></span> <span class='ocrx_word' id='word_1_631' title='bbox 2523 3977 2603 4051; x_wconf 79' lang='grc' dir='ltr'>τῷ</span> <span class='ocrx_word' id='word_1_632' title='bbox 2650 3977 2732 4049; x_wconf 88' lang='grc' dir='ltr'>λη’</span> <span class='ocrx_word' id='word_1_633' title='bbox 2784 3974 3059 4046; x_wconf 85' lang='grc' dir='ltr'>συγγενῶς</span> <span class='ocrx_word' id='word_1_634' title='bbox 3106 3974 3316 4038; x_wconf 90' lang='grc' dir='ltr'>τούτοις</span> <span class='ocrx_word' id='word_1_635' title='bbox 3371 3972 3613 4044; x_wconf 81' lang='grc' dir='ltr'>ἐλέγετο·</span> 
     </span>
    </p>
   </div>
   <div class='ocr_carea' id='block_1_86' title="bbox 2038 4064 3616 4143">
    <p class='ocr_par' dir='ltr' id='par_1_86' title="bbox 2038 4064 3616 4143">
     <span class='ocr_line' id='line_1_86' title="bbox 2038 4064 3616 4143; baseline -0.004 -19"><span class='ocrx_word' id='word_1_636' title='bbox 2038 4090 2056 4124; x_wconf 83' lang='grc' dir='ltr'><strong>ι</strong></span> <span class='ocrx_word' id='word_1_637' title='bbox 2094 4070 2241 4143; x_wconf 84' lang='grc' dir='ltr'>Πλὴν</span> <span class='ocrx_word' id='word_1_638' title='bbox 2276 4071 2453 4143; x_wconf 87' lang='grc' dir='ltr'>μάτην</span> <span class='ocrx_word' id='word_1_639' title='bbox 2485 4068 2871 4143; x_wconf 88' lang='grc' dir='ltr'>ταράσσονται.</span> <span class='ocrx_word' id='word_1_640' title='bbox 2909 4065 3264 4138; x_wconf 84' lang='grc' dir='ltr'>Θησαυρίζει,</span> <span class='ocrx_word' id='word_1_641' title='bbox 3308 4064 3401 4119; x_wconf 78' lang='grc' dir='ltr'>καὶ</span> <span class='ocrx_word' id='word_1_642' title='bbox 3433 4064 3495 4118; x_wconf 77' lang='grc' dir='ltr'><strong>ού</strong></span> <span class='ocrx_word' id='word_1_643' title='bbox 3523 4081 3616 4134; x_wconf 87' lang='grc' dir='ltr'>γι-</span> 
     </span>
    </p>
   </div>
   <div class='ocr_carea' id='block_1_87' title="bbox 2031 4157 3616 4231">
    <p class='ocr_par' dir='ltr' id='par_1_87' title="bbox 2031 4157 3616 4231">
     <span class='ocr_line' id='line_1_87' title="bbox 2031 4157 3616 4231; baseline -0.004 -13"><span class='ocrx_word' id='word_1_644' title='bbox 2031 4163 2230 4218; x_wconf 87' lang='grc' dir='ltr'>νώσκει</span> <span class='ocrx_word' id='word_1_645' title='bbox 2254 4163 2363 4219; x_wconf 91' lang='grc' dir='ltr'>τίνι</span> <span class='ocrx_word' id='word_1_646' title='bbox 2392 4161 2607 4231; x_wconf 77' lang='grc' dir='ltr'>συνάξει</span> <span class='ocrx_word' id='word_1_647' title='bbox 2641 4159 2799 4217; x_wconf 81' lang='grc' dir='ltr'>αὑτά.</span> <span class='ocrx_word' id='word_1_648' title='bbox 2831 4180 2850 4212; x_wconf 73' lang='grc' dir='ltr'><strong>ι</strong></span> <span class='ocrx_word' id='word_1_649' title='bbox 2898 4159 3052 4214; x_wconf 72' lang='grc' dir='ltr'>Ἐπεὶ</span> <span class='ocrx_word' id='word_1_650' title='bbox 3084 4158 3263 4213; x_wconf 89' lang='grc' dir='ltr'>τοίνυν</span> <span class='ocrx_word' id='word_1_651' title='bbox 3292 4161 3320 4213; x_wconf 88' lang='grc' dir='ltr'><strong>ό</strong></span> <span class='ocrx_word' id='word_1_652' title='bbox 3348 4157 3616 4231; x_wconf 87' lang='grc' dir='ltr'>θησαυρί-</span> 
     </span>
    </p>
   </div>
   <div class='ocr_carea' id='block_1_88' title="bbox 2032 4250 3617 4326">
    <p class='ocr_par' dir='ltr' id='par_1_88' title="bbox 2032 4250 3617 4326">
     <span class='ocr_line' id='line_1_88' title="bbox 2032 4250 3617 4326; baseline -0.004 -17"><span class='ocrx_word' id='word_1_653' title='bbox 2032 4254 2264 4322; x_wconf 63' lang='grc' dir='ltr'>ζωνίέπὶ</span> <span class='ocrx_word' id='word_1_654' title='bbox 2303 4255 2405 4326; x_wconf 83' lang='grc' dir='ltr'>τῆς</span> <span class='ocrx_word' id='word_1_655' title='bbox 2440 4254 2567 4325; x_wconf 80' lang='grc' dir='ltr'>γῆς,</span> <span class='ocrx_word' id='word_1_656' title='bbox 2607 4254 2702 4307; x_wconf 74' lang='grc' dir='ltr'><strong>καὶ</strong></span> <span class='ocrx_word' id='word_1_657' title='bbox 2737 4252 2905 4306; x_wconf 81' lang='grc' dir='ltr'>πολλά</span> <span class='ocrx_word' id='word_1_658' title='bbox 2935 4250 3194 4324; x_wconf 79' lang='grc' dir='ltr'>χρήματα.</span> <span class='ocrx_word' id='word_1_659' title='bbox 3224 4251 3491 4320; x_wconf 80' lang='grc' dir='ltr'>συνάγων,</span> <span class='ocrx_word' id='word_1_660' title='bbox 3533 4251 3617 4317; x_wconf 83' lang='grc' dir='ltr'><strong>είς</strong></span> 
     </span>
    </p>
   </div>
   <div class='ocr_carea' id='block_1_89' title="bbox 2036 4342 3615 4420">
    <p class='ocr_par' dir='ltr' id='par_1_89' title="bbox 2036 4342 3615 4420">
     <span class='ocr_line' id='line_1_89' title="bbox 2036 4342 3615 4420; baseline -0.003 -19"><span class='ocrx_word' id='word_1_661' title='bbox 2036 4347 2264 4420; x_wconf 90' lang='grc' dir='ltr'>μάταιον</span> <span class='ocrx_word' id='word_1_662' title='bbox 2298 4347 2541 4415; x_wconf 85' lang='grc' dir='ltr'>συνάγει·</span> <span class='ocrx_word' id='word_1_663' title='bbox 2576 4343 2699 4398; x_wconf 76' lang='grc' dir='ltr'>οὔτε</span> <span class='ocrx_word' id='word_1_664' title='bbox 2729 4343 2839 4417; x_wconf 89' lang='grc' dir='ltr'><strong>γάρ</strong></span> <span class='ocrx_word' id='word_1_665' title='bbox 2879 4343 2937 4411; x_wconf 79' lang='grc' dir='ltr'><strong>ἐξ</strong></span> <span class='ocrx_word' id='word_1_666' title='bbox 2976 4343 3213 4407; x_wconf 76' lang='grc' dir='ltr'>ἅπαντος</span> <span class='ocrx_word' id='word_1_667' title='bbox 3248 4342 3411 4407; x_wconf 73' lang='grc' dir='ltr'>αὐτὸς</span> <span class='ocrx_word' id='word_1_668' title='bbox 3436 4342 3615 4397; x_wconf 82' lang='grc' dir='ltr'>αὐτῶν</span> 
     </span>
    </p>
   </div>
   <div class='ocr_carea' id='block_1_90' title="bbox 2033 4422 3613 4511">
    <p class='ocr_par' dir='ltr' id='par_1_90' title="bbox 2033 4422 3613 4511">
     <span class='ocr_line' id='line_1_90' title="bbox 2033 4422 3613 4511; baseline -0.003 -18"><span class='ocrx_word' id='word_1_669' title='bbox 2033 4438 2352 4505; x_wconf 84' lang='grc' dir='ltr'>ἀπολαύσει,</span> <span class='ocrx_word' id='word_1_670' title='bbox 2389 4436 2644 4511; x_wconf 81' lang='grc' dir='ltr'>πταρμοῦ</span> <span class='ocrx_word' id='word_1_671' title='bbox 2681 4436 2867 4508; x_wconf 85' lang='grc' dir='ltr'>τάχιον</span> <span class='ocrx_word' id='word_1_672' title='bbox 2895 4436 2990 4492; x_wconf 86' lang='grc' dir='ltr'><strong>τοῦ</strong></span> <span class='ocrx_word' id='word_1_673' title='bbox 3036 4422 3179 4508; x_wconf 62' lang='grc' dir='ltr'>βίου’</span> <span class='ocrx_word' id='word_1_674' title='bbox 3201 4435 3613 4507; x_wconf 82' lang='grc' dir='ltr'>μεθιστάμενος,</span> 
     </span>
    </p>
   </div>
   <div class='ocr_carea' id='block_1_91' title="bbox 350 4517 1927 4603">
    <p class='ocr_par' dir='ltr' id='par_1_91' title="bbox 350 4517 1927 4585">
     <span class='ocr_line' id='line_1_91' title="bbox 350 4517 1927 4585; baseline 0.001 -14"><span class='ocrx_word' id='word_1_675' title='bbox 350 4522 791 4573; x_wconf 83' lang='lat' dir='ltr'><strong>sternutamento</strong></span> <span class='ocrx_word' id='word_1_676' title='bbox 842 4517 1015 4574; x_wconf 90' lang='lat' dir='ltr'><strong>citius</strong></span> <span class='ocrx_word' id='word_1_677' title='bbox 1061 4534 1127 4574; x_wconf 82' lang='lat' dir='ltr'><strong>ex</strong></span> <span class='ocrx_word' id='word_1_678' title='bbox 1177 4517 1282 4574; x_wconf 89' lang='lat' dir='ltr'><strong>hac</strong></span> <span class='ocrx_word' id='word_1_679' title='bbox 1328 4519 1439 4574; x_wconf 88' lang='lat' dir='ltr'><strong>vita</strong></span> <span class='ocrx_word' id='word_1_680' title='bbox 1473 4518 1803 4576; x_wconf 83' lang='lat' dir='ltr'><strong>auferendus</strong></span> <span class='ocrx_word' id='word_1_681' title='bbox 1832 4522 1927 4585; x_wconf 82' lang='lat' dir='ltr'><strong>sit,</strong></span> 
     </span>
    </p>
   </div>
   <div class='ocr_carea' id='block_1_92' title="bbox 2030 4517 3616 4603">
    <p class='ocr_par' dir='ltr' id='par_1_92' title="bbox 2032 4528 3616 4603">
     <span class='ocr_line' id='line_1_92' title="bbox 2032 4528 3616 4603; baseline -0.002 -19"><span class='ocrx_word' id='word_1_682' title='bbox 2032 4530 2158 4586; x_wconf 76' lang='grc' dir='ltr'>οὔτε</span> <span class='ocrx_word' id='word_1_683' title='bbox 2189 4533 2372 4587; x_wconf 86' lang='grc' dir='ltr'>ὁποῖον</span> <span class='ocrx_word' id='word_1_684' title='bbox 2406 4529 2517 4597; x_wconf 81' lang='grc' dir='ltr'>’ἐξει</span> <span class='ocrx_word' id='word_1_685' title='bbox 2547 4529 2791 4603; x_wconf 85' lang='grc' dir='ltr'>διάδοχον</span> <span class='ocrx_word' id='word_1_686' title='bbox 2822 4529 3067 4601; x_wconf 76' lang='grc' dir='ltr'>ἀκριεῶς</span> <span class='ocrx_word' id='word_1_687' title='bbox 3098 4528 3408 4582; x_wconf 86' lang='grc' dir='ltr'>πέπεισται·</span> <span class='ocrx_word' id='word_1_688' title='bbox 3442 4528 3495 4582; x_wconf 90' lang='grc' dir='ltr'><strong>τί</strong></span> <span class='ocrx_word' id='word_1_689' title='bbox 3523 4528 3616 4582; x_wconf 77' lang='grc' dir='ltr'><strong>καὶ</strong></span> 
     </span>
    </p>
   </div>
   <div class='ocr_carea' id='block_1_93' title="bbox 350 4608 1929 4684">
    <p class='ocr_par' dir='ltr' id='par_1_93' title="bbox 350 4608 1929 4684">
     <span class='ocr_line' id='line_1_93' title="bbox 350 4608 1929 4684; baseline 0.006 -25"><span class='ocrx_word' id='word_1_690' title='bbox 350 4621 530 4677; x_wconf 92' lang='lat' dir='ltr'><strong>neque</strong></span> <span class='ocrx_word' id='word_1_691' title='bbox 560 4608 733 4680; x_wconf 89' lang='lat' dir='ltr'><strong>probe</strong></span> <span class='ocrx_word' id='word_1_692' title='bbox 763 4610 901 4665; x_wconf 89' lang='lat' dir='ltr'><strong>sciat</strong></span> <span class='ocrx_word' id='word_1_693' title='bbox 924 4610 1017 4681; x_wconf 91' lang='lat' dir='ltr'><strong>qui</strong></span> <span class='ocrx_word' id='word_1_694' title='bbox 1051 4611 1155 4682; x_wconf 90' lang='lat' dir='ltr'><strong>ipsi</strong></span> <span class='ocrx_word' id='word_1_695' title='bbox 1199 4611 1375 4668; x_wconf 59' lang='lat' dir='ltr'><strong>hatres</strong></span> <span class='ocrx_word' id='word_1_696' title='bbox 1404 4611 1622 4667; x_wconf 79' lang='lat' dir='ltr'><strong>iuturus</strong></span> <span class='ocrx_word' id='word_1_697' title='bbox 1649 4612 1721 4668; x_wconf 93' lang='lat' dir='ltr'><strong>sit</strong></span> <span class='ocrx_word' id='word_1_698' title='bbox 1747 4630 1762 4669; x_wconf 93' lang='lat'><strong>:</strong></span> <span class='ocrx_word' id='word_1_699' title='bbox 1795 4611 1929 4684; x_wconf 90' lang='lat' dir='ltr'><strong>quid</strong></span> 
     </span>
    </p>
   </div>
   <div class='ocr_carea' id='block_1_94' title="bbox 346 4702 1926 4776">
    <p class='ocr_par' dir='ltr' id='par_1_94' title="bbox 346 4702 1926 4776">
     <span class='ocr_line' id='line_1_94' title="bbox 346 4702 1926 4776; baseline 0.006 -26"><span class='ocrx_word' id='word_1_700' title='bbox 346 4711 490 4753; x_wconf 88' lang='lat' dir='ltr'><strong>vane</strong></span> <span class='ocrx_word' id='word_1_701' title='bbox 520 4702 886 4758; x_wconf 87' lang='lat' dir='ltr'><strong>conturbatur</strong></span> <span class='ocrx_word' id='word_1_702' title='bbox 920 4703 944 4758; x_wconf 70' lang='grc' dir='ltr'><strong><em>Ἰ</em></strong></span> <span class='ocrx_word' id='word_1_703' title='bbox 975 4702 1128 4759; x_wconf 84' lang='lat' dir='ltr'><strong>Multi</strong></span> <span class='ocrx_word' id='word_1_704' title='bbox 1151 4703 1358 4776; x_wconf 89' lang='lat' dir='ltr'><strong>itaque,</strong></span> <span class='ocrx_word' id='word_1_705' title='bbox 1382 4706 1496 4761; x_wconf 86' lang='lat' dir='ltr'><strong>sive</strong></span> <span class='ocrx_word' id='word_1_706' title='bbox 1521 4705 1926 4776; x_wconf 90' lang='lat' dir='ltr'><strong>propemodum</strong></span> 
     </span>
    </p>
   </div>
   <div class='ocr_carea' id='block_1_95' title="bbox 348 4794 1929 4869">
    <p class='ocr_par' dir='ltr' id='par_1_95' title="bbox 348 4794 1929 4869">
     <span class='ocr_line' id='line_1_95' title="bbox 348 4794 1929 4869; baseline 0.008 -27"><span class='ocrx_word' id='word_1_707' title='bbox 348 4805 564 4856; x_wconf 83' lang='lat' dir='ltr'><strong>omnes,</strong></span> <span class='ocrx_word' id='word_1_708' title='bbox 594 4809 718 4850; x_wconf 82' lang='lat' dir='ltr'><strong>sese</strong></span> <span class='ocrx_word' id='word_1_709' title='bbox 745 4794 1104 4869; x_wconf 83' lang='lat' dir='ltr'><strong>deceperunt,</strong></span> <span class='ocrx_word' id='word_1_710' title='bbox 1142 4812 1267 4853; x_wconf 91' lang='lat' dir='ltr'><strong>cum</strong></span> <span class='ocrx_word' id='word_1_711' title='bbox 1303 4797 1431 4855; x_wconf 82' lang='lat' dir='ltr'><strong>ﬁliis</strong></span> <span class='ocrx_word' id='word_1_712' title='bbox 1482 4806 1539 4853; x_wconf 89' lang='lat' dir='ltr'><strong>et</strong></span> <span class='ocrx_word' id='word_1_713' title='bbox 1579 4797 1929 4855; x_wconf 83' lang='lat' dir='ltr'><strong>charioribus</strong></span> 
     </span>
    </p>
   </div>
   <div class='ocr_carea' id='block_1_96' title="bbox 322 4874 1928 4962">
    <p class='ocr_par' dir='ltr' id='par_1_96' title="bbox 322 4874 1928 4962">
     <span class='ocr_line' id='line_1_96' title="bbox 322 4874 1928 4962; baseline 0.012 -32"><span class='ocrx_word' id='word_1_714' title='bbox 322 4874 548 4936; x_wconf 64' lang='lat' dir='ltr'><strong>‘amicis</strong></span> <span class='ocrx_word' id='word_1_715' title='bbox 581 4899 640 4939; x_wconf 91' lang='lat' dir='ltr'><strong>se</strong></span> <span class='ocrx_word' id='word_1_716' title='bbox 669 4884 894 4944; x_wconf 88' lang='lat' dir='ltr'><strong>divitias</strong></span> <span class='ocrx_word' id='word_1_717' title='bbox 940 4889 1238 4947; x_wconf 89' lang='lat' dir='ltr'><strong>relicturos</strong></span> <span class='ocrx_word' id='word_1_718' title='bbox 1277 4898 1602 4962; x_wconf 86' lang='lat' dir='ltr'><strong>sperarent;</strong></span> <span class='ocrx_word' id='word_1_719' title='bbox 1637 4889 1735 4945; x_wconf 89' lang='lat' dir='ltr'><strong>sed</strong></span> <span class='ocrx_word' id='word_1_720' title='bbox 1780 4888 1928 4960; x_wconf 87' lang='lat' dir='ltr'><strong>quod</strong></span> 
     </span>
    </p>
   </div>
   <div class='ocr_carea' id='block_1_97' title="bbox 351 4968 1927 5053">
    <p class='ocr_par' dir='ltr' id='par_1_97' title="bbox 351 4968 1927 5053">
     <span class='ocr_line' id='line_1_97' title="bbox 351 4968 1927 5053; baseline 0.012 -30"><span class='ocrx_word' id='word_1_721' title='bbox 351 4968 601 5027; x_wconf 83' lang='lat' dir='ltr'><strong>futurum</strong></span> <span class='ocrx_word' id='word_1_722' title='bbox 632 4983 780 5031; x_wconf 88' lang='lat' dir='ltr'><strong>esset</strong></span> <span class='ocrx_word' id='word_1_723' title='bbox 806 4976 1157 5050; x_wconf 79' lang='lat' dir='ltr'><strong>ignorabant,</strong></span> <span class='ocrx_word' id='word_1_724' title='bbox 1185 4981 1627 5053; x_wconf 85' lang='lat' dir='ltr'><strong>aberrabantque</strong></span> <span class='ocrx_word' id='word_1_725' title='bbox 1657 4996 1688 5036; x_wconf 92' lang='lat' dir='ltr'><strong>a</strong></span> <span class='ocrx_word' id='word_1_726' title='bbox 1736 4995 1927 5051; x_wconf 81' lang='lat' dir='ltr'><strong>scopo.</strong></span> 
     </span>
    </p>
   </div>
   <div class='ocr_carea' id='block_1_98' title="bbox 348 5058 1929 5137">
    <p class='ocr_par' dir='ltr' id='par_1_98' title="bbox 348 5058 1929 5137">
     <span class='ocr_line' id='line_1_98' title="bbox 348 5058 1929 5137; baseline 0.007 -22"><span class='ocrx_word' id='word_1_727' title='bbox 348 5058 388 5116; x_wconf 80' lang='lat' dir='ltr'><strong>li</strong></span> <span class='ocrx_word' id='word_1_728' title='bbox 414 5061 661 5133; x_wconf 79' lang='lat' dir='ltr'><strong>profecto</strong></span> <span class='ocrx_word' id='word_1_729' title='bbox 680 5081 821 5124; x_wconf 90' lang='lat' dir='ltr'><strong>vane</strong></span> <span class='ocrx_word' id='word_1_730' title='bbox 853 5070 1149 5127; x_wconf 87' lang='lat' dir='ltr'><strong>turbantur</strong></span> <span class='ocrx_word' id='word_1_731' title='bbox 1170 5072 1302 5130; x_wconf 86' lang='lat' dir='ltr'><strong>dum</strong></span> <span class='ocrx_word' id='word_1_732' title='bbox 1338 5060 1630 5129; x_wconf 81' lang='lat' dir='ltr'><strong>thesauros</strong></span> <span class='ocrx_word' id='word_1_733' title='bbox 1658 5072 1929 5137; x_wconf 90' lang='lat' dir='ltr'><strong>condunt,</strong></span> 
     </span>
    </p>
   </div>
   <div class='ocr_carea' id='block_1_99' title="bbox 347 5154 1933 5237">
    <p class='ocr_par' dir='ltr' id='par_1_99' title="bbox 347 5154 1933 5237">
     <span class='ocr_line' id='line_1_99' title="bbox 347 5154 1933 5237; baseline 0.007 -27"><span class='ocrx_word' id='word_1_734' title='bbox 347 5154 670 5228; x_wconf 79' lang='lat' dir='ltr'><strong>ignorantes</strong></span> <span class='ocrx_word' id='word_1_735' title='bbox 716 5163 844 5233; x_wconf 89' lang='lat' dir='ltr'><strong>quis</strong></span> <span class='ocrx_word' id='word_1_736' title='bbox 879 5166 1238 5237; x_wconf 86' lang='lat' dir='ltr'><strong>congregabit</strong></span> <span class='ocrx_word' id='word_1_737' title='bbox 1282 5182 1402 5225; x_wconf 89' lang='lat' dir='ltr'><strong>eos.</strong></span> <span class='ocrx_word' id='word_1_738' title='bbox 1446 5165 1628 5234; x_wconf 86' lang='lat' dir='ltr'><strong>Quare</strong></span> <span class='ocrx_word' id='word_1_739' title='bbox 1672 5166 1933 5222; x_wconf 85' lang='lat' dir='ltr'><strong>convenit</strong></span> 
     </span>
    </p>
   </div>
   <div class='ocr_carea' id='block_1_100' title="bbox 348 5254 1932 5329">
    <p class='ocr_par' dir='ltr' id='par_1_100' title="bbox 348 5254 1932 5329">
     <span class='ocr_line' id='line_1_100' title="bbox 348 5254 1932 5329; baseline 0.008 -26"><span class='ocrx_word' id='word_1_740' title='bbox 348 5264 458 5304; x_wconf 91' lang='lat' dir='ltr'><strong>non</strong></span> <span class='ocrx_word' id='word_1_741' title='bbox 492 5263 717 5322; x_wconf 87' lang='lat' dir='ltr'><strong>sperare</strong></span> <span class='ocrx_word' id='word_1_742' title='bbox 758 5254 817 5309; x_wconf 90' lang='lat' dir='ltr'><strong>in</strong></span> <span class='ocrx_word' id='word_1_743' title='bbox 861 5255 1231 5329; x_wconf 89' lang='lat' dir='ltr'><strong>iniquitatem,</strong></span> <span class='ocrx_word' id='word_1_744' title='bbox 1281 5264 1338 5314; x_wconf 91' lang='lat' dir='ltr'><strong>et</strong></span> <span class='ocrx_word' id='word_1_745' title='bbox 1384 5258 1443 5313; x_wconf 91' lang='lat' dir='ltr'><strong>in</strong></span> <span class='ocrx_word' id='word_1_746' title='bbox 1492 5274 1583 5315; x_wconf 88' lang='lat' dir='ltr'><strong>res</strong></span> <span class='ocrx_word' id='word_1_747' title='bbox 1637 5256 1932 5328; x_wconf 87' lang='lat' dir='ltr'><strong>iniquitate</strong></span> 
     </span>
    </p>
   </div>
   <div class='ocr_carea' id='block_1_101' title="bbox 348 5347 1929 5416">
    <p class='ocr_par' dir='ltr' id='par_1_101' title="bbox 348 5347 1929 5416">
     <span class='ocr_line' id='line_1_101' title="bbox 348 5347 1929 5416; baseline 0.006 -22"><span class='ocrx_word' id='word_1_748' title='bbox 348 5348 572 5412; x_wconf 84' lang='lat' dir='ltr'><strong>partas;</strong></span> <span class='ocrx_word' id='word_1_749' title='bbox 605 5359 784 5415; x_wconf 84' lang='lat' dir='ltr'><strong>neque</strong></span> <span class='ocrx_word' id='word_1_750' title='bbox 830 5347 878 5403; x_wconf 86' lang='lat' dir='ltr'><strong>si</strong></span> <span class='ocrx_word' id='word_1_751' title='bbox 933 5349 1139 5404; x_wconf 71' lang='lat' dir='ltr'><strong>divitia:</strong></span> <span class='ocrx_word' id='word_1_752' title='bbox 1184 5347 1428 5405; x_wconf 79' lang='lat' dir='ltr'><strong>ﬂuminis</strong></span> <span class='ocrx_word' id='word_1_753' title='bbox 1474 5349 1654 5405; x_wconf 88' lang='lat' dir='ltr'><strong>instar</strong></span> <span class='ocrx_word' id='word_1_754' title='bbox 1683 5349 1929 5416; x_wconf 79' lang='lat' dir='ltr'><strong>alliuant,</strong></span> 
     </span>
    </p>
   </div>
   <div class='ocr_carea' id='block_1_102' title="bbox 348 5431 1928 5514">
    <p class='ocr_par' dir='ltr' id='par_1_102' title="bbox 348 5431 1928 5514">
     <span class='ocr_line' id='line_1_102' title="bbox 348 5431 1928 5514; baseline 0.006 -26"><span class='ocrx_word' id='word_1_755' title='bbox 348 5431 473 5488; x_wconf 87' lang='lat' dir='ltr'><strong>ideo</strong></span> <span class='ocrx_word' id='word_1_756' title='bbox 492 5435 653 5506; x_wconf 86' lang='lat' dir='ltr'><strong>erigi.</strong></span> <span class='ocrx_word' id='word_1_757' title='bbox 685 5435 844 5503; x_wconf 81' lang='lat' dir='ltr'><strong>Quod</strong></span> <span class='ocrx_word' id='word_1_758' title='bbox 877 5439 924 5496; x_wconf 89' lang='lat' dir='ltr'><strong>si</strong></span> <span class='ocrx_word' id='word_1_759' title='bbox 956 5440 1178 5511; x_wconf 89' lang='lat' dir='ltr'><strong>quando</strong></span> <span class='ocrx_word' id='word_1_760' title='bbox 1206 5441 1275 5498; x_wconf 92' lang='lat' dir='ltr'><strong>de</strong></span> <span class='ocrx_word' id='word_1_761' title='bbox 1306 5440 1515 5498; x_wconf 91' lang='lat' dir='ltr'><strong>divitiis</strong></span> <span class='ocrx_word' id='word_1_762' title='bbox 1543 5442 1745 5497; x_wconf 90' lang='lat' dir='ltr'><strong>bonam</strong></span> <span class='ocrx_word' id='word_1_763' title='bbox 1778 5457 1928 5514; x_wconf 90' lang='lat' dir='ltr'><strong>spem</strong></span> 
     </span>
    </p>
   </div>
   <div class='ocr_carea' id='block_1_103' title="bbox 353 5528 1929 5606">
    <p class='ocr_par' dir='ltr' id='par_1_103' title="bbox 353 5528 1929 5606">
     <span class='ocr_line' id='line_1_103' title="bbox 353 5528 1929 5606; baseline 0.008 -26"><span class='ocrx_word' id='word_1_764' title='bbox 353 5538 624 5582; x_wconf 86' lang='lat' dir='ltr'><strong>sumeree</strong></span> <span class='ocrx_word' id='word_1_765' title='bbox 657 5542 719 5584; x_wconf 88' lang='lat' dir='ltr'><strong>re</strong></span> <span class='ocrx_word' id='word_1_766' title='bbox 753 5528 941 5596; x_wconf 81' lang='lat' dir='ltr'><strong>fuerit,</strong></span> <span class='ocrx_word' id='word_1_767' title='bbox 995 5532 1063 5588; x_wconf 89' lang='lat' dir='ltr'><strong>de</strong></span> <span class='ocrx_word' id='word_1_768' title='bbox 1113 5534 1345 5595; x_wconf 86' lang='lat' dir='ltr'><strong>divitiis.</strong></span> <span class='ocrx_word' id='word_1_769' title='bbox 1394 5535 1642 5606; x_wconf 89' lang='lat' dir='ltr'><strong>inquam,</strong></span> <span class='ocrx_word' id='word_1_770' title='bbox 1673 5550 1742 5591; x_wconf 80' lang='lat' dir='ltr'><strong>ex</strong></span> <span class='ocrx_word' id='word_1_771' title='bbox 1771 5550 1929 5606; x_wconf 71' lang='lat' dir='ltr'><strong>aequo</strong></span> 
     </span>
    </p>
   </div>
   <div class='ocr_carea' id='block_1_104' title="bbox 348 5616 1924 5698">
    <p class='ocr_par' dir='ltr' id='par_1_104' title="bbox 348 5616 1924 5698">
     <span class='ocr_line' id='line_1_104' title="bbox 348 5616 1924 5698; baseline 0.009 -26"><span class='ocrx_word' id='word_1_772' title='bbox 348 5624 406 5672; x_wconf 87' lang='lat' dir='ltr'><strong>et</strong></span> <span class='ocrx_word' id='word_1_773' title='bbox 431 5616 579 5671; x_wconf 88' lang='lat' dir='ltr'><strong>bono</strong></span> <span class='ocrx_word' id='word_1_774' title='bbox 622 5620 795 5689; x_wconf 88' lang='lat' dir='ltr'><strong>partis</strong></span> <span class='ocrx_word' id='word_1_775' title='bbox 825 5637 856 5678; x_wconf 88' lang='lat' dir='ltr'><strong>a</strong></span> <span class='ocrx_word' id='word_1_776' title='bbox 889 5621 1109 5696; x_wconf 86' lang='lat' dir='ltr'><strong>Deoque</strong></span> <span class='ocrx_word' id='word_1_777' title='bbox 1139 5626 1424 5698; x_wconf 68' lang='lat' dir='ltr'><strong>praebitis;</strong></span> <span class='ocrx_word' id='word_1_778' title='bbox 1478 5628 1570 5695; x_wconf 90' lang='lat' dir='ltr'><strong>iis,</strong></span> <span class='ocrx_word' id='word_1_779' title='bbox 1619 5627 1791 5686; x_wconf 88' lang='lat' dir='ltr'><strong>heus!</strong></span> <span class='ocrx_word' id='word_1_780' title='bbox 1826 5644 1924 5686; x_wconf 90' lang='lat' dir='ltr'><strong>vos</strong></span> 
     </span>
    </p>
   </div>
   <div class='ocr_carea' id='block_1_105' title="bbox 2037 4618 3616 4694">
    <p class='ocr_par' dir='ltr' id='par_1_105' title="bbox 2037 4618 3616 4694">
     <span class='ocr_line' id='line_1_105' title="bbox 2037 4618 3616 4694; baseline -0.003 -19"><span class='ocrx_word' id='word_1_781' title='bbox 2037 4620 2348 4694; x_wconf 79' lang='grc' dir='ltr'>θορυϐεῖται</span> <span class='ocrx_word' id='word_1_782' title='bbox 2373 4620 2550 4692; x_wconf 84' lang='grc' dir='ltr'>μάτην</span> <span class='ocrx_word' id='word_1_783' title='bbox 2570 4636 2585 4685; x_wconf 89' lang='grc'><strong>;</strong></span> <span class='ocrx_word' id='word_1_784' title='bbox 2611 4618 2802 4673; x_wconf 70' lang='grc' dir='ltr'>Πολλοὶ</span> <span class='ocrx_word' id='word_1_785' title='bbox 2826 4619 2956 4688; x_wconf 85' lang='grc' dir='ltr'>γοῦν</span> <span class='ocrx_word' id='word_1_786' title='bbox 2975 4619 3008 4691; x_wconf 77' lang='grc' dir='ltr'><strong>ἢ</strong></span> <span class='ocrx_word' id='word_1_787' title='bbox 3027 4621 3121 4674; x_wconf 76' lang='grc' dir='ltr'>καὶ</span> <span class='ocrx_word' id='word_1_788' title='bbox 3140 4619 3326 4692; x_wconf 86' lang='grc' dir='ltr'>σχεδὸν</span> <span class='ocrx_word' id='word_1_789' title='bbox 3344 4621 3393 4675; x_wconf 83' lang='grc' dir='ltr'>οἱ</span> <span class='ocrx_word' id='word_1_790' title='bbox 3417 4619 3616 4681; x_wconf 86' lang='grc' dir='ltr'>πάντες</span> 
     </span>
    </p>
   </div>
   <div class='ocr_carea' id='block_1_106' title="bbox 2037 4712 3614 4785">
    <p class='ocr_par' dir='ltr' id='par_1_106' title="bbox 2037 4712 3614 4785">
     <span class='ocr_line' id='line_1_106' title="bbox 2037 4712 3614 4785; baseline -0.003 -16"><span class='ocrx_word' id='word_1_791' title='bbox 2037 4717 2180 4784; x_wconf 76' lang='grc' dir='ltr'>σφᾶς</span> <span class='ocrx_word' id='word_1_792' title='bbox 2212 4714 2411 4777; x_wconf 77' lang='grc' dir='ltr'>αὐτοὺς</span> <span class='ocrx_word' id='word_1_793' title='bbox 2440 4714 2754 4785; x_wconf 64' lang='grc' dir='ltr'><strong>⁴ῐγπόιτησαν,</strong></span> <span class='ocrx_word' id='word_1_794' title='bbox 2786 4716 2921 4778; x_wconf 80' lang='grc' dir='ltr'>υἱοῖς</span> <span class='ocrx_word' id='word_1_795' title='bbox 2965 4714 3064 4785; x_wconf 84' lang='grc' dir='ltr'><strong>μὲν</strong></span> <span class='ocrx_word' id='word_1_796' title='bbox 3096 4714 3190 4769; x_wconf 76' lang='grc' dir='ltr'><strong>καὶ</strong></span> <span class='ocrx_word' id='word_1_797' title='bbox 3221 4713 3495 4784; x_wconf 85' lang='grc' dir='ltr'>φιλτάτοις</span> <span class='ocrx_word' id='word_1_798' title='bbox 3522 4712 3614 4767; x_wconf 78' lang='grc' dir='ltr'>τὸν</span> 
     </span>
    </p>
   </div>
   <div class='ocr_carea' id='block_1_107' title="bbox 2034 4803 3612 4878">
    <p class='ocr_par' dir='ltr' id='par_1_107' title="bbox 2034 4803 3612 4878">
     <span class='ocr_line' id='line_1_107' title="bbox 2034 4803 3612 4878; baseline 0 -19"><span class='ocrx_word' id='word_1_799' title='bbox 2034 4804 2213 4859; x_wconf 82' lang='grc' dir='ltr'>αὐτῶν</span> <span class='ocrx_word' id='word_1_800' title='bbox 2261 4803 2490 4857; x_wconf 87' lang='grc' dir='ltr'>πλοῦτον</span> <span class='ocrx_word' id='word_1_801' title='bbox 2533 4804 2849 4859; x_wconf 87' lang='grc' dir='ltr'>καταλιπεῖν</span> <span class='ocrx_word' id='word_1_802' title='bbox 2893 4806 3381 4878; x_wconf 78' lang='grc' dir='ltr'>προσδοκήσαντες,</span> <span class='ocrx_word' id='word_1_803' title='bbox 3413 4807 3612 4876; x_wconf 79' lang='grc' dir='ltr'>ἀγνοή-</span> 
     </span>
    </p>
   </div>
   <div class='ocr_carea' id='block_1_108' title="bbox 2036 4896 3609 4971">
    <p class='ocr_par' dir='ltr' id='par_1_108' title="bbox 2036 4896 3609 4971">
     <span class='ocr_line' id='line_1_108' title="bbox 2036 4896 3609 4971; baseline 0 -20"><span class='ocrx_word' id='word_1_804' title='bbox 2036 4914 2232 4961; x_wconf 84' lang='grc' dir='ltr'>σαντες</span> <span class='ocrx_word' id='word_1_805' title='bbox 2272 4896 2331 4950; x_wconf 84' lang='grc' dir='ltr'><strong>δὲ</strong></span> <span class='ocrx_word' id='word_1_806' title='bbox 2367 4896 2430 4950; x_wconf 82' lang='grc' dir='ltr'><strong>τὸ</strong></span> <span class='ocrx_word' id='word_1_807' title='bbox 2467 4896 2659 4968; x_wconf 88' lang='grc' dir='ltr'>μέλλον</span> <span class='ocrx_word' id='word_1_808' title='bbox 2690 4898 2785 4952; x_wconf 72' lang='grc' dir='ltr'><strong>καὶ</strong></span> <span class='ocrx_word' id='word_1_809' title='bbox 2831 4898 3230 4971; x_wconf 78' lang='grc' dir='ltr'>ἀστοχήσαντες</span> <span class='ocrx_word' id='word_1_810' title='bbox 3262 4898 3354 4952; x_wconf 89' lang='grc' dir='ltr'><strong>τοῦ</strong></span> <span class='ocrx_word' id='word_1_811' title='bbox 3386 4897 3609 4953; x_wconf 80' lang='grc' dir='ltr'>σκοποῦ.</span> 
     </span>
    </p>
   </div>
   <div class='ocr_carea' id='block_1_109' title="bbox 2034 4982 3613 5062">
    <p class='ocr_par' dir='ltr' id='par_1_109' title="bbox 2034 4982 3613 5062">
     <span class='ocr_line' id='line_1_109' title="bbox 2034 4982 3613 5062; baseline -0.001 -18"><span class='ocrx_word' id='word_1_812' title='bbox 2034 4990 2228 5060; x_wconf 88' lang='grc' dir='ltr'>Μάτην</span> <span class='ocrx_word' id='word_1_813' title='bbox 2268 4982 2362 5042; x_wconf 80' lang='grc' dir='ltr'><strong>οὖν</strong></span> <span class='ocrx_word' id='word_1_814' title='bbox 2394 4988 2753 5061; x_wconf 88' lang='grc' dir='ltr'>ταράττονται</span> <span class='ocrx_word' id='word_1_815' title='bbox 2791 4989 3007 5062; x_wconf 82' lang='grc' dir='ltr'>ἀληθῶς</span> <span class='ocrx_word' id='word_1_816' title='bbox 3037 4989 3478 5062; x_wconf 70' lang='grc' dir='ltr'>θησαυρίζοντες,</span> <span class='ocrx_word' id='word_1_817' title='bbox 3520 4991 3613 5044; x_wconf 81' lang='grc' dir='ltr'><strong>καὶ</strong></span> 
     </span>
    </p>
   </div>
   <div class='ocr_carea' id='block_1_110' title="bbox 2031 5077 3610 5154">
    <p class='ocr_par' dir='ltr' id='par_1_110' title="bbox 2031 5077 3610 5154">
     <span class='ocr_line' id='line_1_110' title="bbox 2031 5077 3610 5154; baseline 0.001 -20"><span class='ocrx_word' id='word_1_818' title='bbox 2031 5080 2094 5134; x_wconf 83' lang='grc' dir='ltr'><strong>οὐ</strong></span> <span class='ocrx_word' id='word_1_819' title='bbox 2125 5077 2484 5148; x_wconf 85' lang='grc' dir='ltr'>γινώσκοντες</span> <span class='ocrx_word' id='word_1_820' title='bbox 2520 5081 2605 5145; x_wconf 86' lang='grc' dir='ltr'><strong>τίς</strong></span> <span class='ocrx_word' id='word_1_821' title='bbox 2646 5082 2863 5147; x_wconf 81' lang='grc' dir='ltr'>συνάξει</span> <span class='ocrx_word' id='word_1_822' title='bbox 2903 5083 3062 5141; x_wconf 67' lang='grc' dir='ltr'>αὒτά.</span> <span class='ocrx_word' id='word_1_823' title='bbox 3106 5082 3197 5136; x_wconf 85' lang='grc' dir='ltr'>Διὸ</span> <span class='ocrx_word' id='word_1_824' title='bbox 3236 5084 3502 5154; x_wconf 85' lang='grc' dir='ltr'>προσήκει</span> <span class='ocrx_word' id='word_1_825' title='bbox 3537 5081 3610 5153; x_wconf 85' lang='grc' dir='ltr'>μὴ</span> 
     </span>
    </p>
   </div>
   <div class='ocr_carea' id='block_1_111' title="bbox 2032 5170 3608 5245">
    <p class='ocr_par' dir='ltr' id='par_1_111' title="bbox 2032 5170 3608 5245">
     <span class='ocr_line' id='line_1_111' title="bbox 2032 5170 3608 5245; baseline 0 -21"><span class='ocrx_word' id='word_1_826' title='bbox 2032 5170 2274 5236; x_wconf 77' lang='grc' dir='ltr'>ἐλπίζειν</span> <span class='ocrx_word' id='word_1_827' title='bbox 2312 5171 2405 5226; x_wconf 74' lang='grc' dir='ltr'>ἐπὶ</span> <span class='ocrx_word' id='word_1_828' title='bbox 2438 5171 2651 5227; x_wconf 83' lang='grc' dir='ltr'>ἀδικίαν</span> <span class='ocrx_word' id='word_1_829' title='bbox 2696 5174 2791 5227; x_wconf 77' lang='grc' dir='ltr'>καὶ</span> <span class='ocrx_word' id='word_1_830' title='bbox 2818 5172 2887 5228; x_wconf 83' lang='grc' dir='ltr'>τὰ</span> <span class='ocrx_word' id='word_1_831' title='bbox 2913 5174 2973 5240; x_wconf 72' lang='grc' dir='ltr'>ἐξ</span> <span class='ocrx_word' id='word_1_832' title='bbox 3006 5173 3219 5238; x_wconf 79' lang='grc' dir='ltr'>ἀδικίας</span> <span class='ocrx_word' id='word_1_833' title='bbox 3253 5174 3608 5245; x_wconf 78' lang='grc' dir='ltr'>ποριζόμενοι,</span> 
     </span>
    </p>
   </div>
   <div class='ocr_carea' id='block_1_112' title="bbox 2036 5259 3608 5335">
    <p class='ocr_par' dir='ltr' id='par_1_112' title="bbox 2036 5259 3608 5335">
     <span class='ocr_line' id='line_1_112' title="bbox 2036 5259 3608 5335; baseline 0.001 -22"><span class='ocrx_word' id='word_1_834' title='bbox 2036 5259 2172 5333; x_wconf 88' lang='grc' dir='ltr'><strong>μηδέ</strong></span> <span class='ocrx_word' id='word_1_835' title='bbox 2199 5259 2426 5326; x_wconf 84' lang='grc' dir='ltr'>πλοῦτος</span> <span class='ocrx_word' id='word_1_836' title='bbox 2453 5260 2547 5314; x_wconf 83' lang='grc' dir='ltr'>ἐὰν</span> <span class='ocrx_word' id='word_1_837' title='bbox 2577 5262 2675 5333; x_wconf 76' lang='grc' dir='ltr'><strong>ῥέῃ</strong></span> <span class='ocrx_word' id='word_1_838' title='bbox 2703 5263 3013 5335; x_wconf 66' lang='grc' dir='ltr'>ποταμηὸδι</span> <span class='ocrx_word' id='word_1_839' title='bbox 3045 5262 3360 5335; x_wconf 81' lang='grc' dir='ltr'>φερόμενος,</span> <span class='ocrx_word' id='word_1_840' title='bbox 3385 5263 3608 5334; x_wconf 83' lang='grc' dir='ltr'>ἐπαίρε-</span> 
     </span>
    </p>
   </div>
   <div class='ocr_carea' id='block_1_113' title="bbox 2033 5352 3610 5425">
    <p class='ocr_par' dir='ltr' id='par_1_113' title="bbox 2033 5352 3610 5425">
     <span class='ocr_line' id='line_1_113' title="bbox 2033 5352 3610 5425; baseline -0.001 -17"><span class='ocrx_word' id='word_1_841' title='bbox 2033 5354 2176 5408; x_wconf 89' lang='grc' dir='ltr'>σθαι.</span> <span class='ocrx_word' id='word_1_842' title='bbox 2210 5353 2275 5406; x_wconf 79' lang='lat' dir='ltr'><strong>Ei</strong></span> <span class='ocrx_word' id='word_1_843' title='bbox 2300 5352 2357 5406; x_wconf 83' lang='grc' dir='ltr'><strong>δὲ</strong></span> <span class='ocrx_word' id='word_1_844' title='bbox 2387 5354 2655 5425; x_wconf 77' lang='grc' dir='ltr'>προσήκει</span> <span class='ocrx_word' id='word_1_845' title='bbox 2683 5357 2780 5410; x_wconf 72' lang='grc' dir='ltr'><strong>καὶ</strong></span> <span class='ocrx_word' id='word_1_846' title='bbox 2817 5354 2906 5408; x_wconf 85' lang='grc' dir='ltr'>διὰ</span> <span class='ocrx_word' id='word_1_847' title='bbox 2951 5357 3182 5419; x_wconf 72' lang='grc' dir='ltr'>πλούτου</span> <span class='ocrx_word' id='word_1_848' title='bbox 3228 5355 3359 5409; x_wconf 84' lang='grc' dir='ltr'><strong>ποτέ</strong></span> <span class='ocrx_word' id='word_1_849' title='bbox 3402 5354 3610 5425; x_wconf 86' lang='grc' dir='ltr'>ἀγαθήν</span> 
     </span>
    </p>
   </div>
   <div class='ocr_carea' id='block_1_114' title="bbox 2032 5442 3609 5518">
    <p class='ocr_par' dir='ltr' id='par_1_114' title="bbox 2032 5442 3609 5518">
     <span class='ocr_line' id='line_1_114' title="bbox 2032 5442 3609 5518; baseline -0.002 -18"><span class='ocrx_word' id='word_1_850' title='bbox 2032 5463 2153 5501; x_wconf 86' lang='grc' dir='ltr'>τινα</span> <span class='ocrx_word' id='word_1_851' title='bbox 2193 5443 2510 5516; x_wconf 80' lang='grc' dir='ltr'>πορίζεσθαι</span> <span class='ocrx_word' id='word_1_852' title='bbox 2557 5442 2765 5506; x_wconf 84' lang='grc' dir='ltr'>ἐλπίδα,</span> <span class='ocrx_word' id='word_1_853' title='bbox 2810 5445 3002 5517; x_wconf 82' lang='grc' dir='ltr'>δικαίῳ</span> <span class='ocrx_word' id='word_1_854' title='bbox 3028 5446 3364 5518; x_wconf 88' lang='grc' dir='ltr'>χρησάμενοι</span> <span class='ocrx_word' id='word_1_855' title='bbox 3395 5445 3609 5516; x_wconf 85' lang='grc' dir='ltr'>πλούτῳ</span> 
     </span>
    </p>
   </div>
   <div class='ocr_carea' id='block_1_115' title="bbox 2027 5535 3609 5610">
    <p class='ocr_par' dir='ltr' id='par_1_115' title="bbox 2027 5535 3609 5610">
     <span class='ocr_line' id='line_1_115' title="bbox 2027 5535 3609 5610; baseline 0 -20"><span class='ocrx_word' id='word_1_856' title='bbox 2027 5536 2107 5608; x_wconf 85' lang='grc' dir='ltr'>τῷ</span> <span class='ocrx_word' id='word_1_857' title='bbox 2129 5539 2194 5591; x_wconf 89' lang='grc' dir='ltr'><strong>ἐκ</strong></span> <span class='ocrx_word' id='word_1_858' title='bbox 2222 5537 2357 5590; x_wconf 87' lang='grc' dir='ltr'>Θεοῦ</span> <span class='ocrx_word' id='word_1_859' title='bbox 2396 5535 2653 5601; x_wconf 83' lang='grc' dir='ltr'>πολλάκις</span> <span class='ocrx_word' id='word_1_860' title='bbox 2685 5537 3061 5610; x_wconf 84' lang='grc' dir='ltr'>παρεχομένῳ·</span> <span class='ocrx_word' id='word_1_861' title='bbox 3095 5539 3187 5592; x_wconf 79' lang='grc' dir='ltr'>καὶ</span> <span class='ocrx_word' id='word_1_862' title='bbox 3217 5537 3399 5607; x_wconf 84' lang='grc' dir='ltr'>ζυγοῖς</span> <span class='ocrx_word' id='word_1_863' title='bbox 3433 5538 3609 5609; x_wconf 80' lang='grc' dir='ltr'>ὀρθοῖς</span> 
     </span>
    </p>
   </div>
   <div class='ocr_carea' id='block_1_116' title="bbox 2033 5620 3608 5700">
    <p class='ocr_par' dir='ltr' id='par_1_116' title="bbox 2033 5620 3608 5700">
     <span class='ocr_line' id='line_1_116' title="bbox 2033 5620 3608 5700; baseline -0.001 -19"><span class='ocrx_word' id='word_1_864' title='bbox 2033 5626 2128 5682; x_wconf 79' lang='grc' dir='ltr'>καὶ</span> <span class='ocrx_word' id='word_1_865' title='bbox 2160 5626 2510 5691; x_wconf 81' lang='grc' dir='ltr'>ίσοστατίοις,</span> <span class='ocrx_word' id='word_1_866' title='bbox 2529 5625 2752 5693; x_wconf 78' lang='grc' dir='ltr'>δεξιαῖς,</span> <span class='ocrx_word' id='word_1_867' title='bbox 2776 5620 2820 5680; x_wconf 82' lang='grc' dir='ltr'><strong>ὦ</strong></span> <span class='ocrx_word' id='word_1_868' title='bbox 2842 5622 3008 5688; x_wconf 70' lang='grc' dir='ltr'>οὗτοι,</span> <span class='ocrx_word' id='word_1_869' title='bbox 3043 5628 3320 5699; x_wconf 86' lang='grc' dir='ltr'>χρήσασθε</span> <span class='ocrx_word' id='word_1_870' title='bbox 3354 5627 3608 5700; x_wconf 78' lang='grc' dir='ltr'>πράξεσι,</span> 
     </span>
    </p>
   </div>
   <div class='ocr_carea' id='block_1_117' title="bbox 420 5753 1927 5857">
    <p class='ocr_par' dir='ltr' id='par_1_117' title="bbox 420 5753 1927 5849">
     <span class='ocr_line' id='line_1_117' title="bbox 420 5753 1927 5849; baseline 0.003 -11"><span class='ocrx_word' id='word_1_871' title='bbox 420 5782 468 5815; x_wconf 78' lang='grc' dir='ltr'>τ·</span> <span class='ocrx_word' id='word_1_872' title='bbox 506 5753 655 5840; x_wconf 68' lang='grc' dir='ltr'>Ρεειζ</span> <span class='ocrx_word' id='word_1_873' title='bbox 688 5797 919 5849; x_wconf 71' lang='lat' dir='ltr'><strong>mnu,</strong></span> <span class='ocrx_word' id='word_1_874' title='bbox 952 5778 1005 5839; x_wconf 88' lang='lat'><strong>6.</strong></span> <span class='ocrx_word' id='word_1_875' title='bbox 1088 5785 1128 5817; x_wconf 79' lang='grc' dir='ltr'>τι</span> <span class='ocrx_word' id='word_1_876' title='bbox 1174 5783 1304 5841; x_wconf 86' lang='lat' dir='ltr'><strong>ibid.</strong></span> <span class='ocrx_word' id='word_1_877' title='bbox 1344 5784 1429 5841; x_wconf 74' lang='grc' dir='ltr'>ιε.</span> <span class='ocrx_word' id='word_1_878' title='bbox 1505 5786 1549 5818; x_wconf 72' lang='grc' dir='ltr'><strong>τε</strong></span> <span class='ocrx_word' id='word_1_879' title='bbox 1592 5784 1722 5840; x_wconf 83' lang='lat' dir='ltr'><strong>ibid.</strong></span> <span class='ocrx_word' id='word_1_880' title='bbox 1760 5784 1815 5842; x_wconf 89' lang='lat'><strong>7.</strong></span> <span class='ocrx_word' id='word_1_881' title='bbox 1890 5785 1927 5817; x_wconf 71' lang='grc' dir='ltr'><strong>τε</strong></span> 
     </span>
    </p>
   </div>
   <div class='ocr_carea' id='block_1_118' title="bbox 2030 5753 3572 5857">
    <p class='ocr_par' dir='ltr' id='par_1_118' title="bbox 2030 5778 3572 5857">
     <span class='ocr_line' id='line_1_118' title="bbox 2030 5778 3572 5857; baseline -0.002 -18"><span class='ocrx_word' id='word_1_882' title='bbox 2030 5782 2122 5842; x_wconf 79' lang='lat' dir='ltr'><strong>sal.</strong></span> <span class='ocrx_word' id='word_1_883' title='bbox 2159 5797 2206 5849; x_wconf 84' lang='grc' dir='ltr'><strong>ι,</strong></span> <span class='ocrx_word' id='word_1_884' title='bbox 2245 5780 2297 5838; x_wconf 74' lang='grc' dir='ltr'><strong>-ῑ,</strong></span> <span class='ocrx_word' id='word_1_885' title='bbox 2376 5780 2422 5815; x_wconf 71' lang='grc'><strong>’⁵</strong></span> <span class='ocrx_word' id='word_1_886' title='bbox 2466 5778 2644 5836; x_wconf 85' lang='lat' dir='ltr'><strong>Eccle.</strong></span> <span class='ocrx_word' id='word_1_887' title='bbox 2681 5795 2731 5849; x_wconf 81' lang='grc' dir='ltr'><strong>ι,</strong></span> <span class='ocrx_word' id='word_1_888' title='bbox 2774 5779 2830 5837; x_wconf 71' lang='lat'><strong>2.</strong></span> <span class='ocrx_word' id='word_1_889' title='bbox 2910 5782 2957 5814; x_wconf 79' lang='grc'><strong>⁷⁵</strong></span> <span class='ocrx_word' id='word_1_890' title='bbox 3000 5781 3144 5837; x_wconf 84' lang='lat' dir='ltr'><strong>Psal.</strong></span> <span class='ocrx_word' id='word_1_891' title='bbox 3183 5795 3419 5849; x_wconf 74' lang='lat' dir='ltr'><strong>xxxviii,</strong></span> <span class='ocrx_word' id='word_1_892' title='bbox 3455 5781 3505 5836; x_wconf 80' lang='grc' dir='ltr'><strong>Ἰ.</strong></span> <span class='ocrx_word' id='word_1_893' title='bbox 3564 5833 3572 5857; x_wconf 54' lang='grc' dir='ltr'>ι</span> 
     </span>
    </p>
   </div>
  </div>
