4090 6424
480 384 579 440 597
1606 382 2107 439 COMMENTARIA
2150 381 2214 436 IN
2251 382 2596 438 PSALMOS.
3638 381 3745 440 598

476 496 894 570 θησαυρίζοντες
941 500 1153 563 ἑαυτοῖς
1202 498 1511 570 θησαυροὺς
1558 499 1616 550 ἂν
1655 482 1925 569 οὐρανοῖς,
1968 515 2037 551 κα

2165 512 2289 550 cum
2308 495 2457 565 justa
2486 502 2693 553 statera
2733 501 2788 550 et
2815 494 3033 550 bilance
3066 496 3133 550 ad
3166 496 3310 551 bona
3344 510 3511 568 opera
3555 499 3744 552 utimi-

478 590 788 663 σπείροντες
809 592 866 644 ἑν
887 591 1159 660 εὐλογίαις
1180 591 1321 646 κατᾶ
1343 592 1402 644 τὸ
1421 590 1762 660 λελεγμένον·
1786 607 1804 640 ι
1841 589 2037 660 Ἐσκόρ

2161 591 2240 649 ni.
2269 590 2711 645 thesaurizantes
2738 588 2898 644 vobis
2930 588 3225 643 thesauros
3262 588 3316 644 in
3349 587 3530 651 caelis,
3574 597 3626 643 et
3655 605 3743 644 sa-

473 700 652 749 πισεν,
692 682 857 738 ἔδωκε
897 687 1007 749 τοῖς
1042 684 1258 755 πένησι,
1294 686 1327 755 ἡ
1358 683 1680 752 δικαιοσύνη
1708 680 1873 735 αὐτοῦ
1908 681 2055 751 μένει

471 778 553 842 εἰς
578 776 670 831 τὸν
698 777 889 831 αἰῶνα.
924 798 943 828 ι
976 778 1123 851 Αῦτη
1154 777 1262 850 γὰρ
1300 778 1436 848 μόνη
1463 776 1617 838 ἐλπὶς
1653 773 1851 846 ἀγαθή·
1882 772 2057 837 ἄλλως

468 872 529 926 6's
564 873 831 945 προσήκει
864 872 938 943 μὴ
969 871 1208 937 ἐλπίζειν
1242 870 1334 925 ἐπὶ
1366 870 1599 933 ἀδικίαν,
1636 869 1771 941 μηδὲ
1814 868 1907 921 ἐπὶ
1945 868 2056 929 τοῖς

470 963 534 1032 ἐξ
572 965 827 1037 ἁρπαγῆς
873 964 968 1018 καὶ
1014 961 1327 1031 πλεονεξίας
1379 962 1769 1032 συναγομένοις
1808 958 2053 1030 χρήμασι

472 1056 616 1129 μέγα
636 1059 873 1128 φρονεῖν’
900 1055 1037 1110 ἀλλὰ
1063 1056 1158 1109 καὶ
1179 1056 1227 1108 εί
1253 1054 1491 1127 συμϐαίη
1528 1053 1659 1106 ποτὲ
1688 1054 1896 1124 εὐροείν
1922 1053 2055 1122 ἡμῖν

468 1149 537 1203 τὰ
573 1150 894 1220 πράγματα,
944 1150 1037 1202 καὶ
1079 1145 1373 1211 ἀκωλύτως
1417 1144 1675 1219 φέρεσθαι
1718 1143 2054 1214 πανταχόθεν

468 1239 558 1293 τὸν
598 1240 830 1295 πλοῦτον
864 1240 1108 1312 ποταμοῦ
1142 1240 1301 1313 δίκην
1333 1241 1545 1311 ῥέοντα,
1577 1240 1672 1293 καὶ
1708 1238 1833 1292 ὅθεν
1861 1240 1961 1294 οὐκ
1987 1238 2053 1293 ἄν

466 1350 551 1397 τις
584 1332 884 1406 ἀδικήσειε,
906 1335 1045 1406 φορᾷ
1064 1351 1169 1387 τινι
1194 1332 1441 1404 ἀδοκήτῳ
1463 1335 1786 1405 φερόμενον,
1816 1335 1889 1405 μὴ
1919 1333 2053 1387 πᾶν·

464 1443 575 1489 τως
600 1426 664 1479 ὲκ
683 1424 818 1480 Θεοῦ
836 1424 996 1479 τοῦτο
1016 1419 1261 1494 γίνεσθαι
1282 1426 1376 1479 καὶ
1393 1425 1600 1496 νόμιζε,
1624 1425 1759 1497 μηδὲ
1783 1424 2049 1498 μακάριζε

468 1519 692 1574 σεαυτὸν
724 1518 1085 1591 ἀπατώμενος
1127 1522 1193 1592 τῇ
1228 1518 1436 1593 διανοίᾳ
1475 1520 1571 1573 καὶ
1624 1518 2052 1591 προστιθέμενος

462 1617 539 1680 ώς
551 1612 741 1687 ἀγαθῷ
755 1613 833 1686 τῷ
863 1614 1352 1686 πλούτῳ.Γίνωσκε
1381 1614 1457 1679 δὲ,
1488 1614 1570 1667 ὃτι
1587 1615 1822 1685 ῥευστῆς
1846 1611 1922 1666 ὢν
1950 1610 2052 1685 φύ-

465 1725 623 1772 σεως,
640 1706 829 1780 ὥσπερ
851 1708 988 1779 ῥέων
1018 1707 1262 1778 φέρεται,
1281 1707 1421 1761 οὕτω
1434 1708 1526 1761 καὶ
1543 1708 1795 1779 3:06.66?-
1821 1705 1973 1758 οὐδὲν
1993 1703 2050 1757 66

464 1796 680 1867 βέϐαιον
704 1797 824 1850 οὐδὲ
861 1798 1087 1871 στερῥὸν
1128 1798 1222 1850 καί
1250 1795 1492 1866 ἀσφαλὲς
1520 1794 1875 1867 κεκτημένος.
1905 1794 2049 1848 Θαυ-

2160 683 2434 739 minantes
2469 684 2522 737 in
2556 682 3058 745 benedictionibus,
3099 692 3158 736 ut
3192 681 3400 737 dictum
3424 689 3510 736 est
3547 700 3560 735 :
3594 699 3613 731 ι
3648 680 3753 733 Βὶ-“

2160 778 2382 847 spersit,
2417 777 2567 833 dedit
2603 777 2962 848 pauperibus,
3011 775 3229 846 justitia
3278 776 3401 846 ejus
3445 783 3635 830 manet
3686 775 3742 829 in

2159 870 2420 925 saeculum
2445 870 2512 923 ⁷⁸.
2556 891 2575 924 ι
2612 868 2739 925 Πεεο
2787 869 2904 925 sola
2952 869 3096 923 bona
3128 884 3255 939 spes
3286 876 3409 934 est;
3439 867 3579 923 alias
3612 880 3744 921 vero

2156 980 2266 1018 non
2302 964 2563 1020 convenit
2585 980 2807 1034 sperare
2830 964 2885 1018 in
2919 961 3226 1032 iniquitate,
3271 975 3449 1030 neque
3479 960 3548 1015 de
3598 958 3741 1013 divi-

2156 1056 2248 1111 tiis
2295 1071 2363 1110 ex
2397 1057 2588 1127 rapina
2625 1062 2680 1111 et
2710 1055 2940 1110 avaritia
2991 1053 3240 1110 collectis
3277 1053 3448 1107 altum
3500 1065 3735 1122 sapere;

2157 1146 2267 1203 imo
2293 1147 2340 1204 si
2376 1148 2597 1220 quando
2640 1148 2934 1219 contigerit
2966 1162 3057 1204 res
3100 1153 3320 1203 nostras
3352 1159 3616 1216 prospere
3645 1159 3737 1201 ce-

2153 1240 2305 1304 dere,
2337 1255 2403 1297 ac
2435 1240 2658 1296 divitias
2702 1238 2946 1295 numinis
2995 1240 3172 1294 instar
3217 1237 3568 1299 accedentes.
3617 1235 3736 1292 sine

2155 1331 2323 1387 ullius
2354 1330 2577 1402 injuria,
2603 1330 2984 1401 inexspectato
3013 1326 3250 1400 quodam
3280 1328 3428 1383 fluxu
3459 1328 3527 1383 ad
3565 1336 3617 1383 te
3638 1327 3736 1383 de-

2154 1424 2322 1491 ferri;
2357 1440 2427 1481 ne
2471 1440 2540 1481 ex
2585 1423 2697 1480 Deo
2739 1424 2796 1478 id
2836 1424 3128 1495 provenire
3176 1422 3492 1493 putaveris;
3554 1435 3733 1491 neque

2153 1516 2294 1585 ideo,
2331 1519 2665 1589 cogitatione
2704 1518 2990 1588 deceptus,
3034 1517 3353 1587 divitiisque
3379 1515 3537 1586 quasi
3572 1515 3733 1571 bonis

2149 1611 2385 1677 lnerens,
2435 1619 2491 1667 te
2542 1612 2763 1667 beatum
2816 1610 3224 1682 praedicaveris.
3273 1610 3535 1681 Scitoque
3584 1610 3733 1673 illas,

2151 1705 2331 1761 fluidae
2377 1714 2588 1762 naturae
2635 1720 2761 1760 cum
2812 1705 2947 1768 sint,
3001 1713 3064 1759 ut
3097 1704 3248 1760 fluxu
3297 1703 3571 1765 feruntur,
3611 1704 3731 1774 pari

2149 1799 2314 1854 modo
2359 1798 2617 1863 defluere,
2667 1807 2829 1869 teque
2877 1797 3009 1852 nihil
3046 1796 3285 1861 ﬁrmum,
3333 1797 3549 1865 stabile.
3598 1796 3731 1850 soli-

465 1889 686 1961 μαστῶς
716 1890 773 1944 6's
803 1890 880 1962 τῷ
904 1890 1007 1960 τῆς
1032 1890 1161 1962 ῥοῆς
1192 1890 1419 1961 ὀνόματι
1444 1888 1730 1960 κέχρηται,
1769 1907 1788 1941 ι
1814 1888 2037 1952 Πλοῦτος

2150 1890 2350 1945 dumve
2390 1890 2691 1960 possidere.
2741 1889 2938 1943 Mirum
2982 1884 3164 1945 autem
3208 1890 3265 1943 in
3295 1889 3516 1943 modum
3549 1887 3730 1943 fluxus

461 1981 556 2035 ὶὰν
592 1982 714 2055 ῥέῃ,
739 2001 757 2034 ι
794 1983 995 2053 φήσας·
1019 1981 1158 2036 κατὰ
1185 1982 1243 2035 δὲ
1275 1982 1367 2033 τὸν
1401 1980 1715 2052 Σύμμαχονο
1740 1998 1759 2032 ι
1790 1978 2047 2044 Πλοῦτος,

460 2075 649 2144 φησὶν,
700 2073 795 2128 ἐὰν
838 2076 1186 2146 καρποφορῇ,
1232 2074 1306 2145 μὴ
1338 2074 1567 2125 τὰσσετε
1601 2073 1699 2142 τὴν
1738 2070 1982 2145 καρδίαν.
2023 2091 2043 2124 ι

473 2167 612 2221 Ἀλλ’
641 2167 733 2221 ἐπὶ
760 2167 881 2221 τίνα
896 2168 975 2220 δεῖ
995 2167 1215 2220 τάσσειν
1241 2164 1341 2238 τὴν
1368 2164 1597 2237 καρδίαν
1626 2164 1720 2219 καὶ
1745 2164 1852 2218 τίνι
1875 2180 2046 2236 προσ-

460 2259 725 2323 τίθεσθαι,
773 2258 989 2333 εἴρηται
1034 2259 1297 2323 πολλάκις
1340 2261 1397 2312 6v
1443 2257 1541 2329 τῷ,
1581 2276 1600 2307 ι
1635 2257 1769 2329 Οὐχὶ
1822 2255 1900 2327 τῷ
1928 2254 2047 2326 Θεῷ

462 2351 870 2423 ὑποταγήσεται
898 2352 931 2423 ἡ
959 2350 1103 2422 ψυχή
1142 2365 1275 2421 μου;
1316 2368 1334 2400 ι
1370 2350 1464 2402 καὶ
1505 2347 1667 2401 πάλιν
1692 2365 1705 2378 ’
1748 2365 1766 2398 ι
1797 2346 1944 2419 Πλὴν
1967 2345 2047 2417 τῷ

458 2442 578 2515 Θεῷ
609 2443 909 2516 ύτ.οτάγηθι
938 2442 1135 2515 ἡψυχὴ
1168 2459 1270 2512 μου
1300 2458 1314 2472 ·
1340 2440 1503 2504 αὐτὸς
1523 2440 1633 2511 γὰρ
1660 2437 1796 2501 Θεὸς
1821 2455 1921 2509 μου
1951 2437 2046 2490 καὶ⁸

458 2528 651 2602 Σωτήρ
678 2547 781 2601 μου
816 2531 910 2583 καὶ¹
942 2531 1288 2601 ἀντιλήπτωρ
1321 2545 1445 2601 μου*
1489 2548 1507 2580 ι
1544 2528 1659 2590 καὶ,
1693 2546 1712 2579 ι
1759 2527 2044 2581 Ἐλπίσατε

458 2620 549 2671 ἐπ’
582 2621 765 2684 αὐτὸν,
796 2624 947 2674 πᾶσα
989 2620 1282 2693 συναγωγὴ
1319 2620 1470 2674 λαοῦ.
1506 2640 1524 2670 ι
1563 2619 1792 2683 Οὐκοῦν,
1828 2619 2045 2690 ἔχοντες

456 2709 549 2760 τὸν
582 2709 754 2779 μέγαν
788 2710 1018 2763 πλοῦτον
1062 2713 1158 2764 καὶ
1201 2711 1294 2763 τὸν
1337 2709 1591 2782 ἀληθινὸν
1631 2709 1923 2781 θησαυρὸν,
1967 2708 2042 2781 μὴ

457 2798 766 2870 ἐλπίσωμεν
811 2799 905 2853 ἐπὶ
947 2799 1023 2871 τῷ
1064 2800 1279 2870 ματαίῳ
1344 2801 1439 2854 καὶ
1484 2800 1694 2872 ῥευστῷ
1744 2802 1839 2855 καὶ
1873 2800 2044 2872 ἀδίκῳ

459 2884 695 2956 πλούτῳ
730 2886 949 2956 μάταιοι
980 2887 1090 2958 γὰρ
1110 2888 1325 2959 ἀληθῶς
1355 2888 1557 2952 πάντες
1585 2890 1634 2943 of.
1665 2890 1773 2943 υἱοὶ
1805 2889 1913 2943 τῶν
1945 2892 2041 2944 ἀν-

456 2977 694 3053 θρώπων
719 2982 769 3034 οί
796 2983 888 3035 ἐπὶ
908 2982 1082 3054 τούτῳ
1110 2982 1448 3049 πεποιθότες.

533 3182 552 3215 ι
585 3163 767 3231 Ἀπαε
798 3164 1057 3238 ἐλάλησεν
1094 3168 1122 3220 6
1161 3167 1313 3233 Θεὸς,
1352 3166 1447 3222 δύο
1478 3169 1652 3224 ταῦτα
1685 3171 1916 3242 ἥκουσαι
1953 3172 2038 3226 δτι

2151 1980 2372 2035 nomine
2403 1987 2489 2035 est
2525 1995 2662 2035 usus
2701 1998 2715 2034 :
2754 1999 2773 2031 ι
2817 1978 3030 2034 Divitiae
3078 1979 3124 2034 si
3157 1979 3402 2039 affluant,
3457 1998 3475 2031 ›
3515 1977 3727 2047 inquit;

2149 2073 2255 2135 vel,
2289 2072 2592 2128 secundum
2629 2070 3045 2145 Symmachum,
3081 2091 3100 2124 ι
3143 2071 3356 2125 Divitiae
3393 2070 3439 2126 si
3487 2069 3727 2125 fructum

2147 2166 2384 2239 pariant,
2428 2165 2624 2236 inquit,
2683 2181 2753 2221 ne
2791 2164 3048 2237 apponite
3089 2180 3205 2219 cor.
3233 2185 3251 2216 ι
3305 2164 3534 2220 Cuinam
3598 2176 3730 2219 vero

2147 2273 2243 2312 eor
2292 2258 2548 2312 ordinare
2608 2267 2662 2312 et
2717 2272 2993 2329 apponere
3043 2272 3181 2327 opus
3242 2257 3347 2317 sit,
3407 2256 3730 2326 plerumque

2147 2350 2353 2406 dictum
2399 2359 2484 2406 est
2519 2349 2573 2403 in
2605 2350 2720 2411 illo,
2755 2369 2773 2400 ι
2797 2349 2987 2405 Nonne
3005 2349 3116 2405 Deo
3139 2348 3387 2417 subjecta
3412 2348 3514 2402 erit
3544 2347 3727 2401 anima

2147 2441 2308 2495 mea?
2349 2458 2366 2491 ι
2400 2454 2464 2493 ac
2510 2454 2730 2494 rursum
2770 2457 2783 2492 :
2837 2458 2855 2489 ‹
2900 2437 3289 2494 Verumtamen
3337 2436 3447 2493 Deo
3479 2437 3729 2504 subjecta

2145 2539 2286 2596 esto,
2317 2531 2497 2585 anima
2533 2547 2652 2586 mea
2688 2550 2700 2585 :
2730 2533 2845 2601 ipse
2873 2531 3018 2587 enim
3040 2531 3184 2586 Deus
3206 2548 3361 2586 meus
3381 2540 3435 2593 et
3473 2529 3729 2583 Salvator

2146 2637 2302 2677 meus
2350 2629 2405 2677 et
2447 2630 2737 2691 susceptor
2783 2639 2973 2689 meus,
3037 2644 3055 2675 ι
3097 2630 3173 2684 et,
3234 2642 3254 2674 ι
3312 2620 3543 2693 Sperate
3572 2623 3627 2675 in
3660 2636 3731 2676 eo

2143 2715 2325 2769 omnis
2367 2715 2723 2785 congregatio
2770 2716 2978 2785 pepuli.
3039 2734 3057 2765 ι
3096 2714 3236 2769 Cum
3281 2714 3465 2784 itaque
3496 2728 3727 2784 magnas

2142 2807 2362 2862 divitias
2391 2822 2691 2878 verumque
2721 2808 3041 2862 thesaurum
3065 2807 3431 2870 obtineamus,
3467 2822 3537 2861 ne
3571 2821 3723 2875 spem

2145 2914 2416 2972 ponamus
2447 2899 2506 2955 in
2552 2900 2733 2963 vanis,
2777 2898 2942 2954 fluxis
2990 2908 3045 2956 et
3089 2898 3294 2968 iniquis
3328 2896 3554 2951 divitiis.
3585 2895 3724 2951 Nam

2144 2992 2270 3047 vani
2301 3006 2430 3048 vere
2455 2999 2587 3047 sunt
2609 3006 2803 3046 omnes
2838 2991 2935 3045 filii
2965 2990 3273 3055 hominum,
3292 2989 3385 3060 qui
3415 2989 3567 3044 hisce
3598 3003 3725 3043 con—

2143 3083 2383 3230 “32:3.
2416 3173 2506 3240 12,
2540 3175 2628 3231 15.
2683 3193 2703 3226 ι
2763 3172 2944 3230 Semel
2992 3174 3211 3230 locutus
3264 3181 3350 3229 est
3397 3169 3563 3233 Deus,
3609 3171 3728 3225 duo

452 3256 514 3309 τὸ
547 3257 748 3328 κράτος
780 3256 872 3310 τοῦ
907 3234 1063 3323 Θεοῦ,
1099 3259 1194 3313 καὶ
1223 3260 1329 3319 σοὶ.
1361 3260 1556 3334 Κύριε,
1581 3262 1642 3315 τὸ
1667 3234 1832 3325 ἔλεος·
1861 3264 1944 3317 ὅτι
1972 3265 2036 3319 σὺ

2141 3267 2258 3323 haec
2286 3234 2504 3329 audivi,
2527 3267 2657 3338 quia
2686 3272 2934 3336 potestas
2962 3263 3059 3321 Dei
3095 3272 3201 3331 est,
3235 3273 3290 3321 et
3322 3264 3443 3327 tibi,
3470 3263 3722 3328 Domine,

452 3347 758 3413 ἀποδώσεις
800 3350 1012 3420 ἑκάστῳ
1047 3351 1190 3405 κατὰ
1226 3352 1295 3405 τὰ
1333 3351 1472 3424 ἔργα
1503 3354 1687 3408 αὐτοῦ.
1730 3372 1748 3406 ι
1786 3355 2037 3411 Τοσαῦτα

453 3441 858 3514 προπαιδεύσας
893 3446 921 3497 6
954 3444 1132 3514 λόγος,
1172 3445 1482 3510 ἀκολούθως
1522 3447 1622 3519 τῆς
1664 3447 1760 3501 τοῦ
1792 3448 1927 3503 Θεοῦ
1959 3450 2037 3504 δι-

450 3534 794 3606 καιοκρισίας
815 3537 1094 3610 ὑπομιμνή
1104 3554 1243 3592 σκειο
1270 3538 1347 3602 ὡς
1375 3539 1463 3605 ἂν,
1485 3540 1689 3614 ταύτην
1710 3542 1815 3613 πρὸ
1837 3543 2033 3613 ὀφθαλ-

452 3626 569 3697 μῶν
598 3628 837 3696 θέμενοι,
871 3631 1006 3702 μήτε
1044 3634 1110 3703 τῇ
1147 3634 1333 3706 ἀδικία
1366 3636 1503 3707 μήτε
1536 3638 1649 3701 τοῖς
1682 3638 2031 3709 ἀρπάγμασι,

451 3722 590 3792 μήτε
616 3720 696 3793 τῷ
733 3725 1053 3798 προσκαίρῳ
1068 3727 1172 3779 ’καὶ
1201 3726 1389 3798 τυφλῷ
1420 3729 1634 3800 πλούτῳ
1658 3731 1883 3796 ἑαυτοὺς
1916 3731 2035 3785 ἐπι-

445 3813 696 3886 δίδωμεν.
728 3817 803 3870 Οὐ
826 3817 935 3889 γὰρ
956 3817 1104 3883 ἅπαξ
1131 3819 1289 3891 μόνον
1324 3822 1567 3895 περὶτῆς
1586 3823 1818 3895 κρίσεως
1851 3825 1879 3877 6
1900 3823 2033 3888 Θεὸς

447 3904 796 3972 διεστείλατο,
838 3908 974 3963 ἀλλὰ
1014 3910 1109 3964 καὶ⁹
1145 3910 1417 3986 δεύτερον.
1460 3916 1570 3967 Καὶ
1611 3913 1805 3980 ταῦτα,
1844 3917 2028 3986 φησιν,

446 3998 609 4062 αὐτὸς
634 3997 746 4068 ἐγὼ
777 4000 985 4072 ἥκουσα
1014 4002 1278 4074 ἀκριϐῶς,
1306 4006 1399 4060 τὸν
1433 4004 1557 4061 νοῦν
1591 4007 1890 4078 ἐπιστήσας
1916 4009 2030 4072 τοῖς

443 4090 565 4144 δυσὶ
598 4090 809 4156 τούτοις
843 4094 1318 4166 παραγγέλμασιν.
1357 4098 1538 4165 Ἀπαξ
1574 4098 1681 4173 γὰρ
1715 4099 1974 4172 ἐλάλησεν
2001 4102 2031 4154 6

443 4179 595 4245 Θεὸς,
630 4181 745 4236 ἀλλ’
783 4183 895 4253 ἐγὼ
922 4183 1016 4238 δύο
1053 4185 1225 4241 ταῦτα
1266 4188 1493 4259 ἥκουσαι
1523 4189 1751 4265 ἐλάλησε
1788 4190 1896 4264 γὰρ
1928 4192 2023 4247 καὶ

441 4272 527 4326 διὰ
554 4273 872 4346 προφητῶν,
918 4276 1147 4349 ὲλάλησε
1189 4278 1284 4331 καὶ
1324 4279 1413 4334 διὰ
1443 4282 1774 4337 ἀποστόλωνθ
1807 4284 1902 4338 καὶ
1933 4284 2029 4338 τὸν

441 4364 537 4417 ἕνα
565 4364 725 4433 λόγον
755 4367 846 4421 τὸν
880 4366 1030 4434 ἅπαξ
1065 4371 1170 4424 ὑπὸ
1201 4371 1297 4426 τοῦ
1326 4371 1463 4426 Θεοῦ
1493 4374 1780 4448 ὁρισθέντα
1810 4376 1903 4430 καὶ
1938 4376 2027 4431 διὰ

443 4455 681 4521 παλαιᾶς
709 4458 983 4532 Διαθήκης
1014 4463 1109 4517 καὶ
1135 4463 1226 4518 διὰ
1244 4466 1345 4536 τῆς
1367 4467 1560 4539 καινῆς
1591 4468 1821 4539 ἤκουσα.
1847 4469 1939 4534 Τίς
1967 4469 2031 4523 66

2138 3360 2517 3417 misericordia
2577 3379 2590 3415 :
2652 3359 2782 3430 quia
2848 3368 2904 3414 tu
2958 3357 3158 3415 reddes
3213 3358 3513 3428 unicuique
3559 3356 3718 3426 juxta

2135 3466 2302 3523 opera
2333 3466 2455 3508 sua.
2501 3469 2519 3503 ι
2567 3450 2704 3505 Cum
2752 3456 2907 3504 tanta
2942 3448 3010 3504 ad
3040 3459 3285 3504 nostram
3318 3448 3716 3504 institutionem

2140 3544 2423 3614 praemissa
2453 3542 2714 3606 fuissent,
2742 3550 3149 3614 consequenter
3167 3541 3236 3597 de
3263 3541 3417 3612 justo
3451 3538 3547 3596 Dei
3577 3538 3717 3610 judi-

2134 3636 2223 3691 cio
2251 3636 2417 3691 verba
2449 3634 2600 3700 facit,
2644 3645 2704 3690 ut
2733 3634 2867 3690 illud
2897 3649 3011 3704 prae
3042 3633 3220 3689 oculis
3265 3640 3590 3693 statuentes,
3622 3647 3719 3685 ne-

2133 3741 2241 3797 que
2288 3726 2595 3796 iniustitiae,
2634 3742 2812 3798 neque
2841 3726 3074 3798 rapinis,
3125 3739 3304 3796 neque
3346 3722 3719 3795 temporaneis

2136 3819 2408 3891 czecisque
2430 3819 2640 3874 divitiis
2674 3835 2778 3875 nos
2813 3819 3104 3875 dedamus.
3133 3816 3322 3890 Neque
3368 3817 3515 3874 enim
3544 3817 3715 3874 semel

2134 3921 2348 3967 tantum
2376 3913 2444 3968 de
2477 3911 2686 3984 judicio
2726 3912 2871 3968 Deus
2902 3922 3172 3985 praecepta
3204 3912 3392 3981 dedit,
3420 3912 3516 3968 sed
3545 3910 3715 3969 etiam

2133 4004 2420 4059 secundo:
2452 4002 2518 4058 Et
2556 4004 2671 4058 haec
2716 4019 2818 4077 ego
2859 4004 3053 4060 sedulo
3100 4004 3309 4067 audivi,
3358 4004 3559 4075 inquit.
3595 4003 3720 4057 ani-

2130 4111 2333 4167 meque
2400 4096 2517 4152 haec
2583 4098 2693 4151 duo
2755 4104 3031 4168 praecepta
3099 4095 3468 4151 consideravi.
3532 4090 3717 4149 Semel

2130 4188 2333 4259 quippe
2357 4187 2504 4244 Deus
2532 4188 2752 4244 locutus
2780 4197 2899 4254 est;
2941 4187 3034 4244 sed
3062 4202 3163 4257 ego
3191 4188 3306 4242 haec
3334 4186 3444 4241 duo
3475 4185 3659 4239 audivi
3695 4204 3713 4239 :

2129 4280 2354 4336 locutus
2412 4294 2652 4351 namque
2695 4289 2783 4336 est
2831 4295 2930 4351 per
2970 4281 3299 4351 prophetas,
3343 4280 3562 4336 locutus
3615 4292 3719 4346 per

2129 4374 2410 4445 apostolos
2446 4391 2460 4428 :
2495 4381 2661 4444 atque
2716 4388 3027 4429 sermonem
3079 4373 3232 4428 illum
3292 4389 3466 4428 unum
3517 4374 3715 4439 semel,

2127 4480 2254 4520 cum
2288 4480 2386 4535 per
2418 4458 2591 4521 Vetus
2640 4471 2757 4519 tum
2804 4479 2904 4535 per
2953 4462 3163 4520 Novum
3217 4462 3630 4521 Testamentum
3679 4482 3711 4521 ι

442 4542 506 4619 ἦν
537 4544 712 4615 οὗτος,
743 4551 858 4605 ἀλλ’
893 4571 911 4603 ι
953 4555 1076 4607 Ὅτι
1124 4555 1186 4609 τὸ
1218 4557 1420 4633 κράτος
1464 4559 1557 4612 τοῦ
1605 4560 1741 4614 Θεοῦ
1786 4562 1878 4615 καὶ
1917 4561 2030 4626 σοὶ..

2139 4553 2241 4610 Deo
2272 4555 2709 4626 pronuntiatum,
2729 4553 2934 4610 audivi.
2956 4552 3093 4621 Quis
3115 4554 3206 4610 ille
3228 4562 3370 4618 erat,
3401 4555 3509 4611 nisi
3533 4572 3553 4605 ι
3580 4554 3710 4627 quia

442 4641 632 4712 Κύριε,
665 4643 727 4696 τὸ
757 4644 924 4709 ἔλεος,
968 4666 986 4699 ι
1024 4648 1140 4712 καὶ,
1180 4667 1199 4700 ι
1239 4651 1361 4704 ’Ότι
1392 4654 1456 4705 σὺ
1483 4651 1781 4718 ἀποδώσεις
1810 4655 2025 4727 ἑκάστῳ

438 4732 579 4785 κατὰ
615 4734 685 4788 τὰ
716 4735 854 4808 ἔργα
883 4736 1087 4802 αὐτοῦ;
1117 4757 1136 4791 »
1168 4740 1359 4805 Ἔλεος
1384 4741 1463 4807 66,
1496 4743 1653 4816 φησὶ,
1683 4747 1778 4798 καὶ
1799 4746 2018 4819 κράτος·

437 4824 497 4876 τὸ
539 4827 637 4898 μὲν
671 4830 873 4902 κράτος
916 4832 1052 4904 πρὸς
1096 4833 1158 4886 τὸ
1200 4835 1558 4909 τιμωρεῖσθαι
1600 4838 1703 4891 καὶ
1732 4841 2024 4895 ταπεινοῦν

441 4919 563 4982 τοὺς
611 4921 978 4992 ἀφηνιῶντας,
1026 4922 1087 4978 τὸ
1116 4924 1172 4978 δὲ
1219 4926 1367 4992 ἕλεος
1408 4929 1547 5001 πρὸς
1576 4929 1638 4982 τὸ
1671 4929 1865 4995 σώζειν
1895 4932 2023 4997 τοὺς

441 5011 515 5073 εἰς
544 5011 707 5064 αὐτὸν
730 5013 1048 5084 ἡλπικότας.
1084 5034 1103 5068 ι
1142 5017 1249 5071 Ἴδε
1282 5014 1375 5072 οῦν
1400 5023 1744 5096 χρηστότητα
1774 5025 1868 5078 καὶ
1887 5025 2023 5079 ἀπο-ο

443 5102 652 5173 τομίαν,
683 5122 702 5156 ι
739 5106 904 5176 φησιν
930 5109 959 5160 ὀ
992 5109 1335 5174 Ἀπὸστολοςο
1360 5112 1455 5166 ἐπὶ
1476 5114 1577 5185 μὲν
1602 5117 1727 5180 τοὺς
1756 5118 2020 5182 πεσόντας

436 5191 742 5266 ἀποτομίαν
771 5196 860 5252 διὰ
891 5197 984 5253 τοῦ
1020 5201 1276 5279 κράτους,
1307 5204 1399 5257 ἐπὶ
1434 5204 1490 5258 δὲ
1521 5206 1581 5259 σὲ
1603 5209 1906 5280 χρηστότης
1931 5208 2019 5264 διὰ

435 5284 530 5338 τοῦ
553 5286 755 5352 ἐλέους.
781 5290 945 5344 Ταῦτ’
967 5292 1157 5357 εἰπὼν,
1183 5295 1304 5349 ἄνω
1317 5298 1379 5350 τὸ
1401 5299 1693 5370 πρόσωπον
1711 5304 2014 5370 ἀνατείνας,

437 5377 876 5450 προσφθέγγεται
908 5383 985 5455 τῷ
1016 5384 1134 5458 Θεῷ
1157 5386 1360 5457 λέγων·
1401 5409 1420 5442 ι
1463 5392 1583 5446 Ὅτι
1625 5394 1688 5446 σὺ
1717 5395 2017 5460 ἀποδώσεις

438 5469 649 5542 ἑκάστῳ
672 5473 812 5527 κατὰ
833 5473 900 5529 τὰ
940 5475 1077 5548 ἔργα
1115 5479 1300 5533 αὑτοῦ.
1334 5501 1352 5533 ι
1393 5484 1502 5538 Καὶ
1532 5487 1562 5539 6
1606 5486 1836 5554 Ἀκύλας
1866 5489 1924 5542 δὲ
1947 5489 2018 5545 τὰ

440 5561 774 5633 προκείμενα
810 5564 998 5620 τοῦτον
1029 5570 1342 5641 ἡρμήνευσε
1363 5574 1453 5627 τὸν
1477 5577 1697 5647 τρόπον’
1730 5598 1748 5629 ι
1789 5580 2015 5655 Ὲλάλη-

439 5666 529 5704 σεν
565 5655 594 5706 6
620 5654 773 5733 Θεὸς,
807 5658 900 5711 καὶ
932 5658 1181 5733 δεύτερον
1210 5664 1510 5735 ἐπήκουσαο
1547 5669 1626 5723 δτι
1666 5673 1701 5733 ἡ
1735 5674 1885 5744 ἰσχὺς
1919 5654 2013 5730 τοῦ

511 5827 556 5859 ⁷⁸
594 5827 734 5886 Psal.
771 5849 858 5889 cn
883 5874 896 5900 ,
933 5835 984 5893 9.
1063 5838 1104 5870 ⁷⁷
1151 5836 1304 5895 Rom.
1343 5857 1417 5907 XI,
1453 5842 1541 5899 9.2.

2128 4654 2377 4718 pmestas
2408 4644 2503 4701 Dei
2531 4652 2638 4711 est,
2690 4653 2746 4700 et
2775 4645 2896 4709 tibi,
2932 4643 3182 4711 Domine,
3216 4645 3639 4713 misericordia;
3684 4662 3704 4698 ι

2124 4745 2203 4801 et,
2241 4756 2261 4790 ι
2298 4738 2430 4809 quia
2459 4745 2519 4791 tu
2562 4736 2762 4793 reddes
2785 4736 3087 4810 unicuique
3111 4738 3270 4808 juxta
3299 4753 3468 4808 opera
3498 4738 3643 4795 sua?
3683 4756 3707 4794 ι

2126 4829 2530 4895 Misericordia,
2567 4832 2665 4897 ait,
2693 4837 2750 4886 et
2804 4824 3114 4901 pot'estas;-
3144 4838 3393 4902 potestas
3444 4831 3514 4887 ad
3569 4832 3709 4889 ulci-

2127 4929 2392 4986 scendum
2426 4939 2483 4986 et
2508 4931 2911 4986 humiliandum
2942 4929 3176 4987 eﬂrenes
3207 4928 3494 4994 homines;
3524 4928 3710 4984 mise—

2121 5010 2360 5079 ricordia
2391 5022 2459 5077 ad
2477 5023 2660 5080 salvos
2691 5023 2978 5080 faciendos
3008 5033 3294 5094 sperantes
3315 5022 3373 5076 in
3402 5036 3483 5077 se.
3513 5038 3532 5072 ι
3566 5018 3704 5074 Vide

2123 5130 2256 5185 ergo
2320 5115 2621 5171 bonitatem
2677 5124 2733 5171 et
2796 5114 3145 5171 severitatem
3196 5110 3292 5170 Dei
3325 5112 3395 5177 '-",
3457 5130 3477 5164 ι
3526 5110 3707 5181 inquit

2124 5209 2424 5278 Apostolus
2461 5228 2474 5264 :
2510 5211 2862 5265 severitatem
2912 5209 2967 5262 in
3019 5208 3204 5279 lapsos
3254 5220 3353 5277 per
3377 5211 3705 5277 potestatem

2120 5317 2277 5359 suam
2304 5318 2320 5369 ;
2348 5317 2477 5374 erga
2531 5310 2585 5358 te
2633 5317 2767 5358 vero
2790 5301 3090 5357 bonitatem
3120 5315 3216 5371 per
3237 5297 3701 5355 miscriconliam.

2119 5393 2421 5465 Postquam
2456 5395 2570 5449 haec
2595 5394 2833 5460 dixerat,
2855 5402 3042 5449 erecto
3078 5407 3300 5449 sursum
3330 5391 3486 5446 vultu
3528 5388 3702 5446 Deum

2117 5489 2199 5543 sic
2230 5489 2529 5559 alloquitur
2565 5508 2578 5545 :
2620 5508 2639 5539 ι
2677 5488 2816 5555 Quia
2853 5496 2911 5542 tu
2967 5487 3163 5545 reddes
3214 5487 3513 5558 unicuique
3537 5485 3695 5556 juxta
3755 5535 3759 5545 ,

2117 5597 2283 5652 opera
2338 5598 2458 5637 sua.
2511 5602 2530 5632 ι
2591 5581 2786 5654 Aquila
2834 5582 3002 5637 etiam
3045 5581 3160 5636 hace
3193 5581 3275 5637 sic
3308 5581 3697 5651 interpretatus

2115 5683 2200 5727 est
2232 5694 2244 5730 :
2293 5695 2311 5728 ‹
2353 5675 2593 5732 Locutus
2622 5683 2706 5733 cst
2761 5674 2924 5741 Deus,
2957 5684 3010 5732 et
3039 5673 3282 5733 secundo
3313 5675 3519 5737 audivi,
3565 5674 3696 5743 quia
