4090 6410
354 355 462 414 599

1034 354 1303 413 EUSEBII
1326 356 1816 415 CESABIENSIS
1853 357 2006 416 OPP.
2045 358 2228 415 PARS
2266 358 2357 415 Ill.
2387 389 2460 401 υσ-
2486 358 2900 418 EXEGETICA.

3511 358 3618 415 σοο

356 473 623 529 fortitudo
678 472 796 536 Dei,
850 482 904 529 et
954 473 1077 538 tibi,
1113 473 1365 542 Domine,
1414 475 1815 531 misericordia.
1851 473 1933 529 Tu

2047 476 2198 542 Θεοῦ,
2234 479 2327 531 καὶ
2350 477 2454 543 σοὶ,
2489 478 2757 542 Δέσποτα,
2787 477 2847 531 τὸ
2871 474 3036 539 ἕλεος.
3071 475 3145 528 Σὺ
3171 472 3228 528 δὲ
3254 471 3451 538 ἀπόδος
3477 473 3619 527 κατὰ

351 582 483 623 vero
505 565 672 623 redde
692 566 925 637 singulis
950 567 1084 623 viris
1111 566 1415 623 secundum
1447 583 1614 639 Opera
1644 583 1764 624 sua.
1804 588 1823 620 ι

355 704 408 762 1.
432 701 763 760 PSALMUS
796 703 1052 765 DAVlDl,
1078 703 1223 759 CUM
1257 703 1478 760 ESSET
1514 704 1579 761 1N
1609 702 1933 760 DESERTO

862 775 937 847 (ι)
965 773 1235 829 tuom:
1276 774 1434 830 LXII.

425 885 597 944 Vens.
633 887 689 954 2,
718 889 771 943 5.
821 907 838 939 ‹
870 887 1016 945 Deus
1042 888 1186 944 Deus
1208 904 1389 952 meus,
1418 890 1486 944 ad
1522 897 1577 946 te
1602 889 1673 946 de
1708 890 1831 946 luce
1860 889 1937 944 vi-

353 980 483 1050 gilo.
520 1000 539 1033 ι
578 980 715 1035 Cum
752 970 964 1052 fugeret
996 979 1190 1046 David,
1220 982 1459 1038 accessit
1491 981 1559 1036 ad
1582 982 1934 1037 Achimelech

356 1072 736 1139 sacerdotem;
775 1072 904 1126 hinc
935 1071 1002 1125 ad
1022 1071 1210 1127 Achus
1235 1087 1418 1142 regem
1448 1070 1623 1140 Geth;
1656 1071 1785 1128 inde
1807 1088 1935 1128 vero

354 1163 410 1217 in
437 1162 723 1235 Massepha
746 1163 925 1221 Moab.
964 1163 1079 1221 Gad
1115 1173 1299 1221 autem
1343 1166 1633 1238 propheta,
1690 1170 1784 1237 qui
1833 1167 1936 1222 ad-

353 1264 498 1321 erat,
534 1264 730 1312 auctor
763 1266 850 1313 est
890 1258 994 1328 ipsi
1040 1267 1100 1314 ut
1138 1275 1207 1315 ne
1248 1259 1391 1314 ultra
1441 1259 1589 1330 apud
1633 1260 1937 1331 allophylos

353 1365 542 1406 moras
568 1351 770 1406 trahat.
795 1350 980 1417 Quare
1003 1352 1132 1408 inde
1167 1351 1477 1423 profectus,
1512 1352 1569 1407 in
1598 1352 1818 1409 deserto
1846 1352 1938 1408 Ju-

354 1442 485 1498 daeze
505 1441 739 1507 habitat,
774 1442 842 1498 de
871 1459 981 1514 quo
1021 1448 1271 1515 tempore
1311 1445 1428 1500 haec
1464 1443 1749 1516 Scriptura
1777 1460 1938 1501 enar-

355 1541 446 1590 rat
476 1553 491 1590 :
528 1554 547 1586 ι
591 1533 661 1589 Ει
692 1536 1015 1592 morabatur
1060 1535 1232 1592 David
1283 1539 1340 1592 in
1374 1536 1595 1594 deserto
1625 1536 1936 1597 Masseneth

354 1627 413 1682 in
449 1628 722 1699 angustis,
773 1636 828 1685 et
858 1627 1019 1685 sedes
1052 1629 1287 1685 habebat
1319 1629 1375 1684 in
1404 1628 1624 1686 deserto
1665 1630 1722 1685 in
1751 1640 1939 1685 monte

355 1718 516 1791 Ziph.
550 1718 618 1774 Et
651 1721 929 1790 quaerebat
977 1712 1103 1776 eum
1145 1719 1277 1776 Saul
1324 1723 1583 1779 omnibus
1630 1724 1850 1786 diebus,
1883 1730 1938 1778 et

2037 569 2205 642 ἄνδρα
2236 570 2453 642 ἑκάστῳ
2484 569 2626 624 κατὰ
2656 569 2729 623 τὰ
2758 569 2897 643 ἔργα
2917 568 3105 625 αὐτοῦ.
3134 587 3153 621 ι

2035 710 2337 766 ΨΔΛΜΟΣ.
2375 709 2463 763 Tn
2496 708 2712 774 tum
2762 708 2855 763 EN
2892 708 2980 778 το
3019 707 3204 778 emax
3234 703 3488 778 ΑΥΤΟΝ
3527 701 3619 756 EN

2301 781 2397 855 Τῌ
2436 781 2673 851 ΕΡΗΜῼ
2707 780 2844 833 ΤΗΣ
2880 775 3196 833 ΙΟΥΔΑΙΑΣ
3231 775 3328 828 EB’

2113 914 2131 943 ι
2174 895 2233 949 ’0
2259 894 2395 960 Θεδς
2422 897 2451 949 6
2478 893 2612 958 Θεός
2648 910 2772 966 μου,
2804 892 2942 963 πρὸς
2975 891 3035 944 σὲ
3061 886 3319 963 ὀρθρίζω.
3346 906 3366 939 ›
3396 884 3621 955 Φεύγων

2035 990 2064 1041 6
2091 986 2253 1042 Δαυῒδ
2277 987 2635 1058 παραγίνεται
2668 985 2807 1059 πρὸς
2842 983 3131 1056 Ἀχιμέλεχ
3153 982 3245 1035 τὸν
3274 981 3443 1052 ἱερέα·
3469 978 3622 1033 ἔνθεν

2037 1078 2174 1149 πρὸς
2206 1077 2396 1149 ’Δχοῖις
2423 1078 2515 1132 τὸν
2548 1077 2774 1148 βασιλέα
2794 1075 2918 1138 Γὲθ,
2948 1073 3201 1128 κάκεῖθεν
3234 1074 3323 1135 εἰς·
3342 1071 3623 1140 Μάσσηφα

2035 1169 2134 1240 τῆς
2162 1170 2355 1224 Μωάϐ.
2385 1169 2567 1225 Συνὼν
2591 1170 2649 1223 δὲ
2678 1168 2828 1240 αύτῷ
2848 1167 2956 1221 Γὰδ
2976 1168 3005 1221 6
3030 1166 3339 1238 προφήτης,
3367 1163 3624 1235 παραινεῖ

2041 1263 2116 1334 μὴ
2144 1261 2417 1318 ποιεῖσθαι
2442 1261 2597 1333 παρὰ
2615 1264 2727 1326 τοῖς
2747 1259 3065 1331 ἀλλοφύλοις
3081 1259 3181 1323 τὰς
3201 1255 3502 1328 διατριϐάς.
3531 1253 3625 1306 Διδ

2040 1354 2316 1424 μεταστάς
2347 1354 2626 1419 ἐντεῦθεν,
2649 1354 2749 1426 τὴν
2775 1352 3013 1426 ἐρημίαν
3034 1351 3136 1421 τῆς
3172 1349 3433 1411 Ἰουδαίας
3459 1347 3620 1401 οἰκεῖ·

2036 1446 2125 1500 ὅτε
2175 1445 2272 1500 καὶ
2322 1447 2525 1519 ἱστορεῖ
2572 1445 2809 1515 λέγουσα
2853 1447 2888 1517 ἡ
2932 1444 3157 1517 Γραφής
3213 1460 3232 1492 ι
3261 1440 3371 1494 Kal
3399 1438 3623 1492 ἐκάθισε

2037 1539 2200 1594 Δαυτδ
2236 1542 2294 1596 ὲν
2331 1542 2407 1612 οιτῇ¹
2444 1541 2638 1612 ἐρήμῳ
2667 1538 2951 1594 Μασσενὲθ
3003 1538 3063 1593 ὲν
3105 1538 3219 1600 τοῖς
3254 1535 3488 1597 στενοῖς·
3531 1529 3625 1585 καὶ

2038 1632 2275 1707 ἐκάθητο
2318 1634 2377 1686 ὲν
2405 1631 2484 1704 τῷ
2516 1633 2632 1705 δρει
2662 1634 2721 1687 ὲν
2763 1634 2831 1704 τῇ
2866 1631 3059 1703 ἐρήμῳ
3089 1628 3245 1698 Ζείφ.
3289 1627 3400 1681 Kal
3444 1626 3625 1697 ἐζήτει

2040 1726 2204 1780 αὐτὸν
2243 1726 2418 1781 Σαοὺλ
2459 1725 2638 1789 πάσας
2669 1724 2769 1789 τὰς
2804 1724 3046 1796 ἡμέρας,
3081 1721 3179 1776 καὶ
3215 1720 3277 1774 οὐ
3311 1717 3630 1791 παρέδωκεν

353 1828 465 1866 non
499 1811 728 1868 tradidit
765 1829 890 1868 eum
923 1812 1189 1869 Dominus
1241 1814 1298 1869 in
1332 1830 1530 1872 manus
1560 1815 1683 1885 ejus
1710 1816 1780 1872 ".
1817 1835 1835 1868 ι
1878 1815 1935 1871 ln

2047 1819 2202 1874 αὑτὸν
2234 1820 2441 1893 Κύριος
2470 1821 2550 1884 είς
2574 1818 2673 1883 τὰς
2697 1821 2888 1893 χεῖρας
2910 1815 3103 1873 αὐτοῦ.
3126 1834 3144 1868 ι
3185 1814 3274 1868 Ἐν
3294 1812 3505 1875 τούτοις
3528 1808 3627 1907 ῶν,

353 1905 460 1960 Ιιοο
490 1921 677 1962 rerum
729 1914 899 1974 statu,
929 1907 1078 1962 hunc
1125 1908 1400 1979 psalmum
1432 1907 1687 1972 adornat,
1748 1917 1938 1964 notato

352 2012 451 2067 per
475 1995 693 2051 titulum
722 2004 992 2068 tempore.
1024 1997 1207 2064 Quare
1243 1999 1451 2055 dictum
1480 2006 1585 2064 est,
1625 2019 1644 2051 ι
1688 1997 1940 2057 Psalmus

352 2086 567 2153 Davidi,
600 2104 726 2144 cum
763 2098 913 2145 esset
938 2089 995 2144 in
1025 2089 1244 2147 deserto
1264 2089 1487 2147 Iudaeae.
1538 2111 1557 2144 ι
1602 2089 1645 2144 Ε
1677 2107 1736 2147 re
1757 2100 1938 2147 autem

352 2180 520 2237 fuerit
548 2180 640 2235 hic
666 2197 885 2237 rursum
911 2181 1230 2249 observare,
1264 2198 1373 2238 non
1405 2199 1472 2239 ex
1510 2183 1659 2239 serie
1692 2183 1940 2239 historia:

354 2280 413 2328 et
465 2281 799 2343 temporum,
853 2273 1106 2330 ordinem
1158 2276 1497 2346 psalmorum
1555 2276 1936 2342 constitutum,

354 2365 454 2422 sed
506 2366 666 2422 valde
711 2366 975 2438 permista
1011 2373 1262 2439 tempora
1313 2384 1457 2425 esse.
1520 2367 1656 2424 Nam
1708 2369 1940 2425 historia

356 2457 534 2528 primo
566 2466 838 2526 recenset,
874 2457 1096 2516 Saulem
1129 2461 1358 2519 nuntios
1381 2461 1602 2519 misisse
1632 2463 1688 2518 in
1716 2463 1939 2518 domum

356 2550 551 2616 David,
595 2551 691 2624 qui
737 2550 1119 2609 interﬁcerent
1156 2568 1304 2619 eum,
1337 2562 1392 2609 et
1423 2553 1656 2611 Melchol
1712 2570 1939 2611 uxorem

353 2641 486 2712 ejus.
529 2643 820 2700 demisisse
874 2658 999 2700 eum
1051 2660 1149 2717 per
1203 2644 1542 2717 fenestram;
1592 2646 1940 2703 Psalmorum

355 2750 493 2792 vero
521 2738 799 2810 scriptura
831 2753 953 2795 eam
985 2754 1101 2796 rem
1133 2739 1191 2795 in
1224 2755 1355 2797 Lvm
1410 2750 1699 2798 memorat.
1734 2739 1943 2798 Deinde

357 2828 590 2887 historia
622 2829 923 2904 Scriptura:
951 2842 1145 2889 narrat
1174 2834 1399 2890 venisse
1424 2832 1685 2891 Davidem
1713 2835 1770 2890 in
1792 2832 1942 2889 Noba

355 2920 427 2992 ad
462 2923 817 2982 Achimelech
847 2927 1231 2994 sacerdotem;
1294 2925 1391 2981 sed
1422 2924 1770 2982 Psahnorum
1806 2926 1944 2982 liber

356 3015 500 3071 hanc
528 3031 645 3071 rem
674 3026 884 3089 gestam
919 3017 1175 3073 meminit
1216 3018 1273 3072 in
1316 3033 1497 3072 xxxtu
1528 3018 1757 3086 psalmo.
1796 3017 1941 3074 Rur—

357 3124 594 3179 sumque
623 3112 901 3181 scriptura
948 3109 1263 3182 Regnorum
1289 3109 1410 3164 ait:
1443 3128 1460 3161 ι
1500 3109 1569 3164 Ει
1601 3110 1738 3165 abiit
1773 3110 1943 3165 David

2040 1914 2133 1969 τὸν
2162 1914 2524 1987 προκείμενον
2555 1912 2771 1984 ψαλμὸν
2806 1910 3117 1973 συντάττει,
3169 1906 3262 1960 τὸν
3307 1903 3498 1976 καιρὸν
3541 1900 3631 1955 διὰ

2040 2008 2140 2079 τῆς
2171 2006 2497 2080 προγραφῆς
2526 2007 2798 2078 σημήνας.
2833 2003 2926 2057 Διὸ
2963 2003 3199 2075 εἴρηται,
3236 2017 3258 2051 σ
3289 1995 3521 2067 Ψαλμδς
3550 1992 3629 2066 τῷ

2043 2099 2225 2164 Δαυῒδ,
2256 2103 2313 2155 ὲν
2336 2099 2416 2171 τῷ
2443 2095 2584 2154 εἶναι
2608 2099 2771 2154 αύτδν
2796 2100 2854 2153 ὲν
2875 2099 2941 2169 τῇ
2969 2096 3163 2170 ἐρήμῳ
3182 2092 3285 2164 τῆς
3313 2088 3590 2151 Ἰουδαίας.
3606 2105 3626 2140 ι

2043 2194 2277 2263 Εῠλογον
2318 2193 2377 2248 δὲ
2409 2192 2645 2249 ἐνταῦθα
2677 2192 3011 2263 γενομένους
3039 2182 3486 2258 ἐπισημήνασθαι
3528 2179 3631 2235 πά-

2042 2287 2146 2351 λιν,
2175 2286 2258 2339 ὃτι
2283 2284 2357 2357 μὴ
2384 2284 2528 2339 κατά
2555 2283 2880 2338 ἀκολουθίαν
2906 2280 3018 2335 τῶν
3043 2280 3142 2350 τῆς
3167 2276 3407 2349 ἱστορίας
3427 2273 3632 2347 χρόνων

2044 2381 2078 2452 ὴ
2110 2378 2219 2432 τῶν
2250 2377 2483 2450 ψαλμῶν
2518 2377 2804 2446 σύγκειται
2829 2373 3003 2439 τάξις·
3036 2371 3362 2444 ὲνήλλακται
3389 2366 3446 2420 δὲ
3478 2360 3634 2436 παρὰ

2044 2470 2179 2525 πολὺ
2217 2473 2333 2534 τοῖς
2370 2470 2603 2542 χρόνοις.
2645 2466 2855 2522 Αὐτίκα
2880 2464 3072 2536 γοῦνιη
3103 2464 3201 2535 μὲν
3232 2459 3445 2533 ἱστορία
3478 2455 3634 2528 πρώ-

2043 2582 2144 2637 την
2192 2563 2440 2636 περιέχει
2483 2561 2582 2634 τὴν
2614 2560 2867 2630 διήγησιν
2897 2556 3018 2612 καθ’
3044 2555 3111 2627 ἢν
3144 2551 3429 2610 ἀπέστειλε
3460 2548 3635 2604 Σαοὺλ

2044 2655 2310 2725 ἀγγέλους
2338 2655 2419 2717 είς
2447 2653 2540 2724 τὸν
2578 2646 2727 2705 οἷκον
2759 2647 2944 2713 Δαυῖίδ,
2985 2647 3083 2703 τοῦ
3110 2643 3431 2699 θανατῶσαιί
3449 2640 3645 2700 αὐτόν·-

2043 2751 2125 2804 ὅτι
2151 2748 2419 2820 Μελχὸλὴ
2455 2746 2593 2818 γυνὴ
2621 2744 2786 2799 αὐτοῦ
2820 2743 3062 2815 καθῆκεν
3096 2737 3381 2795 αὒτδν-διὰ
3407 2736 3506 2806 τῆς
3539 2733 3639 2787 θυ-

2047 2841 2222 2914 ρίδος·
2260 2842 2294 2913 ὴ
2327 2840 2385 2893 δὲ
2426 2840 2535 2893 τῶν
2587 2836 2820 2909 ψαλμῶν
2865 2835 3056 2906 γραφὴ
3104 2833 3162 2885 ὲν
3196 2829 3275 2901 τῷ
3307 2836 3389 2901 νην
3431 2824 3638 2899 ταύτης

2049 2933 2321 3004 μέμνηται
2353 2932 2454 3002 τῆς
2487 2928 2759 3003 πράξεως.
2791 2925 2905 2983 Εἴθ’
2939 2926 3069 2998 ἑξῆς
3102 2927 3135 2997 ἡ
3175 2923 3275 2996 μὲν
3307 2920 3502 2994 Γραφὴ
3528 2920 3636 2973 τῶν

2048 3025 2300 3100 ἱστοριῶν
2329 3025 2591 3086 διδάσκει,
2636 3023 2713 3087 ῶς
2763 3023 2985 3095 ἔρχεται
3016 3017 3180 3073 Δαυῒδ
3207 3019 3288 3080 είς
3321 3013 3474 3068 Νοϐἇ
3501 3011 3635 3082 πρὸς

2057 3118 2348 3191 ’Δχιμέλεχ
2373 3118 2463 3172 τὸν
2490 3116 2656 3188 ἱερέαο
2682 3117 2716 3187 ἡ
2741 3115 2800 3168 δὲ
2829 3112 3009 3185 βίϐλος
3029 3111 3139 3166 τῶν
3167 3105 3414 3178 Ψαλμῶν
3433 3103 3643 3173 ταύτης

357 3199 510 3261 inde.
538 3208 594 3256 et
625 3202 877 3267 venit,,et
908 3202 1158 3258 salvatus
1214 3208 1300 3256 est
1351 3199 1407 3257 in
1456 3201 1720 3271 spelunca
1774 3199 1943 3256 Odol-

2054 3212 2327 3283 μέμνηται
2354 3209 2456 3279 τῆς
2487 3206 2742 3279 πράξεως
2774 3209 2832 3260 ὲν
2861 3203 2940 3275 τῷ
2968 3202 3050 3273 λγ¹
3075 3198 3295 3291 ψαλμῷ,
3331 3192 3641 3291 Καὶ-πάλων

357 3292 468 3347 lam
502 3293 587 3359 ἠςΔ
622 3312 641 3345 ι
680 3294 821 3350 liber
854 3302 1041 3349 autem
1071 3293 1419 3351 Psalmorum
1456 3294 1625 3364 hujus
1653 3294 1860 3365 negotii
1887 3293 1943 3347 in

2048 3305 2082 3376 ἡ
2120 3304 2217 3374 μὲν
2255 3300 2442 3373 γραφὴ
2474 3299 2581 3353 τῶν
2620 3297 2916 3352 Βασιλειῶν
2948 3311 3108 3366 φησν
3146 3311 3163 3343 ι
3200 3290 3312 3345 Kal
3342 3285 3638 3358 ἀπηλλάγη

358 3400 445 3439 Lvi
502 3385 839 3443 mentionem
896 3385 1047 3443 facit.
1094 3384 1213 3444 Sub
1267 3387 1385 3442 haec
1425 3387 1625 3443 iterum
1670 3387 1946 3458 scriptura

360 3480 676 3552 Regnorum
711 3479 857 3544 Doec
879 3487 1178 3547 memorat,
1210 3495 1329 3552 quo
1344 3488 1506 3550 pacto
1529 3478 1745 3535 scilicet
1775 3479 1946 3534 Achi-

359 3574 575 3630 melech
627 3574 973 3631 sacerdotem
1006 3574 1151 3645 apud
1185 3573 1406 3629 Saulem
1440 3573 1810 3631 calumniatus
1838 3573 1946 3641 sit;

359 3674 417 3721 at
443 3665 792 3723 Psalmorum
817 3667 956 3734 liber
988 3667 1043 3720 in
1078 3683 1132 3721 ιι
1153 3666 1260 3723 hoc
1286 3675 1506 3737 tempus
1529 3674 1944 3723 commemorat.

358 3758 559 3830 Agnita
581 3774 747 3829 porro
774 3758 947 3816 David
1000 3760 1174 3831 ipsius
1202 3759 1349 3816 Doec
1392 3759 1693 3825 calumnia,
1727 3758 1867 3829 fugit
1896 3768 1951 3814 et

360 3852 421 3907 in
455 3852 732 3909 desertum
764 3851 967 3909 Iudaeae
1005 3869 1066 3910 se
1096 3853 1353 3918 contulit,
1383 3869 1494 3925 quo
1517 3860 1766 3924 tempore
1805 3853 1951 3907 hunc

360 3959 525 4013 quiem
563 3952 871 4001 tractamus
895 3945 1166 4017 psalmum
1196 3945 1508 4002 adornavit.
1557 3944 1625 4000 Et
1673 3945 1950 4016 scriptura

360 4035 583 4105 quidem
644 4034 961 4107 Regnorum
1016 4045 1142 4109 post
1196 4038 1506 4108 praesentis,
1574 4037 1788 4093 scilicet
1833 4051 1949 4091 Lm

360 4125 847 4198 psalmi.tcmpus,
885 4128 1136 4199 quaedam
1168 4135 1324 4199 gesta
1360 4136 1782 4192 commemorat,
1811 4143 1864 4181 v.
1892 4142 1945 4196 g.

362 4226 422 4273 ut
452 4217 658 4290 Ζίριιωὶ
690 4219 862 4275 David
893 4220 1038 4291 apud
1064 4218 1287 4276 Saulem
1321 4218 1645 4274 calumniati
1682 4225 1849 4284 sunt;
1882 4216 1951 4272 de

360 4311 562 4384 quibus
595 4309 940 4367 Psalmorum
971 4312 1130 4376 liber,
1165 4311 1220 4366 in
1245 4326 1364 4379 Llll,
1401 4310 1734 4367 mentionem
1761 4309 1947 4374 habet,

359 4404 522 4474 cujus
557 4403 753 4460 titulus
775 4411 863 4459 est
903 4423 915 4458 :
954 4422 973 4455 ι
1012 4403 1071 4459 ln
1123 4403 1311 4468 linem,
1348 4405 1405 4459 in
1437 4404 1681 4481 hymnis,
1733 4404 1951 4460 intelle-

358 4502 484 4550 ctus
512 4493 708 4556 David,
745 4509 872 4549 cum
903 4494 1189 4573 venissent
1224 4492 1453 4566 Ziphaai,
1488 4501 1543 4550 et
1572 4493 1847 4551 dixissent
1880 4493 1951 4548 ad

2048 3393 2213 3448 Δαυῒδ
2226 3392 2497 3455 ἐντεῦθεν,
2516 3392 2613 3446 καὶ
2641 3389 2887 3462 ἔρχεται,
2918 3387 3013 3441 καὶ
3038 3382 3272 3453 διεσώθη
3307 3382 3385 3445 είς
3406 3378 3467 3432 τὸ
3492 3377 3633 3447 σπή-

2049 3485 2198 3541 λαιον
2229 3483 2292 3537 τὸ
2323 3482 2605 3554 Ὀδολλὰμ·
2639 3502 2657 3534 ι
2693 3486 2727 3553 ἡ
2757 3481 2815 3535 δὲ
2850 3479 3028 3551 βίϐλος
3056 3476 3165 3530 τῶν
3193 3471 3439 3545 Ψαλμῶν
3472 3472 3528 3524 ὲν
3555 3466 3639 3540 τῷ,

2049 3584 2136 3643 νς⁹
2173 3576 2447 3649 μέμνηται
2483 3576 2581 3647 τῆς
2624 3573 2853 3639 τάξεως.
2901 3571 3013 3627 Καὶ
3042 3566 3199 3633 αὖθις
3238 3566 3376 3639 μετὰ
3404 3563 3577 3619 ταῦτα
3601 3563 3636 3634 ἡ

2054 3671 2153 3743 μὲν
2185 3669 2373 3742 γραφὴ
2406 3667 2517 3722 τῶν
2559 3667 2856 3725 Βασιλειῶν
2897 3663 2990 3719 τοῦ
3033 3663 3193 3734 Δωὴκ
3236 3656 3533 3733 μέμνηται,
3564 3655 3643 3719 ὡς

2050 3762 2377 3832 διαϐέϐληκε
2408 3760 2487 3833 τῷ
2524 3760 2697 3814 Σαοὺλ
2732 3758 2825 3814 τὸν
2867 3756 3018 3829 ἱερέα
3061 3752 3371 3826 ’Δχιμέ).εχ’
3409 3753 3443 3822 η
3471 3749 3528 3802 δὲ
3563 3747 3646 3819 βί-

2051 3855 2177 3919 ϐλος
2202 3854 2316 3912 τῶν,
2333 3852 2581 3924 Ψαλμῶν
2610 3853 2668 3907 ὲν
2694 3850 2772 3922 τῷ
2799 3857 2877 3905 va.’
2894 3848 3084 3903 τοῦτον
3117 3844 3372 3917 σημαίνει
3399 3842 3491 3895 τὸν
3518 3838 3647 3912 χρό‹

2050 3963 2161 4001 νον.
2179 3934 2355 4010 Τνοὺς
2382 3945 2450 4003 δὲ,
2467 3946 2496 3997 ὁ
2518 3942 2682 3999 Δαυῒδ
2708 3942 2806 4015 τὴν
2828 3940 2924 3996 τοῦ
2954 3939 3117 4011 Δωὴκ
3144 3935 3417 4007 διαϐολὴν,
3450 3932 3643 4003 φεύγει

2051 4037 2147 4092 καὶ
2197 4036 2560 4109 παραγίνεται
2601 4037 2681 4099 είς
2720 4035 2821 4109 τὴν
2864 4034 3069 4105 ἔρημον
3092 4032 3193 4100 τῆς
3240 4026 3520 4091 Ἰουδαίας,
3553 4027 3643 4080 ὅτε

2052 4132 2147 4185 καὶ
2191 4129 2474 4188 συντάττει
2511 4128 2606 4185 τὸν
2654 4128 2794 4199 μετά
2835 4129 3025 4203 χεῖρας
3064 4121 3299 4194 ψαλμόν.
3336 4120 3448 4174 Kal
3477 4119 3512 4188 ἡ
3546 4115 3645 4187 μὲν

2052 4222 2240 4297 γραφὴ
2268 4223 2375 4279 τῶν
2400 4220 2698 4279 Βασιλειῶν
2732 4218 2881 4292 μετὰ
2896 4217 2987 4271 τὸν
3020 4214 3210 4288 χρόνον
3244 4210 3339 4266 τοῦ
3376 4208 3513 4282 μετὰ
3534 4209 3649 4278 χεῖ-

2055 4333 2154 4387 ρας
2182 4300 2424 4386 ψαλμοῦ,
2453 4312 2601 4383 λέγω
2625 4312 2682 4369 δὲ
2714 4311 2809 4365 τοῦ
2842 4309 2943 4377 ξθ,
2967 4305 3221 4381 πράξεών
3246 4321 3407 4359 τινων
3437 4301 3649 4374 μέμνη-

2052 4421 2164 4467 ται,
2187 4405 2265 4468 ὡς
2292 4406 2341 4458 οἱ
2369 4404 2582 4473 Ζιφαῖοι
2602 4399 2947 4457 διαϐάλλουσι
2974 4397 3053 4469 τῷ
3079 4394 3255 4453 Σαοὺλ
3278 4394 3370 4449 τὸν
3401 4388 3581 4446 Δαυῖδ·
3611 4390 3649 4460 ή

2053 4495 2112 4549 δὲ
2140 4494 2322 4567 βίϐλος
2346 4493 2456 4548 τῶν
2470 4491 2719 4564 Ψαλμῶν
2740 4489 2948 4543 τούτων
2975 4488 3248 4561 μέμνηται
3270 4488 3327 4539 ὲν
3354 4483 3430 4555 τῷ
3459 4488 3561 4551 νγ’,
3588 4480 3652 4545 ὃς

363 4587 518 4653 Saul,
554 4586 696 4643 Ecce
731 4585 906 4641 David
944 4570 1314 4645 absconditus
1366 4595 1451 4645 est
1478 4588 1627 4658 apud
1659 4604 1783 4645 nos.
1828 4609 1847 4639 ι
1881 4587 1943 4642 Ει

2055 4586 2445 4657 ἐπιγράφεται,
2476 4604 2495 4637 ι
2535 4585 2629 4648 Είς
2660 4583 2723 4637 τδ
2756 4582 2908 4647 τέλος
2939 4583 2996 4634 ἐν
3030 4578 3243 4651 ύμνοις,
3277 4576 3545 4637 συνέσεως
3569 4570 3652 4642 τῷ

360 4695 430 4735 ιν
459 4679 761 4751 inscriptus
801 4686 928 4734 est:
964 4697 985 4730 ι
1024 4678 1589 4745 ριιοιιιιο.ιθιιιιοιύιιι
1619 4696 1744 4736 eum
1789 4681 1944 4736 Allo-

361 4770 510 4842 phyli
544 4772 597 4825 in
631 4771 794 4827 Gcth.
826 4790 845 4823 ι
874 4771 1012 4827 Illud
1036 4783 1219 4828 autem
1250 4771 1566 4845 Regnorum
1592 4775 1870 4846 scriptura
1888 4774 1945 4830 in

363 4872 641 4935 postrema
674 4866 920 4922 historia:
945 4874 1103 4937 parte
1151 4866 1387 4936 reponit.
1414 4864 1607 4923 Viden’
1642 4882 1753 4937 quo
1785 4877 1949 4940 pacto

361 4958 543 5030 prima
570 4967 870 5029 postrema,
902 4970 956 5016 et
991 4967 1270 5030 postrema
1296 4961 1473 5031 prima
1499 4961 1912 5017 constituantur
1927 4967 1955 5021 2'.

359 5049 519 5117 Quod
569 5049 618 5104 si
666 5052 971 5108 secundum
1018 5061 1326 5121 temporum
1358 5054 1558 5113 seriem
1583 5053 1780 5124 digesti
1817 5054 1952 5110 fuis-

359 5151 504 5207 sent,
532 5144 745 5214 primus
773 5144 1099 5201 statuendus
1114 5154 1233 5201 erat
1253 5160 1408 5211 Lvm,
1440 5146 1718 5204 secundus
1751 5163 1951 5212 xxxnr,

361 5236 561 5316 tertius
602 5236 804 5293 deinde
839 5253 953 5301 Lvl,
1012 5248 1247 5307 quartus
1293 5252 1371 5301 LI,
1432 5246 1487 5293 et
1547 5246 1952 5308 consequenter

360 5327 588 5397 quintus
621 5345 756 5396 Lm,
781 5340 971 5386 sextus
998 5346 1119 5393 ιιιι,
1148 5345 1213 5385 ac
1240 5337 1557 5400 postremus
1579 5331 1826 5385 omnium
1861 5348 1949 5389 LV.

362 5419 493 5477 Post
523 5430 758 5479 mortem
789 5440 920 5479 vero
953 5421 1140 5479 Saulis
1171 5423 1406 5493 primum
1448 5423 1639 5495 psallit
1670 5439 1783 5487 LIX.
1820 5441 1947 5481 cum

361 5515 638 5582 percussit
666 5513 804 5571 Joab
830 5515 1031 5570 vallem
1065 5512 1402 5577 Salinarum,
1440 5514 1697 5585 cepitque
1748 5515 1951 5572 duode-

362 5606 469 5660 cim
504 5607 675 5661 millia
702 5608 988 5664 hominum
1022 5607 1422 5676 Moabitarum;
1460 5626 1479 5659 ι
1515 5623 1545 5662 ιι
1574 5624 1702 5663 vero
1727 5617 1936 5679 postea,

437 5763 483 5792 ⁷⁸
522 5761 540 5814 l
574 5760 703 5830 Reg.
744 5779 910 5827 xxxii,
952 5763 1133 5818 16.15.
1210 5764 1255 5798 ⁷⁹
1295 5764 1315 5819 I
1350 5763 1480 5837 Reg.
1519 5780 1668 5831 xxu,
1705 5768 1753 5821 l.

439 5854 515 5925 (Ι)
557 5852 730 5910 Grmc.
768 5863 818 5911 et
846 5854 1319 5931 thlg._ldunurw.

2056 4680 2241 4748 Δαυῒδ,
2288 4682 2347 4733 ὲν
2396 4678 2474 4750 τῷ
2515 4677 2688 4732 ἐλθεῖν
2731 4676 2860 4740 τοὺς
2909 4675 3189 4745 Ζιφαίους,
3233 4672 3326 4725 καὶ
3363 4670 3537 4723 εἰπεῖν
3570 4665 3652 4736 τῷ

2055 4773 2247 4828 Σαούλ·
2294 4772 2423 4827 Ἰδοὺ
2456 4770 2620 4825 Δαυῖδ
2648 4771 2959 4842 κέκρυπται
2991 4769 3118 4840 παρ’
3144 4767 3299 4836 ἡμῖν.
3342 4782 3360 4814 ι
3391 4762 3501 4815 Kal
3526 4760 3555 4811 6
3575 4764 3652 4810 va’

2057 4867 2482 4939 ἐπιγέγραπται·
2520 4884 2540 4918 ‹
2580 4865 2712 4919 Ὅτε
2746 4864 3058 4936 ἐκράτησαν
3086 4857 3248 4913 αὑτὸν
3277 4857 3326 4909 οἱ
3360 4849 3651 4921 ἀλλόφυλοι

2057 4962 2115 5015 ὲν
2134 4959 2288 5013 Γέθ.ι
2318 4957 2491 5013 Τοῦτο
2514 4958 2571 5013 δὲ
2601 4956 2760 5030 ἡτῶν
2776 4952 3076 5017 Βασιλειῶν
3103 4950 3291 5022 γραφὴ
3318 4950 3375 5000 ὲν
3402 4943 3655 5014 ὑστέροις

2057 5050 2241 5122 τίθησι
2267 5050 2370 5121 τῆς
2405 5048 2671 5123 ἱστορίας.
2713 5048 2879 5120 Ὁρᾷς
2917 5046 3066 5108 ὅπως
3093 5041 3165 5096 τὰ
3194 5040 3390 5112 πρῶτα
3421 5036 3652 5109 ὕστερα,

2057 5145 2154 5199 καὶ
2185 5144 2256 5198 τὰ
2287 5143 2493 5217 ὕστερα
2524 5143 2718 5217 πρῶτα
2747 5141 3044 5206 τέτακται;
3070 5138 3146 5202 ὡς
3172 5139 3221 5190 εἰ
3250 5132 3394 5189 κατὰ
3420 5130 3653 5191 ἀκολου-

2058 5238 2180 5295 θίαν
2205 5239 2314 5294 τῶν
2341 5240 2550 5313 χρόνων
2583 5239 2813 5303 τέθειτο,
2860 5236 3077 5307 πρῶτος
3120 5233 3185 5287 ἂν
3225 5230 3457 5284 τέτακτο
3483 5230 3512 5281 6
3543 5233 3649 5297 vr],

2056 5333 2186 5405 ἑξῆς
2220 5332 2394 5403 τούτῳ
2430 5335 2459 5387 6
2482 5333 2586 5401 λγθ,
2621 5331 2717 5385 καὶ
2743 5330 2928 5403 τρίτος
2961 5328 3058 5382 καὶ
3083 5324 3221 5398 μετὰ
3248 5321 3453 5377 τούτων
3481 5322 3509 5372 ὁ
3536 5320 3650 5382 νίζ’,

2056 5426 2150 5479 καὶ
2174 5426 2385 5488 τούτοις
2417 5424 2678 5495 τέταρτος
2701 5425 2729 5476 6
2750 5428 2853 5486 va',
2890 5416 2988 5474 εἶτ’
3011 5415 3322 5479 ἀκολούθως
3346 5413 3596 5484 πέμπτος
3626 5414 3655 5464 ὁ

2054 5519 2156 5587 ξ6’,
2189 5519 2284 5574 καὶ
2320 5520 2479 5584 ἕκτος
2507 5520 2535 5572 6
2560 5524 2661 5588 νγ’,
2693 5518 2789 5573 καὶ
2826 5516 2965 5589 μετὰ
2994 5515 3203 5576 πάντας
3232 5510 3459 5573 τούτους
3490 5507 3519 5559 6
3555 5514 3650 5560 ve'.

2048 5612 2202 5667 Μετὰ
2243 5612 2301 5667 δὲ
2339 5613 2433 5667 τὸν
2477 5610 2706 5667 θάνατον
2751 5609 2847 5666 τοῦ
2885 5609 3061 5665 Σαοὺλ
3095 5606 3311 5679 πρῶτον
3345 5602 3537 5673 ψάλλει
3560 5598 3654 5655 τὸν
