4090 6494
475 417 572 475 601
1591 409 2097 468 COMMENTARIA
2134 411 2201 467 IN
2233 410 2574 467 PSALMOS.
3624 410 3735 466 602

470 534 571 600 v9',
600 532 764 606 ήνίκα
795 531 1064 599 ἐπάταξεν
1109 530 1264 586 Ἰωάδ
1292 530 1391 603 τὴν
1421 530 1681 601 φάραγγα
1707 530 1818 583 τῶν
1854 529 2042 595 Ἀλῶν,

2154 551 2173 583 ι
2209 530 2431 602 quando
2459 530 2610 585 venit
2652 531 2719 584 ad
2756 530 2934 600 ipsum
2987 529 3203 586 Natlian
3234 530 3522 603 propheta,
3574 544 3728 601 post-

470 625 569 681 καὶ
609 624 951 696 ὑποχειρίους
991 618 1102 677 εἷλε
1150 625 1275 686 τοὺς
1318 621 1493 678 Μωάὁ
1540 621 1606 675 ιϐ’
1646 621 1909 693 χιλιάδας.
1945 620 2042 675 Τὸν

2149 640 2312 694 quam
2354 625 2641 693 ingressus
2665 633 2751 680 est
2781 625 2848 679 ad
2883 623 3173 680 Bersabee.
3212 644 3231 677 ι
3268 623 3473 680 Deinde
3497 626 3722 680 tertium

473 717 527 772 δὲ
548 723 591 771 ν’
610 732 625 747 ·
656 715 793 797 μετά
817 714 1010 783 ταῦτα,
1040 715 1129 769 ὅτε
1151 710 1283 786 ἦλθε
1311 715 1447 789 πρὸς
1472 715 1636 769 αὐτὸν
1660 714 1847 770 Ναθάν
1871 715 1900 767 6
1921 731 2042 786 προ-

2149 714 2478 782 composuit,
2540 732 2557 765 ι
2613 729 2736 768 cum
2790 713 3002 784 aufugit
3041 728 3072 767 a
3124 712 3265 769 facie
3312 713 3571 769 Absalom
3606 713 3724 771 .lllii

473 810 669 881 φήτης,
699 807 858 879 ἡνίκα
887 807 981 862 καὶ
1012 806 1232 877 εἰσῆλθε
1274 805 1412 879 πρὸς
1454 804 1754 878 Βηθσαὸεέ.
1795 800 1929 859 Εἶτα
1953 804 2042 858 τὸν

2148 805 2276 870 sui;
2318 826 2337 857 ι
2379 807 2482 861 sub
2512 806 2627 860 hac
2663 806 2953 875 septimum
3001 825 3020 857 ι
3071 820 3169 876 pro
3198 806 3382 862 verbis
3421 805 3592 862 Cbusi
3627 805 3723 860 ﬁlii

475 898 650 968 τρίτον
684 888 995 959 ’συντάττεῃ
1040 895 1128 948 ὅτε
1164 894 1558 967 ἀπεδίδρασκεν
1603 894 1712 949 ἀπὸ
1751 893 2046 965 προσώπου

488 985 836 1058 Ἀδεσσαλὼμ
872 984 967 1041 τοῦ
999 985 1115 1040 υίοῦ
1156 984 1342 1039 αὐτοῦ·
1375 986 1468 1039 καὶ
1510 984 1649 1057 μετά
1687 985 1860 1039 ταῦτα
1889 985 1980 1039 τὸν
2002 985 2046 1051 ζ’

472 1079 611 1150 ὑπὲρ
638 1079 745 1134 τῶν
766 1078 941 1148 λόγων
972 1078 1143 1132 Χουσὶ
1172 1077 1290 1132 υίοῦ
1328 1077 1567 1149 Ἰεμινεί.
1598 1077 1697 1141 Τίς
1724 1072 1818 1131 οὖν
1850 1079 1950 1131 οὐκ
1980 1078 2047 1131 ἂν

468 1171 567 1242 τήν
590 1168 796 1225 τούτων
824 1170 1110 1242 ζητήσειεν
1142 1169 1356 1234 αίτίαν;
1392 1169 1469 1223 Οὐ
1506 1168 1616 1242 γὰρ
1648 1168 1765 1240 ἔχει
1799 1168 1955 1238 λόγον
1981 1169 2044 1222 τὸ

470 1264 551 1335 μὴ
574 1262 664 1317 διά
689 1280 842 1327 τινας
875 1262 1178 1331 ἀναγκαίας
1205 1261 1488 1325 ὑποθέσεις
1520 1261 1692 1317 ταῦτα
1721 1262 1908 1316 τοῦτον
1935 1262 2048 1316 δια-

463 1354 721 1424 τετάχθαι
765 1353 857 1408 τδν
890 1354 1114 1429 τρόπον.
1153 1353 1346 1418 ’Ἄλλος
1377 1353 1476 1426 μὲν
1503 1349 1595 1409 οῦν
1624 1356 1748 1418 τοὺς
1780 1355 2046 1426 ἀριθμοὺς

464 1447 665 1512 αὐτοὺς
694 1448 937 1519 οἰήσεται
970 1447 1114 1519 ἔχειν
1149 1446 1273 1501 τινὰ
1303 1446 1551 1517 δύναμιν·
1587 1446 1666 1500 διὸ
1697 1447 2046 1519 καταλλήλως

463 1538 683 1611 ἑκάστῳ
722 1538 940 1611 ἀριθμῷ
967 1539 1310 1611 ὲφηρμόσθαι
1341 1538 1440 1612 τὴν
1472 1538 1708 1594 διάνοιαν
1736 1539 1843 1593 τῶν
1874 1542 2043 1611 ὲμφε-
2087 1572 2097 1580 -

467 1629 710 1700 ρομένων
729 1627 922 1697 λόγων
951 1623 1062 1682 οἷον
1086 1628 1161 1692 ὡς
1199 1628 1292 1682 ἐπὶ
1331 1628 1774 1700 παραδείγματος
1801 1629 1830 1681 ὁ
1857 1635 1899 1682 ν’
1927 1630 2048 1701 ἀρι-

463 1720 601 1791 θμὸς
640 1719 731 1774 τὸν
757 1719 884 1793 περὶ
904 1719 1150 1790 ἀφέσεως
1183 1718 1594 1791 ἁμαρτημάτων
1622 1717 1778 1787 λόγον
1802 1719 2044 1791 περιέχει

2146 897 2366 953 Jemini.
2402 918 2420 949 ι
2446 897 2584 964 Quis
2616 898 2812 952 horum
2843 912 3068 953 causam
3102 914 3214 953 non
3244 898 3569 969 perquirat?
3603 895 3722 953 Non

2145 990 2292 1045 enim
2327 989 2526 1044 rationi
2566 997 3000 1044 consentaneum
3022 997 3191 1054 esset,
3218 990 3337 1046 sine
3371 990 3482 1044 ulla
3533 1004 3727 1045 neces-

2147 1079 2294 1136 saria
2323 1096 2492 1136 causa
2517 1081 2632 1137 haec
2658 1081 2754 1136 tali
2786 1080 2948 1136 modo
2968 1079 3223 1136 ordinata
3245 1081 3438 1139 fuisse.
3474 1080 3593 1137 Erit
3620 1081 3728 1137 for-

2146 1179 2296 1229 tasse
2319 1173 2412 1243 qui
2440 1189 2701 1230 numeros
2724 1174 2875 1244 ipsos
2907 1175 3017 1229 vim
3053 1175 3293 1245 aliquam
3320 1175 3524 1232 habere
3545 1182 3722 1246 putet;

2146 1266 2381 1337 ideoque
2414 1267 2649 1338 singulis
2680 1267 2927 1323 numeris
2957 1276 3353 1339 congruentem
3390 1269 3568 1340 aptari
3599 1283 3730 1325 ver-

2145 1357 2340 1413 borum
2391 1357 2758 1423 sententiam;
2809 1357 3045 1430 exempli
3081 1373 3273 1424 causa,
3308 1360 3730 1432 quinquagena-

2145 1451 2261 1505 rius
2314 1464 2577 1504 numerus
2631 1450 2977 1507 remissionis
3039 1459 3389 1523 peccatorum
3451 1452 3719 1509 rationem

2143 1540 2410 1605 continet,
2436 1539 2508 1594 ob
2531 1539 3050 1611 quinquagesimum
3093 1542 3244 1596 illum
3282 1558 3487 1599 annum
3518 1543 3575 1599 in
3603 1543 3730 1616 lege

2144 1640 2534 1695 memoratum,
2567 1631 2854 1702 jubilarum
2885 1633 2955 1688 ab
2988 1630 3234 1691 Hebraeis
3249 1635 3439 1691 vocari
3466 1637 3718 1701 solitum,

2143 1740 2251 1794 quo
2274 1722 2630 1780 remissiones
2654 1725 3153 1796 concessionesque
3171 1726 3517 1784 debitoribus
3536 1736 3719 1793 erant,

462 1811 550 1866 διά
574 1814 675 1884 τὴν
695 1811 754 1867 ἐν
778 1810 858 1884 τῷ
879 1811 1030 1883 νόμῳ
1051 1809 1357 1882 φερομένην
1379 1810 1950 1883 πεντηκονταετερίδα,
1976 1814 2042 1885 ἢν

2146 1817 2369 1872 libertas
2398 1815 2644 1879 famulis,
2675 1823 2730 1872 et
2759 1816 2961 1872 similia
2984 1817 3233 1888 quadam
3254 1819 3343 1890 agi
3373 1820 3490 1891 lege
3509 1820 3722 1875 constig-

476 1883 785 1975 Ἰωὸηλαῖον
816 1883 1004 1967 παῖδες
1049 1901 1320 1973 Ἐδραίων
1352 1901 1600 1964 ἐκάλουν,
1633 1902 1691 1953 ὲν
1739 1895 1783 1970 ᾧ
1820 1883 2042 1973 ἀφέσεις

2146 1916 2323 1962 tutum
2348 1914 2489 1963 erat.
2522 1905 2698 1977 Cujus
2735 1906 2816 1962 rei
2841 1907 3018 1979 gratia
3046 1883 3454 1964 confessionem
3493 1907 3724 1964 sceleris

462 1994 559 2050 καὶ
592 1996 965 2069 συγχωρήσεις
997 1995 1246 2066 ἐγένοντο
1276 1998 1387 2060 τοῖς
1412 1996 1852 2067 χρεωφειλέταις,
1888 1997 2041 2050 ἐλευ-

462 2086 621 2159 θερία
648 2104 711 2141 τε
740 2086 1001 2151 οἰκέταις,
1049 2087 1144 2141 καὶ
1189 2087 1323 2142 ἀλλα
1358 2089 1480 2143 τινὰ
1517 2088 1743 2144 τοιαῦτα
1782 2089 2042 2162 πράττειν

462 2176 869 2249 νενομοθέτητο.
916 2176 1123 2232 Τούτου
1169 2178 1331 2252 χάριν
1379 2179 1479 2252 τήν
1520 2179 1905 2252 ἐξομολόγησιν
1948 2180 2041 2234 τοῦ

462 2270 934 2344 πλημμελήματπ
979 2272 1120 2344 ὑπὲρ
1179 2275 1579 2345 συγχωρήσεως
1640 2275 1735 2328 καὶ
1794 2273 2042 2343 ἀφέσεως

464 2363 747 2436 ἁμαρτιῶν
765 2363 844 2435 τῷ
867 2370 910 2419 ν’
928 2363 1126 2437 ψαλμῷ
1154 2365 1256 2438 ὲφή
1267 2383 1487 2438 ρμοσεν.
1515 2365 1705 2431 Οὕτως
1725 2364 1818 2422 οῦν
1839 2367 1934 2421 καὶ
1956 2370 2042 2439 ἐφ’

462 2457 677 2529 ἑκάστῳ
706 2456 906 2530 ψαλμῷ
943 2456 1087 2511 κατά
1125 2475 1279 2523 τινας
1317 2457 1510 2527 λόγους
1552 2461 1619 2529 τῇ
1653 2457 1763 2511 τῶν
1795 2457 2043 2530 ἀριθμῶν

460 2545 687 2620 δυνάμει
719 2549 819 2614 τὰς
854 2551 1062 2615 οἰκείας
1091 2550 1331 2614 διανοίας
1375 2551 1517 2604 εἴποι
1564 2548 1631 2603 ἀν
1677 2548 2039 2622 ὲφηρμόσθαι.

475 2639 613 2697 Ἀλλ’
638 2642 667 2694 6
689 2641 864 2697 ταῦτα
894 2641 1066 2710 λέγων
1089 2640 1150 2695 οὔ
1181 2660 1271 2713 μοι
1295 2643 1445 2697 δοκεῖ
1472 2642 1762 2712 τυγχάνειν
1790 2641 1885 2695 τοῦ
1920 2658 2044 2694 σκο-

463 2730 587 2788 ποῦ·
620 2731 839 2802 πρῶτον
884 2733 982 2803 μὲν
1019 2733 1102 2785 ὅτι
1141 2733 1263 2786 οὐδὲ
1309 2733 1446 2796 ὅλως
1489 2733 1720 2805 ἀριθμός
1761 2752 1847 2798 τις
1889 2736 1946 2787 ὲν
1973 2737 2041 2806 τῇ

475 2822 738 2893 Ἐϐραῖκῇ
776 2822 941 2894 βίὸλῳ
975 2823 1083 2877 τῶν
1113 2822 1359 2895 Ψαλμῶν
1389 2824 1633 2896 φέρεται’
1680 2823 1807 2879 ἄνευ
1852 2825 1910 2878 δὲ
1945 2824 2045 2896 τῆς

462 2912 556 2967 τοῦ
587 2912 823 2984 ἀριθμοῦ
853 2914 1171 2987 προσθήκης
1193 2916 1602 2988 ἀνεγράφησαν·
1632 2912 1731 2970 εἷθ’
1750 2918 1831 2971 ὅτι
1859 2916 2045 2987 διαφό-

467 3022 577 3077 ρως
603 3008 652 3060 οἱ
672 3006 770 3078 μὲν
794 3008 900 3061 εἰσὶ
929 3010 1287 3081 συνημμένοι,
1320 3013 1369 3064 οί
1389 3011 1446 3064 δὲ
1471 3011 1808 3083 διῃρημένοι.
1836 3011 2045 3066 Αὐτίκα

465 3094 595 3165 γοῦν
628 3098 657 3152 ὁ
696 3093 929 3170 πρῶτος
949 3099 1045 3154 καὶ
1078 3101 1107 3153 6
1149 3099 1401 3175 δεύτερος
1435 3102 1579 3155 κατά
1607 3101 1707 3173 τὴν
1735 3102 1911 3175 ἀρχὴν
1940 3102 2042 3173 τῆς

2145 2014 2250 2070 pro
2295 1999 2454 2054 venia
2508 2006 2564 2055 et
2610 1998 2938 2055 remissione
2988 2007 3344 2070 peccatorum
3387 1999 3724 2071 quinquage-

2143 2092 2284 2148 simo
2305 2091 2518 2160 psalmo
2549 2090 2843 2160 aptaverit.
2895 2088 2990 2146 Sic
3034 2090 3205 2163 igitur
3250 2090 3340 2147 ille
3372 2090 3606 2162 singulis
3663 2090 3721 2145 in

2145 2184 2393 2256 psalmis.
2423 2182 2727 2238 secundum
2753 2182 3024 2254 quasdam
3068 2185 3334 2251 rationes,
3365 2198 3720 2238 numerorum

2146 2276 2335 2331 virtuti
2362 2274 2695 2330 sententiam
2744 2276 3022 2347 propriam
3058 2274 3465 2331 accommodari
3495 2275 3718 2331 dixerit.

2143 2370 2212 2423 At
2261 2369 2354 2439 qui
2406 2373 2546 2446 talia.
2567 2371 2737 2434 dicat,
2778 2384 2891 2425 non
2924 2369 3142 2425 videtur
3178 2368 3312 2424 mihi
3361 2382 3588 2438 scopum
3637 2374 3723 2422 ειν

2146 2461 2351 2532 tingere
2384 2480 2399 2517 :
2432 2464 2610 2533 primo
2630 2462 2852 2534 quidem
2882 2461 3030 2533 quod
3059 2461 3248 2517 nullus
3276 2461 3503 2516 omnino
3526 2474 3723 2515 nume-

2145 2568 2241 2606 rus
2281 2554 2335 2607 in
2366 2552 2636 2609 llebraico
2687 2553 3033 2609 Psalmorum
3083 2553 3226 2608 libro
3275 2552 3515 2620 feratur;
3547 2551 3644 2609 sed
3682 2551 3724 2607 ii

2144 2647 2298 2700 nullo
2322 2646 2512 2701 addito
2542 2660 2774 2701 numero
2799 2645 3215 2700 inscribantur:
3247 2644 3447 2701 deinde
3475 2632 3605 2717 quia
3637 2645 3724 2699 di-

2143 2752 2302 2793 verso
2330 2737 2496 2792 modo
2536 2736 2615 2791 illi
2663 2736 2750 2791 vel
2798 2733 3061 2806 disiuncti
3096 2738 3179 2792 vel
3231 2737 3511 2806 conjuncti
3568 2744 3718 2792 sunt.

2143 2826 2279 2883 Nam
2305 2828 2391 2885 vel
2415 2829 2485 2884 ab
2511 2829 2631 2899 ipso
2666 2827 2825 2883 initio
2862 2829 3080 2899 primus
3105 2835 3160 2883 et
3204 2827 3481 2882 secundus
3518 2828 3575 2882 in
3622 2825 3726 2883 He~

2143 2918 2336 2973 braico
2357 2918 2658 2987 exemplari
2694 2916 2936 2988 copulati
2967 2923 3097 2973 sunt
3131 2935 3145 2971 :
3181 2931 3516 2986 rursumque
3540 2930 3723 2972 nonus

2144 3009 2238 3079 qui
2280 3010 2610 3080 conjunctus
2653 3009 2710 3064 in
2742 3016 2957 3078 nostro,
2986 3009 3041 3062 in
3082 3006 3355 3063 Hebraico
3404 3007 3618 3064 divisus
3664 3008 3723 3063 in

2143 3097 2284 3153 duos
2333 3104 2438 3153 est.
2494 3096 2776 3168 Totusque
2808 3095 3158 3154 Psalmorum
3207 3097 3368 3162 liber,
3419 3106 3481 3153 ut
3513 3096 3721 3154 dictum

465 3189 648 3260 βίϐλου
671 3191 1005 3261 συνημμένοι
1029 3194 1136 3245 είσὶ
1165 3193 1307 3248 κατά
1328 3194 1389 3247 τὺ
1422 3193 1727 3266 Ἑϐραῖκόν⁹
1758 3195 1853 3248 καὶ⁸
1878 3194 2039 3249 πάλιν

2146 3187 2424 3256 superius,
2473 3188 2528 3242 in
2561 3187 2804 3258 quinque
2835 3197 3022 3259 partes
3052 3187 3383 3244 distributus
3430 3197 3538 3244 est.
3591 3188 3726 3257 Quae

460 3282 491 3333 6
518 3280 564 3334 6'-
593 3284 938 3354 συνημμένος
968 3284 1098 3355 παρ’
1124 3286 1257 3356 ἡμῖν
1289 3286 1348 3339 ὲν
1372 3284 1452 3357 τῷ
1490 3285 1763 3367 Ἱξὸραῖκῷ
1785 3286 2038 3359 διῄρηται

460 3377 540 3439 εἰς
558 3375 668 3431 δύο.
691 3377 802 3431 Καὶ
828 3378 978 3433 πᾶσα
999 3377 1056 3432 δὲ
1082 3380 1113 3449 ἡ
1137 3377 1246 3432 τῶν
1261 3378 1508 3451 Ψαλμῶν
1533 3378 1713 3450 βίὸλος
1734 3381 1815 3443 είς
1839 3380 1978 3452 μέρη
1998 3386 2038 3434 ε’

460 3467 736 3540 διῄρηται,
776 3468 958 3534 καθὼς
1002 3470 1103 3541 ήδη
1155 3471 1420 3542 πρότερον
1462 3469 1699 3543 εἴρηται.
1738 3464 1837 3524 Ὧν
1866 3471 2038 3537 οὕτως

461 3557 714 3628 ἐχόντων,
774 3558 1026 3629 σχολάζοι
1073 3559 1138 3612 ἂν
1191 3561 1224 3631 ἡ
1270 3559 1629 3633 προλεχθεῖσα
1660 3559 1767 3615 τῶν
1791 3561 2039 3633 ἀριθμῶν

462 3648 683 3720 θεωρία.
718 3650 876 3702 Ποῖον
908 3649 964 3702 δὲ
996 3649 1091 3704 καὶ
1120 3649 1278 3719 λόγον
1320 3651 1463 3705 εἴποι
1496 3651 1561 3707 ἀν
1593 3669 1680 3715 τις
1718 3650 1886 3722 ἔχειν,
1918 3653 2038 3723 φέρ’

463 3744 657 3805 εἰπεῖν,
688 3740 781 3795 τοῦ
805 3741 941 3813 μετά
968 3744 1155 3813 χεῖρας
1174 3741 1411 3813 ψαλμοῦ,
1441 3741 1587 3812 λέγω
1615 3743 1671 3796 δὲ
1701 3743 1796 3796 τοῦ
1823 3742 1920 3808 ξδ’,
1941 3742 2040 3815 τὴν

460 3832 695 3895 διάνοιαν
718 3833 854 3903 πρὸς
872 3831 964 3886 τὸν
985 3833 1185 3897 τοιόνδε
1210 3832 1444 3904 ἀριθμὸν
1465 3832 1849 3905 ἐφαρμόττειν,
1878 3832 2040 3905 ἢτῶν

460 3924 546 3993 ἐφ’
575 3923 789 3994 ἑκάστῳ
830 3922 938 3977 τῶν
980 3930 1056 3996 ρν¹
1103 3922 1353 3995 ἀριθμῶν
1385 3923 1519 3977 ίδιον
1547 3923 1889 3995 ἀφοριεῖσθαι
1917 3923 2039 3978 νοῦν

462 4019 805 4089 προσήκοντα
850 4016 928 4089 τῷ
966 4015 1176 4089 τοιῷδε,
1212 4017 1245 4089 ἢ
1280 4017 1357 4088 τῷ
1384 4015 1571 4087 τοιῷδε
1606 4015 1861 4089 ἀριθμῷ;
1903 4015 2039 4070 ἀλλά

459 4110 633 4167 ταῦτα
686 4110 784 4182 μὲν
836 4111 943 4183 ὅπη
993 4127 1078 4174 τις
1134 4108 1306 4164 ἐθέλοι
1350 4108 1761 4180 παραδεχέσθω.
1810 4108 1951 4178 Ἐγὼ
1982 4110 2043 4165 δὲ

400 4212 409 4218 ’
460 4202 704 4274 ἡγοῦμαι
743 4203 842 4275 τῆς
891 4202 1000 4256 τῶν
1055 4202 1524 4274 ἐγγεγραμμένων
1572 4201 1810 4266 διανοίας
1855 4202 2041 4258 ἕνεκεν

463 4295 660 4366 ἑφεξῆς
686 4294 931 4367 ἀλλήλων
959 4296 1087 4360 τοὺς
1115 4294 1363 4367 ψαλμοὺς
1398 4295 1612 4349 κεῖσθαι
1642 4296 1782 4350 κατά
1811 4296 1873 4349 τὸ
1892 4297 2042 4351 πλεῖ-

461 4401 606 4453 στον,
627 4386 800 4451 οὕτως
828 4388 885 4440 ὲν
910 4386 1125 4449 πολλοῖς
1147 4387 1488 4460 ἐπιτηρήσας
1509 4388 1604 4442 καὶ
1626 4386 1924 4460 εὑρώνολδιὸ
1947 4389 2042 4443 καὶ

463 4476 732 4548 συνῆφθαι
757 4478 954 4542 αὐτοὺς
975 4478 1175 4532 ὡσανεὶ
1195 4478 1516 4548 συγγένειαν
1542 4479 1765 4550 ἔχοντας
1788 4478 1884 4533 καὶ
1909 4479 2041 4533 ἀκο-

2146 3296 2271 3336 cum
2324 3280 2399 3336 ita
2429 3295 2488 3336 se
2512 3281 2774 3348 habeant,
2805 3290 2965 3337 vacet
2998 3280 3245 3351 profecto
3284 3281 3609 3353 inutilisque
3649 3281 3725 3338 sit

2148 3372 2403 3443 prmdicta
2434 3387 2792 3429 numerorum
2838 3372 3230 3429 consideratio.
3263 3372 3468 3444 Ecqua,
3504 3374 3720 3439 amabo,

2148 3465 2288 3520 ratio
2342 3464 2533 3529 fuerit,
2583 3465 2822 3537 exempli
2874 3479 3067 3531 causa,
3102 3465 3411 3536 praesentis,
3459 3465 3721 3521 nimirum

2147 3572 2258 3611 Lm
2306 3556 2506 3627 psalmi
2554 3557 2911 3622 sententiam,
2964 3572 3090 3613 cum
3123 3556 3442 3627 huiusmodi
3490 3571 3724 3612 numero

2146 3656 2402 3718 coaptare
2423 3665 2447 3716 ς
2471 3649 2563 3704 vel
2594 3648 2648 3702 in
2677 3647 2915 3719 singulis
2957 3662 3024 3703 οι.
3076 3648 3324 3704 numeris
3356 3648 3634 3719 propriam
3668 3656 3722 3703 et

2145 3748 2535 3810 congruentem
2575 3740 2674 3796 tali
2714 3741 2802 3795 vel
2829 3739 2926 3794 tali
2956 3755 3186 3796 numero
3210 3751 3450 3796 mentem
3473 3740 3722 3812 assigna-

2147 3831 2247 3887 re?
2277 3829 2386 3887 Sed
2419 3831 2538 3889 haec
2581 3832 2805 3903 quidem
2845 3831 3078 3888 arbitrio
3117 3848 3220 3887 suo
3248 3833 3433 3902 quivis
3462 3832 3721 3904 accipiat.

2148 3924 2260 3995 Ego
2281 3939 2412 3980 vero
2437 3925 2680 3980 arbitror
2720 3939 2824 3995 pro
2857 3925 3145 3981 sententias
3184 3927 3401 3982 ratione
3444 3932 3500 3981 et
3530 3925 3721 3987 simili-

2148 4016 2362 4081 tudine,
2392 4016 2637 4088 psalmos
2665 4023 2728 4072 ut
2778 4016 3078 4086 plurimum
3106 4015 3355 4088 digestos
3394 4032 3542 4081 esse,
3592 4015 3722 4088 quia

2148 4107 2251 4163 hoc
2299 4107 2355 4161 in
2400 4106 2591 4161 multis
2641 4105 2993 4162 observatum
3023 4106 3270 4176 comperi
3312 4125 3329 4163 :
3365 4105 3603 4177 ideoque
3630 4121 3723 4162 or.

2149 4201 2277 4256 dine
2298 4200 2629 4270 coniunctos
2653 4214 2779 4256 esse
2804 4199 2898 4270 qui
2929 4197 3244 4255 afﬁnitatem
3272 4208 3328 4256 et
3375 4214 3721 4271 consequen-

2144 4291 2278 4346 tiam
2301 4290 2536 4346 invicem
2576 4289 2903 4361 praaferrent
2935 4307 2949 4344 :
2986 4288 3225 4358 indeque
3257 4303 3367 4343 non
3395 4304 3495 4359 pro
3517 4295 3721 4360 tempo.

2145 4382 2221 4438 ris
2246 4382 2483 4446 ratione,
2519 4380 2616 4437 sed
2648 4395 2746 4451 pro
2773 4379 3048 4436 sententia
3077 4379 3133 4434 in
3168 4380 3312 4435 serie
3352 4379 3506 4435 ferri.
3555 4379 3720 4450 quue

2141 4472 2254 4542 jam
2296 4471 2557 4543 superius
2597 4476 3094 4528 commonstratum
3124 4478 3232 4538 est,
3281 4486 3404 4527 cum
3436 4487 3503 4526 ex
3534 4472 3721 4528 multis

458 4570 677 4625 λουθίαν
704 4571 840 4643 πρὸς
870 4569 1153 4641 ἀλλήλους.
1189 4570 1383 4624 Ἔνθεν
1409 4570 1644 4642 μὴκατὰ
1664 4572 1788 4633 τοὺς
1815 4570 2041 4642 χρόνους

2146 4564 2292 4627 aliis,
2326 4570 2441 4618 tum
2473 4563 2711 4618 maxime
2740 4578 2770 4617 a
2811 4577 2901 4616 xu
2957 4561 3025 4617 ad
3071 4564 3611 4634 quinquagesimum,
3665 4562 3720 4617 in

458 4659 816 4730 ἐμφέρεσθαι,
844 4659 980 4714 ἀλλά
1011 4660 1152 4713 κατὰ
1177 4661 1276 4731 τὴν
1306 4662 1407 4732 τῆς
1433 4661 1671 4724 διανοίας
1692 4661 2045 4717 ἀκολουθίαν..

459 4752 741 4813 Δέδεικται
769 4752 826 4805 δὲ
857 4753 1017 4807 τοῦτο
1047 4752 1146 4825 ήδη
1184 4752 1448 4825 πρότερον
1484 4755 1580 4809 καὶ
1627 4753 1735 4808 ἀπὸ
1777 4753 2037 4809 πλειόνων

464 4845 559 4914 μὲν
581 4844 806 4915 ἐτέρων,
845 4845 1078 4915 μάλιστα
1108 4845 1164 4900 δὲ
1197 4843 1306 4898 ἀπὸ
1332 4843 1426 4898 τοῦ
1457 4851 1546 4917 μα’
1569 4845 1732 4918 μέχρι
1759 4845 1852 4899 τοῦ
1882 4851 1946 4914 ν’,
1979 4848 2036 4900 ὲν

458 4930 540 5000 οἷς
589 4937 984 5002 ἀποδεικτικῶς
1035 4938 1461 5009 παρεστήσαμεν
1510 4937 1639 5002 τοὺς
1699 4938 1797 5009 μὲν
1850 4941 2039 5008 ἐπιγε-

461 5030 810 5100 γραμμένους
843 5030 951 5091 τῶν
981 5028 1113 5083 υίῶν
1143 5030 1288 5101 Κορὲ
1329 5027 1532 5101 πολλὴν
1575 5030 1771 5095 σώζειν
1811 5031 2037 5085 ἀκολου-

459 5122 580 5175 θίαν
608 5121 753 5192 πρὸς
777 5121 879 5176 τὸν.
901 5120 1027 5176 νοῦν
1056 5121 1149 5175 τὸν
1174 5121 1234 5186 ἐξ
1261 5120 1442 5176 αὑτῶν
1466 5120 1815 5193 δηλούμενονο
1840 5122 2038 5196 ἐφεξῆς

459 5214 515 5267 δὲ
538 5212 750 5276 τούτοις
784 5212 1035 5284 κείμενον
1064 5212 1157 5266 τὸν
1184 5212 1279 5267 τοῦ
1322 5211 1498 5283 Ἀσάφ
1522 5214 1618 5268 καὶ
1641 5214 1815 5270 πάλιν
1833 5216 2037 5270 τούτων

460 5303 813 5376 συνημμένην
839 5303 945 5356 τοῦ.
960 5302 1124 5357 Δαυῖδ
1149 5303 1249 5376 τὴν
1275 5303 1662 5375 ἐξομολόγησιν
1684 5305 1784 5377 τὴν
1812 5305 1981 5376 Gul-tif).
1991 5306 2038 5360 ν’

460 5395 787 5470 φερομένην,
818 5394 1075 5452 ἀϐίαστον
1106 5394 1205 5465 τὴν
1246 5394 1603 5449 ἀποδοθεῖσαν
1637 5397 1769 5467 ἡμῖν
1802 5396 2034 5467 θεωρίαν

465 5491 743 5561 παρέχειν.
772 5488 888 5542 Μία
917 5488 1027 5559 μὲνί
1048 5481 1141 5541 οὖν
1173 5485 1309 5558 αὕτη
1340 5487 1375 5558 ή
1409 5486 1578 5551 αίτία,
1608 5486 1684 5550 ὡς
1716 5487 1839 5558 ἐμοὶ
1867 5486 2035 5551 δοκεί,

458 5584 559 5651 τῆς
597 5579 918 5645 ἀκολουθίας
959 5579 1154 5649 γένοιτ’
1185 5579 1252 5633 ἂν
1275 5578 1385 5633 τῶν
1414 5577 1665 5651 ψαλμῶν·
1696 5578 1804 5650 ἔχω
1840 5579 1898 5634 δὲ
1944 5581 2038 5636 καὶ

461 5649 627 5744 ἀλλην
658 5675 852 5728 είπείν.
899 5674 975 5743 (ll
1009 5671 1214 5743 Πολλῆς
1245 5669 1355 5742 γὰρ
1384 5649 1829 5743 είδωλᾶλατρείας
1860 5689 2033 5729 κατα-

464 5762 819 5834 κρατησόωης
850 5762 945 5816 τοῦ
986 5761 1255 5817 Ἰουδαίων
1288 5760 1495 5825 ἔθνους,
1524 5760 1694 5833 λήθην
1721 5762 1917 5825 αὐτοὺς
1942 5779 2042 5815 πε-

546 5881 621 5951 (l)
653 5879 723 5936 lis
754 5880 866 5937 fere
895 5881 1094 5938 similia
1126 5881 1179 5936 in
1214 5881 1453 5953 prologis
1476 5897 1641 5953 supra
1674 5881 1966 5937 habentur.

2142 4657 2345 4727 quibus
2368 4655 2516 4710 clare
2540 4654 3049 4726 comprobavimus,
3068 4670 3165 4712 eos
3195 4656 3288 4726 qui
3316 4655 3547 4710 ﬁliorum
3581 4654 3721 4710 Core

2144 4749 2392 4820 inscripti
2434 4757 2584 4816 sunt,
2629 4750 2854 4804 multam
2905 4750 3110 4805 habere
3132 4750 3280 4819 quod
3308 4748 3386 4804 ad
3412 4763 3634 4805 sensum
3664 4749 3721 4803 in

2143 4843 2217 4899 iis
2239 4842 2664 4913 deprehensum,
2700 4844 2845 4899 inter
2885 4859 2945 4898 se
2987 4842 3303 4899 afﬁnitatem
3338 4860 3353 4897 :
3402 4850 3722 4914 sequentem

2144 4950 2275 4990 vero
2303 4937 2405 5006 qui
2427 4936 2632 5007 Asapbi
2660 4945 2767 5000 est,
2811 4946 2868 4992 et
2905 4937 2975 4991 iis
3003 4936 3309 4992 subnexam
3355 4936 3412 4991 in
3446 4935 3723 5008 quinqua-

2144 5028 2355 5097 gesimo
2414 5027 2640 5083 Davidis
2689 5027 3122 5091 confessionem,
3181 5026 3431 5096 opinioni
3493 5037 3719 5092 nostrae,

2143 5120 2288 5189 quod
2317 5120 2525 5175 scilicet
2552 5120 2667 5173 vim
2700 5118 2906 5173 nullam
2940 5119 3106 5174 rebus
3148 5118 3371 5178 inferat.
3406 5118 3716 5189 astipulari.

2145 5209 2273 5265 llaec
2319 5225 2429 5265 una
2480 5224 2650 5265 causa
2706 5209 2896 5275 fuerit,
2951 5216 3010 5263 ut
3063 5209 3197 5263 mibi
3228 5209 3448 5280 quidem
3479 5210 3718 5275 videtur,

2142 5317 2243 5356 cur
2276 5300 2473 5371 psalmi
2527 5315 2595 5355 eo
2645 5300 2838 5356 ordine
2886 5299 3050 5370 positi
3089 5299 3201 5353 sint
3257 5317 3271 5353 :
3325 5299 3488 5352 aliam
3536 5306 3719 5354 tamen

2143 5395 2388 5467 proferre
2415 5392 2740 5449 valeo.Cum
2764 5392 2937 5446 multo
2958 5391 3279 5447 idololatria»
3305 5405 3504 5458 genere
3530 5388 3723 5445 Judai-

2144 5502 2243 5541 cus
2270 5485 2505 5556 populus
2534 5482 2892 5543 detineretur.
2923 5482 3077 5550 ipsos
3108 5481 3315 5551 patrias
3345 5479 3655 5549 scripturas
3689 5496 3723 5536 ο

2145 5579 2405 5634 memoria
2428 5578 2754 5633 obliterassc
2779 5583 2970 5631 narrat
2998 5575 3311 5646 Regnorum
3339 5573 3606 5640 historia;
3642 5572 3719 5628 ita

2147 5677 2206 5723 ut
2239 5684 2416 5740 neque
2442 5668 2694 5723 Mosaicae
2720 5668 2855 5735 legis
2888 5667 3027 5722 liber
3061 5667 3202 5722 ultra
3227 5666 3588 5736 reperiretur.
3620 5679 3720 5718 ne-

2142 5777 2249 5833 que
2279 5768 2521 5833 paterna:
2564 5759 2785 5833 pietatis
2814 5760 3077 5817 memoria
3112 5775 3280 5831 penes
3307 5759 3432 5813 illos
3467 5770 3717 5815 servare-
