4090 6432
357 413 462 468 663

1027 407 1295 461 EUSEBII
1335 408 1814 471 CAESAHIENSIS
1842 408 1994 464 ()PP.
2037 408 2217 465 PARS
2258 409 2345 464 ΙΙΙ.
2387 439 2456 455 ν·-
2485 406 2897 465 EXEGETICA.

3492 407 3598 464 606

358 541 467 590 tur.
511 531 602 585 Sic
654 530 836 599 itaque
869 528 1165 598 prophetas
1214 527 1547 598 impietatem
1577 543 1731 583 suam
1759 543 1922 583 coar-

2028 528 2279 600 ποιῆσθαι
2307 526 2413 582 τῶν
2440 528 2683 600 πατρίων
2708 525 2983 597 γραφῶνή
3006 524 3110 579 τῶν
3136 525 3425 581 Βασιλειῶν
3456 526 3599 581 ιστο-

357 636 585 696 guentes
618 620 1016 675 interﬁcieliant
1043 638 1056 673 :
1089 620 1291 689 quibus
1329 621 1397 675 de
1426 621 1611 675 causis
1641 622 1695 674 in
1746 620 1925 690 capti-

357 719 577 774 vitatem
611 713 957 784 Assyriorum
984 711 1160 781 primo
1186 711 1368 765 traditi
1393 722 1541 767 sunt.
1567 711 1709 765 Nihil
1745 712 1928 781 itaque

358 812 556 866 mirum
592 816 677 863 est
734 806 791 859 in
832 805 929 858 tali
962 812 1265 873 temporum
1306 804 1621 858 conditione
1653 804 1924 873 quaedam,

354 916 478 962 quae
517 900 570 953 in
625 898 767 952 libro
811 895 1153 950 Psalmorum
1205 896 1518 957 exstabant,
1568 895 1726 962 longo
1755 906 1929 946 anno-

356 963 479 1041 rum
515 985 791 1039 curriculo
820 982 1095 1037 oblivione
1132 982 1442 1044 obliterata,
1488 982 1778 1036 excidisse.
1814 979 1928 1034 Sub

360 1080 475 1134 haec
506 1087 685 1131 autem
722 1077 838 1131 sive
872 1074 1095 1136 Esdras,
1130 1074 1245 1129 sive
1278 1075 1553 1144 quispiam
1610 1076 1751 1129 alius
1800 1091 1928 1145 pro-

361 1170 645 1241 phetarum
700 1166 851 1237 ipsos
906 1165 1198 1236 colligendi
1244 1181 1432 1219 curam
1467 1167 1731 1236 suscepit,
1766 1174 1929 1237 atque

361 1275 469 1315 una
497 1270 620 1315 cum
654 1258 777 1312 aliis
832 1257 1032 1311 librum
1087 1271 1307 1326 quoque
1340 1254 1682 1312 Psal‘morum
1737 1272 1930 1312 conse-

360 1352 534 1408 cravit
562 1369 578 1405 :
608 1363 784 1417 neque
814 1345 1102 1401 confertim
1131 1361 1323 1401 omnes
1352 1351 1577 1417 reperit,
1614 1346 1711 1403 sed
1747 1348 1930 1403 diver-

362 1444 441 1500 sis
466 1440 825 1511 temporibus.
859 1437 917 1492 ln
955 1438 1148 1508 primis
1193 1445 1375 1492 autem
1425 1440 1624 1493 locavit
1672 1454 1789 1501 eos,
1835 1439 1927 1509 qui

361 1535 524 1607 primi
561 1533 763 1587 inventi
796 1530 1012 1585 fuerant
1045 1548 1058 1584 :
1094 1530 1331 1599 hincque
1362 1528 1587 1593 factum,
1633 1537 1693 1584 ut
1745 1530 1782 1584 ii
1834 1530 1927 1600 qui

360 1625 582 1682 Davidis
605 1632 754 1687 sunt,
782 1640 888 1678 non
916 1630 1314 1691 consequenter
1343 1637 1534 1677 omnes
1561 1623 1808 1691 jaceant;
1833 1623 1927 1678 sed

360 1718 632 1776 commisti
665 1732 790 1770 cum
839 1716 911 1771 iis
937 1714 1031 1784 qui
1071 1714 1304 1767 ﬁliorum
1336 1713 1495 1778 Core,
1525 1713 1727 1785 Asaph,
1760 1714 1852 1769 Sol
1867 1731 1930 1769 o-

2033 621 2120 691 ρία
2147 619 2402 673 διδάσκει·
2429 619 2504 683 ὡς
2538 619 2669 690 μηδὲ
2687 619 2966 688 φαίνεσθαι
2991 618 3167 688 βίϐλον
3198 616 3291 670 τοῦ
3321 618 3596 681 Μωῦσέως

2027 712 2214 782 νόμου,
2259 711 2392 783 μηδέ
2442 716 2660 783 μνήμην
2711 714 2810 781 τῆς
2855 711 2964 763 τῶν
3019 710 3266 782 πατέρων
3315 709 3595 775 εὐσεϐείας

2030 802 2298 868 σώζεσθαι
2327 804 2454 874 παρ’
2479 804 2680 866 αὐτοῖς.
2714 802 2869 856 Οὕτω
2893 801 3021 871 γοῦν
3043 803 3136 854 καὶ
3160 802 3282 864 τοὺς
3313 802 3599 873 προφήτας

2029 894 2259 966 ἀνῄρουν
2314 893 2687 965 διελέγχοντας
2738 894 2917 947 αὐτῶν
2968 893 3067 956 τὰς
3116 892 3452 956 δυσσεϐείας,
3500 895 3595 946 καὶ

2027 985 2231 1037 τούτων
2260 983 2423 1037 ἕνεκα
2460 985 2520 1037 τὸ
2550 984 2763 1056 πρῶτον
2793 986 2860 1054 τῇ
2890 983 2996 1036 τῶν
3034 985 3330 1055 Ἀσσυρίων
3364 984 3595 1056 παρεδόο

2030 1075 2199 1146 θησαν
2239 1076 2603 1148 αἰχμαλωσίᾳ.
2639 1075 2806 1128 Οὐδὲν
2838 1073 2929 1130 οὖν
2955 1077 3262 1147 θαυμαστὸν
3289 1078 3346 1129 ἐν
3374 1076 3596 1149 τοιαύτῃ

2029 1170 2358 1223 καταστάσει
2392 1169 2620 1243 καιρῶν,
2669 1170 2762 1223 καὶ
2806 1170 2875 1223 τὰ
2915 1170 3263 1241 ἐμφερόμενα
3311 1172 3375 1240 τῇ
3430 1169 3595 1241 βίϐλῳ

2028 1261 2133 1314 τῶν
2157 1260 2399 1332 Ψαλμῶν
2430 1261 2884 1325 διαπεπτωκέναι,
2906 1262 3043 1333 λήθῃ
3078 1279 3134 1315 τε
3167 1265 3392 1332 μακροῖς
3416 1279 3596 1333 παρα-

2028 1351 2269 1407 δεδόσθαι
2302 1354 2534 1424 χρόνοις.
2568 1354 2724 1407 Μετά
2760 1354 2818 1407 δὲ
2849 1354 3023 1408 ταῦτα
3056 1355 3165 1407 εἴτε
3202 1353 3458 1422 Ἔσδραν,
3486 1353 3598 1407 εἴτε

2027 1444 2150 1497 τινὰ
2182 1445 2367 1516 ἕτερον
2398 1443 2714 1517 προφητῶν,
2760 1447 2888 1516 περὶ
2918 1446 3017 1517 τὴν
3061 1444 3379 1515 συναγωγὴν
3418 1444 3597 1498 αὐτῶν

2030 1534 2441 1597 ἐσπουδακέναι,
2476 1533 2613 1604 μετά
2648 1551 2705 1588 τε
2752 1533 2861 1588 τῶν
2902 1534 3103 1588 λοιπῶν
3142 1536 3237 1589 καὶ
3275 1534 3374 1605 τὴν
3420 1534 3598 1606 βίϐλον

2028 1621 2134 1676 τῶν
2152 1623 2398 1694 Ψαλμῶν
2422 1624 2830 1694 συναγηοχέναι,
2855 1625 2955 1677 οὐκ
2979 1624 3191 1696 ἀθρόως
3217 1625 3443 1696 εὑρόντα
3472 1625 3599 1687 τοὺς

2029 1714 2256 1777 πάντας,
2279 1713 2412 1767 ἀλλᾶ
2433 1714 2573 1767 κατά
2594 1714 2879 1785 διαφόρους
2895 1715 3137 1786 χρόνους.
3160 1714 3599 1770 Κατατάττεινδὲ

360 1811 561 1870 monis,
591 1807 813 1879 Moysis.
837 1804 1065 1865 Etlian,
1097 1803 1316 1868 IEman,
1351 1819 1679 1873 rursumque
1711 1804 1926 1859 Davidis

2031 1806 2085 1858 ἐν
2101 1804 2335 1877 πρώτοις
2363 1807 2490 1870 τοὺς
2509 1804 2754 1877 πρώτους
2770 1806 3210 1877 εὑρισκομένους·
3237 1807 3317 1860 διὸ
3335 1806 3470 1880 μηδὲ
3502 1806 3599 1866 τοῦ

359 1902 418 1957 in
452 1902 591 1955 libro
616 1875 1096 1968 deprehenduntur
1114 1936 1129 1959 ,
1164 1912 1271 1950 non
1296 1896 1509 1951 ratione
1537 1898 1797 1966 temporis
1821 1913 1927 1966 quo

2029 1875 2190 1947 Δαυῖδ
2224 1894 2424 1965 ἐφεξῆς
2457 1875 2664 1948 κεῖσθαι
2694 1897 2821 1959 τοὺς
2857 1875 3083 1959 πάντας·
3120 1898 3177 1949 ἐν
3202 1896 3258 1950 δὲ
3288 1875 3365 1967 τῷ
3398 1875 3599 1968 μεταξὺ

360 1990 719 2065 pronuntiati,
756 1989 849 2045 sed
896 2004 1007 2059 quo
1052 1988 1250 2058 reperti
1292 1999 1442 2042 sunt.
1478 1988 1725 2059 Hincque
1752 1992 1929 2042 conti-

357 2085 456 2155 git,
493 2091 551 2137 ut
578 2083 668 2152 qui
725 2090 968 2150 tempore
1016 2081 1350 2150 posteriores
1391 2088 1568 2144 erant,
1609 2081 1737 2150 quia
1769 2080 1927 2148 primi

356 2170 581 2240 reperti,
627 2169 787 2240 primi
840 2169 1071 2238 repositi
1128 2169 1275 2234 sint;
1340 2184 1404 2222 ac
1441 2170 1561 2222 vice
1614 2184 1796 2232 versa,
1831 2171 1924 2239 qtti

359 2263 521 2332 primi
548 2263 785 2324 fuerant,
821 2262 951 2332 quia
986 2270 1110 2331 post
1140 2261 1279 2315 alios
1304 2261 1446 2315 eruti
1473 2269 1621 2321 sunt,
1656 2265 1923 2331 posterio-

357 2369 474 2409 rem
520 2354 576 2408 in
627 2355 804 2407 locum
842 2353 955 2407 sint
998 2352 1308 2408 consﬁtuti.
1367 2353 1431 2406 Et
1487 2354 1602 2407 hare
1657 2354 1815 2407 nobis
1863 2354 1930 2408 dc

358 2444 661 2514 quaestione
702 2443 982 2514 proposita
1032 2443 1397 2512 coniectando
1447 2445 1592 2500 dicta
1644 2447 1775 2502 sint.
1809 2443 1928 2499 Jam

357 2548 572 2607 tempus
622 2543 728 2598 est,
769 2545 829 2591 ut
877 2539 944 2591 ad
996 2537 1144 2592 dicta
1194 2538 1357 2608 hujus
1408 2554 1574 2610 quem
1626 2546 1929 2594 tractamus

360 2630 553 2699 psalmi
581 2629 926 2684 accedamus.

2029 1989 2123 2041 mi.
2155 1986 2262 2040 τῶν
2290 1986 2421 2039 υἱῶν
2451 1987 2618 2058 Κορὲ,
2665 1987 2758 2041 καὶ
2802 1986 2898 2041 τοῦ
2944 1989 3136 2057 Ἀσὰφ,
3166 1989 3261 2042 καὶ
3290 1986 3602 2060 Σολομῶνος

2028 2080 2123 2134 καὶ
2147 2079 2440 2143 Μωῦσέως,
2465 2079 2631 2133 Αίθάν
2673 2097 2733 2133 τε
2780 2081 2875 2134 καὶ
2918 2080 3115 2151 Αίμάν,
3168 2081 3261 2137 καὶ
3310 2082 3468 2136 πάλιν
3507 2083 3603 2137 τοῦ

2027 2171 2189 2225 Δαυῒδ
2220 2170 2568 2242 εὑρίσκεσθαι
2598 2173 2799 2244 ἀναμὶξ
2826 2175 2884 2227 ἐν
2907 2177 2971 2245 τῇ
3006 2174 3170 2245 βίϐλῳ
3192 2176 3602 2248 κατατεταγμέο

2028 2278 2173 2325 νους,
2208 2261 2269 2313 οὐ
2298 2258 2420 2313 καθ’
2453 2258 2549 2324 οὓς
2581 2261 2883 2334 ἐλέχθησαν
2912 2264 3158 2335 χρόνους,
3198 2263 3334 2319 ἀλλά
3362 2263 3483 2318 καθ’
3510 2264 3604 2329 οὓς

2028 2350 2305 2423 εὕρηνται.
2342 2349 2535 2403 Ἔνθεν
2569 2352 2840 2423 συμϐῆναι
2880 2354 3005 2417 τοὺς
3043 2356 3156 2417 τοῖς
3189 2353 3400 2426 χρόνοις
3442 2354 3602 2412 ὑστέ-

2032 2460 2156 2514 ρους
2182 2440 2430 2515 πρώτους
2452 2441 2780 2513 εὑρεθέντας
2813 2443 3187 2517 ἀναληφθῆναι
3210 2444 3478 2521 πρώτους,
3509 2446 3604 2500 καὶ

2027 2536 2153 2597 τοὺς
2170 2537 2283 2597 τοῖς
2302 2533 2515 2606 χρόνοις
2541 2536 2858 2609 προτέρους,
2893 2538 3031 2609 μετά
3051 2538 3223 2591 ταῦτα
3247 2540 3378 2609 εὑρη
3388 2538 3603 2609 μένους,

2024 2624 2083 2679 ἐν
2113 2626 2340 2697 δευτέρᾳ
2370 2626 2743 2697 καταταγῆναι
2770 2626 2945 2700 χώρα.
2977 2628 3161 2683 Ταῦτα
3206 2631 3302 2701 μὲν
3341 2626 3432 2683 οὖν
3472 2631 3605 2700 ἡμῖν

358 2688 438 2789 είς
474 2724 570 2797 τὴν
614 2725 975 2797 προταθεῖσαν
1018 2725 1245 2798 ζήτησιν
1293 2725 1354 2792 ἐξ
1400 2688 1627 2782 είκότιιῑν
1667 2725 1924 2798 είρήσθω.
1968 2725 2107 2795 Ἤδη
2138 2723 2195 2777 δὲ
2261 2688 2357 2777 καὶ
2396 2722 2506 2777 τῶν
2546 2688 2934 2794 ἐμφερομένων
2981 2723 3039 2776 ἐν
3086 2721 3163 2793 τῷ
3204 2688 3339 2793 μετά
3419 2688 3604 2793 χεῖρας

354 2818 554 2891 ψαλμῷ
581 2819 890 2889 ἐφάψασθαι
921 2822 1131 2893 καιρός.

425 2908 562 2962 Cum
626 2910 743 2979 pari
795 2917 959 2978 atque
1008 2910 1193 2967 caeteri
1241 2913 1517 2983 propheta:
1560 2914 1722 2969 modo
1754 2911 1925 2968 David

2099 2903 2456 2975 Πλανώμενος
2485 2901 2648 2956 Δαυῒδ
2682 2902 2885 2974 ὁμοίως
2914 2904 3025 2965 τοῖς
3064 2902 3268 2967 λοιποῖς
3298 2906 3604 2977 προφήταις

355 3009 565 3054 erraret
586 3000 641 3053 in
671 3000 1082 3067 solitudinibus,
1126 3002 1180 3056 in
1216 3004 1519 3069 montibus,
1554 3006 1610 3059 in
1645 3006 1925 3076 speluncis

2030 2997 2087 3049 ἐν
2120 2996 2377 3068 ἐρημίαις
2408 2996 2503 3050 καὶ
2523 2995 2697 3065 ὄρεσι,
2729 2996 2822 3048 καὶ¹
2843 2994 3145 3066 σπηλαίοις,
3169 2997 3264 3048 καὶ
3293 2999 3413 3062 ταῖς
3443 2999 3604 3063 ὀπαῖς

355 3098 412 3146 et
461 3090 519 3146 in
569 3091 931 3149 foraminibus
982 3105 1173 3161 terrae,
1233 3100 1568 3154 exercitatus
1624 3100 1925 3165 laboribus,

2028 3088 2126 3158 τῆς
2151 3088 2277 3158 γῆς,
2307 3090 2420 3151 τοῖς
2445 3102 2504 3140 τε
2540 3085 2639 3156 τῆς
2675 3085 3019 3152 ἀνεξικακίας
3047 3086 3227 3150 πόνοις
3263 3088 3602 3159 ἐγγυμναζό-

357 3198 498 3253 quos
528 3183 634 3239 sibi
660 3186 865 3240 oblivio
891 3186 1217 3256 injuriarum
1247 3199 1556 3259 pepererat,
1592 3191 1741 3247 hunc
1781 3207 1925 3262 quo-

359 3291 465 3344 que
494 3276 761 3345 psalmum
789 3277 1008 3342 cecinit,
1027 3279 1201 3334 otium
1234 3282 1568 3347 solitudinis,
1599 3283 1795 3339 divinae
1815 3284 1928 3353 phi-

360 3367 622 3436 losophiae
652 3382 983 3425 consecrans
1015 3389 1028 3423 :
1058 3370 1417 3442 excitansque
1445 3388 1606 3427 suum
1660 3388 1787 3444 erga
1839 3389 1927 3429 res

358 3455 575 3511 divinas
610 3472 872 3518 amorem.
901 3459 1192 3515 confitetur
1220 3476 1280 3517 se
1311 3462 1738 3519 immortalitatis
1760 3480 1929 3535 pocu-

362 3548 472 3601 lum
527 3549 721 3603 sitire:
757 3565 928 3619 quare
984 3550 1052 3604 ad
1115 3550 1283 3608 Deum
1325 3551 1401 3607 ita
1445 3554 1692 3610 clamat:
1728 3573 1748 3606 ι
1783 3555 1926 3613 Deus

362 3639 504 3695 Deus
534 3656 689 3696 meus
713 3681 729 3703 ,
762 3640 831 3695 ad
857 3650 911 3698 te
932 3641 1000 3698 de
1030 3644 1151 3700 luce
1179 3645 1364 3716 vigilo.
1397 3644 1580 3701 Sitivit
1620 3647 1716 3702 tibi
1746 3649 1927 3704 anima

363 3744 687 3800 mea,quam
744 3731 1065 3800 simpliciter
1109 3733 1206 3789 tibi
1262 3748 1395 3787 caro
1446 3748 1585 3788 mea.
1620 3752 1640 3786 ι
1678 3732 1785 3789 Pro
1834 3735 1929 3789 illo

361 3828 566 3883 autem,
599 3840 619 3872 ‹
650 3835 813 3890 quam
844 3821 1165 3892 simpliciter
1196 3824 1295 3879 tibi
1326 3839 1456 3879 caro
1488 3841 1631 3888 mea,
1658 3844 1676 3877 ι
1709 3825 1926 3896 Aquila,

366 3930 386 3964 ι
420 3927 661 3983 expansa
692 3920 777 3967 est
824 3913 919 3967 tibi
973 3928 1102 3969 caro
1131 3929 1272 3981 mea,
1311 3934 1331 3968 ι
1380 3916 1772 3987 interpretatus
1803 3927 1925 3985 est;

363 3999 729 4074 Symmachus
759 4018 910 4068 vero,
950 4022 969 4056 ι
1006 4005 1349 4076 concupiscit
1382 4013 1435 4061 te
1457 4021 1586 4062 caro
1612 4021 1730 4062 mea
1755 4024 1770 4074 ;
1800 4027 1818 4058 ι
1854 4008 1927 4062 ita

360 4100 421 4146 ut
448 4108 559 4148 non
592 4094 708 4149 sola
736 4093 953 4151 Davidis
977 4097 1159 4150 anima
1192 4097 1262 4151 ad
1297 4096 1467 4153 Deum
1491 4096 1924 4168 expanderetur,

360 4181 454 4238 sed
484 4183 603 4251 ipsa
641 4198 859 4254 quoque
891 4199 1020 4240 caro
1068 4194 1122 4241 et
1164 4202 1367 4257 corpus
1392 4187 1547 4256 ejus,
1581 4194 1769 4258 utpote
1807 4188 1926 4259 qui,

359 4287 483 4328 cum
513 4272 621 4328 Deo
645 4284 889 4338 vacaret.
922 4283 1075 4332 caste
1110 4285 1164 4332 et
1205 4292 1342 4347 pure
1366 4286 1568 4348 ageret.
1597 4277 1737 4333 Illud
1773 4294 1924 4345 vero,

364 4384 383 4419 ι
428 4364 570 4421 Deus
603 4365 745 4421 Deus
777 4383 953 4429 meus,
987 4369 1054 4424 ad
1084 4375 1141 4425 te
1172 4368 1241 4424 de
1271 4369 1394 4424 luce
1426 4371 1611 4440 vigilo,
1646 4391 1666 4424 ι
1698 4382 1925 4427 noctur-

2034 3195 2213 3249 μενος,
2242 3178 2337 3231 καὶ
2386 3178 2478 3231 τὸν
2529 3178 2669 3249 μετά
2702 3180 2888 3250 χεῖρας
2917 3172 3011 3251 ᾖδε
3053 3178 3287 3249 ψαλμὸν,
3336 3183 3403 3251 τῇ
3463 3180 3609 3234 κατὰ.

2028 3271 2162 3326 Θεὸν
2189 3271 2463 3334 ἀνατιθεὶς
2482 3269 2768 3342 φιλοσοφίᾳ
2794 3268 2890 3341 τὴν
2910 3271 3001 3323 ἐπὶ
3029 3269 3130 3338 τῆς
3153 3272 3249 3342 ὲρή
3259 3288 3358 3342 μου
3386 3271 3601 3343 σχολήν·

2029 3364 2124 3419 καὶ
2157 3364 2248 3418 τὸν
2281 3361 2471 3417 ἑαυτοῦ
2504 3362 2635 3433 περὶ
2671 3361 2741 3415 τά
2785 3361 2905 3415 θεῖα
2938 3360 3114 3433 ἔρωτα
3144 3362 3443 3435 διεγείρων,
3472 3365 3601 3435 ὁμο-

2028 3456 2262 3524 λογεῖται
2290 3453 2449 3525 διψῆν
2476 3452 2570 3507 τοῦ
2603 3453 2703 3525 τῆς
2741 3451 3039 3516 ἀθανασίας
3072 3454 3344 3524 πόματος·
3370 3454 3448 3508 διὸ
3476 3454 3611 3510 ἐϐόα·

2030 3546 2167 3618 πρὸς
2210 3546 2299 3600 τὸν
2324 3545 2454 3600 Θεὸν
2483 3544 2655 3614 λέγων
2674 3559 2688 3572 ·
2720 3563 2739 3595 ι
2777 3543 2835 3597 Ὀ
2861 3543 2993 3607 Θεὸς
3024 3546 3052 3597 6
3081 3544 3212 3608 Θεός
3238 3563 3361 3616 μου,
3392 3546 3524 3618 πρὸς
3544 3548 3603 3601 σὲ

2028 3637 2283 3712 ὀρθρίξω.
2331 3637 2579 3708 Ἐδίψησέ
2613 3653 2697 3690 σοι
2733 3637 2765 3707 ἡ
2810 3635 2957 3708 ψυχή
2995 3654 3117 3708 μου,
3154 3638 3273 3703 πῶς
3303 3639 3489 3706 ἁπλῶς
3522 3657 3605 3694 σοι

2029 3734 2063 3802 ἡ
2093 3729 2229 3803 σάρξ
2264 3747 2388 3802 μου.
2421 3749 2440 3783 ›
2483 3730 2627 3783 Ἀντὶ
2657 3730 2716 3783 δὲ
2748 3728 2865 3794 τοῦ,
2896 3749 2914 3781 ι
2944 3731 3059 3795 πῶς
3085 3730 3270 3797 ἁπλῶς
3304 3737 3441 3806 σοιή
3471 3732 3609 3809 σάρξ

2031 3839 2151 3895 μου,
2192 3843 2211 3874 ι
2236 3822 2264 3873 6
2299 3822 2397 3894 μὲν
2434 3821 2683 3886 Ἀκύλας,
2723 3841 2742 3874 ι
2785 3820 3020 3894 ἐπετάθη
3056 3824 3198 3894 σοιή
3240 3819 3374 3896 σάρξ
3425 3843 3548 3896 μου,
3579 3844 3605 3877 ι

2029 3914 2402 3987 ήρμήνευσεν·
2437 3915 2466 3969 6
2501 3912 2558 3967 δὲ
2586 3912 2900 3985 Σύμμαχος,
2932 3932 2949 3965 ι
2986 3914 3276 3986 Ἱμείρεταί
3310 3931 3369 3967 σε
3406 3917 3437 3985 ή
3469 3915 3605 3986 σάρξ

2033 4023 2165 4077 μου·
2206 4025 2226 4058 ι
2262 4006 2405 4061 ὥστε
2452 4005 2550 4076 οὐχ
2604 4006 2638 4076 ἡ
2679 4005 2826 4077 ψυχὴ
2868 4006 2999 4077 μόνη
3040 4006 3133 4059 τοῦ
3156 4006 3318 4060 Δαυῖδ
3348 4006 3482 4077 πρὸς
3513 4006 3604 4058 τὸν

2026 4097 2158 4151 Θεὸν
2209 4096 2420 4161 τέτατο,
2468 4094 2605 4150 ἀλλά
2659 4096 2754 4149 καὶ
2795 4094 2933 4166 αὑτὴ
2977 4097 3010 4166 ὴ
3066 4094 3201 4167 σὰρξ
3229 4096 3322 4148 καὶ
3353 4095 3414 4148 τὸ
3445 4095 3611 4167 σῶμα·

2028 4187 2212 4250 αὐτοῦ,
2261 4186 2582 4257 ἁγνεύοντος
2609 4185 2808 4257 δηλαδὴ
2841 4186 2934 4239 καὶ
2967 4182 3267 4253 καθαρεῦον
3281 4202 3361 4248 ,τος
3411 4184 3498 4239 διά
3542 4183 3605 4237 τὸ

2027 4279 2103 4350 τῷ
2147 4278 2265 4350 Θεῷ
2310 4276 2606 4350 σχολάζειν.
2654 4275 2765 4330 Καὶ
2810 4275 2873 4328 τὸ
2925 4274 3101 4343 λέγειν
3133 4273 3208 4338 δὲ,
3249 4293 3267 4327 ι
3311 4274 3370 4328 ὐ
3401 4274 3534 4339 Θεὸς
3573 4274 3605 4328 6

2026 4371 2159 4436 Θεός
2190 4389 2311 4443 μου,
2341 4370 2478 4444 πρὸς
2531 4368 2592 4421 σὲ
2637 4365 2892 4439 ὀρθρίζω,
2921 4384 2939 4417 ι
2973 4367 3379 4436 παραστατικὸν
3405 4362 3474 4439 ἦν
3505 4367 3604 4437 τῆς

360 4471 443 4513 me
467 4472 580 4511 suae
609 4457 859 4526 puritatis
893 4466 1273 4530 argumentum
1296 4468 1432 4516 erat.
1472 4460 1643 4517 Nemo
1665 4463 1809 4517 enim
1827 4464 1922 4534 qui

2028 4463 2346 4534 νυκτερινῆς
2394 4460 2782 4531 καθαρότητος.
2843 4456 3030 4521 Οὐδεὶς
3106 4457 3213 4531 γὰρ
3273 4458 3330 4510 ἐν
3395 4457 3605 4521 κοίταις

359 4549 414 4607 in
444 4548 719 4604 cubilibus
747 4559 909 4619 atque
937 4552 1295 4622 impudicitiis
1318 4555 1558 4609 animam
1585 4570 1740 4611 suam
1772 4570 1926 4610 com-

358 4642 734 4709 maculavcrit,
766 4658 1105 4714 corporaque
1140 4645 1314 4715 turpis
1355 4646 1780 4723 immundusque
1812 4647 1931 4703 fue-

358 4733 450 4793 rit,
498 4732 704 4790 talibus
752 4736 931 4804 possit
982 4734 1061 4789 uti
1096 4737 1341 4794 vocibus.
1376 4738 1644 4795 Caeterum
1694 4755 1926 4811 magnus

358 4822 449 4879 ille
480 4822 649 4879 David
677 4824 863 4880 ﬁdenti
892 4827 1252 4893 conscientia,
1280 4844 1386 4882 non
1411 4830 1733 4900 simpliciter
1759 4828 1928 4885 Deum

357 4914 665 4983 invocabat,
700 4916 912 4982 dicens,
949 4935 969 4969 ι
1001 4917 1181 4985 Deus;
1219 4940 1237 4970 ι
1272 4924 1366 4975 sed
1397 4920 1480 4975 bis
1498 4934 1618 4975 eum
1640 4920 1799 4990 quasi
1822 4920 1929 4975 sibi

357 5007 638 5079 proprium
681 5006 908 5065 ascribit
940 5026 956 5062 :
992 5024 1163 5078 quare
1205 5008 1416 5078 adjicit,
1458 5027 1477 5060 ι
1510 5007 1660 5063 Deus
1692 5024 1864 5064 meus.
1904 5028 1922 5060 ι

358 5094 565 5151 Deinde
593 5097 723 5167 quia
769 5105 827 5155 ut
857 5099 962 5155 sibi
1013 5100 1295 5170 proprium
1351 5099 1519 5153 Deum
1569 5102 1927 5169 pronuntiare

358 5202 525 5246 ausus
571 5199 710 5255 erat,
753 5192 879 5247 talis
920 5206 1089 5246 ausus
1118 5206 1342 5248 causam
1372 5191 1567 5247 edocet
1598 5192 1685 5247 his
1719 5191 1925 5257 verbis,

362 5297 382 5331 ς
419 5279 499 5334 Ad
538 5287 593 5336 te
621 5280 690 5337 de
760 5283 882 5339 luce
929 5283 1113 5353 vigilo.
1155 5282 1338 5336 Sitivit
1385 5282 1482 5335 tibi
1529 5282 1713 5336 anima
1762 5296 1881 5336 mea
1909 5323 1925 5348 ,

359 5384 522 5439 quam
554 5372 876 5443 simpliciter
909 5376 1008 5431 tibi
1039 5390 1170 5430 caro
1205 5388 1344 5430 mea.
1377 5393 1397 5426 ι
1428 5372 1562 5427 Nam
1594 5375 1716 5430 ideo
1761 5374 1927 5430 Deum

361 5476 540 5520 meum
568 5466 911 5535 compellavi,
938 5468 1066 5537 quia
1096 5467 1245 5521 nullo
1271 5475 1639 5530 terrenarum,
1684 5467 1771 5522 vel
1808 5480 1929 5537 qum

359 5555 535 5611 oculis
563 5559 879 5615 carnalibus
901 5560 1299 5630 percipiuntur,
1327 5578 1512 5617 rerum
1555 5560 1830 5615 desiderio
1857 5568 1932 5614 te-

363 5664 515 5705 neor.
550 5650 1015 5716 Quemadmodum
1039 5656 1181 5711 enim
1205 5656 1500 5726 Apostolus
1530 5654 1669 5709 dixit
1697 5673 1709 5709 :
1742 5675 1761 5706 (
1792 5652 1930 5708 Vivo

364 5750 566 5806 amem,
595 5743 706 5812 jam
739 5759 845 5799 non
866 5760 987 5816 ego,
1013 5747 1144 5805 vivit
1175 5764 1300 5803 vero
1331 5748 1383 5804 in
1416 5764 1499 5804 me
1530 5747 1872 5811 Christus”;
1904 5766 1922 5797 ι

438 5855 483 5886 ⁸⁸
519 5854 635 5911 Cal.
672 5874 729 5921 lt,
763 5858 851 5913 ‘20.

2028 4555 2123 4607 καὶ
2173 4551 2482 4620 ἀσελγείαις
2546 4547 2791 4618 ρυπάνας
2868 4546 3060 4599 ἑαυτοῦ
3120 4546 3215 4616 τὴν
3279 4545 3477 4616 ψυχὴν,
3510 4545 3606 4597 καὶ

2026 4645 2088 4698 τὸ
2122 4644 2282 4714 σῶμα
2318 4640 2511 4713 μιαρὸς
2558 4639 2633 4691 ὢν
2688 4638 2783 4691 καὶ
2826 4636 3168 4709 ἀκάθαρτος,
3203 4631 3313 4699 οἷός
3339 4636 3387 4688 τ’
3417 4635 3483 4689 ἂν
3516 4634 3604 4707 εἴη

2027 4732 2126 4797 τὰς
2150 4730 2406 4792 τοιαύτας
2435 4726 2753 4798 προσίεσθαι
2780 4726 2981 4795 φωνάς.
3011 4727 3156 4799 Πλὴν
3183 4729 3212 4780 6
3244 4726 3417 4796 μέγας
3443 4725 3605 4779 Δαυῒδ

2029 4821 2562 4895 πεπαρῤησιασμένῃ
2584 4818 2885 4889 συνειδήσει
2906 4821 3004 4890 οὐχ
3025 4818 3209 4882 ἁπλῶς
3228 4819 3318 4873 τὸν
3336 4818 3467 4872 Θεὸν
3484 4819 3604 4871 ἀνε-

2030 4915 2266 4978 καλεῖτο,
2310 4912 2506 4982 λέγων,
2541 4930 2560 4963 ι
2604 4913 2660 4965 '0
2685 4911 2844 4976 Θεός·
2887 4930 2905 4964 ι
2939 4911 3188 4983 δεύτερον
3221 4910 3277 4963 δὲ
3306 4910 3381 4973 ὡς
3409 4907 3602 4963 ἐαυτοῦ

2032 5008 2160 5060 ίδιον
2196 5006 2324 5060 ὄντα
2353 5006 2711 5076 ἐπεγράφετο·
2747 5005 2826 5059 διὸ
2854 5004 3177 5077 προστίθησι
3227 5003 3467 5073 φάσκων·
3495 5021 3514 5054 ι
3546 5003 3602 5056 Ὁ

2028 5098 2159 5160 Θεός
2185 5113 2307 5167 μου.
2359 5114 2376 5147 ι
2410 5092 2520 5150 Εἶτ’
2548 5096 2842 5168 ἐπειδήπερ
2866 5095 3057 5149 ἑαυτοῦ
3085 5095 3217 5148 Θεὸν
3243 5094 3602 5166 ἀναγορεῦσαι

2029 5188 2191 5244 αὐτὸν
2222 5187 2542 5259 τετόλμηκε,
2571 5188 2672 5258 τῆς
2704 5187 2906 5259 τόλμης
2922 5186 3019 5259 τὴν
3051 5188 3226 5242 αἰτίαν
3240 5187 3478 5240 διδάσκει
3502 5185 3603 5238 λέ·-

2028 5301 2158 5353 γων,
2191 5301 2207 5333 ι
2232 5282 2373 5355 Πρὸς
2392 5282 2451 5335 σὲ
2471 5281 2724 5352 ὀρθρίζω.
2744 5279 2991 5350 Ἐδίψησέ
3015 5296 3093 5333 σοι
3119 5282 3150 5349 ἡ
3175 5277 3317 5349 ψυχή
3347 5293 3468 5348 μου,
3486 5276 3602 5340 πῶς

2030 5375 2215 5439 ἁπλῶς
2247 5378 2385 5445 σοιή
2418 5374 2552 5446 σάρξ
2611 5390 2733 5443 μου.
2771 5391 2788 5422 ι
2821 5370 2920 5425 Διά
2965 5370 3139 5424 ταῦτα
3176 5370 3283 5441 γὰρ
3325 5369 3456 5422 Θεόν
3501 5384 3601 5439 μου

2029 5468 2342 5537 προσεῖπον,
2391 5465 2688 5535 ἐπειδήπερ
2739 5461 2950 5525 οὐδενὸς
3001 5460 3110 5514 τῶν
3160 5458 3434 5528 ἐπιγείων,
3484 5456 3600 5511 ἀλλ’

2029 5558 2149 5613 οὐδὲ
2193 5557 2299 5610 τῶν
2328 5556 2625 5627 ὀφθαλμοῖς
2668 5552 2867 5625 σαρκὸς
2894 5553 3185 5625 ὁρωμένων
3225 5548 3498 5622 περιέλκει
3530 5566 3599 5620 με

2031 5651 2213 5716 πόθος.
2252 5652 2461 5723 Ὥσπερ
2521 5651 2578 5704 δὲ
2631 5653 2660 5704 6
2711 5648 3089 5711 Ἀπόστολος,‹
3116 5647 3220 5710 Ζῶ,
3265 5646 3445 5716 φησὶν,
3475 5644 3601 5697 οὑκ-

2031 5746 2110 5799 ἐτι
2144 5742 2277 5814 ἐγὼ·
2318 5744 2384 5814 ζῇ
2423 5742 2482 5796 δὲ
2528 5744 2584 5795 ἐν
2638 5742 2759 5813 ἐμοὶ
2795 5740 3051 5813 Χριστός·
3091 5758 3107 5789 i
3145 5737 3365 5809 τοιαύτῃ
3396 5736 3602 5806 διανοίᾳ.
