4090 6374
368 329 476 390 6θὸ

1518 325 2026 380 COMMENTARIA
2057 325 2124 378 IN
2164 324 2504 378 PSALMOS.

3509 319 3612 376 606

366 442 460 496 καὶ
489 440 652 496 Δαυτδ
693 442 769 513 τῷ
797 442 914 513 Θεῷ
948 442 1098 511 ἔλεγε
1121 461 1132 472 ο
1173 463 1190 494 ι
1234 444 1375 514 Πρὸς
1408 445 1465 497 σὲ
1499 445 1748 516 ὀρθρίζω,
1798 446 1933 498 Ἐδί-

2047 446 2228 500 eadem
2282 445 2554 499 sententia
2613 442 2780 495 David
2842 440 2950 496 Deo
3003 441 3259 496 dicebat:
3306 460 3318 490 ι
3361 440 3440 494 Ad
3472 449 3520 493 te
3543 440 3608 492 de

363 533 505 604 ψησέ
535 537 670 604 σοιή
700 533 841 605 ψυχή
877 551 996 604 μου.
1043 554 1060 585 ι
1106 535 1248 586 Ὠσεὶ
1292 537 1386 588 καὶ
1424 535 1578 608 χώρα
1608 553 1710 599 τις,
1739 537 1812 606 μὴ
1845 555 1936 588 τυ-

364 625 535 695 χοῦσα
587 625 680 678 τοῦ
737 626 998 695 συνήθους
1049 625 1228 688 ὑετοῦ,
1263 627 1423 697 διψῇν
1457 627 1666 695 λέγοιτο
1705 627 1894 680 τούτου
1918 645 1930 658 ο

361 717 453 770 τὸν
486 718 645 770 αὑτὸν
669 717 942 788 δὲτρόπον
964 717 1182 787 ἐδίψησέ
1217 734 1316 779 σοι,
1355 719 1386 788 ἢ
1421 718 1688 789 ἱμείρεταί
1719 735 1776 770 σε
1801 719 1935 790 πρὸς

363 809 428 878 τῇ
464 806 605 877 ψυχῇ
656 823 755 878 μου
798 809 890 860 καὶ
922 807 1058 877 αὑτὴ
1090 811 1121 878 ἡ
1153 805 1286 879 σάρξ
1318 825 1439 878 μου,
1473 809 1831 862 πολυπλάσιον
1863 810 1936 872 ὡς

361 897 590 968 διψῶσα.
635 899 842 970 Ὥσπερ
873 897 980 970 γάρ
1023 903 1268 967 φυσικοῖς
1307 899 1483 968 λόγοις
1510 899 1606 971 τὴν
1641 901 1742 972 γῆν
1767 902 1937 971 αὑτήν

363 1006 542 1060 φαμεν
572 988 729 1060 διῲῇν
785 989 993 1053 ὓδατος,
1025 991 1166 1042 οὕτω
1199 991 1292 1042 καὶ
1327 992 1357 1060 ἡ
1399 992 1536 1062 σάρξ
1573 1010 1673 1062 μου
1720 991 1935 1061 ἐδίψησέ

365 1098 466 1143 σοι,
492 1079 621 1150 φησί
641 1097 653 1109 ·
678 1080 758 1132 διὸ
790 1081 1036 1152 ἐπιφέρει
1056 1098 1068 1110 ·
1105 1099 1123 1130 ι
1162 1081 1249 1134 Ἐν
1275 1085 1343 1153 γῇ
1380 1084 1570 1154 ἐρήμῳ
1600 1084 1694 1136 καὶ
1726 1083 1934 1154 ἀϐάτῳ,

366 1173 457 1224 καὶ
512 1172 744 1242 ἀνύδρῳ,
790 1191 808 1222 ›
849 1171 881 1242 ἢ
926 1172 1068 1225 κατὰ
1107 1173 1198 1225 τὸν
1241 1173 1567 1244 Σύμμαχον·
1603 1193 1621 1224 ι
1665 1175 1750 1240 Ὡς
1779 1177 1836 1228 ἐν
1865 1179 1935 1247 γῇ

362 1263 536 1333 διψάδι
563 1265 655 1316 καὶ
694 1263 907 1316 ἐκλύσει
951 1263 1025 1334 μὴ
1057 1263 1392 1335 ὑπάρχοντος
1424 1265 1632 1328 ὓδατος.
1671 1284 1687 1315 ι
1708 1263 1938 1318 Δύναται

361 1355 418 1408 δὲ
455 1358 549 1409 καὶ
581 1355 677 1426 τὴν
701 1353 905 1426 ἔρημον
948 1356 1116 1426 αὐτὴν
1163 1355 1452 1426 σημαίνειν
1491 1355 1580 1408 διὰ
1618 1355 1850 1421 τούτων,
1882 1357 1940 1410 ἐν

362 1442 396 1520 ᾖ
425 1448 640 1516 φεύγων
671 1448 762 1501 τὸν
795 1448 966 1502 Σαοὺλ
998 1447 1096 1511 τὰς
1128 1448 1410 1521 διατριϐὰς
1437 1452 1689 1502 ἐποιεῖτο.
1718 1450 1940 1512 Πάντως

362 1538 471 1608 γάρ
507 1555 605 1590 που
653 1539 710 1591 ἐν
741 1539 914 1612 ταύτῃ
944 1539 1224 1608 τυγχάνων
1251 1541 1345 1593 καὶ
1373 1540 1586 1611 μακρὰν
1618 1540 1938 1610 ἀπῳκισμέ-

363 1646 451 1692 νος
470 1629 568 1700 τῆς
600 1628 834 1682 κιϐωτοῦ
880 1629 974 1682 τοῦ
1017 1628 1152 1682 Θεοῦ
1186 1629 1279 1682 καὶ
1322 1630 1420 1700 τῆς
1470 1629 1563 1682 τοῦ
1603 1629 1942 1698 ἀγιάσματος

366 1719 592 1790 σκηνῆς,
640 1720 698 1772 ἐν
818 1720 916 1784 τὰς
962 1719 1102 1773 κατά
1150 1720 1311 1790 νόμον
1360 1718 1639 1772 ἐποιοῦντο
1665 1717 1938 1789 λατρείας,

2039 540 2161 592 luce
2193 538 2372 607 vigilo.
2419 535 2601 589 Sitivit
2633 535 2727 588 tibi
2765 534 2943 587 anima
2975 549 3112 588 mea.
3139 553 3157 585 ι
3185 533 3298 586 Ceu
3324 548 3451 601 ager
3476 547 3607 584 con-

2038 640 2190 685 sueta
2219 629 2445 683 orbatus
2475 627 2675 697 pluvia,
2706 641 2826 681 eam
2862 627 3014 680 sitire
3052 624 3299 686 dicatur,
3336 625 3416 675 sic
3440 622 3606 676 sitivit

2037 722 2158 780 tibi.
2189 721 2271 775 vel
2297 720 2636 789 concupiscit
2673 727 2745 780 te,
2781 733 2904 772 eum
2942 717 3120 770 anima
3154 730 3294 774 mea,
3327 723 3440 766 tum
3493 714 3606 782 ipsa

2039 829 2168 869 caro
2216 828 2355 876 mea,
2383 827 2545 882 quam
2582 811 2958 881 multipliciter
2991 809 3207 863 sitiens.
3257 806 3412 859 Sicut
3465 805 3602 858 enim

2039 905 2264 974 physice
2295 905 2565 972 loquendo
2602 911 2803 956 terram
2831 900 3063 954 dicimus
3087 899 3240 953 sitire
3273 910 3498 966 aquam,
3535 895 3601 946 ita

2037 1003 2092 1050 et
2133 1009 2262 1048 caro
2308 1010 2449 1057 mea,
2489 993 2686 1062 inquit,
2719 991 2890 1047 sitivit
2919 990 3014 1044 tibi
3045 1009 3058 1044 :
3089 1005 3256 1060 quare
3286 987 3467 1046 infert.
3496 1003 3514 1036 ‹
3549 983 3607 1039 In

2039 1095 2182 1139 terra
2213 1084 2454 1148 deserta,
2485 1091 2539 1138 et
2582 1083 2748 1143 invia,
2782 1091 2835 1138 et
2871 1083 3167 1151 inaquosa;
3212 1101 3230 1133 ι
3267 1081 3380 1134 sive
3409 1094 3609 1133 secun~

2038 1176 2168 1230 dum
2228 1175 2614 1246 Symmachum
2654 1195 2666 1229 :
2707 1193 2724 1224 ι
2768 1175 2936 1240 Quasi
2995 1174 3047 1227 in
3098 1180 3244 1225 terra
3307 1170 3512 1226 sitienti
3553 1177 3610 1224 et

2039 1264 2293 1335 languida
2343 1279 2452 1318 non
2511 1263 2812 1318 exsistente
2846 1278 3006 1333 aqua.
3050 1280 3068 1314 ι
3110 1261 3206 1316 His
3257 1277 3384 1315 vero
3431 1263 3607 1330 ipsam

2040 1357 2390 1414 solitudinem
2439 1357 2749 1427 signiﬁcare
2778 1363 2979 1426 potest,
3011 1355 3066 1409 in
3095 1370 3224 1424 qua,
3261 1353 3478 1409 Saulem
3524 1354 3610 1408 fu-

2039 1449 2214 1520 giens,
2250 1462 2439 1502 moras
2472 1441 2741 1504 trahebat.
2778 1445 3059 1516 Siquidem
3091 1448 3219 1500 dum
3251 1445 3322 1499 ibi
3363 1458 3611 1499 versare-

2041 1551 2150 1606 tur,
2189 1541 2256 1594 ab
2286 1555 2412 1594 arca
2445 1539 2539 1594 Dei
2579 1547 2633 1594 et
2669 1553 2699 1592 a
2729 1539 3085 1594 tabernaculo
3114 1535 3564 1593 sanctiﬁcationis
3591 1574 3608 1597 ,

2041 1633 2098 1687 in
2154 1647 2266 1702 quo
2337 1632 2563 1702 legalem
2626 1632 2833 1685 cultum
2886 1631 3361 1701 exsequebantur,
3418 1627 3611 1698 procul

2042 1735 2286 1781 remotus
2317 1733 2454 1780 crat.
2491 1723 2698 1778 llorum
2753 1725 2843 1779 ille
2896 1731 3246 1794 conspectum
3297 1721 3608 1792 exoptabat.

364 1811 566 1866 τούτων
599 1811 779 1864 ἐπόθει
818 1812 916 1882 τὴν
963 1811 1111 1866 θέαν.
1145 1811 1352 1882 Ὥσπερ
1381 1811 1436 1864 δὲ
1464 1811 1536 1880 γῆ
1569 1810 1774 1880 διψῶσα
1816 1809 1938 1862 ῦδα-

2047 1817 2512 1885 Quemadmodum
2542 1824 2723 1872 autem
2752 1825 2898 1872 terra
2934 1818 3125 1872 sitiens
3156 1830 3352 1887 aquam
3385 1815 3609 1884 expetit.

365 1921 454 1968 τος
485 1903 756 1976 ὀρέγεται,
778 1903 939 1966 οὕτω,
975 1903 1126 1973 φησὶ,
1163 1904 1254 1956 καὶ
1287 1904 1319 1972 ἡ
1348 1902 1453 1973 ἐμὴ
1473 1901 1618 1972 ψυχὴ
1649 1901 1717 1954 τα
1749 1901 1831 1954 σοὶ
1862 1900 1939 1971 τῷ

365 1995 482 2067 Θεῷ
509 1995 713 2068 ἀρεστά
739 1996 832 2048 καὶ
853 1995 982 2065 φίλα
1004 1995 1163 2064 διψεῖ·
1197 1996 1272 2058 ὼς
1301 1995 1568 2048 ἐκλείπειν
1603 1995 1695 2047 καὶ
1714 1995 1941 2065 ἐκτήκε-

367 2088 511 2154 σθαι,
545 2087 693 2160 εί’μὴ
731 2087 1023 2158 μεταλάϐοι
1052 2089 1150 2159 τῆς
1180 2087 1330 2159 παρά
1373 2087 1454 2140 σοὶ
1486 2087 1692 2158 πηγῆς·
1722 2088 1849 2158 περὶ
1875 2081 1942 2157 ἧς

367 2178 610 2250 εἴρηται.
651 2197 670 2230 ‹
714 2179 834 2231 Ὅτι
880 2178 1030 2250 παρὰ
1086 2179 1168 2232 σοὶ
1212 2179 1361 2249 πηγὴ
1395 2178 1560 2248 ζωῆς.
1597 2178 1687 2231 Διὸ
1722 2178 1940 2248 ἐδίψησέ

369 2273 512 2342 σοιὴ
559 2270 701 2342 ψυχή
735 2289 857 2342 μου.
895 2291 914 2323 ι
962 2272 1212 2340 Ἐδίψησε
1251 2270 1307 2323 δέ
1339 2271 1476 2336 πῶς,
1518 2271 1808 2342 ἑρμηνεύει
1851 2269 1943 2322 λέ-

368 2378 480 2430 των
527 2360 652 2434 ἑξῆς
675 2379 688 2392 ·
724 2381 743 2414 ι
784 2362 970 2426 Οῦτως
1001 2363 1057 2416 ἐν
1097 2361 1174 2433 τῷ
1214 2363 1355 2433 ἁγίῳ
1398 2361 1584 2432 ὤφθην
1614 2379 1716 2426 σοι,
1755 2381 1773 2414 ι
1810 2362 1944 2415 ὡσεὶ

367 2457 518 2526 ἔλεγε
553 2454 738 2509 τοῦτο’
779 2456 1060 2527 Ἐδίψησεν
1105 2459 1138 2528 ὴ
1179 2457 1323 2528 ψυχή
1357 2473 1457 2527 μου
1491 2457 1552 2509 τὸ
1593 2457 1822 2529 ὀφθῆναί
1863 2475 1943 2512 σοι

367 2551 425 2604 ἐν
451 2547 528 2620 τῷ
555 2548 633 2620 σῷ
656 2548 978 2620 ἀγιάσματι,
1008 2569 1025 2600 ‹
1063 2548 1155 2602 τοῦ
1195 2549 1320 2602 ἰδεῖν
1348 2549 1445 2620 τὴν
1469 2549 1696 2622 δύναμίν
1726 2568 1817 2604 σου
1853 2553 1945 2604 καὶ

367 2644 465 2714 τὴν
520 2641 676 2706 δόξαν
725 2659 839 2694 σου.
895 2661 912 2690 ο
967 2641 1216 2695 Τοιοῦτον
1250 2641 1306 2694 δέ
1333 2642 1463 2711 ἐστι
1505 2643 1686 2696 καὶτὸ
1710 2644 1797 2697 διὰ
1837 2643 1944 2697 τῶν

368 2733 674 2809 ἔμπροσθεν
701 2732 988 2805 εἰρημένον
1008 2749 1020 2762 ⁸
1056 2751 1074 2784 ί
1118 2731 1398 2802 Ἐδίψησεν
1426 2735 1459 2803 ἡ
1496 2732 1641 2804 ψυχή
1675 2751 1773 2804 μου
1809 2734 1945 2806 πρὸς

368 2829 459 2884 τὸν
479 2826 608 2878 Θεὸν
633 2825 723 2878 τὸν
757 2826 972 2897 ἰσχυρὸν
1001 2825 1092 2878 τὸν
1126 2823 1325 2888 ζῶντα,
1357 2826 1486 2878 πότε
1509 2823 1623 2896 ἥξω
1657 2827 1750 2879 καὶ
1776 2827 1944 2899 ὀφθήο

368 2934 532 2987 σομαι
579 2915 657 2987 τῷ
704 2915 981 2987 προσώπῳ
1027 2915 1121 2969 τοῦ
1168 2916 1324 2972 Θεοῦ.
1364 2937 1382 2968 ι
1415 2917 1708 2988 Γενόμενος
1745 2917 1855 2986 γὰρ
1885 2920 1942 2970 ἐν

367 3007 442 3078 τῷ
493 3007 632 3078 ἁγίῳ
691 3023 806 3070 σου,
853 3008 981 3078 περὶ
1036 2999 1097 3059 οὗ
1149 3007 1362 3078 εἴρηται
1393 3009 1449 3060 ἐν
1479 3007 1668 3078 ἑτέρῳ,
1701 3025 1717 3057 ι
1765 3007 1944 3071 Ἂπαξ

367 3100 554 3173 ὤμοσα
585 3103 644 3154 ἐν
675 3100 752 3171 τῷ
777 3100 917 3171 ἁγίῳ
945 3117 1068 3171 μου,
1111 3119 1129 3151 ι
1164 3099 1377 3170 πρῶτον
1407 3100 1504 3170 μὲν
1536 3100 1696 3162 αὐτὸς
1715 3098 1945 3171 ὀφθήσο-

2042 1911 2124 1964 sic
2158 1909 2336 1962 anima
2367 1923 2509 1972 mea,
2546 1908 2642 1972 ait,
2678 1923 2799 1978 qua:
2827 1907 2922 1962 tibi
2958 1905 3158 1976 placita
3181 1913 3234 1960 et
3267 1905 3466 1960 dilecta
3487 1914 3616 1958 sunt

2043 1999 2322 2057 sitibunda
2358 1999 2736 2070 concupiscit;
2773 2001 2846 2052 ita
2876 2006 2936 2054 ut
2981 2001 3026 2054 si
3064 1998 3212 2051 illius
3236 1997 3329 2066 qui
3363 2010 3534 2066 penes
3561 2003 3613 2049 te

2041 2103 2123 2149 est
2153 2092 2321 2147 fontis
2360 2093 2632 2163 particeps
2661 2107 2769 2146 non
2809 2091 2992 2150 ﬁxerit.
3016 2089 3230 2144 deﬁciat
3269 2094 3323 2144 et
3363 2087 3617 2142 contabe-

2042 2193 2188 2248 scat;
2229 2185 2296 2240 de
2333 2201 2442 2254 quo
2489 2183 2637 2238 fonte
2695 2183 2901 2238 dictum
2938 2195 3021 2238 est
3052 2200 3066 2238 :
3104 2199 3122 2232 ‹
3160 2180 3429 2247 Quoniam
3470 2179 3615 2250 apud

2043 2285 2096 2332 te
2143 2287 2229 2331 est
2289 2275 2413 2332 fons
2457 2275 2581 2331 vita:
2602 2275 2671 2331 ⁸⁸.
2714 2295 2732 2326 ›
2768 2273 2949 2341 Quare
3003 2292 3022 2324 ι
3054 2273 3227 2328 sitivit
3283 2273 3384 2327 tibi
3433 2272 3616 2325 anima

2044 2385 2186 2426 mea.
2225 2387 2243 2420 ι
2283 2368 2404 2434 Quo
2437 2375 2600 2438 pacto
2632 2368 2804 2434 sitiat,
2828 2382 2956 2420 mox
2986 2366 3161 2436 aperit
3189 2384 3202 2419 :
3243 2384 3260 2416 ‹
3295 2364 3386 2419 Sic
3409 2364 3462 2417 in
3495 2377 3618 2418 san-

2044 2469 2135 2517 cto
2193 2462 2422 2532 apparui
2465 2461 2586 2524 tibi,
2622 2480 2640 2512 ι
2688 2474 2752 2514 ac
2803 2459 2850 2514 si
2903 2458 3156 2513 diceret:
3193 2457 3376 2512 Sitivit
3433 2457 3615 2512 anima

2045 2567 2162 2607 mea
2219 2559 2498 2622 aspectum
2551 2558 2706 2604 tuum
2758 2549 2814 2605 in
2865 2549 3180 2605 sanctuario
3234 2557 3349 2609 tuo,
3392 2566 3410 2598 ι
3451 2555 3508 2600 ut
3535 2547 3616 2598 vi-

2045 2643 2197 2699 deam
2227 2645 2482 2699 virtutem
2512 2650 2662 2697 tuam
2685 2649 2738 2697 et
2758 2642 2984 2713 gloriam
3020 2649 3190 2694 tuam.
3227 2660 3246 2692 ›
3287 2639 3474 2693 Simile
3491 2639 3619 2692 huic

2045 2743 2130 2790 est
2153 2737 2283 2790 illud
2313 2737 2569 2806 superius
2601 2734 2810 2789 dictum
2841 2752 2854 2788 :
2884 2750 2902 2783 ι
2937 2731 3123 2785 Sitivit
3147 2732 3328 2786 anima
3380 2745 3498 2786 mea
3550 2729 3617 2783 ad

2046 2825 2214 2881 Deum
2261 2827 2455 2882 fortem
2495 2827 2704 2892 vivum,
2738 2823 2958 2894 quando
2993 2825 3206 2878 veniam
3252 2830 3306 2877 et
3346 2822 3618 2892 apparebo

2045 2929 2174 2976 ante
2229 2919 2423 2974 faciem
2484 2918 2663 2975 Dei“.
2703 2937 2721 2971 ι
2761 2916 2821 2972 1η
2853 2927 3046 2974 sancto
3101 2917 3302 2987 quippe
3357 2922 3454 2968 tuo
3487 2928 3620 2967 con-

2046 3013 2292 3075 stitutus,
2320 3011 2386 3067 de
2420 3027 2529 3082 quo
2576 3011 2629 3064 in
2682 3011 2790 3066 alio
2821 3011 3033 3081 psalmo
3061 3009 3267 3063 dictum
3293 3013 3416 3061 est:
3455 3022 3474 3056 ι
3523 3004 3621 3059 Se-

2048 3104 2155 3158 mel
2186 3103 2368 3173 juravi
2391 3103 2446 3156 in
2477 3109 2672 3156 saneto
2707 3117 2829 3157 meo
2853 3102 2922 3164 ⁸³,
2956 3120 2974 3153 ι
3001 3101 3176 3171 primo
3201 3097 3473 3168 apparebo
3497 3097 3618 3159 tibi,

369 3195 466 3266 μαί
491 3211 592 3260 σοι,
615 3193 1140 3265 δοκιμασθησόμενος
1176 3195 1221 3246 εί
1250 3193 1396 3256 ἄξιος
1419 3191 1534 3263 εἴην
1555 3193 1654 3262 τῆς
1675 3191 1774 3262 σῆς
1795 3192 1942 3256 Θέας.

2049 3204 2108 3251 ut
2133 3198 2397 3267 probetur
2426 3211 2558 3250 num
2588 3195 2785 3266 dignus
2811 3203 3109 3264 conspectu
3147 3201 3240 3246 tuo
3261 3192 3386 3246 sim.
3418 3189 3630 3245 Deinde

369 3283 500 3341 Εἶτα
535 3286 684 3353 ἄξιος
727 3286 931 3356 ὀφθεὶς,
968 3286 1168 3356 ὄψομαι
1199 3285 1298 3356 τὴν
1327 3283 1554 3354 δύναμίν
1582 3301 1677 3336 σου
1721 3285 1814 3336 καὶ
1847 3283 1944 3354 τὴν

367 3377 523 3444 δόξαν
550 3395 644 3432 σου
662 3393 676 3406 ⁸
707 3372 782 3430 ὧν
812 3376 1070 3431 ἀδύνατόν
1102 3378 1248 3429 ἐστιν
1283 3377 1364 3440 είς
1391 3375 1623 3447 θεωρίαν
1646 3375 1840 3440 ἐλθεῖν,
1869 3376 1944 3447 μὴ

368 3467 484 3537 ούχὶ
542 3467 805 3539 πρότερον
853 3469 910 3520 ἐν
952 3466 1030 3537 τῷ
1072 3467 1212 3537 ἁγίῳ
1260 3467 1570 3536 γενόμενον,
1604 3469 1698 3520 καὶ
1731 3466 1944 3538 πρῶτον

368 3558 598 3626 ὀφθέντα
623 3558 771 3624 ἄξιον
791 3558 898 3613 τῶν
929 3558 1022 3612 τοῦ
1043 3557 1178 3610 Θεοῦ
1206 3557 1447 3626 ἀγαθῶν.
1471 3558 1625 3612 Μετά
1645 3557 1754 3630 γὰρ
1776 3559 1947 3612 ταῦτα

368 3649 557 3720 ὄψεταί
594 3667 699 3714 τις,
732 3650 808 3713 ὡς
848 3649 914 3704 ἂν
947 3650 1045 3721 ήδη
1078 3649 1554 3721 δεδοκιμασμένος,
1583 3650 1682 3720 τὴν
1721 3649 1947 3720 δύναμιν

369 3743 462 3794 τοῦ
493 3741 626 3794 Θεοῦ
655 3741 750 3793 καὶ
775 3739 873 3813 τὴν
899 3740 1056 3804 δόξαν
1085 3739 1270 3793 αὑτοῦ.
1293 3743 1402 3794 Καὶ
1431 3741 1580 3806 τέλος
1594 3741 1704 3794 τῶν
1725 3741 1946 3810 ἀγαθῶν

368 3833 511 3887 τοῦτ’
547 3834 612 3888 ἂν
635 3833 720 3906 εἴη
750 3833 810 3886 τὸ
836 3835 893 3885 ἐν
923 3832 1126 3906 θεωρίᾳ
1149 3831 1353 3885 τούτων
1376 3832 1656 3902 γενέσθαι·
1685 3833 1766 3886 διὸ
1803 3833 1948 3887 λέλε-

369 3943 494 3981 κται
513 3943 526 3956 ·
556 3926 890 3997 (εΜακάριοι
915 3927 963 3979 οἱ
990 3925 1221 3994 καθαροὶ
1239 3927 1303 3996 τῇ
1323 3924 1539 3996 καρδίᾳ,
1570 3925 1650 3977 ὅτι
1681 3925 1833 3978 αὐτοὶ
1857 3925 1948 3978 τὸν

369 4017 502 4071 Θεὸν
565 4015 808 4087 ὄψονται.
871 4037 890 4069 ι
932 4015 1102 4069 Τοῦτο
1141 4011 1232 4068 οὖν
1279 4015 1528 4087 ἐδίψησεν
1578 4019 1610 4087 ἡ
1661 4015 1806 4088 ψυχὴ
1853 4017 1946 4069 τοῦ

370 4108 564 4164 Δαυϊδο
598 4109 678 4162 διὸ
721 4109 925 4182 ἔλεγενο
961 4127 980 4159 ι
1027 4109 1084 4162 ’0
1126 4107 1257 4172 Θεὸς
1313 4110 1339 4160 5
1387 4107 1517 4171 Θεός
1562 4124 1684 4180 μου,
1708 4109 1842 4179 πρὸς
1889 4109 1949 4160 σέ

371 4199 624 4275 ὀρθρίζω.
668 4199 922 4272 Ἐδίψησέ
966 4216 1047 4253 σοι
1075 4201 1108 4273 ἡ
1142 4199 1284 4270 ψυχή
1315 4215 1438 4270 μου.
1473 4219 1492 4251 ι

448 4336 467 4370 ι
499 4319 619 4371 Ὀτι
652 4319 906 4387 κρεῖσσον
931 4315 990 4368 τὸ
1026 4314 1172 4377 ἔλεός
1213 4331 1303 4367 σου
1340 4313 1479 4386 ὑπὲρ
1503 4311 1667 4379 ζωὰς,
1695 4314 1764 4368 τὰ
1797 4317 1946 4389 χείλη

375 4429 475 4486 μου
520 4409 864 4470 ἐπαινέσουσί
893 4428 970 4466 σε.
1016 4431 1034 4464 ι
1079 4412 1138 4464 '0
1171 4409 1270 4482 τὴν
1297 4409 1458 4480 φύσιν
1479 4409 1572 4462 τοῦ
1597 4408 1791 4481 θνητοῦ
1834 4409 1947 4480 βίου

2047 3304 2170 3343 cum
2219 3289 2418 3359 dignus
2458 3286 2789 3358 comperiar,
2819 3285 3015 3340 videbo
3073 3283 3330 3338 virtutem
3389 3290 3537 3336 tuam
3568 3286 3625 3336 et

2049 3377 2278 3448 gloriam
2343 3384 2493 3430 tuam
2529 3395 2541 3430 :
2577 3377 2644 3430 ad
2699 3389 2932 3445 quarum
2994 3381 3348 3441 conspectum
3410 3369 3631 3424 admitti

2047 3485 2208 3524 nemo
2251 3475 2450 3540 potest,
2477 3469 2609 3539 quin
2646 3469 2802 3538 prius
2851 3467 2905 3522 in
2939 3473 3130 3521 sancto
3149 3466 3244 3531 sit,
3266 3479 3327 3518 ac
3351 3466 3506 3536 prius
3539 3463 3624 3517 div

2047 3563 2192 3617 vinis
2249 3563 2408 3618 bonis
2459 3563 2658 3634 dignus
2703 3571 2982 3632 appareat.
3016 3559 3213 3615 Postea
3242 3559 3387 3614 enim
3419 3557 3621 3628 quivis,

2049 3652 2363 3723 utpotejam
2389 3653 2670 3723 probatus,
2694 3653 2949 3707 virtutem
2971 3651 3261 3722 etglorlam
3287 3648 3380 3704 Dei
3399 3649 3622 3704 videbit.

2049 3744 2212 3817 Isque
2261 3746 2385 3800 ﬁnis
2417 3747 2685 3801 bonorum
2730 3745 2914 3812 fuerit,
2956 3743 3023 3798 ad
3049 3760 3237 3800 eorum
3289 3743 3626 3812 contempla-

2050 3835 2251 3890 tionem
2276 3835 2528 3891 admitti:
2557 3849 2728 3905 quare
2770 3835 2977 3889 dictum
3007 3843 3135 3890 est:
3173 3853 3190 3884 ι
3228 3833 3380 3890 Beati
3419 3833 3626 3888 mundo

2051 3928 2242 3992 corde,
2282 3928 2542 3997 quoniam
2586 3927 2691 3998 ipsi
2730 3926 2896 3982 Deum
2925 3927 3266 3981 videbunt“.
3299 3947 3319 3979 ι
3357 3925 3469 3980 Hoc
3517 3927 3624 3979 ita-

2053 4034 2158 4089 que
2186 4019 2408 4073 sitiebat
2432 4017 2656 4073 Davidis
2694 4017 2877 4071 anima
2911 4037 2924 4070 :
2959 4033 3130 4086 quare
3161 4017 3394 4080 dicebat,
3423 4036 3441 4068 ‹
3482 4016 3631 4072 Deus

2051 4109 2197 4165 Deus
2231 4124 2408 4175 meus,
2434 4109 2502 4164 ad
2529 4118 2581 4164 te
2611 4108 2680 4163 de
2711 4108 2835 4164 luce
2865 4107 3052 4176 vigilo.
3090 4103 3276 4160 Sitivit
3305 4106 3403 4160 tibi
3443 4105 3628 4160 anima

2051 4215 2191 4257 mea.
2235 4220 2288 4272 η

2125 4318 2290 4374 Vens.
2347 4317 2464 4373 4-6.
2513 4335 2531 4370 ι
2567 4315 2835 4384 Quoniam
2882 4315 3075 4371 melior
3129 4321 3214 4370 est
3252 4310 3628 4369 misericordia

2056 4422 2146 4470 tua
2195 4429 2360 4483 super
2391 4412 2582 4478 ;vitas,
2618 4411 2759 4465 labia
2811 4425 2930 4466 mea
2981 4407 3283 4463 laudabunt
3331 4414 3406 4460 te.
3447 4424 3466 4457 ι
3523 4401 3628 4469 Qui

371 4505 732 4576 κατανοήσας,
771 4505 865 4557 καὶ
907 4504 1006 4574 τὴν
1034 4502 1367 4581 πρόσκαιρον
1400 4501 1545 4575 ζωὴν
1576 4504 1674 4574 ὅση
1718 4502 1800 4566 τίς
1834 4505 1943 4556 ἐστι

2060 4507 2307 4562 mortalis
2341 4506 2465 4560 vitae
2519 4511 2773 4558 naturam
2807 4501 3199 4566 consideravit,
3239 4505 3293 4552 et
3341 4511 3459 4568 qua
3492 4509 3630 4566 qua-

371 4599 464 4652 καὶ
513 4596 672 4650 ὁποία
723 4597 1024 4667 ἐξητακὼς,
1059 4596 1458 4668 ἀποστρέφεται
1509 4595 1607 4666 μὲν
1669 4595 1840 4648 ταῦτα
1874 4597 1950 4660 ὼς

375 4689 548 4760 μικρὰ
575 4690 670 4742 κοιλ⁵
692 4688 900 4752 οὐδενὸς
928 4688 1084 4756 λόγου
1119 4687 1242 4755 ἄξια
1262 4705 1275 4718 °
1306 4688 1425 4751 ὅλος
1448 4688 1505 4741 δέ
1529 4689 1628 4759 τῆς
1653 4689 1766 4742 ἄνω
1794 4688 1947 4742 ἐλπί-

371 4781 456 4843 δος
501 4781 810 4852 γενόμενος,
861 4780 1074 4850 ἐκείνης
1120 4782 1302 4850 τυχεῖν
1358 4780 1599 4852 εὔχεται,
1628 4780 1764 4851 ἐλέῳ
1810 4780 1945 4834 Θεοῦ

372 4872 802 4943 χορηγουμένης.
853 4871 926 4924 Οὐ
960 4871 1069 4943 γὰρ
1109 4871 1172 4941 δὴ
1217 4871 1356 4924 κατά
1402 4871 1642 4942 ὀφειλὴν,
1673 4871 1792 4924 οὐδὲ
1829 4873 1946 4924 κατ’

376 4961 530 5027 ἀξίαν
547 4964 646 5034 τῆς
673 4963 867 5016 ἐαυτοῦ
889 4962 1234 5033 δικαιοσύνης
1263 4963 1512 5028 τεύξεταί
1546 4981 1630 5027 τις
1655 4964 1762 5017 τῶν
1785 4964 1951 5016 ἐπου-

378 5054 606 5126 ρανίων.
640 5055 838 5126 Διόπερ
868 5054 1100 5125 ἀλλαχοῦ
1136 5073 1236 5110 που
1273 5054 1517 5126 εἴρηται·
1561 5072 1581 5105 ‹
1615 5055 1679 5108 Τί
1705 5055 1812 5128 γάρ
1861 5073 1951 5126 μοι

376 5147 611 5220 ὑπάρχει
657 5148 714 5199 ἐν
741 5146 818 5217 τῷ
853 5146 1103 5218 ούρανῴ;
1147 5166 1165 5198 ›
1202 5147 1262 5200 τὸ
1289 5147 1347 5200 δὲ
1384 5147 1492 5199 πᾶν
1523 5146 1657 5216 ἐλέῳ
1692 5147 1826 5200 Θεοῦ
1860 5147 1954 5200 καὶ

379 5237 756 5311 φιλανθρωπία
783 5239 1052 5310 δωρεῖται,
1091 5241 1204 5303 τοῖς
1228 5237 1434 5310 σμικρὰ
1466 5238 1854 5312 κατωρθωκόσι
1885 5239 1954 5293 τὰ

381 5330 590 5402 μεγάλοι
623 5330 999 5402 χαριζομένου.
1035 5332 1098 5383 Ὀ
1133 5330 1197 5402 δὴ
1233 5329 1486 5400 σημαίνει
1527 5331 1555 5382 ὀ
1583 5329 1772 5400 παρὼν
1799 5328 1954 5398 λόγος

382 5426 633 5498 φάσκων·
677 5444 695 5475 ι
737 5427 856 5478 Ὅτι
881 5426 1131 5496 κρεῖσσον
1165 5422 1226 5475 τὺ
1252 5421 1398 5484 ἔλεός
1433 5437 1524 5473 σου
1557 5421 1698 5491 ὑπὲρ
1732 5419 1893 5484 ξωάς.
1928 5440 1946 5471 ι

382 5515 497 5575 Κᾶν
539 5516 649 5590 γὰρ
687 5514 976 5590 μακρόϐιος
1015 5514 1109 5568 καὶ
1154 5512 1542 5585 μακροχρόνιος
1577 5512 1670 5564 ἐπὶ
1708 5511 1801 5565 τοῦ
1849 5527 1954 5563 πα-

2058 4599 2195 4654 lisve
2243 4605 2592 4665 temporanea
2635 4594 2748 4647 vita
2806 4592 2898 4658 sit,
2933 4591 3258 4662 exploravit,
3283 4589 3399 4643 haec
3443 4594 3631 4648 utpote

2059 4704 2226 4761 parva
2255 4696 2306 4742 et
2331 4688 2535 4741 nullius
2560 4685 2719 4755 pretii
2749 4691 3036 4739 aversatur
3060 4699 3076 4750 ;
3112 4683 3205 4738 sed
3233 4693 3483 4751 superna:
3511 4678 3628 4746 spei

2057 4799 2179 4839 sese
2211 4790 2384 4835 totum
2424 4779 2707 4848 applicans
2732 4793 2852 4832 eam
2900 4774 3274 4831 misericordia
3309 4773 3403 4828 Dei
3433 4786 3630 4826 conse-

2056 4878 2149 4947 qui
2174 4881 2416 4945 emptat.
2451 4873 2637 4943 Neque
2661 4873 2806 4928 enim
2839 4871 3110 4942 quispiam
3139 4885 3205 4924 ex
3231 4870 3412 4925 debito
3439 4875 3532 4922 aut
3564 4883 3628 4922 ex

2054 4967 2283 5038 justitiae
2331 4981 2444 5020 suae
2490 4965 2685 5018 merito
2729 4964 2980 5018 cmlestia
3027 4961 3382 5032 adipiscetur.
3428 4961 3632 5026 Quam-

2061 5060 2251 5114 obrem
2310 5059 2437 5112 alibi
2487 5057 2688 5111 dicitur
2725 5075 2738 5110 :
2778 5075 2797 5108 ‹
2838 5055 2980 5122 Quid
3045 5055 3189 5108 enim
3244 5054 3377 5106 mihi
3436 5059 3520 5106 est
3577 5051 3631 5104 in

2059 5151 2290 5205 caelo”?
2330 5168 2350 5200 ι
2388 5149 2492 5203 Sed
2530 5155 2703 5203 totum
2736 5145 2828 5200 Dei
2861 5143 3238 5200 misericordia
3279 5151 3333 5197 et
3382 5143 3636 5196 humani-

2065 5251 2178 5298 tate
2208 5242 2391 5303 datur,
2424 5241 2516 5310 qui
2552 5239 2763 5294 modica
2824 5236 3210 5308 praestantibus
3245 5249 3440 5304 magna
3492 5235 3636 5288 elar-

2061 5335 2228 5405 gitur.
2287 5331 2444 5398 Quod
2495 5333 2582 5385 liis
2630 5331 2812 5385 verbis
2867 5311 3206 5398 signiﬁcatur
3254 5347 3265 5380 :
3312 5345 3329 5378 ι
3363 5325 3635 5391 Quoniam

2062 5425 2256 5479 melior
2313 5432 2399 5480 est
2453 5422 2832 5478 misericordia
2883 5430 2976 5474 tua
3031 5435 3196 5489 super
3242 5421 3402 5472 vitas.
3438 5437 3456 5469 ι
3500 5416 3635 5470 Nam

2060 5517 2276 5572 etiamsi
2315 5516 2439 5584 quis
2474 5516 2752 5583 longaevus
2783 5521 2839 5567 et
2888 5526 3132 5566 annosus
3167 5511 3221 5565 in
3262 5510 3364 5564 bac
3394 5509 3503 5563 vita
3542 5510 3634 5573 sit,

454 5749 498 5784 ⁸⁸
541 5746 683 5805 Psal.
721 5764 880 5812 xxxv,
920 5748 1001 5803 l0.
1079 5749 1122 5780 "
1162 5745 1307 5804 Psal.
1343 5760 1462 5808 λιι,
1500 5745 1561 5803 5,
1633 5744 1676 5778 ⁸³
1717 5741 1860 5800 Psal.
1898 5757 1943 5799 ιτ

2047 5756 2140 5796 vm
2169 5781 2182 5806 ,
2219 5741 2306 5796 '56.
2389 5740 2432 5772 ’δ
2473 5735 2662 5793 Matth.
2701 5755 2752 5805 v,
2793 5739 2844 5794 8.
2923 5739 2967 5769 ⁸⁵
3008 5736 3146 5793 i’sal.
3190 5750 3374 5799 ωιτη,
3408 5732 3479 5787 23
