4090 6430
406 416 510 473 607

1082 410 1355 470 EUSEBII
1382 408 1861 469 CAESARIENSIS
1889 409 2041 466 OPP.
2084 408 2267 465 PARS
2297 407 2388 465 Ill.
2421 442 2490 451 ——
2519 401 2931 467 EXEGETICA.

3568 407 3675 463 608

406 534 479 590 ita
509 539 569 588 ut
602 548 656 586 ιιι
690 531 876 588 multis
903 546 1171 588 annorum
1208 529 1449 602 periodis
1474 530 1773 584 multorum
1814 528 1983 583 vitam

2107 526 2276 590 >ὁντος
2320 526 2544 597 γένηταί
2575 543 2680 592 τις,
2722 526 2910 597 ὥσπερ
2942 525 3140 587 πολλὰς
3176 521 3319 588 ζωὰς
3356 525 3415 577 ἐν
3457 522 3678 588 πολλαῖς

403 629 653 699 expleat;
686 627 792 682 hoc
825 642 957 683 sane
988 626 1125 680 nihil
1154 632 1261 689 est,
1298 623 1694 679 misericordia:
1723 621 1815 676 Dei
1839 636 1990 675 com-

402 729 678 793 paratum,
712 734 835 790 qua:
863 719 988 774 vitae
1015 725 1235 773 aeternae
1274 724 1328 773 et
1371 714 1678 771 caelestium
1718 714 1989 769 bonorum

403 825 573 866 causa
596 816 701 866 est.
735 808 918 875 Quare
953 806 1348 863 misericordiae
1380 805 1625 861 conlisus
1653 812 1782 869 tuae,
1820 810 1990 857 totam

406 899 549 955 hanc
582 900 769 964 vitam,
802 914 902 954 ceu
937 898 1183 970 qumdam
1215 899 1457 970 pretiosa
1492 897 1723 953 donaria
1753 903 1807 952 et
1851 910 1990 965 opu-

407 993 556 1046 lenta
581 990 799 1048 cimelia
837 990 935 1045 tibi
982 991 1362 1057 consecrabo;
1397 990 1643 1045 membra
1693 987 1907 1042 scilicet
1935 992 1990 1041 et

407 1099 610 1140 sensus
664 1097 817 1138 meos
855 1082 1167 1138 ministerio
1199 1082 1453 1136 addicam
1498 1088 1613 1136 tuo.
1645 1080 1993 1151 Quapropter

408 1175 551 1230 labia
598 1191 716 1231 mea
744 1175 882 1230 nihil
919 1174 1067 1230 aliud
1115 1174 1464 1244 eloquentur,
1491 1173 1585 1230 sed
1624 1188 1761 1244 pura
1812 1179 1994 1227 casta-

407 1283 515 1337 que
540 1267 934 1330 servabuntur,
971 1275 1030 1320 ut
1055 1266 1164 1322 tuis
1191 1274 1388 1322 vacent
1418 1267 1637 1337 hymnis
1682 1273 1735 1320 et
1783 1278 1994 1321 sermo—

409 1359 595 1415 nibus.
629 1358 755 1414 V'ita
785 1367 965 1413 autem
1004 1375 1125 1414 mea
1156 1358 1254 1413 tibi
1281 1357 1654 1414 benedicendo
1685 1364 1846 1412 nocte
1879 1355 1988 1408 die-

409 1468 517 1524 que
554 1466 770 1523 semper
793 1453 1073 1507 incumbet
1109 1471 1121 1506 :
1160 1467 1357 1507 manus
1405 1451 1657 1522 corporis
1703 1449 1832 1510 mei,
1863 1464 1994 1518 ope-

411 1558 582 1615 raque
604 1544 672 1599 i'ts
694 1543 862 1608 edita,
896 1542 949 1595 in
986 1543 1207 1597 nomine
1230 1550 1325 1596 tuo
1371 1541 1566 1596 levabo
1624 1539 1995 1607 extollatnque

412 1633 469 1689 in
506 1634 698 1699 altum,
730 1650 898 1705 pravo
928 1633 1124 1704 quovis
1155 1633 1402 1688 facinore
1440 1647 1607 1703 puras
1652 1630 1897 1697 ell'eram,
1935 1635 1995 1683 ut

413 1725 551 1780 dicit
583 1725 806 1796 quidam
840 1743 853 1779 :
889 1744 907 1775 ι
951 1722 1088 1778 Volo
1137 1724 1290 1778 viros
1341 1737 1525 1788 orare,
1555 1722 1800 1778 levantes
1829 1734 1995 1790 puras

413 1833 611 1874 manus
639 1817 759 1872 sine
791 1816 871 1869 ira
897 1824 951 1870 et
979 1813 1381 1885 disceptatione
1396 1813 1467 1869 ⁸⁸.
1508 1833 1527 1865 ι
1559 1812 1652 1867 Sic
1691 1819 1873 1866 autem
1916 1810 1996 1863 la-

2095 618 2232 672 ἐτῶν
2286 618 2553 691 περιόδοις
2599 618 2973 690 κτησάμενος·
3022 615 3137 670 ἀλλ’
3166 615 3317 669 οὐδέν
3356 616 3472 668 ἐστι
3506 614 3681 671 ταῦτα

2095 710 2503 783 συγκρινόμενα
2537 710 2675 783 πρὸς
2702 711 2762 765 τὸ
2783 710 2930 774 ἕλεος
2955 709 3051 763 τοῦ
3074 707 3233 772 θεοῦ,
3249 707 3317 762 τὸν
3333 707 3432 779 τῆς
3459 706 3680 761 αἰωνίου

2093 805 2240 876 ξωῆς
2265 805 2360 859 καὶ
2384 804 2491 858 τῶν
2515 804 2852 876 ἐπουρανίων
2873 801 3094 872 ἀγαθῶν
3119 800 3314 856 dimov.
3351 799 3554 871 Διόπερ
3588 798 3682 853 καὶ

2092 898 2170 969 τῷ
2199 897 2277 969 σῷ
2302 898 2437 970 ἐλέῳ
2467 897 2865 970 ἐπιθαρσήσας,
2902 896 3082 950 πᾶσάν
3113 912 3215 966 μου
3255 893 3355 966 τήν
3397 890 3682 965 παροῦσαν

2094 988 2239 1063 ζωήν
2282 1007 2363 1044 σοι
2419 989 2702 1061 ἀναθήσω,
2746 988 2935 1060 ὥσπερ
2979 987 3105 1042 τινὰ
3138 986 3296 1058 τίμια
3333 986 3681 1057 ἀναθήματα,

2092 1086 2186 1138 καὶ
2219 1083 2486 1155 πολυτελῆ
2515 1082 2775 1155 κειμήλια
2803 1081 2874 1135 τὰ
2906 1080 3040 1153 μέλη
3066 1098 3168 1153 μου
3201 1081 3295 1133 καὶ
3320 1078 3390 1133 τὰ
3423 1078 3685 1150 αἰσθητή-

2096 1194 2189 1249 ρια
2222 1179 2288 1248 τῇ
2413 1175 2682 1247 ἀφορίσας
2706 1174 3036 1246 λειτουργίᾳ.
3062 1173 3153 1226 Διὸ
3171 1172 3239 1227 τά
3271 1173 3371 1243 μὲν
3395 1172 3549 1243 χείλη
3580 1188 3699 1243 μου

2093 1268 2246 1321 οὐδὲν
2277 1268 2463 1341 ἕτερον
2501 1267 2754 1338 λαλήσει,
2798 1266 3053 1335 ἀγνεύσει
3091 1266 3146 1320 δῖε
3205 1268 3299 1320 καὶ
3345 1263 3559 1337 καθαρά
3592 1281 3683 1333 φυ-

2094 1358 2445 1430 λαχθήσεται,
2496 1360 2576 1421 εἰς
2608 1357 2669 1410 τὸ
2705 1355 2986 1427 σχολάζειν
3040 1358 3152 1418 τοῖς
3199 1357 3311 1418 σοῖς
3351 1353 3543 1424 ὕμνοις
3589 1353 3682 1406 καὶ

2094 1450 2273 1519 λόγοις
2293 1467 2306 1480 ’
2340 1452 2372 1521 ή
2416 1450 2473 1503 δὲ
2507 1448 2619 1521 ζωή
2657 1466 2761 1520 μου
2786 1449 2924 1519 αὕτη
2951 1448 3080 1519 περὶ
3101 1446 3161 1500 τὸ
3193 1447 3436 1515 εὐλογεῖν
3462 1462 3522 1499 σε
3550 1444 3683 1499 πάν-

2093 1560 2215 1596 τοτε
2264 1543 2482 1612 νύκτωρ
2534 1541 2630 1594 καὶ¹
2674 1542 2793 1613 μεθ’
2826 1542 3039 1612 ἡμέραν
3085 1539 3547 1611 ἀσχοληθήσεται·
3591 1538 3686 1591 καὶ

2096 1632 2195 1697 τὰς
2237 1635 2427 1706 χεῖρας
2464 1633 2521 1685 δὲ
2569 1632 2662 1685 τοῦ
2707 1630 2957 1703 σώματός
2986 1649 3113 1702 μου.
3140 1632 3237 1695 τάς
3265 1648 3322 1684 τε
3354 1630 3443 1683 διὰ
3478 1629 3687 1683 τούτων

2095 1726 2523 1797 ἐπιτελουμένας
2552 1725 2799 1797 πράξεις,
2824 1728 2881 1779 ἐν
2920 1725 2997 1795 τῷ
3026 1724 3251 1796 ὀνόματί
3285 1741 3377 1777 σου
3418 1723 3535 1794 ἀρῶ
3587 1740 3687 1795 με-

2096 1819 2376 1891 τεωρίζων
2405 1821 2486 1884 είς
2511 1817 2662 1889 ὕψος,
2694 1820 2786 1872 καὶ¹
2837 1818 2918 1872 σοὶ
2959 1817 3206 1889 καθαρὰς
3238 1817 3417 1888 πάσης
3455 1815 3690 1887 παρανό-

411 1909 502 1966 hia
534 1924 656 1965 mea
684 1918 740 1965 et
772 1924 969 1964 manus
1000 1883 1263 1963 meaevtibi
1293 1906 1744 1968 destinabuntur,
1768 1910 1828 1958 ut
1850 1901 1994 1957 labia

2107 1883 2494 1982 μου-πράξεως
2538 1883 2847 1976 ἐπιδεικνὺς
2898 1909 3068 1975 αὐτὰς
3101 1883 3242 1963 κατά
3282 1883 3383 1963 τὸν.
3421 1883 3686 1981 φήσανταο

413 2002 635 2074 quidem
678 2016 709 2054 a
740 2000 1095 2073 thymiamate
1132 1998 1266 2055 boni
1306 1999 1495 2054 odoris
1536 1997 1672 2052 nihil
1699 1994 1993 2059 ditIerant,

411 2108 612 2150 manus
632 2109 765 2149 vero
788 2094 858 2149 ab
874 2092 1083 2149 elﬁcaci
1114 2102 1170 2149 et
1203 2107 1334 2148 vero
1362 2090 1637 2147 sacriﬁcio
1664 2105 1774 2145 non
1796 2087 1998 2144 discre-

412 2193 564 2257 pent,
614 2195 675 2241 ut
703 2192 1016 2256 opportune
1069 2184 1250 2240 dicam
1299 2182 1369 2239 de
1411 2182 1575 2238 labiis
1627 2181 1787 2245 meis,
1820 2196 1840 2232 ι
1877 2177 1997 2234 Fiat

413 2282 592 2336 oratio
624 2296 743 2336 mea
792 2280 936 2336 sicut
992 2280 1279 2335 incensum
1316 2277 1371 2333 in
1401 2283 1702 2348 conspectu
1732 2283 1828 2331 tuo
1850 2275 1926 2343 ‘7;
1971 2293 1990 2328 ι

413 2376 482 2430 de
536 2374 800 2445 operibus
859 2382 1064 2436 autem,
1103 2390 1122 2423 ι
1157 2369 1694 2426 Elevatiomanuum
1750 2384 1995 2425 mearum

414 2465 751 2523 sacriﬁcium
783 2463 1159 2535 vespertinum
1184 2462 1252 2517 ⁸⁸.
1285 2481 1304 2516 ι
1330 2460 1509 2533 Atque
1531 2463 1603 2516 ita
1624 2475 1755 2516 caro
1783 2466 1839 2517 et
1872 2475 1998 2515 cor-

2101 2022 2127 2055 ι
2140 2003 2409 2074 Βούλομαι
2438 2003 2565 2067 τοὺς
2582 2002 2781 2075 ἄνδρας
2795 2001 3207 2075 ⁸προσεύχεσθαι
3234 2001 3557 2073 ἐπαίροντας
3577 1999 3691 2055 ὁσί-

2094 2112 2186 2157 ους
2214 2096 2401 2165 χεῖρας
2426 2093 2595 2165 χωρὶς
2627 2093 2795 2165 ὀργῆς
2812 2093 2908 2147 καὶ
2935 2090 3319 2163 διαλογισμῶν.
3361 2112 3379 2143 ι
3419 2091 3606 2156 Οὕτως
3635 2090 3693 2144 δὲ

2095 2185 2166 2239 τὰ
2183 2185 2337 2257 χείλη
2370 2202 2470 2257 μου
2497 2185 2592 2238 καὶ
2621 2186 2677 2238 at
2696 2187 2877 2256 χεῖρες
2917 2183 3374 2256 ἀφορισθήσονταί
3393 2201 3498 2242 σοι.
3528 2185 3606 2248 ὡς
3625 2183 3694 2237 τά

2099 2276 2200 2349 μὲν
2241 2277 2394 2348 χείλη
2437 2276 2784 2348 θυμιάματος
2811 2275 3043 2341 εὐώδους
3069 2276 3130 2330 τὸ
3158 2276 3330 2348 μηθὲν
3381 2277 3713 2349 διαφέρειν,

2097 2371 2194 2434 τὰς
2220 2370 2280 2423 δὲ
2312 2372 2505 2442 χεῖρας
2536 2368 2731 2433 θυσίας
2774 2367 3031 2439 ἐνεργοῦς
3068 2369 3162 2422 καὶ
3187 2367 3451 2438 ἀληθινῆς
3484 2367 3558 2439 μὴ
3587 2367 3697 2421 λεί-

2099 2463 2331 2523 πεσθαι·
2384 2463 2462 2527 ὼς
2500 2463 2676 2515 εἰπεῖν
2731 2478 2799 2532 με
2852 2460 3127 2532 εὐκαίρως
3160 2459 3289 2531 περὶ
3326 2461 3423 2530 μὲν
3449 2458 3560 2513 τῶν
3591 2476 3699 2530 χει·

415 2576 520 2631 pus
560 2574 740 2613 meum
771 2559 1081 2613 ministerio
1115 2569 1209 2613 tuo
1234 2555 1596 2619 addicentur;
1633 2555 1814 2610 anima
1868 2570 2000 2610 vero

2107 2557 2239 2611 λέων
2271 2573 2378 2627 μου
2406 2555 2488 2622 τὸ,
2520 2574 2541 2604 ι
2579 2554 2869 2626 Γενηθήτω
2893 2554 2927 2624 ή
2962 2554 3236 2625 προσευχή
3284 2569 3386 2624 μου
3423 2553 3499 2617 ὡς
3532 2550 3707 2623 θυμία

417 2667 536 2708 mea
587 2650 814 2720 majoris
863 2664 1096 2706 consors
1125 2648 1232 2705 erit
1256 2647 1478 2703 virtutis
1514 2664 1527 2701 :
1561 2662 1733 2716 quare
1788 2647 1857 2703 de
1908 2647 2000 2701 illa

2107 2669 2225 2722 αμα·
2261 2648 2495 2704 ἐνώπιόν
2552 2665 2680 2703 σου·
2741 2667 2764 2700 ι
2796 2648 2923 2719 περὶ
2963 2646 3018 2699 δὲ
3047 2647 3156 2700 τῶν
3202 2644 3451 2718 πράξεών
3482 2663 3584 2717 μου
3611 2647 3696 2708 τὸ,

415 2743 540 2797 dico
568 2759 581 2795 :
619 2758 638 2792 ι
684 2739 841 2795 Sicut
866 2739 1027 2810 adipe
1057 2748 1110 2795 et
1143 2737 1474 2811 pinguedine
1517 2738 1795 2808 repleatur
1814 2736 2000 2791 anima

2107 2759 2135 2792 ι-
2159 2741 2432 2811 Ἔπαρσις
2471 2738 2583 2792 τῶν
2615 2738 2816 2810 χειρῶν
2852 2755 2954 2809 μου
2995 2738 3154 2791 θυσία
3185 2738 3466 2809 ἐσπερινή.
3533 2756 3553 2790 ι
3587 2738 3699 2808 Καὶ

412 2848 556 2890 mea.
600 2851 619 2885 ι
674 2830 863 2901 Neque
886 2833 1032 2887 enim
1089 2831 1209 2902 pari
1258 2842 1422 2903 atque
1477 2846 1681 2901 corpus
1735 2828 1951 2884 ratione
1983 2868 1998 2893 ,

2107 2834 2135 2903 ἡ
2172 2832 2271 2905 μὲν
2304 2831 2444 2905 σὰρξ
2486 2835 2581 2888 xa‘t
2620 2833 2681 2886 τὸ
2717 2833 2875 2904 σῶμα
2909 2831 3084 2896 οὕτως
3107 2831 3501 2901 ἀνατεθήσεται
3530 2834 3595 2903 τῇ
3629 2834 3701 2903 σῇ

414 2923 598 2978 anima
634 2923 818 2989 labiis,
851 2932 946 2977 aut
977 2923 1257 2987 manibus,
1284 2931 1379 2978 aut
1412 2922 1520 2977 alia
1554 2921 1810 2993 quapiam
1849 2930 2000 2992 parte

2107 2923 2430 2996 λειτουργίᾳ·
2448 2927 2480 2997 ή
2499 2925 2555 2979 δὲ
2578 2924 2725 2996 ψυχή
2752 2943 2853 2997 μου
2884 2924 3128 2989 πλείονος
3152 2923 3364 2995 μεθέξει
3385 2925 3696 2996 δυνάμεως·

415 3015 501 3072 νει
541 3015 827 3083 membro;
859 3015 957 3072 sed
1000 3015 1122 3086 ipsa
1148 3022 1264 3071 tota
1297 3030 1361 3070 ac
1397 3030 1494 3082 per
1540 3030 1600 3071 se
1647 3015 2000 3085 praestantior

2107 3015 2183 3068 διὸ
2213 3017 2304 3073 καὶ
2336 3017 2465 3090 περὶ
2515 3018 2684 3089 αὐτῆς
2715 3034 2857 3088 φημι
2877 3035 2891 3049 ·
2945 3036 2967 3067 σ
3012 3017 3156 3070 Ὡσεὶ
3199 3016 3421 3081 στέατος
3454 3016 3550 3070 καὶ
3579 3016 3699 3069 πιό-

415 3107 567 3163 omni
607 3108 882 3163 sacriﬁcio
926 3106 1259 3172 holocausti,
1302 3107 1567 3178 omni'que
1605 3107 1832 3161 animali
1880 3106 2000 3177 pin-

2107 3125 2268 3181 τητος
2310 3109 2652 3181 ἐμπλησθείη
2683 3112 2716 3181 ή
2743 3109 2887 3181 ψυχή
2925 3127 3047 3180 μου.
3087 3129 3105 3160 ι
3139 3110 3334 3163 Οὐκέτι
3362 3109 3472 3182 γὰρ
3500 3108 3703 3181 ὁμοίως

415 3200 510 3272 sui
535 3199 695 3271 adipe
723 3210 777 3256 et
808 3198 1149 3269 pinguedine
1181 3198 1411 3265 referto,
1442 3200 1542 3254 tibi
1581 3199 1700 3256 Deo
1723 3198 1999 3266 offeretur,

2107 3202 2182 3275 τῷ
2210 3202 2424 3276 σώματι
2460 3206 2554 3259 καὶ
2606 3205 2639 3276 ή
2674 3203 2821 3275 ψυχή
2865 3202 3102 3274 χείλεσιν
3147 3203 3270 3257 οὐδὲ
3323 3204 3537 3274 χερσὶν,
3577 3200 3699 3253 οὐδὲ

416 3293 821 3363 pretiosiorque
848 3292 1043 3356 vitulo,
1071 3301 1228 3347 tauro
1263 3306 1327 3347 ac
1359 3292 1555 3363 quovis
1578 3292 1739 3347 bruto
1770 3292 2000 3347 animali

2107 3295 2247 3351 κατά
2273 3313 2327 3349 τι
2362 3295 2531 3368 μέρος
2556 3295 2588 3366 ἢ
2627 3296 2788 3368 μέλος
2816 3296 3026 3368 ἕτερον,
3058 3295 3153 3366 ὕλη
3182 3294 3238 3350 δὲ
3266 3294 3402 3365 αὕτη
3434 3291 3554 3347 καθ’
3576 3293 3703 3346 ἐαυ-

416 3362 516 3440 abs
547 3390 603 3439 te
627 3362 994 3454 reputabitur.
1026 3382 1209 3450 Quare
1260 3362 1406 3439 hanc
1445 3383 1865 3455 pinguissimam
1906 3398 2000 3439 ac-

2107 3392 2199 3463 τὴν
2253 3362 2396 3464 ὑπὲρ
2437 3362 2639 3445 eius;
2662 3362 2954 3444 ὁλόκαυτον
3019 3362 3235 3455 θυσίαν,
3273 3362 3557 3457 καὶ-ὑπὲρ
3592 3386 3707 3439 πᾶν

414 3484 740 3548 ceptamque
770 3476 870 3531 tibi
909 3476 1169 3541 hostiam,
1198 3476 1439 3532 animam
1479 3477 1607 3533 dico
1656 3492 1858 3540 meam,
1903 3478 2000 3532 tibi

2107 3485 2244 3551 ζῶον
2283 3484 2553 3557 εὐτραφὲς
2590 3484 2846 3555 πιότητος
2876 3483 2972 3538 καὶ
3029 3482 3252 3546 στέατος
3284 3480 3473 3552 γέμον.
3500 3480 3582 3532 σοὶ
3620 3477 3701 3548 τῷ

415 3569 633 3626 dicabo.
665 3568 843 3640 Atque
873 3568 975 3624 hac
1000 3569 1067 3624 de
1090 3584 1259 3625 causa
1290 3569 1522 3640 gratiam
1559 3569 1656 3625 tibi
1693 3569 1999 3642 professus,

2107 3578 2224 3649 Θεῷ
2244 3577 2760 3650 προσενεχθήσεται,
2785 3577 2986 3649 μόσχου
3017 3577 3111 3631 κει)⁸
3137 3575 3365 3647 ταύρου,
3387 3573 3481 3628 καὶ
3504 3571 3709 3635 παντὸς

417 3664 580 3734 pleno
611 3677 709 3717 ore
756 3662 1002 3733 ipsisque
1054 3662 1217 3717 labiis
1261 3661 1464 3734 gaudio
1509 3661 1734 3733 repletis
1767 3671 1822 3719 te
1854 3664 2000 3720 cele-

2107 3668 2303 3738 ἀλόγου
2333 3666 2472 3733 ζώου
2503 3667 2809 3739 τιμιωτέρα
2861 3665 3014 3739 παρά
3068 3666 3152 3720 σοὶ
3202 3663 3579 3735 λελογισμένη.
3614 3662 3707 3715 Διὸ

416 3753 590 3808 brabo
624 3772 637 3808 :
677 3752 802 3831 ideo
857 3754 938 3810 sic
975 3755 1172 3825 loquor
1204 3773 1219 3811 :
1257 3775 1275 3806 ι
1304 3754 1371 3809 Ει
1405 3754 1566 3811 labiis
1612 3756 2000 3813 exsultationis

2107 3761 2202 3814 καὶ
2244 3759 2448 3832 ταύτην
2486 3777 2570 3814 σοι
2604 3760 2866 3831 πιοτάτην
2900 3760 2995 3813 καί
3052 3776 3136 3813 σοι
3178 3758 3456 3830 προσφιλῆ
3491 3756 3705 3818 θυσίαν,

417 3845 664 3901 laudabit
696 3862 759 3902 os
790 3863 970 3901 meum
990 3865 1009 3915 ;
1031 3867 1050 3900 ι
1073 3847 1211 3914 sive,
1247 3850 1548 3905 secundum
1591 3847 2001 3921 Symmachum,

424 3956 443 3988 ε
477 3936 541 3992 Et
563 3938 724 3995 labiis
748 3939 1151 3995 benedictionis
1172 3941 1477 3996 celebrabit
1508 3956 1572 3996 os
1596 3956 1801 3997 meum.
1836 3962 1855 3995 ι

2108 3851 2254 3921 λέγω
2276 3851 2335 3905 δὲ
2375 3852 2474 3924 τὴν
2507 3852 2750 3925 ἐμαυτοῦ
2783 3852 2983 3923 ψυχὴν,
3017 3852 3293 3921 ἀναθήσω.
3336 3850 3458 3903 Ἐπὶ
3497 3846 3709 3910 τούτοις

2108 3961 2171 3997 τε
2206 3944 2439 4018 χάριτας
2470 3946 2750 4017 ὁμολογῶν
2775 3947 2881 4018 ὅλῳ
2906 3945 2982 4017 τῷ
3010 3946 3239 4015 στόματι
3266 3943 3358 3995 καὶ
3382 3943 3565 4003 αὐτοῖς
3589 3957 3647 4009 χε
3658 3939 3707 3990 t-

415 4031 534 4086 λεσι
567 4034 743 4105 χαρᾶς
774 4034 1225 4108 πεπληρωμένοις
1255 4036 1550 4107 ἀινυμνήσω
1586 4052 1647 4088 σε
1667 4051 1683 4067 θ
1715 4035 1797 4089 διό
1828 4052 1971 4108 φημι
1991 4052 2006 4067 ο
2051 4055 2069 4088 ι
2110 4038 2221 4092 Καὶ
2246 4038 2401 4110 χείλη
2442 4039 2817 4108 ἀγαλλιάσεως
2842 4040 3045 4095 αἰνέσει
3106 4038 3167 4091 τὸ
3198 4034 3370 4105 στόμα
3405 4050 3507 4104 μου
3548 4049 3565 4065 ο
3616 4051 3635 4082 ι
3670 4031 3721 4103 ἢ’

418 4128 561 4182 κατά
605 4129 697 4183 τὸν
752 4129 1076 4201 Σύμμαχον·
1113 4149 1132 4183 ι
1186 4132 1298 4187 Καὶ
1339 4130 1440 4190 διὰ,
1474 4131 1698 4202 χειλέων
1747 4132 2010 4205 εὐφήμων
2051 4133 2285 4206 ὑμνήσει
2313 4135 2375 4189 τὸ
2409 4135 2586 4206 στόμα
2614 4153 2737 4208 μου.
2771 4155 2790 4188 ι

489 4243 659 4300 Vsus.
717 4246 830 4300 7-9.
870 4265 888 4298 ι
929 4244 987 4300 Si
1033 4261 1247 4303 memor
1300 4246 1377 4301 fui
1427 4248 1505 4302 tui
1547 4264 1713 4319 super
1771 4257 2004 4306 stratum

418 4354 627 4403 meum,
658 4339 716 4394 in
771 4340 1061 4397 matutinis
1107 4342 1415 4397 meditabar
1465 4343 1520 4396 in
1567 4349 1643 4408 te,
1668 4343 1798 4414 quia
1850 4341 2005 4398 fuisti

419 4427 640 4496 adjutor
681 4443 857 4481 meus.
897 4428 961 4483 Et
992 4429 1046 4482 in
1080 4430 1389 4486 velamento
1421 4431 1632 4487 alarum
1658 4442 1876 4487 tuarum
1911 4448 2007 4489 exu-

2184 4268 2202 4301 ι
2238 4252 2300 4305 Et
2329 4252 2700 4326 ἐμνημόνευόν
2749 4264 2842 4301 σου
2889 4243 2981 4298 ἐπὶ
3023 4241 3124 4312 τῆς
3158 4239 3448 4311 στρωμνῆς
3485 4254 3609 4308 μου,
3648 4238 3730 4289 ὲνι

2108 4344 2220 4407 τοῖς
2264 4342 2484 4416 ὅρθροις
2521 4340 2797 4413 ἐμελέτων
2830 4337 2910 4397 είς
2963 4331 3044 4396 σὲ,
3072 4332 3156 4385 ὅτι
3204 4328 3471 4400 ἐγενήθης
3513 4326 3707 4398 βοηθός

2112 4452 2235 4506 μου.
2272 4436 2384 4488 Καὶ
2426 4435 2486 4489 ἐν
2531 4434 2599 4503 τῇ
2652 4428 2832 4500 σκέπῃ
2864 4424 2972 4478 τῶν
2998 4421 3285 4494 πτερύγων
3316 4436 3409 4472 σου
3449 4416 3725 4487 ἀγαλὶιάικ

420 4518 663 4584 sultabo,
701 4517 934 4572 adhaesit
970 4519 1153 4574 anima
1201 4536 1320 4575 mea
1367 4530 1492 4591 post
1517 4531 1591 4590 te,
1639 4540 1727 4579 me
1762 4524 2000 4596 suscepit

2115 4543 2297 4598 σομαι,
2328 4524 2594 4596 ἐκολλήθη
2636 4524 2669 4593 ή
2707 4518 2854 4589 ψυχή
2889 4534 2991 4589 μου
3024 4516 3199 4570 ὀπίσω
3232 4531 3350 4577 σου,
3378 4509 3513 4583 ἐμοῦ
3537 4508 3595 4610 δέ
3624 4510 3715 4610 ἀν-

421 4611 644 4664 dextera
687 4616 802 4662 tua.
844 4626 863 4660 ι
902 4608 1038 4664 Cum
1082 4611 1139 4664 in
1194 4611 1413 4667 deserto
1452 4611 1654 4670 Judaea:
1699 4621 2009 4671 versaretur

422 4699 763 4757 admirabilis
803 4703 895 4758 ille
926 4701 1117 4766 David,
1152 4719 1264 4758 non
1298 4706 1558 4761 animalia
1598 4707 2009 4763 immolaturum

423 4807 503 4855 se,
537 4809 713 4864 neque
736 4795 1027 4850 brutorum
1061 4811 1344 4866 pecorum,
1390 4799 1487 4855 sed
1531 4810 1871 4860 memoratas
1913 4818 2010 4858 su-

424 4881 612 4952 perius
638 4883 954 4946 verborum,
987 4900 1215 4955 operum
1244 4895 1299 4942 et
1329 4887 1503 4959 ipsius
1537 4892 1736 4948 anima:
1771 4891 2007 4958 hostias,

423 4974 732 5042 pollicetur.
770 4975 887 5031 Sub
919 4976 1036 5031 haec
1071 4985 1253 5033 autem
1284 4994 1393 5049 qua
1424 4973 1812 5053 temperantia,
1842 4997 2008 5056 quam

424 5067 664 5137 perfecta
713 5070 964 5126 castitate
1018 5070 1277 5140 praeditus
1322 5082 1511 5140 esset,
1567 5075 1676 5132 Deo
1718 5076 2010 5132 declarat:

420 5176 592 5232 quare
621 5162 733 5216 ait:
761 5181 781 5214 ‹
811 5161 866 5216 Si
897 5178 1106 5217 memor
1135 5162 1213 5217 fui
1237 5166 1316 5220 tui
1353 5182 1518 5237 super
1549 5175 1781 5223 stratum
1806 5181 2010 5229 meum,

422 5253 477 5307 in
546 5255 837 5308 matutinis
894 5253 1202 5309 meditabar
1253 5256 1310 5311 in
1360 5264 1446 5323 te;
1486 5278 1504 5310 ι
1544 5259 1661 5314 sive
1707 5257 2025 5318 secundum.

424 5342 857 5415 Symmachum,
918 5364 936 5397 ι
993 5345 1334 5405 Recordatus
1405 5351 1484 5404 tui
1541 5366 1706 5420 super
1777 5356 2012 5405 stratum

426 5451 627 5502 meum,
665 5451 762 5507 per
791 5438 1038 5507 singulas
1066 5438 1350 5495 custodias
1388 5441 1694 5497 meditabar
1731 5448 1806 5499 te.
1847 5460 1867 5493 ι
1898 5440 2009 5497 Ne-

426 5543 532 5597 que
554 5527 701 5582 enim
740 5528 851 5582 alio
885 5528 1048 5582 modo
1075 5536 1339 5598 poteram,
1368 5531 1584 5602 inquit,
1613 5532 1680 5587 ad
1716 5539 1769 5587 te
1795 5532 1863 5588 de
1890 5533 2027 5588 luce.

428 5618 677 5689 vigilare,
708 5635 886 5690 neque
910 5620 1184 5690 precando
1206 5621 1411 5688 dicere,
1444 5641 1462 5675 ι
1496 5622 1642 5679 Deus
1668 5623 1811 5680 Deus
1836 5640 2010 5689 meus,

431 5712 497 5769 ad
528 5720 581 5767 te
613 5711 682 5767 de
711 5712 831 5768 lucc
860 5712 1043 5785 vigilo,
1086 5733 1104 5765 ι
1133 5714 1239 5769 nisi
1276 5729 1473 5785 purum
1522 5723 1756 5773 stratum
1787 5716 2008 5776 habuis-

500 5864 546 5899 ⁸⁸
585 5866 607 5922 ι
641 5865 784 5920 Tim.
819 5880 879 5929 il,
919 5863 952 5919 8
1050 5862 1091 5896 ⁸⁷
1134 5863 1279 5924 Psal.
1316 5883 1450 5934 CXL,
1488 5868 1540 5924 Et.
1626 5870 1669 5903 ⁵⁸
1710 5872 1839 5927 ibid.

2113 4614 2372 4670 τελάϐετο
2416 4616 2450 4686 ή
2494 4612 2643 4679 δεξιά
2687 4629 2803 4666 σου.
2844 4613 2932 4665 Ἐν
2958 4612 3025 4682 τῇ
3060 4610 3251 4679 ἐρήμῳ
3293 4603 3392 4675 τῆς
3448 4598 3712 4663 Ἰουδαίας

2113 4706 2406 4779 διατρίϐων
2430 4707 2458 4758 ό
2485 4703 2790 4776 θαυμάσιος
2822 4702 3005 4766 Δαυῖδ,
3031 4701 3091 4755 οὕ
3122 4698 3236 4765 ζῶα
3263 4695 3411 4749 θύειν
3439 4690 3711 4761 ἐπαγγέλ-

2112 4798 2284 4862 λεται,
2309 4796 2430 4850 οὐδὲ
2460 4796 2559 4861 τὰς
2580 4797 2640 4863 ἐξ
2673 4796 2883 4866 ἀλόγων
2918 4793 3253 4867 θρεμμάτων
3281 4789 3491 4853 θυσίας,
3521 4785 3623 4852 τὰς
3648 4783 3721 4839 δὲτ

2116 4888 2505 4963 προλεχθείσας
2554 4889 2642 4943 διὰ
2686 4889 2867 4958 λόγων
2912 4887 3009 4942 καὶ
3067 4884 3346 4957 πράξεων,
3376 4882 3472 4935 καὶ
3526 4876 3732 4950 ψυχῆςε

2119 4983 2308 5053 αὐτῆς.
2347 4978 2460 5035 Εἶτ’
2484 4982 2578 5036 ἐπὶ
2603 4981 2827 5046 τούτοις·
2842 4980 2921 5053 τῷ
2946 4978 3066 5050 Θεῷ
3096 4977 3368 5031 δείκνυσιν
3403 4974 3551 5035 ὅπως
3583 4968 3709 5024 ἀνέ-

2118 5088 2270 5125 κειτο
2321 5072 2648 5145 σωφροσύνῃ
2687 5071 2785 5125 καὶ
2832 5068 3090 5124 παντελεῖ
3133 5066 3352 5136 ἁγνείᾳ’
3388 5061 3470 5116 διό
3510 5073 3709 5133 φησιν

2125 5180 2144 5214 ι
2190 5163 2255 5216 Et
2298 5164 2669 5237 ἐμνημόνευόν
2705 5180 2814 5217 σου
2849 5164 2945 5216 ἐπὶ
2992 5162 3093 5232 τῆς
3144 5156 3433 5230 στρωμνῆς
3500 5170 3624 5225 μου,
3654 5153 3712 5205 ὲν

2119 5258 2232 5320 τοῖς
2259 5256 2475 5330 δρθροις
2498 5258 2768 5330 ἐμελέτων
2790 5258 2872 5322 είς
2892 5257 2974 5311 σέ·
2998 5275 3016 5308 ι
3044 5255 3077 5327 ἢ
3109 5252 3252 5308 κατά
3268 5251 3359 5303 τὸν
3384 5247 3724 5319 Σύμμαχονο-

2125 5368 2145 5399 ι
2194 5351 2769 5425 Ἀναμιμνησκόμενός
2800 5368 2893 5405 σου
2936 5350 3028 5403 ἐπὶ
3069 5347 3170 5417 τῆς
3229 5342 3523 5415 στρωμνῆς
3581 5352 3707 5408 μου,

2119 5441 2239 5494 καθ’
2276 5441 2514 5514 ἐκάστην
2534 5442 2779 5514 φυλακὴν
2808 5441 3080 5513 ἐμελέτων
3108 5456 3187 5492 σε.
3219 5455 3238 5489 ι
3266 5437 3342 5489 Οὐ
3372 5432 3484 5504 γὰρ
3517 5427 3723 5487 άλλως,-

2121 5535 2307 5605 φησιν,
2348 5530 2461 5600 οἷός
2502 5553 2561 5589 τε
2601 5537 2751 5608 ήμην
2779 5536 2916 5609 πρὸς
2967 5534 3028 5587 σὲ
3064 5528 3361 5604 ὀρθριζειν,
3387 5525 3510 5580 οὐδὲ
3536 5519 3713 5590 λέγειν

2121 5629 2442 5699 εὐχόμενοςῐ
2476 5647 2492 5680 ι
2527 5630 2584 5683 '0
2615 5630 2750 5693 Θεὸς
2773 5633 2801 5683 ὁ
2829 5629 2962 5692 Θεός
3000 5643 3125 5698 μου,
3150 5622 3287 5695 πρὸς
3312 5619 3372 5673 σὲ
3398 5613 3659 5691 όρθρίζω,
3692 5630 3712 5663 ι

2122 5722 2168 5773 εἰ
2205 5721 2277 5795 μὴ
2313 5719 2558 5793 καθαρὰν
2599 5723 2919 5793 ἐκεκτήμην
2970 5719 3069 5791 τὴν
3123 5712 3448 5788 στρωμνήν.
3490 5701 3723 5778 Ἐγινόι-
