  <div class='ocr_page' id='page_1' title='image "/cluster/home/n/w/nwhite01/storage/ocr_20150623/23:no.5/coo.31924054873033/320.png"; bbox 0 0 4090 6378; ppageno 0'>
   <div class='ocr_carea' id='block_1_1' title="bbox 361 348 466 406">
    <p class='ocr_par' dir='ltr' id='par_1_1' title="bbox 361 348 466 406">
     <span class='ocr_line' id='line_1_1' title="bbox 361 348 466 406; baseline 0.038 -5"><span class='ocrx_word' id='word_1_1' title='bbox 361 348 466 406; x_wconf 73' lang='lat'><strong>609</strong></span> 
     </span>
    </p>
   </div>
   <div class='ocr_carea' id='block_1_2' title="bbox 1529 333 2522 392">
    <p class='ocr_par' dir='ltr' id='par_1_2' title="bbox 1529 333 2522 392">
     <span class='ocr_line' id='line_1_2' title="bbox 1529 333 2522 392; baseline -0.002 -1"><span class='ocrx_word' id='word_1_2' title='bbox 1529 334 2034 392; x_wconf 60' lang='lat' dir='ltr'><strong>COMMENTARIA</strong></span> <span class='ocrx_word' id='word_1_3' title='bbox 2077 333 2140 386; x_wconf 77' lang='lat' dir='ltr'><strong>IN</strong></span> <span class='ocrx_word' id='word_1_4' title='bbox 2180 333 2522 390; x_wconf 66' lang='lat' dir='ltr'><strong>PSALMOS.</strong></span> 
     </span>
    </p>
   </div>
   <div class='ocr_carea' id='block_1_3' title="bbox 3532 344 3639 399">
    <p class='ocr_par' dir='ltr' id='par_1_3' title="bbox 3532 344 3639 399">
     <span class='ocr_line' id='line_1_3' title="bbox 3532 344 3639 399; baseline 0.009 -1"><span class='ocrx_word' id='word_1_5' title='bbox 3532 344 3639 399; x_wconf 62' lang='lat' dir='ltr'><strong>ivlo</strong></span> 
     </span>
    </p>
   </div>
   <div class='ocr_carea' id='block_1_4' title="bbox 366 453 1961 534">
    <p class='ocr_par' dir='ltr' id='par_1_4' title="bbox 366 456 1946 534">
     <span class='ocr_line' id='line_1_4' title="bbox 366 456 1946 534; baseline -0.007 -15"><span class='ocrx_word' id='word_1_6' title='bbox 366 482 525 520; x_wconf 89' lang='grc' dir='ltr'>σκετο</span> <span class='ocrx_word' id='word_1_7' title='bbox 580 465 636 518; x_wconf 80' lang='grc' dir='ltr'><em>δέ</em></span> <span class='ocrx_word' id='word_1_8' title='bbox 691 479 790 534; x_wconf 90' lang='grc' dir='ltr'><strong>μου</strong></span> <span class='ocrx_word' id='word_1_9' title='bbox 842 463 874 531; x_wconf 79' lang='grc' dir='ltr'><strong>ἡ</strong></span> <span class='ocrx_word' id='word_1_10' title='bbox 929 457 1237 530; x_wconf 72' lang='grc' dir='ltr'><strong>καθαρότης</strong></span> <span class='ocrx_word' id='word_1_11' title='bbox 1279 459 1377 512; x_wconf 82' lang='grc' dir='ltr'><strong>οὐκ</strong></span> <span class='ocrx_word' id='word_1_12' title='bbox 1405 458 1630 511; x_wconf 80' lang='grc' dir='ltr'>ἄλλοθεν</span> <span class='ocrx_word' id='word_1_13' title='bbox 1657 458 1689 528; x_wconf 82' lang='grc' dir='ltr'>ἢ</span> <span class='ocrx_word' id='word_1_14' title='bbox 1721 456 1946 510; x_wconf 82' lang='grc' dir='ltr'>ἀπὸτοῦ</span> 
     </span>
    </p>
   </div>
   <div class='ocr_carea' id='block_1_5' title="bbox 2063 453 3640 534">
    <p class='ocr_par' dir='ltr' id='par_1_5' title="bbox 2063 453 3640 532">
     <span class='ocr_line' id='line_1_5' title="bbox 2063 453 3640 532; baseline 0.004 -20"><span class='ocrx_word' id='word_1_15' title='bbox 2063 470 2189 512; x_wconf 80' lang='lat' dir='ltr'><strong>sem.</strong></span> <span class='ocrx_word' id='word_1_16' title='bbox 2225 453 2462 526; x_wconf 69' lang='lat' dir='ltr'><strong>Meseque</strong></span> <span class='ocrx_word' id='word_1_17' title='bbox 2495 453 2751 525; x_wconf 75' lang='lat' dir='ltr'><strong>puritatis</strong></span> <span class='ocrx_word' id='word_1_18' title='bbox 2784 471 2893 512; x_wconf 90' lang='lat' dir='ltr'><strong>non</strong></span> <span class='ocrx_word' id='word_1_19' title='bbox 2928 455 3076 512; x_wconf 81' lang='lat' dir='ltr'><strong>aliud</strong></span> <span class='ocrx_word' id='word_1_20' title='bbox 3111 457 3302 513; x_wconf 86' lang='lat' dir='ltr'><strong>aderat</strong></span> <span class='ocrx_word' id='word_1_21' title='bbox 3345 475 3640 532; x_wconf 82' lang='lat' dir='ltr'><strong>argumen-</strong></span> 
     </span>
    </p>
   </div>
   <div class='ocr_carea' id='block_1_6' title="bbox 364 545 1950 626">
    <p class='ocr_par' dir='ltr' id='par_1_6' title="bbox 364 545 1950 626">
     <span class='ocr_line' id='line_1_6' title="bbox 364 545 1950 626; baseline -0.007 -14"><span class='ocrx_word' id='word_1_22' title='bbox 364 556 508 612; x_wconf 82' lang='grc' dir='ltr'><strong>κατά</strong></span> <span class='ocrx_word' id='word_1_23' title='bbox 534 555 624 608; x_wconf 86' lang='grc' dir='ltr'><strong>τὸν</strong></span> <span class='ocrx_word' id='word_1_24' title='bbox 656 554 850 626; x_wconf 76' lang='grc' dir='ltr'>ὀρθρον</span> <span class='ocrx_word' id='word_1_25' title='bbox 882 553 949 606; x_wconf 73' lang='grc' dir='ltr'>τὰ</span> <span class='ocrx_word' id='word_1_26' title='bbox 977 551 1045 605; x_wconf 75' lang='grc' dir='ltr'>σὰ</span> <span class='ocrx_word' id='word_1_27' title='bbox 1081 552 1309 622; x_wconf 85' lang='grc' dir='ltr'>μελετᾷν</span> <span class='ocrx_word' id='word_1_28' title='bbox 1336 551 1510 619; x_wconf 79' lang='grc' dir='ltr'>λόγια.</span> <span class='ocrx_word' id='word_1_29' title='bbox 1543 550 1713 620; x_wconf 91' lang='grc' dir='ltr'>Δῆλον</span> <span class='ocrx_word' id='word_1_30' title='bbox 1742 549 1850 622; x_wconf 83' lang='grc' dir='ltr'><strong>γὰρ</strong></span> <span class='ocrx_word' id='word_1_31' title='bbox 1883 545 1950 620; x_wconf 76' lang='grc' dir='ltr'><strong>ῆν</strong></span> 
     </span>
    </p>
   </div>
   <div class='ocr_carea' id='block_1_7' title="bbox 365 641 1951 717">
    <p class='ocr_par' dir='ltr' id='par_1_7' title="bbox 365 641 1951 717">
     <span class='ocr_line' id='line_1_7' title="bbox 365 641 1951 717; baseline -0.006 -15"><span class='ocrx_word' id='word_1_32' title='bbox 365 652 431 702; x_wconf 79' lang='grc' dir='ltr'>ἐκ</span> <span class='ocrx_word' id='word_1_33' title='bbox 463 648 652 701; x_wconf 85' lang='grc' dir='ltr'>τούτου</span> <span class='ocrx_word' id='word_1_34' title='bbox 684 645 805 717; x_wconf 83' lang='grc' dir='ltr'>μηδ’</span> <span class='ocrx_word' id='word_1_35' title='bbox 833 644 962 698; x_wconf 80' lang='grc' dir='ltr'>ἄλλο</span> <span class='ocrx_word' id='word_1_36' title='bbox 993 662 1044 698; x_wconf 92' lang='grc' dir='ltr'><strong>τι</strong></span> <span class='ocrx_word' id='word_1_37' title='bbox 1075 644 1332 715; x_wconf 84' lang='grc' dir='ltr'>πράττειν</span> <span class='ocrx_word' id='word_1_38' title='bbox 1367 662 1434 714; x_wconf 92' lang='grc' dir='ltr'><strong>με</strong></span> <span class='ocrx_word' id='word_1_39' title='bbox 1464 643 1561 707; x_wconf 77' lang='grc' dir='ltr'><strong>τὰς</strong></span> <span class='ocrx_word' id='word_1_40' title='bbox 1582 641 1802 704; x_wconf 87' lang='grc' dir='ltr'>νύκτας,</span> <span class='ocrx_word' id='word_1_41' title='bbox 1833 641 1866 712; x_wconf 81' lang='grc' dir='ltr'>ἢ</span> <span class='ocrx_word' id='word_1_42' title='bbox 1893 641 1951 694; x_wconf 82' lang='grc' dir='ltr'>σὲ</span> 
     </span>
    </p>
   </div>
   <div class='ocr_carea' id='block_1_8' title="bbox 364 735 1953 810">
    <p class='ocr_par' dir='ltr' id='par_1_8' title="bbox 364 735 1953 810">
     <span class='ocr_line' id='line_1_8' title="bbox 364 735 1953 810; baseline -0.004 -17"><span class='ocrx_word' id='word_1_43' title='bbox 364 741 456 794; x_wconf 88' lang='grc' dir='ltr'><strong>τὸν</strong></span> <span class='ocrx_word' id='word_1_44' title='bbox 482 740 613 792; x_wconf 99' lang='grc' dir='ltr'>Θεὸν</span> <span class='ocrx_word' id='word_1_45' title='bbox 647 739 751 810; x_wconf 82' lang='grc' dir='ltr'><strong>πρὸ</strong></span> <span class='ocrx_word' id='word_1_46' title='bbox 788 737 1078 808; x_wconf 74' lang='grc' dir='ltr'><strong>ὀφθαλμῶν</strong></span> <span class='ocrx_word' id='word_1_47' title='bbox 1118 737 1280 808; x_wconf 80' lang='grc' dir='ltr'>ἔχειν.</span> <span class='ocrx_word' id='word_1_48' title='bbox 1319 736 1474 790; x_wconf 82' lang='grc' dir='ltr'>Κατά</span> <span class='ocrx_word' id='word_1_49' title='bbox 1507 737 1562 789; x_wconf 82' lang='grc' dir='ltr'>δὲ</span> <span class='ocrx_word' id='word_1_50' title='bbox 1601 736 1691 788; x_wconf 86' lang='grc' dir='ltr'><strong>τὸν</strong></span> <span class='ocrx_word' id='word_1_51' title='bbox 1727 735 1953 804; x_wconf 81' lang='grc' dir='ltr'>Σύμμα-</span> 
     </span>
    </p>
   </div>
   <div class='ocr_carea' id='block_1_9' title="bbox 365 825 1946 903">
    <p class='ocr_par' dir='ltr' id='par_1_9' title="bbox 365 825 1946 903">
     <span class='ocr_line' id='line_1_9' title="bbox 365 825 1946 903; baseline -0.005 -19"><span class='ocrx_word' id='word_1_52' title='bbox 365 850 458 903; x_wconf 85' lang='grc' dir='ltr'>χον</span> <span class='ocrx_word' id='word_1_53' title='bbox 492 829 736 898; x_wconf 78' lang='grc' dir='ltr'>λέγοντα,</span> <span class='ocrx_word' id='word_1_54' title='bbox 766 847 784 878; x_wconf 82' lang='grc'><strong>‹</strong></span> <span class='ocrx_word' id='word_1_55' title='bbox 813 827 931 882; x_wconf 80' lang='grc' dir='ltr'>καθ’</span> <span class='ocrx_word' id='word_1_56' title='bbox 963 828 1198 899; x_wconf 78' lang='grc' dir='ltr'>ἑκάστην</span> <span class='ocrx_word' id='word_1_57' title='bbox 1231 827 1476 897; x_wconf 80' lang='grc' dir='ltr'>φυλακὴν</span> <span class='ocrx_word' id='word_1_58' title='bbox 1499 825 1769 895; x_wconf 79' lang='grc' dir='ltr'><strong>ἐμελέτων</strong></span> <span class='ocrx_word' id='word_1_59' title='bbox 1809 842 1887 887; x_wconf 94' lang='grc' dir='ltr'><strong>σε,</strong></span> <span class='ocrx_word' id='word_1_60' title='bbox 1927 843 1946 876; x_wconf 70' lang='grc' dir='ltr'><strong>ι</strong></span> 
     </span>
    </p>
   </div>
   <div class='ocr_carea' id='block_1_10' title="bbox 365 915 1952 989">
    <p class='ocr_par' dir='ltr' id='par_1_10' title="bbox 365 915 1952 989">
     <span class='ocr_line' id='line_1_10' title="bbox 365 915 1952 989; baseline -0.006 -13"><span class='ocrx_word' id='word_1_61' title='bbox 365 923 462 976; x_wconf 76' lang='grc' dir='ltr'>καὶ</span> <span class='ocrx_word' id='word_1_62' title='bbox 492 920 632 973; x_wconf 88' lang='grc' dir='ltr'><strong>κατά</strong></span> <span class='ocrx_word' id='word_1_63' title='bbox 651 919 743 972; x_wconf 84' lang='grc' dir='ltr'><strong>τὸν</strong></span> <span class='ocrx_word' id='word_1_64' title='bbox 781 917 1012 972; x_wconf 85' lang='grc' dir='ltr'>Ἀκύλαν</span> <span class='ocrx_word' id='word_1_65' title='bbox 1044 919 1313 989; x_wconf 72' lang='grc' dir='ltr'>φήσαντα,</span> <span class='ocrx_word' id='word_1_66' title='bbox 1345 937 1362 968; x_wconf 72' lang='grc' dir='ltr'><strong>ι</strong></span> <span class='ocrx_word' id='word_1_67' title='bbox 1401 919 1458 970; x_wconf 80' lang='grc' dir='ltr'><strong>ἐν</strong></span> <span class='ocrx_word' id='word_1_68' title='bbox 1493 915 1761 986; x_wconf 76' lang='grc' dir='ltr'>φυλακαῖς</span> <span class='ocrx_word' id='word_1_69' title='bbox 1788 915 1952 984; x_wconf 78' lang='grc' dir='ltr'>φθέγ-</span> 
     </span>
    </p>
   </div>
   <div class='ocr_carea' id='block_1_11' title="bbox 365 1006 1953 1080">
    <p class='ocr_par' dir='ltr' id='par_1_11' title="bbox 365 1006 1953 1080">
     <span class='ocr_line' id='line_1_11' title="bbox 365 1006 1953 1080; baseline -0.004 -16"><span class='ocrx_word' id='word_1_70' title='bbox 365 1008 612 1080; x_wconf 80' lang='grc' dir='ltr'>γομαιὲν</span> <span class='ocrx_word' id='word_1_71' title='bbox 647 1009 750 1070; x_wconf 77' lang='grc' dir='ltr'>σοὶ,</span> <span class='ocrx_word' id='word_1_72' title='bbox 797 1027 814 1058; x_wconf 75' lang='grc' dir='ltr'><strong>ι</strong></span> <span class='ocrx_word' id='word_1_73' title='bbox 853 1007 1044 1077; x_wconf 77' lang='grc' dir='ltr'><strong>δηλοῦν</strong></span> <span class='ocrx_word' id='word_1_74' title='bbox 1099 1007 1241 1060; x_wconf 83' lang='grc' dir='ltr'>ἔοικε</span> <span class='ocrx_word' id='word_1_75' title='bbox 1287 1006 1386 1070; x_wconf 81' lang='grc' dir='ltr'><strong>τὰς</strong></span> <span class='ocrx_word' id='word_1_76' title='bbox 1431 1007 1759 1078; x_wconf 74' lang='grc' dir='ltr'><strong>νυκτερινὰς</strong></span> <span class='ocrx_word' id='word_1_77' title='bbox 1803 1006 1953 1078; x_wconf 78' lang='grc' dir='ltr'>ὥρας</span> 
     </span>
    </p>
   </div>
   <div class='ocr_carea' id='block_1_12' title="bbox 367 1095 1953 1168">
    <p class='ocr_par' dir='ltr' id='par_1_12' title="bbox 367 1095 1953 1168">
     <span class='ocr_line' id='line_1_12' title="bbox 367 1095 1953 1168; baseline -0.002 -17"><span class='ocrx_word' id='word_1_78' title='bbox 367 1097 654 1152; x_wconf 77' lang='grc' dir='ltr'>ἀσκεῖσθαι</span> <span class='ocrx_word' id='word_1_79' title='bbox 683 1099 803 1159; x_wconf 85' lang='grc' dir='ltr'>ταῖς</span> <span class='ocrx_word' id='word_1_80' title='bbox 845 1097 954 1150; x_wconf 89' lang='grc' dir='ltr'><strong>τῶν</strong></span> <span class='ocrx_word' id='word_1_81' title='bbox 998 1096 1156 1150; x_wconf 87' lang='grc' dir='ltr'>θείων</span> <span class='ocrx_word' id='word_1_82' title='bbox 1195 1098 1233 1149; x_wconf 91' lang='grc' dir='ltr'><strong><em>Γ</em></strong></span> <span class='ocrx_word' id='word_1_83' title='bbox 1241 1095 1424 1168; x_wconf 77' lang='grc' dir='ltr'>ραφῶν</span> <span class='ocrx_word' id='word_1_84' title='bbox 1459 1096 1731 1167; x_wconf 78' lang='grc' dir='ltr'><strong>μελέταις.</strong></span> <span class='ocrx_word' id='word_1_85' title='bbox 1757 1097 1953 1167; x_wconf 73' lang='grc' dir='ltr'>Διῄρη-</span> 
     </span>
    </p>
   </div>
   <div class='ocr_carea' id='block_1_13' title="bbox 369 1189 1954 1262">
    <p class='ocr_par' dir='ltr' id='par_1_13' title="bbox 369 1189 1954 1262">
     <span class='ocr_line' id='line_1_13' title="bbox 369 1189 1954 1262; baseline 0 -20"><span class='ocrx_word' id='word_1_86' title='bbox 369 1207 455 1242; x_wconf 87' lang='grc' dir='ltr'><strong>ται</strong></span> <span class='ocrx_word' id='word_1_87' title='bbox 510 1190 608 1260; x_wconf 84' lang='grc' dir='ltr'>μὲν</span> <span class='ocrx_word' id='word_1_88' title='bbox 641 1189 750 1260; x_wconf 85' lang='grc' dir='ltr'><strong>γάρ</strong></span> <span class='ocrx_word' id='word_1_89' title='bbox 797 1192 824 1242; x_wconf 99' lang='lat'><strong>6</strong></span> <span class='ocrx_word' id='word_1_90' title='bbox 866 1191 972 1253; x_wconf 80' lang='grc' dir='ltr'>πᾶς</span> <span class='ocrx_word' id='word_1_91' title='bbox 1015 1189 1115 1259; x_wconf 88' lang='grc' dir='ltr'><strong>τῆς</strong></span> <span class='ocrx_word' id='word_1_92' title='bbox 1160 1190 1353 1254; x_wconf 88' lang='grc' dir='ltr'>νυκτὸς</span> <span class='ocrx_word' id='word_1_93' title='bbox 1379 1191 1567 1262; x_wconf 82' lang='grc' dir='ltr'><strong>χρόνος</strong></span> <span class='ocrx_word' id='word_1_94' title='bbox 1598 1192 1677 1254; x_wconf 86' lang='grc' dir='ltr'><strong>είς</strong></span> <span class='ocrx_word' id='word_1_95' title='bbox 1708 1190 1954 1259; x_wconf 71' lang='grc' dir='ltr'>φυλακάς</span> 
     </span>
    </p>
   </div>
   <div class='ocr_carea' id='block_1_14' title="bbox 367 1281 1955 1356">
    <p class='ocr_par' dir='ltr' id='par_1_14' title="bbox 367 1281 1955 1356">
     <span class='ocr_line' id='line_1_14' title="bbox 367 1281 1955 1356; baseline -0.001 -20"><span class='ocrx_word' id='word_1_96' title='bbox 367 1281 652 1354; x_wconf 73' lang='grc' dir='ltr'><strong>διαφόρους</strong></span> <span class='ocrx_word' id='word_1_97' title='bbox 671 1299 684 1312; x_wconf 68' lang='grc' dir='ltr'><strong>ο</strong></span> <span class='ocrx_word' id='word_1_98' title='bbox 716 1281 856 1334; x_wconf 88' lang='grc' dir='ltr'>οῦτω</span> <span class='ocrx_word' id='word_1_99' title='bbox 882 1281 1010 1350; x_wconf 91' lang='grc' dir='ltr'>γοῦν</span> <span class='ocrx_word' id='word_1_100' title='bbox 1043 1281 1256 1354; x_wconf 77' lang='grc' dir='ltr'>εἴρηται</span> <span class='ocrx_word' id='word_1_101' title='bbox 1277 1285 1333 1334; x_wconf 83' lang='grc' dir='ltr'><strong>ἐν</strong></span> <span class='ocrx_word' id='word_1_102' title='bbox 1358 1283 1696 1351; x_wconf 76' lang='grc' dir='ltr'>εὐαγγελίοις</span> <span class='ocrx_word' id='word_1_103' title='bbox 1721 1283 1955 1356; x_wconf 80' lang='grc' dir='ltr'><strong>τετάρτῃ</strong></span> 
     </span>
    </p>
   </div>
   <div class='ocr_carea' id='block_1_15' title="bbox 370 1374 1954 1446">
    <p class='ocr_par' dir='ltr' id='par_1_15' title="bbox 370 1374 1954 1446">
     <span class='ocr_line' id='line_1_15' title="bbox 370 1374 1954 1446; baseline 0.001 -19"><span class='ocrx_word' id='word_1_104' title='bbox 370 1375 583 1446; x_wconf 73' lang='grc' dir='ltr'>φυλακῇ</span> <span class='ocrx_word' id='word_1_105' title='bbox 630 1374 904 1446; x_wconf 82' lang='grc' dir='ltr'>ἐληλυθὼς</span> <span class='ocrx_word' id='word_1_106' title='bbox 929 1377 956 1428; x_wconf 90' lang='lat'><strong>6</strong></span> <span class='ocrx_word' id='word_1_107' title='bbox 990 1374 1180 1446; x_wconf 80' lang='grc' dir='ltr'>Σωτὴρ</span> <span class='ocrx_word' id='word_1_108' title='bbox 1214 1375 1349 1446; x_wconf 82' lang='grc' dir='ltr'>πρὸς</span> <span class='ocrx_word' id='word_1_109' title='bbox 1387 1376 1514 1439; x_wconf 82' lang='grc' dir='ltr'><strong>τούς</strong></span> <span class='ocrx_word' id='word_1_110' title='bbox 1544 1374 1817 1446; x_wconf 82' lang='grc' dir='ltr'>μαθητάς.</span> <span class='ocrx_word' id='word_1_111' title='bbox 1844 1376 1954 1428; x_wconf 78' lang='grc' dir='ltr'>Καὶ</span> 
     </span>
    </p>
   </div>
   <div class='ocr_carea' id='block_1_16' title="bbox 367 1467 1955 1538">
    <p class='ocr_par' dir='ltr' id='par_1_16' title="bbox 367 1467 1955 1538">
     <span class='ocr_line' id='line_1_16' title="bbox 367 1467 1955 1538; baseline 0 -18"><span class='ocrx_word' id='word_1_112' title='bbox 367 1467 602 1538; x_wconf 77' lang='grc' dir='ltr'>ἀλλαχοῦ</span> <span class='ocrx_word' id='word_1_113' title='bbox 637 1468 693 1520; x_wconf 78' lang='grc' dir='ltr'><strong>δὲ</strong></span> <span class='ocrx_word' id='word_1_114' title='bbox 723 1467 884 1530; x_wconf 84' lang='grc' dir='ltr'>αὐτός</span> <span class='ocrx_word' id='word_1_115' title='bbox 911 1485 1043 1538; x_wconf 80' lang='grc' dir='ltr'>φησι</span> <span class='ocrx_word' id='word_1_116' title='bbox 1064 1484 1077 1496; x_wconf 74' lang='grc' dir='ltr'><strong>ο</strong></span> <span class='ocrx_word' id='word_1_117' title='bbox 1119 1487 1136 1516; x_wconf 77' lang='grc' dir='ltr'><strong>ι</strong></span> <span class='ocrx_word' id='word_1_118' title='bbox 1176 1468 1524 1538; x_wconf 69' lang='grc' dir='ltr'>Γρηγορεῖτε,</span> <span class='ocrx_word' id='word_1_119' title='bbox 1543 1468 1624 1520; x_wconf 86' lang='grc' dir='ltr'><strong>δτι</strong></span> <span class='ocrx_word' id='word_1_120' title='bbox 1651 1469 1750 1521; x_wconf 88' lang='grc' dir='ltr'><strong>οὐκ</strong></span> <span class='ocrx_word' id='word_1_121' title='bbox 1777 1467 1955 1520; x_wconf 82' lang='grc' dir='ltr'>οἴδατε</span> 
     </span>
    </p>
   </div>
   <div class='ocr_carea' id='block_1_17' title="bbox 371 1561 1950 1634">
    <p class='ocr_par' dir='ltr' id='par_1_17' title="bbox 371 1561 1950 1634">
     <span class='ocr_line' id='line_1_17' title="bbox 371 1561 1950 1634; baseline 0 -20"><span class='ocrx_word' id='word_1_122' title='bbox 371 1563 500 1632; x_wconf 79' lang='grc' dir='ltr'>ποίᾳ</span> <span class='ocrx_word' id='word_1_123' title='bbox 545 1562 757 1634; x_wconf 73' lang='grc' dir='ltr'>φυλακῇ</span> <span class='ocrx_word' id='word_1_124' title='bbox 787 1564 814 1615; x_wconf 95' lang='grc' dir='ltr'><strong>ὀ</strong></span> <span class='ocrx_word' id='word_1_125' title='bbox 847 1562 1054 1633; x_wconf 85' lang='grc' dir='ltr'>Κύριος</span> <span class='ocrx_word' id='word_1_126' title='bbox 1106 1561 1260 1632; x_wconf 84' lang='grc' dir='ltr'>ὑμῶν</span> <span class='ocrx_word' id='word_1_127' title='bbox 1305 1561 1522 1632; x_wconf 75' lang='grc' dir='ltr'>ἔρχεται</span> <span class='ocrx_word' id='word_1_128' title='bbox 1547 1577 1559 1590; x_wconf 82' lang='lat'><strong><em>°</em></strong></span> <span class='ocrx_word' id='word_1_129' title='bbox 1591 1579 1611 1612; x_wconf 75' lang='grc' dir='ltr'><strong>ι</strong></span> <span class='ocrx_word' id='word_1_130' title='bbox 1643 1561 1739 1614; x_wconf 80' lang='grc' dir='ltr'><strong>καὶ</strong></span> <span class='ocrx_word' id='word_1_131' title='bbox 1770 1561 1950 1614; x_wconf 88' lang='grc' dir='ltr'>πάλιν·</span> 
     </span>
    </p>
   </div>
   <div class='ocr_carea' id='block_1_18' title="bbox 375 1653 1956 1724">
    <p class='ocr_par' dir='ltr' id='par_1_18' title="bbox 375 1653 1956 1724">
     <span class='ocr_line' id='line_1_18' title="bbox 375 1653 1956 1724; baseline -0.001 -18"><span class='ocrx_word' id='word_1_132' title='bbox 375 1674 392 1706; x_wconf 71' lang='grc' dir='ltr'><strong>ι</strong></span> <span class='ocrx_word' id='word_1_133' title='bbox 418 1656 625 1709; x_wconf 83' lang='grc' dir='ltr'>Ἐκεῖνο</span> <span class='ocrx_word' id='word_1_134' title='bbox 653 1655 709 1707; x_wconf 81' lang='grc' dir='ltr'><strong>δὲ</strong></span> <span class='ocrx_word' id='word_1_135' title='bbox 738 1653 1058 1722; x_wconf 75' lang='grc' dir='ltr'>γινώσκετε,</span> <span class='ocrx_word' id='word_1_136' title='bbox 1093 1653 1194 1715; x_wconf 77' lang='grc' dir='ltr'>ὃτι,</span> <span class='ocrx_word' id='word_1_137' title='bbox 1223 1654 1271 1706; x_wconf 88' lang='grc' dir='ltr'>εἱ</span> <span class='ocrx_word' id='word_1_138' title='bbox 1317 1653 1431 1724; x_wconf 78' lang='grc' dir='ltr'>ᾔδει</span> <span class='ocrx_word' id='word_1_139' title='bbox 1483 1654 1511 1704; x_wconf 91' lang='grc' dir='ltr'><strong>ὀ</strong></span> <span class='ocrx_word' id='word_1_140' title='bbox 1569 1653 1956 1723; x_wconf 78' lang='grc' dir='ltr'>οἰκοδεσπότης</span> 
     </span>
    </p>
   </div>
   <div class='ocr_carea' id='block_1_19' title="bbox 370 1744 1956 1818">
    <p class='ocr_par' dir='ltr' id='par_1_19' title="bbox 370 1744 1956 1818">
     <span class='ocr_line' id='line_1_19' title="bbox 370 1744 1956 1818; baseline -0.001 -19"><span class='ocrx_word' id='word_1_141' title='bbox 370 1747 502 1818; x_wconf 81' lang='grc' dir='ltr'>ποίᾳ</span> <span class='ocrx_word' id='word_1_142' title='bbox 529 1745 743 1817; x_wconf 82' lang='grc' dir='ltr'>φυλακῇ</span> <span class='ocrx_word' id='word_1_143' title='bbox 772 1748 800 1798; x_wconf 85' lang='grc' dir='ltr'><strong>ὀ</strong></span> <span class='ocrx_word' id='word_1_144' title='bbox 839 1745 1080 1815; x_wconf 85' lang='grc' dir='ltr'>κλέπτης</span> <span class='ocrx_word' id='word_1_145' title='bbox 1107 1744 1347 1816; x_wconf 81' lang='grc' dir='ltr'>ἔρχεται.</span> <span class='ocrx_word' id='word_1_146' title='bbox 1381 1765 1399 1796; x_wconf 71' lang='grc' dir='ltr'><strong>ι</strong></span> <span class='ocrx_word' id='word_1_147' title='bbox 1439 1745 1496 1797; x_wconf 87' lang='grc' dir='ltr'><strong>Ὀ</strong></span> <span class='ocrx_word' id='word_1_148' title='bbox 1531 1744 1588 1797; x_wconf 89' lang='grc' dir='ltr'><strong>δέ</strong></span> <span class='ocrx_word' id='word_1_149' title='bbox 1615 1762 1678 1814; x_wconf 90' lang='grc' dir='ltr'><strong>γε</strong></span> <span class='ocrx_word' id='word_1_150' title='bbox 1706 1745 1956 1817; x_wconf 66' lang='grc' dir='ltr'>θεοφιλής</span> 
     </span>
    </p>
   </div>
   <div class='ocr_carea' id='block_1_20' title="bbox 371 1837 1964 1909">
    <p class='ocr_par' dir='ltr' id='par_1_20' title="bbox 371 1837 1964 1909">
     <span class='ocr_line' id='line_1_20' title="bbox 371 1837 1964 1909; baseline -0.002 -16"><span class='ocrx_word' id='word_1_151' title='bbox 371 1841 466 1893; x_wconf 73' lang='grc' dir='ltr'>καὶ</span> <span class='ocrx_word' id='word_1_152' title='bbox 494 1839 572 1909; x_wconf 80' lang='grc' dir='ltr'><strong>τῷ</strong></span> <span class='ocrx_word' id='word_1_153' title='bbox 591 1837 711 1908; x_wconf 84' lang='grc' dir='ltr'>Θεῷ</span> <span class='ocrx_word' id='word_1_154' title='bbox 745 1837 1133 1907; x_wconf 88' lang='grc' dir='ltr'>ἀνακείμενος,</span> <span class='ocrx_word' id='word_1_155' title='bbox 1163 1837 1713 1908; x_wconf 84' lang='grc' dir='ltr'>ἀναμιμνησκόμενος</span> <span class='ocrx_word' id='word_1_156' title='bbox 1746 1838 1838 1890; x_wconf 74' lang='grc' dir='ltr'><strong>ἐπὶ</strong></span> <span class='ocrx_word' id='word_1_157' title='bbox 1865 1837 1964 1907; x_wconf 87' lang='grc' dir='ltr'><strong>τῆς</strong></span> 
     </span>
    </p>
   </div>
   <div class='ocr_carea' id='block_1_21' title="bbox 371 1929 1962 2003">
    <p class='ocr_par' dir='ltr' id='par_1_21' title="bbox 371 1929 1962 2003">
     <span class='ocr_line' id='line_1_21' title="bbox 371 1929 1962 2003; baseline 0 -18"><span class='ocrx_word' id='word_1_158' title='bbox 371 1931 567 1986; x_wconf 79' lang='grc' dir='ltr'>ἑαυτοῦ</span> <span class='ocrx_word' id='word_1_159' title='bbox 611 1931 906 2003; x_wconf 81' lang='grc' dir='ltr'>στρωμνῆς</span> <span class='ocrx_word' id='word_1_160' title='bbox 957 1929 1052 1983; x_wconf 87' lang='grc' dir='ltr'><strong>τοῦ</strong></span> <span class='ocrx_word' id='word_1_161' title='bbox 1087 1929 1242 1994; x_wconf 83' lang='grc' dir='ltr'>Θεοῦ,</span> <span class='ocrx_word' id='word_1_162' title='bbox 1279 1929 1505 1983; x_wconf 84' lang='grc' dir='ltr'>ἄσπιλόν</span> <span class='ocrx_word' id='word_1_163' title='bbox 1546 1947 1606 1982; x_wconf 92' lang='grc' dir='ltr'><strong>τε</strong></span> <span class='ocrx_word' id='word_1_164' title='bbox 1649 1930 1816 2002; x_wconf 80' lang='grc' dir='ltr'>αὐτὴν</span> <span class='ocrx_word' id='word_1_165' title='bbox 1867 1932 1962 1985; x_wconf 74' lang='grc' dir='ltr'><strong>καὶ</strong></span> 
     </span>
    </p>
   </div>
   <div class='ocr_carea' id='block_1_22' title="bbox 364 2022 1963 2096">
    <p class='ocr_par' dir='ltr' id='par_1_22' title="bbox 364 2022 1963 2096">
     <span class='ocr_line' id='line_1_22' title="bbox 364 2022 1963 2096; baseline 0 -19"><span class='ocrx_word' id='word_1_166' title='bbox 364 2025 564 2096; x_wconf 75' lang='grc' dir='ltr'>ἁγνὴν,</span> <span class='ocrx_word' id='word_1_167' title='bbox 600 2025 693 2077; x_wconf 74' lang='grc' dir='ltr'><strong>καὶ</strong></span> <span class='ocrx_word' id='word_1_168' title='bbox 717 2024 979 2095; x_wconf 85' lang='grc' dir='ltr'>ἀμίαντον</span> <span class='ocrx_word' id='word_1_169' title='bbox 1021 2023 1323 2094; x_wconf 77' lang='grc' dir='ltr'>φυλάττων,</span> <span class='ocrx_word' id='word_1_170' title='bbox 1361 2022 1483 2076; x_wconf 86' lang='grc' dir='ltr'>καθ’</span> <span class='ocrx_word' id='word_1_171' title='bbox 1524 2023 1760 2095; x_wconf 79' lang='grc' dir='ltr'>ἑκάστην</span> <span class='ocrx_word' id='word_1_172' title='bbox 1794 2023 1963 2093; x_wconf 84' lang='grc' dir='ltr'>φυλα-</span> 
     </span>
    </p>
   </div>
   <div class='ocr_carea' id='block_1_23' title="bbox 371 2116 1963 2188">
    <p class='ocr_par' dir='ltr' id='par_1_23' title="bbox 371 2116 1963 2188">
     <span class='ocr_line' id='line_1_23' title="bbox 371 2116 1963 2188; baseline 0.001 -18"><span class='ocrx_word' id='word_1_173' title='bbox 371 2119 475 2188; x_wconf 83' lang='grc' dir='ltr'><strong>κὴν</strong></span> <span class='ocrx_word' id='word_1_174' title='bbox 518 2117 619 2187; x_wconf 84' lang='grc' dir='ltr'><strong>τῆς</strong></span> <span class='ocrx_word' id='word_1_175' title='bbox 650 2116 844 2179; x_wconf 82' lang='grc' dir='ltr'>νυκτὸς</span> <span class='ocrx_word' id='word_1_176' title='bbox 889 2116 1282 2186; x_wconf 83' lang='grc' dir='ltr'>ἀνιστάμενος,</span> <span class='ocrx_word' id='word_1_177' title='bbox 1319 2117 1508 2186; x_wconf 78' lang='grc' dir='ltr'>εὐχαῖς</span> <span class='ocrx_word' id='word_1_178' title='bbox 1554 2119 1832 2188; x_wconf 88' lang='grc' dir='ltr'>προσεῖχε,</span> <span class='ocrx_word' id='word_1_179' title='bbox 1869 2119 1963 2171; x_wconf 80' lang='grc' dir='ltr'><strong>καὶ</strong></span> 
     </span>
    </p>
   </div>
   <div class='ocr_carea' id='block_1_24' title="bbox 368 2207 1962 2280">
    <p class='ocr_par' dir='ltr' id='par_1_24' title="bbox 368 2207 1962 2280">
     <span class='ocr_line' id='line_1_24' title="bbox 368 2207 1962 2280; baseline 0.001 -17"><span class='ocrx_word' id='word_1_180' title='bbox 368 2213 483 2272; x_wconf 78' lang='grc' dir='ltr'>τοῖς</span> <span class='ocrx_word' id='word_1_181' title='bbox 503 2209 668 2273; x_wconf 88' lang='grc' dir='ltr'>θείοις</span> <span class='ocrx_word' id='word_1_182' title='bbox 702 2210 982 2278; x_wconf 78' lang='grc' dir='ltr'>ὲνησκεῖτο</span> <span class='ocrx_word' id='word_1_183' title='bbox 1012 2208 1330 2280; x_wconf 83' lang='grc' dir='ltr'>μαθήμασιν</span> <span class='ocrx_word' id='word_1_184' title='bbox 1349 2224 1362 2238; x_wconf 81' lang='grc'><em>’</em></span> <span class='ocrx_word' id='word_1_185' title='bbox 1393 2208 1421 2261; x_wconf 85' lang='grc' dir='ltr'>ὃ</span> <span class='ocrx_word' id='word_1_186' title='bbox 1445 2209 1509 2280; x_wconf 81' lang='grc' dir='ltr'><strong>δὴ</strong></span> <span class='ocrx_word' id='word_1_187' title='bbox 1538 2207 1802 2262; x_wconf 81' lang='grc' dir='ltr'>διδάσκων</span> <span class='ocrx_word' id='word_1_188' title='bbox 1823 2210 1962 2264; x_wconf 83' lang='grc' dir='ltr'>κατὰ</span> 
     </span>
    </p>
   </div>
   <div class='ocr_carea' id='block_1_25' title="bbox 369 2298 1960 2371">
    <p class='ocr_par' dir='ltr' id='par_1_25' title="bbox 369 2298 1960 2371">
     <span class='ocr_line' id='line_1_25' title="bbox 369 2298 1960 2371; baseline -0.008 -15"><span class='ocrx_word' id='word_1_189' title='bbox 369 2299 461 2356; x_wconf 85' lang='grc' dir='ltr'><strong>τὸν</strong></span> <span class='ocrx_word' id='word_1_190' title='bbox 517 2301 812 2371; x_wconf 79' lang='grc' dir='ltr'>Σύμμαχον</span> <span class='ocrx_word' id='word_1_191' title='bbox 871 2298 1089 2367; x_wconf 82' lang='grc' dir='ltr'>ἕλεγεν’</span> <span class='ocrx_word' id='word_1_192' title='bbox 1147 2317 1164 2348; x_wconf 72' lang='grc' dir='ltr'><strong>ε</strong></span> <span class='ocrx_word' id='word_1_193' title='bbox 1232 2298 1810 2370; x_wconf 77' lang='grc' dir='ltr'>’Λναμιμνησκόμενός</span> <span class='ocrx_word' id='word_1_194' title='bbox 1867 2317 1960 2353; x_wconf 86' lang='grc' dir='ltr'>σου</span> 
     </span>
    </p>
   </div>
   <div class='ocr_carea' id='block_1_26' title="bbox 368 2389 1960 2463">
    <p class='ocr_par' dir='ltr' id='par_1_26' title="bbox 368 2389 1960 2463">
     <span class='ocr_line' id='line_1_26' title="bbox 368 2389 1960 2463; baseline -0.003 -15"><span class='ocrx_word' id='word_1_195' title='bbox 368 2393 463 2449; x_wconf 69' lang='grc' dir='ltr'>ἰπὶ</span> <span class='ocrx_word' id='word_1_196' title='bbox 514 2392 616 2463; x_wconf 89' lang='grc' dir='ltr'><strong>τῆς</strong></span> <span class='ocrx_word' id='word_1_197' title='bbox 683 2391 972 2462; x_wconf 82' lang='grc' dir='ltr'>στρωμνῆς</span> <span class='ocrx_word' id='word_1_198' title='bbox 1029 2407 1153 2462; x_wconf 82' lang='grc' dir='ltr'>μου,</span> <span class='ocrx_word' id='word_1_199' title='bbox 1235 2389 1356 2443; x_wconf 85' lang='grc' dir='ltr'>καθ’</span> <span class='ocrx_word' id='word_1_200' title='bbox 1418 2389 1656 2460; x_wconf 77' lang='grc' dir='ltr'>ἑκάστην</span> <span class='ocrx_word' id='word_1_201' title='bbox 1716 2390 1960 2462; x_wconf 76' lang='grc' dir='ltr'>φυλακὴν</span> 
     </span>
    </p>
   </div>
   <div class='ocr_carea' id='block_1_27' title="bbox 364 2483 1963 2559">
    <p class='ocr_par' dir='ltr' id='par_1_27' title="bbox 364 2483 1963 2559">
     <span class='ocr_line' id='line_1_27' title="bbox 364 2483 1963 2559; baseline -0.002 -20"><span class='ocrx_word' id='word_1_202' title='bbox 364 2487 664 2559; x_wconf 70' lang='grc' dir='ltr'>ἐμελέτων.</span> <span class='ocrx_word' id='word_1_203' title='bbox 699 2505 718 2537; x_wconf 73' lang='grc' dir='ltr'><strong>ι</strong></span> <span class='ocrx_word' id='word_1_204' title='bbox 746 2485 842 2548; x_wconf 76' lang='lat' dir='ltr'><strong>Ei;</strong></span> <span class='ocrx_word' id='word_1_205' title='bbox 861 2486 918 2537; x_wconf 83' lang='grc' dir='ltr'>σὲ</span> <span class='ocrx_word' id='word_1_206' title='bbox 943 2483 1051 2555; x_wconf 83' lang='grc' dir='ltr'>γὰρ</span> <span class='ocrx_word' id='word_1_207' title='bbox 1083 2483 1245 2537; x_wconf 90' lang='grc' dir='ltr'>αὐτὸν</span> <span class='ocrx_word' id='word_1_208' title='bbox 1274 2483 1549 2554; x_wconf 82' lang='grc' dir='ltr'>ἐμελέτων</span> <span class='ocrx_word' id='word_1_209' title='bbox 1575 2484 1666 2537; x_wconf 89' lang='grc' dir='ltr'><strong>τὸν</strong></span> <span class='ocrx_word' id='word_1_210' title='bbox 1693 2483 1825 2536; x_wconf 87' lang='grc' dir='ltr'>Θεὸν</span> <span class='ocrx_word' id='word_1_211' title='bbox 1840 2483 1963 2538; x_wconf 77' lang='grc' dir='ltr'>ἀντὶ</span> 
     </span>
    </p>
   </div>
   <div class='ocr_carea' id='block_1_28' title="bbox 373 2575 1964 2649">
    <p class='ocr_par' dir='ltr' id='par_1_28' title="bbox 373 2575 1964 2649">
     <span class='ocr_line' id='line_1_28' title="bbox 373 2575 1964 2649; baseline -0.002 -16"><span class='ocrx_word' id='word_1_212' title='bbox 373 2579 556 2648; x_wconf 84' lang='grc' dir='ltr'>πάσης</span> <span class='ocrx_word' id='word_1_213' title='bbox 604 2577 789 2648; x_wconf 87' lang='grc' dir='ltr'>βίϐλου</span> <span class='ocrx_word' id='word_1_214' title='bbox 837 2576 930 2629; x_wconf 78' lang='grc' dir='ltr'><strong>καὶ</strong></span> <span class='ocrx_word' id='word_1_215' title='bbox 977 2576 1214 2649; x_wconf 78' lang='grc' dir='ltr'>γραφῆς,</span> <span class='ocrx_word' id='word_1_216' title='bbox 1251 2576 1362 2630; x_wconf 85' lang='grc' dir='ltr'>ἄνω</span> <span class='ocrx_word' id='word_1_217' title='bbox 1429 2576 1564 2648; x_wconf 87' lang='grc' dir='ltr'>πρὸς</span> <span class='ocrx_word' id='word_1_218' title='bbox 1618 2576 1677 2630; x_wconf 83' lang='grc' dir='ltr'>σὲ</span> <span class='ocrx_word' id='word_1_219' title='bbox 1722 2575 1812 2630; x_wconf 87' lang='grc' dir='ltr'>τὸν</span> <span class='ocrx_word' id='word_1_220' title='bbox 1840 2576 1964 2630; x_wconf 82' lang='grc' dir='ltr'>νοῦν</span> 
     </span>
    </p>
   </div>
   <div class='ocr_carea' id='block_1_29' title="bbox 369 2667 1962 2740">
    <p class='ocr_par' dir='ltr' id='par_1_29' title="bbox 369 2667 1962 2740">
     <span class='ocr_line' id='line_1_29' title="bbox 369 2667 1962 2740; baseline -0.002 -16"><span class='ocrx_word' id='word_1_221' title='bbox 369 2670 685 2740; x_wconf 76' lang='grc' dir='ltr'>τεταμένος,</span> <span class='ocrx_word' id='word_1_222' title='bbox 722 2667 960 2740; x_wconf 78' lang='grc' dir='ltr'>μελετῶν</span> <span class='ocrx_word' id='word_1_223' title='bbox 998 2685 1057 2720; x_wconf 90' lang='grc' dir='ltr'><strong>τε</strong></span> <span class='ocrx_word' id='word_1_224' title='bbox 1090 2668 1183 2721; x_wconf 81' lang='grc' dir='ltr'>καὶ</span> <span class='ocrx_word' id='word_1_225' title='bbox 1229 2669 1783 2740; x_wconf 88' lang='grc' dir='ltr'>ἀναμιμνησκόμενος</span> <span class='ocrx_word' id='word_1_226' title='bbox 1823 2671 1962 2723; x_wconf 83' lang='grc' dir='ltr'>ὅσων</span> 
     </span>
    </p>
   </div>
   <div class='ocr_carea' id='block_1_30' title="bbox 370 2759 1961 2833">
    <p class='ocr_par' dir='ltr' id='par_1_30' title="bbox 370 2759 1961 2833">
     <span class='ocr_line' id='line_1_30' title="bbox 370 2759 1961 2833; baseline 0 -19"><span class='ocrx_word' id='word_1_227' title='bbox 370 2761 610 2833; x_wconf 69' lang='grc' dir='ltr'>ἠξιώθην</span> <span class='ocrx_word' id='word_1_228' title='bbox 642 2761 746 2814; x_wconf 85' lang='grc' dir='ltr'><strong>ὑπὸ</strong></span> <span class='ocrx_word' id='word_1_229' title='bbox 785 2760 879 2814; x_wconf 89' lang='grc' dir='ltr'><strong>σοῦ</strong></span> <span class='ocrx_word' id='word_1_230' title='bbox 931 2759 1281 2832; x_wconf 83' lang='grc' dir='ltr'>εὐεργεσιῶν,</span> <span class='ocrx_word' id='word_1_231' title='bbox 1324 2760 1418 2813; x_wconf 76' lang='grc' dir='ltr'><strong>καὶ</strong></span> <span class='ocrx_word' id='word_1_232' title='bbox 1467 2761 1542 2823; x_wconf 86' lang='grc' dir='ltr'>ὼς</span> <span class='ocrx_word' id='word_1_233' title='bbox 1599 2761 1827 2830; x_wconf 85' lang='grc' dir='ltr'>γέγονάς</span> <span class='ocrx_word' id='word_1_234' title='bbox 1860 2779 1961 2832; x_wconf 85' lang='grc' dir='ltr'><strong>μου</strong></span> 
     </span>
    </p>
   </div>
   <div class='ocr_carea' id='block_1_31' title="bbox 371 2852 1966 2924">
    <p class='ocr_par' dir='ltr' id='par_1_31' title="bbox 371 2852 1966 2924">
     <span class='ocr_line' id='line_1_31' title="bbox 371 2852 1966 2924; baseline 0.001 -18"><span class='ocrx_word' id='word_1_235' title='bbox 371 2854 601 2908; x_wconf 85' lang='grc' dir='ltr'>πάντοτε</span> <span class='ocrx_word' id='word_1_236' title='bbox 629 2854 841 2924; x_wconf 84' lang='grc' dir='ltr'>βοηθὸς,</span> <span class='ocrx_word' id='word_1_237' title='bbox 879 2854 974 2906; x_wconf 75' lang='grc' dir='ltr'>καὶ</span> <span class='ocrx_word' id='word_1_238' title='bbox 1001 2853 1065 2906; x_wconf 86' lang='grc' dir='ltr'>ὲκ</span> <span class='ocrx_word' id='word_1_239' title='bbox 1092 2852 1300 2924; x_wconf 89' lang='grc' dir='ltr'>μυρίων</span> <span class='ocrx_word' id='word_1_240' title='bbox 1332 2869 1398 2923; x_wconf 88' lang='grc' dir='ltr'><strong>με</strong></span> <span class='ocrx_word' id='word_1_241' title='bbox 1429 2853 1751 2924; x_wconf 81' lang='grc' dir='ltr'>πειρασμῶν</span> <span class='ocrx_word' id='word_1_242' title='bbox 1779 2853 1966 2908; x_wconf 91' lang='grc' dir='ltr'>διέσω-</span> 
     </span>
    </p>
   </div>
   <div class='ocr_carea' id='block_1_32' title="bbox 374 2944 1965 3018">
    <p class='ocr_par' dir='ltr' id='par_1_32' title="bbox 374 2944 1965 3018">
     <span class='ocr_line' id='line_1_32' title="bbox 374 2944 1965 3018; baseline 0.001 -20"><span class='ocrx_word' id='word_1_243' title='bbox 374 2961 492 3009; x_wconf 86' lang='grc' dir='ltr'>σας,</span> <span class='ocrx_word' id='word_1_244' title='bbox 529 2946 623 3000; x_wconf 75' lang='grc' dir='ltr'><strong>καὶ</strong></span> <span class='ocrx_word' id='word_1_245' title='bbox 656 2946 731 3010; x_wconf 84' lang='grc' dir='ltr'>ὡς</span> <span class='ocrx_word' id='word_1_246' title='bbox 765 2946 1048 3008; x_wconf 82' lang='grc' dir='ltr'>ὲκσπάσας</span> <span class='ocrx_word' id='word_1_247' title='bbox 1097 2961 1164 3016; x_wconf 90' lang='grc' dir='ltr'><strong>με</strong></span> <span class='ocrx_word' id='word_1_248' title='bbox 1210 2946 1330 3007; x_wconf 86' lang='grc' dir='ltr'>ταῖς</span> <span class='ocrx_word' id='word_1_249' title='bbox 1365 2944 1562 2998; x_wconf 82' lang='grc' dir='ltr'>σαυτοῦ</span> <span class='ocrx_word' id='word_1_250' title='bbox 1596 2945 1841 3018; x_wconf 77' lang='grc' dir='ltr'>πτέρυξι,</span> <span class='ocrx_word' id='word_1_251' title='bbox 1870 2947 1965 3018; x_wconf 85' lang='grc' dir='ltr'>δη-</span> 
     </span>
    </p>
   </div>
   <div class='ocr_carea' id='block_1_33' title="bbox 371 3035 1964 3108">
    <p class='ocr_par' dir='ltr' id='par_1_33' title="bbox 371 3035 1964 3108">
     <span class='ocr_line' id='line_1_33' title="bbox 371 3035 1964 3108; baseline 0.001 -19"><span class='ocrx_word' id='word_1_252' title='bbox 371 3036 503 3108; x_wconf 75' lang='grc' dir='ltr'>λαδὴ</span> <span class='ocrx_word' id='word_1_253' title='bbox 526 3040 646 3100; x_wconf 84' lang='grc' dir='ltr'>ταῖς</span> <span class='ocrx_word' id='word_1_254' title='bbox 664 3037 922 3108; x_wconf 88' lang='grc' dir='ltr'>δυνάμεσι</span> <span class='ocrx_word' id='word_1_255' title='bbox 948 3037 1046 3107; x_wconf 84' lang='grc' dir='ltr'><strong>τῆς</strong></span> <span class='ocrx_word' id='word_1_256' title='bbox 1094 3035 1292 3089; x_wconf 79' lang='grc' dir='ltr'>σαυτοῦ</span> <span class='ocrx_word' id='word_1_257' title='bbox 1325 3037 1610 3107; x_wconf 76' lang='grc' dir='ltr'><strong>προνοίας⁸</strong></span> <span class='ocrx_word' id='word_1_258' title='bbox 1643 3035 1798 3090; x_wconf 85' lang='grc' dir='ltr'>ἆτινα</span> <span class='ocrx_word' id='word_1_259' title='bbox 1835 3038 1964 3091; x_wconf 91' lang='grc' dir='ltr'>ἀνα-</span> 
     </span>
    </p>
   </div>
   <div class='ocr_carea' id='block_1_34' title="bbox 373 3125 2033 3236">
    <p class='ocr_par' dir='ltr' id='par_1_34' title="bbox 373 3125 2033 3236">
     <span class='ocr_line' id='line_1_34' title="bbox 373 3125 2033 3236; baseline -0.001 -56"><span class='ocrx_word' id='word_1_260' title='bbox 373 3127 794 3236; x_wconf 59' lang='grc' dir='ltr'>πεμπαζόμενος</span> <span class='ocrx_word' id='word_1_261' title='bbox 849 3130 914 3236; x_wconf 65' lang='grc' dir='ltr'><strong>τῇ</strong></span> <span class='ocrx_word' id='word_1_262' title='bbox 949 3128 1184 3236; x_wconf 68' lang='grc' dir='ltr'><strong>Αμνήμῃ,</strong></span> <span class='ocrx_word' id='word_1_263' title='bbox 1219 3127 1442 3236; x_wconf 31' lang='grc' dir='ltr'>*χαράς</span> <span class='ocrx_word' id='word_1_264' title='bbox 1496 3125 1871 3236; x_wconf 76' lang='grc' dir='ltr'>ὲπληρούμην,</span> <span class='ocrx_word' id='word_1_265' title='bbox 1927 3127 2033 3236; x_wconf 59' lang='grc' dir='ltr'><strong>ἦα</strong></span> 
     </span>
    </p>
   </div>
   <div class='ocr_carea' id='block_1_35' title="bbox 369 3219 1960 3293">
    <p class='ocr_par' dir='ltr' id='par_1_35' title="bbox 369 3219 1960 3293">
     <span class='ocr_line' id='line_1_35' title="bbox 369 3219 1960 3293; baseline -0.001 -18"><span class='ocrx_word' id='word_1_266' title='bbox 369 3222 726 3293; x_wconf 76' lang='grc' dir='ltr'>ἀνηυφήμουν</span> <span class='ocrx_word' id='word_1_267' title='bbox 757 3238 816 3273; x_wconf 91' lang='grc' dir='ltr'><strong>σε</strong></span> <span class='ocrx_word' id='word_1_268' title='bbox 838 3220 931 3275; x_wconf 85' lang='grc' dir='ltr'><strong>τὸν</strong></span> <span class='ocrx_word' id='word_1_269' title='bbox 947 3220 1078 3273; x_wconf 84' lang='grc' dir='ltr'>Θεὸν</span> <span class='ocrx_word' id='word_1_270' title='bbox 1099 3219 1243 3273; x_wconf 85' lang='grc' dir='ltr'><strong>κατά</strong></span> <span class='ocrx_word' id='word_1_271' title='bbox 1261 3219 1352 3272; x_wconf 88' lang='grc' dir='ltr'><strong>τὸν</strong></span> <span class='ocrx_word' id='word_1_272' title='bbox 1373 3219 1669 3290; x_wconf 82' lang='grc' dir='ltr'>Σύμμαχον</span> <span class='ocrx_word' id='word_1_273' title='bbox 1691 3221 1960 3292; x_wconf 78' lang='grc' dir='ltr'>φήσαντα,</span> 
     </span>
    </p>
   </div>
   <div class='ocr_carea' id='block_1_36' title="bbox 375 3311 1957 3386">
    <p class='ocr_par' dir='ltr' id='par_1_36' title="bbox 375 3311 1957 3386">
     <span class='ocr_line' id='line_1_36' title="bbox 375 3311 1957 3386; baseline 0 -22"><span class='ocrx_word' id='word_1_274' title='bbox 375 3331 396 3364; x_wconf 69' lang='grc' dir='ltr'><strong>ς</strong></span> <span class='ocrx_word' id='word_1_275' title='bbox 431 3316 527 3368; x_wconf 72' lang='grc' dir='ltr'><strong>καὶ</strong></span> <span class='ocrx_word' id='word_1_276' title='bbox 554 3313 889 3386; x_wconf 84' lang='grc' dir='ltr'>σκεπόμενος</span> <span class='ocrx_word' id='word_1_277' title='bbox 921 3316 978 3366; x_wconf 84' lang='grc' dir='ltr'><strong>ὲν</strong></span> <span class='ocrx_word' id='word_1_278' title='bbox 1009 3315 1129 3376; x_wconf 90' lang='grc' dir='ltr'>ταῖς</span> <span class='ocrx_word' id='word_1_279' title='bbox 1170 3311 1396 3385; x_wconf 77' lang='grc' dir='ltr'>πτέρυξί</span> <span class='ocrx_word' id='word_1_280' title='bbox 1423 3329 1515 3364; x_wconf 90' lang='grc' dir='ltr'><strong>σου</strong></span> <span class='ocrx_word' id='word_1_281' title='bbox 1534 3312 1910 3384; x_wconf 81' lang='grc' dir='ltr'>ἀνηυφήμουν.</span> <span class='ocrx_word' id='word_1_282' title='bbox 1939 3331 1957 3364; x_wconf 72' lang='grc' dir='ltr'><strong>ι</strong></span> 
     </span>
    </p>
   </div>
   <div class='ocr_carea' id='block_1_37' title="bbox 369 3405 1965 3478">
    <p class='ocr_par' dir='ltr' id='par_1_37' title="bbox 369 3405 1965 3478">
     <span class='ocr_line' id='line_1_37' title="bbox 369 3405 1965 3478; baseline -0.003 -15"><span class='ocrx_word' id='word_1_283' title='bbox 369 3409 629 3463; x_wconf 85' lang='grc' dir='ltr'>Μελετῶν</span> <span class='ocrx_word' id='word_1_284' title='bbox 661 3408 717 3462; x_wconf 79' lang='grc' dir='ltr'>δὲ</span> <span class='ocrx_word' id='word_1_285' title='bbox 746 3409 815 3462; x_wconf 71' lang='grc' dir='ltr'>τὰ</span> <span class='ocrx_word' id='word_1_286' title='bbox 850 3407 919 3461; x_wconf 86' lang='grc' dir='ltr'>σὰ</span> <span class='ocrx_word' id='word_1_287' title='bbox 947 3407 1102 3476; x_wconf 88' lang='grc' dir='ltr'>λόγια</span> <span class='ocrx_word' id='word_1_288' title='bbox 1131 3407 1253 3462; x_wconf 83' lang='grc' dir='ltr'>καθ’</span> <span class='ocrx_word' id='word_1_289' title='bbox 1289 3406 1526 3477; x_wconf 81' lang='grc' dir='ltr'>ἑκάστην</span> <span class='ocrx_word' id='word_1_290' title='bbox 1578 3405 1823 3478; x_wconf 73' lang='grc' dir='ltr'>φυλακὴν</span> <span class='ocrx_word' id='word_1_291' title='bbox 1863 3405 1965 3476; x_wconf 87' lang='grc' dir='ltr'><strong>τῆς</strong></span> 
     </span>
    </p>
   </div>
   <div class='ocr_carea' id='block_1_38' title="bbox 369 3493 1958 3567">
    <p class='ocr_par' dir='ltr' id='par_1_38' title="bbox 369 3493 1958 3567">
     <span class='ocr_line' id='line_1_38' title="bbox 369 3493 1958 3567; baseline -0.003 -17"><span class='ocrx_word' id='word_1_292' title='bbox 369 3499 586 3561; x_wconf 78' lang='grc' dir='ltr'>νυκτὸς,</span> <span class='ocrx_word' id='word_1_293' title='bbox 619 3497 854 3550; x_wconf 79' lang='grc' dir='ltr'>κᾶπειτα</span> <span class='ocrx_word' id='word_1_294' title='bbox 884 3497 1127 3560; x_wconf 87' lang='grc' dir='ltr'>ἀκούσας</span> <span class='ocrx_word' id='word_1_295' title='bbox 1165 3494 1260 3548; x_wconf 90' lang='grc' dir='ltr'><strong>τοῦ</strong></span> <span class='ocrx_word' id='word_1_296' title='bbox 1291 3496 1568 3567; x_wconf 80' lang='grc' dir='ltr'>φήσαντος</span> <span class='ocrx_word' id='word_1_297' title='bbox 1607 3493 1750 3548; x_wconf 88' lang='grc' dir='ltr'>θείου</span> <span class='ocrx_word' id='word_1_298' title='bbox 1774 3493 1958 3565; x_wconf 90' lang='grc' dir='ltr'>νόμου·</span> 
     </span>
    </p>
   </div>
   <div class='ocr_carea' id='block_1_39' title="bbox 375 3586 1964 3662">
    <p class='ocr_par' dir='ltr' id='par_1_39' title="bbox 375 3586 1964 3662">
     <span class='ocr_line' id='line_1_39' title="bbox 375 3586 1964 3662; baseline -0.001 -22"><span class='ocrx_word' id='word_1_299' title='bbox 375 3609 396 3640; x_wconf 67' lang='grc' dir='ltr'><strong>ς</strong></span> <span class='ocrx_word' id='word_1_300' title='bbox 447 3590 652 3644; x_wconf 81' lang='grc' dir='ltr'>Ὀπίσω</span> <span class='ocrx_word' id='word_1_301' title='bbox 681 3591 887 3661; x_wconf 79' lang='grc' dir='ltr'>Κυρίου</span> <span class='ocrx_word' id='word_1_302' title='bbox 919 3589 1016 3642; x_wconf 90' lang='grc' dir='ltr'><strong>τοῦ</strong></span> <span class='ocrx_word' id='word_1_303' title='bbox 1045 3588 1180 3642; x_wconf 89' lang='grc' dir='ltr'>Θεοῦ</span> <span class='ocrx_word' id='word_1_304' title='bbox 1219 3606 1312 3642; x_wconf 91' lang='grc' dir='ltr'><strong>σου</strong></span> <span class='ocrx_word' id='word_1_305' title='bbox 1346 3587 1610 3662; x_wconf 82' lang='grc' dir='ltr'>πορεύσῃ,</span> <span class='ocrx_word' id='word_1_306' title='bbox 1654 3606 1672 3640; x_wconf 72' lang='grc' dir='ltr'><strong>ι</strong></span> <span class='ocrx_word' id='word_1_307' title='bbox 1709 3586 1804 3639; x_wconf 68' lang='grc' dir='ltr'><strong>καὶ</strong></span> <span class='ocrx_word' id='word_1_308' title='bbox 1829 3587 1964 3658; x_wconf 90' lang='grc' dir='ltr'>πρὸς</span> 
     </span>
    </p>
   </div>
   <div class='ocr_carea' id='block_1_40' title="bbox 372 3663 1964 3752">
    <p class='ocr_par' dir='ltr' id='par_1_40' title="bbox 372 3663 1964 3752">
     <span class='ocr_line' id='line_1_40' title="bbox 372 3663 1964 3752; baseline -0.003 -18"><span class='ocrx_word' id='word_1_309' title='bbox 372 3663 534 3734; x_wconf 79' lang='grc' dir='ltr'>αὐτὸν</span> <span class='ocrx_word' id='word_1_310' title='bbox 573 3701 590 3731; x_wconf 69' lang='grc' dir='ltr'><strong>ι</strong></span> <span class='ocrx_word' id='word_1_311' title='bbox 651 3680 951 3752; x_wconf 74' lang='grc' dir='ltr'>κολληθεὶς,</span> <span class='ocrx_word' id='word_1_312' title='bbox 984 3680 1018 3751; x_wconf 84' lang='grc' dir='ltr'>ἢ</span> <span class='ocrx_word' id='word_1_313' title='bbox 1052 3679 1318 3744; x_wconf 71' lang='grc' dir='ltr'>διατεθεὶς</span> <span class='ocrx_word' id='word_1_314' title='bbox 1350 3679 1447 3751; x_wconf 82' lang='grc' dir='ltr'><strong>τὴν</strong></span> <span class='ocrx_word' id='word_1_315' title='bbox 1475 3679 1654 3750; x_wconf 78' lang='grc' dir='ltr'>ψυχὴν</span> <span class='ocrx_word' id='word_1_316' title='bbox 1688 3677 1964 3748; x_wconf 85' lang='grc' dir='ltr'>πειθήνιος</span> 
     </span>
    </p>
   </div>
   <div class='ocr_carea' id='block_1_41' title="bbox 371 3770 1960 3844">
    <p class='ocr_par' dir='ltr' id='par_1_41' title="bbox 371 3770 1960 3844">
     <span class='ocr_line' id='line_1_41' title="bbox 371 3770 1960 3844; baseline -0.003 -18"><span class='ocrx_word' id='word_1_317' title='bbox 371 3773 572 3842; x_wconf 77' lang='grc' dir='ltr'>γέγονα</span> <span class='ocrx_word' id='word_1_318' title='bbox 605 3771 683 3844; x_wconf 79' lang='grc' dir='ltr'>τῷ</span> <span class='ocrx_word' id='word_1_319' title='bbox 727 3773 897 3844; x_wconf 87' lang='grc' dir='ltr'>νόμῳ,</span> <span class='ocrx_word' id='word_1_320' title='bbox 937 3772 1058 3835; x_wconf 82' lang='grc' dir='ltr'>ὅλος</span> <span class='ocrx_word' id='word_1_321' title='bbox 1104 3789 1165 3825; x_wconf 87' lang='grc' dir='ltr'><strong>τε</strong></span> <span class='ocrx_word' id='word_1_322' title='bbox 1207 3772 1435 3842; x_wconf 78' lang='grc' dir='ltr'>εἰχόμην</span> <span class='ocrx_word' id='word_1_323' title='bbox 1467 3770 1562 3824; x_wconf 89' lang='grc' dir='ltr'><strong>τοῦ</strong></span> <span class='ocrx_word' id='word_1_324' title='bbox 1615 3770 1960 3843; x_wconf 82' lang='grc' dir='ltr'>πράγματος,</span> 
     </span>
    </p>
   </div>
   <div class='ocr_carea' id='block_1_42' title="bbox 373 3860 1964 3934">
    <p class='ocr_par' dir='ltr' id='par_1_42' title="bbox 373 3860 1964 3934">
     <span class='ocr_line' id='line_1_42' title="bbox 373 3860 1964 3934; baseline -0.004 -15"><span class='ocrx_word' id='word_1_325' title='bbox 373 3865 553 3919; x_wconf 85' lang='grc' dir='ltr'>πάντα</span> <span class='ocrx_word' id='word_1_326' title='bbox 594 3881 653 3918; x_wconf 91' lang='grc' dir='ltr'><strong>τε</strong></span> <span class='ocrx_word' id='word_1_327' title='bbox 694 3863 1061 3934; x_wconf 73' lang='grc' dir='ltr'>ἡγησάμενος,</span> <span class='ocrx_word' id='word_1_328' title='bbox 1120 3861 1322 3933; x_wconf 81' lang='grc' dir='ltr'>μᾶλλον</span> <span class='ocrx_word' id='word_1_329' title='bbox 1366 3861 1422 3914; x_wconf 83' lang='grc' dir='ltr'>δὲ</span> <span class='ocrx_word' id='word_1_330' title='bbox 1469 3860 1844 3932; x_wconf 72' lang='grc' dir='ltr'>ἀποστραφεὶς</span> <span class='ocrx_word' id='word_1_331' title='bbox 1895 3860 1964 3913; x_wconf 77' lang='grc' dir='ltr'>τὰ</span> 
     </span>
    </p>
   </div>
   <div class='ocr_carea' id='block_1_43' title="bbox 374 3950 1965 4030">
    <p class='ocr_par' dir='ltr' id='par_1_43' title="bbox 374 3950 1965 4030">
     <span class='ocr_line' id='line_1_43' title="bbox 374 3950 1965 4030; baseline -0.006 -19"><span class='ocrx_word' id='word_1_332' title='bbox 374 3957 514 4030; x_wconf 76' lang='grc' dir='ltr'>μετὰ</span> <span class='ocrx_word' id='word_1_333' title='bbox 556 3957 649 4010; x_wconf 83' lang='grc' dir='ltr'><strong>τὸν</strong></span> <span class='ocrx_word' id='word_1_334' title='bbox 696 3956 829 4009; x_wconf 88' lang='grc' dir='ltr'>Θεὸν</span> <span class='ocrx_word' id='word_1_335' title='bbox 863 3955 1061 4016; x_wconf 85' lang='grc' dir='ltr'>πάντα,</span> <span class='ocrx_word' id='word_1_336' title='bbox 1090 3953 1364 4026; x_wconf 87' lang='grc' dir='ltr'>άνώτερος</span> <span class='ocrx_word' id='word_1_337' title='bbox 1405 3953 1498 4005; x_wconf 66' lang='grc' dir='ltr'><strong>καὶ</strong></span> <span class='ocrx_word' id='word_1_338' title='bbox 1527 3951 1856 4022; x_wconf 76' lang='grc' dir='ltr'>ὑψηλότερος</span> <span class='ocrx_word' id='word_1_339' title='bbox 1886 3950 1965 4020; x_wconf 84' lang='grc' dir='ltr'><strong>τῷ</strong></span> 
     </span>
    </p>
   </div>
   <div class='ocr_carea' id='block_1_44' title="bbox 372 4042 1964 4121">
    <p class='ocr_par' dir='ltr' id='par_1_44' title="bbox 372 4042 1964 4121">
     <span class='ocr_line' id='line_1_44' title="bbox 372 4042 1964 4121; baseline -0.006 -19"><span class='ocrx_word' id='word_1_340' title='bbox 372 4049 524 4121; x_wconf 84' lang='grc' dir='ltr'>πόθῳ</span> <span class='ocrx_word' id='word_1_341' title='bbox 577 4050 677 4120; x_wconf 86' lang='grc' dir='ltr'><strong>τῆς</strong></span> <span class='ocrx_word' id='word_1_342' title='bbox 724 4049 905 4119; x_wconf 72' lang='grc' dir='ltr'>ψυχῆς</span> <span class='ocrx_word' id='word_1_343' title='bbox 965 4047 1257 4117; x_wconf 82' lang='grc' dir='ltr'>κατέστην,</span> <span class='ocrx_word' id='word_1_344' title='bbox 1319 4046 1415 4099; x_wconf 69' lang='grc' dir='ltr'>καὶ</span> <span class='ocrx_word' id='word_1_345' title='bbox 1469 4044 1552 4098; x_wconf 73' lang='grc' dir='ltr'><strong>σοὶ</strong></span> <span class='ocrx_word' id='word_1_346' title='bbox 1600 4042 1678 4113; x_wconf 82' lang='grc' dir='ltr'>τῷ</span> <span class='ocrx_word' id='word_1_347' title='bbox 1710 4042 1829 4112; x_wconf 84' lang='grc' dir='ltr'>Θεῴ</span> <span class='ocrx_word' id='word_1_348' title='bbox 1862 4059 1964 4113; x_wconf 89' lang='grc' dir='ltr'><strong>μου</strong></span> 
     </span>
    </p>
   </div>
   <div class='ocr_carea' id='block_1_45' title="bbox 374 4135 1961 4214">
    <p class='ocr_par' dir='ltr' id='par_1_45' title="bbox 374 4135 1961 4214">
     <span class='ocr_line' id='line_1_45' title="bbox 374 4135 1961 4214; baseline -0.006 -18"><span class='ocrx_word' id='word_1_349' title='bbox 374 4141 674 4214; x_wconf 80' lang='grc' dir='ltr'>συνήφθην,</span> <span class='ocrx_word' id='word_1_350' title='bbox 708 4141 783 4206; x_wconf 82' lang='grc' dir='ltr'>ὡς</span> <span class='ocrx_word' id='word_1_351' title='bbox 812 4142 983 4193; x_wconf 77' lang='grc' dir='ltr'>εἰπεῖν</span> <span class='ocrx_word' id='word_1_352' title='bbox 1017 4140 1092 4212; x_wconf 78' lang='grc' dir='ltr'>μὴ</span> <span class='ocrx_word' id='word_1_353' title='bbox 1129 4139 1473 4210; x_wconf 79' lang='grc' dir='ltr'>ψευσάμενον</span> <span class='ocrx_word' id='word_1_354' title='bbox 1494 4153 1508 4168; x_wconf 76' lang='grc' dir='ltr'><strong>ο</strong></span> <span class='ocrx_word' id='word_1_355' title='bbox 1537 4155 1557 4186; x_wconf 87' lang='grc'><em>‹</em></span> <span class='ocrx_word' id='word_1_356' title='bbox 1601 4135 1897 4208; x_wconf 89' lang='grc' dir='ltr'>Ἐκολλήθη</span> <span class='ocrx_word' id='word_1_357' title='bbox 1928 4137 1961 4206; x_wconf 83' lang='grc' dir='ltr'>ἡ</span> 
     </span>
    </p>
   </div>
   <div class='ocr_carea' id='block_1_46' title="bbox 370 4229 1966 4308">
    <p class='ocr_par' dir='ltr' id='par_1_46' title="bbox 370 4229 1966 4308">
     <span class='ocr_line' id='line_1_46' title="bbox 370 4229 1966 4308; baseline -0.006 -17"><span class='ocrx_word' id='word_1_358' title='bbox 370 4237 519 4308; x_wconf 76' lang='grc' dir='ltr'>ψυχή</span> <span class='ocrx_word' id='word_1_359' title='bbox 559 4255 658 4308; x_wconf 92' lang='grc' dir='ltr'><strong>μου</strong></span> <span class='ocrx_word' id='word_1_360' title='bbox 687 4235 863 4289; x_wconf 80' lang='grc' dir='ltr'>ὀπίσω</span> <span class='ocrx_word' id='word_1_361' title='bbox 896 4251 1012 4288; x_wconf 89' lang='grc' dir='ltr'>σου.</span> <span class='ocrx_word' id='word_1_362' title='bbox 1056 4253 1075 4285; x_wconf 71' lang='grc' dir='ltr'><strong>ι</strong></span> <span class='ocrx_word' id='word_1_363' title='bbox 1108 4233 1203 4296; x_wconf 76' lang='grc' dir='ltr'>Εἰς</span> <span class='ocrx_word' id='word_1_364' title='bbox 1231 4231 1501 4301; x_wconf 85' lang='grc' dir='ltr'>τοσαύτην</span> <span class='ocrx_word' id='word_1_365' title='bbox 1525 4229 1584 4283; x_wconf 78' lang='grc' dir='ltr'>δὲ</span> <span class='ocrx_word' id='word_1_366' title='bbox 1616 4229 1794 4301; x_wconf 77' lang='grc' dir='ltr'>ἦλασα</span> <span class='ocrx_word' id='word_1_367' title='bbox 1832 4245 1966 4300; x_wconf 82' lang='grc' dir='ltr'>προ·</span> 
     </span>
    </p>
   </div>
   <div class='ocr_carea' id='block_1_47' title="bbox 372 4320 1966 4400">
    <p class='ocr_par' dir='ltr' id='par_1_47' title="bbox 372 4320 1966 4400">
     <span class='ocr_line' id='line_1_47' title="bbox 372 4320 1966 4400; baseline -0.006 -17"><span class='ocrx_word' id='word_1_368' title='bbox 372 4329 550 4400; x_wconf 74' lang='grc' dir='ltr'>κοπτὴν</span> <span class='ocrx_word' id='word_1_369' title='bbox 579 4329 673 4382; x_wconf 75' lang='grc' dir='ltr'><strong>καὶ</strong></span> <span class='ocrx_word' id='word_1_370' title='bbox 696 4329 777 4392; x_wconf 85' lang='grc' dir='ltr'>εἰς</span> <span class='ocrx_word' id='word_1_371' title='bbox 799 4327 1054 4380; x_wconf 89' lang='grc' dir='ltr'>τοσοῦτον</span> <span class='ocrx_word' id='word_1_372' title='bbox 1079 4323 1310 4396; x_wconf 88' lang='grc' dir='ltr'>μέγεθος</span> <span class='ocrx_word' id='word_1_373' title='bbox 1342 4322 1542 4394; x_wconf 78' lang='grc' dir='ltr'>ἀρετῆς</span> <span class='ocrx_word' id='word_1_374' title='bbox 1565 4320 1966 4393; x_wconf 85' lang='grc' dir='ltr'>προῆλθον,οὐκ</span> 
     </span>
    </p>
   </div>
   <div class='ocr_carea' id='block_1_48' title="bbox 373 4413 1961 4495">
    <p class='ocr_par' dir='ltr' id='par_1_48' title="bbox 373 4413 1961 4495">
     <span class='ocr_line' id='line_1_48' title="bbox 373 4413 1961 4495; baseline -0.008 -20"><span class='ocrx_word' id='word_1_375' title='bbox 373 4421 612 4495; x_wconf 77' lang='grc' dir='ltr'>ἐμαυτοῦ</span> <span class='ocrx_word' id='word_1_376' title='bbox 637 4421 867 4491; x_wconf 86' lang='grc' dir='ltr'>δυνάμει</span> <span class='ocrx_word' id='word_1_377' title='bbox 894 4418 1262 4492; x_wconf 80' lang='grc' dir='ltr'>χρησάμενος,</span> <span class='ocrx_word' id='word_1_378' title='bbox 1290 4414 1428 4469; x_wconf 84' lang='grc' dir='ltr'>ἀλλὰ</span> <span class='ocrx_word' id='word_1_379' title='bbox 1453 4416 1518 4485; x_wconf 85' lang='grc' dir='ltr'>τῇ</span> <span class='ocrx_word' id='word_1_380' title='bbox 1548 4415 1613 4484; x_wconf 80' lang='grc' dir='ltr'>σῇ</span> <span class='ocrx_word' id='word_1_381' title='bbox 1640 4413 1928 4483; x_wconf 71' lang='grc' dir='ltr'>δεσποτεία</span> <span class='ocrx_word' id='word_1_382' title='bbox 1947 4429 1961 4439; x_wconf 88' lang='grc'><strong>·</strong></span> 
     </span>
    </p>
   </div>
   <div class='ocr_carea' id='block_1_49' title="bbox 2059 548 3638 623">
    <p class='ocr_par' dir='ltr' id='par_1_49' title="bbox 2059 548 3638 623">
     <span class='ocr_line' id='line_1_49' title="bbox 2059 548 3638 623; baseline 0.006 -21"><span class='ocrx_word' id='word_1_383' title='bbox 2059 557 2196 612; x_wconf 91' lang='lat' dir='ltr'><strong>tum,</strong></span> <span class='ocrx_word' id='word_1_384' title='bbox 2229 563 2394 618; x_wconf 91' lang='lat' dir='ltr'><strong>quam</strong></span> <span class='ocrx_word' id='word_1_385' title='bbox 2436 549 2580 620; x_wconf 93' lang='lat' dir='ltr'><strong>quod</strong></span> <span class='ocrx_word' id='word_1_386' title='bbox 2635 548 2879 606; x_wconf 91' lang='lat' dir='ltr'><strong>diluculo</strong></span> <span class='ocrx_word' id='word_1_387' title='bbox 2923 551 3139 623; x_wconf 82' lang='lat' dir='ltr'><strong>eloquia</strong></span> <span class='ocrx_word' id='word_1_388' title='bbox 3191 553 3492 610; x_wconf 86' lang='lat' dir='ltr'><strong>meditarer</strong></span> <span class='ocrx_word' id='word_1_389' title='bbox 3523 565 3638 611; x_wconf 90' lang='lat' dir='ltr'><strong>tua.</strong></span> 
     </span>
    </p>
   </div>
   <div class='ocr_carea' id='block_1_50' title="bbox 2058 638 3638 718">
    <p class='ocr_par' dir='ltr' id='par_1_50' title="bbox 2058 638 3638 718">
     <span class='ocr_line' id='line_1_50' title="bbox 2058 638 3638 718; baseline 0.006 -27"><span class='ocrx_word' id='word_1_390' title='bbox 2058 638 2195 693; x_wconf 89' lang='lat' dir='ltr'><strong>llinc</strong></span> <span class='ocrx_word' id='word_1_391' title='bbox 2222 639 2367 692; x_wconf 91' lang='lat' dir='ltr'><strong>enim</strong></span> <span class='ocrx_word' id='word_1_392' title='bbox 2398 639 2571 708; x_wconf 89' lang='lat' dir='ltr'><strong>palam</strong></span> <span class='ocrx_word' id='word_1_393' title='bbox 2607 649 2749 704; x_wconf 86' lang='lat' dir='ltr'><strong>erat,</strong></span> <span class='ocrx_word' id='word_1_394' title='bbox 2781 656 2869 695; x_wconf 92' lang='lat' dir='ltr'><strong>me</strong></span> <span class='ocrx_word' id='word_1_395' title='bbox 2899 643 3047 696; x_wconf 89' lang='lat' dir='ltr'><strong>aliud</strong></span> <span class='ocrx_word' id='word_1_396' title='bbox 3079 643 3216 697; x_wconf 85' lang='lat' dir='ltr'><strong>nihil</strong></span> <span class='ocrx_word' id='word_1_397' title='bbox 3255 651 3420 700; x_wconf 80' lang='lat' dir='ltr'><strong>noctu</strong></span> <span class='ocrx_word' id='word_1_398' title='bbox 3453 660 3638 718; x_wconf 82' lang='lat' dir='ltr'><strong>agerc,</strong></span> 
     </span>
    </p>
   </div>
   <div class='ocr_carea' id='block_1_51' title="bbox 2059 725 3642 810">
    <p class='ocr_par' dir='ltr' id='par_1_51' title="bbox 2059 725 3642 810">
     <span class='ocr_line' id='line_1_51' title="bbox 2059 725 3642 810; baseline 0.004 -24"><span class='ocrx_word' id='word_1_399' title='bbox 2059 747 2222 802; x_wconf 92' lang='lat' dir='ltr'><strong>quam</strong></span> <span class='ocrx_word' id='word_1_400' title='bbox 2253 739 2306 786; x_wconf 89' lang='lat' dir='ltr'><strong>te</strong></span> <span class='ocrx_word' id='word_1_401' title='bbox 2341 731 2507 786; x_wconf 89' lang='lat' dir='ltr'><strong>Deum</strong></span> <span class='ocrx_word' id='word_1_402' title='bbox 2541 747 2653 802; x_wconf 85' lang='lat' dir='ltr'><strong>prae</strong></span> <span class='ocrx_word' id='word_1_403' title='bbox 2684 734 2860 789; x_wconf 91' lang='lat' dir='ltr'><strong>oculis</strong></span> <span class='ocrx_word' id='word_1_404' title='bbox 2895 733 3120 790; x_wconf 88' lang='lat' dir='ltr'><strong>habere.</strong></span> <span class='ocrx_word' id='word_1_405' title='bbox 3144 725 3455 792; x_wconf 84' lang='lat' dir='ltr'><strong>Secundum</strong></span> <span class='ocrx_word' id='word_1_406' title='bbox 3482 740 3642 810; x_wconf 76' lang='lat' dir='ltr'><strong>Sym—</strong></span> 
     </span>
    </p>
   </div>
   <div class='ocr_carea' id='block_1_52' title="bbox 2058 824 3638 903">
    <p class='ocr_par' dir='ltr' id='par_1_52' title="bbox 2058 824 3638 903">
     <span class='ocr_line' id='line_1_52' title="bbox 2058 824 3638 903; baseline 0.006 -26"><span class='ocrx_word' id='word_1_407' title='bbox 2058 824 2314 878; x_wconf 84' lang='lat' dir='ltr'><strong>machum</strong></span> <span class='ocrx_word' id='word_1_408' title='bbox 2360 833 2565 892; x_wconf 89' lang='lat' dir='ltr'><strong>autem,</strong></span> <span class='ocrx_word' id='word_1_409' title='bbox 2597 825 2690 896; x_wconf 85' lang='lat' dir='ltr'><strong>qui</strong></span> <span class='ocrx_word' id='word_1_410' title='bbox 2729 827 2809 883; x_wconf 89' lang='lat' dir='ltr'><strong>sic</strong></span> <span class='ocrx_word' id='word_1_411' title='bbox 2844 828 3040 892; x_wconf 86' lang='lat' dir='ltr'><strong>habet,</strong></span> <span class='ocrx_word' id='word_1_412' title='bbox 3077 847 3094 879; x_wconf 77' lang='grc' dir='ltr'><strong>ι</strong></span> <span class='ocrx_word' id='word_1_413' title='bbox 3136 845 3234 900; x_wconf 91' lang='lat' dir='ltr'><strong>per</strong></span> <span class='ocrx_word' id='word_1_414' title='bbox 3262 833 3509 903; x_wconf 77' lang='lat' dir='ltr'><strong>singulas</strong></span> <span class='ocrx_word' id='word_1_415' title='bbox 3541 849 3638 887; x_wconf 90' lang='lat' dir='ltr'><strong>cu-</strong></span> 
     </span>
    </p>
   </div>
   <div class='ocr_carea' id='block_1_53' title="bbox 2060 916 3643 994">
    <p class='ocr_par' dir='ltr' id='par_1_53' title="bbox 2060 916 3643 994">
     <span class='ocr_line' id='line_1_53' title="bbox 2060 916 3643 994; baseline 0.004 -24"><span class='ocrx_word' id='word_1_416' title='bbox 2060 917 2268 971; x_wconf 86' lang='lat' dir='ltr'><strong>stodias</strong></span> <span class='ocrx_word' id='word_1_417' title='bbox 2312 916 2616 971; x_wconf 86' lang='lat' dir='ltr'><strong>meditabar</strong></span> <span class='ocrx_word' id='word_1_418' title='bbox 2641 923 2717 978; x_wconf 88' lang='lat' dir='ltr'><strong>te,</strong></span> <span class='ocrx_word' id='word_1_419' title='bbox 2760 938 2780 971; x_wconf 72' lang='grc' dir='ltr'><strong>ι</strong></span> <span class='ocrx_word' id='word_1_420' title='bbox 2831 927 2885 974; x_wconf 91' lang='lat' dir='ltr'><strong>et</strong></span> <span class='ocrx_word' id='word_1_421' title='bbox 2913 921 3217 976; x_wconf 78' lang='lat' dir='ltr'><strong>secundum</strong></span> <span class='ocrx_word' id='word_1_422' title='bbox 3265 922 3516 994; x_wconf 83' lang='lat' dir='ltr'><strong>Aquilam</strong></span> <span class='ocrx_word' id='word_1_423' title='bbox 3559 925 3643 977; x_wconf 84' lang='lat' dir='ltr'><strong>di-</strong></span> 
     </span>
    </p>
   </div>
   <div class='ocr_carea' id='block_1_54' title="bbox 2062 1010 3641 1082">
    <p class='ocr_par' dir='ltr' id='par_1_54' title="bbox 2062 1010 3641 1082">
     <span class='ocr_line' id='line_1_54' title="bbox 2062 1010 3641 1082; baseline 0.006 -19"><span class='ocrx_word' id='word_1_424' title='bbox 2062 1019 2300 1072; x_wconf 80' lang='lat' dir='ltr'><strong>centem,</strong></span> <span class='ocrx_word' id='word_1_425' title='bbox 2337 1028 2355 1060; x_wconf 70' lang='lat' dir='ltr'><strong>c</strong></span> <span class='ocrx_word' id='word_1_426' title='bbox 2397 1011 2454 1065; x_wconf 92' lang='lat' dir='ltr'><strong>in</strong></span> <span class='ocrx_word' id='word_1_427' title='bbox 2513 1010 2780 1066; x_wconf 80' lang='lat' dir='ltr'><strong>custodiis</strong></span> <span class='ocrx_word' id='word_1_428' title='bbox 2843 1011 3039 1082; x_wconf 90' lang='lat' dir='ltr'><strong>loquor</strong></span> <span class='ocrx_word' id='word_1_429' title='bbox 3085 1015 3139 1068; x_wconf 92' lang='lat' dir='ltr'><strong>in</strong></span> <span class='ocrx_word' id='word_1_430' title='bbox 3195 1022 3276 1081; x_wconf 90' lang='lat' dir='ltr'><strong>te,</strong></span> <span class='ocrx_word' id='word_1_431' title='bbox 3319 1035 3337 1068; x_wconf 74' lang='grc' dir='ltr'><strong>ι</strong></span> <span class='ocrx_word' id='word_1_432' title='bbox 3397 1017 3641 1072; x_wconf 85' lang='lat' dir='ltr'><strong>indicare</strong></span> 
     </span>
    </p>
   </div>
   <div class='ocr_carea' id='block_1_55' title="bbox 2059 1100 3632 1178">
    <p class='ocr_par' dir='ltr' id='par_1_55' title="bbox 2059 1100 3632 1178">
     <span class='ocr_line' id='line_1_55' title="bbox 2059 1100 3632 1178; baseline 0.006 -26"><span class='ocrx_word' id='word_1_433' title='bbox 2059 1100 2350 1156; x_wconf 77' lang='lat' dir='ltr'><strong>videbatur</strong></span> <span class='ocrx_word' id='word_1_434' title='bbox 2380 1117 2438 1156; x_wconf 88' lang='lat' dir='ltr'><strong>se</strong></span> <span class='ocrx_word' id='word_1_435' title='bbox 2469 1104 2762 1158; x_wconf 78' lang='lat' dir='ltr'><strong>nocturnis</strong></span> <span class='ocrx_word' id='word_1_436' title='bbox 2795 1103 2948 1159; x_wconf 84' lang='lat' dir='ltr'><strong>horis</strong></span> <span class='ocrx_word' id='word_1_437' title='bbox 2971 1104 3282 1160; x_wconf 81' lang='lat' dir='ltr'><strong>divinarum</strong></span> <span class='ocrx_word' id='word_1_438' title='bbox 3324 1105 3632 1178; x_wconf 89' lang='lat' dir='ltr'><strong>Scriptura-</strong></span> 
     </span>
    </p>
   </div>
   <div class='ocr_carea' id='block_1_56' title="bbox 2060 1191 3641 1270">
    <p class='ocr_par' dir='ltr' id='par_1_56' title="bbox 2060 1191 3641 1270">
     <span class='ocr_line' id='line_1_56' title="bbox 2060 1191 3641 1270; baseline 0.005 -26"><span class='ocrx_word' id='word_1_439' title='bbox 2060 1207 2181 1245; x_wconf 90' lang='lat' dir='ltr'><strong>rum</strong></span> <span class='ocrx_word' id='word_1_440' title='bbox 2251 1191 2594 1249; x_wconf 88' lang='lat' dir='ltr'><strong>meditationi</strong></span> <span class='ocrx_word' id='word_1_441' title='bbox 2647 1210 2866 1251; x_wconf 85' lang='lat' dir='ltr'><strong>vacare.</strong></span> <span class='ocrx_word' id='word_1_442' title='bbox 2917 1195 3109 1253; x_wconf 83' lang='lat' dir='ltr'><strong>Noctis</strong></span> <span class='ocrx_word' id='word_1_443' title='bbox 3162 1198 3364 1268; x_wconf 83' lang='lat' dir='ltr'><strong>quippe</strong></span> <span class='ocrx_word' id='word_1_444' title='bbox 3427 1207 3641 1270; x_wconf 79' lang='lat' dir='ltr'><strong>tempus</strong></span> 
     </span>
    </p>
   </div>
   <div class='ocr_carea' id='block_1_57' title="bbox 2061 1285 3642 1348">
    <p class='ocr_par' dir='ltr' id='par_1_57' title="bbox 2061 1285 3642 1348">
     <span class='ocr_line' id='line_1_57' title="bbox 2061 1285 3642 1348; baseline 0.007 -12"><span class='ocrx_word' id='word_1_445' title='bbox 2061 1292 2234 1339; x_wconf 91' lang='lat' dir='ltr'><strong>totum</strong></span> <span class='ocrx_word' id='word_1_446' title='bbox 2285 1285 2340 1340; x_wconf 92' lang='lat' dir='ltr'><strong>in</strong></span> <span class='ocrx_word' id='word_1_447' title='bbox 2378 1287 2558 1342; x_wconf 88' lang='lat' dir='ltr'><strong>varias</strong></span> <span class='ocrx_word' id='word_1_448' title='bbox 2594 1289 2878 1344; x_wconf 89' lang='lat' dir='ltr'><strong>custodias</strong></span> <span class='ocrx_word' id='word_1_449' title='bbox 2913 1289 3269 1346; x_wconf 87' lang='lat' dir='ltr'><strong>distributum</strong></span> <span class='ocrx_word' id='word_1_450' title='bbox 3299 1302 3424 1347; x_wconf 83' lang='lat' dir='ltr'><strong>est:</strong></span> <span class='ocrx_word' id='word_1_451' title='bbox 3461 1293 3540 1348; x_wconf 92' lang='lat' dir='ltr'><strong>sic</strong></span> <span class='ocrx_word' id='word_1_452' title='bbox 3588 1294 3642 1347; x_wconf 91' lang='lat' dir='ltr'><strong>in</strong></span> 
     </span>
    </p>
   </div>
   <div class='ocr_carea' id='block_1_58' title="bbox 2062 1375 3647 1450">
    <p class='ocr_par' dir='ltr' id='par_1_58' title="bbox 2062 1375 3647 1450">
     <span class='ocr_line' id='line_1_58' title="bbox 2062 1375 3647 1450; baseline 0.006 -20"><span class='ocrx_word' id='word_1_453' title='bbox 2062 1375 2355 1447; x_wconf 81' lang='lat' dir='ltr'><strong>Evangelio</strong></span> <span class='ocrx_word' id='word_1_454' title='bbox 2386 1377 2642 1434; x_wconf 86' lang='lat' dir='ltr'><strong>Salvator</strong></span> <span class='ocrx_word' id='word_1_455' title='bbox 2671 1388 2867 1450; x_wconf 88' lang='lat' dir='ltr'><strong>quarta</strong></span> <span class='ocrx_word' id='word_1_456' title='bbox 2899 1384 3079 1438; x_wconf 86' lang='lat' dir='ltr'><strong>noctis</strong></span> <span class='ocrx_word' id='word_1_457' title='bbox 3103 1385 3350 1440; x_wconf 79' lang='lat' dir='ltr'><strong>custodia</strong></span> <span class='ocrx_word' id='word_1_458' title='bbox 3386 1386 3452 1439; x_wconf 91' lang='lat' dir='ltr'><strong>ad</strong></span> <span class='ocrx_word' id='word_1_459' title='bbox 3483 1386 3647 1440; x_wconf 87' lang='lat' dir='ltr'><strong>disci-</strong></span> 
     </span>
    </p>
   </div>
   <div class='ocr_carea' id='block_1_59' title="bbox 2063 1469 3643 1545">
    <p class='ocr_par' dir='ltr' id='par_1_59' title="bbox 2063 1469 3643 1545">
     <span class='ocr_line' id='line_1_59' title="bbox 2063 1469 3643 1545; baseline 0.007 -23"><span class='ocrx_word' id='word_1_460' title='bbox 2063 1469 2222 1537; x_wconf 91' lang='lat' dir='ltr'><strong>pulos</strong></span> <span class='ocrx_word' id='word_1_461' title='bbox 2257 1470 2474 1526; x_wconf 89' lang='lat' dir='ltr'><strong>vcnisse</strong></span> <span class='ocrx_word' id='word_1_462' title='bbox 2512 1473 2734 1528; x_wconf 75' lang='lat' dir='ltr'><strong>dicitur.</strong></span> <span class='ocrx_word' id='word_1_463' title='bbox 2783 1473 2927 1529; x_wconf 85' lang='lat' dir='ltr'><strong>Alibi</strong></span> <span class='ocrx_word' id='word_1_464' title='bbox 2967 1490 3099 1529; x_wconf 90' lang='lat' dir='ltr'><strong>vero</strong></span> <span class='ocrx_word' id='word_1_465' title='bbox 3129 1476 3247 1545; x_wconf 90' lang='lat' dir='ltr'><strong>ipse</strong></span> <span class='ocrx_word' id='word_1_466' title='bbox 3268 1477 3401 1531; x_wconf 90' lang='lat' dir='ltr'><strong>dicit</strong></span> <span class='ocrx_word' id='word_1_467' title='bbox 3440 1496 3451 1531; x_wconf 94' lang='lat'>:</span> <span class='ocrx_word' id='word_1_468' title='bbox 3491 1497 3509 1528; x_wconf 75' lang='grc' dir='ltr'><strong>ι</strong></span> <span class='ocrx_word' id='word_1_469' title='bbox 3547 1476 3643 1532; x_wconf 84' lang='lat' dir='ltr'><strong>Vi-</strong></span> 
     </span>
    </p>
   </div>
   <div class='ocr_carea' id='block_1_60' title="bbox 2061 1562 3646 1636">
    <p class='ocr_par' dir='ltr' id='par_1_60' title="bbox 2061 1562 3646 1636">
     <span class='ocr_line' id='line_1_60' title="bbox 2061 1562 3646 1636; baseline 0.007 -23"><span class='ocrx_word' id='word_1_470' title='bbox 2061 1562 2248 1633; x_wconf 81' lang='lat' dir='ltr'><strong>gilate.</strong></span> <span class='ocrx_word' id='word_1_471' title='bbox 2284 1565 2414 1633; x_wconf 89' lang='lat' dir='ltr'><strong>quia</strong></span> <span class='ocrx_word' id='word_1_472' title='bbox 2439 1565 2664 1619; x_wconf 87' lang='lat' dir='ltr'><strong>nescitis</strong></span> <span class='ocrx_word' id='word_1_473' title='bbox 2707 1581 2813 1636; x_wconf 87' lang='lat' dir='ltr'><strong>qua</strong></span> <span class='ocrx_word' id='word_1_474' title='bbox 2851 1567 3102 1621; x_wconf 90' lang='lat' dir='ltr'><strong>custodia</strong></span> <span class='ocrx_word' id='word_1_475' title='bbox 3148 1567 3412 1624; x_wconf 89' lang='lat' dir='ltr'><strong>Dominus</strong></span> <span class='ocrx_word' id='word_1_476' title='bbox 3460 1578 3646 1624; x_wconf 82' lang='lat' dir='ltr'><strong>vester</strong></span> 
     </span>
    </p>
   </div>
   <div class='ocr_carea' id='block_1_61' title="bbox 2061 1653 3641 1728">
    <p class='ocr_par' dir='ltr' id='par_1_61' title="bbox 2061 1653 3641 1728">
     <span class='ocr_line' id='line_1_61' title="bbox 2061 1653 3641 1728; baseline 0.006 -21"><span class='ocrx_word' id='word_1_477' title='bbox 2061 1653 2245 1708; x_wconf 83' lang='lat' dir='ltr'><strong>veniet</strong></span> <span class='ocrx_word' id='word_1_478' title='bbox 2264 1655 2340 1722; x_wconf 69' lang='lat' dir='ltr'><strong>M;</strong></span> <span class='ocrx_word' id='word_1_479' title='bbox 2373 1674 2390 1706; x_wconf 74' lang='grc' dir='ltr'><strong>ι</strong></span> <span class='ocrx_word' id='word_1_480' title='bbox 2449 1671 2513 1712; x_wconf 88' lang='lat' dir='ltr'><strong>ac</strong></span> <span class='ocrx_word' id='word_1_481' title='bbox 2567 1674 2790 1713; x_wconf 87' lang='lat' dir='ltr'><strong>rursum</strong></span> <span class='ocrx_word' id='word_1_482' title='bbox 2829 1676 2842 1712; x_wconf 86' lang='lat'><strong>:</strong></span> <span class='ocrx_word' id='word_1_483' title='bbox 2885 1677 2904 1709; x_wconf 70' lang='grc' dir='ltr'><strong>ι</strong></span> <span class='ocrx_word' id='word_1_484' title='bbox 2945 1657 3082 1712; x_wconf 78' lang='lat' dir='ltr'><strong>ll&#39;lud</strong></span> <span class='ocrx_word' id='word_1_485' title='bbox 3153 1667 3334 1716; x_wconf 86' lang='lat' dir='ltr'><strong>autem</strong></span> <span class='ocrx_word' id='word_1_486' title='bbox 3401 1661 3596 1716; x_wconf 85' lang='lat' dir='ltr'><strong>scitote</strong></span> <span class='ocrx_word' id='word_1_487' title='bbox 3627 1704 3641 1728; x_wconf 96' lang='lat'><strong>,</strong></span> 
     </span>
    </p>
   </div>
   <div class='ocr_carea' id='block_1_62' title="bbox 2063 1744 3645 1818">
    <p class='ocr_par' dir='ltr' id='par_1_62' title="bbox 2063 1744 3645 1818">
     <span class='ocr_line' id='line_1_62' title="bbox 2063 1744 3645 1818; baseline 0.006 -22"><span class='ocrx_word' id='word_1_488' title='bbox 2063 1744 2190 1813; x_wconf 93' lang='lat' dir='ltr'><strong>quia</strong></span> <span class='ocrx_word' id='word_1_489' title='bbox 2223 1747 2268 1800; x_wconf 92' lang='lat' dir='ltr'><strong>si</strong></span> <span class='ocrx_word' id='word_1_490' title='bbox 2307 1745 2472 1801; x_wconf 86' lang='lat' dir='ltr'><strong>sciret</strong></span> <span class='ocrx_word' id='word_1_491' title='bbox 2519 1747 2914 1818; x_wconf 78' lang='lat' dir='ltr'><strong>paterfamilias</strong></span> <span class='ocrx_word' id='word_1_492' title='bbox 2943 1764 3049 1818; x_wconf 90' lang='lat' dir='ltr'><strong>qua</strong></span> <span class='ocrx_word' id='word_1_493' title='bbox 3073 1751 3324 1804; x_wconf 89' lang='lat' dir='ltr'><strong>custodia</strong></span> <span class='ocrx_word' id='word_1_494' title='bbox 3374 1751 3464 1805; x_wconf 83' lang='lat' dir='ltr'><strong>fur</strong></span> <span class='ocrx_word' id='word_1_495' title='bbox 3513 1767 3645 1806; x_wconf 86' lang='lat' dir='ltr'><strong>ven-</strong></span> 
     </span>
    </p>
   </div>
   <div class='ocr_carea' id='block_1_63' title="bbox 1995 1835 3644 1913">
    <p class='ocr_par' dir='ltr' id='par_1_63' title="bbox 1995 1835 3644 1913">
     <span class='ocr_line' id='line_1_63' title="bbox 1995 1835 3644 1913; baseline 0.008 -25"><span class='ocrx_word' id='word_1_496' title='bbox 1995 1835 2036 1888; x_wconf 94' lang='lat' dir='ltr'><strong>B</strong></span> <span class='ocrx_word' id='word_1_497' title='bbox 2065 1845 2223 1892; x_wconf 92' lang='lat' dir='ltr'><strong>turus</strong></span> <span class='ocrx_word' id='word_1_498' title='bbox 2262 1840 2492 1894; x_wconf 77' lang='lat' dir='ltr'><strong>esset&quot;.</strong></span> <span class='ocrx_word' id='word_1_499' title='bbox 2537 1859 2556 1892; x_wconf 75' lang='grc' dir='ltr'><strong>ι</strong></span> <span class='ocrx_word' id='word_1_500' title='bbox 2598 1839 2697 1894; x_wconf 85' lang='lat' dir='ltr'><strong>Vir</strong></span> <span class='ocrx_word' id='word_1_501' title='bbox 2741 1855 2907 1910; x_wconf 91' lang='lat' dir='ltr'><strong>porro</strong></span> <span class='ocrx_word' id='word_1_502' title='bbox 2958 1842 3050 1898; x_wconf 88' lang='lat' dir='ltr'><strong>ille</strong></span> <span class='ocrx_word' id='word_1_503' title='bbox 3100 1843 3392 1913; x_wconf 76' lang='lat' dir='ltr'><strong>religiosus</strong></span> <span class='ocrx_word' id='word_1_504' title='bbox 3435 1852 3489 1899; x_wconf 92' lang='lat' dir='ltr'><strong>et</strong></span> <span class='ocrx_word' id='word_1_505' title='bbox 3534 1843 3644 1901; x_wconf 88' lang='lat' dir='ltr'><strong>Deo</strong></span> 
     </span>
    </p>
   </div>
   <div class='ocr_carea' id='block_1_64' title="bbox 2064 1930 3642 1998">
    <p class='ocr_par' dir='ltr' id='par_1_64' title="bbox 2064 1930 3642 1998">
     <span class='ocr_line' id='line_1_64' title="bbox 2064 1930 3642 1998; baseline 0.003 -13"><span class='ocrx_word' id='word_1_506' title='bbox 2064 1931 2338 1994; x_wconf 88' lang='lat' dir='ltr'><strong>addictus,</strong></span> <span class='ocrx_word' id='word_1_507' title='bbox 2369 1930 2460 1987; x_wconf 87' lang='lat' dir='ltr'><strong>Dei</strong></span> <span class='ocrx_word' id='word_1_508' title='bbox 2495 1933 2546 1986; x_wconf 92' lang='lat' dir='ltr'><strong>in</strong></span> <span class='ocrx_word' id='word_1_509' title='bbox 2581 1941 2755 1987; x_wconf 89' lang='lat' dir='ltr'><strong>strato</strong></span> <span class='ocrx_word' id='word_1_510' title='bbox 2796 1948 2898 1988; x_wconf 91' lang='lat' dir='ltr'><strong>suo</strong></span> <span class='ocrx_word' id='word_1_511' title='bbox 2933 1934 3278 1998; x_wconf 87' lang='lat' dir='ltr'><strong>recordatus,</strong></span> <span class='ocrx_word' id='word_1_512' title='bbox 3319 1935 3642 1990; x_wconf 86' lang='lat' dir='ltr'><strong>immacula-</strong></span> 
     </span>
    </p>
   </div>
   <div class='ocr_carea' id='block_1_65' title="bbox 2062 2023 3646 2096">
    <p class='ocr_par' dir='ltr' id='par_1_65' title="bbox 2062 2023 3646 2096">
     <span class='ocr_line' id='line_1_65' title="bbox 2062 2023 3646 2096; baseline 0.005 -19"><span class='ocrx_word' id='word_1_513' title='bbox 2062 2031 2178 2077; x_wconf 91' lang='lat' dir='ltr'><strong>tum</strong></span> <span class='ocrx_word' id='word_1_514' title='bbox 2215 2023 2374 2085; x_wconf 91' lang='lat' dir='ltr'><strong>illud,</strong></span> <span class='ocrx_word' id='word_1_515' title='bbox 2419 2032 2632 2080; x_wconf 89' lang='lat' dir='ltr'><strong>castum</strong></span> <span class='ocrx_word' id='word_1_516' title='bbox 2659 2034 2713 2080; x_wconf 93' lang='lat' dir='ltr'><strong>et</strong></span> <span class='ocrx_word' id='word_1_517' title='bbox 2741 2025 3088 2096; x_wconf 89' lang='lat' dir='ltr'><strong>impollutum</strong></span> <span class='ocrx_word' id='word_1_518' title='bbox 3135 2027 3502 2089; x_wconf 76' lang='lat' dir='ltr'><strong>custodiebat.</strong></span> <span class='ocrx_word' id='word_1_519' title='bbox 3528 2030 3646 2086; x_wconf 86' lang='lat' dir='ltr'><strong>sin-</strong></span> 
     </span>
    </p>
   </div>
   <div class='ocr_carea' id='block_1_66' title="bbox 2062 2114 3644 2189">
    <p class='ocr_par' dir='ltr' id='par_1_66' title="bbox 2062 2114 3644 2189">
     <span class='ocr_line' id='line_1_66' title="bbox 2062 2114 3644 2189; baseline 0.004 -21"><span class='ocrx_word' id='word_1_520' title='bbox 2062 2114 2204 2186; x_wconf 80' lang='lat' dir='ltr'><strong>gulis</strong></span> <span class='ocrx_word' id='word_1_521' title='bbox 2233 2114 2415 2170; x_wconf 88' lang='lat' dir='ltr'><strong>noctis</strong></span> <span class='ocrx_word' id='word_1_522' title='bbox 2450 2117 2718 2172; x_wconf 87' lang='lat' dir='ltr'><strong>custodiis</strong></span> <span class='ocrx_word' id='word_1_523' title='bbox 2743 2118 3092 2188; x_wconf 79' lang='lat' dir='ltr'><strong>exsurgebat,</strong></span> <span class='ocrx_word' id='word_1_524' title='bbox 3112 2118 3367 2189; x_wconf 83' lang='lat' dir='ltr'><strong>precibus</strong></span> <span class='ocrx_word' id='word_1_525' title='bbox 3400 2119 3644 2174; x_wconf 87' lang='lat' dir='ltr'><strong>animum</strong></span> 
     </span>
    </p>
   </div>
   <div class='ocr_carea' id='block_1_67' title="bbox 2064 2205 3642 2278">
    <p class='ocr_par' dir='ltr' id='par_1_67' title="bbox 2064 2205 3642 2278">
     <span class='ocr_line' id='line_1_67' title="bbox 2064 2205 3642 2278; baseline 0.004 -20"><span class='ocrx_word' id='word_1_526' title='bbox 2064 2205 2405 2270; x_wconf 84' lang='lat' dir='ltr'><strong>adhibebat,</strong></span> <span class='ocrx_word' id='word_1_527' title='bbox 2466 2205 2780 2278; x_wconf 81' lang='lat' dir='ltr'><strong>divinisque</strong></span> <span class='ocrx_word' id='word_1_528' title='bbox 2836 2207 3148 2278; x_wconf 90' lang='lat' dir='ltr'><strong>disciplinis</strong></span> <span class='ocrx_word' id='word_1_529' title='bbox 3215 2209 3642 2265; x_wconf 81' lang='lat' dir='ltr'><strong>exercitabatur.</strong></span> 
     </span>
    </p>
   </div>
   <div class='ocr_carea' id='block_1_68' title="bbox 2065 2295 3646 2371">
    <p class='ocr_par' dir='ltr' id='par_1_68' title="bbox 2065 2295 3646 2371">
     <span class='ocr_line' id='line_1_68' title="bbox 2065 2295 3646 2371; baseline 0.003 -19"><span class='ocrx_word' id='word_1_530' title='bbox 2065 2295 2219 2364; x_wconf 86' lang='lat' dir='ltr'><strong>Quod</strong></span> <span class='ocrx_word' id='word_1_531' title='bbox 2275 2297 2362 2353; x_wconf 90' lang='lat' dir='ltr'><strong>his</strong></span> <span class='ocrx_word' id='word_1_532' title='bbox 2402 2298 2715 2371; x_wconf 88' lang='lat' dir='ltr'><strong>Symmachi</strong></span> <span class='ocrx_word' id='word_1_533' title='bbox 2748 2300 2932 2355; x_wconf 86' lang='lat' dir='ltr'><strong>verbis</strong></span> <span class='ocrx_word' id='word_1_534' title='bbox 2975 2300 3278 2356; x_wconf 71' lang='lat' dir='ltr'><strong>edoce-tur:</strong></span> <span class='ocrx_word' id='word_1_535' title='bbox 3313 2319 3332 2352; x_wconf 74' lang='grc' dir='ltr'><strong>ι</strong></span> <span class='ocrx_word' id='word_1_536' title='bbox 3368 2299 3646 2356; x_wconf 82' lang='lat' dir='ltr'><strong>Recorda-</strong></span> 
     </span>
    </p>
   </div>
   <div class='ocr_carea' id='block_1_69' title="bbox 2063 2391 3646 2465">
    <p class='ocr_par' dir='ltr' id='par_1_69' title="bbox 2063 2391 3646 2465">
     <span class='ocr_line' id='line_1_69' title="bbox 2063 2391 3646 2465; baseline 0.003 -21"><span class='ocrx_word' id='word_1_537' title='bbox 2063 2397 2154 2446; x_wconf 90' lang='lat' dir='ltr'><strong>tus</strong></span> <span class='ocrx_word' id='word_1_538' title='bbox 2191 2391 2268 2446; x_wconf 87' lang='lat' dir='ltr'><strong>tui</strong></span> <span class='ocrx_word' id='word_1_539' title='bbox 2301 2407 2468 2462; x_wconf 86' lang='lat' dir='ltr'><strong>super</strong></span> <span class='ocrx_word' id='word_1_540' title='bbox 2514 2400 2749 2448; x_wconf 89' lang='lat' dir='ltr'><strong>stratum</strong></span> <span class='ocrx_word' id='word_1_541' title='bbox 2783 2407 2986 2457; x_wconf 89' lang='lat' dir='ltr'><strong>meum,</strong></span> <span class='ocrx_word' id='word_1_542' title='bbox 3017 2408 3114 2463; x_wconf 90' lang='lat' dir='ltr'><strong>per</strong></span> <span class='ocrx_word' id='word_1_543' title='bbox 3161 2395 3404 2465; x_wconf 80' lang='lat' dir='ltr'><strong>singulas</strong></span> <span class='ocrx_word' id='word_1_544' title='bbox 3455 2404 3646 2450; x_wconf 86' lang='lat' dir='ltr'><strong>custo-</strong></span> 
     </span>
    </p>
   </div>
   <div class='ocr_carea' id='block_1_70' title="bbox 2064 2483 3644 2558">
    <p class='ocr_par' dir='ltr' id='par_1_70' title="bbox 2064 2483 3644 2558">
     <span class='ocr_line' id='line_1_70' title="bbox 2064 2483 3644 2558; baseline 0.002 -20"><span class='ocrx_word' id='word_1_545' title='bbox 2064 2483 2183 2539; x_wconf 86' lang='lat' dir='ltr'><strong>dias</strong></span> <span class='ocrx_word' id='word_1_546' title='bbox 2205 2485 2528 2541; x_wconf 86' lang='lat' dir='ltr'><strong>meditabar.</strong></span> <span class='ocrx_word' id='word_1_547' title='bbox 2571 2505 2589 2538; x_wconf 75' lang='grc' dir='ltr'><strong>ι</strong></span> <span class='ocrx_word' id='word_1_548' title='bbox 2624 2485 2700 2541; x_wconf 89' lang='lat' dir='ltr'><strong>Te</strong></span> <span class='ocrx_word' id='word_1_549' title='bbox 2743 2489 2944 2558; x_wconf 82' lang='lat' dir='ltr'><strong>quippe</strong></span> <span class='ocrx_word' id='word_1_550' title='bbox 2992 2487 3160 2543; x_wconf 89' lang='lat' dir='ltr'><strong>Deum</strong></span> <span class='ocrx_word' id='word_1_551' title='bbox 3189 2487 3603 2557; x_wconf 88' lang='lat' dir='ltr'><strong>contemplabar</strong></span> <span class='ocrx_word' id='word_1_552' title='bbox 3629 2528 3644 2553; x_wconf 84' lang='lat'><strong>,</strong></span> 
     </span>
    </p>
   </div>
   <div class='ocr_carea' id='block_1_71' title="bbox 2064 2561 3648 2648">
    <p class='ocr_par' dir='ltr' id='par_1_71' title="bbox 2064 2561 3648 2648">
     <span class='ocr_line' id='line_1_71' title="bbox 2064 2561 3648 2648; baseline 0.002 -18"><span class='ocrx_word' id='word_1_553' title='bbox 2064 2590 2128 2631; x_wconf 91' lang='lat' dir='ltr'><strong>ac</strong></span> <span class='ocrx_word' id='word_1_554' title='bbox 2177 2577 2295 2632; x_wconf 89' lang='lat' dir='ltr'><strong>vice</strong></span> <span class='ocrx_word' id='word_1_555' title='bbox 2348 2577 2613 2633; x_wconf 89' lang='lat' dir='ltr'><strong>librorum</strong></span> <span class='ocrx_word' id='word_1_556' title='bbox 2662 2585 2716 2631; x_wconf 91' lang='lat' dir='ltr'><strong>et</strong></span> <span class='ocrx_word' id='word_1_557' title='bbox 2771 2561 3208 2648; x_wconf 77' lang='lat' dir='ltr'><strong>scripturarum,</strong></span> <span class='ocrx_word' id='word_1_558' title='bbox 3242 2587 3424 2633; x_wconf 86' lang='lat' dir='ltr'><strong>mente</strong></span> <span class='ocrx_word' id='word_1_559' title='bbox 3469 2577 3539 2631; x_wconf 90' lang='lat' dir='ltr'><strong>ad</strong></span> <span class='ocrx_word' id='word_1_560' title='bbox 3592 2585 3648 2634; x_wconf 87' lang='lat' dir='ltr'><strong>te</strong></span> 
     </span>
    </p>
   </div>
   <div class='ocr_carea' id='block_1_72' title="bbox 2066 2667 3646 2741">
    <p class='ocr_par' dir='ltr' id='par_1_72' title="bbox 2066 2667 3646 2741">
     <span class='ocr_line' id='line_1_72' title="bbox 2066 2667 3646 2741; baseline 0.003 -19"><span class='ocrx_word' id='word_1_561' title='bbox 2066 2683 2286 2723; x_wconf 78' lang='lat' dir='ltr'><strong>sursum</strong></span> <span class='ocrx_word' id='word_1_562' title='bbox 2337 2668 2502 2732; x_wconf 89' lang='lat' dir='ltr'><strong>elata,</strong></span> <span class='ocrx_word' id='word_1_563' title='bbox 2537 2667 2865 2735; x_wconf 89' lang='lat' dir='ltr'><strong>meditabar,</strong></span> <span class='ocrx_word' id='word_1_564' title='bbox 2913 2668 3236 2725; x_wconf 86' lang='lat' dir='ltr'><strong>recordatus</strong></span> <span class='ocrx_word' id='word_1_565' title='bbox 3287 2669 3510 2741; x_wconf 85' lang='lat' dir='ltr'><strong>quantis</strong></span> <span class='ocrx_word' id='word_1_566' title='bbox 3558 2686 3646 2726; x_wconf 86' lang='lat' dir='ltr'><strong>me</strong></span> 
     </span>
    </p>
   </div>
   <div class='ocr_carea' id='block_1_73' title="bbox 2064 2761 3645 2832">
    <p class='ocr_par' dir='ltr' id='par_1_73' title="bbox 2064 2761 3645 2832">
     <span class='ocr_line' id='line_1_73' title="bbox 2064 2761 3645 2832; baseline 0 -16"><span class='ocrx_word' id='word_1_567' title='bbox 2064 2761 2347 2816; x_wconf 85' lang='lat' dir='ltr'><strong>beneﬁciis</strong></span> <span class='ocrx_word' id='word_1_568' title='bbox 2376 2761 2695 2826; x_wconf 86' lang='lat' dir='ltr'><strong>ornaveris,</strong></span> <span class='ocrx_word' id='word_1_569' title='bbox 2732 2762 2954 2831; x_wconf 87' lang='lat' dir='ltr'><strong>etquod</strong></span> <span class='ocrx_word' id='word_1_570' title='bbox 2991 2761 3123 2815; x_wconf 91' lang='lat' dir='ltr'><strong>mihi</strong></span> <span class='ocrx_word' id='word_1_571' title='bbox 3161 2777 3378 2832; x_wconf 85' lang='lat' dir='ltr'><strong>semper</strong></span> <span class='ocrx_word' id='word_1_572' title='bbox 3403 2763 3645 2831; x_wconf 88' lang='lat' dir='ltr'><strong>adjutur,</strong></span> 
     </span>
    </p>
   </div>
   <div class='ocr_carea' id='block_1_74' title="bbox 2065 2853 3646 2925">
    <p class='ocr_par' dir='ltr' id='par_1_74' title="bbox 2065 2853 3646 2925">
     <span class='ocr_line' id='line_1_74' title="bbox 2065 2853 3646 2925; baseline 0.003 -19"><span class='ocrx_word' id='word_1_573' title='bbox 2065 2868 2098 2906; x_wconf 90' lang='lat' dir='ltr'><strong>a</strong></span> <span class='ocrx_word' id='word_1_574' title='bbox 2158 2853 2434 2909; x_wconf 81' lang='lat' dir='ltr'><strong>sexcentis</strong></span> <span class='ocrx_word' id='word_1_575' title='bbox 2485 2869 2573 2909; x_wconf 92' lang='lat' dir='ltr'><strong>me</strong></span> <span class='ocrx_word' id='word_1_576' title='bbox 2617 2854 3014 2909; x_wconf 89' lang='lat' dir='ltr'><strong>tentationibus</strong></span> <span class='ocrx_word' id='word_1_577' title='bbox 3069 2855 3365 2925; x_wconf 87' lang='lat' dir='ltr'><strong>eripueris,</strong></span> <span class='ocrx_word' id='word_1_578' title='bbox 3431 2855 3646 2925; x_wconf 84' lang='lat' dir='ltr'><strong>alisque</strong></span> 
     </span>
    </p>
   </div>
   <div class='ocr_carea' id='block_1_75' title="bbox 2065 2945 3644 3016">
    <p class='ocr_par' dir='ltr' id='par_1_75' title="bbox 2065 2945 3644 3016">
     <span class='ocr_line' id='line_1_75' title="bbox 2065 2945 3644 3016; baseline 0.002 -16"><span class='ocrx_word' id='word_1_579' title='bbox 2065 2946 2196 3003; x_wconf 78' lang='lat' dir='ltr'><strong>tuis.</strong></span> <span class='ocrx_word' id='word_1_580' title='bbox 2230 2945 2488 3000; x_wconf 88' lang='lat' dir='ltr'><strong>nimirum</strong></span> <span class='ocrx_word' id='word_1_581' title='bbox 2526 2947 2882 3016; x_wconf 79' lang='lat' dir='ltr'><strong>providentia:</strong></span> <span class='ocrx_word' id='word_1_582' title='bbox 2924 2954 3032 3001; x_wconf 70' lang='lat' dir='ltr'><strong>tua:</strong></span> <span class='ocrx_word' id='word_1_583' title='bbox 3076 2947 3393 3014; x_wconf 87' lang='lat' dir='ltr'><strong>virtutibus,</strong></span> <span class='ocrx_word' id='word_1_584' title='bbox 3433 2949 3644 3004; x_wconf 69' lang='lat' dir='ltr'><strong>extule-</strong></span> 
     </span>
    </p>
   </div>
   <div class='ocr_carea' id='block_1_76' title="bbox 2067 3039 3644 3112">
    <p class='ocr_par' dir='ltr' id='par_1_76' title="bbox 2067 3039 3644 3112">
     <span class='ocr_line' id='line_1_76' title="bbox 2067 3039 3644 3112; baseline 0 -18"><span class='ocrx_word' id='word_1_585' title='bbox 2067 3043 2144 3094; x_wconf 86' lang='lat' dir='ltr'><strong>ris</strong></span> <span class='ocrx_word' id='word_1_586' title='bbox 2174 3057 2187 3093; x_wconf 88' lang='lat'>:</span> <span class='ocrx_word' id='word_1_587' title='bbox 2225 3055 2344 3110; x_wconf 75' lang='lat' dir='ltr'><strong>quae</strong></span> <span class='ocrx_word' id='word_1_588' title='bbox 2376 3040 2428 3092; x_wconf 90' lang='lat' dir='ltr'><strong>in</strong></span> <span class='ocrx_word' id='word_1_589' title='bbox 2469 3039 2790 3095; x_wconf 88' lang='lat' dir='ltr'><strong>memoriam</strong></span> <span class='ocrx_word' id='word_1_590' title='bbox 2825 3048 3098 3109; x_wconf 89' lang='lat' dir='ltr'><strong>repetens,</strong></span> <span class='ocrx_word' id='word_1_591' title='bbox 3124 3041 3323 3111; x_wconf 75' lang='lat' dir='ltr'><strong>gaudio</strong></span> <span class='ocrx_word' id='word_1_592' title='bbox 3353 3041 3605 3112; x_wconf 78' lang='lat' dir='ltr'><strong>replebar</strong></span> <span class='ocrx_word' id='word_1_593' title='bbox 3626 3079 3644 3106; x_wconf 90' lang='lat'><strong>,</strong></span> 
     </span>
    </p>
   </div>
   <div class='ocr_carea' id='block_1_77' title="bbox 2067 3129 3639 3204">
    <p class='ocr_par' dir='ltr' id='par_1_77' title="bbox 2067 3129 3639 3204">
     <span class='ocr_line' id='line_1_77' title="bbox 2067 3129 3639 3204; baseline 0.001 -18"><span class='ocrx_word' id='word_1_594' title='bbox 2067 3139 2228 3201; x_wconf 89' lang='lat' dir='ltr'><strong>teque</strong></span> <span class='ocrx_word' id='word_1_595' title='bbox 2285 3129 2454 3185; x_wconf 88' lang='lat' dir='ltr'><strong>Deum</strong></span> <span class='ocrx_word' id='word_1_596' title='bbox 2509 3131 2852 3186; x_wconf 80' lang='lat' dir='ltr'><strong>celebrabant</strong></span> <span class='ocrx_word' id='word_1_597' title='bbox 2905 3133 3209 3186; x_wconf 89' lang='lat' dir='ltr'><strong>secundum</strong></span> <span class='ocrx_word' id='word_1_598' title='bbox 3251 3131 3639 3204; x_wconf 83' lang='lat' dir='ltr'><strong>Symmachum</strong></span> 
     </span>
    </p>
   </div>
   <div class='ocr_carea' id='block_1_78' title="bbox 2069 3220 3642 3291">
    <p class='ocr_par' dir='ltr' id='par_1_78' title="bbox 2069 3220 3642 3291">
     <span class='ocr_line' id='line_1_78' title="bbox 2069 3220 3642 3291; baseline 0.001 -18"><span class='ocrx_word' id='word_1_599' title='bbox 2069 3221 2160 3290; x_wconf 78' lang='lat' dir='ltr'><strong>qui</strong></span> <span class='ocrx_word' id='word_1_600' title='bbox 2202 3220 2282 3276; x_wconf 81' lang='lat' dir='ltr'><strong>sic</strong></span> <span class='ocrx_word' id='word_1_601' title='bbox 2305 3220 2489 3284; x_wconf 84' lang='lat' dir='ltr'><strong>habet,</strong></span> <span class='ocrx_word' id='word_1_602' title='bbox 2527 3239 2546 3272; x_wconf 72' lang='grc' dir='ltr'><strong>ι</strong></span> <span class='ocrx_word' id='word_1_603' title='bbox 2583 3230 2637 3275; x_wconf 90' lang='lat' dir='ltr'><strong>et</strong></span> <span class='ocrx_word' id='word_1_604' title='bbox 2664 3228 2943 3291; x_wconf 89' lang='lat' dir='ltr'><strong>protectus</strong></span> <span class='ocrx_word' id='word_1_605' title='bbox 2968 3222 3070 3276; x_wconf 88' lang='lat' dir='ltr'><strong>alis</strong></span> <span class='ocrx_word' id='word_1_606' title='bbox 3100 3223 3209 3278; x_wconf 92' lang='lat' dir='ltr'><strong>tuis</strong></span> <span class='ocrx_word' id='word_1_607' title='bbox 3232 3223 3595 3280; x_wconf 87' lang='lat' dir='ltr'><strong>celebrabam.</strong></span> <span class='ocrx_word' id='word_1_608' title='bbox 3622 3243 3642 3274; x_wconf 71' lang='grc' dir='ltr'><strong>ι</strong></span> 
     </span>
    </p>
   </div>
   <div class='ocr_carea' id='block_1_79' title="bbox 2067 3311 3650 3386">
    <p class='ocr_par' dir='ltr' id='par_1_79' title="bbox 2067 3311 3650 3386">
     <span class='ocr_line' id='line_1_79' title="bbox 2067 3311 3650 3386; baseline 0.004 -20"><span class='ocrx_word' id='word_1_609' title='bbox 2067 3311 2297 3382; x_wconf 87' lang='lat' dir='ltr'><strong>Eloquia</strong></span> <span class='ocrx_word' id='word_1_610' title='bbox 2350 3327 2481 3367; x_wconf 86' lang='lat' dir='ltr'><strong>vero</strong></span> <span class='ocrx_word' id='word_1_611' title='bbox 2529 3322 2622 3368; x_wconf 89' lang='lat' dir='ltr'><strong>tua</strong></span> <span class='ocrx_word' id='word_1_612' title='bbox 2672 3328 2770 3384; x_wconf 89' lang='lat' dir='ltr'><strong>per</strong></span> <span class='ocrx_word' id='word_1_613' title='bbox 2835 3314 3084 3386; x_wconf 79' lang='lat' dir='ltr'><strong>singulas</strong></span> <span class='ocrx_word' id='word_1_614' title='bbox 3128 3315 3311 3371; x_wconf 81' lang='lat' dir='ltr'><strong>noctis</strong></span> <span class='ocrx_word' id='word_1_615' title='bbox 3367 3317 3650 3373; x_wconf 90' lang='lat' dir='ltr'><strong>custodias</strong></span> 
     </span>
    </p>
   </div>
   <div class='ocr_carea' id='block_1_80' title="bbox 2066 3406 3650 3478">
    <p class='ocr_par' dir='ltr' id='par_1_80' title="bbox 2066 3406 3650 3478">
     <span class='ocr_line' id='line_1_80' title="bbox 2066 3406 3650 3478; baseline 0.004 -20"><span class='ocrx_word' id='word_1_616' title='bbox 2066 3420 2278 3458; x_wconf 92' lang='lat' dir='ltr'><strong>mecum</strong></span> <span class='ocrx_word' id='word_1_617' title='bbox 2323 3413 2609 3475; x_wconf 89' lang='lat' dir='ltr'><strong>reputans,</strong></span> <span class='ocrx_word' id='word_1_618' title='bbox 2640 3406 2934 3478; x_wconf 87' lang='lat' dir='ltr'><strong>auditaque</strong></span> <span class='ocrx_word' id='word_1_619' title='bbox 2976 3415 3103 3477; x_wconf 85' lang='lat' dir='ltr'><strong>post</strong></span> <span class='ocrx_word' id='word_1_620' title='bbox 3144 3407 3259 3463; x_wconf 66' lang='lat' dir='ltr'><strong>haec</strong></span> <span class='ocrx_word' id='word_1_621' title='bbox 3308 3407 3498 3462; x_wconf 87' lang='lat' dir='ltr'><strong>divina</strong></span> <span class='ocrx_word' id='word_1_622' title='bbox 3530 3409 3650 3474; x_wconf 74' lang='lat' dir='ltr'><strong>lege</strong></span> 
     </span>
    </p>
   </div>
   <div class='ocr_carea' id='block_1_81' title="bbox 2065 3495 3652 3571">
    <p class='ocr_par' dir='ltr' id='par_1_81' title="bbox 2065 3495 3652 3571">
     <span class='ocr_line' id='line_1_81' title="bbox 2065 3495 3652 3571; baseline 0.003 -21"><span class='ocrx_word' id='word_1_623' title='bbox 2065 3513 2186 3567; x_wconf 69' lang='lat' dir='ltr'><strong>qme</strong></span> <span class='ocrx_word' id='word_1_624' title='bbox 2213 3497 2296 3552; x_wconf 91' lang='lat' dir='ltr'><strong>sic</strong></span> <span class='ocrx_word' id='word_1_625' title='bbox 2332 3497 2515 3562; x_wconf 86' lang='lat' dir='ltr'><strong>habet,</strong></span> <span class='ocrx_word' id='word_1_626' title='bbox 2548 3515 2568 3548; x_wconf 70' lang='grc' dir='ltr'><strong>ι</strong></span> <span class='ocrx_word' id='word_1_627' title='bbox 2603 3495 2732 3552; x_wconf 86' lang='lat' dir='ltr'><strong>Post</strong></span> <span class='ocrx_word' id='word_1_628' title='bbox 2768 3495 3059 3553; x_wconf 86' lang='lat' dir='ltr'><strong>Dominum</strong></span> <span class='ocrx_word' id='word_1_629' title='bbox 3110 3497 3279 3554; x_wconf 83' lang='lat' dir='ltr'><strong>Deum</strong></span> <span class='ocrx_word' id='word_1_630' title='bbox 3328 3507 3478 3553; x_wconf 90' lang='lat' dir='ltr'><strong>tuum</strong></span> <span class='ocrx_word' id='word_1_631' title='bbox 3527 3515 3652 3571; x_wconf 77' lang='lat' dir='ltr'><strong>gra-</strong></span> 
     </span>
    </p>
   </div>
   <div class='ocr_carea' id='block_1_82' title="bbox 2065 3589 3650 3661">
    <p class='ocr_par' dir='ltr' id='par_1_82' title="bbox 2065 3589 3650 3661">
     <span class='ocr_line' id='line_1_82' title="bbox 2065 3589 3650 3661; baseline 0.001 -16"><span class='ocrx_word' id='word_1_632' title='bbox 2065 3591 2273 3654; x_wconf 88' lang='lat' dir='ltr'><strong>dieris;</strong></span> <span class='ocrx_word' id='word_1_633' title='bbox 2315 3609 2335 3642; x_wconf 75' lang='grc'><strong>»</strong></span> <span class='ocrx_word' id='word_1_634' title='bbox 2371 3589 2475 3660; x_wconf 89' lang='lat' dir='ltr'><strong>ipsi</strong></span> <span class='ocrx_word' id='word_1_635' title='bbox 2527 3590 2773 3656; x_wconf 68' lang='lat' dir='ltr'><strong>haerens,</strong></span> <span class='ocrx_word' id='word_1_636' title='bbox 2813 3589 2918 3661; x_wconf 91' lang='lat' dir='ltr'><strong>ipsi</strong></span> <span class='ocrx_word' id='word_1_637' title='bbox 2971 3590 3257 3658; x_wconf 84' lang='lat' dir='ltr'><strong>addictus,</strong></span> <span class='ocrx_word' id='word_1_638' title='bbox 3316 3591 3650 3660; x_wconf 80' lang='lat' dir='ltr'><strong>morigerum</strong></span> 
     </span>
    </p>
   </div>
   <div class='ocr_carea' id='block_1_83' title="bbox 2065 3676 3654 3751">
    <p class='ocr_par' dir='ltr' id='par_1_83' title="bbox 2065 3676 3654 3751">
     <span class='ocr_line' id='line_1_83' title="bbox 2065 3676 3654 3751; baseline 0.004 -21"><span class='ocrx_word' id='word_1_639' title='bbox 2065 3692 2152 3732; x_wconf 90' lang='lat' dir='ltr'><strong>me</strong></span> <span class='ocrx_word' id='word_1_640' title='bbox 2202 3677 2304 3747; x_wconf 77' lang='lat' dir='ltr'><strong>legi</strong></span> <span class='ocrx_word' id='word_1_641' title='bbox 2357 3676 2588 3746; x_wconf 64' lang='lat' dir='ltr'><strong>praebui,</strong></span> <span class='ocrx_word' id='word_1_642' title='bbox 2629 3677 2846 3750; x_wconf 88' lang='lat' dir='ltr'><strong>ipsique</strong></span> <span class='ocrx_word' id='word_1_643' title='bbox 2883 3679 3075 3734; x_wconf 73' lang='lat' dir='ltr'><strong>inbzesi</strong></span> <span class='ocrx_word' id='word_1_644' title='bbox 3111 3687 3292 3745; x_wconf 89' lang='lat' dir='ltr'><strong>totus,</strong></span> <span class='ocrx_word' id='word_1_645' title='bbox 3336 3680 3521 3734; x_wconf 86' lang='lat' dir='ltr'><strong>omnia</strong></span> <span class='ocrx_word' id='word_1_646' title='bbox 3553 3697 3654 3751; x_wconf 91' lang='lat' dir='ltr'><strong>pro</strong></span> 
     </span>
    </p>
   </div>
   <div class='ocr_carea' id='block_1_84' title="bbox 2067 3768 3649 3842">
    <p class='ocr_par' dir='ltr' id='par_1_84' title="bbox 2067 3768 3649 3842">
     <span class='ocr_line' id='line_1_84' title="bbox 2067 3768 3649 3842; baseline 0.003 -19"><span class='ocrx_word' id='word_1_647' title='bbox 2067 3768 2240 3823; x_wconf 87' lang='lat' dir='ltr'><strong>nihilo</strong></span> <span class='ocrx_word' id='word_1_648' title='bbox 2289 3768 2524 3832; x_wconf 78' lang='lat' dir='ltr'><strong>habens,</strong></span> <span class='ocrx_word' id='word_1_649' title='bbox 2577 3768 2688 3824; x_wconf 90' lang='lat' dir='ltr'><strong>imo</strong></span> <span class='ocrx_word' id='word_1_650' title='bbox 2740 3785 2874 3826; x_wconf 90' lang='lat' dir='ltr'><strong>vero</strong></span> <span class='ocrx_word' id='word_1_651' title='bbox 2922 3771 3105 3826; x_wconf 84' lang='lat' dir='ltr'><strong>omnia</strong></span> <span class='ocrx_word' id='word_1_652' title='bbox 3151 3787 3274 3842; x_wconf 65' lang='lat' dir='ltr'><strong>quae</strong></span> <span class='ocrx_word' id='word_1_653' title='bbox 3322 3781 3445 3842; x_wconf 88' lang='lat' dir='ltr'><strong>post</strong></span> <span class='ocrx_word' id='word_1_654' title='bbox 3479 3771 3649 3828; x_wconf 88' lang='lat' dir='ltr'><strong>Deum</strong></span> 
     </span>
    </p>
   </div>
   <div class='ocr_carea' id='block_1_85' title="bbox 2065 3862 3654 3924">
    <p class='ocr_par' dir='ltr' id='par_1_85' title="bbox 2065 3862 3654 3924">
     <span class='ocr_line' id='line_1_85' title="bbox 2065 3862 3654 3924; baseline 0.001 -8"><span class='ocrx_word' id='word_1_655' title='bbox 2065 3868 2196 3916; x_wconf 88' lang='lat' dir='ltr'><strong>sunt</strong></span> <span class='ocrx_word' id='word_1_656' title='bbox 2243 3870 2562 3924; x_wconf 86' lang='lat' dir='ltr'><strong>aversatus,</strong></span> <span class='ocrx_word' id='word_1_657' title='bbox 2597 3876 2662 3916; x_wconf 81' lang='lat' dir='ltr'><strong>ex</strong></span> <span class='ocrx_word' id='word_1_658' title='bbox 2699 3862 2866 3916; x_wconf 87' lang='lat' dir='ltr'><strong>animi</strong></span> <span class='ocrx_word' id='word_1_659' title='bbox 2906 3863 3180 3919; x_wconf 84' lang='lat' dir='ltr'><strong>desiderio</strong></span> <span class='ocrx_word' id='word_1_660' title='bbox 3232 3865 3523 3920; x_wconf 88' lang='lat' dir='ltr'><strong>sublimior</strong></span> <span class='ocrx_word' id='word_1_661' title='bbox 3556 3880 3654 3920; x_wconf 78' lang='lat' dir='ltr'><strong>ex-</strong></span> 
     </span>
    </p>
   </div>
   <div class='ocr_carea' id='block_1_86' title="bbox 2066 3949 3652 4023">
    <p class='ocr_par' dir='ltr' id='par_1_86' title="bbox 2066 3949 3652 4023">
     <span class='ocr_line' id='line_1_86' title="bbox 2066 3949 3652 4023; baseline -0.001 -18"><span class='ocrx_word' id='word_1_662' title='bbox 2066 3951 2380 4020; x_wconf 84' lang='lat' dir='ltr'><strong>celsiorque</strong></span> <span class='ocrx_word' id='word_1_663' title='bbox 2426 3949 2630 4012; x_wconf 79' lang='lat' dir='ltr'><strong>factus,</strong></span> <span class='ocrx_word' id='word_1_664' title='bbox 2672 3951 2771 4005; x_wconf 90' lang='lat' dir='ltr'><strong>tibi</strong></span> <span class='ocrx_word' id='word_1_665' title='bbox 2811 3949 2923 4006; x_wconf 84' lang='lat' dir='ltr'><strong>Deo</strong></span> <span class='ocrx_word' id='word_1_666' title='bbox 2965 3967 3087 4005; x_wconf 90' lang='lat' dir='ltr'><strong>meo</strong></span> <span class='ocrx_word' id='word_1_667' title='bbox 3119 3954 3453 4023; x_wconf 66' lang='lat' dir='ltr'><strong>coniunctus</strong></span> <span class='ocrx_word' id='word_1_668' title='bbox 3502 3969 3652 4017; x_wconf 87' lang='lat' dir='ltr'><strong>sum,</strong></span> 
     </span>
    </p>
   </div>
   <div class='ocr_carea' id='block_1_87' title="bbox 2066 4040 3654 4113">
    <p class='ocr_par' dir='ltr' id='par_1_87' title="bbox 2066 4040 3654 4113">
     <span class='ocr_line' id='line_1_87' title="bbox 2066 4040 3654 4113; baseline 0 -17"><span class='ocrx_word' id='word_1_669' title='bbox 2066 4051 2126 4096; x_wconf 89' lang='lat' dir='ltr'><strong>ut</strong></span> <span class='ocrx_word' id='word_1_670' title='bbox 2150 4057 2277 4096; x_wconf 89' lang='lat' dir='ltr'><strong>vere</strong></span> <span class='ocrx_word' id='word_1_671' title='bbox 2311 4041 2499 4096; x_wconf 87' lang='lat' dir='ltr'><strong>dicere</strong></span> <span class='ocrx_word' id='word_1_672' title='bbox 2523 4041 2731 4096; x_wconf 88' lang='lat' dir='ltr'><strong>valeam</strong></span> <span class='ocrx_word' id='word_1_673' title='bbox 2767 4061 2780 4096; x_wconf 87' lang='lat'><strong>:</strong></span> <span class='ocrx_word' id='word_1_674' title='bbox 2817 4059 2836 4091; x_wconf 86' lang='grc'><em>‹</em></span> <span class='ocrx_word' id='word_1_675' title='bbox 2873 4040 3118 4097; x_wconf 66' lang='lat' dir='ltr'><strong>Adhaesit</strong></span> <span class='ocrx_word' id='word_1_676' title='bbox 3153 4045 3336 4100; x_wconf 89' lang='lat' dir='ltr'><strong>anima</strong></span> <span class='ocrx_word' id='word_1_677' title='bbox 3367 4057 3486 4098; x_wconf 88' lang='lat' dir='ltr'><strong>mea</strong></span> <span class='ocrx_word' id='word_1_678' title='bbox 3529 4052 3654 4113; x_wconf 90' lang='lat' dir='ltr'><strong>post</strong></span> 
     </span>
    </p>
   </div>
   <div class='ocr_carea' id='block_1_88' title="bbox 2066 4133 3653 4206">
    <p class='ocr_par' dir='ltr' id='par_1_88' title="bbox 2066 4133 3653 4206">
     <span class='ocr_line' id='line_1_88' title="bbox 2066 4133 3653 4206; baseline -0.002 -14"><span class='ocrx_word' id='word_1_679' title='bbox 2066 4145 2139 4192; x_wconf 88' lang='lat' dir='ltr'><strong>te.</strong></span> <span class='ocrx_word' id='word_1_680' title='bbox 2180 4155 2200 4189; x_wconf 77' lang='grc' dir='ltr'><strong>ι</strong></span> <span class='ocrx_word' id='word_1_681' title='bbox 2233 4135 2314 4190; x_wconf 83' lang='lat' dir='ltr'><strong>Ad</strong></span> <span class='ocrx_word' id='word_1_682' title='bbox 2348 4144 2562 4190; x_wconf 88' lang='lat' dir='ltr'><strong>tantum</strong></span> <span class='ocrx_word' id='word_1_683' title='bbox 2597 4149 2728 4190; x_wconf 90' lang='lat' dir='ltr'><strong>vero</strong></span> <span class='ocrx_word' id='word_1_684' title='bbox 2764 4133 3094 4206; x_wconf 79' lang='lat' dir='ltr'><strong>profectum,</strong></span> <span class='ocrx_word' id='word_1_685' title='bbox 3131 4136 3200 4189; x_wconf 91' lang='lat' dir='ltr'><strong>ad</strong></span> <span class='ocrx_word' id='word_1_686' title='bbox 3231 4142 3444 4189; x_wconf 85' lang='lat' dir='ltr'><strong>tantum</strong></span> <span class='ocrx_word' id='word_1_687' title='bbox 3480 4136 3653 4190; x_wconf 85' lang='lat' dir='ltr'><strong>virtu-</strong></span> 
     </span>
    </p>
   </div>
   <div class='ocr_carea' id='block_1_89' title="bbox 2065 4227 3655 4300">
    <p class='ocr_par' dir='ltr' id='par_1_89' title="bbox 2065 4227 3655 4300">
     <span class='ocr_line' id='line_1_89' title="bbox 2065 4227 3655 4300; baseline 0 -17"><span class='ocrx_word' id='word_1_688' title='bbox 2065 4230 2138 4285; x_wconf 88' lang='lat' dir='ltr'><strong>tis</strong></span> <span class='ocrx_word' id='word_1_689' title='bbox 2181 4229 2461 4284; x_wconf 91' lang='lat' dir='ltr'><strong>cumulum</strong></span> <span class='ocrx_word' id='word_1_690' title='bbox 2493 4228 2738 4300; x_wconf 83' lang='lat' dir='ltr'><strong>perveni,</strong></span> <span class='ocrx_word' id='word_1_691' title='bbox 2773 4245 2882 4283; x_wconf 83' lang='lat' dir='ltr'><strong>non</strong></span> <span class='ocrx_word' id='word_1_692' title='bbox 2918 4243 3039 4282; x_wconf 87' lang='lat' dir='ltr'><strong>mea</strong></span> <span class='ocrx_word' id='word_1_693' title='bbox 3095 4235 3385 4298; x_wconf 82' lang='lat' dir='ltr'><strong>potestate,</strong></span> <span class='ocrx_word' id='word_1_694' title='bbox 3430 4227 3526 4282; x_wconf 90' lang='lat' dir='ltr'><strong>sed</strong></span> <span class='ocrx_word' id='word_1_695' title='bbox 3556 4235 3655 4283; x_wconf 90' lang='lat' dir='ltr'><strong>tuo</strong></span> 
     </span>
    </p>
   </div>
   <div class='ocr_carea' id='block_1_90' title="bbox 2067 4309 3652 4390">
    <p class='ocr_par' dir='ltr' id='par_1_90' title="bbox 2067 4309 3652 4390">
     <span class='ocr_line' id='line_1_90' title="bbox 2067 4309 3652 4390; baseline -0.004 -14"><span class='ocrx_word' id='word_1_696' title='bbox 2067 4321 2351 4376; x_wconf 90' lang='lat' dir='ltr'><strong>dominatu</strong></span> <span class='ocrx_word' id='word_1_697' title='bbox 2388 4339 2400 4372; x_wconf 90' lang='lat'><strong>:</strong></span> <span class='ocrx_word' id='word_1_698' title='bbox 2435 4328 2494 4374; x_wconf 93' lang='lat' dir='ltr'><strong>tu</strong></span> <span class='ocrx_word' id='word_1_699' title='bbox 2521 4319 2665 4374; x_wconf 82' lang='lat' dir='ltr'><strong>enim</strong></span> <span class='ocrx_word' id='word_1_700' title='bbox 2704 4319 2821 4390; x_wconf 87' lang='lat' dir='ltr'><strong>ipse</strong></span> <span class='ocrx_word' id='word_1_701' title='bbox 2854 4318 3236 4376; x_wconf 85' lang='lat' dir='ltr'><strong>misericordia</strong></span> <span class='ocrx_word' id='word_1_702' title='bbox 3265 4326 3361 4372; x_wconf 90' lang='lat' dir='ltr'><strong>tua</strong></span> <span class='ocrx_word' id='word_1_703' title='bbox 3412 4309 3464 4371; x_wconf 75' lang='lat' dir='ltr'><strong>id</strong></span> <span class='ocrx_word' id='word_1_704' title='bbox 3519 4316 3652 4370; x_wconf 78' lang='lat' dir='ltr'><strong>mihi</strong></span> 
     </span>
    </p>
   </div>
   <div class='ocr_carea' id='block_1_91' title="bbox 2067 4409 3653 4483">
    <p class='ocr_par' dir='ltr' id='par_1_91' title="bbox 2067 4409 3653 4483">
     <span class='ocr_line' id='line_1_91' title="bbox 2067 4409 3653 4483; baseline -0.005 -16"><span class='ocrx_word' id='word_1_705' title='bbox 2067 4413 2334 4483; x_wconf 79' lang='lat' dir='ltr'><strong>elargitus</strong></span> <span class='ocrx_word' id='word_1_706' title='bbox 2392 4426 2474 4466; x_wconf 89' lang='lat' dir='ltr'><strong>es.</strong></span> <span class='ocrx_word' id='word_1_707' title='bbox 2529 4409 2707 4466; x_wconf 81' lang='lat' dir='ltr'><strong>Meum</strong></span> <span class='ocrx_word' id='word_1_708' title='bbox 2747 4411 2951 4482; x_wconf 79' lang='lat' dir='ltr'><strong>quippe</strong></span> <span class='ocrx_word' id='word_1_709' title='bbox 2997 4426 3127 4481; x_wconf 81' lang='lat' dir='ltr'><strong>erga</strong></span> <span class='ocrx_word' id='word_1_710' title='bbox 3157 4417 3211 4465; x_wconf 85' lang='lat' dir='ltr'><strong>te</strong></span> <span class='ocrx_word' id='word_1_711' title='bbox 3244 4422 3488 4464; x_wconf 88' lang='lat' dir='ltr'><strong>amorem</strong></span> <span class='ocrx_word' id='word_1_712' title='bbox 3530 4421 3653 4462; x_wconf 84' lang='lat' dir='ltr'><strong>cer-</strong></span> 
     </span>
    </p>
   </div>
   <div class='ocr_carea' id='block_1_92' title="bbox 372 4498 1961 4590">
    <p class='ocr_par' dir='ltr' id='par_1_92' title="bbox 372 4504 1961 4586">
     <span class='ocr_line' id='line_1_92' title="bbox 372 4504 1961 4586; baseline -0.008 -17"><span class='ocrx_word' id='word_1_713' title='bbox 372 4516 439 4569; x_wconf 80' lang='grc' dir='ltr'><strong>σύ</strong></span> <span class='ocrx_word' id='word_1_714' title='bbox 463 4513 573 4586; x_wconf 78' lang='grc' dir='ltr'>γὰρ</span> <span class='ocrx_word' id='word_1_715' title='bbox 597 4513 759 4577; x_wconf 77' lang='grc' dir='ltr'>αὐτὸς</span> <span class='ocrx_word' id='word_1_716' title='bbox 780 4511 859 4583; x_wconf 81' lang='grc' dir='ltr'><strong>τῷ</strong></span> <span class='ocrx_word' id='word_1_717' title='bbox 888 4511 966 4582; x_wconf 82' lang='grc' dir='ltr'>σῷ</span> <span class='ocrx_word' id='word_1_718' title='bbox 999 4511 1134 4580; x_wconf 82' lang='grc' dir='ltr'>ἐλέῳ</span> <span class='ocrx_word' id='word_1_719' title='bbox 1163 4507 1322 4563; x_wconf 87' lang='grc' dir='ltr'>τοῦτό</span> <span class='ocrx_word' id='word_1_720' title='bbox 1359 4525 1450 4579; x_wconf 87' lang='grc' dir='ltr'><strong>μοι</strong></span> <span class='ocrx_word' id='word_1_721' title='bbox 1476 4508 1754 4580; x_wconf 83' lang='grc' dir='ltr'>ἐδωρήσω.</span> <span class='ocrx_word' id='word_1_722' title='bbox 1789 4504 1961 4576; x_wconf 80' lang='grc' dir='ltr'>Ὁρῶν</span> 
     </span>
    </p>
   </div>
   <div class='ocr_carea' id='block_1_93' title="bbox 2063 4498 3654 4590">
    <p class='ocr_par' dir='ltr' id='par_1_93' title="bbox 2070 4498 3654 4576">
     <span class='ocr_line' id='line_1_93' title="bbox 2070 4498 3654 4576; baseline -0.004 -18"><span class='ocrx_word' id='word_1_723' title='bbox 2070 4519 2207 4561; x_wconf 89' lang='lat' dir='ltr'><strong>nens</strong></span> <span class='ocrx_word' id='word_1_724' title='bbox 2238 4513 2663 4576; x_wconf 88' lang='lat' dir='ltr'><strong>acceptansque,</strong></span> <span class='ocrx_word' id='word_1_725' title='bbox 2697 4515 2922 4560; x_wconf 81' lang='lat' dir='ltr'><strong>extensa</strong></span> <span class='ocrx_word' id='word_1_726' title='bbox 2953 4500 3177 4558; x_wconf 80' lang='lat' dir='ltr'><strong>dextera</strong></span> <span class='ocrx_word' id='word_1_727' title='bbox 3213 4510 3308 4556; x_wconf 92' lang='lat' dir='ltr'><strong>tua</strong></span> <span class='ocrx_word' id='word_1_728' title='bbox 3348 4515 3436 4556; x_wconf 90' lang='lat' dir='ltr'><strong>me</strong></span> <span class='ocrx_word' id='word_1_729' title='bbox 3473 4498 3654 4556; x_wconf 85' lang='lat' dir='ltr'><strong>susci-</strong></span> 
     </span>
    </p>
   </div>
   <div class='ocr_carea' id='block_1_94' title="bbox 372 4596 1960 4678">
    <p class='ocr_par' dir='ltr' id='par_1_94' title="bbox 372 4596 1960 4678">
     <span class='ocr_line' id='line_1_94' title="bbox 372 4596 1960 4678; baseline -0.009 -15"><span class='ocrx_word' id='word_1_730' title='bbox 372 4607 482 4678; x_wconf 88' lang='grc' dir='ltr'><strong>γάρ</strong></span> <span class='ocrx_word' id='word_1_731' title='bbox 527 4625 626 4678; x_wconf 85' lang='grc' dir='ltr'><strong>μου</strong></span> <span class='ocrx_word' id='word_1_732' title='bbox 659 4605 750 4659; x_wconf 89' lang='grc' dir='ltr'><strong>τὸν</strong></span> <span class='ocrx_word' id='word_1_733' title='bbox 782 4605 910 4676; x_wconf 86' lang='grc' dir='ltr'><strong>περί</strong></span> <span class='ocrx_word' id='word_1_734' title='bbox 939 4605 998 4656; x_wconf 75' lang='grc' dir='ltr'>σὲ</span> <span class='ocrx_word' id='word_1_735' title='bbox 1033 4602 1197 4657; x_wconf 86' lang='grc' dir='ltr'>πόθον</span> <span class='ocrx_word' id='word_1_736' title='bbox 1225 4601 1321 4655; x_wconf 74' lang='grc' dir='ltr'><strong>καὶ</strong></span> <span class='ocrx_word' id='word_1_737' title='bbox 1353 4599 1755 4671; x_wconf 75' lang='grc' dir='ltr'>ἀποδεξάμενος</span> <span class='ocrx_word' id='word_1_738' title='bbox 1777 4596 1960 4659; x_wconf 74' lang='grc' dir='ltr'>αὐτὸν,</span> 
     </span>
    </p>
   </div>
   <div class='ocr_carea' id='block_1_95' title="bbox 371 4691 1962 4770">
    <p class='ocr_par' dir='ltr' id='par_1_95' title="bbox 371 4691 1962 4770">
     <span class='ocr_line' id='line_1_95' title="bbox 371 4691 1962 4770; baseline -0.005 -17"><span class='ocrx_word' id='word_1_739' title='bbox 371 4697 716 4770; x_wconf 79' lang='grc' dir='ltr'>κατηξίωσας</span> <span class='ocrx_word' id='word_1_740' title='bbox 759 4697 859 4768; x_wconf 81' lang='grc' dir='ltr'><strong>τὴν</strong></span> <span class='ocrx_word' id='word_1_741' title='bbox 904 4695 1098 4748; x_wconf 89' lang='grc' dir='ltr'>σαυτοῦ</span> <span class='ocrx_word' id='word_1_742' title='bbox 1129 4694 1310 4761; x_wconf 81' lang='grc' dir='ltr'>δεξιὰν</span> <span class='ocrx_word' id='word_1_743' title='bbox 1333 4694 1583 4757; x_wconf 78' lang='grc' dir='ltr'>ἐκτείνας</span> <span class='ocrx_word' id='word_1_744' title='bbox 1611 4691 1962 4746; x_wconf 81' lang='grc' dir='ltr'>ἐπιλαϐέσθαι</span> 
     </span>
    </p>
   </div>
   <div class='ocr_carea' id='block_1_96' title="bbox 376 4784 1964 4862">
    <p class='ocr_par' dir='ltr' id='par_1_96' title="bbox 376 4784 1964 4862">
     <span class='ocr_line' id='line_1_96' title="bbox 376 4784 1964 4862; baseline -0.004 -18"><span class='ocrx_word' id='word_1_745' title='bbox 376 4808 480 4862; x_wconf 82' lang='grc' dir='ltr'><strong>μου</strong></span> <span class='ocrx_word' id='word_1_746' title='bbox 532 4791 624 4844; x_wconf 76' lang='grc' dir='ltr'>καὶ</span> <span class='ocrx_word' id='word_1_747' title='bbox 670 4788 962 4844; x_wconf 79' lang='grc' dir='ltr'>ἁνελκῦσαι</span> <span class='ocrx_word' id='word_1_748' title='bbox 996 4787 1109 4842; x_wconf 79' lang='grc' dir='ltr'>ἄνω</span> <span class='ocrx_word' id='word_1_749' title='bbox 1140 4787 1279 4858; x_wconf 85' lang='grc' dir='ltr'>πρὸς</span> <span class='ocrx_word' id='word_1_750' title='bbox 1301 4786 1492 4839; x_wconf 85' lang='grc' dir='ltr'>ἑαυτόν</span> <span class='ocrx_word' id='word_1_751' title='bbox 1514 4801 1528 4817; x_wconf 77' lang='grc'><strong>⁸</strong></span> <span class='ocrx_word' id='word_1_752' title='bbox 1555 4784 1644 4838; x_wconf 81' lang='grc' dir='ltr'>διὰ</span> <span class='ocrx_word' id='word_1_753' title='bbox 1664 4785 1824 4838; x_wconf 90' lang='grc' dir='ltr'>τοῦτο</span> <span class='ocrx_word' id='word_1_754' title='bbox 1857 4784 1964 4855; x_wconf 87' lang='grc' dir='ltr'><strong>γὰρ</strong></span> 
     </span>
    </p>
   </div>
   <div class='ocr_carea' id='block_1_97' title="bbox 371 4875 1962 4954">
    <p class='ocr_par' dir='ltr' id='par_1_97' title="bbox 371 4875 1962 4954">
     <span class='ocr_line' id='line_1_97' title="bbox 371 4875 1962 4954; baseline -0.005 -17"><span class='ocrx_word' id='word_1_755' title='bbox 371 4881 655 4954; x_wconf 79' lang='grc' dir='ltr'>δεδύνηται</span> <span class='ocrx_word' id='word_1_756' title='bbox 687 4884 722 4954; x_wconf 84' lang='grc' dir='ltr'><strong>ἡ</strong></span> <span class='ocrx_word' id='word_1_757' title='bbox 744 4881 890 4954; x_wconf 81' lang='grc' dir='ltr'>ψυχή</span> <span class='ocrx_word' id='word_1_758' title='bbox 925 4898 1027 4952; x_wconf 90' lang='grc' dir='ltr'><strong>μου</strong></span> <span class='ocrx_word' id='word_1_759' title='bbox 1072 4878 1176 4933; x_wconf 85' lang='grc' dir='ltr'><strong>ὑπὸ</strong></span> <span class='ocrx_word' id='word_1_760' title='bbox 1204 4876 1296 4932; x_wconf 86' lang='grc' dir='ltr'><strong>σοῦ</strong></span> <span class='ocrx_word' id='word_1_761' title='bbox 1335 4877 1661 4949; x_wconf 84' lang='grc' dir='ltr'>βοηθηθεῖσα</span> <span class='ocrx_word' id='word_1_762' title='bbox 1695 4875 1962 4948; x_wconf 86' lang='grc' dir='ltr'>κολληθῆ-</span> 
     </span>
    </p>
   </div>
   <div class='ocr_carea' id='block_1_98' title="bbox 371 4967 1964 5044">
    <p class='ocr_par' dir='ltr' id='par_1_98' title="bbox 371 4967 1964 5044">
     <span class='ocr_line' id='line_1_98' title="bbox 371 4967 1964 5044; baseline -0.006 -14"><span class='ocrx_word' id='word_1_763' title='bbox 371 4992 462 5030; x_wconf 87' lang='grc' dir='ltr'><strong>ναι</strong></span> <span class='ocrx_word' id='word_1_764' title='bbox 502 4975 677 5030; x_wconf 84' lang='grc' dir='ltr'>ὀπίσω</span> <span class='ocrx_word' id='word_1_765' title='bbox 703 4991 797 5028; x_wconf 88' lang='grc' dir='ltr'><strong>σου</strong></span> <span class='ocrx_word' id='word_1_766' title='bbox 816 4991 829 5004; x_wconf 74' lang='grc' dir='ltr'><strong>ο</strong></span> <span class='ocrx_word' id='word_1_767' title='bbox 865 4973 1162 5044; x_wconf 81' lang='grc' dir='ltr'>ἐπειδήπερ</span> <span class='ocrx_word' id='word_1_768' title='bbox 1196 4990 1215 5022; x_wconf 85' lang='grc'><em>‹</em></span> <span class='ocrx_word' id='word_1_769' title='bbox 1253 4969 1388 5040; x_wconf 80' lang='grc' dir='ltr'>ἐμοῦ</span> <span class='ocrx_word' id='word_1_770' title='bbox 1416 4968 1740 5022; x_wconf 87' lang='grc' dir='ltr'>ἀντελάϐετο</span> <span class='ocrx_word' id='word_1_771' title='bbox 1761 4970 1794 5040; x_wconf 78' lang='grc' dir='ltr'>ἡ</span> <span class='ocrx_word' id='word_1_772' title='bbox 1813 4967 1964 5034; x_wconf 79' lang='grc' dir='ltr'>δεξιά</span> 
     </span>
    </p>
   </div>
   <div class='ocr_carea' id='block_1_99' title="bbox 375 5059 1960 5138">
    <p class='ocr_par' dir='ltr' id='par_1_99' title="bbox 375 5059 1960 5138">
     <span class='ocr_line' id='line_1_99' title="bbox 375 5059 1960 5138; baseline -0.005 -18"><span class='ocrx_word' id='word_1_773' title='bbox 375 5084 491 5121; x_wconf 81' lang='grc' dir='ltr'>σου.</span> <span class='ocrx_word' id='word_1_774' title='bbox 537 5085 556 5119; x_wconf 72' lang='grc' dir='ltr'>δ</span> <span class='ocrx_word' id='word_1_775' title='bbox 587 5066 661 5120; x_wconf 87' lang='grc' dir='ltr'>Οὐ</span> <span class='ocrx_word' id='word_1_776' title='bbox 693 5065 802 5138; x_wconf 84' lang='grc' dir='ltr'>γὰρ</span> <span class='ocrx_word' id='word_1_777' title='bbox 846 5064 912 5117; x_wconf 87' lang='grc' dir='ltr'><strong>ἂν</strong></span> <span class='ocrx_word' id='word_1_778' title='bbox 967 5063 1144 5126; x_wconf 80' lang='grc' dir='ltr'>ἄλλως</span> <span class='ocrx_word' id='word_1_779' title='bbox 1191 5061 1528 5132; x_wconf 80' lang='grc' dir='ltr'>ὲφικνούμην</span> <span class='ocrx_word' id='word_1_780' title='bbox 1567 5060 1662 5113; x_wconf 89' lang='grc' dir='ltr'><strong>τοῦ</strong></span> <span class='ocrx_word' id='word_1_781' title='bbox 1704 5059 1960 5112; x_wconf 81' lang='grc' dir='ltr'>τοσούτου</span> 
     </span>
    </p>
   </div>
   <div class='ocr_carea' id='block_1_100' title="bbox 373 5153 1960 5230">
    <p class='ocr_par' dir='ltr' id='par_1_100' title="bbox 373 5153 1960 5230">
     <span class='ocr_line' id='line_1_100' title="bbox 373 5153 1960 5230; baseline -0.001 -24"><span class='ocrx_word' id='word_1_782' title='bbox 373 5159 560 5229; x_wconf 55' lang='grc' dir='ltr'>ὕψους,</span> <span class='ocrx_word' id='word_1_783' title='bbox 610 5159 658 5211; x_wconf 85' lang='grc' dir='ltr'>εἰ</span> <span class='ocrx_word' id='word_1_784' title='bbox 693 5159 767 5230; x_wconf 85' lang='grc' dir='ltr'><strong>μὴ</strong></span> <span class='ocrx_word' id='word_1_785' title='bbox 809 5156 1130 5211; x_wconf 82' lang='grc' dir='ltr'>ἀντελάϐετό</span> <span class='ocrx_word' id='word_1_786' title='bbox 1168 5172 1270 5226; x_wconf 86' lang='grc' dir='ltr'><strong>μου</strong></span> <span class='ocrx_word' id='word_1_787' title='bbox 1301 5156 1335 5226; x_wconf 82' lang='grc' dir='ltr'>ἡ</span> <span class='ocrx_word' id='word_1_788' title='bbox 1365 5153 1517 5218; x_wconf 80' lang='grc' dir='ltr'>δεξιά</span> <span class='ocrx_word' id='word_1_789' title='bbox 1561 5171 1677 5206; x_wconf 82' lang='grc' dir='ltr'>σου.</span> <span class='ocrx_word' id='word_1_790' title='bbox 1708 5153 1960 5206; x_wconf 85' lang='grc' dir='ltr'>Διδάσκει</span> 
     </span>
    </p>
   </div>
   <div class='ocr_carea' id='block_1_101' title="bbox 371 5244 1958 5318">
    <p class='ocr_par' dir='ltr' id='par_1_101' title="bbox 371 5244 1958 5318">
     <span class='ocr_line' id='line_1_101' title="bbox 371 5244 1958 5318; baseline -0.004 -16"><span class='ocrx_word' id='word_1_791' title='bbox 371 5251 426 5303; x_wconf 80' lang='grc' dir='ltr'>δὲ</span> <span class='ocrx_word' id='word_1_792' title='bbox 469 5253 499 5305; x_wconf 90' lang='grc' dir='ltr'><strong>ὀ</strong></span> <span class='ocrx_word' id='word_1_793' title='bbox 526 5251 847 5313; x_wconf 83' lang='grc' dir='ltr'>Ἀπόστολος</span> <span class='ocrx_word' id='word_1_794' title='bbox 868 5248 985 5312; x_wconf 88' lang='grc' dir='ltr'><strong>πῶς</strong></span> <span class='ocrx_word' id='word_1_795' title='bbox 1022 5266 1106 5312; x_wconf 90' lang='grc' dir='ltr'><strong>τις</strong></span> <span class='ocrx_word' id='word_1_796' title='bbox 1139 5247 1395 5300; x_wconf 79' lang='grc' dir='ltr'>κολλᾶται</span> <span class='ocrx_word' id='word_1_797' title='bbox 1419 5245 1495 5317; x_wconf 80' lang='grc' dir='ltr'>τῷ</span> <span class='ocrx_word' id='word_1_798' title='bbox 1522 5245 1734 5318; x_wconf 81' lang='grc' dir='ltr'>Κυρίῳ,</span> <span class='ocrx_word' id='word_1_799' title='bbox 1762 5244 1958 5313; x_wconf 83' lang='grc' dir='ltr'>λέγων·</span> 
     </span>
    </p>
   </div>
   <div class='ocr_carea' id='block_1_102' title="bbox 379 5336 1962 5414">
    <p class='ocr_par' dir='ltr' id='par_1_102' title="bbox 379 5336 1962 5414">
     <span class='ocr_line' id='line_1_102' title="bbox 379 5336 1962 5414; baseline -0.006 -17"><span class='ocrx_word' id='word_1_800' title='bbox 379 5361 396 5392; x_wconf 70' lang='grc' dir='ltr'><em>α</em></span> <span class='ocrx_word' id='word_1_801' title='bbox 446 5343 504 5397; x_wconf 87' lang='lat'><strong>&#39;0</strong></span> <span class='ocrx_word' id='word_1_802' title='bbox 539 5342 874 5414; x_wconf 80' lang='grc' dir='ltr'>κολλώμενος</span> <span class='ocrx_word' id='word_1_803' title='bbox 897 5341 976 5412; x_wconf 78' lang='grc' dir='ltr'><strong>τῷ</strong></span> <span class='ocrx_word' id='word_1_804' title='bbox 1005 5341 1196 5410; x_wconf 83' lang='grc' dir='ltr'>Κυρίῳ</span> <span class='ocrx_word' id='word_1_805' title='bbox 1225 5339 1282 5392; x_wconf 82' lang='grc' dir='ltr'>ἒν</span> <span class='ocrx_word' id='word_1_806' title='bbox 1309 5338 1527 5410; x_wconf 87' lang='grc' dir='ltr'>πνεῦμά</span> <span class='ocrx_word' id='word_1_807' title='bbox 1556 5339 1731 5392; x_wconf 81' lang='grc' dir='ltr'>ἐστιν·</span> <span class='ocrx_word' id='word_1_808' title='bbox 1769 5337 1845 5400; x_wconf 83' lang='grc' dir='ltr'>ὡς</span> <span class='ocrx_word' id='word_1_809' title='bbox 1868 5336 1962 5389; x_wconf 59' lang='grc' dir='ltr'><strong>καί¹</strong></span> 
     </span>
    </p>
   </div>
   <div class='ocr_carea' id='block_1_103' title="bbox 373 5428 1962 5507">
    <p class='ocr_par' dir='ltr' id='par_1_103' title="bbox 373 5428 1962 5507">
     <span class='ocr_line' id='line_1_103' title="bbox 373 5428 1962 5507; baseline -0.004 -21"><span class='ocrx_word' id='word_1_810' title='bbox 373 5435 402 5486; x_wconf 90' lang='lat'><strong>6</strong></span> <span class='ocrx_word' id='word_1_811' title='bbox 435 5434 773 5507; x_wconf 84' lang='grc' dir='ltr'>κολλώμενος</span> <span class='ocrx_word' id='word_1_812' title='bbox 814 5437 882 5506; x_wconf 81' lang='grc' dir='ltr'>τῇ</span> <span class='ocrx_word' id='word_1_813' title='bbox 923 5433 1098 5506; x_wconf 79' lang='grc' dir='ltr'>πόρνῃ</span> <span class='ocrx_word' id='word_1_814' title='bbox 1128 5431 1186 5484; x_wconf 88' lang='grc' dir='ltr'>ἓν</span> <span class='ocrx_word' id='word_1_815' title='bbox 1228 5431 1388 5502; x_wconf 82' lang='grc' dir='ltr'>σῶμά</span> <span class='ocrx_word' id='word_1_816' title='bbox 1412 5432 1550 5484; x_wconf 79' lang='grc' dir='ltr'>ἐστι.</span> <span class='ocrx_word' id='word_1_817' title='bbox 1605 5451 1621 5481; x_wconf 74' lang='grc' dir='ltr'><strong>ο</strong></span> <span class='ocrx_word' id='word_1_818' title='bbox 1668 5429 1859 5498; x_wconf 84' lang='grc' dir='ltr'>Λέγων</span> <span class='ocrx_word' id='word_1_819' title='bbox 1905 5428 1962 5480; x_wconf 80' lang='grc' dir='ltr'>δὲ</span> 
     </span>
    </p>
   </div>
   <div class='ocr_carea' id='block_1_104' title="bbox 2074 4590 3650 4667">
    <p class='ocr_par' dir='ltr' id='par_1_104' title="bbox 2074 4590 3650 4667">
     <span class='ocr_line' id='line_1_104' title="bbox 2074 4590 3650 4667; baseline -0.003 -17"><span class='ocrx_word' id='word_1_820' title='bbox 2074 4612 2223 4667; x_wconf 84' lang='lat' dir='ltr'><strong>pere,</strong></span> <span class='ocrx_word' id='word_1_821' title='bbox 2253 4611 2585 4667; x_wconf 87' lang='lat' dir='ltr'><strong>sursumque</strong></span> <span class='ocrx_word' id='word_1_822' title='bbox 2613 4597 2831 4651; x_wconf 75' lang='lat' dir='ltr'><strong>trahere</strong></span> <span class='ocrx_word' id='word_1_823' title='bbox 2860 4594 3118 4666; x_wconf 78' lang='lat' dir='ltr'><strong>dignatus</strong></span> <span class='ocrx_word' id='word_1_824' title='bbox 3148 4609 3210 4649; x_wconf 85' lang='lat' dir='ltr'><strong>es</strong></span> <span class='ocrx_word' id='word_1_825' title='bbox 3233 4611 3247 4659; x_wconf 90' lang='lat'>;</span> <span class='ocrx_word' id='word_1_826' title='bbox 3273 4591 3507 4662; x_wconf 90' lang='lat' dir='ltr'><strong>ideoque</strong></span> <span class='ocrx_word' id='word_1_827' title='bbox 3529 4590 3650 4645; x_wconf 90' lang='lat' dir='ltr'><strong>ani-</strong></span> 
     </span>
    </p>
   </div>
   <div class='ocr_carea' id='block_1_105' title="bbox 2071 4685 3654 4760">
    <p class='ocr_par' dir='ltr' id='par_1_105' title="bbox 2071 4685 3654 4760">
     <span class='ocr_line' id='line_1_105' title="bbox 2071 4685 3654 4760; baseline -0.004 -17"><span class='ocrx_word' id='word_1_828' title='bbox 2071 4703 2160 4743; x_wconf 90' lang='lat' dir='ltr'><strong>ma</strong></span> <span class='ocrx_word' id='word_1_829' title='bbox 2195 4705 2336 4756; x_wconf 88' lang='lat' dir='ltr'><strong>mea,</strong></span> <span class='ocrx_word' id='word_1_830' title='bbox 2367 4699 2421 4745; x_wconf 91' lang='lat' dir='ltr'><strong>te</strong></span> <span class='ocrx_word' id='word_1_831' title='bbox 2454 4689 2782 4760; x_wconf 84' lang='lat' dir='ltr'><strong>opitulante,</strong></span> <span class='ocrx_word' id='word_1_832' title='bbox 2820 4687 3104 4743; x_wconf 61' lang='lat' dir='ltr'><strong>adhaerere</strong></span> <span class='ocrx_word' id='word_1_833' title='bbox 3131 4687 3229 4740; x_wconf 86' lang='lat' dir='ltr'><strong>tibi</strong></span> <span class='ocrx_word' id='word_1_834' title='bbox 3263 4685 3442 4756; x_wconf 84' lang='lat' dir='ltr'><strong>potuit</strong></span> <span class='ocrx_word' id='word_1_835' title='bbox 3469 4702 3482 4738; x_wconf 89' lang='lat'><strong>:</strong></span> <span class='ocrx_word' id='word_1_836' title='bbox 3511 4697 3654 4751; x_wconf 90' lang='lat' dir='ltr'><strong>quo-</strong></span> 
     </span>
    </p>
   </div>
   <div class='ocr_carea' id='block_1_106' title="bbox 2069 4775 3654 4853">
    <p class='ocr_par' dir='ltr' id='par_1_106' title="bbox 2069 4775 3654 4853">
     <span class='ocr_line' id='line_1_106' title="bbox 2069 4775 3654 4853; baseline -0.005 -17"><span class='ocrx_word' id='word_1_837' title='bbox 2069 4781 2217 4836; x_wconf 89' lang='lat' dir='ltr'><strong>niam</strong></span> <span class='ocrx_word' id='word_1_838' title='bbox 2258 4800 2278 4831; x_wconf 74' lang='grc' dir='ltr'><strong>ι</strong></span> <span class='ocrx_word' id='word_1_839' title='bbox 2318 4798 2406 4835; x_wconf 83' lang='lat' dir='ltr'><strong>me</strong></span> <span class='ocrx_word' id='word_1_840' title='bbox 2434 4783 2679 4853; x_wconf 89' lang='lat' dir='ltr'><strong>suscepit</strong></span> <span class='ocrx_word' id='word_1_841' title='bbox 2706 4781 2930 4837; x_wconf 81' lang='lat' dir='ltr'><strong>dextera</strong></span> <span class='ocrx_word' id='word_1_842' title='bbox 2965 4787 3080 4834; x_wconf 92' lang='lat' dir='ltr'><strong>tua.</strong></span> <span class='ocrx_word' id='word_1_843' title='bbox 3117 4795 3138 4831; x_wconf 74' lang='grc' dir='ltr'><strong>ι</strong></span> <span class='ocrx_word' id='word_1_844' title='bbox 3181 4775 3302 4832; x_wconf 77' lang='lat' dir='ltr'><strong>Non</strong></span> <span class='ocrx_word' id='word_1_845' title='bbox 3337 4775 3482 4832; x_wconf 89' lang='lat' dir='ltr'><strong>enim</strong></span> <span class='ocrx_word' id='word_1_846' title='bbox 3527 4781 3654 4828; x_wconf 82' lang='lat' dir='ltr'><strong>tan-</strong></span> 
     </span>
    </p>
   </div>
   <div class='ocr_carea' id='block_1_107' title="bbox 2068 4865 3652 4943">
    <p class='ocr_par' dir='ltr' id='par_1_107' title="bbox 2068 4865 3652 4943">
     <span class='ocr_line' id='line_1_107' title="bbox 2068 4865 3652 4943; baseline -0.006 -16"><span class='ocrx_word' id='word_1_847' title='bbox 2068 4879 2183 4930; x_wconf 89' lang='lat' dir='ltr'><strong>tam</strong></span> <span class='ocrx_word' id='word_1_848' title='bbox 2226 4873 2622 4930; x_wconf 87' lang='lat' dir='ltr'><strong>sublimitatem</strong></span> <span class='ocrx_word' id='word_1_849' title='bbox 2673 4871 3006 4943; x_wconf 80' lang='lat' dir='ltr'><strong>attigissem,</strong></span> <span class='ocrx_word' id='word_1_850' title='bbox 3051 4867 3160 4924; x_wconf 87' lang='lat' dir='ltr'><strong>nisi</strong></span> <span class='ocrx_word' id='word_1_851' title='bbox 3191 4881 3279 4922; x_wconf 90' lang='lat' dir='ltr'><strong>me</strong></span> <span class='ocrx_word' id='word_1_852' title='bbox 3310 4865 3652 4936; x_wconf 83' lang='lat' dir='ltr'><strong>suscepisset</strong></span> 
     </span>
    </p>
   </div>
   <div class='ocr_carea' id='block_1_108' title="bbox 2068 4956 3652 5035">
    <p class='ocr_par' dir='ltr' id='par_1_108' title="bbox 2068 4956 3652 5035">
     <span class='ocr_line' id='line_1_108' title="bbox 2068 4956 3652 5035; baseline -0.006 -13"><span class='ocrx_word' id='word_1_853' title='bbox 2068 4965 2294 5022; x_wconf 78' lang='lat' dir='ltr'><strong>dextera</strong></span> <span class='ocrx_word' id='word_1_854' title='bbox 2318 4974 2429 5021; x_wconf 90' lang='lat' dir='ltr'><strong>tua.</strong></span> <span class='ocrx_word' id='word_1_855' title='bbox 2460 4965 2630 5021; x_wconf 86' lang='lat' dir='ltr'><strong>Docet</strong></span> <span class='ocrx_word' id='word_1_856' title='bbox 2655 4980 2822 5035; x_wconf 77' lang='lat' dir='ltr'><strong>porro</strong></span> <span class='ocrx_word' id='word_1_857' title='bbox 2854 4962 3153 5033; x_wconf 81' lang='lat' dir='ltr'><strong>Apostolus</strong></span> <span class='ocrx_word' id='word_1_858' title='bbox 3179 4975 3288 5029; x_wconf 89' lang='lat' dir='ltr'><strong>quo</strong></span> <span class='ocrx_word' id='word_1_859' title='bbox 3315 4964 3480 5029; x_wconf 84' lang='lat' dir='ltr'><strong>pacto</strong></span> <span class='ocrx_word' id='word_1_860' title='bbox 3528 4956 3652 5026; x_wconf 85' lang='lat' dir='ltr'><strong>quis</strong></span> 
     </span>
    </p>
   </div>
   <div class='ocr_carea' id='block_1_109' title="bbox 2068 5047 3651 5120">
    <p class='ocr_par' dir='ltr' id='par_1_109' title="bbox 2068 5047 3651 5120">
     <span class='ocr_line' id='line_1_109' title="bbox 2068 5047 3651 5120; baseline -0.008 -7"><span class='ocrx_word' id='word_1_861' title='bbox 2068 5059 2302 5116; x_wconf 89' lang='lat' dir='ltr'><strong>Domino</strong></span> <span class='ocrx_word' id='word_1_862' title='bbox 2349 5061 2573 5120; x_wconf 61' lang='lat' dir='ltr'><strong>haereat,</strong></span> <span class='ocrx_word' id='word_1_863' title='bbox 2634 5060 2720 5113; x_wconf 86' lang='lat' dir='ltr'><strong>his</strong></span> <span class='ocrx_word' id='word_1_864' title='bbox 2769 5057 2994 5114; x_wconf 88' lang='lat' dir='ltr'><strong>verbis:</strong></span> <span class='ocrx_word' id='word_1_865' title='bbox 3036 5074 3054 5106; x_wconf 76' lang='grc' dir='ltr'><strong>ι</strong></span> <span class='ocrx_word' id='word_1_866' title='bbox 3096 5051 3199 5119; x_wconf 86' lang='lat' dir='ltr'><strong>Qui</strong></span> <span class='ocrx_word' id='word_1_867' title='bbox 3254 5050 3497 5106; x_wconf 79' lang='lat' dir='ltr'><strong>adhaeret</strong></span> <span class='ocrx_word' id='word_1_868' title='bbox 3548 5047 3651 5100; x_wconf 66' lang='grc' dir='ltr'><strong>[ιο-</strong></span> 
     </span>
    </p>
   </div>
   <div class='ocr_carea' id='block_1_110' title="bbox 2067 5140 3649 5223">
    <p class='ocr_par' dir='ltr' id='par_1_110' title="bbox 2067 5140 3649 5223">
     <span class='ocr_line' id='line_1_110' title="bbox 2067 5140 3649 5223; baseline -0.011 -14"><span class='ocrx_word' id='word_1_869' title='bbox 2067 5153 2241 5217; x_wconf 90' lang='lat' dir='ltr'><strong>mino,</strong></span> <span class='ocrx_word' id='word_1_870' title='bbox 2277 5168 2421 5207; x_wconf 90' lang='lat' dir='ltr'><strong>unus</strong></span> <span class='ocrx_word' id='word_1_871' title='bbox 2453 5153 2684 5223; x_wconf 86' lang='lat' dir='ltr'><strong>spiritus</strong></span> <span class='ocrx_word' id='word_1_872' title='bbox 2713 5159 2820 5217; x_wconf 89' lang='lat' dir='ltr'><strong>est,</strong></span> <span class='ocrx_word' id='word_1_873' title='bbox 2855 5143 3316 5219; x_wconf 85' lang='lat' dir='ltr'><strong>quemadmodum</strong></span> <span class='ocrx_word' id='word_1_874' title='bbox 3345 5142 3436 5211; x_wconf 80' lang='lat' dir='ltr'><strong>qui</strong></span> <span class='ocrx_word' id='word_1_875' title='bbox 3467 5140 3649 5193; x_wconf 63' lang='lat' dir='ltr'><strong>adher-</strong></span> 
     </span>
    </p>
   </div>
   <div class='ocr_carea' id='block_1_111' title="bbox 2068 5229 3648 5312">
    <p class='ocr_par' dir='ltr' id='par_1_111' title="bbox 2068 5229 3648 5312">
     <span class='ocr_line' id='line_1_111' title="bbox 2068 5229 3648 5312; baseline -0.01 -11"><span class='ocrx_word' id='word_1_876' title='bbox 2068 5253 2152 5301; x_wconf 88' lang='lat' dir='ltr'><strong>ret</strong></span> <span class='ocrx_word' id='word_1_877' title='bbox 2185 5246 2484 5310; x_wconf 90' lang='lat' dir='ltr'><strong>meretrici,</strong></span> <span class='ocrx_word' id='word_1_878' title='bbox 2513 5259 2681 5298; x_wconf 90' lang='lat' dir='ltr'><strong>unum</strong></span> <span class='ocrx_word' id='word_1_879' title='bbox 2715 5256 2920 5312; x_wconf 91' lang='lat' dir='ltr'><strong>corpus</strong></span> <span class='ocrx_word' id='word_1_880' title='bbox 2953 5247 3040 5295; x_wconf 90' lang='lat' dir='ltr'><strong>est</strong></span> <span class='ocrx_word' id='word_1_881' title='bbox 3057 5237 3125 5294; x_wconf 79' lang='lat'><strong>&quot;.</strong></span> <span class='ocrx_word' id='word_1_882' title='bbox 3164 5255 3184 5289; x_wconf 83' lang='grc'><strong>›</strong></span> <span class='ocrx_word' id='word_1_883' title='bbox 3223 5236 3358 5291; x_wconf 88' lang='lat' dir='ltr'><strong>Cum</strong></span> <span class='ocrx_word' id='word_1_884' title='bbox 3385 5247 3517 5303; x_wconf 82' lang='lat' dir='ltr'><strong>ergo</strong></span> <span class='ocrx_word' id='word_1_885' title='bbox 3545 5229 3648 5285; x_wconf 85' lang='lat' dir='ltr'><strong>Da-</strong></span> 
     </span>
    </p>
   </div>
   <div class='ocr_carea' id='block_1_112' title="bbox 2069 5331 3641 5400">
    <p class='ocr_par' dir='ltr' id='par_1_112' title="bbox 2069 5331 3641 5400">
     <span class='ocr_line' id='line_1_112' title="bbox 2069 5331 3641 5400; baseline -0.012 -7"><span class='ocrx_word' id='word_1_886' title='bbox 2069 5338 2159 5393; x_wconf 89' lang='lat' dir='ltr'><strong>vid</strong></span> <span class='ocrx_word' id='word_1_887' title='bbox 2189 5338 2422 5393; x_wconf 91' lang='lat' dir='ltr'><strong>Domino</strong></span> <span class='ocrx_word' id='word_1_888' title='bbox 2448 5338 2676 5400; x_wconf 87' lang='lat' dir='ltr'><strong>diceret,</strong></span> <span class='ocrx_word' id='word_1_889' title='bbox 2709 5353 2726 5385; x_wconf 74' lang='grc' dir='ltr'><strong>ε</strong></span> <span class='ocrx_word' id='word_1_890' title='bbox 2757 5333 2999 5388; x_wconf 70' lang='lat' dir='ltr'><strong>Adhaesit</strong></span> <span class='ocrx_word' id='word_1_891' title='bbox 3022 5332 3203 5386; x_wconf 88' lang='lat' dir='ltr'><strong>anima</strong></span> <span class='ocrx_word' id='word_1_892' title='bbox 3227 5343 3345 5382; x_wconf 87' lang='lat' dir='ltr'><strong>mea</strong></span> <span class='ocrx_word' id='word_1_893' title='bbox 3380 5333 3502 5396; x_wconf 89' lang='lat' dir='ltr'><strong>post</strong></span> <span class='ocrx_word' id='word_1_894' title='bbox 3517 5331 3590 5388; x_wconf 89' lang='lat' dir='ltr'><strong>te,</strong></span> <span class='ocrx_word' id='word_1_895' title='bbox 3623 5342 3641 5374; x_wconf 67' lang='grc' dir='ltr'><strong>ι</strong></span> 
     </span>
    </p>
   </div>
   <div class='ocr_carea' id='block_1_113' title="bbox 2068 5415 3570 5498">
    <p class='ocr_par' dir='ltr' id='par_1_113' title="bbox 2068 5415 3570 5498">
     <span class='ocr_line' id='line_1_113' title="bbox 2068 5415 3570 5498; baseline -0.013 -14"><span class='ocrx_word' id='word_1_896' title='bbox 2068 5430 2199 5485; x_wconf 88' lang='lat' dir='ltr'><strong>hinc</strong></span> <span class='ocrx_word' id='word_1_897' title='bbox 2222 5444 2284 5484; x_wconf 90' lang='lat' dir='ltr'><strong>se</strong></span> <span class='ocrx_word' id='word_1_898' title='bbox 2317 5428 2558 5484; x_wconf 88' lang='lat' dir='ltr'><strong>castitati</strong></span> <span class='ocrx_word' id='word_1_899' title='bbox 2587 5425 2925 5498; x_wconf 86' lang='lat' dir='ltr'><strong>puritatique</strong></span> <span class='ocrx_word' id='word_1_900' title='bbox 2957 5423 3201 5476; x_wconf 90' lang='lat' dir='ltr'><strong>deditum</strong></span> <span class='ocrx_word' id='word_1_901' title='bbox 3231 5415 3570 5472; x_wconf 83' lang='lat' dir='ltr'><strong>declarabat.</strong></span> 
     </span>
    </p>
   </div>
   <div class='ocr_carea' id='block_1_114' title="bbox 375 5503 3642 5601">
    <p class='ocr_par' dir='ltr' id='par_1_114' title="bbox 375 5503 3642 5601">
     <span class='ocr_line' id='line_1_114' title="bbox 375 5503 3642 5601; baseline -0.007 -21"><span class='ocrx_word' id='word_1_902' title='bbox 375 5529 536 5582; x_wconf 72' lang='grc' dir='ltr'><strong>Δαυῖδ</strong></span> <span class='ocrx_word' id='word_1_903' title='bbox 581 5503 658 5600; x_wconf 72' lang='grc' dir='ltr'><strong>τῶ</strong></span> <span class='ocrx_word' id='word_1_904' title='bbox 706 5503 925 5601; x_wconf 55' lang='grc' dir='ltr'>Κυρίιξγ</span> <span class='ocrx_word' id='word_1_905' title='bbox 983 5503 1008 5579; x_wconf 12' lang='grc' dir='ltr'>(ί</span> <span class='ocrx_word' id='word_1_906' title='bbox 1043 5503 1338 5598; x_wconf 57' lang='grc' dir='ltr'>’ἐκολλήθη</span> <span class='ocrx_word' id='word_1_907' title='bbox 1370 5525 1404 5595; x_wconf 81' lang='grc' dir='ltr'><strong>ἡ</strong></span> <span class='ocrx_word' id='word_1_908' title='bbox 1431 5523 1578 5594; x_wconf 76' lang='grc' dir='ltr'>ψυχή</span> <span class='ocrx_word' id='word_1_909' title='bbox 1629 5539 1730 5595; x_wconf 84' lang='grc' dir='ltr'><strong>μου</strong></span> <span class='ocrx_word' id='word_1_910' title='bbox 1787 5520 1959 5574; x_wconf 86' lang='grc' dir='ltr'>ὀπίσω</span> <span class='ocrx_word' id='word_1_911' title='bbox 1997 5537 2116 5589; x_wconf 89' lang='grc' dir='ltr'>σου,</span> <span class='ocrx_word' id='word_1_912' title='bbox 2145 5519 2306 5592; x_wconf 88' lang='grc' dir='ltr'>δῆλος</span> <span class='ocrx_word' id='word_1_913' title='bbox 2354 5515 2422 5590; x_wconf 76' lang='grc' dir='ltr'>ἦν</span> <span class='ocrx_word' id='word_1_914' title='bbox 2457 5519 2551 5573; x_wconf 74' lang='grc' dir='ltr'>καὶ</span> <span class='ocrx_word' id='word_1_915' title='bbox 2581 5521 2644 5570; x_wconf 84' lang='grc' dir='ltr'><strong>ἐκ</strong></span> <span class='ocrx_word' id='word_1_916' title='bbox 2684 5515 2873 5569; x_wconf 83' lang='grc' dir='ltr'>τούτου</span> <span class='ocrx_word' id='word_1_917' title='bbox 2935 5511 3129 5582; x_wconf 80' lang='grc' dir='ltr'>ἁγνείᾳ</span> <span class='ocrx_word' id='word_1_918' title='bbox 3157 5512 3252 5564; x_wconf 75' lang='grc' dir='ltr'>καὶ</span> <span class='ocrx_word' id='word_1_919' title='bbox 3315 5503 3642 5579; x_wconf 76' lang='grc' dir='ltr'>καθαρότητι</span> 
     </span>
    </p>
   </div>
   <div class='ocr_carea' id='block_1_115' title="bbox 377 5622 669 5694">
    <p class='ocr_par' dir='ltr' id='par_1_115' title="bbox 377 5622 669 5694">
     <span class='ocr_line' id='line_1_115' title="bbox 377 5622 669 5694; baseline 0 -18"><span class='ocrx_word' id='word_1_920' title='bbox 377 5622 669 5694; x_wconf 79' lang='grc' dir='ltr'>σχολάζων.</span> 
     </span>
    </p>
   </div>
   <div class='ocr_carea' id='block_1_116' title="bbox 455 5706 1943 5783">
    <p class='ocr_par' dir='ltr' id='par_1_116' title="bbox 455 5706 1943 5783">
     <span class='ocr_line' id='line_1_116' title="bbox 455 5706 1943 5783; baseline -0.005 -19"><span class='ocrx_word' id='word_1_921' title='bbox 455 5731 474 5764; x_wconf 72' lang='grc' dir='ltr'><strong>ε</strong></span> <span class='ocrx_word' id='word_1_922' title='bbox 501 5715 662 5768; x_wconf 72' lang='grc' dir='ltr'>Αὐτοὶ</span> <span class='ocrx_word' id='word_1_923' title='bbox 693 5713 749 5767; x_wconf 80' lang='grc' dir='ltr'><strong>δὲ</strong></span> <span class='ocrx_word' id='word_1_924' title='bbox 783 5713 863 5776; x_wconf 87' lang='grc' dir='ltr'><strong>είς</strong></span> <span class='ocrx_word' id='word_1_925' title='bbox 894 5712 1070 5783; x_wconf 85' lang='grc' dir='ltr'>μάτην</span> <span class='ocrx_word' id='word_1_926' title='bbox 1115 5708 1388 5780; x_wconf 73' lang='grc' dir='ltr'>ἐζήτησαν</span> <span class='ocrx_word' id='word_1_927' title='bbox 1423 5707 1521 5776; x_wconf 78' lang='grc' dir='ltr'><strong>τήν</strong></span> <span class='ocrx_word' id='word_1_928' title='bbox 1547 5706 1727 5776; x_wconf 70' lang='grc' dir='ltr'>ψυχήν</span> <span class='ocrx_word' id='word_1_929' title='bbox 1766 5723 1862 5777; x_wconf 38' lang='grc' dir='ltr'>μο-</span> <span class='ocrx_word' id='word_1_930' title='bbox 1927 5723 1943 5756; x_wconf 74' lang='grc' dir='ltr'><strong>ι</strong></span> 
     </span>
    </p>
   </div>
   <div class='ocr_carea' id='block_1_117' title="bbox 482 5822 1516 5893">
    <p class='ocr_par' dir='ltr' id='par_1_117' title="bbox 482 5822 1516 5893">
     <span class='ocr_line' id='line_1_117' title="bbox 482 5822 1516 5893; baseline -0.009 -11"><span class='ocrx_word' id='word_1_931' title='bbox 482 5829 526 5861; x_wconf 81' lang='grc'><strong>⁸⁰</strong></span> <span class='ocrx_word' id='word_1_932' title='bbox 569 5828 758 5882; x_wconf 74' lang='lat' dir='ltr'><strong>Matth.</strong></span> <span class='ocrx_word' id='word_1_933' title='bbox 804 5844 974 5893; x_wconf 78' lang='lat' dir='ltr'><strong>.xxw,</strong></span> <span class='ocrx_word' id='word_1_934' title='bbox 1010 5826 1094 5880; x_wconf 66' lang='grc' dir='ltr'><strong>Η..</strong></span> <span class='ocrx_word' id='word_1_935' title='bbox 1174 5824 1219 5858; x_wconf 72' lang='grc' dir='ltr'>’θ</span> <span class='ocrx_word' id='word_1_936' title='bbox 1261 5823 1391 5878; x_wconf 89' lang='lat' dir='ltr'><strong>ibid.</strong></span> <span class='ocrx_word' id='word_1_937' title='bbox 1428 5822 1516 5874; x_wconf 74' lang='grc'><strong>43.</strong></span> 
     </span>
    </p>
   </div>
   <div class='ocr_carea' id='block_1_118' title="bbox 2132 5686 3648 5767">
    <p class='ocr_par' dir='ltr' id='par_1_118' title="bbox 2132 5686 3648 5767">
     <span class='ocr_line' id='line_1_118' title="bbox 2132 5686 3648 5767; baseline -0.007 -15"><span class='ocrx_word' id='word_1_938' title='bbox 2132 5698 2296 5755; x_wconf 80' lang='lat' dir='ltr'><strong>Vsus.</strong></span> <span class='ocrx_word' id='word_1_939' title='bbox 2333 5698 2503 5754; x_wconf 73' lang='lat' dir='ltr'><strong>l0-l‘2.</strong></span> <span class='ocrx_word' id='word_1_940' title='bbox 2537 5718 2553 5750; x_wconf 73' lang='grc' dir='ltr'><strong>ι</strong></span> <span class='ocrx_word' id='word_1_941' title='bbox 2591 5695 2695 5767; x_wconf 92' lang='lat' dir='ltr'><strong>Ipsi</strong></span> <span class='ocrx_word' id='word_1_942' title='bbox 2729 5710 2855 5751; x_wconf 88' lang='lat' dir='ltr'><strong>vero</strong></span> <span class='ocrx_word' id='word_1_943' title='bbox 2887 5695 2941 5748; x_wconf 90' lang='lat' dir='ltr'><strong>in</strong></span> <span class='ocrx_word' id='word_1_944' title='bbox 2960 5707 3158 5747; x_wconf 84' lang='lat' dir='ltr'><strong>vanum</strong></span> <span class='ocrx_word' id='word_1_945' title='bbox 3181 5689 3511 5763; x_wconf 73' lang='lat' dir='ltr'><strong>quaesierunt</strong></span> <span class='ocrx_word' id='word_1_946' title='bbox 3527 5686 3648 5744; x_wconf 75' lang='lat' dir='ltr'><strong>ani-</strong></span> 
     </span>
    </p>
   </div>
   <div class='ocr_carea' id='block_1_119' title="bbox 1596 5815 2216 5881">
    <p class='ocr_par' dir='ltr' id='par_1_119' title="bbox 1596 5815 2216 5881">
     <span class='ocr_line' id='line_1_119' title="bbox 1596 5815 2216 5881; baseline -0.011 -7"><span class='ocrx_word' id='word_1_947' title='bbox 1596 5821 1640 5852; x_wconf 88' lang='grc'><strong>⁹¹</strong></span> <span class='ocrx_word' id='word_1_948' title='bbox 1684 5819 1703 5872; x_wconf 91' lang='grc'><strong>1</strong></span> <span class='ocrx_word' id='word_1_949' title='bbox 1738 5820 1865 5874; x_wconf 88' lang='lat' dir='ltr'><strong>Cor.</strong></span> <span class='ocrx_word' id='word_1_950' title='bbox 1906 5832 1954 5869; x_wconf 85' lang='lat' dir='ltr'><strong>vt</strong></span> <span class='ocrx_word' id='word_1_951' title='bbox 1980 5856 1994 5879; x_wconf 95' lang='lat'><strong>,</strong></span> <span class='ocrx_word' id='word_1_952' title='bbox 2033 5815 2216 5881; x_wconf 59' lang='lat'><strong>16,17;</strong></span> 
     </span>
    </p>
   </div>
  </div>
