4090 6424
399 366 498 423 6H

1075 359 1345 417 EUSEBII
1377 357 1854 416 CASSARIENSIS
1878 357 2031 416 OPP.
2074 357 2262 415 PARS
2303 356 2395 415 Ill.
2431 385 2500 395 —
2537 352 2952 410 EXEGETICA.

3559 350 3666 408 6i?

401 495 547 537 mam
574 492 773 535 meam.
800 497 821 532 ι
860 476 975 549 Ego
1001 477 1245 548 quidem,
1282 476 1381 542 ait,
1406 474 1502 529 tibi
1541 471 1819 529 Servaturi
1862 486 1985 528 meo

2101 469 2244 540 Ἐγὼ
2279 471 2402 541 μὲν,
2430 468 2587 540 φησὶ,
2621 468 2705 520 σοὶ
2726 465 2804 537 τῷ
2833 463 3072 537 ἐμαυτοῦ
3114 462 3327 534 Σωτῆρι
3357 464 3667 534 προσεῖχον,

401 571 696 636 haerebam,
731 579 900 642 atque
943 568 1208 641 perfugus
1233 578 1288 623 et
1323 568 1380 622 in
1421 566 1724 622 solitudine
1749 564 1977 636 degens,

400 663 500 717 tibi
533 661 776 716 animam
823 659 1154 731 copulabam
1186 672 1386 722 meam,
1420 665 1475 712 et
1509 668 1798 711 sermones
1852 660 1981 708 tuos

401 754 744 809 meditabar:
803 766 983 823 neque
1038 751 1187 806 enim
1222 752 1578 820 insequentes
1612 762 1699 801 me
1752 744 1984 816 prapul-

404 848 618 911 sabam,
650 862 831 917 neque
862 846 1052 908 etiam,
1091 843 1222 898 dum
1257 833 1355 898 tibi
1404 841 1517 895 Deo
1546 854 1820 901 vacarem,
1859 852 1983 907 pre-

403 954 499 995 ces
532 938 828 995 fundebam
856 946 1051 993 contra
1083 936 1378 996 inimicos:
1411 932 1508 989 sed
1533 932 1631 987 tibi
1665 932 1783 999 uni,
1816 937 1876 985 ut
1898 930 1984 985 di-

406 1040 558 1085 ctum
597 1037 708 1093 est,
742 1028 1112 1084 adhatrebam.
1152 1025 1237 1080 llli
1286 1039 1417 1080 vero
1471 1024 1680 1079 futilem
1715 1023 1982 1078 adversus

406 1122 867 1193 animammeam
918 1118 1350 1175 sollicitudinem
1400 1115 1685 1187 suscipere
1720 1129 1833 1169 non
1888 1112 1985 1167 de-

406 1213 715 1270 sistebant:
750 1212 805 1266 in
842 1225 1043 1265 vanum
1074 1208 1277 1280 quippe
1306 1208 1626 1280 quaerebant
1654 1223 1797 1275 eam,
1840 1220 1982 1276 quas,

405 1308 669 1379 quoniam
731 1305 830 1359 tibi
869 1304 1136 1367 haerebat,
1171 1303 1240 1358 ab
1294 1301 1429 1373 ipsis
1479 1300 1707 1357 minime
1756 1297 1985 1370 reperiri

406 1406 658 1474 poterat:
695 1414 866 1469 quare
919 1412 1042 1468 qua:
1072 1412 1131 1452 se
1169 1404 1394 1450 manent
1426 1394 1532 1466 ipsi
1577 1394 1797 1465 quidem
1827 1393 1986 1463 igno-

406 1503 554 1557 rant,
585 1491 681 1545 sed
720 1488 960 1561 Spiritus
985 1495 1212 1545 sanctus
1243 1486 1594 1542 vaticinatur.
1630 1484 1836 1541 Deinde
1856 1497 1988 1539 vero

406 1583 525 1638 baac
554 1581 872 1653 prophetice
894 1579 1266 1635 vociferatur:
1304 1597 1324 1630 ι
1349 1576 1655 1632 lutroibunt
1674 1577 1740 1647 ,in
1764 1575 1990 1631 inferio-

407 1690 470 1730 ra
498 1685 710 1730 terrre.»
765 1672 1216 1743 Quandoquidem
1241 1671 1388 1726 enim
1421 1679 1641 1727 terrena
1672 1669 1986 1740 sapiebant,

408 1780 463 1823 et
488 1769 546 1823 in
588 1767 790 1823 inlimis
822 1766 1104 1822 constituti
1134 1772 1312 1831 erant,
1350 1764 1477 1836 jure
1507 1763 1816 1819 facinorum
1848 1778 1990 1833 pra:-

408 1861 522 1916 inia
562 1860 845 1931 recipient.
902 1857 1039 1914 Nam
1070 1861 1165 1929 qui
1204 1856 1317 1913 Deo
1358 1856 1691 1927 conjunctus
1719 1865 1773 1912 et
1801 1855 1987 1910 anima

410 1954 517 2026 ipsi
543 1953 953 2024 conglutinatus
974 1959 1081 2015 est,
1113 1950 1267 2021 regni
1290 1951 1559 2005 ctelorum
1586 1964 1738 2020 spem
1768 1949 1987 2004 obtine-

408 2045 522 2113 bit;
553 2045 650 2116 qui
701 2058 833 2099 vero
886 2042 1227 2098 contrariam
1274 2041 1578 2097 decurrunt
1609 2042 1773 2109 viam,
1804 2048 1859 2095 et
1901 2042 1987 2097 iu-

410 2138 537 2193 lima
587 2137 829 2208 sapiunt,
879 2139 935 2191 in
972 2136 1151 2190 lacum
1202 2135 1340 2189 alias
1373 2143 1732 2188 memoratum
1762 2133 1985 2204 deiecti,

410 2228 719 2284 iutroibunt
761 2227 817 2280 in
866 2224 1131 2281 inferiora
1165 2231 1348 2279 terrae.
1420 2221 1557 2277 Dum
1606 2222 1754 2278 enim
1807 2221 1987 2292 quivis

411 2320 579 2375 homo
639 2317 989 2389 superﬁciem
1041 2323 1201 2371 terra:
1248 2314 1463 2379 incolit,
1509 2314 1562 2369 in
1625 2313 1987 2370 inferioribus

411 2424 628 2470 tantum
677 2414 929 2469 habitare
956 2412 1179 2476 dicitur,
1228 2417 1292 2464 ut
1338 2409 1474 2464 dicit
1519 2408 1766 2480 quidam,
1805 2407 1989 2475 «Quia

413 2508 563 2563 Deus
592 2507 647 2562 in
678 2507 822 2561 caelo
852 2521 1097 2570 sursum,
1130 2512 1185 2561 et
1212 2511 1273 2559 tu
1320 2503 1376 2558 in
1408 2513 1554 2559 terra
1601 2500 1983 2558 deorsum'h

412 2602 549 2658 Post
582 2603 792 2656 exitum
836 2609 1018 2655 autem
1059 2614 1127 2653 ex
1168 2599 1272 2653 hac
1300 2599 1437 2661 vita,
1473 2596 1718 2667 religiosi
1766 2595 1990 2667 quidem

414 2693 667 2750 homines
704 2692 905 2747 cadum
945 2706 1044 2761 pro
1092 2690 1374 2746 domicilio
1418 2688 1721 2751 habebunt,
1769 2703 1991 2744 sursum

413 2788 566 2851 elati,
596 2802 661 2842 ac
712 2784 959 2857 rapiendi
1012 2784 1068 2839 in
1104 2784 1346 2839 nubibus
1375 2783 1593 2839 obviam
1626 2781 1880 2849 Domino,
1928 2797 1993 2837 ac

415 2880 496 2936 sic
520 2893 739 2949 semper
785 2893 912 2932 eum
944 2876 1176 2932 Domino
1200 2875 1401 2941 futuri;
1440 2876 1593 2946 impii
1624 2890 1756 2932 vero
1786 2885 1841 2932 et
1866 2891 1995 2947 pec—

414 2980 632 3028 calores
670 2973 726 3026 in
772 2970 1036 3026 inferiora
1085 2978 1243 3026 terra:
1277 2968 1647 3026 descendent:
1689 2985 1811 3041 qua:
1842 2984 1997 3025 com-

413 3080 731 3121 memorans
760 3064 1059 3135 Apostolus
1088 3064 1339 3119 dicebat:
1391 3082 1409 3115 ‹
1434 3063 1492 3118 In
1531 3062 1825 3118 inferiores
1866 3078 1993 3134 par-

2084 564 2179 617 καὶ
2206 563 2287 617 σοὶ
2316 561 2416 634 τὴν
2448 560 2586 633 ἐμὴν
2617 560 2795 631 ψυχὴν
2834 558 3135 630 συνῆπτον,
3173 558 3285 619 τοῖς
3314 572 3374 608 τε
3402 557 3514 619 σοῖς
3544 556 3658 626 ἐμε-

2082 655 2251 709 λέτων
2284 654 2466 725 λόγοις
2488 693 2504 718 ,
2551 654 2609 707 ἐν
2659 654 2805 723 φυγῇ
2856 652 3161 722 τυγχάνων,
3193 649 3288 703 καὶ
3321 649 3381 702 ἐν
3414 648 3671 720 ἐρημίαις

2083 748 2404 820 ποιούμενος
2443 747 2542 810 τὰς
2586 745 2895 818 διατριϐάς.
2947 745 3021 798 Οὐ
3070 744 3179 815 γάρ
3216 740 3510 813 ἠμυνόμην
3545 741 3671 806 τοὺς

2083 839 2405 903 ἐλαύνοντάς
2431 855 2518 910 με,
2542 837 2658 892 ἀλλ’
2690 837 2811 890 οὐδὲ
2843 835 2925 889 σοὶ
2951 834 3028 906 τῷ
3054 833 3172 906 Θεῷ
3203 832 3478 906 σχολάζων
3509 832 3673 904 εὐχάς

2084 939 2226 993 κατὰ
2244 939 2352 992 τῶν
2383 937 2593 1010 ἐχθρῶν
2615 937 2933 1008 ἀνέπεμπον
2953 953 2967 966 ·
2994 935 3078 989 σοὶ
3105 933 3162 987 δὲ
3194 932 3340 1005 μόνῳ
3362 933 3672 1005 προσεῖχον,

2083 1035 2159 1098 ὼς
2200 1032 2359 1104 ἔφην.
2402 1033 2466 1085 Οἱ
2496 1031 2553 1084 δέ
2590 1032 2652 1084 οὐ
2693 1029 2962 1083 διέλειπον
2992 1027 3226 1099 ματαίαν
3260 1024 3494 1096 σπουδὴν
3529 1022 3672 1078 κατά

2081 1126 2183 1198 τῆς
2216 1125 2396 1196 ψυχῆς
2429 1140 2529 1196 μου
2561 1121 2875 1192 ποιούμενοι
2896 1137 2909 1150 ·
2944 1121 3025 1184 είς
3057 1118 3282 1191 μάταιον
3305 1117 3417 1188 γὰρ
3447 1114 3671 1186 ἐζήτουν

2085 1218 2254 1292 αὐτην
2276 1259 2291 1283 ,
2337 1217 2626 1290 ἀνεύρετον
2674 1215 2857 1278 αὐτοῖς
2889 1208 3056 1268 οὖσαν
3087 1209 3174 1264 διὰ
3216 1209 3278 1263 τὸ
3311 1207 3667 1277 κεκολλῆσθαι

2083 1314 2258 1366 ὀπίσω
2289 1328 2383 1365 σου
2403 1327 2417 1343 ο
2447 1310 2636 1382 διόπερ
2669 1308 2737 1363 τὰ
2772 1308 3139 1380 περιμένοντα
3166 1304 3365 1367 αὐτοὺς
3394 1301 3547 1356 αὐτοὶ
3577 1300 3670 1372 μέν

2085 1406 2185 1460 οὐκ
2209 1405 2375 1471 ἴσασι,
2398 1404 2460 1457 τὸ
2487 1404 2543 1458 δὲ
2569 1402 2793 1473 Πνεῦμα
2822 1401 2883 1455 τὺ
2914 1400 3066 1469 ἅγιον
3096 1394 3364 1461 θεσπίζει.
3396 1391 3510 1449 Εἶθ’
3543 1394 3669 1465 ἑξῆς

2084 1500 2295 1563 τούτοις
2322 1495 2676 1571 προφητικῶς
2712 1496 2987 1564 ἀναφωνεῖ
3020 1492 3193 1561 λέγων
3217 1509 3230 1522 ·
3275 1510 3293 1542 ι
3320 1488 3673 1543 Εἰσελεύσον-

2086 1612 2177 1649 ται
2205 1595 2286 1657 είς
2316 1592 2387 1646 τά
2419 1589 2709 1644 κατώτατα
2744 1588 2842 1659 τῆς
2868 1587 2992 1658 γῆς.
3020 1606 3039 1638 ι
3084 1582 3303 1656 Ἐπειδὴ
3335 1583 3445 1655 γὰρ
3471 1582 3540 1636 τὰ
3577 1583 3674 1653 τῆς

2086 1688 2191 1760 γῆς
2213 1687 2471 1759 ἐφρόνουν
2497 1683 2592 1738 καὶ
2618 1680 2726 1735 τῶν
2750 1680 2901 1735 κάτω
2926 1678 3234 1749 γεγόνασιν,
3263 1674 3486 1739 εἰκότως
3513 1674 3673 1728 τάπί-

2018 1822 2063 1878 B
2088 1798 2247 1854 χειρα
2294 1778 2575 1834 πείσονται
2633 1771 2714 1838 οἷς
2753 1773 3024 1876 ἔδρασαν..
3053 1771 3110 1825 '0
3157 1769 3256 1841 μὲν
3270 1768 3401 1878 ἡγὰρ
3432 1764 3675 1878 regines?

2092 1874 2405 1944 συναφθεὶς,
2434 1871 2529 1926 κα)⁸
2556 1870 2654 1941 τὴν
2678 1868 2856 1939 ψυχὴν
2884 1863 3035 1936 αὐτῷ
3062 1859 3508 1936 προσκολληθεὶς,
3528 1855 3675 1910 ἐλπί-

2091 1969 2187 2034 δας
2219 1967 2330 2033 ἕξει
2360 1962 2636 2037 βασιλείας
2663 1957 2910 2033 οὐρανῶν
2929 1975 2943 1988 ο
2974 1957 3024 2011 οί
3054 1954 3111 2010 δέ
3146 1953 3241 2027 τὴν
3271 1950 3521 2006 ἐναντίαν
3543 1948 3676 2022 δρα-

2097 2062 2289 2133 μόντες
2319 2058 2415 2113 καὶ
2453 2054 2524 2110 τά
2564 2054 2717 2108 κάτω
2761 2052 3165 2124 φρονήσαντες,
3209 2047 3289 2109 εἰς
3322 2045 3412 2098 τὸν
3441 2039 3678 2114 ἀλλαχοῦ

2093 2152 2295 2206 λάκκον
2323 2145 2707 2219 ὠνομασμένον
2738 2140 3123 2213 καταχθέντες,
3154 2139 3212 2191 ἐν
3239 2139 3351 2201 τοῖς
3381 2134 3683 2189 κατωτάτω

2093 2244 2195 2316 τῆς
2237 2244 2340 2315 γῆς
2387 2239 2715 2293 ἐλεύσονται.
2759 2235 2909 2298 Τέως
2947 2232 3045 2304 μὲν
3077 2231 3186 2301 γὰρ
3217 2230 3325 2294 πᾶς
3355 2226 3680 2299 ἄνθρωπος,

2094 2339 2194 2409 τὴν
2222 2321 2541 2406 ἐπιφάνειαν
2568 2331 2732 2386 οἰκῶν
2758 2328 2856 2400 τῆς
2884 2326 2991 2397 γῆς
3010 2366 3025 2392 ,
3062 2324 3133 2379 τὰ
3157 2322 3309 2378 κάτω
3349 2322 3485 2394 μόνα
3509 2321 3682 2373 οἰκεῖν
3744 2370 3751 2377 ,

2096 2431 2313 2500 λέγεται
2341 2426 2483 2482 κατὰ
2511 2425 2602 2478 τὸν
2653 2423 2901 2494 φήσαντα
2924 2436 2938 2450 ·
2976 2436 2996 2470 ι
3030 2419 3156 2471 Ὅτι
3179 2416 3209 2469 6
3233 2413 3375 2478 Θεὸς-
3396 2415 3455 2467 ἐν
3483 2411 3561 2482 τῷ
3592 2412 3683 2465 οὐ·-

2099 2521 2247 2595 ρανῷ
2287 2520 2400 2575 ἀνω
2427 2558 2441 2584 ,
2487 2518 2582 2571 καὶ
2624 2516 2688 2569 σύ
2722 2515 2779 2567 ἐν
2806 2514 2874 2583 τῇ
2917 2513 2988 2582 γῇ
3026 2509 3196 2564 κάτω.
3234 2526 3253 2560 ι
3290 2505 3446 2561 Μετὰ
3482 2505 3539 2559 δέ
3579 2504 3681 2576 τὴν

2097 2612 2309 2668 ἐνθένδε
2341 2608 2680 2680 ἀπαλλαγὴν,
2708 2608 2757 2661 οἱ
2787 2607 2884 2678 μὲν
2917 2602 3185 2674 θεοφιλεῖς
3207 2598 3437 2672 οὐρανὸν
3469 2596 3683 2664 ἕξουσιν

2098 2708 2409 2780 οίκητήριον
2429 2746 2445 2770 ,
2488 2707 2567 2768 εἰς
2595 2701 2665 2756 τά
2689 2700 2934 2773 ἀνώτερα
2971 2695 3424 2770 μετεωρισθέντες
3455 2693 3550 2745 καὶ
3582 2691 3681 2764 ἀρ-

2100 2799 2471 2872 παγησόμενοι
2508 2798 2565 2850 ἐν
2593 2795 2843 2865 νεφέλαις
2877 2793 2958 2855 είς
2986 2790 3291 2860 ἀπάντησιν
3323 2785 3418 2839 τοῦ
3451 2783 3679 2855 Κυρίου,

2100 2895 2242 2949 οὓτω
2266 2911 2326 2947 τε
2353 2893 2583 2947 πάντοτε
2622 2890 2718 2943 σύν
2758 2886 2949 2959 Κυρίῳ
2980 2883 3257 2955 ἐσόμενοι·
3292 2883 3340 2935 οἱ
3384 2879 3429 2934 δ’
3470 2877 3686 2940 ἀσεϐεῖς

2103 2990 2196 3043 καὶ
2228 2983 2542 3058 ἁμαρτωλοὶ¹
2566 2983 2645 3046 είς
2672 2981 2741 3035 τὰ
2768 2978 3062 3034 κατώτατα
3086 2976 3186 3046 τῆς
3206 2974 3311 3044 γῆς
3344 2970 3685 3043 καταϐήσον-

2102 3099 2223 3137 ται·
2268 3074 2342 3135 ὦν
2374 3074 2723 3150 μεμνημένος
2762 3074 2790 3125 6
2840 3068 3161 3132 Ἀπὸστολος
3196 3066 3414 3136 ἔλεγεν·
3449 3083 3469 3116 ι
3495 3064 3589 3125 Ei;
3617 3061 3686 3115 τά

414 3167 502 3217 tes
535 3168 698 3214 terra:
727 3161 820 3229 qui
847 3158 1155 3221 descendit,
1193 3157 1311 3229 ipse
1340 3165 1425 3214 est
1468 3159 1563 3229 qui
1605 3156 1991 3214 aseendit‘su—

2097 3170 2383 3241 κατώτερα
2410 3168 2511 3237 τῆς
2534 3166 2636 3233 γῆς
2662 3166 2690 3218 6
2717 3162 2962 3225 καταϐάς
2981 3200 2996 3226 ,
3038 3158 3200 3224 αὐτός
3227 3159 3376 3211 ἐστιν
3411 3157 3439 3209 6
3479 3151 3684 3217 άναϐἀς

415 3265 515 3321 per
549 3266 740 3305 omnes
772 3251 965 3314 cmlos,
1008 3258 1069 3302 ut
1113 3250 1367 3317 impleret
1415 3250 1600 3304 omnia
1621 3249 1721 3303 υ.»
1780 3247 1994 3304 Etenim

419 3342 683 3400 Servatur
706 3355 760 3399 et
792 3343 1055 3399 Dominus
1084 3349 1272 3421 noster
1305 3358 1481 3413 usque
1514 3343 1583 3397 ad
1619 3343 1804 3397 intima
1834 3349 1996 3397 terrae

417 3436 727 3503 descendit,
760 3446 824 3491 ut
859 3436 1088 3492 salutari
1123 3436 1326 3492 virtute
1359 3437 1611 3507 impleret
1642 3436 1847 3492 omnia.
1881 3436 1996 3492 lloc

418 3530 601 3601 ipsum
644 3527 784 3585 Jobo
842 3528 1120 3600 significat
1173 3528 1265 3584 ille
1317 3528 1410 3598 qui
1460 3527 1726 3584 Dominus
1769 3538 1997 3583 vocatur

418 3623 661 3679 dicens:
705 3621 961 3679 «Venisti
1006 3632 1187 3677 autem
1244 3622 1302 3677 in
1352 3621 1556 3677 fontem
1603 3625 1793 3689 maris,
1848 3629 1903 3678 et
1940 3622 1996 3677 in

420 3716 669 3799 vestigiis
715 3716 902 3789 abyssi
933 3715 1252 3771 ambulasti.
1301 3716 1645 3786 Aperiantur
1682 3724 1862 3772 autem
1896 3716 1998 3772 tibi

423 3810 624 3867 timore
665 3819 839 3880 porta:
885 3810 1113 3864 mortis:
1158 3807 1375 3863 ostiarii
1431 3806 1631 3863 inferni
1664 3808 1915 3864 videntes
1948 3819 2002 3865 te

424 3902 708 3957 conterriti
768 3910 899 3957 sunt
921 3902 988 3957 ".
1024 3922 1044 3954 ι
1083 3900 1187 3956 Sed
1224 3902 1315 3956 ille
1362 3900 1581 3971 quidem
1638 3901 1708 3956 ad
1758 3917 1854 3957 eos
1908 3902 1999 3973 qui

423 3993 549 4049 istic
602 3995 923 4049 habitabant
977 3994 1283 4062 descendit,
1337 4005 1399 4050 ut
1448 3997 1664 4051 animas
1714 3995 1999 4065 justorum

422 4084 625 4140 ibidem
653 4086 867 4155 jamdiu
921 4087 1173 4141 detentas
1223 4087 1480 4142 libertate
1528 4086 1781 4142 donaret.
1839 4086 2000 4158 impii

420 4192 556 4230 vero
587 4178 639 4230 in
677 4176 941 4232 inferiora
982 4186 1143 4233 terrae
1185 4178 1407 4247 deiecti,
1456 4178 1746 4233 tradentur
1791 4179 1847 4233 in
1885 4194 2000 4232 ma-

422 4269 752 4338 nusagladii.
801 4268 897 4323 Est
925 4269 1071 4324 enim
1109 4269 1311 4324 ibidem
1335 4270 1551 4340 gladius
1584 4270 1807 4340 quidam
1853 4286 2003 4325 mor-

422 4360 518 4423 tis,
551 4376 712 4430 quvm
758 4358 1019 4415 Servator
1072 4361 1127 4414 in
1183 4377 1280 4415 xxi
1329 4363 1541 4431 psalmo
1590 4372 1862 4417 memorat
1915 4363 2001 4420 his

421 4450 640 4503 verbis:
682 4467 703 4499 ι
737 4448 877 4504 Erue
907 4465 936 4502 a
975 4449 1202 4513 framea,
1238 4448 1402 4515 Deus,
1440 4450 1678 4505 animam
1714 4467 1915 4516 meam,
1949 4459 2004 4507 et

2099 3266 2355 3339 ὑπεράνω
2398 3260 2615 3314 πάντων
2657 3255 2766 3309 τῶν
2806 3251 3086 3326 οὐρανῶν,
3147 3250 3234 3304 ἵνα
3288 3245 3550 3320 πληρώσῃ
3614 3243 3682 3298 τά

2101 3338 2296 3414 πάντα.
2333 3374 2352 3408 ι
2401 3352 2513 3407 Καὶ
2561 3348 2721 3421 μέχρι
2754 3345 2863 3419 γὰρ
2903 3345 3011 3398 τῶν
3051 3341 3353 3397 κατωτάτω
3382 3340 3482 3407 τῆς
3512 3338 3614 3407 γῆς
3656 3338 3687 3390 6

2101 3451 2293 3522 Σωτὴρ
2319 3448 2412 3503 καὶ
2442 3443 2648 3516 Κύριος
2681 3439 2838 3513 ἡμῶν
2873 3436 3270 3509 καταϐέϐηκεν,
3309 3434 3396 3487 ἵνα
3420 3429 3684 3504 πληρώσῃ

2099 3545 2171 3598 τά
2210 3543 2391 3597 πάντα
2435 3539 2535 3610 τῆς
2568 3533 2839 3606 σωτηρίου
2870 3531 3172 3602 δυνάμεως.
3203 3526 3371 3582 Τοῦτο
3398 3525 3454 3578 δὲ
3483 3523 3577 3577 καὶ
3608 3522 3687 3594 τῷ

2113 3635 2234 3690 Ἰὼϐ
2280 3631 2534 3706 σημαίνει
2573 3630 2603 3683 6
2646 3623 2999 3700 χρηματίζων
3038 3622 3245 3693 Κύριος
3286 3614 3449 3683 ἑνοῖς
3486 3631 3683 3688 φησιν·

2109 3749 2129 3783 ί
2156 3725 2362 3791 Ἦλθες
2392 3725 2451 3779 δὲ
2484 3724 2577 3776 ἐπὶ
2609 3721 2714 3791 γῆν
2734 3721 2750 3750 ¹
2782 3717 3078 3787 θαλάσσης,
3109 3716 3168 3767 ἐν
3199 3713 3257 3767 δέ
3293 3712 3496 3783 ἴχνεσιν
3522 3706 3690 3761 ἀϐύσ-

2103 3838 2195 3875 σου
2242 3804 2672 3890 περιεπάτησας.
2728 3809 3059 3878 Ἀνοίγονται
3099 3805 3156 3859 δέ
3204 3819 3301 3857 σοι’
3325 3800 3477 3873 φόϐῳ
3524 3797 3689 3852 πύλαι

2102 3910 2366 3964 θανάτου*
2432 3903 2673 3975 πυλωροὶ
2712 3901 2769 3955 δὲ
2823 3900 2951 3972 ᾇδου
3001 3897 3201 3960 ἰδόντες
3253 3911 3314 3947 σε
3360 3889 3626 3961 ἔπτηξαν.
3664 3907 3683 3938 ι

2115 4002 2253 4056 Ἀλλ’
2277 4003 2304 4054 ὁ
2336 4000 2433 4073 μὲν
2457 3999 2550 4052 καὶ
2584 3996 2748 4071 μέχρι
2774 3992 2883 4047 τῶν
2916 3993 3032 4044 ἐκεῖ
3058 3983 3453 4073 καταϐέϐηκεν,
3479 3981 3566 4073 ῖνα
3588 3978 3688 4073 τάς

2103 4095 2271 4149 πάλαι
2300 4067 2408 4146 τών
2439 4067 2610 4160 ἁγίων
2644 4085 2831 4143 αὐτόθι
2861 4077 3224 4152 συνεχομένας
3258 4067 3439 4144 ψυχὰς
3475 4067 3688 4122 ἐλευθε-

2108 4188 2229 4260 ρίας
2257 4184 2464 4255 ἀξιώσῃ
2481 4199 2494 4212 ·
2523 4182 2573 4237 οί
2596 4180 2653 4234 δὲ
2670 4175 2910 4239 ἀσεϐεῖς,
2939 4173 3020 4235 είς
3047 4169 3116 4223 τά
3139 4166 3427 4220 κατώτατα
3458 4161 3558 4231 τῆς
3581 4160 3685 4260 γῆς

2103 4253 2547 4349 κατενεχθέντες,
2570 4260 3037 4343 παραδοθήσονται
3059 4262 3140 4323 είς
3169 4260 3369 4349 χεῖρας
3389 4253 3681 4349 ῥομφαίας.

2108 4371 2264 4424 Ἔστι
2304 4343 2418 4439 γάρ
2461 4379 2546 4428 τις
2596 4362 2716 4416 ἐκεῖ
2763 4355 3009 4429 ῥομφαία
3041 4351 3305 4413 θανάτου,
3338 4343 3406 4422 ἧς
3433 4349 3461 4401 6
3494 4345 3687 4416 Σωτὴρ

2109 4458 2464 4535 μνημονεύων
2494 4455 2567 4509 ἐν·
2587 4458 2673 4507 κα¹
2704 4447 2908 4522 ψαλμῷ
2940 4447 3123 4516 ἔλεγε·
3165 4465 3182 4497 ι
3205 4444 3395 4497 Ῥὖσαι
3418 4440 3526 4496 ἀπὸ
3551 4443 3688 4513 ῥομ-

422 4543 491 4597 de
518 4556 684 4595 manu
726 4542 881 4596 canis
930 4542 1150 4595 unicam
1202 4557 1399 4598 meam.
1458 4540 1618 4597 Salva
1654 4558 1738 4598 me
1787 4559 1853 4598 ex
1901 4558 1993 4599 ore

2107 4552 2270 4624 φαίας
2293 4548 2393 4623 τὴν
2630 4559 2754 4616 μου,
2789 4543 2884 4596 καὶ
2916 4542 2980 4594 ἐκ
3007 4538 3190 4611 χειρὸς
3220 4536 3380 4613 κυνὸς
3403 4535 3502 4608 τὴν
3536 4549 3691 4624 μονοέ

423 4632 631 4695 leonis,
695 4640 751 4686 et
816 4648 846 4686 a
901 4634 1166 4687 cornibus
1210 4634 1564 4687 unicornium
1634 4634 2002 4690 humilitatem

426 4737 601 4777 meam
620 4724 689 4777 ’³.
724 4743 743 4775 ι
784 4722 910 4778 llaec
939 4733 1120 4778 autem
1151 4723 1337 4779 omnia
1368 4724 1436 4779 de
1465 4725 1802 4783 adversariis
1849 4737 2005 4798 pote-

424 4815 662 4872 statibus
703 4816 848 4870 dicta
876 4824 1047 4881 isuut.
1101 4815 1222 4870 Non
1273 4815 1421 4871 enim
1480 4817 1535 4872 in
1595 4833 1792 4873 manus
1834 4820 2000 4890 gladii

423 4914 638 4960 tantum
674 4909 920 4977 priedicti
951 4909 1204 4963 homines
1227 4907 1534 4975 tradentur,
1571 4911 1668 4967 sed
1700 4912 1865 4966 etiam
1892 4911 2001 4965 huc

423 4995 556 5049 illuc
596 4994 975 5052 distrahentur
1015 5012 1045 5052 a
1084 4999 1243 5054 saevis
1273 5000 1605 5070 quibusdam
1650 5001 2006 5071 versutisque

423 5091 732 5161 spiritibus,
764 5093 858 5162 qui
904 5093 1095 5162 vulpes
1132 5094 1221 5148 hic
1267 5105 1681 5166 nuncupantur,
1730 5097 1859 5167 quia
1920 5096 2006 5151 fo-

423 5198 552 5239 veas
583 5185 841 5249 subeunt,
881 5193 937 5241 et
991 5187 1045 5240 in
1098 5185 1303 5242 inlimis
1346 5188 1721 5257 penetralibus
1774 5188 2002 5242 latibula

422 5277 649 5331 habent.
712 5277 807 5333 lla:
838 5279 1025 5350 itaque
1067 5281 1262 5350 vulpes
1291 5281 1585 5352 impiorum
1622 5281 1836 5336 animas
1858 5280 2005 5335 istuc

423 5370 700 5442 delapsas.
737 5381 794 5426 ut
826 5374 1068 5427 oblatam
1103 5372 1367 5444 praedam,
1399 5374 1835 5445 comprehensas
1865 5373 2005 5428 diri—

426 5463 579 5529 piunt
625 5473 790 5536 atque
840 5467 984 5521 inter
1031 5484 1091 5523 se
1140 5468 1412 5524 dividunt.
1488 5466 1634 5523 Sane
1677 5468 1839 5522 talem
1891 5469 2007 5523 fore

426 5554 717 5623 impiorum
757 5558 916 5615 ﬁnem
957 5558 1196 5629 Spiritus
1243 5567 1471 5614 sanctus
1520 5558 1875 5614 vaticinatur.
1932 5558 2007 5612 De

2110 4622 2243 4712 γενῆ
2294 4622 2424 4711 μου·
2457 4635 2630 4689 σῶσόν
2665 4651 2733 4705 με
2766 4636 2831 4687 ἐκ
2865 4631 3128 4703 στόματος
3165 4629 3377 4691 λέοντος
3400 4668 3415 4691 ,
3455 4626 3547 4679 καὶ
3583 4622 3693 4677 ἀπὸ

2110 4734 2357 4805 κεράτων
2390 4727 2775 4802 μονοκερώτων
2819 4725 2917 4796 τὴν
2940 4721 3265 4776 ταπείνωσίν
3296 4736 3418 4792 μου.
3452 4737 3471 4769 ι
3506 4715 3691 4771 Ταῦτα

2108 4827 2166 4879 δέ
2197 4826 2376 4879 πάντα
2421 4820 2547 4893 περὶ
2591 4818 2984 4889 ἀντικειμένων
3011 4815 3294 4885 δυνάμεων
3337 4811 3573 4879 ἐλέγετο.
3614 4807 3689 4861 Οὐ

2114 4917 2274 4987 μόνον
2324 4914 2380 4967 δέ
2424 4915 2503 4977 εἰς
2554 4914 2743 4983 χεῖρας
2802 4910 3071 4983 ῥομφαίας
3124 4903 3590 4977 παραδοθήσονται
3642 4900 3692 4952 oi

2108 5006 2514 5080 προλεχθέντες,
2537 5004 2671 5058 ἀλλά
2695 5006 2789 5057 καὶ
2818 4999 3317 5071 διασπασθήσονται
3342 4990 3445 5049 ὦδε
3472 4996 3693 5048 κάκεῖσε

2107 5099 2520 5173 περιελκόμενοι
2543 5098 2648 5152 ὐπὸ
2672 5097 2861 5151 δεινῶν
2884 5112 3047 5149 τινων
3075 5094 3167 5147 καὶ
3188 5088 3511 5162 πανούργων
3535 5104 3697 5142 πνευ-

2111 5196 2317 5267 μάτων,
2367 5191 2459 5255 οὐς
2491 5191 2781 5254 ἀλώπεκας
2812 5187 3070 5259 ὀνομάζει
3103 5189 3130 5240 ὁ
3166 5184 3356 5257 παρὼν
3381 5184 3538 5251 λόγος
3561 5222 3576 5245 ,
3612 5182 3698 5235 διὰ

2112 5286 2173 5339 τὸ
2206 5282 2626 5339 καταδεδυκέναι
2660 5281 2756 5335 καὶ
2801 5283 2913 5343 τοῖς
2947 5279 3249 5334 κατωτάτω
3293 5278 3482 5347 μυχοῖς
3512 5276 3698 5346 ἐμφω-

2113 5379 2308 5433 λεύειν.
2345 5371 2506 5431 Οὗτοι
2537 5376 2579 5429 δ’
2613 5371 2708 5428 οὖν
2741 5376 2792 5427 οἱ
2824 5372 3110 5436 ἀλώπεκες
3142 5371 3331 5441 ὥσπερ
3364 5369 3573 5440 εὕρεμα
3600 5366 3699 5428 τὰς

2114 5475 2230 5526 ἐκεῖ
2287 5468 2735 5531 καταπιπτούσας
2784 5466 2961 5536 ψυχὰς
3016 5466 3126 5518 τῶν
3181 5462 3395 5517 ἁσεῡῶν
3446 5460 3699 5521 λαϐόντες

2112 5562 2539 5633 διαρπάζουσιν,
2583 5561 2662 5622 είς
2705 5559 2933 5621 ἑαυτοὺς
2968 5556 3139 5619 αὐτὰς
3183 5553 3548 5627 μεριζόμενοι.
3589 5548 3703 5607 Καὶ

498 5697 544 5729 ⁹²
583 5697 742 5755 Deut.
779 5717 852 5765 iv,
888 5702 978 5756 59.
1057 5701 1103 5731 ”
1141 5700 1343 5772 Ephes.
1377 5719 1452 5790 iv,
1489 5702 1578 5758 10.
1655 5702 1700 5735 ⁸³
1737 5700 1839 5759 Job
1876 5720 1993 5759 χχιι

2106 5746 2122 5773 ,
2159 5706 2247 5770 lli,
2284 5705 2369 5759 17.
2446 5705 2495 5737 "
2527 5703 2673 5759 Psal.
2712 5718 2829 5768 xxx,
2854 5702 2949 5767 2|,
2973 5700 3064 5756 2‘2.

496 5815 577 5887 (ι)
609 5815 664 5870 lu
692 5815 905 5886 Bibiiis,
941 5821 1146 5892 πηγήν.
