4090 6412
426 362 538 424 613

1600 353 2099 414 COMMENTARIA
2140 353 2201 407 IN
2241 346 2583 412 PSALMOS.

3585 356 3691 414 6N

428 477 539 534 τῶν
574 479 671 549 μὲν
694 477 905 532 ἀσεϐῶν
931 476 1169 531 τοιοῦτον
1203 475 1421 530 ἔσεσθαι
1453 476 1514 530 τὸ
1540 476 1691 539 τέλος
1705 475 1766 528 τὸ
1786 472 2000 543 Πνεῦμα

2112 471 2266 542 justo
2295 483 2500 538 autem,
2535 475 2649 545 qui
2675 489 2841 545 supra
2896 484 3195 530 memorata
3226 475 3485 547 prmelara
3521 491 3690 548 opera

428 570 489 623 τὸ
521 571 673 638 ἆγιον
703 568 963 633 θεσπίζει.
993 568 1135 641 Περὶ
1166 568 1224 622 δὲ
1253 569 1346 621 τοῦ
1399 567 1607 621 δικαίου
1635 565 1729 620 τοῦ
1774 565 1844 619 τὰ
1880 582 2013 637 προ-

427 661 687 732 λεχθέντα
711 661 1136 733 κατωρθωκότος
1169 660 1417 732 ἐπιφέρει
1446 659 1635 729 λέγον·
1679 678 1698 710 ι
1739 659 1798 711 '0
1831 658 1887 711 δὲ
1920 658 2012 728 βα-

430 756 611 819 σιλεὺς
659 752 1090 825 εὐφρανθήσεται
1135 754 1229 806 ἐπὶ
1277 752 1354 823 τῷ
1395 751 1548 822 Θεῷ·
1599 749 2011 820 ἐπαινεθήσεται

427 849 536 910 πᾶς
561 849 590 900 0
614 846 829 916 ὀμνύων
857 845 1085 915 ὲναύτῷ
1105 862 1119 875 ο
1151 845 1233 898 ὅτι
1282 844 1559 917 ὲνεφράγη
1591 844 1763 914 στόμα
1787 841 2006 895 λαλούν-

424 957 533 992 των
565 938 746 993 ἄδικα.
778 957 796 989 ι
830 938 1043 1009 Σφόδρα
1074 937 1392 1009 παραδόξως
1430 936 1666 991 ἐνταῦθα
1697 936 1760 989 τὸ
1790 934 1885 987 τοῦ
1917 933 2012 1003 βα-

428 1030 617 1093 σιλέως
662 1029 911 1100 εἰσῆκται
941 1029 1141 1099 ὃνομα’
1172 1028 1335 1081 Δαυῒδ
1384 1029 1481 1098 μὲν
1513 1026 1623 1099 γὰρ
1672 1025 1888 1095 φεύγων
1919 1024 2010 1079 τὸν

428 1120 618 1184 Σαοὺλ,
649 1121 744 1172 καὶ
775 1121 874 1192 τὴν
914 1120 1118 1191 ἔρημον
1143 1121 1241 1191 τῆς
1274 1119 1537 1182 ἰουδαίας
1573 1117 1738 1172 οἰκῶν
1767 1117 1886 1172 καθ’
1918 1116 2011 1181 οὒς

427 1211 596 1266 ταῦτα
629 1212 780 1281 ἔλεγε
812 1213 1058 1285 χρόνους,
1092 1212 1385 1275 δείκνυται,
1419 1212 1480 1265 οὐ
1519 1210 1625 1283 μὴν
1655 1211 1756 1283 ήδη
1786 1228 1889 1264 που
1925 1208 2011 1279 βα-

428 1304 652 1359 σιλεύων
672 1321 686 1336 ο
710 1304 882 1359 Σαοὺλ
908 1304 985 1367 δὲ,
1015 1302 1233 1374 κρατῶν
1261 1301 1356 1355 τοῦ
1380 1301 1587 1367 ἔθνους,
1609 1301 1710 1371 τῆς
1733 1300 2010 1372 βασιλείας

423 1399 629 1469 ἡγεῖτο.
676 1397 834 1460 Ποῖος
883 1392 977 1450 οὖν
1022 1395 1276 1465 βασιλεὺς
1318 1394 1759 1466 εὐφρανθήσεται
1808 1393 1900 1444 ἐπὶ
1929 1390 2009 1461 τῷ

423 1488 572 1559 Θεῷ;
607 1487 745 1541 Ἀλλ’
780 1489 897 1560 ἐρεῖ
939 1503 1023 1551 τις
1069 1486 1211 1540 κατὰ
1253 1486 1562 1557 πρόγνωσιν
1591 1484 1687 1537 τοῦ
1726 1483 2010 1555 μέλλοντος

422 1579 584 1633 αὐτὸν
615 1577 972 1650 σημαίνεσθαι
999 1578 1086 1631 τὸν
1118 1578 1280 1631 Δαυῒδ
1300 1594 1312 1608 ο
1347 1576 1548 1651 ήμελλε
1570 1576 1680 1648 γὰρ
1703 1577 1826 1629 ὅσον
1855 1572 2009 1627 οὐπω

421 1670 842 1741 τελευτήσαντος
872 1669 964 1723 τοῦ
1000 1669 1171 1723 Σαοὺλ
1233 1668 1536 1739 βασιλεύειν
1563 1667 1745 1731 αὐτός.
1783 1668 2009 1738 Ἕτερος

421 1758 479 1812 δέ
529 1776 660 1829 φησι
705 1760 800 1813 καὶ
837 1761 946 1812 τότ’
995 1759 1096 1829 ήδη
1151 1758 1379 1829 βασιλέα
1413 1754 1553 1814 εἶναι
1586 1759 1782 1812 αὐτόν’
1819 1758 2004 1828 ἐπειδὴ

422 1851 678 1920 κέχριστο
709 1850 814 1904 ὑπὸ
839 1849 933 1904 τοῦ
968 1850 1222 1922 Σαμουὴλ
1246 1853 1328 1914 εἰς
1365 1849 1611 1921 βασιλέα,
1637 1847 1731 1904 καὶ
1757 1849 1907 1921 παρὰ
1928 1848 2007 1920 τῷ

421 1939 541 2011 Θεῷ
580 1939 854 2008 λελόγιπο
887 1940 987 2012 ἥδη
1026 1940 1280 2011 βασιλεύς
1304 1957 1317 1970 ·
1349 1940 1409 1993 οὐ
1447 1941 1554 2012 μὴν
1582 1938 1717 1994 ἀλλὰ
1753 1942 1849 1994 καὶ
1877 1940 2007 1995 ἐϐα-

423 2031 598 2084 σίλευε
633 2032 729 2085 τοῦ
759 2032 1010 2096 συνόντος
1046 2033 1195 2104 αὐτῷ
1248 2032 1486 2106 πλήθους
1508 2072 1524 2097 ,
1566 2026 1628 2086 οὗ
1670 2032 1940 2104 μέμνηται
1973 2034 2006 2103 ἡ

425 2121 657 2193 ἱστορία.
693 2122 846 2175 Ἐπεὶ
868 2123 1047 2176 τοίνυν
1079 2121 1140 2175 τὸ
1172 2122 1324 2186 τέλος
1354 2121 1463 2175 τῶν
1488 2121 1819 2175 ἐλαυνόντων
1846 2121 2007 2176 αὐτὸν

419 2213 762 2284 παρέστησεν
785 2214 813 2266 0
840 2214 1017 2282 λόγος,
1045 2213 1270 2277 εἰκότως
1298 2214 1393 2267 καὶ
1423 2210 1588 2266 αὐτοῦ
1608 2212 1684 2274 ὡς
1710 2211 1775 2264 ἂν
1806 2211 2007 2283 πολλὴν

418 2306 796 2377 ἐνδειξαμένου
834 2306 1119 2378 προκοπὴν
1148 2306 1219 2359 τὰ
1247 2304 1378 2375 τέλη
1423 2304 1533 2357 τῶν
1580 2304 1757 2359 πόνων
1795 2320 2009 2375 προφη-

416 2399 653 2454 τεύεται.
684 2398 773 2452 Διὸ
804 2398 1023 2466 λέγεται
1042 2414 1056 2429 ο
1083 2418 1100 2449 ι
1125 2399 1182 2451 Ὀ
1209 2397 1268 2451 δὲ
1300 2395 1554 2468 βασιλεὺς
1578 2396 2006 2469 εὐφρανθήσεται

416 2492 510 2546 ἐπὶ
533 2491 612 2563 τῷ
634 2490 769 2562 Θεῷ.
788 2510 807 2543 ι
837 2490 927 2554 Ὠς
946 2491 1057 2561 γὰρ
1078 2492 1324 2559 γενναῖος
1350 2489 1446 2543 τοῦ
1467 2487 1602 2542 Θεοῦ
1629 2487 1885 2560 ἀθλητὴς,
1909 2504 2005 2558 με·-

415 2585 614 2654 γάλους
656 2583 873 2653 ἀγῶνας
920 2581 1235 2647 διεξελθὼν,
1278 2581 1551 2655 βραϐείων
1593 2598 1655 2634 τε
1700 2581 1795 2634 καὶ⁵
1846 2579 2007 2636 θείων

417 2677 694 2747 στεφάνων
722 2675 1159 2747 κατηξιωμένος,
1189 2673 1529 2747 εὐφροσύνης
1562 2673 1863 2730 ἀπολαύσει
1904 2674 2005 2745 τῆς

415 2770 547 2841 παρ’
580 2769 731 2840 αὐτῷ
756 2768 834 2839 τῷ
868 2767 1200 2840 ἀγωνοθέτῃ.
1230 2768 1441 2840 ⁴Ὠσπερ
1472 2766 1583 2839 γὰρ
1612 2770 1661 2821 οἱ
1686 2767 1872 2841 ἐχθροὶ
1903 2767 2001 2820 αὐ-

413 2860 508 2915 τοῦ
537 2860 690 2924 τέλος
712 2861 812 2914 οὐκ
839 2859 1014 2914 αἴσιον
1041 2858 1346 2931 εἰλήφασιν,
1378 2861 1459 2923 είς
1488 2858 1558 2913 τὰ
1592 2858 1884 2916 κατώτατα
1905 2858 2005 2930 τῆς

413 2954 517 3024 γῆς
551 2952 880 3016 εἰσελθόντες
900 2995 914 3019 ,
948 2952 1043 3005 καὶ
1094 2951 1496 3025 παραδοθέντες
1527 2954 1607 3015 είς
1639 2954 1827 3024 χεῖρας
1872 2953 2005 3022 ῥομ-

415 3044 612 3113 φαίας,
660 3044 876 3116 μερίδες
905 3061 966 3097 τε
1019 3043 1320 3097 ἀλωπέκων
1364 3043 1679 3114 γενόμενοι·
1726 3041 1762 3096 ἃ
1805 3040 1868 3112 δὴ
1910 3040 2004 3094 καὶ

413 3135 714 3208 ἐπληροῦτο
753 3137 891 3209 πρός
920 3135 1064 3202 λέξιν
1104 3135 1247 3191 κατὰ
1284 3135 1382 3208 τὴν
1426 3136 1698 3207 ἱστορίαν,
1732 3135 1998 3205 ὁπηνίκα,
2029 3175 2071 3231 C

413 3224 629 3294 φεύγων
652 3226 682 3278 ό
710 3225 883 3279 Σαοὺλ
908 3227 1034 3289 τοὺς
1064 3224 1376 3297 πολεμίους,
1401 3224 1795 3299 ὲκρυπτάζετο.
1819 3225 1996 3297 ζητῶν

411 3334 468 3370 τε
499 3317 650 3389 παρὰ
673 3318 768 3371 τοῦ
802 3318 937 3372 Θεοῦ
973 3317 1245 3390 βοήθειαν,
1275 3319 1373 3389 οὐχ
1417 3318 1670 3387 εὕρισκεν
1693 3336 1705 3348 ·
1737 3318 1850 3372 ἀλλ’
1877 3319 1998 3372 οὐδὲ

412 3410 759 3482 ἀποκρίσεως
791 3410 942 3476 θείας
969 3410 1215 3481 ἠξιοῦτο·
1242 3411 1318 3475 ὡς
1342 3410 1432 3465 διὰ
1465 3410 1608 3464 τοῦτ’
1639 3410 1811 3465 ἐλθεῖν
1833 3411 1997 3465 αὐτὸν

411 3502 506 3555 ἐπὶ
531 3503 629 3574 τὴν
649 3502 1108 3574 ὲγγαστρίμυθον,
1134 3504 1226 3557 καὶ
1254 3502 1730 3576 πολυπραγμονεῖν
1761 3503 1829 3558 τὰ
1853 3505 1997 3575 ἁπη-

409 3594 717 3665 γορευμένα
747 3595 852 3647 ὑπὸ
877 3594 976 3649 τοῦ
1008 3595 1167 3649 Θεοῦ.
1193 3596 1327 3649 Τότε
1357 3595 1488 3665 γοῦν
1522 3594 1740 3667 ἀληθῶς
1777 3596 1996 3668 μερίδες

410 3686 709 3741 ἀλωπέκων
746 3688 1033 3755 γεγόνασιν
1065 3688 1227 3752 αὐτός
1260 3705 1319 3741 τε
1363 3689 1459 3743 καὶ
1494 3690 1544 3742 οἱ
1571 3689 1668 3742 σὺν
1700 3688 1868 3758 αὐτῷ.
1903 3688 1995 3743 Διό

413 3776 508 3831 καὶ
539 3777 987 3851 καταλειφθέντες
1013 3779 1118 3832 ὑπὸ
1146 3779 1240 3832 τοῦ
1274 3779 1410 3833 Θεοῦ
1435 3819 1450 3844 ,
1478 3782 1545 3851 τῇ
1571 3780 1681 3834 τῶν
1720 3780 1994 3851 πολεμίων

411 3870 658 3942 ῥομφαίᾳ
678 3846 1055 3943 παρεδόθησαν
1072 3872 1330 3935 πεσόντες
1349 3873 1409 3926 ὲν
1429 3871 1507 3943 τῷ
1520 3846 1993 3946 ⁷ίπολέμῳίΏσιιτερ

412 3956 503 4015 οὖν
530 3961 703 4015 ταῦτα
739 3962 966 4033 μηδέπω
997 3963 1266 4033 γενόμενα
1297 3963 1438 4017 κατὰ
1468 3963 1776 4035 πρόγνωσιν
1807 3964 1993 4036 εἴρητο

411 4050 675 4123 μέλλοντα
715 4053 933 4107 ἔσεσθαι
974 4056 1087 4118 τοῖς
1133 4054 1223 4109 τὸν
1268 4055 1433 4109 Δαυῒδ
1464 4055 1810 4111 ἐλαύνουσιν·
1849 4056 1991 4110 οῦτω

408 4144 502 4196 καὶ
527 4142 675 4215 αὐτῷ
698 4142 769 4197 τὰ
794 4143 947 4197 αἴσια
974 4142 1100 4215 τέλη
1122 4142 1185 4196 τὸ
1214 4144 1437 4215 Πνεῦμα
1459 4142 1519 4203 τὸ
1549 4144 1701 4212 ἆγιον
1727 4141 1989 4212 ἀνεφὼνει
2020 4144 2023 4149 ⁴

404 4231 563 4301 λέγον
580 4250 595 4263 ο
631 4251 649 4284 ι
672 4233 728 4286 '0
760 4233 817 4287 δὲ
849 4232 1099 4304 βασιλεὺς
1123 4233 1560 4305 εὐφρανθήσεται
1590 4233 1681 4286 ἐπὶ
1704 4232 1783 4303 τῷ
1800 4232 1937 4304 Θεῷ.
1963 4252 1982 4285 ι

419 4322 676 4388 Ἐλπίσας
709 4323 817 4395 γὰρ
860 4325 955 4377 ἐπὶ
1005 4323 1095 4378 τὸν
1121 4325 1254 4380 Θεὸν
1273 4367 1287 4389 ,
1342 4327 1435 4380 καὶ
1481 4327 1580 4397 τὴν
1613 4325 1776 4379 αὐτοῦ
1808 4325 1987 4398 ψυχὴν

407 4416 647 4482 συνάψας
674 4417 852 4490 αὐτῷ,
881 4417 957 4481 ὡς
980 4419 1153 4471 εἰπεῖν
1177 4457 1193 4482 ,
1233 4439 1252 4472 ι
1291 4419 1585 4491 Ἐκολλήθη
1631 4420 1664 4491 ή
1702 4419 1846 4493 ψυχή
1883 4438 1985 4491 μου

2113 565 2304 634 edidit,
2359 566 2476 622 haec
2531 566 2854 638 subjungit:
2926 566 3083 621 «Rex
3140 584 3269 623 vero
3312 568 3583 623 laetabitur
3632 569 3689 624 in

2112 652 2266 709 Deo:
2308 655 2677 709 laudabuntur
2710 671 2900 711 omnes
2945 656 3041 726 qui
3080 657 3268 727 jurant
3325 657 3379 712 in
3418 673 3505 723 eo,
3559 658 3690 729 quia

2112 746 2454 801 obstructum
2483 754 2567 802 est
2609 762 2672 802 os
2705 747 3046 818 loquentium
3098 748 3341 819 iniqua.»
3389 748 3587 804 Mirum
3631 751 3688 804 in

2112 839 2333 892 modum
2370 838 2463 892 hic
2494 842 2639 910 regis
2675 856 2875 895 nomen
2918 840 3204 896 inductum
3240 848 3362 897 cst:
3415 843 3687 912 siquidem

2111 931 2284 987 David
2315 949 2462 995 cum,
2509 942 2569 989 ut
2593 935 3115 999 demonstravimus,
3154 951 3264 1006 quo
3296 943 3542 1006 tempore
3574 937 3690 992 haac

2111 1023 2332 1080 dicebat
2374 1041 2404 1079 a
2448 1025 2611 1081 Saule
2662 1027 2896 1098 fugeret,
2933 1028 3324 1097 desertumque
3367 1025 3572 1083 Judma:
3603 1027 3692 1083 in-

2111 1118 2334 1183 coleret,
2371 1120 2611 1174 nondum
2648 1137 2744 1175 rex
2779 1132 2899 1177 crat
2925 1164 2940 1188 ,
2992 1120 3089 1176 sed
3144 1119 3277 1175 Saul
3310 1120 3459 1191 genti
3508 1120 3686 1190 impe—

2108 1225 2240 1266 rans
2282 1226 2510 1282 regnum
2545 1212 2848 1268 obtinebat.
2883 1212 3019 1279 Quis
3044 1228 3175 1282 ergo
3206 1228 3300 1266 rex
3332 1211 3607 1266 laetabitur
3630 1211 3686 1266 in

2109 1299 2255 1353 Deo?
2316 1298 2422 1354 Sed
2471 1300 2614 1356 dicet
2670 1302 2965 1372 qiuspiam,
3017 1318 3083 1355 ex
3116 1290 3462 1372 praescientia
3513 1300 3685 1355 futuri

2107 1395 2285 1463 ipsum
2317 1394 2577 1450 Davidem
2614 1395 2893 1452 indicare:
2926 1397 3078 1451 brevi
3109 1410 3367 1467 namque,
3395 1406 3520 1466 post
3545 1410 3690 1451 mor-

2107 1496 2215 1543 tem
2255 1486 2456 1553 Saulis,
2490 1498 2825 1559 regnaturus
2849 1491 2965 1558 ipse
2997 1498 3136 1545 erat.
3183 1487 3340 1544 Dicet
3370 1489 3536 1552 alius,
3569 1489 3685 1559 jam

2108 1587 2221 1633 tum
2258 1579 2519 1635 Davidem
2551 1580 2724 1636 fuisse
2763 1596 2973 1651 regem,
3013 1587 3204 1650 utpote
3255 1594 3286 1633 a
3324 1578 3584 1635 Samuele
3628 1579 3685 1634 in

2107 1688 2289 1743 regem
2325 1681 2574 1742 unctum,
2610 1683 2775 1745 atque
2801 1682 2860 1728 ut
2912 1675 3075 1728 talem
3114 1688 3145 1727 a
3181 1672 3294 1729 Deo
3327 1681 3682 1743 reputatum;

2109 1765 2219 1820 imo
2248 1765 2414 1820 etiam
2447 1774 2579 1821 tunc
2615 1766 2877 1835 temporis
2917 1780 3180 1836 regnasse
3217 1766 3272 1819 in
3308 1773 3525 1835 gentem
3560 1779 3685 1818 sese

2108 1856 2485 1921 comitantem,
2541 1855 2703 1925 cujus
2744 1855 2996 1917 meminit
3043 1854 3296 1908 historia.
3340 1852 3484 1919 Quia
3518 1853 3703 1923 igitur.

2108 1949 2513 2020 insequentium
2542 1950 2723 2021 ipsum
2760 1949 2922 2003 finem
2958 1962 3140 2003 sermo
3171 1946 3506 2012 declaravit,
3540 1959 3679 1998 con-

2108 2050 2402 2113 sequenter
2444 2043 2621 2113 ipsius
2661 2056 2900 2113 quoque,
2954 2048 3145 2111 utpote
3198 2032 3402 2108 magno
3428 2034 3681 2108 profectu

2108 2134 2279 2192 aucti,
2312 2134 2565 2188 laborum
2607 2132 2772 2188 ﬁnem
2800 2131 3159 2187 vaticinatur.
3216 2127 3399 2195 Quare
3437 2126 3679 2181 dicitur:

2115 2245 2133 2277 ι
2164 2224 2279 2281 Rex
2308 2240 2439 2281 vero
2470 2225 2747 2281 laetabitur
2776 2224 2832 2277 in
2883 2222 3048 2277 Deo.)
3102 2220 3238 2274 Nam
3268 2228 3327 2274 ut
3376 2232 3682 2290 generosus

2108 2317 2202 2374 Dei
2234 2317 2461 2381 athleta,
2520 2316 2734 2388 magnis
2782 2306 2948 2369 editis
2989 2311 3407 2375 certaminibus,
3440 2309 3683 2381 praemiis

2107 2410 2418 2478 divinisque
2456 2410 2679 2464 coronis
2716 2408 2978 2471 donatus,
3011 2422 3097 2469 ea,
3135 2421 3258 2476 qua:
3289 2419 3456 2475 penes
3496 2402 3681 2471 ipsum

2107 2502 2489 2573 agonothetam
2535 2509 2642 2563 est,
2683 2501 2867 2555 laetitia
2902 2499 3140 2554 fruetur.
3208 2495 3281 2552 Ut
3331 2511 3363 2551 e
3413 2506 3684 2551 converso

2106 2594 2312 2649 inimici
2330 2593 2450 2663 ejus
2475 2609 2584 2647 non
2616 2592 2856 2647 faustum
2884 2591 3047 2645 finem
3077 2591 3458 2652 obtinuerunt,
3481 2587 3684 2657 quippe

2105 2686 2200 2757 qui
2226 2686 2281 2739 in
2311 2684 2575 2739 inferiora
2603 2691 2766 2739 terra:
2799 2682 3060 2752 ingressi,
3093 2690 3147 2734 et
3174 2678 3362 2733 traditi
3402 2678 3459 2732 in
3482 2689 3683 2729 manus

2105 2780 2291 2852 gladii,
2323 2788 2507 2850 partes
2558 2776 2801 2846 vulpium
2846 2775 3070 2829 fuerint.
3132 2772 3265 2838 Quae
3308 2769 3377 2823 ad
3436 2768 3682 2822 litteram

2105 2875 2326 2943 impleta
2355 2886 2479 2927 esse
2512 2868 2568 2923 in
2612 2866 2847 2923 historia
2896 2872 3177 2927 narratur,
3208 2859 3430 2932 quando
3473 2861 3542 2913 ab
3574 2857 3684 2912 ini-

2103 2963 2265 3018 micis
2312 2961 2527 3032 fugiens
2560 2957 2691 3014 Saul
2733 2958 2975 3012 latebras
3003 2953 3307 3026 quaerebat,
3343 2952 3685 3022 petitamquo

2104 3053 2269 3110 aDeo
2323 3069 2480 3124 opem
2522 3050 2635 3107 non
2663 3051 2923 3113 obtinuit,
2959 3063 3138 3118 neque
3181 3046 3365 3100 divino
3416 3056 3684 3112 responso

2105 3147 2364 3217 dignatus
2391 3154 2515 3213 est;
2552 3147 2627 3200 ita
2677 3155 2738 3200 ut
2780 3143 2905 3198 ideo
2955 3137 3448 3212 engastrimytham
3481 3134 3679 3197 adiret,

2105 3247 2157 3292 et
2197 3255 2227 3291 a
2257 3238 2366 3293 Deo
2402 3238 2572 3292 vetita
2602 3236 2877 3291 curiosius
2910 3232 3234 3302 inquireret.
3287 3225 3445 3281 Tunc
3487 3236 3679 3278 revera

2107 3340 2288 3402 partes
2330 3331 2575 3402 vulpium
2621 3329 2794 3392 fuere,
2827 3341 2952 3382 cum
2985 3323 3234 3387 ille,tum
3259 3318 3491 3374 comites
3536 3314 3680 3384 ejus.

2103 3423 2286 3491 Quare
2308 3425 2407 3479 abs
2443 3422 2552 3477 Deo
2578 3420 2851 3493 derelicti,
2877 3412 3064 3490 g'ladio
3093 3413 3446 3470 inimicorum
3492 3406 3680 3463 traditi

2103 3522 2254 3579 sunt,
2285 3522 2341 3569 et
2372 3513 2429 3568 in
2462 3513 2607 3570 bello
2630 3511 2972 3566 ceciderunt.
3033 3506 3188 3561 Sicut
3225 3503 3391 3574 igitur
3424 3500 3517 3555 illa
3546 3512 3683 3553 non-

2102 3604 2232 3660 dum
2269 3605 2438 3669 edita,
2470 3602 2894 3673 insequentibus
2936 3597 3198 3653 Davidem
3238 3594 3564 3656 obventura,
3611 3604 3681 3644 ex

2101 3699 2448 3770 praescientia
2474 3697 2973 3759 renuntiabantur,
3005 3692 3081 3746 ita
3102 3697 3157 3746 et
3188 3688 3293 3758 ipsi
3320 3683 3513 3739 Davidi
3545 3696 3679 3753 pro-

2100 3805 2321 3859 sperum
2350 3789 2509 3843 finem
2548 3786 2790 3857 Spiritus
2809 3794 3036 3852 sanctus
3066 3779 3395 3852 praedicebat
3433 3775 3520 3830 bis
3550 3787 3679 3828 ver-

2103 3885 2209 3948 bis,
2249 3903 2266 3934 ι
2293 3883 2411 3937 Rex
2438 3896 2571 3938 vero
2593 3880 2866 3935 laetabitur
2897 3878 2953 3931 in
2999 3875 3164 3931 Deo.)
3232 3872 3369 3928 Cum
3417 3867 3564 3924 enim
3617 3865 3676 3921 in

2098 3975 2210 4031 Deo
2256 3988 2407 4045 spem
2444 3972 2710 4043 posuerit,
2762 3969 2979 4039 ipsique
3025 3967 3266 4020 animam
3319 3957 3677 4028 conjunxerit

2096 4080 2275 4130 suam,
2306 4066 2379 4118 ita
2411 4072 2471 4117 ut
2504 4062 2674 4124 dicat,
2711 4080 2729 4112 ι
2754 4058 3000 4114 Adhaesit
3030 4057 3214 4110 anima
3242 4067 3362 4108 mea
3396 4057 3519 4121 post
3541 4056 3614 4112 te,
3642 4064 3665 4098 ι

2097 4170 2450 4227 supernama
2483 4154 2592 4211 Deo
2650 4151 2891 4207 laetitiam
2948 4143 3236 4201 obtinebit.
3295 4141 3375 4195 Ac
3419 4134 3675 4227 quisquis

2096 4225 2199 4302 bac
2231 4245 2299 4300 dc
2328 4260 2386 4299 re
2411 4243 2637 4313 juravit,
2674 4249 2734 4295 ut
2767 4240 2907 4294 bene
2940 4236 3152 4306 prolato
3197 4233 3513 4302 juramento
3553 4225 3671 4311 lau:

2095 4339 2354 4402 dabitur;
2426 4336 2566 4402 sive,
2597 4332 2901 4391 secundum
2944 4328 3218 4398 Aquilam,
3286 4343 3304 4374 ι
3332 4319 3673 4376 Gloriabitur

2092 4433 2187 4507 qui
2209 4433 2359 4502 jurat
2383 4430 2438 4484 in
2472 4444 2592 4483 eo.»
2635 4425 2770 4480 Nam
2799 4422 3054 4494 quisquis
3093 4418 3226 4473 nihil
3261 4416 3541 4477 dubitans,
3577 4411 3673 4480 ju-

403 4508 577 4564 ὀπίσω
605 4528 700 4565 σου
722 4551 736 4575 ,
773 4531 792 4563 ι
832 4513 934 4584 τῆς
981 4515 1243 4569 ἀνωτάτω
1280 4512 1528 4578 τεύξεται
1579 4511 1730 4583 παρὰ
1761 4512 1839 4584 τῷ
1867 4514 1986 4586 Θεῷ

2101 4531 2341 4578 ramento
2375 4517 2746 4579 allirmaverit,
2797 4528 2980 4583 regem
3014 4528 3043 4564 ιι
3075 4507 3355 4581 proposita
3388 4520 3486 4575 spe
3518 4519 3665 4557 nun-

402 4602 759 4675 εὐφροσύνης.
792 4606 903 4659 Καὶ
932 4608 1040 4671 πᾶς
1077 4606 1134 4660 δὲ
1159 4609 1187 4661 ὁ
1220 4606 1333 4659 ἐπὶ.
1357 4603 1566 4667 τούτοις
1597 4603 1765 4674 ὀμνὺς
1807 4606 1883 4668 ὡς
1922 4607 1990 4661 ἂν

2101 4631 2256 4688 quam
2288 4594 2750 4683 lapsurum‘esse,
2788 4613 2849 4660 ut
2903 4603 2997 4673 qui
3047 4609 3196 4657 recte
3225 4595 3515 4670 juraverit,
3550 4595 3668 4688 laus

401 4693 643 4766 εὐορκῶν
670 4695 1089 4768 ἐπαινεθήσεται
1109 4714 1124 4729 ·
1154 4697 1187 4769 ἦ
1218 4697 1360 4752 κατὰ
1392 4697 1484 4750 τὸν
1513 4692 1767 4760 Ἀκύλαν,
1805 4720 1822 4750 ε
1845 4701 1993 4753 Καυ-

400 4787 626 4855 χήσεται
651 4789 680 4840 0
704 4788 918 4859 ὀμνύων
948 4792 1007 4843 ὲν
1028 4790 1199 4863 αὐτῷ.
1234 4812 1252 4845 ι
1287 4792 1346 4846 ’0
1371 4793 1481 4864 γὰρ
1507 4794 1581 4865 μὴ
1610 4792 1987 4868 ἀμφιθὰλλων,

400 4878 537 4933 ἀλλὰ
573 4882 667 4934 καὶ
705 4881 867 4953 ὅρκον
893 4882 1177 4955 τιθέμενος
1215 4886 1344 4956 περὶ
1375 4886 1470 4939 τοῦ
1501 4889 1707 4959 μήποτε
1740 4888 1992 4940 ἐκπεσεῖ-

402 4972 525 5029 σθαι
555 4975 647 5029 τὸν
677 4976 902 5047 βασιλέα
1068 4976 1488 5049 ἐπηγγελμένης
1513 4978 1758 5044 ἐλπίδος,
1789 4977 1990 5031 ὡσανεὶ

399 5066 674 5139 εὐορκῶν,
717 5070 1157 5135 ἐπαινεθήσεται.
1194 5068 1307 5122 Καὶ
1343 5067 1515 5123 ταῦτα
1548 5069 1701 5125 ἔσται
1738 5070 1866 5142 περὶ
1897 5069 1989 5122 τὸν

400 5158 622 5229 βασιλέα
638 5161 880 5235 καὶπερὶ
904 5162 1080 5216 πάντα
1093 5161 1184 5214 τὸν
1210 5159 1452 5232 ὀμνύντα
1479 5162 1607 5234 περὶ
1630 5161 1852 5222 αὐτοῦ,ι
1866 5161 1987 5214 Ὅτι

398 5253 674 5325 ὲνεφράγη
703 5254 765 5308 τὸ
798 5253 975 5325 στόμα
999 5253 1304 5307 λαλούντων
1333 5252 1519 5308 ἄδικα.
1563 5273 1582 5305 ι
1622 5253 1761 5308 ΚαθὛ
1791 5252 1985 5323 ἑτέραν

396 5343 452 5396 δὲ
477 5344 717 5400 διάνοιαν
754 5345 846 5399 τοῦ
875 5345 1083 5398 δικαίου
1127 5344 1503 5414 τελειουμένω
1538 5344 1679 5400 κατὰ
1717 5344 1815 5407 τὰς
1847 5345 1983 5397 ἀπο-

395 5434 640 5502 δοθείσας
669 5439 725 5491 ὲν
755 5439 922 5509 ἀρετῇ
954 5437 1241 5509 προκοπὰς
1259 5476 1275 5502 ,
1304 5437 1486 5510 χαίρει
1510 5439 1605 5491 καί
1632 5437 1983 5509 εὐφραίνεται

397 5528 426 5579 0
459 5528 713 5598 βασιλεὺς
735 5571 750 5594 ,
782 5532 811 5583 ὁ
845 5529 942 5583 τοῦ
987 5529 1122 5582 Θεοῦ
1152 5530 1464 5602 Μονογενὴς
1490 5530 1619 5592 Υἱὸς
1643 5528 1982 5601 εὐχαριστῶν

395 5618 472 5689 τῷ
502 5620 694 5674 ἑαυτοῦ
729 5621 924 5691 Πατρὶ,
946 5620 1024 5691 τῷ
1055 5619 1124 5673 τὰ
1146 5620 1450 5692 τηλικαῦτα
1472 5619 1787 5691 χαρίσματα
1819 5618 1981 5672 δεδωο

397 5711 614 5782 ρημένᾳ
650 5714 717 5783 τῇ
753 5710 862 5765 τῶν
898 5711 1201 5783 ἀνθρώπων
1231 5713 1388 5782 φύσα.
1430 5711 1629 5765 Τοῦτον
1664 5710 1720 5763 δὲ
1762 5708 1852 5763 τὸν
1882 5709 1979 5779 βα·-

397 5822 411 5851 ι
434 5800 547 5855 ιλέα
574 5805 602 5857 0
630 5806 809 5874 γνοὺς,
839 5805 930 5858 καὶ
958 5805 1140 5878 ὅρκιον
1167 5804 1334 5859 αὐτοῦ
1369 5803 1687 5874 ποιούμενος
1714 5801 1973 5872 τοῦνομα,

2089 4686 2333 4761 dabitur.
2378 4703 2444 4756 Et
2474 4703 2592 4757 haec
2633 4699 2951 4768 contingent
2982 4702 3099 4749 tum
3145 4691 3283 4762 regi,
3319 4698 3433 4744 tum
3475 4688 3543 4760 iis
3573 4686 3666 4756 qui

2091 4796 2159 4852 de
2196 4797 2315 4867 ipso
2359 4791 2691 4864 juraverint,
2743 4808 2761 4840 ι
2788 4788 2920 4859 quia
2963 4786 3311 4842 obstructum
3354 4788 3439 4835 est
3484 4794 3547 4835 os
3586 4779 3668 4833 lo-

2091 4889 2378 4960 quentium
2408 4885 2621 4956 iniqua.
2647 4900 2666 4934 »
2719 4879 3036 4936 Secundum
3072 4877 3234 4931 aliam
3277 4886 3408 4928 vero
3445 4879 3670 4927 senten-

2088 4983 2223 5037 tiam
2256 4978 2582 5049 cumjustus
2604 4975 2871 5031 virtutum
2901 4968 3151 5041 profectu
3177 4972 3373 5020 auctus
3402 4978 3665 5018 consum-

2088 5084 2304 5138 matur,
2361 5081 2492 5126 tunc
2534 5068 2736 5139 gaudet
2777 5081 2875 5121 rex
2924 5069 2980 5117 et
3025 5058 3286 5125 exsultat,
3337 5052 3665 5124 Unigenitus

2089 5165 2301 5222 scilicet
2332 5162 2428 5217 Dei
2456 5158 2651 5224 Filius,
2702 5155 2852 5209 Patri
2884 5166 2986 5209 suo
3031 5150 3239 5222 gratias
3267 5145 3535 5207 referens,
3570 5142 3665 5211 qui

2086 5255 2344 5309 humanae
2377 5260 2587 5306 naturae
2622 5256 2775 5302 tanta
2806 5245 3109 5316 gratiarum
3154 5239 3298 5294 dona
3342 5233 3662 5290 contulerit.

2086 5347 2247 5404 Hunc
2306 5360 2474 5417 porro
2521 5356 2704 5414 regem
2755 5339 2851 5411 qui
2895 5334 3131 5400 noverit,
3166 5333 3399 5401 ejusque
3441 5326 3662 5417 nomine

2083 5443 2150 5495 ad
2199 5416 2579 5510 juramentum
2611 5448 2745 5489 usus
2808 5429 2994 5493 fuerit,
3031 5428 3078 5483 is
3125 5440 3257 5481 sane
3308 5421 3457 5510 omni
3500 5416 3660 5510 laude

2083 5508 2283 5601 dignus
2319 5527 2623 5591 habeatur;
2666 5530 2855 5592 utpote
2904 5518 2995 5589 qui
3046 5513 3353 5574 edidicerit,
3388 5508 3655 5601 ejusgvir-

2082 5599 2198 5676 tute
2226 5620 2437 5690 justum
2465 5620 2937 5676 consummatum,
2968 5616 3023 5664 et
3050 5623 3113 5663 os
3143 5602 3423 5676 quod‘ibet
3450 5599 3659 5690 injusta

2083 5686 2253 5760 multa
2288 5701 2576 5774 proferens
2607 5700 2957 5755 obstructum
2988 5696 3180 5751 fuisse.
3235 5688 3463 5746 Etiamsi
3510 5686 3657 5741 enim
3688 5702 3695 5707 ο

2082 5803 2373 5870 aliquanto
2412 5803 2665 5864 tempore
2723 5803 3047 5847 concessum
3081 5785 3261 5859 impiis
3298 5784 3419 5847 fuit,
3472 5786 3660 5833 utore
