4090 6410
380 287 492 341 615

1061 284 1331 340 essent!
1369 284 1850 341 C.’ESA|Un.~U-b
1887 302 2038 345 ur't’.
2083 284 2269 343 PARS
2299 282 2392 341 ἱῐῖ.
2438 310 2507 324 --
2547 276 2956 335 EXEGETICA.

3541 278 3645 337 6l6

376 403 584 474 iniusta
616 399 790 456 multa
845 398 1177 471 proferrent,
1211 408 1267 457 et
1299 401 1618 472 blasphema
1648 368 1797 457 dicta
1826 408 1957 456 co'n-

2064 399 2265 464 παντὸς
2295 398 2493 469 γένοιτ’
2522 395 2589 449 ἂν
2620 397 2845 449 ἐπαίνου
2879 394 3049 460 ἄξιος,
3081 393 3156 458 ὡς
3187 394 3253 448 ἂν
3289 393 3648 467 μεμαθηκὼς»

374 505 458 549 tra
512 494 721 564 justum
775 493 1069 565 ipsumque
1126 492 1298 548 De'tm
1350 502 1695 566 spargerent.
1745 501 1956 565 utpote,

374 585 469 657 qui
515 585 665 639 viros
698 584 785 641 sui
835 598 1006 638 causa
1048 583 1239 649 pulsos
1273 599 1381 637 non
1425 584 1818 650 ulcisceretur;
1849 583 1960 639 illis

373 693 509 734 sane
542 693 651 732 non
702 678 1058 748 permittetur
1088 687 1148 731 ut
1197 676 1264 731 ad
1300 678 1461 733 tinem
1501 694 1676 748 usque
1707 676 1834 730 talia
1863 675 1960 730 de-

373 769 682 836 blatereiit;
741 770 837 824 sed
889 784 953 824 os
1022 768 1251 841 impium
1318 771 1564 839 ipsorum
1616 769 1957 832 obstruetur,

371 863 722 932 cessabitque
775 861 867 915 illa
916 868 1113 914 contra
1162 862 1282 932 pios
1328 861 1582 916 homines
1620 860 1956 931 arrogantia,

371 969 499 1006 cum
529 954 651 1008 illos
678 961 1013 1008 memoratus
1044 952 1167 1007 linis
1205 953 1504 1023 exceperit.

2060 490 2142 542 ὅτι
2182 490 2249 559 τῇ
2296 485 2462 541 αὑτοῦ
2512 484 2741 555 δυνάμει
2789 485 2881 538 καὶ
2909 487 2937 537 ὁ
2962 484 3168 548 δίκαιος
3200 482 3485 555 ἐτελειώθη
3507 524 3523 549 ,
3556 484 3653 539 καὶ

2064 582 2172 633 πᾶν
2206 579 2378 651 στόμα
2401 577 2465 632 τὸ
2494 577 2662 632 πολλὰ
2702 576 2898 630 λαλοῦν
2927 576 3087 629 ἄδικα
3112 576 3409 645 ἐνεφράγη.
3443 576 3508 629 EE
3541 574 3652 648 γὰρ

2062 673 2155 726 καὶ
2181 673 2252 726 τὰ
2288 672 2523 743 μάλιστα
2552 671 2728 742 καιρῷ
2759 688 2867 723 τινι
2902 672 3258 741 συνεχωρεῖτο
3286 669 3364 740 τῷ
3386 668 3495 721 τῶν
3520 669 3650 722 ἀσε-

2061 767 2172 820 ϐῶν
2215 766 2443 837 στόματι
2472 764 2651 818 λαλεῖν
2698 764 2859 817 ἄδικα
2894 765 2989 817 καὶ
3037 762 3525 834 καταϐλασφημεῖν
3555 760 3651 816 τοῦ

2059 859 2292 925 δικαίου,
2322 858 2418 911 καὶ
2454 857 2620 910 αὐτοῦ
2645 856 2739 910 τοῦ
2768 857 2928 920 Θεοῦ,
2977 856 3054 919 ὡς
3086 856 3251 927 μηδὲν
3278 854 3652 927 ἐπαμύνοντος

2068 953 2184 1015 τοῖς
2211 951 2277 1005 δι’
2301 949 2462 1003 αὐτὸν
2482 949 2876 1019 ἐλαυνομένοις
2897 948 3011 1002 ἀλλ’
3033 949 3134 1001 οὐκ
3157 950 3235 1011 είς
3255 947 3406 1010 τέλος
3426 941 3651 1001 τοιαῦτα

372 1044 552 1098 λαλεῖν
588 1043 1135 1115 συγχωρηθήσονταν
1166 1046 1509 1117 φραγήσεται
1554 1044 1612 1099 δὲ
1662 1043 1843 1100 αὐτῶν
1894 1042 1955 1098 τό
1991 1044 2187 1108 ὰσεῦἐς
2215 1044 2412 1115 στόμα,
2472 1044 2568 1096 καὶ
2594 1045 2627 1113 ή
2660 1042 2800 1097 κατὰ
2830 1042 2938 1096 τῶν
3005 1040 3268 1111 θεοφιλῶν
3302 1040 3513 1113 ἀνδρῶν
3553 1058 3648 1112 μεο

372 1137 644 1209 γαλαυχία
674 1136 1041 1207 παυθήσεται,
1083 1138 1303 1192 ἐπειδὰν
1349 1135 1632 1209 καταλάϐῃ
1667 1137 1867 1201 αὐτοὺς
1895 1136 1965 1191 τὰ
1999 1136 2371 1209 προλεχθέντα
2407 1135 2559 1207 τέλη.

554 1253 707 1327 1.;1Ν
738 1252 950 1307 FINEM
979 1251 1553 1326 PSALMUSLDAVID
1594 1252 1774 1309 LXIII.

451 1367 619 1422 Vens.
655 1367 711 1432 2,
746 1368 800 1423 ἵ».
856 1386 876 1419 ι
903 1366 1135 1433 Exaudi,
1194 1366 1362 1433 Deus,
1412 1368 1721 1423 orationem
1755 1381 1955 1432 meam,

375 1478 503 1517 cum
560 1461 862 1532 deprecor:
910 1475 942 1514 a
985 1462 1183 1516 timore
1246 1460 1457 1516 inimici
1505 1462 1660 1531 eripe
1716 1461 1958 1516 animam

375 1569 606 1608 meam.»
670 1552 919 1608 Praesens
952 1568 1170 1623 quoque
1199 1553 1447 1624 psalmus
1478 1553 1531 1607 in
1564 1554 1726 1609 linem
1766 1553 1959 1608 remit-

377 1647 464 1708 tit,
497 1661 607 1717 quo
635 1646 825 1701 bravia
857 1662 1111 1717 supernae
1144 1646 1479 1702 vocationis.
1507 1655 1561 1701 et
1591 1645 1825 1716 justitite
1862 1661 1960 1701 co-

2193 1254 2300 1306 ΕῙΣ
2336 1253 2424 1306 ΤΟ
2462 1252 2681 1306 ΤΕΛΟΣ
2717 1251 3009 1306 ΨΑΛΜΟΣ
3048 1251 3136 1322 Τῼ
3171 1250 3371 1304 ΔΑΥῙΔ
3407 1248 3524 1305 ΞΡ.

2141 1385 2161 1417 ι
2191 1365 2556 1430 Είσάκουσον,
2601 1368 2630 1420 ὁ
2658 1365 2822 1433 Θεὸς,
2852 1365 3161 1436 προσευχῆς
3195 1382 3298 1435 μου
3352 1365 3409 1416 ἐν
3456 1363 3533 1435 τῷ
3562 1363 3647 1417 δέι

2065 1460 2222 1515 εσθαί
2252 1478 2319 1532 με
2339 1501 2355 1526 ,
2380 1460 2489 1514 ἀπὸ
2517 1460 2682 1530 φόϐου
2709 1458 2906 1531 ἐχθροῦ
2929 1459 3110 1526 ἐξέλου
3136 1459 3236 1530 τὴν
3255 1458 3432 1529 ψυχήν
3464 1475 3587 1528 μου.
3623 1477 3643 1509 ι

2063 1553 2176 1611 Καὶ
2204 1554 2233 1606 ὁ
2269 1552 2460 1624 παρὼν
2483 1551 2698 1624 ψαλμὸς
2732 1554 2815 1616 είς
2845 1551 2905 1605 τὸ
2933 1550 3086 1615 τέλος
3124 1549 3440 1621 ἀναπέμπει
3459 1566 3473 1580 ·
3508 1550 3566 1603 ἐν
3605 1542 3652 1617 ᾧ

2063 1644 2133 1700 τὰ
2176 1645 2403 1718 βραδεῖα
2429 1646 2530 1717 τῆς
2562 1646 2675 1700 ἄνω
2705 1646 2954 1717 κλήσεως
2978 1683 2993 1708 ,
3031 1645 3123 1698 καὶ
3152 1645 3279 1707 τοὺς
3320 1643 3418 1714 τῆς
3443 1641 3649 1696 δικαιο-

375 1754 563 1800 ronas,
593 1738 685 1808 qui
718 1740 920 1792 bonum
968 1746 1248 1794 certamen
1293 1746 1666 1802 certaverunt,
1696 1755 1727 1793 a
1758 1754 1957 1810 magno

2066 1737 2231 1809 σύνης
2261 1738 2556 1807 στεφάνους
2577 1740 2626 1791 οἱ
2647 1738 2739 1792 τὸν
2770 1737 3073 1807 ἁγῶνατὸν
3102 1735 3264 1790 καλὸν
3286 1733 3649 1806 διηγωνισμέο

373 1829 470 1883 illo
499 1828 827 1898 agonotheta
859 1827 1137 1897 accepturi
1179 1837 1328 1883 sunt.
1379 1828 1563 1894 Quare
1592 1829 1648 1883 in
1684 1828 1956 1898 principio

2060 1846 2143 1883 νοι
2202 1829 2354 1901 παρὰ
2382 1829 2477 1883 τοῦ
2509 1829 2746 1900 μεγάλου
2774 1829 3036 1900 λήψονται
3063 1827 3423 1899 ἀγωνοθέτου.
3458 1827 3549 1879 Διὸ
3578 1827 3649 1881 τά

375 1919 593 1989 psalmi,
647 1917 855 1972 inimici
890 1928 945 1973 et
989 1918 1166 1989 iniqui
1200 1917 1452 1975 homines
1507 1926 1702 1973 contra
1739 1917 1956 1987 justum

375 2008 723 2081 insurgentes
749 2010 1122 2078 inducuntur;
1159 2010 1216 2065 in
1248 2009 1356 2066 ﬁne
1385 2017 1570 2067 autem
1618 2010 1791 2067 totius
1833 2025 1954 2065 ser-

374 2105 557 2161 monis
589 2119 743 2175 spem
772 2105 968 2159 bonam
1000 2104 1259 2175 obsignat
1302 2104 1389 2161 his
1419 2104 1627 2170 verbis,
1679 2121 1699 2156 ι
1724 2102 1957 2159 Laetabi-

374 2198 671 2267 turjustus
700 2198 757 2252 in
791 2196 1047 2265 Domino,
1076 2204 1133 2253 et
1163 2198 1408 2268 sperabit
1450 2197 1507 2252 in
1536 2212 1628 2261 eo,
1670 2206 1726 2251 et
1765 2183 1956 2253 lauda-

374 2288 585 2343 buntur
625 2304 821 2345 omnes
867 2290 1005 2344 recti
1039 2289 1260 2344 corde.»
1305 2288 1494 2344 Talem
1552 2288 1797 2344 futurum
1831 2303 1956 2345 esse

375 2382 540 2436 ﬁnem
573 2380 734 2437 docet
763 2396 953 2437 eorum
985 2382 1079 2452 qui
1129 2396 1231 2452 pro
1277 2380 1494 2452 iustitia
1542 2388 1953 2438 concertarent.

373 2470 691 2544 Religiosus
727 2489 858 2529 vero
900 2473 1126 2537 athleta,
1165 2489 1195 2526 a
1228 2472 1508 2529 sexcentis
1544 2472 1805 2529 hostibus
1850 2473 1956 2528 ini-

375 2547 645 2636 micisque
688 2567 905 2628 animm,
936 2580 1048 2620 non
1077 2565 1255 2620 solum
1281 2564 1613 2631 visibilibus,
1660 2563 1754 2619 sed
1789 2564 1955 2620 etiam

372 2657 605 2712 occultis
638 2656 954 2727 impetibus,
1005 2655 1073 2710 ad
1106 2670 1275 2710 unum
1308 2652 1477 2710 Deum
1507 2653 1777 2726 confugit,
1807 2655 1956 2725 ejus-

370 2763 480 2817 que
508 2747 771 2802 auxilium
802 2748 1063 2818 postulat,
1089 2748 1205 2803 haac
1235 2754 1447 2802 tantum
1489 2763 1597 2802 non
1634 2748 1952 2816 proferens:

374 2861 397 2893 ε
419 2841 477 2896 Si
509 2840 653 2898 Deus
682 2856 781 2911 pro
808 2841 989 2906 nobis,
1017 2842 1141 2912 quis
1176 2850 1368 2896 contra
1412 2857 1514 2898 nos
1530 2842 1611 2896 "‘1
1636 2862 1654 2895 ι
1680 2842 1959 2909 Quamob-

372 2950 487 2989 rem
526 2935 783 3005 precibus
840 2934 936 2989 dat
974 2949 1214 3004 operam,
1269 2934 1437 2990 Deum
1488 2934 1754 2991 invocans
1786 2942 1840 2989 et
1871 2934 1957 2989 di-

368 3042 540 3083 cens:
578 3026 849 3092 «Exaudi,
898 3027 1063 3095 Deus,
1092 3028 1398 3084 orationem
1440 3043 1643 3093 meam,
1688 3042 1813 3082 eum
1859 3026 1957 3083 de-

374 3135 590 3191 precor.
621 3139 641 3172 ι
677 3119 781 3186 Qui
813 3135 944 3175 vero
971 3120 1287 3191 liujusmodi
1313 3137 1422 3177 non
1453 3128 1560 3186 est,
1605 3120 1702 3177 sed
1751 3121 1954 3176 divinis
1982 3153 2026 3213 ο

371 3212 661 3282 praeceptis
708 3228 817 3267 non
867 3213 1228 3284 obtemperat,
1270 3219 1425 3268 tanta
1474 3213 1675 3269 ﬁducia
1723 3212 1800 3268 uti
1845 3229 1953 3268 non

372 3305 553 3359 valet:
593 3318 700 3375 qua
756 3319 1014 3360 mensura
1050 3306 1198 3360 enim
1237 3306 1520 3367 metimur,
1550 3305 1742 3361 eadem
1777 3321 1957 3362 reme-

372 3395 541 3449 tietur
570 3396 750 3452 nobis.
797 3395 1145 3467 Quapropter
1182 3397 1236 3451 in
1281 3397 1592 3454 Proverbiis
1638 3397 1754 3453 lucc
1797 3397 1957 3452 inob-

370 3489 732 3561 sequentibus
775 3488 868 3545 Dei
918 3488 1199 3561 Sapientia
1244 3489 1451 3546 edicit:
1506 3487 1693 3557 «Quia
1741 3488 1955 3556 vocavi,

367 3589 426 3636 et
453 3596 563 3636 non
609 3581 902 3645 obedistis,
947 3580 1168 3636 extendi
1213 3594 1523 3647 sermones,
1555 3589 1751 3637 etnon
1780 3586 1958 3634 atten-

370 3675 563 3742 distis;
603 3674 699 3730 sed
733 3675 890 3729 irrita
938 3673 1151 3728 fecistis
1202 3673 1430 3730 consilia
1474 3689 1614 3739 mea,
1669 3674 1957 3745 praeceptis

371 3775 553 3822 autem
582 3768 722 3821 meis
756 3782 864 3821 non
898 3767 1341 3838 obtemperastis.
1378 3765 1570 3838 Itaque
1601 3784 1704 3839 ego
1734 3781 1957 3838 quoque

370 3858 426 3912 in
460 3858 687 3913 interitu
721 3868 905 3914 vestro
932 3858 1234 3915 ridebo".r
1280 3857 1394 3914 Erit
1422 3860 1566 3915 enim
1601 3866 1816 3931 tempus
1844 3874 1956 3929 quo

372 3952 706 4006 invocabitis
737 3967 845 4017 me,
896 3963 949 4006 et
986 3967 1088 4023 ego
1132 3966 1245 4007 non
1298 3953 1614 4008 exaudiam.
1671 3952 1729 4007 Si
1788 3952 1955 4023 igitur

366 4043 621 4099 exaudiri
658 4045 916 4099 volumus
954 4060 1077 4098 cum
1127 4045 1450 4101 invocamus
1484 4044 1679 4109 Deum,
1712 4044 1953 4116 idipsum

368 4152 473 4193 nos
534 4138 739 4194 divinis
813 4139 1102 4209 prazceplis
1160 4140 1608 4210 obtemperantes
1658 4138 1953 4193 faciamus.

369 4227 525 4285 Tunc
557 4232 705 4285 enim
739 4232 910 4285 multa
940 4245 1065 4284 cum
1103 4229 1303 4285 fiducia
1346 4245 1450 4285 nos
1478 4246 1698 4301 quoque
1726 4230 1839 4287 Deo
1867 4230 1955 4286 di-

369 4335 493 4376 cere
525 4323 830 4391 poterimus
858 4339 871 4375 :
910 4339 929 4371 ι
961 4320 1191 4386 Exaudi,
1227 4318 1395 4387 Deus,
1426 4321 1738 4377 orationem
1774 4336 1953 4376 meam

363 4425 491 4465 cum
523 4412 807 4480 deprecor.
838 4431 855 4461 ι
879 4410 1019 4476 Quid
1048 4418 1230 4465 autem
1259 4412 1453 4467 beatus
1480 4410 1651 4465 David
1684 4414 1952 4483 precaba-

2061 1921 2162 1993 μὲν
2209 1921 2404 1994 πρῶτα
2444 1920 2538 1975 τοῦ
2581 1921 2797 1994 ψαλμοῦ
2840 1922 3071 1994 ἐχθροὺς
3100 1922 3310 1992 εἰσάγει
3355 1923 3452 1976 καὶ
3485 1938 3653 1992 πονηα-

2062 2011 2391 2083 ρευομένους
2418 2011 2887 2083 ἐπανισταμένους
2913 2011 2992 2083 τῷ
3016 2012 3211 2084 δικαίῳ
3232 2028 3247 2043 ο
3276 2014 3335 2066 ἐν
3365 2012 3422 2066 δέ
3453 2011 3531 2085 τῷ
3561 2012 3654 2066 τέ·

2057 2103 2139 2157 λει
2170 2102 2266 2157 τοῦ
2295 2102 2498 2168 παντὸς
2525 2103 2685 2174 λόγου
2713 2103 2961 2175 χρηστάς
2988 2103 3211 2169 ἐλπίδας
3249 2105 3646 2178 ἐπισφραγίζεδ

2056 2211 2149 2248 ται
2179 2193 2351 2264 λέγων
2370 2211 2384 2225 ·
2419 2214 2437 2245 ι
2474 2195 2928 2266 Εύφρανθήσεται
2982 2195 3190 2260 δίκαιος
3228 2198 3286 2250 ἐν
3311 2196 3391 2268 τῷ
3423 2198 3613 2270 Κυρίῳ
3632 2236 3648 2262 ,

2058 2287 2153 2339 καὶ
2198 2286 2381 2340 ἐλπιεῖ
2418 2287 2506 2338 ἐπ’
2530 2286 2695 2341 αὐτόν
2714 2303 2728 2316 ’
2760 2287 2857 2339 καὶ
2887 2286 3337 2359 ἐπαινεθήσονται
3369 2286 3572 2351 πάντες
3598 2289 3651 2341 ot

2057 2377 2235 2442 εὐθεῖς
2262 2380 2330 2450 τῇ
2362 2377 2581 2450 καρδίᾳ.
2614 2397 2634 2429 ι
2662 2376 2904 2432 Τοιαῦτα
2940 2378 3010 2432 τὰ
3036 2379 3166 2451 τέλη
3195 2378 3306 2433 τῶν
3333 2380 3474 2452 ὑπὲρ
3497 2380 3657 2433 εύσεο

2058 2469 2210 2535 ϐείας
2239 2471 2627 2542 ἠγωνισμένων
2651 2467 2792 2525 εἶναι
2825 2470 3086 2527 διδάσκει.
3118 2472 3178 2526 '0
3207 2472 3272 2541 γέ
3300 2489 3382 2525 τοι
3404 2473 3505 2544 τῆς
3529 2470 3652 2526 θεοο

2060 2564 2275 2629 σεϐείας
2288 2564 2547 2636 ἀθλητὴς,
2567 2564 2795 2635 μυρίους
2822 2564 2962 2635 ἔχων
2983 2564 3211 2637 ἐχθροὺς
3233 2566 3330 2619 καὶ
3355 2565 3654 2636 πολεμίους

2057 2657 2160 2729 τῆς
2197 2655 2363 2710 αὑτοῦ
2387 2656 2586 2727 ψυχῆς,
2619 2656 2720 2728 οὐχ
2742 2658 2973 2729 ὁρατούς
3012 2657 3193 2728 μόνον,
3224 2656 3363 2711 ἀλλὰ
3388 2658 3485 2711 καὶ
3510 2659 3653 2728 ἀφαι

2058 2754 2170 2814 νεῖς
2188 2791 2204 2814 ,
2257 2750 2404 2822 μόνῳ
2436 2749 2776 2822 προσφεύγει
2810 2749 2896 2820 τῷ
2932 2748 3051 2821 Θεῷ
3082 2750 3178 2803 καὶ
3198 2751 3299 2820 τὴν
3328 2750 3458 2822 παρ’
3483 2750 3652 2804 αὑτοῦ

2062 2841 2313 2914 βοήθειαν
2339 2845 2519 2907 αἰτεῖ,
2552 2841 2836 2914 μονονουχὶ
2868 2842 3043 2911 λέγων
3064 2858 3077 2870 ·
3117 2861 3136 2893 ι
3169 2842 3233 2896 El
3272 2844 3302 2896 ό
3335 2842 3467 2907 Θεὸς
3510 2843 3655 2915 ὑπὲρ

2060 2937 2250 3009 ήμῶν,
2294 2938 2382 3002 τίς
2434 2938 2559 2992 καθ’
2594 2938 2750 3009 ήμῶν
2778 2954 2793 3004 ;
2824 2956 2844 2989 ι
2878 2939 2970 2991 Διὸ
3003 2940 3127 3001 ταῖς
3159 2938 3352 3008 εὐχαῖς
3400 2938 3653 3009 σχολάζει

2058 3028 2149 3082 τὸν
2180 3027 2315 3082 Θεὸν
2343 3026 2786 3098 ἀνακαλούμενος
2818 3027 2911 3082 καὶ
2939 3027 3114 3097 λέγων
3131 3044 3143 3056 ·
3183 3046 3203 3080 ι
3237 3027 3591 3091 Εἰσάκουσον,
3623 3031 3654 3083 ό

2059 3118 2225 3182 Θεὸς,
2270 3118 2582 3190 προσευχῆς
2612 3135 2714 3190 μου
2741 3120 2800 3172 ἐν
2845 3117 2924 3189 τῷ
2953 3118 3170 3173 δέεσθαι
3208 3136 3295 3190 με.
3337 3139 3356 3172 ι
3404 3119 3460 3173 ’0
3491 3119 3548 3173 δέ
3578 3120 3652 3192 μὴ

2056 3213 2300 3277 τοιοῦτος
2321 3251 2335 3274 ,
2365 3211 2695 3285 παρακούων
2727 3211 2786 3264 δέ
2816 3210 2925 3265 τῶν
2953 3211 3048 3265 τοῦ
3092 3211 3230 3266 Θεοῦ
3260 3213 3650 3285 παραγγελμὰ-

2056 3321 2185 3369 των,
2211 3305 2312 3358 οῦκ
2344 3305 2409 3357 ἂν
2435 3303 2656 3357 δύναιτο
2694 3300 2936 3375 χρῆσθαι
2963 3304 3032 3373 τῇ
3061 3300 3301 3373 τοσαύτῃ
3332 3302 3645 3374 παρρησίᾳο

2055 3389 2099 3462 ᾧ
2121 3395 2230 3466 γὰρ
2259 3393 2443 3466 μέτρῳ
2473 3391 2782 3465 μετροῦμεν
2815 3394 3232 3465 ἅντιμετρεῖται
3262 3395 3414 3465 ἡμῖν.
3449 3392 3651 3464 Διόπερ

2057 3488 2115 3542 ἐν
2141 3484 2473 3558 Παροιμίαις
2513 3486 2547 3556 ἡ
2574 3483 2669 3538 τοῦ
2705 3484 2841 3538 Θεοῦ
2879 3484 3042 3556 σοφία
3071 3485 3211 3557 πρὸς
3250 3486 3374 3550 τοὺς
3403 3484 3649 3549 ἀπειθεῖς

2057 3578 2403 3633 ἀποτείνεται
2446 3575 2681 3646 λέγουσα
2700 3593 2716 3607 ο
2760 3596 2779 3629 ι
2821 3576 2964 3630 ‘Ave’
3007 3569 3084 3631 ὧν
3118 3577 3368 3641 ἐκάλουν,
3419 3578 3515 3632 καὶ
3550 3579 3649 3649 οὐχ

2057 3668 2425 3741 ὑπηκούσατε,
2454 3668 2549 3723 καὶ
2578 3668 2845 3736 ἐξέτεινον
2868 3668 3083 3740 λόγους,
3107 3672 3202 3725 καὶ
3226 3672 3288 3725 οὺ
3311 3671 3647 3743 προσείχετε·

2056 3761 2173 3816 ἀλλ’
2216 3760 2456 3834 ἀκύρους
2508 3763 2746 3816 ἐποιεῖτε
2789 3762 2893 3827 τὰς
2938 3762 3080 3836 ἐμὰς
3131 3762 3367 3836 βουλάς,
3426 3766 3547 3828 ταῖς
3595 3762 3652 3815 δὲ

2057 3858 2218 3928 ἐμαῖς
2257 3831 2498 3920 ἐντολαῖς
2534 3855 2594 3909 ού
2645 3831 2989 3928 προσείχετεξ
3032 3858 3077 3911 Τ
3078 3831 3336 3929 οιγαροῦν
3379 3856 3535 3926 κάγὼ
3582 3859 3650 3928 τῇ

2057 3947 2301 4020 ὑμετέρᾳ
2346 3947 2595 4020 ἀπωλείᾳ
2634 3949 3050 4021 ἐπιγελάσομαι.
3093 3968 3112 4000 ι
3164 3951 3358 4003 Ἔσται
3409 3948 3518 4018 γὰρ
3561 3948 3649 4001 ὅτε

2057 4042 2447 4097 ἐπικαλέσεσθε
2474 4061 2563 4115 με,
2589 4043 2699 4113 ἐγὼ
2731 4045 2789 4099 δέ
2813 4046 2913 4099 οὐκ
2938 4042 3348 4110 είσακούσομαι.
3376 4043 3439 4094 Et
3468 4042 3647 4094 τοίνυν

2058 4134 2438 4189 είσακούεσθαι
2470 4135 2770 4209 βουλόμεθα
2804 4140 2862 4191 ἐν
2894 4130 2975 4199 οἷς
3003 4133 3233 4204 δεόμεθα
3252 4131 3348 4185 τοῦ
3374 4133 3534 4198 Θεοῦ,
3554 4133 3649 4187 καὶ

2060 4230 2214 4283 αὐτοὶ
2247 4228 2407 4283 τοῦτο
2431 4231 2761 4302 πράττωμεν
2790 4231 2903 4291 τοῖς
2934 4227 3027 4281 τοῦ
3048 4226 3185 4279 Θεοῦ
3214 4227 3650 4299 παραγγέλμασι

2058 4323 2414 4388 καταπειθεῖς
2441 4323 2774 4394 γιγνόμενοι.
2809 4321 2943 4375 Τότε
2973 4320 3084 4393 γὰρ
3110 4321 3206 4373 σὺν
3235 4320 3403 4393 πολλῇ
3439 4323 3649 4394 παρρηο

2061 4417 2151 4489 σία
2176 4419 2272 4472 καὶ
2300 4416 2454 4471 αὐτοὶ
2487 4416 2653 4485 φάναι
2679 4412 3027 4486 δυνησόμεθα
3050 4412 3129 4484 τῷ
3150 4412 3270 4484 Θεῷ
3293 4430 3308 4445 ·
3338 4434 3356 4466 ι
3386 4415 3645 4469 Είσάκουο

367 4510 459 4557 tur
507 4503 693 4574 (illius
753 4518 1009 4573 namque,
1058 4511 1118 4557 ut
1160 4505 1396 4565 aestimo,
1449 4504 1616 4559 verba
1676 4513 1845 4573 sunt,
1880 4522 1948 4563 eo

2058 4527 2179 4575 σον,
2203 4513 2233 4564 ὁ
2252 4509 2388 4574 Θεὸς
2406 4549 2421 4575 ,
2449 4508 2549 4579 τῆς
2583 4507 2895 4578 προσευχῆς
2923 4524 3023 4578 μου
3062 4509 3121 4560 ἐν
3146 4507 3224 4578 τῷ
3254 4506 3468 4562 δὲεσθαί
3497 4526 3585 4580 με.
3619 4528 3639 4562 ι

367 4602 611 4665 tempore
646 4594 859 4664 prolata
891 4609 1002 4663 quo
1043 4610 1071 4647 a
1106 4592 1273 4651 Saule
1301 4603 1356 4650 et
1390 4596 1690 4654 comitibus
1715 4598 1838 4669 ejus
1870 4597 1952 4653 fu-

366 4687 610 4758 giebat),
678 4694 739 4740 ut
768 4686 953 4741 anima
1011 4687 1187 4757 ipsius
1221 4702 1250 4740 a
1288 4687 1485 4744 timore
1515 4689 1726 4745 inimici
1771 4692 1950 4760 eripe-

368 4787 540 4843 retur,
575 4795 683 4834 non
717 4787 898 4834 autem
927 4789 986 4834 ut
1018 4780 1277 4835 inimicos
1325 4796 1436 4835 non
1471 4782 1718 4846 haberet,
1756 4791 1852 4837 aut
1889 4792 1950 4837 ιιι

368 4871 600 4925 consilia
644 4886 835 4925 eorum
880 4871 1336 4941 eliminarentur;
1396 4874 1491 4930 sed
1539 4875 1723 4929 anima
1772 4876 1950 4946 ipsius

369 4964 742 5033 imperterrita
772 4972 826 5018 et
856 4963 1129 5034 intrepida
1154 4974 1440 5033 maneret;
1479 4974 1538 5021 ut
1585 4967 1951 5036 imperturba-
1992 4980 1995 4985 ‘

366 5066 482 5111 tmn
537 5070 737 5126 gerens
788 5055 1057 5118 animum,
1102 5056 1219 5126 ipse
1250 5056 1481 5127 perinde
1535 5056 1949 5129 atquePaulus

365 5152 608 5207 diceret:
653 5166 673 5201 ι
698 5147 757 5202 ln
808 5149 1066 5203 omnibus
1101 5149 1515 5204 tribulationem
1552 5151 1817 5221 patimur,
1854 5150 1952 5206 sed

365 5259 473 5298 non
509 5243 924 5313 angustiamur;
958 5242 1393 5311 persecutionem
1425 5242 1687 5312 patimur,
1712 5242 1806 5298 sed
1840 5257 1953 5297 non

364 5338 838 5407 derelinquimur;
883 5336 1197 5404 dejicimur.
1252 5333 1350 5390 sed
1408 5351 1520 5391 non
1578 5335 1824 5405 perimus
1846 5334 1947 5388 ’3.»

367 5428 492 5483 Hac
525 5445 651 5483 cum
684 5426 796 5483 Deo
824 5427 1033 5482 diceret
1080 5426 1273 5490 David,
1322 5442 1431 5481 non
1482 5436 1601 5482 erat
1644 5427 1955 5483 "beneﬁcio~

363 5534 510 5578 rum,
542 5533 663 5588 qua:
700 5518 805 5574 sibi
855 5518 1065 5589 pridem
1097 5520 1297 5575 collata
1350 5518 1589 5579 fuerant,
1636 5518 1945 5575 immemor.

2058 4603 2124 4655 Τί
2159 4602 2218 4655 δέ
2253 4602 2422 4654 ἐδεῖτο
2465 4601 2495 4653 ὁ
2540 4598 2809 4671 μακάριος
2837 4599 3034 4665 Δαυϊδς
3069 4598 3255 4670 (αὑτοῦ
3285 4600 3395 4671 γάρ
3425 4603 3562 4654 εἰσιν
3594 4603 3645 4653 οἱ

2055 4693 2230 4763 λόγοι,
2268 4692 2345 4755 ὠς
2377 4689 2531 4762 οἶμαι
2550 4732 2565 4756 ,
2592 4690 2735 4743 κατὰ
2764 4691 2891 4756 τοὺς
2918 4691 3145 4764 χρόνους
3172 4691 3453 4763 εἰρημένοι
3477 4732 3491 4755 ,
3520 4689 3645 4746 καθ’

2056 4785 2148 4850 οὓς
2186 4785 2277 4841 τὸν
2315 4783 2489 4836 Σαοὺλ
2514 4781 2710 4852 ἔφευγε
2744 4784 2839 4837 καὶ
2882 4784 3008 4847 τοὺς
3037 4783 3136 4837 σὺν
3165 4783 3315 4855 αὐτῷ
3341 4801 3354 4815 ·
3375 4785 3392 4853 )
3415 4784 3516 4856 τήν
3539 4783 3647 4853 ψυ-

2059 4877 2162 4948 χὴν
2193 4875 2360 4930 αὐτοῦ
2406 4874 2667 4947 ρυσθῆναι
2697 4876 2805 4930 ἀπὸ
2836 4876 3002 4947 φόϐου
3029 4875 3227 4948 ἐχθροῦ
3248 4916 3264 4939 ,
3291 4877 3392 4929 οὐκ
3420 4876 3646 4949 ἐχθροὺς

2063 4968 2137 5039 μὴ
2162 4966 2340 5037 ἔχειν,
2378 4965 2498 5020 οὖδέ
2522 4966 2621 5029 τὰς
2652 4967 2878 5023 ἐκείνων
2909 4968 3351 5040 ἀποκρουσθῆναι
3385 4967 3645 5039 προαιρέ-

2060 5076 2201 5123 σεις·
2230 5059 2330 5130 τὴν
2349 5059 2406 5112 δὲ
2435 5058 2600 5113 αὑτοῦ
2634 5058 2812 5133 ψυχὴν
2843 5059 3081 5133 ἄτρομον
3102 5061 3198 5115 καὶ
3236 5060 3528 5131 ἀπτόητον,
3548 5061 3646 5112 καὶ

2054 5150 2257 5220 ἄφοϐον
2286 5152 2681 5225 διατηρεῖσθαι,
2705 5154 2874 5218 ὅπως,
2901 5154 2959 5206 ἐν
2989 5152 3098 5218 ἔξει
3124 5152 3415 5223 γενόμενος
3442 5152 3642 5223 ἀταρα-

2057 5243 2195 5308 ξίας,
2225 5244 2360 5319 λέγῃ
2383 5246 2478 5299 καὶ
2510 5245 2670 5309 αὐτὸς
2700 5248 2905 5316 ὁμοίως
2932 5245 3131 5316 Παύλῳ
3153 5263 3166 5276 ·
3183 5264 3200 5296 ι
3226 5245 3315 5299 Ἐν
3350 5244 3510 5297 παντὶ
3531 5242 3640 5296 θλιο

2054 5337 2274 5409 ϐὁμενοι
2299 5379 2314 5401 ,
2342 5339 2455 5392 ἀλλ’
2487 5340 2550 5392 οὗ
2581 5338 3117 5411 στενοχωρούμενοι·
3150 5337 3490 5409 διωκόμενοι,
3526 5336 3633 5391 ἀλλ’

2060 5432 2162 5484 οὐκ
2200 5431 2757 5502 ἐγκαταλειπόμενοι·
2811 5430 3313 5502 καταϐαλλόμενοι,
3379 5429 3494 5484 ἀλλ’
3542 5428 3629 5482 ού)

2056 5521 2437 5593 ἀπολλύμενοι.
2456 5542 2472 5572 ι
2496 5523 2682 5591 Λέγων
2698 5523 2753 5576 δὲ
2781 5523 2954 5577 ταῦτα
2970 5523 3107 5595 πρὸς
3121 5522 3212 5577 τὸν
3238 5522 3371 5576 Θεὸν
3405 5523 3435 5574 ὁ
3460 5519 3638 5584 Δαυῒδ,

365 5613 546 5678 Quare
582 5613 650 5668 de
692 5614 982 5682 prteteritis
1031 5616 1237 5683 gratias
1284 5630 1473 5685 agens,
1524 5613 1729 5669 infert:
1771 5631 1789 5664 ι
1816 5612 1944 5667 Pro.

2058 5615 2149 5667 οὔκ
2210 5616 2511 5687 ἠμνημόνει
2576 5615 2685 5667 τῶν
2738 5615 2841 5686 ήδη
2886 5614 3151 5688 πρότερον
3209 5617 3289 5678 εἰς
3340 5613 3504 5667 αὐτὸν
3546 5627 3635 5681 γε·

433 5769 482 5805 "
513 5768 670 5826 Rom.
705 5786 829 5835 vm,
854 5770 940 5824 5L
1019 5771 1062 5803 ’⁷
1093 5769 1255 5826 Prov.
1291 5788 1329 5836 ι,
1356 5770 1551 5826 Ξᾷ-ἰθ.

1664 5773 1709 5806 ⁸⁸
1739 5770 1781 5824 ll
1815 5770 1939 5827 (lor.
1966 5786 2040 5837 tr,
2073 5772 2125 5839 8,
2164 5772 2216 5826 9.
