4090 6374
423 358 525 414 Gl'l

1631 349 2135 407 COMMENTARIA
2176 350 2242 402 1N
2283 350 2624 407 PSALMOS.

3587 359 3692 410 6i3

425 473 664 546 νομένων
687 463 1034 541 ευεργεσιῶν.
1075 465 1165 518 Διὸ
1205 463 1544 534 εὐχαριστῶν
1575 466 1668 517 ἐπὶ
1707 469 1817 533 τοῖς
1865 481 2006 536 παρ-

2126 466 2292 520 existi
2346 481 2430 520 me
2487 481 2518 518 a
2561 475 2835 521 conventu
2875 469 3316 538 maziguantium,
3373 487 3400 523 a
3448 474 3698 528 multitu-

423 545 717 637 (μχῃκόσιν,
747 561 1016 628 ἐπιλέγειί
1041 577 1058 609 ι
1083 556 1422 620 Ἐσκὲπασὰς
1461 574 1527 626 με
1558 545 1664 610 ἀπὸ
1699 557 2008 627 συστροφῆς

426 654 896 726 πονηρευομένων,
921 650 1029 702 ἀπὸ
1063 647 1299 719 πλήθους
1330 647 1713 718 ἐργαζομένων
1740 647 1968 700 ἀδικίαν.
1986 666 2003 696 ι

330 745 337 751 ”
431 745 569 816 Ἤδη
611 743 720 813 γὰρ
759 742 954 812 πεῖραν
983 736 1232 813 εἰληφὼς
1252 736 1363 790 τῶν
1401 736 1724 806 φθασάντων
1759 739 1838 800 εἰς
1873 737 2008 808 ἐμὲ,

426 835 622 890 οὔποτε
653 834 823 904 λήθην
851 830 1030 884 αὐτῶν
1077 828 1409 900 ποιήσασθαι
1441 827 1706 899 δύναμαι·
1741 828 1922 900 φέρων
1954 827 2009 880 δὲ

427 925 568 979 αὐτὰ
599 925 688 978 διὰ
717 923 917 984 παντὸς
951 923 1008 974 ἐν
1044 920 1232 991 μνήμῃ
1252 957 1268 982 ,
1313 919 1634 990 εύχάριστος
1664 920 1838 972 εἰσαεὶ
1878 936 2011 988 τυγ-

426 1019 594 1091 χάνω.
629 1019 817 1088 Ὅμως
858 1016 915 1067 δὲ
955 999 1050 1067 καὶ
1099 1012 1194 1065 νῦν
1225 1012 1326 1091 τῆς
1359 1012 1532 1081 αὐτῆς
1561 1011 1695 1076 ἀξιῶ
1730 1010 1883 1081 παρὰ
1917 1010 2011 1063 σοῦ

430 1087 678 1182 βοηθείας
705 1087 914 1181 τυχεῖν.
956 1103 1114 1158 Κατὰ
1139 1103 1196 1154 δὲ
1229 1087 1356 1166 τοὺς
1385 1103 1604 1166 λοιποὺς
1638 1103 2010 1175 ἐρμηνευτὰς,

431 1203 529 1273 μία
561 1202 656 1254 καὶ
682 1203 715 1271 ἡ
748 1200 886 1269 αὐτὴ
915 1196 1258 1266 πεφύλακται
1283 1194 1375 1248 τοῦ
1404 1195 1561 1262 λόγου
1597 1195 1854 1265 ἕγκλησις
1876 1234 1890 1258 ,
1921 1195 2014 1245 καὶ

432 1294 528 1364 μία
572 1293 776 1346 διάνοια
807 1289 915 1342 τῶν
957 1287 1294 1358 εἰρημένων·
1329 1287 1408 1340 διὸ
1441 1285 1687 1338 λέλεκται
1732 1284 1874 1336 κατὰ
1923 1281 2014 1334 τὸν

431 1386 758 1456 Σύμμαχον⁸
796 1401 814 1432 ι
846 1380 1210 1440 Εἱσάκουσον,
1263 1379 1291 1430 ὁ
1336 1377 1500 1440 Θεὸς,
1544 1376 1646 1446 τῆς
1679 1375 1864 1444 φωνῆς
1913 1389 2014 1443 μου

430 1473 890 1547 προσλαλοῦντος,
924 1470 1030 1523 ἀπὸ
1064 1467 1378 1538 ἐκπλήξεως
1417 1467 1612 1539 ἐχθροῦ
1658 1464 2016 1537 περιφράξεις

427 1545 525 1638 τήν
555 1565 700 1637 ζωήν
728 1581 830 1636 μου
851 1581 864 1592 ο
899 1561 1130 1632 κρύψεις
1164 1576 1231 1630 με
1279 1559 1389 1612 ἀπὸ
1429 1545 2015 1626 συσκέψεωνκακούρ-

426 1677 560 1728 γων,
599 1657 708 1711 ἀπὸ
738 1655 1025 1724 κυκήσεως
1055 1649 1440 1723 ἐργαζομένων
1469 1649 1703 1702 ἀδικίαν.
1737 1667 1754 1698 ι
1793 1647 1865 1699 Οὐ
1908 1645 2017 1716 γὰρ

427 1750 502 1815 ὡς
534 1752 660 1822 περὶ
694 1747 1102 1820 παρῳχηκότων
1124 1784 1138 1808 ,
1175 1743 1289 1796 ἀλλ’
1324 1743 1400 1806 ὡς
1431 1741 1560 1812 περὶ
1610 1740 1912 1810 μελλόντων
1949 1737 2016 1789 τὰ

427 1843 526 1897 ὅλα
577 1842 827 1911 εἴρηται,
876 1839 969 1892 καὶ
1020 1834 1159 1889 κατὰ
1208 1837 1335 1897 τοὺς
1391 1831 1613 1894 λοιποὺς
1673 1826 2017 1901 ἐρμηνευτὰς
2048 1826 2090 1878 Β

427 1930 649 2000 ὁμοίως.

507 2065 524 2096 ι
551 2044 764 2106 Οἴτινες
789 2042 1066 2113 ἠκόνησαν
1097 2042 1172 2105 ὼς
1200 2037 1475 2112 ῥομφαίας
1504 2036 1605 2098 τὰς
1635 2031 1885 2102 γλώσσας
1919 2032 2018 2085 αύ-

428 2137 556 2199 τῶν,
586 2137 854 2190 ἐνέτειναν
881 2136 1033 2200 τόξον
1073 2136 1306 2207 πρᾶγμα
1329 2130 1546 2201 πικρὸν,
1571 2127 1664 2182 τοῦ
1690 2124 2018 2190 κατατοξεῦ-

431 2245 520 2282 σαι
554 2230 613 2280 ἐν
643 2226 985 2298 ἁποκρύφοις
1019 2227 1267 2297 ἄμωμον.
1309 2223 1571 2286 Ἑξάπινα
1595 2217 2021 2283 κατατοξεύσω-

431 2335 514 2370 σιν
540 2318 721 2382 αὐτὸν,
742 2318 836 2369 καὶ
860 2317 921 2368 οὐ
947 2316 1373 2387 φοϐηθήσονται.
1410 2332 1428 2363 ι
1455 2312 1517 2363 Εἰ
1553 2311 1646 2362 κα)⁵
1676 2308 1885 2379 προῆγε
1908 2310 2021 2369 τοῖς

429 2409 641 2479 χρόνοις
671 2409 750 2471 εἰς
770 2407 870 2478 τὴν
908 2407 1174 2477 σωτήριον
1202 2403 1496 2475 ἐπιδημίαν
1519 2403 1547 2455 ὁ
1576 2399 1759 2462 Δαυῒδ,
1784 2397 1896 2452 ἀλλ’
1917 2398 2022 2450 οὐκ

430 2501 611 2570 ἠγνόει
637 2499 704 2554 τὰ
732 2498 1060 2569 εὐαγγελικὰ
1094 2498 1394 2568 μαθήματα
1433 2494 1566 2564 θείῳ
1602 2491 1883 2562 Πνεύματι
1927 2506 2024 2559 με-

435 2595 872 2668 μαθητευμὲνοςο
903 2594 1017 2664 ᾔδει
1053 2593 1110 2645 δὲ
1153 2587 1212 2644 εὖ
1265 2589 1408 2661 μάλα
1434 2587 1496 2640 τὸ
1530 2585 1799 2656 σωτήριον
1842 2581 2021 2650 λόγιον

428 2686 491 2738 τὸ
510 2687 688 2756 φῆσαν
707 2703 718 2714 ·
753 2705 772 2737 ι
799 2685 890 2755 Μὴ
914 2683 1187 2755 φοϐηθῆτε
1215 2681 1322 2734 ἀπὸ
1354 2679 1465 2731 τῶν
1499 2675 1931 2730 ἀποκτεινόντων
1960 2675 2022 2726 τὸ

433 2778 612 2848 σῶμα,
641 2777 740 2846 τὴν
767 2775 824 2829 δὲ
856 2774 1034 2845 ψυχὴν
1067 2772 1140 2843 μὴ
1169 2769 1486 2840 δυναμένων
1514 2768 1838 2820 ἀποκτεῖναι
1859 2782 1873 2795 ο
1892 2788 1910 2814 ι
1938 2764 2023 2816 διὸ

431 2869 532 2921 οὐκ
561 2866 769 2935 ἠγωνία
804 2861 1204 2935 στρατιωτικῆς
1250 2858 1610 2930 παρατάξεως
1639 2855 1870 2925 πληθὺν,
1903 2854 2026 2907 οὐδὲ

434 2959 560 3021 τοὺς
585 2957 937 3026 παντευχίαις
963 2954 1058 3007 καὶ
1084 2953 1272 3023 δόρασι
1307 2947 1826 3021 παραταττομένους
1850 2963 1861 2973 ·
1888 2945 2025 2999 ἀλλὰ

432 3050 637 3104 τούτων
670 3049 768 3120 μὲν
797 3047 1152 3118 κατεφρόνει,
1183 3043 1258 3106 ὡς
1297 3042 1363 3096 ἂν
1390 3040 1483 3094 τὸν
1527 3037 1780 3092 τοσοῦτον
1831 3035 2024 3089 Γολιὰδ

435 3143 645 3214 ἅκμητὶ
676 3142 770 3195 καὶ
797 3139 1052 3209 ἀνιδρωτὶ
1076 3133 1402 3190 καταϐαλών
1424 3148 1437 3162 ’
1470 3130 1713 3193 ἐκείνους
1733 3128 1793 3182 δὲ
1813 3126 2023 3199 ἠγωνία
2050 3165 2092 3222 C

432 3233 526 3298 οὒς
554 3233 797 3306 ᾐνίττετο
826 3229 915 3283 διὰ
948 3229 1057 3281 τῶν
1089 3224 1468 3298 προκειμένων
1505 3221 1680 3290 λέγων
1700 3237 1713 3250 ·
1758 3238 1776 3270 ι
1810 3218 2022 3280 Οἴτινες

431 3317 706 3397 ἠκόνησαν
731 3325 806 3387 ὡς
832 3320 1107 3395 ῥομφαίαν
1125 3319 1226 3381 τὰς
1248 3315 1499 3386 γλώσσας
1525 3311 1728 3375 αὐτῶν,
1751 3309 2022 3362 ἐνέτειναν

433 3418 585 3484 τόξον
634 3417 866 3496 πρᾶγμα
917 3412 1135 3483 πικρόν.
1186 3429 1206 3462 ι
1267 3409 1430 3480 Ὁρᾷς
1475 3405 1669 3459 ὁποίαν
1727 3402 2022 3472 διαγράφει

435 3491 1020 3575 πανοπλίαννέχορῶκ
1055 3502 1165 3554 Καὶ
1211 3502 1269 3553 ἐν
1299 3500 1414 3561 τοῖς
1460 3493 1768 3566 ἔμπροσθεν
1809 3492 1872 3545 δὲ
1912 3491 2028 3544 ἐλέ-

434 3617 560 3669 γετο
580 3617 593 3630 ’
641 3619 658 3651 ι
698 3600 820 3663 Υἱοὶ
857 3593 1191 3666 ἀνθρώπων,
1252 3593 1302 3645 oi
1357 3590 1569 3651 ὀδόντες
1603 3585 1808 3640 -ιαύτῶν
1861 3583 2026 3638 ὅπλον

436 3693 530 3745 καὶ
579 3691 730 3760 βέλη,
789 3689 882 3740 καὶ
929 3691 962 3757 ἡ
1016 3684 1238 3754 γλῶσσα
1289 3681 1469 3736 αὐτῶν
1515 3679 1762 3750 μάχαιρα
1801 3674 1969 3740 ὀξεῖα.
2003 3694 2021 3726 ι

435 3782 620 3836 ταῦτα
655 3780 713 3832 δέ
745 3778 1160 3854 ἀναγέγραπται
1196 3771 1459 3844 εἰρηκὼς,
1495 3789 1515 3820 ι
1546 3770 1709 3823 ὁπότε
1736 3766 2029 3836 ἀπεδίδρα-

440 3889 566 3927 σκεν
607 3873 715 3927 ἀπὸ
761 3871 1055 3942 προσώπου
1090 3865 1264 3919 Σαοὺλ
1306 3865 1386 3926 εἰς
1416 3863 1477 3915 τδ
1513 3860 1805 3931 σπήλαιον.
1843 3877 1860 3908 ι
1897 3857 2030 3908 ’Δπὸ

435 3964 544 4018 τῶν
588 3963 792 4035 ὁμοίων
850 3959 1139 4030 τοιγαροῦν
1184 3956 1357 4023 λόγων
1407 3953 1656 4022 φαίνεται
1683 3951 1713 4001 ό
1751 3948 1913 4010 αὐτὸς
1949 3946 2032 3998 ὢν

439 4057 648 4128 χρόνος,
675 4055 796 4108 καθ’
828 4055 892 4107 ὃν
923 4051 1111 4106 καὶτὰ
1139 4047 1279 4120 μετὰ
1305 4049 1494 4116 χεῖρας
1519 4043 1648 4112 περὶ
1681 4039 1862 4098 αὐτῶν
1891 4038 2033 4091 ὲκεί-

439 4167 544 4202 νων
564 4149 658 4203 καὶ
679 4147 785 4201 τῶν
809 4146 1040 4207 ἐκείνοις
1062 4139 1460 4214 παραπλησίων
1481 4135 1722 4190 λέλεκτο.
1756 4131 1917 4185 Ἀλλὰ
1939 4131 2033 4183 καὶ

446 4259 464 4292 ι
498 4242 586 4294 ὅτε
604 4237 889 4294 ἀπέστειλε
932 4234 1124 4298 Σαοὺλ,
1167 4232 1262 4286 καὶ
1289 4229 1524 4299 ἐφύλαξε
1556 4225 1648 4279 τὸν
1682 4220 1830 4278 οἷκον
1869 4221 2032 4275 αὑτοῦ

439 4330 532 4385 τοῦ
580 4329 895 4384 θανατῶσαι
938 4326 1125 4388 αὐτὸν,
1161 4343 1177 4376 ι
1219 4323 1347 4394 περὶ
1379 4321 1489 4376 τῶν
1530 4318 1709 4373 αὐτῶν
1751 4315 1912 4368 πάλιν
1935 4313 2036 4376 τὰς

439 4424 630 4494 ὁμοίας
666 4422 816 4492 ἠφίει
866 4418 1052 4489 φωνὰς
1096 4417 1304 4484 λέγων’
1349 4431 1367 4464 ι
1430 4412 1563 4465 Ἰδοὺ
1597 4406 2034 4476 ἀποφθέγξονται

440 4515 498 4568 ἐν
538 4515 617 4585 τῷ
671 4514 900 4583 στόματι
947 4510 1150 4571 αὐτῶν,
1206 4507 1302 4561 καὶ
1350 4502 1596 4577 ῥομφαία
1637 4504 1694 4555 ἐν
1739 4502 1858 4565 τοῖς
1912 4497 2032 4550 στό-

444 4622 609 4678 μασιν
664 4604 863 4662 αὐτῶν.
918 4622 936 4654 ι
1000 4601 1136 4654 Ἀλλ’
1195 4601 1251 4652 ἐν
1303 4595 1532 4658 ἐκείνοις
1571 4593 1669 4663 μὲν
1710 4590 1862 4644 ταῦτ’
1918 4588 2032 4642 ἐλέ-

440 4713 598 4766 γετο·
657 4697 717 4748 ἐν
765 4695 822 4748 δέ
875 4690 1154 4763 τοίςμετὰ
1178 4692 1370 4760 χεῖρας
1413 4685 1541 4747 τοὺς
1574 4682 1802 4754 ἐχθροὺς
1841 4678 2028 4743 αὐτοῦ,

441 4780 648 4844 divit“er
677 4785 842 4855 φόϐου
881 4782 1144 4856 ρυσθῆναι
1167 4779 1388 4851 ηὔχετο,
1415 4774 1744 4846 ἡκονηκὲναι
1772 4772 1906 4844 φησι
1932 4770 2030 4834 τὰς

441 4877 702 4947 γλώσσας.
721 4875 904 4933 αὐτῶν
919 4874 1072 4944 δίκην
1101 4872 1374 4945 ῥομφαίας
1393 4887 1406 4900 ·
1437 4867 1631 4941 ἢκατὰ
1651 4867 1776 4929 τοὺς
1808 4864 2028 4927 λοιποὺς

443 4966 801 5038 ἐρμηνευτὰς,
842 4984 859 5016 ι
897 4963 974 5026 ὡς
1035 4964 1306 5034 μάχαιραν
1330 4977 1407 5011 ἰ)
1444 4958 1580 5012 ἀλλὰ
1630 4958 1724 5020 καὶ
1759 4955 2030 5008 ἐνέτειναν

441 5063 502 5116 τὸ
522 5061 674 5125 τόξον
726 5058 927 5120 αὐτῶν,
965 5056 1106 5110 κατὰ
1121 5057 1228 5126 -μέν
1262 5055 1388 5118 τοὺς
1422 5051 1825 5121 Ἐὃδομήκοντα
1857 5050 2032 5117 ἑρμη-

441 5154 682 5216 νευτὰς,ι
717 5155 773 5204 ἐν
792 5151 1075 5221 πράγματι
1102 5147 1302 5219 πικρῷ·
1334 5165 1353 5197 ι
1374 5145 1463 5198 διὰ
1488 5142 1597 5211 γὰρ
1631 5139 1827 5210 πικροῦ
1880 5126 2024 5208 πρά-

442 5265 652 5319 γματος
690 5243 1068 5309 κατατοξεύειν
1096 5241 1394 5312 ἐπειρῶντο
1418 5239 1509 5291 τὸν
1532 5237 1738 5289 δίκαιον
1762 5250 1789 5270 ὀ
1809 5230 1948 5284 κατὰ
1972 5230 2028 5282 δὲ

441 5341 531 5394 τὸν
561 5339 876 5409 Σύμμαχον,
917 5354 942 5384 -‹
993 5332 1370 5403 Ἐπλήρωσαν,
1407 5329 1561 5400 φησι,
1586 5327 1646 5379 τὸ
1675 5323 1827 5387 τόξον
1854 5319 2032 5374 αὐτῶν

445 5431 586 5499 λόγῳ
644 5425 849 5498 πικρῷ.
899 5445 917 5476 ι
955 5420 1136 5477 *Ησαν
1191 5423 1298 5495 γὰρ
1349 5421 1564 5493 ἀληθῶς
1613 5418 1820 5488 πικροὶ,
1878 5414 2033 5474 οὐδὲν

440 5521 612 5590 γλυκὺ
644 5517 1010 5588 περιέχοντες,
1041 5516 1090 5567 οἱ
1133 5515 1224 5566 τὸν
1275 5513 1438 5566 Δαυϊδ
1478 5507 1855 5568 διαϐάλλοντες
1897 5504 2033 5575 πρὸς

438 5611 529 5663 τὸν
587 5609 792 5663 Σαού.λ’
831 5601 940 5670 οἷος
994 5599 1062 5677 ἦν
1090 5607 1119 5658 ὁ
1155 5604 1335 5674 Δωὴκ,
1372 5603 1464 5655 καὶ
1505 5602 1554 5653 οἱ
1598 5599 1826 5668 Ζιφαῖοι,
1857 5594 1949 5648 καὶ
1980 5595 2029 5648 οἱ

511 5768 556 5801 ³³
588 5765 778 5820 Matth.
817 5781 873 5826 ιι,
906 5762 998 5817 ‘28.
1078 5763 1094 5793 ¹
1136 5759 1282 5816 Psal.
1309 5774 1418 5816 αι.
1442 5759 1497 5812 5.
1575 5757 1596 5787 ⁸
1624 5753 1759 5810 ibid.
1798 5753 1848 5808 i.

761 5857 1032 5916 ΡΑΤιιοι..
1081 5853 1199 5915 Gn.
1249 5851 1485 5914 XXIII.

1927 5752 1946 5782 ³
1977 5747 2124 5806 Psai.
2161 5760 2318 5803 tvm.
2356 5745 2408 5799 l.

2112 558 2239 612 dine
2269 557 2613 626 operantium
2646 557 3047 628 iniquitatem.»
3082 559 3217 614 Cum
3245 561 3356 630 jam
3379 563 3524 618 enim
3557 581 3695 634 pne-

2114 651 2406 704 leritorum
2466 651 2905 722 experimentum
2963 653 3236 722 ceperim,
3293 671 3572 727 nunquam
3630 675 3695 713 ea

2113 744 2366 799 oblivisci
2415 746 2653 813 possim;
2710 742 2806 798 sed
2866 759 3083 814 semper
3141 748 3406 800 memoria
3477 756 3693 814 tenens,

2113 844 2270 906 grato
2315 850 2531 904 semper
2570 836 2755 889 animo
2791 851 2934 890 sum.
2995 834 3101 889 Sed
3154 837 3500 911 tamenljam
3549 839 3695 893 idem

2115 928 2215 982 abs
2266 936 2319 983 te
2367 928 2632 1011 auxilium
2664 929 2904 998 postulo.
2961 927 3276 982 Secundum
3310 930 3555 1000 reliquos
3596 946 3696 984 au-

2118 1026 2227 1074 tem
2268 1019 2598 1088 interpretes
2630 1033 2740 1072 una
2768 1017 3071 1087 eademque
3126 1030 3378 1074 servatur
3406 1020 3560 1074 verbi
3604 1037 3704 1076 ex-

2116 1113 2435 1182 postulatio,
2473 1127 2691 1182 unaque
2727 1112 3003 1168 sermonis
3039 1114 3346 1168 sententia:
3395 1129 3523 1168 nam
3557 1115 3703 1184 apud

2119 1201 2510 1272 Symmachum
2541 1203 2745 1280 dicitur
2773 1222 2784 1256 :
2818 1220 2835 1252 ι
2861 1200 3099 1266 Exaudi,
3134 1201 3301 1268 Deus,
3349 1221 3539 1262 vocem
3594 1207 3705 1260 mei

2118 1293 2452 1355 invocantis,
2512 1308 2542 1346 a
2580 1302 2792 1368 terrore
2825 1293 3035 1348 inimici
3066 1295 3502 1353 circummuuies
3533 1298 3703 1352 vitam

2118 1401 2331 1442 meam:
2377 1387 2687 1442 abscondes
2723 1401 2810 1440 me
2835 1401 2865 1439 a
2900 1387 3280 1444 moliminibus
3308 1391 3700 1459 malignorum,

2119 1492 2148 1531 a
2172 1479 2580 1548 perturbatione
2601 1477 2945 1547 operantium
2973 1477 3339 1548 iniquitatem.
3365 1499 3382 1532 ι
3415 1480 3534 1534 Non
3552 1482 3702 1536 enim
3739 1490 3748 1496 '

2118 1570 2277 1640 quasi
2325 1570 2392 1626 de
2444 1569 2771 1639 praeteritis;
2794 1567 2890 1622 sed
2941 1571 3098 1638 quasi
3147 1570 3214 1625 de
3262 1571 3484 1637 futuris,
3518 1574 3703 1627 omnia

2121 1661 2267 1716 dicta
2298 1670 2449 1726 sunt,
2502 1676 2566 1716 ac
2613 1661 2870 1728 similiter
2917 1660 3221 1716 secundum
3243 1663 3496 1734 reliquos
3529 1665 3704 1719 inter-

2122 1761 2322 1824 pretes.
2433 1804 2440 1811 .q
3583 1743 3590 1748 ’

2193 2012 2358 2068 Vens.
2397 2013 2519 2068 4-7.
2563 2031 2580 2063 ‹
2605 2013 2708 2080 Qui
2732 2001 3090 2068 exacuerunt'
3123 2019 3179 2067 ut
3222 2011 3462 2082 gladium
3489 2012 3707 2082 linguas

2122 2122 2274 2168 suas.
2308 2106 2663 2161 intenderunt
2708 2121 2922 2169 arcu-tn,
2957 2121 3067 2159 rem
3122 2120 3398 2171 amaram;
3446 2113 3504 2158 ut
3538 2106 3708 2174 sagit-

2124 2205 2240 2253 tent
2270 2197 2324 2251 in
2374 2196 2609 2251 occultis
2656 2196 3092 2250 immaculatum.
3134 2193 3332 2249 Subito
3365 2196 3711 2264 sagittabuut

2122 2305 2270 2354 eum,
2296 2295 2352 2342 et
2399 2303 2508 2343 non
2545 2287 2868 2342 timebunt.)
2923 2282 3156 2340 Etiamsi
3205 2284 3376 2339 David
3412 2287 3712 2340 salutarem

2124 2381 2419 2434 adventum
2447 2389 2697 2448 tempore
2732 2377 3096 2447 prteverterit,
3143 2374 3490 2446 evangelicas
3531 2383 3712 2428 tamen

2125 2472 2470 2542 disciplinas,
2503 2469 2766 2540 magistro
2813 2466 3020 2536 Spiritu
3073 2465 3283 2531 divino,
3318 2481 3430 2520 non
3495 2465 3714 2535 ignora-

2124 2565 2251 2630 bat;
2278 2561 2374 2618 sed
2405 2563 2650 2617 salutare
2694 2557 2830 2614 illud
2887 2557 3167 2628 eloquium
3203 2558 3375 2626 probe
3443 2565 3708 2611 noverat:

2133 2652 2366 2708 «Nolite
2393 2653 2586 2708 timere
2629 2651 2699 2706 ab
2750 2651 2818 2707 i-is
2870 2653 2962 2721 qui
3019 2651 3278 2705 occidunt
3334 2663 3560 2717 corpus,
3594 2648 3715 2700 auio

2127 2761 2270 2800 mam
2304 2752 2487 2799 autem
2533 2759 2641 2798 non
2675 2749 2906 2814 possunt
2941 2740 3193 2796 occidere
3208 2739 3286 2792 9':
3342 2758 3360 2791 ι
3409 2753 3579 2808 quare
3615 2737 3716 2791 mi-

2129 2834 2304 2890 litaris
2350 2834 2488 2888 aciei
2525 2833 2958 2895 multitudinem,
3007 2845 3070 2885 ac
3105 2831 3256 2886 omni
3289 2844 3488 2901 genere
3531 2843 3718 2882 armo-

2127 2942 2250 2981 rum
2291 2927 2578 2996 hastisque
2607 2926 2912 2980 instructos
2947 2922 3200 2977 homines
3231 2936 3342 2976 non
3388 2917 3717 2975 reformida-

2128 3019 2254 3087 bat;
2284 3018 2380 3074 sed
2431 3019 2556 3073 i'llos
2593 3017 2840 3088 quidem,
2891 3010 3082 3085 utpote
3129 3015 3222 3085 qui
3258 3013 3378 3069 sine
3422 3010 3627 3066 sudore
3660 3019 3716 3066 et

2132 3111 2315 3168 labore
2359 3113 2656 3165 immanem
2716 3109 2870 3164 illum
2916 3092 3136 3161 Goliat'n
3170 3105 3584 3174 prostravisset,
3621 3105 3718 3159 dc-

2129 3203 2430 3273 spiciebat;
2486 3216 2582 3257 eos
2632 3210 2815 3254 autem
2878 3194 3321 3269 pertimescebat,
3371 3210 3510 3265 quos
3562 3195 3717 3250 hisce

2125 3295 2311 3350 verbis
2346 3302 2507 3347 antea
2563 3289 2936 3348 subindicavit
2989 3309 3001 3344 :
3043 3307 3060 3339 ι
3107 3288 3213 3354 Qui
3262 3295 3600 3358 exacueruut
3657 3293 3716 3339 ut

2115 3388 2368 3458 gladium
2396 3385 2612 3457 linguas
2639 3400 2791 3446 suas,
2817 3380 3173 3437 intenderunt
3195 3395 3406 3444 arcum,
3437 3393 3552 3434 rem
3573 3391 3719 3432 ama-

2129 3496 2268 3535 ram.
2286 3500 2304 3532 ›
2324 3477 2518 3534 Viden‘
2535 3493 2655 3547 qua:
2673 3476 2950 3532 describat
2967 3473 3316 3529 inimicorum
3336 3473 3523 3526 arma?
3538 3469 3718 3540 Supra

2128 3587 2258 3628 vero
2273 3571 2556 3627 dicebatur
2577 3587 2618 3626 .‹
2640 3567 2763 3622 Filii
2779 3568 3059 3623 hominum
3077 3566 3268 3620 dentes
3285 3579 3474 3619 eorum
3493 3575 3646 3617 arma
3665 3569 3722 3616 et

2131 3666 2364 3734 sagittae,
2396 3670 2451 3718 et
2487 3663 2671 3732 lingua
2723 3675 2914 3715 eorum
2961 3659 3175 3729 gladius
3212 3665 3406 3710 acutus
3439 3657 3478 3706 ¹.
3514 3672 3534 3707 ι
3593 3651 3721 3708 Haec

2131 3765 2314 3810 autem
2343 3754 2553 3810 dixisse
2582 3752 2870 3813 scribitur,
2916 3770 2934 3802 ι
2965 3766 3092 3805 cum
3129 3749 3338 3820 fugeret
3361 3763 3390 3801 a
3420 3747 3561 3802 facie
3589 3748 3720 3802 Sau-

2132 3849 2201 3902 lis
2227 3848 2283 3901 in
2315 3847 2636 3916 speluncam
2672 3846 2714 3898 ’.
2758 3864 2776 3896 ›
2807 3845 2852 3896 A-
2883 3842 3179 3899 verborum
3204 3856 3336 3896 sane
3360 3837 3722 3896 similitudine

2133 3928 2505 3993 videnturilla
2528 3935 2720 3991 eodem
2752 3941 2997 4001 tempore
3025 3932 3232 4002 scripta
3258 3945 3403 3993 esse,
3439 3944 3550 3998 quo
3582 3927 3722 3991 haec,

2134 4044 2255 4099 quae
2277 4027 2389 4097 jam
2406 4012 2736 4087 tractamus,
2775 4023 2842 4077 de
2873 4023 2940 4075 iis
2978 4030 3033 4076 et
3064 4020 3341 4075 similibus
3365 4018 3510 4072 dicta
3547 4016 3720 4071 fuere.

2137 4120 2244 4176 Sed
2288 4120 2454 4174 etiam
2495 4138 2513 4169 ε
2555 4115 2777 4188 quando
2821 4113 2974 4168 misit
3024 4112 3176 4176 Saul,
3210 4118 3264 4166 et
3299 4108 3598 4167 custodivit
3625 4107 3726 4160 do-

2136 4227 2286 4266 mum
2313 4210 2456 4279 ejus,
2484 4219 2542 4263 ut
2573 4223 2697 4263 eum
2717 4201 3108 4267 iuterliceret‘,
3144 4221 3160 4254 ι
3193 4202 3262 4256 de
3292 4200 3486 4255 iisdem
3524 4199 3722 4253 iterum

2137 4304 2344 4359 similes
2376 4301 2685 4371 proferebat
2719 4313 2883 4354 voces
2927 4297 3115 4351 dicens
3153 4310 3166 4345 :
3203 4311 3220 4343 ι
3261 4292 3402 4348 Ecce
3429 4292 3722 4360 loquentur

2139 4398 2193 4450 in
2224 4412 2320 4451 ore
2342 4410 2466 4459 suo,
2497 4403 2554 4463 et
2575 4392 2788 4464 gladius
2815 4390 2872 4444 in
2894 4389 3085 4444 oribus
3115 4401 3306 4442 eorum
3339 4385 3380 4438 ".
3423 4404 3440 4437 ι
3471 4381 3578 4438 Sed
3606 4381 3722 4435 haec

2068 4529 2109 4582 υ
2138 4490 2359 4561 quidem
2393 4488 2499 4553 ibi;
2539 4486 2595 4540 in
2625 4485 2711 4538 his
2739 4498 2864 4537 vero
2896 4481 2964 4536 de
2985 4481 3188 4551 quibus
3215 4493 3363 4532 nunc
3382 4491 3584 4539 sermo,
3617 4473 3723 4527 ini-

2141 4582 2315 4655 micos
2346 4595 2499 4642 suos,
2537 4593 2568 4632 a
2597 4591 2831 4648 quorum
2864 4581 3010 4628 metu
3041 4573 3178 4642 eripi
3207 4569 3556 4642 precabatur,
3588 4582 3722 4622 exa-

2140 4673 2326 4728 cuisse
2356 4671 2432 4724 ait
2457 4679 2515 4724 ut
2541 4668 2788 4740 gladium
2833 4665 3050 4736 linguas
3084 4677 3236 4727 suas,
3272 4665 3387 4716 sive
3417 4655 3723 4714 secundum

2136 4765 2378 4835 reliquos
2411 4763 2763 4832 interpretes,
2795 4777 2813 4808 ι
2849 4759 2993 4814 sicut
3048 4755 3409 4820 machaeram;
3443 4773 3462 4804 ι
3498 4752 3608 4805 imo
3639 4751 3726 4804 inc-

2137 4858 2433 4915 tenderunt
2467 4870 2655 4910 areum
2675 4869 2858 4916 suum,
2887 4851 3187 4907 secundum
3210 4847 3350 4903 LXX
3367 4847 3724 4917 interpretes,

2137 4951 2195 5004 in
2221 4965 2280 5004 re
2306 4963 2492 5002 amara
2521 4966 2534 5000 :
2565 4934 2660 5016 per
2696 4959 2812 5000 rem
2845 4943 3048 5013 quippe
3100 4954 3341 4995 amaram
3368 4938 3578 5008 justum
3638 4951 3726 4988 sa-

2140 5041 2292 5112 gittis
2363 5037 2661 5095 confodere
2721 5035 3043 5100 tentabant;
3106 5031 3408 5088 secundum
3470 5028 3725 5098 Syrunm-

2134 5132 2298 5187 chum
2333 5138 2536 5192 autem,
2572 5150 2590 5181 ι
2621 5129 3007 5198 impleverunt,
3046 5122 3268 5190 inquit,
3308 5132 3498 5173 arcum
3556 5129 3720 5169 suum

2136 5223 2302 5278 verbo
2325 5237 2532 5276 amaro.
2576 5240 2592 5271 ι
2625 5219 2759 5274 Nam
2790 5219 2881 5288 qui
2921 5216 3176 5269 Davidem
3199 5209 3340 5280 apud
3374 5207 3592 5262 Saulem
3622 5206 3704 5257 eri

2141 5316 2513 5382 minabantur,
2563 5327 2689 5367 vere
2739 5309 2908 5364 amari
2963 5315 3141 5364 erant,
3198 5299 3487 5357 dulcedine
3542 5295 3725 5350 affecti

2142 5407 2293 5464 nulla
2323 5425 2335 5459 :
2361 5405 2539 5475 qualis
2566 5410 2685 5457 erat
2712 5400 2879 5462 Doec,
2912 5398 3104 5468 quales
3144 5391 3351 5463 Ziphmi
3400 5399 3453 5444 et
3473 5389 3542 5442 iis
3567 5385 3726 5440 simi-

2142 5501 2239 5554 les.
2277 5497 2420 5564 Quin
2444 5505 2499 5550 et
2521 5496 2701 5565 quivis
2723 5507 2902 5548 sermo
2935 5490 3160 5558 impius,
3195 5498 3445 5548 amarus;
3480 5487 3540 5534 u‘t
3559 5485 3613 5533 et
3639 5476 3729 5530 di-

2141 5593 2323 5652 vinus,
2357 5588 2535 5642 dulcis
2563 5593 2618 5642 et
2643 5583 2830 5641 suavis
2879 5572 3064 5635 fuerit.
3097 5581 3281 5644 Quare
3335 5573 3544 5628 dictum
3595 5577 3720 5624 est:

2486 5743 2504 5772 "
2535 5741 2665 5797 ibid.
2700 5741 2752 5794 8.

3235 5826 3326 5886 ΞΟ
