4090 6386
413 349 518 409 619

1121 354 1396 415 EUSEBH
1433 357 1918 419 CAESARIENSIS
1958 361 2108 425 ΟΡΡ.
2145 365 2326 425 PARS
2365 367 2453 425 Ill.
2498 400 2564 412 -—
2601 369 3015 434 EXEGETICA.

3584 383 3691 441 69.0

415 489 435 522 ι
464 468 691 527 Gustate
706 479 760 528 et
789 472 984 544 videte,
1008 478 1268 548 quoniam
1293 482 1479 539 suavis
1498 494 1584 540 est
1612 483 1874 541 Dominus
1903 486 1943 540 '.

2071 542 2073 551 ,
2100 474 2727 564 τούτοιςπαραπλήσιοι.
2769 494 2932 550 Ἀλλά
2958 497 3054 550 καὶ
3088 499 3196 562 πᾶς
3221 498 3391 565 ἄθεος,
3410 499 3567 571 λόγος
3598 519 3689 556 πιο

410 560 548 617 Sam
573 577 740 634 porro
786 579 951 622 arcus
981 575 1035 622 et
1089 586 1219 626 vere
1281 574 1429 628 acuti
1476 575 1643 647 gladii
1699 576 1993 648 impiorum

408 653 908 723 heterodoxorum,
971 659 1066 729 qui
1130 661 1462 733 simplicium
1523 667 1737 721 animas
1781 668 1995 739 sagittis

408 745 699 817 impetum,
721 749 1040 821 gladiisque
1066 752 1184 809 suis
1210 770 1306 811 eas
1351 756 1653 814 trucidant.
1705 757 1994 831 Sapientes

407 842 837 913 quoque’hujus
877 844 1085 911 saeculi,
1129 846 1330 903 meatis
1383 857 1437 905 et
1495 851 1813 923 sophisticis
1858 868 1995 909 ver-

406 931 491 988 bis
554 939 790 999 utentes,
856 934 1065 991 multas
1135 937 1348 995 animas
1413 942 1778 998 sustulerunt.
1839 941 1991 1015 Opus

410 1036 534 1094 ergo
570 1024 733 1081 nobis
762 1023 1016 1081 ‘ferventi
1062 1026 1343 1096 oratione,
1382 1037 1438 1083 ut
1492 1032 1561 1087 ab
1610 1032 1680 1088 iis
1731 1034 1990 1091 omnibus

400 1114 718 1186 eripiamur.
756 1115 797 1172 li
832 1132 982 1173 "vero
1026 1118 1081 1173 in
1119 1119 1324 1191 primis
1353 1125 1447 1193 qui
1499 1139 1667 1195 supra
1702 1127 1986 1182 memorati

399 1220 553 1274 sunt,
584 1209 887 1278 simplicem
922 1222 976 1265 ct
1023 1211 1213 1267 rudem
1247 1214 1525 1270 hominem
1559 1217 1774 1287 sagittis
1810 1217 1987 1273 conli-

396 1314 523 1354 cere
580 1307 867 1371 satagunt;
899 1316 1070 1371 quare
1117 1300 1327 1358 dictum
1373 1312 1458 1361 est
1511 1323 1526 1338 ο
1566 1305 1987 1363 -c‘lntenderunt

397 1405 608 1457 arcum,
638 1406 753 1446 rem
788 1406 1055 1457 amaram,
1094 1401 1154 1448 ut
1202 1395 1461 1464 sagittent
1484 1397 1547 1451 in
1601 1398 1837 1455 occultis
1879 1398 1984 1452 im-

369 1467 749 1540 'maculatum.
781 1505 800 1538 ι
846 1485 1188 1557 inculpatum
1225 1488 1314 1543 hic
1350 1488 1979 1558 immacuiatum-vocat,

393 1576 480 1634 bis
513 1575 765 1633 indicans
819 1579 1239 1650 sycophantiam
1286 1588 1480 1635 contra
1536 1597 1655 1647 eos,
1715 1583 1808 1654 qui
1842 1584 1981 1641 nihil

393 1668 610 1738 injuria:
638 1668 975 1735 intulissent,
1014 1678 1285 1742 paratam.
1309 1670 1417 1727 Pro
1452 1671 1547 1726 illo
1576 1681 1787 1739 autem,
1822 1692 1841 1726 ι
1875 1674 1980 1729 im-

393 1760 748 1827 maculatum,
784 1778 804 1815 ι
832 1759 1051 1831 Aquila,
1087 1779 1108 1812 ι
1147 1761 1477 1833 simplicem,
1514 1781 1537 1814 ι
1577 1763 1975 1841 interpretatus

2104 578 2235 650 κρδς
2262 579 2329 634 ἂν
2352 579 2459 652 εἴη,
2478 581 2685 654 ’ὥσπερ
2704 585 2739 663 ,ὁ
2772 583 2937 651 θεῖος,
2973 587 3212 658 χρηστὸς
3238 589 3333 642 καὶ
3348 589 3573 658 γλυκύς.
3596 592 3691 646 Διὸ

2101 667 2350 741 εἴρηται·
2393 689 2411 722 ι
2462 664 2761 740 Γεύσασθε,
2809 678 2904 730 καὶ
2938 676 3097 744 ῖδετε,
3125 679 3209 733 ὅτι
3238 682 3475 755 χρηστὸς
3499 685 3528 737 ὁ
3570 684 3687 738 Κύ-

2104 776 2237 831 ριος.
2274 781 2294 813 ι
2319 763 2478 817 Δεινὰ
2500 764 2558 818 δὲ
2586 764 2715 830 τόξα
2744 768 2836 821 καὶ
2866 769 3131 843 μάχαιραι
3161 771 3237 836 ὡς
3262 773 3488 844 ἀληθῶς
3514 775 3688 840 ὀξεῖαι

2099 854 2155 907 αῖ
2188 853 2297 908 τῶν
2324 852 2500 911 ἀθέων
2539 857 2884 930 ἑτεροδόξων,
2913 861 3024 915 τῶν
3055 862 3155 927 τὰς
3174 864 3481 937 ’ἀκεραίους
3507 862 3689 939 ψυχὰς

2096 948 2585 1018 κατατοξευόντων,
2631 953 2737 1015 καὶ,
2780 956 2915 1018 ταῖς,
2977 956 3185 1011 ἑαυτῶν
3219 961 3542 1031 ,ῥομφαίαις
3584 979 3707 1035 δια-η

2096 1040 2513 1110 τασφαττόντων
2562 1043 2754 1109 αὑτάς.
2806 1046 2919 1100 Καὶ
2972 1048 3023 1101 οῖ
3069 1051 3222 1119 σοφοὶ
3261 1050 3317 1104 δὲ
3364 1052 3458 1106 τοῦ
3485 1052 3686 1118 αἰῶνος

2094 1132 2307 1198 τούτου,
2328 1133 2421 1188 τὸν
2441 1132 2721 1207 ἀπατηλὸν
2769 1138 2864 1191 καὶ¹
2898 1141 3289 1212 σεσοφισμένον
3336 1143 3501 1214 λόγον
3541 1161 3685 1217 προ-

2094 1223 2435 1297 ϐαλλόμενοι,
2490 1225 2693 1292 πολλὰς
2726 1228 2936 1283 ἀνεῖλον
2972 1230 3171 1302 ψυχάς.
3206 1233 3522 1306 Εύχῆςοῦν
3548 1239 3684 1308 ἡμῖν

2090 1317 2172 1370 δεῖ
2207 1317 2630 1390 σμντεταμένης,
2659 1319 2796 1391 πρὸς
2815 1321 2877 1375 τδ
2898 1322 3161 1394 ῥυσθῆναι
3174 1323 3379 1379 τούτων
3398 1327 3678 1382 ἁπάντων.

2090 1408 2341 1462 Μάλιστα
2382 1408 2439 1462 δὲ
2481 1411 2529 1463 οἱ
2563 1408 2952 1483 προλεχθέντες
2998 1414 3090 1467 τὸν
3139 1415 3346 1469 ἁπλοῦν
3374 1418 3470 1471 καὶ⁵
3502 1419 3677 1492 ἀφελῆ

2089 1499 2470 1567 κατατοξεύειν
2523 1502 2820 1574 πειρῶνται
2843 1520 2859 1534 ·
2883 1503 2963 1558 διὸ
2998 1504 3245 1560 λέλεκται
3265 1523 3281 1537 '
3316 1526 3336 1559 ι
3381 1508 3681 1565 Ἐνέτειναν

2086 1588 2261 1657 τόξον,
2296 1593 2530 1665 πρᾶγμα
2561 1592 2776 1666 πικρὸν,
2809 1591 2905 1647 τοῦ
2928 1595 3326 1663 κατατοξεῦσαι
3347 1598 3406 1650 ὲν
3433 1599 3678 1672 ἀποκρύ-

2086 1697 2208 1750 φοις
2234 1681 2486 1755 ἄμωμον.
2525 1704 2544 1736 ι
2580 1686 2693 1739 Καὶ
2746 1685 2838 1739 τὸν
2874 1685 3117 1750 ἀναίτιον
3157 1687 3213 1741 δὲ
3244 1688 3472 1761 ἄμωμον
3496 1691 3675 1757 καλεῖ,

2083 1769 2183 1842 τὴν
2229 1772 2372 1827 κατὰ
2414 1773 2523 1827 τῶν
2558 1776 2726 1847 μηδὲν
2757 1777 3096 1849 ἠδικηκότων
3135 1778 3469 1851 ὑπογράφων
3512 1798 3679 1836 συκο-

387 1858 493 1907 est.
525 1851 662 1909 Nam
683 1853 721 1908 ii
747 1853 1054 1925 simplicem
1088 1861 1144 1910 et
1167 1855 1428 1926 nequitiae
1445 1863 1725 1926 expertem
1758 1857 1966 1929 sagittis

2080 1862 2328 1930 φαντίαν.
2378 1865 2524 1918 Ἀντὶ
2568 1865 2623 1919 δὲ
2663 1866 2779 1931 τοῦ,
2809 1887 2828 1920 ι
2865 1868 3131 1941 ἄμωμον,
3180 1867 3404 1936 ἁπλοῦν,
3433 1890 3454 1924 ι
3493 1873 3678 1944 ἡρμή-

386 1942 683 2000 conl'odere
712 1946 952 2002 maxime
972 1953 1232 2019 satagunt
1266 1965 1278 2000 :
1315 1961 1489 2018 quare
1516 1946 1701 2014 infert,
1738 1966 1757 1998 ι
1785 1947 1979 2004 Subito

386 2037 753 2109 sagittabunt,
788 2034 914 2093 eum
967 2045 1023 2094 et
1063 2055 1173 2096 non
1201 2038 1496 2094 timebunt.
1531 2058 1550 2091 ι
1581 2038 1717 2093 Nam
1761 2047 1978 2111 tempus

384 2130 767 2196 observantes,
830 2129 1123 2187 confertim
1157 2137 1214 2187 et
1265 2130 1619 2202 inopinanter
1655 2130 1978 2186 immacula-

383 2227 524 2289 tum,
579 2221 697 2277 sive
749 2221 1079 2293 simplicem,
1129 2229 1226 2277 aut
1280 2221 1633 2277 innocentem
1686 2221 1973 2279 invadunt.

383 2312 567 2384 Quare
595 2313 662 2368 ad
685 2314 943 2373 homines
977 2316 1047 2373 iis
1068 2313 1281 2372 similes
1307 2315 1620 2371 rescribens
1651 2315 1973 2387 Apostolus,

382 2407 458 2460 ait
489 2422 501 2457 :
540 2424 558 2458 ι
584 2404 780 2463 Timeo
806 2415 1021 2474 autem,
1071 2422 1143 2464 ne
1178 2400 1339 2465 [sicut
1385 2425 1616 2481 serpens
1640 2409 1829 2464 "Evam
1882 2423 1973 2465 se-

379 2497 558 2562 duxit,
590 2498 665 2553 ita
693 2507 1120 2569 corrumpantur
1148 2514 1348 2557 sensus
1377 2501 1544 2556 vestri
1575 2508 1631 2555 et
1663 2500 1921 2555 excidant
1941 2516 1971 2555 a

378 2588 753 2661 simplicitate,
777 2605 900 2661 quae
947 2596 1032 2646 est
1085 2590 1141 2645 in
1171 2589 1398 2648 Christo
1428 2593 1471 2645 ⁸.
1509 2589 1710 2646 »Ἐιιιιι
1769 2592 1971 2662 quippe

379 2680 543 2751 cujus
598 2675 780 2737 anima
835 2682 1262 2738 circummunita
1298 2680 1500 2743 Tuerit,
1562 2681 1801 2753 dejicere
1829 2697 1971 2737 nun-

376 2787 542 2846 quam
592 2772 813 2828 valeant
853 2773 891 2828 ii
941 2774 1034 2844 qui
1072 2789 1240 2845 supra
1289 2775 1578 2830 memorati
1608 2780 1759 2839 sunt,
1814 2792 1832 2825 ι
1873 2773 1968 2844 qui

375 2872 715 2922 exacuerunt
748 2871 807 2920 ut
865 2866 1108 2937 gladium
1160 2867 1381 2938 linguas
1412 2881 1566 2933 suas,
1608 2865 1969 2922 intenderunt

375 2969 589 3020 arcum,
621 2970 743 3010 rem
776 2969 1045 3021 amaram,
1087 2963 1147 3009 ut
1179 2956 1444 3028 sagiltent
1491 2956 1547 3010 in
1582 2955 1815 3011 occultis
1858 2955 1966 3010 im-

377 3046 752 3114 maculatum;
787 3065 807 3099 ι
839 3046 977 3111 sive,
1017 3065 1036 3097 ι
1074 3055 1134 3102 ιιι
1158 3047 1421 3118 sagittent
1455 3046 1511 3103 in
1561 3046 1799 3103 occultis
1831 3045 1966 3101 sim-

375 3137 595 3206 plicem.
636 3134 834 3192 Subito
864 3137 1209 3209 sagittabunt
1224 3153 1372 3202 eum,
1404 3146 1459 3194 et
1484 3153 1594 3194 non
1621 3137 1910 3193 timebunt.
1939 3156 1958 3188 ι

2081 1963 2267 2002 νευσεν
2295 1951 2324 2003 ὁ
2371 1950 2619 2016 Ἀκύλας.
2652 1954 2755 2008 Τὸν
2789 1955 2898 2028 γὰρ
2933 1957 3139 2012 ἁπλοῦν
3176 1960 3272 2014 καὶ
3304 1959 3678 2033 ἅπειρόκακον

2082 2038 2315 2109 μάλιστα
2346 2044 2728 2111 κατατοξεύειν
2753 2048 2803 2100 οῖ
2832 2047 3065 2103 τοιοῦτοι
3096 2049 3433 2121 πειρῶνται·
3452 2051 3533 2105 διὸ
3548 2054 3674 2106 ἐπι-

2076 2128 2256 2199 λέγει·
2301 2152 2320 2185 ι
2367 2132 2627 2199 Ἐξάπινα
2686 2138 3172 2204 κατατοξεύσουσιν
3217 2142 3403 2205 αὐτὸν,
3464 2140 3560 2197 καὶ
3607 2143 3673 2198 οὗ

2077 2221 2515 2295 φοϐηθήσονταιν
2532 2246 2551 2277 ι
2570 2228 3118 2301 Κπαιροφυλακοῦντες
3136 2231 3248 2305 γὰρ
3273 2228 3440 2299 οῦτοι,
3457 2234 3674 2307 ἀθρόως

2074 2312 2168 2364 καί
2227 2312 2650 2389 ἀπροσδοκήτως
2691 2319 3019 2390 ἐπέρχονται
3071 2320 3152 2392 τῷ
3201 2323 3420 2396 ἀμώμῳ
3438 2364 3454 2389 ,
3509 2324 3542 2397 ἢ
3588 2325 3669 2398 τῷ

2075 2403 2232 2475 ἁπλῷ
2255 2405 2350 2459 καὶ
2377 2407 2643 2479 ἁκεραίῳ.
2660 2411 2751 2464 Διὸ
2768 2412 2998 2482 γράφων
3014 2430 3116 2468 που
3138 2416 3167 2467 ὁ
3190 2414 3514 2481 Ἀπόστολος
3529 2418 3668 2490 πρὸς

2071 2492 2199 2558 τοὺς
2229 2495 2507 2561 τοιούτους
2553 2500 2686 2569 φησι
2713 2514 2725 2527 ·
2754 2520 2771 2551 ι
2798 2500 3072 2572 Φοϐοῦμαι
3117 2504 3190 2576 μή
3220 2521 3358 2571 πως,
3389 2507 3467 2572 ὡς
3489 2509 3518 2561 ὁ
3543 2508 3668 2579 ὄφις

2072 2583 2415 2658 ἐξηπάτησεν
2458 2587 2623 2654 Εὕαν,
2656 2591 3206 2667 φθαρῇτὰανοήματα
3233 2598 3389 2669 ὑμῶν
3424 2601 3534 2655 ἀπὸ
3563 2602 3665 2671 τῆς

2071 2673 2373 2746 ἁπλότητος
2390 2676 2493 2748 τῆς
2524 2680 2585 2732 ὲν
2616 2681 2861 2753 Χριστῷ.
2905 2683 3058 2737 ι-Τὸν
3117 2685 3226 2758 γὰρ
3274 2689 3663 2761 πεφραγμένον

2068 2765 2167 2837 τὴν
2195 2766 2373 2840 ψυχὴν
2404 2770 2504 2824 οὐκ
2537 2772 2602 2825 ἄν
2636 2789 2766 2825 ποτε
2806 2772 3053 2831 δύναιντο
3070 2776 3403 2834 καταϐαλεῖν
3439 2782 3489 2834 οῖ
3525 2797 3661 2853 προ-

2066 2854 2372 2928 λεχθέντες,
2396 2879 2414 2912 ι
2432 2861 2629 2925 οἵτινες
2656 2863 2931 2935 ἠκόνησαν
2953 2864 3031 2929 ὡς
3062 2868 3336 2939 ῥομφαίαν
3354 2869 3455 2934 τὰς
3481 2870 3662 2939 γλώσο

2069 2967 2168 3014 σας
2189 2952 2391 3017 αὐτῶν,
2420 2955 2521 3007 καὶ
2540 2954 2810 3010 ἐνέτειναν
2828 2955 3026 3023 ’τόξον,
3061 2961 3295 3032 πρᾶγμα
3324 2963 3540 3035 πικρὸν,
3564 2963 3660 3018 τοῦ

2066 3043 2459 3109 κατατοξεῦσαι
2506 3047 2565 3098 ὲν
2584 3046 2924 3119 ἁποκρύφοις
2962 3050 3220 3123 ἄμωμονο
3250 3073 3269 3106 ι
3304 3054 3360 3125 ἢ,
3383 3073 3403 3106 ι
3430 3055 3527 3110 τοῦ
3560 3074 3663 3111 u-

2064 3134 2385 3198 τατοξεῦσαι
2417 3138 2481 3190 ὲν
2496 3137 2842 3209 ἀποκρύφοις
2870 3141 3093 3197 ἁπλοῦν.
3138 3143 3398 3209 Ἐξάπινα
3421 3165 3656 3205 κατατο-

372 3229 442 3283 Λι
473 3227 597 3283 vide
630 3242 742 3299 quo
771 3236 933 3299 pacto
959 3230 1131 3294 dicat,
1160 3229 1502 3298 sagittabunt
1549 3244 1699 3291 eum,
1732 3242 1844 3282 non
1874 3242 1961 3284 me

2071 3224 2346 3291 ξεύσουσιν
2395 3229 2579 3294 αὐτὸν,
2639 3230 2736 3282 καὶ
2787 3230 2849 3283 ού
2890 3232 3313 3306 φοϐηθήσονται.
3359 3256 3378 3290 ι
3419 3240 3530 3293 Καὶ
3556 3241 3660 3313 ὅρα

369 3320 465 3392 ιιιιί
494 3319 625 3375 talia
665 3320 919 3392 profero;
954 3322 1051 3377 sed
1082 3322 1412 3392 simplicem,
1445 3322 1500 3376 id
1542 3330 1628 3378 est
1684 3319 1875 3395 rudem
1905 3327 1961 3375 et
1990 3382 1995 3387 _

372 3415 745 3480 innocentem.
784 3422 840 3471 et
890 3415 1071 3471 adhuc
1107 3416 1422 3488 parvulum,
1455 3423 1515 3470 ut
1573 3415 1701 3486 quis
1735 3413 1958 3473 dixerit.

370 3523 436 3569 ex
471 3522 662 3569 eorum
688 3523 920 3569 numero
948 3508 1017 3565 de
1049 3510 1252 3583 quibus
1282 3506 1546 3563 Servator
1575 3507 1693 3562 haec
1722 3506 1911 3561 docuit
1943 3520 1956 3556 :

374 3593 504 3655 «Ne
536 3597 903 3658 contemnatis
933 3612 1103 3655 unum
1150 3613 1217 3653 ex
1250 3596 1466 3668 pusillis
1500 3597 1593 3667 qui
1617 3603 1746 3653 sunt
1769 3597 1823 3651 in
1852 3593 1959 3650 Ec.-

336 3684 538 3745 ‘clesia
567 3703 688 3744 mea
717 3690 772 3757 7,;
804 3708 822 3743 ι
850 3696 905 3744 et
938 3707 950 3742 :
983 3708 1002 3741 ‹
1049 3689 1107 3746 Si
1137 3691 1264 3761 quis
1306 3688 1762 3747 scandalizaverit
1785 3703 1955 3742 unum

366 3781 699 3853 crpusillis,
751 3783 971 3853 expedit
1000 3782 1051 3838 ei
1104 3792 1164 3838 ut
1200 3783 1563 3855 demergatur
1588 3782 1643 3836 in
1677 3796 1830 3836 mare
1855 3780 1897 3835 ⁸.
1932 3798 1951 3832 ι

364 3869 553 3943 Neque
594 3873 740 3927 enim
794 3873 883 3929 hic
937 3890 1192 3946 magnum
1256 3875 1533 3931 hominem
1588 3871 1955 3929 scandalizari

367 3961 629 4019 Servator
656 3964 887 4028 inducit,
930 3966 1023 4021 sed
1061 3982 1210 4033 cum,
1266 3967 1361 4038 qui
1424 3966 1476 4020 in
1509 3964 1756 4022 Ecclesia
1791 3964 1954 4036 pusil-

367 4053 453 4110 lus
481 4055 587 4121 sit;
626 4064 683 4109 ut
708 4055 811 4112 hoc
834 4057 886 4111 in
919 4056 1041 4112 loco
1084 4057 1388 4128 simplicem
1418 4057 1575 4112 dicit.
1604 4055 1833 4111 ‘lnimici
1861 4071 1953 4112 er-

364 4163 434 4218 go
463 4163 692 4217 magnos
722 4155 775 4203 et
806 4149 901 4219 qui
926 4148 1072 4219 apud
1118 4147 1288 4203 Deum
1321 4149 1603 4220 sapientes
1639 4155 1791 4215 sunt,
1822 4147 1955 4201 ado-

364 4239 462 4292 riri
496 4253 605 4293 non
640 4239 869 4303 audent,
912 4238 1009 4295 sed
1041 4237 1321 4309 simplices
1353 4244 1408 4292 et
1433 4237 1753 4294 innocentes
1778 4240 1955 4291 maxi-

262 4350 271 4355 '
362 4345 450 4386 me
471 4339 763 4385 venantur.
795 4329 1164 4395 Quamobrem
1197 4327 1368 4383 David
1392 4343 1518 4383 cum
1544 4328 1801 4384 inimicos
1836 4344 1951 4384 mc-

361 4428 656 4481 morasset,
719 4422 786 4476 ad
854 4436 995 4491 quos
1057 4420 1366 4491 praesertim
1431 4416 1699 4491 irrepere
1735 4420 1952 4475 soleant

359 4511 680 4571 declaravit.
1358 4513 1363 4517 ’

2065 3315 2189 3370 τίνα
2234 3316 2439 3388 τρόπον
2496 3314 2985 3383 κατατοξεύσουσιν
3013 3325 3173 3379 αὐτόν
3201 3343 3387 3397 φησιν,
3417 3329 3530 3383 ἀλλ’
3555 3331 3658 3384 οὐκ

2066 3407 2166 3478 ἐμὲ
2192 3408 2284 3461 τὸν
2315 3409 2487 3464 ταῦτα
2516 3408 2741 3479 λέγοντα
2765 3429 2779 3443 ο
2820 3413 2914 3467 τὸν
2951 3413 3009 3468 δὲ
3035 3415 3263 3481 ἁπλοῦν,
3290 3422 3539 3475 τουτέστι
3565 3424 3657 3478 τὸν

2065 3498 2241 3569 ἀφελῆ
2266 3500 2361 3553 καὶ
2387 3500 2646 3573 ἀκέραιον
2669 3543 2684 3568 ,
2719 3504 2815 3558 καὶ
2838 3504 2918 3558 ἔτι
2940 3506 3157 3579 μικρὸν,
3191 3507 3343 3572 ὡςᾶν
3372 3510 3522 3565 εἴποι
3549 3530 3654 3579 τις,

2066 3588 2126 3653 ἐξ
2182 3590 2410 3645 ἐκείνων
2457 3591 2588 3646 ὄντα
2615 3596 2744 3664 περὶ
2772 3588 2847 3648 ὧν
2879 3597 2908 3648 ὁ
2933 3596 3124 3669 Σωτὴρ
3155 3599 3404 3655 ἐδίδασκε
3433 3601 3609 3672 λέγων
3631 3620 3645 3636 ·

2069 3699 2089 3732 ι
2117 3680 2208 3753 Μὴ
2264 3685 2717 3757 καταφρονήσητε
2766 3686 2889 3752 ἑνὸς
2938 3689 3049 3744 τῶν
3097 3692 3309 3763 μικρῶν
3357 3694 3464 3748 τῶν
3490 3696 3548 3749 ὲν
3586 3698 3654 3768 τῇ

2076 3772 2372 3846 Ἐκκλησία
2386 3792 2508 3845 μου²
2536 3795 2556 3829 ι
2579 3776 2691 3841 καὶ,
2717 3797 2735 3829 ι
2764 3778 2951 3843 Ὅστις
2965 3780 3059 3835 ἐὰν
3086 3783 3416 3865 σκανδμλίσῃ
3430 3786 3524 3839 ἕνα
3544 3786 3656 3844 τῶν

2065 3863 2298 3936 μικρῶν,
2326 3866 2595 3939 συμφέρει
2616 3868 2766 3939 αὐτῷ
2800 3869 3060 3942 βληθῆναι
3085 3873 3167 3936 εἰς
3189 3863 3287 3945 τὴν
3308 3874 3603 3933 θάλασσαν.
3627 3895 3648 3929 ι

2061 3957 2555 4030 Σκανδαλιζόμενον
2593 3960 2703 4033 γὰρ
2736 3964 2898 4016 κάκεῖ
2921 3965 2950 4018 ό
2975 3964 3166 4037 Σωτὴρ
3193 3965 3254 4018 ού
3288 3946 3460 4037 μέγαν
3499 3968 3653 4021 eiad.

2060 4066 2167 4117 γει,
2190 4050 2327 4105 ἀλλὰ
2349 4051 2438 4105 τὸν
2463 4052 2520 4106 ὲν
2532 4056 2600 4125 τῇ
2642 4052 2940 4129 Ἐκκλησία
2966 4057 3182 4128 μικρὸν,
3205 4055 3399 4128 ὥσπερ
3415 4057 3650 4114 ἐνταῦθα

2057 4139 2150 4193 τὸν
2175 4139 2399 4209 ἁπλοῦν.
2435 4142 2501 4199 Οἱ
2532 4143 2709 4199 τοίνυν
2731 4144 2918 4217 ἐχθροὶ
2945 4145 3067 4200 οὐδὲ
3094 4145 3338 4217 τολμῶσι
3370 4149 3647 4219 προσιέναι

2057 4233 2172 4294 τοῖς
2229 4233 2508 4303 μεγάλοις,
2534 4234 2659 4288 ούδὶ
2698 4234 2813 4298 τοῖς
2843 4233 2999 4306 παρὰ
3031 4233 3152 4306 Θεῷ
3186 4238 3368 4305 σοφοῖς
3393 4253 3404 4268 ο
3433 4238 3563 4302 τοὺς
3588 4238 3647 4294 δὲ

2057 4321 2267 4385 ἁπλοῦς
2293 4323 2389 4377 καὶ
2437 4323 2732 4394 ἀκεραίους
2766 4322 3003 4393 μάλιστα
3040 4323 3350 4396 Οηρεύουσι.
3386 4326 3588 4397 Διόπερ
3616 4327 3646 4383 ὁ

2055 4413 2241 4478 Δαυῒδ,
2293 4414 2673 4485 μνημονεύσας
2726 4414 2835 4467 τῶν
2895 4414 3128 4488 ἐχθρῶν,
3178 4418 3271 4470 καὶ
3318 4418 3445 4488 περὶ
3493 4418 3646 4481 τινας

2059 4504 2295 4575 μάλιστα
2324 4504 2586 4559 εῖλεῖσθαι
2620 4504 2876 4560 εἰώθασιν
2907 4502 3051 4561 οὗτοι
3084 4507 3449 4580 παρέστησεν.

436 4638 455 4671 ι
498 4608 882 4679 Firmaverunt
905 4620 1011 4677 sibi
1035 4636 1344 4701 sermonem
1368 4637 1601 4693 nequam
1636 4641 1648 4677 :
1685 4637 1946 4679 narrave-

2128 4639 2149 4674 ι
2200 4618 2607 4691 Ἐκραταίωσαν
2655 4620 2877 4684 ’ἑαυτοῖς
2927 4620 3085 4690 λόγον
3135 4623 3410 4695 πονηρόν·
3453 4622 3646 4697 διηγή-
3698 4660 3708 4670 ι

362 4720 496 4767 runt
520 4721 579 4767 ut
607 4713 1013 4770 absconderem
1062 4714 1308 4787 laqueos.
1347 4733 1365 4765 ι
1402 4712 1702 4785 Postquam
1737 4716 1947 4785 tropice

360 4803 615 4861 inimicos
651 4805 866 4876 gladios
884 4820 1026 4862 suos
1054 4808 1327 4863 exacuere
1367 4816 1423 4861 et
1456 4822 1620 4862 arcus
1661 4805 1948 4861 intendere

361 4894 596 4960 dixerat,
616 4896 730 4966 jam
761 4898 1007 4968 apertius
1037 4898 1128 4968 qui
1160 4898 1231 4952 sit
1260 4898 1498 4969 gladius,
1542 4898 1726 4970 qualis
1756 4912 1944 4964 arcus,

360 4995 586 5042 enarrat
640 4986 727 5042 his
758 4987 939 5043 verbis
966 5007 983 5043 :
1021 5006 1039 5038 ι
1069 4985 1456 5048 Firmaverunt
1491 4988 1597 5045 sibi
1626 5001 1949 5044 sermonem

364 5091 616 5150 nequam.
664 5099 683 5133 ›
724 5078 845 5136 Non
904 5081 1048 5136 enim
1102 5096 1413 5136 sermonem
1470 5096 1501 5135 a
1549 5080 1663 5135 Deo
1707 5077 1945 5133 mutuati

357 5178 520 5233 sunt;
553 5171 650 5228 sed
680 5171 1099 5244 postquam‘sibi
1132 5172 1268 5243 ipsis
1300 5170 1692 5228 conﬂuxerunt
1714 5177 1944 5226 etcom-

356 5264 526 5319 menti
577 5273 727 5330 sunt,
779 5265 927 5325 hunc
958 5264 1337 5320 ﬁrmaverunt.
1376 5261 1540 5319 Tales
1591 5270 1719 5316 sunt
1779 5274 1942 5336 syco-

354 5357 594 5437 phantae,
627 5364 682 5413 et
711 5365 980 5429 quotquot
1013 5355 1205 5416 falsas.
1240 5369 1379 5424 quas
1416 5353 1521 5425 sibi
1552 5351 1943 5407 confinxerunt

356 5458 411 5503 ct
432 5451 726 5505 commenti
757 5457 908 5513 sunt,
975 5446 1280 5503 sententias
1332 5444 1551 5500 firmare
1594 5441 1946 5498 et"sta'hilirc

357 5551 635 5612 satagunt.
673 5541 875 5599 Deinde
897 5556 1029 5597 vero
1048 5540 1137 5595 ubi
1155 5553 1465 5594 sermonem
1498 5537 1651 5590 illum
1683 5551 1942 5605 nequam,

352 5648 518 5705 quem
553 5634 657 5689 sibi
708 5635 1083 5700 ﬁrmaverant,
1143 5645 1368 5701 pravum
1402 5645 1523 5685 cssc
1558 5628 1940 5695 adverterunt,

2053 4727 2215 4766 σαντο
2262 4708 2357 4763 τοῦ
2418 4708 2624 4780 κρύψαι
2682 4710 2938 4778 παγίδας.
2991 4730 3010 4762 ι
3065 4711 3354 4783 Τροπικῶς
3388 4712 3481 4767 διὰ
3533 4713 3646 4768 τῶν

2053 4801 2363 4874 ἔμπροσθεν
2410 4801 2539 4865 τοὺς
2593 4800 2693 4873 τῆς
2742 4801 2922 4875 ψυχῆς
2966 4804 3194 4876 ἐχθροὺς
3230 4805 3328 4877 τὴν
3369 4806 3643 4877 ῥομφαίαν

2051 4893 2233 4948 αὐτῶν
2262 4892 2527 4962 ἁκονῆσαι
2565 4893 2661 4945 καὶ
2689 4892 2759 4946 τὰ
2784 4893 2914 4960 τόξα
2946 4896 3178 4948 ἐντεῖναι
3217 4895 3517 4966 προειπὼν,
3548 4913 3643 4950 σα·-

2058 4986 2319 5057 φέστερον
2339 4983 2427 5038 διὰ
2441 4983 2550 5038 τῶν
2576 4986 2950 5057 προκειμένων
2970 4985 3057 5050 τίς
3084 4981 3153 5057 ἦν
3175 4988 3209 5057 ἡ
3245 4984 3510 5058 ῥομφαία,
3548 4989 3642 5042 καὶ

2053 5076 2108 5129 τί
2133 5075 2196 5127 τὸ
2227 5073 2380 5141 τόξον
2425 5072 2751 5145 παρίστησιν
2771 5074 2973 5129 εἰπών·
3008 5094 3027 5126 ι
3070 5075 3479 5146 Ἐκραταίωσαν
3512 5077 3641 5131 ἐαυ-

2053 5170 2167 5231 τοῖς
2197 5167 2351 5235 λόγον
2375 5167 2631 5239 πονηρόν.
2677 5187 2695 5220 ι
2721 5168 2797 5221 Οὐ
2827 5168 2937 5240 γὰρ
2966 5166 3116 5239 παρὰ
3151 5166 3245 5221 τοῦ
3279 5167 3414 5222 Θεοῦ
3448 5168 3642 5222 λαὸόν-

2051 5277 2143 5325 τες
2180 5261 2358 5330 λόγον,
2420 5259 2534 5314 ἀλλ’
2574 5261 2785 5324 ἑαυτοῖς
2827 5261 3163 5332 πλασάμενοι
3202 5261 3298 5314 καὶ
3335 5260 3639 5325 συνθέντες,

2049 5353 2236 5410 τοῦτον
2290 5354 2611 5426 ὲκράτυναν.
2652 5352 2894 5406 Τοιοῦτοι
2939 5352 2997 5406 δέ
3039 5355 3175 5406 εἰσιν
3212 5353 3261 5405 οῖ
3289 5354 3638 5422 συκοφάνται,

2050 5446 2145 5497 καὶ
2178 5446 2227 5497 οἳ
2254 5443 2544 5516 κρατύνειν
2575 5444 2669 5497 καὶ
2699 5442 2947 5513 βεϐαιοῦν
2976 5443 3306 5517 πειρώμενοι
3329 5443 3395 5508 ἃς
3426 5446 3637 5506 ἑαυτοῖς

2049 5534 2515 5606 ἀνεζωγράφησαν
2562 5535 2656 5587 καὶ
2694 5533 3068 5588 ἀνεπλάσαντο
3100 5532 3461 5603 ψευδοδοξίας.
3506 5529 3635 5587 Εἶτα

2047 5627 2105 5681 δὲ
2130 5627 2222 5679 τὸν
2255 5627 2492 5697 πονηρὸν
2545 5624 2702 5694 λόγον
2731 5624 2790 5679 ὃν
2819 5626 3032 5689 ἑαυτοῖς
3055 5624 3364 5699 ὲκράτυναν
3397 5625 3635 5700 ὁρῶντες

418 5789 445 5866 ξ
476 5790 618 5846 l’sal.
663 5806 857 5857 xxxiii,
887 5792 940 5847 9.
1018 5793 1040 5825 ⁸
1069 5789 1111 5844 ll
1140 5790 1266 5845 Cor.
1294 5806 1376 5868 xu,
1404 5789 1458 5851 5,
1531 5788 1554 5822 ⁷
1582 5785 1769 5841 Matth.
1800 5796 1961 5850 xvut,
1990 5784 2076 5839 l0.
2151 5782 2172 5817 ⁸
2199 5762 2334 5840 Ibid.
2376 5781 2432 5835 6.
