4090 6380
465 420 558 473 621
1622 412 2036 472 COMMENTAF

2165 411 2230 464 IN
2271 408 2611 468 PSALMOS.
2661 390 2667 394 ’
2913 398 2943 428 ⁵

3614 415 3720 470 62³3

465 533 680 604 σαθρὸν,
725 513 794 585 ού.
832 531 1034 602 γυμνὸν
1067 529 1226 590 αὐτὸν
1256 530 1663 601 προόάλλονται.
1706 530 1840 583 ἀλλὰ
1879 546 2032 599 περι-

2141 540 2246 578 non
2276 528 2480 581 nudum
2517 525 2822 596 proferunt,
2859 525 2952 580 sed
2980 527 3188 595 laqueis
3213 525 3555 584 extrinSecus
3578 532 3722 586 clam

463 626 743 680 ίάλλουσιν
783 624 978 688 ἔξωθεν
1022 623 1234 691 παγίσι,
1261 621 1593 692 κρύπτοντες
1620 621 1709 674 διά
1753 639 1916 674 τινων
1961 637 2040 672 σο-

463 716 744 789 φισμάτων
773 715 866 766 καὶ
911 712 1336 781 παραλογισμῶν
1374 712 1473 780 τὴν
1498 711 1639 764 κατά
1680 710 1789 764 τῶν
1820 710 2041 763 ἐπιϐου-

463 804 765 875 λευομένων
797 805 1064 874 συσκευήν
1083 820 1097 834 ο
1129 803 1270 855 οὕτω
1304 802 1412 871 γὰρ
1445 800 1675 871 ἄληπτοι
1707 804 1801 854 καὶ
1828 800 2038 870 ἀθήρα-

462 912 542 947 τοι
572 893 788 946 ἔσεσθαι
815 893 1276 962 ὑπολαμϐάνουσι.
1301 891 1394 944 Διὸ
1424 911 1441 943 ι
1481 887 1640 943 εἶπαν
1674 911 1690 940 ι
1719 893 1776 943 ἐν
1803 892 2034 952 ἐαυτοῖςο

465 1002 484 1035 ι
523 984 619 1046 Τίς
677 983 865 1052 ὄψεται
914 982 1150 1046 αὑτούς;
1200 1001 1218 1033 ι
1272 983 1389 1043 καὶ,
1436 1001 1454 1032 ι
1506 979 1863 1052 ἑξερεύνησαν
1915 981 2039 1032 ἀνο-

463 1075 609 1145 μίας.
628 1093 646 1126 ι
669 1073 834 1126 Οὐδὲν
851 1072 959 1144 γάρ
981 1072 1254 1142 ὠφέλιμον
1275 1073 1382 1124 ἀπὸ
1398 1071 1489 1124 τοῦ
1520 1071 1664 1124 θείου
1683 1070 1848 1141 νόμου
1874 1069 2040 1140 ζητή-

460 1182 651 1228 σαντες
672 1161 828 1236 εὖρον
845 1181 858 1194 °
891 1164 1004 1218 ἀλλ’
1029 1164 1256 1234 ἀνομίας
1286 1165 1499 1225 ἑαυτοῖς
1526 1163 1848 1232 ἐπενόησαν.
1883 1160 2039 1215 Κατά

455 1255 510 1308 δὲ
545 1257 636 1308 τὸν
690 1256 1008 1326 Σύμμαχον,
1050 1273 1068 1306 ι
1106 1252 1471 1326 ἐξερεύνησαν
1509 1254 1739 1323 ἀνομίας
1788 1252 2038 1322 σύμπαν-

456 1361 545 1408 τες
567 1360 580 1374 ·
620 1363 638 1395 ι
677 1345 769 1396 καὶ
801 1344 892 1396 ἐπὶ
925 1343 1132 1404 τούτοις
1167 1342 1337 1394 πολλὰ
1370 1342 1704 1412 ζητήσαντες
1731 1342 1822 1393 καὶ
1871 1340 2038 1412 μυρία

458 1436 586 1506 παρ’
625 1437 834 1499 ἑαυτοῖς
854 1436 1260 1505 ἐπινοήσαντες,
1291 1433 1454 1504 μηδὲν
1482 1433 1538 1485 δὲ
1551 1431 1750 1502 ἀληθὲς
1771 1433 1863 1484 ἐπὶ
1894 1430 2038 1482 τέλει

456 1525 722 1595 εὑρόντες,
743 1525 1006 1589 ἐξέλιπον,
1041 1524 1200 1577 πλέον
1226 1525 1375 1577 οὐδὲν
1402 1523 1509 1576 ἀπὸ
1535 1523 1634 1592 τῆς
1665 1521 1866 1591 πολλῆς
1889 1520 2040 1593 ἐρεύ-

455 1633 552 1686 νης
571 1616 948 1686 οκτησάμενοι.
998 1615 1088 1668 Διὸ
1115 1614 1391 1667 λέλεκταιο
1441 1633 1459 1664 ι
1511 1613 1786 1677 Ἐξέλιπον
1821 1612 2038 1683 ἐξερευ-

454 1707 651 1769 νῶντες
708 1706 1101 1779 ἐξερευνήσέις.
1136 1725 1154 1757 ι
1193 1704 1490 1766 Τοσού.τους
1547 1703 1700 1766 τινὰς
1746 1702 2037 1773 διέγραψεν

453 1799 482 1849 ό
517 1797 675 1850 Δαυῒδ
705 1797 831 1860 τοὺς
875 1796 1101 1866 ἐχθροὺς
1129 1795 1224 1849 καὶ
1255 1795 1564 1864 πολεμίους,
1587 1793 1645 1859 ἐξ
1669 1787 1743 1846 ὧν
1775 1791 1873 1862 τὴν
1905 1793 2032 1844 ἐαυ-

2146 616 2598 686 circumsepiunt,
2637 616 3072 684 sophismatibus
3103 617 3425 688 cavillisque
3455 636 3594 690 quas
3624 637 3721 691 pa-

2145 713 2267 758 rant
2295 708 2430 776 ipsis
2477 708 2706 775 insidias
2741 706 3112 772 occultantes,
3171 709 3245 761 ita
3292 726 3351 764 se
3379 713 3497 780 capi
3532 719 3588 766 ct
3622 713 3722 768 dc-

2145 796 2408 865 prehendi
2441 814 2549 853 non
2583 813 2745 868 posse
2783 798 3099 867 Opinanlur.
3141 798 3324 865 Quare
3354 818 3371 850 ‹
3404 801 3662 857 dixerunt
3699 823 3718 856 ι

2143 889 2198 942 in
2227 891 2423 959 seipsis
2458 910 2470 944 ε
2499 909 2516 941 ι
2549 890 2684 956 Quis
2718 890 2924 944 videbit
2957 891 3096 944 eos?
3127 909 3145 941 ›
3185 899 3258 956 et,
3287 909 3306 942 ‹
3342 894 3570 946 scrutati
3595 902 3725 948 sunt

2142 979 2484 1048 iniquitates.
2527 999 2545 1032 ι
2582 979 2728 1035 Nihil
2764 980 2967 1049 quippe
2994 979 3250 1034 utilitatis
3282 980 3336 1033 in
3385 981 3569 1035 divina
3605 984 3724 1052 lego

2145 1068 2550 1136 perquisierunt
2580 1070 2664 1124 vel
2693 1070 3055 1135 invenerunt;
3116 1070 3212 1123 sed
3246 1069 3564 1139 iniquitates
3617 1072 3723 1126 sibi

2141 1159 2556 1228 excogitarunt;
2585 1161 2720 1223 sive,
2749 1159 3048 1215 secundum
3081 1158 3492 1230 Symmachum,
3522 1178 3540 1211 ι
3570 1176 3728 1215 scru~

2142 1249 2237 1302 tati
2269 1258 2398 1304 sunt
2426 1252 2746 1321 iniquitates
2770 1252 3016 1307 universi
3049 1267 3062 1302 :
3103 1271 3122 1302 ι
3159 1267 3224 1313 ac
3265 1266 3394 1305 cum
3437 1252 3552 1307 haec
3578 1253 3723 1307 mul-

2144 1345 2256 1391 tum
2293 1341 2767 1410 perquisivissent,
2801 1349 2854 1398 et
2896 1341 3105 1396 infinita
3133 1342 3562 1410 excogitassent,
3596 1355 3724 1394 cum

2141 1428 2276 1482 nihil
2308 1432 2421 1484 veri
2445 1431 2664 1487 tandem
2688 1432 3012 1502 reperirent,
3046 1431 3386 1497 defecerunt,
3410 1430 3549 1485 nihil
3575 1430 3726 1484 aliud

2140 1532 2207 1571 ex
2241 1526 2390 1574 tanta
2423 1523 2865 1590 perscrutatione
2901 1521 3225 1578 referentes.
3281 1522 3464 1588 Quare
3511 1521 3726 1576 dictum

2141 1615 2224 1662 est
2247 1626 2262 1663 :
2295 1628 2326 1660 ‹›
2347 1609 2676 1666 Defecerunt
2703 1621 3016 1668 scrutantes
3032 1613 3323 1668 scrutinia.
3352 1632 3372 1666 ι
3398 1611 3726 1682 Huiusmodi

2141 1699 2330 1756 hostes
2359 1711 2414 1755 et
2448 1702 2702 1758 inimicos
2732 1702 3028 1774 descripsit
3049 1703 3244 1769 David,
3283 1719 3314 1758 e
3345 1718 3582 1774 quorum
3614 1719 3730 1758 ma-

2141 1792 2303 1847 nibus
2334 1793 2571 1846 animam
2607 1793 2744 1862 eripi
2777 1808 2932 1848 suam
2976 1795 3306 1864 precabatur
3338 1810 3352 1845 :
3387 1800 3547 1849 erant
3575 1795 3728 1848 scili-

454 1885 548 1938 τοῦ
580 1885 758 1964 ψυχὴν
786 1884 1048 1958 ρυσθῆναι
1104 1883 1323 1955 ηὔχετο,
1373 1884 1818 1954 ἐξερευνητικους
1861 1897 2033 1946 τινας,

2140 1889 2226 1938 εει
2280 1884 2316 1937 ii
2348 1892 2764 1954 perscrutantes
2795 1893 2850 1940 et
2910 1885 3294 1955 perquirentes
3353 1884 3724 1953 iniquitatem,

455 1975 548 2036 καὶ
577 1975 902 2045 ζητητικοὺς
931 1975 1178 2045 ἀνομίας.
1213 1976 1276 2028 Οί
1306 1974 1413 2045 γὰρ
1438 1973 1664 2025 τοιοῦτοι
1693 1971 1870 2042 ψυχῆς
1903 1971 2035 2042 ἀλη-

454 2064 563 2127 θῶς
594 2065 659 2118 ἂν
704 2061 814 2116 εἷεν
847 2065 1100 2133 φονευταί
1125 2083 1138 2095 ·
1176 2065 1256 2118 διὸ
1287 2065 1350 2136 δὴ
1390 2065 1622 2135 μάλιστα
1670 2063 1804 2116 Θεὸν
1838 2063 2036 2132 βοηθὸν

452 2156 545 2208 ἐπὶ
573 2155 680 2208 τῶν
711 2156 968 2211 τοιούτων
999 2157 1333 2219 ἀνεκαλεῖτο,
1395 2157 1520 2218 τοὺς
1554 2154 1846 2224 αἰσθητοὺς
1879 2153 2038 2206 πολε-

457 2245 612 2315 μίους
640 2246 734 2298 καὶ
752 2247 880 2309 τοὺς
896 2249 1010 2310 τοῖς
1045 2245 1256 2316 σώμασι
1291 2230 1805 2315 παραταττομένους
1828 2241 1914 2292 ἐπ’
1939 2240 2000 2292 οὐ
2017 2267 2034 2279 ο

451 2333 562 2387 δενὶ
593 2334 736 2405 λόγῳ
761 2335 1061 2405 τιθέμενος.
1627 2349 1633 2354 ’

529 2442 548 2473 ς
589 2425 1014 2498 Προσελεύσεται
1045 2424 1330 2496 ἅνθρωπος
1378 2425 1436 2480 ἑν
1469 2426 1664 2497 καρδίᾳ
1701 2427 1912 2497 βαθείᾳ,
1942 2427 2036 2480 καὶ

454 2513 800 2586 ὑψωθήσεται
858 2515 888 2567 ό
945 2515 1096 2579 Θεός.
1131 2516 1293 2580 Βέλος
1326 2517 1558 2586 νηπίων,
1602 2536 1620 2568 ›
1660 2519 1753 2570 καὶ
1782 2517 1852 2570 τὰ
1885 2517 2032 2587 ἑξῆς.

453 2607 516 2658 Οἱ
549 2607 644 2676 μὲν
669 2607 769 2677 τῆς
806 2606 983 2678 ψυχῆς
1010 2608 1288 2677 πολέμιοι,
1312 2608 1492 2675 λόγοις
1522 2611 1778 2680 πονηροῖς
1811 2611 2036 2672 ἑαυτοὺς

453 2697 908 2768 περιφράξαντες,
967 2697 1063 2750 καὶ
1089 2697 1188 2761 τὰς
1217 2699 1426 2752 ἑαυτῶν
1451 2699 1828 2770 ἐγκρύψαντες
1867 2699 2034 2768 παγί-

449 2791 567 2852 δας,
595 2789 824 2858 ἀνομίας
856 2807 915 2843 τε
952 2789 1360 2861 ἐξερευνῶντες,
1413 2793 1507 2843 καὶ
1547 2791 1634 2843 διὰ
1681 2791 1886 2843 τούτων
1936 2792 2036 2854 τὰς

453 2879 660 2933 ἑαυτῶν
687 2880 957 2950 ῥομφαίας
974 2882 1359 2954 ἀκονήσαντες,
1382 2883 1475 2934 καὶ
1497 2885 1615 2944 ταῖς
1629 2881 1838 2935 ἑαυτῶν
1855 2879 2036 2949 γλώσ-

453 2985 575 3031 σαις
591 2969 920 3032 ἐντείναντες
945 2969 1094 3034 τόξα,
1123 2971 1214 3022 τὸν
1247 2970 1497 3040 ἄμωμον,
1524 2971 1556 3041 ἢ
1579 2972 1669 3024 τὸν
1705 2971 1912 3024 ἁπλοῦν
1939 2974 2036 3025 καὶ

451 3059 706 3130 ἀκέραιον
737 3060 1032 3130 περιῄεσαν
1059 3060 1366 3131 ζητοῦντες,
1400 3062 1546 3123 ὅπως
1579 3061 1842 3114 ἀνέλωσιν
1868 3063 2034 3115 αὐτοῦ

393 3163 398 3170 ’
450 3148 549 3219 τὴν
595 3149 803 3220 ψυχήν·
851 3148 965 3202 ἀλλ’
1017 3151 1220 3203 ἐκεῖνον
1274 3150 1421 3219 μένό
1458 3149 1589 3212 Θεὸς
1627 3150 1868 3220 ῥύσεται.
1913 3150 2033 3203 Τῶν

449 3240 557 3311 γὰρ
593 3239 805 3310 μικρῶν
838 3242 894 3292 έν
938 3243 1004 3311 τῇ
1050 3240 1347 3312 Ἐκκλησία
1377 3242 1425 3294 οί
1468 3240 1689 3308 ἄγγελοι
1719 3241 1807 3294 διὰ
1830 3241 2034 3304 παντὸς
2063 3223 2105 3279 C

448 3332 614 3404 ὁρῶσι
641 3332 703 3384 τὸ
737 3332 1024 3403 πρόσωπον
1073 3332 1168 3385 τοῦ
1203 3334 1260 3384 ἐν
1281 3333 1529 3403 οὐρανοῖς
1584 3333 1816 3405 Πατρός,
1861 3334 2037 3403 Προσ-

448 3423 726 3476 ελεύσεται
775 3423 832 3476 δέ
893 3441 980 3488 τις
1038 3424 1222 3487 αὐτοῖς
1267 3423 1576 3495 ἄνθρωπος,
1626 3425 1844 3496 ἀληθῶς
1896 3425 2036 3497 ἀνὴρ

448 3513 653 3575 τέλειος
677 3515 771 3567 καὶ
798 3513 977 3586 φορῶν
997 3515 1087 3568 τὸν
1114 3519 1235 3570 κατ’
1265 3501 1449 3570 εἰκόνα
1477 3517 1613 3570 Θεοῦ
1642 3519 2032 3588 πεποιημένον,

451 3603 530 3668 ὃς,
561 3606 618 3658 ἐν
671 3604 870 3675 καρδία
934 3605 1125 3676 βαθείᾳ
1159 3607 1567 3677 πεφραγμένος,
1615 3608 2034 3679 ἀκατάπληκτος

451 3698 632 3759 αὺτοῖς
681 3696 1075 3768 παρατάξεται,
1133 3697 1341 3760 πάντας
1377 3715 1435 3750 τε
1467 3697 1667 3760 αὐτοὺς
1715 3699 2032 3760 καταλύσει,

449 3787 523 3849 ὼς
543 3785 824 3856 ὑψωθῆναι
853 3787 947 3839 καὶ
984 3787 1307 3856 δοξασθῆναι
1333 3787 1399 3840 δι’
1435 3788 1600 3840 αὑτοῦ
1625 3789 1717 3842 τὸν
1748 3789 1904 3852 Θεὸν,
1940 3790 2035 3846 καὶ

451 3877 667 3941 πάντων
689 3877 908 3932 ἐκείνων
923 3877 991 3938 τὰ
1013 3877 1139 3954 βέλη
1159 3877 1478 3948 ἐλεγχθῆναι
1500 3878 1663 3931 ἄτονα
1688 3880 1781 3936 καὶ
1810 3881 2032 3952 ἀσθενῆ,

448 3969 524 4031 ὼς
552 3969 760 4040 νηπίων
817 3967 1130 4040 λογισθῆναι
1166 3968 1294 4038 βέλη
1327 3970 1426 4031 τὰς
1461 3969 1676 4040 πληγὰς
1706 3970 1906 4034 αὐτῶν,
1943 3973 2036 4024 καὶ

450 4059 547 4122 τάς
581 4059 832 4128 γλώσσας
883 4061 1061 4114 αὐτῶν
1096 4061 1404 4132 ἐπ’-αὐτοὺς
1440 4059 1817 4132 ἐξασθενῆσαι.
1845 4061 2035 4114 Τοιοῦφ

448 4163 540 4216 τος
590 4152 699 4224 γάρ
736 4154 881 4206 ἑστιν
909 4155 937 4206 ό
971 4154 1062 4206 τοῦ
1093 4153 1227 4232 Θεοῦ
1275 4152 1579 4222 ἄνθρωπος,
1629 4154 1657 4205 δ
1686 4153 2032 4227 παραταττό-

454 4257 610 4311 μενος
638 4245 748 4304 τοῖς
780 4241 1152 4313 προλεχθεῖσιν
1196 4245 1252 4296 ἐν
1283 4243 1480 4314 καρδίᾳ
1510 4241 1728 4314 βαθείᾳ’
1773 4243 1849 4305 ὡς
1885 4242 2036 4312 δέχε-

453 4330 574 4393 σθαι
605 4332 700 4402 μὲν
731 4332 890 4389 αὑτὸν
940 4334 1040 4396 τὰς
1074 4333 1286 4404 πληγὰς
1321 4333 1413 4388 καὶ
1446 4335 1513 4386 τὰ
1550 4332 1638 4394 διά
1682 4333 2034 4404 σοφισμάτων

453 4423 602 4493 βέλη,
637 4424 800 4495 γελᾷν
844 4424 900 4477 δέ
934 4426 1071 4479 αὑτά
1100 4427 1193 4478 καὶ
1221 4426 1281 4479 τὸ
1319 4427 1482 4497 μηδὲν
1515 4426 1786 4496 ἡγεῖσθαι,
1819 4425 1895 4488 ὼς
1927 4426 2034 4487 ὑπὸ

2143 1971 2279 2026 Nam
2310 1973 2404 2041 qui
2434 1973 2571 2026 tales
2623 1981 2775 2036 sunt,
2812 1987 2940 2026 vere
2982 1971 3178 2025 animae
3210 1969 3593 2025 interfectores
3624 1969 3727 2026 ha-x

2142 2064 2379 2118 beantur
2409 2080 2422 2114 :
2459 2080 2630 2134 quare
2655 2063 2826 2118 Deum
2858 2070 3051 2117 contra
3075 2061 3392 2133 hujusmodi
3417 2061 3605 2116 hostes
3627 2061 3728 2114 ads

2137 2155 2378 2223 jutorem
2403 2155 2730 2220 invocabat;
2758 2170 2883 2208 cum
2910 2153 3144 2208 sensiles
3164 2153 3440 2217 inimicos,
3473 2151 3569 2222 qui
3592 2165 3726 2208 con-

2143 2252 2226 2299 tra
2255 2245 2489 2316 corpora
2525 2246 2696 2301 aciem
2719 2245 3017 2311 instruent,
3046 2243 3202 2307 nihili
3236 2242 3461 2300 faceret.

2212 2426 2381 2482 Vens.
2402 2427 2458 2489 8,
2483 2427 2534 2482 9.
2550 2445 2566 2478 ι
2589 2425 2826 2481 Accedet
2844 2427 3012 2482 homo
3035 2425 3089 2479 in
3108 2425 3273 2480 corde
3289 2425 3490 2488 alto,et
3516 2422 3728 2478 exalta~

2141 2520 2290 2574 bitur
2304 2518 2466 2573 Deus.
2493 2517 2713 2587 Sagittae
2726 2519 3098 2587 parvulorum,
3125 2537 3143 2567 ›
3162 2525 3265 2570 etc.
3282 2514 3491 2568 Inimici
3506 2514 3728 2583 quidem

2142 2611 2338 2665 animae
2379 2609 2565 2664 verbis
2611 2624 2734 2664 sese
2764 2609 3016 2678 malignis
3059 2607 3610 2668 circummunientes,
3644 2605 3729 2657 las.

2141 2719 2314 2774 queos
2344 2718 2477 2759 suos
2527 2702 2895 2764 occultantes,
2932 2695 3726 2770 iniquitatesperscrutantes,

2141 2797 2319 2866 iisque
2343 2794 2556 2865 gladios
2598 2807 2730 2847 suos
2763 2801 3116 2856 exacuentes,
3154 2790 3464 2859 linguisque
3493 2787 3610 2844 suis
3642 2786 3730 2840 in-

2141 2887 2429 2942 tendentcs
2464 2899 2650 2946 arcus,
2682 2883 3118 2944 immaculatum,
3152 2881 3456 2949 simplicem
3481 2885 3535 2932 et
3564 2878 3728 2932 ἱηιιοσρ

2141 2985 2354 3032 centem
2387 2975 2752 3046 undequaque
2806 2973 3223 3045 perquirebant,
3256 2978 3315 3025 ut
3337 2971 3458 3039 ejus
3485 2968 3728 3023 animam

2141 3067 2538 3122 interficerent.
2569 3067 2636 3119 At
2661 3068 2812 3119 illum
2846 3065 2990 3119 Deus
3015 3065 3246 3132 eripiet;
3280 3061 3460 3132 angeli
3490 3073 3728 3130 namque

2142 3158 2468 3227 pusillorum
2504 3159 2559 3212 in
2595 3157 2840 3213 Ecclesia
2897 3171 3114 3225 semper
3143 3155 3331 3208 vident
3381 3151 3576 3208 faciem
3623 3149 3731 3204 Pa-

2142 3250 2243 3304 tris
2277 3250 2371 3319 qui
2395 3251 2454 3304 in
2481 3252 2637 3305 caelis
2669 3258 2774 3305 est.
2794 3248 3228 3306 Accedetautem
3257 3246 3420 3309 homo
3451 3243 3730 3314 quispiam

2143 3340 2212 3394 ad
2245 3357 2361 3406 eos,
2397 3341 2482 3394 vir
2511 3357 2633 3396 vere
2680 3339 2981 3410 perfectus,
3013 3353 3252 3409 eumque
3307 3335 3490 3392 ferens
3517 3336 3612 3406 qui
3659 3333 3731 3390 ad

2143 3433 2434 3504 imaginem
2470 3433 2562 3488 Dei
2596 3433 2775 3495 factus
2807 3446 2912 3499 est,
2941 3436 3032 3504 qui
3088 3433 3200 3493 alto
3229 3431 3396 3490 corde
3457 3429 3728 3492 munitus.

2143 3526 2548 3596 imperterritus
2587 3535 2779 3588 contra
2803 3543 2900 3584 eos
2956 3527 3129 3582 aciem
3173 3527 3430 3586 instruet,
3466 3522 3758 3592 ipsosque,

2142 3631 2337 3672 omnes
2367 3616 2682 3688 dissipabit,
2709 3619 2782 3675 ita
2816 3623 2874 3673 ut
2924 3617 3046 3684 ejus
3071 3628 3236 3684 opera
3280 3609 3424 3668 Deus
3458 3611 3729 3664 exaltetur

2139 3713 2194 3764 et
2229 3706 2403 3775 gloria
2435 3706 2726 3769 afliciatur,
2760 3721 3063 3774 earumque
3108 3703 3354 3757 omnium
3395 3701 3610 3770 sagittae
3641 3700 3730 3754 in-

2141 3793 2313 3854 firmae
2360 3795 2680 3864 debilesque
2732 3794 3183 3863 comprobentur,
3219 3807 3283 3846 ac
3337 3791 3507 3860 plagae
3535 3802 3727 3843 eorum

2139 3899 2242 3954 pro
2267 3884 2484 3954 sagittis
2509 3885 2867 3954 parvulorum
2925 3891 3271 3952 reputentur,
3299 3890 3353 3937 et
3413 3881 3611 3950 linguae
3638 3893 3728 3934 eo-

2139 3991 2264 4029 rum
2300 3977 2355 4029 in
2379 3976 2515 4046 ipsis
2539 3976 2906 4034 infirmentur.
2953 3972 3280 4042 llujusmodi
3333 3971 3479 4026 enim
3510 3970 3599 4023 ille
3629 3969 3728 4022 ho-

2139 4085 2228 4124 mo
2260 4068 2352 4124 Dei
2377 4078 2484 4131 est,
2515 4067 2608 4137 qui
2633 4064 2796 4120 corde
2855 4065 2967 4118 alto
3000 4072 3196 4117 contra
3247 4071 3583 4118 memoratos
3630 4061 3726 4114 ho-

2139 4161 2315 4215 mines
2362 4160 2534 4214 aciem
2587 4157 2832 4220 instruit,
2870 4165 2926 4209 ut
2951 4156 3140 4224 plagas
3204 4155 3342 4223 ipse,
3377 4161 3431 4208 et
3491 4153 3725 4222 sagittas

2139 4251 2573 4322 sopbismatibus
2601 4258 2822 4320 paratas
2846 4249 3116 4318 excipiat;
3178 4249 3455 4318 ipsasque,
3483 4253 3671 4315 utpote
3693 4261 3727 4301 a

2138 4345 2380 4414 parvulis
2410 4343 2645 4404 infirmis
2669 4342 2925 4404 emissas,
2957 4342 3185 4396 irrideat
3209 4355 3270 4393 ac
3304 4355 3400 4414 pro
3424 4339 3594 4393 nihilo
3617 4338 3722 4390 lia-

2137 4435 2294 4489 beat.
2315 4434 2431 4493 Sub
2462 4434 2577 4489 haec
2600 4444 2892 4505 postquam
2927 4446 3116 4488 eorum
3173 4431 3512 4500 scphismata
3541 4429 3726 4482 solve-

450 4515 654 4585 νηπίων
682 4516 883 4568 ἀτόνων
915 4519 1032 4575 κατ’
1055 4517 1220 4574 αὑτοῦ
1251 4518 1600 4589 πεμπόμενα.
1638 4515 1765 4570 Εἶτα
1795 4511 1890 4570 καὶ
1913 4519 2033 4578 ἑπιρ

2140 4526 2229 4588 rit,
2254 4526 2472 4595 linguas
2498 4535 2553 4581 et
2577 4539 2864 4588 sermones
2893 4539 3084 4578 eorum
3130 4523 3377 4584 infirmos
3399 4521 3724 4591 comproba-

449 4606 706 4678 λυόμενος
756 4608 934 4661 αὐτῶν
965 4609 1032 4665 τὰ
1084 4609 1410 4678 σοφίσματα,
1445 4609 1542 4673 τὰς
1579 4608 1830 4676 γλώσσας
1852 4608 2032 4670 αὐτῶν

451 4702 543 4760 καὶ
585 4702 710 4763 τοὺς
749 4699 942 4767 λόγους
971 4699 1388 4766 ἐξασθενοῦντας
1443 4700 1672 4768 ἐλέγξει.
1729 4700 1930 4762 Βαθεῖα
1977 4699 2034 4752 δὲ

449 4791 648 4860 καρδία
707 4792 739 4861 ἠ
789 4792 862 4862 μὴ
911 4791 970 4857 ἐξ
1027 4790 1293 4862 ἐπιπολῆς
1335 4791 1532 4861 ἔχουσα
1593 4791 1662 4850 τὰ
1707 4791 2031 4862 μαθήματα,

453 4882 585 4952 μηδὲ
617 4884 674 4934 ὲν
707 4882 782 4952 τῷ
809 4881 1128 4954 προφορικῷ
1149 4881 1292 4952 λόγῳ
1323 4882 1718 4953 σεμνυνομένη,
1746 4882 1860 4936 ἀλλ’
1884 4882 2032 4943 ἔνδον

450 4972 508 5025 ὲν
537 4972 671 5044 αύτῇ
705 4974 830 5035 τοὺς
861 4973 958 5043 τῆς
988 4972 1223 5036 πίστεως
1273 4971 1554 5043 θεμελίους
1604 4974 2028 5046 ἐρῤιζωμένους.

462 5061 792 5125 ’Δκολούθως
806 5063 982 5117 τοίνυν
994 5065 1246 5132 λογικούς
1264 5081 1414 5126 τινας
1435 5063 1732 5133 πολεμίους
1746 5065 1844 5136 τὴν
1861 5065 2034 5133 γλῶτ-

451 5170 553 5206 ταν
593 5154 987 5223 ἀκονήσανταςδ
1006 5155 1099 5215 καὶ
1139 5155 1268 5221 τόξα
1288 5157 1400 5217 τοῖς
1435 5153 1672 5223 χείλεσιν
1697 5155 2033 5218 ἑντείνοντας

452 5245 917 5316 ὑποστησάμενος,
977 5245 1280 5306 ἀντιτάττει
1333 5245 1517 5308 αὐτοῖς
1563 5243 1850 5315 ἄνθρωπον
1895 5242 2031 5298 Θεοῦ

451 5337 678 5408 καρδίαν
742 5337 961 5406 βαθεῖαν
1019 5336 1384 5407 κεκτημένον·
1451 5336 1545 5388 καὶ
1589 5333 1680 5386 τὸν
1743 5335 1842 5404 μὲν
1899 5335 2032 5388 Θεὸν

448 5428 537 5485 διὰ
561 5429 752 5483 τούτου
778 5429 1156 5499 δοξαζόμενον,
1203 5428 1444 5490 ἐκείνους
1479 5426 1536 5478 δὲ
1567 5425 1914 5495 ἡττωμένους
1937 5426 2033 5490 καὶ

449 5524 589 5594 ἀσχη
599 5520 889 5593 μονοῢντας
901 5560 914 5576 .

525 5655 543 5687 ι
591 5636 1002 5707 Ἐταράχθησαν
1045 5633 1241 5698 πάντες
1262 5636 1311 5687 oi.
1338 5633 1666 5704 θεωροῦντες
1696 5632 1910 5695 αὐτοὺς,
1939 5632 2033 5684 καὶ

452 5727 691 5799 ἐφοϐήθη
721 5729 828 5790 πᾶς
865 5726 1169 5798 ἄνθρωπος.
1203 5745 1220 5776 ι
1259 5725 1576 5780 Ἀκόλουθον
1609 5721 1696 5795 ἧν,
1726 5723 1835 5776 τῶν
1873 5723 2033 5793 δοκή-

456 5837 535 5884 σει
573 5820 748 5890 σοφῶν
781 5818 1197 5896 ἀνατραπέντων
1235 5819 1327 5871 καὶ
1377 5816 1483 5868 τῶν
1527 5815 1624 5888 τῆς
1651 5813 1830 5893 ψυχῆς
1869 5811 2028 5865 πολετ

2138 4617 2239 4672 bit.
2267 4617 2376 4671 Cor
2410 4625 2591 4671 autem
2645 4617 2817 4670 altum
2865 4622 2970 4678 est,
3032 4614 3179 4684 quod
3234 4613 3554 4681 disciplinas
3611 4626 3725 4666 non

2135 4708 2317 4778 quoad
2349 4707 2694 4777 superficiem
2718 4714 2931 4761 tantum
2975 4706 3203 4766 obtinet,
3239 4719 3415 4772 neque
3463 4704 3515 4756 in
3548 4703 3728 4772 prola-

2137 4798 2259 4852 titio
2285 4812 2541 4853 sermone
2571 4797 2881 4867 gloriatur;
2930 4795 3024 4850 sed
3057 4794 3204 4864 quod
3257 4780 3405 4846 intus
3433 4792 3556 4846 fidei
3593 4791 3722 4846 fun-

2137 4889 2396 4943 damenta
2429 4888 2676 4943 radicata
2707 4889 2891 4948 habet.
2927 4886 3343 4954 Consequenter
3376 4884 3542 4954 igitur
3565 4893 3720 4953 post-

2137 4997 2300 5051 quam
2335 4982 2694 5036 rationabiles
2723 4979 2992 5050 quosdam
3041 4978 3295 5031 inimicos
3330 4976 3568 5047 linguam
3592 4990 3724 5030 exne

2137 5080 2385 5136 cuentes,
2412 5082 2466 5128 et
2485 5073 2642 5126 labiis
2659 5073 2766 5134 tela
2789 5071 3068 5132 vibrantes
3099 5067 3412 5131 induxerat,
3444 5066 3720 5131 hominem

2137 5166 2234 5220 Dei
2268 5167 2379 5220 alto
2411 5168 2579 5222 corde
2610 5165 2939 5228 instructum
2977 5162 3115 5233 ipsis
3142 5162 3406 5232 Opponit,
3438 5159 3720 5234 Deumque

2136 5257 2256 5325 ejus
2280 5271 2446 5326 opera
2471 5254 2645 5325 gloria
2695 5253 3056 5318 celebratum,
3101 5252 3334 5323 illosque
3383 5249 3627 5320 abjectos
3655 5263 3720 5302 ac

2135 5347 2370 5416 turpiter
2397 5353 2617 5416 agentes
2643 5343 2816 5406 effert.

2223 5625 2376 5678 (ens.
2410 5623 2494 5676 10.
2541 5640 2558 5672 ι
2595 5601 2918 5675 Conturbati
2942 5631 3072 5677 sunt
3105 5634 3296 5674 omnes
3329 5618 3423 5689 qui
3461 5615 3719 5680 videbant

2135 5737 2251 5783 eos,
2288 5728 2341 5774 et
2371 5717 2554 5772 timuit
2595 5717 2778 5770 omnis
2825 5715 3011 5770 homo.
3046 5734 3063 5766 ι
3098 5713 3544 5770 Consentaneum
3573 5718 3716 5780 erat,

2136 5811 2344 5872 eversis
2395 5809 2462 5863 iis
2508 5807 2601 5889 qui
2649 5807 2752 5864 sibi
2803 5807 3081 5882 sapientes
3134 5805 3480 5868 videbantur,
3527 5797 3708 5877 mimi:
