4090 6376
369 378 480 434 6&3

1063 374 1336 432 EUSEBII
1373 368 1858 433 CESANENSIS
1895 356 2053 427 OPP.
2088 370 2271 429 PARS
2301 374 2394 431 Ill.
2434 406 2503 416 -
2540 376 2948 433 EXEGETICA.

3555 382 3660 463 oet

372 493 566 563 eisque
587 489 787 547 anime
807 491 877 546 sb
909 491 1132 547 homine
1161 490 1257 546 Dei
1291 491 1616 555 confutatis,
1648 504 1745 546 eos
1777 488 1870 558 qui
1903 486 1951 540 in

2064 487 2204 556 μίων
2247 490 2693 562 ἀπελεγχθέντων
2755 490 2863 546 ὑπὸ
2913 490 3009 547 τοῦ
3051 491 3339 566 ἀνθρώπου
3372 494 3464 548 τοῦ
3500 495 3659 552 Θεοῦ*

372 582 650 655 sapientis
672 580 843 652 liuius
864 583 1050 639 saeculi
1088 598 1196 637 non
1226 583 1302 637 ita
1326 582 1612 654 conspicui
1642 589 1800 636 erant
1830 594 1964 634 con-

371 674 610 730 turbari.
647 672 785 727 Nam
838 688 993 728 cum.
1026 674 1103 728 illi
1129 689 1353 743 quoque
1387 673 1441 727 in
1490 687 1722 753 numero
1771 684 1962 726 eorum

367 763 469 833 qui
528 762 659 817 victi
698 762 916 817 fuerant
966 771 1440 832 compntarentur,
1490 773 1546 818 et
1605 763 1711 833 ipsi
1745 776 1966 832 quoque

368 854 521 910 athei
555 862 610 909 et
640 853 791 924 impii
818 863 1044 920 essent;
1078 863 1338 909 caeterum
1370 862 1558 925 utpote
1590 854 1795 909 malitia
1826 852 1964 923 ipsis

370 945 616 1015 impares
650 984 666 1007 ,
738 943 997 1001 fortiores
1052 946 1253 1015 seipsis
1318 944 1563 1001 devictos
1625 952 1914 1001 cernentes
1945 983 1961 1005 ,

374 1036 800 1093 conturbantur.
866 1035 1055 1102 Quare
1121 1037 1329 1091 dictum
1370 1045 1454 1091 est
1505 1055 1517 1089 :
1567 1054 1585 1087 ι
1638 1034 1965 1091 Conturbati

369 1135 507 1185 sunt
559 1142 755 1183 omnes
805 1128 898 1197 qui
956 1127 1221 1182 videbant
1262 1142 1386 1182 eos.
1428 1146 1446 1178 ι
1502 1126 1570 1180 At
1626 1124 1719 1181 Dei
1775 1127 1960 1191 homo,

371 1226 429 1272 et
482 1233 676 1273 omnes
733 1217 857 1287 ejus
906 1216 1093 1283 amici,
1152 1217 1245 1287 qui
1296 1232 1394 1286 per
1445 1232 1614 1271 unum
1671 1218 1963 1272 victoriam

372 1309 441 1364 de
461 1309 703 1364 inimicis
730 1310 1060 1376 retulerunt,
1089 1308 1259 1366 Deum
1280 1316 1413 1363 tunc
1439 1309 1613 1379 magis
1638 1309 1961 1373 timuerunt,

378 1417 398 1449 ι
434 1406 492 1455 et
525 1400 995 1457 annuntisverunt
1025 1414 1195 1470 opera
1228 1401 1344 1465 Dei,
1378 1420 1396 1453 ι
1432 1408 1490 1456 et
1535 1400 1962 1469 iustiﬁcationes

372 1489 494 1558 ejus
523 1489 935 1544 intellexerunt.
961 1486 1195 1544 Etiamsi
1216 1492 1370 1545 enim
1393 1493 1560 1546 homo
1585 1490 1883 1563 videretur,
1906 1496 1963 1545 et

374 1580 484 1635 alte
504 1578 678 1636 corde
698 1587 994 1651 putaretur
1016 1580 1274 1638 inimicos
1295 1582 1599 1637 debellasse
1620 1600 1634 1648 ;
1668 1595 1697 1635 a
1720 1580 1963 1652 pruden-

375 1669 522 1726 tibus
547 1678 732 1725 tamen
778 1678 838 1724 ut
867 1669 1013 1726 Deus
1064 1680 1261 1727 auctor
1289 1673 1533 1727 victoriae
1586 1671 1962 1743 cognosceba-

374 1767 484 1814 tur.
516 1759 703 1828 Quare
730 1763 768 1816 ii
800 1777 966 1832 opera
1003 1762 1567 1830 Deilannuntiabant,
1590 1762 1959 1834 'et-prieclara

2064 574 2191 637 τοὺς
2245 575 2320 647 μὴ
2372 578 2515 632 οὕτω
2544 579 2752 644 δεινοὺς
2795 582 2853 633 ὲν
2900 582 3064 652 σοφίᾳ
3106 581 3201 635 τοῦ
3241 582 3438 647 αἰῶνος
3471 584 3661 641 τούτου

2064 669 2448 739 ταράττεσθαι.
2486 671 2597 741 Τῆς
2628 671 2740 743 γὰρ
2763 672 2979 743 μερίδος
3000 672 3151 737 ὅντες
3180 673 3288 726 τῶν
3311 674 3660 745 ἡττωμένων,

2065 757 2212 812 ἄθεοι
2243 760 2338 813 καὶ
2360 760 2515 814 αὐτοὶ
2535 760 2630 814 καὶ
2649 759 2931 824 δυσσεϐεῖς
2955 778 2969 791 ο
3014 761 3154 833 πλὴν
3183 762 3260 826 ὡς
3281 762 3341 815 ὲν
3368 766 3539 836 κακίᾳ
3561 767 3663 836 τῆς

2063 850 2289 905 ἐκείνων
2325 851 2631 923 δεινότητος
2672 852 2948 917 ἐλάττους,
2990 853 3228 923 ὁρῶντες
3274 856 3662 927 νενικημένους

2063 940 2189 1004 τοὺς
2247 941 2457 995 ἑαυτῶν
2502 941 2763 1013 βελτίους,
2799 944 3181 1016 ταράττονται.
3231 946 3324 999 Διὸ
3369 947 3656 1003 λέλεκται·

2070 1051 2088 1083 ι
2140 1032 2548 1106 Ἐταράχθησαν
2577 1035 2781 1099 πάντες
2808 1038 2858 1089 οί
2887 1035 3221 1108 θεωροῦντες
3268 1038 3488 1102 αὐτούς.
3538 1058 3558 1091 ι
3589 1042 3658 1093 ’Ὀ

2063 1140 2126 1192 γε
2163 1124 2268 1195 μὴν
2296 1122 2391 1178 τοῦ
2420 1124 2567 1178 Θεοῦ
2598 1125 2887 1198 ἄνθρωπος
2929 1127 3023 1181 καὶ
3057 1128 3260 1191 πάντες
3295 1131 3345 1183 oi
3377 1130 3552 1202 τούτῳ
3579 1133 3659 1202 φί-

2063 1211 2165 1275 λοι,
2204 1214 2296 1268 διὰ
2314 1214 2410 1267 τοῦ
2439 1214 2560 1277 ἐνὸς
2598 1214 2668 1267 τὰ
2713 1217 2833 1268 κατ’
2863 1214 3073 1287 ἐχθρῶν
3105 1216 3337 1289 βραδεῖα
3366 1219 3656 1290 ἀράμενοι.

2068 1304 2331 1374 μειζόνως
2356 1305 2450 1358 τὸν
2476 1305 2610 1359 Θεὸν
2645 1304 3012 1378 ὲιροὸήθησαν,
3046 1325 3064 1358 ι
3093 1309 3188 1361 xui.
3229 1309 3560 1380 ἀνήγγειλαν
3591 1310 3659 1365 τὰ

2064 1392 2201 1463 ἔργα
2223 1392 2320 1445 τοῦ
2348 1393 2509 1459 Θεοῦ,
2548 1413 2567 1446 ι
2592 1395 2687 1447 καὶ
2716 1396 2784 1448 τὰ
2817 1395 3164 1467 δικαιώματα
3199 1394 3366 1450 αὐτοῦ
3395 1398 3653 1468 συνῆκαν.

2064 1484 2127 1537 Et
2157 1484 2266 1556 γὰρ
2297 1485 2393 1557 καὶ
2418 1485 2486 1538 τὰ
2508 1483 2745 1556 μάλιστα
2777 1486 3065 1558 ἅνθρωπος
3092 1488 3289 1553 ἐδόκει,
3330 1491 3425 1543 καὶ
3460 1492 3659 1564 καρδίᾳ

2065 1575 2258 1647 βαθείᾳ
2304 1578 2403 1649 τὴν
2447 1576 2556 1631 τῶν
2600 1576 2876 1649 πολεμίων
2922 1579 3237 1650 ἀνατροπὴν
3289 1582 3655 1652 πεποιῆσθαι,

2060 1667 2201 1721 ἀλλὰ
2251 1672 2366 1732 τοῖς
2413 1673 2655 1734 ουνετοίς
2711 1671 3060 1748 ἐγνωρίζετο,
3098 1672 3359 1734 αὐτὸέῶν
3394 1676 3423 1727 6
3464 1675 3596 1739 Θεὸς
3626 1678 3657 1729 6

2062 1759 2163 1830 τῆς
2189 1760 2345 1831 νίκης
2378 1761 2569 1826 αἴτιος.
2602 1763 2696 1815 Διὸ
2733 1762 2802 1815 τὰ
2826 1762 2962 1834 ἔργα
2984 1762 3080 1816 τοῦ
3115 1763 3254 1818 Θεοῦ
3289 1766 3653 1837 ἀπήγγελλον,

371 1852 568 1922 ejusin
601 1853 884 1909 hominum
908 1854 1151 1924 gratiam
1204 1865 1361 1926 gesta
1416 1855 1664 1910 facinora
1710 1854 1951 1910 celebra-

2059 1850 2355 1921 ὑμνοῦντες
2406 1853 2574 1907 αὑτοῦ
2639 1853 2707 1907 τά
2756 1853 2825 1906 δι’
2869 1853 3175 1925 ἀνθρώπων
3231 1857 3653 1929 κατορθώματα.

371 1944 524 1999 bant.
566 1941 633 1998 Hi
662 1945 871 2015 itaque,
904 1952 966 1999 ut
994 1934 1356 2015 spectatores,
1383 1946 1453 2004 de
1500 1946 1731 2001 victoria
1761 1945 1959 1999 trium-

372 2034 619 2103 phateris
648 2033 819 2089 Deum
848 2035 1107 2090 laudibus
1137 2036 1456 2091 eil'erebant.
1486 2035 1607 2107 Ipse
1637 2043 1823 2090 autem
1872 2035 1960 2089 vi-

370 2132 492 2179 ctor
531 2145 550 2176 ε
578 2126 855 2181 laetabitur
890 2126 947 2179 in
998 2124 1255 2191 Domino,
1302 2135 1360 2183 et
1406 2127 1651 2195 sperabit
1700 2126 1757 2180 in
1809 2140 1896 2181 eo.
1932 2145 1953 2177 ι

369 2211 558 2283 Neque
585 2216 731 2268 enim
769 2214 838 2269 de
875 2215 1062 2284 seipso
1093 2231 1351 2286 magnum
1405 2217 1627 2282 sentiet,
1680 2232 1861 2287 neque
1892 2218 1961 2273 de

369 2301 605 2356 victoria
631 2301 890 2357 eﬂ‘eretur
913 2342 929 2368 ,
979 2304 1074 2359 sed
1110 2305 1300 2359 divino
1330 2306 1530 2375 gaudio
1558 2314 1613 2361 et
1637 2307 1825 2362 laetitia
1872 2322 1960 2362 re-

371 2393 629 2462 plebitur,
676 2400 868 2462 utpote
917 2396 1012 2465 qui
1040 2396 1270 2452 victoris
1302 2395 1397 2451 Dei
1455 2396 1710 2454 minister
1766 2396 1955 2453 fuerit.

371 2482 486 2537 ﬂos
520 2498 685 2553 porro
708 2484 947 2550 laetante,
980 2500 1175 2541 onmes
1198 2487 1333 2542 recti
1366 2488 1534 2543 corde
1558 2489 1956 2555 laudabuntur,

370 2576 476 2647 ipsi
509 2591 727 2646 quoque
752 2576 917 2631 unius
949 2591 1115 2647 opera
1140 2593 1247 2634 ceu
1279 2578 1517 2634 victores
1566 2578 1768 2636 eﬂ‘ecti.
1818 2579 1956 2635 Nam

368 2677 517 2745 totus
568 2667 707 2724 ordo
765 2675 1053 2739 totumque
1119 2684 1325 2740 corpus
1375 2680 1698 2726 sanctorum
1739 2673 1957 2729 laudem

368 2766 756 2829 consequetur,
805 2760 955 2830 quia,
1000 2760 1307 2823 secundum
1337 2759 1396 2817 S.
1432 2763 1783 2831 Apostolum,
1845 2779 1958 2819 uno

369 2850 614 2907 membro
626 2850 862 2922 gloriam
885 2850 1178 2919 referente,
1207 2852 1398 2908 omnia
1420 2853 1666 2910 membra
1688 2855 1745 2910 in
1760 2855 1957 2927 «gloriae

369 2952 581 3013 partem
614 2944 863 2999 veniunt.
1474 2968 1480 2973 ε

404 3052 471 3108 ΙΝ
512 3051 745 3121 FINEM,
786 3054 1115 3113 PSALMUS
1149 3056 1430 3116 CANTICI
1474 3058 1685 3116 DAVID
1726 3060 1911 3117 LXIV.

2061 1933 2220 1994 Οὗτοι
2251 1942 2350 2012 μὲν
2377 1938 2490 2006 οὖν,
2538 1942 2730 2011 ὥσπερ
2782 1941 2993 2005 θεαταὶ,
3023 1943 3115 1996 τὸν
3160 1942 3296 1996 Θεὸν
3341 1941 3655 2010 δοξάζοντες

2056 2030 2153 2085 ἐπὶ
2204 2034 2268 2103 τῇ
2319 2032 2444 2105 νίκῃ
2488 2033 2583 2086 τοῦ
2609 2033 2957 2104 νενικηκότος
2998 2033 3286 2089 διετέλουν.
3329 2035 3500 2100 Αὐτὸς
3538 2036 3594 2089 δὲ
3627 2038 3656 2090 6
3754 2024 3765 2034 ’

2060 2122 2286 2193 νικητὴς
2320 2142 2340 2174 ι
2377 2124 2808 2195 εὐφρανθήσεται
2862 2126 2957 2179 ἐπὶ
2989 2124 3068 2196 τῷ
3104 2125 3316 2198 Κυρίῳ,
3347 2128 3440 2180 καὶ
3479 2127 3658 2181 ὲλπιεῖ

2062 2214 2148 2265 ἐπ’
2184 2213 2365 2266 αὐτόν.
2402 2233 2421 2266 ι
2452 2216 2529 2268 Οὐ
2579 2215 2691 2285 γὰρ
2720 2217 2804 2284 ἐφ’
2836 2216 3014 2286 ἑαυτῷ
3046 2217 3190 2287 μέγα
3225 2218 3504 2288 φρονήσει,
3544 2218 3652 2272 οὐδ’

2060 2302 2154 2355 ἐπὶ
2178 2307 2247 2374 τῇ
2274 2304 2400 2378 νίκῃ
2430 2305 2801 2377 ἐπαρθήσεται
2827 2322 2838 2332 ·
2870 2308 3044 2376 χαρᾶς
3078 2306 3135 2360 δὲ
3165 2306 3316 2370 θείας
3345 2308 3439 2360 καὶ
3458 2308 3657 2380 εὐφρο-

2062 2394 2228 2465 σύνης
2274 2395 2719 2467 πληρωθήσεται,
2749 2392 2825 2461 ὡς
2854 2399 3123 2469 ὑπουργὸς
3160 2400 3255 2453 καὶ
3282 2398 3527 2464 διάκονος
3558 2399 3652 2453 τοῦ

2060 2482 2337 2536 νικοποιοῦ
2392 2482 2529 2537 Θεοῦ
2561 2483 2823 2553 γεγονώς,
2871 2485 3077 2539 Τούτου
3110 2486 3168 2540 δὲ
3198 2487 3652 2560 εὐφραινομένου.

2062 2576 2259 2638 πάντες
2290 2577 2339 2628 οί
2378 2575 2558 2639 εὑθείς
2588 2579 2654 2647 τῇ
2691 2576 2891 2649 καρδίᾳ
2924 2578 3399 2651 ἐπαινεθήσονται,
3429 2578 3519 2633 διὰ
3556 2577 3651 2631 τοῦ

2048 2666 2179 2731 ένὸς
2212 2667 2305 2720 καὶ
2343 2668 2495 2722 αὐτοὶ
2524 2668 2714 2741 ὥσπερ
2766 2671 2977 2741 δικηταὶ
3013 2671 3445 2741 ἀποδειχθέντες.
3492 2670 3652 2726 Ὅλον

2057 2758 2170 2828 γὰρ
2189 2758 2251 2811 τὸ
2280 2759 2467 2830 τάγμα
2496 2762 2588 2814 καὶ
2616 2761 2678 2814 τὸ
2719 2760 2879 2833 σῶμα
2932 2761 3041 2816 τῶν
3068 2762 3239 2832 ἁγίων
3273 2763 3497 2817 ἐπαίνου
3522 2763 3651 2817 τεύ-

2059 2845 2211 2914 ξεται
2236 2866 2249 2878 ·
2285 2850 2496 2923 ἐπειδὴ,
2544 2851 2907 2923 δοξαζομένου
2971 2853 3165 2925 μέλους
3208 2854 3346 2918 ἑνὸς,
3397 2853 3652 2919 συνδοξά-

2059 2939 2212 3005 ζεται
2253 2943 2429 2997 πάντα
2460 2943 2528 2997 τὰ
2560 2944 2723 3015 μέλη,
2756 2946 2897 2999 κατὰ
2931 2946 3023 2999 τὸν
3059 2946 3201 3019 ἱερὸν
3237 2946 3575 3002 Ἀπόστολον.

2057 3051 2168 3110 ΕΙΣ
2194 3055 2283 3108 ΤΟ
2317 3054 2566 3120 ΤΕΛΟΣ,
2603 3055 2896 3139 ΨΑΔΜΟξ
2928 3057 3019 3128 Τῼ
3043 3058 3248 3111 ΔΔΥΙΔ
3296 3059 3495 3131 (DKZ.
3529 3058 3647 3123 SA’,

436 3163 607 3221 Vens.
645 3165 835 3245 2,34
864 3165 943 3224 Te
983 3169 1141 3226 decet
1170 3169 1429 3240 hymnus,
1482 3171 1647 3237 Deus,
1682 3173 1738 3227 in
1791 3170 1948 3239 Sion,

2132 3189 2151 3222 ι
2190 3170 2284 3224 Σοὶ
2318 3171 2517 3242 πρέπει
2548 3169 2736 3241 ὕμνος,
2766 3170 2795 3223 ὁ
2825 3169 2978 3238 Θεὸς,
3006 3172 3064 3225 ὲν
3090 3171 3249 3238 Σιὼν,
3277 3173 3372 3227 καὶ
3407 3174 3491 3229 σοὶ
3512 3175 3648 3229 ἀπο-

366 3264 420 3311 ct
451 3256 547 3313 tibi
581 3258 841 3315 reddetur
864 3267 1049 3316 votum
1081 3261 1137 3316 in
1167 3259 1495 3320 JeruSalem.
1543 3283 1562 3315 ι
1598 3263 1953 3336 Prophetiam

365 3348 750 3423 complectitur
783 3370 973 3410 eorum
1009 3373 1132 3427 quae
1173 3357 1231 3412 in
1264 3357 1426 3412 linem
1460 3341 1723 3413 eventura
1757 3367 1949 3427 erant;

364 3450 698 3515 quapropter
729 3445 1054 3502 inscribitur
1091 3465 1109 3499 ι
1169 3446 1227 3501 Ιιι
1276 3445 1462 3502 tinem.
1492 3466 1513 3499 ι
1553 3447 1815 3513 Quaenam
1851 3464 1951 3504 au-

365 3541 472 3588 tem
515 3534 606 3588 illa
640 3546 846 3601 essent,
903 3536 1102 3591 deinde
1136 3536 1314 3607 aperit
1349 3535 1438 3591 his
1480 3536 1706 3593 verbis:
1739 3557 1757 3591 ι
1791 3537 1873 3594 Ad
1897 3548 1952 3594 te

362 3626 543 3681 omnis
579 3642 710 3683 caro
750 3628 952 3683 veniet.
992 3648 1015 3681 ι
1050 3626 1169 3682 Non
1197 3627 1312 3697 jam
1360 3627 1537 3683 solum
1566 3627 1831 3686 Iudaicus
1854 3644 1950 3701 po-

364 3717 548 3786 pulus,
586 3718 680 3772 sed
711 3721 891 3773 omnis
919 3711 1070 3781 caro,
1096 3718 1151 3773 id
1175 3726 1280 3783 est,
1315 3726 1489 3775 totum
1534 3719 1819 3776 hominum
1860 3736 1953 3793 ge-

362 3823 487 3862 nus.
522 3804 614 3862 Sic
646 3808 793 3862 enim
822 3809 962 3864 solet
997 3807 1285 3879 Scriptura
1310 3810 1564 3867 homines
1594 3824 1789 3867 omnes
1808 3812 1952 3866 indi-

360 3913 510 3963 care,
547 3899 642 3971 qui
665 3900 795 3955 olim
842 3902 1093 3957 carnales
1126 3904 1444 3975 terrenique
1474 3911 1653 3959 erant.
1686 3902 1867 3970 Quare
1893 3903 1949 3958 in

360 3990 477 4065 lege
501 3991 738 4046 dicitur:
774 4010 791 4043 ι
829 3989 1088 4064 Corrupit
1111 3994 1293 4050 omnis
1319 4010 1450 4051 caro
1473 3996 1617 4050 viam
1646 4011 1804 4051 suam
1836 3997 1893 4064 ’ς
1924 4015 1942 4047 ι

358 4097 424 4135 ac
469 4097 733 4138 rursum:
782 4102 801 4136 ι
840 4081 959 4141 Non
1005 4089 1351 4157 permanebit
1397 4086 1628 4158 spiritus
1680 4102 1838 4145 meus
1890 4089 1947 4143 in

359 4171 669 4228 hominibus
725 4173 834 4239 his,
880 4176 1011 4245 quia
1069 4192 1266 4235 carnes
1316 4185 1447 4234 sunt
1482 4180 1546 4234 ’³.
1596 4198 1615 4231 ι
1655 4176 1767 4233 Sed
1810 4186 1947 4233 tunc

358 4262 576 4334 quidem
630 4267 812 4322 omnis
856 4282 986 4321 caro
1049 4267 1443 4335 incusabatur;
1479 4283 1627 4323 nunc
1684 4284 1816 4324 vero
1877 4267 1946 4322 ad

356 4357 525 4413 Deum
556 4366 787 4413 ventura
821 4359 1042 4413 dicitur.
1094 4358 1461 4425 Quamobrem
1520 4362 1614 4432 qui
1658 4368 1784 4432 post
1840 4359 1947 4415 Da-

353 4449 533 4506 vidcm
577 4447 679 4503 fuit
709 4448 827 4504 Joel
884 4452 1186 4521 propheta,
1247 4452 1399 4508 omni
1463 4453 1617 4507 carni
1683 4453 1945 4525 pulcher-

356 4541 495 4594 rima
550 4540 883 4595 vaticinatur
928 4541 1120 4597 dicens
1170 4561 1182 4597 :
1234 4540 1567 4598 «Effundam
1620 4542 1688 4599 de
1741 4544 1941 4614 spiritu

354 4643 477 4685 meo
520 4646 686 4701 super
726 4646 945 4686 onmem
990 4645 1246 4692 carnem,
1278 4639 1330 4686 et
1379 4629 1786 4702 prophetabunt
1810 4635 1875 4686 “.
1916 4653 1935 4685 ι

356 4720 595 4792 ldipsum
640 4738 858 4793 quoque
910 4722 1155 4778 declarat
1205 4722 1377 4777 Isaias
1426 4724 1616 4779 dicens
1662 4743 1675 4779 :
1726 4742 1744 4775 ι
1775 4723 1941 4781 Vide-

352 4813 433 4867 bit
464 4815 661 4869 omnis
707 4830 837 4870 caro
885 4815 1129 4870 salutare
1172 4813 1265 4869 Dei
1313 4816 1377 4869 ι’.
1425 4836 1443 4868 ι
1498 4814 1754 4873 Salutare
1808 4831 1940 4887 por-

352 4917 418 4956 ro
476 4901 571 4958 Dei
626 4905 695 4959 ab
733 4906 881 4960 omni
913 4919 1081 4961 carne
1122 4907 1566 4978 cognoscendum
1602 4908 1735 4978 quid
1787 4908 1938 4963 aliud

350 4986 538 5057 fuerit,
576 5009 742 5066 quam
776 4991 1032 5052 Christus
1081 4995 1198 5060 Dci,
1228 5005 1289 5050 ut
1330 4999 1656 5068 plerumque
1708 4998 1939 5053 demon-

350 5080 827 5143 stravimusﬂloc
860 5086 1046 5158 itaque
1099 5088 1341 5143 salutare
1392 5088 1650 5144 omnibus
1692 5088 1934 5145 homini-

349 5177 472 5239 bus,
496 5178 591 5249 qui
611 5178 743 5234 olim
765 5179 1017 5235 carnales
1042 5187 1222 5244 erant,
1265 5181 1566 5235 revelatum
1614 5180 1682 5235 iri
1712 5181 1768 5235 in
1796 5183 1937 5236 vati-

350 5266 498 5321 cinio
553 5268 896 5325 enuntiatur.
952 5267 1086 5324 Jure
1145 5284 1276 5340 ergo
1334 5285 1576 5339 praesens
1640 5273 1886 5341 psalmus
1921 5311 1936 5335 ,

350 5357 586 5428 idipsum
645 5360 998 5430 significans,
1034 5361 1458 5430 promissionem
1507 5362 1763 5433 obsignat
1808 5377 1934 5419 cum

350 5449 467 5502 ait:
506 5469 525 5501 ε
562 5451 643 5505 Ad
668 5460 720 5506 te
749 5452 932 5507 omnis
964 5467 1096 5507 caro
1144 5454 1349 5508 veniet.
1390 5471 1408 5504 ι
1468 5452 1585 5509 Sub
1613 5456 1729 5509 hac
1751 5463 1935 5510 autem

350 5539 552 5595 clarius
584 5543 913 5597 sententiam
939 5540 1093 5597 effert
1123 5556 1248 5597 cum
1280 5543 1433 5598 addit
1470 5563 1481 5597 :
1515 5563 1533 5596 ι
1566 5543 1776 5600 Exaudi
1808 5561 1934 5609 nos,

350 5629 516 5696 Dens,
556 5634 814 5689 sa‘lutaris
834 5641 1044 5698 noster,
1082 5649 1209 5704 spes
1229 5636 1473 5691 omnium
1516 5637 1706 5691 mnium
1743 5645 1927 5702 terrm,

427 5788 446 5818 ’
470 5788 605 5842 Grn.
635 5803 707 5854 Vt,
740 5789 823 5842 12.
906 5792 948 5822 '°
976 5788 1108 5844 Ibid.
1143 5792 1197 5845 5.

2054 3262 2341 3333 δοθήσεται
2367 3262 2501 3332 εὐχὴ
2528 3264 2585 3315 ὲν
2623 3261 2999 3332 Ἰερουσαλήμ.
3039 3281 3059 3315 ι
3092 3262 3438 3335 Προφητείαν
3466 3265 3649 3336 περιέ-

2055 3371 2139 3426 χει
2173 3353 2473 3423 μελλόντων
2499 3353 2577 3416 εἱς
2592 3350 2653 3405 τὸ
2676 3351 2830 3416 τέλος
2852 3350 3261 3423 ἀπαντήσεσθαι
3286 3358 3643 3429 πραγμάτων·

2053 3444 2133 3497 διὸ
2150 3443 2575 3515 ἐπιγέγραπταιο
2600 3460 2617 3494 ι
2642 3442 2736 3505 Εἰς
2770 3442 2830 3495 τὸ
2858 3443 3029 3506 τέλος.
3061 3463 3079 3494 ι
3102 3444 3236 3498 Τίνα
3268 3446 3325 3499 δὲ
3349 3446 3539 3514 ταῦτα,
3570 3446 3648 3501 δι,-

2053 3539 2243 3593 δάσκει
2305 3537 2433 3608 ἑξῆς
2482 3537 2680 3606 λέγων,
2720 3555 2740 3588 ι
2781 3535 2928 3609 Πρὸς
2983 3537 3043 3592 σὲ
3092 3540 3244 3594 πᾶσα
3279 3538 3415 3611 σὰρξ
3447 3539 3589 3611 ἥξει.
3619 3558 3641 3591 ι

2054 3626 2250 3680 Οὐκέτι
2278 3628 2386 3698 γὰρ
2411 3626 2569 3698 μόνον
2601 3627 2664 3680 τὸ
2704 3627 2972 3682 Ἰουδαίων
3006 3628 3181 3707 ἔθνος,
3208 3629 3344 3683 ἀλλὰ
3368 3632 3463 3684 καὶ
3494 3628 3651 3685 πᾶσα

2055 3714 2212 3787 σὰρξ,
2267 3715 2513 3769 τουτέστι
2564 3716 2673 3769 πᾶν
2721 3716 2879 3785 γένος
2921 3719 3245 3791 ἀνθρώπων.
3291 3720 3480 3785 Οὕτως
3538 3721 3647 3793 γὰρ

2052 3806 2244 3860 εἴωθεν
2276 3807 2305 3860 6
2338 3806 2511 3876 Λόγος
2572 3807 2782 3875 πάντας
2835 3811 3159 3884 ἀνθρώπους
3213 3811 3501 3882 σημαίνειν
3518 3813 3646 3876 τοὺς

2054 3898 2222 3952 πάλαι
2272 3900 2561 3972 σαρκίνους
2598 3901 2693 3952 καὶ
2749 3899 2990 3969 γεώδεις.
3021 3900 3114 3955 Διὸ
3144 3902 3240 3956 καὶ
3284 3903 3344 3955 tv
3384 3901 3463 3971 τῷ
3492 3902 3645 3972 νόμῳ

2050 3991 2332 4045 λέλεκταιο
2370 4010 2387 4043 ι
2417 3992 2699 4065 Διέφθειρε
2747 3988 2898 4048 πᾶσα
2947 3986 3101 4065 σὰρξ
3122 3992 3223 4063 τὴν
3240 3991 3367 4045 ὁδὸν
3386 3990 3583 4045 αὐτοῦ·
3617 4011 3637 4041 ι

2050 4083 2146 4136 καὶ
2189 4082 2388 4136 πάλιν·
2442 4100 2460 4133 ι
2505 4083 2578 4137 Οὐ
2620 4084 2693 4156 μὴ
2733 4080 3040 4157 καταμείνῃ
3082 4083 3146 4136 τὸ
3199 4081 3418 4151 πνεῦμά
3450 4099 3549 4151 μου
3584 4083 3641 4134 ὲν

2047 4177 2160 4248 τοῖς
2191 4174 2500 4248 ἀνθρώποις
2518 4175 2750 4240 τούτοις,
2770 4174 2861 4230 διὰ
2880 4174 2946 4228 τὸ
2980 4170 3121 4228 εἶναι
3150 4173 3343 4237 αὐτοὺς
3376 4174 3599 4244 σάρκας.
3618 4195 3635 4225 ι

2061 4244 2222 4321 ’Ᾰλλὰ
2272 4244 2396 4321 τότε
2445 4268 2544 4339 μὲν
2596 4267 2746 4327 πᾶσα
2801 4263 2939 4335 σὰρξ
2992 4265 3382 4333 κατηγορεῖτο·
3428 4262 3523 4317 νῦν
3582 4265 3639 4319 δὲ

2047 4355 2198 4427 ἥξειν
2244 4359 2383 4430 πρὸς
2400 4356 2496 4411 τὸν
2526 4355 2662 4411 Θεὸν
2701 4354 2938 4422 λέγεται.
2971 4353 3062 4405 Διὸ
3085 4354 3178 4406 xui
3205 4354 3344 4422 μετὰ
3368 4354 3458 4407 τὸν
3479 4355 3639 4410 Δαυῖδ

2061 4449 2236 4520 Ἰωήλ,
2297 4444 2588 4520 προφήτης
2650 4444 2961 4515 γενόμενος,
3021 4442 3088 4497 τὰ
3140 4442 3402 4497 κάλλιστα
3457 4445 3638 4516 πάσης

2052 4540 2252 4610 σαρκὸς
2278 4534 2527 4603 θεσπίζει
2566 4536 2775 4604 λέγων’
2812 4556 2831 4587 ι
2873 4535 3081 4607 Ἐκχεῶ
3126 4536 3233 4590 ἀπὸ
3266 4535 3360 4590 τοῦ
3396 4535 3636 4606 πνεύμα-

2050 4636 2140 4698 τός
2182 4651 2280 4706 μου
2326 4634 2417 4687 ἐπὶ
2463 4633 2645 4685 πᾶσαν
2690 4629 2889 4701 σάρκα,
2931 4631 3026 4684 καὶ
3077 4630 3567 4701 προφητεύσουσιν.
3611 4649 3629 4682 ι

2062 4725 2223 4780 Ἀλλὰ
2281 4726 2377 4779 καλ⁸
2426 4726 2455 4777 6
2510 4722 2735 4784 Ἡσαΐας
2793 4722 2992 4777 ταύτὸν
3036 4721 3367 4793 παρίστησιν
3428 4721 3631 4775 είπών·

2053 4833 2071 4866 ι
2111 4816 2338 4885 Ὄψεται
2388 4814 2539 4867 πᾶσα
2578 4811 2717 4884 σὰρξ
2753 4811 2815 4865 τὸ
2849 4813 3117 4886 σωτήριον
3140 4811 3236 4865 τοῦ
3279 4811 3435 4867 Θεοῦ.
3472 4831 3491 4864 ι
3521 4813 3635 4866 Σω-

2044 4911 2231 4977 τήριον
2275 4905 2332 4958 δὲ
2374 4903 2515 4961 Θεοῦ,
2550 4904 2699 4976 πάσῃ
2734 4904 2899 4978 σαρκὶ
2936 4904 3388 4977 γνωσθησόμενον
3422 4906 3473 4959 τί
3505 4921 3631 4960 ποτε

2040 4992 2109 5068 ἦν
2134 4996 2264 5067 ἄρα,
2303 4997 2336 5067 ἢ
2367 4999 2395 5049 ὁ
2413 4995 2648 5066 Χριστὸς
2691 4992 2787 5049 τοῦ
2811 4996 2970 5061 Θεοῦ,
2997 4995 3181 5060 καθὼς
3202 4995 3463 5061 πολλάκις
3494 4998 3627 5052 ἀπε-

2039 5086 2328 5159 δείξαμενς
2375 5087 2546 5141 Τοῦτο
2590 5080 2685 5142 οὖν
2725 5087 2785 5141 τὸ
2825 5084 3092 5159 σωτήριον
3120 5088 3288 5141 πᾶσιν
3324 5086 3630 5161 ἀνθρώποις

2040 5183 2151 5243 τοῖς
2205 5179 2368 5234 πάλαι
2440 5181 2716 5250 σαρκίνοις
2770 5180 3328 5253 ἀποκαλυφθήσεσθαι
3389 5196 3632 5252 προεφή-

2038 5271 2244 5327 τεύετο.
2270 5272 2511 5336 Εἰκότως
2537 5268 2629 5326 οὖν
2657 5272 2752 5326 καὶ⁵
2775 5273 2803 5325 6
2829 5271 2968 5343 μετὰ
2997 5275 3185 5344 χεῖρας
3205 5266 3443 5341 ψαλμὸς.
3471 5270 3630 5323 τοῦτο

2040 5363 2172 5417 αὐτὸ
2206 5365 2512 5434 σημαίνων,
2552 5360 3012 5434 έπισφραγίζεται
3039 5363 3139 5434 τὴν
3180 5359 3516 5431 ἐπαγγελίαν
3540 5359 3629 5414 διὰ

2040 5453 2133 5507 τοῦ
2159 5455 2360 5522 φάναι·
2408 5473 2427 5505 ι
2457 5454 2600 5527 Πρὸς
2644 5454 2704 5507 σὲ
2735 5455 2884 5508 πᾶσα
2919 5454 3055 5526 σάρξ
3087 5453 3229 5524 ἥξει.
3266 5474 3285 5506 ι
3322 5455 3628 5507 Ύποκατα-

2041 5546 2141 5609 ϐὰς
2169 5547 2246 5615 δὲ,
2273 5548 2606 5618 σαφέστερον
2628 5546 2927 5618 έρμηνεύει
2955 5546 3053 5619 τὴν
3076 5547 3315 5601 διάνοιαν
3335 5544 3623 5612 ἐπιλέγων

2046 5656 2063 5687 ι
2117 5638 2450 5693 Ἐπάκουσον
2478 5637 2658 5708 ἡμῶν,
2696 5640 2725 5691 6
2763 5637 2896 5701 Θεὸς
2922 5641 2950 5692 ὁ
2990 5639 3173 5711 σωτὴρ
3203 5637 3383 5710 ἡμῶν,
3404 5639 3439 5710 ή
3472 5634 3627 5700 ἐλπὶς

1277 5792 1318 5823 ¹¹
1344 5791 1485 5846 Jocl.
1524 5809 1586 5858 ιι,
1614 5792 1707 5850 ‘28.
1790 5794 1832 5824 ¹²
1857 5791 1960 5852 lsa.
1999 5808 2095 5858 ιιι,
2131 5793 2219 5851 10.
