4090 6386
449 394 558 449 625

1584 392 2094 451 COMMENTARIA
2132 391 2200 448 ΙΝ
2239 389 2579 448 PSALMOS.
2670 394 2681 404 ’

3616 397 3720 451 626

450 507 669 562 πάντων
700 523 808 558 των
842 506 1092 576 περάτων
1121 506 1215 577 τῆς
1254 508 1361 577 γῆς
1409 508 1503 560 καὶ
1538 506 1647 560 τῶν
1692 509 1752 559 ἐν
1791 507 2037 579 θαλάσσῃ

2140 512 2419 560 eteorum
2471 506 2564 575 qui
2599 505 2654 558 in
2701 504 2838 558 mari
2872 505 3189 576 sunt-longe
3225 526 3237 561 :
3279 528 3297 561 ι
3329 508 3438 565 imo
3477 512 3719 579 apertius

449 598 698 669 μακράν·
740 616 759 647 ι
803 597 895 650 καὶ
928 597 1008 650 ἔτι
1052 598 1385 669 σαφέστερον
1429 598 1711 667 ἐπιλέγει·
1752 616 1769 649 ι
1809 600 1917 653 Καὶ
1943 616 2038 668 φο-

448 690 777 761 6ηθήσονται
822 691 872 742 oi
914 689 1295 753 κατοικοῦντες
1317 690 1386 744 τὰ
1418 690 1630 760 πέρατα
1670 690 1778 743 ἀπὸ
1806 690 1914 743 τῶν
1937 707 2034 761 ση-

450 781 620 851 μείων
662 796 776 832 dou.
818 797 837 828 ι
866 779 939 832 Τὸ
978 778 1090 850 γὰρ
1120 778 1425 849 φοῦηθῆναι
1454 781 1663 844 πάντας
1695 781 1821 843 τοὺς
1851 798 2038 835 κατοιο

447 867 678 932 κοῦντας
711 867 781 921 τὰ
802 868 1014 939 πέρατα
1031 869 1139 923 ἀπὸ
1180 868 1287 923 τῶν
1316 870 1560 940 σημείων
1599 869 1692 923 τοῦ
1720 870 1856 923 Θεοῦ
1898 871 2035 939 ἀγα-

445 959 554 1013 θῶν
584 955 655 1030 ἦν
685 962 779 1014 καὶ
808 961 1001 1030 σοφίας
1023 962 1164 1037 ἀρχή
1187 978 1200 992 ο
1232 961 1464 1031 ἐπείπερ
1500 980 1519 1012 ι
1553 961 1697 1033 ἀρχὴ
1722 963 1916 1031 σοφίας
1940 962 2034 1031 φό-

444 1052 539 1117 ϐος
572 1055 798 1125 Κυρίου.
838 1072 859 1105 ι
891 1054 993 1111 Διὰ
1018 1055 1083 1126 δὴ
1113 1054 1283 1108 ταῦτα
1312 1075 1331 1106 ι
1360 1057 1456 1120 Et;
1490 1048 1733 1120 τὸτέλος
1770 1077 1790 1109 ›
1832 1058 2033 1130 προγέ-

444 1147 737 1217 γραπται-ό
767 1144 979 1216 ψαλμός
1001 1164 1014 1178 ·
1050 1148 1146 1199 καὶ
1173 1147 1318 1200 ἐστιν
1336 1146 1482 1217 ᾠδῆς
1509 1147 1743 1219 ψαλμδς,
1768 1151 2031 1205 ἐπινίκιον

445 1234 613 1306 ὕμνον
641 1239 722 1300 είς
753 1237 845 1291 τὸν
877 1238 1105 1308 Σωτῆρα
1130 1236 1237 1290 τῶν
1261 1237 1431 1291 ἐθνῶν
1461 1238 1753 1310 περιέχων.
1806 1241 1922 1310 Ἐφ’
1950 1236 2031 1305 οἷς

444 1325 505 1379 τὸ
538 1327 762 1398 Πνεῦμα
803 1328 865 1381 τὸ
916 1328 1073 1397 ἆγιον
1124 1330 1215 1383 τὸν
1265 1330 1358 1383 ἐπὶ⁹
1385 1330 1603 1384 πάντων
1641 1331 1774 1384 Θεὸν
1804 1332 2031 1403 άνυμνεῖ

446 1415 683 1484 φάσκον·
725 1419 853 1471 «Σοὶ
878 1417 1077 1489 πρέπει
1105 1419 1293 1491 ὕμνος,
1327 1422 1355 1473 ὁ
1383 1421 1536 1486 Θεὸς,
1574 1424 1634 1475 ἐν
1666 1423 1860 1479 Σιών.»
1896 1423 2029 1478 Τίνα

443 1507 553 1579 γάρ
586 1509 753 1580 ἐχρῆν
775 1509 935 1564 ἄλλον
958 1511 1053 1563 ἐπὶ
1083 1514 1148 1583 τῇ
1178 1512 1395 1566 πάντων
1434 1512 1736 1585 ἀνθρώπων
1785 1515 2029 1588 σωτηρίᾳ

443 1597 728 1668 ὕμνεῖσθαι
779 1601 812 1670 ἢ
844 1601 936 1653 τὸν
979 1603 1183 1666 παντὸς
1204 1602 1378 1657 αἴτιον
1404 1604 1646 1673 ἀγαθοῦς
1677 1605 1929 1660 Διδάσκει
1970 1607 2027 1660 δέ

440 1688 501 1740 τὸ
527 1689 659 1742 αὐτὸ
692 1691 919 1762 Πνεῦμα
968 1694 1097 1756 τοὺς
1134 1694 1458 1764 προσιόντας
1487 1693 1548 1760 ἐξ
1576 1695 1746 1750 ἐθνῶν
1777 1697 1923 1768 μόνῳ
1950 1697 2028 1768 τῷ

437 1778 560 1850 Θεῷ
588 1779 765 1848 λέγειν
784 1798 797 1812 ·
840 1800 858 1833 ι
898 1782 989 1835 Σοὶ
1024 1784 1223 1855 πρέπει
1260 1785 1428 1856 ὕμνος
1449 1803 1462 1816 ·
1504 1805 1523 1837 ι
1547 1785 1622 1851 ὡς
1650 1786 1715 1841 ἂν
1748 1805 2025 1859 κατεγνω-

2138 595 2424 666 subjungit
2455 611 2470 647 :
2518 614 2539 646 ε
2562 596 2638 649 -Ει
2674 594 2946 649 timebunt
2974 596 3067 665 qui
3118 596 3368 653 habitant
3397 602 3658 657 terminos
3687 618 3717 657 a

2138 688 2309 758 signis
2330 687 2465 742 tuis.
2510 706 2529 739 δ
2561 687 2701 740 Nam
2727 686 2873 756 quod
2901 702 3095 741 omnes
3123 689 3215 757 qui
3255 689 3574 747 habitabant
3605 700 3720 749 ter-

2136 780 2319 834 minos
2348 787 2509 834 terrae
2529 779 2785 835 timerent
2842 793 2872 831 a
2914 778 3090 847 signis
3119 777 3237 844 Dei,
3283 781 3334 835 id
3366 781 3634 838 bonorum
3663 793 3717 840 et

2134 871 2648 940 sapientizeinitium
2665 878 2783 925 erat
2810 886 2822 921 :
2845 870 3115 940 siquidem
3143 871 3411 927 «initium
3439 876 3718 946 sapientia:

2138 963 2303 1019 timor
2327 961 2546 1018 Domini
2572 962 2636 1017 ⁸³.
2669 981 2690 1014 ι
2721 961 2819 1017 llis
2862 962 2930 1017 de
2979 962 3166 1018 causis
3194 981 3213 1014 ι
3244 962 3304 1019 ln
3336 964 3495 1021 ﬁnem
3524 986 3541 1018 ι
3572 968 3715 1037 psal-

2134 1070 2259 1111 mus
2285 1056 2653 1111 inscribitur:
2680 1063 2875 1127 estque
2895 1056 3142 1126 psalmus
3167 1058 3391 1122 cantici,
3422 1059 3720 1130 triumpha-

2134 1147 2238 1201 lem
2253 1147 2518 1219 hymnum
2539 1150 2593 1202 in
2614 1144 2961 1206 Servatorcm
2980 1151 3224 1221 gentium
3245 1152 3633 1222 complectens.
3654 1149 3719 1206 Et

2133 1237 2203 1292 ob
2220 1253 2339 1293 eam
2363 1254 2479 1293 rem
2505 1238 2746 1309 Spiritus
2762 1248 2989 1296 sanctus
3008 1241 3201 1307 Deum,
3230 1242 3323 1319 qui
3354 1257 3518 1312 supra
3534 1245 3717 1298 omnia

2132 1335 2217 1383 est
2238 1368 2254 1393 ,
2288 1330 2530 1386 celebrat
2566 1330 2758 1387 dicens
2789 1351 2801 1387 ε
2847 1352 2863 1383 ι
2887 1331 2964 1388 τε
2997 1333 3154 1388 decet
3183 1333 3620 1405 bymnus,Dens,
3662 1336 3717 1389 in

2134 1418 2286 1475 Sion.
2316 1439 2334 1472 ι
2358 1420 2531 1486 Quem
2550 1422 2695 1477 enim
2712 1423 2878 1477 alium
2901 1439 3000 1493 pro
3019 1426 3263 1481 omnium
3278 1425 3561 1480 hominum
3577 1426 3719 1481 salu-

2130 1516 2184 1564 te
2195 1511 2463 1566 celebrari
2478 1513 2744 1582 oportuit,
2759 1513 2867 1569 nisi
2886 1515 3067 1570 omnis
3082 1516 3209 1570 boni
3228 1526 3506 1572 auctorem
3517 1516 3720 1572 ?Doeet

2130 1609 2309 1656 autem
2329 1601 2471 1674 idem
2494 1602 2734 1674 Spiritus
2749 1619 2843 1660 eos
2858 1605 2948 1674 qui
2964 1621 3029 1659 ex
3055 1607 3309 1676 gentibus
3325 1607 3589 1663 accedunt
3615 1610 3718 1665 soli

2129 1690 2239 1748 Deo
2251 1692 2431 1747 dicere
2442 1692 2642 1749 debere
2658 1713 2700 1747 τι
2712 1693 2788 1749 Te
2800 1695 2956 1752 decet
2970 1696 3224 1768 hymnus,
3238 1697 3422 1768 :qnasi
3436 1699 3719 1753 sesedam-

2131 1791 2350 1847 nantes,
2385 1782 2532 1855 quod
2556 1785 2858 1841 multorum
2927 1786 3219 1841 numinum
3251 1790 3425 1844 errori
3455 1788 3717 1844 indecen-

440 1871 605 1932 κότας
625 1872 859 1935 ἐαυτῶν,
889 1874 978 1927 ὅτε
1023 1875 1099 1947 μὴ
1129 1877 1443 1947 πρέποντας·
1470 1879 1674 1950 ὕμνους
1710 1882 2027 1953 ἀνέπεμπον

2132 1882 2216 1929 ter
2246 1874 2480 1946 hymnos
2506 1876 2842 1931 amisissent.
2876 1875 3042 1931 Deum
3071 1886 3249 1932 autem
3281 1878 3519 1950 hymnus
3541 1878 3715 1942 decet,

438 1964 504 2031 τῇ
540 1962 788 2035 πολυθέῳ
813 1965 1015 2037 πλάνῃ.
1044 1967 1254 2038 Πρέπει
1282 1968 1337 2022 δὲ
1375 1969 1543 2039 ὕμνος
1566 1970 1645 2042 τῷ
1665 1970 1785 2042 Θεῷ
1812 1974 1872 2027 οὐ
1898 1975 2025 2038 πᾶς,

438 2051 554 2104 ἀλλ’
583 2053 612 2104 ό
634 2054 692 2107 ἐν
730 2054 871 2109 Σιὼν
914 2056 1395 2128 ἀναπεμπόμενος,
1435 2059 1636 2132 δηλαδὴ
1665 2062 1693 2114 ό
1718 2064 1779 2115 ἐν
1804 2066 1868 2135 τῇ
1905 2065 2029 2118 Ἐκέ

439 2142 637 2213 κλησία
665 2145 855 2200 αὑτοῦ.
884 2146 1023 2201 Σιὼν
1062 2148 1161 2218 μὲν
1190 2150 1299 2220 γάρ
1338 2150 1487 2204 ἐστιν
1524 2150 1751 2224 ἀληθινὴ
1792 2156 1825 2225 ή
1861 2155 2027 2208 ἐπου-

441 2234 626 2307 ράνιος
659 2236 1030 2310 Ἰερουσαλὴμ,
1058 2240 1151 2293 καὶ
1178 2241 1239 2293 τὸ
1252 2240 1574 2311 ἐπουράνιον
1594 2242 1720 2314 ὅρος
1745 2245 1839 2298 τοῦ
1854 2244 1990 2299 Θεοῦ
2009 2263 2022 2277 ⁸

439 2326 568 2396 περὶ
601 2321 662 2380 οὗ
692 2326 960 2382 διδάσκων
1003 2332 1032 2383 ό
1072 2330 1395 2398 Ἀπόστολος
1415 2333 1566 2405 ἔλεγε
1589 2352 1603 2366 ⁸
1643 2354 1662 2386 ι
1689 2336 2030 2408 Προσεληλύ-

440 2414 570 2469 θατε
592 2416 730 2470 Σιὼν
757 2418 893 2490 ὄρει,
937 2420 1031 2474 καὶ
1063 2422 1215 2476 πόλει
1244 2423 1379 2478 Θεοῦ
1413 2426 1633 2491 ζῶντος,
1678 2427 2029 2501 Ἰερουσαλὴμ

438 2507 765 2579 ἐπουρανίῳ,
823 2511 918 2564 καὶ
961 2513 1220 2584 μυριάσιν
1272 2515 1524 2584 ἀγγέλων
1571 2517 1896 2590 πανηγύρει,
1933 2520 2028 2573 καὶ

410 2623 417 2629 -
451 2596 743 2672 Ἐκκλησία
805 2606 1166 2674 πρωτοτόκων
1214 2608 1727 2681 ἀπογεγραμμένων
1767 2614 1825 2666 ἐν
1861 2613 2029 2684 ούρα-

438 2690 549 2753 νοῖς
572 2706 587 2720 ·
629 2709 649 2742 ι
675 2693 771 2745 καὶ
830 2694 1021 2748 πάλιν·
1052 2715 1071 2748 ι
1127 2698 1189 2750 Ἠ
1248 2696 1305 2750 δέ
1333 2698 1446 2753 ἂνω
1490 2702 1843 2775 Ἰερουσαλὴμ
1873 2704 2028 2757 ἐλευι

438 2777 574 2850 θέρα
610 2782 783 2844 ἐστὶν,
825 2784 948 2853 ἦτις
987 2785 1107 2838 ἐστὶ
1142 2788 1325 2859 μήτηρ
1352 2788 1531 2861 ήμῶν.
1576 2809 1595 2841 ι
1659 2790 1807 2864 Αὕτη
1843 2791 1909 2846 ἂν
1940 2793 2026 2865 εἴη

436 2870 472 2940 ἡ
507 2871 713 2942 ἀληθὴς
763 2874 1139 2947 Ἰερουσαλὴμ,
1173 2880 1269 2932 καὶ
1320 2882 1352 2951 ή
1399 2881 1603 2951 κυρίως
1652 2883 2030 2955 άναδειχθεῖσα

438 2959 598 3026 Σιὼν,
626 2963 711 3031 ἐφ’
745 2958 813 3034 ἦς
844 2967 939 3019 καὶ
987 2966 1293 3036 βασιλεύειν
1345 2971 1594 3026 λέλεκται
1635 2976 1665 3028 ό
1711 2974 1905 3046 Σωτὴρ
1936 2976 2029 3029 καὶ

436 3050 641 3123 Κύριος
682 3055 863 3125 ἡμῶν,
899 3056 1093 3130 ῶσπερ
1142 3056 1236 3114 οὖν
1268 3060 1509 3129 διδάσκει
1551 3062 1727 3132 λέγων
1754 3065 1915 3137 αὐτὸς
1969 3067 2029 3119 ἐν

435 3142 482 3261 f’
513 3143 748 3261 ψαίμέ·
781 3166 801 3198 ε
845 3148 1444 3261 ’ξτὼβὲμῖίξιτῖσῖάἓηγ
1483 3153 1739 3261 tres":
1765 3156 1859 3210 έπλ
1887 3155 2027 3261 ξξευν
2054 3206 2095 3261 c

433 3232 631 3305 δροςτὸ
664 3237 817 3306 ἅγιον
845 3239 1031 3293 αὐτοῦ.
1046 3260 1065 3292 ι
1086 3242 1150 3295 Ἦ
1176 3242 1313 3314 αὐτὴ
1332 3244 1377 3297 δ’
1404 3245 1469 3298 ἂν
1491 3247 1574 3317 εἴη
1594 3249 1626 3317 ή
1648 3246 2029 3315 καταγγελλο-

437 3328 573 3400 μένη
632 3332 747 3394 τοῖς
772 3332 835 3384 τὸ
886 3332 1216 3403 Εὐαγγέλιον
1262 3337 1729 3409 παραδεχομένοις
1783 3339 2027 3410 βασιλεία

431 3420 695 3490 οὐρανῶν.
754 3424 934 3477 Είκὼν
995 3425 1039 3478 δ’
1087 3428 1304 3500 ἐκείνης
1354 3431 1388 3500 ἡ
1436 3430 1531 3484 ἐπὶ
1565 3431 1667 3502 γῆς
1713 3432 1911 3500 γένοιτ’
1960 3433 2027 3486 ἂν

445 3508 740 3582 Ἐκκλησία
760 3529 773 3541 ·
804 3513 1112 3585 ὁμωνύμως
1142 3518 1236 3571 καὶ
1268 3518 1407 3589 αὑτὴ
1433 3517 1743 3590 καλουμένη
1773 3521 1901 3573 ποτὲ
1928 3521 2025 3591 μὲν

432 3601 571 3654 Σιὼν
593 3642 609 3666 ,
663 3602 794 3656 ποτέ
840 3603 898 3657 δὲ
954 3606 1347 3679 Ἰερουσαλὴμ,
1407 3611 1503 3663 καὶ
1547 3608 1734 3664 ἄλλοτε
1780 3610 2025 3682 θυγάτηρ

432 3691 590 3755 Σιὼν,
638 3692 671 3762 ἦ
718 3692 966 3766 θυγάτηρ
1006 3695 1380 3770 Ἰερουσαλήμ.
1421 3701 1577 3754 Οὕτω
1609 3701 1739 3770 γοῦν
1769 3703 1940 3773 αὐτὴν
1974 3703 2023 3756 οἱ

433 3784 709 3855 προφῆται
773 3784 1123 3852 θεσπίζοντες
1166 3790 1518 3862 ἀνηγόρευον.
1566 3792 1625 3844 '0
1651 3791 1832 3845 τοίνυν
1855 3792 2026 3863 ὕμνος

431 3878 460 3929 ὁ
488 3878 547 3930 ἐν
578 3879 645 3949 τῇ
683 3875 843 3942 Σιὼν,
884 3864 1004 3950 om
1053 3882 1117 3951 τῇ
1161 3882 1489 3953 ἐπουρανίῳ,
1521 3882 1554 3954 ἢ
1582 3884 1676 3936 και
1704 3886 1768 3955 τῇ
1796 3885 1890 3937 ἐπὶ
1919 3884 2024 3955 γῆς

446 3968 744 4041 Ἐκκλησία
773 3969 867 4022 τοῦ
903 3969 1038 4023 Θεοῦ
1096 3971 1375 4044 ᾁδόμενος,
1413 3974 1614 4044 πρέποι
1645 3972 1711 4028 ἂν
1748 3976 1907 4045 μόνος
1947 3975 2025 4046 τῷ

436 4058 762 4132 ὑμνουμένῳ
780 4060 918 4131 Θεῷ.
941 4061 1099 4115 Πᾶσα
1123 4063 1179 4117 δέ
1204 4066 1236 4134 ἡ
1261 4066 1417 4128 ἐκτὸς
1438 4066 1536 4136 τῆς
1580 4064 1905 4137 Ἐκκλησίας
1928 4066 2024 4120 τοῦ

433 4154 566 4209 Θεοῦ
621 4155 887 4229 λεγομένη
953 4157 1221 4227 θεολογία,
1274 4160 1383 4212 εἴτε
1415 4158 1567 4230 παρὰ
1605 4162 1718 4222 τοῖς
1759 4158 2027 4230 Ἐλλήνων

434 4250 661 4318 σοφοῖς,
689 4250 798 4301 εἴτε
832 4248 983 4320 παρὰ
1021 4253 1135 4314 τοῖς
1164 4250 1346 4315 ἀθέοις
1388 4249 1736 4321 ὲτεροδόξοις,
1769 4251 2024 4322 ἀπρεπὴς

433 4339 500 4392 ἂν
543 4339 650 4410 εἴη.
714 4339 834 4392 Τῶν
885 4339 995 4410 γὰρ
1048 4344 1179 4416 παρ’
1213 4341 1438 4414 Ἕλλησι
1497 4341 1677 4411 σοφῶν
1710 4345 1760 4395 οἱ
1800 4344 1898 4413 μὲν
1942 4344 2022 4406 είς

433 4428 701 4501 ἀθεότητα
739 4430 979 4501 παντελῆ
1014 4430 1536 4495 καταπεπτώκασιν,
1563 4433 1612 4485 οἱ
1645 4432 1702 4485 δὲ
1734 4433 1834 4504 τὴν
1861 4432 2025 4486 πολύ-

2131 1981 2241 2021 non
2264 1965 2467 2037 quivis,
2498 1968 2593 2023 sed
2619 1968 2712 2037 qui
2731 1969 2783 2022 in
2808 1967 2963 2033 Sion,
2996 1968 3249 2023 videlicet
3270 1969 3364 2040 qui
3398 1969 3454 2022 in
3472 1968 3715 2024 Ecclesia

2129 2057 2253 2126 ejus
2303 2058 2592 2112 emittitur.
2634 2057 2770 2112 Nam
2800 2074 2928 2113 vera
2990 2057 3122 2114 Sion
3156 2068 3245 2125 est
3292 2059 3532 2114 cmlestis
3561 2058 3720 2113 Jeru-

2130 2148 2324 2213 salem,
2378 2156 2434 2204 et
2491 2149 2738 2205 etrlestis
2793 2165 2953 2204 mons
2990 2148 3127 2204 Dei:
3191 2149 3259 2205 de
3289 2166 3398 2220 quo
3424 2150 3718 2219 Apostolus

2080 2262 2085 2267 -
2130 2238 2248 2291 haec
2284 2236 2478 2292 docuit
2513 2258 2524 2292 :
2564 2257 2585 2290 ι
2622 2237 2957 2294 Accessistis
2984 2237 3051 2291 ad
3101 2237 3235 2293 Sion
3263 2249 3524 2304 montem,
3563 2246 3619 2294 et
3639 2238 3719 2293 ci-

2127 2328 2351 2384 vitalem
2375 2327 2474 2384 Dei
2495 2329 2756 2393 viventis,
2804 2329 3111 2384 Jerusalem
3160 2317 3463 2393 caelestem,
3498 2337 3552 2385 et
3575 2330 3720 2383 mul-

2130 2427 2309 2477 torum
2348 2421 2582 2475 millium
2636 2422 2957 2493 angelorum
3009 2419 3394 2490 frequentiam,
3428 2429 3483 2475 et
3534 2419 3720 2477 Eccle-

2129 2511 2265 2567 siam
2298 2513 2722 2582 primitivorum,
2753 2514 2845 2584 qui
2879 2513 3179 2583 conscripti
3196 2520 3323 2568 sunt
3350 2513 3403 2566 in
3432 2513 3713 2580 εωΙίειδςι

2129 2618 2195 2659 ac
2222 2619 2478 2660 rursum:
2518 2608 2669 2661 «.llla
2715 2616 2898 2662 autem
2933 2624 3061 2678 quze
3089 2623 3311 2664 sursum
3360 2616 3446 2663 est
3492 2605 3718 2662 Jerusa-

2130 2694 2256 2762 lem,
2291 2695 2462 2779 libera
2519 2704 2624 2761 est,
2671 2711 2795 2766 qua:
2849 2703 2933 2751 est
2981 2705 3160 2752 mater
3209 2706 3396 2751 nostra
3437 2698 3499 2747 ¹³.
3533 2716 3551 2748 ›
3592 2695 3717 2749 llaec

2130 2802 2263 2843 sane
2288 2786 2453 2844 fuerit
2490 2804 2620 2844 vera
2652 2787 2981 2855 Jerusalem,
3037 2798 3092 2845 et
3157 2806 3278 2860 qua:
3308 2792 3528 2860 proprie
3584 2790 3715 2845 Sion

2126 2878 2491 2948 comprobata
2512 2886 2618 2940 est.
2658 2881 2712 2932 in
2739 2893 2845 2950 qua
2873 2894 3106 2949 regnare
3141 2880 3344 2935 dicitur
3380 2878 3636 2934 Salvator
3662 2886 3718 2934 et

2128 2969 2395 3028 Dominus
2427 2981 2637 3038 noster,
2669 2979 2725 3026 ut
2760 2971 2877 3042 ipse
2898 2971 3060 3027 docet
3093 2972 3149 3026 in
3189 2971 3436 3028 secundo
3467 2972 3712 3042 psalmo:

2135 3082 2154 3116 ι
2189 3063 2304 3133 Ego
2366 3072 2551 3117 autem
2617 3064 2957 3119 constitutus
3027 3078 3150 3119 sum
3211 3080 3305 3118 rex
3368 3079 3532 3133 super
3582 3063 3715 3118 Sion

2131 3162 2370 3211 montem
2397 3162 2651 3210 sanctum
2679 3154 2804 3224 ejus
2846 3156 2911 3207 “‘.
2957 3173 2975 3206 ι
3011 3153 3070 3209 id
3126 3155 3304 3226 ipsum
3336 3163 3519 3210 autem
3551 3154 3717 3210 fuerit

2131 3261 2361 3317 regnum
2392 3246 2683 3309 cmlorum,
2710 3245 2861 3315 quod
2910 3246 3313 3315 accipientibus
3357 3245 3710 3314 Evangelium

2129 3338 2511 3392 annuntiatur.
2545 3337 2729 3407 Imago
2751 3335 3098 3391 antemillius
3127 3333 3293 3392 Fuerit
3315 3335 3559 3392 Ecclesia
3595 3351 3716 3407 qua:

2129 3435 2184 3487 in
2220 3439 2367 3487 terra
2398 3434 2484 3493 est
2522 3444 2535 3479 :
2571 3442 2692 3497 qua:
2728 3427 2845 3496 pari
2877 3426 3100 3483 nomine
3145 3425 3309 3481 modo
3342 3423 3498 3488 Sion,
3549 3422 3714 3479 modo

2126 3522 2456 3586 Jerusalem,
2493 3518 2791 3590 aliquando
2826 3517 2936 3572 ﬁlia
2969 3515 3125 3580 Sion,
3155 3515 3451 3585 aliquando
3484 3514 3593 3568 ﬁlia
3626 3511 3713 3570 Je-

2128 3614 2370 3670 rusalem
2393 3609 2824 3666 vocitatur.‘Sic
2848 3610 3031 3680 itaque
3063 3608 3210 3662 illam
3250 3606 3528 3678 prophetae
3562 3605 3715 3659 vati-

2127 3698 2378 3760 cinantes
2421 3701 2787 3772 appellabant.
2820 3699 3070 3770 llytnnus
3118 3699 3284 3770 igitur
3333 3697 3426 3767 qui
3464 3697 3521 3751 in
3555 3693 3711 3761 Sion,

2125 3795 2220 3850 illa
2258 3794 2470 3847 scilicet
2515 3792 2749 3854 caelesti,
2802 3790 2917 3845 sive
2964 3790 3016 3842 in
3059 3787 3305 3843 Ecclesia
3341 3785 3437 3841 Dei
3486 3800 3609 3856 quae
3655 3784 3712 3839 in

2128 3891 2274 3939 terra
2298 3892 2402 3946 est,
2431 3882 2672 3946 canitur,
2707 3880 2859 3935 solus
2884 3867 3220 3932 celebrando
3262 3875 3369 3930 Deo
3400 3873 3709 3929 conveniat.

2129 3972 2321 4028 Omnis
2338 3987 2471 4027 vero
2523 3986 2648 4040 qua:
2679 3979 2835 4025 extra
2859 3967 3163 4022 Ecclesiam
3203 3966 3297 4021 Dei
3322 3965 3594 4033 theologia
3626 3963 3715 4017 di-
3756 3958 3767 3967 ”

2127 4063 2293 4127 citur,
2344 4061 2460 4117 sive
2514 4060 2659 4134 apud
2703 4056 3020 4112 Graecorum
3053 4054 3352 4123 sapientes,
3403 4052 3521 4107 sive
3568 4049 3714 4123 apud

2129 4153 2327 4224 impios
2373 4152 2737 4207 heterodoxos
2770 4189 2786 4213 ,
2840 4146 3102 4202 indecens
3150 4144 3256 4198 dici
3318 4142 3515 4212 possit.
3573 4139 3711 4195 Nam

2127 4244 2303 4301 Graeci
2340 4246 2637 4314 sapientes,
2664 4241 2756 4295 alii
2782 4240 2836 4294 in
2868 4238 3075 4293 nullius
3111 4235 3207 4291 Dei
3237 4238 3444 4289 cultum
3492 4234 3712 4303 penitus

2126 4336 2264 4407 lapsi
2300 4344 2458 4402 sunt;
2497 4334 2587 4388 alii
2617 4333 2917 4386 multorum
2972 4327 3261 4383 numinum
3292 4340 3537 4382 errorem
3567 4325 3713 4378 celeo

2126 4425 2376 4480 brarunt.
2412 4421 2566 4515 Ipipii
2594 4427 2775 4475 autem
2809 4417 3051 4473 lueretici
3079 4456 3094 4482 ,
3127 4416 3217 4471 alii
3243 4415 3549 4502 plurimaet
3578 4429 3712 4469 con-

433 4520 553 4574 θεον
600 4521 815 4592 ’πλάνην
857 4522 1177 4593 ἐσέμνυναν.
1216 4524 1337 4577 Τῶν
1369 4523 1427 4577 δὲ
1459 4522 1634 4577 ἀθέων
1679 4524 2019 4596 αἱρεσιωτῶν

2130 4515 2299 4567 traria
2329 4492 2601 4595 principia
2629 4508 3076 4575 constituerunt;
3109 4506 3202 4560 alii
3233 4505 3414 4578 pravis
3441 4492 3712 4573 malisque
3760 4518 3763 4525 ‘

431 4613 484 4666 οί
507 4612 605 4684 μὲν
640 4611 897 4675 πλείστας
929 4614 1023 4667 καὶ
1048 4615 1296 4678 ἐναντίας
1324 4614 1499 4686 ἀρχὰς
1530 4610 1926 4686 ὑπεστήσαντο,
1969 4617 2027 4667 ci’

430 4705 486 4759 δὲ
516 4708 780 4778 πονηραῖς
814 4706 909 4759 καὶ
954 4704 1186 4775 φαύλαις
1217 4705 1482 4777 δυνάμεσι
1528 4705 1627 4778 τὴν
1671 4706 1766 4759 τοῦ
1817 4705 2019 4770 παντὸς

429 4796 694 4869 διοίκησιν
714 4797 1146 4851 ἀνατεθείκασιν.
1170 4798 1310 4868 Ἤδη
1334 4798 1391 4851 δέ
1420 4800 1514 4852 καὶ
1536 4798 1714 4853 αὐτῶν
1751 4790 2023 4852 Ἰουδαίων

433 4888 642 4952 παῖδες,
678 4888 1147 4961 ἀνθρωπόμορφον
1182 4889 1274 4942 καὶ⁵
1302 4887 1709 4960 ἁνθρωποπαθῆ
1738 4888 1831 4944 τὸν
1863 4888 2019 4951 Θεὸν,

428 4978 507 5050 τῷ
542 4980 616 5051 μὴ
646 4983 786 5051 νοεῖν
821 4980 919 5043 τὰς
945 4978 1190 5051 Γραφὰς,
1225 4980 1537 5048 εἰσάγοντες
1562 4997 1574 5013 ·
1613 4979 1749 5037 ἀλλὰ
1778 4981 1871 5033 καὶ
1921 4998 2024 5050 μυ-

396 5136 401 5139 _
434 5069 524 5140 ρία
550 5067 753 5122 ἐκτοπα
771 5070 866 5122 καὶ
895 5069 1125 5123 ταπεινὰ
1165 5068 1608 5139 μυθολογοῦντες,
1639 5069 1854 5143 μακρὰν
1888 5071 2024 5123 dmo-

430 5152 752 5213 πεπτώκασι
795 5159 890 5213 τοῦ
929 5142 1233 5231 πρέποντος
1266 5159 1456 5229 ὕμνου.
1492 5160 1662 5214 Μόνοι
1688 5159 1744 5212 δὲ
1765 5163 1812 5213 οἱ
1847 5162 1905 5213 ἐν
1953 5162 2018 5231 τῇ

443 5251 739 5322 Ἐκκλησία
768 5251 861 5305 τοῦ
895 5250 1032 5305 Θεοῦ
1067 5253 1156 5307 τὸν
1188 5252 1468 5322 πρέποντα
1495 5249 1664 5322 ὕμνον
1698 5251 1831 5325 παρ’
1855 5251 2019 5305 αὐτοῦ

428 5341 800 5413 δεδιδαγμένοι
845 5341 941 5395 τοῦ
974 5342 1228 5415 Σωτῆρος
1261 5342 1512 5410 ἐπαξίως.
1532 5342 1622 5395 τὸν
1650 5342 1868 5414 Πατέρα
1905 5341 2022 5397 θεο-

428 5433 677 5502 λογοῦσιν
697 5450 709 5464 ·
739 5433 769 5486 ὃ
793 5432 855 5505 δὴ
877 5434 1175 5506 παρίστησι
1191 5433 1279 5486 διὰ
1304 5434 1404 5505 τῆς
1429 5432 1565 5504 μετὰ
1587 5435 1776 5505 χεῖρας
1797 5436 2021 5503 φάσκων

428 5525 591 5597 ὠδῆς·
625 5546 641 5576 ι
671 5526 762 5579 Σοὶ
786 5526 986 5597 πρέπει
1014 5526 1199 5598 ὕμνος,
1235 5530 1263 5581 ό
1295 5527 1446 5590 Θεὸς,
1478 5528 1535 5578 ἐν
1569 5524 1727 5578 Σιών.
1767 5544 1785 5576 ι
1829 5525 2023 5596 Ἀπρε-

432 5613 541 5687 πὴς
563 5614 619 5668 δὲ
644 5615 814 5686 ὕμνος
839 5614 1054 5688 λεχθείη
1083 5615 1148 5671 ἂν
1168 5617 1196 5668 ὁ
1227 5616 1446 5686 δαίμοσι
1471 5617 1728 5686 πονηροῖς
1753 5615 1845 5668 καὶ
1869 5613 2023 5667 πνεύ-

504 5792 549 5827 ⁸³
577 5792 725 5849 Psnl.
755 5773 959 5856 ριξίθ.

2129 4603 2428 4659 virtutibus
2492 4601 2738 4656 universi
2786 4598 3318 4655 administrationem
3381 4595 3708 4665 ascripsere.

2127 4695 2247 4753 Jam
2309 4710 2440 4751 vero
2502 4694 2609 4764 ipsi
2652 4691 2850 4755 Judaei,
2906 4691 3202 4743 humanam
3245 4688 3473 4742 formam
3515 4688 3712 4740 huma-

2128 4802 2341 4858 nOSQue
2374 4785 2623 4850 affectus,
2676 4770 2822 4855 quod
2862 4782 3176 4850 Scripturas
3233 4786 3341 4834 non
3377 4778 3710 4849 intelligunt,

2130 4877 2243 4934 Deo
2288 4879 2557 4948 attingunt
2592 4895 2604 4930 :
2639 4877 2751 4930 imo
2781 4889 2913 4930 vero
2935 4872 3148 4928 inﬁnita
3204 4869 3445 4926 absurda
3468 4869 3731 4943 abjectap_

2126 4986 2248 5041 que
2285 4970 2616 5031 fabulantes,
2659 4967 2727 5020 ab
2782 4967 2989 5037 hymno
3020 4963 3113 5034 qui
3148 4963 3341 5018 deceat
3386 4962 3716 5031 lange-pro-

2123 5062 2262 5131 lapsi
2280 5067 2430 5116 sunt.
2453 5060 2496 5115 li
2527 5074 2657 5115 vero
2694 5055 2799 5112 soli
2832 5056 2926 5126 qui
2952 5059 3009 5123 in
3027 5052 3277 5108 Ecclesia
3303 5051 3399 5106 Dei
3427 5052 3713 5105 decentem

2124 5154 2386 5225 hymnum
2417 5149 2486 5207 ab
2518 5154 2638 5222 ipso
2666 5148 2960 5206 Servatore
2988 5146 3170 5201 edocti
3204 5152 3352 5207 sunt,
3385 5141 3710 5210 condignam

2131 5224 2485 5314 divinamque
2510 5243 2577 5298 de
2608 5232 2771 5296 Patre
2807 5238 3114 5293 doctrinam
3146 5224 3418 5299 ederunt;
3456 5230 3602 5301 quod
3655 5232 3710 5283 in

2129 5338 2386 5408 praesenti
2435 5335 2652 5391 cantico
2687 5332 2999 5388 declaratur
3022 5328 3110 5383 his
3139 5327 3322 5383 verbis
3350 5343 3363 5379 :
3399 5343 3416 5375 ι
3461 5322 3537 5380 Te
3557 5322 3714 5378 decet

2130 5431 2391 5502 hymnus,
2426 5427 2587 5493 Deus,
2614 5430 2672 5483 in
2712 5425 2863 5482 Sion.
2894 5443 2913 5476 ι
2955 5422 3219 5479 lndecens
3251 5430 3419 5492 porro
3475 5419 3713 5491 hymnus

2130 5520 2368 5585 dicatur,
2395 5521 2486 5590 qui
2525 5519 2778 5591 malignis
2812 5515 3156 5571 daamonibus
3176 5512 3517 5583 impurisque
3544 5508 3711 5579 Spiri—

2128 5614 2276 5669 tibns
2306 5611 2604 5668 emittitur:
2632 5611 2901 5693 indecens.
2922 5608 3048 5665 item
3067 5596 3157 5679 qui
3188 5606 3311 5672 soli,
3353 5605 3515 5669 lunze,
3547 5599 3712 5657 astris

1081 5792 1316 5851 “'chr.
1366 5809 1463 5859 xu,
1500 5794 1586 5847 -2.
1668 5794 1709 5825 ”
1743 5791 1920 5847 Galat.
1962 5807 2037 5856 ιν,
2069 5789 2161 5848 9.6.
2245 5790 2289 5821 ”
2322 5789 2466 5845 Psal.
2503 5803 2564 5853 ιι,
2600 5786 2654 5845 6.
