4090 6370
399 347 507 403 637

1062 345 1333 405 EUSEBII
1373 346 1857 408 CJESARIENSIS
1889 351 2040 409 OPP.
2079 353 2261 410 PARS
2301 354 2387 410 Ill.
2428 384 2498 398 --
2534 354 2943 410 EXEGETICA.

3546 357 3650 413 628

392 458 715 528 ceterisque
740 458 926 513 mundi
965 460 1215 529 partibus
1234 461 1313 516 ab
1370 462 1440 518 iis
1468 465 1709 530 canitur,
1736 465 1830 534 qui
1875 478 1962 519 ea-

2076 480 2242 538 μασιν
2275 466 2607 539 ἀκαθάρτοις
2634 467 3087 538 ἀναπεμπόμενος
3111 478 3124 497 ⁸
3161 464 3413 537 ἀπρεπὴς
3439 465 3494 519 δέ
3534 467 3650 521 ἐστι

391 551 515 608 dem
538 548 683 603 inter
702 547 835 604 deos
868 558 1254 605 annumerant.
1308 551 1493 622 Longe
1515 554 1729 624 turpior
1760 569 1889 609 vero
1913 563 1964 609 et

392 637 689 693 admodum
723 637 1017 694 indecorus
1049 647 1154 705 est,
1213 640 1307 709 qui
1360 640 1590 711 impuris
1634 641 1967 712 lascivisquc

391 731 624 788 canticis
657 731 724 787 de
754 724 1038 788 amatoriis
1075 732 1304 788 deorum
1336 735 1586 791 historiis
1615 735 1962 806 conﬁngitur.

392 821 555 879 Soius
572 833 755 879 autem
803 824 1088 894 speciosus
1138 839 1203 879 ac
1241 824 1444 887 decens
1490 827 1729 898 hymnus
1758 828 1848 882 ille
1882 828 1967 882 di-

390 924 569 982 catur,
586 916 679 985 qui
697 915 797 972 soli
810 916 1116 979 Conditori,
1133 915 1326 986 Opiﬁci
1348 932 1411 971 ac
1427 915 1563 987 Regi
1588 918 1965 974 universorum

390 1006 682 1070 emittitur,
715 1006 981 1068 cuietiam
1004 1018 1129 1063 vota
1179 1007 1431 1071 reddere,
1463 1015 1626 1079 atque
1652 1009 1705 1064 id
1731 1025 1839 1065 non
1870 1025 1967 1065 ex-

391 1104 477 1150 tra
510 1095 813 1152 Ecclesiam
867 1097 989 1166 ejus
1042 1107 1305 1168 praestare
1354 1100 1630 1153 convenit.
1669 1100 1851 1165 Quare
1878 1114 1968 1155 se-

388 1186 629 1241 cundum
662 1185 806 1242 LXX
857 1188 1185 1255 Interpretes
1215 1187 1459 1242 dicitur:
1498 1205 1520 1239 ι
1559 1188 1621 1243 Ει
1652 1189 1745 1243 tibi
1778 1188 1968 1245 redde-

388 1280 480 1331 tur
515 1286 704 1334 votum
729 1279 785 1332 in
812 1270 1137 1334 Jerusalem.
1179 1298 1197 1330 ι
1237 1276 1437 1334 Votum
1479 1286 1661 1335 autem
1693 1279 1833 1335 solet
1881 1279 1967 1334 di-

388 1368 515 1424 Vina
550 1367 834 1439 Scriptura
862 1385 1061 1425 vocare
1121 1370 1568 1440 promissionem,
1625 1385 1790 1440 quam
1839 1370 1967 1440 quis

386 1456 500 1512 Deo
522 1457 754 1524 dederit,
779 1459 999 1529 quando
1037 1459 1248 1516 scilicet
1308 1460 1636 1531 resipiscere
1692 1460 1968 1531 vitamque

387 1562 543 1603 suam
598 1549 796 1606 divina:
831 1550 1191 1622 philosophia:
1245 1550 1524 1616 addicere,
1570 1551 1686 1610 sive
1716 1551 1879 1606 etiam
1900 1566 1967 1607 ex

385 1642 546 1697 bonis
573 1642 689 1698 suis
706 1641 986 1713 quidpiam
1014 1656 1369 1707 consecrare,
1404 1643 1517 1697 sive
1554 1641 1702 1695 aliud
1734 1641 1967 1712 quodvis

385 1732 718 1802 promissum
771 1732 916 1795 vitae,
960 1747 1082 1803 qua:
1138 1730 1441 1789 secundum
1490 1729 1660 1785 Deum
1693 1740 1796 1794 est,
1841 1746 1969 1786 con-

387 1830 708 1878 sentaneum
763 1838 828 1878 ac
878 1823 1108 1892 probum
1156 1821 1322 1879 edere
1354 1810 1730 1879 constituerit.
1784 1820 1966 1886 Quare

385 1909 594 1966 dictum
620 1911 821 1967 alicubi
860 1912 961 1966 fuit
987 1928 1008 1965 .:
1048 1931 1066 1963 ι
1111 1911 1169 1967 Si
1199 1925 1384 1968 votum
1418 1912 1637 1976 feceris,
1677 1926 1747 1965 ne
1783 1908 1968 1964 tardes

382 2002 613 2059 reddere
644 2020 656 2056 :
696 2004 893 2060 melius
921 2005 1125 2074 quippe
1141 2012 1227 2060 est
1259 2020 1367 2061 non
1397 2018 1613 2069 vovere,
1649 2018 1813 2074 quam
1870 2016 1968 2056 vo-

382 2108 512 2151 vere
540 2103 596 2151 et
641 2112 753 2151 non
792 2096 1021 2150 reddere
1060 2096 1121 2149 ιτ.
1162 2114 1181 2148 ι
1235 2094 1401 2151 Decet
1455 2095 1622 2165 igitur
1671 2095 1727 2148 in
1773 2094 1967 2164 primis

382 2185 769 2242 universorum
816 2184 1078 2255 Opiﬁeem
1110 2192 1165 2241 et
1202 2184 1547 2241 Servatorem
1573 2185 1792 2256 hymnis
1820 2185 1966 2241 cele-

383 2273 587 2338 brare;
617 2273 817 2329 deinde
839 2288 971 2329 vero
999 2273 1202 2329 divinis
1238 2273 1392 2330 hisce
1442 2273 1697 2328 laudibus
1728 2288 1967 2328 consen-

382 2370 544 2418 tanea
569 2378 734 2435 opera
780 2366 966 2433 edere,
999 2365 1252 2443 bonaque
1303 2365 1576 2435 promissa
1626 2363 1776 2419 dare.
1809 2362 1968 2422 Post-

384 2466 549 2522 quam
575 2470 707 2511 vcro
734 2466 789 2511 ct
817 2457 1078 2528 hymnum
1132 2465 1189 2513 et
1237 2463 1359 2511 vota
1390 2456 1494 2527 ipsi
1543 2453 1964 2522 reddiderimus,

383 2545 520 2598 tunc
575 2560 699 2607 cum
755 2562 819 2601 ea
848 2562 971 2617 quae
1022 2543 1190 2616 penes
1221 2562 1323 2601 nos
1353 2556 1482 2600 sunt
1537 2543 1964 2615 impleverimus,

382 2635 613 2692 ﬁdenter
639 2652 895 2709 agemus;
926 2640 1001 2697 ita
1022 2648 1080 2693 ut
1111 2638 1361 2695 dicamus
1395 2658 1506 2692 :—¢
1519 2637 1729 2717 Exaudi
1759 2639 1966 2693 oratio-

380 2738 528 2782 nem.
569 2746 587 2780 ι
617 2728 716 2783 Hic
764 2718 929 2799 porro
987 2738 1245 2786 accurate
1287 2730 1596 2802 προσευχῆς
1641 2743 1751 2783 non
1802 2729 1966 2800 εὐχῆς

379 2812 615 2888 dictum;
648 2837 774 2876 nam
813 2823 946 2893 εὐχή
984 2822 1408 2892 promissionem
1451 2823 1722 2895 signiﬁcat
1745 2866 1760 2891 ,
1796 2838 1967 2894 προσο

381 2911 515 2983 ευχή
566 2926 697 2967 vero
727 2912 1182 2982 supplicationem
1208 2927 1272 2967 ac
1298 2913 1765 2982 deprecationem,
1801 2926 1963 2981 quam

383 2998 622 3071 Spiritus
678 3012 906 3059 sanctus
960 3020 1061 3075 pro
1105 3005 1264 3060 nebis
1320 3004 1536 3067 edebat,
1570 3011 1962 3074 congruentem

379 3085 821 3163 deprecationem
874 3094 986 3151 Deo
1042 3095 1281 3150 oll‘erens
1328 3110 1392 3150 ac
1432 3095 1665 3151 dicens:
1706 3093 1961 3149 «Exaudi

379 3183 707 3240 orationem.
735 3205 755 3239 ι
786 3186 1161 3254 Quorumnam
1219 3189 1527 3244 orationem
1575 3187 1961 3244 exaudias‘Hd

378 3274 579 3332 deinde
609 3276 873 3342 declarat,
936 3281 1179 3350 gentium
1242 3280 1586 3337 vocationem
1633 3278 1962 3344 vaticinans,

377 3364 509 3421 dum
529 3367 606 3422 ait
633 3383 647 3420 :
679 3387 698 3421 ι
735 3369 816 3426 Ad
838 3375 898 3426 te
915 3371 1096 3427 omnis
1120 3386 1253 3445 caro
1283 3372 1483 3428 veniet.
1517 3391 1536 3424 ι
1566 3371 1807 3442 Spiritus
1835 3387 1965 3426 vero

378 3464 606 3515 sanctus
635 3474 737 3530 pro
763 3461 920 3515 omni:
936 3476 1101 3518 carne
1152 3463 1500 3533 precabatur,
1533 3471 1594 3518 ut
1622 3463 1801 3521 omnis
1833 3479 1964 3520 caro

376 3556 668 3619 postquam
702 3550 771 3604 ad
806 3550 1272 3610 Deum-conversa
1329 3554 1516 3620 fuerit,
1560 3556 1851 3627 ipsumque
1877 3556 1964 3610 ins

375 3639 677 3703 vocaverit,
726 3642 1023 3711 propitium
1060 3641 1211 3699 illum
1267 3644 1533 3700 inveniat.
1593 3644 1959 3712 Quamobrem

378 3744 491 3787 non
547 3730 728 3785 dixit:
797 3732 1054 3788 «Exaudi
1108 3735 1417 3792 orationem
1478 3751 1741 3805 meam,»
1810 3738 1957 3793 sed:

383 3839 405 3871 ι
434 3821 649 3878 Exaudi
676 3823 1013 3890 orationem,
1037 3826 1103 3881 ad
1132 3837 1184 3882 te
1224 3828 1406 3884 omnis
1435 3843 1565 3884 caro
1593 3830 1808 3897 veniet;
1849 3849 1866 3882 ι
1895 3845 1959 3885 ac

376 3912 424 3971 si
476 3914 680 3970 clarius
737 3915 976 3971 dixisset
1000 3933 1027 3969 :-
1048 3917 1188 3983 Quia
1248 3918 1495 3975 futurum
1521 3930 1606 3977 est
1663 3929 1724 3978 ut
1778 3923 1958 3977 omnis

372 4017 526 4069 caro,
575 4011 631 4060 et
662 4015 837 4065 totum
866 4022 1041 4078 genus
1089 4010 1389 4065 humanum
1417 4026 1448 4065 a
1478 4012 1773 4067 multorum
1825 4013 1960 4069 deo-

374 4109 496 4149 rum
520 4108 708 4152 errore
740 4100 981 4163 secedat,
1010 4107 1065 4154 et
1085 4101 1154 4155 ad
1198 4108 1252 4157 te
1314 4101 1492 4157 solum
1542 4118 1733 4168 verum
1785 4101 1956 4160 Deum

374 4194 750 4260 convertatur,
777 4188 1010 4260 hymnos
1039 4199 1200 4246 canat
1234 4191 1356 4257 tibi,
1403 4201 1528 4246 vota
1560 4194 1774 4261 reddat,
1830 4211 1956 4249 ora~

374 4277 554 4347 tiones
571 4262 636 4351 et"
650 4281 1082 4351 supplicationes
1106 4281 1373 4348 el'iundat‘,
1420 4285 1618 4340 exaudi
1649 4286 1956 4345 orationem
2000 4306 2013 4312 θ

375 4366 591 4439 will-me
617 4410 621 4415 ·

2070 559 2165 611 καὶ
2184 559 2212 610 ὁ
2246 558 2382 627 ἡλίῳ
2416 558 2508 611 καὶ
2534 556 2729 629 σελήνῃ
2765 559 2859 610 καὶ
2907 556 3126 628 ἄστροις
3153 558 3247 609 καὶ
3285 558 3398 618 τοῖς
3446 556 3651 624 λοιποῖς

2069 646 2165 701 τοῦ
2218 648 2424 718 κόσμου
2464 647 2702 718 μέρεσιν
2759 647 2867 700 ὑπὸ
2900 647 3010 702 τῶν
3050 646 3226 700 ταῦτα
3261 646 3650 701 θεοποιούντων

2069 735 2349 807 ᾁδόμενος.
2394 737 2505 789 Καὶ
2530 737 2611 790 ἔτι
2639 737 2838 807 μᾶλλον
2867 736 3094 807 αἰσχίων
3125 736 3220 791 καὶ
3240 737 3653 808 ἀπρεπέστατος

2067 831 2097 882 ό
2152 829 2219 883 δι’
2274 829 2519 901 αἰσχρῶν
2564 830 2658 884 καὶ
2705 829 3019 883 ἀκολάστων
3036 829 3313 898 ᾀσμάτων
3362 831 3475 893 τοῖς
3522 828 3653 900 περὶ

2069 922 2208 974 θεῶν
2258 923 2542 993 ἐρωτικοῖς
2569 921 2904 991 διηγήμασιν
2953 919 3445 990 ἀναπλαττόμενος.
3477 920 3651 983 Μόνος

2069 1013 2114 1066 δ’
2142 1015 2352 1075 ἐκεῖνος
2397 1013 2597 1084 ὡραῖος
2624 1010 2839 1083 λεχθείη
2865 1009 2930 1064 ἂν
2979 1010 3072 1063 καὶ
3098 1009 3378 1081 εὐπρεπὴς
3406 1009 3594 1080 ὕμνος,
3622 1011 3650 1062 ὁ

2069 1103 2146 1175 τῷ
2165 1104 2313 1173 μόνῳ
2329 1103 2534 1175 Ποιητῇ
2555 1104 2648 1157 καὶ
2667 1100 2999 1173 Δημιουργῷ
3025 1101 3121 1155 καὶ
3144 1099 3362 1155 Βασιλεῖ
3384 1101 3491 1154 τῶν
3513 1100 3650 1154 ὅλων

2069 1191 2187 1262 Θεῷ
2244 1193 2721 1263 ἀναπεμπόμενος,
2772 1187 2816 1259 ᾧ
2859 1192 2956 1245 καὶ
2997 1190 3097 1254 τὰς
3129 1190 3296 1262 εὐχὰς
3344 1190 3650 1244 ἀποδιδόναι

2069 1285 2358 1355 προσήκει,
2385 1284 2481 1337 καὶ
2505 1282 2664 1337 τοῦτο
2698 1286 2868 1337 ποιεῖν
2901 1282 2976 1354 μὴ
3019 1281 3176 1345 ἐκτὸς
3205 1282 3306 1353 τῆς
3327 1282 3649 1354 Ἐκκλησίας

2069 1374 2256 1428 αὑτοῦ.
2289 1374 2380 1428 Διὸ
2411 1373 2658 1428 λέλεκται
2694 1375 2837 1428 κατά
2864 1375 2991 1438 τοὺς
3030 1373 3459 1444 Ἑϐδομήκοντα’
3493 1390 3512 1424 ι
3543 1374 3647 1427 Καὶ

2071 1465 2155 1518 σοὶ
2203 1465 2595 1536 ἀποδοθήσεται
2645 1465 2777 1537 εὐχὴ
2815 1467 2874 1520 ἐν
2925 1467 3298 1537 Ἰερουσαλήμ.
3335 1485 3353 1518 ι
3390 1467 3569 1538 Εὐχῆν
3593 1467 3648 1520 δὲ

2071 1556 2298 1629 σύνηθες
2334 1558 2400 1628 τῇ
2449 1555 2570 1628 θείᾳ
2610 1557 2800 1628 Γραφῇ
2847 1555 3031 1609 καλεῖν
3066 1557 3167 1628 τὴν
3196 1556 3551 1625 ἐπαγγελίαν,
3584 1557 3648 1627 ἧν

2068 1649 2132 1702 ἂν
2156 1648 2563 1718 ἐπαγγέλληται
2593 1665 2678 1710 τις
2723 1647 2803 1718 τῷ
2833 1647 2973 1717 Θεῷ,
3002 1648 3121 1717 ἦτοι
3153 1663 3448 1718 σωφρονειν
3484 1648 3646 1714 ταξά-

2073 1755 2232 1809 μενος
2282 1738 2376 1791 καὶ
2407 1738 2499 1791 τὸν
2544 1735 2740 1790 ἑαυτοῦ
2774 1736 2888 1807 βίον
2929 1728 3205 1791 ἀναθεῖναι
3234 1738 3300 1807 τῇ
3340 1736 3483 1791 κατὰ
3516 1736 3648 1790 Θεὸν

2068 1829 2377 1899 φιλοσοφίᾳ,
2422 1828 2456 1900 ἢ
2489 1828 2597 1882 τῶν
2639 1828 2936 1899 κτημάτων
2971 1827 3278 1898 ἀφιερῶσαι
3318 1845 3390 1892 τι,
3419 1829 3452 1900 ἢ
3486 1828 3637 1893 τάξα-

2070 1920 2194 1974 σθαί
2238 1937 2359 1973 τινα
2404 1920 2607 1990 σεμνὴν
2636 1918 2970 1988 ἐπαγγελίαν
3013 1918 3330 1988 πρέπουσαν
3386 1918 3463 1989 τῷ
3511 1921 3647 1975 κατά

2066 2011 2199 2066 Θεὸν
2233 2012 2355 2084 βίῳ.
2380 2012 2472 2065 Διὸ
2499 2011 2748 2066 λέλεκταί
2785 2028 2920 2064 πουο
2947 2029 2967 2062 ι
3012 2010 3136 2065 Ἐάν
3182 2010 3313 2083 εὔξῃ
3345 2011 3529 2083 εὐχὴν,
3575 2013 3648 2084 μὴ

2067 2105 2323 2178 χρονίσῃς
2366 2101 2692 2158 ἀποδοῦναι’
2725 2103 2932 2173 ἀγαθὸν
2971 2103 3033 2157 τὸ
3075 2103 3150 2174 μὴ
3197 2101 3474 2168 εὔξασθαι,
3515 2104 3549 2174 ἢ
3589 2103 3648 2158 τὺ

2066 2194 2326 2262 εὖξασθαι
2348 2196 2443 2249 καὶ
2466 2195 2539 2267 μὴ
2550 2195 2858 2250 ἀποδοῦναι.
2874 2215 2893 2248 ι
2916 2194 3123 2267 Πρέπει
3139 2194 3317 2248 τοίνυν
3336 2194 3529 2266 πρῶτα
3549 2195 3647 2264 μὲν

2066 2287 2304 2352 ἐπαξίως
2335 2288 2425 2340 τὸν
2441 2287 2548 2339 τῶν
2572 2286 2708 2340 ὅλων
2730 2286 2966 2357 Ποιητὴν
2982 2287 3077 2340 καὶ
3105 2287 3330 2357 Σωτῆρα
3353 2285 3611 2357 ἀνυμνεῖν
3629 2303 3642 2315 ο

2067 2377 2259 2430 ἔπειτα
2286 2377 2354 2430 δι’
2381 2375 2558 2447 ἔργων
2593 2376 2859 2430 ἀκόλουθα
2907 2377 3168 2448 πράττειν
3200 2378 3263 2445 τῇ
3313 2374 3560 2445 θεολογίᾳ
3590 2375 3647 2429 ἐν

2067 2469 2300 2538 ἀγαθαῖς
2350 2468 2727 2538 ἐπαγγελίαις.
2783 2468 3035 2522 Ἐπειδὰν
3086 2468 3143 2521 δὲ
3194 2468 3290 2522 καὶ
3335 2466 3427 2521 τὸν
3478 2466 3648 2537 ὕμνον

2066 2561 2385 2633 πρεπόντως
2414 2561 2627 2625 καὶτὰς
2651 2559 2814 2631 εὐχάς
2828 2558 3114 2629 ἀποδῶμεν
3139 2557 3309 2628 αὐτῷ,
3330 2556 3646 2628 τηνικαῦτα.

2066 2650 2142 2716 ὡς
2184 2651 2251 2706 ἂν
2304 2651 2372 2705 τὰ
2430 2651 2559 2723 παρ’
2595 2650 2804 2705 ἑαυτῶν
2851 2650 3295 2721 πεπληρωκότες,
3338 2648 3646 2720 παρρησίας

2069 2741 2367 2815 μεθέξομεν
2386 2760 2401 2773 ⁸
2437 2743 2577 2798 ὥστε
2604 2743 2783 2813 λέγειν
2801 2760 2814 2773 ·
2857 2762 2875 2793 ι
2907 2743 3239 2796 Είσάκουσον
3267 2740 3596 2812 προσευχῆς.
3621 2759 3641 2792 ι

2078 2834 2347 2908 Ἀκριὸὦς
2403 2834 2448 2888 δ’
2503 2834 2738 2889 ἐνταῦθα
2790 2833 3134 2907 προσευχῆς,
3185 2830 3299 2885 ἀλλ’
3324 2832 3425 2884 οὐκ
3482 2829 3647 2901 εὐχῆς

2065 2927 2280 2998 εἴρηται
2301 2943 2315 2957 ο
2348 2927 2387 2997 ἡ
2417 2927 2515 2997 μὲν
2541 2925 2650 2998 γάρ
2694 2925 3027 2994 ἐπαγγελίαν
3061 2923 3249 2995 ἐδήλου
3272 2940 3285 2954 ·
3320 2925 3352 2989 ἡ
3389 2923 3446 2976 δὲ
3481 2937 3647 2993 προσ-

2066 3017 2199 3090 ευχὴ
2233 3017 2416 3088 δέησιν
2458 3018 2552 3071 καὶ
2601 3017 2912 3089 ἱκετηρίαν,
2940 3016 3011 3087 ἣν
3055 3015 3117 3068 τὺ
3148 3013 3372 3084 Πνεῦμα
3398 3013 3458 3067 τὸ
3493 3013 3647 3082 ἀγιον

1990 3126 2035 3187 C
2067 3111 2207 3181 ὑπὲρ
2238 3110 2398 3179 ἡμῶν
2450 3111 2722 3172 ἐποιεῖτο,
2768 3107 3082 3179 πρέπουσαν
3123 3104 3402 3176 ἱκετηρίαν
3444 3120 3646 3175 προσα-

2068 3201 2239 3271 γαγὸν
2266 3200 2344 3271 τῷ
2370 3199 2488 3271 Θεῷ
2520 3200 2617 3253 καὶ
2640 3199 2796 3268 λέγον
2812 3214 2826 3228 ·
2858 3217 2876 3249 ι
2915 3197 3247 3250 Είσάκουσον
3274 3194 3596 3277 προσευχῆς,
3622 3213 3640 3245 ι

2068 3293 2240 3346 Τίνων
2270 3292 2328 3346 δὲ
2362 3291 2671 3365 προσευχῆς
2719 3291 3078 3354 είσάκουσονς
3122 3286 3455 3360 Παρίστησιν
3494 3284 3642 3354 ἐξῆς.

2065 3383 2174 3437 τῶν
2206 3383 2376 3437 ἐθνῶν
2421 3383 2519 3452 τὴν
2557 3382 2750 3452 κλῆσιν
2800 3379 3086 3444 θεσπίζον·
3128 3379 3209 3433 διό
3241 3395 3373 3452 φησι
3398 3395 3411 3407 ·
3450 3396 3468 3429 ι
3503 3376 3646 3456 Πρὸς

2067 3472 2128 3524 σε
2155 3473 2303 3525 πᾶσα
2330 3469 2470 3542 σάρξ
2510 3470 2649 3540 ἥξει.
2691 3489 2709 3522 ι
2759 3469 3133 3541 ’Υπερηύχετο
3151 3468 3208 3522 δὲ
3237 3468 3297 3522 τὸ
3339 3467 3560 3539 Πνεῦμα
3584 3467 3646 3519 τὸ

2065 3563 2220 3631 ἀγιον
2248 3562 2452 3632 ,πάσης
2496 3561 2697 3633 σαρκὸς
2725 3601 2741 3625 ,
2796 3560 2863 3615 ἵν’
2907 3559 3135 3613 ἐπειδὰν
3154 3559 3463 3631 ἐπιστραφῇ
3504 3560 3644 3611 πᾶσα

2065 3653 2201 3726 σὰρξ
2229 3654 2365 3726 πρὸς
2389 3651 2481 3706 τὸν
2501 3652 2665 3714 Θεδν,
2682 3653 2774 3706 καὶ
2787 3650 3113 3721 ἐπικαλῆται
3139 3650 3321 3715 αὑτὸν,
3352 3649 3503 3721 τύχοι
3549 3651 3647 3702 αὑ-

2061 3744 2154 3798 τοῦ
2197 3743 2455 3816 ἐπηκόου.
2493 3742 2584 3796 Διὸ
2632 3743 2734 3796 οὐκ
2759 3737 2941 3795 εἶπενο
2979 3760 2998 3792 ι
3038 3741 3367 3820 Είσάκουσον
3394 3741 3493 3811 τῆς
3508 3740 3646 3810 ἐμῆς

2062 3837 2391 3910 προσευχῆς
2429 3857 2447 3888 ι
2472 3835 2584 3888 ἀλλ’
2609 3853 2622 3867 ο
2652 3854 2679 3885 «ν
2705 3834 3037 3888 Είσάκουσον
3062 3831 3391 3905 προσευχῆς,
3421 3832 3558 3902 πρὸς
3584 3831 3644 3884 σέ

2060 3929 2212 3982 πᾶσα
2242 3928 2381 4001 σὰρξ
2406 3926 2527 3999 ἥξει
2547 3943 2560 3957 ·
2594 3945 2613 3980 ι
2647 3925 2781 3979 ὡσεὶ¹
2818 3914 3149 3999 σαφέστερον
3171 3922 3407 3990 ἔλεγεν
3426 3919 3642 3990 Ἐπειδὴ

2062 4020 2423 4092 μέλλειπᾶσα
2457 4018 2605 4091 σὰρξ,
2639 4019 2735 4072 καὶ
2772 4018 2882 4071 πᾶν
2911 4015 3070 4085 γένος
3100 4009 3403 4084 ἀνθρώπων
3427 4010 3640 4079 ἀναχω-

2061 4113 2174 4181 ρεῖν
2202 4113 2300 4183 μὲν
2329 4112 2429 4182 τῆς
2455 4107 2719 4165 πολυθέου
2752 4106 2982 4177 πλάνης,
2996 4100 3354 4173 ἐπιστρέφειν
3375 4099 3431 4153 δὲ
3462 4100 3553 4152 ἐπὶ
3583 4101 3641 4153 σὲ

2057 4202 2149 4256 τὸν
2184 4202 2345 4274 μόνον
2388 4200 2644 4273 ἀληθινὸν
2682 4197 2841 4263 Θεὸν,
2877 4194 3079 4275 ὕμνους
3103 4192 3163 4246 τέ
3186 4208 3267 4245 σοι
3297 4191 3640 4263 ἀναπέμπειν

2058 4292 2152 4345 καὶ
2195 4291 2361 4364 εὐχὰς
2404 4289 2733 4352 ἀποδιδόναι,
2791 4284 3100 4356 προσευχάς
3131 4300 3189 4336 τε
3231 4281 3639 4369 καῖ.ῑκετηρίας

2059 4377 2350 4443 ποιεῖσθαι,
2376 4376 2694 4437 είσάκουσον
2722 4374 2823 4445 τῆς
2860 4374 3038 4427 αὐτῶν
3064 4369 3391 4445 προσευχῆς.

379 4436 615 4540 f“Vens.
645 4457 701 4511 4.
742 4476 761 4508 r
803 4457 974 4514 Verba
999 4460 1314 4533 iniquorum
1366 4436 1770 4536 praevaluerunt
1791 4483 1955 4539 super

2135 4490 2155 4522 ι
2194 4436 2353 4540 Λόγοί
2396 4468 2615 4540 ἀνόμων
2653 4436 3148 4539 ὑπερεδυνάμωσαν
3183 4436 3359 4537 ἡμᾶς,
3381 4465 3475 4517 καὶ
3518 4467 3641 4528 ταῖς

375 4534 500 4612 nos,
559 4555 615 4602 et
676 4550 1050 4620 impietatibus
1109 4557 1314 4611 nostris
1363 4534 1419 4611 tu
1478 4534 1881 4629 propitiaberis.
1930 4579 1953 4611 ι

371 4638 788 4709 Cousequenter
810 4643 1128 4709 admodum,
1153 4656 1442 4718 postquam
1498 4653 1566 4707 de
1605 4653 1757 4707 omni
1786 4667 1954 4709 carne

371 4729 609 4793 dixerat,
645 4732 760 4788 haac
815 4734 1022 4801 intulit,
1077 4753 1198 4809 quas
1241 4743 1421 4798 omnis
1454 4744 1728 4813 praedicta:
1768 4744 1957 4802 carnis

375 4817 778 4877 confessionem
831 4825 1291 4894 complectuntur.
1343 4829 1530 4902 Itaque
1567 4839 1836 4902 quotquot
1887 4848 1954 4888 ex

371 4909 629 4963 omnibus
665 4911 941 4979 gentibus,
991 4930 1110 4984 qum
1141 4917 1268 4971 olim
1301 4919 1553 4973 carnales
1584 4926 1763 4983 erant,
1801 4933 1830 4971 a
1862 4934 1955 4973 su-

367 4998 695 5067 perstitione
730 5001 958 5071 gradum
981 5017 1332 5071 revocarunt,
1355 5023 1382 5062 a
1404 5008 1611 5079 Spiritu
1641 5007 1829 5062 divino
1855 5010 1954 5062 do-

368 5098 565 5144 centur
598 5092 847 5147 conﬁteri
898 5095 1121 5163 quantis
1171 5097 1302 5152 olim
1338 5099 1395 5152 in
1443 5099 1603 5154 malis
1643 5099 1953 5169 complicati

368 5176 596 5239 fuerint,
630 5189 793 5250 atque
828 5184 1082 5252 proprias
1134 5185 1444 5255 impietates
1496 5202 1950 5243 commemorare.

369 5266 550 5333 Quare
578 5271 684 5324 ait:
720 5289 740 5322 ι
776 5271 949 5327 Verba
980 5274 1292 5344 iniquorum
1341 5279 1744 5346 prazvaluerunt
1786 5295 1953 5350 super

367 5374 492 5425 nos,
516 5372 571 5415 ct
592 5362 961 5433 impictatibus
1004 5366 1209 5421 nostris
1233 5374 1288 5420 tu
1333 5366 1740 5439 propitiaberis.
1772 5390 1791 5424 ι
1826 5369 1953 5426 Πωο

367 5464 503 5505 sane
555 5454 716 5521 quasi
769 5471 835 5509 ex
888 5470 1120 5526 persona
1170 5457 1349 5512 omnis
1405 5469 1717 5515 memoratas
1765 5461 1950 5517 carnis

365 5540 527 5597 Valde
555 5553 955 5615 consequenter
976 5546 1122 5602 dicta
1177 5549 1399 5607 fuerint.
1424 5550 1561 5618 Quia
1606 5567 1736 5608 vero
1773 5552 1949 5607 canti-

443 5714 488 5790 "7
511 5715 689 5771 Ecclc.
723 5736 771 5785 v,
800 5721 853 5782 ὖ,
896 5724 949 5777 4.

2059 4560 2336 4624 ἀσεϐείαις
2366 4558 2526 4631 ἡμῶν
2551 4559 2614 4612 σὺ
2648 4558 2827 4632 ἱλάσῃ.
2866 4578 2884 4611 ι
2922 4558 3131 4629 Σφόδρα
3161 4555 3467 4619 ἀκολούθως
3502 4555 3639 4626 μετά

2056 4650 2125 4704 τὰ
2185 4651 2315 4721 περὶ
2356 4649 2538 4718 πάσης
2566 4648 2770 4720 σαρκὸς
2819 4648 3138 4718 λελεγμένα,
3187 4647 3541 4716 ἐπενήνεκται
3568 4645 3651 4699 τάν

2061 4741 2400 4813 προκείμενα
2434 4740 2534 4809 τῆς
2571 4738 2969 4811 ὠνομασμένης
2996 4737 3178 4808 πάσης
3219 4737 3419 4808 σαρκὸς
3449 4736 3639 4807 ἐξομοι

2057 4832 2282 4902 λόγησιν
2316 4830 2655 4904 περιέχοντα.
2698 4832 2761 4885 Οἱ
2787 4831 2927 4901 γοῦν,
2947 4830 3023 4895 ἐξ,
3050 4831 3303 4884 ἁπάντων
3335 4829 3443 4883 τῶν
3470 4828 3636 4882 ἐθνῶν

2055 4919 2164 4971 τῶν
2190 4919 2357 4972 πάλαι
2419 4920 2686 4990 σαρκίνων
2726 4920 2824 4991 τῆς
2871 4919 3261 4991 δεισιδαίμονος
3288 4919 3492 4991 πλάνης
3520 4921 3637 4973 ἐπι·

2059 5008 2388 5080 στρέψαντες
2450 5009 2789 5066 διδάσκονται
2831 5012 2939 5064 ὑπὸ
2986 5010 3081 5064 τοῦ
3126 5010 3271 5063 θείου
3324 5009 3647 5080 Πνεύματος.

2054 5100 2334 5170 ὁμολογεῖν
2380 5103 2436 5154 ἐν
2483 5103 2689 5166 ὁποίοις
2738 5103 2867 5156 ποτέ
2906 5102 3094 5166 κακοῖς
3124 5101 3404 5170 γεγόνασι,
3433 5101 3540 5154 τῶν
3580 5117 3639 5153 τε

2054 5192 2271 5247 οἰκείων
2311 5193 2674 5265 ἀσεϐημάτων
2709 5193 3086 5266 μνημονεύειν.
3119 5194 3211 5246 Διό
3244 5209 3411 5264 φησιν
3431 5212 3448 5243 ι
3475 5191 3638 5260 Λόγοι

2054 5282 2272 5353 ἀνόμων
2329 5284 2830 5356 ὑπερεδυνάμωσαν
2859 5286 3027 5355 ἡμᾶς,
3075 5284 3170 5337 καὶ
3196 5286 3318 5346 ταῖς
3362 5282 3649 5344 ἀσεϐείαις.

2052 5373 2210 5443 ἡμῶν
2238 5375 2302 5427 σὺ
2335 5374 2510 5446 ἱλάσῃ.
2546 5395 2563 5425 ι
2594 5376 2778 5430 Ταῦτα
2814 5376 2914 5447 μὲν
2937 5372 3030 5429 οὖν
3052 5375 3318 5445 λεγόμενα
3332 5375 3401 5425 ἐκ
3425 5370 3655 5443 προσώ--

2055 5481 2156 5517 που
2180 5465 2279 5535 τῆς
2316 5465 2675 5535 ἀποδοθείσης
2730 5468 2910 5537 πάσης
2944 5466 3148 5537 σαρκὸς
3186 5464 3386 5535 πολλὴν
3417 5454 3483 5517 ἂν
3525 5462 3650 5532 ἔχοις

2052 5556 2390 5608 ἀκολουθίαν.
2409 5556 2559 5609 Ἐπεὶ
2580 5557 2636 5613 δὲ
2659 5575 2677 5609 ι
2704 5557 2797 5611 τοῦ
2826 5557 3012 5612 Δαυῒδ»
3043 5556 3441 5627 ἐπιγέγραπται
3466 5557 3497 5608 ὦ
