4090 6382
440 385 545 448 (329
1581 377 2083 437 COMMENTARIA
2124 376 2188 431 IN
2231 373 2566 452 PSAMIOS.
3607 372 3715 427 6‘50

441 499 536 553 τοῦ
568 497 802 570 ψαλμοῦ,
832 493 1114 568 ζητήσειεν
1132 496 1196 550 ἄν
1224 511 1328 558 τις,
1370 494 1497 547 πότε
1532 494 1620 547 τδν
1654 493 1816 549 Δαυῒδ
1849 493 2028 564 ἠτοὺς
2060 525 2070 551 4

2155 505 2255 544 :nm
2283 489 2501 560 psalmi,
2534 507 2552 539 ι
2597 485 2814 542 Davidis
2850 505 2867 529 ι
2894 483 3216 554 inscriptum
3241 493 3359 549 est;
3392 493 3713 553 opportune

444 590 542 645 σὺν
601 589 749 660 αὐτῷ
793 589 939 658 λόγοι
983 587 1200 658 ἀνόμων
1254 585 1783 658 ὑπερεδυνάμωσαν·
1821 584 1855 654 ἢ
1883 583 2025 638 κατὰ

2155 589 2407 652 ιιιωι-ιιιιιιι
2431 579 2781 651 quandonam
2803 578 2856 631 in
2885 576 3140 632 Dawdem
3160 585 3254 629 aut
3280 590 3410 631 suos
3431 576 3594 630 verba
3611 575 3716 629 ini-

441 681 535 734 τὸν
583 679 894 751 Σύμμαχον,
936 696 955 729 t
988 676 1518 731 κατεδυνάστευσαν·
1554 695 1571 724 ι
1616 676 1776 738 ποίας
1812 674 1871 727 δὲ
1931 674 2025 728 καὶ

2155 664 2365 745 [uorum
2385 674 2817 745 praevaluerunt;
2844 672 2960 727 sive
2978 669 3278 726 secundum
3304 667 3737 740 Symmachum,’

442 772 697 835 ἀσεϐείας
727 772 996 842 ἐκτήσατο
1013 773 1047 823 ἁ
1066 769 1316 832 τοσοῦτος
1347 767 1442 821 τοῦ
1472 765 1913 838 Θεοῦρπροφήτης
1931 765 2026 819 καί⁵

2155 763 2614 819 ιάοιιιίιιιιιίειιιιι
2647 778 2660 812 :
2709 782 2727 814 ι
2763 761 2922 831 queis
2981 774 3121 815 vero
3162 757 3563 828 impietatibus‘
3588 773 3713 813 cum

443 866 491 918 oi
507 865 620 927 ,σὺν
634 864 805 934 αὐτῷ,
829 863 1081 935 ἐπείπερ,
1103 880 1121 914 ι
1141 862 1241 925 τὰς
1268 860 1519 923 ἀσεϐείας
1538 859 1695 931 ήμῶν
1724 860 1789 913 σὺ
1810 859 2021 929 ἱλάσῃ,ἰ

2159 865 2322 911 antus
2374 855 2466 910 ille
2519 853 2615 909 Dei
2670 854 2958 924 propheta,
3020 860 3136 906 tum
3174 852 3310 907 socii
3339 852 3460 921 ejus
3503 851 3714 906 addicti

443 956 627 1027 φησίν.
660 954 821 1009 Ἀλλά
867 954 998 1025 γάρ,
1047 954 1124 1016 ὼς
1189 950 1629 1022 ἀποδεδώκαμεν,
1676 950 2028 1023 προφητικῶς

443 1046 505 1099 τι
533 1044 757 1117 Πνεῦμα
789 1046 849 1099 τὸ
877 1045 1054 1114 ἅγιον,
1089 1043 1192 1114 τῆς
1218 1043 1329 1096 τῶν
1359 1042 1528 1097 ἐθνῶν
1552 1042 1794 1115 κλήσεως
1824 1059 2030 1113 μνημο-

443 1137 662 1201 νεῦσαν,
724 1138 820 1191 καὶ
868 1137 1069 1207 φῆσανο
1111 1136 1311 1207 «Ἠρὸς
1347 1136 1406 1189 σέ
1449 1137 1600 1191 πᾶσα
1643 1135 1780 1207 σὰρξ
1809 1134 1960 1205 ἥξει,
2007 1154 2025 1187 ι

445 1230 759 1294 ἀκολούθως
805 1231 906 1301 τὴν
956 1228 1344 1300 ἐξομολόγησιν
1386 1227 1566 1282 αὐτῶν
1610 1227 1921 1298 διαγράφει,
1963 1225 2033 1292 ἐξ

447 1319 627 1374 αὐτῶν
672 1317 966 1390 προσώπου
1036 1318 1272 1387 φάσκον·
1327 1336 1345 1367 ι
1395 1317 1558 1385 Λόγοι
1603 1316 1819 1386 ἀνόμων
1864 1317 2033 1387 ὑπερ-

447 1410 803 1482 εδυνάμωσαν
830 1410 996 1480 ἡμᾶς,
1036 1427 1055 1461 ι
1087 1407 1336 1462 τουτέστι
1375 1408 1660 1479 κρείττους
1689 1407 1846 1478 ἡμῶν
1877 1406 2034 1475 γεγό-

451 1518 573 1554 νασι
605 1502 699 1554 καλ⁸
730 1498 1087 1571 δυνατώτεροι
1131 1499 1288 1571 ἡμῶν
1336 1500 1385 1551 οί
1436 1498 1545 1551 τῶν
1590 1499 1825 1568 ἀνόμων
1861 1497 2031 1566 λόγοι.

424 1585 679 1660 ’Ἃνομοι
710 1589 769 1642 δέ
798 1588 998 1650 πάντες
1021 1582 1161 1658 ἦσαν
1199 1587 1249 1639 οἱ
1269 1574 1482 1657 πρῶτοι
1513 1586 1914 1658 συστησάμενοι
1937 1587 2035 1657 τὴν

450 1680 556 1735 τῶν
578 1680 815 1734 είδώλων
849 1679 1125 1733 θεοποιίαν
1146 1696 1160 1709 ·
1201 1679 1350 1748 λόγοι
1380 1696 1441 1732 τε
1481 1668 1661 1733 αὐτῶν
1686 1681 1737 1732 οἱ
1764 1678 1853 1732 διὰ
1876 1692 2035 1749 ποιη-

446 1770 556 1824 τῶν
573 1771 668 1825 καὶ
700 1770 809 1825 τῶν
841 1769 1020 1838 σοφῶν
1044 1767 1138 1822 τοῦ
1168 1768 1365 1833 αἰῶνος
1383 1769 1572 1823 τούτου
1599 1769 1728 1840 περὶ
1750 1770 1849 1841 τῆς
1876 1769 2037 1823 πολυο

2136 945 2360 1011 I‘uerint,
2389 945 2657 1018 siquidem
2686 944 2786 1010 ait,
2818 963 2836 996 ι
2865 943 3244 1015 impietatibus
3276 944 3479 998 nostris
3509 951 3566 997 tu
3587 958 3717 1013 pro-

2142 1036 2446 1108 pitiaberis.
2492 1055 2511 1089 ›
2547 1034 2771 1097 Verum,
2802 1035 2881 1089 uti
2910 1034 3022 1103 jam
3053 1032 3397 1096 tradidimus.
3430 1048 3554 1088 cum
3590 1031 3716 1102 Spi-

2095 1202 2100 1206 η
2138 1131 2280 1185 ritus
2311 1136 2541 1185 sanctus
2569 1126 2812 1198 gentium
2844 1127 3190 1181 vocationem
3216 1125 3532 1195 proplictice
3560 1139 3717 1180 com-

2114 1228 2494 1277 .memoret’ae
2538 1219 2726 1274 dicat:
2765 1237 2782 1268 ι
2810 1216 2898 1271 Ad
2928 1225 2983 1272 te
3040 1216 3222 1272 omnis
3264 1230 3396 1270 caro
3454 1214 3658 1278 veniet,
3693 1233 3713 1265 ι

2138 1325 2328 1366 carum
2358 1306 2762 1364 confessionem
2805 1313 3211 1375 consequenter
3229 1302 3517 1366 describit,
3550 1317 3615 1355 ac
3652 1316 3719 1356 ex

2139 1414 2329 1455 earum
2346 1412 2581 1468 persona
2599 1396 2771 1451 dicit:
2804 1415 2822 1447 ι
2870 1394 3046 1451 Verba
3063 1395 3377 1465 iniquorum
3416 1392 3719 1463 przevalue-

2142 1498 2271 1544 runt
2318 1504 2485 1559 super
2507 1502 2632 1551 nos,
2682 1506 2701 1540 ι
2737 1487 2918 1551 idest,
2976 1486 3144 1541 verba
3198 1485 3512 1555 iniquorum
3556 1499 3721 1554 supe-
3798 1504 3807 1511 κ

2142 1580 2292 1635 riora
2326 1595 2390 1634 ac
2422 1578 2729 1649 potentiora
2796 1577 3001 1633 nostris
3050 1576 3291 1632 fuerunt.
3334 1575 3513 1645 Iniqui
3539 1581 3719 1628 autem

2146 1671 2317 1737 fuere,
2358 1670 2451 1740 qui
2489 1670 2647 1740 primi
2700 1668 2847 1723 idola
2914 1668 3058 1722 inter
3103 1666 3237 1722 deos
3286 1672 3718 1735 computarunt:

2145 1762 2310 1819 verba
2339 1776 2504 1831 porro
2536 1776 2724 1816 eorum
2750 1769 2900 1825 sunt,
2938 1774 3061 1829 qua:
3084 1777 3113 1809 ιι
3148 1758 3323 1828 poetis
3355 1766 3409 1811 et
3453 1756 3717 1826 sapienti-

449 1861 574 1915 θέου
607 1862 818 1932 πλάνης
852 1863 923 1915 ἐν⁴
940 1861 1340 1933 συγγράμμασι
1362 1859 1849 1932 καταϐεϐλημένοι.
1899 1860 2037 1914 Ἀλλ’

2155 1870 2246 1910 eus
2273 1853 2438 1927 hujus
2498 1852 2685 1908 saeculi
2741 1852 2809 1905 de
2855 1851 3149 1904 multorum
3200 1847 3487 1902 numinum
3534 1862 3722 1903 errore

447 1947 594 2006 οὗτοι
655 1950 756 2023 μὲν
810 1971 828 2004 ι
892 1952 1396 2007 κατεδυνάστευσαν
1449 1950 1643 2022 ήμῶν,
1697 1971 1716 2003 ι
1752 1950 1894 2005 κατά
1946 1951 2038 2005 τὸν

450 2041 778 2114 Σύμμαχον·
837 2043 901 2096 σὺ
962 2043 1011 2096 δ’
1061 2044 1160 2114 ούχ
1209 2043 1495 2113 ὑπερεῖδες
1552 2028 1723 2113 ἡμᾶς,
1754 2043 2034 2096 Δέσποτα*

451 2131 622 2187 ίλάσω
650 2133 707 2186 δὲ
742 2131 840 2197 τὰς
882 2131 1140 2196 ἀσεϐείας
1183 2130 1362 2203 ήμῶν,
1398 2132 1766 2203 καταπέμψας
1793 2134 1925 2204 ἡμῖν
1949 2132 2040 2185 τὸν

402 2238 405 2239 ⁷
451 2222 701 2293 ἱλασμὸν,
734 2222 801 2276 δι’
830 2215 892 2276 οὗ
923 2223 1192 2286 κατέστης
1223 2225 1356 2293 ἡμῖν
1397 2222 1579 2286 ἵλεως,
1613 2223 1856 2294 ὑπερϐὰς
1884 2223 2040 2294 ήμῶν

449 2315 548 2377 τὰς
584 2312 862 2377 ἀσεϐείας.
884 2313 982 2376 Τίς
1000 2311 1059 2365 δέ
1081 2315 1229 2366 ἐστιν
1256 2314 1284 2365 ό
1317 2311 1566 2382 ίλασμὸς,
1595 2312 1834 2366 διδάσκει
1867 2311 2040 2382 λέγων

448 2406 480 2459 ό
510 2402 984 2479 ’Δπόστολοςπερὶ
1005 2402 1097 2456 τοῦ
1114 2402 1366 2474 Σωτῆρος
1385 2421 1398 2434 ·
1426 2422 1444 2455 ι
1462 2406 1559 2457 Ὃν
1584 2405 1842 2476 προέθετο
1861 2406 1889 2459 ὁ
1909 2405 2041 2470 Θεὸς

2142 1947 2362 2015 scriptis
2385 1944 2706 2014 consignata
2735 1944 2885 1998 sunt.
2918 1940 3025 1997 Sed
3061 1941 3097 1994 ii
3145 1939 3364 2009 quidem
3408 1956 3427 1989 ι
3453 1938 3721 1995 'dominati

2141 2043 2272 2093 sunt
2300 2035 2481 2099 nobis,
2530 2054 2549 2086 ι
2579 2034 2879 2090 secundum
2917 2032 3338 2104 Symmachum;
3381 2038 3436 2085 tu
3464 2046 3594 2086 vero
3618 2046 3723 2085 non

2141 2126 2440 2199 despexisti
2470 2142 2593 2190 nos,
2630 2125 2883 2189 Domine,
2917 2125 3013 2180 sed
3046 2125 3376 2195 propitiatus
3400 2158 3407 2164 -
3429 2123 3727 2192 impietati-

2143 2220 2247 2275 bus
2277 2219 2508 2281 nostris,
2542 2217 2746 2273 misisti
2772 2216 3218 2286 propitiationem
3255 2214 3438 2279 nobis,
3468 2230 3576 2286 qua
3624 2216 3731 2269 im-.

2144 2312 2378 2382 pietates
2433 2320 2863 2381 praetergressus
2914 2315 3155 2370 nostras,
3208 2307 3456 2377 placatus
3482 2306 3725 2365 evasisti.

2146 2402 2278 2468 Quae
2294 2416 2459 2472 porro
2487 2401 2561 2456 sit
2595 2402 2687 2456 illa
2741 2399 3079 2472 propitiatio,
3138 2398 3301 2453 docet
3337 2398 3633 2469 Apostolus
3663 2398 3732 2453 do

454 2496 766 2568 ἱλαστήριον
821 2496 911 2549 διὰ
967 2495 1205 2559 πίστεως
1238 2497 1297 2549 ἐν
1328 2494 1407 2565 τῷ
1436 2494 1598 2549 αὐτοῦ
1644 2497 1868 2567 αἵματι·
1906 2517 1924 2550 ι
1949 2498 2043 2553 καὶ

2155 2494 2442 2551 Servatore
2499 2494 2725 2549 dicens:
2767 2512 2785 2544 ι
2825 2491 2997 2559 Quem
3038 2492 3325 2562 proposuit
3372 2490 3517 2546 Deus
3550 2488 3732 2561 propi-

452 2586 647 2642 πάλινο
690 2605 709 2639 ι
749 2585 920 2650 Αὐτὸς
968 2586 1191 2656 ἱλασμός
1240 2588 1389 2639 ἐστιν
1420 2582 1561 2657 ὑπὲρ
1607 2587 1716 2640 τῶν
1754 2588 2042 2660 ἁμαρτιῶν

2155 2589 2430 2651 tiationem
2460 2603 2560 2658 per
2586 2587 2747 2642 ﬁdem
2778 2585 2833 2639 in
2856 2585 3124 2655 sanguine
3146 2582 3321 2653 ipsius
3348 2581 3423 2647 ¹⁸;
3467 2600 3487 2632 ι
3519 2595 3582 2635 ac
3606 2595 3730 2634 rur-

452 2676 611 2752 ήμῶν
634 2693 648 2708 ’
679 2677 779 2747 οὐχ
814 2676 954 2746 ὑπὲρ
984 2676 1093 2728 τῶν
1142 2676 1425 2748 ἡμετέρων
1459 2676 1516 2730 δέ
1548 2676 1730 2747 μόνον,
1780 2677 1916 2731 ἀλλὰ
1952 2680 2044 2732 καὶ

2155 2661 2271 2737 sum
2297 2699 2311 2735 :
2348 2698 2370 2732 ι
2403 2680 2522 2750 Ipse
2558 2676 2875 2749 propitiatio
2917 2685 3003 2733 est
3035 2690 3134 2745 pro
3188 2672 3430 2744 peccatis
3476 2672 3731 2727 nostris:

452 2768 745 2839 ὺπέρ-ὅλου
779 2765 874 2820 τοῦ
902 2766 1129 2837 κόσμου.
1165 2785 1183 2817 ι
1902 2777 1906 2781 ⁴

2155 2789 2258 2829 non
2308 2787 2407 2844 pro
2468 2771 2675 2827 nostris
2722 2778 2906 2827 autem
2960 2777 3198 2834 tantum,
3265 2767 3359 2826 sed
3409 2782 3517 2842 pro
3563 2765 3735 2823 totius

1264 2860 1273 2865 '
1460 2866 1473 2880 τ

2155 2864 2340 2920 mundi
2374 2864 2436 2917 ι’,
2473 2883 2513 2915 ιε
2970 2885 2978 2895 ι
3098 2898 3106 2905 ς

532 2984 568 3017 ε·
600 2962 888 3034 Μακάριος
923 2962 981 3016 ὃν
1008 2960 1237 3027 ἐξελέξω
1271 2963 1365 3016 καί
1395 2960 1755 3035 προσελάϐου,
1787 2965 2046 3035 κατοική-

2222 2976 2389 3033 Vens.
2427 2978 2548 3035 5-9.
2585 2999 2620 3032 1
2648 2978 2857 3037 Beatus
2890 2995 3053 3051 quem
3093 2978 3305 3050 elegiin
3352 2986 3406 3033 et
3435 2973 3738 3044 assumpsi-

458 3073 541 3109 σει
581 3057 639 3108 ἐν
672 3056 793 3117 ταῖς
832 3054 1029 3125 αὐλαῖς
1063 3070 1226 3106 σου..)
1275 3052 1709 3118 Οίέξάπάντων
1735 3055 1844 3109 τῶν
1876 3055 2045 3110 ἐθνῶν

2155 3070 2244 3133 sti,
2295 3071 2627 3128 Inbabitabit
2673 3071 2730 3128 in
2781 3073 2937 3130 atriis
2981 3074 3111 3128 tuis.
3156 3091 3174 3124 ι
3230 3070 3335 3137 Qui
3370 3085 3437 3124 ex
3481 3066 3738 3123 omnibus

457 3145 921 3219 ἐπιστρέψαντες,
964 3145 1064 3208 τάς
1094 3144 1304 3198 ἑαυτῶν
1350 3145 1604 3211 ἀσεϐείας
1646 3146 2048 3220 ἐξομολογησά-

2155 3163 2414 3236 gentibus
2439 3153 2693 3223 conversi
2718 3176 2869 3229 sunt,
2896 3163 3209 3234 impietates
3228 3160 3468 3216 confessi
3502 3174 3653 3221 suas,
3679 3164 3741 3211 ut

461 3256 636 3309 μενοι,
673 3239 768 3292 καὶ
794 3238 870 3302 ὡς
899 3236 1320 3309 κατηξιώθησαν
1346 3236 1438 3290 τοῦ
1477 3238 1731 3311 ἱλασμοῦ,
1767 3241 2049 3313 προκοπὴν

2155 3254 2554 3327 propitiatione
2587 3253 2818 3325 dignati,
2852 3251 3159 3322 profectum
3201 3248 3505 3317 animaeque
3534 3243 3743 3298 utilita-

459 3328 873 3395 ἐπιδείκνυνται,
920 3330 1023 3384 καὶ⁴
1056 3328 1237 3400 ψυχῆς
1274 3328 1547 3398 ὠφέλειαν
1590 3331 1813 3404 πολλὴν,
1848 3332 2053 3402 γνῶσιν

2155 3355 2264 3404 tem
2308 3348 2568 3411 multam,
2612 3346 2763 3403 illius
2792 3345 2886 3414 (τιιί
2914 3357 3042 3398 vere
3083 3341 3279 3395 beatus
3317 3346 3401 3394 est
3433 3336 3624 3392 notitia
3657 3333 3741 3389 in-

457 3421 808 3498 ἀνειληφέναι
845 3422 1188 3485 διδάσκοντες
1224 3421 1319 3476 τοῦ
1349 3422 1566 3494 ἀληθῶς
1600 3425 1895 3497 μακαρίου.
1941 3428 2055 3483 Πά-

459 3513 551 3566 Mt
596 3514 841 3585 μὲνγὰρ
877 3514 970 3567 τὸν
1012 3514 1206 3599 θνητρν
1257 3514 1372 3585 βίον
1426 3516 1520 3569 καὶ
1565 3516 1664 3587 τὴν
1717 3516 2055 3593 πρόσκαιρον

464 3601 611 3675 ζωὴν
657 3604 824 3675 μόνην
853 3604 1070 3669 εἰδότες,
1124 3605 1345 3669 πάντως
1394 3624 1497 3659 που
1549 3606 1892 3681 ἐμακάριζον
1931 3614 2059 3679 τοὺς

462 3695 667 3765 ταύτης
718 3694 1110 3759 ἀπολαύοντας,
1153 3697 1306 3760 τέλος
1349 3696 1544 3769 ἡδονὴν
1584 3699 1921 3774 ὁριζόμενοι,
1966 3706 2060 3759 καὶ

464 3783 760 3850 πλούτους,
814 3785 909 3839 καὶ
953 3786 1052 3856 τὴν
1090 3785 1150 3837 ἐν
1203 3784 1416 3856 σώματι
1456 3792 1702 3864 τρυφήν·
1755 3793 1853 3855 νῦν
1880 3794 1935 3849 ηδ’
1969 3794 2058 3849 ὅτε

463 3877 799 3945 τετυχήκασι
837 3874 931 3928 τοῦ
978 3873 1233 3944 ἱλασμοῦ,
1279 3875 1374 3930 καὶ
1421 3878 1522 3942 τάς
1556 3880 1768 3936 ἑαυτῶν
1804 3882 2060 3947 ἀσεϐείας

465 3965 918 4038 ἀπεκαθήραντο,
967 3965 1168 4035 γνῶσιν
1213 3966 1542 4041 ἀνειλήφασι
1581 3971 1677 4026 τοῦ
1708 3971 1925 4044 ἀληθῶς
1962 3985 2063 4043 μα-

467 4057 690 4134 καρίου·
735 4058 830 4111 καὶ
855 4057 1043 4111 τοῦτον
1066 4054 1210 4114 εἷναί
1251 4077 1385 4130 φασι
1415 4062 1508 4116 τὸν
1538 4063 1645 4116 ὑπὸ
1679 4062 1814 4116 Θεοῦ
1843 4062 2062 4134 ἐκλεγό-

471 4166 630 4220 μενον
659 4148 871 4219 καὶτῆς
904 4149 997 4201 ὑπ’
1029 4148 1197 4205 αὑτοῦ
1230 4150 1590 4224 προσλήψεως
1619 4152 2057 4225 κατηξιωμένον·

466 4238 549 4292 διό
586 4255 748 4309 φασιο
802 4239 1217 4312 Πάντεςνήμεϊς
1249 4233 1350 4314 τῆς
1392 4243 1638 4315 κλήσεως
1678 4244 2062 4315 κατηξιώμεθα

465 4334 520 4388 οἱ
566 4333 745 4411 πάλαι
779 4333 934 4397 ὄντες
994 4335 1160 4407 σάρξ·
1212 4337 1327 4392 ἀλλ’
1385 4339 1562 4409 ἴσμεν,
1614 4340 1696 4392 ὅτι
1739 4339 1923 4393 πολλοὶ
1965 4339 2065 4411 μέν

469 4423 662 4497 κλητοὶ
689 4463 704 4487 ,
747 4424 923 4495 ὀλίγοι
973 4428 1029 4482 δὲ
1080 4430 1347 4485 ἐκλεκτοί.
1423 4431 1662 4495 Εἰκότως
1722 4430 1815 4485 οὖν
1868 4432 1945 4497 ὡς
1998 4431 2064 4486 ἂν

2157 3438 2380 3501 structi,
2436 3435 2723 3492 exhibent.
2789 3431 2933 3489 Olim
2960 3445 3220 3501 .namque
3273 3443 3398 3483 cum
3453 3426 3740 3482 mortalem

2158 3539 2375 3586 tantum
2431 3542 2486 3584 et
2539 3535 2950 3596 temporaneam
3006 3524 3172 3579 vitam
3233 3529 3482 3584 nossent,
3532 3517 3624 3587 qui
3679 3531 3745 3571 ea

2163 3621 2494 3676 fruerentur
2533 3608 2723 3672 beatos
2769 3613 2997 3669 omnino
3051 3610 3446 3683 praedicabant,
3501 3607 3746 3677 volupta-

2162 3721 2292 3776 tem,
2325 3710 2572 3774 divitias,
2608 3706 2860 3777 corporis
2890 3704 3116 3760 delicias
3139 3717 3241 3773 pro
3270 3699 3377 3755 line
3403 3698 3748 3755 constituen-

2162 3812 2265 3859 tes.
2314 3802 2475 3856 Nune
2507 3816 2638 3856 vero
2666 3797 3114 3869 propitiationem
3155 3793 3327 3857 nacti,
3375 3789 3748 3861 depositisque

2163 3892 2465 3964 impietatis
2501 3890 2786 3955 sordibus,
2836 3885 2989 3942 illius
3026 3885 3120 3956 qui
3151 3900 3281 3940 vere
3313 3883 3629 3964 beatnscst
3660 3892 3751 3933 eo-

2161 3962 2464 4056 gnitionem
2497 3981 2681 4051 adepti
2716 3986 2844 4036 sunt
2864 3977 3163 4046 ,huneque
3186 3989 3312 4031 esse
3332 3962 3555 4034 dicunt,
3585 3984 3747 4041 quem

2165 4076 2311 4131 Deus
2331 4089 2616 4129 assumere
2637 4079 2691 4126 et
2715 4070 2921 4141 eligere
2941 4066 3202 4138 dignatus
3224 4072 3309 4120 est
3330 4076 3536 4133 rquare
3560 4062 3744 4115 aiunt:

2166 4168 2277 4223 Nos
2311 4180 2505 4220 omnes
2532 4163 2821 4217 vocatione
2847 4158 2998 4230 digni
3033 4156 3460 4220 habiti'sumus,
3495 4154 3587 4224 qui
3617 4153 3747 4207 olim

2164 4273 2298 4314 caro
2331 4271 2550 4311 eramus
2581 4271 2596 4307 :
2625 4252 2741 4309 sed
2762 4248 3225 4306 scimus~multos
3253 4252 3501 4310 vocatos,
3543 4257 3750 4315 paucos

2166 4349 2376 4404 electos
2403 4360 2528 4402 esse
2553 4365 2566 4400 :
2590 4344 2716 4414 jure
2748 4342 2914 4412 igitur
2933 4342 3189 4402 electum,
3220 4345 3409 4408 utpote
3441 4337 3533 4406 Qui
3562 4350 3751 4405 perra-

2170 4453 2265 4492 rus
2301 4437 2396 4501 sit,-
2424 4435 2645 4489 beatum
2677 4431 3064 4503 praedicamus.
3097 4428 3233 4494 Quis
3265 4428 3356 4481 ille
3378 4434 3484 4489 est,
3514 4424 3622 4481 nisi
3654 4425 3747 4494 qui

470 4515 699 4570 σπάνιον
745 4518 1127 4592 μακαρίζομεν
1173 4522 1266 4576 τὸν
1315 4522 1592 4576 ἐκλεκτόν.
1655 4523 1750 4587 Τίς
1805 4522 1878 4576 δέε
1920 4525 2065 4578 ἐστιν

2171 4527 2469 4584 exmultis-
2495 4530 2818 4595 segregatus
2860 4532 2913 4577 et
2943 4537 2974 4575 a
3008 4520 3120 4575 Deo
3146 4528 3462 4589 assumptus
3494 4515 3616 4572 est?
3649 4514 3752 4570 Ee-

468 4602 626 4672 οἶιτος
670 4608 851 4681 ἀλλ’ἢ
907 4611 938 4665 ό
991 4612 1310 4686 ἀφορισθεὶς
1360 4613 1471 4666 τῶν
1519 4613 1729 4668 πολλῶν
1776 4614 1872 4666 καὶ⁵
1931 4615 2061 4669 ἀνα-

469 4696 698 4772 ληφθεὶς
740 4701 849 4755 ὑπὸ
894 4701 989 4756 τοῦ
1026 4703 1196 4769 Θεοῦ;
1247 4705 1357 4758 Καὶ
1409 4703 1528 4768 πῶς
1555 4704 1665 4775 γάρ
1709 4704 1770 4756 οὺ
1799 4704 2067 4776 μακάριος

474 4790 689 4863 ἀληθῶς
754 4794 784 4846 ὁ
814 4792 1078 4859 τοιοῦτος,
1127 4794 1312 4861 ὁπότε,
1353 4795 1462 4848 τῶν
1494 4795 1589 4849 δύο
1625 4794 1832 4848 τούτων
1865 4794 2064 4865 εωχὼν,

474 4881 619 4951 λέγω
648 4882 706 4939 δὲ
731 4883 832 4955 τῆς
860 4885 1092 4955 ἐκλογῆς
1128 4884 1356 4955 καὶ-τῆς
1380 4884 1484 4940 τοῦ
1502 4886 1643 4940 Θεοῦ
1675 4885 2062 4957 προσλήψεως,

476 4973 664 5043 ἐτέρου
711 4975 1020 5046 κρείττονος
1053 4976 1524 5048 καταξιωθήσεται
1546 4995 1572 5042 ;-
1610 4980 1928 5050 κατοικήσει
1959 4978 2068 5050 γὰρ

476 5065 535 5117 ἐν
578 5067 700 5129 ταῖς
746 5066 937 5129 αὐλαῖς
986 5066 1082 5120 τοῦ
1109 5067 1275 5121 Θεοῦ..
1326 5067 1705 5140 Καὶταύτην-
1734 5068 1921 5123 λοιπὸν
1969 5070 2069 5141 τὴν

480 5156 649 5231 μονὴν
709 5156 886 5230 εὑρὼν
937 5159 1055 5214 καὶ-
1089 5160 1189 5230 τὴν
1250 5160 1602 5225 ἀνάπαυλαν,
1656 5162 1890 5216 ἐνταῦθα
1940 5180 2069 5233 στη-

483 5246 798 5321 ριχθήσεται
828 5265 842 5278 ο
903 5249 964 5302 τὸ
1007 5249 1159 5315 τέλος
1201 5251 1405 5320 ἀγαθὸν
1455 5251 1613 5305 τοῦτο
1659 5252 1968 5318 ἀπολαύων,
2008 5245 2069 5306 οὗ

476 5344 662 5412 τυχεῖν
691 5341 787 5394 καὶ
815 5340 973 5404 ἄλλος
999 5340 1201 5413 ηύχετο
1244 5343 1533 5415 προφήτης
1572 5345 1601 5399 ὁ
1635 5343 1805 5397 εἰπών
1825 5362 1841 5375 σ
1877 5364 1895 5395 ι
1920 5346 2070 5398 Ἐπι-

481 5430 659 5488 meai;
684 5431 779 5485 καὶ
822 5431 1063 5486 ἐκλείπει
1100 5435 1134 5503 ἡ
1168 5432 1315 5505 ψυχή
1365 5451 1467 5504 μου
1509 5436 1589 5497 είς
1627 5434 1728 5498 τὰς
1769 5435 1935 5500 αὐλάς
1972 5435 2067 5490 τοῦ

481 5525 710 5596 Κυρίου.
741 5546 759 5577 ι
793 5525 962 5579 Αὐλαὶ
989 5525 1047 5580 δὲ
1072 5526 1169 5580 τοῦ
1200 5526 1406 5598 Κυρίου
1437 5510 1578 5580 εἰσιν
1596 5518 1665 5581 ἀἱ
1694 5520 2069 5600 κατίούρανὺν

486 5618 667 5695 μοναὶ,
691 5636 755 5672 πε
764 5620 818 5691 ρ).
843 5611 917 5673 ὧν
941 5620 1152 5690 εἴρηται
1175 5621 1232 5675 ἐν
1252 5617 1588 5690 Εὐαγγελίῳ-
1627 5639 1644 5671 ι
1676 5618 1878 5673 Πολλαὶ
1909 5620 2068 5691 μοναὶ

486 5824 489 5827 λ
562 5795 604 5826 ¹⁸
634 5790 792 5851 Rom.
825 5810 911 5864 tn,
946 5792 1040 5850 25.

2167 4619 2262 4689 qui
2296 4632 2409 4671 non
2430 4631 2560 4671 vere
2592 4616 2791 4670 beatus
2830 4613 2900 4668 sit
2928 4612 3023 4682 qui
3054 4608 3371 4681 huiusmodi
3400 4615 3506 4670 est,
3532 4605 3754 4677 quando

2166 4707 2277 4761 duo
2314 4706 2431 4760 bare
2473 4720 2504 4758 a
2540 4703 2651 4759 Deo
2695 4709 3049 4768 consecutus,
3080 4700 3403 4754 electionem
3455 4696 3666 4751 scilicet
3699 4702 3754 4749 et

2169 4798 2625 4866 assumptionem,
2660 4795 2768 4850 alio
2814 4793 3194 4865 praestantiore
3226 4788 3579 4861 dignabitur?
3626 4802 3751 4842 nam

2169 4888 2503 4943 inliabitabit
2534 4889 2589 4942 in
2624 4887 2781 4941 atriis
2809 4885 2927 4941 Dei.
2975 4884 3041 4938 Et
3069 4884 3173 4938 bac
3203 4882 3425 4937 inventa
3471 4880 3757 4937 mansione

2167 4990 2223 5037 et
2253 4983 2460 5053 quiete,
2483 4981 2611 5036 istic
2638 4976 3077 5040 eonﬁrmabitur,
3108 4976 3323 5044 Iineqne
3353 4973 3498 5028 bono
3521 4971 3754 5032 fruetur,

2173 5090 2335 5145 quem
2407 5072 2657 5127 nancisci
2721 5070 2952 5140 rogabat
3008 5069 3151 5123 alius
3196 5065 3463 5137 propheta
3518 5064 3752 5119 dicens:

2176 5183 2194 5217 ι
2231 5164 2586 5235 Concupiscit
2619 5170 2674 5218 et
2719 5160 2908 5217 deﬁcit
2950 5159 3132 5213 anima
3183 5173 3306 5213 mea
3356 5157 3412 5211 in
3466 5155 3606 5210 atria
3652 5153 3757 5207 Do-

2171 5255 2309 5310 mini
2340 5255 2410 5310 ".
2446 5273 2464 5307 ›
2501 5253 2655 5307 Atria
2701 5267 2833 5317 vero
2880 5249 3095 5305 Domini
3138 5256 3266 5305 sunt
3298 5248 3551 5304 cmlcstes
3600 5260 3767 5300 mam.

2177 5348 2385 5410 siones,
2442 5346 2510 5402 de
2559 5345 2761 5416 quibus
2812 5344 3015 5398 dicitur
3046 5343 3101 5397 in
3152 5341 3450 5412 Evangelia
3482 5357 3494 5393 :
3532 5357 3563 5389 ιη
3601 5336 3775 5411 Apnd'

2176 5436 2395 5493 Patrem
2434 5438 2751 5492 mansiones
2799 5436 2985 5490 multa:
3007 5434 3078 5489 ¹¹.
3110 5453 3130 5486 ι
3166 5431 3217 5489 Is
3249 5424 3433 5501 itaque
3477 5445 3544 5484 ex
3569 5420 3759 5505 'genti-

2174 5529 2299 5592 bus,
2328 5528 2423 5599 qui
2472 5529 2602 5583 olim
2643 5543 2775 5581 caro
2814 5535 2953 5589 erat,
3009 5525 3103 5581 sed
3145 5525 3255 5594 iam
3296 5520 3776 5584 muta‘tusLbomo.

2179 5618 2273 5674 Dci
2312 5620 2540 5674 etTectus
2565 5625 2819 5681 est,eum
2844 5616 2935 5687 qui
2966 5621 3285 5688 segregatus
3319 5620 3380 5668 ct
3404 5612 3517 5683 jam
3545 5609 3757 5667 electus

1148 5796 1192 5828 "
1221 5791 1241 5848 I
1272 5791 1428 5849 Joan.
1464 5810 1526 5864 ιι,
1550 5794 1606 5849 2.
1683 5796 1728 5829 ³ο
1755 5794 1880 5851 Psal
1943 5810 2183 5863 Lxxxm,
2215 5795 2268 5853 '5'.
2350 5798 2392 5831 ⁸¹
2421 5793 2580 5853 Joan.
2616 5810 2730 5859 xw,
2758 5794 2815 5854 2.
