4090 6410
377 374 478 429 03!

1057 371 1324 429 EUSEBII
1358 372 1837 431 C/ESARIENSIS
1868 373 2023 429 OPP.
2058 371 2240 431 PARS
2281 373 2369 430 Ill.
2407 405 2481 417 -—
2519 372 2930 431 EXEGETICA.

3543 379 3649 435 632

378 495 465 544 est
499 488 713 542 beatum
744 485 1040 556 praedicat;
1078 495 1267 559 utpote
1294 490 1387 560 qui
1435 504 1466 545 a
1510 489 1620 546 Deo
1643 499 1952 562 assumptus

2068 491 2218 564 παρὰ
2253 491 2329 562 τῷ
2348 493 2544 563 Πατρί.
2579 513 2600 544 ι
2652 494 2710 547 '0
2743 494 2922 547 τοίνυν
2953 493 3012 558 ἐξ
3038 494 3209 548 ἐθνῶν
3233 495 3399 549 πάλαι
3433 497 3533 568 μὲν
3572 499 3648 552 ῶν

376 589 433 636 et
481 580 549 635 in—
590 579 729 635 atria
778 578 1026 634 caelestis
1071 579 1375 637 Jerusalem
1425 583 1728 639 translatus
1774 584 1957 640 fuerit.

319 696 336 711 -
383 689 403 722 ι
434 670 785 741 Replebimur
831 673 887 728 in
936 672 1097 729 bonis
1151 673 1351 729 domus
1396 680 1542 728 tum:
1575 681 1828 730 sanctum
1876 682 1960 729 est

378 763 640 833 templum
698 770 878 829 tuum,
927 763 1183 818 mirabile
1227 764 1283 819 in
1310 764 1547 833 juStitia.
1585 784 1604 815 ι
1640 765 1742 830 Qui
1791 780 1961 835 supra

375 850 666 909 memorati
695 864 845 921 sunt,
882 855 1028 910 bona
1059 854 1329 921 cmlestia,
1370 856 1533 926 queis
1559 856 1855 925 praedictus
1876 855 1962 911 vir

378 947 572 1005 beatus
617 946 817 1017 dignus
864 948 1091 1005 habitus
1123 955 1228 1012 est,
1284 949 1548 1017 consequi
1582 956 1957 1021 peroptantes,

375 1038 570 1092 aiunt:
603 1057 625 1089 ι
650 1037 1003 1108 Replebimur
1034 1039 1090 1094 in
1125 1038 1284 1094 bonis
1313 1037 1512 1095 domus
1548 1045 1672 1093 tum.
1724 1058 1745 1089 ›
1781 1039 1961 1094 Caele-

376 1136 516 1182 stem
556 1128 703 1183 enim
734 1129 885 1183 illam
912 1127 1008 1195 Dei
1041 1129 1289 1192 domum,
1330 1126 1493 1198 cujus
1523 1127 1577 1184 in
1610 1128 1767 1185 atriis
1791 1128 1839 1183 is
1864 1128 1958 1197 qui

369 1218 483 1288 jam
533 1220 742 1275 electus
785 1219 889 1275 fuit
948 1221 1282 1275 constitutus
1343 1229 1448 1284 est,
1506 1220 1681 1290 probe
1733 1231 1955 1277 norunt.

374 1310 743 1378 Quamobrem
776 1319 1094 1382 precantur,
1121 1328 1181 1369 se
1206 1326 1428 1382 quoque
1461 1320 1775 1381 opportuno
1814 1322 1957 1368 tem-

374 1419 507 1472 pore
549 1404 797 1460 ccelestia
844 1404 935 1459 illa
976 1404 1120 1463 bona
1164 1404 1452 1474 consequi.
1482 1403 1647 1473 Quod
1680 1404 1728 1459 si
1760 1404 1959 1459 domus

374 1493 471 1548 Dei
501 1494 751 1552 Ecclesia
776 1495 897 1565 ejus
926 1497 999 1551 sit
1031 1495 1336 1550 secundum
1360 1495 1709 1566 Apostolum,
1732 1496 1825 1565 qui
1848 1494 1952 1549 ait:

380 1607 399 1637 ι
435 1586 502 1641 Ut
542 1588 690 1643 scias
723 1588 1000 1660 quomodo
1028 1598 1279 1657 oporteat
1320 1596 1372 1642 te
1409 1589 1463 1642 in
1493 1588 1659 1644 domo
1691 1586 1789 1641 Dei
1833 1602 1959 1641 con-

371 1679 607 1742 versari,
634 1694 757 1748 quae
788 1686 877 1734 est
908 1677 1155 1735 Ecclesia
1190 1677 1284 1735 Dei
1329 1679 1462 1742 vivi,
1498 1680 1757 1734 columna
1787 1686 1842 1734 et
1868 1677 1958 1731 lir-

373 1774 713 1823 mamentum
759 1768 1010 1824 veritatis
1036 1770 1117 1835 ";
1151 1788 1170 1820 ι
1196 1768 1324 1839 jure
1364 1769 1555 1824 dicunt
1583 1789 1596 1823 ι
1629 1768 1831 1826 Beatus
1864 1770 1956 1825 ille

2066 581 2226 653 σάρξ,
2264 581 2585 653 μεταϐαλὼν
2614 584 2673 637 δὲ
2712 586 2804 638 καὶ
2843 585 3136 656 γενόμενος
3172 585 3307 640 Θεοῦ
3336 586 3644 657 ἄνθρωπος,

2066 673 2361 745 μακαρίζει
2403 674 2496 727 τὸν
2542 675 2821 746 ἐξαίρετον
2868 677 2962 729 καὶ
3007 677 3111 747 ἠδη
3149 677 3434 731 ἐκλεκτόν·
3474 681 3551 745 ῶς
3582 681 3648 736 ἂν

2064 764 2479 835 προσληφθέντα
2518 767 2625 820 ὑπὸ
2666 767 2760 820 τοῦ
2794 766 2929 821 Θεοῦ
2968 770 3062 821 καὶ
3105 770 3533 842 παραληφθέντα
3569 775 3649 840 είς

2062 854 2162 919 τὰς
2207 856 2376 921 αὐλάς
2411 858 2512 929 τῆς
2552 860 2876 929 ἐπουρανίου
2918 859 3293 933 Ἰερουσαλήμ.
3334 881 3353 914 ι
3395 864 3648 938 Πλησθη-

2064 945 2273 1016 σόμεθα
2306 948 2364 1002 ὲν
2385 951 2498 1012 τοῖς
2529 948 2757 1016 ἀγαθοῖς
2793 948 2890 1002 τοῦ
2921 948 3073 1003 οῐκου
3103 968 3196 1004 σου
3217 970 3231 982 ο
3283 952 3437 1021 ἅγιος
3468 958 3496 1010 6
3524 957 3649 1020 ναός

2066 1050 2197 1100 σου,
2248 1036 2560 1107 θαυμαστὸς
2604 1039 2662 1089 ὲν
2699 1037 3034 1110 δικαιοσύνη.
3064 1059 3083 1090 ι
3129 1041 3193 1093 Oi
3237 1044 3645 1115 προλεχθέντες,

2061 1130 2245 1195 τυχεῖν
2276 1127 2562 1198 εὐχόμενοι
2595 1128 2689 1181 καὶ
2710 1128 2867 1181 αὐτοὶ
2905 1130 3014 1184 τῶν
3043 1132 3390 1204 ἐπουρανίων
3408 1135 3646 1204 ἀγαθῶν,

2061 1212 2142 1277 ὧν
2175 1217 2402 1287 ἠξίωται
2436 1222 2465 1273 6
2493 1221 2892 1291 προειρημένος
2924 1223 3213 1293 μακάριος,
3244 1225 3407 1295 φασίν
3427 1243 3441 1256 ·
3482 1228 3650 1300 «Ηλη-

2064 1306 2377 1378 σθησόμεθα
2409 1309 2468 1361 ὲν
2494 1312 2608 1373 τοῖς
2641 1309 2868 1378 ἀγαθοῖς
2896 1310 2991 1364 τοῦ
3020 1313 3174 1365 οἴκου
3210 1329 3324 1367 σου.
3363 1334 3386 1367 ι
3439 1317 3649 1385 Ἔγνω-

2063 1415 2163 1452 σαν
2195 1398 2304 1469 γάρ
2352 1398 2444 1451 τὸν
2487 1394 2637 1456 οἷκον
2676 1399 2772 1452 τοῦ
2800 1399 2937 1455 Θεοῦ
2986 1401 3078 1454 τὸν
3117 1404 3455 1474 ἐπουράνιον,
3489 1402 3550 1461 οὗ
3590 1409 3648 1460 ἐν

2060 1491 2180 1551 ταῖς
2214 1489 2407 1552 αὐλαῖς
2443 1491 2473 1542 6
2516 1489 2618 1560 ήδη
2649 1490 2917 1555 ἐκλεκτὸς
2948 1493 3365 1547 κατατέτακται.
3413 1496 3504 1549 Διὸ
3539 1500 3648 1551 ἱκε-

2058 1576 2277 1629 τεύουσι
2330 1576 2510 1648 καιρῷ
2545 1593 2679 1630 ποτε
2724 1579 2820 1633 καὶ
2851 1580 3005 1643 αὐτοὶ
3043 1585 3225 1651 τυχεῖν
3266 1582 3377 1637 τῶν
3415 1586 3649 1658 ἐπουρα-

2061 1668 2193 1721 νίων
2251 1666 2492 1736 ἀγαθῶν.
2551 1668 2617 1721 Εἰ
2666 1667 2723 1721 δὲ
2775 1669 2871 1721 καὶ
2913 1665 3061 1734 οἶκος
3098 1670 3235 1724 Θεοῦ
3285 1675 3317 1743 ἡ
3355 1673 3649 1746 Ἐκκλησία

2059 1757 2226 1820 αὐτοῦ
2274 1762 2390 1812 ἐστι
2441 1758 2585 1817 κατὰ
2626 1759 2719 1813 τὸν
2773 1761 3093 1817 Ἀπόστολον
3140 1766 3423 1834 φήσαντα·
3475 1786 3497 1819 r
3531 1769 3649 1824 Ἵνα

264 1938 267 1943 _
366 1862 482 1931 jam
532 1870 682 1917 tuam
727 1871 1064 1920 consecutus
1112 1873 1198 1919 est
1239 1865 1601 1930 electionem;
1648 1881 1748 1921 nos
1800 1877 1950 1928 vero,

2057 1849 2172 1921 ἴδῃς
2201 1850 2318 1914 πῶς
2353 1850 2435 1904 δεῖ
2462 1852 2519 1903 ὲν
2552 1850 2837 1921 οἴκῳΘε-οῦ
2866 1854 3322 1926 ἀναστρέφεσθαι,
3355 1858 3477 1929 ἥτις
3503 1860 3647 1913 ἐστὶν

370 1954 464 2022 qui
496 1954 738 2009 nondum
766 1956 904 2011 tales
923 1970 1140 2019 smnus,
1172 1956 1267 2011 sed
1298 1957 1478 2011 adhuc
1508 1957 1684 2011 induti
1714 1956 1951 2029 [carne],

369 2045 672 2115 gaudemus
704 2048 861 2117 ‘quod
908 2049 1024 2117 jam
1058 2048 1148 2104 hic
1197 2049 1507 2113 constituti,
1559 2050 1721 2104 bonis
1757 2051 1956 2107 domus

368 2144 478 2193 tuae
507 2136 777 2204 fruamur,
823 2139 1031 2199 divinis
1055 2141 1269 2196 scilicet
1312 2142 1686 2205 sermonibus,
1734 2144 1953 2212 sapien-

368 2229 459 2285 tius
497 2229 832 2301 disciplinis,
878 2243 933 2286 et
968 2232 1150 2288 sancti
1201 2230 1443 2303 Spiritus
1497 2234 1950 2300 charismatibus,

368 2321 759 2389 queisdomus
789 2322 885 2378 Dei
915 2333 1215 2380 exornatur
1246 2346 1258 2381 :
1297 2343 1317 2377 ι
1350 2325 1456 2381 Alii
1483 2329 1627 2381 enim
1653 2343 1748 2397 per
1779 2325 1953 2398 Spiri-

368 2423 485 2469 tum
529 2414 695 2473 datur
735 2430 919 2471 sermo
968 2417 1274 2487 sapientiae,
1330 2418 1421 2472 alii
1470 2433 1656 2474 sermo
1688 2420 1950 2485 scientia,

369 2506 464 2561 alii
494 2506 630 2564 ﬁdes
668 2508 722 2563 in
765 2508 957 2565 eodem
989 2507 1221 2581 Spiritu,
1265 2510 1358 2565 alii
1393 2511 1545 2567 dona
1574 2515 1949 2581 curationum,

368 2599 459 2653 alii
492 2614 691 2669 genera
714 2601 1028 2672 linguarum
1052 2602 1122 2667 ",
1161 2622 1182 2655 ι
1207 2611 1265 2658 et
1294 2602 1399 2657 alia
1420 2619 1541 2674 quae
1566 2605 1785 2663 divinus
1807 2608 1951 2677 Apo-

367 2690 544 2746 stolus
595 2695 959 2747 enumeravit.
1020 2691 1137 2750 Hoc
1189 2711 1250 2751 se
1300 2696 1486 2766 itaque
1546 2709 1811 2768 apparatu
1867 2701 1951 2755 in-

366 2788 590 2835 struunt
619 2782 712 2851 qui
746 2783 977 2839 meliora
1000 2786 1423 2855 concupiscunt.
1454 2784 1660 2843 Deinde
1691 2791 1817 2860 quia
1851 2790 1949 2846 do-

365 2888 491 2929 mus
529 2872 622 2930 Dei
665 2876 997 2937 mentionem
1044 2875 1316 2940 fecerunt,
1367 2890 1776 2949 consequenter
1827 2883 1955 2939 edo-

366 2972 493 3019 cent
518 2980 772 3035 quaenam
796 2967 895 3031 illa
924 2969 997 3023 sit
1027 2968 1317 3026 dicentes:
1350 2988 1370 3023 ι
1403 2970 1666 3028 Sanctum
1699 2983 1785 3030 est
1810 2982 1950 3029 lem-

364 3056 515 3134 plum
563 3064 745 3124 tuum,
787 3057 1043 3114 mirabile
1085 3060 1141 3113 in
1177 3061 1411 3129 justitia.
1448 3082 1465 3114 ι
1503 3061 1630 3119 llaec
1655 3068 1799 3120 enim
1852 3067 1951 3125 do-

364 3161 490 3205 mus
540 3144 634 3201 Dei
686 3153 827 3212 erat,
869 3157 1123 3209 sanctum
1160 3152 1424 3221 templum
1470 3152 1612 3222 ejus.
1661 3153 1947 3227 Templum

2076 1940 2377 2013 Ἐκκλησία
2416 1940 2553 1995 Θεοῦ
2594 1942 2815 2007 ζῶντος,
2860 1943 3049 2009 στῦλος
3090 1949 3185 2000 καὶ
3231 1948 3510 2020 ἑδραίωμα
3548 1949 3650 2022 τῆς

2061 2032 2399 2103 ἀληθείας-ι
2457 2034 2684 2100 εἰκότως
2728 2039 2923 2105 φασιν,
2981 2039 3064 2092 ότι
3129 2040 3191 2093 Ὀ
3233 2041 3331 2112 μὲν
3380 2043 3648 2115 μακάριος

2062 2126 2163 2198 ἤδη
2220 2126 2323 2197 τῆς
2360 2128 2527 2199 »παρά
2576 2130 2660 2183 σοὶ
2710 2131 3012 2201 τετύχηκεν
3063 2132 3329 2203 ἐκλογῆς·
3381 2136 3543 2205 ἡμεῖς
3592 2134 3648 2189 δὲ

2058 2219 2113 2271 οἱ
2138 2219 2367 2289 μηδέπω
2391 2220 2644 2285 τοιοῦτοι,
2675 2222 2756 2276 ἔτι
2783 2224 2841 2276 δὲ
2870 2223 3322 2295 περιϐεὸλημένοι
3347 2226 3647 2299 ἀγαπῶμεν

2061 2310 2314 2365 δντεῦθεν
2360 2314 2461 2385 ἤδη
2492 2316 2603 2368 τῶν
2645 2315 2702 2368 ἑν
2748 2315 2827 2386 τῷ
2865 2316 3000 2387 οἴκῳ
3038 2312 3137 2370 σου
3162 2317 3381 2386 ἀγαθῶν
3410 2318 3645 2374 ἀπολαύ-

2060 2420 2245 2467 οντες,
2300 2405 2478 2475 λόγων
2537 2406 2738 2478 δηλαδὴ
2786 2406 2948 2462 θείων
2995 2409 3091 2467 καὶ
3142 2408 3253 2463 τῶν
3296 2390 3394 2481 τῆξ
3455 2410 3647 2479 σοφίας

2064 2494 2406 2566 μαθημάτων
2443 2513 2503 2550 τε
2535 2498 2630 2550 καὶ
2671 2498 3029 2567 χαρισμάτων
3067 2499 3358 2568 τοῦὰγίου
3393 2500 3645 2573 Πνεῦμα-

2059 2602 2151 2649 τος
2168 2626 2184 2649 ,
2219 2580 2300 2650 οἷς
2326 2588 2670 2659 κεκόσμηται
2711 2590 2741 2640 6
2767 2583 2917 2651 οἶκος
2951 2588 3047 2641 τοῦ
3076 2589 3244 2642 Θεοῦ”
3282 2587 3391 2661 ιᾯ
3415 2591 3514 2662 μὲν
3537 2591 3646 2665 γάρ

2057 2677 2148 2731 διὰ
2188 2677 2281 2730 τοῦ
2331 2678 2648 2750 Πνεύματος
2700 2679 2898 2732 δίδοται
2944 2680 3102 2749 λόγος
3156 2682 3370 2750 σοφίας,
3400 2681 3547 2753 ἄλλῳ
3587 2682 3644 2737 δὲ

2059 2769 2216 2838 λόγος
2253 2769 2542 2839 γνώσεως,
2581 2771 2754 2843 ἑτέρῳ
2782 2772 2838 2825 δὲ
2872 2773 3056 2837 πίστις
3093 2776 3151 2827 ὲν
3179 2773 3258 2844 τῷ
3285 2774 3434 2845 αὐτῷ
3476 2774 3646 2827 Ilvati-

2062 2880 2225 2934 ματι·
2288 2863 2433 2935 ἄλλῳ
2484 2864 2798 2935 χαρίσματα
2858 2865 3135 2935 ἰαμάτων,
3187 2866 3358 2937 ἑτέρῳ
3404 2865 3461 2919 δὲ
3512 2867 3641 2937 γένη

2058 2956 2343 3024 γλωσσῶν,
2377 2975 2401 3008 ι.
2424 2956 2518 3011 καὶ
2548 2958 2647 3010 ὅσα
2672 2956 2808 3010 ἄλλα
2840 2957 3124 3024 κατέλεξεν
3149 2959 3178 3010 6
3208 2958 3349 3021 θεῖος
3391 2958 3647 3013 ’Δπόστο-

2058 3046 2166 3109 λος.
2233 3046 2320 3099 Ἐν
2367 3046 2575 3110 τούτοις
2628 3042 2721 3099 οὖν
2766 3048 2993 3112 ἑαυτοὺς
3036 3047 3543 3120 παρασκευάζουσιν
3593 3053 3641 3103 οι

2057 3140 2164 3195 ⁴τῶν
2214 3140 2538 3211 κρειττόνων
2585 3141 2884 3211 ἐφιέμενοι.
2938 3139 3052 3193 Εἶτ’
3098 3140 3285 3211 ἐπειδὴ
3330 3142 3457 3212 περὶ
3495 3143 3642 3196 οἴκου

365 3241 551 3289 autem
600 3245 853 3297 sanctum
894 3236 988 3293 Dei
1039 3239 1338 3311 intelligas,
1393 3221 1511 3296 non,
1552 3221 1836 3299 murorum
1867 3255 1950 3301 te-

2057 3228 2186 3282 Θεοῦ
2215 3229 2628 3299 ἐμνημόνευσαν
2649 3269 2662 3293 ,
2694 3229 3003 3293 ἀκολούθως
3039 3232 3221 3295 ὁποῖος
3257 3224 3413 3295 οὗτος
3442 3234 3644 3302 τυγχά-

366 3332 696 3398 ctorumque
730 3327 1018 3395 fabricam,
1057 3330 1153 3387 sed
1186 3331 1319 3387 illud
1349 3332 1496 3407 quod
1519 3334 1635 3402 jam
1671 3352 1735 3391 ex
1761 3339 1953 3395 electis

366 3420 661 3479 animabus
705 3423 1085 3479 constituitur.
1136 3420 1346 3489 Sancti,
1396 3423 1609 3494 Lapides
1648 3428 1757 3482 vivi
1792 3438 1950 3494 sunt;

365 3515 698 3585 domumque
724 3514 1073 3584 spiritualem
1106 3512 1174 3568 ad
1204 3527 1456 3572 sanctum
1488 3517 1821 3573 sacrificium
1850 3520 1950 3573 ἀοι

366 3606 656 3677 stinatam,
684 3614 892 3669 emtum
921 3605 1313 3681 religiosorum
1338 3606 1623 3665 hominum
1649 3624 1775 3666 esse
1798 3624 1955 3665 sacer

363 3697 661 3767 Apostolus
712 3697 902 3752 docuit
939 3697 1027 3752 his
1069 3698 1291 3753 verbis:
1324 3716 1345 3751 ι
1383 3697 1493 3753 Vos
1536 3707 1717 3755 autem
1760 3715 1953 3757 omnes

365 3787 564 3843 domus
598 3786 692 3841 Dei
727 3787 889 3851 estis,
929 3797 984 3843 et
1027 3786 1274 3858 Spiritus
1307 3788 1402 3849 Dei
1436 3789 1649 3853 habitat
1688 3792 1744 3846 in
1770 3792 1947 3849 vobis.

368 3873 427 3933 Si
465 3874 591 3945 quis
644 3876 904 3945 templum
957 3875 1053 3933 Dei
1097 3877 1410 3945 violaverit,
1465 3879 1749 3953 disperdet
1796 3882 1951 3936 illum

364 3965 531 4025 Deus.
562 3964 849 4037 Templum
890 3968 1037 4022 enim
1070 3966 1166 4024 Dei
1209 3980 1466 4024 sanctum
1493 3980 1598 4034 est,
1631 3972 1781 4045 quod
1820 3974 1953 4033 estis

282 4053 287 4060 ’
363 4056 556 4117 vos“.
591 4075 610 4108 ι
650 4054 776 4121 Haec
808 4065 995 4112 autem
1042 4074 1166 4115 cum
1206 4059 1367 4125 dixit,
1400 4060 1579 4121 amnia
1610 4062 1829 4119 locutus
1868 4072 1953 4121 est

363 4144 529 4206 (lictis
559 4147 922 4216 praesentibus
958 4167 971 4200 :
1000 4167 1021 4199 ι
1052 4147 1316 4206 Sanctum
1346 4158 1436 4209 est.
1474 4153 1740 4222 templum
1772 4163 1948 4218 tuum,

363 4239 615 4299 mirabile
648 4239 699 4297 in
724 4239 958 4315 iustitia.
994 4261 1013 4293 ι
1051 4239 1205 4299 Sicut
1233 4243 1379 4298 enim
1427 4245 1774 4308 sensibilium
1814 4256 1951 4304 tem-

361 4329 578 4401 plorum
633 4338 917 4387 structura
948 4334 1023 4387 .in
1069 4335 1433 4403 admiratione
1477 4337 1799 4409 plerumque
1832 4347 1947 4402 est,

361 4421 511 4498 quod
542 4436 605 4481 ea
634 4423 884 4497 studiosa
917 4424 1178 4479 varietate
1218 4426 1561 4491 exaediﬁcata
1595 4429 1738 4496 sint;
1783 4443 1953 4493 aurea.

360 4515 560 4585 quippe
592 4522 739 4570 tecta
788 4525 842 4570 et
872 4516 1194 4585 anaglyphis
1229 4526 1425 4599 ornata
1462 4522 1797 4576 concinnant
1838 4521 1949 4577 ele-

359 4608 557 4679 gantiae
594 4608 900 4672 studentes,
929 4607 1200 4667 columnis
1226 4619 1393 4679 atque
1413 4612 1785 4673 marmoribus
1812 4613 1946 4668 aedi-

362 4699 484 4755 licia
539 4701 1072 4759 cxornantwadem
1127 4702 1290 4758 modo
1332 4703 1594 4773 templum
1652 4703 1749 4760 Dei
1800 4705 1949 4774 quod

333 4802 621 4859 ,sanctum
661 4801 746 4849 est
777 4792 855 4864 (et
904 4793 1011 4849 hoc
1050 4808 1184 4851 sane
1225 4795 1327 4869 ipsi
1360 4796 1597 4872 primum
1642 4798 1949 4867 etquidem

185 4904 203 4911 -
294 4936 299 4939 ,
359 4881 793 4953 pulcherrimum
824 4883 1034 4941 bonum
1075 4884 1280 4954 adest),
1315 4893 1548 4941 externo
1596 4896 1795 4942 ornatu
1836 4887 1948 4941 cir-

360 4971 704 5047 cumfulget,
754 4973 1013 5030 videlicet
1069 4976 1336 5044 sapientia
1388 4977 1483 5031 illa
1533 4974 1625 5033 Dei
1681 4977 1947 5037 varietate

357 5067 644 5129 distincta,
685 5064 903 5134 justitia
950 5074 1004 5122 et
1061 5066 1292 5136 reliquis
1346 5066 1664 5131 virtutibus,
1710 5066 1954 5137 Spiritus

358 5159 488 5224 item
537 5158 714 5214 sancti
746 5158 911 5216 donis
935 5160 1085 5215 varie
1120 5159 1480 5225 illustratum,
1530 5160 1604 5213 ita
1653 5167 1715 5213 ut
1741 5161 1796 5214 in
1831 5168 1949 5215 stu-

360 5265 548 5321 porem
602 5258 657 5304 ct
710 5248 1128 5315 admirationem
1186 5264 1247 5304 se
1292 5250 1729 5319 contemplantes
1779 5248 1951 5317 conji-

359 5342 490 5403 ciat.
533 5338 902 5407 Quamobrem
933 5325 1024 5411 qui
1067 5351 1127 5395 ut
1169 5341 1224 5395 in
1254 5356 1322 5395 eo
1362 5340 1527 5396 sedes
1567 5340 1831 5395 baberent
1861 5341 1944 5396 di-

358 5434 449 5505 gni
480 5434 652 5493 habiti
697 5440 848 5496 sunt,
882 5433 987 5490 laeti
1021 5433 1212 5487 dicunt
1242 5452 1253 5487 :
1291 5452 1311 5485 ι
1345 5431 1701 5504 Replebimur
1749 5434 1805 5489 in
1850 5434 1945 5489 lao-

361 5526 451 5583 nis
502 5524 706 5585 domus
758 5533 867 5579 tuae
911 5542 925 5578 :
972 5532 1228 5579 sanctqu
1291 5533 1376 5583 est
1426 5524 1689 5595 templum
1748 5534 1941 5590 tuum,

361 5614 609 5677 mirabile
657 5615 711 5670 in
758 5614 995 5686 justitia.
1032 5637 1048 5667 ι
1087 5614 1361 5672 Observes
1404 5631 1567 5687 porro
1621 5616 1781 5671 velim
1832 5617 1944 5672 haec

434 5773 477 5813 υ
518 5770 698 5831 lTim.
735 5788 817 5837 ιιι,
854 5774 934 5827 l3.
1012 5774 1055 5810 "
1092 5771 1112 5835 ι
1146 5773 1271 5829 Cor.
1299 5789 1395 5837 xu,
1429 5774 1480 5838 8,
1515 5773 1566 5827 9.

2056 3336 2134 3373 νει
2175 3320 2483 3373 διδάσκουσι
2517 3320 2805 3390 λέγοντες·
2848 3340 2868 3373 ι
2901 3322 3093 3390 ’Ἄγιος
3130 3324 3159 3375 6
3194 3323 3322 3387 ναός
3351 3340 3468 3389 σου,
3508 3323 3641 3378 θαυ-

2059 3412 2260 3481 μαστὸς
2297 3414 2354 3465 ὲν
2401 3413 2733 3485 δικαιοσύνῃ.
2761 3434 2779 3467 ι
2838 3407 3007 3478 θῦτος
3044 3414 3155 3486 γὰρ
3196 3411 3266 3487 ἦν
3305 3412 3513 3480 ὁόῐκος
3546 3417 3643 3471 τοῦ

2054 3503 2212 3566 θεοῦ,
2254 3504 2281 3556 6
2310 3505 2464 3573 ἆγιος
2511 3505 2679 3562 αὐτοῦ
2720 3507 2875 3572 νεώς.
2916 3508 3073 3563 Νεὼν
3105 3509 3162 3563 δὲ
3193 3510 3356 3563 ἄκουε
3383 3509 3479 3563 τοῦ
3505 3509 3642 3563 Θεοῦ

2055 3592 2209 3662 ἅγιον
2250 3596 2311 3648 ού
2342 3594 2535 3666 τοίχων
2564 3596 2659 3649 καὶ
2690 3598 2903 3669 ὀρόφων
2937 3599 3361 3671 οἰκοδομήματα,
3391 3601 3525 3656 ἀλλὰ
3551 3601 3641 3655 τὸν

2054 3686 2118 3738 ἐκ
2177 3685 2363 3756 ψυχῶν
2403 3687 2675 3742 ἐκλεκτῶν
2724 3690 3036 3746 συνεστῶτα
3073 3692 3195 3763 ἢδη.
3251 3692 3404 3746 Λίθοι
3444 3692 3642 3758 ζῶντες

2052 3778 2103 3830 οἰ
2133 3776 2299 3845 ἅγιοι,
2327 3779 2422 3832 καὶ
2455 3776 2602 3843 οἷκκ
2630 3784 3000 3852 πνευματικὸς
3033 3786 3115 3848 είς
3159 3785 3459 3856 ἱεράτευμα
3488 3785 3642 3853 ἅγιον

2050 3870 2112 3922 τὸ
2141 3868 2395 3940 σύστημα
2432 3870 2839 3927 τῶνθεοσεϐῶν
2872 3871 3010 3930 εἶναι
3053 3879 3083 3930 6
3128 3877 3273 3951 ίερδς
3322 3877 3642 3941 ’Λπόστολος

2053 3959 2290 4026 ἐδίδαξεν
2326 3962 2525 4017 εἰπών·
2566 3984 2584 4017 ι
2621 3965 2809 4035 Ὑμεῖς
2840 3967 2897 4021 δὲ
2926 3968 3126 4032 πάντες
3153 3965 3300 4032 οἶκος
3330 3969 3464 4021 Θεοῦ
3495 3971 3637 4032 ἔστε,

2050 4053 2144 4107 καὶ
2186 4053 2245 4106 τὸ
2273 4054 2500 4126 Πνεῦμα
2545 4055 2645 4125 τοῦ.
2677 4056 2817 4111 Θεοῦ
2859 4060 3009 4113 οἰκεῖ·
3038 4061 3098 4111 ὲν
3133 4060 3283 4129 ὑμῖν·
3330 4058 3384 4110 εῐ
3417 4076 3501 4122 τις
3548 4060 3637 4112 τὸν

2051 4142 2178 4202 ναὸν
2215 4144 2312 4199 τοῦ
2345 4145 2481 4205 Θεοῦ
2509 4146 2742 4221 φθείρει,
2777 4147 2973 4219 φθερεῖ
2998 4146 3186 4201 τοῦτον
3218 4150 3249 4200 6
3276 4148 3407 4212 Θεὸς
3428 4164 3441 4181 ·
3480 4153 3507 4204 6
3533 4151 3639 4221 γὰρ

2050 4234 2178 4298 ναὸς
2222 4235 2319 4288 τοῦ
2364 4235 2501 4291 Θεοῦ
2556 4236 2717 4305 ἅγιός
2765 4239 2939 4300 ἔστιν,
2980 4238 3178 4300 οἵτινές
3225 4239 3347 4291 ἐστε
3394 4240 3567 4309 ὑμεῖς.
3616 4258 3633 4290 ι

2051 4324 2222 4379 Τοῦτο
2258 4326 2317 4380 δὲ
2358 4327 2561 4393 εἰπὼν,
2602 4326 2817 4399 συνῳδὰ
2862 4326 2941 4399 τῷ
2977 4328 3119 4398 μετὰ
3159 4333 3347 4399 χεῖρας
3392 4330 3638 4384 ἐδίδασκε

2049 4415 2193 4489 λόγῳ
2226 4415 2536 4486 -φάσκοντιο
2573 4436 2594 4470 ι
2627 4418 2816 4485 Ἄγιος
2862 4420 2892 4472 6
2924 4419 3051 4483 ναός
3075 4430 3193 4484 σου,
3236 4420 3545 4492 θαυμαστὸς
3581 4424 3639 4475 ὲν

2054 4507 2388 4579 δικαιοσύνῃ.
2429 4528 2448 4560 ι
2500 4510 2590 4571 Ὠς
2616 4509 2726 4581 γάρ
2748 4510 2857 4563 τῶν
2884 4510 3158 4583 αἰσθητῶν
3183 4513 3327 4567 ναῶν
3367 4514 3637 4585 θαυμάζε-

2052 4616 2146 4653 ται
2175 4600 2435 4664 πολλάκις
2468 4602 2501 4671 ἠ
2526 4602 2837 4673 κατασκευὴ
2864 4602 2951 4658 διὰ
2976 4603 3262 4672 φιλοκάλου
3294 4606 3638 4673 πολυτελείας

2054 4694 2322 4766 γενομένη
2339 4710 2351 4725 ⁶
2379 4695 2693 4765 χρυσόροφα
2719 4696 2848 4763 γοῦν
2870 4699 2961 4751 καὶ
2987 4697 3256 4767 διάγλυφα
3276 4699 3634 4763 τεκταίνουσι,

2061 4785 2501 4855 φιλοκαλοῦντες,
2549 4787 2650 4860 ὕλῃ
2692 4804 2753 4840 τε
2798 4790 2991 4845 κιόνων
3039 4792 3132 4843 καὶ
3191 4792 3496 4862 μαρμάρων
3540 4807 3638 4843 κα-

2053 4878 2392 4951 τακοσμοῦσι
2430 4880 2532 4944 τὰς
2574 4881 2897 4952 οἰκοδομάς·
2944 4883 3035 4935 τὸν
3064 4883 3226 4937 αὐτὸν
3256 4883 3453 4953 τρόπον
3488 4884 3517 4935 6
3542 4881 3636 4935 τοῦ

2053 4969 2186 5023 Θεοῦ
2232 4968 2367 5033 νεὼς
2417 4970 2573 5040 ἅγιος
2605 4971 2702 5036 ὢν,
2755 4975 2851 5027 καὶ¹
2895 4973 3054 5027 τοῦτο
3101 4972 3317 5045 πρῶτον
3354 4972 3635 5027 κάλλιστον

2054 5061 2259 5129 ἀγαθὸν
2280 5063 2638 5133 κεκτημένος,
2661 5063 2751 5117 τὸν
2774 5064 2973 5127 ἔξωθεν
2999 5062 3385 5134 περιϐέϐληται
3412 5063 3631 5133 κόσμον,

2053 5154 2422 5225 πολυποικίλῳ
2467 5155 2628 5227 σοφίᾳ
2677 5154 2848 5220 Θεοῦ,
2905 5154 3218 5226 δικαιοσύνῃ
3268 5172 3325 5208 τε
3379 5157 3473 5207 καὶ
3517 5157 3636 5217 ταῖς

2050 5244 2262 5308 λοιπαῖς
2312 5246 2559 5317 ἀρεταῖς,
2595 5232 2707 5308 τοῖς
2752 5262 2809 5298 τε
2847 5244 2942 5299 τοῦ
2983 5244 3138 5313 ἁγίου
3188 5244 3502 5315 Πνεύματος
3538 5261 3645 5315 χαι

2055 5338 2280 5411 ρίσμασι
2323 5338 2780 5409 πεποικιλμένος,
2837 5340 2912 5402 ὡς
2942 5338 3202 5410 ἔκπληξιν
3252 5339 3498 5408 ἐμποιεῖν
3541 5336 3629 5390 καὶ

2052 5431 2239 5503 θαῦμα
2266 5431 2525 5503 παρέχειν
2554 5434 2666 5493 τοῖς
2691 5431 2910 5501 ὁρῶσιν.
2948 5430 3110 5483 Ὅθεν
3142 5430 3191 5482 οἱ
3220 5425 3633 5497 καταξιούμενοι

2049 5523 2153 5593 τῆς
2177 5525 2234 5577 ἐν
2264 5523 2413 5593 αὐτῷ
2440 5508 2726 5593 διατριϐῆς
2761 5522 3042 5592 χαίροντές
3073 5538 3203 5588 φασι
3222 5538 3235 5550 ·
3274 5542 3290 5570 ι
3320 5516 3623 5590 Πλησθησό-

2057 5615 2196 5686 μεθα
2242 5617 2301 5668 ἐν
2344 5617 2454 5678 τοῖς
2506 5614 2732 5681 ἀγαθοῖς
2771 5614 2863 5667 τοῦ
2904 5615 3053 5668 οἴκου
3100 5629 3220 5666 σοιν
3258 5610 3409 5681 ἅγιος
3447 5614 3476 5665 6
3507 5609 3637 5672 ναός

1648 5776 1691 5806 ²ῖ
1727 5774 1742 5827 1
1772 5774 1899 5829 Cor.
1946 5788 2029 5838 ιιι,
2074 5772 2163 5838 l6,
2199 5772 2278 5834 Ιῖ.
