4090 6384
418 385 518 440 635

1533 371 2038 430 COMMENTARIA
2076 367 2142 422 IN
2182 343 2522 422 PSALMOS.

3565 367 3668 422 634

419 514 532 558 σου,
555 491 861 563 Θαυμαστὸς
883 491 940 543 ἐν
968 485 1299 558 δικαιοσύνῃ.
1317 506 1333 537 ι
1365 486 1533 556 Τήρει
1559 484 1613 536 δὲ
1642 485 1789 543 ὅπως
1820 479 1990 533 ταῦτα

2108 477 2318 534 Dat-ldis
2367 487 2610 547 tempore
2647 477 3029 547 dictatuisze,
3087 493 3196 546 quo
3244 480 3502 553 templum
3537 481 3668 547 illud

419 585 557 640 κατὰ
605 586 729 645 τοὺς
763 582 990 650 χρόνους
1034 578 1250 646 ἐλέγετο
1289 575 1383 629 τοῦ
1429 574 1618 639 Δαυῖδ,
1656 574 1778 626 καθ’
1828 571 1921 634 οὓς
1965 573 1993 623 6

419 675 676 744 αἰσθητὸς
708 673 809 725 ὐ;;ὸ
827 669 1135 739 Σολομῶνος
1164 667 1373 720 οὐδέπω
1401 664 1806 718 κατεσκεύαστο
1835 660 1988 723 νεώς·

387 744 720 826 ’δεικνύντος
766 763 1010 832 ἐναργῶς
1041 759 1133 812 τοῦ
1183 759 1363 825 λόγου,
1413 759 1494 810 ὅτι
1532 758 1560 808 6
1611 753 1826 825 ἀληθῶς
1872 753 1996 814 ναὸς

415 859 509 911 τοῦ
540 857 674 912 Θεοῦ
716 857 813 924 οὐχ
842 858 869 906 6
909 857 971 906 ἐκ
997 853 1158 904 λίθων
1192 851 1414 921 ἀψύχων
1453 848 1870 919 ᾠκοδομημένος
1906 842 1992 915 ἦν,

418 950 531 1003 ἀλλ’
561 953 588 1002 6
614 947 894 1008 ἀποδοθεὶς
929 949 1060 1015 ἡμῖν
1095 944 1235 996 κατά
1265 943 1362 1011 τὴν
1393 940 1754 1010 ἀποστολικὴν
1792 955 1998 1009 μαρτυ-

421 1039 560 1109 ρίαν.
627 1037 735 1088 Καὶ
776 1034 949 1093 ἄλλως
1000 1034 1055 1085 δὲ
1104 1031 1224 1086 καθ’
1265 1031 1456 1100 ἑτέραν
1512 1028 1756 1098 ἐκδοχὴν,
1809 1025 1996 1095 ἐπειδὴ

420 1129 671 1198 ἀνωτέρω
699 1126 1042 1197 ἐμακάρισαν
1066 1125 1156 1176 τὸν
1188 1123 1480 1189 ἐκλεγέντα
1505 1121 1600 1174 καὶ
1625 1118 1998 1189 ἀναληφθέντα

420 1220 522 1272 ὐπὸ
558 1219 651 1271 τοῦ
685 1217 820 1270 Θεοῦ
842 1257 856 1279 ,
904 1214 1305 1283 κατοικήσαντά
1337 1231 1396 1266 τε
1429 1213 1527 1283 ἤδη
1567 1215 1624 1264 ἐν
1659 1214 1778 1274 ταῖς
1812 1210 1998 1271 αὐλαῖς

419 1309 583 1361 αὐτοῦ
629 1311 749 1371 ταῖς
805 1305 1181 1376 ἐπουρανίοις,
1240 1304 1462 1364 εἰκότως
1514 1303 1608 1355 καὶ
1667 1301 1821 1355 αὐτοὶ
1864 1301 1998 1361 τέως

421 1401 675 1472 μένοντες
706 1400 914 1471 κλητοὶ,
947 1399 1228 1468 εὐχόμενοι
1257 1396 1312 1448 δέ
1339 1396 1584 1449 ἐκλεκτοὶ
1614 1395 1868 1463 γενέσθαι
1904 1393 2000 1445 καὶ

418 1489 524 1541 τῶν
549 1489 726 1542 αὐτῶν
753 1489 1088 1558 ἐπουρανίων
1117 1486 1292 1556 μονῶν
1321 1485 1746 1554 καταξιωθῆναι,
1783 1483 2001 1545 ἐλπίδας

419 1581 628 1649 ἀγαθὰς
672 1582 886 1642 ἑαυτοῖς
943 1579 1382 1652 ὑπογράφουσιν,
1432 1578 1763 1640 ἱκετεύοντες
1819 1577 2002 1644 τυχεῖν

417 1673 508 1724 τοῦ
532 1671 695 1724 αὐτοῦ
720 1671 1039 1742 ἐπουρανίου
1070 1672 1218 1724 οἴκου
1247 1672 1342 1722 καὶ
1361 1669 1469 1721 τῶν
1495 1671 1553 1720 ἐν
1573 1669 1722 1739 αὐτῷ
1755 1667 1998 1736 ἀγαθῶν.

417 1759 533 1816 Εἶθ’
563 1764 638 1826 ὡς
696 1763 1077 1833 μεμαθηκότες
1113 1763 1292 1824 ὁποῖός
1323 1766 1468 1814 ἐστιν
1501 1763 1528 1814 6
1557 1763 1877 1833 ἐπουράνιος
1907 1761 2000 1813 τοῦ

418 1853 554 1906 Θεοῦ
594 1849 761 1916 οἶκος,
799 1854 1162 1923 ἐρμηνεύουσι
1195 1853 1292 1922 τὴν
1330 1853 1529 1924 ἀρετὴν
1565 1853 1727 1905 αὐτοῦ
1768 1853 2002 1920 φάσκον-

417 1956 508 2001 τες
529 1957 540 1968 ·
589 1940 810 2006 ι”Αγιος
842 1941 869 1991 6
905 1941 1029 2003 ναός
1055 1958 1170 2003 σου,
1198 1941 1506 2010 Θαυμαστὸς
1536 1943 1592 1993 ἐν
1623 1941 1994 2012 δικαιοσύνῃ.»

417 2029 560 2091 Ναὸς
600 2029 656 2080 δέ
697 2022 1019 2100 ἐπουράνιος
1059 2032 1154 2085 καὶ
1196 2033 1412 2102 ἀληθῶς
1448 2034 1667 2097 ἐπάξιος
1709 2029 1802 2086 τοῦ
1841 2034 1998 2094 Θεοῦ,

419 2120 477 2172 ἐν
580 2120 850 2173 κατοικῶν
889 2124 1184 2174 ἐπινοεῖται
1229 2124 1257 2174 6
1300 2123 1406 2174 τῶν
1447 2124 1584 2176 ὅλων
1619 2124 1780 2188 Θεὸς,
1815 2125 1899 2187 τίς
1929 2123 2001 2177 ἂν

417 2210 644 2278 γένοιτο,
681 2212 714 2281 ἢ
747 2214 774 2264 6
811 2213 1102 2284 μονογενὴς
1134 2212 1297 2266 αὐτοῦ
1330 2213 1521 2281 Λόγος,
1549 2215 1628 2276 είς
1657 2215 1714 2268 ὃν
1734 2201 2001 2284 ἐύδόκησε

418 2302 528 2353 πᾶν
575 2301 635 2353 τὸ
672 2303 1089 2378 πλήρωμαντῆς
1130 2304 1380 2374 θεότητος
1421 2306 1779 2374 κατοικῆσαι;
1835 2300 2003 2368 υῦτος

417 2385 508 2444 οῦν
540 2392 756 2461 ἀληθῶς
791 2393 1099 2463 θαυμαστός
1143 2396 1291 2446 ἐστιν
1329 2396 1386 2448 ἐν
1414 2395 1728 2465 δικαιοσύνῃ
1754 2412 1766 2424 ·
1815 2396 2002 2464 ἐπειδὴ

417 2483 636 2552 γέγονεν
670 2488 798 2555 ἡμῖν
829 2487 994 2550 αὐτὸς
1035 2489 1195 2556 σοφία
1223 2489 1330 2556 ἀπὸ
1361 2487 1452 2541 τοῦ
1481 2487 1638 2552 Θεοῦ,
1687 2487 1999 2558 δικαιοσύνη

415 2589 475 2626 τε
508 2575 600 2627 καὶ
637 2577 908 2646 ἁγιασμὸς
937 2580 1030 2632 καὶ
1062 2580 1459 2650 ἀπολύτρωσις.

492 2687 510 2717 ι
535 2667 866 2721 Ἐπάκουσον
897 2669 1072 2738 ἡμῶν,
1108 2673 1133 2722 6
1159 2671 1288 2733 Θεὸς
1320 2674 1347 2722 6
1373 2671 1564 2741 Σωτὴρ
1589 2671 1767 2740 ἡμῶν,
1795 2674 1826 2740 ἡ
1854 2671 2008 2733 ἐλπὶς

419 2757 636 2813 πάντων
664 2759 773 2813 τῶν
805 2761 1055 2829 περάτων
1098 2762 1196 2830 τῆς
1225 2763 1349 2829 γῆς,
1401 2761 1630 2814 καὶτῶν
1670 2764 1728 2813 ἐν
1760 2761 2006 2834 θαλάσσῃ

422 2849 659 2920 μακράν.
701 2869 719 2900 ι
795 2850 850 2902 Ὀ
915 2851 1013 2920 μὲν
1068 2851 1136 2920 δὴ
1174 2851 1566 2922 ἐκλελεγμένος
1613 2854 1717 2905 ὐπὸ
1767 2853 1858 2906 σοῦ
1914 2856 2008 2907 καὶ

419 2938 750 3008 ἀναληφθεὶς
778 2942 856 3002 είς
881 2941 969 2991 τὸν
995 2942 1317 3010 ἐπουράνιον
1347 2942 1472 2995 ναὸν
1498 2944 1766 3014 μακάριος
1795 2945 2008 3013 ἀληθῶς

419 3030 512 3082 καὶ
556 3032 950 3100 τρισμακάριος
970 3048 981 3060 ·
1010 3034 1172 3100 ἡμεῖς
1200 3033 1255 3084 δὲ
1279 3034 1334 3084 ἐν
1356 3035 1707 3102 ἐπαγγελίαις
1723 3036 1874 3100 ὅντες
1900 3038 2009 3089 τῶν

2095 571 2356 626 sensibile
2406 586 2436 623 a
2479 570 2772 625 Salomone
2811 569 3056 622 nondum
3109 571 3407 624 excitatum
3453 571 3668 626 fuerat:

2096 661 2284 729 sicque
2317 660 2468 717 clare
2497 660 2750 721 docetur,
2794 675 2982 714 verum
3024 659 3116 712 Dei
3145 662 3432 728 templum,
3464 678 3572 715 non
3602 663 3671 716 il-

2096 752 2186 805 lud
2250 766 2372 805 esse
2418 751 2658 820 quodex
2713 753 3030 806 iuanimatis
3073 752 3349 822 lapidibus
3401 763 3671 808 structum

2096 849 2244 905 erat,
2280 844 2373 896 sed
2405 842 2551 908 quod
2583 858 2648 896 ex
2691 843 3000 912 apostolico
3033 843 3350 896 testimonio
3375 844 3677 913 designavi-

2099 947 2242 987 mus.
2280 932 2593 988 Secundum
2626 933 2791 985 aliam
2824 948 2954 987 vero
2983 933 3519 1000 interpretationem,
3548 936 3677 1002 quia

2098 1026 2330 1077 electum
2375 1034 2428 1077 et
2460 1033 2803 1091 assumptum
2839 1039 2868 1077 a
2911 1023 3042 1086 Deo,
3079 1024 3170 1092 qui
3201 1023 3312 1091 jam
3342 1026 3393 1077 in
3439 1025 3680 1077 coelesti-

2100 1114 2204 1168 bus
2231 1114 2352 1182 ejus
2376 1114 2531 1167 atriis
2553 1113 2786 1174 habitat,
2819 1113 3037 1167 beatum
3063 1115 3530 1183 praedicaverunt;
3557 1114 3681 1181 jure

2101 1210 2152 1256 et
2175 1203 2279 1271 ipsi
2311 1202 2408 1271 qui
2437 1201 2618 1255 vocati
2666 1211 3010 1269 permanent,
3048 1211 3212 1271 atque
3250 1203 3411 1256 electi
3441 1217 3586 1264 esse,
3627 1211 3683 1256 et

2101 1293 2419 1347 caslestihus
2469 1292 2856 1346 mansionibus
2899 1291 3091 1346 donari
3130 1301 3440 1362 peroptant,
3480 1294 3680 1346 bonam

2102 1383 2212 1437 sibi
2266 1399 2416 1452 spem
2468 1383 2778 1448 ascribunt,
2817 1383 3066 1437 eamdem
3120 1384 3344 1436 domum
3403 1384 3682 1437 caelestem

2103 1475 2330 1543 ejusque
2382 1476 2522 1529 bona
2573 1477 2839 1544 consequi
2888 1483 3168 1544 rogantes.
3219 1474 3444 1538 Deinde,
3496 1483 3686 1542 utpote

2103 1565 2196 1634 qui
2239 1565 2564 1620 edidicerint
2601 1568 2781 1635 qualis
2814 1567 2907 1620 illa
2942 1567 3184 1620 cwlestis
3218 1565 3311 1619 Dei
3351 1567 3546 1619 domus
3591 1566 3683 1627 sTt,

2103 1656 2228 1722 ejus
2261 1657 2533 1711 virtutem-
2573 1665 2695 1726 post
2741 1657 3018 1726 explicant
3052 1657 3340 1711 dicentes:
3373 1675 3390 1704 ο
3425 1657 3685 1709 Sam-tum

2105 1755 2189 1801 est
2218 1748 2478 1816 templum
2509 1756 2688 1818 tuum,
2717 1748 2970 1804 mirabile
3001 1747 3052 1800 in
3084 1747 3321 1815 justitia.
3357 1765 3375 1797 ι
3403 1746 3686 1815 Templum

2106 1848 2285 1892 autem
2323 1840 2545 1894 ('teleste
2571 1854 2635 1892 ac
2663 1854 2790 1892 vere
2818 1837 2930 1892 Deo
2948 1838 3174 1906 dignum
3210 1840 3264 1890 in
3300 1853 3412 1906 quo
3441 1838 3689 1891 habitare

2104 1930 2488 1984 universorum
2539 1929 2685 1984 Deus
2735 1929 3084 1997 intelligitur,
3137 1929 3273 1998 quid
3319 1929 3466 1982 aliud
3501 1927 3686 1992 fuerit,

2103 2030 2267 2083 quam
2323 2014 2667 2083 unigenitum
2719 2014 2842 2082 ejus
2882 2011 3146 2077 Verbum,
3181 2013 3233 2065 in
3280 2028 3388 2081 quo
3425 2012 3690 2082 placitum

2103 2106 2188 2152 est
2217 2115 2434 2152 omnem
2477 2101 2878 2168 plenitudinem
2923 2099 3140 2154 deitatis
3186 2100 3532 2154 inhabitare?
3578 2099 3691 2153 Hoc

2105 2191 2290 2260 itaque
2319 2207 2447 2246 vere
2501 2192 2755 2248 mirabile
2804 2201 2890 2247 est
2924 2193 2977 2244 in
3011 2191 3265 2258 justitia;
3316 2187 3688 2259 ulpotequod

2105 2280 2308 2334 factum
2345 2282 2414 2335 sit
2441 2283 2911 2353 nobissapientia
2950 2300 2979 2338 a
3009 2284 3141 2347 Deo,
3164 2281 3404 2352 jusdtia,
3449 2277 3693 2338 sanctiﬁ-

2105 2373 2250 2426 catio
2281 2380 2332 2428 et
2367 2374 2692 2444 redemptio.

2185 2683 2206 2714 ι
2225 2662 2431 2718 Exaudi
2459 2679 2580 2726 nos,
2609 2663 2749 2718 Deus
2780 2662 3032 2718 Salvator
3059 2674 3266 2731 noster,
3303 2680 3427 2735 spes
3451 2668 3692 2722 omnium

2111 2753 2304 2806 ﬁnium
2338 2764 2517 2816 terrae,
2568 2761 2622 2806 et
2653 2769 2842 2807 eorum
2886 2756 2980 2823 qui
3014 2755 3067 2808 in
3107 2756 3243 2808 mari
3292 2765 3422 2810 sunt
3460 2757 3636 2830 longe.
3669 2777 3688 2809 ι

2110 2844 2212 2910 Qui
2244 2845 2340 2898 abs
2371 2853 2421 2898 te
2451 2844 2680 2905 electus,
2715 2851 2768 2897 et
2803 2845 2854 2896 in
2893 2845 3120 2898 cmleste
3148 2845 3279 2897 illud
3317 2846 3578 2914 templum
3603 2861 3696 2900 as-

2112 2943 2365 3004 sumptus
2393 2943 2498 2998 est,
2533 2949 2662 2990 vere
2696 2934 2891 2988 beatus
2921 2947 2976 2989 et
3005 2943 3088 2989 ter
3113 2937 3307 2991 beatus
3336 2954 3348 2989 :
3383 2952 3485 2990 nos
3514 2944 3695 2992 autem

2112 3021 2202 3097 qui
2240 3028 2292 3079 in
2325 3025 2710 3096 praedictorum
2758 3025 3024 3080 bonorum
3056 3028 3518 3096 promissionibus
3549 3038 3602 3081 et
3641 3030 3694 3082 in

419 3120 817 3190 προλεχθέντων
831 3122 1067 3190 ἀγαθῶν,
1085 3123 1262 3176 ἐλπίσι
1280 3141 1339 3176 τε
1355 3125 1453 3194 ἀνη
1463 3142 1562 3195 ρτη
1571 3126 1742 3195 μένοι,
1759 3128 1859 3197 ἤδη
1883 3129 2004 3180 ποτὲ

2117 3135 2212 3188 spe
2256 3134 2564 3180 versamur,
2591 3119 2702 3186 jam
2748 3119 2862 3172 haec
2902 3120 3028 3188 ipsa
3073 3122 3336 3188 consequi
3368 3136 3694 3189 precamur:

419 3210 623 3264 τούτων
645 3216 825 3281 τυχεῖν
855 3214 1145 3285 εὐχόμεθα·
1168 3215 1246 3268 διὸ
1278 3217 1701 3288 παρακαλοῦμεν
1731 3219 2008 3287 λέγοντες’

423 3321 440 3351 ι
467 3303 798 3356 Ἐπάκουσον
831 3305 1008 3375 ἡμῶν,
1040 3309 1067 3360 6
1095 3306 1228 3370 Θεὸς
1250 3309 1276 3359 6
1307 3309 1460 3378 Σωτὴ
1469 3326 1499 3378 ρ
1519 3309 1696 3380 ἡμῶν·
1735 3331 1752 3361 ι
1776 3314 2014 3366 ἐπακού-

420 3413 516 3457 σας
527 3395 601 3458 δὲ,
624 3395 923 3467 μακαρίους
939 3397 1190 3465 γενέσθαι
1205 3399 1563 3464 καταξίωσον,
1580 3402 1673 3455 καὶ
1692 3405 1837 3472 ἡμᾶς
1854 3421 2016 3474 προσ-

417 3483 732 3552 λαϐόμενος,
752 3485 846 3536 καὶ
865 3485 1222 3556 ἐκλεξάμενος
1245 3489 1338 3541 καὶ
1353 3490 1671 3554 κατοικίσας
1698 3493 1755 3544 ἐν
1768 3497 1887 3556 ταῖς
1913 3496 2012 3548 αὐ-

417 3572 536 3652 λαῖς
569 3589 662 3624 σου
687 3591 698 3602 ·
739 3574 802 3626 ἵν’
834 3575 951 3626 ἐκεῖ
982 3576 1263 3646 γενόμενοι
1294 3578 1624 3650 πλησθῶμεν
1655 3582 1761 3634 τῶν
1795 3584 2014 3650 ἀγαθῶν

418 3663 512 3716 τοῦ
546 3665 694 3717 οἴκου
733 3681 848 3721 σου.
878 3666 1082 3734 Ἀγαθὰ
1111 3668 1166 3720 δὲ
1193 3669 1287 3720 τοῦ
1311 3670 1634 3740 ἐπουρανίου
1663 3673 1836 3736 οἴκου,
1853 3652 2017 3736 ὁποῖοί

418 3752 483 3806 ἄν
523 3771 603 3816 τις
636 3755 900 3822 νοήσειεν,
942 3755 974 3825 ἢ
1008 3749 1095 3807 οἷα
1138 3758 1166 3808 6
1196 3756 1334 3819 θεῖος
1350 3759 1672 3822 Ἀπόστολος
1718 3760 2012 3832 διέγραψεν

420 3843 616 3896 εἰπών·
654 3864 668 3893 ι
702 3846 767 3896 "A
800 3844 1076 3914 όςιεθαλμὸς
1110 3846 1209 3898 οὐκ
1236 3844 1395 3913 εἶδεν,
1429 3849 1522 3900 καὶ
1549 3845 1639 3910 οὖς
1667 3851 1765 3902 οὐκ
1789 3853 2006 3921 ἤκουσε,

421 3935 515 3987 καὶ
559 3936 651 3988 ἐπὶ
697 3936 924 4007 καρδίαν
963 3937 1253 4008 ἀνθρώπου
1298 3940 1397 3992 οὐκ
1425 3942 1612 4012 ἀνέϐη,
1647 3943 1682 3995 ἀ
1710 3945 2006 4014 ἡτοίμασεν

420 4026 600 4089 ὸΘεὸς
643 4030 755 4088 τοῖς
796 4027 1084 4094 ἀγαπῶσιν
1137 4030 1332 4095 αὐτόν;
1367 4034 1393 4081 ι’
1455 4033 1790 4088 Ἐπάκουσον
1830 4035 2006 4091 τοίνυν

421 4116 610 4187 ήμῶν,
648 4120 675 4169 6
709 4118 839 4181 Θεὸς
859 4121 886 4171 ὁ
913 4121 1104 4191 Σωτὴρ
1134 4120 1324 4191 ἡμῶν,
1367 4124 1459 4175 καὶ
1505 4125 1818 4188 ἐπακούσας
1875 4144 2004 4180 κατ-

419 4205 647 4270 αξίωσον
708 4208 800 4260 καὶ
864 4211 1013 4280 ἡμᾶς
1069 4212 1177 4263 τῶν
1229 4213 1449 4280 ἀγαθῶν
1533 4216 1628 4269 τοῦ
1687 4217 1835 4270 οἴκου
1893 4236 2005 4273 σου.

421 4297 602 4350 Ταῦτα
646 4299 987 4354 διδάσκονται
1049 4302 1230 4370 λέγειν
1276 4307 1322 4357 οί
1370 4307 1535 4360 πάλαι
1581 4308 1734 4372 ὄντες
1785 4311 2007 4380 σάρκες,

418 4391 517 4459 τῆς
565 4391 621 4443 δέ
674 4391 766 4445 τοῦ
817 4393 950 4448 Θεοῦ
1007 4395 1251 4466 κλήσεως
1292 4398 1712 4469 κατηξιωμένοι.
1781 4402 2006 4457 Ἐπικα-

2119 3225 2290 3278 quare
2315 3210 2398 3264 his
2423 3209 2605 3264 verbis
2633 3224 2924 3277 rogamus:
2966 3230 2984 3260 ι
3019 3208 3228 3267 Exaudi
3251 3227 3373 3270 nos,
3405 3211 3549 3266 Deus
3579 3211 3701 3265 Sal-

2116 3311 2274 3355 vator
2308 3308 2498 3355 noster
2534 3319 2547 3354 :
2585 3319 2610 3350 )
2640 3308 2932 3369 postquam
2982 3309 3164 3355 autem
3193 3302 3524 3368 exaudieris,
3563 3319 3699 3358 eon-

2117 3393 2252 3448 cede
2277 3382 2440 3446 etiam
2465 3392 2626 3446 nobis
2658 3399 2716 3444 ut
2752 3392 2890 3446 beati
2924 3391 3243 3454 elliciamur,
3277 3395 3368 3463 qui
3399 3409 3500 3448 nos
3539 3405 3698 3449 antea

2117 3495 2430 3556 assumptus
2466 3493 2521 3540 et
2549 3486 2756 3539 electos
2789 3485 3035 3540 habitare
3063 3487 3238 3540 fecisti
3272 3486 3324 3538 in
3355 3487 3511 3540 atriis
3545 3489 3694 3552 tuis;

2117 3588 2175 3632 ut
2206 3579 2276 3633 ibi
2308 3577 2595 3632 constituti
2624 3576 3138 3645 impleamuribonis
3160 3578 3357 3630 domus
3389 3583 3512 3630 tuae.
3551 3576 3697 3630 Bona

2116 3684 2249 3723 vero
2277 3668 2520 3724 etnlestis
2558 3666 2754 3720 domus
2784 3681 3034 3734 quanam
3084 3682 3204 3721 esse
3249 3667 3555 3736 putaveris,
3591 3666 3696 3721 nisi

2115 3775 2235 3830 quae
2266 3759 2560 3827 Apostolus
2593 3759 2690 3812 his
2737 3758 2919 3811 verbis
2961 3758 3256 3828 descripsit
3291 3777 3302 3811 :
3341 3776 3362 3808 ι
3399 3756 3532 3822 Qua:
3573 3772 3701 3811 ocu-

2118 3852 2202 3905 lus
2233 3867 2340 3904 non
2371 3850 2528 3913 vidit,
2564 3864 2666 3905 nec
2709 3850 2860 3904 auris
2893 3849 3122 3911 audivit,
3157 3866 3255 3904 nec
3289 3852 3342 3902 in
3381 3865 3478 3902 cor
3520 3849 3699 3901 homi-

2115 3943 2202 3996 nis
2265 3941 2542 4005 ascendit,
2593 3956 2716 4008 quae
2759 3941 3092 4009 praeparavit
3144 3940 3289 3994 Deus
3338 3940 3695 4008 diligentibus

2114 4048 2172 4087 se
2193 4033 2273 4084 '5?
2305 4053 2324 4083 ι
2358 4031 2568 4084 Exaudi
2613 4031 2798 4098 itaque
2826 4047 2948 4093 nos,
2997 4030 3142 4084 Dens
3193 4029 3444 4084 Salvator
3487 4037 3693 4092 noster,

2113 4131 2170 4180 et
2201 4134 2487 4193 postquam
2537 4123 2871 4184 exaudieris,
2921 4136 3024 4176 nos
3055 4122 3217 4176 bonis
3254 4120 3456 4174 domus
3477 4128 3584 4174 tuae
3622 4120 3698 4172 di-

2112 4229 2297 4285 gnare.
2337 4214 2460 4268 Haec
2486 4215 2669 4269 dicere
2711 4216 3037 4275 edocentur,
3082 4211 3175 4280 qui
3209 4226 3332 4264 cum
3385 4211 3515 4262 olim
3564 4225 3701 4263 caro

2112 4315 2317 4368 essent,
2352 4305 2446 4360 Dei
2489 4305 2786 4359 vocatione.
2820 4303 3008 4357 donati
3056 4307 3204 4355 sunt.
3238 4298 3558 4369 Opportune
3599 4315 3696 4351 au-

2112 4403 2226 4450 tem
2247 4397 2395 4450 hisce
2428 4395 2608 4450 verbis
2643 4395 3004 4447 Servatorem
3032 4392 3292 4445 invocant
3327 4405 3508 4453 suum,
3535 4403 3696 4458 quem
3720 4405 3738 4428 ι

419 4479 634 4534 λοῦνται
672 4483 727 4535 δὲ
763 4484 1035 4555 εὐκαίρως
1058 4474 1114 4537 ἐν
1144 4487 1354 4551 τούτοις
1385 4489 1474 4541 τὸν
1521 4491 1727 4545 ἑαυτῶν
1759 4492 2004 4564 Σωτῆρα,

2119 4486 2374 4555 superius
2420 4485 2867 4555 propitiatinnem
2918 4483 3351 4553 appellaverunt.
3391 4495 3516 4533 cum
3556 4478 3699 4532 dice-

421 4570 480 4624 6v
515 4573 607 4624 καὶ
635 4573 891 4645 ἀνωτέρω
933 4576 1160 4646 ἱλασμὸν
1208 4578 1498 4648 ὠνόμασαν
1530 4583 1772 4645 εἰπόντες
1792 4623 1812 4648 ,,
1864 4603 1882 4634 ι
1919 4585 2012 4637 καὶ

419 4661 521 4724 τὰς
561 4663 788 4733 ἀνομίας
816 4667 972 4736 ἡμῶν
1040 4669 1316 4741 σὺἸλάσῃ.
1362 4691 1380 4721 ι
1407 4673 1517 4725 Καὶ
1561 4673 1798 4727 ἐνταῦθα
1830 4675 1886 4727 δὲ
1922 4675 2011 4728 τὸν

420 4755 646 4826 Σωτῆρα
697 4758 729 4827 ἡ
771 4758 1033 4830 Ἐϐραῖκὴ
1092 4761 1280 4832 Γραφὴ
1328 4765 1536 4828 τούτοις
1584 4766 1854 4836 ἐγγράφει
1901 4771 2011 4830 τοῖς

421 4847 798 4918 χαρακτῆρσι,
843 4851 909 4902 δι’
941 4845 1016 4904 ὧν
1058 4853 1150 4904 καὶ
1185 4854 1214 4905 6
1256 4856 1526 4926 ἡμέτερος
1559 4857 1748 4928 Σωτὴρ
1801 4858 2006 4928 Ἰησοῦς

422 4938 710 5005 γράφεται.
774 4939 974 4994 Τοῦτον
1032 4942 1087 4994 δὲ
1145 4945 1307 4997 αὐτὸν
1356 4946 1447 4997 τὸν
1491 4948 1720 5019 Σωτῆρα
1771 4950 1864 5001 καὶ
1915 4950 2006 5003 τὸν

426 5026 669 5096 ἱλασμὸν,
709 5050 727 5078 ι
763 5030 952 5084 ἐλπίδα
982 5034 1197 5087 πάντων
1229 5035 1336 5087 τῶν
1370 5039 1618 5106 περάτων
1645 5040 1744 5108 τῆς
1777 5042 1879 5110 γῆς
1912 5042 2006 5094 καὶ

421 5118 529 5170 τῶν
572 5121 628 5172 ἐν
673 5119 916 5195 θαλάσσῃ
976 5125 1196 5196 μακρὰν
1236 5145 1260 5176 ι
1309 5126 1686 5196 ὀνομάζουσιν,
1748 5130 2008 5201 ἄντικρυς

423 5208 795 5279 παριστῶντες
841 5211 1010 5281 μηδὲν
1039 5213 1214 5268 ταῦτα
1256 5217 1391 5284 πρὸς
1440 5219 1761 5282 Ἰουδαίους·
1808 5221 1869 5272 οὐ
1899 5222 2012 5292 γὰρ

427 5299 606 5368 μόνοις
637 5299 819 5363 αὐτοῖς
841 5343 855 5362 ,
891 5303 1023 5354 πᾶσι
1052 5303 1108 5356 δὲ
1141 5307 1253 5368 τοῖς
1287 5307 1463 5360 ἔθνεσι
1505 5310 1604 5379 τὴν
1632 5309 1728 5362 τοῦ
1755 5311 2010 5382 Σωτῆρος

423 5388 581 5460 χάριν
622 5389 1086 5458 εὐαγγελίζεσθαι,
1124 5390 1204 5458 οἷς
1233 5397 1456 5468 γνώμην
1489 5400 1620 5452 Θεοῦ
1656 5404 1749 5454 καὶ
1781 5403 2009 5473 ἐπιστή-

427 5498 533 5549 μην
581 5480 951 5545 Οεσπίζουσιν·
1003 5484 1078 5548 ὡς
1128 5489 1324 5558 μηκέτι
1361 5490 1459 5554 τὰς
1499 5492 1720 5556 ἐλπίδας
1767 5495 2006 5565 ἀναρτᾷν

427 5572 519 5626 ἐπὶ
557 5573 683 5635 τοὺς
716 5573 881 5627 πάλαι
911 5575 1297 5648 νομιζομένους
1337 5583 1516 5639 αὐτῶν
1550 5583 1725 5650 θεοὺς,
1762 5586 1873 5639 ἀλλ’
1914 5587 2010 5640 ἐπὶ

498 5747 542 5775 ’⁸
576 5745 735 5804 lCnr.
768 5765 824 5812 ιι,
862 5750 912 5804 9.

2115 4588 2256 4643 rent,
2301 4599 2320 4630 ι
2348 4589 2402 4633 et
2441 4578 2824 4648 impietatibus
2870 4577 3080 4631 nostris
3127 4583 3184 4629 tu
3229 4571 3636 4644 propitiaberis.
3669 4588 3691 4621 ι

2113 4672 2213 4726 Hic
2253 4686 2468 4740 quoque
2514 4669 2793 4724 Hchraica
2841 4669 3125 4737 Scriptura
3176 4665 3513 4720 Salvatorem
3561 4660 3696 4732 ipsis

2111 4764 2528 4819 characteribus
2563 4761 2756 4825 effert,
2809 4763 2966 4830 queis
3017 4760 3268 4814 Salvator
3316 4768 3506 4810 noster
3533 4757 3698 4810 Jesus

2113 4859 2394 4913 scribitur.
2438 4857 2702 4911 Eumdem
2749 4870 2915 4924 porro
2951 4853 3296 4907 Servatorem
3340 4857 3394 4905 et
3427 4848 3694 4918 propitia-

2114 4948 2316 5002 tionem
2360 4949 2436 5002 ita
2470 4961 2688 5016 quoque
2719 4951 2942 5007 vocant,
2979 4963 2996 4994 ‹
3033 4941 3193 5012 Spem
3225 4941 3468 4994 omnium
3502 4938 3696 4992 [inium

2112 5051 2274 5097 terra:
2315 5048 2371 5094 ct
2415 5055 2601 5095 eorum
2634 5040 2729 5108 qui
2777 5039 2830 5090 in
2883 5036 3021 5089 mari
3077 5041 3208 5088 sunt
3251 5034 3430 5101 longe,
3463 5050 3480 5082 ι
3513 5030 3690 5098 palam

2113 5134 2456 5188 declarantes
2505 5132 2620 5185 hac
2655 5131 2790 5184 nihil
2826 5129 2892 5182 ad
2927 5127 3153 5182 Jrudmos.
3177 5127 3450 5195 pertinere
3475 5142 3488 5177 :
3517 5137 3698 5190 neque

2113 5226 2258 5280 enim
2309 5225 2444 5294 ipsis
2496 5230 2736 5282 tantum,
2787 5220 2882 5274 sed
2925 5220 3088 5272 etiam
3139 5216 3396 5269 omnibus
3439 5213 3695 5282 gentibus

2118 5316 2432 5371 Servatoris
2468 5315 2724 5382 gratiam,
2785 5319 2844 5364 ut
2885 5321 2942 5365 et
2994 5309 3242 5362 notitiam
3297 5306 3699 5372 scientiamque

2112 5406 2206 5461 Dei
2240 5403 2669 5460 annuntiandam
2705 5402 3096 5460 vaticinantur,
3135 5398 3204 5450 ita
3245 5403 3433 5449 utnon
3467 5395 3606 5448 ultra
3636 5395 3694 5454 in

2112 5497 2229 5551 suis
2260 5497 2398 5550 olim.
2418 5494 2632 5549 vocatis
2664 5494 2794 5555 diis,
2843 5491 2940 5546 sed
2967 5492 3021 5544 in
3051 5505 3117 5544 eo
3154 5489 3272 5543 solo
3303 5489 3394 5557 qui
3434 5485 3692 5540 Servatur

2110 5602 2300 5644 eorum
2340 5585 2581 5657 enectus
2628 5592 2733 5651 cst,
2778 5598 2929 5654 spem
2981 5588 3266 5652 reponant.
3324 5578 3694 5650 (Pt'mparalls
