4090 6434
381 393 487 449 555
1058 380 1324 444 EUSEBII
1362 354 1839 441 cEssmsnsns
1871 378 2022 436 opp.
2064 376 2246 433 mus
2284 375 2460 434 ιιι-
2495 376 2907 435 exsomnes.
3540 379 3642 437 esu

382 519 598 564 montes
649 508 703 560 in
758 505 958 562 virtute
1001 521 1121 566 sua.
1152 506 1434 561 accinctus
1483 505 1750 576 potentia.
1785 521 1803 554 ι
1856 500 1965 554 Pro

2080 498 2230 567 μόνον
2277 498 2370 554 τὸν
2414 500 2594 555 αὐτῶν
2629 501 2918 572 γενόμενον
2962 498 3207 573 Σωτῆρα.
3260 519 3279 553 ι
3311 499 3647 575 Ἐτοιμάζων

372 598 499 673 illo,
541 616 559 648 ι
593 612 907 667 praeparans
951 606 1186 660 montes,
1221 616 1238 648 ι
1279 597 1662 668 Symmachus.
1719 613 1737 645 ι
1776 593 1961 647 funda-

2080 591 2164 662 ipn
2198 594 2256 646 ἐν
2283 596 2355 664 τῇ
2383 593 2528 664 ἰσχύϊ
2555 594 2741 660 αὐτοῦ,
2762 580 3195 667 περιεζωσμένος
3222 596 3281 649 ἐν
3303 592 3640 664 δυναστείᾳΑ

382 691 453 743 sti
496 696 730 751 montes,
761 708 780 739 ι
833 688 1223 757 interpretatus
1260 695 1366 742 est.
1414 686 1513 741 Hic
1561 701 1723 755 porro
1775 685 1961 739 divina

2080 683 2223 737 Ἀντὶ
2256 684 2372 750 τοῦ,
2410 705 2427 737 ι
2460 683 2766 755 ἑτοιμάζων
2794 686 2917 758 ὅρη,
2944 686 3187 761 ἡδρασας
3220 686 3342 760 ὅρη,
3379 706 3397 740 ι
3444 686 3474 743 6
3504 686 3648 760 Σύμ-

379 780 450 836 de
485 780 776 835 Servatore
801 779 1051 833 doctrina
1083 778 1387 833 inducenda
1419 785 1524 833 est.
1562 775 1644 831 Tu
1674 775 1964 839 enim,‘|n-

2080 789 2241 847 μαχος
2274 778 2636 848 ήρμήνευσεν.
2678 776 2898 843 Ἐπάξει
2929 774 3039 834 δέὁ
3069 774 3226 848 λόγος
3254 781 3353 844 τὰς
3383 779 3512 853 περὶ
3551 778 3647 835 τοῦ

383 872 524 942 quit,
556 887 617 926 es
652 886 780 940 spes
810 869 1054 924 omnium
1097 869 1285 923 ﬁnium
1336 876 1518 934 terrae,
1553 868 1646 938 qui
1679 867 1881 923 ctJbaec
1911 874 1964 921 et

2080 865 2456 937 προλεχθέντος
2484 867 2734 938 Σωτῆρος
2766 865 3064 937 θεολογίας.
3097 866 3169 921 Σὺ
3202 867 3311 940 γὰρ
3341 865 3411 933 εἷ,
3456 869 3643 941 φησὶν,

356 963 476 1017 .illa
513 962 713 1016 virtute
762 968 853 1014 tua
905 975 1101 1031 magna
1150 959 1467 1015 condidisti.
1519 958 1702 1012 Primo
1743 958 1961 1027 quidem

2080 960 2287 1032 η’ἐλπὶς
2329 962 2548 1016 πάντων
2586 959 2694 1014 τῶν
2733 959 2985 1033 περάτων
3026 961 3129 1031 τῆς
3167 962 3271 1033 γῆς
3314 964 3344 1016 6
3377 963 3503 1017 τάδε
3552 966 3647 1017 καὶ

354 1038 360 1059 ⁷
386 1050 711 1122 praeparasti
740 1056 954 1104 montes
993 1050 1048 1102 in
1081 1049 1289 1105 virtute
1315 1049 1749 1110 tua,.accinctus
1775 1058 1963 1118 poten-

2080 1050 2193 1106 τάδε
2223 1054 2290 1123 τῇ
2328 1049 2525 1107 σαυτοῦ
2554 1052 2782 1123 δυνάμει
2805 1052 3272 1127 μεγαλουργὴσας.
3296 1055 3519 1126 Πρῶτον
3550 1056 3649 1126 μὲν

383 1142 499 1196 tia:
527 1139 723 1195 deinde
770 1140 1114 1194 conturbasti
1155 1139 1489 1209 profundum
1540 1140 1745 1202 maris,
1790 1147 1844 1194 et
1883 1153 1963 1193 so-

2080 1142 2366 1213 ἡτοίμασας
2391 1140 2491 1218 ὅρη
2518 1144 2576 1196 ἐν
2605 1144 2672 1213 τῇ
2709 1140 2851 1210 ἰσχύῖ
2883 1158 2976 1194 σου
3008 1142 3454 1215 περιζωσάμενος
3486 1145 3617 1198 δυνα

385 1247 517 1287 num
551 1231 814 1286 ﬂuctuum
846 1231 967 1301 ejus
998 1231 1262 1301 mitigasti
1289 1249 1303 1285 :
1333 1237 1523 1300 postea
1570 1246 1666 1300 per
1695 1231 1809 1286 hare
1840 1246 1967 1286 con-

2080 1231 2284 1285 ςτείαν·
2330 1226 2448 1287 εἶτα
2495 1232 2862 1304 συνετάραξας
2901 1232 2963 1286 τδ
3001 1231 3163 1297 κύτος
3208 1234 3308 1304 τῆς
3349 1233 3646 1306 θαλάσσης,

385 1318 867 1392 turbastirgentes.
900 1319 998 1375 His
1022 1335 1153 1375 vero
1183 1321 1355 1391 gestis
1390 1336 1643 1391 magnam
1676 1322 1966 1377 utilitatem

2080 1322 2163 1375 καὶ
2189 1321 2300 1375 τῶν
2328 1322 2586 1392 κυμάτων
2612 1323 2779 1394 αὐτῆς
2807 1323 2869 1377 τὸ
2895 1320 3027 1395 ἦχος
3060 1324 3338 1396 ἐπρὰὓνας
3355 1342 3369 1355 ο
3415 1322 3533 1379 εἶτα
3560 1326 3649 1379 διὰ

386 1422 752 1482 perceperunt
781 1412 873 1482 qui
921 1412 1170 1467 habitant
1198 1413 1485 1468 terminos.
1521 1410 1599 1467 Te
1642 1414 1844 1483 quippe
1876 1430 1969 1470 no-

2080 1413 2271 1467 τούτων
2322 1412 2589 1485 ἐτάραξας
2641 1413 2789 1485 ἔθνη.
2844 1414 3061 1469 Τούτων
3109 1414 3167 1469 δέ
3212 1416 3539 1488 γενομένων,
3580 1418 3652 1471 τὰ

387 1513 606 1571 verunt,
653 1513 709 1561 et
739 1506 1039 1561 timuerunt
1084 1521 1115 1559 a
1158 1506 1332 1576 signis
1371 1506 1504 1568 tuis,
1557 1505 1720 1559 itaut
1760 1505 1965 1559 nullam

2080 1500 2285 1571 μεγάλα
2336 1499 2694 1573 ὠφελήθησαν
2748 1502 2800 1555 οἱ
2853 1503 3235 1567 κατοικοῦντες
3286 1505 3357 1559 τά
3416 1505 3647 1578 πέρατα.

390 1596 622 1650 ulterius
650 1602 848 1665 praeter
881 1604 934 1651 te
964 1610 1116 1666 spem
1150 1595 1223 1650 ob‘
1246 1597 1435 1651 oculos
1462 1603 1748 1666 ponerem.
1788 1593 1969 1660 Quare

2080 1594 2360 1663 Ἐγνωσαν
2387 1593 2497 1665 γάρ
2522 1610 2603 1656 σε,
2630 1594 2725 1647 καὶ
2756 1594 3100 1666 ἐφοϐήθησαν
3128 1592 3377 1650 ἀπδτῶν
3407 1597 3655 1669 σημείων

389 1701 558 1756 supra
599 1687 805 1741 dictum
841 1694 965 1745 est:
1002 1686 1198 1756 i-Spes
1221 1688 1467 1741 omnium
1498 1684 1687 1740 tioium
1728 1694 1905 1741 terras.
1942 1704 1962 1738 ι

2080 1702 2169 1738 σου
2202 1725 2218 1749 ,
2267 1685 2345 1748 ὡς
2395 1685 2595 1755 μηκέτι
2651 1685 2836 1738 λοιπδν
2865 1685 3058 1757 ’ἀλλην
3117 1686 3246 1741 τινὰ
3291 1683 3495 1741 ἐλπίδα·
3545 1686 3653 1758 πρὸ

387 1777 430 1831 li
459 1778 607 1832 enim
642 1778 736 1847 qui
768 1778 1237 1836 terminosterraa
1288 1778 1541 1832 incolunt
1592 1777 1691 1832 hic
1714 1793 1967 1848 pramun-

2080 1775 2366 1846 ὀφθαλμῶν
2424 1775 2668 1829 τίθεσθαι
2719 1776 2753 1847 ἦ
2809 1756 2895 1830 σέέ
2949 1756 3055 1830 Διδ’
3094 1777 3352 1849 ἀνωτέρω
3400 1756 3648 1846 ἐλέγετε..

386 1866 559 1920 tiatur
591 1865 833 1921 futurum
864 1883 987 1925 esse
1012 1875 1070 1922 ut
1093 1869 1323 1923 timeant
1356 1868 1526 1923 Deum
1557 1882 1587 1921 a
1624 1867 1799 1938 signis
1823 1867 1966 1938 ejus,

2080 1887 2113 1919 ι·
2138 1868 2202 1921 Ἢ
2237 1868 2391 1932 ἐλπὶς
2428 1869 2661 1923 πάντων·
2682 1868 2795 1922 τῶν
2837 1871 3089 1941 περάτων
3140 1869 3239 1941 τῆς
3270 1870 3393 1940 γῆς.
3426 1888 3444 1921 ι
3491 1860 3652 1924 Οὗτοι

388 1965 463 2012 ut
488 1958 735 2013 dicitur:
776 1958 890 2013 ι-Ει
918 1959 1189 2014 timebunt
1217 1959 1311 2030 qui
1362 1959 1616 2014 habitant
1645 1961 1910 2015 terminos
1939 1973 1970 2013 a

2080 1960 2182 2033 γάρ
2214 1963 2265 2014 οί
2293 1961 2362 2015 τά
2392 1961 2607 2033 πέρατα
2633 1959 2734 2031 τῆς
2761 1961 2864 2031 γῆς
2889 1956 3165 2025 οἰκοῦντες
3197 1960 3266 2022 ἐν
3282 1964 3395 2026 τοῖς
3434 1979 3656 2034 προκει-

390 2051 563 2122 signis
597 2052 727 2105 tuis.
755 2068 774 2104 ι
803 2049 1063 2116 Quanam
1098 2050 1253 2120 signa
1282 2049 1375 2104 illa
1390 2056 1581 2112 erant;
1606 2062 1727 2119 qua:
1751 2062 1876 2103 cum
1892 2047 1974 2101 vi-

2080 2052 2261 2124 μένοις
2313 2052 2720 2124 φοϐηθήσεσθαι
2772 2052 2865 2106 τὸν
2912 2052 3046 2107 Θεὸν
3097 2052 3205 2106 ἀπὸ
3251 2052 3361 2107 τῶν
3412 2053 3655 2125 σημείων

390 2145 574 2199 derent
605 2143 699 2213 qui
732 2142 1053 2197 habitabant
1080 2140 1349 2196 terminos
1378 2141 1679 2195 timuerunt
1708 2138 1877 2195 Deum
1914 2140 1972 2194 in

387 2236 679 2305 ipsumque
721 2242 1037 2305 sperarunt,
1080 2231 1340 2302 superius
1385 2230 1572 2287 docuit
1617 2220 1968 2287 bis‘rerbis:

396 2326 769 2396 vPraaparans
801 2334 1027 2381 montes'
1066 2325 1121 2379 in
1154 2325 1353 2380 virtute
1402 2336 1524 2388 sua,
1561 2312 1843 2379 accinctus
1879 2337 1974 2394 po-

389 2418 585 2480 tentia,
613 2417 706 2487 qui
736 2416 1041 2472 contnrbas
1071 2414 1401 2486 profundum
1424 2416 1614 2478 maris,
1646 2430 1839 2472 sonum
1865 2416 1973 2495 llu-

391 2518 577 2563 etuum
604 2509 745 2579 ejus.
780 2528 799 2560 ι
828 2507 965 2575 Quis
995 2509 1339 2565 sustinebit?
1372 2527 1390 2560 ι
1421 2508 1810 2568 Turbabuntur
1835 2524 1971 2579 gen-

394 2608 499 2656 tes.
531 2618 550 2652 ι
582 2599 706 2655 llaec
735 2599 982 2655 videntes
1023 2600 1116 2670 qui
1168 2598 1419 2654 habitant
1458 2599 1745 2666 terminos,
1776 2598 1974 2653 timue-

395 2697 526 2746 runt
571 2706 600 2745 a
655 2690 831 2761 signis
865 2690 1005 2760 ejus.
1064 2689 1162 2747 His
1202 2690 1373 2760 porro
1423 2691 1766 2762 signiﬁcatur
1809 2691 1974 2761 spiri-

389 2792 544 2838 tuum
583 2784 970 2855 malignorum,
1019 2783 1111 2853 qui
1154 2784 1283 2839 olim
1331 2793 1525 2839 contra
1558 2782 1654 2839 Dei
1684 2783 1971 2838 scientiam

390 2873 763 2942 erigebantur,
825 2871 1063 2941 abjcctio
1120 2880 1174 2927 et
1231 2870 1505 2942 depulsio,
1556 2886 1625 2927 ac
1684 2871 1972 2926 diabolicae

390 2963 526 3019 aciei
572 2963 779 3028 clades,
830 2965 1249 3034 princip‘atnum
1280 2950 1560 3031 iidelicct,
1614 2971 1972 3033 potestatum,

390 3065 665 3114 rectorum
716 3057 902 3112 mundi
958 3068 1012 3112 et
1070 3056 1448 3128 spiritualium
1510 3056 1771 3128 nequitiae
1807 3075 1820 3111 ε
1851 3068 1974 3125 qua:

2075 2144 2240 2197 αὐτοῦ
2276 2144 2621 2208 θεσπίζονται
2667 2144 2773 2197 ὑπὸ
2811 2143 2905 2197 τοῦ
2947 2146 3219 2216 φήσαντος
3248 2144 3459 2221 λογίου·
3499 2163 3518 2196 ι
3545 2146 3657 2199 Καὶ

2074 2234 2471 2306 φοόηθήσονται
2518 2236 2568 2287 οί
2615 2234 2996 2299 κατοικοῦντες
3034 2235 3102 2289 τὰ
3141 2236 3354 2309 πέρατα
3391 2236 3501 2291 ἀπὸ
3545 2237 3657 2292 τῶν

2076 2326 2319 2395 σημείων
2354 2343 2469 2380 σου.
2507 2345 2525 2377 ι
2565 2326 2701 2380 Ποῖα
2732 2326 2787 2379 δὲ
2821 2322 2890 2397 ἦν
2915 2327 2985 2381 τά
3030 2330 3250 2398 σημεῖα,
3284 2328 3429 2401 άπερ
3459 2327 3659 2383 θεασά-

2078 2435 2230 2485 μενοι
2281 2419 2330 2471 οἱ
2378 2417 2759 2481 κατοικοῦντες
2815 2418 2884 2471 τὰ
2922 2418 3135 2491 πέρατα
3176 2419 3524 2492 ἐφοϐήθησαν
3564 2421 3656 2474 τὸν

2073 2507 2204 2562 Θεὸν
2248 2509 2344 2562 καὶ
2390 2510 2471 2572 είς
2529 2509 2691 2563 αὐτὸν
2732 2508 3008 2581 ἤλπισαν,
3060 2510 3405 2582 προεδίδαξεν
3453 2510 3651 2564 είπὼν·

2079 2619 2097 2651 ι
2123 2599 2455 2671 Ἐτοιμάζων
2496 2599 2598 2672 ὅρη
2627 2601 2685 2653 ἐν
2716 2603 2783 2671 τῇ
2820 2600 2964 2670 ἰσχύϊ
2991 2599 3156 2654 αὐτοῦ
3175 2639 3190 2665 ,
3222 2596 3657 2671 περιεζωσμένος

2074 2695 2131 2747 ἐν
2159 2691 2465 2763 δυναστεία,
2492 2690 2937 2763 δ’συνταράσσων
2961 2688 3035 2745 τε
3046 2691 3210 2755 κύτος
3236 2691 3336 2762 τῆς
3360 2690 3655 2761 θαλάσσης,

2073 2787 2238 2858 ἤχους
2290 2787 2551 2856 κυμάτων
2590 2784 2779 2856 αὐτῆς.
2818 2805 2834 2838 ι
2893 2785 2991 2850 Τίς
3043 2786 3438 2857 ύποστήσεταις
3496 2803 3516 2837 ι
3549 2784 3659 2840 τα-

2078 2876 2438 2948 ραχθήσονται
2464 2875 2611 2948 ἔθνη.
2646 2896 2664 2928 ι
2703 2876 2887 2931 Ταῦτα
2920 2876 3249 2949 θεασάμενοι
3277 2878 3325 2930 οἱ
3347 2873 3661 2930 κατοικοῦν-

2072 2984 2165 3032 τες
2188 2968 2255 3021 τά
2279 2969 2510 3041 πέρατα,
2548 2970 2894 3042 ἐφοϐήθησαν
2920 2968 3037 3023 ἀπὸ’
3052 2970 3159 3024 τῶν
3195 2969 3440 3042 σημείων
3471 2967 3655 3024 αύτοῦζ

2076 3061 2341 3133 Δηλοῦται
2379 3060 2443 3116 δέ
2476 3062 2565 3116 διὰ
2605 3060 2810 3116 τούτων
2853 3065 2886 3132 ἡ
2921 3061 3043 3117 τῶν
3062 3061 3232 3115 πάλαι
3276 3060 3657 3133 ἐπαιρομένων

388 3148 609 3217 quidem
638 3146 768 3200 olim
802 3148 1057 3219 gentibus
1091 3157 1297 3202 terram
1331 3146 1701 3202 incolentibus
1732 3145 1973 3201 domina-

2080 3152 2218 3205 κατὰ
2274 3151 2374 3223 τῆς
2418 3149 2672 3220 γνώσεως
2715 3151 2810 3206 τσῦ
2846 3152 2984 3206 Θεοῦ
3030 3149 3283 3223 πονηρῶν
3336 3150 3660 3221 πνευμάτων

392 3240 613 3305 bantur,
664 3248 719 3295 et
764 3240 1016 3303 humanae
1066 3238 1193 3294 vita:
1242 3253 1398 3294 mare
1440 3237 1873 3293 commiscebant
1918 3247 1974 3291 et

392 3330 922 3394 conturbabant,.ita
965 3337 1026 3385 ut
1074 3329 1301 3385 deorum
1343 3329 1684 3400 religionem,
1710 3327 1973 3382 omnibus

392 3421 709 3475 universum
763 3420 914 3475 orbis
963 3421 1297 3476 elementum
1344 3418 1715 3473 incolentibus
1763 3417 1974 3473 emitte-

395 3520 536 3567 rent.
574 3510 768 3566 Omnia
808 3526 939 3567 νει-ο
973 3528 1071 3582 per
1102 3512 1409 3567 salutarem
1444 3508 1539 3564 Dei
1581 3509 1873 3565 adventum
1906 3508 1975 3564 de

393 3605 576 3661 medio
624 3604 841 3660 sublata
892 3611 947 3658 et
987 3617 1180 3658 eversa
1229 3599 1527 3656 sunt..iiis
1583 3600 1786 3655 similia
1834 3599 1974 3654 alius

392 3709 612 3766 quoque
662 3695 926 3763 propheta
981 3692 1135 3747 hisee
1181 3691 1362 3747 verbis
1404 3690 1734 3745 vaticinatur
1774 3710 1787 3746 :
1828 3710 1848 3741 ι
1873 3691 1975 3745 Au-

397 3784 554 3849 dite,
605 3784 793 3855 populi
838 3798 1070 3849 omnes,
1119 3782 1225 3851 qui
1277 3783 1541 3838 habitatis
1598 3783 1652 3837 in
1704 3784 1821 3852 ipsa
1867 3799 1881 3837 :
1922 3790 1977 3837 et

395 3877 503 3931 erit
560 3875 702 3931 Deus
759 3873 915 3930 vobis
977 3877 1033 3929 in
1090 3875 1510 3939 testimonium,
1565 3875 1848 3932 vDominus
1907 3875 1976 3931 de

395 3966 559 4022 domo
585 3977 775 4023 sancta
805 3983 926 4024 sua.
953 3967 1249 4034 Quia‘ecce
1274 3967 1561 4030 Dominus,
1592 3966 1856 4023 Dominus
1885 3966 1976 4022 dc-

397 4061 626 4117 scendet
668 4061 736 4118 de
770 4062 895 4117 loco
941 4076 1064 4125 suo,
1107 4068 1173 4117 et'
1196 4059 1539 4116 conscendet
1559 4073 1725 4130 super
1759 4058 1974 4114 excelsa

396 4160 577 4207 terrai.
625 4151 697 4205 Et
722 4160 969 4207 conteret
1007 4159 1224 4207 montes
1257 4149 1453 4205 subtus
1500 4164 1581 4214 se,
1617 4157 1673 4204 et
1707 4148 1879 4204 valles
1908 4149 1976 4202 li—

396 4251 665 4314 quescent
721 4222 868 4299 sicut
916 4258 1042 4299 cera
1104 4258 1135 4297 a
1189 4242 1325 4297 facie
1388 4241 1532 4313 ignis
1585 4250 1807 4312 propter
1873 4243 1976 4296 im-

398 4335 659 4403 pietatem
693 4331 864 4389 Jacob
896 4350 909 4385 :
946 4333 1062 4387 haec
1090 4332 1276 4387 omnia
1300 4339 1378 4387 .et
1426 4338 1652 4402 propter
1690 4339 1975 4401 peccatum

399 4422 599 4477 domus
630 4419 885 4476 Israel“.
926 4441 945 4474 ι
985 4422 1045 4475 In
1081 4436 1194 4476 mi
1252 4421 1379 4475 item
1412 4418 1662 4490 psalmo,
1697 4419 1789 4489 qui
1827 4419 1980 4489 ejus-

2038 3310 2042 3325 μ
2080 3242 2409 3306 ταπείνωσις
2440 3244 2536 3297 καὶ
2576 3241 2951 3315 η’καθαίρεσις
2989 3244 3090 3314 τῆς
3128 3242 3442 3314 διαϐολικῆς
3485 3259 3662 3314 παρα-

2079 3329 2286 3394 τάξεως
2304 3371 2320 3396 ,
2356 3331 2539 3403 ἀρχῶν
2586 3331 2787 3404 δηλαδὴ
2836 3334 2929 3387 καὶ
2979 3331 3257 3398 ἐξουσιῶν,
3296 3332 3403 3387 ικαὶ
3463 3349 3664 3404 κοσμο-

2080 3423 2365 3494 κρατόρων
2401 3422 2497 3477 καὶ
2548 3423 2933 3495 πνευματικῶν
2992 3425 3094 3495 τῆς
3149 3424 3443 3495 πονηρίας·
3505 3423 3663 3478 άτινα

2083 3514 2251 3568 πάλαι
2288 3514 2387 3585 μὲν
2413 3514 2740 3586 κατεκράτει
2768 3515 2878 3571 τῶν
2906 3517 3000 3569 ἐπὶ
3024 3517 3126 3588 γῆς
3149 3515 3439 3570 οἰκούντων
3469 3512 3660 3579 ἐθνῶν,

2083 3605 2355 3661 συνεκύκα
2426 3623 2487 3659 τε
2551 3607 2645 3659 καὶ
2713 3608 3075 3679 συνετάραττε
3130 3607 3231 3678 τὴν
3296 3605 3391 3659 τοῦ
3451 3604 3663 3676 ἀνθρω-

2084 3694 2238 3747 πείου
2286 3693 2404 3764 βίου
2464 3694 2761 3762 θάλασσαν,
2803 3696 2880 3761 ὡς
2925 3697 3063 3751 θεῶν
3106 3695 3264 3762 δόξαν
3314 3694 3664 3770 ἀποστέλλειν

2085 3784 2235 3855 παρά
2256 3786 2391 3839 πᾶσι
2433 3789 2546 3850 τοῖς
2567 3785 2626 3839 τὸ
2647 3787 2748 3857 τῆς
2784 3787 2889 3858 γῆς
2925 3786 3133 3841 οἰκοῦσι
3161 3789 3440 3858 στοιχεῖον.
3476 3783 3663 3856 Καθῄέ

2086 3890 2246 3945 ρηται
2290 3874 2349 3928 δὲ
2411 3875 2588 3929 πάντα
2645 3875 2740 3929 καὶ
2803 3875 3210 3948 ἀνατέτραπται
3259 3874 3360 3928 διὰ“
3406 3875 3506 3942 τῆς
3555 3890 3677 3926 σω·-

2080 3966 2272 4036 τηρίου
2324 3964 2661 4033 θεοφανείας.
2714 3965 2795 4018 Τά
2833 3965 2996 4036 ὃμοια
3039 3963 3098 4018 δέ
3141 3962 3350 4025 τούτοις
3379 3962 3483 4014 καῖ’
3507 3959 3679 4022 ἄλλος

2082 4057 2370 4128 προφήτης
2402 4049 2504 4111 ὧδε
2556 4055 2803 4120 θεσπίζει
2847 4054 3057 4125 λέγων’
3115 4072 3135 4105 ι
3173 4050 3497 4121 Ἀκούσατε,
3547 4051 3666 4103 λαοὶ

2084 4146 2283 4210 πάντες
2319 4148 2371 4200 οἱ
2403 4147 2783 4212 κατοικοῦντες
2826 4147 2893 4199 ἐν
2915 4146 3108 4217 iam“
3140 4144 3236 4199 real.
3273 4144 3425 4197 ἔσται
3465 4145 3494 4197 6
3533 4144 3666 4213 Θεδς

2084 4240 2215 4308 buli)
2259 4241 2339 4302 είς
2383 4237 2706 4310 μαρτύριον,
2750 4234 2959 4307 Κύριος
2995 4233 3055 4299 ἐξ
3100 4234 3251 4289 οἴκου
3293 4234 3450 4303 ἁγίου
3479 4232 3669 4289 αὐτοῦ,

2085 4331 2230 4385 Διότῖ
2267 4330 2608 4403 ίδοίίΚύριος
2639 4324 3007 4397 καταϐήσεται
3048 4330 3112 4382 ἐκ
3143 4326 3236 4381 τοῦ
3269 4327 3434 4381 τόπου
3464 4325 3663 4381 αὐτοῦ·

2087 4422 2542 4495 καὶέπιδησεται,
2572 4418 2781 4491 Κύριος
2803 4417 2897 4472 ἐπὶ
2925 4418 2992 4472 τὰ
3016 4418 3123 4489 ὕψη
3144 4418 3246 4489 τῆς
3259 4418 3380 4489 γῆς.
3423 4418 3532 4471 Καὶ⁵
3545 4436 3677 4471 συν-ν
3752 4467 3764 4479 ,

399 4514 527 4570 dem
571 4513 786 4568 Domini
831 4514 1157 4569 descensum
1209 4528 1275 4568 ex
1321 4513 1477 4567 ctelis
1503 4512 1557 4566 in
1584 4519 1791 4567 terram
1825 4528 1977 4567 com-

2085 4512 2402 4585 τρισήσεται
2419 4511 2490 4565 τὰ
2504 4511 2605 4583 ὅρη
2621 4510 2972 4564 ὑποκάτωθεν
2992 4509 3158 4565 αὐτοῦ
3179 4527 3191 4539 ·
3219 4510 3318 4564 καῖ
3340 4510 3409 4564 αι’
3423 4509 3668 4573 κοιλάδες

403 4605 688 4677 plectitur,
712 4604 922 4658 dictum
947 4613 1030 4659 est
1063 4619 1077 4655 :
1118 4622 1137 4655 ι
1178 4602 1239 4656 Ει
1268 4610 1542 4657 commota
1573 4611 1658 4659 est
1691 4611 1745 4658 et
1770 4609 1981 4658 contre-

407 4699 550 4753 muit
579 4705 748 4761 terra,
774 4694 1127 4751 filiidamenta
1172 4696 1436 4750 montium
1473 4696 1803 4751 conturbata
1852 4702 1982 4750 sunt

405 4799 462 4845 et
493 4799 762 4845 commota
812 4795 960 4851 sunt,
1001 4788 1261 4858 quoniam
1311 4789 1486 4845 iratus
1531 4795 1615 4844 est
1664 4787 1747 4843 eis
1793 4785 1982 4840 Domi-

401 4882 591 4939 rus".
629 4900 649 4934 ι
681 4879 779 4936 liis
812 4896 977 4951 porro
1032 4880 1332 4936 descensus
1372 4879 1608 4940 Domini,
1648 4879 1702 4935 id
1759 4884 1841 4933 est
1883 4877 1980 4933 Dei

412 4976 593 5034 ‘r‘eroi,
626 4970 1002 5041 signiﬁcatur;
1040 4970 1347 5041 deindeqne
1391 4971 1732 5025 occultarum
1761 4978 1814 5024 et
1844 4969 1985 5023 invi-

407 5060 652 5119 sibilium
706 5068 1062 5130 potestatum,
1094 5075 1216 5131 quae
1245 5060 1374 5114 olim
1416 5059 1473 5113 in
1524 5059 1757 5114 sublime
1808 5059 1983 5128 erige-

405 5154 629 5211 bantur.
661 5151 807 5206 etab
831 5152 1088 5208 omnibus
1124 5153 1377 5223 gentibus
1420 5151 1766 5213 colebantur,
1796 5150 1982 5209 ruina,

384 5245 640 5314 ,abjectio
671 5252 726 5300 et
756 5244 1067 5313 dissipatio,
1097 5258 1220 5313 quae
1260 5243 1314 5296 in
1347 5242 1467 5312 ejus
1487 5243 1554 5297 ad
1584 5242 1846 5296 homines
1889 5240 1984 5295 de-

407 5351 606 5390 scensu
630 5334 879 5405 contigit.
908 5333 1088 5400 Quare
1119 5335 1172 5388 in
1199 5334 1451 5404 praesenti
1491 5333 1694 5388 dicitur
1725 5348 1741 5385 :
1782 5353 1802 5384 ι
1842 5330 1988 5386 Ρη-

407 5441 610 5497 parans
648 5434 861 5484 montes
915 5428 969 5482 in
1022 5427 1229 5482 virtute
1278 5440 1399 5489 sua,
1452 5425 1737 5480 accinctus
1790 5431 1985 5495 poten-

411 5517 509 5570 tia.
548 5537 565 5569 ι
599 5515 849 5572 Potentia
881 5518 1024 5575 enim
1072 5517 1381 5577 accinctus,
1414 5512 1735 5571 fortitudine
1775 5515 1988 5570 scilicet

411 5620 532 5670 sua,
584 5607 877 5676 praedictos
929 5615 1143 5662 montes
1192 5606 1435 5662 nondum
1486 5605 1704 5677 quidem
1758 5618 1987 5680 prorsus

483 5781 527 5811 ²⁶
565 5779 729 5834 Mich.
766 5795 804 5846 ι,
835 5782 952 5836 2-4.
1029 5784 1071 5821 ⁸⁷
1096 5780 1241 5837 Psal.
1268 5797 1409 5851 xm,
1435 5780 1490 5839 8.

2080 4605 2423 4677 τακήσονταυ
2453 4604 2528 4667 ὥς
2559 4602 2730 4674 κηρὸς
2765 4601 2881 4656 ἀπὺ’
2900 4601 3193 4673 προσώπου
3241 4601 3409 4672 πυρὸς
3440 4600 3521 4654 δι”
3539 4598 3668 4654 ἀσέέ

2082 4700 2231 4752 δειαν
2280 4694 2503 4749 Ἰακώὸο
2541 4694 2712 4749 ταῦτα
2753 4694 2931 4748 πάντα
2968 4694 3063 4747 καὶ
3101 4693 3168 4748 δι’
3212 4693 3487 4763 ἁμαρτίαν
3517 4690 3667 4745 οἴκου

2094 4787 2332 4862 Ἰσραήλ.
2374 4807 2392 4839 ι
2417 4787 2578 4841 Ἀλλά
2606 4786 2700 4840 καὶ
2734 4789 2791 4841 ἐν
2817 4786 2895 4857 τῷ
2926 4784 2991 4850 ιζ’
3014 4783 3236 4856 ψαλμῷ,
3280 4783 3379 4854 τὴν
3420 4780 3480 4847 ἐξ
3506 4783 3671 4852 ούρα-

2081 4878 2189 4933 νῶν
2218 4879 2311 4932 ἐπὶ
2331 4876 2436 4948 γῆς
2458 4877 2759 4931 κατάσασιν
2781 4877 2876 4930 τοῦ
2902 4874 3066 4929 αὐτοῦ
3099 4872 3303 4945 Κυρίου
3340 4872 3667 4944 περιέχοντι..

2082 4968 2331 5021 λέλεκται
2351 4983 2365 4996 ’
2399 4984 2418 5017 ι
2461 4967 2569 5019 Καὶ
2611 4964 2876 5036 ἐσαλεύθη
2915 4964 3010 5017 καὶ
3056 4963 3316 5033 ἔντρομος
3359 4959 3586 5031 ἐγενήθη
3634 4959 3668 5027 ἡ

2084 5053 2192 5122 γῆ,
2238 5052 2335 5107 καὶ
2378 5052 2449 5106 τά
2497 5052 2722 5124 θεμέλια
2769 5051 2878 5105 τῶν
2927 5051 3098 5122 ὀρέων
3144 5048 3523 5121 ἐταράχθησαν
3576 5046 3671 5100 καὶ

2086 5145 2475 5217 ἐσαλεύθησαν,
2502 5146 2583 5199 ὅτι
2615 5144 2861 5215 ὠργίσθη
2890 5142 3074 5205 αὐτοῖς
3102 5144 3131 5196 6
3160 5140 3384 5212 Κύριος.
3416 5159 3435 5191 ι
3465 5139 3673 5211 Σημαί-

2086 5255 2235 5292 νεται
2260 5237 2318 5291 δὲ
2350 5237 2436 5291 διὰ
2476 5236 2680 5290 τούτων
2710 5234 2935 5298 κάθοδος
2964 5231 3057 5287 τοῦ
3087 5231 3317 5303 Κυρίου,
3339 5229 3541 5299 δηλαδὴ
3574 5228 3669 5280 τοῦ

2087 5329 2221 5384 Θεοῦ
2255 5330 2461 5399 Λόγου·
2491 5326 2589 5382 εἴτ’
2624 5328 2717 5381 ἐπὶ
2743 5328 2810 5397 τῇ
2848 5328 2928 5389 είς
2971 5323 3291 5395 ἀνθρώπους
3336 5318 3673 5389 καθόδῳλαῦ-

2088 5423 2180 5478 τοῦ
2215 5423 2322 5476 τῶν
2359 5421 2580 5491 ἀφανῶν
2632 5419 2726 5473 καὶ
2758 5417 3004 5489 ἀοράτων
3038 5414 3319 5485 δυνάμεων
3353 5412 3462 5466 τῶν
3504 5411 3671 5467 πάλαι

2089 5517 2168 5578 είς
2197 5513 2329 5584 ὕψος
2358 5512 2703 5584 ἐπηρμένων,
2738 5508 2831 5562 καὶ
2869 5506 3018 5579 παρὰ
3060 5507 3191 5559 πᾶσι
3218 5509 3330 5569 τοῖς
3373 5502 3549 5558 ἔθνεσι
3588 5518 3673 5555 τε-

2091 5605 2411 5678 τιμημένων
2432 5602 2748 5673 καθαίρεσις
2770 5600 2864 5655 καὶ
2887 5598 3211 5662 ταπείνωσις
3232 5595 3325 5651 καὶ
3347 5592 3673 5665 σκεδασμύς.
