4090 6392
407 370 513 425 637

1530 362 2037 424 COMMENTABIA
2078 365 2145 420 ΙΝ
2186 366 2528 425 PSALMOS.

3559 376 3667 431 67.3

403 485 521 537 Διὸ⁸
548 481 643 535 καὶ
685 482 742 533 ἐν
768 482 887 542 τοῖς
918 476 1055 549 μετά
1092 479 1278 548 χεῖρας
1320 478 1567 547 είρηταυ
1597 496 1615 527 ι
1659 477 1988 548 Ἑτοιμάζων

2092 480 2334 544 sustulit,
2360 481 2455 536 sed
2480 482 2805 550 praeparavit
2833 489 2887 536 et
2932 480 2998 536 ad
3039 483 3375 554 supplicium
3423 484 3670 542 destina-

404 576 506 647 ὄρη
536 576 594 627 ἐν
622 575 686 643 τῇ
716 571 857 641 ίσχύῖ
885 569 1072 627 αὑτοῦ.
1103 568 1538 641 περιεζωσμένος
1552 570 1609 620 ἐν
1624 569 1929 641 δυναστείᾳ.
1968 588 1985 620 ι

405 663 702 733 Δυναστείᾳ
724 662 831 731 γάρ
872 658 1331 729 περιεζωσμένος,
1375 660 1441 728 τῇ
1493 656 1657 711 αὑτοῦ
1709 658 1879 727 ίσχύῖ,
1924 658 1993 711 τά

404 755 770 826 προλεχθώντα
802 754 904 824 ὅρη
933 751 1084 805 οὔπω
1116 752 1214 821 μὲν
1248 752 1327 812 είς
1360 750 1420 802 τὸ
1469 748 1732 812 παντελὲς
1775 747 1979 802 ἀπώλε-

403 863 526 900 σεν·
560 846 824 915 ἡτοίμασε
872 843 928 896 δέ
960 845 1040 906 είς
1078 841 1345 913 τιμωρίαν
1377 841 1513 905 τέως
1548 839 1816 912 ἀφορίσας
1855 839 1994 893 αύτᾶ

402 938 498 990 καὶ
530 937 846 1006 ἀποστήσας
877 934 977 1005 τῆς
1011 934 1152 987 κατὰ
1184 932 1291 986 τῶν
1316 932 1617 1003 ἀνθρώπων
1644 931 1954 1004 τυραννίδος
1974 948 1988 962 ·

402 1028 537 1082 ἀλλὰ
560 1029 653 1081 καὶ⁵
683 1028 743 1081 τὸ
776 1027 937 1090 κύτος
962 1026 1063 1096 τῆς
1085 1024 1358 1094 Θαλάσσης
1384 1027 1450 1094 τῇ
1482 1024 1677 1077 ἐαυτοῦ
1706 1024 1993 1095 δυναστείᾳ

403 1122 735 1174 κατέπαυσε.
786 1119 879 1172 Διὸ
923 1118 1203 1171 λέλεκταιο
1241 1134 1260 1167 ι
1297 1117 1689 1187 Συνταράσσων
1736 1116 1795 1168 τὸ
1828 1114 1991 1180 κύτος

400 1213 499 1282 τῆς
530 1211 823 1280 θαλάσσης,
853 1210 1016 1281 ηχους
1038 1209 1294 1280 κυμάτων
1330 1208 1520 1278 αὐτῆς.
1555 1228 1574 1259 ι
1619 1207 1761 1270 Ἀντὶ
1787 1206 1842 1259 δὲ
1873 1205 1989 1269 τοῦ,

408 1322 426 1355 ο
450 1307 477 1357 6
502 1303 907 1373 συνταράσσων,
928 1320 951 1352 ι
973 1302 1000 1354 ό
1020 1300 1118 1370 μὲν
1136 1299 1382 1363 Ἀκύλας,
1401 1318 1420 1350 ι
1445 1297 1839 1352 καταστέλλων·
1864 1316 1881 1346 ι
1898 1297 1992 1349 όδὲ

400 1394 714 1455 Θεοδοτίων,
743 1412 762 1444 ι
794 1392 1195 1462 καταπραΰνων
1214 1432 1229 1456 ,
1264 1410 1285 1443 ι
1315 1392 1408 1444 καὶ
1438 1392 1471 1461 ἡ
1502 1391 1724 1461 πέμπτη
1760 1390 1989 1453 έκδοσις,

407 1506 426 1537 ι
455 1484 924 1556 ὁκαταπραΰνων,
959 1502 978 1536 ι
1000 1483 1374 1554 ἠρμήνευσαν,
1392 1482 1552 1551 Λέγει
1580 1482 1623 1534 δ’
1650 1479 1742 1535 οὖν
1772 1484 1801 1534 ό
1834 1480 1992 1533 Ἀκύ-

399 1581 525 1645 λας’
565 1601 584 1633 ι
622 1579 1014 1635 Καταστέλλων
1049 1575 1182 1650 ἦχον
1227 1577 1523 1647 θαλάσσης,
1553 1577 1779 1649 θόρυϐον
1815 1575 1993 1647 κυμά-

398 1690 506 1726 των
536 1673 706 1744 αύτῆς
744 1673 839 1726 καὶ
880 1671 1035 1742 ὄχλον
1077 1670 1279 1740 φυλῶν.
1330 1689 1349 1722 ι
1379 1670 1588 1732 Ὥσπερ
1615 1668 1722 1740 γὰρ
1753 1667 1821 1721 τὰ
1854 1686 1986 1739 προ,-

397 1762 658 1833 λεχθὲντα
686 1752 787 1832 ὅρη
830 1762 912 1824 είς
963 1759 1060 1831 την
1107 1759 1415 1831 μέλλουσαν.
1459 1758 1598 1812 αὐτά
1636 1757 1989 1830 διαλήψει-θαι

2092 572 2191 635 vit,
2219 580 2274 627 ct
2303 588 2332 625 a
2363 572 2655 643 tyrannide
2711 588 2875 642 quam
2936 574 2991 628 in
3052 576 3303 632 homines
3343 580 3667 633 exercebant

2093 664 2325 718 semovit
2352 681 2365 718 :
2401 665 2510 718 imo
2536 665 2702 718 etiam
2742 665 3072 735 profundum
3104 666 3273 722 maris
3300 670 3538 737 potentia
3571 680 3668 724 Sua

2094 754 2324 810 sedavit.
2362 753 2709 825 Quapropter
2759 758 2964 812 dicitur
3019 776 3034 811 :
3079 776 3097 808 ι
3140 755 3491 813 Conturbans
3541 775 3669 829 pro-

2093 844 2323 900 fundum
2384 847 2577 913 maris,
2630 862 2831 901 sonum
2890 846 3156 902 ﬂuctuum
3209 849 3351 918 ejus.
3386 869 3405 901 ι
3441 849 3549 904 Pro
3578 850 3669 904 illo

2065 947 2276 992 .autem
2301 977 2315 1001 ,
2357 956 2375 989 ι
2411 939 2788 1004 conturbatus,
2836 959 2855 992 ι
2893 938 3111 1010 Aquila,
3148 957 3167 990 ι
3206 941 3608 1010 comprimens;
3643 963 3666 996 ι

2094 1028 2420 1093 Theodotlo,
2461 1050 2479 1082 ι
2521 1031 2813 1100 mitigans;
2849 1052 2868 1084 ι
2896 1034 3088 1102 quinta
3123 1033 3250 1087 item
3279 1032 3470 1095 editio,
3512 1051 3531 1083 ι
3567 1033 3670 1085 ιιιί-

2093 1122 2311 1190 ligans,
2353 1142 2372 1174 ι
2426 1122 2768 1193 ἰηυθτρτεῑειιί
2815 1132 2975 1179 sunt.
3028 1125 3116 1178 Ait
3182 1124 3349 1195 igitur
3412 1125 3608 1194 Aquila
3651 1140 3665 1175 :

2098 1232 2117 1263 4
2156 1213 2541 1284 Comprimeus
2598 1232 2794 1271 sonum
2841 1216 3031 1279 maris,
3071 1216 3362 1271 tumultum
3406 1214 3668 1270 ﬂuctuum

2093 1302 2234 1371 ejus,
2259 1312 2312 1358 et
2345 1305 2561 1358 turbam
2605 1306 2913 1360 nationum.
2952 1325 2975 1367 ,ι
3010 1304 3481 1372 Quemadmodum
3523 1307 3667 1360 enim

2092 1393 2381 1461 praedictos
2440 1404 2656 1451 montes
2716 1396 2785 1450 ad
2841 1395 3083 1451 futurum
3140 1397 3276 1467 ipsis
3322 1396 3667 1452 inferendum

2092 1486 2422 1556 supplicium
2468 1489 2816 1557 praeparavit,
2853 1488 2928 1543 ita
2987 1500 3208 1559 quoque
3254 1504 3449 1544 sonum
3499 1491 3670 1545 maris

2091 1587 2144 1632 et
2173 1580 2467 1632 tumultum
2520 1578 2786 1635 ﬂuctuum
2844 1581 2966 1649 ejus
2996 1582 3350 1652 compressit.
3383 1580 3677 1658 Quodnam

2092 1668 2222 1723 illud
2255 1685 2425 1732 mare,
2452 1672 2577 1740 quis
2596 1687 2766 1726 sonus
2791 1673 2932 1741 ejus,
2956 1674 3082 1743 quis
3107 1674 3374 1728 tumultus
3407 1671 3669 1727 ﬂuctuum

2091 1758 2213 1828 ejus
2264 1759 2358 1823 sit,
2413 1762 2519 1816 sub
2578 1762 2693 1815 haec
2734 1762 2989 1816 declarat
3020 1760 3219 1830 Aquila
3273 1761 3465 1815 dicens
3500 1778 3514 1814 :
3552 1777 3571 1810 ι
3607 1758 3671 1812 Et

396 1853 668 1925 τιμωρίαν
694 1852 1013 1923 ἡτοίμασεν,
1070 1850 1212 1905 οὕτω
1240 1848 1552 1905 κατέστειλε
1594 1851 1685 1904 τὸν
1723 1847 1855 1922 ἦχον
1888 1850 1983 1905 θα-

2092 1850 2303 1904 turbam
2357 1853 2661 1908 nationum.
2707 1872 2731 1906 ν
2777 1852 3059 1923 Siquidem
3114 1852 3289 1905 multa
3322 1851 3451 1904 olim
3508 1850 3668 1905 turba

395 1945 603 2015 λάσσης
631 1944 725 1998 καὶ
761 1943 852 1997 τὸν
892 1941 1120 2012 θόρυϐον
1160 1943 1269 1996 τῶν
1297 1942 1779 2013 κυμάτωνάύτῆς.
1811 1942 1907 2005 Τίς
1932 1941 1987 1995 δέ

396 2039 432 2107 ἡ
460 2036 723 2100 θάλασσα,
749 2037 844 2089 καὶ
878 2036 1119 2099 ποταπὸς
1151 2037 1181 2089 ό
1216 2028 1350 2106 ἦχος
1374 2036 1564 2106 αὐτῆς,
1607 2033 1701 2088 καὶ
1726 2034 1811 2096 τίς
1838 2036 1867 2087 6
1896 2033 1985 2085 06-

400 2126 562 2197 ρυϐος
590 2126 697 2181 τῶν
735 2126 994 2196 κυμάτων
1022 2125 1214 2196 αὐτῆς,
1245 2124 1373 2195 ἑξῆς
1397 2126 1655 2192 διασαφεῖ
1696 2125 1743 2175 6-
1762 2121 1989 2184 Ἀκύλας

399 2215 600 2269 εἰπών·
640 2236 658 2269 ι
692 2218 802 2270 Καὶ
848 2216 1003 2287 όχλον
1050 2215 1253 2284 φυλῶν.
1309 2235 1327 2266 ι
1374 2216 1432 2267 ὐ
1465 2215 1572 2286 γὰρ
1616 2214 1783 2277 πολὺς
1835 2212 1990 2283 ὄχλος

398 2306 505 2359 τῶν
544 2306 712 2361 πάλαι
762 2306 953 2370 ἐθνῶν,
997 2306 1093 2360 καὶ
1135 2305 1242 2358 τῶν
1270 2304 1411 2357 κατά
1448 2305 1555 2356 πᾶν
1584 2304 1738 2372 γένος
1776 2301 1987 2380 saepe.

399 2415 517 2452 πων
548 2397 729 2467 φυλῶν
762 2394 852 2469 ἦν,
885 2399 976 2451 ὅτε
1006 2397 1158 2467 κῦμα
1195 2396 1290 2449 τοῦ
1332 2396 1441 2448 τῶν
1496 2394 1797 2466 ἀνθρώπων
1840 2393 1985 2464 βίον.

399 2492 496 2545 καὶ
524 2491 558 2561 ἡ
584 2490 806 2560 τοιαύτη
838 2478 933 2544 τοῦ
957 2489 1160 2562 θνητοῦ
1195 2489 1311 2561 βίου
1339 2472 1707 2559 θάλασσαὶτῆς
1752 2487 1861 2540 τῶν
1893 2488 1989 2540 ἀν-

399 2581 632 2655 θρώπων
680 2582 876 2646 κακίας
930 2581 1358 2653 πεπληρωμένη,
1388 2580 1555 2633 πολὺν
1587 2579 1814 2650 θόρυϐον
1851 2574 1987 2649 εἶχε,

403 2670 575 2741 μέγ..ν
617 2687 674 2723 τε
707 2666 839 2741 ἦχον
871 2669 1288 2734 ἐξαπέστελλεν·
1343 2669 1438 2722 ἆτε
1477 2667 1572 2721 τὸν
1615 2667 1884 2738 δράκοντα
1915 2668 1991 2719 οἰ-

398 2761 597 2814 κοῦντα
617 2762 673 2814 ἐν
708 2760 857 2831 αὐτῇ,
881 2759 1216 2830 κεκτημένη,
1261 2758 1389 2828 περὶ
1424 2752 1484 2812 οὗ
1507 2758 1756 2811 λέλεκται
1775 2774 1787 2787 ·
1825 2776 1843 2807 ι
1865 2757 1992 2809 Ἐπε-

400 2852 519 2919 άεει
552 2853 756 2923 Κύριος
788 2853 816 2905 6
845 2851 976 2914 Θεὸς
1003 2850 1099 2920 τὴν
1143 2849 1415 2920 μάχαιραν
1460 2851 1551 2902 ἐπὶ
1581 2848 1672 2925 τὸν
1699 2847 1989 2918 δράκοντα,

398 2944 522 3011 ὅφιν
552 2944 643 2995 τὸν
688 2942 920 3002 σκολιὸν,
956 2941 1051 2995 καὶ
1084 2940 1274 2994 ἀνελεῖ-
1306 2940 1397 2994 τὸν
1424 2941 1691 3012 δράκοντα
1723 2941 1812 2994 τὸν
1836 2942 1894 2993 ἐν
1923 2943 1996 3012 τῇ

401 3029 678 3106 θαλάσσῃσ
713 3055 732 3086 ι
769 3034 864 3087 καὶ
910 3031 1163 3102 ἁλλαχοῦι
1189 3026 1463 3103 προειπὼν
1497 3035 1526 3086 6
1562 3032 1750 3101 λόγος·
1790 3051 1808 3084 ι
1843 3031 1989 3103 Αὕτη

399 3130 432 3198 ή
489 3126 734 3179 θάλασσα
779 3127 812 3196 ἡ
860 3124 1071 3196 μεγάλη
1104 3125 1198 3177 καὶ
1260 3121 1609 3194 εὐρύχωρος,
1649 3142 1667 3173 ι
1713 3122 1987 3192 ἐπιλέγειο

404 3238 423 3268 ι
474 3218 620 3271 Ἐκεῖ
645 3216 861 3288 δράκων
882 3211 1054 3280 οὗτος,
1081 3215 1140 3268 ὃν
1169 3213 1412 3277 ἔπλασας
1442 3214 1733 3284 ἐμπαίζειν
1761 3213 1929 3284 αὐτῷ.
1966 3233 1989 3266 ι

412 3310 571 3364 Ἀλλά
596 3308 705 3380 γὰρ
722 3308 932 3380 ἀθρόως
955 3309 1050 3361 καὶ
1068 3307 1159 3360 τὸν
1178 3305 1555 3377 δράκοντανκαὶ
1574 3299 1989 3378 τῆνλθάλασσαν,

399 3400 602 3455 καὶτὸν
628 3398 739 3453 τῶν
757 3398 1015 3469 κυμάτων
1047 3397 1214 3468 αὐτῆς
1232 3392 1387 3467 ἦχον,
1407 3399 1441 3468 ἡ
1469 3396 1622 3460 ἐλπὶς
1652 3395 1993 3450 πάντωνιτῶν

402 3492 653 3564 περάτων
681 3492 779 3560 τῆς
813 3491 935 3561 γῆς,
975 3490 1301 3559 ἐπιφανεῖσα
1324 3488 1650 3558 ἀνθρώποις,
1681 3487 1993 3542 κατέστειλε

401 3585 496 3638 καὶ
524 3582 888 3652 κατεπράὒνε,
913 3580 1004 3633 τόν
1023 3597 1082 3633 τε
1106 3576 1269 3651 ὄχλον»
1282 3580 1388 3633 τῶν
1400 3578 1592 3647 φυλῶν
1606 3578 1826 3633 ἔσϐεσε.
1854 3578 1991 3632 Τούς-

402 3691 510 3728 των
537 3672 591 3727 δέ
621 3672 950 3742 γενομένων,
973 3670 1100 3740 ἐξῆς
1124 3672 1218 3724 καὶ
1241 3668 1549 3733 ἀκολούθως
1574 3669 1805 3745 εἴρηται·
1832 3688 1851 3718 ι
1876 3671 1986 3724 Καὶ
2018 3746 2021 3749 Α

403 3763 802 3835 φοϐηθήσονται
854 3762 905 3813 οἱ
949 3761 1328 3823 κατοικοῦντες
1377 3760 1445 3814 τὰ
1488 3759 1702 3831 πέρατα
1733 3757 1842 3813 ἀπὸ
1882 3758 1991 3812 τῶν

404 3856 657 3927 σημείων
678 3872 789 3907 σου.
834 3872 850 3901 ο
896 3852 1091 3906 Ἱκανὰ·
1111 3853 1219 3921 γάρ
1257 3846 1325 3922 ἦν
1376 3851 1443 3905 τὰ
1488 3849 1852 3922 προλεχθέντα
1896 3866 1993 3920 σηέ

406 3950 554 4019 μεῖα,
576 3944 678 4018 ὅρη
702 3943 1102 4013 ταπεινούμενα
1130 3942 1225 3995 καὶ
1246 3940 1521 4012 θαλάσσης
1545 3936 1679 4012 ἦχος
1705 3939 1993 3993 καταστελ-

402 4036 647 4107 λόμενος,
675 4033 902 4106 θόρυϐός
925 4050 986 4086 τε
1017 4030 1276 4102 κυμάτων
1304 4030 1500 4101 μηκέτι
1536 4029 1819 4101 ταράττων
1849 4029 1990 4084 κατά

402 4127 463 4180 τὸ
492 4125 719 4179 παλαιὸν
736 4123 917 4189 ,ἀλλὰ
945 4121 1217 4193 καὶσὸχλος
1246 4119 1432 4189 φυλῶν
1459 4120 1552 4173 καὶ
1580 4119 1741 4182 αὐτὸς
1768 4118 1990 4171 σϐεννύ-

408 4234 586 4287 μενος.
619 4209 781 4284 φόϐον
811 4213 1109 4283 ἐμποιῆσαι
1152 4213 1265 4275 τοῖς
1309 4209 1619 4264 κατοικοῦσι
1650 4208 1720 4262 τὰ
1749 4209 1985 4279 πέρατα·

405 4309 479 4374 ὡς
536 4308 730 4379 μηκέτι
771 4305 841 4360 τὰ
883 4304 1249 4376 προλειχθέντα
1296 4303 1475 4356 πάντα
1528 4300 1827 4371 φοϐεῖσθαι,
1875 4298 1989 4354 ἀλλ’

406 4400 501 4453 ἕνα
537 4399 695 4471 μόνον
722 4399 813 4453 τὸν
857 4397 1073 4450 πάντων
1106 4393 1331 4451 ἐκείνων
1359 4394 1585 4465 νικητήν
1606 4406 1627 4424 ·’
1652 4393 1831 4446 ὅντινα
1878 4391 1987 4446 λοι-

2087 1942 2330 2013 gentium
2386 1951 2441 1997 et
2467 1946 2755 1999 nationum
2788 1945 2959 2000 totius
2993 1944 3218 1997 humani
3259 1942 3487 2012 generis
3505 1950 3623 1997 erat
3652 1957 3666 1992 :

2090 2035 2320 2104 hujusce
2367 2042 2549 2090 autem
2597 2036 2848 2092 mortalis
2890 2038 3015 2090 vita:
3044 2034 3242 2089 ﬂuctus
3269 2042 3324 2088 et
3353 2047 3522 2096 mare,
3555 2046 3670 2085 ma-

2090 2126 2205 2178 litia
2261 2126 2553 2195 repletum,
2615 2127 2913 2181 tumultum
2973 2140 3232 2195 magnum
3289 2122 3672 2181 excitabat.et
3729 2148 3735 2155 -

2090 2217 2364 2287 ingentem
2415 2217 2703 2272 emittebat
2755 2218 3249 2286 sonitum;utpote
3276 2212 3423 2284 quod
3468 2213 3669 2269 draco-

2088 2325 2212 2364 nem
2250 2309 2307 2363 in
2356 2308 2538 2363 medio
2570 2308 2654 2363 sui
2700 2308 3041 2363 habitantem
3091 2303 3515 2369 contineret,.de
3559 2322 3671 2375 quo

2089 2400 2295 2456 dictum
2350 2407 2490 2455 est:
2542 2419 2558 2451 ι
2599 2399 2827 2456 lnducet
2880 2400 3149 2455 Dominus
3228 2398 3374 2455 Deus
3426 2396 3668 2470 gladium

2091 2506 2256 2561 super
2285 2488 2607 2554 draconem,
2647 2496 2959 2561 serpentem
3008 2497 3341 2554 tortuosum,
3372 2496 3427 2544 et
3457 2487 3670 2543 occidet

2091 2582 2389 2637 draconem
2438 2582 2531 2650 qui
2563 2590 2648 2635 est
2680 2581 2735 2634 in
2765 2579 2905 2634 mari
2924 2580 2992 2634 ’⁸.
3031 2599 3050 2633 ι
3078 2579 3144 2634 Ει
3189 2579 3322 2633 alibi
3376 2587 3685 2649 postquam-

2090 2674 2320 2729 dixisset
2353 2689 2370 2727 :
2401 2693 2419 2725 ι
2452 2672 2564 2726 Hoc
2610 2687 2759 2726 mare
2808 2686 3065 2741 magnum
3102 2680 3158 2725 et
3212 2671 3517 2741 spatiosum
3537 2669 3604 2735 π’,
3643 2686 3664 2719 δ

2091 2766 2321 2822 subdit:
2365 2782 2383 2815 ι
2423 2764 2539 2817 Illic
2596 2763 2765 2817 draco
2812 2763 2919 2817 iste
2962 2777 3123 2832 quem
3170 2762 3423 2818 formasti
3444 2762 3512 2815 ad
3545 2760 3672 2815 illus-

2091 2856 2330 2912 dendum
2362 2854 2411 2912 ei
2436 2854 2503 2910 ³ο.
2540 2872 2558 2906 ι
2592 2852 2706 2907 lmo
2752 2853 3042 2908 confertim
3085 2853 3402 2917 draconem,
3434 2865 3586 2905 mare
3613 2855 3683 2904 et-

2093 2963 2289 3003 sonum
2322 2947 2587 3001 ﬂuctuum
2619 2944 2741 3014 ejus
2793 2944 3125 3014 compressit
3179 2950 3232 2997 et
3292 2942 3503 2998 sedavit
3544 2957 3667 3012 spec

2094 3040 2184 3094 illa
2219 3039 2462 3094 omnium
2501 3038 2687 3119 ﬁnium
2724 3044 2904 3100 term,
2936 3052 3057 3106 qua:
3090 3035 3406 3090 horninibus
3435 3034 3662 3096 aﬂ'ulsit,

2093 3139 2148 3187 et
2192 3131 2408 3185 turbam
2445 3130 2728 3185 nationum
2759 3130 3040 3185 exstinxit.
3074 3125 3169 3181 llis
3204 3126 3442 3196 peractis
3476 3140 3670 3180 consc-

2095 3230 2326 3293 quenter
2373 3221 2766 3291 subjungitur:
2812 3239 2830 3272 ι
2876 3219 2942 3272 Et
2968 3218 3240 3273 timebunt
3284 3216 3382 3286 qui
3425 3216 3672 3270 habitant

2094 3313 2363 3368 terminos
2411 3326 2441 3364 a
2493 3312 2666 3382 signis
2740 3311 2873 3365 tuis.
2915 3307 3100 3377 »Νίκη
3162 3307 3423 3377 praedicta
3490 3307 3670 3377 signa,

2094 3420 2289 3475 nempe
2345 3409 2562 3457 montes
2593 3401 2864 3472 depressi,
2907 3415 3078 3455 sonus
3108 3399 3277 3453 maris
3304 3397 3548 3461 sedatus,
3585 3404 3673 3450 tu-

2093 3497 2298 3551 multus
2343 3493 2632 3558 ﬂuctuum,
2681 3508 2791 3548 non
2838 3499 2898 3546 ut
2947 3492 3077 3545 olim
3112 3489 3478 3560 perturbans;
3510 3488 3671 3542 turba

2094 3569 2221 3641 itém
2268 3587 2551 3640 nationum
2601 3585 2898 3646 exstincta,
2924 3588 3082 3637 erant
3127 3580 3193 3634 ad
3227 3588 3492 3634 terrorem
3518 3573 3675 3633 babi—

2092 3675 2340 3731 tantibus
2389 3674 2658 3730 terminos
2707 3672 3085 3728 incutiendum
3131 3670 3298 3736 satis;
3333 3668 3406 3722 ita
3447 3675 3507 3722 ut
3562 3682 3672 3721 non

2093 3766 2197 3821 ista
2222 3765 2339 3835 jam
2381 3766 2703 3826 memorata,
2741 3764 2835 3819 scd
2881 3777 3049 3817 unum
3096 3776 3286 3816 eorum
3318 3760 3561 3814 omnium
3592 3757 3675 3811 vi-

2091 3862 2325 3919 ctorem,
2373 3854 2514 3909 ultra
2567 3854 2995 3910 reformidarent
3029 3872 3041 3905 :
3075 3868 3237 3922 quem
3314 3851 3530 3906 demum
3581 3864 3675 3904 cov

2090 3951 2418 4014 gnoscentcs
2462 3957 2525 3997 ac
2558 3944 2838 4007 timentes,
2874 3941 3267 3996 beatitudinem
3322 3941 3403 3995 sic
3448 3954 3676 4008 expres-

2092 4049 2207 4088 sam
2247 4040 2658 4102 consequuntur
2695 4051 2708 4085 :
2753 4050 2769 4084 ι
2808 4031 2959 4086 Beati
2992 4046 3185 4085 omnes
3219 4030 3308 4099 qui
3340 4029 3532 4083 timent
3564 4028 3672 4082 Do-

2101 4124 2309 4179 minum
2333 4125 2399 4179 ³¹.
2452 4143 2470 4176 ›
2511 4123 2744 4190 Quinam
2792 4138 2924 4177 vero
2956 4120 3066 4176 sint
3120 4122 3238 4183 illi,
3292 4121 3443 4175 hisce
3496 4119 3674 4174 verbis

2090 4215 2350 4270 edocetur
2386 4230 2398 4265 :
2438 4234 2455 4265 ι
2491 4212 2556 4267 Et
2604 4214 2875 4268 timebunt
2909 4213 3001 4283 qui
3043 4211 3292 4266 habitant
3342 4208 3605 4265 terminos
3642 4223 3673 4262 a

2091 4306 2264 4376 signis
2321 4308 2453 4361 tuis.
2495 4325 2512 4357 ι
2548 4302 2838 4361 Terminos
2882 4312 3062 4360 autem
3120 4301 3432 4357 inhabitare
3477 4300 3676 4356 dicun-

2090 4404 2181 4450 tur
2212 4412 2318 4450 non
2361 4411 2586 4465 prorsus
2611 4397 2644 4449 ii
2678 4397 2770 4466 qui
2799 4403 3043 4463 extrema
3076 4402 3237 4450 terra:
3263 4393 3544 4456 incolunt,
3579 4391 3673 4446 sed

407 4490 507 4544 πῗιν
536 4490 751 4559 γνόντες
798 4489 894 4542 καὶ
938 4487 1281 4557 φοϐούμενοι,
1323 4485 1416 4539 τοῦ
1465 4484 1763 4554 φάσκοντος
1810 4501 1991 4556 μακα-

2095 4489 2186 4559 qui
2234 4504 2341 4542 una
2400 4503 2524 4542 cum
2588 4482 2758 4543 Paulo
2806 4482 2992 4543 dicere
3034 4494 3267 4557 possunt
3302 4507 3314 4540 :
3355 4504 3375 4536 ‹
3419 4483 3481 4539 In
3511 4498 3677 4539 carne

410 4580 606 4652 ρισμοῦ
638 4580 997 4651 τυγχάνουσν
1035 4599 1054 4631 ι
1088 4579 1363 4652 Μακάριοι
1404 4580 1603 4644 πάντες
1640 4580 1690 4633 οἱ
1726 4578 1991 4650 φοϐούμε-

2092 4580 2357 4644 viventcs,
2379 4594 2486 4634 non
2512 4579 2816 4635 secundum
2850 4594 3074 4633 carnem
3105 4577 3407 4632 militamus
3430 4577 3497 4640 ³²,
3533 4594 3553 4628 ι
3578 4582 3633 4629 et
3656 4589 3671 4625 :

407 4689 488 4725 νοι
515 4673 606 4725 τὸν
632 4672 851 4742 Κύριον.
894 4691 912 4723 ι
944 4671 1101 4735 Τίνες
1125 4672 1167 4725 δ’
1202 4670 1269 4725 ἂν
1299 4668 1407 4724 εἷεν
1427 4660 1592 4736 οὗτοι,
1619 4671 1679 4724 τὸ
1712 4670 1884 4741 παρὸν
1906 4669 1991 4723 λό-

2098 4689 2117 4721 ‹
2154 4668 2288 4725 Vivo
2316 4677 2501 4724 autem
2535 4670 2651 4739 jam
2682 4679 2789 4723 non
2820 4685 2944 4739 ego,
2979 4668 3113 4723 vivit
3154 4683 3286 4722 vero
3317 4667 3371 4720 in
3406 4681 3491 4721 me
3524 4665 3678 4721 Chri-

408 4777 525 4829 γιον
549 4755 789 4813 διδάσκει
817 4758 1056 4828 φάσκονο
1090 4778 1108 4810 ι
1143 4758 1253 4813 Καὶ
1290 4760 1688 4832 φοϐηθήσονται
1723 4756 1771 4813 οί
1815 4777 1991 4813 κατοι-

2092 4760 2266 4816 tus”.
2302 4779 2319 4811 ι
2357 4759 2420 4813 lli
2452 4761 2599 4815 enim
2658 4758 2919 4816 humanis
2967 4776 3075 4814 non
3134 4774 3256 4815 sese
3310 4757 3542 4828 negotiis
3575 4757 3679 4812 im-

409 4850 632 4913 κοῦντες
661 4850 728 4903 τά
754 4850 967 4921 πέρατα
993 4849 1101 4902 ἀπὸ
1139 4849 1246 4901 τῶν
1299 4850 1538 4921 σημείων
1590 4867 1703 4904 σου.
1739 4869 1757 4901 ι
1794 4851 1991 4903 Κατοι-

2094 4859 2426 4923 mergentes,
2458 4864 2637 4922 neque
2673 4854 2860 4907 tamen
2926 4852 2994 4906 iis
3050 4865 3173 4907 sese
3204 4865 3432 4920 prorsus
3469 4849 3679 4905 subdu-

412 4944 527 4992 κεῖν
555 4940 612 4993 δὲ
643 4940 889 5009 λέγονται
935 4940 1003 4993 τά
1049 4939 1261 5011 πέρατα
1288 4941 1348 4993 οὐ
1378 4942 1595 5005 πάντως
1629 4943 1678 4996 οἱ
1704 4940 1803 5004 τὰς
1833 4943 1997 5012 ἐσχα-

412 5032 533 5096 τιὰς
572 5031 672 5102 τῆς
720 5034 824 5104 γῆς
874 5032 1168 5096 οἰκοῦντες,
1217 5032 1330 5086 ἀλλ’
1372 5034 1425 5087 οἱ
1472 5030 1760 5105 δυνάμενοι
1799 5033 1999 5104 ὁμοίως

414 5122 614 5195 Παύλῳ
663 5125 871 5193 λέγειν’
911 5144 929 5174 ι
983 5124 1072 5177 Ἐν
1118 5114 1282 5194 σαρκὶ
1328 5122 1437 5194 γὰρ
1487 5123 1710 5190 ζῶντες,
1754 5126 1813 5179 οὐ
1859 5126 2002 5180 κατά

417 5220 596 5289 σάρκα
649 5217 1087 5289 στρατευόμεθαο
1128 5238 1145 5269 ι
1176 5214 1292 5271 καί·
1334 5237 1354 5267 ι
1400 5217 1484 5271 Ζῶ
1528 5214 1589 5271 δέ
1630 5215 1817 5279 οὐκέτι
1871 5217 2002 5286 ἐγὼ,

417 5309 483 5381 ζῇ
518 5310 575 5362 δὲ
620 5312 677 5362 ἐν
722 5308 846 5378 ἐμοὶ
895 5308 1144 5380 Χριστός.
1190 5328 1208 5360 ι
1246 5300 1405 5362 Οὗτοι
1438 5308 1566 5379 γὰρ,
1599 5306 1724 5362 οὔτε
1764 5308 2006 5379 ἐμϐαθύ-

419 5418 608 5464 ναντες
634 5404 746 5461 τοῖς
767 5399 1129 5471 ἀνθρωπίνοις
1151 5394 1488 5471 πράγμασιν,
1513 5397 1633 5453 οὔτε
1658 5401 1832 5473 πάντη
1853 5401 2010 5465 ἐκτὸς

2095 4953 2302 5009 centes,
2327 4943 2484 5013 quasi
2545 4944 2601 4997 in
2660 4942 2865 4997 ﬁnibus
2909 4940 3242 5004 consistunt,
3276 4947 3330 4995 et
3377 4941 3524 4995 circa
3553 4940 3681 4994 vita:

2100 5036 2350 5091 humanae
2380 5035 2646 5092 terminos
2683 5045 2993 5090 versantur.
3016 5033 3119 5099 Qui
3148 5048 3282 5091 sane
3312 5034 3484 5087 multo
3511 5047 3676 5087 sensu

2102 5125 2335 5198 przediti,
2395 5126 2710 5197 conspectis
2774 5124 3081 5181 Servatoris
3130 5126 3305 5187 nostri
3369 5123 3564 5194 signis,
3609 5121 3678 5176 ad

2103 5218 2434 5289 principium
2510 5218 2814 5288 sapientia,
2857 5217 3107 5270 timorem
3163 5214 3254 5269 Dei
3311 5222 3676 5275 assumentes,

2104 5306 2463 5375 devenerunt,
2497 5310 2632 5377 Quis
2678 5327 2809 5373 vero
2839 5325 3054 5373 eorum,
3086 5309 3179 5378 qui
3213 5308 3380 5362 variis
3414 5306 3678 5374 tempori-

2107 5405 2209 5459 bus
2242 5405 2532 5473 impcrium
2581 5411 2827 5463 tenuere.
2852 5401 3245 5457 sublimitatem
3271 5407 3325 5454 et
3357 5398 3596 5454 insultns
3622 5398 3679 5452 in

420 5493 574 5557 ὄντες
609 5492 810 5557 αὐτῶν,
835 5493 1025 5564 ὥσπερ
1051 5495 1109 5547 ἐν
1152 5492 1387 5566 μεθορίῳ
1423 5494 1845 5565 καθεστήκασιν,
1867 5487 1991 5565 ἀμ.ςᾷ

2110 5493 2409 5548 Ecclesiam
2455 5492 2548 5548 Dei
2584 5494 2959 5564 conspicatus,
2992 5492 3116 5560 quis
3165 5489 3456 5558 impiorum
3506 5488 3680 5545 hami.

422 5581 489 5634 τὰ
542 5578 754 5654 πέρατα
789 5582 887 5652 τῆς
926 5580 1273 5653 ἀνθρωπίνης
1302 5581 1446 5652 ζωῆς
1488 5580 1908 5652 πολιτευόμενοι.
1949 5586 1989 5637 Ο

2110 5602 2237 5639 unm
2299 5584 2709 5655 persecutiones
2752 5594 2804 5639 ct
2857 5583 3035 5638 minas
3090 5582 3344 5645 intuitus,
3372 5595 3483 5634 non
3536 5578 3680 5643 dicat

493 5756 539 5791 "
570 5755 672 5811 lsa.
714 5774 884 5825 xxm,
926 5758 976 5812 l.
1055 5759 1097 5788 ”
1133 5756 1273 5813 Psal.
1310 5772 1428 5823 cm,
1459 5755 1549 5813 9.5.
1633 5757 1676 5790 ³ο
1709 5755 1954 5814 lbid.£6.

2108 5759 2251 5815 l‘sal.
2283 5774 2486 5825 cum,
2528 5760 2572 5814 1.
2655 5758 2698 5790 ³³
2731 5757 2774 5817 11
2803 5759 2932 5814 Cor.
2960 5775 3013 5824 χ,
3055 5759 3109 5814 5.
3189 5756 3232 5789 ³⁹
3254 5755 3381 5813 Gal.
3407 5772 3466 5819 ιι,
3491 5754 3567 5809 το
