4090 6368
465 327 567 384 659
1193 330 1465 388 EUSEBll
1505 322 1990 389 CIESARfENSlS

2120 331 2178 386 P.
2215 333 2396 389 PARS
2435 333 2523 390 ΙΙΙ.
2564 364 2635 376 —
2672 333 3085 390 EXEGETIC-A.
3651 335 3756 391 ϐω

464 457 684 501 montes
724 445 1021 509 exaltatos.
1054 456 1210 504 mare
1260 463 1596 509 concussum
1648 449 1841 514 fuisse,
1869 458 1923 505 et
1964 464 2021 506 so

2120 451 2243 523 ,δὴ,
2297 440 2501 523 πολλῆς
2542 451 2846 522 αἰσθήσεως
2883 452 3263 523 μετασχόντες,
3301 451 3369 505 τὰ
3413 453 3617 522 σημεῖα
3656 453 3752 507 τοῦ

464 550 597 591 num
636 536 904 591 ﬂuctuum
935 552 1061 593 esse
1111 539 1407 608 impiorum
1464 551 1520 595 et
1569 543 1857 597 atbeorum
1913 541 2021 597 btas

2158 537 2411 609 Σωτῆρος
2476 537 2636 608 ἡμῶν
2683 537 3030 608 θεασάμενοι,
3090 540 3141 591 oi
3196 540 3253 592 ἐν
3303 540 3445 611 ἀρχῇ
3494 541 3753 608 γεγόνασι

460 628 659 697 phema
694 627 1037 694 dieta?‘Qua:
1067 645 1201 685 sane
1233 634 1421 686 omnia
1465 634 1559 687 ille
1611 633 1858 688 omnium
1900 642 2021 689 terr:

2159 629 2372 698 σοφίας,
2403 629 2496 683 τὸν
2528 629 2691 697 φόϐον
2722 628 2816 682 τοῦ
2857 628 2995 708 Θεοῦ
3049 628 3419 700 ἀνειληφότες.
3464 631 3559 694 Τίς
3591 631 3647 685 δὲ
3682 632 3752 686 τὰ

462 721 829 773 tertninorum
862 717 1153 787 Servatur,
1179 724 1265 776 vel
1314 724 1435 779 solo
1480 734 1611 778 nutu
1647 725 1702 779 in
1731 714 1932 779 virtute
1959 740 2020 779 su

2159 718 2427 788 ὒψώματα
2451 717 2561 769 τῶν
2594 717 2735 771 κατὰ
2760 718 2986 789 χρόνους
3018 719 3295 789 ἀρχόντων
3335 720 3429 773 καὶ
3470 719 3570 791 τὰς
3608 721 3750 775 κατά

461 812 771 877 deprimere
802 814 1130 880 consuevit;
1160 815 1233 868 ita
1264 823 1324 869 ut
1367 816 1483 885 qui.
1519 817 1731 871 ruinam
1785 826 1836 870 et
1883 832 2015 886 pern

2163 809 2249 879 ..ἧς
2291 807 2615 878 Ἐκκλησίας
2671 807 2765 861 τοῦ
2822 807 2957 861 Θεοῦ
3016 809 3449 876 ἐπαναστάσεις,
3511 812 3638 875 τούς
3689 830 3749 867 τε

461 897 601 950 cietn
634 914 824 953 eorum
875 901 1235 969 conSpiciunt
1278 904 1603 970 turbentur;
1640 904 1734 957 alii
1768 920 1900 958 vero
1930 904 2021 958 hin

2153 900 2427 971 διωγμοὺς
2457 898 2551 953 καὶ
2583 899 2682 963 τὰς
2707 898 2935 963 ἀπειλὰς
2959 899 3068 953 τῶν
3095 901 3306 955 ἀσεϐῶν
3328 903 3539 973 ἀνδρῶν
3560 904 3750 959 τεθεα-

460 992 756 1044 utilitatem
814 993 1236 1057 nanciseantur,
1299 994 1505 1064 Deique
1552 996 1805 1050 timorem
1890 1011 2020 1051 assu

2159 991 2336 1063 μένος,
2371 993 2470 1045 οὐκ
2493 991 2559 1045 ἂν
2584 992 2726 1043 εἴποι
2750 991 2852 1063 ὅρη
2879 987 3019 1045 εἶναι
3042 991 3175 1059 ὑψού
3185 1010 3320 1063 μενα
3343 993 3437 1047 καὶ
3469 993 3747 1049 θάλασσαν

460 1090 631 1143 mant,
667 1083 962 1152 impiorum
1010 1088 1309 1155 perniciem
1366 1087 1564 1143 divinae
1615 1087 1918 1147 Salvateris
1951 1104 2048 1160 po-

460 1174 675 1228 testatis
706 1175 863 1244 signa
890 1178 1182 1246 perspicua
1210 1193 1335 1232 esse
1362 1180 1710 1235 conﬁtentes.
1898 1214 1903 1219 -

2153 1172 2268 1225 ϐῶν
2309 1172 2402 1225 καὶ
2448 1170 2622 1225 ἀθέων
2672 1171 3055 1244 βλασφημίας;
3113 1174 3182 1227 "A
3239 1173 3305 1246 δὴ
3351 1175 3529 1229 πάντα
3575 1176 3633 1229 ὲν
3673 1178 3740 1247 τῇ

460 1266 606 1337 ίσχύῖ
671 1269 838 1324 αὐτοῦ
867 1272 896 1323 ὁ
928 1272 1120 1345 Σωτὴρ
1158 1274 1373 1326 πάντων
1406 1272 1514 1327 τῶν
1559 1274 1811 1344 περάτων
1853 1274 1950 1344 τῆς
1983 1273 2084 1342 ﬁt;
2127 1271 2224 1341 μιᾷ
2269 1270 2407 1339 ῥοπῇ
2450 1267 2737 1322 ταπεινοῦν
2785 1268 3009 1321 εἴωθεν·
3055 1268 3131 1332 ὡς
3176 1270 3304 1333 τοὺς
3363 1270 3741 1342 ὁρῶντας-τὴν

454 1360 661 1415 πτῶσιν
689 1363 867 1417 αὐτῶν
903 1364 994 1418 καὶ
1036 1368 1135 1435 τὴν
1182 1365 1457 1420 ἀπώλειαν
1490 1368 1887 1437 ταράττεσθαι·
1921 1370 2047 1431 τοὺς
2083 1366 2139 1418 δὲ
2172 1361 2500 1433 ὠφελεῖσθαι
2542 1364 2635 1416 καὶ
2668 1361 2830 1431 φόϐον
2861 1363 3264 1434 ἀναλαμϐάνειν
3323 1364 3480 1432 Θεοῦ,
3542 1370 3743 1438 σημεῖα

454 1454 659 1526 ἐναργῆ
687 1458 786 1529 τῆς
822 1458 915 1512 τοῦ
954 1461 1206 1532 Σωτῆρος
1247 1461 1431 1515 ἐνθέου
1468 1462 1753 1533 δυνάμεως
1797 1464 1897 1535 τὴν
1936 1462 2047 1517 τῶν
2083 1458 2297 1516 ἀσεϐῶν
2324 1456 2638 1541 καθαίρεσιν
2669 1453 2809 1512 εἶναι
2835 1456 3246 1529 ὁμολογοῦντας.

530 1569 693 1626 Vens.
734 1573 999 1638 10,“..4
1036 1574 1225 1632 Exitus
1259 1576 1513 1635 matutini
1541 1584 1595 1631 et
1617 1592 1860 1648 vesperae
1892 1577 2021 1633 delet

2225 1593 2243 1626 ι
2292 1574 2534 1639 Ἐξόδους
2557 1572 2772 1644 πρωῖας
2799 1573 2889 1625 καὶ
2913 1571 3150 1642 ἑσπέρας
3174 1574 3229 1624 τέ
3240 1572 3419 1642 ρψεις·
3453 1572 3743 1642 ἐπεσκέψω

450 1665 744 1719 ctationes.
771 1662 1017 1720 Visitasti
1049 1675 1248 1722 terram
1273 1679 1325 1724 et
1348 1669 1629 1724 inebrlasti
1653 1686 1795 1725 eam.
1828 1689 1846 1722 ›
1870 1670 1950 1725 Ad
1976 1686 2021 1725 e:

2146 1667 2244 1738 τὴν
2274 1667 2377 1736 γῆν
2418 1666 2513 1718 καὶ
2556 1666 2830 1736 ὲμέθυσας
2859 1665 3051 1734 αὐτήν.
3097 1684 3115 1715 ›
3164 1664 3309 1735 Πρὸς
3354 1667 3467 1727 τοῖς
3498 1665 3744 1718 κατειλε-

449 1770 571 1824 quae
601 1757 751 1824 prius
783 1766 1102 1813 enumerata
1155 1767 1307 1825 sunt,
1345 1762 1448 1815 alia
1499 1763 1625 1818 item
1662 1764 1816 1832 signa
1865 1764 2021 1817 virtu

2146 1760 2368 1830 γμένοις
2407 1761 2501 1812 καὶ
2533 1759 2669 1813 ἄλλα
2696 1762 2896 1828 σημεῖα
2923 1760 3018 1830 τῆς
3048 1759 3143 1811 τοῦ
3180 1759 3433 1831 Σωτῆρος
3460 1760 3743 1830 δυνάμεως

2154 1081 2372 1152 ἀληθῶς
2400 1080 2792 1151 κυμαίνουσαν,
2816 1077 2950 1152 ἦχόν
2987 1098 3045 1134 τε
3079 1082 3340 1153 κυμάτων
3360 1083 3457 1147 τὰς
3486 1084 3593 1138 τῶν
3618 1086 3747 1138 άσε-
3844 1090 3855 1106 ‘

448 1846 521 1901 tis
553 1845 862 1902 Servatoris
887 1850 1134 1904 declarat
1169 1851 1253 1906 his
1289 1853 1472 1909 verbis
1510 1873 1522 1909 :
1564 1874 1581 1906 ι
1623 1853 1816 1909 Exitus
1861 1862 2039 1908 rnatu-

448 1936 547 1992 tini
605 1944 659 1991 et
690 1954 932 2008 vesperae
988 1940 1403 1998 delectationes.
1442 1964 1459 1996 ›
1491 1942 1609 1999 Ρι·ο’
1637 1962 1747 2016 quo
1788 1945 2039 2018 Symma-

445 2027 583 2082 chus
620 2048 632 2082 :
674 2048 691 2080 ι
725 2028 1060 2101 Progressus
1109 2030 1336 2087 diluculi
1364 2043 1419 2089 et
1471 2036 1658 2107 hymni
1720 2045 1983 2108 vesperae.
2011 2056 2029 2089 ι

447 2115 626 2174 Unum
664 2121 867 2190 quippe
914 2121 1019 2176 hoc
1071 2125 1482 2192 maximumque
1526 2130 1742 2197 signum
1771 2137 1856 2183 est
1887 2130 2036 2185 salu-

443 2210 582 2264 taris
611 2212 855 2279 virtutis,
885 2213 1032 2282 quod
1074 2224 1367 2286 postquam
1414 2235 1583 2289 supra
1631 2220 1778 2274 dicta
1811 2219 2035 2293 depres-

445 2313 615 2365 serat,
644 2303 825 2358 exitus
852 2307 1109 2361 matutini
1140 2316 1194 2363 et
1226 2308 1626 2368 delectationes
1672 2328 1915 2383 vesperae
1936 2314 2035 2369 bo-

442 2388 687 2443 minibus
712 2393 1096 2463 constituerit;
1131 2400 1266 2460 sive,
1289 2385 1593 2456 secundum
1616 2400 2030 2473 Symmachum,

446 2496 468 2529 ‹
509 2479 765 2551 hymnos,
824 2503 843 2534 ι
885 2493 1004 2550 aut,
1059 2490 1361 2544 secundum
1398 2493 1671 2563 Aquilam,
1703 2513 1721 2545 ι
1759 2495 1973 2553 laudes.
2008 2516 2026 2548 ι

439 2568 576 2624 Nam
600 2573 753 2642 quod
786 2591 884 2645 per
927 2576 1248 2634 universum
1301 2583 1492 2638 orbem
1538 2585 1591 2638 in
1648 2586 1900 2642 ecclesiis
1936 2585 2031 2642 Dei

439 2662 495 2717 in
555 2667 826 2721 matutino
897 2669 1031 2725 solis
1101 2674 1275 2737 exitu,
1332 2682 1386 2728 et
1454 2679 1809 2747 vespertinis.
1851 2679 2026 2745 horis,
2090 2726 2098 2745 ,

437 2753 646 2826 hynmi,
700 2759 891 2815 laudes
942 2770 996 2815 et
1059 2763 1261 2821 divinae
1311 2783 1442 2822 vere
1471 2770 1866 2828 delectationes
1918 2771 2029 2827 Dee
2070 2800 2077 2803 -

438 2848 869 2916 constituantur,
906 2852 959 2905 id
995 2869 1128 2909 sane
1174 2855 1269 2913 Dei
1312 2860 1536 2916 virtutis
1583 2877 1694 2916 non
1750 2864 2025 2919 modicum

437 2935 653 3007 signum
714 2949 820 2997 est.
856 2941 951 2997 Dei
1004 2940 1590 3009 vcro'delectationes
1652 2965 1781 3010 sunt
1837 2956 2025 3028 hymni

435 3028 1029 3098 ubiqtte‘terrarum'in
1065 3036 1312 3095 Ecclesia
1346 3043 1469 3112 ejus
1505 3047 1795 3103 matutinis
1843 3060 1897 3103 et
1933 3066 2025 3105 ve-

2144 1852 2380 1923 παρίστη
2411 1852 2616 1919 λέγων·
2654 1870 2673 1902 ι
2722 1850 2962 1917 Ἐξὸδους
2993 1852 3204 1923 πρωῖας
3236 1850 3328 1903 καὶ
3353 1852 3592 1924 ἑσπέρας
3618 1852 3745 1923 τέρ-

2139 1942 2288 2013 ψεις·
2328 1962 2347 1994 ι
2381 1942 2495 1996 ἀνθ’
2531 1935 2591 1996 οὗ
2623 1945 2651 1996 ό
2689 1943 2985 2014 Σύμμαχος
3013 1940 3352 2015 ἡρμήνευσε·
3391 1964 3411 1994 ι
3452 1943 3564 2006 Τὰς
3604 1960 3739 2016 προ-

2140 2033 2381 2097 ελεύσεις
2409 2032 2502 2087 τοῦ
2545 2033 2742 2104 ὄρθρου
2789 2033 2883 2089 καὶ
2937 2033 3038 2104 τῆς
3088 2034 3329 2105 ἑσπέρας
3372 2035 3471 2098 τὰς
3514 2035 3741 2106 ύμνολο-

2138 2125 2285 2194 γίας.
2316 2144 2335 2175 ι
2376 2125 2472 2177 "Ev
2502 2123 2610 2195 γὰρ
2638 2125 2732 2177 καὶ⁵
2755 2124 2913 2177 τοῦτο
2950 2124 3204 2196 μέγιστον
3231 2127 3458 2196 σημεῖον
3479 2126 3738 2197 τυγχάνει

2136 2215 2235 2286 τῆς
2288 2216 2556 2286 σωτηρίου
2602 2216 2907 2286 δυνάμεως,
2959 2216 3020 2268 τὸ
3075 2217 3214 2286 μετὰ
3254 2217 3355 2288 τὴν
3407 2218 3739 2273 ταπείνωσιν

2135 2305 2243 2358 τῶν
2278 2305 2691 2378 προλεχθέντων
2713 2306 3087 2377 συστήσασθαι
3111 2309 3168 2360 ὲν
3194 2306 3502 2378 ἀνθρώποις
3520 2306 3743 2374 ἐξόδους

2136 2398 2347 2469 πρωῖας
2381 2397 2477 2450 καὶ
2511 2397 2749 2469 ἑσπέρας
2781 2397 3091 2468 τέρψεις·νῆ
3121 2397 3263 2451 κατὰ
3286 2397 3379 2452 τὸν
3414 2398 3733 2469 Σύμμαχον,

2141 2505 2158 2537 ι
2188 2485 2534 2558 ὑμνολογίας,
2561 2488 2654 2560 δὴ,
2675 2488 2817 2541 κατὰ
2838 2490 2929 2543 τὸν
2963 2488 3215 2554 Ἀκύλαν,
3236 2507 3257 2540 ι
3291 2491 3678 2560 αίνοποιήσεις.
3708 2509 3726 2542 ι

2134 2578 2208 2630 Τὸ
2231 2578 2339 2651 γὰρ
2379 2578 2497 2632 καθ’
2521 2580 2647 2650 ὅλης
2680 2580 2781 2651 τῆς
2809 2581 3136 2651 οἰκουμένης
3169 2582 3228 2633 ἐν
3263 2584 3385 2644 ταῖς
3414 2580 3732 2652 ἐκκλησίαις

2131 2670 2225 2723 τοῦ
2254 2670 2389 2725 Θεοῦ
2420 2671 2562 2725 κατὰ
2594 2672 2694 2736 τὰς
2736 2672 2981 2743 πρωῖνάς
3015 2673 3109 2726 τοῦ
3142 2673 3292 2744 ἡλίου
3317 2674 3549 2740 ἐξόδους,
3587 2678 3730 2734 κατά

2130 2778 2189 2815 τε
2223 2763 2321 2827 τὰς
2346 2765 2637 2836 ἐσπερινάς
2662 2764 2811 2836 ὥρας
2854 2765 3178 2837 ὐμνολογίας
3204 2769 3296 2820 καὶ
3338 2769 3726 2839 αίνοποιήσεις,

2130 2854 2225 2907 καὶ
2254 2854 2403 2920 θείας
2436 2855 2653 2928 ἀληθῶς
2689 2856 2909 2927 τέρψεις
2959 2856 3039 2927 τῷ
3084 2856 3202 2927 Θεῷ
3239 2856 3636 2929 συστήσασθαι,
3665 2857 3728 2912 οὐ

2126 2945 2188 2998 τὸ
2217 2946 2378 3017 τυχὸν
2418 2942 2486 3017 ἦν
2524 2946 2660 3000 Θεοῦ
2700 2946 2907 3018 ἀρετῆς
2956 2949 3202 3016 σημεῖον,
3242 2946 3378 3000 Θεοῦ
3412 2946 3471 2999 δὲ
3503 2946 3726 3018 τέρψεις

2126 3041 2176 3091 οἲ
2206 3037 2483 3109 πανταχοῦ
2510 3040 2609 3109 τῆς
2632 3039 2736 3109 γῆς
2761 3040 2818 3091 ὲν
2851 3040 2916 3109 τῇ
2956 3036 3253 3107 Ἐκκλησία
3279 3037 3447 3091 αὐτοῦ
3481 3038 3727 3110 ἀναπεμ-

435 3119 700 3187 spertinis
726 3122 879 3180 boris
910 3127 1123 3182 emissi.
1149 3129 1331 3195 Quare
1377 3133 1587 3189 dictum
1637 3146 1723 3192 est
1769 3139 1971 3194 alicubi
2007 3157 2020 3193 :

2130 3130 2356 3201 πόμενοι
2393 3128 2537 3184 κατὰ
2569 3131 2694 3193 τοὺς
2726 3130 3009 3201 ὀρθρινοὺς
3038 3130 3130 3182 καὶ
3172 3128 3318 3182 κατὰ
3342 3131 3471 3193 τοὺς
3500 3131 3724 3200 ἑσπερι-

441 3229 461 3262 ι
493 3210 743 3268 Iucunda
773 3217 844 3271 sit
872 3219 919 3272 ei
970 3219 1090 3276 laus
1128 3239 1248 3278 mea
1275 3223 1357 3292 ἰς
1398 3246 1414 3278 ι
1454 3244 1518 3283 ac
1545 3245 1765 3284 rursum
1794 3248 1806 3283 :
1846 3252 1862 3283 ι
1904 3234 2028 3290 Ele-

434 3306 584 3360 vatio
607 3321 866 3362 manuum
894 3327 1139 3371 mearum
1160 3317 1493 3373 sacrificium
1519 3323 1892 3391 vespertinum
1910 3325 1974 3393 ’3;
2002 3346 2020 3378 ι

434 3400 490 3449 et
521 3413 534 3449 :
570 3415 589 3447 ι
633 3394 754 3451 Fiat
775 3402 952 3456 oratio
980 3418 1101 3460 mea
1133 3407 1278 3462 sicut
1304 3409 1593 3486 incensum
1634 3413 1689 3466 in
1721 3425 2023 3486 conspectu

433 3495 529 3541 tuo
544 3489 609 3543 ³⁸.
641 3509 660 3541 ι
695 3492 833 3560 Ipsa:
860 3493 1045 3564 itaque
1072 3484 1468 3559 delectationes
1519 3501 1832 3560 Servatoris
1863 3484 2023 3576 Vsigna

436 3587 586 3634 sunt.
620 3581 704 3635 Ad
759 3582 873 3637 haec
922 3585 1070 3640 aliud
1130 3589 1430 3643 maximum
1488 3593 1704 3664 signum
1755 3604 2023 3651 memorat

433 3669 628 3726 dicens
668 3692 680 3727 :
720 3691 739 3724 ι
780 3672 1032 3731 Visitasti
1084 3685 1312 3743 terram,
1347 3689 1401 3737 et
1465 3684 1750 3741 incbriasti
1809 3702 1948 3742 eam.
1994 3707 2013 3739 ι

434 3758 506 3815 Ut
529 3763 673 3817 enim
701 3780 906 3836 aegrum
939 3768 1188 3825 medicus
1222 3771 1444 3839 inspicit
1480 3790 1544 3829 ac
1571 3777 1773 3831 visitat.
1814 3780 2017 3836 morbi-

433 3866 540 3920 que
562 3867 749 3906 cnram
784 3857 942 3925 gerit.
969 3859 1265 3933 omniaque
1294 3861 1363 3916 ad
1400 3864 1667 3919 medelam
1703 3874 1756 3922 et
1782 3869 2014 3924 salutem

432 3953 739 4014 opportuna
770 3949 1015 4017 conlert;
1041 3953 1233 4009 eodem
1265 3956 1429 4011 modo
1457 3965 1513 4012 ιιι
1540 3957 1799 4015 Set-valor
1828 3971 2018 4018 noster

430 4042 484 4087 et
516 4049 640 4104 spes
677 4040 921 4093 omnium
978 4043 1165 4096 (inium
1220 4052 1402 4110 terra),
1445 4049 1728 4104 accinctus
1772 4053 2013 4121 potentia

431 4125 649 4183 virtutis
683 4138 808 4191 tuae,
844 4132 959 4188 haec
989 4136 1172 4190 omnia
1213 4147 1475 4207 Operatus
1517 4157 1578 4196 es
1616 4161 1628 4197 :
1668 4144 2013 4201 adversaries

427 4223 727 4282 potcsmtes
755 4220 822 4274 d‘e
856 4222 1038 4277 medio
1068 4226 1369 4291 sustulisti,
1401 4230 1706 4287 matutinas
1746 4235 2014 4304 vesperti~

423 4315 633 4374 nasque
660 4307 1055 4366 delectationes
1083 4312 1137 4367 in
1190 4320 1336 4369 terra
1378 4320 1720 4376 constituisti
1758 4341 1769 4377 :
1802 4331 1856 4378 et
1886 4323 2012 4379 haec

420 4391 673 4464 eﬁ‘eeisti,
698 4399 952 4455 homines
994 4402 1306 4460 visitatione
1332 4408 1590 4480 dignatus
1629 4419 1744 4476 tua,
1780 4430 1885 4484 qua
1920 4416 2007 4474 in-

2129 3220 2251 3282 νοὺς
2283 3220 2508 3289 καιροὺς
2561 3218 2721 3289 ὕμνοι
2758 3218 3105 3288 τυγχάνουσι.
3161 3218 3252 3271 Διὸ
3289 3218 3539 3272 λέλεκταί
3581 3236 3682 3274 που
3706 3237 3729 3253 ·-

2134 3327 2154 3360 ι
2198 3309 2478 3380 Ἠδυνθείη
2534 3308 2683 3379 αὐτῷ
2735 3312 2768 3381 ἡ
2836 3307 3042 3372 αὴεσίς
3097 3325 3230 3379 μου·
3289 3329 3307 3360 ι
3358 3311 3454 3363 καὶ
3529 3311 3717 3365 πάλιν

2133 3419 2150 3450 ι
2190 3400 2458 3471 Ἔπαρσις
2502 3398 2610 3453 τῶν
2643 3398 2845 3471 χειρῶν
2885 3416 2993 3470 μου
3024 3398 3185 3453 θυσία
3219 3402 3476 3473 ὲσπερινή
3499 3419 3512 3432 ·
3552 3420 3571 3452 ι
3603 3401 3718 3454 καί·

2131 3510 2149 3542 ι
2183 3490 2471 3562 Γενηθήτω
2516 3493 2548 3562 ἡ
2604 3492 2881 3563 προσευχή
2932 3508 3033 3563 μου
3078 3491 3154 3556 ὡς
3193 3492 3445 3565 θυμίαμα
3492 3491 3730 3546 ἐνώπιόν-

2125 3600 2239 3638 σου.
2278 3602 2296 3634 ι
2325 3584 2434 3636 Καὶ
2467 3576 2627 3636 αὗται
2654 3578 2767 3636 ὀὖν
2810 3584 2866 3635 αί
2912 3582 3132 3655 τέρψεις
3163 3587 3363 3656 σημεῖα
3394 3584 3718 3655 τυγχάνουσι

2120 3673 2224 3727 τοῦ·
2248 3674 2520 3746 Σωτῆρος.
2565 3674 2676 3727 Καὶ
2717 3673 2845 3728 ἄλλο
2870 3673 2926 3728 δὲ
2960 3673 3097 3746 πρὸς
3127 3675 3336 3740 τούτοις
3369 3679 3592 3747 σημεῖον
3618 3677 3716 3748 μέ-

2119 3781 2304 3833 γιστον
2332 3764 2752 3835 καταριθμεῖται
2781 3765 2908 3835 ἑξῆς
2946 3765 3148 3834 λέγων·
3186 3786 3215 3841 ι
3261 3767 3579 3838 Ἐπεσκέψω
3619 3766 3715 3838 τὴν

2118 3856 2243 3927 γῆν,
2288 3857 2383 3909 καὶ
2417 3856 2690 3926 ὲμέθυσας
2730 3858 2921 3927 αὑτήν.
2958 3874 2977 3907 ›
3026 3857 3114 3921 Ὠς
3170 3858 3280 3928 γὰρ
3328 3859 3585 3912 νοσοῦντα
3635 3860 3716 3911 ία-

2114 3948 2244 4019 τρὺς
2272 3948 2447 4020 ἐφορᾷ
2478 3950 2571 4003 καὶ
2600 3948 3009 4014 ὲπισκέπτεται,
3050 3949 3365 4023 ἐπιμέλειαν
3394 3949 3712 4019 ποιούμενος

2115 4035 2211 4090 τοῦ
2245 4036 2469 4102 πάθους,
2515 4038 2692 4091 πάντα
2722 4056 2782 4091 τε
2825 4037 2894 4092 τὰ
2938 4039 3075 4110 πρὸς
3122 4037 3265 4091 ίασιν
3305 4038 3398 4091 καὶ
3438 4038 3710 4109 σωτηρίαν

2117 4128 2472 4182 συντελοῦντα
2508 4128 2979 4201 συμϐαλλόμενος·
3024 4128 3116 4182 τὸν
3164 4128 3326 4184 αὑτὸν
3365 4129 3567 4202 τρόπον
3614 4132 3708 4183 καὶ

2116 4223 2179 4275 σὺ
2222 4223 2249 4275 ὁ
2296 4222 2489 4294 Σωτὴρ
2528 4223 2705 4294 ἡμῶν,
2756 4224 2789 4293 ἡ
2844 4220 3000 4283 ἐλπὶς
3046 4219 3263 4272 πάντων
3303 4220 3411 4273 τῶν
3455 4222 3708 4293 περάτων

2112 4312 2209 4383 τῆς
2252 4312 2378 4382 γῆς,
2424 4310 2871 4385 περιζωσάμενος
2913 4310 3230 4365 δυναστείαν
3274 4313 3340 4383 τῇ
3392 4312 3537 4382 ίσχύῖ
3588 4330 3702 4377 σου,

2110 4399 2285 4457 ταῦτα
2328 4404 2507 4458 πάντα
2544 4402 2814 4474 εἰργάσω·
2846 4402 2946 4466 τὰς
2975 4403 3072 4473 μὲν
3107 4404 3490 4474 ἀντικειμένας
3517 4403 3703 4457 καθεῖ-

422 4484 574 4539 ﬁnita
628 4489 764 4558 ipsis
835 4490 978 4544 bona
1037 4497 1239 4551 collata
1323 4509 1474 4566 sunt,
1537 4505 1609 4557 ita
1663 4490 1724 4557 nt
1782 4510 2003 4577 optimis

2120 4494 2201 4556 λες
2241 4492 2521 4563 δυνάμεις,
2580 4493 2891 4564 συνεστήσω
2928 4493 2982 4546 δὲ
3033 4494 3124 4546 ἐπὶ
3168 4495 3272 4565 γῆς
3324 4492 3567 4565 πρωῖνάς
3608 4488 3701 4551 καὶ

420 4572 531 4628 illis
573 4578 686 4629 tuis
737 4579 1061 4636 muneribtts
1121 4587 1466 4655 replerentur
1487 4600 1543 4646 et
1576 4572 1999 4664 inebriarentur,

418 4674 582 4734 atque
613 4668 811 4725 divites
839 4672 1134 4729 evaderent
1186 4682 1492 4743 secundum
1553 4684 1873 4755 Apostolum
1910 4694 2003 4761 qui

416 4756 539 4845 ait_:
574 4775 593 4806 ι
631 4757 689 4811 1η
717 4762 866 4814 omni
922 4762 1123 4820 divites
1173 4766 1305 4823 facti
1348 4773 1484 4827 estis
1515 4773 1568 4828 in
1596 4770 1739 4845 ipso.
1771 4778 1824 4831 in
1853 4756 2002 4835 omni

414 4840 581 4894 verbo
601 4851 655 4897 et
684 4844 738 4896 in
774 4848 924 4902 omni
955 4851 1189 4905 scientia
1217 4854 1282 4922 ³⁷;
1323 4875 1342 4907 ι
1378 4858 1493 4913 sive
1516 4840 1818 4916 secundum
1846 4861 2006 4935 Sym-

413 4930 672 4987 machum
708 4952 721 4988 :
762 4954 780 4986 ι
822 4935 1123 4996 Fructuum
1150 4944 1403 5003 ubertate
1460 4950 1663 5009 ditabis
1722 4930 1920 5025 ipsam.
1977 4975 1996 5007 ι

409 5019 699 5086 Quomodo
757 5027 1120 5088 inebriaverit
1175 5044 1402 5105 terram,
1438 5045 1717 5113 quomodo
1743 5019 2002 5118 locuple-

406 5115 608 5208 taverit
653 5125 709 5173 et
753 5118 1034 5180 fructuum
1098 5129 1353 5188 ubertate
1397 5137 1715 5206 repleverit,
1753 5141 1856 5195 sub
1884 5115 1999 5195 inec
2049 5205 2053 5208 ν

409 5204 653 5302 declarat
689 5213 910 5302 pdicens
950 5212 973 5269 ἐ
1032 5239 1051 5272 ‹
1103 5220 1335 5281 Flumen
1400 5204 1499 5283 Dei
1563 5233 1837 5302 repletum
1915 5243 1999 5291 est

392 5297 587 5395 aquis.
632 5319 652 5353 ι
689 5300 826 5359 Nam
879 5314 1030 5364 tuum
1085 5314 1261 5368 sancti
1302 5314 1542 5387 Spiritus
1594 5297 1818 5388 (lumen,
1846 5327 1993 5395 quod

406 5398 476 5440 ex
521 5386 673 5446 fonte
717 5397 953 5452 scaturit
1003 5410 1117 5469 tuo,
1144 5408 1319 5462 terrae
1346 5386 1755 5470 habitatoribus
1791 5386 1994 5487 elargi-

404 5484 513 5543 tus,
571 5490 739 5554 atque
774 5490 1176 5552 rationabilem
1233 5501 1705 5575 spiritualemque.
1744 5484 1990 5577 ipsorum

404 5584 618 5640 agrum,
662 5578 755 5647 qui
805 5586 954 5636 terra
979 5597 1229 5656 vocatur,
1267 5596 1473 5665 magno
1505 5594 1784 5653 inundans
1817 5596 1989 5664 ﬂuxu,

2107 4582 2402 4654 έσπερινὰς
2440 4582 2691 4655 τέρψεις·
2730 4583 2824 4635 καὶ
2864 4582 3013 4636 ταῦτ’
3047 4583 3306 4656 ἔπραξας,
3357 4581 3701 4647 καταξιώσας

2104 4679 2204 4748 τῆς
2252 4676 2478 4729 σεαυτοῦ
2511 4662 2838 4748 ’ἐπισκοπῆς
2882 4677 3008 4741 τοὺς
3054 4676 3147 4731 ὲπὶ
3196 4680 3301 4748 γῆς
3354 4675 3695 4746 ἀνθρώπους,

2103 4770 2167 4825 δι’
2199 4762 2268 4841 ἧς
2301 4770 2470 4840 μυρία
2503 4770 2686 4833 αὐτοῖς
2725 4770 2907 4839 ἀγαθὰ
2947 4769 3277 4842 δεδώρηται·
3308 4769 3383 4833 ὡς
3414 4768 3697 4841 πληρῶσαι

2105 4861 2301 4924 αὐτοὺς
2346 4862 2440 4913 καὶ
2487 4861 2722 4933 μεθύσαι
2785 4865 2904 4928 ταῖς
2950 4861 3185 4931 ἀγαθαῖς
3237 4878 3331 4914 σου
3376 4861 3692 4935 χορηγίαις,

2106 4954 2388 5009 πλουτίσαι
2415 4973 2474 5011 τε
2508 4957 2704 5020 αὐτοὺς
2743 4956 2883 5011 κατὰ
2925 4956 3017 5009 τὸν
3061 4955 3382 5009 Ἀπόστολόν
3412 4956 3695 5025 φήσαντα·

2104 5054 2149 5097 ‹“
2181 5047 2269 5100 Ἐν
2309 5050 2474 5103 παντὶ
2505 5049 2890 5119 ἐπλουτίσθητε
2936 5050 2993 5101 ὲν
3034 5047 3202 5119 αὐτῷ,
3240 5049 3297 5101 ἐν
3338 5048 3501 5101 παντὶ
3552 5047 3692 5117 λόγῳ

2099 5140 2192 5194 καὶ
2218 5141 2368 5214 πάσῃ
2398 5140 2628 5211 γνώσει·
2672 5161 2689 5192 ι
2726 5141 2759 5213 ἢ
2792 5141 2935 5195 κατά
2973 5141 3064 5194 τὸν
3093 5140 3392 5211 Σύμμαχον
3417 5140 3687 5210 φήσαντα·

2104 5251 2122 5282 ι
2156 5231 2511 5306 Πολυκαρπίᾳ
2559 5233 2866 5296 πλουτίσεις
2898 5232 3088 5303 αὐτήν.
3127 5251 3145 5283 ι
3183 5230 3308 5294 Πῶς
3353 5229 3409 5283 δὲ
3455 5228 3688 5300 έμέθυσε

2098 5325 2199 5398 τὴν
2233 5325 2360 5395 γῆν,
2400 5327 2494 5381 καὶ
2534 5326 2651 5391 πῶς
2689 5325 2971 5380 ὲπλούτισε
3020 5325 3112 5379 καὶ
3156 5324 3472 5397 ἐπλήρωσεν
3520 5320 3689 5392 αὐτὴν

2101 5417 2502 5490 πολυκαρπίας,
2542 5420 2800 5488 διασαφεῖ
2848 5419 3021 5487 λέγων
3067 5418 3229 5489 ἑξῆς·
3277 5437 3295 5470 ι
3340 5419 3398 5472 Ὀ
3446 5413 3691 5487 ποταμός

2100 5508 2195 5562 τοῦ
2228 5509 2363 5563 Θεοῦ
2393 5509 2686 5582 ἐπληρώθη
2734 5510 2959 5565 ὑδάτων.
3003 5530 3021 5562 ι
3047 5511 3150 5564 Τὸν
3177 5510 3287 5582 γὰρ
3327 5508 3555 5564 σεαυτοῦ
3590 5525 3688 5561 πο-

2101 5600 2274 5670 ταμὸν
2326 5600 2418 5654 τοῦ
2479 5601 2634 5668 ἁγίου
2700 5601 3037 5673 Πνεύματος,
3084 5601 3175 5655 τὸν
3221 5601 3327 5656 ἀπὸ
3371 5600 3481 5671 τῆς·
3508 5601 3567 5654 ὲν
3605 5597 3693 5654 ac".

477 5724 520 5759 ⁸⁵
545 5726 695 5786 Psal.
730 5747 909 5805 cxtvt,
954 5738 1004 5792 1.
1084 5742 1125 5775 ³⁸
1155 5741 1299 5801 Psal.
1336 5760 1460 5817 CXL,
1485 5747 1541 5803 2.
1619 5751 1664 5783 "
1691 5750 1824 5806 ibid.
1904 5754 1945 5785 ³⁷
1978 5751 1998 5807 1
2027 5752 2155 5809 Cor.
2195 5770 2232 5822 ι,
