4090 6432
428 405 527 463 Gil

1570 412 2082 472 COMMENTARIA
2120 415 2189 469 IN
2228 413 2572 474 PSALBIOS.

3614 432 3729 489 σεε

433 525 617 599 πηγῆς
650 523 1162 590 ἀναὸλυσταίνοντα,
1199 527 1312 590 τοῖς
1352 526 1443 579 ἐπὶ
1479 527 1584 597 γῆς
1614 527 1822 580 οἰκοῦσι
1853 528 2013 600 δωρη⁴

2134 529 2530 601 sapientiaeque
2558 574 2569 581 κ
2600 533 2873 590 imbribus
2927 536 3232 617 inebrians,
3282 559 3301 590 ι
3328 542 3726 613 ιηηιῑιίριίοθειί

434 617 687 687 σάμενος,
723 616 823 689 τὴν
844 616 1070 689 λογικὴν
1112 617 1207 671 καὶ
1255 618 1448 691 νοεράν
1491 620 1673 675 αὐτῶν
1708 621 1891 693 χώραν
1919 623 2025 693 γῆν

432 710 853 782 ὀνομαζομένην,
884 710 1064 781 πολλῷ
1090 711 1170 782 τῷ
1196 712 1427 783 ῥεύματι
1454 714 1821 779 κατακλύσας,
1856 716 2024 786 μεθύ-

434 819 533 864 σας
561 803 674 865 τοῖς
701 803 799 873 τῆς
825 802 1018 870 σοφίας
1043 802 1416 874 όμόρήμασιν,
1450 822 1468 855 ‹
1505 804 1812 877 ἐπλήθυνάς
1840 823 1901 859 τε
1928 808 2022 861 τοῦ

431 892 714 945 πλουτίσαι
739 892 911 963 αὐτὴν
957 911 974 945 ι
1005 895 1118 957 τοῖς
1150 894 1244 947 τοῦ
1278 894 1437 962 ἁγίου
1478 896 1797 966 Πνεύματος
1837 897 2026 968 διαφό-

430 1000 544 1053 ροις
578 983 898 1055 χαρίσμασι.
945 982 1149 1037 Τούτου
1181 985 1239 1038 δὲ
1270 1004 1288 1036 ‹
1318 984 1413 1039 τοῦ
1448 987 1695 1057 ποταμοῦ
1742 987 1809 1041 τὰ
1851 988 2026 1061 ὁρμή-

433 1093 577 1145 ματα
605 1074 956 1147 εὐφραίνουσι
977 1076 1077 1146 τὴν
1102 1076 1256 1130 πόλιν
1282 1076 1378 1130 τοῦ
1407 1075 1563 1131 Θεοῦ.
1601 1098 1619 1130 ι
1646 1079 1758 1131 Καὶ
1781 1082 1809 1133 ό
1831 1079 2024 1150 Σωτὴρ

427 1169 483 1222 δὲ
516 1170 641 1240 περὶ
677 1167 770 1221 τοῦ
803 1167 966 1222 αὖτοῦ
1008 1169 1252 1224 ἐδίδασκε
1284 1170 1457 1240 λέγων
1479 1188 1493 1202 ο
1534 1190 1553 1223 ‹
1595 1173 1691 1235 ’ος
1731 1172 1796 1226 ἂν
1832 1172 1929 1244 πίῃ
1960 1174 2024 1227 ἐκ

426 1257 519 1311 τοῦ
550 1258 760 1324 ὕδατος,
790 1255 851 1314 οῦ
886 1259 997 1328 ἐγὼ
1041 1260 1198 1315 δώσω
1237 1261 1405 1333 αὐτῷ,
1439 1262 1672 1334 ποταμοὶ
1694 1265 1759 1317 ὲκ
1783 1266 1883 1335 τῆς
1910 1281 2031 1325 κοιτ

425 1349 545 1415 λίας
587 1340 751 1405 αὐτοῦ
799 1350 1314 1422 ῥεύσουσιν-ὓδατος
1358 1353 1583 1418 ζῶντος,
1614 1353 1907 1425 ἁλλομένου
1942 1358 2022 1419 εἰς

426 1438 571 1516 ζωὴν
603 1439 837 1495 αἰώνιον.
867 1441 1039 1495 Τοῦτο
1055 1441 1111 1495 δὲ
1137 1442 1288 1512 ἔλεγε
1317 1443 1445 1515 περὶ
1472 1444 1567 1497 τοῦ
1594 1444 1934 1515 Πνεύματος,
1959 1439 2020 1498 οῦ

425 1531 659 1601 ἤμελλον
699 1532 997 1605 λαμϐάνειν
1046 1535 1096 1586 οἰ
1146 1532 1496 1599 πιστεύοντες
1524 1536 1604 1600 εἰς
1635 1536 1817 1589 αὐτόν.
1859 1556 1877 1589 ι
1917 1527 2022 1589 Οὗ-

421 1618 512 1686 τος
536 1619 628 1677 οὖν
654 1626 681 1677 ό
719 1624 964 1695 ποταμὸς
1001 1614 1096 1679 τοῦ
1124 1624 1259 1679 Θεοῦ
1296 1626 1591 1698 ἐπληρώθη
1619 1627 1825 1682 ὑδάτων
1844 1645 1856 1657 ·
1890 1627 2021 1681 ὥστ’

425 1712 490 1767 ἂν
525 1700 696 1767 εἰπεῖν
717 1730 730 1745 ⁸
772 1735 790 1766 ι
842 1713 938 1769 Ἐκ
971 1715 1066 1769 τοῦ
1101 1715 1469 1788 πληρώματος
1502 1718 1666 1771 αὐτοῦ
1694 1721 1854 1790 ἡμεῖς
1884 1719 2021 1772 πάν-

421 1822 513 1868 τες
537 1805 821 1877 ἐλάϐομεν.
857 1827 875 1859 ι
902 1807 1120 1861 Πολλῶν
1142 1808 1199 1861 δὲ
1227 1810 1433 1863 ὑδάτων
1470 1811 1498 1863 ὁ
1537 1812 1783 1883 ποταμὸς
1813 1806 2021 1883 πεπλή-

423 1912 612 1965 ρωται,
645 1895 731 1950 διὰ
773 1897 834 1950 τὸ
877 1898 950 1969 μὴ
994 1899 1215 1969 ὁμοίους
1251 1898 1390 1954 εἶναι
1429 1903 1556 1965 τοὺς
1584 1902 1641 1968 ἐξ
1671 1903 1837 1956 αὑτοῦ
1868 1920 2021 1956 ποτι-

422 1984 701 2058 ζομένους.
754 1990 1036 2067 Διαφόρων
1081 1989 1137 2044 δὲ
1164 1990 1343 2045 ’ὄντων
1375 1995 1672 2065 ταγμάτων
1703 1996 1811 2048 τῶν
1848 2013 2017 2067 μετα-

420 2076 804 2148 λαμϐανόντων
856 2064 1045 2146 αύτοῦ,
1100 2082 1327 2147 εἰκότως
1372 2084 1589 2154 ἑκάστῳ
1641 2064 1900 2157 παρέχων
1952 2089 2018 2143 τὰ

421 2168 728 2241 πρόσφορα,
757 2170 966 2223 πολλῶν
1006 2172 1216 2226 ὑδάτων
1250 2168 1642 2245 πεπληρῶσθαι
1670 2175 1919 2244 λέγεται·
1942 2170 2017 2232 ὧν

423 2256 799 2329 μεταλαϐοῦσα
844 2262 876 2331 ή
927 2259 1118 2333 λογικὴ
1154 2262 1328 2334 χώρα,
1374 2264 1472 2328 τὰς
1511 2260 1853 2336 ἐπιτηδείους
1891 2270 2019 2322 ἑκά-

422 2366 532 2420 στῳ
562 2349 744 2404 δίδωσι
770 2351 996 2423 τροφάς,
1030 2354 1126 2406 καὶ
1157 2355 1283 2418 τοὺς
1318 2355 1578 2419 ἐπαξίους
1612 2357 1720 2431 τοῦ
1758 2360 2015 2415 τοσούτου

421 2440 666 2511 ποταμοῦ
703 2442 966 2513 καρπούς.
1002 2444 1105 2496 Διὸ
1146 2444 1395 2499 λέλεκται
1421 2463 1435 2476 ο
1473 2466 1492 2497 ‹
1544 2448 1879 2520 Ἠτοίμασας
1918 2451 2017 2523 τὴν

417 2532 627 2605 τροφὴν
659 2533 872 2600 αὐτῶν,
920 2536 1002 2590 ὄτι
1057 2536 1295 2610 οὖτωςή
1348 2541 1653 2611 ὲτοιμασία.
1706 2563 1724 2594 ι
1755 2544 1912 2598 Κατὰ
1959 2547 2016 2599 δὲ

419 2620 511 2674 τὸν
578 2622 893 2695 Σύμμαχον·
932 2645 950 2677 ε
987 2627 1438 2700 Τελεσφορήσεις,
1486 2631 1638 2700 φησί,
1683 2631 1782 2702 τὴν
1843 2651 2015 2706 σπερ-

421 2714 624 2786 ματίαν
647 2716 838 2787 αὐτῆς,
865 2716 945 2769 ὅτι
986 2717 1160 2782 οὕτως
1199 2718 1444 2791 ἧδρασας
1494 2721 1684 2792 αὐτὴν,
1717 2742 1736 2774 ο
1773 2725 2017 2795 δηλονότι

417 2802 525 2875 τὴν
560 2805 701 2876 γῆν,
751 2825 770 2856 ‹
824 2808 919 2859 καὶ
950 2806 1224 2877 ὲμέθυσας
1273 2810 1483 2881 αὐτὴν,
1520 2812 1850 2883 ’ὲπλήθυνας
1920 2813 2015 2869 τοῦ

420 2897 703 2951 πλουτίσαι
741 2899 930 2971 αὐτήν.
971 2917 991 2951 ›
1032 2899 1121 2971 Τῷ
1160 2897 1252 2953 οὖν
1278 2902 1508 2973 ποταμῷ
1535 2903 1612 2975 τῷ
1647 2903 1725 2975 σῷ
1756 2906 2015 2975 τελεσφο-

421 2987 488 3057 ρή
498 2987 730 3059 σεις“τὴν
755 2990 1100 3061 σπερματίαν
1125 2990 1331 3062 αὐτῆς,
1346 2993 1592 3066 τουτέστι
1619 2995 1687 3050 τὰ
1726 2996 2016 3067 σπέρματα

417 3078 475 3131 ὲν
509 3079 646 3149 αὐτῇ
678 3079 1090 3151 καταδληθέντα
1138 3083 1201 3136 σὺ
1244 3084 1407 3149 αὐτὸς
1435 3085 1523 3141 διὰ
1556 3085 1650 3141 τοῦ
1687 3088 1885 3142 σαυτοῦ
1920 3107 2017 3143 πο-

413 3167 593 3240 ταμοῦ
619 3169 1083 3243 τεὴσφορηθῆναι
1117 3177 1382 3248 ποιήσεις,
1415 3177 1490 3243 ὡς
1520 3179 1760 3244 τελείους
1785 3181 2016 3239 ἀποδοῦ-

2134 621 2469 689 locupletare
2500 637 2619 676 eam
2654 643 2674 676 ι
2710 626 2882 681 variis
2924 628 3167 697 Spiritus
3212 632 3391 685 sancti
3431 621 3729 688 charisma-

2134 709 2301 766 libus.
2361 709 2536 780 Hujus
2585 728 2751 782 porro
2796 734 2815 766 ι
2854 715 3099 772 ﬂuminis
3148 719 3394 788 impetus
3451 723 3728 780 laniﬁcam

2134 792 2414 856 civitatem
2464 800 2581 860 Dei.
2617 824 2636 857 ι
2667 804 2924 861 Salvator
2967 809 3095 863 item
3153 809 3221 865 de
3269 812 3457 867 eadem
3511 816 3624 884 ipsa
3668 833 3728 871 re

2135 893 2253 948 hinc
2297 893 2490 949 docuit
2526 912 2538 947 :
2578 914 2596 946 ι
2638 895 2693 951 Si
2726 899 2852 967 quis
2876 899 3079 953 biberit
3107 916 3175 956 ex
3219 917 3383 973 aqua,
3416 920 3583 974 quam
3625 925 3727 977 ego

2132 984 2276 1038 dabo
2302 984 2375 1047 ei,
2401 984 2626 1040 ﬂumina
2670 986 2739 1042 de
2769 996 2958 1044 ventre
2991 991 3111 1060 ejus
3163 991 3331 1048 ﬂuent
3379 1010 3534 1064 aquae
3566 998 3722 1063 vivaz,

2133 1073 2382 1129 salientis
2416 1074 2471 1129 in
2510 1068 2684 1129 vitam
2715 1086 2995 1134 mternam.
3038 1080 3154 1136 Hoc
3197 1091 3378 1137 autem
3409 1086 3626 1141 dicebat
3658 1088 3726 1144 de

2134 1161 2362 1234 Spiritu,
2385 1181 2545 1235 quem
2578 1171 2859 1239 accepturi
2887 1179 3044 1226 erant
3074 1173 3359 1229 credentes
3378 1176 3433 1229 in
3463 1180 3709 1233 eum".»

2130 1252 2245 1309 lloc
2273 1256 2458 1326 itaque
2492 1256 2692 1314 ﬂumen
2746 1260 2842 1316 Dei
2884 1265 3149 1333 repletum
3200 1273 3285 1321 est
3335 1268 3528 1345 aquis;
3558 1271 3630 1322 ita
3665 1279 3724 1324 ut

2130 1340 2316 1399 dicant
2353 1362 2366 1398 :
2404 1365 2422 1397 ι
2467 1346 2542 1401 Ex
2578 1351 2920 1419 plenitudine
2964 1355 3085 1422 ejus
3137 1370 3239 1410 nos
3284 1340 3478 1412 omnes
3509 1362 3725 1430 accepi-

2133 1450 2257 1490 mus
2282 1435 2349 1489 ”.
2388 1434 2411 1488 Δι
2452 1436 2637 1494 Multis
2668 1448 2849 1495 autem
2879 1445 3040 1513 aquis
3073 1447 3342 1515 repletum
3377 1447 3580 1505 ﬂumen
3601 1458 3719 1517 est,

2129 1526 2389 1594 quoniam
2419 1531 2511 1603 qui
2550 1545 2617 1595 (κο
2644 1538 2927 1600 petantur,
2961 1534 3101 1588 inter
3125 1551 3185 1590 se
3230 1536 3531 1593 dissimiles
3571 1550 3718 1595 sunt.

2128 1615 2264 1671 Cum
2297 1617 2504 1673 diversi
2549 1636 2715 1690 porro
2762 1624 2875 1677 sint
2920 1625 3143 1680 ordines
3197 1641 3411 1696 eorum,
3449 1631 3719 1702 quiejus

2102 1714 2417 1765 ‘consortes
2441 1719 2592 1778 sunt,
2613 1713 2739 1782 jure
2773 1716 3009 1786 singulis
3050 1722 3411 1788 congruentia
3443 1726 3716 1792 praebens,

2128 1801 2322 1857 multis
2365 1804 2526 1873 aquis
2562 1806 2828 1873 repletum
2864 1823 2988 1863 esse
3036 1809 3240 1863 dicitur
3273 1828 3285 1862 :
3325 1828 3559 1881 quarum
3593 1832 3720 1885 paro

2057 1899 2094 1952 Β
2125 1893 2298 1962 tiecps
2346 1895 2693 1977 rationabilis
2728 1911 2884 1966 ager,
2917 1908 3286 1969 congruentes
3317 1902 3550 1972 singulis
3576 1920 3717 1973 prae-

2125 1983 2213 2036 bet
2244 1998 2425 2048 escas,
2460 1994 2625 2055 atque
2657 1989 2963 2057 condignus
2998 1992 3131 2045 tanti
3178 1986 3424 2047 ﬂuminis
3474 1994 3714 2052 fructus.

2121 2073 2306 2140 Quare
2341 2076 2548 2132 dictum
2599 2086 2685 2133 est
2721 2094 2734 2130 :
2773 2098 2791 2130 ι
2833 2079 3043 2135 Parasti
3076 2083 3259 2137 cibum
3303 2086 3545 2149 illorum,
3577 2103 3717 2156 quo-

2122 2165 2267 2219 niam
2293 2167 2367 2220 ita
2397 2176 2482 2222 est
2510 2172 2852 2238 praeparatio.
2896 2191 2914 2221 ι
2951 2170 3263 2228 Secundum
3324 2173 3713 2246 Symmachum

2120 2253 2251 2310 vero
2285 2275 2298 2310 :
2341 2275 2358 2307 ι
2396 2255 2752 2337 ιθιύριίίίευῑθ
2777 2258 2945 2315 iacies
2967 2277 3153 2317 semen
3176 2263 3317 2332 ejus,
3350 2266 3610 2335 quoniam
3637 2265 3715 2320 ita
3774 2257 3779 2261 ’

2120 2342 2363 2401 fundasti
2388 2364 2532 2416 eam,
2565 2369 2584 2401 ι
2611 2349 2869 2405 videlicet
2894 2358 3119 2419 terram,
3147 2372 3166 2405 ι
3188 2347 3543 2411 ειίηθὶὶνίοειὶ
3566 2372 3711 2419 eam,

2126 2439 2503 2509 multiplicasti
2566 2441 2905 2512 locupletare
2963 2456 3109 2498 eam.
3155 2464 3174 2497 ι
3229 2444 3483 2503 Flumine
3528 2448 3715 2527 itaque

2120 2536 2214 2584 tuo
2244 2530 2480 2585 fructum
2514 2548 2704 2602 parere
2743 2534 2915 2590 facies
2973 2537 3170 2590 semini
3205 2538 3349 2606 ejus,
3376 2539 3428 2592 id
3461 2546 3568 2603 est,
3623 2555 3715 2595 se-

2118 2621 2268 2675 mina
2312 2622 2454 2677 istuc
2498 2624 2771 2693 conjecta,
2809 2634 2868 2678 tu
2928 2625 3068 2695 ipse,
3104 2629 3313 2697 tuoque
3348 2627 3716 2684 ﬂumine‘iru-

2118 2719 2266 2766 ctum
2291 2728 2481 2782 parere
2515 2712 2702 2780 facies,
2743 2716 2817 2769 ita
2841 2723 2901 2769 ut
2922 2716 3198 2785 perfectas
3231 2718 3413 2787 spicas
3440 2721 3705 2788 praebeat.

2122 2802 2213 2858 Sic
2247 2804 2551 2860 secundum
2610 2805 2968 2875 Evangelium
3017 2808 3121 2861 alia
3165 2815 3313 2862 terra
3345 2810 3710 2877 tricesimum,

2119 2895 2224 2953 alia
2256 2896 2687 2965 sexagesimum,
2717 2897 3084 2954 centesimum
3135 2898 3240 2950 alia
3266 2900 3549 2968 proferet:
3583 2917 3711 2955 nam

2120 2988 2177 3042 in'
2204 2986 2507 3043 Salvator-is
2532 2989 2795 3058 parabola
2835 2989 3020 3042 anima
3068 2989 3309 3044 hominis
3364 2999 3508 3045 terra
3542 3006 3708 3046 voca-

2122 3086 2229 3133 tur.
2264 3088 2296 3130 ἰ
2336 3077 2507 3134 Rivos
2584 3078 2705 3148 ejus
2768 3080 3013 3145 inebria,
3076 3081 3382 3150 multiplica
3430 3083 3708 3152 genimina

2118 3167 2239 3237 ejus
2292 3189 2305 3223 :
2351 3170 2408 3223 in
2463 3169 2763 3224 stillicidiis
2814 3169 2936 3237 ejus
2994 3169 3269 3223 laetabitur
3325 3171 3704 3241 germinans.)

415 3232 505 3315 vui
553 3263 680 3325 τοὺς
715 3232 937 3333 στάχὺς.
978 3232 1134 3319 δύτω
1161 3232 1294 3335 γοῦν
1330 3232 1560 3322 ieci-:2.
1592 3232 2009 3345 Εὐαγγελιονῖή

2118 3260 2417 3331 Postquam
2446 3261 2803 3331 propheticus
2833 3275 3018 3315 sermo
3066 3262 3221 3331 signa
3260 3260 3478 3317 virtutis
3511 3261 3710 3317 Serva-

419 3351 518 3422 μὲν
544 3354 762 3423 ποιήσει
789 3352 909 3425 λ’,ή
945 3354 1001 3408 δὲ
1031 3354 1093 3421 ξ’,
1128 3358 1161 3428 ή
1192 3357 1248 3411 δὲ
1283 3364 1351 3430 ρ’,
1387 3359 1489 3431 τῆς
1524 3358 1875 3435 ἀνθρωπίνης
1912 3364 2014 3434 ψυ-

414 3442 515 3513 χῆς
543 3446 647 3515 γῆς
688 3443 1117 3517 ὀνομαζομένης,
1152 3449 1246 3502 καὶ
1279 3450 1422 3505 κατὰ
1465 3451 1564 3523 τὴν
1608 3454 1875 3525 σωτήριον
1908 3469 2014 3506 πα-

417 3532 680 3605 ραϐολήνσ
721 3553 741 3587 Ι
789 3536 930 3599 Τοὺς
974 3537 1217 3605 αὔλακας
1270 3541 1442 3612 αὐτῆς
1498 3526 1763 3614 μέθυσόν’
1808 3545 2011 3616 πλήθυ-

413 3637 502 3676 νον
533 3623 603 3676 τά
630 3626 944 3697 γεννήματα
996 3628 1202 3700 αὐτῆς·
1259 3631 1319 3683 ὲν
1368 3634 1489 3694 ταῖς
1537 3634 1794 3703 σταγόσιν
1840 3635 2013 3706 αὐτῆς

413 3712 846 3788 εὐφρανθήσεται
872 3719 1259 3774 ἀνατέλλουσα.
1302 3740 1320 3773 ι
1348 3720 1645 3787 Διεξελθὼν
1669 3727 1698 3778 ὁ
1737 3743 2011 3800 προφητι-

412 3804 507 3869 κδς
539 3806 695 3876 λόγος
736 3808 804 3862 τά
844 3813 1042 3881 σημεῖα
1074 3811 1173 3882 τῆς
1217 3811 1310 3864 τοῦ
1346 3811 1601 3886 Σωτῆρος
1651 3817 1873 3888 ἀρετῆς,
1916 3819 2011 3872 καί

308 3965 333 3974 Α
410 3898 477 3968 τῇ
520 3898 614 3951 τοῦ
642 3899 976 3972 ’Πνεύματος
1022 3901 1330 3973 προγνώσει
1374 3904 1444 3959 τά
1489 3906 1743 3977 ἐσόμενα,
1788 3908 1864 3972 ώς
1908 3910 2009 3981 ήδη

409 3988 479 4043 δι’
513 3991 690 4065 ἔργων
743 3994 1103 4066 κεχωρηκότα
1147 3994 1502 4066 τεθεαμένος·
1560 3998 1711 4063 ὅπως
1764 4000 1864 4070 μὲν
1901 4001 2010 4055 τῶν

411 4083 803 4155 ἀντικειμένων
831 4086 1145 4160 ἀνατροπὴν
1176 4087 1491 4158 εἰργάσατο,
1518 4090 1667 4155 ὅπως
1699 4091 1755 4144 δὲ
1779 4092 2009 4147 ἐπεσκέ-

2121 3353 2257 3407 toris
2282 3352 2582 3415 recensuit,
2617 3358 2672 3406 et
2696 3366 2761 3406 ex
2808 3350 3159 3421 prarscientia
3205 3349 3446 3421 Spiritus
3496 3352 3708 3416 futura,

2118 3448 2178 3494 ut
2199 3443 2316 3510 jam
2338 3455 2515 3510 opere
2543 3440 2838 3510 completa,
2878 3432 3158 3508 przevidit;
3185 3441 3463 3509 quomodo
3491 3441 3707 3496 scilicet

2116 3532 2467 3588 adversarios
2499 3529 3186 3615 prostraverit,.quomodo
3216 3540 3419 3583 terram
3448 3529 3708 3585 visitare-

2114 3626 2187 3680 rlt
2213 3634 2267 3681 et
2292 3625 2666 3689 inebriaverit,
2705 3639 2815 3695 quo
2846 3630 3010 3693 pacto
3058 3620 3512 3693 multiplicaverit
3548 3621 3704 3677 locu-

2114 3718 2322 3788 pletare
2340 3732 2481 3781 eam,
2514 3715 2741 3771 ﬂumine
2769 3714 2865 3770 Dei
2909 3714 3071 3784 aquis
3102 3713 3328 3785 repleto.
3362 3712 3490 3768 llaec
3511 3712 3707 3768 vatici-

2113 3817 2299 3871 natus,
2324 3817 2379 3863 et
2407 3808 2570 3879 quasi
2600 3822 2714 3877 pra:
2761 3807 2939 3862 oculis
2992 3804 3218 3860 haberet
3266 3806 3704 3876 contemplatus,

2113 3899 2180 3953 ad
2213 3913 2407 3967 preces
2436 3898 2692 3962 vertitur,
2728 3896 2951 3967 Deoque
3006 3898 3285 3968 supplicat
3337 3895 3425 3951 his
3466 3896 3654 3951 verbis
3682 3913 3702 3951 :

2092 4009 2136 4042 κ(
2174 3988 2343 4044 [lives
2371 3989 2494 4058 ejus
2534 3988 2773 4053 inebria,
2816 3988 3123 4058 multiplica
3164 3987 3445 4059 genimina
3491 3985 3634 4056 ejus.
3674 4005 3698 4040 ι

2112 4078 2232 4132 1ὶίγί
2265 4078 2463 4132 anima:
2489 4077 2740 4148 ejusdem
2766 4075 3054 4148 profunda:
3075 4075 3437 4165 cogitationes
3471 4073 3705 4142 fuerint,

409 4176 549 4246 ψατο
580 4176 680 4247 τὴν
717 4177 821 4249 γῆν
848 4178 941 4230 καὶ
966 4178 1231 4249 ὲμέθυσεν
1272 4179 1461 4252 αὐτὴν,
1502 4181 1597 4235 καὶ
1629 4181 1704 4246 ὡς
1735 4182 2006 4255 ἐπλήθυνε

2116 4183 2163 4229 et
2209 4171 2537 4228 abscondita
2586 4171 2888 4239 multisque
2939 4169 3117 4223 latens
3188 4166 3546 4223 conscientia:
3592 4167 3698 4230 vis,

408 4269 503 4323 τοῦ
544 4268 827 4323 πλουτίσαι
867 4269 1058 4341 αὐτὴν,
1104 4270 1487 4343 πληρωθέντος
1520 4272 1729 4328 ὑδάτων
1777 4274 1871 4329 τοῦ
1904 4293 2005 4330 πο-

2116 4280 2273 4336 quam
2331 4263 2430 4320 Dei
2472 4262 2701 4318 verbum
2747 4276 2849 4315 ceu
2895 4267 3141 4314 aratrum
3180 4258 3405 4314 sulcans
3425 4264 3479 4311 et
3498 4258 3701 4313 immu-

407 4360 586 4432 ταμοῦ
624 4360 719 4414 τοῦ
746 4360 902 4416 Θεοῦ.
948 4360 1133 4415 Ταῦτα
1177 4362 1461 4429 θεσπίσας,
1498 4365 1594 4419 καὶ
1641 4366 1719 4431 ὡς
1763 4367 1862 4439 ἤδη
1901 4369 2005 4439 πρὸ

2116 4372 2254 4425 tans,
2278 4362 2499 4432 planam
2526 4359 2692 4416 ellicit
2722 4377 2735 4413 :
2770 4358 3053 4428 spinisque
3075 4370 3140 4410 ac
3163 4351 3442 4425 superflua
3470 4353 3699 4407 materia
3773 4410 3783 4416 ,

409 4452 702 4525 ὀφθαλμῶν
728 4452 981 4525 ὁρώμενα
1016 4454 1370 4526 θεασάμενος,
1401 4457 1488 4510 ἐπ’
1518 4455 1684 4529 εὐχὴν
1721 4458 1999 4530 τρέπεται,

410 4546 505 4598 καὶ
536 4544 626 4598 τὸν
656 4544 788 4598 Θεὸν
816 4544 1046 4599 ἱκετεύει
1081 4546 1288 4615 λέγων·
1328 4566 1347 4598 ι
1385 4546 1526 4610 Τοὺς
1558 4547 1802 4612 αῦλακας
1833 4551 2003 4621 αὐτῆς

2110 4448 2329 4519 amotis,
2365 4452 2576 4507 semina
2626 4464 2727 4505 sua
2783 4449 2977 4505 inserit
3007 4462 3022 4499 :
3055 4446 3364 4514 deindeque
3395 4443 3700 4498 rationabi-

2111 4544 2254 4599 libus
2286 4540 2509 4597 ﬂuentis
2555 4541 2817 4611 irrigans,
2865 4537 3042 4608 ipsam
3099 4534 3356 4591 inebriat.
3400 4532 3580 4600 Quare
3612 4531 3698 4587 di-

413 4635 663 4706 μέθυσον,
698 4637 793 4691 καὶ
830 4636 1101 4709 πλήθυνον
1143 4614 1214 4692 τὰ
1254 4641 1580 4711 γεννήματα
1610 4641 1798 4712 αὐτῆς.
1841 4662 1859 4694 ι
1893 4614 2003 4695 Λύ-

2116 4642 2260 4691 ctum
2297 4642 2383 4689 est
2424 4651 2437 4687 :
2479 4650 2498 4683 ι
2535 4630 2708 4687 Rivos
2751 4631 2872 4700 ejus
2924 4628 3158 4689 inebria,
3190 4620 3496 4693 multiplica
3542 4622 3698 4692 geni-

408 4724 572 4789 λακες
598 4725 653 4780 δὲ
683 4726 861 4797 ψυχῆς
888 4722 999 4781 εἷεν
1045 4727 1112 4781 ἃν
1147 4729 1196 4781 οἰ
1246 4729 1388 4783 κατὰ
1428 4729 1626 4799 βάθους
1656 4731 1825 4802 αὐτῆς
1858 4732 2002 4802 λογι-

412 4818 557 4897 σμοὶ,
590 4819 683 4872 καί
709 4819 809 4890 τῆς
837 4817 1191 4890 συνειδήσεως
1220 4818 1393 4891 αὐτῆς
1431 4822 1465 4892 ή
1494 4821 1724 4893 κρύφιος
1752 4824 1846 4876 καὶ
1875 4826 2001 4889 τοὺς

410 4908 636 4973 πολλοὺς
678 4908 1014 4977 λανθάνουσα
1056 4909 1304 4983 δύναμις,
1339 4912 1406 4982 ἢν
1448 4915 1477 4967 ό
1522 4913 1618 4967 τοῦ
1665 4914 1802 4968 Θεοῦ
1844 4914 2000 4985 λόγος

409 5002 639 5075 ἀρότρου
693 5001 849 5076 δίκην
901 5004 1218 5075 ἀνατέμνων
1269 5006 1363 5057 καὶ
1422 4994 1802 5075 μεταϐάλλων,
1858 5008 2000 5063 λεῖον

407 5076 802 5169 ἀπεργάζεταια
864 5096 1131 5169 περιελών
1179 5112 1238 5149 τε
1284 5095 1383 5159 τὰς
1431 5094 1704 5163 ἀκάνθας,
1757 5097 1854 5154 καὶ
1901 5100 1999 5171 τὴν

408 5188 670 5262 περιττὴν
697 5187 848 5260 ὓλην,
889 5184 1129 5257 ἐντίθησι
1165 5185 1234 5240 τὰ
1272 5184 1465 5240 ἑαυτοῦ
1514 5188 1805 5258 σπέρματα
1833 5206 1847 5219 ·
1884 5184 2000 5243 εἶτα

407 5285 517 5346 τοῖς
548 5281 787 5350 λογικοῖς
810 5279 1046 5351 νάμασιν
1075 5276 1338 5349 ἀρδεύων,
1375 5275 1638 5347 μεθύσκει
1671 5277 1860 5350 αὑτήν.
1908 5278 2000 5332 Διὸ

406 5372 687 5427 λέλεκται’
728 5380 763 5423 ι’
788 5371 927 5433 Τοὺς
954 5368 1195 5432 αῦλακας
1224 5368 1396 5439 αὐτῆς
1435 5356 1689 5440 μέθυσον,
1727 5369 1825 5425 καὶ
1862 5368 2000 5440 πλή-

407 5464 566 5519 θυνον
607 5461 677 5517 τὰ
731 5463 1046 5533 γεννήματα
1087 5460 1275 5532 αὐτῆς.
1314 5478 1332 5512 ι
1362 5454 1497 5513 Εἶτα
1541 5460 1661 5515 ἀντὶ
1691 5459 1810 5514 τοῦ·
1839 5479 1858 5511 ι
1909 5462 1997 5514 Ἐν

404 5557 523 5618 ταῖς
558 5552 812 5620 σταγόσιν
848 5549 1021 5620 αὐτῆς
1061 5548 1490 5620 εὐφρανθήσεται
1525 5549 1937 5603 ἀνατέλλουσαν
1969 5569 1986 5600 ι

407 5643 548 5699 κατά
574 5645 663 5698 τὸν
699 5643 1012 5714 Σύμμαχον·
1047 5661 1064 5693 ι
1104 5642 1236 5704 Ταῖς
1280 5640 1511 5710 ψεκάσιν
1564 5640 1735 5710 αὐτῆς
1781 5640 1992 5711 χαυνώ-

482 5821 526 5852 ³⁸
551 5819 705 5875 Joan.
735 5834 835 5889 vn,
859 5819 949 5886 38,
979 5817 1067 5872 59.
1148 5815 1385 5873 "-Joan.
1418 5831 1458 5878 ι,
1491 5813 1583 5872 l6.

2109 4727 2260 4782 mina
2293 4725 2436 4795 ejus.
2475 4743 2494 4776 ι
2533 4722 2733 4779 Postea
2766 4736 2898 4776 vero
2928 4719 3078 4774 illius
3105 4717 3228 4772 loco
3262 4734 3276 4770 :
3318 4733 3336 4765 ι
3376 4713 3432 4768 In
3481 4712 3697 4769 stillici-

2108 4817 2217 4872 diis
2275 4816 2398 4886 ejus
2454 4813 2726 4869 laatabitur
2768 4810 3106 4882 germinans,
3148 4826 3166 4857 ι
3212 4800 3695 4875 εγωιοοοιιυεέἱο

2107 4909 2305 4964 habet:
2333 4926 2352 4959 ι
2381 4906 2557 4961 Stillis
2572 4905 2692 4975 ejus
2717 4903 2967 4958 emollies
2986 4901 3160 4971 ipsam
3183 4907 3237 4952 et
3253 4910 3475 4967 germen
3491 4895 3634 4964 ejus.
3668 4913 3689 4947 ι

2108 4999 2176 5055 Et
2227 5000 2344 5055 haec
2391 4999 2576 5053 omnia
2621 4993 2917 5055 visitantis
2954 4988 3258 5045 Ecclesiam
3320 4984 3478 5042 suam
3537 4987 3690 5055 signa

2106 5092 2237 5149 sunt
2274 5110 2286 5145 :
2321 5107 2444 5161 quae
2476 5103 2610 5145 sane
2653 5086 2784 5142 olim
2838 5080 3232 5159 praenuntiata,
3256 5092 3368 5131 non
3392 5076 3500 5130 alio
3529 5075 3689 5129 modo

2104 5197 2269 5252 quam
2320 5160 2418 5252 per
2449 5178 2759 5235 Servatoris
2813 5160 2990 5229 nostri
3074 5169 3370 5225 adventum
3419 5166 3688 5234 completa

2103 5280 2234 5329 sunt
2268 5292 2283 5327 :
2318 5287 2414 5342 per
2437 5285 2600 5340 quem
2644 5268 2736 5338 qui
2763 5268 2886 5336 ejus
2930 5262 3107 5334 gratia
3146 5258 3356 5330 dignati
3396 5263 3546 5317 sunt,
3579 5270 3688 5307 ωε·
3722 5307 3727 5311 .
3813 5333 3823 5341 _

2100 5365 2259 5421 lestia
2284 5362 2494 5419 semina
2524 5362 2579 5415 in
2610 5357 2900 5415 animabus
2935 5354 3053 5409 suis
3105 5349 3462 5419 excipientes,
3492 5346 3685 5400 uberes

2100 5458 2317 5522 fructus
2364 5434 2837 5525 proferunt;'alii
2901 5459 3099 5514 nempe
3150 5440 3536 5502 centesimum,
3597 5433 3688 5536 alii

2101 5548 2533 5618 sexagesimum,
2566 5544 2656 5597 alii
2714 5541 3075 5595 tricesimum.
3130 5530 3393 5601 Quisquis
3443 5542 3573 5583 vero
3630 5530 3687 5618 in

2101 5639 2196 5694 Dei
2225 5613 2474 5695 Ecclesia
2521 5636 2772 5694 diversos
2823 5642 3017 5685 eorum
3065 5624 3159 5697 qui
3187 5623 3243 5678 in
3265 5619 3487 5677 Clu-isto
3520 5613 3688 5687 proﬁ-
