4090 6424
401 401 509 456 643
1103 394 1375 453 EUSEBH
1414 393 1525 450 (ΗΕ
1535 389 1895 448 SARIENSIS
1932 388 1976 445 Ο

2081 432 2083 442 ,
2116 387 2304 445 PARS
2334 386 2423 445 111.
2467 419 2539 432 -—
2574 387 2988 446 EXEGETICA.
3586 396 3691 452 ίΞιΗ

400 523 556 575 ciunt
577 516 797 571 ordines
820 515 1114 587 conspicit,
1148 515 1195 571 is
1227 529 1418 570 eorum
1452 528 1574 583 quae
1626 511 1683 566 in
1723 510 1978 566 vaticinio

2088 526 2203 573 σεις
2236 510 2406 581 αὐτὴν
2435 511 2529 563 καὶ
2571 510 2632 563 τὸ
2682 509 2968 582 βλάστημα
3014 512 3207 583 αὐτῆς,
3243 532 3262 566 ι
3291 507 3529 587 εἴρηται.
3580 520 3692 579 Καὶ

403 608 656 664 feruntur
682 608 984 662 ubertatem
1022 605 1191 675 probe
1234 614 1551 674 cognoscet.

2091 601 2268 655 πάντα
2306 601 2561 679 δὲταῦτα
2597 605 2797 672 σημεῖα
2837 604 3093 673 τυγχάνει
3119 606 3212 658 τοῦ
3245 606 3689 679 ἐπισκεψαμένου
3748 607 3753 611 ’

399 701 497 772 τὴν
540 699 865 769 Ἐκκλησίαν
921 695 1115 749 αὐτοῦ’
1170 694 1207 749 ἃ
1253 695 1317 767 δὴ
1370 694 1538 749 πάλαι
1585 691 1953 767 προλεχθέντα
1990 691 2098 744 οὐδ’
2124 692 2301 756 ἄλλως
2338 694 2418 755 εἰς
2458 690 2595 763 ἔργα
2634 688 3029 763 ’κεχώρηκενῆ
3077 694 3165 749 διὰ
3211 695 3311 766 τῆς
3342 696 3437 750 τοῦ
3505 699 3689 773 Σωτῆ-

402 808 496 865 ρος
541 789 698 861 ἡμῶν
733 787 1085 859 ἐπιφανείας·
1132 788 1198 840 δι’
1240 784 1309 858 ἧς
1356 789 1404 840 οἱ
1456 786 1855 859 κατηξιωμένοι
1900 784 2003 854 τῆς
2041 784 2208 837 αὑτοῦ
2237 785 2481 856 χάριτος,
2517 784 2586 837 τὰ
2618 783 2682 850 ἐξ
2715 785 2971 854 οὐρανῶν.
2991 785 3284 858 σπέρματα
3351 792 3469 853 ταῖς
3508 792 3689 851 αὐτῶν

399 883 600 955 ψυχαῖς
648 882 1075 951 ἀποδεξάμενοι,
1126 882 1399 953 καρποὺς’
1426 881 1671 944 εὐθαλεῖς
1724 880 2088 951 παρέχουσιν’
2126 881 2175 932 οἱ
2227 880 2342 950 ’μὲν
2375 885 2418 950 ρ’
2481 879 2796 943 ποιοῦντες,
2840 882 2888 931 οἱ
2922 880 2980 933 δὲ
3025 881 3089 947 ξ’,
3128 882 3257 935 οίδὲ
3291 883 3353 936 λ’.
3391 883 3564 955 Ὀρῶν
3630 886 3688 939 δέ

399 990 486 1036 τις
518 974 576 1025 ἐν
619 975 686 1042 τῇ
732 971 1027 1042 Ἐκκλησία
1066 971 1159 1025 τοῦ
1198 970 1334 1023 Θεοῦ
1400 970 1468 1024 τὰ
1512 971 1747 1042 διάφορα
1793 970 2052 1041 τάγματα
2116 970 2226 1024 τῶν
2282 973 2340 1024 ἐν
2397 969 2617 1049 Χριστῷ
2665 971 3117 1041 προκοπτόντωνς
3179 972 3276 1044 τὴν
3332 977 3690 1048 παγκαρπίαν

400 1066 604 1121 εἵσεται
630 1063 739 1117 τῶν
760 1063 847 1117 διὰ
870 1064 969 1133 τῆς
998 1054 1365 1134 προκειμένης
1385 1058 1724 1134 προφητείας
1753 1062 2184 1133 θεσπιζομένων.

471 1183 641 1240 Vens.
663 1187 748 1252 12,
770 1187 853 1247 id,
878 1208 897 1239 ι
921 1187 1217 1244 Bcnedices
1239 1201 1459 1243 coronae
1476 1186 1605 1240 anni
1629 1184 1984 1255 benignitatis

401 1282 526 1339 tute,
551 1285 606 1330 ct
627 1278 805 1351 campi
837 1279 916 1332 tui
966 1279 1633 1350 replebanturlubertate.
1678 1298 1697 1330 ›
1742 1276 1884 1343 Quia
1915 1276 1983 1332 ad

401 1368 811 1438 [medicandum
848 1366 1053 1427 annum
1092 1362 1202 1423 'Dei
1253 1368 1672 1438 acceptabilem,
1725 1375 1781 1424 et
1837 1367 1982 1421 diem

398 1456 800 1522 retributiOnis,
843 1458 1061 1515 venisse
1100 1454 1363 1512 Servator
1402 1457 1629 1521 dicitur,
1676 1457 1981 1511 secundum

385 1533 745 1617 .Scriptnram
768 1548 979 1617 ex-ejus
1002 1564 1237 1623 persona
1263 1549 1343 1604 sic
1376 1547 1689 1617 loquentem
1713 1563 1725 1597 :
1760 1565 1778 1597 ‹
1808 1545 1982 1615 Spiri-

399 1646 491 1695 tus
506 1640 719 1694 Domini
746 1656 912 1711 super
939 1657 1046 1704 me,
1070 1655 1136 1694 eo
1159 1638 1307 1709 quod
1330 1639 1550 1713 un_xerit
1586 1653 1673 1693 me
1706 1657 1719 1691 :
1750 1652 1986 1707 evange-

401 1730 570 1785 lizare
594 1731 926 1799 pauperibus
957 1730 1107 1784 misit
1148 1745 1268 1796 me;
1299 1728 1598 1800 praedicare
1637 1725 1880 1798 captivis.
1900 1725 1987 1793 _di-

2166 1204 2184 1236 ι
2232 1184 2567 1263 Εὐλογὴσεις
2593 1184 2682 1237 τὸν
2712 1182 2974 1253 στέφανον
3013 1184 3108 1238 τοῦ
3143 1174 3391 1240 ἐνιαυτοῦ
3422 1187 3521 1259 τῆς
3550 1206 3689 1261 χρη-

2086 1273 2344 1345 στότητός
2382 1290 2496 1337 σου,
2528 1273 2623 1326 καὶ
2654 1273 2721 1326 τὰ
2753 1272 2913 1326 πεδία
2960 1290 3057 1326 σου
3090 1273 3464 1347 πλησθήσεται
3494 1278 3688 1350 πιότη-

2084 1382 2194 1428 τος.
2243 1382 2263 1416 ι
2301 1364 2518 1436 Ἐπειδὴ
2549 1363 2784 1435 κηρῦξαι
2831 1364 3077 1435 ἐνιαυτὸν
3113 1365 3322 1437 Κυρίου
3349 1366 3560 1432 δεκτὸν,
3591 1370 3689 1422 καὶ

2082 1455 2297 1527 ἡμέραν
2343 1454 2752 1518 ἀνταποδόσεως
2793 1454 3113 1528 ἐληλυθέναι
3157 1455 3373 1525 λέγεται
3407 1458 3435 1509 ὁ
3469 1459 3685 1531 Σωτὴρ,

2086 1544 2227 1600 κατὰ
2262 1544 2362 1616 τὴν
2419 1548 2734 1614 φάσκουσαν
2773 1545 2832 1611 ἐξ
2877 1544 3042 1612 αὐτοῦ
3094 1546 3390 1617 προσώπου
3423 1548 3683 1620 Γραφὴν⁸

2088 1654 2106 1685 ι
2140 1632 2366 1704 Πνεῦμα
2415 1633 2622 1705 Κυρίου
2669 1635 2755 1686 ἐπ’
2800 1634 2922 1704 ἐμὲ,
2975 1627 3037 1687 οὗ
3090 1635 3297 1689 εἵνεκεν
3341 1635 3526 1708 ἒχρισέ
3576 1655 3682 1708 με’

2081 1725 2539 1795 εὐαγγελίσασθαι
2606 1729 2841 1798 πτωχοῖς
2904 1727 3214 1781 ἀπέσταλκέ
3281 1744 3382 1798 με’
3449 1728 3685 1807 κηρῦξαι

398 1822 743 1885 missionem,
776 1829 830 1875 et
885 1824 1046 1875 caecis
1094 1821 1247 1876 visus
1291 1820 1733 1887 restitutionem;
1784 1834 1978 1874 vocare

2088 1814 2456 1886 αἰχμαλώτοις
2484 1816 2681 1885 ἄφεσιν
2711 1816 2807 1869 καὶ
2846 1815 3067 1893 τυφλοῖς
3096 1816 3390 1897 άνάόλεψιν
3410 1835 3423 1848 ·
3455 1819 3684 1899 καλέσαι

398 1927 601 1965 annum
651 1911 866 1966 Domini
925 1913 1339 1981 acceptabilem,
1379 1920 1433 1968 et
1474 1912 1617 1967 diem
1664 1912 1983 1967 retributio-

396 2004 542 2059 nis“
554 2022 570 2071 ;
587 2025 605 2055 ι
620 2004 746 2077 jur’e
763 2005 853 2060 hic
872 2004 1251 2061 retributionis
1269 2004 1412 2060 diem
1434 2004 1660 2061 indicat.
1682 2002 1779 2059 Est
1798 2012 1984 2059 autem

397 2094 489 2150 illa
526 2096 768 2169 futurum
826 2097 1111 2162 saeculum,
1141 2097 1290 2166 quod
1339 2104 1464 2166 post
1508 2090 1800 2166 praesentis
1852 2110 1984 2150 con-

395 2193 817 2249 summationem
842 2190 1042 2243 veniet.
1074 2186 1232 2242 Illum
1253 2188 1440 2257 itaque
1467 2187 1863 2258 annumquasi
1887 2203 1982 2242 co-

396 2294 531 2333 rona
573 2280 844 2350 novisque
884 2295 949 2335 ac
988 2280 1258 2350 speciosis
1283 2280 1532 2343 lloribus,
1569 2281 1744 2349 quiin
1771 2296 1837 2335 eo
1861 2295 1982 2335 ver—

397 2369 569 2426 saturi
617 2378 766 2435 sunt,
814 2370 1150 2432 ornandum,
1206 2385 1390 2424 sermo
1433 2386 1677 2440 praesens
1713 2360 1981 2428 vaticina.-

396 2468 487 2513 tur
533 2459 722 2514 dicens
757 2474 770 2511 :
814 2478 833 2510 ‹
870 2460 1171 2515 Benedices
1217 2475 1437 2515 coronae
1463 2462 1592 2516 anni
1626 2461 1981 2532 benignitatis

397 2562 525 2608 tuae.
557 2553 730 2623 vNam
764 2554 854 2610 ille
884 2555 1053 2609 futuri
1086 2556 1271 2616 saeculi
1297 2573 1497 2621 annus.
1534 2573 1660 2618 Cum
1696 2544 1766 2618 ait
1800 2575 1980 2615 annus

396 2644 747 2716 benignitatis
782 2646 900 2711 Dei,
932 2649 1274 2704 benedictum
1307 2638 1568 2707 coronam
1613 2650 1855 2716 habebit,
1893 2660 1980 2706 to-

396 2744 509 2791 tum
531 2753 724 2808 nempe
742 2750 1057 2794 sanctorum
1083 2742 1337 2796 chorum.
1364 2740 1538 2807 Quam
1565 2757 1828 2797 coronam
1853 2758 1979 2797 cum

393 2828 754 2893 benedixerit,
790 2832 1031 2901 imponet
1054 2833 1154 2887 sibi
1188 2831 1444 2887 Christus
1469 2832 1586 2891 Dei.
1610 2848 1800 2909 eorum
1832 2833 1981 2901 agri-

394 2924 624 2981 culturae
652 2922 883 2979 ﬂoribus
916 2924 1230 2984 decoratus.
1275 2923 1382 2979 Sed
1416 2924 1585 2981 etiam
1618 2926 1736 2994 ipsc
1758 2940 1979 2981 eorum-

393 3014 515 3074 dem
545 3029 749 3075 corona
773 3015 885 3071 erit
927 3015 1230 3070 secundum
1275 3015 1584 3070 lsaiam‘sic
1621 3016 1932 3085 loquentem
1960 3034 1972 3068 :

400 3118 418 3158 ι
463 3100 527 3161 Et
557 3104 660 3156 erit
693 3100 961 3157 Dominus
1016 3103 1257 3157 Sabaoth
1307 3117 1513 3158 corona
1554 3105 1761 3174 gloriae.
1821 3101 1978 3156 Tunc

2087 1907 2329 1961 ἐνιαυτὸν
2352 1908 2560 1979 Κυρίου
2580 1908 2788 1972 δεκτδν,
2824 1910 2917 1962 καὶ
2943 1909 3161 1979 ἡμέραν
3184 1909 3595 1973 ἀνταποδόσεως
3614 1928 3627 1941 ’
3660 1931 3678 1963 ι

2084 2001 2310 2065 εἰκότως
2349 2002 2442 2054 και)⁸
2470 2000 2704 2057 ἐνταῦθα
2730 2001 2827 2072 τὴν
2853 2003 2885 2073 ἡ
2895 2001 3065 2074 μέραν
3096 2003 3353 2073 σημαίνει
3395 2002 3495 2073 τῆς
3522 2006 3686 2067 ἀντα-

2086 2094 2376 2157 ποδόσεως.
2403 2094 2561 2147 Ἔστι
2586 2093 2643 2147 δὲ
2668 2093 2807 2166 αὔτη
2830 2097 2860 2148 ό
2883 2094 3092 2165 μέλλων
3126 2086 3519 2165 ἐπιστήσεσθαι
3550 2094 3684 2162 αζὼν

2087 2185 2226 2255 μετὰ
2262 2185 2362 2257 τὴν
2401 2184 2497 2238 τοῦ
2536 2185 2834 2250 ἐνεστῶτος
2877 2185 3207 2239 συντέλειαν.
3246 2174 3684 2239 Ἐκείνον’τοίνυν

2081 2278 2174 2330 τὸν
2208 2279 2452 2331 ἐνιαυτὸν
2476 2277 2666 2348 ὥσπερ
2698 2276 2949 2348 στεφάνῳ
2988 2266 3434 2349 κοσμηθὴσεσθαί
3457 2277 3545 2331 διά
3574 2277 3683 2332 τῶν

2084 2367 2293 2438 νεαρῶν
2326 2369 2420 2421 καὶ
2464 2368 2684 2440 ὡραίων
2733 2367 2912 2421 ἀνθῶν
2944 2368 3052 2421 τῶν
3089 2368 3391 2439 μελλόντων
3433 2371 3489 2423 ἐν
3532 2368 3684 2447 αὐτῴ

2083 2458 2503 2526 πολιτεύεσθαι,
2561 2459 2622 2511 τὸ
2676 2458 2849 2530 παρὸν
2902 2458 3148 2523 θεσπίζει
3204 2460 3385 2528 λόγιον
3441 2461 3679 2529 φάσκον*

2088 2569 2105 2601 ι
2150 2549 2478 2621 Εὐλογὴσεις
2505 2550 2597 2603 τὸν
2627 2550 2890 2621 στέφανον
2928 2550 3022 2604 τοῦ
3054 2550 3301 2605 ἐνιαυτοῦ
3324 2552 3422 2623 τῆς
3449 2552 3685 2623 χρηστό-

2081 2645 2243 2716 τητός
2283 2662 2400 2698 σου.
2444 2664 2463 2695 ι
2512 2645 2568 2699 Ὀ
2601 2645 2710 2716 γάρ
2744 2644 2991 2708 ἐνιαυτὸς
3035 2646 3241 2709 ἐκεῖνος
3276 2646 3305 2698 ὁ
3336 2630 3430 2698 τοῦ
3463 2644 3683 2715 μέλλον-

2078 2753 2171 2800 τος
2195 2736 2411 2800 αἰῶνος,
2447 2724 2816 2808 χρηστότητος
2842 2735 2922 2805 ,ῶν
2956 2735 3113 2801 Θεοῦ,
3150 2737 3411 2807 στέφανον
3444 2735 3555 2801 ἕξει
3583 2737 3683 2806 ηὐι

2079 2827 2211 2898 λογη
2222 2826 2379 2897 μένον
2401 2867 2416 2892 ,
2474 2827 2766 2897 σύμπαντα
2833 2827 2991 2901 χορὸν
3039 2827 3149 2891 τῶν
3212 2828 3403 2898 ἁγίων.
3460 2818 3682 2892 Ὄντινα

2082 2921 2373 2989 στέφανον,
2421 2919 2760 2990 εὐλογήσας,
2808 2919 3166 2990 περιθήσεται
3219 2922 3248 2974 ό
3301 2921 3539 2992 Χριστὸς
3585 2920 3681 2985 τοῦ

2080 3008 2237 3070 Θεοῦ,
2262 3010 2497 3081 τοῖςτῆς
2525 3008 2705 3064 αὐτῶν
2726 3008 3001 3079 γεωργίας
3030 3010 3247 3071 ᾇνθεσιν
3286 3010 3677 3083 ὼραῖζόμενος.

2093 3098 2254 3152 Ἀλλὰ
2275 3102 2369 3153 καὶ
2392 3099 2554 3162 αὐτὸς
2591 3098 2774 3158 αὐτῶν
2796 3101 3087 3170 γενήσεται
3124 3101 3389 3171 στέφανος
3420 3103 3563 3157 κατὰ
3589 3103 3681 3165 τὸν

394 3194 576 3262 campi
606 3191 701 3247 Dei
738 3195 1100 3263 replebuntur
1125 3194 1398 3258 ubertate,
1433 3202 1489 3250 et
1525 3202 1741 3253 montes
1772 3193 1975 3249 deserti

2093 3190 2320 3249 Ἡσαΐαν
2344 3192 2621 3262 φήσανταο
2649 3209 2665 3241 ι
2691 3191 2801 3243 Καὶ
2835 3191 2986 3245 ἔσται
3017 3191 3221 3262 Κύριος
3249 3192 3478 3247 Σαϐαὼθ
3503 3196 3532 3247 ό
3563 3194 3684 3259 στέ-

374 3280 525 3337 ἰιιηο
558 3283 916 3352 pinguescent
940 3284 1007 3338 δι.
1052 3304 1071 3336 ι
1105 3286 1187 3339 Ad
1227 3285 1342 3340 haec
1385 3287 1552 3341 etiam
1588 3293 1719 3345 tunc
1750 3303 1769 3336 ι
1806 3286 1975 3347 colles

392 3374 757 3431 exsultatione
775 3376 1096 3447 accingentu
1107 3392 1149 3430 r.
1178 3395 1196 3429 ι
1224 3376 1429 3433 Prteter
1445 3377 1560 3432 haec
1584 3386 1767 3431 autem
1788 3376 1975 3438 omnia

392 3462 594 3522 arietes
652 3463 835 3517 ovium
893 3465 1120 3535 proprio
1189 3465 1391 3522 vellere
1462 3466 1776 3521 iuduentur.
1850 3464 1977 3527 Haec

393 3568 559 3624 porro
586 3554 878 3625 intelliges,
908 3555 956 3610 si
979 3570 1167 3610 eorum
1194 3540 1288 3625 qui
1320 3556 1550 3612 salutem
1579 3557 1979 3616 nanciscuntur

391 3639 713 3700 discrimina
767 3652 947 3697 tecum
1001 3653 1243 3714 reputes.
1303 3642 1548 3716 Quorum
1606 3646 1700 3703 alii
1753 3645 1976 3717 quidem

391 3731 799 3799 comparatione
834 3735 1276 3802 prasstantiorum
1308 3736 1467 3805 quasi
1501 3735 1762 3797 inferiore
1801 3736 1974 3808 gradu

394 3818 521 3873 vitae
551 3819 886 3886 incedentes,
923 3823 1215 3893 allegorice
1267 3826 1448 3896 campi
1480 3824 1574 3880 Dei
1612 3826 1860 3885 ubertate
1890 3845 1977 3883 re-

396 3909 522 3978 pleti
568 3911 745 3963 vocati
788 3920 947 3979 sunt;
990 3928 1161 3985 quare
1203 3914 1412 3969 dictum
1465 3922 1590 3972 est:
1624 3935 1641 3967 ι
1673 3916 1865 3988 Campi
1896 3917 1976 3972 tui

394 3990 746 4069 replebunlur
774 4004 1057 4072 ubertate;
1099 4026 1118 4058 ι
1158 4007 1259 4061 alii-
1282 4022 1411 4061 vero
1436 4008 1606 4062 variis
1650 4008 1765 4079 jam
1798 4011 1974 4064 virtu-

391 4089 539 4147 tibus
570 4089 847 4157 llorcntes,
871 4101 1086 4149 montes
1111 4094 1367 4152 Ecclesiae
1392 4098 1548 4166 prius
1569 4097 1804 4152 desertae
1829 4115 1974 4153 nun-

391 4183 571 4253 cupati
602 4192 748 4238 sunt.
778 4183 881 4251 Qui
907 4194 962 4240 et
991 4187 1095 4258 ipsi
1127 4186 1360 4242 ubertim
1384 4189 1594 4259 irrigati
1622 4205 1650 4241 a
1675 4196 1978 4244 memorato

391 4273 634 4337 ﬂumine,
655 4276 984 4346 pinguedine
1002 4279 1248 4348 replendi
1265 4279 1526 4337 dicuntur
1543 4296 1556 4341 ;
1575 4279 1671 4335 sed
1687 4280 1854 4334 etiam
1871 4281 1978 4335 co!-

393 4363 471 4417 les
488 4362 789 4434 iis‘quoque
806 4366 1175 4428 sublimiores,
1197 4369 1277 4423 sic
1293 4368 1503 4441 tropice
1517 4369 1716 4430 vocati,
1734 4369 1978 4423 exsulta-

390 4452 540 4513 tione
555 4454 932 4524 accingentur.
950 4454 1016 4508 Et
1038 4457 1089 4510 hi
1109 4457 1327 4535 quidem
1347 4466 1461 4514 tres
1477 4458 1700 4514 ordines
1719 4459 1772 4513 in
1792 4459 1976 4514 futuro

2081 3298 2246 3350 φανός
2267 3282 2363 3355 τῆς
2389 3276 2566 3350 δόξης.
2603 3282 2735 3335 Τότε
2765 3283 2822 3334 δὲ
2853 3283 2947 3346 καὶ
2976 3283 3044 3335 τὰ
3065 3283 3224 3339 πεδία
3254 3284 3349 3339 τοῦ
3384 3286 3521 3340 θεοῦ
3555 3286 3684 3357 πληο

2082 3371 2339 3449 σθὴσεται
2372 3373 2649 3444 πιότητος,
2694 3374 2789 3426 καὶ
2828 3373 2898 3427 τὰ
2929 3373 3062 3452 ὄρεα
3098 3375 3155 3429 δὲ
3190 3378 3290 3447 τῆς
3325 3377 3536 3450 ἐρήμου
3558 3378 3695 3442 τότε

2079 3462 2455 3541 πιανθὴσεται.
2471 3464 2623 3516 »Ἔτι
2649 3462 2756 3535 μὴν
2776 3466 2871 3517 καὶ
2891 3483 2909 3515 ι
2932 3467 2982 3529 οξ
3007 3466 3184 3539 βουνοὶ
3209 3485 3227 3517 ›
3246 3466 3683 3535 τάττει-ἀγαλλία-

2081 3571 2165 3608 σιν
2200 3552 2618 3626 περιζὼσονται.
2645 3573 2664 3605 ι
2686 3556 2796 3608 Καὶ
2825 3555 2963 3626 πρὸς
2988 3556 3197 3621 τούτοις
3228 3556 3431 3611 ἅπασιν
3455 3558 3504 3610 oi
3534 3559 3681 3630 κριοὶ,

2078 3647 2188 3700 τῶν
2221 3646 2513 3716 προϐάτων
2539 3647 2667 3709 τοὺς
2685 3645 2850 3710 ἰδίους
2874 3647 3185 3709 ἐνδύσονται
3204 3650 3423 3721 πόκους.
3449 3651 3683 3723 Νοήσεις

2077 3738 2134 3802 δὲ
2166 3737 2356 3804 ταῦτα,
2379 3738 2476 3815 τὴν
2509 3738 2772 3810 διαφορὰν
2817 3739 3150 3811 ὑποθέμενος
3176 3743 3354 3814 ἐαυτῷ
3378 3744 3488 3798 τῶν
3514 3745 3685 3808 σωζο-

2082 3832 2282 3903 μένωψ
2314 3825 2390 3885 ὧν
2419 3833 2467 3885 οί
2496 3831 2615 3901 μὲν,
2648 3831 2724 3895 ὡς
2777 3834 2837 3887 ἐν
2866 3833 3167 3909 παραθέσει
3213 3834 3324 3889 τῶν
3358 3836 3683 3908 κρειττόνων

2078 3922 2169 3975 τὸν
2223 3921 2337 3991 βίον
2378 3923 2824 3998 ὑποϐεϐηκότες,
2885 3926 3232 3997 ἀλληγορικῷ
3287 3927 3472 3998 τρόπῳ
3521 3928 3684 3981 πεδία

2077 4010 2214 4073 Θεοῦ
2242 4013 2766 4086 προσηγορεύθησαν
2797 4016 3053 4087 πιότητος
3085 4015 3456 4086 πληρούμεναο
3488 4014 3569 4068 διὸ
3595 4015 3684 4068 λέ-

2077 4101 2286 4155 λεκται·
2324 4122 2342 4154 ι
2363 4104 2443 4157 Τά
2466 4106 2626 4169 πεδία
2652 4123 2745 4164 σου
2781 4107 3153 4177 πλησθήσεται
3184 4106 3495 4177 πιότητοςη
3529 4106 3580 4161 οἱ
3622 4106 3682 4159 δὲ

2078 4193 2178 4265 ήδη
2214 4196 2271 4247 ἐν
2294 4195 2572 4268 διαφόροις
2607 4196 2833 4273 ἀρεταῖς
2888 4196 3178 4260 ἀνθοῦντες
3205 4197 3337 4268 ὄρεα
3368 4198 3492 4269 στῆς
3550 4201 3681 4271 πρὶν

2078 4286 2284 4357 ἐρήμου
2318 4288 2643 4359 Ἐκκλησίας
2672 4289 3088 4359 ὠνομάσθησαν·
3107 4289 3178 4353 οἳ,
3214 4289 3308 4343 καὶ
3340 4290 3497 4344 αὐτοὶ
3521 4291 3683 4354 πλου-

2005 4435 2011 4441 ,
2080 4378 2213 4441 σίως
2240 4380 2528 4451 ἀρδόμενοι
2563 4383 2627 4433 ἐκ
2662 4381 2755 4435 τοῦ
2784 4380 3114 4450 δηλωθέντος
3145 4383 3416 4453 ποταμοῦ,
3454 4384 3681 4454 πιανθή-

2081 4471 2268 4530 σεσοαι
2313 4471 2582 4540 λέγονται·
2618 4471 2754 4526 ἀλλὰ
2811 4472 2906 4525 καὶ
2937 4473 2986 4525 οἱ
3018 4471 3099 4524 ἔτι
3120 4472 3326 4527 τούτων
3356 4474 3680 4546 ὑψηλότεροι

392 4542 744 4615 benignitatis
763 4545 853 4599 Dei
870 4559 1017 4600 anno
1033 4547 1425 4604 beatitudinem
1441 4557 1877 4618 consequentur:
1894 4549 1978 4619 qui

2093 4559 2273 4628 βουνοὶ
2298 4559 2575 4629 τροπικῶς
2608 4559 2933 4631 καλούμενοι
2983 4561 3304 4635 ἀγαλλίασιν
3354 4563 3682 4635 περιζώσον·

393 4634 627 4692 fortasse
651 4650 717 4689 ex
743 4649 932 4690 eorum
959 4652 1187 4699 numero
1206 4653 1234 4693 s
1253 4646 1369 4703 unt,
1388 4639 1482 4710 qui
1507 4637 1745 4693 fructum
1774 4639 1977 4703 ferunt,

393 4725 484 4779 alii
510 4727 892 4792 centesimum,
931 4728 1023 4781 alii
1046 4713 1472 4798 sexagesimum,
1494 4730 1586 4784 alii
1614 4731 1981 4793 tricesimum.

392 4814 497 4889 Qui
518 4831 645 4869 vero
664 4832 853 4871 eorum
879 4816 1117 4890 praefecti
1144 4818 1312 4874 futuri
1334 4830 1483 4887 sunt,
1511 4823 1786 4895 principes
1804 4839 1868 4878 ac
1884 4825 1988 4879 ‘du-

392 4922 483 4961 ces
500 4908 719 4978 quidam
739 4909 1003 4979 ipsorum.
1031 4913 1467 4981 praeeellentibus
1486 4915 1784 4972 virtutibus
1819 4930 1983 4972 exoro

390 4999 671 5054 nabuntur
685 5018 700 5067 ;
715 5015 882 5071 quare
897 4990 1100 5071 dicitur
1119 5021 1161 5058 ει
1188 5002 1366 5059 luduti
1380 5015 1509 5063 sunt
1524 5005 1724 5061 arietes
1741 5007 1947 5070 ovium,
1962 5025 1980 5059 ι

392 5093 536 5171 διῖίεί
575 5092 802 5157 diceret,
853 5095 1210 5152 «induentur.
1261 5117 1280 5150 ι
1322 5099 1538 5155 Arictcs
1580 5108 1761 5162 autem
1797 5102 1980 5156 ovium

392 5183 664 5253 principes
682 5199 744 5239 ac
758 5184 926 5241 duces
943 5196 1366 5244 memoratorum
1381 5191 1661 5245 hominum
1681 5191 1976 5262 intelligas.

392 5275 484 5344 qui
519 5277 693 5332 induti
726 5284 875 5339 sunt,
909 5277 1017 5333 imo
1041 5281 1221 5350 potius
1246 5281 1562 5337 inducntur.
1582 5282 1721 5348 Quid
1748 5282 1979 5337 induen—

395 5373 482 5418 tur
503 5367 852 5437 cogitandum
877 5369 1037 5424 nobis
1063 5371 1287 5438 reliquit
1314 5390 1328 5439 ;
1372 5372 1466 5428 sed
1497 5373 1604 5427 tale
1633 5372 1793 5427 nobis
1816 5372 1976 5426 indu-

392 5462 633 5509 mentum
650 5456 889 5515 declarat
905 5457 1124 5515 divinus
1143 5459 1436 5535 Apostolus
1452 5460 1642 5515 dicens
1668 5478 1681 5516 :
1706 5480 1724 5511 ι
1745 5458 1973 5539 Oportet

396 5543 862 5619 eorruptibilehoc
886 5544 1110 5602 induere
1133 5547 1596 5618 incorruptionem
1612 5550 1689 5617 ⁴ης
1728 5569 1746 5602 ι
1777 5566 1841 5605 ac
1858 5567 1973 5604 rur-

397 5649 545 5689 sum:
568 5648 587 5684 ι
611 5633 685 5688 Eo
703 5637 847 5706 quod
869 5638 1122 5693 nolumus
1137 5622 1454 5710 exspoliari,
1470 5641 1565 5697 sed
1584 5643 1966 5713 supervestiri,

468 5789 514 5823 “
543 5792 645 5847 lsa.
679 5807 790 5858 ιττ,
827 5793 875 5848 l.
954 5794 995 5826 δ’
1032 5796 1136 5849 lsa.
1169 5810 1358 5864 xxviii,
1399 5795 1451 5853 5.

1554 5798 1597 5829 ’δ’
1634 5795 1653 5849 l
1681 5796 1803 5852 Cor.
1837 5814 1925 5866 xv,
1956 5797 2043 5873 55.

2082 4663 2192 4700 ται.
2229 4648 2337 4700 Καὶ
2362 4648 2498 4715 τρία’
2515 4649 2614 4718 μὲν
2663 4648 2837 4703 ταῦτα
2856 4650 3112 4721 τάγματα
3136 4653 3278 4705 κατὰ
3303 4653 3395 4706 τὸν
3419 4654 3681 4723 μέλλοντα

2085 4738 2333 4792 ἐνιαυτὸν
2381 4737 2485 4807 τῆς
2527 4740 2894 4811 χρηστότητος
2954 4742 3049 4796 τοῦ
3104 4742 3239 4798 Θεοῦ
3280 4743 3530 4807 τεύξεται
3581 4743 3681 4813 τῆς

2090 4828 2515 4900 μακαριότητος·
2543 4831 2684 4900 τάχα
2719 4848 2820 4891 που
2854 4832 2914 4897 ἐξ
2940 4834 3165 4896 ἐκείνων
3188 4833 3361 4898 ὅντες,
3386 4828 3460 4886 ὧν
3486 4836 3534 4887 οἱ
3583 4834 3681 4905 μὲν

2088 4917 2308 4969 ἐποίουν
2335 4922 2400 4987 ρ’,
2420 4920 2469 4970 οἰ
2499 4912 2556 4970 δέ
2576 4917 2636 4983 ξ’,
2657 4923 2704 4973 οἱ
2732 4922 2789 4974 δέ
2806 4922 2867 4974 λ’.
2882 4925 2944 4976 Oi
2972 4923 3029 4976 δὲ
3045 4922 3252 4983 τούτων
3264 4924 3684 4995 ἐπιστησόμενοι,

2088 5006 2350 5080 ἄρχοντές
2391 5023 2539 5070 τινες
2592 5008 2686 5061 καὶ
2720 5010 2987 5080 ἡγεμόνες
3019 5010 3167 5073 τινὲς
3198 5011 3400 5073 αὐτῶν.
3432 5013 3490 5064 ἐν
3520 5012 3681 5065 δυνά·-

2095 5113 2251 5167 μεσιν
2277 5095 2578 5169 ἐξαιρέτοις
2619 5101 3080 5173 κοσμηθήσονται·
3110 5101 3192 5155 διὸ
3210 5101 3481 5155 λέλεκταιο
3520 5121 3537 5153 ι
3576 5104 3679 5156 Ἑν-

2089 5180 2343 5241 εδῦσαντο
2372 5190 2420 5241 οἱ
2451 5191 2597 5263 κριοὶ
2616 5191 2726 5244 τῶν
2762 5192 3104 5263 προϐάτων·›
3134 5193 3255 5246 ἀντὶ
3286 5193 3400 5246 τοῦ*
3435 5213 3452 5244 ι
3498 5194 3680 5247 Ἐνδιές

2090 5298 2325 5335 σονται.»
2361 5284 2568 5353 Κριοὺς
2623 5284 2680 5337 δέ
2729 5284 3020 5356 προϐάτων
3071 5287 3196 5349 τοὺς
3239 5284 3509 5357 ἄρχοντας
3560 5286 3682 5355 τοὺς

2083 5364 2423 5446 ἡγουμένους
2447 5376 2557 5430 τῶν
2583 5377 2992 5448 προλεχθέντων
3021 5379 3256 5449 νοήσεις,
3278 5378 3474 5442 οἵτινες
3503 5376 3683 5437 ἐνεδύ-

2085 5481 2248 5518 σαντο
2276 5467 2309 5537 ἢ
2344 5460 2438 5520 καὶ
2472 5454 2672 5539 μᾶλλον
2735 5469 3065 5523 ἐνδύσονται.
3096 5455 3185 5521 ’Τί
3232 5468 3290 5522 δὲ
3348 5468 3681 5531 ἐνδῦσονται,

2078 5555 2209 5624 ἡμῖν
2252 5555 2642 5610 καταλέλοιπεν
2673 5561 2833 5611 νοεῖν*
2868 5557 3108 5611 διδάσκει
3155 5557 3211 5611 δὲ
3235 5558 3296 5612 τὸ
3323 5558 3530 5629 ἔνδυμα
3556 5557 3676 5610 τοῦ·

2075 5660 2183 5700 των
2216 5647 2244 5698 ό
2277 5645 2419 5711 θεῖος
2451 5649 2774 5721 Ἀπόστολος
2804 5631 2996 5719 λέγων’
3020 5651 3143 5704 «Δεῖ
3166 5650 3226 5703 τὸ
3259 5649 3501 5722 φθαρτὸν
3525 5645 3682 5709 τοῦτο
