4090 6402
406 385 511 442 645

1552 382 2065 442 (ΙΟΜΜΕΝΤΑΒΙᾹ
2103 385 2169 440 ΙΝ
2210 383 2567 442 PSALMOS.‘

3600 391 3707 446 ϐω

405 496 728 554 ἐνδύσασθαι
776 495 1104 570 ἀφθαρσίαν·
1134 517 1153 550 ι
1188 498 1282 552 καὶ
1306 499 1486 553 πάλιν·
1512 519 1530 553 ι
1562 500 1676 570 Ἐφ’
1701 494 1746 570 ᾧ
1769 503 1829 554 ού
1856 500 1990 555 θέλοι

2117 509 2177 556 ut
2198 500 2561 557 absorbeatur
2582 499 2725 571 quod
2747 493 2979 557 mortale
2993 496 3077 558 é'st
3094 515 3124 555 a
3139 501 3336 559 vita“.
3366 526 3383 556 ι
3402 502 3706 559 lnducntur

410 608 509 661 μεν
524 589 848 661 ἐνδύσασθαι
881 590 958 662 (1)
975 591 1121 655 ,ἀλλ’
1143 592 1562 661 ἐπενδύσασθαι,
1589 595 1678 648 ἵνα
1706 597 1993 668 καταποθῇ

405 683 468 735 τὸ
497 682 689 752 θνητὸν
749 682 855 735 ὑπὸ
896 682 997 753 τῆς
1057 680 1222 755 ζωῆς.
1257 704 1275 737 ι
1342 686 1682 741 Ἐνδύσονται
1733 689 1918 742 τοίνυν
1946 691 1996 742 οἱ

405 773 551 844 κριοὶ
570 773 632 826 τὸ
658 773 940 844 ἐμπρέπον
963 775 1146 840 αὐτοῖς
1182 775 1406 848 ἔνδυμα,
1430 777 1523 851 τοῦ
1549 778 1789 851 φθαρτοῦ
1817 780 1998 852 σώμα-

404 876 497 922 τος
528 860 712 924 αὐτοῖς
760 861 1188 931 μεταϐάλλοντος
1232 867 1312 930 είς
1355 867 1690 939 ἀφθαρσίαν,
1742 870 1848 926 ,καὶ
1900 871 1993 925 τοῦ

406 950 602 1022 θνητοῦ
630 954 710 1016 είς
742 950 1058 1008 ἀθανασίαν.
1122 955 1280 1010 Ούτω
1333 958 1463 1028 γοῦν
1512 960 1656 1014 κατὰ
1703 962 1765 1015 τὸ
1813 964 1985 1034 παράο

403 1042 604 1115 δειγμα
625 1044 718 1098 καὶ
749 1046 798 1097 οἱ
819 1047 964 1117 κριοὶ
991 1046 1202 1102 οἴκοθεν
1230 1050 1529 1119 ἐπάγονται
1551 1051 1616 1106 τδ
1641 1052 1866 1126 ἔνδυμα,
1898 1055 1994 1110 τοῦ

408 1132 657 1205 σώματος
719 1136 903 1201 αὐτοῖς
957 1140 1429 1212 καρποφοροῦντος
1481 1144 1574 1197 τὸν
1609 1143 1797 1199 πόκον.
1835 1146 1996 1200 Ἀλλά

405 1223 498 1276 καὶ
527 1225 691 1278 αὑτὸν
719 1226 1028 1281 ἐνδύσονται
1061 1229 1151 1282 τὸν
1183 1230 1387 1304 Κύριον
1408 1233 1566 1305 ήμῶν
1611 1235 1820 1307 Ἰησοῦν
1855 1237 1989 1308 Χρι-

405 1314 550 1389 στδν,
573 1315 637 1369 τὸ
665 1317 944 1391 ἐξαίρετον
970 1319 1175 1392 ἔνδυμα
1203 1323 1262 1376 τὸ
1292 1324 1407 1392 φῶς
1425 1326 1525 1396 τῆς
1544 1325 1798 1399 θεότητος
1829 1329 1995 1383 αὑτοῦ

404 1408 875 1480 περιϐαλούμενοι.
911 1412 1031 1465 Ἔτι
1079 1413 1177 1484 μέν
1231 1415 1326 1468 καὶ
1363 1432 1382 1466 ι
1422 1418 1477 1470 αἱ
1510 1416 1818 1483 ,κοιλάδεςσι
1872 1420 1994 1474 τότε

409 1517 429 1549 ι
473 1499 804 1571 πληθυνοῦσι
851 1503 1014 1556 σῖτον.
1042 1521 1060 1556 ι
1098 1505 1246 1557 Ἔδει
1272 1504 1381 1577 γάρ
1414 1507 1547 1582 μηδὲ
1577 1507 1685 1562 τῶν
1735 1509 1996 1565 κοιλάδων

403 1593 809 1664 ἀμνημονῆσαι·
843 1594 1101 1666 ἀνωτέρω
1126 1595 1226 1665 μὲν
1258 1596 1366 1671 γὰρ
1392 1598 1643 1664 πεδιάδες
1673 1598 1997 1672 ὠνομάσθη-

404 1684 624 1737 σανκαὶ
643 1683 774 1756 ὄρεα
804 1685 1016 1757 ἐρήμου
1046 1688 1143 1741 καὶ
1171 1686 1372 1758 βουνοί.
1426 1690 1645 1763 Ἐπειδὴ
1679 1692 1735 1747 δέ
1764 1694 1870 1746 είσι
1900 1693 1996 1746 καὶ

402 1772 554 1844 παρὰ
573 1772 645 1826 τά
664 1772 929 1844 λεχθέντα
957 1774 1216 1848 τάγματα
1248 1777 1398 1831 ἄλλοι
1426 1780 1573 1843 τινὲς
1596 1781 1992 1853 ταπεινότεροι.

2100 597 2282 668 itaque
2309 597 2508 652 arietes
2530 597 2852 667 congruenti
2879 596 2980 651 sibi
3002 597 3348 660 vestimento,
3365 606 3575 653 mutato
3589 614 3688 653 cor

2099 688 2343 759 ruptibili
2370 701 2602 759 corpore
2622 686 2675 741 in
2699 687 3192 758 incorruptionem,
3211 696 3267 744 et
3288 691 3508 747 mortali
3531 691 3586 744 in
3607 692 3703 745 im-

2098 775 2607 836 mortalitatem'.Sic
2624 778 2807 847 itaque
2827 777 3129 833 secundum
3149 780 3383 849 exempli
3405 782 3699 845 rationem,

2098 867 2300 923 arietes
2326 868 2711 924 vestimentum
2731 868 2833 921 sibi
2853 866 3182 936 producunt,
3207 883 3437 938 corpore
3461 870 3580 940 ipso
3597 871 3700 926 vel-

2098 960 2185 1014 lus
2206 959 2509 1014 emittente.
2538 960 2652 1014 lmo
2673 975 2803 1014 vero
2832 959 3012 1030 ipsum
3036 957 3325 1014 Dominum
3340 970 3589 1015 nostrum
3606 959 3700 1015 Je-

2098 1065 2218 1105 smn
2237 1049 2519 1105 Christum
2552 1049 2781 1105 induent
2807 1050 3264 1121 prastantissimo
3291 1051 3386 1106 illo
3408 1051 3701 1108 indumen-

2098 1151 2175 1207 to,
2203 1142 2326 1199 luce
2342 1159 2540 1215 nempe
2556 1144 2775 1199 deitatis
2796 1145 3085 1200 vestiendi.
3112 1145 3193 1200 Ad
3217 1144 3335 1199 haec
3365 1153 3547 1201 autem
3569 1155 3701 1202 tunc

2104 1253 2122 1286 ι
2147 1236 2321 1291 valles
2340 1234 3016 1292 abundabuntfrumcnto.
3041 1255 3060 1288 ι
3085 1234 3192 1289 Par
3220 1237 3423 1308 quippe
3450 1237 3553 1296 fuit
3577 1238 3699 1292 val-

2098 1326 2177 1382 les
2198 1341 2308 1380 non
2330 1325 2550 1381 silentio
2565 1327 2876 1396 praeterire;
2899 1342 3024 1383 nam
3045 1326 3299 1396 superius
3318 1328 3520 1399 campi,
3540 1343 3700 1383 mon-

2097 1422 2181 1473 tes
2196 1416 2419 1482 deserti,
2436 1424 2491 1471 et
2502 1416 2672 1472 colles
2705 1418 3129 1472 nominatisunt.
3152 1417 3291 1483 Quia
3313 1434 3443 1474 vero
3459 1420 3550 1474 alii
3567 1427 3699 1475 sunt

2104 1509 2425 1563 memoratis
2450 1508 2738 1565 ordinibus
2771 1508 3014 1574 viliores,
3039 1525 3216 1579 neque
3237 1496 3420 1566 tamen
3441 1527 3506 1566 ex
3525 1526 3699 1582 regno

2097 1596 2372 1666 ejiciendi,
2404 1597 2533 1652 licet
2559 1599 2835 1668 praedictis
2848 1600 3176 1669 comparati,
3191 1602 3365 1671 parvi,
3383 1603 3587 1671 pusilli,
3605 1618 3695 1670 ac,

2100 1697 2163 1745 ut
2204 1676 2509 1753 itadicam,
2538 1691 2805 1760 postremi
2838 1690 3144 1746 habeantur
3172 1707 3186 1757 ;
3245 1708 3473 1753 necesse
3505 1693 3605 1749 fuit
3632 1704 3695 1749 ut

2104 1794 2284 1850 neque
2323 1796 2516 1836 eorum
2546 1781 2753 1835 mentio
2779 1782 3184 1853 praeteriretur;
3219 1784 3316 1839 sed
3344 1800 3442 1839 eos
3469 1774 3693 1857 quoque

401 1866 498 1919 καὶ
528 1867 630 1919 οὐκ
651 1867 948 1939 ἀπόϐλητοι
979 1869 1077 1940 μὲν
1096 1868 1195 1940 τῆς
1219 1868 1517 1941 βασιλείας,
1548 1872 1686 1943 πλὴν
1707 1873 1782 1936 ὡς
1804 1875 1864 1928 ὲν
1890 1890 1990 1928 πα-

2096 1882 2488 1939 congruentem
2534 1869 2773 1924 fructum
2819 1870 3029 1924 laturos
3069 1884 3193 1924 esse
3240 1868 3557 1924 declaratur
3605 1871 3694 1926 his

400 1956 623 2029 paO‘éast
675 1958 784 2013 τῶν
845 1958 1252 2032 προλεχθέντων
1314 1965 1540 2034 σμικροὶ
1587 1964 1683 2017 καὶ
1735 1964 1957 2036 βραχεῖς
1977 2006 1991 2028 ,

399 2048 619 2104 πάντων
638 2067 699 2103 τε
719 2050 796 2115 ὡς
827 2049 894 2104 ἂν
915 2049 1059 2105 εῐποι
1086 2069 1190 2117 τις,
1244 2052 1483 2123 ἔσχατοι·
1533 2054 1847 2124 ἀναγκαίως
1877 2057 1997 2111 ούόὲ

396 2139 604 2196 τούτων
636 2141 880 2214 παρῆλθε
909 2142 1009 2215 τὴν
1052 2144 1274 2215 μνήμην
1316 2145 1346 2197 6
1397 2145 1573 2215 λόγος·
1604 2145 1742 2200 ἀλλά
1767 2147 1862 2200 καὶ
1893 2148 1998 2219 μύ-

395 2234 524 2297 τοὺς
553 2234 769 2306 καρπὸν
793 2234 961 2289 οἷσειν
993 2234 1090 2288 τὸν
1116 2236 1477 2290 ἐπιϐάλλοντα
1502 2236 1746 2291 διδάσκει
1799 2237 1993 2307 λέγων·

403 2341 421 2373 ι
448 2322 560 2376 Καὶ
588 2324 644 2377 αί
672 2323 917 2389 κοιλάδες
939 2316 1271 2395 πληθυνοῦσι
1297 2328 1442 2380 σῖτον
1468 2345 1487 2379 ι
1520 2314 1992 2400 προφέρουσαι,ῆ,

402 2433 421 2464 ι
449 2414 548 2485 τὴν
576 2415 835 2490 τροφὴν,ι
864 2416 1008 2470 κατά
1028 2416 1122 2470 τὸν
1155 2416 1473 2489 Σύμμαχον.
1510 2437 1529 2471 ς
1558 2417 1989 2489 Κεκράξονται.»

304 2582 309 2591 Ι
397 2503 463 2557 Τί
480 2504 538 2559 δὲ
560 2505 944 2577 κεκράξονται,
977 2508 1270 2587 ἐρμηνεύει
1298 2510 1425 2582 ἐξῆς
1481 2509 1675 2580 λέγων·
1701 2531 1718 2564 ι
1748 2513 1858 2567 Καὶ
1886 2513 1994 2585 γὰρ

397 2594 785 2669 ύμνήσουσιν·›
832 2598 966 2653 ὡσεὶ
999 2600 1334 2672 σαφέστερον
1390 2604 1622 2675 εἰρήκει·
1652 2605 1715 2658 Εί
1741 2605 1850 2677 γὰρ
1881 2623 1995 2659 κοι-

395 2685 554 2751 λάδες
586 2689 966 2769 τυγχάνουσιν,
1000 2692 1150 2762 ὅμως
1202 2692 1248 2745 δ’
1281 2688 1375 2747 οῦν
1421 2694 1724 2765 ὑμνήσουσι
1775 2697 1866 2749 τὸν
1901 2698 1994 2751 καὶ

395 2775 580 2840 αὐτοῖς
611 2778 721 2847 τῶν
742 2779 962 2848 ἀγαθῶν
988 2781 1250 2854 πάροχον.
1292 2782 1591 2853 ’Υμνοῦσαι
1622 2785 1679 2839 δὲ
1700 2786 1993 2858 κεκράξον-

395 2882 508 2930 ται,
534 2867 825 2940 ,παρρησίᾳ
849 2867 1128 2941 χρώμεναι
1157 2870 1254 2925 καὶ
1294 2862 1391 2943 βοῇ
1425 2872 1657 2944 μεγάλῃ.
1685 2874 1896 2927 Βοῶσαι
1935 2876 1992 2928 δὲ

396 2959 612 3031 κραυγῇ
643 2957 740 3033 καὶ
772 2958 1037 3029 ὑμνοῦσαι
1066 2959 1228 3023 ποίας
1262 2961 1592 3033 προήσονται
1616 2962 1820 3039 φωνὰς,
1844 2963 1993 3034 ἢτάς

395 3046 456 3099 ἐν
486 3046 629 3119 ἀρχῇ
682 3049 884 3113 παντὸς
929 3048 1159 3122 ψαλμοῦ·
1208 3051 1539 3122 φερομένας·
1601 3053 1736 3105 «Σοὶ
1790 3054 1991 3126 πρέπει

397 3130 586 3210 ὕμνος,
613 3142 642 3193 6
671 3138 822 3209 Θεὸς,
852 3142 911 3195 ἐν
960 3141 1153 3208 Σιὼν,›
1204 3142 1506 3212 λέγουσαι;
1541 3146 1881 3215 Ἀναγκαίως
1932 3145 1990 3201 δὲ

2099 1960 2283 2015 verbis
2318 1975 2332 2011 :
2370 1978 2389 2011 ι
2428 1959 2494 2013 Et
2524 1960 2693 2016 valles
2738 1960 3096 2018 abundabunt
3141 1959 3440 2022 frumento,
3480 1980 3499 2012 ι
3541 1961 3689 2030 quod

2096 2052 2397 2123 proferent,
2425 2052 2543 2107 sive
2580 2070 2599 2103 ι
2638 2067 2843 2116 escam,
2882 2042 2901 2105 ι
2941 2052 3240 2115 secundum
3275 2050 3689 2124 Symmachum.

2101 2162 2120 2195 ι
2162 2143 2513 2199 Clamabunt.
2546 2163 2566 2196 ι
2598 2144 2742 2210 Quid
2796 2153 2976 2199 autem
3033 2143 3373 2206 clamabunt,
3430 2145 3534 2199 sub
3572 2144 3693 2198 ham

2094 2236 2335 2307 explicat
2375 2235 2570 2291 dicens
2606 2255 2619 2291 :
2651 2254 2670 2287 ι
2711 2234 2926 2291 Etenim
2967 2235 3231 2307 hymnum
3262 2235 3483 2303 dicent;
3550 2253 3569 2286 ι
3625 2250 3691 2289 ac

2096 2327 2140 2383 si
2175 2327 2419 2398 apertius
2453 2327 2688 2382 dixisset
2735 2346 2748 2382 :
2795 2326 3028 2381 Etiamsi
3060 2326 3232 2381 valles
3262 2325 3393 2392 sint,
3447 2333 3689 2382 attamen

2096 2420 2287 2474 talium
2318 2419 2423 2475 sibi
2455 2419 2724 2474 bonorum
2747 2418 2960 2473 auctori
2990 2417 3251 2489 hymnum
3282 2418 3484 2473 dicent.
3521 2417 3688 2490 Hym-

2094 2525 2226 2564 num
2250 2524 2382 2565 vero
2419 2508 2667 2564 dicentes
2702 2508 3041 2574 clamabunt,
3087 2507 3287 2562 ﬁducia
3337 2509 3690 2577 clamoreque

2095 2616 2295 2671 magno
2350 2609 2588 2655 utentes.
2643 2598 2961 2654 Clamantes
3014 2604 3197 2653 autem
3236 2612 3373 2653 voce
3406 2612 3603 2669 magna
3632 2606 3689 2652 et

2098 2691 2359 2760 hymnum
2411 2691 2658 2745 dicentes
2696 2706 2836 2760 quas
2883 2704 3048 2744 voces
3099 2689 3377 2754 emittent,
3438 2690 3545 2744 nisi
3590 2704 3687 2744 eas

2094 2797 2216 2852 quae
2244 2782 2404 2836 initio
2424 2781 2594 2835 totius
2627 2781 2822 2851 psalmi
2848 2779 3100 2836 feruntur
3137 2797 3152 2834 :
3189 2796 3208 2831 ι
3240 2777 3318 2833 Te
3348 2779 3505 2834 decet
3527 2779 3688 2851 hym-

2094 2890 2222 2937 nus,
2244 2872 2413 2935 Deus,
2443 2872 2498 2925 in
2525 2869 2705 2926 Sion?
2738 2888 2754 2923 ι
2782 2869 3114 2926 Necessario
3130 2877 3312 2923 autem
3332 2868 3487 2931 illud,
3527 2888 3546 2920 ι
3578 2869 3686 2923 cla-

2094 2965 2342 3029 mabunt,
2384 2958 2585 3017 etenim
2621 2965 2882 3034 hymnum
2915 2961 3121 3023 dicent,
3159 2977 3178 3011 ι
3216 2961 3533 3015 enuntiatur
3570 2968 3685 3014 tam

2093 3053 2161 3109 de
2188 3053 2422 3107 vallibus
2460 3066 2624 3121 quam
2669 3050 2738 3106 de
2774 3049 3093 3105 memoratis
3136 3051 3418 3117 omnibus,
3455 3057 3516 3103 ut
3564 3049 3685 3108 edi-

2095 3158 2335 3206 scamus,
2370 3141 2487 3197 haec
2518 3157 2627 3195 non
2657 3139 2729 3195 de
2755 3139 3113 3195 sensibilibus
3151 3147 3205 3191 et
3235 3139 3516 3208 corporeis
3547 3138 3684 3193 locis

396 3199 682 3299 πρόκειται
706 3199 822 3283 τάξ
855 3250 874 3282 ι
900 3199 1296 3304 Κεκράέονται,
1343 3233 1440 3285 καὶ
1489 3199 1599 3304 γὰρ
1627 3199 1982 3306 ὑμνήσουσι,

2093 3199 2334 3290 (Ιοοοῆέ
2372 3231 2594 3303 tametsi
2651 3231 2915 3302 praedicta
2975 3231 3142 3285 verba
3201 3230 3270 3284 de
3327 3199 3684 3285 sensibilibus

395 3322 656 3394 περὶτῶν
681 3325 965 3391 κοιλάδων,
999 3326 1033 3398 ἢ
1093 3327 1188 3382 καὶ
1222 3328 1351 3405 περὶ
1411 3328 1522 3381 τῶν
1579 3329 1990 3402 προλεχθέντων

394 3414 673 3480 ἁπάντων,
701 3416 778 3481 ῶς
804 3418 872 3474 ἂν
897 3418 1186 3491 μάθοιμεν,
1229 3421 1311 3474 ὅτι
1336 3419 1412 3492 μὴ
1442 3422 1572 3493 περὶ
1596 3422 1870 3495 αἰσθητῶν
1895 3425 1991 3477 καὶ

396 3507 725 3587 σωματικῶν
769 3508 954 3563 τόπων
1000 3512 1030 3562 6
1080 3509 1236 3580 λόγος
1291 3507 1464 3565 ταῦτα
1504 3513 1765 3567 διδάσκει·
1810 3515 1989 3568 καίτοι

393 3599 491 3652 καὶ
520 3601 649 3671 περὶ
676 3598 881 3655 τούτων
929 3601 1077 3665 εἰκὸς
1106 3597 1175 3673 ἦν
1206 3602 1276 3656 τά
1321 3602 1694 3675 προλεχθέντα
1730 3604 1988 3674 λέγεσθαι

248 3686 253 3687 “
276 3726 279 3731 ρ
393 3687 635 3761 νομίζειν
661 3691 756 3743 ἐπὶ
780 3693 891 3756 τοῖς
917 3690 1193 3763 αἰσθητοῖς
1215 3692 1311 3746 τοῦ
1328 3692 1464 3747 Θεοῦ
1485 3695 1833 3768 δωρήμασιν,
1858 3696 1987 3751 ὥστ’

393 3775 532 3833 εἶναι
560 3781 973 3853 εύχαριστήριον
1006 3780 1197 3851 ὕμνον,
1241 3781 1317 3846 ὡς
1345 3783 1482 3855 πρὸς
1515 3784 1614 3853 τὴν
1642 3785 1808 3850 λέξιν,
1845 3787 1989 3857 ὑπὲρ

371 3871 500 3927 ,τῶν
530 3873 651 3925 κατ’
682 3871 801 3936 ἔτος
826 3870 1136 3944 ἀνθρώποις
1164 3874 1588 3946 χορηγουμένων
1617 3874 1709 3929 τὸν
1742 3878 1987 3948 παρόντα

392 3964 569 4034 λόγον.
597 3963 735 4021 Καθ’
775 3964 1006 4019 ἕκαστον
1070 3963 1202 4034 γοῦν
1235 3966 1482 4019 ἐνιαυτὸν
1530 3967 1560 4019 6
1604 3967 1988 4039 φιλάνθρωπος

391 4056 485 4115 καὶ
514 4056 716 4119 παντὸς
736 4054 941 4125 ἀγαθοῦ
976 4055 1142 4128 δοτὴρ
1168 4057 1321 4121 Θεὸς,
1372 4058 1840 4129 ἐπισκεπτόμενος
1887 4058 1988 4130 τὴν

390 4147 517 4218 γῆν,
555 4146 816 4219 μεθύσκει
847 4146 1038 4219 αὐτὴν,
1073 4146 1250 4221 ἄρδων
1281 4150 1394 4213 τοῖς
1428 4149 1713 4220 συνήθεσιν
1737 4149 1982 4221 ὄμϐροις,

390 4239 591 4313 πληροῖ
626 4257 685 4297 τε
714 4239 889 4310 αὐτῆς
916 4241 1042 4303 τοὺς
1068 4238 1314 4305 αὔλακας
1342 4242 1460 4303 ταῖς
1487 4239 1597 4301 τῶν
1623 4240 1795 4294 ὑετῶν
1823 4258 1987 4312 χορηο

389 4331 557 4400 γίαις.
589 4332 671 4386 Τά
695 4349 756 4385 τε
782 4333 1099 4405 γεννήματα
1130 4332 1301 4402 αὐτῆς
1337 4331 1624 4403 πληθύνων
1672 4332 1975 4403 εύλογήσει.

402 4423 477 4487 Ἢ,
522 4422 580 4475 δὲ
619 4422 991 4495 εὐφραίνεται,
1047 4421 1503 4495 νεαροποιηθεῖσά
1561 4439 1623 4475 τε
1672 4422 1975 4477 ἀνατέλλει.

2090 3337 2309 3393 quoque
2344 3322 2440 3378 Dei
2475 3322 2637 3378 donis
2671 3321 2820 3376 dicta
2866 3327 3063 3391 putare
3102 3335 3200 3389 par
3241 3309 3348 3389 est,
3399 3322 3475 3375 ita
3505 3327 3565 3374 ut
3611 3319 3686 3375 sit

2091 3408 2355 3486 hymnus
2387 3413 2444 3467 in
2484 3413 2786 3484 gratiarum
2837 3411 3109 3465 actionem
3158 3424 3257 3479 pro
3291 3410 3381 3474 iis,
3431 3410 3478 3464 si
3517 3408 3685 3463 verba

2088 3512 2428 3577 spectentur,
2462 3520 2584 3576 quae
2616 3503 2913 3575 quotannis
2960 3517 2992 3556 a
3040 3500 3150 3555 Deo
3199 3500 3518 3556 hominibus
3551 3500 3684 3555 sub-

2089 3597 2499 3653 ministrantur.
2534 3594 2783 3666 Singulis
2834 3595 3022 3663 itaque
3052 3594 3213 3649 annis
3263 3592 3545 3655 hominum
3592 3591 3684 3646 ille

2090 3696 2302 3742 amator
2347 3687 2683 3757 largitorq‘ue
2721 3684 2993 3738 bonorum
3023 3683 3271 3739 omnium
3325 3682 3488 3744 Deus,
3544 3680 3670 3735 visi-

2088 3784 2214 3832 tans
2241 3785 2468 3840 terram,
2502 3775 2740 3830 inebriat
2778 3788 2899 3829 eam
2928 3772 3219 3843 solitisque
3248 3771 3521 3826 imbribus
3554 3770 3683 3824 irri—

2088 3876 2200 3938 gat,
2234 3870 2382 3922 rivos
2415 3868 2537 3936 ejus
2578 3866 2777 3935 pluviis
2823 3872 3036 3920 tumere
3085 3872 3370 3934 procurat,
3403 3862 3679 3934 genimina

2086 3957 2207 4027 ejus
2247 3955 2620 4025 multiplicans
2650 3954 2946 4009 bent-dicit.
2990 3954 3086 4008 llla
3114 3967 3244 4008 vero
3272 3953 3397 4007 laeta
3428 3962 3483 4027 et
3516 3967 3682 4007 reno-

2086 4023 2213 4100 v'ata
2254 4023 2451 4101 iterum
2481 4043 2795 4100 eiliorescit.
2826 4043 3032 4098 Deinde
3064 4043 3335 4097 fructibus
3374 4023 3558 4099 omnis
3585 4057 3681 4112 ge-

2086 4138 2236 4193 neris
2260 4135 2487 4200 rel‘erta,
2524 4135 2802 4205 segetibus
2836 4141 2890 4188 et
2929 4133 3108 4204 pomis
3146 4139 3467 4196 coronatur,
3512 4140 3573 4185 ut
3609 4147 3680 4186 ne

2086 4230 2269 4299 pigeat
2322 4243 2441 4282 eam
2511 4242 2682 4283 verno
2737 4236 2984 4297 tempore
3039 4231 3359 4279 coronatam
3431 4223 3618 4279 dicere
3659 4241 3677 4278 :

2086 4320 2267 4391 campi
2306 4320 2589 4390 replentur
2630 4318 2920 4383 ubertate;
2963 4315 3099 4386 quin
3151 4302 3318 4369 etiam
3365 4320 3421 4368 et
3463 4320 3679 4367 montes

2086 4411 2290 4468 deserti
2312 4410 2684 4474 elliorescunt,
2712 4419 2766 4464 et
2799 4408 2969 4463 colles
2991 4406 3359 4481 exsultatione
3378 4405 3680 4475 accingun-

391 4513 644 4567 Κάπειτα
675 4512 1023 4585 πληρουμένη
1070 4512 1342 4566 παντοίων
1396 4511 1646 4584 καρπῶν,
1698 4512 1982 4584 σπορίμων

2093 4511 2181 4557 tur
2216 4523 2228 4558 :
2257 4504 2458 4560 arietes
2491 4503 2678 4557 ovium
2711 4500 3005 4556 velleribus
3037 4499 3155 4554 suis
3183 4499 3523 4565 vcstiuntur;
3545 4497 3679 4567 ipsa:

389 4617 449 4655 τε
484 4602 578 4656 καὶ
637 4602 952 4675 ἀκροδρύων
1000 4601 1381 4672 στεφανοῦται,
1422 4602 1505 4667 ὡς
1550 4603 1624 4674 μὴ
1658 4602 1724 4657 ἂν
1754 4603 1983 4674 ὀκνῆσαι

2093 4596 2370 4652 convalles
2417 4597 2739 4668 plerumque
2779 4593 3055 4648 frumento
3096 4591 3403 4654 abundant,
3447 4599 3500 4644 et
3539 4587 3678 4658 ipsis

391 4693 533 4748 κατά
562 4694 656 4749 τδῐο
676 4695 768 4748 τοῦ
791 4694 951 4767 ἔαρος
979 4692 1170 4766 καιρὸν
1208 4694 1620 4765 ἐστεφανῶσθαι
1661 4694 1841 4764 λέγειν
1879 4696 1982 4749 αύ-

389 4784 510 4854 τὴν,
540 4785 610 4839 τά
635 4803 697 4840 τε
734 4784 893 4841 πεδία
922 4785 1259 4858 πληθύεσθαι
1307 4787 1584 4858 πιότητος·
1618 4787 1712 4842 καὶ
1748 4788 1855 4859 μὴν
1888 4788 1982 4841 καὶ

390 4875 459 4929 τά
488 4875 620 4948 ὄρεα
649 4877 747 4947 τῆς
776 4879 984 4951 ἐρήμου
1015 4877 1221 4943 ἀνθεῖν,
1250 4879 1346 4933 καὶ
1390 4881 1518 4943 τοὺς
1556 4878 1777 4950 βουνοὺς
1806 4879 1979 4949 ἀγαλ-

390 4968 568 5025 λίασιν
608 4967 1063 5042 περιζώννυσθαι·
1125 4969 1262 5023 ἀλλά
1309 4970 1403 5024 καῖ¹
1467 4972 1595 5035 τοὺς
1633 4971 1823 5045 κριοὺς
1870 4970 1979 5025 τῶν

391 5059 680 5132 προϐάτων
702 5062 816 5123 τοῖς
840 5059 1053 5115 ἑαυτῶν
1098 5059 1288 5124 πόκοις
1350 5058 1775 5125 ἐνδιδύσκεσθαι,
1812 5062 1982 5125 αὐτάς

389 5161 451 5199 τε
479 5146 578 5211 τάς
606 5146 859 5210 κοιλάδας
890 5146 1073 5219 χώρας
1122 5146 1384 5210 πολλάκις
1428 5147 1767 5220 πληροῦσθαι
1809 5151 1979 5215 σίτου,

392 5239 486 5292 καὶ
517 5239 800 5309 μονονουχὶ
826 5237 904 5309 τῷ
928 5238 1074 5311 ἔργῳ
1135 5238 1264 5311 βοᾷν
1290 5240 1388 5296 καὶ
1416 5239 1509 5294 τὸν
1556 5239 1691 5294 Θεὸν
1708 5239 1979 5309 δοξάζειν.

392 5329 578 5393 Ταῦτα
597 5328 655 5383 δὲ
676 5332 726 5383 εί
747 5330 842 5383 κα)⁵
864 5331 946 5383 ὅτι
968 5330 1204 5401 μάλιστα
1222 5331 1497 5403 αίσθητῶς
1529 5332 1833 5404 πληροῦται
1856 5332 1981 5387 καθ’

391 5412 779 5485 ἕκαστονέτος,
813 5420 927 5475 ἀλλ’
950 5423 984 5493 ή
1017 5422 1333 5494 σύμφρασις
1350 5422 1451 5494 τῆς
1464 5423 1560 5477 τοῦ
1589 5423 1789 5487 παντὸς
1820 5422 1979 5492 λόγου
2008 5468 2035 5474 ..

392 5513 714 5577 ἀκολουθίας
735 5512 828 5567 ἐπὶ
858 5513 957 5585 τὴν
991 5513 1224 5587 θεωρίαν
1253 5514 1400 5585 ἡμᾶς
1424 5514 1841 5585 ἀναπέμπουσα
1857 5515 1985 5568 ἀπο-

391 5596 680 5680 δὲδεικται.
721 5602 890 5676 Ὁμοῦ
911 5604 976 5676 δὴ
1007 5600 1100 5659 οὖν
1136 5605 1207 5660 τά
1229 5604 1597 5678 προλεχθέντα
1615 5606 1812 5672 πάντα,
1837 5606 1983 5686 λέγω

462 5738 511 5769 ⁸³
543 5740 595 5794 ll‘
617 5742 747 5798 Cor.
776 5757 830 5805 ν,
858 5755 913 5797 4.

434 5867 447 5879 -
465 5834 540 5906 (.l)
580 5836 739 5898 Forte
772 5836 1120 5892 ἐκδύσασθαι.

2091 4682 2353 4757 operibus
2376 4696 2588 4742 tantum
2616 4701 2723 4740 non
2748 4686 2988 4740 clamant
3012 4683 3294 4753 Deumque
3322 4682 3576 4751 laudibus
3604 4679 3680 4735 ef-

2089 4789 2291 4844 ferunt.
2326 4782 2452 4838 Haec
2476 4794 2640 4852 porro
2667 4779 2883 4835 etiamsi
2905 4775 3204 4855 quotannis
3235 4773 3483 4830 sensibili
3514 4772 3678 4850 modo

2086 4875 2418 4946 impleantur
2435 4909 2450 4935 ,
2468 4884 2533 4924 ex
2557 4868 2701 4924 serie
2722 4876 2902 4922 tamen
2924 4864 3258 4920 narrationis
3274 4874 3676 4919 commonstra-

2087 4975 2205 5021 tum
2254 4971 2361 5029 est,
2390 4960 2581 5018 eadem
2613 4974 2717 5015 nos
2746 4959 2817 5014 ad
2865 4956 3387 5027 contemplationem
3421 4970 3673 5013 evocare.

2086 5056 2457 5112 Nihilominus
2514 5058 2813 5107 memorata
2866 5049 3073 5113 omnia,
3134 5047 3395 5101 nimirum
3471 5047 3675 5116 campi,

2087 5156 2311 5217 montes.
2329 5144 2556 5207 deserti,
2586 5143 2758 5198 colles
2783 5149 2840 5196 et
2870 5140 3072 5194 arietes
3100 5138 3306 5202 ovium,
3333 5144 3499 5207 atque
3531 5137 3679 5191 insu-
3743 5207 3747 5212 ν

2086 5256 2185 5312 per
2206 5241 2363 5311 prius
2387 5235 2672 5306 explicatae
2703 5230 3006 5295 convalles,
3025 5236 3140 5283 tum
3161 5227 3465 5282 secundum
3489 5224 3676 5280 datam

2087 5316 2615 5401 interpretationem,
2645 5327 2763 5377 tum
2803 5321 2967 5376 obvio
3020 5334 3186 5376 sensu
3232 5324 3479 5386 accepta,
3509 5330 3675 5370 utram

2087 5438 2302 5487 vocem,
2338 5417 2740 5486 melodiamque
2768 5427 3068 5475 consonam
3102 5412 3214 5469 Deo
3243 5412 3515 5468 emissum
3551 5422 3678 5463 esse

2090 5515 2369 5571 dicuntur.
2399 5511 2580 5578 Quare
2610 5508 2666 5563 in
2702 5506 2958 5562 omnibus
2990 5506 3105 5561 haec
3142 5504 3417 5576 intelligas
3448 5521 3463 5558 :
3496 5520 3516 5554 ι
3550 5499 3673 5555 (λιιι.

2091 5605 2321 5661 mabunt
2351 5610 2405 5660 et
2436 5602 2716 5675 hymnum,
2742 5597 2947 5653 dicent.
2982 5615 3004 5650 ›
