4090 6420
405 365 508 418 647
1102 357 1189 414 EU
1201 356 1369 411 SEBH
1404 351 1882 409 CESARIENSIS
1921 352 1976 408 Ol

2113 351 2294 407 PARS
2333 350 2421 407 ΠΙ.
2462 383 2534 393 --
2573 351 2986 408 ΕΧΕΟΕΉΟΑ.
3189 360 3195 365 ”
3501 353 3509 355 ’
3554 355 3678 417 ’648

403 482 459 538 δὲ
498 480 565 534 τὰ
591 479 744 532 πεδία
777 477 962 530 καὶτὰ
986 477 1119 548 ὄρεα
1141 478 1238 546 τῆς
1267 478 1498 547 ἐρήμου,
1528 476 1584 528 οἵ
1612 493 1670 527 τε
1701 475 1880 544 βουνοί
1903 477 1996 528 καὶ
2034 477 2082 528 οί
2114 477 2259 545 κριοὶ
2301 476 2411 528 τῶν
2457 476 2768 547 προϐάτων,
2798 478 2893 530 καὶ
2944 477 3079 546 πρὸς
3128 476 3340 541 τούτοις
3373 481 3428 532 αἱ
3487 481 3680 535 ἀποδο-

403 576 579 628 θεῖσαι
638 570 883 633 κοιλάδες
931 569 1071 622 κατὰ
1125 571 1222 638 τὴν
1254 568 1632 620 -άποδοθεῖσαν
1679 569 1996 637 ἑρμηνείαν,
2039 567 2181 620 κατά
2207 585 2264 619 τε
2326 568 2421 638 τὴν
2461 569 2752 642 πρόχειρον
2781 570 3042 633 διάνοιαν,
3094 565 3224 640 μίαν
3293 573 3528 643 ἀφήσειν
3564 594 3680 644 φω-

399 666 494 738 νὴν
524 667 617 719 καὶ
641 665 924 733 σύμφωνον
950 662 1221 733 μελῳδίαν
1251 661 1328 731 τῷ
1357 661 1474 731 Θεῷ
1502 661 1768 731 εἴρηνται.
1812 661 1902 713 Διὸ
1922 662 2062 714 κατὰ
2089 662 2306 715 πάντων
2339 662 2546 732 ἀκούσῃ
2576 663 2657 714 τό·
2689 682 2704 713 ι
2742 663 3115 734 Κεκράξονται
3137 667 3230 717 καὶ
3260 667 3611 736 ὑμνήσουσιν.
3654 690 3672 721 ι

525 778 573 828 1.
617 775 684 827 IN
719 772 954 836 FINEM,
998 770 1350 825 CANTICUM
1390 770 1663 825 PSALMI.
1708 770 1870 824 LXV.

474 868 640 922 Vsus.
683 866 738 919 2.
779 885 795 914 ι
833 865 1071 918 Jubilate
1121 865 1249 927 Deo,
1285 865 1464 918 omnis
1523 872 1704 927 terra,
1768 865 1984 932 psallite

402 960 612 1014 nomini
654 958 794 1025 ejus.
829 955 954 1009 date
982 955 1212 1024 gloriam
1263 954 1409 1006 laudi
1453 954 1593 1021 ejus.
1637 975 1654 1004 ο
1699 952 1984 1021 Evangeli-

401 1067 501 1106 cus
535 1051 621 1102 hic
657 1050 783 1102 item
818 1048 1061 1115 psalmus
1096 1056 1179 1098 est
1227 1065 1236 1098 :
1296 1061 1418 1097 nam
1455 1045 1696 1114 gentium
1737 1046 1982 1099 vocatio-

401 1161 524 1198 nem
558 1142 964 1210 complectitur.
1009 1137 1197 1207 Neque
1227 1138 1373 1190 enim
1421 1152 1486 1191 eo
1521 1152 1629 1205 quo
1685 1137 1986 1190 cauebatur

406 1247 649 1302 tempore
692 1233 852 1285 linem
894 1240 1296 1284 consecuturus
1335 1221 1473 1290 erat,
1509 1229 1604 1282 sed
1632 1230 1684 1281 in
1725 1244 1985 1282 consum-

408 1326 650 1379 matioue
707 1323 1050 1377 saeculorum.
1092 1321 1272 1385 Quare
1313 1327 1737 1373 memoratarum
1794 1320 1862 1373 ibi
1906 1334 1986 1372 re-

399 1432 520 1469 rum
557 1416 894 1485 prophetiam
937 1414 999 1465 ad
1047 1412 1206 1466 ﬁnem
1257 1413 1501 1464 remittit.
1555 1411 1757 1480 Estque
1789 1425 1984 1464 rursus

400 1507 674 1560 canticum
702 1504 932 1574 psalmi;
965 1504 1100 1564 sive,
1135 1509 1296 1572 prout
1324 1502 1377 1554 in
1412 1500 1739 1571 prazcedeuti
1775 1501 1984 1568 psalmo

400 1598 741 1661 inscribitur,
790 1614 806 1644 ι
848 1594 1097 1648 Psalmus
1156 1593 1378 1646 cantici.
1412 1613 1429 1644 ›
1491 1591 1728 1661 Spiritus
1784 1591 1985 1659 quippe

399 1697 626 1742 sanctus
651 1703 744 1755 per
769 1686 1140 1755 propheticum
1165 1686 1425 1747 animam,
1447 1699 1567 1752 qua:
1598 1699 1655 1737 se
1683 1694 1980 1751 receperat,

398 1794 522 1831 cum
553 1777 735 1830 lietitia
769 1777 936 1827 multa
972 1775 1203 1841 canebat
1237 1773 1631 1842 psallebatque,
1672 1788 1770 1840 pro
1823 1772 1983 1826 bonis

395 1872 451 1925 in
488 1873 749 1926 valicinio
797 1885 898 1924 suo
945 1869 1292 1922 annuntiatis
1341 1887 1353 1921 :
1397 1879 1632 1938 quorum
1668 1881 1834 1920 causa
1867 1881 1984 1918 om-

396 1966 556 2018 nibus
590 1965 845 2033 gentibus
875 1963 1167 2015 salutarem
1202 1961 1433 2029 gratiam
1465 1959 1805 2028 susmpturis
1836 1973 1984 2028 qua:-

395 2057 517 2108 dam
553 2056 759 2124 agenda
780 2055 1041 2123 prmcipit,
1068 2069 1187 2122 quae
1211 2068 1309 2106 nos
1332 2052 1580 2120 exsequi,
1607 2051 1669 2103 ad
1693 2065 1830 2118 quos
1851 2065 1981 2118 prte-

394 2152 577 2200 missae
609 2160 771 2198 voces
809 2151 1088 2212 spectant,
1147 2143 1521 2196 necessarium
1565 2149 1669 2194 est.
1723 2139 1980 2206 'Pl'mt'ipit

394 2239 580 2306 itaque
615 2237 762 2290 omni
793 2243 971 2297 teme,
1009 2234 1060 2287 id
1096 2244 1199 2296 est,
1239 2234 1496 2287 omnibus
1542 2242 1700 2286 terra!
1739 2233 1980 2285 elemen-

393 2337 510 2380 tum
546 2326 937 2387 incolentibus,
969 2339 1038 2377 ne
1072 2339 1190 2378 sese
1218 2324 1416 2394 Moysis
1445 2321 1716 2374 mandatis
1749 2329 1802 2374 et
1827 2320 1980 2390 gravi

394 2415 532 2482 legis
556 2414 690 2482 jugo
720 2412 1056 2480 subjiciaut;
1103 2413 1196 2466 sed
1240 2427 1303 2466 ea
1355 2412 1552 2472 solum,
1586 2425 1705 2480 qua:
1745 2411 1798 2462 in
1842 2424 1981 2478 prae-

394 2508 534 2562 senti
562 2507 773 2575 psalmo
798 2506 1084 2574 jubentur,
1120 2512 1416 2574 peragant;
1451 2511 1506 2558 et
1545 2505 1720 2572 primo
1757 2503 1979 2572 quidem

394 2597 504 2652 Deo
539 2599 775 2666 jubilent
805 2615 819 2661 ;
852 2599 1115 2660 secundo,
1153 2599 1394 2667 psallunt
1437 2596 1652 2650 nomini
1692 2595 1845 2663 ejus;
1874 2605 1984 2648 ter-

394 2688 490 2749 tio,
516 2690 645 2740 dent
674 2689 902 2756 gloriam
950 2689 1098 2742 laudi
1145 2689 1300 2757 ejus;
1335 2695 1556 2756 quarto,
1604 2687 1789 2740 dicant
1821 2685 1931 2739 Deo
1965 2705 1976 2739 :

397 2798 415 2828 1
456 2779 628 2844 Quam
662 2779 925 2832 terribilia
949 2788 1086 2832 'sunt
1113 2793 1280 2847 opera
1322 2779 1449 2830 tua!
1484 2797 1502 2827 ι
1527 2784 1614 2831 et:
1652 2795 1669 2824 ι
1707 2774 1763 2827 In
1790 2777 1977 2836 multi-

395 2872 582 2925 tudine
630 2872 851 2926 virtulis
901 2880 1005 2926 tua:
1053 2872 1388 2926 mentientur
1423 2869 1520 2923 tibi
1581 2868 1787 2922 inimici
1820 2869 1919 2920 tui.
1951 2886 1974 2919 -ι

391 2959 635 3013 Primum
669 2961 852 3031 itaque
889 2977 982 3030 per
1006 2963 1293 3016 scientiam
1316 2971 1370 3016 et
1396 2975 1575 3015 veram
1609 2959 1976 3028 cognitionem

391 3064 759 3118 exsequemur
793 3050 904 3104 Deo
945 3050 1272 3118 jubilantes,
1312 3035 1544 3116 militum
1593 3047 1769 3100 instar
1797 3047 1890 3116 qui
1925 3047 1979 3100 in

393 3139 551 3193 bellis
593 3141 899 3193 acclamant
931 3148 984 3194 et
1028 3141 1286 3209 jnbilant,
1330 3139 1535 3208 quique
1570 3139 1724 3191 vocis
1777 3137 1984 3206 magni-

393 3230 582 3284 tudine
613 3246 733 3284 sese
765 3232 1036 3284 terribiles
1055 3241 1115 3283 et
1147 3229 1522 3283 formidabiles
1556 3227 1802 3281 inimicis
1820 3225 1979 3280 exhi-

390 3324 538 3376 bent.
572 3325 841 3388 Quoniam
878 3337 1008 3390 ergo
1059 3320 1318 3374 Servator
1357 3327 1546 3373 noster
1588 3317 1841 3372 inimicos
1881 3331 1980 3370 no-

2209 814 2213 816 _
2289 772 2395 825 ΕΙΣ
2422 773 2507 825 ΤΟ
2535 775 2776 837 ΤΕΛΟΣ,
2811 776 2940 843 ῼΔΗ
2967 773 3280 831 ΨΑΛΜΟΥ.
3315 779 3435 832 ΞΕθ.

2165 878 2185 910 ‹
2225 860 2550 924 Ἀλαλάξατε
2585 861 2661 932 τῷ
2724 863 2843 932 Θεῷ
2877 866 3082 936 πᾶσαή
3132 867 3225 936 γῆ,
3275 868 3482 936 eam:
3509 870 3571 940 δὴ
3603 871 3680 941 τῷ

2087 951 2308 1021 ὀνόματι
2340 954 2525 1018 αὑτοῦ,
2554 955 2671 1006 δότε
2700 955 2857 1018 δόξαν
2919 959 3122 1010 αἰνέσει
3177 961 3398 1012 αὑτοῦ.»
3434 963 3663 1030 Εύαγγεσ

2086 1042 2236 1106 λικὸς
2261 1045 2494 1114 ὑπάρχει
2523 1048 2616 1100 καὶ
2663 1049 2692 1100 ὁ
2735 1047 2925 1118 παρὼν
2969 1049 3207 1118 ψαλμδς,
3237 1052 3336 1119 τὴν
3360 1051 3466 1103 τῷν
3508 1053 3674 1107 ἐθνῶν

2087 1135 2355 1204 περιέχων
2390 1137 2600 1207 κλῆσιν.
2639 1137 2876 1206 ’Ἤμελλε
2916 1139 2972 1190 δὲ
3010 1139 3116 1209 ἄρα
3150 1141 3209 1190 οὑ
3246 1140 3366 1192 καθ’
3397 1140 3492 1202 οὓς
3522 1141 3674 1210 ᾔδετο

2086 1226 2311 1297 χρόνους
2355 1228 2542 1291 τέλους
2584 1229 2891 1298 τυγχάνειν,
2935 1230 3048 1281 ἀλλ’
3081 1231 3194 1281 ’ἐπὶ
3249 1232 3524 1302 συντελείᾳ
3570 1233 3676 1285 τῶν

2087 1315 2317 1372 αἰώνων.
2357 1318 2446 1368 Διὸ
2471 1318 2786 1388 ἀναπέμπει
2816 1319 2914 1389 τὴν
2961 1318 3067 1370 τῶν
3090 1318 3431 1388 δηλουμένων
3463 1340 3673 1392 προση-

2083 1407 2236 1458 τείαν
2259 1409 2336 1469 εἰς
2363 1407 2424 1459 τὸ
2474 1408 2643 1470 τέλος.
2681 1411 2834 1462 Ἔστι
2867 1411 2922 1462 δὲ
2955 1411 3066 1480 ᾠδὴ
3095 1411 3307 1480 ψαλμοῦ
3331 1411 3584 1482 ἔμπαλιν·

2086 1497 2226 1550 κατὰ
2248 1499 2338 1550 τὸν
2365 1499 2467 1569 πρὸ
2485 1500 2668 1564 αὑτοῦ,
2688 1501 2761 1563 ὡς
2781 1503 3453 1573 ἐπεγέγραπτο,ιΨαλμὸς
3475 1503 3617 1574 ᾠδῆς
3651 1525 3671 1557 ι

2085 1583 2219 1659 ’ᾙδε
2241 1589 2350 1659 γὰρ
2383 1591 2479 1643 καὶ
2510 1590 2705 1660 ἔψαλλε
2734 1593 2793 1645 τὸ
2827 1592 3050 1661 Πνεῦμα
3079 1593 3138 1644 τὸ
3181 1593 3335 1661 ἅγιον
3372 1596 3468 1648 σὺν
3508 1597 3676 1668 πολλῇ

2085 1682 2228 1751 χαρᾷ
2256 1680 2344 1733 διὰ
2374 1681 2473 1750 τῆς
2504 1682 2913 1753 ὑποδεξαμένης
2946 1685 3078 1736 αὑτὸ
3129 1686 3476 1756 προφητικῆς
3499 1687 3678 1758 ψυχῆς

2085 1771 2177 1824 ἐπὶ
2209 1774 2320 1833 τοῖς
2354 1772 2605 1824 διἀὑτοῦ
2637 1773 3053 1843 θεσπιζομὲνοις
3089 1775 3334 1842 ἀγαθοῖς,
3363 1779 3448 1844 ἐφ’
3477 1773 3558 1840 οἷς
3585 1781 3678 1831 καὶ

2085 1865 2218 1915 πᾶσι
2252 1865 2367 1924 τοῖς.
2422 1862 2598 1915 ἔθνεσι
2631 1867 2742 1926 τοῖς
2795 1865 2892 1935 τὴν
2926 1867 3192 1936 σωτήριον
3237 1867 3397 1937 χάριν
3428 1869 3678 1934 ὑποδεξο-

2087 1952 2268 2022 μένοις
2298 1951 2734 2022 παρακελεύεται
2761 1955 3019 2025 πράττειν
3051 1955 3190 2019 τινὰ,
3217 1956 3358 2027 άπερ
3383 1959 3677 2025 ἀναγκαῖον

2083 2043 2349 2097 ἐπιτελεῖν
2379 2047 2550 2115 ἡμᾶς,
2581 2041 2661 2109 οἷς
2707 2046 2876 2099 ταῦτα
2910 2052 3365 2117 προανεφωνεῖτο.
3403 2049 3678 2115 Προστατ-

2082 2151 2163 2186 τει
2199 2135 2376 2188 τοίνυν
2431 2137 2578 2206 πάσῃ
2613 2140 2677 2206 τῇ
2736 2140 2828 2207 γῇ,
2877 2139 3124 2190 τουτέστι
3175 2142 3289 2201 τοῖς
3345 2140 3407 2191 τὸ
3442 2141 3541 2208 τῆς
3575 2143 3676 2210 γῆς

2085 2229 2344 2294 στοιχεῖον
2367 2225 2605 2279 οἰκοῦσιν
2623 2229 2814 2292 ἅπασι,
2838 2230 2911 2298 μὴ
2933 2231 3046 2292 τοῖς
3058 2231 3337 2292 Μωῦσέως
3364 2233 3678 2300 παραγγέλ-

2086 2332 2218 2385 μασι
2254 2317 2346 2369 καὶ
2378 2317 2458 2386 ’τῷ
2491 2317 2649 2387 βαρεῖ
2672 2317 2822 2388 ζυγῷ
2845 2319 2939 2371 τοῦ
2979 2320 3144 2389 νόμον
3180 2322 3404 2383 ἑαυτοὺς
3438 2323 3675 2374 ὑποτάτ-

2081 2430 2216 2466 τειν’
2253 2415 2386 2483 μόνα
2421 2414 2476 2466 δὲ
2503 2413 2572 2466 τὰ
2621 2415 2710 2466 διὰ
2757 2415 2865 2467 τῶν
2917 2414 3056 2484 μετὰ
3112 2419 3302 2487 χεῖρας
3341 2416 3674 2485 κελευόμενα

2083 2509 2274 2558 ποιεῖν·
2317 2507 2411 2558 καὶ
2449 2505 2662 2574 πρῶτον
2700 2507 2796 2576 μὲν
2827 2505 3115 2569 ἀλαλάζειν
3151 2507 3227 2577 τῷ
3256 2507 3395 2577 Θεῷ,
3421 2508 3674 2577 δεύτερον

2080 2596 2300 2666 ψάλλειν
2329 2597 2405 2667 τῷ
2441 2597 2667 2667 ὀνόματι
2715 2597 2903 2662 αὑτοῦ,
2937 2597 3121 2668 τρίτον
3174 2599 3330 2662 δόξαν
3361 2598 3559 2650 διδόναι
3581 2601 3672 2668 ’τῇ

2081 2688 2287 2739 αἰνέσει
2314 2687 2498 2740 αὑτοῦ·
2523 2689 2784 2761 τέταρτον
2813 2689 2992 2756 λέγειν
3015 2688 3092 2757 τῷ
3115 2689 3256 2758 Θεῷ·
3291 2708 3307 2738 ι
3347 2689 3432 2751 Ὠς
3470 2687 3675 2756 φοϐερὰ

2080 2779 2149 2832 τὰ
2177 2779 2312 2849 ἔργα
2339 2797 2485 2831 σοῦ’»
2515 2780 2629 2832 καίο
2691 2798 2709 2829 ‹
2750 2780 2835 2832 Ἑν
2888 2779 2967 2849 τῷ
2995 2779 3193 2849 πλήθει
3248 2779 3346 2848 τῆς
3392 2776 3676 2848 δυνάμεώς

2085 2881 2176 2916 σου
2211 2863 2503 2934 ψεύσονταί
2536 2884 2595 2919 σε
2634 2869 2680 2919 οἱ
2705 2866 2889 2937 ἐχθροί
2925 2884 3074 2919 σου.»
3133 2867 3206 2919 Τὸ
3273 2868 3369 2935 μὲν
3400 2865 3494 2919 οὖν
3525 2866 3677 2936 πρῷ-

2081 2973 2169 3009 τον
2201 2957 2476 3026 δι’ὲπιστή
2488 2975 2594 3027 μης
2621 2959 2715 3010 καὶ
2738 2957 2992 3025 γνώσεως
3013 2957 3250 3026 ἀληθοῦς
3271 2957 3675 3027 ἐπιτελέσωμεν

2082 3048 2442 3113 ἀλαλάζοντες
2471 3050 2549 3119 τῷ
2603 3049 2741 3119 Θεῷ,
2793 3050 2949 3120 δίκην
2982 3049 3091 3102 τῶν
3144 3051 3201 3101 ἐν
3257 3048 3513 3118 πολέμοις
3546 3050 3676 3102 ἀνα-

2084 3141 2403 3210 φωνοὺντων
2441 3141 2533 3194 καὶ
2589 3141 2968 3205 ἀλαλαζόντων
3005 3141 3378 3212 στρατιωτῶν,
3411 3143 3462 3194 οῖ
3486 3145 3550 3211 τῇ
3587 3141 3676 3193 δυ-

2081 3233 2243 3304 νάμει
2267 3234 2365 3304 τῆς
2400 3234 2580 3302 φωνῆς
2609 3233 3091 3304 καταπληκτικοὺς
3120 3234 3213 3285 καὶ
3242 3233 3508 3304 φοϐεροὺς
3543 3235 3674 3286 ἐαυ-

2081 3325 2207 3385 τοὺς
2228 3326 2340 3386 τοῖς
2370 3323 2656 3393 πολεμίοις
2711 3324 3088 3392 ἐμφαίνουσιν.
3126 3323 3279 3375 Ἐπεὶ
3337 3324 3516 3376 τοίνυν
3549 3322 3674 3386 τοὺς
3756 3327 3770 3332 “

390 3421 556 3475 stros,
594 3414 686 3483 qui
739 3413 870 3466 olim
911 3413 1122 3466 animas
1163 3420 1386 3465 nostras
1418 3412 1471 3463 in
1508 3409 1830 3462 multorum
1874 3423 1976 3460 nu-

2085 3417 2384 3488 ἡμετέρους
2417 3417 2663 3487 ἐχθροὺς,
2693 3417 2821 3478 τοὺς
2856 3416 3024 3468 πάλαι
3070 3418 3168 3485 τὴν
3199 3415 3374 3485 ψυχὴν
3403 3414 3561 3484 ἡμῶν
3593 3415 3674 3477 είς

391 3506 598 3559 minum
648 3518 890 3559 errorem
951 3504 1195 3572 captivas
1251 3509 1500 3571 egerant,
1551 3501 1860 3570 propellens
1912 3514 1976 3552 ac

323 3581 328 3590 ’
387 3610 735 3666 Oppugnans,
767 3611 870 3650 nos
889 3610 1088 3648 omnes
1123 3593 1324 3648 milites
1355 3607 1486 3646 suos
1513 3592 1681 3645 armis
1711 3590 1975 3644 adversus

387 3685 608 3739 eosdem
640 3686 906 3751 instruit;
934 3685 1058 3754 jure
1090 3685 1346 3754 precibus
1377 3683 1444 3736 ad
1478 3681 1646 3736 Deum
1671 3681 1861 3736 eﬂ'usis
1886 3681 1976 3749 ju-

391 3775 582 3837 bilare,
616 3791 678 3830 ac
697 3777 1000 3844 gemitibus
1034 3773 1495 3829 inenarrabilibus
1525 3772 1768 3826 victoria:
1809 3771 1973 3839 Regis

387 3865 562 3917 nostri
595 3880 816 3934 operam
857 3865 990 3919 dare
1023 3865 1304 3933 ju’bemur.
1347 3861 1615 3916 Jubilatio
1653 3869 1833 3915 autem
1877 3877 1974 3930 per

388 3957 684 4018 orationes,
742 3971 836 4025 per
883 3956 1232 4025 theologiam,
1285 3971 1400 4025 per
1429 3970 1619 4008 sanam
1668 3962 1722 4008 et
1765 3955 1970 4008 claram

387 4045 754 4113 cognitionem
797 4047 1084 4108 emittitur,
1131 4046 1373 4114 itemque
1414 4059 1511 4114 per
1556 4044 1846 4112 spirituale
1880 4057 1972 4097 sa-

386 4135 709 4196 cerdotium,
737 4135 883 4204 quod
913 4135 1572 4204 gratiarum-actionilms,
1608 4134 1662 4186 in
1693 4130 1971 4201 mysteriis

387 4223 520 4278 Novi
541 4224 896 4288 Testamenti,
922 4241 1016 4295 per
1035 4225 1562 4279 universamterram
1583 4224 1968 4292 persolvimus,

387 4316 609 4385 quando
650 4317 1045 4370 immolationis
1073 4317 1210 4385 Λειιί
1245 4315 1340 4370 Dei
1392 4306 1970 4369 commemorationem

388 4416 633 4478 agentes,
668 4409 812 4462 hanc
842 4408 1133 4476 implemus
1170 4407 1509 4476 prophetiam
1543 4425 1554 4459 :
1593 4425 1611 4456 ‹
1644 4406 1883 4459 Circuivi
1915 4412 1970 4459 et

388 4498 664 4550 immolavi
695 4497 748 4549 in
792 4498 1149 4550 tabernaculo
1179 4497 1300 4566 ejus
1331 4497 1565 4551 hostiam
1592 4497 1771 4551 laudis
1801 4505 1856 4551 et
1879 4498 1970 4564 ju-

387 4587 668 4643 lilationis
698 4587 764 4642 δ”.
801 4606 822 4638 ι
870 4586 1051 4652 Quare
1088 4588 1143 4640 in
1179 4590 1288 4640 alio
1315 4587 1535 4656 eloquio
1568 4587 1762 4642 horum
1791 4587 1972 4641 erudi-

389 4687 478 4733 tus
509 4679 763 4749 populus,
787 4679 981 4734 beatus
1005 4679 1446 4748 przedicatur-bis
1477 4680 1661 4734 verbis
1685 4698 1696 4732 ι
1721 4697 1738 4730 ε
1765 4679 1968 4735 Beatus

2080 3508 2464 3577 τὴνπολύθεον
2516 3509 2724 3578 πλάνην
2781 3508 3252 3579 ⁴ξιχιςιαλιιοτικότας.
3300 3506 3535 3559 ἐλαύνων
3579 3507 3672 3558 καὶ

2080 3598 2334 3668 πολεμῶν
2359 3601 2387 3651 ὁ
2415 3598 2605 3669 Σωτὴρ
2635 3598 2813 3667 ἡμῶν,
2875 3598 2968 3649 καὶ
2993 3596 3202 3658 πάντας
3249 3597 3396 3666 ἡμᾶς
3419 3597 3545 3657 τοὺς
3575 3595 3676 3647 αὑ·-

2077 3689 2171 3742 τοῦ
2197 3688 2537 3759 στρατιώτας
2575 3691 2696 3741 κατ’
2728 3688 2906 3740 αὐτῶν
2931 3685 3168 3749 ὁπλίζει,
3203 3689 3428 3750 εἰκότως
3451 3685 3539 3738 διὰ
3568 3685 3674 3738 τῶν

2079 3779 2338 3851 πρὸς-τὸν
2359 3781 2492 3832 Θεὸν
2529 3781 2703 3850 εὐχῶν
2756 3779 3047 3844 ἀλαλάζειν
3104 3779 3458 3849 κελευόμεθα·
3492 3795 3677 3831 στενα-

2076 3874 2237 3941 γμοῖς
2295 3888 2354 3923 τε
2401 3871 2688 3941 ἀλαλήτοις
2726 3873 3100 3942 συμπράττειν
3147 3873 3212 3940 τῇ
3240 3872 3362 3940 νίκῃ
3393 3870 3485 3922 τοῦ
3515 3871 3678 3923 Βασι-

2075 3962 2210 4024 λέως
2239 3962 2415 4032 ἡμῶν.
2444 3962 2656 4015 Γίνεται
2676 3962 2733 4015 δὲ
2762 3963 2790 4014 ό
2815 3961 3132 4031 ἀλαλαγμὸς
3156 3957 3435 4026 διέὑχῶν,
3464 3957 3672 4024 γίνεται

2076 4054 2168 4106 καὶ
2191 4052 2278 4105 δια
2313 4051 2611 4120 θεολογίας,
2635 4051 2845 4118 γίνεται
2877 4047 2937 4103 δέ
2965 4049 3066 4103 καὶ
3116 4048 3184 4098 δι’
3215 4043 3403 4112 ὑγιοῦς
3452 4043 3543 4094 καὶ
3589 4060 3675 4094 τε-

2074 4143 2430 4214 τρανωμένης
2459 4143 2736 4210 γνώσεως,
2767 4142 2974 4210 γίνεται
3000 4138 3092 4192 καὶ
3123 4135 3211 4189 διὰ
3233 4136 3330 4205 τῆς
3367 4151 3670 4203 πνευματι-

2075 4235 2175 4304 κῆς
2214 4233 2549 4304 ἱερουργίας,
2601 4233 2669 4304 ἢν
2733 4233 2789 4283 ὲν
2823 4233 2943 4293 ταῖς
3001 4227 3377 4298 εὐχαριστίαις
3411 4224 3552 4277 κατὰ
3606 4225 3674 4276 τὰ

2079 4323 2351 4392 μυστήρια
2373 4320 2708 4390 τῆς-Καινῆς
2733 4317 3010 4387 Διαθήκης
3043 4315 3163 4368 καθ’
3198 4315 3326 4384 ὅλης
3371 4314 3471 4383 τῆς
3491 4315 3670 4365 οἰκου-

2079 4412 2245 4482 μένης
2278 4411 2653 4480 ἐπιτελοῦμεν,
2701 4408 2956 4478 6πηνίκα,
2984 4408 3083 4476 τῆς
3117 4406 3306 4468 θυσίας
3336 4404 3430 4457 τοῦ
3473 4403 3673 4474 Ἀμνοῦ

2071 4503 2165 4555 τοῦ
2193 4502 2333 4555 Θεοῦ
2359 4503 2459 4574 τὴν
2487 4502 2792 4571 ἀνάμνησιν
2827 4500 3163 4570 ποιούμενοι,
3203 4497 3301 4569 τὴν
3336 4497 3673 4567 προφητείαν

2072 4593 2519 4664 πληροῦμεν·τὴν
2568 4593 2902 4659 φάσκουσανο
2945 4609 2965 4640 ιι
2991 4590 3307 4643 Ὲκύκλωσα
3360 4589 3454 4642 καὶ
3495 4588 3661 4640 ἔθυσα

2072 4686 2130 4737 ἐν
2154 4688 2220 4755 τῇ
2258 4687 2428 4754 σκηνῇ
2455 4682 2620 4736 αὑτοῦ
2651 4683 2843 4735 θυσίαν
2867 4683 3126 4742 αἰνέσεως
3176 4680 3270 4733 καὶ
3299 4675 3666 4747 ἀλαλαγμοῦ.»

389 4771 620 4837 populus
645 4771 738 4839 qui
781 4771 887 4824 scit
918 4769 1300 4839 jubilationcm
1326 4771 1392 4826 ⁸⁵.
1431 4789 1450 4821 ι
1488 4769 1603 4825 Hoc
1637 4771 1823 4840 itaque
1847 4773 1963 4842 pri-

2080 4777 2164 4828 Διὸ
2195 4777 2290 4828 καὶ
2323 4774 2507 4845 ἕτερον
2546 4774 2725 4842 λόγιον
2757 4774 2848 4826 τὸν
2899 4773 3106 4826 τούτων
3158 4770 3498 4838 ἐπιστήμονα
3545 4764 3672 4819 λαὸν

390 4876 560 4922 nillil],
605 4869 665 4913 ut
689 4864 1000 4917 necessario
1047 4862 1438 4932 praestandum,
1472 4878 1666 4917 omnes
1723 4865 1972 4920 homines

391 4949 626 5020 Spiritus
650 4962 872 5009 sam-tus
901 4970 1060 5024 agere
1081 4953 1233 5023 jubet
1257 4955 1446 5008 dicens
1480 4972 1490 5006 :
1525 4974 1541 5004 ι
1567 4954 1806 5009 Jubilate
1835 4955 1970 5021 Deo,

388 5044 569 5097 omnis
607 5053 771 5098 terra.
808 5063 825 5095 ι
864 5045 1139 5108 Secundo,
1172 5047 1405 5114 psallere
1436 5046 1644 5099 nomini
1683 5047 1803 5114 ejus
1833 5062 1971 5114 prae-

388 5134 539 5202 cipit,
603 5135 748 5204 quod
795 5150 824 5187 a
875 5136 1035 5190 nobis
1079 5137 1336 5191 omnibus
1390 5138 1443 5190 in
1495 5137 1630 5190 locis
1680 5138 1964 5191 observari

387 5234 709 5279 consuetum
744 5236 846 5280 est.
872 5225 1006 5280 Nam
1039 5229 1092 5280 in
1129 5230 1386 5283 omnibus
1419 5227 1512 5280 Dei
1546 5227 1799 5283 ecclesiis
1827 5227 1970 5296 apud

387 5324 574 5381 gentes
619 5318 960 5381 constitutis,
1003 5319 1118 5372 haec
1156 5320 1273 5388 ipsa
1315 5319 1586 5373 modulari
1620 5327 1674 5372 et
1712 5320 1968 5387 psallere,

389 5419 498 5457 non
537 5405 742 5460 Graecis
768 5417 1002 5470 tantum,
1037 5409 1133 5464 sed
1163 5411 1328 5464 etiam
1353 5411 1603 5465 barbaris
1634 5411 1968 5479 praecipitur.

389 5495 538 5551 Alias
589 5515 841 5568 quoque,
898 5502 1171 5570 allegoriae
1202 5506 1343 5567 ritu,
1397 5517 1601 5571 corpus
1649 5502 1971 5568 humanum,

391 5588 535 5652 quod
569 5605 665 5642 ceu
700 5592 1126 5647 instrumentum
1159 5596 1355 5648 anima:
1392 5595 1655 5648 traditum
1682 5601 1786 5658 est,
1824 5596 1972 5662 psal-

392 5675 588 5729 terium
649 5683 833 5735 vocari
885 5683 1023 5737 solet
1067 5703 1078 5737 :
1122 5700 1230 5754 quo
1261 5700 1386 5738 cum
1446 5685 1699 5753 pulsatur
1741 5684 1972 5739 interior

497 5798 544 5828 “
570 5796 714 5852 l’sal.
756 5814 903 5862 xn'l,
935 5800 988 5855 6.
1067 5801 1110 5834 "
1140 5801 1589 5864 Psal.'Lxxxvm,
1637 5801 1723 5854 16.

2084 4866 2378 4938 μακαρίζει
2437 4865 2668 4935 φάσκον·
2715 4884 2730 4914 ι
2759 4864 3101 4936 Μακάριοςό
3133 4861 3261 4922 λαὸς
3309 4861 3337 4911 ὁ
3388 4855 3672 4924 γινώσκων

2079 4956 2447 5025 ἀλαλαγμύνη
2510 4954 2681 5007 Τοῦτο
2734 4953 2798 5021 δὴ
2857 4949 2949 5006 οὖν
3008 4951 3224 5022 πρῶτον
3270 4944 3584 5013 ἀναγκαίως
3610 4939 3674 4993 τὸ

2077 5047 2415 5119 προφητικὸν
2446 5047 2669 5117 Πνεῦμα
2698 5048 2862 5098 πᾶσιν
2895 5043 3206 5115 ἀνθρώποις
3261 5039 3526 5110 πράττειν
3556 5035 3674 5087 δια-

2076 5139 2354 5193 κελεύεται
2381 5139 2607 5207 ᾠάσκον·
2636 5159 2653 5189 ι
2678 5135 3006 5201 Ἀλαλάξατε
3034 5134 3113 5205 τῷ
3141 5133 3282 5202 Θεῷ,
3303 5133 3455 5184 πᾶσα
3487 5130 3520 5195 ἡ
3539 5127 3629 5194 γῆ.
3651 5147 3666 5176 ι

2074 5229 2208 5286 Εἶτα
2235 5232 2495 5302 δεύτερον
2528 5231 2750 5300 ψάλλειν
2777 5229 2854 5300 τῷ
2878 5229 3102 5299 ὀνόματι
3132 5223 3299 5278 αὑτοῦ
3321 5220 3668 5292 προστάττει·

2073 5325 2102 5378 ὃ
2132 5325 2226 5379 καὶ
2255 5324 2387 5376 αὑτὸ
2422 5323 2565 5376 κατὰ
2597 5323 2772 5376 πάντα
2798 5320 2964 5373 τόπον
2993 5318 3183 5372 εἴωθεν
3219 5315 3308 5382 ὑφ’
3343 5311 3500 5382 ἡμῶν
3547 5311 3668 5361 ἐπι-

2074 5415 2362 5468 τελεῖσθαι.
2407 5415 2558 5466 Ἐπεὶ
2599 5413 2748 5466 ’κατὰ
2803 5414 2985 5464 πᾶσαν
3049 5407 3344 5477 ἐκκλησίαν
3393 5401 3488 5456 τοῦ
3535 5398 3672 5452 Θεοῦ

2075 5508 2174 5578 τὴν
2224 5511 2282 5560 ἐν
2342 5510 2454 5570 τοῖς
2512 5506 2721 5559 ἔθνεσιν
2793 5504 3118 5575 ἱδρυμένην,
3175 5499 3313 5552 αὑτά
3367 5496 3430 5564 ἰὴ
3499 5491 3673 5545 ταῦτα

2083 5598 2436 5667 μελῳδεῖσθαι
2468 5597 2561 5649 καὶ
2593 5597 2908 5664 ψάλλεσθαι,
2931 5598 3029 5664 οὑχ
3055 5593 3280 5662 Ἕλλησι
3315 5591 3514 5661 μόνοις,
3536 5582 3673 5638 ἀλλὰ

2079 5690 2171 5741 καὶ
2206 5689 2499 5758 βαρϐάροις
2556 5687 2937 5756 παραδέδοται.
2991 5686 3099 5740 Καὶ
3152 5683 3325 5746 ἄλλως
3369 5680 3450 5745 δὲ,
3481 5677 3672 5746 ’δόμοις
