4090 6372
427 311 530 369 649

1550 308 2052 370 ΟΟΜΜΕΝΤΑΒΙΑ
2093 310 2157 366 IN
2197 311 2537 368 PSALMOS.

3561 313 3667 369 650

423 428 773 500 ἀλληγορίας,
809 430 868 483 τὸ
903 429 1058 502 σῶμα
1083 428 1142 483 rb
1163 429 1517 502 ἀνθρώπειον,
1551 431 1738 502 ῶσπερ
1771 433 1997 502 ὄργανον

2111 446 2282 494 nomo,
2316 430 2556 485 membra
2587 435 2640 483 et
2668 443 2864 484 sensus
2884 443 3004 498 ejus
3022 429 3159 486 scite
3184 429 3288 502 legi
3319 428 3414 486 Dei
3437 432 3669 500 psallere

423 525 492 594 τῇ
524 521 668 592 ψυχῇ
700 521 999 592 δεδομένον,
1051 522 1346 593 ψαλτήριον
1398 521 1585 576 εἴωθεν
1619 523 1995 594 ὀνομάζεσθαι·

425 614 492 668 δι’
521 606 582 666 οῦ
615 616 644 666 ὁ
668 613 795 666 εἴσω
822 612 1126 684 ἄνθρωπος,
1145 613 1598 684 ἀνακρουόμενος,
1628 614 2002 684 ἐπιστημόνως

424 711 496 764 τά
527 709 661 780 μέλη
693 711 786 762 καὶ
806 709 873 762 τά
906 707 1236 781 αἰσθητήρια
1261 709 1339 780 τῷ
1361 710 1509 781 νόμῳ
1529 708 1619 762 τοῦ
1639 707 1774 760 Θεοῦ
1806 707 2000 776 λέγοιτ’

426 801 493 856 ἂν
521 802 742 865 ε’ἰκότως
765 800 1004 870 ψάλλειν.
1040 801 1122 855 Τά
1145 803 1242 873 μὲν
1275 798 1367 855 οῦν
1397 802 1494 873 τῆς
1517 799 1768 870 γνώσεως
1800 802 1892 855 καὶ
1917 802 2005 854 διὰ

427 893 520 946 τοῦ
553 893 864 964 ἀλαλαγμοῦ
896 895 1032 965 αὐτὴ
1063 894 1184 948 καθ’
1218 894 1416 965 ἐαυτὴν
1447 896 1479 965 ὴ
1521 893 1665 964 ψυχὴ
1699 893 2000 966 κατώρθου·

424 985 504 1038 διὸ
537 986 685 1057 αὐτῷ
712 986 789 1056 τῷ
821 987 940 1057 Θεῷ
969 987 1222 1058 ἠλάλαξε·
1245 988 1314 1040 τὰ
1341 988 1397 1040 δέ
1418 987 1513 1040 τοῦ
1544 987 1764 1056 ψάλλειν
1791 987 1879 1041 διὰ
1909 988 2006 1058 τῆς

425 1080 520 1132 τοῦ
553 1078 804 1151 σώματος
828 1080 1023 1150 ἠθικῆς
1040 1081 1131 1133 καὶ
1155 1079 1462 1150 πρακτικῆς
1483 1080 1748 1150 κινήσεως
1776 1081 2004 1152 ἐνεργεῖ·

425 1172 507 1225 διὸ
533 1172 802 1226 λέλεκται·
836 1190 855 1223 t
891 1171 980 1242 Τῷ
1005 1171 1224 1243 ὀνόματι
1277 1171 1463 1225 αὐτοῦ.
1507 1191 1524 1224 ι
1563 1172 1848 1243 Εὐφημίαν
1899 1172 2006 1244 γὰρ

423 1264 504 1335 τῷ
537 1264 630 1317 τοῦ
656 1264 792 1317 Θεοῦ
816 1263 1038 1334 ὀνόματι
1073 1264 1226 1335 φέροι
1279 1264 1347 1316 ἂν
1397 1265 1431 1334 ἡ
1474 1262 1564 1316 διὰ
1621 1263 1728 1316 τῶν
1759 1263 2008 1336 πράξεων

426 1361 541 1420 τοῖς
575 1357 788 1420 πολλοῖς
819 1355 1167 1427 θεωρουμένη
1195 1355 1553 1427 κατόρθωσις.
1590 1355 1700 1409 Καὶ
1723 1355 1904 1428 τρίτον
1929 1356 2006 1420 δὲ,

427 1449 756 1521 πρόσταγμα
779 1450 942 1502 πᾶσιν
975 1450 1104 1519 ἡμῖν
1131 1449 1245 1511 τοῖς
1289 1447 1347 1514 ἐξ
1379 1446 1548 1500 ἐθνῶν
1580 1449 1670 1500 τὸν
1704 1447 1835 1501 Θεὸν
1885 1448 2012 1500 ἐπε-

426 1542 662 1610 γνωκόσι
717 1541 1110 1614 παρήγγελται,
1146 1542 1206 1594 rb
1252 1541 1472 1594 κελεῦον
1511 1541 1711 1595 διδόναι
1763 1541 1920 1606 δόξαν
1948 1541 2007 1592 οὐ

427 1633 506 1704 τῷ
531 1633 670 1704 Θεῷ,
701 1635 940 1705 ἀπήρκει
971 1632 1080 1704 γάρ
1107 1633 1393 1698 ἀλαλάζειν
1436 1633 1604 1704 αὐτῷ·
1642 1632 1754 1686 ἀλλ’
1784 1633 1902 1686 οὐδέ
1933 1632 2010 1702 τῷ

2097 525 2221 594 jure
2251 524 2527 578 dicantur.
2555 520 2686 588 Qua:
2715 521 2880 591 igitur
2908 521 2972 574 ad
3002 521 3362 592 cognitionem
3397 523 3670 592 pertinent

2104 617 2285 671 anima
2335 617 2389 670 in
2447 616 2622 685 seipsa
2671 629 2766 685 per
2815 613 3192 684 jubilationem
3249 618 3669 686 exsequebatur,

2104 705 2460 775 quamobrem
2493 704 2597 774 ipsi
2628 702 2738 759 Deo
2759 701 3059 772 jubilabat;
3092 717 3187 772 per
3221 714 3542 762 consuetum
3574 725 3672 762 au-

2105 805 2212 852 tem
2237 798 2453 868 corpori
2480 795 2671 868 agendi
2699 805 2906 850 motum
2933 795 3198 866 psallendi
3231 796 3395 850 ritum
3418 813 3676 868 exseque-

2106 891 2307 946 batur:
2341 903 2509 959 quare
2538 888 2736 944 dicitur
2791 908 2804 943 :
2859 905 2876 938 ι
2934 887 3150 942 Nomini
3193 889 3332 958 ejus.
3382 909 3400 941 ι
3439 889 3674 946 Laudem

2107 984 2310 1052 quippe
2354 981 2561 1036 nomini
2616 979 2708 1035 Dei
2743 981 3038 1037 conciliant
3086 990 3232 1036 recte
3279 982 3444 1048 facta,
3490 1001 3610 1054 quae
3643 999 3675 1038 a

2110 1073 2295 1127 multis
2323 1071 2759 1142 conspiciuntur.
2793 1069 2997 1136 Tertio,
3024 1071 3338 1127 mandatum
3373 1075 3530 1130 nobis
3557 1091 3680 1129 om-

2110 1162 2296 1228 nibus,
2330 1162 2423 1231 qui
2454 1177 2519 1216 ex
2550 1161 2806 1232 gentibus
2837 1159 2904 1214 ad
2941 1159 3034 1215 Dei
3076 1161 3442 1231 cognitionem
3491 1177 3680 1218 acces-

2111 1256 2317 1319 simus,
2357 1255 2614 1308 traditum
2664 1262 2770 1316 est,
2820 1268 2929 1323 quo
2971 1252 3227 1322 jubemur
3266 1254 3494 1324 gloriam
3524 1255 3678 1318 dare,

2111 1357 2221 1396 non
2257 1341 2366 1397 Deo
2386 1382 2400 1406 ,
2427 1342 2560 1398 satis
2589 1342 2734 1396 enim
2763 1348 2883 1397 erat
2907 1343 3142 1412 jubilare
3165 1345 3264 1414 ipsi
3287 1363 3300 1409 ;
3327 1361 3434 1399 non
3470 1348 3678 1400 nomini

2111 1434 2251 1502 ejus,
2283 1433 2409 1489 huic
2441 1437 2585 1488 enim
2627 1435 2858 1503 psallere
2899 1435 3188 1505 jnbemur,
3218 1436 3310 1491 sed
3366 1438 3510 1492 laudi
3537 1443 3679 1507 ejus.

2112 1524 2421 1581 Laudaules
2459 1527 2603 1580 enim
2636 1527 2812 1596 ipsum
2849 1542 2945 1596 par
2975 1535 3058 1582 est
3091 1543 3199 1581 non
3250 1529 3548 1592 humiliter,
3583 1547 3684 1585 nec

2113 1617 2232 1671 sine
2255 1616 2426 1685 gloria
2455 1616 2508 1669 id
2541 1631 2718 1685 agere,
2751 1615 2846 1671 sed
2872 1631 3068 1686 magno
3103 1633 3226 1671 cum
3260 1618 3466 1673 honore
3494 1629 3547 1674 et
3569 1619 3686 1690 glo-

425 1724 648 1796 ὀνόματι
679 1725 868 1789 αὐτοῦ,
891 1725 1065 1796 τούτῳ
1116 1725 1224 1797 γάρ
1255 1725 1479 1794 ψάλλειν
1518 1724 1899 1796 ἐκελευόμεθα·
1939 1726 2006 1794 τῇ

2115 1709 2216 1763 ria.
2258 1709 2537 1778 Siquidem
2594 1719 2787 1779 praater
2835 1710 3204 1779 cognitionem
3252 1710 3344 1766 Dei
3397 1712 3452 1766 in
3504 1724 3684 1767 mente

428 1817 483 1870 δέ
510 1793 713 1871 αἰνέσει
742 1816 926 1872 αὐτοῦ.
953 1793 1244 1880 Λίνοῦντας
1276 1817 1384 1889 γὰρ
1437 1817 1598 1870 αὐτὸν
1642 1793 1906 1888 προσήκει
1936 1793 2008 1886 μῆ

2111 1801 2365 1863 defixam,
2393 1817 2513 1871 quae
2544 1817 2641 1871 per
2668 1801 3093 1857 instrumentum
3117 1803 3446 1867 celebratur,
3479 1819 3578 1874 par
3600 1812 3683 1859 est

427 1909 720 1974 ταπεινῶς,
755 1910 887 1981 μηδὲ
917 1909 1120 1973 ἀδόξως
1151 1911 1341 1972 αἰνεῖν,
1391 1909 1488 1962 σὺν
1550 1908 1716 1980 πολλῇ
1766 1909 1822 1963 δὲ
1877 1911 2008 1979 τιμῇ

428 2001 525 2054 καὶ
549 2000 694 2073 δόξῃ.
733 2000 876 2072 Πρὸς
903 1999 1012 2072 γὰρ
1040 2003 1106 2070 τῇ
1141 1999 1280 2053 κατὰ
1308 1999 1546 2052 διάνοιαν
1575 1998 1864 2072 ἐρρωμένη
1883 1999 2012 2068 περὶ

427 2095 564 2148 Θεοῦ
598 2094 794 2163 γνώσει
828 2095 894 2148 δι’
925 2093 1161 2166 ὀργάνου
1193 2093 1604 2166 κατορθουμένῃ
1630 2093 1894 2164 προσήκει
1918 2093 2012 2145 καὶ⁹

427 2183 516 2238 διὰ
541 2184 712 2252 λόγων
735 2184 894 2237 θείων
923 2185 1104 2248 αῐνους
1133 2185 1228 2236 καὶ
1269 2183 1471 2254 ὕμνους
1499 2184 1624 2247 τοὺς
1658 2184 1739 2246 εἰς
1769 2183 1860 2235 τὸν
1881 2183 2011 2236 Θεὸν

430 2279 788 2351 περιεχόντων
844 2281 940 2333 σὺν
976 2278 1232 2350 εὐλαϐείᾳ
1283 2279 1378 2332 καὶ
1439 2275 1721 2347 σεϐασμίῳ
1771 2278 1903 2347 τιμῇ
1951 2277 2012 2329 rb

429 2371 645 2441 πρῶτον
672 2371 1024 2444 ἀποπληροῦν
1057 2372 1406 2444 πρόσταγμα.
1433 2369 1524 2423 Διὸ
1550 2369 1816 2423 λέλεκται·
1843 2387 1862 2419 ι
1885 2369 2011 2422 Δότε

427 2461 584 2527 δόξαν
600 2463 802 2516 αἰνέσει
823 2461 1009 2515 αὐτοῦ·
1053 2481 1070 2515 ι
1096 2462 1128 2532 ἢ
1154 2461 1294 2516 κατά
1315 2460 1404 2514 τὸν
1433 2459 1690 2526 Ἀκύλαν,
1724 2477 1745 2511 ι
1770 2460 1899 2512 Δότε
1931 2459 2015 2512 δό-

429 2554 528 2620 ξαν
564 2555 794 2627 ὑμνήσει
825 2553 1098 2625 αὐτοῦ·ιῆ
1128 2554 1270 2608 κατὰ
1296 2555 1388 2607 τὸν
1415 2552 1729 2624 Σύμμαχον,
1766 2571 1784 2604 ι
1806 2551 2013 2616 Τάξατε

430 2649 511 2709 είς
539 2647 705 2718 τιμὴν
737 2645 828 2698 τὸν
861 2645 1030 2718 ὕμνον
1078 2645 1299 2699 αὐτοῦ.»
1351 2645 1473 2697 Ἔτι
1533 2644 1672 2715 πρὸς
1714 2644 1925 2707 τούτοις
1957 2644 2014 2696 τὸ

431 2735 655 2808 Πνεῦμα
689 2737 749 2790 rb
779 2734 1117 2807 προφητικὸν
1178 2735 1609 2807 παρακελεύεται
1663 2737 1829 2788 πᾶσιν
1884 2737 2014 2806 ἡμῖν

428 2829 855 2901 τεθεωρημένως
883 2826 1206 2893 ἐνατενίζειν
1260 2829 1372 2892 τοῖς
1403 2827 1584 2900 ἔργοις
1614 2827 1709 2881 τοῦ
1733 2827 1888 2891 Θεοῦ,
1921 2828 2015 2880 καὶ

428 2921 524 2975 τὸν
547 2921 670 2975 νοῦν
698 2922 944 2992 ἐφιστᾷν,
972 2922 1120 2984 ὃπως
1168 2920 1334 2990 φόϐου
1391 2921 1484 2973 καὶ
1529 2919 1842 2991 ἐκπλήξεως
1871 2919 2016 2993 γέμῃ

430 3012 500 3067 τὰ
530 3013 628 3084 τῆς
681 3015 872 3082 σοφίας
922 3012 1086 3067 αὐτοῦ
1123 3012 1634 3084 μεγαλουργήματα.
1677 3031 1695 3063 ι
1736 3012 1830 3064 Ἐκ
1855 3011 2016 3083 μεγέ-

429 3103 488 3158 ῖς
497 3122 558 3168 υς
584 3103 692 3176 γὰρ
741 3104 833 3158 καὶ
891 3103 1154 3173 καλλονῆς
1203 3103 1513 3174 κτισμάτων
1571 3101 1844 3173 ἀναλόγως
1871 3104 1900 3154 ό
1931 3120 2016 3172 γε·
2044 3139 2086 3196 C

431 3195 741 3268 νεσιουργὺς
767 3196 1070 3266 θεωρεῖται·
1114 3214 1132 3246 ι
1156 3196 1280 3250 καί·
1307 3215 1324 3247 ι
1356 3195 1436 3249 Τά
1462 3195 1668 3270 ἀόρατα
1697 3195 1861 3248 αὐτοῦ
1906 3196 2014 3248 ἀπὸ

431 3288 660 3352 κτίσεως
689 3287 894 3359 κόσμου
926 3289 1040 3351 τοῖς
1088 3289 1354 3361 ποιήμασι
1391 3287 1655 3359 νοούμενα
1692 3287 2008 3360 καθορᾶται·

427 3377 466 3449 ﬁ
493 3395 553 3432 τε
580 3378 746 3441 ἀΐδιος
780 3377 945 3431 αὐτοῦ
987 3377 1220 3450 δύναμις
1265 3379 1360 3431 καὶ
1416 3379 1651 3451 θειότης.
1675 3398 1694 3430 ι
1725 3379 1892 3433 Ταῦτ’
1919 3376 2012 3434 οῦν

429 3467 795 3540 θεωροῦντας,
833 3469 1379 3542 ὐπερεκπλήττεσθαι
1435 3471 1533 3537 δεῖ,
1591 3473 1686 3526 καὶ
1723 3472 1900 3543 λέγειν
1935 3473 2013 3544 τῷ

427 3561 572 3632 Θεῷ·
611 3581 631 3614 t
666 3563 753 3625 Ὡς
781 3562 990 3636 φοϐερά
1024 3563 1092 3617 τά
1113 3563 1254 3635 ἔργα
1277 3581 1424 3617 σου.»
1458 3564 1744 3636 Ἀλλ’ὴμῖν
1779 3565 1878 3637 μὲν
1901 3567 2012 3630 τοῖς

430 3652 538 3705 ὑπὸ
567 3653 661 3706 σοῦ
700 3654 1132 3724 πεφωτισμένοις
1161 3654 1428 3724 ἔγνωσται
1447 3657 1540 3710 καὶ
1564 3657 1919 3727 κατείληπται
1945 3657 2013 3710 τὰ

430 3742 570 3814 ἔργα
603 3760 694 3796 σου
723 3743 850 3797 ὅντα
879 3744 1104 3815 φοϐερά·
1141 3746 1189 3797 οξ
1219 3745 1274 3798 δὲ
1299 3746 1486 3819 ἐχθροί
1515 3763 1610 3799 σου
1633 3749 1689 3799 ἐν
1710 3748 1884 3818 σκότῳ
1915 3764 2015 3802 κα-

431 3836 788 3908 λινδούμενοι,
824 3836 926 3891 κάν
961 3835 1186 3891 ἐθέλωσι
1224 3856 1353 3892 ποτε
1387 3839 1511 3911 περὶ
1533 3840 1641 3894 τῶν
1676 3842 1782 3895 σῶν
1837 3841 2012 3913 ἔργων

427 3928 704 3994 διεξιέναι,
737 3931 830 3982 καὶ
855 3930 1046 3999 λόγους
1070 3931 1144 3993 ὡς
1175 3926 1284 3983 οἷόν
1315 3948 1373 3983 τε
1401 3934 1658 4000 φυσικοὺς
1685 3933 2009 3997 ἀποδιδόναι,

432 4021 650 4094 μακρὰν
688 4023 1055 4076 ἀποπίπτουσι
1075 4022 1168 4075 τοῦ
1195 4021 1429 4093 πλήθους
1450 4023 1551 4094 τῆς
1585 4023 1684 4094 σῆς
1709 4025 2008 4096 δυνάμεως,

430 4115 583 4169 οὐδὲν
616 4116 768 4184 ὑγιὲς
800 4115 919 4168 οὐδέ
955 4114 1154 4186 ἀληθὲς
1183 4113 1396 4185 ἔχοντες
1442 4116 1638 4186 λέγειν.
1671 4119 1762 4172 Διό
1810 4135 2006 4190 φαμεν·

437 4224 458 4256 ‹
480 4207 567 4259 Ἐν
601 4204 677 4277 τῷ
708 4206 903 4279 πλήθει
932 4207 1030 4278 τῆς
1060 4207 1340 4279 δυνάμεώς
1399 4225 1491 4262 σου
1535 4207 1825 4278 ψεύσονται
1870 4227 1930 4262 σε
1961 4213 2010 4264 οἱ

429 4297 617 4369 ἐχθροί
652 4316 766 4353 σου.
803 4301 962 4353 Πᾶσα
1013 4301 1046 4371 ὴ
1081 4301 1154 4371 γῆ
1217 4302 1750 4373 προσκυνησάτωσάν
1805 4319 1884 4356 σοι
1918 4305 2011 4356 καὶ

427 4389 756 4460 ψαλάτωσάν
791 4408 894 4456 σοι,
927 4390 1255 4461 ψαλάτωσαν
1287 4392 1364 4464 τῷ
1387 4392 1609 4464 ὀνόματί
1641 4411 1752 4447 σου.
1778 4395 2010 4465 Διάψαλ-

2111 1895 2274 1948 etiam
2335 1892 2539 1949 divinis
2585 1894 2929 1949 sermonibus
2967 1894 3154 1950 laudes
3205 1903 3260 1950 et
3311 1896 3541 1967 hymnos
3591 1896 3682 1952 Dei

2111 1985 2597 2054 eomplectentibus
2624 2001 2746 2040 cum
2771 1986 2968 2056 pietate
2987 2002 3050 2042 ac
3068 1988 3415 2042 veneratione
3449 1988 3682 2058 primum

2112 2086 2444 2148 preceptum
2468 2077 2710 2147 implere.
2739 2078 2919 2144 Quare
2949 2079 3155 2134 dictum
3184 2087 3269 2135 est
3303 2099 3315 2134 :
3349 2098 3367 2130 ι
3409 2079 3540 2136 Date
3565 2081 3683 2151 glo-

2115 2169 2250 2222 riam
2277 2169 2422 2224 laudi
2453 2171 2604 2239 ejus;
2651 2189 2669 2223 ι
2711 2173 2817 2236 vel,
2845 2172 3146 2227 secundum
3173 2172 3422 2243 Aquilam
3448 2191 3460 2226 :
3507 2192 3525 2224 ‹
3554 2172 3684 2226 Date

2113 2260 2340 2329 gloriam
2360 2260 2577 2331 hymnis
2591 2260 2711 2330 ejus
2731 2281 2747 2327 ,
2773 2280 2791 2312 ›
2815 2262 2919 2326 vel,
2943 2261 3244 2318 secundum
3263 2262 3682 2334 Symmachum:

2119 2372 2137 2403 ‹
2170 2353 2500 2408 Constituite
2531 2355 2586 2408 in
2619 2355 2881 2410 honorem
2910 2355 3172 2426 hymnum
3210 2356 3351 2426 ejus.
3394 2375 3412 2408 ι
3444 2355 3524 2411 Ad
3571 2358 3683 2412 haec

2115 2461 2242 2500 vero
2271 2446 2510 2516 Spiritus
2537 2447 2889 2516 propheticus
2916 2447 3074 2517 jubet
3106 2463 3207 2503 nos
3241 2463 3433 2504 omnes
3479 2455 3685 2504 attento

2113 2540 2298 2594 animo
2325 2554 2490 2609 opera
2525 2539 2616 2594 Dei
2651 2540 3021 2604 considerare,
3053 2549 3215 2611 atque
3243 2550 3424 2597 mente
3455 2558 3686 2613 perpen-

2112 2630 2262 2694 dere,
2294 2645 2404 2700 quo
2439 2639 2598 2700 pacto
2628 2646 2821 2702 magna
2845 2632 3128 2702 sapientiae
3156 2633 3303 2690 illius
3327 2649 3492 2705 opera
3529 2637 3675 2690 timo

2117 2735 2229 2773 rem
2264 2730 2650 2788 stuporemque
2681 2719 2938 2775 inferant.
2979 2739 2999 2772 ι
3031 2721 3165 2776 Nam
3206 2738 3272 2778 ex
3317 2725 3685 2795 magnitudine

2114 2824 2167 2866 et
2209 2813 2615 2882 pulchritudine
2654 2822 3034 2869 creaturarum
3074 2817 3428 2887 preportione
3451 2820 3684 2888 quadam

2114 2903 2296 2973 opifex
2338 2904 2662 2975 intelligitur
2698 2905 2781 2973 ⁸⁶;
2822 2926 2841 2958 ι
2877 2914 2975 2962 et:
3017 2927 3035 2960 ι
3086 2907 3385 2965 Invisibilia
3430 2913 3604 2982 ipsius
3657 2928 3686 2966 a

2117 3003 2371 3050 creatura
2415 2997 2626 3060 mundi,
2671 3013 2768 3068 per
2797 3013 2861 3053 ea
2887 3013 3008 3070 quae
3033 2999 3177 3056 facta
3206 3011 3354 3068 sunt,
3387 3004 3684 3069 intellecta,

2118 3089 2553 3158 conspiciuntur,
2610 3091 2940 3160 sempiterna
2988 3109 3208 3166 quoque
3264 3095 3385 3166 ejus
3427 3097 3602 3152 virtus
3635 3106 3688 3153 et

2117 3179 2378 3236 divinitas
2398 3181 2464 3238 ⁵⁷.
2501 3200 2520 3234 ι
2555 3181 2680 3237 llam
2703 3187 3154 3257 contemplantes,
3180 3195 3402 3259 stupore
3428 3189 3564 3244 allici
3592 3206 3686 3261 par

2114 3279 2216 3336 est,
2258 3286 2322 3326 ac
2347 3273 2528 3329 dicere
2556 3274 2667 3329 Deo
2698 3291 2711 3326 :
2744 3295 2762 3326 ‹
2800 3277 2972 3343 Quam
3005 3280 3270 3335 terribilia
3299 3295 3463 3351 opera
3494 3283 3619 3335 tua!
3664 3300 3684 3335 ι

2118 3362 2222 3420 Sed
2255 3380 2285 3418 a
2316 3367 2475 3422 nobis
2504 3367 2725 3438 quidem
2759 3370 2857 3424 abs
2890 3379 2943 3426 te
2983 3371 3304 3429 illuminatis
3333 3375 3688 3446 cognoscitur

2113 3465 2168 3512 et
2194 3459 2676 3528 comprehenditur
2696 3477 2863 3533 opera
2885 3471 2978 3518 tua
3007 3466 3272 3520 terribilia
3307 3481 3448 3522 esse.
3475 3466 3686 3522 Inimici

2114 3565 2245 3605 vero
2274 3552 2352 3606 tui
2389 3552 2444 3606 in
2479 3555 2718 3611 tenebris
2747 3557 2997 3622 volutati,
3037 3558 3252 3614 etiamsi
3294 3574 3685 3630 nonnunquam

2113 3643 2282 3700 velint
2310 3645 2377 3700 de
2415 3648 2675 3716 operibus
2718 3649 2833 3704 tuis
2865 3651 3027 3705 verba
3060 3649 3258 3717 facere,
3301 3652 3686 3723 naturalesque

2114 3749 2394 3792 sermones
2431 3753 2533 3808 pro
2565 3739 2827 3795 facultate
2881 3749 3084 3806 texere,
3134 3743 3294 3815 longe
3343 3745 3602 3800 aberrant
3657 3760 3684 3797 a

2113 3827 2486 3898 magnitudine
2516 3830 2740 3887 virtutis
2786 3841 2914 3897 tute,
2960 3835 3204 3905 nihilque
3245 3851 3461 3901 sanum,
3497 3853 3681 3892 verum

2111 3919 2247 3974 nihil
2275 3919 2468 3976 eﬂ‘erre
2504 3924 2702 3979 valent.
2745 3923 2929 3991 Quare
2969 3927 3204 3982 dicimus
3239 3948 3253 3984 :
3289 3947 3309 3979 ι
3345 3929 3403 3983 In
3435 3931 3680 3985 multitu-

2112 4011 2240 4067 dine
2268 4013 2486 4068 virtutis
2509 4021 2618 4070 tuae
2649 4017 2980 4072 mentientur
3001 4020 3100 4074 tibi
3133 4020 3340 4074 inimici
3368 4022 3468 4076 tui.
3497 4021 3682 4077 Omnis

2111 4109 2255 4158 terra
2281 4103 2470 4161 adoret
2487 4115 2563 4171 te,
2587 4116 2641 4162 et
2664 4110 2860 4178 psallat
2877 4111 2996 4175 tibi,
3022 4111 3291 4181 psalmum
3310 4113 3455 4166 dicat
3478 4115 3686 4168 nomini

2112 4205 2226 4253 tuo.
2281 4197 2605 4275 Diapsalma.
2640 4220 2658 4251 ι
2714 4200 2905 4256 Priora
2961 4205 3179 4274 quidem
3221 4213 3491 4275 praecepta
3539 4210 3688 4260 omni

2112 4296 2289 4351 terrae,
2321 4273 2573 4346 videlicet
2615 4294 2872 4350 omnibus
2907 4273 3180 4365 gentibus,
3223 4273 3546 4368 prophetice
3577 4307 3689 4353 tra—

2108 4380 2223 4434 dita
2256 4379 2489 4436 fuerant.
2513 4384 2652 4449 Quia
2683 4401 2833 4451 vero,
2857 4395 2917 4441 ut
2945 4388 3060 4443 haec
3088 4403 3253 4460 opere
3275 4390 3534 4461 compleri
3560 4406 3687 4462 pos-

433 4499 529 4551 μα.
547 4501 564 4532 ι
607 4481 688 4535 Τά
711 4482 809 4553 μὲν
838 4483 1028 4552 πρῶτα
1057 4484 1492 4556 παραγγέλματα
1520 4479 1590 4556 ἦν
1644 4484 1794 4559 πάσῃ
1813 4488 1878 4557 τῇ
1913 4489 2005 4556 γῇ,

2113 4481 2254 4538 sent,
2272 4473 2519 4530 oratione
2535 4491 2673 4548 opus
2696 4487 2831 4542 erat,
2859 4478 3095 4550 Spiritus
3115 4482 3334 4538 divinus
3356 4489 3480 4553 post
3503 4483 3683 4552 priora

427 4573 632 4647 δηλαδὴ
657 4577 792 4629 πᾶσι
818 4578 931 4639 τοῖς
964 4576 1161 4640 ἔθνεσι,
1181 4576 1532 4649 προφητικῶς
1564 4577 2006 4650 παρηγγελμένα·

428 4667 554 4720 ἐπεὶ
583 4667 640 4720 δὲ
660 4668 824 4740 εὐχῆς
880 4664 949 4738 ἦν
1006 4668 1165 4739 χρεία
1199 4672 1278 4732 εἰς
1304 4670 1367 4723 rb
1408 4670 1700 4742 δυνηθῆναι
1729 4671 1796 4724 δι’
1835 4671 2010 4744 ἔργων

427 4757 601 4810 ταῦτα
631 4759 898 4830 χωρῆσαι,
933 4759 1243 4827 ἀναγκαίως
1269 4760 1330 4813 rb
1363 4759 1504 4814 θεῖον
1531 4761 1754 4833 Πνεῦμα
1785 4762 1921 4832 μετὰ
1940 4763 2009 4817 τὰ

429 4847 623 4917 πρῶτα
652 4848 789 4919 πρὸς
822 4849 980 4902 αὐτὸν
1011 4851 1323 4922 ἐπιστρέφει
1357 4851 1447 4904 τὸν
1494 4852 1645 4918 Θεὸν,
1679 4853 1842 4924 εὐχὴν
1868 4854 2011 4926 ὑπὲρ

431 4939 612 5009 πάσης
631 4939 732 5010 τῆς
759 4940 862 5010 γῆς
912 4941 1252 5012 ἀναπέμπονῖ
1305 4943 1396 4995 Διό
1447 4961 1599 5014 φησι·
1639 4963 1656 4996 ι
1687 4946 1845 4998 Πᾶσα
1873 4948 1905 5018 ἡ
1939 4948 2010 5018 γῆ

430 5033 963 5104 προσκυνησάτωσάν
998 5050 1078 5086 σοι
1111 5035 1206 5087 καὶ
1258 5033 1583 5104 ψαλάτωσάν
1623 5055 1724 5100 σοι,
1761 5037 2010 5108 ψαλάτω-

432 5140 532 5177 σαν
562 5123 640 5194 τῷ
662 5118 882 5195 ὀνόματί
905 5141 1052 5177 σου.)
1103 5124 1246 5178 ’Λντὶ
1277 5125 1334 5178 δὲ
1395 5125 1507 5179 τοῦ·
1544 5146 1562 5177 ι
1605 5128 1759 5181 Πᾶσα
1793 5130 1826 5198 ἡ
1858 5131 1949 5200 γῆ,
1987 5148 2004 5180 ι

429 5217 458 5270 ὁ
492 5210 786 5287 Σύμμαχος
820 5217 1148 5287 σαφέστερον
1177 5218 1518 5289 ἡρμήνευσεν
1539 5220 1727 5273 εἰπών·
1760 5239 1778 5269 t
1802 5221 2009 5285 Πάντες

429 5309 479 5360 οἱ
515 5307 606 5359 ἐπὶ
630 5307 787 5377 γῆς»
824 5306 1139 5379 λευκότερον
1187 5308 1455 5380 δηλώσας,
1500 5311 1580 5364 ὅτι
1622 5311 1694 5382 μὴ
1737 5311 2008 5374 Ἰουδαίοις

428 5398 490 5454 τὸ
516 5399 880 5471 παράγγελμα
912 5399 1106 5460 δέδοτο,
1165 5399 1300 5452 ἀλλά
1342 5402 1474 5454 πᾶσι
1501 5404 1617 5464 τοῖς
1652 5401 1746 5454 ἐπὶ
1777 5401 1879 5472 γῆς
1911 5403 2004 5454 ἀν-

429 5487 686 5561 θρώποις.
718 5487 993 5557 Μεγίστης
1013 5487 1122 5560 γάρ
1141 5489 1348 5543 ἐδέοντο
1374 5491 1558 5561 εὐχῆς,
1582 5491 1657 5553 ώς
1680 5489 1745 5543 ἂν
1781 5490 2006 5562 δυνάμει

429 5579 562 5634 Θεοῦ
589 5577 887 5650 παράδοξος
920 5578 1128 5647 γένοιτό
1162 5595 1244 5642 τις
1270 5580 1327 5632 ἐν
1351 5581 1534 5644 αὐτοῖς
1569 5579 1837 5651 μεταϐολὴ
1867 5579 2005 5651 πρὸς

502 5763 547 5796 ⁸⁸
572 5762 699 5835 Sap.
734 5781 854 5830 τιιι,
887 5765 936 5818 5.
1015 5765 1056 5796 ⁸⁷
1082 5763 1240 5821 Rom.
1276 5781 1314 5829 ι,
1347 5766 1439 5820 20.

746 5865 1013 5925 Parnm.
1047 5864 1164 5926 Gn.
1198 5861 1436 5926 XXIII.

2114 4565 2238 4629 illa,
2285 4569 2602 4622 necessario
2654 4569 2721 4624 ad
2772 4569 2937 4625 Deum
2979 4573 3226 4637 vertitur,
3273 4573 3684 4641 orationemque

2112 4672 2211 4728 pro
2238 4659 2492 4714 universa
2528 4670 2671 4716 terra
2700 4663 2919 4718 emittit.
2945 4663 3314 4730 Quamobrem
3348 4667 3422 4718 ait
3456 4686 3468 4720 :
3506 4683 3525 4716 ι
3563 4664 3686 4720 Om-

2111 4750 2198 4804 nis
2230 4757 2373 4804 terra
2405 4751 2597 4807 adoret
2628 4761 2701 4817 te,
2735 4762 2788 4808 et
2817 4755 3015 4825 psallat
3065 4757 3185 4821 tibi,
3221 4757 3490 4826 psalmum
3537 4757 3686 4828 dicat

2112 4841 2318 4895 nomini
2353 4851 2467 4898 tuo.
2495 4865 2512 4896 ι
2536 4843 2643 4899 Pro
2674 4847 2767 4902 illo
2792 4855 3007 4903 autem:
3052 4867 3071 4899 ι
3103 4849 3295 4904 Omnis
3319 4859 3486 4914 terra,
3527 4871 3544 4904 ι
3573 4853 3685 4906 cla-

2110 4935 2226 4988 rius
2251 4933 2612 5006 Symmachus
2637 4939 3025 5009 interpretatur
3047 4941 3234 4998 dicens
3268 4963 3279 4996 :
3314 4963 3332 4993 ι
3361 4945 3564 5001 Omnes
3589 4947 3682 5016 qui

2111 5023 2164 5076 in
2200 5032 2347 5080 terra
2379 5036 2526 5092 sunt,
2553 5048 2572 5080 ι
2602 5031 2842 5100 apertius
2871 5031 3178 5098 declarans,
3207 5049 3314 5087 non
3345 5033 3549 5092 Iudaeis
3577 5045 3685 5091 tra-

2108 5113 2282 5170 ditum
2324 5125 2652 5188 prmeeptum
2698 5136 2840 5183 esse,
2879 5121 2974 5176 sed
3023 5123 3277 5178 omnibus
3308 5125 3399 5193 qui
3451 5125 3503 5179 in
3537 5135 3680 5181 terra

2109 5215 2236 5262 sunt
2275 5207 2607 5265 hominibus.
2664 5210 2926 5267 Precibus
2968 5227 3203 5284 namque
3252 5215 3487 5270 maxime
3541 5233 3680 5287 opus

2107 5313 2246 5367 erat,
2281 5309 2343 5355 ut
2384 5319 2450 5358 ex
2500 5301 2596 5357 Dei
2653 5312 2940 5374 potestate,
3000 5308 3372 5375 inexspectata
3429 5307 3679 5376 quaedam

2107 5394 2338 5449 mutatio
2365 5395 2498 5464 ipsis
2527 5395 2828 5456 accederet,
2871 5403 2930 5449 ut
2975 5411 3044 5451 ne
3074 5397 3215 5451 ultra
3247 5397 3541 5451 multorum
3587 5413 3680 5453 uu-

2105 5487 2314 5542 minum
2346 5489 2517 5543 errori
2547 5490 2730 5543 animo
2754 5489 3128 5555 adhaererent;
3156 5489 3249 5546 sed
3274 5506 3440 5546 unum
3482 5491 3674 5557 Deum,

2105 5581 2281 5636 solum
2312 5581 2648 5636 adorandum
2691 5597 2884 5640 reapse
2905 5583 3147 5640 colerent
3183 5591 3235 5639 et
3255 5583 3566 5645 adorarent,
3594 5591 3677 5640 at-

3319 5851 3393 5914 21
