2045 3194
228 136 277 166 651
590 139 723 168 EUSEBII
744 140 981 169 CAESARIENSIS
1000 141 1075 170 OPP.
1095 142 1185 170 PARS
1204 142 1247 171 lli.
1268 158 1301 163 ——
1320 143 1520 171 EXEGETICA.
1790 144 1842 170 652

226 201 279 230 quc
296 197 460 229 pmceptum
483 194 639 229 huiusmodi
654 195 830 223 observarent
846 205 852 223 :
874 206 881 222 ι
901 196 998 223 Psallit

1062 197 1091 223 τὸ
1104 198 1201 233 μηκέτι
1218 198 1266 233 μὲν
1291 199 1323 233 τῇ
1344 198 1465 234 πολυθέῳ
1482 199 1624 235 προσέχειν
1648 199 1745 235 πλάνῃ,
1764 200 1843 235 μένον

227 241 331 269 nomini
350 241 420 275 eius.
441 250 449 266 ι
472 239 508 268 Ut
526 241 620 275 itaque
644 241 701 268 haec
721 242 858 274 eveniant,
889 241 998 276 Spiritus

1059 242 1085 269 δὲ
1104 243 1191 269 σέϐειν
1202 243 1230 269 ὂν
1246 244 1286 270 δεῖ
1299 244 1345 270 καὶ
1374 246 1543 280 προσκυνεῖν,
1570 245 1614 271 τὸν
1628 244 1675 271 ἕνα
1694 245 1742 271 καὶ
1764 246 1843 280 μόνον

226 294 336 315 sanetus
353 288 388 314 ita
405 289 551 322 precatur:
567 295 577 312 ί
597 285 691 315 Omnis
710 290 783 314 terra
808 287 902 315 adoret
928 291 955 315 te
980 294 998 315 et

1060 289 1105 315 καὶ
1122 289 1308 324 προσκυνητΫΝ
1339 287 1414 322 Θέὸν,
1430 290 1560 316 ἐπιτελεῖν
1577 299 1606 316 τε
1631 290 1662 317 τὺ
1680 291 1844 326 πρόσταγμα

225 334 324 369 psallat
339 334 398 365 tibi,
416 333 550 368 psalmum
565 332 636 360 dicat
655 333 758 360 nomini
777 337 833 361 tuo.
855 343 864 359 ι

1058 334 1091 360 δι’
1102 332 1132 361 οῦ
1147 334 1262 368 ἐλέγετο·
1279 344 1287 360 ι
1301 335 1410 361 Ψάλατε
1420 335 1455 371 ’δὴ
1467 335 1505 371 τῷ
1526 336 1635 371 ὀνόματι
1651 337 1743 363 αὑτοῦ.
1764 347 1773 362 ι
1795 337 1843 364 Ἷν¹

225 380 271 408 οὖν
292 381 377 408 ταῦτα
406 381 528 416 γένηται,
560 379 667 416 εῠχεται
683 380 713 407 τὸ
742 380 853 416 Πνεῦμα
877 381 907 407 τὸ
933 380 1008 415 ἅγιον
1026 381 1118 415 λέγον·
1144 392 1152 406 ε
1170 383 1276 417 Πᾶσαή
1301 382 1337 417 γῆ
1362 383 1626 418 προσκυνησάτωσαν
1643 392 1684 410 σοι
1714 384 1760 410 καὶ
1788 384 1841 419 ψα-

225 427 346 454 λάτωσάν
360 435 410 459 σοι¹
422 426 583 461 ψαλάτωσαν
597 425 635 461 τῷ
649 426 760 461 ὀνόματί
770 434 826 452 σου.
841 436 851 452 ι

260 487 343 515 Vens.
357 487 382 518 5,
402 486 428 513 6.
450 495 458 511 ι
472 485 570 514 Venite
584 490 611 513 et
624 485 712 512 videte
723 493 805 520 opera
824 485 882 516 Dei,
899 485 1008 513 terribi-

224 534 257 562 lis
268 534 295 561 in
307 532 430 560 consiliis
442 539 524 567 super
535 531 605 559 ﬁlios
620 530 770 558 hominum.
788 540 796 555 ι
812 529 846 558 Ut
860 530 939 565 longe
952 530 1007 557 dis-

225 580 286 608 sitis
309 579 344 606 iis
362 579 408 613 qui
424 579 554 605 invocant
567 584 666 605 nomen
682 576 739 608 Dei.
755 581 784 604 ut
799 577 912 611 propius
928 584 1006 604 acce-

223 626 289 653 dant
302 625 423 660 pra‘cipit
439 623 551 652 dicens:
564 632 573 649 ι
589 622 694 650 Venite.
712 632 721 648 ι
738 622 817 656 Quod
832 623 922 658 ipsum
937 623 1006 650 divi-

223 680 275 700 nus
297 671 442 706 Apostolus
467 670 615 697 declaravit
632 670 675 698 his
686 670 796 697 verbis:
813 679 822 694 (
839 670 872 695 Et
891 670 1002 697 veniens

223 716 397 745 annuntiavit
418 723 512 751 pacem
537 715 614 743 vobis
634 716 681 751 qui
698 716 777 751 longe
794 715 894 746 fuistis.
912 719 940 742 et
955 722 1002 750 pa-

222 770 281 790 cem
307 762 340 790 iis
362 762 408 797 qui
435 769 517 796 prope
528 761 562 787 ⁸⁸.
579 770 588 786 ι
611 760 712 789 Omnes
737 768 818 796 porro
840 768 888 795 per
908 760 1001 787 orbem

221 812 316 844 gentes
345 807 378 834 ad
400 806 448 834 Dei
474 806 612 839 notitiam,
637 810 664 834 et
688 806 722 833 ad
746 805 1001 840 contemplationem

222 864 334 891 operum
351 856 411 891 ejus
434 863 524 884 sermo
538 860 642 884 evocat.
658 855 724 883 Nam
741 855 835 891 procul
852 854 906 882 Deo
927 855 1001 890 posi-
1018 874 1038 901 Β

221 907 265 935 tae,
287 910 374 937 neque
398 902 536 935 videbant,
558 909 647 937 neque
662 905 804 929 noverant.
820 900 1001 934 Quamobrem

219 949 278 977 ait:
294 957 303 974 ι
320 947 415 976 Venite
431 951 459 976 et
473 947 563 976 videte
578 955 660 983 opera
677 947 723 975 Dei
739 956 745 974 :
764 957 773 973 ι
793 946 827 974 de
842 947 941 982 quibus
956 955 1003 974 su-

220 1003 269 1031 pra
281 995 384 1023 dictum
398 998 440 1022 est
453 1003 459 1021 :
475 1003 485 1018 (
503 993 591 1022 Dicite
609 994 662 1022 Deo
675 1003 681 1020 :
695 993 781 1027 Quam
797 993 928 1021 terribilia
941 999 1002 1021 sunt

219 1047 302 1068 onera
318 1040 380 1067 tual
396 1049 405 1065 ι
420 1039 474 1067 Sed
488 1039 552 1066 olim
568 1039 677 1074 quidem
696 1038 867 1074 praecipiebat
887 1038 979 1066 dicere
994 1048 1000 1065 :

223 1094 233 1111 ε
247 1085 334 1118 Quam
351 1084 483 1112 terribilia
500 1089 564 1111 sunt
585 1091 666 1118 opera
692 1085 753 1111 tua!
771 1094 779 1110 ι
797 1083 931 1117 Quoniam
954 1093 1002 1112 au-

221 1135 275 1158 tem
288 1130 436 1158 verisimile
449 1134 509 1157 erat
524 1137 582 1160 eos,
600 1130 693 1164 procul
709 1130 824 1164 positos,
841 1138 901 1165 qua:
910 1134 1002 1158 essent

221 1184 303 1211 opera
326 1176 372 1204 Dei
394 1176 530 1211 ignorare.
549 1176 592 1202 hic
612 1180 812 1211 consequenter
832 1176 941 1204 eosdem
961 1177 1001 1205 sic

220 1222 386 1257 alloquitur:
402 1231 410 1246 ι
427 1220 522 1248 Venite
536 1225 563 1248 et
577 1221 665 1248 videte
680 1228 762 1256 opera
776 1220 834 1248 Dei.
850 1230 860 1247 ι
877 1221 946 1248 Cum
958 1229 1002 1249 au-

222 1269 277 1293 tem
293 1272 324 1292 ea
342 1264 475 1294 videritis.
491 1263 629 1295 ediscetis,
651 1271 713 1291 eum
730 1264 880 1292 terribilem
896 1271 956 1292 esse
972 1264 1001 1291 in

220 1310 342 1338 consiliis
355 1317 404 1345 pro
420 1309 483 1336 ﬁliis
501 1309 651 1336 hominum.
665 1308 766 1337 Horum
782 1310 944 1337 sententiam
961 1310 1001 1337 sic

220 1356 321 1384 clarius
338 1356 530 1390 interpretatur
549 1354 729 1391 Symmachus
742 1354 838 1382 dicens
858 1364 865 1382 :
880 1364 889 1381 ι
905 1354 1002 1382 Venite

218 1406 247 1429 et
265 1402 355 1430 videte
376 1409 457 1436 opera
475 1400 532 1434 Dei,
557 1402 695 1429 terribiles
717 1402 932 1429 machinationes
952 1410 1001 1437 pro

221 1448 283 1476 ﬁliis
297 1448 447 1475 hominum.
466 1456 475 1474 ι
494 1447 591 1475 Omnia
604 1448 704 1483 quippe
720 1455 769 1483 pro
783 1448 870 1476 salute
884 1448 999 1475 ﬁliorum

220 1494 359 1521 hominum
383 1493 554 1521 machinatus
570 1498 622 1521 est.
645 1492 703 1521 Sub
719 1494 776 1521 haec
802 1494 882 1522 docet
897 1498 999 1529 quanta

1094 494 1103 510 ι
1123 483 1205 510 Δεῦτε
1222 484 1268 510 καὶ
1288 483 1355 510 ἴδετε
1382 482 1416 510 τὰ
1432 482 1499 518 ἔργα
1518 482 1564 510 τοῦ
1582 482 1660 516 Θερῦ,
1676 482 1791 518 φοϐερός
1814 484 1842 511 ἐν

1056 530 1163 566 βουλαῖς
1177 529 1253 565 παρὰ
1269 530 1332 561 τοὺς
1346 529 1420 561 υἱοὺς
1436 529 1490 555 τῶν
1514 528 1673 564 ἀνθρώπων.
1689 539 1697 555 ι
1725 529 1769 561 Ὠς
1790 538 1841 564 μα-

1055 576 1123 612 κρὰν
1149 575 1315 611 ἀφεστηκόσι
1338 577 1394 607 τοῖς
1418 574 1594 610 καλουμένοις
1610 575 1639 600 τὸ
1665 575 1734 601 θεῖον
1757 575 1841 610 ὄνομα

1055 622 1166 658 πλησίον
1178 622 1305 658 ἔρχεσθαι
1319 622 1481 657 προστάττει
1496 622 1574 656 λέγον
1584 630 1590 636 ·
1611 630 1621 646 ε
1631 621 1721 647 Δεῦτε.
1735 631 1744 646 ›
1757 621 1840 648 Τοῦτο

1054 668 1082 695 δὲ
1101 669 1115 694 6
1131 668 1200 699 Θεῖος
1224 667 1382 699 Ἀπόστολος
1396 668 1514 703 παρίστη
1536 666 1635 693 εἰπών·
1660 676 1669 692 ι
1685 667 1740 693 Καὶ
1756 667 1840 694 ὲλθὼν

1055 713 1247 749 εὐηγγελίσατο
1261 713 1374 749 εἰρήνην
1391 713 1454 748 ὑμῖν
1467 714 1522 744 τοῖς
1540 712 1657 748 μακρὰν,
1673 714 1719 739 καὶ
1730 713 1839 749 εἰρήνην

1054 762 1109 791 τοῖς
1133 759 1225 794 ἐγγύς.
1247 769 1256 785 ι
1284 759 1368 786 Καλεῖ
1385 759 1413 785 δὲ
1435 760 1448 785 6
1473 758 1551 792 λόγος
1569 759 1603 785 τὰ
1622 758 1681 785 καθ’
1704 758 1768 795 ὅλης
1791 760 1839 794 τῆς

1054 805 1214 841 οἰκουμένης
1237 805 1299 840 ἔθνη
1325 805 1371 831 ἐπὶ
1385 806 1435 839 τὴν
1458 804 1503 830 τοῦ
1522 804 1588 830 Θεοῦ
1606 804 1723 838 γνῶσιν,
1741 805 1787 831 ἐπί
1808 813 1838 831 τε

1054 851 1103 887 τὴν
1121 850 1236 886 θεωρίαν
1260 850 1314 876 τῶν
1340 850 1428 884 ἔργων
1443 849 1536 877 αὐτοῦ.
1563 849 1679 885 Μακρὰν
1693 850 1746 886 γὰρ
1771 850 1838 884 ἀφε-

1054 896 1141 923 στῶτα
1153 896 1200 923 τοῦ
1211 896 1277 923 Θεοῦ
1292 895 1353 922 οὔτε
1368 895 1451 931 ἐώρα,
1466 895 1527 922 οὒτε
1542 896 1681 930 ἐγίνωσκε.
1696 896 1741 922 Διό
1755 903 1820 932 φησι
1831 905 1837 911 ’

1055 951 1063 967 ‹
1081 942 1162 968 Δεῦτε
1181 942 1228 968 καὶ
1247 941 1317 968 ῐδετε
1344 941 1378 967 τὰ
1403 941 1472 976 ἔργα
1496 941 1543 967 τοῦ
1569 940 1654 967 Θεοῦ“
1673 950 1682 966 ›
1711 941 1774 977 περί
1801 937 1838 967 ὧν

1051 987 1177 1022 ἀνωτέρω
1193 987 1300 1021 ἐλέγετο
1310 995 1316 1001 ·
1341 996 1350 1012 ‹
1364 987 1467 1013 Εἴπατε
1488 986 1526 1021 τῷ
1541 986 1614 1023 Θεῷ·
1625 987 1667 1018 Ὡς
1681 986 1785 1022 φοϐερὰ
1804 987 1838 1013 τὰ

1051 1033 1118 1068 ἔργα
1135 1034 1197 1060 aeu!
1216 1042 1226 1058 ι
1258 1032 1338 1059 Ἀλλὰ
1365 1031 1447 1059 πάλαι
1470 1032 1519 1067 μὲν
1542 1032 1707 1068 προσέταττε
1730 1032 1836 1066 λέγειν·

1053 1089 1062 1105 ι
1086 1079 1130 1110 Ὠς
1154 1078 1257 1113 φοϐερὰ
1278 1078 1312 1104 τὰ
1333 1078 1400 1113 ἔργα
1425 1079 1487 1104 σουί
1508 1078 1635 1114 ’Ἐπειδὴ
1657 1078 1685 1105 δὲ
1706 1079 1778 1110 εἰκὸς
1802 1076 1836 1114 ἦν

1050 1125 1155 1158 ἀγνοεῖν
1169 1124 1231 1155 τοὺς
1251 1124 1359 1159 μακρὰν
1370 1123 1530 1158 ἀφεστῶτας
1538 1123 1598 1150 τίνα
1610 1121 1644 1159 ἦν
1656 1123 1690 1150 τὰ
1706 1123 1773 1159 ἔργα
1787 1123 1834 1149 τοῦ

1050 1168 1128 1200 Θεοῦ,
1144 1168 1297 1200 ἀκολούθως
1309 1168 1427 1195 ἐνταῦθα
1443 1168 1510 1204 πρὸς
1529 1169 1592 1200 τοὺς
1606 1169 1703 1199 αὐτοὺς
1720 1168 1832 1203 φάσκει·

1053 1226 1062 1241 ι
1078 1215 1159 1242 Δεῦτε
1175 1216 1222 1242 καὶ
1244 1215 1312 1242 ἴδετε
1335 1215 1369 1242 τὰ
1391 1215 1460 1251 ἔργα
1481 1215 1528 1241 τοῦ
1556 1214 1637 1241 Θεοῦ·
1657 1225 1666 1240 ι
1688 1215 1786 1246 ἰδόντες
1806 1215 1835 1241 δι

1049 1261 1134 1289 ταῦτα
1152 1262 1315 1298 μαθήσεσθε,
1331 1263 1372 1289 ὅτι
1387 1262 1499 1296 φοϐερός
1518 1262 1589 1288 ἐστιν
1603 1263 1630 1288 ὲν
1646 1261 1751 1297 βουλαῖς
1766 1262 1835 1298 ὑπὲρ

1049 1310 1111 1341 τοὺς
1119 1309 1192 1340 υἱοὺς
1208 1309 1262 1335 τῶν
1276 1307 1435 1344 ἀνθρώπων.
1455 1308 1630 1344 Τρανώτερον
1648 1309 1696 1343 τὴν
1715 1308 1834 1334 διάνοιαν

1050 1355 1189 1382 ἀπέδωκεν
1206 1356 1219 1382 6
1244 1355 1390 1390 Σύμμαχος
1415 1354 1518 1381 εἰπών’
1542 1365 1550 1380 ι
1571 1354 1680 1381 Ἔλθετε
1698 1355 1744 1381 καὶ
1767 1355 1834 1381 ἴδετε

1050 1401 1163 1437 πράξεις
1186 1401 1232 1427 τοῦ
1253 1401 1331 1432 Θεοῦ,
1355 1401 1458 1437 φοϐερὰ
1473 1402 1654 1437 μηχανήματα
1681 1402 1750 1437 ὑπὲρ
1770 1403 1833 1428 υίῶν

1050 1446 1209 1482 ἀνθρώπων.
1223 1457 1231 1472 ι
1250 1447 1342 1474 Πάντα
1361 1447 1415 1482 γὰρ
1443 1447 1511 1483 ὑπὲρ
1533 1448 1669 1483 σωτηρίας
1691 1448 1744 1474 τῶν
1770 1448 1833 1475 υίῶν

1049 1493 1103 1520 τῶν
1136 1493 1285 1528 ἀνθρώπων
1314 1494 1514 1529 ἐμηχανήσατο.
1544 1492 1610 1521 Εἶτα
1639 1495 1758 1521 διδάσκει
1785 1495 1831 1521 ὅσα

218 1539 289 1574 apud
305 1539 431 1573 antiquos
446 1539 507 1566 illos
523 1539 594 1566 Deus
608 1538 706 1567 fecisse
719 1544 853 1567 narretur.
870 1539 997 1572 Quaenam

1052 1539 1181 1575 πρότερον
1194 1540 1267 1575 παρὰ
1277 1541 1332 1570 τοῖς
1345 1540 1467 1571 παλαιοῖς
1480 1539 1636 1575 πεποιηκὼς
1652 1540 1666 1566 6
1681 1540 1746 1572 Θεὸς
1763 1542 1830 1567 ἱστο-

217 1592 282 1612 vero
302 1585 348 1611 illa
376 1585 448 1617 sint,
478 1589 571 1620 postea
604 1585 745 1613 declarat:
761 1594 770 1610 ι
785 1584 838 1618 Qui
864 1585 1000 1613 convertit

218 1637 293 1657 mare
308 1631 336 1657 in
359 1630 480 1665 aridam;
497 1631 524 1657 in
540 1630 650 1658 ﬂumine
673 1631 876 1666 pertransibunt
893 1630 969 1666 pede.
987 1641 996 1657 ι

218 1675 373 1704 Secundum
386 1676 577 1712 Symmachum
590 1683 697 1704 autem:
709 1687 719 1702 «
734 1676 885 1708 Convertit.
899 1678 997 1711 inquit,

217 1732 292 1752 mare
318 1725 344 1752 in
372 1724 492 1758 aridam;
518 1724 630 1751 ﬂuvium
655 1725 871 1760 pertransierunt
894 1725 969 1759 pede.
987 1734 996 1750 ι

217 1771 279 1799 Haec
303 1779 385 1806 porro
408 1772 436 1799 in
458 1771 571 1799 historia
597 1771 746 1806 Scriptura:
773 1771 898 1798 feruntur
917 1780 923 1798 :
939 1778 999 1806 quae

215 1818 352 1852 gentibus,
367 1820 459 1852 utpote
473 1816 672 1852 ignorantibus,
694 1817 851 1844 necessario
863 1823 997 1843 enarran-

216 1867 271 1893 tur.
295 1867 324 1889 ut
339 1862 474 1895 ediscant,
488 1870 549 1889 eum
571 1862 617 1897 qui
643 1862 706 1889 olim
728 1863 843 1897 populus
861 1862 907 1889 Dei
927 1867 995 1893 erat.

216 1908 243 1935 in
259 1909 388 1935 servitute
403 1907 591 1943 Egyptiorum
608 1908 753 1943 aliquando
765 1909 858 1941 fuisse,
876 1914 903 1936 et
914 1908 997 1944 Egy-

216 1954 311 1989 ptiacaa
327 1954 486 1981 idololatriae
511 1954 681 1989 subjectum;
700 1954 748 1982 sed
771 1954 854 1982 Deum
877 1962 927 1988 pro
942 1955 996 1982 illis

215 2008 311 2034 magna
329 2003 356 2027 et
378 2000 510 2027 terribilia
526 2000 654 2032 edidisse,
671 2000 803 2028 divinitus
822 2001 928 2028 scilicet
945 2001 996 2028 im-

215 2046 308 2074 missis
327 2046 413 2082 plagis
428 2045 570 2082 Egyptios
593 2047 762 2079 verberasse,
786 2047 930 2082 ipsumque
947 2055 995 2082 po-

215 2092 307 2125 pulum
324 2099 339 2118 a
353 2091 411 2119 dira
424 2093 555 2120 servitute
567 2093 708 2120 liberasse.
723 2093 785 2120 Haec
801 2095 899 2128 quippe
916 2097 995 2121 erant

214 2137 348 2164 terribilia
364 2136 411 2164 Dei
423 2145 520 2172 opera'
536 2145 624 2172 neque
638 2142 742 2165 tantum
758 2146 790 2165 ea
801 2138 838 2165 ibi
851 2138 933 2170 edita.
946 2139 993 2166 sed

214 2182 295 2208 etiam
313 2182 341 2209 in
356 2182 425 2209 mari
441 2181 553 2210 Rubro:
567 2190 620 2217 quo
636 2183 663 2210 in
679 2183 783 2209 aridam
798 2187 911 2215 mutato,
928 2191 993 2211 suos

213 2227 323 2262 quidem
340 2228 450 2262 eripuit,
471 2228 569 2263 impios
586 2236 650 2256 vero
670 2230 696 2256 in
721 2229 884 2264 profundum
900 2230 991 2264 perni-

214 2273 266 2300 ciei
281 2273 408 2307 coniecit.
429 2272 492 2302 Haec
508 2274 608 2305 edocti.
621 2274 703 2302 heus!
718 2282 777 2307 vos,
796 2276 894 2309 inquit,
911 2275 994 2302 conﬁ-

214 2319 279 2351 dite.
300 2327 332 2347 ac
355 2320 457 2347 credite
480 2328 540 2347 eum
563 2321 609 2355 qui
636 2322 698 2347 talia
728 2329 775 2355 pro
800 2321 919 2356 antiquis
941 2321 993 2349 illis

213 2369 340 2399 operatus
355 2369 406 2396 est,
423 2373 475 2391 non
498 2367 626 2400 imparem
645 2366 764 2393 futurum
781 2366 814 2393 ad
831 2366 928 2393 similia
944 2374 993 2401 pro

213 2409 291 2436 Vobis
307 2410 418 2445 agentia.
435 2410 523 2442 Quare
542 2422 550 2436 ι
567 2412 654 2439 \cnite
668 2417 694 2439 et
710 2412 796 2439 videte
811 2420 891 2446 opera
909 2412 965 2445 Dei,
981 2422 990 2438 ι

214 2462 294 2489 quam
322 2456 451 2483 terribilis
478 2457 512 2483 sit
530 2467 538 2482 (
555 2458 581 2484 in
608 2458 731 2485 consiliis
751 2466 798 2492 pro
824 2458 885 2485 ﬁliis
907 2459 993 2485 homi-

213 2508 289 2527 num.
307 2510 315 2523 ι
332 2500 471 2528 Convertit
486 2502 566 2536 igitur
585 2510 659 2529 mare
674 2503 701 2529 in
715 2502 817 2529 aridam
832 2512 838 2535 ;
853 2507 878 2530 et
895 2505 920 2528 in
932 2502 992 2529 Jor—

212 2546 282 2573 dane
303 2546 385 2573 ﬂuvio
401 2548 452 2574 alia
474 2549 596 2582 quzcdam
613 2548 744 2575 terribilia
763 2555 845 2582 opera
868 2549 992 2583 designa-

212 2592 262 2622 vit.
287 2592 395 2627 quando
417 2593 536 2620 demisso
561 2593 672 2620 ﬂumine
693 2594 808 2627 pedibus
829 2594 992 2628 perlransie-

213 2642 288 2668 runt.
303 2638 348 2672 qui
363 2646 394 2665 ex
417 2639 524 2666 deserto
539 2639 571 2665 ad
589 2638 668 2665 istam
683 2644 784 2666 terram
809 2645 989 2667 accesserant.

212 2684 281 2717 Ipsis
305 2684 387 2718 igitur
401 2685 551 2718 iisdemque
573 2685 766 2713 calceamentis
790 2687 843 2717 usi,
864 2686 991 2713 conﬁdite

213 2729 301 2764 ipsum
317 2729 399 2757 Deum
415 2730 570 2765 spirituales
583 2730 735 2767 Agyptios,
748 2732 884 2760 daemones
895 2740 992 2767 nempe

212 2776 355 2810 malignos,
380 2777 428 2811 qui
449 2776 526 2813 olim_
539 2778 644 2807 aaimas
665 2782 769 2807 vestras
787 2781 813 2806 in
832 2779 989 2807 servitutem

247 2862 269 2878 “
281 2862 380 2898 Ephes.
395 2872 425 2896 ll,
441 2864 484 2892 l7.

1052 1585 1147 1620 ρεῖται.
1161 1584 1225 1611 Τίνα
1237 1584 1265 1610 δὲ
1275 1585 1369 1617 ταῦτα,
1384 1585 1503 1618 ἐπιλέγει
1515 1585 1577 1619 ἑξῆς
1587 1593 1594 1600 ·
1611 1594 1620 1610 ι
1641 1586 1669 1612 Ὁ
1683 1586 1830 1622 μεταστρέ-

1050 1638 1107 1664 φων
1130 1630 1179 1665 τήν
1205 1629 1341 1658 θάλασσαν
1364 1631 1403 1662 εἰς
1424 1630 1508 1666 ξηράν
1521 1638 1527 1644 ·
1546 1631 1574 1656 ἐν
1592 1631 1706 1667 ποταμῷ
1731 1632 1830 1659 διελεύ-

1050 1684 1140 1702 σονται
1157 1676 1227 1703 ποδί.
1246 1686 1255 1702 ι
1283 1676 1362 1703 Κατὰ
1382 1677 1410 1703 δὲ
1422 1677 1467 1703 τὸν
1481 1677 1636 1712 Σύμμαχον·
1661 1687 1669 1702 ι
1683 1678 1830 1710 Μετέϐαλε,

1049 1723 1126 1757 φησὶ,
1149 1723 1198 1758 τὴν
1221 1722 1357 1750 θάλασσαν
1377 1724 1416 1755 είς
1446 1723 1545 1759 ξηράν·
1567 1723 1688 1759 ποταμὺν
1706 1724 1829 1760 διέϐησαν

1049 1769 1119 1795 ποδί.
1131 1779 1140 1794 ι
1160 1768 1251 1796 Ταῦτα
1261 1769 1290 1795 δὲ
1306 1769 1417 1804 φέρεται
1430 1771 1459 1796 ὲν
1474 1771 1507 1806 τῇ
1524 1770 1573 1806 τῆς
1587 1770 1705 1806 ἱστορίας
1720 1772 1811 1807 γραφῇ
1822 1780 1828 1786 ·

1047 1815 1065 1842 ἃ.
1081 1815 1113 1850 δὴ
1125 1815 1281 1849 ἀναγκαίως
1297 1815 1335 1847 ὡς
1354 1815 1391 1851 μή
1402 1816 1484 1843 εἰδόσι
1504 1818 1558 1848 τοῖς
1577 1816 1679 1844 ἔθνεσιν
1695 1816 1829 1851 ἀπαγγέλ-

1047 1862 1132 1893 λεται,
1147 1861 1184 1892 ὼς
1195 1861 1227 1887 ἂν
1244 1861 1365 1896 μάθοιεν,
1376 1862 1416 1888 ὅτι
1432 1862 1479 1889 καὶ
1489 1864 1503 1889 6
1516 1862 1599 1889 πάλαι
1623 1862 1671 1889 τοῦ
1689 1862 1755 1889 Θεοῦ
1769 1862 1830 1894 λαὸς

1046 1905 1079 1943 ἦν
1094 1917 1159 1934 ποτε
1176 1908 1334 1942 Αἰγυπτίοις
1346 1908 1552 1945 δεδουλωμένος,
1564 1909 1611 1936 καὶ
1627 1910 1660 1945 τῇ
1680 1909 1765 1944 πλάνῃ
1781 1908 1829 1943 τῆς

1046 1953 1234 1987 Αἰγυπτιακῆς
1246 1953 1465 1990 εἰδωλολατρείας
1479 1954 1634 1989 ὑπηγμένος
1643 1962 1649 1968 ·
1665 1953 1722 1979 ἀλλ’
1737 1953 1828 1988 εἴργα-

1047 2007 1107 2025 σται
1119 1998 1188 2034 ὑπὲρ
1204 1999 1293 2025 αὐτῶν
1304 2000 1317 2026 6
1329 1999 1394 2031 Θεὸς
1410 1999 1515 2034 μεγάλα
1529 1999 1575 2025 καὶ
1589 1997 1701 2032 φοϐερὰ,
1715 1997 1828 2032 πληγαῖς

1048 2045 1096 2080 μὲν
1111 2046 1174 2077 τοὺς
1189 2046 1353 2080 Αἰγυπτίους
1367 2046 1507 2081 θεηλάτοις
1525 2044 1665 2079 μαστίξας,
1687 2043 1785 2074 αὐτοὺς
1801 2043 1830 2069 δὲ

1043 2092 1093 2126 τῆς
1117 2092 1218 2128 πικρᾶς
1245 2092 1365 2123 δουλείας
1390 2090 1582 2126 ἐλευθερώσας.
1606 2089 1698 2116 Ταῦτα
1721 2090 1775 2125 γὰρ
1795 2089 1828 2125 ἦν

1043 2137 1076 2163 τὰ
1093 2137 1195 2173 φοϐερὰ
1211 2137 1257 2164 τοῦ
1268 2137 1335 2163 Θεοῦ
1351 2136 1429 2172 ἔργα,
1440 2137 1471 2163 οὐ
1483 2136 1561 2171 μόνα,
1574 2136 1641 2163 ἀλλὰ
1653 2137 1699 2163 καὶ
1719 2137 1764 2163 ἐπὶ
1780 2136 1829 2171 τῆς

1043 2183 1180 2219 θαλάσσης
1193 2183 1242 2218 τῆς
1268 2182 1417 2218 Ἐρυθρᾶς·
1435 2183 1468 2218 ἠν
1484 2183 1523 2214 εἰς
1548 2182 1632 2218 ξηρὰν
1658 2182 1826 2218 μεταϐαλὼν,

1009 2220 1029 2246 D
1044 2229 1155 2256 διέσωσε
1179 2229 1227 2264 μὲν
1253 2228 1315 2260 τοὺς
1332 2229 1466 2261 οἰκείους,
1483 2229 1546 2260 τοὺς
1570 2229 1597 2256 δὲ
1624 2229 1731 2261 ἀσεϐεῖς
1754 2229 1827 2265 βυθῷ

1044 2277 1198 2312 παρέδωκεν
1225 2276 1374 2308 ἀπωλείας.
1405 2277 1496 2303 Ταῦτα
1519 2277 1547 2304 δὲ
1580 2278 1760 2313 μανθάνοντες
1774 2297 1780 2309 ,
1805 2274 1827 2303 ὦ

1042 2320 1124 2356 οῦτοι,
1140 2324 1216 2359 φησὶ,
1230 2322 1365 2359 θαρσεῖτε,
1383 2324 1562 2356 πιστεύοντες,
1579 2324 1619 2350 ὅτι
1633 2325 1647 2351 6
1659 2324 1694 2351 τὰ
1710 2324 1827 2351 τοσαῦτα

1042 2369 1229 2404 ἐργασάμενος
1249 2369 1294 2395 ἐπὶ
1312 2369 1367 2395 τῶν
1389 2369 1585 2396 παλ.αιῶνόὑκ
1612 2369 1770 2405 ἀδυνατήσει
1792 2369 1826 2396 τὰ

1042 2415 1122 2449 ὅμοια
1137 2416 1184 2442 καί
1201 2416 1242 2450 ἐφ’
1260 2414 1336 2450 ὑμῶν
1352 2414 1640 2451 καταπράξασθαι.Διδ
1659 2424 1668 2440 ι
1686 2414 1762 2441 δεῦτε
1779 2424 1826 2441 και

1043 2459 1111 2485 ἴδετε
1125 2459 1159 2486 τὰ
1174 2460 1241 2496 ἔργα
1252 2459 1298 2486 τοῦ
1310 2460 1389 2492 Θεοῦ,
1403 2461 1465 2491 νὼς
1481 2460 1595 2495 φοϐερός
1606 2460 1678 2485 ἔστιν
1696 2469 1705 2484 ‹
1719 2460 1747 2486 ἐν
1763 2459 1825 2494 βου-

1042 2504 1101 2537 λαῖς
1117 2505 1188 2540 ὑπὲρ
1201 2506 1264 2537 τοὺς
1280 2506 1354 2537 υἰοὺς
1383 2505 1436 2532 τῶν
1452 2504 1612 2540 ἀνθρώπων.
1627 2514 1635 2530 ›
1652 2503 1824 2539 Μετέστρεςνε

1042 2551 1106 2584 γοῦν
1124 2550 1173 2586 τὴν
1190 2551 1325 2579 Θάλασσαν
1340 2553 1380 2582 εἰς
1391 2551 1491 2587 ξηράν·
1507 2552 1554 2578 καὶ
1564 2551 1610 2577 ἐπὶ
1623 2551 1669 2577 τοῦ
1693 2550 1824 2585 Ἰορδάνου

1041 2598 1069 2624 δὲ
1084 2597 1204 2633 ποταμοῦ
1223 2597 1292 2625 ἀλλα
1311 2598 1372 2624 τινὰ
1398 2597 1501 2633 φοϐερὰ
1521 2596 1647 2631 θαύματα
1666 2595 1822 2631 εἰργάσατο,

1041 2646 1085 2672 ὅτε
1100 2645 1206 2681 διῆλθον
1223 2647 1279 2677 τοῖς
1297 2645 1390 2677 ποσὶν,
1408 2643 1604 2675 ὑποσταλέντος
1619 2643 1666 2670 τοῦ
1688 2642 1822 2678 ποταμοῦ,

1041 2692 1065 2718 οί
1081 2691 1134 2718 ἀπὺ
1157 2691 1207 2726 τῆς
1231 2691 1333 2726 ἐρήμου
1359 2690 1502 2725 παριόντες
1525 2690 1571 2715 ἐπὶ
1591 2689 1667 2724 τήνδε
1693 2688 1740 2723 τήν
1759 2688 1821 2722 γῆν.

1041 2736 1150 2767 Τούτοις
1166 2735 1198 2771 δὴ
1221 2733 1267 2761 οὖν
1284 2735 1375 2766 αὐτοῖς
1392 2734 1543 2770 ὑποδήμασι
1563 2734 1742 2769 χρησάμενοι,
1758 2732 1822 2768 θαρ-

1042 2782 1123 2815 σεῖτε,
1139 2781 1176 2812 ὡς
1198 2781 1244 2808 καὶ
1268 2781 1328 2813 τοὺς
1353 2781 1499 2817 ὑμετέρους
1523 2781 1633 2815 νοητοὺς
1646 2779 1820 2814 Αἰγυπτίους,
