4090 6380
402 364 506 419 635
1529 358 2030 416 COMMENTARIA
2071 357 2135 414 ΙΝ
2176 356 2513 412 PSALMOS.
3518 353 3620 408 634

401 476 658 548 δαίμονας
691 477 960 548 πονηροὺς
985 517 998 541 ,
1032 476 1155 538 τοὺς
1205 476 1366 529 πάλαι
1420 475 1957 529 καταδυναστεὺοντω

2083 473 2421 544 redigebant,
2459 473 2831 543 expulsurum.
2871 470 3093 526 Etiamsi
3131 489 3276 529 mare
3311 475 3442 528 illud
3475 476 3650 530 homi-

403 568 508 622 τῶν
553 567 830 639 ὑμετέρων
861 566 1067 638 ψυχῶν,
1097 565 1358 620 ἁπελάσει
1397 568 1424 618 6
1457 566 1616 629 αὑτὸς
1663 567 1813 630 Θεὸς.
1860 563 1957 619 Κᾶη

2082 581 2212 620 num
2247 563 2502 619 ﬂuctibus
2527 564 2874 629 intumescat,
2900 565 3116 619 etiamsi
3151 567 3432 621 atheorum
3463 576 3518 623 et
3550 569 3654 623 ἰιη⁴

400 659 640 733 κυμαίνῃ
678 658 732 710 δὲ
767 661 800 730 ἡ
844 659 952 711 τῶν
995 658 1299 728 ἀνθρώπων
1335 657 1608 722 Θάλασσα,
1658 659 1760 712 κᾶν
1794 661 1822 712 6
1869 656 1957 710 τῶι

2081 656 2295 723 piorum
2347 670 2520 725 genus
2558 654 2756 710 ﬂuctus
2806 663 2859 710 et
2907 655 3149 726 pericula
3181 657 3334 713 vobis
3388 660 3646 722 suscitet;

399 752 575 805 ἀθέων
635 752 728 805 καὶ
780 751 993 806 ἀσεϐῶν
1049 752 1162 822 βίος
1219 751 1492 815 κλύδωνας
1547 752 1641 804 καὶ
1703 751 1957 805 κινδύνου‹

2079 746 2336 800 confidite
2366 753 2569 810 tamen,
2617 760 2740 800 cum
2773 750 3077 816 exemplum
3110 747 3263 801 vobis
3291 751 3650 818 conspicuum

399 843 586 916 ἐγείρῃ
620 843 740 896 καθ’
774 843 927 914 ὑμῶν
954 861 966 874 ·
1003 843 1251 916 θαρσεῖτε
1291 845 1467 914 ὑμεῖς,
1503 843 1729 916 ἐναργὲς
1763 843 1957 914 ἔχοντες

2077 838 2360 904 oﬂ'eratur,
2391 853 2543 894 mare
2567 839 2778 894 scilicet
2804 839 2930 892 olim
2968 855 3186 895 versum
3214 841 3269 894 in
3304 841 3529 898 aridam.
3557 842 3648 896 Sic

399 933 704 1005 ὑπόδειγμα
722 935 819 1007 τὴν
842 935 1009 992 πάλαι
1032 939 1361 1007 στραφεῖσαν
1394 936 1665 990 θάλασσαν
1680 938 1759 1000 είς
1781 937 1951 1008 ξηράν

2078 935 2277 1004 quippe
2304 933 2460 989 vobis
2485 933 2793 1004 expeditus,
2832 949 2896 988 ac
2942 935 3092 988 nullo
3124 935 3282 990 obice
3319 935 3648 992 interclusus

396 1025 579 1090 Οὑτως
623 1027 730 1100 γὰρ
757 1029 851 1081 καὶ
908 1030 1035 1100 ὑμῖν
1066 1030 1240 1101 ὁμαλή
1270 1046 1352 1092 τις
1399 1029 1585 1093 ἔσται,
1635 1028 1729 1082 καὶ
1761 1030 1976 1100 ἀπαρα-

395 1116 700 1188 πόδιστοςὴ
734 1118 842 1170 ἀπὸ
875 1120 975 1189 τῆς
1021 1118 1228 1188 πλάνης
1257 1118 1395 1190 πρὸς
1423 1118 1520 1190 τὴν
1562 1117 1818 1190 ἀλήθειαν
1855 1119 1972 1172 διά-

393 1206 568 1274 ϐασις.
603 1212 665 1264 Εἰ
707 1211 764 1264 δὲ
799 1211 893 1265 καὶ
925 1211 1168 1283 ποταμόν
1198 1227 1327 1264 ποτε
1367 1211 1460 1264 τὸν
1497 1211 1764 1284 Ἰορδάνην
1794 1227 1972 1282 παρα-

395 1299 557 1368 δόξως
595 1302 806 1375 διῆλθον
840 1304 890 1356 οἱ
943 1303 1184 1369 παλαιοὶ,
1215 1303 1349 1357 ἀλλὰ
1380 1305 1476 1358 καὶ
1521 1303 1680 1376 ὑμεῖς
1724 1304 1971 1359 ἐντεῦθεν

393 1392 488 1466 ήδη
522 1379 966 1464 εὐαγγελίζεσθε,
1004 1396 1384 1466 γινώσκοντες,
1423 1397 1505 1452 ὅτι
1540 1399 1701 1470 ἡμεῖς
1737 1399 1891 1452 αὐτοὶ
1921 1401 1970 1452 ot

394 1485 560 1540 ταῦτα
589 1485 837 1555 λέγοντες
867 1489 962 1542 καὶ
984 1489 1141 1560 ὑμεῖς
1163 1490 1212 1542 οί
1235 1489 1525 1554 ἀκούοντες
1556 1510 1575 1542 ι
1602 1492 1717 1544 ἐκεῖ
1737 1491 1970 1564 εὐφραν-

393 1575 666 1648 θησόμεθα
699 1580 758 1632 ἐν
785 1579 954 1651 αὐτῷ.
1012 1602 1030 1632 ι
1069 1582 1232 1645 Ἐκεῖ,
1255 1581 1455 1653 δηλαδὴ
1487 1583 1544 1637 ἐν
1563 1581 1643 1653 τῷ
1679 1583 1968 1654 μνησθέντι

2074 1025 2178 1078 erit
2200 1027 2269 1080 ab
2302 1040 2489 1080 errore
2529 1023 2594 1078 ad
2633 1025 2913 1079 veritatem
2945 1026 3232 1082 transitus.
3265 1025 3422 1093 Quod
3455 1030 3499 1081 si
3528 1025 3648 1083 Jor-

2075 1115 2268 1172 danem
2291 1116 2513 1173 ﬂuvium
2542 1117 2752 1187 antiqui
2785 1117 2860 1170 illi
2884 1117 3260 1190 inexspectato
3282 1120 3443 1174 modo
3467 1127 3647 1173 trans-

2073 1210 2288 1276 ierunt;
2345 1216 2400 1263 at
2440 1223 2538 1265 vos
2588 1223 2806 1280 quoque
2856 1209 2959 1265 h‘oc
3001 1212 3252 1281 exemplo
3295 1210 3645 1282 Evangelium

2072 1302 2328 1372 excipite,
2363 1301 2601 1357 scientes
2629 1301 2774 1372 quod
2805 1310 2918 1356 tum
2963 1317 3064 1357 nos
3099 1303 3202 1371 ipsi
3242 1303 3335 1372 qui
3368 1302 3482 1357 haec
3508 1300 3638 1356 dici--

2072 1408 2216 1459 mus,
2244 1400 2374 1450 tum,
2392 1409 2489 1450 vos
2511 1396 2602 1463 qui
2630 1393 2854 1457 auditis,
2894 1413 2911 1445 ι
2938 1393 3014 1447 ibi
3045 1393 3352 1449 laetabimur
3381 1393 3435 1447 in
3455 1393 3596 1464 ipso.
3621 1409 3640 1443 ›

2071 1484 2170 1548 lbi,
2212 1485 2422 1540 scilicet
2463 1486 2519 1539 in
2551 1493 2854 1540 memorato
2882 1483 3070 1540 ﬂuvio.
3107 1485 3222 1540 Erit
3251 1492 3488 1554 tempus,
3516 1489 3642 1548 erit,

2072 1576 2316 1646 inquam,
2357 1590 2466 1644 quo
2493 1589 2592 1629 ceu
2623 1575 2691 1629 ad
2737 1575 3044 1630 convivium
3090 1582 3416 1644 apparantes
3463 1590 3542 1635 se,
3577 1574 3645 1628 ad

393 1669 636 1739 ποταμῷ.
681 1671 874 1723 Ἔσται
913 1669 1042 1743 γὰρ,
1074 1670 1229 1726 ἔσται
1257 1673 1467 1744 καιρὸς,
1505 1671 1629 1726 καθ’
1665 1672 1745 1737 ὃν,
1781 1673 1957 1746 ὥσπερ

2071 1669 2344 1724 lavacrum
2379 1667 2805 1739 regenerationis
2844 1667 3125 1730 accedent,
3163 1667 3229 1721 ad
3273 1667 3555 1738 mysticam
3587 1668 3644 1721 in

391 1761 467 1823 εἰς
496 1762 795 1832 συμπόσιον
837 1763 1414 1836 παρασκευαζόμενοι,
1451 1765 1543 1817 ἐπὶ
1587 1765 1813 1838 λουτροῦ
1863 1785 1957 1820 πα-

2067 1758 2308 1815 Jordane
2348 1757 2516 1812 ﬂuvio
2553 1755 2914 1828 peragendam
2948 1756 3194 1811 sordium
3241 1758 3639 1827 purgationem.

389 1828 726 1921 λιγγενεσίας
759 1828 1285 1926 ἀπαντήσουσινεςίς
1336 1857 1435 1928 τὴν
1487 1858 1545 1911 ἐν
1590 1857 1667 1929 τῷ
1721 1828 1957 1932 ’Ἰορδάνῃ

2069 1850 2162 1920 qui
2192 1849 2260 1905 ab
2303 1848 2622 1919 Egyptiaco
2654 1863 2842 1903 errore
2883 1847 3096 1902 liberati
3145 1855 3293 1902 sunt.
3341 1847 3436 1902 llis
3470 1862 3636 1917 porro

389 1945 618 2016 ποταμῷ
648 1949 916 2018 μυστικὴν
947 1948 1322 2020 ἀποκάθαρσιν
1361 1951 1409 2002 οἱ
1446 1950 1544 2020 τῆς
1588 1951 1957 2023 Αἰγυπτιακῆς

2069 1942 2410 2015 signiﬁcatur
2439 1943 2718 1996 lavacrum
2760 1939 3208 2012 regenerationis,
3245 1939 3390 2009 quod
3421 1941 3490 1994 ab
3517 1939 3641 1992 Jor-

388 2035 828 2110 ελευθεροὺμενοι
875 2041 1100 2110 πλάνης.
1157 2042 1418 2112 Σημαίνει
1465 2042 1522 2095 δὲ
1569 2043 1660 2097 διὰ
1702 2043 1957 2097 τούτωνό

2067 2039 2207 2093 dane
2255 2034 2419 2092 ﬂuvio
2484 2037 2705 2106 incepit,
2767 2050 2890 2088 cum
2943 2032 3181 2088 Joannes
3241 2033 3483 2103 Baptista
3545 2031 3644 2086 Juo

386 2129 536 2198 λόγος
559 2129 620 2182 τὸ
653 2131 876 2204 λουτρὸν
906 2133 1002 2203 τῆς
1036 2133 1477 2202 παλιγγενεσίας,
1522 2133 1828 2206 ἀρξάμενον
1859 2136 1957 2188 άπὲ

2066 2131 2235 2186 datam
2269 2137 2634 2200 percurreret,
2664 2127 2966 2198 praedicans
3006 2126 3336 2195 baptismum
3367 2125 3638 2196 pmnitcn~

389 2221 472 2277 τοῦ
503 2224 762 2295 Ἰορδάνου
785 2226 1050 2297 ποταμοῦ,
1075 2226 1314 2296 ὁπηνίκα
1335 2229 1363 2279 6
1385 2227 1691 2298 Βαπτιστὴς
1717 2228 1957 2300 Ἰωάννης

2066 2222 2174 2286 tiae,
2209 2236 2509 2291 omnesque
2537 2235 2661 2274 cum
2692 2218 2914 2274 Graacos
2947 2227 3062 2272 tum
3092 2216 3310 2273 Judazos
3332 2217 3641 2271 admitteret

385 2317 437 2368 ἐν
474 2319 538 2386 τῇ
573 2318 766 2388 ἐρήμῳ
806 2320 904 2390 τῆς
961 2319 1218 2383 Ἰουδαίας
1258 2318 1496 2390 παρῄει,
1529 2320 1820 2391 κηρύσσων
1866 2320 1957 2391 βά-

2065 2316 2133 2372 ad
2183 2315 2588 2371 confessionem
2648 2313 3166 2369 delictorum:cum
3214 2315 3331 2381 ipse
3385 2309 3642 2366 Servator

385 2424 586 2479 πτισμα
622 2412 931 2480 μετανοίας,
961 2412 1217 2482 προσίετό
1243 2430 1302 2465 τε
1331 2411 1538 2474 πάντας
1569 2411 1836 2483 ’Έλληνας
1870 2413 1957 2467 καὶ

2062 2416 2118 2464 et
2150 2407 2411 2461 Dominus
2431 2413 2618 2461 noster
2641 2412 2850 2472 astans,
2875 2403 3054 2475 ipsum
3083 2402 3307 2458 ﬂuvium
3331 2402 3516 2457 divino
3539 2417 3642 2457 suo

391 2499 677 2563 Ἰουδαίους
695 2503 789 2555 ἐπὶ
814 2504 912 2574 τὴν
935 2503 1322 2576 ἐξομολόγησιν
1340 2503 1448 2557 τῶν
1465 2504 1928 2576 παραπτωμάτων
1945 2520 1957 2534 ·

385 2591 466 2644 ὅτε
499 2592 593 2644 καὶ
644 2592 804 2656 αὑτὸς
831 2596 859 2647 6
909 2595 1099 2666 Σωτὴρ
1146 2595 1242 2648 καὶ
1285 2594 1490 2666 Κύριος
1535 2593 1691 2665 ἡμῶν
1735 2596 1963 2660 ἐπιστὰς

387 2681 469 2735 τὸν
500 2683 662 2736 αὑτὸν
686 2684 1000 2755 ,κατηξίωσε
1025 2686 1268 2758 ποταμὸν
1299 2687 1397 2757 τῆς
1423 2685 1610 2758 θεῖκῆς
1636 2685 1800 2740 αὑτοῦ
1837 2689 1960 2740 ἐπι-

383 2773 613 2838 ϐάσεως.
659 2777 749 2829 Διὸ
781 2780 840 2830 ἐν
878 2783 990 2842 τοῖς
1034 2779 1414 2851 προκειμένοις
1438 2779 1720 2835 λέλεκται’
1756 2799 1776 2832 ι
1816 2781 1963 2835 Ἐκεῖ

384 2868 868 2940 εὑφρανθησόμεθα
901 2872 959 2924 ἐν
990 2872 1158 2942 αὑτῷ.
1210 2890 1229 2923 ι
1268 2871 1459 2926 Ἔνθεν
1487 2873 1711 2937 εἰκότως
1737 2872 1798 2926 τὸ
1829 2874 1962 2927 αὑτὸ

386 2961 718 3030 προφητικὸν
748 2963 962 3034 πνεῦμα
999 2962 1088 3016 διὰ
1120 2964 1342 3017 Ἡσαΐου
1368 2964 1468 3036 τὴν
1494 2964 1698 3037 ἔρημον
1731 2967 1960 3035 εὐαγγε-

380 3050 658 3122 λιζόμενον
682 3054 774 3106 καὶ
803 3054 968 3108 αὑτοῦ
1002 3056 1224 3127 μνήμην
1247 3056 1537 3128 πεποίηται
1565 3057 1661 3110 τοῦ
1695 3058 1956 3130 Ἰορδάνου

2064 2499 2211 2555 aditu
2259 2497 2518 2568 dignatus
2545 2502 2650 2552 est.
2695 2493 3040 2566 Quapropter
3069 2509 3237 2564 supra
3259 2493 3466 2548 dictum
3506 2501 3590 2548 est
3621 2511 3636 2547 ς

2068 2610 2086 2642 ι
2118 2589 2196 2645 lbi
2233 2589 2539 2645 laetabimur
2573 2588 2628 2642 in
2676 2589 2813 2657 ipso.
2849 2604 2868 2638 ι
2904 2584 3061 2641 Unde
3101 2592 3156 2639 et
3191 2584 3389 2640 merito
3421 2585 3639 2654 quidem

2063 2685 2204 2739 idem
2245 2681 2597 2754 propheticus
2635 2678 2884 2750 Spiritus,
2933 2677 3024 2732 ubi
3068 2676 3287 2732 deserto
3317 2691 3412 2746 per
3442 2674 3638 2731 Isaiam

2063 2774 2239 2830 fausta
2276 2773 2582 2834 denuntiat,
2618 2771 2792 2841 ipsius
2839 2767 3096 2824 Iordanis
3129 2767 3458 2823 mentionem
3507 2765 3638 2822 facit

2060 2869 2286 2923 dicens:
2317 2885 2335 2918 ι
2366 2865 2595 2928 Laetare,
2627 2864 2904 2920 desertum
2948 2863 3177 2929 sitiens;
3207 2859 3305 2916 sed
3338 2860 3505 2915 etiam
3535 2875 3630 2914 ex-

2059 2961 2224 3015 sultet
2270 2959 2530 3022 solitudo,
2563 2964 2619 3012 et
2656 2955 2846 3012 ﬂoreat
2886 2956 3047 3025 quasi
3097 2953 3271 3008 lilium
3301 2971 3313 3006 :
3348 2959 3402 3007 et
3425 2950 3636 3006 eﬂlore-

2060 3063 2215 3108 scent
2237 3059 2292 3108 et
2315 3050 2668 3107 exsultabunt
2685 3048 2902 3104 deserta
2923 3045 3200 3101 Iordanis.
3218 3042 3638 3106 Confortamini,

381 3144 534 3213 λέγον
555 3161 568 3174 ·
606 3163 623 3193 ι
656 3145 1027 3218 Εὐφράνθητι,
1056 3147 1261 3220 ἔρημος
1299 3148 1527 3218 διψῶσα·
1553 3149 1669 3204 ἀλλ’
1702 3149 1957 3218 ἀγαλλιά-

2062 3161 2258 3201 manus
2304 3145 2547 3200 remissae
2587 3151 2642 3199 et
2695 3156 2870 3212 genua
2901 3139 3207 3204 dissoluta;
3253 3135 3637 3200 consolatnini,

380 3235 489 3289 σθω
514 3236 735 3309 ἔρημος,
754 3239 844 3292 καὶ
867 3239 1097 3294 ἀνθείτω
1114 3240 1188 3305 ὡς
1215 3241 1417 3314 κρίνον·
1449 3241 1542 3294 καὶ
1564 3241 1847 3314 ἐξανθήσει
1866 3243 1962 3296 καλ⁴

379 3329 478 3399 ἀγα
488 3330 760 3386 λλιάσεται
779 3332 846 3386 τὰ
861 3332 956 3406 ἕρη
966 3351 1042 3405 μα
1055 3333 1148 3388 τοῦ
1165 3335 1450 3408 Ἰορδάνου.
1469 3335 1608 3406 Ἰσχὺ
1616 3353 1765 3400 σατε,
1783 3338 1962 3409 χεῖρες

377 3422 674 3493 ἀνειμέναι,
706 3426 799 3480 καὶ
820 3427 1020 3494 γόνατα
1059 3428 1509 3499 παραλελυμένα·
1541 3429 1958 3501 παρακαλέσατε

376 3515 424 3568 οί
440 3515 748 3587 όλιγόψυχοι
767 3520 831 3588 τῇ
850 3519 1076 3590 διανοίᾳ.
1095 3516 1391 3589 Ἰσχύσατε,
1414 3521 1488 3592 μὴ
1501 3521 1770 3590 φοϐεῖσθε.
1791 3523 1918 3577 Ἰδοὺ
1931 3523 1959 3574 6

375 3605 505 3669 θεὸς
522 3609 553 3678 ὴ
564 3607 677 3677 μῶν
699 3608 876 3677 κρίσιν
893 3609 1350 3665 άνταποδέδωκενο
1374 3613 1534 3677 αὑτὸς
1551 3613 1673 3685 ἥξει
1689 3615 1780 3668 καὶ
1794 3614 1957 3673 σώσει

377 3700 542 3771 ἡμᾶς.
572 3699 705 3752 Τότε
735 3699 1142 3772 ἀνοιχθήσονται
1169 3702 1436 3774 ὀφθαλμοὶ
1467 3704 1704 3774 τυφλῶν,
1729 3705 1822 3760 καὶ
1844 3701 1957 3760 ὦτα

376 3789 574 3858 κωφῶν
600 3791 941 3844 ἀκούσονται.
974 3792 1106 3844 Τάιε
1136 3793 1342 3846 ἁλεῖται
1366 3793 1442 3858 ὡς
1468 3794 1665 3864 ἔλαφος
1709 3799 1737 3849 6
1761 3797 1953 3868 χωλὸς,

374 3885 470 3937 καὶ
497 3883 667 3955 τρανὴ
700 3883 853 3936 ἔσται
887 3883 1108 3952 γλῶσσα
1149 3883 1453 3955 μογιλάλων
1477 3902 1490 3915 ⁸
1524 3886 1606 3938 ὅτι
1638 3886 1848 3958 ἐρράγη
1895 3889 1954 3940 ἐν

273 3995 285 4005 ·
373 3979 436 4048 τῇ
465 3977 656 4048 ἐρήμῳ
679 3975 823 4045 ὕδωρ
842 4016 857 4039 ,
889 3977 984 4030 καὶ
1013 3975 1230 4049 φάραγξ
1257 3978 1315 4029 ἐν
1339 3978 1410 4048 γῇ
1439 3975 1666 4050 διψώσῃ.
1693 3997 1712 4030 ι
1737 3979 1953 4051 Ταύτην

371 4069 707 4125 διαλέλεκται
751 4073 842 4125 ἐπὶ
873 4070 967 4124 τοῦ
1009 4071 1305 4142 παρόντος
1347 4089 1366 4123 ι
1405 4071 1552 4125 Ἐκεῖ
1583 4072 1954 4144 εὑφρανθησό-

374 4162 514 4233 μεθα
545 4164 604 4217 ἐν
633 4163 781 4234 αὑτῷ
803 4182 815 4193 ·
851 4184 869 4216 t
902 4164 938 4218 ἃ.
968 4165 1032 4234 δὴ
1063 4163 1367 4235 ἐπληροῦτο
1399 4163 1542 4218 κατὰ
1573 4164 1672 4235 τὴν
1706 4164 1800 4218 τοῦ
1842 4166 1952 4218 Σω-

371 4256 536 4328 τῆρος
569 4255 725 4328 ήμῶν
758 4258 838 4320 είς
858 4255 952 4309 ἀνθ
965 4255 1176 4328 ρώπους
1207 4255 1544 4325 θεοφάνειαν.
1581 4256 1772 4310 Ἔνθεν
1811 4255 1950 4309 εἰκό-

2071 3239 2161 3310 qui
2199 3247 2377 3293 mente
2405 3235 2783 3308 pusillanimes
2819 3233 2976 3290 estis.
3017 3228 3441 3295 Confortamini,
3471 3229 3641 3282 nolite

2072 3333 2284 3387 timere.
2326 3329 2468 3385 Ecce
2508 3327 2653 3384 Deus
2684 3334 2871 3382 noster
2903 3323 3173 3400 judicium
3206 3321 3497 3376 retribuit:
3525 3320 3639 3388 ipse

2067 3426 2249 3483 veniet
2279 3431 2334 3479 et
2361 3421 2592 3478 salvabit
2619 3435 2741 3476 nos.
2777 3417 2933 3474 Tunc
2961 3415 3274 3487 aperientur
3299 3413 3445 3468 oculi
3470 3427 3640 3466 caco-

2067 3533 2212 3582 rum,
2246 3522 2301 3572 et
2331 3529 2496 3570 aures
2516 3510 2806 3569 surdorum
2838 3509 3080 3564 audient.
3119 3504 3274 3559 Tunc
3301 3502 3639 3582 salietquasi

2065 3619 2261 3660 cervus
2287 3602 2537 3664 claudus,
2571 3609 2625 3654 et
2657 3601 2841 3671 lingua
2876 3597 3288 3652 balbutientium
3320 3593 3470 3648 clara
3494 3593 3596 3647 erit
3622 3609 3636 3644 :

2063 3696 2193 3767 quia
2227 3703 2422 3764 erupta
2453 3705 2536 3750 εει
2574 3693 2632 3747 in
2652 3691 2870 3748 deserto
2891 3705 3054 3760 aqua,
3086 3697 3141 3742 et
3170 3695 3384 3741 torrens
3411 3684 3466 3738 in
3491 3693 3640 3738 terra

2064 3787 2270 3843 sitienti
2295 3785 2362 3838 ⁸³.
2403 3805 2423 3836 ι
2455 3783 2532 3840 De
2559 3783 2663 3838 hoc
2691 3782 2934 3852 loquitur
2966 3781 3022 3834 in
3053 3778 3306 3849 praesenti
3333 3792 3348 3830 :
3382 3796 3399 3828 ι
3431 3775 3511 3832 lbi
3548 3778 3638 3830 la:-

2063 3878 2302 3934 tahimur
2331 3876 2386 3931 in
2417 3874 2558 3946 ipso.
2592 3892 2612 3924 ι
2649 3871 2784 3939 Quae
2814 3871 2870 3926 in
2903 3868 3092 3926 divino
3124 3867 3434 3924 Servatoris
3458 3867 3633 3923 nostri

2061 3970 2130 4024 ad
2172 3967 2422 4023 homines
2473 3963 2709 4018 adventu
2766 3961 2990 4031 impleta
3034 3967 3186 4015 sunt.
3220 3957 3379 4014 Unde
3429 3959 3636 4014 merito

2061 4075 2301 4132 praesens
2329 4058 2573 4130 psalmus
2595 4070 2784 4112 omnes
2803 4061 2993 4124 gentes
3015 4050 3355 4121 compellans
3378 4049 3590 4106 dicebat
3617 4066 3634 4105 :

2064 4171 2083 4204 ι
2114 4151 2306 4208 Venite
2345 4159 2399 4208 et
2434 4149 2615 4204 videte
2658 4161 2826 4218 opera
2859 4143 2988 4210 Dei;
3021 4162 3040 4194 ι
3073 4156 3138 4198 ac
3186 4157 3408 4198 rursum
3438 4160 3451 4195 :
3490 4161 3508 4194 ι
3538 4140 3635 4194 Βι-

2057 4249 2167 4303 cite
2213 4245 2324 4302 Deo
2366 4243 2584 4310 :Quam
2636 4238 2900 4296 terribilia
2945 4244 3077 4292 sunt
3127 4249 3294 4306 opera
3349 4235 3473 4289 tua!
3507 4253 3526 4286 ι
3573 4233 3635 4288 Et

369 4326 478 4410 τως
503 4347 532 4399 ό
569 4326 759 4418 παρὼν
793 4326 1006 4416 ψαλμδς
1041 4345 1213 4399 ἅπασι
1243 4348 1361 4409 τοῖς
1393 4345 1572 4399 ἔθνεσι
1612 4345 1949 4417 προσφωνῶν

2062 4339 2214 4394 valde
2246 4343 2646 4407 consequenter
2675 4340 2966 4404 postquam
2993 4329 3239 4385 dixerat:
3277 4346 3296 4378 ι
3329 4326 3408 4382 lbi
3440 4327 3637 4382 laetabi-

371 4441 556 4510 ἔλεγε·
599 4460 617 4492 ι
646 4440 810 4494 Δεῦτε
863 4441 956 4494 καὶ
999 4439 1136 4492 ἴδετε
1165 4439 1236 4493 τὰ
1286 4440 1422 4512 ἔργα
1470 4439 1564 4493 τοῦ
1595 4439 1761 4492 Θεοῦ·
1797 4459 1814 4491 ι
1856 4440 1950 4493 καὶ

2062 4447 2181 4486 mur
2223 4433 2278 4485 in
2313 4431 2456 4500 ipso,
2488 4449 2506 4481 ι
2543 4427 2747 4483 infert:
2787 4443 2806 4478 ι
2841 4423 2945 4492 Qui
2975 4423 3290 4479 dominatur
3338 4422 3396 4475 in
3438 4420 3638 4474 virtute

372 4534 561 4588 πάλινο
596 4553 613 4586 ι
645 4533 850 4587 Εἴπατε
873 4533 950 4604 τῷ
978 4533 1125 4603 Θεῷ·
1170 4533 1257 4597 Ὡς
1282 4510 1490 4605 φοϐερὰ
1516 4533 1588 4586 τὰ
1611 4532 1746 4606 ἔργα
1771 4535 1896 4586 ceu!
1927 4553 1944 4584 ι

2062 4525 2273 4582 saeculo.
2309 4543 2326 4574 ι
2384 4521 2439 4576 ld
2479 4535 2699 4591 quoque
2749 4531 2916 4588 porro
2945 4515 3241 4585 intelligas,
3290 4510 3636 4568 Servatorem

371 4628 584 4700 Σφόδρα
605 4627 661 4681 δὲ
688 4601 995 4688 ἀκολούθως
1013 4601 1180 4679 εἰπών
1200 4642 1212 4654 ·
1244 4644 1262 4676 ι
1296 4601 1446 4678 Ἐκεῖ
1465 4601 1950 4697 εὐφρανθησόμεθα

2062 4616 2284 4670 audiens
2309 4613 2580 4669 dicentem
2613 4630 2624 4664 :
2666 4627 2684 4660 ι
2714 4607 2850 4660 Data
2893 4615 2978 4661 est
3012 4603 3145 4658 mihi
3177 4601 3360 4658 omnis
3389 4608 3636 4671 poteStas

371 4723 430 4776 ὲν
464 4719 630 4791 αὐτῷ,
661 4739 680 4770 ι
720 4719 972 4790 ἐπιφέρει
993 4735 1006 4749 ο
1031 4737 1049 4768 ι
1082 4717 1162 4788 Tr;
1224 4716 1539 4780 δεσπόζοντι
1588 4717 1647 4771 ἐν
1693 4718 1760 4786 τῇ
1793 4716 1950 4769 δυνα-

374 4814 528 4884 στείᾳ
586 4810 753 4866 αὑτοῦ
786 4811 879 4866 τοῦ
931 4810 1146 4873 αἰῶνος.
1193 4829 1212 4861 ι
1251 4810 1484 4880 Νοήσεις
1537 4808 1593 4862 δὲ
1647 4809 1740 4862 καὶ
1796 4807 1953 4862 τοῦτο

373 4903 538 4960 αὑτοῦ
571 4903 818 4972 λέγοντος
848 4902 1061 4956 ἁκούων
1098 4901 1193 4954 τοῦ
1241 4902 1520 4973 Σωτῆρος·
1554 4920 1572 4952 ι
1617 4899 1803 4970 Ἐδόθη
1862 4917 1950 4970 μοι

370 4998 520 5055 πᾶσα
543 4995 759 5061 ἐξουσία
782 4996 838 5048 ἐν
864 4992 1076 5066 οὐρανῷ
1097 4993 1192 5046 καὶ
1217 4993 1309 5046 ἐπὶ
1334 4993 1434 5062 τῆς
1457 4993 1559 5062 γῆς
1579 5009 1591 5021 °
1628 4990 1950 5062 πορεύοντες

377 5089 749 5161 μαθητεύσατε
778 5089 956 5142 πάντα
986 5089 1056 5142 τὰ
1109 5087 1235 5158 ἔθνη
1279 5088 1336 5138 ἐν
1378 5085 1456 5156 τῷ
1504 5084 1728 5155 ὀνόματί
1771 5101 1889 5155 μου.
1925 5103 1944 5135 t

373 5181 464 5234 Διὸ
495 5179 638 5234 κατὰ
663 5181 761 5252 μὲν
779 5181 870 5234 τὸν
886 5179 1117 5233 Ἀκύλαν
1145 5179 1359 5250 εἴρηται
1382 5194 1394 5207 ·
1427 5197 1444 5227 ι
1470 5174 1559 5245 Τῷ
1586 5173 1949 5240 ἐξουσιάζοντι

374 5274 431 5326 ἐν
455 5275 522 5344 τῇ
556 5273 841 5344 δυναστείᾳ
892 5272 1055 5326 αὑτοῦ
1097 5272 1161 5324 δι’
1195 5271 1410 5336 αἰῶνος.
1460 5289 1478 5321 ι
1528 5269 1637 5322 Καὶ
1676 5267 1850 5332 ἄλλως
1893 5267 1950 5320 δὲ

373 5365 860 5437 εὐφρανθησόμεθα
902 5367 959 5419 ἐν
990 5364 1140 5436 αὑτῷ
1190 5363 1297 5417 τῶν
1340 5359 1752 5434 προειρημένων
1783 5375 1950 5412 κατα-

377 5457 675 5522 ξιωθέντες.
706 5458 844 5510 Πότε
872 5456 928 5510 δέ
972 5454 1456 5529 εὑφρανθησὸμεθα
1475 5495 1489 5516 ,
1524 5453 1635 5506 ἀλλ’
1672 5449 1891 5505 ἐπειδὰν
1922 5452 1952 5502 6

379 5553 586 5625 μέλλων
634 5553 830 5623 ἐπιστῇ
884 5552 1057 5615 αἰὼν,
1105 5543 1166 5603 οὗ
1214 5548 1310 5620 τὴν
1355 5547 1669 5600 δεσποτείαν
1707 5545 1802 5598 καὶ⁴
1852 5543 1951 5615 τὴν

376 5647 620 5714 ἐξουσίαν
651 5645 757 5699 οὐδ’
785 5645 972 5716 ἕτερος
999 5643 1130 5709 ἓξει,
1157 5643 1189 5712 ἢ
1225 5641 1383 5713 μόνος
1409 5639 1570 5702 αὑτὸς
1604 5641 1631 5691 6
1665 5639 1764 5704 τὴν
1793 5637 1952 5690 δυνα-

449 5822 620 5880 "lsa.
653 5838 815 5885 xxxv,
848 5823 868 5876 ί
908 5823 961 5876 6.
1041 5822 1085 5853 ⁸⁰
1114 5819 1300 5873 Matth.
1337 5833 1530 5878 xxvm,
1575 5817 1657 5878 l8,
1694 5815 1769 5870 f9.

2055 4711 2109 4764 in
2140 4705 2280 4763 coelo
2308 4716 2364 4761 et
2389 4705 2445 4759 in
2478 4711 2645 4759 terra.
2673 4700 2881 4755 Euntes
2910 4697 3101 4753 docete
3142 4709 3334 4750 omnes
3364 4699 3554 4764 gentes
3581 4692 3634 4745 in

2053 4801 2276 4858 nomine
2323 4813 2446 4854 meo
2472 4797 2538 4850 ‘°.
2573 4815 2592 4848 ι
2626 4795 2810 4861 Quare
2860 4790 3163 4847 secundum
3207 4786 3461 4858 Aquilam
3493 4784 3632 4840 dici-

2053 4905 2180 4950 tur:
2211 4913 2230 4944 ‹
2262 4892 2368 4958 Qui
2403 4897 2722 4961 potestatem
2753 4885 2917 4940 habet
2959 4883 3013 4937 in
3039 4882 3240 4934 virtute
3271 4895 3368 4933 sua
3403 4893 3498 4948 per
3529 4893 3633 4931 sm-

2053 4989 2260 5043 culum.
2290 5005 2308 5037 ›
2353 4987 2503 5038 Alias
2537 4995 2754 5052 quoque
2782 4977 3085 5032 laatabimur
3127 4974 3180 5026 in
3218 4973 3355 5042 ipso,
3388 4971 3498 5040 jam
3531 4987 3631 5021 ηιρ-

2054 5080 2280 5134 moratis
2330 5077 2492 5132 bonis
2540 5073 2748 5130 donati.
2798 5069 3159 5136 Quandonam
3209 5063 3630 5121 exsultabimus,

2052 5169 2157 5223 nisi
2183 5182 2307 5222 cum
2342 5165 2582 5220 futurum
2627 5160 2888 5217 saeculum
2922 5155 3225 5217 advenerit,
3274 5153 3435 5222 cujus
3465 5151 3634 5206 domi-

2054 5268 2242 5316 natum
2297 5267 2352 5313 et
2399 5264 2720 5329 potestatem
2774 5253 2957 5307 nullus
3002 5251 3144 5305 alius
3198 5246 3485 5311 obtinebit,
3523 5245 3628 5298 nisi

2054 5355 2144 5409 ille
2169 5353 2263 5424 qui
2293 5353 2631 5407 dominatum
2657 5347 2879 5418 aPatre
2914 5345 3162 5414 accepit?
3207 5341 3363 5396 Nunc
3399 5339 3542 5394 enim
3577 5339 3630 5390 in

2054 5447 2306 5517 prmsenti
2343 5446 2545 5502 sarculo
2578 5442 2921 5514 principatus
2948 5447 3078 5495 sunt
3116 5437 3296 5499 multi,
3331 5439 3634 5505 potestates

2053 5548 2107 5594 et
2151 5537 2578 5602 dominationes,
2626 5533 2935 5606 spiritualia
2983 5531 3238 5602 nequitiae
3289 5534 3342 5582 et
3387 5533 3634 5580 rectores

2055 5627 2262 5683 mundi.
2311 5625 2465 5680 Tunc
2524 5641 2676 5690 vero,
2720 5633 3014 5696 postquam
3069 5619 3359 5676 sustulerit
3413 5629 3633 5671 omnem
