4090 6390
439 344 544 398 655

1143 337 1414 396 EUSEBII
1454 338 1931 397 CxESARlENSIS
1970 339 2119 397 OPP.
2162 338 2342 397 PARS
2383 340 2472 395 lll.
2502 368 2573 380 —
2597 338 3008 398 EXEGETICA.

3599 343 3706 402 656

441 457 825 529 principatum,
875 463 1200 526 potestatem
1252 464 1307 512 et
1349 457 1630 521 virtutem,
1685 457 1803 528 ipse
1859 458 2010 514 solus

2135 459 2298 512 ςτείαν
2343 459 2492 532 παρὰ
2524 459 2617 513 τοῦ
2649 460 2860 531 Πατρδς
2911 459 3182 531 είληφὼς;
3222 460 3336 513 Νυν
3365 459 3466 530 μὲν
3495 459 3604 533 γὰρ
3648 462 3708 516 ἐν
3731 514 3754 528 ν

442 550 726 620 imperium
766 547 1034 603 obtinebit
1085 547 1142 602 in
1191 549 1452 603 saeculum
1496 549 1652 614 illud,
1685 551 1738 604 in
1775 564 1884 620 quo
1927 550 2017 604 la:-

442 642 616 696 titiam
652 640 811 696 nobis
834 640 924 694 hic
959 655 1140 695 sermo
1172 641 1484 710 pollicetur.

2126 551 2203 622 τῷ
2239 553 2464 623 παρόντι
2505 553 2662 607 αἰῶνι
2708 554 2874 623 ἀρχαὶ
2912 553 3138 616 πολλαὶ,
3183 554 3276 606 καὶ
3329 551 3568 619 ἐξουσίαι
3615 538 3748 608 καῖ’*

2126 643 2481 715 κυριότητες,
2529 646 2623 696 καὶ
2655 644 3004 715 πνευματικὰ
3055 645 3318 716 πονηρίας
3363 644 3460 697 καὶ
3503 661 3709 715 κοσμο-

440 737 736 810 κράτορεςο
774 737 894 790 τότε
915 737 992 800 δέ,
1025 735 1113 788 ὅτε
1178 737 1503 808 καταργήσῃ
1538 737 1716 789 πᾶσαν
1752 736 1927 808 ἀρχὴν
1989 738 2084 792 καὶ
2123 738 2371 803 ἐξουσίαν
2426 741 2521 793 καὶ
2570 739 2829 812 δύναμιν,
2880 740 3039 811 μόνος
3090 741 3252 805 αὐτὸς
3284 740 3577 813 ἐξουσιάσῃ
3613 740 3708 795 τοῦ

442 834 656 899 αἰῶνος,
688 835 746 888 ἐν
775 825 820 902 ᾧ
856 833 1250 903 ἐπαγγέλλεται
1291 836 1418 905 ἡμῖν
1452 836 1480 886 ὁ
1507 833 1694 905 παρὼν
1727 833 1884 902 λόγος
1924 835 2022 905 τὴν
2063 835 2420 908 εὐφροσύνην.

514 948 682 1004 Vens.
717 949 832 1005 7-9.
878 968 897 1000 ι
928 947 1084 1004 Oculi
1113 949 1233 1018 ejus
1269 965 1436 1020 super
1462 958 1651 1021 gentes
1684 951 2018 1021 respiciunt:

446 1043 540 1112 qui
585 1050 910 1112 exasperant
946 1056 1057 1096 non
1084 1042 1397 1096 exaltentur
1435 1042 1488 1096 in
1525 1044 1857 1113 semetipsis.
1901 1041 2026 1098 Dia-

445 1136 677 1205 psalma.
706 1155 724 1186 ›
754 1135 889 1192 Cum
923 1136 1179 1206 superius
1201 1136 1442 1207 gentium
1471 1136 1811 1191 vocationem
1845 1136 2030 1191 adum-

445 1228 649 1290 braret,
694 1227 1006 1282 universam
1052 1236 1253 1283 terram
1298 1228 1602 1283 evocabat:
1632 1244 1809 1299 neque
1846 1238 2026 1282 tamen

444 1327 634 1390 gentes
670 1320 874 1376 diserte
915 1322 1276 1377 memoravit:
1306 1337 1454 1376 nunc
1502 1337 1632 1377 vero
1686 1322 2030 1393 apertissime

444 1413 701 1478 easdem,
769 1429 980 1469 necnon
1039 1414 1134 1469 Dei
1186 1415 1692 1472 reconciliationem
1752 1417 2020 1471 meminit.

445 1505 580 1559 Nam
611 1505 678 1560 de
709 1506 1090 1576 peccatoribus
1113 1505 1332 1575 quidem
1367 1506 1573 1560 dictum
1604 1514 1688 1561 est
1722 1525 1736 1562 :
1781 1524 1798 1556 ι
1829 1505 2027 1561 Averte

447 1599 639 1653 faciem
695 1606 845 1653 tuam
901 1615 930 1653 a
995 1599 1235 1670 peccatis
1288 1600 1424 1654 meis
1445 1601 1526 1664 ³¹;
1567 1619 1584 1649 ι
1642 1614 1705 1652 ac
1760 1615 2023 1654 rursum:

450 1711 468 1742 ι
505 1692 687 1759 Quare
741 1692 935 1747 faciem
988 1701 1160 1754 tuam,
1230 1700 1284 1746 et
1330 1691 1611 1746 dexteram
1665 1697 1816 1747 tuam
1873 1707 2028 1746 aver-

445 1788 517 1842 tis
535 1787 619 1840 lu‘3
643 1805 664 1836 ο
707 1795 756 1840 et
796 1786 1032 1840 iterum:
1066 1803 1084 1836 ι
1115 1783 1377 1839 Avertisti
1418 1790 1601 1838 autem
1635 1783 1834 1838 faciem
1873 1790 2023 1836 tuam

446 1894 474 1932 a
508 1894 613 1942 me,
660 1885 715 1933 et
755 1875 930 1932 factus
981 1891 1102 1931 sum
1149 1875 1514 1930 conturbatus
1537 1875 1605 1928 ⁸³.
1645 1895 1661 1927 ι
1699 1874 1774 1928 De
1796 1875 1865 1929 iis
1897 1890 2028 1928 vero

445 1971 537 2040 qui
572 1970 714 2025 bona
768 1984 864 2040 spe
913 1967 1172 2023 instructi
1227 1976 1357 2023 sunt
1402 1967 1612 2021 dictum
1665 1976 1788 2022 est:
1822 1987 1840 2017 ‹
1872 1967 2028 2022 Oculi

449 2062 661 2117 Domini
707 2076 871 2130 super
898 2058 1102 2129 justos,
1149 2067 1203 2113 et
1243 2072 1407 2113 aures
1454 2057 1575 2127 ejus
1614 2057 1665 2110 in
1707 2073 1897 2127 preces
1943 2073 2032 2111 eo-

448 2153 671 2221 rum“;
708 2173 726 2205 ι
762 2160 817 2208 et
860 2167 1124 2223 rursum:
1161 2169 1178 2200 ‹
1213 2149 1372 2204 Oculi
1420 2150 1498 2203 tui
1533 2149 1755 2205 videant
1796 2150 2029 2218 aequita-

447 2255 529 2299 tes
550 2245 634 2312 5‘;
669 2265 686 2296 ι
737 2251 791 2299 et
835 2244 1036 2297 iterum
1079 2259 1092 2295 :
1141 2260 1158 2292 ι
1193 2240 1451 2312 Signetur
1496 2256 1663 2310 super
1709 2255 1811 2294 nos
1849 2240 2029 2294 lumen

449 2337 630 2390 vultus
666 2337 767 2399 tui,
813 2332 1041 2388 Domine
1061 2332 1127 2386 ".
1165 2351 1183 2383 ι
1223 2331 1429 2402 Magna:
1477 2333 1644 2406 igitur
1686 2333 2028 2403 pollicitatio-

451 2442 547 2481 nes
578 2426 833 2498 gentibus
871 2425 925 2479 in
954 2424 1212 2494 praesenti
1241 2424 1381 2478 data:
1413 2431 1559 2479 sunt.
1592 2422 1710 2478 Jam
1736 2425 1878 2477 oculi
1910 2424 2029 2493 ejus

449 2535 614 2589 super
657 2525 845 2588 gentes
891 2517 1214 2586 respiciunt.
1261 2515 1440 2586 Atque
1484 2516 1888 2571 animadvertas
1939 2532 2031 2570 ve-

449 2608 543 2660 lim
598 2608 654 2660 in
691 2607 842 2661 hisce
877 2620 1146 2676 nusquam
1182 2603 1493 2660 Judaaorum
1551 2607 1881 2661 mentionem
1930 2607 2028 2660 ha-

448 2700 596 2767 beri;
648 2700 744 2755 sed
779 2715 874 2770 per
904 2708 1078 2753 totum
1131 2699 1402 2769 psalmum
1454 2699 1594 2753 bona
1639 2699 1896 2769 gentibus
1933 2715 2032 2754 an-

446 2793 712 2847 nuntiari.
759 2791 1144 2847 Perhumanus
1183 2807 1316 2863 ergo
1345 2791 1436 2846 ille
1470 2792 1714 2862 gentium
1771 2790 2031 2847 Servator

447 2885 640 2938 oculos
682 2898 836 2946 suos,
874 2883 1086 2938 scilicet
1121 2880 1452 2952 inspiciendi
1483 2881 1734 2945 virtutes,
1771 2884 2031 2954 expandit

449 2977 504 3030 in
533 2991 726 3031 omnes
756 2983 968 3047 gentes.
1002 2974 1168 3029 Lucis
1211 2983 1393 3029 autem
1424 2972 1564 3028 radii
1596 2990 1663 3028 ex
1708 2975 1884 3029 oculis
1910 2975 2030 3044 ejus

447 3068 658 3131 emissi,
705 3068 920 3123 animas
980 3066 1067 3121 sui
1125 3080 1357 3136 capaces
1412 3065 1713 3122 illustrant.
1760 3064 2028 3132 Quoniam

2196 974 2216 1005 (
2255 955 2319 1008 Oi
2347 954 2617 1026 ὀφθαλμοὶ
2654 955 2820 1009 αὐτοῦ
2851 956 2945 1009 ἐπὶ
2975 956 3043 1010 τὰ
3067 955 3194 1028 έθνη
3228 955 3632 1019 ἐπιϐλέπουσιν,
3655 957 3705 1010 οε

2123 1048 2652 1118 παραπικραίνοντες
2670 1047 2744 1118 μὴ
2758 1047 3110 1118 ὐψούσθωσαν
3133 1052 3191 1102 ἐν
3217 1050 3448 1114 ἐαυτοῖς.
3470 1051 3708 1121 Διάῲαλ-

2128 1156 2222 1209 μα.
2248 1139 2372 1192 »Διὰ
2399 1139 2506 1192 τῶν
2524 1140 2833 1212 ἔμπροσθεν
2847 1142 3292 1212 ἐπεσκιασμένως
3304 1143 3402 1213 τὴν
3414 1142 3522 1198 τῶν
3536 1142 3707 1196 ἐθνῶν

2127 1230 2314 1301 κλῆσιν
2348 1231 2723 1303 αἰνιξάμενος,
2759 1235 2940 1288 πᾶσαν
2969 1235 3065 1305 τὴν
3095 1234 3196 1306 γῆν
3237 1235 3450 1289 ἐκάλει’
3481 1235 3544 1288 οὐ
3600 1236 3706 1308 μὴν

2128 1323 2314 1393 σαφῶς
2343 1323 2413 1378 τὰ
2433 1325 2560 1393 ἔθνη
2581 1342 2594 1354 ·
2624 1326 2740 1379 νυνὶ
2761 1326 2818 1379 δέ
2840 1326 3140 1380 λευκότατα
3163 1326 3272 1381 τῶν
3295 1326 3464 1382 ἐθνῶν
3501 1327 3566 1397 μέ
3576 1346 3708 1399 μνη-

2121 1430 2210 1468 ται
2236 1417 2332 1468 καὶ
2367 1415 2466 1484 τῆς
2506 1414 2597 1468 τοῦ
2621 1414 2756 1469 Θεοῦ
2777 1414 3088 1486 διαλλαγῆς.
3133 1414 3255 1468 Ἐπὶ
3280 1415 3380 1485 μὲν
3431 1414 3538 1485 γὰρ
3596 1414 3706 1467 τῶν

2125 1506 2540 1578 ἁμαρτανόντων
2569 1506 2780 1576 εἴρηται
2800 1522 2812 1535 °
2849 1523 2867 1557 ι
2907 1505 3272 1576 Ἀπόστρεψον
3314 1505 3376 1557 τὸ
3415 1504 3708 1577 πρόσωπόν

2128 1617 2219 1652 σου
2265 1599 2375 1653 άπὸ
2405 1600 2513 1652 τῶν
2547 1599 2832 1670 ἁμαρτιῶν
2867 1615 2995 1670 μου·
3031 1617 3048 1650 ι
3083 1599 3179 1650 καὶ
3209 1597 3401 1651 πάλιν
3456 1615 3474 1648 ι
3509 1598 3626 1650 Ἵνα
3654 1598 3708 1650 τί

2125 1691 2488 1762 ἀποστρέφεις
2517 1691 2575 1743 τὸ
2605 1691 3024 1762 πρόσωπόνσου
3067 1689 3161 1742 καὶ
3188 1689 3286 1761 τὴν
3321 1687 3498 1752 δεξιάν
3528 1705 3653 1750 σου;
3683 1709 3701 1739 ›

2127 1784 2221 1836 καὶ
2245 1782 2403 1836 πάλιν
2424 1799 2436 1811 ·
2473 1801 2491 1832 ι
2535 1782 2905 1854 Ἀπέστρεψας
2934 1782 2991 1835 δὲ
3021 1781 3081 1834 τὸ
3112 1780 3404 1852 πρόσωπόν
3450 1796 3541 1832 σου
3563 1820 3577 1844 ,
3613 1781 3710 1832 καὶ

2129 1876 2392 1948 ἐγενήθην
2423 1876 2844 1946 τεταραγμένος.
2870 1895 2887 1926 ι
2936 1874 3060 1927 Ἐπὶ
3091 1873 3147 1926 δὲ
3185 1873 3293 1926 τῶν
3323 1871 3530 1940 ἀγαθὰς
3557 1872 3710 1926 ἐλπίο

2128 1970 2222 2032 δας
2271 1970 2503 2040 ἐχόντων
2562 1968 2847 2022 λέλεκται·
2904 1987 2922 2019 ι
2973 1967 3270 2037 Ὀφθαλμοὶ
3333 1965 3537 2038 Κυρίου
3616 1967 3709 2018 ἐπὶ

2129 2055 2392 2119 δικαίους,
2451 2057 2546 2108 καὶ
2596 2050 2710 2109 ὦτα
2759 2055 2923 2110 αὐτοῦ
2975 2057 3053 2119 εἰς
3095 2055 3280 2127 δέησιν
3311 2054 3525 2107 αὐτῶν·
3559 2074 3577 2105 ι
3615 2055 3710 2109 καὶ

2131 2148 2319 2202 πάλιν·
2351 2166 2368 2199 ι
2394 2150 2457 2201 Οἱ
2477 2148 2744 2219 ὀφθαλμοί
2782 2166 2874 2202 σου
2905 2149 3161 2202 ίδέτωσαν
3199 2147 3498 2216 εὐθύτητας
3519 2163 3533 2176 ο
3568 2165 3586 2197 r
3615 2145 3709 2199 καὶ

2131 2235 2318 2302 αὖθιςο
2355 2257 2372 2289 ι
2404 2239 2775 2320 Σηρςειωθήτω
2816 2240 2900 2308 ἐφ’
2945 2240 3091 2310 ἡμᾶς
3134 2239 3193 2290 τὸ
3239 2237 3352 2307 φῶς
3394 2237 3488 2290 τοῦ
3538 2254 3705 2308 προσ-

2129 2330 2278 2384 ώπου
2325 2349 2438 2398 σου,
2471 2331 2665 2402 Κύριε.
2693 2352 2710 2382 ι
2750 2331 2999 2400 Μεγάλαι
3042 2331 3220 2384 τοίνυν
3271 2331 3590 2400 ἐπαγγελίαι
3620 2331 3708 2384 διά

2130 2425 2236 2480 τῶν
2273 2425 2646 2496 προκειμένων
2680 2429 2788 2489 τοῖς
2816 2425 2991 2479 ἔθνεσι
3021 2426 3289 2479 δέδονται⁶
3320 2425 3422 2496 ήδη
3444 2425 3712 2496 ὀφθαλμοὶ

2131 2516 2295 2572 αὐτοῦ
2322 2520 2413 2572 ἐπὶ
2445 2519 2512 2573 τὰ
2546 2518 2673 2590 ἔθνη
2704 2518 3074 2572 ἐπιϐλέπουσι.
3111 2521 3218 2572 Καὶ
3250 2518 3348 2572 θέα
3376 2521 3526 2582 ὅπως
3554 2518 3711 2572 οὐδα-

2136 2610 2236 2682 μοῦ
2280 2609 2387 2664 τῶν
2419 2611 2794 2682 προκειμένων
2833 2610 3102 2664 Ἰουδαίων
3149 2611 3454 2682 μέμνηται,
3485 2610 3553 2663 δι’
3589 2609 3709 2662 ὅλου

2130 2700 2186 2753 δὲ
2213 2703 2324 2763 τοῖς
2354 2699 2529 2753 ἔθνεσι
2560 2701 2626 2753 τὰ
2657 2700 2867 2771 χρηστὰ
2896 2699 3327 2768 εὐαγγελίζεται.
3373 2699 3430 2752 Ὀ
3477 2699 3574 2770 μὲν
3617 2695 3710 2752 οὖν

2132 2791 2510 2864 φιλάνθρωπος
2536 2792 2642 2845 τῶν
2675 2791 2844 2846 ἐθνῶν
2884 2792 3076 2865 Σωτὴρ
3105 2794 3229 2856 τοὺς
3260 2792 3571 2864 ὀφθαλμοὺς
3611 2795 3711 2847 ab-

2131 2882 2223 2935 τοῦ
2244 2923 2258 2947 ,
2295 2882 2393 2946 τὰς
2422 2884 2784 2946 ἐπισκοπικὰς
2829 2883 3027 2956 δηλαδή
3070 2884 3327 2954 δυνάμεις
3352 2925 3365 2949 ,
3399 2884 3713 2958 ἐξήπλωσεν

2133 2976 2226 3027 ἐπὶ
2253 2975 2432 3029 πάντα
2465 2975 2532 3029 τὰ
2560 2975 2707 3046 ἔθνη.
2732 2975 2912 3040 Φωτὸς
2939 2976 2995 3029 δὲ
3038 2977 3256 3040 ἀκτῖνες
3285 2979 3348 3030 ἐκ
3377 2978 3484 3032 τῶν
3515 2978 3712 3048 ὀφθαλ-

2136 3062 2252 3134 μῶν
2283 3064 2447 3116 αὐτοῦ
2481 3065 2828 3136 πεμπόμεναι
2861 3065 2959 3129 τὰς
2984 3067 3298 3138 χωρητικὰς
3329 3069 3508 3122 αὐτῶν
3531 3068 3709 3140 ψυχὰς

450 3173 581 3212 vero
615 3157 860 3211 futurum
905 3164 1022 3211 erat
1059 3165 1121 3209 ut
1161 3170 1272 3210 non
1322 3169 1514 3210 omnes
1546 3155 1777 3225 gratiam
1823 3157 2032 3226 recipe-

2135 3156 2601 3227 καταλάμπουσιν.
2621 3158 2771 3211 Ἐπεὶ
2793 3158 2847 3210 δὲ
2870 3158 3101 3229 ήμελλον
3126 3159 3200 3230 μὴ
3219 3160 3419 3226 πάντες
3436 3163 3532 3233 τὴν
3556 3162 3711 3234 χάριν

449 3258 594 3315 rent,
626 3251 718 3305 sed
753 3257 959 3304 tantam
1001 3249 1122 3318 ejus
1145 3263 1272 3318 erga
1302 3247 1553 3303 homines
1581 3248 1926 3303 clementiam
1959 3248 2031 3302 ir-

448 3343 683 3397 ritarent
710 3351 764 3397 et
787 3348 1199 3414 exasperarentg,
1230 3340 1376 3411 quod
1405 3340 1609 3395 donum
1639 3356 1750 3394 non
1779 3341 2033 3396 admitte-

449 3439 608 3499 rent;
637 3433 762 3502 jure
795 3431 1016 3486 additur
1044 3451 1056 3485 :
1089 3452 1108 3483 ε
1141 3430 1245 3498 Qui
1277 3438 1604 3500 exasperant
1645 3445 1754 3486 non
1791 3432 2035 3487 exalten-

453 3534 546 3582 tur
569 3526 626 3580 in
660 3525 994 3596 semetipsis.
1030 3545 1048 3577 ι
1093 3524 1189 3582 His
1211 3539 1376 3596 porro
1405 3523 1681 3595 signiﬁcat
1702 3539 1796 3580 eos
1821 3539 1888 3579 ex
1911 3541 2036 3595 gen-

449 3619 620 3684 tibus,
662 3608 756 3687 qui
803 3617 1140 3689 immorigeri
1189 3625 1243 3673 et
1284 3618 1710 3688 inobsequentes
1739 3612 2036 3686 Evangelia

451 3721 599 3766 sunt.
654 3710 838 3777 Quare
893 3712 1036 3781 apud
1095 3710 1486 3784 Symmachum
1540 3710 1742 3767 dicitur
1776 3729 1790 3764 :
1823 3729 1843 3761 ι
1875 3709 2032 3764 Oculi

451 3805 576 3875 ejus
604 3813 794 3875 gentes
841 3806 1181 3875 inspiciunt;
1230 3805 1651 3875 inobsequentes
1689 3819 1759 3860 ne
1793 3806 2035 3860 exalteut

452 3898 799 3966 semetipsos.
843 3917 862 3949 ι
900 3898 1021 3952 Alio
1056 3898 1184 3952 item
1238 3913 1406 3954 sensu
1436 3897 1640 3952 indicat
1677 3913 1774 3954 eos
1826 3913 1890 3953 ex
1937 3898 2037 3952 cir-

451 3987 812 4050 cumcisione,
841 3988 934 4057 qui
967 3987 1200 4056 gratiam
1229 3994 1702 4057 contempserunt,
1752 3995 1808 4042 et
1846 3987 2036 4043 Serva-

451 4079 591 4135 toris
638 4080 983 4134 vocationem
1025 4078 1182 4133 nihili
1243 4078 1512 4134 fecerunt.
1554 4081 1737 4146 Quare
1796 4079 2034 4150 Spiritus

453 4179 680 4226 sanctus
743 4186 840 4240 per
892 4170 1088 4226 Isaiam
1145 4170 1212 4226 ad
1266 4187 1363 4226 eos
1427 4171 1730 4242 respiciens
1778 4171 2031 4227 dicebat:

457 4280 475 4309 ι
505 4262 652 4316 Aure
690 4262 954 4325 audiatis,
989 4270 1044 4316 et
1087 4275 1156 4316 ne
1187 4262 1540 4331 intelligatis;
1593 4268 1647 4316 et
1679 4260 1924 4317 videntes
1957 4263 2038 4317 vi-

454 4353 653 4417 deatis,
691 4361 746 4408 et
773 4370 840 4409 ne
877 4355 1067 4410 sciatis
1090 4355 1155 4405 ⁵⁷.
1193 4372 1212 4406 ι
1244 4353 1436 4409 Merito
1475 4355 1643 4424 igitur
1675 4355 1820 4410 viros
1853 4357 2028 4410 incre-

456 4459 594 4514 pans
621 4459 865 4514 praesens
912 4458 1117 4508 sermo,
1154 4452 1342 4516 utpote
1387 4445 1506 4499 sine
1537 4459 1705 4500 causa
1749 4445 1817 4500 de
1859 4452 2038 4499 atavo-

2137 3248 2514 3318 ὑποδέχεσθαι,
2553 3251 2903 3321 παροργίζειν
2932 3251 2989 3304 δέ
3030 3250 3091 3304 τὸ
3129 3251 3252 3304 ὅσον
3283 3255 3366 3306 ἐπ’
3409 3254 3592 3318 αὐτοῖς
3623 3256 3716 3308 καὶ

2135 3343 2598 3413 παραπικραίνειν
2624 3341 2721 3414 τὴν
2764 3343 3032 3415 τοσαύτην
3076 3343 3499 3415 φιλανθρωπίαν,
3538 3346 3626 3398 διὰ
3652 3347 3715 3399 τὸ

2140 3433 2214 3505 μὴ
2267 3433 2664 3504 παραδέχεσθαι
2714 3435 2773 3489 τὸ
2801 3435 3003 3508 δῶρον,
3054 3439 3276 3501 εἰκότως
3334 3439 3672 3493 ἐπιλέλεκται
3694 3457 3709 3471 ο

2142 3543 2160 3573 ι
2189 3525 2250 3576 Οἱ
2279 3526 2811 3596 παραπικραίνοντες
2848 3527 2922 3599 μὴ
2947 3529 3302 3598 ὐψούσθωσαν
3331 3531 3390 3584 ὲν
3428 3531 3659 3595 ἑαυτοῖς.
3689 3551 3708 3583 ι

2137 3613 2395 3684 Σημαίνει
2433 3615 2490 3668 δὲ
2537 3617 2624 3671 διὰ
2678 3618 2880 3673 τούτων
2930 3622 3023 3674 καὶ
3064 3623 3190 3686 τοὺς
3236 3624 3293 3678 ἐν
3350 3625 3461 3687 τοῖς
3506 3621 3717 3677 ἔθνεσιν

2138 3704 2382 3769 ἀπειθεῖς
2411 3707 2503 3760 καὶ
2527 3708 2932 3774 άνυποτάκτους
2959 3711 3037 3782 τῷ
3073 3714 3415 3786 εὐαγγελικῴ
3439 3715 3600 3786 λόγῳ.
3629 3713 3719 3767 Διὸ

2136 3797 2381 3852 λέλεκται
2423 3800 2574 3872 παρὰ
2615 3801 2694 3873 τῷ
2735 3804 3016 3876 Συμμάχῳ
3042 3822 3055 3835 ο
3100 3822 3121 3858 ι
3157 3808 3219 3859 Οί
3255 3807 3525 3879 ὀφθαλμοὶ
3555 3807 3718 3861 αὐτοῦ

2137 3891 2204 3944 τὰ
2258 3891 2383 3964 ἔθνη
2452 3895 2904 3950 ἐπισκοπεύουσν
2953 3899 3001 3950 οἱ
3055 3898 3301 3961 ἀπειθεῖς
3351 3900 3426 3969 μὴ
3474 3900 3720 3969 ὑψούτω-

2139 4001 2236 4037 σαν
2287 3984 2530 4049 ἐαυτούς.
2555 4005 2572 4038 ι
2618 3988 2879 4059 Σημαίνει
2918 3989 2973 4040 δὲ
3010 3989 3105 4041 καὶ
3148 3987 3322 4050 ἄλλως
3353 3990 3481 4050 τοὺς
3524 3990 3588 4040 ὲκ
3622 4005 3720 4040 πε-

2141 4079 2366 4150 ριτομῆς
2399 4078 2771 4150 ὰθετήσαντας
2798 4079 2895 4151 τὴν
2917 4081 3076 4150 χάριν
3098 4079 3191 4130 καὶ
3215 4079 3314 4148 τὴν
3347 4078 3440 4131 τοῦ
3466 4078 3720 4152 Σωτῆρος

2139 4168 2330 4238 κλῆσιν
2352 4170 2874 4240 ὑπερφρονήσαντας
2892 4184 2905 4197 ο
2931 4167 3010 4218 διὸ
3033 4167 3169 4236 πρὸς
3193 4167 3389 4231 αὐτοὺς
3413 4168 3473 4221 τὸ
3496 4167 3721 4238 Πνεῦμα

2136 4262 2198 4314 τὸ
2231 4262 2384 4330 ἅγιον
2417 4261 2510 4314 καὶ
2535 4260 2624 4313 διὰ
2667 4261 2884 4314 Ἡσαΐου
2918 4260 3229 4313 ἀπετείνετο
3261 4261 3440 4332 φῆσαν
3461 4279 3474 4291 ’
3508 4281 3526 4312 ι
3558 4263 3720 4334 Ἀκοῇ

2138 4354 2428 4425 ἀκούσητε,
2462 4354 2557 4406 καὶ
2581 4353 2641 4405 οὐ
2672 4352 2745 4423 μὴ
2779 4352 2995 4422 συνῆτε,
3029 4353 3123 4406 καὶ
3147 4353 3430 4421 βλέποντες
3465 4355 3718 4426 βλέψητε,

2141 4446 2236 4498 καὶ
2262 4445 2322 4497 οὐ
2362 4445 2435 4515 μὴ
2467 4443 2638 4513 ἴδητε.
2673 4461 2693 4494 ι
2731 4442 2971 4505 Εἰκότως
3017 4444 3306 4515 τοιγαροῦν
3343 4446 3720 4516 ἐπιρραπίζων

457 4550 578 4588 rum
612 4535 873 4605 dignitate
917 4535 1157 4599 inﬂatos,
1213 4544 1268 4592 et
1318 4534 1386 4591 de
1427 4538 1834 4607 progenitorum
1863 4537 2032 4607 gloria

2141 4538 2336 4600 αὐτοὺς
2367 4539 2396 4590 ό
2425 4535 2618 4604 παρὼν
2660 4535 2838 4605 λόγος,
2868 4537 2989 4608 είκῆ
3035 4536 3429 4608 φυσιουμένους
3473 4537 3567 4590 ἐπὶ
3609 4540 3722 4601 τοῖς

454 4627 623 4682 altum
656 4629 954 4698 sapientes,
977 4629 1112 4683 dicit
1141 4647 1152 4683 :
1187 4647 1204 4679 ι
1236 4627 1342 4694 Qui
1382 4638 1710 4700 exasperant
1739 4645 1850 4685 non
1894 4631 2038 4684 exal-

453 4727 642 4774 tentur
673 4721 728 4774 in
761 4721 1089 4790 semetipsis.
1123 4740 1141 4774 ι
1165 4720 1344 4777 Heus!
1379 4737 1497 4785 vos,
1535 4723 1733 4793 inquit,
1765 4723 2037 4791 superbia:

457 4820 512 4865 et
542 4828 683 4867 vano
713 4815 916 4868 tumori
962 4823 1148 4870 vestro
1175 4813 1338 4869 finem
1385 4817 1530 4883 date,
1587 4817 1827 4871 scientes
1866 4815 2036 4869 Deum

458 4920 568 4958 non
611 4907 806 4975 magis,
838 4921 1004 4977 quam
1046 4907 1276 4977 reliquis
1306 4908 1584 4978 gentibus,
1628 4908 1785 4962 vobis
1822 4909 2039 4978 prospi-

458 5009 604 5051 cere.
640 4993 795 5050 Oculi
824 5014 956 5069 ergo
997 4999 1146 5054 illius
1181 5001 1450 5054 lustrandi
1478 5001 1530 5054 vi
1556 4999 1793 5069 praediti,
1832 5001 2044 5054 univer-

460 5103 647 5142 sorum
676 5089 959 5144 hominum
994 5092 1392 5162 providentiam
1421 5102 1694 5163 gerentes,
1727 5105 1891 5160 super
1918 5107 2045 5161 geu-

461 5190 545 5237 tes
578 5184 899 5254 respiciunt.
936 5183 1078 5249 Quid
1124 5185 1291 5255 igitur
1327 5200 1446 5247 vos,
1489 5199 1554 5238 ac
1581 5183 1628 5237 si
1661 5183 2043 5252 praestantiora

460 5277 775 5342 obtineatis,
793 5277 1107 5332 exaltamini
1130 5279 1183 5331 in
1202 5275 1634 5346 vobismetipsis,
1654 5292 1777 5331 cum
1801 5277 2040 5332 maxime

459 5367 565 5421 viri
607 5377 999 5438 exaspera‘ntes
1046 5370 1209 5424 sitis?
1242 5369 1400 5434 Quod
1451 5379 1635 5423 autem
1674 5369 1822 5439 ipsos
1857 5384 2039 5424 sermo

463 5460 790 5528 subindicet,
821 5471 1008 5532 aperte
1039 5462 1281 5517 declarat
1315 5463 1554 5532 Spiritus
1581 5479 1676 5534 per
1701 5462 2038 5518 Ezechielem

463 5550 694 5607 dicens:
726 5570 745 5602 ί
775 5551 877 5606 Fili
925 5553 1182 5618 hominis,
1223 5552 1436 5608 mittam
1473 5560 1525 5610 te
1557 5569 1658 5623 ego
1702 5554 1770 5608 ad
1815 5554 2036 5609 domum

2145 4628 2450 4702 προγόνοις,
2487 4628 2582 4681 καὶ
2610 4629 2753 4699 μέγα
2783 4629 3113 4699 φρονοῦντας
3149 4631 3240 4684 ἐπὶ
3269 4635 3335 4702 τῇ
3367 4630 3476 4684 τῶν
3508 4647 3723 4702 προπα-

2141 4722 2315 4792 τόρων
2343 4719 2724 4791 εὐδοκιμήσει,
2779 4721 2977 4792 φησίψ
3026 4741 3044 4774 ι
3085 4725 3147 4776 Oi
3195 4721 3724 4796 παραπικραίνοντες

2149 4814 2223 4885 μὴ
2259 4812 2611 4883 ὐψούσθωσαν
2646 4814 2704 4867 ἐν
2757 4815 2989 4879 ἑαυτοῖς.
3021 4835 3040 4867 ι
3074 4815 3366 4870 Παύσασθε
3399 4815 3536 4886 γὰρ,
3569 4813 3719 4883 φησὶ.

2148 4903 2558 4975 βρενθυνόμενοι
2585 4904 2678 4957 καὶ
2710 4906 2829 4976 εἰκῇ
2860 4905 3207 4977 τυφούμενοι,
3227 4898 3272 4958 ὦ
3295 4899 3459 4966 οὗτοι,
3482 4904 3720 4973 γνόντες,

2145 4997 2227 5049 ὅτι
2271 4997 2334 5049 οὐ
2372 4995 2570 5066 μᾶλλον
2603 4997 2733 5068 ὑμῖν
2784 4997 3066 5051 ἐπιϐλέπει
3091 5001 3120 5051 ό
3155 4999 3286 5062 Θεὸς
3316 4996 3348 5068 ἦ
3383 5000 3494 5060 τοῖς
3520 4997 3724 5062 λοιποῖς

2145 5088 2375 5142 ἔθνεσιν.
2417 5089 2479 5141 Οί
2522 5088 2652 5158 γοῦν
2687 5090 2783 5160 τῆς
2818 5091 3179 5161 ἐπισκοπικῆς
3229 5091 3395 5144 αὐτοῦ
3446 5089 3726 5160 δυνάμεως

2147 5180 2414 5251 ὀφθαλμοὶ
2440 5221 2454 5240 .
2503 5181 2722 5236 πάντων
2754 5181 3056 5255 ἀνθρώπων
3090 5184 3348 5254 πρόνοιαν
3380 5180 3689 5251 ποιούμενοι
3710 5219 3725 5244 ,

2150 5276 2242 5354 ὲπξι
2297 5275 2365 5328 τὰ
2419 5275 2545 5346 ἔθνη
2587 5274 2960 5329 ἐπιϐλέπουσι.
3003 5277 3068 5329 Τί
3101 5272 3193 5330 οὖν
3229 5278 3415 5349 ὑμεῖς,
3445 5275 3632 5346 ὥσπερ
3674 5290 3727 5326 τι

2149 5368 2426 5438 ἐξαίρετον
2456 5369 2803 5439 κεκτημένοι,
2829 5368 3062 5437 ὐψοῦσθε
3095 5371 3152 5422 ἐν
3183 5371 3412 5435 ἐαυτοῖς,
3441 5369 3535 5421 καὶ
3554 5367 3728 5420 ταῦτα

2149 5459 2340 5532 ἄνδρες
2373 5460 2524 5523 ὄντες
2581 5461 2668 5513 ἀεὶ
2697 5462 3260 5532 παραπικραίνοντες;
3297 5463 3415 5514 Ὅτι
3441 5461 3497 5513 δὲ
3531 5461 3727 5522 αὐτοὺς

2148 5553 2492 5606 αἰνίττεταιὸ
2526 5553 2702 5622 λόγος,
2742 5553 2927 5623 σαφῶς
2967 5555 3264 5626 παρίστησι
3289 5555 3347 5607 τὸ
3377 5553 3599 5624 Πνεῦμα
3642 5551 3728 5606 διά

537 5707 582 5779 ξι
616 5706 761 5764 Psal.
794 5711 954 5778 1.,11.
1029 5711 1076 5743 ⁸³
1098 5709 1244 5765 Psal.
1266 5710 1533 5776 “111,24.
1612 5711 1658 5742 ⁵³
1687 5709 1832 5766 Psal.
1865 5725 2015 5774 xm,

2169 5709 2215 5739 ⁸³
2244 5707 2392 5764 Psal.
2431 5724 2625 5772 xuut,
2651 5709 2734 5763 l6.
2802 5711 2847 5741 ⁸⁸
2879 5709 3022 5764 Psal.
3061 5709 3244 5776 “1,2.
3327 5712 3370 5743 ⁵⁸
3396 5709 3540 5765 Psal.
3572 5725 3650 5779 tv,
3676 5709 3708 5763 7

469 5776 513 5808 "
541 5777 644 5831 lsa.
675 5795 749 5842 vr,
779 5779 829 5833 9.
