4090 6372
377 406 482 463 657

1484 419 1987 477 COMMENTARIA
2029 422 2097 476 IN
2135 423 2472 479 PSALMOS.

3523 427 3626 483 658

391 523 652 599 Ἰεζεκιὴλ
675 526 832 597 λέγον
849 546 861 560 ο
891 549 909 581 ι
937 531 1031 585 Υἱὲ
1055 533 1362 606 ἀνθρώπου,
1390 538 1730 605 ἐξαποστελῶ
1763 559 1820 594 σε
1847 541 1955 611 ἐγὼ

2063 543 2248 602 Israel,
2275 543 2339 597 ad
2368 552 2776 614 exasperantes,
2803 545 2893 614 qui
2923 555 3383 614 exasperaverunt
3409 559 3496 599 me
3524 544 3627 613 ipsi

381 616 518 686 πρὸς
565 617 654 671 τὸν
705 615 851 673 οἷκον
914 623 1158 696 Ἰσραὴλ,
1211 629 1335 692 τοὺς
1383 633 1953 704 παραπικραίνοντας,

380 709 576 774 οἵτινες
607 714 1022 785 παρεπίκρανάν
1045 736 1111 788 με
1143 720 1295 774 αὐτοὶ
1329 725 1422 775 καὶ
1450 725 1497 776 οἱ
1525 724 1758 796 πατέρες
1779 724 1955 778 αὐτῶν

381 799 486 864 ἕως
529 802 626 873 τῆς
669 809 906 878 σήμερον
952 809 1194 882 ἡμέρας·
1243 832 1260 865 ι
1303 815 1394 867 καὶ
1432 815 1586 886 ὲξῆςο
1633 836 1651 868 ι
1685 816 1808 870 Ἐὰν
1850 817 1956 888 ἄρα

382 892 710 962 ἀκούσωσιν,
748 897 780 968 ἢ
815 900 1154 972 πτοηθῶσιν,
1204 904 1336 959 διότι
1379 904 1524 972 οἶκος
1581 927 1954 982 παραπικραι-

382 984 575 1038 νόντων
601 989 717 1042 ἐστί
738 1007 750 1019 ·
786 1014 803 1043 ι
837 994 930 1046 καὶ
964 994 1152 1048 πάλιν⁹
1184 1016 1201 1048 ι
1231 999 1340 1052 Καὶ
1370 999 1589 1071 λαλήσω
1610 1003 1736 1065 τοὺς
1765 1001 1955 1070 λόγους

381 1095 482 1147 μου
513 1074 650 1151 πρὸς
681 1083 897 1150 αὐτοὺς,
936 1087 1029 1140 ἐὰν
1061 1088 1166 1159 ἄρα
1195 1090 1528 1157 ἀκούσωσιν,
1559 1093 1591 1164 ἢ
1626 1093 1950 1165 πτοηθῶσιν,

375 1171 458 1222 ὅτι
501 1168 646 1236 οἶκος
684 1180 1232 1250 παραπικραινόντων
1281 1183 1416 1236 ὲστί.
1469 1204 1486 1234 ι
1537 1185 1646 1238 Καὶ
1681 1187 1738 1238 ὲν
1789 1192 1858 1256 ρε¹
1899 1185 1955 1238 δὲ

376 1261 574 1335 ψαλμῷ
624 1265 898 1322 λέλεκταιο
947 1290 964 1321 ι
1001 1272 1121 1326 Ὅτι
1163 1277 1579 1348 παρεπίκραναν
1623 1279 1684 1331 τὸ
1740 1277 1953 1349 πνεῦμα

379 1357 574 1410 αὐτοῦ’
608 1377 626 1409 ι
669 1359 763 1412 καὶ
809 1361 969 1415 πάλιν
991 1380 1004 1393 ο
1041 1382 1060 1415 ι
1093 1365 1388 1430 Πλεονάκις
1422 1369 1687 1440 ἐρρύσατο
1722 1369 1947 1433 αύτούς⁸

379 1449 532 1500 αὐτοὶ
565 1449 621 1502 δὲ
655 1454 1066 1526 παρεπίκραναν
1109 1457 1268 1510 αὑτὸν
1299 1460 1355 1512 ὲν
1388 1463 1453 1532 τῇ
1494 1461 1654 1534 βουλῇ
1696 1461 1896 1516 αὐτῶν.
1929 1481 1947 1514 ›

375 1539 484 1594 Ναὶ
527 1542 630 1613 μὴν
677 1546 770 1597 καὶ
797 1547 1038 1619 Μωῦσῆς
1065 1551 1162 1620 τὴν
1188 1553 1408 1622 πικρίαν
1442 1554 1622 1606 αὐτῶν
1661 1553 1951 1626 παρίστησι

377 1632 579 1700 λέγων·
640 1654 657 1686 ι
696 1636 788 1689 Ἐκ
839 1638 947 1710 γάρ
1019 1641 1266 1711 ἀμπέλου
1311 1645 1559 1715 Σοδόμων
1616 1649 1648 1716 ἡ
1713 1645 1953 1716 ἄμπελος

375 1725 575 1791 αὐτῶν,
611 1729 705 1782 καὶ
739 1733 772 1800 ἡ
801 1729 1070 1802 κληματίς
1101 1735 1280 1789 αὐτῶν
1319 1738 1382 1789 ὲκ
1412 1738 1726 1809 Γομόρρας·
1765 1741 1797 1808 ή
1828 1756 1954 1791 στα-

374 1816 513 1888 φυλὴ
544 1817 720 1872 αὐτῶν
757 1821 1000 1893 σταφυλὴ
1035 1824 1218 1894 χολῆς,
1246 1825 1440 1898 βότρυς
1466 1828 1689 1898 πικρίας
1715 1827 1947 1880 αὐτῶν.»

376 1909 483 1962 Καὶ
533 1913 590 1964 ὲν
623 1913 699 1983 τῷ
752 1914 991 1986 Ἱερεμίᾳ
1037 1915 1095 1968 δὲ
1128 1917 1340 1990 εἴρηται
1381 1920 1517 1990 πρὸς
1565 1921 1690 1984 τοὺς
1729 1919 1953 1983 αὐτούς’

377 2020 397 2050 ‹
423 2000 547 2065 Πῶς
577 2004 821 2076 ἐστράφη
847 2008 928 2070 είς
955 2008 1180 2080 πικρίαν
1209 2012 1242 2080 ή
1277 2011 1519 2082 ἄμπελος
1548 2012 1581 2082 ἡ
1614 2011 1870 2082 ἀλλοτρία
1895 2028 1909 2077 ;
1933 2031 1950 2061 ι

377 2096 612 2159 Εἰκότως
647 2098 824 2152 τοίνυν
856 2102 949 2154 καὶ
983 2101 1220 2156 ἐνταῦθα
1260 2103 1792 2175 παραπικραίνοντες
1823 2103 1958 2157 ὠνο-

377 2187 680 2258 μάσθησαν.
737 2191 830 2244 Ἐκ
886 2193 1231 2266 παραλλήλου
1284 2195 1339 2247 δὲ
1411 2194 1790 2266 μνημονεύσας
1851 2193 1959 2247 τῶν

375 2278 542 2335 ὲθνῶν
571 2281 665 2334 καὶ
695 2282 792 2354 τῆς
828 2284 1034 2338 τούτων
1066 2287 1338 2357 σωτηρίας
1371 2291 1399 2341 ὁ
1453 2287 1628 2356 λόγος,
1660 2285 1959 2358 παράθεσιν

373 2369 478 2422 τῶν
516 2371 580 2424 ὲκ
611 2375 912 2444 περιτομῆς
960 2376 1254 2448 πεποίηται
1291 2375 1458 2430 είπών
1481 2394 1493 2406 ⁸
1536 2396 1554 2428 ι
1596 2378 1657 2431 Οἱ
1689 2377 1959 2447 ὀφθαλμοὶ

372 2463 536 2516 αὐτοῦ
558 2464 652 2518 ἐπὶ
672 2463 740 2518 τά
764 2465 892 2538 ἔθνη
919 2467 1300 2521 ἐπιϐλέπουσιν
1319 2511 1333 2531 ,
1355 2471 1404 2521 οἱ
1429 2469 1959 2540 παραπικραίνοντες

377 2555 452 2626 μὴ
482 2555 834 2624 ύψούσθωσαν
860 2559 918 2610 ἐν
940 2559 1172 2623 ἑαυτοῖς.
1202 2560 1509 2628 Εύλογεῖτε,
1537 2560 1688 2631 ἔθνη,
1712 2561 1804 2613 τὸν
1827 2560 1959 2612 Θεὸν

374 2645 553 2716 ἡμῶν,
588 2648 680 2699 καὶ
721 2648 1042 2702 άκουτίσατε
1081 2651 1180 2720 τὴν
1212 2651 1393 2722 φωνὴν
1425 2651 1526 2721 τῆς
1558 2651 1816 2714 αἰνέσεως
1865 2651 1962 2704 αύ-

375 2736 492 2790 τοῦ.
526 2758 544 2789 »
583 2739 952 2807 Εὐαγγελικὸν
992 2737 1131 2794 εἶναι
1161 2743 1251 2795 τὸν
1289 2743 1498 2813 ψαλμὸν
1528 2743 1620 2796 καὶ
1666 2743 1960 2813 ἀρχόμενοι

373 2828 469 2882 τοῦ
497 2829 656 2898 λόγου
682 2834 1065 2903 τετηρήκαμεν
1088 2851 1100 2862 ο
1135 2833 1162 2886 ὂ
1185 2836 1278 2887 καὶ⁴
1304 2835 1371 2888 δι’
1393 2834 1515 2887 ὅλου
1543 2834 1638 2888 τοῦ
1667 2833 1836 2904 ὕφους
1865 2835 1961 2906 τῆς

377 2922 716 2992 προφητείας
769 2923 1122 2995 παρίσταται.
1181 2923 1394 2979 Ἐκάλει
1433 2927 1530 2997 μὲν
1572 2926 1680 2998 γάρ
1729 2929 1785 2979 ὲν
1819 2927 1959 2998 ἀρχῇ

378 3013 558 3066 πᾶσαν
585 3013 682 3085 τὴν
711 3013 813 3084 γῆν
836 3031 848 3043 ·
881 3011 998 3070 εἷτα
1025 3017 1081 3069 ὲν
1111 3017 1188 3088 τῷ
1233 3017 1434 3088 μεταξὺ
1476 3017 1696 3072 πλείονα
1723 3017 1958 3084 διδάξας,

377 3105 711 3178 σαφέστερον
742 3109 868 3176 περὶ
901 3107 1009 3162 τῶν
1043 3107 1210 3162 ἐθνῶν
1241 3112 1474 3162 ποιεῖται
1505 3109 1837 3182 προφητείαν
1870 3111 1957 3163 λέ-

374 3214 485 3266 γων
503 3215 516 3228 ·
548 3218 566 3249 ι
591 3201 653 3251 Ol
675 3197 944 3270 ὀφθαλμοὶ
969 3199 1134 3253 αὐτοῦ
1162 3202 1254 3254 ἐπὶ
1276 3202 1342 3256 τὰ
1370 3201 1494 3272 ἔθνη
1519 3201 1921 3255 ἐπιϐλέπουσιν.
1937 3221 1954 3252 ι

2056 642 2110 690 et
2143 645 2321 704 patres
2352 635 2595 705 ipsorum
2641 651 2815 706 usque
2844 637 2908 689 ad
2960 645 3279 706 praesentem
3316 638 3455 693 diem
3475 637 3522 668 '"
3554 656 3566 690 :
3603 657 3621 688 ι

2055 736 2109 781 et
2150 738 2335 796 postea
2365 747 2376 782 :
2407 747 2425 779 ι
2458 727 2512 783 Si
2540 728 2679 784 forte
2724 730 2948 784 audiant
2972 738 3026 784 et
3067 728 3468 792 deterreantur,
3500 730 3628 799 quia

2055 817 2250 874 domus
2290 821 2730 890 exasperantium
2762 830 2846 877 est
2868 822 2950 886 '9;
2988 841 3004 872 ι
3039 829 3092 875 et
3134 825 3369 875 iterum:
3404 840 3422 870 ι
3455 820 3520 873 Ει
3551 822 3632 874 lo-

2055 926 2194 980 quar
2241 927 2523 969 sermones
2558 929 2709 970 meos
2755 915 2821 968 ad
2858 915 3004 979 illos,
3046 915 3093 969 si
3143 913 3281 969 forte
3325 913 3549 968 audiam
3579 921 3633 967 et

2055 1001 2454 1068 deterreantur,
2505 1005 2634 1075 quia
2672 1004 2869 1059 domus
2924 1004 3364 1074 exasperantium
3409 1009 3492 1056 est
3515 1001 3629 1058 ⁸ο.»

2054 1093 2120 1146 Et
2152 1094 2205 1148 in
2237 1110 2302 1149 cv
2324 1097 2534 1167 psalmo
2568 1097 2773 1152 dictum
2804 1105 2928 1152 est:
2960 1117 2977 1148 ι
3008 1096 3147 1162 Quia
3169 1095 3636 1151 exacerbaverunt

2056 1187 2310 1255 spiritum
2358 1187 2480 1258 ejus
2503 1189 2580 1251 ⁶¹;
2615 1207 2633 1239 ι
2694 1203 2758 1242 ac
2812 1203 3033 1242 rursum
3073 1206 3086 1240 :
3130 1206 3148 1237 ι
3183 1184 3338 1256 Saepe
3385 1183 3637 1238 liberavit

2054 1293 2168 1333 eos.
2216 1277 2323 1350 Ipsi
2381 1288 2566 1333 autem
2616 1279 3087 1335 exacerbaveruut
3141 1291 3266 1332 eum
3308 1278 3362 1330 in
3405 1275 3639 1330 consilio

2056 1383 2158 1423 suo
2187 1369 2255 1424 θ’.
2287 1389 2305 1419 ι
2353 1370 2469 1424 lmo
2499 1370 2663 1426 etiam
2689 1369 2906 1440 Moyses
2940 1369 3294 1425 acerbitatem
3325 1383 3516 1422 eorum
3543 1367 3640 1422 de—

2055 1462 2229 1514 clarat
2269 1462 2356 1516 his
2399 1464 2617 1520 verbis:
2651 1483 2668 1514 ι
2702 1463 2838 1518 Nam
2862 1479 2926 1518 ex
2961 1463 3119 1519 vinea
3156 1461 3519 1516 Sodomorum
3566 1461 3641 1514 vi-

2056 1571 2158 1609 nea
2206 1571 2418 1620 eorum,
2473 1564 2528 1610 et
2561 1557 2769 1626 palmes
2809 1573 2997 1612 eorum
3041 1572 3110 1610 ex
3154 1554 3479 1610 Gomorrha.
3525 1551 3639 1608 Uva

2054 1663 2244 1701 eorum
2278 1664 2382 1702 uva
2417 1646 2581 1711 fellis,
2618 1649 2812 1704 botrus
2851 1649 3170 1703 acerbitatis
3202 1663 3393 1703 eorum
3419 1646 3484 1700 “.
3527 1666 3545 1698 ι
3579 1648 3639 1700 In

2054 1739 2291 1795 Jeremia
2321 1748 2503 1796 autem
2539 1742 2606 1794 ad
2631 1739 2850 1796 eosdem
2879 1740 3085 1794 dicitur
3110 1759 3122 1793 :
3157 1758 3174 1790 ι
3207 1737 3493 1806 Quomodo
3515 1754 3643 1793 con-

2055 1848 2214 1888 versa
2266 1841 2351 1888 est
2384 1833 2438 1886 in
2489 1831 2915 1887 amaritudinem
2955 1831 3084 1885 vitis
3131 1830 3308 1884 aliena
3335 1829 3421 1883 “1?
3453 1849 3470 1881 ι
3509 1827 3642 1884 Jure

2061 1924 2224 1995 igitur
2296 1924 2386 1978 hic
2455 1939 2676 1994 Quoque
2725 1930 3119 1994 exasperantes
3168 1930 3451 1977 vocantur.
3503 1919 3640 1974 Dum

2062 2024 2244 2070 autem
2263 2031 2328 2071 ex
2356 2015 2585 2071 adverso
2608 2014 2849 2085 gentium
2875 2022 2930 2068 et
2960 2013 3156 2069 salutis
3186 2028 3376 2068 eorum
3404 2012 3641 2067 mentio-

2061 2123 2183 2162 nem
2220 2122 2399 2162 sermo
2432 2105 2583 2172 facit,
2619 2106 3081 2174 comparationem
3129 2102 3360 2164 inducit,
3401 2118 3524 2156 cum
3576 2103 3644 2157 iis

2060 2198 2154 2268 qui
2179 2214 2245 2251 ex
2275 2196 2696 2252 circumcisione
2729 2202 2881 2260 sunt,
2911 2195 3102 2250 dicens
3129 2212 3141 2248 :
3173 2212 3192 2246 ι
3223 2192 3376 2249 Oculi
3394 2196 3514 2264 ejus
3547 2209 3644 2249 su-

2061 2305 2157 2360 per
2187 2297 2374 2360 gentes
2407 2289 2729 2359 respiciunt,
2761 2288 2854 2358 qui
2884 2296 3214 2358 exasperant
3241 2301 3353 2341 non
3391 2287 3637 2342 exaltcn—

2063 2391 2153 2434 tur
2203 2381 2257 2434 in
2308 2381 2639 2450 semetipsis.
2688 2379 3027 2445 Benedicite,
3074 2386 3287 2450 gentes,
3342 2376 3510 2434 Deum
3551 2395 3646 2434 no-

2063 2483 2263 2537 strum,
2292 2480 2346 2526 et
2367 2472 2608 2526 auditam
2641 2470 2804 2526 facite
2827 2486 3016 2527 vocem
3040 2472 3218 2528 laudis
3243 2471 3382 2541 ejus.
3418 2489 3436 2521 ι
3466 2469 3647 2524 Evan-

2062 2564 2296 2633 gelicum
2330 2577 2451 2618 esse
2483 2562 2753 2631 psalmum
2784 2560 2895 2630 jam
2947 2561 3051 2616 sub
3091 2561 3306 2615 initium
3331 2561 3647 2616 observavi-

2062 2671 2220 2710 mus:
2249 2641 2590 2724 quodetiam
2622 2669 2688 2707 ex
2721 2659 2836 2706 tota
2877 2653 3178 2724 prophetiae
3221 2653 3361 2708 serie
3388 2667 3644 2721 compro-

2063 2749 2244 2803 batur.
2295 2746 2431 2801 Nam
2485 2746 2641 2801 initio
2690 2760 2906 2801 omnem
2971 2754 3174 2800 terram
3227 2745 3642 2814 compellabat:

2063 2841 2368 2911 deindeque
2397 2839 2554 2910 plura
2599 2839 2827 2905 docens,
2865 2839 3073 2893 clarius
3105 2838 3173 2893 de
3201 2838 3455 2910 gentibus
3504 2837 3646 2890 vati-

2063 2935 2282 2990 cinatur
2327 2932 2562 2988 dicens:
2603 2951 2621 2982 ι
2655 2931 2812 2987 Oculi
2853 2932 2972 3002 ejus
3020 2947 3186 3002 super
3237 2938 3428 3002 gentes
3467 2931 3645 2999 respi-

2064 3029 2239 3083 ciunt.
2274 3046 2292 3078 ›
2332 3025 2464 3082 Post
2507 3025 2826 3095 hujusmodi
2885 3025 3069 3094 itaque
3116 3023 3420 3078 doctrinam
3459 3037 3648 3076 conse-

2064 3128 2297 3190 quenter
2335 3119 2594 3175 omnihus
2644 3117 2926 3190 gentibus,
2961 3123 3150 3185 utpote
3173 3129 3295 3186 qua:
3328 3128 3494 3184 supra
3533 3127 3649 3167 me-

2065 3223 2278 3266 morata
2315 3211 2686 3268 edidicerunt.
2716 3216 2770 3263 et
2805 3208 2934 3261 hinc
2977 3207 3267 3261 utilitatem
3297 3212 3473 3260 nactae
3496 3215 3648 3271 sunt,

375 3291 529 3345 Μετὰ
557 3291 620 3364 δὴ
642 3287 734 3345 οῦν
761 3292 859 3363 τὴν
882 3293 1088 3347 τούτων
1116 3293 1462 3349 διδασκαλίαν
1484 3270 1800 3359 ἀκολούθως
1826 3296 1958 3348 πᾶσι

2067 3306 2311 3376 praecipit
2340 3311 2398 3358 ut
2421 3311 2502 3357 tot
2529 3302 2919 3356 miraculorum
2947 3299 3386 3368 terribiliumque
3419 3312 3646 3368 operum

373 3384 485 3446 τοῖς
515 3382 756 3448 ἔθνεσιν,
795 3382 871 3446 ὡς
915 3381 980 3436 ἂν
1011 3383 1384 3456 ὠφελημένοις
1432 3387 1498 3438 ὲκ
1531 3385 1625 3438 τοῦ
1674 3403 1962 3458 προμεμα-

375 3472 601 3545 θηκέναι
648 3475 717 3528 τὰ
763 3475 1130 3547 προλεχθέντα
1160 3517 1173 3541 ,
1237 3477 1478 3547 εὐλογεῖν
1527 3477 1635 3530 τῶν
1689 3477 1961 3532 τοσούτων

377 3565 672 3637 θαυμάτων
698 3569 804 3621 τῶν
834 3585 894 3621 τε
940 3568 1188 3640 φοϐερῶν
1219 3569 1398 3641 ἔργων
1438 3571 1666 3641 ποιητὴν
1713 3587 1955 3642 impexa-

375 3656 589 3711 λεύεται
610 3658 784 3728 λέγων
804 3677 816 3689 ·
853 3679 871 3711 ι
901 3661 1207 3729 Εὐλογεῖτε,
1239 3662 1364 3733 ἔθνη
1386 3701 1400 3725 ,
1437 3662 1527 3714 τὸν
1560 3662 1693 3715 Θεὸν
1720 3662 1894 3732 ἡμῶν.
1938 3683 1955 3713 ι

377 3751 469 3820 Μὴ
496 3750 605 3822 γὰρ
634 3753 762 3814 τοὺς
793 3753 1113 3824 ὑμετέρους,
1144 3755 1297 3825 φησὶ,
1330 3755 1456 3818 τοὺς
1491 3755 1659 3809 πάλαι
1682 3755 1961 3825 πεπλανη-

378 3841 554 3912 μένως
579 3842 966 3914 νομιζομένους
995 3843 1180 3908 θεοὺς.
1209 3844 1344 3898 άλλά
1367 3844 1457 3898 τὸν
1490 3846 1777 3917 ἡμέτερον,
1812 3845 1872 3898 ὃν
1901 3848 1965 3898 ὲκ

376 3935 627 4006 πατέρων
671 3939 833 4007 ἡμεῖς
861 3937 1314 4009 ὲπεγραῲάμεθα,
1347 3936 1535 3991 τοῦτον
1569 3938 1784 4006 γνόντες
1824 3933 1962 3990 εἶναι

375 4024 465 4078 τὸν
514 4026 766 4098 ἀληθινὸν
797 4028 949 4082 Θεόν.
999 4030 1112 4084 Νῦν
1137 4029 1290 4099 γοῦν,
1322 4031 1370 4082 εί
1417 4031 1512 4084 καὶ
1558 4029 1632 4102 μὴ
1678 4029 1963 4102 πρότερον,

377 4119 472 4172 καὶ
524 4120 682 4191 ὑμεῖς
734 4122 1026 4190 εὐλογεῖτε.
1080 4122 1471 4195 Εὐφημοῦντες
1517 4123 1573 4176 δὲ
1623 4124 1807 4188 αὑτὸν,
1871 4123 1964 4176 καὶ

373 4211 726 4282 εὐλογοῦντες
764 4213 840 4278 ὼς
882 4215 1039 4286 μόνον
1075 4216 1326 4288 ἀληθινὸν
1372 4216 1465 4269 καὶ
1501 4215 1679 4270 κοινὸν
1709 4216 1965 4270 ἁπάντων

375 4300 534 4372 ἡμῶν
565 4320 624 4355 τε
667 4303 761 4356 καὶ
787 4303 941 4375 ὑμῶν
974 4304 1107 4360 Θεὸν
1133 4347 1148 4373 ,
1186 4306 1260 4378 μὴ
1310 4305 1740 4376 σεσιωπημένως
1763 4347 1778 4370 ,
1830 4305 1966 4377 μηδὲ

376 4393 590 4464 ήρεμέᾳ
621 4395 739 4466 (sic)
784 4398 852 4467 τῇ
885 4399 1034 4468 φωνῇ
1090 4397 1248 4451 τοῦτο
1303 4397 1571 4469 πράττετε
1595 4415 1606 4427 ·
1646 4398 1742 4451 σὺν
1793 4396 1962 4468 πολλῇ

375 4485 430 4537 δὲ
463 4487 749 4560 παρρησίᾳ
801 4489 895 4541 καὶ¹
934 4488 1166 4561 θάρσει,
1207 4494 1410 4562 φωναῖς
1447 4508 1507 4544 τε
1557 4491 1816 4558 γεγωνοῖς
1869 4489 1964 4542 καὶ

375 4578 527 4680 θοαῖς
569 4581 848 4680 γρήσασθε
897 4583 1192 4653 μεγάλαις·
1249 4584 1326 4648 ὡς
1368 4584 1462 4637 καὶ
1504 4585 1617 4647 τοῖς
1661 4582 1960 4655 ἀλλοτρίοις
1994 4625 2038 4680 D

375 4671 669 4724 ἀκούεσθαι
724 4673 824 4745 τὴν
875 4675 1342 4748 ἀναπεμπομένην
1401 4679 1480 4740 εἰς
1513 4677 1646 4731 Θεὸν
1677 4677 1764 4745 ὑφ’
1807 4676 1962 4747 ὑμῶν

375 4764 610 4818 αῖνεσιν⁶
640 4765 668 4817 ὸ
691 4764 756 4838 δὴ
795 4768 887 4819 καὶ
912 4768 940 4820 ὁ
971 4767 1161 4840 Σωτὴρ
1199 4769 1388 4839 ἐδήλου
1433 4769 1636 4838 λέγων·
1669 4787 1686 4820 ι
1734 4770 1800 4822 Ὃ
1820 4767 1964 4837 λέγω

374 4857 502 4930 ὑμῖν
529 4859 588 4910 ὲν
607 4860 673 4928 τῇ
701 4859 892 4931 σκοτίᾳ
915 4859 1104 4914 εἴπατε
1129 4862 1187 4913 ὲν
1208 4862 1286 4932 τῷ
1311 4863 1469 4932 φωτὶ,
1500 4863 1596 4916 καὶ
1622 4861 1650 4914 ὃ
1681 4862 1760 4926 εἰς
1788 4860 1848 4914 τὸ
1871 4856 1963 4923 οῦς

373 4949 624 5016 ἀκούετε,
652 4950 958 5022 κηρύσσετε
982 4953 1206 5007 ἐπὶτῶν
1241 4954 1527 5026 δωμάτων.
1564 4975 1582 5007 ι
1622 4955 1839 5026 Ταύτης
1867 4949 1962 5007 οὖν

369 5037 555 5110 ἔχεται
587 5043 686 5112 τῆς
719 5041 958 5105 διανοίας
987 5044 1047 5096 τὸ
1087 5044 1294 5112 φάσκον
1344 5045 1552 5114 λόγιονο
1605 5066 1622 5097 ι
1658 5047 1770 5099 Καὶ
1795 5048 1956 5099 ἀκου-

371 5130 558 5184 τίσατε
591 5133 690 5203 τὴν
724 5131 906 5202 φωνὴν
929 5132 1030 5202 τῆς
1056 5134 1313 5198 αἰνέσεως
1344 5135 1541 5188 αὐτοῦ’
1583 5155 1602 5187 ι
1636 5136 1670 5206 ἢ
1706 5136 1848 5190 κατὰ
1871 5136 1962 5188 τὸν

2067 3397 2330 3451 artilicem
2371 3395 2716 3452 benedicant.
2781 3412 2799 3442 ι
2835 3392 3166 3457 Benedicite,
3215 3391 3414 3460 inquit,
3458 3400 3649 3461 gentes

2066 3487 2235 3543 Deum
2275 3494 2545 3542 nostrum.
2583 3508 2600 3538 ι
2635 3484 2752 3539 Non
2787 3484 3070 3555 pristinos,
3104 3483 3200 3546 ait,
3232 3491 3470 3544 vestros,
3509 3496 3650 3551 quos

2066 3579 2199 3634 deos
2226 3593 2351 3633 esse
2375 3584 2628 3632 errantes
2661 3576 2975 3647 putabatis;
3022 3573 3117 3629 scd
3163 3581 3440 3636 nostrum,
3481 3588 3646 3642 quem

2067 3673 2135 3726 ab
2163 3671 2279 3726 avis
2315 3686 2488 3740 usque
2530 3670 2735 3726 nostris
2767 3667 2938 3724 Deum
2988 3666 3370 3736 ascripsimus,
3410 3666 3650 3720 scientes

2067 3761 2216 3816 hunc
2256 3777 2446 3816 verum
2489 3775 2611 3816 esse
2661 3759 2852 3814 Deum.
2907 3757 3062 3812 Nunc
3089 3758 3274 3828 igitur,
3333 3757 3550 3812 etiamsi
3597 3757 3649 3810 id

2067 3855 2223 3925 prius
2246 3868 2357 3908 non
2391 3852 2652 3916 feceritis,
2683 3868 2781 3906 vos
2803 3867 3021 3920 quoque
3056 3851 3382 3906 benedicite.
3415 3848 3648 3904 Benedi-

2067 3955 2255 4001 centes
2286 3951 2466 4000 autem
2492 3952 2546 3998 et
2583 3943 2872 3998 laudantes
2904 3943 3055 3996 illum
3089 3951 3148 3996 ut
3177 3943 3354 3998 solum
3379 3957 3564 3996 verum
3597 3949 3652 3995 et

2067 4050 2416 4090 communem
2465 4036 2712 4087 omnium
2756 4041 2868 4085 tam
2915 4040 3166 4084 nostrum
3200 4044 3363 4100 quam
3407 4033 3648 4084 vestrum

2069 4127 2261 4192 Deum,
2311 4141 2381 4179 ne
2426 4125 2617 4190 tacite,
2659 4139 2768 4178 neu
2797 4121 3039 4177 demissa
3081 4135 3215 4174 voce
3253 4120 3307 4175 id
3350 4120 3522 4190 agite;
3555 4119 3651 4174 sed

2068 4233 2192 4274 cum
2243 4216 2416 4271 multa
2462 4215 2660 4270 ﬁducia
2707 4222 2762 4270 et
2811 4211 3164 4273 conﬁdentia,
3207 4210 3318 4264 alta
3351 4224 3485 4266 voce
3532 4224 3649 4262 ma-

2065 4309 2298 4380 gnisque
2347 4305 2684 4361 clamoribus
2746 4301 3005 4368 utimini,
3058 4310 3120 4355 ut
3178 4301 3368 4356 laudes
3417 4314 3447 4352 a
3499 4297 3653 4354 vobis

2067 4399 2180 4452 Deo
2228 4397 2446 4453 emissa:
2497 4396 2662 4452 etiam
2700 4395 2769 4450 ab
2817 4394 3094 4449 extraneis
3142 4392 3457 4456 audiantur,
3501 4389 3650 4460 quod

2067 4492 2232 4546 etiam
2295 4487 2554 4544 Servator
2621 4487 2707 4543 his
2766 4485 2948 4542 verbis
3015 4483 3368 4540 declarabat:
3442 4502 3460 4533 ι
3491 4482 3651 4550 Quod

2068 4583 2192 4638 dico
2239 4581 2398 4637 vobis
2436 4581 2490 4635 in
2519 4578 2784 4647 tenebris,
2828 4577 2994 4632 dicite
3034 4577 3090 4630 in
3130 4577 3360 4641 lumine,
3407 4585 3461 4631 et
3505 4575 3652 4644 quod

2071 4677 2126 4730 in
2162 4690 2295 4730 aure
2343 4674 2566 4733 auditis,
2621 4671 2916 4744 praedicate
2960 4685 3124 4740 super
3167 4676 3312 4724 tecta
3335 4669 3400 4720 ⁸⁸.
3433 4687 3451 4719 ι
3516 4666 3652 4722 Huic

2071 4769 2240 4840 igitur
2294 4766 2584 4822 sentential
2650 4763 2807 4818 aliine
2863 4762 2971 4817 hoc
3030 4762 3239 4816 dictum
3312 4770 3397 4815 est
3451 4779 3465 4815 :
3526 4780 3545 4812 ι
3587 4759 3652 4813 Et

2070 4861 2311 4916 auditam
2366 4858 2530 4914 facite
2577 4873 2764 4912 vocem
2800 4855 2979 4910 laudis
3008 4855 3164 4924 ejus;
3210 4873 3229 4904 ι
3273 4854 3410 4918 sive,
3448 4867 3650 4908 secun-

2069 4954 2200 5010 dum
2235 4951 2624 5023 Symmachum
2663 4969 2676 5004 :
2716 4968 2734 5000 ι
2764 4949 3018 5002 Auditam
3051 4946 3216 5000 facite
3244 4960 3432 4999 vocem
3463 4945 3653 5016 hymni

2068 5047 2208 5117 ejus.
2251 5065 2270 5096 ι
2313 5045 2496 5098 Mirari
2532 5057 2699 5114 porro
2723 5042 2873 5095 subit
2905 5040 2999 5109 qui
3050 5038 3308 5108 impletus
3340 5037 3430 5091 hic
3469 5052 3653 5092 sermo

2070 5134 2258 5196 fuerit,
2283 5131 2504 5204 quando
2533 5147 2630 5202 per
2663 5133 2982 5185 universum
3013 5129 3225 5192 orbem,
3254 5129 3310 5182 in
3329 5128 3525 5183 mediis
3557 5144 3652 5181 ur-

2074 5227 2254 5288 bibus,
2292 5225 2347 5278 in
2373 5225 2541 5289 vicis.
2574 5224 2630 5277 in
2673 5223 2820 5294 agris
2868 5236 2964 5291 per
3011 5221 3298 5276 universas
3341 5219 3434 5274 Dei
3466 5218 3656 5274 Eccle-

2077 5319 2211 5384 sias,
2244 5317 2452 5372 Christi
2484 5315 2674 5386 populi
2715 5330 2782 5370 ex
2825 5313 3104 5369 universis
3137 5312 3390 5384 gentibus
3431 5311 3650 5376 delecti,

2079 5411 2314 5482 hymnos
2334 5421 2388 5463 et
2424 5408 2688 5477 psalmos,
2724 5420 2832 5460 non
2860 5404 3053 5475 patriis
3088 5405 3198 5460 diis
3220 5442 3234 5466 ,
3279 5418 3386 5458 non
3424 5401 3519 5457 Dei
3550 5401 3658 5455 ini-

2079 5502 2238 5557 micis
2257 5501 2636 5566 dmmonibus;
2669 5498 2764 5554 sed
2793 5498 2888 5552 uni
2927 5495 3038 5552 Deo
3084 5513 3114 5550 a
3149 5495 3428 5566 prophetis
3464 5493 3657 5568 praedi-

2081 5603 2225 5662 cato,
2255 5595 2364 5650 alta
2397 5594 2657 5651 emittunt
2687 5607 2840 5656 voce,
2871 5591 2944 5645 ita
2985 5599 3046 5646 ut
3071 5590 3421 5661 psallentium
3439 5603 3542 5644 vox
3569 5603 3654 5674 vel

373 5222 689 5294 Σύμμαχονσ
716 5243 733 5274 ι
759 5221 1111 5288 Ἑξάκουστον
1135 5229 1336 5279 ποιεῖτε
1352 5227 1450 5298 τὴν
1468 5228 1651 5299 φωνὴν
1676 5228 1769 5281 τοῦ
1793 5227 1966 5298 ῦμνου

374 5316 560 5368 αὑτοῦ.
589 5335 607 5367 ι
642 5315 930 5387 Θαυμάσαι
955 5316 1013 5370 δὲ
1043 5317 1158 5370 ἔστι
1190 5317 1285 5372 τοῦ
1314 5319 1472 5388 λόγου
1502 5321 1563 5373 τὸ
1592 5321 1962 5390 ἀποτέλεσμα,

374 5407 460 5461 ῦτε
510 5408 632 5463 καθ’
660 5409 786 5480 ὅλης
836 5411 937 5481 τῆς
967 5408 1270 5480 ἀνθρώπων
1295 5413 1642 5484 οἰκουμένης,
1679 5414 1736 5465 ὲν
1772 5413 1970 5483 μέσαις

372 5506 494 5565 ταῖς
539 5503 745 5566 πόλεσι,
782 5502 840 5557 ἐν
880 5520 938 5556 τε
991 5503 1208 5575 κώμαις
1246 5505 1340 5557 καὶ
1372 5503 1578 5576 χώραις
1611 5504 1752 5558 κατὰ
1791 5504 1970 5569 πάσας

371 5595 473 5658 τὰς
497 5596 821 5668 Ἐκκλησίας
843 5596 936 5650 τοῦ
953 5596 1111 5662 Θεοῦ,
1131 5599 1181 5650 οἱ
1201 5596 1294 5650 τοῦ
1313 5597 1552 5669 Χριστοῦ
1569 5598 1689 5652 λαοὶ
1715 5597 1772 5666 ἐξ
1795 5599 1971 5652 ἀπάν-

2298 5779 2342 5811 ⁶¹
2377 5775 2512 5834 lbid.
2571 5775 2657 5831 45.
2738 5777 2782 5807 ⁸³
2811 5773 2969 5830 Deut.
3012 5788 3185 5837 xxxii,
3211 5770 3299 5827 52.
3380 5772 3424 5804 ⁸⁸
3452 5769 3660 5825 ⁴Ιοιυιξιιιοι

449 5778 494 5808 ⁵⁸
519 5777 712 5833 Ezech.
748 5794 809 5842 ιι,
839 5779 893 5836 5.
967 5781 1012 5812 ³⁸
1043 5778 1174 5834 Ibid.
1220 5779 1272 5834 5.
1352 5781 1395 5811 ⁶⁰
1423 5779 1560 5834 Ibid.
1613 5779 1661 5831 7.
1740 5781 1780 5811 ⁶¹
1811 5778 1955 5836 Psal.
2010 5797 2096 5844 ω’,
2133 5779 2222 5835 55.

385 5863 447 5902 ιι.
475 5850 565 5904 ‘2l.
643 5851 687 5880 “
717 5849 904 5905 Matth.
943 5867 995 5916 χ,
1017 5850 1105 5904 27.
