4090 6376
439 375 537 430 εῖδει

438 494 503 551 ab
547 494 617 550 iis
654 493 749 563 qui
795 491 929 560 foris
966 492 1277 548 consistunt
1326 491 1616 559 audiatur;
1651 499 1709 544 ιιι
1763 506 1999 562 praesens
2030 522 2073 578 Α

438 601 615 644 sermo
662 599 827 656 Opere
876 584 1215 654 compleatur
1247 602 1260 637 :
1300 603 1317 632 ι
1357 583 1709 648 Benedicite,
1767 590 1955 653 gentes
1984 621 2000 645 ,

436 677 605 733 Deum
646 685 936 741 nostrum,
980 684 1036 731 et
1074 676 1313 730 auditam
1376 675 1538 730 facite
1593 689 1780 729 vocem
1830 673 2006 728 laudis

435 769 571 839 ejus.
613 788 634 821 ›
663 767 898 823 Additur
918 774 1110 838 postea
1139 785 1153 821 :
1188 774 1211 817 ι’
1238 766 1340 832 Qui
1360 766 1541 836 posuit
1570 765 1806 819 animam
1832 778 2008 818 meam

435 860 497 914 ad
557 860 762 923 vitam,
798 864 853 914 et
903 874 1012 914 non
1059 856 1209 913 dedit
1263 858 1318 911 in
1371 856 1792 912 commotionem
1842 854 2008 925 pedes

436 965 603 1006 meos.
650 970 670 1002 ι
709 948 818 1004 Pro
851 948 946 1011 illo
975 957 1185 1011 autem,
1222 968 1240 999 ι
1279 949 1523 1003 animam
1547 962 1746 1013 meam,
1770 945 2007 1001 animam

436 1032 704 1108 nostram,
749 1061 769 1094 ι
816 1041 1015 1111 reliqui
1076 1056 1269 1096 omnes
1318 1040 1644 1108 interpretes
1680 1036 2005 1095 ediderunt:

350 1180 353 1183 .
438 1146 499 1187 ac
531 1147 750 1188 rursum
781 1147 881 1203 pro
904 1131 1017 1198 illo,
1055 1149 1074 1182 ι
1118 1130 1283 1201 pedes
1315 1145 1490 1198 meos,
1539 1131 1707 1203 pedes
1727 1138 1947 1186 nostros
1986 1148 2005 1182 ι

438 1226 563 1279 item
592 1240 783 1280 omnes
816 1223 1157 1294 interpretati
1193 1232 1340 1278 sunt.
1372 1221 1492 1278 Non
1525 1230 1768 1286 tantum,
1802 1221 2008 1292 inquit,

438 1329 536 1384 pro
566 1314 810 1383 antiquis
843 1314 953 1369 illis
997 1315 1088 1368 Dei
1144 1315 1425 1383 operibus,
1456 1329 1578 1384 qua:
1625 1328 1792 1385 supra
1824 1312 2012 1370 decla-

440 1414 558 1461 rata
592 1416 744 1470 sunt,
784 1408 1043 1478 hymnum
1087 1408 1191 1473 ipsi
1227 1416 1279 1462 et
1312 1408 1504 1464 laudes
1529 1409 1794 1474 emittite;
1826 1406 1923 1462 sed
1943 1407 2015 1463 ob

438 1498 700 1553 beneﬁcia
755 1500 915 1554 nobis
960 1499 1114 1568 ipsis,
1146 1499 1242 1570 qui
1286 1499 1415 1553 talia
1462 1500 1760 1571 loquimur,
1795 1499 2011 1555 collata.

439 1589 886 1661 Quandoquidem
926 1592 1071 1647 enim
1105 1592 1272 1662 pedes
1305 1601 1546 1655 nostros,
1586 1592 1743 1648 valde
1786 1606 2015 1647 curren-

439 1687 543 1741 trs.
595 1690 781 1753 utpote
817 1682 909 1753 qui
953 1683 1109 1739 vobis
1163 1685 1421 1740 omnibus
1468 1686 1722 1756 gentibus
1775 1685 2017 1742 salutare

440 1772 790 1845 Evangelium
850 1775 1235 1845 praedicemus,
1291 1776 1644 1843 confortavit,
1682 1785 1737 1834 et
1782 1778 1838 1831 in
1890 1778 2016 1832 vita:

1170 371 1446 427 LUSEBII’
1481 368 1961 426 CIESARIENSIS
1994 368 2141 425 OPP.
2185 368 2366 424 PARS
2404 368 2494 421 Ill.
2534 394 2604 408 —-
2635 361 3048 419 EXEGE'I’ICA.

2100 506 2208 542 των
2272 488 2379 541 τῶν
2443 484 2612 539 ἐθνῶν
2672 480 3096 551 συνειλεγμένοι,
3152 477 3278 538 τοὺς
3330 473 3532 545 ὓμνους
3594 477 3682 529 καῖ

3583 357 3682 412 660

2108 581 2207 644 τὰς
2258 578 2598 651 ψαλμῳδὶας,
2627 576 2726 630 οὐκ
2770 576 2860 628 ἐπὶ
2889 575 2999 636 τοῖς
3051 566 3325 641 πατρῴοις
3369 565 3531 631 θεοῖς,
3567 566 3683 621 οὐδὲ

2107 676 2220 740 τοῖς
2275 672 2564 744 θεομάχοις
2612 667 2850 739 δαίμοσι,
2886 665 3031 738 μόνῳ
3049 663 3105 716 δὲ
3129 660 3205 732 τῷ
3231 658 3380 731 παρὰ
3413 659 3524 723 τοῖς
3561 675 3683 726 προ-

2110 770 2308 839 φήταις
2370 760 2773 833 θεολογουμένῳ
2824 758 2963 832 μετά
3011 755 3252 829 μεγάλης
3308 751 3684 839 ἀναπέμπουσι

2112 838 2263 933 βοῆς,
2285 858 2361 922 ὡς
2392 858 2622 921 καὶτοῖς
2646 854 2802 918 ἐκτὸς
2828 851 3052 906 ἑστῶσιν
3078 849 3400 915 ἐξάκουστον
3424 838 3563 897 εἶναι
3582 839 3691 894 τῶν

2108 951 2418 1024 ψαλλόντων
2464 948 2564 1020 τὴν
2614 948 2798 1019 φωνήν
2816 963 2829 976 ·
2865 944 3011 1017 ἔργῳ
3041 937 3416 1012 πληρουμένου
3468 935 3561 989 τοῦ
3590 934 3695 1006 φά-

2113 1061 2332 1105 σκοντος
2365 1040 2600 1096 ἐνταῦθα
2631 1039 2811 1109 λογίου
2829 1054 2841 1066 ·
2877 1058 2894 1088 ι
2928 1034 3237 1103 Εὐλογεῖτε,
3267 1030 3416 1102 ἔθνη,
3439 1028 3532 1083 τὸν
3562 1028 3694 1083 Θεὸν

2113 1135 2291 1207 ἡμῶν,
2324 1134 2418 1187 καὶ
2449 1130 2770 1187 ἀκουτίσατε
2812 1127 2912 1200 τὴν
2961 1124 3145 1194 φωνὴν
3176 1120 3276 1191 τῆς
3315 1118 3572 1180 αἰνέσεως
3600 1117 3698 1172 αὐ-

2112 1225 2228 1279 τοῦ.
2261 1245 2279 1277 ι
2317 1221 2433 1278 Εἴθ’
2461 1223 2588 1294 ἑξῆς
2616 1222 2906 1291 συνῆπται·
2952 1235 2970 1269 t
3001 1214 3109 1269 Τοῦ
3139 1212 3366 1283 θεμένου
3395 1210 3492 1280 τὴν
3518 1209 3697 1280 ψυχήν

2118 1335 2219 1388 μου
2261 1318 2342 1380 εἰς
2392 1315 2558 1386 ζωὴν,
2586 1313 2682 1368 καὶ
2718 1311 2794 1383 μὴ
2819 1310 3002 1373 δόντος
3042 1308 3122 1370 εἰς
3159 1304 3319 1359 σάλον
3363 1304 3488 1367 τοὺς
3530 1300 3698 1364 πόδας

2118 1427 2271 1481 μου.»
2293 1406 2437 1462 Ἀντί
2459 1406 2515 1460 δὲ
2538 1403 2655 1469 τοῦ,
2679 1423 2697 1456 ι
2716 1403 2815 1474 τὴν
2828 1401 3006 1473 ψυχήν
3027 1396 3261 1472 μου,τὴν
3281 1395 3459 1467 ψυχὴν
3484 1392 3692 1465 ήμῦν,›

2114 1499 2163 1550 οἰ
2189 1497 2366 1551 λοιποί¹
2398 1496 2598 1558 πάντες
2628 1490 2960 1565 ἑρμηνευταί
2992 1486 3350 1542 ὲκδεδώκασι·
3404 1483 3505 1538 ικαὶ
3537 1482 3698 1538 πάδσρν

2116 1591 2255 1653 ἀντὶ,
2295 1609 2313 1641 ι
2333 1589 2460 1653 τοὺς
2481 1587 2645 1651 πόδας
2662 1603 2786 1658 μου,
2819 1584 2945 1646 τοὺς
2974 1581 3138 1644 πόδας
3172 1578 3349 1650 ἡμῶν,
3372 1596 3391 1629 ι
3429 1574 3629 1647 ὁμοίως
3652 1577 3699 1629 οἱ

2118 1683 2317 1747 πάντες
2354 1681 2730 1754 ἡρμήνευσαν.
2765 1676 2857 1749 Μὴ
2883 1674 2993 1746 γὰρ
3025 1674 3117 1727 ἐπὶ
3142 1674 3254 1735 τοῖς
3289 1669 3563 1734 παλαιοῖς,
3593 1685 3701 1739 φη·-

2121 1777 2195 1839 σί,
2228 1775 2409 1847 μόνοις
2442 1773 2625 1846 ἔργοις
2651 1770 2746 1824 τοῦ
2774 1766 2932 1831 Θεοῦ,
2958 1766 2994 1820 ἂ
3015 1765 3103 1818 διὰ
3120 1764 3229 1817 τῶν
3251 1760 3560 1834 ἔμπροσθεν
3583 1758 3705 1833 ἐδη-

438 1864 675 1929 deﬂuxu,
734 1867 923 1923 obices
966 1882 1251 1932 amovens,
1310 1871 1549 1924 servavit
1607 1870 2016 1937 inconcussas;

2120 1869 2295 1932 λοῦτο,
2334 1866 2427 1921 τὸν
2455 1864 2623 1936 ὕμνον
2645 1860 2794 1933 αὐτῷ
2818 1859 2914 1912 καὶ
2941 1858 3040 1921 τὰς
3068 1856 3301 1918 αἰνέσεις
3329 1853 3703 1924 ἀναπέμπετε·

438 1958 735 2028 multisque
772 1960 972 2015 anima
1025 1970 1231 2017 nostrae
1274 1962 1689 2028 insidiantibus,
1731 1964 1850 2032 ipse
1895 1964 2016 2033 ejus

442 2057 692 2104 servator
724 2060 779 2106 et
800 2061 990 2113 custos
1024 2050 1128 2107 fuit
1157 2071 1173 2107 :
1207 2067 1400 2108 eorum
1453 2053 1637 2123 itaque
1671 2052 1843 2122 gratia
1878 2070 1897 2102 ι
1925 2053 2019 2109 be-

438 2140 693 2206 nedicite,
717 2152 929 2212 gentes,
959 2142 1135 2199 Deum
1164 2152 1442 2215 nostrum,
1468 2153 1525 2201 et
1560 2145 1805 2201 auditam
1854 2146 2019 2215 facite

439 2245 625 2288 vocem
654 2234 831 2291 laudis
861 2235 1004 2306 ejus.
1044 2255 1063 2288 ι
1098 2234 1225 2292 Haec
1257 2252 1424 2308 porro
1452 2253 1519 2294 ex
1549 2253 1786 2309 persona
1811 2253 2020 2310 praeco-

439 2340 570 2385 num
621 2327 899 2399 Evangelii
945 2328 1238 2387 manifeste
1283 2331 1544 2402 praedicta
1579 2340 1728 2398 sunt,
1781 2349 2017 2404 quorum

440 2437 660 2477 cursum
686 2421 995 2493 pedumque
1028 2423 1285 2478 virtutem
1322 2425 1513 2492 Isaias,
1539 2425 1651 2482 imo
1672 2428 1855 2497 potius
1892 2426 2017 2500 Spi-

441 2515 581 2568 ritus
632 2522 858 2569 sanctus
915 2530 1011 2584 per
1061 2515 1239 2585 ipsum
1288 2516 1600 2581 declarans,
1661 2516 2021 2573 mirabundus

440 2604 779 2660 acclamabat
816 2625 829 2660 :
867 2624 885 2656 ς
923 2604 1097 2672 Quam
1145 2606 1376 2676 speciosi
1431 2606 1600 2678 pedes
1642 2609 2021 2681 evangelizan—

440 2698 571 2751 tium
622 2695 785 2760 bona,
812 2698 1305 2768 evangelizantium
1342 2714 1531 2770 pacem
1557 2700 1601 2732 “
1631 2701 1642 2754 l
1676 2720 1694 2753 ι
1749 2700 2019 2768 Quoniam

439 2790 605 2860 igitur
647 2789 837 2845 multis
889 2790 1172 2847 laboribus
1198 2790 1490 2861 perfuncti,
1521 2801 1575 2848 et
1616 2793 1685 2847 ab
1721 2792 2022 2849 incredulis

438 2881 692 2952 gentibus
733 2883 1081 2939 vexationem
1109 2923 1123 2947 ,
1172 2885 1413 2949 vincula,
1458 2901 1713 2941 carceres
1762 2894 1817 2941 et
1861 2901 2023 2942 omne

440 2972 764 3028 insidiarum
809 2991 982 3044 genus
1021 2978 1289 3045 perpessi,
1349 2976 1721 3035 immutabiles
1766 2994 2022 3049 perman-

440 3079 590 3130 sere;
623 3064 749 3135 jure
777 3080 901 3119 eum
933 3066 1027 3136 qui
1068 3067 1204 3136 ipsis
1245 3067 1392 3123 vires
1431 3068 1739 3132 addiderat,
1774 3069 1868 3141 qui
1904 3071 2023 3122 ani-

442 3170 585 3211 mam
612 3155 856 3226 ipsorum
884 3157 952 3211 ad
982 3159 1149 3212 vitam
1192 3160 1550 3224 custodierat,
1585 3171 1643 3215 ut
1671 3176 1742 3215 ne
1789 3161 1844 3214 in
1893 3176 2019 3230 pee-

441 3248 549 3302 cati
581 3256 814 3303 mortem
845 3249 1156 3317 laberetur;
1191 3252 1282 3322 qui
1313 3252 1482 3322 pedes
1508 3252 1696 3308 llrmos
1716 3259 2018 3313 statuerat,

444 3358 512 3397 ne
539 3342 986 3408 commotionem,
1019 3359 1123 3399 neu
1156 3344 1368 3415 lapsum
1415 3343 1501 3399 vel
1532 3343 1747 3398 ruinam
1778 3352 2030 3415 pateren-

444 3442 554 3497 tur,
586 3449 778 3491 omnes
830 3443 1021 3505 gentes
1060 3432 1385 3491 benedicere
1415 3435 1634 3506 jubent,
1682 3441 1737 3491 et
1782 3434 2025 3491 auditam

446 3526 625 3580 facere
660 3540 849 3581 vocem
894 3525 1073 3582 laudis
1102 3527 1263 3598 ejus;
1294 3543 1404 3582 non
1435 3535 1647 3582 tantum
1682 3542 1781 3600 pro
1807 3527 2027 3582 mirabi-

445 3618 592 3674 libus
651 3619 1103 3690 terribilibusque
1152 3620 1262 3676 illis
1310 3620 1556 3693 antiquis
1601 3620 1899 3693 operibus;
1931 3619 2026 3675 sed

444 3712 610 3768 etiam
638 3727 740 3782 pro
774 3714 1088 3771 recentibus
1118 3713 1432 3780 beneﬁciis,
1468 3715 1627 3787 queis
1665 3713 1905 3768 animam
1933 3727 2028 3768 eo-

450 3821 568 3861 rum
595 3807 690 3877 qui
717 3807 845 3862 talia
877 3809 1235 3878 loquerentur
1276 3809 1343 3862 ad
1382 3809 1553 3862 vitam
1592 3808 1812 3880 posuit,
1850 3822 2028 3876 neque

445 3897 591 3953 dedit
613 3898 666 3952 in
700 3899 1120 3954 commotionem
1146 3899 1314 3971 pedes
1337 3900 1601 3971 ipsorum.
1626 3896 1808 3966 Quare
1830 3912 2028 3954 secun-

445 3987 575 4041 dum
603 3985 992 4059 Symmachum
1021 3989 1306 4060 pluraliter
1332 3989 1538 4047 dicitur
1563 4008 1577 4045 :
1617 4007 1635 4040 ι
1660 3988 1767 4057 Qui
1799 3989 2026 4045 ordina-

445 4082 524 4135 vit
567 4083 804 4137 animam
842 4092 1088 4140 nostram
1134 4082 1204 4138 ad
1258 4083 1452 4150 vitam,
1505 4094 1561 4139 et
1600 4098 1712 4138 non
1737 4080 1887 4138 dedit
1919 4081 2027 4138 labi

446 4174 613 4243 pedes
645 4183 885 4233 nostros.
931 4196 951 4228 ι

2118 1960 2253 2017 ἀλλὰ
2285 1961 2379 2015 καὶ
2409 1958 2498 2013 διὰ
2523 1957 2621 2022 τὰς
2650 1956 2731 2018 εἰς
2762 1954 2913 2025 ἡμᾶς
2945 1951 3143 2014 αὐτοὺς
3170 1950 3296 2012 τοὺς
3323 1946 3498 2000 ταῦτα
3516 1946 3706 2015 λέγον-

2117 2070 2216 2115 τας
2248 2049 2587 2122 εὐεργεσίας.
2606 2044 2824 2115 Ἐπειδὴ
2867 2041 2975 2113 γάρ
3005 2042 3131 2103 τοὺς
3160 2036 3461 2111 ἡμετέρους
3512 2034 3703 2099 πόδας,

2118 2143 2289 2197 πολλὰ
2320 2141 2648 2215 δραμόντας,
2680 2137 2821 2191 ὥστε
2846 2138 3012 2189 πᾶσιν
3030 2133 3159 2205 ύμῖν
3190 2132 3302 2192 τοῖς
3332 2128 3506 2183 ἔθνεσι
3532 2125 3705 2199 κηρύ-

2121 2233 2208 2299 ξαι
2232 2233 2294 2287 τὸ
2322 2231 2587 2302 σωτήριον
2617 2225 2971 2295 Εὐαγγέλιον,
2995 2220 3363 2292 ὲδυνάμωσεν,
3387 2215 3617 2287 ἐφύλαξε
3642 2232 3702 2268 τε

2120 2322 2513 2395 ἁδιατρέπτους
2546 2322 2604 2374 ὲν
2632 2321 2744 2382 τοῖς
2787 2315 2883 2371 τοῦ
2920 2314 3035 2386 βίου
3071 2312 3306 2386 ῥεύμασι
3353 2308 3421 2363 τά
3452 2304 3704 2380 ἐμποδὼν

2121 2415 2418 2487 κωλύματα
2452 2408 2752 2487 περιελών·
2799 2406 3011 2462 πολλῶν
3052 2422 3112 2458 τε
3142 2406 3206 2475 τῇ
3233 2402 3378 2474 ψυχῇ
3404 2400 3563 2473 ἡμῶν
3591 2403 3706 2454 ἑπι-

2121 2484 2505 2571 6ουλεῠυόντων,
2525 2503 2689 2568 αὐτὸς
2708 2500 2915 2572 ταύτης
2944 2497 3129 2570 σωτὴρ
3156 2495 3250 2550 καὶ
3273 2492 3445 2564 φύλαξ
3470 2492 3704 2562 ἐγένετοο

2122 2597 2434 2654 καὶτούτων
2484 2593 2661 2650 αὐτῶν
2696 2592 2860 2646 ἕνεκα
2897 2609 2915 2642 ι
2966 2587 3259 2657 εὐλογεῖτε,
3294 2583 3548 2657 ἐθνη,τὸν
3577 2583 3705 2638 Θεὸν

2121 2696 2152 2764 ἡ
2163 2690 2298 2763 μῶν,
2328 2690 2425 2744 καὶ
2470 2686 2792 2743 ἀκουτίσατε
2835 2683 2934 2756 τὴν
2984 2680 3168 2752 φωνὴν
3200 2678 3300 2749 τῆς
3327 2677 3589 2739 αἰνέσεως
3619 2676 3703 2731 αὐ-

2122 2782 2236 2837 τοῦ.
2272 2801 2291 2833 ι
2325 2779 2509 2835 Ταῦτα
2534 2778 2591 2833 δὲ
2616 2777 2875 2848 ἄντικρυς
2898 2775 2963 2829 ἐκ
2991 2772 3287 2844 προσώπου
3313 2769 3421 2822 τῶν
3450 2767 3704 2841 κηρύκων

2121 2877 2215 2930 τοῦ
2244 2872 2578 2944 Εὐαγγελίου
2626 2869 3081 2942 προανεφωνεῖτο,
3106 2857 3182 2917 ὧν
3231 2861 3324 2915 τὸν
3374 2861 3575 2933 δρόμον
3616 2861 3702 2916 καὶ

2120 2968 2229 3022 τῶν
2257 2965 2433 3021 ποδῶν
2454 2965 2553 3036 τὴν
2574 2962 2778 3035 ἀρετὴν
2816 2959 3070 3021 Ἡσαΐας,
3103 2954 3304 3027 μᾶλλον
3325 2954 3383 3008 δὲ
3402 2953 3463 3007 τὸ
3488 2953 3700 3024 Πνεῦμα

2122 3062 2183 3113 τὸ
2212 3059 2366 3128 ἅγιον
2394 3056 2460 3110 δι’
2484 3054 2649 3109 αὐτοῦ
2681 3051 3070 3126 ἀποθαυμάζον
3096 3047 3226 3102 ἐϐόα
3243 3065 3256 3078 ·
3286 3066 3305 3098 t
3330 3046 3417 3110 Ὦς
3440 3044 3628 3118 ὡραῖοι
3655 3043 3699 3095 0l

2126 3154 2287 3215 πόδες
2321 3152 2431 3207 τῶν
2469 3144 2972 3219 εὐαγγελιζομένων
2999 3139 3202 3211 ἀγαθὰ,
3236 3137 3345 3193 τῶν
3371 3131 3688 3207 εὐαγγελιζο

2048 3215 2090 3273 C
2129 3246 2303 3319 μένων
2339 3215 2595 3317 εἰρήνηνί
2620 3215 2655 3294 ν»
2694 3215 2849 3294 Ἐπει
2894 3235 3096 3297 τοίνυν,
3130 3231 3302 3288 πολλά
3346 3229 3703 3319 κεκμηκότες.

2128 3318 2224 3395 καὶ
2260 3339 2387 3404 τοὺς
2421 3341 2485 3392 ὲκ
2532 3336 2643 3390 τῶν
2673 3333 2918 3389 ἀπίστων
2951 3327 3121 3385 ἐθνῶν
3162 3323 3434 3395 διωγμοὺς
3480 3318 3695 3390 ὑπομει.

2124 3451 2334 3498 ναντες,
2357 3430 2534 3503 δεσμά
2564 3446 2624 3483 τε
2663 3428 2759 3481 καὶ
2797 3422 3047 3497 φυλακὰς
3070 3420 3166 3476 καὶ
3191 3415 3451 3479 παντοίας
3487 3411 3679 3503 ἐπιϐου

2124 3524 2241 3589 λάς,
2276 3500 2624 3594 ἀδιάτρεπτοι
2654 3517 3024 3590 μεμενήκασιν
3046 3530 3061 3545 ·
3087 3511 3313 3574 εἰκότως
3338 3507 3431 3561 τὸν
3462 3500 3701 3573 δυναμώ-

2128 3632 2298 3669 σαντα
2317 3615 2535 3677 αὐτοὺς,
2556 3612 2651 3665 καὶ
2672 3610 2772 3682 τὴν
2799 3609 2899 3680 μὲν
2916 3607 3095 3680 ψυχὴν
3118 3608 3198 3671 εἰς
3218 3602 3361 3676 ζωὴν
3382 3599 3705 3673 φυλάξαντα,

2125 3705 2201 3768 ὡς
2253 3703 2328 3776 μὴ
2376 3703 2629 3756 ἐκπεσεῖν
2676 3698 2849 3770 αὐτὴν
2876 3699 2957 3764 εἰς
2987 3697 3079 3751 τὸν
3117 3696 3217 3768 τῆς
3246 3694 3519 3767 ἁμαρτίας
3551 3689 3705 3743 θάναο

2123 3815 2235 3863 τον,
2273 3796 2402 3861 τοὺς
2433 3795 2491 3849 δὲ
2522 3793 2690 3857 πόδας
2728 3790 2907 3848 αὐτῶν
2951 3789 3212 3862 στερροὺς
3258 3784 3709 3859 ἀπεργασάμενον

2126 3890 2262 3963 πρὸς
2292 3888 2353 3943 τὸ
2386 3887 2461 3959 μὴ
2488 3886 2648 3941 σάλον
2678 3886 2988 3956 ὑπομεῖναι,
3028 3881 3162 3954 μηδὲ
3204 3877 3419 3934 ὄλισθον
3444 3877 3542 3929 καὶ
3572 3873 3711 3928 πτῶο

2128 4000 2232 4048 σιν,
2257 3980 2497 4051 εὐλογεῖν
2531 3981 2669 4034 πᾶσι
2699 3981 2814 4042 τοῖς
2853 3975 3031 4032 ἔθνεσι
3075 3967 3564 4045 παρακελεύονται,
3592 3963 3709 4026 ἔιξά-

2125 4075 2351 4131 κουστόν
2390 4091 2455 4143 γε
2505 4074 2680 4128 ποιεῖν
2729 4070 2829 4141 τὴν
2876 4065 3062 4137 φωνὴν
3092 4062 3195 4131 τῆς
3226 4058 3486 4119 αἰνέσεως
3526 4052 3710 4117 αὐτοῦ,

2125 4170 2226 4223 οὐκ
2269 4167 2363 4222 ἐπὶ
2412 4166 2594 4239 μόνοις
2642 4163 2757 4226 τοῖς
2803 4156 3056 4219 παλαιοῖς
3078 4150 3245 4208 αὐτοῦ
3271 4148 3594 4220 παραδόξοις
3622 4147 3720 4201 καὶ

446 4276 696 4347 φοϐεροῖς
718 4274 920 4347 ἔργοις,
953 4272 1089 4326 ἀλλὰ
1114 4274 1207 4327 καί
1240 4272 1332 4325 ὲπί
1361 4273 1473 4335 τοῖς
1501 4270 1642 4333 νέοις
1666 4269 1912 4338 ἀγαθοῖς,
1943 4267 2029 4338 ἐφ’
2068 4259 2148 4330 οἷς
2209 4264 2309 4336 τὴν
2341 4259 2520 4332 ψυχὴν
2579 4256 2691 4327 τῶν
2720 4248 3184 4347 ταῦτα-λεγόντων
3197 4244 3505 4347 ’ἔθετο-εἰς
3549 4242 3717 4347 ζωὴν,

450 4335 525 4445 μὴ
868 4335 1026 4424 σάλον
1090 4370 1217 4433 τοὺς
1282 4367 1448 4431 πόδας
1477 4366 1675 4420 αὐτῶν.
1711 4335 1802 4420 διὸ
1834 4335 2093 4420 κατὰ-τὸν
2131 4360 2426 4432 Σύμμαχον
2454 4347 2834 4425 πληθυντικῶς
2867 4345 3105 4439 εἴρηταυ
3150 4360 3168 4393 ι
3196 4338 3304 4396 Τοῦ
3334 4337 3595 4406 τάξαντος
3618 4335 3720 4407 τὴν

446 4463 622 4537 ψυχὴν
654 4463 812 4534 ἡμῶν
840 4462 920 4525 εἱς
947 4460 1112 4534 ζωὴν,
1139 4462 1235 4515 καὶ
1265 4461 1339 4533 μὴ
1370 4460 1552 4524 δόντος
1601 4459 1867 4532 σφαλῆναι
1897 4458 2023 4521 τοὺς
2063 4454 2231 4517 πόδας
2256 4449 2433 4521 ἡμῶν.

519 4534 686 4634 νέης.
724 4576 913 4631 ill-15.
949 4595 967 4628 I
997 4576 1267 4644 Quoniam
1296 4575 1538 4647 probasti
1569 4591 1688 4643 nos,
1717 4574 1879 4641 Deus,
1904 4576 2021 4645 igne

2207 4588 2224 4619 ε
2240 4567 2362 4619 Ὀτι
2385 4534 2711 4629 ἐδοκίμασας
2727 4552 2897 4626 ἡμᾶς,
2918 4551 2947 4605 ὁ
2967 4548 3119 4614 Θεὸς,
3136 4547 3429 4619 ἐπύρωσας
3440 4542 3621 4647 suae,
3643 4539 3719 4603 ὡς

426 4686 552 4757 [nos
597 4670 925 4726 eraminasti
951 4710 967 4732 .
1000 4670 1145 4725 sicut
1179 4669 1524 4724 examinatur
1553 4674 1862 4740 argentum.
1904 4685 1922 4718 ι
1962 4663 2029 4719 Ει

450 4764 567 4818 haec
595 4770 995 4833 consequenter
1025 4761 1090 4816 ad
1122 4762 1410 4832 superiora
1438 4762 1584 4817 dicta
1617 4768 1767 4817 sunt.
1799 4757 2029 4828 Oporte-

450 4855 544 4910 bat
568 4855 713 4911 enim
743 4855 961 4911 edoceri
997 4870 1100 4909 nos
1129 4867 1240 4925 quo
1278 4864 1440 4925 pacto
1494 4853 1641 4910 Deus
1676 4851 1924 4923 posuerit
1959 4849 2027 4904 ad

450 4947 615 5002 vitam
646 4947 882 5001 animam
905 4961 1096 5002 eorum
1127 4947 1221 5016 qui
1247 4946 1359 5002 lucc
1381 4945 1649 5010 dicerent,
1677 4951 1732 4998 et
1753 4940 2029 5013 quomodo

451 5041 617 5115 pedes
646 5056 836 5097 eorum
888 5055 996 5095 non
1044 5038 1259 5096 dederit
1302 5040 1359 5094 in
1410 5036 1855 5093 commotionem.
1887 5032 2026 5087 Nam

449 5135 582 5205 quid
615 5133 974 5197 admiserant,
1009 5141 1070 5187 ut
1104 5149 1214 5189 non
1243 5146 1498 5203 corpore,
1539 5128 1636 5186 sed
1668 5128 1850 5183 anima
1878 5125 2029 5197 peri-

450 5229 557 5284 turi
586 5235 801 5291 cssent,
826 5234 883 5281 et
912 5241 1020 5296 qua
1052 5224 1121 5280 de
1152 5238 1323 5280 causa
1351 5225 1407 5279 in
1435 5230 1648 5276 tantum
1684 5218 1911 5290 periculi
1934 5215 2031 5272 de—

451 5330 731 5385 venerant,
777 5329 837 5374 ut
877 5319 1045 5390 pedes
1083 5332 1274 5375 eorum
1317 5312 1699 5372 commovendi
1733 5318 1942 5373 essent,
1977 5308 2032 5365 id

451 5415 763 5486 singulatim
812 5421 1096 5476 enarrant,
1143 5428 1250 5467 una
1294 5409 1405 5466 Deo
1445 5408 1654 5480 gratias
1682 5412 1927 5476 agentes,
1973 5411 2027 5457 et

450 5521 638 5560 eorum.
675 5521 797 5576 quae
835 5505 985 5575 passi
1033 5504 1249 5560 fuerant
1281 5501 1531 5558 notitiam
1558 5499 1882 5570 praebentes.
1907 5494 2027 5549 Pri-

453 5612 540 5649 mo
566 5596 732 5665 igitur
759 5597 932 5663 aiunt,
962 5616 981 5649 ‹
1007 5596 1254 5652 Probasti
1283 5611 1405 5661 nos,
1438 5593 1601 5650 Deus.
1628 5612 1648 5645 ι
1674 5590 1741 5648 Et
1754 5587 2031 5662 quomodo

457 5686 746 5757 probasti?
783 5687 840 5740 ld
869 5690 1144 5757 explicant
1177 5689 1417 5745 dicentes
1455 5707 1465 5743 :
1506 5706 1524 5743 ι
1567 5686 1691 5761 Igne
1751 5700 1854 5743 nos
1903 5698 2032 5745 exa-

535 5842 577 5873 "‘
606 5840 708 5902 lsa.
742 5856 842 5903 ιιι.
872 5842 930 5906 7.

2135 4658 2404 4732 πυροῦται
2429 4653 2490 4706 τὸ
2523 4647 2806 4722 ἀργύριον.
2842 4666 2861 4698 ι
2896 4643 3007 4700 Καὶ
3036 4641 3210 4696 ταῦτα
3238 4634 3546 4732 ἀκολούθως
3570 4633 3718 4732 εἴρῃ-

2132 4723 2226 4810 ται
2244 4752 2355 4813 τοῖς
2374 4742 2701 4819 ἔμπροσθεν.
2719 4739 2916 4813 Ἐχρῆν
2941 4735 3051 4809 γὰρ
3076 4736 3222 4808 ἡμᾶς
3242 4729 3575 4800 διδαχθῆναι,
3600 4723 3717 4819 πῶς

2129 4847 2158 4900 ό
2183 4842 2315 4906 Θεὸς
2343 4816 2442 4912 τὴν
2473 4816 2652 4908 ψυχὴν
2682 4833 2835 4888 ἔθετο
2856 4833 2936 4895 εἰς
2961 4828 3108 4901 ζωὴν
3142 4824 3250 4880 τῶν
3277 4821 3452 4879 ταῦτα
3482 4816 3717 4912 φασκόν-

2129 4956 2259 5003 των,
2290 4909 2525 4996 καὶπῶς
2545 4932 2669 4994 τοὺς
2694 4928 2859 4992 πόδας
2882 4923 3063 4981 αὐτῶν
3091 4922 3152 4975 οὐ
3185 4917 3499 4992 παρέδωκεν
3530 4914 3608 4976 εἰς
3632 4909 3718 4965 σά-

2134 5034 2246 5087 λυν.
2278 5031 2344 5085 Ti
2368 5028 2477 5101 γὰρ
2506 5026 2771 5089 παθόντες
2806 5020 3040 5095 ῆμελλον
3068 5019 3131 5072 ού
3161 5017 3225 5071 τὸ
3264 5014 3445 5086 σῶμα,
3472 5009 3588 5065 ἀλλ’
3616 5008 3718 5061 αὐ-

2135 5125 2232 5197 τὴν
2257 5124 2356 5195 τὴν
2387 5120 2562 5193 ψυχὴν
2586 5114 2904 5177 ἀπολλύναι,
2937 5113 3083 5175 τίνος
3116 5109 3175 5164 δὲ
3202 5106 3497 5179 γενομένου
3522 5104 3602 5166 εἰς
3626 5119 3720 5155 το-

2132 5219 2320 5275 σοῦτον
2352 5216 2562 5288 ἠλασαν
2590 5210 2860 5273 κινδύνου,
2887 5207 2963 5271 ὡς
3008 5206 3134 5267 τοὺς
3166 5201 3333 5267 πόδας
3382 5198 3597 5288 μέλλειν
3625 5211 3721 5248 σα-

2101 5286 2404 5369 ιλεύεσθαι,
2453 5304 2594 5360 κατά
2642 5301 2806 5373 μέρος
2850 5297 3237 5368 διεξέρχονται,
3269 5286 3721 5363 εὐχαριστοῦντες

2134 5403 2253 5473 ἅμα
2275 5397 2356 5468 τῷ
2387 5394 2526 5467 Θεῷ,
2555 5393 2649 5447 καὶ
2680 5387 3027 5445 διδασκαλίαν
3061 5384 3377 5456 ποιούμενοι
3404 5376 3481 5435 ὧν
3507 5380 3721 5448 ὑπομε-

2140 5470 2424 5566 μενήκααι.
2460 5486 2682 5559 Πρῶτον
2697 5478 2790 5537 οὖν
2821 5495 3014 5553 φασιν·
3052 5497 3071 5530 ι
3093 5476 3454 5548 Ἐδοκίμασας
3491 5471 3661 5566 ύμᾷς,
3691 5470 3722 5522 ό

2137 5562 2289 5649 Θεός.
2330 5603 2347 5628 ι
2382 5580 2495 5635 Καὶ
2542 5576 2660 5641 πῶς
2698 5574 3058 5645 ὲδοκίμασαςς
3098 5567 3489 5641 Ἑρμηνεύουσι
3531 5562 3721 5631 λέγον-

2137 5696 2225 5744 τες
2247 5695 2259 5713 ε
2297 5695 2313 5727 ι
2339 5673 2469 5731 ‘Emi
2482 5687 2658 5745 ρωσας
2684 5668 2853 5742 ἡμᾶς,
2884 5665 2959 5732 ὡς
2990 5661 3254 5734 πυροῦται
3284 5660 3344 5715 τὸ
3374 5656 3655 5735 ἀργύριον.
3693 5670 3714 5707 ι
