4090 6370
413 400 511 456 6}!

1499 383 1995 439 COMMENTARIA
2039 382 2103 436 IN
2141 379 2478 436 PSALMOS.

3546 366 3654 424 661

411 506 588 558 Φωναὶ
631 503 687 556 δὲ
726 496 902 566 αὗται,
929 503 1005 566 ὼς
1037 501 1192 570 ἔφην,
1230 501 1538 556 ἀποστόλων
1589 503 1681 555 καὶ
1727 501 1972 573 μαθητῶν

2087 501 2307 556 minasti
2360 499 2500 554 sicut
2552 495 2898 550 examinatur
2957 499 3261 562 argentum.
3300 509 3318 542 ι
3372 487 3464 544 Hae
3522 489 3652 559 ipsa:

412 599 505 652 καὶ
551 595 948 665 εύαγγελιστῶν
988 595 1313 666 τυγχάνουσι
1363 595 1455 648 τοῦ
1507 596 1776 666 Σωτῆρος,
1802 588 1874 648 ὧν
1905 596 1983 658 εἰς

414 693 592 745 πᾶσαν
623 692 718 761 τὴν
747 691 850 762 γῆν
877 689 1096 760 ἐξῆλθεν
1125 689 1154 740 6
1182 687 1435 756 φθόγγος,
1460 688 1555 740 καὶ
1583 690 1662 750 είς
1682 687 1750 741 τὰ
1774 687 1986 759 πέρατα

413 785 508 853 τῆς
540 782 857 853 οἰκουμένης
885 781 952 834 τὰ
980 782 1218 852 ῥήματα.
1253 777 1375 834 Εἶεν
1401 781 1444 834 δ’
1471 780 1535 834 ἂν
1561 780 1784 833 καὶτῶν
1812 779 1981 848 ἁγίων

413 875 502 928 τοῦ
539 874 670 927 Θεοῦ
708 873 1100 945 μαρτύρων,ίοῖ
1146 873 1286 929 κατά
1330 872 1559 944 μίμησιν
1600 871 1710 925 τῶν
1754 869 1984 943 πρώτων

411 967 500 1018 τοῦ
535 967 780 1038 Σωτῆρος
829 950 993 1037 ήμῶν
1013 964 1269 1036 κηρύκων
1291 963 1359 1017 τὰ
1401 965 1492 1017 ῐσα
1533 963 1894 1017 πεπόνθασιν·
1926 965 1983 1015 ὲν

409 1052 488 1118 οἷς
532 1057 657 1121 τοὺς
703 1057 843 1127 ὑπὲρ
873 1056 1180 1118 θεοσεϐείας
1212 1055 1405 1120 ἄθλους
1429 1056 1786 1126 ἠγωνίσαντο.
1817 1054 1983 1107 Φασὶν

408 1143 500 1201 οῦν
528 1147 916 1219 ἑρμηνεύοντες
949 1148 1044 1201 καὶ
1068 1147 1476 1215 διασαφοῦντες,
1512 1148 1657 1210 ὅπως
1684 1145 1780 1217 τὴν
1808 1145 1984 1216 ψυχὴν

407 1238 586 1292 αὐτῶν
620 1239 773 1293 ἔθετο
803 1239 882 1302 είς
909 1239 1072 1309 ζωὴν,
1101 1237 1196 1292 καὶ
1225 1239 1373 1302 ὅπως
1416 1239 1543 1302 τοὺς
1590 1238 1757 1301 πόδας
1805 1237 1983 1291 αὐτῶν

407 1331 506 1384 οὐκ
557 1330 753 1383 ἔδωκεν
799 1333 878 1393 είς
927 1331 1115 1384 σάλονο
1163 1331 1318 1384 «Ὅτι
1368 1330 1697 1402 ἐδοκίμασας
1743 1333 1912 1402 ἡμᾶς,
1957 1333 1984 1384 6

406 1422 554 1486 Θεὸς.
585 1423 660 1486 ὡς
685 1422 945 1494 πυροῦται
962 1422 1022 1476 τὸ
1048 1422 1326 1494 ἀργύριον.
1354 1443 1371 1473 ι
1391 1423 1607 1494 Ἐπειδὴ
1622 1424 1728 1495 γὰρ
1756 1423 1985 1495 ἀπείρα-

409 1529 532 1578 στος
561 1514 699 1584 ἀνὴρ
739 1513 1016 1584 ἀδόκιμος,
1048 1515 1268 1579 εἰκότως
1299 1515 1655 1585 ὲγγυμνάζων
1703 1517 1815 1578 τοῖς
1860 1531 1983 1567 πει-

408 1607 634 1674 ρασμοῖς
677 1603 1009 1675 παραδίδωσι
1061 1606 1185 1668 τοὺς
1232 1604 1465 1668 οἰκείους
1495 1607 1522 1658 6
1552 1604 1714 1668 Θεόςο
1753 1603 1852 1674 ούχ
1899 1605 1984 1656 ἵνα

403 1695 568 1758 αὐτὸς
597 1694 709 1766 γνῷ
736 1695 906 1748 ὁποῖοί
938 1695 1082 1759 τινές
1112 1698 1269 1760 εἰσιν,
1306 1696 1418 1750 ἀλλ’
1451 1697 1558 1760 ίἕνα,
1594 1695 1750 1750 αὐτοὶ
1801 1713 1983 1768 πυρω-

403 1785 586 1851 θέντες
613 1787 980 1859 λαμπρότεροι
1005 1789 1097 1841 καὶ
1122 1787 1495 1861 καθαρώτεροι
1524 1788 1978 1842 ἀποτελεσθῶσιν.

2085 601 2235 656 sunt,
2261 601 2320 647 ut
2361 592 2473 662 jam
2524 590 2661 653 dixi,
2708 588 3102 660 apostolorum,
3162 583 3557 656 discipulorum
3597 591 3652 636 et

2082 686 2540 757 evangelistarum
2571 683 2872 739 Salvatoris
2897 695 3083 744 voces,
3109 693 3343 750 quorum
3377 693 3546 734 sonus
3596 677 3650 730 in

2081 795 2296 835 omnem
2332 787 2534 834 terram
2565 777 2752 840 exivit,
2785 783 2839 830 et
2861 776 2917 830 in
2962 772 3099 828 ﬁnes
3121 772 3272 827 orbis
3299 779 3457 826 terra:
3487 769 3650 824 ver-ba

2081 884 2292 924 eorum.
2330 865 2556 922 Fuerint
2593 880 2810 936 quoque
2843 872 3157 918 sanctorum
3196 860 3290 915 Dei
3326 869 3648 931 martyrum,

2081 961 2174 1030 qui
2209 961 2275 1014 ad
2310 959 2662 1014 imitationem
2699 959 2940 1028 priorum
2971 957 3276 1010 Servatoris
3306 968 3648 1024 praaconum,

2082 1053 2234 1124 paria
2275 1052 2516 1123 perpessi
2551 1058 2698 1115 sunt,
2734 1065 2858 1104 cum
2885 1064 2986 1119 pro
3016 1048 3196 1102 divina
3230 1046 3492 1116 religione
3532 1059 3652 1099 cer-

2082 1143 2290 1198 tamina
2321 1143 2626 1199 subierunt.
2663 1140 2832 1196 Aiunt
2862 1141 3061 1211 itaque,
3094 1141 3428 1210 explicantes
3456 1153 3520 1194 ae
3551 1140 3650 1194 de-

2083 1236 2357 1290 clarantes
2387 1249 2499 1306 quo
2539 1241 2701 1304 pacto
2727 1233 2963 1287 animam
3017 1247 3171 1288 suam
3207 1232 3450 1302 posuerit
3476 1231 3544 1287 ad
3574 1231 3652 1286 vi-

2083 1338 2216 1393 tam,
2238 1338 2292 1383 et
2306 1328 2579 1400 quomodo
2599 1342 2708 1383 non
2734 1326 2943 1381 dederit
2975 1326 3031 1380 in
3053 1324 3472 1380 commotionem
3488 1323 3655 1394 pedes

2083 1437 2213 1478 suos
2247 1441 2260 1476 :
2299 1439 2319 1472 ι
2357 1421 2624 1486 Quoniam
2655 1418 2900 1490 probasti
2940 1433 3065 1481 nos,
3100 1415 3264 1483 Deus,
3285 1424 3344 1471 ut
3373 1416 3498 1486 igne
3523 1430 3654 1469 exa-

2083 1515 2321 1569 minatur
2353 1521 2664 1584 argentum.
2700 1531 2718 1564 ι
2759 1510 2897 1578 Quia
2927 1510 3072 1565 enim
3109 1509 3360 1580 quisquis
3387 1522 3496 1562 non
3525 1521 3653 1576 pro-

2084 1607 2247 1661 batur
2273 1605 2542 1676 inglorius
2573 1611 2680 1669 est,
2705 1605 2827 1674 jure
2854 1602 2996 1658 Deus
3022 1600 3316 1657 familiares
3343 1614 3475 1655 suos
3493 1615 3652 1655 exer-

2084 1714 2238 1762 cens,
2292 1696 2686 1752 tentationibus
2717 1694 2926 1760 tradit;
2957 1708 3066 1747 non
3101 1700 3161 1746 ut
3197 1697 3494 1762 cognoscat
3536 1690 3654 1760 ipse

2085 1789 2308 1860 quinam
2344 1787 2419 1842 illi
2451 1788 2581 1851 sint,
2613 1787 2709 1842 sed
2733 1794 2793 1840 ut
2823 1787 2926 1856 ipsi
2950 1786 3070 1856 igne
3099 1784 3432 1848 examinati,
3467 1783 3652 1852 splen-

404 1878 611 1948 ’Ὠσπερ
645 1877 754 1949 γὰρ
782 1880 840 1931 ὲν
868 1879 1093 1950 ἀργύρῳ
1119 1879 1378 1944 πολλάκις
1409 1881 1717 1952 εὑρίσκεται
1739 1880 1867 1944 ῦλης
1889 1880 1972 1934 ἀλ-

2082 1882 2324 1936 didiores
2356 1896 2418 1934 ac
2445 1880 2704 1950 puriores
2723 1879 2971 1934 evadant.
3003 1875 3472 1946 Quemadmodum
3502 1875 3648 1931 enim

401 1969 617 2042 λοτρίας
646 1971 844 2042 μίγμα,
868 1971 896 2023 ὃ
915 1973 1052 2036 τέως
1080 1971 1177 2043 μὲν
1202 1972 1455 2026 λανθάνει
1484 1973 1590 2044 πρὸ
1611 1974 1709 2044 τῆς
1729 1973 1977 2043 χωνείας,

400 2061 457 2115 ὲν
479 2061 535 2114 δὲ
565 2065 632 2133 τῇ
658 2061 899 2133 πυρώσει
931 2063 1268 2135 διελέγχεται
1302 2067 1396 2119 καὶ
1425 2065 1760 2136 διακρίνεται
1781 2084 1793 2097 ε
1831 2065 1979 2136 μένει

400 2169 458 2206 τε
507 2152 690 2206 λοιπὸν
737 2155 900 2218 αὐτὸς
954 2155 1192 2227 καθαρὸς
1233 2157 1261 2208 6
1299 2157 1558 2230 ἄργυρος,
1593 2156 1854 2228 κρείττων
1886 2157 1980 2208 καὶ

400 2245 774 2316 λαμπρότερος
802 2245 1041 2314 γεγονὼς
1078 2251 1141 2300 ὲκ
1184 2249 1285 2319 τῆς
1318 2248 1638 2320 καθάρσεως
1659 2265 1672 2278 ·
1700 2248 1790 2301 τὸν
1818 2247 1978 2301 αὐτὸν

398 2336 596 2405 τρόπον
628 2337 722 2389 καὶ
747 2338 796 2389 οί
823 2337 916 2389 τοῦ
946 2338 1079 2391 Θεοῦ
1110 2339 1322 2411 ἄνδρες,
1348 2341 1472 2393 ὅσον
1497 2339 1774 2410 ἀλλότριον
1813 2339 1870 2392 ὲν
1912 2341 1976 2409 τῇ

398 2426 607 2481 ἑαυτῶν
653 2427 797 2500 ψυχῇ
846 2430 910 2481 ὲκ
954 2429 1053 2499 τῆς
1109 2432 1238 2502 περὶ
1284 2430 1383 2502 τὴν
1434 2432 1613 2502 σάρκα
1661 2430 1979 2502 συμπλοκῆς

397 2519 804 2588 ἐφειλκύσαντο,
829 2520 988 2573 τοῦτο
1015 2524 1122 2575 πᾶν
1152 2523 1211 2575 ὲν
1237 2525 1352 2586 τοῖς
1381 2523 1727 2594 πειρασμοῖς,
1753 2522 1978 2584 καὶτοῖς

398 2613 514 2662 κατ’
553 2611 732 2664 αὐτῶν
766 2612 1218 2683 ὲπανισταμένοις
1264 2613 1523 2685 διωγμοῖς
1555 2613 1976 2685 άπορύπτονται.

399 2698 521 2767 (sic)
555 2699 888 2770 πυρούμενοι
933 2703 1026 2755 καὶ
1069 2702 1452 2774 καθαιρόμενοι
1495 2704 1582 2757 διὰ
1627 2704 1729 2774 τῆς
1767 2703 1976 2757 τοιᾶσδε

397 2791 643 2857 χωνείας,
677 2791 752 2854 ὡς
781 2794 961 2845 πᾶσαν
992 2793 1289 2847 ἀποϐαλεῖν
1332 2795 1607 2866 ἁμαρτίας
1631 2796 1844 2866 κηλίδα,
1884 2796 1979 2864 ἥν-

396 2879 516 2931 τινά
558 2897 708 2944 ποτε,
737 2881 812 2945 ώς
844 2881 1140 2954 ἄνθρωποι,
1172 2883 1230 2937 ἐν
1267 2901 1407 2938 τισιν
1442 2885 1786 2956 ἐλαττώμασι
1827 2886 1978 2956 γενό-

401 2986 548 3038 μενοι
595 2976 1055 3044 προσεκτήσαντο.
1075 2976 1198 3030 Ἐπὶ
1230 2977 1435 3042 τούτοις
1478 2973 1571 3032 οῦν
1598 2979 1979 3050 εὐχαριστοῦν-

394 3079 505 3126 τες,
531 3065 720 3132 φασίν·
759 3069 913 3122 «Ὅτι
952 3069 1281 3140 ἐδοκίμασας
1311 3071 1478 3142 ἡμᾶς,
1514 3072 1543 3123 ὁ
1585 3070 1736 3135 Θεὸς,
1765 3070 1978 3142 ἐπύρω-

396 3173 494 3220 σας
522 3160 667 3229 ἡμᾶς
694 3159 768 3223 ὡς
800 3161 1065 3234 πυροῦται
1094 3161 1155 3215 τὸ
1183 3161 1464 3234 ἀργύριον.
1497 3182 1515 3212 ι
1540 3162 1616 3214 Ού
1641 3161 1748 3233 γὰρ
1775 3162 1851 3218 ὡς
1877 3181 1976 3216 κα-

393 3248 592 3321 λάμην,
642 3251 751 3304 οὐδ’
785 3253 860 3317 ὡς
909 3253 1118 3325 χόρτον,
1161 3254 1269 3308 οὐδ’
1295 3254 1370 3318 ὡς
1417 3255 1607 3327 ἑτέραν
1647 3253 1974 3328 εὔθραυστον

394 3341 525 3414 ὓλην
559 3343 847 3416 ὲπύρωσας
878 3348 1045 3418 ἡμᾶς,
1080 3348 1194 3402 ἀλλ’
1222 3349 1296 3412 ὡς
1323 3347 1603 3420 ἀργύριον,
1639 3348 1699 3400 τὸ
1729 3347 1839 3401 ἀπὸ
1875 3349 1974 3419 τῆς

392 3435 692 3506 πυρώσεως
723 3437 1108 3508 καθαρώτερον
1137 3440 1478 3511 γιγνόμενον.
1523 3440 1648 3504 Πῶς
1675 3439 1731 3493 δὲ
1756 3440 1972 3514 ὲπυρώ-

391 3526 562 3594 θησαν
609 3527 944 3599 ὑφηγοῦνται
995 3530 1282 3600 λέγοντες·
1316 3550 1334 3582 σ
1373 3533 1678 3604 Είσήγαγες
1717 3535 1866 3604 ἡμᾶς
1893 3535 1974 3598 είς

391 3615 485 3686 τὴν
527 3617 748 3686 παγίδα’
796 3637 814 3670 ι
867 3621 1005 3672 κατὰ
1052 3621 1109 3674 δὲ
1152 3623 1244 3675 τὸν
1281 3623 1550 3688 Ἀκύλαν,
1610 3644 1627 3675 ι
1665 3624 1972 3695 Εἰσήγαγες

389 3707 560 3778 ἡμᾶς,
595 3710 780 3776 φασὶν,
814 3711 871 3762 ὲν
898 3710 1248 3781 ὀχυρώματι·
1281 3733 1300 3766 ι
1339 3714 1480 3767 κατὰ
1523 3715 1579 3766 δὲ
1618 3715 1710 3768 τὸν
1745 3715 1974 3785 Σύμμαη

392 3810 518 3863 χον,
557 3813 575 3844 ι
608 3795 912 3866 Είσήγαγες
943 3800 1090 3868 ἡμᾶς
1122 3801 1272 3864 ἐντὸς
1301 3802 1647 3874 πολιορκίας·
1692 3823 1710 3854 ι
1749 3804 1890 3858 κατά
1915 3803 1970 3857 δὲ

391 3885 491 3955 τὴν
537 3885 794 3958 πέμπτην
836 3887 1076 3943 ἔκδοσιν·
1112 3910 1130 3942 ι
1163 3893 1472 3963 Είσήγαγες
1506 3897 1654 3966 ἡμᾶς
1689 3898 1768 3958 εἰς
1793 3912 1972 3966 περιο-

389 3977 510 4047 χήν.
544 3997 562 4028 ›
598 3977 760 4048 Δηλοῖ
779 3979 830 4032 δὲ
859 3979 949 4032 διὰ
973 3981 1176 4036 τούτων
1204 3986 1232 4036 6
1254 3984 1407 4054 λόγος
1436 3986 1658 4058 εἱρκτὰς
1689 3989 1782 4041 καλ⁸
1808 3991 1971 4057 φυλα-

391 4067 488 4132 κὰς
537 4071 632 4124 καὶ
679 4070 1047 4144 δεσμωτήρια,
1078 4077 1136 4128 ὲν
1166 4071 1247 4140 οἷς
1281 4078 1386 4149 πρὸ
1410 4078 1503 4131 τοῦ
1536 4078 1766 4132 θανάτου
1797 4082 1967 4135 κατά-

390 4161 624 4216 κλειστοι
657 4163 931 4233 γίγνονται
964 4168 1012 4220 οἱ
1055 4167 1150 4220 τοῦ
1188 4169 1322 4223 Θεοῦ
1357 4170 1659 4243 μάρτυρεςο
1692 4173 1728 4228 ἀ
1771 4174 1834 4245 δὴ
1863 4193 1968 4230 πα-

388 4254 496 4315 γίδι
525 4254 719 4322 ἔοικεν,
748 4259 876 4312 εἴσω
895 4259 1066 4330 αὐτῆς
1094 4262 1439 4336 ἀπολαϐούσῃ
1462 4265 1522 4317 τὸ
1544 4265 1960 4338 τεθηρευμένον.

389 4345 606 4417 Ταύτης
635 4347 692 4400 δὲ
720 4351 816 4421 τῆς
844 4353 1069 4422 παγίδος
1094 4353 1396 4426 μέμνηνται
1416 4356 1509 4408 καὶ
1532 4357 1766 4428 ἀλλαχοῦ
1793 4361 1843 4412 οἱ
1864 4362 1963 4413 αὐ-

386 4439 470 4492 τοὶ
509 4439 837 4508 φάσκοντες·
877 4461 895 4494 ι
919 4444 981 4496 Ἥ
1011 4444 1156 4516 ψυχὴ
1184 4446 1342 4518 ἡμῶν
1380 4447 1456 4510 ὡς
1487 4449 1764 4520 στρουθίον
1803 4451 1963 4522 ὲρῤύ-

2083 1974 2136 2027 in
2182 1980 2405 2043 argento
2456 1973 2646 2027 alienae
2690 1970 2934 2024 materiae
2977 1970 3297 2040 plerumque
3341 1966 3652 2022 commistio

2081 2068 2370 2138 reperitur,
2399 2080 2520 2136 quae
2549 2079 2682 2120 sane
2720 2064 2851 2118 latet
2879 2071 3170 2134 antequam
3202 2063 3258 2116 in
3291 2061 3649 2116 conﬂaturam

2081 2166 2413 2228 reponatur;
2444 2157 2573 2212 dum
2606 2164 2786 2211 autem
2815 2156 2939 2226 igne
2969 2154 3258 2218 conﬂatur,
3287 2161 3418 2208 tunc
3447 2153 3654 2208 discer-

2079 2254 2230 2308 nitur
2261 2258 2316 2308 et
2341 2251 2638 2322 probatur;
2677 2249 2967 2319 ipsumque
2997 2256 3285 2318 argentum
3310 2246 3530 2301 tandem
3553 2262 3650 2316 pu-

2079 2346 2220 2410 rius,
2253 2343 2601 2416 prarstantius
2631 2357 2695 2397 ac
2732 2341 3073 2412 splendidius
3109 2357 3175 2396 ex
3209 2341 3532 2412 purgatione
3561 2355 3650 2395 re-

2079 2445 2262 2494 manet
2302 2455 2317 2492 :
2351 2437 2432 2492 sic
2459 2446 2513 2491 et
2543 2436 2647 2489 viri
2681 2433 2775 2491 Dei
2799 2474 2817 2500 ,
2850 2435 2896 2490 si
2926 2435 3052 2504 quid
3087 2435 3324 2489 alienum
3374 2434 3431 2487 in
3471 2431 3651 2486 anima

2080 2543 2180 2583 sua
2234 2543 2303 2584 ex
2352 2528 2538 2582 carnis
2587 2526 2973 2582 commistione
3039 2524 3446 2586 contraxerint.
3515 2522 3650 2578 illud

2079 2636 2239 2678 omne
2275 2621 2330 2675 in
2353 2620 2750 2676 tentationibus
2788 2628 2843 2676 et
2882 2620 3216 2674 instantibus
3249 2617 3649 2690 persecutioni-

2077 2714 2180 2768 bus
2202 2714 2544 2784 abstergunt,
2575 2713 2698 2784 igne
2724 2713 3018 2769 examinati
3047 2718 3104 2766 et
3132 2727 3230 2781 per
3259 2711 3423 2766 talem
3447 2708 3651 2764 conﬂa-

2078 2814 2256 2861 turam
2295 2809 2530 2877 purgati,
2565 2807 2639 2860 ita
2671 2812 2730 2859 ut
2769 2819 2986 2860 omnem
3033 2802 3244 2874 peccati
3270 2801 3447 2856 labem
3477 2802 3649 2872 depo-

2079 2907 2234 2960 nant,
2259 2914 2422 2970 quam
2451 2898 2766 2969 aliquando,
2797 2905 2984 2968 utpote
3010 2895 3281 2958 homines,
3316 2894 3372 2948 in
3399 2894 3647 2964 quaedam

2079 2990 2215 3062 lapsi
2258 2990 2474 3053 delicta,
2518 2990 2876 3045 admiserant.
2929 2987 3003 3044 De
3063 2987 3149 3042 bis
3204 2987 3387 3056 itaque
3440 2984 3648 3056 gratias

2079 3093 2322 3155 agentes,
2355 3083 2544 3138 dicunt
2577 3101 2590 3137 :
2633 3102 2652 3134 ‹
2687 3080 2960 3148 Quoniam
2993 3079 3240 3151 probasti
3270 3093 3372 3132 nos
3399 3116 3414 3139 ,
3462 3077 3604 3134 Deus
3631 3095 3645 3140 ;

2080 3173 2204 3243 igne
2237 3188 2340 3229 nos
2365 3172 2684 3228 examinasti
2713 3171 2854 3227 sicut
2894 3171 3240 3226 examinatur
3268 3180 3573 3242 argentum.
3624 3188 3643 3222 ι

2077 3262 2196 3317 Non
2220 3263 2366 3317 enim
2398 3269 2456 3316 ut
2489 3262 2694 3331 paleam
2717 3269 2770 3315 et
2794 3259 3001 3321 fenum,
3038 3273 3216 3328 neque
3245 3265 3305 3312 ut
3334 3259 3496 3312 aliam
3531 3257 3647 3311 fra-

2076 3355 2240 3426 gilem
2272 3355 2558 3411 materiam
2605 3369 2707 3410 nos
2753 3354 2879 3424 igne
2901 3352 3228 3409 eraminasti
3256 3368 3270 3416 ;
3299 3351 3396 3408 sed
3453 3360 3511 3406 ut
3557 3365 3648 3404 ar-

2077 3454 2320 3518 gentum,
2353 3448 2499 3519 quod
2531 3448 2599 3503 ab
2625 3448 2748 3519 igne
2779 3448 2972 3518 purius
3001 3447 3206 3502 evadit.
3231 3443 3515 3514 Quomodo
3549 3458 3646 3498 au-

2075 3549 2183 3596 tem
2233 3543 2358 3613 igne
2406 3542 2705 3597 examinati
2743 3542 2967 3603 fuerint,
3002 3540 3088 3596 bis
3126 3540 3308 3596 verbis
3340 3547 3643 3594 enarrant:

2080 3652 2098 3684 ‹
2137 3631 2404 3689 lnduxisti
2434 3650 2536 3690 nos
2569 3635 2626 3688 in
2658 3635 2912 3706 laqueum
2941 3652 2955 3700 ;
3003 3653 3022 3685 ι
3059 3630 3361 3689 secundum
3387 3629 3642 3702 Aquilam

2075 3740 2201 3781 vero
2235 3745 2247 3780 :
2283 3745 2302 3778 ι
2337 3725 2606 3781 lnduxisti
2649 3741 2775 3792 nos,
2819 3727 2995 3794 aiunt,
3034 3728 3090 3782 in
3132 3725 3573 3791 munimentum;
3620 3742 3641 3778 ο

2073 3817 2371 3872 secundum
2398 3834 2527 3874 vero
2559 3817 2946 3890 Symmachum
2977 3838 2992 3874 :
3029 3837 3049 3873 ς
3079 3817 3349 3875 lnduxisti
3377 3832 3478 3874 nos
3500 3817 3644 3872 intra

2071 3907 2451 3977 obsidionem;
2484 3928 2503 3960 ι
2539 3909 2838 3964 secundum
2865 3911 3113 3980 quintam
3130 3911 3462 3966 editionem:
3499 3927 3519 3960 ι
3555 3906 3644 3963 in-

2070 4000 2276 4055 duxisti
2309 4015 2411 4056 nos
2441 4002 2498 4055 in
2528 4001 2908 4056 munitionem.
2947 4020 2966 4053 ι
3000 3999 3100 4056 His
3122 4016 3288 4071 porro
3318 4001 3643 4072 signiﬁcan-

2068 4100 2158 4145 tur
2186 4093 2493 4162 ergastula,
2521 4092 2816 4156 custodite,
2845 4107 3098 4148 carceres
3145 4094 3201 4146 in
3241 4093 3442 4157 quibus
3488 4099 3642 4145 ante-

2067 4198 2230 4253 quam
2267 4186 2428 4239 morti
2458 4185 2765 4244 tradantur,
2798 4183 3046 4238 conclusi
3081 4183 3286 4254 degunt
3315 4181 3410 4237 Dei
3434 4193 3640 4252 marty-

2069 4290 2155 4330 res
2189 4294 2202 4330 :
2237 4289 2359 4345 qua:
2387 4291 2518 4332 sane
2546 4276 2724 4345 laquei
2760 4277 2959 4332 similia
2993 4283 3146 4340 sunt,
3193 4290 3313 4346 quo.
3350 4274 3641 4330 venatione

2066 4374 2222 4436 capta
2245 4366 2578 4424 detinentur.
2609 4366 2850 4439 Hujusce
2883 4369 3063 4440 laquei
3109 4369 3438 4425 mentionem
3477 4367 3638 4422 iidem

2065 4461 2192 4516 alibi
2226 4461 2432 4517 iaciunt
2454 4460 2700 4517 dicentes
2733 4481 2746 4517 :
2787 4481 2804 4513 ι
2840 4462 3036 4516 Anima
3062 4471 3252 4517 nostra
3281 4461 3425 4519 sicut
3452 4473 3638 4531 passer

389 4533 490 4605 σθη
522 4550 586 4588 εκ
611 4535 709 4606 τῆς
742 4537 968 4605 παγίδος
994 4538 1102 4591 τῶν
1129 4539 1468 4611 θηρευόντων
1487 4557 1501 4572 ·
1550 4543 1582 4613 ὴ
1633 4544 1800 4611 παγὶς
1847 4560 1964 4598 συν-

2074 4560 2251 4623 erepta
2279 4560 2364 4609 est
2390 4552 2458 4608 de
2487 4553 2682 4624 laqueo
2713 4555 3028 4610 venantium
3065 4575 3078 4610 :
3114 4556 3342 4624 laqueus
3369 4553 3639 4609 contritus

386 4626 572 4698 ετρίὸη
603 4629 698 4681 καὶ
726 4629 887 4699 ήμεῖς
915 4629 1278 4702 ὲρῤύσθημεν.
1315 4651 1335 4683 ι
1372 4633 1593 4704 Πρῶτον
1622 4634 1717 4704 μὲν
1769 4631 1863 4688 οὖν
1885 4637 1963 4698 εἰς

385 4717 481 4788 τὴν
511 4718 715 4787 παγίδα
744 4722 793 4773 οἱ
825 4720 1155 4792 πυρούμενοι
1183 4723 1516 4791 εἰσάγονται,
1543 4725 1576 4798 ἢ
1604 4727 1685 4790 είς
1727 4727 1788 4780 τὺ
1833 4727 1960 4798 ὀχύ-

391 4826 568 4880 ρωμα,
593 4810 625 4882 ἢ
651 4812 733 4876 είς
753 4812 849 4884 τὴν
877 4814 1158 4884 περιοχὴν,
1189 4813 1220 4884 ἢ
1253 4818 1332 4879 εἰς
1352 4817 1450 4886 τὴν
1476 4817 1790 4890 πολιορκίαν
1807 4837 1820 4850 ·
1843 4815 1961 4874 εἷτα

385 4899 634 4972 δεύτερον
659 4899 820 4955 ἆθλον
851 4901 1223 4971 ἀγωνίζονται,
1255 4904 1312 4957 ὃν
1325 4905 1649 4976 διασαφοῦσι
1677 4909 1924 4978 λέγοντες
1943 4929 1954 4941 ·

390 4991 585 5045 «Ἕθου
620 4992 826 5064 θλίψεις
868 4997 960 5048 ἐπὶ
999 4997 1091 5050 τὸν
1128 4995 1294 5050 νῶτον
1326 4998 1501 5068 ἡμῶν.
1537 5019 1553 5052 ι
1596 5003 1751 5056 Κατὰ
1779 5003 1837 5056 δὲ
1868 5004 1958 5057 τὸν

393 5082 624 5137 Ἀκύλαν
641 5087 804 5152 φασίν
818 5102 832 5116 ⁸
856 5104 876 5137 ι
889 5087 1129 5157 Ἐθηκας
1149 5090 1377 5160 τρισμὸν
1398 5092 1454 5143 ἐν
1476 5092 1554 5162 τῷ
1574 5093 1727 5165 νώτῳ
1741 5099 1773 5166 ή
1782 5096 1917 5165 μῶν·
1934 5118 1951 5146 ι

385 5173 525 5226 κατὰ
556 5173 612 5226 δὲ
638 5177 728 5229 τὸν
760 5175 1072 5247 Σύμμαχονε
1108 5197 1126 5230 ι
1143 5180 1386 5252 Ἐθηκας
1414 5182 1684 5237 κύκλωσιν
1706 5190 1770 5256 τῇ
1795 5188 1956 5258 ὀσφύϊ

382 5264 559 5332 ἡμῶν,
592 5287 611 5318 ›
641 5267 869 5338 Δηλοῦσι
893 5268 950 5322 δὲ
971 5269 1058 5323 διὰ
1083 5271 1283 5325 τούτων
1303 5272 1403 5337 τὰς
1425 5275 1564 5328 κατὰ
1583 5276 1676 5329 τοῦ
1705 5277 1955 5349 σώματος

385 5356 616 5428 πληγὰς,
649 5359 715 5423 ἃς
745 5360 930 5431 ἐδήλου
963 5362 1292 5434 σαφέστερον
1327 5366 1356 5417 6
1393 5367 1712 5432 Ἀπόστολος
1739 5371 1911 5440 λέγων
1937 5391 1950 5405 ο

387 5465 406 5498 ι
439 5447 571 5518 Τρὶς
612 5450 988 5521 ὲῤῥαόδίσθην,
1018 5453 1163 5518 ἅπαξ
1203 5455 1512 5529 ἐλιθάσθην,
1548 5461 1652 5514 ὑπὸ
1686 5463 1952 5518 Ἰουδαίων

379 5543 788 5613 τεσσαράκοντα
817 5545 966 5616 παρὰ
990 5546 1119 5616 μίαν
1147 5546 1356 5602 ἐλαϐονέ
1391 5571 1407 5600 ι
1443 5551 1595 5604 Μετὰ
1631 5552 1686 5606 δὲ
1723 5555 1822 5619 τὰς
1849 5559 1954 5628 εἱρ·

379 5632 516 5696 κτὰς
545 5634 639 5687 καὶ
669 5635 767 5698 τὰς
809 5637 949 5690 κατὰ
996 5639 1102 5691 τῶν
1149 5639 1332 5692 νώτων
1363 5641 1393 5711 ἢ
1430 5643 1570 5696 κατὰ
1601 5645 1708 5700 τῶν
1739 5647 1952 5716 όσφύωθ

481 5811 522 5843 ⁸⁷
553 5811 694 5871 Psal.
728 5833 916 5884 cum,
947 5821 996 5878 7.
1075 5822 1118 5853 ⁸⁸
1159 5821 1199 5876 ll
1233 5821 1360 5880 (lor.
1395 5842 1470 5891 χι,
1507 5828 1598 5884 25.

2067 4653 2172 4707 est,
2203 4650 2260 4697 et
2287 4658 2389 4699 nos
2420 4643 2633 4698 liberati
2667 4661 2859 4702 sumus
2883 4646 2952 4703 ".
2998 4665 3016 4698 ι
3051 4629 3238 4700 Ρτὶιῖῗο
3269 4645 3488 4716 quidem
3543 4645 3637 4714 qui

2065 4734 2190 4804 igne
2219 4735 2626 4802 examinantur,
2669 4738 2726 4792 in
2776 4737 3030 4809 laqueum
3067 4737 3402 4793 inducuntur
3435 4737 3551 4792 sive
3580 4739 3637 4792 in

2062 4827 2400 4897 praesidium.
2453 4830 2508 4884 in
2557 4830 2918 4886 munitionem
2977 4841 3072 4884 aut
3130 4832 3186 4885 in
3247 4831 3632 4897 obsidionem;

2062 4921 2306 4975 secundo
2333 4929 2611 4978 certamen
2637 4925 2875 4993 obeunt;
2904 4927 3048 4997 quod
3077 4925 3387 4997 signiﬁcant
3417 4926 3502 4981 his
3525 4941 3636 4980 ver-

2059 5011 2147 5066 bis
2185 5031 2197 5065 :
2236 5031 2255 5064 ι
2294 5013 2535 5070 Posuisti
2587 5015 2970 5072 tribulationes
3015 5017 3069 5071 in
3123 5017 3290 5072 dOrso
3351 5029 3579 5085 nostro;
3611 5038 3629 5070 ι

2059 5105 2364 5160 secundum
2396 5106 2646 5177 Aquilam
2680 5124 2810 5163 vero
2837 5109 3062 5163 dicunt:
3101 5127 3120 5161 ι
3153 5108 3390 5165 Posuisti
3422 5110 3632 5164 contri-

2059 5197 2262 5253 tionem
2293 5199 2348 5254 in
2379 5199 2545 5256 dorso
2563 5211 2790 5267 nostro;
2823 5221 2842 5254 ι
2879 5202 3181 5256 secundum
3203 5201 3589 5273 Symmachum
3615 5224 3627 5257 :

2063 5309 2081 5342 ι
2117 5289 2360 5347 Posuisti
2392 5293 2658 5347 circulum
2695 5293 2896 5348 lumbis
2937 5294 3162 5348 nostris.
3203 5313 3222 5345 ι
3261 5292 3358 5349 His
3381 5308 3510 5348 vero
3539 5294 3634 5348 de-

2057 5383 2272 5436 clarant
2299 5382 2534 5440 inﬂictas
2571 5385 2784 5454 corpori
2811 5383 3018 5454 plagas,
3041 5401 3178 5454 quas
3208 5383 3452 5455 apertius
3467 5400 3630 5439 enar-

2057 5475 2200 5529 ravit
2250 5474 2546 5545 Apostolus
2591 5477 2780 5533 dicens
2813 5495 2826 5532 :
2865 5496 2883 5528 ι
2916 5479 3023 5532 Ter
3052 5477 3223 5548 virgis
3257 5492 3432 5534 caesus
3481 5491 3626 5539 smn,

2057 5567 2227 5622 semel
2254 5567 2527 5636 lapidatus
2559 5584 2703 5628 sum.
2749 5584 2780 5623 a
2825 5567 3027 5625 ludatis
3083 5569 3463 5640 quadragenas
3526 5585 3631 5622 ιιιιὲι

2055 5660 2242 5716 minus
2272 5662 2539 5718 accepi“.
2580 5681 2598 5713 ι
2635 5661 2764 5717 Post
2787 5678 3058 5729 carceres,
3090 5673 3211 5733 post
3241 5664 3426 5733 plagas
3467 5662 3650 5719 dorso-
