4090 6378
423 364 528 424 665

1140 367 1411 427 EUSEBII
1446 370 1926 429 cmsanmssrs
1958 373 2108 430 orr.
2151 373 2331 430 rans
2369 376 2533 430 lll.—-
2568 363 2980 434 EXEGETFCA.

3552 380 3656 435 664

421 501 515 546 aut
579 490 776 546 lumbis
827 489 1078 546 incussas
1131 491 1246 546 lia-3c
1316 491 1572 547 addunt:
1611 512 1630 544 ι
1672 493 1984 565 Imposuisti

2094 496 2321 567 πληγάς·
2357 515 2375 547 ι
2400 495 2756 558 Ἐπεϐίϐασας
2787 494 3103 568 ἀνθρώπους
3136 495 3226 548 ἐπὶ
3284 496 3381 559 τάς
3422 499 3660 566 κεφαλάς

423 584 670 638 homines
705 598 871 652 super
893 584 1071 651 capita
1093 593 1301 638 nostra.
1342 603 1360 635 ›
1410 581 1536 637 Haec
1579 592 1758 638 autem
1784 584 1986 638 intelli-

418 690 533 744 ges,
565 689 689 728 cum
722 674 910 728 videas
937 674 1128 730 atheos
1157 684 1211 729 et
1241 675 1442 745 impios
1465 676 1613 731 viros
1651 678 1988 746 persecutio-

419 784 546 821 num
586 775 830 836 tempore
858 767 1202 836 insurgentes
1230 783 1292 821 ac
1333 777 1526 822 contra
1551 768 1747 822 divinaa
1773 768 1986 838 religio-

417 860 505 914 nis
535 861 766 916 athletas
792 875 913 916 sese
936 861 1292 926 extollentes;
1327 861 1428 916 hos
1466 876 1594 915 vero
1646 861 1892 931 abjectos
1924 876 1989 915 ac

415 951 570 1005 vultu
625 951 865 1006 demisso
908 952 978 1006 ob
1016 952 1332 1023 blasphema
1378 953 1522 1007 dicta
1573 960 1627 1007 et
1663 953 1984 1022 jactantiam

417 1043 722 1097 atheorum.
754 1041 820 1097 Et
849 1057 977 1098 vero
1007 1044 1330 1114 plerumque
1379 1045 1464 1098 vel
1509 1044 1747 1114 pupillas
1794 1045 1985 1100 oculo-

416 1148 536 1186 rum
569 1133 948 1196 verberabant,
975 1134 1104 1187 dum
1139 1135 1315 1203 capita
1345 1133 1672 1188 athletarum
1697 1133 1789 1189 Dei
1812 1135 1984 1204 plagis

415 1225 705 1279 cederent.
735 1224 840 1279 Sed
870 1225 986 1280 haac
1019 1227 1202 1280 omnia
1223 1266 1236 1288 ,
1267 1225 1421 1280 aiunt
1465 1225 1558 1280 Dei
1605 1233 1894 1296 martyres,
1926 1234 1983 1279 tu

414 1317 594 1379 nobis,
626 1316 791 1382 Deus,
829 1318 1095 1373 induxisti
1131 1337 1142 1372 :
1177 1334 1276 1373 nec
1320 1324 1504 1373 tamen
1537 1325 1589 1372 te
1619 1317 1829 1373 volente
1857 1318 1986 1387 quid

417 1409 596 1464 simile
620 1410 674 1463 in
711 1425 812 1464 nos
841 1410 1132 1465 admittere
1163 1411 1280 1465 ausi
1315 1418 1464 1476 sunt,
1500 1411 1592 1466 sed
1621 1411 1986 1481 permittente.

417 1500 598 1564 Quare
635 1501 715 1556 sic
754 1516 875 1555 eum
908 1502 1264 1571 alloquuntur
1291 1521 1304 1556 :
1342 1521 1360 1553 ι
1392 1501 1657 1556 lnduxisti
1690 1515 1791 1555 nos
1824 1501 1877 1554 in
1910 1501 1988 1554 la-

413 1608 633 1662 queum.
679 1612 697 1644 ι
729 1592 811 1646 Tu
848 1595 992 1648 enim
1045 1610 1144 1650 nos
1190 1610 1409 1649 carcere
1451 1594 1685 1648 detineri
1727 1594 1984 1656 curabas,

413 1687 540 1753 quia
573 1684 624 1736 id
673 1683 786 1738 ﬁeri
820 1685 1196 1754 permittebas.
1239 1686 1318 1739 Tu
1349 1701 1568 1755 quoque
1615 1685 1859 1754 ponebas
1890 1685 1986 1738 tri-

413 1775 721 1830 bulationes
756 1776 811 1830 in
844 1775 1011 1832 dorso
1040 1786 1252 1832 nostro.
1289 1777 1475 1847 Neque
1514 1779 1660 1832 enim
1706 1778 1760 1833 id
1794 1778 1988 1832 adver-

411 1883 531 1922 sum
568 1883 669 1923 nos
709 1868 830 1922 ausi
874 1877 1081 1932 essent,
1127 1869 1173 1923 si
1226 1883 1327 1924 nos
1363 1883 1528 1923 manu
1569 1876 1859 1938 protegens
1894 1879 1987 1924 tua

409 1960 788 2016 custodiisses.
840 1959 922 2014 Tu
970 1975 1101 2016 vero
1142 1961 1333 2016 atheos
1374 1961 1626 2016 homines
1673 1962 1986 2032 imposuisti

411 2063 576 2116 super
612 2050 792 2120 capita
837 2059 1053 2105 nostra.
1078 2050 1158 2103 Ad
1188 2051 1305 2104 haec
1345 2060 1527 2105 autem
1578 2053 1631 2104 in
1683 2060 1986 2106 extremum

412 2139 684 2192 malorum
716 2139 1078 2207 devenimus;
1113 2156 1238 2194 nam
1272 2141 1361 2194 alii
1394 2140 1614 2212 quidem
1659 2143 1770 2212 igni
1801 2142 1988 2197 traditi

411 2237 640 2284 mortem
690 2230 1104 2297 sustinuerunt;
1143 2231 1236 2284 alii
1287 2233 1340 2285 in
1369 2248 1509 2303 aqua
1537 2234 1792 2288 exstincti
1837 2244 1982 2290 sunt.

411 2318 638 2375 Ferrum
682 2322 904 2392 quippe,
933 2331 988 2377 et
1031 2323 1175 2379 ferro
1219 2325 1369 2378 illata
1419 2328 1709 2397 supplicia,
1770 2328 1988 2399 aliaque

412 2413 606 2467 mortis
634 2428 852 2483 genera,
880 2430 1000 2484 quae
1019 2416 1252 2469 maxima
1278 2433 1407 2487 pars
1431 2428 1676 2474 nostrum
1702 2421 1984 2485 sustinuit,

411 2519 511 2572 pro
547 2504 719 2558 nihilo
743 2514 1066 2576 reputantur
1091 2524 1156 2563 ex
1182 2507 1516 2564 deteriorum
1546 2514 1983 2583 comparatione.

411 2595 773 2661 Quamobrem
801 2599 916 2654 haec
947 2600 1167 2669 quidem
1204 2609 1467 2659 tacemus.
1508 2603 1646 2670 Quia
1680 2621 1810 2660 vero
1845 2606 1988 2662 inter

411 2690 641 2753 atrocia,
696 2691 830 2745 nihil
865 2691 1147 2748 crudelius
1183 2709 1318 2750 nece
1354 2711 1450 2766 per
1497 2696 1675 2767 ignem
1706 2704 1760 2752 et
1790 2712 1986 2768 aquam

413 2782 558 2833 illata
581 2781 948 2847 existimatur,
978 2784 1094 2838 haec
1133 2799 1232 2841 nos
1263 2802 1553 2857 perpessos
1576 2788 1830 2843 dicimus.
1850 2788 1985 2843 Nam

412 2875 501 2928 alii
535 2885 783 2931 nostrum
818 2878 874 2932 in
900 2881 1036 2933 mari
1063 2887 1118 2934 et
1144 2879 1198 2934 in
1224 2878 1540 2936 ﬂuminibus
1557 2882 1794 2938 demersi
1815 2894 1944 2939 sunt
1969 2904 1982 2952 ;

413 2968 506 3021 alii
537 2968 680 3039 ignis
709 2971 1041 3041 supplicium
1064 2972 1306 3027 luerunt.
1349 2971 1447 3028 His
1483 2975 1651 3030 tantis
1703 2976 1986 3046 suppliciis

413 3061 658 3130 probasti
693 3077 814 3128 nos,
841 3062 1008 3128 Deus,
1039 3064 1125 3119 his
1153 3065 1414 3122 omnibus
1457 3068 1580 3137 igne
1620 3083 1720 3123 nos
1781 3071 1988 3124 exami-

414 3155 556 3208 nasti
587 3154 731 3210 sicut
763 3156 1111 3211 examinatur
1151 3167 1453 3230 argentum.

488 3329 595 3385 Sed
636 3346 761 3386 cum
805 3332 920 3388 haec
963 3335 1148 3389 omnia
1174 3337 1227 3389 in
1263 3352 1362 3391 nos
1394 3337 1728 3403 induxisses,
1772 3349 1826 3394 tu
1872 3341 1989 3410 ipse

417 3439 634 3478 rursum
665 3423 904 3478 eduxisti
937 3439 1037 3478 nos
1074 3424 1125 3477 in
1151 3425 1521 3495 refrigerium.
1562 3426 1680 3482 Non
1714 3431 1857 3482 enim
1890 3443 1990 3482 no-

415 3525 590 3572 strum
622 3526 740 3570 erat
769 3517 897 3570 talia
927 3517 1201 3572 sustinere
1223 3526 1276 3572 et
1307 3518 1436 3571 talia
1477 3519 1732 3588 effugere,
1779 3519 1874 3573 sed
1910 3520 1988 3573 tui

416 3608 596 3678 magni
631 3607 973 3673 Servatoris;
1002 3609 1148 3664 sicut
1178 3609 1324 3664 enim
1359 3609 1623 3665 induxisti
1661 3625 1763 3664 nos
1805 3611 1859 3663 in
1909 3611 1990 3663 la-

416 3716 640 3770 queum,
671 3701 751 3755 sic
781 3701 1018 3755 eduxisti
1054 3703 1108 3755 in
1138 3701 1506 3772 refrigerium.
1533 3701 1987 3772 Quandoquidem

418 3807 525 3844 non
555 3790 851 3860 permisisti
879 3799 936 3844 ut
960 3791 1139 3846 tristia
1160 3791 1250 3845 illa
1271 3792 1362 3846 diu
1386 3800 1787 3862 permanerent,
1815 3807 1992 3862 neque

417 3883 474 3935 in
522 3882 797 3936 infinitum
837 3883 1243 3938 tribulationem
1273 3884 1615 3954 protraxisti,
1643 3899 1819 3954 neque
1868 3899 1993 3955 per-

417 3977 617 4031 misisti
652 3984 709 4029 ut
737 3975 998 4030 diuturno
1021 3986 1268 4046 tempore
1313 3977 1564 4033 homines
1597 3977 1870 4047 capitibus
1908 3979 1993 4030 in-

417 4079 627 4127 starent
687 4071 931 4136 nostris;
962 4086 1139 4140 neque
1179 4070 1234 4124 in
1279 4071 1457 4141 ignem
1505 4071 1740 4140 conjecti
1780 4071 1873 4126 diu
1917 4069 1992 4124 ibi

417 4160 640 4224 versati,
677 4176 854 4231 neque
883 4161 940 4215 in
961 4175 1158 4230 aquam
1199 4161 1398 4230 dejecti
1444 4162 1693 4232 absorpti
1741 4161 1988 4228 fuimus;

418 4251 514 4306 sed
543 4266 662 4305 eam
692 4252 1149 4324 pertransivimus
1181 4270 1194 4306 :
1223 4267 1394 4322 quare
1423 4253 1627 4307 dicitur
1661 4275 1670 4308 :
1717 4273 1734 4303 ι
1767 4252 1994 4308 Transi-

419 4342 597 4396 vimus
631 4355 728 4409 per
763 4340 964 4411 ignem,
997 4350 1056 4396 et
1075 4339 1406 4411 profundum
1450 4357 1714 4412 aquarum
1772 4353 1995 4413 prmter-

419 4433 592 4503 gressi
617 4448 848 4500 sumus;
889 4452 907 4484 ι
945 4432 1070 4486 ideo
1108 4433 1345 4495 dicitur,
1387 4454 1404 4484 ‹
1445 4449 1540 4503 per
1571 4450 1787 4503 aquam.
1838 4453 1856 4484 ι
1897 4433 1994 4490 His

2021 1843 2060 1897 Β

2015 3182 2056 3238 C

2089 586 2262 656 ἡμῶν.
2296 607 2314 639 ι
2348 589 2456 640 Καὶ
2478 587 2634 640 τοῦτο
2681 587 2737 639 δὲ
2791 589 3023 658 νοήσεις,
3051 588 3190 658 ὁρῶν
3223 588 3360 643 κατά
3397 591 3522 653 τοὺς
3552 591 3660 646 τῶν

2088 675 2340 747 διωγμῶν
2364 678 2589 748 καιροὺς
2617 677 3046 747 ἐπεμϐαίνοντας
3070 679 3194 740 τοὺς
3219 678 3409 742 ἀθέους
3431 681 3524 732 καὶ¹
3543 682 3662 734 ἀσε-

2089 768 2203 831 ϐεῖς
2226 768 2421 838 ἄνδρας
2451 769 2544 822 καὶ
2577 769 3075 840 κατεπαιρομένους
3098 770 3203 824 τῶν
3226 771 3323 840 τῆς
3351 770 3661 838 θεοσεϐείας

2088 857 2355 929 ἀθλητῶν,
2391 860 2517 920 τοὺς
2560 858 2617 911 δὲ
2666 860 3119 929 ταπεινουμένους
3157 860 3249 912 καὶ
3281 859 3350 913 τὰ
3396 861 3661 930 πρόσωπα

2089 949 2548 1020 συνεσταλμένους
2581 950 2674 1002 ἐπὶ
2718 953 2835 1012 ταῖς
2865 950 2975 1003 τῶν
3003 950 3176 1004 ἀθέων
3209 951 3572 1022 βλασφημίαις
3601 970 3659 1006 τε

2089 1039 2181 1092 καὶ
2217 1039 2777 1110 μεγαλαυχίαις,”Ηδη
2810 1040 2865 1092 δὲ
2900 1039 3157 1104 πολλάκις
3199 1043 3291 1096 καὶ
3329 1043 3468 1096 κατὰ
3495 1044 3661 1114 κόρης

2091 1131 2290 1199 ἔτυψαν
2318 1130 2567 1195 παίοντες
2613 1131 2847 1201 πληγαῖς
2872 1132 2969 1196 τὰς
2997 1133 3104 1186 τῶν
3129 1133 3376 1204 ἀθλητῶν
3402 1135 3494 1188 τοῦ
3523 1134 3659 1189 Θεοῦ

2089 1223 2346 1291 κεφαλάς.
2368 1223 2527 1276 Ἀλλά
2555 1223 2725 1276 ταῦτα
2746 1225 2943 1288 πάντα,
2967 1226 3130 1294 φασιν
3163 1228 3210 1278 οί
3239 1226 3333 1280 τοῦ
3365 1226 3498 1279 Θεοῦ
3527 1227 3664 1298 μάρ-

2089 1330 2270 1385 τυρες,
2306 1315 2370 1368 σὺ
2396 1316 2527 1385 ἡμῖν
2557 1317 2852 1386 ἐπήγαγες,
2881 1318 2908 1368 ὁ
2937 1317 3087 1380 Θεός.
3115 1317 3205 1388 Μὴ
3234 1317 3342 1388 γάρ
3369 1335 3460 1370 σου
3489 1317 3664 1387 βουλο-

2093 1404 2274 1473 μένου,
2303 1406 2402 1458 οὑκ
2427 1405 2492 1459 ἄν
2531 1423 2583 1458 τι
2607 1406 2844 1461 τοιοῦτον
2876 1409 2994 1461 καθ’
3019 1407 3174 1478 ήμῶν
3200 1409 3460 1480 ἐτολμᾶτο
3485 1428 3498 1441 ο
3530 1427 3663 1480 συγ-

2090 1495 2390 1568 χωροῦντος
2436 1497 2494 1550 δέ
2541 1515 2656 1563 σου,
2686 1499 2834 1553 ταῦτ’
2867 1501 3092 1568 ἐγίνετο.
3125 1499 3215 1554 Διό
3247 1518 3377 1570 φασι
3404 1503 3539 1572 πρὸς
3570 1504 3666 1556 αὑ-

2088 1588 2178 1642 τόν
2198 1606 2210 1616 ·
2237 1607 2254 1640 ι
2281 1590 2590 1659 Είσήγαγες
2618 1592 2765 1660 ἡμᾶς
2789 1593 2868 1654 εἰς
2889 1591 2987 1661 τὴν
3015 1592 3234 1660 παγίδα.
3256 1611 3273 1643 ι
3303 1593 3373 1644 Σὺ
3393 1593 3500 1664 γὰρ
3522 1589 3666 1665 ἦσθα.

2089 1679 2116 1730 ό
2137 1677 2558 1743 κατακλείστους
2582 1682 2729 1750 ἡμᾶς
2760 1682 2947 1746 ποιῶν,
2981 1683 3279 1754 συγχωρῶν
3304 1683 3360 1737 δὲ
3389 1685 3561 1739 ταῦτα
3583 1685 3667 1755 γί-

2090 1768 2296 1821 νεσθαι.
2333 1769 2444 1820 Καὶ
2479 1769 2543 1820 σὺ
2572 1768 2696 1821 ἔθου
2729 1769 2935 1838 θλίψεις
2963 1772 3054 1824 ἐπὶ
3085 1773 3176 1826 τὸν
3202 1771 3368 1826 νῶτον
3393 1773 3572 1844 ήμῶν.
3591 1774 3668 1829 Οὐ

2088 1859 2196 1931 γὰρ
2217 1859 2281 1912 ἂν
2301 1858 2473 1913 ταῦτα
2495 1858 2614 1912 καθ’
2636 1859 2793 1930 ήμῶν
2819 1861 3102 1930 ἐτολμᾶτο,
3128 1862 3176 1913 εί
3198 1863 3263 1931 τῇ
3295 1861 3492 1915 σαυτοῦ
3519 1863 3667 1934 χειρὶ

2091 1949 2369 2012 σκεπάσας
2400 1949 2716 2018 ἐφύλαττες.
2743 1951 2814 2002 Σὺ
2853 1949 2911 2002 δέ
2940 1951 3033 2004 καὶ
3069 1950 3194 2012 τοὺς
3225 1950 3417 2013 ἀθέους
3459 1950 3669 2022 ἀνθρώ-

2089 2054 2221 2101 πους
2242 2038 2573 2100 ἐπεϐίϐασας
2600 2038 2690 2089 ἐπὶ
2709 2037 2808 2100 τὰς
2834 2037 3075 2107 κεφαλάς
3097 2037 3422 2110 ήμῶν.Ἥδη
3447 2040 3503 2094 δὲ
3531 2041 3666 2111 πρὸς

2087 2128 2296 2192 τούτοις
2345 2129 2422 2192 είς
2474 2127 2676 2199 ἔσχατα
2728 2130 2915 2183 κακῶν
2945 2130 3201 2202 ήλθομεν,
3231 2133 3280 2184 οί
3319 2131 3415 2202 μὲν
3460 2132 3548 2184 τὸν
3580 2133 3666 2186 διὰ

2090 2219 2260 2290 πυρὸς
2311 2221 2701 2290 ὑπομείναντες
2747 2221 2994 2286 θάνατον,
3025 2225 3072 2275 οἱ
3120 2222 3177 2275 δὲ
3217 2223 3308 2276 τὸν
3351 2223 3419 2276 δι’
3455 2222 3665 2289 ὓδατος.

2088 2313 2312 2383 Σίδηρος
2354 2314 2451 2384 μὲν
2483 2314 2590 2384 γὰρ
2623 2315 2716 2368 καὶ
2747 2316 2802 2366 αί
2847 2314 2936 2368 διὰ
2983 2315 3200 2386 σιδήρου
3232 2315 3502 2380 κολάσεις,
3533 2317 3587 2370 οἴ
3607 2332 3665 2371 τε

2087 2403 2233 2456 ἄλλοι
2271 2403 2510 2466 θάνατοι,
2543 2403 2634 2468 οὒς
2665 2407 2713 2457 οί
2741 2404 2959 2468 πλείους
2989 2407 3020 2475 ή
3032 2405 3146 2475 μῶν
3193 2407 3662 2478 ὑπομεμενήκασι,

2087 2501 2148 2552 τὸ
2181 2498 2348 2569 μηθὲν
2376 2497 2741 2569 ἐνομίσθησαν
2779 2497 3079 2568 παραθέσει
3126 2497 3234 2550 τῶν
3273 2497 3548 2569 χειρόνων.
3577 2499 3666 2552 Διὸ

2087 2593 2269 2644 ἐκεῖνα
2301 2589 2400 2659 μὲν
2432 2591 2853 2661 σεσιωπήκαμεν
2874 2607 2886 2619 ·
2915 2591 3036 2643 ἐπεὶ
3057 2589 3136 2653 δὲ,
3164 2590 3238 2652 ὡς
3267 2591 3324 2641 ὲν
3346 2590 3558 2653 δεινοῖς,
3585 2591 3668 2643 οὑ-

2087 2683 2176 2736 δέν
2205 2684 2384 2753 χεῖρον
2413 2681 2507 2734 τοῦ
2550 2681 2639 2734 διὰ
2679 2683 2849 2753 πυρὸς
2877 2680 3108 2734 θανάτου
3135 2683 3228 2734 καὶ
3252 2680 3348 2734 τοῦ
3387 2681 3453 2734 δι’
3479 2681 3668 2746 ὓδατος

2087 2775 2431 2846 νενόμισται,
2461 2774 2631 2829 ταῦτα
2675 2775 2732 2828 δὲ
2781 2775 2920 2829 αὑτά
2961 2792 3137 2845 φαμεν
3169 2775 3664 2846 ὑπομεμενηκέναι.

2088 2868 2247 2930 Τινὲς
2285 2867 2381 2938 μὲν
2414 2866 2522 2938 γὰρ
2551 2865 2706 2937 ήμῶν
2741 2865 3062 2937 ὑποϐρύχιοι
3091 2863 3328 2936 θαλάττῃ
3376 2866 3467 2918 καὶ
3505 2883 3669 2919 ποτα-

2091 2964 2208 3031 μοῖς
2231 2960 2604 3032 παρεδόθησαν
2625 2975 2637 2987 ⁶
2668 2961 2716 3013 οἱ
2741 2959 2797 3012 δὲ
2819 2960 2917 3029 τὴν
2936 2959 3024 3012 διὰ
3050 2959 3218 3030 πυρὸς
3242 2958 3663 3029 τιμωρίαν,ὑπέ-

2090 3067 2307 3122 στησαν.
2339 3049 2439 3102 Διὰ
2460 3049 2725 3103 τοσούτων
2752 3044 2843 3102 οὖν
2890 3048 3218 3119 ἐδοκίμασας
3247 3050 3412 3120 ἡμᾶς,
3446 3050 3472 3100 ὁ
3503 3047 3656 3110 Θεὸς,

2090 3145 2183 3197 καὶ⁹
2214 3142 2303 3195 διὰ
2334 3141 2535 3194 τούτων
2570 3141 2821 3196 ἁπάντων
2856 3140 3146 3212 ἐπύρωσας
3179 3142 3341 3212 ἡμᾶς,
3361 3139 3433 3202 ὡς
3461 3136 3661 3209 πυροῦ-

2091 3251 2180 3286 ται
2203 3233 2263 3287 τὸ
2292 3233 2574 3304 ἀργύριον.

2175 3323 2333 3376 Ἀλλά
2357 3323 2532 3378 ταῦτα
2556 3324 2732 3378 πάντα
2760 3323 3052 3392 ἐπαγαγὼν
3086 3326 3237 3396 ήμῖν,
3268 3321 3424 3376 πάλιν
3459 3322 3522 3374 σὺ
3565 3321 3664 3375 αὑ-

2090 3416 2179 3479 τὸς
2202 3415 2467 3487 ἐξήγαγες
2499 3417 2644 3488 ἡμᾶς
2665 3418 2744 3480 είς
2769 3415 3066 3487 ἀναψυχήν.
3099 3418 3172 3468 Οὑ
3198 3415 3303 3486 γὰρ
3337 3414 3490 3486 ήμῶν
3515 3409 3583 3485 ἦν
3607 3413 3669 3466 τὸ

2094 3513 2380 3583 ὑπομεῖναι
2427 3513 2521 3566 καὶ
2553 3513 2833 3580 διαφυγεῖν
2867 3510 2934 3564 τὰ
2966 3507 3222 3573 τοσαῦτα,
3258 3507 3390 3562 ἀλλὰ
3438 3506 3532 3560 σοῦ
3577 3505 3669 3559 τοῦ

2095 3604 2329 3674 μεγάλου
2365 3605 2612 3675 Σωτῆρος
2631 3619 2644 3632 ·
2675 3603 2749 3667 ὼς
2772 3601 2879 3673 γὰρ
2905 3601 3194 3672 εἰσήγαγες
3219 3602 3296 3663 είς
3325 3599 3423 3670 τὴν
3449 3597 3670 3666 παγίδα,

2091 3698 2233 3752 οὑτω
2277 3698 2371 3752 καὶ
2406 3696 2674 3767 ἐξήγαγες
2717 3690 3355 3764 είς.άναψυχήν.Ἐπειδὴ
3387 3689 3463 3760 μὴ
3493 3687 3674 3759 παρά-

2096 3807 2232 3862 μονα
2283 3789 2469 3852 εἴασας
2519 3789 2673 3858 ἡμῶν
2712 3786 2780 3840 τὰ
2811 3783 3129 3856 σκυθρωπά,
3160 3783 3292 3854 μηδέ
3337 3783 3416 3844 είς
3447 3781 3674 3852 ἄπειρον

2093 3882 2416 3954 παρέτεινας
2443 3881 2542 3952 τήν
2577 3880 2774 3950 θλίψιν,
2809 3877 2941 3950 μηδὲ
2974 3878 3052 3940 είς
3087 3874 3294 3946 μακρὸν
3327 3873 3514 3942 χρόνον
3546 3889 3672 3924 συν-

2093 3973 2375 4046 εχώρησας
2399 3973 2650 4044 ἐπιϐῆναι
2673 3972 2769 4026 ἀνθ
2779 3971 2989 4042 ρώπους
3013 3967 3103 4020 ἐπί
3121 3966 3218 4027 τὰς
3235 3961 3473 4032 κεφαλὰς
3494 3961 3670 4030 ήμῶν·

2095 4066 2207 4119 ἀλλ’
2233 4065 2355 4118 οὑδὲ
2398 4066 2455 4118 ἐν
2484 4064 2562 4134 τῷ
2603 4064 2736 4133 πυρὶ
2767 4060 3047 4130 γενόμενοι
3076 4053 3528 4122 ἐνυπεμείναμεν,
3551 4049 3672 4102 οὑδέ

2095 4161 2152 4212 ἐν
2183 4158 2260 4230 τῷ
2287 4157 2439 4212 ὕδατι
2465 4154 2824 4227 ἐμϐληθέντες
2851 4145 3256 4215 κατεπόθημεν·
3295 4142 3389 4196 καί
3435 4142 3593 4194 τοῦτο
3615 4141 3672 4195 δὲ

2093 4251 2380 4323 διήλθομεν
2399 4268 2410 4279 ·
2449 4249 2527 4300 διὸ
2560 4247 2838 4304 λέλεκται·
2876 4259 2894 4291 ι
2927 4236 3222 4307 Διήλθομεν
3253 4235 3341 4288 διὰ
3364 4235 3554 4306 πυρὸς,
3579 4235 3674 4288 καὶ

2095 4343 2187 4396 τὸν
2235 4343 2392 4412 βυθὸν
2435 4339 2542 4394 τῶν
2583 4338 2788 4391 ὑδάτων
2835 4332 3210 4404 διεξήλθομεν·
3246 4349 3264 4382 ›
3299 4329 3378 4382 διὸ
3405 4329 3520 4391 καὶ,
3559 4347 3578 4380 ι
3606 4329 3673 4382 δι’

2100 4435 2309 4498 ὕδατος,
2344 4453 2362 4485 ι
2414 4432 2643 4501 εἴρηται.
2687 4428 2798 4481 Καὶ
2826 4426 2889 4496 δὴ
2916 4425 3008 4477 ἐπὶ
3030 4423 3239 4486 τούτοις
3273 4423 3472 4477 ἅπασιν
3507 4422 3676 4489 ἐγγυ-

419 4527 675 4581 omnibus
705 4542 805 4583 nos
843 4527 1108 4597 probasti,
1148 4536 1474 4597 sumptoque
1498 4528 1768 4597 patientiae
1795 4535 1849 4583 et
1873 4543 1989 4598 pcr-

2107 4530 2316 4602 μνάσας
2349 4527 2496 4596 ἡμᾶς
2526 4524 2619 4575 καὶ
2645 4522 2745 4592 τῆς
2769 4520 3043 4591 ὑπομονῆς
3066 4517 3223 4588 ήμῶν
3244 4517 3338 4570 καὶ
3360 4517 3457 4609 τῆς
3483 4531 3677 4609 καρτε-

421 4619 742 4675 severantiae
774 4628 978 4675 nostra:
1003 4620 1398 4689 experimento,
1430 4621 1670 4676 eduxisti
1705 4639 1806 4678 nos
1827 4623 1883 4676 in
1909 4638 1994 4677 re-

421 4711 741 4781 frigerium;
772 4711 906 4775 sive,
936 4711 1238 4766 secundum
1265 4709 1674 4782 Symmachum,
1716 4734 1734 4767 ι
1780 4716 1833 4769 in
1869 4716 1993 4769 lati-

423 4803 689 4862 tudinem.
734 4823 753 4856 ι
790 4802 906 4862 Hoc
933 4813 1110 4859 autem
1140 4803 1361 4859 diverso
1384 4805 1546 4860 modo
1577 4805 1856 4876 impletum
1887 4815 1991 4863 est.

422 4891 556 4947 Nam
581 4907 706 4948 cum
734 4910 902 4948 unum
932 4895 1004 4950 sit
1034 4894 1417 4965 religiosorum
1447 4897 1733 4959 hominum
1761 4913 1993 4968 corpus;

421 4996 476 5042 et
501 4987 592 5041 alii
620 4985 840 5056 quidem
869 4987 984 5042 haec
1010 4987 1160 5057 passi
1203 4988 1335 5054 sint,
1374 4990 1467 5044 alii
1498 4990 1828 5058 supplicium
1879 4990 1990 5044 lue-

423 5083 550 5145 rint,
587 5081 678 5135 alii
708 5081 885 5135 solum
915 5082 1119 5135 mulcta
1141 5082 1408 5136 bonorum
1444 5083 1726 5139 exercitati
1757 5082 1994 5148 fuerint;

420 5175 512 5228 alii
549 5174 673 5245 fuga
728 5183 782 5228 et
838 5189 1061 5230 secessu
1096 5173 1447 5229 familiarium
1507 5175 1717 5244 probati
1771 5173 1994 5238 fuerint,

423 5283 530 5320 non
569 5267 662 5321 diu
694 5273 881 5336 postea
914 5266 1157 5321 omnium
1203 5266 1326 5320 linis
1369 5268 1623 5321 omnibus
1662 5266 1876 5320 faustus
1903 5280 1996 5319 oc-

421 5358 616 5412 currit.
650 5355 784 5410 Nam
811 5356 904 5410 Dei
961 5367 1231 5425 martyres
1271 5366 1446 5411 morte
1489 5357 1874 5419 consummati,
1906 5372 1998 5410 ve-

423 5465 544 5503 rum
602 5449 942 5520 refrigerium
996 5449 1362 5510 invenerunt,
1409 5457 1468 5502 ut
1511 5449 1692 5503 dicere
1743 5449 1996 5504 valeant:

430 5560 448 5591 ι
481 5542 830 5603 Convertere,
855 5541 1035 5594 anima
1054 5555 1195 5605 mea,
1216 5542 1268 5594 in
1290 5543 1530 5610 requiem
1551 5549 1720 5605 tuam,
1747 5542 1871 5610 quia
1897 5541 2001 5595 Do~

425 5634 608 5687 minus
632 5632 900 5686 benefecit
922 5633 1042 5696 tibi,
1060 5633 1316 5701 quoniam
1345 5633 1543 5700 eripuit
1566 5634 1799 5687 animam
1827 5649 2001 5689 meam

427 5721 495 5776 de
532 5731 706 5773 morte
729 5720 796 5782 “9,
848 5741 864 5768 ι
907 5730 1013 5772 etc.
1048 5719 1169 5774 llaec
1199 5723 1396 5792 quippe
1421 5723 1596 5778 aliinia
1644 5725 2001 5794 prtescnlibus

502 5836 545 5870 ⁶⁹
576 5834 719 5896 Psal.
756 5849 897 5889 cxtv.
927 5835 975 5890 7.
1011 5833 1065 5886 8.

2109 4623 2227 4693 ρίας
2251 4619 2348 4688 τὴν
2373 4614 2598 4686 δοκιμὴν
2618 4613 2796 4666 λαϐὼν
2818 4612 3080 4683 ἐξήγαγες
3103 4610 3249 4678 ἡμᾶς
3271 4611 3348 4670 είς
3369 4605 3670 4676 ἀναψυχήψ

2103 4713 2135 4782 ἢ
2174 4709 2315 4763 κατὰ
2337 4707 2426 4760 τὸν
2457 4706 2772 4777 Σύμμαχον,
2807 4723 2825 4756 ι
2850 4707 2929 4767 εἰς
2957 4704 3015 4756 εὑ
3027 4701 3315 4773 ρυχωρίαν.
3340 4719 3357 4749 ι
3383 4698 3492 4750 Καὶ
3521 4696 3677 4748 τοῦτο

2103 4805 2158 4865 δὲ
2194 4799 2494 4872 ἐπληροῦτο
2515 4799 2817 4870 διαφόρως·
2851 4796 2968 4860 ἐνὸς
2996 4794 3104 4863 γὰρ
3134 4793 3282 4855 δντος
3306 4789 3400 4843 τοῦ
3431 4788 3538 4842 τῶν
3569 4789 3676 4842 θεο-

2106 4894 2277 4946 σεϐῶν
2318 4892 2587 4963 σώματος,
2617 4891 2712 4945 καὶ
2744 4889 2850 4944 τῶν
2882 4888 2979 4959 μὲν
3013 4886 3140 4940 τάδε
3178 4883 3541 4946 πεπονθότων,
3570 4879 3674 4934 τῶν

2104 4987 2161 5040 δέ
2189 4984 2598 5054 ὑπομεινάντων
2624 4982 2916 5054 τιμωρίαν,
2951 4978 3060 5032 τῶν
3089 4978 3146 5029 δὲ
3171 4979 3238 5049 τῇ
3267 4975 3375 5029 τῶν
3401 4972 3675 5046 ὑπαρχόν-

2106 5095 2212 5150 των
2248 5077 2420 5149 ζημίᾳ
2468 5077 2604 5150 μόνῃ
2651 5072 3105 5145 δοκιμασθέντων,
3134 5068 3241 5122 τῶν
3286 5070 3341 5123 δὲ
3384 5068 3469 5122 διὰ
3502 5067 3677 5137 φυγῆς

2107 5171 2199 5221 καὶ
2226 5169 2325 5239 τῆς
2358 5168 2464 5222 τῶν
2491 5168 2707 5221 οἰκείων
2743 5164 3136 5235 ἀναχωρήσεως
3176 5160 3677 5232 ἐγγυμνασθέντων,

2107 5264 2204 5315 οὐκ
2249 5265 2328 5326 εἰς
2375 5262 2581 5333 μακρὸν
2625 5261 2687 5313 τὸ
2732 5259 2946 5312 πάντων
2983 5255 3134 5319 τέλος
3165 5257 3278 5318 τοῖς
3313 5256 3475 5306 πᾶσιν
3508 5251 3679 5304 αἴσιον

2108 5357 2344 5426 ἀπήντα.
2375 5356 2438 5407 υἱ
2472 5353 2569 5425 μὲν
2597 5353 2704 5422 γὰρ
2736 5350 2828 5404 τοῦ
2864 5348 3000 5402 Θεοῦ
3038 5347 3311 5420 μάρτυρες
3343 5345 3429 5398 διὰ
3461 5343 3554 5397 τοῦ
3585 5341 3680 5394 θα-

2107 5449 2267 5500 νάτου
2302 5446 2697 5508 τελειωθέντες,
2727 5443 2824 5514 τὴν
2852 5439 3067 5512 ἀληθῶς
3108 5438 3387 5509 ἀναψυχὴν
3429 5435 3678 5506 εὕραντο,

2109 5543 2183 5604 ὼς
2223 5539 2481 5594 δύνασθαι
2519 5538 2713 5608 φάναιο
2750 5556 2768 5586 ι
2793 5532 3167 5604 Ἐπίστρεψον,
3203 5531 3236 5599 ἡ
3268 5529 3413 5598 ψυχή
3449 5543 3572 5598 μου,
3603 5526 3680 5586 εἰς

2108 5633 2206 5702 τὴν
2257 5628 2560 5684 ἀνάπαυσίν
2613 5645 2727 5689 σου,
2759 5627 2840 5678 ὅτι
2882 5624 3083 5694 Κύριος
3124 5619 3458 5692 εὑηργέτησέ
3482 5634 3573 5671 σε·
3601 5619 3682 5670 ὅτι

2111 5725 2350 5790 ἐξείλατο
2395 5722 2490 5775 τὶν
2537 5720 2710 5791 ψυχήν
2757 5736 2855 5789 μου
2898 5720 2959 5770 ἐκ
2995 5716 3240 5776 θανάτου,
3274 5734 3290 5763 ι
3323 5714 3414 5765 καὶ
3438 5712 3506 5764 τὰ
3536 5709 3679 5780 ἑξῆς.
