4090 6374
484 383 590 441 665

1583 384 2083 443 COMMENTARIA
2123 383 2187 439 IN
2227 383 2566 439 PSALMl)S.

3621 389 3726 445 666

497 502 725 572 Ἀδελφα
756 519 864 573 γαρ
901 516 965 556 αν
999 502 1084 573 εἴη
1127 502 1297 556 ταῦτα
1322 499 1430 555 των
1453 502 1540 555 διά
1564 502 1673 556 τῶν
1707 504 1844 573 μετὰ
1872 507 2036 576 χεῖρα.

2163 508 2323 554 sunt:
2351 520 2369 551 ι
2406 499 2508 565 Qui
2547 505 2730 569 posuit
2756 497 2991 552 animam
3017 513 3194 554 meam
3227 499 3292 554 ad
3319 499 3506 564 vitam,
3536 507 3588 554 et
3617 515 3725 554 non

484 597 797 663 φασκόντων
817 613 830 626 δ
866 614 884 646 ι
915 594 1020 647 Τοῦ
1050 594 1274 667 θεμένου
1306 595 1400 666 τὴν
1429 597 1606 666 ψυχήν
1643 613 1743 667 μου
1778 598 1856 660 είς
1889 596 2053 667 ζωὴν,

486 685 580 736 καὶ
614 683 686 756 μὴ
727 684 904 748 δόντος
938 685 1016 746 είς
1054 684 1211 736 σάλον
1257 686 1382 748 τοὺς
1413 684 1577 745 πόδας
1605 700 1703 753 μου
1724 700 1736 712 ο
1780 703 1797 734 ι
1829 683 1923 735 καὶ
1954 683 2058 735 πά-

483 775 566 830 λιν
586 793 599 806 ·
632 795 650 827 ι
678 777 787 830 Καὶ
819 775 1083 846 ἐξήγαγες
1115 777 1261 846 ἡμᾶς
1289 778 1368 839 είς
1392 774 1691 844 ἀναψυχήν.
1718 775 1779 827 Oi
1807 773 1864 826 δὲ
1896 775 1954 827 ἐν
1978 772 2055 843 τῷ

485 869 584 940 βίῳ
633 868 1033 939 πεφυλαγμένοι
1086 870 1177 922 καὶ
1225 868 1323 941 τὴν
1365 867 1457 920 τοῦ
1502 865 1738 937 διωγμοῦ
1782 865 2055 936 πυρκαῖάν

481 959 910 1014 ἀποσϐεσθεῖσαν
948 959 1286 1029 τεθεαμένοι,
1321 959 1377 1010 ἐν
1421 959 1612 1029 εἰρήνῃ
1661 956 1858 1025 φαιδρᾷ
1887 970 2054 1007 κατα-

482 1054 724 1116 στάντες,
751 1053 852 1122 τῆς
889 1051 1168 1121 ἀναψυχῆς
1210 1050 1422 1120 ἔτυχον,
1447 1050 1540 1101 καὶ
1564 1046 1838 1111 εἰςεῦδιον
1863 1045 2053 1114 λιμένα

479 1146 936 1216 καταντήσαντες,
969 1145 1062 1197 καὶ
1096 1143 1191 1212 τῆς
1231 1143 1366 1212 μετὰ
1398 1141 1491 1194 τοῦ
1515 1139 1752 1211 διωγμοῦ
1782 1137 2048 1210 εὐφροσύ-

477 1252 573 1306 νης
604 1236 1024 1298 ἀπολαύσαντες.
1059 1235 1288 1302 Νοήσεις
1318 1234 1382 1288 δὲ,
1403 1235 1548 1296 ὅπως
1578 1232 1786 1304 εἴρηται
1819 1229 2049 1284 ἐνταῦθα

479 1329 555 1381 τό·
576 1348 593 1380 ι
619 1328 980 1391 Ἐπεϐίϐασας
1002 1326 1317 1398 ἀνθρώπους
1341 1327 1432 1379 ἐπὶ
1456 1325 1553 1388 τὰς
1577 1324 1815 1394 κεφαλὰς
1834 1325 2010 1396 ἡμῶν,
2025 1345 2042 1375 ι

478 1421 743 1492 παραθεὶς
775 1421 835 1474 τὸ
864 1421 921 1472 ἐν
955 1420 1126 1491 ἑτέρῳ
1155 1419 1469 1490 εἰρημένον·
1518 1437 1536 1469 ι
1566 1419 1678 1470 Καὶ
1723 1416 1816 1470 νῦν
1867 1415 2045 1484 ῦψωσε

477 1513 717 1583 κεφαλήν
754 1530 854 1582 μου
889 1512 981 1563 ἐπὶ
1021 1510 1246 1581 ἐχθρούς
1283 1528 1402 1582 μου.
1423 1509 1738 1563 Ἐκύκλωσα
1765 1510 1858 1561 καὶ
1882 1507 2047 1560 ἔθυσα

474 1607 530 1657 ἐν
555 1607 622 1675 τῇ
649 1607 817 1675 σκηνῇ
853 1621 943 1657 σου
980 1603 1168 1657 Θυσίαν
1194 1603 1532 1673 ἀλαλαγμοῦ.
1565 1603 1802 1672 »Ὥσπερ
1821 1600 1929 1671 γάρ
1955 1619 2049 1653 κα-

471 1696 537 1750 τὰ
582 1697 706 1758 τοὺς
753 1695 860 1748 τῶν
909 1694 1162 1766 διωγμῶν
1205 1695 1429 1766 καιροὺς
1462 1694 1810 1764 ἐπανίστησιν
1855 1694 1882 1744 ὁ
1915 1692 2046 1756 Θεὸς

468 1789 788 1861 ἀνθρώπους
815 1791 906 1842 ἐπὶ
924 1790 1021 1854 τάς
1043 1788 1280 1860 κεφαλάς
1302 1789 1334 1858 ἡ
1344 1787 1478 1860 μῶν,
1502 1786 1642 1840 οὕτω
1678 1786 1815 1856 μετὰ
1854 1785 2040 1848 ταῦτα,

2159 593 2308 647 dedit
2366 594 2421 647 in
2483 592 2908 647 commotionem
2966 591 3132 661 pedes
3197 607 3406 660 meos;
3449 612 3466 644 ι
3513 608 3576 647 ac
3603 609 3726 647 rur-

2157 700 2277 740 sum
2318 703 2332 738 :
2374 702 2392 736 (
2428 683 2494 737 Ει
2520 683 2756 738 eduxisti
2786 697 2888 738 nos
2919 683 2972 736 in
3008 683 3374 753 refrigerium.
3416 704 3434 736 ι
3479 684 3581 750 Qui
3629 699 3726 737 au-

2156 784 2263 831 tem
2303 779 2631 846 superstites
2654 775 2855 830 servati
2895 783 3045 838 sunt,
3077 775 3509 846 restinctumque
3540 791 3726 846 perse-

2155 869 2394 923 cutionis
2425 867 2735 922 incendium
2761 867 3036 930 viderunt,
3064 868 3116 921 in
3145 867 3386 937 jucunda
3418 884 3551 938 pace
3592 885 3724 923 con-

2155 960 2356 1024 stituti,
2399 957 2748 1028 refrigerium
2795 957 2945 1011 nacti
2981 965 3132 1021 sunt,
3170 967 3224 1013 et
3273 959 3325 1012 in
3369 960 3723 1029 tranquillum

2153 1058 2370 1120 portum
2414 1050 2670 1120 ingressi,
2697 1058 2821 1121 post
2860 1049 3296 1120 persecutionem
3349 1049 3535 1103 laetitia
3578 1049 3725 1105 frue—

2153 1143 2370 1196 bantur.
2416 1140 2558 1197 Sane
2604 1143 2876 1212 intelligas
2934 1158 3040 1212 qua
3093 1143 3305 1196 ratione
3346 1142 3436 1195 hic
3469 1142 3718 1198 dicatur:

2156 1249 2174 1283 ι
2210 1233 2522 1302 lmposuisti
2559 1233 2806 1288 homines
2834 1248 3001 1304 super
3024 1232 3204 1302 capita
3238 1240 3449 1297 nostra,
3484 1254 3502 1284 ι
3534 1232 3577 1287 si
3610 1232 3723 1288 ltrec

2147 1323 2402 1381 conferas
2436 1341 2560 1380 cum
2592 1326 2694 1381 hoc
2725 1327 2953 1381 alterius
2984 1327 3177 1398 psalmi
3214 1325 3362 1380 dicto
3393 1344 3406 1378 :
3444 1343 3463 1376 ι
3491 1323 3554 1378 Et
3577 1339 3723 1379 nunc

2147 1417 2407 1472 exaltavit
2428 1425 2590 1487 caput
2619 1434 2797 1473 meum
2824 1433 2989 1488 super
3011 1419 3264 1473 inimicos
3295 1416 3722 1472 meos.Circuivi

2145 1515 2198 1560 et
2229 1507 2503 1562 immolavi
2560 1508 2616 1561 in
2666 1509 3022 1562 tabernaculo
3053 1517 3147 1562 tuo
3178 1507 3415 1562 hostiam
3443 1506 3724 1576 jubilatio-

2147 1592 2316 1648 nis”.
2358 1613 2377 1646 ι
2431 1593 2902 1659 Quemadmodum
2945 1597 3088 1651 enim
3138 1596 3538 1666 persecutionis
3579 1606 3720 1651 tem-

2147 1701 2276 1756 pore
2302 1687 2533 1758 imponit
2563 1687 2706 1743 Deus
2734 1689 2984 1745 homines
3015 1706 3180 1758 super
3204 1690 3381 1760 capita
3404 1697 3610 1754 nostra,
3645 1690 3721 1744 ita

2151 1789 2438 1849 postquam
2465 1780 2651 1834 eduxit
2683 1796 2784 1837 nos
2816 1782 2870 1835 in
2902 1781 3276 1853 refrigerium,
3311 1783 3514 1837 exaltat
3541 1783 3720 1852 capita

467 1883 556 1935 ὅτε
586 1883 850 1954 ἐξήγαγεν
879 1883 1026 1952 ἡμᾶς
1067 1882 1147 1943 εἰς
1189 1879 1492 1950 ἀναψυχὴν,
1523 1879 1648 1948 ὑψοῖ
1675 1876 1774 1940 τάς
1808 1875 2036 1945 κεφαλὰς

2147 1879 2335 1924 nostra
2387 1886 2552 1940 super
2603 1871 2856 1928 inimicos
2901 1881 3141 1928 nostros.
3192 1871 3359 1942 quue
3404 1873 3722 1944 prophetice

467 1975 622 2044 ἡμῶν
645 1976 738 2028 ἐπὶ
765 1974 888 2037 τοὺς
918 1973 1143 2044 ἐχθροὺς
1167 1976 1198 2044 ἡ
1209 1973 1343 2043 μῶν.
1371 1972 1481 2026 Καὶ
1513 1970 1670 2024 τοῦτο
1698 1968 2046 2042 προφητικῶς

465 2068 654 2140 ἐδήλου
680 2071 708 2122 ὁ
731 2069 933 2139 φήσας·
978 2086 996 2118 ι
1024 2067 1135 2120 Καὶ
1163 2067 1256 2120 νῦν
1288 2065 1470 2137 ῦψωσε
1519 2065 1760 2135 κεφαλήν
1809 2080 1908 2134 μου
1952 2063 2045 2115 ἐπὶ

465 2159 690 2231 ἐχθρούς
726 2177 846 2231 μου.
880 2158 1274 2229 Είσελεύσομαι
1306 2161 1386 2222 είς
1411 2158 1504 2210 τὸν
1535 2152 1683 2210 οἶκόν
1719 2174 1810 2209 σου
1837 2158 1895 2209 ἐν
1929 2155 2044 2209 όλο-

463 2252 840 2323 καυτώμασιν.
880 2272 898 2302 ι
935 2253 997 2304 Οί
1036 2251 1134 2322 μὲν
1161 2252 1269 2322 γάρ
1303 2251 1446 2318 ἅγιοι
1467 2249 1561 2303 τοῦ
1591 2249 1726 2302 Θεοῦ
1772 2249 2044 2321 μάρτυρες

465 2344 604 2414 μετά
634 2343 760 2406 τοὺς
788 2343 1053 2414 μεγάλους
1082 2341 1292 2404 ἄθλους,
1323 2341 1416 2405 οὒς
1441 2342 1914 2412 ὑπομεμενήκασι,
1955 2339 2042 2393 διὰ

463 2434 636 2505 πυρὸς
686 2435 780 2486 καὶ
823 2433 1012 2496 ὕδατος
1036 2430 1354 2496 διελθόντες,
1379 2433 1460 2495 είς
1485 2430 1762 2500 ἀναψυχὴν
1800 2428 2040 2500 παρελή-

463 2524 695 2595 φθησαν.
734 2519 865 2577 Εἶτα
893 2523 984 2577 τὸν
1007 2523 1326 2594 ἐπουράνιον
1354 2520 1447 2573 τοῦ
1475 2519 1608 2574 Θεοῦ
1633 2514 1778 2572 οἶκον
1798 2517 1888 2570 τὸν
1918 2516 2043 2588 ἀλη-

461 2612 606 2666 θινὸν
650 2613 1030 2677 ἀπολαϐόντες,
1081 2612 1279 2682 φασίψ
1339 2631 1356 2661 ι
1396 2608 1784 2678 Εἰσελεύσομαι
1831 2608 1911 2670 είς
1949 2607 2040 2660 τὸν

460 2699 608 2756 οἶκόν
640 2721 732 2757 σου
773 2706 830 2757 ἐν
875 2703 1308 2773 ὁλοκαυτώμασι.
1338 2721 1355 2753 ι
1377 2702 1464 2763 Ὠς
1488 2699 1596 2770 γὰρ
1623 2699 1714 2752 διά
1745 2699 1914 2770 πυρὸς
1946 2699 2040 2751 καὶ

461 2793 651 2859 Εδατος
685 2795 999 2860 διελθόντες,
1025 2795 1094 2848 τά
1137 2794 1342 2848 ἑαυτῶν
1385 2790 1827 2862 ὁλοκαυτώματα,
1863 2793 1919 2843 ἐν
1957 2788 2039 2853 οἷς

459 2885 866 2956 ἐμαρτύρησαν,
896 2885 1048 2956 δίκην
1085 2885 1274 2948 θυσίας
1316 2883 1393 2954 τῷ
1438 2881 1644 2936 ἑαυτῶν
1669 2881 2036 2952 προσφέρουσι

457 2976 597 3046 Θεῷ,
636 2975 802 3047 πολλῇ
834 2977 1116 3048 παρρησίᾳ
1147 2975 1418 3047 χρώμενοι
1455 2976 1537 3043 ἐφ’
1561 2968 1648 3036 αἷς
1681 2971 1912 3044 ηὔξαντο
1947 2973 2037 3026 εὐ-

461 3068 602 3134 χαῖς.
619 3064 862 3131 Ηῦξαντο
888 3067 946 3119 δὲ
974 3064 1363 3134 ἀγωνίσασθαι,
1379 3065 1470 3117 καὶ
1491 3062 1694 3135 ταύτην
1714 3063 2035 3134 ἐποιήσαντο

455 3157 552 3226 τὴν
599 3158 951 3226 ἐπαγγελίαν,
982 3158 1044 3210 τὸ
1083 3158 1244 3230 μέχρι
1293 3156 1525 3212 θανάτου
1575 3155 1716 3228 ὑπὲρ
1755 3155 2034 3219 εὐσεϐείας

452 3252 700 3325 ἀθλῆσαι.
731 3255 817 3318 Ὠς
835 3249 929 3307 οὖν
953 3253 1374 3326 κατωρθωκότες
1407 3251 1549 3324 άπερ
1574 3249 1828 3321 ηὔξαντο,
1849 3249 2030 3320 φασίν·
2061 3246 2104 3302 C

526 3383 546 3417 ι
570 3366 858 3421 Ἀποδώσω
881 3367 1072 3430 σοιτάς
1088 3365 1252 3436 εὐχάς
1281 3383 1402 3438 μου,
1427 3366 1492 3428 ’ἀς
1507 3363 1764 3417 διέστειλε
1788 3363 1856 3416 τὰ
1878 3363 2029 3435 χείλη

456 3474 591 3530 μου·
627 3460 720 3511 καὶ
753 3459 978 3531 ἐλάλησε
1010 3459 1072 3512 τὸ
1106 3460 1280 3530 στόμα
1315 3477 1416 3530 μου
1452 3462 1509 3512 ἐν
1539 3460 1606 3528 τῇ
1640 3457 1816 3528 θλίψει
1856 3474 1975 3528 μου.
2007 3477 2026 3507 ι

452 3547 590 3600 Κατ’
623 3548 792 3610 αύτάς
823 3549 930 3619 γὰρ
960 3548 1058 3610 τὰς
1090 3549 1295 3618 θλίψεις
1315 3589 1329 3612 ,
1365 3549 1494 3621 περὶ
1522 3542 1596 3602 ῶν
1631 3548 1886 3618 ἀνωτέρω
1919 3547 2032 3600 ἐλε-

450 3652 545 3705 γον
567 3653 582 3668 σ
620 3656 638 3688 ι
663 3638 826 3690 Ἐθου
855 3639 1060 3709 θλίψεις
1091 3641 1183 3692 ἐπὶ
1215 3640 1307 3694 τὸν
1329 3640 1497 3694 νῶτον
1516 3641 1549 3710 ἡ
1559 3639 1693 3710 μῶν,
1721 3659 1738 3690 ι
1772 3639 1870 3711 τὴν
1898 3639 2031 3710 πρὸς

450 3726 540 3780 τὸν
559 3729 691 3783 Θεὸν
713 3729 932 3800 ἀγάπην
951 3730 1159 3783 τελείαν
1181 3732 1277 3784 καὶ
1296 3732 1488 3802 όλόκλη
1497 3749 1588 3801 ρον
1610 3731 2028 3802 ἐνδεικνύμενοι.

453 3821 614 3890 εὒχάς
639 3821 874 3874 ἐτίθεντο
903 3821 996 3874 καὶ
1024 3821 1352 3889 ἐπαγγελίας
1377 3821 1654 3875 ἐποιοῦντο
1683 3822 1842 3893 μέχρι
1863 3822 2028 3875 θανά-

453 3930 539 3966 του
574 3912 862 3983 ἐνστῆναι,
898 3914 1176 3983 μονονουχὶ
1207 3913 1406 3984 ὁμοίως
1433 3912 1510 3984 τῷ
1533 3913 1728 3984 Παύλῳ
1746 3914 1993 3982 λέγοντες
2011 3930 2023 3942 ο

455 4026 472 4058 ι
495 4006 590 4070 Τίς
627 4008 774 4078 ἡμᾶς
801 4007 1024 4078 χωρίσει
1057 4008 1164 4061 ἀπὸ
1193 4009 1290 4079 τῆς
1324 4009 1544 4078 ἀγάπης
1569 4007 1664 4060 τοῦ
1697 4007 1869 4070 Θεοῦ;
1914 4005 2027 4058 θλί-

448 4099 558 4168 ψις,
589 4098 622 4170 ἢ
657 4099 1006 4170 στενοχωρία,
1039 4100 1070 4171 ἢ
1107 4100 1364 4170 διωγμὸς,
1398 4101 1431 4171 ἢ
1462 4099 1638 4170 λιμὸς,
1667 4099 1700 4170 ἢ
1731 4099 2024 4171 γυμνότης,

447 4191 480 4263 ἢ
511 4191 806 4256 κίνδυνοςς»
832 4192 944 4245 καίο
972 4193 1307 4264 ιΠέπεισμαι
1335 4194 1466 4264 γὰρ,
1497 4195 1578 4247 ὄτι
1627 4191 1750 4246 οῦτε
1779 4191 2025 4255 θάνατος,

446 4282 570 4337 οὗτε
595 4284 729 4355 ζωὴ,
763 4283 884 4337 οὔτε
918 4284 1187 4338 ἐνεστῶτα
1207 4327 1220 4348 ,
1256 4285 1380 4340 οὔτε
1413 4286 1669 4357 μέλλοντα
1694 4327 1708 4351 ,
1741 4285 2025 4356 δυνήσεται
2058 4338 2062 4343 .

446 4378 592 4449 ἡμᾶς
616 4376 845 4448 χωρίσαι
875 4377 984 4429 ἀπὸ
1016 4378 1115 4448 τῆς
1145 4378 1366 4449 ἀγάπης
1398 4377 1492 4432 τοῦ
1525 4379 1658 4432 Θεοῦ
1685 4377 1784 4446 τῆς
1807 4380 1864 4430 ἐν
1892 4377 2025 4448 Χρι-

446 4465 555 4536 στῷ
593 4465 786 4536 Ἰησοῦ.
819 4485 837 4518 ι
861 4467 1076 4531 Ταύτας
1104 4465 1196 4522 οὖν
1218 4486 1348 4540 φησι
1374 4469 1472 4533 τὰς
1497 4470 1658 4540 εὐχὰς
1685 4469 2022 4522 ἀποδεδωκέ-

443 4574 531 4611 ναι
561 4555 638 4627 τῷ
653 4556 792 4626 Θεῷ,
820 4556 885 4622 ἃς
913 4557 1170 4611 διέστειλε
1189 4558 1256 4613 τὰ
1275 4560 1425 4632 χείλη
1449 4559 1646 4625 αὐτῶν,
1680 4561 1773 4614 καὶ
1793 4559 2022 4630 ἐλάλησε

2145 1960 2456 2014 declarabat
2503 1961 2598 2030 qui
2643 1960 2780 2014 dixit
2819 1980 2831 2014 :
2872 1979 2892 2013 ι
2934 1962 2999 2015 Et
3043 1977 3192 2016 nunc
3247 1961 3505 2015 cxaltavit
3555 1969 3721 2032 caput

2147 2067 2326 2105 meum
2381 2067 2547 2122 super
2593 2053 2848 2108 inimicos
2897 2069 3071 2110 meos.
3122 2053 3363 2110 lntroibo
3400 2056 3456 2108 in
3496 2054 3718 2108 domum

2145 2153 2293 2196 tuam
2341 2144 2397 2196 in
2439 2143 2796 2200 holocaustis.
2835 2165 2854 2196 ι
2891 2143 3027 2199 Nam
3089 2145 3266 2199 sancti
3311 2145 3404 2201 Dei
3449 2153 3720 2216 martyres

2147 2243 2267 2305 post
2319 2250 2538 2306 magna,
2595 2253 2717 2307 quae
2771 2237 3178 2302 sustinuerunt,
3237 2237 3569 2299 certamina,
3621 2252 3719 2308 per

2143 2329 2323 2400 ignem
2369 2337 2422 2384 et
2475 2345 2672 2401 aquam
2722 2335 3090 2404 transgressi,
3142 2333 3197 2386 in
3243 2330 3588 2402 refrigerium
3631 2345 3718 2385 re-

2141 2422 2285 2492 cepti
2328 2431 2477 2477 sunt.
2512 2421 2718 2478 Deinde
2759 2424 2929 2494 petita
2973 2425 3064 2479 illa
3105 2425 3316 2480 cmlesti
3355 2438 3419 2478 ac
3449 2439 3577 2479 vera
3620 2422 3718 2478 Dei

2142 2512 2326 2578 domo,
2359 2515 2513 2568 aiunt
2547 2534 2560 2570 :
2600 2533 2618 2566 ι
2655 2515 2895 2571 lntroibo
2913 2516 2969 2570 in
3003 2517 3224 2571 domum
3262 2524 3412 2570 tuam
3455 2516 3512 2569 in
3558 2516 3716 2569 holo-

2140 2606 2366 2661 caustis.
2408 2624 2427 2658 ι
2469 2603 2682 2676 Utpote
2731 2608 2876 2661 enim
2922 2609 3013 2677 qui
3065 2623 3162 2680 per
3217 2610 3395 2679 ignem
3427 2615 3480 2661 et
3519 2621 3715 2678 aquam

2140 2693 2482 2759 transierint,
2515 2694 2835 2752 holocausta
2871 2711 2991 2764 sua,
3018 2698 3175 2767 queis
3208 2697 3530 2767 martyrium
3563 2698 3714 2766 passi

2139 2791 2267 2839 sunt
2314 2785 2487 2840 instar
2526 2785 2718 2841 hostire
2760 2789 2871 2842 Deo
2901 2804 3003 2845 suo
3023 2789 3282 2852 offerunt,
3316 2788 3487 2842 multa
3536 2790 3619 2843 usi
3657 2790 3715 2844 in

2137 2876 2392 2944 precibus
2421 2875 2719 2934 fundendis
2753 2878 2971 2935 fiducia.
3004 2879 3249 2936 Orabant
3285 2881 3485 2951 quippe
3510 2889 3570 2934 ut
3591 2897 3714 2937 cer-

2138 2967 2342 3022 tamina
2379 2968 2599 3036 inirent,
2629 2969 2732 3024 hac
2771 2971 2896 3025 data
2922 2972 3312 3042 promissione,
3357 2987 3416 3027 se
3441 2988 3614 3042 usque
3643 2974 3713 3028 ad

2137 3067 2365 3114 mortem
2403 3076 2500 3132 pro
2531 3063 2731 3132 pietate
2762 3071 3089 3122 certaturos.
3127 3064 3326 3136 Utpote
3354 3081 3485 3122 vero
3503 3081 3562 3122 re
3578 3067 3716 3122 bene

2134 3162 2286 3223 gesta
2318 3169 2416 3224 pro
2447 3169 2554 3226 qua
2582 3157 2786 3226 precati
2818 3155 3055 3224 fuerant,
3083 3157 3306 3214 dicunt:

2207 3358 2374 3418 Vens.
2411 3361 2498 3426 M,
2544 3361 2629 3417 l5.
2660 3380 2678 3414 ι
2715 3361 2958 3418 Reddam
2989 3362 3088 3418 tibi
3120 3371 3246 3418 vota
3267 3377 3409 3429 mea,
3439 3379 3560 3434 quae
3593 3365 3712 3422 dis-

2133 3453 2413 3507 tinxerunt
2452 3453 2600 3508 labia
2643 3470 2798 3509 mea:
2830 3462 2884 3510 et
2923 3454 3168 3508 locutum
3199 3461 3284 3511 est
3333 3470 3397 3510 os
3447 3471 3628 3510 meum
3654 3456 3710 3510 in

2135 3543 2485 3599 tribulatione
2534 3560 2708 3600 mea.»
2753 3545 2810 3600 In
2865 3547 3001 3616 ipsis
3059 3560 3297 3615 namque
3345 3545 3712 3600 tribulationi-

2133 3634 2258 3698 bus,
2293 3635 2359 3689 de
2381 3635 2581 3704 quibus
2614 3651 2780 3705 supra
2815 3637 3072 3692 dicebant
3100 3656 3112 3690 :
3152 3655 3170 3687 ι
3203 3635 3443 3692 Posuisti
3477 3637 3712 3692 tribula-

2133 3726 2310 3780 tiones
2365 3727 2419 3780 in
2476 3729 2642 3783 dorso
2695 3737 2944 3793 nostro,»
3001 3728 3300 3799 perfectam
3331 3741 3386 3785 et
3434 3730 3704 3801 integram

2130 3832 2257 3887 erga
2291 3817 2458 3872 Deum
2487 3820 2812 3874 charitatem
2847 3821 3192 3889 exhibentes,
3226 3838 3416 3892 preces
3463 3823 3709 3880 effunde-

2131 3917 2264 3971 bant
2299 3929 2353 3971 et
2381 3917 2654 3986 promissa
2685 3917 2910 3980 dabant,
2945 3935 3004 3973 se
3035 3918 3101 3972 ad
3132 3927 3360 3974 mortem
3392 3934 3564 3988 usque
3593 3934 3710 3989 per.-

2132 4016 2507 4074 severaturos,
2555 4018 2770 4064 tantum
2838 4027 2946 4065 non
2999 4014 3245 4068 dicentes
3313 4028 3439 4066 cum
3500 4012 3705 4070 Paulo:

2136 4119 2154 4151 ‹
2179 4100 2313 4167 Quis
2336 4117 2438 4156 nos
2473 4102 2749 4173 separabit
2779 4119 2808 4156 a
2841 4103 3110 4158 cbaritate
3144 4104 3278 4158 Dei?
3300 4105 3603 4169 tribulatio,
3638 4120 3709 4160 an

2130 4192 2406 4263 angustia,
2435 4209 2504 4247 an
2534 4195 2866 4263 persecutio,
2904 4211 2976 4248 an
3021 4195 3218 4261 fartres,
3253 4210 3323 4250 an
3355 4194 3602 4259 nuditas,
3635 4210 3708 4252 an

2129 4285 2433 4356 periculum
2456 4287 2543 4339 7'?
2569 4305 2588 4338 ι
2626 4293 2714 4342 et:
2747 4306 2765 4338 ι
2790 4287 2985 4342 Certus
3017 4303 3138 4344 sum
3163 4288 3330 4352 enim,
3363 4287 3509 4358 quod
3530 4302 3706 4358 neque

2129 4391 2299 4440 mors,
2341 4391 2520 4447 neque
2549 4377 2683 4442 vita,
2715 4394 2895 4448 neque
2940 4379 3251 4448 praesentia,
3289 4393 3467 4449 neque
3516 4377 3705 4431 futura

2129 4475 2385 4536 poterunt
2411 4484 2513 4522 nos
2543 4483 2802 4538 separare
2829 4485 2858 4523 a
2891 4469 3161 4524 charitate
3188 4468 3306 4535 Dei,
3353 4485 3475 4540 quae
3518 4475 3604 4525 est
3647 4467 3704 4522 in

2124 4560 2347 4616 Christo
2375 4559 2565 4616 Jesu"
2587 4581 2634 4616 ,ι
2673 4561 2798 4618 Haec
2831 4579 2892 4619 se
2914 4572 3038 4618 vota
3071 4562 3183 4619 Deo
3235 4563 3542 4618 reddidisse
3598 4562 3698 4626 ait,

441 4648 502 4701 τὸ
533 4649 705 4720 στόμα
735 4648 914 4702 αὐτῶν
946 4650 1005 4702 ἐν
1032 4652 1098 4720 τῇ
1130 4650 1304 4720 θλίψει
1337 4651 1535 4705 αὐτῶν.
1570 4652 1678 4706 Καὶ
1704 4651 1928 4705 τοιαῦτά
1956 4667 2021 4718 γε

2137 4668 2250 4723 qua:
2280 4652 2655 4708 distinxerunt
2684 4654 2829 4708 labia
2866 4669 2989 4719 sua,
3023 4661 3077 4709 et
3123 4655 3364 4709 locutum
3392 4661 3478 4709 est
3507 4668 3570 4707 os
3599 4666 3696 4707 eo-

441 4735 508 4811 ἦν
536 4760 554 4792 ι
577 4740 646 4794 τὰ
668 4739 1096 4812 ὁλοκαυτώματα
1115 4760 1131 4793 ι
1162 4742 1340 4795 αὐτῶν
1366 4761 1384 4795 ι
1411 4743 1815 4814 μεμυαλωμένα
1837 4763 1854 4794 ι
1891 4743 2017 4813 ἀλη-

442 4831 570 4895 θῶς.
629 4831 696 4884 Αἱ
745 4830 876 4900 γοῦν
921 4831 1091 4902 ψυχαὶ
1135 4833 1310 4886 αὐτῶν
1335 4873 1349 4896 ,
1386 4833 1648 4904 φέρουσαι
1681 4833 1742 4886 τὸ
1775 4835 1894 4886 πῖον
1927 4833 2019 4884 καὶ

438 4923 662 4977 δυνατὸν
712 4924 810 4993 τῆς
862 4923 1096 4988 πίστεως
1121 4963 1136 4987 ,
1186 4919 1338 4977 εἷπον
1383 4924 1449 4977 ἀν
1490 4925 1551 4978 τὸ
1587 4927 1646 4977 ἐν
1677 4924 1847 4996 ἑτέρῳ
1874 4924 2021 4978 λελε-

438 5015 640 5087 γμένον
661 5031 673 5044 ⁸
710 5034 728 5067 t
759 5016 903 5068 'chi.
937 5016 1158 5080 στέατος
1211 5017 1304 5070 καὶ
1332 5017 1582 5087 πιότητος
1612 5017 1951 5089 ἐμπλησθείη
1986 5019 2020 5086 ἡ

439 5106 583 5179 ψυχή
629 5125 762 5178 μου,
797 5108 890 5161 καὶ
929 5107 1081 5178 χείλη
1117 5108 1487 5177 ἀγαλλιάσεως
1514 5111 1717 5164 αἰνέσει
1754 5110 1816 5163 τὸ
1844 5111 2019 5181 στόμα

441 5212 564 5266 μου.
592 5215 610 5246 ι
639 5195 794 5249 Οῦτω
823 5195 953 5263 γοῦν
986 5216 1004 5248 ι
1029 5197 1434 5270 μεμυαλωμένα
1455 5219 1474 5252 ›
1501 5199 1716 5269 λέγεται
1740 5200 1809 5254 τά
1832 5201 2022 5272 εὐτρα-

439 5285 514 5356 φῆ
545 5288 639 5340 καὶ
664 5287 822 5340 πίονα
845 5290 937 5341 καὶ
963 5289 1190 5362 λιπαρά.
1210 5290 1469 5345 Τοιαῦται
1492 5291 1549 5344 δὲ
1570 5291 1931 5361 τυγχάνουσιν
1960 5294 2016 5346 αί

437 5377 546 5432 τῶν
577 5379 822 5450 ἀθλητῶν
851 5380 946 5434 τοῦ
978 5381 1112 5436 Θεοῦ
1143 5383 1340 5455 ψυχαὶ,
1372 5386 1436 5437 ἐκ
1467 5385 1576 5438 τῶν
1611 5385 1770 5439 θείων
1801 5385 1894 5438 καὶ
1931 5385 2018 5438 λο-

437 5468 608 5538 γικῶν
634 5469 847 5540 τροφῶν
884 5490 902 5522 t
928 5473 1353 5544 μεμυαλωμέναι
1373 5515 1388 5535 ,
1417 5495 1434 5526 ι
1471 5475 1566 5529 καὶ
1594 5475 1756 5547 μηδὲν
1790 5476 2015 5529 ὑποκεί-

441 5579 600 5633 μενον
624 5562 862 5634 ἔχουσαι,
893 5566 1025 5637 μηδὲ
1051 5567 1290 5632 ἀσθενές·
1323 5569 1404 5622 διό
1431 5587 1613 5639 φασιν·
1645 5590 1662 5620 ι
1687 5568 2017 5624 Ὀλοκαυτώ-

447 5669 592 5722 ματα
647 5655 1048 5727 μεμυαλωμένα
1082 5658 1280 5712 ἀνοίσω
1303 5677 1385 5712 σοι
1422 5661 1556 5730 μετὰ
1592 5660 1952 5732 θυμιάματος.
1991 5680 2008 5712 ι

509 5808 556 5840 ⁷ο
585 5809 730 5864 Psal.
771 5827 918 5878 τινι,
947 5813 998 5868 6.

2125 4760 2248 4799 rum
2285 4745 2341 4799 in
2373 4745 2729 4802 tribulatione
2761 4748 3027 4817 ipsorum.
3070 4746 3136 4800 Et
3167 4748 3282 4801 haec
3329 4763 3458 4803 vere
3507 4763 3700 4804 eorum

2133 4854 2150 4886 ε
2192 4836 2513 4892 holocausta
2567 4838 2884 4892 medullata.
2920 4857 2938 4890 ι
2981 4837 3190 4892 Animae
3225 4838 3409 4908 itaque
3453 4839 3700 4909 ipsorum

2129 4927 2344 4997 adipem
2390 4942 2456 4981 ac
2506 4927 2767 4984 virtutem
2816 4927 2941 4984 fidei
2979 4926 3239 4995 ferentes,
3284 4928 3420 4983 illud
3457 4927 3699 4985 dixerint

2131 5022 2239 5076 alio
2279 5025 2335 5075 in
2373 5023 2586 5092 psalmo
2628 5023 2902 5094 positum:
2941 5021 3132 5077 «Sicut
3179 5021 3337 5092 adipe
3367 5029 3424 5077 et
3470 5023 3698 5094 pingue-

2124 5111 2252 5167 dine
2301 5113 2580 5183 repleatur
2611 5114 2796 5168 anima
2826 5128 2966 5179 mea,
3019 5120 3074 5168 et
3123 5113 3284 5168 labiis
3313 5113 3697 5170 exsultationis

2121 5203 2365 5258 laudabit
2407 5219 2470 5260 os
2500 5205 2790 5260 meum".»
2839 5205 2931 5260 Sic
2957 5219 3087 5276 ergo
3117 5203 3506 5268 crassitudine,
3537 5205 3696 5274 adipe

2121 5303 2174 5348 et
2213 5295 2542 5366 pinguedine
2584 5295 2809 5362 referta,
2859 5315 2878 5347 ι
2900 5297 3196 5352 medullata
3221 5315 3240 5349 ι
3275 5295 3554 5351 dicuntur.
3589 5295 3694 5351 Ta-

2121 5387 2200 5440 les
2251 5402 2417 5456 porro
2464 5395 2596 5442 sunt
2643 5389 2973 5444 athletarum
3009 5387 3100 5443 Dei
3149 5388 3366 5452 animm,
3410 5387 3613 5443 divinis
3637 5395 3693 5444 et

2117 5479 2536 5535 rationabilibus
2583 5481 2723 5536 cibis
2758 5501 2776 5532 ι
2803 5481 3132 5546 medullata,
3169 5499 3190 5533 ι
3229 5480 3363 5534 nihil
3392 5480 3686 5550 abiectum,

2114 5571 2393 5624 infirmum
2444 5572 2581 5625 nihil
2623 5572 2888 5628 habentes
2931 5591 2943 5627 :
2998 5587 3170 5643 quare
3225 5571 3452 5628 dicunt:
3480 5570 3690 5627 «Holo-

2083 5715 2088 5717 _
2119 5671 2310 5718 causta
2346 5665 2641 5720 medullata
2695 5665 2917 5722 offeram
2963 5665 3067 5722 tibi
3098 5681 3220 5724 cum
3257 5667 3534 5723 incensoJ
3592 5663 3684 5723 ln—

1077 5816 1114 5844 ⁷¹
1150 5811 1308 5869 Rom.
1343 5831 1460 5880 vnt,
1660 5818 1703 5849 "
1737 5817 1873 5873 Ibid.
1913 5817 2000 5872 58.
2073 5816 2116 5847 ⁷³
2149 5814 2290 5871 Psal.
2323 5831 2458 5882 an,
2485 5815 2537 5871 6.
