4090 6388
425 363 532 424 οθΐ

1114 370 1380 427 EUSEBN
1411 369 1894 426 CzESARlENSIS
1932 368 1988 425 Ol

2117 371 2296 426 PARS
2323 371 2411 430 Ill.
2458 403 2527 412 —
2556 371 2961 427 EXEGETICA.

3574 370 3679 426 668

428 510 511 550 cel
533 509 653 550 sum
696 508 826 547 vero
858 491 988 546 illud
1032 491 1306 562 intelligas
1362 505 1428 544 ex
1463 490 1566 544 hoc
1598 489 1784 544 dicto:
1832 508 1851 541 ι
1880 488 1988 543 Fial

2100 489 2212 559 Νοή
2223 506 2332 552 σεις
2352 489 2408 541 δέ
2432 488 2527 542 καὶ
2555 489 2617 540 τὸ
2649 488 2898 558 θυμίαμα
2921 486 3029 540 ἀπὸ
3054 486 3151 555 τῆς
3175 483 3438 556 λεγούσης
3459 487 3639 555 φωνῆς
3659 505 3674 519 ο

428 587 605 638 oratio
655 598 776 638 mea
829 583 976 638 sicut
1021 584 1309 636 incensum
1359 580 1416 634 in
1455 590 1750 650 conspectu
1784 580 1993 634 tuo“.a

427 677 521 730 lla:
552 677 720 745 igitur
748 675 964 737 animm,
1019 672 1291 742 spirituali
1339 673 1464 742 igne
1521 678 1786 742 purgatas,
1845 672 2000 725 holo-

425 776 619 822 causta
676 765 868 822 fuere:
922 764 1034 820 sive
1083 761 1433 818 sacerdotum
1475 762 1652 817 instar
1700 761 1833 832 ipsa:
1873 776 1998 816 cor-

427 880 558 934 pora
592 876 714 925 sua,
764 865 952 928 utpote
982 856 1107 926 igne
1133 861 1539 918 consummata,
1573 853 1629 908 in
1677 853 1996 909 holocausta

424 956 762 1010 obtulerunt.
817 950 1108 1006 Orationes
1137 954 1320 1002 autem
1353 945 1600 1015 ipsarum
1632 945 1994 1017 thymiamata

429 1047 657 1101 fuerint.
715 1043 985 1110 Quoniam
1044 1056 1175 1095 vero
1225 1039 1448 1103 arietes,
1502 1038 1668 1094 boves
1709 1049 1764 1094 et
1813 1039 1998 1092 hircos

424 1137 706 1191 obiaturas
747 1150 805 1189 se
840 1133 1190 1204 pollicentur,
1219 1138 1398 1185 tecum
1435 1138 1655 1198 reputes
1685 1129 1848 1184 velim
1873 1129 1989 1182 haec

423 1227 542 1295 ipsa
609 1239 673 1279 ex
734 1224 1107 1294 apostolorum
1170 1217 1480 1274 Servatoris
1553 1233 1789 1289 persona
1847 1218 1996 1274 dicta

421 1319 611 1380 fuisse,
649 1330 855 1387 perque
891 1315 1099 1377 hircos,
1131 1313 1300 1367 boves
1369 1318 1424 1366 et
1485 1312 1687 1366 arietes
1723 1326 1841 1372 eos.
1899 1311 1993 1382 qui

420 1427 524 1464 suo
575 1409 949 1479 apostolorum
1006 1406 1174 1461 ductu
1217 1403 1458 1468 fuerunt,
1513 1403 1806 1473 intelligas.
1857 1401 1993 1456 Nam

420 1503 598 1570 primo
628 1501 733 1571 ipsi
769 1508 1040 1571 martyres
1093 1496 1189 1552 Dei
1235 1497 1424 1564 fuere;
1482 1496 1678 1551 deinde
1710 1496 1854 1552 alios
1907 1496 1992 1552 sui

421 1587 668 1642 inlinitos
726 1588 1034 1642 imitatores
1082 1592 1138 1640 et
1189 1586 1418 1640 aemulos
1466 1585 1803 1651 excitarunt,
1853 1598 1992 1655 quos

419 1681 578 1751 quasi
609 1681 880 1736 culturam
907 1695 1062 1736 suam
1094 1679 1206 1734 Deo
1234 1678 1490 1736 offerunt.
1525 1679 1740 1734 Arietes
1763 1679 1991 1745 dixeris,

422 1771 698 1841 principes
743 1770 1136 1833 Ecclesiarum,
1180 1771 1249 1826 de
1300 1771 1504 1840 quibus
1547 1769 1605 1824 in
1661 1767 1993 1840 praecedenti

2107 601 2126 633 ι
2153 581 2437 652 Γενηθήτω
2451 585 2484 651 ἡ
2504 583 2779 652 προσευχὴ
2809 599 2910 653 μου
2931 581 3005 644 ώς
3019 579 3264 650 θυμίαμα
3281 577 3511 631 ἐνώπιόν
3526 595 3638 631 σου.
3653 597 3672 628 ι

2098 670 2266 728 Δῦται
2293 674 2390 744 μὲν
2413 670 2505 727 οὖν
2526 674 2582 727 αἱ
2611 673 2800 744 ψυχαὶ,
2829 673 2906 744 τῷ
2933 671 3283 743 πνευματικῷ
3306 671 3440 743 πυρὶ
3467 670 3675 742 καθαρ-

2099 765 2318 827 θεῖσαι,
2367 764 2791 836 ὁλοκαυτώματα
2831 766 3115 834 γεγόνασιν
3138 803 3154 827 ,
3200 764 3233 835 ἢ
3277 764 3431 835 δίκην
3465 764 3678 835 ἱερείων

2097 848 2258 910 αὗται
2273 855 2340 908 τά
2357 855 2564 909 ἑαυτῶν
2588 855 2828 926 ὀνόματα
2843 855 2887 925 (1
2902 855 2942 924 ),
2965 855 3042 918 ὡς
3064 853 3129 907 ἂν
3148 853 3235 906 διά
3263 852 3433 924 πυρὸς
3459 852 3677 906 τελειω-

2099 947 2278 1011 θέντα,
2305 947 2729 1018 ὁλοκαυτώματα
2758 946 3218 1018 προσηνέγκαντο.
3262 947 3326 998 Ai
3356 945 3411 997 δέ
3441 961 3676 1016 προσευ-

2098 1041 2190 1112 χαὶ
2217 1041 2396 1094 αὐτῶν
2423 1038 2530 1093 εἷεν
2559 1039 2625 1094 ἂν
2649 1039 2714 1092 τὰ
2737 1040 3074 1110 θυμιάματα.
3123 1039 3275 1092 Ἐπεὶ
3296 1039 3353 1092 δὲ
3373 1041 3559 1111 κριοὺς
3580 1041 3676 1094 καὶ

2099 1133 2227 1203 βόας
2263 1132 2402 1204 μετὰ
2438 1133 2688 1204 χιμάρων
2724 1132 2954 1186 ἀνοίσειν
2976 1131 3414 1200 ἐπαγγέλλονται,
3449 1133 3678 1204 ἐπιστή-

2098 1241 2212 1288 σεις
2250 1225 2398 1288 ὃπως
2427 1225 2643 1296 εἴρηται
2675 1225 2768 1278 καί
2794 1223 2965 1277 ταῦτα
2989 1225 3052 1277 ἐκ
3089 1222 3378 1294 προσώπου
3407 1225 3514 1278 τῶν
3537 1225 3674 1278 ἀπο-

2097 1312 2300 1366 στόλων
2323 1312 2416 1366 τοῦ
2461 1313 2710 1385 Σωτῆρος
2735 1354 2750 1375 ,
2796 1312 2921 1376 τοὺς
2964 1312 3055 1365 ὑπ’
3081 1313 3258 1366 αὐτῶν
3295 1314 3675 1384 προηγμένους

2094 1406 2362 1478 χιμάρους
2395 1407 2490 1460 καὶ
2536 1405 2666 1476 βόας
2698 1407 2791 1460 καὶ
2833 1408 3019 1477 κριοὺς
3061 1407 3278 1477 νοήσας.
3331 1406 3542 1478 Πρῶτοι
3576 1407 3677 1478 μὲν

2093 1501 2203 1571 γὰρ
2237 1501 2508 1572 μάρτυρες
2537 1501 2690 1554 αὐτοὶ¹
2724 1500 2816 1553 τοῦ
2845 1499 2981 1553 Θεοῦ
3014 1501 3301 1570 γεγόνασιν
3320 1518 3334 1532 ·
3359 1497 3478 1554 εἶτα
3505 1517 3676 1573 μιμη-

2093 1595 2192 1657 τὰς
2224 1593 2433 1646 ἑαυτῶν
2454 1593 2548 1647 καὶ
2571 1593 2816 1664 ζηλωτὰς
2846 1593 3070 1665 μυρίους
3095 1593 3285 1656 ἄλλους
3316 1595 3679 1664 κατεστήσαν-

2093 1701 2155 1737 το
2175 1725 2189 1748 ,
2221 1683 2314 1749 οὒς
2342 1684 2531 1756 ὥσπερ
2561 1687 2736 1738 οἰκεῖα
2761 1684 3001 1756 γεώργια
3027 1683 3105 1755 τῷ
3136 1684 3254 1756 Θεῷ
3285 1685 3674 1756 προσφέρουσι.

2094 1777 2297 1848 Κριοὺς
2326 1776 2423 1847 μὲν
2453 1777 2579 1838 τοὺς
2613 1776 2878 1846 ἄρχοντας
2909 1773 3015 1827 τῶν
3045 1773 3398 1845 Ἐκκλησιιῖιν,
3443 1774 3570 1844 περὶ
3600 1767 3676 1826 ὧν

421 1866 630 1934 psalmo
650 1863 964 1918 dicebatur:
1005 1881 1023 1913 ι
1056 1861 1230 1917 lnduti
1264 1870 1393 1918 sunt
1431 1863 1634 1916 arietes
1667 1860 1946 1915 ovium":
1968 1878 1986 1912 ι

2097 1869 2187 1922 καὶ
2217 1870 2273 1921 ἐν
2296 1866 2375 1938 τῷ
2408 1867 2512 1938 πρὸ
2548 1866 2738 1920 τούτου
2771 1865 2969 1936 ψαλμῷ
3001 1865 3216 1934 ἐλέγετο
3236 1883 3251 1898 ο
3291 1886 3308 1917 ι
3332 1865 3678 1919 Ἐνεδύσαντο

418 1970 557 2024 quos
589 1955 738 2009 velut
770 1968 995 2025 gregum
1025 1952 1196 2008 duces
1225 1953 1326 2022 ipsi
1353 1953 1794 2018 constituerunt;
1828 1951 1988 2006 boves

2095 1961 2144 2012 οἱ
2167 1961 2314 2031 κριοὶ
2326 1958 2434 2012 τῶν
2451 1958 2738 2030 προϐάτων
2755 1975 2768 1989 °
2792 1978 2811 2012 ι
2833 1957 2924 2022 οὓς
2946 1958 3134 2030 ὥσπερ
3156 1958 3418 2030 ποιμνίων
3435 1959 3676 2029 ἡγουμέ-

418 2057 621 2110 autem,
667 2047 880 2102 animas
921 2046 976 2100 in
1016 2046 1280 2100 armentis
1312 2043 1576 2100 Ecclesia:
1618 2045 1988 2111 constitutas;

2094 2070 2216 2116 νους
2245 2052 2397 2107 αὐτοὶ
2425 2051 2764 2122 κατέστησαν
2791 2067 2804 2082 ·
2861 2052 2989 2124 βόας
3014 2051 3070 2105 δὲ
3113 2051 3210 2115 τὰς
3253 2052 3310 2103 ἐν
3343 2053 3408 2122 τῇ
3448 2051 3648 2123 Ἐκκλη

417 2140 620 2193 etenim
656 2157 674 2188 ι
699 2138 781 2192 An
815 2138 884 2193 de
930 2138 1127 2200 bobus,
1165 2137 1361 2206 inquit,
1414 2150 1548 2191 cura
1597 2142 1683 2191 est
1712 2133 1822 2190 Deo
1866 2135 1988 2190 ⁷⁸2»

2095 2145 2188 2217 σίᾳ
2211 2145 2614 2217 ἀγελαζομένας
2631 2144 2808 2216 ψυχάς
2828 2162 2842 2176 ο
2875 2163 2894 2196 ι
2915 2145 3004 2216 Μὴ
3030 2145 3138 2217 γὰρ
3182 2145 3290 2198 τῶν
3327 2143 3492 2214 βοῶν,
3520 2143 3673 2214 φησὶ,

419 2231 516 2284 sed
553 2231 619 2286 de
655 2231 816 2286 nobis
863 2245 1092 2300 prorsus
1134 2230 1395 2300 loquitur.
1447 2227 1596 2282 Hirci
1638 2243 1765 2284 vero
1792 2227 1988 2284 fuerint

2097 2236 2247 2308 μέλει
2293 2235 2373 2308 τῷ
2413 2235 2567 2307 Θεῷ;
2603 2256 2620 2288 ι
2659 2237 2692 2308 ἢ
2727 2236 2792 2289 δι’
2823 2238 2971 2308 ἡμᾶς
3000 2237 3216 2300 πάντως
3243 2237 3422 2305 λέγει·
3452 2238 3678 2321 χίμαροι

419 2324 454 2376 ii
498 2324 592 2393 qui
620 2338 810 2378 recens
840 2323 1055 2386 nati,et
1089 2322 1348 2392 procellae
1389 2336 1638 2392 tempore
1694 2321 1802 2375 orti
1856 2322 1989 2378 sint.

419 2414 600 2480 Quare
629 2415 932 2470 secundum
958 2416 1204 2485 reliquos
1225 2415 1578 2485 interpretes,
1610 2433 1628 2464 ι
1652 2422 1706 2469 et
1731 2414 1987 2480 deserti,»

419 2516 606 2577 utpote
653 2508 746 2578 qui
799 2510 1240 2579 persecutionem
1309 2506 1624 2577 effugerint,
1697 2516 1987 2561 vocantur.

420 2601 486 2654 Et
513 2602 614 2657 hos
658 2602 844 2672 itaque
877 2600 1037 2672 quasi
1065 2600 1309 2656 novellos
1338 2608 1392 2655 et
1438 2600 1509 2654 ab
1555 2615 1615 2655 se
1653 2599 1852 2655 ductos
1882 2599 1992 2655 Deo

416 2692 671 2760 oﬂ‘crunt,
705 2677 1007 2762 gloriantes
1037 2692 1238 2763 singuli
1267 2691 1334 2746 de
1364 2692 1432 2746 iis
1451 2705 1593 2761 quos
1614 2692 1986 2746 adduxerunt.

415 2784 541 2839 llaec
575 2787 758 2856 itaque
787 2801 819 2840 a
849 2785 1011 2842 nobis
1043 2785 1208 2840 modo
1245 2784 1544 2856 spirituali,
1587 2793 1642 2839 et
1675 2783 1987 2838 divinarum

415 2876 830 2947 Scripturarum
877 2877 1166 2947 promissis
1210 2883 1607 2942 consentaneo,
1639 2875 1988 2930 considerata

415 2976 567 3023 sunt.
627 2967 693 3020 Et
741 2981 875 3022 sane
921 2982 1018 3037 par
1059 2974 1145 3023 est
1202 2967 1320 3021 haec
1359 2981 1482 3036 qua:
1526 2965 1642 3035 jam
1685 2974 1988 3019 tractamus

417 3061 577 3114 verba
623 3061 705 3114 sic
733 3059 1057 3130 intelligere,
1093 3059 1275 3130 potius
1303 3073 1468 3127 quam
1511 3055 1835 3112 Iudaeorum
1870 3057 1988 3111 ine-

417 3164 537 3226 ptas
578 3155 702 3211 illas
731 3154 946 3210 fabulas
977 3155 1356 3218 admittamus,
1387 3153 1559 3209 Deum
1591 3151 1804 3208 scilicet
1831 3150 1987 3204 holo-

2091 2325 2149 2380 δὲ
2181 2329 2229 2380 οἱ
2256 2327 2560 2400 άρτιγενεῖς
2591 2328 2685 2381 καὶ
2716 2327 2793 2398 τῷ
2822 2326 2998 2399 καιρῷ
3024 2327 3118 2380 τοῦ
3148 2327 3414 2398 χειμῶνος
3443 2344 3675 2398 γεγενη-

2095 2419 2243 2490 μένοι
2294 2415 2404 2473 εἶεν
2448 2419 2514 2473 ἄν
2612 2419 2704 2473 Διὺ
2735 2420 2875 2474 κατὰ
2905 2421 3029 2484 τοὺς
3060 2420 3279 2484 λοιποὺς
3313 2421 3673 2492 ἑρμηνευτὴς,

2097 2529 2116 2560 ι
2140 2511 2236 2565 καὶ
2250 2511 2447 2584 ἔρημοι
2465 2551 2480 2578 ,
2505 2529 2524 2564 ι
2547 2511 2624 2574 ώς
2643 2511 2733 2565 τὸν
2750 2511 2844 2564 τοῦ
2861 2511 3098 2582 διωγμοῦ
3119 2512 3306 2583 καιρὸν
3322 2513 3673 2582 ἐκφυγόντες,

2089 2605 2507 2678 ὠνομάσθησαν.
2541 2606 2652 2659 Καὶ
2677 2605 2898 2668 τούτους
2923 2603 3210 2677 τοιγαροῦν
3235 2604 3310 2668 ώς
3335 2605 3402 2658 ἂν
3423 2605 3672 2674 νεογνοὺς

2090 2697 2182 2750 καὶ
2229 2697 2321 2750 ὐπ’
2352 2697 2532 2751 αὐτῶν
2558 2696 2938 2770 προηγμένους
2984 2694 3061 2765 τῷ
3104 2695 3224 2767 Θεῷ
3275 2695 3642 2767 προσάγουσιν

2088 2789 2318 2854 ἕκαστος
2360 2791 2445 2859 ἐφ’
2479 2783 2561 2854 οἷς
2603 2789 2949 2861 προηγάγετο
2998 2788 3413 2860 σεμνυνόμενος.
3490 2789 3676 2843 Ταῦτα

2091 2883 2192 2955 μὲν
2217 2878 2310 2936 οὖν
2333 2881 2718 2953 πνευματικῶς
2742 2882 2836 2935 καὶ
2859 2882 3175 2953 πρεπόντως
3197 2884 3262 2951 τῇ
3289 2881 3399 2934 τῶν
3421 2882 3677 2936 θεοπνεύ-

2090 2993 2228 3029 στων
2242 2974 2470 3046 Γραφῶν
2492 2973 2795 3045 ἐπαγγελίᾳ
2817 2974 3150 3045 τεθεώρηται
3172 2976 3325 3044 ἡμῖν.
3347 2977 3454 3028 Καὶ
3475 2977 3673 3048 πρέπει

2087 3085 2150 3136 γε
2179 3069 2348 3131 ὅντως
2378 3066 2596 3120 ἀκούειν
2622 3066 2730 3120 τῶν
2759 3067 3155 3138 προκειμένων,
3183 3067 3215 3137 ἢ
3245 3067 3382 3119 κατὰ
3407 3066 3504 3129 τὰς
3539 3067 3669 3121 Ἰου-

2090 3159 2254 3212 δαίων
2273 3157 2532 3221 ταπεινάς
2567 3158 2888 3228 μυθολογίας
2911 3157 3321 3229 ὁλοκαυτώμασι
3348 3159 3554 3230 χαίρειν
3575 3159 3665 3211 τὴν

416 3247 648 3311 caustis,
701 3247 1078 3318 thymiamatis
1153 3262 1374 3302 sensum
1449 3243 1818 3305 moventibus,
1895 3250 1988 3296 aut

2092 3251 2244 3316 Θεὸν,
2276 3251 2310 3324 ἢ
2341 3250 2679 3322 θυμιάμασιν
2709 3251 3005 3322 αἰσθητοῖς,
3036 3252 3068 3323 ἢ
3104 3251 3270 3322 κριῶν
3293 3252 3385 3303 καὶ
3413 3250 3549 3321 βοῶν
3574 3253 3667 3304 καὶ

416 3339 673 3401 arietum,
730 3339 896 3393 boum
949 3345 1004 3393 et
1056 3337 1337 3392 hircorum
1387 3337 1656 3407 sanguine
1707 3335 1987 3390 delectari.

415 3429 546 3495 Quae
577 3443 710 3484 sane
742 3428 926 3484 omnia
973 3445 1069 3499 per
1118 3431 1442 3500 praphetam
1495 3431 1614 3500 ipse
1657 3430 1800 3488 Deus
1825 3447 1990 3501 repu-

414 3523 524 3577 diat
555 3522 639 3577 his
688 3522 909 3577 verbis:
950 3541 968 3573 ι
994 3521 1135 3588 Quid
1169 3523 1301 3576 mihi
1337 3523 1744 3578 multitudinem
1778 3524 1990 3579 sacrilin

414 3616 624 3669 ciorum
651 3623 979 3679 vestrorum,
1009 3615 1141 3669 dicit
1175 3614 1476 3671 Dominus:
1509 3617 1706 3685 plenus
1733 3632 1854 3672 sum
1889 3616 1993 3670 bo-

414 3705 676 3759 locaustis
717 3705 976 3767 arietum,
1025 3713 1081 3760 et
1138 3706 1356 3776 adipem
1411 3722 1700 3776 agnorum,
1764 3707 1990 3777 sangui-

414 3811 644 3866 nemque
694 3806 976 3851 taurorum
1023 3806 1077 3852 et
1119 3797 1403 3854 hircorum
1451 3800 1599 3853 nolo.
1660 3797 1797 3865 Quis
1841 3799 1988 3854 enim

416 3892 533 3948 hac
573 3894 858 3962 requisivit
907 3893 974 3948 de
1025 3895 1279 3950 manibus
1332 3897 1536 3952 vestris
1559 3896 1697 3949 7"?»
1750 3896 1818 3950 Et
1851 3898 1990 3953 alias

415 3986 532 4039 haec
565 3987 844 4040 contraria
885 3986 1091 4042 fuerint
1135 3987 1204 4042 iis
1238 4003 1364 4058 quae
1405 3989 1561 4058 prius
1603 3990 1815 4059 psalmo
1861 4004 1991 4044 χιιι

412 4079 558 4132 dicta
601 4085 750 4140 sunt,
785 4080 878 4134 ubi
930 4095 998 4135 ex
1036 4095 1272 4151 persona
1326 4079 1417 4135 Dei
1482 4079 1689 4135 fertur:
1736 4098 1756 4132 ι
1782 4077 1902 4134 Non
1933 4081 1988 4134 in

413 4170 702 4226 sacriﬁciis
731 4172 840 4228 tuis
870 4188 1096 4244 arguam
1131 4181 1187 4229 te
1208 4173 1295 4235 ἐς
1328 4191 1348 4224 ι
1386 4180 1474 4229 et:
1515 4193 1534 4225 ι
1566 4172 1685 4228 Non
1725 4173 1989 4242 accipiam

304 4263 306 4266 ’
411 4260 480 4314 de
510 4263 674 4315 domo
704 4270 796 4316 tua
831 4263 1055 4327 vitulos,
1102 4278 1282 4334 neque
1312 4263 1380 4318 de
1418 4265 1678 4334 gregibus
1719 4265 1830 4320 tuis
1869 4263 1988 4317 bir-

412 4368 528 4407 cos.
570 4352 840 4419 Quoniam
863 4370 997 4410 meae
1023 4365 1151 4410 sunt
1183 4372 1375 4411 omnes
1404 4355 1532 4412 fera:
1581 4358 1866 4418 silvarum,
1897 4357 1989 4426 ju-

413 4452 596 4497 menta
630 4443 686 4498 in
718 4444 1002 4500 montibus
1051 4455 1106 4500 et
1138 4447 1306 4502 boves
1321 4445 1398 4513 7°;
1436 4465 1454 4498 ι
1493 4447 1596 4501 sub
1629 4446 1744 4502 hac
1771 4455 1985 4502 autem:

2092 3341 2342 3413 χιμάρων
2374 3341 2600 3412 αἴμασιν
2635 3340 3022 3394 ὑπονοούντων.
3068 3343 3132 3392 Ἃ
3159 3340 3222 3411 δὴ
3251 3339 3429 3394 πάντα
3459 3341 3547 3394 διὰ
3569 3339 3668 3394 τοῦ

2092 3432 2371 3502 προφήτου
2403 3431 2564 3494 αὐτὸς
2595 3433 2624 3484 ὁ
2651 3430 2781 3494 Θεὸς
2817 3432 3164 3499 παραιτεῖται
3197 3429 3367 3500 λέγων
3387 3445 3400 3459 ·
3453 3448 3471 3480 ι
3492 3428 3556 3482 Τί
3583 3447 3674 3500 μοι

2092 3522 2297 3592 πλῆθος
2315 3522 2422 3577 τῶν
2455 3523 2656 3578 θυσιῶν
2681 3524 2868 3595 ὑμῶν;
2901 3524 3046 3593 λέγει
3067 3523 3298 3596 Κύριος·
3327 3522 3538 3595 πλήρης
3561 3523 3676 3594 εἰμὶ

2090 3614 2557 3688 ὁλοκαυτωμάτων
2585 3617 2782 3686 κριῶν,
2815 3620 2908 3671 καὶ
2942 3618 3106 3689 στέαρ
3137 3617 3316 3689 ἀρνῶν
3338 3617 3432 3670 καὶ
3465 3617 3676 3687 αἵματα

2090 3707 2306 3779 ταύρων
2335 3709 2430 3763 καὶ
2455 3709 2671 3782 τράγων
2693 3710 2753 3762 οὐ
2787 3709 3067 3782 βούλομαι.
3118 3709 3214 3772 Τίς
3230 3708 3350 3782 ,γὰρ
3381 3705 3676 3778 ἐξεζήτησε

2091 3801 2260 3856 ταῦτα
2275 3804 2340 3857 ἐκ
2359 3802 2465 3856 τῶν
2488 3802 2687 3876 χειρῶν
2710 3803 2864 3874 ὑμῶν
2885 3821 2930 3869 ;›
2951 3805 3061 3859 Καὶ
3086 3803 3260 3868 ἄλλως
3281 3805 3330 3872 γ’
3348 3801 3414 3857 ἂν
3439 3803 3524 3873 εἴη
3545 3801 3679 3854 ταῦ-

2089 3912 2158 3947 τα
2186 3895 2407 3949 ἐναντία
2433 3899 2546 3959 τοῖς
2577 3895 2888 3968 ἔμπροσθεν
2920 3895 3062 3950 κατὰ
3087 3896 3179 3948 τὸν
3215 3893 3310 3966 μθθ
3341 3893 3554 3963 ψαλμὸν
3587 3893 3674 3946 λε-

2090 3984 2391 4055 λεγμένοις,
2413 3987 2470 4039 ἐν
2493 3980 2573 4050 οἷς
2593 3987 2658 4039 ἐκ
2677 3987 2970 4058 προσώπου
2993 3985 3086 4041 τοῦ
3104 3983 3240 4038 Θεοῦ
3262 3983 3503 4050 ἐλέγετο⁹
3525 3983 3670 4036 «Οὐκ

2089 4076 2183 4129 ἐπὶ
2209 4079 2330 4140 ταῖς
2361 4075 2572 4140 θυσίαις
2594 4095 2689 4133 σου
2722 4078 2925 4148 ἐλέγξω
2948 4092 3042 4130 σε’
3070 4094 3089 4127 ι
3120 4075 3248 4129 καί·
3281 4092 3298 4124 ι
3323 4074 3398 4126 Οὐ
3430 4071 3671 4142 λήψομαι

2089 4171 2155 4222 ἑκ
2183 4168 2276 4221 τοῦ
2307 4167 2456 4223 οἴκου
2483 4186 2576 4224 σου
2601 4171 2868 4242 μόσχους,
2898 4167 3020 4222 οὐδὲ
3045 4167 3112 4221 ἐκ
3142 4165 3250 4219 τῶν
3273 4164 3535 4235 ποιμνίων
3576 4182 3668 4217 σου

2091 4261 2385 4333 χιμάρους·
2417 4261 2500 4315 ὁτι
2531 4261 2641 4332 ἐμά
2666 4261 2784 4314 ἐστι
2814 4258 2993 4312 πάντα
3027 4257 3096 4311 τὰ
3127 4256 3293 4329 θηρία
3315 4255 3408 4309 τοῦ
3437 4254 3667 4328 δρυμοῦ,

2093 4354 2263 4425 κτήνη
2293 4355 2352 4408 ἑν
2375 4355 2488 4416 τοῖς
2515 4352 2668 4423 ὁρεσι
2697 4351 2795 4405 καὶ
2822 4351 2943 4422 βόες
2961 4367 2974 4380 ·
2997 4369 3015 4401 ι
3073 4350 3165 4403 καὶ
3196 4349 3323 4421 ἑξῆς
3347 4365 3359 4378 ·
3400 4367 3418 4399 ι
3440 4348 3532 4418 Μὴ
3567 4347 3672 4416 φά-

2089 4462 2258 4518 γομαι
2283 4444 2420 4517 κρέα
2439 4442 2674 4514 ταύρων,
2699 4443 2731 4515 ἢ
2757 4441 2894 4514 αἷμα
2915 4443 3084 4514 κριῶν
3110 4443 3301 4515 πίομαι
3322 4461 3335 4508 ;
3362 4463 3379 4495 ι
3412 4441 3536 4504 Πῶς
3559 4439 3670 4510 γάρ

419 4555 438 4588 ι
475 4535 730 4606 Nunquid
761 4537 1104 4591 manducabo
1131 4553 1328 4593 carnes
1362 4546 1669 4604 taurorum,
1721 4546 1817 4593 aut
1859 4553 1988 4594 san-

2092 4536 2318 4599 ἐκείνοις
2346 4533 2611 4606 σύμφωνα
2648 4532 2714 4588 ἂν
2744 4535 2830 4604 εἴη
2855 4535 2924 4588 τὰ
2949 4535 3023 4598 ὡς
3051 4536 3178 4608 περὶ
3205 4533 3672 4604 ὁλοκαυτωμάτων

413 4625 628 4694 guinem
655 4625 932 4680 hircorum
950 4627 1147 4695 potabo
1162 4627 1247 4679 '°?
1270 4647 1290 4679 ι
1319 4627 1421 4693 Qui
1453 4627 1598 4682 enim
1645 4628 1753 4684 illis
1787 4643 1987 4685 conso-

2092 4627 2186 4681 καὶ
2211 4624 2382 4698 κριῶν
2405 4625 2501 4678 καὶ
2525 4624 2660 4696 βοῶν
2691 4629 2784 4680 καὶ
2807 4627 3055 4698 χιμάρων
3073 4627 3308 4682 ἐνταῦθα
3333 4626 3660 4698 λελεγμένα;

411 4723 545 4770 nent
583 4732 706 4787 quae
733 4717 801 4772 de
825 4717 1182 4782 holocaustis,
1213 4720 1497 4780 arietibus,
1529 4720 1703 4777 bobus
1727 4728 1783 4776 et
1813 4721 1983 4776 hircis

408 4803 505 4858 hic
545 4805 879 4862 traduntur?
918 4805 983 4862 Et
1011 4823 1147 4864 sane
1192 4810 1308 4879 ipse
1345 4809 1512 4865 David
1560 4811 1815 4881 superius
1844 4828 1975 4866 con-

408 4897 616 4950 ﬁtendo
646 4899 857 4954 dixerat
880 4920 894 4956 :
931 4919 949 4950 ι
975 4901 1246 4968 Quoniam
1270 4903 1316 4956 si
1339 4904 1608 4959 voluisses
1631 4904 1984 4967 sacrificium,

409 4987 687 5045 dedissem
716 4993 926 5062 utique,
956 4993 1294 5050 holocaustis
1336 5010 1445 5048 non
1471 4995 1890 5050 delectaberis"
1919 5013 1934 5062 ;
1961 5014 1978 5046 ι

405 5091 465 5136 et
495 5081 552 5136 in
581 5084 690 5137 alio
731 5085 926 5139 iterum
952 5105 965 5140 :
1006 5103 1025 5136 ι
1055 5084 1402 5142 Sacriﬁcium
1433 5097 1488 5144 et
1519 5088 1856 5144 oblationem
1891 5105 1984 5143 no-

410 5171 584 5236 luisti,
616 5189 821 5245 corpus
851 5182 1034 5230 autem
1087 5178 1290 5246 aptasti
1339 5179 1496 5233 mihi.
1551 5177 1884 5233 Holocausta
1929 5188 1983 5234 et

407 5279 510 5333 pro
540 5273 767 5334 peccato
813 5282 922 5321 non
953 5276 1106 5338 grata
1140 5269 1379 5325 habuisti
1405 5272 1504 5323 ⁸⁸.»

481 5354 647 5413 Vsus.
673 5357 859 5413 16-20.
899 5378 918 5410 ι
950 5358 1164 5424 Venite,
1205 5363 1391 5418 audite
1415 5372 1471 5416 et
1503 5363 1760 5426 narrabo,
1790 5378 1984 5418 omnes

409 5445 504 5514 qui
533 5449 740 5504 timetis
770 5449 959 5516 Deum,
987 5461 1190 5521 quanta
1220 5452 1346 5507 fecit
1371 5455 1565 5509 animae
1595 5470 1743 5510 mem.
1762 5475 1779 5508 ι
1815 5454 1980 5510 Iidem

411 5540 673 5609 superius
733 5541 1016 5597 dicebant:
1061 5563 1079 5594 ι
1107 5542 1297 5600 Venite
1343 5555 1398 5601 et
1455 5546 1632 5601 videte
1670 5562 1836 5616 opera
1862 5546 1980 5610 Dei,

838 5621 844 5646 i

2089 4719 2200 4772 Καὶ
2233 4716 2340 4788 μὴν
2371 4716 2532 4780 αὐτὸς
2569 4719 2598 4770 ὁ
2625 4719 2788 4772 Δαυῖδ
2815 4721 2900 4774 διὰ
2941 4720 3048 4772 τῶν
3083 4719 3392 4790 ἔμπροσθεν
3417 4717 3667 4788 ἐξομολο-

2087 4811 2350 4881 γούμενος
2375 4806 2560 4877 ἔλεγεν
2582 4825 2594 4838 ⁸
2639 4830 2659 4864 ι
2685 4813 2825 4876 Ὅτι,
2857 4816 2906 4866 εἰ
2935 4813 3203 4885 ἠθέλησας
3233 4813 3420 4866 θυσίαν
3445 4852 3460 4876 ,
3495 4811 3671 4864 ἔδωκα

2092 4903 2192 4966 ἂν,
2225 4903 2653 4977 ὁλοκαυτώματα
2696 4907 2796 4959 οὐκ
2839 4906 3174 4977 εὐδοκήσεις.
3203 4926 3221 4957 ι
3280 4905 3389 4959 Καὶ
3419 4903 3579 4958 πάλιν
3614 4907 3672 4956 ἐν

2093 4997 2264 5068 ἑτέρῳ
2282 5015 2295 5029 ·
2331 5017 2348 5050 ι
2373 4996 2572 5051 Θυσίαν
2591 4999 2684 5052 καὶ
2711 4997 3027 5069 προσφορὰν
3054 4998 3153 5051 οὐκ
3179 4996 3440 5066 ἑθέλησας
3457 5037 3471 5061 ,
3511 4996 3670 5066 σῶμα

2091 5090 2147 5142 δὲ
2173 5092 2483 5164 κατηρτίσω
2513 5109 2621 5164 μοι.
2667 5089 3117 5160 ὐλοκαυτώματα
3137 5089 3228 5141 καὶ
3249 5089 3376 5160 περὶ
3394 5089 3671 5159 ἁμαρτίας

2092 5185 2190 5236 οὐκ
2221 5184 2547 5256 ηὐδόκησας.
2593 5205 2610 5236 ι

2167 5360 2378 5422 «Δεῦτε,
2401 5360 2690 5426 ἀκούσατε,
2707 5359 3165 5428 καὶδιηγήσομαι,
3183 5358 3384 5418 πάντες
3403 5356 3452 5408 οἱ
3477 5352 3672 5422 φοϐού-

2095 5468 2242 5522 μενοι
2263 5453 2353 5506 τὸν
2382 5452 2535 5516 Θεὸν,
2568 5453 2668 5506 ὅσα
2702 5451 2926 5521 ἐποίησε
2957 5452 3024 5521 τῇ
3048 5449 3191 5519 ψυχῇ
3219 5466 3342 5518 μου.
3370 5467 3388 5498 ι
3424 5447 3486 5499 Οἱ
3517 5443 3672 5498 αὐτοὶ

2093 5546 2184 5598 καὶ
2213 5547 2271 5598 ἑν
2299 5549 2410 5610 τοῖς
2443 5545 2748 5618 ἔμπροσθεν
2780 5545 2963 5613 ἐλεγον
2982 5561 2993 5572 ·
3060 5561 3079 5594 ι
3109 5541 3271 5594 Δεῦτε
3302 5541 3397 5594 καὶ
3431 5539 3568 5593 ῐδετε
3601 5536 3670 5591 τὰ

483 5677 535 5752 ‘_‘_
560 5674 872 5752 _lfsal._cxr.,
907 5683 961 5752 ζ).
1003 5682 1049 5752 τ’
1077 5679 1221 5736 Psal.
1250 5698 1393 5743 Lvlv,
1436 5683 1520 5737 H.
1595 5682 1682 5736 "l
1712 5684 1838 5739 Cor.
1868 5701 1942 5750 Ix,
1976 5685 1988 5740 ε

2109 5689 2152 5718 ⁷⁷
2182 5687 2283 5743 lsa.
2322 5704 2362 5752 ι,
2392 5688 2476 5751 ll,
2517 5689 2599 5741 l2.
2675 5688 2718 5718 ⁷⁸
2750 5685 2890 5741 Psal.
2927 5700 3085 5748 xux,
3127 5683 3179 5738 8.
3253 5682 3297 5713 ⁷⁷
3335 5680 3470 5736 ibid.
3495 5680 3549 5744 9,
3575 5679 3664 5734 l0.

417 5745 462 5777 ⁸⁸
505 5747 632 5799 ibid.
671 5749 752 5800 1⁸5.
829 5751 870 5782 ⁸³
907 5749 1042 5803 Psal.
1079 5767 1131 5811 ι..
1168 5753 1250 5805 18.
1323 5753 1532 5808 “Psal.
1576 5771 1759 5821 xxxix,
1797 5755 1827 5807 7

493 5839 568 5924 (1)
594 5839 902 5911 Legendum
939 5842 1180 5912 σώματα.
