4090 6402
479 421 583 478 ϐιί9

1566 390 2076 477 communis
2113 419 2183 475 IN
2223 419 2558 479 PSALMOS.

3627 430 3729 486 670

475 545 610 618 ἔργα
641 541 734 594 τοῦ
761 538 896 595 Θεοῦ
917 581 932 604 ,
986 538 1214 611 φοϐερὸς
1246 539 1303 592 ἐν
1337 537 1552 607 βουλαῖς
1588 537 1727 607 ὑπὲρ
1755 537 1881 599 τοὺς
1914 535 2051 597 υἱοὺς

2166 535 2430 592 terribilis
2469 538 2522 591 in
2573 538 2823 594 consiliis
2880 552 3046 609 super
3091 537 3230 593 filios
3272 539 3604 594 hominumn
3665 539 3732 595 Ει

476 637 581 691 τῶν
597 636 692 690 ἀνθ
700 633 895 707 ρώπων
912 649 926 662 ·
941 651 958 684 ι
979 633 1073 685 καὶ
1097 630 1470 699 ταῦταιέλεγον
1484 633 1595 693 τοῖς
1611 629 1808 682 ἔθνεσι.
1828 629 1937 682 Καὶ
1952 626 2046 680 νῦν

477 726 569 784 οὖν
583 728 803 782 πάλινιοί
819 727 974 780 αὐτοὶ⁹
989 727 1171 788 αὐτοῖς
1186 726 1298 786 τοῖς
1326 721 1702 794 προσφωνοῦσι
1719 722 2014 789 φάσκοντες
2032 736 2046 750 -

483 841 501 872 ι
521 820 680 873 Δεῦτε
714 818 805 872 καὶ
833 817 1121 874 ἀκούσατε.
1143 817 1236 869 καὶ
1262 815 1611 887 διηγήσομαι.
1641 835 1659 867 ι
1681 815 1836 876 Τίνες
1851 814 1906 866 δὲ
1927 813 2048 866 δεῦ-

476 931 567 978 τε;
602 912 840 979 ἐπιλέγει
870 909 1018 981 ἑξῆς·
1050 929 1069 962 ι
1092 911 1298 972 Πάντες
1327 910 1374 961 οί
1397 908 1715 978 φοϐούμενοι
1739 906 1828 960 τὸν
1849 906 2043 958 Θεόν·›

475 1005 565 1070 οὓς
593 1005 848 1076 ἀνωτέρω
876 1003 1004 1058 ποτέ
1032 1002 1130 1074 μὲν
1152 1001 1331 1055 πᾶσαν
1353 1001 1449 1071 τὴν
1471 1000 1575 1070 γῆν
1596 997 1893 1070 ὠνόμαζον,
1919 997 2048 1051 ποτὲ

475 1101 529 1154 δέ
577 1099 754 1152 πάντα
782 1099 850 1151 τά
879 1097 1023 1169 ἔθνη⁴
1069 1097 1204 1161 Τοὺς
1265 1095 1458 1157 αὐτοὺς
1505 1092 1611 1164 γὰρ
1645 1093 1738 1144 καλ⁵
1801 1091 1894 1143 ἐπὶ
1954 1090 2047 1142 τοῦ

474 1193 737 1264 παρόντος
772 1189 987 1261 δηλοῦσι
1004 1190 1166 1258 φοδου
1175 1188 1364 1258 μένους
1378 1187 1468 1240 τὸν
1484 1185 1613 1238 Θεὸν
1629 1182 2045 1247 ἀποκαλοῦντες.

476 1285 738 1346 Πολλάκις
765 1283 821 1335 δὲ
849 1282 942 1335 καὶ
971 1284 1026 1334 ἐν
1060 1280 1264 1351 ἑτέροις
1297 1278 1655 1348 ἀπεδείξαμεν
1679 1316 1694 1340 ,
1724 1277 1797 1339 ὡς
1831 1277 1956 1338 τοὺς
1990 1273 2050 1339 ἐξ

475 1376 643 1430 ἐθνῶν
689 1372 1072 1435 θεοσεϐοῦντας
1118 1370 1484 1441 φοϐουμένους
1513 1368 1604 1422 τὸν
1633 1367 1835 1438 Κύριον
1863 1365 2046 1419 καλεῖν

474 1467 661 1520 εἴωθεν
683 1471 710 1520 ο
730 1466 916 1534 Λόγος.
938 1466 1090 1518 Ἐπεὶ
1109 1465 1288 1516 τοίνυν
1313 1462 1501 1534 μνείας
1518 1461 1686 1514 δεῖται
1704 1460 1766 1513 τὸ
1790 1460 2048 1530 κήρυγμα

474 1558 533 1612 τὸ
559 1555 932 1620 ἀποστολικὸν,
967 1553 1279 1622 ἀναγκαίως
1305 1550 1728 1621 ἐπαγγέλλονται
1753 1548 1850 1620 τὴν
1876 1549 2048 1619 ἐρμη-

474 1648 620 1701 νείαν
641 1646 978 1719 παραδώσειν
997 1649 1108 1708 τοῖς
1126 1645 1302 1698 ἔθνεσι
1322 1644 1569 1713 λέγοντες
1587 1659 1600 1672 ·
1631 1661 1649 1693 ι
1672 1640 1836 1694 Δεῦτε
1855 1679 1870 1703 ,
1893 1638 2050 1693 ἀκού-

475 1755 626 1803 σατε,
657 1740 750 1793 καὶ
776 1738 1103 1810 διηγήσομαι
1124 1753 1138 1766 ·
1166 1756 1185 1787 δ
1215 1735 1445 1805 Λέγουσι
1470 1733 1527 1787 δέ
1554 1733 1722 1787 ταῦτα
1745 1733 1820 1797 ὼς
1846 1731 1904 1797 ἐξ
1930 1732 2048 1795 ἐνὸς

475 1827 737 1898 στόματος
773 1827 861 1880 διὰ
892 1827 992 1898 τὴν
1018 1825 1296 1880 τελείωσιν
1321 1843 1333 1855 ·
1365 1827 1413 1878 oi
1443 1823 1552 1894 γὰρ
1582 1824 1780 1888 πάντες
1803 1823 1862 1877 ἓν
1892 1824 2050 1893 γεγό-

2159 624 2247 680 bis
2274 635 2467 697 gentes
2501 627 2936 698 alloquebantur.
2987 627 3144 683 Nunc
3176 628 3342 698 igitur
3373 630 3474 699 ipsi
3508 630 3729 685 eosdem

2158 718 2489 786 compellant
2523 719 2607 774 bis
2630 720 2809 776 verbis
2840 738 2853 772 :
2891 740 2909 772 ι
2935 717 3151 784 Venite,
3169 727 3224 775 et
3277 719 3478 785 audite,
3513 731 3566 776 et
3601 737 3729 776 nar-

2159 808 2313 862 rabo.
2347 829 2367 861 ι
2413 810 2667 876 Quinam,
2702 812 2920 867 venite?
2974 812 3169 868 deinde
3236 813 3397 868 infert
3431 832 3445 868 :
3479 831 3498 864 ι
3525 811 3730 868 Omnes

2157 899 2256 969 qui
2287 901 2492 956 timetis
2518 901 2716 958 Deum:
2753 925 2772 956 ι
2806 919 2948 974 quos
2977 920 3146 975 supra
3174 905 3335 959 modo
3368 920 3582 960 omnem
3616 917 3730 962 ter-

2161 1007 2278 1045 ram
2316 1006 2787 1063 nuncupaverant,
2820 998 2982 1052 modo
3009 1012 3200 1053 omnes
3231 1005 3442 1068 gentes.
3494 997 3726 1052 Eosdem

2158 1085 2304 1138 enim
2356 1085 2409 1140 in
2459 1089 2717 1156 praesenti
2749 1087 3052 1151 declarant,
3101 1106 3224 1144 cum
3262 1090 3515 1144 timentes
3558 1089 3727 1144 Deum

2158 1179 2503 1248 compellant.
2557 1179 2884 1252 Plerumque
2920 1184 2979 1237 in
3009 1183 3132 1238 aliis
3153 1185 3725 1248 commonstravimus,

2154 1284 2250 1324 eos
2273 1286 2337 1324 ex
2369 1272 2624 1340 gentibus
2645 1274 2739 1343 qui
2767 1277 2910 1343 piam
2941 1275 3130 1329 colunt
3158 1276 3497 1346 religionem,
3532 1277 3725 1330 timen-

2155 1369 2239 1418 tes
2273 1361 2562 1418 Dominum
2620 1365 2955 1438 Scripturam
3011 1368 3284 1438 appellare
3339 1370 3534 1424 solere.
3589 1367 3728 1435 Quo.

2154 1455 2304 1509 niam
2366 1455 2535 1527 igitur
2598 1461 2916 1529 praedicatio
2968 1461 3280 1531 evangelica
3331 1462 3728 1516 commentario

2154 1554 2295 1616 eget,
2343 1561 2402 1601 se
2436 1549 2556 1618 ejus
2591 1550 3102 1620 interpretationem
3153 1551 3452 1606 tradituros
3478 1566 3723 1606 necessa-

2154 1640 2240 1694 rio
2289 1642 2544 1712 gentibus
2600 1644 2949 1714 pollicentur,
2985 1645 3233 1700 dicentes
3267 1664 3282 1700 :
3316 1663 3334 1694 ι
3365 1642 3573 1709 Venite,
3621 1660 3723 1697 an—

2155 1732 2286 1794 dite,
2322 1741 2376 1788 et
2422 1735 2717 1789 narrabo.»
2761 1734 2886 1790 Haec
2911 1751 3077 1805 porro
3132 1737 3290 1806 quasi
3345 1752 3414 1791 ex
3461 1752 3572 1791 uno
3630 1751 3729 1791 ore

2154 1825 2442 1896 proferunt
2466 1836 2690 1898 propter
2705 1829 3234 1884 consummationem
3257 1847 3270 1882 :
3301 1844 3494 1884 omnes
3521 1828 3729 1898 quippe

473 1937 596 1974 νασι
629 1919 1003 1982 τελειωθέντες
1031 1919 1089 1972 ἐν
1119 1917 1326 1988 Κυρίῳ.
1372 1917 1483 1970 Καὶ
1512 1916 1685 1970 ταῦτα
1717 1915 1962 1980 θεσπίζει
1990 1915 2050 1968 τὸ

2155 1917 2207 1970 in
2233 1917 2460 1973 Christo
2487 1919 2856 1974 consummati
2887 1934 3056 1973 unum
3104 1919 3283 1975 effecti
3317 1927 3468 1974 sunt.
3527 1917 3593 1971 Et
3621 1918 3727 1973 hoc

475 2006 696 2082 Πνεῦμα
713 2009 773 2063 τὸ
792 2008 946 2077 ἅγιον
961 2009 1038 2072 ὡς
1057 2007 1115 2072 ἐξ
1135 2007 1250 2072 ἐνὸς
1267 2005 1430 2078 χοροῦ
1450 2005 1542 2058 τοῦ
1565 2005 1919 2058 ἀποστολικοῦ
1938 2007 2049 2068 τοῖς

472 2105 648 2157 ἔθνεσι
679 2100 1055 2174 προσφωνοῦν.
1087 2098 1548 2169 ἐπαγγελλόμενὸν
1573 2114 1632 2151 τε
1653 2095 2047 2168 διερμηνεύειν,

472 2196 570 2247 ὅσα
598 2194 852 2263 ἐποίησεν
879 2195 907 2245 ὁ
940 2193 1072 2256 Θεὸς
1100 2195 1167 2263 τῇ
1195 2191 1340 2262 ψυχῇ
1370 2189 1568 2244 αὐτῶν.
1626 2189 1799 2242 Πάλαι
1837 2190 1934 2260 μὲν
1959 2185 2050 2242 οῦν

473 2285 655 2354 ἔλεγον
674 2301 687 2314 ·
726 2305 744 2332 σ
769 2283 930 2336 Δεῦτε
956 2283 1050 2336 καὶ
1079 2281 1214 2335 ῐδετε
1237 2281 1305 2334 τὰ
1331 2280 1466 2353 ἔργα
1493 2277 1584 2333 τοῦ
1611 2279 1767 2344 Θεοῦ,
1794 2279 1870 2343 ὡς
1895 2279 2048 2350 μετέο

473 2377 671 2449 στρεψέ
701 2393 831 2430 ποτε
851 2376 948 2446 τὴν
971 2374 1244 2429 θάλασσαν
1266 2375 1345 2437 είς
1371 2372 1559 2445 ξηρὰν,
1587 2372 1682 2426 καὶ
1703 2373 1778 2438 ὼς
1802 2375 1859 2426 ἐν
1889 2391 2052 2426 ποτα-

475 2468 560 2540 μῷ
586 2469 794 2539 διῆλθον
825 2466 965 2521 ποδί.
982 2485 1000 2517 ι
1039 2465 1175 2520 Νυνὶ
1188 2465 1245 2518 δὲ
1267 2464 1449 2518 οὐκέτι
1472 2463 1541 2516 τά
1568 2463 1801 2525 παλαιὰ,
1827 2463 1961 2517 ἀλλά
1983 2464 2050 2518 τὰ

471 2564 570 2634 τῆς
601 2563 726 2626 νέας
753 2563 846 2616 καὶ
866 2561 1058 2631 καινῆς
1089 2559 1326 2632 ἱστορίας
1350 2555 1784 2629 παραδεδώκασι,
1811 2559 1908 2620 τὰς
1928 2557 2053 2610 ἐαυ-

472 2655 579 2707 τῶν
629 2652 854 2725 πράξεις
899 2652 1266 2723 ὑφηγούμενοι
1289 2692 1303 2715 ,
1357 2653 1451 2704 καὶ
1482 2649 1581 2712 τὰς
1607 2653 1686 2712 είς
1718 2650 1915 2713 αὐτοὺς
1948 2649 2052 2702 ὑπὸ

472 2746 564 2800 τοῦ
595 2745 729 2800 Θεοῦ
757 2745 1052 2816 γενομένας
1081 2743 1418 2814 εὐεργεσίας.
1470 2743 1563 2795 Διὸ
1596 2759 1759 2811 φασιν
1783 2759 1796 2771 ’
1865 2761 1884 2792 ι
1913 2742 2052 2794 Ὂσα

473 2839 696 2908 ἐποίησε
731 2840 798 2908 τῇ
825 2837 970 2906 ψυχῇ
1003 2853 1165 2905 μου·›
1200 2830 1318 2888 εἶτα
1351 2834 1661 2905 διηγοῦνται
1686 2833 1782 2904 τὴν
1813 2834 2051 2902 ἐπαγγε-

471 2928 592 2982 λίαν
620 2928 970 2999 πληροῦντες.
1019 2927 1123 2990 Τίς,
1145 2926 1201 2979 δὲ
1233 2928 1265 2996 ὴ
1297 2925 1574 2997 διήγησις;
1629 2944 1648 2977 ι
1692 2926 1837 2996 Πρὸς
1869 2925 2050 2988 αὐτὸν,

473 3021 606 3091 φησὶ
630 3061 646 3084 ,
688 3019 766 3090 τῷ
805 3018 1029 3089 στόματί
1083 3034 1184 3089 μου
1237 3016 1506 3088 ἐκέκραξα
1529 3057 1545 3084 ,
1607 3018 1701 3070 καὶ
1732 3016 1922 3086 ὓψωσα
1949 3017 2054 3070 ὑπὸ

473 3115 569 3184 τὴν
593 3111 844 3182 γλῶσσάν
868 3128 988 3181 μου.
1020 3130 1037 3162 ι
1087 3109 1304 3180 Ἐπειδὴ
1325 3109 1434 3181 γὰρ
1460 3108 1556 3172 τὰς
1577 3111 1655 3174 είς
1683 3110 1878 3172 αὐτοὺς
1898 3109 2052 3180 εὐερ-

474 3205 659 3274 γεσίας
702 3202 793 3256 τοῦ
827 3201 962 3256 Θεοῦ
994 3201 1472 3274 κατηριθμήσαντο
1496 3244 1510 3267 ,
1544 3200 1620 3264 ὡς
1663 3199 2044 3271 ἐπυρώθησαν,

471 3298 546 3362 ὡς
571 3296 1004 3368 ἐδοκιμάσθησαν
1025 3334 1040 3356 ,
1072 3294 1148 3358 ὡς
1174 3293 1418 3366 εἰσῆλθον
1442 3294 1522 3356 είς
1554 3292 1654 3356 τὰς
1687 3292 1894 3362 θλίψεις
1912 3332 1926 3355 ,
1976 3292 2050 3355 ὼς

473 3390 791 3459 ὑπέμειναν,
816 3387 892 3451 ὡς
912 3387 1124 3458 διῆλθον
1143 3386 1232 3440 διὰ
1256 3386 1427 3458 πυρὸς
1450 3386 1542 3439 καὶ
1566 3385 1776 3449 ὓδατος,
1799 3385 1874 3448 ὼς
1900 3383 2054 3455 ἐξῆλ-

473 3484 563 3538 θον
585 3485 664 3546 είς
689 3481 966 3552 ἀναψυχήν
985 3497 998 3511 ·
1027 3482 1108 3534 ὅτι
1139 3481 1212 3550 μὴ
1242 3480 1428 3551 ἀργῶς
1450 3479 1621 3534 ταῦτα
1644 3480 1826 3543 αὐτοῖς
1853 3479 2050 3542 πάντα,

475 3579 506 3646 ἡ
537 3576 656 3630 θεία
680 3574 976 3646 δεδώρηται
1005 3576 1163 3644 χάρις
1187 3590 1200 3602 ο
1235 3572 1369 3627 ἀλλά
1401 3571 1510 3644 γὰρ
1535 3572 1712 3626 αὐτῶν
1741 3571 1809 3632 τά
1845 3571 2054 3641 μεγάλα

476 3665 928 3736 συμϐαλλομένων
943 3667 1023 3727 είς
1037 3665 1098 3717 τὸ
1118 3664 1414 3734 μαρτύριον
1433 3663 1772 3718 διδάσκουσιν
1791 3661 2053 3730 ἀναγκαίη

477 3775 568 3820 ιος.
597 3755 819 3828 Πρῶτον
859 3755 958 3826 μὲν
987 3756 1130 3826 γὰρ,
1166 3755 1351 3824 φασὶν,
1385 3754 1640 3807 οὐδέποτε
1670 3751 2052 3824 ἀνεχωροῦμεν

476 3849 758 3920 εὐχόμενοι
793 3847 888 3900 καὶ
923 3846 1152 3917 βοῶντες
1181 3847 1317 3916 πρὸς
1344 3845 1524 3898 αὐτόν.
1597 3846 1870 3916 Ἐὗοωμεν
1902 3845 1958 3898 δὲ
1990 3845 2050 3896 οὐ

476 3942 688 4012 κραυγῇ
719 3939 814 3993 καὶ
838 3940 990 4008 φωνῇ
1023 3935 1268 4006 γεγωνῷ,
1304 3935 1417 3990 ἀλλ’
1453 3955 1471 3986 ι
1497 3936 1602 3988 ὑπὸ
1629 3935 1723 4008 τὴν
1751 3936 2003 4004 γλῶσσαν
2029 3955 2047 3986 ι

476 4031 605 4085 είσω
629 4031 941 4100 συνέχοντες
963 4027 1141 4081 αὐτῶν
1164 4026 1260 4090 τὰς
1289 4025 1438 4098 βοάς·
1467 4027 1686 4098 ᾔδειμεν
1705 4027 1832 4098 γὰρ,
1856 4028 1939 4081 ὅτι
1960 4028 2054 4080 καλ⁸

477 4119 804 4172 σιωπώντων
831 4116 1018 4172 ἀκούει
1046 4118 1074 4170 ὁ
1098 4116 1252 4180 Θεὸς,
1276 4115 1368 4170 καί
1395 4118 1500 4169 είσι
1527 4117 1768 4188 κραυγαὶ
1793 4117 1971 4190 ψυχῆς
1992 4118 2052 4172 οὐ

478 4214 560 4273 sia
591 4211 834 4284 γλώττης
866 4210 1272 4284 προφερόμεναι
1292 4251 1306 4274 ,
1337 4212 1560 4284 ἀρρήτῳ
1583 4211 1640 4264 δὲ
1666 4211 1893 4283 δυνάμει
1919 4212 2055 4284 πρὸς

479 4305 564 4360 τὸν
585 4305 716 4359 Θεὸν
744 4303 1222 4375 ἀναπεμπόμεναι.
1260 4303 1370 4356 Καὶ
1395 4301 1552 4356 τοῦτὸ
1582 4305 1727 4358 ἐστιν
1755 4304 1784 4359 ὃ
1817 4304 2054 4372 ἐδίδαξεν

480 4397 708 4471 δΣωτὴρ
729 4395 897 4450 είπών
915 4414 928 4427 ·
953 4416 970 4447 ι
983 4395 1204 4480 Ιιξίσελθε
1232 4395 1313 4458 είς
1327 4395 1386 4449 τὸ
1404 4396 1648 4466 ταμιεῖόν
1666 4413 1780 4460 σου,
1799 4397 1893 4450 καὶ
1912 4396 2055 4450 κλεῖ-

479 4505 569 4542 σον
589 4488 688 4560 τὴν
717 4487 886 4558 θύραν
916 4503 1009 4540 σου
1029 4527 1044 4552 ,
1077 4486 1170 4540 καὶ
1203 4484 1498 4557 πρόσευξαι
1523 4502 1538 4516 °
1564 4485 1659 4540 καὶ¹
1690 4487 1720 4538 ὁ
1747 4488 1936 4558 Πατήρ
1960 4503 2053 4541 σου

2155 2007 2393 2080 Spiritus
2445 2017 2673 2066 sanctus
2709 2013 2867 2082 quasi
2917 2027 2982 2066 ex
3040 2027 3152 2066 uno
3198 2012 3504 2082 apostolico
3555 2012 3727 2066 choro

2151 2101 2406 2171 gentibus
2431 2101 2664 2173 loquens
2692 2103 3069 2171 vaticinatur;
3117 2119 3182 2157 ac
3214 2104 3501 2173 pollicetur
3532 2117 3593 2159 se
3631 2102 3729 2158 de-

2153 2193 2489 2248 claraturum
2539 2202 2748 2266 quanta
2803 2195 2994 2250 fecerit
3036 2194 3180 2251 Deus
3220 2195 3418 2250 animae
3458 2195 3722 2265 ipsorum.

2151 2283 2292 2338 Olim
2321 2285 2547 2354 quidem
2577 2301 2591 2336 :
2626 2284 2903 2349 dicebant,
2946 2303 2963 2334 ι
2990 2283 3184 2340 Venite
3217 2293 3271 2340 et
3326 2286 3506 2341 videte
3562 2301 3728 2354 opera

2155 2376 2268 2439 Dei,
2300 2378 2393 2447 qui
2433 2377 2730 2447 aliquando
2781 2379 3051 2432 convertit
3093 2395 3244 2433 mare
3281 2379 3338 2432 in
3383 2379 3616 2440 aridam,
3673 2384 3730 2432 et

2154 2472 2209 2525 in
2238 2470 2461 2526 flumine
2491 2473 2934 2542 pertransicrunt
2955 2472 3109 2543 pede.
3164 2493 3184 2526 ι
3210 2471 3368 2528 Nunc
3403 2481 3584 2526 autem
3620 2486 3730 2526 non

2153 2570 2334 2618 vetera
2359 2563 2613 2630 ulterius,
2646 2565 2742 2620 sed
2786 2581 2849 2622 ea
2881 2581 3003 2636 quae
3031 2580 3226 2619 novam
3267 2574 3517 2633 spectant
3555 2563 3730 2618 histo-

2153 2657 2292 2709 riam
2339 2656 2584 2721 tradunt,
2627 2665 2780 2727 gesta
2813 2671 2934 2721 sua,
2986 2671 3204 2711 necnon
3247 2669 3277 2708 a
3309 2653 3421 2709 Deo
3473 2654 3578 2709 sibi
3617 2654 3733 2709 col-

2154 2746 2261 2798 lata
2326 2743 2589 2800 beneﬁcia
2625 2754 2938 2801 narrantes.
2964 2745 3146 2812 Quare
3179 2743 3370 2798 dicunt
3403 2761 3417 2798 :
3466 2762 3484 2794 ι
3515 2742 3733 2810 Quanta

2155 2836 2283 2891 fecit
2312 2836 2509 2890 animae
2543 2851 2709 2902 meae;
2732 2856 2752 2888 ›
2787 2837 2984 2890 deinde
3018 2836 3307 2906 promissis
3360 2843 3568 2891 stantes
3606 2849 3732 2889 nar-

2153 2929 2418 2984 rationem
2440 2929 2750 2985 ordiuntur.
2775 2931 2908 2998 Quae
2934 2930 3177 2984 narratio
3208 2929 3336 2984 illa?
3379 2949 3397 2978 ι
3421 2929 3497 2983 Διὶ
3528 2929 3728 2999 ipsum.

2156 3021 2351 3090 inquit,
2421 3036 2516 3075 ore
2545 3037 2664 3075 meo
2697 3021 2949 3085 clamavi,
2989 3029 3044 3077 et
3105 3021 3338 3076 exaltavi
3395 3020 3500 3075 sub
3549 3021 3732 3091 lingua

2155 3126 2329 3166 mea.»
2374 3108 2509 3164 Nam
2547 3111 2678 3181 quia
2718 3111 2814 3166 Dei
2843 3126 2976 3182 erga
3021 3126 3078 3166 se
3122 3110 3385 3165 beneficia
3441 3125 3733 3166 recensue-

2154 3213 2300 3267 runt,
2356 3204 2633 3272 quomodo
2676 3203 2889 3258 scilicet
2938 3203 3062 3274 igne
3090 3203 3384 3257 examinati
3429 3211 3484 3256 et
3518 3202 3731 3272 probati

2156 3296 2286 3359 sint,
2317 3296 2592 3365 quomodo
2619 3297 2671 3350 in
2703 3295 2967 3350 aerumnis
3017 3297 3182 3365 positi
3221 3309 3316 3350 eas
3345 3293 3732 3360 sustinuerint,

2126 3405 2261 3459 -quo
2294 3397 2454 3460 pacto
2484 3389 2812 3446 transierint
2837 3404 2934 3460 per
2982 3389 3162 3460 ignem
3192 3397 3247 3442 et
3294 3403 3514 3458 aquam,
3560 3397 3615 3442 et
3648 3387 3734 3444 in-

2153 3484 2329 3553 gressi
2364 3484 2477 3538 sint
2508 3482 2564 3536 in
2623 3481 3010 3552 refrigerium;
3044 3480 3189 3551 quod
3225 3494 3333 3534 non
3386 3481 3501 3534 haec
3546 3478 3736 3536 omnia

2153 3577 2258 3632 sibi
2299 3575 2501 3630 frustra
2560 3572 2745 3629 divina
2781 3574 2957 3644 gratia
3003 3573 3335 3637 contulerit;
3391 3571 3489 3627 sed
3541 3571 3738 3627 istlizec

2153 3666 2256 3728 sibi
2297 3651 2533 3721 maxime
2562 3667 2630 3722 ad
2677 3667 2998 3737 martyrium
3051 3665 3383 3736 profuerint,
3420 3665 3741 3721 necessario

2152 3759 2402 3813 edocent.
2444 3757 2633 3813 Primo
2694 3757 2937 3828 quidem,
2995 3758 3170 3822 aiunt,
3231 3771 3512 3827 nunquam
3568 3756 3737 3810 ﬁnem

2152 3851 2410 3919 precandi
2446 3851 2628 3919 ipsum
2660 3859 2714 3904 et
2735 3849 3009 3904 clamandi
3044 3849 3294 3905 fecimus.
3329 3848 3514 3920 Neque
3553 3858 3740 3903 tamen

2153 3938 2262 3990 alta
2294 3945 2348 3992 et
2378 3952 2580 3992 sonora
2600 3951 2735 3993 voce
2759 3937 3153 4001 clamabamus,
3175 3938 3269 3994 Sed
3309 3956 3328 3988 ι
3357 3939 3460 3992 sub
3487 3938 3726 4009 lingua”

2153 4036 2304 4090 intus
2346 4036 2619 4091 clamores
2651 4043 2880 4090 nostros
2906 4034 3353 4102 comprimentes.
3393 4033 3743 4089 Noveramus.

2153 4131 2360 4200 quippe
2391 4127 2560 4184 Deum
2595 4128 2680 4184 vel
2735 4133 2982 4180 tacentes
3033 4125 3247 4188 audire,
3277 4136 3510 4195 esseque
3534 4127 3735 4178 clamo-

2152 4239 2244 4280 res
2276 4239 2387 4278 non
2437 4223 2627 4294 lingua
2675 4223 2776 4280 sed
2824 4229 3009 4276 mente
3066 4220 3333 4291 prolatos,
3373 4235 3437 4274 ac
3472 4219 3733 4276 ineffabili

2155 4317 2365 4373 virtute
2414 4317 2484 4373 ad
2533 4315 2704 4373 Deum
2754 4315 3013 4372 emissos.
3076 4313 3429 4384 ldipsumque
3457 4328 3488 4367 a
3535 4312 3736 4368 Serva-

2154 4421 2274 4468 tore
2345 4412 2575 4468 docetur
2625 4411 2713 4466 his
2771 4409 2996 4465 verbis:
3052 4405 3244 4461 «Intra
3307 4405 3364 4459 in
3419 4405 3733 4460 cubiculum

2155 4513 2338 4574 tuum,
2369 4514 2424 4559 et
2458 4505 2648 4558 clauso
2693 4500 2838 4558 ostio
2867 4514 2996 4554 ora:
3035 4505 3091 4556 et
3120 4497 3282 4553 Pater
3309 4503 3440 4552 tuus
3467 4497 3558 4567 qui
3586 4495 3733 4550 videt

479 4583 502 4636 3
533 4579 743 4650 βλέπων
771 4580 830 4633 ἐν
860 4577 938 4648 τῷ
965 4576 1190 4649 κρυπτῷ
1221 4578 1490 4632 ἀποδώσει
1517 4595 1619 4631 σοι.
1650 4599 1668 4630 ι
1746 4579 1931 4643 Οὕτως
1959 4574 2050 4632 οὖν

2155 4599 2209 4653 in
2235 4597 2579 4660 abscondito,
2616 4595 2810 4651 reddet
2833 4593 2932 4647 tibi
2949 4592 3015 4648 ⁸³.
3047 4611 3068 4644 ι
3096 4591 3186 4647 Sic
3201 4590 3369 4662 igitur
3395 4590 3488 4644 hic
3503 4590 3735 4659 loquun~

480 4673 570 4726 καὶ
598 4670 830 4724 ἐνταῦθά
854 4685 1049 4739 φασιν,
1075 4670 1156 4724 ὅτι
1190 4688 1208 4721 ι
1229 4670 1372 4741 Πρὸς
1400 4669 1560 4725 αὐτὸν
1585 4669 1663 4742 τῷ
1691 4671 1918 4741 στόματί
1952 4688 2052 4743 μου

479 4763 749 4836 ἐκέκραξα
775 4763 870 4817 καὶ
895 4761 1086 4832 ὕψωσα
1117 4761 1221 4818 ὑπὸ
1243 4761 1341 4834 τὴν
1363 4762 1613 4831 γλῶσσάν
1639 4781 1762 4834 μου·
1790 4783 1807 4814 ι
1839 4765 1978 4818 κατά
1999 4765 2055 4818 δὲ

478 4856 566 4909 τὸν
598 4855 910 4926 Σύμμαχον,
941 4874 960 4906 ‹
980 4855 1347 4924 Αύτὸν,1φασὶ
1367 4897 1381 4918 ,
1420 4855 1497 4926 τῷ
1528 4856 1756 4928 στόματί
1793 4873 1894 4927 μου
1924 4859 2054 4910 ἐπε-

477 4949 810 5020 καλεσάμην,
861 4949 955 5002 καὶ
981 4947 1168 5019 ὑψώθη
1202 4949 1541 5019 παραχρῆμα
1574 4951 1607 5020 ἡ
1642 4949 1863 5018 γλῶσσά
1894 4968 2049 5020 μου.»

488 5040 624 5095 Ἀλλ’
646 5042 708 5094 οὐ
737 5041 894 5109 μόνον
921 5043 1041 5104 ταῖς
1059 5040 1244 5110 εὐχαῖς
1268 5040 1630 5111 ἐσχολάζομεν
1652 5043 1745 5095 καὶ
1771 5045 1890 5105 ταῖς
1920 5042 2056 5114 πρὸς

475 5135 564 5188 τὸν
591 5134 723 5187 Θεὸν
752 5134 968 5205 δεήσεσι
999 5134 1092 5188 καὶ
1125 5135 1424 5206 ἱκετηρίαις
1445 5151 1457 5164 “
1483 5135 1619 5190 ἀλλὰ
1645 5137 1740 5191 καὶ
1763 5138 1942 5210 ἔργοις
1963 5137 2056 5190 αὐ-

475 5231 584 5291 τοῖς
612 5227 1067 5299 ἀπεστρεφόμεθα
1100 5227 1198 5297 μὲν
1225 5229 1406 5281 πᾶσαν
1433 5228 1668 5293 ἀδικίαν,
1691 5228 1767 5292 ὼς
1795 5228 1928 5299 μηδὲ
1958 5231 2057 5298 ἐμ-

476 5317 694 5370 ϐλέπειν
715 5319 852 5388 αὐτῇ
872 5317 1094 5382 ἐθέλειν,
1119 5318 1152 5389 ἢ
1174 5318 1267 5372 καὶ
1289 5318 1365 5390 τῷ
1389 5319 1466 5390 νῷ
1490 5319 1840 5390 ἐνθυμεῖσθαί
1863 5337 1916 5372 τι
1944 5318 2057 5372 ἅδι-

475 5425 588 5462 κον.
623 5409 685 5462 El
707 5409 813 5481 γάρ
841 5425 893 5461 τι
912 5409 1150 5463 τοιοῦτον
1176 5409 1515 5481 ἐνενοοῦμεν,
1543 5411 1652 5464 οὐδ’
1678 5409 2055 5465 είσακούεσθαι

474 5499 614 5563 ἄξιοι
639 5497 704 5553 ἂν
735 5495 897 5570 ἦμεψ
928 5499 1009 5553 διό
1034 5517 1230 5569 φασινο
1294 5519 1312 5552 ι
1350 5500 1586 5554 Ἀδικίαν
1615 5502 1664 5556 εί
1698 5499 1968 5571 ἐθεώρουν
1999 5502 2057 5554 ἐν

475 5591 671 5662 καρδίᾳ
699 5608 799 5660 μου
821 5630 834 5656 ,
872 5591 946 5662 μὴ
975 5591 1344 5648 είσακουσάτω
1379 5592 1598 5664 Κύριος.
1629 5613 1646 5644 ι
1695 5592 1848 5646 Ἐπεὶ
1879 5591 2057 5646 τοίνυν

476 5685 572 5742 καὶ
596 5683 696 5755 τὴν
722 5684 961 5739 διάνοιαν
993 5685 1246 5758 τοιαύτην
1278 5682 1388 5758 εἶχε
1417 5687 1508 5741 καὶ
1555 5687 1652 5750 τὰς
1684 5687 1848 5760 εὐχὰς
1871 5687 2055 5744 τοιαύ-

548 5865 597 5905 ⁶³
629 5865 817 5925 Matth.
859 5884 928 5931 Vl,
954 5868 1004 5922 6.

2158 4701 2249 4746 tur
2291 4711 2304 4746 :
2359 4709 2377 4741 ‹
2403 4689 2484 4744 Ad
2521 4691 2697 4760 ipsum
2726 4702 2824 4743 ore
2865 4699 2988 4741 meo
3033 4683 3262 4740 clamavi
3291 4689 3344 4738 et
3369 4682 3602 4738 exaltari
3631 4681 3735 4737 sub

2158 4785 2342 4855 lingua
2386 4797 2542 4849 mea;
2594 4801 2613 4834 ι
2640 4779 2940 4837 secundum
2977 4775 3363 4848 Symmachum
3387 4790 3518 4830 vero
3549 4793 3562 4828 :
3602 4792 3620 4824 ι
3649 4773 3735 4844 lp-

2159 4894 2303 4941 sum,
2355 4877 2544 4940 aiunt,
2589 4890 2688 4930 ore
2741 4886 2864 4928 meo
2917 4868 3199 4932 invocavi,
3244 4875 3298 4924 et
3367 4866 3604 4922 exaltata
3650 4872 3736 4919 est

2160 4970 2453 5026 confestim
2493 4968 2678 5021 anima
2730 4979 2908 5020 mea.»
2965 4962 3076 5017 Sed
3123 4975 3235 5016 non
3269 4966 3482 5014 tantum
3530 4958 3735 5012 oratio-

2161 5064 2346 5125 nibus,
2429 5058 2687 5130 precibus
2745 5062 2801 5111 et
2861 5050 3358 5124 supplicationibus
3433 5048 3501 5108 ad
3562 5045 3733 5101 Deum

2156 5152 2376 5209 emissis
2402 5150 2748 5212 vacavimus;
2781 5144 2881 5202 sed
2909 5143 3045 5214 ipsis
3091 5141 3354 5212 operibus
3391 5137 3734 5208 iniquitatem

2157 5259 2376 5299 omnem
2407 5241 2654 5298 aversati.
2677 5252 2902 5302 sumus;
2943 5235 3018 5288 ita
3073 5240 3134 5287 ut
3178 5247 3247 5286 ne
3292 5229 3512 5300 quidem
3553 5226 3733 5295 respi-

2159 5352 2284 5392 cere
2336 5335 2484 5389 illam
2526 5331 2887 5393 voluerimus,
2921 5334 3016 5381 aut
3059 5324 3339 5395 quidpiam
3372 5323 3620 5391 iniquum
3649 5320 3732 5374 vel

2161 5431 2346 5484 animo
2373 5427 2641 5496 cogitare.
2679 5421 2814 5476 Nam
2851 5421 2897 5476 si
2925 5419 3060 5490 quid
3094 5417 3272 5472 simile
3311 5415 3732 5485 cogitassemus,

2164 5538 2276 5580 non
2307 5519 2458 5591 digni
2503 5531 2723 5572 eramus
2768 5515 2862 5585 qui
2910 5510 3318 5568 exaudiremur.
3371 5505 3733 5575 Quamobrem

2161 5615 2355 5670 aiunt:
2395 5632 2414 5664 ι
2443 5611 2787 5681 lniquitatem
2823 5609 2868 5663 si
2914 5607 3100 5678 aspexi
3135 5607 3190 5659 in
3237 5601 3404 5658 corde
3443 5614 3587 5662 meo,
3623 5611 3740 5679 noon-

2161 5668 2420 5767 exaudiat
2450 5668 2772 5759 Dominus.»
2833 5668 3138 5771 Quia-ergo
3182 5695 3278 5753 tali
3314 5699 3494 5752 mente
3535 5668 3740 5765 praedi-.
