4090 6402
415 401 511 455 671

1073 397 1342 454 EUSEBII
1383 398 1867 457 CAESARIENSIS
1907 400 1970 456 01

2111 401 2294 458 pass
2334 400 2422 458 ιιι.
2453 432 2517 444 -
2534 374 2543 387 ’
2560 399 2968 457 EXEGETICA.

3551 397 3655 448 672

415 529 503 575 tus
533 518 669 573 tales
706 515 988 574 orationes
1025 517 1305 586 fundebat,
1336 519 1460 589 jure
1512 519 1641 574 dicit
1675 538 1694 570 ι
1724 519 1970 589 Propter-

2082 537 2181 584 τας
2214 520 2554 592 ἀνέπεμπεν,
2611 520 2832 584 εἰκότως
2863 519 3020 590 φησί’
3059 536 3078 568 ε
3101 515 3200 570 Διά
3226 512 3382 570 τοῦτο
3404 515 3657 585 εἰσήκου-

415 627 474 667 ea
514 610 789 665 exaudivit
840 609 1006 676 Deus,
1052 619 1106 666 et
1153 613 1386 667 attendit
1416 612 1537 667 voci
1575 611 1980 680 deprecationis

413 718 597 757 meae.»
657 701 723 754 Et
759 702 872 756 haec
923 703 979 757 in
1013 717 1180 759 causa
1216 711 1370 759 erant
1421 719 1522 759 cur
1575 703 1717 759 Deus
1748 711 1871 772 post
1900 711 1982 756 tot

412 792 764 856 tentationes,
797 793 1050 848 eduxerit
1081 809 1182 849 nos
1217 797 1274 848 in
1307 794 1674 865 refrigerium.
1711 793 1818 848 Pro
1856 793 1981 864 qui-

412 888 510 939 bus
539 884 795 939 omnibus
823 884 1066 940 debitum
1098 887 1398 956 gratiarum
1451 887 1689 942 actionis
1715 885 1980 958 hymnum

413 973 524 1028 Deo
555 974 894 1039 emittentes,
934 981 1108 1029 totum
1159 991 1469 1031 sermonem
1515 977 1620 1030 hoc
1667 992 1767 1031 ceu
1802 975 1983 1046 sigillo

410 1066 785 1122 concludunt:
843 1087 860 1118 ‹
888 1067 1219 1124 Benedictus
1265 1068 1430 1133 Deus,
1485 1069 1580 1140 qui
1620 1084 1731 1124 non
1777 1069 1982 1123 amovit

409 1161 714 1214 orationem
753 1177 925 1217 meam
957 1169 1011 1216 et
1071 1163 1506 1218 misericordiam
1559 1178 1714 1218 suam
1755 1177 1785 1216 a
1835 1177 1974 1217 me.»

409 1254 534 1309 Haec
561 1269 727 1324 porro
771 1256 955 1308 omnia
980 1255 1183 1309 chorus
1211 1255 1548 1324 apostolicus
1577 1271 1644 1310 ex
1673 1255 1835 1310 unius
1860 1270 1982 1324 per-

406 1363 563 1410 sona,
592 1347 1055 1411 benedictionem,
1101 1346 1320 1402 laudem
1375 1354 1429 1402 et
1486 1348 1784 1418 gratiarum
1813 1346 1982 1400 actio-

405 1451 526 1490 nem
558 1451 658 1505 pro
705 1437 963 1491 omnibus
1010 1452 1177 1506 supra
1227 1438 1543 1492 memoratis
1579 1435 1690 1491 Deo
1723 1435 1978 1502 oﬂ‘erens,

405 1536 528 1599 post
559 1539 639 1583 tot
669 1531 913 1598 prolatos
945 1545 1230 1585 sermones
1259 1530 1594 1600 obsignavit.

404 1643 454 1695 1.
507 1641 575 1695 ΙΝ
617 1642 836 1696 FINEM
887 1641 955 1695 IN
993 1641 1264 1768 HYRIB‘KIIVSI
1316 1641 1642 1699 PSALMUS
1673 1641 1972 1698 CANTICI.

470 1826 638 1882 Vens.
669 1826 722 1889 2,
757 1828 810 1883 5.
854 1847 871 1880 ι
892 1820 1037 1883 Deus
1072 1828 1399 1883 misereatur
1417 1828 1590 1882 nostri
1614 1836 1668 1881 et
1693 1825 1980 1881 benedicat

2085 628 2175 664 σεν
2201 613 2228 663 6
2259 611 2389 675 Θεὸς
2417 611 2510 664 καὶ
2543 610 2814 683 προσέσχε
2833 611 2899 679 τῇ
2928 610 3077 678 φωνῇ
3104 607 3202 677 τῆς
3225 603 3461 678 δεήσεώς
3487 621 3608 676 μου.
3629 622 3651 656 »

2088 704 2200 758 Καὶ
2217 703 2388 756 ταῦτα
2418 698 2485 774 ἦν
2517 701 2586 756 τὰ
2618 701 2768 756 αἴτια
2797 701 2862 755 δι’
2887 701 2922 756 ἃ
2946 699 3212 771 ἐξήγαγεν
3243 699 3391 768 ἡμᾶς
3420 699 3500 761 εἰς
3523 698 3657 750 ἀναο

2080 795 2256 868 ψυχὴν
2277 795 2414 867 μετὰ
2433 797 2556 859 τοὺς
2574 793 2861 858 τοσούτους
2882 791 3236 864 πειρασμούς.
3276 790 3391 860 Ἐφ’
3410 785 3492 854 οἷς
3513 789 3657 844 ἀπα-

2083 906 2135 942 σι
2165 888 2255 942 τὸν
2284 887 2626 958 ὀφειλόμενον
2654 887 3068 958 εὐχαριστήριον
3113 883 3276 956 ὕμνον
3303 883 3655 954 ἀναπέμπον-

2081 998 2171 1045 τες
2201 980 2279 1051 τῷ
2309 980 2445 1051 Θεῷ,
2476 980 2892 1051 ὲπισφράγισμα
2920 977 3014 1030 τοῦ
3046 976 3240 1040 παντὸς
3267 975 3547 1028 ποιοῦνται
3569 973 3656 1026 λό-

2082 1089 2179 1140 γου
2211 1073 2509 1142 φάσκοντες
2529 1089 2542 1102 ·
2573 1090 2591 1124 ι
2614 1071 2918 1142 Εὐλογητὸς
2941 1072 2969 1124 6
3000 1069 3150 1134 Θεὸς,
3180 1068 3239 1132 ὃς
3263 1068 3364 1121 οὐκ
3388 1069 3655 1138 ἀπέστρε-

2081 1165 2149 1235 ψε
2172 1165 2269 1236 τὴν
2294 1165 2600 1237 προσευχήν
2626 1182 2746 1236 μου,
2770 1164 2891 1218 ’καὶ
2913 1163 2972 1217 τὸ
2994 1162 3139 1226 ἔλεος
3162 1161 3326 1217 αὐτοῦ
3347 1163 3440 1216 ἀπ’
3461 1160 3648 1231 ἐμοῦ.»

2081 1257 2263 1312 Ταῦτα
2287 1259 2350 1310 δὲ
2369 1257 2543 1311 πάντα
2573 1259 2602 1310 6
2629 1257 2787 1329 χορὸς
2818 1258 2846 1309 6
2878 1256 3230 1320 ἀποστολικὸς
3251 1255 3311 1320 ἐξ
3333 1255 3452 1317 ἑνὸς
3480 1269 3653 1325 προσ-

2082 1351 2230 1404 ώπου
2275 1350 2412 1422 μετά
2448 1351 2654 1413 πάντας
2703 1351 2827 1413 τοὺς
2879 1348 3271 1420 προλεχθέντας
3319 1348 3508 1415 λόγους
3557 1347 3656 1398 ἐπ-

2081 1445 2468 1514 εσφραγίσατο,
2497 1441 2743 1510 εὐλογίαν
2770 1442 2862 1495 καὶ
2884 1441 3186 1509 δοξολογίαν
3202 1440 3294 1493 καὶ
3311 1438 3656 1511 εὐχαριστίαν

2081 1536 2176 1588 ἐπὶ
2210 1537 2342 1588 πᾶσι
2383 1537 2492 1597 τοῖς
2526 1533 2898 1606 προλεχθεῖσιν
2931 1532 3272 1602 ἀναπέμπων
3303 1531 3382 1601 τῷ
3405 1529 3546 1601 Θεῷ.

2081 1647 2132 1701 1.
2173 1644 2281 1698 ΕΙΣ
2315 1646 2401 1698 ΤΟ
2431 1644 2651 1699 ΤΕΛΟΣ
2693 1644 2784 1698 ΕΝ
2808 1640 3084 1731 ΞΕΝΟΙΣ
3125 1639 3415 1694 ΨΑΛΜΟΣ
3452 1639 3651 1708 ῼΛΗΣ.

2805 1716 2942 1780 squ

2155 1849 2174 1881 ‹
2197 1831 2254 1884 Ὀ
2275 1830 2406 1894 Θεὸς
2425 1831 2760 1901 οἰκτειρήσαι
2780 1830 2924 1899 ἡμᾶς
2937 1827 3030 1882 καὶ
3050 1827 3338 1898 εὐλογῆσαι
3354 1827 3520 1897 ἡμᾶς,
3539 1828 3655 1879 ἐπι-

399 1919 579 1982 nobis,
597 1920 867 1974 illuminet
882 1921 1086 1975 vultum
1103 1937 1258 1975 suum
1275 1936 1572 1991 supernos,
1586 1928 1640 1975 et
1657 1919 1970 1974 misereatur

2082 1921 2243 1990 φάναι
2266 1923 2325 1974 τὸ
2347 1899 2634 1993 πρόσωπον
2652 1899 2816 1973 αὐτοῦ
2835 1921 2917 1988 ἐφ’
2933 1919 3080 1990 ἡμᾶς
3097 1919 3190 1971 καὶ
3207 1917 3424 1988 ἐλεήσαι
3450 1917 3616 1987 ἡμᾶς.
3632 1937 3648 1966 »

398 2011 628 2064 nostri.»
671 2009 923 2066 Praesens
951 2027 1170 2081 quoque
1187 2012 1452 2080 psalmus,
1476 2010 1824 2080 evangelicus
1851 2025 1974 2064 cum

397 2101 491 2165 sit,
544 2101 720 2156 eidem
767 2118 832 2158 ac
880 2103 1196 2174 praecedens
1235 2105 1403 2158 haeret
1452 2102 1768 2167 sententiae;
1805 2116 1976 2171 quare

403 2195 520 2249 «ad
575 2195 783 2249 ﬁnem»
822 2203 876 2248 et
929 2196 1044 2265 ipse
1103 2197 1366 2261 remittit,
1427 2203 1591 2264 atque
1656 2194 1977 2248 «canticum

397 2284 635 2352 psalmi»
670 2283 1026 2352 inscribitur;
1059 2286 1188 2354 quia
1219 2285 1310 2340 ille
1333 2301 1552 2356 quoque
1578 2285 1822 2355 psalmus
1851 2298 1978 2338 can-

398 2375 492 2428 tici
524 2390 648 2429 esse
677 2375 985 2430 dicebatur.
1029 2375 1292 2432 Fortasse
1318 2391 1450 2430 vero
1493 2375 1616 2431 ideo
1657 2386 1849 2432 neuter
1879 2391 1974 2431 eo-

397 2481 520 2519 rum
550 2466 712 2535 cujus
768 2468 880 2522 sint
932 2483 1216 2524 sermones
1254 2470 1305 2522 in
1343 2469 1501 2523 titulo
1532 2468 1796 2532 declarat,
1827 2467 1975 2538 quod

396 2557 752 2613 manifestum
807 2560 880 2612 sit
923 2574 1173 2628 quamam
1208 2575 1457 2629 personae
1507 2560 1560 2614 in
1616 2568 1850 2629 utroque
1896 2560 1978 2612 ιο.

395 2657 628 2719 quentes
658 2650 1010 2706 inducantur.
1037 2650 1248 2705 Etenim
1272 2652 1515 2722 gentium
1541 2666 1843 2721 praecones,
1863 2652 1976 2706 sive

393 2742 628 2810 apostoli
682 2739 992 2799 Servatoris
1035 2745 1235 2806 nostri,
1301 2745 1357 2798 in
1401 2751 1634 2814 utroque
1681 2759 1975 2800 assumun-

400 2841 513 2883 tur.
575 2829 678 2896 Qui
711 2834 896 2886 statim
929 2835 997 2888 ab
1019 2835 1248 2888 exordio
1277 2836 1332 2889 in
1361 2836 1614 2904 praesenti
1643 2836 1855 2905 psalmo
1876 2851 1975 2890 nec

394 2923 612 2977 occulte
645 2925 952 2978 acclamant
983 2925 1036 2979 in
1065 2935 1210 2980 terra
1241 2934 1295 2981 et
1338 2927 1394 2980 in
1441 2927 1697 2982 omnibus
1721 2918 1974 2997 gentibus

393 3014 634 3068 salutare
693 3014 811 3081 Dei,
868 3026 924 3071 et
991 3018 1137 3070 viam
1199 3017 1320 3086 ejus
1369 3020 1630 3088 cognosci
1662 3027 1972 3088 precantes,

393 3101 587 3157 deinde
610 3103 763 3157 aiunt
786 3124 799 3158 :
837 3123 855 3154 ι
879 3105 1260 3159 Conliteantur
1286 3107 1385 3159 tibi
1411 3108 1620 3176 populi,
1650 3105 1816 3168 Deus,
1845 3123 1976 3161 con-

395 3192 652 3247 fiteantur
680 3194 779 3247 tibi
833 3197 1018 3265 populi
1049 3211 1266 3252 omnes.
1312 3196 1590 3252 Lzetentur
1615 3209 1667 3254 et
1698 3201 1974 3254 exsultent

2076 2013 2185 2065 Καὶ
2216 2015 2244 2066 6
2274 2012 2461 2084 παρὼν
2485 2011 2696 2081 ψαλμὸς
2723 2011 3074 2079 εὐαγγελικὸς
3099 2009 3194 2075 ὢν,
3227 2008 3324 2078 τῆς
3350 2008 3518 2079 αὐτῆς
3539 2006 3657 2078 ἔχεο

2075 2122 2163 2157 ται
2195 2102 2272 2172 τῷ
2301 2102 2406 2174 πρὸ
2434 2102 2596 2156 αὐτοῦ
2631 2101 2868 2164 διανοίας
2889 2119 2902 2131 ·
2945 2100 3132 2170 διόπερ
3185 2119 3202 2151 ι
3226 2100 3306 2162 εἰς
3346 2098 3408 2151 τὸ
3458 2098 3608 2160 τέλος
3630 2115 3649 2148 »

2076 2195 2430 2264 παραπέμπει
2459 2193 2553 2244 καὶ
2579 2191 2740 2254 αὐτὸς
2765 2231 2779 2255 ,
2817 2209 2835 2241 ι
2854 2189 2964 2261 ᾠδή
2993 2209 3011 2241 »
3049 2207 3109 2242 τε
3141 2188 3427 2260 «ψαλμοῦ»
3469 2189 3657 2258 ἐπιγέ-

2075 2302 2320 2357 γραπται
2345 2298 2359 2313 '
2392 2283 2513 2336 ἐπεὶ
2541 2285 2789 2345 κάκεῖνος
2812 2282 3025 2352 ψαλμὸς
3052 2281 3191 2352 ᾠδῆς
3236 2283 3452 2350 ἐλέγετο
3494 2277 3652 2335 εἶναι.

2074 2379 2302 2448 Μήποτε
2339 2377 2395 2429 δὲ
2429 2378 2489 2430 τὸ
2523 2376 2667 2439 τίνος
2699 2371 2806 2429 εἷεν
2828 2375 2974 2444 λόγοι
3001 2375 3280 2447 οὐδέτερος
3302 2374 3480 2429 αὐτῶν
3501 2376 3560 2427 ἐν
3586 2377 3652 2448 τῇ

2075 2472 2366 2541 προγραφῇ
2397 2469 2690 2538 παρίστησι
2717 2468 2804 2520 διὰ
2829 2468 2888 2520 τὸ
2920 2467 3147 2538 ἐναργὲς
3175 2466 3281 2519 τῶν
3305 2466 3655 2537 προφητικῶς

2073 2562 2413 2632 εἰσηγμένων
2463 2563 2521 2615 ἐν
2553 2562 2736 2624 αὐτοῖς
2769 2558 3091 2631 προσώπων.
3157 2560 3220 2613 OE
3254 2561 3494 2631 κήρυκες
3526 2559 3656 2629 γοῦν

2071 2653 2180 2707 τῶν
2207 2653 2373 2706 ἐθνῶν
2391 2694 2407 2719 ,
2440 2654 2490 2706 οἱ
2519 2654 2803 2707 ἀπόστολοι
2831 2653 3030 2725 δηλαδὴ
3063 2653 3157 2705 τοῦ
3193 2653 3445 2723 Σωτῆρος
3475 2653 3654 2723 ἡμῶν,

2072 2749 2129 2800 ἐν
2163 2747 2408 2818 ἐκατέρῳ
2441 2747 2882 2819 παρελήφθησαν,
2917 2745 3122 2799 Αὐτίκα
3153 2744 3284 2812 γοῦν
3315 2747 3407 2798 καὶ
3438 2744 3523 2798 διὰ
3548 2745 3657 2801 τῶν

2073 2840 2446 2910 προκειμένων
2476 2839 2804 2903 ἀκαλύπτως
2837 2837 3136 2892 ἀναϐοῶσιν
3174 2840 3231 2890 ἐν
3263 2841 3328 2909 τῇ
3364 2841 3434 2910 γῇ
3471 2839 3566 2893 καὶ
3598 2840 3658 2894 ἐν

2074 2933 2208 2984 πᾶσι
2228 2935 2338 2994 τοῖς
2361 2931 2538 2986 ἔθνεσι
2555 2932 2616 2985 τό
2637 2949 2693 2984 τε
2719 2932 2984 3003 σωτήριον
3003 2929 3096 2983 τοῦ
3114 2929 3246 2984 Θεοῦ
3268 2971 3281 2994 ,
3305 2933 3399 2984 καὶ
3420 2931 3518 3003 τὴν
3537 2931 3654 2984 ὁδὸν

2075 3021 2236 3075 αὐτοῦ
2265 3021 2572 3093 γνωσθῆναι
2595 3023 2873 3093 εὐχόμενοι
2893 3039 2908 3055 ο
2931 3020 3032 3076 εἶθ’
3053 3021 3209 3091 ἑξῆς·
3250 3041 3268 3074 ι
3304 3022 3655 3094 Ἐξομολογη-

2076 3115 2359 3169 σάσθωσάν
2389 3133 2469 3169 σοι
2499 3116 2617 3169 λαοὶ
2636 3158 2650 3180 ,
2697 3120 2725 3170 6
2755 3117 2887 3180 Θεὸς
2907 3157 2921 3179 ,
2957 3115 3537 3186 ἐξομολογησάσθωσάν
3568 3134 3648 3169 σοι

2074 3207 2192 3262 λαοὶ
2245 3208 2463 3272 πάντες.
2543 3208 3016 3280 Εὐφρανθήτωσαν
3068 3209 3160 3261 καλ⁸
3211 3208 3648 3276 ἀγαλλιάσθωσαν

393 3292 639 3354 gentes.»
683 3284 855 3350 Quem
891 3302 1198 3343 sermonem
1231 3289 1476 3343 secundo
1508 3291 1574 3344 ad
1607 3291 1852 3344 vaticinii
1881 3292 1970 3344 lir-

2074 3302 2254 3371 ἔθνη.»
2288 3300 2398 3352 Καὶ
2424 3267 2577 3363 αὖθις
2611 3267 2924 3371 δἐιυτερόῦσι
2953 3299 3045 3352 τὸν
3073 3298 3228 3368 λόγον
3256 3267 3334 3362 εἰς
3365 3297 3647 3367 βεϐαίωσιν

391 3377 637 3433 mitatem
693 3388 970 3448 repetunt.
1014 3379 1233 3437 Chorus
1263 3383 1429 3453 igitur
1467 3385 1826 3452 apostolicus,
1877 3386 1973 3454 qui

392 3472 546 3541 prius
571 3472 812 3528 dixerat:
841 3493 858 3523 ε
906 3471 1141 3528 Jubilate
1187 3474 1318 3538 Deo,
1357 3476 1536 3530 omnis
1582 3476 1822 3543 terra“;
1851 3496 1868 3528 »
1917 3484 1972 3532 et

398 3580 651 3621 rursum:
697 3585 715 3617 ι
744 3564 936 3621 Omnis
967 3575 1113 3622 terra
1146 3567 1336 3622 adoret
1383 3576 1437 3622 te
1452 3568 1530 3635 3";
1558 3588 1575 3620 »
1617 3570 1964 3640 iterumque:

398 3673 418 3707 ‹
444 3655 779 3724 Benedicite,
814 3669 1024 3729 gentes,
1060 3659 1230 3714 Deum
1279 3669 1530 3714 nostrum
1553 3661 1630 3728 ⁸⁶;
1660 3680 1677 3712 »
1722 3663 1777 3716 in
1822 3678 1968 3733 prm-

388 3747 533 3803 senti
581 3749 793 3818 psalmo
829 3751 1106 3815 similiter,
1149 3752 1590 3809 animadvertens
1627 3770 1824 3824 magno
1861 3755 1968 3808 sibi

386 3854 529 3909 opus
576 3856 701 3896 esse
759 3842 827 3896 ad
890 3841 1130 3898 faustum
1183 3845 1511 3916 evangelicae
1560 3846 1968 3917 praedicationis

387 3932 592 3985 exitum
631 3931 722 3987 Dei
757 3933 982 3997 auxilio,
1020 3934 1178 4004 quasi
1219 3935 1324 3990 sibi
1376 3937 1679 3992 accinendo
1725 3937 1805 3992 sic
1840 3953 1965 4007 pre-

387 4031 574 4077 catur:
615 4042 633 4074 ε
657 4026 800 4080 Deus
830 4027 1153 4082 misereatur
1186 4028 1359 4083 nostri
1393 4035 1447 4083 et
1467 4029 1755 4084 benedicat
1784 4029 1966 4094 nobis,

387 4113 659 4170 illuminet
693 4118 904 4172 vultum
946 4134 1108 4174 suum
1142 4135 1309 4190 super
1351 4137 1476 4185 nos,
1533 4130 1588 4177 et
1637 4123 1967 4177 misereatur

331 4207 619 4294 :nostri.»
699 4209 809 4265 Nos
855 4211 1058 4282 quippe
1116 4212 1255 4266 nihil
1313 4213 1554 4267 dicimus
1613 4228 1760 4277 esse,
1828 4213 1966 4266 nihil

385 4312 550 4368 posse
579 4299 832 4366 fatemur,
868 4317 994 4356 cum
1028 4303 1166 4358 viles
1192 4303 1468 4370 homines,
1512 4305 1811 4374 simplices,
1838 4319 1968 4374 pau-

385 4405 544 4462 peres
572 4394 922 4448 ethominum
951 4396 1216 4464 postremi
1249 4397 1442 4452 simus.
1476 4396 1596 4466 lpse
1625 4412 1755 4452 vero
1788 4397 1957 4462 Deus,

2073 3391 2178 3443 τῶν
2208 3389 2636 3460 θεσπιζομένων.
2684 3391 2740 3442 Ὀ
2770 3389 2928 3460 χορὸς
2961 3389 3137 3442 τοίνυν
3171 3392 3198 3442 6
3225 3387 3596 3452 ἀποστολικὸς,
3628 3389 3652 3442 5

2070 3483 2157 3535 διὰ
2177 3482 2286 3536 τῶν
2306 3481 2613 3552 ἔμπροσθεν
2631 3480 2884 3552 εἰρηκώς·
2910 3500 2928 3532 ι
2951 3480 3278 3544 Ἀλαλάξατε
3294 3479 3371 3550 τῷ
3386 3479 3524 3549 Θεῷ,
3550 3480 3655 3533 πᾶ·

2073 3591 2139 3626 σα
2154 3577 2185 3644 ἡ
2203 3573 2275 3644 γῆ
2293 3591 2306 3604 ο
2322 3593 2339 3624 »
2370 3574 2462 3626 καὶ
2483 3569 2639 3637 αὖθις
2655 3590 2668 3603 ο
2695 3592 2712 3623 ι
2737 3574 2940 3642 Πᾶσαή
2962 3572 3034 3642 γῆ
3052 3573 3583 3643 προσκυνησάτωσαν
3599 3587 3647 3622 ον

2071 3666 2164 3719 καὶ
2191 3665 2368 3719 πάλιψ
2401 3684 2417 3716 ι
2444 3665 2755 3732 Εὐλογεῖτε,
2777 3663 2926 3735 ἔθνη,
2947 3664 3037 3717 τὸν
3061 3664 3192 3718 Θεὸν
3219 3663 3376 3735 ἡμῶν
3396 3682 3408 3695 ·
3439 3683 3456 3715 »
3482 3664 3574 3717 καὶ
3597 3665 3654 3716 ἐν

2071 3755 2146 3827 τῷ
2176 3757 2314 3827 μετά
2343 3759 2528 3828 χεῖρας
2557 3756 2775 3827 ὁμοίως,
2801 3756 2962 3828 ὁρῶν,
2981 3756 3062 3809 ὅτι
3091 3755 3292 3826 πολλῆς
3323 3755 3493 3809 δεῖται
3530 3771 3657 3807 συν-

2070 3849 2257 3921 εργίας
2286 3849 2418 3903 Θεοῦ
2453 3851 2533 3913 είς
2574 3848 2911 3921 κατόρθωσιν
2951 3848 3043 3902 τοῦ
3094 3848 3446 3916 εὐαγγελικοῦ
3482 3847 3656 3918 κηρύ-

2070 3957 2298 4009 γματος,
2317 3939 2506 4012 ῶσπερ
2528 3941 2844 4013 κατεπᾴδων
2868 3939 3041 4010 ἐαυτῷ
3061 3940 3127 3993 δι’
3149 3939 3314 4008 εὐχῆς
3336 3953 3497 4006 φησιν
3513 3954 3526 3966 ο
3556 3956 3574 3988 ι
3599 3938 3654 3988 Ὁ

2068 4032 2198 4095 Θεὸς
2218 4034 2557 4105 οῖκτειρήσαι
2580 4035 2727 4104 ἡμᾶς
2749 4035 2842 4086 καὶ
2871 4033 3158 4101 εὐλογῆσαι
3187 4031 3364 4098 ἡμᾶς,
3393 4026 3653 4094 ἐπιφᾶναι

2066 4123 2128 4175 τὸ
2160 4122 2452 4193 πρόσωπον
2479 4123 2644 4177 αὐτοῦ
2690 4125 2775 4190 ἐφ’
2807 4123 2954 4192 ἡμᾶς
2979 4161 2994 4184 ,
3026 4120 3120 4172 καὶ
3167 4117 3385 4187 ἐλεῆσαι
3438 4117 3601 4186 ἡμᾶς.
3628 4135 3645 4166 »

2081 4213 2269 4283 Ἡμεῖς
2304 4213 2402 4284 μὲν
2435 4213 2543 4284 γὰρ
2572 4213 2795 4275 ἑαυτοὺς
2835 4211 2897 4262 τὸ
2933 4209 3101 4280 μηθὲν
3141 4203 3279 4261 εἶναί
3312 4225 3521 4279 φαμεν,
3558 4209 3652 4261 καὶ

2067 4305 2128 4358 τὸ
2166 4307 2330 4378 μηδὲν
2355 4305 2610 4360 δύνασθαι
2635 4301 3039 4372 ὁμολογοῦμεν,
3073 4301 3306 4366 εὐτελεῖς
3357 4302 3508 4365 ὄντες
3557 4303 3652 4356 καὶ

2072 4398 2279 4453 ίδιῶται
2301 4439 2316 4462 ,
2349 4396 2580 4468 πένητές
2606 4413 2666 4449 τε
2701 4396 2795 4448 καὶ
2828 4393 3044 4447 πάντων
3072 4395 3288 4466 ἔσχατοι
3315 4394 3613 4467 ἀνθρώπων
3633 4411 3646 4425 ·

384 4486 479 4556 qui
516 4501 616 4541 nos
647 4487 699 4540 in
732 4487 924 4542 salutis
955 4487 1196 4557 gentium
1223 4488 1506 4545 ministros
1539 4488 1764 4560 adlegit,
1791 4491 1966 4559 primo

2073 4490 2229 4554 αὐτὸς
2247 4490 2303 4543 δὲ
2322 4491 2349 4542 6
2365 4489 2494 4551 Θεὸς
2516 4485 2800 4558 βουληθεὶς
2822 4488 2968 4558 ἡμᾶς
2986 4487 3263 4558 ὑπηρέτας
3282 4486 3533 4556 γενέσθαι
3553 4488 3652 4557 τῆς

385 4577 604 4646 quidem
655 4576 985 4632 misereatur
1015 4579 1213 4642 nostri,
1253 4589 1455 4634 nostrae
1486 4580 1699 4636 scilicet
1728 4581 1962 4636 infirmi-

2073 4582 2174 4636 τῶν
2193 4579 2362 4634 ἐθνῶν
2385 4580 2676 4652 σωτηρίας,
2703 4578 2920 4650 πρῶτον
2949 4579 3046 4650 μὲν
3069 4581 3459 4651 οίκτειρήσειεν
3483 4581 3514 4650 ὴ
3523 4580 3648 4648 μᾶς,

383 4669 514 4722 tatis
568 4668 1050 4724 commiseratione
1100 4677 1426 4738 moveatur;
1479 4671 1678 4727 deinde
1747 4672 1956 4743 aliquid

2073 4667 2246 4724 οἶκτον
2273 4668 2430 4740 ἡμῶν
2459 4667 2636 4721 λαϐὼν
2663 4669 2762 4739 τῆς
2789 4669 3072 4735 ἀσθενείας
3093 4687 3107 4700 '
3162 4667 3279 4723 εἶτα
3308 4670 3568 4740 προσθείη
3597 4686 3651 4723 τι

387 4759 609 4828 adjiciat
635 4761 782 4831 quod
810 4761 1128 4818 confortare
1169 4764 1374 4830 valeat;
1417 4763 1473 4820 id
1503 4772 1606 4826 est,
1653 4773 1710 4820 ut
1741 4765 1961 4821 benedi-

385 4859 475 4905 cat
503 4851 682 4916 nobis,
715 4853 1098 4910 benedictione
1129 4869 1261 4910 sane
1305 4855 1608 4926 spirituali;
1665 4872 1774 4927 quo
1812 4857 1960 4912 illius

384 4943 557 5014 gratia
609 4943 662 4997 in
690 4959 791 5000 nos
820 4946 1133 5016 impleatur,
1164 4953 1224 5000 ut
1253 4961 1350 5017 par
1380 4955 1484 5013 est,
1517 4948 1833 5018 hujusmodi
1864 4948 1959 5002 be-

381 5037 658 5098 nedictio:
728 5055 746 5086 ι
770 5037 1031 5105 Crescite,
1069 5049 1123 5094 et
1154 5039 1621 5108 multiplicamini,
1670 5050 1723 5094 et
1756 5040 1961 5108 replete

381 5136 607 5192 terram,
631 5135 687 5184 et
709 5129 1066 5186 dominamini
1095 5131 1359 5188 illiuss’.»
1405 5131 1532 5186 Haec
1557 5131 1703 5186 enim
1734 5147 1765 5185 a
1798 5131 1957 5200 prin--

382 5222 524 5292 cipio
555 5223 610 5276 in
640 5222 829 5277 mundi
871 5233 1061 5278 exortu
1097 5225 1243 5279 dicta
1293 5235 1456 5281 sunt:
1489 5241 1611 5295 quae
1642 5222 1815 5278 Judaei
1847 5239 1956 5278 non

383 5315 490 5369 alio
527 5331 693 5385 quam
750 5331 1019 5386 corporeo
1065 5333 1241 5382 more,
1297 5333 1394 5389 per
1441 5316 1956 5388 multiplicationem

380 5404 602 5476 impleta
650 5415 868 5478 putant.
906 5407 1018 5466 Nos
1064 5416 1245 5465 autem
1296 5409 1450 5479 gnari
1504 5409 1701 5462 anima:
1740 5423 1957 5479 quoque

379 5499 591 5568 prolem
625 5515 750 5555 esse
827 5509 992 5570 atque
1037 5500 1343 5570 discipulos
1393 5517 1515 5558 esse
1564 5501 1956 5570 magistrorum

383 5589 546 5651 filios,
586 5589 900 5658 hujusmodi
941 5592 1383 5648 benedictionem
1434 5593 1698 5662 consequi
1761 5606 1956 5662 preca-

391 5695 535 5743 mur,
565 5690 624 5734 ut
664 5697 978 5740 crescamus
1030 5697 1084 5740 et
1140 5685 1570 5754 multiplicemur
1608 5683 1960 5739 multitudine

457 5856 505 5893 "
527 5855 672 5914 Psal.
701 5872 823 5919 va,
852 5859 902 5915 l.
979 5863 1023 5895 "
1049 5863 1178 5916 ibid.
1220 5863 1268 5916 ί..

2067 4761 2128 4813 τὸ
2153 4759 2448 4830 δυνάμενον
2477 4761 2622 4830 ἡμᾶς
2643 4759 2959 4832 δυναμῶσαι
2984 4777 2996 4790 ·
3045 4760 3205 4815 τοῦτο
3233 4762 3289 4815 δὲ
3311 4758 3377 4832 ἦν
3406 4762 3465 4814 τὸ
3496 4761 3649 4815 εὐλο-

2065 4853 2232 4922 γῆσαι
2263 4853 2442 4923 ἡμᾶς·
2495 4852 2715 4924 εὐλογίᾳ
2742 4853 2806 4925 δὴ
2838 4857 3176 4925 πνευματικῇ
3203 4895 3218 4919 ,
3254 4855 3328 4918 ὡς
3355 4854 3420 4908 ἂν
3450 4855 3544 4907 καὶ
3571 4855 3651 4918 είς

2071 4945 2218 5015 ἡμᾶς
2253 4944 2567 5017 πληρωθείη
2623 4947 2944 5018 πρεπόντως
2973 4951 3038 5019 τῇ
3073 4947 3235 5001 αὐτοῦ
3267 4947 3449 5018 χάριτι
3480 4949 3513 5018 ἡ
3551 4946 3652 5016 φά-

2071 5050 2275 5088 σκουσα
2330 5035 2545 5105 εὐλογία
2570 5049 2584 5064 ⁸
2639 5056 2657 5087 ι
2685 5036 2988 5101 Αὐξάνεσθε
3012 5038 3106 5092 καὶ
3151 5037 3517 5110 πληθύνεσθε,
3559 5037 3652 5090 καὶ
3733 5047 3736 5049 “

2069 5127 2390 5199 πληρώσατε
2410 5128 2507 5201 τὴν
2531 5129 2652 5200 γῆν,
2680 5131 2773 5184 καὶ
2798 5131 3262 5202 κατακυριεύσατε
3287 5131 3474 5203 αὐτῆς.
3490 5129 3652 5182 »Ταῦ-

2065 5236 2131 5272 τα
2164 5221 2262 5290 μὲν
2284 5222 2390 5294 γὰρ
2415 5222 2507 5276 καὶ
2530 5223 2697 5276 πάλαι
2719 5223 2836 5275 κατ’
2864 5223 3037 5294 ἀρχὰς
3059 5225 3151 5276 ἐπὶ
3174 5224 3270 5294 τῆς
3295 5221 3650 5293 κοσμοποιίας

2065 5312 2281 5384 εἴρητο·
2318 5315 2578 5387 ἐνομίσθη
2611 5333 2670 5368 τε
2711 5317 2985 5379 Ἰουδαίοις
3009 5316 3109 5368 οὐκ
3141 5314 3315 5378 ἄλλως
3345 5314 3377 5383 ἢ
3408 5330 3648 5383 σωματι-

2065 5405 2176 5469 κῶς
2206 5407 2380 5477 μόνως
2403 5407 2493 5461 διὰ
2522 5408 2623 5478 τῆς
2649 5409 2998 5471 πολυτελείας
3029 5407 3387 5478 πληροῦσθαι.
3459 5407 3647 5475 Ἡμεῖς

2064 5496 2142 5560 δὲ,
2176 5497 2395 5563 εἰδότες,
2421 5499 2496 5562 ὡς
2516 5499 2630 5555 ἔστι
2658 5501 2752 5554 καὶ
2779 5500 2957 5570 ψυχῆς
2982 5499 3201 5568 ἔκγονα,
3227 5496 3562 5551 διδασκάλων
3586 5511 3645 5548 τε

2068 5589 2253 5652 παῖδες
2290 5592 2338 5643 οἱ
2376 5591 2800 5662 μαθητευόμενοι
2826 5632 2840 5656 ,
2880 5591 3136 5662 τοιαύτης
3181 5589 3435 5660 ἀξιοῦμεν
3463 5589 3645 5657 τυχεῖν

2067 5681 2313 5750 εὐλογίας
2334 5722 2348 5748 ,
2365 5683 2440 5746 ὡς
2465 5683 2530 5738 ἀν
2551 5683 2808 5757 αὐξηθείη
2818 5703 2914 5756 μεν
2939 5683 3033 5737 καὶ
3058 5681 3386 5754 πληθυνθείη
3395 5698 3492 5754 μεν
3509 5680 3644 5750 πλή-

1427 5865 1470 5896 ⁸⁶
1498 5863 1628 5920 ibid.
1655 5862 1708 5919 8.
1787 5863 1832 5903 ⁸⁷
1861 5864 1996 5919 Gen.
2033 5880 2070 5930 ι,
2107 5862 2201 5918 ‘28.
