  <div class='ocr_page' id='page_1' title='image "/cluster/home/n/w/nwhite01/storage/ocr_20150623/23:no.5/coo.31924054873033/352.png"; bbox 0 0 4090 6396; ppageno 0'>
   <div class='ocr_carea' id='block_1_1' title="bbox 453 343 558 398">
    <p class='ocr_par' dir='ltr' id='par_1_1' title="bbox 453 343 558 398">
     <span class='ocr_line' id='line_1_1' title="bbox 453 343 558 398; baseline 0.019 -3"><span class='ocrx_word' id='word_1_1' title='bbox 453 343 558 398; x_wconf 73' lang='lat'><strong>673</strong></span> 
     </span>
    </p>
   </div>
   <div class='ocr_carea' id='block_1_2' title="bbox 1555 331 2550 392">
    <p class='ocr_par' dir='ltr' id='par_1_2' title="bbox 1555 331 2550 392">
     <span class='ocr_line' id='line_1_2' title="bbox 1555 331 2550 392; baseline -0.006 -1"><span class='ocrx_word' id='word_1_2' title='bbox 1555 333 2062 392; x_wconf 72' lang='lat' dir='ltr'><strong>LOMMENTARIA</strong></span> <span class='ocrx_word' id='word_1_3' title='bbox 2103 333 2170 388; x_wconf 88' lang='lat' dir='ltr'><strong>IN</strong></span> <span class='ocrx_word' id='word_1_4' title='bbox 2208 331 2550 390; x_wconf 77' lang='lat' dir='ltr'><strong>PSALMOS.</strong></span> 
     </span>
    </p>
   </div>
   <div class='ocr_carea' id='block_1_3' title="bbox 3603 336 3702 394">
    <p class='ocr_par' dir='ltr' id='par_1_3' title="bbox 3603 336 3702 394">
     <span class='ocr_line' id='line_1_3' title="bbox 3603 336 3702 394; baseline 0.04 -5"><span class='ocrx_word' id='word_1_5' title='bbox 3603 336 3702 394; x_wconf 67' lang='lat'><em>676</em></span> 
     </span>
    </p>
   </div>
   <div class='ocr_carea' id='block_1_4' title="bbox 455 449 2026 530">
    <p class='ocr_par' dir='ltr' id='par_1_4' title="bbox 455 452 2026 530">
     <span class='ocr_line' id='line_1_4' title="bbox 455 452 2026 530; baseline -0.004 -16"><span class='ocrx_word' id='word_1_6' title='bbox 455 461 538 514; x_wconf 87' lang='grc' dir='ltr'><strong>θει</strong></span> <span class='ocrx_word' id='word_1_7' title='bbox 559 458 668 512; x_wconf 91' lang='grc' dir='ltr'><strong>τῶν</strong></span> <span class='ocrx_word' id='word_1_8' title='bbox 691 463 1142 530; x_wconf 73' lang='grc' dir='ltr'>μριθητευομενων</span> <span class='ocrx_word' id='word_1_9' title='bbox 1161 495 1175 519; x_wconf 94' lang='grc'><strong>,</strong></span> <span class='ocrx_word' id='word_1_10' title='bbox 1201 452 1428 525; x_wconf 84' lang='grc' dir='ltr'><strong>μυριάσι</strong></span> <span class='ocrx_word' id='word_1_11' title='bbox 1449 471 1508 506; x_wconf 89' lang='grc' dir='ltr'><strong>τε</strong></span> <span class='ocrx_word' id='word_1_12' title='bbox 1529 453 1637 507; x_wconf 90' lang='grc' dir='ltr'><strong>τῶν</strong></span> <span class='ocrx_word' id='word_1_13' title='bbox 1657 454 1723 507; x_wconf 78' lang='grc' dir='ltr'>δι’</span> <span class='ocrx_word' id='word_1_14' title='bbox 1747 453 1902 526; x_wconf 77' lang='grc' dir='ltr'>ἡμῶν</span> <span class='ocrx_word' id='word_1_15' title='bbox 1931 470 2026 508; x_wconf 89' lang='grc' dir='ltr'>σω-</span> 
     </span>
    </p>
   </div>
   <div class='ocr_carea' id='block_1_5' title="bbox 2128 449 3706 530">
    <p class='ocr_par' dir='ltr' id='par_1_5' title="bbox 2137 449 3706 522">
     <span class='ocr_line' id='line_1_5' title="bbox 2137 449 3706 522; baseline -0.001 -16"><span class='ocrx_word' id='word_1_16' title='bbox 2137 452 2552 518; x_wconf 88' lang='lat' dir='ltr'><strong>discipulorum,</strong></span> <span class='ocrx_word' id='word_1_17' title='bbox 2570 459 2734 521; x_wconf 90' lang='lat' dir='ltr'><strong>atque</strong></span> <span class='ocrx_word' id='word_1_18' title='bbox 2749 449 2962 504; x_wconf 78' lang='lat' dir='ltr'><strong>infinito</strong></span> <span class='ocrx_word' id='word_1_19' title='bbox 2981 465 3170 505; x_wconf 90' lang='lat' dir='ltr'><strong>eorum</strong></span> <span class='ocrx_word' id='word_1_20' title='bbox 3189 452 3281 521; x_wconf 88' lang='lat' dir='ltr'><strong>qui</strong></span> <span class='ocrx_word' id='word_1_21' title='bbox 3307 466 3402 522; x_wconf 88' lang='lat' dir='ltr'><strong>per</strong></span> <span class='ocrx_word' id='word_1_22' title='bbox 3432 465 3533 507; x_wconf 87' lang='lat' dir='ltr'><strong>nos</strong></span> <span class='ocrx_word' id='word_1_23' title='bbox 3557 453 3706 508; x_wconf 90' lang='lat' dir='ltr'><strong>salu-</strong></span> 
     </span>
    </p>
   </div>
   <div class='ocr_carea' id='block_1_6' title="bbox 455 543 2027 622">
    <p class='ocr_par' dir='ltr' id='par_1_6' title="bbox 455 543 2027 622">
     <span class='ocr_line' id='line_1_6' title="bbox 455 543 2027 622; baseline -0.006 -17"><span class='ocrx_word' id='word_1_24' title='bbox 455 550 695 622; x_wconf 84' lang='grc' dir='ltr'>ζομένων</span> <span class='ocrx_word' id='word_1_25' title='bbox 715 589 729 611; x_wconf 91' lang='grc'><strong>,</strong></span> <span class='ocrx_word' id='word_1_26' title='bbox 757 547 832 610; x_wconf 85' lang='grc' dir='ltr'>ὡς</span> <span class='ocrx_word' id='word_1_27' title='bbox 857 546 922 600; x_wconf 79' lang='grc' dir='ltr'><strong>ἂν</strong></span> <span class='ocrx_word' id='word_1_28' title='bbox 957 547 1131 604; x_wconf 84' lang='grc' dir='ltr'>εἰπεῖν</span> <span class='ocrx_word' id='word_1_29' title='bbox 1149 561 1162 575; x_wconf 87' lang='grc'><strong>·</strong></span> <span class='ocrx_word' id='word_1_30' title='bbox 1209 563 1226 594; x_wconf 82' lang='grc' dir='ltr'><strong>ι</strong></span> <span class='ocrx_word' id='word_1_31' title='bbox 1252 543 1557 615; x_wconf 78' lang='grc' dir='ltr'><strong>Εὐλογητὸς</strong></span> <span class='ocrx_word' id='word_1_32' title='bbox 1595 546 1623 596; x_wconf 99' lang='lat'><strong>6</strong></span> <span class='ocrx_word' id='word_1_33' title='bbox 1648 543 1782 607; x_wconf 82' lang='grc' dir='ltr'><strong>Θεὸς</strong></span> <span class='ocrx_word' id='word_1_34' title='bbox 1813 547 1841 596; x_wconf 92' lang='lat'><strong>6</strong></span> <span class='ocrx_word' id='word_1_35' title='bbox 1880 543 2027 596; x_wconf 90' lang='grc' dir='ltr'>εὐλο-</span> 
     </span>
    </p>
   </div>
   <div class='ocr_carea' id='block_1_7' title="bbox 453 633 2030 713">
    <p class='ocr_par' dir='ltr' id='par_1_7' title="bbox 453 633 2030 713">
     <span class='ocr_line' id='line_1_7' title="bbox 453 633 2030 713; baseline -0.006 -19"><span class='ocrx_word' id='word_1_36' title='bbox 453 643 630 713; x_wconf 81' lang='grc' dir='ltr'><strong>γήσας</strong></span> <span class='ocrx_word' id='word_1_37' title='bbox 651 639 795 711; x_wconf 85' lang='grc' dir='ltr'>ήμᾶς</span> <span class='ocrx_word' id='word_1_38' title='bbox 815 639 870 689; x_wconf 84' lang='grc' dir='ltr'><strong>ἐν</strong></span> <span class='ocrx_word' id='word_1_39' title='bbox 888 635 1034 706; x_wconf 80' lang='grc' dir='ltr'>πάσῃ</span> <span class='ocrx_word' id='word_1_40' title='bbox 1065 633 1281 705; x_wconf 79' lang='grc' dir='ltr'><strong>εὐλογίᾳ</strong></span> <span class='ocrx_word' id='word_1_41' title='bbox 1295 634 1636 703; x_wconf 81' lang='grc' dir='ltr'>πνευματικῇ</span> <span class='ocrx_word' id='word_1_42' title='bbox 1659 634 1714 684; x_wconf 85' lang='grc' dir='ltr'><strong>ἐν</strong></span> <span class='ocrx_word' id='word_1_43' title='bbox 1729 635 1840 696; x_wconf 84' lang='grc' dir='ltr'>τοῖς</span> <span class='ocrx_word' id='word_1_44' title='bbox 1869 635 2030 686; x_wconf 82' lang='grc' dir='ltr'>ἐπου-</span> 
     </span>
    </p>
   </div>
   <div class='ocr_carea' id='block_1_8' title="bbox 458 721 2027 805">
    <p class='ocr_par' dir='ltr' id='par_1_8' title="bbox 458 721 2027 805">
     <span class='ocr_line' id='line_1_8' title="bbox 458 721 2027 805; baseline -0.004 -19"><span class='ocrx_word' id='word_1_45' title='bbox 458 732 660 805; x_wconf 88' lang='grc' dir='ltr'>ρανίοις</span> <span class='ocrx_word' id='word_1_46' title='bbox 690 733 747 784; x_wconf 92' lang='grc' dir='ltr'><strong>ἐν</strong></span> <span class='ocrx_word' id='word_1_47' title='bbox 779 726 1018 800; x_wconf 81' lang='grc' dir='ltr'>Χριστῷ.</span> <span class='ocrx_word' id='word_1_48' title='bbox 1053 745 1070 776; x_wconf 76' lang='grc' dir='ltr'><strong>ι</strong></span> <span class='ocrx_word' id='word_1_49' title='bbox 1101 725 1285 789; x_wconf 86' lang='grc' dir='ltr'>Οὐτως</span> <span class='ocrx_word' id='word_1_50' title='bbox 1327 721 1420 779; x_wconf 80' lang='grc' dir='ltr'><strong>οὖν</strong></span> <span class='ocrx_word' id='word_1_51' title='bbox 1459 726 1488 777; x_wconf 89' lang='lat'><strong>6</strong></span> <span class='ocrx_word' id='word_1_52' title='bbox 1519 724 1650 788; x_wconf 84' lang='grc' dir='ltr'>Θεὸς</span> <span class='ocrx_word' id='word_1_53' title='bbox 1694 726 2027 796; x_wconf 84' lang='grc' dir='ltr'>οίκτειρήσαι</span> 
     </span>
    </p>
   </div>
   <div class='ocr_carea' id='block_1_9' title="bbox 456 819 2024 895">
    <p class='ocr_par' dir='ltr' id='par_1_9' title="bbox 456 819 2024 895">
     <span class='ocr_line' id='line_1_9' title="bbox 456 819 2024 895; baseline -0.003 -20"><span class='ocrx_word' id='word_1_54' title='bbox 456 827 601 895; x_wconf 77' lang='grc' dir='ltr'>ἡμᾶς</span> <span class='ocrx_word' id='word_1_55' title='bbox 644 823 926 894; x_wconf 87' lang='grc' dir='ltr'>πρότερον,</span> <span class='ocrx_word' id='word_1_56' title='bbox 967 819 1066 876; x_wconf 76' lang='grc' dir='ltr'>εἶτ’</span> <span class='ocrx_word' id='word_1_57' title='bbox 1110 821 1456 891; x_wconf 83' lang='grc' dir='ltr'>οἰκτειρήσας</span> <span class='ocrx_word' id='word_1_58' title='bbox 1508 819 1804 890; x_wconf 88' lang='grc' dir='ltr'>εὐλογήσαι</span> <span class='ocrx_word' id='word_1_59' title='bbox 1856 819 2024 890; x_wconf 82' lang='grc' dir='ltr'>ἡμᾶς.</span> 
     </span>
    </p>
   </div>
   <div class='ocr_carea' id='block_1_10' title="bbox 456 909 2029 982">
    <p class='ocr_par' dir='ltr' id='par_1_10' title="bbox 456 909 2029 982">
     <span class='ocr_line' id='line_1_10' title="bbox 456 909 2029 982; baseline -0.004 -15"><span class='ocrx_word' id='word_1_60' title='bbox 456 912 624 967; x_wconf 88' lang='grc' dir='ltr'>Τοῦτο</span> <span class='ocrx_word' id='word_1_61' title='bbox 653 913 709 968; x_wconf 87' lang='grc' dir='ltr'>δὲ</span> <span class='ocrx_word' id='word_1_62' title='bbox 741 913 839 966; x_wconf 92' lang='grc' dir='ltr'><strong>οὐκ</strong></span> <span class='ocrx_word' id='word_1_63' title='bbox 870 913 1042 976; x_wconf 79' lang='grc' dir='ltr'>ἄλλως</span> <span class='ocrx_word' id='word_1_64' title='bbox 1065 911 1236 976; x_wconf 79' lang='grc' dir='ltr'>ἔσται,</span> <span class='ocrx_word' id='word_1_65' title='bbox 1265 913 1312 964; x_wconf 81' lang='grc' dir='ltr'><strong>εί</strong></span> <span class='ocrx_word' id='word_1_66' title='bbox 1348 911 1422 982; x_wconf 82' lang='grc' dir='ltr'>μὴ</span> <span class='ocrx_word' id='word_1_67' title='bbox 1449 911 1707 979; x_wconf 77' lang='grc' dir='ltr'>ἐπιφᾶναι</span> <span class='ocrx_word' id='word_1_68' title='bbox 1759 910 1818 962; x_wconf 91' lang='grc' dir='ltr'><strong>τὸ</strong></span> <span class='ocrx_word' id='word_1_69' title='bbox 1863 909 2029 981; x_wconf 90' lang='grc' dir='ltr'>πρόσ-</span> 
     </span>
    </p>
   </div>
   <div class='ocr_carea' id='block_1_11' title="bbox 461 1003 2029 1076">
    <p class='ocr_par' dir='ltr' id='par_1_11' title="bbox 461 1003 2029 1076">
     <span class='ocr_line' id='line_1_11' title="bbox 461 1003 2029 1076; baseline -0.004 -17"><span class='ocrx_word' id='word_1_70' title='bbox 461 1023 601 1060; x_wconf 59' lang='grc' dir='ltr'>ωπον</span> <span class='ocrx_word' id='word_1_71' title='bbox 633 1005 796 1058; x_wconf 87' lang='grc' dir='ltr'>αὐτοῦ</span> <span class='ocrx_word' id='word_1_72' title='bbox 819 1006 902 1075; x_wconf 83' lang='grc' dir='ltr'>ἐφ’</span> <span class='ocrx_word' id='word_1_73' title='bbox 933 1006 1100 1076; x_wconf 79' lang='grc' dir='ltr'>ἡμᾶς,</span> <span class='ocrx_word' id='word_1_74' title='bbox 1127 1003 1263 1056; x_wconf 82' lang='grc' dir='ltr'>ὥστε</span> <span class='ocrx_word' id='word_1_75' title='bbox 1293 1003 1386 1055; x_wconf 77' lang='grc' dir='ltr'>καὶ</span> <span class='ocrx_word' id='word_1_76' title='bbox 1413 1005 1560 1074; x_wconf 78' lang='grc' dir='ltr'>ἡμᾶς</span> <span class='ocrx_word' id='word_1_77' title='bbox 1585 1004 1758 1055; x_wconf 78' lang='grc' dir='ltr'>εἰπεῖν</span> <span class='ocrx_word' id='word_1_78' title='bbox 1777 1019 1790 1032; x_wconf 87' lang='grc'>·</span> <span class='ocrx_word' id='word_1_79' title='bbox 1833 1021 1850 1052; x_wconf 79' lang='grc' dir='ltr'><strong>ι</strong></span> <span class='ocrx_word' id='word_1_80' title='bbox 1875 1003 2029 1073; x_wconf 84' lang='grc' dir='ltr'>Ἑση-</span> 
     </span>
    </p>
   </div>
   <div class='ocr_carea' id='block_1_12' title="bbox 461 1094 2020 1169">
    <p class='ocr_par' dir='ltr' id='par_1_12' title="bbox 461 1094 2020 1169">
     <span class='ocr_line' id='line_1_12' title="bbox 461 1094 2020 1169; baseline -0.004 -18"><span class='ocrx_word' id='word_1_81' title='bbox 461 1097 660 1169; x_wconf 79' lang='grc' dir='ltr'>μειώθη</span> <span class='ocrx_word' id='word_1_82' title='bbox 691 1099 936 1169; x_wconf 84' lang='grc' dir='ltr'>ἐφ’ήμᾶς</span> <span class='ocrx_word' id='word_1_83' title='bbox 956 1097 1016 1150; x_wconf 93' lang='grc' dir='ltr'><strong>τὸ</strong></span> <span class='ocrx_word' id='word_1_84' title='bbox 1046 1095 1160 1166; x_wconf 76' lang='grc' dir='ltr'><strong>φῶς</strong></span> <span class='ocrx_word' id='word_1_85' title='bbox 1189 1094 1281 1148; x_wconf 87' lang='grc' dir='ltr'><strong>τοῦ</strong></span> <span class='ocrx_word' id='word_1_86' title='bbox 1310 1095 1601 1167; x_wconf 83' lang='grc' dir='ltr'>προσώπου</span> <span class='ocrx_word' id='word_1_87' title='bbox 1635 1112 1752 1159; x_wconf 90' lang='grc' dir='ltr'>σου,</span> <span class='ocrx_word' id='word_1_88' title='bbox 1781 1094 1974 1166; x_wconf 85' lang='grc' dir='ltr'>Κύριε.</span> <span class='ocrx_word' id='word_1_89' title='bbox 2003 1113 2020 1144; x_wconf 76' lang='grc' dir='ltr'><strong>ι</strong></span> 
     </span>
    </p>
   </div>
   <div class='ocr_carea' id='block_1_13' title="bbox 463 1183 2026 1257">
    <p class='ocr_par' dir='ltr' id='par_1_13' title="bbox 463 1183 2026 1257">
     <span class='ocr_line' id='line_1_13' title="bbox 463 1183 2026 1257; baseline -0.004 -14"><span class='ocrx_word' id='word_1_90' title='bbox 463 1189 526 1244; x_wconf 84' lang='grc' dir='ltr'>Γὸ</span> <span class='ocrx_word' id='word_1_91' title='bbox 569 1189 627 1242; x_wconf 83' lang='grc' dir='ltr'>δὲ</span> <span class='ocrx_word' id='word_1_92' title='bbox 672 1189 1051 1257; x_wconf 73' lang='grc' dir='ltr'>ἐπιλεγόμενον</span> <span class='ocrx_word' id='word_1_93' title='bbox 1089 1186 1235 1252; x_wconf 72' lang='grc' dir='ltr'>ἑξῆς,</span> <span class='ocrx_word' id='word_1_94' title='bbox 1270 1205 1288 1232; x_wconf 77' lang='grc' dir='ltr'><strong>ι</strong></span> <span class='ocrx_word' id='word_1_95' title='bbox 1318 1187 1410 1239; x_wconf 75' lang='grc' dir='ltr'>καὶ</span> <span class='ocrx_word' id='word_1_96' title='bbox 1446 1185 1666 1256; x_wconf 88' lang='grc' dir='ltr'>ἐλεήσαι</span> <span class='ocrx_word' id='word_1_97' title='bbox 1705 1187 1874 1256; x_wconf 80' lang='grc' dir='ltr'>ἡμᾶς,</span> <span class='ocrx_word' id='word_1_98' title='bbox 1902 1204 1920 1236; x_wconf 83' lang='grc'><strong>›</strong></span> <span class='ocrx_word' id='word_1_99' title='bbox 1954 1183 2026 1256; x_wconf 84' lang='grc' dir='ltr'>μὴ</span> 
     </span>
    </p>
   </div>
   <div class='ocr_carea' id='block_1_14' title="bbox 460 1277 2027 1352">
    <p class='ocr_par' dir='ltr' id='par_1_14' title="bbox 460 1277 2027 1352">
     <span class='ocr_line' id='line_1_14' title="bbox 460 1277 2027 1352; baseline -0.002 -19"><span class='ocrx_word' id='word_1_100' title='bbox 460 1281 702 1352; x_wconf 72' lang='grc' dir='ltr'>ιείμενον</span> <span class='ocrx_word' id='word_1_101' title='bbox 750 1283 882 1352; x_wconf 88' lang='grc' dir='ltr'>μήτε</span> <span class='ocrx_word' id='word_1_102' title='bbox 923 1281 980 1333; x_wconf 87' lang='grc' dir='ltr'><strong>ἐν</strong></span> <span class='ocrx_word' id='word_1_103' title='bbox 1023 1279 1102 1351; x_wconf 82' lang='grc' dir='ltr'>τῷ</span> <span class='ocrx_word' id='word_1_104' title='bbox 1147 1279 1438 1352; x_wconf 78' lang='grc' dir='ltr'>Ἑϐραῖκῷ,</span> <span class='ocrx_word' id='word_1_105' title='bbox 1487 1280 1624 1350; x_wconf 89' lang='grc' dir='ltr'>μήτε</span> <span class='ocrx_word' id='word_1_106' title='bbox 1674 1279 1731 1331; x_wconf 87' lang='grc' dir='ltr'><strong>ἐν</strong></span> <span class='ocrx_word' id='word_1_107' title='bbox 1773 1281 1884 1341; x_wconf 85' lang='grc' dir='ltr'>τοῖς</span> <span class='ocrx_word' id='word_1_108' title='bbox 1919 1277 2027 1331; x_wconf 86' lang='grc' dir='ltr'>λοι-</span> 
     </span>
    </p>
   </div>
   <div class='ocr_carea' id='block_1_15' title="bbox 460 1371 2027 1446">
    <p class='ocr_par' dir='ltr' id='par_1_15' title="bbox 460 1371 2027 1446">
     <span class='ocr_line' id='line_1_15' title="bbox 460 1371 2027 1446; baseline -0.001 -20"><span class='ocrx_word' id='word_1_109' title='bbox 460 1376 575 1437; x_wconf 81' lang='grc' dir='ltr'>ποῖς</span> <span class='ocrx_word' id='word_1_110' title='bbox 627 1375 1006 1446; x_wconf 86' lang='grc' dir='ltr'>ἐρμηνευταῖς,</span> <span class='ocrx_word' id='word_1_111' title='bbox 1067 1375 1380 1443; x_wconf 80' lang='grc' dir='ltr'>ἀναγκαίως</span> <span class='ocrx_word' id='word_1_112' title='bbox 1435 1372 1740 1426; x_wconf 76' lang='grc' dir='ltr'>ώὸέλισται.</span> <span class='ocrx_word' id='word_1_113' title='bbox 1798 1371 1916 1424; x_wconf 86' lang='grc' dir='ltr'>Τῶν</span> <span class='ocrx_word' id='word_1_114' title='bbox 1970 1371 2027 1425; x_wconf 83' lang='grc' dir='ltr'>δὲ</span> 
     </span>
    </p>
   </div>
   <div class='ocr_carea' id='block_1_16' title="bbox 459 1463 2026 1537">
    <p class='ocr_par' dir='ltr' id='par_1_16' title="bbox 459 1463 2026 1537">
     <span class='ocr_line' id='line_1_16' title="bbox 459 1463 2026 1537; baseline -0.001 -19"><span class='ocrx_word' id='word_1_115' title='bbox 459 1466 856 1537; x_wconf 84' lang='grc' dir='ltr'>προλεχθέντων</span> <span class='ocrx_word' id='word_1_116' title='bbox 905 1466 1172 1536; x_wconf 81' lang='grc' dir='ltr'>εὐχόμεθα</span> <span class='ocrx_word' id='word_1_117' title='bbox 1209 1469 1410 1537; x_wconf 83' lang='grc' dir='ltr'>τυχεῖν,</span> <span class='ocrx_word' id='word_1_118' title='bbox 1455 1466 1539 1518; x_wconf 80' lang='grc' dir='ltr'><strong>ἵνα</strong></span> <span class='ocrx_word' id='word_1_119' title='bbox 1580 1463 1894 1536; x_wconf 82' lang='grc' dir='ltr'>δυνηθῶμεν</span> <span class='ocrx_word' id='word_1_120' title='bbox 1929 1464 2026 1534; x_wconf 80' lang='grc' dir='ltr'><strong>τὴν</strong></span> 
     </span>
    </p>
   </div>
   <div class='ocr_carea' id='block_1_17' title="bbox 459 1557 2026 1628">
    <p class='ocr_par' dir='ltr' id='par_1_17' title="bbox 459 1557 2026 1628">
     <span class='ocr_line' id='line_1_17' title="bbox 459 1557 2026 1628; baseline -0.001 -16"><span class='ocrx_word' id='word_1_121' title='bbox 459 1557 570 1612; x_wconf 66' lang='grc' dir='ltr'>δδὸν</span> <span class='ocrx_word' id='word_1_122' title='bbox 613 1557 776 1610; x_wconf 85' lang='grc' dir='ltr'>αὐτοῦ</span> <span class='ocrx_word' id='word_1_123' title='bbox 805 1558 1051 1628; x_wconf 87' lang='grc' dir='ltr'>γνωστὴν</span> <span class='ocrx_word' id='word_1_124' title='bbox 1083 1559 1308 1627; x_wconf 83' lang='grc' dir='ltr'>ποιῆσαι</span> <span class='ocrx_word' id='word_1_125' title='bbox 1336 1559 1392 1611; x_wconf 85' lang='grc' dir='ltr'><strong>ἐν</strong></span> <span class='ocrx_word' id='word_1_126' title='bbox 1421 1558 1568 1628; x_wconf 82' lang='grc' dir='ltr'>πάσῃ</span> <span class='ocrx_word' id='word_1_127' title='bbox 1607 1560 1671 1628; x_wconf 81' lang='grc' dir='ltr'>τῇ</span> <span class='ocrx_word' id='word_1_128' title='bbox 1700 1561 1790 1628; x_wconf 83' lang='grc' dir='ltr'><strong>γῇ.</strong></span> <span class='ocrx_word' id='word_1_129' title='bbox 1823 1558 1913 1610; x_wconf 90' lang='grc' dir='ltr'>Διὸ</span> <span class='ocrx_word' id='word_1_130' title='bbox 1941 1557 2026 1610; x_wconf 86' lang='grc' dir='ltr'>λέ-</span> 
     </span>
    </p>
   </div>
   <div class='ocr_carea' id='block_1_18' title="bbox 453 1649 2025 1722">
    <p class='ocr_par' dir='ltr' id='par_1_18' title="bbox 453 1649 2025 1722">
     <span class='ocr_line' id='line_1_18' title="bbox 453 1649 2025 1722; baseline -0.001 -21"><span class='ocrx_word' id='word_1_131' title='bbox 453 1653 666 1703; x_wconf 73' lang='grc' dir='ltr'>λεκται·</span> <span class='ocrx_word' id='word_1_132' title='bbox 707 1669 724 1700; x_wconf 80' lang='grc' dir='ltr'><strong>ι</strong></span> <span class='ocrx_word' id='word_1_133' title='bbox 761 1650 864 1702; x_wconf 95' lang='grc' dir='ltr'><strong>Τοῦ</strong></span> <span class='ocrx_word' id='word_1_134' title='bbox 903 1651 1102 1720; x_wconf 90' lang='grc' dir='ltr'>γνῶναι</span> <span class='ocrx_word' id='word_1_135' title='bbox 1136 1653 1194 1705; x_wconf 85' lang='grc' dir='ltr'><strong>ἐν</strong></span> <span class='ocrx_word' id='word_1_136' title='bbox 1231 1653 1297 1722; x_wconf 83' lang='grc' dir='ltr'>τῇ</span> <span class='ocrx_word' id='word_1_137' title='bbox 1337 1653 1406 1722; x_wconf 80' lang='grc' dir='ltr'>γῇ</span> <span class='ocrx_word' id='word_1_138' title='bbox 1438 1649 1534 1720; x_wconf 85' lang='grc' dir='ltr'>τὴν</span> <span class='ocrx_word' id='word_1_139' title='bbox 1563 1649 1680 1703; x_wconf 85' lang='grc' dir='ltr'>ὀδόν</span> <span class='ocrx_word' id='word_1_140' title='bbox 1715 1666 1828 1703; x_wconf 92' lang='grc' dir='ltr'>σου.</span> <span class='ocrx_word' id='word_1_141' title='bbox 1865 1669 1884 1700; x_wconf 77' lang='grc' dir='ltr'><strong>ι</strong></span> <span class='ocrx_word' id='word_1_142' title='bbox 1932 1650 2025 1712; x_wconf 85' lang='grc' dir='ltr'><strong>Τίς</strong></span> 
     </span>
    </p>
   </div>
   <div class='ocr_carea' id='block_1_19' title="bbox 455 1742 2025 1816">
    <p class='ocr_par' dir='ltr' id='par_1_19' title="bbox 455 1742 2025 1816">
     <span class='ocr_line' id='line_1_19' title="bbox 455 1742 2025 1816; baseline -0.002 -19"><span class='ocrx_word' id='word_1_143' title='bbox 455 1743 504 1797; x_wconf 65' lang='grc' dir='ltr'>δὲ</span> <span class='ocrx_word' id='word_1_144' title='bbox 547 1746 580 1814; x_wconf 88' lang='grc' dir='ltr'><strong>ή</strong></span> <span class='ocrx_word' id='word_1_145' title='bbox 613 1744 683 1814; x_wconf 85' lang='grc' dir='ltr'>γῆ</span> <span class='ocrx_word' id='word_1_146' title='bbox 712 1744 804 1797; x_wconf 78' lang='grc' dir='ltr'><strong>καὶ</strong></span> <span class='ocrx_word' id='word_1_147' title='bbox 833 1744 914 1808; x_wconf 89' lang='grc' dir='ltr'><strong>τίς</strong></span> <span class='ocrx_word' id='word_1_148' title='bbox 946 1747 979 1816; x_wconf 81' lang='grc' dir='ltr'><strong>ἡ</strong></span> <span class='ocrx_word' id='word_1_149' title='bbox 1015 1745 1131 1810; x_wconf 85' lang='grc' dir='ltr'>ὁδὸς</span> <span class='ocrx_word' id='word_1_150' title='bbox 1159 1744 1252 1799; x_wconf 91' lang='grc' dir='ltr'><strong>τοῦ</strong></span> <span class='ocrx_word' id='word_1_151' title='bbox 1286 1743 1457 1807; x_wconf 88' lang='grc' dir='ltr'>Θεοῦ;</span> <span class='ocrx_word' id='word_1_152' title='bbox 1488 1743 1562 1814; x_wconf 82' lang='grc' dir='ltr'><strong>Γῆ</strong></span> <span class='ocrx_word' id='word_1_153' title='bbox 1613 1742 1711 1812; x_wconf 85' lang='grc' dir='ltr'><strong>μὲν</strong></span> <span class='ocrx_word' id='word_1_154' title='bbox 1738 1743 1938 1806; x_wconf 85' lang='grc' dir='ltr'>πάντες</span> <span class='ocrx_word' id='word_1_155' title='bbox 1975 1744 2025 1795; x_wconf 87' lang='grc' dir='ltr'>οἱ</span> 
     </span>
    </p>
   </div>
   <div class='ocr_carea' id='block_1_20' title="bbox 2133 540 3706 605">
    <p class='ocr_par' dir='ltr' id='par_1_20' title="bbox 2133 540 3706 605">
     <span class='ocr_line' id='line_1_20' title="bbox 2133 540 3706 605; baseline 0.002 -9"><span class='ocrx_word' id='word_1_156' title='bbox 2133 552 2240 596; x_wconf 91' lang='lat' dir='ltr'><strong>tem</strong></span> <span class='ocrx_word' id='word_1_157' title='bbox 2272 542 2597 596; x_wconf 89' lang='lat' dir='ltr'><strong>obtinebunt</strong></span> <span class='ocrx_word' id='word_1_158' title='bbox 2629 555 2879 605; x_wconf 84' lang='lat' dir='ltr'><strong>numero,</strong></span> <span class='ocrx_word' id='word_1_159' title='bbox 2903 547 2961 594; x_wconf 94' lang='lat' dir='ltr'><strong>ut</strong></span> <span class='ocrx_word' id='word_1_160' title='bbox 2987 540 3234 597; x_wconf 88' lang='lat' dir='ltr'><strong>dicamus</strong></span> <span class='ocrx_word' id='word_1_161' title='bbox 3261 562 3272 596; x_wconf 93' lang='lat'>:</span> <span class='ocrx_word' id='word_1_162' title='bbox 3328 562 3346 593; x_wconf 86' lang='grc'><strong>(</strong></span> <span class='ocrx_word' id='word_1_163' title='bbox 3378 543 3706 599; x_wconf 81' lang='lat' dir='ltr'><strong>Benedictus</strong></span> 
     </span>
    </p>
   </div>
   <div class='ocr_carea' id='block_1_21' title="bbox 2131 633 3704 704">
    <p class='ocr_par' dir='ltr' id='par_1_21' title="bbox 2131 633 3704 704">
     <span class='ocr_line' id='line_1_21' title="bbox 2131 633 3704 704; baseline 0.002 -18"><span class='ocrx_word' id='word_1_164' title='bbox 2131 633 2274 688; x_wconf 89' lang='lat' dir='ltr'><strong>Deus</strong></span> <span class='ocrx_word' id='word_1_165' title='bbox 2287 633 2670 704; x_wconf 83' lang='lat' dir='ltr'><strong>quibenedixit</strong></span> <span class='ocrx_word' id='word_1_166' title='bbox 2687 649 2788 690; x_wconf 89' lang='lat' dir='ltr'><strong>nos</strong></span> <span class='ocrx_word' id='word_1_167' title='bbox 2806 634 2861 687; x_wconf 92' lang='lat' dir='ltr'><strong>in</strong></span> <span class='ocrx_word' id='word_1_168' title='bbox 2881 635 3026 689; x_wconf 90' lang='lat' dir='ltr'><strong>omni</strong></span> <span class='ocrx_word' id='word_1_169' title='bbox 3045 633 3424 690; x_wconf 77' lang='lat' dir='ltr'><strong>benedictione</strong></span> <span class='ocrx_word' id='word_1_170' title='bbox 3436 635 3704 704; x_wconf 88' lang='lat' dir='ltr'><strong>spirituali</strong></span> 
     </span>
    </p>
   </div>
   <div class='ocr_carea' id='block_1_22' title="bbox 2130 724 3703 798">
    <p class='ocr_par' dir='ltr' id='par_1_22' title="bbox 2130 724 3703 798">
     <span class='ocr_line' id='line_1_22' title="bbox 2130 724 3703 798; baseline 0 -18"><span class='ocrx_word' id='word_1_171' title='bbox 2130 726 2186 780; x_wconf 89' lang='lat' dir='ltr'><strong>in</strong></span> <span class='ocrx_word' id='word_1_172' title='bbox 2212 726 2530 781; x_wconf 68' lang='lat' dir='ltr'><strong>cmlestibus</strong></span> <span class='ocrx_word' id='word_1_173' title='bbox 2564 725 2621 780; x_wconf 88' lang='lat' dir='ltr'><strong>in</strong></span> <span class='ocrx_word' id='word_1_174' title='bbox 2664 725 2998 781; x_wconf 60' lang='lat' dir='ltr'><strong>Claristos&#39;.)</strong></span> <span class='ocrx_word' id='word_1_175' title='bbox 3028 724 3119 779; x_wconf 90' lang='lat' dir='ltr'><strong>Sic</strong></span> <span class='ocrx_word' id='word_1_176' title='bbox 3147 741 3276 796; x_wconf 86' lang='lat' dir='ltr'><strong>ergo</strong></span> <span class='ocrx_word' id='word_1_177' title='bbox 3293 725 3436 782; x_wconf 86' lang='lat' dir='ltr'><strong>Deus</strong></span> <span class='ocrx_word' id='word_1_178' title='bbox 3468 728 3703 798; x_wconf 89' lang='lat' dir='ltr'><strong>primum</strong></span> 
     </span>
    </p>
   </div>
   <div class='ocr_carea' id='block_1_23' title="bbox 2129 818 3702 887">
    <p class='ocr_par' dir='ltr' id='par_1_23' title="bbox 2129 818 3702 887">
     <span class='ocr_line' id='line_1_23' title="bbox 2129 818 3702 887; baseline 0.001 -14"><span class='ocrx_word' id='word_1_179' title='bbox 2129 819 2663 887; x_wconf 79' lang='lat' dir='ltr'><strong>misereaturnostri,</strong></span> <span class='ocrx_word' id='word_1_180' title='bbox 2687 818 2883 873; x_wconf 89' lang='lat' dir='ltr'><strong>deinde</strong></span> <span class='ocrx_word' id='word_1_181' title='bbox 2909 819 3167 874; x_wconf 86' lang='lat' dir='ltr'><strong>misertus</strong></span> <span class='ocrx_word' id='word_1_182' title='bbox 3199 819 3488 873; x_wconf 82' lang='lat' dir='ltr'><strong>benedieat</strong></span> <span class='ocrx_word' id='word_1_183' title='bbox 3519 820 3702 875; x_wconf 90' lang='lat' dir='ltr'><strong>nobis.</strong></span> 
     </span>
    </p>
   </div>
   <div class='ocr_carea' id='block_1_24' title="bbox 2127 910 3702 982">
    <p class='ocr_par' dir='ltr' id='par_1_24' title="bbox 2127 910 3702 982">
     <span class='ocr_line' id='line_1_24' title="bbox 2127 910 3702 982; baseline 0.001 -17"><span class='ocrx_word' id='word_1_184' title='bbox 2127 910 2187 965; x_wconf 92' lang='lat' dir='ltr'><strong>ld</strong></span> <span class='ocrx_word' id='word_1_185' title='bbox 2215 925 2380 980; x_wconf 90' lang='lat' dir='ltr'><strong>porro</strong></span> <span class='ocrx_word' id='word_1_186' title='bbox 2408 927 2754 982; x_wconf 86' lang='lat' dir='ltr'><strong>nequaquam</strong></span> <span class='ocrx_word' id='word_1_187' title='bbox 2783 911 3017 976; x_wconf 84' lang='lat' dir='ltr'><strong>eveniet,</strong></span> <span class='ocrx_word' id='word_1_188' title='bbox 3058 911 3165 966; x_wconf 90' lang='lat' dir='ltr'><strong>nisi</strong></span> <span class='ocrx_word' id='word_1_189' title='bbox 3197 911 3466 967; x_wconf 81' lang='lat' dir='ltr'><strong>illuminet</strong></span> <span class='ocrx_word' id='word_1_190' title='bbox 3493 913 3702 966; x_wconf 88' lang='lat' dir='ltr'><strong>vultum</strong></span> 
     </span>
    </p>
   </div>
   <div class='ocr_carea' id='block_1_25' title="bbox 2129 1002 3689 1074">
    <p class='ocr_par' dir='ltr' id='par_1_25' title="bbox 2129 1002 3689 1074">
     <span class='ocr_line' id='line_1_25' title="bbox 2129 1002 3689 1074; baseline -0.001 -16"><span class='ocrx_word' id='word_1_191' title='bbox 2129 1018 2286 1058; x_wconf 90' lang='lat' dir='ltr'><strong>suum</strong></span> <span class='ocrx_word' id='word_1_192' title='bbox 2316 1018 2479 1074; x_wconf 87' lang='lat' dir='ltr'><strong>super</strong></span> <span class='ocrx_word' id='word_1_193' title='bbox 2510 1019 2647 1058; x_wconf 91' lang='lat' dir='ltr'><strong>nos:</strong></span> <span class='ocrx_word' id='word_1_194' title='bbox 2686 1003 2759 1057; x_wconf 89' lang='lat' dir='ltr'><strong>ita</strong></span> <span class='ocrx_word' id='word_1_195' title='bbox 2791 1010 2850 1056; x_wconf 91' lang='lat' dir='ltr'><strong>ut</strong></span> <span class='ocrx_word' id='word_1_196' title='bbox 2875 1011 2928 1056; x_wconf 89' lang='lat' dir='ltr'><strong>et</strong></span> <span class='ocrx_word' id='word_1_197' title='bbox 2975 1018 3076 1058; x_wconf 91' lang='lat' dir='ltr'><strong>nos</strong></span> <span class='ocrx_word' id='word_1_198' title='bbox 3105 1003 3356 1058; x_wconf 88' lang='lat' dir='ltr'><strong>dicamus</strong></span> <span class='ocrx_word' id='word_1_199' title='bbox 3387 1020 3400 1057; x_wconf 93' lang='lat'><strong>:</strong></span> <span class='ocrx_word' id='word_1_200' title='bbox 3443 1021 3462 1052; x_wconf 77' lang='grc' dir='ltr'><strong>ι</strong></span> <span class='ocrx_word' id='word_1_201' title='bbox 3508 1002 3689 1073; x_wconf 84' lang='lat' dir='ltr'><strong>Signa-</strong></span> 
     </span>
    </p>
   </div>
   <div class='ocr_carea' id='block_1_26' title="bbox 2128 1095 3697 1166">
    <p class='ocr_par' dir='ltr' id='par_1_26' title="bbox 2128 1095 3697 1166">
     <span class='ocr_line' id='line_1_26' title="bbox 2128 1095 3697 1166; baseline -0.003 -16"><span class='ocrx_word' id='word_1_202' title='bbox 2128 1104 2240 1150; x_wconf 93' lang='lat' dir='ltr'><strong>tum</strong></span> <span class='ocrx_word' id='word_1_203' title='bbox 2271 1104 2357 1151; x_wconf 91' lang='lat' dir='ltr'><strong>est</strong></span> <span class='ocrx_word' id='word_1_204' title='bbox 2387 1112 2552 1166; x_wconf 88' lang='lat' dir='ltr'><strong>super</strong></span> <span class='ocrx_word' id='word_1_205' title='bbox 2601 1112 2703 1152; x_wconf 93' lang='lat' dir='ltr'><strong>nos</strong></span> <span class='ocrx_word' id='word_1_206' title='bbox 2750 1098 2935 1152; x_wconf 88' lang='lat' dir='ltr'><strong>lumen</strong></span> <span class='ocrx_word' id='word_1_207' title='bbox 2985 1096 3164 1152; x_wconf 85' lang='lat' dir='ltr'><strong>vultus</strong></span> <span class='ocrx_word' id='word_1_208' title='bbox 3191 1097 3292 1159; x_wconf 89' lang='lat' dir='ltr'><strong>tui,</strong></span> <span class='ocrx_word' id='word_1_209' title='bbox 3339 1095 3646 1151; x_wconf 71' lang='lat' dir='ltr'><strong>Domine”.</strong></span> <span class='ocrx_word' id='word_1_210' title='bbox 3679 1115 3697 1146; x_wconf 75' lang='grc' dir='ltr'><strong>ι</strong></span> 
     </span>
    </p>
   </div>
   <div class='ocr_carea' id='block_1_27' title="bbox 2128 1184 3696 1257">
    <p class='ocr_par' dir='ltr' id='par_1_27' title="bbox 2128 1184 3696 1257">
     <span class='ocr_line' id='line_1_27' title="bbox 2128 1184 3696 1257; baseline 0 -19"><span class='ocrx_word' id='word_1_211' title='bbox 2128 1184 2282 1250; x_wconf 86' lang='lat' dir='ltr'><strong>Quod</strong></span> <span class='ocrx_word' id='word_1_212' title='bbox 2342 1188 2594 1257; x_wconf 88' lang='lat' dir='ltr'><strong>sequitur</strong></span> <span class='ocrx_word' id='word_1_213' title='bbox 2642 1203 2840 1256; x_wconf 91' lang='lat' dir='ltr'><strong>porro,</strong></span> <span class='ocrx_word' id='word_1_214' title='bbox 2879 1206 2898 1237; x_wconf 76' lang='grc' dir='ltr'><strong>ι</strong></span> <span class='ocrx_word' id='word_1_215' title='bbox 2942 1194 2996 1242; x_wconf 91' lang='lat' dir='ltr'><strong>et</strong></span> <span class='ocrx_word' id='word_1_216' title='bbox 3049 1189 3376 1242; x_wconf 88' lang='lat' dir='ltr'><strong>misereatur</strong></span> <span class='ocrx_word' id='word_1_217' title='bbox 3421 1195 3624 1250; x_wconf 78' lang='lat' dir='ltr'><strong>nostri,</strong></span> <span class='ocrx_word' id='word_1_218' title='bbox 3678 1206 3696 1238; x_wconf 77' lang='grc' dir='ltr'><strong>ι</strong></span> 
     </span>
    </p>
   </div>
   <div class='ocr_carea' id='block_1_28' title="bbox 2127 1278 3688 1349">
    <p class='ocr_par' dir='ltr' id='par_1_28' title="bbox 2127 1278 3688 1349">
     <span class='ocr_line' id='line_1_28' title="bbox 2127 1278 3688 1349; baseline 0.001 -17"><span class='ocrx_word' id='word_1_219' title='bbox 2127 1294 2250 1333; x_wconf 92' lang='lat' dir='ltr'><strong>cum</strong></span> <span class='ocrx_word' id='word_1_220' title='bbox 2275 1294 2452 1348; x_wconf 88' lang='lat' dir='ltr'><strong>neque</strong></span> <span class='ocrx_word' id='word_1_221' title='bbox 2478 1280 2532 1333; x_wconf 92' lang='lat' dir='ltr'><strong>in</strong></span> <span class='ocrx_word' id='word_1_222' title='bbox 2559 1278 2847 1343; x_wconf 84' lang='lat' dir='ltr'><strong>llebraico,</strong></span> <span class='ocrx_word' id='word_1_223' title='bbox 2879 1295 3056 1349; x_wconf 91' lang='lat' dir='ltr'><strong>neque</strong></span> <span class='ocrx_word' id='word_1_224' title='bbox 3098 1279 3151 1333; x_wconf 93' lang='lat' dir='ltr'><strong>in</strong></span> <span class='ocrx_word' id='word_1_225' title='bbox 3190 1280 3414 1349; x_wconf 87' lang='lat' dir='ltr'><strong>reliquis</strong></span> <span class='ocrx_word' id='word_1_226' title='bbox 3440 1279 3688 1348; x_wconf 46' lang='lat' dir='ltr'><strong>interprc&#39;</strong></span> 
     </span>
    </p>
   </div>
   <div class='ocr_carea' id='block_1_29' title="bbox 2125 1369 3701 1439">
    <p class='ocr_par' dir='ltr' id='par_1_29' title="bbox 2125 1369 3701 1439">
     <span class='ocr_line' id='line_1_29' title="bbox 2125 1369 3701 1439; baseline 0.001 -17"><span class='ocrx_word' id='word_1_227' title='bbox 2125 1369 2273 1423; x_wconf 88' lang='lat' dir='ltr'><strong>tibus</strong></span> <span class='ocrx_word' id='word_1_228' title='bbox 2301 1370 2529 1439; x_wconf 84' lang='lat' dir='ltr'><strong>legatur,</strong></span> <span class='ocrx_word' id='word_1_229' title='bbox 2549 1370 2726 1434; x_wconf 89' lang='lat' dir='ltr'><strong>obelo,</strong></span> <span class='ocrx_word' id='word_1_230' title='bbox 2759 1377 2820 1424; x_wconf 94' lang='lat' dir='ltr'><strong>ut</strong></span> <span class='ocrx_word' id='word_1_231' title='bbox 2845 1379 3269 1426; x_wconf 86' lang='lat' dir='ltr'><strong>consentaneum</strong></span> <span class='ocrx_word' id='word_1_232' title='bbox 3299 1378 3439 1434; x_wconf 89' lang='lat' dir='ltr'><strong>erat,</strong></span> <span class='ocrx_word' id='word_1_233' title='bbox 3457 1378 3701 1424; x_wconf 87' lang='lat' dir='ltr'><strong>notatum</strong></span> 
     </span>
    </p>
   </div>
   <div class='ocr_carea' id='block_1_30' title="bbox 2126 1459 3702 1531">
    <p class='ocr_par' dir='ltr' id='par_1_30' title="bbox 2126 1459 3702 1531">
     <span class='ocr_line' id='line_1_30' title="bbox 2126 1459 3702 1531; baseline 0.001 -17"><span class='ocrx_word' id='word_1_234' title='bbox 2126 1467 2228 1514; x_wconf 92' lang='lat' dir='ltr'><strong>est.</strong></span> <span class='ocrx_word' id='word_1_235' title='bbox 2261 1459 2387 1514; x_wconf 89' lang='lat' dir='ltr'><strong>ldeo</strong></span> <span class='ocrx_word' id='word_1_236' title='bbox 2414 1471 2592 1517; x_wconf 92' lang='lat' dir='ltr'><strong>autem</strong></span> <span class='ocrx_word' id='word_1_237' title='bbox 2615 1461 2728 1530; x_wconf 90' lang='lat' dir='ltr'><strong>jam</strong></span> <span class='ocrx_word' id='word_1_238' title='bbox 2766 1468 3064 1516; x_wconf 86' lang='lat' dir='ltr'><strong>memorata</strong></span> <span class='ocrx_word' id='word_1_239' title='bbox 3092 1461 3310 1530; x_wconf 86' lang='lat' dir='ltr'><strong>assequi</strong></span> <span class='ocrx_word' id='word_1_240' title='bbox 3344 1476 3621 1531; x_wconf 78' lang='lat' dir='ltr'><strong>rogamus,</strong></span> <span class='ocrx_word' id='word_1_241' title='bbox 3648 1468 3702 1515; x_wconf 90' lang='lat' dir='ltr'><strong>ut</strong></span> 
     </span>
    </p>
   </div>
   <div class='ocr_carea' id='block_1_31' title="bbox 2129 1553 3700 1622">
    <p class='ocr_par' dir='ltr' id='par_1_31' title="bbox 2129 1553 3700 1622">
     <span class='ocr_line' id='line_1_31' title="bbox 2129 1553 3700 1622; baseline -0.001 -16"><span class='ocrx_word' id='word_1_242' title='bbox 2129 1553 2266 1606; x_wconf 87' lang='lat' dir='ltr'><strong>viam</strong></span> <span class='ocrx_word' id='word_1_243' title='bbox 2291 1554 2409 1622; x_wconf 87' lang='lat' dir='ltr'><strong>ejus</strong></span> <span class='ocrx_word' id='word_1_244' title='bbox 2442 1556 2495 1607; x_wconf 92' lang='lat' dir='ltr'><strong>in</strong></span> <span class='ocrx_word' id='word_1_245' title='bbox 2523 1554 2776 1609; x_wconf 89' lang='lat' dir='ltr'><strong>universa</strong></span> <span class='ocrx_word' id='word_1_246' title='bbox 2811 1561 2959 1608; x_wconf 91' lang='lat' dir='ltr'><strong>terra</strong></span> <span class='ocrx_word' id='word_1_247' title='bbox 2985 1566 3167 1609; x_wconf 87' lang='lat' dir='ltr'><strong>notam</strong></span> <span class='ocrx_word' id='word_1_248' title='bbox 3203 1555 3380 1610; x_wconf 81' lang='lat' dir='ltr'><strong>facere</strong></span> <span class='ocrx_word' id='word_1_249' title='bbox 3405 1556 3700 1609; x_wconf 81' lang='lat' dir='ltr'><strong>valeamus.</strong></span> 
     </span>
    </p>
   </div>
   <div class='ocr_carea' id='block_1_32' title="bbox 2126 1643 3702 1717">
    <p class='ocr_par' dir='ltr' id='par_1_32' title="bbox 2126 1643 3702 1717">
     <span class='ocr_line' id='line_1_32' title="bbox 2126 1643 3702 1717; baseline 0.001 -18"><span class='ocrx_word' id='word_1_250' title='bbox 2126 1643 2307 1710; x_wconf 85' lang='lat' dir='ltr'><strong>Quare</strong></span> <span class='ocrx_word' id='word_1_251' title='bbox 2353 1646 2596 1700; x_wconf 90' lang='lat' dir='ltr'><strong>dicitur:</strong></span> <span class='ocrx_word' id='word_1_252' title='bbox 2639 1665 2658 1697; x_wconf 80' lang='grc' dir='ltr'><strong>ι</strong></span> <span class='ocrx_word' id='word_1_253' title='bbox 2707 1645 2778 1700; x_wconf 89' lang='lat' dir='ltr'><strong>Ut</strong></span> <span class='ocrx_word' id='word_1_254' title='bbox 2813 1662 3209 1717; x_wconf 77' lang='lat' dir='ltr'><strong>cognoscamus</strong></span> <span class='ocrx_word' id='word_1_255' title='bbox 3260 1648 3317 1700; x_wconf 92' lang='lat' dir='ltr'><strong>in</strong></span> <span class='ocrx_word' id='word_1_256' title='bbox 3369 1656 3514 1702; x_wconf 91' lang='lat' dir='ltr'><strong>terra</strong></span> <span class='ocrx_word' id='word_1_257' title='bbox 3562 1648 3702 1700; x_wconf 88' lang='lat' dir='ltr'><strong>viam</strong></span> 
     </span>
    </p>
   </div>
   <div class='ocr_carea' id='block_1_33' title="bbox 2125 1737 3700 1808">
    <p class='ocr_par' dir='ltr' id='par_1_33' title="bbox 2125 1737 3700 1808">
     <span class='ocr_line' id='line_1_33' title="bbox 2125 1737 3700 1808; baseline 0.001 -18"><span class='ocrx_word' id='word_1_258' title='bbox 2125 1747 2295 1791; x_wconf 90' lang='lat' dir='ltr'><strong>tuam.</strong></span> <span class='ocrx_word' id='word_1_259' title='bbox 2330 1757 2348 1789; x_wconf 75' lang='grc' dir='ltr'><strong>ι</strong></span> <span class='ocrx_word' id='word_1_260' title='bbox 2388 1739 2647 1804; x_wconf 62' lang='lat' dir='ltr'><strong>Quanam</strong></span> <span class='ocrx_word' id='word_1_261' title='bbox 2680 1746 2826 1792; x_wconf 87' lang='lat' dir='ltr'><strong>terra</strong></span> <span class='ocrx_word' id='word_1_262' title='bbox 2857 1739 3001 1791; x_wconf 89' lang='lat' dir='ltr'><strong>illa?</strong></span> <span class='ocrx_word' id='word_1_263' title='bbox 3051 1753 3172 1808; x_wconf 72' lang='lat' dir='ltr'><strong>quae</strong></span> <span class='ocrx_word' id='word_1_264' title='bbox 3223 1739 3308 1792; x_wconf 85' lang='lat' dir='ltr'><strong>via</strong></span> <span class='ocrx_word' id='word_1_265' title='bbox 3355 1737 3487 1793; x_wconf 80' lang='lat' dir='ltr'><strong>Dei?</strong></span> <span class='ocrx_word' id='word_1_266' title='bbox 3537 1737 3700 1792; x_wconf 69' lang='lat' dir='ltr'><strong>Terr?</strong></span> 
     </span>
    </p>
   </div>
   <div class='ocr_carea' id='block_1_34' title="bbox 455 1831 2026 1906">
    <p class='ocr_par' dir='ltr' id='par_1_34' title="bbox 455 1832 2026 1906">
     <span class='ocr_line' id='line_1_34' title="bbox 455 1832 2026 1906; baseline -0.001 -20"><span class='ocrx_word' id='word_1_267' title='bbox 455 1835 546 1904; x_wconf 81' lang='grc' dir='ltr'>τὴν</span> <span class='ocrx_word' id='word_1_268' title='bbox 575 1833 680 1904; x_wconf 86' lang='grc' dir='ltr'>γῆν</span> <span class='ocrx_word' id='word_1_269' title='bbox 706 1834 978 1899; x_wconf 80' lang='grc' dir='ltr'>οἰκοῦντες</span> <span class='ocrx_word' id='word_1_270' title='bbox 1005 1835 1281 1906; x_wconf 83' lang='grc' dir='ltr'>ἄνθρωποι</span> <span class='ocrx_word' id='word_1_271' title='bbox 1311 1835 1404 1888; x_wconf 74' lang='grc' dir='ltr'><strong>καὶ</strong></span> <span class='ocrx_word' id='word_1_272' title='bbox 1439 1834 1615 1887; x_wconf 90' lang='grc' dir='ltr'>πάντα</span> <span class='ocrx_word' id='word_1_273' title='bbox 1646 1833 1715 1886; x_wconf 86' lang='grc' dir='ltr'>τὰ</span> <span class='ocrx_word' id='word_1_274' title='bbox 1748 1832 1868 1886; x_wconf 88' lang='grc' dir='ltr'>καθ’</span> <span class='ocrx_word' id='word_1_275' title='bbox 1899 1833 2026 1904; x_wconf 80' lang='grc' dir='ltr'>ὅλης</span> 
     </span>
    </p>
   </div>
   <div class='ocr_carea' id='block_1_35' title="bbox 2128 1831 3664 1906">
    <p class='ocr_par' dir='ltr' id='par_1_35' title="bbox 2130 1831 3664 1886">
     <span class='ocr_line' id='line_1_35' title="bbox 2130 1831 3664 1886; baseline 0.001 -2"><span class='ocrx_word' id='word_1_276' title='bbox 2130 1831 2387 1885; x_wconf 92' lang='lat' dir='ltr'><strong>nimirum</strong></span> <span class='ocrx_word' id='word_1_277' title='bbox 2439 1839 2568 1885; x_wconf 92' lang='lat' dir='ltr'><strong>sunt</strong></span> <span class='ocrx_word' id='word_1_278' title='bbox 2605 1845 2796 1886; x_wconf 91' lang='lat' dir='ltr'><strong>omnes</strong></span> <span class='ocrx_word' id='word_1_279' title='bbox 2831 1831 3080 1886; x_wconf 88' lang='lat' dir='ltr'><strong>homines</strong></span> <span class='ocrx_word' id='word_1_280' title='bbox 3111 1839 3312 1885; x_wconf 85' lang='lat' dir='ltr'><strong>terram</strong></span> <span class='ocrx_word' id='word_1_281' title='bbox 3363 1831 3664 1886; x_wconf 89' lang='lat' dir='ltr'><strong>incolentes</strong></span> 
     </span>
    </p>
   </div>
   <div class='ocr_carea' id='block_1_36' title="bbox 457 1923 2026 1996">
    <p class='ocr_par' dir='ltr' id='par_1_36' title="bbox 457 1923 2026 1996">
     <span class='ocr_line' id='line_1_36' title="bbox 457 1923 2026 1996; baseline -0.001 -18"><span class='ocrx_word' id='word_1_282' title='bbox 457 1925 548 1996; x_wconf 77' lang='grc' dir='ltr'>τῆς</span> <span class='ocrx_word' id='word_1_283' title='bbox 578 1926 899 1996; x_wconf 74' lang='grc' dir='ltr'>οἰκουμένης</span> <span class='ocrx_word' id='word_1_284' title='bbox 935 1926 1062 1996; x_wconf 76' lang='grc' dir='ltr'>ἔθνη</span> <span class='ocrx_word' id='word_1_285' title='bbox 1085 1943 1099 1958; x_wconf 78' lang='grc' dir='ltr'><strong>ο</strong></span> <span class='ocrx_word' id='word_1_286' title='bbox 1141 1927 1259 1990; x_wconf 85' lang='grc' dir='ltr'>ὁδὸς</span> <span class='ocrx_word' id='word_1_287' title='bbox 1296 1927 1352 1980; x_wconf 85' lang='grc' dir='ltr'>δὲ</span> <span class='ocrx_word' id='word_1_288' title='bbox 1387 1926 1481 1979; x_wconf 86' lang='grc' dir='ltr'><strong>τοῦ</strong></span> <span class='ocrx_word' id='word_1_289' title='bbox 1523 1923 1658 1978; x_wconf 82' lang='grc' dir='ltr'>Θεοῦ</span> <span class='ocrx_word' id='word_1_290' title='bbox 1697 1925 1726 1976; x_wconf 89' lang='lat'><strong>6</strong></span> <span class='ocrx_word' id='word_1_291' title='bbox 1772 1924 2026 1994; x_wconf 76' lang='grc' dir='ltr'>θεοσεϐὴς</span> 
     </span>
    </p>
   </div>
   <div class='ocr_carea' id='block_1_37' title="bbox 450 2011 2027 2088">
    <p class='ocr_par' dir='ltr' id='par_1_37' title="bbox 450 2011 2027 2088">
     <span class='ocr_line' id='line_1_37' title="bbox 450 2011 2027 2088; baseline -0.001 -19"><span class='ocrx_word' id='word_1_292' title='bbox 450 2015 564 2086; x_wconf 83' lang='grc' dir='ltr'>βίος</span> <span class='ocrx_word' id='word_1_293' title='bbox 584 2034 596 2046; x_wconf 91' lang='grc'>·</span> <span class='ocrx_word' id='word_1_294' title='bbox 632 2011 693 2069; x_wconf 80' lang='grc' dir='ltr'><strong>οὐ</strong></span> <span class='ocrx_word' id='word_1_295' title='bbox 721 2018 780 2070; x_wconf 91' lang='grc' dir='ltr'><strong>τὸ</strong></span> <span class='ocrx_word' id='word_1_296' title='bbox 808 2017 960 2081; x_wconf 77' lang='grc' dir='ltr'>τέλος</span> <span class='ocrx_word' id='word_1_297' title='bbox 985 2018 1121 2088; x_wconf 91' lang='grc' dir='ltr'>πρὸς</span> <span class='ocrx_word' id='word_1_298' title='bbox 1159 2017 1321 2072; x_wconf 87' lang='grc' dir='ltr'>αὐτὸν</span> <span class='ocrx_word' id='word_1_299' title='bbox 1352 2018 1474 2086; x_wconf 78' lang='grc' dir='ltr'>ἄγει</span> <span class='ocrx_word' id='word_1_300' title='bbox 1516 2016 1606 2070; x_wconf 86' lang='grc' dir='ltr'><strong>τὸν</strong></span> <span class='ocrx_word' id='word_1_301' title='bbox 1634 2016 1787 2080; x_wconf 87' lang='grc' dir='ltr'>Θεὸν,</span> <span class='ocrx_word' id='word_1_302' title='bbox 1823 2015 1897 2079; x_wconf 87' lang='grc' dir='ltr'><strong>ώς</strong></span> <span class='ocrx_word' id='word_1_303' title='bbox 1935 2016 2027 2068; x_wconf 80' lang='grc' dir='ltr'><strong>ἐπὶ</strong></span> 
     </span>
    </p>
   </div>
   <div class='ocr_carea' id='block_1_38' title="bbox 451 2109 2027 2180">
    <p class='ocr_par' dir='ltr' id='par_1_38' title="bbox 451 2109 2027 2180">
     <span class='ocr_line' id='line_1_38' title="bbox 451 2109 2027 2180; baseline -0.001 -18"><span class='ocrx_word' id='word_1_304' title='bbox 451 2110 781 2180; x_wconf 82' lang='grc' dir='ltr'>μητρόπολιν</span> <span class='ocrx_word' id='word_1_305' title='bbox 809 2109 1048 2178; x_wconf 81' lang='grc' dir='ltr'>ἀγαθῶν.</span> <span class='ocrx_word' id='word_1_306' title='bbox 1083 2111 1195 2165; x_wconf 79' lang='grc' dir='ltr'><strong>Καὶ</strong></span> <span class='ocrx_word' id='word_1_307' title='bbox 1226 2111 1386 2174; x_wconf 89' lang='grc' dir='ltr'>αὐτὸς</span> <span class='ocrx_word' id='word_1_308' title='bbox 1417 2110 1474 2163; x_wconf 83' lang='grc' dir='ltr'>δὲ</span> <span class='ocrx_word' id='word_1_309' title='bbox 1517 2111 1546 2164; x_wconf 81' lang='lat'><strong>6</strong></span> <span class='ocrx_word' id='word_1_310' title='bbox 1580 2111 1844 2180; x_wconf 81' lang='grc' dir='ltr'>σωτήριος</span> <span class='ocrx_word' id='word_1_311' title='bbox 1872 2109 2027 2177; x_wconf 84' lang='grc' dir='ltr'>λόγος</span> 
     </span>
    </p>
   </div>
   <div class='ocr_carea' id='block_1_39' title="bbox 449 2197 2026 2270">
    <p class='ocr_par' dir='ltr' id='par_1_39' title="bbox 449 2197 2026 2270">
     <span class='ocr_line' id='line_1_39' title="bbox 449 2197 2026 2270; baseline -0.001 -20"><span class='ocrx_word' id='word_1_312' title='bbox 449 2198 534 2268; x_wconf 85' lang='grc' dir='ltr'>εἴη</span> <span class='ocrx_word' id='word_1_313' title='bbox 565 2197 629 2251; x_wconf 84' lang='grc' dir='ltr'><strong>ἂν</strong></span> <span class='ocrx_word' id='word_1_314' title='bbox 663 2198 780 2262; x_wconf 87' lang='grc' dir='ltr'>ὁδὸς</span> <span class='ocrx_word' id='word_1_315' title='bbox 813 2197 907 2250; x_wconf 89' lang='grc' dir='ltr'><strong>τοῦ</strong></span> <span class='ocrx_word' id='word_1_316' title='bbox 939 2198 1094 2252; x_wconf 85' lang='grc' dir='ltr'>Θεοῦ.</span> <span class='ocrx_word' id='word_1_317' title='bbox 1140 2198 1232 2252; x_wconf 84' lang='grc' dir='ltr'>Διὸ</span> <span class='ocrx_word' id='word_1_318' title='bbox 1273 2198 1400 2270; x_wconf 76' lang='grc' dir='ltr'>ἑξῆς</span> <span class='ocrx_word' id='word_1_319' title='bbox 1433 2199 1622 2268; x_wconf 83' lang='grc' dir='ltr'>ῶσπερ</span> <span class='ocrx_word' id='word_1_320' title='bbox 1659 2197 2026 2268; x_wconf 88' lang='grc' dir='ltr'>διερμηνεύων</span> 
     </span>
    </p>
   </div>
   <div class='ocr_carea' id='block_1_40' title="bbox 448 2287 2028 2359">
    <p class='ocr_par' dir='ltr' id='par_1_40' title="bbox 448 2287 2028 2359">
     <span class='ocr_line' id='line_1_40' title="bbox 448 2287 2028 2359; baseline 0 -18"><span class='ocrx_word' id='word_1_321' title='bbox 448 2287 543 2359; x_wconf 81' lang='grc' dir='ltr'>τὴν</span> <span class='ocrx_word' id='word_1_322' title='bbox 575 2289 814 2343; x_wconf 88' lang='grc' dir='ltr'>διάνοιαν</span> <span class='ocrx_word' id='word_1_323' title='bbox 842 2290 1085 2358; x_wconf 76' lang='grc' dir='ltr'>ἐπιλέγει</span> <span class='ocrx_word' id='word_1_324' title='bbox 1106 2306 1120 2321; x_wconf 79' lang='grc' dir='ltr'><strong>ο</strong></span> <span class='ocrx_word' id='word_1_325' title='bbox 1161 2308 1181 2341; x_wconf 74' lang='grc' dir='ltr'><strong>ι</strong></span> <span class='ocrx_word' id='word_1_326' title='bbox 1227 2291 1314 2344; x_wconf 85' lang='grc' dir='ltr'>Ἐν</span> <span class='ocrx_word' id='word_1_327' title='bbox 1339 2291 1472 2343; x_wconf 83' lang='grc' dir='ltr'>πᾶσι</span> <span class='ocrx_word' id='word_1_328' title='bbox 1498 2293 1606 2353; x_wconf 88' lang='grc' dir='ltr'>τοῖς</span> <span class='ocrx_word' id='word_1_329' title='bbox 1635 2287 1813 2342; x_wconf 74' lang='grc' dir='ltr'>ἔθνεσι</span> <span class='ocrx_word' id='word_1_330' title='bbox 1847 2289 1905 2342; x_wconf 90' lang='grc' dir='ltr'><strong>τὸ</strong></span> <span class='ocrx_word' id='word_1_331' title='bbox 1930 2305 2028 2340; x_wconf 88' lang='grc' dir='ltr'>σω-</span> 
     </span>
    </p>
   </div>
   <div class='ocr_carea' id='block_1_41' title="bbox 447 2377 2023 2453">
    <p class='ocr_par' dir='ltr' id='par_1_41' title="bbox 447 2377 2023 2453">
     <span class='ocr_line' id='line_1_41' title="bbox 447 2377 2023 2453; baseline 0.003 -23"><span class='ocrx_word' id='word_1_332' title='bbox 447 2380 630 2451; x_wconf 89' lang='grc' dir='ltr'>τήριόν</span> <span class='ocrx_word' id='word_1_333' title='bbox 670 2397 782 2436; x_wconf 87' lang='grc' dir='ltr'>σου.</span> <span class='ocrx_word' id='word_1_334' title='bbox 820 2400 837 2432; x_wconf 72' lang='grc' dir='ltr'><strong>ι</strong></span> <span class='ocrx_word' id='word_1_335' title='bbox 871 2382 1056 2446; x_wconf 82' lang='grc' dir='ltr'>Ὅπως</span> <span class='ocrx_word' id='word_1_336' title='bbox 1105 2377 1197 2435; x_wconf 80' lang='grc' dir='ltr'><strong>οὖν</strong></span> <span class='ocrx_word' id='word_1_337' title='bbox 1234 2381 1548 2452; x_wconf 86' lang='grc' dir='ltr'>δυνηθῶμεν</span> <span class='ocrx_word' id='word_1_338' title='bbox 1579 2383 1637 2434; x_wconf 91' lang='grc' dir='ltr'><strong>ἐν</strong></span> <span class='ocrx_word' id='word_1_339' title='bbox 1669 2381 1816 2453; x_wconf 84' lang='grc' dir='ltr'>πάσῃ</span> <span class='ocrx_word' id='word_1_340' title='bbox 1847 2382 1912 2452; x_wconf 82' lang='grc' dir='ltr'><strong>τῇ</strong></span> <span class='ocrx_word' id='word_1_341' title='bbox 1954 2382 2023 2451; x_wconf 81' lang='grc' dir='ltr'>γῇ</span> 
     </span>
    </p>
   </div>
   <div class='ocr_carea' id='block_1_42' title="bbox 447 2472 2025 2546">
    <p class='ocr_par' dir='ltr' id='par_1_42' title="bbox 447 2472 2025 2546">
     <span class='ocr_line' id='line_1_42' title="bbox 447 2472 2025 2546; baseline 0 -21"><span class='ocrx_word' id='word_1_342' title='bbox 447 2474 540 2526; x_wconf 77' lang='grc' dir='ltr'><strong>καὶ</strong></span> <span class='ocrx_word' id='word_1_343' title='bbox 573 2474 632 2527; x_wconf 87' lang='grc' dir='ltr'><strong>ἐν</strong></span> <span class='ocrx_word' id='word_1_344' title='bbox 673 2475 804 2528; x_wconf 76' lang='grc' dir='ltr'>πᾶσι</span> <span class='ocrx_word' id='word_1_345' title='bbox 852 2477 964 2537; x_wconf 83' lang='grc' dir='ltr'>τοῖς</span> <span class='ocrx_word' id='word_1_346' title='bbox 1013 2473 1189 2528; x_wconf 81' lang='grc' dir='ltr'>έθνεσι</span> <span class='ocrx_word' id='word_1_347' title='bbox 1233 2477 1346 2537; x_wconf 86' lang='grc' dir='ltr'>τοῖς</span> <span class='ocrx_word' id='word_1_348' title='bbox 1391 2474 1491 2546; x_wconf 77' lang='grc' dir='ltr'><strong>τὴν</strong></span> <span class='ocrx_word' id='word_1_349' title='bbox 1539 2475 1640 2545; x_wconf 83' lang='grc' dir='ltr'><strong>γῆν</strong></span> <span class='ocrx_word' id='word_1_350' title='bbox 1672 2472 1881 2526; x_wconf 79' lang='grc' dir='ltr'>οἰκοῦσι</span> <span class='ocrx_word' id='word_1_351' title='bbox 1927 2474 2025 2544; x_wconf 84' lang='grc' dir='ltr'>τὴν</span> 
     </span>
    </p>
   </div>
   <div class='ocr_carea' id='block_1_43' title="bbox 446 2565 2027 2638">
    <p class='ocr_par' dir='ltr' id='par_1_43' title="bbox 446 2565 2027 2638">
     <span class='ocr_line' id='line_1_43' title="bbox 446 2565 2027 2638; baseline 0.001 -20"><span class='ocrx_word' id='word_1_352' title='bbox 446 2565 562 2619; x_wconf 83' lang='grc' dir='ltr'>ὁδόν</span> <span class='ocrx_word' id='word_1_353' title='bbox 597 2583 689 2620; x_wconf 91' lang='grc' dir='ltr'><strong>σου</strong></span> <span class='ocrx_word' id='word_1_354' title='bbox 717 2567 896 2620; x_wconf 79' lang='grc' dir='ltr'>καὶτὸ</span> <span class='ocrx_word' id='word_1_355' title='bbox 921 2567 1188 2638; x_wconf 87' lang='grc' dir='ltr'>σωτήριόν</span> <span class='ocrx_word' id='word_1_356' title='bbox 1217 2584 1333 2632; x_wconf 88' lang='grc' dir='ltr'>σου,</span> <span class='ocrx_word' id='word_1_357' title='bbox 1363 2567 1559 2620; x_wconf 87' lang='grc' dir='ltr'>ταύτὸν</span> <span class='ocrx_word' id='word_1_358' title='bbox 1584 2567 1692 2637; x_wconf 87' lang='grc' dir='ltr'><strong>γάρ</strong></span> <span class='ocrx_word' id='word_1_359' title='bbox 1717 2568 1852 2630; x_wconf 87' lang='grc' dir='ltr'>ἐστι,</span> <span class='ocrx_word' id='word_1_360' title='bbox 1886 2583 2027 2634; x_wconf 85' lang='grc' dir='ltr'>γνω-</span> 
     </span>
    </p>
   </div>
   <div class='ocr_carea' id='block_1_44' title="bbox 447 2657 2024 2730">
    <p class='ocr_par' dir='ltr' id='par_1_44' title="bbox 447 2657 2024 2730">
     <span class='ocr_line' id='line_1_44' title="bbox 447 2657 2024 2730; baseline 0.003 -23"><span class='ocrx_word' id='word_1_361' title='bbox 447 2657 572 2709; x_wconf 90' lang='grc' dir='ltr'>στὸν</span> <span class='ocrx_word' id='word_1_362' title='bbox 600 2659 842 2728; x_wconf 79' lang='grc' dir='ltr'>ποιῆσαι,</span> <span class='ocrx_word' id='word_1_363' title='bbox 871 2658 1216 2730; x_wconf 83' lang='grc' dir='ltr'>οίκτείρησον</span> <span class='ocrx_word' id='word_1_364' title='bbox 1241 2659 1412 2729; x_wconf 79' lang='grc' dir='ltr'>ἡμᾶς,</span> <span class='ocrx_word' id='word_1_365' title='bbox 1434 2661 1462 2712; x_wconf 92' lang='lat'><strong>6</strong></span> <span class='ocrx_word' id='word_1_366' title='bbox 1494 2659 1645 2723; x_wconf 87' lang='grc' dir='ltr'>Θεὸς,</span> <span class='ocrx_word' id='word_1_367' title='bbox 1675 2659 1769 2712; x_wconf 83' lang='grc' dir='ltr'><strong>καὶ</strong></span> <span class='ocrx_word' id='word_1_368' title='bbox 1799 2658 2024 2728; x_wconf 89' lang='grc' dir='ltr'>εὐλόγη-</span> 
     </span>
    </p>
   </div>
   <div class='ocr_carea' id='block_1_45' title="bbox 447 2750 2023 2820">
    <p class='ocr_par' dir='ltr' id='par_1_45' title="bbox 447 2750 2023 2820">
     <span class='ocr_line' id='line_1_45' title="bbox 447 2750 2023 2820; baseline 0.003 -22"><span class='ocrx_word' id='word_1_369' title='bbox 447 2763 540 2799; x_wconf 91' lang='grc' dir='ltr'><strong>σον</strong></span> <span class='ocrx_word' id='word_1_370' title='bbox 572 2750 739 2819; x_wconf 77' lang='grc' dir='ltr'>ἡμᾶς,</span> <span class='ocrx_word' id='word_1_371' title='bbox 786 2750 878 2802; x_wconf 72' lang='grc' dir='ltr'><strong>καὶ</strong></span> <span class='ocrx_word' id='word_1_372' title='bbox 917 2750 978 2802; x_wconf 91' lang='grc' dir='ltr'><strong>τὸ</strong></span> <span class='ocrx_word' id='word_1_373' title='bbox 1008 2750 1295 2820; x_wconf 89' lang='grc' dir='ltr'>πρόσωπόν</span> <span class='ocrx_word' id='word_1_374' title='bbox 1325 2767 1417 2803; x_wconf 89' lang='grc' dir='ltr'><strong>σου</strong></span> <span class='ocrx_word' id='word_1_375' title='bbox 1451 2750 1712 2818; x_wconf 84' lang='grc' dir='ltr'>ἐπίφανον</span> <span class='ocrx_word' id='word_1_376' title='bbox 1749 2751 1831 2818; x_wconf 83' lang='grc' dir='ltr'>ἐφ’</span> <span class='ocrx_word' id='word_1_377' title='bbox 1857 2751 2023 2820; x_wconf 79' lang='grc' dir='ltr'>ἡμᾶς,</span> 
     </span>
    </p>
   </div>
   <div class='ocr_carea' id='block_1_46' title="bbox 448 2837 2026 2911">
    <p class='ocr_par' dir='ltr' id='par_1_46' title="bbox 448 2837 2026 2911">
     <span class='ocr_line' id='line_1_46' title="bbox 448 2837 2026 2911; baseline 0.003 -22"><span class='ocrx_word' id='word_1_378' title='bbox 448 2837 535 2890; x_wconf 71' lang='grc' dir='ltr'>ἵνα</span> <span class='ocrx_word' id='word_1_379' title='bbox 568 2839 944 2910; x_wconf 81' lang='grc' dir='ltr'>πληρωθέντες</span> <span class='ocrx_word' id='word_1_380' title='bbox 975 2841 1149 2909; x_wconf 89' lang='grc' dir='ltr'>φωτὸς</span> <span class='ocrx_word' id='word_1_381' title='bbox 1177 2844 1240 2893; x_wconf 91' lang='grc' dir='ltr'><strong>ἐκ</strong></span> <span class='ocrx_word' id='word_1_382' title='bbox 1271 2841 1364 2894; x_wconf 88' lang='grc' dir='ltr'><strong>τοῦ</strong></span> <span class='ocrx_word' id='word_1_383' title='bbox 1392 2840 1681 2911; x_wconf 86' lang='grc' dir='ltr'>προσώπου</span> <span class='ocrx_word' id='word_1_384' title='bbox 1709 2857 1826 2904; x_wconf 90' lang='grc' dir='ltr'>σου,</span> <span class='ocrx_word' id='word_1_385' title='bbox 1859 2857 2026 2893; x_wconf 86' lang='grc' dir='ltr'>κατα-</span> 
     </span>
    </p>
   </div>
   <div class='ocr_carea' id='block_1_47' title="bbox 446 2927 2026 3003">
    <p class='ocr_par' dir='ltr' id='par_1_47' title="bbox 446 2927 2026 3003">
     <span class='ocr_line' id='line_1_47' title="bbox 446 2927 2026 3003; baseline 0.002 -22"><span class='ocrx_word' id='word_1_386' title='bbox 446 2927 746 3000; x_wconf 72' lang='grc' dir='ltr'>λάμψωμεν</span> <span class='ocrx_word' id='word_1_387' title='bbox 778 2931 984 2996; x_wconf 85' lang='grc' dir='ltr'>πάντας</span> <span class='ocrx_word' id='word_1_388' title='bbox 1014 2931 1352 3003; x_wconf 87' lang='grc' dir='ltr'>ἀνθρώπους.</span> <span class='ocrx_word' id='word_1_389' title='bbox 1382 2932 1444 2984; x_wconf 82' lang='lat' dir='ltr'><strong>El.</strong></span> <span class='ocrx_word' id='word_1_390' title='bbox 1473 2931 1581 3001; x_wconf 83' lang='grc' dir='ltr'>γὰρ</span> <span class='ocrx_word' id='word_1_391' title='bbox 1608 2932 1681 3003; x_wconf 87' lang='grc' dir='ltr'>μὴ</span> <span class='ocrx_word' id='word_1_392' title='bbox 1714 2930 1864 2985; x_wconf 83' lang='grc' dir='ltr'>ταῦθ’</span> <span class='ocrx_word' id='word_1_393' title='bbox 1897 2933 2026 3002; x_wconf 83' lang='grc' dir='ltr'>ἡμῖν</span> 
     </span>
    </p>
   </div>
   <div class='ocr_carea' id='block_1_48' title="bbox 447 3021 2026 3097">
    <p class='ocr_par' dir='ltr' id='par_1_48' title="bbox 447 3021 2026 3097">
     <span class='ocr_line' id='line_1_48' title="bbox 447 3021 2026 3097; baseline 0.003 -24"><span class='ocrx_word' id='word_1_394' title='bbox 447 3021 758 3093; x_wconf 83' lang='grc' dir='ltr'>ὑπάρξειεν,</span> <span class='ocrx_word' id='word_1_395' title='bbox 789 3023 939 3077; x_wconf 88' lang='grc' dir='ltr'>οὐδέν</span> <span class='ocrx_word' id='word_1_396' title='bbox 963 3026 1126 3094; x_wconf 85' lang='grc' dir='ltr'>ἐσμεν</span> <span class='ocrx_word' id='word_1_397' title='bbox 1156 3027 1316 3096; x_wconf 78' lang='grc' dir='ltr'>ἡμεῖς</span> <span class='ocrx_word' id='word_1_398' title='bbox 1348 3024 1485 3097; x_wconf 86' lang='grc' dir='ltr'>πρὸς</span> <span class='ocrx_word' id='word_1_399' title='bbox 1513 3026 1612 3095; x_wconf 83' lang='grc' dir='ltr'>τὴν</span> <span class='ocrx_word' id='word_1_400' title='bbox 1648 3024 1741 3078; x_wconf 89' lang='grc' dir='ltr'><strong>τοῦ</strong></span> <span class='ocrx_word' id='word_1_401' title='bbox 1770 3024 2026 3096; x_wconf 82' lang='grc' dir='ltr'>τηλικού-</span> 
     </span>
    </p>
   </div>
   <div class='ocr_carea' id='block_1_49' title="bbox 445 3115 1283 3188">
    <p class='ocr_par' dir='ltr' id='par_1_49' title="bbox 445 3115 1283 3188">
     <span class='ocr_line' id='line_1_49' title="bbox 445 3115 1283 3188; baseline 0.002 -20"><span class='ocrx_word' id='word_1_402' title='bbox 445 3130 537 3168; x_wconf 86' lang='grc' dir='ltr'><strong>του</strong></span> <span class='ocrx_word' id='word_1_403' title='bbox 574 3115 894 3187; x_wconf 86' lang='grc' dir='ltr'>πράγματος</span> <span class='ocrx_word' id='word_1_404' title='bbox 925 3115 1283 3188; x_wconf 89' lang='grc' dir='ltr'>κατόρθωσιν.</span> 
     </span>
    </p>
   </div>
   <div class='ocr_carea' id='block_1_50' title="bbox 2128 1921 3699 1990">
    <p class='ocr_par' dir='ltr' id='par_1_50' title="bbox 2128 1921 3699 1990">
     <span class='ocr_line' id='line_1_50' title="bbox 2128 1921 3699 1990; baseline 0 -15"><span class='ocrx_word' id='word_1_405' title='bbox 2128 1929 2182 1975; x_wconf 89' lang='lat' dir='ltr'><strong>et</strong></span> <span class='ocrx_word' id='word_1_406' title='bbox 2205 1928 2394 1990; x_wconf 80' lang='lat' dir='ltr'><strong>gentes</strong></span> <span class='ocrx_word' id='word_1_407' title='bbox 2424 1921 2739 1975; x_wconf 80' lang='lat' dir='ltr'><strong>universum</strong></span> <span class='ocrx_word' id='word_1_408' title='bbox 2774 1921 2963 1975; x_wconf 86' lang='lat' dir='ltr'><strong>orbem</strong></span> <span class='ocrx_word' id='word_1_409' title='bbox 2996 1929 3360 1990; x_wconf 79' lang='lat' dir='ltr'><strong>occupantes;</strong></span> <span class='ocrx_word' id='word_1_410' title='bbox 3394 1921 3480 1974; x_wconf 93' lang='lat' dir='ltr'><strong>via</strong></span> <span class='ocrx_word' id='word_1_411' title='bbox 3524 1928 3699 1975; x_wconf 77' lang='lat' dir='ltr'><strong>auten.</strong></span> 
     </span>
    </p>
   </div>
   <div class='ocr_carea' id='block_1_51' title="bbox 2129 2011 3698 2083">
    <p class='ocr_par' dir='ltr' id='par_1_51' title="bbox 2129 2011 3698 2083">
     <span class='ocr_line' id='line_1_51' title="bbox 2129 2011 3698 2083; baseline 0 -19"><span class='ocrx_word' id='word_1_412' title='bbox 2129 2011 2244 2076; x_wconf 91' lang='lat' dir='ltr'><strong>Dei,</strong></span> <span class='ocrx_word' id='word_1_413' title='bbox 2267 2021 2349 2067; x_wconf 92' lang='lat' dir='ltr'><strong>est</strong></span> <span class='ocrx_word' id='word_1_414' title='bbox 2379 2013 2634 2083; x_wconf 87' lang='lat' dir='ltr'><strong>religiosa</strong></span> <span class='ocrx_word' id='word_1_415' title='bbox 2659 2012 2792 2077; x_wconf 88' lang='lat' dir='ltr'><strong>vita,</strong></span> <span class='ocrx_word' id='word_1_416' title='bbox 2818 2013 2976 2082; x_wconf 90' lang='lat' dir='ltr'><strong>cujus</strong></span> <span class='ocrx_word' id='word_1_417' title='bbox 3029 2012 3152 2067; x_wconf 79' lang='lat' dir='ltr'><strong>finis</strong></span> <span class='ocrx_word' id='word_1_418' title='bbox 3187 2013 3254 2068; x_wconf 92' lang='lat' dir='ltr'><strong>ad</strong></span> <span class='ocrx_word' id='word_1_419' title='bbox 3280 2013 3461 2082; x_wconf 88' lang='lat' dir='ltr'><strong>ipsum</strong></span> <span class='ocrx_word' id='word_1_420' title='bbox 3499 2011 3698 2076; x_wconf 56' lang='lat' dir='ltr'><strong>Deum,</strong></span> 
     </span>
    </p>
   </div>
   <div class='ocr_carea' id='block_1_52' title="bbox 2127 2105 3700 2176">
    <p class='ocr_par' dir='ltr' id='par_1_52' title="bbox 2127 2105 3700 2176">
     <span class='ocr_line' id='line_1_52' title="bbox 2127 2105 3700 2176; baseline -0.002 -13"><span class='ocrx_word' id='word_1_421' title='bbox 2127 2123 2224 2163; x_wconf 91' lang='lat' dir='ltr'><strong>ceu</strong></span> <span class='ocrx_word' id='word_1_422' title='bbox 2273 2108 2340 2162; x_wconf 89' lang='lat' dir='ltr'><strong>ad</strong></span> <span class='ocrx_word' id='word_1_423' title='bbox 2395 2107 2685 2176; x_wconf 85' lang='lat' dir='ltr'><strong>quamdam</strong></span> <span class='ocrx_word' id='word_1_424' title='bbox 2739 2107 3010 2162; x_wconf 89' lang='lat' dir='ltr'><strong>bonorum</strong></span> <span class='ocrx_word' id='word_1_425' title='bbox 3068 2107 3410 2176; x_wconf 90' lang='lat' dir='ltr'><strong>metropolim</strong></span> <span class='ocrx_word' id='word_1_426' title='bbox 3463 2105 3700 2160; x_wconf 85' lang='lat' dir='ltr'><strong>deducit.</strong></span> 
     </span>
    </p>
   </div>
   <div class='ocr_carea' id='block_1_53' title="bbox 2125 2197 3702 2269">
    <p class='ocr_par' dir='ltr' id='par_1_53' title="bbox 2125 2197 3702 2269">
     <span class='ocr_line' id='line_1_53' title="bbox 2125 2197 3702 2269; baseline -0.002 -17"><span class='ocrx_word' id='word_1_427' title='bbox 2125 2199 2354 2269; x_wconf 87' lang='lat' dir='ltr'><strong>Ipseque</strong></span> <span class='ocrx_word' id='word_1_428' title='bbox 2382 2199 2641 2254; x_wconf 89' lang='lat' dir='ltr'><strong>salutaris</strong></span> <span class='ocrx_word' id='word_1_429' title='bbox 2668 2213 2849 2253; x_wconf 86' lang='lat' dir='ltr'><strong>sermo</strong></span> <span class='ocrx_word' id='word_1_430' title='bbox 2871 2200 2957 2252; x_wconf 86' lang='lat' dir='ltr'><strong>via</strong></span> <span class='ocrx_word' id='word_1_431' title='bbox 2988 2197 3082 2252; x_wconf 91' lang='lat' dir='ltr'><strong>Dei</strong></span> <span class='ocrx_word' id='word_1_432' title='bbox 3113 2199 3297 2253; x_wconf 88' lang='lat' dir='ltr'><strong>fuerit.</strong></span> <span class='ocrx_word' id='word_1_433' title='bbox 3339 2197 3702 2264; x_wconf 81' lang='lat' dir='ltr'><strong>Quamobrem</strong></span> 
     </span>
    </p>
   </div>
   <div class='ocr_carea' id='block_1_54' title="bbox 2127 2289 3704 2360">
    <p class='ocr_par' dir='ltr' id='par_1_54' title="bbox 2127 2289 3704 2360">
     <span class='ocr_line' id='line_1_54' title="bbox 2127 2289 3704 2360; baseline -0.001 -15"><span class='ocrx_word' id='word_1_434' title='bbox 2127 2292 2230 2345; x_wconf 89' lang='lat' dir='ltr'><strong>sub</strong></span> <span class='ocrx_word' id='word_1_435' title='bbox 2275 2291 2390 2346; x_wconf 65' lang='lat' dir='ltr'><strong>hwc</strong></span> <span class='ocrx_word' id='word_1_436' title='bbox 2441 2292 2588 2346; x_wconf 85' lang='lat' dir='ltr'><strong>velut</strong></span> <span class='ocrx_word' id='word_1_437' title='bbox 2627 2292 2953 2345; x_wconf 87' lang='lat' dir='ltr'><strong>sententiam</strong></span> <span class='ocrx_word' id='word_1_438' title='bbox 3003 2291 3282 2360; x_wconf 76' lang='lat' dir='ltr'><strong>explicans</strong></span> <span class='ocrx_word' id='word_1_439' title='bbox 3314 2290 3500 2359; x_wconf 81' lang='lat' dir='ltr'><strong>adjicit</strong></span> <span class='ocrx_word' id='word_1_440' title='bbox 3531 2307 3604 2343; x_wconf 58' lang='lat'><strong>:1</strong></span> <span class='ocrx_word' id='word_1_441' title='bbox 3645 2289 3704 2343; x_wconf 72' lang='grc' dir='ltr'><strong>ιη</strong></span> 
     </span>
    </p>
   </div>
   <div class='ocr_carea' id='block_1_55' title="bbox 2125 2380 3700 2452">
    <p class='ocr_par' dir='ltr' id='par_1_55' title="bbox 2125 2380 3700 2452">
     <span class='ocr_line' id='line_1_55' title="bbox 2125 2380 3700 2452; baseline -0.001 -15"><span class='ocrx_word' id='word_1_442' title='bbox 2125 2384 2382 2437; x_wconf 91' lang='lat' dir='ltr'><strong>omnibus</strong></span> <span class='ocrx_word' id='word_1_443' title='bbox 2426 2383 2680 2452; x_wconf 85' lang='lat' dir='ltr'><strong>gentibus</strong></span> <span class='ocrx_word' id='word_1_444' title='bbox 2727 2383 2970 2437; x_wconf 89' lang='lat' dir='ltr'><strong>salutare</strong></span> <span class='ocrx_word' id='word_1_445' title='bbox 2998 2390 3173 2436; x_wconf 91' lang='lat' dir='ltr'><strong>tuum.</strong></span> <span class='ocrx_word' id='word_1_446' title='bbox 3210 2401 3226 2433; x_wconf 78' lang='grc' dir='ltr'><strong>ι</strong></span> <span class='ocrx_word' id='word_1_447' title='bbox 3284 2380 3356 2436; x_wconf 87' lang='lat' dir='ltr'><strong>Ut</strong></span> <span class='ocrx_word' id='word_1_448' title='bbox 3396 2381 3578 2452; x_wconf 90' lang='lat' dir='ltr'><strong>itaque</strong></span> <span class='ocrx_word' id='word_1_449' title='bbox 3610 2398 3700 2436; x_wconf 85' lang='lat' dir='ltr'><strong>va-</strong></span> 
     </span>
    </p>
   </div>
   <div class='ocr_carea' id='block_1_56' title="bbox 2125 2474 3704 2544">
    <p class='ocr_par' dir='ltr' id='par_1_56' title="bbox 2125 2474 3704 2544">
     <span class='ocr_line' id='line_1_56' title="bbox 2125 2474 3704 2544; baseline -0.003 -14"><span class='ocrx_word' id='word_1_450' title='bbox 2125 2476 2334 2531; x_wconf 90' lang='lat' dir='ltr'><strong>leamus</strong></span> <span class='ocrx_word' id='word_1_451' title='bbox 2358 2475 2412 2528; x_wconf 91' lang='lat' dir='ltr'><strong>in</strong></span> <span class='ocrx_word' id='word_1_452' title='bbox 2443 2476 2590 2529; x_wconf 89' lang='lat' dir='ltr'><strong>omni</strong></span> <span class='ocrx_word' id='word_1_453' title='bbox 2617 2482 2763 2529; x_wconf 89' lang='lat' dir='ltr'><strong>terra</strong></span> <span class='ocrx_word' id='word_1_454' title='bbox 2789 2475 2918 2528; x_wconf 90' lang='lat' dir='ltr'><strong>etin</strong></span> <span class='ocrx_word' id='word_1_455' title='bbox 2945 2475 3200 2529; x_wconf 74' lang='lat' dir='ltr'><strong>omnibhs</strong></span> <span class='ocrx_word' id='word_1_456' title='bbox 3225 2474 3479 2544; x_wconf 81' lang='lat' dir='ltr'><strong>gentibus</strong></span> <span class='ocrx_word' id='word_1_457' title='bbox 3505 2483 3704 2532; x_wconf 85' lang='lat' dir='ltr'><strong>terram</strong></span> 
     </span>
    </p>
   </div>
   <div class='ocr_carea' id='block_1_57' title="bbox 2125 2566 3706 2631">
    <p class='ocr_par' dir='ltr' id='par_1_57' title="bbox 2125 2566 3706 2631">
     <span class='ocr_line' id='line_1_57' title="bbox 2125 2566 3706 2631; baseline -0.001 -10"><span class='ocrx_word' id='word_1_458' title='bbox 2125 2567 2495 2622; x_wconf 89' lang='lat' dir='ltr'><strong>incolentibus</strong></span> <span class='ocrx_word' id='word_1_459' title='bbox 2521 2567 2663 2620; x_wconf 86' lang='lat' dir='ltr'><strong>viam</strong></span> <span class='ocrx_word' id='word_1_460' title='bbox 2691 2574 2840 2620; x_wconf 87' lang='lat' dir='ltr'><strong>tuam</strong></span> <span class='ocrx_word' id='word_1_461' title='bbox 2864 2573 2918 2621; x_wconf 90' lang='lat' dir='ltr'><strong>et</strong></span> <span class='ocrx_word' id='word_1_462' title='bbox 2940 2567 3181 2622; x_wconf 84' lang='lat' dir='ltr'><strong>salutare</strong></span> <span class='ocrx_word' id='word_1_463' title='bbox 3207 2575 3382 2631; x_wconf 91' lang='lat' dir='ltr'><strong>tuum,</strong></span> <span class='ocrx_word' id='word_1_464' title='bbox 3412 2581 3536 2620; x_wconf 89' lang='lat' dir='ltr'><strong>nam</strong></span> <span class='ocrx_word' id='word_1_465' title='bbox 3563 2566 3706 2621; x_wconf 87' lang='lat' dir='ltr'><strong>idem</strong></span> 
     </span>
    </p>
   </div>
   <div class='ocr_carea' id='block_1_58' title="bbox 2127 2656 3707 2730">
    <p class='ocr_par' dir='ltr' id='par_1_58' title="bbox 2127 2656 3707 2730">
     <span class='ocr_line' id='line_1_58' title="bbox 2127 2656 3707 2730; baseline -0.001 -16"><span class='ocrx_word' id='word_1_466' title='bbox 2127 2660 2304 2730; x_wconf 89' lang='lat' dir='ltr'><strong>ipsum</strong></span> <span class='ocrx_word' id='word_1_467' title='bbox 2345 2665 2450 2723; x_wconf 91' lang='lat' dir='ltr'><strong>est,</strong></span> <span class='ocrx_word' id='word_1_468' title='bbox 2485 2667 2676 2712; x_wconf 90' lang='lat' dir='ltr'><strong>notum</strong></span> <span class='ocrx_word' id='word_1_469' title='bbox 2714 2658 2914 2720; x_wconf 86' lang='lat' dir='ltr'><strong>facere,</strong></span> <span class='ocrx_word' id='word_1_470' title='bbox 2952 2659 3211 2714; x_wconf 89' lang='lat' dir='ltr'><strong>miserere</strong></span> <span class='ocrx_word' id='word_1_471' title='bbox 3236 2656 3616 2722; x_wconf 80' lang='lat' dir='ltr'><strong>nostri,l)eus,</strong></span> <span class='ocrx_word' id='word_1_472' title='bbox 3652 2665 3707 2712; x_wconf 87' lang='lat' dir='ltr'><strong>et</strong></span> 
     </span>
    </p>
   </div>
   <div class='ocr_carea' id='block_1_59' title="bbox 2126 2751 3707 2827">
    <p class='ocr_par' dir='ltr' id='par_1_59' title="bbox 2126 2751 3707 2827">
     <span class='ocr_line' id='line_1_59' title="bbox 2126 2751 3707 2827; baseline -0.002 -19"><span class='ocrx_word' id='word_1_473' title='bbox 2126 2753 2355 2827; x_wconf 85' lang='lat' dir='ltr'><strong>benedic</strong></span> <span class='ocrx_word' id='word_1_474' title='bbox 2407 2751 2601 2817; x_wconf 89' lang='lat' dir='ltr'><strong>nobis,</strong></span> <span class='ocrx_word' id='word_1_475' title='bbox 2646 2752 2963 2822; x_wconf 87' lang='lat' dir='ltr'><strong>vultumque</strong></span> <span class='ocrx_word' id='word_1_476' title='bbox 3017 2759 3171 2805; x_wconf 90' lang='lat' dir='ltr'><strong>tuum</strong></span> <span class='ocrx_word' id='word_1_477' title='bbox 3237 2751 3481 2805; x_wconf 85' lang='lat' dir='ltr'><strong>illumina</strong></span> <span class='ocrx_word' id='word_1_478' title='bbox 3541 2764 3707 2821; x_wconf 76' lang='lat' dir='ltr'><strong>super</strong></span> 
     </span>
    </p>
   </div>
   <div class='ocr_carea' id='block_1_60' title="bbox 2125 2845 3708 2915">
    <p class='ocr_par' dir='ltr' id='par_1_60' title="bbox 2125 2845 3708 2915">
     <span class='ocr_line' id='line_1_60' title="bbox 2125 2845 3708 2915; baseline 0.001 -15"><span class='ocrx_word' id='word_1_479' title='bbox 2125 2862 2257 2912; x_wconf 89' lang='lat' dir='ltr'><strong>nos;</strong></span> <span class='ocrx_word' id='word_1_480' title='bbox 2292 2854 2351 2900; x_wconf 91' lang='lat' dir='ltr'><strong>ut</strong></span> <span class='ocrx_word' id='word_1_481' title='bbox 2387 2847 2593 2901; x_wconf 90' lang='lat' dir='ltr'><strong>lumine</strong></span> <span class='ocrx_word' id='word_1_482' title='bbox 2627 2846 2810 2900; x_wconf 81' lang='lat' dir='ltr'><strong>vultus</strong></span> <span class='ocrx_word' id='word_1_483' title='bbox 2849 2846 2925 2899; x_wconf 92' lang='lat' dir='ltr'><strong>tui</strong></span> <span class='ocrx_word' id='word_1_484' title='bbox 2958 2846 3188 2915; x_wconf 81' lang='lat' dir='ltr'><strong>repleti,</strong></span> <span class='ocrx_word' id='word_1_485' title='bbox 3240 2859 3430 2899; x_wconf 90' lang='lat' dir='ltr'><strong>omnes</strong></span> <span class='ocrx_word' id='word_1_486' title='bbox 3458 2845 3708 2901; x_wconf 87' lang='lat' dir='ltr'><strong>homines</strong></span> 
     </span>
    </p>
   </div>
   <div class='ocr_carea' id='block_1_61' title="bbox 2125 2938 3707 3003">
    <p class='ocr_par' dir='ltr' id='par_1_61' title="bbox 2125 2938 3707 3003">
     <span class='ocr_line' id='line_1_61' title="bbox 2125 2938 3707 3003; baseline 0 -11"><span class='ocrx_word' id='word_1_487' title='bbox 2125 2938 2485 2994; x_wconf 90' lang='lat' dir='ltr'><strong>illustremus.</strong></span> <span class='ocrx_word' id='word_1_488' title='bbox 2519 2939 2734 2994; x_wconf 89' lang='lat' dir='ltr'><strong>Atenim</strong></span> <span class='ocrx_word' id='word_1_489' title='bbox 2778 2939 2884 2994; x_wconf 92' lang='lat' dir='ltr'><strong>nisi</strong></span> <span class='ocrx_word' id='word_1_490' title='bbox 2915 2939 3029 2993; x_wconf 57' lang='lat' dir='ltr'><strong>hac</strong></span> <span class='ocrx_word' id='word_1_491' title='bbox 3064 2939 3222 2993; x_wconf 89' lang='lat' dir='ltr'><strong>nobis</strong></span> <span class='ocrx_word' id='word_1_492' title='bbox 3255 2938 3551 3003; x_wconf 87' lang='lat' dir='ltr'><strong>adfuerint,</strong></span> <span class='ocrx_word' id='word_1_493' title='bbox 3571 2939 3707 2993; x_wconf 83' lang='lat' dir='ltr'><strong>nihil</strong></span> 
     </span>
    </p>
   </div>
   <div class='ocr_carea' id='block_1_62' title="bbox 2126 3030 3230 3103">
    <p class='ocr_par' dir='ltr' id='par_1_62' title="bbox 2126 3030 3230 3103">
     <span class='ocr_line' id='line_1_62' title="bbox 2126 3030 3230 3103; baseline 0 -18"><span class='ocrx_word' id='word_1_494' title='bbox 2126 3031 2193 3087; x_wconf 88' lang='lat' dir='ltr'><strong>ad</strong></span> <span class='ocrx_word' id='word_1_495' title='bbox 2219 3039 2428 3087; x_wconf 86' lang='lat' dir='ltr'><strong>tantam</strong></span> <span class='ocrx_word' id='word_1_496' title='bbox 2457 3047 2574 3087; x_wconf 84' lang='lat' dir='ltr'><strong>rem</strong></span> <span class='ocrx_word' id='word_1_497' title='bbox 2600 3030 2986 3103; x_wconf 88' lang='lat' dir='ltr'><strong>perﬁciendam</strong></span> <span class='ocrx_word' id='word_1_498' title='bbox 3023 3047 3230 3088; x_wconf 90' lang='lat' dir='ltr'><strong>sumus.</strong></span> 
     </span>
    </p>
   </div>
   <div class='ocr_carea' id='block_1_63' title="bbox 522 3196 2026 3304">
    <p class='ocr_par' dir='ltr' id='par_1_63' title="bbox 522 3227 2022 3302">
     <span class='ocr_line' id='line_1_63' title="bbox 522 3227 2022 3302; baseline 0.001 -23"><span class='ocrx_word' id='word_1_499' title='bbox 522 3246 540 3279; x_wconf 80' lang='grc' dir='ltr'><strong>ι</strong></span> <span class='ocrx_word' id='word_1_500' title='bbox 585 3229 1200 3302; x_wconf 82' lang='grc' dir='ltr'>Ἐξομολογησάσθωσάν</span> <span class='ocrx_word' id='word_1_501' title='bbox 1247 3247 1328 3284; x_wconf 91' lang='grc' dir='ltr'><strong>σοι</strong></span> <span class='ocrx_word' id='word_1_502' title='bbox 1358 3229 1499 3294; x_wconf 72' lang='grc' dir='ltr'>λαοὶ,</span> <span class='ocrx_word' id='word_1_503' title='bbox 1534 3229 1563 3282; x_wconf 90' lang='lat'><strong>6</strong></span> <span class='ocrx_word' id='word_1_504' title='bbox 1594 3229 1746 3293; x_wconf 87' lang='grc' dir='ltr'>Θεὸς,</span> <span class='ocrx_word' id='word_1_505' title='bbox 1773 3227 2022 3300; x_wconf 77' lang='grc' dir='ltr'>ἐξομολο-</span> 
     </span>
    </p>
   </div>
   <div class='ocr_carea' id='block_1_64' title="bbox 2128 3196 3709 3304">
    <p class='ocr_par' dir='ltr' id='par_1_64' title="bbox 2192 3230 3709 3304">
     <span class='ocr_line' id='line_1_64' title="bbox 2192 3230 3709 3304; baseline -0.002 -16"><span class='ocrx_word' id='word_1_506' title='bbox 2192 3233 2359 3289; x_wconf 78' lang='lat' dir='ltr'><strong>Vsns.</strong></span> <span class='ocrx_word' id='word_1_507' title='bbox 2384 3235 2495 3289; x_wconf 67' lang='lat'><strong>4-8.</strong></span> <span class='ocrx_word' id='word_1_508' title='bbox 2529 3252 2547 3286; x_wconf 82' lang='grc' dir='ltr'><strong>ι</strong></span> <span class='ocrx_word' id='word_1_509' title='bbox 2585 3235 2962 3291; x_wconf 83' lang='lat' dir='ltr'><strong>Confiteantur</strong></span> <span class='ocrx_word' id='word_1_510' title='bbox 2991 3234 3088 3288; x_wconf 87' lang='lat' dir='ltr'><strong>tibi</strong></span> <span class='ocrx_word' id='word_1_511' title='bbox 3111 3233 3316 3304; x_wconf 84' lang='lat' dir='ltr'><strong>populi,</strong></span> <span class='ocrx_word' id='word_1_512' title='bbox 3344 3231 3512 3294; x_wconf 89' lang='lat' dir='ltr'><strong>Deus,</strong></span> <span class='ocrx_word' id='word_1_513' title='bbox 3537 3230 3709 3285; x_wconf 84' lang='lat' dir='ltr'><strong>conli-</strong></span> 
     </span>
    </p>
   </div>
   <div class='ocr_carea' id='block_1_65' title="bbox 443 3321 2024 3394">
    <p class='ocr_par' dir='ltr' id='par_1_65' title="bbox 443 3321 2024 3394">
     <span class='ocr_line' id='line_1_65' title="bbox 443 3321 2024 3394; baseline -0.001 -20"><span class='ocrx_word' id='word_1_514' title='bbox 443 3322 803 3393; x_wconf 61' lang='grc' dir='ltr'>γησάσθωσάν</span> <span class='ocrx_word' id='word_1_515' title='bbox 843 3340 923 3376; x_wconf 84' lang='grc' dir='ltr'><strong>σοι</strong></span> <span class='ocrx_word' id='word_1_516' title='bbox 952 3323 1073 3377; x_wconf 81' lang='grc' dir='ltr'>λαοὶ</span> <span class='ocrx_word' id='word_1_517' title='bbox 1105 3324 1325 3387; x_wconf 86' lang='grc' dir='ltr'>πάντες.</span> <span class='ocrx_word' id='word_1_518' title='bbox 1359 3321 1851 3394; x_wconf 87' lang='grc' dir='ltr'>Εὐφρανθήτωσαν.</span> <span class='ocrx_word' id='word_1_519' title='bbox 1886 3341 1903 3373; x_wconf 82' lang='grc'><strong>›</strong></span> <span class='ocrx_word' id='word_1_520' title='bbox 1943 3323 2024 3374; x_wconf 86' lang='grc' dir='ltr'><strong>Τὰ</strong></span> 
     </span>
    </p>
   </div>
   <div class='ocr_carea' id='block_1_66' title="bbox 449 3413 2018 3488">
    <p class='ocr_par' dir='ltr' id='par_1_66' title="bbox 449 3413 2018 3488">
     <span class='ocr_line' id='line_1_66' title="bbox 449 3413 2018 3488; baseline 0.002 -24"><span class='ocrx_word' id='word_1_521' title='bbox 449 3414 548 3485; x_wconf 80' lang='grc' dir='ltr'>μὲν</span> <span class='ocrx_word' id='word_1_522' title='bbox 577 3414 765 3486; x_wconf 88' lang='grc' dir='ltr'>πρῶτα</span> <span class='ocrx_word' id='word_1_523' title='bbox 795 3416 1002 3479; x_wconf 79' lang='grc' dir='ltr'>ἑαυτοῖς</span> <span class='ocrx_word' id='word_1_524' title='bbox 1025 3415 1328 3488; x_wconf 81' lang='grc' dir='ltr'>ἐπηύξαντο</span> <span class='ocrx_word' id='word_1_525' title='bbox 1349 3418 1397 3468; x_wconf 84' lang='grc' dir='ltr'><strong>οἱ</strong></span> <span class='ocrx_word' id='word_1_526' title='bbox 1425 3414 1534 3468; x_wconf 94' lang='grc' dir='ltr'><strong>τῶν</strong></span> <span class='ocrx_word' id='word_1_527' title='bbox 1561 3413 1730 3467; x_wconf 82' lang='grc' dir='ltr'>ἐθνῶν</span> <span class='ocrx_word' id='word_1_528' title='bbox 1753 3415 1991 3486; x_wconf 87' lang='grc' dir='ltr'>κήρυκες</span> <span class='ocrx_word' id='word_1_529' title='bbox 2007 3432 2018 3444; x_wconf 78' lang='lat'><strong><em>°</em></strong></span> 
     </span>
    </p>
   </div>
   <div class='ocr_carea' id='block_1_67' title="bbox 444 3505 2023 3576">
    <p class='ocr_par' dir='ltr' id='par_1_67' title="bbox 444 3505 2023 3576">
     <span class='ocr_line' id='line_1_67' title="bbox 444 3505 2023 3576; baseline -0.001 -17"><span class='ocrx_word' id='word_1_530' title='bbox 444 3505 514 3559; x_wconf 83' lang='grc' dir='ltr'>τὰ</span> <span class='ocrx_word' id='word_1_531' title='bbox 539 3506 594 3558; x_wconf 87' lang='grc' dir='ltr'><strong>δέ</strong></span> <span class='ocrx_word' id='word_1_532' title='bbox 628 3507 963 3576; x_wconf 83' lang='grc' dir='ltr'>προκείμενα</span> <span class='ocrx_word' id='word_1_533' title='bbox 989 3510 1101 3571; x_wconf 85' lang='grc' dir='ltr'>τοῖς</span> <span class='ocrx_word' id='word_1_534' title='bbox 1130 3508 1190 3560; x_wconf 88' lang='grc' dir='ltr'><strong>τὸ</strong></span> <span class='ocrx_word' id='word_1_535' title='bbox 1218 3507 1286 3560; x_wconf 80' lang='grc' dir='ltr'>δι’</span> <span class='ocrx_word' id='word_1_536' title='bbox 1319 3505 1498 3560; x_wconf 88' lang='grc' dir='ltr'>αὐτῶν</span> <span class='ocrx_word' id='word_1_537' title='bbox 1538 3505 1800 3576; x_wconf 90' lang='grc' dir='ltr'>κήρυγμα</span> <span class='ocrx_word' id='word_1_538' title='bbox 1843 3523 2023 3576; x_wconf 87' lang='grc' dir='ltr'>παρα-</span> 
     </span>
    </p>
   </div>
   <div class='ocr_carea' id='block_1_68' title="bbox 445 3595 2026 3670">
    <p class='ocr_par' dir='ltr' id='par_1_68' title="bbox 445 3595 2026 3670">
     <span class='ocr_line' id='line_1_68' title="bbox 445 3595 2026 3670; baseline 0.002 -23"><span class='ocrx_word' id='word_1_539' title='bbox 445 3595 776 3666; x_wconf 80' lang='grc' dir='ltr'>δεξαμένοις.</span> <span class='ocrx_word' id='word_1_540' title='bbox 821 3599 932 3650; x_wconf 75' lang='grc' dir='ltr'><strong>Καὶ</strong></span> <span class='ocrx_word' id='word_1_541' title='bbox 959 3597 1023 3668; x_wconf 82' lang='grc' dir='ltr'>δὴ</span> <span class='ocrx_word' id='word_1_542' title='bbox 1053 3599 1148 3652; x_wconf 82' lang='grc' dir='ltr'>καί</span> <span class='ocrx_word' id='word_1_543' title='bbox 1177 3598 1393 3670; x_wconf 88' lang='grc' dir='ltr'>πρῶτον</span> <span class='ocrx_word' id='word_1_544' title='bbox 1429 3598 1527 3669; x_wconf 81' lang='grc' dir='ltr'><strong>μὲν</strong></span> <span class='ocrx_word' id='word_1_545' title='bbox 1566 3598 1748 3660; x_wconf 84' lang='grc' dir='ltr'>αὐτοῖς</span> <span class='ocrx_word' id='word_1_546' title='bbox 1777 3596 2026 3668; x_wconf 79' lang='grc' dir='ltr'>ἐξομολο-</span> 
     </span>
    </p>
   </div>
   <div class='ocr_carea' id='block_1_69' title="bbox 447 3687 2026 3762">
    <p class='ocr_par' dir='ltr' id='par_1_69' title="bbox 447 3687 2026 3762">
     <span class='ocr_line' id='line_1_69' title="bbox 447 3687 2026 3762; baseline 0.003 -24"><span class='ocrx_word' id='word_1_547' title='bbox 447 3689 658 3757; x_wconf 86' lang='grc' dir='ltr'>γήσεως</span> <span class='ocrx_word' id='word_1_548' title='bbox 686 3687 963 3759; x_wconf 81' lang='grc' dir='ltr'>ἐνδοθῆναι</span> <span class='ocrx_word' id='word_1_549' title='bbox 992 3691 1177 3762; x_wconf 85' lang='grc' dir='ltr'>χώραν</span> <span class='ocrx_word' id='word_1_550' title='bbox 1203 3690 1489 3762; x_wconf 74' lang='grc' dir='ltr'>εὔχονται,</span> <span class='ocrx_word' id='word_1_551' title='bbox 1508 3690 1658 3752; x_wconf 81' lang='grc' dir='ltr'>ὅπως</span> <span class='ocrx_word' id='word_1_552' title='bbox 1686 3688 1756 3741; x_wconf 82' lang='grc' dir='ltr'>τὰ</span> <span class='ocrx_word' id='word_1_553' title='bbox 1785 3689 2026 3760; x_wconf 88' lang='grc' dir='ltr'>πρότερα</span> 
     </span>
    </p>
   </div>
   <div class='ocr_carea' id='block_1_70' title="bbox 450 3777 2026 3852">
    <p class='ocr_par' dir='ltr' id='par_1_70' title="bbox 450 3777 2026 3852">
     <span class='ocr_line' id='line_1_70' title="bbox 450 3777 2026 3852; baseline 0.003 -23"><span class='ocrx_word' id='word_1_554' title='bbox 450 3777 656 3830; x_wconf 75' lang='grc' dir='ltr'>ἑαυτῶν</span> <span class='ocrx_word' id='word_1_555' title='bbox 705 3779 1154 3850; x_wconf 87' lang='grc' dir='ltr'>πλημμελήματα</span> <span class='ocrx_word' id='word_1_556' title='bbox 1201 3783 1298 3834; x_wconf 79' lang='grc' dir='ltr'><strong>καὶ</strong></span> <span class='ocrx_word' id='word_1_557' title='bbox 1345 3782 1444 3844; x_wconf 86' lang='grc' dir='ltr'>τὰς</span> <span class='ocrx_word' id='word_1_558' title='bbox 1503 3781 1561 3833; x_wconf 88' lang='grc' dir='ltr'><strong>ἐν</strong></span> <span class='ocrx_word' id='word_1_559' title='bbox 1615 3780 2026 3852; x_wconf 76' lang='grc' dir='ltr'>εἰδωλολατρείᾳ.</span> 
     </span>
    </p>
   </div>
   <div class='ocr_carea' id='block_1_71' title="bbox 446 3865 2021 3943">
    <p class='ocr_par' dir='ltr' id='par_1_71' title="bbox 446 3865 2021 3943">
     <span class='ocr_line' id='line_1_71' title="bbox 446 3865 2021 3943; baseline 0.008 -21"><span class='ocrx_word' id='word_1_560' title='bbox 446 3865 764 3932; x_wconf 72' lang='grc' dir='ltr'>δυσσεϐείας</span> <span class='ocrx_word' id='word_1_561' title='bbox 805 3870 1228 3940; x_wconf 75' lang='grc' dir='ltr'>ἀπορρύψωνται</span> <span class='ocrx_word' id='word_1_562' title='bbox 1275 3870 1364 3924; x_wconf 88' lang='grc' dir='ltr'>διὰ</span> <span class='ocrx_word' id='word_1_563' title='bbox 1406 3871 1505 3941; x_wconf 80' lang='grc' dir='ltr'>τῆς</span> <span class='ocrx_word' id='word_1_564' title='bbox 1556 3870 2021 3943; x_wconf 79' lang='grc' dir='ltr'>ἐξομολογήσεως’</span> 
     </span>
    </p>
   </div>
   <div class='ocr_carea' id='block_1_72' title="bbox 446 3959 2028 4036">
    <p class='ocr_par' dir='ltr' id='par_1_72' title="bbox 446 3959 2028 4036">
     <span class='ocr_line' id='line_1_72' title="bbox 446 3959 2028 4036; baseline 0.001 -20"><span class='ocrx_word' id='word_1_565' title='bbox 446 3959 698 4033; x_wconf 81' lang='grc' dir='ltr'>δεύτερον</span> <span class='ocrx_word' id='word_1_566' title='bbox 727 3962 1098 4034; x_wconf 85' lang='grc' dir='ltr'>καθαρθέντας</span> <span class='ocrx_word' id='word_1_567' title='bbox 1129 3964 1325 4028; x_wconf 82' lang='grc' dir='ltr'>αὐτοὺς</span> <span class='ocrx_word' id='word_1_568' title='bbox 1354 3968 1536 4034; x_wconf 88' lang='grc' dir='ltr'>τυχεῖν</span> <span class='ocrx_word' id='word_1_569' title='bbox 1571 3966 1909 4036; x_wconf 85' lang='grc' dir='ltr'>εὐφροσύνης</span> <span class='ocrx_word' id='word_1_570' title='bbox 1935 3967 2028 4018; x_wconf 80' lang='grc' dir='ltr'><strong>καὶ</strong></span> 
     </span>
    </p>
   </div>
   <div class='ocr_carea' id='block_1_73' title="bbox 447 4050 2027 4129">
    <p class='ocr_par' dir='ltr' id='par_1_73' title="bbox 447 4050 2027 4129">
     <span class='ocr_line' id='line_1_73' title="bbox 447 4050 2027 4129; baseline 0.003 -23"><span class='ocrx_word' id='word_1_571' title='bbox 447 4051 817 4121; x_wconf 77' lang='grc' dir='ltr'>ἀγαλλιάσεως</span> <span class='ocrx_word' id='word_1_572' title='bbox 842 4053 944 4124; x_wconf 81' lang='grc' dir='ltr'>τῆς</span> <span class='ocrx_word' id='word_1_573' title='bbox 977 4054 1128 4126; x_wconf 89' lang='grc' dir='ltr'><strong>παρά</strong></span> <span class='ocrx_word' id='word_1_574' title='bbox 1157 4055 1233 4126; x_wconf 82' lang='grc' dir='ltr'>τῷ</span> <span class='ocrx_word' id='word_1_575' title='bbox 1262 4055 1381 4126; x_wconf 85' lang='grc' dir='ltr'>Θεῴ</span> <span class='ocrx_word' id='word_1_576' title='bbox 1418 4050 1738 4110; x_wconf 82' lang='grc' dir='ltr'>ἱκετεύουσι.</span> <span class='ocrx_word' id='word_1_577' title='bbox 1761 4057 1851 4110; x_wconf 92' lang='grc' dir='ltr'>Διὸ</span> <span class='ocrx_word' id='word_1_578' title='bbox 1876 4057 2027 4129; x_wconf 93' lang='grc' dir='ltr'>πρῶ-</span> 
     </span>
    </p>
   </div>
   <div class='ocr_carea' id='block_1_74' title="bbox 446 4144 2022 4218">
    <p class='ocr_par' dir='ltr' id='par_1_74' title="bbox 446 4144 2022 4218">
     <span class='ocr_line' id='line_1_74' title="bbox 446 4144 2022 4218; baseline 0.003 -22"><span class='ocrx_word' id='word_1_579' title='bbox 446 4161 536 4197; x_wconf 78' lang='grc' dir='ltr'><strong>τον</strong></span> <span class='ocrx_word' id='word_1_580' title='bbox 561 4144 722 4213; x_wconf 91' lang='grc' dir='ltr'>φασίν</span> <span class='ocrx_word' id='word_1_581' title='bbox 740 4161 755 4176; x_wconf 78' lang='grc' dir='ltr'><strong>ο</strong></span> <span class='ocrx_word' id='word_1_582' title='bbox 794 4163 814 4196; x_wconf 73' lang='grc' dir='ltr'><strong>ι</strong></span> <span class='ocrx_word' id='word_1_583' title='bbox 857 4145 1475 4218; x_wconf 83' lang='grc' dir='ltr'>Ἐξομολογησάσθωσάν</span> <span class='ocrx_word' id='word_1_584' title='bbox 1498 4163 1580 4199; x_wconf 89' lang='grc' dir='ltr'><strong>σοι</strong></span> <span class='ocrx_word' id='word_1_585' title='bbox 1609 4147 1748 4214; x_wconf 76' lang='grc' dir='ltr'>λαοὶ,</span> <span class='ocrx_word' id='word_1_586' title='bbox 1771 4150 1799 4200; x_wconf 91' lang='lat'><strong>6</strong></span> <span class='ocrx_word' id='word_1_587' title='bbox 1825 4148 1974 4211; x_wconf 86' lang='grc' dir='ltr'>Θεός.</span> <span class='ocrx_word' id='word_1_588' title='bbox 2004 4167 2022 4199; x_wconf 83' lang='grc'>›</span> 
     </span>
    </p>
   </div>
   <div class='ocr_carea' id='block_1_75' title="bbox 461 4236 2028 4310">
    <p class='ocr_par' dir='ltr' id='par_1_75' title="bbox 461 4236 2028 4310">
     <span class='ocr_line' id='line_1_75' title="bbox 461 4236 2028 4310; baseline 0.003 -21"><span class='ocrx_word' id='word_1_589' title='bbox 461 4236 599 4289; x_wconf 84' lang='grc' dir='ltr'>Ἀλλ’</span> <span class='ocrx_word' id='word_1_590' title='bbox 631 4237 753 4290; x_wconf 77' lang='grc' dir='ltr'>ἐπεὶ</span> <span class='ocrx_word' id='word_1_591' title='bbox 788 4237 1067 4291; x_wconf 77' lang='grc' dir='ltr'>συνέϐαινε</span> <span class='ocrx_word' id='word_1_592' title='bbox 1100 4239 1266 4310; x_wconf 88' lang='grc' dir='ltr'>μήπω</span> <span class='ocrx_word' id='word_1_593' title='bbox 1293 4240 1531 4292; x_wconf 87' lang='grc' dir='ltr'>συνεῖναι</span> <span class='ocrx_word' id='word_1_594' title='bbox 1554 4241 1704 4310; x_wconf 84' lang='grc' dir='ltr'>ἡμᾶς</span> <span class='ocrx_word' id='word_1_595' title='bbox 1736 4240 1921 4304; x_wconf 88' lang='grc' dir='ltr'>ποίους</span> <span class='ocrx_word' id='word_1_596' title='bbox 1949 4242 2028 4293; x_wconf 83' lang='grc' dir='ltr'>εί-</span> 
     </span>
    </p>
   </div>
   <div class='ocr_carea' id='block_1_76' title="bbox 451 4328 2033 4403">
    <p class='ocr_par' dir='ltr' id='par_1_76' title="bbox 451 4328 2033 4403">
     <span class='ocr_line' id='line_1_76' title="bbox 451 4328 2033 4403; baseline 0.003 -22"><span class='ocrx_word' id='word_1_597' title='bbox 451 4330 651 4400; x_wconf 76' lang='grc' dir='ltr'>ρήκασι</span> <span class='ocrx_word' id='word_1_598' title='bbox 696 4329 892 4393; x_wconf 85' lang='grc' dir='ltr'>λαούς·</span> <span class='ocrx_word' id='word_1_599' title='bbox 941 4331 1065 4382; x_wconf 77' lang='grc' dir='ltr'>ἐπεὶ</span> <span class='ocrx_word' id='word_1_600' title='bbox 1099 4331 1194 4382; x_wconf 80' lang='grc' dir='ltr'><strong>καὶ</strong></span> <span class='ocrx_word' id='word_1_601' title='bbox 1230 4329 1291 4383; x_wconf 91' lang='grc' dir='ltr'><strong>τὸ</strong></span> <span class='ocrx_word' id='word_1_602' title='bbox 1335 4328 1604 4384; x_wconf 84' lang='grc' dir='ltr'>Ἰουδαίων</span> <span class='ocrx_word' id='word_1_603' title='bbox 1649 4330 1800 4394; x_wconf 75' lang='grc' dir='ltr'>ἔθνος</span> <span class='ocrx_word' id='word_1_604' title='bbox 1842 4331 2033 4403; x_wconf 80' lang='grc' dir='ltr'>ἀθροί-</span> 
     </span>
    </p>
   </div>
   <div class='ocr_carea' id='block_1_77' title="bbox 449 4420 2026 4494">
    <p class='ocr_par' dir='ltr' id='par_1_77' title="bbox 449 4420 2026 4494">
     <span class='ocr_line' id='line_1_77' title="bbox 449 4420 2026 4494; baseline 0.001 -20"><span class='ocrx_word' id='word_1_605' title='bbox 449 4437 631 4491; x_wconf 87' lang='grc' dir='ltr'>σματα</span> <span class='ocrx_word' id='word_1_606' title='bbox 664 4421 758 4473; x_wconf 72' lang='grc' dir='ltr'><strong>καὶ</strong></span> <span class='ocrx_word' id='word_1_607' title='bbox 790 4421 953 4484; x_wconf 84' lang='grc' dir='ltr'>λαοὺς</span> <span class='ocrx_word' id='word_1_608' title='bbox 997 4420 1292 4493; x_wconf 76' lang='grc' dir='ltr'>ἐκέκτητο’</span> <span class='ocrx_word' id='word_1_609' title='bbox 1325 4422 1657 4490; x_wconf 84' lang='grc' dir='ltr'>ἀναγκαίως,</span> <span class='ocrx_word' id='word_1_610' title='bbox 1693 4422 1778 4475; x_wconf 77' lang='grc' dir='ltr'><strong>ἵνα</strong></span> <span class='ocrx_word' id='word_1_611' title='bbox 1821 4424 2026 4494; x_wconf 86' lang='grc' dir='ltr'>νοήσω-</span> 
     </span>
    </p>
   </div>
   <div class='ocr_carea' id='block_1_78' title="bbox 2126 3321 3707 3394">
    <p class='ocr_par' dir='ltr' id='par_1_78' title="bbox 2126 3321 3707 3394">
     <span class='ocr_line' id='line_1_78' title="bbox 2126 3321 3707 3394; baseline -0.001 -18"><span class='ocrx_word' id='word_1_612' title='bbox 2126 3329 2342 3377; x_wconf 80' lang='lat' dir='ltr'><strong>teantur</strong></span> <span class='ocrx_word' id='word_1_613' title='bbox 2358 3323 2455 3378; x_wconf 90' lang='lat' dir='ltr'><strong>tibi</strong></span> <span class='ocrx_word' id='word_1_614' title='bbox 2476 3325 2660 3394; x_wconf 89' lang='lat' dir='ltr'><strong>populi</strong></span> <span class='ocrx_word' id='word_1_615' title='bbox 2680 3340 2888 3379; x_wconf 81' lang='lat' dir='ltr'><strong>omnes.</strong></span> <span class='ocrx_word' id='word_1_616' title='bbox 2911 3323 3203 3378; x_wconf 66' lang='lat' dir='ltr'><strong>Laetentur.</strong></span> <span class='ocrx_word' id='word_1_617' title='bbox 3239 3344 3256 3374; x_wconf 72' lang='grc' dir='ltr'><strong>ι</strong></span> <span class='ocrx_word' id='word_1_618' title='bbox 3278 3321 3470 3378; x_wconf 89' lang='lat' dir='ltr'><strong>Priora</strong></span> <span class='ocrx_word' id='word_1_619' title='bbox 3487 3323 3707 3392; x_wconf 89' lang='lat' dir='ltr'><strong>quidem</strong></span> 
     </span>
    </p>
   </div>
   <div class='ocr_carea' id='block_1_79' title="bbox 2124 3414 3707 3488">
    <p class='ocr_par' dir='ltr' id='par_1_79' title="bbox 2124 3414 3707 3488">
     <span class='ocr_line' id='line_1_79' title="bbox 2124 3414 3707 3488; baseline -0.003 -18"><span class='ocrx_word' id='word_1_620' title='bbox 2124 3415 2227 3470; x_wconf 91' lang='lat' dir='ltr'><strong>sibi</strong></span> <span class='ocrx_word' id='word_1_621' title='bbox 2246 3432 2524 3486; x_wconf 71' lang='lat' dir='ltr'><strong>praecones</strong></span> <span class='ocrx_word' id='word_1_622' title='bbox 2555 3418 2795 3488; x_wconf 89' lang='lat' dir='ltr'><strong>gentium</strong></span> <span class='ocrx_word' id='word_1_623' title='bbox 2818 3418 3197 3487; x_wconf 89' lang='lat' dir='ltr'><strong>postularunt;</strong></span> <span class='ocrx_word' id='word_1_624' title='bbox 3220 3415 3332 3470; x_wconf 71' lang='lat' dir='ltr'><strong>haec</strong></span> <span class='ocrx_word' id='word_1_625' title='bbox 3354 3431 3482 3470; x_wconf 88' lang='lat' dir='ltr'><strong>vero</strong></span> <span class='ocrx_word' id='word_1_626' title='bbox 3514 3415 3582 3469; x_wconf 92' lang='lat' dir='ltr'><strong>iis</strong></span> <span class='ocrx_word' id='word_1_627' title='bbox 3612 3414 3707 3484; x_wconf 91' lang='lat' dir='ltr'><strong>qui</strong></span> 
     </span>
    </p>
   </div>
   <div class='ocr_carea' id='block_1_80' title="bbox 2124 3506 3710 3577">
    <p class='ocr_par' dir='ltr' id='par_1_80' title="bbox 2124 3506 3710 3577">
     <span class='ocr_line' id='line_1_80' title="bbox 2124 3506 3710 3577; baseline -0.001 -17"><span class='ocrx_word' id='word_1_628' title='bbox 2124 3506 2566 3575; x_wconf 64' lang='lat' dir='ltr'><strong>praedicationem</strong></span> <span class='ocrx_word' id='word_1_629' title='bbox 2595 3523 2750 3563; x_wconf 90' lang='lat' dir='ltr'><strong>suam</strong></span> <span class='ocrx_word' id='word_1_630' title='bbox 2776 3515 3129 3577; x_wconf 84' lang='lat' dir='ltr'><strong>exceperunt.</strong></span> <span class='ocrx_word' id='word_1_631' title='bbox 3147 3506 3211 3560; x_wconf 84' lang='lat' dir='ltr'><strong>Et</strong></span> <span class='ocrx_word' id='word_1_632' title='bbox 3227 3508 3400 3575; x_wconf 91' lang='lat' dir='ltr'><strong>primo</strong></span> <span class='ocrx_word' id='word_1_633' title='bbox 3417 3506 3552 3576; x_wconf 88' lang='lat' dir='ltr'><strong>ipsis</strong></span> <span class='ocrx_word' id='word_1_634' title='bbox 3575 3521 3710 3559; x_wconf 93' lang='lat' dir='ltr'><strong>con-</strong></span> 
     </span>
    </p>
   </div>
   <div class='ocr_carea' id='block_1_81' title="bbox 2125 3598 3709 3672">
    <p class='ocr_par' dir='ltr' id='par_1_81' title="bbox 2125 3598 3709 3672">
     <span class='ocr_line' id='line_1_81' title="bbox 2125 3598 3709 3672; baseline 0 -20"><span class='ocrx_word' id='word_1_635' title='bbox 2125 3598 2380 3656; x_wconf 81' lang='lat' dir='ltr'><strong>fessionis</strong></span> <span class='ocrx_word' id='word_1_636' title='bbox 2411 3602 2590 3656; x_wconf 85' lang='lat' dir='ltr'><strong>locum</strong></span> <span class='ocrx_word' id='word_1_637' title='bbox 2611 3603 2726 3656; x_wconf 89' lang='lat' dir='ltr'><strong>dari</strong></span> <span class='ocrx_word' id='word_1_638' title='bbox 2749 3610 3064 3672; x_wconf 85' lang='lat' dir='ltr'><strong>precantur,</strong></span> <span class='ocrx_word' id='word_1_639' title='bbox 3097 3608 3155 3654; x_wconf 92' lang='lat' dir='ltr'><strong>ut</strong></span> <span class='ocrx_word' id='word_1_640' title='bbox 3185 3617 3280 3670; x_wconf 88' lang='lat' dir='ltr'><strong>per</strong></span> <span class='ocrx_word' id='word_1_641' title='bbox 3306 3599 3709 3655; x_wconf 82' lang='lat' dir='ltr'><strong>confessionem</strong></span> 
     </span>
    </p>
   </div>
   <div class='ocr_carea' id='block_1_82' title="bbox 2125 3691 3712 3762">
    <p class='ocr_par' dir='ltr' id='par_1_82' title="bbox 2125 3691 3712 3762">
     <span class='ocr_line' id='line_1_82' title="bbox 2125 3691 3712 3762; baseline 0 -18"><span class='ocrx_word' id='word_1_642' title='bbox 2125 3692 2356 3761; x_wconf 90' lang='lat' dir='ltr'><strong>pristina</strong></span> <span class='ocrx_word' id='word_1_643' title='bbox 2404 3692 2599 3746; x_wconf 89' lang='lat' dir='ltr'><strong>delicta</strong></span> <span class='ocrx_word' id='word_1_644' title='bbox 2642 3702 2697 3748; x_wconf 91' lang='lat' dir='ltr'><strong>et</strong></span> <span class='ocrx_word' id='word_1_645' title='bbox 2737 3693 3054 3748; x_wconf 75' lang='lat' dir='ltr'><strong>idololatria:</strong></span> <span class='ocrx_word' id='word_1_646' title='bbox 3110 3692 3437 3762; x_wconf 87' lang='lat' dir='ltr'><strong>impietatem</strong></span> <span class='ocrx_word' id='word_1_647' title='bbox 3498 3691 3712 3746; x_wconf 72' lang='lat' dir='ltr'><strong>abster-</strong></span> 
     </span>
    </p>
   </div>
   <div class='ocr_carea' id='block_1_83' title="bbox 2125 3780 3710 3854">
    <p class='ocr_par' dir='ltr' id='par_1_83' title="bbox 2125 3780 3710 3854">
     <span class='ocr_line' id='line_1_83' title="bbox 2125 3780 3710 3854; baseline 0.003 -20"><span class='ocrx_word' id='word_1_648' title='bbox 2125 3789 2274 3851; x_wconf 89' lang='lat' dir='ltr'><strong>gant.</strong></span> <span class='ocrx_word' id='word_1_649' title='bbox 2316 3780 2570 3836; x_wconf 89' lang='lat' dir='ltr'><strong>Secundo</strong></span> <span class='ocrx_word' id='word_1_650' title='bbox 2599 3792 2791 3854; x_wconf 86' lang='lat' dir='ltr'><strong>rogant</strong></span> <span class='ocrx_word' id='word_1_651' title='bbox 2822 3792 2880 3838; x_wconf 91' lang='lat' dir='ltr'><strong>ut</strong></span> <span class='ocrx_word' id='word_1_652' title='bbox 2912 3785 3122 3854; x_wconf 85' lang='lat' dir='ltr'><strong>purgati</strong></span> <span class='ocrx_word' id='word_1_653' title='bbox 3157 3785 3396 3842; x_wconf 72' lang='lat' dir='ltr'><strong>lau&#39;itiam</strong></span> <span class='ocrx_word' id='word_1_654' title='bbox 3433 3793 3485 3840; x_wconf 91' lang='lat' dir='ltr'><strong>et</strong></span> <span class='ocrx_word' id='word_1_655' title='bbox 3525 3785 3710 3839; x_wconf 77' lang='lat' dir='ltr'><strong>exsul-</strong></span> 
     </span>
    </p>
   </div>
   <div class='ocr_carea' id='block_1_84' title="bbox 2126 3872 3711 3946">
    <p class='ocr_par' dir='ltr' id='par_1_84' title="bbox 2126 3872 3711 3946">
     <span class='ocr_line' id='line_1_84' title="bbox 2126 3872 3711 3946; baseline 0.003 -20"><span class='ocrx_word' id='word_1_656' title='bbox 2126 3872 2387 3928; x_wconf 90' lang='lat' dir='ltr'><strong>tationem</strong></span> <span class='ocrx_word' id='word_1_657' title='bbox 2428 3887 2458 3926; x_wconf 88' lang='lat' dir='ltr'><strong>a</strong></span> <span class='ocrx_word' id='word_1_658' title='bbox 2504 3872 2615 3928; x_wconf 93' lang='lat' dir='ltr'><strong>Deo</strong></span> <span class='ocrx_word' id='word_1_659' title='bbox 2676 3884 3106 3944; x_wconf 86' lang='lat' dir='ltr'><strong>consequantur.</strong></span> <span class='ocrx_word' id='word_1_660' title='bbox 3157 3875 3337 3942; x_wconf 88' lang='lat' dir='ltr'><strong>Quare</strong></span> <span class='ocrx_word' id='word_1_661' title='bbox 3397 3877 3570 3946; x_wconf 91' lang='lat' dir='ltr'><strong>primo</strong></span> <span class='ocrx_word' id='word_1_662' title='bbox 3626 3878 3711 3930; x_wconf 85' lang='lat' dir='ltr'><strong>dl-</strong></span> 
     </span>
    </p>
   </div>
   <div class='ocr_carea' id='block_1_85' title="bbox 2127 3965 3708 4038">
    <p class='ocr_par' dir='ltr' id='par_1_85' title="bbox 2127 3965 3708 4038">
     <span class='ocr_line' id='line_1_85' title="bbox 2127 3965 3708 4038; baseline 0.004 -19"><span class='ocrx_word' id='word_1_663' title='bbox 2127 3974 2257 4019; x_wconf 90' lang='lat' dir='ltr'><strong>cunt</strong></span> <span class='ocrx_word' id='word_1_664' title='bbox 2313 3983 2327 4019; x_wconf 91' lang='lat'>:</span> <span class='ocrx_word' id='word_1_665' title='bbox 2372 3983 2390 4016; x_wconf 83' lang='grc' dir='ltr'><strong>ι</strong></span> <span class='ocrx_word' id='word_1_666' title='bbox 2427 3965 2804 4020; x_wconf 86' lang='lat' dir='ltr'><strong>Confiteantur</strong></span> <span class='ocrx_word' id='word_1_667' title='bbox 2869 3967 2965 4020; x_wconf 90' lang='lat' dir='ltr'><strong>tibi</strong></span> <span class='ocrx_word' id='word_1_668' title='bbox 3031 3970 3248 4038; x_wconf 85' lang='lat' dir='ltr'><strong>populi,</strong></span> <span class='ocrx_word' id='word_1_669' title='bbox 3319 3968 3480 4023; x_wconf 81' lang='lat' dir='ltr'><strong>Deus.</strong></span> <span class='ocrx_word' id='word_1_670' title='bbox 3533 3988 3551 4020; x_wconf 71' lang='grc' dir='ltr'><strong>ι</strong></span> <span class='ocrx_word' id='word_1_671' title='bbox 3601 3969 3708 4024; x_wconf 91' lang='lat' dir='ltr'><strong>Sed</strong></span> 
     </span>
    </p>
   </div>
   <div class='ocr_carea' id='block_1_86' title="bbox 2125 4057 3704 4129">
    <p class='ocr_par' dir='ltr' id='par_1_86' title="bbox 2125 4057 3704 4129">
     <span class='ocr_line' id='line_1_86' title="bbox 2125 4057 3704 4129; baseline 0.002 -19"><span class='ocrx_word' id='word_1_672' title='bbox 2125 4057 2252 4127; x_wconf 90' lang='lat' dir='ltr'><strong>quia</strong></span> <span class='ocrx_word' id='word_1_673' title='bbox 2289 4058 2530 4112; x_wconf 89' lang='lat' dir='ltr'><strong>nondum</strong></span> <span class='ocrx_word' id='word_1_674' title='bbox 2565 4059 2726 4113; x_wconf 88' lang='lat' dir='ltr'><strong>nobis</strong></span> <span class='ocrx_word' id='word_1_675' title='bbox 2748 4065 2940 4112; x_wconf 92' lang='lat' dir='ltr'><strong>notum</strong></span> <span class='ocrx_word' id='word_1_676' title='bbox 2973 4069 3112 4122; x_wconf 83' lang='lat' dir='ltr'><strong>erat,</strong></span> <span class='ocrx_word' id='word_1_677' title='bbox 3142 4060 3236 4128; x_wconf 91' lang='lat' dir='ltr'><strong>qui</strong></span> <span class='ocrx_word' id='word_1_678' title='bbox 3268 4060 3455 4129; x_wconf 67' lang='lat' dir='ltr'><strong>pepuli</strong></span> <span class='ocrx_word' id='word_1_679' title='bbox 3498 4059 3704 4115; x_wconf 78' lang='lat' dir='ltr'><strong>indica-</strong></span> 
     </span>
    </p>
   </div>
   <div class='ocr_carea' id='block_1_87' title="bbox 2126 4148 3710 4222">
    <p class='ocr_par' dir='ltr' id='par_1_87' title="bbox 2126 4148 3710 4222">
     <span class='ocr_line' id='line_1_87' title="bbox 2126 4148 3710 4222; baseline 0.001 -18"><span class='ocrx_word' id='word_1_680' title='bbox 2126 4157 2358 4216; x_wconf 84' lang='lat' dir='ltr'><strong>rentur;</strong></span> <span class='ocrx_word' id='word_1_681' title='bbox 2401 4165 2526 4204; x_wconf 92' lang='lat' dir='ltr'><strong>nam</strong></span> <span class='ocrx_word' id='word_1_682' title='bbox 2579 4151 2695 4222; x_wconf 88' lang='lat' dir='ltr'><strong>ipsa</strong></span> <span class='ocrx_word' id='word_1_683' title='bbox 2728 4165 2949 4220; x_wconf 91' lang='lat' dir='ltr'><strong>quoque</strong></span> <span class='ocrx_word' id='word_1_684' title='bbox 2994 4148 3220 4204; x_wconf 87' lang='lat' dir='ltr'><strong>Judaica</strong></span> <span class='ocrx_word' id='word_1_685' title='bbox 3253 4167 3386 4221; x_wconf 89' lang='lat' dir='ltr'><strong>gens</strong></span> <span class='ocrx_word' id='word_1_686' title='bbox 3435 4160 3611 4206; x_wconf 66' lang='lat' dir='ltr'><strong>caelus</strong></span> <span class='ocrx_word' id='word_1_687' title='bbox 3654 4160 3710 4206; x_wconf 90' lang='lat' dir='ltr'><strong>et</strong></span> 
     </span>
    </p>
   </div>
   <div class='ocr_carea' id='block_1_88' title="bbox 2128 4238 3711 4311">
    <p class='ocr_par' dir='ltr' id='par_1_88' title="bbox 2128 4238 3711 4311">
     <span class='ocr_line' id='line_1_88' title="bbox 2128 4238 3711 4311; baseline 0 -17"><span class='ocrx_word' id='word_1_688' title='bbox 2128 4241 2356 4311; x_wconf 90' lang='lat' dir='ltr'><strong>populos</strong></span> <span class='ocrx_word' id='word_1_689' title='bbox 2381 4239 2606 4308; x_wconf 86' lang='lat' dir='ltr'><strong>habuit;</strong></span> <span class='ocrx_word' id='word_1_690' title='bbox 2639 4247 2698 4293; x_wconf 93' lang='lat' dir='ltr'><strong>ut</strong></span> <span class='ocrx_word' id='word_1_691' title='bbox 2732 4239 2972 4294; x_wconf 88' lang='lat' dir='ltr'><strong>sciamus</strong></span> <span class='ocrx_word' id='word_1_692' title='bbox 2998 4238 3198 4308; x_wconf 88' lang='lat' dir='ltr'><strong>quibus</strong></span> <span class='ocrx_word' id='word_1_693' title='bbox 3227 4239 3292 4293; x_wconf 89' lang='lat' dir='ltr'><strong>de</strong></span> <span class='ocrx_word' id='word_1_694' title='bbox 3327 4240 3544 4309; x_wconf 90' lang='lat' dir='ltr'><strong>p0pulis</strong></span> <span class='ocrx_word' id='word_1_695' title='bbox 3580 4255 3711 4311; x_wconf 76' lang='lat' dir='ltr'><strong>aga-</strong></span> 
     </span>
    </p>
   </div>
   <div class='ocr_carea' id='block_1_89' title="bbox 2127 4331 3710 4402">
    <p class='ocr_par' dir='ltr' id='par_1_89' title="bbox 2127 4331 3710 4402">
     <span class='ocr_line' id='line_1_89' title="bbox 2127 4331 3710 4402; baseline 0.001 -17"><span class='ocrx_word' id='word_1_696' title='bbox 2127 4340 2240 4395; x_wconf 87' lang='lat' dir='ltr'><strong>tur,</strong></span> <span class='ocrx_word' id='word_1_697' title='bbox 2271 4332 2586 4387; x_wconf 88' lang='lat' dir='ltr'><strong>necessario</strong></span> <span class='ocrx_word' id='word_1_698' title='bbox 2615 4337 2890 4402; x_wconf 89' lang='lat' dir='ltr'><strong>repetunt,</strong></span> <span class='ocrx_word' id='word_1_699' title='bbox 2922 4337 3266 4398; x_wconf 91' lang='lat' dir='ltr'><strong>mentemque</strong></span> <span class='ocrx_word' id='word_1_700' title='bbox 3321 4345 3476 4385; x_wconf 89' lang='lat' dir='ltr'><strong>suam</strong></span> <span class='ocrx_word' id='word_1_701' title='bbox 3527 4331 3710 4387; x_wconf 86' lang='lat' dir='ltr'><strong>decla-</strong></span> 
     </span>
    </p>
   </div>
   <div class='ocr_carea' id='block_1_90' title="bbox 2128 4421 3704 4493">
    <p class='ocr_par' dir='ltr' id='par_1_90' title="bbox 2128 4421 3704 4493">
     <span class='ocr_line' id='line_1_90' title="bbox 2128 4421 3704 4493; baseline -0.001 -14"><span class='ocrx_word' id='word_1_702' title='bbox 2128 4433 2253 4479; x_wconf 90' lang='lat' dir='ltr'><strong>rant</strong></span> <span class='ocrx_word' id='word_1_703' title='bbox 2287 4425 2374 4480; x_wconf 91' lang='lat' dir='ltr'><strong>his</strong></span> <span class='ocrx_word' id='word_1_704' title='bbox 2394 4424 2578 4479; x_wconf 84' lang='lat' dir='ltr'><strong>verbis</strong></span> <span class='ocrx_word' id='word_1_705' title='bbox 2603 4442 2616 4477; x_wconf 92' lang='lat'><strong>:</strong></span> <span class='ocrx_word' id='word_1_706' title='bbox 2665 4443 2684 4474; x_wconf 86' lang='grc'><strong>‹</strong></span> <span class='ocrx_word' id='word_1_707' title='bbox 2722 4421 3101 4477; x_wconf 85' lang='lat' dir='ltr'><strong>Confiteantur</strong></span> <span class='ocrx_word' id='word_1_708' title='bbox 3117 4422 3216 4476; x_wconf 90' lang='lat' dir='ltr'><strong>tibi</strong></span> <span class='ocrx_word' id='word_1_709' title='bbox 3242 4424 3425 4493; x_wconf 89' lang='lat' dir='ltr'><strong>populi</strong></span> <span class='ocrx_word' id='word_1_710' title='bbox 3453 4438 3662 4480; x_wconf 89' lang='lat' dir='ltr'><strong>omnes.</strong></span> <span class='ocrx_word' id='word_1_711' title='bbox 3685 4445 3704 4477; x_wconf 74' lang='grc' dir='ltr'><strong>ι</strong></span> 
     </span>
    </p>
   </div>
   <div class='ocr_carea' id='block_1_91' title="bbox 451 4512 2026 4600">
    <p class='ocr_par' dir='ltr' id='par_1_91' title="bbox 451 4512 2026 4587">
     <span class='ocr_line' id='line_1_91' title="bbox 451 4512 2026 4587; baseline 0.001 -23"><span class='ocrx_word' id='word_1_712' title='bbox 451 4529 549 4581; x_wconf 89' lang='grc' dir='ltr'><strong>μεν</strong></span> <span class='ocrx_word' id='word_1_713' title='bbox 576 4512 743 4565; x_wconf 88' lang='grc' dir='ltr'>ποίων</span> <span class='ocrx_word' id='word_1_714' title='bbox 757 4512 1164 4582; x_wconf 88' lang='grc' dir='ltr'>ἐμνημόνευσαν</span> <span class='ocrx_word' id='word_1_715' title='bbox 1191 4512 1357 4576; x_wconf 90' lang='grc' dir='ltr'>λαῶν,</span> <span class='ocrx_word' id='word_1_716' title='bbox 1383 4512 1692 4586; x_wconf 86' lang='grc' dir='ltr'>δευτεροῦσι</span> <span class='ocrx_word' id='word_1_717' title='bbox 1709 4514 2026 4587; x_wconf 89' lang='grc' dir='ltr'>τρανοῦντες</span> 
     </span>
    </p>
   </div>
   <div class='ocr_carea' id='block_1_92' title="bbox 2128 4512 3712 4600">
    <p class='ocr_par' dir='ltr' id='par_1_92' title="bbox 2133 4513 3712 4587">
     <span class='ocr_line' id='line_1_92' title="bbox 2133 4513 3712 4587; baseline 0.001 -16"><span class='ocrx_word' id='word_1_718' title='bbox 2133 4516 2273 4571; x_wconf 84' lang='lat' dir='ltr'><strong>Num</strong></span> <span class='ocrx_word' id='word_1_719' title='bbox 2308 4516 2447 4571; x_wconf 85' lang='lat' dir='ltr'><strong>forte</strong></span> <span class='ocrx_word' id='word_1_720' title='bbox 2499 4532 2596 4585; x_wconf 87' lang='lat' dir='ltr'><strong>per</strong></span> <span class='ocrx_word' id='word_1_721' title='bbox 2626 4515 2836 4586; x_wconf 90' lang='lat' dir='ltr'><strong>priores</strong></span> <span class='ocrx_word' id='word_1_722' title='bbox 2892 4515 3054 4578; x_wconf 88' lang='lat' dir='ltr'><strong>illos,</strong></span> <span class='ocrx_word' id='word_1_723' title='bbox 3117 4513 3431 4570; x_wconf 69' lang='lat' dir='ltr'><strong>Iudaeorum</strong></span> <span class='ocrx_word' id='word_1_724' title='bbox 3480 4518 3712 4587; x_wconf 88' lang='lat' dir='ltr'><strong>populos</strong></span> 
     </span>
    </p>
   </div>
   <div class='ocr_carea' id='block_1_93' title="bbox 447 4602 2027 4676">
    <p class='ocr_par' dir='ltr' id='par_1_93' title="bbox 447 4602 2027 4676">
     <span class='ocr_line' id='line_1_93' title="bbox 447 4602 2027 4676; baseline 0.003 -23"><span class='ocrx_word' id='word_1_725' title='bbox 447 4603 544 4671; x_wconf 84' lang='grc' dir='ltr'>τὴν</span> <span class='ocrx_word' id='word_1_726' title='bbox 589 4602 826 4656; x_wconf 87' lang='grc' dir='ltr'>διάνοιαν</span> <span class='ocrx_word' id='word_1_727' title='bbox 865 4605 923 4656; x_wconf 88' lang='grc' dir='ltr'><strong>ἐν</strong></span> <span class='ocrx_word' id='word_1_728' title='bbox 964 4603 1041 4674; x_wconf 81' lang='grc' dir='ltr'>τῷ</span> <span class='ocrx_word' id='word_1_729' title='bbox 1080 4603 1259 4672; x_wconf 86' lang='grc' dir='ltr'>λέγειν</span> <span class='ocrx_word' id='word_1_730' title='bbox 1281 4620 1292 4632; x_wconf 90' lang='grc'><strong>·</strong></span> <span class='ocrx_word' id='word_1_731' title='bbox 1335 4624 1354 4655; x_wconf 78' lang='grc' dir='ltr'><strong>ι</strong></span> <span class='ocrx_word' id='word_1_732' title='bbox 1411 4605 2027 4676; x_wconf 80' lang='grc' dir='ltr'>Ἐξομολογησάσθωσάν</span> 
     </span>
    </p>
   </div>
   <div class='ocr_carea' id='block_1_94' title="bbox 452 4694 2027 4770">
    <p class='ocr_par' dir='ltr' id='par_1_94' title="bbox 452 4694 2027 4770">
     <span class='ocr_line' id='line_1_94' title="bbox 452 4694 2027 4770; baseline 0.003 -25"><span class='ocrx_word' id='word_1_733' title='bbox 452 4710 532 4746; x_wconf 84' lang='grc' dir='ltr'><strong>σοι</strong></span> <span class='ocrx_word' id='word_1_734' title='bbox 553 4694 672 4746; x_wconf 76' lang='grc' dir='ltr'>λαοὶ</span> <span class='ocrx_word' id='word_1_735' title='bbox 689 4695 908 4758; x_wconf 90' lang='grc' dir='ltr'>πάντες.</span> <span class='ocrx_word' id='word_1_736' title='bbox 948 4713 967 4746; x_wconf 66' lang='grc' dir='ltr'>δ</span> <span class='ocrx_word' id='word_1_737' title='bbox 1003 4696 1226 4766; x_wconf 85' lang='grc' dir='ltr'>Μήποτε</span> <span class='ocrx_word' id='word_1_738' title='bbox 1255 4697 1311 4749; x_wconf 87' lang='grc' dir='ltr'><strong>δὲ</strong></span> <span class='ocrx_word' id='word_1_739' title='bbox 1343 4697 1430 4752; x_wconf 86' lang='grc' dir='ltr'>διὰ</span> <span class='ocrx_word' id='word_1_740' title='bbox 1460 4698 1566 4751; x_wconf 87' lang='grc' dir='ltr'><strong>τῶν</strong></span> <span class='ocrx_word' id='word_1_741' title='bbox 1595 4698 1875 4770; x_wconf 85' lang='grc' dir='ltr'>προτέρων</span> <span class='ocrx_word' id='word_1_742' title='bbox 1901 4698 2027 4762; x_wconf 87' lang='grc' dir='ltr'><strong>τούς</strong></span> 
     </span>
    </p>
   </div>
   <div class='ocr_carea' id='block_1_95' title="bbox 453 4785 2028 4860">
    <p class='ocr_par' dir='ltr' id='par_1_95' title="bbox 453 4785 2028 4860">
     <span class='ocr_line' id='line_1_95' title="bbox 453 4785 2028 4860; baseline 0.003 -25"><span class='ocrx_word' id='word_1_743' title='bbox 453 4785 602 4855; x_wconf 85' lang='grc' dir='ltr'>παρὰ</span> <span class='ocrx_word' id='word_1_744' title='bbox 644 4785 916 4849; x_wconf 84' lang='grc' dir='ltr'>Ἰουδαίοις</span> <span class='ocrx_word' id='word_1_745' title='bbox 943 4785 1104 4848; x_wconf 86' lang='grc' dir='ltr'>λαοὺς</span> <span class='ocrx_word' id='word_1_746' title='bbox 1132 4787 1479 4855; x_wconf 84' lang='grc' dir='ltr'>αἰνίττονται,</span> <span class='ocrx_word' id='word_1_747' title='bbox 1506 4789 1646 4860; x_wconf 83' lang='grc' dir='ltr'>ὑπὲρ</span> <span class='ocrx_word' id='word_1_748' title='bbox 1675 4788 1854 4841; x_wconf 88' lang='grc' dir='ltr'>αὐτῶν</span> <span class='ocrx_word' id='word_1_749' title='bbox 1883 4787 2028 4860; x_wconf 88' lang='grc' dir='ltr'>πρῶ-</span> 
     </span>
    </p>
   </div>
   <div class='ocr_carea' id='block_1_96' title="bbox 451 4877 2026 4953">
    <p class='ocr_par' dir='ltr' id='par_1_96' title="bbox 451 4877 2026 4953">
     <span class='ocr_line' id='line_1_96' title="bbox 451 4877 2026 4953; baseline 0.004 -25"><span class='ocrx_word' id='word_1_750' title='bbox 451 4890 542 4929; x_wconf 85' lang='grc' dir='ltr'><strong>τον</strong></span> <span class='ocrx_word' id='word_1_751' title='bbox 572 4877 670 4948; x_wconf 79' lang='grc' dir='ltr'>τὴν</span> <span class='ocrx_word' id='word_1_752' title='bbox 710 4879 874 4949; x_wconf 82' lang='grc' dir='ltr'>εὐχὴν</span> <span class='ocrx_word' id='word_1_753' title='bbox 914 4879 1354 4949; x_wconf 81' lang='grc' dir='ltr'>ἀναπέμψαντες,</span> <span class='ocrx_word' id='word_1_754' title='bbox 1397 4880 1485 4934; x_wconf 83' lang='grc' dir='ltr'>διὰ</span> <span class='ocrx_word' id='word_1_755' title='bbox 1522 4881 1580 4935; x_wconf 82' lang='grc' dir='ltr'>δὲ</span> <span class='ocrx_word' id='word_1_756' title='bbox 1620 4880 1728 4935; x_wconf 89' lang='grc' dir='ltr'><strong>τῶν</strong></span> <span class='ocrx_word' id='word_1_757' title='bbox 1761 4881 2026 4953; x_wconf 89' lang='grc' dir='ltr'>δευτέρων</span> 
     </span>
    </p>
   </div>
   <div class='ocr_carea' id='block_1_97' title="bbox 451 4964 2027 5042">
    <p class='ocr_par' dir='ltr' id='par_1_97' title="bbox 451 4964 2027 5042">
     <span class='ocr_line' id='line_1_97' title="bbox 451 4964 2027 5042; baseline 0.005 -26"><span class='ocrx_word' id='word_1_758' title='bbox 451 4964 578 5028; x_wconf 85' lang='grc' dir='ltr'><strong>τούς</strong></span> <span class='ocrx_word' id='word_1_759' title='bbox 610 4965 669 5034; x_wconf 80' lang='grc' dir='ltr'>ἐξ</span> <span class='ocrx_word' id='word_1_760' title='bbox 712 4966 882 5020; x_wconf 90' lang='grc' dir='ltr'>ἐθνῶν</span> <span class='ocrx_word' id='word_1_761' title='bbox 920 4967 1115 5033; x_wconf 86' lang='grc' dir='ltr'>λαούς;</span> <span class='ocrx_word' id='word_1_762' title='bbox 1145 4971 1321 5040; x_wconf 89' lang='grc' dir='ltr'>Ὅπερ</span> <span class='ocrx_word' id='word_1_763' title='bbox 1363 4970 1451 5024; x_wconf 74' lang='grc' dir='ltr'>ἵνα</span> <span class='ocrx_word' id='word_1_764' title='bbox 1489 4970 1764 5042; x_wconf 86' lang='grc' dir='ltr'>γνώριμον</span> <span class='ocrx_word' id='word_1_765' title='bbox 1802 4972 2027 5040; x_wconf 85' lang='grc' dir='ltr'>γένηται</span> 
     </span>
    </p>
   </div>
   <div class='ocr_carea' id='block_1_98' title="bbox 453 5057 2027 5131">
    <p class='ocr_par' dir='ltr' id='par_1_98' title="bbox 453 5057 2027 5131">
     <span class='ocr_line' id='line_1_98' title="bbox 453 5057 2027 5131; baseline 0.004 -24"><span class='ocrx_word' id='word_1_766' title='bbox 453 5057 565 5119; x_wconf 87' lang='grc' dir='ltr'>τοῖς</span> <span class='ocrx_word' id='word_1_767' title='bbox 597 5058 1002 5127; x_wconf 87' lang='grc' dir='ltr'>ἐντυγχάνουσι,</span> <span class='ocrx_word' id='word_1_768' title='bbox 1037 5059 1292 5129; x_wconf 83' lang='grc' dir='ltr'>διασαφεῖ</span> <span class='ocrx_word' id='word_1_769' title='bbox 1320 5061 1542 5130; x_wconf 87' lang='grc' dir='ltr'>φάσκων</span> <span class='ocrx_word' id='word_1_770' title='bbox 1572 5065 1600 5115; x_wconf 90' lang='lat'><strong>6</strong></span> <span class='ocrx_word' id='word_1_771' title='bbox 1627 5061 1788 5131; x_wconf 88' lang='grc' dir='ltr'>λόγος</span> <span class='ocrx_word' id='word_1_772' title='bbox 1811 5077 1826 5092; x_wconf 84' lang='lat'><strong><em>°</em></strong></span> <span class='ocrx_word' id='word_1_773' title='bbox 1865 5081 1884 5112; x_wconf 71' lang='grc' dir='ltr'><strong>ι</strong></span> <span class='ocrx_word' id='word_1_774' title='bbox 1921 5062 2027 5114; x_wconf 86' lang='grc' dir='ltr'><strong>Εὐ-</strong></span> 
     </span>
    </p>
   </div>
   <div class='ocr_carea' id='block_1_99' title="bbox 461 5145 2029 5224">
    <p class='ocr_par' dir='ltr' id='par_1_99' title="bbox 461 5145 2029 5224">
     <span class='ocr_line' id='line_1_99' title="bbox 461 5145 2029 5224; baseline 0.004 -25"><span class='ocrx_word' id='word_1_775' title='bbox 461 5145 850 5218; x_wconf 72' lang='grc' dir='ltr'>φρανθήτωσαν</span> <span class='ocrx_word' id='word_1_776' title='bbox 877 5150 971 5202; x_wconf 73' lang='grc' dir='ltr'>καὶ</span> <span class='ocrx_word' id='word_1_777' title='bbox 998 5151 1447 5218; x_wconf 89' lang='grc' dir='ltr'>ἀγαλλιάσθωσαν</span> <span class='ocrx_word' id='word_1_778' title='bbox 1480 5153 1628 5223; x_wconf 76' lang='grc' dir='ltr'>ἔθνη.</span> <span class='ocrx_word' id='word_1_779' title='bbox 1668 5173 1687 5205; x_wconf 72' lang='grc' dir='ltr'><strong>ι</strong></span> <span class='ocrx_word' id='word_1_780' title='bbox 1725 5153 1941 5224; x_wconf 79' lang='grc' dir='ltr'>Ἐπειδὴ</span> <span class='ocrx_word' id='word_1_781' title='bbox 1970 5152 2029 5206; x_wconf 87' lang='grc' dir='ltr'>δὲ</span> 
     </span>
    </p>
   </div>
   <div class='ocr_carea' id='block_1_100' title="bbox 460 5235 2031 5315">
    <p class='ocr_par' dir='ltr' id='par_1_100' title="bbox 460 5235 2031 5315">
     <span class='ocr_line' id='line_1_100' title="bbox 460 5235 2031 5315; baseline 0.004 -26"><span class='ocrx_word' id='word_1_782' title='bbox 460 5235 536 5301; x_wconf 67' lang='grc' dir='ltr'><strong>δὶς</strong></span> <span class='ocrx_word' id='word_1_783' title='bbox 583 5238 663 5302; x_wconf 89' lang='grc' dir='ltr'><strong>τὸ,</strong></span> <span class='ocrx_word' id='word_1_784' title='bbox 717 5259 735 5290; x_wconf 82' lang='grc' dir='ltr'><strong>ι</strong></span> <span class='ocrx_word' id='word_1_785' title='bbox 789 5240 1375 5312; x_wconf 77' lang='grc' dir='ltr'>ἐξομολογησάσθωσάν</span> <span class='ocrx_word' id='word_1_786' title='bbox 1426 5261 1529 5309; x_wconf 88' lang='grc' dir='ltr'>σοι,</span> <span class='ocrx_word' id='word_1_787' title='bbox 1585 5263 1603 5295; x_wconf 77' lang='grc' dir='ltr'><strong>ι</strong></span> <span class='ocrx_word' id='word_1_788' title='bbox 1659 5245 1893 5315; x_wconf 83' lang='grc' dir='ltr'>εἴρηται,</span> <span class='ocrx_word' id='word_1_789' title='bbox 1931 5246 2031 5313; x_wconf 85' lang='grc' dir='ltr'><strong>ὅρα</strong></span> 
     </span>
    </p>
   </div>
   <div class='ocr_carea' id='block_1_101' title="bbox 459 5330 2032 5407">
    <p class='ocr_par' dir='ltr' id='par_1_101' title="bbox 459 5330 2032 5407">
     <span class='ocr_line' id='line_1_101' title="bbox 459 5330 2032 5407; baseline 0.004 -25"><span class='ocrx_word' id='word_1_790' title='bbox 459 5330 670 5400; x_wconf 85' lang='grc' dir='ltr'>μήποτε</span> <span class='ocrx_word' id='word_1_791' title='bbox 703 5332 762 5385; x_wconf 87' lang='grc' dir='ltr'><strong>τὸ</strong></span> <span class='ocrx_word' id='word_1_792' title='bbox 796 5333 893 5403; x_wconf 81' lang='grc' dir='ltr'><strong>μὲν</strong></span> <span class='ocrx_word' id='word_1_793' title='bbox 923 5333 1139 5404; x_wconf 85' lang='grc' dir='ltr'>πρῶτον</span> <span class='ocrx_word' id='word_1_794' title='bbox 1169 5334 1355 5406; x_wconf 86' lang='grc' dir='ltr'>ἐδήλου</span> <span class='ocrx_word' id='word_1_795' title='bbox 1394 5335 1504 5390; x_wconf 87' lang='grc' dir='ltr'><strong>τῶν</strong></span> <span class='ocrx_word' id='word_1_796' title='bbox 1539 5335 1817 5407; x_wconf 82' lang='grc' dir='ltr'>προτέρων</span> <span class='ocrx_word' id='word_1_797' title='bbox 1850 5337 2032 5405; x_wconf 87' lang='grc' dir='ltr'>ἁμαρ-</span> 
     </span>
    </p>
   </div>
   <div class='ocr_carea' id='block_1_102' title="bbox 457 5419 2033 5498">
    <p class='ocr_par' dir='ltr' id='par_1_102' title="bbox 457 5419 2033 5498">
     <span class='ocr_line' id='line_1_102' title="bbox 457 5419 2033 5498; baseline 0.005 -27"><span class='ocrx_word' id='word_1_798' title='bbox 457 5419 712 5489; x_wconf 83' lang='grc' dir='ltr'>τημάτων</span> <span class='ocrx_word' id='word_1_799' title='bbox 751 5423 848 5493; x_wconf 85' lang='grc' dir='ltr'>τὴν</span> <span class='ocrx_word' id='word_1_800' title='bbox 875 5423 1180 5493; x_wconf 85' lang='grc' dir='ltr'>ὁμολογίαν,</span> <span class='ocrx_word' id='word_1_801' title='bbox 1214 5425 1275 5477; x_wconf 92' lang='grc' dir='ltr'><strong>τὸ</strong></span> <span class='ocrx_word' id='word_1_802' title='bbox 1313 5425 1368 5478; x_wconf 85' lang='grc' dir='ltr'>δὲ</span> <span class='ocrx_word' id='word_1_803' title='bbox 1396 5425 1668 5498; x_wconf 84' lang='grc' dir='ltr'>δεύτερον,</span> <span class='ocrx_word' id='word_1_804' title='bbox 1710 5427 1808 5497; x_wconf 82' lang='grc' dir='ltr'>τὴν</span> <span class='ocrx_word' id='word_1_805' title='bbox 1835 5427 1919 5494; x_wconf 81' lang='grc' dir='ltr'>ἐφ’</span> <span class='ocrx_word' id='word_1_806' title='bbox 1952 5421 2033 5492; x_wconf 72' lang='grc' dir='ltr'>οἷς</span> 
     </span>
    </p>
   </div>
   <div class='ocr_carea' id='block_1_103' title="bbox 457 5511 2032 5591">
    <p class='ocr_par' dir='ltr' id='par_1_103' title="bbox 457 5511 2032 5591">
     <span class='ocr_line' id='line_1_103' title="bbox 457 5511 2032 5591; baseline 0.006 -27"><span class='ocrx_word' id='word_1_807' title='bbox 457 5511 644 5583; x_wconf 75' lang='grc' dir='ltr'>ἔτυχον</span> <span class='ocrx_word' id='word_1_808' title='bbox 671 5515 893 5583; x_wconf 85' lang='grc' dir='ltr'>ἀγαθοῖς</span> <span class='ocrx_word' id='word_1_809' title='bbox 925 5517 1292 5588; x_wconf 82' lang='grc' dir='ltr'>εὐχαριστίαν.</span> <span class='ocrx_word' id='word_1_810' title='bbox 1331 5520 1682 5590; x_wconf 79' lang='grc' dir='ltr'>Λαμϐάνεται</span> <span class='ocrx_word' id='word_1_811' title='bbox 1715 5519 1824 5591; x_wconf 86' lang='grc' dir='ltr'>γὰρ</span> <span class='ocrx_word' id='word_1_812' title='bbox 1857 5523 1888 5591; x_wconf 85' lang='grc' dir='ltr'>ἡ</span> <span class='ocrx_word' id='word_1_813' title='bbox 1919 5520 2032 5587; x_wconf 83' lang='grc' dir='ltr'>ἐξο-</span> 
     </span>
    </p>
   </div>
   <div class='ocr_carea' id='block_1_104' title="bbox 463 5605 2031 5684">
    <p class='ocr_par' dir='ltr' id='par_1_104' title="bbox 463 5605 2031 5684">
     <span class='ocr_line' id='line_1_104' title="bbox 463 5605 2031 5684; baseline 0.006 -28"><span class='ocrx_word' id='word_1_814' title='bbox 463 5605 746 5677; x_wconf 75' lang='grc' dir='ltr'>μολόγησις</span> <span class='ocrx_word' id='word_1_815' title='bbox 783 5609 877 5662; x_wconf 76' lang='grc' dir='ltr'>καὶ</span> <span class='ocrx_word' id='word_1_816' title='bbox 904 5609 996 5662; x_wconf 81' lang='grc' dir='ltr'><strong>ἐπὶ</strong></span> <span class='ocrx_word' id='word_1_817' title='bbox 1027 5610 1394 5681; x_wconf 86' lang='grc' dir='ltr'>εὐχαριστίας.</span> <span class='ocrx_word' id='word_1_818' title='bbox 1435 5611 1591 5665; x_wconf 79' lang='grc' dir='ltr'>Οὕτω</span> <span class='ocrx_word' id='word_1_819' title='bbox 1621 5612 1750 5681; x_wconf 90' lang='grc' dir='ltr'>γοῦν</span> <span class='ocrx_word' id='word_1_820' title='bbox 1782 5615 1809 5666; x_wconf 90' lang='lat'><strong>6</strong></span> <span class='ocrx_word' id='word_1_821' title='bbox 1842 5613 2031 5684; x_wconf 80' lang='grc' dir='ltr'>Σωτὴρ</span> 
     </span>
    </p>
   </div>
   <div class='ocr_carea' id='block_1_105' title="bbox 542 5763 2022 5836">
    <p class='ocr_par' dir='ltr' id='par_1_105' title="bbox 542 5763 2022 5836">
     <span class='ocr_line' id='line_1_105' title="bbox 542 5763 2022 5836; baseline 0.004 -18"><span class='ocrx_word' id='word_1_822' title='bbox 542 5763 580 5829; x_wconf 49' lang='grc' dir='ltr'>ἒθ</span> <span class='ocrx_word' id='word_1_823' title='bbox 602 5765 793 5836; x_wconf 85' lang='lat' dir='ltr'><strong>Ephes.</strong></span> <span class='ocrx_word' id='word_1_824' title='bbox 831 5784 866 5832; x_wconf 86' lang='grc' dir='ltr'><strong>ι,</strong></span> <span class='ocrx_word' id='word_1_825' title='bbox 890 5767 942 5824; x_wconf 77' lang='lat'><strong>3.</strong></span> <span class='ocrx_word' id='word_1_826' title='bbox 1019 5769 1064 5802; x_wconf 76' lang='grc'><strong>⁸⁸</strong></span> <span class='ocrx_word' id='word_1_827' title='bbox 1086 5767 1230 5825; x_wconf 79' lang='lat' dir='ltr'><strong>Psal.</strong></span> <span class='ocrx_word' id='word_1_828' title='bbox 1263 5786 1335 5833; x_wconf 85' lang='lat' dir='ltr'><strong>Iv,</strong></span> <span class='ocrx_word' id='word_1_829' title='bbox 1366 5771 1416 5824; x_wconf 89' lang='lat'><strong>7.</strong></span> <span class='ocrx_word' id='word_1_830' title='bbox 1531 5771 1576 5803; x_wconf 67' lang='grc' dir='ltr'>θ’</span> <span class='ocrx_word' id='word_1_831' title='bbox 1597 5770 1786 5826; x_wconf 73' lang='lat' dir='ltr'><strong>Matth.</strong></span> <span class='ocrx_word' id='word_1_832' title='bbox 1822 5788 1898 5834; x_wconf 72' lang='lat' dir='ltr'><strong>xu,</strong></span> <span class='ocrx_word' id='word_1_833' title='bbox 1935 5772 2022 5826; x_wconf 73' lang='lat'><strong>25.</strong></span> 
     </span>
    </p>
   </div>
   <div class='ocr_carea' id='block_1_106' title="bbox 2134 4606 3715 4678">
    <p class='ocr_par' dir='ltr' id='par_1_106' title="bbox 2134 4606 3715 4678">
     <span class='ocr_line' id='line_1_106' title="bbox 2134 4606 3715 4678; baseline -0.001 -14"><span class='ocrx_word' id='word_1_834' title='bbox 2134 4607 2500 4670; x_wconf 89' lang='lat' dir='ltr'><strong>subindicant,</strong></span> <span class='ocrx_word' id='word_1_835' title='bbox 2559 4621 2659 4677; x_wconf 88' lang='lat' dir='ltr'><strong>pro</strong></span> <span class='ocrx_word' id='word_1_836' title='bbox 2708 4607 2925 4676; x_wconf 88' lang='lat' dir='ltr'><strong>illisque</strong></span> <span class='ocrx_word' id='word_1_837' title='bbox 2974 4606 3277 4662; x_wconf 88' lang='lat' dir='ltr'><strong>orationem</strong></span> <span class='ocrx_word' id='word_1_838' title='bbox 3325 4607 3502 4678; x_wconf 90' lang='lat' dir='ltr'><strong>primo</strong></span> <span class='ocrx_word' id='word_1_839' title='bbox 3555 4609 3715 4662; x_wconf 87' lang='lat' dir='ltr'><strong>emit—</strong></span> 
     </span>
    </p>
   </div>
   <div class='ocr_carea' id='block_1_107' title="bbox 2131 4698 3710 4770">
    <p class='ocr_par' dir='ltr' id='par_1_107' title="bbox 2131 4698 3710 4770">
     <span class='ocr_line' id='line_1_107' title="bbox 2131 4698 3710 4770; baseline -0.001 -17"><span class='ocrx_word' id='word_1_840' title='bbox 2131 4707 2287 4766; x_wconf 87' lang='lat' dir='ltr'><strong>tunt;</strong></span> <span class='ocrx_word' id='word_1_841' title='bbox 2326 4714 2423 4770; x_wconf 89' lang='lat' dir='ltr'><strong>per</strong></span> <span class='ocrx_word' id='word_1_842' title='bbox 2451 4698 2724 4754; x_wconf 88' lang='lat' dir='ltr'><strong>secundos</strong></span> <span class='ocrx_word' id='word_1_843' title='bbox 2752 4705 2955 4762; x_wconf 91' lang='lat' dir='ltr'><strong>autem,</strong></span> <span class='ocrx_word' id='word_1_844' title='bbox 2983 4698 3223 4768; x_wconf 88' lang='lat' dir='ltr'><strong>gentium</strong></span> <span class='ocrx_word' id='word_1_845' title='bbox 3260 4699 3526 4769; x_wconf 88' lang='lat' dir='ltr'><strong>populos?</strong></span> <span class='ocrx_word' id='word_1_846' title='bbox 3556 4698 3710 4763; x_wconf 89' lang='lat' dir='ltr'><strong>Quod</strong></span> 
     </span>
    </p>
   </div>
   <div class='ocr_carea' id='block_1_108' title="bbox 2131 4783 3709 4857">
    <p class='ocr_par' dir='ltr' id='par_1_108' title="bbox 2131 4783 3709 4857">
     <span class='ocr_line' id='line_1_108' title="bbox 2131 4783 3709 4857; baseline -0.003 -15"><span class='ocrx_word' id='word_1_847' title='bbox 2131 4799 2192 4842; x_wconf 93' lang='lat' dir='ltr'><strong>ut</strong></span> <span class='ocrx_word' id='word_1_848' title='bbox 2225 4787 2526 4857; x_wconf 86' lang='lat' dir='ltr'><strong>legentibus</strong></span> <span class='ocrx_word' id='word_1_849' title='bbox 2579 4787 2802 4856; x_wconf 89' lang='lat' dir='ltr'><strong>planum</strong></span> <span class='ocrx_word' id='word_1_850' title='bbox 2851 4785 2964 4850; x_wconf 85' lang='lat' dir='ltr'><strong>fiat,</strong></span> <span class='ocrx_word' id='word_1_851' title='bbox 3003 4785 3088 4840; x_wconf 90' lang='lat' dir='ltr'><strong>his</strong></span> <span class='ocrx_word' id='word_1_852' title='bbox 3133 4785 3312 4839; x_wconf 84' lang='lat' dir='ltr'><strong>verbis</strong></span> <span class='ocrx_word' id='word_1_853' title='bbox 3348 4783 3662 4840; x_wconf 89' lang='lat' dir='ltr'><strong>declaratur</strong></span> <span class='ocrx_word' id='word_1_854' title='bbox 3695 4802 3709 4837; x_wconf 90' lang='lat'><strong>:</strong></span> 
     </span>
    </p>
   </div>
   <div class='ocr_carea' id='block_1_109' title="bbox 2139 4877 3714 4948">
    <p class='ocr_par' dir='ltr' id='par_1_109' title="bbox 2139 4877 3714 4948">
     <span class='ocr_line' id='line_1_109' title="bbox 2139 4877 3714 4948; baseline 0.001 -17"><span class='ocrx_word' id='word_1_855' title='bbox 2139 4899 2158 4931; x_wconf 78' lang='grc' dir='ltr'><strong>ι</strong></span> <span class='ocrx_word' id='word_1_856' title='bbox 2206 4879 2482 4935; x_wconf 86' lang='lat' dir='ltr'><strong>Laetentur</strong></span> <span class='ocrx_word' id='word_1_857' title='bbox 2512 4888 2567 4934; x_wconf 91' lang='lat' dir='ltr'><strong>et</strong></span> <span class='ocrx_word' id='word_1_858' title='bbox 2588 4879 2863 4934; x_wconf 82' lang='lat' dir='ltr'><strong>exsultent</strong></span> <span class='ocrx_word' id='word_1_859' title='bbox 2883 4885 3092 4948; x_wconf 87' lang='lat' dir='ltr'><strong>gentes.</strong></span> <span class='ocrx_word' id='word_1_860' title='bbox 3132 4896 3150 4928; x_wconf 84' lang='grc'>›</span> <span class='ocrx_word' id='word_1_861' title='bbox 3177 4877 3447 4942; x_wconf 86' lang='lat' dir='ltr'><strong>Quoniam</strong></span> <span class='ocrx_word' id='word_1_862' title='bbox 3478 4892 3606 4932; x_wconf 90' lang='lat' dir='ltr'><strong>vero</strong></span> <span class='ocrx_word' id='word_1_863' title='bbox 3627 4877 3714 4932; x_wconf 87' lang='lat' dir='ltr'><strong>bis</strong></span> 
     </span>
    </p>
   </div>
   <div class='ocr_carea' id='block_1_110' title="bbox 2135 4964 3712 5038">
    <p class='ocr_par' dir='ltr' id='par_1_110' title="bbox 2135 4964 3712 5038">
     <span class='ocr_line' id='line_1_110' title="bbox 2135 4964 3712 5038; baseline -0.001 -14"><span class='ocrx_word' id='word_1_864' title='bbox 2135 4971 2289 5038; x_wconf 91' lang='lat' dir='ltr'><strong>illud,</strong></span> <span class='ocrx_word' id='word_1_865' title='bbox 2326 4990 2347 5023; x_wconf 76' lang='grc' dir='ltr'><strong>ι</strong></span> <span class='ocrx_word' id='word_1_866' title='bbox 2392 4970 2756 5026; x_wconf 86' lang='lat' dir='ltr'><strong>confiteantur</strong></span> <span class='ocrx_word' id='word_1_867' title='bbox 2785 4969 2918 5034; x_wconf 84' lang='lat' dir='ltr'><strong>tibi,</strong></span> <span class='ocrx_word' id='word_1_868' title='bbox 2959 4989 2978 5021; x_wconf 74' lang='grc' dir='ltr'><strong>ι</strong></span> <span class='ocrx_word' id='word_1_869' title='bbox 3019 4969 3224 5023; x_wconf 91' lang='lat' dir='ltr'><strong>dictum</strong></span> <span class='ocrx_word' id='word_1_870' title='bbox 3269 4978 3381 5036; x_wconf 91' lang='lat' dir='ltr'><strong>est;</strong></span> <span class='ocrx_word' id='word_1_871' title='bbox 3436 4964 3712 5038; x_wconf 83' lang='lat' dir='ltr'><strong>perpende</strong></span> 
     </span>
    </p>
   </div>
   <div class='ocr_carea' id='block_1_111' title="bbox 2135 5059 3711 5135">
    <p class='ocr_par' dir='ltr' id='par_1_111' title="bbox 2135 5059 3711 5135">
     <span class='ocr_line' id='line_1_111' title="bbox 2135 5059 3711 5135; baseline -0.004 -17"><span class='ocrx_word' id='word_1_872' title='bbox 2135 5079 2274 5130; x_wconf 79' lang='lat' dir='ltr'><strong>num</strong></span> <span class='ocrx_word' id='word_1_873' title='bbox 2306 5063 2541 5135; x_wconf 82' lang='lat' dir='ltr'><strong>primum</strong></span> <span class='ocrx_word' id='word_1_874' title='bbox 2571 5063 2926 5132; x_wconf 90' lang='lat' dir='ltr'><strong>pristinorum</strong></span> <span class='ocrx_word' id='word_1_875' title='bbox 2956 5061 3276 5115; x_wconf 85' lang='lat' dir='ltr'><strong>delictorum</strong></span> <span class='ocrx_word' id='word_1_876' title='bbox 3308 5059 3711 5114; x_wconf 75' lang='lat' dir='ltr'><strong>confessionem</strong></span> 
     </span>
    </p>
   </div>
   <div class='ocr_carea' id='block_1_112' title="bbox 2136 5149 3710 5223">
    <p class='ocr_par' dir='ltr' id='par_1_112' title="bbox 2136 5149 3710 5223">
     <span class='ocr_line' id='line_1_112' title="bbox 2136 5149 3710 5223; baseline -0.003 -13"><span class='ocrx_word' id='word_1_877' title='bbox 2136 5153 2437 5223; x_wconf 83' lang='lat' dir='ltr'><strong>signiﬁcet;</strong></span> <span class='ocrx_word' id='word_1_878' title='bbox 2475 5153 2775 5208; x_wconf 92' lang='lat' dir='ltr'><strong>secundum</strong></span> <span class='ocrx_word' id='word_1_879' title='bbox 2809 5166 2956 5213; x_wconf 91' lang='lat' dir='ltr'><strong>vero,</strong></span> <span class='ocrx_word' id='word_1_880' title='bbox 2994 5151 3293 5220; x_wconf 83' lang='lat' dir='ltr'><strong>gratiarum</strong></span> <span class='ocrx_word' id='word_1_881' title='bbox 3352 5165 3452 5220; x_wconf 91' lang='lat' dir='ltr'><strong>pro</strong></span> <span class='ocrx_word' id='word_1_882' title='bbox 3497 5149 3710 5205; x_wconf 85' lang='lat' dir='ltr'><strong>collatis</strong></span> 
     </span>
    </p>
   </div>
   <div class='ocr_carea' id='block_1_113' title="bbox 2135 5242 3709 5313">
    <p class='ocr_par' dir='ltr' id='par_1_113' title="bbox 2135 5242 3709 5313">
     <span class='ocr_line' id='line_1_113' title="bbox 2135 5242 3709 5313; baseline -0.006 -10"><span class='ocrx_word' id='word_1_883' title='bbox 2135 5247 2296 5303; x_wconf 88' lang='lat' dir='ltr'><strong>bonis</strong></span> <span class='ocrx_word' id='word_1_884' title='bbox 2327 5247 2617 5301; x_wconf 89' lang='lat' dir='ltr'><strong>actionem.</strong></span> <span class='ocrx_word' id='word_1_885' title='bbox 2637 5244 2775 5298; x_wconf 86' lang='lat' dir='ltr'><strong>Nam</strong></span> <span class='ocrx_word' id='word_1_886' title='bbox 2799 5242 3072 5298; x_wconf 82' lang='lat' dir='ltr'><strong>confessio</strong></span> <span class='ocrx_word' id='word_1_887' title='bbox 3101 5242 3265 5296; x_wconf 88' lang='lat' dir='ltr'><strong>etiam</strong></span> <span class='ocrx_word' id='word_1_888' title='bbox 3293 5258 3390 5313; x_wconf 92' lang='lat' dir='ltr'><strong>pro</strong></span> <span class='ocrx_word' id='word_1_889' title='bbox 3411 5242 3709 5312; x_wconf 87' lang='lat' dir='ltr'><strong>gratiarum</strong></span> 
     </span>
    </p>
   </div>
   <div class='ocr_carea' id='block_1_114' title="bbox 2137 5332 3709 5408">
    <p class='ocr_par' dir='ltr' id='par_1_114' title="bbox 2137 5332 3709 5408">
     <span class='ocr_line' id='line_1_114' title="bbox 2137 5332 3709 5408; baseline -0.004 -16"><span class='ocrx_word' id='word_1_890' title='bbox 2137 5340 2353 5394; x_wconf 88' lang='lat' dir='ltr'><strong>actione</strong></span> <span class='ocrx_word' id='word_1_891' title='bbox 2401 5344 2718 5408; x_wconf 90' lang='lat' dir='ltr'><strong>usurpatur.</strong></span> <span class='ocrx_word' id='word_1_892' title='bbox 2755 5335 2845 5390; x_wconf 90' lang='lat' dir='ltr'><strong>Sic</strong></span> <span class='ocrx_word' id='word_1_893' title='bbox 2875 5337 3017 5390; x_wconf 89' lang='lat' dir='ltr'><strong>enim</strong></span> <span class='ocrx_word' id='word_1_894' title='bbox 3057 5333 3314 5390; x_wconf 86' lang='lat' dir='ltr'><strong>Servator</strong></span> <span class='ocrx_word' id='word_1_895' title='bbox 3343 5334 3549 5404; x_wconf 86' lang='lat' dir='ltr'><strong>gratias</strong></span> <span class='ocrx_word' id='word_1_896' title='bbox 3599 5332 3709 5402; x_wconf 86' lang='lat' dir='ltr'><strong>agit</strong></span> 
     </span>
    </p>
   </div>
   <div class='ocr_carea' id='block_1_115' title="bbox 2139 5425 3708 5494">
    <p class='ocr_par' dir='ltr' id='par_1_115' title="bbox 2139 5425 3708 5494">
     <span class='ocr_line' id='line_1_115' title="bbox 2139 5425 3708 5494; baseline -0.007 -7"><span class='ocrx_word' id='word_1_897' title='bbox 2139 5432 2372 5488; x_wconf 89' lang='lat' dir='ltr'><strong>dicens:</strong></span> <span class='ocrx_word' id='word_1_898' title='bbox 2418 5451 2436 5484; x_wconf 81' lang='grc' dir='ltr'><strong>ι</strong></span> <span class='ocrx_word' id='word_1_899' title='bbox 2486 5429 2763 5486; x_wconf 85' lang='lat' dir='ltr'><strong>Conﬁteor</strong></span> <span class='ocrx_word' id='word_1_900' title='bbox 2819 5429 2954 5494; x_wconf 88' lang='lat' dir='ltr'><strong>tibi,</strong></span> <span class='ocrx_word' id='word_1_901' title='bbox 3000 5426 3182 5491; x_wconf 88' lang='lat' dir='ltr'><strong>Pater,</strong></span> <span class='ocrx_word' id='word_1_902' title='bbox 3230 5425 3455 5481; x_wconf 90' lang='lat' dir='ltr'><strong>Domine</strong></span> <span class='ocrx_word' id='word_1_903' title='bbox 3498 5425 3617 5480; x_wconf 83' lang='lat' dir='ltr'><strong>coeli</strong></span> <span class='ocrx_word' id='word_1_904' title='bbox 3653 5431 3708 5479; x_wconf 88' lang='lat' dir='ltr'><strong>et</strong></span> 
     </span>
    </p>
   </div>
   <div class='ocr_carea' id='block_1_116' title="bbox 2135 5516 3709 5593">
    <p class='ocr_par' dir='ltr' id='par_1_116' title="bbox 2135 5516 3709 5593">
     <span class='ocr_line' id='line_1_116' title="bbox 2135 5516 3709 5593; baseline -0.004 -15"><span class='ocrx_word' id='word_1_905' title='bbox 2135 5531 2296 5580; x_wconf 68' lang='lat' dir='ltr'><strong>terrm</strong></span> <span class='ocrx_word' id='word_1_906' title='bbox 2323 5525 2388 5577; x_wconf 74' lang='grc' dir='ltr'>ὀ.</span> <span class='ocrx_word' id='word_1_907' title='bbox 2433 5544 2451 5578; x_wconf 73' lang='grc' dir='ltr'><strong>ι</strong></span> <span class='ocrx_word' id='word_1_908' title='bbox 2486 5522 2618 5578; x_wconf 90' lang='lat' dir='ltr'><strong>Post</strong></span> <span class='ocrx_word' id='word_1_909' title='bbox 2644 5522 2872 5593; x_wconf 90' lang='lat' dir='ltr'><strong>primam</strong></span> <span class='ocrx_word' id='word_1_910' title='bbox 2908 5536 3038 5576; x_wconf 90' lang='lat' dir='ltr'><strong>vero</strong></span> <span class='ocrx_word' id='word_1_911' title='bbox 3086 5530 3139 5575; x_wconf 92' lang='lat' dir='ltr'><strong>et</strong></span> <span class='ocrx_word' id='word_1_912' title='bbox 3168 5521 3462 5576; x_wconf 82' lang='lat' dir='ltr'><strong>secundam</strong></span> <span class='ocrx_word' id='word_1_913' title='bbox 3495 5516 3709 5572; x_wconf 86' lang='lat' dir='ltr'><strong>confes-</strong></span> 
     </span>
    </p>
   </div>
   <div class='ocr_carea' id='block_1_117' title="bbox 2139 5609 3710 5682">
    <p class='ocr_par' dir='ltr' id='par_1_117' title="bbox 2139 5609 3710 5682">
     <span class='ocr_line' id='line_1_117' title="bbox 2139 5609 3710 5682; baseline -0.004 -14"><span class='ocrx_word' id='word_1_914' title='bbox 2139 5615 2369 5678; x_wconf 87' lang='lat' dir='ltr'><strong>sionem,</strong></span> <span class='ocrx_word' id='word_1_915' title='bbox 2399 5613 2510 5682; x_wconf 88' lang='lat' dir='ltr'><strong>jam</strong></span> <span class='ocrx_word' id='word_1_916' title='bbox 2538 5612 2698 5666; x_wconf 90' lang='lat' dir='ltr'><strong>tertio</strong></span> <span class='ocrx_word' id='word_1_917' title='bbox 2727 5627 2826 5681; x_wconf 89' lang='lat' dir='ltr'><strong>pro</strong></span> <span class='ocrx_word' id='word_1_918' title='bbox 2865 5611 3118 5670; x_wconf 68' lang='lat' dir='ltr'><strong>gentibus</strong></span> <span class='ocrx_word' id='word_1_919' title='bbox 3155 5610 3263 5665; x_wconf 92' lang='lat' dir='ltr'><strong>illis</strong></span> <span class='ocrx_word' id='word_1_920' title='bbox 3290 5609 3555 5665; x_wconf 86' lang='lat' dir='ltr'><strong>confessis</strong></span> <span class='ocrx_word' id='word_1_921' title='bbox 3587 5620 3710 5680; x_wconf 83' lang='lat' dir='ltr'><strong>pre-</strong></span> 
     </span>
    </p>
   </div>
  </div>
