4090 6408
392 348 498 401 673

1082 343 1346 399 EL'SEBII
1387 342 1868 400 C/ESARIENSIS
1909 343 2056 397 OPP.
2096 342 2277 398 PARS
2309 341 2397 396 Ill.
2437 374 2503 382 —-
2535 341 2944 396 EXEGETICA.

3543 339 3646 393 676

387 481 599 527 cantur.
659 467 870 536 Quibus
930 467 1149 522 verbis?
1198 488 1215 518 ι
1276 466 1551 522 Lancntur
1604 477 1658 521 et
1703 467 1971 521 exsultent

2074 465 2391 536 ηὐχαρίστει
2418 463 2592 532 λέγων
2610 481 2623 493 ·
2663 482 2680 513 ι
2705 459 3160 532 Ἐξομολογοῦμαί
3183 475 3284 520 σοι,
3316 459 3516 528 Πάτερ,
3543 456 3645 510 Κύ-

385 572 594 637 gentes.
638 581 656 613 ι
689 560 807 626 Qua
841 575 970 615 vero
1013 560 1081 615 de
1117 575 1284 614 causa
1311 602 1325 626 ,
1358 561 1554 615 deinde
1583 560 1743 614 docet
1784 563 1864 613 sic
1899 559 1977 610 lo-

385 673 598 728 quens:
638 672 657 705 ι
697 655 965 720 Quoniam
992 654 1264 725 judicabis
1285 655 1513 725 populos
1536 655 1590 707 in
1626 654 1920 724 aequitate;
1954 673 1971 704 ι

385 745 619 818 populos
678 750 860 797 autem
891 759 1000 798 non
1049 745 1298 815 aliquos,
1362 745 1485 799 aliis
1545 743 1832 807 dimissis;
1879 742 1975 798 sed

386 853 602 900 omnes,
635 843 692 888 ut
721 834 1158 890 demonstratum
1207 836 1458 907 superius
1505 845 1629 891 est:
1675 836 1768 905 qui
1821 836 1975 906 gnari

388 931 614 998 insuper
648 942 706 982 se
735 927 832 982 abs
872 937 926 982 te
951 927 1174 982 ductum
1207 929 1310 993 iri,
1362 940 1420 982 ut
1445 929 1590 982 viam
1617 929 1718 982 sibi
1749 943 1778 982 a
1819 929 1977 984 nobis

388 1021 683 1076 indicatam
717 1020 1126 1090 perambulcnt,
1155 1021 1278 1089 jure
1311 1020 1497 1072 latitia
1524 1027 1577 1072 et
1611 1020 1978 1074 exsultatione

389 1111 763 1182 replebuntur.
802 1108 909 1162 Pro
937 1109 1028 1162 illo
1060 1117 1262 1170 autem,
1295 1126 1314 1158 ι
1346 1115 1400 1161 et
1423 1107 1720 1169 exsultent,
1761 1125 1778 1157 ι
1807 1107 1977 1176 Aqui-

389 1198 460 1260 la,
495 1213 513 1246 ι
545 1202 597 1249 et
629 1193 972 1262 laudabunt;
1009 1213 1027 1244 ι
1065 1191 1424 1264 Symmachus
1455 1208 1605 1256 vero,
1635 1212 1654 1244 ι
1714 1202 1768 1248 et
1813 1193 1978 1247 bene-

387 1287 590 1349 dicant,
622 1307 639 1340 ι
678 1287 1019 1358 interpretati
1077 1294 1228 1341 sunt.
1275 1305 1294 1338 ι
1331 1285 1706 1341 Conﬁteantur
1732 1285 1830 1340 tibi
1881 1301 1977 1355 po-

389 1382 522 1451 puli,
553 1381 715 1443 Deus,
747 1382 1118 1435 conliteantur
1149 1379 1244 1433 tibi
1304 1379 1489 1448 populi
1548 1393 1738 1432 omnes
1781 1396 1794 1431 :
1829 1385 1977 1431 terra

387 1473 536 1528 dedit
565 1473 801 1529 fructum
826 1489 1008 1528 suum.
1044 1491 1062 1524 ι
1103 1472 1176 1526 De
1220 1472 1379 1527 bonis
1413 1471 1698 1542 promissis
1730 1470 1838 1524 tuis
1884 1469 1976 1524 lae-

388 1566 664 1622 tabundus
692 1566 927 1636 Spiritus
967 1577 1212 1631 sanctus,
1243 1563 1434 1619 iisdem
1477 1564 1704 1618 vocibus
1751 1562 1974 1626 insistit,

387 1659 544 1726 quasi
575 1661 642 1713 de
693 1661 969 1713 communi
1029 1659 1406 1712 universorum
1466 1656 1747 1710 hominum
1802 1656 1976 1710 salute

387 1747 710 1804 delectatus.
742 1748 922 1813 Quare
968 1750 1052 1803 bis
1089 1758 1237 1803 terve
1293 1749 1559 1814 resumit,
1592 1764 1767 1817 neque
1799 1748 1915 1800 vult
1946 1761 1977 1800 a

387 1840 615 1893 salutari
663 1851 716 1894 et
763 1842 1076 1910 evangelico
1129 1841 1346 1894 cantico
1403 1840 1677 1894 secedere.
1739 1838 1974 1894 Rursum

388 1929 572 2000 itaque
595 1933 671 1984 ait
703 1948 715 1983 :
750 1952 767 1984 ι
790 1931 1168 1988 Conﬁteantur
1196 1934 1292 1988 tibi
1324 1932 1529 2002 populi,
1564 1931 1724 1986 Deus.
1766 1951 1783 1982 ›
1815 1930 1972 1997 Quod

385 2037 518 2077 sane
552 2024 847 2078 maximum
875 2032 995 2080 erat
1031 2027 1380 2087 miraculum,
1402 2025 1528 2094 quia
1550 2024 1720 2079 Judaei
1754 2027 1972 2094 quidem

387 2112 768 2168 universorum
801 2114 895 2170 Dei
932 2117 1140 2171 cultum
1171 2130 1200 2169 a
1232 2117 1480 2186 patribus
1502 2116 1700 2180 edocti,
1729 2116 1782 2170 in
1807 2115 1976 2170 idolo-

387 2205 560 2260 latrias
602 2221 848 2262 errorem
883 2207 1202 2278 frequenter
1243 2209 1598 2278 proruebant.
1638 2207 1829 2280 P0pu|i
1873 2225 1973 2262 au-

385 2303 496 2352 tem
531 2313 629 2368 per
670 2299 860 2355 orbem
890 2300 1157 2364 universi,
1182 2301 1277 2371 qui
1307 2315 1338 2354 a
1363 2301 1550 2356 multis
1573 2309 1720 2357 retro
1759 2304 1974 2358 saeculis

386 2389 561 2443 errori
587 2388 756 2444 dediti
789 2398 968 2454 erant,
1000 2407 1242 2462 eousque
1291 2407 1474 2448 mores
1504 2393 1890 2460 immutabunt,
1917 2403 1975 2447 ut

387 2495 497 2534 non
531 2482 708 2536 solum
735 2491 787 2538 te
809 2483 1052 2537 omnium
1085 2483 1252 2539 Deum
1290 2492 1619 2555 agnoscant;
1674 2485 1769 2541 sed
1809 2486 1972 2538 etiam

386 2573 638 2628 ediscant
671 2576 771 2630 tibi
803 2577 1006 2648 duplici
1053 2578 1165 2648 jam
1218 2577 1423 2633 tradito
1469 2594 1620 2634 more
1674 2579 1920 2635 conliteri
1957 2601 1970 2636 :

387 2667 530 2736 quod
565 2675 624 2721 ut
665 2672 881 2724 eveniat
913 2671 1025 2740 jam
1056 2671 1377 2726 vaticinium
1431 2680 1678 2739 matura;
1721 2681 1781 2726 ut
1816 2671 1975 2728 aeter-

385 2771 582 2809 narum
645 2759 1072 2827 promissionum
1121 2759 1321 2815 oculati
1377 2767 1548 2817 testes
1598 2761 1791 2818 simus.
1847 2761 1973 2818 Hac

385 2861 552 2916 porro
577 2846 656 2902 sic
687 2849 1004 2918 accipienda
1038 2859 1188 2913 sunt,
1215 2857 1274 2903 ιιι
1312 2853 1528 2921 possint
1567 2863 1634 2907 ex
1678 2855 1973 2924 propheta-

386 2954 510 2992 rum
547 2955 777 3008 persona
803 2941 908 2994 dici
937 2958 952 3006 ;
990 2942 1059 2993 ita
1088 2946 1148 2994 ut
1171 2955 1293 3010 qua:
1324 2949 1451 2997 ante
1485 2941 1790 3013 diapsalma
1819 2951 1968 3007 sunt,

385 3029 756 3098 apostolorum
786 3044 1032 3100 personae
1059 3031 1427 3097 conveniant;
1460 3046 1582 3102 qua:
1618 3047 1747 3087 vero
1778 3049 1972 3088 secun-

383 3119 515 3174 dum
551 3119 852 3190 diapsalma
885 3129 1185 3190 ponuntur,
1223 3123 1614 3195 prophetarum
1649 3125 1844 3187 choro,
1876 3125 1968 3194 qui

384 3229 450 3269 ea
478 3228 594 3283 qua:
619 3228 718 3267 nos
758 3212 1025 3279 videmus,
1072 3213 1177 3284 ipsi
1204 3229 1422 3285 quoque
1453 3217 1774 3286 conspicere
1822 3215 1972 3286 ﬂagi-

385 3306 600 3366 tabant,
625 3311 680 3360 et
709 3315 888 3359 tamen
919 3319 1029 3359 non
1057 3305 1312 3360 viderunt
1337 3307 1638 3362 secundum
1675 3307 1972 3363 Salvatoris

384 3407 576 3447 vocem
608 3393 675 3446 9‘.
732 3392 937 3447 Deinde
1003 3393 1240 3448 dicitur:
1289 3414 1308 3447 ι
1351 3395 1521 3450 Terra
1552 3397 1700 3452 dedit
1737 3398 1972 3453 fructum

381 3498 579 3552 suum;
610 3504 628 3536 ι
659 3486 795 3550 sive,
825 3485 1127 3542 secundum
1155 3487 1543 3558 Symmachum
1570 3507 1584 3543 :
1623 3507 1642 3540 σ
1676 3488 1846 3545 Terra
1876 3490 1973 3545 da-

384 3574 463 3630 bit
496 3586 815 3645 proventum
863 3593 1047 3632 suum.
1107 3597 1126 3630 ι
1165 3576 1303 3634 Vere
1361 3594 1596 3650 namque
1637 3579 1850 3638 fructus
1887 3599 1974 3639 se-

383 3666 626 3720 cundum
681 3674 843 3722 terra:
890 3676 1139 3722 naturam
1189 3676 1314 3732 est,
1377 3685 1540 3728 nosse
1593 3673 1970 3730 universorum

384 3755 579 3822 Deum,
603 3774 810 3829 eosque
837 3762 992 3830 queis
1031 3763 1086 3815 in
1123 3762 1210 3816 illa
1240 3762 1488 3819 habitare
1513 3780 1834 3823 concessum
1864 3775 1970 3832 est,

382 3849 599 3906 debitas
659 3852 766 3922 ipsi
813 3854 1190 3910 confessiones
1249 3866 1303 3911 et
1367 3858 1668 3927 gratiarum
1730 3858 1973 3913 actiones

383 3943 654 3998 emittere.
691 3944 826 3999 Nam
859 3962 921 4001 ea
953 3947 1020 4002 de
1047 3957 1398 4004 causaterra:
1433 3951 1761 4006 elementum
1781 3951 1974 4005 condi-

384 4054 497 4100 tum
521 4053 626 4109 est,
656 4055 716 4101 ut
738 4047 832 4119 qui
860 4047 914 4102 in
954 4049 1045 4102 illa
1076 4057 1428 4106 versarentur
1453 4095 1467 4117 ,
1506 4050 1724 4121 pietatis
1759 4051 1971 4107 fructus

383 4137 722 4210 proferrent;
767 4138 860 4195 sed
892 4140 963 4194 ob
994 4141 1154 4210 pritni
1200 4140 1439 4196 hominis
1466 4143 1967 4212 praevaricationem

382 4231 587 4286 dictum
626 4239 751 4287 est:
797 4251 814 4283 ι
854 4231 1136 4288 Maledicta
1175 4241 1320 4288 terra
1360 4235 1417 4288 in
1455 4236 1716 4305 operibus
1748 4236 1877 4291 tuis.
1911 4235 1967 4290 In

384 4322 572 4378 dolore
594 4322 848 4379 comedes
896 4323 1067 4392 ipsam
1123 4324 1379 4380 omnibus
1409 4325 1604 4380 diebus
1662 4326 1784 4381 vitae
1841 4334 1966 4380 tuae.

383 4412 584 4484 Spinas
614 4421 670 4470 et
698 4414 934 4469 tribulos
963 4416 1290 4485 germinabit
1312 4417 1411 4470 tibi
1447 4419 1514 4469 θ’.
1554 4437 1572 4469 ι
1613 4419 1680 4471 At
1711 4433 1818 4472 non
1853 4426 1970 4476 erat

2081 574 2163 628 ριε
2186 557 2278 608 τοῦ
2313 557 2371 609 οὐ
2383 555 2541 626 ρανοῦ
2569 556 2662 608 καὶ
2692 555 2790 624 τῆς
2821 555 2942 623 γῆς.
2979 572 2997 604 ι
3035 549 3190 606 Μετὰ
3219 550 3274 602 δὲ
3300 551 3399 622 τὴν
3428 548 3648 620 πρώτην

2079 650 2172 702 καί
2217 647 2472 718 δευτέραν
2525 645 2908 716 ἐξομολόγησιν
2953 645 3273 715 ἐπεύχονται
3316 645 3428 706 τοῖς
3474 640 3646 696 ἔθνεσι

2077 745 2189 804 τοῖς
2233 738 2787 810 ἑξομολογησαμένοις
2831 735 2900 788 τά
2948 736 3127 807 τρίτα.
3163 735 3295 788 Τίνα
3337 735 3393 788 δὲ
3439 731 3645 799 ταύτας

2084 855 2101 885 ι
2146 831 2618 903 Εὐφρανθήτωσαν
2651 832 2745 882 καὶ
2791 829 3239 898 ἀγαλλιάσθωσαν
3283 827 3429 898 ἔθνη.
3477 846 3495 878 ι
3539 827 3644 878 Καὶ

2075 924 2164 978 διά
2209 924 2368 976 ποίαν
2407 922 2605 986 αἰτίαν,
2635 922 2761 992 ἐξῆς
2795 921 3032 975 διδάσκει
3069 919 3262 988 λέγων·
3302 937 3321 969 ι
3358 919 3479 971 Ὅτι
3525 935 3646 989 κρι-

2076 1017 2186 1079 νεῖς
2216 1015 2378 1078 λαοὺς
2421 1017 2479 1066 ἐν
2527 1013 2802 1085 εὐθύτητι,
2844 1032 2861 1064 ι
2908 1014 3001 1067 καὶ
3048 1013 3129 1064 ὅτι
3169 1010 3350 1074 λαοὺς,
3393 1011 3452 1062 οὐ
3498 1009 3647 1073 τινάς

2081 1104 2198 1175 μὲν,
2232 1104 2382 1167 τινάς
2409 1104 2464 1157 δέ
2503 1102 2598 1156 οὐκ⁸
2642 1103 2776 1156 ἀλλά
2824 1104 3031 1165 πάντας
3059 1101 3199 1155 κατὰ
3231 1100 3296 1153 τά
3343 1100 3648 1170 ἔμπροσθεν

2074 1195 2432 1266 δεδηλωμένα.
2475 1195 2595 1247 Ἔτι
2642 1194 2700 1248 δὲ
2727 1195 2944 1263 γνόντα,
2988 1194 3068 1246 ὃτι
3106 1192 3496 1264 όδηγηθήσεται
3543 1191 3648 1246 ὐπὸ

2079 1286 2173 1340 σού
2213 1288 2351 1359 πρὸς
2394 1287 2453 1341 τὸ
2496 1287 2710 1357 βαδίσαι
2737 1287 2834 1357 τὴν
2876 1285 2992 1339 ὁδὸν
3027 1286 3126 1356 τὴν
3153 1285 3242 1355 ὐφ’
3276 1283 3433 1355 ἡμῶν
3465 1285 3646 1348 αὐτοῖς

2077 1379 2508 1453 γνωριζομένην,
2537 1380 2760 1443 εἰκότως
2786 1379 3123 1451 εὐφροσύνης
3154 1380 3246 1431 καὶ
3277 1377 3644 1446 ἀγαλλιάσεως

2077 1468 2464 1540 πλησθήσεται.
2510 1471 2652 1522 Ἀντὶ
2694 1469 2750 1522 δέ
2800 1469 2916 1532 τοῦ,
2949 1489 2968 1519 ι
3006 1471 3097 1522 καὶ
3127 1467 3592 1537 ἀγαλλιάσθωσαν,
3623 1490 3640 1519 ι

2084 1579 2100 1611 ι
2127 1562 2216 1614 καὶ
2250 1562 2548 1616 αἱνέσουσιν
2588 1581 2606 1613 ι
2643 1562 2671 1613 6
2715 1561 2945 1624 Ἀκύλας
2966 1577 2979 1590 °
3013 1563 3040 1614 6
3070 1560 3125 1613 δὲ
3158 1560 3470 1632 Σύμμαχος,
3502 1579 3520 1611 ι
3554 1561 3650 1615 καὶ

2078 1652 2514 1723 εὐφημείτωσαν,
2543 1672 2560 1702 ι
2597 1652 2964 1723 ἡρμήνευσαν.
2994 1670 3011 1701 ι
3037 1650 3649 1722 Ἐξομολογησάσθωσὰν

2080 1763 2161 1798 σοι
2195 1745 2333 1809 λαοὶ,
2368 1747 2397 1799 6
2427 1746 2578 1810 Θεὸς,
2617 1743 3207 1816 ἐξομολογησάσθωσάν
3249 1761 3331 1797 σοι
3369 1744 3484 1798 λαοὶ
3514 1747 3650 1800 πάν-

2009 1827 2049 1881 Β
2075 1855 2186 1902 τες’
2229 1837 2301 1907 γῆ
2329 1837 2512 1891 -ἕδωκε
2543 1839 2634 1890 τὸν
2665 1837 2874 1908 καρπὸν
2916 1837 3106 1908 αὐτῆς.
3139 1856 3157 1886 ι
3199 1838 3320 1890 Ἐπὶ
3363 1841 3481 1900 ταῖς
3515 1855 3648 1910 χρη-

2078 1933 2228 1994 σταῖς
2281 1930 2374 1983 mi.
2423 1929 2654 1998 ἀγαθαῖς
2699 1929 3056 1998 ἐπαγγελίαις
3107 1930 3530 2000 εὐφραινόμενον
3587 1930 3649 1985 τὸ

2077 2023 2300 2094 Πνεῦμα
2339 2021 2400 2074 τὸ
2445 2021 2619 2090 ἀγιον,
2667 2024 2784 2084 ταῖς
2827 2022 3017 2084 αὐταῖς
3049 2021 3370 2092 ἐνδιατρίϐει
3423 2025 3646 2091 φωναῖς,

2074 2115 2263 2187 ὥσπερ
2295 2114 2576 2187 ἐντρυφῶν
2603 2116 2669 2185 τῇ
2703 2117 2856 2185 κοινῇ
2892 2114 3107 2167 πάντων
3139 2113 3440 2186 ἀνθρώπων
3473 2130 3651 2186 σωτη-

2077 2209 2188 2281 ρία.
2222 2209 2313 2260 Διὸ
2348 2205 2790 2277 ἐπαναλαμϐάνει
2821 2206 3071 2278 δεύτερον
3103 2207 3198 2260 καὶ
3229 2206 3431 2278 τρίτον,
3466 2207 3561 2260 καὶ
3589 2208 3650 2261 οὐ

2077 2299 2323 2370 βούλεται
2369 2301 2672 2370 ἀναχωρεῖν
2703 2298 2799 2352 τοῦ
2848 2299 3117 2371 σωτηρίου
3167 2299 3262 2352 καὶ
3296 2298 3651 2368 εὐαγγελικοῦ

2073 2391 2332 2462 ᾄσματος.
2378 2391 2545 2445 Πάλιν
2590 2385 2683 2444 οὖν
2732 2407 2915 2462 φησιν·
2972 2408 2990 2440 ι
3039 2389 3652 2461 Ἐξομολογησάσθωσάν

2075 2501 2156 2537 σοι
2196 2483 2332 2551 λαοὶ,
2371 2487 2400 2538 6
2446 2485 2596 2549 Θεός.
2638 2503 2658 2536 ι
2702 2486 2768 2536 Ὀ
2809 2484 2873 2554 δὴ
2918 2484 3172 2555 μέγιστον
3211 2477 3279 2553 ἦν
3314 2482 3525 2552 θαῦμα,
3569 2484 3648 2535 ὅτι

2085 2575 2325 2630 Ἰουδαῖοι
2353 2577 2472 2647 μὲν,
2512 2578 2576 2630 ὲκ
2605 2575 2855 2647 πατέρων
2886 2575 2977 2627 τὸν
3004 2573 3112 2628 τῶν
3141 2574 3275 2628 ὅλων
3304 2574 3436 2626 Θεὸν
3468 2575 3646 2628 σέϐειν

2071 2667 2456 2740 δεδιδαγμένοι,
2490 2668 2729 2739 συνεχῶς
2760 2667 3237 2740 ἐξετραχηλίζοντο
3267 2668 3358 2721 ἐπὶ
3390 2667 3490 2739 τὴν
3520 2668 3654 2720 πλά-

2071 2778 2169 2832 νην
2198 2762 2299 2833 τῆς
2321 2762 2762 2832 εἰδωλολατρείας
2782 2778 2796 2793 ο
2830 2762 2948 2815 λαοὶ
2971 2761 3028 2815 δέ
3061 2762 3258 2824 πάντες
3284 2761 3332 2815 οἰ
3375 2761 3497 2815 καθ’
3524 2761 3651 2833 ὅλης

2071 2856 2170 2930 τῆς
2205 2855 2525 2928 οἰκουμένης
2551 2857 2616 2908 ὲκ
2646 2854 2742 2908 τοῦ
2779 2853 2994 2926 μακροῦ
3022 2853 3217 2917 αἰῶνος
3247 2853 3650 2926 πεπλανημένοι

2072 2951 2153 3012 εἰς
2193 2947 2464 3020 τοσαύτην
2502 2947 2691 3016 ἥξουσι
2740 2946 3061 3018 μεταϐολὴν,
3100 2945 3177 3009 ὡς
3214 2945 3288 3017 μὴ
3327 2946 3486 3017 μόνον
3527 2949 3647 3001 ἐπι-

2073 3041 2273 3110 γνῶναι
2299 3057 2358 3094 σε
2384 3040 2476 3095 τὸν
2507 3041 2599 3094 ἐπὶ
2632 3040 2848 3094 πάντων
2871 3039 3025 3103 Θεὸν,
3054 3038 3191 3093 ἀλλά
3220 3042 3314 3094 καὶ
3339 3042 3645 3111 ἐπιστήμην

2073 3130 2359 3185 ἀναλαϐεῖν
2395 3129 2489 3183 τοῦ
2536 3131 2972 3202 ἐξομολογεῖσθαι
3019 3147 3099 3184 σοι
3147 3130 3287 3184 κατά
3327 3131 3418 3184 τὸν
3452 3132 3644 3185 ἀποδο-

2075 3221 2235 3276 θέντα
2275 3222 2452 3276 διττὸν
2487 3221 2718 3289 τρόπον’
2767 3223 2904 3294 ὅπερ
2957 3222 3043 3276 ἵνα
3092 3223 3310 3293 γένηται
3348 3221 3447 3292 ἤδη
3487 3221 3637 3286 ποτὲ,

2073 3314 2297 3385 τάχυνον
2321 3314 2390 3368 τά
2419 3314 2521 3385 τῆς
2550 3315 2905 3387 προφητείας.
2935 3316 3021 3369 ἵνα
3069 3315 3329 3370 αὐτόπται
3369 3313 3475 3366 τῶν
3511 3317 3645 3369 αἰω-

2073 3406 2200 3459 νίων
2232 3406 2571 3476 ἐπαγγελιῶν
2603 3408 2918 3479 γενοίμεθα.
2965 3407 3278 3463 Ἀκουστέον
3307 3407 3360 3461 δὲ
3387 3407 3493 3460 τῶν
3518 3425 3647 3478 προ-

2073 3497 2338 3568 κειμένων
2371 3499 2447 3562 ώς
2485 3499 2798 3571 δυναμένων
2824 3501 2917 3554 καὶ
2951 3501 3016 3554 ἐκ
3052 3499 3341 3571 προσώπου
3384 3498 3490 3551 τῶν
3517 3514 3648 3569 προ-

2073 3588 2257 3662 φητῶν
2281 3590 2562 3659 λέγεσθαι·
2597 3592 2725 3646 ὥστ’
2767 3587 2907 3646 εἶναι
2935 3593 3002 3646 τά
3032 3592 3130 3664 μὲν
3152 3594 3257 3664 πρὸ
3292 3591 3386 3646 τοῦ
3426 3589 3649 3661 διαψάλ-

2076 3700 2261 3754 ματος,
2300 3684 2606 3754 ἁρμόζοντα
2649 3683 2726 3756 τῷ
2755 3683 3031 3756 προσώπῳ
3063 3685 3172 3739 τῶν
3216 3685 3546 3748 ἀποστόλων,
3581 3682 3648 3735 τά

2071 3778 2128 3830 δέ
2161 3777 2296 3849 μετά
2321 3778 2382 3830 τὸ
2407 3777 2705 3850 διάψαλμα,
2733 3778 2812 3848 τῷ
2840 3779 2986 3852 χορῷ
3018 3779 3126 3834 τῶν
3155 3782 3470 3853 προφητῶν,
3511 3771 3648 3833 οἴτέ

2072 3889 2161 3936 νες
2183 3871 2490 3944 ἐπεθύμουν
2526 3873 2654 3926 ἰδεῖν
2677 3872 2712 3927 ἀ
2741 3875 2900 3944 ἡμεῖς
2939 3874 3230 3944 βλέπομεν,
3257 3874 3353 3928 καὶ
3382 3875 3482 3927 οὐκ
3509 3873 3646 3927 εἶδον

2072 3963 2212 4018 κατά
2245 3964 2343 4036 τὴν
2385 3967 2651 4038 σωτήριον
2701 3966 2903 4037 φωνήν.
2945 3964 3102 4035 Ἑξῆς
3138 3964 3349 4026 τούτοις
3393 3963 3644 4032 εἴρηται·

2076 4077 2094 4108 ι
2126 4058 2202 4128 Γῆ
2230 4058 2396 4112 ἔδωκε
2421 4059 2512 4111 τὸν
2539 4057 2747 4129 καρπὸν
2775 4057 2944 4128 αὐτῆς
2962 4075 2976 4087 ·
3010 4075 3030 4107 ι
3067 4055 3100 4124 ἢ
3133 4054 3274 4108 κατά
3302 4053 3394 4106 τὸν
3423 4053 3647 4122 Σύμμα-

2070 4167 2196 4215 χον·
2240 4169 2258 4202 ι
2308 4150 2386 4221 Γῆ
2421 4149 2580 4204 δώσει
2613 4149 2711 4221 τὴν
2749 4145 2922 4218 φοράν
2972 4144 3160 4213 αὐτῆς.
3196 4163 3216 4193 ι
3266 4143 3494 4213 Καρπὸς
3536 4142 3645 4212 γὰρ

2069 4240 2144 4303 ὡς
2176 4241 2390 4312 ἀληθῶς
2418 4242 2447 4293 6
2479 4239 2622 4294 κατά
2664 4237 2824 4307 φύσιν
2849 4235 2951 4306 τῆς
2989 4233 3095 4303 γῆς
3127 4235 3241 4287 ἐστι
3270 4235 3330 4287 τὸ
3357 4234 3643 4305 γνωρίζειν

2067 4331 2159 4384 τὸν
2189 4331 2282 4384 ἐπὶ
2307 4332 2524 4386 πάντων
2545 4327 2700 4390 Θεὸν,
2727 4324 2942 4388 καὶτὰς
2974 4324 3326 4395 ὀφειλομένας
3353 4326 3500 4398 αὐτῷ
3529 4327 3645 4392 ἐξο-

2074 4423 2396 4494 μολογήσεις
2435 4421 2530 4476 καὶ
2561 4416 2906 4491 εὐχαριστίας
2953 4418 3293 4489 ἀναπέμπειν
3320 4420 3443 4482 τοὺς
3476 4421 3643 4472 οἰκεῖν

382 4503 472 4558 hic
503 4503 717 4560 fructus
737 4511 896 4558 terrae
918 4506 1221 4559 secundum
1249 4517 1536 4573 naturam;
1569 4509 1662 4565 sed
1682 4509 1963 4580 praedictio

2072 4515 2240 4588 αὐτὴν
2268 4511 2686 4584 ἐπιτραπέντας.
2725 4511 2846 4564 Ἐπὶ
2872 4509 3030 4564 τοῦτο
3059 4512 3156 4582 μὲν
3182 4511 3288 4582 γὰρ
3310 4511 3642 4566 κατεσκεύα-

383 4596 606 4650 malitiae
673 4611 796 4666 qua:
845 4605 1043 4666 praeter
1099 4607 1350 4654 naturam
1409 4601 1466 4654 in
1521 4616 1585 4656 ea
1629 4603 1965 4672 pullulutura

380 4693 520 4740 erat.
575 4685 710 4741 Nam
753 4699 951 4758 praeter
983 4700 1234 4744 naturam
1273 4691 1444 4762 spina:
1487 4700 1542 4748 et
1571 4695 1756 4751 tribuli
1789 4695 1966 4750 oborti

382 4785 513 4833 sunt
538 4788 764 4848 propter
794 4781 1299 4850 praevaricationem
1333 4801 1442 4838 non
1470 4787 1649 4840 solum
1673 4786 1967 4858 primi'bo-

383 4867 564 4922 minis.
591 4870 684 4923 sed
712 4870 876 4925 etiam
897 4887 1086 4927 eorum
1119 4874 1212 4943 qui
1250 4885 1373 4943 post
1399 4877 1550 4932 illum
1603 4879 1660 4934 in
1707 4879 1964 4948 impieta-

381 4974 492 5024 tem
522 4970 758 5040 prolapsi
793 4981 942 5028 sunt.
971 4973 1107 5040 Quia
1166 4977 1220 5030 in
1274 4979 1543 5050 principio
1575 4978 1795 5050 quando
1828 4979 1968 5034 dixit

384 5059 565 5116 Deus:
608 5080 626 5112 ι
665 5061 944 5119 Germinet
969 5074 1115 5119 terra
1147 5067 1369 5122 herbam
1396 5069 1541 5135 feni,
1597 5070 1965 5124 seminantem

382 5166 591 5216 semen,
624 5154 925 5208 secundum
955 5171 1128 5226 genus
1153 5166 1205 5210 et
1234 5159 1962 5230 similitudinem,etlignum

381 5242 722 5298 fructiferutn
783 5245 964 5301 ferens
1017 5247 1273 5312 fructum,
1307 5251 1467 5318 cujus
1500 5267 1688 5307 semen
1738 5251 1792 5304 in
1845 5249 1964 5319 ipso

381 5335 455 5388 sit
485 5336 784 5391 secundum
832 5353 1004 5407 genus
1049 5355 1215 5409 super
1246 5351 1446 5396 terram
1479 5343 1554 5409 ⁹³;
1618 5359 1639 5394 ι
1695 5356 1961 5412 nusquam

384 5427 589 5481 mentio
621 5429 900 5498 spinarum
951 5446 1015 5486 ac
1056 5433 1380 5488 tribulorum
1409 5441 1523 5490 est:
1585 5450 1763 5502 neque
1818 5441 1963 5487 terra

388 5521 573 5578 isthaec
607 5528 984 5596 produxisset.
1022 5531 1126 5586 nisi
1177 5531 1490 5587 hominibus
1536 5532 1961 5602 inobsequentite

389 5628 679 5684 subsecuta
703 5633 838 5687 ultio
867 5643 1030 5690 esset.
1061 5635 1118 5689 In
1151 5637 1370 5692 malitiae
1393 5653 1544 5710 ergo,
1568 5652 1688 5708 qua:
1716 5636 1958 5690 homini-

463 5803 505 5834 ⁶¹
528 5800 658 5857 Luc.
697 5822 749 5868 ιι,
789 5807 876 5859 Ἡ.
954 5809 1156 5865 “Gen.
1193 5829 1273 5878 ιιι,
1314 5814 1394 5871 l7.
1511 5816 1557 5847 "
1582 5813 1718 5870 Gen.
1770 5831 1808 5878 ι,
1867 5816 1955 5872 il.

2074 4624 2195 4661 σται
2235 4605 2297 4660 τὸ
2326 4607 2427 4676 τῆς
2455 4604 2558 4675 γῆς
2592 4607 2870 4675 στοιχεῖον,
2915 4605 3008 4658 ἐπὶ
3038 4603 3098 4658 τὸ
3126 4607 3252 4669 τοὺς
3289 4608 3346 4660 ἐν
3378 4607 3514 4677 αὐτῇ
3543 4606 3643 4670 τὰς

2069 4695 2353 4767 διατριϐὰς
2398 4696 2752 4768 ποιουμένους
2797 4697 3076 4762 εὐσεῧείας
3123 4699 3450 4771 προσφέρειν
3505 4715 3642 4768 καρ-

2071 4788 2206 4851 πούς
2227 4803 2240 4816 ·
2269 4786 2356 4840 διά
2380 4786 2436 4839 δὲ
2470 4787 2569 4859 τὴν
2598 4787 2691 4841 τοῦ
2723 4789 2938 4861 πρώτου
2973 4790 3162 4860 ἀνδρὸς
3185 4791 3494 4862 παράὸασιν
3523 4791 3641 4843 ὲλέ-

2067 4879 2172 4950 χθη
2199 4895 2211 4908 ”
2251 4897 2271 4930 ι
2310 4879 2738 4951 Ἐπικατάρατος
2769 4883 2802 4953 ἡ
2833 4882 2906 4952 γῆ
2938 4884 2995 4935 ἐν
3027 4885 3136 4946 τοῖς
3173 4881 3354 4952 ἔργοις
3395 4867 3507 4937 σού.
3553 4883 3642 4936 Ἐν

2067 4971 2263 5034 λύπαις
2313 4970 2462 5045 φάγῃ
2513 4972 2680 5044 αὐτὴν
2730 4975 2911 5039 πάσας
2946 4974 3044 5038 τὰς
3094 4974 3305 5044 ἡμέρας
3344 4973 3445 5044 τῆς
3495 4973 3642 5046 ζωῆς

2069 5078 2163 5114 σου
2183 5078 2196 5091 ο
2227 5062 2468 5126 ἀκάνθας
2492 5064 2584 5116 καὶ
2609 5065 2893 5136 τριϐόλους
2914 5066 3159 5119 ἀνατελεῖ
3186 5083 3287 5120 σοι.
3321 5085 3338 5116 ι
3375 5067 3512 5119 Ἀλλ’
3541 5067 3639 5119 οὐκ

2064 5149 2130 5223 ἦν
2158 5149 2312 5218 οὗτος
2339 5156 2367 5207 6
2410 5156 2550 5209 κατά
2595 5156 2756 5226 φύσιν
2788 5160 2998 5232 καρπὸς
3037 5158 3136 5229 τῆς
3168 5159 3302 5230 γῆς’
3337 5159 3640 5230 πρόρρησις

2064 5246 2121 5299 δὲ
2150 5247 2250 5317 τῆς
2286 5248 2582 5320 μελλούσης
2611 5250 2767 5319 φύειν
2793 5253 2850 5303 ἐν
2881 5253 3015 5323 αὐτῇ
3051 5253 3200 5322 παρά
3234 5251 3393 5320 φύσιν
3421 5251 3634 5313 κακίας.

2065 5339 2223 5410 Παρά
2253 5339 2412 5409 φύσιν
2437 5341 2546 5413 γὰρ
2575 5343 2631 5396 αἱ
2659 5342 2890 5398 ἄκανθαι
2921 5346 3015 5397 καί⁵
3047 5344 3280 5415 τρίϐολοι
3301 5344 3388 5397 διὰ
3410 5343 3506 5415 τὴν
3529 5361 3634 5396 πα-

2065 5433 2292 5504 ράϐασιν
2326 5436 2627 5488 ὑποστᾶσαι
2656 5437 2716 5488 οὐ
2754 5439 2913 5507 μόνον
2953 5439 3046 5491 τοῦ
3079 5437 3293 5509 πρώτου
3327 5437 3634 5510 ἀνθρώπου,

2063 5526 2197 5580 ἀλλά
2225 5529 2322 5581 καὶ
2345 5528 2456 5581 τῶν
2489 5531 2605 5600 μετ’
2633 5529 2794 5582 αὐτὸν
2822 5530 3170 5601 ἠσεὸηκότων
3190 5547 3202 5560 ο
3239 5531 3360 5583 ἐπεὶ
3389 5530 3507 5582 κατ’
3537 5530 3637 5599 ἀρ·

2063 5618 2182 5688 χάς,
2216 5617 2304 5670 ὅτε
2351 5615 2505 5672 εἶπεν
2534 5622 2562 5672 6
2606 5620 2764 5685 Θεός’
2797 5641 2816 5673 ι
2853 5621 3266 5692 Βλαστησάτωή
3295 5621 3366 5692 γῆ
3409 5621 3638 5693 βοτάνην
