4090 6370
385 312 489 367 677

1509 304 2010 364 COMMENTABIA
2054 305 2115 358 IN
2161 305 2495 362 PSALMOS.

3534 311 3638 365 678

383 428 601 499 χόρτου·
636 423 856 496 σπεῖρον
887 393 1112 494 σπέρμα
1138 420 1280 475 κατά
1312 419 1468 490 γένος
1501 421 1595 475 καὶ
1627 421 1748 475 καθ’
1782 421 1956 492 ὁμοιό-

2061 421 2166 475 bus
2208 430 2396 491 postea
2447 419 2663 478 inhaesit
2693 460 2708 486 ,
2761 421 3048 493 imaginem
3075 461 3091 486 ,
3132 423 3303 492 spinae
3349 430 3403 478 et
3453 424 3639 479 tribuli

381 536 540 591 τητα,
579 515 674 570 καὶ
725 515 878 580 ξύλον
941 515 1220 585 κάρπιμον
1267 513 1455 567 ποιοῦν
1506 513 1736 585 καρπὸν,
1785 508 1846 567 οῦ
1893 513 1954 566 τὸ

384 610 609 681 σπέρμα
640 606 801 660 αὐτοῦ
841 608 899 659 ἐν
942 604 1091 676 αὐτῷ
1123 605 1264 658 κατὰ
1306 604 1462 673 γένος
1491 605 1583 658 ἐπὶ
1614 604 1716 674 τῆς
1750 604 1854 675 γῆς
1875 622 1889 634 ·
1931 623 1948 655 ι

382 699 590 770 οὐδαμῆ
625 698 806 770 μνήμη
841 695 1062 764 γέγονεν
1092 693 1343 748 ἀκανθῶν
1370 693 1490 746 οὐδὲ
1519 692 1784 765 τριϐόλων
1808 710 1822 722 ·
1846 693 1953 747 οὐδ’

386 789 452 843 ἂν
485 787 647 857 ἔφυσε
675 785 846 839 ταῦτα
873 787 908 855 ἡ
930 785 1024 856 γῆ,
1054 787 1102 838 εί
1130 786 1204 856 μὴ
1231 783 1298 837 τὰ
1320 784 1416 854 τῆς
1453 783 1737 856 παρακοῆς
1761 785 1957 854 ἐπηκο-

385 879 642 950 λούθησεν
669 876 960 948 ἀνθρώπῳ.
991 876 1102 947 Τῆς
1144 875 1274 944 γοῦν
1307 874 1531 943 ὕστερον
1573 873 1955 945 ἐπισυμϐάσης

385 969 688 1041 ἀνθρώποις
714 967 910 1030 κακίας
953 966 1155 1029 εἰκόνες
1183 965 1426 1036 ἐφύησαν
1454 965 1686 1020 ἄκανθαι
1713 965 1806 1018 καὶ
1836 963 1954 1034 τρί-

384 1059 548 1112 ϐολοι.
581 1056 742 1112 Ὅθεν
775 1056 862 1110 ἵνα
902 1055 1074 1108 ταῦτα
1118 1055 1407 1125 ἀπόληται,
1454 1055 1565 1126 πῦρ
1593 1051 1724 1126 ἦλθε
1777 1053 1955 1124 βαλεῖν

381 1145 477 1199 ἐπὶ
517 1143 614 1216 τὴν
644 1143 748 1214 γῆν
786 1145 816 1196 6
852 1143 1060 1214 Σωτήρ.
1110 1144 1219 1198 Καὶ
1249 1143 1313 1214 δὴ
1354 1143 1448 1197 τοῦ
1493 1144 1762 1216 σωτηρίου
1795 1144 1954 1212 λόγου

380 1238 536 1309 δίκην
563 1237 734 1308 πυρὸς
773 1237 870 1301 τὰς
895 1237 1134 1300 ἀκάνθας
1167 1237 1260 1290 καὶ
1295 1240 1422 1302 τοὺς
1449 1237 1729 1310 τριϐόλους
1762 1237 1958 1307 ἀφανί-

380 1328 583 1394 ζοντος,
611 1328 864 1382 νεωθεῖσα
893 1329 991 1399 τῆς
1017 1328 1214 1392 κακίας
1235 1331 1268 1399 ἡ
1298 1327 1466 1400 ψυχὴ,
1494 1328 1584 1381 τὸν
1614 1328 1956 1400 προσήκοντα

378 1422 516 1492 αὐτῇ
547 1421 642 1475 καὶ
665 1420 996 1492 κατάλληλον
1027 1419 1238 1490 καρπὸν
1277 1420 1582 1473 ἀποδίδωσι.
1620 1419 1817 1491 Διόπερ
1837 1419 1955 1472 λαοὶ

384 1515 483 1585 μὲν
533 1515 732 1578 πάντες
783 1513 1227 1585 ἐξομολογοῦνται
1252 1531 1266 1544 ο
1310 1513 1437 1585 ἔθνη
1485 1513 1541 1566 δὲ
1589 1513 1681 1566 ἐπὶ
1711 1513 1810 1584 τῆς
1853 1512 1954 1583 γῆς

379 1606 714 1679 ὁδηγοῦνται.
753 1607 972 1670 Τούτοις
1001 1623 1062 1658 τε
1103 1604 1430 1669 ἀκολούθως,
1463 1605 1814 1676 ἐπενήνεκται
1855 1605 1915 1657 τό
1938 1621 1950 1634 ⁸

386 1718 405 1751 ι
436 1699 510 1771 Γῆ
543 1698 709 1770 έδωκε
750 1699 842 1752 τὸν
881 1699 1092 1771 καρπὸν
1135 1698 1325 1768 αὐτῆς.
1386 1696 1692 1768 Εὑλογήσαι
1737 1697 1887 1768 ἡμᾶς
1927 1697 1955 1750 6

378 1790 528 1855 Θεὸς,
578 1793 607 1843 6
638 1790 770 1854 Θεὸς
807 1791 988 1862 ἡμῶν,
1033 1791 1329 1862 εὐλογῆσαι
1367 1791 1514 1861 ἡμᾶς
1560 1791 1589 1842 6
1635 1788 1788 1852 Θεός.
1840 1789 1952 1842 Καὶ
1986 1775 2026 1830 Β

378 1882 770 1954 φοϐηθήτωσαν
822 1883 983 1936 αὑτὸν
1033 1884 1208 1937 πάντα
1253 1883 1322 1936 τὰ
1368 1882 1582 1954 πέρατα
1623 1882 1724 1954 τῆς
1755 1882 1876 1952 γῆς.
1927 1900 1946 1932 ι

377 1974 502 2027 Εἴτε
528 1975 577 2026 οἱ
608 1973 893 2027 ἀπόστολοι
923 1974 1016 2027 τοῦ
1042 1975 1292 2046 Σωτῆρος
1320 1974 1498 2045 ἡμῶν,
1521 1976 1629 2028 εἴτε
1657 1975 1703 2026 οἱ
1736 1973 1954 2027 παλαιοὶ

375 2063 470 2118 τοῦ
500 2064 634 2118 Θεοῦ
693 2066 968 2138 προφῆται
999 2065 1262 2138 (ἐκατέρῳ
1302 2067 1410 2137 γάρ
1440 2065 1680 2136 τάγματι
1713 2065 1956 2137 ἐφαρμό-

375 2157 456 2220 ζει
482 2157 552 2210 τὰ
582 2157 907 2228 λεγόμενα),
941 2156 1188 2229 εὔχονται
1232 2158 1332 2229 τῆς
1362 2158 1518 2230 ποιρά
1563 2158 1656 2211 τοῦ
1689 2157 1823 2211 Θεοῦ
1858 2157 1952 2210 εὐ-

374 2246 558 2317 λογίας
597 2252 800 2319 τυχεῖν,
840 2245 908 2321 ἧς
938 2249 1030 2302 καὶ
1063 2248 1323 2320 ἀνωτέρω
1364 2248 1462 2320 τὴν
1495 2248 1734 2302 διάνοιαν
1781 2263 1952 2321 παρε-

375 2340 674 2412 στήσαμεν,
727 2341 1034 2404 δεικνύντες
1088 2342 1236 2414 ὅπως
1278 2341 1360 2405 τὸ,
1423 2360 1442 2392 ι
1499 2340 1806 2406 Αὐξάνεσθε
1860 2341 1955 2394 καὶ

373 2433 709 2506 πληθύνεσθε
742 2435 838 2488 καὶ
883 2432 1210 2508 πληρώσατε
1253 2434 1352 2503 τὴν
1401 2432 1528 2503 γῆν,
1575 2434 1670 2486 καὶ
1709 2449 1955 2486 κατακυ-

385 2527 632 2598 ριεύσατε
671 2527 862 2598 αὐτῆς,
901 2547 918 2579 ι
958 2528 1049 2580 ἐπὶ
1081 2527 1284 2580 τούτων
1315 2525 1620 2597 ἐπληροῦτο
1652 2543 1954 2596 πνευματι-

385 2619 516 2683 κῶς.
545 2620 782 2686 Πάρεστι
813 2619 942 2689 γοῦν
975 2619 1121 2692 ἔργῳ
1147 2618 1502 2690 παραλαϐεῖν,
1528 2618 1603 2683 ὡς
1629 2621 1662 2690 ἡ
1696 2618 1957 2690 σύμπασα

383 2712 454 2782 γῆ
487 2712 583 2780 τῆς
618 2710 838 2764 ἐκείνων
877 2710 1124 2780 διαδοχῆς
1157 2707 1469 2781 ἐπληρώθη.
1503 2711 1572 2762 Αἵ
1596 2727 1655 2761 τε
1684 2709 1806 2763 καθ’
1831 2709 1958 2779 ὅλης

375 2802 474 2870 τῆς
503 2801 824 2872 οἰκουμένης
850 2800 1144 2871 ἱδρυθεῖσαι
1169 2800 1264 2853 τοῦ
1292 2801 1442 2872 Σωτῆ
1452 2819 1540 2871 ρος
1557 2800 1712 2872 ἡμῶν
1727 2800 1952 2871 Ἐκκλη-

379 2892 510 2956 σίαι,
540 2894 634 2946 καὶ
665 2894 713 2946 οἱ
747 2893 866 2947 καθ’
901 2895 1138 2963 ἑκάστην
1174 2893 1494 2966 μυρίανδροι
1520 2894 1639 2946 λαοὶ
1669 2894 1769 2964 τῆς
1800 2894 1956 2948 εὐλο-

375 2985 500 3053 γίας
549 2986 727 3039 αὐτῶν
773 2987 1098 3058 ἐμφαίνουσι
1130 2987 1198 3040 τὰ
1230 2985 1669 3056 ἀποτελέσματα.
1709 2986 1955 3056 Πρεπόν-

2057 513 2267 602 suborti
2321 521 2470 572 sunt.
2530 515 2936 581 Quamobrem,
2992 523 3051 567 ut
3101 513 3216 569 haec
3284 515 3637 585 dispeream,

2056 603 2233 671 ignem
2273 602 2328 656 in
2358 611 2562 657 terram
2610 602 2840 657 missum
2878 602 3134 658 Servatur
3178 603 3345 657 venit.
3394 602 3460 657 Et
3507 619 3641 658 sane

2057 694 2281 750 salutari
2325 695 2494 749 verbo
2525 695 2668 765 ignis
2702 696 2878 750 instar
2905 695 3092 764 spinas
3128 701 3181 750 et
3211 697 3446 752 tribulos
3475 698 3639 750 absu-

2057 792 2236 840 meute
2256 825 2272 847 ,
2322 794 2584 840 renovata
2615 788 2796 840 anima
2826 787 3088 840 malitiam
3141 801 3349 843 exuens
3374 827 3390 852 ,
3439 803 3640 843 conve-

2055 878 2290 930 nientem
2318 877 2421 931 sibi
2446 885 2498 932 et
2526 887 2953 932 consentaneum
2980 877 3218 932 fructum
3237 877 3465 948 profert.
3493 878 3639 945 Qua-

2056 976 2280 1037 propter
2318 969 2505 1039 pepuli
2551 985 2743 1025 omnes
2777 969 3144 1037 conﬁtentur;
3180 979 3369 1041 gentes
3402 985 3534 1025 vero
3583 971 3640 1042 in

2055 1073 2198 1117 terra
2223 1063 2554 1134 diriguntur.
2587 1064 2667 1118 Ad
2695 1063 2808 1117 haec
2839 1070 3018 1117 autem
3047 1073 3444 1132 consequenter
3469 1062 3642 1118 infer-

2055 1154 2343 1208 turillud:
2388 1173 2407 1206 ι
2449 1154 2620 1208 Terra
2651 1155 2799 1210 dedit
2848 1153 3085 1208 fructum
3131 1170 3313 1209 suum.
3347 1155 3640 1210 Benedicat

2054 1261 2156 1300 nos
2185 1245 2350 1311 Deus,
2391 1245 2534 1302 Deus
2565 1255 2772 1310 noster,
2802 1243 3088 1300 benedicat
3117 1261 3220 1301 nos
3254 1245 3417 1310 Deus,
3447 1252 3500 1300 et
3527 1261 3642 1298 me-

2054 1345 2211 1392 tuant
2233 1355 2357 1393 eum
2385 1355 2578 1395 omnes
2607 1341 2743 1396 ﬁnes
2780 1349 2959 1395 terrae.
3003 1359 3022 1391 ι
3060 1338 3186 1394 Sive
3228 1340 3456 1409 apostoli
3506 1338 3642 1392 Scr-

2054 1430 2262 1485 vatoris
2292 1432 2496 1495 nostri,
2529 1433 2644 1486 sive
2687 1431 2854 1502 prisci
2909 1425 2985 1484 illi
3023 1429 3118 1485 Dei
3165 1431 3442 1502 prophetae
3492 1431 3641 1500 (nam

2055 1523 2275 1592 utrique
2329 1525 2510 1580 Ordini
2562 1526 2677 1579 haec
2728 1526 2874 1579 dicta
2925 1524 3285 1595 competunt),
3342 1523 3432 1578 Dei
3476 1523 3644 1577 bene-

2055 1612 2350 1669 dictionem
2387 1618 2652 1686 consequi
2707 1601 3032 1688 precantur,
3083 1616 3243 1686 cujus
3275 1625 3508 1670 mentem
3546 1629 3644 1668 su-

2055 1721 2153 1776 pra
2179 1707 2602 1775 declaravimus,
2636 1725 2762 1764 cum
2801 1709 2958 1772 illud,
2997 1727 3016 1760 ι
3057 1707 3310 1764 Crsecite
3348 1717 3401 1762 et
3454 1706 3644 1760 multi-

2055 1798 2335 1869 plicamini
2354 1808 2409 1856 et
2431 1803 2633 1872 replete
2660 1812 2880 1866 terram,
2899 1810 2954 1855 et
2973 1800 3330 1855 dominamini
3360 1798 3588 1860 illius“,
3615 1816 3636 1850 ι

2055 1890 2111 1942 in
2167 1891 2301 1960 ipsis
2339 1893 2702 1962 spiritualiter
2729 1893 3059 1962 completum
3097 1908 3221 1947 esse
3260 1891 3639 1961 probaremus.

2057 1985 2208 2042 Licet
2249 1982 2418 2053 igitur
2455 1985 2539 2039 vel
2569 2000 2638 2040 ex
2668 1984 2837 2054 gestis
2862 1983 3028 2038 rebus
3061 1981 3385 2051 intelligere,
3418 1980 3641 2034 univer-

2058 2096 2174 2136 sam
2203 2087 2405 2134 terram
2435 2092 2628 2132 eorum
2670 2076 3023 2131 successione
3065 2075 3328 2142 repletam
3364 2087 3506 2127 esse.
3539 2071 3644 2126 Ec-

2056 2173 2239 2228 clesiae
2289 2181 2529 2239 namque
2596 2167 2907 2223 Servatoris
2963 2165 3138 2220 noStri
3200 2180 3296 2234 per
3332 2165 3642 2218 universam

2057 2268 2260 2320 terr'am
2293 2263 2551 2328 fundatae,
2581 2268 2636 2316 et
2671 2259 2942 2315 innumeri
3000 2274 3096 2329 per
3149 2257 3397 2327 singulas
3452 2270 3642 2310 earum

2057 2356 2278 2427 populi,
2325 2353 2758 2409 benedictionem
2814 2351 3056 2420 ipsorum
3107 2348 3432 2417 completam
3485 2346 3644 2400 exhi-

2060 2451 2210 2503 bent.
2242 2445 2385 2517 Ipsis
2410 2461 2574 2516 porro
2613 2444 2869 2500 convenit
2893 2439 3048 2504 illud,
3083 2460 3100 2492 ι
3130 2439 3275 2494 Deus
3298 2445 3506 2500 noster,
3538 2455 3556 2488 ι
3589 2437 3645 2491 in

2059 2541 2162 2595 hoc
2190 2541 2337 2596 dicto
2366 2551 2708 2609 expressum,
2747 2554 2766 2587 ι
2801 2533 3096 2588 Benedicat
3142 2546 3244 2586 nos
3290 2529 3466 2592 Deus,
3501 2527 3647 2585 Deus

2059 2633 2276 2690 noster;
2318 2642 2337 2676 ι
2365 2629 2552 2692 utpote
2574 2620 2668 2691 qui
2710 2629 2990 2690 paternam
3024 2615 3116 2671 Dei
3152 2615 3239 2670 sui
3277 2613 3646 2685 cognitionem

2059 2716 2360 2771 obtineant.
2393 2711 2593 2766 Verum
2642 2708 2841 2763 deinde
2882 2706 3018 2762 illud
3074 2704 3379 2774 adjiciunt:
3417 2720 3436 2753 ι
3477 2702 3648 2756 Bene-

2059 2809 2208 2861 dicat
2234 2821 2334 2861 nos
2356 2803 2540 2869 Deus;
2575 2821 2593 2854 ι
2629 2811 2814 2872 utpote
2845 2800 2937 2870 qui
2968 2813 3077 2853 non
3112 2798 3354 2867 ipsorum
3394 2802 3644 2860 tantum,

2059 2899 2154 2955 sed
2181 2899 2344 2953 etiam
2366 2910 2556 2951 eorum
2583 2895 2852 2956 omnium,
2886 2892 2979 2962 qui
3033 2906 3129 2960 per
3154 2903 3250 2944 eos
3287 2887 3517 2943 salutem
3545 2901 3646 2939 na-

2060 2991 2198 3046 cturi
2231 2997 2380 3052 sunt,
2407 2986 2553 3042 Deus
2604 2985 2694 3040 sit.
2728 2983 2862 3038 Post
2891 2983 3006 3037 haec
3037 2981 3220 3035 omnia
3265 2990 3445 3034 autem
3477 2978 3647 3032 totius

373 3095 481 3144 τως
514 3079 570 3132 δὲ
604 3081 785 3143 αὐτοῖς
809 3080 890 3143 τὸ,
926 3098 944 3132 ι
992 3081 1050 3134 Ὀ
1073 3079 1204 3145 Θεὸς
1240 3081 1418 3152 ἡμῶν,
1458 3099 1477 3132 ι
1516 3081 1574 3131 ἐν
1601 3077 1700 3149 τῷ,
1735 3097 1754 3130 ι
1790 3079 1956 3132 Εὐλο-

2062 3081 2356 3152 prophetia:
2413 3078 2874 3148 complementum
2932 3073 3227 3144 obsignant
3278 3073 3364 3127 his
3421 3071 3645 3126 verbis:

372 3175 538 3244 γήσαι
571 3174 718 3244 ἡμᾶς
750 3174 779 3225 6
819 3173 971 3238 Θεὸς,
1003 3175 1030 3227 6
1061 3173 1193 3237 Θεὸς
1222 3174 1409 3246 ἡμῶν·
1450 3192 1467 3224 ι
1500 3173 1576 3236 ὡς
1617 3171 1682 3225 ἂν
1720 3172 1950 3243 πάτριον

2059 3193 2077 3225 ι
2122 3173 2186 3226 Et
2216 3178 2461 3227 metuant
2481 3185 2606 3226 eum
2635 3183 2826 3223 omnes
2853 3168 2989 3222 ﬁnes
3020 3177 3197 3221 terrae.
3240 3184 3260 3216 ι
3286 3163 3644 3233 Quandoqui-

373 3264 697 3337 κεκτημένοι
718 3266 777 3318 τὸ
796 3265 890 3318 τοῦ
924 3264 1058 3319 Θεοῦ
1092 3264 1270 3318 αὐτῶν
1299 3264 1616 3337 γνώρισμα,
1648 3263 1787 3317 Ἀλλ’
1826 3261 1952 3334 ἑξῆς

373 3357 828 3410 ἐπισυνάπτουσιν
865 3358 1132 3429 ἀορίστως
1164 3357 1418 3426 λέγοντες
1456 3357 1538 3416 τὸ,
1578 3374 1595 3406 ι
1641 3355 1951 3426 Εὐλογήσαι

374 3446 520 3514 ἡμᾶς
550 3446 578 3498 6
606 3445 737 3508 Θεός
759 3463 771 3475 ·
812 3465 830 3496 ι
876 3445 948 3510 ὡς
988 3446 1184 3517 μηκέτι
1215 3447 1391 3518 μόνων
1428 3445 1640 3507 αὐτῶν,
1688 3443 1827 3497 ἀλλὰ
1857 3444 1954 3498 καὶ

375 3535 594 3587 πάντων
633 3534 740 3588 τῶν
773 3535 839 3588 δι’
869 3537 1048 3589 αὐτῶν
1074 3535 1468 3608 σωθησομένων
1494 3535 1624 3589 Θεὸν
1653 3534 1800 3588 ὄντα.
1841 3534 1953 3588 Καὶ

377 3623 516 3692 μετά
560 3624 737 3676 πάντα
777 3624 837 3677 τὸ
885 3626 1258 3699 συμπέρασμα
1297 3626 1400 3697 τῆς
1446 3627 1574 3698 ὅλης
1617 3626 1954 3697 προφητείας

375 3713 862 3783 ἐπισφραγίζονται
892 3717 1171 3784 λέγοντεςο
1224 3737 1244 3768 ι
1283 3719 1394 3772 Καὶ
1434 3717 1828 3790 φοϐηθήτωσαν
1859 3719 1956 3770 αὺ-

374 3803 466 3856 τὸν
496 3805 672 3858 πάντα
696 3805 764 3858 τὰ
795 3808 1006 3876 πέρατα
1037 3808 1134 3874 τῆς
1159 3809 1286 3878 γῆς.
1323 3827 1342 3860 ι
1384 3808 1602 3880 Ἐπειδὴ
1632 3808 1740 3881 γὰρ
1774 3827 1792 3859 ι
1811 3808 1954 3880 ἀρχὴ

378 3900 570 3967 σοφίας
614 3899 778 3968 φόϐος
818 3901 1046 3972 Κυρίου,
1097 3921 1116 3953 ι
1161 3900 1471 3970 ἀναγκαίως
1505 3899 1694 3971 ῶσπερ
1724 3903 1956 3968 εἰσαγω-

376 3989 477 4060 γὴν
507 3991 605 4062 τῆς
642 3992 949 4056 θεοσεϐείας
992 3993 1083 4046 τὸν
1131 3994 1293 4063 φόϐον
1332 3992 1426 4047 τοῦ
1468 3992 1605 4046 Θεοῦ
1638 3993 1954 4062 ἐγγενέσθαι

375 4084 542 4135 πᾶσιν
568 4083 875 4155 ἀνθρώποις
920 4087 1033 4149 τοῖς
1075 4087 1169 4139 καὶ
1222 4087 1383 4158 μέχρι
1415 4085 1522 4140 τῶν
1569 4085 1817 4156 ἐσχάτων
1855 4085 1957 4155 τῆς

380 4175 482 4245 γῆς
517 4176 756 4231 οίκοῦσιν
797 4177 1121 4249 ἐπεύχονται
1144 4197 1156 4207 ·
1191 4178 1219 4231 ὃ
1259 4179 1324 4250 δὴ
1366 4178 1460 4232 καὶ
1487 4177 1790 4250 ἐπληροῦτο
1820 4176 1959 4248 μετά

2053 3267 2176 3322 dem
2215 3264 2360 3320 enim
2405 3281 2424 3314 ι
2464 3262 2679 3316 initium
2720 3260 3002 3330 sapientiae
3039 3259 3202 3313 timor
3231 3255 3450 3312 Domini
3501 3256 3570 3319 ⁸⁸,
3621 3274 3641 3304 ι

2057 3358 2370 3415 necessario
2397 3363 2716 3428 precantur,
2752 3361 2813 3408 ut
2843 3354 3042 3416 timor,
3103 3351 3263 3420 quasi
3306 3348 3548 3403 initiatio
3580 3347 3649 3402 ad

2054 3451 2199 3522 piam
2227 3449 2566 3520 religionem,
2611 3447 2870 3502 omnibus
2901 3443 3239 3508 hominibus,
3265 3441 3430 3496 etiam
3461 3447 3646 3495 extre-

2057 3560 2144 3599 ma
2169 3553 2328 3600 terrae
2362 3541 2765 3603 incolentibus,
2815 3539 3116 3608 ingeratur.
3150 3534 3307 3601 Quod
3353 3539 3474 3604 post
3508 3531 3650 3585 divi-

2060 3651 2191 3691 num
2250 3633 2554 3688 Salvatoris
2604 3632 2779 3686 nostri
2834 3629 3126 3684 adventum
3191 3627 3473 3697 impletum
3513 3631 3645 3679 est:

2062 3739 2187 3800 post
2216 3727 2368 3782 illum
2399 3727 2545 3781 enim
2568 3725 2625 3780 in
2643 3739 2860 3778 omnem
2892 3719 3093 3777 terram
3121 3721 3290 3776 exivit
3316 3733 3486 3775 sonus
3519 3733 3646 3788 apo-

2063 3820 2332 3876 stolorum
2365 3817 2508 3887 ejus,
2539 3824 2594 3872 et
2623 3817 2680 3870 in
2707 3815 2843 3870 ﬁnes
2871 3815 3022 3868 orbis
3045 3821 3204 3868 terrae
3229 3812 3390 3866 verba
3433 3825 3647 3864 eorum.

2061 3909 2138 3965 De
2194 3909 2281 3963 his
2331 3922 2554 3978 quoque
2597 3914 2759 3960 terra:
2791 3904 2992 3959 ﬁnibus
3029 3903 3286 3972 superius
3319 3901 3646 3954 dicebatur:

2067 4020 2086 4053 ι
2130 3999 2340 4055 Exaudi
2372 4015 2494 4064 nos,
2522 3999 2666 4053 Deus
2696 3999 2950 4051 Salvator
2982 4004 3191 4058 noster,
3228 4009 3356 4064 spes
3402 3991 3648 4046 omnium

2065 4093 2256 4148 ﬁnium
2284 4100 2446 4148 terra?
2469 4132 2485 4159 ,
2517 4099 2570 4146 et
2588 4106 2779 4146 eorum
2803 4089 2897 4158 qui
2922 4088 2976 4141 in
3003 4087 3140 4140 mari
3165 4093 3294 4140 sunt
3333 4085 3490 4152 longe
3517 4083 3583 4134 ".
3623 4099 3646 4134 ο

375 4269 476 4341 τὴν
515 4270 610 4324 τοῦ
643 4272 892 4344 Σωτῆρος
955 4273 1112 4344 ἡμῶν
1147 4273 1488 4342 θεοφάνειαν,
1520 4271 1640 4344 μεθ’
1685 4273 1751 4341 ἢν
1794 4273 1875 4334 είς
1909 4273 2088 4325 πᾶσαν
2128 4273 2225 4342 τὴν
2288 4271 2391 4342 γῆν
2455 4267 2679 4340 ἐξῆλθεν
2713 4269 2742 4321 6
2775 4265 3006 4336 φθόγγος
3041 4263 3150 4316 τῶν
3190 4259 3501 4316 ἀποστόλων
3554 4258 3652 4310 αὺ-

375 4361 492 4424 τοῦ,
533 4363 627 4414 καὶ
668 4364 745 4425 εἰς
786 4361 854 4414 τὰ
885 4361 1097 4435 πέρατα
1127 4363 1226 4432 τῆς
1264 4363 1590 4435 οἰκουμένης
1628 4362 1701 4415 τὰ
1731 4362 1951 4434 ῥήματα
1988 4361 2187 4414 αὐτῶν.
2215 4362 2351 4432 Περὶ
2370 4359 2574 4412 τούτων
2599 4359 2655 4412 δὲ
2686 4359 2796 4412 τῶν
2823 4357 3074 4428 περάτων
3111 4354 3212 4423 τῆς
3255 4353 3356 4423 γῆς
3410 4349 3505 4403 καὶ
3565 4348 3654 4401 διὰ

375 4455 482 4508 τῶν
507 4451 814 4523 ἔμπροσθεν
842 4453 1056 4520 ἐλέγετο
1081 4469 1094 4482 ⁸
1136 4472 1155 4504 ι
1208 4453 1544 4507 Ἐπάκουσον
1573 4451 1755 4525 ἡμῶν,
1787 4447 1970 4514 ὁΘεὸς
2008 4452 2037 4502 6
2073 4450 2285 4524 ιΣωτὴρί
2319 4449 2498 4521 ἡμῶν,
2542 4451 2577 4520 ὴ
2642 4447 2797 4510 ἐλπὶς
2844 4446 3063 4499 πάντων
3090 4442 3199 4497 τῶν
3246 4442 3496 4513 περάτων
3555 4437 3654 4508 τῆς

375 4545 478 4614 γῆς
505 4545 598 4598 καὶ
625 4543 733 4597 τῶν
759 4545 814 4595 ἐν
859 4543 1102 4616 θαλάσσῃ
1135 4545 1372 4614 μακράν.

429 4637 537 4689 ΕΙΣ
559 4638 646 4691 ΤΟ
670 4636 889 4689 ΤΕΛΟΣ
913 4636 999 4706 Τῼ
1019 4636 1217 4688 ΔΔΥΙΔ
1248 4635 1540 4690 ΨΑΛΜΟΣ
1570 4634 1746 4706 ῼΔΗΣ
1775 4633 1895 4687 ΞΖ’.

451 4770 470 4802 ι
517 4751 825 4822 Ἀναστήτω
869 4752 898 4804 6
942 4748 1108 4815 Θεὸς,
1143 4749 1236 4803 καὶ⁸
1267 4749 1846 4822 διασκορπισθήτωσαν
1902 4749 1951 4800 οἱ

377 4843 560 4915 ἐχθροὶ
600 4844 786 4910 αὐτοῦ,
826 4843 921 4896 καὶ
950 4843 1272 4913 φυγέτωσαν
1315 4843 1424 4896 ἀπὸ
1461 4841 1752 4914 προσώπου
1787 4839 1952 4894 αὑτοῦ

373 4936 427 4990 οἱ
461 4935 743 5008 μισοῦντες
772 4937 949 4989 αὐτόν.
996 4955 1015 4987 ι
1063 4937 1127 4990 Ol
1175 4934 1272 5007 μὲν
1305 4935 1412 5006 πρὸ
1454 4934 1547 4988 τοῦ
1594 4935 1730 5007 μετά
1767 4935 1954 5006 χεῖρας

375 5029 522 5100 τρεῖς
544 5026 740 5098 ἐφεξῆς
772 5027 869 5099 τὴν
895 5027 1087 5098 κλῆσιν
1108 5026 1218 5081 τῶν
1257 5026 1425 5080 ἐθνῶν
1459 5025 1805 5098 προεφώνουν
1829 5042 1843 5056 ο
1880 5018 1958 5078 ὧν

375 5124 404 5176 6
430 5123 526 5195 μὲν
558 5121 627 5186 ξδ’
651 5140 669 5174 ι
701 5121 925 5192 ιΙταλμὸς
947 5119 1091 5190 ᾠδῆς
1125 5139 1143 5170 ι
1175 5119 1557 5189 ἐπεγέγραπτο
1585 5137 1603 5169 ι
1626 5117 1716 5189 Τῷ
1737 5117 1916 5172 Δαυῒδ·
1935 5137 1953 5169 ι

376 5217 405 5269 6
435 5215 479 5267 δ’
509 5214 770 5285 ἑπόμενος
803 5231 821 5264 ι
872 5211 993 5283 ’ῼδὴ
1036 5210 1282 5283 ψαλμοῦ·
1336 5230 1354 5262 ι
1386 5211 1415 5263 ὁ
1462 5209 1519 5262 δὲ
1577 5210 1758 5282 τρίτος
1807 5227 1826 5259 ι
1871 5209 1960 5261 Ἐν

379 5305 566 5378 ὕμνοις
608 5305 819 5376 ψαλμὸς
864 5305 1026 5376 ᾠδῆς.
1081 5323 1101 5356 ι
1158 5304 1397 5369 Εἰκότως
1445 5302 1730 5375 τοιγαροῦν
1783 5302 1878 5355 καὶ
1931 5305 1960 5355 6

381 5399 520 5471 μετά
551 5401 757 5470 χεῖρας,
790 5398 1139 5467 εὖαγγελικὸς
1165 5397 1240 5452 ὢν
1267 5398 1360 5451 καὶ
1386 5397 1568 5461 αὐτὸς,
1609 5396 1701 5449 καὶ
1737 5395 1797 5448 οὐ
1829 5395 1957 5466 περὶ

380 5495 479 5564 τῆς
523 5493 767 5566 κλήσεως
798 5492 904 5545 τῶν
943 5490 1112 5544 ἐθνῶν
1161 5490 1342 5562 μόνον,
1382 5488 1518 5543 ἀλλά
1559 5487 1653 5542 καὶ
1692 5485 1820 5559 περὶ
1860 5485 1954 5538 τοῦ

382 5584 632 5657 Σωτῆρος
657 5581 820 5637 αὐτοῦ
851 5582 1190 5655 προφητείαν
1220 5581 1508 5652 περιέχων,
1547 5598 1565 5631 ι
1603 5580 1682 5642 εἰς
1713 5577 1774 5629 τὸ
1805 5575 1957 5640 τέλος

459 5741 505 5773 ’⁸
525 5740 656 5799 Gen.
701 5759 740 5801 l.
785 5743 876 5799 28.
953 5742 999 5774 "
1026 5741 1170 5799 Psal.
1201 5759 1292 5809 cx,
1337 5742 1421 5797 10.

1529 5740 1574 5772 ⁸⁸
1597 5736 1743 5794 Psal.
1787 5751 1935 5799 thv,
1971 5736 2019 5788 6.

1980 4633 2028 4691 D
2058 4627 2101 4682 .I
2140 4622 2205 4678 IN
2234 4620 2443 4677 FINEM
2467 4617 2719 4685 DAVIDI,
2764 4613 3086 4672 PSALMUS
3113 4612 3402 4670 CANTICI.
3441 4613 3650 4669 LXVII.

2133 4737 2299 4793 Vens.
2323 4734 2442 4789 2-4.
2464 4752 2482 4786 ‹
2516 4733 2789 4803 Exsurgat
2809 4730 2970 4794 Deus,
2997 4740 3051 4784 et
3077 4728 3413 4797 dissipentur
3445 4727 3659 4804 inimici

2065 4832 2211 4902 ejus,
2244 4838 2298 4885 et
2327 4829 2540 4900 fugiant
2563 4829 2656 4896 qui
2685 4824 2914 4880 oderunt
2940 4838 3062 4878 eum
3085 4837 3114 4875 a
3136 4820 3275 4875 facie
3299 4821 3440 4890 ejus.
3468 4841 3486 4872 ι
3517 4822 3653 4876 Tres

2064 4924 2259 4995 psalmi
2290 4930 2417 4976 ante
2439 4931 2761 4990 prasentem
2779 4923 3180 4985 consequenter
3203 4913 3390 4983 positi,
3411 4914 3658 4993 vocatio-g

2065 5032 2186 5071 nem
2202 5016 2442 5086 gentium
2466 5012 2907 5084 praenuntiabant
2925 5027 2937 5061 :
2955 5007 3197 5077 equibus
3219 5021 3342 5058 inv
3359 5022 3378 5054 ι
3401 5002 3654 5059 Psalmus
3686 5039 3689 5042 -

2065 5111 2268 5165 cantici
2298 5109 2494 5164 Davidi
2526 5127 2545 5160 ι
2569 5107 2863 5176 inscriptus
2893 5110 3039 5167 erat;
3062 5113 3298 5169 sequens
3319 5113 3468 5160 vero,
3488 5096 3656 5150 «Can-

2063 5208 2228 5260 ticum
2249 5203 2478 5274 psalmi:
2517 5200 2748 5255 itertius
2768 5215 2784 5248 ι
2813 5194 3100 5266 lnhymnis
3114 5192 3360 5262 psalmus
3379 5187 3600 5241 cantici.
3630 5207 3648 5237 ι

2059 5297 2086 5353 J
2096 5315 2188 5353 ure
2203 5299 2385 5366 itaque
2403 5307 2643 5364 praesens
2663 5289 2908 5362 psalmus
2919 5301 3041 5340 cum
3054 5282 3400 5352 evangelicus
3418 5279 3544 5333 item
3557 5279 3652 5338 sit.

2065 5407 2125 5442 ac
2144 5404 2252 5443 non
2289 5387 2463 5442 solum
2479 5385 2546 5439 de
2563 5381 2846 5436 vocatione
2860 5377 3126 5448 gentium,
3157 5373 3252 5428 sed
3275 5372 3438 5426 etiam
3453 5369 3655 5437 deipso

2066 5481 2354 5535 Servatore
2385 5475 2721 5546 prophetiam
2741 5472 3038 5531 contineat,
3069 5486 3087 5519 ‹
3123 5467 3174 5519 iu
3203 5466 3362 5518 πῖθι-ιιι
3389 5462 3600 5524 Davidi,
3630 5481 3648 5512 ι

2066 5588 2226 5645 atque
2265 5591 2282 5623 ι
2323 5570 2565 5642 psalmus
2607 5564 2864 5628 cantici,»
2902 5560 3128 5634 perinde
3192 5569 3356 5630 atque
3405 5555 3626 5625 superio
