4090 6374
469 290 501 344 6
509 291 574 346 79

1187 282 1454 340 EUSEB‘II
1493 281 1972 340 CAESARIENSIS
2007 283 2156 340 OPP.
2200 285 2382 340 PARS
2416 286 2486 342 Il.
2520 315 2585 326 —-
2628 286 3038 342 EXEGETILA.

3605 288 3709 343 680

463 425 574 473 res,
600 407 897 478 inscriptus
917 412 1021 462 est.
1043 403 1146 460 Par
1160 413 1278 461 erat
1302 406 1446 460 enim
1463 421 1742 461 sermones
1769 405 2034 460 bonorum

2142 406 2214 476 τῷ
2241 406 2402 459 Δαυῒδ
2427 427 2444 456 ι
2469 406 2887 477 ἐπιγέγραπται,
2913 404 3006 459 καὶ
3032 422 3051 453 ι
3077 403 3286 474 ψαλμὸς
3313 403 3482 474 ᾠδῆς)
3514 406 3710 474 ὁμοίως

464 505 733 574 promissa
760 503 1181 572 complectentes
1206 541 1220 566 ,
1274 517 1383 555 non
1420 502 1582 555 modo
1636 501 1906 570 psalmos,
1941 499 2036 553 sed

464 611 576 652 una.
603 596 843 667 psalmos
865 595 1087 659 cantici,
1111 601 1165 649 et
1189 594 1402 650 cantica
1425 593 1621 663 psalmi
1645 593 1850 656 vocari,
1875 601 2038 662 atque

470 708 490 741 ι
531 691 587 742 in
623 688 782 743 ﬁnem
814 707 833 740 ι
865 688 1172 753 remittere;
1205 687 1332 756 quia
1355 701 1418 741 ea
1448 700 1569 756 quae
1611 686 1667 740 in
1718 684 1915 738 horum
1943 699 2035 738 va-

428 831 432 834 η
464 783 672 838 ticiniis
709 781 981 841 feruntur.
1008 779 1284 834 diuturnis
1307 788 1428 849 post
1459 778 1798 848 temporibus
1827 777 1882 831 in
1907 791 2039 831 con-

466 873 828 930 summatione
858 870 1042 927 saeculi
1072 869 1398 939 perﬁcienda
1445 875 1621 923 erant.
1680 866 1779 922 Hic
1822 883 2040 936 quoque

467 963 708 1034 psalmus
739 977 770 1015 a
799 959 1004 1032 Spiritu
1039 959 1359 1030 pr0phetico
1397 972 1462 1012 ex
1495 971 1727 1026 persona
1754 957 2036 1026 apostolo-

467 1070 586 1108 rum
621 1053 1002 1123 pronuntiatus
1033 1058 1137 1106 est.
1174 1049 1326 1103 Sicut
1364 1064 1493 1119 ergo
1523 1049 1576 1104 in
1608 1049 2039 1118 praecedentibus

463 1147 714 1209 orabant,
747 1144 912 1198 Deum
938 1143 1041 1198 sibi
1073 1141 1138 1195 ad
1190 1140 1556 1210 evangelicam
1595 1139 2037 1208 praedicationem

465 1239 767 1308 adjutorem
794 1241 1085 1291 evocantes
1113 1251 1128 1301 ;
1161 1233 1347 1287 eodem
1375 1246 1591 1301 quoque
1623 1233 1784 1286 modo
1816 1231 1870 1284 in
1904 1246 2040 1300 prae—

463 1329 607 1384 senti
645 1328 872 1383 ulterius
922 1323 1195 1396 progressi
1234 1323 1426 1378 dicunt
1457 1341 1470 1377 :
1515 1342 1532 1373 ι
1578 1323 1904 1378 Benedictus
1937 1322 2041 1376 Do-

466 1420 647 1474 minus
685 1417 925 1489 quotidie
961 1435 976 1484 ;
1014 1430 1333 1486 prosperum
1379 1417 1482 1470 iter
1506 1413 1668 1470 faciet
1702 1416 1859 1470 nobis
1899 1415 2040 1469 Deus

463 1511 783 1566 salutarium
811 1519 1121 1563 nostrorum
1150 1527 1160 1559 :
1203 1526 1221 1558 ι
1248 1513 1302 1560 et
1321 1510 1515 1561 iterum
1545 1526 1557 1560 :
1591 1524 1608 1557 ι
1639 1505 1854 1572 Manda,
1873 1504 2035 1568 Deus,

469 1603 655 1656 virtuti
676 1611 801 1665 tuae,
831 1592 1093 1654 conﬁrma
1129 1601 1253 1663 hoc,
1285 1597 1427 1652 Deus
1447 1637 1461 1662 ,
1513 1597 1658 1668 quod
1693 1607 1949 1668 operatus
1981 1612 2040 1652 es

468 1692 521 1745 in
557 1693 732 1747 nobis.
783 1712 801 1744 ι
854 1691 1021 1746 'Vides
1077 1691 1221 1747 enim
1273 1688 1545 1760 quomodo
1598 1697 1922 1760 precentur,
1980 1697 2039 1742 ut

2136 500 2248 557 τοῖς
2281 499 2386 569 πρὸ
2428 498 2610 551 αὐτοῦ.
2646 497 2792 550 Ἔδει
2821 498 2930 569 γὰρ
2962 498 3088 559 τοὺς
3138 496 3244 550 τῶν
3275 495 3492 565 ἀγαθῶν
3539 500 3710 568 ἐπαγ-

2137 591 2417 658 γελτικοὺς
2461 591 2651 660 λόγους
2700 591 2774 662 μὴ
2811 591 2969 662 μόνον
3003 589 3269 659 ψαλμοὺς,
3309 589 3422 642 ἀλλ’
3450 590 3585 660 ὁμοῦ
3618 592 3711 644 καὶ

2138 680 2276 732 κατὰ
2307 680 2365 732 τὸ
2393 680 2522 732 αὐτὸ
2549 680 2797 750 ψαλμοὺς
2825 679 2978 750 ᾠδῶν
3023 681 3115 732 καὶ
3157 680 3300 750 ᾠδὰς
3330 679 3561 750 ψαλμῶν
3597 681 3713 734 ὀνο-

2142 770 2404 841 μάζεσθαι
2425 772 2517 824 καὶ
2538 791 2556 822 ι
2579 774 2657 834 εἰς
2697 771 2758 824 τὸ
2789 771 2936 835 τέλος
2961 791 2978 823 ι
3003 773 3343 841 ἀναπέμπειν
3361 789 3372 800 ·
3408 771 3484 833 ὡς
3519 771 3585 824 ἂν
3611 789 3714 841 μα-

2138 866 2288 935 κροῖς
2327 862 2549 933 ὕστερον
2576 862 2788 932 χρόνοις
2818 863 2910 914 ἐπὶ
2943 863 3219 932 συντελείᾳ
3244 861 3338 914 τοῦ
3368 863 3560 926 αἰῶνος
3586 863 3713 933 μελ-

2139 954 2335 1006 λόντων
2364 951 2701 1024 πληροῦσθαι
2722 951 2829 1005 τῶν
2859 953 2915 1004 ὲν
2942 953 3122 1015 αὐτοῖς
3155 951 3580 1021 θεσπιζομένων.
3609 952 3712 1004 Λέ-

2139 1046 2326 1099 λεκται
2353 1046 2408 1099 δὲ
2445 1047 2538 1098 καὶ
2574 1045 2733 1109 αὐτὸς
2774 1047 2876 1098 ὑπὸ
2911 1046 3005 1098 τοῦ
3035 1045 3370 1116 προφητικοῦ
3397 1046 3711 1114 ΙΙνεύματος

2139 1141 2203 1194 ἐκ
2252 1140 2543 1212 προσώπου
2588 1139 2696 1193 τῶν
2743 1139 3074 1193 ἀποστόλων.
3109 1140 3318 1209 ’Ὠσπερ
3346 1134 3438 1192 οὖν
3474 1138 3564 1192 διὰ
3604 1138 3712 1191 τῶν

2139 1233 2445 1306 ἔμπροσθεν
2496 1232 2794 1303 ἐπηύχοντο
2850 1233 3062 1294 ἑαυτοῖς
3112 1231 3538 1301 ἀνακαλούμενοι
3581 1230 3714 1286 Θεὸν

2141 1326 2398 1398 συνεργὸν
2423 1327 2502 1388 εἰς
2527 1325 2587 1378 τὸ
2610 1324 2958 1392 εὐαγγελικὸν
2991 1324 3272 1394 κήρυγμα,
3299 1323 3390 1376 τὸν
3416 1321 3716 1394 αὐτὸντρό-

2140 1435 2238 1470 πον
2265 1419 2358 1470 καὶ
2383 1418 2440 1469 ὲν
2471 1419 2582 1480 τοῖς
2611 1415 2992 1488 προκειμένοις
3016 1417 3063 1468 οἱ
3095 1415 3249 1468 αὐτοὶ
3283 1415 3578 1486 προϊόντες,
3611 1433 3713 1484 φα-

2142 1510 2222 1563 σίν
2241 1529 2252 1540 ·
2285 1529 2304 1560 ι
2328 1509 2629 1579 Εὐλογητὸς
2667 1507 2869 1578 Κύριος
2901 1506 3111 1577 ἡμέραν
3138 1505 3258 1558 καθ’
3289 1505 3498 1576 ἡμέραν
3521 1521 3535 1534 °
3573 1521 3710 1558 κατ-

2139 1600 2385 1655 ευοδώσει
2419 1603 2548 1671 ἡμῖν
2595 1603 2622 1652 ὁ
2677 1601 2807 1662 Θεὸς
2852 1597 2959 1650 τῶν
3012 1596 3291 1668 σωτηρίων
3332 1595 3522 1667 ἡμῶν·
3559 1615 3576 1646 ι
3619 1598 3713 1648 καὶ

2141 1693 2298 1748 πάλιν
2319 1709 2331 1722 ο
2365 1712 2382 1743 ι
2422 1691 2715 1755 Ἐντειλαι,
2744 1692 2772 1742 ό
2797 1689 2948 1753 Θεὸς,
2987 1690 3086 1759 τὴν
3115 1689 3342 1758 δύναμίν
3386 1705 3476 1740 σου
3501 1704 3513 1718 ⁸
3556 1688 3714 1740 δυνά-

465 1785 608 1841 Deus
631 1787 733 1841 sibi
758 1800 1076 1856 prosperum
1106 1787 1209 1842 iter
1235 1793 1409 1855 paret,
1436 1800 1603 1855 seque
1649 1783 1952 1850 conﬁrmet,
1980 1793 2040 1838 ut

2145 1801 2342 1855 μωσον,
2380 1787 2408 1837 ό
2453 1781 2603 1847 Θεὸς,
2641 1783 2795 1835 τοῦτο
2839 1782 2866 1834 ὃ
2906 1781 3251 1852 κατειργάσω
3295 1783 3445 1851 ἡμῖν.
3485 1799 3501 1831 ι
3550 1780 3711 1852 Ὁρᾷς

465 1877 740 1949 Evangelii
769 1893 990 1933 cursum
1040 1879 1158 1933 sine
1189 1879 1347 1934 obice
1397 1876 1698 1947 perﬁciant.
1753 1874 2042 1946 Evangeli-

463 1984 584 2024 cam
616 1971 742 2024 item
773 1969 1210 2040 praedicationem
1261 1976 1446 2039 aperte
1492 1974 1801 2022 memorant
1853 1967 2042 2023 dicen-

464 2071 584 2119 tes:
621 2081 638 2113 ι
674 2061 937 2115 Dominus
971 2060 1122 2115 dabit
1141 2060 1366 2114 verbum
1414 2057 1914 2128 evangelizantibus
1939 2061 2042 2112 vir-

468 2163 586 2210 tute
613 2155 804 2208 multa.
841 2173 859 2204 ι
898 2152 1012 2206 lmo
1037 2153 1365 2221 quibusnam
1396 2152 1749 2223 Evangelium
1781 2150 2042 2219 praedica-

465 2246 576 2302 turi
599 2253 783 2299 essent
803 2244 1174 2298 vaticinantur
1203 2243 1289 2298 his
1315 2243 1497 2298 verbis
1525 2262 1539 2298 :
1569 2261 1586 2294 ι
1623 2241 1852 2296 Venient
1884 2242 2042 2312 legati

463 2353 536 2392 ex
571 2335 826 2405 Egypto,
852 2334 1130 2403 lEthiOpia
1157 2335 1395 2404 porriget
1416 2349 1635 2388 manum
1670 2349 1824 2402 suam
1862 2333 1992 2388 Deo.
2018 2353 2038 2386 ι

467 2427 626 2482 Clare
662 2428 805 2481 enim
841 2426 992 2482 hisce
1025 2426 1204 2482 verbis
1240 2425 1513 2496 Atlgyptiis
1549 2425 1901 2496 Evangelium
1946 2441 2044 2479 an—

470 2519 757 2583 nuntiant,
803 2517 1131 2572 ‘idololatras
1193 2518 1640 2572 subindicantes:
1690 2534 1758 2570 ex
1811 2517 2044 2588 Egypto

468 2626 703 2680 namque
728 2608 1038 2664 idololatria
1061 2617 1240 2661 ortum
1259 2610 1490 2678 accepit.
1508 2609 1814 2674 Quinetiam
1831 2607 2043 2661 {Ethio-

466 2703 610 2773 piam
639 2700 748 2756 Deo
775 2715 992 2755 manum
1025 2700 1300 2772 porrigere
1344 2715 1499 2754 suam
1543 2700 1768 2761 dicunt,
1801 2706 2040 2753 extrema

465 2805 626 2851 terra:
653 2793 1044 2865 signiﬁcantes.
1075 2793 1282 2849 Deinde
1313 2807 1440 2847 vero
1473 2792 1656 2847 omnia
1686 2806 1855 2862 regna
1883 2799 2044 2845 terra:

464 2885 753 2941 confertim
786 2885 1071 2948 advocant,
1118 2884 1330 2954 hocque
1381 2884 1488 2937 ritu
1522 2883 1809 2938 universas
1858 2890 2044 2953 gentes

466 2980 794 3051 signiﬁcant.
826 2979 896 3034 Ut
936 2987 1117 3034 autem
1159 2993 1224 3034 ea
1252 2993 1372 3049 quae
1415 2979 1472 3032 in
1501 2977 1761 3032 vaticinio
1787 2976 2043 3032 fereban-

2142 1876 2249 1946 γὰρ
2277 1877 2424 1938 ὅπως
2456 1874 2888 1944 κατευοδωθῆναι
2917 1872 3020 1926 ὑπὸ
3050 1872 3142 1924 τοῦ
3174 1871 3307 1924 Θεοῦ
3344 1874 3435 1925 καὶ
3462 1872 3712 1944 δυναμω-

2143 1967 2298 2038 θῆναι
2338 1969 2417 2030 εἰς
2447 1967 2507 2019 τὸ
2548 1965 2838 2027 ἀκωλύτως
2869 1964 2958 2017 τὸν
3003 1964 3200 2036 δρόμον
3245 1964 3336 2016 τοῦ
3379 1965 3712 2032 Εὑαγγελῐου

2141 2058 2419 2112 τελειῶσαι
2462 2057 2728 2128 εὔχονται.
2779 2057 3101 2127 Μέμνηνται
3145 2056 3202 2108 δὲ
3249 2054 3435 2125 σαφῶς
3477 2057 3571 2108 καὶ
3617 2055 3712 2108 τοῦ

2143 2150 2494 2219 εύαγγελικοῦ
2538 2148 2891 2221 κηρύγματος
2923 2148 3214 2216 -λέγοντεςο
3267 2167 3284 2198 ι
3313 2146 3515 2219 Κύριος
3554 2147 3712 2200 δώσει

2147 2244 2294 2315 ῥῆμα
2331 2245 2442 2306 τοῖς
2481 2241 2984 2312 εὐαγγελιζομένοις
3012 2240 3238 2312 δυνάμει
3272 2239 3438 2311 πολλῇ
3465 2259 3477 2270 ·
3519 2259 3537 2292 ι
3580 2240 3714 2294 ἀλλά

2144 2335 2238 2388 καὶ
2262 2333 2401 2386 τίσιν
2431 2333 2660 2404 ἤμελλον
2685 2332 2970 2405 κηρύττειν
2994 2333 3053 2384 τὸ
3079 2332 3408 2401 Εὐαγγέλιον
3431 2331 3714 2396 θεσπίζου-

2147 2443 2228 2479 σιν
2255 2426 2311 2478 ὲν
2343 2420 2424 2488 οἷς
2464 2442 2659 2493 φασιν·
2699 2444 2717 2475 ι
2758 2423 2982 2488 Ἥξουσι
3013 2423 3269 2496 πρέσϐεις
3311 2424 3369 2487 ἐξ
3400 2423 3712 2491 Αἰγύπτουο

2145 2517 2397 2570 Αἰθιοπία
2437 2516 2740 2587 προφθάσει
2767 2519 2925 2586 χεῖρα
2964 2517 3133 2586 αὐτῆς
3159 2516 3236 2586 τῷ
3278 2515 3416 2586 Θεῷ.
3456 2536 3473 2567 ι
3523 2517 3713 2585 Σαφῶς

2143 2609 2251 2680 γάρ
2277 2609 2364 2662 διὰ
2408 2608 2610 2662 τούτων
2654 2609 2930 2674 Αἴγυπτον
2963 2608 3426 2675 εὐαγγελίζονται,
3474 2609 3601 2672 τοὺς
3633 2611 3711 2662 εἰ-

2143 2701 2481 2772 δωλολάτρας
2513 2700 2910 2770 αἰνιττόμενοι·
2948 2700 3068 2752 ἐπεὶ
3108 2699 3165 2766 ἐξ
3201 2700 3476 2768 Αἰγύπτου
3519 2702 3712 2772 κατήρ-

2146 2793 2272 2859 ξατο
2308 2797 2340 2866 ή
2371 2794 2796 2865 εἰδωλολατρεία.
2835 2791 2992 2844 Ἀλλά
3023 2794 3114 2844 καὶ
3132 2793 3227 2863 τὴν
3269 2793 3548 2848 Αἰθιοπίαν
3585 2812 3712 2866 προ-

2145 2886 2346 2955 φθάσαι
2388 2890 2543 2958 χεῖρα
2584 2886 2752 2953 αὐτῆς
2795 2885 2871 2954 τῷ
2915 2885 3035 2954 Θεῷ
3077 2903 3228 2954 φασι,
3277 2885 3344 2939 τὰ
3385 2885 3590 2957 ἔσχατα
3616 2887 3713 2957 τῆς

2144 2975 2462 3046 οἰκουμένης
2502 2975 2804 3046 δηλοῦντες.
2851 2973 2964 3030 Εἶθ’
3005 2976 3131 3046 ἑξῆς
3166 2975 3263 3040 τάς
3302 2977 3576 3046 βασιλείας
3617 2979 3715 3049 τῆς

464 3080 579 3136 tur,
611 3087 758 3126 nunc
784 3071 1003 3126 tandem
1036 3085 1198 3140 opere
1219 3069 1627 3137 perﬁcerentur,
1650 3071 1705 3123 in
1738 3069 1858 3138 ipso
1889 3070 2039 3136 prin-

2145 3067 2247 3136 γῆς
2279 3067 2454 3130 πάσας
2497 3067 2707 3138 ἀθρόως
2737 3069 3085 3137 συγκαλοῦσι,
3123 3069 3230 3122 τῶν
3259 3069 3426 3122 ἐθνῶν
3462 3070 3715 3123 ἁπάντων

464 3165 611 3236 cipio
641 3163 877 3234 Spiritus
907 3172 1132 3219 sanctus
1173 3178 1268 3233 per
1318 3163 1572 3217 Davidem
1613 3177 1802 3233 preces
1845 3162 2044 3216 emittit

465 3256 657 3312 dicens
678 3277 690 3310 :
713 3275 733 3307 ι
763 3255 1032 3327 Exsurgat
1052 3255 1196 3311 Deus
1217 3263 1271 3310 et
1291 3255 1628 3325 dissipentur
1645 3254 1849 3308 inimici
1867 3255 2002 3324 ejus.
2022 3275 2038 3305 ι

467 3347 763 3418 Pergraves
785 3348 927 3402 enim
955 3347 1158 3400 inimici
1181 3345 1274 3401 Dei
1295 3345 1408 3415 jam
1435 3345 1564 3398 olim
1593 3345 1652 3398 in
1680 3359 1871 3398 omnes
1889 3354 2045 3398 terra:

467 3439 801 3495 habitatores
823 3439 1165 3510 tyrannidem
1204 3438 1552 3503 exercebant,
1588 3437 1810 3508 maligni
1856 3436 2046 3491 videli-

464 3543 552 3587 cet
581 3530 855 3587 daemones
879 3570 895 3596 ,
937 3533 1029 3601 qui
1076 3529 1437 3599 multiplicum
1483 3527 1768 3582 numinum
1803 3541 2042 3582 errorem

463 3624 522 3678 in
557 3627 870 3680 universum
904 3624 1090 3678 orbem
1138 3621 1485 3676 induxerant.
1516 3619 1685 3675 Nemo
1722 3634 1888 3688 porro
1927 3628 2044 3672 erat

463 3715 561 3784 qui
593 3715 731 3768 mala
756 3715 1106 3785 propelleret,
1149 3729 1261 3768 non
1292 3713 1378 3771 vi:
1423 3713 1662 3781 sapiens,
1700 3728 1805 3766 non
1834 3711 2040 3780 justus,

468 3822 578 3861 non
606 3807 887 3876 propheta,
911 3807 1022 3862 imo
1054 3821 1157 3861 nec
1189 3805 1461 3876 quispiam
1495 3821 1561 3860 ex
1589 3804 1798 3874 angelis
1833 3812 1886 3859 et
1917 3819 2044 3858 san-

466 3899 574 3954 ctis
603 3900 910 3969 spiritibus,
946 3899 1063 3954 sive
1089 3915 1156 3952 ex
1188 3898 1506 3953 cmlestibus
1541 3896 1848 3966 divinisque
1871 3896 2043 3949 virtu-

468 3993 637 4048 tibus.
699 3992 1040 4062 Quapropter
1070 3991 1236 4047 Deum
1268 3999 1422 4062 rogat
1473 4003 1532 4045 ut
1579 3997 1859 4061 exsurgat,
1893 3996 1947 4044 et
1979 4004 2045 4044 ex

467 4085 618 4155 regio
648 4085 844 4140 throno
894 4101 996 4140 suo
1041 4086 1328 4140 excitetur.
1384 4081 1520 4137 Nam
1565 4083 1658 4138 Dei
1705 4083 2042 4153 providentia

467 4183 878 4240 tunc'cessare,
915 4192 1109 4231 vacare
1142 4182 1196 4230 et
1221 4190 1318 4230 ceu
1344 4176 1626 4245 quiescere
1658 4173 1880 4236 dicitur,
1918 4188 2042 4227 cum

467 4285 532 4324 ex
563 4269 770 4325 divitiis
795 4268 1077 4330 bonitatis,
1124 4276 1179 4322 et
1208 4283 1275 4322 ex
1317 4267 1579 4337 patientia
1609 4264 2043 4335 longanimitate»

469 4376 576 4430 que
601 4376 700 4416 sua
731 4369 1022 4430 peccantes
1041 4367 1096 4413 et
1123 4374 1251 4429 erga
1279 4373 1337 4413 se
1366 4359 1529 4429 impie
1561 4364 1783 4426 agentes
1816 4356 2040 4419 tolerat;

2144 3155 2330 3210 τοῦτον
2365 3159 2773 3228 σημαινομένων
2805 3161 2892 3213 τὸν
2920 3161 3137 3233 τρόπον.
3173 3163 3290 3214 Ἵνα
3315 3161 3371 3214 δὲ
3403 3162 3469 3215 τά
3494 3162 3584 3215 διὰ
3606 3163 3715 3215 τῶν

2144 3248 2313 3313 λόγων
2359 3252 2802 3322 προφητευόμενα
2843 3253 2942 3324 ἤδη
2985 3254 3116 3307 ποτὲ
3160 3253 3254 3306 καὶ
3297 3253 3361 3305 δι’
3393 3253 3566 3323 ἔργων
3609 3273 3716 3324 χωο

2147 3342 2306 3412 ρήσῃ,
2339 3341 2634 3412 ἀρχόμενον
2668 3344 2728 3396 τὸ
2759 3345 2982 3416 Πνεῦμα
3010 3346 3071 3398 τὸ
3108 3346 3463 3416 προφητικὸν,
3491 3345 3580 3398 διά
3616 3345 3710 3398 τοῦ

2144 3432 2305 3484 Δαυῒδ
2329 3433 2490 3503 εὐχὴν
2520 3435 2831 3507 ἀναπέμπει
2847 3438 3000 3506 λέγον
3024 3455 3037 3467 ·
3063 3456 3082 3489 ι
3112 3438 3416 3508 Ἀναστήτω
3435 3439 3463 3491 ὁ
3485 3436 3710 3508 Κύριος,

2144 3526 2235 3578 καὶ
2256 3526 2826 3598 διασκορπισθήτωσαν
2848 3530 2896 3580 οἰ
2927 3529 3110 3601 ἐχθροὶ
3141 3527 3324 3583 αὐτοῦ.
3368 3547 3386 3580 ι
3412 3529 3581 3582 Δεινοὶ
3603 3528 3713 3599 γὰρ

2144 3619 2327 3689 ἐχθροὶ
2362 3618 2455 3671 τοῦ
2486 3618 2619 3671 Θεοῦ
2651 3621 3079 3692 κατετυράννουν
3115 3619 3280 3675 πάλαι
3313 3621 3573 3694 πρότερον
3604 3620 3712 3672 τῶν

2145 3712 2236 3761 ὲπί
2256 3710 2356 3779 γῆς
2371 3709 2643 3773 ἁπάντων,
2667 3712 2715 3762 οἱ
2733 3710 2828 3782 τὴν
2847 3712 3102 3766 πολύθεον
3119 3713 3325 3785 πλάνην
3342 3713 3463 3767 καθ’
3479 3714 3605 3784 ὅλης
3619 3714 3717 3784 τῆς

2144 3799 2462 3870 οἰκουμένης
2506 3803 2902 3873 συστησάμενοι
2954 3805 3180 3876 πονηροὶ
3217 3805 3486 3876 δαίμονες.
3531 3805 3718 3868 Οὐδείς

2143 3909 2202 3943 τε
2238 3887 2302 3964 ἦν
2330 3893 2620 3964 ὲπαμύνων
2651 3898 2763 3959 τοίς
2795 3898 3004 3960 κακοῖς,
3055 3897 3116 3948 οὐ
3163 3897 3323 3966 σοφὸς
3354 3899 3513 3969 ἀνὴρ,
3544 3896 3604 3949 οὐ
3639 3897 3718 3948 δί-

2145 4001 2316 4049 καιος,
2364 3986 2424 4038 οὐ
2459 3988 2762 4058 προφήτης·
2809 3987 2922 4042 ἀλλ’
2952 3987 3072 4040 οὐδὲ
3113 3987 3357 4056 ἀγγέλων
3388 3986 3527 4056 τιςῆ
3557 4003 3718 4038 πνευ·

2147 4075 2329 4144 μάτων
2369 4077 2562 4144 ἁγίων,
2597 4077 2630 4150 ἢ
2664 4078 2773 4130 τῶν
2806 4079 2927 4132 κατ’
2958 4075 3188 4146 οὐρανὸν
3220 4075 3379 4128 θείων
3411 4074 3711 4145 δυνάμεων.

2144 4167 2234 4219 Διὸ
2262 4167 2324 4238 δὴ
2354 4168 2516 4223 αὑτὸν
2544 4169 2837 4239 ἀναστῆναι
2869 4168 2960 4222 τὸν
2995 4165 3148 4230 Θεὸν,
3189 4168 3280 4218 καὶ
3314 4166 3405 4219 τοῦ
3440 4167 3714 4236 βασιλικοῦ

2143 4258 2483 4330 διεγερθῆναι
2535 4259 2726 4330 θρόνου
2786 4257 3111 4329 παρακαλεῖ.
3169 4258 3422 4329 Ἦρεμεῖν
3479 4260 3574 4329 μὲν
3625 4262 3717 4313 καὶ

2143 4352 2432 4423 ἡσυχάζειν
2460 4353 2555 4408 καὶ
2582 4350 2771 4422 ὥσπερ
2799 4351 3222 4405 διαναπαύεσθαι
3249 4353 3314 4406 τὰ
3341 4355 3439 4424 τῆς
3465 4354 3557 4407 τοῦ
3583 4355 3715 4408 Θεοῦ

470 4449 678 4505 moveri
719 4457 901 4503 autem
930 4455 984 4502 et
1017 4448 1242 4502 excitari
1291 4448 1510 4511 dicitur,
1555 4462 1680 4500 cum
1724 4454 2036 4516 peccatores

2142 4445 2390 4517 προνοίας
2422 4445 2657 4513 λέγεται,
2693 4445 2912 4498 ἐπειδὰν
2944 4444 3020 4514 τῷ
3050 4444 3261 4515 πλούτῳ
3292 4446 3390 4516 τῆς
3422 4447 3714 4518 χρηστότη-

469 4555 761 4612 aggressus
790 4541 1088 4596 ulciscitur.
1136 4539 1208 4594 Ut
1240 4540 1406 4610 igitur
1435 4538 1721 4594 memorati
1756 4537 1944 4591 hostes
1978 4538 2036 4589 ﬁ-

474 4647 594 4684 nem
634 4631 876 4686 facerent
903 4631 1222 4686 dominandi
1251 4630 1598 4696 hominibus,
1629 4629 1740 4684 Deo
1771 4629 2040 4700 supplicat

474 4727 536 4775 ut
560 4730 818 4792 exsurgat
863 4737 1094 4792 seseque
1123 4721 1362 4776 concitet
1394 4719 1463 4774 ad
1512 4720 1800 4782 ultionem,
1854 4724 1913 4772 ut
1947 4717 2039 4788 qui

472 4811 605 4867 olim
632 4813 689 4868 in
721 4829 888 4868 unum
931 4813 1246 4884 congregati
1293 4819 1473 4871 erant,
1504 4818 1558 4866 et
1587 4810 1888 4881 improbam
1922 4826 2041 4863 mu-

472 4909 572 4959 tuo
601 4904 950 4958 concordiam
986 4905 1241 4968 inierant,
1274 4919 1395 4959 eam
1427 4902 1636 4958 scilicet
1663 4919 1782 4973 quae
1812 4901 2040 4957 diaboli-

475 5008 598 5048 cam
637 4992 1000 5048 idololatriam
1035 4994 1351 5064 spectabat,
1406 4992 1801 5062 dissiparentur
1851 4995 2042 5063 procul

473 5085 731 5156 dispersi.
784 5085 827 5139 1i
873 5101 1002 5140 vero
1052 5086 1258 5139 inimici
1293 5084 1387 5139 Dei
1426 5093 1601 5145 erant,
1655 5100 1888 5155 eumque
1915 5085 2038 5139 ode-

477 5183 620 5237 rant,
651 5180 743 5247 qui
775 5192 953 5232 aerem
981 5186 1136 5232 terra:
1159 5178 1485 5232 eminentem
1519 5177 1819 5247 replebant,
1863 5185 1916 5232 ct
1944 5178 2044 5230 im-

477 5269 806 5338 probitatem
841 5270 986 5324 illam
1018 5271 1337 5340 multiplicis
1357 5271 1560 5325 erroris
1586 5270 1861 5332 fovebant,
1893 5271 2043 5340 impii

480 5375 674 5430 nempe
703 5360 925 5430 quidam
958 5369 1012 5415 et
1037 5362 1181 5416 athei
1215 5362 1506 5416 daemones.
1541 5361 1643 5427 Qui
1670 5360 1778 5416 Deo
1802 5362 1886 5415 vel
1921 5371 2043 5414 tan—

480 5455 594 5500 tum
625 5460 1002 5506 commovente
1032 5467 1108 5515 se,
1142 5461 1194 5506 et
1218 5452 1284 5505 ad
1306 5453 1608 5506 facinorum
1637 5453 1892 5506 ultionem
1927 5467 2046 5505 sese

479 5540 771 5607 excitante,
793 5543 970 5608 primo
1001 5544 1214 5612 quidem
1243 5544 1492 5614 dissipati
1515 5551 1568 5598 et
1593 5544 1683 5597 alii
1707 5543 1892 5612 procul
1926 5543 2047 5595 aliis

480 5626 736 5696 dispersi,
767 5631 961 5687 deinde
990 5633 1043 5686 in
1065 5632 1244 5702 fugam
1269 5637 1410 5689 versi
1437 5642 1599 5698 sunt,
1634 5648 1697 5686 ac
1721 5641 1906 5702 postea
1940 5634 2048 5687 sic-

485 5724 542 5770 ut
571 5718 754 5774 deﬁcit
791 5721 975 5778 fumus
1006 5723 1353 5789 defecerunt,
1377 5732 1433 5780 et
1467 5725 1614 5780 sicut
1639 5725 1895 5782 liauescit
1922 5740 2046 5779 cera

2137 4555 2227 4600 τος
2253 4536 2416 4590 αὐτοῦ
2445 4536 2536 4590 καὶ
2571 4539 2636 4606 τῇ
2675 4537 3024 4608 μακροθυμίᾳ
3057 4537 3197 4609 φέρῃ
3229 4539 3354 4601 τοὺς
3380 4539 3716 4609 ἁμαρτάνον-

2137 4645 2234 4692 τας
2277 4627 2372 4681 καὶ
2411 4629 2491 4690 εἰς
2519 4627 2678 4681 αὐτὸν
2707 4629 3056 4693 ἀσεϐοῦντας·
3095 4630 3154 4681 τὸ
3204 4630 3260 4682 δὲ
3312 4630 3575 4683 κινεῖσθαι
3627 4632 3718 4684 καὶ

2137 4717 2526 4781 διανίστασθαι,
2573 4720 2788 4772 ἐπειδὰν
2827 4721 2926 4783 τὰς
2984 4721 3288 4790 ὲκδικήσεις
3316 4721 3539 4791 ποιῆσαι
3561 4720 3717 4784 ἐπεξ-

2143 4808 2236 4861 ιὼν
2281 4809 2391 4871 τοῖς
2424 4808 2847 4878 ἁμαρτάνουσιν.
2904 4812 3000 4864 Ἵν⁶
3033 4806 3124 4864 οὖν
3161 4809 3260 4881 ἥδη
3293 4810 3423 4863 ποτὲ
3472 4810 3717 4862 παύσων-

2139 4917 2228 4952 ται
2273 4901 2391 4962 ταίς
2421 4901 2561 4954 κατά
2602 4902 2710 4955 τῶν
2760 4903 3061 4977 ἀνθρώπων
3115 4902 3450 4965 δυναστείαις
3494 4904 3543 4954 οἰ
3590 4917 3716 4971 προ-

2141 4992 2417 5063 λεχθέντες
2450 4995 2656 5067 ἐχθροὶ,
2689 4997 3038 5066 διαναστῆναι
3078 4996 3167 5048 τὸν
3217 4996 3347 5048 Θεὸν
3395 4994 3489 5048 καὶ
3529 4993 3707 5059 διεγεῖ-

2144 5102 2232 5156 ραι
2279 5085 2468 5141 ἑαυτὸν
2518 5089 2598 5152 εἰς
2647 5088 2922 5159 ἐκδίκησιν
2964 5087 3214 5151 ἱκετεύει,
3255 5088 3400 5150 ὅπως
3455 5087 3504 5138 οἰ
3553 5083 3716 5137 πάλαι

2143 5176 2285 5229 κατὰ
2309 5177 2370 5230 τὸ
2395 5179 2526 5232 αὐτὸ
2558 5178 2882 5249 συνηγμένοι
2910 5179 3000 5231 καὶ
3027 5177 3199 5250 κακὴν
3235 5178 3550 5247 συμφωνίαν
3586 5173 3717 5245 πρὸς

2145 5267 2402 5338 ἀλλήλους
2457 5267 2706 5339 θέμενοι,
2779 5267 2876 5338 τὴν
2926 5269 3023 5339 τῆς
3075 5268 3391 5338 δαιμονικῆς
3439 5265 3704 5319 εἰδωλολαο

2144 5359 2329 5430 τρείας
2352 5401 2367 5424 ,
2409 5358 2832 5412 διασκεδασθῶσι
2889 5359 3107 5430 μακρὰν
3143 5360 3382 5430 ἀλλήλων
3416 5358 3715 5428 γενόμενοι.

2159 5451 2372 5521 Ἐχθροὶ
2399 5450 2456 5502 δὲ
2505 5448 2597 5502 τοῦ
2652 5450 2786 5503 Θεοῦ
2833 5453 2926 5504 καὶ
2957 5452 3238 5522 μισοῦντες
3287 5450 3446 5504 αὑτὸν
3474 5445 3636 5520 ἦσαν,
3671 5447 3715 5498 οὗ

2147 5541 2235 5593 τὸν
2270 5542 2408 5612 ὑπὲρ
2459 5541 2560 5610 γῆς
2595 5542 2730 5614 ἀέρα
2777 5544 3111 5615 πληροῦντες
3157 5544 3250 5596 καὶ
3282 5545 3378 5614 τὴν
3413 5544 3471 5595 ὲν
3517 5538 3698 5611 ἀνθρώ

2149 5650 2269 5696 ποις
2299 5633 2606 5705 πολυπλανῆ
2648 5637 2844 5690 κακίαν
2889 5636 3235 5706 ἐνεργοῦντες
3279 5635 3555 5697 δυσσεϐεῖς
3579 5649 3714 5685 τινες

2151 5727 2244 5778 καὶ
2286 5725 2433 5781 ἄθεοι
2475 5728 2741 5800 δαίμονες·
2780 5730 2848 5792 οἲ,
2890 5728 3197 5798 κινηθέντος
3226 5729 3390 5783 αὐτοῦ
3443 5729 3598 5799 μόνον
3629 5720 3711 5776 τοῖ
