2045 3189
210 184 258 211 081

771 178 1024 206 COMMENTA‘RM
1044 178 1077 206 IN
1095 178 1269 206 I’SALMOS.

1793 181 1849 209 682

209 242 288 275 Θεοῦ,
305 242 353 269 καὶ
365 242 411 268 ἐπὶ
426 241 475 277 τὴν
495 240 546 267 τῶν
568 240 761 277 πραττομένων
789 240 928 276 ἐκδίκησιν
941 241 1002 267 ὲαυ-

1056 248 1071 267 a
1089 239 1158 267 facie
1172 240 1254 274 ignis,
1278 239 1318 266 sic
1334 243 1361 266 et
1383 239 1422 266 illi
1446 240 1560 274 perituri
1589 244 1677 268 erant.
1705 240 1848 274 Quomodo

209 289 255 315 τὸν
272 288 463 323 διεγείραντος,
485 287 593 323 πρῶτον
616 287 665 321 μὲν
684 287 877 322 ἐσκορπίζοντο
896 286 1004 321 μακρὰν

211 334 332 370 ἀλλήλων
353 332 618 367 διασκεδαννύμενοι,
643 330 692 358 εἶτ’
718 331 837 367 ἐχρῶντο
854 334 937 367 φυγῇ·
958 332 1005 358 καὶ

213 380 281 414 μετὰ
304 378 388 405 ταῦτα
417 378 454 410 ὡς
481 377 602 404 ἐκλείπει
625 378 728 409 καπνὸς
747 377 878 410 ἐξέλιπον,
897 377 943 403 καὶ
967 377 1005 408 ὡς

211 427 322 460 τήκεται
335 423 418 460 κηρὸς
434 423 488 450 ἀπὸ
503 422 650 458 προσώπου
674 423 768 458 πυρὸς,
784 423 871 453 οὕτως
889 422 1005 457 ἤμελλον

217 442 322 460 “In...”
336 442 416 460 ηηιιυς
434 442 488 450 ..ην
507 442 650 458 "pum...
677 442 768 458 ..-ρυυ
785 442 869 453 ..-...,.,
892 442 1003 457 ww...”

198 442 387 497 Ιἀπόλλυσθαι.
412 470 528 505 Νοὴσεις
555 470 583 496 δὲ
608 470 682 500 ὅπως
701 469 739 500 ὼς
761 468 880 495 ἐκλείπει
902 468 1005 499 καπνὸς

210 517 333 549 ἐξέλιπον
348 517 474 551 οίὲχθροὶ
490 515 583 546 αὑτοῦ,
602 516 751 550 ἐπιστήσας
774 514 813 546 ὡς
833 514 863 540 τὸ
882 513 931 549 μὲν
952 522 1005 540 πα-

210 563 283 590 λαιὸν
310 563 574 598 μετεσχηματίζοντο
595 563 636 593 εἰς
661 561 794 595 ἀγγέλους
812 560 909 595 φωτὸς,
924 559 1004 590 αὐτὸς

208 608 238 635 ὁὶ,
252 610 265 636 ὁ
279 609 401 640 διάϐολος
425 609 471 635 καὶ
494 609 517 634 οἱ
540 608 656 635 διάκονοι
668 607 750 633 αὑτοῦ
773 606 843 633 κατὰ
859 606 905 633 τὸν
928 605 1006 632 ’Λπό-

210 653 313 684 στολον,
338 654 367 685 ὂς
386 662 476 689 φησιν·
497 662 506 678 ί
523 652 607 684 Αὐτὸς
630 652 685 687 γὰρ
700 652 714 677 ὁ
731 651 852 682 Σατανᾶς
868 659 1005 685 μετασχη-

210 699 354 735 ματίζεται
368 700 409 731 εἰς
423 698 537 733 ἄγγελον
554 698 650 732 ιρωτός.
669 708 677 723 ι
693 698 730 724 Οὐ
748 697 819 733 μέγα
839 695 886 724 οὖν
910 698 933 723 εἰ
957 696 1004 723 καὶ

207 746 236 772 οἱ
250 745 367 772 διάκονοι.
385 745 468 772 αὑτοῦ
497 744 780 781 μετασχηματίζονται
808 744 848 774 εἰς
873 742 1004 777 ἀγγέλους

208 791 391 826 δικαιοσύνης,
405 790 622 826 ἐχρησμοδὸτουν
642 798 672 816 τε
688 790 747 815 τότε
765 788 836 815 κατὰ
854 788 941 815 πάντα
958 787 1003 813 τό·

208 846 269 869 τῖον,
284 837 411 871 μαντείας
426 837 472 863 καὶ
485 837 633 872 θεραπείας
644 835 886 870 ἐπαγγελλόμενοι,
895 834 933 865 ὼς
942 834 1004 865 τοὺς

204 881 406 917 δεισιδαίμονας
431 881 504 907 θύειν
530 881 620 912 αὐτοῖς
643 880 703 907 καθ’
727 879 880 915 ὑπερϐολὴν
907 879 1005 914 μανίας

1056 290 1147 314 autem
1160 287 1231 313 sicut
1241 285 1334 313 deficit
1345 285 1436 313 fumus
1448 286 1598 313 defecerint
1612 287 1761 314 adversarii
1775 289 1847 322 ejus,

1057 332 1204 367 intelliges,
1222 332 1245 358 si
1274 331 1478 359 animadvertas
1502 339 1555 366 qua
1579 333 1684 360 ratione
1700 333 1765 360 olim
1793 334 1850 369 ipse

1056 379 1183 407 diabolus
1202 383 1230 405 et
1250 379 1370 406 ministri
1390 378 1450 413 ejus
1470 379 1734 408 transfortnarentur
1754 382 1780 408 in
1802 389 1852 407 an-

1056 425 1132 460 gelos
1152 424 1233 455 lucis,
1254 423 1408 451 secundum
1429 424 1601 458 Apostolum,
1621 425 1667 459 qui
1687 425 1724 452 ait
1741 434 1748 452 :
1772 435 1780 451 ι
1793 426 1852 461 Ipse

1054 471 1128 498 enim
1149 471 1266 497 Satanas
1286 470 1500 498 transformatur
1518 471 1546 497 in
1561 472 1687 506 angelum
1708 472 1777 499 lucis
1793 473 1826 498 ³⁷.
1840 482 1848 497 ι

1055 515 1115 542 Non
1131 523 1258 550 magnum
1272 516 1365 550 itaque
1375 515 1515 550 quidpiam
1528 516 1551 542 si
1562 516 1680 543 ministri
1692 517 1752 550 ejus
1763 520 1853 543 trans-

1056 561 1243 588 formarentur
1260 562 1284 588 in
1302 561 1414 596 angelos
1431 561 1556 595 justitiaa,
1572 569 1621 588 nec
1637 563 1660 589 si
1678 566 1743 589 tunc
1763 562 1853 589 omni-

1056 607 1107 635 bus
1122 607 1150 634 in
1164 608 1233 634 locis
1247 608 1359 634 oracula
1379 608 1510 640 ederent,
1532 608 1663 635 Vaticinia
1688 612 1716 635 et
1733 609 1855 636 curatio-

1055 663 1105 683 nes
1131 656 1310 691 pollicentes;
1333 655 1370 681 ita
1394 659 1423 681 ut
1452 655 1638 690 superstitiosi
1659 655 1785 682 homines
1805 662 1854 690 per

1056 707 1191 727 summam
1207 701 1344 727 insaniam
1361 700 1405 727 vel
1420 700 1473 727 sibi
1490 700 1655 728 charissima
1671 701 1739 736 ipsis
1753 700 1837 727 immo

1056 747 1154 774 larent.
1170 745 1249 773 Nunc
1261 753 1326 773 vero
1346 753 1442 772 eorum
1458 746 1582 772 omnium
1598 746 1678 773 ruina
1694 750 1721 773 et
1733 746 1853 773 desertio

1055 793 1188 829 contigit,
1213 793 1252 820 ita
1276 796 1307 819 ut
1330 801 1365 820 ne
1385 793 1426 820 \‘el
1442 800 1537 820 eorum
1553 793 1685 820 memoria
1701 793 1822 828 supersit
1844 803 1852 819 :

1053 840 1249 874 exstinctoque
1268 839 1391 874 ipsorum
1416 839 1477 874 igne
1493 839 1654 866 defecerunt
1672 839 1745 866 sicut
1762 839 1854 867 deficit

1056 886 1160 913 fumus.
1179 885 1274 918 Quare
1286 885 1343 912 alio
1363 885 1390 912 in
1411 885 1472 912 loco
1490 884 1591 911 dicitur
1608 894 1614 912 :
1634 894 1643 910 ι
1661 885 1791 912 Ascendit
1811 886 1855 912 fu-

208 926 256 953 καὶ
275 926 314 952 τὰ
338 925 441 952 ἑαυτῶν
458 926 582 960 φίλτατα.
609 924 677 950 Νυνὶ
700 923 728 949 δὲ
759 923 870 949 ἐκείνων
894 922 1001 948 πάντων

1054 940 1115 959 mus
1134 932 1160 958 in
1181 931 1221 958 ira
1241 932 1301 965 ejus
1316 931 1350 958 ⁸⁸.
1370 941 1380 956 ι
1402 930 1468 957 Nam
1486 930 1526 957 ira
1547 930 1594 957 Dei
1612 931 1745 959 invadens
1765 931 1852 966 ipsos,

204 973 361 1008 ὰιρανισμὸς
373 972 421 998 καὶ
440 972 542 1008 ἐρημία
555 971 726 1006 γέγονεν,ὼς
743 969 809 1006 μηδὲ
826 969 936 1004 μνήμην
953 968 1002 994 αὐ-

206 1017 263 1043 τῶν
292 1017 474 1043 ἑπιλιπέσθαι·
491 1016 614 1049 ἐξέλιπον
639 1016 668 1042 δὲ
695 1015 732 1047 ὡς
758 1014 879 1041 ἐκλείπει
902 1013 1005 1044 καπνὸς

207 1062 424 1093 ἀποτΰεσθέντος
438 1062 527 1089 αὐτῶν
544 1061 591 1088 τοῦ
607 1061 704 1097 πυρός’
721 1061 761 1087 διὸ
776 1060 822 1086 καὶ
835 1059 951 1094 ἀλλαχοῦ
967 1058 1007 1084 εἵ-

205 1117 299 1145 ρηται·
331 1119 340 1135 ι
364 1109 460 1144 Ἀνέϐη
484 1109 587 1139 καπνὸς
613 1109 641 1133 ὲν
656 1108 725 1143 ὀργῇ
747 1106 840 1133 αὐτοῦ.
860 1115 869 1131 ι
905 1106 936 1131 Ἡ
951 1105 1006 1140 γὰρ

207 1155 254 1182 τοῦ
272 1155 339 1182 Θεοῦ
355 1155 424 1191 ὀργὴ
438 1154 542 1185 τούτοις
558 1154 649 1184 αὐτοῖς
666 1152 829 1183 ἐπελθοῦσα,
844 1152 874 1178 τὸ
891 1151 946 1187 πῦρ
961 1152 1006 1178 αὐ-

208 1201 262 1229 τῶν
274 1198 307 1235 -ᾦ
323 1200 490 1235 κατέφλεγον
509 1200 557 1231 τὰς
576 1199 629 1225 τῶν
649 1198 799 1234 ἀνθρώπων
822 1197 912 1232 ψυχὰς
937 1205 1003 1223 κατ-

206 1248 327 1274 έσϐεσεν·
338 1244 368 1274 οὗ
381 1247 549 1278 σϐεσθέντος,
559 1246 646 1281 ὰνέὸη
658 1246 768 1277 καπνός.
779 1244 859 1271 Ἀλλὰ
869 1245 916 1270 καὶ
928 1241 1005 1275 οὗτος

206 1293 221 1318 ὁ
231 1293 333 1325 καπνὸς
345 1292 440 1328 μηκέθ’
450 1292 657 1327 ὑποκαιόμενος,
670 1291 736 1327 μηδὲ
748 1291 816 1326 ἔχων
826 1290 923 1317 ὁπόθεν
943 1290 1006 1317 ὑπο-

208 1340 270 1375 στῆ,
282 1340 411 1366 ἐκλείπει.
421 1340 506 1372 Ἐπεὶ,
518 1340 547 1366 δὲ
558 1341 572 1365 ὁ
583 1339 649 1370 Θεὸς
661 1339 719 1373 φῶς
733 1340 801 1370 ἐστι,
813 1338 859 1364 καὶ
871 1339 964 1364 σκοτία
975 1339 1004 1365 ἐν

206 1384 283 1420 αὺτῴ
295 1386 345 1411 οὐκ
363 1385 435 1411 ἔστιν
450 1385 573 1420 οὐδεμία,
589 1385 668 1411 τοῦτο
680 1384 710 1410 τὸ
725 1384 783 1419 φῶς
797 1386 853 1415 τοῖς
872 1383 946 1419 αὐτῷ
962 1383 1006 1417 φί-

207 1431 264 1463 λοις
281 1431 377 1466 σοφίας
395 1431 442 1458 καὶ
460 1431 598 1465 γνώσεως,
611 1432 659 1457 καὶ
678 1431 808 1466 ἀληθείας
820 1430 1005 1466 μαρμαρυγὰς

204 1478 357 1513 ἐκπέμπει,
369 1477 407 1509 ὡς
416 1477 498 1512 φάναι
512 1477 621 1509 αὐτοὺς,
635 1487 644 1503 ‹
656 1477 826 1513 Ἐσημειώθη
836 1477 878 1511 ἐφ’
888 1478 963 1512 ἡμᾶς
976 1477 1006 1503 τὸ

208 1523 265 1556 ψῶς
279 1523 326 1549 τοῦ
344 1522 489 1559 προσώπου
505 1531 562 1554 σου,
580 1522 675 1558 Κύριε.
695 1531 705 1547 ι
724 1523 786 1553 Τοῖς
802 1522 831 1548 δὲ
849 1521 1005 1557 προλεχθεῖ-

205 1577 249 1595 σιν
266 1568 374 1604 ὲχθροῖς
388 1568 470 1594 αὐτοῦ
485 1567 541 1603 πῦρ
561 1567 731 1601 καταφλέγον
748 1566 881 1601 γίγνεται.
905 1567 950 1593 Διὸ
962 1565 1006 1592 λέα

204 1615 339 1642 λεκταιὲν
350 1614 463 1649 ἑτέροις·
484 1623 493 1639 ι
508 1613 568 1649 Πῦρ
584 1613 699 1640 ἐνώπιον
720 1612 802 1639 αὑτοῦ
820 1612 999 1647 καυθήσεται,
1017 1605 1038 1632 C

206 1660 353 1694 καὶκύκλῳ
362 1659 445 1686 αὑτοῦ
454 1659 580 1693 καταιγὶς
594 1659 706 1693 σφοδρά·
715 1667 724 1683 ι
735 1658 791 1690 καὶ,
798 1668 805 1683 ι
812 1657 872 1693 Πῦρ
880 1658 1002 1684 ἐναντίον

206 1706 288 1733 αὑτοῦ
306 1707 483 1741 καυθήσεται,
502 1706 549 1732 καὶ
563 1705 668 1739 φλογιεῖ
684 1705 788 1736 πάντας
807 1705 870 1736 τοὺς
885 1703 1000 1739 ἐχθροὺς

205 1753 299 1780 αὑτοῦ.
317 1763 326 1778 ι
350 1753 405 1779 Καὶ
424 1753 453 1778 ἐν
469 1752 508 1787 τῷ
526 1752 594 1787 μετὰ
608 1753 703 1787 χεῖρας
718 1752 744 1777 οἱ
762 1750 854 1786 ἐχθροὶ
868 1751 898 1776 οὐ
920 1751 1000 1785 μόνον

205 1799 342 1825 ἐκλείπειν
355 1798 393 1831 ὼς
405 1798 517 1830 καπνὸς,
531 1798 598 1825 ἀλλὰ
613 1798 660 1824 καὶ
672 1797 710 1829 ὡς
722 1798 835 1832 τήκεται
850 1797 936 1832 κηρὸς
946 1796 1001 1823 ἀπὸ

206 1844 352 1880 προσώπου
366 1843 463 1879 πυρὸς,
475 1843 561 1875 οὕτως
581 1843 744 1879 ὲκτήκεσθαι
761 1843 900 1878 εἴρηνταισ
924 1843 999 1869 ἐπει-

206 1891 293 1926 δήπερ
308 1890 384 1916 αὺτοὶ
406 1890 519 1921 ἑαυτοὺς
534 1889 647 1925 ἐχθροὺς
660 1888 707 1915 τοῦ
724 1888 792 1915 Θεοῦ
806 1889 997 1924 πεποιήκασιν.

210 1937 240 1963 Ὀ
262 1936 316 1972 γὰρ
336 1936 400 1967 Θεὸς
418 1936 513 1971 ἀγαπᾷ
529 1935 563 1961 τὰ
580 1935 645 1961 ὅντα
662 1934 761 1967 πάντα,
784 1935 831 1961 καὶ
847 1934 923 1960 οὐδὲν
941 1934 1000 1969 βδε-

204 1983 334 2010 λύσσεται
347 1979 384 2009 ὧν
397 1982 534 2018 ἐποίησεν·
549 1982 609 2008 οὐδὲ
620 1982 674 2017 γὰρ
691 1981 777 2017 μισῶν
790 1989 817 2007 τι
830 1981 999 2007 κατεσκεύα-

204 2029 246 2062 ζε·
264 2029 304 2057 διὸ
324 2030 429 2062 οὐδενὸς
443 2029 539 2065 ἐχθρὸς
551 2029 643 2060 αὑτός.
655 2029 686 2055 Οἱ
700 2028 728 2054 δὲ
740 2027 924 2063 μακρύνοντες
936 2028 998 2054 ἐαυ-

203 2078 267 2108 τοὺς
283 2077 329 2103 ἀπ’
346 2076 441 2108 αὑτοῦ,
462 2077 509 2103 καὶ
533 2075 757 2111 ὲχθροποιοῢντες
778 2074 907 2106 ἑαυτοὺς,
936 2075 998 2100 ἐπι-

205 2123 326 2150 σπῶνται
344 2124 392 2159 τὴν
407 2123 555 2150 ἀπώλειαν·
578 2124 615 2154 ὡς
635 2122 772 2156 λέγεσθαι*
799 2131 808 2147 ‹
827 2122 885 2148 Ὅτι
907 2121 959 2148 ἰδοὺ
972 2122 997 2148 οἰ

205 2170 389 2206 μακρύνοντες
403 2171 515 2201 ἑαυτοὺς
527 2170 580 2196 ἀπὸ
592 2169 638 2195 σοῦ
652 2167 823 2194 ἀπολοῦνται.
840 2178 849 2192 ι
873 2168 950 2193 Οὖτω
968 2167 997 2193 δὲ

204 2215 251 2242 καὶ
268 2214 375 2250 μισοῦσι
397 2215 443 2241 τὸν
465 2215 530 2240 Θεὸν
550 2216 574 2240 οὶ
599 2214 633 2240 τὰ
650 2214 695 2239 ὑπ’
721 2213 802 2239 αὐτοῦ
822 2212 997 2248 μεμισημένα

206 2259 381 2295 πράττοντες.
397 2258 489 2285 Ταῦτα
511 2260 559 2293 μὲν
574 2256 620 2285 οὖν
642 2258 702 2284 καθ’
720 2258 767 2283 ἕνα
788 2257 906 2292 λελέχθω
933 2257 996 2293 τρό-

1056 978 1146 1013 ignem
1162 978 1295 1013 ipsorum,
1308 985 1362 1012 quo
1378 977 1484 1005 animas
1500 977 1643 1004 hominum
1658 977 1851 1009 incendebant.

1055 1024 1184 1051 restinxit
1199 1033 1205 1051 :
1221 1031 1276 1058 quo
1290 1024 1435 1056 restincto,
1457 1024 1582 1051 ascendit
1602 1024 1705 1052 fumus.
1727 1024 1778 1051 Sed
1794 1025 1853 1060 ipse

1056 1070 1149 1098 fumus
1175 1078 1238 1096 cum
1265 1070 1335 1105 ignis
1355 1077 1411 1096 non
1437 1069 1537 1101 subsit,
1560 1078 1610 1097 nec
1631 1070 1731 1097 habeat
1750 1070 1778 1097 in
1798 1078 1853 1106 quo

1057 1116 1201 1148 subsistat,
1223 1116 1325 1144 deﬁcit.
1357 1115 1427 1149 Quia
1450 1123 1516 1143 vero
1536 1115 1609 1144 Deus
1625 1117 1672 1143 lux
1687 1121 1739 1150 est,
1765 1122 1793 1143 et
1812 1121 1853 1144 te-

1055 1162 1148 1189 nebrae
1167 1163 1195 1189 iu
1208 1170 1242 1189 eo
1257 1170 1313 1190 non
1334 1166 1399 1190 sunt
1421 1162 1493 1194 ullze,
1512 1161 1571 1188 hme
1596 1162 1643 1189 lux
1669 1162 1766 1190 amicis
1794 1163 1853 1189 suis

1057 1208 1209 1243 sapientiae,
1237 1207 1360 1235 scientiae
1383 1211 1411 1235 et
1431 1208 1557 1235 veritatis
1575 1208 1668 1235 radios
1687 1208 1797 1240 emittit,
1816 1209 1853 1235 ita

1055 1258 1085 1281 ut
1098 1254 1191 1281 dicant
1206 1257 1217 1280 :'
1235 1263 1243 1279 ι
1259 1254 1403 1288 Signatum
1426 1260 1469 1281 cst
1491 1262 1575 1289 super
1590 1262 1640 1281 nos
1654 1255 1746 1282 lumen
1762 1256 1854 1283 vultus

1056 1301 1106 1332 tui,
1126 1300 1240 1327 Domine
1252 1299 1293 1333 ”;
1310 1309 1319 1325 ι
1336 1299 1458 1327 inimicis
1474 1304 1565 1326 autem
1583 1300 1642 1327 suis
1654 1308 1736 1335 supra
1749 1308 1855 1329 memo-

1055 1348 1123 1374 ratis
1138 1347 1209 1382 ignis
1224 1353 1391 1374 consumens
1401 1350 1455 1373 est.
1482 1346 1573 1378 Quare
1586 1346 1650 1373 alibi
1665 1347 1768 1373 dictum
1785 1351 1828 1374 est
1845 1357 1851 1374 :

1058 1403 1067 1419 ι
1088 1392 1160 1427 ignis
1174 1393 1201 1419 in
1213 1396 1365 1426 conspectu
1385 1392 1445 1426 ejus
1463 1391 1634 1423 exardescet,
1648 1396 1675 1419 et
1692 1392 1719 1419 in
1735 1393 1853 1419 circuitu

1056 1439 1116 1473 ejus
1136 1441 1284 1472 tempestas
1299 1437 1389 1464 valida
1402 1438 1428 1469 ‘;
1453 1446 1462 1462 ι
1480 1441 1507 1464 et
1524 1446 1530 1463 z
1545 1446 1555 1462 ι
1572 1436 1644 1472 Ignis
1663 1438 1690 1464 in
1703 1440 1853 1472 conspectu

1057 1486 1116 1519 ejus
1146 1483 1317 1516 exardescet,
1335 1488 1362 1511 et
1388 1482 1567 1510 inﬂammabit
1596 1490 1692 1510 omnes
1722 1483 1850 1510 inimicos

1055 1529 1117 1563 ejus
1127 1529 1164 1556 ’.ι
1187 1529 1216 1555 lu
1238 1528 1364 1564 praesenti
1380 1535 1489 1563 quoque
1501 1528 1606 1555 inimici
1623 1528 1684 1562 ejus
1696 1536 1751 1555 non
1772 1528 1854 1555 modo

1058 1579 1087 1602 ut
1102 1575 1194 1603 fumus
1208 1570 1335 1606 deiicere,
1349 1574 1396 1601 sed
1412 1574 1485 1600 sicut
1497 1573 1556 1600 ﬂuit
1571 1581 1635 1600 cera
1650 1582 1666 1601 a
1684 1574 1753 1601 facie
1770 1574 1852 1608 ignis,

1056 1621 1093 1647 ita
1107 1625 1134 1649 et
1156 1621 1209 1656 ipsi
1232 1621 1387 1656 liquescere
1402 1620 1544 1648 dicuntur.
1573 1620 1708 1652 Quoniam
1726 1621 1776 1655 ipsi
1791 1629 1854 1648 seen

1055 1667 1182 1694 inimicos
1196 1666 1243 1693 Dei
1257 1667 1473 1694 constituerunt.
1507 1664 1580 1692 Deus
1595 1667 1669 1692 enim
1686 1667 1778 1693 omnia
1791 1674 1854 1701 quae

1054 1717 1118 1740 sunt
1138 1717 1228 1745 amat,
1250 1717 1278 1740 et
1301 1713 1369 1740 nihil
1389 1712 1447 1740 odit
1470 1719 1567 1739 eorum
1581 1719 1643 1747 quae
1663 1711 1726 1739 fecit
1742 1722 1748 1739 :
1764 1720 1853 1746 neque

1051 1759 1126 1787 enim
1148 1759 1251 1794 aliquid
1274 1758 1400 1786 condidit
1417 1758 1491 1793 quod
1505 1757 1608 1786 odisset
1622 1767 1629 1790 ;
1647 1766 1734 1792 quare
1750 1758 1853 1786 nullius

1054 1804 1185 1831 inimicus
1202 1804 1260 1838 ipse
1274 1807 1327 1831 est.
1364 1802 1418 1835 Qui
1432 1811 1497 1830 vero
1511 1810 1571 1830 sese
1587 1802 1622 1829 ab
1637 1802 1696 1837 ipso
1716 1802 1794 1837 longe
1808 1810 1853 1830 re-

1054 1855 1173 1882 movent,
1196 1850 1339 1885 ipsiusque
1355 1857 1385 1876 se
1405 1849 1532 1876 inimicos
1546 1848 1678 1880 cilicium,
1700 1848 1852 1884 perniciem

1054 1896 1106 1923 sibi
1118 1896 1271 1927 attrahunt,
1289 1896 1326 1922 ita
1342 1899 1371 1922 ut
1385 1895 1495 1922 dicatur
1512 1904 1519 1921 :
1540 1894 1625 1928 «Quia
1634 1902 1700 1922 ecce
1714 1895 1761 1929 qui
1775 1895 1852 1922 elon-

1051 1947 1117 1977 gant
1134 1949 1163 1969 se
1182 1949 1197 1967 ιι
1218 1945 1255 1972 te.
1272 1941 1401 1975 peribunt
1411 1941 1431 1967 '.
1447 1950 1456 1966 I
1474 1940 1520 1967 Sic
1535 1944 1627 1967 autem
1641 1945 1668 1968 et
1684 1940 1769 1968 Deum
1782 1940 1852 1968 ode-

1053 1991 1128 2019 runt,
1154 1987 1202 2021 qui
1225 1994 1324 2022 perosa
1345 1986 1396 2021 ipsi
1414 1989 1584 2021 perpetrant.
1610 1985 1675 2013 Haec
1695 1986 1779 2021 igitur
1792 1993 1850 2014 unc

1051 2034 1134 2061 modo
1160 2033 1234 2060 dicta
1260 2032 1371 2060 fuerint.
1402 2033 1472 2060 Cum
1497 2040 1581 2068 porro
1594 2032 1685 2059 omnis
1707 2032 1851 2067 prophetia

1052 2079 1210 2115 evangelica
1222 2079 1269 2112 sit,
1290 2079 1452 2107 consideres
1465 2079 1548 2106 velim
1561 2086 1626 2105 num
1645 2078 1703 2105 haec
1717 2078 1751 2105 ad
1765 2077 1851 2104 Deum

1052 2125 1171 2153 Verbum
1187 2124 1353 2156 referantur,
1374 2124 1448 2159 quod
1469 2123 1580 2159 quidem
1602 2123 1667 2150 olim
1692 2123 1719 2150 in
1734 2127 1852 2158 paterno

1052 2172 1115 2200 sinu
1138 2170 1329 2206 requiescebat
1353 2180 1361 2198 :
1387 2180 1397 2196 ‹
1412 2170 1441 2198 in
1466 2170 1603 2206 principio
1623 2180 1633 2196 ι
1659 2170 1733 2198 enim
1761 2178 1772 2195 ι
1790 2170 1861 2206 ιιι-εις

1054 2202 1186 2249 Verbum,
1201 2220 1228 2243 et
1242 2215 1362 2243 Verbum
1377 2221 1437 2243 erat
1461 2202 1534 2251 apud
1552 2202 1647 2249 Deum,
1664 2218 1690 2242 et
1706 2214 1778 2242 Deus
1791 2202 1858 2241 erat'

1052 2262 1209 2290 Verbum".
1231 2271 1240 2287 ι
1261 2261 1294 2287 Et
1320 2271 1326 2289 :
1354 2271 1362 2287 ι
1379 2260 1437 2289 Hoc
1468 2266 1529 2289 erat
1555 2262 1584 2288 in
1613 2261 1748 2296 principio
1777 2261 1850 2295 apud

205 2313 266 2330 πον.
290 2305 366 2331 Ἐπεὶ
391 2304 419 2330 δὲ
443 2306 459 2339 ή
481 2305 555 2330 πᾶσα
577 2305 730 2340 προφητεία
746 2304 910 2339 εὐαγγελικὴ
934 2313 999 2339 τυγ-

1054 2308 1136 2336 Deum
1149 2308 1171 2340 ⁵,
1182 2317 1192 2333 ι
1209 2308 1298 2342 ipsum
1312 2312 1371 2334 erat
1383 2306 1545 2343 Unigenitus
1559 2307 1618 2339 Dei,
1631 2307 1678 2341 qui
1689 2310 1732 2335 est
1745 2307 1773 2333 in
1785 2306 1850 2333 sinu

203 2351 291 2386 χάνει,
308 2351 356 2378 θέα
378 2353 480 2386 μήποτε
495 2350 581 2377 ταῦτα
599 2352 638 2382 εἰς
657 2352 702 2377 τὸν
715 2351 781 2377 Θεὸν
797 2351 882 2385 Λόγον
897 2351 997 2386 ἀναφέ-

204 2405 291 2432 ρεται,
307 2397 336 2429 ὃς
351 2395 385 2432 ἦν
402 2397 450 2432 μὲν
475 2396 558 2422 πάλαι
579 2397 608 2422 ἐν
627 2398 682 2428 τοῖς
697 2397 807 2428 κόλποις
824 2397 998 2432 ἀναπαυόμε-

204 2451 247 2474 νος
262 2443 308 2469 τοῦ
319 2443 435 2479 Πατρός·
457 2453 465 2467 ι
486 2443 530 2468 Ἐν
547 2443 633 2477 ἀρχῇ»
648 2443 702 2477 γὰρ
720 2441 767 2478 (ἦν
779 2444 793 2469 ὁ
809 2443 904 2477 Λόγος.
920 2443 968 2470 καὶ
984 2443 999 2469 ὁ

202 2489 289 2523 Λόγος
303 2486 337 2524 ἦν
353 2489 419 2524 πρὸς
435 2489 478 2515 τὸν
498 2488 574 2519 Θεὸν,
589 2488 635 2514 καὶ
649 2488 715 2519 Θεὸς
727 2487 761 2523 ἦν
778 2491 791 2515 ὁ
806 2489 918 2523 Λόγος.)
931 2489 996 2516 Καί·

205 2530 305 2566 ιυῦτος
316 2532 350 2570 ἦν
366 2536 394 2560 ἐν
407 2535 478 2569 ἀρχῇ
498 2534 565 2569 πρὸς
576 2533 621 2559 τὸν
638 2533 714 2565 Θεὸν,
733 2544 742 2559 ι
764 2535 845 2566 αὐτὸς
861 2533 894 2570 ἦν
909 2535 923 2561 ὁ
938 2536 996 2562 Mo-

202 2578 315 2614 νογενὴς
337 2579 383 2605 τοῦ
406 2578 473 2605 Θεοῦ
494 2579 508 2603 ὁ
523 2578 561 2604 ὢν
576 2579 615 2609 είς
634 2578 679 2604 τὸν
699 2578 798 2605 κόλπον
814 2579 860 2605 τοῦ
879 2580 994 2615 Πατρός.

207 2625 283 2651 Ἐπεὶ
299 2624 328 2651 δὲ
343 2625 450 2660 μορφὴν
463 2624 558 2650 δούλου
570 2623 670 2655 λαὸὼν,
683 2625 731 2650 καὶ
743 2626 862 2660 σχήματι
874 2625 996 2661 εὑρεθεὶς

201 2672 238 2703 ὡς
255 2670 408 2707 ἄνθρωπος,
420 2670 603 2697 ἐταπείνωσεν
613 2670 710 2697 ἑαυτὸν
728 2671 809 2706 μέχρι
826 2671 953 2700 θανάτου.
966 2671 997 2697 τὸ

202 2719 314 2754 Πνεῦμα
329 2718 360 2745 τὸ
380 2719 457 2753 ᾶγιον
475 2717 588 2749 εικότως
603 2717 652 2752 τὴν
673 2717 821 2744 ἀνάστασιν
844 2717 926 2744 αὐτοῦ
953 2718 997 2745 Θε-

201 2765 292 2797 σπίζει
306 2765 394 2799 λέγον·
405 2774 414 2790 ι
427 2764 582 2799 Ἀναστήτω
595 2765 609 2790 ὁ
626 2764 703 2796 Θεὸς,
722 2764 769 2791 καὶ
782 2764 996 2801 διασκορπισθή-

236 2856 257 2871 ⁹⁷
270 2854 291 2882 H
310 2855 375 2883 Cor.
389 2863 429 2888 ιι,
448 2855 492 2883 Ν.
530 2855 553 2871 ’³
566 2855 639 2883 Psal.
658 2863 725 2888 xvu,
746 2855 773 2883 9.

201 2890 245 2918 ΞΠ.
283 2892 293 2906 ⁸
308 2890 388 2918 Joau.
405 2899 425 2923 1,
439 2891 464 2918 Ι.
504 2893 514 2908 ⁸
528 2890 594 2918 ibid.
610 2892 638 2918 9...

361 2940 493 2969 pATROL.
526 2939 569 2969 Gn
578 2962 585 2970 .
613 2938 732 2969 XXIII.

812 2856 835 2872 ”
845 2854 918 2884 Psal.
942 2864 979 2890 tv,
996 2856 1021 2883 7.

1050 2354 1152 2382 Patris.
1185 2353 1255 2387 Quia
1274 2361 1340 2381 vero
1357 2353 1472 2381 formam
1489 2353 1562 2381 servi
1579 2353 1736 2388 accipiens,
1754 2356 1782 2380 et
1798 2352 1851 2380 ha-

1051 2401 1110 2428 bitu
1125 2401 1253 2428 inventus
1263 2404 1293 2427 ut
1307 2401 1398 2432 homo,
1406 2400 1561 2427 humiliavit
1569 2399 1746 2434 semetipsum
1761 2406 1851 2433 usque

1052 2447 1085 2473 ad
1100 2450 1233 2479 mortem;
1248 2446 1311 2481 jure
1326 2446 1447 2481 Spiritus
1462 2450 1575 2473 sanctus
1590 2444 1651 2479 ejus
1665 2444 1849 2472 resurrectio-

1050 2499 1114 2520 nem
1138 2492 1305 2520 vaticinatur
1329 2492 1436 2524 dicens,
1457 2500 1468 2517 ι
1488 2492 1624 2526 Exsurgat
1638 2490 1711 2519 Deus
1724 2495 1753 2518 et
1766 2490 1850 2517 dissi-

1050 2539 1150 2571 pentur
1174 2536 1279 2563 inimici
1295 2545 1303 2562 :
1325 2545 1335 2561 ι
1355 2536 1402 2564 ubi
1425 2544 1476 2571 per
1495 2535 1583 2567 illud,
1612 2544 1621 2561 ι
1639 2535 1730 2566 Deus.
1747 2544 1757 2559 ι
1776 2534 1848 2562 Deus

1051 2581 1171 2609 Verbum
1186 2582 1357 2617 intelligitur.
1382 2582 1436 2609 Aut
1458 2581 1547 2608 oratio
1567 2580 1612 2608 illa
1624 2581 1659 2609 de
1671 2581 1783 2608 Christo
1794 2579 1849 2606 hoc

1051 2628 1166 2663 profert,
1196 2637 1205 2653 ι
1225 2627 1379 2663 Exsurgat,
1396 2638 1406 2654 ι
1424 2633 1452 2656 et
1480 2628 1514 2655 ad
1540 2628 1732 2655 universorum
1762 2625 1848 2653 Deum

1051 2674 1201 2707 emittitur;
1228 2674 1266 2700 ita
1294 2678 1323 2701 ut
1348 2675 1432 2706 illud,
1455 2685 1464 2700 ι
1482 2675 1564 2707 Deus,
1582 2684 1592 2700 ι
1609 2674 1654 2702 sic
1671 2673 1820 2708 accipiatur
1835 2680 1846 2699 :

1049 2719 1073 2747 0
1087 2720 1173 2748 ‘Deus.
1191 2724 1323 2755 exsurgat
1337 2720 1465 2748 Christus
1479 2724 1554 2753 tuus,
1570 2725 1598 2748 et.
1609 2720 1777 2754 dissipentur
1792 2717 1846 2745 ini-

1050 2766 1199 2801 ntieiejus.
1231 2766 1394 2802 ϐοηθημιὶ
1421 2774 1539 2802 namque
1562 2770 1631 2794 sunt
1658 2765 1762 2793 inimici
1785 2764 1847 2800 ejus

1645 2857 1654 2872 ³
1666 2857 1739 2884 Psal.
1757 2861 1845 2888 Luxu,

1063 2856 1156 2884 'Psal.
1181 2865 1256 2888 mer,
1275 2857 1301 2885 5.
1354 2859 1363 2873 ²
1379 2857 1452 2885 Psal.
1481 2866 1553 2890 xcvt,
1579 2858 1605 2884 5.

1587 2936 1627 2965 :22
