4090 6390
387 322 494 388 685

1073 330 1348 391 EUSEBII
1390 327 1882 389 CESARIENSlS
1921 329 2075 387 OPP.
2114 328 2298 386 PARS
2335 330 2422 385 Ill.
2461 358 2533 375 ε-
2569 329 2985 388 EXEGETlCA.

3568 334 3674 389 684

390 460 635 520 tempore
685 447 961 520 passionis
1012 444 1228 518 ipsius,
1281 447 1505 519 quando
1572 466 1591 499 ‹
1634 447 1970 503 fremuerunt

2076 459 2259 497 τωσαν
2281 444 2332 497 οἰ
2361 443 2454 514 ὲχθ
2463 444 2545 516 pol.
2569 442 2753 498 αὐτοῦ·
2769 463 2788 496 ι
2822 442 2957 497 Θεοῦ
2981 450 3273 515 νοουμένου
3294 444 3393 499 τοῦ
3410 444 3545 499 Θεοῦ
3568 448 3674 501 Δό-

385 548 597 611 gentes,
644 549 699 596 et
744 540 931 612 populi
962 541 1208 595 meditati
1244 548 1373 595 sunt
1410 540 1614 595 inania.
1667 540 1975 593 Astitcrunt

384 645 560 700 reges,
596 638 654 685 et
700 631 979 701 principes
1008 639 1384 686 convenerunt
1414 631 1471 684 in
1500 646 1670 685 unum
1707 631 1973 684 adversus

383 717 673 774 Dominum
691 727 747 776 et
764 719 1031 777 adversus
1054 720 1336 775 Christum
1367 720 1487 789 ejus
1502 719 1544 775 ‘.
1559 738 1578 771 ›
1600 718 1780 773 Hosce
1806 731 1973 788 porro

381 826 574 866 onlnes
610 811 946 866 resurrectio
990 809 1198 865 Christi
1247 825 1318 865 ex
1368 810 1601 863 mortuis
1630 808 1919 879 dissipavit
1956 826 1969 861 :

382 911 624 972 tuncque
671 899 993 957 defecerunt
1027 909 1087 954 ut
1118 900 1303 954 deﬁcit
1333 898 1541 963 fumus,
1574 905 1630 954 et
1660 898 1802 953 sicut
1855 895 1975 951 ﬁuit

381 1007 511 1049 cera
543 1007 575 1046 a
612 993 752 1049 facie
802 993 962 1064 ignis.
1034 991 1193 1047 Hunc
1225 1007 1361 1047 sane
1384 991 1664 1046 Christum
1705 989 1796 1045 Dei
1846 988 1975 1044 odio

383 1084 717 1146 habuerunt,
769 1098 833 1137 ac
877 1083 1176 1138 etiamnum
1225 1081 1482 1147 oderunt,
1517 1081 1612 1150 qui
1662 1079 1977 1149 frequenter

383 1178 551 1248 impia
580 1177 749 1241 dicta,
772 1177 1020 1232 convicia
1050 1186 1111 1230 et
1124 1175 1440 1246 blasphema
1470 1175 1637 1229 verba
1666 1173 1973 1244 proferunt,

380 1269 505 1339 ejus
527 1268 830 1326 Ecclesiam
861 1278 1181 1341 oppugnant
1209 1284 1274 1323 ac
1304 1268 1612 1323 doctrinam
1637 1268 1978 1322 calumnian-

381 1370 495 1419 tur.
525 1360 660 1415 Nam
691 1362 829 1418 alias
853 1362 1036 1417 nullos
1072 1360 1319 1432 reperire
1349 1368 1434 1415 est
1461 1360 1555 1430 qui
1591 1360 1974 1415 universorum

382 1450 555 1509 Deum
587 1453 843 1521 oderint;
875 1468 1053 1524 neque
1085 1452 1230 1507 enim
1264 1451 1369 1522 ipsi
1400 1451 1548 1507 athei
1577 1458 1631 1507 et
1656 1451 1842 1523 impii,
1874 1466 1972 1505 ne-

382 1560 490 1615 que
522 1546 747 1616 maligni
773 1546 1069 1609 daemones,
1113 1560 1292 1615 neque
1323 1544 1524 1615 impuri
1555 1544 1782 1614 spiritus
1811 1543 1866 1597 id
1892 1542 1977 1598 di-

380 1635 584 1690 xerint.
619 1637 688 1689 At
713 1634 995 1692 Christum
1026 1636 1122 1691 Dei
1152 1651 1210 1690 se
1233 1633 1360 1689 odio
1392 1634 1596 1690 habere
1623 1642 1812 1705 aperte
1844 1650 1975 1705 pro-

386 1727 630 1791 ﬁtentur,
683 1727 864 1798 primo
913 1727 951 1780 ii
1002 1727 1071 1783 de
1103 1728 1306 1797 quibus
1332 1729 1447 1798 ipse
1482 1744 1580 1799 per
1630 1727 1974 1800 prophetiam

381 1820 458 1875 ita
488 1820 636 1875 fatur
678 1839 691 1874 :
749 1838 769 1872 ι
821 1817 1010 1874 Loculi
1055 1830 1185 1875 sunt
1220 1798 1509 1876 adversum
1538 1798 1848 1891 me—lingua
1876 1818 1977 1874 do-
2005 1798 2049 1856 Β

380 1911 530 1975 losa,
563 1920 617 1966 et
646 1908 995 1966 sermonibus
1022 1904 1133 1962 odii
1162 1904 1639 1965 circumdederunt
1669 1921 1776 1973 me,
1793 1912 1849 1961 et
1878 1922 1966 1962 ex-

381 2009 761 2073 pugnaverunt
787 2017 874 2056 me
897 2000 1090 2072 gratis.
1122 1999 1228 2056 Pro
1250 2016 1316 2057 eo
1341 2009 1401 2055 ut
1422 2017 1509 2057 me
1529 2000 1841 2072 diligerent,
1872 1998 1971 2054 de-

378 2093 672 2151 trahebant
716 2094 872 2149 mihi.
934 2094 999 2148 Et
1049 2103 1353 2165 posuerunt
1385 2094 1675 2149 adversum
1710 2108 1796 2147 me
1830 2093 1974 2148 mala

378 2201 482 2257 pro
507 2186 691 2250 bonis,
732 2194 790 2242 et
818 2186 1004 2242 odium
1030 2203 1132 2258 pro
1164 2187 1458 2243 dilectione
1487 2187 1683 2254 mea";
1723 2205 1743 2235 ι
1777 2185 1973 2243 deinde

377 2276 474 2347 qui
507 2282 633 2347 post
662 2276 786 2332 illos
816 2278 981 2333 etiam
1016 2292 1166 2333 nunc
1199 2278 1256 2333 in
1298 2278 1479 2349 ipsum
1519 2278 1836 2351 hlasphema
1880 2278 1970 2333 di—

380 2375 472 2423 cta
518 2367 827 2439 proferunt.
886 2367 1154 2424 Caeterum
1201 2384 1395 2424 omnes
1446 2369 1654 2424 inimici
1706 2369 1861 2441 ejus,
1915 2378 1971 2426 et

377 2458 475 2530 qui
535 2459 772 2515 oderunt
830 2474 955 2514 eum
1015 2461 1269 2531 dissipati
1328 2469 1458 2516 sunt
1524 2469 1580 2516 et
1639 2461 1896 2531 fugerunt
1935 2477 1970 2517 a

378 2552 526 2609 facie
570 2553 794 2609 virtutis
823 2555 966 2625 ejus,
1012 2554 1439 2624 defeceruntque
1487 2553 1631 2609 sicut
1662 2553 1846 2611 deﬁcit
1877 2555 1967 2610 fu.

377 2660 540 2712 mus,
573 2654 631 2703 et
672 2647 816 2703 sicut
852 2645 971 2702 ﬂuit
1001 2662 1127 2703 cera
1173 2661 1202 2699 a
1253 2645 1394 2702 facie
1427 2646 1592 2718 ignis.
1646 2645 1821 2703 Nemo
1863 2649 1967 2720 igi-

376 2748 472 2796 tur
492 2756 561 2796 ex
593 2741 907 2798 odientibus
935 2757 1061 2798 eum
1097 2740 1321 2812 impune
1349 2758 1595 2813 unquam
1626 2751 1697 2799 ex
1725 2744 1828 2798 hac
1850 2745 1965 2799 vita

376 2830 652 2904 migravit.
680 2832 786 2890 Sed
817 2835 983 2891 etiam
1017 2835 1293 2905 principes
1328 2836 1699 2901 sacerdotum,
1733 2835 1961 2903 Scribat,

374 2923 642 2983 Pharistei
674 2935 730 2983 et
759 2927 1073 2991 Sadductei,
1105 2928 1201 2999 qui
1223 2928 1627 2985 insidiasiolim
1662 2928 1768 2998 ipsi
1800 2944 1964 2999 para-

375 3024 531 3082 runt,
563 3017 640 3071 ita
667 3016 1012 3082 defecerunt,
1037 3026 1097 3071 ut
1131 3032 1315 3088 neque
1362 3017 1628 3072 memoria
1665 3032 1858 3074 eorum
1891 3020 1962 3074 ad

376 3108 483 3167 hoc
500 3123 678 3180 usque
702 3115 941 3177 tempus,
977 3124 1158 3180 neque
1186 3123 1387 3164 nomen
1411 3109 1558 3179 apud
1591 3106 1812 3165 Judmos
1839 3125 1956 3166 ser-

373 3206 555 3255 vetur.
593 3199 751 3255 Tunc
777 3208 895 3255 tota
921 3215 1115 3256 eorum
1161 3201 1314 3256 natio
1358 3202 1415 3257 in
1448 3216 1642 3258 omnes
1673 3210 1862 3273 gentes
1888 3203 1966 3258 di-

376 3307 570 3364 spersa
603 3293 987 3364 dissipataque
1023 3301 1129 3350 est.
1165 3291 1591 3365 Insequentibus
1649 3311 1780 3351 vero
1824 3303 1964 3352 tem-

374 3386 607 3456 poribus
628 3394 899 3457 quotquot
932 3386 1240 3443 Ecclesiam
1284 3388 1410 3457 ejus
1447 3394 1855 3459 oppugnarunt,
1889 3388 1966 3443 si-

375 3476 581 3532 militer
601 3486 656 3533 et
689 3477 793 3549 ipsi
825 3477 1146 3534 defecerunt
1169 3479 1313 3534 sicut
1336 3477 1520 3535 deﬁcit
1541 3480 1745 3543 fumus,
1773 3487 1827 3535 et
1860 3480 1966 3534 sic-

373 3576 438 3622 ut
468 3567 588 3624 ﬂuit
617 3584 746 3624 cera
787 3585 819 3624 a
873 3568 1015 3627 facie
1047 3570 1213 3641 ignis.
1250 3570 1465 3626 Inimici
1503 3586 1638 3642 ergo
1667 3571 1875 3628 Christi
1907 3580 1963 3628 et

374 3659 472 3730 qui
506 3658 745 3715 oderunt
767 3675 894 3716 eum
920 3660 1051 3716 talia
1079 3660 1230 3732 passi
1280 3667 1445 3728 sunt;
1500 3661 1845 3732 maximeque
1875 3661 1962 3716 in-

372 3751 623 3807 visibiles
654 3759 710 3807 et
734 3752 937 3807 occulti
973 3752 1206 3815 inimici,
1254 3751 1480 3824 maligni
1511 3767 1708 3823 nempe
1755 3753 1960 3808 daemo-

373 3858 477 3899 nes
498 3851 553 3898 et
578 3843 809 3915 spiritus
835 3858 1094 3914 nequam,
1125 3843 1219 3914 qui
1250 3843 1382 3898 olim
1425 3844 1727 3904 multorum
1775 3845 1962 3899 numi-

373 3949 508 3990 num
541 3936 751 3992 erroris
773 3945 1032 3991 auctores
1064 3943 1225 3992 erant
1254 3954 1272 3990 τ
1305 3936 1399 4007 qui
1433 3945 1559 4008 post
1592 3937 1964 3993 resurrectio-

374 4040 500 4082 nem
535 4042 602 4083 ex
649 4029 886 4083 mortuis
916 4030 1165 4099 penitus’
1191 4029 1447 4099 dissipati
1497 4036 1649 4085 sunt.
1683 4029 1963 4101 lidemque

373 4118 478 4189 ipsi
503 4118 876 4190 liquescentes
903 4123 1050 4176 sicut
1077 4136 1207 4177 cera
1224 4134 1253 4174 a
1275 4120 1417 4177 facie
1445 4120 1614 4192 ignis,
1646 4122 1981 4177 clamabant.

371 4213 620 4270 dicentes
660 4231 676 4269 :
735 4232 754 4266 ι
787 4213 941 4278 Sine,
969 4215 1103 4286 quid
1140 4215 1302 4270 nobis
1334 4222 1390 4271 et
1418 4215 1541 4279 tibi,
1565 4213 1668 4268 Fili
1703 4214 1836 4271 Dei?
1864 4230 1962 4270 ve-

369 4303 507 4360 nisti
531 4313 657 4360 ante
684 4311 905 4376 tempus
931 4313 1192 4377 torquere
1222 4321 1325 4362 nos
1341 4308 1384 4365 ⁸.
1418 4325 1439 4359 ι
1472 4304 1610 4361 Nam
1634 4306 1856 4362 deitatis
1880 4307 1964 4377 ip.

371 4397 492 4453 sius
532 4396 841 4454 invisibiles
870 4407 928 4454 et
961 4400 1164 4455 occulti
1196 4397 1362 4464 radii,
1399 4405 1678 4454 tormenta
1708 4399 1962 4454 dolores-

2077 552 2196 604 γου.
2220 535 2291 589 ’Ἡ
2319 536 2419 607 τῆς
2447 536 2614 607 εὐχῆς
2650 554 2717 589 πε
2728 536 2778 607 pl.
2808 536 2908 607 μὲν
2933 535 3028 590 τοῦ
3054 538 3291 608 Χριστοῦ
3316 538 3579 609 λεγούσης
3590 539 3672 601 τὸ,

2084 647 2101 680 ι
2126 629 2434 700 Ἀναστήτω
2453 668 2468 692 ,
2491 646 2510 678 ι
2532 628 2666 699 πρὸς
2677 627 2734 681 δὲ
2751 628 2842 681 τὸν
2858 627 2992 681 Θεὸν
3008 626 3115 681 τῶν
3132 626 3267 681 ὅλων
3281 630 3453 682 ἀναπε
3462 628 3677 699 μπομέ-

2078 738 2195 791 νηςο
2217 716 2326 794 ἵν”ᾖ
2340 721 2422 784 τὸ,
2439 740 2457 771 ι
2478 721 2506 773 ὁ
2523 719 2676 783 Θεὸς,
2692 739 2709 771 ι
2730 719 2974 785 ἀντὶτοῦ,
2997 713 3043 772 ὦ
3055 720 3177 783 Θεὲ,
3195 720 3480 791 ἀναστήτω
3492 720 3520 772 ὁ
3536 722 3675 792 Χρι-

2081 813 2204 877 στός
2215 830 2331 878 σου,
2345 814 2440 867 καὶ
2453 812 3033 884 διασκορπισθήτωσαν
3062 814 3111 864 οἱ
3128 812 3312 884 ἐχθροί
3326 811 3517 865 αὐτοῦ.
3544 812 3675 865 Συν-

2078 906 2321 978 ήχθησαν
2360 907 2457 977 μὲν
2473 904 2582 977 γὰρ
2611 907 2659 958 οἱ
2681 904 2867 975 ἐχθροὶ
2881 903 3047 958 αὐτοῦ
3078 904 3219 958 κατά
3233 905 3322 959 τὸν
3339 904 3433 958 τοῦ
3468 904 3673 969 πάθους

2077 991 2244 1045 αὑτοῦ
2263 992 2473 1063 καιρὸν,
2504 992 2743 1063 ὁπηνίκα
2760 1012 2777 1042 ι
2807 991 3087 1062 ἐφρύαξαν
3119 992 3268 1064 ἔθνη,
3288 994 3382 1046 καὶ
3408 992 3528 1047 λαοί
3548 995 3676 1064 ἐμε-

2076 1079 2311 1152 λέτησαν
2337 1081 2488 1135 κενά.
2509 1081 2866 1151 Παρέστησαν
2882 1084 2931 1135 οἰ
2960 1080 3199 1152 βασιλεῖς
3222 1085 3318 1137 καί
3334 1086 3384 1137 οί
3411 1085 3675 1156 ἄρχοντες

2080 1172 2423 1243 συνήχθησαν
2439 1172 2532 1227 ἐπὶ
2550 1173 2612 1226 τὸ
2637 1173 2768 1226 αὐτὸ
2787 1174 2929 1227 κατά
2957 1172 3052 1228 τοῦ
3070 1175 3279 1247 Κυρίου
3304 1180 3399 1229 καὶ
3415 1175 3555 1230 κατά
3576 1176 3672 1229 τοῦ

2078 1264 2317 1336 Χριστοῦ
2334 1264 2518 1319 αὐτοῦ.
2535 1284 2554 1317 ι
2575 1265 2800 1319 Πάντων
2817 1267 2874 1320 δὲ
2888 1266 3093 1321 τούτων
3110 1268 3541 1340 διασκορπισμὸν
3556 1270 3589 1339 ἡ
3607 1270 3673 1321 ἐκ

2078 1356 2288 1430 νεκρῶν
2305 1358 2599 1422 ἀνάστασις
2613 1358 2704 1411 τοῦ
2718 1358 2955 1429 Χριστοῦ
2983 1360 3405 1432 κατειργάσατο’
3424 1360 3673 1426 ὲξέλιπόν

2076 1450 2221 1515 τεώς
2232 1450 2472 1504 ἐκλείπει
2488 1451 2714 1515 καπνὸς,
2728 1452 2822 1505 καὶ
2837 1451 2912 1516 ὡς
2932 1453 3161 1523 τήκεται
3183 1452 3352 1524 κηρὸς
3375 1453 3484 1507 ἀπὸ
3502 1471 3674 1526 προσ-

2078 1541 2229 1597 ώπου
2265 1545 2458 1617 πυρός.
2490 1546 2601 1599 Καὶ
2642 1544 2831 1598 τοῦτόν
2862 1562 2927 1614 γε
2972 1545 3067 1598 τὸν
3129 1546 3363 1616 Χριστὸν
3404 1544 3499 1599 τοῦ
3532 1546 3670 1601 Θεοῦ

2079 1635 2367 1708 ἐμίσησαν,
2401 1636 2621 1708 μισοῦσί
2655 1654 2716 1690 τε
2749 1637 2915 1691 εἰσέτι
2945 1640 3039 1691 καὶ
3068 1637 3187 1704 νῦν,
3215 1639 3265 1691 οἰ
3300 1638 3540 1710 συνεχῶς
3567 1641 3669 1693 αὑ-

2078 1728 2169 1782 τὸν
2202 1728 2381 1793 ἀθέοις
2411 1728 2592 1798 λόγοις
2624 1728 2719 1783 καί
2757 1715 3045 1801 λοιδορίαις
3076 1729 3544 1801 βλασφημοῦντες,
3570 1734 3671 1804 τήν

2075 1836 2136 1873 τε
2179 1819 2505 1891 Ἐκκλησίαν
2535 1820 2699 1874 αὑτοῦ
2734 1820 3120 1892 πολεμοῦντες,
3164 1822 3259 1875 καὶ
3287 1821 3387 1893 τὴν
3417 1823 3670 1877 διδασκα-

2076 1909 2196 1965 λίαν
2217 1911 2612 1976 δια6άλλοντες.
2664 1913 2875 1976 Ἀλλως
2906 1912 3014 1987 γὰρ
3041 1913 3134 1967 τὸν
3167 1915 3260 1967 ἐπὶ
3284 1914 3502 1969 πάντων
3534 1916 3669 1969 Θεὸν

2075 1998 2175 2052 οὐκ
2221 1998 2289 2052 ἂν
2348 1999 2499 2072 εὖροι
2550 2000 2845 2072 μισοῦντας
2888 2018 3063 2067 τινας·
3107 2004 3230 2057 οὐδὲ
3266 2004 3375 2077 γὰρ
3419 2007 3575 2059 αὐτοὶ
3616 2008 3671 2061 οἰ

2074 2090 2222 2145 ἄθεοι
2256 2093 2352 2146 καὶ
2382 2093 2683 2158 δυσσεϐεῖςο
2734 2094 2849 2148 ἀλλ’
2897 2095 3020 2150 οὐδὲ
3047 2098 3097 2150 οἰ
3128 2098 3353 2169 πονηροὶ
3390 2098 3666 2169 δαίμονες,

2073 2180 2195 2234 οὐδέ
2218 2181 2287 2235 τὰ
2317 2182 2606 2255 ἀκάθαρτα
2634 2183 2923 2255 πνεύματα
2950 2184 3095 2238 τοῦτ’
3124 2184 3191 2239 ἂν
3221 2186 3446 2240 εἴποιεν.
3477 2186 3581 2239 Τὸν
3606 2186 3668 2240 δὲ

2071 2272 2308 2346 Χριστὸν
2334 2273 2427 2326 τοῦ
2469 2273 2605 2328 Θεοῦ
2644 2273 3096 2346 ὁμολογουμένως
3121 2276 3414 2347 ὲμίσησαψ
3460 2276 3669 2347 πρῶτοι

2076 2365 2174 2436 μὲν
2225 2366 2444 2430 ἐκεῖνοι,
2470 2366 2601 2438 περὶ
2628 2358 2704 2419 ὧν
2728 2366 2892 2430 αὐτὸς
2917 2365 3008 2419 διά
3034 2367 3136 2437 τῆς
3162 2367 3503 2441 προφητείας
3528 2367 3666 2437 ἐφα-

2073 2473 2221 2511 σκεν·
2274 2476 2293 2509 ι
2344 2457 2642 2529 Ἐλάλησαν
2674 2458 2794 2513 κατ’
2829 2457 2965 2530 ἐμοῦ
2994 2457 3216 2532 γλώσσῃ
3251 2458 3421 2532 δολία,
3453 2459 3548 2513 καὶ
3587 2459 3670 2512 λό-

2069 2566 2188 2617 γοις
2211 2549 2401 2620 μίσους
2416 2548 2734 2604 ἐκύκλωσάν
2754 2568 2843 2621 με,
2863 2549 2958 2602 καὶ
2975 2549 3322 2621 ἐπολέμησάν
3342 2566 3409 2621 με
3431 2550 3664 2622 δωρεάν.

2083 2641 2228 2695 Ἀντὶ
2251 2639 2349 2695 τοῦ
2381 2643 2602 2713 ἀγαπᾷν
2621 2660 2689 2714 με
2715 2642 3052 2697 ἐνδιέόαλλόν
3088 2660 3176 2714 με.
3208 2643 3319 2697 Καὶ
3332 2642 3514 2697 ἔθεντο
3543 2646 3665 2698 κατ’

2067 2732 2203 2804 ἐμοῦ
2218 2733 2364 2787 κακά
2391 2734 2512 2787 ἀντὶ
2524 2733 2766 2804 ἀγαθῶν,
2786 2735 2879 2789 καί
2899 2738 3051 2806 μῖσος
3065 2734 3186 2788 ἀντὶ
3210 2735 3309 2806 τῆς
3330 2736 3665 2808 ἀγαπήσεώς

2071 2843 2192 2897 μου⁸
2223 2845 2242 2877 ι
2288 2826 2479 2880 ἔπειτα
2525 2826 2620 2881 καὶ
2659 2828 2709 2880 οἰ
2743 2828 2861 2899 μετ’
2892 2828 3133 2890 ἐκείνους
3173 2828 3342 2882 εἰσέτι
3371 2827 3467 2881 νῦν
3502 2829 3665 2884 αὑτὸν

2069 2917 2533 2991 βλασφημοῦντες.
2581 2916 2728 2989 Πλὴν
2777 2918 2981 2983 πάντες
3022 2919 3072 2970 οἰ
3108 2917 3294 2991 ἐχθροὶ
3339 2917 3529 2983 αὑτοῦ,
3571 2921 3667 2974 καὶ

2071 3014 2121 3066 οἱ
2155 3011 2441 3085 μισοῦντες
2471 3011 2634 3066 αὐτὸν
2663 3009 3157 3083 διεσκορπίσθησαν
3196 3011 3291 3065 καί
3324 2996 3687 3080 πεφεύγασιν

2066 3105 2177 3160 ἀπὸ
2207 3103 2501 3177 προσώπου
2548 3104 2650 3174 τῆς
2691 3103 2976 3174 δυνάμεως
3025 3101 3212 3156 αὑτοῦ.
3279 3102 3555 3169 Ἐξέλιπόν
3600 3121 3664 3156 τε

2066 3198 2142 3262 ὡς
2180 3196 2419 3251 ἐκλείπει
2451 3196 2657 3260 καπνὸς
2686 3196 2778 3249 καὶ
2800 3195 2876 3259 ὡς
2912 3197 3138 3266 τήκεται
3168 3195 3338 3267 κηρὸς
3360 3194 3468 3249 ἀπὸ
3489 3212 3660 3267 προσ-

2065 3290 2217 3345 ώπου
2265 3290 2463 3363 πυρός.
2521 3288 2732 3343 Αὐτίκα
2774 3288 2905 3358 γοῦν
2967 3288 3143 3352 οὐδεὶς
3176 3286 3395 3342 πώποτε
3421 3287 3531 3342 τῶν
3564 3305 3664 3360 με-

2069 3385 2377 3457 μισηκότων
2404 3385 2567 3439 αὑτὸν
2592 3383 2939 3456 ἀτιμώρητος
2970 3381 3216 3455 διεξῆλθε
3245 3382 3338 3437 τὸν
3361 3382 3497 3454 βίον’
3520 3383 3662 3438 ἀλλά

2064 3475 2161 3529 καὶ
2191 3476 2242 3528 οἱ
2278 3475 2447 3530 πάλαι
2501 3476 2603 3547 τήν
2639 3475 2931 3547 ἐπιϐουλὴν
2982 3474 3133 3546 αὐτῷ
3163 3472 3526 3543 τυρεύσαντες
3554 3473 3657 3546 ἀρο

2064 3570 2271 3639 χιερεῖς
2294 3568 2389 3621 καὶ
2420 3572 2790 3640 γραμματεῖς,
2824 3570 3111 3641 Φαρισαῖοι
3168 3566 3264 3620 καὶ
3310 3566 3659 3620 Σαδδουκαῖοι

2063 3659 2238 3724 οὕτως
2260 3661 2528 3728 ἐξέλιπον,
2577 3661 2652 3725 ὡς
2691 3661 2825 3733 μηδέ
2863 3661 3085 3733 μνήμην
3118 3658 3299 3713 αὐτῶν
3354 3658 3520 3713 εἰσέτι
3563 3656 3661 3711 νῦν

2068 3751 2189 3822 μηδ’
2207 3751 2379 3824 ὄνομα
2401 3751 2554 3825 παρά
2585 3752 2861 3816 Ἰουδαίοις
2889 3750 3180 3815 σώζεσθαι.
3214 3752 3349 3806 Τότε
3379 3754 3490 3807 πᾶν
3510 3751 3663 3814 ἔθνος

2063 3842 2243 3898 αὐτῶν
2311 3844 2708 3917 διασκεδασμὸν
2764 3846 2859 3900 καὶ
2911 3844 3345 3918 διασκορπισμὸν
3397 3844 3661 3915 ὑπέμεινε

2063 3938 2143 4001 εἰς
2170 3936 2348 3992 πάντα
2369 3937 2438 3991 τὰ
2457 3936 2607 4011 ἔθνη·
2636 3938 2730 3993 καὶ
2760 3940 2819 3993 ἐν
2852 3941 2967 4003 τοῖς
2985 3936 3125 4008 μετά
3151 3935 3324 3990 ταῦτα
3351 3933 3410 3987 δὲ
3442 3932 3660 4005 χρόνοις

2064 4030 2267 4095 πάντες
2295 4033 2411 4086 ὅσοι
2442 4031 2541 4105 τὴν
2588 4031 2918 4104 Ἐκκλησίαν
2966 4027 3134 4087 αὐτοῦ
3183 4027 3655 4097 πεπολεμήκασιν,

2062 4122 2265 4195 ὁμοίως
2287 4123 2532 4191 ἐξέλιπον
2565 4124 2660 4180 καὶ
2693 4123 2851 4179 αὐτοὶ
2894 4122 2972 4186 ὡς
3011 4118 3253 4173 ἐκλείπει
3306 4117 3513 4180 καπνὸς
3562 4118 3659 4171 καὶ

2063 4217 2140 4281 ὼς
2163 4219 2389 4286 τήκεται
2453 4215 2624 4289 κηρὸς
2653 4214 2764 4271 ἀπὸ
2792 4206 3085 4287 προσώπου
3117 4209 3309 4282 πυρός.
3337 4210 3401 4263 Οἱ
3435 4210 3534 4281 μὲν
3563 4205 3656 4263 οὖν

2063 4307 2249 4381 ἐχθροὶ
2274 4307 2370 4364 τοῦ
2388 4304 2633 4382 Χριστοῦ
2677 4306 2777 4361 καὶ
2827 4306 2879 4359 οἰ
2932 4302 3217 4375 μισοῦντες
3238 4301 3400 4356 αὑτὸν
3428 4299 3659 4355 τοιαῦτα

2065 4398 2390 4464 πεπόνθασι,
2419 4396 2516 4452 καὶ
2537 4394 2623 4450 ἔτι
2657 4394 2860 4466 μᾶλλον
2881 4394 2930 4447 οἰ
2953 4391 3176 4464 ἀόρατοι
3199 4393 3295 4446 καὶ
3320 4393 3547 4461 ἀφανεῖς
3573 4393 3659 4462 ἐχ-

369 4483 478 4560 que
532 4489 665 4545 talia
731 4489 1048 4546 dicentibus
1107 4490 1457 4547 invexerunt.
1520 4489 1724 4544 Dexter
1795 4504 1962 4561 porro

2070 4493 2204 4565 θροὶ,
2230 4491 2457 4564 πονηροὶ
2477 4489 2731 4561 δαίμονες
2752 4488 2848 4542 καὶ
2874 4485 3126 4560 μοχθηρά
3156 4485 3472 4558 πνεύματα,¹
3490 4484 3558 4538 δι’
3578 4478 3656 4539 ὧν

372 4581 678 4637 amicorum
706 4580 804 4638 Dei
825 4583 964 4638 ordo
992 4583 1197 4654 quibus
1226 4583 1282 4638 in
1308 4581 1623 4638 Servatoris
1656 4582 1831 4637 nostri
1867 4596 1956 4636 re-

372 4674 721 4731 surrectione
752 4674 1033 4731 frueretur
1070 4676 1252 4740 bonis,
1303 4675 1567 4745 deinceps
1614 4672 1774 4729 docet
1828 4689 1960 4745 pro-

370 4764 560 4836 phetia
580 4780 705 4833 qua:
732 4766 811 4820 ait
844 4784 861 4821 :
897 4784 917 4818 ί
951 4764 1020 4819 Ει
1037 4766 1174 4836 justi
1208 4766 1462 4821 laetentur
1493 4771 1548 4819 et
1586 4764 1865 4819 exsultent
1900 4764 1960 4818 in

371 4867 672 4927 conspectu
721 4858 837 4924 Dei,
867 4859 1209 4915 delectentur
1237 4860 1294 4913 in
1323 4857 1535 4913 laetitia.
1580 4876 1600 4909 ι
1636 4855 1778 4923 Quid
1820 4855 1956 4912 illud

369 4948 467 5016 sit,
493 4966 605 5010 non
636 4951 969 5022 simpliciter
999 4952 1175 5007 laetari
1201 4957 1257 5007 et
1284 4951 1590 5015 exsultare,
1617 4949 1715 5006 sed
1739 4950 1794 5004 in
1823 4964 1958 5017 con-

369 5052 564 5114 spectu
618 5043 714 5101 Dei
770 5053 827 5101 et
874 5045 1018 5116 apud
1068 5043 1241 5101 Deum
1279 5044 1365 5101 his
1385 5043 1617 5114 perfrui,
1660 5042 1959 5114 divinaque

366 5136 649 5209 valuptate
686 5138 962 5209 gaudere,
1007 5154 1120 5194 non
1149 5142 1348 5209 jpotest
1400 5153 1502 5208 pro
1546 5136 1745 5191 merito
1792 5151 1959 5193 enar-

365 5246 504 5289 rari.
532 5256 533 5259 “

2064 4584 2135 4639 τὰ
2166 4584 2271 4655 τῆς
2295 4582 2559 4638 πολυθέου
2593 4580 2802 4653 πλάνης
2828 4582 3114 4654 ἐνηργεῖτο
3133 4580 3321 4635 πάλαι·
3362 4572 3437 4632 ὧν
3461 4593 3656 4631 παντε-

2065 4676 2164 4748 λης
2187 4674 2619 4747 διασκορπισμδς
2650 4673 2791 4745 μετά
2839 4674 2939 4745 τὴν
2985 4675 3053 4729 ὲκ
3098 4674 3308 4749 νεκρῶν
3357 4673 3657 4729 ἀνάστασιν

2065 4769 2291 4838 γέγονεν
2313 4784 2329 4800 ·
2398 4767 2449 4821 οἰ
2502 4766 2548 4820 δ’
2603 4766 2787 4832 αὐτοὶ,
2845 4767 3137 4839 τηκόμενοι
3203 4766 3280 4830 ὡς
3328 4764 3498 4836 κηρὸς
3545 4764 3656 4818 ἀπὸ

2068 4858 2365 4932 προσώπου
2428 4859 2621 4931 πυρὸς,
2663 4858 2835 4915 ἐϐόων
2889 4859 3160 4929 λέγοντες·
3194 4878 3212 4910 ι
3250 4858 3372 4911 Ἔα·
3409 4856 3464 4910 τί
3518 4858 3654 4928 ἡμῖν

2067 4953 2162 5007 καὶ
2195 4952 2302 5015 σοὶ,
2369 4952 2466 5007 Υἱὲ
2511 4953 2678 5020 Θεοῦ;
2734 4949 2940 5017 Ἦλθες
3014 4951 3121 5024 πρὸ
3175 4950 3368 5023 καιροῦ
3433 4948 3657 5020 βασανί-⁸

2069 5063 2159 5099 σαι
2188 5046 2390 5116 apag.»
2427 5047 2493 5099 Ai
2525 5046 2635 5118 γὰρ
2661 5045 2760 5117 τῆς
2806 5045 3058 5115 θεότητος
3103 5042 3269 5098 αὐτοῦ
3300 5042 3524 5113 ἀόρατοι
3560 5039 3656 5094 καὶ

2066 5137 2292 5206 ἀφανεῖς
2323 5139 2561 5204 ἀκτῖνες,
2594 5137 2859 5209 βασάνους
2882 5137 2976 5190 καὶ
3002 5134 3301 5206 ἀλγηδόνας
3342 5135 3457 5197 τοῖς
3479 5132 3654 5187 ταῦτα

2067 5229 2285 5300 λέγουσι
2311 5234 2592 5304 παρεῖχον.
2655 5227 2729 5283 Τὸ
2759 5228 2816 5281 δέ
2849 5244 2915 5296 γε
2960 5226 3135 5292 δεξιὸν
3179 5225 3288 5280 τῶν
3337 5225 3506 5296 φίλων
3555 5222 3653 5277 τοῦ

367 5308 503 5382 Θεοῦ
525 5327 711 5400 τάγμα
733 5327 937 5382 ὁποίων
958 5328 1232 5382 ἀπέλαυεν
1292 5326 1516 5397 ἀγαθῶν
1544 5329 1603 5382 ἐν
1649 5329 1728 5399 ,τῇ
1760 5325 1856 5380 τοῦ
1903 5326 2161 5398 Σωτῆρος
2193 5327 2379 5399 ,ἡμῶν
2428 5325 2746 5390 ἀναστάσει,
2802 5323 2936 5396 ἑξῆς
2964 5323 3204 5378 διδάσκει
3246 5324 3281 5393 ή
3344 5317 3652 5393 προφητεία

367 5422 619 5493 λέγουσα·
661 5445 682 5476 ι
730 5425 840 5478 Καὶ
875 5424 925 5478 οἱ
959 5424 1158 5479 δίκαιοι
1207 5423 1694 5496 εὐφρανθήτωσαν,
1743 5421 2195 5491 ἀγαλλιάσθωσαν
2216 5444 2229 5458 -’
2255 5422 2488 5478 ἐνώπιον
2545 5420 2643 5476 τοῦ
2687 5420 2844 5486 Θεοῦ,
2893 5420 3284 5505 τερφθήτωσαν
3331 5419 3397 5477 ἐν
3448 5417 3651 5487 εὐφροσ-

368 5518 558 5593 σύνη.»
597 5520 811 5574 Ὁποῖον
839 5520 896 5573 δέ
917 5521 1052 5573 ἐστι
1083 5519 1147 5574 τὸ
1200 5519 1276 5591 μὴ
1334 5519 1522 5583 ἁπλῶς
1571 5516 1966 5589 εὐφραίνεσθαι
2001 5517 2098 5571 καὶ
2160 5517 2445 5589 ἀγαλλιᾷν,
2476 5515 2595 5577 ¹ἀλλ’
2628 5513 2862 5570 ἐνώπιον
2914 5515 3009 5570 τοῦ
3046 5514 3183 5570 Θεοῦ
3219 5515 3315 5570 καὶ
3371 5511 3528 5586 παρά
3572 5510 3652 5585 τῷ

367 5614 489 5690 Θεῷ
513 5615 715 5677 τούτων
736 5617 1048 5695 ἀπολαύειν,
1087 5617 1248 5689 ἡδονῇ
1272 5633 1332 5670 τε
1357 5616 1479 5687 θείᾳ
1511 5616 1804 5689 ἐντρυφᾷν,
1847 5615 1948 5667 οὐκ
1985 5612 2129 5668 ἔστιν
2152 5613 2393 5699 ἐπαξίως
2413 5613 2557 5684 λόγῳ
2587 5611 2971 5684 διηγήσασθαι.

456 5792 632 5851 ‘Psal.
652 5808 715 5863 ιι,
746 5796 799 5861 1,
828 5798 885 5854 2.
960 5800 979 5831 "
1006 5797 1153 5855 Psal.
1183 5796 1473 5864 cvm,3-5.
1549 5800 1570 5833 ⁸
1597 5798 1786 5855 Matth.
1813 5813 1936 5866 rm,
1963 5797 2055 5856 ‘29.
