4090 6396
401 398 510 458 683

418 608 672 677 ποιήσατε
705 603 782 675 τῷ
803 601 1153 673 ἐπιϐεϐηκότι
1175 600 1268 654 ἐπὶ
1305 599 1577 670 δυσμῶν.»
1610 598 1713 651 Τὸν
1744 599 1842 670 μὲν
1868 597 2001 669 περὶ⁸

415 698 519 753 τῶν
547 698 755 769 ἐχθρῶν
788 696 880 750 καί⁸
926 696 1241 767 ,μισούντων
1270 694 1363 746 τὸν
1387 691 1529 745 Θεὸν
1565 690 1725 760 λόγον
1751 690 1839 744 διὰ
1869 690 1998 761 βρα-

415 792 549 861 χέων
582 789 877 859 ἐπετέμετο
893 789 926 860 ὴ
944 786 1266 860 προφητεία·
1294 785 1386 839 τὸν
1409 784 1466 837 δὲ
1494 782 1750 854 περὶτῶν
1773 782 1998 837 δικαίων

414 881 652 947 ἐξαπλοῖ,
683 880 1093 952 ἐνδιατρίϐουσα
1117 881 1183 949 τῇ
1217 877 1348 950 περὶ
1397 874 1578 930 αὐτῶν
1615 876 1823 948 μνήμῃ.
1884 873 1999 928 Καὶ

413 973 475 1044 δὴ
508 974 568 1027 τὸ
617 970 843 1042 Πνεῦμα
872 971 934 1025 τὸ
956 971 1110 1039 ἆγιον
1141 967 1577 1042 παρακελεύεται
1624 968 1736 1029 τοῖς
1768 963 1998 1027 δικαίοις

412 1065 557 1136 ᾅδειν
587 1066 681 1121 καὶ
710 1065 932 1136 ψάλλειν
963 1062 1040 1135 τῷ
1072 1061 1214 1133 Θεῷ,
1270 1063 1347 1125 ὡς
1391 1061 1457 1114 ἂν
1490 1059 1579 1114 διὰ
1609 1058 1813 1113 τούτων
1872 1055 1999 1128 μέλ-

411 1158 594 1212 λουσιν
615 1157 907 1212 ἀπολαύειν
932 1156 1033 1227 τῆς
1066 1154 1217 1218 θείας
1247 1152 1586 1224 εὐφροσύνης
1615 1153 1708 1204 καὶ
1734 1151 1831 1222 τῆς
1864 1167 1999 1222 προ-

410 1249 697 1322 λεχθείσης
727 1248 1012 1322 τερπωλῆς
1039 1248 1132 1302 καὶ
1186 1246 1580 1315 ἀγαλλιάσεως.
1611 1245 1722 1297 Καὶ
1763 1242 1997 1314 ἐπείπερ

412 1342 522 1397 τῶν
547 1342 642 1396 δύο
676 1341 901 1405 τούτων,
959 1340 1102 1409 λέγω
1151 1340 1209 1393 δὲ
1240 1337 1333 1392 τοῦ
1367 1338 1515 1411 ᾄδειν
1543 1336 1639 1391 καὶ
1667 1336 1910 1407 ψάλλειν,
1936 1336 1998 1388 τὸ

417 1431 519 1503 μὲν
551 1433 798 1504 κρεῖττον
827 1426 895 1501 ἦν
924 1429 985 1481 τὸ
1040 1419 1207 1500 ᾅδειν,
1254 1427 1316 1479 τὸ
1352 1426 1410 1480 δὲ
1447 1425 1787 1499 ύποϐεϐηκὸς
1819 1426 1881 1479 τὸ
1930 1425 1996 1477 δι’

413 1523 648 1597 ὀργάνου
683 1520 1103 1594 ἀνακρούεσθαι,
1152 1519 1377 1583 εἰκότως
1403 1519 1465 1573 τὸ
1499 1518 1600 1590 μὲν
1633 1521 1880 1591 κρεῖττον
1909 1518 1999 1572 ἀν-

417 1615 581 1687 έθηκε
605 1613 683 1686 τῷ
708 1614 846 1684 Θεῷ,
878 1610 939 1667 τὸ
956 1613 1012 1667 δὲ
1031 1613 1130 1668 διὰ
1155 1611 1250 1667 τοῦ
1270 1612 1503 1686 ὀργάνου
1520 1612 1764 1685 ἐνεργεῖν
1792 1610 1868 1683 τῷ
1885 1611 2000 1665 ὀνό-

418 1727 552 1780 ματι
584 1708 770 1765 αὐτοῦ.
821 1729 840 1761 ι
868 1710 1069 1781 Ι’ᾼσατε
1098 1727 1116 1760 ι
1177 1707 1309 1781 γὰρ,
1346 1707 1501 1778 φησὶ,
1568 1725 1587 1759 ι
1623 1705 1702 1778 τῷ
1730 1705 1870 1777 Θεῷ,
1904 1705 1999 1760 καὶ⁴

413 1800 622 1871 ψάλατε
654 1800 732 1872 τῷ
772 1801 997 1874 ὀνόματι
1047 1799 1269 1854 αὐτοῦ.»
1308 1800 1459 1872 ᾊδει
1507 1799 1565 1853 δὲ
1606 1798 1684 1872 τῷ
1736 1797 1856 1870 Θεῷ
1881 1798 1998 1854 ὁδι’

416 1894 586 1964 ὑγιῶν
616 1894 902 1965 δογμάτων
929 1893 1029 1965 τὴν
1060 1893 1237 1965 ψυχὴν
1278 1893 1710 1966 πεπαιδευμένος
1767 1892 1865 1947 καὶ
1906 1892 2005 1956 τὰς

415 1987 734 2061 πρεπούσας
757 1986 905 2058 αύτῷ
931 1986 1211 2056 θεολογίας
1228 1988 1296 2041 ἐκ
1325 1986 1564 2051 διανοίας
1586 1983 2006 2057 κεκαθαρμένης

412 2077 774 2149 ἀναπέμπων·
814 2075 1007 2147 ψάλλει
1038 2077 1096 2131 δὲ
1127 2076 1206 2148 τῷ
1242 2077 1467 2149 ὀνόματι
1502 2075 1692 2141 αὑτοῦ,
1724 2077 1754 2129 ὁ
1784 2074 1872 2129 διὰ
1896 2074 2006 2129 τῶν

408 2168 506 2223 τοῦ
557 2170 805 2241 σώματος
838 2173 1106 2243 κινήσεων
1132 2170 1229 2224 καὶ
1256 2169 1346 2223 διὰ
1381 2169 1483 2239 τῆς
1502 2167 1612 2222 τῶν
1632 2167 2005 2241 αἰσθητηρίων

414 2260 698 2331 ἐνεργείας
715 2259 941 2314 τοιαῦτα
967 2260 1241 2334 πράττων,
1273 2260 1349 2324 ὡς
1376 2258 1693 2327 δοξάζεσθαι
1737 2257 1808 2311 δι’
1838 2256 2005 2312 αὐτοῦ

412 2350 567 2422 παρὰ
584 2353 697 2416 τοῖς
716 2352 884 2425 ὁρῶσι
910 2353 969 2405 τὸ
989 2352 1160 2424 ὄνομα
1185 2350 1277 2407 τοῦ
1304 2350 1463 2407 Θεοῦ.
1524 2351 1712 2407 Ταῦτα
1765 2353 1864 2424 μὲν
1912 2347 2006 2405 οῦν

413 2442 607 2514 πρῶτα
638 2443 1075 2516 παρακελεύεται
1120 2444 1200 2515 τῷ
1244 2444 1353 2498 τῶν
1400 2443 1627 2498 δικαίων
1656 2444 1804 2516 χορῷ
1833 2444 2007 2515 πράτ-

409 2551 525 2589 τειν
544 2535 781 2605 διλόγος·
821 2536 952 2607 ἐξῆς
981 2537 1038 2590 δὲ
1056 2536 1289 2608 πρᾶγμά
1318 2555 1370 2592 τι
1396 2539 1570 2591 ποιεῖν
1589 2537 1796 2609 ἑτέροις
1820 2538 2008 2608 χρήσι-

414 2646 515 2697 μον
544 2629 894 2701 προστάττει.
923 2630 1040 2683 Ἵνα
1096 2632 1205 2702 γὰρ
1260 2630 1423 2702 ἐπιϐῇ
1453 2633 1480 2684 ὁ
1508 2629 1642 2693 Θεὸς
1662 2629 1740 2699 τῷ
1765 2627 1874 2681 τῶν
1909 2628 2005 2683 ἀν-

411 2714 647 2787 θρώπων
683 2716 804 2787 βίῳ,
840 2718 935 2771 καὶ
952 2718 1103 2781 ὅπως
1136 2720 1567 2791 ἐμπεριπατήσῃ
1608 2719 1722 2780 τοῖς
1758 2717 1852 2770 ἐπὶ
1879 2718 2002 2788 γῆς,

410 2809 510 2883 τὴν
536 2808 652 2862 ὁδὸν
685 2809 834 2880 αύτῷ
863 2810 1015 2863 λείαν
1060 2812 1154 2865 καὶ
1197 2810 1406 2883 ὁμαλὴν
1451 2808 1863 2884 ἀπεργάζεσθαι
1890 2809 2007 2863 δια-

411 2900 694 2955 κελεύεται
716 2903 960 2972 φάσκων·
998 2922 1016 2955 ι
1040 2903 1483 2976 Ὀδοποιήσατεοι
1518 2903 1552 2975 ἢ
1581 2902 1723 2958 κατὰ
1748 2903 1843 2956 τὸν
1858 2902 2006 2973 Σύμ-

404 3011 608 3065 μαχον,
677 3013 696 3047 ιι
728 2995 1188 3068 Καταστρώσατε·
1217 3014 1236 3048 ι
1289 2995 1433 3051 κατά
1483 2997 1543 3051 δὲ
1595 2997 1688 3051 τὸν
1751 2995 2004 3058 Ἀκύλαν,

410 3105 448 3157 ιε.
475 3087 1024 3154 Ἀποσκολοπίσατε,›
1059 3089 1307 3143 τουτέστι
1360 3091 1468 3143 πᾶν
1498 3090 1710 3144 σκολιὸν
1751 3089 2003 3159 ἀφέλετε,

406 3179 507 3233 καὶ
536 3181 644 3234 πᾶν
673 3182 846 3253 τραχὺ
881 3181 1329 3257 καταστρώσατε,
1359 3183 1435 3247 ὡς
1451 3181 1517 3236 ἂν
1543 3182 1756 3252 γένοιτο
1776 3182 1893 3236 λεία
1908 3181 2003 3235 καὶ
2029 3213 2074 3270 C

403 3273 588 3345 ὁμαλὴ
616 3273 712 3327 τοῦ
744 3273 880 3328 Θεοῦ
910 3277 943 3345 ἡ
996 3276 1076 3339 είς
1114 3274 1443 3347 ἀνθρώπους
1499 3276 1717 3349 πορεία.
1749 3276 1920 3329 Τοῦτο
1946 3276 2004 3330 δὲ

408 3365 507 3418 καὶ
543 3365 771 3429 Ἡσαΐας
820 3365 1010 3437 ἐδήλου
1052 3367 1247 3436 λέγων·
1303 3387 1325 3420 ‹
1359 3368 1717 3440 Ἑτοιμάσατε
1767 3367 1865 3439 τὴν
1891 3367 2007 3421 ὁδὸν

410 3458 640 3531 Κυρίου,
676 3459 894 3524 εὐθείας
945 3463 1148 3517 ποιεῖτε
1203 3462 1302 3525 τὰς
1334 3461 1555 3534 τρίϐους
1604 3460 1793 3517 αὑτοῦ.
1848 3462 2008 3516 Πᾶσα

410 3551 631 3623 φάραγξ
684 3551 1129 3627 πληρωθήσεται,
1173 3556 1270 3608 καὶ
1330 3556 1441 3609 πᾶν
1482 3555 1608 3628 ὅρος
1658 3556 1766 3609 καὶ
1819 3554 2008 3626 βουνὸς

410 3645 905 3716 ταπεινωθήσεται.
962 3648 1075 3700 Καὶ
1114 3647 1268 3702 ἔσται
1300 3647 1371 3702 τὰ
1416 3647 1607 3703 σκολιά
1648 3649 1730 3712 είς
1767 3648 2004 3715 εὐθεῖαν,

412 3738 574 3809 καὶὴ
622 3741 854 3810 τραχεῖα
916 3740 998 3803 εἰς
1052 3738 1204 3803 ὁδοὺς
1259 3741 1428 3804 λείας,
1474 3740 1568 3794 καὶ
1614 3739 1806 3811 ὄψεται
1856 3743 2007 3795 πᾶσα

414 3831 551 3904 σὰρξ
578 3831 640 3885 τὸ
675 3832 943 3907 σωτήριον
971 3832 1065 3886 τοῦ
1095 3832 1284 3886 Θεοῦ.»
1330 3833 1594 3887 Ἐνταῦθα
1614 3833 1672 3886 δὲ
1715 3833 1776 3886 ού
1808 3834 2006 3906 πρότε-

417 3936 507 3990 ρον
539 3920 799 3974 ὄδοποιεῖν
852 3921 1064 3975 κελεύει
1128 3922 1163 3995 ἦ
1220 3922 1436 3994 πρῶτον
1485 3923 1687 3987 αὐτοὺς
1733 3923 2006 3995 μαθόντας

412 4014 561 4076 ὅπως
591 4012 698 4085 χρὴ
725 4012 870 4086 ᾅδειν
908 4013 985 4085 τῷ
1032 4013 1152 4086 Θεῷ
1183 4015 1278 4068 καὶ
1333 4015 1483 4078 ὅπως
1519 4014 1742 4086 ψάλλειν
1783 4015 1861 4087 τῷ
1885 4016 2004 4069 ὀνό-

416 4124 546 4177 ματι
565 4106 747 4162 αὐτοῦ.
777 4106 962 4162 Ταῦτα
991 4105 1102 4180 γὰρ
1129 4108 1510 4181 προμαθόντας
1550 4110 1646 4163 καὶ
1678 4109 1862 4182 ἔργοις
1886 4112 2006 4164 ἐπι-

412 4199 756 4264 τελέσαντας,
806 4200 933 4272 ἑξῆς
977 4198 1226 4271 βούλεται
1273 4201 1557 4265 ὁδοποιεῖν,
1611 4201 1859 4255 τουτέστι
1904 4203 2006 4267 τὰς

412 4291 570 4362 παρά
600 4292 706 4346 τῶν
737 4293 1039 4364 ἀνθρώπων
1058 4293 1236 4366 ψυχάς
1267 4294 1729 4365 παρασκευάζειν,
1755 4295 2005 4369 καθαράς

411 4398 472 4438 τε
505 4383 602 4438 καὶ
632 4383 884 4455 ἑτοίμους
914 4386 1086 4449 αὐτάς
1131 4384 1539 4459 ἀπεργάζεσθαι
1567 4387 1649 4450 είς
1688 4386 1790 4458 τὴν
1818 4388 2006 4459 ἐπιδη-

417 4475 547 4548 μίαν
576 4474 671 4530 τοῦ
686 4475 1130 4547 ,προδηλωθέντος
1157 4476 1314 4532 Θεοῦ.
1341 4476 1435 4530 Διό
1454 4494 1639 4549 φησιν·
1670 4495 1690 4529 ι
1727 4478 2006 4551 Ὀδοποιή-

1517 381 2032 444 'COMMENTAtRIA
2072 382 2140 439 IN
2180 383 2525 442 PSALMOS.

537 511 737 584 ’ᾼσατε
771 509 849 581 τῷ
904 508 1042 580 Θεῷ,
1071 507 1274 577 ψάλατε
1300 506 1375 576 τῷ
1409 506 1632 576 ὀνόματι
1667 504 1852 558 αὐτοῦ·
1883 503 1999 558 b60-

2173 499 2339 556 νεεδ.
2367 502 2422 565 5,
2462 500 2519 557 6.
2565 518 2585 552 ι
2627 500 2857 556 Cantate
2901 501 3034 570 Deo,
3070 503 3343 572 psalmum
3376 503 3546 558 dicite
3583 519 3683 556 no-

3569 386 3706 445 686‘-

2107 591 2243 647 mini
2286 593 2428 662 ejus,
2458 592 2564 647 iter
2592 590 2754 648 facite
2782 594 2855 656 ei,
2888 594 2983 664 qui
3027 595 3279 650 ascendit
3326 611 3492 666 super
3521 609 3685 648 occa-

2106 700 2249 739 sum.
2290 704 2310 736 ›
2342 684 2665 741 Sermonem
2691 684 2759 740 de
2784 685 3022 740 inimicis
3044 694 3101 740 et
3126 687 3383 743 osoribus
3415 686 3510 742 Dei
3550 684 3689 740 Ver-

2108 777 2160 831 bi
2211 777 2541 847 compendio
2569 776 2804 832 absolvit
2827 776 3150 846 prophetia;
3185 776 3257 831 de
3284 777 3452 845 justis
3500 783 3685 831 autem

2106 871 2285 925 fusius
2306 870 2440 941 agit,
2469 885 2771 941 eorumque
2796 870 3317 925 commemorationi
3347 870 3575 925 insistit.
3622 868 3689 922 Et

2106 976 2239 1017 sane
2263 960 2505 1031 Spiritus
2527 970 2756 1017 sanctus
2777 962 2936 1033 jubet
2961 963 3147 1032 justos
3173 970 3399 1016 cantare
3431 970 3487 1016 et
3532 962 3686 1031 psal-

2106 1052 2218 1106 lere
2251 1049 2394 1118 Deo;
2415 1059 2608 1123 utpote
2635 1053 2729 1123 qui
2747 1053 2835 1108 bis
2856 1062 3139 1118 vacantes,
3169 1053 3411 1107 divinam
3440 1052 3689 1107 laetitiam

2105 1153 2577 1216 memoratamque
2599 1146 3020 1202 delectationem
3051 1154 3105 1201 et
3141 1146 3565 1202 exsultationem
3588 1160 3691 1200 na—

2105 1236 2249 1291 cturi
2278 1236 2409 1291 sint.
2448 1236 2588 1304 Quia
2620 1254 2751 1294 vero
2787 1255 2856 1300 ex
2899 1239 2988 1294 bis
3036 1238 3277 1304 duobus,
3326 1239 3589 1295 nimirum
3620 1255 3689 1295 ex

2106 1338 2274 1384 cantu
2305 1338 2361 1386 et
2408 1347 2477 1385 ex
2529 1332 2857 1404 psalmodia,
2913 1333 3283 1402 praestabilior
3314 1344 3511 1389 cantus
3545 1342 3688 1396 erat,

2107 1428 2272 1492 atque
2299 1420 2533 1477 inferior
2565 1421 2672 1494 ipsi
2693 1430 2814 1478 erat
2844 1423 3203 1479 instrumenti
3252 1424 3526 1493 pulsatio;
3564 1425 3693 1495 jure

2106 1516 2251 1591 quod
2286 1518 2645 1587 praastantius
2703 1527 2822 1574 erat
2878 1517 2991 1574 Deo
3046 1518 3279 1584 addixit,
3337 1518 3691 1574 instrumenti

2106 1621 2238 1662 vero
2268 1607 2540 1664 actionem
2576 1610 2788 1665 nomini
2817 1611 2960 1680 ejus.
2992 1611 3137 1667 Nam
3172 1611 3373 1682 inquit,
3409 1630 3428 1664 ‹
3471 1619 3693 1667 cantate

2107 1695 2240 1763 Deo,
2271 1706 2326 1753 et
2354 1700 2626 1770 psalmum
2655 1699 2824 1757 dicite
2863 1703 3074 1757 nomini
3107 1703 3251 1774 ejus.
3307 1723 3326 1757 ι
3370 1703 3482 1759 Deo
3507 1713 3693 1761 autem

2106 1799 2311 1855 cantat,
2344 1791 2505 1860 cujus
2535 1793 2719 1848 anima
2749 1809 2885 1849 sana
2915 1794 3171 1850 doctrina
3200 1796 3455 1852 instituta
3494 1804 3603 1861 est,
3635 1805 3694 1850 et

2107 1883 2467 1953 congruentia
2508 1883 2805 1958 divinaque
2856 1886 3026 1942 verba
3073 1903 3140 1942 ex
3181 1902 3319 1957 pura
3348 1888 3695 1945 conscientia

2109 1976 2214 2046 ipsi
2238 1977 2599 2046 transmittit;
2636 1977 2824 2048 psallit
2852 1993 2984 2034 vero
3009 1979 3223 2034 nomini
3243 1979 3390 2050 ejus,
3438 1979 3534 2052 qui
3562 1995 3692 2035 eor-

2108 2067 2291 2136 poreis
2322 2066 2564 2124 m0tibus
2604 2077 2658 2123 et
2708 2069 2957 2125 sensibili
3022 2071 3239 2127 actione
3280 2072 3409 2127 talia
3442 2073 3692 2141 exhibet,

2107 2175 2229 2231 quae
2259 2167 2601 2231 spectatores
2622 2160 2691 2215 ad
2716 2176 2916 2218 nomen
2947 2161 3045 2219 Dei
3085 2164 3263 2236 gloria
3298 2164 3692 2221 celebrandum

2108 2252 2391 2307 inducant.
2417 2251 2546 2308 Haec
2573 2251 2742 2325 igitur
2766 2255 2945 2322 primo
2966 2254 3198 2325 jubetur
3235 2256 3515 2326 justorum
3556 2258 3693 2313 chos

2107 2360 2205 2401 rus
2231 2335 2531 2417 peragere;
2561 2346 2765 2403 deinde
2785 2360 2916 2403 vero
2938 2347 3113 2403 eidem
3132 2350 3450 2420 praecipitur
3474 2357 3534 2404 ut
3556 2364 3695 2420 opus

2107 2436 2231 2492 aliis
2256 2437 2389 2491 utile
2422 2437 2692 2507 perﬁciat.
2728 2436 2867 2494 Nam
2900 2446 2960 2493 ut
3004 2439 3150 2496 Deus
3181 2441 3251 2495 ad
3277 2439 3564 2496 hominum
3603 2458 3700 2513 ge-

2106 2544 2214 2584 nus
2238 2529 2488 2593 accedat,
2516 2538 2571 2585 et
2592 2545 2718 2585 cum
2756 2531 3050 2603 terrigenis
3084 2533 3452 2603 perambulet,
3496 2536 3700 2604 praeci-

2107 2622 2187 2693 pit
2218 2630 2279 2677 ut
2306 2623 2453 2679 viam
2489 2621 2708 2678 facilem
2731 2631 2896 2694 atque
2929 2625 3151 2696 plenam
3182 2626 3288 2696 ipsi
3317 2627 3588 2691 muniant,
3613 2626 3699 2682 di-

2106 2729 2238 2770 cens
2272 2732 2288 2772 :
2327 2730 2346 2763 ι
2388 2714 2498 2770 lter
2521 2713 2717 2781 facite;
2750 2733 2772 2769 ι
2808 2716 2924 2771 sive
2953 2716 3259 2772 secundum
3282 2715 3694 2789 Symmachum,

2111 2824 2131 2856 ι
2162 2805 2438 2874 Sternite;
2468 2826 2486 2859 ι
2523 2806 2828 2862 secundum
2856 2808 3112 2879 Aqui-lam
3141 2824 3291 2872 vero,
3322 2827 3343 2861 ι
3376 2809 3424 2862 Α
3453 2811 3697 2865 surculis

2106 2901 2392 2966 mundate,
2424 2920 2444 2952 ι
2481 2900 2535 2955 id
2558 2907 2665 2967 est,
2696 2915 2859 2956 omne
2885 2906 3196 2955 tortuosum
3220 2898 3527 2965 auferte,et
3549 2900 3699 2970 quod

2106 3008 2363 3064 asperum
2394 2999 2502 3058 est,
2539 2992 2790 3057 sternite,
2820 2999 2882 3047 ut
2913 2992 3019 3046 iter
3054 2989 3151 3047 Dei
3181 2991 3251 3045 ad
3279 2991 3533 3048 homines
3580 2993 3699 3063 pla-

2105 3101 2240 3141 num
2267 3084 2541 3155 facileque
2591 3085 2808 3141 evadat.
2853 3083 3098 3156 ldipsum
3133 3084 3216 3140 sic
3246 3083 3417 3142 Isaias
3449 3085 3723 3140 declara-r

2106 3178 2223 3233 vit’
2255 3196 2269 3233 :
2306 3196 2327 3230 ι
2366 3176 2567 3233 Parate
2594 3177 2741 3232 viam
2768 3176 3013 3243 Domini,
3045 3184 3230 3233 reetas
3256 3176 3421 3233 l‘acite
3471 3178 3699 3234 semitas

2107 3271 2248 3340 ejus.
2287 3269 2481 3328 Omnis
2505 3271 2666 3327 vallis
2707 3270 3048 3341 implebitur,
3089 3276 3147 3326 et
3190 3269 3373 3325 omnis
3428 3284 3588 3326 mons
3645 3279 3702 3325 et

2107 3364 2266 3420 collis
2313 3364 2718 3421 bumiliabitur.
2758 3362 2826 3419 Et
2861 3374 3027 3420 erunt
3055 3371 3309 3420 tortuosa
3349 3363 3408 3417 in
3435 3363 3581 3419 viam
3611 3380 3700 3419 re-

2108 3467 2278 3521 ctam,
2309 3464 2364 3512 et
2390 3472 2587 3529 aspera
2613 3458 2671 3513 in
2692 3459 2814 3514 vias
2860 3459 3075 3529 planas.
3142 3456 3210 3512 Et
3259 3459 3470 3515 videbit
3517 3458 3700 3513 omnis

2107 3565 2240 3605 caro
2265 3551 2511 3607 salutare
2538 3550 2654 3607 Dei.
2691 3572 2711 3604 ι
2750 3550 2851 3606 llic
2869 3568 3001 3608 vero
3028 3566 3140 3606 non
3166 3552 3322 3621 prius
3370 3555 3478 3607 iter
3518 3552 3701 3607 facere

2102 3641 2283 3712 jubet,
2340 3659 2508 3714 quam
2560 3643 2890 3699 edidicerint
2948 3642 3045 3714 qui
3101 3644 3411 3699 canendum
3446 3651 3700 3715 oporteat

2108 3732 2220 3789 Deo
2279 3741 2334 3789 et
2387 3734 2737 3805 psallendum
2786 3734 3000 3789 nomini
3056 3734 3200 3805 ejus.
3258 3734 3358 3793 llis
3392 3735 3724 3797 institutos,

2106 3833 2402 3898 postquam
2433 3826 2488 3883 id
2518 3827 2700 3898 reipsa
2733 3828 3113 3897 praestiterint,
3150 3828 3256 3884 iter
3288 3827 3487 3884 deinde
3517 3830 3700 3885 facere

2106 3918 2376 3989 praecipit,
2417 3918 2473 3973 id
2506 3928 2613 3983 est,
2645 3920 2919 3974 humanas
2953 3921 3167 3975 animas
3217 3936 3551 3991 praeparare,
3595 3938 3698 3992 pu-

2106 4026 2307 4082 rasque
2336 4010 2460 4065 illas
2494 4018 2550 4065 et
2578 4009 2647 4064 ad
2672 4009 2847 4080 ipsius
2879 4009 2973 4064 Dei
3002 4011 3297 4066 adventum
3332 4019 3552 4082 paratas
3583 4012 3697 4067 etii»

2105 4118 2252 4159 cere.
2282 4102 2651 4170 Quamobrem
2684 4101 2764 4156 ait
2800 4120 2813 4156 :
2853 4120 2873 4153 ι
2912 4099 3022 4157 lter
3046 4102 3209 4158 facite
3240 4102 3292 4158 ei
3312 4103 3407 4174 qui
3445 4103 3694 4160 ascendit

2108 4210 2278 4266 super
2302 4209 2585 4258 occasum,
2620 4192 2890 4248 Dominus
2914 4209 3115 4248 nomen
3153 4193 3253 4248 illi.
3304 4212 3323 4245 ›
3375 4192 3475 4249 Hic
3528 4211 3695 4265 perm

2108 4283 2399 4339 Dominum
2434 4299 2577 4339 nova
2623 4299 2758 4339 voce
2808 4282 3112 4339 secundum
3145 4281 3474 4339 Hebraicam
3506 4285 3695 4363 lectio-

2104 4392 2229 4432 nem
2260 4376 2536 4447 expressit
2600 4392 2615 4432 :
2678 4377 2862 4446 ipsum
2892 4376 3117 4447 quippe,
3175 4378 3251 4443 ia,
3298 4378 3691 4448 nuncupavit:

2105 4484 2278 4539 quare
2309 4466 2698 4541 Symmachus,
2737 4486 2757 4521 ι
2797 4467 2900 4524 Per
2931 4469 2989 4522 ia
3016 4470 3342 4526 vocabulum
3372 4469 3516 4540 ejus,
3559 4489 3580 4522 ι
3610 4471 3695 4523 in-

417 4581 550 4629 σατε
601 4563 680 4636 τῷ
715 4564 1068 4638 ἐπιϐεϐηκότι
1121 4565 1216 4619 ἐπὶ
1269 4565 1512 4639 δυσμῶν,
1579 4566 1783 4638 Κύριος
1829 4567 2003 4639 ὄνομα

2107 4566 2444 4633 terpretatus
2472 4569 2559 4616 est
2595 4579 2608 4614 :
2645 4561 2839 4632 quinta
2866 4574 2999 4615 vero
3031 4560 3225 4626 editio,
3261 4579 3281 4613 ι
3311 4559 3371 4615 1η
3404 4562 3460 4615 ia
3491 4576 3696 4619 nomen

415 4655 627 4728 αὐτῷ.»
654 4656 908 4730 Κέκληκε
958 4657 1017 4712 δὲ
1052 4657 1146 4739 τὸν
1196 4658 1402 4737 Κύριον
1450 4658 1682 4714 ἐνταῦθα
1710 4660 2002 4733 καινοτέρα

417 4752 568 4821 φωνῇ
627 4749 770 4805 κατὰ
835 4752 937 4825 τὴν
990 4750 1286 4826 Ἐϐραῖκὴν
1341 4750 1508 4825 λέξιν·
1560 4754 1623 4808 ἴα
1674 4753 1785 4826 γάρ
1840 4754 2002 4809 αὑτὸν

413 4843 718 4915 ὠνόμασεν·
748 4845 870 4899 ὅθεν
890 4847 920 4900 ὁ
946 4843 1265 4916 Σύμμαχος,
1319 4846 1466 4917 ιιΔιά
1496 4844 1591 4901 τοῦ
1629 4847 1690 4901 ἴα
1735 4849 1768 4918 ἡ
1805 4846 2004 4918 ὀνομα-

416 4935 507 4988 σία
536 4934 754 5001 aii-:05,»
786 4936 1152 5011 ἡρμήνευσεν·
1183 4938 1218 5010 ἡ
1240 4934 1297 4990 δὲ
1328 4936 1559 5011 πέμπτη
1587 4938 1820 5003 ἕκδοσις,
1853 4958 1871 4990 ι
1913 4939 2004 4991 Ἐν

412 5028 491 5102 τῷ
517 5030 579 5082 τα
604 5029 666 5083 τὸ
716 5029 888 5100 ὄνομα
945 5029 1165 5084 αὐτοῦ.»
1201 5029 1452 5101 ᾘνίξατο
1490 5029 1550 5085 δὲ
1589 5029 1653 5084 τὸ
1702 5030 1875 5102 ὄνομα
1903 5030 1999 5084 τοῦ

412 5121 667 5195 Σωτῆρος
704 5120 878 5192 Ἰησοῦ
917 5121 1005 5175 διὰ
1032 5123 1132 5193 τῆς
1167 5121 1393 5195 πρώτης
1425 5120 1718 5196 συλλαϐῆς.
1742 5124 1854 5178 Καὶ
1880 5123 2004 5177 τοῦ-

410 5207 503 5267 τον
533 5212 872 5287 τὸν-Κύριον,
908 5207 970 5267 οὗ
998 5214 1059 5267 τὸ
1086 5214 1258 5286 δνομά
1278 5230 1442 5285 φησιν
1470 5209 1612 5269 εἶναι
1642 5213 1732 5268 διὰ
1765 5212 1863 5269 τοῦ
1918 5216 2000 5279 ἴα,

412 5303 447 5374 ἦ
499 5305 559 5356 ἐν
602 5302 681 5376 τῷ
735 5305 816 5369 ἴα,
866 5304 1254 5377 ἐπιϐεϐηκέναι
1311 5306 1405 5360 ἐπὶ
1457 5303 1679 5376 δυσμῶν
1737 5304 1998 5361 διδάσκει·

416 5397 672 5467 σημαίνει
705 5396 761 5450 δὲ
810 5397 910 5470 τὴν
940 5401 1022 5462 είς
1046 5397 1368 5472 ἀνθρώπους
1420 5398 1586 5453 αὐτοῦ
1645 5397 1880 5469 πάροδον
1908 5402 2002 5455 καὶ

412 5487 511 5562 τὴν
530 5490 795 5562 ἕνσαρκον
822 5490 1139 5561 ἐπιδημίαν.
1171 5491 1245 5544 Ού
1298 5490 1409 5564 γάρ
1441 5490 1534 5546 τὸν
1569 5493 1627 5546 ἐν
1655 5495 1835 5566 μορφῇ
1866 5492 2000 5547 Θεοῦ

414 5582 547 5637 Θεὸν
562 5584 735 5653 Λόγον
764 5584 972 5655 γυμνὸν
993 5583 1266 5650 ἐπιδείξας
1294 5584 1490 5653 φώτων
1509 5583 1666 5656 δίκην
1692 5585 2001 5658 ὲξήστραψε

416 5674 505 5731 τὸν
526 5678 632 5733 τῶν
661 5677 964 5751 ἀνθρώπων
998 5678 1132 5750 βίον,
1166 5680 1381 5752 μορφὴν
1401 5678 1459 5733 δὲ
1485 5678 1673 5735 δούλου
1700 5680 1878 5737 λαϐὼν
1907 5683 2003 5736 καὶ

438 5804 630 5895 λ’ῐειι.
663 5854 751 5902 χι,
792 5836 907 5895 5-5.
990 5840 1030 5872 ‘°
1059 5838 1261 5910 Ephes.
1297 5856 1367 5905 vn,
1403 5837 1490 5895 lii.

2107 4654 2252 4725 ejus.
2293 4672 2313 4706 ι
2354 4651 2459 4709 Per
2478 4654 2716 4724 primam
2752 4660 2935 4709 autem
2962 4653 3227 4724 syllabam
3250 4668 3454 4708 nomen
3487 4652 3693 4708 Serva-

2108 4748 2243 4803 toris
2271 4745 2401 4803 Jesu
2441 4747 2835 4802 subindicavit.
2880 4746 2949 4801 Et
2982 4746 3073 4800 hic
3104 4754 3189 4802 est
3214 4745 3481 4801 Dominus
3534 4747 3696 4816 cujus

2105 4828 2307 4895 nomen
2334 4855 2431 4911 per
2463 4840 2540 4905 ia,
2592 4840 2677 4895 vel
2719 4840 2777 4894 in
2806 4839 2863 4893 ia
2892 4838 3027 4893 dicit
3057 4854 3184 4894 esse
3234 4857 3246 4892 :
3289 4847 3345 4894 et
3377 4838 3697 4895 ascendisse

2104 4934 2228 4986 eum
2256 4930 2330 4985 ad
2362 4944 2627 4986 occasum
2659 4927 2845 4993 docet,
2876 4927 3261 5001 signiﬁcatque
3280 4930 3401 4998 ejus
3438 4930 3493 4984 in
3527 4945 3695 4985 carne

2104 5023 2402 5078 transitum
2433 5022 2503 5077 ad
2539 5022 2811 5078 homines.
2850 5022 3038 5093 Neque
3082 5025 3231 5078 enim
3294 5037 3442 5087 eum,
3494 5022 3589 5093 qui
3636 5024 3695 5077 in

2105 5115 2282 5169 forma
2314 5113 2413 5168 Dei
2436 5120 2579 5178 erat,
2612 5112 2784 5168 Deum
2818 5112 3054 5169 Verbum
3083 5112 3295 5168 nudum
3326 5113 3596 5168 exhibens
3617 5113 3696 5167 lu-

2105 5207 2187 5262 cis
2220 5205 2420 5272 instar,
2448 5206 2754 5261 humanum
2793 5219 2968 5277 genus
3020 5204 3351 5269 illustravit;
3388 5203 3482 5260 sed
3513 5202 3693 5261 forma

2106 5299 2252 5354 servi
2281 5307 2533 5368 accepta,
2569 5297 2854 5367 radiisque
2881 5297 3106 5352 deitatis
3132 5312 3248 5352 sua:
3277 5297 3599 5360 contractis,
3635 5305 3691 5351 et

2105 5390 2159 5443 in
2181 5405 2416 5460 corpore
2438 5388 2599 5460 quasi
2623 5387 2937 5451 demersus,
2969 5404 3095 5444 cum
3128 5388 3198 5443 ad
3224 5403 3484 5445 occasum
3516 5402 3692 5457 usque

2106 5483 2355 5540 mortalis
2387 5483 2514 5539 vitae
2553 5483 2868 5540 devenisset
2895 5488 3080 5553 (quam
3118 5483 3286 5537 vitam
3307 5476 3526 5538 divinus
3542 5482 3694 5552 Apo-

2106 5586 2283 5640 stolus
2304 5585 2565 5641 tenebras
2589 5592 2769 5650 vocat,
2796 5584 2988 5641 dicens
3042 5602 3055 5638 :
3125 5601 3147 5635 ι
3188 5583 3468 5641 Adversus
3502 5583 3692 5649 mundi

2105 5689 2351 5739 rectores
2378 5679 2731 5736 tenebrarum
2765 5679 3027 5734 harum”
3062 5677 3107 5751 ι)
3132 5696 3147 5747 ;
3175 5679 3291 5736 sive
3349 5681 3515 5736 etiam
3565 5693 3693 5735 cum
