4090 6392
373 374 479 430 6ὒῖ

1048 376 1320 435 EUSEBII
1370 377 1850 435 CESABIENSIS
1888 379 2038 437 OPP.
2075 380 2258 437 PARS
2296 381 2382 438 ill.
2424 415 2493 425 ——
2533 384 2945 444 EXEGETICA.

3542 390 3648 450 688

378 497 555 563 ipsam
608 501 844 549 mortem
870 493 1153 561 subiisset,
1199 496 1519 553 ascendisse
1547 498 1753 553 dicitur
1787 513 1954 569 super

2067 500 2154 566 τὰς
2178 503 2401 567 ἀκτῖνας
2422 505 2521 577 τῆς
2536 505 2729 560 ἑαυτοῦ
2754 505 3007 578 θεότητος
3028 504 3332 572 συστείλας,
3357 506 3447 561 καὶ
3457 507 3648 582 ῶσπερ

377 613 658 654 occasum.
685 597 823 653 Huic
860 600 1028 671 igitur
1057 601 1311 667 Domino,
1360 604 1453 674 qui
1508 604 1757 660 ascendit
1792 620 1959 675 super

370 705 651 757 occasum,
683 692 843 761 cujus
876 707 1077 748 nomen
1107 692 1239 749 Jesu
1260 709 1358 764 per
1387 696 1443 749 ia
1467 694 1830 767 significatur,
1856 697 1959 751 iter

374 781 556 838 facite.
588 781 715 839 Haec
740 800 907 855 porro
928 785 1231 855 apostolico
1264 786 1439 842 choro
1470 788 1694 857 spiritus
1723 787 1959 859 prophe-

372 877 518 932 ticus
572 879 842 950 pracipit,
886 889 940 934 et
976 880 1108 935 illud
1158 896 1283 936 cum
1321 880 1607 937 alacritate
1640 889 1695 938 et
1757 882 1957 937 fiducia

373 984 571 1042 magna
623 972 802 1042 ipsum
859 988 1121 1043 peragere
1145 973 1324 1044 jubet.
1359 974 1727 1040 Quamobrem
1759 973 1959 1031 deinde

375 1061 579 1119 infert:
617 1082 636 1115 ι
672 1063 738 1119 Et
760 1065 1031 1121 exsultate
1055 1066 1112 1121 in
1137 1073 1441 1136 conspectu
1467 1066 1619 1136 ejus;
1655 1085 1674 1119 ι
1718 1066 1835 1122 sive
1864 1083 1959 1123 εει

375 1154 616 1211 cundum
669 1155 1084 1228 Symmachum,
1145 1176 1164 1209 ι
1208 1156 1276 1211 Ει
1330 1158 1639 1228 gloriamini
1690 1158 1748 1212 in
1819 1156 1959 1214 facie

375 1249 516 1318 ejus.
583 1268 601 1302 ι
650 1248 828 1304 Aliam
874 1266 1093 1322 quoque
1145 1250 1395 1322 praedicti
1449 1250 1667 1306 Domini
1707 1250 1959 1306 notitiam

375 1339 580 1409 prabet
600 1338 793 1396 dicens
819 1359 833 1397 :
871 1359 890 1393 ι
921 1340 1103 1397 Patris
1127 1342 1505 1412 orphanorum
1543 1349 1598 1398 et
1639 1342 1847 1412 judicis
1879 1341 1960 1395 vi-

370 1431 631 1486 duarum.
670 1451 689 1484 ι
726 1430 843 1489 Nisi
875 1434 1020 1488 enim
1052 1440 1211 1504 pater
1262 1435 1638 1505 orphanorum
1678 1442 1734 1489 et
1762 1432 1960 1489 vindex

366 1524 650 1595 judexque
672 1527 961 1583 viduarum
1001 1527 1141 1583 eﬂici
1169 1528 1432 1600 dignatus
1459 1526 1630 1596 esset,
1673 1527 1824 1585 nulla
1854 1526 1959 1596 ipsi

371 1617 515 1672 ratio
545 1617 742 1674 fuisset
773 1635 899 1675 cum
931 1620 1233 1676 humilibus
1262 1627 1442 1675 terrae.
1474 1619 1544 1674 At
1573 1620 1702 1691 quia
1733 1634 1833 1690 per
1851 1619 1958 1672 hu-

371 1709 656 1767 manitatis
696 1726 987 1767 excessum
1023 1712 1284 1783 dignatus
1317 1718 1403 1767 est
1434 1711 1736 1768 ascendere
1792 1712 1958 1781 super

371 1816 652 1869 occasum,
688 1811 744 1859 et
787 1805 843 1860 in
878 1805 1122 1861 tenebris
1160 1804 1535 1875 orphanorum
1568 1813 1725 1876 pater
1747 1803 1956 1868 vocari,

2061 608 2295 672 καταδὺς
2322 610 2381 662 ἐν
2413 608 2490 680 τῷ
2512 608 2746 681 σώματι,
2781 610 2875 664 ἐπὶ
2905 610 3125 682 δυσμῶν
3148 628 3207 663 τε
3232 611 3523 682 γενόμενος
3553 610 3646 665 τοῦ

2060 697 2254 768 θνητοῦ
2285 698 2422 770 βίου,
2448 699 2546 770 (ὃν
2564 701 2594 752 6
2622 698 2764 762 θεῖος
2799 700 3116 764 Ἀπόστολος
3146 701 3335 762 σκότος
3364 699 3649 773 ὠνόμασεν

2061 789 2252 844 εἰπών’
2298 811 2315 841 ι
2341 791 2486 863 Πρὸς
2507 794 2633 855 τοὺς
2660 793 3112 865 κοσμοκράτορας
3145 791 3239 845 τοῦ
3262 793 3486 856 σκότους
3516 792 3650 846 τού-

2058 883 2198 955 του·)
2235 903 2254 935 ι
2277 883 2312 955 ἢ
2336 886 2394 937 ἐν
2425 884 2575 955 αύτῷ
2595 883 2832 949 καταδὺς
2857 884 2936 956 τῷ
2981 883 3215 955 θανάτῳ,
3249 883 3498 939 λέλεκται
3530 886 3651 938 ἐπι-

2060 976 2357 1048 ϐεϐηκέναι
2380 978 2473 1030 ἐπὶ
2497 977 2737 1050 δυσμῶν.
2767 977 2956 1049 Τούτῳ
2982 974 3103 1042 οὖν,
3157 978 3313 1049 φησὶ.
3341 977 3421 1048 τῷ
3464 978 3650 1031 ἐπιϐε-

2060 1071 2252 1140 6ηκότι
2291 1072 2384 1125 ἐπὶ
2428 1071 2651 1142 δυσμῶν
2694 1071 2907 1143 Κυρίῳ,
2939 1066 3001 1126 οῦ
3039 1072 3099 1125 τδ
3143 1070 3317 1141 Ἰησοῦ
3346 1071 3520 1142 ὄνομα
3561 1070 3653 1124 διὰ

2063 1161 2154 1215 τοῦ
2223 1163 2284 1215 τα
2340 1163 2688 1234 σημαίνεται,
2747 1163 3123 1234 ὀδοποιήσατε.
3181 1162 3519 1235 Προστάττει
3590 1162 3650 1215 δὲ

2058 1254 2235 1309 ταῦτα
2288 1250 2348 1309 τὸ
2386 1255 2609 1327 Πνεῦμα
2668 1255 2729 1309 τὸ
2793 1256 3131 1328 προφητικὸν
3177 1255 3255 1327 τῷ
3305 1254 3679 1327 ἀποπολικῷ“

2059 1348 2225 1419 χορῷ,
2262 1347 2356 1401 καὶ
2386 1347 2546 1401 τοῦτο
2575 1348 2834 1420 πράττειν
2885 1348 2983 1403 σὺν
3015 1346 3183 1418 πολλῇ
3238 1346 3519 1419 προθυμίᾳ
3554 1347 3653 1401 καὶ

2060 1440 2344 1513 παρρησία
2369 1439 2766 1494 ἐπικελεύεται.
2814 1439 2907 1493 Διὸ
2958 1438 3201 1507 ἐπιλέγει
3248 1438 3395 1509 ἑξῆς*
3470 1457 3488 1489 ι
3540 1439 3655 1493 Kal

2060 1531 2392 1601 ἀγαλλιᾶσθε
2424 1530 2653 1588 ἐνώπιον
2710 1531 2931 1586 αὐτοῦ’»
2967 1530 3001 1602 ἢ
3033 1529 3174 1584 κατὰ
3198 1530 3291 1584 τὸν
3330 1529 3650 1602 Σύμμαχον,

2066 1646 2084 1679 ι
2108 1626 2219 1680 Kal
2247 1625 2548 1699 γαυριᾶσθε
2573 1627 2655 1690 εἰς
2688 1625 2980 1697 πρόσωπον
3006 1623 3230 1677 αὐτοῦ.»
3268 1623 3379 1676 Kal
3434 1622 3564 1677 ἄλλο
3591 1622 3651 1676 δὲ
3676 1634 3679 1635 ⁷

2059 1717 2343 1790 γνώρισμα
2373 1718 2556 1772 δίδωσι
2586 1716 2677 1771 τοῦ
2710 1715 3146 1789 προδηλωθέντος
3194 1716 3422 1787 Κυρίου,
3455 1716 3652 1785 λέγων’

2067 1830 2086 1863 ι
2124 1811 2231 1865 Τοῦ
2264 1811 2472 1883 πατρὸς
2498 1810 2605 1864 τῶν
2636 1809 2888 1881 ὀρφανῶν
2917 1809 3021 1863 καὶ
3047 1807 3239 1882 κριτοῦ
3269 1806 3375 1861 τῶν
3404 1807 3645 1881 χηρῶν.»

369 1904 425 1951 et
453 1897 744 1953 viduarum
782 1899 1096 1970 patrocinio
1143 1900 1477 1964 carentium,
1537 1899 1959 1967 animarumque

2067 1903 2124 1954 El
2160 1904 2235 1975 μὴ
2277 1880 2390 1976 γὰρ
2418 1901 2895 1976 ὀρφανῶνὴξίωσε
2928 1880 3179 1970 γενέσθαι
3225 1900 3429 1973 πατὴρ,
3465 1880 3654 1971 χηρῶν

370 1988 653 2055 orbarum,
692 1989 863 2060 judex
906 1997 962 2047 et
997 1991 1146 2045 ultor
1189 1989 1367 2058 efﬁci;
1402 1989 1529 2060 jure
1568 1990 1637 2047 a’d
1680 1990 1958 2060 orphanos

371 2080 618 2138 caelestis
644 2080 826 2138 Patris
862 2083 1108 2154 ignaros.
1132 2095 1186 2141 et
1207 2087 1274 2141 ad
1291 2086 1489 2141 viduas
1511 2084 1728 2139 animas
1753 2098 1963 2154 sponso

369 2173 533 2229 orbas
562 2174 709 2230 viam
740 2176 997 2245 apparari
1022 2177 1198 2246 jubet.
1224 2177 1377 2232 Alias
1401 2192 1621 2248 quoque
1654 2174 1961 2233 Providen-

373 2266 463 2322 tiae
519 2267 788 2322 rationem
837 2268 955 2322 haec
1017 2269 1293 2325 sententia
1327 2267 1713 2333 declaraverit,
1754 2268 1961 2324 docens

374 2356 569 2413 viduas
588 2366 644 2413 et
672 2357 973 2429 orphanos,
992 2358 1159 2415 orbos
1196 2366 1249 2416 et
1287 2360 1596 2430 patrocinio
1621 2370 1877 2416 carentes
1903 2360 1959 2414 in

374 2449 583 2504 mundo
622 2450 859 2520 relinqui
892 2466 1002 2505 non
1049 2452 1170 2507 sine
1216 2451 1425 2507 ratione
1458 2459 1513 2507 et
1540 2452 1808 2522 sapientia
1838 2451 1960 2519 Dei;

373 2540 472 2598 sed
520 2541 589 2597 ad
640 2542 763 2613 ejus
810 2542 1065 2614 gloriam,
1099 2543 1329 2615 ejusque
1359 2544 1562 2599 divinae
1596 2543 1962 2616 providentia:

372 2644 777 2709 argumentum.
803 2635 958 2708 Saepe
992 2637 1177 2708 itaque
1208 2637 1443 2707 orphani
1471 2637 1797 2708 parentibus
1813 2638 1957 2703 orbi,

373 2730 692 2785 accuratius
719 2729 898 2785 edocti
924 2736 978 2786 et
1014 2729 1215 2785 litteris
1246 2730 1486 2785 instituti
1518 2730 1693 2796 fuere,
1723 2745 1889 2802 quam
1921 2731 1961 2785 ii

371 2820 465 2891 qui
497 2834 529 2875 a
562 2821 884 2893 parentibus
925 2821 1144 2877 educati
1174 2829 1337 2891 sunt;
1387 2822 1632 2893 itemque
1687 2823 1962 2878 diuturna:

371 2913 499 2968 vitae
524 2921 579 2968 et
609 2913 807 2969 annosi
838 2915 1171 2970 exstiterunt
1205 2933 1218 2969 :
1256 2930 1434 2985 neque
1474 2914 1655 2970 solum
1688 2915 1757 2971 iis
1785 2916 1962 2971 victui

373 3006 688 3064 necessaria
717 3004 974 3074 adfuere;
999 3006 1109 3061 imo
1130 3007 1296 3063 etiam
1332 3006 1583 3077 prmclari
1617 3016 1671 3062 et
1717 3008 1963 3065 illustres

371 3113 599 3154 evasere
626 3097 751 3152 viri.
784 3095 1024 3168 Parique
1055 3100 1222 3154 modo
1264 3100 1526 3155 mulieres
1578 3098 1636 3153 in
1670 3099 1960 3155 viduitatis

2059 2013 2119 2048 τε
2141 1994 2355 2059 ἔκδικος
2383 1996 2477 2048 καὶ
2526 1995 2745 2068 κριτὴς,
2795 1992 2971 2056 οὐδεὶς
3016 1987 3085 2064 ἦν
3121 1989 3271 2062 αὐτῷ
3313 1989 3471 2060 λόγος
3515 1989 3655 2063 πρὸς

2059 2088 2186 2151 τοὺς
2211 2086 2303 2139 ἐπὶ
2346 2087 2450 2158 γῆς
2500 2085 2812 2149 ταπεινούς.
2876 2085 3032 2139 Ἐπεὶ
3084 2083 3141 2137 δὲ
3190 2083 3313 2137 καθ’
3347 2081 3658 2155 ὑπερϐολὴν

2061 2178 2471 2250 φιλανθρωπίας
2497 2178 2836 2250 κατηξίωσεν
2861 2177 3121 2248 ἐπιϐῆναι
3160 2176 3254 2229 ἐπὶ
3284 2173 3526 2245 δυσμῶν,
3558 2177 3657 2228 καὶ¹

2060 2271 2169 2325 τῶν
2198 2273 2255 2325 ἐν
2285 2270 2364 2340 τῷ
2385 2271 2561 2343 σκότῳ
2583 2269 2837 2342 ὀρφανῶν
2864 2267 3203 2341 χρηματίσαι
3234 2266 3438 2339 πατὴρ,
3458 2265 3566 2319 τῶν
3595 2282 3656 2320 τε

2060 2366 2165 2420 ἀπε
2172 2364 2441 2435 ριστάτων
2463 2363 2650 2435 χηρῶν
2671 2380 2731 2416 τε
2758 2362 2853 2416 καὶ
2886 2363 3110 2435 ἐρήμων
3142 2359 3331 2432 ψυχῶν
3352 2360 3546 2432 κριτὴς
3563 2360 3660 2414 καὶ

2062 2458 2272 2522 ἔκδικος
2304 2456 2581 2526 γενέσθαιο
2615 2456 2841 2521 εἰκότως
2890 2454 2987 2528 τὴν
3016 2454 3132 2510 ὁδὸν
3164 2454 3529 2527 τὴν,άγουσαν
3566 2455 3661 2507 ἐπὶ

2060 2553 2184 2617 τοὺς
2211 2551 2485 2623 ὀρφανοὺς
2542 2551 2669 2614 τοὺς
2694 2548 2786 2603 τὸν
2818 2548 3144 2620 ἐπουράνιον
3186 2546 3516 2617 ἀγνοοῦντας
3540 2548 3657 2600 Πα-

2060 2645 2216 2716 τέρα,
2249 2644 2342 2698 ἐπί
2391 2660 2452 2696 τε
2500 2642 2599 2707 τας
2647 2643 3017 2714 ἐστερημένας
3050 2640 3146 2695 τοῦ
3192 2640 3430 2712 νυμφίου
3484 2640 3660 2712 χήρας

2060 2739 2240 2811 ψυχὰς
2270 2738 2537 2792 ὁδοποιεῖν
2568 2733 3024 2808 παρακελεύεται.
3076 2732 3188 2786 Kal
3243 2731 3418 2795 ἄλλως
3453 2730 3530 2796 δέ,
3564 2728 3659 2783 τοῦ

2063 2831 2191 2903 περὶ
2215 2829 2483 2902 Προνοίας
2506 2828 2667 2897 λόγου
2700 2822 2896 2897 γένοιτ’
2948 2825 3016 2879 ἂν
3046 2826 3080 2897 ἡ
3127 2823 3336 2879 διάνοια
3373 2836 3662 2897 παραστα-

2060 2922 2212 2995 τικὴ,
2251 2922 2602 2986 διδάσκουσα,
2633 2921 2715 2974 ὅτι
2739 2919 2905 2991 χῆραι
2949 2917 3044 2972 καὶ
3078 2917 3306 2989 ὀρφανοὶ
3336 2915 3534 2989 ἔρημοι
3566 2918 3665 2971 καὶ

2062 3014 2416 3086 ἁπερίστατοι
2440 3011 2865 3067 καταλείπονται
2888 3009 2947 3062 ἐν
2969 3007 3047 3079 τῷ
3073 3005 3176 3079 βίῳ
3203 3008 3305 3061 οὐκ
3349 3007 3479 3062 ἄνευ
3500 3007 3665 3076 λόγου

2063 3108 2158 3160 καὶ
2190 3105 2383 3176 σοφίας
2403 3103 2562 3171 Θεοῦ,
2592 3103 2707 3157 ἀλλ’
2733 3105 2814 3166 είς
2838 3100 2993 3166 δόξαν
3015 3098 3180 3155 αὑτοῦ
3204 3102 3298 3155 καὶ
3327 3103 3409 3165 είς
3438 3101 3666 3167 ἔνδειξιν

372 3191 737 3247 infortunium
772 3192 959 3261 lapsar,
1003 3191 1280 3259 alacriori,
1326 3191 1557 3248 feliciori
1612 3205 1677 3246 ac
1734 3192 1960 3263 religio-

2067 3200 2165 3270 τῆς
2191 3198 2356 3253 αὑτοῦ
2390 3197 2542 3262 Θείας
2568 3196 2896 3268 ἐπισκοπῆς.
2932 3194 3200 3259 Πολλάκις
3218 3194 3348 3264 γοῦν
3376 3196 3428 3249 οἱ
3460 3195 3664 3263 γονέων
3688 3186 3691 3189 ’

376 3284 517 3341 siori
549 3285 660 3338 vita
694 3283 998 3355 perfuncta:
1032 3291 1184 3347 sunt,
1207 3298 1371 3354 quam
1402 3284 1508 3339 illae
1534 3298 1657 3355 quae
1681 3284 1736 3338 in
1770 3285 1965 3354 conju-

372 3375 466 3447 gi'o
486 3377 657 3432 vitam
688 3385 936 3449 egerant.
973 3376 1119 3433 Deus
1154 3378 1357 3448 quippe
1395 3378 1521 3448 plus
1552 3378 1817 3449 orphanis
1842 3393 1968 3448 pro-

376 3466 561 3536 spicit,
606 3482 773 3539 quam
829 3474 1013 3539 patres
1072 3468 1237 3539 filiis;
1270 3476 1326 3524 et
1361 3471 1651 3525 viduarum
1697 3477 1965 3541 patronus

374 3561 684 3632 vindexque
711 3568 815 3617 est.
843 3560 1027 3628 Quare
1054 3561 1261 3617 dictum
1302 3569 1388 3617 est
1417 3581 1432 3618 :
1479 3581 1499 3615 ι
1554 3560 1736 3622 Patris
1763 3565 1966 3635 orpha-

376 3654 576 3705 n'orum
608 3661 664 3706 et
681 3652 885 3721 judicis
904 3652 1217 3709 viduarum.
1250 3671 1272 3705 ι
1298 3651 1408 3709 Pro
1437 3654 1533 3709 illo
1557 3661 1761 3720 autem,
1798 3674 1816 3707 ι
1860 3657 1965 3722 Qui

380 3743 630 3798 ascendit
657 3760 822 3814 super
862 3760 1159 3812 occasum;
1200 3764 1218 3797 ι
1256 3742 1644 3816 Symmachus,
1678 3765 1700 3798 ι
1736 3747 1840 3815 Qui
1874 3764 1967 3803 vc—

385 3834 539 3889 liitur
584 3836 640 3889 in
691 3835 1015 3891 inhabitata.
1084 3856 1103 3890 »
1163 3838 1528 3895 lnhabitatam
1578 3855 1746 3912 porro
1781 3849 1964 3907 vocat,

381 3928 810 4000 alienigenarum
845 3936 900 3987 et
940 3938 1327 3986 extranearum
1371 3932 1619 4002 gentium
1644 3934 1965 4005 regionem;

380 4042 504 4104 quae
541 4034 667 4092 aliis
697 4036 757 4090 in
805 4036 947 4092 locis
982 4036 1264 4093 desertum
1319 4038 1631 4107 nuncupari
1690 4039 1853 4095 solet.
1889 4038 1967 4095 Ac

380 4156 578 4198 rursus
594 4157 695 4213 pro
718 4142 834 4210 illo,
873 4164 892 4195 ι
916 4143 1123 4215 judicis
1150 4142 1444 4199 viduarum
1468 4163 1489 4213 ;
1524 4164 1544 4198 ι
1579 4143 1800 4216 Aquila,
1829 4165 1849 4198 ι
1878 4145 1973 4217 ju-

381 4250 618 4308 dicantis
648 4253 890 4321 viduas;
942 4273 961 4306 ι
1020 4251 1410 4325 Symmachus,
1456 4270 1477 4304 ι
1514 4253 1838 4309 ulciscentis
1885 4254 1971 4309 vi-

382 4357 544 4415 duas.
586 4378 606 4412 ι
640 4359 905 4430 Apposite
959 4360 1253 4415 admodum
1310 4369 1525 4433 patrem
1563 4360 1967 4431 orphanorum,

382 4459 934 4532 viduarumjudicem
954 4471 1134 4517 vocat.
1166 4463 1308 4529 Quia
1344 4464 1490 4519 enim
1523 4478 1635 4519 non
1655 4478 1853 4521 omnes
1885 4464 1974 4518 vi-

384 4567 507 4624 dua:
538 4568 730 4625 eodem
776 4569 904 4624 vitae
954 4570 1209 4627 instituto
1265 4581 1416 4638 sunt,
1477 4569 1792 4641 dijudicans
1844 4571 1968 4642 ipse

2072 3290 2426 3365 ἐστερημένοι
2454 3289 2645 3354 παῖδες
2667 3288 2895 3361 ὀρφανοὶ
2928 3285 3128 3358 μᾶλλον
3158 3287 3269 3341 τῶν
3293 3286 3399 3341 ὑπὸ
3423 3287 3663 3359 πατράσι

2071 3384 2389 3457 τραφέντων
2420 3383 2594 3451 λόγων
2627 3381 2719 3436 καὶ
2754 3380 3002 3443 παιδείας
3051 3378 3332 3451 μετέσχον,
3368 3376 3664 3451 μακρόϐιοι

2071 3493 2131 3530 τε
2165 3478 2258 3531 καὶ
2305 3475 2646 3547 πολυχρόνιοι
2701 3475 2978 3543 γεγόνασι·
3012 3473 3105 3529 καὶ
3148 3471 3211 3525 ού
3245 3471 3403 3542 μόνον
3456 3468 3661 3541 τροφῆς

2073 3569 2416 3640 ηύπόρησαν,
2436 3564 2571 3619 ἀλλὰ
2590 3567 2684 3620 καὶ
2716 3567 2796 3630 εἰς
2826 3566 3130 3637 ἐπισήμους
3156 3562 3355 3636 ἄνδρας
3369 3559 3661 3634 προῆλθον.

2076 3661 2185 3717 Kal
2218 3664 2473 3730 γυναῖκες
2502 3658 2765 3723 ὡσαύτως
2792 3658 2995 3733 χηρίαν
3021 3656 3424 3731 δυστυχήσασαι
3467 3652 3664 3726 μᾶλλον

2074 3757 2182 3809 τῶν
2207 3758 2263 3809 ἐν
2296 3752 2526 3826 συζυγία
2560 3752 2672 3824 βίον
2700 3751 2937 3825 εῦθυμον
2967 3750 3062 3806 καὶ
3085 3751 3292 3808 ἄλυπον
3312 3749 3408 3806 καὶ
3440 3746 3667 3819 θεοσεῦῆ

2076 3848 2370 3920 διεξῆλθοψ
2404 3848 2500 3902 τοῦ
2548 3846 2683 3902 Θεοῦ
2717 3850 2834 3911 τοῖς
2860 3845 2964 3914 μὲν
3007 3845 3267 3918 ὀρφανοῖς
3316 3844 3456 3914 ὑπὲρ
3489 3842 3666 3895 πάντα

2076 3941 2290 4012 πατέρα
2323 3939 2718 4004 καταστάντος,
2749 3939 2871 4003 ταῖς
2918 3935 2977 3989 δέ
3026 3937 3227 4023 χήραις
3279 3931 3668 4000 ἀντιλήπτορος

2077 4048 2173 4102 καὶ
2200 4046 2437 4100 ἐκδίκου.
2461 4044 2553 4100 Διὸ
2579 4045 2812 4119 εἴρηται*
2858 4062 2879 4096 ι
2906 4040 3019 4117 Τοῦ
3054 4039 3262 4112 πατρὸς
3285 4036 3395 4092 τῶν
3415 4033 3668 4107 ὀρφανῶν

2078 4149 2174 4203 καὶ
2204 4148 2391 4219 κριτοῦ
2433 4146 2543 4203 τῶν
2589 4144 2831 4220 χηρῶν.»
2876 4141 3025 4198 ’Δντῑ
3051 4138 3110 4194 δέ
3144 4137 3267 4204 τοῦ,
3308 4156 3328 4189 ι
3367 4136 3457 4208 Τῷ
3483 4135 3670 4190 ἐπιϐε-

2081 4255 2275 4326 ϐηκότι
2309 4254 2403 4309 ἐπὶ
2432 4251 2710 4325 δυσμῶν,ι
2741 4250 2773 4304 6
2792 4249 3107 4321 Σύμμαχος·
3151 4264 3170 4298 ι
3199 4243 3292 4316 Τῷ
3318 4240 3671 4314 ἐποχουμένῳ

2083 4360 2141 4412 ἐν
2172 4359 2240 4430 τῇ
2279 4340 2575 4430 ἀοικήτῳ.»
2614 4353 2901 4425 ’Δοίκητον
2936 4346 2994 4404 δὲ
3027 4348 3186 4403 καλεῖ
3226 4348 3325 4420 τὴν
3369 4345 3477 4400 τῶν
3511 4344 3667 4399 ἁλλο-

2081 4463 2257 4533 γενῶν
2278 4464 2375 4519 καὶ
2403 4460 2721 4533 ἀλλοφύλων
2748 4457 2919 4513 ἐθνῶν
2946 4456 3153 4530 χώραν’
3192 4456 3260 4527 ἢν
3310 4454 3513 4530 ἔρημον
3554 4451 3672 4504 ὀνο·

2088 4573 2283 4646 μάζειν
2310 4572 2370 4626 ἐν
2392 4571 2605 4641 ἑτέροις
2647 4565 2839 4622 εἴωθεν
2880 4567 2909 4618 6
2940 4565 3118 4636 λόγος.
3157 4562 3268 4617 Kal
3315 4559 3478 4614 πάλιν
3525 4557 3667 4620 ἀντὶ,

387 4686 636 4744 quaenam
663 4691 724 4732 se
760 4674 959 4748 dignae,
991 4691 1115 4748 quae
1146 4691 1259 4733 non
1290 4676 1470 4749 digna:
1515 4678 1649 4741 sint,
1688 4676 1857 4747 ju‘dex
1882 4691 1962 4733 ea-

2090 4699 2110 4732 ι
2141 4676 2237 4734 τοῦ
2256 4674 2453 4753 κριτοῦ
2475 4673 2586 4730 τῶν
2605 4672 2846 4746 χηρῶν,›
2877 4673 2906 4726 6
2952 4671 3049 4744 μὲν
3089 4669 3342 4734 Ἀκύλας,
3367 4686 3385 4718 ι
3412 4660 3672 4719 δικαστοῦ

387 4794 511 4835 rum
544 4782 923 4837 constituitur.
954 4780 1143 4854 Neque
1172 4784 1357 4839 tamen
1407 4783 1529 4854 pari
1575 4782 1740 4837 modo
1767 4782 1972 4855 orpha-

386 4901 584 4941 norum
605 4888 773 4958 judex
808 4888 974 4944 fuerit
1007 4908 1021 4944 :
1052 4904 1210 4961 teque
1225 4891 1372 4946 enim
1403 4890 1514 4945 illis
1545 4904 1646 4945 ceu
1671 4897 1829 4961 pater
1844 4905 1976 4962 pro-

390 4996 577 5068 spicit.

2081 4783 2290 4856 χηριῖιν,
2304 4804 2323 4837 ι
2344 4783 2373 4836 6
2402 4780 2460 4835 δὲ
2488 4779 2804 4851 Σύμμαχος,
2824 4797 2844 4830 ι
2874 4777 2970 4831 καὶ
2986 4773 3405 4849 ὑπερδικοῦντος
3426 4768 3633 4843 χηρῶν,
3647 4784 3667 4818 δ

2082 4891 2461 4962 ἡρμήνευσαν.
2499 4888 2714 4959 Σφόδρα
2735 4887 2792 4941 δέ
2837 4883 3083 4959 ἀκριϐῶς
3107 4880 3359 4955 ὀρφανῶν
3388 4878 3487 4952 μὲν
3509 4875 3676 4932 αὐτὸν

2085 4995 2301 5071 πατέρα
2326 4988 2613 5058 ἀποκαλεῖ,
2645 4992 2831 5064 χηρῶν
2876 4990 2933 5044 δὲ
2978 4988 3195 5062 κριτήν.
3239 4984 3394 5039 Ἐπεὶ
3437 4981 3547 5054 γὰρ
3600 4979 3676 5052 μὴ

389 5093 563 5149 πᾶσαι
589 5094 756 5167 χῆραι
782 5093 882 5165 τῆς
908 5094 1033 5167 ίσης
1065 5093 1372 5166 ὑπάρχουσι
1434 5092 1826 5166 προαιρέσεως,
1886 5092 2183 5166 διακρίνων
2250 5089 2346 5153 τὰς
2407 5088 2562 5156 ἀξίας
2597 5087 2761 5142 αὐτοῦ
2832 5087 2926 5140 καὶ
2966 5083 3066 5147 τὰς
3118 5082 3194 5155 μὴ
3234 5077 3512 5141 τοιαύτας,
3556 5092 3695 5153 κρι-Δ

388 5189 490 5262 τὴς
515 5191 695 5246 αὐτῶν
726 5190 1072 5247 καθίσταται.
1101 5193 1178 5245 Ού
1224 5190 1330 5263 μὴν
1368 5192 1463 5245 καὶ
1491 5190 1741 5264 ὀρφανῶν
1776 5190 1979 5261 ὁμοίως
2015 5188 2212 5261 γένοιτ’
2255 5188 2323 5242 ἂν
2346 5187 2538 5261 κριτής
2559 5202 2574 5214 ο
2603 5184 2663 5252 ἐξ
2697 5185 2812 5238 ἴσου
2846 5182 2956 5253 γὰρ
2980 5179 3185 5234 τούτων
3253 5172 3461 5247 πατρὸς
3520 5168 3678 5239 δίκην

392 5287 629 5356 προνοεῖ.

468 5409 633 5466 Vens.
668 5410 720 5465 7.
761 5428 781 5462 ι
818 5407 965 5466 Deus
1009 5411 1064 5465 in
1099 5411 1220 5467 loco
1255 5419 1449 5467 sancto
1476 5428 1600 5478 suo,
1645 5411 1791 5470 Deus
1820 5413 1962 5468 inha-

2168 5436 2187 5468 ι
2225 5415 2284 5466 Ὁ
2313 5412 2446 5475 Θεὸς
2479 5412 2537 5463 ἐν
2576 5408 2727 5476 τόπῳ
2763 5405 2904 5476 ἁγίῳ
2936 5402 3122 5468 αὐτοῦ,
3157 5403 3186 5455 6
3210 5399 3343 5463 Θεὸς
3377 5391 3680 5455 κατοικίζει

402 5501 580 5555 bitare
598 5500 731 5556 facit
765 5506 931 5557 unius
951 5503 1124 5558 moris
1155 5504 1211 5558 in
1240 5504 1428 5561 domo.
1467 5524 1486 5557 ι
1520 5503 1661 5571 Quia
1714 5520 1959 5561 memora

2095 5506 2461 5578 μονοτρόπους
2488 5504 2547 5555 ἐν
2605 5500 2793 5571 οἴκῳ.»
2840 5497 3059 5568 Ἐπειδὴ
3116 5494 3207 5548 τὸν
3267 5487 3682 5578 προδηλωθέντα

398 5601 515 5647 tum
552 5592 843 5648 Dominum
877 5595 1037 5665 quasi
1085 5595 1399 5664 deprimens
1426 5597 1688 5652 humilem
1716 5598 1771 5652 in
1805 5599 1962 5653 locun

2091 5576 2296 5670 Κύριον
2327 5597 2477 5650 κάτω
2500 5610 2601 5647 που
2634 5588 2725 5647 ἐπὶ
2772 5591 2833 5645 τὸ
2876 5589 3131 5645 ταπεινὸν
3182 5587 3498 5675 κατήγαγεν
3524 5581 3554 5632 ὁ

400 5684 725 5748 deduxerat,
765 5686 958 5741 dlcens
976 5687 1297 5742 ascendisse
1320 5704 1489 5758 super
1519 5704 1802 5753 occasum,
1835 5705 1962 5746 esse

2090 5668 2207 5757 γοςν,
2238 5683 2623 5755 ἐπιϐεϐηκέναι
2652 5682 2745 5734 ἐπὶ
2770 5679 2990 5751 δυσμῶν
3025 5680 3205 5748 φήσας
3224 5672 3409 5732 αὐτὸν,
3430 5668 3686 5738 ὀρφανῶν

402 5788 509 5843 que
544 5782 756 5844 patrem
790 5778 1162 5845 orphanorum
1185 5787 1240 5832 et
1263 5778 1506 5846 judicem
1537 5781 1865 5849 viduarum;
1892 5796 1961 5836 ne

2092 5796 2152 5832 τε
2174 5774 2314 5831 εἶναι
2346 5775 2561 5845 πατέρα
2584 5773 2679 5828 καὶ
2705 5771 2889 5845 χηρῶν
2915 5770 3129 5842 κριτὴν,
3160 5760 3476 5833 ἀναγκαίως
3522 5758 3685 5808 ἐπαν-

405 5869 648 5925 cessario
696 5870 762 5924 ad
792 5870 914 5938 ejus
961 5869 1220 5924 deitatem
1271 5868 1677 5940 prmdicandam
1732 5874 1962 5928 vertitur

2095 5870 2315 5941 ἔρχεται
2349 5867 2443 5919 ἐπὶ
2492 5866 2591 5935 τὴν
2656 5866 2786 5933 περὶ
2827 5862 2990 5917 αὐτοῦ
3048 5858 3350 5927 θεολογίαν,
3392 5851 3686 5927 διδάσκων,
