4090 6378
400 360 521 413 ’ϐὃίν

1552 349 2063 407 COMMENTARIA
2104 348 2168 403 IN
2210 345 2552 404 PSALMOS.

3560 418 3569 436 θ
3591 348 3700 404 eoo

414 481 498 536 δτι
523 469 642 540 ταις
679 476 776 549 μὲν
803 471 1216 547 προλεχθείσαις
1248 470 1483 541 δυσμαῖς
1511 468 1601 522 διά
1628 485 1782 532 τινας
1801 469 2006 522 οἰκονο-

2119 467 2314 520 docens
2334 480 2460 519 eum
2479 463 2548 518 ad
2577 463 2896 534 pmdictum
2924 478 3183 519 occasum
3213 479 3310 534 per
3334 460 3700 521 oeconomiam

420 573 550 644 μίας
576 569 707 641 πρὸς
745 567 948 639 βραχὺν
981 563 1250 617 ἐπιϐαίνει
1281 561 1493 632 χρόνον·
1525 562 1586 614 τό
1619 578 1683 629 γε
1726 562 1831 632 μὴν
1858 561 2013 631 οἰκη-

415 665 606 734 τήριον
643 656 808 712 αὑτοῦ
839 661 932 710 καὶ
971 655 1314 727 ήπρέτεουσα
1365 652 1515 722 αὐτῷ
1542 651 1792 724 διατριϐὴ
1821 652 1922 706 οὐκ
1953 653 2010 704 ἐν

416 753 648 822 δυσμαῖς
703 751 875 812 ἐστιν,
935 768 953 799 ι
983 747 1096 802 ἀλλ’
1124 748 1182 799 ἐν
1244 746 1395 817 τόπῳ
1419 746 1581 816 ἁγίῳ·
1620 765 1638 794 ι
1687 745 1720 816 ἢ
1748 745 1892 798 κατὰ
1917 745 2008 798 τὸν

431 839 682 903 Ἀκύλαν,
717 856 734 888 ε
755 839 812 890 ἐν
847 836 1150 908 οἰκητηρίῳ
1188 835 1508 906 ήγιασμένῳ
1545 835 1766 888 αὐτοῦ’»
1798 837 1832 907 ἢ
1870 834 2013 890 κατὰ

415 931 507 983 τὸν
540 929 859 1000 Σύμμαχον,
919 949 938 980 ‹
974 931 1031 982 ἐν
1079 929 1372 1000 βασιλείοις
1399 928 1578 997 ἁγίοις
1598 928 1816 983 αὐτοῦ.»
1855 929 2012 981 Ἔστι

420 1024 519 1094 μὲν
547 1023 656 1093 γὰρ
686 1022 834 1093 αὐτῷ
871 1023 1034 1086 τόπος
1055 1024 1361 1094 ἐμπρέπων
1401 1022 1498 1076 καλ⁵
1530 1023 1787 1094 ἁρμόζων
1814 1024 1881 1095 τῇ
1912 1022 2012 1074 αὐ-

414 1114 508 1166 τοῦ
541 1114 773 1185 θεότητι·
791 1115 943 1184 ὅμως
967 1115 1011 1168 δ’
1030 1108 1142 1179 οὖν,
1162 1114 1544 1186 φιλάνθρωπος
1565 1114 1662 1177 ὢν,
1697 1113 1791 1167 τοῦ
1811 1113 2010 1167 οἰκείου

419 1206 683 1278 μεγέθους
736 1207 1187 1272 ὑποκαταϐαίνει,
1244 1206 1671 1276 συγκαταϐαίνει
1706 1223 1765 1259 τε
1809 1207 1923 1270 τοῖς
1957 1207 2013 1258 ἐν

413 1297 648 1368 δυσμαῖς
671 1297 913 1352 οἰκοῦσιν
940 1301 1195 1370 ὀρφανοῖς
1247 1299 1344 1353 καὶ
1395 1300 1614 1371 χήραις.
1659 1297 1750 1351 Διὸ
1780 1299 1875 1351 καὶ
1927 1297 2017 1350 ἀλ-

414 1389 581 1459 λαχοῦ
625 1390 860 1461 εἷρηται’
923 1408 944 1442 ι
992 1392 1113 1445 ’Ότι
1168 1391 1277 1444 ἰδοὺ
1338 1391 1542 1461 Κύριος
1593 1390 1799 1460 Κύριος
1851 1389 2016 1442 ἐκπο-

419 1479 637 1550 ρεύεται
668 1481 761 1533 καὶ
786 1479 1159 1551 καταϐήσεται
1189 1483 1253 1533 ἐκ
1279 1479 1374 1532 τοῦ
1397 1481 1564 1534 τόπου
1595 1477 1785 1534 αὑτοῦ.
1811 1497 1829 1530 ι
1867 1478 2016 1530 Κατ-

418 1570 514 1625 ιὼν
545 1571 600 1624 δέ
656 1571 868 1626 ἐνθένδε
926 1571 1023 1624 καὶ
1079 1569 1379 1624 ἐπιϐαίνων
1420 1571 1515 1623 ἐπὶ
1563 1568 1794 1641 δυσμὰς,
1847 1568 2011 1620 ὁποῖα

414 1664 805 1736 διαπράττεται
851 1664 1194 1736 θεασώμεθα.
1263 1663 1644 1728 «Κατοικίζει,
1706 1663 1861 1734 φησὶ,
1921 1677 2016 1731 μο-

411 1762 715 1833 νοτρόπους
738 1763 794 1814 ἐν
812 1759 1001 1830 οἴκῳ.»
1037 1759 1194 1812 Κατὰ
1230 1757 1285 1810 δὲ
1330 1757 1421 1811 τὸν
1455 1757 1772 1828 Σύμμαχον,
1806 1773 1826 1806 ι
1851 1753 2016 1807 Δίδω-

2117 559 2186 614 ad
2225 559 2390 613 breve
2435 565 2652 626 tempus
2698 554 3038 610 ascendisse.
3095 552 3444 610 Domicilium
3499 557 3702 628 quippe

2114 652 2237 721 ejus
2266 659 2324 706 et
2350 649 2623 720 condigna
2646 649 2820 718 ipsius
2855 647 3121 702 habitatio
3147 663 3259 702 non
3294 648 3350 702 in
3376 663 3575 704 occasu
3593 659 3699 717 est;

2115 744 2208 800 sed
2255 762 2275 795 ι
2316 743 2372 798 in
2405 743 2524 798 loco
2572 748 2798 807 saneto;
2852 759 2872 794 ι
2934 739 3050 795 sive
3083 740 3387 796 secundum
3422 740 3699 810 Aquilam,

2122 854 2139 886 ‹
2187 833 2590 889 inhabitaculo
2628 830 2973 886 sanctiﬁcata
3002 845 3138 897 suo;
3181 849 3200 882 ι
3247 839 3342 885 aut
3398 834 3699 888 secundum

2118 926 2534 998 Symmachum,
2561 943 2579 974 ι
2607 925 2662 979 ὶη
2695 924 2842 994 regia
2871 930 3062 978 sancta
3097 937 3217 978 sua.
3252 943 3269 975 ι
3306 922 3404 977 Est
3429 925 3700 995 enimipsi

2117 1021 2279 1076 locus.
2302 1018 2636 1083 condeeens,
2675 1025 2728 1072 et
2763 1016 2956 1072 deitati
2989 1015 3111 1086 ejus
3142 1019 3578 1082 consentaneus;
3603 1016 3701 1072 sed

2115 1119 2299 1167 tamen
2335 1111 2616 1166 humanus
2645 1124 2772 1164 eum
2828 1110 2923 1174 sit,
2971 1123 3003 1163 a
3051 1108 3274 1179 propria
3325 1107 3703 1180 magnitudine

2116 1203 2423 1268 descendit,
2455 1201 2833 1273 orphanisque
2865 1211 2922 1258 et
2957 1200 3144 1257 viduis
3183 1202 3239 1255 in
3292 1216 3494 1256 occasu
3547 1200 3704 1256 habi-

2117 1295 2364 1350 tantibus
2414 1309 2537 1350 sese
2601 1300 2948 1364 attemperat.
3008 1292 3191 1360 Quare
3247 1294 3377 1349 alibi
3427 1293 3629 1349 dicitur
3685 1314 3698 1350 :

2124 1406 2143 1439 ι
2179 1385 2321 1453 Quia
2342 1400 2472 1441 ecce
2494 1385 2760 1440 Dominus
2795 1384 3060 1441 Dominus
3095 1385 3376 1456 egreditur
3398 1393 3452 1440 et
3480 1386 3705 1441 descen-

2119 1478 2212 1532 det
2247 1479 2316 1533 de
2340 1478 2465 1532 loco
2501 1492 2624 1534 suo.
2670 1497 2689 1531 ι
2721 1477 2860 1534 Cum
2885 1484 3065 1532 autem
3101 1478 3228 1533 inde
3256 1477 3627 1546 descenderit,
3650 1485 3706 1534 et

2119 1570 2433 1627 ascenderit
2493 1585 2662 1639 super
2705 1585 2989 1634 occasum,
3039 1585 3160 1640 qua:
3191 1578 3470 1640 operetur,
3512 1569 3704 1625 videa-

2122 1679 2267 1718 mus.
2309 1681 2328 1714 ι
2371 1659 2689 1716 Inhabitare
2746 1661 2899 1727 facit,
2947 1661 3148 1732 inquit,
3195 1663 3362 1718 unius
3425 1649 3597 1718 moris
3645 1661 3702 1716 iu

2121 1754 2306 1810 domo.
2349 1772 2368 1805 ι
2401 1751 2721 1808 Secundum
2749 1751 3141 1824 Symmachum
3189 1761 3395 1820 autem,
3434 1773 3453 1806 ι
3491 1754 3592 1809 Dat
3617 1755 3702 1808 ἰηι-

420 1870 507 1906 σιν
534 1855 704 1906 οἰκεῖν
731 1853 985 1923 μοναχοῖς
1015 1850 1246 1904 οἰκίανσι
1313 1848 1407 1902 καὶ
1433 1848 1576 1902 κατὰ
1613 1848 1702 1901 τὸν
1764 1844 2014 1907 Ἀκύλαν,

2121 1844 2474 1900 habitandam
2499 1843 2787 1900 monachis
2813 1844 3067 1912 domum;
3119 1863 3138 1897 ι
3176 1846 3480 1900 secundum
3534 1847 3706 1916 Aqui-

421 1966 442 1995 ι
464 1943 690 2008 Καθίζει
720 1945 1030 2014 μονογενεῖς
1059 1941 1321 1996 οἷκονδε·›
1357 1941 1498 1996 κατὰ
1528 1941 1586 1995 δὲ
1614 1940 1714 2012 τὴν
1748 1939 2008 2010 πέμπτην

416 2038 648 2102 ἔκδοσιν,
722 2059 739 2088 ε
766 2036 1083 2100 Κατοικίζει
1127 2034 1462 2107 μονοζώνους
1521 2037 1579 2088 ἐν
1622 2036 1777 2106 οἴκῳ.
1823 2053 1841 2087 ι
1901 2034 2011 2087 Καὶ

411 2129 560 2183 τοῦτ’
596 2126 664 2201 ἦν
693 2131 753 2183 τὺ
782 2131 999 2202 πρῶτον
1022 2128 1187 2183 αὐτοῦ
1241 2128 1591 2200 κατόρθωμα·
1622 2128 1650 2181 ὃ
1688 2127 1754 2200 δὴ
1788 2129 1883 2181 καὶ
1911 2127 2010 2196 μέ-

415 2239 603 2291 γιστον
634 2222 742 2276 τῶν
769 2221 936 2276 αὑτοῦ
991 2221 1435 2294 κατορθωμάτων
1467 2221 1546 2292 τῷ
1573 2221 1682 2275 τῶν
1707 2218 2010 2294 ἀνθρώπων

411 2311 716 2386 δεδώρηται
756 2313 924 2382 γένει.
987 2313 1060 2366 Τὸ
1112 2311 1245 2381 γοῦν
1303 2311 1520 2384 πρῶτον
1557 2311 1746 2382 τάγμα
1794 2311 1904 2366 τῶν
1953 2313 2010 2364 ἐν

414 2404 640 2477 Χριστῷ
668 2405 1090 2479 προκοπτόντων
1141 2405 1202 2460 τὸ
1264 2405 1376 2459 τῶν
1433 2407 1682 2478 μοναχῶν
1727 2405 2007 2475 τυγχάνει.

413 2497 642 2551 Σπάνιοι
673 2497 732 2550 δέ
772 2499 911 2550 εἰσιν
941 2491 1105 2552 οὗτοι·
1175 2497 1258 2551 διὸ
1307 2497 1450 2552 κατὰ
1506 2499 1597 2552 τὸν
1652 2496 1884 2550 Ἀκύλαν
1918 2514 2014 2567 μο-

411 2591 653 2656 νογενεῖς
715 2588 1114 2659 ὠνομάσθησαν
1140 2588 1567 2659 ἀφωμοιωμένοι
1613 2586 1692 2658 τῷ
1734 2589 2014 2657 μονογενεῖ

417 2678 534 2750 Υίῷ
564 2678 657 2731 τοῦ
691 2678 850 2732 Θεοῦ.
890 2678 1048 2732 Κατὰ
1073 2679 1132 2732 δέ
1159 2679 1286 2742 τοὺς
1328 2678 1730 2748 Ἑϐδομήκοντα
1755 2677 2012 2747 μονότρο-

419 2789 510 2823 ποι
569 2772 951 2841 τυγχάνουσιν,
1003 2771 1119 2824 ἀλλ’
1149 2772 1210 2823 ού
1258 2771 1610 2842 πολύτροποι,
1659 2769 1781 2824 οὐδὲ
1823 2769 2011 2824 ἄλλοτε

413 2862 592 2924 ἄλλως
616 2862 708 2914 τὸν
743 2860 952 2914 ἑαυτῶν
979 2861 1406 2932 μεταϐάλλοντες
1438 2861 1660 2934 τρόπον,
1712 2860 1808 2915 ἕνα
1835 2859 1892 2914 δὲ
1926 2861 2016 2931 μό·

417 2971 509 3007 νον
535 2953 950 3024 κατορθοῦντες,
983 2954 1075 3007 τὸν
1104 2956 1185 3018 εἰς
1217 2954 1384 3026 ἄκρον
1413 2956 1616 3026 ἥκοντα
1642 2957 1863 3027 ἀρετῆς.
1899 2958 2013 3011 Μο-

415 3047 683 3112 νοζώνους
709 3047 767 3099 δέ
804 3047 1000 3111 αὐτοὺς
1024 3049 1056 3118 ή
1089 3048 1315 3118 πέμπτη
1345 3047 1557 3113 ἕκδοσις
1607 3049 1914 3120 ὠνόμασεν,
1937 3052 2012 3113 ώς

417 3136 484 3190 ἂν
517 3138 775 3207 μονήρεις
796 3136 891 3189 καὶ
911 3135 1032 3190 καθ’
1046 3138 1274 3201 ἑαυτοὺς
1302 3138 1734 3217 ἀνεζωσμένους.
1767 3138 2010 3192 Τοιοῦτοι

413 3230 473 3283 δὲ
500 3204 703 3293 πάντες
738 3230 876 3283 εἰσὶν
905 3231 955 3283 οἱ
988 3230 1082 3284 τὸν
1119 3233 1330 3303 μονήρη
1354 3207 1450 3285 καὶ
1492 3204 1658 3300 diva
1688 3230 2008 3303 κατορθοῦν⁶
2041 3204 2084 3261 C

415 3336 508 3383 τες
539 3320 674 3389 βίον,
701 3313 776 3374 ὧν
811 3319 1020 3390 πρῶτοι
1052 3319 1343 3389 γεγόνασιν
1376 3322 1425 3375 οί
1451 3320 1546 3375 τοῦ
1580 3321 1832 3392 Σωτῆρος
1859 3321 2016 3392 ήμῶν

419 3412 682 3484 μαθηταὶ,
709 3408 792 3477 οἷς
855 3414 1061 3486 εἴρητο’
1104 3434 1122 3466 ι
1165 3415 1256 3486 Μὴ
1291 3414 1570 3487 κτήσησθε
1627 3415 1848 3487 χρυσὸν,
1885 3415 2017 3487 μηδὲ

415 3506 656 3576 ἄργυρον
685 3506 767 3569 είς
807 3504 908 3569 τὰς
967 3505 1145 3570 ζώνας
1177 3506 1355 3577 ὑμῶν,
1426 3507 1500 3578 μὴ
1546 3508 1728 3579 πήραν
1763 3509 1843 3570 είς
1875 3507 2014 3572 ὁδὸν,

421 3596 555 3667 μηδὲ
587 3597 932 3668 ὑποδήματα,
959 3598 1095 3668 μηδέ
1131 3599 1381 3669 ῥάϐδον.»
1430 3600 1520 3654 Ἐν
1552 3599 1661 3672 γὰρ
1711 3600 1790 3671 τῷ
1839 3600 2018 3669 λέγειν

421 3687 496 3758 μὴ
520 3687 631 3741 δεῖν
655 3687 960 3758 κτήσασθαι
983 3689 1182 3760 χρυσὸν
1213 3689 1348 3759 μηδέ
1371 3690 1611 3762 ἄργυρον
1628 3692 1707 3753 είς
1722 3689 1822 3753 τὰς
1843 3689 2019 3755 ζώνας

415 3780 830 3850 ἀνεζωσμένους
886 3781 1084 3844 αὐτοὺς
1145 3781 1378 3849 εἰσάγει.
1414 3779 1573 3836 Οὕτω
1629 3782 1686 3835 δὲ
1719 3784 1816 3836 καὶ
1851 3784 2018 3838 πᾶσιν

420 3871 553 3942 ήμῖν
609 3871 638 3923 ὁ
680 3869 1003 3935 Ἀπόστολος
1059 3870 1496 3944 παρακελεύεται
1557 3872 1752 3941 λέγων·
1805 3892 1823 3925 ι
1846 3875 2018 3945 Στῆτε

417 3961 514 4018 οὖν
537 3963 978 4036 περιζωσάμενοι
1009 3965 1109 4037 τὴν
1133 3966 1304 4035 ὀσφὺν
1331 3965 1486 4037 ὑμῶν
1515 3967 1572 4020 ἐν
1607 3966 1887 4038 ἀληθεία.»
1910 3969 2020 4021 Καὶ

417 4059 468 4111 οί
508 4057 570 4110 τὸ
599 4057 794 4130 Πάσχα
823 4058 883 4111 δὲ
912 4057 1186 4122 ἐσθίοντες
1212 4058 1525 4112 ἐκελεύοντο
1551 4057 1649 4122 τὰς
1679 4057 1851 4128 ὀσφῦς
1875 4058 2019 4129 ἔχειν

419 4149 889 4222 περιεζωσμένας.
927 4151 1098 4204 Τοῦτο
1129 4151 1194 4222 δὴ
1226 4147 1321 4206 οὖν
1352 4151 1572 4224 πρῶτον
1620 4152 1879 4224 κατορθοῖ
1907 4156 2020 4216 τοῖς

418 4243 480 4295 ἐν
533 4241 763 4313 δυσμαῖς
813 4242 1054 4297 οἰκοῦσιν
1110 4244 1458 4316 ἐπιδημήσας
1513 4247 1542 4299 ό
1607 4245 2015 4316 θεσπιζόμενος.

434 4335 566 4388 Ἀπὸ
585 4335 695 4407 γὰρ
717 4336 828 4390 τῶν
860 4337 1266 4410 προλεχθέντων
1307 4338 1560 4410 ὀρφανῶν
1583 4340 1678 4392 καὶ
1708 4339 1832 4393 τῶν·
1849 4339 2018 4411 δηλως

420 4424 618 4480 θεισῶν
658 4427 844 4497 χηρῶν
875 4428 1176 4501 ξάφαρίσας,
1241 4429 1521 4502 ἐξαίρετον
1571 4433 1666 4484 καὶ
1689 4429 2018 4501 τιμιώτατον

420 4517 601 4590 ἑαυτῷ
633 4519 820 4590 τάγμα
847 4520 909 4573 τὸ
942 4521 1052 4576 τῶν
1089 4523 1440 4594 μονοτρόπων
1475 4523 1776 4588 κατοικίζει
1815 4525 2015 4588 αὐτοὺς
2045 4562 2094 4620 D

423 4610 482 4662 ἐν
513 4609 668 4680 οἴκῳ,
699 4610 900 4683 δηλαδὴ
921 4613 980 4666 ἐν
1009 4616 1076 4686 τῇ
1113 4615 1413 4688 Ἐκκλησία
1445 4615 1634 4681 αὑτοῦ,
1673 4618 2013 4688 παραμένειν

424 4702 520 4755 καὶ
543 4707 818 4757 κατοικεῖν
877 4707 938 4762 ἐν
993 4707 1132 4778 αὐτῇ
1166 4708 1438 4775 καταξιῶν
1471 4711 1693 4775 αὐτούς.
1745 4711 1904 4765 Μετὰ
1958 4711 2016 4764 δὲ

422 4793 645 4858 τούτους
679 4796 931 4870 δεύτερον
979 4797 1140 4870 ἔργον
1172 4802 1503 4873 ηινωφελές
1533 4805 1628 4858 καὶ
1671 4805 1751 4867 εἰς
1781 4803 2017 4866 πολλοὺς

422 4883 698 4940 διαϐαῖνον
739 4887 1014 4960 κατορθοῖ,
1056 4908 1075 4940 ι
1105 4888 1316 4958 ἐξάγων
1363 4892 1778 4965 απεδημένους
1810 4895 1869 4946 ὲν
1921 4894 2016 4946 ἁν-

421 4974 631 5047 δρείᾳη
671 4980 739 5048 τῇ
763 4977 872 5048 γὰρ
899 4977 1096 5032 ἑαυτοῦ
1123 4979 1348 5052 ἀνδρείᾳ.
1371 4977 1557 5051 ἐξάγει
1599 4988 1728 5047 τοὺς
1751 4984 2016 5056 πρότερον

425 5069 636 5138 σειραῖς
673 5069 959 5141 ἁμαρτιῶν
987 5071 1420 5143 πεπεδημένους.
1487 5074 1635 5129 Ἀντὶ
1659 5075 1718 5130 δὲ
1743 5075 1859 5140 τοῦ,
1897 5094 1916 5128 ι
1956 5079 2016 5132 ἐν

423 5160 668 5232 ἀνδρείᾳ,
692 5164 770 5224 εἰς
795 5162 1113 5228 ἁπόλυσιν,›
1156 5165 1502 5236 ἡρμήνευσεν
1528 5167 1560 5219 ό
1591 5165 1910 5238 Σύμμαχος,
1940 5170 2018 5222 εἰ-

426 5250 562 5307 πών’
603 5271 624 5304 ε
666 5252 880 5322 Ἐξάγει
920 5255 1238 5326 δεδεμένους
1280 5258 1361 5320 εἰς
1423 5257 1739 5311 ἀπόλυσιν.»
1785 5259 2018 5330 Νοήσεις

421 5344 482 5398 δὲ
509 5346 606 5399 καὶ
628 5346 789 5400 τοῦτο
810 5349 874 5401 ἐκ
898 5349 997 5419 τῆς
1024 5348 1291 5419 λεγούσης
1333 5351 1391 5403 ἐν
1448 5351 1647 5422 Ἡσαΐᾳ
1678 5351 2017 5422 προφητείας

424 5439 506 5502 εἰς
527 5438 692 5492 αὐτοῦ
722 5439 1016 5511 πρόσωπον
1066 5441 1162 5494 τοῦ
1201 5441 1430 5514 Κυρίου·
1481 5461 1498 5494 ι
1537 5441 1669 5496 ’ἰδοὺ
1704 5442 1913 5496 δέδωκά
1957 5459 2016 5497 σε

425 5530 508 5594 εἰς
533 5531 800 5605 διαθήκην
823 5533 1034 5601 γένους,
1070 5534 1152 5598 εἰς
1205 5533 1322 5603 φῶς
1356 5533 1546 5599 ἐθνῶν,
1573 5533 1782 5600 ἀνοῖξαι
1814 5536 2015 5605 ὀφθαλ-

427 5622 564 5692 μοὺς
600 5623 838 5693 τυφλῶν,
868 5623 1085 5694 ἐξάγειν
1118 5627 1184 5679 ἐκ
1215 5624 1430 5696 δεσμῶν
1457 5627 1798 5698 δεδεμένους,
1834 5629 1929 5682 καὶ
1958 5627 2017 5694 ἐξ

505 5824 758 5880 “Matth.
811 5843 863 5891 χ,
899 5827 952 5892 9,
991 5826 1075 5880 10.
1165 5826 1534 5900 "Ephesi-1,
1569 5830 1652 5883 Η.

2120 1939 2250 2002 lam,
2312 1954 2331 1988 ι
2371 1934 2572 1992 Sedere
2605 1936 2736 1990 facit
2780 1937 3096 2007 unigenitos
3131 1936 3310 2006 domi;
3349 1958 3370 1991 ι
3401 1939 3704 1995 secundum

2120 2030 2370 2099 quintam
2420 2027 2740 2090 editionem,
2795 2045 2813 2077 ι
2863 2028 3175 2084 lnhabitare
3223 2028 3357 2085 facit
3404 2047 3515 2086 una
3567 2047 3706 2086 zona

2120 2121 2453 2191 praecinctos
2483 2118 2655 2173 domi.
2700 2137 2720 2171 ι
2755 2117 2822 2174 Et
2852 2120 2987 2175 illud
3015 2129 3136 2176 erat
3161 2123 3402 2192 primum
3431 2124 3552 2194 ejus
3577 2140 3711 2194 prae-

2119 2215 2332 2268 clarum
2365 2228 2528 2282 opus,
2559 2211 2709 2283 quod
2747 2213 3048 2267 maximum
3077 2214 3202 2284 ejus
3251 2213 3470 2271 facinus
3516 2223 3604 2272 est
3650 2218 3704 2270 in

2120 2307 2352 2378 gratiam
2412 2306 2639 2361 humani
2697 2307 2919 2378 generis
2960 2305 3192 2363 editum.
3248 2305 3470 2363 Primus
3523 2309 3709 2380 itaque

2119 2401 2256 2453 ordo
2283 2413 2475 2453 eorum
2498 2399 2592 2468 qui
2618 2399 2674 2452 in
2701 2397 2923 2454 Christo
2950 2397 3268 2468 proficiunt,
3298 2405 3384 2453 est
3406 2399 3710 2453 monacho-

2120 2508 2264 2546 num.
2293 2492 2399 2548 Sed
2427 2493 2537 2547 rari
2565 2499 2694 2547 sunt
2722 2493 2840 2562 illi;
2875 2509 3047 2564 quare
3093 2493 3401 2549 secundum
3451 2495 3706 2565 Aquilam

2120 2586 2393 2656 unigeniti
2432 2585 2610 2640 vocati
2643 2593 2791 2650 sunt,
2831 2586 3045 2642 similes
3083 2586 3214 2641 facti
3257 2587 3540 2657 unigenito
3571 2585 3711 2642 Filio

2120 2679 2238 2736 Dei.
2272 2677 2586 2735 Secundum
2615 2677 2759 2732 LXX
2781 2687 2986 2743 autem,
3007 2679 3194 2744 unius,
3218 2695 3328 2733 non
3360 2679 3564 2735 diversi
3592 2695 3712 2736 mo-

2122 2774 2200 2828 ris
2229 2783 2378 2838 sunt,
2407 2788 2588 2843 neque
2615 2772 2850 2828 subinde
2881 2788 3091 2828 morem
3127 2773 3366 2837 variant,
3411 2773 3508 2828 sed
3540 2788 3710 2844 unum

2121 2867 2311 2919 colunt
2342 2865 2438 2935 qui
2467 2864 2536 2918 ad
2568 2865 2792 2920 virtutis
2823 2879 3089 2919 cacumen
3127 2865 3368 2918 advenit.
3393 2861 3545 2933 Ipsos
3579 2879 3710 2918 vero

2121 2959 2287 3012 unius
2313 2973 2468 3013 zonae
2503 2958 2698 3028 quinta
2725 2958 2898 3012 editio
2929 2957 3170 3021 vocavit,
3211 2963 3400 3026 utpote
3442 2956 3536 3027 qui
3571 2957 3710 3011 soli-

2121 3049 2270 3114 tarii,
2307 3056 2361 3104 et
2395 3065 2491 3119 per
2541 3051 2752 3118 seipsos
2805 3048 3086 3119 praecincti
3121 3049 3253 3104 sint.
3314 3046 3475 3102 Tales
3527 3056 3710 3102 autem

2123 3151 2272 3205 sunt,
2295 3147 2568 3211 quotquot
2591 3140 2954 3194 monasticam
2975 3146 3298 3208 castamque
3325 3139 3492 3192 vitam
3516 3147 3708 3210 agunt,

2118 3248 2352 3304 quorum
2408 3232 2572 3303 primi
2625 3233 2779 3289 fuere
2830 3231 3136 3288 Salvatoris
3193 3233 3369 3288 nostri
3429 3231 3708 3302 discipuli,

2119 3327 2322 3398 quibus
2351 3327 2559 3382 dictum
2592 3335 2677 3382 est
2711 3347 2725 3381 :
2767 3347 2786 3378 ‹
2829 3325 3007 3382 Nolite
3057 3325 3346 3397 possidere
3384 3341 3582 3380 aurum
3613 3341 3712 3382 ne-

2118 3436 2226 3490 que
2274 3429 2563 3491 argentum
2622 3419 2676 3473 in
2733 3419 2887 3474 zonis
2931 3420 3154 3482 vestris,
3198 3433 3376 3489 neque
3415 3433 3602 3488 peram
3653 3417 3710 3473 in

2120 3511 2289 3576 viam,
2320 3525 2501 3580 neque
2529 3509 2928 3573 calceamenta,
2961 3524 3140 3578 neque
3173 3508 3384 3579 virgam
3405 3508 3468 3562 “.
3515 3528 3533 3559 ι
3571 3506 3708 3562 Cum

2119 3601 2326 3656 dicitur
2351 3602 2521 3665 enim,
2554 3615 2662 3655 non
2696 3609 2954 3670 oportere
2982 3599 3268 3670 possidere
3309 3613 3504 3652 aurum
3535 3615 3713 3669 neque

2121 3702 2408 3764 argentum
2428 3695 2485 3747 in
2518 3696 2697 3756 zonis,
2737 3694 2890 3763 ipsos
2924 3694 3082 3748 zonis
3109 3692 3440 3762 praecinctos
3478 3691 3709 3749 indicat.

2122 3785 2216 3840 Sic
2247 3792 2429 3840 autem
2466 3785 2726 3840 omnibus
2781 3787 2943 3842 nobis
2990 3786 3290 3855 Apostolus
3336 3786 3590 3856 praecipit
3629 3786 3714 3840 di-

2120 3892 2290 3931 cens:
2332 3894 2350 3927 (
2406 3875 2560 3930 State
2610 3875 2780 3946 igitur
2829 3878 3115 3946 prmeincti
3157 3879 3376 3935 lumbos
3405 3887 3621 3934 vestros
3655 3879 3711 3932 in

2121 3968 2354 4022 veritate
2379 3967 2444 4021 “.
2479 3985 2496 4016 ι
2527 3964 2775 4036 Itemque
2799 3969 2894 4038 qui
2919 3968 3123 4038 pascha
3148 3969 3533 4038 comedebant,
3569 3971 3714 4024 lum-

2123 4058 2222 4112 bos
2256 4058 2587 4129 przecinetos
2621 4057 2825 4112 habere
2850 4057 3208 4127 jubebantur.
3261 4058 3319 4114 Id
3375 4059 3546 4131 igitur
3593 4061 3712 4130 pri-

2123 4163 2272 4201 mum
2289 4162 2429 4217 opus
2446 4146 2827 4200 habitantibus
2853 4148 2906 4200 in
2933 4160 3138 4200 occasu
3170 4146 3476 4202 adventans
3490 4145 3711 4201 exhibet

2122 4244 2172 4299 is
2199 4241 2294 4312 qui
2322 4241 2378 4295 in
2407 4239 2670 4295 vaticinio
2718 4239 2912 4294 fertur.
2959 4238 3095 4293 Nam
3141 4256 3210 4294 ex
3268 4239 3590 4294 memoratis
3619 4255 3711 4294 or-

2123 4336 2323 4408 phanis
2342 4342 2398 4390 et
2432 4335 2611 4389 viduis
2640 4331 2912 4388 adlectum
2945 4333 3051 4388 sibi
3079 4341 3434 4404 praestantem
3466 4332 3618 4386 illum
3656 4339 3712 4388 et

2124 4426 2586 4500 pretiosissimum
2638 4426 2804 4481 unius
2855 4427 3026 4480 moris
3073 4425 3347 4489 ordinem,
3399 4424 3712 4481 inhabitare

2125 4522 2256 4576 facit
2286 4521 2342 4574 in
2367 4519 2553 4583 domo,
2587 4518 2800 4573 scilicet
2829 4519 2886 4572 in
2944 4516 3194 4574 Ecclesia
3230 4533 3352 4580 sua,
3401 4516 3710 4587 dignosque

2119 4631 2215 4671 eos
2247 4613 2442 4668 habuit
2467 4613 2564 4683 qui
2595 4612 2653 4666 in
2675 4626 2740 4667 ea
2766 4619 3052 4666 manerent
3081 4618 3135 4665 et
3170 4608 3503 4664 habitarent.
3546 4605 3708 4662 Post-

2117 4724 2281 4779 quam
2305 4709 2457 4778 ipsos
2482 4707 2705 4777 delegit,
2741 4704 2890 4758 aliud
2939 4719 3080 4774 Opus
3109 4710 3354 4773 praestat,
3397 4701 3454 4756 in
3505 4701 3710 4754 multo-

2118 4817 2239 4856 rum
2269 4801 2565 4855 utilitatem
2597 4807 2652 4853 et
2688 4799 3145 4860 emolumentum,
3207 4813 3227 4847 ‹
3291 4795 3536 4850 edocens
3585 4794 3710 4849 vin-

2118 4902 2239 4949 ctos
2267 4894 2323 4948 in
2365 4892 2692 4947 fortitudine
2737 4911 2752 4946 :
2816 4909 2836 4942 ι
2896 4904 3023 4945 nam
3059 4888 3274 4943 virtute
3324 4902 3427 4943 sua
3480 4901 3578 4942 eos
3615 4889 3712 4954 qui

2118 4987 2327 5058 pridem
2353 4991 2708 5057 peccatorum
2739 4983 2979 5038 vinculis
3006 4980 3551 5050 constringebantur,
3571 4977 3711 5032 edu-

2116 5081 2213 5134 cit.
2237 5079 2345 5134 Pro
2375 5080 2469 5134 illo
2509 5087 2716 5142 autem,
2757 5096 2776 5128 ε
2816 5077 2871 5130 in
2906 5073 3250 5138 fortitudine,
3292 5093 3310 5124 ι
3344 5069 3711 5143 Symmachus

2122 5192 2143 5225 ς
2175 5173 2229 5227 in
2257 5173 2634 5228 dimissionem
2675 5190 2696 5223 ι
2738 5171 3132 5240 interpretatus
3156 5175 3242 5222 est
3263 5167 3454 5221 dicens
3482 5182 3536 5219 ει
3561 5161 3711 5217 Edu-

2118 5269 2194 5321 cit
2222 5267 2436 5321 vinctos
2464 5265 2522 5319 in
2551 5263 2950 5319 dimissionem.
2998 5283 3016 5314 ο
3051 5260 3178 5315 Haec
3223 5275 3388 5330 porro
3435 5256 3708 5327 intelligas

2117 5375 2184 5414 ex
2219 5357 2504 5428 prophetia
2531 5355 2708 5420 Isaiae,
2738 5369 2861 5425 quae
2895 5369 2962 5408 ex
2991 5354 3163 5423 ipsius
3209 5350 3425 5406 Domini
3465 5363 3706 5419 persona

2119 5450 2201 5505 sic
2224 5449 2510 5519 loquitur:
2551 5466 2571 5499 ι
2614 5444 2754 5499 Ecce
2780 5443 2904 5499 dedi
2942 5452 2995 5498 te
3035 5444 3090 5496 in
3121 5449 3508 5497 testamentum
3541 5452 3706 5509 gene-

2120 5545 2220 5609 ris,
2258 5543 2315 5597 in
2343 5544 2522 5598 lucem
2564 5541 2831 5613 gentium,
2880 5538 2948 5593 ad
2981 5535 3338 5607 aperiendum
3383 5532 3575 5587 oculos
3607 5546 3708 5586 ca:-

2120 5653 2339 5703 corum,
2376 5635 2443 5691 ad
2487 5632 2832 5692 educendum
2882 5647 2948 5686 ex
2993 5628 3230 5684 vinculis
3285 5626 3504 5696 ligatos,
3544 5632 3599 5680 et
3631 5640 3700 5679 ex
