2045 3195
199 176 249 206 025

200 236 281 264 domo
296 238 429 264 custodiae
443 237 571 265 sedentes
588 238 615 264 iu
633 238 756 265 tenebris
771 238 803 263 ’³.
824 247 833 263 2
854 237 907 264 Eos
921 236 994 263 enim

199 284 246 317 qui
261 283 327 309 olim
343 283 490 310 diabolicis
506 284 625 311 vinculis
647 283 918 319 coustriugebantur.
934 282 992 309 dia-

198 329 289 355 lmlieo
303 329 453 355 multorum
471 329 615 356 numinum
644 330 732 356 errori
757 330 876 362 deditos,
894 329 993 357 solutis

198 375 317 402 vinculis
334 375 440 407 eduxit,
458 383 592 403 concessa
608 379 787 410 peccatorum
817 374 992 403 remissione.

199 421 255 448 lmo
272 422 357 448 etiam
377 429 425 449 eos
442 422 490 457 qui
521 430 536 448 a
567 422 669 449 saeculo
699 422 726 448 in
756 425 845 449 morte
872 421 992 456 colligati

198 471 279 494 erant
307 475 401 495 secum
418 468 606 499 resuscitavil,
624 475 686 495 cum
704 468 803 495 acerba
817 467 916 495 mortis
933 468 994 494 vin-

199 513 262 539 cula
280 514 419 541 solvisset.
439 513 496 540 Hoc
509 518 600 540 autem
616 513 680 540 fecit
696 523 704 538 ι
727 514 754 540 in
769 514 886 545 virtute;
906 523 915 539 ι
928 521 993 540 nam

199 562 312 594 accepta
331 559 452 587 hominis
466 559 555 586 forma
567 567 670 594 perque
681 559 832 586 humanum
845 568 946 595 corpus
956 560 994 586 vi-

199 605 287 632 riliter
300 613 396 641 agens,
412 607 521 633 vinctos
536 607 664 641 superius
687 610 854 633 memoratos
876 614 909 633 ex
931 606 993 633 vin-

199 651 272 679 culis
287 652 391 679 eduxit.
411 651 473 679 Haec
486 656 565 679 erant
581 652 714 687 praeclara
731 651 778 679 Dei
795 651 877 679 Verbi
896 652 930 679 ad
944 652 994 679 ho-

200 698 288 725 mines
302 698 478 725 adventantis
494 698 629 728 facinora,
645 698 747 733 quibus
763 698 864 725 deinde
876 698 994 732 subjun-

199 740 272 773 gitur
291 750 297 766 :
320 749 330 766 ι
351 739 487 767 Similiter
509 748 558 767 eos
579 740 626 775 qui
644 744 820 775 exasperant,
843 740 890 775 qui
914 739 994 767 habi-

199 786 298 813 tantin
312 786 459 821 sepulcris.
483 796 492 812 ι
515 785 593 819 Quod
623 786 805 821 Symmachus
830 786 883 813 hoc
912 790 993 821 pacto

198 833 299 860 clarius
317 838 342 860 et
362 833 484 867 apertius
500 832 648 868 explicavit
663 841 670 859 :
692 842 700 858 ι
720 832 935 867 lnobsequentes
944 839 994 859 au-

199 884 253 906 tem
269 878 464 906 inhabitabunt
478 883 563 906 :estus
580 878 752 912 siccitatem;
774 888 784 904 ι
797 878 898 913 Aquila
914 886 991 910 vero,

201 933 210 947 ‹
231 923 425 951 Verumtamen
442 925 608 952 absistentcs
628 924 819 951 inhabitarunt
834 924 927 951 lzevem
945 932 992 959 pe-

197 974 280 997 tram.
301 979 310 995 ι
325 968 387 1004 Ipse
399 970 500 1005 quippe
517 970 627 997 volebat
641 970 842 998 exaeerbantes
865 970 992 996 a‘vincu-

198 1016 233 1043 lis
247 1024 346 1043 eruere
363 1019 390 1043 et
406 1016 535 1044 liberare.
553 1017 588 1043 At
604 1017 645 1044 illi
661 1016 690 1043 in
706 1015 865 1051 huiusmodi
887 1015 994 1043 inobse-

197 1062 311 1097 quentia
327 1066 550 1097 perseverantes,
571 1062 713 1097 Deumque
728 1070 759 1089 ea
776 1062 803 1088 in
829 1069 858 1088 re
883 1068 994 1088 exacer-

196 1108 297 1135 bantes
313 1113 340 1135 et
362 1112 572 1143 exasperantes,
601 1108 629 1135 in
651 1108 788 1143 sepulcris
810 1107 868 1135 suis
886 1107 993 1134 habita-

197 1153 278 1186 bunt,
291 1154 329 1181 ita
342 1159 372 1182 ut
385 1154 419 1182 de
431 1155 486 1182 illis
501 1154 612 1181 dicatur
630 1163 637 1182 :
658 1164 666 1180 ι
687 1154 754 1182 Sine
770 1158 895 1182 mortuos
914 1161 992 1189 sepe-

198 1199 248 1226 lire
264 1204 389 1227 mortuos
408 1208 474 1228 suos
492 1200 533 1234 υς
550 1210 560 1226 ›
579 1200 638 1228 sive
661 1201 745 1228 etiam
763 1210 773 1225 ‹
798 1200 993 1228 inhabitabunt

196 1251 282 1275 aestus
298 1247 471 1280 siccitatem;
493 1256 502 1272 ι
516 1251 609 1282 utpote
623 1247 670 1282 qui
683 1247 748 1274 ituri
761 1247 818 1274 sint
839 1256 848 1272 ε
865 1246 892 1274 ἰη
903 1248 992 1282 ignem

192 1297 340 1325 aeternum,
358 1297 484 1328 paratum
497 1293 608 1321 diabolo
621 1297 649 1321 et
663 1293 768 1328 angelis
784 1293 845 1328 ejus
855 1294 889 1320 “.
902 1303 911 1319 ι

231 1381 314 1410 Vens.
329 1382 356 1415 8,
370 1382 399 1410 9.
415 1382 516 1415 t-Deus,
534 1391 596 1411 cum
611 1383 783 1419 egredereris
801 1383 830 1410 in
842 1386 992 1418 conspectu

194 1429 287 1464 populi
296 1429 348 1462 tui,
364 1437 426 1456 cum
434 1427 622 1464 pertransires
635 1430 662 1456 in
675 1423 795 1457 deserto.
807 1429 989 1465 Diapsalma.»

194 1474 243 1502 Dei
262 1474 380 1502 Verbum
399 1483 455 1502 non
468 1475 548 1502 modo
572 1475 600 1502 in
624 1474 863 1502 consummatione
877 1475 993 1502 saeculo-

195 1528 256 1548 rum
273 1521 306 1547 ad
318 1520 444 1548 homines
459 1521 615 1553 advenisse,
640 1521 689 1548 sed
704 1521 787 1548 etiam
800 1521 889 1556 ipsum
908 1520 993 1548 fuisse

194 1566 268 1601 quod
290 1574 339 1601 per
364 1565 485 1602 Moysem
513 1566 627 1593 oracula
658 1566 801 1598 fundebat,
819 1566 864 1593 hic
878 1566 993 1594 docetur

194 1612 240 1640 his
251 1612 344 1644 verbis
359 1620 366 1638 :
384 1622 393 1638 ι
414 1613 500 1644 Deus,
518 1620 581 1639 cum
599 1612 771 1647 egredereris
799 1612 828 1639 in
842 1616 992 1647 conspectu

194 1659 289 1693 populi
306 1658 356 1691 tui,
370 1665 433 1685 cum
450 1653 636 1693 pertransires
648 1658 674 1685 in
683 1658 794 1686 deserto
804 1678 811 1689 ,
825 1663 899 1685 terra
919 1662 992 1686 mota

193 1709 248 1736 est.
262 1705 364 1733 etenim
392 1705 456 1732 οωΙὶ
481 1704 698 1733 distillaverunt.
719 1714 728 1730 ι
757 1704 836 1731 Tunc
849 1706 934 1736 enim,
951 1705 993 1732 in-

193 1751 266 1786 quit,
280 1759 345 1778 cum
370 1750 504 1781 educeres
525 1751 596 1778 ﬁlios
623 1751 707 1778 Israel
733 1759 766 1779 ex
781 1756 853 1779 terra
868 1751 991 1787 Egypti.

195 1798 268 1826 fama
284 1805 377 1826 rerum
392 1797 421 1825 in
437 1797 558 1834 Egypm
574 1802 712 1833 gestarum
730 1798 765 1825 ad
787 1805 883 1826 omnes
895 1806 992 1833 perva-

194 1847 287 1878 izante,
314 1845 445 1872 universa
474 1849 548 1871 terra
573 1848 647 1872 mota
667 1848 719 1871 est.
739 1844 793 1872 Sed
806 1848 873 1872 tunc
882 1845 991 1880 quidem

194 1895 269 1917 terra
284 1894 357 1917 mota
374 1894 434 1922 est;
452 1890 510 1917 sive
535 1889 618 1922 fama,
635 1890 779 1917 utdictum
802 1894 855 1922 est,
868 1890 991 1918 omnium

193 1936 394 1971 terrigenarum
410 1945 495 1964 aures
505 1937 657 1971 implente;
673 1936 729 1964 sive
743 1937 826 1964 etiam
842 1937 902 1972 ipso
912 1941 992 1965 terra:

192 1983 329 2011 elemento
344 1984 378 2011 de
392 1984 511 2011 adventu
525 1984 573 2012 Dei
588 1984 710 2012 laetante.
728 1984 808 2017 Quod
827 1984 892 2012 item
911 1984 991 2012 docet

193 2027 265 2055 alius
291 2029 416 2063 psalmus
442 2029 486 2057 his
511 2030 627 2058 verbis:
648 2040 657 2056 ‹
678 2031 709 2057 In
739 2030 816 2057 exitu
846 2031 930 2058 lsrael
957 2031 991 2058 de

192 2073 328 2109 aEgypto,
337 2074 436 2103 domus
443 2074 531 2104 Jacob
541 2075 575 2103 de
580 2076 682 2111 populo
690 2076 820 2108 barbaro,
830 2080 937 2104 montes
945 2084 992 2103 ex-

191 2119 363 2146 sultaverunt
375 2124 405 2147 ut
419 2121 531 2152 arietes.
542 2126 569 2148 et
579 2122 665 2149 colles
676 2122 748 2148 sicut
756 2122 920 2157 agniovium
932 2123 966 2148 ¹⁸.
978 2131 988 2149 ι

192 2162 278 2191 Terra
295 2164 389 2200 itaque
401 2166 526 2201 gaudens
547 2167 795 2200 commovebatur;
819 2167 882 2194 cmli
898 2171 990 2195 autem

190 2209 396 2238 distillaverunt
428 2221 435 2238 ε
468 2212 534 2247 quid
563 2212 787 2247 distillaverunt,
815 2213 869 2241 nisi
897 2214 989 2241 cibum

190 2257 409 2293 inexspectatum
422 2257 451 2284 in
462 2257 572 2286 deserto
587 2258 750 2294 degentibus
764 2260 917 2295 delapsum.
932 2260 990 2287 sive

190 2303 274 2330 etiam
309 2303 420 2331 divinos
444 2310 587 2332 sermones
598 2309 626 2332 et
650 2305 726 2340 leges
748 2314 809 2341 quae
833 2307 988 2334 animarum

191 2349 397 2377 rationabilium
426 2350 482 2378 cibi
498 2351 584 2378 sunt?
604 2351 678 2379 Mota
691 2357 733 2379 est
756 2358 847 2380 autem
859 2356 943 2386 terra,
961 2357 988 2380 ct

190 2395 255 2421 enati
269 2394 474 2423 distillaverunt
489 2405 498 2421 ε
518 2403 533 2422 a
548 2395 618 2424 facie
635 2396 682 2423 Dei
699 2396 787 2431 Sinai,
806 2407 816 2424 ι
836 2398 862 2425 id
879 2402 933 2430 est,
960 2399 988 2425 in

190 2445 284 2468 monte
297 2440 374 2468 Sinai
386 2442 499 2469 oracula
510 2442 628 2471 edentis.
656 2443 720 2471 Haec
746 2452 813 2472 vero
828 2445 932 2472 clarius
947 2445 989 2472 in-

189 2490 358 2522 terpretatus
376 2487 560 2523 Symmachus
568 2492 611 2516 est
621 2489 717 2517 dicens
735 2498 741 2515 :
763 2499 772 2515 ‹
790 2489 875 2519 Terra
893 2498 988 2518 move-

190 2531 282 2564 batur,
299 2532 400 2559 etelum
413 2540 479 2561 vero
495 2533 637 2560 distillavit
660 2542 674 2560 a
688 2534 759 2562 facie
776 2534 824 2562 Dei
843 2536 926 2570 hujus
946 2536 989 2563 Si-

188 2578 305 2609 nai,eta
320 2578 390 2605 facie
407 2578 467 2609 Dei,
484 2579 530 2607 Dei
547 2579 641 2607 lsrael.
662 2590 672 2606 ι
690 2580 760 2608 Nutu
777 2581 847 2609 forte
862 2583 989 2610 ccelestes

188 2623 306 2651 virtutes
320 2631 374 2650 ceu.
384 2625 508 2652 nutrices
523 2626 648 2660 qmedam
664 2634 679 2654 ο
694 2634 814 2655 mamma
840 2628 881 2655 lac
898 2628 987 2655 infan-

189 2667 405 2696 tibusdistillare
430 2670 576 2703 facientes,
600 2672 639 2699 sic
653 2677 681 2700 et
701 2673 767 2707 ipsa:
782 2674 942 2701 alimentum
953 2683 988 2702 ex

190 2720 220 2740 se
237 2714 271 2741 iis
282 2715 329 2749 qui
342 2718 408 2748 tunc
433 2717 555 2745 infantes
581 2719 674 2745 animo
686 2725 776 2752 erant,
792 2720 989 2748 subministra-

189 2760 275 2786 ruut?
298 2761 441 2793 Quarelex
468 2771 484 2790 a
510 2755 602 2799 Moyse
630 2764 730 2796 edicta.
758 2765 922 2801 pmdngogus
954 2767 988 2794 ab

189 2801 321 2835 Apostolo
333 2810 427 2831 vocata
446 2805 498 2832 fuit
515 2805 547 2832 ν.

540 175 674 204 EUSEBII
693 174 934 203 CrESABIENSIS
955 173 1029 201 OPP.
1051 172 1140 199 PARS
1162 172 1206 199 ill.
1228 186 1263 191 ν-ε
1281 171 1487 199 Εχεοετιω.

1789 169 1843 197 ονε

1009 236 1032 263 Α
1045 233 1121 260 οἴκου
1141 233 1267 268 φυλακῆς
1281 233 1455 268 καθημένους
1469 234 1498 259 ἐν
1511 233 1626 259 σκότει.»
1644 232 1714 264 Τοὺς
1728 231 1782 267 γὰρ
1795 231 1844 258 πά-

1044 281 1088 307 λαι
1102 280 1213 315 δεσμοῖς
1230 279 1394 311 διαεοὶιικοῖς
1420 280 1664 315 κατεσςριγμένους,
1689 278 1736 305 καὶ
1748 279 1781 313 τῇ
1794 286 1844 304 πο-

1043 326 1132 361 λυθέῳ
1147 326 1194 353 καὶ
1225 325 1369 360 δαιμονικῇ
1392 325 1480 361 πλάνῃ
1502 325 1731 360 προστετηκότας,
1759 323 1842 355 λύσας

1043 372 1099 398 τῶν
1114 371 1222 407 δεσμῶν
1238 371 1368 405 ἐξήγαγε,
1383 372 1445 403 δοὺς
1464 373 1560 406 ἄφεσιν
1590 371 1743 407 ἁμαρτιῶν,
1763 370 1844 397 Ἀλλὰ

1044 419 1173 450 καὶτοὺς
1192 418 1222 444 ὲν
1249 417 1289 452 τῷ
1321 417 1429 452 θανάτῳ
1447 418 1574 453 δεσμίους
1594 418 1672 449 ὄντας
1698 417 1728 449 ἐξ
1743 417 1842 449 αἰῶνος

1044 464 1241 499 συνανέστησεν
1257 463 1357 498 ἑαυτῷ,
1375 463 1459 496 λύσας
1473 464 1527 490 τῶν
1543 464 1648 499 πικρῶν
1660 463 1707 490 τοῦ
1725 463 1841 490 θανάτου

1043 509 1162 545 δεσμῶν.
1179 509 1234 536 Καὶ
1263 508 1344 534 τοῦτο
1359 508 1478 543 ἔπραξεν
1511 517 1519 534 ι
1533 509 1562 534 ὲν
1579 507 1717 543 ἀνδρείᾳ-ι
1746 507 1843 541 ἀνδρὸς

1043 555 1098 590 γὰρ
1113 555 1206 591 σχῆμα
1220 554 1320 587 λαὸὼν,
1343 555 1390 581 καὶ
1414 554 1447 581 δι’
1468 554 1637 590 ἀνθρωπείου
1653 553 1779 589 σώματος
1796 554 1843 580 ἀν-

1043 601 1217 636 δρισάμενος,
1230 600 1350 636 ἐξήγαγε
1364 600 1419 627 τῶν
1430 600 1538 636 δεσμῶν
1553 600 1615 632 τοὺς
1632 599 1840 636 προλεχθέντας.

1044 647 1128 674 Ταῦτ’
1139 646 1172 683 ἦν
1187 648 1221 674 τὰ
1230 647 1433 683 κατορθώματα
1448 647 1498 682 τῆς
1509 648 1548 679 είς
1570 646 1730 683 ἀνθρώπους
1745 647 1841 682 ἐπιδη-

1046 695 1109 730 μίας
1124 694 1171 721 τοῦ
1188 694 1255 721 Θεοῦ
1287 694 1385 728 Λόγου,
1413 691 1454 725 οἷς
1476 694 1540 729 ἑξῆς
1561 694 1677 729 εῐρηται”
1696 703 1705 719 ι
1724 694 1839 729 ὀμοίως

1043 741 1106 772 τοὺς
1118 739 1391 776 παραπικραίνοντας
1398 740 1461 772 τοὺς
1474 739 1668 771 κατοικοῦντας
1679 741 1708 766 ἐν
1717 740 1818 774 τάφοις.
1828 750 1839 766 ι

1045 788 1133 822 Ὅπερ
1146 788 1160 813 ό
1175 786 1321 822 Σύμμαχος
1341 786 1499 822 ἡρμήνευσε
1522 786 1692 821 λευκότερον,
1707 786 1842 822 διασαφή-

1045 842 1094 865 σας
1108 832 1157 869 τὴν
1177 833 1296 859 διάνοιαν
1309 833 1356 859 καὶ
1371 832 1466 859 εἰπών·
1487 842 1496 857 ι
1511 833 1541 858 Οἱ
1559 832 1588 858 δὲ
1608 832 1732 864 ἀπειθεῖς
1748 841 1841 859 κατοι-

1045 880 1160 915 κήσουσι
1175 878 1316 909 καύσωνος
1334 878 1498 913 ξηρότητα-ι
1516 878 1529 904 ὁ
1546 877 1574 904 δὲ
1592 877 1717 909 Ἀκύλας,
1740 887 1750 903 ι
1768 878 1843 914 Πλὴν

1045 925 1224 961 ἀφιστάμενοι
1238 946 1244 957 ,
1269 925 1366 960 φησὶν,
1390 925 1551 959 ἐσκήνωσαν
1593 923 1805 959 λεωπετρίανδε.
1829 934 1840 950 ι

1051 971 1191 998 Ἐϐούλετο
1206 971 1255 1006 μὲν
1268 971 1322 1006 γὰρ
1338 971 1420 1003 αὐτὸς
1431 971 1479 997 καὶ
1498 971 1562 1002 τοὺς
1574 969 1845 1005 παραπικραίνοντας

1044 1017 1188 1051 ἐξαγαγεῖν
1202 1017 1250 1043 καὶ
1266 1016 1449 1052 ἐλευθερῶσαι
1463 1015 1517 1042 τῶν
1540 1015 1658 1051 δεσμῶν.
1683 1016 1842 1051 Ἐπιμένον-

1044 1073 1090 1095 τες
1103 1063 1132 1090 δέ
1142 1061 1216 1090 οὗτοι
1246 1065 1279 1099 τῇ
1297 1063 1436 1099 ἀπειθείᾳ,
1463 1063 1661 1099 παροξύνοντες
1676 1072 1706 1090 τε
1721 1065 1749 1090 ὲν
1768 1064 1844 1099 αὑτῷ

1043 1110 1131 1145 τούτῳ
1157 1110 1204 1137 καὶ
1215 1110 1483 1146 παραπικραίνοντες
1496 1112 1542 1137 τὸν
1557 1111 1634 1142 Θεὸν,
1647 1111 1843 1147 κατοικήσουσι

1044 1156 1107 1187 τοὺς
1125 1155 1228 1181 ἑαυτῶν
1244 1155 1358 1190 τάφους,
1368 1155 1405 1187 ὡς
1415 1155 1541 1189 λέγεσθαι
1549 1155 1615 1191 περὶ
1628 1155 1726 1182 αὐτῶν·
1741 1157 1843 1190 ι”Αφες

1043 1200 1107 1231 τοὺς
1118 1201 1231 1236 νεκροὺς
1245 1200 1358 1227 θάπτειν
1376 1200 1440 1231 τοὺς
1461 1199 1566 1227 ἑαυτῶν
1580 1201 1721 1237 νεκρούς»
1737 1201 1753 1236 ἢ
1767 1211 1842 1228 (κατ-

1042 1248 1183 1283 οικήσουσι
1208 1248 1348 1279 καύσωνος
1378 1247 1526 1283 ξηρότηταο
1542 1257 1552 1274 ι
1581 1248 1620 1280 ὡς
1643 1248 1676 1275 ἂν
1700 1248 1842 1283 μέλλοντες

1045 1293 1211 1329 πορεύεσθαι
1228 1303 1237 1320 ‹
1254 1294 1295 1326 είς
1308 1294 1339 1320 τὸ
1359 1294 1415 1330 πῦρ
1430 1294 1461 1321 τὸ
1474 1294 1584 1322 αἰώνιον
1599 1295 1630 1321 τὸ
1642 1295 1840 1331 ἡτοιμασμένον

1043 1340 1082 1375 τῷ
1095 1340 1211 1376 διαϐόλῳ
1219 1341 1330 1372 καὶτοῖς
1346 1340 1472 1375 ἀγγέλοις
1482 1339 1575 1367 αὑτοῦ.
1583 1350 1593 1367 ι

1083 1397 1093 1413 ι
1113 1388 1143 1414 ’0
1163 1387 1247 1421 Θεὸς,
1269 1389 1298 1415 ὲν
1314 1388 1352 1423 τῷ
1381 1387 1580 1423 ἐκπορεύεσθαι
1605 1396 1635 1414 σε
1657 1387 1773 1414 ἐνώπιον
1795 1387 1840 1414 τοῦ

1044 1432 1110 1460 λαοῦ
1125 1442 1188 1465 σου,
1212 1434 1241 1460 ἐν
1265 1433 1304 1469 τῷ
1324 1433 1474 1460 διαϐαίνειν
1497 1442 1527 1459 σε
1551 1434 1581 1460 ἐν
1598 1434 1632 1468 τῇ
1649 1434 1756 1469 ἐρήμῳ.
1777 1435 1842 1461 Διά-

1043 1480 1148 1515 ψαλμα.
1162 1491 1176 1504 ι
1190 1480 1252 1506 Ὂτι
1267 1480 1303 1515 μὴ
1319 1479 1399 1515 μόνον
1419 1480 1448 1506 ὲν
1468 1480 1501 1514 τῇ
1515 1478 1655 1514 συντελείᾳ
1667 1479 1721 1505 τῶν
1737 1479 1843 1506 αίώνων

1044 1525 1200 1562 ἀνθρώποις
1221 1526 1354 1561 ἐπεδήμει
1380 1525 1394 1551 ὁ
1414 1525 1462 1552 τοῦ
1485 1525 1553 1552 Θεοῦ
1578 1526 1678 1560 Λόγος,
1703 1525 1771 1552 ἀλλὰ
1795 1526 1842 1552 καὶ

1007 1592 1027 1619 C
1046 1571 1179 1608 πρότερον
1195 1571 1276 1603 αὐτὸς
1293 1569 1332 1619 ξῆν
1356 1573 1371 1598 ὁ
1390 1571 1434 1598 διὰ
1455 1571 1596 1619 Μωῦσέως
1612 1570 1788 1619 χρηματίζων
1800 1592 1807 1604 ,
1828 1574 1842 1599 ὁ

1045 1616 1141 1653 παρὼν
1157 1617 1279 1644 διδάσκει
1293 1616 1373 1650 λόγος
1393 1617 1520 1651 φάσκων·
1534 1625 1544 1642 ‹
1564 1616 1592 1642 '0
1609 1616 1684 1648 Θεὸς,
1699 1617 1728 1642 ὲν
1740 1615 1780 1651 τῷ
1796 1617 1842 1643 ἐκ·

1044 1662 1208 1698 πορεύεσθαί
1224 1671 1255 1689 σε
1271 1662 1387 1690 ἐνώπιον
1398 1662 1445 1689 τοῦ
1455 1662 1521 1689 λαοῦ
1536 1671 1594 1695 σου,
1604 1663 1632 1689 ὲν
1641 1662 1680 1698 τῷ
1692 1662 1841 1689 διαὸαίνειν

1044 1717 1074 1734 σε
1091 1709 1120 1735 ἐν
1136 1710 1169 1745 τῇ
1193 1710 1290 1745 ἐρήμῳ
1302 1728 1309 1741 ,
1323 1709 1360 1744 γῆ
1382 1709 1493 1744 ἐσείσθη
1505 1729 1513 1742 ,
1539 1709 1587 1736 καὶ
1606 1711 1662 1744 γὰρ
1683 1709 1708 1735 οἱ
1730 1708 1839 1744 οὐρανοὶ

1043 1754 1171 1787 ἔπταξαν.
1188 1765 1197 1781 ι
1212 1755 1267 1781 Καὶ
1283 1755 1344 1782 τότε
1355 1755 1420 1790 γὰρ,
1431 1756 1507 1790 φησὶ,
1517 1755 1578 1782 καθ’
1590 1754 1619 1781 δν
1633 1755 1727 1791 χρόνον
1741 1754 1837 1789 same;

1043 1802 1106 1833 τοὺς
1121 1802 1198 1833 υἱοὺς
1214 1800 1323 1837 Ἰσραὴλ
1338 1801 1393 1828 ἀπὸ
1404 1801 1457 1837 γῆς
1469 1801 1645 1837 Αίγύπτου,ὴ
1660 1801 1791 1837 σύμπασα
1802 1801 1838 1835 γῆ

1043 1848 1146 1874 ἐσείετο
1167 1848 1219 1883 τῆς
1242 1849 1338 1884 φήμης
1359 1847 1414 1874 τῶν
1438 1849 1467 1874 ἐν
1489 1848 1619 1883 Αἰγύπτῳ
1638 1847 1840 1883 πεπραγμένων

1042 1893 1239 1930 διατρεχούσης
1246 1895 1286 1926 είς
1294 1893 1410 1926 πάντας.
1420 1893 1491 1920 Ἀλλ’
1503 1895 1519 1928 ἡ
1532 1894 1582 1928 μὲν
1595 1894 1632 1928 γῆ
1648 1894 1710 1920 τότε
1722 1893 1823 1919 ἐσείετο
1832 1900 1839 1906 '

1042 1940 1101 1973 ἤτοι
1122 1941 1170 1975 τῆς
1186 1942 1297 1975 φήμης,
1320 1940 1358 1971 ὼς
1382 1941 1490 1975 εἴρηται
1502 1960 1508 1970 ,
1526 1940 1575 1971 τὰς
1593 1940 1702 1966 πάντων
1719 1938 1772 1965 τῶν
1794 1937 1841 1964 ἐπὶ

1042 1987 1093 2021 γῆς
1110 1985 1195 2016 ἀκοὰς
1212 1985 1389 2021 πληρούσης,
1409 1985 1425 2019 ἢ
1455 1986 1500 2010 καὶ
1526 1983 1608 2010 αὑτοῦ
1632 1983 1679 2009 τοῦ
1707 1982 1839 2016 στοιχείου

1041 2025 1181 2067 γαίροντος
1197 2032 1242 2057 ἐπὶ
1259 2033 1292 2066 τῇ
1309 2031 1435 2057 ἐπιϐάσει
1455 2029 1502 2055 τοῦ
1519 2029 1596 2055 Θεοῦ.
1620 2030 1652 2054 Ὂ
1672 2028 1703 2062 δὴ
1718 2027 1839 2054 διδάσκει

1042 2077 1089 2101 καὶ
1114 2076 1207 2110 ἕτερος
1224 2074 1332 2109 eam;
1351 2074 1456 2107 λέγων·
1475 2082 1484 2097 ‹
1506 2073 1549 2098 Ἐν
1570 2072 1652 2107 ἐξόδῳ
1682 2071 1789 2107 Ἰσραὴλ
1809 2071 1840 2102 ἐξ

1041 2122 1179 2155 Αἰγύπτου
1193 2142 1199 2151 ,
1214 2121 1289 2147 οἴκου
1308 2119 1408 2146 Ἰακὼῧ
1433 2119 1465 2144 ἐκ
1480 2118 1545 2145 λαοῦ
1564 2118 1702 2154 βαρϐάρου
1715 2137 1722 2150 ,
1738 2117 1773 2144 τὰ
1788 2118 1838 2154 ὅρη

1041 2169 1208 2203 ἐσκίρτηοαν
1221 2167 1258 2199 ὡς
1274 2166 1363 2201 κριοὶ,
1377 2165 1425 2191 καὶ
1439 2166 1463 2191 οἱ
1479 2165 1568 2199 βουνοί
1587 2165 1624 2196 ώς
1638 2164 1720 2201 ἀρνία
1737 2164 1841 2199 προεα-

1041 2223 1104 2239 των.
1122 2223 1131 2239 ι
1142 2213 1173 2238 Ἡ
1191 2212 1240 2246 μὲν
1257 2209 1304 2236 οὖν
1317 2210 1352 2244 γῆ
1370 2210 1502 2245 χαίρουσα
1528 2210 1640 2236 ἐσείετο·
1653 2210 1678 2236 οἱ
1691 2210 1718 2236 δὲ
1730 2209 1840 2245 οὐρανοὶ

1007 2273 1030 2301 D
1044 2259 1170 2292 ἕσταξαν.
1189 2259 1220 2284 Τί
1237 2257 1264 2283 δὲ
1288 2256 1420 2289 ἕσταξαν,
1443 2257 1500 2283 ἀλλ’
1518 2258 1577 2292 ἤτοι
1598 2258 1647 2293 τὴν
1662 2257 1766 2293 τροφὴν
1789 2256 1839 2291 τὴν

1467 2304 1513 2329 ἐπὶ
1534 2304 1583 2338 τῆς
1606 2304 1732 2339 ἐρήμου,
1751 2303 1769 2337 ἢ
1792 2302 1840 2329 καὶ

1039 2352 1104 2383 τοὺς
1115 2350 1205 2381 θείους
1218 2349 1314 2382 λόγους
1325 2357 1356 2375 τε
1369 2350 1416 2375 καὶ
1429 2350 1528 2385 νόμους
1540 2350 1644 2385 τροφὴν
1655 2349 1735 2381 δντας
1744 2348 1839 2384 ψυχῶν

1039 2396 1172 2431 λογικῶν;
1194 2395 1313 2422 Ἐσείετο
1325 2395 1354 2421 δὲ
1370 2396 1387 2431 ἡ
1402 2395 1440 2430 γῆ
1450 2415 1458 2427 ,
1483 2397 1530 2423 καὶ
1544 2395 1661 2428 ἓσταξαν
1680 2397 1706 2422 οἱ
1729 2395 1839 2431 οὐρανοὶ

1042 2454 1052 2469 ι
1066 2443 1120 2471 ἀπὸ
1135 2441 1284 2478 προσώπου
1299 2441 1348 2467 τοῦ
1362 2442 1430 2468 Θεοῦ
1447 2442 1494 2469 τοῦ
1515 2442 1608 2475 Σιναῖ,
1624 2452 1633 2468 ι
1651 2442 1775 2469 τουτέστι
1791 2441 1839 2469 τοῦ

1039 2492 1069 2517 ἐν
1088 2489 1127 2525 τῷ
1147 2489 1206 2525 ὄρει
1223 2487 1300 2515 Σιναῖ
1317 2489 1548 2524 χρηματίσαντος.
1563 2489 1618 2516 Καὶ
1631 2489 1718 2516 ταῦτα
1739 2489 1769 2516 δὲ
1792 2497 1840 2515 σα-

1040 2535 1171 2570 φέστερον
1182 2535 1355 2570 ἡρμήνευσεν
1367 2535 1381 2560 ὸ
1391 2533 1539 2569 Σύμμαχος
1549 2534 1645 2561 εἰπών’
1660 2544 1668 2560 ι
1676 2535 1712 2570 Γῆ
1725 2534 1838 2567 ἐσείετο,

1040 2582 1155 2617 οὐρανὸς
1164 2580 1193 2607 δὲ
1206 2580 1360 2613 ἀπέσταξεν
1375 2580 1429 2607 ἀπὸ
1443 2581 1589 2616 προσώπου
1603 2581 1648 2608 τοῦ
1660 2581 1727 2607 Θεοῦ
1744 2581 1838 2607 τούτου

1039 2628 1087 2655 τοῦ
1098 2627 1186 2659 Σιναῒ,
1195 2627 1242 2654 καὶ
1254 2626 1308 2653 ἀπὺ
1320 2626 1467 2662 προσώπου
1481 2627 1528 2653 τοῦ
1537 2627 1615 2659 Θεοῦ,
1624 2627 1691 2654 Θεοῦ
1700 2627 1819 2662 Ἰσραήλ.
1827 2636 1835 2652 ι

1041 2675 1158 2709 Μήποτε
1173 2673 1202 2700 δέ
1218 2672 1266 2700 καὶ
1281 2673 1309 2698 αί
1331 2672 1453 2707 οὐράνιοι
1475 2671 1604 2707 δυνάμεις
1627 2672 1721 2707 ὥσπερ
1744 2672 1839 2707 τροφοί

1042 2728 1114 2751 τινες
1128 2719 1175 2746 καὶ
1189 2718 1294 2754 τιθηνοὶ
1304 2718 1360 2745 ἀπὸ
1371 2717 1456 2753 θηλῆς
1465 2718 1536 2751 γάλα
1551 2719 1658 2754 νηπίοις
1669 2717 1839 2750 ἁποστάζου-

1043 2773 1100 2797 σαι,
1122 2765 1210 2796 οὕτως
1222 2764 1269 2790 καὶ
1283 2761 1363 2791 αὗται
1380 2765 1429 2799 τὴν
1447 2764 1475 2797 ἐξ
1492 2765 1582 2790 αὐτῶν
1595 2765 1728 2800 χορηγίαν
1741 2765 1839 2800 παρεῖ-

1044 2820 1091 2846 χον
1106 2812 1163 2843 τοῖς
1179 2811 1239 2838 τότε
1252 2810 1301 2842 τὰς
1317 2811 1405 2846 ψυχὰς
1419 2811 1542 2846 νηπίοις;
1557 2811 1595 2837 Δι’
1608 2811 1622 2837 ὃ
1634 2811 1681 2837 καὶ
1701 2810 1839 2844 παιδαγωσ

1008 913 1030 940 Β

1042 2304 1201 2341 παραδόξως
1215 2302 1371 2337 ἐνεχθεῖσαν
1389 2304 1443 2334 τοῖς

189 2845 236 2878 γος
255 2846 412 2881 ωνόμασται
428 2851 503 2886 παρὰ
522 2850 560 2885 τῷ
579 2851 676 2879 Ἀπττῖ
683 2852 732 2887 5λῳ
750 2853 763 2878 ὁ
779 2853 823 2880 aii
846 2855 985 2886 Μωῦσέως
1003 2845 1131 2891 λαληθεὶς
1147 2855 1235 2889 λόγος.

230 2904 250 2919 ⁸³
266 2906 318 2932 lsa.
332 2913 399 2939 ηπ,
414 2909 441 2941 6,
463 2908 489 2936 7,
533 2911 552 2925 "'
567 2910 633 2937 Luc.
649 2918 686 2944 Ix,
704 2912 748 2939 60.

790 2913 810 2927 ’⁵
825 2912 920 2941 Matth.
939 2922 1002 2948 xxv,

1019 2915 1063 2943 41.
1106 2916 1126 2931 ’θ
1142 2914 1307 2946 Psalwnm,
1326 2915 1392 2946 1,4.
1433 2915 1521 2942 "Cal.
1539 2923 1579 2947 ill,
1592 2915 1637 2942 ει.
