2045 3216
211 200 263 229 (1)3

772 187 1027 219 COMMENTARIA
1048 186 1082 213 IN
1102 185 1274 214 PSALMOS.

1793 178 1845 209 θυι

236 261 237 264 ‘
250 266 259 282 ι
274 256 377 291 Βροχὴν
390 254 510 280 ἑκούσιον
523 253 656 288 ἅφοριεῖς,
668 252 682 278 ὁ
696 250 773 282 Θεὸς,
785 251 819 284 τῇ
832 246 1003 283 κληρονομίᾳ

1091 245 1176 272 Vens.
1192 246 1235 279 10,
1250 246 1295 274 ll.
1311 254 1321 270 ί
1339 242 1463 271 Pluviam
1477 238 1659 269 voluntariam
1675 237 1843 274 segregabis.

212 310 260 329 n79
270 321 278 333 ,
294 301 342 327 καὶ
358 299 489 334 ἠσθένησε
500 318 508 330 ,
526 299 558 324 σὺ
573 298 601 324 δὲ
616 297 774 332 κατηρτίσω
789 294 886 329 αὑτήν.
906 302 915 318 ι
933 292 1000 318 Τότε

215 347 280 382 μὲν,
303 345 401 380 φησὶν,
422 353 431 369 ι
447 344 475 370 ὲν
492 342 531 377 τῷ
554 340 754 376 ἐκπορεύεσθαι
771 347 801 365 σε
819 337 934 365 ἐνώπιον
953 336 1000 363 τοῦ

212 393 277 420 λαοῦ
293 401 340 418 σου
349 411 357 424 ,
378 390 424 417 καὶ
444 391 472 416 ἐν
487 388 528 424 τῷ
542 387 688 414 διαϐαίνειν
701 395 731 412 σε
746 386 774 412 ὲν
788 386 822 420 τῇ
838 384 935 419 ἐρήμῳ
946 403 953 414 ,
966 382 1002 417 γῆ

212 437 322 472 ἐσείσθη
331 456 338 468 ,
352 436 400 462 καὶ
424 436 449 461 οἱ
463 434 573 470 οὐρανοὶ
587 432 702 464 ἐσταξαν
712 440 719 447 ⁸
733 441 742 457 )
753 431 799 457 ἐπὶ
811 430 845 457 δὲΔ
860 429 907 456 τοῦ
933 437 1004 463 παρ-

212 482 288 514 όντος
300 502 307 514 ,
323 482 366 508 ὅτε
389 480 555 516 ὲπιὸἐὸηκας
568 479 614 505 ἐπὶ
627 477 747 513 δυσμῶν,
762 476 843 512 ἕτερα
864 474 1005 510 παράδοξα.

213 528 343 563 εἰργάσω.
370 526 409 562 Τῇ
422 526 477 561 γὰρ
497 524 666 561 κληρονομίᾳ
683 532 729 550 σου
748 522 888 558 ἀφώρισας
903 521 1003 557 βροχὴν

214 573 345 600 ἑκούσιον.
360 572 537 608 κληρονομία
551 571 578 597 δέ
596 570 678 597 αὑτοῦ
694 570 736 601 τίς
749 567 782 605 ἦν
797 568 867 604 μετὰ
875 569 920 595 τὸν
938 567 1005 603 πρό-

213 628 292 655 τερον
313 619 376 645 λαὸν
396 618 452 646 ἀλλ’
466 619 483 653 ἡ
505 618 535 650 ἐξ
557 616 643 643 ἐθνῶν
667 615 830 650 Ἐκκλησία,
848 614 943 649 ῶσπερ
957 611 1004 640 οῦν

212 666 333 693 διδάσκει
352 665 438 699 λέγων
457 664 539 696 αὐτὸς
560 665 589 690 ἐν
608 663 727 699 δευτέρῳ
743 660 842 698 ψαλμῷ
853 671 859 678 ·
878 672 887 687 ε
904 662 1005 697 Κύριος

214 711 274 739 εἷπε
285 712 353 747 πρδς
363 712 397 747 μέ
406 720 413 727 ’
422 711 486 743 Υἱός
496 719 546 746 μου
560 708 585 737 εἷ
597 711 640 742 σὺ,
654 709 710 744 ἐγὼ
722 710 843 745 σήμερον
854 708 1007 743 γεγέννηκά

214 766 255 785 σε.
273 758 388 793 Αῖτησαι
401 757 466 792 παρ’
486 755 553 792 ἐμοῦ
565 777 572 788 ,
586 756 634 783 καὶ
647 755 725 782 δώσω
745 763 785 781 σοι
801 754 864 790 ἔθνη
876 754 926 789 τὴν
942 754 1007 789 κλη-

215 804 343 839 ρονομίαν
360 811 407 829 σου
424 802 471 829 καὶ
486 802 536 837 τὴν
550 800 715 836 κατάσχεσίν
731 809 779 827 σου
794 798 828 826 τὰ
842 799 948 834 πέρατα
958 799 1008 834 τῆς

212 850 274 885 γῆς.
296 859 305 875 ›
321 849 384 880 Υἱὸς
400 849 455 884 γὰρ
469 848 536 875 Θεοῦ
556 848 735 883 κελευόμενος
754 847 823 883 πρὸς
836 845 884 873 τοῦ
902 845 1008 881 Πατρὸς

212 896 298 922 αἰτεῖν
309 895 502 930 κληρονομίαν,
516 893 578 920 οὔτε
595 893 729 920 Ἰουδαίων
742 892 828 923 ἔθνος,
839 891 907 918 ἀλλά
920 891 1009 918 πάντα

211 940 246 967 τὰ
263 940 326 976 ἔθνη
340 941 388 966 καὶ
402 940 435 967 τὰ
450 940 557 976 πέρατα
571 940 620 974 τῆς
634 939 702 974 γῆς,
720 938 763 970 τίς
781 937 814 964 ἂν
831 937 936 971 γένοιτο
955 936 971 972 ἢ
991 937 1005 963 ὀ

211 985 262 1021 τὴν
283 984 312 1017 ἐξ
329 984 413 1012 ἐθνῶν
430 984 596 1020 Ἐκκλησίαν
614 983 817 1019 συστησάμενος
829 991 835 1015 ;
849 982 942 1017 Ταύτῃ
958 979 1005 1008 οὖν

212 1032 245 1066 τῇ
263 1030 431 1067 κληρονομίᾳ
447 1030 529 1057 αὐτοῦ
550 1029 673 1065 ἀφώρισε
694 1029 794 1065 βροχὴν
811 1028 933 1055 ἑκούσιον
945 1035 951 1041 ·
966 1026 1005 1053 διὸ

212 1076 337 1104 λέλεκται
355 1077 419 1113 περὶ
439 1076 541 1103 αὑτοῦ·
565 1085 575 1101 ‹
591 1075 787 1111 Καταὸήσεται
806 1074 844 1106 ὡς
861 1073 938 1106 ὑετὸς
959 1072 1005 1100 ἐπὶ

212 1123 296 1150 πόκον
306 1143 314 1156 ,
329 1123 377 1150 καὶ
391 1123 456 1149 ὡσεὶ
472 1122 601 1156 σταγόνες
616 1121 763 1154 στάζουσαι
785 1122 832 1148 ἐπὶ
853 1119 903 1155 τὴν
914 1119 977 1155 γῆν.
994 1129 1003 1145 ι

212 1168 299 1204 Λόγος
320 1169 349 1195 δὲ
363 1167 397 1204 ἦν
412 1168 589 1203 εὐαγγελικὸς
608 1169 625 1204 ἠ
645 1167 730 1204 βροχὴ
743 1168 759 1203 ἡ
772 1167 899 1198 ἑκουσία,
915 1166 962 1193 καὶ
975 1166 1006 1192 τὸ

211 1216 262 1252 τῆς
274 1215 380 1251 Καινῆς
387 1216 525 1252 Διαθήκης
537 1215 669 1251 κήρυγμα
679 1216 711 1250 τῇ
725 1215 754 1248 ἐξ
765 1214 849 1241 ἐθνῶν
857 1213 1006 1249 Ἐκκλησία

213 1262 440 1298 παραδεδομένον.
458 1262 537 1297 Καλὴ
551 1261 579 1288 δὲ
594 1262 611 1297 ή
630 1261 775 1297 προσθήκη
791 1260 841 1295 τῆς
858 1269 867 1285 ι
880 1259 1006 1291 ἑκουσίας

214 1308 327 1343 βρνιχῆς·
349 1318 358 1334 ι
379 1307 423 1334 διὰ
448 1308 586 1340 Μωῡσέως
610 1307 725 1343 μὲνγὰρ
748 1307 797 1341 οὑχ
816 1305 938 1338 ἑκούσιος
950 1306 1006 1338 τοῖς

213 1353 339 1384 παλαιοῖς
351 1353 498 1389 παρείχετο
508 1353 596 1388 λόγος,
610 1353 672 1380 ἐπεὶ
686 1354 716 1379 οὐ
735 1353 806 1380 κατὰ
825 1351 938 1387 γνώμην
958 1351 1007 1388 τὴν

213 1398 295 1425 αὑτοῦ
307 1398 501 1434 ἐνομοθετεῖτο’
515 1399 556 1426 διὸ
571 1399 640 1435 πρὸς
655 1400 753 1430 αὐτοὺς
767 1398 858 1432 ἔλεγεν
872 1398 887 1424 ὸ
900 1398 1004 1434 Σωτήρ

216 1453 225 1468 ι
244 1444 365 1479 Μωῦσῆς
378 1444 447 1479 πρὸς
462 1443 511 1479 τὴν
524 1444 741 1480 σκληροκαρδίαν
756 1443 833 1479 ὑμῶν
844 1443 974 1479 ἔγραψεν·
994 1452 1005 1469 ι

213 1490 228 1514 ὁ
239 1489 267 1515 δὲ
282 1489 360 1524 λόγος
377 1491 391 1516 ὁ
403 1489 582 1524 εὖαγγελικὺς
597 1490 668 1516 κατὰ
682 1490 779 1525 βουλὴν
795 1490 842 1516 καὶ
855 1489 926 1516 κατὰ
939 1497 1007 1525 προ-

213 1535 320 1570 αίρεσιν
334 1535 401 1562 Θευῦ
413 1536 558 1572 ἀφωρίσοη
572 1546 582 1562 ‹
597 1538 630 1571 τῇ
644 1536 812 1572 κληρονομίᾳ
832 1545 841 1561 ι
863 1535 946 1562 αὐτοῦ
955 1554 962 1566 ,
974 1534 1007 1570 ἥν

213 1580 403 1615 ἀτυενήσαςαν
428 1581 478 1614 σὺ,
501 1581 586 1616 φησὶ,
613 1581 786 1617 κατηρτίσω·
816 1581 887 1607 κατὰ
909 1580 938 1607 δὲ
961 1579 1007 1606 τὸν

219 1625 351 1658 Ἀκύλαν,
375 1635 384 1651 ι
408 1626 639 1662 Μεμσχθηκυῖαν,
660 1627 742 1662 φησὶ,
765 1627 797 1653 σὺ
818 1626 940 1661 ήδρασας
961 1626 1009 1653 αὑ-

213 1671 279 1706 τήν·
305 1679 315 1697 ι
335 1670 406 1697 κατὰ
427 1671 455 1697 δὲ
476 1672 522 1698 τὸν
543 1671 705 1707 Σύμμαχον,
727 1681 736 1698 ι
755 1672 806 1698 Ἢν
824 1672 1007 1707 ἐξεπόνησας,

214 1716 297 1751 φησὶ,
320 1716 367 1743 καὶ
386 1715 519 1751 ῆδρασας.
540 1727 550 1743 ι
571 1718 608 1743 Οὺ
624 1717 711 1745 δεῖδὲ
729 1717 836 1746 πολλῶν
860 1717 948 1752 λόγων
969 1718 1009 1749 είς

212 1761 244 1787 τὸ
257 1761 433 1797 παραστῆσαι
446 1762 521 1794 ὅπως
538 1763 555 1798 ή
576 1762 607 1795 ἐξ
628 1763 714 1791 ἐθνῶν
729 1764 812 1791 πάλαι
831 1764 963 1800 πρότερον
974 1761 1009 1799 ἦν

215 1807 407 1843 μεμοχθηκυῖα
424 1808 516 1838 πόνοις
539 1810 587 1835 καὶ
612 1809 722 1845 μόχθοις
744 1810 794 1846 τῆς
815 1810 1008 1846 είδωλολάτρου

213 1852 320 1887 πλάνης
337 1853 569 1888 καταπονηθεῖσα·
585 1855 759 1891 ἀσθενήσασά
775 1865 804 1882 τε
818 1854 853 1892 ἦν
869 1857 909 1888 είς
923 1857 1009 1892 ὑπερ-

215 1897 307 1933 ϐολὴν,
325 1897 363 1929 ὡς
376 1898 513 1933 μηδεμίαν
529 1900 558 1925 ἐν
571 1900 639 1935 αὐτῇ
653 1900 867 1936 καταλειφθῆναι
882 1901 1009 1936 δύναμιν.

221 1944 291 1970 Ἀλλ’
307 1944 449 1970 ἀναλαϐὼν
469 1945 554 1981 αὐτὴν
570 1946 585 1972 ὁ
601 1946 696 1982 Σωτὴρ
713 1946 898 1982 κατηρτίσατο
912 1947 1009 1982 αὐτὴν,

214 1989 331 2026 ἐδράσας
354 1990 401 2016 ἐπὶ
422 1990 470 2026 τὴν
493 1991 596 2027 πέτραν
620 1991 668 2027 τὴν
692 1992 801 2027 ἀρραγῆ
821 1992 867 2019 καὶ
884 1992 1009 2019 ἄσειστον

170 2076 173 2078 η
212 2036 264 2072 τῆς
287 2036 369 2063 αὐτοῦ
387 2037 515 2069 πίστεως·
530 2038 544 2064 ὃ
563 2037 595 2073 δὴ
619 2038 666 2064 καὶ
686 2038 869 2073 ἐπηγγείλατο
884 2039 1009 2074 ποιήσειν

213 2081 309 2108 εἰπών·
327 2092 336 2108 ι
364 2083 425 2109 Ἐπὶ
437 2082 487 2118 τὴν
500 2083 603 2119 πέτραν
618 2083 789 2118 οἰκοδομήσω
809 2092 859 2119 μου
874 2084 924 2119 τὴν
946 2085 1008 2113 Ἑκ-

213 2129 338 2163 κλησίαν·
358 2130 406 2157 καὶ
422 2129 504 2157 πύλαι
520 2130 583 2166 ᾇδου
600 2131 631 2157 οὐ
649 2131 859 2166 κατισχύσουσιν
877 2131 973 2167 αὐτῆς.
996 2142 1006 2158 ι

218 2174 353 2211 Ἐὂράσας
366 2176 394 2203 δὲ
406 2177 493 2212 αὐτὴν
507 2177 555 2204 καὶ
569 2177 815 2213 καταρτισάμενος,
828 2178 862 2205 τὰ
874 2177 932 2211 ξῶα
945 2179 1009 2205 ἐαυ-

211 2221 259 2248 τοῦ
284 2221 436 2257 κατῴκισεν
458 2224 487 2250 ἐν
508 2223 587 2259 αὐτῇ.
606 2223 668 2250 Ζῶα
686 2223 715 2250 δέ
735 2223 796 2250 τίνα
807 2224 840 2250 ἂν
857 2224 943 2256 εἴποις
960 2223 1007 2251 τοῦ

212 2266 280 2315 ίόεοῦ
292 2268 310 2302 ἢ
324 2268 373 2299 τὰς
388 2269 421 2296 ἐκ
442 2269 493 2304 τῆς
514 2271 578 2305 παρ’
595 2269 669 2305 αὐτῷ
691 2270 764 2305 ζωῆς
785 2270 940 2306 ἁρυομένας
958 2271 1005 2297 καὶ
1020 2287 1043 2315 D

213 2312 432 2349 ζωοποιουμένας
457 2315 561 2351 ψυχάς;
588 2316 644 2344 Καὶ⁸
668 2316 755 2343 ταῦτα
777 2317 881 2349 πάντα,
906 2312 1026 2352 (metu:

216 2369 225 2384 ι
243 2360 395 2395 ἡτοίμασας
416 2371 426 2386 ›
446 2361 490 2388 διὰ
504 2363 553 2397 τῆς
578 2363 627 2399 σῆς
649 2363 832 2400 χρηστότητος
850 2364 898 2390 καὶ
910 2364 1006 2399 φιλαν-

213 2403 377 2440 Ορωπίας,ἢ
392 2405 437 2432 διὰ
456 2415 466 2431 ι
487 2407 536 2442 τῆς
551 2407 602 2442 σῆς
619 2408 809 2444 ἀγαθωσύνης,
829 2418 838 2434 ›
852 2409 923 2436 κατὰ
943 2410 1007 2442 τοὺς

212 2449 324 2482 λοιποὺς
343 2452 528 2488 ὲρμηνευτὰς,
548 2463 557 2478 ‹
581 2453 620 2488 τῷ
640 2454 750 2490 πτωχῷ.
770 2465 779 2481 ι
796 2455 907 2491 Πτωχὺν
922 2456 950 2482 δὲ
966 2457 1009 2483 ὲν-

212 2495 299 2522 ταῦθα
316 2496 434 2532 κέκληκε
451 2498 591 2533 μυστικῶς
612 2499 657 2527 τὸν
673 2500 743 2527 κατά
759 2500 848 2536 σάρκα
863 2501 1006 2537 ἄνθρωπον

212 2542 259 2568 τοῦ
276 2543 402 2578 Σωτῆρος
417 2543 506 2579 ἡμῶν,
519 2544 549 2576 ὃς
567 2553 576 2570 ι
597 2545 724 2578 πλούσιος
742 2545 780 2573 ὣν
801 2546 956 2583 ἐπτώχευσε
973 2548 1006 2575 δι’

211 2588 297 2623 ἡμᾶς,
316 2588 361 2614 ἵνα
373 2589 454 2624 ἡμεῖς
470 2590 503 2625 τῇ
519 2589 601 2616 αὐτοῦ
622 2591 744 2626 πτωχείᾳ.
764 2591 971 2627 πλουτήσωμεν.
994 2603 1004 2620 ι

219 2631 327 2667 Ἐδήλου
350 2632 379 2658 δὲ
399 2633 481 2659 αὐτοῦ
507 2634 563 2669 τὴψ
580 2634 716 2670 πτωχείαν
738 2636 785 2663 καὶ
806 2636 887 2668 αὐτὸς
909 2637 1007 2671 λέγων·

216 2686 225 2702 ‹
242 2677 351 2704 Μάθετε
365 2678 413 2704 ἀπ’
433 2678 517 2715 ἐμοῦ,
534 2680 576 2707 ὅτι
595 2682 681 2717 πρᾶός
698 2683 754 2718 εἰμι
769 2683 816 2709 καὶ
829 2683 957 2714 ταπεινὸς
972 2684 1005 2718 τῇ

213 2722 322 2759 καρδίᾳ..
352 2733 361 2749 ι
385 2724 479 2760 Τούτῳ
494 2723 541 2752 οὖν
557 2726 596 2762 τῷ
610 2728 711 2764 πτωχῷ
729 2730 744 2756 ὸ
762 2728 829 2760 Θεὸς
850 2728 897 2756 καὶ
912 2723 1008 2764 Πατὴρ

213 2766 296 2794 αὐτοῦ
318 2769 352 2804 τῇ
373 2769 455 2796 αὑτοῦ
470 2771 661 2808 φιλανθρωπίᾳ
678 2773 725 2799 καὶ
747 2769 911 2809 χρηστότητι
933 2773 1009 2809 ἡτοί-

254 2860 361 2900 "Ll’sal.
389 2870 419 2896 Ii,
440 2863 465 2896 7,
483 2864 509 2891 8.
551 2865 570 2880 “‘
584 2864 655 2892 l’sal.
683 2872 757 2897 uxr,
773 2864 798 2893 6.
840 2866 861 2882 ²⁰
876 2865 959 2894 Marc.
978 2875 1004 2900 κ,

1087 2867 1108 2883 ¹¹
1125 2865 1219 2893 Matth.
1241 2873 1285 2897 xv,
1305 2865 1349 2894 18.

215 2901 253 2926 ιι,
268 2895 312 2923 29.

1054 290 1137 322 Deus,
1152 291 1301 318 lmreditati
1316 294 1381 321 tum,
1397 291 1425 315 et
1444 287 1580 314 infirmata
1594 288 1647 318 est,
1661 287 1690 311 tu
1703 291 1769 311 vero
1784 290 1846 318 per-

1054 337 1143 365 fecisti
1157 344 1226 364 eam.
1241 347 1251 364 ι
1278 336 1368 368 Tunc,
1399 333 1500 369 inquit,
1521 343 1530 358 ι
1543 340 1605 360 cum
1631 330 1805 366 egredereris
1817 329 1845 356 in

1053 385 1200 417 conspectu
1217 382 1307 416 populi
1316 381 1366 412 tui,
1377 384 1475 407 etcum
1487 377 1670 413 pertransires
1684 376 1712 403 in
1724 376 1844 408 deserto,

1055 431 1127 454 terra
1145 431 1218 454 mola
1229 431 1281 457 est,
1297 430 1325 453 et
1338 425 1401 452 caeli
1417 424 1629 450 distillaveruut.
1650 431 1657 447 ι
1671 420 1698 447 ln
1716 420 1844 455 prtcscnti

1055 476 1146 500 autem
1159 480 1219 499 cum
1236 471 1383 498 ascendisti
1400 477 1482 504 super
1493 476 1633 497 occasum.
1650 464 1844 493 mirabiliaalia

1055 519 1230 555 perpetrasti.
1248 518 1314 545 Nam
1330 516 1481 544 haereditati
1492 520 1544 542 tua:
1561 514 1710 549 segregasti
1725 511 1845 546 pluviam

1055 565 1249 593 voluntariam.
1268 563 1419 591 Hiercditas
1435 569 1515 596 purro
1542 561 1616 587 illius
1642 566 1766 593 quaenam
1787 561 1846 583 erat

1055 616 1116 647 post
1134 612 1251 647 priorem
1266 610 1342 637 illum
1358 609 1498 644 populum,
1512 607 1563 634 nisi
1576 606 1696 632 Ecclesia
1713 603 1844 639 gentium,

1056 660 1085 682 ut
1102 656 1159 690 ipse
1172 655 1252 682 docet
1267 654 1294 681 in
1312 652 1432 681 secundo
1462 651 1584 686 psalmo:
1603 659 1611 674 ι
1628 650 1759 676 Dominus
1778 648 1846 674 dixit

1057 700 1090 727 ad
1104 708 1146 728 me
1164 710 1170 727 ι
1190 699 1275 727 Filius
1287 707 1365 726 meus
1381 707 1410 726 es
1427 702 1467 730 tu,
1485 704 1535 733 ego
1548 696 1628 723 hodie
1644 696 1723 730 genui
1738 701 1774 722 te.
1798 694 1847 721 Po-

1059 746 1130 773 stula
1147 753 1161 773 a
1177 753 1230 776 me,
1242 749 1269 772 et
1284 745 1355 772 dabo
1371 744 1420 771 tibi
1433 748 1526 778 gentes
1555 742 1741 770 baereditatem
1759 745 1844 774 tuam,

1058 794 1085 818 et
1096 791 1296 826 possessionem
1307 795 1379 817 tuam
1388 789 1606 817 terminosterrm
1616 789 1648 816 ¹⁸.
1663 799 1672 815 ι
1686 788 1752 815 Nam
1762 788 1846 815 Filius

1060 836 1118 867 Dei.
1135 836 1179 863 cui
1200 835 1279 863 Pater
1303 835 1428 871 praecipit
1444 839 1473 861 ttt
1490 839 1564 870 petat
1589 835 1617 862 in
1646 834 1845 866 bazredilatem,

1060 890 1115 910 non
1132 881 1287 909 Iudaeorum
1303 886 1421 916 gentem,
1435 880 1481 907 sed
1494 888 1589 907 omnes
1603 885 1697 914 gentes
1715 884 1741 907 et
1754 882 1848 907 termi-

1025 924 1046 951 Β
1060 937 1111 956 nos
1134 932 1223 960 terrm,
1243 928 1370 963 quisnam
1392 927 1484 958 fuerit,
1515 926 1568 953 nisi
1584 926 1630 960 qui
1648 926 1798 953 Ecclesiam
1815 934 1847 952 ex

1059 974 1187 1010 gentibus
1218 973 1387 1002 constituit?
1415 971 1485 999 lluic
1506 973 1598 1007 itaque
1626 971 1776 998 beereditati
1794 979 1849 999 sua:

1059 1021 1210 1056 segregavit
1234 1021 1352 1056 pluviam
1368 1020 1550 1047 voluntariam
1568 1028 1574 1045 :
1591 1025 1676 1053 quare
1698 1017 1794 1044 de'illo
1809 1018 1850 1045 di-

1060 1072 1135 1094 ctutn
1164 1071 1206 1094 est
1225 1077 1230 1094 :
1252 1077 1261 1093 ι
1282 1066 1435 1094 Descendet
1465 1066 1537 1093 sicut
1551 1065 1643 1101 pluvia
1666 1064 1693 1091 in
1708 1064 1806 1095 vellus,
1825 1070 1851 1090 et.

1060 1114 1131 1141 sicut
1148 1113 1287 1140 stillicidia
1315 1113 1446 1140 stillantia
1461 1120 1544 1148 super
1560 1117 1659 1139 terram
1682 1111 1714 1137 ”.
1727 1120 1735 1136 ι
1756 1109 1850 1136 Pluvia

1061 1164 1149 1186 autem
1166 1158 1318 1186 voluntaria
1332 1162 1390 1186 erat
1400 1159 1511 1186 verbum
1527 1158 1712 1194 evangelicum
1730 1177 1736 1189 ,
1749 1161 1775 1184 et
1787 1163 1852 1192 pra:-

1060 1204 1162 1232 dicatio
1176 1203 1241 1230 Novi
1258 1203 1425 1231 Tcstamcnti
1433 1203 1561 1231 Ecclesia:
1574 1203 1693 1238 gentium
1712 1200 1821 1228 tradita.
1831 1200 1852 1227 E

1060 1257 1090 1277 re
1106 1249 1232 1284 adjieitur
1244 1248 1277 1275 ad
1295 1258 1303 1274 ι
1323 1249 1440 1283 pluviam
1454 1259 1462 1275 ι
1481 1249 1557 1282 illud,
1590 1258 1599 1274 4
1619 1248 1820 1276 voluntariam:
1840 1256 1849 1272 ι

1061 1305 1123 1323 nam
1138 1304 1186 1331 per
1203 1295 1324 1331 Moysen]
1353 1303 1408 1322 non
1438 1294 1624 1322 voluntarium
1643 1294 1765 1329 antiquis
1798 1293 1852 1319 illis

1061 1343 1222 1370 tradebatur
1232 1342 1356 1373 verbum,
1374 1341 1436 1376 quia
1451 1349 1506 1369 non
1520 1341 1671 1368 secundum
1687 1340 1775 1375 ipsius
1788 1347 1852 1367 sen-

1062 1389 1173 1416 tentiam
1188 1388 1232 1415 lex
1251 1387 1378 1414 dabatur.
1398 1385 1582 1419 Quamobrem
1598 1386 1659 1414 illos
1673 1386 1712 1413 sic
1727 1385 1853 1412 Salvator

1062 1435 1211 1469 alloquitur
1235 1444 1241 1460 :
1270 1443 1279 1459 ἰ
1298 1432 1405 1467 Moyses
1435 1432 1466 1459 ad
1494 1432 1625 1459 duritiam
1653 1431 1746 1459 cordis
1767 1430 1852 1457 vestri

1062 1481 1173 1515 scripsit
1196 1481 1230 1507 ὀ.
1250 1490 1258 1505 ι
1293 1480 1327 1506 At
1356 1479 1469 1507 verbum
1490 1479 1675 1514 evangelicum
1702 1476 1853 1505 secundum

1062 1529 1231 1555 voluntatem
1262 1530 1289 1553 ct
1318 1525 1480 1552 electionem
1505 1523 1552 1551 Dei
1579 1534 1587 1550 ι
1605 1523 1754 1551 Ιικιεάἱιίιῑί
1771 1532 1780 1548 ι
1795 1522 1854 1557 ejus

1062 1575 1191 1602 traditum
1204 1577 1244 1600 est
1259 1582 1265 1599 :
1280 1580 1361 1607 quam
1375 1570 1511 1598 inlirmatu
1526 1574 1567 1603 tu,
1582 1570 1680 1605 inquit,
1697 1569 1854 1605 perfecisti;

1064 1619 1215 1646 secundum
1243 1618 1387 1652 Aquilam,
1429 1626 1437 1641 ‹
1454 1616 1645 1647 laborantem,
1677 1616 1765 1652 inquit
1784 1636 1792 1648 ,
1825 1620 1854 1642 tu

1064 1664 1186 1691 fundasti
1214 1672 1294 1696 eam;
1326 1673 1334 1688 ι
1365 1662 1516 1689 secundum
1548 1660 1741 1696 Symmachum
1778 1669 1854 1692 vero,

1067 1720 1171 1747 (quam
1200 1710 1359 1741 elaborasti,
1388 1709 1495 1743 inquit,
1530 1712 1556 1734 et
1578 1707 1733 1735 fundasti.)
1762 1707 1856 1744 Neque

1064 1759 1157 1786 multis
1170 1765 1238 1792 opus
1262 1756 1436 1784 sermonibus
1458 1758 1499 1781 est
1523 1753 1555 1780 ad
1580 1753 1774 1780 declarandum
1802 1762 1857 1789 quo

1062 1811 1144 1841 pacto
1159 1804 1281 1839 gentium
1300 1803 1421 1829 Ecclesia
1449 1801 1553 1835 pridem
1568 1799 1686 1831 defessa,
1701 1799 1855 1826 laboribus-

1063 1859 1116 1885 que
1132 1850 1235 1877 erroris
1255 1848 1389 1875 idolorum
1408 1846 1533 1873 conlecta
1551 1849 1634 1875 esset,
1652 1852 1684 1871 ac
1701 1851 1783 1878 supra
1797 1852 1856 1870 mo-

1064 1896 1257 1925 duminfirma,
1274 1898 1302 1920 ut
1319 1894 1394 1920 nulla
1425 1892 1477 1927 ipsi
1509 1892 1596 1917 virtus
1624 1893 1790 1924 superesset.
1804 1889 1858 1916 Sed

1064 1943 1150 1978 ipsam
1169 1942 1299 1969 Servator
1320 1943 1477 1974 susceptam
1501 1938 1626 1973 perfecit,
1644 1937 1726 1970 iuqtte
1739 1935 1816 1962 firma
1830 1940 1859 1963 et

1064 1982 1175 2015 immota
1190 1992 1267 2022 petra
1298 1987 1359 2013 lidei
1381 1993 1437 2013 su.c
1471 1984 1596 2011 fundavit
1611 1992 1616 2008 :
1634 1983 1706 2017 quod
1726 1989 1756 2009 se
1772 1980 1860 2009 factu—

1063 2042 1123 2061 rum
1144 2034 1285 2069 pollicitus
1305 2037 1363 2060 erat
1381 2033 1496 2058 dicens:
1517 2040 1525 2055 ‹
1547 2030 1634 2065 Supra
1654 2034 1757 2064 petram
1774 2029 1858 2056 aedili-

1063 2080 1131 2106 cabo
1156 2078 1306 2105 Ecclesium
1326 2085 1425 2107 meam,
1443 2080 1469 2103 et
1487 2079 1572 2111 portae
1593 2075 1673 2102 inferi
1689 2082 1742 2101 non
1760 2081 1861 2109 praeva-

1063 2126 1158 2153 lebunt
1175 2125 1308 2152 adversus
1323 2132 1392 2151 eam.
1412 2124 1444 2149 ἰ.
1466 2133 1474 2148 ι
1489 2123 1638 2156 Postquam
1661 2129 1726 2148 vero
1738 2120 1861 2148 fundavit

1063 2177 1089 2200 et
1104 2172 1218 2207 perfecit
1235 2192 1241 2203 ,
1260 2170 1390 2197 animalia
1412 2177 1460 2195 sua
1474 2168 1597 2195 habitare
1618 2167 1679 2194 fecit
1696 2167 1723 2194 in
1740 2174 1782 2194 ea.
1795 2165 1861 2194 Ani-

1062 2220 1143 2247 malia
1160 2227 1223 2245 vero
1246 2217 1291 2244 Dei
1308 2224 1367 2251 quae
1391 2216 1494 2242 dixeris
1510 2223 1581 2246 esse,
1600 2214 1654 2241 nisi
1671 2213 1778 2240 animas
1803 2214 1860 2240 vita

1063 2273 1122 2300 qum
1139 2265 1209 2299 apud
1227 2264 1315 2297 ipsum
1331 2268 1382 2293 cst,
1397 2262 1546 2288 instructas
1562 2265 1588 2287 et
1604 2259 1777 2287 donatas?Et
1790 2259 1847 2287 bazc

1059 2311 1158 2346 inquit,
1176 2309 1267 2336 omnia
1284 2307 1546 2344 pcrdulccdinemet
1562 2307 1759 2346 luituauitatcm
1772 2299 1860 2345 tuam:

1059 2358 1117 2385 sive
1140 2364 1188 2391 per
1205 2366 1213 2381 ι
1229 2356 1380 2382 bonitatem
1399 2358 1473 2380 tuam
1487 2364 1495 2379 )
1514 2342 1665 2380 secuitdum
1682 2353 1804 2387 reliquos
1817 2342 1861 2378 in;

1059 2408 1204 2439 terprctcs,
1215 2412 1223 2427 (
1238 2402 1350 2437 pauperi
1368 2400 1486 2435 parasti.
1503 2410 1511 2425 ι
1522 2400 1674 2434 Ριιιιρθτοῐη
1694 2399 1861 2433 bicmysticc

1061 2456 1140 2479 vocat
1155 2450 1291 2477 hominem
1307 2447 1458 2473 Salvatoris
1474 2446 1561 2473 nostri
1574 2446 1724 2473 secundum
1738 2452 1858 2475 carnetn,

1062 2498 1109 2532 qui
1124 2506 1132 2521 (
1149 2504 1210 2522 cum
1225 2495 1300 2521 dives
1312 2498 1393 2524 esset,
1404 2500 1505 2528 egenus
1520 2496 1631 2526 prepter
1644 2499 1693 2519 nos
1705 2491 1792 2518 factus
1806 2494 1859 2522 est,

1063 2548 1092 2571 ut
1110 2551 1160 2570 nos
1177 2543 1236 2577 ejus
1258 2541 1350 2575 inopia
1367 2540 1465 2567 divites
1479 2546 1605 2565 essemus
1620 2540 1653 2564 τ’.
1675 2548 1683 2563 ι
1697 2538 1779 2563 Suam
1796 2545 1860 2564 vero

1062 2591 1120 2626 ipse
1136 2589 1254 2623 inopiam
1272 2589 1313 2614 bis
1331 2587 1423 2613 verbis
1439 2585 1588 2611 declaravit
1603 2593 1609 2609 :
1628 2593 1636 2609 (
1656 2584 1758 2610 Discite
1772 2591 1786 2610 a
1804 2591 1859 2616 me,

1064 2636 1129 2673 quia
1146 2635 1219 2662 mitis
1238 2643 1298 2661 Slllll
1326 2637 1353 2660 et
1376 2632 1487 2659 humilis
1501 2631 1582 2657 corde
1600 2630 1633 2656 ’³.
1655 2640 1663 2655 ι
1690 2629 1759 2656 lluic
1776 2630 1859 2665 igitur

1060 2682 1173 2721 pauperi
1194 2680 1266 2707 Deus
1277 2683 1303 2707 et
1319 2679 1399 2705 Pater
1411 2679 1470 2713 cjus
1481 2678 1648 2704 humanitate
1666 2684 1697 2703 ac
1713 2677 1861 2705 dulcedine

1060 2736 1111 2758 sua
1125 2726 1257 2762 praedicta
1269 2725 1361 2752 omnia
1390 2723 1573 2759 praeparavit;
1597 2722 1722 2750 videlicet
1737 2722 1859 2757 pluviam

1062 2774 1260 2804 voluntariam,
1282 2771 1423 2807 praefatam
1443 2770 1630 2798 bzcreditatem
1654 2772 1682 2796 et
1706 2773 1857 2796 memorata

1407 2865 1430 2880 ¹¹
1447 2864 1469 2892 ll
1483 2865 1548 2893 Cor.
1563 2871 1622 2896 vut,
1640 2863 1667 2890 θ.
1724 2862 1854 2900 “Matth.
