4090 6410
360 376 469 430 6‘25

1065 370 1338 428 EUSEBII
1373 374 1853 431 CASSARIENSES
1893 374 2046 430 ΟΡΡ.
2087 374 2275 430 PARS
2305 373 2391 430 ιιη.
2435 406 2505 415 --
2542 374 2964 432 ΕΧΕΕΕΉΟΛ.

3537 374 3640 437 696

360 497 640 550 animalia.
677 486 1046 559 Quamobrem
1103 501 1228 563 post
1280 493 1409 550 haec.
1441 495 1626 556 omnia
1658 492 1894 551 infertur
1929 511 1937 545 :

2057 512 2199 566 μασε
2247 494 2315 548 τά
2360 492 2731 565 προλεχθέντα
2763 496 2961 548 πάντα·
2993 492 3137 562 λέγω
3181 492 3239 547 δὲ
3270 492 3369 564 τήν
3393 491 3640 546 ἑκούσιον

365 606 384 637 ι
407 583 621 640 Parasti
648 585 704 637 in
737 582 1030 639 dulcedine
1079 592 1175 638 tua
1201 586 1449 656 pauperi.
1504 586 1771 643 Dominus
1794 586 1948 642 dabit

358 676 584 732 verbum
612 675 1125 746 evangelizantibus
1153 677 1355 733 virtute
1387 679 1579 733 multa.
1620 699 1644 732 ι
1674 676 1800 734 Βία
1819 686 1950 733 sunt

358 768 618 836 pmclara
649 764 867 823 Domini
911 781 1105 837 Opera,
1137 768 1233 838 qui
1293 771 1542 826 ascendit
1572 787 1740 842 super
1785 787 1948 828 occa-

357 877 500 916 sum.
528 858 801 927 Quoniam
834 875 967 915 vero
998 875 1061 915 ea
1092 860 1352 916 omnibus
1380 861 1653 917 declarari
1679 864 1947 935 oportuit,

356 953 411 1007 id
434 953 600 1009 etiam
636 954 758 1023 ipse
815 951 1082 1008 Dominus
1133 961 1259 1023 post
1278 954 1489 1023 reliqua
1533 956 1717 1011 omnia
1761 955 1955 1013 eﬂicit-

354 1044 641 1113 Quomodo
688 1053 744 1101 et
787 1062 893 1117 qua
925 1047 1189 1101 ratione?
1214 1044 1544 1104 Hominibus
1590 1050 1813 1120 quidem
1853 1052 1946 1121 qui

354 1154 457 1194 nec
480 1137 761 1209 proprium
788 1140 1016 1193 verbum
1044 1154 1147 1194 nec
1178 1140 1456 1209 propriam
1486 1141 1814 1211 sapientiam
1849 1142 1948 1197 ba»-

353 1234 504 1296 bent,
532 1231 629 1286 sed
659 1231 754 1302 qui
788 1232 1019 1287 omnino
1080 1234 1250 1288 rudes
1274 1241 1329 1289 et
1348 1234 1614 1290 ineruditi
1640 1242 1792 1299 sunt,
1829 1236 1948 1305 ipse

352 1324 581 1377 verbum
632 1322 1007 1394 suppeditabit
1051 1324 1273 1395 plenum
1333 1324 1696 1380 inenarrabili
1724 1325 1945 1379 virtute.

351 1412 458 1483 lpsi
518 1428 649 1469 vero
685 1413 933 1469 roborati
982 1422 1039 1470 et
1093 1416 1300 1471 tradito
1342 1417 1450 1472 sibi
1504 1417 1672 1473 verbo
1714 1416 1946 1483 diserti,

349 1519 631 1574 praecones
660 1504 936 1561 bonorum
991 1506 1162 1562 totius
1193 1508 1387 1563 mundi
1440 1509 1869 1569 constituentur,
1890 1518 1950 1560 ut

338 1606 653 1677 memorata
689 1598 1007 1654 hominibus
1062 1601 1324 1657 omnibus
1378 1602 1729 1658 annuntient.
1765 1602 1950 1669 Quare

346 1698 751 1759 consequenter
779 1700 906 1761 post
936 1693 1195 1761 praelata
1251 1694 1343 1748 illa
1397 1693 1615 1753 Domini
1647 1710 1816 1766 opera
1851 1695 1949 1749 ad-

343 1780 537 1848 jicitur
560 1780 695 1835 illud
739 1800 755 1835 ε

2052 585 2273 657 βροχὴν,
2301 584 2398 655 τὴν
2421 583 2751 656 δηλωθεῖσαν
2774 582 3160 656 κληρονομίαν,
3182 582 3251 636 τά
3272 581 3641 654 προλεχθὲντα

2049 676 2186 743 ζῶα.
2222 676 2314 730 Διδ
2354 678 2466 740 τοῖς
2512 678 2680 729 πᾶσιν
2716 677 3070 747 ὲπενήνεκται
3104 674 3204 739 τὸ,
3243 692 3264 727 ι
3306 673 3640 743 Ἠτοῖμασας

2049 770 2109 823 ὲν
2153 771 2223 840 τῇ
2252 766 2582 839 χρηστότητί
2633 783 2728 819 σου
2771 766 2848 837 τῷ
2893 767 3114 838 πτωχῷ.
3156 765 3362 838 Κύριος
3390 764 3553 818 δώσει
3580 764 3642 817 τὸ

2051 861 2202 932 ῥῆμα
2249 861 2364 922 τοῖς
2411 858 2924 929 εὖαγγελιζομὲνοις
2970 858 3198 928 δυνάμει
3249 857 3441 929 πολλῇ.
3496 876 3517 908 ι
3558 856 3641 912 Τὰ

2054 954 2157 1023 μὲν
2217 948 2620 1023 κατορθώματα
2669 949 2766 1004 τοῦ
2819 949 3212 1020 ὲπιϐεϐηκότος
3264 950 3359 1003 ἐπὶ
3418 948 3640 1021 δυσμῶν

2050 1153 2136 1191 σιν
2173 1133 2480 1207 ἀνθρώποις
2510 1133 2787 1204 γενέσθαι,
2834 1134 2998 1187 πάλιν
3028 1136 3059 1188 ὁ
3100 1134 3265 1199 αὐτὸς
3301 1134 3506 1207 Κύριος
3543 1138 3641 1189 καὶ

2046 1228 2209 1282 τοῦτο
2250 1228 2390 1302 πρὸς
2426 1229 2544 1292 τοῖς
2587 1226 2770 1290 ἄλλοις
2812 1227 3068 1281 ἐπιτελεῖ.
3118 1224 3247 1289 Πῶς
3278 1225 3338 1279 δὲ
3384 1227 3480 1280 καὶ
3516 1226 3641 1280 τίνα

2045 1322 2280 1394 τρόπον;
2336 1319 2671 1391 ’Δνθρὼποις
2720 1319 2795 1390 μὴ
2833 1318 3049 1390 ἔχουσιν
3101 1318 3234 1372 ίδιον
3275 1317 3434 1388 λόγον
3457 1357 3472 1381 ,
3503 1318 3639 1390 μηδὲ

2047 1412 2256 1466 οἰκείαν
2307 1411 2521 1483 σοφίαν,
2557 1411 2847 1475 παντελῶς
2884 1411 2940 1465 δὲ
2990 1408 3230 1473 ἰδιώταις
3270 1410 3638 1481 ἀνεπιστήμο-

2051 1520 2157 1568 σιν,
2204 1503 2368 1563 αὐτὸς
2410 1501 2807 1574 ὲπιχορηγήσει
2857 1501 3009 1572 ῥῆμα
3043 1500 3241 1573 μεστὸν
3284 1500 3495 1569 ἀφάτου
3541 1501 3638 1563 καὶ

2048 1596 2253 1668 πολλῆς
2291 1596 2593 1666 δυνάμεως.
2641 1596 2707 1649 Οἱ
2745 1594 2804 1647 δὲ
2848 1594 3259 1664 δυναμωθέντες
3296 1594 3392 1649 καὶ
3423 1609 3639 1664 στομω-

2048 1689 2236 1752 θέντες
2271 1688 2375 1742 ὐιτὺ
2403 1686 2496 1741 τοῦ
2533 1685 2871 1757 δωρηθέντος
2902 1687 3086 1749 αὐτοῖς
3121 1687 3365 1757 ῥήματος
3396 1686 3638 1757 κήρυκες

2048 1779 2269 1851 ἀγαθῶν
2315 1779 2409 1833 τοῦ
2453 1777 2655 1843 παντὸς
2698 1778 2905 1850 κόσμου
2936 1779 3372 1850 καταστήσονται
3405 1778 3638 1847 εὐαγγε-

347 1871 617 1945 λιζόμενοι
667 1877 835 1929 πᾶσιν
882 1877 1197 1947 ἀνθρώποις
1240 1879 1321 1932 τὰ.
1361 1880 1796 1952 προλελεγμένα.
1851 1878 1943 1932 Διδ
1982 1876 2293 1939 ἀκολούθως
2328 1879 2443 1939 τοῖς
2482 1872 2579 1928 τοῦ
2613 1874 2821 1929 Κυρίου
2889 1873 3314 1946 κατορθώμασιν
3379 1876 3639 1947 ὲπενήνε-

346 1983 472 2020 κται
496 1969 557 2020 τό
587 1985 603 1998 ·

422 2104 441 2137 ι
477 2085 745 2145 Dominus
767 2090 923 2146 dabit
944 2091 1171 2150 verbum
1200 2095 1709 2166 evangelizantibus
1742 2095 1937 2152 virtute

2124 2114 2144 2145 c
2197 2091 2402 2163 Κύριος
2448 2090 2609 2144 δώσει
2648 2089 2797 2161 ῥῆμα
2843 2091 2960 2151 τοῖς
2997 2086 3504 2159 εὐαγγελιζομένοις
3540 2088 3635 2143 δυ-

348 2175 538 2233 multa.
580 2200 597 2231 ι
620 2179 1006 2237 Necessarium
1033 2199 1166 2239 vero
1212 2184 1315 2239 fuit
1346 2186 1397 2239 id
1432 2202 1535 2242 nos
1568 2202 1925 2258 cognoscere,

345 2271 475 2338 quia
498 2274 757 2343 superius
783 2273 1008 2344 quidam
1049 2274 1195 2345 jussi
1227 2285 1362 2332 sunt
1385 2260 1587 2333 can'ere
1616 2291 1670 2335 et
1702 2279 1941 2352 psallere

345 2359 479 2427 Deo,
513 2362 727 2430 iterque
760 2363 943 2419 facere
974 2364 1024 2419 ei
1048 2365 1142 2436 qui
1172 2367 1423 2421 ascendit
1451 2384 1617 2439 super
1639 2384 1936 2426 occasum:

345 2444 510 2522 idque
540 2450 783 2508 declarat
838 2454 1030 2511 dicens
1068 2475 1081 2510 :
1120 2476 1139 2509 ‹
1193 2456 1460 2516 Dominus
1508 2461 1662 2516 dabit
1712 2461 1938 2518 verbum

345 2543 857 2613 cvangeiizantibus
892 2547 1095 2603 virtute
1144 2550 1331 2617 multa.
1376 2571 1396 2602 ι
1444 2549 1543 2607 His
1585 2553 1732 2607 enim
1765 2569 1937 2609 evan-

341 2633 731 2716 gelizantibus,
759 2636 851 2707 qui
889 2653 993 2693 suo
1011 2639 1079 2693 ad
1106 2639 1641 2698 hominestransitui
1674 2645 1819 2699 viam
1848 2661 1940 2716 pa-
1961 2666 1980 2682 ο

344 2712 568 2797 ᾇαὺυιιι,
612 2725 730 2796 ipse
764 2729 859 2799 qui
900 2730 1316 2786 annuntiandus
1347 2732 1416 2788 ab
1470 2734 1605 2803 ipsis
1647 2744 1752 2795 est.
1785 2712 1939 2791 da—bit

345 2819 567 2883 verbum
600 2819 870 2876 divinum.
903 2820 1042 2877 Nam
1072 2822 1230 2877 multi
1288 2833 1447 2880 erant
1490 2826 1739 2895 ejusdem
1782 2829 1937 2884 verbi

340 2925 579 2983 capaces
606 2927 731 2968 cum
764 2914 969 2969 virtute
998 2915 1169 2969 multa
1197 2934 1211 2969 :
1244 2932 1613 2988 magnumque
1646 2920 1782 2990 ipsis
1819 2930 1939 2975 erat

342 3002 656 3073 huiusmodi
686 3006 937 3063 verbum.
970 3009 1116 3077 quod
1148 3008 1215 3062 ad
1256 3007 1538 3078 Evangelii
1569 3012 1934 3068 ministerium

343 3097 637 3167 sudis-cret.
679 3098 804 3170 Ipse
843 3115 1082 3172 namque
1140 3100 1408 3157 Dominus
1462 3103 1768 3173 perfectum
1819 3113 1937 3160 erat

341 3188 438 3255 Dei
469 3188 733 3245 Verbum.
760 3188 803 3243 li
834 3207 964 3246 vero
995 3193 1089 3264 qui
1115 3193 1342 3249 verbum
1403 3204 1737 3266 acceperunt
1781 3195 1935 3251 brevi

341 3278 586 3353 quodam
634 3280 859 3338 virtutis
895 3283 1018 3353 ejus
1067 3283 1251 3338 alllatu
1289 3284 1521 3354 dignati,
1568 3286 1773 3341 virtute
1811 3302 1934 3341 cum

340 3372 515 3426 multa
537 3372 921 3443 praedicantes,
949 3373 1271 3431 universum
1294 3376 1483 3431 orbem
1524 3374 1819 3448 Evangelia
1848 3394 1936 3435 re-

2040 2185 2203 2257 νάμει
2245 2183 2437 2256 πολλῇ.
2475 2201 2493 2234 ι
2540 2182 2863 2250 Ἀναγκαῖον
2902 2180 2959 2235 δὲ
3006 2176 3075 2252 ἦν
3114 2180 3319 2249 γνῶναι
3350 2182 3498 2252 ἡμᾶς
3540 2182 3636 2236 καὶ

2041 2281 2219 2333 τοῦτο.
2274 2276 2494 2348 Ἐπειδὴ
2538 2275 2796 2347 ἀνωτέρω
2852 2273 3252 2345 παρεκελεύετό
3297 2290 3439 2327 τισιν
3486 2273 3634 2346 ᾄδειν

2041 2372 2139 2427 καὶ
2184 2366 2410 2441 ψάλλειν
2449 2367 2528 2439 τῷ
2569 2366 2709 2440 Θεῷ,
2752 2368 3021 2421 ὁδοποιεῖν
3069 2384 3129 2419 τε
3169 2365 3249 2436 τῷ
3282 2364 3633 2436 ὲπιὸεϐηκότι

2039 2466 2133 2520 ἐπὶ
2184 2463 2442 2536 δυσμῶν,
2492 2459 2842 2533 παρέστησεν
2896 2456 3095 2513 εἰπών·
3147 2477 3167 2510 ι
3221 2458 3427 2530 Κύριος
3469 2458 3631 2513 δώσει

2041 2558 2196 2629 ῥῆμα
2229 2559 2342 2620 τοῖς
2377 2552 2891 2622 εὐαγγελιζομένοις
2934 2549 3164 2621 δυνάμει
3209 2549 3401 2621 πολλῇ.
3441 2567 3460 2601 ι
3492 2549 3627 2603 T06-

2038 2665 2153 2712 τοις
2185 2647 2295 2720 γάρ
2325 2649 2439 2711 τοῖς
2466 2642 2982 2715 εὐαγγελιζομένοις
3002 2642 3097 2695 καὶ
3119 2640 3457 2695 ὁδοποιοῦσιν
3483 2640 3628 2711 αὐτῷ

2036 2741 2136 2813 τὴν
2163 2743 2243 2805 εἰς
2267 2737 2588 2811 ἀνθρώπους
2616 2734 2849 2807 πάροδον
2865 2733 3028 2797 αὐτὸς
3051 2735 3080 2786 ὁ
3112 2733 3250 2805 πρὸς
3275 2734 3456 2788 αὐτῶν
3500 2752 3633 2789 κατ-⁹

2039 2832 2436 2904 αγγελλόμενος
2494 2829 2657 2883 δώσει
2724 2827 2876 2899 ῥῆμα
2950 2824 3153 2880 θεῖκόν.
3210 2826 3468 2881 Τοσοῦτοι
3521 2826 3632 2897 γὰο

2035 2919 2177 2995 ἦσαν
2226 2918 2526 2994 χωρητικοὶ
2572 2917 2668 2972 σὺν
2714 2915 2884 2988 πολλῇ
2920 2916 3181 2987 δυνάμει·
3224 2917 3320 2971 καὶ
3364 2917 3507 2988 μέγα
3557 2914 3627 2988 ἦν

2037 3018 2224 3080 αὑτοῖς
2250 3015 2403 3068 τουτὶ
2426 3013 2488 3067 τὸ
2521 3012 2672 3085 ῥῆμα
2700 3011 2795 3064 καὶ
2833 3009 3107 3083 αὔταρκες
3136 3011 3216 3076 εἰς
3244 3009 3343 3082 τὴν
3382 3010 3474 3064 τοῦ
3522 3010 3631 3064 Εὐ·-

2037 3105 2292 3175 αγγελίου
2337 3103 2638 3157 διακονίαν.
2686 3101 2859 3165 Αὐτὸς
2897 3101 2997 3171 μὲν
3042 3099 3148 3173 γὰρ
3179 3102 3209 3153 ὁ
3236 3100 3443 3172 Κύριος
3484 3103 3512 3154 ὁ
3541 3101 3631 3154 τὲ-

2036 3198 2180 3260 λειος
2224 3191 2295 3268 ἦν
2326 3194 2421 3248 τοῦ
2465 3193 2602 3248 Θεοῦ
2636 3193 2829 3263 Λόγος.
2869 3192 2933 3245 Οἱ
2964 3191 3021 3245 δὲ
3057 3191 3213 3263 ῥῆμα
3249 3190 3506 3256 λαϐόντες
3534 3192 3630 3245 καὶ

2038 3289 2297 3361 βραχείας
2324 3288 2467 3352 τινὸς
2490 3288 2591 3359 τῆς
2616 3286 2782 3340 αὐτοῦ
2801 3285 3082 3356 δυνάμεως
3108 3282 3459 3356 ὲμπνεύσεως
3498 3302 3630 3338 κατ-

2037 3380 2360 3447 αξιωθέντες
2388 3379 2489 3452 τὴν
2545 3378 2841 3449 σύμπασαν
2882 3377 3154 3449 ἐπλήρουν
3180 3376 3502 3447 οἰκουμένην
3528 3374 3625 3428 τοῦ

341 3465 631 3535 pieverunt
669 3465 860 3536 :quod
890 3466 1009 3537 ipse
1039 3467 1234 3523 iisdem
1283 3467 1563 3538 pollicitus
1612 3446 1700 3525 bis
1750 3470 1937 3525 verbis

2039 3471 2373 3542 Εὑαγγελίου
2416 3446 2514 3525 σθν
2557 3446 2723 3542 πολλῇ
2770 3446 3420 3541 δυνάμειηκηρῠττοντες.
3452 3466 3626 3520 Τοῦτο

341 3566 461 3612 erat
493 3576 506 3611 :
547 3576 568 3609 σ
594 3554 709 3612 Vos
735 3568 915 3613 autem
945 3558 1231 3629 accipietis
1256 3559 1516 3615 virtutem
1542 3562 1936 3631 supervenien-

344 3652 415 3706 Iis
451 3648 694 3722 Spiritus
737 3650 917 3706 sancti
945 3651 1000 3705 in
1047 3666 1144 3705 vos
1167 3650 1248 3718 ἰς
1283 3670 1302 3703 ι
1335 3649 1650 3707 Secundum
1684 3651 1934 3726 Symma—

342 3743 506 3799 chum
565 3750 748 3797 autem
786 3761 801 3796 :
835 3735 887 3794 ἐ
950 3741 1241 3806 Dominus,
1312 3745 1514 3814 inquit,
1568 3745 1719 3801 dedit
1766 3748 1932 3803 verba

342 3835 745 3907 evangelizanti
774 3835 1042 3891 exercitui
1071 3837 1266 3892 multo.
1312 3856 1331 3889 ι
1360 3836 1558 3909 Ingens
1581 3848 1763 3896 autem
1815 3851 1934 3898 erat

342 3929 647 3986 Salvatoris
676 3930 849 3987 nostri
878 3930 1174 3997 exercitus,
1224 3946 1416 3986 eorum
1478 3932 1690 3989 scilicet
1730 3933 1941 4005 quibus-

340 4022 507 4079 verba
556 4022 649 4077 illa
680 4022 805 4076 data
839 4031 894 4078 et
937 4021 1261 4076 annuntiata
1299 4020 1562 4090 fuerant;
1604 4022 1782 4095 primo
1802 4023 1923 4095 qui-

339 4112 462 4175 dem
497 4113 873 4183 apostolorum
909 4111 1199 4167 duodecim
1223 4129 1238 4177 ;
1265 4112 1509 4168 secundo
1530 4115 1928 4185 discipulorum

339 4204 720 4276 scptuaginta;
766 4212 965 4275 praeter
1005 4204 1122 4260 haec
1158 4220 1291 4260 vero
1322 4206 1557 4259 aliorum
1603 4209 1934 4279 quingento-

338 4309 484 4356 rum,
509 4294 714 4367 quibus
738 4294 907 4349 simul
935 4300 1061 4365 post
1086 4296 1551 4351 resurrectionem
1579 4299 1854 4369 apparuit,
1873 4309 1932 4353 ut

337 4373 561 4440 divinus
606 4384 905 4455 Apostolus
931 4384 1261 4441 testiﬁcatur
1291 4385 1379 4441 bis
1399 4387 1585 4442 verbis
1619 4406 1634 4444 :
1669 4407 1688 4441 ι
1725 4388 1931 4445 Deinde

336 4478 490 4535 visus
512 4484 599 4537 est
640 4477 764 4547 plus
781 4491 946 4546 quam
986 4477 1305 4547 quingentis
1337 4476 1602 4534 fratribus
1623 4480 1787 4535 simul
1822 4497 1836 4536 :
1865 4495 1938 4535 ex

337 4570 541 4638 quibus
568 4568 729 4622 multi
777 4577 1004 4624 manent
1035 4584 1211 4641 usque
1254 4570 1456 4636 adhuc,
1488 4572 1710 4642 quidam
1748 4584 1930 4629 autem

336 4661 685 4717 dormierunt
711 4662 798 4728 '5;
837 4681 855 4713 ι
882 4670 1070 4732 postea
1103 4661 1387 4733 subjungit
1417 4672 1430 4716 ‘:
1479 4682 1499 4716 ι
1538 4663 1742 4722 Deinde
1775 4668 1929 4723 visus

2036 3567 2167 3635 γοῦν
2196 3565 2289 3619 καὶ
2323 3562 2628 3637 ὲπήγγελτο
2661 3566 2843 3628 αὐτοῖς
2863 3564 2930 3617 δι’
2956 3562 3149 3618 ἑαυτοῦ
3172 3563 3371 3632 φήσας·
3393 3582 3411 3613 ε
3434 3560 3625 3632 Ὑμεῖς

2037 3659 2095 3714 δὲ
2123 3659 2362 3730 λήψεσθε
2395 3657 2625 3729 δύναμιν
2653 3655 2973 3721 ἐπελθόντος
2999 3655 3095 3710 τοῦ
3124 3654 3279 3725 ἁγίου
3306 3652 3625 3725 Πνεύματος

2036 3752 2123 3821 ἐφ’
2152 3752 2318 3823 ὑμᾶς.
2353 3770 2372 3803 ι
2400 3751 2559 3803 Κατὰ
2587 3749 2643 3803 δὲ
2670 3749 2761 3804 τὸν
2786 3749 3105 3820 Σύμμαχον.
3137 3768 3156 3801 ι
3188 3746 3416 3822 Κύριος,
3440 3746 3623 3816 φησὶν,

2034 3842 2201 3897 ἔδωκε
2256 3844 2442 3914 ῥήσεις
2473 3843 2550 3911 (l)
2586 3840 3046 3915 εὐαγγελιζομένῃ
3085 3842 3316 3913 στρατιᾷ
3360 3838 3550 3910 πολλῇ.
3603 3830 3631 3887 ›“

2033 3933 2270 4005 Στρατιὰ
2301 3932 2357 3986 δὲ
2378 3928 2447 4004 ἦν
2477 3931 2647 4005 πολλὴ
2671 3931 2765 3986 τοῦ
2799 3932 3054 4003 Σωτῆρος
3080 3929 3238 4001 ἡμῶν
3266 3932 3298 3999 ὴ
3331 3928 3440 3981 τῶν
3471 3928 3629 3993 εὐαγα

2034 4024 2402 4096 γελιζομένων
2432 4025 2532 4088 τὰς
2559 4024 2807 4089 δοθείσας
2831 4025 3014 4087 αὐτοῖς
3045 4023 3252 4095 ῥήσεις,
3276 4017 3494 4089 πρῶτον
3526 4017 3628 4087 μὲν

2034 4116 2349 4170 ἀποστόλων
2397 4115 2488 4170 ιδ’·
2532 4115 2723 4171 ἔπειτα
2770 4114 3026 4189 μαθητῶν
3057 4113 3122 4166 ο’·
3157 4113 3253 4166 καὶ
3291 4112 3384 4164 ἐπὶ
3414 4109 3625 4172 τούτοις
3712 4152 3723 4163 .

2034 4207 2237 4278 ἐτέρων
2274 4213 2346 4276 φ’,
2393 4203 2475 4272 οἷς
2505 4207 2719 4278 ἀθρόως
2757 4206 2930 4275 ἐφάνη
2980 4201 3121 4274 μετὰ
3165 4202 3266 4273 τὴν
3305 4199 3622 4263 ἀνάστασιν,

2033 4297 2109 4363 ὥς
2138 4299 2168 4351 ὁ
2202 4298 2343 4364 θεῖος
2376 4298 2760 4371 ἐμαρτύρησεν
2785 4295 3108 4359 Ἀπόστολος
3131 4293 3320 4349 εἰπών·
3346 4313 3363 4346 ι
3391 4294 3625 4346 Ἔπειτα

2034 4388 2191 4461 ῶςρθη
2225 4391 2413 4445 ἐπάνω
2447 4396 2500 4459 φ’
2528 4389 2777 4459 ἀδελφοῖς
2806 4385 3044 4455 ἐφάπαξ·
3083 4383 3143 4453 ἐξ
3184 4378 3260 4439 ὧν
3299 4386 3348 4438 οἱ
3380 4382 3627 4444 πλείονες

2038 4483 2262 4555 μένουσι
2306 4483 2412 4547 ἓως
2458 4482 2616 4552 ἄρτι,
2648 4481 2792 4543 τινὲς
2829 4479 2886 4533 δὲ
2930 4480 3026 4534 καὶ
3059 4479 3450 4551 ἐκοιμήθησαν·
3491 4496 3509 4529 ι
3542 4468 3633 4545 οἷς

2014 4575 2294 4645 ¹ἐπιλέγει·
2348 4592 2367 4626 ι
2400 4574 2634 4627 Ἔπειτα
2677 4572 2834 4645 ὤφθη
2868 4575 2981 4636 τοῖς
3028 4570 3347 4634 ἀποστόλοις
3375 4570 3562 4623 πᾶσιν.
3600 4586 3621 4617 ι

2032 4664 2213 4722 Ἦσαν
2242 4666 2352 4737 γὰρ
2381 4666 2502 4733 (sic)
2532 4660 2673 4737 ἦσαν
2716 4665 2810 4719 καὶ
2840 4665 2996 4737 μετὰ
3047 4667 3174 4730 τοὺς
3222 4664 3310 4729 ιϐ’,
3345 4662 3443 4717 καὶ
3486 4659 3627 4733 μετά

336 4761 422 4809 est
478 4755 742 4827 apostolis
798 4754 1058 4809 omnibus
1091 4755 1159 4808 ”.
1203 4774 1223 4805 ι
1282 4754 1351 4808 Et
1395 4763 1551 4810 erant
1606 4772 1739 4813 sane
1799 4774 1923 4814 cum

2038 4760 2159 4822 τοὺς
2207 4764 2271 4821 0',
2316 4757 2410 4810 καὶ
2467 4755 2609 4827 μετὰ
2639 4756 2766 4820 τοὺς
2810 4763 2860 4826 φ’
2888 4757 3069 4829 ἕτεροι
3118 4755 3338 4819 πλείους
3383 4753 3628 4825 κήρυκες

338 4844 450 4900 illis
486 4846 797 4907 duodecim.
850 4861 979 4901 cum
1016 4847 1127 4901 illis
1168 4847 1542 4919 septuaginta.
1575 4856 1784 4906 etcum
1819 4851 1930 4909 illis

2038 4848 2127 4902 τοῦ
2154 4846 2512 4916 Εὑαγγελίου,
2561 4847 2705 4902 κατά
2730 4865 2789 4901 τε
2824 4849 2952 4911 τοὺς
2982 4846 3207 4918 χρόνους
3236 4846 3364 4908 τοὺς
3396 4842 3627 4897 ἀποστο-

336 4935 673 5006 quingentis,
731 4937 822 4992 alii
872 4937 1009 4993 bene
1061 4939 1220 4993 multi
1283 4937 1563 5011 Evangelii
1622 4958 1922 5013 praecones,

337 5026 661 5098 apostolicis
710 5027 1073 5097 temporibus,
1115 5034 1170 5082 et
1200 5036 1325 5100 post
1380 5029 1504 5086 illos
1554 5031 1669 5095 alii,
1698 5032 1792 5103 qui
1829 5049 1928 5103 per

332 5113 508 5173 totum
535 5120 722 5173 orbem
758 5120 814 5173 in
842 5119 1102 5176 Ecclesiis
1123 5118 1476 5192 Evangeli‘um
1506 5123 1635 5192 ejus
1659 5127 1927 5195 praedica-

336 5217 488 5274 runt,
514 5211 719 5288 quibus
754 5226 850 5267 rex
885 5210 1151 5267 virtutum
1201 5212 1396 5269 Dilecti
1429 5215 1687 5270 virtutem
1724 5233 1923 5288 suppe-

337 5284 570 5358 ditabat.
602 5302 739 5355 Aliae
768 5302 899 5357 item
940 5310 1139 5372 praeter
1184 5304 1308 5359 illas
1339 5313 1502 5361 erant
1525 5304 1719 5361 Dilecti
1747 5284 1924 5365 vir—tu-

337 5401 441 5454 tes.
468 5392 724 5457 cmlestes
760 5394 1024 5448 nimirum
1059 5395 1360 5460 exercitus,
1389 5399 1590 5468 angeli,
1626 5401 1927 5472 archange—

334 5481 373 5535 li
402 5490 457 5537 et
486 5483 658 5539 divini
684 5485 931 5555 spiritus.
965 5483 1059 5540 ﬁte
1080 5486 1317 5543 virtutes
1344 5487 1538 5546 Dilecti
1563 5499 1742 5547 erant.
1777 5492 1924 5560 Qua-

404 5636 455 5671 “
476 5637 601 5693 Act.
640 5655 681 5703 ι,
715 5640 768 5696 8.
844 5641 933 5694 "1
963 5640 1092 5727 Cor.
1130 5659 1219 5708 xv,
1262 5644 1318 5697 6.
1393 5602 1439 5679 έθ
1463 5645 1594 5701 ibid.
1625 5646 1671 5701 7.

409 5797 487 5866 ιι)
532 5794 779 5862 Drusius,
809 5796 1345 5865 εὐαγγέλιζομεὶνοις,

2034 4940 2240 5004 λικοὺς,
2273 4940 2369 4995 καὶ
2406 4941 2523 5011 μετ’
2557 4941 2801 5004 ἐκείνους
2839 4941 3016 5012 ἕτεροι
3052 4940 3102 4992 οί
3145 4936 3288 4992 κατά
3324 4936 3504 4989 πᾶσαν
3526 4931 3624 5003 τὴν

2032 5033 2357 5106 οἰκουμένην
2392 5035 2450 5087 ὲν
2486 5037 2608 5099 ταῖς
2642 5033 2992 5105 Ἐκκλησίαις
3015 5030 3181 5086 αὐτοῦ
3202 5030 3264 5084 τὸ
3295 5026 3625 5097 Εὐαγγέλιον

2033 5126 2199 5182 αὐτοῦ
2225 5127 2607 5199 κηρύττοντες,
2631 5122 2714 5191 οἷς
2735 5131 2764 5182 ὁ
2793 5125 3048 5198 βασιλεὺς
3079 5124 3187 5177 τῶν
3221 5121 3502 5193 δυνάμεων
3526 5117 3625 5190 τὴν

2030 5218 2131 5272 τοῦ
2160 5219 2471 5292 Ἀγαπητοῦ
2517 5220 2745 5291 δύναμιν
2797 5220 3071 5290 ἐχορήγει.
3110 5217 3335 5286 Ἕτεραι
3377 5213 3433 5266 δὲ
3473 5210 3626 5282 παρά

2031 5306 2257 5375 ταύταις
2283 5312 2378 5365 τοῦ
2414 5311 2725 5382 Ἀγαπητοῠ
2749 5311 3011 5381 δυνάμεις
3041 5304 3182 5379 ἦσαν
3219 5309 3274 5361 αἱ
3305 5307 3426 5361 κατ’
3459 5304 3625 5375 οὐρα-

2030 5404 2123 5457 νὸν
2151 5406 2422 5478 στρατιαὶ,
2452 5404 2672 5474 ἄγγελοι
2708 5405 2800 5458 καὶ
2830 5401 3187 5476 ἀρχάγγελοι,
3211 5399 3306 5452 καὶ
3335 5397 3626 5471 πνεύματα

2033 5497 2172 5552 θεῖα.
2208 5492 2380 5552 Αὖται
2422 5497 2531 5569 γὰρ
2572 5493 2713 5568 ἦσαν
2756 5499 2809 5550 αἰ
2848 5496 3108 5567 δυνάμεις
3149 5492 3243 5548 τοῦ
3286 5490 3623 5565 Ἀγαπητοῦ.
