4090 6438
442 360 574 435 σεῖ’

1570 364 2077 425 COMMENTARIA
2114 364 2181 420 IN
2220 366 2564 426 PSALMOS.

3613 372 3721 428 €98

438 496 533 555 Διδ
561 496 769 571 Κύριος
808 494 917 550 τῶν
957 493 1242 566 δυνάμεων
1278 490 1660 562 ἀνηγόρευται.
1720 488 2001 561 ’Δγαπητὸη

2100 548 2101 551 η
2130 503 2191 544 re
2220 487 2488 547 Dominus
2519 491 2785 547 virtutum
2830 500 3079 550 vocatur.
3130 494 3372 558 Dilectus
3399 502 3580 550 autem
3616 493 3713 549 Dei

436 589 499 645 δὶ
516 589 614 644 τοῦ
642 589 780 644 Θεοῦ
809 588 893 653 τίς
918 584 987 660 ἦν
1013 588 1047 660 ἢ
1090 589 1119 640 6
1146 584 1457 657 Μονογενὴς
1490 583 1620 647 Υἱὸς
1652 580 1743 637 τοῦ
1769 580 1938 647 Θεοῦ;
1974 574 2019 650 ᾧ

435 687 471 755 ή
508 684 749 755 πατρικὴ
780 682 933 751 φωνὴ
961 678 1265 752 ἐμαρτύρει
1311 677 1533 749 φήσασα
1554 693 1568 706 ·
1601 694 1620 726 ι
1662 670 1833 738 Οὗτός
1871 675 2019 728 ἐστιν

434 777 465 831 6
514 774 645 838 Υίός
696 791 797 844 μου
841 775 871 826 6
910 770 1215 844 ἀγαπητὸς,
1250 772 1331 834 είς
1370 768 1429 821 ὃν
1470 767 1767 839 ηὐδόκησα·
1805 787 1823 818 ι
1850 757 2020 828 Οὗτος

433 861 615 916 τοίνυν
658 862 686 913 ὁ
732 860 986 932 βασιλεὺς
1033 860 1145 915 τῶν
1186 859 1282 914 τοῦ
1340 858 1652 931 ’Δγαπητοῦ
1691 857 1976 929 δυνάμεων
2001 894 2016 919 ,

432 951 624 1026 ὥσπερ
664 955 785 1016 ταῖς
833 955 957 1009 κατ’
1004 953 1230 1026 οὐρανὸν
1278 951 1574 1024 δυνάμεσιν
1626 952 1880 1024 ἐχορήγει
1918 952 2019 1016 τὰς

431 1044 624 1102 ἑαυτοῦ
659 1046 998 1118 εὐεργεσίας,
1035 1046 1210 1111 οὕτως
1247 1046 1343 1101 καὶ
1378 1049 1492 1110 τοῖς
1521 1046 1615 1099 ἐπὶ
1643 1045 1747 1116 γῆς
1789 1045 2019 1113 εὐαγγε-

430 1142 738 1215 λιζομένοις
771 1141 955 1196 δίδωσι
979 1141 1041 1194 τὸ
1078 1138 1430 1215 εὐαγγελικὺν
1468 1137 1622 1209 ῥῆμα
1659 1136 1756 1189 σὺν
1791 1135 2018 1206 δυνάμει

429 1235 623 1307 πολλῇ.
654 1235 768 1290 Καὶ
791 1234 944 1289 αὐτοὶ
981 1233 1041 1288 δὲ
1071 1214 1215 1289 οὗτοι
1243 1233 1295 1287 οἱ
1328 1232 1421 1285 ἐπὶ
1455 1230 1560 1301 γῆς
1590 1230 1844 1302 στρατιαὶ
1873 1224 2016 1300 ἦσαν

428 1327 597 1384 αὐτοῦ
639 1329 736 1382 καὶ
782 1325 1042 1398 δυνάμεις
1084 1322 1272 1379 αὑτοῦ.
1299 1322 1390 1377 Διὸ
1425 1319 1566 1375 κατά
1593 1320 1684 1374 τὸν
1720 1319 2016 1392 Σύμμαχον

427 1420 697 1476 λέλεκται·
737 1438 756 1471 ι
787 1416 1040 1480 Βασιλεῖς
1070 1415 1178 1469 τῶν
1220 1412 1520 1486 στρατειῶν
1560 1410 1948 1484 ἠγαπήθησαν,
1987 1428 2007 1462 ι

424 1512 483 1585 ἢ,
528 1512 806 1582 ἀγαπητοί⁵
857 1510 1125 1579 ἐγένοντο.
1166 1506 1389 1571 Τούτοις
1431 1506 1488 1567 δὲ
1529 1506 1712 1570 αὐτοῖς
1755 1505 1850 1559 καὶ
1886 1502 2015 1559 ἀλλο

422 1603 673 1677 χάρισμα
704 1602 1044 1675 ἐδωρήσατο·
1069 1600 1229 1654 τοῦτο
1267 1599 1325 1653 δέ
1356 1594 1424 1671 ἦν
1452 1598 1515 1651 τὸ
1544 1597 1818 1655 διελέσθαι
1840 1596 2013 1651 σκύλα

421 1699 504 1762 είς
544 1696 857 1768 ὡραιότητα
893 1695 989 1748 τοῦ
1037 1694 1211 1749 οἴκου.
1271 1691 1558 1763 Ὠραιότης
1604 1692 1701 1760 μὲν
1751 1691 1903 1745 οἴκου
1942 1688 2015 1743 τὰ

419 1790 791 1863 διαπρέποντα
839 1790 899 1841 ἐν
938 1790 1008 1859 τῇ
1055 1784 1353 1857 Ἐκκλησία
1382 1783 1475 1839 τοῦ
1517 1783 1655 1837 Θεοῦ
1695 1783 1781 1855 εἴη
1815 1781 1880 1836 ἂν
1908 1781 2009 1835 τά-

2121 582 2248 654 quis
2273 580 2459 646 fuerit,
2491 582 2600 639 nisi
2632 581 2956 656 Unigenitus
2988 585 3161 643 Filius
3192 586 3308 652 Dei,
3342 587 3430 642 eui
3453 586 3569 641 haec
3617 601 3715 655 ra-

2121 681 2279 730 terna
2307 690 2413 730 vox
2438 676 2841 732 testificabatur
2869 695 2883 732 :
2924 697 2942 730 ι
2982 677 3083 733 ilic
3114 686 3199 733 est
3226 678 3398 734 Filius
3438 694 3593 735 meus
3626 678 3713 732 di-

2121 766 2318 835 lectus,
2360 767 2417 822 in
2448 783 2558 839 quo
2588 768 2719 823 mihi
2759 770 3070 841 complacui
3100 770 3188 825 "2
3226 790 3244 822 ι
3273 769 3374 826 Hic
3395 771 3575 842 itaque
3614 785 3708 825 rex

2119 859 2383 913 virtutum
2409 856 2624 923 Dilecti,
2654 860 3113 931 quemadmodum
3145 861 3463 931 caelestibus
3482 861 3707 915 virtuti-

2118 949 2224 1006 bus
2254 951 2520 1007 beneﬁcia
2565 968 2667 1008 sua
2710 954 3169 1010 subministrabat
3188 996 3203 1020 ,
3236 955 3318 1012 sic
3346 963 3401 1010 et
3430 954 3708 1025 evangeli«

2120 1040 2375 1097 zantibus
2421 1044 2479 1096 in
2526 1049 2674 1099 terra
2723 1044 2954 1101 verbum
3010 1046 3105 1100 dat
3164 1046 3539 1117 evangelicum
3579 1060 3707 1099 cum

2119 1130 2321 1186 virtute
2354 1133 2545 1186 multa.
2578 1131 2621 1186 li
2653 1148 2785 1189 vero
2835 1135 2962 1205 ipsi,
2994 1137 3089 1206 qui
3144 1135 3200 1190 in
3233 1144 3383 1191 terra
3413 1135 3704 1207 degebant,

2116 1225 2395 1281 exercitus
2422 1232 2477 1281 et
2506 1226 2742 1282 virtutes
2784 1227 2905 1298 ejus
2953 1240 3131 1285 erant.
3189 1228 3371 1296 Quare
3400 1228 3706 1284 secundum

2119 1316 2507 1389 Symmachum
2556 1319 2796 1385 dicitur,
2839 1339 2858 1372 ι
2904 1319 3081 1393 Reges
3122 1323 3464 1378 exercituum
3519 1320 3706 1377 dilecti

2117 1418 2267 1477 sunt,
2300 1432 2318 1463 ι
2351 1413 2467 1468 sive
2497 1413 2682 1469 dilecti
2712 1425 3026 1472 evaserunt.
3075 1414 3175 1470 His
3203 1432 3333 1472 vero
3367 1416 3503 1487 ipsis
3532 1417 3704 1471 altera

2114 1505 2293 1574 gratia
2344 1505 2545 1560 collata
2582 1515 2700 1573 est;
2736 1507 2791 1561 id
2833 1517 2974 1571 erat,
3007 1515 3066 1563 ut
3099 1509 3407 1565 dividerent
3437 1510 3612 1580 spolia
3647 1509 3703 1564 in

2115 1597 2356 1666 speciem
2388 1597 2608 1655 domus.
2640 1598 2866 1671 Species
2902 1602 3124 1673 quidem
3155 1603 3352 1658 domus
3376 1601 3581 1659 fuerint
3612 1618 3705 1658 or-

2114 1687 2229 1742 nati
2257 1695 2314 1742 et
2338 1687 2523 1745 decori
2555 1689 2633 1744 illi
2666 1691 2723 1746 in
2751 1690 2999 1749 Ecclesia
3048 1693 3145 1748 Dei
3175 1693 3429 1762 ordines;
3468 1710 3703 1766 quorum

2115 1794 2175 1834 se
2205 1778 2464 1849 cupidum
2494 1781 2768 1852 quispiam
2795 1780 3226 1847 fatetur,dicens
3253 1803 3266 1839 :
3293 1803 3311 1835 ι
3339 1782 3587 1848 Domine,
3618 1784 3705 1839 di-

418 1898 625 1953 γματα*
672 1874 750 1936 ὧν
795 1881 890 1935 καὶ
916 1879 1262 1951 ἐπιθυμητὴς
1289 1876 1542 1948 ὁμολογεῖ
1582 1893 1667 1940 τις
1705 1875 2001 1945 γεγονέναι,

2112 1872 2216 1927 lexi
2248 1872 2505 1926 decorem
2527 1872 2724 1929 domus
2752 1881 2880 1939 tute,
2907 1884 2960 1929 et
2986 1875 3166 1929 locum
3199 1873 3552 1930 habitationis
3585 1875 3703 1945 glo-

418 1973 621 2043 φήσας·
654 1988 674 2024 ι
723 1970 939 2043 Κύριε,
974 1969 1242 2041 ἠγάπησα
1297 1967 1630 2039 εὐπρέπειαν
1685 1964 1837 2020 οἴκου
1887 1982 2004 2029 σου,

416 2062 513 2116 καὶ
557 2060 725 2114 τόπον
778 2059 1138 2131 σκηνώματος
1184 2056 1342 2128 δόξης
1395 2074 1512 2111 σου.
1567 2077 1587 2111 ι
1638 2056 1749 2111 Καὶ
1808 2054 2003 2110 πάλιν·

421 2171 443 2204 ε
477 2153 623 2208 Μίαν
649 2154 943 2224 ᾐτησάμην
974 2150 1128 2223 παρά
1160 2150 1366 2222 Κυρίου
1387 2189 1402 2213 ,
1435 2148 1641 2220 ταύτην
1672 2148 1911 2220 ζητήσω,
1945 2146 2008 2201 τὸ

415 2247 688 2299 κατοικεῖν
723 2261 791 2315 με
816 2245 876 2297 ἐν
902 2245 1038 2314 οἴκῳ
1071 2241 1280 2315 Κυρίου
1319 2240 1499 2305 πάσας
1536 2240 1636 2303 τὰς
1667 2239 1880 2311 ἡμέρας
1906 2239 2007 2309 τῆς

413 2335 558 2406 ζωῆς
603 2354 741 2408 μου,
790 2334 886 2389 τοῦ
933 2335 1159 2406 θεωρεῖν
1209 2352 1277 2407 με
1307 2335 1406 2406 τὴν
1433 2332 1775 2405 τερπνότητα
1799 2332 2004 2403 Κυρίου

412 2429 509 2483 καὶ
540 2429 970 2483 ἐπισκέπτεσθαι
991 2428 1082 2482 τὸν
1118 2428 1245 2482 ναὸν
1273 2427 1461 2483 αὑτοῦ.
1504 2447 1525 2485 ι

480 2540 563 2594 Τά
580 2541 749 2611 ’Ἅγια
767 2540 948 2594 τοίνυν
970 2539 1080 2593 τῶν
1105 2539 1277 2609 ἁγίων
1298 2538 1383 2612 εῐη
1412 2539 1478 2593 ἂν
1509 2540 1543 2610 ἡ
1575 2540 1878 2611 τερπνότης
1909 2541 2004 2594 καὶ

409 2630 683 2703 ὡραιότης
715 2630 809 2684 τοῦ
839 2630 989 2684 οἴκου
1030 2630 1126 2683 τοῦ
1170 2630 1328 2684 Θεοῦ.
1373 2629 1555 2684 Ταῦτα
1591 2630 1649 2684 δέ
1691 2632 1806 2683 ἐστι
1849 2630 1920 2684 τὰ
1946 2633 2004 2683 ἐν

412 2722 737 2795 σωφροσύνῃ
766 2723 860 2776 καὶ
897 2722 1111 2792 ἁγνείᾳ,
1144 2724 1239 2778 καὶ
1268 2722 1601 2796 δικαιοσύνῃ,
1633 2722 1728 2776 καὶ
1754 2725 1874 2785 ταῖς
1898 2723 2007 2775 λοι-

411 2816 542 2876 παῖς
569 2813 794 2884 ἀρεταῖς
824 2812 1197 2883 διαλάμποντα
1226 2816 1327 2886 τῆς
1373 2813 1698 2885 Ἐκκλησίας
1736 2812 1829 2868 τοῦ
1865 2814 2003 2868 Θεοῦ

409 2905 686 2976 τάγματα.
719 2906 815 2970 Είς
846 2905 903 2958 δέ
925 2906 1026 2978 τὴν
1054 2906 1363 2978 ὡραιότητα
1390 2906 1594 2978 ταύτην
1628 2906 1801 2962 σκύλα
1832 2907 2002 2961 διελέ-

411 2996 535 3051 σθαι
568 3000 682 3060 τοῖς
721 2996 888 3051 αὑτοῦ
932 2997 1294 3069 στρατιώταις
1338 2997 1644 3071 ἐδωρήσατο
1688 3002 1717 3054 6
1753 3000 2003 3071 βασιλεὺς

406 3090 516 3143 τῶν
565 3089 866 3160 δυνάμεων.
930 3089 1050 3143 Τῶν
1108 3089 1218 3162 γὰρ
1267 3089 1541 3162 πολεμίων
1585 3092 2039 3165 ἀνατραπέντων.

406 3182 502 3238 καὶ
552 3183 633 3246 είς
676 3183 856 3253 φυγὴν
903 3183 1323 3255 κεχωρηκότων,
1362 3183 1508 3252 λέγω
1540 3185 1597 3239 δὲ
1636 3185 1745 3240 τῶν
1775 3186 1998 3256 ἀφανῶν

405 3275 502 3331 καὶ
546 3275 797 3347 ἀοράτων
825 3275 1130 3346 δυνάμεων,
1169 3277 1300 3348 περὶ
1336 3269 1412 3331 ὧν
1452 3277 1710 3351 ἀνωτέρω
1754 3278 1992 3348 ἐλέγετοο

410 3386 431 3419 ο
496 3366 811 3440 Ἀναστήτω
869 3368 899 3420 6
958 3367 1092 3433 Θεὸς
1156 3369 1251 3422 καὶ
1310 3368 1892 3443 διασκορπισθήτωσαν
1946 3373 1996 3426 οί

403 3456 590 3530 ἐχθροὶ
618 3457 807 3523 αὑτοῦ,
838 3458 1161 3527 φυγέτωσαν
1192 3460 1395 3525 πάντες
1436 3463 1485 3514 oi
1522 3462 1807 3534 μισοῦντες
1834 3463 1998 3520 αὑτὸν

402 3550 514 3605 ἀπὸ
563 3550 858 3622 προσώπου
901 3551 1069 3605 αὐτοῦ
1090 3590 1105 3617 ,
1158 3571 1179 3604 ι
1220 3555 1268 3606 οἱ
1309 3553 1406 3606 τοῦ
1458 3554 1680 3626 νικητοῦ
1730 3554 1997 3626 βασιλέως

407 3639 743 3711 στρατιῶται
774 3640 844 3693 τὰ
888 3641 1061 3699 σκύλα
1091 3642 1296 3717 τούτων
1327 3646 1407 3709 είς
1438 3646 1665 3709 ἑαυτοὺς
1690 3644 1992 3720 διῃροῦντο.

407 3727 590 3781 Σκύλα
638 3729 698 3782 δέ
745 3724 888 3800 ἦμεν
920 3731 1086 3801 ἡμεῖς
1122 3734 1220 3788 καὶ
1267 3735 1376 3788 πᾶν
1420 3734 1485 3788 τὸ
1533 3736 1641 3789 τῶν
1691 3735 1996 3809 ἀνθρώπων

407 3820 586 3888 γένος,
619 3819 681 3872 τὸ
722 3819 892 3874 πάλαι
937 3822 1207 3894 πρότερον
1252 3825 1566 3897 ὑποχείριον
1610 3826 1720 3880 τῶν
1752 3830 1994 3882 ἀντικει-

408 3912 587 3983 μένων
627 3911 913 3982 δυνάμεων
945 3913 1342 3983 γεγενημένον·
1372 3904 1449 3969 ὧν
1481 3916 1913 3982 ἀπελασθεισῶν,
1944 3922 1993 3973 οἰ

403 4004 499 4061 τοῦ
529 4006 782 4077 Σωτῆρος
805 4004 962 4077 ἡμῶν
986 4005 1225 4077 μαθηταὶ
1251 4008 1345 4061 καὶ
1375 4009 1682 4075 ἀπόστολοι,
1712 4012 1807 4064 καὶ
1839 4012 1997 4081 εὐαγ-

403 4099 650 4170 γελισταὶ
670 4141 685 4164 ,
716 4100 752 4170 ἦ
797 4116 858 4152 τε
903 4099 1064 4172 λοιπὴ
1117 4099 1282 4154 αὐτοῦ
1338 4102 1630 4171 στρατεία,
1678 4103 1778 4167 τὰς
1825 4103 1994 4158 πάλαι

407 4192 675 4265 πρότερον
711 4192 1115 4264 ὲσκυλευμένας
1141 4192 1342 4264 ψυχὰς,
1376 4194 1564 4266 κτῆμα
1597 4196 1727 4250 ίδιον
1766 4198 1994 4270 ποιησά-

407 4302 590 4356 μενοι,
641 4284 979 4357 διενείμαντο
1035 4285 1115 4349 είς
1160 4284 1443 4354 ἀλλήλους.
1491 4285 1705 4351 Παῦλος
1752 4288 1850 4358 μὲν
1900 4282 1994 4343 οὖν

402 4378 513 4431 ἀπὸ
568 4374 924 4449 Ἰερουσαλὴμ
974 4376 1067 4430 καὶ
1116 4376 1302 4448 κύκλῳ
1346 4377 1508 4448 μέχρι
1546 4377 1640 4431 τοῦ
1697 4378 1992 4452 Ἰλλυρικοῦ

401 4468 472 4522 τὰ
502 4467 564 4533 ἐξ
592 4467 761 4522 ἐθνῶν
794 4466 1095 4540 ἐκληροῦτο
1126 4467 1319 4523 σκύλα·
1344 4468 1552 4541 Πέτρος
1594 4469 1653 4523 δὲ
1682 4470 1844 4525 πάλιν
1876 4472 1995 4525 ἑτέ-

2064 1972 2069 1975 ·
2108 1958 2203 2015 riae
2240 1970 2349 2015 tua:
2376 1961 2451 2027 '3;
2486 1980 2506 2014 ›
2545 1976 2610 2017 ac
2639 1978 2858 2018 rursum
2888 1983 2902 2019 :
2949 1982 2969 2015 ι
3012 1965 3188 2020 Unam
3230 1965 3357 2035 petii
3384 1980 3414 2017 a
3445 1963 3700 2029 Domino.

2107 2051 2249 2104 hanc
2273 2051 2571 2121 requiram,
2596 2059 2656 2106 ut
2685 2052 2984 2109 inhabitem
3014 2055 3070 2109 in
3097 2055 3261 2110 domo
3291 2052 3506 2110 Domini
3524 2055 3702 2108 omni-

2106 2141 2423 2197 busdiebus
2451 2144 2575 2198 vitae
2607 2159 2740 2199 mean
2764 2162 2779 2204 ;
2800 2154 2860 2198 ut
2896 2145 3109 2201 videam
3127 2145 3463 2217 voluptatem
3484 2143 3699 2200 Domini

2104 2242 2160 2291 ct
2192 2236 2412 2292 visitem
2446 2238 2713 2308 templum
2745 2239 2868 2310 ejus
2894 2239 2961 2295 ".
2998 2258 3019 2292 ι

2179 2522 2383 2579 Sancta
2441 2531 2764 2580 sanctorum
2821 2526 3009 2596 itaque
3063 2535 3318 2596 voluptas
3373 2543 3441 2582 ac
3484 2529 3697 2599 species

2105 2613 2303 2672 domus
2333 2614 2428 2670 Dei
2465 2615 2689 2671 fuerint.
2721 2615 2787 2671 ili
2822 2631 2993 2687 porro
3023 2627 3154 2673 sunt
3184 2619 3447 2675 Ecclesia:
3489 2619 3583 2675 Dei
3608 2635 3699 2676 or-

2104 2705 2282 2768 dines.
2332 2707 2721 2777 temperantia,
2778 2709 3081 2772 castitate,
3125 2709 3343 2778 justitia
3390 2720 3444 2765 et
3481 2714 3696 2767 caeteris

2104 2795 2404 2854 virtutibus
2436 2798 2732 2869 fulgentes.
2765 2798 2845 2852 Ad
2880 2801 3046 2855 talem
3082 2816 3213 2872 ergo
3253 2802 3489 2871 speciem
3521 2803 3696 2872 spolia

2104 2889 2350 2947 dividere
2377 2906 2473 2947 rex
2500 2891 2767 2948 virtutum
2792 2892 3064 2948 militibus
3090 2895 3208 2950 suis
3236 2896 3532 2950 concessit.
3561 2894 3697 2952 Ver-

2106 2982 2185 3039 sis
2216 2983 2362 3039 enim
2421 2990 2477 3039 et
2525 2982 2731 3055 fugatis
2782 2986 3046 3052 inimicis,
3090 2988 3324 3043 occultis
3357 2988 3606 3044 videlicet
3640 2997 3696 3045 et

2106 3073 2478 3137 invisibilibus
2508 3076 2829 3142 virtutibus,
2855 3077 2923 3132 de
2950 3078 3155 3148 quibus
3196 3080 3450 3149 superius
3472 3080 3666 3136 diccha

2106 3176 2197 3222 tur
2226 3187 2238 3221 :
2272 3187 2292 3220 ‹
2331 3166 2605 3240 Exsurgat
2638 3166 2807 3233 Deus,
2835 3177 2891 3224 et
2921 3168 3267 3242 dissipentur
3298 3172 3505 3227 inimici
3547 3173 3691 3244 ejus,

2025 3228 2068 3285 θ
2102 3258 2315 3331 fugiant
2373 3273 2567 3316 omnes
2606 3259 2703 3330 qui
2742 3260 2978 3315 oderunt
3033 3277 3160 3317 eum
3211 3262 3422 3333 a'facie
3467 3264 3625 3334 ejus;
3665 3284 3687 3319 ι

2098 3351 2327 3407 victoris
2357 3352 2504 3421 regis
2537 3352 2743 3409 milites
2777 3354 2951 3425 spolia
2994 3369 3185 3409 eorum
3237 3355 3380 3411 inter
3415 3372 3475 3413 se
3503 3357 3693 3413 distri-

2096 3445 2361 3501 buerunt.
2394 3445 2582 3518 Spolia
2615 3454 2799 3503 autem
2842 3463 2943 3504 nos
2973 3465 3238 3518 eramus;
3272 3458 3557 3521 totumque
3591 3450 3693 3506 ho-

2098 3539 2308 3594 minum
2361 3556 2557 3609 genus,
2595 3541 2726 3595 olim
2777 3539 3118 3599 adversariis
3159 3543 3461 3598 virtutibus
3506 3544 3692 3599 subdi-

2097 3636 2236 3687 tum.
2270 3630 2485 3697 Quibus
2534 3634 2772 3703 repulsis
2822 3632 3124 3692 Salvatoris
3173 3636 3346 3694 nostri
3408 3635 3687 3709 discipuli,

2098 3726 2334 3794 apostoli
2373 3734 2428 3780 et
2453 3727 2824 3795 evangelistzc,
2861 3734 2915 3783 et
2964 3729 3212 3799 reliquus
3250 3729 3369 3798 ejus
3413 3733 3689 3788 exercitus

2098 3817 2336 3883 animas,
2371 3833 2493 3888 qua:
2523 3819 2653 3873 olim
2681 3829 2854 3891 raptae
2884 3819 3126 3888 fuerant,
3156 3825 3316 3894 quasi
3354 3825 3410 3879 in
3439 3833 3686 3896 potesta-

2097 3912 2206 3961 tem
2235 3915 2290 3962 et
2322 3906 2587 3964 ditionem
2636 3925 2792 3965 suam
2837 3910 3110 3979 redactas,
3138 3914 3281 3971 inter
3300 3930 3362 3972 se
3389 3916 3689 3973 distribue-

2096 4006 2244 4052 runt.
2276 3996 2480 4055 Paulus
2511 3999 2783 4070 siquidem
2805 4002 2876 4056 ab
2903 4000 3207 4060 Jerusalem
3240 4014 3295 4063 et
3328 4007 3524 4064 vicinis
3550 4009 3688 4065 locis

2098 4106 2273 4160 usque
2326 4091 2395 4146 ad
2447 4091 2746 4164 Illyricum,
2774 4095 3020 4163 gentium
3065 4097 3243 4166 spolia
3289 4098 3518 4154 sortitus
3550 4108 3683 4154 est:

2095 4182 2293 4240 Petrus
2332 4186 2460 4239 item
2493 4185 2724 4239 aliarum
2750 4187 3019 4256 gentium,
3050 4187 3292 4245 Joannes
3319 4190 3524 4262 pariter
3557 4192 3687 4246 alia-

2094 4291 2241 4340 rum,
2269 4291 2337 4333 ex
2369 4276 2595 4346 reliquis
2625 4280 2891 4348 apostolis
2924 4281 3127 4352 singuli
3167 4281 3398 4337 aliarum
3431 4284 3685 4340 similiter

2094 4370 2341 4440 gentium
2374 4370 2552 4440 spolia
2578 4371 2889 4428 obtinuere.
2931 4373 3007 4430 Ex
3039 4374 3243 4446 quibus
3278 4376 3470 4448 spoliis
3497 4378 3688 4433 excel-

2096 4461 2332 4516 lentiora
2361 4461 2586 4517 donaria
2613 4462 2681 4518 ad
2700 4465 2937 4535 speciem
2960 4466 3158 4523 domus
3188 4467 3281 4523 Dei
3305 4478 3687 4541 segregarunt.

404 4574 513 4629 ρων
546 4557 716 4612 ἐθνῶν
746 4556 840 4611 καὶ
891 4557 1145 4627 Ἰωάννης
1180 4556 1440 4621 ὡσαύτως
1473 4556 1709 4629 ἐτέρων,
1754 4559 1847 4612 καὶ
1880 4558 1991 4611 τῶν

2100 4554 2461 4618 Quamobrem
2494 4555 2701 4610 dictum
2729 4564 2849 4612 est:
2892 4576 2911 4608 ι
2949 4557 3014 4613 Et
3053 4561 3255 4630 speciei
3301 4560 3498 4616 domus
3542 4561 3691 4616 divi-

399 4648 605 4704 λοιπῶν
650 4648 964 4703 ἀποστόλων
1004 4649 1236 4712 ἕκαστος
1276 4650 1694 4722 παραπλησίως.
1745 4651 1861 4721 Ἀφ’
1914 4644 1990 4706 ὧν

402 4738 615 4794 σκύλων
656 4738 728 4793 τά
770 4739 1025 4812 ἐξαίρετα
1057 4740 1406 4812 ἀναθήματα,
1448 4743 1528 4806 εἰς
1557 4742 1869 4815 ὡραιότητα
1891 4742 1987 4797 τοῦ

399 4833 550 4886 οἴκου
577 4831 672 4886 τοῦ
697 4832 831 4887 Θεοῦ
865 4831 1162 4904 ἀφώριζον.
1194 4833 1286 4886 Διὸ
1314 4833 1582 4887 λέλεκται·
1607 4854 1626 4887 ι
1651 4834 1763 4889 Καὶ
1784 4835 1985 4907 ὡραιό-

397 4939 521 4993 τητι
586 4920 680 4976 τοῦ
730 4922 881 4975 οῖκου
940 4920 1208 4976 διελέσθαι
1257 4921 1449 4978 σκύλα.
1501 4924 1626 4979 Ἐὰν
1684 4924 1987 4997 κοιμηθῆτε

396 5015 501 5071 ἀνὰ
549 5014 714 5085 μέσον
744 5014 853 5069 τῶν
885 5013 1102 5086 κλήρων
1149 5014 1419 5086 πτέρυγες
1462 5018 1794 5089 περιστερᾶς
1828 5035 1987 5088 περι-

393 5105 810 5179 ⁴ηργυρωμέναι,
865 5107 960 5160 καὶ
992 5106 1062 5160 τὰ
1110 5106 1427 5178 μετάφρενα
1475 5107 1644 5180 αὐτῆς
1677 5110 1736 5162 ἐν
1781 5109 1989 5183 χλωρό-

394 5214 518 5268 τητι
566 5198 811 5270 χρυσίου.
866 5216 886 5250 ι
936 5198 1336 5270 Μνημονεύσας
1378 5201 1407 5253 6
1458 5198 1615 5268 λόγος
1657 5200 1767 5261 τῶν
1824 5202 1987 5271 εὐαγ-

394 5288 758 5361 γελιζομένων
802 5289 1029 5363 δυνάμει
1076 5290 1245 5362 πολλῇ
1299 5290 1394 5344 τοῦ
1441 5307 1499 5344 τε
1551 5290 1702 5344 οἴκου
1744 5293 1839 5345 καὶ
1886 5293 1986 5363 τῆς

391 5380 729 5453 ῶραιότητος
767 5381 955 5445 αὐτοῦ,
1000 5381 1080 5435 ἔτι
1135 5380 1242 5453 μὴν
1280 5383 1370 5436 καὶ
1412 5381 1522 5434 τῶν
1562 5383 1620 5434 ἐν
1659 5381 1807 5453 αὐτῷ
1854 5382 1982 5438 σκύ-

391 5469 530 5536 λων⁹
589 5470 658 5525 δι’
715 5462 791 5524 ὧν
857 5471 1103 5543 ᾐνίττετο
1158 5472 1255 5543 τὴν
1319 5473 1645 5544 Ἐκκλησίαν
1699 5472 1793 5527 τοῦ
1847 5474 1983 5528 Θεοῦ

394 5564 489 5617 καὶ
542 5563 671 5628 τοὺς
722 5564 784 5617 ἐν
836 5565 976 5636 αὐτῇ
1025 5564 1464 5636 διαπρέπονταςο
1528 5564 1838 5631 ἀκολούθως
1893 5566 1984 5621 διὰ

392 5653 500 5707 τῶν
534 5654 681 5735 μετὰ
709 5659 896 5727 χεῖρας
928 5657 1025 5710 καὶ
1061 5657 1171 5711 τῶν
1214 5655 1587 5712 θεοπνεύστων
1619 5659 1983 5733 ἀναγνωσμά-

2098 4644 2229 4700 dere
2260 4645 2455 4716 spolia.
2495 4645 2554 4701 Si
2588 4647 2880 4704 dormiatis
2923 4650 3068 4706 inter
3096 4653 3309 4711 medios
3342 4653 3521 4710 cleros
3548 4669 3681 4724 pen-

2097 4752 2183 4792 na:
2208 4739 2476 4793 columba:
2495 4740 2881 4810 deargentataa,
2910 4751 2963 4799 et
2999 4745 3302 4814 posteriora
3331 4745 3453 4814 ejus
3480 4745 3537 4799 in
3566 4746 3684 4816 pal-

2096 4831 2210 4887 lore
2223 4832 2367 4890 auri.
2386 4852 2406 4885 »
2427 4830 2724 4905 Postquam
2765 4838 3252 4908 evangelizantium
3278 4837 3480 4893 virtute
3510 4838 3681 4894 multa

2095 4924 2405 4996 domusque
2427 4942 2493 4981 ac
2553 4926 2757 4997 Specici
2794 4929 2936 4997 ejus,
2970 4944 3187 4983 necnon
3224 4930 3524 4999 spoliorum
3559 4947 3682 5001 quae

2092 5015 2151 5071 in
2180 5017 2300 5088 ipsa
2330 5025 2509 5085 erant,
2540 5020 2700 5091 queis
2742 5019 2985 5076 Ecciesia
3022 5020 3117 5078 Dei
3159 5028 3213 5077 et
3243 5023 3282 5076 ii
3320 5023 3416 5093 qui
3461 5023 3517 5077 in
3561 5023 3682 5094 ipsa

2093 5110 2382 5181 conspicui
2410 5111 2564 5169 fuere
2594 5114 3108 5178 subindicabautur,
3147 5116 3355 5171 mentio
3379 5100 3533 5173 facta
3550 5122 3635 5172 est
3660 5133 3689 5184 ;.

2087 5203 2501 5273 ’consequenter
2525 5205 2579 5259 in
2612 5205 2682 5262 iis
2704 5221 2829 5277 qua:
2846 5205 2961 5277 jam
2981 5214 3284 5264 tractamus
3315 5206 3576 5261 divinitus
3601 5206 3684 5261 in-

2092 5296 2332 5365 spiratas
2361 5298 2626 5355 lectiones
2648 5307 3066 5365 commemorat,
3086 5315 3187 5355 nos
3205 5300 3280 5354 ita
3305 5300 3675 5371 compellans:

2095 5405 2111 5438 ι
2127 5385 2184 5441 Si
2205 5387 2490 5445 dormiatis
2506 5390 2648 5445 inter
2673 5390 2882 5446 medios
2897 5391 3126 5447 cleros.»
3153 5390 3298 5447 Cleri
3326 5400 3530 5457 autem,
3563 5392 3683 5449 sive

2087 5479 2258 5537 fortes
2288 5482 2566 5548 Ecclesiae,
2604 5491 2733 5559 sunt
2751 5482 2921 5540 Vetus
2948 5492 3003 5539 et
3030 5482 3241 5539 Novum
3265 5483 3677 5554 Testamentum

2087 5570 2184 5627 Dei
2220 5591 2232 5627 :
2268 5574 2556 5646 docetque,
2600 5590 2697 5630 eos
2724 5575 2833 5646 qui
2868 5576 2923 5630 in
2956 5575 3137 5631 medio
3170 5591 3360 5633 eorum
3390 5582 3681 5633 versantur

2087 5679 2296 5727 nerinas
2325 5667 2593 5723 columba:
2631 5668 3015 5742 dcargentatas
3044 5669 3366 5749 inventuros
3394 5683 3548 5738 esse;
3579 5684 3679 5724 cu-

467 5808 509 5839 ¹⁷
544 5807 734 5865 Matth.
773 5828 852 5879 ιιι,
890 5811 991 5879 17;
1029 5792 1161 5879 xv",
1193 5813 1244 5868 5.
1318 5815 1361 5847 ³⁸
1382 5812 1505 5871 Psal
1558 5832 1684 5881 xxv,
1723 5816 1774 5872 8.
1856 5815 2001 5872 "Ps:

2101 5834 2252 5889 XXVI,
2286 5820 2339 5874 4.
