4056 6424
373 379 478 436 699

1069 375 1340 432 EUSEBII
1379 373 1860 432 CASSARIENSIS
1899 373 2051 430 OPP.
2094 371 2276 426 PARS
2315 371 2404 426 ΙΙΙ.
2444 403 2514 412 —
2555 371 2966 429 EXEGETICA.

3547 371 3659 429 ’709

371 502 461 571 jus
495 499 759 554 columba:
812 497 1120 564 posteriora
1167 497 1301 551 dicit
1330 511 1452 551 esse
1478 496 1533 548 in
1566 495 1773 565 pallore
1820 493 1960 547 auri.

2067 509 2176 544 των
2235 490 2334 561 τὴν
2389 491 2610 561 μνήμην
2669 490 2896 542 ποιεῖται
2947 489 3022 554 ὡς
3073 490 3210 562 πρὸς
3261 491 3408 560 ἡμᾶς
3443 488 3659 570 λέγων.⁹

370 591 504 646 Nam
537 607 661 644 eum
697 590 941 660 Spiritus
973 597 1198 644 sanctus
1247 588 1498 643 columba
1531 603 1656 642 esse
1699 585 1966 656 intelliga-

371 689 483 745 tur,
504 696 626 750 qua:
652 680 818 733 verba
846 678 901 732 in
929 677 1111 733 Veteri
1142 685 1190 731 et
1217 676 1369 732 Novo
1392 675 1744 731 Testamento
1774 675 1965 744 legun-

370 779 485 836 tur,
543 769 848 826 secundum
880 769 1081 823 nudam
1113 775 1167 824 et
1194 767 1409 822 obviam
1441 767 1728 822 lectionem
1752 805 1767 830 ,
1803 763 1962 834 quasi

371 863 476 918 sub
509 863 611 918 alis
643 861 859 915 occulta
883 867 1035 924 sunt,
1068 860 1193 926 alis,
1224 861 1469 929 inquam,
1502 856 1801 917 deauratis,
1833 855 1963 925 quia

369 957 588 1026 eloquia
638 955 854 1010 Domini
901 961 1187 1025 argentum
1224 963 1352 1008 sunt
1397 953 1523 1022 igne
1567 950 1959 1011 examinatum,

370 1048 662 1118 probatum
689 1057 869 1102 terrae.
929 1045 1100 1101 Sensa
1133 1054 1316 1099 autem
1351 1045 1404 1098 in
1432 1040 1706 1114 profundo
1729 1041 1963 1096 abscon-

370 1138 507 1201 dita,
561 1152 684 1208 quae
730 1144 1045 1191 memoratae
1091 1135 1378 1198 columbae,
1427 1133 1688 1188 nimirum
1723 1131 1962 1202 Spiritus

372 1229 574 1293 sancti,
606 1228 1006 1299 posterioribus
1036 1226 1425 1298 comparanda,
1458 1227 1513 1280 in
1538 1225 1746 1296 pallore
1767 1225 1960 1278 dicun-

371 1327 462 1374 tur
492 1335 639 1384 esse,
683 1320 810 1388 quia
837 1319 1108 1374 sententia
1140 1327 1194 1372 et
1221 1318 1518 1388 purissima
1555 1333 1710 1372 mens
1741 1317 1843 1372 sub
1877 1317 1961 1370 di-

371 1411 554 1465 ctione
586 1409 907 1464 abscondita
945 1409 1064 1463 auri
1104 1409 1280 1463 instar
1321 1408 1558 1478 eﬂ'ulget.
1615 1406 1821 1476 Hisque
1845 1422 1962 1461 rur-

371 1517 492 1556 sum
526 1517 629 1555 nos
659 1500 950 1569 compellat
973 1515 1187 1562 omnes.
1206 1499 1298 1568 qui
1331 1499 1386 1552 in
1420 1498 1583 1552 domo
1609 1497 1704 1553 Dei
1730 1513 1961 1568 congre-

371 1594 482 1662 gati
526 1608 741 1658 sumus,
786 1607 925 1662 quos
961 1592 1135 1662 spolia
1166 1591 1421 1661 superius
1443 1586 1798 1660 nuncupavit.
1849 1589 1958 1646 Pro

369 1683 466 1737 illo
495 1691 715 1750 autem,
765 1700 785 1732 ι
833 1682 889 1735 Si
925 1681 1233 1746 dormiatis,
1275 1699 1293 1732 9
1337 1680 1699 1751 Symmachus
1747 1680 1827 1735 sic
1854 1680 1955 1733 ha-

368 1777 481 1838 bet,
543 1794 561 1826 ι
601 1774 657 1830 Si
683 1775 993 1831 recideritis
1036 1775 1179 1830 inter
1225 1775 1424 1830 cleros.
1465 1792 1484 1826 9
1530 1772 1663 1827 Nam
1693 1772 1954 1836 dormire,

2081 600 2101 634 ι
2123 582 2247 635 Ἐὰν
2286 581 2590 652 κοιμηθῆτε
2634 581 2740 634 ἀνά
2777 582 2939 652 μέσον
2970 581 3079 634 τῶν
3125 581 3360 654 κλήρων.
3395 600 3414 632 ›
3451 563 3660 652 Κλῆροι

2072 673 2129 726 δὲ
2170 673 2269 744 τῆς
2311 673 2638 742 Ἐκκλησίας
2669 674 2807 725 εἰσὶν
2849 673 2884 743 ἦ
2940 690 3001 726 τε
3051 672 3265 727 Παλαιὰ
3295 673 3388 726 καὶ
3421 675 3454 744 ἡ
3482 674 3658 743 Καινὴ

2071 763 2313 834 Διαθήκη
2342 763 2437 816 τοῦ
2462 762 2629 816 Θεοῦο
2656 757 2730 815 ὧν
2759 763 2884 826 τοὺς
2907 765 2965 816 ἐν
2992 763 3142 834 μέσῳ
3168 763 3659 836 διαστρεφομένους

2069 851 2308 904 διδάσκει
2342 851 2621 923 πτέρυγας
2648 854 2976 922 περιστερᾶς
3008 853 3537 926 περιηργυρωμένας
3567 854 3660 906 εὑ-

2075 946 2288 1017 ρήσεινο
2325 940 2393 1018 ἦς
2424 948 2753 1018 περιστερᾶς
2788 947 2857 1000 τὰ
2903 948 3214 1019 μετάφρενα
3255 944 3393 1002 εἷναι
3434 949 3493 1001 ὲν
3517 947 3660 1018 χλω-

2074 1039 2260 1110 ρότητι
2285 1041 2532 1112 χρυσίου.
2569 1043 2676 1096 Τοῦ
2705 1043 2814 1115 γὰρ
2854 1043 3007 1112 ἁγίου
3048 1041 3367 1111 Πνεύματος
3405 1056 3659 1112 περιστε-

2073 1132 2170 1202 ρᾶς
2206 1133 2516 1204 νοουμένου,
2547 1136 2596 1187 οί
2629 1137 2687 1188 ὲν
2721 1135 2936 1206 Παλαιᾷ
2971 1134 3064 1186 καὶ
3095 1135 3271 1203 Καινῇ
3302 1131 3657 1202 λελαλημένοι

2069 1222 2238 1292 λόγοι,
2261 1224 2404 1277 κατὰ
2438 1227 2534 1296 μὲν
2569 1226 2667 1298 τὴν
2698 1226 3017 1279 ἐπιπόλαιον
3043 1224 3371 1294 ἀνάγνωσιν,
3397 1223 3656 1295 πτέρυξιν

2067 1314 2257 1385 ὥσπερ
2290 1316 2765 1388 ἐγκεκαλυμμένοι
2789 1315 3140 1387 τυγχάνουσι,
3171 1314 3265 1368 καὶ
3301 1311 3528 1384 πτέρυξι
3557 1330 3658 1366 πε-

2069 1407 2565 1480 ριηργυρωμέναις,
2612 1409 2799 1480 ἐπειδὴ
2841 1408 2909 1462 τὰ
2955 1407 3109 1476 λόγια
3141 1406 3349 1478 Κυρίου
3391 1404 3655 1478 ἀργύριόν

2065 1500 2182 1550 ἐστι
2208 1499 2625 1570 πεπυρωμένον,
2653 1499 2895 1570 δοκίμιον
2915 1501 2982 1570 τῇ
3004 1495 3180 1568 γῇ·τά
3200 1496 3256 1548 δὲ
3281 1496 3423 1550 κατά
3455 1495 3656 1566 βάθους

2065 1591 2491 1661 ὲγκεκρυμμένα
2518 1592 2785 1663 νοήματα,
2822 1593 2965 1663 ἀπερ
2998 1591 3142 1644 ἔοικε
3173 1589 3528 1661 μεταφρένοις
3551 1588 3652 1659 τῆς

2064 1679 2424 1751 ἀποδοθείσης
2459 1684 2812 1753 περιστερᾶς,
2846 1680 3047 1752 δηλαδὴ
3088 1679 3182 1734 τοῦ
3213 1681 3369 1749 ἁγίου
3399 1679 3652 1750 Πνεύμα-

2061 1788 2172 1835 τος,
2209 1773 2266 1823 ὲν
2299 1772 2604 1845 χλωρότητι
2631 1773 2848 1842 λέγεται
2879 1770 3037 1839 εἶναι,
3064 1774 3165 1845 τῆς
3193 1769 3651 1869 ὲγκεκρυμμένης

367 1883 514 1921 nunc
540 1867 884 1937 requiescere
919 1868 1211 1937 signiﬁcat.
1248 1867 1320 1922 lis
1345 1867 1510 1937 igitur
1543 1867 1636 1936 qui
1665 1879 1952 1921 sacrorum

2057 1865 2125 1934 τῇ
2170 1862 2313 1927 λέξει
2355 1863 2596 1928 διανοίας
2643 1866 2737 1918 καὶ
2769 1866 2864 1919 τοῦ
2904 1866 3293 1938 καθαρωτάτου
3322 1863 3412 1917 νοῦ
3444 1861 3646 1936 χρυσοῦ

363 1959 660 2015 verborum
687 1959 1067 2014 exercitationi
1098 1965 1313 2023 vacant,
1334 1958 1638 2013 hortatorio
1655 1957 1815 2011 modo
1837 1971 1959 2026 pro-

365 2051 603 2106 mittitur
637 2051 946 2106 divinarum
972 2050 1382 2121 Scripturarum
1415 2049 1624 2104 utilitas
1657 2066 1671 2103 :
1707 2063 1830 2102 nam
1864 2062 1952 2103 sa‘

361 2159 584 2199 crarum
615 2144 910 2199 lectionum
947 2143 1114 2197 dictio
1145 2151 1373 2212 purgata
1406 2149 1492 2196 est
1523 2141 1696 2195 instar
1737 2140 1948 2210 argenti

362 2236 485 2306 igne
513 2236 834 2300 examinati,
871 2235 1172 2292 secundum
1203 2234 1346 2289 hanc
1367 2233 1690 2289 sententiam
1725 2253 1737 2288 :
1779 2251 1796 2284 ι
1820 2232 1946 2288 Elo-

361 2329 490 2396 quia
515 2327 729 2382 Domini
762 2327 883 2398 igne
913 2326 1224 2379 examinata
1251 2325 1330 2392 ⁸⁰;
1357 2344 1375 2378 9
1405 2340 1469 2379 ac
1498 2340 1716 2378 rursum
1747 2343 1760 2379 :
1789 2345 1808 2377 ι
1829 2325 1948 2380 Elo-

362 2421 489 2488 quia
531 2419 744 2474 Domini
777 2419 991 2490 eloquia
1038 2426 1214 2482 casta,
1267 2424 1553 2486 argentum
1591 2416 1715 2486 igne
1743 2418 1948 2471 exami-

2056 1955 2214 2027 δίκην
2247 1958 2756 2029 ἀπαστράπτοντος.
2784 1960 2968 2012 Ταῦτα
3001 1959 3056 2012 δὲ
3091 1959 3454 2028 ἀναφωνεῖται
3481 1957 3651 2012 πᾶσιν

2051 2047 2185 2117 ἡμῖν
2219 2051 2330 2113 τοῖς
2365 2051 2424 2102 ὲν
2453 2049 2532 2120 τῷ
2556 2049 2691 2120 οἴκῳ
2720 2050 2814 2104 τοῦ
2846 2051 2981 2105 Θεοῦ
3019 2051 3398 2122 συνηγμένοις,
3432 2049 3526 2113 οὓς
3559 2048 3650 2102 δια

2049 2140 2159 2194 τῶν
2190 2140 2500 2214 ἔμπροσθεν
2535 2143 2706 2196 σκὺλα
2723 2144 2752 2195 6
2777 2143 2933 2212 λόγος
2959 2143 3259 2214 ὠνόμαζεν.
3280 2144 3428 2196 Ἀντὶ
3447 2142 3506 2194 δὲ
3525 2141 3642 2199 τοῦ.

2051 2248 2070 2281 ι
2094 2231 2222 2285 Ἐὰν
2246 2233 2565 2306 κοιμηθῆτε,
2599 2253 2618 2285 9
2658 2234 2801 2288 κατά
2831 2235 2924 2288 τὸν
2952 2233 3266 2306 Σύμμαχον,
3307 2254 3324 2285 ι
3348 2233 3474 2286 Ἐὰν
3500 2243 3646 2289 ἀνα·-

2052 2322 2256 2394 πέσητε
2283 2325 2487 2394 μεταξὺ
2525 2325 2634 2379 τῶν
2666 2329 2903 2398 κλήρων,
2937 2346 2956 2378 9
2993 2327 3228 2399 εἴρηται.
3261 2326 3334 2378 Τὸ
3375 2325 3486 2396 γάρ
3531 2343 3644 2380 κοιν-

2054 2415 2292 2486 μηθῆναι
2316 2417 2409 2472 νῦν
2428 2418 2894 2473 διαναπαύσεσῡαι
2915 2419 3216 2491 δηλοῖ.Τοῖς
3235 2416 3329 2472 οὖν
3351 2417 3458 2471 τῶν
3482 2419 3643 2491 ἱερῶν

363 2517 574 2572 natum,
613 2507 900 2577 probatum
928 2514 1110 2571 terrae,
1144 2514 1435 2578 purgatum
1483 2505 1792 2577 septuplum
1819 2506 1886 2562 ³¹.
1923 2526 1942 2558 9

2054 2507 2319 2578 ἀσκηταῖς
2354 2509 2530 2580 λόγων
2558 2512 2978 2584 προτρεπτικῶς
3005 2515 3036 2583 ἡ
3069 2511 3456 2583 προσφώνησις
3479 2514 3644 2582 ἐπαγ-

363 2599 647 2653 Sententia
681 2615 810 2654 vero
841 2600 1144 2670 spiritualis
1189 2605 1458 2670 prtestans
1507 2600 1790 2671 eLmagni
1825 2617 1950 2671 pre-

2054 2600 2300 2669 γέλλεται
2333 2603 2432 2675 τὴν
2460 2605 2525 2658 ὲκ
2550 2605 2658 2659 τῶν
2688 2604 2844 2659 Θείων
2870 2605 3043 2674 λόγων
3063 2605 3332 2674 ὠφέλειαν
3352 2621 3364 2634 ·
3389 2604 3424 2674 ἦ
3448 2620 3509 2656 τε
3534 2603 3644 2677 ¹γὰρ

360 2693 420 2746 tii
455 2707 596 2756 esse,
649 2707 773 2746 cum
826 2693 1051 2760 dicitur,
1093 2710 1112 2744 ε
1147 2692 1206 2747 In
1254 2692 1462 2764 pallore
1512 2691 1667 2758 auri,
1703 2711 1721 2745 9
1762 2693 1947 2748 decla-

2054 2693 2192 2759 λέξις
2241 2696 2351 2751 τῶν
2400 2696 2560 2769 ίερῶν
2607 2697 3054 2768 ἀναγνωσμάτων
3104 2697 3440 2770 κεκάθαρται
3491 2701 3638 2770 δίκην

359 2792 530 2838 ratur.
2050 2787 2316 2860 ἀργυρίου
2363 2790 2788 2862 πεπυρωμένου,
2825 2789 2966 2843 κατά
3009 2789 3101 2842 τὸν
3153 2790 3402 2860 φήσαντα
3443 2793 3636 2862 λόγον·

359 2902 379 2933 ‹
408 2881 491 2936 Τὰ
521 2882 676 2952 λόγια
719 2883 926 2955 Κυρίου
974 2883 1383 2956 πεπυρωμένα’
1420 2902 1438 2934 9
1472 2883 1567 2936 καὶ
1595 2883 1783 2936 πάλιν·
1853 2899 1873 2933 ι
1937 2881 2018 2935 Τά
2056 2884 2212 2954 λόγια
2247 2885 2454 2958 Κυρίου
2502 2886 2660 2955 λόγια
2706 2885 2865 2953 ἁγνὰ,
2909 2884 3186 2956 ἀργύριονο
3223 2888 3641 2960 πεπυρωμένον,

359 2974 600 3043 δοκίμιον
622 2977 687 3045 τῇ
715 2979 806 3046 γῇ,
829 2974 1297 3048 κεκαθαρισμένον
1322 2973 1738 3037 ὲπταπλασίωςε
1778 2992 1797 3024 9
1827 2974 1862 3044 ἦ
1884 2991 1944 3026 τε
1981 2974 2190 3030 διάνοια
2215 2979 2247 3049 ἡ
2279 2978 2624 3050 πνευματικὴ
2651 2977 2929 3048 ἐξαίρετος
2991 2977 3086 3030 καὶ
3149 2977 3514 3050 πολυτίμητος
3557 2980 3643 3036 διὰ

358 3066 452 3120 τοῦ
500 3067 786 3135 λέγεσθαι,
824 3088 842 3120 ι
867 3071 956 3124 Ἐν
997 3069 1302 3142 χλωρότητι
1341 3069 1592 3141 χρυσίου,
1623 3088 1642 3120 9
1681 3068 2041 3140 παρίσταται.

423 3182 594 3238 Vens.
624 3185 814 3240 15-17.
861 3205 880 3238 ι
920 3186 1056 3240 Dum
1084 3186 1350 3242 discernit
1403 3187 1645 3242 caelestis
1668 3202 1828 3256 reges
1860 3203 1952 3242 su-
1980 3204 2022 3261 ο

358 3292 454 3349 per
481 3291 601 3330 eam
635 3277 761 3332 nive
788 3277 1192 3331 dealbabuntur
1237 3277 1294 3330 in
1343 3276 1584 3332 Selmon.
1625 3296 1643 3328 ι
1684 3275 1790 3331 Pro
1826 3277 1939 3343 illo,

363 3384 382 3414 ‹
399 3363 534 3418 Dum
550 3365 815 3420 discernit
835 3366 1098 3433 emiestis,
1114 3387 1131 3418 9
1152 3374 1206 3420 et
1221 3374 1437 3432 uetera,
1456 3367 1536 3421 sic
1553 3366 1942 3436 interpretatur

358 3453 721 3526 Symmachus
757 3476 770 3511 :
817 3475 834 3508 ι
866 3456 1096 3523 Quando
1126 3456 1464 3528 dispensavit
1494 3466 1689 3527 potens
1714 3473 1942 3529 regnare

357 3547 530 3611 Illam,
564 3550 721 3618 quasi
749 3548 871 3604 nive
895 3549 1148 3603 dealbata
1174 3561 1310 3604 erat.
1386 3548 1608 3613 Selmon
1637 3565 1796 3606 mons
1824 3550 1940 3618 Dei,

354 3654 514 3694 mons
537 3641 774 3713 pinguis,
795 3657 954 3697 mons
971 3642 1296 3710 altissimus,
1313 3657 1471 3698 mons
1491 3644 1709 3714 pinguis
1735 3663 1746 3697 :
1772 3658 1942 3713 quare

355 3731 575 3786 curiose
603 3734 1005 3802 investigantur
1058 3744 1272 3790 montes
1295 3736 1496 3790 excelsi
1521 3735 1544 3788 ’ἔ
1573 3735 1726 3790 Mons
1751 3735 1805 3789 in
1832 3751 1940 3806 quo

356 3823 689 3878 desideravit
730 3824 873 3880 Deus
915 3825 1185 3890 habitare,
1218 3835 1271 3881 et
1298 3826 1563 3882 Dominus
1590 3828 1855 3883 habitabit
1881 3828 1937 3882 in

359 3914 544 3971 finem.
577 3935 596 3970 9
634 3915 727 3974 llis
754 3926 932 3973 autem
958 3920 1239 3988 docemur,
1268 3937 1391 3976 cum
1417 3922 1656 3977 ccelestis
1685 3922 1792 3987 ille,
1826 3924 1940 3978 sive

354 4005 661 4060 ecelestium
698 4008 1000 4064 incolarum
1044 4009 1221 4078 Deus,
1275 4011 1588 4082 pradictam
1637 4013 1943 4067 columbam

354 4098 577 4167 regibus
607 4106 766 4154 terrze
805 4101 1051 4168 donavit,
1086 4102 1139 4156 id
1165 4111 1269 4167 est,
1302 4104 1372 4159 iis
1407 4101 1499 4172 qui
1528 4103 1584 4158 in
1611 4110 1755 4158 terra
1792 4103 1944 4174 regni

354 4190 477 4260 ejus
509 4202 792 4248 consortes
833 4195 1055 4250 fuerunt
1095 4196 1172 4267 (hi
1225 4211 1389 4266 porro
1440 4202 1598 4250 erant
1643 4196 1942 4266 prophetm,

352 4283 486 4352 justi
532 4292 587 4340 et
617 4285 692 4355 pii
721 4286 847 4350 viri,
890 4303 954 4342 ac
981 4287 1240 4358 discipuli
1293 4298 1346 4342 et
1377 4289 1610 4359 apostoli
1640 4287 1946 4344 Salvatoris

355 4375 554 4441 nostri,
598 4377 799 4446 quibus
840 4377 1106 4448 Spiritum
1139 4386 1390 4433 sanctum
1417 4379 1660 4434 caelestis
1688 4379 1778 4434 ille
1803 4378 1946 4434 Deus

354 4468 689 4535 distribuit);
736 4478 870 4522 tunc
915 4486 1010 4524 eos
1050 4471 1144 4540 qui
1181 4470 1353 4524 divini
1403 4468 1645 4541 Spiritus
1679 4470 1839 4527 donis
1865 4487 1949 4525 or-

355 4560 469 4613 nati
503 4559 742 4627 fuerant,
772 4561 947 4616 instar
980 4562 1123 4616 nivis
1149 4562 1410 4618 candidos
1441 4563 1728 4633 clarosque
1750 4563 1938 4620 fuisse.

354 4653 537 4720 Quare
569 4653 773 4707 dictum
818 4663 944 4710 est:
987 4675 1007 4707 ‹
1045 4653 1250 4726 thuid
1321 4657 1675 4726 suspicamini
1728 4667 1942 4714 montes

353 4746 715 4814 coagulatos?
752 4767 770 4797 9
821 4745 1200 4818 Objurgantur
1243 4747 1451 4804 scilicet
1491 4749 1586 4819 qui
1637 4748 1839 4819 aliquid
1871 4752 1947 4806 si-

353 4835 483 4888 mile
509 4838 777 4892 exsistere
805 4841 1145 4894 arbitrantur
1177 4858 1190 4894 :
1219 4839 1372 4894 addit
1396 4856 1526 4895 vero
1556 4857 1662 4910 qua
1691 4842 1757 4897 de
1779 4857 1946 4896 causa

353 4942 464 4980 non
511 4937 760 4998 oporteat
798 4932 1017 5002 quidvis
1048 4932 1196 4987 aliud
1227 4949 1350 4988 cum
1395 4933 1518 5004 ipso
1561 4933 1833 4998 conferre,
1861 4935 1945 4989 di-

351 5037 484 5076 cens
515 5064 527 5076 .
564 5021 751 5078 «Mons
780 5024 836 5079 in
869 5041 979 5095 quo
1007 5025 1410 5097 beneplacitum
1439 5036 1523 5082 est
1559 5025 1669 5082 Deo
1696 5026 1944 5083 habitare

351 5112 406 5166 in
446 5129 511 5167 eo
549 5132 562 5168 :
597 5115 798 5168 etenim
833 5114 1098 5172 Dominus
1131 5118 1398 5172 habitabit
1434 5119 1489 5172 in
1525 5118 1708 5174 finem.
1749 5139 1768 5170 9
1805 5119 1940 5176 Nam

351 5204 442 5259 ille
469 5205 622 5260 solus
657 5221 816 5262 mons
847 5216 930 5263 est
962 5210 1016 5263 in
1050 5225 1158 5280 quo
1189 5208 1334 5264 Deus
1364 5209 1615 5265 habitare
1641 5211 1940 5281 cooptavit,

350 5307 402 5351 et
429 5299 483 5352 in
516 5316 624 5370 quo
643 5299 806 5356 Pater
835 5303 1174 5358 domicilium
1206 5304 1371 5359 habet
1395 5306 1449 5358 in
1469 5305 1666 5358 sarcula
1695 5305 1938 5369 inﬁnita;

353 5397 522 5460 quare
558 5407 667 5446 non
693 5391 849 5447 decet
885 5393 1050 5447 alium
1086 5409 1212 5448 eum
1239 5395 1334 5449 illo
1356 5393 1627 5448 conferre.
1673 5393 1808 5450 Nam
1835 5395 1938 5450 etsi

351 5482 420 5537 de
443 5484 564 5540 aliis
596 5485 801 5539 dictum
837 5484 941 5540 fuit
971 5486 1104 5542 illud
1128 5526 1144 5552 ,
1199 5503 1218 5536 ι
1253 5484 1574 5544 lnhabitabo
1623 5486 1677 5541 in
1727 5488 1836 5544 illis
1882 5494 1938 5543 et

354 5572 725 5640 inambulabo,
756 5583 810 5631 et
839 5591 933 5631 ero
970 5577 1187 5631 illorum
1218 5577 1452 5644 Deus,et
1483 5578 1586 5649 ipsi
1620 5587 1781 5634 erunt
1801 5578 1934 5632 mihi

355 5666 588 5736 pepulus
614 5666 688 5734 8';
728 5686 745 5718 9
781 5677 836 5721 at
866 5684 973 5724 non
1006 5669 1230 5738 perinde
1261 5670 1314 5724 in
1348 5671 1482 5741 ipsis
1511 5671 1719 5724 habitat
1743 5678 1797 5724 et
1820 5685 1936 5724 am-

435 5821 477 5851 "
506 5819 628 5876 Ρεσξί
695 5837 827 5886 ατη,
864 5823 954 5875 51.

2141 3205 2159 3238 ι
2183 3187 2270 3239 'Ev
2302 3185 2382 3256 τῷ
2403 3185 2732 3238 διαστέλλειν
2763 3185 2854 3237 τὸν
2881 3184 3131 3256 οὐράνιον
3165 3184 3404 3255 βασιλεῖς
3433 3186 3521 3240 ἐπ’
3544 3186 3657 3241 αὖα

2047 3280 2172 3351 τὴν,
2210 3277 2637 3349 χιονωθήσονται
2664 3279 2721 3330 ὲν
2747 3276 2991 3347 Σελμών.
3015 3296 3033 3330 9
3057 3278 3202 3330 Ἀντὶ
3236 3278 3350 3344 τοῦ,
3393 3298 3411 3330 ι
3435 3279 3525 3332 Ἐν
3562 3280 3641 3350 τῷ

2044 3371 2377 3426 διαστέλλειν
2397 3372 2489 3424 τὸν
2507 3369 2828 3442 ἐπουράνιον
2853 3389 2870 3422 9
2905 3371 3000 3424 καὶ
3022 3370 3091 3423 τὰ
3121 3370 3266 3440 ἑξῆς,
3291 3373 3318 3423 6
3346 3371 3646 3440 Σύμμαχος

2043 3463 2231 3517 τοῦτον
2260 3463 2572 3534 ἡρμήνευσε
2615 3461 2708 3516 τὸν
2745 3461 2976 3530 τρόπον·
3019 3479 3038 3512 ι
3063 3459 3252 3514 Ὁπότε
3280 3459 3636 3530 κατεμέριζεν

2043 3559 2072 3610 6
2108 3555 2296 3618 ἱκανὸς
2327 3552 2634 3625 βασιλεύειν
2667 3554 2860 3625 αὐτὴν,
2903 3552 2981 3616 ὼς
3029 3550 3358 3624 χιονισθείσα
3388 3546 3476 3623 ἦν.
3508 3548 3637 3602 Σελ-

2048 3647 2164 3719 μὼν
2208 3647 2336 3720 ὅρος
2380 3645 2540 3710 Θεοῦ,
2581 3646 2706 3718 ὅρος
2761 3645 3070 3717 εὐτροφίας,
3107 3644 3232 3714 ὅρος
3281 3643 3636 3714 ὑψηλότατον,

2044 3742 2170 3812 ὅρος
2210 3738 2534 3810 εὐτροφίας·
2571 3739 2650 3802 είς
2690 3737 2745 3790 τί
2791 3736 3286 3808 περισπουδάςεται
3333 3733 3401 3787 τά
3441 3734 3542 3805 ὅρη
3562 3734 3632 3787 τὰ

2046 3832 2261 3904 ὑψηλά;
2294 3831 2366 3884 Τὸ
2402 3831 2528 3901 ὅρος
2559 3832 2695 3902 ὅπερ
2728 3829 2994 3900 ἐπόθησεν
3026 3829 3054 3882 ὁ
3087 3829 3219 3891 Θεὸς
3256 3829 3337 3891 είς
3368 3827 3430 3880 τὸ
3457 3843 3642 3880 κατοι-

2047 3929 2164 3980 κεῖν
2211 3927 2270 3978 ὲν
2315 3924 2483 3996 αὐτῷ,
2514 3925 2609 3978 καὶ
2635 3923 2840 3996 Κύριος
2866 3920 3283 3992 κατασκηνώσει
3309 3922 3389 3983 είς
3409 3920 3582 3983 τέλος.
3616 3937 3634 3968 9

2047 4017 2300 4071 Διδάσκει
2333 4017 2390 4070 δὲ
2421 4018 2450 4069 6
2479 4015 2655 4084 λόγος,
2689 4016 2764 4078 ὡς
2794 4015 2902 4086 ἄρα
2941 4012 3082 4066 κατὰ
3117 4011 3209 4064 τὸν
3233 4012 3420 4080 καιρὸν
3449 4011 3507 4062 ὲν
3533 4001 3577 4076 ᾧ
3610 4012 3638 4062 ό

2047 4111 2392 4184 ἐπουράνιος,
2419 4109 2620 4180 δηλαδὴ
2649 4112 2676 4162 6
2697 4108 2805 4162 τῶν
2826 4109 2883 4159 ὲν
2903 4106 3152 4177 οὐρανοῖς
3169 4101 3462 4155 οἰκούντων
3481 4101 3634 4166 Θεὸς,

2047 4205 2146 4276 τὴν
2193 4202 2584 4276 προλεχθεῖσαν
2633 4197 2961 4270 περιστερὰν
3011 4193 3340 4276 κατεμέριζε
3372 4196 3488 4257 τοῖς
3543 4195 3637 4247 ἐπὶ

2047 4275 2148 4366 τῆς
2189 4275 2292 4367 γῆς
2344 4292 2644 4364 βασιλεῦσι,
2675 4289 2918 4344 τουτέστι
2942 4289 3054 4350 τοῖς
3083 4287 3140 4338 ὲν
3178 4289 3244 4355 τῇ
3275 4275 3345 4356 γῇ
3387 4286 3645 4357 μετόχοις·

2048 4387 2150 4457 τῆς
2182 4384 2346 4439 αὑτοῦ
2394 4382 2688 4454 βασιλείας,
2725 4377 3038 4449 (προφῆται
3081 4376 3139 4429 δὲ
3186 4373 3327 4447 ἦσαν
3357 4367 3522 4438 οὗτοι,
3552 4374 3634 4428 δί-

2050 4478 2195 4532 καιοί
2225 4495 2284 4530 τε
2312 4477 2406 4530 καὶ
2433 4473 2694 4542 Θεοφιλεῖς
2715 4469 2924 4540 ἄνδρες,
2955 4469 3086 4522 οἵτε
3113 4467 3352 4539 μαθηταὶ
3379 4468 3473 4520 καί
3498 4465 3638 4520 ἀπό-

2054 4569 2228 4621 στολοι
2261 4565 2354 4618 τοῦ
2383 4565 2633 4634 Σωτῆρος
2660 4561 2840 4632 ἡμῶν,
2872 4556 2954 4624 οἷς
2986 4560 3047 4613 τὸ
3079 4559 3304 4630 Πνεῦμα
3334 4559 3396 4612 τὸ
3421 4561 3576 4628 ἆγιον
3607 4559 3636 4610 ὁ

2049 4661 2181 4724 Θεὸς
2209 4659 2513 4731 διεμέριζεν
2537 4657 2566 4708 6
2592 4654 2722 4708 ἐπού
2733 4655 2960 4727 ρανιος,)
2982 4653 3158 4724 χιόνος
3179 4652 3336 4723 δίκην
3360 4649 3637 4722 ἐλαμπρύ-

2049 4769 2204 4807 νοντο
2230 4751 2281 4804 οἱ
2315 4749 2425 4803 τῶν
2451 4747 2546 4802 τοῦ
2576 4747 2719 4800 Θείου
2750 4745 3069 4817 Πνεύματος
3127 4743 3482 4815 χαρισμάτων
3511 4758 3639 4795 κατ-

2049 4841 2375 4912 αξιούμενοι.
2421 4837 2511 4892 Διὸ
2529 4836 2795 4890 λέλεκται·
2829 4837 2978 4889 (Ἵνα
3002 4834 3057 4888 τί
3092 4832 3502 4904 ὑπολαμϐάνετε
3533 4831 3632 4903 ὅρη

2048 4930 2402 5004 τετυρωμένα
2423 4947 2436 4997 ;
2461 4950 2478 4981 9
2500 4929 2893 4999 Ἐπιτιμῶντος
2918 4927 3012 4981 τοῦ
3045 4926 3204 4994 λόγου
3232 4927 3344 4988 τοῖς
3375 4923 3560 4994 ἕτερόν
3582 4939 3636 4975 τι

2048 5025 2362 5097 νομίζουσιν
2391 5025 2574 5096 ὅμοιον
2603 5022 2754 5094 αὐτῷ
2781 5018 2939 5075 εἶναι.
2958 5017 3229 5087 Ἐπιλέγει
3252 5018 3308 5071 δὲ
3332 5019 3425 5070 καὶ⁸
3454 5014 3635 5069 αἰτίαν

2047 5117 2114 5170 δι’
2147 5119 2212 5190 ἢν
2240 5117 2301 5170 οὐ
2333 5117 2598 5188 προσήκει
2625 5113 3116 5186 ἀντιπαραϐάλλειν
3137 5110 3286 5181 αύτῷ
3317 5111 3502 5180 ἕτερον
3521 5123 3534 5137 ·
3557 5106 3635 5160 διό

2052 5227 2220 5282 φησι·
2255 5230 2272 5260 ι
2301 5211 2374 5262 Τὸ
2410 5211 2538 5282 ὅρος
2564 5209 2593 5261 ὃ
2619 5207 2919 5278 ηὐδόκησεν
2945 5207 2974 5258 6
3007 5205 3138 5269 Θεὸς
3164 5205 3440 5258 κατοικεῖν
3467 5202 3525 5254 ἐν
3545 5200 3638 5254 αὑ-

2047 5303 2158 5374 τῷ·
2192 5304 2286 5356 καὶ
2327 5303 2438 5373 γὰρ
2489 5302 2518 5352 6
2564 5301 2770 5372 Κύριος
2819 5296 3235 5370 κατασκηνώσει
3281 5299 3360 5359 είς
3404 5294 3577 5351 τέλος.
3609 5311 3628 5344 9

2045 5398 2223 5452 Μόνον
2260 5397 2369 5468 γάρ
2399 5400 2514 5449 ἐστι
2542 5394 2701 5446 τοῦτο
2731 5395 2788 5446 ὲν
2815 5386 2859 5461 ᾧ
2880 5392 3180 5462 ηὐδόκησεν
3219 5393 3247 5444 ό
3283 5390 3414 5453 Θεὸς
3447 5403 3632 5442 κατοι-

2047 5492 2182 5551 κεῖν,
2213 5490 2307 5542 καὶ
2334 5490 2390 5541 ὲν
2484 5490 2512 5541 6
2543 5486 2734 5556 Πατὴρ
2761 5484 3092 5554 κατασκηνοῖ
3119 5483 3199 5544 είς
3225 5481 3484 5550 ἀπείρους
3509 5477 3632 5533 αἰῶ-

2043 5596 2141 5642 νας
2160 5597 2171 5608 ·
2203 5578 2284 5631 διὸ
2323 5578 2384 5630 οὐ
2433 5575 2699 5646 προσήκει
2728 5574 2915 5644 ἕτερον
2942 5569 3434 5642 ἀντιπαραϐάλλειν
3460 5567 3628 5639 αύτῷ.

2044 5670 2106 5723 Et
2139 5669 2250 5740 γὰρ
2275 5669 2370 5722 καί
2410 5667 2659 5720 λέλεκται
2695 5666 2823 5736 περὶ
2856 5664 3056 5736 ἑτέρων
3085 5663 3167 5727 τὸ,
3205 5681 3226 5714 ι
3251 5662 3550 5734 Ἐνοικήσω
3571 5660 3632 5714 ιν

1037 5825 1075 5855 ³¹
1105 5821 1250 5878 Psal.
1292 5842 1368 5889 ιιι,
1401 5825 1450 5876 ’7.
1531 5826 1572 5858 ³³
1600 5825 1772 5880 Levii.
1806 5841 1956 5890 nm,
1995 5825 2095 5894 l2;
2136 5823 2175 5878 ll
2208 5825 2334 5879 Cor.
2374 5839 2447 5886 vi,
2494 5821 2581 5876 16.
