4056 6414
438 370 534 426 τοι

1569 367 2078 424 COMMENTARIA
2116 369 2181 424 ΙΝ
2222 369 2568 428 PSALMOS.

3599 379 3706 438 702

437 491 623 553 αὐτοῖς
664 491 759 546 καὶ
805 489 1258 560 ὲμπεριπατήσω,
1285 487 1380 541 καὶ
1410 486 1605 556 ἔσομαι
1646 486 1826 540 αὐτῶν
1867 485 2018 550 Θεὸς,

2137 487 2297 551 bulat,
2327 496 2496 558 atque
2530 489 2584 542 in
2612 497 2796 544 monte
2825 506 2928 546 suo
2974 511 2989 547 :
3031 493 3229 548 etenim
3263 494 3426 552 Pater
3454 498 3508 552 in
3539 495 3701 564 Filio,

437 583 534 636 καὶ
562 583 720 637 αὐτοὶ
761 579 972 634 ἔσονταί
1021 597 1123 650 μου
1152 579 1276 641 λαός
1297 595 1309 609 ο
1351 597 1368 628 ι
1409 576 1522 630 ἀλλ’
1547 577 1646 646 οὐχ
1678 574 1851 638 οὕτως
1881 577 2020 628 ένοι-

439 678 526 729 κεῖ
557 675 651 727 καὶ
676 675 1040 744 ὲμπεριπατεῖ
1068 672 1125 725 ὲν
1156 669 1386 732 τούτοις,
1411 669 1486 731 ὡς
1508 671 1564 721 ἐν
1592 667 1668 739 τῷ
1691 667 1854 720 αὑτοῦ
1881 667 2016 739 δρειο

437 771 467 821 6
493 767 600 838 γὰρ
623 766 811 835 Πατὴρ
832 765 889 817 ἐν
916 763 989 834 τῷ
1013 761 1126 832 Υἱῷ
1157 763 1248 815 καὶ
1270 762 1301 814 ὁ
1337 761 1462 823 Υἱὸς
1485 763 1540 813 ὲν
1561 758 1638 829 τῷ
1659 759 1860 829 Πατρί·
1891 780 1909 809 ι
1929 759 2023 811 κα.)⁵

440 861 498 912 ὲν
528 857 675 928 αὐτῷ
703 856 970 929 ηὑδόκησε
998 857 1106 909 πᾶν
1130 855 1190 907 τὸ
1207 854 1484 924 πλήρωμα
1505 852 1603 922 τῆς
1626 851 1876 921 θεότητος
1897 867 2026 902 κατ-

438 947 659 1017 οικῆσαι
680 965 692 977 ο
731 968 748 1000 ι
780 947 873 1000 καὶ
896 948 955 1000 ού
1000 947 1133 1000 ποτε
1181 947 1276 1018 μὲν
1305 943 1517 1016 ᾤκησεν
1545 945 1602 996 ὲν
1632 942 1801 1012 αύτῷ,
1833 940 2021 995 ἄλλοτε

439 1041 498 1095 δὲ
523 1041 686 1094 αὐτοῦ
717 1040 928 1112 ἀπέστη
948 1057 960 1069 ·
991 1039 1104 1093 ἀλλ’
1135 1041 1213 1102 εἰς
1244 1038 1302 1091 τὸ
1328 1039 1552 1107 ἄπειρον
1575 1035 1726 1098 τέλος
1751 1034 1837 1087 ἀεὶ
1861 1037 1889 1086 ὁ
1918 1034 2026 1084 Πα-

439 1133 544 1206 τὴρ
563 1133 620 1184 ὲν
641 1130 718 1202 τῷ
745 1131 859 1202 Υἱῷ
880 1133 1140 1184 κατοικεῖ.
1159 1131 1330 1192 Αὐτὸς
1349 1127 1405 1182 δέ
1430 1131 1576 1181 ἐστιν
1601 1129 1633 1198 η
1658 1128 1844 1196 εἰρήνη
1867 1122 2023 1195 ἡμῶν

442 1223 586 1277 κατὰ
606 1224 697 1276 τὸν
726 1223 1064 1277 Ἀπόστολον.
1081 1223 1172 1276 Διὸ
1192 1223 1284 1276 καὶ
1301 1218 1528 1291 Σαλμὼν
1547 1218 1667 1290 (sic)
1690 1217 2022 1287 ὠνόμασται,

2127 585 2182 631 et
2208 577 2382 634 Filius
2425 580 2480 634 in
2524 578 2710 644 Patre,
2755 599 2774 631 ι
2809 591 2863 636 et
2892 583 2944 636 in
2975 584 3095 653 ipso
3127 588 3458 656 complacuit
3485 604 3704 644 onmem

2127 669 2522 738 plenitudinem
2543 671 2846 729 divinitatis
2878 675 3182 732 inhabitare
3203 679 3245 709 ³³
3276 697 3289 734 :
3317 699 3336 730 ι
3365 696 3540 750 neque
3559 683 3706 735 enim

2130 762 2293 817 modo
2324 762 2588 818 habitavit
2619 765 2672 819 in
2708 765 2825 832 illo,
2860 769 3022 822 modo
3053 770 3283 825 recessit
3313 773 3382 831 ab
3409 788 3510 838 eo;
3535 775 3626 828 sed
3651 775 3707 830 in

2130 852 2404 908 inﬁnitum
2441 870 2504 909 ac
2536 872 2752 927 semper
2776 858 2939 915 Pater
2970 861 3024 914 in
3065 860 3202 916 Filio
3245 861 3530 918 inhabitat.
3586 861 3709 935 Ipse

2129 952 2312 998 autem
2329 956 2412 1000 cst
2432 963 2536 1016 pax
2551 958 2759 1013 nostra,
2785 953 3090 1007 secundum
3109 954 3428 1024 Apostolum
3444 955 3506 1008 3‘.
3530 955 3710 1020 Quare

2133 1033 2354 1090 Selmon
2384 1045 2633 1104 vocat-ur,
2675 1041 2730 1096 id
2751 1050 2834 1096 est
2854 1083 2870 1108 ,
2900 1043 3048 1111 Pax;
3081 1053 3135 1098 et
3170 1045 3324 1100 locus
3363 1043 3457 1099 Dei
3488 1062 3592 1115 pax
3621 1045 3708 1099 di-

2131 1125 2309 1188 citur,
2373 1129 2675 1184 secundum
2725 1131 2902 1198 illud,
2962 1151 2982 1184 ε
3024 1132 3084 1188 In
3138 1149 3274 1204 pace
3324 1141 3514 1191 sancta
3557 1135 3712 1189 locus

2131 1216 2251 1286 ejus
2281 1217 2344 1272 ³⁵.
2375 1239 2393 1270 ι

442 1318 582 1387 ὅπερ
611 1318 757 1369 ἐστιν
782 1317 986 1388 Εἰρήνη
1006 1333 1019 1344 ο
1050 1315 1144 1368 καὶ
1177 1316 1342 1377 τόπος
1371 1313 1465 1366 τοῦ
1494 1312 1627 1366 Θεοῦ
1658 1313 1691 1382 ὴ
1722 1310 1912 1383 εἰρήνη
1947 1306 2215 1372 λέλεκται,
2247 1309 2386 1362 κατὰ
2415 1311 2496 1375 τὸ,
2536 1333 2553 1364 ι
2579 1314 2666 1367 Ἐν
2698 1316 2890 1387 εἰρήνῃ
2921 1316 3052 1388 ἁγίᾳ
3095 1319 3124 1369 6
3159 1319 3324 1378 τόπος
3353 1318 3541 1371 αὑτοῦ.
3581 1338 3600 1368 ι

521 1429 540 1460 ι
576 1408 649 1461 T6
678 1408 832 1479 ἆρμα
861 1406 956 1460 τοῦ
1006 1406 1139 1460 Θεοῦ
1176 1406 1586 1478 μυριοπλάσιον,
1617 1404 1850 1474 χιλιάδες
1874 1399 2032 1471 εὐθη-

445 1499 699 1553 νούντων·
716 1499 920 1570 Κύριος
949 1500 1007 1552 ὲν
1036 1500 1218 1562 αὐτοῖς
1242 1500 1301 1551 ὲν
1318 1496 1468 1551 Σιναῒ
1485 1499 1542 1549 ὲν
1563 1495 1640 1566 τῷ
1665 1495 1822 1566 ἁγίῳ.
1839 1515 1857 1546 ι
1879 1495 2033 1546 Ἀπο-

444 1592 568 1654 δοὺς
604 1592 632 1643 6
660 1591 818 1660 λόγος
856 1591 1078 1662 πρώτην
1111 1589 1210 1662 τὴν
1241 1591 1370 1660 περὶ
1399 1587 1491 1642 τοῦ
1526 1589 1682 1656 ἁγίου
1715 1586 2031 1657 Πνεύματος

445 1679 794 1735 διδασκαλίαν
820 1680 907 1733 διὰ
936 1679 1036 1749 τῆς
1065 1681 1416 1751 περιστερᾶς,
1444 1678 1632 1731 ἔπειτα
1659 1677 1756 1749 τὴν
1783 1678 1912 1749 περὶ
1935 1677 2030 1730 τοῦ

2208 1403 2376 1460 Vens.
2413 1404 2500 1458 18.
2526 1425 2544 1456 ι
2569 1405 2778 1463 Currus
2803 1407 2896 1465 Dei
2918 1409 3106 1466 decem
3138 1412 3380 1466 millibus
3407 1412 3712 1482 multiplex,

2134 1496 2302 1550 millia
2333 1498 2650 1563 hetantium,
2683 1498 2948 1557 Dominus
2979 1503 3034 1556 in
3061 1503 3164 1568 eis,
3205 1503 3261 1557 in
3291 1501 3464 1568 Sinai,
3499 1502 3555 1556 in
3581 1518 3715 1558 san-

2133 1598 2242 1645 cto.
2286 1610 2306 1643 ι
2344 1589 2476 1646 Post
2500 1592 2730 1662 primam
2763 1594 3020 1648 traditam
3049 1594 3117 1650 de
3145 1593 3357 1665 Spiritu
3397 1604 3589 1650 sancto
3618 1594 3716 1648 do-

2128 1683 2368 1736 ctrinam
2399 1699 2495 1752 per
2521 1684 2792 1739 columbae
2817 1686 3234 1742 similitudinem
3256 1727 3272 1752 ,
3315 1686 3623 1757 deindeque
3649 1687 3717 1742 de

450 1771 578 1825 Υἱοῦ
610 1771 696 1826 διὰ
741 1771 833 1825 τοῦ
864 1771 1022 1843 ὅρους
1047 1770 1140 1823 τοῦ
1170 1771 1326 1836 Θεοῦ,
1358 1770 1676 1824 καταϐαίνει
1714 1769 1898 1822 λοιπὸν
1940 1769 2030 1821 ἐπὶ

2137 1769 2273 1826 Filio
2306 1788 2401 1842 per
2428 1773 2655 1842 ﬁguram
2688 1776 2890 1830 montis
2920 1775 3046 1842 Dei,
3079 1777 3149 1831 ad
3184 1776 3470 1836 inferiores
3497 1778 3717 1832 demum

446 1865 545 1929 τὰς
571 1864 972 1936 ύποὸεϐηκυίας
999 1864 1255 1934 δυνάμεις
1275 1881 1288 1893 ο
1315 1862 1603 1936 παριστὰς,
1632 1865 1734 1926 ὅτι,
1770 1864 1819 1915 εί
1843 1862 1936 1914 καὶ
1962 1860 2030 1914 τὰ

451 1955 686 2026 μάλιστα
712 1954 772 2006 τὸ
803 1955 928 2025 ὅρος
973 1954 1034 2007 τὸ
1075 1954 1333 2008 ἀποδοθὲν
1380 1953 1618 2008 τοιοῦτον
1649 1955 1924 2024 τυγχάνει,
1956 1953 2031 2016 ὡς

449 2051 507 2100 ἐν
555 2046 702 2117 αῦτῷ
751 2051 1027 2100 κατοικεῖν
1075 2047 1183 2100 πᾶν
1229 2047 1289 2098 τὸ
1332 2045 1609 2118 πλήρωμα
1633 2047 1732 2117 τῆς
1760 2045 2032 2126 πατρικῆς

450 2139 722 2210 θεότητος,
743 2138 855 2192 ἀλλ’
873 2141 934 2193 ού
963 2140 1122 2211 μόνον
1145 2139 1302 2192 τοῦτο
1332 2140 1520 2210 κτῆμά
1541 2141 1658 2191 ἐστι
1683 2137 1775 2192 τοῦ
1799 2137 2030 2208 Πατρὸς,

450 2231 562 2302 ἔχει
605 2232 661 2284 δὲ
704 2233 798 2285 καὶ
822 2231 987 2294 ἄλλας
1017 2231 1419 2304 ύποϐεϐηκυίας
1459 2230 1771 2293 διακονικὰς
1803 2227 1898 2282 καὶ
1931 2229 2036 2281 λει-

447 2323 743 2394 τουργικὰς
767 2323 1042 2393 δυνάμεις,
1070 2324 1136 2387 ἃς
1173 2325 1370 2395 μυρίας
1399 2322 1564 2386 οὔσας
1602 2323 1696 2376 καὶ
1723 2320 1942 2384 πολλὰς,
1965 2323 2031 2391 τῇ

448 2432 508 2468 τε
537 2417 703 2486 ἁρετῇ
730 2412 1092 2486 διαφερούσας
1118 2416 1206 2486 ὑφ’
1236 2417 1331 2469 ἕνα
1373 2415 1534 2484 ζυγὸν
1566 2414 2032 2484 καταδησάμενος,

449 2506 602 2579 ἅρμα
627 2506 802 2577 ἑαυτῷ
825 2508 1146 2575 κατέζευξεν
1171 2511 1199 2562 6
1217 2508 1596 2580 παμϐασιλεὺς
1635 2508 1788 2570 Θεὸς,
1821 2507 1908 2575 ὑφ’
1927 2507 2036 2575 ἡνι-

449 2598 558 2669 όχῳ
589 2597 667 2669 τῷ
697 2601 991 2666 Μονογενεῖ
1019 2599 1181 2652 αὑτοῦ
1213 2601 1387 2670 Λόγῳ.
1414 2600 1486 2652 Τὸ
1511 2601 1569 2653 δὲ
1596 2599 1800 2652 τούτων
1833 2596 2034 2668 πλῆθος

452 2691 544 2743 καὶ
573 2691 770 2761 Δανιὴλ
797 2694 824 2744 6
851 2693 1132 2764 προφήτης
1168 2694 1225 2746 ὲν
1252 2696 1318 2764 τῇ
1351 2692 1576 2764 θεοπτίᾳ
1620 2691 1914 2763 παρίστησι
1949 2689 2036 2742 λέ·-

448 2798 588 2850 γων’
622 2800 639 2831 ι
660 2782 867 2853 Μύριαι
895 2784 1153 2855 μυριάδες
1173 2783 1550 2856 ἐλειτούργουν
1580 2783 2036 2855 αὺτῷ,κα“ιχίλιαι

452 2873 688 2946 χιλιάδες
713 2877 1174 2946 παρειστήκεισαν
1200 2876 1508 2948 ἔμπροσθεν
1537 2875 1720 2929 αὐτοῦ.
1755 2895 1772 2927 ι
1790 2869 1860 2947 ⁷ῼ
1895 2893 2036 2946 συμ-

454 2964 646 3035 φώνως
672 2967 764 3018 καὶ
797 2965 891 3019 νῦν
925 2967 1204 3021 λέλεκται·
1239 2987 1257 3019 ι
1282 2968 1354 3020 Τὸ
1379 2969 1530 3039 ἅρμα
1558 2967 1651 3021 τοῦ
1680 2968 1816 3022 Θεοῦ
1853 2985 2039 3038 μυριο-

453 3059 700 3120 πλάσιον,
740 3057 976 3128 χιλιάδες
1009 3059 1399 3130 εὐθηνούντων.
1431 3079 1449 3110 ι
1471 3059 1609 3112 Ἀνθ’
1639 3052 1700 3112 οὗ
1741 3061 1768 3112 6
1811 3059 2039 3130 Σύμμα-

453 3169 547 3223 χος
573 3152 944 3224 ἡρμήνευσενο
978 3150 1241 3222 (Ὀχησις
1265 3150 1357 3204 τοῦ
1381 3150 1516 3204 Θεοῦ
1541 3151 1835 3222 μυριάδων,
1865 3150 2040 3222 χιλιά-

452 3247 542 3310 δες
591 3244 889 3316 ⁴ἦχούντων.
920 3263 938 3296 ι
980 3244 1045 3297 Τί
1095 3244 1151 3296 δὲ
1187 3264 1204 3295 ι
1236 3243 1510 3315 ἠχούντων
1540 3265 1558 3296 ι
1591 3245 1623 3316 ἢ
1673 3245 1890 3307 πάντως
1937 3261 2038 3299 που

455 3338 639 3409 φωνὰς
672 3339 898 3411 πλήρεις
927 3337 1232 3407 δοξολογίας
1265 3339 1359 3391 καὶ
1387 3336 1696 3406 θεολογίας;
1729 3333 1830 3392 Οἷα
1854 3337 1948 3391 καὶ
1973 3337 2042 3392 τὰ

457 3430 727 3502 σεραφεὶμ
749 3431 1168 3502 ἀναγέγραπται
1195 3430 1347 3502 παρὰ
1375 3429 1452 3500 τῷ
1488 3430 1685 3501 Ἡσαΐᾳ
1717 3429 1923 3501 βοῶντα
1948 3429 2042 3483 καὶ

453 3520 679 3590 λέγοντα
698 3538 710 3550 ο
741 3540 761 3572 ‹
777 3522 985 3589 Ἄγιος,
1012 3522 1186 3590 ἆγιος,
1218 3522 1372 3590 ἅγιος
1398 3521 1602 3594 Κύριος
1633 3521 1880 3588 Σαϐαὼθ,
1904 3521 2043 3592 πλή-

459 3630 560 3684 ρης
593 3613 744 3664 πᾶσα
770 3615 802 3682 ἡ
829 3616 900 3683 γῆ
927 3613 1028 3682 τῆς
1047 3613 1206 3684 δόξης
1225 3613 1409 3668 αὐτοῦ.
1441 3633 1461 3665 ι
1481 3615 1568 3668 Ἐν
1590 3613 1812 3678 ταύταις
1835 3614 1891 3667 δὲ
1921 3617 2042 3679 ταῖς

457 3703 662 3772 χιλιάσι
724 3703 818 3756 καὶ
867 3705 988 3766 ταῖς
1043 3705 1268 3775 μυριάσι
1311 3709 1433 3768 ταῖς
1485 3707 1922 3776 ὑπεζευγμέναις
1964 3706 2043 3778 τῷ

459 3793 662 3866 ἅρματι
691 3792 785 3846 τοῦ
817 3793 953 3846 Θεοῦ
995 3795 1090 3847 καὶ
1118 3796 1279 3859 αὐτὸς
1321 3799 1349 3849 ό
1383 3795 1587 3868 Κύριος
1615 3798 1778 3867 μέσος
1817 3798 2044 3869 ἐμπολι-

455 3886 693 3951 τεύεται,
727 3883 916 3954 ὥσπερ
945 3885 1174 3957 ἡνιοχῶν
1205 3887 1374 3950 αὐτάς
1399 3889 1496 3941 ,καὶ
1519 3888 1598 3959 τῷ
1631 3889 1909 3960 Πνεύματι
1938 3907 2044 3942 πα-

457 3975 833 4047 ρασκευάζων.
881 3977 974 4030 Διὸ
1016 3977 1348 4046 ὲπιλέγεται,
1393 3997 1411 4028 ι
1441 3978 1639 4051 Κύριος
1677 3981 1736 4033 ὲν
1785 3982 1986 4044 αὐτοῖς.
2016 4001 2036 4033 ι

457 4069 616 4132 Ποῖος
648 4068 706 4121 δὲ
738 4068 963 4140 Κύριος,
997 4069 1251 4140 σημαίνει
1281 4069 1486 4141 προῖὼν
1510 4071 1603 4124 καὶ
1627 4070 1877 4140 φάσκων·
1914 4089 1932 4123 ι
1956 4072 2045 4124 Ἐν

447 4158 609 4216 ’Σιναῒ
641 4163 696 4214 ὲν
725 4160 804 4232 τῷ
831 4160 991 4232 ἁγίῳ.
1026 4181 1044 4212 ι
1074 4161 1246 4225 Αὐτὸς
1271 4162 1380 4234 γὰρ
1414 4165 1640 4227 ἐκεῖνος,
1675 4164 1863 4234 φησὶν,
1889 4165 1916 4216 ό
1940 4163 2047 4216 Κύ-

457 4271 574 4330 ριος
611 4255 639 4306 ὁ
682 4255 738 4308 ὲν
787 4253 939 4308 Σιναῒ
971 4253 1050 4325 τῷ
1078 4255 1219 4326 ἁγίῳ
1250 4255 1365 4327 ὄρει
1393 4255 1610 4324 ὀφθείςο
1647 4251 1715 4327 ἦν
1747 4256 1804 4309 δὲ
1835 4248 1989 4319 οὗτος
2017 4257 2044 4308 ό

453 4346 550 4400 τοῦ
586 4346 720 4405 Θεοῦ
747 4346 941 4416 Λόγος,
975 4347 1177 4419 δηλαδὴ
1221 4351 1335 4412 τοῖς
1379 4349 1484 4402 ὑπὸ
1515 4348 1576 4400 τὸ
1601 4348 1756 4420 ἆρμα
1783 4348 1876 4402 τοῦ
1909 4347 2043 4401 Θεοῦ

453 4437 826 4507 ἐζευγμένοις.
848 4439 938 4491 Διὸ
949 4440 1010 4492 ού
1031 4439 1108 4510 τῷ
1122 4438 1289 4511 [ἣδε-σν]
1306 4439 1718 4511 τετραγράμμῳ
1731 4439 2042 4510 κέχρηταιή

467 4529 727 4602 Ἐϐραῖκὴ
761 4529 924 4596 λέξις,
959 4533 1242 4602 στοιχείοις
1278 4532 1334 4585 δὲ
1364 4535 1562 4597 κοινοῖς
1589 4533 1678 4585 τὸν
1710 4533 1915 4603 Κύριον
1945 4548 2044 4584 πε-

458 4622 628 4694 ριέχει
673 4623 732 4676 ὲν
777 4622 876 4694 τῷ,
914 4643 932 4674 ι
959 4624 1164 4696 Κύριος
1198 4626 1256 4678 ἐν
1308 4626 1512 4690 αὐτοῖς.
1546 4626 1694 4679 »Ἵνα
1721 4626 1829 4696 γάρ
1858 4624 2042 4695 ἕτερον

453 4717 784 4789 παραστήσῃ
809 4715 997 4770 τοῦτον
1028 4715 1123 4769 τοῦ
1153 4717 1409 4788 ἀνωτέρω
1451 4717 1538 4770 διὰ
1565 4716 1660 4770 τοῦ
1693 4715 2043 4788 τετραγράμ-

458 4825 559 4878 μου
587 4808 953 4879 σημανθέντπ
981 4809 1138 4874 Θεοῦ,
1168 4810 1257 4863 ὅτε
1292 4809 1392 4881 μὲν
1425 4830 1443 4862 ι
1470 4809 1531 4863 τὸ
1552 4809 1705 4881 ἆρμα
1730 4808 1823 4862 τοῦ
1853 4807 1987 4861 Θεοῦ
2018 4826 2036 4858 ι

453 4898 692 4968 ἐλέγετο,
728 4899 816 4954 διά
863 4902 969 4954 τῶν
1014 4902 1415 4972 ἀνεκφωνήτων
1450 4904 1579 4973 παρ’
1618 4901 1888 4972 Ἑϐραίοις
1921 4899 2043 4971 ἐδη-

452 4994 614 5048 λοῦτο
643 4995 920 5067 στοιχείων
942 5011 957 5026 ο
992 4996 1110 5049 νυνὶ
1141 4995 1199 5049 δὲ
1230 4997 1340 5058 τοῖς
1371 4995 1698 5067 κοινοτέροις
1728 4997 2044 5066 χαρακτῆρ-

452 5104 561 5153 σιν,
581 5082 660 5151 of;
688 5088 782 5141 xui.
801 5089 830 5140 6
855 5089 984 5158 παρ’
1012 5086 1322 5158 ἀνθρώποις
1343 5087 1618 5158 γράφεται
1641 5085 1848 5157 κύριος.
1869 5087 2046 5158 Ἀκρι-

452 5175 566 5240 6ῶς
597 5176 654 5230 δὲ
691 5178 781 5230 καὶ
807 5176 898 5229 τὸν
925 5176 1086 5230 τόπον
1112 5177 1538 5247 ἐπισημαίνεται
1561 5176 1652 5229 τὸν
1687 5197 1704 5228 ι
1734 5179 1790 5230 ὲν
1819 5174 1988 5241 Σιναῒ,
2019 5195 2037 5226 »

455 5268 542 5323 ἵνα
586 5271 806 5341 σημήνῃ
833 5270 923 5324 τὸν
957 5271 1048 5323 ἐπὶ
1077 5269 1179 5340 γῆς
1217 5269 1452 5339 ὀφθέντα
1481 5269 1704 5340 Κύριον.
1738 5269 1952 5341 Σφόδρα
1986 5267 2042 5321 δὲ

461 5363 769 5426 ἀκολούθως
790 5362 1030 5431 ἐπιλέγει
1059 5361 1209 5434 ἑξῆς*

568 5478 584 5509 ι
640 5459 866 5528 Ἀνέὸης
934 5459 1013 5522 εἰς
1090 5455 1262 5526 ὕψος,
1333 5453 1762 5526 ᾐχμαλώτευσας
1833 5455 2036 5526 αἰχμα-

467 5551 697 5605 λωσίαν·
771 5550 962 5614 ἔλαϐες
1028 5549 1238 5620 δόματα
1303 5550 1361 5600 ὲν
1419 5545 1748 5618 ἀνθρώποις.
1793 5565 1812 5597 ι
1853 5547 2037 5600 Αἰνετ-

530 5786 807 5847 “Coloss.
847 5809 883 5854 ι,
932 5794 1015 5847 19.
1095 5793 1140 5828 ³⁸
1163 5792 1361 5864 Ephes.
1402 5809 1462 5860 ιι,
1513 5791 1598 5848 14.
1666 5791 1876 5848 “Psal.
1913 5807 2073 5858 Lxxv,

2138 1871 2438 1932 potestates
2462 1865 2793 1934 descendit;
2821 1867 3130 1931 declarans,
3166 1867 3379 1922 etiamsi
3424 1883 3584 1922 mons
3627 1869 3720 1923 ille

2138 1966 2474 2013 memoratus
2524 1960 2838 2029 hujusmodi
2892 1961 3001 2026 sit,
3063 1968 3124 2014 ut
3173 1961 3230 2015 in
3283 1960 3407 2031 ipso
3455 1962 3719 2016 inhabitet

2135 2048 2320 2104 omnis
2365 2050 2650 2120 plenitudo
2681 2061 2922 2122 paterna:
2945 2051 3280 2116 divinitatis,
3312 2067 3421 2106 non
3463 2067 3587 2107 esse
3629 2061 3716 2104 ta-

2139 2153 2264 2193 men
2298 2141 2472 2195 solam
2520 2139 2702 2198 Patris
2741 2143 3186 2214 possessionem;
3234 2144 3329 2198 sed
3359 2145 3538 2213 ipsum
3580 2143 3721 2198 alias

2141 2228 2352 2288 habere.
2373 2229 2730 2288 administras
2755 2240 2809 2287 et
2838 2233 3088 2288 subditas
3118 2233 3368 2292 virtutes.
3402 2248 3563 2302 quas,
3594 2234 3722 2288 licet

2139 2316 2354 2370 inllnito
2385 2333 2616 2373 numero
2639 2318 2772 2390 sint,
2801 2329 2966 2389 atque
3000 2320 3200 2373 virtute
3242 2326 3585 2388 prmstantes,
3617 2319 3722 2372 sub

2142 2423 2251 2461 uno
2277 2409 2410 2479 jugo
2433 2408 2700 2479 colligans
2727 2410 2973 2463 onmium
2994 2425 3086 2464 rex
3121 2409 3210 2464 ille
3236 2408 3380 2464 Deus
3409 2409 3594 2463 currui
3620 2407 3722 2462 ad-

2131 2499 2320 2570 junxit
2352 2515 2475 2562 suo,
2511 2501 2794 2570 aurigante
2821 2499 3114 2570 Unigenito
3140 2498 3317 2555 Verbo
3341 2515 3462 2554 suo.
3515 2499 3724 2554 Harum

2141 2604 2272 2644 vero
2305 2587 2709 2643 multitudinem
2754 2589 2810 2642 in
2851 2589 3035 2643 divina
3081 2605 3178 2644 sua
3229 2589 3439 2644 visione
3482 2589 3724 2644 declarat

2142 2679 2354 2746 Daniel,
2383 2682 2572 2738 dicens
2603 2703 2616 2738 :
2661 2700 2679 2732 ι
2710 2681 2901 2736 Decies
2934 2682 3133 2737 millies
3169 2683 3307 2736 dena
3347 2683 3514 2736 millia
3561 2683 3726 2737 minio

2138 2784 2392 2840 strabant
2419 2783 2490 2847 ei,
2516 2790 2569 2837 et
2593 2781 2763 2836 millia
2795 2781 3026 2836 millium
3055 2782 3309 2837 astabant
3343 2782 3399 2836 in
3425 2790 3724 2854 conspectu

2143 2877 2266 2944 ejus
2296 2877 2362 2932 ³⁸.
2400 2896 2420 2929 ι
2459 2875 2557 2931 Cui
2581 2875 2787 2930 accinit
2815 2874 2906 2929 hic
2933 2875 3087 2930 locus
3117 2893 3131 2929 :
3175 2893 3194 2927 ι
3231 2874 3442 2930 Currus
3466 2874 3559 2930 Dei
3590 2876 3728 2929 mul-

2145 2970 2313 3042 tiplex
2343 2968 2515 3023 millia
2554 2967 2876 3024 laetantium.
2908 2986 2928 3020 ι
2980 2967 3087 3022 Pro
3118 2982 3227 3037 quo
3257 2967 3616 3038 Symmachus
3645 2967 3726 3022 sic

2146 3064 2561 3134 interpretatur,
2599 3060 2867 3116 «Vectura
2894 3059 2992 3115 Dei
3021 3059 3289 3114 denorum
3316 3058 3567 3125 millium,
3603 3058 3727 3112 mil-

2068 3169 2112 3226 ο
2146 3157 2217 3212 lia
2247 3157 2588 3212 sonantium.
2622 3174 2641 3206 ι
2684 3153 2826 3220 Quid
2856 3152 3013 3217 illud,
3045 3169 3065 3203 ς
3089 3151 3457 3214 sonantium,»
3491 3149 3598 3204 nisi
3625 3166 3724 3204 vo-

2144 3267 2236 3306 ces
2267 3239 2518 3305 laudibus
2554 3241 2864 3317 divinisque
2888 3243 3236 3301 sermonibus
3260 3244 3452 3314 plenas
3481 3241 3730 3296 emitten-

2144 3342 2315 3399 tium?
2344 3341 2539 3407 Qualia
2568 3339 2844 3410 seraphim
2873 3336 3017 3407 apud
3039 3334 3239 3391 Isaiam
3287 3333 3525 3388 clamare
3552 3347 3614 3386 ac
3637 3331 3728 3387 di-

2143 3449 2269 3490 cere
2298 3433 2562 3502 scriptum
2586 3438 2670 3486 est
2702 3448 2716 3484 :
2754 3447 2773 3480 ι
2809 3426 3066 3490 Sanctus,
3093 3432 3342 3488 sanctus,
3367 3431 3592 3478 sanctus
3620 3420 3728 3475 Do-

2144 3525 2328 3580 minus
2354 3522 2613 3587 Sabaoth,
2633 3522 2794 3592 plcna
2817 3529 2901 3578 est
2917 3520 3096 3575 omnis
3113 3525 3259 3572 terra
3287 3513 3460 3587 gloria
3485 3513 3604 3582 ejus
3622 3513 3724 3567 ³⁷.»

2143 3617 2294 3673 Inter
2342 3617 2460 3672 haec
2505 3616 2676 3670 mlllia
2716 3622 2770 3670 et
2797 3613 2937 3669 dena
2971 3613 3175 3677 millia,
3227 3625 3351 3680 quae
3399 3607 3495 3662 Dei
3543 3609 3730 3662 currui

2139 3709 2336 3780 juncta
2363 3716 2526 3770 sunt,
2561 3708 2776 3763 medius
2804 3712 3056 3760 versatur
3086 3704 3204 3774 ipse
3237 3700 3505 3756 Dominus
3524 3740 3538 3764 ,
3570 3699 3729 3769 quasi

2147 3800 2408 3868 aurigans
2439 3813 2503 3851 ac
2531 3795 2760 3867 Spiritui
2789 3809 3102 3866 praeparans
3127 3796 3297 3863 ipsas.
3361 3791 3730 3858 Quamobrem

2147 3892 2518 3962 subjungitur,
2557 3907 2578 3942 ι
2608 3890 2873 3943 Dominus
2919 3889 2974 3942 in
3007 3888 3110 3942 eis.
3147 3905 3166 3938 ι
3221 3885 3326 3951 Qui
3361 3885 3433 3940 sit
3467 3881 3732 3935 Dominus

2147 3979 2382 4036 subinde
2403 3978 2646 4034 declarat
2679 3978 2764 4032 his
2788 3977 2990 4040 verbis,
3028 3995 3048 4028 ι
3086 3976 3145 4030 In
3181 3974 3354 4037 Sinai,
3389 3974 3444 4026 in
3481 3979 3725 4028 sancto.»

2148 4074 2282 4128 Nam
2310 4075 2444 4144 ipse,
2479 4073 2679 4142 inquit,
2712 4071 2976 4126 Dominus
3003 4079 3086 4126 est
3120 4071 3215 4139 qui
3247 4069 3302 4123 in
3331 4077 3515 4123 monte
3540 4074 3732 4122 sancto

2150 4165 2301 4218 Sinai
2332 4165 2483 4219 visus
2507 4171 2630 4230 est;
2664 4172 2782 4217 erat
2811 4169 2992 4216 autem
3021 4160 3112 4215 ille
3144 4158 3241 4214 Dei
3275 4158 3513 4213 Verbum
3537 4197 3552 4223 ,
3578 4157 3732 4211 visus

2148 4255 2358 4310 scilicet
2386 4252 2454 4308 iis
2484 4254 2578 4325 qui
2629 4253 2732 4309 sub
2760 4267 2928 4306 curru
2975 4250 3067 4305 Dei
3098 4250 3288 4320 juncti
3321 4257 3500 4304 erant.
3549 4247 3731 4312 Quare

2148 4347 2418 4402 Ilebraica
2449 4347 2631 4412 lectio,
2672 4360 2784 4400 non
2833 4352 3254 4414 tetragrammo,
3293 4342 3409 4397 sive
3441 4355 3574 4394 voce
3601 4353 3733 4408 qua-

2097 4513 2104 4516 _
2148 4447 2274 4514 tuor
2295 4441 2600 4494 litterarum
2634 4439 2828 4502 utitur,
2860 4436 2956 4511 sed
2980 4436 3248 4490 elementa
3279 4431 3590 4488 communia
3623 4429 3733 4483 Do-

2076 4510 2122 4567 Ῑ)
2149 4511 2356 4585 ininum
2384 4545 2695 4585 memorans
2721 4532 2954 4598 usurpat
2981 4526 3036 4580 in
3054 4526 3169 4590 illo,
3201 4523 3496 4579 «Dominus
3515 4522 3568 4574 in
3589 4521 3725 4575 eis.»

2154 4622 2220 4678 Ut
2248 4622 2393 4678 enim
2441 4638 2566 4677 eum
2599 4622 2766 4676 alium
2789 4635 2913 4676 esse
2950 4618 3254 4674 declararet
3296 4616 3362 4671 ab
3392 4631 3478 4677 eo,
3511 4614 3603 4683 qui
3637 4629 3731 4668 su-

2148 4717 2332 4787 perius
2380 4731 2480 4786 per
2528 4731 2726 4770 nomen
2757 4719 2994 4784 quatuor
3025 4712 3328 4765 litterarum
3360 4707 3728 4768 indicabatur,

2149 4807 2281 4872 Deo,
2321 4821 2448 4860 cum
2481 4823 2501 4856 ι
2535 4820 2733 4860 currus
2767 4801 2859 4858 Dei
2896 4821 2914 4853 ι
2949 4801 3248 4866 diceretur,
3276 4799 3563 4854 elementis
3583 4795 3729 4866 apud

2145 4900 2402 4957 Hebraeos
2429 4897 2795 4953 ineﬂ‘abilibus
2821 4911 2955 4950 usus
2999 4902 3120 4960 est;
3153 4906 3298 4946 nunc
3320 4904 3450 4945 vero
3483 4903 3729 4942 commu-

2146 4994 2396 5051 nioribus
2426 4988 2862 5052 characteribus,
2910 4987 3112 5056 quibus
3161 4983 3436 5038 indicatur
3471 4980 3730 5036 dominus

2146 5087 2376 5158 quilibet
2406 5083 2548 5154 apud
2578 5082 2846 5137 homines.
2900 5077 3104 5132 Locum
3141 5077 3269 5130 item
3300 5080 3555 5128 accurate
3586 5069 3731 5124 indi-

2147 5189 2253 5242 cat,
2293 5197 2310 5229 ι
2345 5178 2400 5232 in
2432 5175 2616 5240 Sinai,
2654 5195 2672 5226 ι
2706 5183 2766 5228 ut
2806 5172 3139 5243 signiﬁcaret
3171 5167 3460 5222 Dominum
3494 5167 3550 5219 in
3583 5172 3730 5218 terra

2147 5273 2348 5327 visum.
2417 5269 2622 5325 Deinde
2679 5274 3076 5335 consequenter
3135 5260 3428 5316 admodum
3489 5255 3658 5310 infert
3708 5269 3727 5310 :

2219 5455 2386 5510 Vens.
2417 5451 2508 5506 29..
2574 5469 2592 5500 ε
2632 5445 2942 5504 Ascendisti
2975 5444 3028 5498 in
3058 5443 3248 5504 altum,
3277 5437 3468 5508 cepisti
3502 5433 3729 5504 captivi-

2146 5555 2334 5612 tatem,
2371 5541 2629 5614 acccpisti
2671 5541 2814 5594 dona
2865 5537 2919 5590 in
2959 5532 3294 5595 hominibus.
3335 5548 3352 5580 ›
3394 5529 3729 5582 Desccnsum

2110 5791 2163 5848 '5.
2242 5789 2286 5822 “
2307 5787 2444 5842 Dan.
2480 5800 2577 5849 vn,
2616 5783 2696 5838 ιο.
2776 5781 2816 5813 ³⁷
2846 5779 2948 5836 lsa.
2981 5794 3056 5840 vr,
3087 5776 3140 5831 3.
