4056 6438
366 387 472 443 705

1040 379 1316 438 EUSEBII’
1349 378 1838 434 CIESARIENSIS
1874 377 2026 435 ΟΡΡ.
2066 376 2248 432 PARS
2286 375 2374 430 Ill.
2415 404 2482 415 —
2524 371 2936 430 EXEGETICA.

3539 375 3572 429 7
3577 373 3649 430 04

365 521 528 579 porro
555 502 678 571 eius
701 499 1016 556 subindicat
1036 515 1161 554 cum
1190 500 1286 562 ait,
1316 499 1648 554 «ascendisti
1685 520 1698 554 :
1727 519 1745 552 ι
1776 515 1954 569 neque

2067 514 2205 550 ιεται
2254 496 2311 549 δὲ
2365 492 2534 548 αὐτοῦ
2565 493 2664 566 τὴν
2705 493 2950 556 κάθοδον,
3004 489 3093 544 διὰ
3134 490 3226 543 τοῦ
3265 491 3465 560 φάναι,
3508 513 3526 545 ι
3551 495 3650 546 ἀν·-

363 597 508 651 enim
570 607 903 648 ascensurus
963 599 1116 655 erat,
1184 591 1291 645 nisi
1349 591 1503 662 prius
1557 591 1955 647 descendisset.

369 709 388 738 ι
409 685 543 740 Nam
583 685 678 756 qui
705 683 1013 748 descendit,
1043 684 1160 754 ipse
1182 692 1268 738 est
1301 694 1354 739 et
1393 685 1486 754 qui
1515 684 1765 739 ascendit
1793 699 1961 754 super

363 793 556 833 omnes
599 776 795 838 cmlos,
832 785 892 829 ut
922 775 1178 844 impleret
1223 777 1410 831 omnia
1441 777 1505 829 ⁸⁸.
1543 794 1562 829 ι
1606 775 1746 842 Quid
1778 783 1958 830 autem

365 871 498 926 fecit
544 885 670 924 cum
705 867 1089 924 ascendisset?
1143 866 1426 937 Captivam
1461 869 1620 923 duxit
1673 868 1960 938 captivita-

366 975 503 1028 tem,
535 971 590 1018 et
615 962 826 1032 accepit
853 962 996 1016 dona
1022 961 1076 1014 in
1104 960 1441 1014 hominibus.
1502 960 1676 1026 Quam
1705 975 1835 1014 vero
1868 974 1961 1014 ca-

366 1058 672 1127 ptivitatem
693 1055 964 1124 captivam
987 1054 1166 1113 duxit.
1194 1055 1298 1107 nisi
1331 1053 1592 1123 prmdicta
1627 1054 1961 1124 spolia,qu:e

367 1149 570 1204 milites
614 1149 698 1203 sui
735 1148 1042 1208 diviserant
1075 1146 1098 1198 ?
1139 1144 1244 1200 Sed
1297 1147 1462 1200 etiam
1504 1147 1772 1216 largiente
1802 1144 1962 1201 Patre

368 1257 470 1297 suo
500 1241 712 1311 accepit
741 1241 885 1294 dona
916 1240 972 1293 in
1001 1238 1338 1305 hominibus,
1397 1238 1700 1294 secundum
1728 1239 1963 1308 promis-

366 1333 581 1387 sionem
618 1331 684 1384 ad
727 1331 905 1400 ipsum
953 1328 1155 1383 factam
1205 1329 1291 1384 his
1341 1329 1529 1385 verbis
1564 1349 1576 1384 :
1617 1349 1634 1380 ι
1670 1328 1894 1384 Postula
1930 1346 1960 1383 a

367 1438 478 1488 me,
529 1428 586 1476 et
629 1421 774 1476 dabo
806 1420 904 1474 tibi
938 1429 1128 1491 gentes
1165 1418 1539 1474 hmreditatem
1568 1427 1719 1473 tuam
1750 1430 1803 1473 et
1838 1435 1963 1490 pos-

368 1513 676 1569 sessionem
704 1519 856 1566 tuam
880 1511 1145 1566 terminos
1175 1520 1354 1566 terrre.
1385 1511 1428 1543 ‘°
1466 1529 1485 1562 ι
1517 1511 1774 1580 Acceptis
1803 1527 1833 1565 a
1859 1509 1962 1564 Pa-

369 1615 454 1660 tre
501 1604 817 1676 hujusmodi
869 1604 1031 1660 donis
1068 1623 1090 1656 ι
1121 1605 1177 1658 in
1213 1604 1548 1668 hominibus,
1583 1623 1600 1654 ι
1641 1619 1793 1657 suam
1826 1619 1962 1657 con-

371 1698 551 1753 stituit
599 1696 927 1753 Ecclesiam.
989 1693 1088 1751 [iis
1137 1695 1432 1765 subjicitur
1477 1713 1491 1748 :
1547 1712 1567 1746 ι
1607 1694 1819 1750 Etenim
1852 1710 1962 1750 non

372 1790 660 1846 credentes
702 1789 1052 1856 inhabitare;
1093 1809 1113 1841 ι
1161 1787 1308 1858 quod
1334 1788 1542 1843 clarius
1569 1776 1961 1858 interpretatus

2060 587 2194 658 έϐης
2213 601 2228 615 ⁸
2260 606 2279 640 ι
2318 587 2378 639 οὐ
2411 585 2520 656 γὰρ
2549 584 2615 638 ἂν
2643 584 2819 648 ἄλλως
2853 583 3043 653 ἀνέϐη,
3071 583 3120 634 εί
3155 581 3228 653 μὴ
3256 583 3520 655 πρότερον
3547 601 3651 636 κα-

2057 678 2404 748 ταϐεϐήκει.ι
2427 678 2485 729 'U
2502 677 2609 750 γὰρ
2646 676 2912 742 καταϐὰς,
2939 677 3100 740 αὐτός
3129 678 3244 728 ἐστι
3276 677 3368 729 καὶ
3394 678 3422 729 6
3442 676 3647 742 ἀναϐὰς

2060 769 2562 842 ὐπεράνω.πάντων
2583 770 2692 824 τῶν
2720 769 2988 839 οὐρανῶν,
3017 770 3104 822 ἵνα
3134 766 3395 840 πληρώσῃ
3422 768 3492 822 τά
3519 772 3652 823 πάν-

2057 879 2146 917 τα.
2180 882 2199 914 ι
2221 861 2454 925 Ἀναϐὰς
2487 861 2546 914 δὲ
2575 861 2628 915 τί
2660 861 2926 934 ἔπραξενς
2965 860 3416 933 ᾘχμαλώτευσεν
3452 863 3653 932 αἰχμα-

2059 955 2281 1019 λωσίαν,
2317 955 2413 1008 καὶ
2464 953 2622 1006 ἔλαϐε
2668 953 2876 1024 δόματα
2921 955 2979 1006 ἐν
3027 953 3352 1025 ἀνθρώποις.
3393 954 3560 1007 Ποίαν
3589 953 3648 1008 δὲ

2060 1046 2438 1118 αἰχμαλωσίαν
2462 1045 2885 1118 ᾐχμαλώτευσεν
2910 1047 2942 1118 ἢ
2968 1046 3037 1099 τὰ
3063 1046 3428 1118 προλεχθέντα
3455 1037 3648 1110 σκύλα,

2059 1138 2095 1192 ἃ
2121 1139 2458 1210 διενείμαντο
2488 1141 2537 1192 οἱ
2572 1139 2738 1192 αὐτοῦ
2770 1138 3136 1210 στρατιῶται;
3183 1138 3342 1192 Ἀλλά
3375 1140 3468 1193 καὶ
3494 1139 3654 1192 ἔλαϐε

2058 1231 2270 1303 δόματα
2299 1234 2356 1284 ἐν
2381 1231 2712 1303 ἀνθρώποις,
2730 1230 2823 1284 τοῦ
2855 1231 3069 1303 Πατρὸς
3089 1231 3238 1303 αὐτῷ
3255 1232 3652 1304 δεδωρημένου,

2061 1326 2182 1379 καθ’
2212 1327 2276 1396 ἢν
2306 1323 2642 1397 ἐπήγγελται
2685 1324 2823 1396 πρὸς
2853 1323 3016 1377 αὐτὸν
3056 1323 3410 1392 ἐπαγγελίαν,
3440 1325 3615 1397 φήσας
3636 1325 3656 1355 δ

2067 1431 2086 1464 σ
2117 1413 2349 1484 Αἴτησαι
2380 1416 2512 1486 παρ’
2529 1412 2690 1482 ἐμοῦ,
2714 1415 2808 1467 καὶ
2833 1413 2988 1468 δώσω
3014 1432 3095 1467 σοι
3129 1414 3255 1486 ἔθνη
3281 1414 3377 1483 τὴν
3406 1415 3661 1487 κληρονο-

2065 1505 2195 1575 μίαν
2223 1522 2314 1559 σου
2335 1506 2428 1558 καὶ
2452 1506 2552 1577 τὴν
2578 1506 2907 1577 κατάσχεσίν
2931 1523 3024 1560 σου
3044 1507 3114 1560 τά
3135 1506 3348 1578 πέρατα
3370 1507 3470 1577 τῆς
3493 1509 3614 1578 γῆς.
3629 1529 3648 1560 ι

2063 1598 2248 1652 Ταῦτα
2268 1598 2324 1652 δὲ
2338 1599 2405 1652 τὰ
2433 1599 2642 1670 δόματα
2663 1619 2681 1651 ι
2707 1601 2765 1652 ἐν
2787 1598 3096 1671 ἀνθρώποις
3119 1620 3136 1651 ι
3167 1599 3314 1672 παρά
3325 1599 3418 1652 τοῦ
3442 1601 3655 1673 Πατρὸς

2065 1690 2266 1757 λαϐὼν,
2305 1693 2672 1763 συνεστήσατο
2712 1693 2812 1763 τὴν
2853 1692 3180 1762 Ἐκκλησίαν
3223 1693 3408 1745 αὐτοῦ.
3436 1693 3658 1757 Τούτοις

2065 1783 2189 1854 ἑξῆς
2235 1784 2478 1854 εἴρηται·
2520 1801 2539 1834 t
2570 1784 2681 1836 Kal.
2725 1783 2835 1854 γὰρ
2863 1782 3217 1847 ἀπειθοῦντες
3255 1785 3348 1836 τοῦ
3379 1802 3661 1857 κατασληο

374 1880 739 1953 Synnnachus
769 1889 874 1946 est,
927 1899 946 1931 ι
983 1881 1175 1939 Adhuc
1203 1887 1257 1936 et
1282 1881 1337 1936 in
1364 1895 1472 1935 non
1498 1880 1850 1936 credentibus
1879 1881 1962 1934 in-

2067 1874 2266 1928 νῶσαιο
2299 1894 2317 1926 ›
2352 1876 2489 1945 ὅπερ
2519 1874 2853 1946 σαφέστερον
2889 1874 3170 1928 ἀπέδωκεν
3193 1878 3221 1929 6
3255 1875 3551 1947 Σύμμαχος
3583 1879 3661 1929 εί-

375 1973 643 2028 habitare.
689 1992 710 2026 ι
756 1972 893 2026 Nam
927 1980 983 2027 et
1017 1970 1176 2035 illud,
1212 1973 1413 2042 inquit,
1471 1987 1501 2026 a
1529 1969 1691 2025 Patre
1727 1972 1958 2041 accepit,

373 2073 432 2118 ut
462 2065 797 2120 inhabitaret
831 2066 888 2119 in
917 2065 999 2121 eis
1037 2068 1134 2135 qui
1165 2064 1296 2119 olim
1327 2078 1440 2118 non
1481 2062 1866 2127 crediderant,
1909 2073 1964 2118 et

373 2158 559 2228 pietati
585 2158 640 2213 in
668 2157 841 2213 Deum
873 2157 1348 2213 contradixerant.
1405 2155 1540 2209 Nam
1572 2156 1716 2211 hanc
1747 2171 1965 2226 quoque

373 2256 699 2319 potestatem
726 2249 961 2318 accepit,
992 2255 1054 2302 ut
1083 2248 1139 2301 in
1159 2246 1341 2301 medi-0
1364 2260 1474 2300 non
1511 2245 1851 2300 credentium
1881 2246 1966 2300 in-

375 2344 668 2408 habitaret,
717 2349 883 2412 atque
913 2357 980 2396 ex
1010 2341 1144 2411 ipsis
1178 2356 1288 2395 non
1319 2339 1670 2395 credentibus
1701 2338 1843 2394 dona
1873 2354 1966 2394 ac—

375 2437 599 2507 ciperet.
631 2434 928 2504 Postquam
960 2442 1142 2490 autem
1176 2445 1256 2490 tot
1279 2443 1548 2505 praecepta
1579 2440 1704 2503 post
1729 2433 1967 2504 prophe-

375 2530 505 2582 tiam
556 2529 685 2584 data
735 2537 884 2592 sunt,
920 2528 1184 2600 deinceps
1231 2528 1472 2598 Spiritus
1522 2535 1771 2590 sanctus,
1805 2527 1964 2598 quasi

372 2620 652 2691 przeclaris
683 2620 1139 2691 mirabilibusque
1173 2621 1342 2690 gestis
1378 2620 1660 2690 operibus,
1689 2626 1772 2674 tot
1793 2619 1965 2674 bono-

372 2729 493 2767 rum
525 2713 771 2783 largitori
802 2712 1079 2767 benedicit
1103 2711 1188 2766 his
1213 2712 1394 2768 verbis
1428 2729 1440 2764 :
1484 2729 1503 2762 ι
1525 2710 1791 2765 Dominus
1824 2709 1966 2765 Deus

369 2805 718 2872 benedictus,
773 2803 1098 2860 benedictus
1145 2803 1412 2859 Dominus
1469 2801 1735 2873 quotidie.
1771 2821 1791 2855 ι
1847 2800 1966 2855 Non

372 2898 514 2952 ultra
563 2897 730 2964 enim,
773 2896 973 2967 inquit,
1009 2896 1262 2951 homines
1317 2895 1588 2966 malignos
1621 2895 1850 2965 spiritus
1879 2908 1967 2947 er-

371 3004 498 3044 rore
530 2989 682 3043 ducti
707 2991 919 3053 colunt,
952 2987 1048 3043 sed
1084 2988 1318 3058 singulis
1345 2987 1540 3042 diebus
1565 2994 1618 3041 et
1650 2986 1801 3040 horis
1827 3001 1968 3056 prte-

371 3081 581 3136 dictum
617 3080 911 3135 Dominum
963 3079 1321 3135 benedicunt.
1387 3079 1509 3150 Ipse
1537 3093 1669 3133 vero
1698 3077 1967 3132 Dominus

378 3193 397 3224 ι
428 3188 750 3244 prosperum
783 3173 888 3228 iter
910 3171 1073 3227 faciet
1102 3173 1282 3233 nobis.
1306 3193 1326 3225 ι
1367 3183 1491 3226 cum
1517 3173 1634 3243 ipse
1657 3172 1731 3226 sit
1765 3190 1784 3222 ι
1824 3169 1968 3226 Deus

373 3265 702 3320 salutarium
731 3273 1104 3321 nostrorum.»
1141 3264 1268 3319 Haec
1298 3280 1430 3320 vero
1459 3281 1525 3319 ex
1552 3280 1784 3335 persona
1813 3264 1970 3318 ebori

374 3357 748 3427 apostolorum
784 3357 1026 3427 Spiritus
1052 3365 1280 3412 sanctus
1307 3357 1584 3426 loquitur,
1622 3364 1683 3410 ut
1714 3356 1783 3409 ab
1814 3355 1970 3409 initio

375 3449 648 3502 sermonis
681 3447 1109 3504 deelaravimus.
1138 3449 1410 3516 Quoniam
1442 3448 1611 3519 igitur
1641 3462 1970 3518 prosperum

375 3542 478 3595 iter
510 3555 541 3594 a
573 3539 682 3596 Deo
713 3542 790 3596 illi
821 3543 1212 3612 precabantur,
1245 3552 1302 3596 ut
1327 3556 1451 3596 eum
1482 3541 1717 3604 adirent,
1751 3542 1830 3596 uti
1855 3541 1968 3610 jam

375 3640 537 3688 antea
571 3633 782 3687 dictum
806 3641 912 3697 est,
953 3634 1270 3691 necessario
1306 3633 1500 3687 dicunt
1532 3651 1546 3685 :
1587 3653 1607 3684 ι
1640 3632 1969 3688 Benedictus

377 3724 640 3779 Dominus
668 3724 936 3794 quotidie,
971 3742 1293 3797 prosperum
1327 3727 1431 3781 iter
1457 3725 1617 3781 faciet
1640 3726 1798 3781 nobis
1825 3725 1970 3782 Dens

375 3816 702 3870 salutarium
735 3826 1071 3873 nostrorum.
1113 3838 1134 3871 ›
1200 3818 1310 3874 Pro
1337 3820 1432 3874 illo
1461 3828 1666 3884 autem,
1707 3839 1726 3871 ι
1761 3819 1969 3875 saluta-

376 3907 520 3961 rium
546 3914 920 3972 nostronth
963 3909 1327 3981 Symmachus
1366 3930 1384 3963 ι
1411 3910 1713 3966 Salvatoris
1742 3913 1916 3966 nostri
1941 3931 1959 3963 ι

377 3999 768 4069 interpretatus
793 4010 876 4056 est
897 4020 911 4069 ;
945 4017 1045 4073 pro
1066 4017 1175 4072 quo
1195 4018 1417 4058 rursum
1433 4001 1762 4058 chraicum
1783 4019 1968 4059 exem-

378 4091 518 4160 plar,
555 4089 858 4148 Salvatoris
891 4095 1065 4148 nostri
1087 4093 1220 4150 Jesu
1251 4110 1453 4151 nomen
1493 4095 1964 4150 commemoravit.

383 4202 401 4234 ε
426 4183 572 4239 Deus
607 4194 818 4252 noster,
839 4184 983 4242 Deus
1021 4187 1203 4242 salvos
1234 4186 1492 4252 faciendi,
1526 4196 1580 4242 et
1609 4186 1827 4242 Domini
1859 4185 1969 4240 Do-

376 4276 510 4331 mini
543 4278 724 4333 exitus
748 4279 962 4334 mortis.
1005 4299 1025 4333 ›
1058 4279 1185 4333 Haec
1215 4294 1436 4334 rursum
1467 4294 1534 4332 ex
1563 4293 1803 4347 persona
1839 4293 1969 4348 apo-

376 4369 644 4423 stolorum
689 4370 1008 4440 prophetico
1037 4369 1182 4424 dicta
1215 4378 1365 4424 sunt.
1415 4367 1558 4434 Quia
1589 4369 1734 4422 enim
1767 4369 1834 4423 de
1858 4367 1970 4424 Deo

373 4462 530 4532 prius
558 4463 724 4518 locuti
756 4469 1330 4533 sunt,consequenter
1359 4465 1414 4518 in
1445 4463 1703 4534 praesenti
1734 4463 1926 4517 dicunt
1953 4483 1964 4516 :

377 4572 399 4603 c
438 4553 583 4611 Deus
617 4562 826 4614 noster.
857 4554 1000 4610 Deus
1031 4557 1215 4610 salvos
1246 4556 1505 4622 faciendi,
1535 4564 1589 4611 et
1615 4554 1830 4610 Domini
1863 4555 1969 4611 Do-

2063 1966 2214 2020 πών·
2250 1969 2404 2021 «Ἔτι
2446 1969 2542 2021 καὶ
2588 1969 2647 2020 ἐν
2695 1967 2984 2021 ἀπειθοῦσι
3027 1968 3468 2039 κατασκηνιῖηαι.
3500 1989 3518 2021 ι
3550 1971 3661 2023 Καὶ

2062 2062 2222 2116 τοῦτο
2254 2063 2385 2135 γὰρ,
2419 2064 2574 2134 φησι,
2606 2063 2758 2134 παρά
2783 2062 2877 2115 τοῦ
2909 2063 3125 2136 Πατρὸς
3159 2063 3338 2127 ἔλαϐε,
3381 2063 3442 2117 τὸ
3490 2082 3661 2119 κατα-

2067 2156 2346 2228 σκηνώσαι
2371 2159 2427 2210 ἐν
2451 2161 2564 2220 τοῖς
2595 2157 2763 2210 πάλαι
2789 2156 3078 2210 ἀπειθοῦσι
3102 2158 3198 2212 καὶ
3232 2157 3573 2227 ἀντιλέγουσι
3596 2161 3662 2232 τῇ

2065 2252 2158 2306 τοῦ
2187 2251 2322 2305 Θεοῦ
2352 2252 2623 2324 εὐσεϐείᾳ.
2653 2252 2765 2305 Καὶ
2798 2250 3003 2320 ταύτην
3027 2252 3135 2324 γάρ
3170 2250 3359 2322 εἴληφε
3392 2252 3492 2323 τὴν
3519 2251 3668 2317 ἐξουο

2068 2345 2211 2409 σίαν,
2243 2343 2383 2396 ὥστε
2417 2347 2475 2396 ἐν
2511 2343 2662 2415 μέσῳ
2702 2343 2810 2396 τῶν
2856 2342 3225 2396 ἀπειθούντων
3257 2343 3662 2414 κατασκηνοῦν,

2066 2439 2126 2503 ἐξ
2159 2437 2338 2493 αὐτῶν
2385 2455 2444 2490 τε
2489 2436 2598 2490 τῶν
2645 2435 3014 2489 ἀπειθούντων
3043 2434 3340 2506 λαμϐάνειν
3369 2435 3548 2508 ἑαυτῷ
3575 2437 3633 2490 δό

2071 2547 2234 2601 ματα.
2268 2527 2549 2581 Τοσούτων
2602 2527 2666 2598 δὴ
2724 2527 3066 2598 μαθημάτων
3119 2526 3534 2599 παραδοθέντων
3576 2528 3665 2582 διὰ

2066 2624 2166 2694 τῆς
2190 2621 2549 2693 προφητείας,
2573 2620 2700 2692 ἑξῆς
2722 2620 2782 2673 τὸ
2805 2618 3032 2690 Πνεῦμα
3056 2619 3118 2672 τὸ
3143 2619 3318 2688 ἀγιον,
3345 2619 3421 2683 ώς
3448 2621 3539 2673 ἐπὶ
3567 2639 3661 2691 με·

2067 2715 2253 2784 γάλοις
2285 2714 2381 2768 καὶ
2411 2712 2738 2784 παραδόξοις
2770 2711 3211 2783 κατορθώμασιν,
3237 2711 3450 2781 εὐλογεῐ
3470 2713 3557 2766 τὸν
3579 2729 3662 2765 το»

2069 2808 2274 2861 σούτων
2305 2807 2528 2876 ἀγαθῶν
2555 2807 2758 2877 δοτῆρα
2791 2805 2999 2873 φάσκον
3022 2821 3036 2833 ο
3073 2821 3090 2854 t
3117 2803 3321 2876 Κύριος
3357 2807 3386 2858 6
3419 2804 3549 2869 Θεὸς
3576 2806 3664 2858 εὐ·-

2066 2900 2314 2971 λογητὸς,
2361 2900 2654 2971 εὐλογητὸς
2697 2898 2904 2971 Κύριος
2949 2897 3164 2971 ἡμέραν
3208 2898 3330 2952 καθ’
3374 2899 3606 2971 ἡμέραν.
3639 2918 3659 2951 δ

2069 2993 2266 3046 Οὐκέτι
2301 2992 2430 3065 γὰρ,
2465 2995 2652 3064 φησὶν,
2689 2992 2965 3064 ἄνθρωποι
2995 2991 3254 3063 δαίμονας
3284 2994 3555 3064 πονηροὺς
3579 3011 3670 3046 πε-

2069 3083 2431 3156 πλανημένως
2456 3085 2791 3152 δοξάζουσιν,
2819 3084 2937 3137 ἀλλ’
2963 3085 3052 3154 ἐφ’
3071 3085 3310 3158 ἑκάστης
3337 3087 3549 3160 ἡμέρας
3574 3089 3671 3141 καὶ·

2071 3175 2192 3228 καθ’
2219 3176 2457 3248 ἑκάστην
2496 3176 2647 3248 ὤραν
2696 3176 2788 3229 τὸν
2835 3175 3250 3247 προδηλωθέντα
3279 3177 3482 3248 Κύριον
3511 3178 3666 3231 εὐλον

2071 3265 2278 3336 γοῦσιν.
2298 3268 2355 3321 Ὀ
2380 3269 2436 3321 δὲ
2471 3269 2636 3332 αὐτὸς
2660 3269 2864 3341 Κύριος
2898 3287 2915 3319 ι
2947 3268 3311 3323 κατευοδώσει
3337 3270 3490 3339 ἡμῖν,
3515 3290 3533 3322 ι
3566 3272 3667 3323 αὐ-

2072 3360 2165 3424 τὸς
2191 3359 2267 3414 ὢν
2296 3379 2313 3412 ε
2342 3363 2370 3414 6
2387 3361 2520 3424 Θεὸς
2540 3361 2646 3415 τῶν
2674 3359 2957 3433 σωτηριῶν
2985 3361 3165 3434 ἡμῶν.
3187 3380 3205 3413 ι
3226 3361 3390 3429 Λέγει
3409 3361 3465 3414 δὲ
3491 3360 3664 3414 ταῦτα

2070 3452 2133 3505 τὸ
2159 3452 2384 3524 Πνεῦμα
2416 3453 2480 3505 τὸ
2511 3453 2664 3521 ἆγιον
2689 3453 2753 3504 ἐκ
2779 3452 3072 3524 προσώπου
3100 3452 3192 3505 τοῦ
3215 3451 3378 3524 χοροῦ
3399 3451 3509 3505 τῶν
3530 3453 3662 3504 ἀποο

2074 3545 2296 3610 στόλων,
2343 3547 2535 3616 ὥσπερ
2567 3541 2663 3599 οῦν
2721 3546 2813 3599 καὶ
2845 3546 3137 3616 ἀρχόμενοι
3155 3543 3249 3598 τοῦ
3299 3543 3456 3614 λόγου
3524 3561 3663 3614 παρ-

2071 3640 2405 3710 εστήσαμεν.
2458 3639 2612 3693 Ἐπεὶ
2654 3639 2834 3693 τοίνυν
2875 3644 2974 3712 τῆς
3010 3640 3181 3695 ἐκτοῦ
3199 3639 3334 3693 Θεοῦ
3365 3637 3667 3693 κατευοδώ-

2073 3747 2210 3795 σεως
2239 3731 2448 3785 ἐδέοντο
2477 3728 2644 3798 οῦτοι,
2674 3735 2754 3796 εἰς
2791 3733 2852 3786 τὸ
2880 3733 3200 3807 ὁδοποιῆσαι
3232 3731 3400 3803 αὐτῷ,
3433 3730 3576 3785 κατά
3599 3730 3668 3783 τὰ

2070 3821 2381 3894 ἔμπροσθεν
2405 3823 2687 3895 εἰρημένα,
2725 3825 3040 3894 ἀναγκαίως
3089 3825 3275 3894 φασίν·
3317 3843 3334 3875 ι
3363 3820 3670 3892 Εὐλογητὸς

2069 3915 2276 3987 Κύριος
2329 3917 2544 3989 ἡμέραν
2595 3916 2716 3972 καθ’
2752 3917 3002 3989 ἡμέραν,
3051 3915 3410 3970 κατευοδώσει
3459 3916 3590 3983 ἡμῖν
3641 3915 3671 3965 6

2067 4009 2201 4074 Θεὸς
2242 4010 2352 4065 τῶν
2396 4011 2678 4084 σωτηριῶν
2715 4011 2894 4083 ἡμῶν.
2926 4029 2945 4063 ι
2967 4010 3114 4063 ’Δντὶ
3138 4009 3195 4060 δὲ
3227 4006 3345 4068 τοῦ,
3377 4025 3394 4056 ι
3421 4005 3530 4058 τῶν
3561 4023 3670 4058 σω-

2067 4101 2272 4173 τηριῶν
2300 4102 2480 4174 ἡμῶν,
2515 4121 2534 4154 ι
2565 4104 2592 4154 ό
2620 4101 2941 4172 Σύμμαχος,
2981 4117 3000 4150 ι
3026 4097 3122 4150 τοῦ
3151 4089 3405 4166 Σωτῆρος
3431 4094 3610 4165 ἡμῶν,
3644 4114 3664 4147 ο

2067 4195 2418 4266 ἡρμήνευσεν
2437 4211 2450 4226 ⁸
2485 4194 2604 4248 ἀνθ’
2631 4188 2693 4248 οὗ
2721 4193 2782 4246 τὸ
2828 4190 3118 4263 Ἐϐραῖκὸν
3149 4188 3310 4242 πάλιν
3343 4187 3436 4241 τοῦ
3471 4187 3673 4256 ὀνόμα-

2068 4301 2160 4349 τος
2197 4284 2291 4338 τοῦ
2327 4286 2581 4358 Σωτῆρος
2625 4284 2783 4355 ήμῶν
2820 4280 2998 4354 Ἰησοῦ
3054 4281 3347 4352 μέμνηται.
3390 4299 3407 4329 ς
3435 4277 3492 4331 Ὀ
3537 4278 3670 4342 Θεὸς

2071 4375 2250 4447 ἡμῶν,
2294 4378 2323 4430 6
2352 4376 2485 4440 Θεὸς
2533 4374 2630 4430 τοῦ
2664 4373 2879 4438 σώζειν,
2911 4373 3008 4426 καὶ⁹
3041 4371 3138 4424 τοῦ
3195 4371 3403 4442 Κυρίου
3460 4367 3668 4439 Κυρίου

2072 4470 2128 4522 αί
2171 4468 2394 4534 διέξοδοι
2437 4469 2531 4521 τοῦ
2578 4467 2831 4522 θανάτου.
2869 4487 2886 4518 ι
2931 4465 3100 4519 Πάλιν
3144 4467 3208 4518 ἐκ
3243 4462 3532 4534 προσώπου
3559 4460 3670 4515 τῶν

2074 4561 2387 4615 ἀποστόλων
2409 4557 2763 4629 προφητικῶς
2782 4558 2876 4610 καὶ
2901 4555 3073 4609 ταῦτα
3099 4555 3369 4608 λέλεκται.
3391 4554 3444 4605 Ἐ
3456 4553 3542 4604 πελ.
3561 4551 3670 4621 γὰρ

372 4645 508 4698 mini
534 4645 716 4699 exitus
747 4646 968 4707 mortis;
994 4664 1013 4696 »
1049 4645 1166 4701 sive
1194 4646 1496 4700 secundum
1523 4645 1908 4716 Symmachum
1946 4667 1960 4703 :

2073 4653 2434 4724 ἐθεολόγησαν
2455 4622 2714 4704 ’διάτῶν
2752 4647 3083 4720 ἔμπροσθεν,
3121 4645 3431 4707 ἀκολούθως
3462 4644 3554 4696 καὶ
3581 4643 3668 4695 διὰ

377 4760 397 4790 c
438 4741 584 4797 Deus
619 4743 801 4806 nobis,
827 4741 971 4798 Deus
1005 4743 1061 4796 in
1093 4743 1347 4808 salutem,
1382 4751 1437 4798 et
1470 4741 1686 4796 Domini
1711 4741 1962 4798 domina-

372 4835 513 4889 toris
536 4838 716 4891 exitus
747 4838 799 4891 in
827 4847 1081 4892 mortem.
1119 4857 1138 4890 ι
1176 4834 1311 4890 Nam
1345 4852 1470 4892 cum
1503 4835 1592 4889 hic
1622 4836 1775 4891 solus
1818 4837 1962 4895 Deus

373 4930 468 4992 sit,
507 4930 554 4983 is
586 4944 718 4984 sane
753 4932 936 4986 exitus
983 4932 1190 4987 invenit
1229 4933 1387 5002 queis
1415 4945 1446 4984 a
1475 4938 1651 4986 morte
1683 4933 1958 4988 evaderet.

373 5021 826 5091 Quandoquidem
873 5023 1054 5079 omnis
1085 5023 1254 5078 homo
1285 5024 1351 5078 ad
1396 5023 1704 5094 ingressum
1741 5027 1964 5095 quidem

371 5114 566 5168 mortis
594 5113 860 5184 pervenit,
892 5113 1138 5169 nondum
1172 5123 1356 5170 tamen
1389 5116 1458 5170 ab
1484 5132 1550 5171 eo
1586 5118 1738 5173 exire
1762 5120 1960 5188 potuit.

371 5205 637 5262 Dominus
679 5216 863 5262 autem
899 5207 990 5262 hic
1018 5215 1376 5274 memoratus,
1408 5211 1502 5279 qui
1527 5209 1640 5279 jam
1664 5213 1968 5266 communi-

372 5297 476 5354 bus
507 5299 792 5355 elcmentis
825 5300 879 5353 in
909 5299 1180 5354 Hebraieo
1211 5301 1353 5354 libro
1382 5301 1664 5368 scribitur,
1696 5319 1821 5357 cum
1869 5320 1966 5358 cx-

375 5391 484 5446 itus
513 5407 545 5445 a
573 5403 748 5448 morte
777 5392 1074 5463 aperuerit,
1097 5392 1241 5449 Deus
1267 5395 1428 5448 saluti
1453 5396 1802 5465 cognominis
1835 5396 1966 5450 effe-

374 5488 496 5536 ctus
527 5489 628 5536 est.
673 5482 1040 5550 Quamobrem
1071 5483 1270 5538 dicitur
1299 5503 1312 5540 :
1356 5503 1375 5536 ι
1407 5485 1551 5541 Deus
1579 5494 1788 5551 noster,
1821 5485 1966 5541 Deus

377 5572 559 5626 salvos
596 5572 853 5628 faciendi.
895 5594 914 5628 ι
957 5575 1140 5641 Quare
1187 5576 1279 5632 hic
1312 5577 1432 5646 ipse
1478 5576 1621 5632 Jobo
1652 5578 1966 5635 vaticinans

376 5665 634 5719 dicebat:
674 5685 692 5717 ι
725 5665 942 5722 Venisti
982 5676 1162 5724 autem
1212 5669 1270 5724 in
1306 5669 1511 5725 fontem
1567 5672 1758 5739 maris,
1797 5684 1851 5729 et
1909 5673 1965 5726 in

459 5847 499 5876 ’⁸
529 5844 642 5908 Eph
684 5861 708 5899 s
763 5863 833 5909 ιν,
882 5848 964 5900 ίοθ.
1047 5849 1087 5879 ³³
1117 5847 1260 5903 ἷθςξᾹ.
1305 5867 1363 5912 ιι,
1400 5851 1451 5902 8.

2069 4745 2180 4798 τῶν
2227 4743 2365 4816 μετά
2403 4743 2591 4814 χεῖράς
2618 4759 2781 4812 φασιν
2801 4758 2815 4772 ·
2857 4759 2876 4792 ι
2900 4741 2957 4793 '0
2989 4739 3120 4802 Θεὸς
3149 4737 3328 4809 ἡμῶν,
3360 4739 3388 4790 6
3415 4735 3548 4797 Θεὸς
3574 4734 3668 4787 τοῦ

2073 4837 2288 4903 σώζειν,
2323 4839 2417 4890 καὶ
2443 4835 2537 4888 τοῦ
2569 4835 2774 4905 Κυρίου
2809 4834 3020 4905 Κυρίου
3051 4835 3106 4885 αἱ
3141 4831 3364 4897 διέξοδοι
3391 4829 3485 4881 τοῦ
3517 4829 3674 4881 θανά-

2071 4937 2165 4982 του
2181 4944 2196 4961 ·
2225 4947 2242 4978 ι
2270 4927 2303 4998 ἢ
2330 4927 2470 4980 κατὰ
2503 4927 2596 4979 τὸν
2625 4925 2926 4997 Σύμμαχον
2949 4940 2961 4952 ·
3002 4943 3020 4975 ι
3045 4925 3102 4978 Ὀ
3127 4924 3258 4987 Θεὸς
3281 4925 3411 4994 ἡμῖν
3436 4921 3568 4983 Θεὸς
3593 4923 3671 4984 εἰς

2076 5020 2374 5091 σωτηρίαν,
2409 5020 2502 5072 καὶ
2528 5019 2622 5073 τοῦ
2649 5021 2856 5091 Κυρίου
2894 5018 2989 5072 τοῦ
3023 5017 3285 5071 δεσπότου
3322 5016 3376 5067 αἱ
3411 5015 3490 5077 εἰς
3512 5011 3674 5065 θάνα-

2071 5130 2164 5166 τον
2197 5111 2385 5178 ἔξοδοι.
2420 5131 2438 5163 ι
2473 5111 2646 5176 Μόνος
2682 5113 2790 5184 γὰρ
2839 5108 2994 5175 οὗτος
3038 5110 3173 5173 Θεὸς
3217 5107 3292 5162 ὢν
3337 5105 3432 5160 τοῦ
3478 5103 3673 5167 σώζειν

2073 5207 2286 5272 ἐξόδους
2306 5206 2497 5279 εὕρετο
2516 5207 2610 5260 τοῦ
2633 5207 2888 5260 θανάτου.
2907 5203 3129 5275 Ἐπειδὴ
3155 5203 3264 5265 πᾶς
3286 5198 3571 5273 ἄνθρωπος
3594 5197 3674 5259 είς

2077 5303 2175 5373 μὲν
2209 5302 2310 5372 τὴν
2341 5300 2544 5353 εἴσοδον
2575 5298 2670 5352 τοῦ
2707 5297 2937 5352 θανάτου
2974 5297 3230 5367 ἔφθασεν,
3261 5292 3444 5347 οὐκέτι
3488 5290 3545 5342 δὲ
3579 5290 3674 5342 καί

2072 5395 2363 5462 διεξελθεῖν
2409 5395 2571 5447 αὐτὸν
2620 5393 3002 5462 δεδύνηται.⁹0
3033 5389 3089 5442 δὲ
3117 5388 3206 5441 διὰ
3247 5386 3358 5438 τῶν
3385 5383 3672 5453 παρόντων

2071 5486 2233 5558 δηλού
2243 5503 2402 5557 μενος
2423 5485 2652 5557 Κύριος,
2679 5484 2774 5537 καὶ
2808 5483 2903 5536 νῦν
2927 5481 3016 5534 διὰ
3036 5480 3145 5533 τῶν
3177 5475 3370 5533 κοινῶν
3393 5471 3673 5543 στοιχείων

2073 5581 2132 5632 ὲν
2164 5578 2528 5649 τῇ,“Ε6ραῖκῇ
2558 5575 2724 5646 βίϐλῳ
2744 5577 3114 5647 γραφόμενος,
3141 5569 3409 5634 διεξόδους
3442 5563 3667 5635 ποιησεὶ⁹

2079 5687 2236 5741 μενος
2266 5669 2360 5722 τοῦ
2395 5669 2649 5732 θανάτου,
2676 5668 2868 5736 γέγονε
2902 5665 3034 5728 Θεὸς
3065 5661 3354 5731 ἐπώνυμος
3376 5654 3666 5726 σωτηρίας.
