4056 6400
390 361 498 427 705

1528 360 2042 418 COMMENTARIA
2076 362 2153 417 ΙΝ
2193 361 2319 420 PSA
2328 361 2538 420 LMOS.

3572 370 3675 428 706

388 481 482 540 Διδ
516 482 795 538 λέλεκται·
829 497 848 532 ι
871 480 929 535 '0
978 479 1112 544 Θεὸς
1161 480 1340 553 ἡμῶν,
1368 482 1398 535 6
1427 481 1560 546 Θεὸς
1591 480 1685 535 τοῦ
1717 479 1930 546 σώζειν.
1958 502 1978 535 ο

2086 482 2336 554 vestigiis
2389 481 2575 554 abyssi
2624 481 2943 538 ambulasti.
2992 482 3330 553 Aperiantur
3367 496 3545 542 autem
3573 486 3674 542 tibi

389 575 482 631 Διὸ
514 575 603 629 κα¹δ
642 573 722 646 τῷ
765 571 882 627 Ἰὼϐ
925 574 954 625 6
986 572 1148 636 αὐτὸς
1181 567 1339 637 οὗτος
1371 571 1728 644 χρηματίζων
1756 571 1943 642 ἔλεγεν
1965 588 1983 607 ο

398 664 629 730 «Ἦλθες
654 667 711 720 δέ
740 667 834 719 ἐπὶ
861 668 1046 737 πηγὴν
1081 664 1384 737 θαλάσσηςο
1409 668 1467 719 ἐν
1495 665 1553 719 δὲ
1585 666 1788 735 ἴχνεσιν
1816 666 1986 720 ἀϐύσ-

394 775 488 813 σου
534 757 964 829 περιεπάτησας.
984 757 1320 826 Ἀνοίγονται
1369 756 1429 811 δέ
1479 773 1563 810 σοι
1612 757 1764 829 φόϐῳ
1816 758 1985 813 πύλαι

394 850 647 906 Θανάτου.
703 848 958 922 Πυλωροὶ
1005 849 1062 903 δὲ
1117 848 1245 921 ᾅδου
1302 849 1504 913 ἰδόντες
1557 866 1617 902 σε
1660 848 1920 922 ἔπτηξαν.
1959 867 1979 903 ι

392 942 697 1016 Διαρῤήδην
728 942 823 995 καὶ
851 942 910 997 ἐν
934 942 1165 1006 ἐκείνοις
1193 942 1291 1013 τὴν
1327 943 1409 1004 είς
1436 940 1527 996 τὸν
1557 925 1788 997 θάνατον
1817 942 1983 997 αὐτοῦ

392 1018 616 1089 κάθοδον
661 1035 757 1088 καὶ
803 1033 902 1106 τὴν
956 1034 1168 1088 ἐκεῖθεν
1216 1032 1453 1098 διέξοδον
1477 1035 1770 1105 παριστὰς,
1795 1033 1985 1106 ῶσπερ

389 1123 484 1180 οὖν
511 1126 607 1180 καὶ
638 1128 698 1180 ἐν
722 1129 836 1188 τοῖς
858 1125 1264 1198 προκειμένοις,
1295 1122 1378 1189 οἷς
1415 1124 1725 1190 ἀκολούθως
1754 1126 1853 1197 τὴν
1876 1126 1984 1180 τῶν

391 1215 603 1289 ἐχθρῶν
648 1215 815 1269 αὐτοῦ
859 1215 1151 1287 συντριϐὴν
1183 1215 1428 1269 διδάσκει
1468 1214 1676 1284 λέγων·
1726 1234 1745 1265 ι
1776 1216 1925 1288 Πλὴν
1955 1218 1985 1269 6

391 1306 525 1372 Θεδς
560 1306 844 1361 συνθλάσει
880 1306 1125 1377 κεφαλάς
1156 1305 1371 1377 ἐχθρῶν
1410 1304 1599 1359 αὑτοῦ.
1630 1325 1648 1358 ι
1686 1306 1797 1359 Καὶ
1827 1304 1984 1360 τοῦτο

389 1400 451 1455 δέ
483 1401 695 1472 νοήσεις
738 1399 1007 1472 παραθεὶς
1037 1400 1136 1472 τὴν
1167 1402 1225 1454 ἐν
1248 1399 1422 1472 ἐτέρῳ
1452 1400 1718 1469 λέγουσαν
1762 1400 1981 1469 φωνήνο

396 1509 417 1543 ι
447 1491 519 1545 Σὺ
552 1491 933 1562 ἐκραταίωσας
961 1493 1028 1563 τῇ
1056 1490 1283 1562 δυνάμει
1324 1508 1420 1544 σου
1451 1491 1550 1564 τὴν
1580 1490 1875 1555 θάλασσαν,
1919 1491 1984 1544 σὺ

393 1584 720 1655 συνέτριψας
737 1585 837 1648 τὰς
864 1585 1109 1654 κεφαλὰς
1137 1584 1247 1639 τῶν
1273 1586 1586 1663 δρακόντων
1611 1586 1706 1638 ἐπὶ
1732 1584 1828 1639 τοῦ
1860 1584 1987 1639 ὓδα-

389 1693 502 1741 τος.
526 1677 599 1731 Σὺ
634 1676 967 1741 συνέθλασας
991 1677 1091 1749 τὴν
1120 1678 1364 1750 κεφαλὴν
1386 1678 1480 1733 τοῦ
1509 1678 1823 1750 δράκοντος.
1849 1697 1866 1730 ι
1888 1677 1987 1732 Διά

390 1766 501 1840 7&9
524 1767 730 1822 τούτων
748 1770 843 1823 καὶ
878 1750 1133 1841 οίέχθροὶ
1163 1769 1257 1823 τοῦ
1292 1770 1427 1824 Θεοῦ
1457 1768 1826 1842 ἐδηλώθησαν,
1858 1768 1987 1841 περὶ

2085 573 2281 629 timore
2316 580 2487 644 portae
2532 571 2723 627 inferi.
2779 570 3005 627 Ostiarii
3032 588 3164 628 vero
3195 575 3397 630 inferni
3424 576 3675 633 videntes

2084 672 2141 721 te
2180 665 2467 722 conterriti
2514 671 2645 721 sunt
2684 664 2754 718 ⁸⁸.
2794 683 2814 718 ι
2856 664 3071 720 Diserte
3103 667 3160 720 in
3192 668 3305 723 illis
3333 685 3551 740 quoque
3578 670 3678 726 de—

2086 774 2342 816 scensum
2377 759 2500 830 ejus
2523 759 2577 813 in
2608 766 2842 814 mortem
2878 766 2934 814 et
2974 760 3180 815 exitum
3213 761 3341 817 inde
3362 762 3672 828 declarans,

2085 849 2544 925 quemadmodum
2575 861 2631 909 et
2660 854 2716 909 in
2751 855 3137 925 praesentibus,
3165 864 3355 927 postea
3385 873 3517 913 vero
3543 867 3679 914 co'n'c

2085 953 2381 1016 sequenter
2428 945 2778 999 inimicorum
2811 961 3039 1001 suorum
3087 949 3475 1005 contritionem
3515 949 3678 1004 docet

2082 1039 2174 1095 his
2199 1038 2384 1095 verbis
2417 1058 2430 1093 :
2468 1057 2488 1090 ι
2521 1036 2915 1093 Verumtamen
2964 1038 3110 1096 Deus
3142 1040 3451 1112 confringet
3493 1040 3677 1112 capita

2084 1131 2437 1186 inimicorum
2463 1144 2714 1185 suorum.
2754 1148 2774 1180 ι
2838 1128 2966 1187 Haec
2987 1147 3153 1202 porro
3184 1132 3476 1203 intelliges,
3503 1131 3553 1187 si
3580 1143 3679 1187 vos

2084 1237 2202 1278 cem
2232 1223 2342 1276 alio
2371 1222 2425 1276 in
2460 1222 2676 1291 psalmo
2704 1223 2937 1292 positam
2960 1223 3089 1278 huic
3116 1239 3424 1295 compares,
3442 1238 3672 1294 nempe:

2089 1335 2110 1367 ι
2141 1313 2222 1369 Tu
2252 1313 2594 1370 confirmasti
2621 1315 2824 1370 virtute
2846 1325 2939 1370 tua
2962 1331 3134 1380 mare,
3163 1325 3222 1379 ut
3247 1316 3556 1371 contrivisti
3584 1330 3678 1371 ca-

2084 1408 2198 1478 pita
2219 1406 2522 1461 draconum
2554 1406 2613 1461 in
2645 1420 2809 1477 aqua.
2842 1404 2924 1460 Tu
2952 1406 3274 1478 confregisti
3301 1413 3465 1477 caput
3487 1407 3681 1462 draco-

2085 1502 2195 1557 nis.
2235 1520 2256 1554 J
2293 1500 2391 1557 His
2417 1500 2568 1556 enim
2599 1501 2809 1555 inimici
2860 1500 2955 1556 Dei
2984 1501 3357 1565 declarantur,
3385 1498 3455 1553 de
3475 1498 3677 1568 quibus

2085 1595 2176 1649 hic
2197 1593 2406 1649 dictum
2442 1600 2567 1649 est:
2605 1610 2625 1644 ι
2658 1591 3047 1648 Verumtamen
3079 1592 3225 1648 Deus
3247 1590 3556 1660 confringet
3582 1604 3677 1645 ca-

2084 1685 2199 1756 pita
2230 1685 2584 1740 inimicorum
2610 1698 2856 1739 suorum.
2897 1703 2918 1738 ι
2977 1683 3149 1738 Erant
3175 1691 3356 1739 autem
3382 1683 3461 1737 illi
3487 1682 3681 1737 draco-

2086 1794 2186 1834 nes
2216 1778 2274 1833 in
2300 1781 2442 1834 mari
2474 1787 2529 1835 et
2553 1781 2610 1835 in
2632 1781 2858 1836 humida
2890 1778 3198 1835 substantia
3237 1785 3454 1842 nantes,
3484 1775 3679 1832 videli-

389 1850 466 1911 ὧν
492 1858 727 1913 ἐνταῦθα
750 1858 1033 1913 λέλεκται·
1062 1879 1081 1911 ‹
1110 1860 1259 1933 Πλὴν
1286 1861 1316 1913 6
1346 1859 1480 1925 Θεὸς
1507 1860 1795 1915 συνθλάσει
1815 1877 1986 1931 κεφα-

2086 1878 2174 1925 cet
2202 1871 2534 1927 adversariae
2576 1880 2879 1942 potestates
2923 1871 3017 1927 Dei
3051 1870 3309 1934 inimicae,
3339 1869 3396 1922 in
3427 1868 3592 1924 salsis
3621 1874 3678 1923 et

391 1949 491 2014 λάς
530 1950 742 2023 ἐχθρῶν
786 1950 975 2005 αὐτοῦ.
1009 1948 1219 2005 ι’Ἦσαν
1253 1951 1309 2004 δὲ
1342 1946 1488 2006 οὗτοι
1530 1952 1825 2025 δράκοντες
1850 1954 1898 2005 οἱ
1928 1953 1987 2006 ἐν

390 2039 637 2113 θαλάσσῃ
687 2040 784 2095 καὶ
829 2041 922 2094 ἐπὶ
951 2041 1126 2113 ὑγρᾶς
1154 2039 1346 2104 οὐσίας
1390 2042 1700 2113 νηχόμενοι,
1730 2041 1987 2111 δυνάμεις

388 2132 592 2205 δηλαδὴ
620 2132 1002 2205 ἀντικείμεναι
1038 2133 1234 2205 ἐχθραὶ
1269 2133 1363 2187 τοῦ
1390 2134 1549 2200 Θεοῦ,
1577 2136 1691 2198 τοῖς
1719 2134 1985 2205 ἁλμυροῖς

391 2225 487 2279 καὶ
543 2228 792 2298 ρευστοίς
858 2224 952 2279 τοῦ
1005 2225 1121 2296 βίου
1183 2225 1423 2298 κύμασιν
1477 2223 1983 2297 ἐγκαλινδούμεναι.

392 2316 555 2373 Ὅθεν
585 2320 679 2373 καὶ
707 2320 765 2373 ἐν
792 2317 872 2390 τῷ
913 2316 1033 2371 Ἰὼϐ
1065 2317 1312 2387 ἐλέγετο·
1341 2315 1576 2383 «Ἦλθες
1599 2318 1657 2372 δὲ
1678 2319 1772 2372 ἐπὶ
1801 2318 1987 2389 πηγὴν

390 2409 669 2484 θαλάσσης
690 2451 706 2477 ,
760 2413 818 2466 ἐν
869 2411 928 2464 δέ
977 2412 1181 2483 ἴχνεσιν
1240 2409 1480 2466 ἀϐύσσου
1550 2410 1980 2483 περιεπάτησας.

403 2504 738 2574 Ἀνοίγονται
764 2502 824 2557 δέ
854 2520 938 2557 σοι
972 2502 1125 2574 φόϐῳ
1164 2502 1333 2557 πύλαι
1365 2502 1619 2558 θανάτου.
1646 2500 1900 2573 Πυλωροὶ
1926 2500 1983 2554 δέ

388 2595 539 2669 ᾅδου,
565 2596 767 2660 ἰδόντες
799 2612 882 2660 σε,
915 2594 1179 2666 ἔπτηξαν.
1212 2614 1232 2647 ι
1262 2594 1711 2667 Συντριϐομένων
1738 2592 1850 2664 7&9
1873 2591 1985 2645 τῶν

389 2686 642 2756 κεφαλῶν
684 2687 794 2740 τῶν
837 2686 1170 2759 δρακόντων,
1204 2685 1477 2758 ἔπτησσον
1518 2687 1568 2738 οἱ
1614 2684 1858 2755 πυλωροὶ
1887 2676 1984 2737 τοῦ

388 2777 550 2849 ᾅδου·
583 2776 664 2829 διὸ
701 2778 796 2831 καὶ
840 2777 992 2849 φόϐῳ
1023 2776 1122 2839 τὰς
1152 2775 1330 2839 πύλας
1363 2776 1582 2848 ἧνοιγον
1621 2773 1718 2828 τοῦ
1752 2774 1983 2827 θανάτου

386 2867 468 2940 τῷ
501 2868 602 2932 τὰς
631 2867 875 2938 κεφαλὰς
903 2866 1013 2921 τῶν
1039 2865 1251 2939 ἐχθρῶν
1282 2865 1448 2920 αὐτοῦ
1478 2864 1798 2919 συνθλῶντι.
1823 2857 1984 2920 Οὗτοι

387 2961 445 3015 δὲ
471 2963 519 3015 οἱ
559 2959 746 3034 ἐχθροὶ
782 2959 879 3015 τοῦ
916 2960 1126 3032 Κυρίου
1150 2959 1211 3013 τὸ
1243 2958 1457 3013 πάντων
1492 2957 1797 3032 ἀνθρώπων
1851 2975 1986 3012 κατ-

388 3054 626 3109 επάτουν
672 3054 849 3123 γένος.
890 3054 982 3108 Διὸ
1000 3053 1249 3108 λέλεκται
1272 3054 1430 3124 ἐξῆςο
1461 3073 1479 3105 ι
1512 3052 1773 3126 Κορυφὴν
1798 3052 1984 3124 τριχὸς

386 3146 858 3222 διαπορευομένων
904 3149 964 3203 ἐν
1006 3147 1409 3220 πλημμελείαις
1449 3147 1651 3203 αὐτῶν.
1694 3167 1713 3201 ι
1766 3147 1983 3203 Τούτων

386 3238 497 3311 7&9
617 3212 749 3303 Θέὸς
782 3238 1070 3294 συνθλάσει
1244 3239 1506 3309 κεφαλάς,
1540 3241 1695 3311 φησι,
1728 3239 1838 3293 τῶν
1871 3240 1985 3295 δια-
2011 3212 2057 3273 c

387 3332 770 3404 πορευομένων
816 3331 915 3396 τὰς
940 3331 1050 3385 τῶν
1080 3329 1384 3405 ἀνθρώπων
1417 3333 1684 3402 κεφαλάς.
1704 3332 1851 3386 Ἀντὶ
1875 3328 1985 3405 7&9

385 3422 504 3488 τοῦ,
544 3443 562 3475 ι
592 3424 837 3496 κορυφὴν
889 3423 1096 3495 τριχὸς,
1143 3422 1389 3497 κορυφὴν
1439 3422 1705 3496 ἕντριχον,
1738 3442 1758 3476 ›
1807 3424 1987 3496 ἡρμή-

386 3531 576 3568 νευσεν
623 3516 653 3567 6
696 3514 1013 3587 Σύμμαχος.
1051 3517 1282 3589 Κορυφὴ
1312 3517 1371 3570 δέ
1399 3516 1647 3590 ἐντριχος
1690 3518 1725 3589 ἡ
1773 3515 1984 3589 κεφαλὴ

387 3605 498 3661 τῶν
539 3605 844 3676 ἀνθρώπων
892 3607 1242 3677 σημαίνεται.
1274 3607 1494 3663 Τούτων
1541 3605 1635 3663 οὖν
1658 3609 1845 3681 αὐτῶν
1877 3607 1985 3662 τῶν

388 3696 602 3768 ἐχθρῶν
633 3698 850 3762 ἐαυτοῦ,
872 3698 989 3759 τῶν
1008 3700 1274 3772 πρότερον
1300 3701 1399 3764 τὰς
1424 3700 1536 3756 τῶν
1566 3699 1872 3774 ἀνθρώπων
1900 3718 1988 3754 κε-

389 3786 567 3857 φαλὰς
592 3786 1064 3862 διαπορευομένων
1098 3791 1194 3845 καὶ
1218 3791 1324 3844 ὑπὸ
1347 3795 1460 3856 τοῖς
1490 3772 1702 3845 ἑαυτῶν
1729 3793 1857 3845 ποσὶ
1885 3810 1986 3848 κα-

389 3877 800 3946 ταπατούντων,
832 3882 863 3934 6
883 3883 983 3944 τὰς
1006 3881 1276 3949 διεξόδους
1298 3881 1394 3935 τοῦ
1423 3882 1655 3937 θανάτου
1683 3901 1882 3956 πεποιη
1892 3885 1987 3955 μέ-

389 3989 483 4036 vo;
524 3971 657 4033 Θεὸς
703 3971 805 4037 τὰς
847 3971 1089 4043 κεφαλάς
1125 3971 1435 4027 συνθλάσει.
1454 3974 1600 4028 Ἀντὶ
1630 3974 1689 4028 δὲ
1719 3973 1836 4038 τοῦ,
1875 3993 1894 4026 ι
1926 3975 1986 4028 ἐν

393 4063 796 4136 πλημμελείαις
822 4064 1021 4129 αὐτῶν,
1054 4083 1073 4117 ι
1112 4065 1142 4118 6
1172 4064 1488 4137 Σύμμαχος,
1525 4083 1546 4117 ι
1577 4066 1636 4117 ἐν
1664 4066 1787 4126 ταῖς
1811 4064 1988 4136 πλημ-

395 4156 639 4228 μελείαις
662 4156 854 4228 αὐτῆς,
888 4176 908 4210 ι
944 4157 1287 4230 ήρμήνευσεν
1319 4154 1491 4210 εἰπών
1515 4173 1530 4188 ⁸
1567 4175 1586 4209 ι
1614 4156 1877 4229 Κορυφὴν
1901 4155 1987 4209 ἐν-

390 4265 578 4322 τριχον
611 4250 1092 4322 ἀναστρεφομένην
1107 4250 1167 4304 ἐν
1185 4253 1306 4315 ταῖς
1320 4249 1722 4322 πλημμελείαις
1742 4249 1933 4322 αὐτῆς.
1958 4269 1981 4309 ι

392 4341 529 4396 osse
560 4341 672 4413 7&9
704 4341 880 4407 ἄλλως
911 4342 1138 4398 δυνατὸν
1177 4337 1248 4415 ἦν
1290 4344 1406 4404 τοῖς
1439 4341 1657 4415 ἐχθροῖς
1701 4340 1796 4396 τοῦ
1846 4341 1984 4397 Θεοῦ

390 4436 726 4490 καταπατεῖν
764 4434 1010 4508 κορυφὴν
1041 4434 1307 4508 ἕντριχον,
1340 4434 1587 4489 τουτέστι
1619 4433 1720 4497 τὰς
1749 4433 1858 4488 τῶν
1886 4436 1984 4489 άν-

2088 1962 2425 2018 volubilibus
2472 1964 2596 2019 vitae
2629 1964 2889 2019 ﬂuctibus
2932 1963 3211 2017 volutatis.
3257 1960 3439 2027 Quare
3481 1958 3539 2014 in
3574 1957 3677 2014 Job

2085 2069 2307 2125 quoque
2333 2055 2665 2111 dicebatur:
2712 2073 2732 2108 ι
2772 2054 2985 2112 Venisti
3011 2062 3195 2110 autem
3225 2054 3282 2109 in
3323 2052 3531 2108 fontem
3558 2066 3679 2105 ma-

2085 2146 2189 2210 ris,
2216 2152 2271 2201 et
2295 2147 2350 2201 in
2377 2146 2626 2218 vestigiis
2650 2147 2835 2217 abyssi
2867 2146 3183 2202 ambulasti.
3218 2145 3557 2217 Aperiuntur
3579 2158 3681 2197 au-

2086 2244 2197 2291 tem
2223 2237 2326 2292 tibi
2358 2239 2556 2295 timore
2606 2247 2779 2308 porta:
2805 2238 2988 2294 inferi.
3054 2237 3283 2293 Ostiarii
3312 2252 3442 2292 vero
3474 2234 3679 2290 inferni

2087 2329 2335 2386 videntes
2362 2336 2418 2386 te
2449 2330 2738 2387 conterriti
2767 2341 2952 2387 sunt.»
2982 2330 3250 2385 Contritis
3281 2342 3520 2398 namque
3544 2325 3679 2381 dra-

2085 2437 2289 2477 conum
2332 2422 2611 2493 capitibus
2653 2423 2868 2479 ostiarii
2917 2421 3120 2477 inferni
3163 2421 3449 2478 conterriti
3496 2427 3677 2479 sunt":

2086 2528 2258 2584 quare
2284 2513 2484 2568 timore
2512 2513 2754 2583 correpti
2776 2519 2965 2583 portas
2995 2513 3190 2569 mortis
3216 2514 3405 2582 capita
3423 2512 3681 2568 inimico.

2085 2619 2207 2658 rum
2231 2618 2460 2658 suorum
2497 2601 2866 2674 confringenti
2896 2604 3240 2674 aperiebant.
3285 2601 3354 2657 Hi
3401 2618 3532 2658 vero
3574 2604 3682 2659 ini-

2086 2695 2216 2750 mici
2257 2695 2478 2751 Domini
2523 2696 2842 2751 universum
2873 2696 3156 2751 hominum
3178 2711 3355 2767 genus
3393 2696 3683 2751 conculca-

2084 2788 2237 2844 bant.
2295 2788 2648 2859 Quapropter
2679 2787 2912 2843 inferius
2939 2787 3143 2842 dicitur
3172 2807 3186 2843 :
3221 2803 3242 2837 ι
3282 2786 3551 2841 Verticem
3587 2801 3683 2841 ca-

2084 2881 2202 2952 pilli
2232 2879 2734 2952 perambulantium
2763 2881 2818 2934 in
2851 2880 3067 2936 delictis
3091 2878 3232 2935 suis.
3267 2896 3287 2929 )
3321 2876 3528 2931 Horum
3549 2919 3565 2944 ,
3595 2876 3682 2930 ins

2084 2973 2226 3043 quit,
2257 2970 2405 3027 Deus
2438 2969 2621 3040 capita
2648 2968 2982 3040 confringet,
3009 2966 3534 3039 perambulantium,
3575 2963 3679 3030 ait,

2084 3072 2140 3119 et
2171 3063 2505 3119 calcantium
2555 3060 2737 3131 capita
2781 3060 3087 3115 hominum.
3143 3056 3251 3113 Pro
3292 3057 3388 3112 illo
3418 3071 3678 3127 namque,

2091 3174 2110 3207 ι
2139 3156 2402 3211 verticem
2453 3154 2660 3225 capilli,
2707 3172 2727 3207 ι
2765 3150 3151 3223 Symmachus,
3212 3167 3231 3200 ι
3280 3148 3543 3205 verticem
3587 3162 3682 3202 ca-

2089 3248 2363 3319 pillatum,
2403 3264 2424 3299 ι
2477 3247 2662 3302 vertit.
2705 3242 2908 3301 Vertex
2951 3252 3130 3298 autem
3160 3241 3468 3312 capillatus.
3498 3244 3682 3311 ipsum

2086 3336 2373 3392 hominum
2397 3343 2564 3405 caput
2586 3332 2880 3406 significat.
2913 3330 3119 3385 Horum
3149 3330 3335 3401 itaque
3363 3330 3469 3387 sibi
3496 3329 3680 3385 inimi-

2086 3443 2305 3493 corum,
2352 3428 2445 3498 qui
2485 3427 2640 3498 prius
2693 3425 2979 3481 hominum
3023 3422 3204 3494 capita
3243 3421 3497 3477 terebant
3527 3421 3682 3491 pedi-

2086 3520 2304 3592 busque
2331 3522 2450 3577 suis
2482 3520 2795 3586 calcabant,
2826 3519 3009 3588 capita
3039 3516 3348 3587 confringet
3382 3514 3547 3581 Deus,
3584 3514 3681 3586 qui

2087 3616 2272 3670 exitus
2304 3613 2500 3668 mortis
2544 3611 2744 3667 effecit.
2811 3608 2922 3663 Pro
2953 3609 3047 3663 illo
3072 3615 3278 3671 autem,
3322 3626 3341 3658 ι
3377 3607 3430 3660 in
3463 3605 3681 3661 delictis

2086 3704 2225 3767 suis,
2258 3722 2277 3755 ›
2313 3701 2699 3774 Symmachus,
2730 3721 2749 3754 ι
2783 3702 2840 3756 in
2882 3699 3100 3755 delictis
3144 3699 3267 3768 ejus
3302 3715 3321 3750 ι
3350 3697 3680 3768 interpreta-

2086 3801 2178 3850 tus
2202 3799 2310 3857 est,
2332 3793 2528 3848 dicens
2560 3811 2574 3847 :
2612 3790 2917 3847 «Verticem
2939 3791 3254 3861 capillatum
3283 3789 3592 3845 revolutum
3622 3786 3681 3844 in

2088 3884 2309 3941 delictis
2331 3884 2472 3954 ejus.
2490 3902 2508 3935 ι
2526 3882 2715 3953 Neque
2735 3884 2881 3938 enim
2903 3884 3011 3938 alio
3026 3884 3188 3938 modo
3206 3888 3455 3952 poterant
3470 3879 3681 3937 inimici

2088 3976 2186 4033 Dei
2202 3977 2462 4032 verticem
2481 3975 2823 4045 capillatum,
2843 3975 2898 4029 id
2910 3982 2994 4029 est
3021 3974 3307 4029 hominum
3321 3973 3524 4043 capita,
3546 3986 3682 4026 con-

2086 4068 2329 4136 culcare,
2345 4067 2449 4122 nisi
2469 4065 2708 4137 pr0priis
2720 4064 2937 4120 delictis
2951 4078 3016 4119 ac
3032 4063 3274 4133 peccatis
3285 4062 3529 4133 depressi
3544 4060 3683 4118 fuis-

2092 4165 2235 4216 sent.
2273 4156 2459 4224 Quare
2500 4156 2569 4212 iis
2595 4156 2688 4226 qui
2716 4156 2855 4211 tales
2892 4167 3003 4209 non
3031 4161 3192 4209 erant
3231 4153 3450 4209 dicebat
3480 4152 3684 4208 Serva-

2089 4259 2175 4308 tor
2209 4269 2223 4305 :
2274 4269 2294 4302 ι
2320 4248 2500 4306 Vestri
2533 4255 2717 4304 autem
2740 4246 2924 4318 capilli
2948 4247 3150 4318 capitis
3182 4260 3376 4303 omnes
3402 4247 3681 4303 numerati

2088 4348 2219 4396 sunt
2236 4340 2305 4396 δι.
2337 4358 2358 4392 ι
2377 4339 2514 4394 Nam
2540 4338 2936 4410 discipulorum
2955 4337 3135 4409 capilli
3160 4337 3363 4408 singuli
3390 4337 3682 4397 nobilioris

2087 4430 2341 4501 corporis
2368 4430 2566 4501 partis,
2613 4436 2675 4485 ut
2700 4429 3004 4485 necessarii
3038 4438 3093 4485 et
3125 4428 3193 4484 ad
3223 4437 3479 4483 ornatum
3507 4426 3681 4485 totius

394 4524 630 4598 θρώπων
658 4525 925 4595 κεφαλὰς,
961 4528 1011 4580 εί
1043 4527 1119 4599 μὴ
1155 4526 1280 4590 ταῖς
1321 4524 1553 4591 οἰκείαις
1580 4525 1985 4599 πλημμελείαις

2091 4521 2440 4579 conferentes
2459 4559 2477 4587 ,
2516 4520 2934 4576 enumeratione
2964 4528 3020 4576 et
3043 4519 3295 4576 custodia
3315 4519 3499 4574 divina
3528 4517 3682 4589 digni

393 4617 487 4671 καὶ
513 4616 811 4689 ἁμαρτίαις
841 4618 1259 4674 τεταπείνωντο.
1283 4618 1375 4672 Διδ
1402 4621 1517 4683 τοῖς
1555 4617 1630 4691 μὴ
1669 4618 1931 4682 τοιούτοις
1957 4620 1986 4673 ό

2092 4613 2284 4680 fuere;
2315 4622 2378 4667 ut
2419 4626 2490 4667 ne
2531 4609 2862 4668 raderentur
2885 4610 3153 4666 novacula
3182 4608 3556 4673 inimicorum,
3584 4608 3682 4679 qui

394 4705 589 4779 Σωτὴρ
622 4706 835 4776 ἔλεγεν·
868 4726 887 4759 ι
910 4707 1096 4780 ’Υμῶν
1124 4708 1183 4762 δὲ
1206 4708 1302 4763 καὶ
1324 4709 1380 4763 αι
1405 4709 1592 4783 τρίχες
1613 4710 1712 4782 τῆς
1740 4709 1985 4781 κεφαλῆς

2090 4706 2477 4779 perambulant
2517 4711 2573 4763 et
2599 4704 2933 4760 conculcant
2969 4719 3189 4760 omnem
3216 4701 3477 4757 verticem
3510 4700 3683 4771 capil-

393 4801 569 4854 πᾶσαι
607 4800 986 4873 ἠριθμημέναι
1026 4800 1184 4855 εἰσιν.
1217 4818 1238 4852 ι
1276 4800 1397 4855 Τῶν
1430 4801 1542 4874 γὰρ
1575 4802 1758 4857 αὐτῶν
1802 4801 1984 4874 μαθη-

2091 4800 2262 4854 latum
2296 4798 2606 4854 revolutum
2630 4796 2687 4850 in
2710 4794 2928 4853 delictis
2952 4794 3094 4866 ejus.

393 4893 504 4948 τῶν
531 4894 627 4949 καὶ
656 4894 863 4967 ἑκάστη
892 4892 1016 4968 θρὶξ
1044 4893 1141 4948 τοῦ
1168 4894 1500 4966 τιμιωτέρου
1531 4897 1737 4968 μέρους
1762 4895 1859 4950 τού
1887 4894 2171 4967 σώματος,
2212 4892 2290 4956 ὡς
2315 4890 2594 4961 ἀναγκαία
2627 4888 2722 4943 xui.
2789 4888 2980 4961 κόσμῳ
3042 4884 3136 4941 τοῦ
3196 4884 3400 4952 παντὸς
3434 4882 3680 4958 συμϐαλ-

395 4989 618 5063 λομένη,
648 4989 884 5062 ἀριθμοῦ
927 4990 1264 5062 κατηξίωται
1295 4988 1441 5044 θείου
1468 4993 1562 5045 καὶ
1596 4993 1846 5064 φυλακῆς
1867 5010 1882 5024 ·
1913 4992 1990 5055 ὼς
2026 4987 2092 5043 ἂν
2120 4989 2197 5060 μὴ
2232 4984 2509 5060 ξυρηθῶσι
2533 4984 2614 5056 τῷ
2646 4982 2796 5056 ξυρῷ
2811 4982 2920 5037 τῶν
2962 4981 3176 5054 ἐχθρῶν
3232 4979 3343 5039 τῶν
3369 4982 3687 5056 ἐμπεριπατ

394 5086 631 5142 τούντων
654 5085 1114 5142 καταπατούντων
1148 5086 1333 5140 πᾶσαν
1355 5085 1602 5158 κορυφὴν
1623 5086 1870 5158 ἐντριχον
1893 5087 1994 5159 τὴν
2031 5082 2519 5157 ἀναστρεφομένην
2549 5082 2609 5137 ἐν
2641 5079 3044 5153 πλημμελείαις
3068 5077 3261 5149 αὐτῆς.

472 5223 490 5255 ι
521 5198 659 5257 Εἷπε
710 5200 917 5273 Κύριος
938 5218 952 5232 ·
971 5202 1068 5255 Ἐκ
1089 5200 1273 5257 Βασάν
1303 5202 1641 5275 ἐπιστρέψω,
1668 5203 1986 5275 ἐπιστρέψω

2161 5199 2333 5257 Vens.
2366 5200 2458 5255 25.
2507 5219 2526 5253 ι
2563 5197 2715 5254 Dixit
2765 5196 3048 5262 Dominus,
3093 5191 3174 5247 hx
3211 5192 3395 5248 Basan
3448 5204 3681 5247 conver-

398 5296 456 5350 ἐν
493 5295 673 5367 βυθοῖς
700 5293 997 5366 θαλάσσης.
1023 5313 1045 5345 ι
1081 5293 1253 5348 Πάλιν
1298 5292 1579 5350 κάνταῦθα
1622 5312 1642 5346 ι
1671 5295 1702 5347 6
1726 5294 1931 5366 Κύριος
1961 5312 1981 5346 ι

2091 5304 2226 5361 tam,
2250 5301 2566 5351 convertam
2596 5294 2654 5347 in
2687 5290 3019 5364 profundum
3050 5286 3243 5342 maris.
3273 5304 3294 5338 ι
3335 5283 3435 5339 Hic
3455 5298 3691 5339 rursum

397 5390 458 5444 οὐ
477 5387 567 5442 διὰ
585 5387 1008 5459 τετραγράμμου
1031 5389 1162 5461 παρ’
1187 5387 1458 5460 Ἑϐραίοις
1478 5386 1884 5458 ἐκπεφώνηται,
1900 5386 1986 5442 διὰ

2098 5408 2117 5442 ι
2146 5389 2438 5452 Dominus,
2473 5406 2492 5440 ›
2524 5402 2635 5442 non
2662 5386 2755 5440 illa
2779 5390 3018 5455 quatuor
3054 5381 3362 5436 litterarum
3379 5392 3513 5433 voce
3535 5377 3681 5447 apud

399 5480 459 5534 δέ
480 5480 589 5535 τῶν
610 5478 934 5551 κοινοτέρων
967 5480 1268 5551 στοιχείων.
1303 5480 1445 5551 Ἤδη
1498 5479 1556 5534 δὲ
1579 5479 1764 5551 τρίτον
1798 5479 1986 5537 τοῦτον

2094 5482 2356 5540 Hebraeos
2376 5479 2730 5551 exprimitur,
2775 5475 2871 5532 sed
2910 5472 3382 5530 communioribus
3432 5471 3697 5527 elemenr

401 5571 669 5643 ἐδήλωσεν
692 5575 726 5644 ἡ
748 5570 999 5643 παροῦσα
1017 5572 1209 5644 Γραφὴ
1232 5572 1509 5641 ἐφιστῶσα
1536 5571 1629 5627 τὸν
1659 5571 1736 5637 ὡς
1759 5571 1825 5627 ἂν
1846 5573 1986 5629 εῐποι

2095 5575 2184 5632 tis.
2217 5572 2451 5644 Jamque
2481 5572 2643 5626 tertio
2669 5570 2817 5625 hunc
2842 5583 3085 5640 praesens
3116 5567 3392 5637 scriptura
3428 5563 3678 5618 nomina-

399 5680 505 5729 τις,
537 5666 788 5736 δεύτερον
816 5663 1040 5736 Κύριον.
1058 5664 1212 5720 Ἐπεὶ
1238 5667 1332 5721 καὶ
1363 5669 1424 5721 ἐν
1447 5664 1528 5738 τῷ
1560 5666 1823 5736 φάσκοντι
1841 5667 1986 5739 Qa).-

2094 5668 2196 5735 vit,
2218 5665 2635 5736 secundumque
2659 5663 2989 5731 Dominum,
3037 5667 3098 5717 ut
3136 5658 3413 5733 quispiam
3454 5654 3697 5727 dixerit,

471 5819 520 5855 δ’
547 5820 649 5879 Job
682 5839 914 5889 xxxviii,
950 5824 1036 5893 lG,
1076 5823 1162 5880 i7.
1239 5824 1282 5858 ”
1309 5822 1502 5880 Matth.
1540 5838 1594 5890 ι,
1632 5824 1724 5880 50.
