4056 6410
399 371 516 433 707

1122 368 1394 428 EUSEBll
1434 365 1916 427 CESARIENSIS
1953 371 2103 427 OPP.
2147 373 2328 427 PAllS
2366 373 2454 428 ill.
2497 405 2565 414 ——
2604 374 3020 431 EXEGETICA.

3581 369 3686 434 708

406 489 643 546 induxit.
680 489 962 558 Siquidem
996 487 1048 541 in
1072 487 1283 557 psalmo
1317 486 1408 555 qui
1446 487 1526 541 sic
1557 486 1719 541 habet
1747 506 1761 540 :
1793 505 1812 538 ‹
1843 486 1980 541 Dixit

2097 491 2216 562 μῷ-
2255 511 2272 542 ι
2300 487 2436 544 Εἷπε
2461 489 2664 563 Κύριος
2695 491 2775 561 τῷ
2805 490 2994 563 Κυρίῳ
3019 507 3142 561 μου,
3184 491 3369 545 Κάθου
3400 492 3462 545 ἐκ
3495 492 3685 560 δεξιῶν

405 582 672 636 Dominus
731 579 963 633 Domino
996 594 1117 632 meo
1157 596 1169 631 :
1212 577 1353 632 Sede
1388 593 1417 630 a
1452 577 1662 632 dextris
1687 579 1826 633 meis
1844 578 1922 641 δ’,
1964 597 1983 630 ι

403 673 616 744 primus
660 688 758 743 per
787 670 1090 725 ineﬂ‘abilia
1117 669 1260 739 apud
1297 669 1555 725 Hebraeos
1587 679 1830 740 quatuor
1873 673 1988 726 ele-

403 772 586 820 menta
625 764 928 830 scribitur;
960 764 1237 818 secundus
1269 771 1473 826 autem,
1501 778 1662 832 quem
1690 763 1774 818 sui
1811 763 1992 817 Dom-i-

402 871 534 911 num
583 855 856 925 Propheta
912 854 1157 908 declarat
1198 853 1411 916 dicens,
1444 871 1465 903 (
1495 852 1726 907 Domino
1756 868 1880 908 meo
1903 894 1919 918 ,
1964 873 1984 906 ι

399 950 525 1004 aliis
558 949 844 1004 elementis
876 947 1228 1017 exprimitur,
1258 947 1416 1016 queis
1441 945 1691 1015 cujusvis
1722 947 1868 1002 servi
1896 947 1991 1002 do-

400 1043 587 1096 minus
615 1041 974 1111 signiﬁcatur.
1011 1037 1103 1093 Sic
1129 1054 1262 1109 ergo
1289 1054 1439 1093 nunc
1467 1054 1688 1109 quoque
1709 1039 1823 1108 jam
1876 1047 1991 1094 ter-

401 1135 480 1188 tio
509 1135 600 1188 ille
624 1133 910 1198 Dominus,
940 1131 1034 1202 qui
1059 1147 1235 1201 usque
1267 1129 1335 1184 ad
1371 1129 1648 1184 infernum
1678 1131 1986 1198 descendit,

400 1227 691 1293 exitusque
735 1227 930 1279 mortis
967 1224 1199 1294 paravit,
1236 1221 1561 1292 vulgaribus
1609 1229 1664 1276 et
1707 1223 1988 1278 consuetis

395 1318 547 1387 apud
585 1316 843 1371 Hebraeos
870 1315 1160 1370 elementis
1208 1312 1560 1382 exprimitur.
1617 1313 1800 1378 Quare
1831 1312 1990 1385 Sym-

395 1412 634 1466 machus
684 1409 973 1480 δεσπότην,
1017 1408 1132 1463 sive
1169 1407 1558 1461 dominatorem
1594 1407 1988 1478 interpretatus

394 1512 505 1559 est.
542 1502 640 1556 Hic
685 1518 816 1573 ergo
852 1501 1137 1563 Dominus,
1168 1498 1422 1554 videlicet
1451 1498 1544 1553 Dei
1578 1497 1839 1563 Verbum,
1891 1498 1986 1563 ait,

402 1612 427 1646 ι
461 1594 536 1647 Ex
559 1594 736 1649 Basan
769 1600 1122 1657 convertam;
1164 1611 1183 1642 ι
1226 1606 1289 1645 ac
1322 1606 1577 1655 rursum,
1607 1609 1627 1642 ι
1657 1591 1988 1646 Convertam

394 1703 464 1742 ex
500 1687 775 1758 profundo
801 1686 990 1740 maris.
1020 1704 1039 1736 ›
1067 1684 1175 1738 Pro
1195 1685 1288 1738 illo
1310 1693 1515 1748 autem,
1546 1703 1566 1735 ‹
1596 1691 1934 1746 convertam,
1963 1701 1983 1735 ι

395 1796 464 1835 ac
495 1781 762 1842 secundo,
801 1797 820 1829 ι
852 1786 1189 1841 convertam,
1234 1797 1253 1828 ι
1295 1775 1662 1848 Symmachus
1699 1776 1782 1832 sic
1818 1777 1989 1831 inter-

398 1877 668 1941 pretatur,
709 1889 727 1922 ι
759 1869 908 1923 Dixit
938 1867 1202 1921 Dominus
1235 1886 1247 1920 :
1289 1866 1367 1919 Ex
1408 1865 1586 1920 Basan
1616 1873 1896 1930 revertar,
1933 1873 1988 1920 et

397 1962 598 2017 reverti
648 1961 845 2014 faciam
893 1976 961 2014 ex
1010 1957 1286 2029 profundo
1337 1956 1526 2010 maris.
1566 1976 1586 2008 ›
1624 1953 1820 2010 Viden‘
1865 1971 1988 2025 qua:

392 2065 564 2121 Opera
605 2049 842 2104 ediderit
891 2047 1158 2102 Dominus
1197 2061 1325 2101 cum
1374 2043 1753 2107 descendisset
1779 2045 1835 2099 in
1861 2060 1990 2115 pro-

397 2143 630 2203 fundum
653 2142 863 2198 maris?
891 2140 1176 2210 Conl‘regit
1199 2139 1379 2209 capita
1407 2130 1710 2192 draconum
1741 2137 1796 2191 in
1821 2153 1986 2207 aqua,

396 2249 613 2294 necnon
644 2235 874 2304 capillos
905 2233 1256 2287 inimicorum
1289 2245 1540 2293 suorum,
1564 2229 1658 2299 qui
1680 2248 1700 2280 ‹
1728 2230 1984 2285 verticem

395 2329 715 2400 capillatum
749 2327 807 2380 in
845 2325 1065 2380 delictis
1097 2343 1114 2375 ›
1149 2322 1585 2388 conculcabant;
1616 2322 1817 2376 reverti
1859 2321 1987 2376 fecit

395 2437 466 2477 ex
512 2421 692 2477 Basan
723 2427 778 2474 et
821 2435 886 2474 ex
917 2416 1192 2489 profundo
1239 2415 1414 2470 maris
1456 2417 1670 2471 animas
1705 2415 1832 2470 istic
1853 2415 1986 2470 olim

395 2514 702 2568 demersas.
751 2511 930 2566 Basan
978 2517 1163 2563 autem
1197 2508 1508 2578 explicatur
1553 2506 1878 2577 ignominia,
1929 2507 1986 2558 in

394 2621 563 2679 quam
615 2605 876 2674 delapsus
925 2609 1011 2659 est
1053 2601 1320 2656 Dominus
1370 2615 1468 2670 per
1519 2606 1822 2655 memorata
1875 2598 1987 2653 ele-

393 2707 582 2753 menta
626 2697 925 2759 indicatus,
969 2695 1063 2765 qui
1110 2693 1474 2765 ignominiam
1512 2692 1847 2763 contempsit
1887 2706 1986 2759 prc

392 2793 573 2848 salute
601 2806 792 2846 eorum
825 2791 916 2859 qui
950 2791 1076 2845 istic
1118 2789 1175 2842 in
1224 2786 1542 2859 captivitate
1565 2786 1772 2840 detenti
1804 2792 1982 2840 erant.

391 2884 761 2954 Quamobrem
811 2884 1017 2938 dicitur
1045 2901 1060 2937 :
1091 2900 1111 2932 ι
1149 2881 1295 2935 Dixit
1344 2880 1648 2935 Dominus:
1685 2877 1764 2932 Ex
1803 2877 1983 2933 Basan

390 2983 1068 3043 convertam,convertam
1099 2990 1164 3029 ex
1189 2972 1467 3044 profundo
1497 2972 1708 3028 maris:
1737 2990 1756 3024 ι
1783 2969 1984 3026 deinde

393 3071 690 3140 adjicitur:
719 3087 739 3120 ι
775 3067 846 3124 Ut
877 3069 1184 3137 intingatur
1231 3081 1330 3136 pes
1365 3074 1490 3120 tuus
1519 3065 1577 3119 in
1620 3064 1910 3134 sanguine.
1955 3081 1975 3115 ι

2099 601 2224 654 μου,
2254 603 2272 634 ι
2303 583 2390 636 διά
2418 583 2525 637 τῶν
2557 585 2956 656 άνεκφωνήτων
3002 585 3134 655 παρ’
3176 583 3448 655 Ἑϐραίοις
3488 585 3682 640 τεττά-

2096 693 2206 747 ρων
2239 676 2518 749 στοιχείων
2545 676 2876 748 ἐγέγραπτο.
2917 675 2974 728 ’0
3003 675 3060 728 δὲ
3089 675 3362 745 δεύτερος,
3393 675 3453 728 ὃν
3484 677 3682 732 ἐαυτοῦ

2093 767 2298 839 Κύριον
2321 771 2350 821 6
2373 769 2660 840 προφήτης
2679 767 2866 840 ἐδήλου
2889 767 3136 836 φάσκων,
3163 767 3284 838 «Τῷ
3303 768 3494 840 Κυρίῳ
3520 787 3678 839 μου,›

2094 860 2302 932 ἑτέροις
2334 861 2622 930 στοιχείοις
2653 860 2926 932 ἐδηλοῦτο.
2959 855 3039 923 οἷς
3070 861 3164 913 xal.
3193 862 3300 923 πᾶς
3327 864 3356 914 6
3381 862 3439 914 ἐν
3468 860 3683 934 ἀνθρώο

2093 968 2216 1014 ποις
2245 951 2432 1004 δούλου
2465 950 2652 1020 κύριος
2699 951 3044 1021 σημαίνεται.
3079 949 3266 1014 Οὕτως
3312 945 3404 1003 οὖν
3443 952 3541 1004 καὶ
3594 953 3682 1004 ἐν-

2091 1044 2269 1098 ταῦθα
2314 1045 2414 1115 ήδη
2450 1044 2632 1115 τρίτον
2680 1045 2709 1096 6
2763 1043 2956 1114 μέχρις
2995 1043 3122 1114 ᾇδου
3170 1041 3418 1105 καταϐάς
3457 1043 3556 1097 καὶ
3599 1043 3681 1097 δι-

2093 1135 2306 1201 ἐξόδους
2343 1135 2576 1190 θανάτου
2608 1135 2978 1206 πεποιημένος
3026 1136 3232 1206 Κύριος
3279 1135 3368 1188 διὰ
3412 1134 3522 1188 τῶν
3551 1139 3682 1208 παρ’

2104 1229 2373 1301 Ἑϐραίοις
2419 1227 2615 1291 κοινῶς
2642 1225 3003 1298 γραφομένων
3039 1227 3316 1296 στοιχείων
3343 1224 3678 1297 ὠνόμασται.

2092 1319 2292 1390 Διόπερ
2319 1321 2347 1371 6
2377 1318 2670 1388 Σύμμαχος
2702 1335 2719 1367 ι
2750 1316 3016 1386 δεσπότην
3048 1335 3066 1365 ι
3099 1318 3449 1387 ήρμήνευσεν
3495 1317 3677 1370 αὐτόν.

2092 1406 2262 1477 Οὗτος
2289 1408 2380 1466 οὖν
2401 1415 2430 1466 6
2462 1411 2687 1483 Κύριος,
2712 1409 2874 1472 αὐτὸς
2900 1411 2928 1462 6
2953 1409 3050 1462 τοῦ
3084 1409 3220 1461 Θεοῦ
3257 1409 3426 1478 Λόγος
3453 1409 3678 1481 δηλαδὴ,

2092 1499 2212 1556 εἷπε
2227 1520 2239 1533 ο
2252 1523 2270 1551 ι
2295 1504 2390 1556 Ἐκ
2403 1503 2584 1555 Βασάν
2602 1500 2931 1572 ἐπιστρέψω
2949 1499 3070 1552 »καὶ
3087 1499 3248 1552 πάλιν
3265 1516 3277 1528 ·
3291 1517 3309 1550 ί
3334 1499 3680 1571 Ἐπιστρέψω

2091 1597 2155 1648 ἐκ
2179 1595 2355 1666 βυθῶν
2384 1594 2712 1665 θαλάσσης.»
2734 1595 2879 1648 Ἀντὶ
2903 1594 2959 1648 δὲ
2979 1592 3096 1658 τοῦ,
3125 1612 3143 1644 ι
3174 1593 3511 1664 ἐπιστρέψω,
3536 1613 3555 1645 ι
3586 1595 3678 1648 καὶ

2088 1689 2183 1743 τοῦ
2214 1690 2487 1763 δεύτερον,
2520 1709 2538 1741 ι
2563 1689 2898 1761 ἐπιστρέψω,
2930 1708 2949 1741 ι
2985 1689 3014 1740 6
3039 1687 3336 1760 Σύμμαχος
3361 1687 3550 1742 τοῦτον
3579 1691 3678 1760 ἦρ·

2094 1785 2328 1856 μήνευσε
2349 1784 2440 1838 τὸν
2470 1783 2672 1856 τρόπον
2691 1801 2706 1814 ’
2735 1803 2754 1836 ι
2782 1779 2916 1836 Εἶπε
2942 1783 3150 1854 Κύριος
3167 1801 3178 1811 ·
3198 1782 3330 1835 Ἀπὸ
3350 1783 3533 1836 Βασὰν
3558 1784 3679 1836 ἐπι-

2091 1874 2330 1946 στρέψω,
2359 1875 2454 1928 καὶ
2481 1873 2820 1946 ἀναστρέψαι
2863 1875 3076 1944 ποιήσω
3121 1873 3228 1926 ἀπὸ
3267 1871 3443 1942 βυθῶν
3476 1872 3678 1927 θαλάσ-

2092 1984 2212 2038 σης.
2245 1986 2266 2018 ι
2313 1967 2480 2038 Ὁρᾷς
2512 1967 2674 2019 ὁποῖα
2725 1964 3125 2038 κατορθώματα
3169 1964 3462 2036 εἰργάσατο
3509 1982 3677 2022 κατα·

2087 2059 2192 2123 ϐὰς
2239 2060 2321 2122 είς
2352 2060 2477 2122 τοὺς
2519 2057 2716 2129 βυθοὺς
2741 2057 2843 2128 τῆς
2881 2056 3156 2128 θαλάσσης
3185 2059 3213 2110 ό
3258 2057 3500 2127 Κύριοςς
3553 2075 3677 2112 συν-

2089 2150 2281 2205 έθλασε
2313 2151 2410 2214 τὰς
2444 2149 2686 2220 κεφαλὰς
2717 2149 2828 2203 τῶν
2865 2149 3175 2222 δρακόντιον
3199 2150 3290 2203 ἐπὶ
3322 2149 3416 2203 τοῦ
3460 2149 3676 2216 ὓδατος,

2090 2244 2184 2297 καὶ
2212 2243 2310 2307 τὰς
2341 2243 2532 2315 τρίχας
2552 2242 2660 2296 τῶν
2685 2241 2895 2313 ἐχθρῶν
2927 2241 3093 2295 αὑτοῦ
3119 2241 3232 2295 τῶν
3261 2261 3280 2294 ι
3305 2242 3405 2312 τήν
3432 2242 3680 2314 ἔντριχον

2089 2334 2333 2407 κορυφὴν
2374 2337 2435 2386 ἐν
2479 2333 2880 2405 πλημμελείαις
2916 2352 2934 2384 ι
2977 2332 3452 2404 διαπορευομένων
3481 2349 3500 2366 ο
3550 2336 3679 2388 ἐπισ-

2091 2427 2320 2498 στρέψαι
2377 2427 2434 2480 δὲ
2478 2427 2650 2480 ἐποίει
2695 2426 2802 2479 ἀπὸ
2833 2425 3014 2480 Βασὰν
3061 2427 3156 2479 καὶ
3211 2425 3319 2479 ἀπὸ
3369 2425 3549 2496 βυθῶν
3579 2426 3680 2500 τῆς

2088 2519 2368 2590 θαλάσσης
2423 2519 2526 2582 τὰς
2598 2517 2768 2571 πάλαι
2840 2517 3410 2588 καταπεποντωμένας
3481 2517 3674 2572 αὐτόσε

2087 2611 2284 2682 ψυχάς.
2318 2611 2498 2664 Βασὰν
2531 2611 2587 2663 δέ
2617 2610 2958 2682 ἡρμήνευται
2985 2608 3239 2681 αἰσχύνη,
3267 2609 3396 2663 ἔνθα
3429 2611 3496 2664 δι’
3525 2614 3672 2682 ἡμᾶς

2087 2704 2353 2775 κατῆλθεν
2390 2704 2418 2755 6
2449 2702 2537 2756 διὰ
2577 2703 2688 2757 τῶν
2739 2703 3046 2774 εἰρημένων
3080 2702 3362 2773 στοιχείων
3411 2704 3667 2776 δηλωθεὶς

2086 2796 2314 2867 Κύριος,
2345 2796 2606 2868 αἰσχύνης
2637 2799 3060 2868 καταφρονήσας
3093 2795 3232 2867 ὑπὲρ
3267 2797 3538 2868 σωτηρίας
3564 2798 3671 2850 τῶν

2088 2891 2274 2945 αὐτόθι
2303 2891 2882 2962 καταδεδουλωμένων.
2908 2891 3001 2944 Διὸ
3029 2890 3281 2945 λέλεκται
3305 2909 3320 2922 ·
3352 2911 3370 2943 ι
3399 2887 3538 2947 Εἷπε
3564 2893 3675 2946 Κύ-

2090 3002 2203 3056 ριος
2227 3000 2240 3013 ·
2282 2985 2379 3037 Ἐκ
2412 2983 2590 3036 Βασὰν
2635 2983 2948 3056 ἐπιστρέψω
2977 3023 2991 3042 .
3038 2984 3353 3055 ἐπιστρέψω
3401 2987 3465 3038 ἐκ
3499 2985 3676 3056 βυθῶν

2090 3074 2362 3147 θαλάσσης
2387 3093 2399 3104 ·
2433 3094 2451 3126 ι
2486 3071 2584 3128 εἷθ’
2611 3073 2741 3144 ἐξῆς
2765 3073 3015 3128 λέλεκται
3038 3092 3054 3105 ο
3101 3095 3118 3127 ι
3152 3077 3340 3140 Ὅπως
3371 3077 3436 3131 ἂν
3473 3077 3617 3150 βαφῇ
3648 3080 3676 3132 6

391 3162 500 3217 Pro
528 3177 637 3232 quo
679 3159 1046 3233 Symmachus
1070 3160 1489 3229 interpretatur.
1527 3175 1550 3208 ι
1584 3155 1979 3226 Utconfringa-

2090 3168 2226 3232 ποῦς
2273 3185 2368 3222 σου
2421 3171 2479 3222 ἐν
2509 3169 2724 3239 αἵματι.
2758 3187 2775 3219 ι
2819 3167 2960 3220 Ἀνθ’
3007 3163 3124 3222 οὗό
3169 3169 3463 3241 Σύμμαχος
3495 3173 3677 3243 ἡρμή-

391 3265 483 3310 tur
506 3271 602 3326 pes
629 3261 760 3309 tuus
781 3269 907 3308 cum
938 3251 1226 3322 sanguine,
1251 3259 1305 3306 et
1332 3250 1538 3304 lambat
1564 3251 1750 3320 lingua
1779 3263 1979 3303 canum

391 3357 612 3402 tuorum
643 3347 712 3401 ab
743 3360 1076 3416 unoquoque
1112 3343 1466 3398 inimicorum
1496 3351 1743 3398 tuorum.
1783 3361 1804 3395 ι
1843 3341 1980 3397 Nam

391 3446 518 3494 eum
575 3438 830 3494 inimicos
883 3451 1019 3493 suos
1071 3442 1401 3500 contereret,
1456 3442 1511 3490 et
1556 3435 1736 3506 capita
1788 3449 1980 3490 eorum

389 3531 789 3603 confringeret,
818 3530 1011 3603 pedem
1041 3545 1202 3586 suum
1233 3528 1504 3600 sanguine
1537 3544 1607 3584 ex
1652 3528 1832 3600 capite
1875 3529 1984 3582 ini-

388 3624 518 3680 mici
553 3626 637 3679 sui
671 3622 874 3678 ﬂuente
904 3623 1170 3692 replebat.
1196 3620 1379 3688 Quare
1434 3623 1490 3676 in
1543 3619 1685 3675 lsaia
1733 3621 1976 3676 dicitur:

393 3733 415 3768 ι
455 3713 594 3782 Quis
647 3723 732 3770 est
782 3714 872 3768 hic
927 3714 1022 3784 qui
1070 3713 1222 3768 venit
1265 3729 1333 3769 ex
1389 3711 1587 3777 Edom,
1617 3713 1786 3767 rubor
1810 3714 1981 3769 vesti-

390 3814 698 3861 mentorum
728 3821 796 3860 ex
829 3805 1001 3861 Bosor
1015 3805 1101 3859 ‘3?
1127 3824 1147 3858 ι
1187 3820 1250 3859 ac
1284 3804 1520 3860 deinde:
1558 3823 1577 3856 ‹
1603 3803 1788 3871 Quare
1811 3806 1978 3860 rubra

387 3901 718 3954 vestimenta
742 3907 858 3964 tua,
887 3907 943 3954 et
989 3899 1310 3954 indumenta
1333 3905 1426 3953 tua
1457 3897 1604 3953 sicut
1633 3898 1828 3953 calcati
1860 3904 1980 3953 tor-

388 3991 618 4055 cularis,
650 3990 844 4061 plenus
875 3989 1302 4046 conculcata“?
1337 4011 1356 4043 ι
1395 3992 1597 4046 Postea
1650 3991 1974 4062 rogantibus

387 4083 464 4136 ita
501 4082 796 4152 respondet
826 4101 840 4136 ε
879 4099 899 4133 ‹
939 4080 1161 4136 Calcavi
1193 4083 1344 4152 ipsos
1372 4082 1429 4136 in
1479 4082 1668 4138 furore
1702 4097 1827 4136 meo
1848 4082 1914 4136 ".
1949 4101 1968 4133 ι

385 4171 489 4229 Hic
533 4174 660 4228 item
710 4180 838 4243 post
877 4174 1086 4228 calcata
1138 4173 1440 4228 draconum
1479 4174 1685 4244 capita,
1718 4172 1923 4228 dicitur
1956 4193 1968 4227 :

389 4283 410 4318 ι
442 4263 516 4321 Ut
565 4264 946 4336 confringatur
996 4279 1094 4335 pes
1136 4272 1266 4321 tuus
1312 4280 1438 4320 cum
1489 4266 1776 4335 sanguine,
1809 4284 1827 4316 ι
1862 4264 1970 4330 vel,

389 4374 410 4408 ι
450 4355 523 4411 Ut
555 4357 860 4427 intingatur
883 4371 982 4426 pes
1014 4363 1144 4411 tuus
1167 4356 1223 4410 in
1248 4357 1539 4428 sanguine,
1572 4363 1626 4411 et
1663 4356 1851 4427 lingua
1877 4370 1972 4409 ca-

383 4465 514 4504 num
537 4457 758 4504 tuorum
784 4465 852 4504 ex
876 4447 1116 4503 inimicis
1147 4449 1216 4502 ab
1241 4449 1382 4520 ipso.
1424 4468 1444 4500 ι
1487 4447 1596 4502 Pro
1625 4463 1736 4517 quo
1763 4446 1968 4502 clarius

2085 3278 2272 3314 νευσεν
2298 3261 2496 3314 εἰπών’
2533 3280 2551 3312 ι
2585 3261 2772 3324 Ὅπως
2803 3259 3154 3334 συγκατεάξῃ
3185 3263 3214 3315 6
3246 3262 3382 3326 ποῦς
3412 3281 3502 3316 σου
3537 3263 3676 3332 μετὰ

2083 3355 2334 3425 αἵματος,
2377 3354 2472 3408 καὶ
2519 3353 2663 3424 λάψῃ
2707 3355 2740 3425 ἡ
2773 3352 2996 3421 γλῶσσα
3041 3353 3149 3407 τῶν
3191 3353 3372 3407 κυνῶν
3425 3371 3516 3406 σου
3563 3355 3672 3407 ἀπὸ

2083 3446 2314 3498 ἑκάστου
2370 3444 2479 3497 τῶν
2529 3444 2739 3518 ἐχθρῶν
2789 3461 2903 3497 σου.
2952 3463 2971 3494 ι
3034 3443 3342 3514 Συντρίόων
3388 3443 3496 3515 γάρ
3541 3445 3668 3506 τοὺς

2083 3533 2279 3588 ἐαυτοῦ
2326 3533 2555 3606 ἐχθροὺς
2587 3534 2682 3586 καὶ
2729 3532 2828 3598 τάς
2881 3530 3122 3602 κεφαλὰς
3169 3530 3348 3584 αὐτῶν
3403 3531 3664 3591 συνθλῶν,

2081 3627 2322 3697 ἐπλήρου
2369 3617 2461 3678 τὸν
2495 3622 2688 3678 ἑαυτοῦ
2734 3623 2871 3676 πόδα
2902 3622 3155 3693 αἵματος,
3188 3618 3282 3673 τοῦ
3331 3622 3396 3672 ἐκ
3421 3619 3529 3671 τῶν
3576 3635 3671 3672 κεν

2081 3716 2268 3786 φαλῶν
2315 3714 2412 3768 τοῦ
2449 3716 2645 3788 ἐχθροῦ
2697 3713 2863 3768 αὑτοῦ
2919 3713 3160 3784 ῥυέντος.
3215 3711 3307 3764 Διὸ
3357 3711 3572 3778 ἐλέγετο
3611 3711 3676 3762 ἐν

2091 3809 2323 3879 Ἡσαΐᾳο
2364 3827 2381 3858 ‹
2417 3809 2513 3871 Τίς
2543 3801 2701 3870 οὗτος
2753 3809 2781 3861 6
2830 3807 3282 3877 παραγενόμενος
3332 3801 3394 3866 ἐξ
3457 3799 3670 3870 Ἐδὼμ,

2079 3903 2331 3976 ἐρύθημα
2367 3903 2600 3973 ἱματίων
2631 3904 2696 3954 ἐκ
2717 3900 2888 3972 Βοσόρ
2914 3917 2928 3965 ;
2958 3919 2978 3950 ι
3003 3899 3098 3953 καὶ
3128 3897 3256 3966 ἑξῆς
3275 3914 3292 3928 ·
3313 3915 3334 3949 σ
3359 3893 3457 3947 Διὰ
3488 3892 3541 3944 τί
3577 3907 3671 3943 σου

2078 3993 2283 4066 ἐρυθρὰ
2321 3992 2390 4045 τὰ
2419 3993 2629 4063 ἱμάτια,
2676 3991 2768 4045 καλ¹
2798 3991 2866 4043 τά
2899 3987 3175 4058 ἐνδύματά
3203 4001 3295 4038 σου
3337 3983 3413 4045 ὡς
3449 3983 3670 4034 ἀποπα-

2075 4086 2240 4157 τητού
2265 4083 2449 4155 ληνοῦ,
2476 4084 2691 4156 πλήρης
2718 4098 2936 4148 πεπατη
2947 4079 3115 4150 μένης
3139 4093 3154 4142 ;
3185 4095 3203 4126 ›
3229 4070 3342 4127 Εἶθ’
3373 4072 3500 4143 ἐξῆς
3531 4073 3670 4125 ἁπο-

2077 4179 2323 4252 κρίνεται
2355 4177 2494 4250 πρὸς
2518 4178 2644 4241 τοὺς
2671 4175 3078 4248 ἐρωτήσαντας,
3113 4168 3208 4222 καί
3247 4183 3415 4237 φησι·
3462 4184 3479 4215 ι
3514 4167 3668 4218 Κατ-

2076 4271 2328 4342 επάτησα
2353 4269 2552 4332 αὐτοὺς
2586 4269 2644 4320 ἐν
2673 4265 2831 4337 θυμῷ
2863 4279 2987 4336 μου.
3041 4280 3059 4312 ι
3088 4262 3199 4314 Καὶ
3234 4257 3469 4312 ἐνταῦθα
3485 4255 3668 4308 τοίνυν

2078 4361 2217 4434 μετὰ
2261 4359 2360 4432 τὴν
2411 4356 2702 4428 συντριϐὴν
2732 4355 2842 4410 τῶν
2890 4350 3144 4421 κεφαλῶν
3187 4348 3297 4402 τῶν
3357 4345 3668 4416 δρακόντων

2075 4454 2349 4507 λέλεκται·
2385 4471 2402 4502 ι
2437 4452 2623 4512 Ὅπως
2654 4447 2720 4502 ἂν
2767 4443 3118 4516 συγκατεάξῃ
3147 4445 3176 4495 ό
3207 4437 3342 4503 ποῦς
3380 4453 3475 4490 σου
3527 4434 3674 4506 μετὰ·

384 4537 752 4610 Symmachus
787 4539 1179 4607 interpretatus
1212 4547 1298 4594 est
1341 4539 1554 4601 dicens,
1592 4556 1611 4588 α
1648 4537 1716 4590 Ει
1757 4537 1965 4592 lambat

2085 4547 2324 4618 ιῖματος,
2339 4565 2358 4597 ι
2377 4545 2434 4614 ἢ,
2455 4543 2675 4604 «Ὅπως
2698 4541 2844 4611 βαφῇ
2867 4541 2896 4592 6
2913 4537 3047 4600 ποῦς
3071 4554 3164 4590 σου
3191 4537 3247 4588 ἐν
3275 4534 3486 4604 αἵματι,
3507 4529 3602 4583 καὶ
3627 4535 3662 4600 ή

382 4629 568 4702 lingua
596 4645 796 4685 canum
832 4637 1076 4694 tuorum,
1107 4632 1177 4686 ab
1226 4645 1563 4701 unoquoque
1609 4629 1966 4684 inimicorum

2085 4637 2290 4707 (λῶσσα
2344 4633 2453 4687 τῶν
2487 4631 2664 4686 κυνῶν
2720 4649 2813 4683 σου
2870 4629 2932 4695 ἐξ
2987 4627 3199 4699 ἐχθρῶν
3247 4626 3375 4696 παρ’
3413 4621 3599 4677 αὐτοῦ.
3641 4639 3662 4672 ›

380 4730 624 4778 tuorum.
669 4743 688 4776 ν
725 4722 905 4780 Canes
941 4739 1106 4795 porro
1139 4723 1356 4778 Domini
1409 4720 1736 4793 sanguinem
1778 4721 1970 4775 inimi-

380 4830 572 4870 corum
606 4815 728 4886 ejus
761 4816 1087 4881 lambentes,
1125 4829 1266 4885 quos
1294 4828 1419 4870 esse
1449 4813 1682 4877 dixeris,
1711 4813 1819 4867 nisi
1844 4828 1962 4884 gre-

2080 4729 2222 4784 ’Av8‘
2253 4719 2313 4781 οὗ
2349 4725 2670 4796 λευκότερον
2696 4726 2726 4778 6
2749 4723 3046 4794 Σύμμαχος
3077 4719 3426 4792 ἡρμήνευσεν
3453 4712 3622 4766 εἰπών
3647 4728 3667 4744 ι

2070 4840 2090 4873 ‹
2120 4822 2232 4874 Kal.
2264 4818 2407 4889 λάψῃ
2437 4819 2470 4889 ή
2509 4816 2730 4885 γλῶσσα
2775 4814 2884 4869 τῶν
2922 4811 3103 4868 κυνῶν
3135 4809 3227 4864 ἂου
3275 4808 3384 4862 ἀπὸ
3432 4805 3668 4859 ἑκάστου

379 4909 465 4978 gis
510 4908 686 4979 ipsius
726 4909 986 4965 custodes
1030 4907 1325 4980 pervigiles
1370 4907 1466 4976 qui
1515 4904 1817 4959 Eccleslam
1845 4905 1965 4974 ejus

2085 4913 2174 4965 τῶν
2206 4911 2416 4983 ἐχθρῶν
2464 4927 2578 4963 σου.
2612 4929 2629 4962 ι
2665 4909 2850 4973 Κύνας
2884 4908 2944 4962 δέ
2973 4905 3070 4959 τοῦ
3097 4901 3324 4974 ’Κυρίου
3359 4897 3672 4958 λάπτοντας

376 5007 624 5068 tuentur,
678 5003 797 5057 sive
822 5002 1050 5057 ultrices
1094 4999 1366 5071 quasdam
1412 4999 1669 5063 virtutes,
1695 5013 1815 5067 qua:
1843 5013 1969 5053 con-

375 5093 620 5149 terendis
654 5094 892 5150 inimicis
907 5093 1027 5164 ejus
1054 5091 1402 5154 incumbunt,
1421 5105 1650 5160 quaeque
1663 5091 1962 5160 perniciem

378 5203 570 5242 eorum
601 5187 1007 5258 quodammodo
1031 5185 1327 5256 degustare
1350 5183 1646 5255 satagunt?

2064 5003 2126 5056 τὸ
2148 4997 2288 5073 αἷμα
2319 5002 2428 5056 τῶν
2459 5000 2671 5073 ἐχθρῶν
2702 4997 2869 5053 αὑτοῦ
2901 4996 3056 5059 τίνας
3084 4994 3150 5048 ἂν
3178 4993 3354 5052 εἴποις
3385 4989 3418 5060 ἢ
3450 4989 3575 5050 τοὺς
3597 4986 3666 5038 τὰ

2071 5093 2299 5164 ποίμνια
2342 5092 2510 5148 αὑτοῦ
2546 5092 2912 5162 φυλάττοντας
2945 5086 3192 5156 φύλακάς
3231 5097 3385 5143 τινας
3433 5077 3672 5150 ἐγρηγόι

2073 5203 2220 5258 ρους,
2248 5185 2346 5259 τὴν
2379 5185 2706 5256 Ἐκκλησίαν
2739 5180 2905 5236 αὐτοῦ
2942 5177 3334 5251 φρουροῦντας,
3357 5171 3390 5242 ἦ
3414 5185 3662 5240 τιμωρη-

369 5284 533 5347 τικάς
551 5302 704 5347 τινας
725 5284 987 5354 δυνάμεις
1010 5280 1452 5352 ἐπεμϐαινούσας
1476 5283 1542 5352 τῇ
1600 5279 1862 5352 συντριϐῇ
1889 5281 1999 5334 τῶν
2037 5281 2250 5356 ἐχθρῶν
2277 5281 2444 5336 αὑτοῦ
2462 5323 2477 5347 ,
2535 5282 2632 5334 καὶ
2664 5279 2852 5349 ὥσπερ
2900 5272 3269 5342 ἀπογεύεσθαι
3315 5264 3663 5336 πειρωμένοις

370 5381 469 5450 τῆς
501 5379 779 5441 ἀπωλείας
811 5377 990 5432 αὐτῶν
1016 5393 1031 5442 ;

440 5491 609 5548 Vens.
641 5493 731 5555 ‘25,
763 5493 855 5553 26,
889 5511 909 5544 ι
967 5492 1084 5548 Visi
1136 5500 1267 5547 sunt
1312 5491 1597 5561 ingressus
1634 5490 1740 5554 tui,
1790 5489 1962 5556 Deus,

369 5587 656 5656 ingressus
685 5585 777 5640 Dei
804 5588 933 5650 mei,
975 5585 1121 5656 regis
1156 5586 1298 5648 mei,
1327 5584 1423 5655 qui
1461 5591 1547 5638 est
1590 5584 1646 5636 in
1679 5591 1894 5637 sancto.
1935 5599 1955 5632 ι

2141 5509 2162 5542 ι
2204 5490 2624 5562 Ἑθεωρήθησαν
2662 5490 2718 5541 αἱ
2752 5485 2974 5560 πορεῖαί
3012 5502 3127 5550 σου,
3153 5483 3308 5546 Θεὸς,
3349 5482 3404 5534 αἱ
3441 5495 3660 5550 πορειαι

2063 5580 2158 5634 τοῦ
2193 5579 2328 5632 Θεοῦ
2366 5596 2490 5649 μου,
2530 5578 2624 5631 τοῦ
2664 5577 2927 5647 βασιλέως
2959 5593 3084 5646 μου,
3127 5573 3220 5628 τοῦ
3248 5577 3306 5626 ἐν
3334 5569 3413 5641 τῷ
3448 5570 3606 5639 ἁγίῳ.
3633 5587 3653 5617 ι

368 5651 498 5733 Htec
523 5686 926 5747 consequenter
953 5651 1392 5748 praecedentibus
1418 5677 1780 5746 adjiciuntur.
1815 5673 1960 5740 Quia

2085 5674 2175 5726 (al.
2199 5671 2370 5738 ταῦτα
2389 5674 2502 5735 τοῖς
2534 5669 2908 5740 προλεχθεῖσιν
2937 5665 3247 5728 ἀκολούθως
3275 5651 3661 5734 ἐπενήνεκταῖ.

442 5831 487 5862 θ’
513 5827 658 5883 Psal.
686 5844 799 5896 tux,
827 5830 879 5886 l.
953 5831 998 5864 ”
1023 5830 1130 5886 lsa.
1162 5840 1316 5896 um,
1342 5831 1395 5885 l.

1510 5829 1557 5862 “
1581 5829 1712 5885 ibid.
1739 5829 1795 5884 ‘2.
1871 5829 1918 5861 ”
1948 5827 2080 5882 ibid.
2118 5827 2172 5881 ’5.
