4056 6394
365 362 474 422 709

1507 359 2012 417 COMMENTARIA
2053 359 2120 414 IN
2161 359 2503 417 PSALMOS.

3536 366 3642 420 ἨΟ

378 477 599 550 Ἐπειδὴ
638 477 748 550 γὰρ
793 477 862 532 τά
914 477 1282 550 θεσπιζὸμενα
1332 480 1462 553 πρὶν
1505 480 1758 550 γενέσθαι
1821 497 1942 553 προ-

2059 460 2204 535 enim
2235 495 2358 550 qua:
2382 480 2436 534 in
2467 479 2732 534 vaticinio
2776 478 3052 546 feruntur,
3107 488 3399 553 antequam
3453 488 3642 537 essent

366 568 657 642 εθεωρεῖτο
683 573 797 633 τοῖς
830 570 1004 637 ἀγίοις
1033 570 1126 623 τοῦ
1158 570 1294 624 Θεοῦ
1319 572 1644 643 προφήταις,
1680 571 1768 624 διά
1792 571 1950 624 τοῦτό

368 677 533 733 φησιν
568 660 808 728 ὁλόγοςο
859 677 878 711 ι
925 661 1342 733 Ἐθεωρήθησαν
1385 665 1440 717 αἱ
1487 665 1702 734 πορεῖαί
1760 680 1875 726 σου,
1922 663 1952 715 6

367 755 518 819 Θεός.
546 776 565 808 ι
594 756 752 807 Ποῖαι
777 754 832 808 δὲ
856 759 1099 827 πορεῖαι;
1135 756 1270 810 ἀλλὰ
1300 757 1488 829 πρώτη
1527 757 1630 828 μὴν
1664 759 1697 828 ἡ
1725 758 1952 821 κάθοδος

356 845 584 917 αὐτοῦὴ
623 846 681 898 ὲν
711 845 881 910 Σιναῒ,
910 848 1003 900 καὶ
1038 847 1201 902 πάλιν
1243 849 1274 918 ὴ
1310 849 1573 911 ἀνάϐασις
1601 851 1634 919 ἡ
1681 851 1761 913 είς
1795 849 1948 918 ὕψος,

366 939 462 994 καὶ
493 935 650 1002 αὖθις
689 941 722 1010 ἠ
746 939 1021 1011 κάθοδοςή
1049 942 1141 994 ἐπὶ
1167 941 1347 995 Βασὰν
1389 943 1483 994 καὶ
1525 943 1558 1012 ἡ
1595 942 1803 995 ἐκεῖθεν
1826 945 1948 995 ὲπι-

363 1030 601 1103 στροφὴ,
651 1032 686 1102 ἥ
728 1049 787 1084 τε
837 1033 998 1104 μέχρι
1047 1033 1141 1086 τοῦ
1193 1034 1425 1087 Θανάτου
1474 1034 1806 1098 κατάϐασις,
1855 1035 1950 1087 καὶ

361 1120 610 1174 ἐντεῦθεν
661 1121 882 1188 διέξοδοι
928 1123 1129 1187 αὑτοῦ,
1178 1125 1274 1177 καὶ
1311 1125 1403 1177 ἐπὶ
1441 1125 1606 1178 πᾶσιν
1633 1127 1666 1194 ἡ
1717 1125 1780 1176 ὲκ
1841 1124 1948 1178 τῶν

358 1214 539 1284 βυθῶν
566 1216 666 1286 τῆς
689 1215 966 1286 Θαλάσσης
997 1216 1260 1279 ἐπάνοδος
1285 1233 1299 1280 ;
1328 1211 1499 1270 Αῦται
1536 1218 1706 1270 πᾶσαι
1734 1219 1948 1296 πορεῖαι

359 1303 499 1379 ἦσαν
534 1307 628 1361 τοῦ
662 1307 990 1379 δηλουμένου
1031 1308 1260 1380 Κυρίου,
1294 1309 1496 1372 αἵτινες
1532 1312 1644 1372 τοῖς
1684 1308 1778 1363 τοῦ
1812 1308 1946 1362 Θεοῦ

360 1402 670 1473 προφήταις
691 1399 1074 1472 ἐθεωρήθησαν
1098 1401 1228 1472 πρὶν
1262 1399 1513 1469 γενέσθαι
1533 1418 1544 1430 ’
1591 1401 1669 1454 διὸ
1707 1403 1800 1454 καὶ
1827 1406 1948 1465 ταῖς

361 1493 728 1564 προφητικαῖς
775 1490 1153 1562 παρεδόθησαν
1217 1491 1481 1562 Γραφαῖς.
1550 1492 1792 1555 Εἰκότως
1853 1489 1946 1546 οὖν

360 1581 602 1654 εἴρηται·
634 1599 652 1631 ι
693 1580 1107 1652 Ἐθεωρήθησαν
1151 1583 1206 1634 αἱ
1257 1583 1472 1654 πορεῖαί
1502 1601 1592 1636 σου
1619 1625 1635 1648 ,
1665 1585 1694 1637 6
1731 1585 1882 1648 Θεὸς.
1919 1605 1940 1638 ι

358 1669 474 1726 Εἶτ’
513 1673 870 1742 ἀσφαλίζεται
918 1673 1186 1728 διδάσκων
1239 1674 1393 1728 ποίου
1440 1675 1575 1728 Θεοῦ
1622 1679 1679 1730 αἱ
1729 1682 1944 1749 πορεῖαι

359 1766 774 1837 ὲθεωρήθησαν·
822 1765 902 1819 διὸ
943 1766 1184 1834 ἐπιλέγει
1211 1783 1224 1796 ·
1277 1785 1295 1818 ι
1326 1769 1392 1819 Αἱ
1430 1773 1644 1840 πορεῖαι
1672 1769 1766 1840 τοῦ
1805 1770 1942 1824 Θεοῦ

2055 572 2498 642 praevidehantur
2523 587 2550 625 a
2577 572 2784 626 sanctis
2809 571 2902 628 Dei
2930 573 3232 642 prophetis,
3257 574 3377 629 ideo
3399 573 3634 628 dicitur:

2058 682 2077 714 ‹
2124 662 2236 719 Visi
2295 671 2427 720 sunt
2476 666 2760 734 ingressus
2808 665 2909 727 tui,
2945 663 3109 719 Deus.
3143 685 3160 717 ι
3197 666 3298 732 Qui
3329 667 3633 738 ingressus,

2051 755 2162 810 nisi
2217 755 2454 825 primum
2513 757 2817 812 descensus
2847 757 2968 826 ejus
3010 757 3065 811 in
3099 757 3274 822 Sinai,
3307 774 3372 812 ac
3412 775 3636 812 rursum

2051 862 2321 903 ascensus
2356 848 2412 902 in
2449 848 2642 913 altum,
2683 849 2992 919 iterumque
3018 849 3320 904 descensus
3351 851 3406 904 in
3453 850 3637 905 Basan

2051 953 2115 993 ac
2145 954 2431 1009 regressus
2453 939 2508 993 in
2541 939 2734 1003 altum,
2767 947 2820 994 et
2861 957 3054 996 rursus
3085 941 3351 997 demissio
3385 942 3507 1010 ejus
3539 958 3638 996 us-

2052 1046 2160 1100 que
2213 1031 2282 1084 ad
2340 1040 2600 1095 mortem,
2629 1040 2683 1085 et
2728 1033 2912 1087 exitus
2957 1034 3104 1090 illius
3129 1050 3192 1088 ex
3220 1049 3305 1098 ea,
3331 1049 3393 1088 ac
3438 1045 3640 1103 praeter

2052 1124 2168 1178 haec
2226 1124 2414 1178 omnia
2475 1126 2685 1180 reditus
2714 1141 2777 1180 ex
2810 1125 3084 1195 profundo
3112 1128 3313 1182 maris?
3347 1127 3409 1180 Hi
3442 1142 3636 1183 omnes

2051 1214 2334 1285 ingressus
2378 1223 2537 1270 erant
2584 1221 2871 1273 memorati
2915 1219 3153 1285 Domini,
3186 1220 3282 1289 qui
3341 1229 3632 1289 antequam

2049 1307 2379 1362 exsisterent
2408 1323 2439 1361 a
2475 1309 2756 1379 prophetis
2793 1308 2889 1363 Dei
2944 1310 3048 1364 visi
3096 1317 3225 1364 sunt
3259 1328 3271 1362 :
3303 1325 3475 1379 quare
3508 1325 3636 1379 pro-

2049 1397 2282 1466 pheticis
2311 1399 2367 1452 in
2421 1400 2642 1470 scriptis
2671 1403 2983 1471 consignati
3022 1409 3172 1457 sunt.
3227 1401 3358 1457 Jure
3397 1417 3528 1472 ergo
3555 1401 3634 1455 di-

2048 1498 2195 1544 ctum
2231 1499 2316 1546 est
2353 1510 2367 1547 :
2406 1509 2426 1543 ι
2461 1490 2577 1546 Visi
2611 1500 2740 1548 sunt
2768 1494 3050 1564 ingressus
3081 1495 3183 1559 tui,
3211 1494 3378 1550 Deus.
3414 1515 3432 1546 ι
3473 1493 3636 1548 Dein-

2047 1581 2223 1652 deque
2248 1599 2361 1638 rem
2385 1583 2676 1638 conﬁrmat
2703 1585 2958 1640 indicans
2983 1587 3272 1656 cujusnam
3299 1585 3393 1640 Dei
3420 1587 3636 1657 ingres-

2047 1687 2144 1730 sus
2175 1676 2278 1730 visi
2308 1674 2548 1744 fuerint;
2583 1691 2709 1730 nam
2742 1677 2932 1746 adjicit
2963 1697 2974 1732 :
3007 1697 3024 1728 ι
3061 1679 3348 1748 Ingressus
3380 1679 3476 1733 Dei
3498 1680 3630 1742 mei,

2047 1766 2191 1835 regis
2239 1767 2366 1822 mei.
2404 1787 2426 1820 ι
2472 1767 2593 1822 Non
2640 1769 2961 1838 simpliciter
2988 1768 3114 1834 Dei,
3150 1782 3241 1825 aut
3287 1772 3433 1838 regis
3463 1811 3478 1835 ,
3533 1771 3634 1826 sed

361 1876 485 1929 μου,
520 1858 614 1912 τοῦ
643 1858 906 1928 βασιλέως
939 1877 1061 1930 μου.
1093 1880 1111 1911 ι
1145 1861 1219 1912 Ού
1265 1859 1373 1932 γὰρ
1403 1862 1589 1925 ἁπλῶς
1633 1863 1790 1929 Θεοῦ,
1823 1864 1942 1918 οὐδὲ

2052 1875 2070 1908 (
2098 1855 2190 1911 Dei
2221 1858 2351 1911 mei.
2375 1876 2394 1908 ι
2425 1856 2540 1913 Hoc
2571 1875 2737 1929 porro
2762 1860 2940 1914 simile
2972 1858 3137 1914 fuerit
3169 1859 3270 1925 illi,
3292 1879 3310 1911 ι
3342 1860 3488 1914 Dixit
3525 1860 3635 1914 Do-

359 1950 658 2020 βασιλέως,
695 1951 831 2004 ἀλλὰ
857 1951 952 2004 τοῦ
1001 1970 1020 2002 ι
1049 1951 1184 2005 Θεοῦ
1227 1971 1350 2024 μου.
1402 1973 1421 2005 ›
1462 1954 1632 2007 Τοῦτο
1672 1955 1729 2009 δὲ
1761 1957 1945 2027 ὅμοιον

357 2042 612 2113 τυγχάνει
641 2042 751 2114 τῷ,
782 2062 800 2094 ι
835 2038 968 2096 Εἷπε
996 2043 1201 2116 Κύριος
1225 2044 1302 2115 τῷ
1335 2047 1526 2117 Κυρίῳ
1553 2064 1652 2117 μου
1674 2064 1687 2077 ·
1736 2067 1756 2100 ι
1788 2050 1815 2102 6
1845 2049 1944 2119 μὲν

355 2135 466 2207 γὰρ
488 2135 705 2206 πρῶτος
733 2137 761 2188 6
783 2137 876 2189 ἐπὶ
906 2137 1123 2190 πάντων
1155 2137 1240 2207 εἴη
1273 2137 1338 2192 ἂν
1368 2138 1499 2202 Θεός
1517 2157 1528 2168 ·
1557 2141 1585 2192 6
1607 2140 1665 2193 δὲ
1689 2139 1944 2213 δεύτερος

355 2227 559 2299 Κύριος
601 2227 631 2279 6
675 2226 921 2282 ἀκούων
975 2247 994 2278 ί
1029 2227 1214 2281 Κάθου
1255 2230 1320 2282 ὲκ
1370 2227 1560 2294 δεξιῶν
1613 2249 1734 2302 μου,
1760 2251 1778 2284 ι
1811 2233 1944 2303 ὲμὺς

353 2316 612 2388 τυγχάνει
631 2316 834 2388 Κύριος
852 2332 866 2346 ·
902 2315 1000 2380 διὸ,
1025 2334 1044 2368 ι
1069 2311 1207 2368 Εἷπε
1230 2315 1434 2388 Κύριος
1453 2317 1529 2388 τῷ
1557 2318 1747 2389 Κυρίῳ
1773 2335 1893 2388 μου.
1916 2338 1936 2370 ι

354 2409 467 2462 Καὶ
491 2407 726 2462 ἐνταῦθα
751 2407 931 2462 τοίνυν
959 2408 1052 2461 τὸν
1097 2407 1348 2480 δεύτερον
1412 2410 1690 2480 σημαίνων
1719 2411 1748 2462 ὁ
1779 2410 1942 2474 αὐτὸς

355 2503 640 2574 προφήτης
689 2503 854 2574 φησίν
877 2519 892 2533 ⁸
929 2521 948 2554 ι
981 2504 1048 2556 Αἱ
1091 2507 1306 2576 πορεῖαι
1354 2504 1450 2558 τοῦ
1494 2505 1630 2559 Θεοῦ
1664 2523 1762 2577 μου
1787 2546 1802 2569 ,
1845 2505 1938 2558 τοῦ

356 2592 620 2663 βασιλέως
650 2611 786 2665 μου,
835 2592 929 2646 τοῦ
977 2594 1036 2647 ὲν
1067 2593 1146 2666 τῷ
1191 2595 1352 2665 ἁγίῳ.
1381 2614 1401 2646 ›
1464 2595 1590 2648 Ἑάν
1636 2594 1744 2665 γὰρ
1797 2594 1942 2663 λέγω

355 2685 734 2756 θεωρουμένας
771 2685 1031 2756 πορείας,
1090 2687 1164 2757 μή
1201 2703 1286 2749 τις
1323 2684 1594 2758 νομιζέτω
1649 2703 1715 2757 με
1761 2685 1941 2756 λέγειν

352 2772 448 2828 τοῦ
482 2773 576 2826 ἐπὶ
623 2774 841 2826 πάντων
883 2773 1051 2826 Θεοῦ⁶
1086 2773 1222 2827 ἀλλά
1266 2774 1362 2827 τοῦ
1398 2775 1533 2828 Θεοῦ
1567 2793 1668 2846 μου
1712 2775 1804 2828 καὶ
1846 2773 1939 2828 τοῦ

356 2863 624 2935 βασιλέως
671 2881 772 2935 μου
816 2866 1051 2934 πορεῖαι.
1109 2865 1247 2918 Ἀλλ’
1295 2865 1483 2938 ἐπειδὴ
1533 2885 1551 2918 ι
1591 2865 1940 2938 προέφθασαν

353 2957 613 3028 ἄρχοντες
673 2957 923 3028 ἐχόμενοι
981 2955 1290 3027 ψαλλόντων
1347 2960 1406 3012 ὲν
1475 2959 1628 3029 μέσῳ
1683 2959 1939 3015 νεανίδων

352 3053 822 3125 τυμπανιστριῶν.
861 3073 880 3107 ι
914 3054 1082 3108 Αὐτοὶ
1117 3054 1226 3125 γὰρ
1257 3045 1404 3107 οὗτοι
1436 3054 1484 3106 οἱ
1527 3053 1940 3124 προφθάσαντες

353 3146 634 3219 ἄρχοντες,
673 3147 707 3219 ἢ
739 3149 789 3201 οἱ
814 3148 1030 3220 ᾄδοντες
1053 3149 1148 3201 καὶ
1177 3147 1452 3218 Πνεύματι
1481 3147 1620 3219 ἁγίῳ
1647 3147 1708 3200 τὸ
1747 3147 1939 3218 μέλλον

353 3237 742 3302 θεσπίζοντες,
783 3236 1210 3310 προεθεώρησαν
1257 3236 1356 3300 τὰς
1403 3237 1627 3309 πορείας
1672 3235 1766 3290 τοῦ
1802 3235 1938 3290 Θεοῦ

357 3347 459 3402 μου
492 3330 704 3384 καὶτοῦ
732 3330 998 3401 βασιλέως
1035 3348 1159 3401 μου,
1197 3324 1356 3385 Οὗτοι
1381 3330 1438 3383 δὲ
1473 3325 1613 3400 ἦσαν
1639 3331 1690 3382 οἱ
1725 3328 1940 3400 προφῆ-

350 3439 463 3488 ται,
497 3426 544 3477 οἱ
586 3424 1001 3496 προφθάσαντες
1034 3426 1162 3489 τοὺς
1205 3423 1346 3496 μετά
1370 3423 1547 3478 ταῦτα
1577 3422 1942 3496 προελθόντας

352 3514 704 3578 ἀποστόλους.
736 3515 840 3569 Δύο
878 3515 987 3590 γὰρ
1021 3516 1198 3588 χορῶν
1226 3517 1326 3586 τὴν
1358 3515 1451 3570 τοῦ
1484 3515 1737 3588 Σωτῆρος
1781 3514 1940 3586 ἡμῶν

355 3607 633 3674 θεολογίαν
655 3606 960 3677 ἀνθρώποις
995 3607 1476 3679 παραδεδωκότων,
1501 3607 1529 3658 6
1557 3607 1656 3678 μὲν
1689 3606 1939 3678 προφθά-

355 3712 456 3757 σας
487 3695 646 3765 χορὸς
676 3690 744 3764 ἦν
772 3697 801 3746 6
834 3696 1194 3765 προφητικὸς,
1245 3699 1272 3749 6
1303 3697 1362 3749 δὲ
1407 3696 1660 3767 δεύτερος
1697 3695 1940 3749 ἐπελθὼν

353 3785 384 3836 6
406 3785 520 3838 τῶν
560 3783 873 3836 ἀποστόλων
909 3785 1002 3836 καὶ
1042 3784 1298 3855 μαθητῶν
1336 3785 1429 3838 τοῦ
1481 3787 1756 3856 Σωτῆρος.
1791 3786 1940 3857 Πλὴν

354 3875 492 3930 ἀλλά
521 3873 907 3947 έθεωρήθησαν
949 3877 1004 3928 αἱ
1031 3878 1248 3946 πορεῖαι
1289 3876 1383 3928 τοῦ
1415 3876 1745 3947 δηλωθέντος
1769 3876 1936 3930 Θεοῦ·

353 3967 388 4038 ἢ
429 3969 543 4030 τοῖς
596 3966 694 4037 μὲν
754 3965 1073 4030 ἀποστόλοις
1115 3965 1533 4038 ὲθεωρήθησαν,
1577 3969 1626 4021 οἳ
1676 3969 1770 4022 καὶ
1817 3968 1940 4037 ὄψει

353 4057 666 4131 παρέλαϐον
720 4057 790 4111 τά
842 4057 1011 4112 πάλαι
1070 4057 1375 4130 προγνώσει
1437 4061 1936 4131 προπεφωνημένα.

354 4144 518 4203 Οὗτοι
554 4148 652 4220 μὲν
691 4143 782 4201 οῦν
815 4150 1003 4212 αὐτοῖς
1047 4148 1347 4218 ὀφθαλμοῖς
1375 4147 1474 4213 τάς
1514 4149 1737 4219 πορείας
1778 4149 1944 4203 ἐθεώ-

358 4258 529 4313 ρησαν
577 4239 670 4298 τοῦ
712 4240 883 4294 Θεοῦο
932 4241 1286 4313 προέφθασαν
1332 4241 1391 4294 δὲ
1435 4242 1632 4305 αὐτοὺς
1680 4243 1942 4315 ἄρχοντές

351 4351 497 4397 τινες
527 4327 672 4387 οὗτοι
705 4335 752 4386 οἱ
795 4333 1044 4404 ἐχόμενοι
1083 4333 1193 4388 τῶν
1223 4333 1552 4404 ψαλλόντων.
1589 4335 1851 4405 Σημαίνει
1881 4334 1940 4388 δὲ

352 4425 382 4476 6
407 4423 563 4493 λόγος
591 4423 684 4477 τὸν
712 4423 876 4477 Δαυῒδ
908 4425 1070 4478 αὑτὸν
1104 4426 1347 4489 καὶτοὺς
1379 4425 1474 4479 σὺν
1498 4425 1645 4496 αὐτῷ
1675 4426 1768 4479 καὶ
1799 4425 1941 4480 κατά

2045 1947 2229 2001 minus
2260 1947 2490 2002 Domino
2523 1965 2645 2004 meo
2686 1969 2699 2004 :
2752 1971 2770 2003 ι
2820 1953 3028 2020 primus
3089 1952 3290 2021 quippe
3345 1953 3634 2006 universo-

2045 2051 2170 2090 rum
2204 2028 2348 2093 Deus
2381 2037 2547 2092 fuerit
2574 2057 2588 2104 ;
2621 2040 2896 2094 secundus
2921 2055 3051 2094 vero
3080 2037 3366 2102 Dominus,
3403 2037 3508 2116 qui.
3540 2052 3636 2090 au-

2044 2128 2145 2192 dit,
2184 2147 2202 2180 ι
2245 2127 2383 2184 Sede
2411 2144 2443 2184 a
2467 2129 2676 2186 dextris
2706 2133 2843 2186 meis
2859 2130 2926 2196 “,
2966 2150 2985 2182 ι
3021 2146 3175 2185 meus
3196 2129 3460 2184 Dominus
3490 2137 3575 2183 est
3611 2146 3628 2184 :

2044 2237 2234 2292 quare,
2272 2240 2292 2274 ‹
2338 2221 2484 2276 Dixit
2527 2221 2792 2280 Dominus
2824 2223 3054 2278 Domino
3077 2239 3219 2278 meo.
3253 2243 3274 2275 ι
3313 2221 3415 2276 Hic
3461 2222 3634 2292 igitur

2043 2312 2196 2367 illum
2235 2314 2480 2369 secundo
2510 2315 2632 2370 loco
2678 2317 2916 2386 poéitum
2944 2318 3061 2386 ipse
3098 2314 3370 2385 Propheta
3419 2314 3633 2384 signiti-

2042 2418 2176 2459 cans
2207 2403 2342 2458 dicit
2371 2423 2385 2459 :
2423 2423 2442 2456 ι
2482 2404 2770 2476 Ingressus
2798 2405 2891 2462 Dei
2916 2407 3045 2470 mei,
3081 2406 3228 2476 regis
3266 2406 3398 2472 mei,
3431 2406 3524 2476 qui
3546 2413 3634 2462 est

2044 2495 2100 2549 in
2137 2504 2352 2551 sancto.
2387 2495 2569 2550 iNam
2626 2512 2750 2552 cum
2799 2499 3084 2568 ingressus
3144 2497 3316 2552 videri
3367 2497 3513 2562 dico,
3561 2512 3634 2552 ne

2043 2587 2170 2656 quis
2195 2589 2471 2643 existimet
2502 2590 2888 2644 universorum
2913 2588 3008 2644 Dei
3047 2589 3172 2643 illos
3198 2604 3355 2654 esse;
3394 2589 3490 2644 sed
3534 2588 3632 2643 Dei

2043 2677 2184 2742 mei,
2218 2679 2363 2749 regis
2393 2679 2500 2734 mei
2543 2680 2830 2750 ingressus
2855 2688 3006 2735 sunt.
3042 2677 3241 2735 Verum
3267 2681 3396 2750 quia
3435 2699 3453 2732 ι
3492 2697 3634 2751 prae-

2042 2777 2310 2824 venerunt
2338 2770 2615 2841 principes
2644 2771 2926 2840 conjuncti
2954 2770 3340 2840 psallentibus,
3369 2771 3423 2824 in
3446 2771 3632 2826 medio

2038 2859 2458 2929 juvencularum
2517 2861 3046 2932 tympanistriarum.
3093 2881 3112 2913 ι
3169 2859 3234 2913 Hi
3298 2861 3444 2916 enim
3520 2861 3629 2932 ipsi

2043 2951 2322 3022 principes
2355 2953 2449 3022 qui
2487 2959 2892 3023 praevenerunt,
2921 2952 3037 3007 sive
3068 2952 3163 3022 qui
3204 2964 3430 3018 canunt,
3469 2961 3524 3006 et
3570 2954 3630 3007 in

2045 3040 2257 3114 Spiritu
2291 3052 2485 3100 sancto
2515 3043 2700 3098 futura
2725 3044 3120 3114 praenuntiant,
3147 3043 3516 3114 praeviderunt
3542 3044 3637 3104 in-,

1967 3183 2008 3238 Ο
2045 3153 2273 3208 gressus
2326 3136 2419 3192 Dei
2467 3137 2574 3192 mei
2625 3137 2769 3208 regis
2817 3136 2944 3192 mei.
3002 3136 3083 3190 llli
3131 3152 3303 3201 vero,
3351 3137 3633 3206 prophetae

2045 3243 2260 3298 nempe,
2293 3230 2596 3300 apostolos,
2625 3229 2719 3300 qui
2769 3236 2893 3299 post
2944 3243 3178 3295 venere,
3213 3237 3630 3298 przeverterunt.

2042 3320 2258 3377 Etenim
2316 3338 2443 3376 cum
2486 3322 2596 3376 duo
2629 3321 2785 3376 chori
2837 3319 3140 3376 Salvatoris
3194 3320 3370 3375 nostri
3414 3320 3632 3375 theolo-

2041 3412 2188 3484 giam
2239 3413 2556 3469 hominibus
2608 3413 2956 3478 tradiderint,
3003 3413 3095 3482 qui
3147 3412 3357 3482 primus
3402 3411 3629 3481 prodiit,

2041 3505 2398 3576 propheticus
2427 3505 2812 3578 chorus.erat;
2843 3504 2935 3574 qui
2969 3520 3098 3558 vero
3138 3504 3416 3558 secundus
3442 3517 3633 3558 acces-

2042 3596 2134 3660 sit,
2170 3597 2554 3666 apostolorum:
2577 3604 2633 3652 et
2650 3595 3046 3666 discipulorum
3075 3592 3278 3649 Christi
3305 3593 3510 3648 chorus
3535 3610 3632 3648 ex-

2042 3687 2204 3743 stitit.
2237 3687 2508 3744 Caeterum
2540 3689 2643 3743 visi
2677 3695 2809 3744 sunt
2854 3688 3138 3757 ingressus
3165 3687 3452 3741 memorati
3489 3685 3629 3756 Dei;

2042 3779 2159 3835 sive
2185 3779 2448 3848 apostolis
2478 3777 2700 3848 quidem
2731 3777 2833 3832 visi
2883 3785 3034 3841 sunt,
3064 3776 3159 3846 qui
3206 3792 3330 3846 qua:
3379 3776 3511 3830 olim
3559 3792 3632 3832 ex

2044 3871 2395 3942 praescientia
2437 3870 2804 3940 praenuntiata
2837 3869 3055 3926 fuerant
3104 3871 3238 3942 ipsis
3279 3870 3456 3926 oculis
3495 3884 3632 3924 con-

2044 3973 2362 4036 spexerunt.
2409 3965 2478 4020 lli
2517 3965 2702 4035 itaque
2750 3965 2954 4020 oculati
2989 3967 3272 4036 ingressus
3318 3965 3414 4021 Dei
3454 3975 3631 4023 testes

2044 4059 2198 4113 fuere
2229 4077 2243 4113 :
2279 4058 2428 4129 ipsos
2461 4064 2643 4111 tamen
2669 4064 3047 4126 praevenerunt
3077 4056 3352 4126 principes
3405 4057 3628 4126 quidam

2043 4151 2327 4221 conjuncti
2379 4148 2740 4221 psallentibus
2770 4167 2784 4204 :
2819 4147 2978 4218 queis
3055 4147 3438 4217 signiﬁcantur
3499 4163 3628 4202 cum

2044 4246 2161 4316 ipse
2201 4242 2394 4309 David,
2444 4251 2557 4296 tum
2615 4241 2654 4296 ii
2705 4242 2799 4311 qui
2851 4253 2959 4294 una
3017 4251 3139 4294 cum
3171 4253 3238 4294 eo
3289 4245 3423 4293 tunc
3457 4239 3630 4295 duces

2048 4333 2233 4406 populi
2265 4339 2442 4388 erant.
2495 4329 2560 4384 Hi
2595 4328 2879 4399 conjuncti
2934 4327 3300 4400 psallentibus
3347 4343 3628 4397 praevene-

2042 4428 2171 4474 runt
2193 4421 2248 4473 in
2265 4419 2444 4473 medio
2461 4419 2880 4488 juvencularum
2913 4417 3440 4487 tympanistriarum.
3466 4415 3628 4472 Tales

353 4519 479 4581 τοὺς
512 4518 712 4580 αὐτοὺς
757 4517 984 4589 χρόνους
1022 4519 1357 4590 ἡγουμένους
1387 4518 1482 4572 τοῦ
1529 4518 1694 4573 λαοῦ’
1745 4520 1940 4583 οἵτινες

2045 4521 2193 4567 certe
2222 4519 2379 4566 erant
2423 4509 2667 4564 Iudaicae
2696 4522 3005 4579 synagogas,
3046 4505 3383 4576 imperfecta:
3414 4506 3629 4562 scilicet

356 4611 604 4683 ἐχόμενοι
632 4609 740 4663 τῶν
789 4610 1101 4680 ψαλλόντων
1137 4611 1490 4683 προέφθασαν
1535 4614 1594 4665 ὲν
1636 4612 1789 4684 μέσῳ
1816 4628 1941 4668 νεα-

355 4702 514 4757 νίδων
542 4702 1006 4774 τυμπανιστριῶν.
1027 4702 1288 4756 Τοιαῦται
1318 4704 1376 4758 δὲ
1397 4699 1537 4775 ἦσαν
1562 4706 1620 4757 αἱ
1653 4703 1942 4757 Ἰουδαῖκαὶ

359 4795 695 4862 συναγωγαὶ,
725 4794 938 4858 ἀτελεῖς
965 4795 1060 4848 καὶ
1098 4795 1264 4848 εἰσέτι
1293 4798 1553 4863 νεάνιδες,
1595 4799 1753 4852 πλέον
1787 4799 1941 4852 οὐδὲν

357 4884 718 4955 ἐπιστάμεναι
763 4887 796 4958 ἢ
843 4886 1147 4956 τυμπάνοις
1190 4887 1428 4958 χρῆσθαι
1453 4894 1568 4953 τοῖς
1608 4891 1941 4960 σωματικοῖς

356 4977 606 5053 ὀργάνοις
643 4979 706 5030 ἐκ
744 4978 906 5048 δορᾶς
943 4977 1152 5046 νεκρῶν
1187 4977 1344 5042 ζώων
1387 4982 1934 5053 κατεσκευασμένοις.

355 5065 448 5121 Διδ
473 5067 898 5138 τυμπανίστριαι
926 5068 1194 5139 εἴρηνται,
1225 5066 1303 5138 τῷ
1331 5069 1496 5139 μηδὲν
1528 5069 1712 5140 ἕτερον
1739 5070 1940 5125 ειδέναι

356 5159 392 5232 ἥ
422 5160 492 5214 τά
526 5160 814 5231 σωματικά
843 5158 938 5213 τοῦ
961 5160 1128 5231 νόμου
1155 5161 1615 5233 παραγγέλματα.

377 5281 380 5284 ’
436 5292 456 5325 ι
497 5274 586 5326 Ἐν
628 5273 976 5344 Ἐκκλησίαις
1002 5274 1273 5344 εὐλογεῖτε
1302 5275 1393 5328 τὸν
1443 5274 1575 5328 Θεὸν
1619 5274 1823 5346 Κύριον
1877 5275 1945 5328 ἐκ

359 5364 553 5438 πηγῶν
597 5365 834 5437 Ἰσραήλ.
866 5386 884 5420 ι
945 5368 1100 5421 Μετά
1149 5370 1275 5432 τοὺς
1309 5367 1803 5440 προθεωρήσαντας
1845 5366 1945 5430 τὰς

358 5457 452 5512 τοῦ
508 5457 838 5528 δηλωθέντος
874 5458 1011 5512 Θεοῦ
1047 5459 1306 5531 πορείας,
1355 5459 1664 5521 ἀκολούθως
1704 5460 1733 5512 6
1787 5457 1946 5527 λόγος

359 5550 568 5621 ἑτέροις
596 5551 706 5603 τισὶ⁹
760 5549 898 5622 μετὰ
939 5553 1064 5615 τοὺς
1115 5551 1366 5623 πρώτους
1393 5551 1720 5622 γενομένους
1775 5567 1946 5623 προσ-

363 5644 530 5710 φωνεί
545 5641 719 5711 λέγων
738 5659 751 5673 ·
790 5663 809 5694 ι
851 5643 939 5697 Ἐν
964 5643 1288 5714 ἐκκλησίαις
1317 5643 1588 5714 εὐλογεῖτε
1610 5643 1705 5698 τὸν
1724 5642 1886 5699 Θεόν’
1915 5661 1935 5696 ι

431 5798 476 5830 ⁸⁸
496 5798 640 5854 Psal.
671 5813 782 5864 cu,
818 5799 872 5855 1.

2045 4610 2100 4660 et
2151 4601 2330 4656 adhuc
2368 4600 2695 4671 juvenculaa,
2731 4598 2883 4652 nulla
2939 4597 3045 4650 alia
3087 4596 3318 4650 scientia
3359 4594 3626 4665 praditte,

2045 4711 2211 4767 quam
2247 4701 2308 4748 ut
2329 4692 2603 4765 tympanis
2633 4691 2749 4747 sive
2776 4688 3058 4760 corporeis
3090 4687 3473 4742 instrumentis
3498 4695 3624 4741 ute-

2045 4797 2260 4852 rentur,
2307 4801 2372 4841 ex
2403 4794 2748 4840 mortuorum
2782 4782 3104 4837 animalium
3147 4780 3287 4850 pelle
3333 4778 3623 4834 confectis.

2044 4879 2228 4945 Quare
2288 4876 2688 4950 tympanistriae
2748 4875 3032 4938 dicuntur,
3092 4871 3240 4942 quod
3283 4870 3423 4926 nihil
3477 4869 3630 4926 aliud

2047 4980 2300 5038 nossent,
2324 4987 2489 5044 quam
2515 4983 2780 5040 corporea
2804 4967 2940 5038 legis
2963 4972 3258 5038 praecepta.

2118 5268 2289 5326 Vens.
2318 5267 2410 5333 27,
2437 5265 2526 5321 28.
2557 5283 2576 5316 σ
2604 5262 2663 5318 in
2697 5261 2957 5318 Ecclesiis
2985 5258 3290 5314 benedicite
3345 5254 3456 5311 Deo
3519 5253 3630 5311 Do-

2049 5360 2200 5414 mino
2230 5358 2299 5412 de
2345 5355 2590 5411 fontibus
2638 5354 2823 5409 Israel.
2864 5371 2883 5404 ι
2921 5350 2994 5404 De
3029 5351 3096 5404 iis
3137 5351 3354 5405 locutus
3394 5348 3488 5416 qui
3531 5345 3627 5401 Dei

2045 5453 2160 5524 jam
2208 5451 2495 5506 memorati
2546 5449 2834 5518 ingressus
2880 5444 3266 5515 praeviderant,
3331 5449 3455 5512 post
3504 5441 3632 5496 illos

2051 5547 2265 5620 primos
2295 5551 2696 5614 consequenter
2744 5540 2884 5595 alios
2917 5538 3208 5607 compellat
3236 5535 3425 5589 dicens
3454 5551 3468 5587 :
3501 5549 3520 5582 ι
3570 5534 3630 5591 ln

2037 5639 2298 5699 ecclesiis
2345 5634 2651 5692 benedicite
2702 5629 2833 5687 Deo.
2875 5651 2892 5683 ι
2927 5628 3066 5696 Quia
3108 5643 3238 5683 vero
3278 5626 3392 5680 hia
3423 5620 3633 5695 princi-
