2028 3205
206 184 254 211 7H

542 182 676 209 EUSEBII
697 180 936 209 CAiSAmENSlS
954 178 1030 208 OPP.
1050 179 1141 207 PARS
1161 180 1206 209 Ill.
1227 196 1257 201 —
1282 181 1488 210 EXEGETICA.

1793 175 1845 211 τῖε

208 243 288 278 pibus
313 241 367 269 illis
388 241 435 276 qui
465 245 657 276 prmvenerunt
688 241 791 268 diversi
819 240 995 275 erant;jure

1046 241 1093 267 καὶ
1105 241 1253 276 ἐπειδήπερ
1270 241 1358 277 ἕτεροι
1380 240 1449 277 ἦσαν
1462 239 1532 269 οὗτοι
1548 242 1623 277 παρὰ
1641 242 1703 273 τοὺς
1722 243 1845 277 προφοά-

206 293 295 316 coetus
313 288 421 315 illorum
438 287 573 315 ecclesias
590 290 681 319 vocat,
697 288 776 322 queis
789 287 930 321 prophetia
946 294 997 314 nec

204 335 323 362 nhscure
348 333 504 360 Servatoris
528 332 616 359 nostri
639 332 772 360 ecclesias
788 335 994 359 commemorat.

204 379 340 406 Jubeutur
353 385 435 413 porro
451 378 477 404 hi
496 377 610 404 secundi
624 397 632 409 ,
647 385 703 404 non
719 377 747 404 in
762 377 852 404 medio
865 377 997 411 iuvencu-

206 425 295 452 larum
319 423 588 459 tympanistriarum,
611 422 659 450 sed
685 423 714 450 in
737 422 863 450 ecclesiis
884 422 997 449 benedi-

204 478 267 498 cere
282 470 347 497 Deo.
362 470 429 503 Quis
454 470 490 497 sit
510 469 583 496 Deus
605 470 650 496 ille
666 477 728 496 mox
756 469 860 496 indicat.
888 469 994 500 dicens,

207 525 217 542 ι
236 516 362 543 Domino.
380 525 389 541 ι
410 515 487 542 Unde
499 523 566 543 vero
593 516 619 542 id
650 515 802 546 hauserint,
828 514 901 549 quod
918 522 995 549 opor-

204 567 260 591 teat
273 562 403 590 Ecclesiis
420 562 528 589 Domini
543 562 581 597 (l)
595 561 757 596 theologiam
769 561 887 594 tradere,
906 569 998 588 neces-

204 609 279 636 sario
307 608 425 643 explicat
447 608 490 635 bis
519 608 611 635 verbis
625 619 632 634 ;
647 616 657 633 ‹
676 607 791 634 Domino
815 607 849 635 de
871 607 994 635 fontibus

204 654 304 688 Israel,
324 664 333 681 ι
358 655 572 689 vulgaribusque
590 654 690 681 iterum
718 653 929 681 characterihus
951 653 996 680 hic

204 701 338 729 Dominus
352 701 525 736 exprimitur.
548 700 651 728 Fontes
665 708 730 727 vero
745 700 838 732 Israel,
856 699 996 735 propheti-

203 756 243 775 σω
267 747 416 783 Scriptura:
442 751 506 775 sunt
531 750 613 782 atque
629 747 670 774 lex
686 746 797 782 Moysis.
825 746 864 773 Ex
894 747 995 781 quibus

203 793 283 827 quasi
300 801 332 820 ex
344 792 477 823 fontibus,
491 800 539 827 per
555 792 653 819 hausta
678 791 711 819 de
735 790 878 818 Salvatore
901 795 996 818 nostro

204 839 375 870 testimonia,
394 839 510 866 secundi
525 838 564 865 illi
580 839 608 865 in
626 838 752 865 ecclesiis
770 838 932 865 benedicere
944 837 994 873 ipsi

200 885 341 921 jubentur.
355 884 456 912 Deinde
468 884 609 919 subjuagit
624 893 630 911 :
649 893 658 909 ι
679 883 717 911 lbi
734 884 876 919 Benjamin
900 884 994 912 adole-

1050 295 1149 319 σαντας
1165 288 1297 323 ἄρχοντας
1307 308 1314 320 ,
1340 288 1452 320 εἰκότως
1468 289 1516 315 καὶ
1538 288 1587 320 τὰς
1613 288 1738 320 συνόδους
1753 289 1844 315 αὐτῶν

1047 333 1196 368 ἐκκλησίας
1206 334 1349 365 ἀποκαλεῖ,
1368 335 1510 369 μονονουχὶ
1522 336 1614 369 γυμνῇ
1628 336 1661 370 τῇ
1677 334 1782 370 κεφαλῇ
1795 334 1844 366 τὰς

1046 379 1094 406 τοῦ
1115 380 1242 415 Σωτῆρος
1258 380 1337 415 ἡμῶν
1359 380 1507 416 ἐκκλησίας
1530 380 1771 416 προαγορευούσης
1794 381 1844 416 τῆς

1047 425 1225 461 προφητείας.
1245 424 1406 451 Κελεύονται
1424 425 1452 452 δὲ
1466 422 1539 451 οὗτοι
1557 426 1581 450 οἱ
1604 424 1726 460 δεύτεροι
1747 425 1798 451 οὑκ
1815 426 1845 451 ὲν

1049 472 1124 507 μέσῳ
1152 471 1279 498 νεανίδων
1295 471 1536 506 τυμπανιστριῶν,
1550 470 1607 497 ἀλλ’
1630 471 1659 497 ὲν
1683 470 1844 506 ἐκκλησίαις

1046 517 1168 551 εὐλογεῖν
1184 516 1229 543 τὸν
1247 517 1324 543 Θεόν.
1350 517 1404 543 Καὶ
1422 518 1498 542 ποῖον
1522 516 1599 548 Θεὸν,
1624 516 1704 543 πάλιν
1720 516 1843 550 ἐπιλέγει

1047 562 1122 597 ἑξῆς,
1141 572 1150 587 ι
1166 562 1279 598 Κύριον.
1296 573 1305 588 ι
1323 563 1379 589 Καὶ
1402 562 1484 588 πόθεν
1504 562 1672 598 ἀρυομένους
1694 563 1764 598 χρῆν
1783 563 1844 594 ταῖς

1046 608 1206 644 ἐκκλησίαις
1225 608 1274 644 τὴν
1295 608 1342 634 τοῦ
1369 607 1472 643 Κυρίου
1500 608 1677 644 παραδιδόναι
1704 608 1844 643 θεολογίαν

1045 655 1202 689 ἀναγκαίως
1234 655 1382 690 παρίστησι
1401 654 1505 689 λέγων’
1530 664 1541 680 ι
1559 654 1661 691 Κύριον
1690 655 1722 681 ἐκ
1746 655 1843 690 πηγῶν

1051 700 1179 736 Ἰσραὴλ,
1201 710 1210 726 ι
1236 702 1293 732 τοῖς
1312 700 1477 736 κοινοτέροις
1502 701 1676 736 χαρακτῆρσι
1703 700 1843 728 κάνταῦθα

1045 747 1128 773 πάλιν
1145 746 1192 773 τοῦ
1210 747 1314 782 Κυρίου
1331 747 1544 782 σημαινομένου.
1566 747 1657 782 Πηγαὶ
1682 746 1711 773 δὲ
1734 747 1842 783 Ἰσραὴλ

1046 793 1077 818 αἱ
1104 793 1271 829 προφητικαὶ
1296 793 1403 828 Γραφαὶ
1417 794 1608 828 τυγχάνουσιν,
1622 793 1640 828 ἦ
1658 802 1687 819 τε
1702 793 1842 824 Μωῦσέως

1045 839 1192 874 νομοθεσία
1202 847 1209 854 ·
1226 839 1256 872 ἐξ
1273 836 1309 866 ὧν
1321 838 1415 874 ὥσπερ
1430 839 1484 865 ἀπὸ
1503 838 1600 873 πηγῶν
1613 838 1780 874 ἁρυομένους
1792 838 1841 869 τὰς

1046 885 1113 920 περὶ
1139 884 1187 911 τοῦ
1203 885 1328 920 Σωτῆρος
1349 885 1427 920 ἡμῶν
1446 884 1598 920 μαρτυρίας
1622 884 1743 918 εὐλογεῖν
1761 883 1841 911 αὐτὸν

203 932 345 959 scentulus
380 932 409 958 in
439 931 540 958 mentis
563 938 690 958 excessu.
709 939 719 956 ι
737 929 792 957 Pro
818 930 866 957 illo
891 933 992 962 autem,

1046 931 1075 957 ὲν
1099 932 1159 962 ταῖς
1179 930 1339 966 ἐκκλησίαις
1365 932 1423 962 τοῖς
1445 930 1584 966 δευτέροις
1610 929 1840 966 παρακελεύεται.

205 987 215 1003 ε
233 978 281 1010 ibi,
294 987 304 1004 ι
318 977 499 1013 Symmachus
511 978 558 1009 ait,
572 986 581 1003 ι
596 977 642 1004 ubi
660 976 804 1011 Benjamin
822 977 969 1009 minimus;
982 986 991 1002 ο

202 1023 301 1058 Aquila
325 1030 390 1049 vero
410 1023 548 1055 similiter,
567 1031 577 1048 ‹
596 1023 633 1049 ibi
657 1022 798 1056 Benjamin
825 1021 927 1054 brevis,
943 1022 995 1048 im-

202 1076 303 1104 perans
322 1068 399 1103 ipsis.
420 1078 429 1094 ›
448 1068 591 1103 Benjamin
606 1076 669 1095 vero
682 1068 788 1102 junior,
807 1067 937 1094 minimus
948 1072 995 1094 aut

203 1116 382 1142 brevissimus
410 1114 512 1142 Paulus
537 1118 597 1142 erat
629 1114 739 1142 divinus
766 1114 925 1149 Apostolus,
961 1121 994 1141 ex

202 1162 274 1189 tribu
296 1161 448 1196 Benjamin,
468 1160 599 1188 Hebraeus
612 1168 647 1188 ex
662 1160 783 1188 Hebraeis
793 1181 800 1193 ,
816 1160 995 1194 quemadmo-

203 1208 267 1235 dum
282 1208 340 1242 ipse
365 1207 445 1234 docet
470 1207 513 1234 his
528 1207 621 1234 verbis
636 1216 645 1233 :
666 1216 676 1233 ι
695 1206 880 1234 Circumcisio
898 1211 995 1234 octavo

202 1254 256 1285 die,
274 1261 307 1281 ex
320 1261 419 1288 genere
436 1253 529 1284 Israel,
546 1253 582 1281 de
598 1254 672 1280 tribu
690 1253 846 1289 Benjamin,
863 1254 995 1282 Hebraeus
1008 1255 1014 1262 ⁵

202 1308 235 1326 ex
249 1299 370 1327 llebrasis
381 1299 413 1325 ⁸⁷.
437 1309 446 1325 ι
467 1298 565 1326 Iunior
581 1307 646 1327 vero
661 1299 773 1330 dicitur.
791 1300 850 1327 sive
865 1300 995 1327 minimus

202 1350 249 1373 aut
263 1346 365 1378 brevis,
381 1346 446 1381 quia
466 1346 492 1373 id
510 1346 568 1380 ipse
595 1346 717 1373 declarat
733 1346 828 1374 dicens
844 1356 852 1374 :
871 1356 881 1372 ι
900 1346 996 1374 Novis-

203 1394 274 1421 simo
299 1397 390 1420 autem
413 1392 537 1419 omnium
564 1392 643 1427 quasi
662 1393 788 1420 abortivo
811 1393 888 1420 visus
902 1397 944 1420 est
968 1396 996 1421 et

202 1439 270 1466 mihi
280 1439 314 1467 ⁸⁸,
332 1449 341 1465 ι
369 1439 422 1466 Pro
438 1439 484 1466 illo
501 1443 606 1471 autem,
627 1447 636 1464 ε
652 1439 680 1466 in
708 1439 810 1466 mentis
833 1447 961 1471 excessu,
982 1449 992 1465 θ

200 1486 321 1521 Aquila,
351 1494 361 1511 ι
389 1486 527 1520 imperans
554 1486 641 1521 ipsis;
661 1496 671 1512 ι
693 1486 848 1514 Theodotio
877 1492 970 1514 autem
986 1507 993 1519 ,

204 1541 213 1558 ι
233 1535 383 1567 praeceptor
405 1540 522 1566 eorum;
540 1542 549 1558 ι
572 1533 667 1567 quinta
690 1532 785 1565 editio,
813 1542 823 1558 ‹
850 1533 995 1561 instituen-

201 1582 268 1610 tem,
284 1588 293 1604 ι
328 1583 375 1605 aut
406 1587 415 1604 ‹
435 1578 590 1611 docentem,
607 1588 617 1605 ι
636 1579 809 1614 interpretati
836 1584 910 1607 sunt.
939 1579 995 1608 Nec

201 1625 297 1652 multis
326 1625 417 1652 verbis
437 1633 506 1660 opus
532 1625 566 1652 ad
590 1626 839 1660 comprobandum,
869 1631 993 1654 sanctum

201 1671 373 1706 ApoStolum,
391 1671 438 1705 qui
455 1670 597 1705 Benjamin
610 1675 736 1703 vocatur.
751 1670 884 1699 Ecclesiis
907 1672 995 1706 impe-

201 1723 274 1747 rare,
291 1723 441 1751 earumque
456 1719 652 1751 praecepmrem
670 1724 742 1743 esse.
767 1715 829 1744 Non
845 1717 921 1745 solus
942 1718 992 1744 ita-

200 1770 255 1797 que
270 1761 412 1796 Benjamin
429 1761 466 1789 ibi
481 1765 560 1794 erat,
574 1761 704 1789 videlicet
724 1762 752 1788 in
776 1761 908 1791 Ecclesiis
924 1762 992 1796 Dei;

201 1806 249 1834 sed
263 1807 345 1834 etiam
368 1815 377 1831 ι
396 1806 534 1842 principes
548 1805 619 1833 Iuda
633 1806 718 1833 duces
730 1814 836 1839 eorum,
853 1808 993 1844 principes

201 1853 343 1884 Zabulon,
374 1852 514 1887 principes
539 1852 695 1888 Nephthali.
716 1862 725 1878 ι
744 1852 793 1880 His
816 1861 898 1888 porro
923 1854 994 1882 indi-

201 1900 300 1923 cantur
317 1896 413 1930 reliqui
426 1897 554 1931 apostoli,
568 1904 685 1932 quorum
702 1897 747 1924 alii
761 1905 795 1925 ex
810 1899 885 1926 tribu
911 1898 992 1933 Juda,

202 1941 248 1968 alii
261 1948 295 1968 ex
306 1941 380 1968 tribu
391 1941 523 1974 Zabulon,
540 1942 587 1969 alii
601 1950 634 1969 ex
651 1942 724 1969 tribu
741 1942 888 1978 Nephthali
901 1950 992 1972 erant.

201 1987 293 2019 Quare
309 1987 407 2014 borum
424 1992 525 2015 terram
541 1994 674 2016 memorat
689 1989 809 2024 Spiritus
820 1994 933 2019 sanctus
945 1999 994 2027 per

200 2032 299 2060 Isaiam
328 2033 487 2068 prophetam
522 2034 645 2063 dicens:
667 2044 677 2060 ε
697 2034 781 2062 Terra
813 2035 937 2064 Zabulon
966 2041 994 2064 et

201 2086 273 2106 terra
294 2079 477 2115 Nephthalim,
501 2080 574 2107 viam
597 2081 683 2108 maris
696 2101 704 2112 ,
722 2085 798 2109 trans
832 2081 992 2114 Jordanem.

198 2124 309 2152 Galilzra
327 2126 450 2161 gentium
461 2126 494 2153 ".
514 2136 523 2151 ι
543 2126 602 2161 Ipse
616 2134 725 2162 quoque
752 2128 882 2156 Servatur
900 2132 994 2157 trans—

200 2171 260 2199 iens
282 2171 360 2206 juxta
384 2178 462 2199 mare
477 2171 606 2206 Galilaeze,
623 2173 726 2200 isthinc
751 2182 818 2202 suos
844 2174 994 2210 discipulos

199 2218 319 2245 vocavit.
349 2218 450 2253 Aperte
473 2219 565 2254 itaque
591 2219 672 2247 docet
702 2219 834 2248 Ecclesiis
859 2221 994 2256 imperare

1045 974 1113 1003 Εἶτα
1133 976 1269 1010 ἐπιλέγει·
1286 986 1295 1001 ι
1312 977 1386 1003 Ἐκεῖ
1399 976 1528 1011 Βενιαμὶν
1547 975 1680 1011 νεώτερος
1698 977 1727 1002 ἐν
1743 976 1842 1003 ἐκστά-

1047 1032 1097 1049 σει.
1115 1032 1124 1048 ι
1147 1023 1219 1049 Ἀντὶ
1236 1022 1265 1049 δὲ
1277 1022 1324 1049 τοῦ
1342 1032 1352 1048 ‹
1370 1024 1428 1049 ἐκεῖ
1440 1042 1447 1054 ,
1470 1032 1479 1048 ›
1497 1023 1511 1049 ὁ
1534 1021 1699 1058 Σύμμαχος,
1725 1032 1734 1048 ι
1753 1023 1820 1049 ὅπου
1834 1043 1841 1055 ,

1046 1069 1131 1104 φησὶ,
1161 1068 1290 1103 Βενιαμὶν
1324 1068 1338 1094 6
1368 1069 1549 1104 μικρότατος·
1572 1078 1581 1094 ι
1612 1068 1660 1094 καὶ
1684 1068 1699 1093 ό
1726 1068 1843 1101 ’Δκύλας

1045 1114 1146 1149 ὁμοίως
1157 1122 1164 1129 ·
1179 1123 1188 1139 ί
1207 1115 1289 1146 Ἐκεῖ,
1302 1115 1379 1149 φησὶ,
1393 1115 1523 1150 Βενιαμὶν
1536 1115 1550 1141 6
1562 1114 1674 1150 βραχὺς,
1684 1114 1843 1150 ἐπικρατῶν

1046 1159 1146 1186 αὐτῶν.
1166 1169 1175 1185 ι
1202 1160 1331 1195 Βενιαμὶν
1356 1160 1385 1187 δὲ
1406 1160 1537 1197 νεώτερος
1561 1161 1608 1188 καὶ
1635 1161 1798 1197 μικρότατος
1824 1161 1841 1196 ἢ

1047 1205 1215 1241 βραχύτατος
1231 1206 1337 1238 Παῦλος
1352 1204 1386 1242 ἦν
1396 1208 1410 1233 6
1424 1206 1495 1238 θεῖος
1518 1208 1688 1240 Ἀπόστολος,
1705 1207 1792 1243 φυλῆς
1803 1207 1842 1234 ὢν

1046 1253 1185 1287 Βενιαμὶν,
1214 1252 1340 1288 Ἐϐραῖος
1359 1253 1389 1285 ἐξ
1417 1253 1549 1289 Ἐϐραίων
1562 1273 1568 1285 ,
1591 1253 1681 1285 καθὼς
1703 1253 1785 1286 αὐτὸς
1803 1253 1842 1280 δι-

1046 1298 1139 1325 δάσκει
1163 1298 1268 1333 λέγων·
1298 1309 1307 1325 ‹
1330 1299 1470 1335 Περιτομὴ
1494 1300 1667 1335 ὀκταήμερος
1690 1300 1722 1326 ὲκ
1745 1300 1840 1333 γένους

1052 1345 1170 1381 Ἰσραὴλ,
1185 1345 1272 1380 φυλῆς
1295 1346 1443 1380 Βενιαμὶν.
1467 1345 1593 1381 Ἐϐραῖος
1615 1345 1644 1379 ἐξ
1668 1345 1808 1381 Ἐϐραίων.
1826 1354 1835 1371 ι

1046 1389 1186 1426 Νεώτερος
1200 1391 1229 1417 δὲ
1247 1390 1366 1426 εἴρηται,
1381 1390 1398 1426 ἢ
1415 1386 1590 1426 μικρότατὸς,
1607 1391 1623 1426 ἢ
1648 1391 1762 1427 βραχὺς,
1779 1392 1839 1418 ἐπεὶ

1047 1437 1094 1463 καὶ
1110 1436 1192 1468 αὐτὸς
1206 1436 1285 1463 τοῦτο
1296 1436 1416 1463 διδάσκει
1430 1436 1517 1470 λέγων
1528 1445 1535 1451 ·
1553 1445 1562 1462 ‹
1578 1436 1712 1472 Ὕστερον
1727 1437 1756 1463 δὲ
1772 1437 1839 1463 τεάν-

1046 1491 1099 1508 των
1118 1481 1215 1518 ὥσπερ
1232 1482 1271 1517 τῷ
1290 1481 1447 1518 ἐκτρώματι
1466 1481 1546 1517 ὤφθη
1571 1483 1666 1518 κάμοί.
1684 1492 1693 1508 ι
1722 1483 1795 1509 Ἀντὶ
1813 1483 1841 1510 δὲ

1045 1528 1110 1561 τοῦ,
1126 1537 1136 1554 ι
1150 1528 1179 1555 ἐν
1200 1528 1328 1555 ἐκστάσει
1341 1548 1349 1560 ,
1373 1537 1383 1554 ›
1400 1528 1415 1553 ὀ
1440 1528 1489 1563 μὲν
1507 1528 1638 1561 Ἀκύλας,
1660 1537 1669 1554 t
1686 1528 1841 1564 ἐπικρατῶν

1047 1572 1136 1600 αὐτῶν
1146 1582 1152 1587 -
1168 1581 1178 1598 ι
1194 1574 1208 1599 6
1222 1572 1250 1599 δὲ
1269 1572 1427 1604 Θεοδοτίων,
1443 1582 1452 1598 ί
1465 1574 1613 1609 παιδευτὴς
1633 1572 1736 1600 αὐτῶνθ
1756 1583 1765 1599 ι
1784 1575 1800 1609 ἡ
1814 1573 1842 1600 δὲ

1047 1619 1158 1655 πέμπτη
1170 1619 1284 1651 ἓκδοσις,
1300 1629 1309 1644 ι
1321 1619 1721 1656 παιδεύοντα,›ἢ,ιδιδάσκοντα
1734 1630 1743 1646 ι
1752 1621 1843 1656 ἡρμήη-

1045 1674 1154 1693 νευσαν.
1171 1666 1208 1692 Οὐ
1224 1665 1265 1692 δεῖ
1279 1666 1307 1693 δὲ
1322 1667 1388 1701 ἡμῖν
1404 1666 1534 1693 πλειόνων
1551 1666 1638 1700 λόγων
1653 1667 1694 1698 είς
1704 1666 1841 1699 ἀπόδειξιν

1044 1710 1091 1738 τοῦ
1108 1712 1220 1747 κρατεῖν
1241 1711 1295 1737 τῶν
1324 1711 1507 1746 Ἐκκλησιῶν,
1524 1712 1571 1738 καὶ
1586 1710 1732 1746 παιδευτὴν
1749 1711 1839 1738 αὐτῶν

1044 1755 1113 1784 εἶναι
1127 1758 1173 1784 τὸν
1188 1757 1261 1792 ἱερὸν
1275 1757 1434 1784 Ἀπόστολον
1447 1757 1575 1793 Βενιαμὶν
1588 1756 1838 1792 ὠνομασμένον.ού

1046 1803 1126 1838 μόνος
1143 1802 1172 1829 δὲ
1196 1803 1250 1838 ἄρα
1273 1804 1287 1830 6
1310 1803 1440 1838 Βενιαμὶν
1455 1801 1488 1838 ἦν
1508 1804 1580 1835 ἐκεῖ,
1597 1803 1698 1839 δηλαδὴ
1726 1803 1755 1829 ὲν
1778 1804 1841 1834 ταῖς

1051 1849 1225 1884 Ἐκκλησίαις
1240 1849 1287 1876 τοῦ
1303 1849 1381 1882 Θεοῦ,
1393 1850 1462 1877 ἀλλὰ
1485 1850 1531 1876 καὶ
1547 1859 1556 1875 t
1570 1850 1594 1876 οἱ
1609 1848 1738 1884 ἄρχοντες
1755 1847 1842 1875 Ἰούδα

1043 1895 1179 1930 ἡγεμόνες
1195 1895 1301 1927 αὐτῶν,
1325 1896 1395 1922 οἵτε
1421 1896 1552 1930 ἄρχοντες
1578 1893 1721 1922 Ζαϐουλὼν
1748 1894 1795 1920 καὶ
1816 1894 1842 1920 οι

1044 1942 1175 1976 ἄρχοντες
1190 1942 1357 1977 Νεφθαλείμ.
1374 1942 1505 1977 Σημαίνει
1520 1942 1547 1967 δὲ
1564 1943 1577 1967 ὀ
1589 1941 1666 1974 λόγος
1681 1940 1725 1966 διὰ
1739 1939 1842 1966 τούτων

1043 1988 1106 2018 τοὺς
1128 1987 1238 2019 λοιποὺς
1256 1987 1431 2019 ἀποστόλους,
1453 1985 1490 2013 ὧν
1505 1988 1527 2013 οἱ
1549 1987 1597 2021 μὲν
1614 1984 1683 2021 ἦσαν
1704 1987 1738 2012 ὲκ
1755 1986 1842 2021 φυλῆς

1050 2033 1145 2065 Ἰούδα,
1162 2035 1186 2059 οἱ
1201 2034 1228 2059 δὲ
1243 2035 1274 2059 ὲκ
1292 2034 1380 2068 φυλῆς
1393 2033 1537 2060 Ζαϐουλὼν
1551 2032 1598 2058 καὶ
1615 2031 1784 2066 Νεφῦαλείμ.
1796 2031 1842 2057 Διὸ

1043 2081 1092 2116 τῆς
1115 2082 1217 2108 τούτων
1238 2082 1374 2117 μέμνηται
1398 2080 1491 2115 χώρας
1514 2080 1544 2105 τὸ
1570 2079 1646 2112 ἅγιον
1665 2079 1779 2114 Πνεῦμα
1797 2077 1842 2105 διὰ

1050 2127 1161 2153 Ἡσαΐου
1172 2128 1221 2153 τοῦ
1236 2128 1374 2163 προφήτου
1393 2126 1487 2159 λέγον·
1504 2136 1512 2150 ι
1526 2125 1563 2160 Γῆ
1579 2124 1722 2151 Ζαϐουλὼν
1745 2124 1792 2151 καὶ
1805 2125 1841 2160 γῆ

1043 2174 1219 2209 Νεφθαλείμ,
1246 2174 1304 2200 ὁδὸν
1323 2173 1462 2206 θαλάσσης
1475 2192 1482 2204 ,
1503 2172 1591 2207 πέραν
1613 2170 1659 2196 τοῦ
1692 2171 1840 2206 Ἰορδάνου,

1043 2220 1172 2246 Γαλιλαία
1184 2219 1236 2245 τῶν
1251 2218 1345 2244 ἐθνῶν.
1354 2227 1362 2243 ι
1374 2218 1429 2244 Καὶ
1441 2217 1521 2248 αὐτὸς
1533 2217 1559 2243 δὲ
1573 2218 1586 2242 6
1597 2216 1701 2251 Σωτὴρ,
1714 2225 1841 2251 παραγα-

201 2264 290 2299 primo
316 2263 443 2296 Paulum,
470 2264 663 2293 brevissimum
679 2270 706 2293 et
722 2266 866 2294 minimum
878 2288 885 2300 ,
901 2274 933 2294 ac
945 2267 991 2302 ju-

1046 2267 1100 2300 γὼν
1117 2266 1192 2301 παρὰ
1205 2265 1254 2300 τὴν
1271 2265 1410 2291 θάλασσαν
1424 2264 1475 2298 τῆς
1488 2263 1644 2294 Γαλιλαίας,
1661 2264 1725 2294 τοὺς
1743 2262 1841 2289 ἑαυτοῦ

199 2311 305 2338 niorem
333 2310 440 2337 caeteris
460 2312 593 2346 apostolis
606 2331 614 2343 ,
630 2313 658 2340 in
680 2313 781 2340 mentis
806 2320 922 2340 excessu
943 2313 992 2340 ali-

199 2356 310 2391 quando
325 2357 458 2392 positum,
477 2357 587 2392 quando
602 2358 819 2393 persequebatur
840 2358 990 2387 Ecclesiam

200 2401 259 2434 Dei,
279 2399 394 2437 eamque
411 2404 546 2436 vastabat,
563 2404 621 2431 sive
646 2404 756 2439 quando
778 2405 806 2431 in
825 2405 991 2433 revelatione

199 2448 369 2476 Salvatorem
387 2449 471 2482 vidit;
487 2451 529 2478 Vel
546 2451 657 2485 quando
674 2455 769 2485 raptus
783 2452 864 2479 estin
882 2452 993 2487 paradi-

199 2501 259 2521 sum
276 2502 363 2529 usque
378 2495 410 2521 ad
426 2496 539 2522 tertium
550 2496 662 2523 coelum.
682 2495 749 2523 Post
773 2496 889 2524 Paulum
913 2505 991 2530 vero,

197 2545 313 2568 caeteros
336 2541 477 2576 apostolos
494 2550 503 2567 ‹
524 2541 572 2573 ibi,
593 2551 602 2567 ι
622 2542 728 2569 scilicet
744 2542 771 2569 in
792 2543 851 2578 ipsa
868 2543 992 2572 Ecclesia

197 2591 295 2615 ornate
322 2591 482 2615 versaturos
510 2587 686 2620 vaticinatur,
710 2589 905 2625 principesque
934 2590 993 2618 l'ore

199 2638 310 2662 nostros
324 2642 357 2661 ex
371 2634 444 2662 tribu
461 2634 542 2667 Iuda,
558 2642 591 2662 ac
606 2635 746 2670 principes
763 2636 898 2669 Zabulon,
916 2637 992 2672 prin-

199 2681 273 2715 cipes
290 2680 448 2716 Nephthali.
465 2680 494 2708 Si
511 2682 574 2718 quis
588 2689 655 2709 vero
677 2689 725 2717 per
752 2683 837 2710 otium
862 2688 991 2711 accurate

199 2727 384 2762 perquisierit,
408 2727 542 2762 cujusque
567 2728 683 2763 apostoli
719 2728 820 2756 tribum
846 2729 988 2764 reperiet:

234 2817 257 2834 ⁸⁷
271 2817 389 2853 Philipp.
415 2826 456 2851 Ill,
477 2818 505 2846 ες.
541 2817 585 2844 “l
599 2818 663 2846 Cor.
687 2827 732 2853 xv,
749 2819 777 2846 8.
815 2819 837 2835 "
851 2818 904 2846 lsa.
921 2826 960 2850 ιιι,
982 2818 1007 2845 1.

1048 2311 1172 2348 μαθητὰς
1186 2311 1291 2337 ἐνθένδε
1314 2310 1482 2337 ἀνεκαλεῖτο.
1499 2309 1596 2344 Σαφῶς
1612 2307 1659 2335 οὖν
1682 2309 1842 2343 ἐπικρατεῖν

1045 2358 1099 2385 τῶν
1120 2357 1287 2393 Ἐκκλησιῶν
1302 2357 1409 2393 πρῶτον
1426 2358 1474 2393 μὲν
1489 2357 1595 2384 Παῦλον
1609 2356 1655 2383 τὸν
1673 2356 1842 2391 βραχύτατον

1045 2405 1093 2431 καί
1108 2403 1286 2440 μικρότατον,
1304 2404 1351 2431 καὶ
1365 2403 1500 2430 νεώτατον
1513 2403 1569 2429 τῶν
1584 2402 1740 2429 ἀποστόλων
1754 2402 1841 2429 ἐδίδα-

1046 2449 1107 2483 ξεν,
1124 2451 1153 2475 ὲν
1179 2449 1307 2477 ἐκστάσει
1323 2450 1387 2478 ποτὲ
1408 2451 1571 2485 γενόμενον,
1600 2450 1645 2475 ὅτε
1672 2448 1767 2474 ἐδίωκε
1793 2448 1842 2484 τὴν

1052 2495 1216 2531 Ἐκκλησίαν
1232 2496 1278 2523 τοῦ
1296 2497 1381 2528 Θεοῦ,
1404 2496 1452 2523 καὶ
1469 2495 1579 2531 ἐπόρθει
1593 2494 1688 2529 αὐτὴν,
1711 2494 1729 2529 ἢ
1745 2494 1788 2520 ὅτε
1814 2495 1843 2522 ὲν

1045 2543 1215 2576 ἀποκαλύψει
1228 2543 1273 2570 τὸν
1290 2544 1406 2579 Σωτῆρα
1424 2542 1553 2569 τεθέατο·
1572 2541 1589 2577 ἢ
1606 2542 1650 2568 ὅτε
1670 2541 1783 2576 ἡρπάγη
1803 2541 1844 2572 εἰς

1045 2589 1091 2616 τὸν
1116 2589 1280 2625 παράδεισον
1302 2590 1354 2621 ἓως
1375 2589 1469 2625 τρίτου
1495 2587 1627 2625 οὐρανοῦ·
1655 2587 1724 2622 μετὰ
1753 2587 1780 2613 δὲ
1796 2586 1843 2615 τὸν

1047 2635 1153 2663 Παῦλον
1174 2636 1238 2667 τοὺς
1262 2636 1374 2667 λοιποὺς
1400 2634 1566 2665 ἀποστόλους
1582 2633 1641 2660 ἐκεῖ
1666 2633 1695 2658 ὲν
1718 2633 1750 2667 τῇ
1772 2632 1841 2666 αὐτῇ

1052 2682 1199 2718 Ἐκκλησία
1233 2682 1396 2718 διαπρέπειν
1423 2680 1564 2712 θεσπίζει,
1600 2679 1734 2715 ἄρχοντας
1763 2677 1843 2709 ὄντας

1045 2730 1197 2765 ἡμετέρους
1213 2730 1245 2756 ὲκ
1258 2728 1345 2764 φυλῆς
1365 2727 1461 2759 Ἰούδα,
1478 2728 1525 2754 καὶ
1545 2727 1679 2762 ἄρχοντας
1698 2721 1843 2758 Ζαῆουλῲν

237 2896 276 2931 (ι)
299 2895 328 2922 ιιι
352 2900 393 2924 cst
407 2916 414 2928 ,
440 2896 523 2924 Deum
539 2897 613 2924 illum
634 2906 689 2926 use
706 2897 733 2923 in
753 2895 871 2923 Ecclesia
889 2895 1044 2930 prwdicare.
