4056 6372
363 372 468 431 τιὸ

1489 357 1996 420 COMMENTARIA
2035 359 2101 414 IN
2143 357 2482 415 PSALMOS.

3503 356 3604 414 7H

357 493 455 548 καὶ
487 492 750 564 ἄρχοντας
791 489 1126 560 Νεφθαλείμ.
1172 489 1295 542 Ἐπὶ
1329 489 1521 560 σχολῆς
1548 489 1592 542 δ’
1633 489 1700 542 ἄν
1731 505 1814 550 τις
1847 505 1933 555 φι-

2039 500 2160 538 nam
2195 485 2370 539 cuivis
2405 481 2668 554 quaerenti
2694 482 2854 536 datur
2882 496 2914 538 a
2963 480 3250 539 Servatore
3294 484 3602 540 inveniendi

359 585 693 656 λοκαλήσας,
751 583 849 654 τὴν
901 581 1130 635 ἑκάστου
1191 581 1300 634 τῶν
1353 581 1664 634 ἀποστόλων
1716 581 1936 652 εὑρήσει
2041 577 2330 645 promissio
2351 576 2413 630 ⁵ο.

363 675 568 747 φυλήν·
625 673 746 726 ἐπεὶ
801 675 962 727 παντὶ
1011 673 1092 744 τῷ
1151 673 1398 745 ζητοῦντι
1449 674 1482 744 ἡ
1531 671 1632 742 τῆς
1672 672 1938 744 εὑρέσεως

359 767 567 821 δέδοται
590 765 694 818 ὑπὸ
712 766 806 818 τοῦ
841 765 1092 837 Σωτῆρος
1123 765 1442 833 ἐπαγγελία.

441 877 459 908 ι
489 857 778 920 Ἔντειλαι,
810 857 838 908 6
878 856 1028 920 Θεὸς,
1067 856 1163 927 τὴν
1192 855 1418 927 δύναμιν
1449 872 1562 920 σου,
1601 855 1936 925 δυνάμωσον,

2112 849 2275 904 Vens.
2309 848 2401 904 29.
2441 867 2459 898 ι
2501 845 2715 910 Manda,
2745 845 2910 910 Deus,
2943 845 3130 900 virtuti
3159 853 3303 910 tuae;
3345 846 3602 898 conﬁrma

361 955 390 1006 6
411 951 560 1014 Θεὸς,
586 951 744 1004 τοῦτο
760 949 788 1002 6
809 949 1158 1021 κατειργάσω
1183 950 1331 1020 ἡμῖν.
1356 968 1376 1000 ι
1404 949 1635 1001 Ἔπεται
1657 949 1750 1001 καὶ
1768 947 1936 1000 ταῦτα

2039 943 2163 1005 hoc,
2196 940 2360 1006 Deus,
2391 941 2536 1010 quod
2570 947 2827 1009 operatus
2861 955 2922 994 es
2958 939 3012 992 in
3045 937 3227 992 nobis.
3257 955 3276 988 ›
3313 935 3439 990 Ηωο
3468 952 3605 1006 prmo

361 1046 474 1106 τοῖς
522 1042 918 1114 προλεχθεῖσιν.
969 1039 1186 1110 Ἐπειδὴ
1227 1039 1335 1111 γὰρ
1372 1039 1725 1112 προφητικῶς
1773 1055 1939 1108 προσ-

360 1133 587 1186 έταττεν
617 1137 646 1186 6
682 1133 839 1201 λόγος
866 1135 977 1196 τοῖς
1005 1133 1324 1196 ἀποστόλοις
1346 1133 1404 1184 ἐν
1435 1132 1749 1203 ἐκκλησίαις
1785 1130 1937 1184 εὐλο-

2039 1033 2360 1088 cedentibus
2417 1039 2837 1086 connectuntur.
2898 1030 3038 1096 Quia
3091 1029 3235 1084 enim
3295 1029 3606 1098 prophetice

2039 1124 2352 1195 prazcipitur
2407 1123 2670 1193 apostolis
2717 1121 2772 1176 in
2825 1120 3077 1176 ecclesiis
3139 1118 3460 1173 benedicere
3502 1115 3606 1169 Do-

363 1225 482 1290 γεῖν
508 1225 598 1277 τὸν
629 1223 853 1295 Κύριον,
883 1224 978 1276 καὶ
1023 1224 1180 1276 τοῦτο
1219 1227 1389 1277 ποιεῖν
1432 1223 1504 1295 μὴ
1534 1223 1736 1295 ἐτέρων
1778 1222 1936 1276 τινῶν

2039 1219 2222 1284 mino,
2259 1217 2421 1288 idque
2461 1225 2720 1286 przcstare
2764 1229 2874 1268 non
2923 1213 3045 1267 aliis
3079 1211 3424 1267 sermonibus
3451 1225 3607 1265 exor-

360 1318 716 1388 ὁρμωμένους
767 1319 938 1388 λόγων
959 1359 973 1384 ,
1009 1319 1123 1372 ἀλλ’
1172 1321 1236 1372 ἐκ
1290 1319 1396 1373 τῶν
1448 1319 1636 1390 πηγῶν
1703 1317 1936 1388 Ἰσραὴλ,

2041 1325 2131 1364 sos
2156 1351 2169 1373 ,
2200 1310 2295 1364 sed
2328 1324 2392 1364 ex
2430 1308 2672 1362 fontibus
2727 1306 2928 1371 Israel;
2962 1311 3365 1374 consequenter
3401 1317 3503 1372 pro
3541 1303 3611 1357 iis

363 1409 672 1473 ἀκολούθως
710 1410 849 1482 ὑπὲρ
880 1409 1058 1463 αὐτῶν
1086 1410 1249 1482 εὐχὴν
1277 1411 1590 1481 ἀναπέμπει
1625 1410 1686 1463 τὸ
1715 1409 1936 1479 Πνεῦμα

2039 1400 2335 1455 orationem
2395 1399 2635 1469 Spiritus
2687 1395 3044 1468 propheticus
3089 1393 3338 1458 ell'undit,
3371 1394 3606 1448 dicens:

363 1500 424 1552 τὸ
450 1502 802 1572 προφητικὸν,
836 1505 1042 1570 φάσκον
1065 1521 1078 1533 ·
1106 1523 1124 1554 ‹
1156 1503 1445 1568 Ἔντειλαι,
1477 1505 1506 1556 6
1539 1502 1689 1568 Θεὸς,
1719 1503 1816 1573 τὴν
1842 1501 1935 1554 δύ-

364 1592 525 1664 ναμίν
571 1610 701 1646 σουο
739 1615 757 1647 ι
801 1596 934 1647 ὡσεὶ
978 1595 1308 1666 σαφέστερον
1360 1595 1541 1665 ἔλεγεν
1567 1611 1580 1623 ·
1645 1596 1937 1648 Ἐπισπευ-

367 1684 510 1738 σάτω
544 1685 576 1756 ἡ
603 1685 832 1757 δύναμίς
864 1703 980 1749 σου,
1018 1687 1111 1738 καὶ
1138 1687 1464 1759 συνεργείτω
1496 1689 1608 1750 τοῖς
1645 1687 1900 1760 ἀνδράσιν
1919 1703 1932 1717 ·

2043 1512 2062 1543 ι
2102 1492 2318 1558 Manda,
2349 1490 2513 1557 Deus,
2546 1490 2734 1544 virtuti
2763 1499 2912 1549 tuae;
2954 1507 2972 1539 ›
3013 1501 3076 1541 ac
3109 1487 3155 1541 si
3189 1486 3432 1555 apertius
3465 1486 3612 1538 dice—

2037 1591 2120 1639 ret
2157 1603 2170 1638 :
2205 1583 2448 1640 Festinet
2471 1583 2644 1637 virtus
2677 1589 2766 1635 tua
2791 1620 2804 1643 ,
2832 1580 3050 1650 illisque
3077 1578 3209 1632 viris
3235 1584 3558 1648 cooperetur
3584 1595 3600 1640 ;

2039 1677 2136 1731 sed
2184 1676 2268 1731 vel
2301 1689 2424 1730 sero
2459 1674 2679 1728 tandem
2732 1673 2936 1726 virtute
2987 1678 3080 1724 tua
3135 1685 3257 1740 quae
3297 1669 3611 1739 prophetire

362 1774 500 1829 ἀλλά
539 1776 632 1829 καὶ
655 1775 752 1848 ήδη
784 1778 914 1830 ποτὲ
940 1781 1005 1849 τῇ
1033 1777 1177 1848 ίσχύῗ
1205 1795 1296 1831 σου
1327 1777 1394 1830 δι’
1424 1777 1599 1850 ἔργων
1633 1779 1935 1850 χωρησάτω

2039 1768 2185 1823 dicta
2215 1774 2343 1823 sunt
2376 1782 2542 1837 apere
2569 1765 2948 1834 compleantur
2976 1781 2989 1816 :
3025 1769 3078 1814 ct
3109 1761 3212 1815 hoc
3256 1761 3433 1830 ipsum
3462 1760 3608 1830 quod

363 1867 431 1920 τὰ
461 1869 920 1940 προφητευόμενα
941 1887 954 1899 ⁸
991 1870 1262 1924 καὶτοῦτο
1292 1870 1349 1924 δὲ
1376 1869 1404 1923 6
1436 1872 1780 1942 κατειργάσω
1811 1872 1940 1941 ἡμῖν

362 1961 428 2029 τῇ
466 1963 530 2030 σῇ
559 1959 720 2031 βουλῇ
755 1961 1071 2034 προορίσας,
1109 1963 1202 2016 καὶ
1233 1963 1364 2015 αὐτὸ
1394 1963 1711 2033 δυνάμωσον
1733 1978 1750 1996 ·
1793 1963 1940 2025 ὅπως

362 2052 428 2119 τῇ
467 2053 532 2121 σῇ
560 2051 785 2126 δυνάμει
813 2053 993 2124 ἔργοις
1035 2053 1427 2126 ἐπιτελεσθείη.
1453 2054 1518 2106 Τί
1547 2055 1603 2107 δὲ
1631 2049 1698 2125 ἦν
1721 2053 1877 2107 τοῦτο
1904 2053 1936 2124 ἢ

362 2140 422 2192 τὸ
454 2139 581 2211 ἑξῆς
631 2143 1048 2214 ἐπιφερόμενον,
1091 2161 1109 2194 ι
1153 2143 1275 2195 Ἐπὶ
1317 2144 1408 2198 τὸν
1443 2143 1569 2197 ναόν
1603 2160 1696 2196 σου
1745 2142 1836 2196 τὸν
1882 2145 1942 2195 ἐν

371 2233 728 2306 Ἰερουσαλὴμ
767 2236 849 2287 σοὶ
876 2234 1084 2288 οἴσουσι
1122 2235 1364 2306 βασιλεῖς
1392 2236 1568 2308 δῶρα;
1602 2255 1621 2286 ι
1647 2235 1805 2289 τοῦτο
1833 2236 1939 2309 γὰρ

361 2325 492 2379 αὐτὸ
520 2326 986 2398 ἐπαγγειλάμενος
1026 2329 1159 2398 ἡμῖν
1189 2327 1503 2398 δυνάμωσον
1533 2327 1805 2397 γενέσθαι.
1837 2328 1941 2380 Βα-

365 2417 530 2482 σιλεῖς
565 2418 623 2472 δὲ
665 2417 753 2473 διά
780 2418 938 2472 τοῦτο
971 2420 1027 2472 αἱ
1080 2418 1346 2489 βασιλεῖαι
1385 2420 1486 2490 τῆς
1517 2421 1622 2490 γῆς
1671 2420 1936 2491 εἴρηνται,

359 2506 468 2561 τῶν
489 2507 659 2562 ἐθνῶν
679 2510 934 2563 ἁπάντων
956 2511 1143 2564 τοῦτον
1174 2513 1586 2583 σημαινομένων
1604 2512 1696 2567 τὸν
1717 2513 1934 2584 τρόπον.

359 2597 515 2662 Νεὼς
551 2598 610 2651 δὲ
635 2600 694 2651 ἐν
733 2599 1106 2670 Ἰερουσαλὴμ,
1136 2601 1219 2670 ἐφ’
1246 2601 1305 2653 ὃν
1335 2601 1403 2654 τὰ
1436 2601 1584 2673 δῶρα
1623 2601 1860 2655 οἴσουσιν
1888 2603 1936 2654 οἱ

362 2691 621 2760 βασιλεῖς,
651 2691 758 2744 οὐδ’
789 2692 977 2763 ἕτερος
1028 2691 1094 2744 ἂν
1133 2692 1217 2762 εἴη
1250 2692 1350 2762 τῆς
1397 2692 1674 2763 βασιλείας
1715 2692 1822 2746 τῶν
1850 2693 1939 2744 ού-

365 2782 574 2856 ρανῶν’
632 2784 790 2855 εἰπερ
842 2786 1000 2855 ῐσμεν
1060 2784 1412 2856 Ἰερουσαλὴμ
1461 2786 1820 2855 ἐπουράνιον,
1870 2786 1937 2856 ἣν

359 2874 562 2939 ἔδειξεν
598 2875 629 2927 6
663 2875 864 2929 είπώνδ
906 2895 924 2928 ι
959 2877 1022 2929 Ἦ
1054 2877 1109 2929 δὲ
1142 2877 1254 2930 ἄνω
1297 2877 1650 2949 Ἰερουσαλὴμ
1675 2878 1937 2951 ἐλευθέρα

359 2967 528 3032 ἐστὶν,
556 2969 678 3038 ἥτις
698 2968 815 3020 ἐστὶ
848 2969 1030 3040 μήτηρ
1049 2971 1080 3039 ἡ
1090 2968 1235 3040 μῶν·
1264 2987 1284 3020 ι
1305 2970 1419 3032 καὶ,
1450 2987 1469 3020 ι
1496 2969 1936 3043 Προσεληλύθατε

359 3056 502 3112 Σιὼν
524 3058 641 3130 ὄρει
674 3059 767 3110 καὶ
792 3057 943 3110 πόλει
966 3059 1101 3112 Θεοῦ
1131 3058 1352 3124 ζῶντος,
1397 3061 1752 3132 Ἰερουσαλὴμ
1776 3062 1938 3114 ἐπου-

2042 1867 2300 1931 Operatus
2340 1874 2400 1913 es
2441 1859 2494 1911 in
2546 1857 2706 1911 nobis
2753 1862 3042 1925 postquam
3086 1853 3332 1906 luturum
3362 1867 3485 1906 esse
3515 1869 3611 1902 vn-

2044 1954 2252 2007 luntate
2279 1961 2369 2005 tua
2411 1949 2722 2010 delinieras,
2756 1949 3019 2001 conﬁrma
3047 1984 3062 2006 ,
3095 1951 3154 1997 ut
3201 1950 3470 2014 potestate
3521 1951 3611 1995 tua

2041 2058 2129 2097 res
2164 2042 2282 2113 ipsa
2327 2038 2662 2109 perﬁciatur.
2693 2035 2833 2102 Quid
2886 2044 3065 2090 autem
3103 2035 3246 2089 aliud
3289 2031 3423 2087 illud
3469 2043 3609 2090 erat.

2040 2149 2203 2207 quam
2235 2133 2288 2188 id
2318 2131 2465 2202 quod
2491 2129 2759 2200 sequitur,
2800 2146 2819 2178 ι
2857 2127 2936 2181 Ad
2966 2127 3224 2197 templum
3260 2135 3410 2180 tuum
3442 2123 3495 2177 in
3518 2123 3611 2177 Je-

2040 2229 2279 2284 rusalem
2324 2225 2423 2279 tibi
2477 2222 2706 2278 otl‘erent
2754 2235 2910 2292 reges
2941 2220 3212 2275 munera?
3252 2239 3269 2270 ι
3310 2217 3432 2272 Hoc
3468 2218 3613 2272 enim

2041 2323 2218 2393 ipsum
2244 2317 2390 2389 quod
2426 2316 2586 2371 nobis
2619 2314 2920 2385 promisisti
2967 2312 3248 2377 conﬁrma,
3288 2319 3348 2365 ut
3379 2311 3610 2365 eveniat.

2043 2414 2216 2484 Reges
2247 2418 2428 2465 autem
2457 2422 2622 2477 regna
2671 2415 2831 2461 terra:
2875 2404 3209 2474 signiﬁcant,
3245 2417 3352 2472 qua
3401 2402 3614 2456 ratione

2041 2504 2309 2559 universae
2330 2507 2518 2571 gentes
2552 2496 2883 2552 indicantur.
2915 2495 3200 2566 Templum
3229 2501 3411 2548 autem
3440 2493 3494 2546 in
3523 2491 3616 2546 Jc-

2040 2595 2302 2656 rusalem,
2356 2606 2466 2662 quo
2516 2588 2763 2644 deferent
2816 2602 2977 2657 reges
3029 2599 3277 2650 munera,
3311 2601 3419 2641 non
3463 2584 3613 2638 aliud

2041 2686 2203 2742 fuerit
2237 2699 2400 2754 quam
2431 2695 2655 2752 regnum
2690 2680 2976 2735 caelorum.
3028 2677 3288 2739 Novimus
3340 2676 3611 2746 siquidem

2038 2777 2339 2833 Jerusalem
2370 2777 2646 2831 cmlestem
2703 2786 2866 2842 quam
2919 2770 3178 2825 indicavit
3222 2769 3495 2839 quispiam
3525 2767 3615 2821 his

2041 2871 2263 2926 verbis:
2294 2887 2313 2920 ι
2344 2868 2418 2922 Ea
2462 2882 2594 2922 vero
2638 2880 2759 2938 quae
2802 2878 3023 2920 sursum
3068 2871 3154 2918 est
3183 2860 3508 2926 Jerusalem,
3545 2859 3614 2912 li—

2040 2965 2169 3019 bera
2199 2969 2304 3026 est,
2337 2977 2457 3032 qua:
2485 2967 2569 3016 est
2622 2967 2796 3014 mater
2840 2969 3026 3012 nostra
3046 2958 3088 2988 ⁸³
3117 2974 3131 3023 ;
3176 2977 3195 3007 ι
3228 2962 3282 3009 et
3311 2973 3324 3008 :
3354 2971 3373 3004 ι
3419 2953 3617 3007 Acces-

2039 3052 2193 3108 sistis
2240 3051 2307 3104 ad
2353 3050 2487 3104 Sion
2535 3056 2777 3103 montem
2821 3056 2874 3101 et
2914 3045 3192 3100 civitatem
3242 3043 3338 3100 Dei
3380 3043 3616 3099 viventis

365 3151 555 3222 ρανίῳ.
590 3170 608 3202 ι
664 3151 881 3223 Ταύτης
935 3146 1026 3204 οὖν
1075 3152 1176 3223 τῆς
1227 3153 1548 3226 ἐπουρανίου
1594 3155 1802 3219 πόλεως
1848 3156 1936 3210 τοῦ

2044 3144 2346 3200 Jerusalem
2379 3144 2658 3198 cmlestem
2681 3141 2746 3194 δ’.
2786 3159 2804 3192 ι
2838 3138 2991 3206 Quod
3018 3139 3183 3211 igitur
3204 3139 3259 3193 in
3291 3139 3382 3192 illa
3404 3137 3614 3193 ccclesti

364 3242 501 3296 Θεοῦ
527 3242 589 3295 τὸ
619 3242 895 3315 ἐξαίρετον
929 3243 1023 3296 καὶ
1056 3243 1328 3297 ἀνώτατον
1358 3245 1452 3297 καὶ
1477 3247 1721 3316 κρεῖττον
1746 3249 1776 3300 6
1809 3245 1936 3309 νεώς

2047 3232 2139 3289 Dei
2187 3234 2406 3288 civitate
2457 3231 2828 3302 praestantius,
2875 3229 3166 3285 sublimius
3204 3236 3259 3283 et
3298 3228 3494 3282 melius
3520 3226 3607 3280 ιιι-

356 3337 471 3389 ἐστι
496 3335 589 3388 τοῦ
625 3336 780 3389 Θεοῦ.
825 3337 945 3388 Ἐπὶ
974 3336 1161 3390 τοῦτον
1192 3337 1369 3392 τοίνυν
1396 3338 1486 3391 τὸν
1519 3338 1654 3392 νεών
1681 3355 1797 3402 σου,
1835 3357 1941 3410 φη-

357 3427 462 3493 σὶν,
516 3428 597 3480 σοι
643 3428 847 3481 οἴσουσι
880 3429 1120 3497 βασιλεῖς
1165 3428 1342 3500 δῶρα·
1385 3432 1433 3484 οἱ
1485 3430 1583 3502 τὴν
1627 3430 1816 3502 λοιπὴν
1848 3430 1941 3504 δη-

355 3517 487 3589 λαδὴ
521 3518 674 3570 πόλιν
699 3519 799 3589 τὴν
829 3518 1146 3588 ἐπουράνιον
1191 3520 1468 3583 οἰκοῦντες
1499 3521 1736 3592 βασιλεῖς
1767 3522 1937 3588 ὅντες,

354 3609 444 3662 διὰ
470 3609 531 3661 τὸ
555 3609 927 3679 κατηξιῶσθαι
956 3610 1056 3678 τῆς
1087 3610 1366 3678 βασιλείας
1387 3613 1495 3665 τῶν
1541 3614 1806 3685 οὐρανῶν,
1846 3615 1940 3667 καὶ

354 3699 444 3753 διὰ
472 3697 630 3751 τοῦτο
653 3698 1067 3767 συμϐασιλεύειν
1088 3700 1165 3769 τῷ
1190 3702 1400 3755 ἑαυτῶν
1431 3703 1640 3773 Κυρίῳ.
1677 3722 1695 3754 ι
1735 3704 1798 3755 Εἰ
1832 3704 1939 3774 γὰρ

359 3787 799 3860 συναπεθάνομεν
821 3829 836 3853 ,
866 3789 960 3842 καὶ
1008 3788 1314 3862 συζήσομεν
1340 3833 1354 3856 ,
1385 3794 1484 3845 καὶ
1513 3795 1562 3845 εί
1596 3795 1939 3864 ὑπομένομεν

355 3881 509 3946 Θεὸν,
545 3883 636 3935 καὶ¹
675 3880 1194 3952 συμϐασιλεύσομεν.
1234 3901 1252 3933 ι
1279 3877 1437 3936 Οὗτοι
1467 3879 1560 3937 οὖν
1599 3885 1649 3936 οἱ
1678 3883 1935 3953 βασιλεῖς,

352 3979 430 4045 ὡς
461 3979 526 4034 ἂν
558 3979 661 4033 ὑπὸ
713 3979 932 4050 μεγάλῳ
971 3977 1220 4050 ἀρχιερεῖ
1254 3976 1332 4046 τῷ
1365 3977 1660 4045 Μονογενεί
1684 3973 1778 4028 τοῦ
1803 3975 1936 4028 Θεοῦ

355 4073 813 4146 λειτουργοῦντες,
844 4074 1006 4142 ἱερεῖς
1027 4089 1087 4124 τε
1111 4069 1282 4133 ὄντες,
1310 4070 1404 4122 καὶ
1426 4069 1578 4123 αὐτοὶ
1605 4069 1752 4141 δῶρα
1778 4085 1940 4139 προσ-

352 4167 591 4220 οίσουσιν
622 4168 703 4229 είς
743 4165 834 4218 τὸν
868 4164 994 4218 ναὸν
1033 4163 1198 4217 αὑτοῦ
1226 4164 1318 4216 τὸν
1349 4162 1689 4233 ἐπουράνιον,
1723 4178 1936 4214 συνεισι

356 4260 637 4332 ερχόμενοι
677 4258 756 4329 τῷ
795 4257 1015 4330 μεγάλῳ
1046 4254 1311 4330 ἀρῇιερεῖ.
1341 4257 1529 4318 Ὅπως
1563 4253 1621 4306 δέ
1653 4253 1810 4307 τοῦτο
1842 4252 1936 4320 γέ-

354 4372 510 4427 νηται
538 4355 630 4407 καὶ
657 4353 721 4405 δι’
748 4351 924 4422 ἔργων
948 4353 1299 4423 προχωρήσῃ,
1328 4345 1640 4417 ἀναγκαίως
1665 4345 1937 4416 ἐπηύξατο

355 4446 552 4500 εἰπών·
591 4464 609 4496 ι
649 4442 938 4504 Ἐντείλαι,
969 4444 998 4494 6
1031 4441 1186 4504 Θεὸς,
1228 4439 1326 4512 τὴν
1363 4437 1588 4508 δύναμίν
1622 4452 1738 4500 σου,
1779 4436 1936 4489 δυνά-

358 4555 569 4608 μωσον,
613 4538 641 4588 6
674 4531 824 4600 Θεὸς,
858 4534 1015 4588 τοῦτο
1047 4534 1076 4587 ὃ
1115 4531 1460 4604 κατειργάσω
1504 4531 1653 4601 ἡμῖν.
1691 4547 1710 4580 ι

433 4648 452 4680 ι
474 4627 827 4698 Ἐπιτίμησον
841 4629 954 4690 τοῖς
972 4620 1180 4698 θηρίοις
1194 4624 1288 4678 τοῦ
1307 4623 1574 4693 καλάμου.
1589 4622 1826 4690 »Ὥσπερ
1843 4617 1938 4689 ηὖ-

356 4723 486 4789 ξατο
505 4719 832 4790 συνεργῆσαι
845 4721 958 4783 τοῖς
970 4717 1344 4790 προλεχθεῖσιν
1356 4714 1541 4768 εἰπών’
1564 4731 1582 4764 ι
1597 4711 1885 4769 Ἔντειλαι,
1909 4713 1937 4764 ὁ

354 4815 505 4880 Θεὸς,
535 4814 632 4887 τὴν
658 4808 885 4884 δύναμίν
908 4827 1021 4864 σου’
1050 4829 1068 4862 ›
1093 4811 1186 4863 καὶ¹
1204 4808 1580 4878 «Δυνάμωσον,
1599 4803 1791 4868 ὁΘεὸς,
1817 4803 1936 4856 τοῦ-

353 4906 454 4962 τοὸ
481 4907 827 4978 κατειργάσω
841 4905 974 4976 ἡμῖν
993 4915 1008 4934 ⁵
1044 4923 1062 4955 ι
1089 4903 1232 4956 οὕτω
1249 4900 1410 4954 πάλιν
1435 4897 1648 4970 εῦχεται
1668 4898 1736 4951 τά
1757 4895 1900 4950 κωλύ
1917 4927 1934 4935 -

359 5017 503 5070 ματα
530 4991 772 5052 ἐκποδὼν
800 4996 1031 5069 ἀρθῆναι
1071 4995 1135 5048 ἐκ
1181 4993 1368 5063 μέσου,
1396 4991 1543 5046 ὅπως
1589 4987 1879 5052 ἀκωλύτως
1907 4989 1934 5040 6

352 5093 510 5162 λόγος
559 5089 851 5164 διαδράμῃ.
901 5084 1153 5160 Συνεώρα
1200 5083 1309 5155 γὰρ
1352 5081 1416 5154 τῇ
1461 5081 1764 5153 προγνώσει
1807 5081 1934 5142 τοὺς

317 5239 325 5246 ,
356 5170 644 5255 μέλλοντας
689 5177 1076 5236 ἐπανίστασθαι
1117 5177 1194 5248 τῷ
1239 5172 1577 5244 εὐαγγελικῴ
1617 5165 1930 5245 κηρύγματι

351 5279 622 5350 διωγμοὺς
649 5276 743 5330 καὶ
767 5276 892 5337 τοὺς
927 5271 1149 5344 νοητοὺς
1186 5269 1380 5340 θῆρας,
1409 5261 1483 5320 ὧν
1509 5263 1707 5336 ηὔχετο
1735 5263 1934 5336 ῥυσθῆ-

353 5387 440 5422 ναι
471 5371 499 5422 6
521 5367 716 5421 εἰπών’
756 5383 774 5416 ι
813 5363 904 5434 Μὴ
938 5359 1194 5433 παραδῷς
1237 5361 1350 5420 τοῖς
1393 5354 1602 5427 θηρίοις
1639 5352 1815 5423 ψυχάς
1849 5351 1933 5416 ἐξ-

354 5459 790 5532 ομολογουμένας
854 5472 968 5508 σοι’
1011 5473 1030 5505 ι
1067 5451 1230 5525 θηρία
1273 5451 1330 5505 δὲ
1387 5447 1633 5517 καλάμου
1687 5444 1928 5514 νοήσεις,

357 5555 542 5625 μαθὼν
570 5551 678 5607 ἀπὸ
704 5549 795 5604 τοῦ
836 5547 954 5601 ’1ὼὸ
985 5548 1133 5610 ὅπως
1158 5545 1369 5615 εἴρηται
1402 5539 1506 5594 ὑπό
1532 5538 1627 5592 τοῦ
1649 5535 1891 5590 διαϐόλου
1913 5547 1926 5562 ⁵

358 5667 377 5700 ι
430 5645 566 5701 Ὑπὸ
594 5641 908 5700 παντοδαπά
949 5639 1141 5710 δένδρα
1188 5634 1466 5707 κοιμᾶται,
1502 5629 1652 5685 moi
1680 5627 1930 5681 πάπυοον

2042 3327 2220 3391 betur,
2254 3325 2514 3396 templum
2559 3324 2653 3379 Dei
2682 3333 2785 3379 est.
2831 3325 2888 3377 In
2914 3323 3017 3376 hoc
3043 3320 3246 3391 templo
3267 3329 3383 3385 tuo,
3415 3319 3614 3390 inquit,

2043 3419 2140 3474 tibi
2202 3418 2432 3474 oll‘erent
2482 3432 2638 3487 reges
2719 3413 3110 3484 munerazqui
3176 3413 3389 3467 scilicet
3452 3412 3617 3465 aliam

2042 3509 2190 3563 illam
2244 3509 2520 3562 civitatem
2578 3507 2857 3561 caelestem
2917 3503 3204 3565 incolunt,
3256 3517 3386 3556 vere
3434 3515 3613 3570 reges,

2040 3603 2168 3672 quia
2243 3616 2412 3670 regno
2489 3599 2750 3653 caelorum
2833 3596 3040 3667 dignati
3130 3600 3306 3660 sunt;
3385 3592 3616 3662 ideoque

2042 3709 2147 3747 una
2210 3708 2334 3748 cum
2409 3691 2640 3746 Domino
2693 3705 2795 3745 suo
2854 3697 3102 3760 regnant.
3143 3706 3163 3738 ι
3198 3685 3335 3741 Nam
3377 3686 3424 3742 si
3465 3700 3618 3740 com-

2039 3785 2240 3840 mortui
2271 3799 2496 3849 sumus,
2549 3791 2604 3838 et
2651 3784 3020 3848 convivemus,
3083 3788 3138 3836 et
3171 3781 3219 3836 si
3278 3781 3616 3837 sustinemus

2038 3873 2209 3929 Deum
2261 3883 2313 3928 et
2366 3871 2822 3941 conregnabimus
2844 3871 2912 3923 ".
2949 3889 2968 3920 ι
3008 3869 3072 3922 lli
3109 3869 3290 3937 itaque
3317 3881 3492 3936 reges,
3529 3878 3618 3920 ut-

2039 3974 2162 4034 pote
2190 3965 2282 4034 qui
2311 3965 2415 4019 sub
2448 3977 2644 4032 magno
2671 3962 3014 4015 sacerdotum
3050 3959 3296 4028 principe
3325 3957 3618 4026 Unigenitu

2038 4056 2134 4112 Dei
2165 4055 2528 4110 ministerium
2555 4054 2772 4115 obeant,
2800 4060 2855 4105 et
2886 4050 3200 4106 sacerdotes
3223 4049 3356 4111 sint,
3389 4062 3617 4102 munera

2037 4155 2091 4203 et
2124 4145 2227 4216 ipsi
2257 4145 2311 4199 in
2343 4143 2603 4213 templum
2651 4142 2769 4211 ejus
2799 4140 3020 4195 caeleste
3059 4136 3308 4198 alferent,
3334 4150 3443 4190 uua
3487 4148 3614 4189 cum

2038 4252 2238 4309 magno
2268 4234 2614 4292 sacerdotum
2645 4231 2892 4303 principe
2942 4231 3302 4285 introeuntes.
3336 4227 3407 4281 Ut
3432 4237 3616 4283 autem

2041 4331 2142 4384 hoc
2170 4330 2263 4382 ﬁat
2290 4333 2344 4382 et
2370 4340 2535 4395 opere
2563 4323 2924 4393 compleatur.
2961 4319 3280 4376 neceSsario
3313 4319 3394 4375 sic
3423 4332 3619 4387 preca-

2039 4427 2126 4474 tus
2152 4426 2236 4474 est
2263 4435 2278 4472 :
2315 4433 2335 4467 ι
2367 4413 2585 4481 Munda,
2618 4411 2782 4476 Deus,
2818 4410 3009 4466 virtuti
3031 4416 3138 4464 tuaD
3159 4427 3173 4469 :
3193 4408 3457 4463 conﬁrma
3485 4407 3612 4472 hoc,

1969 4493 2013 4554 Ῑ)
2041 4503 2385 4579 Βοιιε,ὀιιοιι
2416 4513 2676 4576 operatus
2701 4519 2761 4560 es
2791 4503 2846 4558 in
2872 4502 3054 4558 nobis.
3089 4520 3109 4553 ι

2111 4601 2279 4658 Vens.
2312 4599 2498 4656 51-55.
2545 4615 2563 4648 ι
2603 4597 2826 4666 Increpa
2864 4593 3006 4650 feras
3035 4593 3343 4648 arundinis.
3375 4591 3615 4658 iQuem-

2039 4694 2331 4750 admodum
2374 4701 2630 4761 precatus
2679 4689 2878 4752 fuerat,
2917 4695 2977 4740 ut
3025 4685 3318 4756 praedictos
3364 4683 3617 4739 homines

2039 4788 2324 4859 adjuvaret
2355 4767 2544 4842 dicens
2589 4803 2602 4837 :
2659 4800 2678 4832 ι
2704 4781 2922 4843 Munda,
2971 4779 3135 4842 Deus,
3165 4777 3357 4830 virtuti
3415 4784 3556 4840 tuae;
3589 4795 3607 4825 ι

2038 4889 2092 4937 et
2113 4921 2128 4943 ,
2166 4900 2184 4932 ι
2205 4879 2486 4935 Conﬁrma
2511 4877 2636 4940 hoc,
2666 4871 2833 4936 Deus,
2865 4870 3011 4942 quod
3041 4877 3300 4941 cperatus
3330 4883 3391 4923 es
3423 4868 3477 4921 in
3512 4883 3615 4922 no-

2040 4975 2160 5039 bis;
2187 4993 2206 5024 ι
2243 4969 2325 5028 sic
2354 4969 2517 5024 modo
2551 4975 2827 5038 precatur,
2862 4972 2923 5018 ut
2955 4963 3142 5018 obices
3183 4959 3251 5016 de
3288 4961 3470 5015 medio
3511 4959 3616 5014 tol-

2040 5069 2242 5131 lantur,
2304 5071 2358 5120 et
2419 5063 2538 5119 sine
2599 5058 2987 5128 impedimento
3053 5057 3234 5110 sermo
3300 5061 3606 5124 percurrat.

2039 5159 2387 5217 Praescientia
2416 5158 2615 5227 quippe
2639 5160 2865 5209 noverat
2896 5166 2990 5207 eas
3017 5164 3139 5218 quae
3169 5147 3436 5202 adversus
3467 5161 3621 5216 prae—'

2037 5253 2367 5308 dieationem
2411 5244 2778 5316 evangelicam
2815 5238 3120 5295 excitandas
3159 5243 3314 5291 erant
3347 5247 3606 5304 persecua

2033 5348 2232 5409 tiones,
2279 5339 2703 5412 spiritualesque
2740 5334 2907 5395 feras,
2962 5347 2993 5385 a
3039 5329 3242 5400 quibus
3272 5329 3408 5397 eripi
3442 5340 3604 5396 roga-

2035 5439 2127 5493 bat
2177 5437 2266 5491 ille
2293 5435 2388 5504 qui
2428 5434 2541 5486 haec
2576 5429 2900 5498 loquebatur
2942 5445 2955 5479 :
3009 5421 3132 5479 «Ne
3165 5421 3353 5476 tradas
3410 5420 3602 5474 bestiis

2033 5531 2245 5586 animas
2292 5525 2613 5581 conﬁtentes
2669 5518 2885 5573 tibi'M
2950 5514 3083 5582 Quae
3133 5515 3242 5570 sint
3305 5512 3411 5566 illa;
3473 5512 3602 5564 [erae

2034 5619 2320 5676 arundinis
2350 5615 2642 5684 intelligas.
2680 5613 2726 5665 si
2775 5626 2803 5663 a
2832 5609 2934 5665 Job
2969 5608 3188 5664 ediscas
3230 5604 3363 5675 quid
3393 5603 3598 5658 dictqu

423 5805 468 5836 '°
497 5803 684 5857 Matth.
717 5817 812 5864 vn,
847 5799 896 5864 7,
937 5799 993 5854 8.
1065 5796 1108 5830 "
1138 5793 1313 5849 Galat.
1352 5809 1424 5857 IV,
1455 5790 1544 5845 36.
1623 5789 1668 5820 ε’
1697 5785 1862 5842 Hebr.
1897 5799 1928 5838 ι

2039 5780 2116 5834 22.
2196 5778 2242 5810 ⁵³
2271 5775 2310 5830 II
2337 5773 2479 5830 Tim.
2516 5787 2574 5840 ιι,
2612 5771 2697 5836 ll,
2729 5766 2815 5822 12.
2893 5768 2939 5798 ⁸⁵
2967 5763 3110 5819 Psal.
3136 5777 3329 5817 LXXIII.
3359 5760 3448 5814 I9.

601 5901 870 5959 Punoc.
918 5896 1037 5956 Gn.
1083 5891 1324 5954 XXIII.

3210 5857 3287 5915 23
