4056 6412
435 354 540 409 185

1101 345 1371 406 EUSEBII
1408 344 1883 404 CAESARIENSIS
1917 345 2067 404 OPP.
2106 346 2288 403 PARS
2326 346 2412 403 Ill.
2450 372 2524 393 --
2560 348 2975 408 EXEGETICA.

3576 352 3681 407 'Héi

432 475 501 528 de
525 471 741 528 diabolo
772 471 844 525 sit
875 488 888 524 :
920 488 937 520 ι
978 468 1093 525 Sub
1130 471 1309 524 omnis
1329 470 1541 540 generis
1562 468 1849 541 arboribus
1870 467 1994 521 dor-

2099 468 2192 522 καὶ
2231 467 2471 540 κάλαμον
2506 471 2601 524 καὶ
2643 470 2925 542 βούτομον.
2963 490 2987 525 ι
3013 470 3090 526 Οὐ
3139 468 3248 542 γάρ
3287 467 3435 540 παρὰ
3484 469 3679 539 συκῆν,

438 567 554 632 ιηίι,
584 566 739 635 juxta
767 578 1056 634 papyrum,
1089 564 1360 616 calamum
1394 570 1446 616 et
1475 562 1710 615 cariccm
1724 562 1825 616 ⁸³.»
1883 559 1998 614 Non

427 659 580 725 juxta
613 656 797 721 licum,
827 656 1019 716 “vitem,
1069 655 1241 708 oleam
1297 664 1389 707 aut
1442 654 1698 722 palmam,
1734 660 1828 705 aut
1870 653 1999 720 quid

432 752 500 806 iis
521 750 702 805 simile
728 788 744 811 ,
778 749 870 803 sed
893 748 1049 817 juxta
1071 762 1353 817 papyrum,
1385 746 1655 799 calamum
1683 753 1735 796 et
1764 744 1999 796 caricem

430 840 716 909 quiescere
757 838 935 908 ipsum
976 836 1082 900 ait,
1116 836 1384 895 inlirmas.
1420 834 1646 903 frigidas
1681 833 2001 902 nullumque

433 933 671 986 fructum
705 931 908 985 bonum
950 928 1305 999 .prolerentes
1350 928 1562 981 animas
1614 926 1700 980 his
1750 925 2003 980 subindi-

432 1038 605 1089 cans;
642 1022 799 1087 juxta
825 1020 947 1074 illas
978 1020 1179 1089 quippe
1205 1019 1371 1073 draco
1403 1019 1740 1089 quiescebat.
1788 1016 2000 1071 Truces

432 1125 611 1166 autem
647 1111 752 1165 illa:
804 1110 930 1165 fera:
975 1109 1282 1172 arundinis,
1314 1117 1442 1164 sunt
1491 1107 1817 1165 adversariae
1850 1117 2000 1177 pote-

431 1215 624 1267 states,
655 1203 875 1272 maligni
908 1203 1205 1266 daemones,
1259 1212 1315 1256 et
1358 1203 1617 1257 venenosi
1663 1202 1999 1271 reptilesque

431 1298 678 1367 spiritus,
709 1310 849 1365 quos
882 1301 941 1347 ut
971 1294 1214 1362 increpet
1256 1292 1421 1356 Deus,
1476 1291 1717 1362 Spiritus
1768 1301 1999 1346 sanctus

429 1396 586 1457 rogat
612 1388 765 1442 hisce
795 1386 1008 1442 verbis:
1047 1404 1066 1437 ι
1091 1384 1316 1455 lnerepa
1350 1385 1494 1440 feras
1530 1386 1840 1441 arundinis.
1875 1406 1894 1437 ι
1936 1386 1999 1439 Et

429 1482 903 1552 congregationem
950 1487 1266 1546 taurorum;
1312 1482 1446 1544 sive,
1490 1480 1789 1537 secundum
1839 1482 1999 1553 Sym-

430 1572 705 1634 machum,
770 1579 1013 1627 «cmtum
1067 1570 1469 1641 prmgrandium
1498 1589 1513 1638 ;
1546 1591 1565 1624 ι
1619 1587 1819 1627 vaccas
1867 1572 1997 1627 item

429 1665 753 1734 populorum
790 1663 1057 1733 increpari
1092 1662 1333 1733 postulat
1380 1682 1393 1717 :

430 1761 682 1829 pulorum
751 1765 806 1812 et
871 1757 1035 1818 tauri,
1103 1764 1230 1813 sunt
1288 1757 1324 1811 ii
1400 1756 1541 1811 inter
1618 1755 1841 1812 Iudaeos
1902 1756 1996 1826 qui

428 1851 583 1904 verbi
634 1856 1014 1919 persecutores
1061 1856 1211 1904 sunt.
1273 1847 1371 1902 llis
1416 1848 1563 1903 aliud
1591 1863 1731 1919 opus
1769 1848 2000 1918 subjun-

427 1947 595 2013 gitur,
636 1950 732 1997 «ut
755 1941 1114 1996 excludantur
1155 1941 1191 1994 ii
1230 1942 1323 2010 qui
1349 1942 1561 2011 probati
1606 1948 1736 1996 sunt
1792 1955 1996 2010 argen-

427 2042 519 2090 to;
546 2053 563 2084 ι
609 2031 752 2101 quod
794 2030 1057 2099 liquidius
1096 2031 1336 2101 explicat
1367 2028 1729 2101 Symmachus
1772 2027 1993 2082 dicens:

432 2144 451 2173 ι
474 2125 574 2191 Qui
606 2124 849 2180 calcibus
896 2125 1105 2194 pellunt
1130 2139 1229 2180 eos
1257 2123 1351 2194 qui
1397 2121 1615 2192 probati
1658 2128 1787 2175 sunt
1830 2120 1989 2190 quasi

425 2216 750 2287 probatione
796 2216 1061 2286 argenti.»
1118 2213 1185 2268 lli
1233 2228 1470 2283 namque
1500 2211 1668 2274 tauri,
1703 2219 1758 2266 et
1789 2226 1995 2267 memo-

426 2318 559 2362 rata:
589 2322 787 2371 vaccae,
821 2322 851 2361 a
887 2305 1018 2361 leris
1050 2304 1341 2359 arundinis
1376 2303 1619 2374 agitatae,
1673 2301 1881 2355 nullum
1917 2287 1999 2353 la-

430 2401 608 2470 pidem
633 2415 742 2454 non
765 2406 1005 2462 movent,
1038 2403 1097 2450 ut
1137 2396 1314 2451 sancti
1347 2394 1439 2449 Dei
1470 2410 1499 2447 a
1525 2409 1620 2463 spe
1649 2393 1753 2447 sibi
1791 2407 1996 2463 propo-

429 2496 533 2549 sita
581 2493 962 2549 deturbentur.
1005 2489 1196 2545 Sancti
1224 2502 1354 2542 vero
1389 2486 1481 2541 Dei
1509 2495 1636 2539 sunt
1658 2485 1753 2555 qui
1783 2484 1995 2555 probati

428 2593 557 2641 sunt
594 2591 843 2654 argento.
883 2580 1353 2649 Quemadmodum
1396 2579 1542 2632 enim
1594 2596 1613 2629 ι
1637 2578 1854 2647 eloquia
1891 2575 1997 2631 Do-

427 2677 562 2732 nnni
588 2683 767 2737 easta,
797 2680 1081 2745 argentum
1115 2672 1239 2743 igne
1264 2668 1743 2736 examinatum";
1774 2692 1791 2721 ο
1833 2669 1918 2725 sic
1942 2676 1997 2723 et

428 2770 673 2824 homines
715 2766 807 2822 Dei
863 2766 1076 2837 probati
1132 2772 1263 2819 sunt
1316 2770 1376 2818 ut
1438 2771 1769 2834 argentum:
1822 2774 1996 2830 quare

421 2863 648 2927 dicunt:
684 2880 703 2913 ι
727 2859 980 2915 Probasti
1008 2873 1130 2923 nos,
1160 2856 1324 2919 Deus.
1371 2857 1495 2927 igne
1538 2871 1643 2912 nos
1664 2854 1992 2911 examinasti

426 2953 569 3009 sicut
595 2952 938 3008 cxaminatur
987 2958 1273 3022 argentum
1292 2949 1393 3002 ⁸τ.ι
1437 2948 1606 3019 Igitur
1651 2947 1778 3004 ferae
1826 2963 1997 3002 arun-

2103 562 2223 614 ούδέ
2256 562 2407 633 παρά
2429 562 2693 633 ἄμπελον,
2718 566 2839 619 οὐδὲ
2891 563 3040 634 παρὰ
3087 562 3293 625 ἐλαίαν,
3319 561 3352 632 ἢ
3378 554 3615 630 φοίνικα,
3645 562 3681 632 ή

2101 668 2155 705 τι
2200 651 2308 706 τῶν
2350 653 2559 718 τούτοις
2606 655 3027 727 παραπλησίων,
3075 652 3210 708 ἀλλά
3239 653 3389 724 παρὰ
3431 650 3682 723 πάπυρον

2103 746 2196 798 καὶ
2226 743 2468 815 κάλαμον
2499 747 2591 799 καὶ
2617 746 2876 818 βούτομον
2904 745 3275 801 ἀναπαύεσθαί
3304 762 3466 816 φησιν
3495 745 3683 811 αύτὸνι

2100 837 2201 899 τὰς
2231 838 2452 901 ἀτόνους
2483 839 2577 892 καὶ
2603 838 2908 910 καθύγρους
2932 840 3025 892 καὶ
3056 838 3264 909 μηδένα,
3286 837 3496 909 καρπὸν
3521 838 3684 906 ἀναγ-

2102 930 2256 981 καῖον
2306 928 2686 999 προφερούσας
2730 929 2907 999 ψυχὰς
2968 929 3157 983 τοῦτον
3206 928 3550 999 αἰνιξάμενος
3589 928 3683 981 τὸν

2100 1020 2333 1091 τρόπον’
2387 1020 2538 1092 παρὰ
2582 1021 2861 1085 τοιαύταις
2903 1021 3013 1093 γὰρ
3055 1018 3354 1073 ἀνεπαύετο
3385 1022 3413 1074 6
3442 1018 3679 1090 δράκων.

2101 1112 2262 1165 Δεινὰ
2293 1111 2349 1165 δέ
2374 1110 2536 1183 θηρία
2560 1113 2805 1183 καλάμου
2840 1114 3190 1185 τυγχάνουσιν
3218 1114 3274 1165 αἱ
3310 1112 3682 1183 άντικείμεναι

2099 1203 2377 1275 δυνάμεις,
2417 1205 2471 1257 οἶ
2505 1222 2565 1257 τε
2613 1206 2838 1277 πονηροί
2876 1206 3126 1277 δαίμονες
3161 1205 3256 1259 καὶ⁹
3283 1204 3351 1258 τὰ
3383 1204 3562 1257 ἰοϐόλα
3587 1204 3683 1257 καὶ

2099 1294 2405 1366 ἐρπυστικὰ
2446 1294 2753 1366 πνεύματα,
2801 1290 2884 1359 οἷς
2925 1295 3248 1366 ἐπιτιμῆσαι
3296 1294 3387 1347 τὸν
3440 1293 3572 1347 Θεὸν
3621 1291 3682 1346 τὸ

2099 1386 2320 1458 Πνεῦμα
2347 1387 2409 1441 τὸ
2441 1387 2593 1456 ἀγιον
2621 1388 2710 1441 διὰ
2740 1387 2846 1441 τῶν
2877 1389 3014 1459 μετά
3037 1391 3224 1458 χεῖρας
3250 1385 3469 1457 εὔχεται
3500 1386 3678 1455 λέγον·

2102 1496 2122 1527 ι
2176 1477 2528 1549 Ἐπιτίμησον
2569 1482 2681 1543 τοῖς
2725 1478 2934 1551 θηρίοις
2981 1478 3076 1531 τοῦ
3120 1476 3390 1547 καλάμου.
3424 1496 3441 1527 ι
3476 1477 3587 1530 Καὶ
3611 1481 3678 1549 τῇ

2100 1574 2383 1642 συναγωγῇ
2433 1570 2491 1625 δὲ
2538 1570 2646 1624 τῶν
2692 1570 2928 1642 ταύρων,
2968 1570 3024 1640 ἢ,
3054 1568 3194 1624 κατὰ
3241 1568 3331 1622 τὸν
3367 1567 3679 1640 Σύμμαχον,

1461 1678 1639 1718 νειοοτε
1670 1671 1853 1719 autem
1900 1678 1999 1733 po-
2031 1684 2069 1738 η
2104 1680 2124 1714 ι
2159 1663 2361 1734 συνόδῳ
2408 1662 2812 1734 παμμεγέθων,
2858 1681 2878 1713 ο
2931 1662 3025 1715 καὶ
3075 1664 3198 1725 ταῖς
3253 1659 3516 1732 δαμάλεσι
3572 1660 3682 1714 τῶν

2093 1755 2238 1809 λαῶν
2292 1754 2617 1825 ἐπιτιμῆσαι
2667 1753 2932 1808 ἱκετεύειο
2984 1752 3245 1825 δαμάλεις
3291 1752 3348 1806 δέ
3394 1752 3537 1807 λαῶν
3583 1755 3676 1807 καὶ

2095 1845 2285 1918 ταῦροι
2333 1847 2383 1899 οἱ
2436 1846 2587 1916 παρὰ
2630 1845 2903 1909 Ἰουδαίοις
2958 1843 3064 1898 εἰσὶ
3102 1845 3326 1899 διῶκται
3361 1844 3455 1898 τοῦ
3495 1845 3675 1914 λόγου.

2101 1931 2207 1991 Ὧν
2256 1936 2431 2009 ἔργων
2475 1937 2536 1990 τὸ
2586 1936 2714 2006 ἐξῆς
2757 1936 3135 2009 ἐπιλεγόμενον
3172 1939 3230 1991 ἐν
3274 1936 3371 2008 τῷ,
3403 1956 3421 1990 ι
3452 1937 3547 1991 τοῦ
3591 1940 3683 1993 ἐκ-

2095 2028 2408 2101 κλεισθῆναι
2467 2028 2595 2091 τοὺς
2649 2028 3141 2099 δεδοκιμασμένους
3192 2028 3270 2100 τῷ
3320 2024 3600 2102 ἀργυρίῳο
3654 2048 3677 2084 ι

2095 2120 2232 2192 ὅπερ
2279 2120 2609 2191 σαφέστερον
2656 2120 2996 2192 ήρμήνευσεν
3041 2122 3070 2174 6
3124 2119 3418 2192 Σύμμαχος
3475 2121 3681 2175 εἰπών’

2101 2231 2120 2263 ι
2152 2213 2278 2277 Τοῖς
2299 2212 2703 2276 διαλακτίξουσι
2730 2213 2857 2275 τοὺς
2882 2212 3201 2285 εύδοκήτους
3222 2213 3297 2278 ὡς
3326 2214 3554 2286 δοκιμὴν
3582 2217 3687 2288 ἀρ-

2096 2303 2311 2374 γυρίου.
2349 2321 2369 2357 ι
2400 2298 2559 2357 Οὗτοι
2597 2301 2707 2374 γὰρ
2750 2304 2801 2355 οἱ
2852 2301 3068 2375 ταῦροι,
3101 2306 3197 2356 καὶ
3221 2304 3276 2357 αἱ
3301 2304 3684 2376 προλεχθεῖσαι

2095 2395 2374 2466 δαμάλεις,
2411 2394 2515 2448 ὑπὸ
2542 2393 2651 2447 τῶν
2694 2393 2898 2465 θηρίων
2928 2393 3020 2448 τοῦ
3073 2396 3320 2467 καλάμου
3360 2397 3684 2470 ἐνεργούμε-

2095 2503 2205 2549 ναι,
2235 2486 2334 2556 τὴν
2365 2488 2545 2539 πᾶσαν
2581 2484 2856 2538 ποιοῦνται
2912 2485 3147 2558 σπουδὴν
3191 2486 3328 2558 πρὸς
3368 2487 3428 2541 τὸ
3472 2488 3684 2544 ἐκκλειο

2098 2580 2288 2651 σθῆναι
2318 2582 2443 2645 τοὺς
2476 2580 2665 2649 ἁγίους
2697 2580 2793 2633 τοῦ
2825 2579 2960 2634 Θεοῦ
2998 2582 3098 2653 τῆς
3132 2582 3550 2655 ἐπηγγελμένης
3580 2586 3679 2640 αύ-

2095 2673 2205 2733 τοῖς
2233 2671 2464 2736 ἐλπίδος.
2497 2673 2678 2740 Ἀγιοι
2726 2671 2784 2725 δὲ
2830 2670 2965 2725 Θεοῦ
3013 2674 3063 2725 oi
3106 2672 3552 2746 δεδοκιμασμένοι
3598 2676 3677 2747 τῷ

2095 2763 2359 2834 ἀργυρίῳ.
2401 2763 2609 2835 ’Ὠσπερ
2639 2762 2749 2836 γὰρ
2775 2782 2794 2816 ι
2822 2765 2891 2818 τὰ
2915 2763 3070 2833 λόγια
3096 2765 3303 2837 Κυρίου
3326 2766 3487 2835 ἀγνά,
3513 2768 3676 2842 ἀργύ·

2097 2872 2211 2926 ριον
2240 2855 2653 2927 πεπυρωμένον,
2685 2874 2705 2909 ι
2732 2854 2908 2919 οὕτως
2942 2856 3036 2909 καὶ
3057 2857 3108 2909 οί
3132 2856 3227 2910 τοῦ
3250 2858 3385 2913 Θεοῦ
3410 2859 3680 2932 ἄνθρωποι

2102 2946 2550 3018 δεδοκιμασμένοι
2597 2945 2735 3001 είσὶν
2781 2947 2857 3009 ὡς
2908 2947 2971 3000 τὸ
3024 2948 3316 3020 ἀργύριον
3369 2951 3449 3005 διό
3490 2970 3677 3021 φασινο

425 3047 595 3111 ιΙίηἰε,
633 3044 980 3116 congregatio
1002 3055 1308 3106 taurorum,
1340 3052 1395 3098 et
1419 3058 1597 3099 vaccae
1628 3043 1975 3113 populorum,

2101 3058 2118 3089 ι
2161 3039 2521 3110 Ἐδοκίμαςας
2544 3041 2711 3112 ἡμᾶς,
2738 3040 2767 3091 6
2798 3038 2952 3104 Θεὸς,
2986 3040 3277 3111 ἐπύρωσας
3305 3045 3451 3115 ἡμᾶς
3478 3046 3554 3109 ὡς
3582 3064 3682 3099 πυ·-

424 3154 521 3194 cos
558 3137 650 3209 qui
682 3137 893 3207 probati
925 3144 1055 3191 sunt
1086 3142 1315 3208 argento
1348 3149 1379 3188 a
1423 3136 1707 3221 proposita
1756 3134 1859 3221 sibi
1896 3149 1993 3205 spe

424 3228 714 3283 excludere
742 3234 1017 3297 satagunt.
1072 3225 1218 3291 Sive,
1246 3226 1544 3282 secundum
1582 3208 1993 3297 Symmachum,

430 3338 452 3371 ι
477 3319 732 3375 Calcibus
767 3319 976 3390 pellunt
1004 3333 1100 3375 eos
1143 3320 1239 3389 qui
1268 3318 1484 3389 probati
1518 3329 1647 3373 sunt
1675 3318 1835 3389 quasi
1865 3333 1995 3388 pro-

427 3412 645 3467 batione
682 3411 947 3483 argenti.)
990 3409 1063 3466 Ut
1092 3426 1160 3466 ne
1192 3411 1377 3480 itaque
1409 3410 1488 3464 illi
1514 3424 1681 3480 supra
1704 3410 1838 3463 dicti
1865 3424 1995 3464 san-

424 3506 531 3560 ctis
568 3503 665 3561 Dei
700 3504 1089 3575 impedimento
1122 3503 1253 3559 sint.
1282 3503 1596 3557 necessario
1643 3501 1853 3556 dictum
1876 3509 1992 3558 est:

431 3602 697 3671 «Increpa
752 3598 896 3655 feras
943 3596 1253 3657 arundinis,
1302 3595 1655 3667 congregatio
1708 3603 1993 3650 taurorum

426 3693 484 3745 in
534 3690 720 3745 vaccis
763 3688 1148 3759 populorum.»
1203 3686 1325 3741 Alla
1379 3686 1508 3741 item
1546 3687 1763 3742 ratione
1806 3694 1996 3742 tauros

427 3779 698 3850 intelligas
715 3776 1025 3833 Judaorum
1050 3776 1356 3846 principes:
1388 3790 1583 3831 vaccas
1606 3783 1785 3832 autem
1802 3791 1993 3832 eorum

426 3884 730 3943 synagogas
784 3869 853 3924 iis
904 3866 1174 3931 subditas,
1220 3875 1274 3921 et
1325 3866 1553 3937 populos
1603 3867 1697 3937 qui
1748 3875 1997 3938 tempore

425 3962 700 4034 passionis
731 3959 1040 4015 Servatoris
1063 3958 1239 4014 nostri
1269 3960 1707 4014 insurrexerunt.
1741 3958 1840 4013 Cui
1865 3974 1993 4015 sen-

424 4055 609 4109 tentiae
664 4051 991 4123 astipulatur
1025 4064 1132 4105 vox
1188 4049 1281 4104 illa
1329 4065 1397 4105 ex
1458 4048 1633 4119 ipsius
1688 4048 1993 4106 Salvatoris

426 4159 659 4215 persona
711 4144 767 4198 in
791 4143 1005 4213 psalmo
1044 4157 1138 4196 ut
1170 4140 1350 4211 posita
1376 4159 1390 4197 :
1431 4140 1739 4207 «Quoniam
1762 4141 1995 4196 circnm-

421 4238 688 4293 tlederunt
719 4251 805 4290 me
830 4234 987 4289 vituli
1019 4234 1199 4297 multi,
1230 4234 1374 4288 tauri
1405 4234 1635 4304 pingues
1658 4232 1992 4289 obsederunt

423 4343 533 4383 ine.
571 4326 920 4396 Aperuerunt
971 4325 1024 4378 in
1055 4339 1142 4378 me
1177 4337 1242 4379 os
1273 4339 1433 4378 suum
1453 4324 1557 4379 ⁸⁸.»
1600 4323 1768 4390 Queis
1797 4324 1992 4379 subin-

2097 3130 2283 3204 ροῦται
2332 3132 2395 3185 τὸ
2430 3129 2717 3204 ἀργύριον.
2760 3152 2777 3181 ι
2807 3134 2871 3186 Oi
2905 3129 2996 3186 οῦν
3027 3133 3188 3206 θῆρες
3219 3136 3268 3189 el
3308 3136 3402 3189 τοῦ
3435 3138 3680 3209 καλάμου

2097 3223 2191 3277 καὶ
2225 3225 2259 3294 ή
2302 3223 2591 3295 συναγωγὴ
2622 3223 2732 3277 τῶν
2761 3224 2997 3295 ταύρων,
3032 3227 3121 3279 καὶ
3164 3227 3220 3279 αί
3267 3227 3528 3298 δαμάλεις
3570 3230 3680 3282 τῶν

2095 3311 2259 3375 λαῶν,
2292 3312 2419 3376 τοὺς
2441 3312 2925 3383 δεδοκιμασμένους
2951 3313 3028 3385 τῷ
3054 3315 3298 3387 ἀργυρίῳ
3320 3316 3681 3389 ἀποκλεισθῆ-

2096 3418 2184 3456 ναι
2222 3401 2580 3466 σπουδάζουσι
2618 3406 2716 3474 τῆς
2766 3403 3176 3475 ἐπηγγελμένης
3211 3406 3391 3470 αὐτοῖς
3435 3406 3672 3471 ἐλπίδος.

2096 3492 2191 3555 Ἦ,
2242 3491 2384 3546 κατὰ
2430 3493 2521 3547 τὸν
2556 3491 2879 3563 Σύμμαχον,
2925 3513 2943 3546 ι
2990 3493 3396 3560 Διαλακτίζουσι
3452 3496 3673 3561 τούτους

2095 3581 2293 3644 αὐτοὺς
2344 3583 2667 3654 εὐδοκήτους
2711 3582 2869 3647 ὄντας
2929 3584 3002 3648 ὡς
3054 3585 3278 3657 δοκιμὴν
3327 3588 3611 3659 ἀργυρίου.
3649 3609 3668 3638 ι

2099 3677 2193 3729 Ἰν’
2221 3671 2313 3730 οῦν
2345 3674 2419 3747 μὴ
2454 3675 2701 3746 ἐμποδὼν
2732 3677 2992 3746 γένωνται
3042 3681 3153 3743 τοῖς
3201 3681 3375 3748 ἁγίοις
3405 3680 3499 3733 τοῦ
3539 3681 3678 3735 Θεοῦ

2095 3769 2143 3822 oi
2177 3766 2582 3839 προλεχθέντες,
2626 3768 2938 3837 ἀναγκαίως
2979 3770 3191 3842 εῐρηται
3211 3787 3224 3803 ·
3258 3789 3277 3822 ι
3320 3772 3676 3843 Ἐπιτίμησου

2093 3861 2205 3922 τοῖς
2236 3858 2444 3929 θηρίοις
2472 3859 2567 3912 τοῦ
2601 3859 2870 3931 καλάμου,
2917 3861 2951 3932 ή
3002 3863 3292 3934 συναγωγὴ
3326 3864 3432 3917 τῶν
3460 3864 3678 3936 ταύρων

2096 3951 2154 4003 ἐν
2194 3954 2314 4014 ταῖς
2352 3948 2615 4022 δαμάλεσι
2658 3946 2767 4005 τῶν
2799 3951 2963 4005 λαῶν.
3010 3971 3029 4005 ι
3065 3955 3175 4008 Καὶ
3221 3952 3396 4018 ἄλλως
3444 3954 3677 4027 ταύρους

2095 4045 2307 4115 νοήσεις
2335 4046 2460 4110 τοὺς
2494 4041 2758 4102 Ἰουδαίων
2794 4047 3060 4119 ἄρχοντας
3080 4066 3094 4080 ο
3130 4046 3392 4118 δαμάλεις
3415 4048 3676 4105 δέ-αύτῶν

2093 4136 2193 4200 τὰς
2231 4137 2336 4190 ὑπὸ
2377 4138 2598 4204 τούτους
2639 4138 2962 4209 συναγωγάς
3014 4140 3109 4193 καὶ
3169 4137 3295 4204 τοὺς
3343 4140 3507 4207 λαοὺς
3548 4144 3676 4208 τοὺς

2094 4231 2486 4295 ἐπισυστάντας
2535 4229 2678 4286 κατά
2718 4228 2782 4284 τὸ
2831 4228 3003 4293 πάθος
3054 4228 3151 4283 τοῦ
3198 4225 3451 4303 Σωτῆρος
3492 4233 3674 4305 ήμῶν.

2094 4318 2377 4390 Μαρτυρεῖ
2399 4317 2455 4371 δὲ
2478 4316 2557 4389 τῷ
2591 4316 2733 4389 λόγῳ
2826 4316 2886 4383 ἐξ
2913 4314 3075 4371 αὑτοῦ
3111 4319 3401 4390 προσώπου
3431 4317 3526 4375 τοῦ
3561 4321 3674 4376 Σωσ

422 4417 645 4472 dicabat
668 4417 945 4489 principes
984 4417 1199 4476 Iudaici
1242 4422 1449 4491 populi,
1489 4438 1702 4478 necnon
1739 4421 1988 4478 multitu-

2095 4408 2258 4480 τῆρος
2287 4411 2344 4461 ἐν
2368 4417 2448 4463 κα¹
2476 4406 2676 4480 ψαλμῷ
2702 4409 2852 4481 φωνὴ
2880 4409 3159 4479 φάσκουσα
3177 4428 3190 4441 ·
3226 4430 3245 4462 ι
3280 4414 3399 4465 Ὅτι
3434 4410 3674 4468 ἐκύκλω-

420 4510 605 4565 dinem
662 4511 798 4583 ipsis
845 4510 1120 4567 subditam
1172 4527 1294 4582 qua:
1343 4512 1635 4570 adversum
1696 4528 1756 4570 se
1804 4513 1990 4568 insur-

422 4604 587 4660 rexit.

496 4855 757 4929 «Dissipa
796 4865 986 4929 gentes
1032 4847 1326 4930 quae'bella
1366 4861 1611 4918 volunt.»
1656 4860 1787 4928 Qua:
1824 4879 1989 4935 supc-

421 4949 539 5006 rius
568 4946 841 5014 l‘eruntur.
886 4951 955 5006 de
1005 4950 1341 5009 adversariis
1391 4954 1761 5025 petestatibus
1816 4964 1871 5010 et
1921 4956 1990 5011 de

419 5041 761 5113 principibus
790 5041 1105 5100 Iudaeorum
1169 5055 1425 5100 enarrata
1470 5056 1639 5102 sunt:
1694 5045 1809 5101 ιιωο
1860 5064 1989 5103 vero

419 5132 489 5188 de
521 5132 759 5189 inimicis
802 5132 1059 5190 Ecclesia:
1105 5150 1172 5190 ex
1212 5134 1545 5205 reliquarum
1595 5137 1839 5207 gentium
1886 5155 1990 5192 nu-

419 5240 590 5281 mero.
630 5223 980 5296 Prospiciens
1015 5241 1251 5297 namque
1285 5225 1524 5297 Spiritus
1553 5234 1779 5283 sanctus
1807 5243 1901 5283 eos
1920 5244 1987 5284 ex

419 5315 672 5386 gentibus
696 5315 790 5385 qui
827 5315 883 5369 in
930 5315 1317 5371 incredulitate
1362 5316 1765 5387 perseveraturi
1806 5323 1986 5384 erant,

419 5406 685 5464 adversus
715 5405 902 5463 ﬁdeles
924 5407 1062 5462 bella
1086 5416 1140 5463 et
1165 5409 1578 5479 persecutiones
1595 5418 1841 5465 moturos
1865 5426 1987 5466 esse

419 5505 612 5550 contra
654 5495 959 5561 Ecclesiam
1002 5498 1119 5558 Dei.
1168 5501 1487 5556 neceSsario
1538 5500 1641 5559 hac
1688 5501 1755 5557 de
1800 5517 1859 5556 re
1906 5503 1987 5559 sic

422 5596 675 5656 precatur
713 5607 727 5644 :
767 5608 786 5642 ι
807 5588 1021 5660 Dissipa
1051 5600 1243 5659 gentes
1269 5607 1391 5661 qua:
1420 5591 1559 5647 bella
1590 5592 1831 5647 volunt.»
1890 5587 1986 5649 His

419 5693 660 5760 namque
689 5680 996 5752 dissipat-is,
1034 5684 1211 5753 gratia
1243 5684 1556 5756 evangelica
1604 5683 1783 5741 locum
1813 5683 1984 5741 habe-

2092 4499 2191 4553 σάν
2232 4517 2300 4570 με
2347 4498 2536 4570 μόσχοι
2577 4497 2780 4564 πολλοὶ,
2831 4499 3022 4572 ταῦροι
3057 4498 3239 4566 πίονες
3263 4492 3552 4574 περιέσχον
3582 4522 3671 4576 με.

2094 4589 2347 4656 Ἤνοιξαν
2373 4590 2460 4642 ἐπ’
2488 4588 2589 4660 ἐμὲ
2622 4589 2683 4642 τδ
2712 4590 2886 4661 στόμα
2919 4589 3118 4647 αὐτῶν.
3154 4612 3173 4645 ι
3207 4594 3284 4645 Δι’
3320 4587 3396 4646 ὧν
3432 4590 3676 4666 ᾐνίττετο

2089 4682 2214 4746 τοὺς
2240 4681 2507 4753 ἄρχοντας
2531 4680 2625 4733 τοῦ
2650 4681 2923 4737 Ἰουδαίων
2944 4683 3073 4737 λαοῦ
3115 4682 3211 4738 καὶ
3244 4684 3315 4738 τὰ
3344 4684 3434 4738 ὑπ’
3479 4684 3677 4752 αὐτοὺς

2092 4772 2271 4844 πλήθη
2296 4772 2366 4826 τά
2394 4771 2755 4827 ἐπισυστάντα
2785 4778 2904 4828 κατ’
2934 4775 3119 4831 αὑτοῦ.

2165 4882 2184 4914 ι
2224 4863 2617 4933 Διασκόρπισον
2648 4863 2775 4937 ἔθνη
2816 4867 2882 4921 τὰ
2920 4868 3046 4931 τοὺς
3087 4866 3352 4938 πολέμους
3376 4864 3618 4926 θέλοντα.
3651 4890 3671 4924 ι

2087 4953 2170 5007 Τά
2201 4954 2297 5025 μὲν
2336 4953 2581 5026 ἀνώτερα
2627 4959 2756 5030 περὶ
2797 4958 2905 5011 τῶν
2942 4960 3334 5029 ἀντικειμένων
3370 4960 3675 5032 δυνάμεων,

2085 5045 2181 5098 καὶ
2230 5046 2357 5118 mp).
2402 5044 2510 5101 τῶν
2557 5050 2832 5121 ἀρχόντων
2880 5049 2974 5103 τοῦ
3019 5049 3285 5104 Ἰουδαίων
3330 5050 3516 5116 ἔθνους
3556 5052 3679 5121 ἐδη-

2086 5134 2271 5203 λοῦτο,
2317 5138 2385 5192 τὰ
2420 5137 2476 5192 δὲ
2523 5141 2861 5211 προκείμενα
2904 5140 3031 5211 περὶ
3069 5139 3176 5193 τῶν
3219 5141 3277 5195 ἐν
3318 5144 3430 5205 τοῖς
3470 5141 3677 5204 λοιποῖς

2085 5227 2261 5283 ἔθνεσι
2295 5228 2567 5305 πολεμίων
2592 5233 2693 5303 τῆς
2739 5232 3088 5305 Ἐκκλησίας.
3131 5232 3348 5303 Ἐπειδὴ
3382 5230 3490 5304 γὸρ
3530 5233 3677 5307 ἐώρα

2086 5320 2148 5373 τὸ
2177 5322 2399 5394 Πνεῦμα
2432 5323 2493 5378 τὸ
2538 5325 2691 5391 ἂγιον
2736 5327 2863 5388 τοὺς
2906 5326 2964 5377 ἐν
2998 5324 3229 5395 ἀπιστία
3274 5323 3678 5393 ἀπομείναντας

2086 5414 2195 5466 τῶν
2244 5412 2413 5469 ἐθνῶν
2439 5417 2977 5487 ἐπαναστησομένους
3018 5419 3129 5481 τοῖς
3161 5419 3393 5481 πιστοῖς,
3434 5416 3528 5470 καὶ
3558 5416 3680 5470 διω-

2085 5507 2258 5576 γμοὺς
2299 5507 2437 5561 κατά
2492 5509 2590 5578 τῆς
2636 5508 2961 5578 Ἑκκλησίας
3004 5508 3099 5563 τοῦ
3150 5506 3286 5562 Θεοῦ
3331 5510 3673 5580 κινήσαντας,

2088 5596 2397 5664 ἀναγκαίως
2446 5598 2539 5649 καὶ
2583 5599 2711 5670 περὶ
2752 5598 2941 5652 τούτου
2994 5598 3213 5668 εῦχεται
3254 5597 3442 5667 λέγον’
3488 5618 3506 5650 ι
3548 5601 3677 5652 Δια-

2088 5687 2376 5758 σκόρπισον
2419 5687 2546 5760 ἔθνη
2598 5690 2665 5748 τὰ
2717 5691 2843 5755 τοὺς
2892 5690 3165 5764 πολέμους
3214 5691 3457 5747 θέλοντα.
3490 5711 3510 5747 ι
3545 5695 3669 5747 Δια-

491 5832 537 5863 ⁸⁸
560 5830 662 5887 Job
686 5848 773 5898 at,
809 5833 892 5889 l6.
968 5836 1013 5869 ⁸⁸
1042 5833 1187 5892 Psal.
1225 5853 1295 5901 xi,
1322 5837 1375 5894 7.
1450 5840 1495 5871 ⁸⁷
1519 5838 1662 5895 Psal.
1695 5854 1819 5906 txv,
1853 5839 1942 5905 l0,

2095 5815 2240 5895 ιδεηι.
2266 5857 2378 5908 χχι,
2409 5842 2496 5911 l5,
2525 5843 2611 5899 ιι.
