4056 6370
403 360 503 414 717

1525 352 2028 411 COMMENTARIA
2065 351 2132 407 IN
2169 328 2561 406 rsamos.‘

3537 333 3640 397 τω

404 476 846 550 σκορπιζομένων
868 475 976 549 γὰρ
1026 477 1252 542 τούτων,
1295 479 1328 548 ή
1375 476 1535 550 χάρις
1572 477 1606 548 ἡ
1651 476 1979 547 εὐαγγελικὴ

2094 473 2181 528 bit.
2241 472 2359 526 Jam
2404 470 2649 525 futurum
2705 474 2824 522 erat
2869 469 2930 519 ut
2966 462 3139 534 gratia
3191 466 3531 533 operaretur,-
3572 456 3642 511 ab

399 572 583 645 χώραν
606 572 736 638 ἕξει.
768 571 1007 642 Ἤμελλε
1029 570 1121 624 τοῦ
1148 573 1386 643 ἐνεργεῖν
1418 569 1513 623 καὶ
1540 567 1600 633 ἐξ
1624 567 1804 621 αὐτῶν
1825 565 1975 639 πρώ-

399 680 508 718 των
560 663 820 736 ἄρχεσθαι
867 661 975 716 τῶν
1026 662 1147 716 καθ’
1203 660 1504 734 ὑπερϐολὴν
1560 658 1973 729 εἰδωλολατρῶν.

400 753 685 824 Αἰγύπτιοι
713 755 771 808 δὲ
797 751 1023 827 ἦσανὊὶ
1051 755 1266 810 πάντων
1315 752 1616 824 ἀνθρώπων
1643 752 1737 805 καὶ
1764 753 1979 806 πάντων

402 846 572 900 ὲθνῶν
591 845 1157 917 δεισιδαιμονέστατοι.
1181 845 1272 899 Διὸ
1295 844 1424 914 ἑξῆς
1441 843 1702 913 ἐπιλέγειί
1724 841 1979 907 ι”Ηξουσι

405 936 661 1009 πρέσϐεις
686 937 746 1003 ἐξ
770 937 1062 1007 Αἰγύπτου.
1100 960 1118 987 ι
1152 937 1309 1005 Κατὰ
1346 937 1403 990 δὲ
1426 937 1518 990 τὸν
1554 935 1804 1000 Ἀκύλαν,
1840 943 1858 981 ἀ
1890 934 1981 988 Οἷ-

396 1045 583 1083 κσουσιν
608 1030 990 1101 ἐσπευσμένως
1013 1030 1071 1096 ἐξ
1095 1028 1368 1098 Αἰγύπτου
1385 1046 1399 1061 ’
1439 1049 1457 1080 ι
1485 1027 1627 1083 κατά
1648 1028 1704 1082 δὲ
1723 1028 1813 1081 τὸν
1837 1027 1983 1098 Σύμ-

406 1138 597 1193 μαχον,
630 1141 648 1173 ι
673 1122 1005 1176 Ἐλθέτωσαν
1048 1123 1378 1191 ὲκφάναντες
1417 1124 1466 1175 οἰ
1513 1120 1572 1185 ἐξ
1623 1122 1918 1190 Αἰγύπτου.
1957 1139 1976 1171 ι

402 1212 515 1267 Καὶ
564 1212 625 1267 τὸ
675 1213 775 1284 μὲν
823 1216 1040 1269 πάντων
1088 1212 1485 1284 εἰδωλολατρῶν
1528 1213 1684 1280 γένος
1733 1208 1822 1264 διά
1873 1209 1982 1263 τῶν

401 1300 771 1371 ἐλευσομένων
793 1300 852 1369 ἐξ
880 1302 1154 1371 Αἰγύπτου
1188 1300 1284 1354 καί
1311 1300 1715 1371 διαϐησομένιοιν
1751 1300 1845 1353 ἐπὶ
1883 1297 1983 1369 τὴν

401 1392 498 1446 τοῦ
536 1392 672 1447 Θεοῦ
694 1394 894 1462 γνῶσιν
931 1393 1253 1465 δεδήλωται·
1291 1393 1377 1447 διὰ
1412 1393 1469 1447 δὲ
1513 1392 1607 1447 τοῦ
1640 1392 1768 1464 έξῆς
1806 1391 1986 1446 ὲπιλε-

405 1477 659 1550 γομένου·
679 1498 697 1530 ι
715 1480 965 1533 Αἰθιοπία
985 1481 1286 1552 προφθάσει
1314 1484 1472 1552 χεῖρα
1495 1482 1664 1552 αὐτῆς
1683 1480 1761 1553 τῷ
1788 1481 1927 1552 Θεῷ,
1959 1500 1978 1534 ι

402 1568 475 1623 τά
506 1571 652 1643 ἄκρα
689 1572 788 1643 τῆς
831 1572 939 1625 τῶν
977 1572 1278 1643 ἀνθρώπων
1327 1572 1676 1644 οἰκουμένης,
1725 1572 1984 1644 Σημαίνει

403 1662 515 1734 γὰρ
558 1665 588 1717 ὁ
618 1663 797 1732 λόγος,
842 1665 918 1728 ὡς
949 1665 1059 1737 ἄρα
1107 1664 1168 1729 ἐξ
1212 1665 1466 1719 ἁπάντων
1507 1665 1617 1718 τῶν
1666 1664 1835 1719 ὲθνῶν
1877 1663 1986 1718 τῶν

404 1753 500 1808 ἀπ’
528 1754 792 1826 ἀνατολῆς
817 1755 969 1828 ἡλίου
1004 1756 1164 1827 μέχρι
1215 1756 1434 1827 δυσμῶν
1476 1757 1716 1828 ἥξουσιν,
1760 1756 1898 1811 κατὰ
1925 1758 1987 1812 τὸ

2076 565 2145 621 iis
2195 563 2472 634 prioribus
2523 575 2651 616 orsa
2700 557 2793 629 qui
2841 571 3005 628 supra
3063 552 3285 609 modum
3337 549 3642 606 idololatrat

2076 664 2267 713 erant:
2309 652 2550 725 Egyptii
2586 658 2766 706 autem
2796 649 2876 703 illi
2919 655 3076 703 erant
3115 644 3358 700 omnium
3398 641 3641 712 gentium

2078 763 2142 802 ac
2170 748 2495 817 populorqu
2527 739 3078 813 superstitiosissimi.
3110 736 3290 803 Quare
3306 742 3497 805 postea
3522 730 3648 786 subs

2075 840 2257 911 jungit
2295 859 2309 893 :
2353 858 2372 890 ι
2402 836 2633 891 Venient
2675 834 2837 905 legati
2887 848 2951 887 ex
3001 829 3291 902 IEgypto.»
3335 824 3646 881 Secundum

2081 933 2333 1003 Aquilam
2368 944 2520 991 vero,
2577 945 2595 981 ι
2622 926 2821 983 Ferent
2869 924 3192 979 festinanter
3217 935 3280 974 ex
3318 916 3555 987 :Egypto
3579 932 3595 980 ;
3622 932 3641 964 ι

2083 1024 2383 1080 secundum
2438 1020 2851 1093 Symmachum,
2908 1014 3186 1071 «Veniant
3239 1010 3525 1066 efferentes
3581 1019 3649 1060 ex

2082 1114 2371 1187 Egyptu.»
2406 1113 2712 1182 Totutnque
2753 1111 3164 1165 idololatrarum
3194 1118 3390 1176 genus,
3424 1115 3518 1171 per
3555 1112 3651 1153 eos

2082 1209 2176 1278 qui
2212 1219 2277 1261 ex
2315 1206 2549 1277 [Egvpto
2578 1203 2817 1266 venturi,
2864 1209 2918 1255 et
2951 1199 3018 1255 ad
3054 1197 3144 1253 Dei
3175 1196 3425 1251 notitiam
3478 1202 3654 1245 trans-

2084 1300 2213 1354 ituri
2241 1306 2390 1362 sunt,
2424 1297 2734 1363 indicatur;
2768 1308 2867 1366 per
2909 1293 2961 1348 id
2992 1305 3124 1345 vero
3163 1287 3308 1358 quod
3344 1299 3468 1340 mox
3498 1280 3655 1337 addi—

2084 1399 2210 1445 tur:
2261 1409 2278 1440 ι
2302 1389 2580 1459 ᾹΞῑΙιίορῑιι
2608 1387 2852 1458 porriget
2903 1388 3122 1438 manum
3149 1385 3303 1435 suam
3338 1377 3468 1439 Deo,
3500 1393 3520 1427 ι
3559 1388 3656 1427 ex-

2085 1492 2256 1538 trema
2287 1481 2437 1536 orbis
2471 1479 2872 1552 significantur.
2916 1475 3234 1530 Declaratur
3257 1484 3423 1542 porro
3444 1482 3509 1522 ex
3537 1466 3659 1520 uni-

2084 1574 2260 1628 versis
2290 1571 2543 1642 gentibus
2571 1570 2641 1625 ab
2673 1570 2885 1625 oriente
2923 1566 3039 1623 sole
3070 1578 3244 1634 usque
3287 1561 3355 1615 ad
3398 1557 3659 1613 occiden-

2085 1673 2195 1720 tem
2230 1677 2555 1719 accessuros
2602 1676 2746 1724 esse,
2796 1668 2859 1714 ut
2890 1658 3020 1713 alibi
3070 1655 3277 1711 dicitur
3311 1671 3325 1707 :
3362 1670 3383 1703 ‹
3406 1647 3660 1704 Homini-

2087 1764 2311 1812 scentur
2335 1764 2388 1811 et
2425 1760 2816 1809 convertentur
2839 1750 2908 1804 ad
2934 1748 3224 1804 Dominum
3257 1743 3501 1799 universi
3522 1740 3659 1795 ﬁnes

405 1846 615 1916 φάσκον
648 1850 707 1903 ὲν
741 1849 950 1920 ἑτέροις
977 1849 1184 1918 λόγιον·
1225 1869 1245 1900 ι
1278 1849 1694 1921 Μνησθήσονται
1726 1849 1821 1902 καὶ
1865 1852 1985 1903 ἐπι-

2094 1853 2247 1899 terra:
2288 1862 2304 1898 :
2351 1850 2407 1899 et
2453 1841 2760 1897 adorabunt
2785 1840 2842 1893 in
2873 1843 3174 1906 conspectu
3215 1834 3336 1904 ejus
3388 1830 3660 1886 universa:

407 1941 809 2011 στραφήσονται
859 1941 995 2011 πρὸς
1046 1941 1252 2013 Κύριον
1299 1942 1475 1995 πάντα
1522 1940 1592 1994 τὰ
1635 1940 1847 2012 πέρατα
1881 1940 1982 2011 τῆς

404 2032 528 2103 γῆς,
556 2032 652 2086 καὶ
696 2034 1163 2104 προσκυνήσουσιν
1213 2032 1441 2087 ἐνώπιον
1489 2033 1652 2087 αὐτοῦ
1709 2035 1877 2094 πᾶσαι
1920 2035 1981 2087 αἰ

404 2125 632 2194 πατριαί
677 2125 786 2178 τῶν
830 2124 1018 2179 ἐθνῶν.
1055 2145 1073 2178 ι
1111 2126 1265 2179 Κατὰ
1308 2127 1365 2179 δὲ
1400 2126 1492 2179 τὸν
1535 2126 1793 2180 Ἀκύλαν⁵
1829 2144 1847 2177 ι
1884 2128 1983 2179 Α’ἰι-

404 2213 549 2286 θίοιίι,
574 2216 728 2291 φησὶ,
757 2216 1027 2289 δρομώσει
1051 2220 1206 2289 χεῖρα
1229 2218 1393 2271 αὑτοῦ
1418 2218 1496 2289 τῷ
1524 2217 1668 2290 Θεῷ·
1707 2238 1726 2270 ›
1760 2218 1899 2272 κατὰ
1925 2217 1983 2270 δὲ

403 2305 494 2378 τὸν
523 2303 848 2378 Σύμμαχον·
883 2318 901 2359 ι
942 2309 1194 2362 Αἰθιοπία
1241 2308 1527 2363 σττευὰἀτω
1572 2292 1786 2361 διδοῦσα
1826 2310 1985 2378 χεῖρα

403 2394 482 2466 τῷ
514 2395 649 2467 Θεῷ.
692 2417 708 2449 r
748 2386 902 2451 Ἐστι
947 2398 1005 2452 δὲ
1057 2400 1151 2454 καὶ
1203 2396 1344 2454 κατά
1400 2401 1498 2470 τὴν
1541 2396 1778 2473 ἱστορίαν
1826 2397 1985 2451 τοῦτο

404 2487 794 2574 πεπληρῶσθαι
829 2490 995 2558 φάναι
1033 2484 1126 2542 ἐπὶ
1153 2485 1247 2543 τοῦ
1280 2488 1556 2555 Αἰθίοπος,
1586 2472 1984 2560 οῦμέμνηνται

401 2576 512 2631 τῶν
544 2578 853 2632 ἀποστόλων
885 2582 940 2633 αἰ
974 2580 1229 2652 Πράξεις.
1277 2578 1471 2651 Σχεδὸν
1504 2579 1612 2651 γὰρ
1646 2578 1985 2651 προέφθασεν

403 2661 559 2733 οὗτος
590 2669 661 2722 τὰ
704 2669 865 2723 λοιπά
898 2670 1048 2742 ἔθνη,
1103 2672 1461 2738 καταξιωθείς
1493 2673 1599 2743 πρὸ
1640 2660 1857 2725 πάντων
1886 2664 1989 2742 τῆς

403 2760 659 2831 γνώσεως
683 2762 778 2815 τοῦ
805 2761 1075 2834 Σωτῆρος.
1108 2761 1293 2826 Ὅπως
1316 2763 1372 2815 δὲ
1410 2764 1504 2817 καὶ
1546 2764 1799 2835 πρέσϐεις
1826 2754 1988 2835 ἦλθον

405 2846 468 2914 ἐξ
512 2849 786 2918 Αἰγύπτου
820 2851 964 2905 κατά
1006 2851 1105 2924 τὴν
1147 2850 1423 2925 ἱστορίαν,
1466 2854 1626 2908 πάλιν
1663 2838 1718 2909 ai
1753 2846 1989 2928 Πράξεις

405 2938 514 2993 τῶν
565 2939 875 3019 ἀποστόλων
920 2940 1189 3015 δηλοῦσιν,
1242 2946 1299 2997 ὲν
1351 2938 1439 3009 αἷς
1490 2945 1719 3016 εἴρηται,
1767 2930 1842 3009 ὧς
1881 2947 1989 3019 ἄρα

407 3032 548 3086 κάτά
594 3032 692 3104 τὴν
739 3034 951 3106 ἡμέραν
998 3035 1098 3105 τῆς
1145 3036 1523 3107 Πεντήκοστῆς
1564 3034 1625 3090 τὸ
1671 3035 1895 3109 Πνεῦμα
1928 3036 1990 3092 τὸ

406 3119 561 3193 ἅγιον
601 3116 887 3198 ἐπλήρωσε
925 3112 1015 3179 τὸν
1060 3121 1207 3181 οἷκον
1250 3126 1378 3181 ἔνθα
1408 3124 1548 3198 ἦσαν
1588 3129 1638 3181 oi
1682 3113 1987 3195 ἀπόστολοι,

407 3210 628 3271 ἐκάθισέ
655 3234 715 3270 τε
747 3196 840 3271 ἐπὶ
874 3218 1001 3282 τοὺς
1030 3218 1303 3291 παρόντας
1337 3196 1611 3284 ἅπαντας·
1646 3222 1703 3274 ὲν
1733 3216 1815 3286 οἷς
1854 3217 1993 3294 ἦσαν
2018 3196 2061 3253 C

408 3307 616 3384 Πάρθοι
648 3309 743 3363 καὶ
774 3302 953 3381 Μῆδοι
989 3311 1083 3365 καὶ
1126 3309 1412 3382 Ἐλαμῖται
1459 3313 1553 3365 καί
1593 3308 1642 3366 οἰ
1684 3309 1997 3368 κὰτοίκοῦν-

406 3406 500 3485 τες
536 3400 635 3474 τὴν
680 3402 1138 3474 Μεσοποταμίαν,
1173 3402 1433 3458 Ἰουδαίαν
1465 3422 1526 3457 τε
1571 3407 1667 3459 καὶ
1704 3397 1999 3462 Καππαδο-

409 3493 554 3559 κίαν,
584 3495 789 3550 Πόντον
836 3497 931 3549 καὶ
971 3495 1070 3567 τὴν
1106 3495 1310 3563 Ἀσίαν,
1341 3497 1581 3569 Φρυγίαν
1609 3516 1673 3571 τε
1708 3498 1802 3552 καλ⁴
1837 3499 1998 3571 Παμ-

410 3583 628 3653 φυλίαν,
661 3583 935 3652 Αίγυπτον
966 3584 1060 3637 καί⁹
1086 3583 1156 3637 τὰ
1197 3586 1337 3657 μέρη
1502 3567 1708 3658 Λιϐύης
1730 3588 1830 3658 τῆς
1858 3567 2001 3642 κατὰ

409 3671 692 3744 Κυρήνην.
738 3667 898 3726 Οὗτοι
948 3671 1013 3745 δὴ
1061 3673 1155 3728 οὖν
1208 3669 1406 3739 πάντες
1449 3662 1703 3748 ὡσπερεὶ,
1741 3666 2000 3748 πρέσϐεις

411 3750 705 3834 ἐτύγχανον
762 3765 869 3819 τῶν
918 3766 1119 3831 ὲθνῶν,
1170 3768 1273 3839 τῆς
1319 3771 1414 3823 τοῦ
1469 3770 1625 3840 ἁγίου
1684 3771 2002 3842 Πνεύματος

413 3854 670 3941 ἀπαρχῆς
727 3848 1142 3926 κατηξίωμένοι.
1186 3854 1346 3910 Ἀλλά
1395 3859 1504 3929 γὰρ
1561 3858 1699 3930 μετά
1758 3861 1885 3923 τοὺς
1941 3859 2002 3924 ἐξ

415 3936 718 4016 Αἰγύπτου,
767 3947 862 4001 καὶ
909 3946 1048 4019 μετὰ
1096 3948 1196 4020 τὴν
1253 3947 1646 4020 προφθάσασαν
1694 3949 1998 4017 Αἰθιοπίαν,

414 4034 545 4128 ἑξῆς
577 4041 633 4093 αἰ
650 4032 863 4130 ,λοιπαὶ-
890 4032 1156 4111 βασιλεῖαι
1196 4026 1298 4127 τῆς
1325 4041 1430 4111 γῆς
1457 4041 1767 4107 καλοῦνται,
1802 4042 2000 4128 δηλαδὴ

416 4121 512 4186 καί.
537 4131 605 4186 τὰ
636 4121 740 4185 ύπδ
768 4126 990 4196 ταύταις
1022 4130 1171 4204 ἔθνη.
1202 4123 1294 4185 Διὸ
1331 4132 1674 4201 ὲπιλέγεται-
1703 4153 1721 4185 ι
1752 4136 1817 4188 Αἰ
1849 4121 2002 4205 βασι-

415 4216 555 4275 λεῖαι
579 4221 679 4292 τῆς
717 4222 841 4292 γῆς,
892 4221 1059 4294 ᾇσατε
1100 4220 1179 4292 τῷ
1208 4220 1346 4292 Θεῷ,
1381 4221 1588 4291 ψάλατε
1618 4221 1695 4293 τῷ
1724 4208 1931 4294 Κὺρίῳ.
1976 4242 1995 4276 ι

423 4314 493 4365 Ἀ
533 4312 628 4366 καί⁵
665 4299 773 4365 οὐδ’
811 4311 984 4377 ἄλλως
1115 4311 1203 4365 διὰ
1253 4312 1420 4384 μόνης
1465 4294 1566 4384 τῆς
1609 4313 1703 4367 τοῦ
1750 4293 2000 4386 Σωτῆρος

418 4396 575 4475 ⁴ήμῶν
606 4395 956 4493 διδασκαλίας
988 4404 1175 4493 τέλους
1218 4405 1533 4475 ἐτύγχανεν.
1570 4404 1685 4459 Ούκ
1725 4406 1872 4460 ἔστιν
1909 4403 2000 4460 οῦν

418 4492 590 4560 ἔθνος,
633 4487 695 4549 οὗ
741 4488 914 4567 χώρα,
964 4487 1025 4548 οὗ
1078 4496 1233 4564 γένος
1281 4490 1603 4570 ἀνθρώπων,
1650 4500 1712 4552 ού
1756 4499 1999 4571 βασιλεία

2086 1936 2310 1991 familia:
2339 1933 2652 2005 gentium”.
2681 1951 2698 1983 ι
2721 1929 3032 1986 Secundum
3050 1925 3301 1996 Aquilam
3328 1941 3384 1977 ει
3403 1921 3661 1991 Ξιιιίορς

2089 2041 2379 2083 accurrere
2410 2024 2584 2079 faciet
2639 2036 2861 2077 manum
2909 2034 3066 2076 suam
3115 2017 3259 2084 Deo;
3289 2033 3308 2068 ι
3354 2011 3656 2070 secundum

2091 2116 2528 2190 Symmachum:
2565 2112 2886 2182 «Ethiopla
2950 2111 3173 2166 festinet
3244 2108 3377 2162 dare
3434 2118 3663 2160 manum

2091 2210 2254 2265 Deo.»
2296 2207 2378 2262 Ex
2405 2207 2637 2279 historia
2674 2221 2840 2277 porro
2888 2205 3014 2259 licet
3062 2217 3182 2257 eam
3223 2214 3359 2279 rem,
3384 2197 3662 2268 impletam

2090 2302 2277 2358 dicere
2310 2301 2365 2354 in
2400 2278 2682 2368 IEthiOpe,
2709 2297 2872 2366 cujus
2901 2294 3235 2349 mentionem
3272 2278 3479 2345 habent
3526 2287 3662 2342 Acta

2090 2391 2488 2465 apostolorum.
2552 2389 2676 2459 Ipse
2729 2401 2966 2456 namque
3017 2380 3247 2439 caeteras
3292 2388 3484 2451 gentes
3547 2376 3661 2431 fere

2096 2483 2379 2556 praavenit,
2412 2481 2718 2536 Salvatoris
2748 2479 3063 2549 cognitione
3090 2466 3219 2530 ante
3261 2488 3452 2554 omnes
3476 2470 3669 2542 digna-

2094 2584 2203 2630 tus.
2245 2571 2532 2640 Quomodo
2566 2581 2749 2625 autem
2799 2568 2960 2640 legati
3010 2566 3261 2623 venerint
3303 2566 3368 2618 ex
3402 2560 3666 2633 Egypto,

2092 2666 2312 2723 rursum
2366 2671 2629 2719 enarrant
2678 2661 2818 2716 Acta
2872 2658 3270 2729 apostolorum,
3320 2654 3416 2709 ubi
3442 2652 3667 2715 dicitur,

2096 2760 2151 2814 in
2190 2757 2279 2813 die
2328 2755 2685 2810 Pentecostes
2743 2737 3011 2822 Spiritum
3063 2759 3315 2805 sanctum
3373 2745 3675 2816 replevisse

2094 2848 2338 2910 domum,
2371 2844 2464 2901 ubi
2500 2836 2660 2899 erant
2693 2843 2950 2912 apostoli,
2997 2834 3319 2912 sedisseque
3348 2851 3517 2906 supra
3551 2850 3674 2890 om-

2097 2956 2197 2997 nes
2250 2921 2347 3011 qui
2400 2936 2652 2993 aderant.
2694 2911 2752 2989 in
2799 2934 3001 3005 quibus
3043 2939 3201 3007 erant
3249 2911 3458 2993 l’artlti,
3504 2926 3668 2990 Medi,

2096 3010 2359 3096 Elamitae,
2415 3038 2469 3086 et
2516 3026 2610 3098 qui
2671 3026 2991 3081 habitabant
3062 3010 3531 3094 Mesopotamiam,
3573 3017 3675 3074 ιιι--

2097 3122 2267 3177 daaam
2318 3128 2374 3175 et
2422 3117 2850 3191 Cappadociam,
2886 3106 3127 3170 Pontum
3155 3123 3210 3169 et
3242 3113 3455 3178 Asiam,
3496 3110 3672 3182 Phry-

2095 3215 2238 3286 giam
2270 3221 2325 3269 et
2372 3211 2776 3283 Pamphyliam,
2815 3208 3112 3281 Egyptum
3154 3196 3209 3262 et
3267 3208 3454 3276 partes
3487 3202 3674 3275 Libym

2095 3306 2246 3362 circa
2275 3290 2630 3376 Cyrenem“.
2672 3300 2738 3355 lli
2770 3301 2937 3373 igitur
2971 3293 3165 3355 Omnes
3210 3312 3310 3352 ceu
3348 3296 3509 3367 legati
3538 3310 3672 3365 gen-

2098 3402 2233 3457 tium
2291 3405 2470 3463 erant,
2520 3396 2760 3468 Spiritus
2807 3395 2982 3450 sancti
3019 3391 3275 3471 primitiis
3314 3378 3518 3444 donati.
3569 3391 3667 3442 At-

2101 3495 2247 3550 enim
2281 3500 2409 3564 post
2425 3490 2737 3563 Egyptios,
2780 3495 2904 3560 post
2945 3473 3283 3555 Ethiopiam
3317 3497 3439 3553 qua:
3469 3494 3675 3552 praeve-

2098 3596 2278 3649 nerat,
2320 3592 2516 3640 cetera
2545 3581 2745 3639 deinde
2792 3596 2956 3652 regna
2995 3582 3154 3634 terra}
3182 3577 3473 3637 vocantur,
3522 3571 3672 3627 vide-

2099 3677 2230 3732 licet
2308 3684 2500 3745 gentes
2564 3675 2634 3729 iis
2690 3658 2973 3741 subjectae.
3048 3654 3230 3737 Quare
3286 3665 3673 3736 sttbjtmgitur:

2106 3767 2336 3838 tRegna
2388 3778 2570 3833 terrae,
2628 3773 2847 3820 cantate
2904 3763 3034 3828 Deo,
3106 3754 3322 3834 psallite
3382 3757 3671 3813 Domino.»

2103 3861 2235 3927 Quae
2265 3875 2374 3914 non
2428 3844 2538 3913 alio
2585 3838 2748 3912 modo
2792 3871 2956 3926 quam
3006 3871 3103 3925 per
3150 3868 3315 3909 unam
3366 3849 3679 3907 Servatoris

2101 3950 2278 4008 nostri
2326 3950 2636 4005 doctrinam
2681 3948 2843 4002 linem
2898 3951 3253 4014 acceperunt.
3294 3942 3456 3997 Nulla
3509 3942 3680 4011 igitur

2102 4058 2255 4114 gens,
2283 4041 2432 4096 nulla
2463 4041 2637 4112 regio,
2658 4039 2873 4093 nullum
2904 4052 3078 4107 genus
3119 4036 3426 4100 hominum,
3454 4035 3671 4095 nullum

2082 4136 2160 4203 in
2192 4140 2309 4189 toto
2335 4132 2469 4188 orbe
2495 4144 2747 4202 regnum,
2793 4128 2850 4183 in
2890 4144 3001 4199 quo
3030 4144 3140 4184 non
3173 4128 3362 4200 populi
3396 4127 3506 4182 Deo
3538 4141 3677 4182 con-

2101 4227 2311 4300 gregati
2332 4226 2550 4298 juSSum
2580 4234 2979 4296 exsequantur.
3035 4222 3136 4276 Hie
3160 4237 3293 4277 vero
3324 4236 3544 4277 rursum
3586 4236 3682 4275 eao

2102 4333 2232 4375 nere
2280 4316 2411 4393 Deo,
2465 4316 2697 4387 psallere
2740 4300 2970 4370 Domino
3015 4314 3191 4383 jubet
3243 4329 3350 4369 non
3401 4329 3498 4384 per
3545 4313 3677 4367 illud

2103 4416 2338 4480 quatuor
2363 4408 2671 4463 litterarum
2705 4421 2924 4470 nomen,
2976 4405 3072 4462 sed
3103 4421 3170 4461 eo
3215 4405 3310 4476 qui
3360 4405 3680 4476 vulgaribus

2103 4502 2390 4558 elementis
2431 4498 2771 4556 enuntiatur.-
2813 4486 2989 4568 Atque
3035 4505 3095 4553 ut
3138 4498 3343 4554 clarius
3375 4497 3682 4569 perspicia-

418 4580 541 4640 καθ’
583 4576 712 4659 ὅλης
740 4588 838 4665 τῇς
880 4589 1223 4659 οἰκουμένης,
1257 4589 1384 4644 ἔνθα
1433 4582 1553 4662 οὐχὶ
1601 4589 1718 4644 λαοὶ
1759 4591 1839 4662 τῷ
1880 4592 1992 4663 Θεῷ

2102 4610 2225 4649 mus
2255 4594 2378 4665 quis
2420 4594 2491 4648 sit
2530 4593 2621 4649 ille
2647 4579 2933 4656 Dominus,
2987 4590 3212 4648 subdit:
3253 4609 3272 4642 ι
3299 4590 3401 4657 Qui
3436 4589 3682 4645 ascendit

419 4672 709 4742 συστάντες
738 4662 800 4733 τδ
831 4678 1106 4751 κέλευσμα
1136 4681 1560 4755 ἀποπληροῦσιν.
1583 4682 1751 4738 Πάλιν
1781 4668 1837 4737 δέ
1871 4662 1999 4740 xiv-

417 4768 591 4823 ταῦθα
618 4769 764 4842 ᾅδειν
794 4771 894 4840 μὲν
922 4771 1245 4843 προστάττει
1271 4772 1353 4843 τῷ
1385 4772 1523 4844 Θεῷ,
1561 4774 1782 4844 ψάλλειν
1824 4775 1882 4829 δὲ
1919 4776 2021 4845 τῷ.-

415 4860 608 4933 Κυρίῳ
623 4864 721 4934 οὐχ
742 4863 827 4916 ἵνα
845 4863 919 4935 (1)
936 4862 1030 4917 τοῦ
1046 4866 1494 4937 τετραγράμμου,
1508 4866 1586 4937 τῷ
1601 4867 1656 4921 δὲ
1674 4869 2000 4942 κοινοτέροις

422 4954 703 5024 στοιχείοις
747 4953 1060 5026 δηλουμένῳ
1100 4956 1342 5027 ὀνόματι.
1379 4958 1490 5011 Καὶ
1529 4959 1617 5013 ἵνα
1669 4960 1998 5031 σαφέστερον

418 5045 636 5117 γνῶμεν
650 5045 735 5135 τίς,
748 5064 877 5099 ποτε
896 5043 963 5133 ἦν
982 5040 1135 5112 οὗτος
1153 5049 1182 5100 ὁ
1208 5048 1429 5135 Κύριος,
1448 5036 1803 5106 ὲπισυνάπτει
1822 5051 1999 5121 λέγων

420 5140 578 5214 ἑξῆς·
614 5161 634 5194 ι
664 5127 755 5214 Τῷ
802 5129 1149 5215 ὲπιόεόηκὸτι
1190 5144 1284 5198 ἐπὶ
1326 5127 1418 5200 τόν
1451 5146 1677 5219 οὐρανὸν
1706 5146 1799 5201 τοῦ
1831 5149 1998 5219 οὑραο

410 5233 513 5297 ,νοῦ
563 5235 706 5289 κατὰ
747 5235 1010 5300 ἀνατολάς
1029 5253 1044 5268 ο
1100 5255 1118 5288 ι
1171 5237 1375 5309 σφόδρα
1422 5237 1728 5301 ἀκολούθως
1745 5255 1759 5268 ο
1813 5224 1997 5310 ἐπειδὴ

419 5324 529 5395 γὰρ
575 5325 665 5379 διὰ
719 5324 830 5379 τῶν
881 5326 1137 5398 ἀνωτέρω
1185 5327 1401 5400 εἴρητοο
1435 5347 1455 5379 ι
1501 5329 1878 5399 Ὀδοποιήσατε
1921 5312 2000 5401 τῷ

421 5409 782 5501 ἐιπιδεὸηκότι⁸
830 5417 924 5470 ἐπὶ
978 5417 1219 5489 δυσμῶν,
1271 5420 1475 5491 Κύριος
1532 5419 1702 5491 ὖνομα
1754 5403 1935 5492 αύτῷο
1975 5439 1995 5473 ι

423 5505 727 5572 ἀκολούθως
751 5506 842 5561 διὰ
878 5507 989 5562 τῶν
1017 5509 1156 5581 μετά
1188 5511 1376 5581 χεῖρας
1404 5510 1585 5564 οὐκέτι
1615 5510 2000 5583 ὲπιδεὸηκέναι

426 5600 585 5653 αὐτὸν
624 5600 718 5655 ἐπὶ
758 5600 975 5672 δυσμῶν
1008 5617 1193 5672 φησιν,
1222 5601 1337 5658 ἀλλ’
1365 5601 1458 5667 ὲπί
1491 5586 1581 5656 τδν
1613 5603 1840 5676 οὐρανὸν
1878 5603 1999 5660 κατ’

494 5712 540 5744 ⁵⁸
562 5704 711 5770 Psal.
743 5731 859 5779 xxI,
888 5715 979 5773 28'.
1055 5716 1100 5749 ”
1126 5717 1247 5774 Act.
1281 5716 1342 5784 u',
1373 5716 1525 5775 1-1οι

498 5805 572 5878 (ἰ)
593 5804 734 5878 Lege
758 5808 819 5861 οὑ
847 5807 953 5863 διά.

2108 4702 2273 4758 super
2301 4686 2500 4741 ca‘élum
2537 4685 2663 4740 οωιί
2694 4685 2760 4739 ad
2790 4685 3095 4741 orientem:
3128 4703 3145 4735 ι
3192 4682 3355 4752 idque
3383 4681 3676 4736 admodum

2106 4785 2525 4849 consequenter,
2549 4778 2676 4849 quia
2705 4777 2958 4848 superius
2989 4775 3197 4829 dictum
3229 4774 3330 4827 fuit
3355 4793 3369 4828 :
3409 4790 3427 4824 ι
3458 4775 3567 4829 lter
3602 4773 3682 4827 fa-

2106 4872 2216 4928 cile
2240 4871 2286 4926 ei
2311 4871 2405 4941 qui
2431 4870 2679 4927 ascendit
2703 4885 2867 4941 super
2889 4881 3166 4929 occasum,
3196 4864 3459 4921 Dominus
3481 4880 3679 4920 nomen

2106 4963 2238 5020 illi.»
2282 4946 2326 5018 E
2356 4980 2416 5020 re
2466 4964 2523 5019 in
2570 4963 2824 5035 praesenti
2871 4975 2983 5016 non
3033 4958 3108 5014 ait
3137 4958 3318 5029 ipsum
3363 4957 3681 5013 ascendisse

2104 5073 2269 5137 super
2314 5072 2593 5121 occasum,
2652 5056 2747 5112 sed
2798 5068 2964 5124 super
3017 5050 3218 5108 cmlum
3261 5048 3329 5103 ad
3381 5044 3687 5103 orientem.

2103 5149 2209 5205 Par
2237 5151 2436 5222 quippe
2472 5156 2590 5205 erat
2623 5163 2725 5203 nos
2762 5147 2857 5218 qui
2897 5146 3225 5201 descensura
3267 5142 3389 5210 ejus
3429 5140 3675 5197 edidice-

2104 5232 2312 5307 ramus,
2357 5241 2591 5297 reditum
2643 5242 2772 5295 item
2821 5237 3062 5294 edoceri.
3126 5233 3441 5290 Descensus
3485 5232 3672 5301 itaque

2090 5342 2165 5389 ut
2214 5333 2435 5390 deitatis
2477 5348 2592 5389 sua:
2622 5332 2831 5387 Iumina
2861 5330 3168 5387 occultaret
3198 5325 3267 5380 ad
3303 5339 3559 5380 occasum
3594 5322 3678 5377 fa-

2104 5433 2232 5479 ctus
2254 5435 2368 5491 est;
2414 5437 2679 5479 ascensus
2708 5428 2890 5477 autem
2939 5417 3063 5491 ejus
3089 5419 3155 5474 ad
3196 5417 3396 5473 caelum
3425 5415 3574 5477 cmli.
3607 5416 3675 5469 ad

2111 5515 2400 5581 orientem,
2435 5516 2507 5570 ob
2541 5513 2836 5585 gloriosam
2895 5511 3018 5583 ejus
3056 5511 3114 5566 in
3169 5510 3369 5566 caelum
3408 5507 3676 5577 remigra—

2105 5606 2329 5663 tionem.
2370 5604 2485 5661 Hoc
2514 5620 2681 5676 porro
2708 5603 2916 5660 dictum
2946 5603 3198 5674 exemplo
3222 5601 3356 5657 solis
3378 5597 3679 5669 intelligas.
