4056 6416
402 375 502 430 7'21

1535 373 2042 432 COMMENTARIA
2081 372 2148 427 IN
2188 370 2528 428 PSALMOS.
3571 366 3679 421 7‘23

367 469 377 540 θ
401 496 527 566 τταᾴ
555 490 636 560 οἷς
674 498 708 567 ὴ
757 493 1198 567 μεγαλοπρέπεια
1238 494 1402 550 αὑτοῦ
1451 495 1780 566 ὲγνωρίζετο
1803 513 1817 527 ο
1853 495 1979 548 οὔτις

2107 491 2420 559 «Quoniam
2474 492 2684 545 elevata
2743 500 2828 544 est
2903 488 3306 559 magnificentia
3361 499 3450 541 tua
3509 501 3675 554 super

369 569 372 587 ³
399 585 496 656 τῆς
529 586 781 656 θεότητος
813 587 980 639 αὑτοῦ
1013 587 1370 659 καλουμένης.
1397 588 1488 640 Διὸ
1512 587 1757 641 λέλεκται
1785 590 1843 640 ὲν
1874 587 1992 640 ἑτέ--

366 677 372 722 ⁵
403 679 516 744 ροίς
539 692 551 706 ⁸
588 694 608 728 ‹
651 677 770 730 Ὀτι
813 677 1024 748 ἐπήρθη
1059 679 1090 748 ἡ
1130 677 1578 748 μεγαλοπρέπεια
1613 695 1706 731 σου
1740 677 1995 748 ὑπεράνω

399 765 509 818 τῶν
539 766 798 839 οὐρανῶν.
850 787 868 818 t
898 769 1020 822 Ὅτι
1053 768 1109 822 δὲ
1145 770 1207 821 οὐ
1235 769 1437 833 πάντες
1466 771 1516 822 οἱ
1552 769 1610 836 ἐξ
1655 770 1870 840 Ἰσραὴλ
1900 763 1992 822 οὗ-

404 875 483 912 τοι
526 859 760 931 Ἰσραὴλ,
792 859 912 913 οὐδὲ
953 862 1033 914 ὅτι
1074 863 1184 915 elei.
1237 861 1459 933 σπέρμα
1495 861 1745 933 Ἀδραάμ
1795 865 1993 927 πάντες

400 951 567 1005 τέκνα
587 967 600 981 ’
634 951 727 1004 καὶ
753 952 828 1016 ὼς
863 952 926 1005 οὐ
951 951 1021 1007 τὰ
1054 952 1219 1005 τέκνα
1262 954 1360 1024 τῆς
1390 951 1592 1024 σαρκὸς
1619 951 1792 1006 ταῦτα
1823 954 1990 1008 τέκνα

400 1041 494 1093 τοῦ
531 1041 695 1094 Θεοῦο
737 1042 859 1096 οὐδὲ
880 1045 908 1097 6
933 1044 992 1097 ἐν
1019 1040 1097 1113 τῷ
1136 1042 1356 1114 φανερῷ
1399 1043 1650 1107 Ἰουδαῖός
1671 1045 1840 1109 ἐστιν,
1872 1045 1994 1099 οὐδὲ

401 1131 520 1199 ήὲν
554 1129 632 1201 τῷ
662 1131 883 1202 φανερῷ
933 1132 990 1184 ὲν
1042 1131 1205 1202 σαρκὶ
1254 1133 1545 1204 περιτομὴ,
1579 1133 1693 1187 ἀλλ’
1737 1136 1768 1188 6
1811 1136 1870 1187 ὲν
1915 1133 1994 1204 τῷ

399 1223 625 1294 κρυπτῷ
659 1225 929 1288 Ἰουδαῖος,
959 1227 1053 1280 καὶ
1078 1226 1347 1299 περιτομὴ
1373 1226 1598 1297 καρδίας
1625 1230 1681 1281 ὲν
1699 1227 1989 1298 πνεύματι,

396 1315 459 1368 οὐ
488 1316 798 1387 γράμματι,
833 1317 1074 1373 διδάσκει
1105 1318 1291 1388 σαφῶς
1317 1320 1346 1371 6
1379 1320 1720 1384 Ἀπὸστολος.
1748 1321 1872 1374 Ἐπὶ
1900 1321 1991 1374 τὸν

412 1406 628 1478 Ἰσραὴλ
646 1409 876 1480 τοίνυνὴ
913 1411 1360 1482 μεγαλοπρέπεια
1401 1411 1564 1465 αὐτοῦ
1588 1429 1600 1443 ·
1631 1412 1766 1467 ἀλλὰ
1792 1413 1888 1466 καὶ
1911 1433 1929 1464 ι
1957 1415 1992 1485 ἡ

396 1497 624 1568 δύναμις
667 1499 829 1553 αὐτοῦ
856 1503 914 1555 ἐν
938 1505 1056 1566 ταῖς
1089 1504 1370 1573 νεφέλαις·
1411 1524 1431 1557 t
1463 1506 1590 1578 περὶ
1635 1499 1711 1559 ὧν
1763 1508 1990 1572 Ἡσαΐας

398 1588 640 1653 θεσπίζει
677 1591 874 1660 λέγων·
917 1611 937 1645 ι
970 1595 1080 1648 Καὶ
1115 1597 1236 1659 ταῖς
1268 1595 1516 1665 νεφέλαις
1561 1597 1878 1668 ὲντελοῧμαι
1916 1600 1990 1670 μὴ

397 1678 585 1751 βρέξαι
627 1683 720 1734 ἐπὶ
767 1683 858 1736 τὸν
904 1685 1202 1755 ἀμπελῶνα
1233 1687 1408 1741 ὑετόν.
1446 1706 1466 1740 ι
1513 1688 1732 1759 Ἐδήλου
1776 1689 1832 1742 δὲ
1879 1691 1988 1762 ἄρα

397 1773 528 1836 τοὺς
565 1776 851 1845 προφήτας
879 1778 972 1830 καὶ
1021 1779 1146 1842 τοὺς
1187 1778 1298 1832 τῶν
1343 1779 1502 1834 θείων
1545 1781 1881 1852 μαθημάτων
1909 1783 1990 1836 δι-

2096 585 2375 638 ρωιοε“τ.ι
2423 581 2579 648 Quod
2626 590 2951 634 autemnon
2997 595 3187 634 omnes
3227 578 3323 648 qu-i
3369 594 3435 632 ex
3471 576 3675 630 Israelc

2095 684 2245 738 sunt,
2276 676 2439 730 Israel
2469 672 2702 729 vocandi
2733 676 2874 739 siut;
2909 689 3086 742 neque
3113 673 3242 741 quia
3274 687 3459 726 semen
3500 669 3675 724 Abra-

2094 767 2178 821 hae
2203 773 2352 828 sunt,
2391 764 2514 819 ideo
2549 779 2741 818 omnes
2791 763 2883 816 Iilii
2928 763 3050 832 ejus
3097 763 3237 826 sint;
3285 761 3543 831 quodque
3579 760 3673 813 lilii

2094 860 2280 913 carnis
2309 874 2418 914 non
2469 859 2564 911 lilii
2597 858 2692 912 Dei
2741 857 2850 911 sint
2871 857 2936 919 ⁸⁸,
2989 871 3166 926 neque
3222 855 3314 924 qui
3362 855 3541 924 palam
3578 851 3677 907 ιυ-

2093 949 2265 1011 daaus.
2297 966 2424 1005 vere
2464 950 2592 1004 talis
2621 951 2714 1008 sit.
2748 964 2928 1019 neque
2958 963 3088 1004 vera
3121 947 3473 1002 circumcisio
3505 947 3576 1002 sit
3611 963 3702 1026 ea.

2093 1056 2216 1112 qua:
2250 1041 2306 1096 in
2339 1056 2506 1096 carne
2537 1040 2632 1104 fit;
2669 1041 2767 1096 sed
2795 1038 3021 1096 Iudaeus
3049 1055 3210 1096 verus
3252 1040 3306 1094 in
3345 1038 3586 1102 occulto,
3620 1048 3676 1092 et

2091 1133 2447 1189 circumcisio
2476 1133 2660 1189 cordis
2697 1134 2750 1187 in
2783 1133 2984 1203 spiritu
3005 1175 3020 1199 ,
3067 1147 3177 1187 non
3209 1133 3265 1186 in
3294 1132 3476 1186 littera
3507 1131 3671 1194 sit",

2093 1224 2242 1277 clare
2272 1224 2433 1278 docet
2458 1225 2774 1295 Apostolus.
2819 1223 2997 1294 Super
3028 1221 3200 1278 Israel
3251 1222 3421 1291 igitur
3461 1222 3673 1292 magni-

2091 1315 2310 1370 ﬁcentia
2336 1316 2456 1386 ejus
2481 1334 2496 1383 ;
2539 1315 2636 1372 sed
2663 1316 2832 1388 etiam
2866 1334 2884 1366 ι
2911 1316 3090 1370 virtus
3112 1315 3232 1384 ejus
3265 1316 3319 1369 in
3351 1315 3622 1370 nubibus:
3645 1333 3668 1368 ο

2091 1411 2162 1466 de
2193 1410 2394 1480 quibus
2442 1411 2612 1465 Isaias
2639 1410 2969 1465 vaticinatur
3022 1409 3250 1464 dicens:
3294 1427 3312 1460 ι
3341 1407 3408 1462 Et
3434 1409 3672 1465 nubibus

2094 1503 2367 1558 mandabo
2394 1518 2464 1558 ne
2492 1501 2682 1571 pluant
2708 1517 2875 1572 supra
2901 1502 3118 1558 vineam
3156 1501 3400 1571 pluviam
3418 1501 3500 1568 7°;
3528 1519 3547 1552 ι
3584 1501 3670 1555 in-

2092 1596 2288 1651 dicans
2343 1596 2553 1651 scilicet
2606 1595 2925 1665 prophetas,
2979 1602 3035 1652 et
3069 1595 3379 1649 divinarum
3411 1594 3667 1663 diseipli--

2091 1702 2286 1740 narum
2339 1686 2617 1749 doctores,
2647 1686 2762 1756 qui,
2796 1685 3252 1741 subministrante
3280 1684 3514 1755 Spiritu,
3557 1699 3673 1740 c0;—

2091 1778 2214 1834 Iesti
2242 1778 2423 1848 pluvia
2451 1779 2664 1834 animas
2694 1779 2982 1834 hominum
3011 1786 3072 1832 ut
3098 1779 3302 1834 bonum
3338 1793 3528 1849 agrum
3553 1777 3676 1831 irri»

391 1863 715 1932 δασκάλους,
749 1869 798 1921 οἳ
829 1871 895 1940 τῇ
935 1870 1028 1922 τοῦ
1073 1870 1391 1940 Πνεύματος
1419 1873 1654 1946 χορηγίᾳ
1697 1875 1788 1928 τὸν
1829 1876 1979 1946 οὐρά-

2092 1870 2314 1940 gabant.
2356 1871 2434 1924 Ita
2464 1885 2594 1941 ergo
2622 1872 2799 1925 virtus
2835 1870 2958 1940 ejus
2991 1872 3047 1924 in
3083 1870 3353 1926 nubibus.
3401 1889 3422 1921 ι
3444 1869 3672 1924 Mirabi-

394 1973 508 2011 νιον
535 1957 688 2010 ὑετὸν
711 1962 830 2023 ταῖς
867 1958 976 2014 τῶν
1013 1960 1312 2032 ἀνθρώπων
1335 1963 1533 2034 ψυχαῖς
1579 1964 1768 2038 ὥσπερ
1790 1967 1848 2018 ὲν
1883 1965 1990 2036 χὼ-

393 2065 516 2118 ραις
545 2049 776 2117 ἀγαθαῖς
801 2052 1121 2122 ὲπήρδευον.
1169 2052 1356 2118 Οὕτως
1407 2050 1499 2108 οὖν
1550 2055 1642 2109 καὶ
1681 2058 1713 2126 ή
1761 2055 1988 2127 δύναμις

393 2138 558 2192 αὐτοῦ
607 2142 664 2194 ὲν
685 2143 806 2206 ταῖς
842 2142 1110 2212 νεφέλαις.
1147 2162 1168 2197 ι
1195 2145 1519 2217 Θαυμαστὸς
1563 2149 1591 2200 6
1635 2147 1764 2212 Θεὸς
1792 2148 1850 2200 ὲν
1877 2151 1988 2211 τοῖς

390 2229 571 2298 ἁγίοις
593 2231 781 2296 αὐτοῦ,
814 2251 832 2285 ι
873 2233 1079 2306 ἑτέροις
1100 2232 1216 2290 οὖσι
1238 2237 1388 2310 παρὰ
1409 2239 1534 2302 τοὺς
1561 2239 1988 2311 προωνομασμέ-

388 2338 513 2386 νους
534 2324 819 2393 προφήτας
851 2325 946 2378 καὶ
973 2326 1328 2392 ἀποστόλους.
1365 2328 1522 2393 Τίνες
1547 2329 1590 2383 δ’
1619 2329 1683 2383 ἂν
1710 2325 1819 2383 εἷεν
1845 2325 1987 2385 οὗτοι

390 2413 504 2466 ἀλλ’
528 2415 578 2466 ei
606 2413 666 2478 ἐξ
695 2416 949 2470 ἁπάντων
973 2417 1081 2471 τῶν
1108 2420 1282 2474 ὲθνῶν
1313 2421 1536 2490 ἁγνείας
1559 2423 1652 2478 καὶ
1679 2423 1985 2495 ἁγιωσύνης

391 2503 716 2585 ἠξιωμένοι,
747 2507 804 2560 ὲν
831 2501 912 2570 οἷς
941 2509 1036 2561 καὶ
1069 2509 1383 2581 θαυμαστός
1405 2514 1553 2566 ἐστιν
1578 2515 1606 2566 6
1634 2515 1786 2578 Θεὸς,
1813 2514 1986 2578 διδοὺς

387 2594 572 2657 αὐτοῖς
599 2593 826 2666 δύναμιν
868 2598 963 2650 καὶ
1002 2601 1358 2670 κραταίωσιν.
1389 2604 1480 2657 Διὸ
1522 2603 1789 2673 συνῆπται
1828 2604 1980 2676 ἑξῆς·

392 2701 413 2733 ι
455 2683 512 2736 ’0
538 2683 672 2747 Θεὸς
717 2687 934 2758 Ἰσραὴλ
959 2689 1120 2751 αὐτὸς
1148 2689 1310 2744 δώσει
1335 2691 1566 2764 δύναμιν
1592 2697 1684 2747 καὶ
1714 2697 1985 2766 κραταίω-

390 2789 474 2826 σιν
505 2772 582 2844 τῷ
612 2774 728 2845 λαῷ
756 2777 944 2840 αὐτοῦ.
971 2779 1261 2850 εὐλογητὸς
1289 2783 1317 2834 ὁ
1346 2783 1497 2848 Θεός.
1535 2805 1554 2836 t
1580 2786 1749 2840 Πάλιν
1777 2787 1833 2841 δὲ
1858 2788 1980 2842 κάνο

387 2864 560 2917 ταῦθα
601 2865 830 2936 δύναμιν
877 2870 1192 2937 ἀναγκαίως
1220 2871 1418 2927 διδόναι
1445 2874 1690 2930 λέλεκται
1726 2878 1803 2948 τῷ
1843 2879 1983 2952 ἁγίῳ

391 2951 499 3020 λαῷ
527 2953 715 3018 αὑτοῦ,
766 2955 854 3009 ἵνα
899 2957 1122 3030 δύνηται
1171 2960 1386 3032 λέγειν’
1421 2981 1439 3015 ι
1482 2964 1667 3021 Πάντα
1719 2969 1883 3038 ἰσχύω
1923 2951 1981 3023 ἐν

386 3046 465 3116 τῷ
489 3047 879 3120 ὲνδυναμοᾶντί
909 3069 995 3122 με.
1027 3071 1045 3103 t
1071 3055 1217 3114 Ἔδει
1248 3056 1376 3129 γὰρ,
1407 3057 1595 3130 ὥσπερ
1615 3064 1729 3124 τοῖς
1752 3065 1978 3132 εὐαγγε-

387 3137 687 3210 λιζομένοις
717 3141 896 3200 δέδοτο
918 3143 1072 3214 ῥῆμα
1106 3149 1204 3200 σὺν
1229 3148 1456 3222 δυνάμει
1490 3152 1682 3226 πολλῇ,
1709 3154 1851 3209 οὕτω
1885 3156 1977 3209 καὶ

2096 1963 2162 2018 lis
2211 1960 2354 2016 Deus
2390 1962 2445 2015 in
2496 1963 2704 2018 sana-tis
2759 1963 2932 2026 suis”
2987 1962 3083 2032 qui
3135 1963 3227 2016 aiii
3280 1972 3470 2017 sunta
3503 1977 3673 2030 supra

2093 2054 2410 2110 memoratis
2459 2054 2742 2123 prophetis
2794 2063 2849 2109 et
2919 2055 3208 2126 apostolis.
3264 2053 3504 2120 Quinam
3562 2054 3668 2120 illi,

2094 2146 2200 2202 nisi
2242 2146 2334 2217 qui
2370 2162 2436 2201 ex
2463 2147 2724 2200 omnibus
2767 2147 3026 2217 gentibus
3062 2148 3322 2203 castitate
3367 2155 3424 2203 et
3467 2148 3674 2204 sancti-

2093 2239 2277 2294 monia
2310 2238 2500 2294 donati
2534 2239 2699 2295 sunt?
2727 2240 2782 2294 in
2823 2240 3024 2309 quibus
3075 2239 3348 2294 mirabilis
3388 2238 3535 2296 Deus
3562 2248 3670 2304 est.

2093 2335 2188 2405 qui
2218 2334 2482 2392 virtutem
2503 2341 2560 2388 et
2587 2333 2757 2388 robur
2780 2333 2916 2402 ipsis
2948 2333 3230 2402 impertiit.
3263 2335 3448 2398 Quare
3475 2332 3682 2401 deinde,

2093 2426 2442 2496 subiungitur
2473 2444 2484 2479 :
2548 2443 2566 2476 ι
2589 2423 2732 2480 Deus
2781 2421 2950 2479 Israel
3000 2423 3119 2493 ipse
3153 2423 3306 2477 dabit
3337 2423 3590 2477 virtutem
3619 2430 3674 2478 et

2093 2521 2472 2575 fortitudinem
2517 2518 2662 2587 plebi
2728 2533 2865 2581 suat,
2913 2516 3245 2572 benedictus
3304 2514 3503 2571 Deus.»
3571 2513 3673 2570 llic

2092 2626 2312 2668 rursum
2369 2610 2628 2664 virtutem
2679 2617 2878 2664 sancto
2924 2609 3130 2677 popqu
3180 2609 3302 2677 ejus
3354 2608 3671 2664 necessario

2089 2702 2205 2756 dari
2241 2701 2338 2763 ait,
2390 2708 2450 2754 ut
2479 2699 2656 2770 possit
2685 2699 2869 2754 dicere
2909 2717 2921 2752 :
2981 2718 2999 2750 ι
3025 2697 3219 2752 Omnia
3253 2706 3476 2769 pessum
3506 2699 3565 2754 ia
3605 2714 3672 2752 eo

2089 2794 2183 2864 qui
2232 2808 2318 2848 me
2364 2791 2760 2848 confortat“.t
2799 2789 3058 2860 Oportuit
3085 2791 3258 2854 enim,
3291 2797 3348 2844 ut
3385 2790 3666 2857 evangeli-

2090 2883 2344 2939 zantibus
2378 2883 2605 2939 verbum
2635 2881 2824 2936 datum
2874 2880 3053 2934 fuerat
3079 2895 3202 2934 cum
3237 2882 3440 2935 virtute
3469 2880 3666 2942 multa,

2089 2973 2164 3027 ita
2195 2987 2416 3043 quoque
2452 2971 2656 3042 populo
2702 2970 2826 3040 ejus
2877 2970 3045 3024 robur
3077 2978 3132 3024 et
3162 2969 3417 3024 virtutem
3455 2969 3668 3026 submi-

2088 3063 2338 3128 nistrari,
2372 3070 2432 3117 ut
2465 3063 2640 3133 possit
2685 3073 2877 3118 contra
2910 3065 3187 3118 versutias
3233 3062 3440 3117 diaboli
3481 3062 3668 3117 censio

2089 3164 2253 3223 stere,
2287 3171 2350 3212 ac
2384 3156 2614 3228 perinde
2643 3164 2806 3226 atque
2838 3155 3042 3212 Paulus
3073 3156 3259 3210 dicere
3293 3173 3304 3209 :
3352 3173 3372 3208 ι
3401 3153 3536 3220 Quis
3566 3169 3670 3208 nos

382 3230 461 3308 τῷ
504 3230 618 3304 λαῷ
658 3233 830 3288 αὐτοῦ.
873 3237 1207 3306 κραταίωσιν
1263 3242 1359 3294 καὶ
1399 3243 1628 3316 δύναμιν
1689 3250 1969 3319 παρέχειν,

2084 3249 2350 3320 separabit
2383 3264 2412 3302 a
2444 3249 2716 3304 charitate
2743 3248 2873 3303 Dei?
2913 3248 3221 3312 tribulatio,
3273 3263 3343 3302 an
3382 3247 3666 3320 angustia,

383 3321 520 3391 πρὸς
554 3324 614 3377 τὸ
641 3324 898 3381 δύνασθαι
940 3329 1190 3388 ἵστασθαι
1237 3334 1374 3404 πρὸς
1419 3335 1521 3401 τὰς
1553 3337 1834 3410 μεθοδείας
1879 3341 1970 3395 τοῦ

2082 3359 2150 3397 an
2184 3341 2518 3413 persecutio,
2546 3356 2615 3394 an
2645 3339 2880 3396 fames"
2901 3339 2924 3392 ?
2947 3360 2964 3392 θ
3004 3350 3060 3396 et
3088 3341 3173 3396 his
3201 3338 3424 3394 similia.

380 3411 651 3484 διαϐόλου,
673 3423 765 3474 καὶ
804 3421 983 3492 λέγειν
1016 3424 1218 3495 ὁμοίως
1283 3427 1513 3500 Παύλῳ·
1571 3450 1592 3484 ι
1624 3433 1721 3499 Τίς
1779 3437 1926 3506 ἡμᾶς
1963 3411 2200 3508 χωρίσει⁷
2231 3437 2339 3491 ἀπὸ
2381 3437 2481 3507 τῆς
2525 3436 2746 3505 ἀγάπης
2797 3431 2891 3488 τοῦ
2932 3432 3108 3498 Θεοῦς
3160 3433 3338 3502 θλίψις
3382 3431 3416 3504 ἢ
3489 3447 3671 3487 στενο-

382 3509 578 3579 χωρία,
607 3508 642 3580 ἢ
667 3510 925 3583 διωγμὸς,
968 3515 1001 3587 ἢ
1048 3517 1241 3588 λιμός
1268 3537 1290 3573 ι
1323 3521 1424 3579 καὶ,
1447 3521 1516 3578 τὰ
1554 3524 1766 3590 τούτοις
1802 3528 2178 3601 παραπλήσια.
2530 3555 2532 3558 ν

383 3619 492 3673 EI}:
533 3619 620 3677 ΤΟ
661 3623 918 3696 ΤΕΑΟΣ,
971 3627 1164 3690 ΥΠΕΡ
1219 3632 1355 3684 ΤΩΝ
1401 3635 1972 3696 ΑΛΛΟωΘΗΣΟΜΕς

822 3695 982 3759 NnN,
1024 3699 1113 3768 T9
1152 3701 1382 3761 ΔΑΥιΔ.
1415 3702 1540 3760 sua

458 3797 481 3829 ι
522 3778 706 3836 Σῶσόν
760 3799 850 3852 με,
896 3785 925 3835 ὁ
969 3785 1121 3851 Θεὸς,
1155 3789 1236 3840 ὅτι
1285 3793 1606 3863 είσήλθοσαν
1655 3797 1825 3854 ὕδατα
1869 3800 1975 3864 ἕως

385 3867 562 3961 ψυχῆς
621 3889 741 3942 μου-
789 3892 806 3925 ι
870 3875 1141 3946 Τέτταρές
1197 3881 1335 3936 εἰσιν
1393 3885 1445 3940 οἱ
1502 3886 1972 3961 ἐπιγεγραμμένοι

389 3979 408 4011 ‹
455 3959 626 4033 ’Υπὲρ
651 3963 759 4018 τῶν
782 3965 1327 4041 ἀλλοιωθησομὲνωνο
1369 3993 1387 4025 ›
1423 3975 1516 4030 δύο
1544 3979 1642 4049 μὲν
1665 3959 1759 4034 τοῦ
1782 3959 1978 4046 νΔ-αυῒδ,

386 4055 411 4106 6
443 4054 582 4145 μετά
609 4058 797 4127 χεῖρας
822 4062 914 4112 καὶ
939 4062 968 4114 6
999 4061 1096 4114 v0"
1119 4063 1228 4116 τῶν
1261 4065 1319 4118 δὲ
1348 4066 1481 4121 υἱῶν
1501 4071 1646 4142 Κορὲ
1671 4066 1774 4138 εἷς,
1803 4075 1831 4128 6
1868 4075 1972 4145 μδ¹,

388 4144 480 4194 καὶ
526 4145 620 4196 τοῦ
665 4145 835 4216 Ἀσάφ
881 4149 1083 4218 ὁμοίως
1129 4153 1158 4204 6
1199 4152 1294 4206 σθ’.
1342 4155 1466 4210 Ἐπὶ
1510 4159 1726 4213 πάντων
1764 4161 1819 4216 δὲ
1853 4144 1973 4218 ἀντὶ

387 4232 502 4325 τοῦ,
547 4253 566 4286 ι
611 4236 783 4313 ’Υπὲρ
831 4239 941 4294 τῶν
986 4242 1522 4319 ἀλλοιωθησομένων,
1559 4273 1577 4302 ι
1612 4255 1641 4306 6
1676 4255 1773 4325 μὲν
1814 4255 1972 4309 Ἀκύσ

387 4324 502 4389 λας,
538 4346 557 4378 ι
608 4329 731 4382 Ἐπὶ
775 4332 998 4402 κρίνων,
1035 4355 1052 4387 t
1100 4336 1430 4393 6x6é6wxav'
1480 4344 1509 4394 6
1551 4344 1608 4397 δὲ
1656 4324 1970 4418 Σύμμαχος,

390 4435 407 4467 ι
455 4417 628 4489 ’Υπὲρ
668 4420 776 4474 τῶν
820 4423 1016 4479 ἀνθῶν.
1057 4445 1078 4477 ι
1126 4425 1183 4480 Ὀ
1210 4431 1307 4500 μὲν
1335 4427 1426 4485 οὖν
1462 4433 1546 4504 μδ¹
1571 4434 1668 4506 τὴν
1715 4417 1971 4508 πείριτοῦ

398 4508 707 4580 Ἀγαπητοῦ
758 4517 1096 4587 προφητείαν
1136 4525 1401 4592 περιεῖχε,
1448 4525 1548 4596 τῆς
1589 4544 1648 4580 τε
1698 4527 1757 4593 ἐξ
1801 4529 1969 4583 ἐθνῶν

2077 3639 2143 3699 IN
2192 3640 2445 3705 FINEM,
2485 3636 2628 3692 PRO
2676 3635 2764 3691 IIS
2815 3635 2934 3702 QUI
2987 3633 3664 3698 COMMUTABUNTUR,

2520 3708 2649 3763 IPSI
2692 3707 2927 3762 DAVID.
2971 3705 3202 3760 LXVIII.

2148 3799 2317 3857 Vsus.
2349 3802 2404 3861 9.,
2437 3802 2489 3856 5.
2531 3819 2548 3853 ι
2589 3800 2812 3855 Salvum
2843 3815 2929 3856 me
2967 3799 3075 3860 fac,
3103 3797 3268 3860 Deus,
3303 3796 3562 3868 quoniam
3591 3796 3668 3852 in-

2079 3902 2364 3950 traverunt
2386 3909 2540 3962 aqua:
2569 3907 2742 3962 usque
2773 3892 2842 3965 ad
2863 3891 3102 3946 animam
3131 3904 3330 3944 meam.
3363 3907 3382 3940 ι
3419 3888 3670 3954 Quatuor

2078 3984 2274 4057 psalmi
2311 4002 2330 4034 ο
2385 3982 2496 4036 Pro
2545 3982 2614 4037 iis
2667 3982 2765 4052 qui
2802 3980 3290 4036 commulabuntur
3346 4000 3365 4032 ι
3412 3981 3664 4054 ἰιιεειεὶρῖί

2078 4079 2228 4128 sunt.
2262 4070 2380 4126 Duo
2413 4069 2658 4132 Davidis.
2693 4085 2889 4140 nempe
2923 4069 3012 4123 bie
3061 4085 3222 4138 quem
3278 4078 3580 4128 tractamus
3612 4081 3668 4129 et

2079 4181 2172 4218 ιιι
2203 4183 2216 4218 :
2247 4163 2482 4217 ﬁliorum
2511 4161 2652 4216 Core
2675 4177 2838 4222 unus,
2857 4160 3068 4215 scilicet
3091 4175 3216 4214 χειν
3240 4179 3255 4228 ;
3285 4162 3411 4232 Αεθι
3432 4163 3488 4216 hi
3514 4164 3666 4220 siuti-

2074 4257 2198 4310 liter
2230 4270 2418 4309 Lxxlx.
2451 4253 2509 4306 In
2537 4251 2797 4308 omnibus
2846 4267 3013 4322 porro
3040 4251 3189 4306 illius
3221 4252 3361 4320 loco,
3396 4274 3413 4304 ι
3460 4254 3566 4310 Pro
3598 4256 3664 4312 iis

2077 4347 2170 4418 qui
2201 4347 2711 4406 commutabuntur,
2753 4364 2774 4396 ι
2811 4345 3030 4414 Aquila,
3065 4363 3084 4397 ι
3121 4343 3296 4418 Super
3320 4346 3451 4412 lilia,
3488 4365 3506 4398 ι
3545 4347 3662 4402 edi.

2078 4440 2160 4496 dit
2187 4458 2202 4506 ;
2228 4438 2590 4510 Symmachus
2621 4453 2772 4500 vero,
2806 4456 2824 4488 ι
2869 4437 2974 4490 Pro
3004 4435 3249 4492 ﬂoribus.
3291 4458 3309 4488 ι
3350 4436 3666 4510 Quadrage-

2079 4533 2253 4587 simus
2282 4532 2466 4600 itaque
2497 4537 2730 4599 quartus
2760 4529 2828 4584 de
2861 4527 3070 4582 Dilecto
3111 4531 3472 4599 prophetiam,
3498 4539 3662 4602 atque

398 4601 721 4698 ῗῌκκλησίας
767 4605 865 4678 τὴν
899 4609 1008 4662 ἀπὸ
1050 4611 1157 4664 τῶν
1188 4615 1442 4686 χειρόνων
1483 4618 1578 4672 ἐπὶ
1618 4619 1688 4674 τὰ
1736 4621 1970 4693 κρείττω

2084 4625 2312 4698 gentium
2354 4623 2617 4678 Ecclesiae
2650 4637 2679 4674 a
2721 4622 3004 4691 pejoribus
3039 4622 3104 4676 ad
3141 4621 3367 4676 meliora
3411 4624 3664 4676 immuta-

383 4694 668 4750 ἀλλοίωσιν
691 4716 704 4730 ο
748 4701 776 4751 6
819 4701 877 4755 δὲ
922 4709 1288 4774 πεντηκοστὸς
1333 4709 1520 4776 ἔνατος
1559 4713 1832 4785 ἀποϐολὴν
1872 4715 1966 4768 τοῦ

397 4787 666 4844 Ἰουδαίων
697 4790 883 4858 ἔθνους
913 4795 1006 4850 καὶ
1037 4798 1146 4851 τῶν
1179 4800 1490 4870 ἀλλοφύλων
1530 4803 1700 4859 ἐθνῶν
1741 4806 1840 4876 τὴν
1874 4808 1972 4860 ἐπὶ

382 4875 450 4927 τὰ
479 4876 739 4944 κάλλιστα
770 4883 1103 4955 μεταϐολήνο
1145 4889 1173 4940 6
1200 4889 1257 4941 δὲ
1284 4890 1358 4942 οθ¹
1392 4888 1547 4957 αὖθις
1577 4895 1676 4965 τὴν
1707 4875 1806 4949 τοῦθ
1839 4896 1968 4949 Ἰου-

380 4965 544 5020 δαίων
571 4969 756 5035 ἕθνους
785 4975 1123 5043 ἀπόπτωσιν,
1151 4982 1245 5034 καὶ
1278 4981 1370 5034 τοῦ
1393 4985 1646 5057 Σωτῆρος
1674 4987 1833 5058 ἡμῶν
1867 4988 1965 5059 τὴν

381 5058 791 5132 ὲνανθρὼπησιν
826 5067 1098 5137 σημαίνει.
1129 5072 1366 5136 Εἰκότως
1395 5070 1488 5127 οὖν
1517 5078 1611 5130 καὶ
1641 5079 1669 5129 6
1695 5077 1832 5148 μετὰ
1859 5058 1969 5149 χεῖ-

385 5168 501 5225 ρας,
556 5171 574 5204 ι
623 5154 793 5228 ’Υπὲρ
840 5159 947 5214 τῶν
988 5162 1520 5236 ἀλλοιωθησομένων,
1576 5187 1593 5217 t
1627 5169 1684 5238 ἢ,
1731 5189 1748 5220 ‹
1798 5172 1966 5244 ’Υπὲρ

381 5245 488 5298 τῶν
503 5245 708 5335 ἀνθῶν,
741 5269 760 5300 ι
793 5253 934 5305 κατὰ
955 5255 1045 5308 τὸν
1081 5257 1483 5330 Σύμμαχον,’ἢ,
1518 5279 1535 5310 ι
1560 5261 1684 5315 Ἐπὶ
1706 5263 1959 5335 κρίνων.»

383 5334 525 5388 κατὰ
555 5336 645 5392 τὸν
689 5338 934 5407 ᾋκύλαν,
963 5345 1363 5418 ἐπιγέγραπται
1385 5368 1396 5380 ο
1427 5353 1615 5424 ἐπειδὴ
1646 5334 1756 5424 τὴν
1777 5357 1870 5408 ἐπὶ
1903 5357 1963 5409 τὸ

382 5428 562 5499 χεῖρον
611 5428 891 5486 ἀλλοίωσιν
926 5437 1020 5490 τοῦ
1057 5440 1121 5491 ἐκ
1165 5443 1470 5513 περιτομῆς
1503 5442 1631 5496 λαοῦ
1678 5446 1770 5498 καὶ
1802 5447 1963 5511 αὐτὸς

382 5520 647 5592 περιέχει,
676 5521 787 5588 οὒς,
815 5526 974 5597 κρίνα
1004 5532 1097 5584 καὶ
1124 5533 1258 5602 ἄνθη
1290 5535 1430 5589 κατὰ
1460 5536 1649 5608 καιρὸν
1674 5537 1960 5609 ὀφθέντας,

379 5611 415 5678 ἡ
446 5612 538 5665 ἐπὶ
579 5612 646 5665 τὰ
671 5616 845 5687 χείρω
871 5618 1140 5689 διεδέξατο
1186 5628 1475 5701 μεταϐολή.
1510 5628 1730 5683 Ἀνθεσι
1755 5631 1812 5683 δὲ
1861 5633 1961 5684 αὑ-

455 5727 497 5762 ⁸τ
521 5726 663 5813 Psal.
703 5749 822 5800 vm,
899 5738 952 5794 2.
1033 5743 1076 5775 ⁸⁸
1107 5741 1264 5800 Ilom.
1303 5761 1378 5813 ix,
1411 5747 1518 5802 6-8..

382 5811 501 5860 vm,
533 5798 619 5854 35.

1625 5749 1667 5781 ⁸ο
1692 5748 1851 5807 Itom.
1887 5768 1946 5818 ιι,
1982 5753 2072 5825 28,
2111 5755 2202 5811 29.

2074 4720 2298 4781 tionem,
2353 4715 2778 4785 complectitur;
2819 4714 3310 4786 quinquagesimus
3345 4730 3524 4770 nonus
3565 4717 3663 4771 ab-

2067 4809 2363 4879 jectionem
2387 4805 2601 4862 Iudaici
2625 4806 2833 4878 populi,
2853 4806 3392 4877 alienigenarumque
3416 4809 3656 4878 gentium

2074 4903 2142 4956 ad
2193 4898 2647 4970 prmstantissima
2674 4897 3092 4952 conversionem
3125 4914 3138 4963 ;
3179 4911 3397 4952 rursum
3434 4909 3660 4969 septua-

2074 4993 2314 5063 gesimus
2354 5007 2534 5046 nonus
2583 4988 2800 5044 Iudaici
2831 4989 3016 5059 populi
3053 4989 3285 5060 lapsum,
3320 4997 3374 5043 et
3409 4989 3660 5044 Salvato-

2076 5089 2153 5142 ris
2207 5087 2382 5142 nostri
2439 5084 2870 5139 incarnationem
2937 5081 3229 5152 signiﬁcat.
3281 5080 3412 5136 Jure
3472 5083 3712 5152 itaque,

2074 5197 2314 5252 praesens
2346 5182 2474 5236 item
2507 5181 2773 5250 psalmus,
2813 5198 2834 5226 ι
2869 5176 2973 5231 Pro
3012 5176 3080 5232 iis
3108 5177 3200 5246 qui
3233 5175 3655 5232 commutabun-
3707 5171 3713 5177 ’

2072 5282 2200 5340 tur;
2250 5296 2268 5325 ι
2304 5280 2400 5326 aut
2449 5291 2466 5322 ι
2505 5269 2608 5325 Pro
2649 5269 2896 5329 ﬂoribus.
2944 5292 2959 5318 ι
3006 5275 3064 5322 ut
3110 5267 3651 5338 Symmachus;aut,

2077 5385 2095 5418 ι
2132 5368 2309 5436 Super
2333 5365 2468 5429 lilia,
2506 5382 2528 5415 ›
2567 5373 2627 5417 ιιι
2664 5361 2881 5432 Aquila.
2915 5360 3216 5430 inscriptus
3246 5367 3351 5422 est,
3385 5359 3512 5429 quia
3551 5376 3652 5430 po-

2064 5457 2180 5526 puli
2208 5473 2275 5512 ex
2306 5454 2732 5511 circumcisione
2765 5452 2829 5508 ad
2860 5453 3047 5522 pejora
3087 5451 3442 5506 mulationem
3477 5452 3656 5508 conti-

2065 5556 2180 5612 net,
2233 5547 2327 5618 qui
2374 5561 2498 5601 cum
2553 5545 2683 5599 liliis
2739 5550 2792 5598 et
2835 5542 3066 5598 ﬂoribus
3114 5543 3243 5597 olim
3291 5543 3499 5598 similes
3547 5544 3650 5597 visi

2066 5637 2324 5701 fuissent,
2377 5637 2491 5706 jam
2535 5635 2603 5688 ad
2655 5635 2929 5690 deteriora
2984 5633 3350 5689 declinarunt.
3397 5632 3650 5688 Floribus

2307 5758 2355 5789 το
2395 5758 2504 5811 Isa.
2541 5773 2592 5822 ν,
2629 5753 2682 5817 ϐ.
2746 5777 2748 5779 >
2783 5757 2826 5788 ⁷ι
2852 5753 3090 5827 Pliilipp.
3127 5771 3201 5819 Hi,
3248 5755 3333 5809 1:5,.
3413 5757 3458 5787 ⁷³
3487 5754 3646 5809 Rom.
