4056 6414
361 382 460 418 τ-δτ

371 400 464 436 ιζ.)

1039 383 1310 442 ΕυεΕΒη
1348 370 1829 440 οᾹίεΑιιιΕΝειε
1866 382 2016 437 ore.
2057 380 2237 435 rans
2273 379 2360 436 Ill.
2394 410 2461 421 -
2500 375 2908 449 EXEGEI‘ICA.

3512 370 3616 425 ’ῑϋ

359 505 544 553 autem
571 498 696 553 illos
737 497 910 555 isaias
963 511 1246 570 comparat
1276 502 1502 559 dicens:
1539 521 1556 553 ι
1589 501 1781 574 Omnis
1806 516 1936 578 caro

2042 500 2162 561 τοὺς
2188 494 2524 569 παραϐάλλει
2552 496 2646 548 καὶ
2678 496 2708 546 6
2742 494 2967 556 Ἡσαΐας
2992 491 3165 560 λέγων
3186 508 3199 522 ·
3240 507 3258 540 ι
3295 490 3452 544 Πᾶσα
3477 489 3615 561 σὰρξ

359 590 566 656 fenum,
598 595 653 642 et
683 590 863 645 omnis
890 591 1062 660 gloria
1097 592 1219 661 ejus
1248 594 1403 662 quasi
1440 593 1538 648 flos
1571 591 1702 669 feni.
1742 591 1935 669 Exsic-

356 685 539 737 Catum
570 687 656 733 est
706 679 913 743 fenum,
954 688 1008 734 et
1042 672 1143 736 llos
1181 681 1381 736 decidit
1408 672 1475 736 τ’.
1522 702 1540 734 ι
1593 668 1761 747 Queis
1813 668 1938 750 spe-

355 770 567 825 ciosum
600 768 752 824 illum
775 770 843 824 ad
871 770 1034 825 breve
1059 778 1276 845 tempus
1302 771 1585 827 ﬂorentem
1611 785 1935 841 corporeum

353 856 667 931 Iudaeorum
700 860 907 914 cultum
947 859 1075 915 feno
1105 869 1161 915 et
1189 861 1415 917 ﬂoribus
1447 861 1679 917 confert.
1710 859 1768 915 In
1795 875 1935 931 pra:-

358 954 500 1028 senti
532 969 750 1025 quoque
779 952 955 1007 ﬂoridi
986 968 1175 1009 eorum
1212 962 1387 1010 status
1412 955 1478 1009 ad
1505 955 1778 1009 deteriora
1811 971 1936 1008 mu—

355 1044 619 1111 tationem
657 1052 711 1099 et
741 1044 1155 1099 conversionem
1187 1043 1428 1099 declarat
1470 1045 1524 1099 in
1559 1045 1933 1115 sequentibus,

358 1137 451 1207 ubi
493 1136 697 1192 dicitur
727 1156 741 1191 :
769 1155 788 1188 ι
826 1135 944 1191 Fiat
976 1152 1164 1193 mensa
1218 1152 1409 1193 eorum
1463 1152 1647 1191 coram
1698 1137 1834 1208 ipsis
1880 1137 1935 1191 in

354 1210 651 1298 laqueum,
703 1234 758 1281 et
812 1227 866 1281 in
914 1209 1329 1301 retributionem
1382 1234 1437 1282 et
1482 1228 1535 1281 in
1590 1228 1933 1283 scandalum.

355 1317 733 1393 Obscurentur
760 1318 905 1373 oculi
948 1333 1164 1397 eorum,
1216 1333 1287 1397 ne
1337 1310 1581 1387 videant,
1639 1338 1657 1371 ι
1712 1326 1819 1373 etc.
1874 1318 1938 1370 Et

356 1408 484 1483 quia
517 1408 698 1483 longis
730 1416 917 1478 postea
940 1394 1280 1479 temporibus
1319 1409 1435 1464 haec
1465 1417 1727 1465 eventura
1752 1414 1931 1469 erant,

358 1495 698 1559 necessario,
742 1514 759 1546 ι
794 1493 852 1548 ln
893 1494 1080 1552 linem.
1123 1512 1144 1548 ι
1180 1493 1506 1565 inscriptum
1554 1502 1659 1550 est.
1697 1494 1763 1547 Et
1806 1509 1936 1548 vero

356 1599 536 1654 neque
573 1586 841 1656 psalmus,
882 1600 1059 1655 neque
1102 1586 1399 1649 canticum,
1451 1601 1629 1656 neque
1677 1585 1930 1656 hymnus,

361 1689 535 1744 neque
559 1675 690 1744 quid
721 1675 901 1730 simile
930 1682 1015 1754 est
1043 1693 1056 1728 :
1089 1676 1217 1744 quia
1268 1690 1331 1730 ea
1376 1690 1497 1745 qum
1524 1676 1938 1746 subsequuntur

357 1782 466 1820 non
516 1775 885 1823 consentanea
914 1766 1008 1820 tali
1062 1767 1224 1839 titulo
1274 1776 1451 1823 erant.
1503 1766 1685 1834 Quare
1729 1770 1937 1825 dixeris

2042 592 2252 663 χόρτος,
2282 588 2375 642 καὶ
2401 590 2551 642 πᾶσα
2582 587 2708 652 δόξα
2740 586 2909 657 αὐτῆς
2937 584 3014 649 ὼς
3053 583 3211 648 ἄνθος
3238 583 3432 654 χόρτου
3451 600 3466 614 ⁸
3494 582 3619 653 ἐξητ

2046 683 2214 756 ράνθη
2247 684 2275 735 6
2316 682 2531 753 χόρτος,
2564 683 2658 733 καὶ
2685 680 2747 733 τὸ
2788 678 2946 742 ἄνθος
2974 676 3200 744 ἐξέπεσε
3224 692 3238 707 ⁸
3277 694 3296 728 ›
3348 675 3415 728 δι’
3439 667 3514 728 ὧν
3555 675 3620 728 τὸ

2042 777 2178 848 πρὸς
2218 774 2425 847 βραχύν
2452 790 2573 826 τινα
2612 772 2801 844 χρόνον
2834 770 3072 841 ἀνθ-ἦσαν
3100 768 3195 822 καὶ
3226 768 3427 840 ὡραῖον
3454 766 3622 837 ἁφθὲν

2041 869 2139 940 τῆς
2168 866 2485 939 σωματικῆς
2519 852 2789 919 Ἰουδαίων
2833 860 3127 933 θρησκείας
3169 861 3348 933 χόρτῳ
3385 860 3482 914 καὶ
3522 859 3623 927 ἅν-

2043 948 2191 1011 θεσιν
2238 956 2544 1021 ἀπεικάζει.
2582 956 2691 1009 Καὶ
2734 953 2823 1007 διὰ
2862 953 2972 1007 τῶν
3016 952 3392 1024 προκειμένων
3436 951 3621 1004 τοίνυν

2041 1054 2138 1126 τὴν
2169 1054 2451 1108 ἀλλοίωσιν
2482 1052 2575 1106 καὶ
2605 1052 2706 1123 τὴν
2741 1050 2832 1103 ἐπὶ
2871 1050 2933 1103 τὸ
2960 1051 3140 1121 χεῖρον
3192 1046 3488 1119 μεταϐολὴν
3516 1047 3621 1117 τῆς

2041 1137 2210 1217 ἅνθης
2237 1146 2355 1218 (sic)
2400 1144 2578 1199 αὐτῶν
2623 1143 2920 1214 παρίστησι
2964 1140 3166 1223 προῖὼν
3248 1139 3406 1208 λόγος
3446 1140 3504 1193 ἐν
3536 1134 3621 1204 οἷς

2043 1255 2176 1310 φησι
2198 1255 2213 1268 ο
2252 1257 2270 1289 ι
2304 1236 2592 1308 Γενηθήτω
2624 1236 2659 1307 ἡ
2683 1232 2932 1303 τράπεζα
2973 1232 3153 1287 αὐτῶν
3185 1229 3414 1286 ἐνώπιον
3440 1228 3623 1283 αὐτῶν

2041 1329 2122 1393 είς
2150 1328 2355 1398 παγίδα
2394 1326 2490 1380 καὶ
2523 1327 2604 1389 είς
2648 1323 3002 1379 ἀνταπόδοσιν
3041 1323 3135 1377 καὶ
3182 1324 3263 1386 εἰς
3305 1321 3617 1375 σκάνδαλον.

2042 1418 2488 1491 Σκοτισθήτωσαν
2516 1421 2566 1473 οἱ
2590 1416 2860 1487 ὀφθαλμοὶ
2884 1415 3063 1470 αὐτῶν
3087 1402 3197 1468 τοῦ
3215 1413 3290 1485 μὴ
3326 1412 3564 1483 βλέπειν,
3595 1431 3617 1463 ι

2041 1512 2135 1566 καὶ
2160 1511 2227 1565 τὰ
2249 1511 2397 1581 ἐξῆς.
2422 1512 2533 1566 Καὶ
2560 1509 2858 1581 ἐπειδήπερ
2894 1510 3124 1579 μακροῖς
3150 1492 3377 1576 ὕστερον
3408 1502 3625 1575 χρόνοις

2039 1604 2215 1658 ταῦτα
2245 1603 2310 1656 δι’
2339 1603 2516 1683 ἔργων
2547 1603 2744 1674 χωρεῖν
2770 1599 3011 1671 ἔμελλον,
3036 1597 3346 1666 ἀναγκαίως
3380 1613 3400 1648 ι
3420 1597 3531 1660 Είς
3560 1595 3626 1649 τὸ

2041 1696 2193 1760 τέλος
2230 1715 2248 1746 ι
2284 1695 2724 1767 προγέγραπται.
2760 1690 2899 1746 Οῦτε
2945 1690 3002 1744 δὲ
3045 1688 3259 1761 ψαλμός
3290 1691 3458 1753 ἐστιν,
3497 1688 3624 1748 οὔτε

2041 1787 2169 1860 ᾠδὴ,
2203 1787 2326 1842 οὔτε
2370 1788 2557 1857 ὖμνος,
2581 1784 2705 1839 οὔτε
2745 1802 2800 1838 τι
2841 1781 3118 1837 τοιοῦτοψ
3146 1782 3269 1835 ἐπεὶ
3312 1781 3448 1853 μηδὲ
3491 1788 3629 1837 κατ-

356 1860 698 1934 propbetiam
724 1875 849 1915 esse
881 1875 950 1914 ex
978 1875 1212 1931 persona
1245 1859 1554 1919 Servatoris
1577 1862 1755 1918 nostri
1785 1878 1939 1918 enar-

2042 1859 2244 1950 άλληλα
2270 1866 2340 1953 ἦν
2384 1878 2454 1963 τά
2485 1877 2847 1961 ἐπιλεγόμενα
2906 1874 3130 1947 τοιαύτῃ
3169 1876 3487 1947 προγραφῇ.
3533 1872 3629 1929 Διδ

356 1953 532 2008 rantis
575 1966 639 2008 ea
673 1968 796 2023 qua:
834 1953 941 2010 sibi
977 1956 1168 2024 postea
1205 1954 1594 2025 contigerunt;
1625 1944 1938 2026 praedictio-

356 2059 591 2114 nemque
618 2060 808 2099 eorum
838 2061 958 2116 quae
980 2044 1186 2101 Judaeis
1215 2056 1337 2117 post
1372 2053 1558 2102 tantos
1587 2062 1758 2111 ausus
1790 2047 1940 2102 illata

355 2143 507 2191 sunt.
545 2136 774 2192 Orditur
811 2135 998 2208 itaque
1045 2129 1307 2193 Ser‘vator
1345 2139 1650 2194 orationem
1683 2140 1940 2195 eminens

354 2228 424 2283 ad
470 2228 687 2286 Patrem
740 2230 828 2303 bis
877 2231 1059 2286 verbis
1112 2250 1126 2285 :
1185 2249 1205 2283 ι
1248 2230 1470 2286 Salvum
1504 2247 1590 2288 me
1638 2232 1745 2295 fac,
1773 2231 1940 2297 Deus,

353 2320 616 2390 quoniam
688 2322 1035 2378 intraverunt
1106 2338 1262 2394 aquae
1321 2338 1499 2394 usque
1565 2323 1634 2378 ad
1700 2325 1939 2382 animam

355 2427 554 2469 meam.
591 2431 611 2465 ι
658 2411 1037 2485 Videnturque
1073 2416 1204 2470 mihi
1243 2406 1313 2470 de
1342 2415 1610 2471 industria
1646 2416 1763 2471 haec
1811 2432 1937 2473 cum

355 2504 519 2560 dictis
549 2505 605 2560 in
638 2493 966 2577 przecedenti
1002 2496 1217 2577 psalmo
1251 2506 1546 2578 conjuncta
1576 2523 1719 2564 esse.
1754 2508 1812 2563 In
1842 2508 1940 2562 illo

355 2612 593 2668 namque
644 2582 967 2652 dicebatur:
1018 2617 1036 2653 ι
1100 2597 1244 2653 Dixit
1276 2597 1579 2654 Dominus:
1632 2599 1712 2653 Ex
1759 2599 1937 2655 Basan

353 2697 692 2754 convertam,
726 2700 1043 2746 convertam
1073 2705 1139 2745 ex
1166 2691 1443 2761 profundo
1485 2692 1656 2750 maris
1678 2692 1755 2759 7‘;
1813 2710 1833 2743 ι
1882 2692 1937 2746 in

354 2782 459 2838 hoc
485 2772 687 2847 νει-0,(
723 2781 854 2839 Veni
888 2784 943 2838 in
974 2784 1318 2839 altitudinem
1343 2784 1534 2848 maris,
1556 2793 1611 2840 et
1640 2792 1940 2858 tempestas

353 2876 614 2931 demersit
639 2891 747 2931 me.
784 2896 803 2928 ι
831 2876 1087 2948 Oportuit
1108 2878 1252 2933 enim
1272 2868 1493 2933 edoceri
1518 2894 1621 2934 nos
1647 2894 1757 2950 quo
1776 2889 1938 2950 pacto

354 2969 705 3026 descenderit
736 2970 999 3027 Dominus
1019 2974 1075 3028 in
1107 2972 1306 3037 Basan,
1332 2973 1479 3051 quod
1501 2980 1588 3029 est
1611 2975 1935 3054 ignominia,

352 3071 409 3115 rt
438 3062 714 3141 quomodo
742 3064 960 3127 dixerit,
997 3085 1016 3115 ι
1051 3063 1379 3120 Convertam
1413 3080 1481 3121 ex
1520 3065 1793 3135 profundo
1822 3081 1940 3121 ma-

2041 1972 2216 2035 εἴποις
2265 1971 2329 2026 ἂν
2381 1970 2720 2045 προφητείαν
2766 1971 2830 2023 ἐκ
2875 1968 3169 2041 προσώπου
3212 1966 3308 2020 τοῦ
3369 1967 3625 2039 Σωτῆρος

2041 2064 2197 2136 ἡμῶν
2226 2063 2513 2128 διεξιόντος
2573 2062 2643 2116 τὰ
2676 2061 2805 2133 περὶ
2836 2060 3000 2114 αὑτὸν
3037 2058 3445 2130 συμϐεϐηκότα,
3493 2076 3629 2131 προ-

2041 2138 2385 2231 αναφώνησίν
2426 2175 2485 2212 τε
2529 2157 2641 2211 τῶν
2688 2156 2961 2220 Ἰουδαίοις
2982 2154 3317 2209 ἐπελθόντων
3370 2154 3507 2227 μετὰ
3556 2155 3627 2210 τά

2040 2249 2159 2302 κατ’
2194 2250 2389 2313 αὐτοὺς
2427 2247 2826 2321 τετολμημένα.
2864 2245 3195 2318 Ἀρχόμενος
3223 2244 3268 2298 δ’
3300 2239 3393 2298 οὖν
3439 2245 3469 2298 6
3507 2245 3625 2299 Σω-

2038 2342 2162 2415 τὴρ,
2189 2343 2359 2417 εὐχὴν
2382 2341 2696 2411 ἀναπέμπει
2720 2337 2858 2410 πρὸς
2889 2336 2982 2391 τὸν
3005 2335 3225 2416 Πατέρα
3243 2335 3416 2405 λέγων
3439 2353 3455 2368 ·
3485 2355 3502 2388 ι
3520 2335 3625 2390 Σῶ-

2042 2438 2134 2492 σόν
2189 2453 2278 2509 με,
2327 2437 2356 2508 6
2408 2433 2562 2509 Θεὸς,
2611 2432 2694 2486 ὅτι
2742 2429 3061 2501 είσήλθοσαν
3114 2428 3283 2482 ὕδατα
3311 2427 3417 2492 ἐως
3446 2427 3627 2500 ψυχῆς

2044 2544 2166 2600 μου.
2208 2545 2228 2605 ρ
2263 2525 2375 2581 Καί
2419 2542 2508 2596 μοι
2546 2522 2694 2601 δοκεῖ
2732 2519 2875 2574 κατὰ
2906 2519 3064 2588 λόγον
3103 2517 3277 2573 ταῦτα
3313 2521 3428 2582 τοῖς
3459 2520 3517 2572 ἐν
3545 2518 3625 2591 τῷ

2040 2618 2395 2693 προλεχθέντι
2429 2616 2698 2688 συνῆφθαι
2744 2612 2964 2684 ψαλμῷ.
3012 2614 3099 2667 Ἐν
3141 2612 3335 2683 ἐκείνῳ
3379 2611 3480 2683 μὲν
3515 2610 3623 2684 γὰρ

2038 2710 2255 2779 ἐλέγετο
2277 2724 2290 2737 ·
2330 2727 2348 2758 ι
2381 2702 2517 2760 mm
2550 2704 2756 2776 Κύριος
2776 2719 2792 2733 ⁸
2828 2700 2923 2755 Ἐκ
2952 2701 3132 2755 Βασαν
3158 2700 3490 2773 ἐπιστρέψω,
3514 2701 3622 2753 ἐπι·

2050 2802 2267 2876 στρέψω
2309 2801 2373 2853 ἐκ
2421 2797 2598 2869 βυθῶν
2630 2798 2936 2875 θαλάσσης·
2972 2814 2991 2848 ι
3030 2796 3087 2847 ἐν
3121 2794 3296 2866 τούτῳ
3322 2793 3404 2854 δὲ.
3442 2812 3461 2845 ι
3490 2788 3624 2847 Ἦλ-

2038 2892 2129 2946 θον
2159 2894 2239 2954 είς
2286 2890 2357 2944 τὰ
2391 2888 2528 2961 βάθη
2573 2888 2673 2960 τῆς
2706 2887 3005 2958 θαλάσσης,
3064 2886 3160 2939 καὶ
3202 2884 3458 2955 καταιγὶς
3495 2900 3628 2938 κατ-

2037 2983 2285 3059 επόντισέ
2331 2999 2418 3055 με.
2453 3001 2472 3033 ι
2510 2981 2659 3057 Ἔδει
2704 2979 2813 3050 γὰρ
2845 2979 2993 3057 ἡμᾶς
3019 2977 3333 3049 διδαχθῆναι
3380 2975 3499 3042 πῶς
3547 2977 3628 3039 είς

2036 3074 2344 3151 τῇηΒασὰν
2374 3070 2643 3153 κατῆλθεν
2681 3072 2711 3125 6
2755 3069 2982 3140 Κύριος,
3019 3068 3157 3139 ὅπερ
3188 3068 3335 3121 ἐστὶν
3373 3065 3625 3138 αἰσχύνη,

354 3158 456 3211 ris.
505 3175 523 3208 ι
571 3154 754 3222 Quare
803 3156 920 3210 haec
970 3157 1087 3227 ipsa
1141 3157 1195 3212 in
1230 3157 1486 3227 praesenti
1536 3157 1823 3213 declarat:
1868 3156 1939 3214 de

2042 3172 2134 3225 καὶ
2156 3169 2273 3233 πῶς
2300 3168 2505 3236 ἐλεγεν,
2537 3184 2557 3217 ι
2596 3166 2785 3218 Ἐπιστ
2799 3164 2946 3237 ρέψω
2977 3164 3042 3216 ἐκ
3070 3161 3246 3233 βυθῶν
3278 3162 3574 3235 θαλάσσης.
3600 3181 3622 3215 ι

354 3246 653 3318 ignominia
699 3248 920 3319 quidem
956 3245 1011 3303 in
1045 3249 1422 3323 sequentibus,
1449 3249 1639 3305 dicens
1669 3269 1683 3304 :
1723 3267 1743 3301 ι
1786 3249 1936 3316 Quo-

2042 3263 2130 3317 Διὸ
2163 3239 2230 3334 δή
2254 3261 2426 3331 ταῦτα
2457 3258 2597 3338 αὺτᾲ
2622 3258 2713 3312 διὰ
2740 3258 2851 3310 τῶν
2878 3253 3256 3333 προκειμένων
3291 3255 3624 3328 παρίστησι·

354 3340 503 3394 niam
529 3349 753 3412 propter
778 3349 833 3395 te
878 3342 1119 3413 sustinui
1146 3342 1526 3413 opprobrium,
1557 3343 1776 3412 operuit
1803 3357 1939 3397 con-

358 3429 503 3484 fusio
528 3425 722 3486 faciém
761 3413 936 3485 meam
964 3412 997 3497 ς’
1022 3449 1040 3483 ι
1079 3446 1143 3485 ac
1165 3412 1360 3487 rursus
1387 3450 1400 3486 :
1430 3451 1449 3485 ι
1487 3430 1570 3486 Tu
1597 3431 1707 3489 scis
1733 3433 1940 3504 impro-

356 3521 567 3592 perium
594 3536 775 3577 meum
807 3529 861 3578 et
887 3521 1270 3579 confusionem
1296 3537 1471 3579 meam
1497 3532 1553 3580 et
1579 3525 1938 3580 reverentiam

358 3629 555 3668 meam.
587 3634 606 3667 ›
646 3614 721 3670 De
746 3616 1019 3686 profundo
1049 3623 1231 3673 autem
1260 3617 1430 3672 maris
1462 3618 1620 3684 illud,
1651 3636 1673 3671 ι
1718 3616 1939 3673 Salvum

357 3718 446 3759 me
479 3703 588 3769 fac,
620 3703 784 3770 Deus,
812 3707 1071 3785 quoniam
1107 3708 1451 3764 intraverunt
1485 3694 1641 3780 aquae
1655 3725 1831 3781 usque
1872 3709 1942 3764 ad

357 3787 600 3849 animam
631 3811 831 3854 meam.
872 3797 1078 3855 lnfixus
1113 3816 1234 3856 sum
1289 3801 1343 3855 in
1393 3801 1526 3857 limo
1571 3788 1854 3872 profundi,
1884 3790 1944 3856 et

360 3902 470 3942 non
494 3874 587 3944 est.
618 3890 948 3955 substantia.
982 3891 1117 3949 Veni
1169 3874 1224 3948 in
1274 3893 1621 3949 altitudinem
1662 3894 1853 3956 maris,
1887 3900 1944 3948 et

356 3987 654 4051 tempestas
693 3981 954 4038 demersit
978 3998 1087 4037 me.
1138 4001 1156 4034 ι
1201 3981 1329 4037 Haec
1355 3984 1500 4038 enim
1540 3974 1792 4054 magnam
1828 3981 1944 4037 alii-

357 4066 583 4146 nitatem
617 4062 856 4129 habeant
888 4089 1012 4130 cum
1039 4076 1107 4129 iis
1130 4091 1252 4145 qua}
1280 4077 1337 4130 in
1378 4076 1705 4146 praecedenti
1732 4066 1946 4146 psalmo

357 4164 502 4222 dicta
538 4154 691 4229 sunt,
740 4183 938 4238 nempe
984 4168 1039 4222 in
1088 4168 1223 4222 illo:
1263 4187 1282 4219 ι
1322 4165 1470 4222 Dixit
1510 4152 1812 4223 Dominus:
1866 4152 1945 4223 Eat

356 4259 536 4315 Basan
566 4269 906 4333 convertam,
941 4270 1255 4317 convertam
1289 4262 1354 4317 ei:
1382 4260 1653 4332 profundo
1698 4263 1886 4316 maris.
1919 4279 1940 4313 ι

356 4351 495 4418 Quia
543 4352 599 4407 in
634 4353 726 4408 illo
756 4340 908 4423 ipse
943 4352 1209 4427 Dominus
1263 4354 1345 4409 sic
1397 4353 1654 4419 dicebat;
1695 4360 1751 4408 et
1799 4367 1946 4408 nunc

356 4444 841 4515 quoqueeumdem
890 4434 1067 4515 ipsum
1113 4461 1236 4524 esse
1275 4445 1368 4516 qui
1410 4446 1524 4500 hac
1552 4444 1792 4514 loquitur
1832 4445 1948 4499 exi-

359 4533 715 4589 stimandum.
1162 4532 1163 4535 “

432 4736 553 4808 Ipse
579 4738 747 4808 igitur
783 4754 944 4810 quem
974 4755 1082 4795 non
1132 4740 1301 4823 alium
1332 4756 1457 4823 esse
1504 4756 1665 4812 quam
1693 4740 1787 4797 Dei
1816 4739 1945 4798 Ver-

359 4831 491 4887 bum
523 4822 778 4911 superius
815 4818 1351 4911 demonstrarimus,
1376 4835 1682 4905 orationem
1715 4834 1945 4892 eﬂ‘undit

361 4924 430 4980 ad
459 4910 698 4989 Patrem,
728 4910 967 4980 hominis
995 4914 1160 5001 quem
1192 4927 1493 4997 assumpsit
1524 4927 1801 4984 cruciatus
1834 4930 1942 4985 sibi

360 5015 618 5090 preprios
662 5023 945 5086 reputans,
988 5032 1159 5088 quare
1209 5013 1327 5073 ait:
1368 5037 1387 5069 ι
1426 5012 1647 5077 Salvum
1699 5037 1784 5077 me
1834 5022 1941 5086 fac,

360 5106 528 5173 Deus,
550 5098 819 5178 quoniam
853 5109 1199 5187 intraverunt
1228 5125 1383 5182 aqua:
1413 5127 1587 5185 usque
1607 5113 1674 5189 ad
1706 5114 1945 5169 animam

360 5216 559 5257 meam.
611 5199 818 5256 lnﬁxus
858 5216 978 5255 sum
1013 5202 1069 5256 in
1122 5188 1253 5258 limo
1297 5192 1575 5274 profundi,
1613 5215 1669 5274 et
1704 5222 1812 5261 non
1859 5215 1946 5263 est

363 5286 689 5351 substantia.
720 5291 855 5348 Veni
886 5295 938 5348 in
967 5295 1309 5357 altitudinem
1343 5298 1533 5371 maris,
1564 5310 1618 5354 et
1647 5280 1944 5371 tempestas

364 5388 625 5443 demersit
653 5402 760 5461 me.
803 5406 821 5438 ι
855 5385 1177 5467 Praecedens
1202 5391 1388 5461 utique
1414 5376 1667 5462 psalmus
1684 5392 1770 5467 his
1796 5406 1947 5447 com-

364 5478 642 5545 pellabat:
680 5498 698 5530 ι
738 5478 846 5533 lter
868 5478 1031 5535 facite
1077 5481 1126 5536 ei
1158 5460 1275 5555 \qui
1307 5460 1555 5537 ascendit
1591 5462 1947 5551 superuocca-

364 5584 508 5649 eam,
550 5568 815 5625 Dominus
863 5587 1061 5626 nomen
1106 5573 1272 5652 illi".
1322 5593 1341 5625 ι
1379 5572 1584 5629 Deinde
1634 5588 1790 5628 suam
1821 5588 1945 5650 cum

437 5725 616 5782 "isa.
643 5746 732 5793 ιι,
763 5730 819 5792 ί),
864 5732 916 5783 7.
992 5730 1037 5761 ⁷⁸
1074 5728 1219 5783 Psal.
1261 5744 1429 5795 van,
1468 5729 1559 5785 25.
1635 5729 1682 5760 ⁷⁸
1721 5728 1852 5795 ibid.
1892 5729 1947 5784 5.

2040 3355 2170 3427 περὶ
2203 3353 2303 3425 μὲν
2345 3351 2446 3428 τῆς
2477 3350 2741 3423 αἰσχύνης
2784 3345 2990 3426 προῖὼν
3038 3346 3133 3400 καὶ
3178 3344 3390 3414 λέγων’
3440 3363 3460 3396 ι
3502 3345 3625 3398 Ὅτι

2040 3448 2204 3501 ἕνεκα
2251 3443 2348 3499 σοῦ
2395 3445 2681 3516 ὑπήνεγκα
2724 3439 3046 3511 ὀνειδισμὸν,
3079 3436 3344 3508 ἐκάλυψεν
3386 3433 3621 3509 ἐντροπὴ

2040 3539 2103 3592 τὸ
2128 3537 2420 3612 πρόσωπόν
2460 3553 2562 3609 μου
2591 3553 2606 3567 ο
2645 3556 2663 3586 ι
2707 3535 2803 3588 καὶ
2846 3531 3003 3598 αὖθις
3022 3551 3035 3564 υ
3069 3552 3086 3584 ι
3114 3532 3186 3585 Σὺ
3216 3529 3503 3601 γινώσκεις
3530 3529 3623 3583 τὸν

2043 3631 2346 3703 ὁνειδισμόν
2379 3648 2479 3702 μου
2505 3630 2600 3684 καὶ
2625 3629 2727 3699 τὴν
2758 3625 3020 3698 αἰσχύνην
3060 3644 3160 3699 μου
3187 3624 3281 3678 καὶ⁸
3314 3622 3415 3695 τὴν
3440 3625 3628 3694 ἐντρο-

2044 3728 2155 3797 πήν
2208 3731 2353 3797 μου·
2399 3745 2416 3777 ι
2475 3724 2604 3796 περὶ
2651 3722 2710 3777 δὲ
2755 3721 2851 3777 τοῦ
2898 3721 3061 3793 βυθοῦ
3099 3720 3198 3788 τῆς
3231 3717 3507 3789 θαλάσσης
3541 3714 3625 3778 τὸ,

2049 3838 2068 3869 ι
2105 3817 2287 3871 Σῶσόν
2313 3833 2401 3889 με,
2428 3818 2457 3871 6
2481 3815 2633 3885 Θεὸς,
2661 3815 2741 3868 ὅτι
2767 3814 3088 3886 εἰσήλθοσαν
3121 3810 3287 3865 ὕδατα
3318 3808 3424 3873 ἕως
3447 3807 3631 3878 ψυχῆς

2048 3908 2589 3980 μου.,Ἐνεπάγηνεὶς
2617 3905 2751 3978 ὕλην
2777 3905 2854 3976 (1)
2871 3904 3058 3976 βυθοῦ,
3089 3904 3184 3957 καὶ
3211 3902 3311 3956 οὐκ
3332 3900 3478 3953 ἐστιν
3495 3896 3630 3952 ὑπό-

2048 4019 2255 4075 στασις.
2290 3992 2494 4055 ’Ἦλθον
2524 4002 2606 4064 εἰς
2632 3998 2701 4071 τὰ
2742 3996 2880 4073 βάθη
2912 3997 3014 4068 τῆς
3036 3996 3334 4067 θαλάσσης,
3360 3992 3453 4065 καὶ
3497 4009 3632 4046 κατ·
3732 4022 3739 4026 -

2046 4095 2193 4163 αιγὶς
2221 4092 2573 4148 κατεπόντισέ
2634 4109 2723 4162 με.
2771 4110 2795 4161 ξ
2828 4088 3014 4169 Ταῦτα
3049 4076 3159 4158 γὰρ
3216 4076 3478 4156 πλείστην
3515 4083 3631 4157 ἔχοι

2049 4186 2114 4241 ἂν
2144 4185 2466 4240 ἀκολουθίαν
2495 4184 2633 4256 πρὸς
2658 4183 2725 4237 τὰ
2766 4182 2825 4234 ἐν
2852 4178 2931 4251 τῷ
2960 4179 3068 4250 πρὸ
3094 4177 3288 4231 τούτου
3313 4175 3516 4247 ψαλμῷ
3543 4174 3604 4227 λε
3628 4212 3631 4213 ν

2047 4277 2313 4349 λεγμέναθ
2347 4278 2407 4331 ἐν
2434 4275 2532 4347 τῷ,
2569 4295 2588 4326 ι
2622 4260 2799 4341 Εἶπεν*
2829 4273 2859 4325 6
2882 4270 3120 4351 Κύριοςο
3161 4268 3255 4319 Ἐκ
3286 4265 3469 4336 Bato-39v
3509 4267 3634 4319 ἐπι-

2050 4371 2288 4443 στρέψω,
2323 4366 2639 4440 ἐπιστρέψω
2685 4366 2750 4417 ἐκ
2799 4361 2975 4433 βυθῶν
3007 4359 3306 4429 θαλάσσης.
3344 4377 3364 4409 ι
3410 4355 3631 4428 Ἐπειδὴ

2049 4464 2107 4514 ἐν
2136 4450 2328 4532 ἐκείνω
2360 4459 2523 4523 αὐτὸς
2553 4453 2621 4529 ἦν
2647 4458 2676 4508 6
2698 4454 2902 4526 Κύριος
2945 4456 2974 4509 6
3010 4450 3183 4505 ταῦτα
3209 4450 3410 4520 λέγων·
3441 4448 3634 4503 ἔπειτα

1977 4575 2020 4628 ι)
2049 4553 2142 4606 καὶ
2172 4551 2270 4605 νῦν
2310 4550 2402 4629 τόν
2429 4536 2592 4617 αὐτὸν
2620 4543 2760 4619 εἶναι
2790 4543 3039 4617 ἡγεῖσθαι
3072 4541 3165 4595 τὸν
3199 4540 3269 4594 τὰ
3294 4538 3632 4611 προκείμενα

2048 4636 2332 4713 διεξιόντα.

2119 4755 2290 4820 Αὐτὸς
2316 4751 2626 4826 τοιγαροῦν,
2654 4753 2713 4807 ὃν
2751 4752 2859 4806 οὐδ’
2899 4752 3086 4823 ἕτερον
3120 4746 3259 4802 εἶναι
3287 4746 3321 4817 ἤ
3362 4743 3460 4823 τοῦ
3492 4741 3632 4797 Θεοῦ

2047 4843 2218 4911 Λόγον
2244 4841 2329 4895 διὰ
2366 4820 2804 4916 τῶνέμπροσθεν
2835 4820 3278 4912 παρεστήσαμεν,
3309 4820 3474 4907 εὐχὴν
3500 4835 3634 4888 άνα-
3678 4872 3681 4875 μ
3777 4824 3791 4841 ⁹

2050 4933 2260 5005 πέμπει
2289 4932 2369 5003 τῷ
2394 4933 2590 5006 Πατρὶ,
2630 4932 3051 5002 ίδιοποιούμενος
3076 4931 3146 4985 τὰ
3175 4929 3296 4984 καθ’
3329 4922 3390 4981 οὗ
3419 4925 3634 4998 ἀνείλη-

2050 5044 2149 5098 φεν
2180 5024 2467 5105 ἀνθρώπου
2499 5025 2645 5095 πάθη
2664 5042 2677 5056 ⁸
2712 5024 2794 5078 διό
2822 5014 2955 5095 φησι
2978 5041 2992 5054 '
3031 5043 3048 5074 ι
3086 5021 3267 5075 Σῶσόν
3300 5036 3389 5090 με,
3417 5020 3447 5072 6
3474 5015 3629 5080 Θεὸς,

2048 5119 2130 5172 ὅτι
2161 5108 2480 5190 είσήλθοσαν
2509 5106 2677 5191 ὕδατα
2707 5118 2811 5187 ἕως
2838 5116 3014 5187 ψυχῆς
3048 5129 3169 5185 μου.
3213 5110 3520 5191 Ἐνεπάγην
3550 5109 3634 5173 είς

2051 5209 2183 5280 ὓλην
2211 5207 2395 5279 βυθοῦ,
2424 5194 2519 5262 καὶ
2558 5209 2660 5262 οὐκ
2693 5207 2840 5260 ἐστιν
2874 5207 3192 5266 ὑπόστασις.
3220 5198 3423 5255 ’Ἦλθον
3451 5201 3532 5277 είς
3562 5198 3633 5252 τά

2055 5302 2191 5373 βάθη
2221 5301 2320 5373 τῆς
2354 5300 2652 5373 θαλάσσης,
2680 5299 2775 5353 καὶ
2811 5298 3065 5366 καταιγὶς
3097 5291 3454 5348 κατεπόντισέ
3486 5307 3574 5362 με.
3604 5307 3624 5342 ι

2064 5394 2120 5448 Ὁ
2154 5394 2250 5465 μὲν
2279 5388 2371 5446 οὖν
2402 5392 2509 5465 πρὸ
2543 5390 2734 5446 τούτου
2759 5390 2973 5461 ψαλμὸς
3006 5384 3343 5462 προσεφώνει
3369 5383 3594 5468 φάσκων
3613 5398 3629 5415 ⁸

2058 5503 2077 5535 ι
2126 5484 2507 5556 Ὀδοποιήσατε
2536 5483 2615 5559 τῷ
2651 5481 3001 5554 ἐπιϐεϐηκότι
3041 5482 3133 5534 ἐπὶ
3160 5477 3402 5549 δυσμῶν,
3427 5474 3635 5551 Κύριος

2052 5574 2223 5647 ὄνομα
2254 5576 2432 5647 αὐτῷ·
2474 5595 2493 5627 ›
2533 5572 2631 5634 εἶθ’
2664 5574 2792 5653 ἐξῆς
2823 5575 2922 5647 τὴν
2948 5574 3063 5644 ἅμα
3086 5569 3396 5643 ἀνθρώποις
3422 5567 3632 5661 διατριπ-

438 5767 732 5915 μδῖῖἇηιῖἶ
765 5767 1033 5893 interpres
1065 5767 1502 5889 legissehvidet’u;
1521 5771 1654 5886 ἰλύν,
1689 5767 1852 5891 quod.
1866 5815 2217 5875 verisimilius
2241 5826 2325 5873 est
2352 5828 2409 5887 et
2428 5817 2594 5893 nobis
2608 5829 2827 5886 quoque
2860 5815 3032 5884 magis
3069 5815 3266 5884 placet.
3302 5767 3459 5871 Eni'r.
