4056 6408
388 363 495 423 ’3⁸ὶὸ

1516 366 2023 424 COMMENTARIA
2060 368 2127 423 1N
2164 364 2501 423 PSALMOS.

3556 362 3658 417 726

387 485 489 558 ϐῆν
513 486 680 541 αὐτου
719 487 1011 560 παρίστησι
1037 486 1299 570 λέγων’]
1327 489 1437 543 Καὶ
1465 487 1794 558 ἀγαλλιᾶσθε
1827 486 1961 542 ὲνοῖ)⁸

2075 487 2381 543 hominibus
2408 486 2894 542 commorationem
2916 484 3234 539 enuntiabat
3269 483 3463 539 dicens
3492 502 3504 538 :
3538 502 3556 533 ι
3590 480 3657 535 Et

388 593 511 631 πιον
541 577 730 643 αὑτοῦ¹
752 578 847 632 τοῦ
874 578 1078 651 πατρὸς
1099 579 1209 637 τῶν
1240 579 1492 651 ὀρφανῶν
1520 580 1614 633 καὶ
1638 578 1823 650 κριτοῦ
1854 579 1962 632 τῶν

386 666 592 739 χηρῶν.
637 693 654 720 ο
685 668 795 722 Καὶ
830 668 937 722 τῶν
974 669 1232 740 μαθητῶν
1256 670 1314 723 δὲ
1354 669 1519 724 αὑτοῦ
1555 669 1649 723 καὶ
1692 668 1801 723 τῶν
1832 670 1968 723 ἀπο-

389 760 591 815 στόλων
633 760 731 831 τὴν
766 760 958 832 κλῆσιν
1011 762 1201 832 ἐδήλου
1252 763 1310 816 ὲν
1353 761 1452 832 τῷ,
1506 782 1524 813 ι
1569 761 1772 834 Κύριος
1809 760 1969 815 δώσει

388 853 541 924 ῥῆμα
586 857 700 917 τοῖς
742 853 1252 925 εὐαγγελιζομένοις
1302 854 1529 926 δυνάμει
1562 855 1751 925 πολλῇ.
1786 874 1804 906 ι
1854 851 1968 908 Εἶθ’

334 932 349 944 ’
383 946 510 1019 ἑξῆς
537 949 617 1012 είς
642 947 732 1001 τὸν
761 947 987 1003 θάνατον
1011 947 1174 1002 αὑτοῦ
1207 947 1431 1002 κάθοδον
1475 948 1569 1001 καὶ
1600 947 1699 1019 τὴν
1741 946 1970 1015 διέξοδον

382 1039 482 1109 τὴν
508 1038 760 1093 ἐντεῦθεν
789 1039 1070 1095 ἐδίδασκεν
1097 1042 1155 1093 ὲν
1181 1038 1279 1111 τῷ,
1312 1059 1332 1091 ι
1366 1040 1476 1092 Καὶ
1502 1039 1834 1111 τοῦ.Κυρίου
1859 1041 1971 1093 Κυ-

383 1132 498 1204 ρίου
532 1134 588 1186 αἱ
609 1132 832 1198 διέξοδοι
849 1131 940 1187 τοῦ
972 1131 1202 1185 θανάτου
1226 1148 1240 1161 ·
1270 1151 1289 1184 ι
1327 1131 1423 1185 καὶ
1447 1133 1505 1184 ὲν
1529 1130 1630 1203 τῷ,
1668 1149 1686 1181 ι
1710 1126 1846 1184 Εἷπε
1866 1130 1975 1183 Κύ-

383 1242 514 1296 ριοςο
533 1226 627 1279 Ἐκ
641 1225 819 1278 Βασὰν
835 1224 1168 1297 ἐπιστρέψω,
1182 1223 1493 1295 ἐπιστρέψω
1504 1226 1569 1277 ἐκ
1586 1223 1762 1295 βυθῶν
1779 1223 1974 1279 θαλάσ-

384 1334 543 1387 σηςί
578 1317 671 1371 ἐπὶ
697 1318 830 1370 πᾶσι
861 1317 921 1370 δὲ
946 1317 1158 1380 τούτοις
1188 1316 1287 1387 τὴν
1316 1318 1397 1379 είς
1426 1318 1686 1388 οὐρανοὺς
1714 1316 1972 1370 ἐπάνοδον

380 1408 544 1464 αὐτοῦ
565 1409 656 1463 διὰ
686 1409 782 1463 τοῦ
806 1408 975 1465 αὐτοῦ
1000 1409 1188 1481 ἐδήλου
1220 1408 1427 1479 λέγων’
1457 1409 1709 1464 σΨάλατε
1740 1409 1820 1481 τῷ
1851 1410 1980 1480 Θεῷ

381 1501 458 1573 τῷ
473 1502 823 1575 ἐπιϐεϐηκότι
850 1503 942 1556 ἐπὶ
969 1503 1060 1556 τὸν
1075 1502 1306 1574 οὐρανὸν
1327 1499 1422 1555 τοῦ
1441 1501 1671 1574 οὐρανοῦ
1698 1505 1820 1557 κατ’
1849 1505 1976 1556 ἀνα-

380 1592 561 1657 τολάς.
601 1614 620 1646 ι
657 1594 841 1648 Ταῦτα
872 1596 970 1667 μὲν
998 1613 1092 1649 ουν
1122 1597 1180 1649 ὲν
1207 1595 1439 1661 ἐκείνοις
1459 1613 1472 1627 ’
1495 1594 1586 1651 διὰ
1611 1595 1671 1649 δὲ
1701 1595 1810 1649 τῶν
1836 1612 1971 1668 προ-

380 1685 657 1756 κειμένων
691 1685 761 1740 τά
790 1688 866 1749 ῶς
890 1689 950 1741 ὲν
978 1687 1305 1759 παραδρομῇ
1342 1687 1467 1741 τότε
1495 1687 1800 1758 λελεγμένα
1832 1687 1972 1740 πλα-

379 1776 550 1842 τύνει,
591 1769 806 1843 δεικνυς
833 1780 980 1844 ὅπως
1017 1780 1269 1834 λέλεκτοο
1308 1799 1327 1830 ι
1360 1780 1472 1834 Καὶ
1502 1779 1598 1833 τοῦ
1626 1780 1832 1852 Κυρίου
1857 1782 1973 1835 Κυ-

382 1866 499 1940 ρίου
542 1869 600 1921 αἱ
642 1868 863 1931 διέξοδοι
904 1869 997 1924 τοῦ
1029 1871 1287 1935 θανάτου,
1329 1891 1346 1922 ι
1384 1872 1589 1939 καὶτὸ,
1635 1891 1653 1924 ι
1696 1869 1833 1926 Εἷπε
1860 1873 1975 1926 Κύ-
2004 1907 2046 1961 Β

382 1976 528 2031 ριοςο
583 1961 678 2014 Ἐκ
713 1961 899 2016 Βασάν
941 1963 1279 2036 ἐπιστρέψω,
1320 1963 1638 2035 ἐπιστρέψω
1686 1965 1753 2018 ὲκ
1795 1964 1979 2036 βυθῶν

379 2050 677 2123 θαλάσσης.
708 2071 728 2104 ι
763 2053 950 2107 Ταῦτα
975 2054 1085 2126 γὰρ
1114 2057 1197 2118 είς
1225 2054 1427 2119 πλάτος
1455 2054 1550 2109 ἐπὶ
1580 2055 1676 2109 τοῦ
1710 2055 1974 2127 παρόντος

377 2144 709 2217 διεξέρχεται
738 2145 918 2215 λέγων
937 2165 951 2178 ·
982 2167 1000 2200 ι
1032 2147 1214 2201 Σῶσόν
1249 2165 1338 2219 με,
1368 2150 1397 2200 ὁ
1425 2147 1579 2214 Θεὸς,
1609 2151 1694 2204 ὅτι
1731 2148 1976 2220 εἰσήλθο-

379 2253 479 2292 σαν
516 2236 687 2292 ὕδατα
717 2238 825 2304 ἕως
873 2239 1051 2312 ψυχῆς
1086 2258 1212 2312 μου.
1253 2243 1557 2315 Ἐνεπάγην
1598 2244 1677 2308 εἰς
1712 2242 1845 2314 ὓλην
1877 2242 1970 2314 βυ-

377 2327 494 2394 θοῦ,
526 2330 620 2383 καὶ
666 2329 768 2385 οὐκ
813 2330 961 2385 ἔστιν
1000 2333 1318 2398 ὑπόστασις.
1351 2332 1553 2395 Ἦλθον
1599 2339 1679 2400 είς
1721 2335 1792 2390 τά
1833 2335 1985 2408 βάθη⁴

376 2421 476 2493 τῆς
518 2422 797 2495 θαλάσσης
844 2425 941 2479 καὶ
981 2428 1236 2497 καταιγὶς
1266 2429 1625 2485 κατεπόντισέ
1674 2447 1762 2501 με.
1794 2449 1813 2482 ι
1848 2431 1983 2486 Bst-—

379 2516 627 2587 ζασμοὺς
663 2516 721 2571 δὲ
766 2518 861 2572 καὶ
894 2517 1168 2590 διωγμοὺς
1199 2522 1294 2576 καὶ
1325 2520 1721 2587 ἐπαναστάσεις
1762 2521 1975 2577 ἀσεϐῶν

375 2606 587 2679 ἀνδρῶν
614 2605 781 2662 ὕδατα
813 2609 997 2663 καλεῖν
1029 2610 1219 2664 εἴωθεν
1246 2613 1276 2665 ὁ
1304 2612 1479 2683 Λόγος
1498 2630 1512 2644 ο
1552 2611 1710 2667 Οὕτω
1741 2611 1874 2681 γοῦν
1898 2612 1979 2666 εί-

381 2715 541 2770 ρηται
589 2698 858 2770 άλλαχοῖν
901 2721 920 2754 ι
958 2703 1063 2757 Τὸν
1112 2704 1415 2778 χείμαρρον
1465 2704 1683 2778 διῆλθεν
1740 2707 1775 2777 ἡ
1828 2704 1975 2778 ψυχὴ

377 2792 536 2865 ἡμῶν
553 2809 566 2822 ο
596 2792 705 2865 ἄρα
731 2793 946 2865 διῆλθεν
973 2796 1006 2866 ἡ
1031 2795 1178 2867 ψυχὴ
1204 2796 1361 2867 ἡμῶν
1400 2797 1464 2850 τὸ
1498 2795 1645 2870 ὕδωρ
1673 2797 1978 2852 ἀνυπόστα-

377 2899 486 2940 τον.
531 2902 549 2934 ι
582 2884 709 2937 Ka‘t‘
730 2883 893 2948 αὐτὸς
925 2885 982 2938 δὲ
1013 2886 1041 2937 ὁ
1076 2887 1267 2958 Σωτὴρ
1301 2887 1552 2942 ἐδίδασκε
1574 2888 1734 2943 τοῦτο
1766 2888 1997 2958 λέγωνύ

384 2974 662 3047 ιηΚατέϐη
700 2978 734 3049 ἡ
786 2975 977 3049 βροχὴ,
1023 2973 1187 3049 ἦλθον
1231 2980 1279 3031 oi
1309 2983 1569 3052 ποταμοὶ,
1617 2981 1887 3036 ἔπνευσαν
1924 2982 1975 3035 οἱ

349 3067 589 3139 ,ά-ιεμοι,
622 3070 718 3122 καὶ
762 3069 1144 3142 προσέρρηξαν
1181 3074 1248 3144 τῇ
1290 3072 1438 3145 οἰκίᾳ
1483 3073 1692 3147 ἐκείνῃ,
1729 3075 1827 3128 καὶ
1872 3075 1975 3128 οὐκ

375 3160 540 3215 ἔπεσε
560 3176 574 3193 ⁸
597 3161 958 3234 τεθεμελίωτο
989 3163 1101 3236 γάρ
1138 3165 1232 3218 ἐπὶ
1290 3166 1390 3238 τὴν
1422 3168 1647 3239 πέτραν.
1682 3188 1702 3220 ι
1747 3168 1858 3222 Καὶ
1885 3168 1976 3222 διὰ

2073 580 2346 635 cxsultate
2380 578 2434 632 in
2460 583 2757 646 conspectu
2794 576 2934 646 ejus,
2967 577 3142 646 patris
3180 576 3552 646 orphanorum
3600 583 3657 629 et

2066 672 2274 744 judicis
2298 670 2585 726 viduarum
2608 671 2675 724 ⁷⁸.
2706 687 2722 720 ι
2761 667 3165 738 Discipulorum
3192 666 3318 720 item
3352 674 3405 722 et
3438 675 3658 737 aposto-

2072 769 2251 823 lorum
2273 780 2500 822 suorum
2527 763 2873 818 vocationem
2899 761 3217 816 declarabat
3247 760 3304 814 in
3331 761 3460 815 illo:
3499 779 3517 810 ι
3551 758 3657 812 Do-

2072 860 2255 915 minus
2325 856 2474 912 dabit
2545 854 2773 910 verbum
2839 852 3379 923 evangelizantibus,
3459 851 3658 907 virtute

2071 953 2243 1007 multa
2268 952 2334 1006 τ’.
2382 969 2403 1002 ι
2451 947 2567 1004 Sub
2601 949 2718 1003 habe
2758 947 2880 1018 ejus
2929 945 2999 1000 ad
3044 954 3274 999 mortem
3307 943 3656 1007 descensum,

2071 1054 2126 1101 et
2144 1044 2270 1109 inde
2290 1042 2523 1100 reditum
2555 1041 2743 1097 docuit
2774 1040 2848 1095 ita
2879 1038 3024 1094 fatus
3045 1060 3058 1094 ι
3082 1059 3099 1089 ι
3127 1036 3193 1091 Et
3209 1035 3424 1091 Domini
3445 1035 3657 1091 Domini

2071 1138 2248 1193 exitus
2277 1135 2574 1202 mortis";
2618 1153 2637 1185 ι
2675 1140 2730 1189 et
2752 1133 2807 1186 in
2841 1132 2957 1199 illo,
2994 1150 3013 1183 ι
3063 1129 3207 1185 Dixit
3231 1128 3496 1185 Dominus
3531 1146 3545 1182 :
3579 1126 3658 1183 Ex

2074 1228 2947 1291 Basanconvertam,convertam
2990 1240 3057 1281 ex
3099 1221 3372 1294 profundo
3418 1221 3606 1276 maris.
3633 1239 3649 1271 ι

2071 1322 2154 1378 Ad
2184 1310 2299 1377 haec
2336 1330 2519 1376 autem
2547 1319 2753 1385 omnia,
2810 1316 3045 1374 reditum
3094 1317 3217 1387 ejus
3256 1316 3322 1370 ad
3353 1316 3551 1370 caelum
3602 1315 3658 1368 in

2073 1413 2263 1469 eodem
2310 1414 2523 1484 psalmo
2576 1414 2657 1470 sic
2707 1411 3025 1469 enarravit:
3086 1430 3105 1463 ι
3150 1408 3377 1466 Psallite
3424 1408 3534 1464 Deo
3564 1410 3658 1478 qui

2073 1506 2322 1562 ascendit
2349 1522 2515 1579 super
2551 1507 2750 1561 caelum
2798 1506 2921 1561 cmli
2957 1505 3022 1559 ad
3078 1504 3343 1558 orientem
3367 1502 3435 1557 ⁸ο.
3479 1521 3498 1554 υ
3533 1500 3659 1555 llaec

2076 1597 2174 1652 ibi.
2234 1596 2293 1652 In
2349 1599 2606 1668 praesenti
2654 1607 2835 1653 autem
2866 1611 2990 1665 quae
3025 1595 3181 1666 quasi
3236 1599 3289 1651 in
3337 1602 3659 1649 transcursu

2076 1698 2210 1743 tunc
2258 1689 2404 1744 dicta
2455 1688 2672 1745 fuerant
2730 1687 2909 1743 fusius
2961 1687 3157 1757 aperit,
3206 1684 3503 1741 ostendens
3549 1698 3661 1754 quo

2079 1796 2246 1836 sensu
2296 1778 2503 1834 dictum
2530 1781 2599 1835 de
2638 1780 2871 1834 Domino
2901 1778 3064 1834 fuerit
3098 1797 3112 1833 :
3160 1795 3179 1831 ι
3215 1777 3282 1832 Et
3314 1776 3526 1832 Domini
3559 1776 3664 1831 Do-

2077 1872 2209 1926 mini
2250 1871 2432 1926 exitus
2466 1871 2680 1935 mortis,
2735 1890 2753 1921 ι
2789 1878 2954 1940 atque
3001 1866 3136 1923 illud
3164 1908 3180 1933 ,
3216 1886 3234 1918 ι
3277 1867 3422 1922 Dixit
3476 1865 3664 1921 Domi-

2074 1984 2180 2023 nus
2212 1987 2224 2022 :
2264 1965 2339 2021 Ex
2370 1965 2544 2021 Basan
2572 1973 2914 2030 convertam,
2946 1972 3262 2018 convertam
3285 1976 3353 2018 ex
3386 1960 3663 2032 profundo

2072 2059 2262 2116 maris.
2307 2077 2325 2110 ι
2380 2057 2509 2113 Haec
2541 2058 2688 2114 enim
2730 2056 2906 2112 fusius
2941 2055 2997 2110 in
3034 2055 3291 2126 praesenti
3324 2062 3546 2110 enarrat
3575 2052 3665 2109 di-

2072 2167 2206 2208 cens
2233 2171 2247 2207 :
2281 2170 2301 2203 ι
2336 2149 2561 2206 Salvum
2590 2165 2678 2206 me
2702 2148 2809 2215 fac,
2835 2149 3001 2213 Deus,
3029 2148 3289 2219 quoniam
3321 2148 3665 2202 intraverunt

2075 2260 2230 2316 aquae
2261 2258 2437 2315 usque
2471 2242 2539 2298 ad
2563 2243 2800 2298 animam
2830 2256 3031 2296 meam.
3063 2238 3269 2295 infixus
3302 2254 3425 2294 sum
3452 2239 3506 2293 in
3535 2238 3664 2293 limo

2074 2335 2356 2407 profundi,
2391 2343 2446 2391 et
2487 2348 2598 2389 non
2646 2341 2732 2390 est
2786 2332 3116 2390 substantia.
3158 2328 3297 2386 Veni
3332 2331 3386 2384 in
3417 2330 3665 2384 altitudi-

2077 2444 2202 2485 nem
2237 2428 2431 2492 maris,
2464 2435 2520 2483 et
2549 2432 2848 2497 tempestas
2875 2424 3138 2481 demersit
3180 2439 3289 2480 me.
3327 2443 3346 2476 ι
3385 2421 3666 2479 Tentatio-

2075 2539 2174 2578 nes
2206 2529 2412 2587 autem,
2458 2520 2777 2576 vexationes
2810 2528 2865 2574 et
2911 2517 3151 2573 insultus
3198 2515 3489 2586 impiorum
3520 2514 3667 2569 viro-

2073 2631 2219 2680 rum,
2273 2629 2445 2685 aquas
2484 2626 2683 2667 vocare
2726 2608 3026 2680 Scriptura:
3080 2624 3201 2666 mos
3240 2616 3346 2664 est.
3396 2607 3474 2662 lta
3517 2607 3665 2663 enim

2074 2706 2282 2762 dicitur
2344 2703 2473 2760 alibi
2533 2723 2547 2758 :
2616 2721 2636 2755 ι
2706 2701 3028 2757 Torrentem
3065 2700 3422 2772 pertransivit
3481 2701 3666 2755 anima

2075 2806 2287 2861 nostra,
2317 2796 2548 2851 forsitan
2582 2795 2977 2865 pertransisset
3007 2794 3190 2848 anima
3234 2799 3423 2848 nostra
3466 2807 3665 2863 aquam

2076 2891 2196 2947 sine
2231 2889 2402 2945 fundo
2425 2888 2493 2943 ⁸¹.
2538 2907 2558 2940 ι
2591 2884 2948 2957 ldipsumque
2995 2885 3138 2940 idem
3193 2883 3453 2939 Servator
3504 2884 3668 2939 docet

2078 2983 2164 3039 his
2192 2982 2378 3038 verbis
2407 2999 2420 3034 :
2455 2998 2474 3031 ι
2527 2978 2821 3035 Descendit
2850 2977 3057 3049 pluvia,
3110 2983 3381 3032 venerunt
3416 2974 3664 3040 flumina,

2076 3073 2348 3128 ﬂaverunt
2379 3072 2548 3137 venti,
2582 3077 2638 3126 et
2668 3070 3015 3141 impegerunt
3049 3071 3105 3124 in
3138 3069 3362 3125 domum
3413 3068 3585 3134 illam,
3611 3075 3669 3125 et

2076 3181 2201 3220 non.
2224 3163 2426 3221 cecidit
2457 3183 2471 3218 :
2504 3161 2730 3218 fundata
2762 3161 2910 3217 enim
2937 3169 3058 3218 erat
3094 3176 3262 3233 supra
3294 3171 3505 3232 petram
3528 3160 3594 3215 ".
3640 3179 3662 3215 ι

377 3253 484 3307 τῶν
533 3255 910 3325 προκειμένων
956 3255 1138 3311 τοίνυν
1186 3260 1316 3322 τοὺς
1364 3261 1705 3331 πειρασμοὺς
1739 3261 1833 3314 καὶ
1875 3260 1975 3325 τάς

2079 3257 2135 3318 ιιι
2168 3258 2267 3314 his.
2286 3258 2470 3327 itaque
2499 3255 2664 3311 dictis
2689 3254 3029 3311 tentationes
3064 3263 3120 3309 et
3164 3254 3400 3310 insidias
3431 3253 3536 3310 sibi
3567 3269 3667 3323 pa-

377 3345 501 3407 κατ’
527 3345 693 3400 αὑτοῦ
722 3346 1038 3413 ἐπιϐουλὰς,
1080 3349 1251 3405 ὕδατα
1295 3351 1580 3423 ὀνομάζων
1626 3352 1968 3423 εἰσεληλυθέ-

376 3456 465 3493 ναι
487 3438 593 3503 sm;
622 3438 726 3510 τῆς
753 3440 935 3512 ψυχῆς
966 3442 1132 3496 αὐτοῦ
1167 3442 1431 3498 διδάσκει.
1475 3445 1598 3500 Ἐπὶ
1628 3446 1729 3518 μὲν
1753 3443 1846 3501 οὖν
1872 3448 1986 3502 τοῦ.

390 3528 530 3594 Ἰὼϐ,
587 3530 794 3602 καίπερ
839 3530 989 3596 ὄντος
1039 3533 1275 3605 ἀθλητοῦ
1335 3537 1604 3606 γενναίου,
1660 3538 1970 3612 γέγραπται

377 3619 618 3691 εἰρηκὼς
658 3621 687 3673 ό
720 3622 854 3685 Θεὸς
900 3622 978 3694 τῷ
1016 3626 1363 3697 πειράζοντι⁹
1415 3647 1435 3680 ι
1478 3629 1610 3683 Ἰδοὺ
1654 3631 1833 3686 πάντα
1869 3633 1971 3693 ὅσα

380 3710 616 3782 ὑπάρχει
650 3711 800 3782 αὑτῷ
831 3712 1027 3785 δίδωμι
1057 3718 1115 3769 ὲν
1145 3721 1213 3788 τῇ
1244 3719 1387 3790 χειρί
1417 3736 1534 3785 σου,
1562 3721 1733 3791 μόνον.
1746 3722 1844 3793 τὴν
1871 3722 1972 3792 ψυ-

379 3802 481 3873 χὴν
507 3802 673 3856 αὑτοῦ
701 3802 1046 3872 διαφύλαξον.
1082 3824 1101 3858 ι
1151 3808 1415 3863 Ἐνταῦθα
1441 3810 1498 3869 δὲ
1534 3813 1636 3883 τὴν
1668 3813 1846 3884 ψυχὴν
1874 3816 1971 3868 αύ-

378 3894 478 3968 τὴν
527 3895 556 3948 ὁ
609 3895 888 3967 πειράζων
938 3897 1211 3969 πειράζει,
1260 3901 1385 3971 ἥτις
1433 3903 1563 3965 πθτὲ
1592 3898 1663 3974 ἦν
1693 3903 1853 3976 αὕτη,
1901 3900 1971 3978 ἦς

382 3986 627 4058 μέμνητο
651 3987 745 4041 καὶ
778 3987 940 4052 αὐτὸς
964 3987 1139 4057 λέγων
1158 4007 1174 4022 ι
1215 4009 1244 4042 ι
1275 3991 1467 4055 Οὐδεὶς
1495 3992 1642 4062 αἴρει
1669 3994 1767 4065 τὴν
1790 3994 1970 4067 ψυχήν

382 4096 483 4151 μου
515 4080 609 4133 ἀπ’
645 4077 782 4149 ἐμοῦ
805 4094 817 4108 ’
848 4077 1097 4144 ἐξουσίαν
1129 4079 1238 4151 ἔχω
1267 4081 1441 4142 θεῖναι
1470 4081 1662 4154 αὐτὴν,
1690 4084 1786 4138 καὶ
1819 4084 1970 4151 ἐξου-

382 4170 505 4224 σίαν
548 4169 656 4240 ἔχω
696 4169 879 4223 λαϐεῖν
909 4171 1080 4242 αὑτήν
1105 4187 1117 4201 ’
1156 4191 1174 4223 ι
1214 4172 1309 4229 καὶ
1349 4172 1542 4233 πάλιν·
1584 4194 1602 4225 ι
1648 4176 1760 4246 Τὴν
1791 4176 1970 4248 ψυχήν

383 4276 486 4336 μου
526 4259 720 4331 τίθημι
761 4261 903 4332 ὑπὲρ
942 4261 1053 4316 τῶν
1092 4262 1383 4335 προϐάτων
1418 4282 1521 4336 μου
1543 4284 1554 4296 ·
1590 4289 1609 4318 ι
1655 4268 1769 4333 καὶ,
1806 4288 1825 4319 ‹
1856 4268 1970 4323 Νῦν

380 4353 415 4421 ἡ
441 4350 586 4422 ψυχή
616 4368 716 4421 μου
744 4352 1108 4423 τετάρακται·
1151 4374 1169 4406 ι
1201 4356 1316 4418 καὶ,
1355 4374 1373 4406 ι
1404 4355 1711 4428 Περίλυπός
1756 4358 1904 4413 ἐστιν
1935 4360 1985 4430 ἡν

380 4443 524 4514 ψυχή
578 4460 680 4514 μου
740 4444 846 4508 ἕως
892 4445 1146 4504 θανάτου.
1188 4467 1207 4499 ι
1257 4447 1420 4503 Ὅθεν
1478 4450 1574 4503 καὶ
1617 4449 1714 4505 νῦν
1767 4467 1965 4523 φησιν·

2071 3354 2243 3410 ratas,
2277 3364 2450 3419 aquas
2489 3361 2841 3417 nuncupatis,
2896 3361 3072 3416 usque
3101 3345 3169 3400 ad
3218 3346 3459 3400 animam
3507 3360 3664 3400 suam

2070 3440 2288 3497 venisse
2340 3438 2522 3494 docet.
2577 3436 2655 3492 De
2711 3436 2851 3503 Jobo
2912 3451 3086 3501 sane,
3137 3436 3355 3492 tametsi
3405 3443 3667 3492 strenuus

2072 3533 2275 3591 athleta
2308 3540 2448 3600 erat,
2485 3531 2693 3588 dixisse
2719 3529 2891 3587 Deum
2923 3531 3180 3586 tentatori
3219 3528 3430 3586 fertur:
3471 3549 3489 3582 ι
3526 3527 3665 3585 Ecce

2071 3627 2258 3683 omnia
2298 3641 2642 3696 quaecunque
2671 3625 2776 3695 ipsi
2812 3632 2943 3682 sunt
2970 3625 3045 3680 do
3077 3625 3131 3679 in
3167 3639 3329 3679 manu
3390 3631 3505 3687 tua,
3544 3631 3665 3678 tan-

2073 3726 2191 3773 tum
2227 3718 2467 3771 animam
2497 3717 2618 3786 ejus
2647 3728 2864 3772 servato
2886 3717 2954 3769 ⁸³.
2992 3734 3011 3768 ι
3050 3714 3150 3770 Hic
3179 3731 3309 3771 vero
3339 3715 3514 3786 ipsam
3545 3715 3667 3769 ani-

2073 3824 2216 3863 mam
2243 3815 2482 3864 tentator
2502 3806 2843 3878 aggreditur,
2868 3822 2987 3862 eam
3014 3807 3189 3877 ipsam
3229 3806 3440 3863 scilicet
3464 3806 3532 3862 de
3557 3822 3666 3877 qua

2072 3898 2338 3954 Dominus
2357 3900 2547 3954 dicitn
2570 3896 2742 3954 Nemo
2756 3898 2899 3957 tollit
2915 3899 3151 3952 animam
3174 3913 3350 3954 meam
3368 3913 3400 3952 a
3418 3914 3504 3955 me
3527 3917 3542 3953 :
3571 3914 3673 3969 po—

2072 3997 2325 4046 testatem
2338 3989 2513 4045 habeo
2527 3989 2764 4059 ponendi
2788 3989 3024 4054 illam,et
3039 3996 3364 4059 potestatem
3385 3992 3560 4047 habeo
3577 4007 3667 4047 ac-

2074 4080 2313 4152 cipiendi
2341 4097 2461 4137 eam
2483 4080 2551 4136 “.
2589 4100 2609 4134 ι
2642 4080 2709 4134 Ει
2742 4082 2973 4134 iterum:
3004 4099 3022 4131 ι
3050 4081 3305 4134 Animam
3324 4097 3499 4136 meam
3522 4098 3683 4152 pono.

2075 4191 2175 4245 pro
2209 4173 2407 4228 ovibus
2442 4173 2578 4228 meis
2601 4173 2670 4237 ⁸⁸,
2711 4191 2730 4224 ι
2768 4179 2842 4236 et,
2875 4189 2894 4222 ι
2927 4169 3084 4225 Nunc
3101 4171 3282 4225 anima
3312 4187 3430 4227 mea
3448 4174 3664 4230 turbata

2072 4267 2215 4322 est“
2232 4265 2600 4335 ;»et,«'l'ristis
2617 4272 2701 4321 est
2717 4264 2896 4323 anima
2915 4279 3035 4319 mea
3053 4278 3224 4334 usque
3237 4264 3302 4319 ad
3324 4266 3624 4321 mortem".
3642 4286 3675 4321 ι.

2075 4359 2443 4427 Quamobrem
2487 4352 2636 4414 nunc
2660 4357 2990 4428 quoque-ait
3027 4376 3040 4412 :
3073 4375 3091 4408 ι
3121 4355 3390 4423 Quoniam
3424 4355 3667 4412 intrave-

2074 4461 2203 4508 runt
2222 4467 2377 4523 aqua:
2405 4468 2577 4522 usque
2590 4451 2658 4506 ad
2680 4450 2920 4505 animam
2955 4464 3129 4504 meam
3152 4468 3163 4504 :
3190 4465 3210 4501 ι
3231 4449 3344 4505 sive
3361 4449 3664 4508 secundum

388 4556 416 4587 ι.
442 4536 565 4590 Ὀτι
603 4534 924 4607 εἰσήλθοσαν
954 4535 1122 4599 ὕδατα
1149 4538 1255 4604 ἕως
1285 4540 1463 4612 ψυχῆς
1511 4558 1612 4612 μου
1633 4559 1646 4572 ·
1684 4561 1703 4595 3
1743 4542 1886 4598 κατὰ
1911 4543 1971 4597 δὲ

2077 4542 2464 4616 Symmachum
2492 4563 2504 4599 :
2531 4563 2549 4595 ί
2574 4542 2843 4610 Quoniam
2857 4553 3210 4598 accesserunt
3225 4556 3382 4612 aqua:
3401 4558 3574 4612 usque
3595 4542 3664 4596 ad

380 4627 472 4681 τὸν
524 4605 852 4699 Σύμμαχον·
911 4648 929 4678 ι
963 4630 1085 4690 Ὀτι
1118 4605 1584 4704 ἐπῆλθενηίὸδατα
1632 4635 1737 4700 ἕως
1790 4635 1971 4708 ψυχῆς

2077 4605 2316 4688 animam
2332 4648 2528 4687 meam.
2557 4653 2575 4685 ι
2603 4632 2804 4689 Deinde
2826 4632 3110 4703 subjungit
3136 4650 3149 4686 :
3185 4650 3203 4683 ι
3232 4631 3436 4689 lnﬁxus
3455 4648 3575 4688 sum
3609 4633 3666 4688 in

385 4735 510 4789 μου.
553 4739 573 4772 ›
624 4716 761 4776 Εἶτα
790 4722 1065 4792 ἐπιλέγει·
1100 4742 1122 4777 ι
1168 4725 1475 4798 Ἐνεπάγην
1508 4730 1586 4790 είς
1614 4727 1747 4799 ὕλην
1784 4729 1969 4799 βυθοῦ,

383 4810 478 4862 καὶ
503 4811 603 4863 οὐκ
646 4810 793 4866 ἐστιν
825 4812 1125 4877 ὑπόστασις
1150 4830 1175 4853 ’-
1203 4834 1220 4866 ι
1250 4817 1393 4869 κατὰ
1430 4817 1487 4869 δὲ
1515 4817 1605 4871 τὸν
1631 4818 1927 4889 Σύμμαχον
1953 4834 1966 4849 ⁸

388 4922 406 4953 ι
456 4903 825 4977 Ἐϐαπτίσθην
867 4908 948 4971 εἰς
993 4908 1335 4980 ἀπεράντους
1365 4911 1710 4976 καταδύσεις,
1738 4915 1835 4967 καὶ
1872 4915 1973 4967 οὐκ

382 4996 499 5048 ἐστι
524 4996 732 5061 στάσις,
767 5017 793 5051 ι.
819 4999 1133 5070 ἡρμήνευσε
1158 5018 1171 5032 ο
1204 5001 1411 5072 σφόδρα
1440 5002 1768 5067 ἀκολούθως.
1805 5005 1974 5058 Ἔνθα

381 5085 490 5157 γάρ
515 5087 615 5140 οὐκ
635 5083 713 5159 ἦν.
728 5088 917 5153 στάσις
944 5089 1170 5163 ἑτέροις,
1201 5091 1288 5147 διὰ
1312 5091 1376 5144 τὸ
1400 5092 1607 5156 πάντας
1635 5095 1764 5147 τοὺς
1785 5093 1973 5147 αὐτόθι

384 5178 744 5244 κατελθόντας
794 5181 995 5254 όλίσθῳ
1042 5186 1362 5255 περιπεσεῖν
1413 5186 1507 5238 καὶ
1564 5186 1971 5257 κατασύρεσθαι

385 5269 493 5331 ὑπὸ
534 5268 643 5323 τῶν
676 5270 769 5325 τοῦ
802 5271 1036 5327 θανάτου
1082 5275 1391 5344 ῥευμάτων,
1422 5275 1656 5330 ἐνταῦθα
1685 5278 1780 5330 καὶ
1809 5276 1974 5340 αὐτὸς

381 5357 566 5432 ἦλθον,
597 5362 834 5433 ὁπηνίκα
861 5365 941 5428 είς
974 5364 1043 5418 τά
1082 5364 1224 5437 βάθη
1249 5367 1353 5436 τῆς
1393 5366 1669 5439 θαλάσσης
1703 5367 1973 5439 ἐλήλυθα⁸

387 5452 443 5523 ἢ,
473 5453 615 5518 κατά
640 5455 729 5508 τὸν
764 5455 1078 5529 Σύμμαχον,
1109 5478 1126 5509 ι
1159 5458 1424 5530 Είσῆλθον
1452 5461 1532 5523 εἰς
1570 5459 1640 5513 τὰ
1682 5458 1822 5530 βάθη
1865 5460 1974 5516 τῶν

384 5546 613 5609 ὑδάτων,
661 5549 754 5602 καὶ
787 5549 999 5621 ῥεῖθρον
1041 5551 1319 5613 ὲπέκλυσέ.
1349 5570 1436 5624 με.
1476 5572 1495 5603 ›
1534 5552 1646 5606 Καὶ
1686 5551 1757 5606 τὰ
1796 5569 1976 5624 παρατ

388 5638 591 5710 πλήσια
624 5640 681 5694 δὲ
731 5641 940 5707 τούτοις
973 5644 1067 5698 καὶ
1106 5645 1292 5710 Ἰωνᾶς
1339 5647 1369 5698 ὁ
1411 5646 1698 5718 προφήτης
1732 5645 1841 5700 ἀπὸ
1873 5645 1975 5715 τῆς

410 5764 425 5865 ί
460 5797 504 5865 τέ
541 5796 685 5854 Psal.
723 5815 893 5865 LXHI,
927 5800 981 5864 5,
1020 5764 1077 5855 '6.
1170 5804 1214 5834 '”
1258 5801 1388 5858 ibid.
1433 5801 1517 5856 12.

1628 5803 1675 5835 "
1714 5800 1845 5857 ibid.
1884 5800 1974 5854 2|.
2053 5802 2171 5837 '9'“
2215 5803 2344 5858 ibid.
2382 5802 2472 5857 34.
2549 5803 2592 5833 ’"
2617 5800 2761 5856 Psal.
2802 5802 3064 5866 cxxm,5.

2079 4725 2502 4795 limoprofundi,
2537 4736 2591 4781 et
2622 4741 2730 4781 non
2780 4736 2864 4781 est
2910 4724 3257 4790 substantia;
3298 4744 3317 4777 ι
3360 4725 3662 4781 secundum

2081 4813 2470 4888 Symmachum
2489 4831 2616 4871 vero
2636 4833 2649 4869 ε
2677 4836 2693 4866 ι
2714 4814 3015 4871 [inmersus
3028 4830 3148 4870 sum
3168 4814 3225 4868 in
3244 4814 3485 4875 infinitas
3507 4830 3662 4869 vora-

2079 4909 2252 4979 gines,
2294 4916 2348 4962 et
2380 4923 2489 4962 non
2520 4915 2603 4963 cst
2657 4915 2858 4970 status,
2909 4925 2927 4958 ι
2974 4903 3663 4976 explicatur,;_et.quidetn

2079 5017 2109 5055 e
2143 5016 2203 5056 re
2231 4999 2548 5059 admodum.
2578 4997 2712 5058 Nam
2746 4997 2837 5052 ubi
2877 4997 3062 5051 nullus
3105 4996 3286 5050 standi
3313 4996 3509 5052 modus
3539 4996 3665 5052 aliis

2079 5100 2219 5156 crat,
2259 5092 2387 5161 quia
2414 5098 2684 5160 quotquot
2711 5103 2777 5147 eo
2811 5087 3211 5146 descenderant
3258 5086 3319 5147 in
3366 5086 3662 5155 perniciem

2082 5183 2253 5247 ibant,
2280 5190 2334 5238 et
2380 5198 2410 5236 a
2446 5182 2705 5239 ﬂuctibus
2742 5180 2936 5243 mortis
2973 5178 3420 5242 detrahebantur,
3471 5178 3663 5233 eodem
3728 5229 3733 5239 ,

2081 5276 2290 5338 accessi
2336 5276 2556 5346 quando
2589 5273 2707 5328 veni
2762 5273 2816 5327 in
2870 5270 3213 5326 altitudinem
3272 5270 3480 5337 maris;
3512 5269 3659 5334 sive,

2082 5370 2386 5427 secundum
2425 5367 2837 5440 Symmachum,
2888 5384 2906 5415 ι
2943 5362 3231 5433 Ingressus
3263 5377 3395 5418 sum
3432 5361 3486 5416 in
3536 5377 3662 5431 pru-

2084 5463 2312 5518 fundum
2344 5478 2634 5534 aquarum,
2660 5469 2715 5516 et
2748 5459 2946 5519 ﬂuctus
2976 5457 3261 5513 inundavit
3284 5473 3387 5511 me.
3427 5475 3446 5508 ι
3482 5454 3546 5508 Ει
3577 5455 3664 5509 his

2083 5554 2282 5615 similia
2318 5553 2490 5614 Jonas
2528 5552 2794 5623 propheta
2816 5566 2847 5604 a
2874 5558 3064 5605 ventre
3092 5548 3197 5604 ceti
3241 5554 3496 5618 precatus
3525 5547 3664 5602 scri-

2082 5647 2264 5712 bitur;
2306 5645 2382 5700 ait
2410 5646 2575 5716 igitur
2608 5646 2736 5700 ille:
2786 5665 2803 5695 ι
2847 5641 3193 5699 Circumfusa
3226 5652 3311 5697 est
3353 5642 3486 5696 mihi
3520 5653 3662 5712 aqua

3144 5803 3188 5834 "
3208 5799 3394 5856 Matth.
3434 5814 3528 5866 vn,
3566 5796 3671 5860 25.

388 5863 433 5897 ⁸³
468 5864 569 5921 .lob
609 5885 667 5935 ιι,
709 5870 763 5929 6.
836 5863 887 5905 εί
920 5869 1080 5929 loan.
1117 5889 1171 5942 x,
1208 5873 1272 5933 i8
1369 5874 1415 5906 ⁸⁸
1454 5872 1587 5931 ibid.
1635 5873 1721 5930 15.
1797 5873 1844 5908 ⁸⁸
1879 5870 1975 5928 Joa

2091 5888 2190 5942 xu,
2230 5873 2321 5929 27.
2398 5875 2441 5904 ⁸⁷
2483 5872 2674 5929 Matth.
2718 5889 2864 5940 xm,
2907 5863 2993 5928 58.
