4056 6434
377 371 480 423 τ’έῖ

1062 365 1336 422 EUSEBH’
1367 366 1848 422 CESARIENSIS
1883 365 2038 445 QPP.
2091 365 2276 440 PARS.
2443 395 2515 404 —
2555 363 2968 431 EXEGETICA.

3523 362 3627 426 738

373 499 546 554 usque
577 484 643 540 ad
677 485 914 538 animam
965 500 1166 550 meam,
1215 485 1449 556 abyssus
1496 487 1686 542 ultima
1715 489 1951 547 circum-

2060 484 2260 554 κοιλίας
2285 484 2377 561 τοῦ
2405 485 2604 556 κήτους
2629 485 3042 557 ἀναγέγραπται
3066 483 3360 558 ηὑγμένος.
3396 479 3556 548 Λέγει
3579 480 3623 540 δ’

368 578 518 632 dedit
547 594 653 632 me.
681 576 858 632 Subiit
905 585 1071 648 caput
1117 595 1296 634 meum
1350 580 1418 634 ad
1465 578 1764 636 divisiones
1793 596 1950 632 mon-

370 681 525 733 tium,
565 669 823 726 descendi
853 669 907 723 in
938 677 1164 734 terram,
1207 671 1368 738 cujus
1407 682 1588 726 vectes
1620 681 1748 727 sunt
1779 672 1952 726 admi-

369 761 554 816 nicula
587 770 789 816 aeterna
812 761 878 814 ⁸⁸.
932 779 951 812 ›
986 759 1330 830 Quapropter
1366 765 1617 832 exemplo
1644 762 1794 832 Jonas
1823 778 1952 834 pro-

369 853 546 923 pheta:
577 868 711 907 usus
751 849 1010 906 Servatur
1039 860 1123 906 est
1158 852 1225 906 ad
1261 869 1377 918 eos,
1409 855 1500 925 qui
1543 857 1756 925 signum
1797 857 1867 909 ab
1892 871 1952 912 se

370 943 645 1014 petebant,
681 943 910 997 dicens:
970 959 989 991 ι
1038 942 1331 998 Generatio
1382 962 1549 1015 prava
1599 954 1653 1004 et
1704 945 1952 1002 adultera

370 1035 586 1107 signum
622 1035 837 1104 quaerit,
860 1043 918 1090 et
949 1035 1166 1105 signum
1216 1052 1326 1105 non
1359 1037 1579 1095 dabitur
1626 1039 1698 1103 ei,
1736 1039 1845 1094 nisi
1884 1041 1952 1096 si-

369 1143 536 1197 gnum
565 1124 716 1180 Juno;-
750 1127 1046 1197 propbetaz.
1086 1126 1238 1182 Sicut
1277 1131 1421 1184 enim
1470 1130 1570 1184 fuit
1624 1128 1791 1184 Jonas
1820 1146 1949 1204 pro-

369 1218 533 1287 pheta
558 1217 611 1270 in
637 1225 824 1271 ventre
853 1219 954 1271 ceti
985 1218 1163 1273 tribus
1179 1218 1374 1274 diebus
1394 1231 1448 1274 et
1471 1221 1643 1275 tribus
1665 1220 1919 1276 noctibus
1934 1259 1950 1287 ,

371 1308 452 1364 sic
480 1309 583 1362 erit
607 1319 658 1364 et
687 1310 860 1371 Filius
888 1310 1127 1366 hominis
1159 1311 1212 1364 in
1245 1311 1410 1368 corde
1437 1319 1597 1368 terrae
1631 1313 1809 1369 tribus
1837 1313 1955 1369 die-

371 1401 476 1456 bus
505 1411 558 1458 et
586 1403 763 1466 tribus
794 1403 1133 1459 noctibus”.
1167 1424 1186 1456 ι
1221 1405 1329 1460 Cor
1354 1413 1514 1460 terra:
1534 1415 1693 1462 vocat
1722 1407 1775 1460 id
1807 1405 1951 1476 quod

373 1493 461 1548 llic
493 1495 696 1549 dicitur
725 1495 1055 1566 profundum
1089 1497 1280 1560 maris,
1315 1496 1516 1554 inferni
1546 1498 1664 1551 loca
1701 1499 1952 1563 subindi-

369 1602 524 1644 cans.
555 1587 921 1654 Quamobrem
952 1588 1007 1642 in
1049 1585 1152 1642 Job
1182 1604 1402 1659 quoque
1447 1590 1669 1644 oracula
1720 1589 1953 1645 fundens

370 1679 490 1750 ipse
535 1678 797 1747 Dominus
829 1679 1030 1735 similia
1079 1679 1381 1748 declaravit
1412 1681 1646 1738 dicens:
1684 1701 1702 1733 ι
1747 1680 1953 1752 Venisti

370 1777 552 1826 autem
588 1773 654 1824 ad
707 1771 912 1832 fontem
957 1772 1144 1836 maris,
1197 1773 1252 1827 in
1305 1775 1554 1844 vestigiis
1585 1790 1716 1828 vero
1766 1775 1951 1845 abyssi

369 1861 763 1939 deambulasti.
789 1862 1129 1932 Aperiuntur
1168 1863 1267 1918 tibi
1297 1865 1495 1920 timore
1523 1871 1694 1934 portae
1719 1865 1913 1920 mortis
1939 1883 1951 1918 :

370 1957 581 2013 ostiarii
607 1957 808 2016 inferni
840 1958 1091 2014 videntes
1120 1966 1175 2014 te
1203 1959 1491 2031 conterriti
1513 1967 1644 2026 sunt
1666 1961 1732 2014 ⁹⁰.
1777 1978 1796 2012 ι

2052 574 2143 632 οὖν
2165 577 2259 633 καὶ
2282 577 2476 640 αὑτόςε
2507 594 2526 628 ι
2557 575 2861 648 Περιεχύθη
2889 592 2978 646 μοι
3003 574 3145 645 ὕδωρ
3165 573 3268 635 ἕως
3292 571 3470 641 ψυχῆς
3501 585 3624 640 μουδ

2053 669 2284 732 ἄϐυσσος
2312 668 2590 723 ἐκύκλωσέ
2619 687 2686 739 με
2710 669 2935 740 ἐσχάτη.
2965 667 3148 737 Ἔδυή
3179 664 3389 734 κεφαλή
3422 680 3523 734 μου
3547 664 3626 727 είς

2055 745 2290 834 σχισμὰς
2321 763 2512 834 ὀρέων,
2544 763 2778 834 κατέϐην
2803 765 2882 825 εἰς
2911 761 3034 832 γῆν,
3064 755 3132 832 ἦς
3163 760 3210 812 οἱ
3243 757 3428 829 μοχλοὶ
3459 757 3632 834 αὐτῆς⁵

2054 839 2269 928 κάτοχοι
2329 852 2556 907 αἰώνιοι.
2601 872 2620 904 ι
2677 854 2878 923 Διόπερ
2931 851 3010 921 τῷ
3067 848 3470 922 παραδείγματι
3529 846 3632 916 τοῦ,

2067 924 2218 1027 ἰωνᾷ
2255 946 2519 1017 κέχρηται
2556 947 2586 998 ό
2619 944 2810 1014 Σωτὴρ
2841 943 2977 1016 πρὸς
3013 945 3139 1007 τοὺς
3171 945 3500 1012 αἰτήσαντας
3532 941 3632 1004 αὐτ
3702 924 3718 938 ’

2051 1038 2143 1090 τὸν
2191 1041 2434 1110 σημεῖον,
2484 1035 2686 1090 εἰπών·
2722 1055 2740 1087 ι
2774 1035 2942 1090 Γενεὰ
2985 1035 3198 1106 πονηρὰ
3242 1027 3338 1096 καὶ
3384 1033 3631 1104 μοιχαλὶς

2053 1129 2277 1197 σημεῖον
2315 1125 2579 1196 ἐπιζητεῖ,
2616 1125 2710 1180 καὶ
2752 1128 2974 1196 σημεῖον
3001 1125 3062 1178 οὐ
3092 1123 3374 1199 δοθήσεται
3398 1124 3536 1193 αὐτῇ
3581 1123 3632 1176 εί

2056 1202 2130 1290 μὴ
2181 1219 2241 1273 τὸ
2286 1221 2512 1289 σημεῖον
2567 1219 2724 1272 Ἰωνᾶ
2777 1217 2871 1272 τοῦ
2921 1219 3222 1290 προφήτου.
3263 1217 3472 1288 Ὥσπερ
3523 1216 3633 1288 γὰρ

2052 1310 2270 1380 ἐγένετο
2310 1312 2491 1374 Ἰωνᾶς
2517 1313 2545 1364 ό
2586 1312 2872 1382 προφήτης
2903 1313 2960 1363 ὲν
2991 1313 3056 1381 τῇ
3091 1309 3268 1380 κοιλίᾳ
3309 1309 3403 1362 τοῦ
3431 1310 3634 1380 κήτους

2051 1407 2203 1476 τρεῖς
2233 1404 2450 1476 ἡμέρας
2482 1406 2576 1458 καὶ
2611 1403 2762 1476 τρεῖς
2801 1403 3024 1468 νύκτας,
3058 1403 3230 1467 οὕτως
3274 1403 3426 1465 ἔσται
3472 1403 3567 1456 καὶ
3603 1403 3634 1454 ὁ

2055 1496 2183 1559 Υἱὸς
2214 1496 2308 1550 τοῦ
2336 1495 2624 1569 ἀνθρώπου
2648 1497 2707 1550 ἐν
2734 1500 2799 1567 τῇ
2831 1496 3028 1568 καρδίαν⁵
3054 1497 3153 1566 τῆς
3194 1495 3298 1565 γῆς
3327 1498 3474 1566 τρεῖς
3502 1495 3626 1566 ἡμέο

2059 1606 2157 1663 ρας
2195 1591 2290 1642 καὶ
2311 1593 2460 1667 τρεῖς
2502 1589 2722 1653 νύκτας.
2761 1609 2780 1641 ι
2818 1587 3061 1659 Καρδίαν
3085 1588 3142 1641 δὲ
3167 1588 3271 1658 γῆς
3295 1587 3366 1640 τὰ
3403 1586 3637 1645 ἐνταῦθα

2053 1681 2319 1751 λεγόμενα
2351 1681 2492 1752 βάθη
2522 1680 2800 1757 θαλάσσης
2838 1680 3115 1750 ὀνομάζει,
3145 1679 3215 1733 τὰ
3244 1680 3341 1733 τοῦ
3372 1680 3500 1752 ᾅδου
3533 1699 3639 1751 χω-

2057 1773 2148 1846 ρία
2183 1772 2575 1844 αἰνιττόμενος.
2605 1772 2696 1824 Διὸ
2730 1771 2824 1825 καὶ
2861 1774 2919 1825 ὲν
2949 1770 3029 1842 τῷ
3072 1769 3194 1825 Ἰὼϐ
3226 1772 3583 1843 χρηματίζων
3609 1774 3639 1826 ὁ

2062 1849 2225 1928 αὐτὸς
2255 1863 2459 1936 Κύριος
2489 1865 2560 1917 τὰ
2596 1864 2758 1934 ὃμοια
2791 1865 3030 1935 παρίστη
3060 1862 3231 1932 λέγων
3251 1881 3264 1893 ·
3307 1883 3325 1914 ι
3351 1860 3553 1928 *Ηλθες
3583 1865 3642 1918 δὲ

2066 1961 2159 2012 ἐπὶ
2187 1959 2370 2030 πηγὴν
2395 1959 2689 2030 θαλάσσης,
2718 1960 2775 2013 ἐν
2799 1958 2858 2012 δὲ
2884 1958 3083 2030 ίχνεσιν
3113 1957 3349 2012 ἀϐύσσου
3377 1958 3642 2029 περιεπά-

369 2069 560 2122 τησας.
589 2052 916 2130 Ἀνοίγονται
948 2053 1010 2106 δέ
1040 2069 1123 2106 σοι
1157 2052 1306 2124 φόϐῳ
1337 2053 1502 2106 πύλαι
1531 2054 1780 2118 θανάτου,
1818 2053 2058 2126 πυλωροὶ
2091 2053 2215 2126 ᾇδου
2241 2052 2438 2128 ἰδόντες
2463 2069 2521 2104 σε
2557 2049 2849 2121 ἔπτηξαν.»

445 2167 606 2224 Vides
641 2177 821 2241 autem
855 2170 1132 2240 quomodo
1179 2170 1269 2224 hic
1323 2186 1544 2242 quoque
1575 2187 1702 2226 cum
1748 2171 1952 2228 fontem
1987 2183 2028 2236 Β

370 2260 542 2314 maris
595 2261 967 2326 nominasset,
1021 2269 1077 2316 et
1135 2261 1470 2330 adiecisset,
1525 2281 1550 2328 ιτ
1603 2263 1660 2318 In
1709 2263 1954 2334 vestigiis

373 2351 557 2421 abyssi
587 2353 900 2422 ambulusti,
939 2372 962 2424 ι,
993 2352 1236 2407 declaret
1267 2354 1396 2423 quid
1427 2355 1498 2409 sit
1532 2355 1786 2426 abyssus,
1821 2356 1952 2425 quid

371 2455 543 2503 mare,
576 2441 913 2511 subiiciens:
962 2460 982 2494 ι
1022 2441 1358 2512 Aperiuntnr
1389 2451 1569 2497 autem
1626 2443 1726 2514 tibi
1757 2445 1953 2514 timore

371 2540 544 2603 portae
576 2535 788 2602 mortis,
817 2533 1030 2589 ostiarii
1062 2549 1194 2589 vero
1232 2533 1432 2589 inferni
1465 2534 1711 2591 videntes
1740 2543 1795 2590 te
1822 2551 1954 2592 con-

374 2626 552 2685 territi
585 2633 731 2707 stm‘t.
775 2646 793 2678 ι
855 2624 956 2680 Hic
991 2626 1160 2707 igitur
1186 2625 1353 2681 etiam
1404 2628 1736 2707 profundum
1784 2629 1952 2684 maris

373 2721 568 2776 mortis
601 2704 852 2792 regiones
885 2704 1196 2782 adumbrat,
1240 2735 1352 2790 quo
1387 2705 1730 2789 descendens
1761 2719 1951 2774 Salva-

372 2823 459 2865 tor
496 2818 558 2865 et
602 2810 865 2876 Dominus
921 2816 1130 2872 noster,
1169 2811 1322 2866 solus
1355 2811 1482 2868 inde
1529 2827 1817 2883 regressus
1847 2821 1952 2882 est.

371 2902 552 2970 Quare
602 2905 657 2958 in
705 2904 1034 2973 praecedenti
1083 2919 1304 2974 quoque
1359 2907 1574 2975 psalmo
1617 2905 1906 2974 dicebatur
1935 2888 1956 2960 ε’

377 3015 393 3046 ‹
431 2995 498 3049 Et
527 2994 739 3058 Domini
769 2996 984 3060 Domini
1015 2999 1197 3053 exitus
1220 2997 1413 3053 mortis
1437 2999 1480 3030 ³³
1504 3016 1525 3075 ;‘
1555 3018 1572 3049 ›
1603 3014 1668 3053 ac
1696 3013 1950 3054 rursum:

377 3108 395 3138 ι
435 3085 583 3142 Dixit
612 3087 875 3156 Dominus
907 3107 920 3143 :
947 3087 1030 3142 Ex
1059 3089 1238 3145 Basan
1263 3097 1601 3156 convertam,
1636 3097 1950 3146 convertam

371 3195 437 3233 ex
483 3179 755 3250 profundo
785 3181 954 3235 maris
976 3182 1043 3236 ³³.
1083 3201 1102 3232 ι
1150 3181 1255 3236 Pro
1283 3183 1376 3236 illo
1401 3191 1603 3248 autem,
1649 3201 1672 3248 ι,
1721 3184 1788 3235 Et
1824 3191 1956 3236 tem-

373 3278 564 3343 pestas,
606 3269 867 3345 demersit
918 3287 1024 3338 me,
1088 3293 1108 3326 ι
1160 3273 1379 3344 Aquila,
1437 3292 1456 3326 ι
1512 3273 1580 3328 Et
1627 3273 1954 3344 profluvium

374 3364 660 3426 inundavit
688 3380 804 3432 me;
830 3385 848 3417 ι
873 3364 1236 3438 Symmachus
1254 3382 1406 3433 vero,
1440 3385 1459 3418 ι
1481 3366 1546 3421 Et
1574 3369 1771 3444 lluctus
1797 3367 1954 3420 inun-

373 3456 522 3511 davit
569 3473 678 3522 me,
730 3477 750 3510 ι
795 3459 1136 3529 interpretati
1173 3467 1325 3516 sunt.
1366 3459 1503 3514 Nam
1547 3459 1842 3514 verisimile
1869 3467 1957 3519 est

2139 2173 2302 2243 Ὁρᾷς
2326 2173 2435 2242 γὰρ
2479 2173 2629 2235 ὅπως
2669 2171 2764 2234 καὶ
2797 2172 2855 2223 ἐν
2893 2170 3103 2234 τούτοις
3146 2169 3328 2242 πηγὴν
3365 2168 3646 2239 θαλασσης

2056 2251 2356 2334 ὀνομάσας,
2384 2263 2478 2334 καὶ
2510 2261 2764 2334 προσθεὶς
2791 2262 2874 2325 τὸ,
2908 2281 2928 2313 ι
2979 2262 3066 2314 Ἐν
3093 2261 3152 2314 δέ
3180 2261 3379 2332 ἴχνεσιν
3405 2260 3642 2314 ἀϐύσσου

2056 2354 2485 2425 περιεπάτησας,
2524 2373 2544 2405 ι
2577 2353 2672 2424 τὴν
2705 2353 2942 2408 ἄϐυσσον
2977 2353 3070 2406 καὶ
3097 2352 3194 2424 τὴν
3223 2351 3499 2406 θάλασσαν
3523 2353 3644 2406 τίνα

2055 2447 2173 2499 ἐστὶ
2218 2446 2476 2514 διασαφεῖ
2511 2445 2779 2514 ἐπιλέγων
2803 2461 2818 2474 ·
2857 2465 2874 2497 ι
2920 2444 3252 2512 Ἀνοίγονται
3291 2443 3348 2497 δέ
3377 2461 3458 2497 σοι
3493 2445 3644 2515 φόϐῳ

2056 2537 2217 2591 πύλαι
2243 2537 2495 2600 θανάτου,
2524 2536 2765 2609 πυλωροὶ
2785 2537 2841 2590 δὲ
2873 2537 2998 2608 ᾅδου
3029 2536 3227 2600 ἰδόντες
3259 2554 3316 2590 σε
3345 2535 3635 2608 ἔπτηξαν.)

2056 2625 2266 2681 Οὐκοῦν
2295 2627 2388 2680 καὶ
2421 2627 2478 2679 ἐν
2504 2629 2618 2690 τοῖς
2648 2626 3035 2698 προκειμένοις
3058 2625 3125 2680 τὰ
3149 2625 3288 2696 βάθη
3318 2627 3416 2697 τῆς
3444 2625 3642 2680 θαλάσσ-

2057 2703 2157 2788 σης
2198 2717 2267 2772 τὰ
2305 2717 2400 2770 τοῦ
2449 2717 2682 2772 θανάτου
2725 2716 2901 2788 χωρία
2945 2716 3261 2793 αἰνίττεται,
3309 2716 3438 2770 ἔνθα
3487 2717 3641 2789 μόνος

2056 2808 2304 2886 καταϐὰς
2326 2811 2356 2871 ὁ
2379 2807 2569 2880 Σωτὴρ
2599 2809 2693 2874 καὶ
2718 2808 2922 2880 Κύριος
2943 2808 3105 2879 ἡμῶν
3126 2808 3426 2879 διεξῆλθεν.
3463 2809 3554 2862 Διὸ
3585 2811 3645 2863 ἐν

2053 2900 2132 2971 τῷ
2179 2900 2286 2970 πρὸ
2323 2898 2512 2952 τούτου
2551 2898 2755 2970 ψαλμῷ
2802 2898 3024 2966 ἐλέγετο
3048 2915 3061 2928 ·
3095 2917 3114 2948 ι
3155 2898 3264 2952 Kal
3297 2898 3392 2952 τοῦ
3437 2897 3645 2968 Κυρίου

2055 2990 2260 3062 Κυρίου
2289 2992 2343 3043 αἱ
2374 2989 2595 3054 διέξοδοι
2627 2988 2721 3043 τοῦ
2755 2989 2985 3043 θανάτου
3012 3005 3026 3018 ·
3066 3008 3084 3040 ι
3113 2989 3205 3043 καὶ
3231 2989 3426 3067 πάλινο
3466 3009 3484 3041 ι
3511 2985 3646 3042 Eia-re

2055 3082 2278 3154 Κύριος·
2299 3067 2391 3135 Ἐκ
2407 3083 2587 3138 Βασὰν
2604 3083 2937 3154 ἐπιστρέψω.
2957 3083 3272 3154 ἐπιστρέψω
3288 3085 3350 3136 ἐκ
3368 3081 3544 3154 βυθῶν
3562 3081 3652 3136 θα-

2055 3175 2311 3248 λάσσης.»
2333 3176 2476 3229 Ἀντί
2507 3175 2565 3229 δέ
2604 3174 2733 3252 τοῦί·
2787 3194 2805 3225 ι
2855 3175 2967 3228 Καὶ
3006 3177 3260 3244 καταιγὶς
3293 3175 3650 3230 κατεπόντισέ

2060 3287 2148 3339 με,
2177 3288 2196 3321 ›
2229 3271 2258 3322 ό
2284 3269 2384 3340 μὲν
2399 3269 2648 3332 Ἀκύλας,
2681 3287 2700 3320 ι
2733 3268 2842 3321 Καὶ
2875 3267 3001 3338 ῥοῦς
3034 3269 3298 3321 ἐπέκλυσέ
3328 3285 3395 3338 με
3423 3283 3433 3293 ·
3473 3287 3493 3319 ι
3533 3270 3562 3320 ό
3590 3267 3648 3320 δὲ

2057 3361 2372 3432 Σύμμαχος,
2411 3379 2429 3412 ι
2456 3361 2568 3414 Kal
2596 3359 2809 3431 ῥεῖθρον
2830 3359 3096 3413 ἐπέκλυοέ
3121 3377 3241 3430 με,›
3279 3361 3640 3430 ήρμήνευσεν.

2057 3455 2219 3518 Εἰκὸς
2265 3453 2375 3527 γὰρ
2422 3453 2552 3524 πρ).
2598 3453 2758 3507 αὑτὸν
2792 3452 3076 3522 γεγονέναι
3124 3451 3221 3515 τὰς
3260 3450 3642 3521 ἀντικειμένας

375 3549 722 3621 adversarias
769 3558 1071 3621 potestates
1133 3551 1188 3606 in
1244 3552 1484 3620 circuitu
1532 3552 1651 3621 ejus
1718 3552 1956 3614 stetisse,

2063 3547 2340 3618 δυνάμεις,
2369 3549 2480 3612 ὅτε,
2510 3546 2704 3611 ἐπιϐὰς
2737 3550 2802 3618 τῇ
2840 3547 3106 3628 θαλάσσῃ,
3133 3547 3408 3620 συνέτριϐε
3435 3547 3536 3610 τὰς
3560 3564 3644 3600 κε-

374 3642 596 3710 quando
628 3643 914 3713 ingressus
947 3659 1097 3698 mare
1146 3644 1415 3714 confregit
1444 3646 1623 3716 capita
1653 3645 1954 3700 draconum

377 3729 431 3782 in
465 3744 628 3799 aqua.
663 3730 930 3795 Quocirca
962 3733 1017 3787 in
1048 3734 1372 3806 praecedenti
1400 3737 1608 3804 psalmo
1632 3735 1952 3790 dicebatur:

380 3839 401 3871 ‹
446 3819 514 3874 Ει
547 3819 765 3875 Domini
816 3821 1031 3879 Domini
1069 3826 1250 3881 exitus
1302 3828 1513 3882 mortis.
1573 3826 1955 3882 Verumtamen

377 3909 520 3964 lleus
545 3909 853 3981 confringet
881 3915 1057 3982 capita
1077 3914 1426 3975 inimicorum
1448 3917 1756 3972 suorum”.
1790 3937 1809 3968 υ
1835 3915 1957 3990 Non

375 4003 520 4056 enim
554 4003 662 4057 alio
711 4004 874 4069 modo
914 4006 1039 4060 illos
1075 4008 1270 4079 mortis
1309 4009 1491 4063 exitus
1542 4009 1953 4080 pertransisset,

376 4093 482 4150 nisi
518 4094 884 4166 confregisset
928 4099 1109 4168 capita
1163 4099 1511 4154 inimicorum
1562 4083 1809 4165 suorum,
1861 4101 1956 4171 qui

378 4189 501 4242 istic
531 4195 708 4263 erant.
751 4186 909 4254 Quod
957 4190 1004 4242 si
1033 4191 1160 4260 quis
1191 4190 1305 4246 iure
1332 4207 1397 4245 eo
1442 4191 1649 4246 dixisse
1699 4189 1956 4260 Davidem

381 4289 552 4350 putet,
580 4282 728 4355 quod
756 4266 877 4352 ipse
907 4283 963 4336 in
990 4285 1191 4340 multas
1220 4286 1552 4341 tentationes
1578 4285 1834 4340 inciderit
1860 4324 1874 4349 ,
1909 4285 1956 4339 is

379 4374 680 4445 perpendat
704 4373 981 4444 quomodo
1019 4376 1233 4445 possint
1280 4377 1472 4432 isthaac
1503 4377 1694 4432 Davidi
1737 4391 1957 4446 compe-

376 4476 532 4522 tere:
569 4486 587 4518 ι
621 4465 903 4538 Dederunt
927 4467 981 4521 in
1002 4483 1190 4522 escam
1221 4484 1395 4530 meum
1429 4467 1521 4533 fel,
1553 4477 1608 4524 et
1638 4469 1692 4521 in
1724 4467 1816 4544 siti
1837 4453 1958 4522 mea

379 4566 706 4628 putaverunt
751 4574 839 4613 me
891 4566 1086 4625 aceto;
1125 4577 1145 4610 ι
1205 4570 1298 4614 aut
1320 4560 1495 4625 illud,
1544 4579 1561 4612 ι
1599 4557 1719 4624 Fiat
1771 4575 1958 4615 mensa

376 4667 568 4706 eorum
597 4665 783 4706 coram
815 4650 953 4721 ipsis
978 4651 1037 4705 in
1069 4652 1345 4721 laqueum,
1386 4653 1518 4716 etjn
1569 4653 1958 4732 retributiones

375 4753 427 4800 et
458 4744 516 4798 in
546 4744 886 4801 scandalum.
927 4742 1306 4800 Obscurentur
1350 4747 1494 4800 oculi
1531 4762 1720 4801 eorum
1771 4761 1840 4802 ne
1873 4746 1957 4799 vi»

376 4837 564 4898 deant,
593 4842 654 4894 et
676 4835 902 4891 dorsum
934 4850 1126 4890 eorum
1153 4851 1371 4908 semper
1401 4838 1649 4906 incurva.
1682 4858 1700 4890 ι
1731 4839 1961 4894 Caetera-

2067 3639 2242 3708 φαλὰς
2267 3638 2376 3692 τῶν
2401 3639 2711 3711 δρακόντων
2740 3639 2833 3691 ἐπὶ
2855 3635 2948 3691 τοῦ
2976 3638 3188 3703 ὓδατος.
3211 3639 3301 3692 Διὸ
3345 3638 3439 3691 καὶ
3465 3641 3522 3691 ἐν
3565 3637 3645 3708 τῷ

2064 3731 2171 3802 πρὸ
2209 3730 2401 3784 τούτου
2434 3731 2654 3801 ἐλέγετο
2681 3731 2881 3803 ψαλμῷ
2909 3751 2921 3762 ·
2959 3750 2978 3783 ι
3011 3733 3122 3786 Kal
3154 3731 3248 3785 τοῦ
3286 3732 3495 3803 Κυρίου
3530 3733 3646 3785 Κυ-

2066 3824 2181 3896 ρίου
2212 3825 2266 3887 αί
2294 3809 2514 3888 διέξοδοι
2552 3825 2645 3878 τοῦ
2673 3825 2921 3879 θανάτου.
2953 3823 3100 3896 Πλὴν
3125 3826 3154 3877 ὁ
3191 3824 3324 3887 Θεὸς
3367 3822 3650 3876 συνθλάσει

2064 3915 2306 3984 κεφαλὰς
2323 3914 2432 3967 τῶν
2455 3915 2664 3986 ἐχθρῶν
2689 3914 2878 3969 αὐτοῦ.
2928 3934 2951 3967 ι
2977 3916 3049 3968 01';
3079 3914 3188 3987 γὰρ
3215 3913 3282 3967 ἂν
3307 3913 3484 3975 ἄλλως
3507 3911 3649 3979 διεξ-

2064 4005 2310 4078 εληλύθει
2353 4006 2451 4070 τὰς
2479 4006 2742 4074 διεξόδους
2781 4006 2874 4060 τοῦ
2915 4007 3143 4065 θανάτου
3166 4007 3200 4078 ἢ
3229 4005 3532 4068 συνθλάσας
3552 4004 3648 4068 τὰς

2066 4098 2303 4168 κεφαλὰς
2327 4098 2436 4151 τῶν
2461 4098 2649 4152 αὐτόθι
2680 4097 2892 4170 ἐχθρῶν
2921 4096 3110 4152 αὐτοῦ.
3148 4097 3274 4150 Ἐὰν
3295 4097 3354 4149 δέ
3373 4113 3458 4160 τις
3479 4094 3651 4153 ταῦτα

2066 4187 2262 4262 νομίζῃ
2296 4189 2474 4256 λέγειν
2499 4189 2591 4243 τὸν
2626 4189 2789 4252 Δαυῒδ
2823 4189 2912 4243 διὰ
2947 4189 3009 4242 τὸ
3050 4188 3266 4251 πολλοῖς
3296 4203 3652 4260 περιπεπτω-

2067 4285 2219 4338 κέναι
2262 4287 2610 4356 πειρασμοῖς,
2657 4281 3006 4354 ἐπιστησάτω
3044 4280 3164 4344 πῶς
3199 4277 3310 4333 οἷόν
3357 4297 3415 4332 τε
3459 4275 3528 4350 ἦν
3573 4277 3652 4347 τῷ

2065 4377 2226 4432 Δαυῒδ
2260 4376 2524 4449 ἁρμόζειν
2556 4376 2616 4429 τὸ
2645 4375 2858 4444 λέγειν’
2902 4397 2920 4426 ι
2958 4374 3209 4439 Ἔδωκαν
3243 4375 3322 4438 εἰς
3363 4373 3424 4425 τὸ
3456 4371 3654 4443 βρῶμά

2070 4490 2171 4543 μου
2201 4471 2384 4543 χολὴν,
2414 4469 2507 4523 καὶ
2532 4470 2612 4532 εἰς
2633 4468 2732 4539 τὴν
2754 4466 2912 4536 δίψαν
2944 4483 3045 4537 μου
3074 4465 3331 4522 ἐπότισάν
3369 4482 3434 4536 με
3462 4463 3609 4530 ὅξος”
3627 4483 3646 4516 ι

2066 4561 2102 4631 ἢ
2126 4560 2207 4627 τὸ,
2246 4577 2264 4611 ι
2302 4557 2590 4628 Γενηθήτω
2623 4559 2656 4627 ἡ
2703 4553 2952 4626 τράπεζα
2981 4554 3163 4608 αὐτῶν
3199 4553 3432 4606 ἐνώπιον
3472 4552 3656 4614 αὐτῶν

2068 4655 2147 4716 είς
2171 4651 2372 4721 παγίδα
2411 4652 2507 4704 καὶ
2535 4652 2616 4713 εἰς
2642 4649 3026 4713 ἀνταποδόσεις
3073 4647 3168 4701 καὶ
3208 4647 3289 4710 είς
3334 4644 3654 4702 σκάνδαλον,

2068 4742 2519 4814 Σκοτισθήτωσαν
2560 4745 2608 4795 oi
2637 4741 2906 4812 ὀφθαλμοὶ
2938 4741 3118 4794 αὐτῶν
3153 4739 3245 4793 τοῦ
3287 4739 3361 4810 μὴ
3413 4737 3653 4808 βλέπειν.

2068 4838 2162 4894 καὶ
2198 4837 2291 4888 τὸν
2322 4819 2492 4890 νῶτον
2523 4834 2701 4888 αὐτῶν
2737 4835 2824 4888 διὰ
2863 4835 3066 4897 παντὸς
3100 4832 3447 4903 τύογκαμψον.
3488 4850 3506 4882 ›
3544 4831 3656 4883 Καὶ

377 4942 485 4996 que
513 4926 600 4982 his
629 4927 829 4983 similia
855 4928 904 4982 si
931 4928 1059 4998 quis
1095 4927 1203 4983 sibi
1232 4929 1534 4998 collegerit,
1570 4929 1792 4985 Davidis
1830 4946 1956 5000 per-

2062 4929 2132 4982 τὰ
2188 4928 2352 4982 λοιπὰ
2413 4928 2472 4980 δὲ
2524 4928 2735 4991 τούτοις
2780 4928 3143 4999 παραπλήσια
3197 4922 3520 4994 συναγαγών
3568 4939 3654 4986 τις

377 5032 528 5073 sonat
557 5018 874 5074 nullatenus
909 5034 1212 5090 congruere
1253 5021 1643 5089 deprehendet.
1683 5022 1958 5092 interpre-

377 5111 574 5164 tationi
604 5123 785 5165 autem
822 5112 897 5165 illi
948 5112 1016 5166 de
1047 5107 1349 5169 Servatore‘
1385 5124 1576 5169 nostro
1612 5095 1960 5170 evidentibus

378 5203 713 5272 argumentis
745 5200 914 5270 fidem.
937 5203 1196 5256 conciliat
1225 5218 1510 5258 sacrorum
1543 5202 1960 5272 Evangeliorum

381 5293 775 5357 testimonium,
806 5309 929 5348 cum
959 5295 1028 5349 ab
1060 5296 1222 5349 allato
1256 5294 1409 5349 Iona:
1441 5297 1714 5364 exemplo,
1751 5304 1865 5348 tum
1893 5313 1963 5372 ex,

379 5386 545 5456 hujus
588 5385 784 5456 psalmi
829 5387 998 5450 dicto,
1053 5405 1072 5436 ι
1109 5384 1381 5453 Quoniam
1412 5387 1569 5441 zelus
1615 5386 1810 5442 domus
1857 5396 1962 5441 tuze

386 5479 623 5534 comedit
662 5495 771 5544 me,
812 5501 831 5532 ›
859 5481 1005 5549 quod
1035 5479 1088 5532 in
1128 5479 1422 5550 Evangelio
1461 5479 1762 5534 secundum
1794 5477 1962 5547 Joan-

387 5586 534 5633 nem,
580 5571 872 5639 ipsissimis
910 5572 1090 5626 verbis
1143 5573 1422 5640 impletum
1463 5571 1815 5636 declaratur,
1871 5573 1961 5638 ubi

455 5723 672 5778 "Juan.
719 5742 774 5790 Il,
817 5728 868 5790 6,
913 5727 960 5779 7.

1061 5727 1103 5758 ⁸³
1123 5725 1307 5780 Matth.
1345 5743 1443 5791 xu,
1482 5729 1573 5793 59,
1615 5728 1703 5784 40.

388 5794 436 5850 υ
472 5795 604 5856 ibid.
644 5795 732 5847 Ἡ.

1805 5729 1850 5760 ‘°
1870 5727 1973 5790 Iob
2013 5744 2219 5785 xxxviii
2243 5769 2257 5793 ,
2294 5729 2379 5796 l6,
2412 5729 2497 5784 l7.

2064 5021 2264 5092 ἐαυτῷ,
2294 5020 2445 5091 εὖροι
2477 5021 2544 5074 ἂν
2585 5020 2838 5092 οὐδαμῶς
2875 5018 3188 5091 ἁρμόζοντα
3229 5017 3308 5089 τῷ
3349 5016 3445 5070 τοῦ
3494 5013 3657 5069 Δαυῒδ

2066 5113 2362 5186 προσώπῳ.
2401 5111 2512 5183 Τὴν
2542 5111 2600 5166 δέ
2638 5129 2703 5181 γε
2735 5113 2828 5166 ἐπὶ
2872 5113 2963 5164 τὸν
3002 5111 3274 5182 ἡμέτερον
3303 5109 3536 5180 Σωτῆρα
3566 5109 3659 5180 ἐρ-

2068 5203 2294 5276 μηνείαν
2324 5202 2656 5262 πιστώσεται
2689 5205 2980 5274 σφραγῖσιν
3012 5201 3437 5272 ἀναμφιλέκτοις
3471 5202 3504 5270 ὴ
3547 5198 3656 5253 τῶν

2067 5297 2227 5369 ἱερῶν
2255 5295 2601 5365 Εὐαγγελίων
2639 5294 2938 5366 μαρτυρία,
2967 5294 3074 5348 ἀπό
3100 5311 3158 5347 τε
3185 5277 3280 5347 τοῦ
3317 5291 3660 5362 παρατεθέν-

2067 5407 2156 5453 τος
2188 5389 2282 5442 τοῢ
2326 5390 2481 5442 Ἰωνᾶ
2522 5387 2985 5459 παραδείγματος,
3017 5386 3112 5441 καὶ
3139 5386 3248 5439 ἀπὸ
3277 5385 3374 5439 τοῦ
3401 5381 3658 5452 λέγεσθαι

2070 5483 2126 5532 ὲν
2165 5483 2277 5544 τοῖς
2311 5481 2712 5551 προκειμένοις,
2750 5498 2767 5530 ι
2802 5475 2919 5530 ’Ότι
2956 5481 2984 5531 ὁ
3020 5478 3181 5548 ζῆλος
3226 5476 3320 5530 τοῦ
3359 5475 3508 5530 οἴκου
3561 5491 3658 5526 σου

2071 5573 2350 5651 κατέφαγε
2397 5590 2497 5645 με’
2536 5593 2554 5623 ι
2609 5574 2746 5644 ὅπερ
2785 5572 3060 5637 αὑτολεξεὶ
3111 5557 3662 5642 μεμαρτύρηταίας

2594 5731 2636 5760 ⁹⁴
2680 5727 2824 5786 Psal.
2871 5744 3039 5792 um,
3079 5727 3170 5784 “2|.
3285 5729 3328 5758 "
3372 5724 3526 5788 ibid.,
3566 5723 3658 5777 ‘35.
