4056 6420
452 376 556 429 7’29

1583 378 2088 440 COMMENTARIA
2128 382 2192 438 IN
2236 381 2572 441 PSALMOS.
3598 387 3701 443 750

449 493 614 547 αὐτὸν
659 494 1084 566 πεπληρωμένον
1125 497 1182 549 ἐν
1214 495 1293 567 τῷ
1324 495 1464 550 κατά
1498 498 1750 568 Ἰωάννην
1790 501 2009 568 Εὑαγγε-

2131 501 2332 557 dicitur
2368 521 2381 557 :
2424 522 2443 554 ι
2498 501 2567 556 Ει
2605 501 2848 560 ascendit
2877 501 3038 558 Jesus
3083 501 3496 574 Jerosolymam,
3530 511 3582 558 et
3613 506 3701 560 in-

450 585 570 656 λίῳ,
596 588 653 639 ἐν
685 579 728 654 ᾧ
752 587 1088 657 γέγραπται·
1126 607 1144 638 ι
1179 588 1288 640 Καὶ
1318 589 1485 659 ἁνέῦη
1513 591 1542 642 ὁ
1581 589 1789 660 Ἰησοῦς
1815 593 1894 654 είς
1931 593 2027 644 Ἱε-

458 677 745 748 ροσόλυμα,
781 679 872 730 καὶ
899 671 1057 750 εὗρεν
1087 681 1143 731 ἐν
1170 679 1248 749 τῷ
1283 680 1412 750 ἱερῷ
1441 680 1685 752 πρόϐατα
1712 681 2026 748 πωλοῦντας

453 769 544 823 καὶ
578 769 705 839 βόας
746 769 839 821 καὶ
878 771 1226 841 περιστεράς.
1264 791 1281 822 ι
1332 768 1444 824 Εἶθ’
1477 771 1551 835 ὡς
1593 772 1758 842 ἤλασε
1803 772 2025 837 τούτους

453 860 650 913 εἰπών·
685 879 702 911 ι
743 861 944 930 Ἄρατε
966 861 1137 915 ταῦτα
1182 864 1452 927 ἐντεῦθεν,
1487 863 1562 934 μὴ
1596 867 1798 917 ποιεῖτε
1830 864 1922 917 τὸν
1950 860 2027 918 0L:

452 970 545 1006 κον
581 952 675 1005 τοῦ
721 953 934 1024 Πατρός
987 970 1088 1024 μου
1131 951 1277 1008 οἷκον
1316 955 1600 1026 ἐμπορίου,
1639 974 1658 1007 ι
1709 955 1953 1024 ἐπιλέγει
1998 958 2027 1010 6

449 1046 874 1121 εὐαγγελιστής·
922 1030 949 1102 ἰ
999 1049 1381 1121 Ἐμνήσθησαν
1434 1050 1482 1102 οἱ
1543 1049 1782 1119 μαθηταὶ
1837 1050 2022 1116 αὐτοῦ,

449 1137 528 1191 ὅτι
561 1143 944 1212 γεγραμμένον
977 1143 1152 1196 ἐστίν·
1192 1143 1251 1195 '0
1277 1141 1434 1212 ζῆλος
1465 1140 1559 1195 τοῦ
1588 1144 1736 1195 οἴκου
1760 1158 1852 1197 σου
1900 1159 2026 1196 κατ-

445 1228 618 1300 έφαγέ
666 1250 753 1302 με.
791 1252 809 1284 ι
865 1233 1025 1291 Ἀλλά
1067 1233 1161 1287 καὶ
1210 1233 1290 1297 16,
1323 1251 1342 1284 ι
1393 1233 1638 1286 Ἔδωκαν
1682 1234 1763 1296 είς
1830 1231 2026 1303 βρῶμά

446 1335 550 1388 μου
576 1320 757 1390 χολὴν,
781 1322 875 1376 καὶ
898 1325 976 1386 είς
1001 1323 1099 1392 τὴν
1125 1321 1282 1392 δίψαν
1307 1311 1407 1394 μου
1441 1322 1697 1385 ἐπότισάν
1733 1338 1800 1392 με
1832 1321 1975 1387 ὅξος,
1997 1339 2015 1372 ι

443 1408 502 1462 ἐν
533 1411 646 1473 τοῖς
673 1412 808 1481 μετὰ
840 1415 1028 1483 χεῖρας
1054 1411 1325 1482 κείμενον,
1355 1415 1420 1466 ἐκ
1461 1411 1752 1483 προσώπου
1781 1409 1874 1464 τοῦ
1911 1411 2024 1462 Σω-

441 1500 606 1572 τῆρος
658 1502 815 1572 ἡμῶν
878 1503 1299 1574 μεμαρτύρηται
1351 1502 1702 1572 λελεγμένον,
1735 1501 1874 1556 κατὰ
1929 1500 2020 1552 τὸν

453 1589 724 1662 Ἰωάννην,
753 1594 1018 1664 φήσαντα·
1053 1611 1072 1646 ι
1105 1594 1260 1663 Μετά
1281 1593 1455 1650 ταῦτα
1484 1591 1605 1648 ίδὼν
1627 1595 1655 1645 ό
1689 1589 1912 1662 Ἰησοῦς,
1940 1590 2020 1642 ὅτι

439 1683 617 1735 πάντα
643 1682 951 1736 τετέλεσται
977 1685 1100 1755 ἥδη,
1130 1685 1219 1738 ἵνα
1246 1684 1507 1758 πληρωθῇ
1531 1686 1562 1755 ἡ
1594 1682 1805 1756 Γραφὴ,
1830 1681 1978 1749 λέγει
2002 1698 2016 1712 ·

437 1771 606 1841 Διψῶ.
650 1773 864 1844 Λεκάνη
893 1773 1071 1827 ἔκειτο
1110 1773 1265 1841 ὄξους
1296 1775 1467 1846 μεστή
1488 1793 1502 1806 ·
1541 1775 1777 1842 σπόγγον
1804 1767 1896 1824 οὖν
1933 1787 2021 1842 με·

2133 592 2281 646 venit
2310 592 2368 646 in
2403 593 2606 661 templo
2638 591 2933 646 vendentes
2969 606 3098 648 oves
3131 599 3184 647 et
3216 593 3381 648 boves
3409 603 3462 647 et
3488 594 3700 649 colum-

2132 682 2252 751 bas.
2289 703 2308 734 ι
2341 683 2546 738 Deinde
2565 695 2850 754 postquam
2879 684 3130 753 ejecisset
3152 701 3246 741 eos
3274 685 3498 740 dicens:
3534 707 3551 738 ι
3591 687 3703 740 Au-

2133 774 2269 832 ferte
2306 776 2409 832 ista
2447 776 2614 842 hinc;
2652 775 2820 830 nolite
2860 776 3042 830 facere
3097 774 3316 830 domum
3370 776 3548 834 Patris
3595 779 3701 832 mei

2133 867 2352 920 domum
2400 868 2804 937 negotiationis,
2835 887 2854 918 ι
2883 867 3070 922 subdit
3120 868 3494 936 evangelista:
3534 887 3552 919 ‹
3595 868 3701 923 Re-

2133 954 2339 1009 cordati
2366 965 2494 1010 sunt
2515 955 2764 1025 discipuli
2789 956 2906 1025 ejus
2934 957 3062 1024 quia
3091 957 3354 1025 scriptum
3379 966 3463 1012 est
3493 977 3504 1011 :
3541 959 3701 1015 Zelus

2131 1042 2327 1098 domus
2381 1051 2485 1098 tuae
2533 1044 2770 1098 comedit
2823 1060 2909 1098 me
2930 1044 2994 1099 9".
3062 1063 3079 1094 ι
3139 1043 3245 1098 Sed
3309 1045 3474 1100 etiam
3525 1047 3696 1111 illud.

2137 1153 2156 1186 ι
2193 1133 2468 1189 Dederunt
2499 1136 2553 1190 in
2585 1151 2768 1192 escam
2802 1152 2976 1191 meam
3002 1135 3096 1201 fel,
3135 1145 3190 1190 et
3219 1138 3274 1191 in
3319 1138 3410 1193 siti
3441 1153 3559 1193 mea
3602 1153 3702 1208 po-

2130 1232 2387 1279 taverunt
2420 1241 2505 1280 me
2532 1234 2708 1290 aceto,
2745 1245 2764 1280 ›
2807 1226 2950 1295 quod
2985 1226 3043 1280 in
3076 1226 3178 1281 hoc
3207 1228 3418 1296 psalmo
3446 1228 3696 1292 habetur,

2128 1331 2194 1370 ex
2226 1332 2457 1386 persona
2489 1315 2788 1372 Salvatoris
2819 1317 3214 1372 nostridictum
3245 1318 3574 1382 declaratur.
3607 1336 3692 1374 se-

2127 1407 2366 1460 cundum
2405 1404 2688 1468 Joannem.
2735 1407 2829 1477 qui
2880 1408 2956 1460 ait
2986 1425 2999 1461 :
3034 1427 3051 1458 ι
3091 1406 3285 1464 Postea
3319 1409 3510 1464 videns
3538 1408 3698 1466 Jesus

2125 1498 2251 1566 quia
2300 1498 2483 1552 omnia
2515 1506 2890 1554 consummata
2923 1507 3073 1563 sunt,
3107 1507 3168 1554 ut
3200 1500 3516 1570 impleretur
3550 1499 3701 1556 Scri-

2125 1596 2304 1657 ptura,
2328 1586 2468 1641 dixit
2498 1609 2512 1644 ;
2547 1585 2705 1643 Sitio.
2730 1586 2839 1642 Vas
2863 1599 2979 1643 erat
3005 1591 3241 1658 positum
3271 1598 3426 1647 aceto
3454 1593 3693 1661 plenum.

2125 1675 2207 1730 Illi
2247 1683 2427 1730 autem
2463 1678 2744 1747 spongiam
2780 1677 2994 1747 plenam
3045 1686 3200 1739 aceto
3229 1695 3354 1736 cum
3398 1679 3521 1736 felle
3569 1683 3698 1753 hys-

2124 1783 2258 1838 s0po
2309 1769 2827 1839 circumponentes,
2873 1771 3189 1827 obtulerunt
3233 1773 3314 1827 ori
3370 1773 3507 1842 ejus.
3557 1773 3695 1832 Cum

439 1863 560 1916 στὸν
607 1865 930 1935 ποιήσαντες
968 1866 1122 1931 ὄξους
1177 1867 1314 1938 μετὰ
1357 1866 1539 1938 χολῆς,
1577 1865 1814 1935 ὑσσώπῳ
1859 1880 2009 1934 περι-

2116 1874 2240 1929 ergo
2286 1860 2586 1929 accepisset
2637 1858 2798 1914 Jesus
2851 1870 3064 1916 acetum
3120 1877 3246 1917 cum
3300 1863 3462 1931 felle,
3515 1866 3692 1923 dixit.

436 1955 638 2021 θέντες,
688 1959 1070 2030 προσήνεγκαν
1120 1960 1286 2016 αὐτοῦ
1331 1959 1408 2030 τῷ
1452 1960 1698 2030 στόματι.
1750 1958 1877 2011 Ὅτε
1923 1951 2016 2008 οὖν

433 2048 623 2104 ἐλαϐεν
669 2052 698 2103 6
747 2051 954 2123 Ἰησοῦς
995 2053 1056 2106 16
1097 2053 1217 2118 ὅξος
1252 2053 1391 2125 μετὰ
1422 2052 1608 2122 χολῆς,
1647 2046 1768 2104 εἷπε
1793 2067 1805 2081 ·
1854 2046 2018 2105 Τετέ-

431 2142 618 2198 λεσται
671 2146 768 2199 καὶ
809 2145 948 2218 αὕτη
992 2149 1024 2217 ἡ
1072 2147 1284 2219 Γραφὴ,
1323 2166 1342 2198 ι
1385 2147 1480 2200 καὶ
1512 2145 1580 2198 τὰ
1626 2144 1788 2199 λοιπὰ
1829 2143 1886 2194 δὲ
1939 2142 2017 2203 είς

2122 1951 2517 2007 Consummata
2545 1961 2631 2006 est
2656 1961 2711 2006 et
2739 1953 2856 2007 haec
2907 1952 3192 2024 Scriptura
3212 1957 3280 2021 ",
3320 1975 3339 2008 ι
3391 1965 3448 2012 et
3497 1964 3738 2015 caetera’

2123 2057 2245 2114 quae
2272 2043 2336 2096 ad
2367 2057 2656 2113 personam
2691 2043 3003 2102 Servatoris
3047 2049 3224 2104 nostri
3253 2050 3566 2104 referuntur
3597 2068 3613 2119 ;
3641 2058 3697 2110 et

2122 2135 2240 2190 sine
2270 2135 2378 2190 ulla
2416 2135 2677 2190 violentia
2706 2137 3215 2208 interpretationem
3247 2141 3388 2200 banc
3415 2149 3638 2198 tuentur

430 2236 728 2306 πρόσωπσν
769 2235 864 2292 τοῦ
911 2239 1162 2308 Σωτῆρος
1204 2238 1360 2310 ἡμῶν
1399 2238 1797 2310 ἀναφερόμενα,
1844 2235 2007 2300 σώζοι
2030 2229 2352 2286 ἀναδίαστον
2387 2229 2463 2302 (ί)
2500 2231 2597 2299 τὴν
2627 2233 2942 2302 ἑρμηνείαν.

505 2348 524 2380 ι
550 2329 847 2383 Ἑκοπίασα
891 2331 1133 2403 κράζων,
1187 2333 1552 2404 ἐϐραγχίασεν
1591 2335 1618 2387 6
1644 2333 1851 2404 λάρυγξ
1883 2348 2010 2402 μου,

429 2421 676 2487 ἐξέλιπον
718 2425 767 2477 οί
805 2423 1077 2495 ὀφθαλμοί
1122 2443 1223 2496 μου
1263 2426 1372 2479 ἀπὸ
1404 2425 1498 2479 τοῦ
1541 2425 1780 2491 ἐλπίζειν
1821 2442 1888 2496 με
1933 2426 2012 2487 είς

428 2512 518 2566 τὸν
555 2513 688 2567 Θεόν
724 2531 846 2586 μου.
889 2534 908 2566 ι
974 2516 1086 2570 Kal.
1123 2516 1298 2571 ταῦτα
1340 2520 1402 2570 ἐν
1444 2517 1525 2588 τῷ
1569 2517 1711 2571 κατά
1762 2517 2010 2586 Ἰωάννην

427 2602 730 2674 ἐπληροῦτο
759 2605 1078 2678 Εὐαγγελίῳ
1101 2624 1114 2638 ·
1160 2609 1218 2662 ἐν
1256 2601 1301 2676 ᾧ
1330 2609 1575 2679 εἱστήκει
1611 2611 1640 2662 ὁ
1683 2605 1889 2679 Ἰησοῦς
1921 2607 2012 2660 καὶ

428 2691 626 2764 ἐκραζε
669 2695 879 2764 λέγων·
923 2716 942 2751 ι
984 2699 1106 2752 Ἐάν
1152 2717 1237 2763 τις
1281 2699 1438 2771 διψᾷ,
1485 2699 1728 2772 ἐρχέσθω
1769 2700 1906 2770 πρὸς
1940 2698 2010 2769 μὲ

428 2785 523 2838 καὶ
556 2785 785 2840 πινέτω·
812 2807 832 2839 ι
866 2784 1022 2851 αὖθις
1059 2789 1116 2842 δὲ
1149 2792 1386 2862 εἴρηται·
1427 2810 1446 2842 ι
1491 2791 1698 2863 Ἰησοῦς
1726 2791 1784 2844 δὲ
1810 2790 2008 2862 ἐκραζε

426 2878 522 2930 καὶ
571 2878 786 2946 ἔλεγεν·
837 2881 894 2933 '0
935 2881 1202 2943 πιστεύων
1245 2885 1327 2947 είς
1374 2883 1476 2954 ἐμὲ
1527 2885 1590 2938 οὐ
1639 2882 1884 2937 πιστεύει
1930 2884 2010 2947 είς

427 2969 548 3042 ἐμὲ,
597 2971 711 3025 ἀλλ’
744 2973 822 3035 είς
862 2973 952 3026 τὸν
993 2973 1288 3044 πέμψαντά
1331 2992 1417 3045 με.
1455 2975 1562 3028 Καὶ
1595 2977 1624 3030 6
1657 2975 1875 3047 θεωρῶν
1908 2975 2009 3048 ἐμὲ

2193 2325 2358 2385 Vens.
2392 2325 2449 2390 4,
2482 2325 2534 2380 5.
2584 2344 2601 2376 ι
2649 2325 2920 2383 Laboravi
2972 2328 3244 2394 clamans,
3297 2345 3478 2387 rauca;
3535 2332 3695 2388 facta:

2117 2434 2248 2478 sunt
2301 2421 2488 2478 fauces
2525 2438 2680 2487 meae,
2711 2422 3035 2480 defecerunt
3067 2425 3210 2480 oculi
3244 2427 3347 2481 mei
3380 2425 3507 2480 dum
3532 2443 3696 2497 spero

2115 2514 2170 2570 in
2202 2513 2370 2570 Deum
2406 2529 2606 2568 meum.
2635 2533 2653 2566 ι
2687 2513 2811 2570 Haec
2835 2531 3052 2586 quoque
3090 2515 3465 2587 in-Evangelio
3495 2533 3696 2574 secun-

2118 2605 2249 2660 dum
2282 2605 2547 2661 Joannem
2581 2607 2805 2676 impleta
2853 2607 3124 2672 feruntur,
3154 2611 3374 2678 quando
3403 2612 3582 2665 stabat
3606 2611 3696 2667 εἰσ-ο

2117 2714 2214 2755 sus
2246 2705 2300 2753 et
2329 2697 2414 2754 bis
2439 2697 2622 2754 verbis
2656 2698 2930 2754 clamabat
2961 2720 2974 2758 :
3011 2719 3030 2753 ι
3070 2699 3126 2754 Si
3160 2700 3286 2771 quis
3335 2702 3474 2766 sitit,
3508 2703 3696 2761 veniat

2118 2789 2184 2842 ad
2216 2803 2303 2844 me
2336 2799 2390 2843 et
2427 2789 2580 2845 bibat
2605 2791 2673 2845 ’⁸.
2708 2809 2727 2841 ι
2759 2789 2977 2848 Rursus
3029 2807 3249 2862 quoque
3292 2794 3500 2849 dictum
3553 2802 3642 2849 es‘.
3673 2811 3690 2850 :

2124 2897 2142 2930 ι
2183 2877 2346 2935 Jesus
2379 2888 2560 2934 autem
2593 2881 2867 2936 clamabat
2898 2890 2954 2936 et
2973 2882 3181 2936 dicebat
3216 2903 3229 2936 :
3268 2881 3372 2949 Qui
3421 2885 3594 2939 credit
3635 2883 3694 2941 in

2119 2985 2228 3034 me,
2255 2986 2366 3026 non
2400 2971 2578 3026 credit
2607 2971 2662 3025 in
2698 2987 2804 3040 me,
2828 2971 2925 3029 sed
2950 2973 3003 3027 in
3028 2989 3151 3029 enm
3184 2975 3276 3046 qui
3297 2990 3384 3029 me
3428 2974 3599 3030 misit.
3623 2974 3693 3030 Et

425 3062 622 3135 θεωρεῖ
650 3064 740 3116 τὸν
776 3065 1068 3136 πέμψαντά
1110 3084 1197 3137 με.
1240 3066 1382 3136 Ἐγὼ
1408 3067 1522 3137 φῶς
1554 3071 1636 3132 είς
1676 3069 1769 3120 τὸν
1802 3067 2006 3138 κόσμον

2116 3059 2207 3130 qui
2240 3059 2384 3113 videt
2413 3075 2519 3122 me,
2551 3061 2700 3116 videt
2733 3076 2859 3116 eum
2892 3062 2986 3131 qui
3017 3062 3165 3117 misit
3206 3079 3311 3119 me.
3342 3061 3450 3132 Ego
3500 3063 3592 3118 lux
3630 3063 3691 3120 in

423 3153 688 3228 ἐλήλυθα,
722 3156 806 3210 ἵνα
849 3158 956 3220 πᾶς
987 3159 1015 3210 6
1048 3158 1322 3229 πιστεύων
1353 3160 1434 3224 είς
1465 3161 1565 3231 ἐμὲ
1609 3163 1667 3213 ἐν
1711 3163 1776 3231 τῇ
1816 3159 2007 3231 σκοτίᾳ

423 3247 501 3320 μὴ
558 3249 736 3321 μείνῃ.
769 3271 786 3302 ι
829 3251 940 3304 Ka‘t
988 3251 1081 3305 ἐπὶ
1114 3249 1208 3304 τοῦ
1236 3251 1490 3323 Λαζάρου
1535 3251 1593 3304 δὲ
1637 3253 1848 3325 ἐπάρας
1878 3253 2006 3316 τοὺς

420 3338 732 3411 ὀφθαλμοὺς
773 3339 940 3394 αὐτοῦ
984 3342 1066 3404 εἰς
1109 3341 1202 3395 τὸν
1244 3343 1474 3413 οὐρανὸν
1526 3338 1678 3396 εἶπε·
1737 3361 1756 3393 ι
1797 3343 2001 3414 Πάτερ,

421 3433 728 3505 εὐχαριστῶ
761 3451 863 3498 σοι,
899 3434 982 3487 ὅτι
1015 3433 1256 3504 ἡκουσάς
1292 3451 1415 3503 μου.
1464 3432 1604 3502 Ἐγὼ
1635 3433 1693 3486 δὲ
1726 3434 1893 3505 ᾔδειν,
1921 3434 2003 3487 ὅτι

421 3525 654 3580 πάντοτέ
689 3543 789 3596 μου
823 3525 1061 3588 ἀκούεις.
1111 3527 1221 3580 Kal.
1266 3526 1440 3579 ταῦτα
1484 3524 1674 3589 εἰπὼν,
1718 3528 1868 3597 φωνῇ
1907 3543 2004 3596 μεσρ

420 3615 564 3686 γάλῃ
607 3616 951 3686 ἐκραύγασε·
1005 3618 1244 3688 Λάζαρε,
1290 3616 1450 3689 δεῦρο
1496 3617 1618 3684 ἔξω.
1655 3637 1672 3668 ι
1721 3617 1879 3671 Ἀ).λά
1908 3618 2003 3671 καὶ

421 3709 542 3759 κατ’
571 3707 702 3758 αὐτὸ
729 3707 790 3758 16
817 3705 986 3779 πάθος
1017 3709 1218 3777 ἱστορεῖ
1244 3711 1272 3762 6
1295 3708 1573 3772 Ματθαῐος
1598 3709 1799 3777 λέγων·
1841 3708 2004 3763 ι’Δπὸ

420 3795 477 3850 δὲ
519 3797 684 3867 ἕκτης
713 3796 861 3867 ὥρας
913 3797 1102 3860 σκότος
1149 3797 1365 3866 ἐγένετο
1418 3800 1511 3852 ἐπὶ
1555 3801 1736 3854 πᾶσαν
1763 3801 1864 3871 τὴν
1900 3803 2004 3873 γῆν

421 3890 526 3953 ἕως
554 3889 702 3960 ὥρας
730 3889 949 3960 ἐνάτης.
979 3887 1114 3959 Περὶ
1142 3887 1199 3941 δὲ
1227 3887 1325 3958 τὴν
1358 3890 1552 3960 ἐνάτην
1575 3889 1746 3961 ὥραν,
1782 3892 2006 3963 ἀνεϐόη-

421 3999 514 4036 σεν
569 3983 598 4034 6
638 3980 844 4052 Ἰησοῦς
898 3983 1047 4052 φωνῇ
1109 3980 1320 4052 μεγάλῃ
1369 3980 1576 4050 λέγων(
1623 3982 1792 4047 Ἠλεὶ,
1835 3982 2000 4048 Ἠλεὶ,

419 4074 584 4145 Λαμά
615 4072 969 4143 Σαόαχθανεί.
997 4093 1016 4124 ι
1053 4073 1185 4126 Τότε
1215 4073 1310 4144 μὲν
1337 4069 1432 4126 οὖν
1464 4071 1638 4127 συνὼν
1673 4074 2003 4146 ἀνθρώποις,

421 4163 630 4227 πάντας
673 4162 812 4233 βοῶν
839 4162 1142 4234 παρεκάλει
1171 4162 1328 4233 ἥκειν
1357 4163 1451 4216 καὶ
1487 4163 1736 4217 σπεύδειν
1782 4166 1873 4217 ἐπὶ¹
1903 4164 2002 4236 τὴν

418 4253 583 4307 αὐτοῦ
627 4253 1005 4331 διδασκαλίαν·
1063 4254 1156 4308 καὶ
1200 4253 1292 4306 τὸν
1337 4256 1656 4326 τεταρταῖον
1703 4255 1762 4309 δὲ
1810 4256 2002 4331 νεκρὸν

423 4344 560 4414 μετά
603 4329 844 4415 μεγάλης
883 4343 1197 4398 ἀνεκαλεῖτο
1238 4344 1508 4415 κραυγῆς.
1557 4345 1717 4400 Ἀλλά
1747 4348 1841 4401 καὶ
1871 4329 2000 4420 περὶ

2116 3151 2380 3207 mundum
2407 3152 2554 3215 veni,
2586 3158 2647 3207 ut
2684 3151 2866 3208 omnis
2889 3154 2983 3223 qui
3018 3153 3190 3209 credit
3223 3153 3278 3207 in
3308 3170 3413 3220 me,
3450 3154 3505 3208 in
3529 3163 3685 3212 tene-

2111 3243 2228 3300 bris
2249 3258 2360 3298 non
2379 3244 2676 3297 maneat".
2707 3263 2726 3294 ι
2761 3243 2820 3298 Et
2849 3259 3010 3314 super
3029 3242 3292 3299 Lazarum
3325 3245 3546 3302 elevatis
3564 3261 3690 3302 ocu.

2115 3335 2184 3389 lis
2204 3335 2320 3390 suis
2369 3335 2426 3389 in
2467 3336 2668 3390 cretum
2709 3336 2892 3392 dixit:
2933 3355 2950 3388 ι
2987 3335 3170 3400 Pater,
3213 3339 3415 3408 gratias
3463 3354 3564 3410 ago
3586 3339 3686 3395 tibi

2113 3427 2243 3498 quia
2277 3427 2476 3482 audisti
2506 3443 2615 3484 me.
2645 3426 2757 3498 Ego
2787 3437 2968 3484 autem
3018 3429 3257 3484 sciebam
3307 3431 3439 3500 quia
3469 3446 3688 3502 semper

2113 3535 2200 3574 me
2223 3518 2401 3574 audis.
2435 3518 2645 3574 Etcum
2669 3520 2786 3576 haec
2813 3522 3062 3587 dixisset,
3092 3536 3227 3576 voce
3250 3537 3444 3592 magna
3480 3523 3687 3578 clama-

2109 3612 2190 3666 vit
2227 3627 2238 3662 :
2275 3610 2502 3675 Lazare,
2552 3613 2672 3668 veni
2727 3612 2961 3668 foras”.
3003 3632 3022 3664 ι
3060 3610 3168 3667 Sed
3226 3614 3390 3668 etiam
3445 3613 3513 3668 de
3564 3614 3687 3684 ipso

2111 3704 2388 3773 passionis
2408 3712 2655 3775 tempore
2684 3705 2800 3761 haec
2816 3712 3008 3760 narrat
3040 3705 3324 3761 Mattheus
3355 3725 3368 3761 :
3404 3723 3424 3756 ι
3463 3706 3507 3760 Α
3530 3715 3685 3766 sexta

2111 3802 2292 3849 autem
2328 3796 2463 3850 liora
2497 3798 2734 3851 tenebras
2778 3796 2937 3852 facta:
2994 3805 3123 3854 sunt
3169 3813 3334 3867 super
3371 3798 3682 3854 universam

2111 3892 2312 3942 terram
2364 3902 2538 3955 usque
2590 3886 2659 3940 ad
2689 3887 2880 3943 horam
2923 3903 3146 3944 nonam.
3195 3887 3260 3942 Et
3289 3889 3438 3944 circa
3492 3889 3682 3947 horam

2110 3990 2309 4029 nonam
2357 3976 2612 4031 clamavit
2656 3976 2820 4032 Jesus
2873 3994 3006 4034 voce
3060 3994 3257 4045 magna
3290 3979 3480 4034 dicens
3517 3997 3532 4033 :
3571 3977 3680 4046 Eli,

2109 4066 2214 4128 Eli,
2247 4062 2409 4120 Lama
2454 4065 2824 4122 Sabachtbani
2851 4069 2919 4124 ⁸³.
2961 4089 2979 4121 ι
3021 4068 3176 4124 Τυιιο
3227 4071 3410 4140 itaque
3433 4071 3685 4128 cumho-

2110 4158 2350 4214 minibus
2409 4159 2633 4230 degens,
2685 4160 2972 4216 clamando
3026 4176 3218 4216 omnes
3270 4163 3679 4230 cohortabatur,

2111 4258 2171 4313 ut
2201 4249 2448 4305 venirent
2490 4259 2936 4322 maturarentque
2980 4251 3047 4305 ad
3085 4250 3207 4321 ejus
3239 4252 3544 4308 doctrinam
3577 4272 3594 4310 :
3625 4263 3682 4312 et

2108 4337 2539 4408 quatriduanum
2573 4346 2847 4393 mortuum
2898 4339 3138 4396 clamore
3170 4355 3368 4410 magno
3394 4342 3678 4399 evocabat.

417 4434 516 4506 τὴν
548 4413 742 4507 ἐνάτην
775 4413 924 4507 ὥραν
954 4435 1050 4490 τοῦ
1083 4413 1290 4500 πάθους
1318 4437 1522 4511 ἀνεϐόα,
1547 4441 1699 4510 φωνῇ
1752 4413 1994 4513 μεγάλη·

2116 4429 2214 4498 Sed
2249 4431 2412 4486 etiam
2446 4431 2594 4485 circa
2625 4447 2824 4487 nouam
2848 4431 3121 4501 passionis
3162 4432 3375 4496 horam.
3405 4434 3680 4491 clamabat

420 4529 512 4580 καὶ
562 4526 701 4597 μετά
754 4525 930 4584 ταῦτα
971 4526 1132 4598 πάλιν
1152 4544 1166 4558 ·
1229 4546 1249 4579 ι
1281 4526 1507 4597 Κράξας
1554 4531 1704 4600 φωνῇ
1763 4516 1994 4602 μεγάλη,

419 4619 598 4687 ἀφῆκε
642 4618 704 4670 τὸ
746 4617 981 4688 πνεῦμα.
1043 4618 1154 4673 Kal.
1201 4618 1324 4695 ἰδοὺ,
1360 4619 1422 4672 16
1460 4619 1858 4690 καταπέτασμα
1901 4618 1997 4671 τοῦ

418 4709 545 4762 ναοῦ
573 4708 794 4780 ἐσχίσθη
817 4709 896 4772 εἰς
917 4708 1031 4771 δύο,
1058 4710 1150 4762 καὶ
1177 4711 1210 4780 ἡ
1234 4709 1306 4780 γῆ
1328 4709 1569 4782 ἐσείσθη,
1595 4712 1689 4764 καὶ¹
1713 4712 1770 4762 ai.
1799 4711 1996 4782 πέτραι

419 4801 754 4872 ὲρῤάγησαν,
789 4800 884 4852 καὶ
920 4799 989 4853 τὰ
1017 4804 1254 4871 μνημεῖα
1281 4799 1653 4873 ἀνεῴχθησαν,
1690 4803 1785 4855 καὶ
1827 4803 1997 4857 πολλὰ

420 4889 646 4960 σώματα
685 4889 794 4943 τῶν
833 4890 1252 4963 κεκοιμημένων
1295 4893 1466 4960 ἁγίων
1503 4893 1851 4964 ἠγέρθησαν·
1875 4913 1892 4944 ι
1931 4893 2001 4948 τὰ

417 4982 656 5036 τοσαῦτα
697 4983 795 5053 τῆς
832 4983 1074 5054 μεγάλης
1112 4979 1277 5036 αὐτοῦ
1313 4982 1499 5052 φωνῆς
1547 4984 1790 5054 ἐνεργεῖν
1838 4983 2001 5036 δυνα-

423 5071 611 5143 μένης.
650 5073 712 5125 Εἱ
742 5072 800 5126 δὲ
827 5071 1136 5143 ἐπιστήσειέ
1183 5087 1288 5134 τις,
1332 5071 1408 5134 ὡς
1453 5072 1512 5139 ἐξ
1551 5073 1760 5125 ἐκείνου
1799 5075 1892 5130 καὶ
1919 5075 2000 5136 εἰς

417 5165 577 5237 δεῦρο
617 5165 739 5218 καθ’
774 5164 904 5235 ὅλης
934 5164 1036 5234 τῆς
1067 5162 1370 5234 ἀνθρώπων
1415 5165 1741 5236 οἰκουμένης
1777 5166 1836 5217 ἐν
1877 5169 1998 5228 ταῖς

418 5257 736 5328 ἐκκλησίαις
787 5256 952 5310 αὑτοῦ
1005 5255 1122 5328 βοᾷ,
1179 5254 1430 5309 σπεύδειν
1481 5257 1572 5309 ἐπὶ
1627 5257 1688 5309 τὸ
1734 5257 1997 5321 ζωοποιὸν

418 5346 582 5402 αι’ντοῦ
616 5347 1142 5424 πόμαὶπαρακαλῶν,
1170 5346 1266 5399 καὶ
1291 5346 1420 5409 τοὺς
1450 5348 1571 5410 ταῖς
1603 5347 1738 5418 πρὸς
1771 5347 1996 5400 θάνατον

416 5437 716 5510 ἁμαρτίαις
789 5436 1230 5508 νενεκρωμένους
1289 5434 1732 5505 ἀνακαλούμενος
1757 5451 1782 5486 ·,
1817 5434 1895 5505 τῷ
1935 5452 1996 5502 τε

2099 4537 2233 4577 voce
2261 4537 2458 4592 magna
2490 4542 2502 4577 :
2547 4537 2611 4578 ac
2652 4531 2841 4593 postea
2900 4539 3121 4580 rursum
3163 4544 3174 4578 :
3207 4542 3226 4575 ι
3256 4524 3514 4581 Clamans
3545 4540 3679 4582 voce

2106 4628 2324 4683 magna,
2357 4614 2540 4669 emisit
2562 4614 2840 4685 spiritum.
2873 4615 2940 4669 Et
2967 4631 3097 4671 ecce
3120 4616 3296 4670 velum
3328 4617 3511 4686 templi
3535 4617 3680 4672 scis-

2109 4722 2232 4762 sum
2261 4714 2344 4768 est
2369 4707 2422 4760 in
2443 4706 2574 4771 duo,
2611 4714 2666 4762 et
2696 4715 2842 4762 terra
2870 4717 3018 4763 mota
3064 4717 3171 4773 est,
3208 4717 3263 4764 et
3290 4721 3453 4779 petrae
3493 4711 3683 4766 scissa

2105 4808 2254 4862 sunt,
2286 4806 2339 4854 et
2372 4809 2725 4858 monumenta
2750 4809 2936 4871 aperta
2965 4809 3113 4865 sunt,
3141 4810 3195 4856 et
3241 4803 3411 4856 multa
3442 4817 3679 4872 corpora

2109 4898 2426 4944 sanctorum
2453 4891 2546 4961 qui
2592 4892 2930 4948 dormierunt
2960 4903 3380 4948 resurrexerunt
3415 4896 3454 4948 ί.
3495 4912 3515 4946 ι
3550 4892 3678 4949 Hac

2107 4983 2318 5040 Scilicet
2349 4998 2543 5055 magna
2575 4983 2746 5054 ipsius
2780 4999 2884 5039 vox
2937 4987 3100 5040 edere
3160 4994 3392 5054 poterat.
3425 4986 3582 5052 Quod
3631 4989 3677 5041 si

2102 5071 2225 5141 quis
2247 5071 2556 5128 consideret
2590 5061 2683 5144 qui
2733 5073 2801 5128 ab
2829 5074 2922 5127 illo
2965 5073 3034 5128 ad
3091 5074 3194 5129 hoc
3238 5091 3412 5144 usque
3461 5083 3678 5144 tempus

2103 5180 2200 5233 per
2228 5172 2404 5220 totum
2427 5165 2616 5224 orbem
2665 5167 2720 5219 in
2762 5166 3014 5220 ecclesiis
3042 5167 3159 5221 suis
3181 5167 3298 5237 ipse
3326 5168 3546 5232 clamet,
3582 5183 3678 5221 co-

2103 5255 2336 5320 li‘ortans
2364 5257 2614 5327 singulos
2658 5265 2716 5311 ut
2761 5265 3036 5312 maturent
3089 5259 3155 5312 ad
3193 5259 3467 5313 vivificum
3497 5258 3675 5328 ipsius

2102 5353 2325 5416 potum;
2360 5361 2426 5402 ac
2477 5363 2743 5403 revocans
2795 5348 2916 5401 illos
2955 5349 3049 5417 qui
3081 5349 3405 5403 mortalibus
3438 5349 3677 5418 peccatis

2102 5440 2360 5497 exstinta
2415 5450 2576 5508 sunt;
2628 5439 2815 5496 audiat
2870 5440 2998 5496 item
3050 5441 3372 5497 clamantem
3418 5441 3682 5513 passione

487 5592 728 5665 9?_Joan.
757 5609 818 5664 It,
846 5590 1032 5665 £5.11.
1100 5591 1152 5665 ff
1189 5588 1349 5665 «ΙοιιιιΣ
1374 5587 1732 5665 ἰιιηὲἱζ-τρο.
1809 5589 1855 5621 ⁹⁶
1893 5589 2009 5646 Joal

2116 5610 2190 5660 ru,
2232 5594 2322 5648 57.
2401 5595 2445 5628 ³⁷
2485 5593 2640 5652 Joan.
2674 5611 2774 5660 xu,
2816 5595 3005 5652 54-46.
3082 5596 3130 5632 ”
3165 5595 3322 5653 loan.
3366 5613 3444 5665 ιι,
3483 5597 3676 5662 lii-£1,

419 5665 464 5697 ”
505 5663 694 5718 Matth.
736 5659 908 5726 xxv",
946 5660 1038 5726 45,
1087 5660 1174 5715 46.
1256 5665 1270 5691 ί
1317 5659 1464 5731 ibid.
1517 5658 1695 5714 50-52.

493 5776 772 5848 (1)3642):
805 5777 1188 5847 ἀναείαστον.
1219 5775 1379 5839 Forte
1410 5773 1572 5839 σώζει
1599 5775 2009 5846 ἀκαταδίαστοη

2116 5775 2138 5829 τι
2170 5773 2447 5844 ἀϐίαστον.
2483 5771 2639 5835 Enn.
