4056 6390
362 355 457 411 731

1055 349 1325 412 EUSEBII
1362 348 1834 406 CESARIENSlS
1870 349 2020 405 OPP.
2061 349 2240 404 PARS
2279 349 2452 402 |l|.—-
2492 340 2896 399 EXEGETICA.

3508 334 3613 390 ‘52

359 479 458 524 sua
491 471 556 525 ad
598 479 768 524 totum
805 469 1014 533 orbem,
1043 470 1216 539 magis
1239 483 1401 538 quam
1427 477 1560 522 tunc
1590 468 1657 522 ad
1690 465 1933 529 Sionem,

2041 467 2298 538 βοωμένῳ
2350 461 2515 516 αὑτοῦ
2574 460 2734 513 πάθει
2785 457 2884 525 τὴν
2942 451 3234 524 σύμπασαν
3289 449 3614 520 οἰκουμένην

363 563 634 633 siquidem
672 583 689 615 ι
734 565 788 618 in
830 578 1050 616 omnem
1084 571 1288 617 terram
1317 562 1484 617 exivit
1511 576 1682 616 sonus
1723 575 1936 624 eorum,

362 665 419 710 et
451 657 504 709 in
537 655 670 710 ﬁnes
717 655 868 710 orbis
920 663 1081 709 terra:
1135 656 1296 708 verba
1349 669 1538 710 eorum
1567 656 1624 719 ';
1651 672 1669 704 ι
1706 654 1754 708 is
1809 666 1942 706 sane

363 746 502 801 sciet
535 761 634 798 cur
681 746 734 798 in
777 745 1034 814 praesenti
1059 761 1122 800 ex
1154 745 1274 814 ejus
1320 759 1553 814 persona
1583 743 1789 798 dictum
1823 743 1895 796 sit
1924 755 1938 791 :

370 839 691 893 «Laboravi
759 838 1027 897 clamans,
1079 852 1259 892 raucae
1332 837 1485 890 factae.
1556 843 1685 890 sunt
1758 835 1942 888 fauces

365 947 519 985 meae.
562 951 580 981 ι
609 929 742 983 Nam
776 930 927 983 vocis
961 929 1082 998 ejus
1145 929 1603 998 perseverantiam
1663 927 1748 980 his
1801 924 1943 978 indi-

365 1033 472 1076 cat.
512 1021 630 1076 Non
666 1023 810 1076 enim
847 1037 969 1074 cum
1001 1023 1169 1076 semel
1196 1023 1490 1075 clamasset
1513 1020 1814 1085 abscessit;
1847 1017 1942 1073 sed

367 1131 585 1184 semper
630 1114 1025 1183 discipulorum
1073 1129 1205 1167 voce
1263 1115 1464 1167 clamat
1513 1120 1566 1166 et
1601 1112 1665 1165 ad
1697 1111 1940 1164 omnium

366 1207 578 1258 animas
608 1205 944 1259 vociferatur
979 1223 992 1258 :
1022 1219 1238 1274 semper
1285 1206 1412 1259 item
1480 1202 1546 1256 ad
1591 1200 1804 1255 Patrem
1838 1202 1945 1255 cla-

368 1308 592 1364 matpro
626 1297 693 1350 iis
717 1296 808 1366 qui
845 1297 898 1350 in
921 1299 1099 1366 ipsum
1134 1295 1508 1350 crediderunt.
1541 1295 1723 1360 Quare
1744 1291 1946 1347 deinde

368 1386 694 1457 subjungit:
738 1405 755 1437 ι
799 1386 1123 1442 Defecerunt
1169 1387 1315 1441 oculi
1356 1387 1459 1440 mei
1489 1387 1616 1440 dum
1687 1400 1849 1455 spero
1887 1387 1941 1437 in

367 1479 536 1532 Deum
591 1495 790 1534 meum.
851 1499 868 1530 ι
927 1479 1033 1533 Pro
1077 1480 1170 1533 illo
1223 1488 1443 1541 autem,
1485 1497 1501 1529 ι
1535 1477 1877 1540 defecerunt,
1919 1495 1938 1527 δ

365 1571 585 1640 Aquila,
625 1569 902 1625 «confecti
967 1578 1114 1633 sunt,
1173 1572 1288 1632 ait,
1359 1569 1502 1623 ocnli
1557 1569 1684 1628 mei,
1749 1582 1944 1636 exspe-

369 1668 582 1715 ctantes
617 1659 805 1717 Deum.
834 1678 850 1711 ι
873 1658 1156 1713 Clamabat
1188 1673 1350 1730 porro
1371 1669 1423 1712 et
1443 1657 1842 1712 vociferabatur
1871 1655 1944 1709 ob

372 1751 778 1805 multitudinem
810 1751 1154 1804 inimicorum
1189 1765 1438 1805 suorum.
1469 1749 1622 1815 Quod
1651 1749 1736 1802 his
1763 1747 1943 1801 verbis

373 1840 617 1894 declarat
647 1856 660 1891 :
701 1859 719 1891 ι
759 1841 1097 1911 Multiplicati
1135 1849 1264 1897 sunt
1294 1857 1460 1911 super
1487 1842 1713 1910 capillos
1747 1839 1942 1909 capitis
1977 1830 2015 1882 Β

365 1933 469 1986 mei
511 1935 603 2004 qui
667 1936 898 1989 oderunt
959 1951 1043 1990 me
1089 1938 1280 2005 gratis.
1331 1955 1350 1986 ι
1386 1934 1541 2000 Quod
1589 1934 1636 1988 si
1699 1933 1942 1987 Ecclesia

363 2023 484 2090 ejus
518 2026 590 2080 sit
625 2043 827 2095 corpus
854 2028 996 2096 ejus,
1031 2027 1332 2081 secundum
1365 2027 1709 2096 Apostolum,
1741 2025 1833 2094 qui
1888 2024 1943 2078 id

363 2117 524 2172 docet
545 2116 632 2171 bis
663 2119 844 2172 verbis
881 2136 892 2171 :
935 2137 952 2168 ι
993 2115 1104 2172 Vos
1137 2125 1317 2171 autem
1361 2116 1498 2171 estis
1548 2131 1749 2185 corpus
1779 2114 1944 2168 Chri-

364 2206 458 2265 sti.
486 2216 541 2260 et
573 2207 818 2260 membra
849 2222 914 2260 ex
963 2215 1122 2278 parte
1146 2208 1198 2272 ³;
1233 2225 1252 2259 ι
1285 2205 1489 2262 dixeris
1530 2206 1774 2260 membra
1820 2221 1945 2259 cor-

364 2299 520 2368 poris
565 2313 687 2367 quae
738 2299 911 2368 magis
970 2299 1281 2353 necessaria
1345 2307 1497 2365 sunt,
1550 2306 1824 2367 atque,_ut
1869 2297 1945 2351 ita

369 2391 576 2452 dicam,
608 2404 824 2453 sensus,
860 2405 956 2444 eos
991 2405 1057 2444 ex
1110 2390 1311 2460 popqu
1364 2405 1486 2445 esse
1519 2391 1611 2460 qui
1646 2390 1942 2444 necessarii

364 2479 669 2545 habentur;
705 2488 784 2541 ut,
822 2481 973 2534 verbi
1007 2496 1194 2542 causa,
1229 2491 1392 2551 caput
1427 2480 1666 2550 prmfecti
1709 2479 1940 2545 fuerint;

364 2583 448 2629 os,
503 2567 787 2636 magistri;
840 2584 1022 2631 aures,
1095 2570 1392 2638 prudentes
1428 2569 1740 2636 auditores;
1773 2569 1940 2633 oculi,

363 2658 456 2727 qui
500 2658 552 2710 in
585 2658 882 2726 Scripturis
910 2661 1255 2729 perspicaces
1290 2668 1447 2725 sunt;
1489 2675 1704 2725 manus,
1730 2661 1822 2730 qui
1856 2675 1944 2714 re-

365 2749 468 2804 bus
499 2751 723 2820 agendis
750 2752 1112 2820 promptiores
1149 2770 1161 2804 :
1188 2762 1352 2821 atque
1381 2767 1506 2806 cum
1546 2753 1780 2821 quadam
1810 2768 1942 2822 pro-

370 2840 620 2908 portione
651 2842 732 2896 sic
762 2843 970 2912 reliqua
1013 2844 1261 2913 corporis
1311 2844 1557 2899 membra
1602 2844 1942 2901 distribuan-

370 2940 480 2987 tur.
505 2931 628 2986 Pari
662 2935 822 2988 modo
851 2935 1079 3005 capillos
1137 2937 1410 3007 intelligas
1456 2954 1580 2993 esse
1627 2941 1938 2995 multitudio-

365 3037 490 3075 nem
522 3030 714 3086 tutam,
745 3039 809 3076 ac
839 3023 1168 3093 superﬂuam
1202 3027 1419 3079 turbam
1455 3043 1668 3094 eorum,
1701 3031 1791 3099 qui
1843 3034 1942 3084 ali-

364 3129 530 3182 quem
599 3121 853 3167 ornatum
932 3117 1030 3168 toti
1103 3117 1320 3185 corpori
1392 3119 1707 3181 conciliant,
1761 3137 1939 3190 neque

355 3193 548 3259 tamen
581 3205 805 3274 perinde
837 3208 1130 3262 necessarii
1160 3221 1287 3263 sunt
1326 3224 1391 3263 ac
1420 3211 1632 3280 reliqua
1668 3213 1935 3268 membra.

366 3293 593 3349 Talibus
622 3296 784 3366 igitur
805 3297 1018 3366 capillis
1046 3300 1216 3353 multo
1245 3301 1428 3369 plures
1483 3316 1710 3355 numero
1740 3302 1941 3356 fuerint

363 3387 458 3456 qui
493 3387 655 3441 alieni
680 3397 806 3441 sunt
838 3404 868 3440 a
901 3389 1024 3452 fide,
1062 3398 1247 3460 utpote
1276 3391 1369 3461 qui
1404 3392 1458 3444 in
1483 3392 1590 3445 lata
1617 3401 1666 3446 et
1699 3394 1938 3461 spatiosa

365 3480 451 3533 via
511 3479 786 3534 incedant.
820 3480 1184 3546 Quamobrem
1220 3483 1428 3537 dictum
1465 3493 1551 3538 est
1583 3503 1595 3538 :
1631 3503 1648 3534 ι
1677 3483 1939 3554 Multipli-

372 3571 481 3624 cati
510 3580 638 3626 sunt
665 3589 830 3643 super
862 3574 1092 3644 capillos
1123 3576 1319 3644 capitis
1356 3577 1459 3630 mei
1483 3577 1575 3647 qui
1593 3575 1824 3630 oderunt
1854 3593 1940 3632 me

365 3664 553 3730 gratis.
569 3683 586 3714 ι
607 3662 788 3720 Gratis
803 3674 981 3719 autem
996 3666 1175 3721 odisse
1190 3667 1464 3732 dicuntur,
1481 3668 1574 3737 qui
1594 3669 1796 3721 nullam
1815 3685 1939 3738 pro-

369 3752 509 3806 ferre
535 3754 715 3806 valent
742 3755 854 3808 odii
885 3772 1132 3820 causam,
1157 3765 1217 3811 ut
1275 3758 1369 3827 qui
1421 3759 1662 3814 salutare
1712 3761 1935 3814 verbum

367 3853 802 3913 persequuntur,
830 3862 954 3901 eum
985 3851 1131 3903 nulla
1158 3851 1445 3904 incusaudi
1469 3852 1591 3921 ejus
1639 3855 1780 3907 ratio
1807 3871 1938 3926 snp-

366 3941 534 4003 petat.
567 3935 672 3990 Pro
709 3939 803 3992 illo
853 3950 1053 4008 autem,
1092 3959 1110 3992 ι
1145 3942 1239 4012 qui
1288 3941 1524 3996 oderunt
1567 3959 1655 4000 me
1681 3947 1870 4016 gratis,
1912 3969 1931 4000 ι

365 4029 746 4100 Symmachus,
796 4051 814 4082 ι
851 4033 1097 4088 odientes
1143 4050 1248 4099 me,
1281 4035 1481 4104 inquit,
1533 4037 1650 4092 sine
1683 4054 1870 4095 causa.
1913 4062 1932 4093 >

363 4115 445 4172 llli
473 4121 674 4191 itaque,
710 4123 805 4182 ait,
841 4126 1192 4194 multiplicati
1219 4136 1348 4180 sunt
1391 4131 1514 4199 plus
1561 4145 1722 4199 quam
1751 4133 1934 4202 capilli

363 4212 558 4279 capitis
592 4214 716 4267 mei.
755 4214 896 4279 Quin
925 4218 1086 4271 etiam
1114 4218 1407 4273 confortati
1439 4229 1565 4275 sunt
1586 4222 1788 4278 inimici
1821 4239 1938 4293 per-

363 4311 656 4372 sequentes
701 4320 848 4359 eum.
882 4306 947 4359 Et
1011 4323 1143 4362 sane
1188 4310 1373 4364 videre
1402 4320 1507 4376 est,
1533 4327 1643 4379 quo
1694 4321 1935 4382 tempore

273 4414 275 4417 ·
362 4395 724 4462 persequendi
795 4395 1027 4451 facultas
1103 4399 1285 4466 datur,
1335 4400 1659 4464 confortari,
1725 4405 1930 4470 extolli,

2045 561 2245 630 μᾶλλον
2277 559 2310 628 ἢ
2343 559 2465 610 τότε
2505 553 2642 608 Σιὼν
2662 594 2677 617 ,
2717 551 2945 621 ἐπείπερ
2993 568 3010 599 ι
3058 549 3135 610 εἰς
3170 548 3347 599 πᾶσαν
3380 543 3476 614 τὴν
3509 543 3612 613 γῆν

2041 652 2260 722 ἐξῆλθεν
2311 651 2339 700 ὁ
2373 648 2604 718 φθόγγος
2653 644 2852 704 αὐτῶν,
2902 642 2994 695 καὶ
3028 641 3106 703 εἰς
3145 638 3212 690 τὰ
3259 636 3468 707 πέρατα.
3514 635 3614 705 τῆς

2041 742 2366 812 οἰκουμένης
2416 738 2484 792 τὰ
2523 740 2740 808 ῥήματα
2790 733 3000 788 αὐτῶν·
3035 751 3054 783 ι
3107 731 3310 782 εἴσεται
3357 727 3505 790 ὅπως
3554 727 3612 780 ἐν

2041 839 2154 898 τοῖς
2189 831 2568 906 προκειμένοις
2615 828 2674 894 ἐξ
2717 826 2878 882 αὑτοῦ
2930 824 3218 897 προσώπου
3271 823 3483 893 εἰρηται
3527 817 3610 883 τὸ,

2048 947 2067 980 ι
2105 927 2402 979 Ἑκοπίασα
2456 921 2693 994 κράζων,
2749 918 3108 989 ἐϐραγχίασεν
3133 917 3162 967 ὁ
3203 912 3412 986 λάρυγξ
3436 929 3558 982 μου.
3588 931 3607 962 ι

2043 1019 2116 1071 Τὸ
2171 1018 2278 1089 γὰρ
2326 1016 2636 1086 παράμονον
2689 1010 2854 1066 αὑτοῦ
2905 1011 3005 1080 τῆς
3052 1008 3179 1078 βοῆς
3249 1005 3338 1060 διὰ
3408 1004 3612 1057 τούτων

2047 1107 2318 1178 σημαίνει.
2375 1105 2447 1157 Οὐ
2499 1103 2610 1174 γὰρ
2665 1099 2810 1165 ἅπαξ
2848 1098 2994 1153 ςποτέ
3045 1096 3243 1166 βοήσας
3302 1090 3606 1163 παρῆλθεν

2043 1199 2156 1252 ἀλλ’
2198 1200 2284 1252 ἀεὶ
2326 1197 2424 1268 βοᾷ
2459 1198 2552 1250 καὶ
2598 1195 2865 1266 κέκραγεν
2910 1194 2988 1254 είς
3031 1190 3127 1252 τὰς
3174 1187 3391 1240 πάντων
3435 1183 3612 1254 ψυχὰς

2043 1291 2129 1343 διὰ
2153 1290 2260 1342 τῶν
2289 1289 2451 1342 αὑτοῦ
2488 1273 2772 1359 μαθητῶνέ
2801 1286 2886 1338 ἀεὶ
2912 1284 2967 1337 δὲ
2992 1283 3084 1336 καὶ
3116 1281 3250 1352 πρὸς
3277 1279 3368 1330 τὸν
3394 1276 3613 1346 Πατέρα

2047 1384 2145 1454 βοᾷ
2179 1385 2316 1455 ύπέρ
2362 1382 2469 1435 τῶν
2509 1383 2588 1444 εἰς
2631 1379 2788 1432 αὐτὸν
2840 1374 3300 1429 πεπιστευκότων.
3353 1370 3443 1422 Διὸ
3485 1367 3611 1438 ἑξῆς

2044 1473 2312 1542 ἐπιλέγειο
2397 1493 2415 1524 ι
2460 1471 2730 1536 Ἐξέλιπον
2793 1471 2841 1522 οί
2887 1465 3151 1536 ὀφθαλμοί
3205 1480 3307 1534 μου
3359 1461 3467 1516 ἀπὸ
3517 1458 3610 1513 τοῦ

2045 1566 2283 1630 ἐλπίζειν
2342 1582 2408 1635 με
2464 1565 2557 1616 ἐπὶ
2605 1563 2696 1616 τὸν
2753 1561 2883 1614 Θεόν
2939 1577 3060 1630 μου.
3091 1577 3110 1610 ›
3173 1554 3318 1609 Ἀντὶ
3371 1552 3430 1606 δέ
3479 1549 3608 1611 τοῦ,

2050 1674 2067 1706 ι
2098 1656 2362 1721 ἐξέλιπον,
2414 1675 2431 1706 ι
2480 1657 2508 1706 ὁ
2553 1653 2820 1717 Ἀκύλας,
2873 1668 2890 1702 ι
2957 1646 3364 1715 Ἐτελέσθησαν,
3425 1642 3608 1710 φησὶν,

2043 1750 2092 1801 οἰ
2124 1746 2387 1817 ὀφθαλμοί
2426 1763 2526 1817 μου
2575 1744 2958 1814 περιμένοντες
3015 1739 3106 1793 τὸν
3129 1737 3276 1791 Θεόν.
3305 1755 3322 1787 ι
3359 1732 3516 1786 Ἐϐόα
3555 1730 3612 1785 δὲ

2043 1841 2136 1893 καὶ
2171 1839 2458 1909 ἐκεκράγει
2508 1837 2596 1890 διὰ
2644 1837 2706 1888 τὸ
2751 1835 2950 1904 πλῆθος
2997 1831 3105 1883 τῶν
3154 1825 3364 1898 ἐχθρῶν
3411 1822 3606 1878 αὐτοῦ’

2042 1933 2071 1984 ὃ
2097 1932 2160 2003 δὴ
2194 1932 2489 2003 παρίστησι
2533 1930 2734 1997 λέγων’
2802 1947 2820 1978 ι
2853 1922 3292 1994 Ἐπληούνθησαν
3334 1918 3474 1989 ὑπὲρ
3513 1915 3611 1980 τὰς

2041 2026 2232 2095 τρίχας
2265 2024 2366 2093 τῆς
2396 2023 2633 2093 κεφαλῆς
2677 2039 2776 2092 μου
2820 2022 2870 2072 οἰ
2908 2015 3186 2089 μισοῦντές
3229 2030 3295 2085 με
3335 2009 3560 2082 δωρεάν.
3585 2026 3604 2060 ι

2044 2119 2106 2170 Εἰ
2146 2116 2205 2168 δὲ,
2243 2115 2403 2184 σῶμα
2427 2112 2592 2166 αὑτοῦ
2614 2111 2916 2181 τυγχάνειή
2940 2104 3229 2176 Ἐκκλησία
3257 2099 3440 2160 αὑτοῦ.
3474 2099 3610 2152 κατά

2042 2210 2133 2262 τὸν
2171 2206 2508 2270 Ἀπόστολον,
2543 2207 2602 2269 ὃς
2634 2205 2878 2262 ἐδίδασκε
2900 2202 3072 2270 λέγων
3091 2216 3103 2229 ·
3148 2217 3167 2254 ι
3187 2198 3376 2267 Ὑμεῖς
3405 2194 3461 2246 δέ
3488 2194 3607 2244 ἐστε

2047 2302 2202 2372 σῶμα
2225 2302 2460 2372 Χριστοῦ
2495 2301 2590 2353 καὶ
2624 2298 2759 2369 μέλη
2791 2299 2856 2349 ἐκ
2891 2295 3087 2366 μέρους
3108 2311 3122 2324 ο
3166 2310 3186 2348 ι
3241 2290 3413 2350 εἴποις
3448 2286 3513 2340 ἂν
3544 2284 3611 2338 τὰ

2049 2393 2148 2462 μὲν
2187 2391 2587 2461 ἀναγκαιότερα
2642 2389 2773 2460 μέλη
2819 2387 2913 2440 τοῦ
2953 2386 3224 2458 σώματος,
3265 2384 3358 2438 καὶ
3399 2381 3497 2444 τὰ,
3535 2381 3600 2432 ἵν’

2041 2480 2212 2544 οὕτως
2247 2481 2418 2543 εἴπω,
2457 2478 2804 2549 αἰσθητήρια,
2831 2477 2955 2539 τοὺς
2988 2475 3315 2544 ἀναγκαίους
3349 2469 3488 2526 εἶναι
3515 2470 3610 2525 τοῦ

2043 2571 2203 2624 λαοῦ’
2258 2566 2369 2624 οἷον
2413 2571 2655 2641 κεφαλὴν
2695 2572 2821 2634 τοὺς
2872 2569 3234 2642 ἡγουμένους,
3286 2565 3457 2636 στόμα
3488 2565 3613 2628 τοὺς

2041 2663 2414 2726 διδασκάλους,
2455 2665 2548 2716 καὶ
2595 2664 2721 2725 τοὺς
2756 2660 3012 2723 συνετοὺς
3054 2657 3328 2730 ἀκροατὰς
3365 2657 3432 2709 τὰ
3475 2649 3610 2720 ῶτα,

2040 2756 2166 2817 τοὺς
2225 2753 2534 2823 ὀφθαλμοὺς
2603 2755 2728 2815 τοὺς
2795 2753 3135 2823 ὃιορατικοὺς
3193 2751 3300 2803 τῶν
3360 2750 3610 2820 Γραερῶν,

2041 2847 2228 2915 χεῖρας
2260 2844 2384 2906 τοὺς
2431 2843 2936 2914 πρακτικωτέρους,
2983 2841 3190 2904 τούτοις
3231 2858 3290 2893 τε
3339 2839 3612 2910 ἀναλόγως

2039 2935 2110 2988 τά
2141 2934 2303 2988 λοιπά
2338 2935 2475 3005 μέλη
2505 2935 2599 2988 τοῦ
2632 2934 2898 3004 σώματος,
2925 2929 3004 2996 οἷς
3039 2932 3326 2986 ἀκόλουθον
3356 2933 3440 3002 εἴη
3473 2934 3620 2985 νοεῖν.

2039 3018 2232 3098 τρίχας
2257 3024 2396 3082 εἶναι
2428 3027 2519 3080 τοῦ
2555 3029 2753 3091 παντὸς
2785 3029 2853 3082 τὰ
2884 3027 3083 3099 πλήθη,
3119 3027 3212 3080 καὶ
3240 3027 3330 3079 τὸν
3361 3025 3613 3096 περιττὸν

2041 3119 2196 3190 ὄχλον
2231 3121 2494 3192 φέροντας
2543 3122 2652 3190 μέν,
2684 3138 2806 3174 τινα
2843 3120 3046 3189 κόσμον
3100 3119 3205 3189 ὅλῳ
3255 3116 3332 3188 τῷ
3376 3116 3611 3187 σώματι,

2046 3210 2119 3280 μὴ
2172 3210 2276 3281 μὴν
2321 3210 2624 3278 ἀναγκαίαν
2673 3209 2793 3262 τινὰ
2852 3209 3044 3280 χρῆσιν
3097 3206 3395 3279 ὁμοίαν,τά
3451 3205 3626 3258 λοιπά

2045 3303 2202 3373 μέλη.
2239 3302 2358 3355 Τῶν
2382 3297 2475 3355 οὖν
2498 3301 2754 3356 τοιούτων
2790 3301 2992 3371 τριχῶν
3022 3299 3201 3370 πολλῷ
3235 3299 3470 3352 πλεῖστοι
3502 3293 3610 3350 εἷεν

2040 3393 2106 3446 ἂν
2145 3394 2193 3445 οἰ
2232 3392 2500 3463 ἀλλότριοι
2540 3393 2640 3463 τῆς
2689 3392 2943 3458 πίστεως,
2979 3393 3072 3453 ἅτε
3113 3392 3174 3463 δὴ
3212 3391 3306 3461 τὴν
3349 3389 3604 3442 πλατεῖαν

2041 3487 2136 3539 καὶ
2199 3487 2297 3557 τὴν
2360 3485 2668 3558 εὐρύχωρον
2741 3485 3066 3554 βαδίζοντες.
3151 3483 3240 3544 Διὸ
3322 3481 3598 3544 λέλεκται’

2045 3596 2061 3627 ι
2089 3576 2530 3648 Ἑπληθύνθησαν
2574 3576 2714 3647 ὑπὲρ
2749 3574 2846 3638 τὰς
2874 3576 3060 3646 τρίχας
3095 3577 3194 3644 τῆς
3225 3572 3461 3642 κεφαλῆς
3505 3587 3623 3640 μου.

2038 3671 2087 3721 οἱ
2125 3669 2409 3739 μισοῦντές
2447 3687 2514 3740 με
2545 3669 2772 3739 δωρεάν.
2808 3688 2826 3720 ›
2877 3668 3092 3739 Δωρεὰν
3125 3669 3181 3720 δὲ
3218 3669 3393 3737 μισεῖν
3425 3664 3608 3732 λέγον-

2039 3777 2130 3812 ται
2163 3761 2212 3812 οἰ
2245 3762 2347 3813 οὐκ
2381 3761 2596 3830 ἔχοντες
2629 3760 2807 3813 αἰτίαν
2833 3762 3005 3814 εἰπεῖν
3053 3758 3146 3820 τοῦ
3193 3760 3405 3829 μίσους,
3453 3757 3526 3819 ὡς
3563 3756 3627 3815 οἰ,

2037 3849 2126 3902 τὸν
2159 3851 2423 3922 σωτήριον
2447 3850 2600 3920 λόγον
2623 3850 2909 3913 διώκοντες
2936 3852 3029 3906 καὶ
3062 3851 3224 3921 μηδὲν
3257 3848 3610 3918 καταμέμφε-

2041 3940 2162 3993 σθαι
2205 3942 2353 4012 αύτῴ
2385 3941 2692 4013 δυνάμενοι.
2743 3943 2887 3995 Ἀντὶ
2918 3943 2974 3995 δέ
3007 3943 3122 4006 τοῦ,
3170 3962 3188 3994 ι
3225 3944 3273 3995 οἰ
3327 3942 3624 4012 μισοῦντές

2041 4047 2108 4100 με
2150 4030 2388 4099 δωρεάν,
2421 4051 2438 4082 ι
2495 4034 2523 4084 ό
2577 4031 2902 4102 Σύμμαχος,
2967 4051 2985 4081 ι
3040 4033 3102 4084 Οἱ
3155 4031 3439 4102 μισοῦντές
3505 4049 3605 4102 με,

2040 4121 2225 4190 φησιν,
2285 4122 2562 4185 ἀναιτίως.
2621 4141 2638 4172 ι
2680 4115 2838 4175 υῦτοι
2877 4119 2969 4176 οὖν
3015 4123 3214 4193 μᾶλλον
3254 4123 3618 4185 ἐπλεόνασαν,

2039 4213 2222 4282 φησὶν,
2273 4213 2305 4282 ἢ
2350 4213 2405 4265 αἱ
2447 4214 2632 4283 τρίχες
2684 4215 2782 4284 τῆς
2832 4213 3074 4283 κεφαλῆς
3125 4232 3247 4285 μου.
3305 4214 3464 4276 Ἀλλὰ
3516 4214 3610 4266 καὶ

2039 4302 2486 4375 ἐκραταιώθησαν
2518 4306 2567 4356 οἱ
2601 4304 2785 4376 ἐχθροὶ
2815 4305 2979 4358 αὐτοῦ
3014 4308 3062 4358 οἰ
3093 4305 3378 4368 διώκοντες
3425 4306 3616 4370 αὐτόν.

2042 4394 2169 4447 Ἰδοι
2207 4395 2338 4462 γοῦν
2369 4413 2473 4460 τις,
2507 4395 2628 4448 καθ’
2664 4397 2890 4449 ἕκαστον
2930 4397 3116 4468 καιρὸν
3151 4397 3272 4451 καθ’
3305 4398 3362 4450 ὃν
3395 4397 3618 4451 διώκειν,

362 4485 642 4554 mutaque
665 4502 825 4555 posse
861 4489 1110 4543 inimicos
1141 4491 1280 4558 ejus.
1335 4491 1541 4560 Injuste
1590 4505 1768 4549 autem
1805 4512 1925 4564 per-

2040 4486 2480 4557 συγχωροῦνται,
2534 4489 2998 4558 κραταιουμένους
3051 4491 3144 4542 καὶ
3193 4491 3606 4560 ἐπαιρομένους,

365 4587 668 4646 sequuntur
690 4579 862 4641 illum,
887 4588 940 4635 et
966 4582 1136 4649 gratis
1165 4584 1418 4638 oderunt.
1444 4585 1579 4639 Cum
1611 4590 1753 4642 enim
1783 4591 1932 4643 nulla

362 4668 539 4723 subsit
574 4671 875 4726 inimicitia
904 4688 1105 4738 causa,
1140 4690 1316 4744 neque
1363 4689 1786 4733 consentaneam
1845 4698 1934 4734 rn-

363 4757 567 4812 tionem
603 4759 850 4828 proferre
881 4761 1097 4816 valeant
1121 4779 1222 4817 cur
1251 4774 1682 4836 persequantur,
1731 4766 1934 4835 injuste

361 4857 543 4902 tamen
579 4858 793 4904 vexant.
827 4853 922 4907 lllc
952 4869 1085 4907 vero
1141 4870 1264 4908 eum
1314 4857 1450 4910 nihil
1506 4861 1764 4926 rapuerit,
1794 4859 1930 4911 nihil

361 4939 575 5007 injuria:
606 4941 869 5006 intulerit,
894 4946 1221 5016 supplicium
1252 4947 1368 5002 luit.
1394 4947 1528 5003 Nam
1553 4950 1598 5004 si
1629 4951 1931 5005 secundum

360 5031 506 5101 leges
537 5047 712 5101 pcenze
738 5048 772 5086 a
814 5037 924 5090 reis
980 5039 1284 5106 repetendae
1320 5040 1450 5103 sint,
1479 5057 1657 5111 neque
1690 5042 1806 5110 ipse
1835 5057 1932 5095 ne-

358 5138 465 5191 que
498 5129 742 5190 germani
790 5127 908 5196 ejus
959 5128 1215 5198 discipuli
1251 5132 1434 5200 aliquo
1463 5133 1517 5185 in
1572 5132 1811 5186 facinore
1836 5131 1931 5185 dc-

358 5215 614 5282 prehensi
668 5224 818 5271 sunt.
887 5216 1020 5272 Jure
1077 5235 1207 5290 ergo
1252 5224 1326 5275 ait
1363 5241 1374 5276 :
1411 5242 1428 5273 ι
1465 5222 1598 5288 Quae
1633 5239 1741 5276 non
1774 5224 1926 5292 rapui

357 5310 490 5357 tunc
550 5305 921 5360 exsolvebam.
973 5327 990 5359 ι
1043 5309 1120 5362 Ac
1173 5321 1419 5379 tempore
1481 5313 1758 5380 passionis
1818 5328 1931 5367 suae

357 5395 526 5461 gratis
547 5397 921 5465 cruciabatur,
955 5399 1009 5452 c‘t
1037 5400 1367 5469 supplicium
1393 5403 1597 5464 luebat,
1629 5419 1753 5456 cum
1795 5405 1928 5458 nulli

358 5485 613 5551 injuriam
645 5486 883 5544 fecisset.
922 5489 1102 5554 Quare
1137 5502 1268 5545 tunc
1297 5493 1510 5548 dicebat
1549 5509 1562 5544 :
1603 5513 1622 5546 ι
1655 5492 1785 5559 Qua:
1822 5512 1927 5550 non

359 5575 513 5644 rapui
539 5584 669 5630 tunc
712 5579 1098 5646 exsolvcbam;
1146 5602 1162 5633 ι
1215 5583 1353 5647 sive,
1415 5586 1717 5639 secundum
1767 5586 1931 5656 Aqui-

433 5751 450 5794 ?
497 5749 639 5810 θεαὶ,
686 5767 838 5821 XVIII,
881 5756 931 5809 5.
1010 5756 1030 5787 ³
1072 5755 1085 5807 1
1126 5756 1252 5816 Cor.
1297 5776 1393 5825 xu,
1433 5761 1521 5815 9.7.

2039 4576 2132 4628 καὶ
2162 4577 2332 4629 πολλά
2370 4578 2698 4648 δυναμένους
2735 4579 2861 4642 τοὺς
2890 4580 3115 4651 ἐχθροὺς
3158 4582 3342 4636 αὐτοῦ.
3386 4581 3606 4644 ’Δδὶκως

2034 4667 2091 4720 δὲ
2119 4669 2279 4720 αὐτὸν
2306 4668 2587 4722 διώκουσιν
2615 4665 2779 4734 οὗτοι,
2813 4671 2905 4724 καὶ
2937 4673 3159 4742 ἐμίσουν
3186 4675 3346 4727 αὐτὸν
3377 4671 3606 4743 δωρεάν.

2034 4760 2322 4830 Μηδεμίαν
2352 4760 2460 4831 γὰρ
2491 4761 2703 4831 ἔχοντες
2734 4762 2986 4816 ὑπόθεσιν
3015 4763 3233 4835 ἔχθρας,
3269 4764 3404 4835 μηδέ
3431 4764 3607 4828 αἰτίας

2034 4851 2208 4904 εἰπεῖν
2238 4849 2491 4917 εὐλόγους
2521 4845 2621 4902 οἷοί
2662 4867 2721 4902 τε
2754 4850 2822 4903 δι’
2853 4850 2939 4914 ac;
2959 4851 3264 4916 διώκουσιν,
3299 4853 3449 4922 ὅμως
3488 4850 3606 4903 ἀδί-

2035 4958 2148 5003 κως
2194 4941 2356 4994 αὑτὸν
2390 4941 2692 4999 διώκουσιν.
2757 4945 2814 4998 '0
2847 4944 2904 5000 δὲ
2951 4945 3089 5014 ὑπὲρ
3131 4938 3206 4997 ὧν
3259 4944 3332 5015 μὴ
3367 4945 3607 5014 ἥρπασε,

2037 5032 2171 5102 μηδέ
2204 5032 2447 5102 ἠδίκησε,
2483 5034 2703 5088 κόλασιν
2737 5036 3044 5105 ὑπέμεινεν.
3078 5037 3142 5088 Εἰ
3189 5035 3297 5107 γάρ
3339 5035 3482 5088 κατά
3519 5035 3605 5088 νό-

2037 5139 2170 5193 μους
2219 5127 2483 5196 προσὴκει
2518 5126 2673 5197 δίκην
2711 5127 3128 5198 εἰσπράττεσθαι
3178 5129 3303 5191 τοὺς
3349 5127 3605 5196 ἠδικηκό-

2035 5233 2167 5278 τας,
2199 5215 2320 5269 οὔτε
2362 5217 2417 5269 δὲ
2449 5218 2611 5280 αὐτὸς
2651 5216 2774 5270 οὔτε
2819 5219 2869 5272 οἰ
2909 5217 3073 5272 αὑτοῦ
3108 5220 3322 5289 γνήσιοι
3366 5218 3606 5288 μαθηταὶ

2033 5308 2250 5377 ἧλωσάν
2292 5327 2419 5362 ποτε
2472 5311 2563 5362 ἐπὶ
2603 5310 2950 5381 παρανομίᾳσ
2995 5311 3220 5374 εἰκότως
3264 5311 3460 5381 φησίν
3504 5313 3603 5362 (Ἃ

2033 5402 2132 5470 οὐχ
2165 5403 2386 5471 ῆρπασα
2429 5403 2548 5455 τότε
2581 5403 2920 5456 ἀπετίννυον.
2947 5423 2966 5457 ι
2999 5404 3110 5457 Καὶ
3135 5403 3276 5457 κατά
3299 5402 3390 5456 τὸν
3418 5403 3605 5473 καιρὸν

2031 5493 2086 5545 δὲ
2129 5493 2223 5545 τοῦ
2266 5495 2470 5557 πάθους
2513 5493 2674 5546 αὐτοῦ
2719 5494 2924 5565 δωρεὰν
2970 5494 3194 5565 ἔπασχε,
3234 5495 3329 5548 καὶ
3367 5495 3506 5566 ὑπὲρ
3532 5487 3606 5548 ὦς

2038 5585 2110 5656 μὴ
2146 5585 2392 5656 ἠδικήκει
2438 5587 2707 5657 τιμωρίαν
2751 5586 2940 5640 ἐδίδου.
2995 5585 3084 5639 Διὸ
3116 5587 3209 5640 καί
3239 5586 3359 5639 τότε
3391 5585 3604 5657 ἔλεγεν
