4056 6428
435 424 530 464 ἔξω

1558 399 2065 458 COMMENTARIA
2103 398 2169 455 IN
2205 398 2544 456 PSALMOS.

3573 393 3678 452 ττι

427 540 447 572 ι
484 518 552 573 Ἀ
601 516 701 588 οὐχ
742 516 988 588 ἥρπαζον
1035 513 1158 569 τότε
1199 513 1545 569 ἀπετίννυονο
1582 532 1600 566 ι
1627 515 1686 585 ἢ,
1725 514 1865 569 κατά
1903 516 1986 569 τὸν

2096 515 2249 570 lam:
2294 535 2315 569 ι
2355 515 2489 583 Quae
2522 528 2630 572 non
2661 513 2932 573 violenter
2976 513 3179 570 abstuli
3238 519 3372 568 tunc
3417 512 3677 568 restitue-

435 612 697 667 ’Δκύλαψ
737 612 838 664 «Ἀ
866 610 967 664 οὐκ
998 607 1305 679 ἐϐιασάμην
1335 608 1456 662 τότε
1489 607 1844 701 ἐπέστρεφον.
1868 627 1888 660 ι

499 744 519 777 ι
539 723 600 778 '0
622 722 774 789 Θεὸς,
808 722 871 776 σὺ
897 720 1068 790 ἔγνως
1091 719 1191 791 τὴν
1224 720 1535 792 ἀφροσύνην
1566 738 1688 793 μου.
1728 740 1746 772 ι
1785 721 1996 792 Ὥσπερ

419 814 766 885 ἀνεγκλήτως
789 813 817 865 0
847 811 989 876 θεῖος
1012 809 1332 875 Ἀπόστολος
1350 812 1550 881 μωρὸν·
1564 811 1672 866 τοῦ
1690 812 1838 866 Θεοῦ
1858 812 1964 866 ὼνό
1980 841 1995 853 ο

426 923 564 978 μασε
588 906 649 958 τὸ
672 903 844 966 πάθος
864 902 959 956 τοῦ
982 902 1256 974 Σωτῆρος,
1282 903 1378 956 καὶ
1402 902 1687 957 ἀσθένειαν
1708 903 1801 957 τὸν
1828 920 1994 958 σταυ-

424 999 533 1071 ρὸν,
573 995 740 1051 εἰπών
757 1015 771 1030 ·
802 1015 821 1048 ι
845 994 1191 1067 Ἐσταυρώθη
1216 995 1276 1060 ἐξ
1306 995 1589 1059 ἀσθενείας
1609 1012 1656 1047 οι
1680 995 1774 1050 καὶ
1798 995 1958 1050 πάλιν
1974 1012 1991 1032 υ

422 1113 441 1143 ι
475 1092 666 1163 Ἡμεῖς
730 1090 787 1145 δὲ
846 1087 1194 1160 κηρύσσομεν
1258 1087 1493 1158 Χριστὸν
1556 1087 1991 1161 ἐσταυρωμένον,

427 1181 703 1244 Ἰουδαίοις
738 1180 836 1251 μὲν
866 1176 1183 1242 σκάνδαλον,
1221 1175 1399 1229 ἔθνεσι
1424 1176 1483 1230 δὲ
1526 1176 1771 1247 μωρίαν·
1812 1177 1894 1231 ὅτι
1933 1177 1994 1230 τὸ

419 1271 599 1343 μωρὸν
627 1269 722 1324 τοῦ
755 1268 890 1323 Θεοῦ
929 1265 1234 1339 σοφώτερον
1260 1265 1368 1320 τῶν
1395 1266 1696 1340 ἀνθρώπων
1727 1268 1864 1333 ἐστὶ,
1896 1268 1995 1321 κα)⁸

412 1365 473 1418 τὸ
503 1363 730 1427 ἀσθενὲς
762 1362 855 1416 τοῦ
880 1358 1016 1414 Θεοῦ
1051 1358 1402 1431 ἰσχυρότερον
1447 1359 1556 1413 τῶν
1597 1359 1901 1431 ἀνθρώπων
1920 1376 1935 1391 ο
1965 1380 1984 1413 ι

411 1455 554 1510 οὕτω
593 1455 687 1509 καὶ
725 1452 821 1509 νῦν
860 1454 960 1508 οὐκ
999 1453 1067 1508 ἂν
1110 1453 1377 1525 ἁμάρτοις
1407 1453 1525 1525 τὴν
1563 1452 1794 1507 ἐνταῦθα
1833 1452 1989 1523 λεγο-

415 1549 584 1621 μένην
632 1548 943 1620 ἀφροσύνην
990 1545 1389 1619 παραπλησίως
1433 1547 1633 1618 νοήσας
1678 1548 1743 1618 τῇ
1793 1547 1993 1618 ὀνομα-

411 1641 596 1711 σθείσῃ
624 1630 775 1713 παρὰ
801 1639 878 1711 τῷ
913 1639 1221 1711 Ἀποστόλῳ
1254 1637 1452 1712 μωρίᾳ.
1492 1637 1652 1691 Ἀλλὰ
1679 1638 1774 1692 καὶ
1801 1637 1991 1710 ὥσπερ

408 1733 553 1802 ἔγνω
583 1732 789 1805 Κύριος
836 1732 965 1796 τοῦς
1008 1731 1170 1796 όντας
1211 1730 1412 1797 αὑτοῦ,
1451 1731 1682 1804 ἐπείπερ
1721 1730 1989 1803 ὲξαίρετοί

407 1824 551 1888 τινές
591 1825 730 1878 εἰσιν
757 1826 808 1879 οἱ
840 1825 941 1896 τῆς
970 1824 1065 1878 τοῦ
1090 1824 1226 1881 Θεοῦ
1266 1823 1521 1895 γνώσεως
1557 1822 1984 1896 κατηξιωμένοι·
2018 1866 2061 1922 Β

406 1916 579 1980 οὕτως
606 1916 763 1989 καὶὴ
812 1915 1048 1971 ἐνταῦθα
1094 1916 1396 1989 ἀφροσύνη,
1430 1915 1556 1980 ἀξία
1594 1915 1693 1986 τῆς
1734 1913 1989 1984 γνώσεως

405 2007 748 2078 τυγχάνουσα
791 2007 888 2061 τοῦ
936 2005 1091 2072 Θεοῦ,
1146 2006 1319 2078 μέγαν
1360 2005 1482 2060 τινὰ
1516 2005 1612 2061 καὶ
1658 2004 1826 2077 βαθὺν
1872 2000 1985 2076 εἶχε

405 2096 581 2167 λόγον.
627 2098 703 2152 Οὐ
744 2096 856 2168 γάρ
910 2096 1065 2169 παρά
1112 2096 1209 2169 τὴν
1263 2095 1362 2169 σὴν
1406 2096 1633 2168 βουλὴνλ
1667 2096 1791 2150 οὐδὲ
1836 2095 1990 2173 παρά

403 2188 503 2261 τὴν
555 2188 654 2261 σὴν
683 2188 884 2259 γνῶσιν
928 2188 1164 2259 ἐγένετο,
1219 2188 1403 2261 φησὶν,
1450 2191 1483 2260 ὴ
1532 2187 1813 2260 ἀφροσύνη
1858 2205 1984 2261 μου.

406 2279 545 2335 Ποία
593 2280 652 2333 δὲ
700 2279 839 2352 αὕτη
888 2281 939 2337 εί
996 2280 1069 2351 μὴ
1115 2282 1149 2352 ή
1190 2277 1523 2352 νομιζομένη
1589 2282 1702 2346 τοῖς
1742 2279 1984 2348 πολλοῖς;

415 2369 506 2434 Ὠς
546 2371 654 2442 γάρ
697 2371 729 2442 ἡ
768 2369 948 2442 μωρία
979 2370 1233 2443 Ἕλλησιν
1287 2370 1564 2442 ἐνομίζετο
1610 2370 1811 2444 μωρία,
1845 2371 1989 2430 κατά

407 2458 595 2529 βαθεῖς
651 2459 709 2513 δὲ
753 2458 947 2528 λόγους
997 2459 1134 2514 Θεοῦ
1199 2459 1597 2529 συνεστελεῖτω
1659 2462 1755 2516 καὶ
1805 2457 1875 2533 ἦν
1926 2461 1988 2515 τὸ

404 2552 535 2624 παρ’
565 2550 874 2623 ἀνθρώποις
911 2551 1095 2624 μωρὸν
1139 2551 1494 2625 νομιζόμενον
1543 2552 1849 2626 σοφώτερον
1878 2552 1989 2608 τῶν

402 2643 742 2716 ἀνθρώπων·
785 2644 1057 2715 ηύδόκησε
1104 2644 1214 2717 γὰρ
1260 2646 1290 2709 0
1333 2644 1468 2708 Θεὸς
1511 2643 1599 2699 διά
1643 2644 1742 2716 τῆς
1776 2643 1988 2717 μωρίας

401 2735 496 2790 τοῦ
529 2735 880 2807 κηρύγματος
907 2736 1078 2795 σῶσαι
1120 2736 1247 2800 τοὺς
1281 2734 1655 2801 πιστεύονταςσ
1687 2736 1858 2801 οὓτως
1892 2737 1988 2801 καὶ

404 2827 437 2895 ἡ
468 2823 784 2897 ἀφροσύνη,
824 2826 890 2896 ἢν
935 2825 1003 2891 δι’
1050 2827 1199 2896 ἡμᾶς
1241 2826 1451 2897 ὑπῆλθε
1505 2825 1747 2902 κενώσας
1795 2827 1985 2893 ἑαυτὸν

310 2922 325 2935 "
403 2918 498 2971 καὶ
545 2916 758 2989 μορφὴν
784 2915 972 2971 δούλου
994 2917 1194 2973 λαϐὼν
1220 2918 1315 2981 καὶ
1355 2918 1547 2991 μέχρις
1577 2918 1808 2973 θανάτου
1841 2936 1986 2993 παρ-

402 3008 594 3075 ελθὼν,
660 3010 943 3082 σοφωτέρα
988 3009 1087 3080 τῆς
1134 3009 1244 3063 τῶν
1297 3010 1597 3084 ἀνθρώπων
1660 3012 1852 3081 σοφίας
1892 3008 1983 3085 ἦν.

413 3102 473 3158 Ὀ
496 3103 651 3173 λόγος
678 3103 787 3175 γάρ
831 3105 861 3157 0
900 3102 993 3156 τοῦ
1028 3102 1265 3176 σταυροῦ
1298 3106 1410 3169 τοῖς
1446 3105 1544 3176 μὲν
1568 3105 1982 3176 ἀπολλυμένοις,

2097 607 2243 660 ham.
2277 625 2296 658 ι

2167 716 2337 774 Vsus.
2458 735 2478 770 ι
2519 717 2683 781 Deus,
2719 725 2777 772 tu
2823 717 2934 774 scis
2985 716 3353 786 insipientiam
3410 729 3610 770 meam.
3648 733 3667 764 ι

2096 810 2572 877 Quemadmodum
2647 810 2870 868 divinus
2922 808 3220 879 Apostolus
3274 807 3497 863 stultum
3547 805 3668 869 Dei,

2095 902 2408 973 passionem
2442 899 2745 957 Salvatoris
2768 941 2782 966 ,
2814 909 2870 956 et
2903 916 3146 963 crucem,
3180 898 3552 955 infirmitatem
3581 898 3670 951 in-

2094 996 2355 1064 culpatim
2384 994 2601 1049 vocavit
2644 994 2836 1050 dicens
2879 1011 2892 1048 :
2931 1013 2949 1047 ι
2985 993 3294 1049 Crucilixus
3319 1002 3491 1047 estex
3519 990 3672 1046 inﬁr-

2092 1086 2287 1141 mitate
2312 1085 2375 1151 *ς
2412 1104 2434 1138 ι
2469 1100 2533 1140 ac
2579 1101 2797 1141 rursum
2827 1105 2840 1141 :
2879 1104 2897 1137 ι
2938 1084 3049 1141 Nos
3098 1095 3276 1141 autem
3313 1084 3673 1155 praedicamus

2092 1170 2373 1230 Christum
2428 1172 2776 1237 cruciﬁxum,
2806 1171 3012 1229 Iudaeis
3057 1175 3279 1244 quidem
3313 1173 3668 1237 scandalum,

2092 1264 2351 1333 gentibus
2379 1271 2560 1319 autem
2618 1264 2930 1330 stultitiam,
2959 1266 3086 1336 quia
3133 1266 3276 1336 quod
3323 1265 3552 1320 stultum
3584 1268 3672 1319 est

2093 1354 2211 1419 Dei,
2244 1356 2549 1426 sapientius
2578 1364 2664 1413 est
2688 1357 3033 1413 hominibus:
3054 1358 3270 1427 etquod
3289 1356 3563 1411 inﬁrmum
3583 1360 3671 1411 est

2091 1447 2210 1510 Dei,
2239 1446 2433 1503 fortius
2449 1456 2532 1504 est
2554 1448 2870 1505 hominibus
2890 1451 2910 1482 ³
2932 1468 2946 1519 ;
2974 1470 2990 1501 ι
3013 1451 3093 1507 sic
3114 1459 3169 1505 ct
3200 1450 3253 1503 in
3284 1448 3540 1520 praesenti
3555 1461 3668 1501 non

2098 1539 2465 1604 aberraveris,
2499 1541 2544 1594 si
2582 1542 2953 1610 insipientiam
2997 1543 3084 1598 hic
3135 1549 3513 1603 memoratam,
3549 1537 3670 1609 pari

2090 1630 2304 1685 ratione
2345 1630 2619 1703 intelligas
2650 1641 2815 1703 atque
2861 1634 3152 1688 stultitiam
3186 1633 3256 1688 ab
3285 1631 3550 1703 Apustolo
3583 1628 3672 1685 di-

2090 1727 2256 1774 ctam.
2284 1719 2389 1775 Sed
2423 1721 2567 1775 sicut
2596 1723 2748 1776 novit
2783 1722 3047 1778 Dominus
3075 1723 3168 1793 qui
3198 1733 3327 1779 sunt
3347 1723 3490 1793 ejus,
3531 1735 3664 1793 quo-

2090 1809 2239 1863 niam
2263 1810 2483 1881 quidam
2512 1812 2699 1868 selecti
2723 1813 2974 1869 homines
3000 1822 3129 1869 sunt
3148 1813 3240 1869 Dei
3260 1814 3572 1887 cognitione
3591 1811 3673 1871 di-

2088 1901 2260 1970 gnati,
2311 1888 2384 1956 ita
2429 1901 2534 1957 hoc
2588 1903 2708 1959 loco
2761 1906 3073 1976 insipientia
3104 1907 3215 1973 illa,
3242 1921 3364 1976 qua:
3389 1905 3554 1975 digna
3582 1909 3671 1959 est

2089 1990 2185 2047 Dei
2234 1993 2566 2064 00gnitione,
2600 2013 2853 2067 magnam
2904 1997 3345 2069 profundamque
3394 1998 3667 2052 rationem

2089 2081 2502 2154 habuit.Neque
2525 2086 2669 2140 enim
2697 2097 2895 2157 praeter
2923 2088 3257 2143 voluntatem
3285 2103 3349 2142 ac
3368 2098 3564 2159 praeter
3580 2102 3672 2144 co-

2088 2173 2389 2245 gnitionem
2414 2183 2564 2231 tuam
2596 2175 2698 2232 fuit
2719 2177 2811 2233 illa
2866 2178 3182 2250 insipientia
3222 2193 3367 2234 mea.
3406 2177 3667 2246 Quanam

2090 2266 2204 2335 illa,
2229 2267 2335 2322 nisi
2358 2283 2480 2338 quae
2508 2269 2634 2325 talis
2682 2285 2714 2325 a
2750 2272 2941 2328 multis
2970 2271 3298 2343 reputatur?
3328 2270 3484 2327 Sicut
3525 2272 3670 2326 enim

2089 2357 2410 2430 insipientia
2435 2363 2528 2418 illa
2556 2363 2763 2421 Graecis
2794 2365 3111 2436 insipientia
3150 2365 3559 2430 aestimabatur,
3584 2378 3673 2420 se-

2089 2455 2335 2510 cundum
2368 2457 2698 2528 profundam
2726 2475 2856 2518 vero
2896 2458 2995 2516 Dei
3033 2460 3326 2524 rationem,
3367 2459 3435 2514 ad
3472 2458 3670 2516 melius

2089 2550 2446 2617 vertebatur;
2475 2557 2530 2603 et
2561 2548 2707 2620 quod
2742 2549 2813 2604 ab
2849 2549 3168 2605 hominibus
3186 2550 3414 2605 stultum
3444 2548 3674 2620 putaba-

2092 2646 2205 2705 tur,
2256 2640 2560 2709 sapientius
2598 2649 2717 2696 erat
2749 2641 3103 2709 hominibus;
3139 2656 3265 2695 nam
3314 2639 3426 2696 Deo
3467 2639 3674 2711 placuit

2090 2744 2186 2801 per
2218 2729 2503 2785 stultitiam
2529 2730 2936 2801 praedicationis
2951 2732 3239 2788 credentes
3260 2733 3443 2789 salvos
3465 2730 3669 2797 facere,

2091 2824 2173 2887 sic
2200 2832 2254 2880 et
2283 2824 2538 2887 stultitia,
2561 2840 2725 2896 quam
2756 2834 2979 2897 propter
3003 2841 3107 2880 nos
3152 2826 3342 2889 subiit,
3374 2826 3673 2882 bumilians

2088 2916 2354 2985 seipsum,
2415 2913 2649 2970 formam
2729 2917 2874 2972 servi
2943 2916 3246 2987 accipiens,
3271 2926 3327 2972 et
3370 2932 3546 2988 usque
3599 2915 3673 2974 ad

2090 3015 2323 3063 mortem
2364 3008 2654 3073 accedens,
2704 3009 3007 3080 sapientior
3055 3010 3174 3081 ipsa
3235 3011 3518 3066 hominum
3580 3026 3671 3067 sa.

2089 3100 2295 3171 pientia
2329 3111 2465 3156 erat.
2493 3100 2628 3155 Nam
2663 3102 2846 3157 crucis
2872 3104 3010 3159 ratio
3036 3106 3392 3176 pereuntibus
3423 3105 3668 3176 quidem,

399 3195 567 3266 φησὶν
618 3196 647 3248 0
697 3194 1064 3260 Ἀπόστολος,
1119 3194 1300 3267 μωρία
1348 3196 1529 3260 ἐστὶν,
1569 3198 1619 3251 εἰ
1667 3197 1725 3251 δὲ
1778 3197 1981 3270 μωρία,

2089 3193 2268 3264 inquit
2295 3190 2614 3263 Apostolus,
2653 3193 2890 3249 stultitia
2920 3205 3025 3252 est.
3057 3194 3217 3262 Quod
3256 3197 3302 3253 si
3353 3197 3581 3252 stultitia
3615 3203 3673 3253 et

398 3289 494 3342 καὶ
541 3285 857 3358 ἀφροσύνη,
917 3289 1032 3351 τοῖς
1083 3286 1141 3345 δὲ
1189 3286 1521 3361 σωζομένοις
1573 3291 1706 3361 ἡμῖν
1756 3288 1985 3362 δύναμις

398 3376 534 3432 Θεοῦ
595 3379 733 3433 ἐστι.
795 3377 1009 3449 Ταύτην
1067 3374 1160 3433 οὖν
1209 3379 1310 3450 τὴν
1365 3380 1678 3453 ἀφροσύνην
1741 3382 1835 3435 καὶ
1886 3381 1985 3453 τὴν

401 3467 611 3539 μωρίαν
660 3467 762 3525 οὐκ
812 3470 1080 3542 ἠγνόησεν
1123 3472 1152 3525 ὁ
1201 3470 1367 3536 Θεός⁵
1411 3471 1576 3531 αὐτοῦ
1635 3472 1746 3546 γὰρ
1804 3473 1985 3546 κρίσει

397 3561 710 3632 γεγένηται.
774 3562 865 3616 Διό
912 3579 1076 3634 φησιν
1101 3579 1115 3592 ⁸
1174 3580 1194 3614 ι
1230 3562 1288 3617 ’0
1340 3562 1501 3630 Θεὸς,
1549 3566 1614 3620 σὺ
1662 3564 1834 3634 ἔγνως
1886 3563 1983 3636 τὴν

398 3650 711 3722 ἀφροσύνην
745 3669 869 3722 μου.
901 3671 920 3704 ι
990 3652 1291 3724 Ἀπήλλαξε
1344 3653 1401 3726 δὲ
1438 3656 1588 3727 ἡμᾶς
1640 3657 1983 3728 πραγμάτων

397 3743 427 3795 ὁ
453 3739 781 3813 Σύμμαχος,
819 3743 1162 3813 ᾇρμηνεύσας
1198 3744 1292 3798 καὶ
1334 3746 1539 3817 εἰπών·
1596 3764 1615 3798 ι
1638 3747 1697 3800 Ὀ
1728 3747 1882 3811 Θεὸς,
1917 3748 1982 3804 σὺ

397 3834 547 3902 οἶδας
577 3836 675 3909 τὴν
708 3836 963 3906 ἀπειρίαν
1009 3853 1110 3908 μου
1136 3852 1151 3866 θ
1186 3855 1203 3887 ι
1262 3837 1521 3910 ἀπειρίαν
1552 3839 1754 3912 δηλαδὴ
1790 3843 1891 3913 τὴν
1924 3844 1983 3897 ὲν

399 3929 725 4004 ἀνθρώποις.
772 3930 883 4001 Τῆς
908 3928 1017 4001 γὰρ
1043 3930 1101 3984 ὲν
1134 3928 1440 4001 ἀνθρώποις
1479 3932 1679 3996 κακίας
1707 3933 1984 4005 ἀλλότριος

397 4023 494 4087 ὢν,
525 4023 624 4096 τὴν
652 4021 824 4094 καλὴν
856 4021 1058 4093 ταύτην
1084 4022 1338 4093 ἀπειρίαν
1369 4022 1657 4094 ἀνατίθησι
1687 4027 1753 4095 τῇ
1784 4023 1982 4094 γνώσει

395 4116 491 4171 τοῦ
529 4114 724 4170 ἑαυτοῦ
754 4114 988 4188 Πατρός.
1030 4115 1141 4169 Καὶ
1174 4116 1306 4188 άλλη
1349 4115 1407 4169 δὲ
1439 4115 1628 4188 Γραφὴ
1663 4116 1783 4171 θεία
1814 4120 1985 4189 ἀφροτ

401 4208 566 4281 σύνης
602 4208 874 4281 μέμνηται
905 4207 1000 4261 τοῦ
1030 4208 1285 4281 Σωτῆρος
1320 4207 1624 4280 συμφώνως
1661 4212 1727 4280 τῇ
1759 4227 1978 4282 προκει-

402 4299 559 4374 μένῃ.
597 4300 912 4371 Γέγραπται
958 4297 1090 4367 γοῦν
1129 4298 1186 4351 ἐν
1211 4299 1543 4371 Παροιμίαις
1565 4316 1580 4329 ·
1619 4318 1637 4351 ‹
1662 4299 1800 4358 Τάδε
1836 4300 1981 4374 λέγει

396 4392 537 4467 ἀνὴρ
579 4394 693 4457 τοῖς
740 4392 1053 4446 πιστεύουσι
1093 4390 1232 4464 Θεῷ,
1273 4392 1366 4445 καὶ
1411 4393 1675 4464 παύομαι.
1729 4394 1983 4466 Ἀφρονέ-

399 4502 595 4548 στέατος
629 4485 739 4555 γάρ
782 4486 898 4554 εἰμι
945 4484 1164 4538 πάντων
1217 4483 1541 4556 ἀνθρώπων,
1578 4485 1672 4539 καὶ
1718 4487 1981 4559 φρόνησις

397 4573 684 4646 ἀνθρώπου
710 4574 809 4627 οὐκ
834 4573 979 4627 ἔστιν
1006 4575 1065 4628 ὲν
1089 4574 1231 4645 ἐμοί.
1250 4573 1382 4639 Θεὸς
1407 4574 1645 4647 δεδίδαχέ
1670 4594 1737 4648 με
1766 4579 1980 4649 σοφίαν,

398 4667 493 4721 καὶ¹
544 4666 744 4737 γνῶσιν
798 4667 968 4736 ἁγίων
1014 4667 1249 4737 ἔγνωκα.
1277 4688 1295 4721 ι
1356 4670 1468 4724 Καὶ
1524 4671 1585 4723 ὲν
1626 4671 1836 4737 τούτοις
1874 4672 1983 4746 γὰρ

398 4758 617 4812 πάντων
668 4758 767 4829 μὲν
810 4757 1113 4829 ἀνθρώπων
1165 4760 1564 4833 ἀφρονέστατον
1612 4763 1802 4837 ἑαυτὸν
1842 4761 1983 4823 εἶναι

396 4848 569 4918 λέγει,
599 4851 693 4903 καὶ
722 4851 983 4922 φρόνησιν
1029 4850 1316 4925 ἀνθρώπου
1360 4854 1436 4925 μὴ
1476 4854 1796 4926 ἐσχηκέναι·
1834 4859 1983 4930 ὅμως

395 4939 452 4992 δὲ
488 4938 619 5010 παρ’
647 4938 812 4992 αὑτοῦ
851 4937 944 4993 τοῦ
970 4937 1104 4993 Θεοῦ
1138 4939 1442 5012 δεδιδάχθαι
1473 4944 1573 5013 τὴν
1607 4947 1983 5019 πνευματικὴν

399 5028 611 5097 σοφίαν,
646 5029 742 5081 καὶ
766 5028 865 5098 τὴν
893 5028 1094 5097 γνῶσιν
1120 5028 1231 5099 τῶν
1255 5031 1424 5100 ἁγίων
1453 5033 1771 5102 ἐγνωκέναι.
1822 5036 1982 5092 Ἀλλά

397 5123 493 5176 καὶ
532 5142 550 5174 ι
595 5123 652 5176 αἱ
712 5120 1087 5194 πλημμέλειαι
1130 5142 1267 5195 μου,
1317 5110 1518 5196 φησὶν,
1582 5128 1690 5183 ἀπὸ
1739 5129 1835 5183 σοῦ
1882 5132 1982 5184 ούκ

397 5210 812 5284 ἁπεκρύὸησαν.
843 5232 861 5263 ι
914 5211 979 5264 Ei
1020 5211 1131 5285 γὰρ
1177 5208 1319 5292 ἦσάν
1362 5231 1506 5278 τινες
1551 5216 1608 5268 ὲν
1638 5218 1763 5288 ἐμοὶ
1802 5218 1984 5290 πλημ-

401 5302 632 5372 μέλειαι,
676 5303 745 5357 δι’
788 5303 856 5367 ἀς
898 5303 975 5375 τῷ
1016 5304 1234 5376 σταυρῷ
1266 5322 1334 5380 με
1370 5307 1800 5380 προσετίμησαν,
1843 5310 1983 5381 τάχα

398 5409 502 5448 που
550 5395 613 5448 σὺ
654 5395 871 5467 πρῶτος
902 5394 1106 5464 ἔγνως,
1153 5395 1212 5449 ὃν
1241 5384 1525 5455 λανθάνειν
1562 5397 1712 5451 οὐδὲν
1750 5393 1861 5452 οἷόν
1890 5417 1979 5453 τε·

398 5484 514 5538 ἀλλ’
542 5484 755 5548 οὐδένες
782 5483 902 5557 (sic)
937 5480 1101 5558 ἦσαν.
1143 5485 1235 5563 Διὸ
1267 5488 1318 5540 οἰ
1352 5468 1638 5577 μισοῦντές
1673 5505 1738 5559 με
1771 5488 1982 5561 δωρεὰν

400 5576 656 5647 ἑμίσουν,
732 5578 827 5632 καὶ
883 5580 933 5631 οἱ
1002 5577 1357 5644 ὲκδιώκοντές
1409 5596 1477 5650 με
1532 5579 1734 5643 ἀδίκως
1797 5578 1833 5634 ἀ
1885 5581 1984 5653 οὐχ

399 5668 627 5741 ἥρπασα
680 5670 1031 5745 ἐξέπραττον.
1094 5671 1248 5727 Ἐπεὶ
1290 5671 1347 5725 δὲ
1381 5658 1838 5751 ψευδομάρτυρας
1889 5673 1983 5726 καὶ

2089 3284 2403 3355 insipientia
2431 3293 2535 3349 est,
2577 3284 2740 3340 nobis
2771 3294 2951 3341 tamen
2983 3287 3216 3343 salutem
3279 3289 3459 3345 nactis
3490 3288 3671 3344 virtus

2086 3372 2183 3436 Dei
2212 3382 2316 3437 est.
2345 3373 2496 3429 llanc
2526 3373 2694 3444 igitur
2735 3374 3108 3446 insipientiam
3145 3387 3199 3431 et
3238 3377 3526 3433 stultitiam
3558 3394 3671 3433 non

2088 3465 2360 3541 ignoravit
2396 3464 2578 3535 Deus;
2613 3481 2741 3522 nam
2796 3466 2974 3537 ipsius
3018 3467 3230 3538 judicio
3274 3469 3506 3525 exstitit.
3541 3469 3671 3524 Ideo

2087 3559 2202 3613 ait:
2243 3578 2261 3611 ι
2302 3557 2466 3624 Deus,
2521 3569 2579 3615 tu
2637 3560 2749 3622 scis
2817 3562 3188 3633 insipientiam
3255 3576 3454 3616 meam.
3499 3580 3518 3615 ι
3556 3560 3670 3619 Nos

2085 3665 2217 3705 vero
2250 3648 2615 3721 Symmachus
2646 3651 2715 3706 ab
2760 3651 2863 3712 hac
2896 3667 2956 3709 re
3001 3651 3296 3722 expedivit,
3349 3651 3432 3707 sic
3492 3650 3667 3707 inter-

2084 3748 2334 3811 pretatus
2367 3761 2379 3795 :
2419 3759 2438 3800 ι
2478 3740 2643 3805 Deus.
2678 3750 2734 3797 tu
2767 3744 2879 3805 scis
2903 3743 3231 3814 imperitiam
3264 3759 3464 3814 meam,
3508 3764 3528 3798 ι
3564 3746 3672 3800 im-

2084 3831 2337 3902 peritiam
2368 3832 2582 3890 scilicet
2612 3850 2734 3910 quaa
2780 3835 2837 3891 in
2882 3836 3202 3893 hominibus
3238 3845 3342 3895 est.
3368 3836 3504 3893 Nam
3542 3855 3666 3893 cum

2085 3923 2155 3976 ab
2188 3922 2471 3978 hominum
2524 3927 2734 3981 malitia
2794 3928 3011 3984 alienus
3044 3938 3214 3996 esset,
3247 3931 3389 3987 hanc
3439 3931 3667 4003 probam

2084 4018 2415 4096 imperitiam
2448 4018 2631 4091 Patris
2686 4022 2773 4076 sui
2856 4023 3156 4094 cognitioni
3212 4024 3477 4094 assignat.
3524 4023 3669 4077 Alibi

2083 4124 2304 4179 quoque
2328 4109 2512 4164 divina
2549 4111 2835 4183 Scriptura
2861 4115 3193 4185 insipientize
3227 4114 3528 4170 Salvatoris
3553 4130 3668 4171 me-

2084 4200 2266 4268 minit,
2304 4200 2504 4273 hisque
2560 4212 2851 4269 consonat.
2912 4204 3192 4283 Scriptum
3251 4207 3437 4278 itaque
3478 4214 3564 4262 est
3610 4207 3669 4262 in

2082 4294 2396 4351 Proverbiis
2462 4315 2475 4371 ς
2515 4314 2534 4348 ι
2592 4295 2717 4367 Haec
2743 4297 2878 4353 dicit
2917 4301 3001 4355 vlr
3052 4299 3404 4357 credentibus
3438 4301 3568 4365 Deo,
3613 4309 3671 4357 et
3744 4334 3751 4337 -

2083 4401 2266 4442 cesso.
2318 4384 2689 4457 Stultissimus
2711 4391 2856 4446 enim
2890 4408 3013 4458 sum
3065 4394 3309 4448 omnium
3361 4394 3667 4459 hominum,

2084 4486 2139 4533 et
2171 4478 2463 4548 prudentia
2507 4479 2747 4537 hominis
2779 4498 2887 4537 non
2931 4493 3018 4541 est
3070 4484 3124 4540 in
3160 4501 3269 4542 me.
3312 4482 3457 4542 Deus
3482 4485 3670 4542 docuit

2089 4584 2178 4623 me
2209 4569 2559 4640 sapientiam,
2586 4579 2640 4627 et
2668 4573 3037 4651 cognitionem
3068 4587 3384 4632 sanctorum
3426 4575 3611 4631 novi‘.
3643 4593 3663 4628 ι

2090 4660 2149 4723 lu
2183 4661 2272 4718 his
2309 4678 2549 4736 namque
2571 4679 2631 4720 se
2666 4666 2912 4720 omnium
2964 4667 3247 4737 hominum
3290 4666 3673 4738 insipientissi-

2090 4765 2242 4806 mum
2278 4753 2621 4825 pronuntiat.
2662 4761 2716 4809 et
2768 4754 3118 4828 prudentiam
3166 4756 3405 4812 hominis
3460 4771 3520 4812 se
3556 4771 3667 4811 non

2092 4843 2293 4900 habere
2323 4845 2457 4900 dicit
2491 4865 2505 4901 :
2535 4845 2632 4901 sed
2681 4854 2867 4903 tamen
2901 4847 2970 4903 ab
3007 4848 3126 4919 ipso
3157 4846 3270 4903 Deo
3306 4848 3561 4904 edoctum
3610 4865 3671 4905 se

2091 4937 2436 5008 spiritualem
2473 4938 2822 5006 sapientiam,
2852 4946 2908 4993 et
2940 4938 3311 5010 cognitionem
3353 4930 3668 4995 sanctorum

2090 5016 2258 5086 nosse
2280 5036 2493 5091 narrat.
2530 5026 2637 5084 Sed
2672 5030 2861 5094 etiam,
2900 5030 3100 5102 inquit,
3126 5048 3145 5082 ι
3182 5030 3382 5086 delicta
3412 5048 3533 5087 mea
3553 5046 3585 5086 a
3616 5041 3672 5088 te

2087 5137 2200 5176 non
2263 5130 2391 5179 Sunt
2453 5123 2794 5179 abscondita.
2831 5141 2851 5176 ι
2889 5114 3023 5177 Nam
3058 5123 3107 5178 si
3160 5125 3409 5196 quaedam
3462 5124 3520 5200 in
3582 5140 3671 5180 me

2089 5213 2293 5279 delicta
2340 5223 2550 5280 essent,
2609 5216 2681 5270 ob
2728 5230 2850 5287 qua:
2905 5230 2994 5270 me
3050 5217 3203 5272 cruci
3250 5215 3668 5283 destinaverint,

2090 5321 2223 5362 sane
2249 5315 2308 5361 tu
2342 5306 2553 5379 primus
2579 5323 2797 5372 nosses,
2822 5307 2909 5362 cui
2946 5308 3118 5364 latere
3152 5308 3289 5362 nihil
3320 5316 3537 5379 potest;
3569 5308 3668 5370 sed

2089 5399 2241 5479 nulla
2264 5408 2444 5455 erant.
2486 5399 2669 5465 Quare
2689 5400 2781 5472 qui
2804 5399 3035 5456 oderant
3057 5417 3163 5467 me,
3191 5402 3363 5473 gratis
3394 5400 3623 5457 oderant
3650 5418 3665 5455 ι

2088 5498 2145 5546 ct
2168 5491 2263 5562 qui
2285 5492 2761 5563 persequebantur
2791 5509 2899 5560 me,
2942 5492 3148 5566 injuste
3192 5510 3315 5566 quae
3367 5510 3478 5552 non
3510 5498 3668 5569 rapui

2089 5583 2402 5655 exigebant.
2437 5582 2577 5651 Quia
2625 5601 2758 5643 vero
2784 5585 2955 5643 falsos
2997 5593 3167 5644 testes
3213 5594 3268 5643 et
3298 5589 3672 5661 sycophantas

2091 5674 2158 5729 ad
2194 5690 2282 5733 me
2311 5678 2685 5735 accusandum
2743 5678 3144 5755 subornarunt,
3169 5689 3227 5737 tu
3267 5683 3436 5752 nosti,
3466 5683 3669 5767 inquit,

478 5827 498 5857 ⁸
536 5826 577 5879 ιι
613 5826 738 5883 Cor.
782 5846 899 5907 xm,
941 5830 991 5885 4.
1069 5832 1088 5864 ³
1132 5789 1305 5887 lCor.
1355 5847 1390 5898 ι,
1430 5828 1619 5886 23-25.
1700 5832 1719 5861 ⁸
1759 5828 1921 5887 Prov.
1965 5847 2095 5907 xxx,
2140 5832 2251 5909 1-3,
