4056 6404
380 381 483 436 735

1042 369 1315 430 EUSEBII
1352 362 1834 425 CASSARIENSIS
1867 357 2022 416 OPP.
2063 354 2246 412 PARS
2284 352 2370 409 III.
2411 383 2483 398 --
2521 350 2933 408 EXEGETICA.

3545 343 3649 400 73G

378 500 522 555 Deus
546 513 677 552 num
712 496 842 567 quid
871 503 1158 567 peccatum
1192 509 1222 547 a
1261 507 1349 546 me
1398 491 1487 545 sil.
1518 487 1705 558 Neque
1746 484 1892 540 enim
1920 482 1955 536 si

2073 478 2414 547 συκοφάντας
2448 475 2680 546 ἔστησαν
2715 474 2774 527 ὲν
2803 473 2870 542 τῇ
2907 471 3026 524 κατ’
3060 469 3194 540 ἐμοῦ
3225 467 3549 538 κατηγορίᾳ.
3584 469 3650 520 σὺ

375 590 624 661 quaedam
648 589 786 642 mihi
841 588 1041 642 delicta
1073 587 1340 646 inessent,
1378 583 1475 637 tibi
1504 587 1690 636 essent
1724 576 1960 631 occulta.

372 679 442 734 Et
473 679 633 742 alias,
667 677 714 733 si
745 687 932 731 nostra
967 676 1085 745 ipse
1119 683 1339 744 peccata
1374 670 1654 735 abstersit,
1680 677 1733 722 et
1786 666 1964 721 factus

372 780 458 828 est
486 786 588 842 pro
633 769 796 825 nobis
846 767 1225 829 maledictum,
1260 766 1334 819 ita
1377 773 1436 817 ut
1479 762 1548 816 de
1574 763 1668 815 illo
1694 761 1911 815 dicatur
1947 773 1961 808 :

379 885 397 916 ι
440 864 561 936 Ipse
597 869 824 934 peccata
867 869 1054 915 nostra
1104 866 1308 929 portat,
1335 867 1388 911 et
1433 871 1532 926 pro
1563 855 1721 909 nobis
1751 853 1965 907 crucia-

375 966 485 1012 tur.
521 955 583 1009 Et
617 959 734 1026 ipse
758 956 1080 1008 vulneratus
1115 960 1200 1005 est
1233 957 1456 1020 propter
1485 955 1710 1017 peccata
1749 953 1960 1008 nostra,

377 1052 686 1104 inllrmatus
717 1058 799 1102 est
844 1054 1065 1114 propter
1105 1042 1426 1111 iniquitates
1483 1045 1727 1094 nostras.
1759 1036 1820 1089 Et
1860 1034 1960 1088 Do-

377 1143 566 1195 minus
601 1139 829 1192 tradidit
860 1152 984 1190 eutn
1037 1134 1277 1206 peccatis
1338 1131 1602 1185 nostris'.
1638 1148 1658 1182 ο
1699 1127 1844 1190 Haec,
1881 1127 1965 1180 in-

375 1235 516 1304 quit,
562 1231 762 1286 delicta
834 1244 935 1299 pro
983 1225 1300 1280 hominibus
1370 1221 1638 1291 suscepi:
1677 1226 1738 1272 tu
1790 1219 1960 1281 nosti,

377 1325 542 1388 Deus,
573 1324 701 1394 quia
734 1337 842 1376 non
877 1317 1198 1375 abscondita
1243 1317 1340 1371 tibi
1397 1323 1546 1369 sunt.
1587 1312 1773 1382 Neque
1804 1312 1955 1367 enim

377 1426 574 1490 praeter
603 1415 895 1470 consilium
929 1423 1080 1466 tuum
1134 1410 1324 1463 istltaac
1377 1407 1618 1463 suscepi.
1647 1405 1828 1476 Quare
1872 1404 1963 1457 illa

377 1511 569 1566 notitia
602 1519 698 1563 tua
729 1509 892 1579 digna
929 1502 1180 1559 effecisti.

447 1793 614 1849 Vens.
647 1795 696 1850 7.
729 1813 746 1844 ι
787 1792 906 1847 Νοη
935 1790 1270 1847 erubescant
1319 1789 1373 1842 in
1396 1801 1484 1840 me
1514 1784 1608 1856 qui
1635 1789 1960 1854 exspectant

2067 567 2234 634 οἶδας,
2287 570 2471 640 φησὶν,
2519 572 2549 622 6
2575 567 2742 631 Θεὸς,
2790 566 2844 618 εί
2870 564 2990 618 τινά
3031 579 3122 633 μοι
3166 559 3644 631 πεπλημμέληται.

2065 663 2140 715 Οὐ
2182 663 2292 734 γὰρ
2339 661 2405 715 ἂν
2443 659 2752 730 ε’κρύϐησάν
2805 674 2902 719 σε,
2949 655 3001 708 εί
3041 671 3185 716 τινες
3233 648 3377 724 ἦσαν
3421 652 3480 704 ὲν
3526 651 3648 721 ἐμοὶ

2067 754 2456 826 πλημμέλειαι.
2483 754 2592 809 Καὶ
2619 751 2814 813 ἄλλως,
2841 752 2888 803 εἰ
2913 747 3012 811 τὰς
3030 745 3307 818 ἡμετέρας
3339 742 3649 814 ἀνεμάξατο

2067 847 2370 918 ἁμαρτίας,
2407 845 2502 900 καὶ
2532 843 2758 912 γέγονεν
2793 841 2934 910 ὑπὲρ
2979 838 3133 911 ἡμῶν
3176 837 3421 908 κατάρα,
3452 836 3528 899 ὡς
3559 835 3648 888 λέ-

2065 938 2256 1007 γεσθαι
2307 938 2436 1008 περὶ
2489 934 2686 991 αὑτοῦ·
2747 953 2764 986 ι
2800 928 2968 994 Οὗτος
3018 931 3117 995 τὰς
3163 929 3439 1001 ἁμαρτίας
3484 928 3646 999 ήμῶν

2066 1029 2243 1101 φέρει,
2279 1027 2373 1083 καὶ
2421 1027 2549 1096 περὶ
2577 1024 2734 1095 ἡμῶν
2778 1023 3048 1078 όδυνᾶται.
3096 1022 3207 1074 Καὶ
3250 1019 3412 1082 αὑτὸς
3449 1019 3648 1090 ἐτραυ-

2068 1120 2304 1191 ματίσθη
2339 1119 2428 1174 διὰ
2459 1118 2557 1182 τὰς
2589 1115 2862 1188 ἁμαρτίας
2898 1115 3075 1186 ἡμῶν,
3105 1115 3199 1167 καὶ
3244 1111 3647 1184 μεμαλάκισται

2063 1213 2149 1266 διὰ
2176 1213 2279 1276 τὰς
2310 1212 2539 1282 ἀνομίας
2571 1209 2746 1281 ἡμῶν.
2775 1208 2886 1262 Καὶ
2909 1207 3112 1278 Κύριος
3146 1205 3458 1276 παρέδωκεν
3484 1204 3646 1260 αὑτὸν

2063 1308 2179 1367 ταῖς
2205 1306 2499 1377 ἁμαρτίαις
2523 1304 2733 1374 ἡμῶν.)
2767 1302 2876 1356 Καὶ
2901 1300 3122 1363 ταυτας,
3155 1299 3306 1370 φησὶ,
3338 1300 3435 1362 τὰς
3465 1299 3648 1370 πλήμ-

2067 1396 2286 1466 μελείας
2339 1397 2480 1467 ὑπὲρ
2543 1395 2844 1468 ἀνθρώπων
2898 1391 3264 1462 ἀνεδεξάμην*
3329 1393 3393 1444 σὺ
3449 1390 3642 1458 ἔγνως,

2061 1488 2090 1542 6
2124 1486 2275 1549 Θεὸς,
2299 1487 2420 1544 ἐπεὶ
2467 1487 2543 1561 μὴ
2587 1487 2978 1558 ἀπεκρύϐήσάν
3010 1502 3090 1539 σε.
3131 1485 3204 1540 Οὐ
3246 1481 3354 1554 γὰρ
3387 1482 3510 1552 δίχα
3541 1481 3644 1553 τῆς

2065 1579 2162 1648 σῆς
2195 1578 2502 1650 βουλήσεως
2562 1582 2765 1644 ταύτας
2814 1578 3185 1648 ἀνεδεξάμην·
3230 1576 3312 1629 διὸ
3356 1575 3450 1628 καὶ
3487 1574 3644 1641 ἀξίας

2061 1668 2158 1739 τῆς
2189 1670 2386 1724 σαυτοῦ
2413 1670 2668 1739 γνώσεως
2692 1670 2860 1734 αὑτὰς
2886 1670 3143 1739 ἐποιήσω.

2109 1799 2125 1829 ι
2140 1780 2230 1853 Μὴ
2246 1782 2663 1852 αἰσχυνθείησαν
2679 1783 2874 1852 ἐπ’ὲμὲ
2898 1783 2947 1835 οί
2967 1782 3328 1852 ὑπομένοντες
3347 1797 3425 1844 σε,
3447 1779 3642 1853 Κύριε,

375 1897 451 1952 te,
508 1887 756 1948 Domine,
809 1883 1036 1938 Domine
1079 1882 1366 1935 virtutum.
1409 1897 1427 1929 ι
1461 1874 1600 1948 Quia
1657 1872 1955 1927 doctrinam

2067 1872 2238 1945 Κύριε
2261 1874 2370 1928 τῶν
2401 1875 2701 1946 δυνάμεων.
2719 1896 2736 1926 ι
2758 1875 2975 1945 Ἐπειδὴ
3005 1875 3103 1946 τὴν
3132 1875 3267 1946 ἐμὴν
3296 1874 3647 1930 διδασκαλίαν

375 1996 551 2035 meam
579 1980 856 2050 sapientes
903 1977 1071 2045 hujus
1105 1973 1292 2030 saeculi
1336 1971 1721 2030 criminantur,
1757 1968 1960 2035 ipsam-

374 2089 481 2143 que
507 2071 718 2144 pellunt
747 2077 808 2122 ut
840 2067 1160 2139 insipientia
1203 2071 1258 2119 et
1311 2062 1544 2118 stultitia
1580 2061 1794 2130 plenam
1835 2072 1960 2128 pro-

373 2174 495 2236 pter
555 2162 981 2233 ignominiosam
1035 2175 1278 2220 crucem,
1332 2171 1528 2226 precor
1563 2171 1626 2209 ac
1679 2169 1829 2223 rogo,
1865 2167 1960 2208 eos

373 2258 469 2328 qui
502 2256 736 2310 credunt
781 2254 835 2308 in
868 2270 954 2308 me
989 2253 1088 2307 abs
1117 2260 1169 2306 te
1211 2249 1417 2305 servari
1469 2247 1854 2307 immutabiles.
1886 2246 1960 2300 ita

374 2357 436 2404 ut
495 2363 777 2420 nunquam
839 2347 1189 2401 erubescant.
1225 2342 1408 2410 Quare
1440 2351 1496 2395 tu
1533 2341 1670 2410 ipse,
1711 2339 1957 2402 Domine,

375 2441 608 2495 Domine
666 2441 953 2500 virtutum,
990 2452 1084 2494 eos
1140 2435 1235 2506 qui
1288 2442 1512 2505 propter
1590 2431 1957 2501 cognitionem

375 2543 524 2586 tuam
589 2547 618 2585 a
671 2548 756 2587 me
811 2530 1073 2584 traditam
1125 2529 1540 2597 impugnantur,
1609 2524 1704 2595 qui
1771 2524 1958 2594 gravia

373 2639 589 2694 semper
611 2622 917 2692 patiuntur,
938 2629 992 2675 et
1018 2635 1193 2690 usque
1220 2618 1287 2673 ad
1315 2626 1545 2672 mortem
1571 2623 1946 2686 perseverant,

372 2732 441 2771 ne
488 2716 862 2784 derelinquas,
897 2729 965 2768 ne
1019 2712 1075 2767 in
1127 2728 1214 2766 me
1255 2718 1542 2782 sperantes
1607 2710 1954 2765 confundan-

367 2816 482 2875 tur,
513 2808 607 2880 qui
645 2815 698 2862 te
746 2805 915 2861 Deum
975 2803 1143 2864 Israel
1191 2803 1510 2874 exquirunt.
1540 2801 1770 2857 Etiamsi
1812 2803 1956 2856 enim

370 2913 422 2956 te
450 2902 580 2956 olim
611 2917 722 2955 non
753 2907 1067 2962 noscerent,
1099 2898 1228 2968 quia
1252 2897 1595 2952 daemonibus
1627 2897 1788 2951 malis
1823 2895 1956 2952 sub-

367 2993 472 3048 diti
505 3001 665 3049 erant
690 3011 705 3060 ;
735 3001 790 3046 at
811 2993 924 3062 jam
952 3007 1075 3046 cum
1096 2998 1149 3045 te
1170 2990 1495 3053 noscant,iu
1526 2991 1772 3044 onmium
1805 2989 1952 3043 obli-

371 3087 587 3140 vionem
621 3094 914 3148 venerunt,
947 3092 1111 3153 teque
1149 3083 1328 3138 solum
1378 3082 1674 3152 quaerendo
1705 3097 1958 3152 perseve-

2063 1967 2112 2025 oi
2154 1967 2309 2034 σοφοὶ
2351 1967 2444 2024 τοῦ
2475 1969 2670 2032 αἰῶνος
2702 1966 2889 2022 τούτου
2929 1966 3322 2031 διαϐάλλουσιν,
3359 1967 3643 2023 ἐλαύνουσί

2061 2075 2120 2112 τε
2160 2059 2328 2131 αὐτὴν
2363 2060 2440 2124 ὡς
2477 2061 2679 2130 μεστὴν
2715 2061 3025 2132 ἀφροσύνης
3053 2061 3148 2117 καὶ
3193 2062 3401 2132 μωρίας
3429 2062 3516 2115 διὰ
3550 2064 3644 2118 τὸν

2063 2152 2424 2206 ἐπονείδιστον
2460 2153 2712 2224 σταυρὸν,
2740 2152 3003 2206 ἀντιϐολῶ
3033 2153 3128 2206 καὶ
3158 2152 3368 2223 δέομαι,
3398 2155 3523 2218 τοὺς
3563 2157 3643 2220 είς

2061 2247 2161 2317 ἐμὲ
2193 2246 2545 2308 πιστεύοντας
2575 2244 2934 2314 φυλάττεσθαι
2964 2245 3067 2298 ὑπὸ
3101 2243 3194 2300 σοῦ
3228 2245 3637 2316 άδιατρέπτους,

2061 2341 2137 2404 ὼς
2175 2342 2382 2412 μήποτε
2412 2338 2890 2411 καταιηυνθῆναι.
2921 2339 3011 2391 Διὸ
3048 2341 3111 2392 σὺ
3147 2339 3335 2404 αὑτὸς,
3369 2333 3415 2392 ὦ
3443 2341 3638 2410 Κύριε,

2061 2434 2235 2504 Κύριε
2275 2431 2384 2484 τῶν
2425 2430 2728 2502 δυνάμεων,
2779 2432 2902 2494 τοὺς
2953 2429 3389 2501 πολεμουμένους
3421 2430 3508 2484 διὰ
3541 2432 3643 2504 τὴν

2063 2524 2160 2596 σὴν
2209 2523 2442 2592 γνῶσιν,
2495 2525 2562 2595 ἣν
2611 2523 2700 2576 ὑπ’
2752 2523 2886 2594 ὲμοῦ
2946 2523 3352 2595 παρειλήφασι,
3411 2525 3641 2579 πάντοτε

2061 2617 2430 2688 ὑπομένοντας
2458 2617 2526 2676 τὰ
2553 2617 2704 2670 δεινὰ
2734 2617 2826 2670 καὶ
2863 2617 3021 2689 μέχρι
3048 2617 3280 2671 θανάτου
3313 2618 3642 2690 καρτεροῦν-

2058 2727 2186 2774 τας,
2227 2709 2302 2781 μὴ
2336 2709 2736 2781 ἐγκαταλείπῃς
2761 2750 2774 2774 ,
2815 2709 2947 2780 μηδὲ
2991 2711 3392 2782 ὲντραπείήσαν
3435 2710 3641 2784 θαρσή-

2062 2817 2252 2864 σαντες
2297 2802 2382 2852 ὲπ’
2411 2800 2566 2870 ἐμοὶ,
2609 2802 2660 2854 oi.
2702 2800 2761 2854 σὲ
2804 2800 2895 2852 τὸν
2923 2799 3054 2852 Θεὸν
3088 2799 3180 2857 τοῦ
3218 2799 3437 2876 Ἰσραήλ
3478 2799 3642 2872 ἐκζηε

2057 2893 2297 2958 τοῦντες.
2317 2895 2379 2947 Ei
2405 2894 2512 2967 γάρ
2529 2894 2625 2948 καὶ
2648 2893 2713 2948 τὰ
2749 2893 2980 2965 μάλιστα
3005 2888 3145 2963 ἦσαν
3163 2910 3292 2950 ποτε
3324 2894 3643 2962 ἀγνοοῦντες

2061 3005 2119 3039 σε
2159 2988 2247 3040 διὰ
2284 2987 2343 3041 τὸ
2374 2987 2594 3058 δαίμοσι
2635 2989 2896 3058 πονηροῖς
2929 2985 3314 3051 δεδουλῶσθαι,
3355 2987 3492 3042 ἀλλὰ
3523 2989 3636 3054 νῦν,

2062 3078 2371 3147 ἐπιγνόντες
2419 3095 2511 3140 σε,
2565 3079 2783 3132 πάντων
2830 3077 2927 3146 μὲν
2973 3074 3143 3146 λήθην
3192 3077 3548 3147 ἐποιήσαντο,
3583 3077 3642 3130 σι-

371 3184 516 3234 rant.
547 3175 914 3244 Quamobrem
947 3176 1219 3246 snpplicio
1255 3190 1338 3230 ne'
1371 3175 1806 3238 confundantur,
1849 3190 1954 3230 neu

2061 3169 2116 3222 δὲ
2179 3170 2336 3240 μόνον
2393 3168 2695 3223 διατελοῦσι
2753 3166 3062 3238 ζητοῦντες.
3132 3167 3224 3219 Διὸ
3282 3168 3512 3221 ἱκετεύω
3569 3168 3642 3241 μὴ

375 3286 396 3320 ι
437 3267 741 3338 ignominia
790 3265 1120 3334 afﬁciantur;
1163 3285 1182 3317 ι
1231 3267 1312 3321 sic
1367 3265 1514 3320 enim
1563 3267 1957 3337 interpretatus

372 3355 739 3429 Symmachus
789 3365 872 3412 est
907 3373 921 3409 :
959 3375 978 3408 ι
1022 3355 1102 3412 Ne
1163 3355 1578 3410 confundantur
1627 3373 1792 3427 super
1845 3373 1955 3419 me,

370 3451 465 3522 qui
503 3457 826 3520 exspectant
857 3457 931 3518 te,
961 3450 1192 3506 Domine
1218 3450 1364 3506 Deus
1392 3449 1681 3513 virtutum,
1713 3465 1782 3503 ne
1804 3449 1961 3519 igno-

369 3541 540 3596 minia
587 3539 902 3594 afﬁciantur
947 3557 1116 3612 super
1156 3557 1243 3598 me
1275 3541 1371 3613 qui
1420 3551 1672 3611 quaerunt
1703 3547 1777 3604 te,
1816 3539 1960 3597 Deus

371 3632 561 3688 Israel.
607 3652 626 3683 ι
668 3630 941 3688 Observes
1003 3648 1169 3703 porro
1245 3633 1526 3704 quomodo
1586 3632 1795 3687 dictum
1864 3633 1956 3694 sit,

378 3741 398 3774 ι
446 3721 698 3783 Domine.
730 3721 959 3778 Domine
999 3725 1299 3789 virtutum;
1337 3744 1356 3776 ο
1394 3723 1467 3778 ita
1514 3732 1572 3777 ut
1626 3738 1822 3777 nomen
1855 3721 1960 3775 Dn-

374 3812 507 3868 mini
533 3812 844 3881 repetitum,
877 3820 931 3867 et
970 3812 1037 3867 ad
1069 3811 1239 3868 Deum
1280 3814 1666 3868 universorum
1726 3814 1957 3867 relatum

372 3905 464 3961 sit.

445 4019 616 4076 Vens.
645 4021 698 4083 8,
728 4019 781 4075 9.
821 4040 839 4073 ι
879 4019 1152 4088 Quoniam
1212 4029 1438 4092 propter
1485 4028 1539 4076 te
1592 4019 1832 4076 sustinui
1861 4035 1960 4090 op-

371 4114 682 4186 probrium,
714 4116 931 4185 operuit
974 4114 1230 4169 confusio
1289 4113 1482 4168 faciem
1534 4130 1736 4168 meam.
1781 4133 1800 4165 ι
1842 4112 1957 4167 (Σιε-

372 4205 498 4270 teri,
533 4206 733 4276 inquit,
771 4205 1024 4260 homines
1064 4207 1135 4259 ob
1181 4211 1404 4275 peccata
1455 4219 1555 4259 sua
1588 4205 1952 4274 correptioni-

371 4297 476 4351 bus
500 4307 554 4351 et
579 4297 896 4368 opprobriis
949 4298 1357 4367 subjiciuntur;
1386 4312 1486 4368 ego
1535 4312 1667 4352 vero
1691 4297 1784 4366 qui
1829 4312 1956 4366 pec-

371 4401 554 4444 eatum
592 4407 701 4446 non
736 4391 884 4453 novi,
920 4401 1147 4460 propter
1181 4399 1234 4446 te
1280 4391 1516 4446 sustinui
1572 4389 1953 4462 Opprobrium,

370 4482 500 4552 quia
531 4489 588 4536 tu
620 4482 758 4550 ipse,
786 4480 932 4536 Deus
989 4482 1272 4537 hominum
1322 4495 1553 4546 amator,
1579 4499 1682 4553 pro
1716 4482 1954 4535 humano

369 4587 573 4642 genere
603 4589 690 4627 me
726 4581 1010 4643 peceatum
1037 4571 1243 4638 fecisti;
1275 4586 1331 4628 ut
1363 4575 1455 4645 qui
1489 4575 1724 4629 credunt
1753 4574 1807 4626 in
1840 4589 1946 4638 me,

364 4663 581 4730 justitia
611 4663 936 4720 efficiantur.
969 4663 1082 4720 Imo
1121 4666 1284 4720 etiam
1319 4685 1336 4716 ι
1369 4675 1591 4736 propter
1622 4676 1672 4720 te
1711 4665 1948 4720 sustinui

368 4757 744 4827 opprobtium,
777 4777 795 4808 ι
828 4774 951 4812 cum
982 4775 1049 4813 ex
1087 4758 1369 4813 voluntate
1400 4767 1492 4812 tua
1514 4773 1600 4812 me
1621 4757 1689 4810 ad
1719 4757 1946 4811 nihilum

367 4847 578 4916 redegi,
627 4857 681 4902 et
737 4848 804 4902 ad
844 4858 1076 4904 mortem
1110 4866 1286 4920 usque
1327 4850 1598 4920 depressi,
1657 4866 1766 4921 quo
1815 4860 1952 4905 tem-

368 4956 502 5012 pore
556 4949 950 5009 praetereuntes
1002 4943 1483 5011 hlasphemabant,
1543 4951 1826 4998 moventes
1859 4958 1952 4996 ca-

367 5036 479 5104 pita
515 5049 613 5088 sua
646 5041 700 5088 et
729 5033 974 5089 dicentes
1005 5053 1018 5088 :
1057 5054 1075 5086 ι
1109 5033 1246 5098 Vah,
1276 5035 1369 5104 qui
1393 5033 1633 5090 destruis
1663 5035 1947 5104 templum,

367 5135 422 5184 et
473 5127 527 5182 in
579 5127 756 5182 tribus
799 5127 992 5182 diebus
1049 5127 1310 5189 aedificas,
1348 5128 1561 5182 salvum
1620 5125 1709 5181 fac
1757 5136 1949 5182 temet~

370 5220 573 5290 ipsum.
601 5219 658 5274 Si
697 5218 871 5275 Filius
899 5219 992 5275 Dei
1023 5237 1104 5284 es,
1134 5220 1406 5277 descende
1429 5221 1497 5275 de
1526 5235 1713 5277 cruce.
1750 5219 1952 5276 Simili-

369 5319 528 5365 teret
563 5312 842 5382 principes
885 5313 1234 5367 sacerdotum
1270 5313 1563 5366 illudentes
1595 5325 1718 5366 cum
1769 5326 1952 5366 sacer-

369 5402 590 5459 dotibus
637 5404 930 5460 etScribis
985 5413 1038 5461 et
1085 5404 1380 5460 Phariszeis
1420 5403 1677 5458 dicebant
1736 5419 1750 5455 :
1798 5403 1950 5458 Alios

372 5494 555 5547 salvos
612 5493 764 5558 fecit,
797 5495 1042 5564 seipsum
1094 5512 1204 5550 non
1253 5503 1430 5566 potest
1483 5495 1695 5550 salvum
1746 5493 1948 5550 facere.

373 5584 432 5640 Si
488 5603 584 5641 rex
644 5588 814 5644 Israel
861 5596 968 5651 est,
1005 5589 1305 5646 descendat
1361 5605 1506 5646 nunc
1551 5590 1619 5646 de
1683 5603 1868 5648 cruce.
1896 5595 1951 5643 et

370 5677 660 5732 credemus
701 5679 772 5732 ei.
816 5679 1064 5748 Speravit
1130 5682 1182 5738 in
1234 5682 1424 5747 Deum,
1463 5683 1659 5755 eripiat
1708 5697 1855 5748 eum,
1901 5682 1946 5736 si

447 5810 466 5842 ⁷
505 5807 608 5870 Ian,
654 5826 772 5875 Lttt,
813 5811 936 5865 ιοο.

2062 3263 2754 3334 καταισχυνθῆναιαὺτοὺς,
2793 3260 2926 3331 μηδὲ
2963 3279 2981 3310 ι
3007 3260 3386 3331 ἀσχημονῆσαι
3409 3279 3423 3291 ·
3455 3281 3474 3314 ι
3499 3261 3648 3316 οὕτω

2060 3355 2170 3426 γὰρ
2194 3356 2538 3426 ήρμήνευσεν
2563 3357 2592 3408 6
2616 3353 2911 3424 Σύμμαχος
2932 3351 3099 3405 εἰπών
3115 3372 3128 3383 ο
3164 3373 3181 3403 ι
3203 3353 3292 3424 Μὴ
3316 3369 3641 3422 καταισχυν-

2062 3445 2284 3516 Θείησαν
2328 3444 2415 3497 ἐπ’
2464 3444 2586 3515 ἐμοὶ
2637 3445 2687 3495 οἱ
2732 3443 3140 3512 προσδοκῶντες
3183 3459 3273 3504 σε,
3321 3442 3493 3513 Κύριε
3532 3441 3637 3495 Oet

2060 3537 2168 3590 τῶν
2206 3537 2490 3608 δυνάμεων
2511 3553 2524 3566 ⁸
2564 3537 2638 3607 μὴ
2665 3537 3106 3606 ἀσχημονήσαιεν
3146 3535 3230 3588 ἐπ’
3263 3535 3360 3606 ἐμὲ
3388 3537 3438 3588 οἱ
3472 3533 3637 3606 ὲκζηο

2061 3629 2279 3694 τοῦντές
2331 3647 2413 3693 σε,
2459 3629 2559 3682 Θεὲ
2599 3627 2693 3681 τοῦ
2733 3629 2970 3700 Ἰσραήλ.
3005 3648 3022 3680 ι
3086 3630 3365 3701 Ἐπιτήρει
3403 3628 3460 3680 δὲ
3491 3629 3639 3692 ὅπως

2062 3724 2276 3796 εἴρηται
2297 3723 2377 3785 τὸ,
2397 3741 2416 3774 ι
2442 3720 2634 3792 Κύριε,
2661 3719 2832 3790 Κύριε
2845 3720 2953 3773 τῶν
2969 3721 3270 3791 δυνάμεων,
3292 3739 3312 3773 ι
3339 3719 3645 3791 δευτεροῦν-

2063 3835 2152 3881 τος
2184 3816 2276 3870 τοῦ
2306 3815 2466 3884 λόγου
2510 3815 2608 3887 τὴν
2641 3814 2986 3888 κυριολογίαν
3007 3815 3101 3868 καὶ
3121 3813 3218 3868 ἐπὶ
3237 3813 3332 3866 τὸν
3365 3813 3474 3867 τῶν
3506 3814 3643 3867 δλων

2061 3909 2194 3963 Θεὸν
2219 3909 2654 3979 ἀναπέμποντος.

2140 4044 2158 4077 ι
2189 4026 2311 4078 ’Ὁτι
2343 4023 2506 4076 ἕνεκά
2545 4039 2639 4076 σου
2682 4023 2966 4092 ὑπήνεγκα
3009 4020 3333 4091 ὀνειδισμὸν,
3376 4019 3642 4090 ἐκάλυψεν

2060 4117 2295 4189 ἐντροπὴ
2332 4117 2394 4170 τὸ
2427 4115 2718 4187 πρόσωπόν
2755 4132 2876 4185 μου.
2905 4134 2922 4166 ι
2988 4116 3053 4167 οι
3097 4115 3194 4185 μὲν
3223 4116 3422 4177 λοιποὶ,
3455 4117 3638 4185 φησὶν,

2059 4210 2332 4280 ἄνθρωποι
2370 4209 2438 4262 δι’
2472 4208 2679 4270 οἰκείας
2723 4208 2999 4279 ἁμαρτίας
3038 4207 3283 4280 ἐλέγχοις
3316 4207 3409 4260 καὶ
3447 4207 3639 4259 ὀνειδι-

2060 4303 2216 4371 σμοῖς
2261 4299 2686 4355 ὑποϐάλλονται·
2734 4299 2844 4367 ἐγὼ
2879 4298 2935 4352 δὲ
2975 4299 3002 4350 6
3050 4297 3126 4369 μὴ
3162 4298 3322 4366 γνοὺς
3365 4297 3641 4369 ἁμαρτίαν

2058 4392 2223 4445 ’ἐνεκά
2252 4409 2343 4444 σου
2375 4392 2659 4460 ὑπήνεγκα
2683 4391 3014 4462 ὀνειδισμὸν·
3054 4391 3348 4462 ἐπειδήπερ
3387 4390 3450 4442 σὺ
3480 4390 3641 4454 αὐτὸς

2057 4485 2086 4536 6
2111 4483 2488 4553 φιλάνθρωπος
2511 4482 2644 4546 Θεὸς
2678 4484 2818 4554 ὑπὲρ
2856 4482 2950 4536 τοῦ
2978 4483 3085 4537 τῶν
3115 4483 3416 4556 ἀνθρώπων
3448 4485 3640 4553 γένους

2058 4576 2334 4649 ἁμαρτίαν
2363 4594 2428 4646 με
2461 4575 2742 4646 ἐποίησας,
2786 4577 2934 4639 ὅπως
2967 4578 3017 4628 οἱ
3049 4577 3395 4640 πιστεύοντες
3427 4579 3505 4639 είς
3538 4578 3639 4648 ἐμὲ

2053 4671 2316 4738 γένωνται
2334 4667 2670 4738 δικαιοσύνη.
2691 4668 2850 4722 Ἀλλά
2877 4671 2970 4722 καὶ
2995 4689 3013 4720 ι
3034 4670 3199 4722 ἓνεκά
3230 4687 3320 4722 σου
3353 4671 3639 4739 ὑπήνεγκα

2057 4759 2391 4829 ὀνειδισμὸν,
2426 4777 2444 4810 ι
2483 4758 2570 4811 διὰ
2600 4758 2697 4834 τὴν
2723 4760 2822 4829 σήν
2871 4758 3062 4830 βουλὴν
3106 4759 3350 4822 κενώσας
3403 4760 3638 4830 ἐμαυτὸν

2054 4853 2150 4906 καὶ
2203 4851 2364 4924 μέχρι
2416 4851 2647 4906 θανάτου
2715 4851 3086 4916 ταπεινώσας,
3151 4853 3272 4906 καθ’
3332 4853 3391 4904 ὃν
3449 4853 3638 4922 καιρὸν

2052 4947 2100 4998 οἱ
2164 4943 2675 5014 παραπορευόμενοι
2735 4942 3118 5014 ἐϐλασφήμουν
3202 4943 3480 5006 κινοῦντες
3540 4943 3638 5010 τὰς

2053 5035 2296 5105 κεφαλὰς
2321 5036 2501 5090 αὐτῶν
2528 5037 2620 5090 κα)⁸
2646 5035 2896 5106 λέγοντες
2919 5053 2932 5065 ο
2982 5055 2998 5085 ι
3031 5036 3146 5089 Οὐὰ
3177 5039 3204 5090 6
3239 5037 3523 5091 καταλύων
3547 5037 3638 5088 τὸν

2051 5130 2210 5191 ναὸν,
2261 5131 2354 5183 καὶ
2397 5131 2454 5182 ὲν
2505 5131 2683 5202 τρισὶν
2743 5130 2976 5202 ἡμέραις
3047 5130 3382 5200 οἰκοδομῶν,
3463 5129 3637 5184 σῶσον

2055 5223 2298 5278 σεαυτόν.
2352 5224 2413 5276 El
2440 5224 2568 5288 Υἱὸς
2618 5219 2669 5275 εἴ
2736 5221 2830 5276 τοῦ
2873 5221 3040 5287 Θεοῦ,
3084 5222 3353 5294 κατάϐηθι
3394 5224 3502 5276 ἀπὸ
3542 5223 3640 5276 τοῦ

2053 5315 2305 5388 σταυροῦ.
2356 5316 2586 5388 Ὁμοίως
2625 5315 2681 5368 δὲ
2721 5316 2815 5368 καὶ
2859 5317 2906 5368 οί
2958 5317 3232 5388 ἀρχιερεῖς
3277 5315 3638 5386 ἐμπαίζοντες

2055 5406 2194 5478 μετὰ
2246 5407 2354 5461 τῶν
2397 5408 2588 5479 ἱερέων
2624 5407 2720 5460 καὶ
2757 5407 3140 5478 Γραμματέων
3185 5407 3281 5461 καὶ
3325 5406 3642 5480 Φαρισαίων

2051 5499 2258 5568 ἔλεγον
2286 5499 2512 5564 ’Ἄλλους
2557 5499 2780 5564 ἔσωσεν,
2830 5500 3020 5553 ἑαυτὸν
3063 5501 3124 5554 οὑ
3172 5499 3393 5553 δύναται
3436 5499 3647 5564 σῶσαι..

2053 5593 2116 5644 El
2167 5591 2418 5661 βασιλεὺς
2457 5591 2674 5663 Ἰσραήλ
2717 5593 2866 5658 ἐστι,
2921 5592 3214 5646 καταϐάτω
3253 5593 3349 5646 νῦν
3385 5591 3495 5646 άπὸ
3539 5593 3638 5646 τοῦ

2055 5686 2312 5753 σταυροῦ,
2358 5684 2449 5738 καὶ
2495 5683 2858 5754 πιστεύσομεν
2905 5683 3072 5754 αὐτῷ.
3122 5683 3387 5738 Πέποιθεν
3418 5681 3512 5736 ἐπὶ
3541 5682 3638 5736 τὸν
