4056 6420
453 384 556 438 757
1572 380 1766 436 (ΖΟΜΜ
1777 379 2006 436 EN'TAR

2118 379 2185 433 ΙΝ
2221 379 2562 438 PSALMOS.
3589 387 3695 442 738

451 499 611 553 Θεόνο
648 498 900 571 ῥυσάσθω
953 498 1138 561 αὑτὸν,
1187 499 1238 551 si
1288 497 1432 552 θέλει
1479 497 1663 553 αὐτόν.
1705 494 1842 551 Εἷπε
1891 497 2001 568 γάρ

2127 497 2244 552 vult
2282 513 2431 554 eum.
2486 497 2633 552 Dixit
2678 498 2850 562 enim,
2879 498 3010 568 quia
3058 497 3236 556 Filius
3280 500 3376 556 Dei
3425 515 3542 557 sum
3587 504 3628 556 ⁸.
3675 525 3694 556 ι

450 591 532 644 ὅτι
571 590 704 644 Θεοῦ
732 590 857 654 rw;
897 592 1032 660 εἰμι.
1073 609 1092 642 ι
1133 590 1317 644 Ταῦτα
1359 590 1423 661 δὴ
1475 585 1568 642 οὖν
1613 589 1882 652 θεσπίζων
1927 591 2006 643 Earl

2123 588 2248 645 Haec
2298 605 2447 644 nunc
2503 591 2814 646 vaticinans
2865 589 3051 645 dicit:
3093 611 3112 644 ι
3156 591 3423 658 Quoniam
3476 603 3702 664 pr0pter

449 681 542 733 τοῦ
596 682 876 752 παρόντος,
930 682 1123 752 φησίν·
1176 700 1197 733 ι
1224 683 1346 734 Ὅτι
1391 682 1555 735 ἓνεκά
1600 698 1693 733 σου
1737 681 2006 752 ὑπήνεγκα

2120 689 2175 737 te
2229 681 2470 736 sustinui
2511 684 2888 753 opprobrium,
2919 685 3135 752 operuit
3189 685 3440 739 confusio
3502 687 3696 741 faciem

450 773 765 844 ὀνειδισμὸν,
803 773 1072 842 ἐκάλυψεν
1110 772 1346 845 ἐντροπὴ
1386 773 1447 826 τὸ
1487 772 1775 843 πρόσωπόν
1845 790 2006 843 μου.ι

2119 787 2316 828 meam.
2347 791 2365 826 ι
2396 773 2514 828 Non
2540 775 2686 829 enim
2721 775 2792 828 oh
2825 784 3044 844 peccata
3079 783 3134 829 et
3178 775 3424 846 improba
3454 775 3699 832 facinora

450 867 524 918 Οὐ
568 866 674 937 γὰρ
723 866 789 918 δι’
839 866 1114 937 ἁμαρτίας
1158 865 1318 936 ἐμὰς,
1369 865 1490 918 οὐδὲ
1533 864 1622 917 διὰ
1668 865 2018 934 παρανόμους

449 958 706 1028 πράξεις,
739 957 890 1020 ἀλλ’,
929 976 948 1009 ι
984 958 1148 1011 ἕνεκά
1181 974 1272 1010 σου
1312 975 1331 1008 ι
1383 958 1477 1010 καὶ
1515 956 1606 1009 τὸν
1655 955 2016 1026 προλεχθέντα

449 1069 471 1099 ι
507 1049 808 1119 ὀνειδισμὸν
841 1049 1135 1119 ὑπέμεινα,
1160 1047 1341 1100 καὶτὸ
1365 1047 1655 1119 πρόσωπόν
1690 1065 1790 1118 μου
1823 1047 2018 1100 ἐκάλυ-

443 1139 542 1207 ψεν
581 1140 814 1210 ἂντροπή
836 1155 849 1169 ·
877 1158 895 1191 ι
935 1140 992 1209 ἢ,
1024 1138 1165 1192 κατά
1207 1138 1300 1190 τὸν
1333 1137 1644 1208 Σύμμαχον,
1679 1155 1696 1188 ι
1721 1136 2015 1204 Ἐκάλυψεν

444 1233 818 1304 ἀτχημόνησις
839 1230 902 1285 τὸ
933 1228 1220 1302 πρόσωπον
1243 1228 1428 1285 αὑτοῦ.
1461 1249 1480 1282 δ
1514 1229 1622 1283 Καὶ
1635 1228 1808 1283 ταῦτα
1834 1230 2016 1282 πάντα

445 1323 729 1392 ὑπέμεινα.
766 1325 949 1395 φησὶν,
975 1321 1140 1376 ἓνεκά
1167 1338 1280 1386 σου,
1316 1321 1592 1374 τουτέστιν
1616 1323 1776 1374 ἕνεκα
1791 1321 1886 1374 τοῦ
1919 1321 2012 1374 σοῦ

443 1412 764 1484 θελήματος.
813 1414 971 1467 Ἀλλά
1013 1413 1107 1466 καὶ
1151 1430 1169 1463 ι
1199 1410 1710 1484 ἀπηλλοτριωμένος
1751 1411 2013 1482 ἐγενήθην

439 1507 551 1569 τοῖς
570 1506 814 1575 ἀδελφοῖς
855 1521 956 1577 μου
975 1547 989 1570 ,
1021 1506 1116 1559 καὶ
1167 1504 1314 1571 ξένος
1349 1507 1462 1568 τοῖς
1492 1505 1624 1567 υἱοῖς
1667 1503 1768 1573 τῆς
1810 1503 2013 1574 μητρός

444 1613 565 1667 μου.
600 1616 619 1647 ι
657 1597 760 1648 Δύο
791 1597 848 1650 δὲ
871 1597 1126 1666 τάγματα
1146 1597 1204 1647 ὲν
1228 1594 1437 1657 τούτοις
1457 1594 1802 1665 παρίστησιν·
1835 1591 1892 1645 ἐν
1915 1591 2012 1662 μὲν

437 1686 498 1739 τδ
519 1685 630 1739 τῶν
661 1686 872 1756 ἀληθῶς
903 1685 1143 1752 ἀδελφῶν
1171 1683 1334 1737 αὑτοῦ
1355 1723 1372 1747 ,
1399 1678 1480 1746 οἷς
1519 1682 1749 1753 ἐγενήθη
1780 1679 2012 1752 ἀπηλλο-

435 1775 756 1846 τριωμένος·
789 1776 974 1847 ἕτερον
1007 1775 1063 1827 δὲ
1084 1774 1144 1827 τὸ
1171 1774 1280 1826 τῶν
1303 1773 1434 1825 υἱῶν
1455 1773 1556 1842 τῆς
1587 1772 1792 1843 μητρὸς
1819 1771 2007 1835 αὐτοῦ,

2119 879 2277 929 mea;
2311 864 2406 919 sed
2438 884 2458 915 ι
2496 875 2718 934 propter
2747 872 2800 920 te
2849 884 2870 918 ι
2905 865 3224 936 praedictum
3275 885 3294 917 ι
3332 868 3698 936 opprobrium

2116 955 2452 1018 sustinui,et
2487 957 2706 1024 operuit
2734 957 2988 1011 confusio
3015 956 3211 1013 faciem
3241 974 3418 1013 meam
3448 976 3463 1025 ;
3499 978 3516 1011 ι
3557 962 3696 1024 sive,

2117 1047 2416 1100 secundum
2471 1046 2854 1118 Symmachum
2891 1066 2905 1102 :
2943 1067 2964 1101 ι
2999 1050 3228 1119 Operuit
3268 1051 3568 1121 ignominia
3612 1050 3702 1106 fa-

2116 1137 2256 1192 ciem
2283 1139 2426 1206 ejus.
2463 1159 2481 1191 ›
2520 1139 2586 1193 Et
2611 1139 2726 1196 haec
2751 1141 2959 1209 omnia,
2987 1141 3164 1212 inquit
3191 1182 3207 1203 ,
3238 1152 3463 1213 propter
3493 1153 3545 1199 te
3571 1159 3700 1213 pas-

2116 1241 2212 1282 sus
2248 1243 2395 1294 sum,
2425 1231 2479 1285 id
2530 1239 2635 1296 est,
2679 1241 2902 1302 pr0pter
2950 1234 3286 1289 voluntatem
3324 1245 3496 1290 tuam.
3549 1236 3695 1302 Quin

2113 1321 2274 1375 etiam
2322 1342 2340 1375 ι
2396 1334 2692 1381 extraneus
2744 1324 2922 1381 factus
2970 1342 3091 1381 sum
3143 1325 3408 1383 fratribus
3441 1329 3602 1392 meis,
3643 1338 3698 1385 et

2113 1409 2435 1478 peregrinus
2481 1411 2608 1465 ﬁliis
2647 1413 2839 1470 matris
2889 1429 3042 1468 meae.
3089 1433 3110 1465 ι
3146 1414 3294 1470 Duos
3345 1417 3434 1471 hic
3476 1417 3700 1473 ordines

2113 1496 2427 1566 significat;
2474 1500 2703 1555 alterum
2759 1517 2948 1556 eorum
3003 1505 3098 1573 qui
3151 1521 3279 1560 vere
3341 1506 3543 1563 fratres
3577 1508 3697 1577 ejus

2111 1595 2289 1652 erant,
2324 1590 2524 1658 quibus
2546 1598 2844 1649 extraneus
2879 1593 3057 1649 factus
3083 1604 3201 1662 est;
3234 1597 3465 1651 alterum
3500 1613 3694 1653 eorum

2112 1679 2205 1747 qui
2237 1677 2333 1730 ﬁlii
2385 1679 2577 1732 matris
2631 1680 2752 1750 ejus
2781 1690 2960 1749 erant,
2993 1683 3086 1738 sed
3135 1700 3243 1739 non
3301 1685 3501 1741 fratres
3548 1687 3695 1756 ejus,

2111 1771 2312 1841 quibus
2339 1772 2659 1842 peregrinus
2690 1773 2917 1832 effectus
2945 1785 3050 1832 est.
3103 1777 3168 1832 Et
3213 1786 3397 1835 tamen
3450 1783 3694 1850 oportuit

435 1869 496 1920 οὐ
533 1869 637 1940 μὴν
668 1868 908 1938 ἀδελφῶν
953 1867 1118 1922 αὑτοῦ
1138 1906 1153 1930 ,
1186 1862 1266 1930 οἷς
1294 1866 1524 1937 ἐγενήθη
1549 1864 1717 1931 ξένος.
1763 1864 1872 1918 Kal
1909 1865 2006 1935 μὴν

2118 1859 2259 1915 filios
2294 1862 2489 1917 matris
2515 1862 2659 1932 ejus,
2690 1879 2815 1918 cum
2853 1865 3051 1922 fratres
3084 1868 3208 1938 ejus
3232 1879 3440 1931 essent,
3465 1847 3695 1940 perinde

435 1961 604 2032 ἐχρῆν
637 1962 785 2025 υἱοὺς
819 1960 1022 2032 μητρὸς
1054 1958 1240 2024 αὐτοῦ,
1273 1959 1430 2022 ὄντας
1473 1959 1755 2026 ἀδελφοὺς,
1791 1959 1886 2012 καὶ
1920 1958 2016 2009 αὺ-

433 2054 560 2115 τοὺς
595 2053 794 2122 ὁμοίως
833 2055 946 2115 τοῖς
988 2051 1272 2124 προτέροις
1305 2050 1686 2122 χρηματίζειν.
1743 2048 1878 2102 Ἀλλ’
1915 2049 2015 2102 οὐκ

432 2143 682 2214 ὠνόμασε
705 2145 832 2207 τοὺς
859 2144 1005 2206 υἱοὺς
1027 2144 1124 2214 τῆς
1167 2142 1370 2213 μητρὸς
1393 2141 1672 2210 ἀδελφοὺς,
1702 2139 1775 2203 ὡς
1796 2139 2015 2211 ἑτέρους

431 2235 591 2300 δντας
613 2235 812 2306 δηλαδὴ
837 2235 987 2306 παρά
1013 2235 1074 2288 τὸ
1097 2234 1310 2305 πρῶτον
1343 2233 1529 2303 τάγμα
1556 2232 1664 2285 τῶν
1692 2231 2015 2302 ὀνομασθέν-

430 2327 812 2396 τωνάδελφῶν
840 2325 1034 2380 αὐτοῦ.
1073 2326 1149 2397 (l)
1183 2327 1277 2389 Είς
1303 2321 1396 2378 οὖν
1424 2323 1685 2394 ἀδελφοὺς
1716 2322 1814 2393 μὲν
1849 2320 2011 2375 αὐτοῦ

389 2449 395 2455 ~
432 2420 779 2487 γεγεγονέναι
805 2419 930 2482 τοὺς
956 2417 1120 2472 αὑτοῦ
1151 2416 1416 2489 μαθητὰ-ς,
1445 2411 1656 2488 περὶῶν
1673 2417 1766 2469 καὶ
1779 2415 2014 2486 ὲνὲτέρα

432 2509 613 2580 φησίνο
646 2528 664 2560 ι
705 2507 1024 2577 Ἀπαγγελῶ
1036 2507 1099 2561 τὺ
1122 2507 1294 2579 ὄνομά
1317 2525 1410 2560 σου
1446 2510 1558 2570 τοῖς
1597 2506 1842 2574 ἀδελφοῖς
1872 2521 1972 2575 μου
1994 2543 2009 2567 ,

431 2604 526 2654 καὶ
544 2605 602 2655 ὲν
630 2603 779 2674 μέσῳ
809 2602 1136 2675 Ἐκκλησιας
1154 2601 1381 2672 ὑμνήσω
1400 2617 1479 2654 σε.
1507 2619 1524 2650 ι
1545 2599 1658 2652 Kal.
1675 2601 1733 2651 ὲν
1748 2597 1826 2668 τῷ
1841 2598 2014 2665 Εὐαγ-

430 2692 592 2763 γελίῳ
615 2695 679 2764 τῇ
705 2692 894 2765 Μαρίᾳ
932 2693 1120 2761 φανεὶς
1151 2691 1290 2762 μετά
1320 2692 1418 2762 τὴν
1451 2692 1516 2745 ὲκ
1548 2688 1756 2761 νεκρῶν
1779 2688 2012 2741 ἀνάστα-

431 2798 515 2835 σιν
541 2782 717 2851 ἔλεγε·
742 2802 762 2834 ι
786 2782 1024 2852 Πορεύου
1058 2781 1192 2854 πρὸς
1223 2782 1350 2844 τοὺς
1379 2779 1644 2850 ἀδελφούς
1677 2797 1800 2850 μου,
1822 2780 1916 2832 καὶ
1931 2774 2010 2831 εἶ-

431 2889 529 2927 πον
556 2874 755 2938 αὐτοῖς’
791 2873 1091 2926 Ἀναϐαίνω
1121 2872 1256 2944 πρὸς
1280 2872 1371 2924 τὸν
1399 2871 1618 2943 Πατέρα
1651 2888 1749 2942 μου
1779 2873 1874 2924 καὶ
1894 2871 2009 2924 Πα-

427 2964 561 3037 τέρα
596 2965 768 3036 ὑμῶν,
792 2966 886 3020 καὶ
910 2965 1041 3018 Θεόν
1062 2982 1162 3036 μου
1187 2964 1280 3018 καὶ
1296 2963 1428 3016 Θεὸν
1446 2965 1475 3016 ὑ
1484 2963 1620 3034 μῶν.
1635 2983 1654 3016 ι
1675 2963 1899 3026 Τούτοις
1917 2957 2008 3016 οὖν

428 3061 537 3120 τοῖς
570 3056 813 3126 ἀδελφοῖς
847 3057 1009 3111 αὑτοῦ
1047 3057 1552 3128 ἁπηλλοτριωμένος
1587 3055 1819 3126 ἐγενήθη
1866 3055 2012 3108 κατά

429 3148 618 3220 καιρὸν
638 3148 733 3203 τοῦ
759 3149 1088 3221 δηλουμένου
1113 3149 1336 3212 πάθους,
1363 3149 1450 3201 ὅτε
1476 3149 1675 3212 πάντες
1693 3150 1741 3200 οἱ
1770 3149 2008 3219 μαθηταὶ
2034 3187 2075 3244 c

426 3240 590 3294 αὑτοῦ
620 3242 846 3309 ἀφέντες
874 3243 1036 3295 αὐτὸν
1079 3241 1308 3311 ἔφευγον
1333 3280 1346 3305 ,
1376 3240 1537 3303 αὑτός
1561 3257 1619 3292 τε
1647 3242 1674 3292 ό
1707 3243 2002 3312 κορυφαῖος

424 3332 537 3408 τῶν⁴
555 3334 863 3388 ἀποστόλων
893 3335 1097 3406 Πέτρος
1123 3337 1396 3407 ἠρνήσατο
1428 3332 1589 3387 αὑτὸν
1631 3334 1832 3406 τρίτον.
1872 3333 2008 3387 Τού-

423 3444 536 3490 τοις
555 3427 704 3494 ξένος
731 3429 823 3484 καὶ
845 3427 1354 3500 ἁπηλλοτριωμένος
1371 3426 1625 3500 ἐγενήθη·
1654 3429 1767 3489 τοῖς
1790 3426 1847 3478 δὲ
1871 3428 2006 3490 υἱοῖς

422 3515 524 3586 τῆς
555 3516 758 3587 μητρὸς
785 3515 969 3580 αὑτοῦ,
1003 3518 1064 3570 οὐ
1101 3517 1206 3590 μὴν
1231 3517 1326 3570 καὶ
1357 3517 1604 3588 ἀδελφοῖς
1632 3511 1779 3570 οὖσιν
1816 3513 2002 3578 αὑτοῦ,

425 3606 572 3672 ξένος
601 3608 808 3675 γέγονε.
869 3609 1156 3679 Μέμνηται
1204 3609 1260 3662 δὲ
1295 3610 1356 3664 τὸ
1385 3609 1716 3679 Εὑαγγέλιον
1759 3608 2004 3678 ἀδελφῶν

425 3695 588 3750 αὐτοῦ
618 3697 712 3749 καὶ
744 3699 968 3770 μητρὸς,
987 3701 1098 3763 ὅτε,
1120 3699 1290 3753 ἐλθὼν
1314 3703 1393 3764 είς
1423 3702 1523 3771 τὴν
1554 3701 1788 3771 πατρίδα
1814 3699 2002 3765 αὐτοῦ,

425 3787 700 3841 ἐδίδασκεν
735 3789 793 3841 ἐν
825 3792 891 3859 τῇ
927 3793 1238 3862 συναγωγῇ,
1270 3792 1344 3854 ὼς
1375 3791 1778 3862 ἐκπλήσσεσθαι
1806 3793 2003 3856 αὐτοὺς

424 3878 522 3934 καὶ
547 3878 744 3946 λέγειν·
785 3898 804 3930 ι
836 3880 1005 3934 Πόθεν
1039 3881 1213 3952 τούτῳ
1247 3884 1280 3952 ὴ
1314 3882 1473 3951 σοφία
1512 3882 1684 3952 eam;
1713 3884 1824 3953 Οὐχ
1849 3878 2001 3946 οὗτός

424 3969 571 4021 ἐστιν
593 3969 621 4019 ό
640 3967 734 4021 τοῦ
763 3967 1010 4032 τέκτονος
1035 3969 1178 4035 υἱόςς
1210 3970 1322 4040 Οὐχ
1347 3971 1381 4041 ή
1421 3971 1606 4042 μήτηρ
1634 3968 1798 4022 αὐτοῦ
1833 3971 1926 4023 καὶ
1951 3972 2003 4022 οἱ

421 4059 640 4130 ἀδελφοὶ
672 4059 837 4114 αὐτοῦ
867 4061 960 4113 καὶ
979 4063 1034 4114 αἱ
1065 4061 1288 4132 ἀδελφαὶ
1301 4061 1464 4114 αὐτοῦ
1493 4063 1661 4113 πᾶσαι
1693 4061 1829 4133 πρὸς
1854 4063 2000 4132 ἡμᾶς

421 4153 556 4217 είσι;
586 4152 754 4206 Πόθεν
791 4153 1148 4225 tamenaut-at
1213 4156 1424 4219 πάντα;
1453 4171 1472 4206 ι
1493 4153 1618 4206 Ἐὰν
1643 4152 1740 4223 μὲν
1765 4147 1857 4204 οὖν
1877 4152 2000 4215 τοὺς

423 4245 482 4296 ὲν
519 4243 597 4314 τῷ
641 4245 780 4316 μετά
812 4247 999 4318 χεῖρας
1050 4245 1372 4318 λεγομένους
1416 4245 1564 4308 υἱοὺς
1601 4243 1804 4315 μητρὸς
1835 4243 1998 4296 αὐτοῦ

421 4334 642 4399 τούτους
678 4333 816 4388 εἶναι
853 4336 1200 4406 ὲκλάὸοιμεν,
1233 4335 1448 4407 ἀνάγκη
1469 4336 1568 4406 τὴν
1596 4333 1754 4402 ἀγίαν
1786 4331 1999 4405 Παρθέ-

421 4444 510 4481 νον
542 4429 758 4499 μητέρα
776 4430 940 4498 φάναι
975 4429 1254 4499 γεγονέναι
1279 4427 1386 4482 τῶν
1412 4427 1616 4480 λοιπῶν
1639 4425 1880 4496 ἀδελφῶν
1899 4425 1998 4478 αὑ-

2115 1959 2278 2021 atque
2326 1952 2539 2022 priores
2592 1956 2900 2025 nuncupari
2960 1955 3181 2013 fratres.
3211 1958 3281 2011 At
3333 1958 3474 2013 ﬁlios
3505 1960 3698 2015 matris

2114 2043 2310 2099 fratres
2336 2058 2447 2097 non
2469 2045 2706 2107 vocavit,
2739 2055 2929 2116 utpote
2961 2047 3098 2103 alios
3122 2059 3176 2103 et
3196 2048 3445 2104 diversos
3480 2064 3510 2102 a
3543 2052 3694 2120 prio-

2116 2151 2175 2190 re
2199 2136 2393 2191 ordine
2435 2151 2629 2191 eorum
2663 2138 2757 2207 qui
2803 2138 3003 2195 fratres
3031 2140 3212 2194 vocati
3262 2148 3412 2196 sunt.
3470 2139 3693 2198 Fratres

2113 2243 2246 2299 ergo
2273 2229 2418 2296 ejus,
2451 2229 2708 2300 discipuli
2745 2231 3116 2300 existimandi,
3141 2233 3209 2288 de
3229 2233 3426 2303 quibus
3454 2234 3581 2289 alibi
3610 2235 3696 2289 di-

2112 2321 2188 2375 cit
2221 2341 2234 2376 :
2272 2341 2291 2374 ι
2325 2321 2570 2378 Narrabo
2603 2340 2803 2379 nomen
2839 2334 2992 2379 tuum
3046 2325 3311 2381 fratribus
3367 2328 3524 2391 meis,
3555 2335 3608 2383 et
3636 2330 3693 2384 in

2113 2414 2291 2469 medio
2309 2415 2574 2470 Ecclesiae
2597 2416 2832 2472 laudabo
2856 2425 2908 2472 te
2931 2419 2975 2474 ’.
3017 2436 3037 2470 ι
3072 2417 3138 2471 Et
3168 2419 3220 2472 in
3251 2417 3543 2488 Evangello
3569 2428 3692 2489 post

2112 2509 2570 2562 resurrectionem
2614 2525 2682 2563 ex
2727 2509 2983 2573 mortuis,
3022 2525 3146 2564 cum
3189 2508 3373 2565 Maria).
3407 2512 3557 2567 visus
3584 2521 3689 2575 est,

2112 2596 2327 2652 dicebat
2371 2616 2385 2652 :
2433 2616 2452 2649 ι
2486 2597 2638 2654 Vade
2678 2599 2747 2654 ad
2799 2599 2998 2654 fratres
3053 2615 3225 2664 meos,
3281 2608 3338 2656 et
3394 2602 3484 2656 dic
3531 2601 3687 2656 illis:

2111 2687 2363 2744 Ascendo
2383 2689 2449 2744 ad
2472 2685 2690 2744 Patrem
2713 2706 2890 2745 meum
2921 2701 2974 2745 ct
2998 2688 3211 2746 Patrem
3231 2700 3495 2756 vestrum,
3522 2692 3689 2748 Deum

2111 2796 2292 2836 meum
2326 2790 2380 2836 et
2412 2778 2582 2837 Deum
2613 2790 2857 2837 vestrum
2885 2783 2949 2836 ‘°.
2989 2803 3008 2836 ι
3045 2781 3140 2839 His
3182 2784 3366 2854 itaque
3426 2785 3688 2841 fratribus

2110 2873 2226 2929 suis
2242 2881 2540 2929 extraneus
2571 2872 2752 2929 factus
2780 2883 2865 2930 est
2901 2882 3144 2946 tempore
3166 2876 3439 2946 praedicta:
3474 2878 3688 2947 passio-

2110 2966 2214 3026 nis,
2251 2964 2472 3035 quando
2512 2981 2703 3021 omnes
2745 2965 3006 3038 discipuli
3029 2968 3150 3036 ejus
3185 2968 3376 3022 relicto
3413 2984 3478 3022 eo
3515 2967 3688 3038 fugie-

2110 3055 2259 3119 bant,
2292 3056 2516 3129 ipseque
2569 3058 2879 3128 prazcipuus
2938 3060 3313 3129 apostolorum
3370 3058 3565 3115 Petrus
3606 3069 3686 3115 ter

2110 3150 2326 3218 negavit
2353 3164 2500 3204 eum.
2533 3146 2631 3204 His
2682 3150 3005 3220 peregrinus
3054 3159 3107 3204 et
3135 3160 3431 3206 extraneus
3461 3151 3686 3206 effectus

2109 3244 2211 3294 est.
2251 3238 2408 3296 Filiis
2459 3242 2588 3294 item
2649 3241 2844 3296 matris
2875 3257 3009 3306 suae,
3038 3242 3130 3312 qui
3181 3243 3378 3298 fratres
3435 3245 3519 3298 sui
3573 3260 3683 3298 non

2106 3336 2284 3397 erant,
2317 3330 2637 3401 peregrinus
2684 3329 2807 3384 fuit.
2860 3330 3105 3385 Meminit
3134 3347 3296 3402 porro
3332 3330 3678 3402 Evangelium

2107 3418 2338 3474 fratrum
2391 3425 2446 3474 et
2492 3419 2686 3474 matris
2720 3419 2862 3489 ejus,
2891 3420 2984 3475 ubi
3037 3435 3161 3475 cum
3197 3422 3439 3475 venisset
3487 3423 3541 3475 in
3588 3437 3684 3491 pa-

2105 3510 2264 3564 triam
2296 3524 2475 3574 suam,
2507 3510 2742 3564 docebat
2789 3511 2844 3564 in
2903 3524 3198 3582 synagoga,
3231 3512 3302 3564 ita
3341 3519 3399 3564 ut
3431 3513 3532 3581 ipsi
3565 3521 3684 3566 stu.

2105 3608 2294 3670 perent
2327 3615 2391 3654 ac
2417 3600 2708 3656 dicereut:
2758 3619 2779 3652 ι
2817 3600 2970 3655 Unde
3027 3601 3153 3654 huic
3202 3601 3470 3671 sapientia
3519 3603 3686 3658 iure?

2101 3688 2295 3746 Nonne
2323 3690 2412 3744 hic
2435 3699 2520 3744 est
2545 3690 2684 3745 fabri
2720 3690 2899 3747 illius?
2928 3689 3120 3746 Nonne
3149 3699 3322 3747 mater
3343 3691 3462 3760 ejus
3490 3704 3542 3747 et
3573 3693 3684 3746 fra.

2103 3787 2216 3834 tres
2239 3778 2381 3848 ejus,
2417 3785 2471 3832 et
2499 3794 2720 3836 sorores
2771 3782 2892 3848 ejus
2934 3795 3127 3834 omnes
3169 3780 3312 3851 apud
3361 3797 3462 3837 nos
3511 3782 3682 3838 sunt?

2103 3874 2260 3930 Unde
2295 3875 2425 3929 huic
2477 3875 2812 3945 hazc_omnia
2845 3875 2927 3929 "2
2962 3897 2979 3928 ι
3009 3876 3067 3930 Si
3095 3877 3263 3947 igitur
3312 3878 3456 3934 filios
3489 3880 3683 3933 matris

2100 3966 2222 4035 ejus
2253 3965 2310 4022 in
2353 3967 2457 4021 hoc
2513 3968 2724 4036 psalmo
2755 3968 2834 4021 sic
2867 3976 3118 4032 vocatos,
3153 3982 3252 4038 pro
3285 3969 3407 4026 istis
3440 3970 3680 4040 accipiac

2099 4070 2246 4125 mus,
2282 4072 2508 4114 necesse
2537 4067 2621 4114 est
2665 4072 2767 4115 nos
2816 4066 3061 4113 sanctam
3099 4059 3394 4130 Virginem,
3435 4061 3678 4132 reliquo-

2099 4160 2222 4203 rum
2264 4150 2496 4204 fratrum
2541 4151 2659 4220 ejus
2692 4159 2920 4205 matrem
2970 4151 3174 4205 dicere.
3209 4149 3405 4206 Verum
3435 4150 3678 4208 Jacobus

2099 4243 2191 4313 qui
2236 4243 2437 4297 dicitur
2494 4242 2664 4296 frater
2694 4240 2932 4305 Domini,
2962 4257 3069 4296 non
3106 4242 3321 4296 videtur
3355 4245 3676 4314 peregrinus

2099 4336 2201 4405 ipsi
2231 4335 2422 4400 fuisse,
2455 4349 2558 4388 nec
2589 4333 2712 4390 fidei
2741 4334 2795 4387 in
2836 4335 3014 4403 ipsum
3046 4343 3376 4400 extraneus;
3399 4334 3509 4388 imo
3542 4349 3675 4388 vero

2098 4440 2242 4479 unus
2275 4438 2340 4478 ex
2391 4424 2460 4478 iis
2517 4424 2612 4494 qui
2645 4437 2768 4478 cum
2825 4423 3018 4491 primis
3066 4422 3210 4476 inter
3236 4437 3524 4493 germanos
3551 4424 3675 4492 ejus

420 4519 534 4572 τοῦ.
583 4518 719 4571 Ἀλλ’
746 4520 1088 4590 ἐπιφαίνεται
1126 4520 1376 4583 Ἰάκωϐος
1411 4520 1439 4571 ὁ
1463 4517 1804 4590 χρηματίσας
1827 4516 1988 4569 αὑτοῦ

2106 4515 2396 4583 liscipulos
2425 4521 2620 4576 erant;
2657 4513 2730 4567 ita
2757 4520 2812 4566 ut
2850 4513 2966 4581 ipse
2987 4511 3196 4582 primus
3228 4512 3673 4584 Hierosolymita-

420 4607 646 4678 ἀδελφὸς
672 4611 771 4664 οὐκ
794 4609 1204 4680 ἀπεξενωμένος
1219 4609 1383 4663 αὑτοῦ
1405 4609 1663 4678 γεγονὼς,
1691 4607 1812 4660 οὐδὲ
1839 4605 1995 4659 ἀλλό-

371 4758 378 4766 _
419 4717 569 4772 τριος
599 4701 700 4773 τῆς
728 4704 807 4771 είς
834 4703 995 4756 αὐτὸν
1022 4703 1279 4766 πίστεως,
1303 4697 1384 4765 εἷς
1413 4701 1469 4754 δὲ
1493 4700 1600 4755 τῶν
1634 4698 1840 4771 σφόδρα
1857 4715 1991 4770 γνη-

2095 4622 2179 4661 me
2207 4605 2465 4660 Ecclesiae
2493 4605 2753 4659 thronum
2804 4603 3098 4672 acciperet.
3157 4601 3368 4672 lieliqui
3392 4604 3518 4658 item
3550 4603 3676 4672 ejus

2095 4698 2315 4761 fratres,
2346 4696 2449 4751 etsi
2486 4709 2514 4748 a
2539 4693 2811 4765 principio
2846 4709 2953 4748 non
2979 4693 3266 4748 crederent
3302 4695 3357 4747 in
3383 4695 3584 4764 ipsum,
3616 4703 3671 4748 at

422 4793 554 4846 σίων
588 4791 752 4848 αὐτοῦ
786 4793 1060 4866 μαθητῶν·
1095 4794 1168 4857 ὡς
1199 4795 1400 4848 καὶτὸν
1432 4793 1619 4864 θρόνον
1635 4789 1992 4855 ἀναδέξασθαι

2106 4799 2302 4846 :ertum
2353 4796 2437 4844 est
2485 4802 2581 4842 eos
2641 4797 2830 4857 postea
2885 4787 3200 4842 credidisse.
3258 4785 3457 4840 Narrat
3522 4787 3669 4842 enim

419 4883 636 4956 πρῶτον
658 4887 758 4956 τῆς
783 4889 839 4939 ὲν
873 4885 1262 4959 Ἰεροσολύμοις
1300 4884 1645 4955 Ἐκκλησίας.
1679 4884 1790 4938 Kal.
1810 4885 1859 4935 οἱ
1890 4882 1995 4935 λοι-

420 4979 514 5032 ποὶ
537 4977 592 5032 δὲ
620 4978 783 5034 αὐτοῦ
815 4980 1061 5051 ἀδελφοὶ,
1101 4982 1149 5033 εἰ
1181 4980 1278 5033 καὶ
1306 4977 1376 5035 si
1404 4978 1634 5050 μάλιστα
1666 4977 1785 5030 κατ’
1818 4975 1992 5047 ἀρχὰς

418 5071 518 5124 οὐκ
545 5071 824 5125 ἐπίστευον
857 5074 935 5136 εἰς
968 5073 1150 5138 αὑτὸν,
1179 5070 1315 5126 ἀλλά
1345 5070 1482 5142 μετά
1511 5070 1683 5122 ταῦτα
1713 5067 1862 5139 δῆλοί
1883 5069 1992 5120 εισι

419 5163 826 5227 πιστεύσαντες.
861 5163 1084 5234 Ἱστορεῖ
1106 5164 1149 5216 δ’
1179 5159 1272 5218 οὖν
1303 5162 1365 5214 τὸ
1399 5160 1745 5228 Εὑαγγέλιον,
1779 5160 1855 5222 ὡς
1883 5160 1990 5230 ἄρα

415 5252 450 5326 ἡ
485 5257 663 5326 μήτηρ
689 5253 854 5309 αὐτοῦ
883 5256 978 5309 καὶ
997 5258 1047 5309 οί
1075 5254 1292 5325 ἀδελφοὶ
1317 5252 1480 5308 αὑτοῦ
1515 5252 1856 5320 είστήκεισαν
1886 5249 1991 5314 ἔξω

2093 4880 2441 4953 Evangellum
2473 4880 2540 4945 ⁸⁸,
2566 4889 2792 4934 matrem
2843 4886 2898 4932 et
2946 4878 3145 4932 fratres
3176 4877 3297 4946 ejus
3349 4877 3495 4932 foras
3551 4887 3668 4934 ste-

2096 4975 2232 5030 tisse
2259 4979 2566 5043 quaerentes
2594 4985 2719 5026 eum
2751 4969 2974 5040 alloqui.
3010 4965 3077 5023 Et
3108 4970 3164 5024 in
3197 4970 3426 5024 Actibus
3452 4979 3670 5039 aposto-

2097 5065 2274 5120 lorum
2304 5051 2355 5095 ’⁸⁸
2376 5061 2598 5126 dicitur,
2651 5060 2820 5115 fuisse
2849 5061 3126 5130 apostolos
3162 5075 3270 5113 una
3311 5072 3668 5128 perseveran-

2095 5164 2180 5212 tes
2210 5157 2265 5209 in
2293 5153 2544 5209 oratione
2565 5165 2690 5205 cum
2726 5151 2897 5204 Maria
2925 5157 3099 5206 matre
3122 5151 3243 5221 ejus
3288 5157 3342 5204 et
3400 5149 3662 5202 fra:ribus

2097 5249 2237 5318 ejus.
2290 5246 2394 5313 Qui
2445 5259 2576 5315 ergo
2612 5243 2958 5298 existimetur
3010 5245 3078 5298 iis
3130 5243 3449 5314 peregrinus
3501 5243 3666 5296 esse?

417 5343 705 5416 ζητοῦντες
732 5344 958 5418 λαλῆσαι
980 5346 1150 5418 αὐτῷ.
1175 5346 1286 5401 Kal.
1311 5347 1368 5397 ὲν
1394 5345 1514 5404 ταῖς
1542 5341 1778 5411 Πράξεσι
1798 5340 1856 5393 δὲ
1877 5337 1984 5392 τῶν

2106 5336 2285 5392 Rullus
2331 5337 2514 5404 itaque
2561 5332 2718 5387 locus
2768 5341 3015 5402 superest
3065 5342 3124 5386 ut
3157 5332 3225 5386 de
3275 5332 3344 5386 iis
3394 5330 3609 5384 dicatur
3641 5347 3660 5383 :

415 5433 726 5490 ἀποστόλων
749 5435 1015 5500 λέλεκται,
1049 5436 1124 5501 ὡς
1155 5422 1264 5508 ἄρα
1280 5430 1419 5506 ἦσαν
1445 5434 1494 5486 οἱ
1522 5425 1807 5484 ἀπόστολοι
1833 5431 1987 5502 κοινῇ

391 5526 615 5612 ,πάντες
642 5525 1174 5600 προσκαρτεροῦντες
1205 5528 1272 5597 τῇ
1306 5524 1578 5598 προσευχῇ
1621 5520 1717 5574 σὺν
1753 5517 1984 5592 Μαριὰμ

485 5641 508 5673 ⁸
547 5639 736 5695 Matth.
779 5654 952 5704 xxv",
991 5640 1179 5696 40-43.
1255 5636 1460 5694 ⁸1³821.
1502 5651 1619 5701 ut,
1659 5634 1755 5690 2‘5.
1830 5633 1874 5666 ¹⁶
1909 5629 2006 5689 10a

2111 5649 2206 5699 xx,
2249 5633 2335 5688 i7.
2425 5633 2466 5664 “
2509 5626 2697 5684 Matth.
2752 5643 2876 5697 xm,
2934 5626 3121 5686 54-56.

416 5709 506 5766 47.
587 5712 630 5743 ⁸³
670 5714 792 5766 Act.
833 5726 872 5776 ι,
919 5710 1006 5766 u.

490 5803 567 5874 (1)
599 5803 800 5859 Tcstus
825 5802 1069 5856 vitiatus.

2097 5446 2117 5480 ι
2152 5426 2457 5483 Extraneus
2483 5424 2660 5478 factus
2693 5437 2814 5477 sum
2847 5422 3110 5477 fratribus
3133 5423 3291 5486 meis,
3322 5427 3378 5478 et
3415 5417 3662 5489 peregri-

2091 5534 2195 5576 nus
2228 5519 2354 5574 filiis
2386 5516 2578 5572 matris
2618 5527 2775 5569 meae.
2809 5533 2830 5567 ι
2873 5514 2992 5570 Νοη
3035 5515 3182 5570 enim
3215 5516 3281 5570 iis
3316 5512 3662 5585 peregrinus,

3239 5629 3285 5660 "
3323 5625 3512 5681 Matth.
3554 5637 3657 5693 ω,
