4056 6404
387 352 490 410 739

1079 344 1348 409 EUSEBII
1386 351 1864 409 CAESARIENSIS
1903 355 2052 411 OPP.
2094 354 2273 412 PARS
2303 354 2385 413 ill.
2413 385 2481 398 -ι
2520 354 2932 414 EXEGETICA.

3541 357 3650 414 740

384 467 482 522 sed
512 467 741 522 multum
773 468 1048 538 pretiosus
1071 477 1210 532 erat,
1237 470 1311 522 ita
1348 477 1406 522 ut
1430 471 1745 527 nullatenus
1774 471 1950 528 crede-

2066 479 2132 549 τῇ
2169 478 2334 548 μητρὶ
2362 476 2525 529 αὑτοῦ
2550 476 2777 541 καὶτοῖς
2805 477 3050 548 ἀδελφοῖς
3077 473 3262 530 αὑτοῦ.
3300 476 3422 539 Πῶς
3443 473 3535 530 οῦν
3560 477 3650 530 δύ-

382 576 443 615 re
474 560 635 614 liceat
657 569 989 615 memoratos
1023 561 1222 616 fratres
1245 562 1366 631 ejus
1396 562 1539 618 ﬁlios
1562 563 1745 619 Maria:
1768 564 1959 621 fuisse.

380 652 489 706 Alii
525 666 659 708 sane
690 651 895 707 fuerint
922 655 1016 724 qui
1052 655 1107 707 in
1142 655 1353 724 psalmo
1389 654 1483 708 lilii
1521 657 1712 710 matris
1733 655 1853 726 ejus
1882 658 1965 712 di-

381 751 605 807 cuntur,
648 743 960 813 quibusque
1000 753 1297 801 extraneus
1338 745 1518 800 factus
1548 752 1652 800 est.
1687 743 1964 816 lntelligas

381 848 548 904 porro
570 844 799 889 matrem
830 835 1051 904 quidem
1081 837 1202 906 ejus
1234 853 1357 894 esse
1380 836 1696 891 Judaorum
1718 838 1964 909 Synago-

379 942 502 998 gam
555 943 882 998 omnemque
935 930 1318 1000 cognationem
1370 930 1670 984 secundum
1720 946 1961 996 carnem,

379 1031 569 1070 eorum
619 1017 828 1071 scilicet
871 1019 964 1088 qui
1009 1035 1075 1072 ex
1112 1019 1537 1074 circumcisione
1577 1028 1771 1085 erant;
1826 1020 1964 1076 ﬁlios

379 1125 510 1165 vero
535 1109 847 1180 hujusmodi
872 1112 1089 1177 matris,
1122 1127 1217 1168 eos
1252 1114 1345 1181 qui
1375 1112 1553 1182 ipsum
1591 1113 1960 1181 abnegarunt,

379 1217 444 1255 ac
473 1202 732 1256 dixerunt
769 1221 782 1256 ε
824 1221 842 1253 ι
887 1202 1045 1257 Hunc
1071 1213 1252 1258 autem
1283 1204 1565 1260 nescimus
1589 1203 1733 1258 unde
1759 1205 1828 1258 sit
1861 1205 1957 1260 ‘3.»

377 1292 524 1359 Ideo,
562 1309 685 1348 cum
723 1294 873 1348 illum
928 1296 1278 1366 peregrinum
1318 1297 1720 1356 existimarent,
1745 1297 1963 1351 dicebat

375 1384 456 1438 eis
488 1403 501 1438 :
540 1398 558 1435 ι
597 1385 998 1455 Curloquelam
1050 1403 1222 1442 meam
1267 1404 1375 1442 non
1407 1388 1628 1442 nostis?
1667 1389 1800 1457 quia
1852 1404 1963 1442 non

375 1477 608 1546 potestis
658 1478 850 1533 audire
880 1490 1191 1534 sermonem
1238 1495 1420 1534 meum
1449 1481 1515 1533 ⁸⁵.
1553 1500 1570 1532 ι
1607 1480 1961 1552 Peregrinum

374 1569 540 1622 etiam
578 1569 728 1622 illum
762 1571 1024 1640 putabant
1053 1586 1179 1625 cum
1211 1571 1456 1627 dicereut
1492 1591 1505 1627 :
1544 1592 1562 1624 ι
1601 1571 1794 1628 Nonne
1825 1574 1964 1629 bene

374 1657 608 1714 dicimus
635 1675 758 1724 nos,
783 1661 912 1731 quia
944 1659 1326 1719 Samaritanus
1354 1679 1413 1719 es
1452 1673 1530 1728 tu,
1550 1673 1604 1720 et
1633 1665 1962 1721 daemonium

373 1751 544 1808 habes
577 1753 656 1805 "?
698 1770 716 1805 ι
754 1754 937 1819 Quare
965 1754 1186 1810 dicebat
1219 1758 1300 1812 eis
1334 1776 1347 1812 :
1387 1776 1404 1809 ι
1447 1756 1560 1829 Ego
1585 1761 1710 1815 veni
1760 1761 1814 1814 in
1858 1775 1962 1815 no-

372 1843 522 1899 mine
553 1843 732 1899 Patris
767 1846 893 1909 mei,
925 1859 979 1900 et
1008 1863 1115 1901 non
1151 1848 1405 1918 accipitis
1449 1865 1574 1916 me;
1605 1850 1653 1904 si
1692 1850 1832 1905 alius
1867 1867 1961 1905 ve-

369 1937 516 1991 nerit
547 1936 601 1988 in
638 1935 862 1990 nomine
889 1938 1136 2007 proprio,
1165 1939 1344 2008 ipsum
1383 1939 1668 2008 accipietis
1705 1941 1770 1992 ”.
1815 1957 1832 1990 ι
1869 1938 1962 1995 Sic

369 2026 539 2098 igitur
575 2028 905 2098 peregrinus
939 2037 993 2082 et
1022 2041 1319 2086 cxtraneus
1346 2030 1524 2086 factus
1557 2024 1641 2086 est
1687 2031 1817 2086 ﬁliis
1848 2047 1963 2084 rna-

368 2120 472 2175 tris
499 2137 634 2176 suae.
662 2119 790 2176 H320
829 2137 993 2191 porro
1031 2123 1218 2176 omnia
1257 2125 1523 2179 sustinuit
1565 2125 1635 2178 ob
1662 2139 1805 2190 eam,
1841 2141 1962 2195 qua:

369 2226 495 2266 mox
523 2212 772 2277 aliertur,
807 2227 1054 2277 causam,
1079 2231 1244 2284 quam
1272 2219 1590 2273 necessario
1628 2220 1822 2289 aperit,
1877 2220 1962 2274 di-

367 2318 500 2357 (‘CIIS
528 2321 543 2357 Ξ

2065 584 2221 620 ναται
2247 567 2454 631 τούτοις
2482 566 2628 631 ξένος
2653 563 2790 620 εἶναι
2824 567 3134 638 νομίζεσθαι
3153 585 3166 633 ;
3183 569 3343 620 Ὥστε
3373 569 3446 638 μὴ
3466 567 3650 639 χώραν

2066 656 2210 726 ἔχειν
2251 655 2380 727 περὶ
2420 655 2623 708 τούτων
2654 656 2907 725 λέγεσθαι
2938 657 3020 723 τὸ,
3052 677 3070 709 ι
3116 657 3650 729 Ἀπηλλοτριωμένος

2066 748 2328 819 ἐγενήθην
2360 751 2474 810 τοῖς
2498 748 2747 817 ἀδελφοῖς
2777 766 2875 820 μου
2902 789 2915 813 ,
2947 751 3040 802 καὶ
3067 750 3214 815 ξένος
3246 753 3360 813 τοῖς
3388 752 3524 814 υἱοῖς
3549 750 3650 820 τῆς

2070 841 2272 912 μητρός
2299 856 2420 909 μου.
2464 859 2483 892 ι
2506 841 2578 893 Ού
2611 840 2720 910 γὰρ
2747 837 2815 913 ἦν
2837 842 3042 896 τούτων
3061 843 3227 908 ξένος,
3243 842 3380 897 ἀλλὰ
3393 845 3486 895 καὶ
3512 843 3652 910 ἄγαν

2064 929 2262 1000 τίμιος*
2294 929 2370 992 ὡς
2394 929 2587 1000 μηκέτι
2608 930 2733 994 τοὺς
2759 931 3154 1001 προλεχθέντας
3190 932 3353 985 αὑτοῦ
3390 930 3652 1002 ἀδελφοὺς

2065 1023 2214 1085 υἱοὺς
2259 1017 2395 1075 εἶναι
2440 1023 2536 1094 τῆς
2579 1022 2794 1094 Μαρίας
2833 1025 3105 1094 ἡγεῖσθαι,
3137 1023 3313 1094 ἕτεροι
3355 1024 3398 1076 δ’
3437 1023 3501 1077 ἂν
3539 1019 3649 1078 εἷεν

2067 1115 2217 1184 παρὰ
2243 1114 2466 1176 τούτους
2497 1115 2545 1166 οἱ
2585 1113 2673 1167 διὰ
2705 1114 2798 1167 τοῦ
2830 1114 3045 1184 ψαλμοῦ
3095 1114 3377 1185 λεγόμενοι
3411 1116 3512 1168 υἱοὶ
3548 1116 3650 1187 τῆς

2069 1199 2276 1269 μητρὸς
2298 1198 2485 1263 αὑτοῦ,
2519 1193 2600 1262 οἷς
2631 1199 2776 1263 ξένος
2794 1199 3048 1271 ἐγενήθη.
3075 1200 3309 1271 Νοήσεις
3341 1200 3396 1253 δὲ
3434 1202 3649 1273 μητέρα

2069 1289 2166 1360 μὲν
2195 1289 2294 1361 τὴν
2317 1289 2424 1342 τῶν
2448 1289 2716 1342 Ἰουδαίων
2737 1289 3065 1361 Συναγωγὴν
3081 1292 3175 1343 καὶ
3192 1292 3371 1345 πᾶσαν
3393 1292 3490 1364 τὴν
3511 1294 3650 1348 κατὰ

2068 1383 2247 1453 σάρκα
2279 1381 2592 1450 συγγένειαν
2629 1380 2735 1433 τῶν
2770 1383 2835 1434 ἐκ
2875 1382 3178 1453 περιτομῆς
3208 1400 3221 1412 ·
3257 1384 3402 1446 υἱοὺς
3444 1384 3503 1436 δὲ
3549 1385 3650 1456 τῆς

2063 1473 2318 1546 τοιαύτης
2350 1474 2552 1545 μητρὸς
2575 1475 2701 1538 τοὺς
2745 1475 3152 1546 ἀρνησαμένους
3172 1475 3353 1540 αὑτὸν,
3384 1479 3478 1529 καὶ
3499 1478 3650 1550 εἰρη-

2065 1566 2258 1629 κότας·
2299 1584 2318 1617 ι
2343 1565 2542 1618 Τοῦτον
2565 1564 2624 1617 δὲ
2662 1567 2762 1618 οὐκ
2785 1564 3024 1642 οἴδαμεν
3087 1563 3248 1617 πόθεν
3289 1565 3468 1618 ἐστίν’
3501 1586 3519 1617 ι
3557 1567 3648 1620 Διὸ

2064 1660 2246 1730 ἔλεγεν
2282 1661 2463 1722 αὐτοῖς
2482 1699 2496 1724 ,
2533 1659 2717 1731 ἐπειδὴ
2749 1658 2896 1725 ξένον
2928 1658 3088 1711 αὑτὸν
3121 1656 3389 1728 ἐνόμιζονο
3433 1677 3452 1709 ι
3474 1659 3573 1712 Διὰ
3593 1659 3647 1712 τί

2063 1751 2161 1824 τὴν
2186 1752 2373 1806 λαλιὰν
2414 1751 2512 1824 τὴν
2553 1752 2692 1823 ἐμὴν
2732 1751 2792 1803 ού
2830 1749 3161 1819 γινώσκετε;
3208 1751 3294 1803 ὅτι·
3326 1751 3386 1803 ού
3417 1751 3646 1805 δύνασθε

1995 1847 2036 1902 Β
2065 1840 2281 1900 ἀκούειν
2313 1847 2402 1899 τὸν
2441 1845 2596 1914 λόγον
2624 1845 2715 1898 τὸν
2756 1846 2905 1915 ἐμόν.
2938 1864 2957 1896 ι
2994 1843 3154 1896 Ξένον
3187 1843 3243 1896 δὲ
3277 1843 3439 1897 αὑτὸν
3486 1845 3646 1897 πάλιν

2064 1938 2293 2010 ἡγοῦντο
2323 1937 2589 2006 λέγοντες·
2629 1955 2646 1987 ι
2672 1937 2746 1990 Οὐ
2780 1936 2959 1998 καλῶς
2983 1938 3147 2006 ἡμεῖς
3170 1934 3401 2005 λέγομεν
3434 1936 3514 1989 ὅτι
3541 1936 3648 1989 Σα-

2069 2031 2330 2102 μαρείτης
2346 2026 2394 2082 εἱ
2419 2031 2503 2089 σὺ,
2538 2029 2632 2083 καὶ⁵
2652 2028 2926 2099 δαιμόνιον
2951 2027 3126 2098 ἔχεις;
3159 2047 3177 2078 ι
3205 2027 3296 2080 Διὸ
3328 2027 3479 2097 ἔλεγε
3512 2028 3650 2100 πρὸς

2065 2123 2279 2186 αὐτούς·
2307 2143 2325 2174 ι
2349 2121 2491 2190 Ἐγὼ
2513 2121 2745 2192 ἐλήλυθα
2764 2123 2821 2174 ἐν
2833 2119 2909 2190 τῷ
2927 2121 3152 2190 ὀνόματι
3174 2119 3267 2172 τοῦ
3286 2120 3497 2192 Πατρός
3520 2137 3646 2191 μου,

2067 2219 2160 2270 καὶ
2192 2219 2252 2270 ού
2287 2215 2592 2286 λαμϐάνετέ
2636 2229 2733 2284 με’
2760 2212 2854 2265 ἐὰν
2883 2211 3038 2276 ἄλλος
3065 2213 3193 2283 ἔλθῃ
3231 2214 3288 2264 ἐν
3319 2212 3398 2283 τῷ
3425 2213 3649 2284 ὀνόματι

2066 2309 2144 2380 τῷ
2166 2309 2300 2378 ἰδίῳ,
2331 2311 2534 2361 ἐκεῖνον
2553 2303 2809 2375 λήψεσθε.
2833 2323 2850 2355 ι
2875 2303 3030 2356 υῦτω
3054 2303 3235 2356 τοίνυν
3264 2303 3410 2367 ξένος
3441 2304 3536 2357 καὶ
3555 2303 3652 2357 ἀλ-

366 2391 578 2464 λάτριος
605 2395 794 2464 γέγονε
821 2400 934 2461 τοῖς
965 2400 1100 2462 υἱοῖς
1125 2400 1223 2471 τῆς
1247 2402 1453 2473 μητρὸς
1477 2403 1664 2457 αὑτοῦ.
1694 2404 1881 2460 Ταῦτα
1895 2407 1952 2460 δὲ
1990 2406 2168 2460 πάντα
2192 2403 2451 2474 ὑπέμεινε
2469 2400 2556 2454 διὰ
2582 2399 2680 2471 τὴν
2709 2397 3104 2467 ἐπιλεγομένην
3157 2397 3359 2460 αἰτίαν,
3404 2399 3468 2468 ἠν
3484 2399 3652 2465 ἀναγ-

367 2485 540 2548 καίως
562 2488 858 2561 παρίστησι
887 2490 1081 2558 λέγων·

437 2602 602 2659 Vltas.
634 2602 820 2661 10-15.
862 2623 880 2656 ι
921 2605 1188 2672 Quoniam
1231 2607 1381 2662 zelus
1427 2607 1624 2664 domus
1661 2613 1766 2664 tuae
1795 2625 1948 2665 com-

364 2697 478 2753 edit
507 2715 614 2764 me,
666 2706 721 2754 et
763 2701 1059 2770 opprobria
1099 2699 1552 2770 exprobrantium
1595 2699 1698 2756 tibi
1745 2701 1951 2758 cecide-

363 2800 494 2844 runt
523 2808 688 2862 super
720 2808 828 2847 me.
874 2813 893 2844 ι
942 2790 1081 2858 Quia
1111 2793 1256 2847 enim
1310 2793 1481 2846 multa
1533 2809 1670 2848 usus
1729 2793 1949 2858 ﬁducia,

361 2900 457 2939 eos
487 2885 582 2955 qui
605 2885 824 2940 domum
859 2884 1040 2941 Patris
1071 2887 1178 2950 sui,
1215 2886 1440 2941 domum
1480 2887 1868 2957 negotiationis
1898 2897 1951 2942 et

362 2980 680 3048 speluncam
707 2979 982 3033 latronum
1012 2967 1308 3043 faciebant,
1335 2975 1668 3051 coarguebat
1693 2989 1747 3036 et
1778 2981 1948 3052 pelle.

359 3069 485 3136 bat,
514 3067 638 3126 ideo
668 3071 1074 3126 insidiabantur
1095 3072 1220 3142 ipsi.
1258 3072 1415 3138 Quod
1439 3073 1680 3128 declarat
1708 3080 1943 3146 evange-

359 3161 506 3225 lista,
535 3163 760 3217 dicens:
799 3181 818 3214 ι
855 3151 922 3217 Et
961 3179 1129 3234 prope
1169 3173 1289 3219 erat
1339 3163 1551 3220 Pascha
1602 3161 1939 3232 Iudaeorum,

359 3263 412 3306 et
437 3250 687 3307 ascendit
715 3246 876 3307 Jesus
917 3249 1314 3324 Jerosolymam
1348 3273 1362 3307 :
1399 3261 1453 3307 et
1488 3254 1694 3308 invenit
1723 3253 1778 3307 in
1811 3255 1949 3307 tem-

361 3345 450 3414 plo
484 3343 782 3401 vendentes
836 3360 967 3401 oves
1012 3353 1066 3400 et
1118 3347 1307 3411 boves,
1349 3333 1407 3400 et
1452 3345 1948 3400 nummulariorum

361 3436 550 3491 clTudit
597 3454 673 3494 ais
722 3445 777 3494 et
827 3454 1069 3495 mensas.
1106 3431 1172 3492 Et
1199 3439 1268 3495 iis
1294 3431 1389 3510 qui
1431 3439 1719 3496 columbas
1749 3438 1951 3495 vende-

360 3528 492 3584 bant
537 3529 716 3586 dixit:
750 3528 976 3586 Auferte
1029 3531 1137 3586 ista
1202 3531 1353 3591 hinc.
1421 3538 1476 3585 et
1538 3531 1711 3585 nolite
1770 3530 1952 3586 facere

359 3622 582 3677 domum
610 3622 789 3678 Patris
818 3624 947 3688 mei,
996 3623 1200 3678 donum
1244 3617 1632 3694 negotiationis
1663 3612 1728 3678 η.
1772 3643 1790 3676 ι
1819 3623 1952 3690 Qui-

359 3712 467 3768 bus
518 3713 854 3784 subjungit:
907 3731 926 3766 ι
989 3713 1281 3768 Recordati
1324 3723 1451 3770 sunt
1505 3715 1758 3786 discipuli
1808 3715 1948 3785 ejus,

360 3805 490 3875 quia
558 3807 826 3876 scriptum
888 3817 1028 3862 est:
1083 3807 1245 3862 Zelus
1296 3808 1493 3864 domus
1561 3816 1667 3864 tuae
1713 3809 1952 3864 comedit

358 3898 529 3952 me”.
558 3917 576 3948 ι
597 3895 704 3953 Sed
750 3899 916 3954 etiam
947 3900 1240 3971 opprobria
1274 3901 1720 3971 exprobrantium
1753 3901 1862 3956 Deo
1894 3902 1951 3956 in

357 4005 418 4046 se
460 3992 752 4062 recipiens,
786 4009 978 4048 eorum
1037 3996 1183 4050 ultor
1213 3994 1354 4048 fuit:
1403 3995 1759 4065 quamobrem
1808 3994 1954 4052 dice-

357 4082 451 4137 bat
479 4101 493 4138 :
523 4103 540 4136 ι
565 4083 630 4138 Et
661 4085 954 4156 opprobria
1001 4086 1447 4157 exprobrantium
1495 4085 1590 4140 tibi
1633 4086 1951 4141 ceciderunt

356 4192 521 4248 super
548 4194 655 4234 me.
698 4198 717 4231 ι
752 4177 873 4234 Non
900 4177 1079 4235 ferens
1111 4181 1257 4235 enim
1289 4196 1386 4235 eos
1420 4181 1513 4250 qui
1539 4180 1800 4249 Operibus
1831 4179 1950 4236 suis

357 4273 715 4343 approbrium
745 4272 1029 4343 religionis
1060 4272 1271 4343 legibus
1300 4272 1632 4335 inferebant,
1671 4271 1950 4342 principes

357 4366 534 4436 gentis
565 4365 918 4434 coarguebat.
950 4364 1133 4430 Quare
1164 4364 1356 4419 turbas
1390 4371 1444 4418 et
1485 4363 1789 4433 discipulos
1818 4376 1950 4418 suos

2134 2627 2152 2659 ι
2195 2609 2316 2661 ’Ὁτι
2346 2609 2373 2660 ὁ
2416 2605 2575 2679 ζῆλος
2622 2605 2717 2660 τοῦ
2745 2606 2898 2660 οἴκου
2957 2620 3052 2660 σου
3087 2608 3368 2678 κατέφαγέ
3423 2625 3525 2680 με,
3555 2608 3651 2662 καὶ

2054 2702 2107 2753 οἱ
2164 2697 2457 2768 ὀνειδισμοὶ
2502 2697 2610 2752 τῶν
2679 2697 3043 2763 ὀνειδιζόντων
3112 2716 3171 2752 σε
3233 2702 3511 2755 ἐπέπεσαν
3561 2685 3648 2756 ἐπ⁹

2057 2789 2178 2860 ἐμέ.
2226 2807 2244 2840 ι
2304 2787 2521 2859 Ἐπειδὴ
2568 2787 2709 2858 γὰρ,
2775 2789 2944 2860 πολλῇ
3005 2789 3289 2862 παρρησίᾳ
3345 2790 3649 2863 χρώμενος,

2057 2881 2184 2944 τοὺς
2225 2881 2316 2934 τὸν
2357 2877 2505 2934 οἷκον
2558 2881 2654 2934 τοῦ
2711 2882 2925 2954 Πατρὸς
2965 2883 3130 2936 αὐτοῦ
3170 2879 3317 2936 οἷκον
3381 2884 3649 2956 ἐμπορίου

2054 2975 2146 3026 καὶ
2222 2974 2484 3046 σπήλαιον
2545 2975 2758 3047 λῃστῶν
2833 2975 3124 3040 ποιοῦντας
3177 2976 3378 3048 ἤλεγχέ
3435 2993 3496 3030 τε
3557 2977 3652 3032 καὶ

2054 3066 2270 3141 ᾕλαυνε,
2306 3067 2497 3121 τούτου
2525 3068 2684 3140 χάριν
2741 3068 3104 3122 ἐπεϐούλευον
3142 3069 3310 3141 αὐτῷ·
3349 3069 3376 3122 ὃ
3414 3067 3477 3140 δὴ
3511 3083 3652 3140 παρ-

1970 3134 2013 3191 C
2051 3134 2261 3232 ἱστησιν
2278 3163 2306 3213 ὀ
2322 3134 2712 3233 εὐαγγελιστὴς
2724 3161 2914 3214 εἰπώνί
2937 3172 2960 3214 ι’
2975 3162 3084 3218 Καί¹
3100 3159 3168 3235 ἦν
3190 3134 3356 3232 ἐγγὺς
3372 3163 3433 3216 τὸ
3453 3134 3648 3234 Πάσχα

2049 3250 2157 3304 τῶν
2203 3251 2490 3315 Ἰουδαίων,
2524 3252 2618 3304 καὶ
2649 3251 2815 3322 ἀνέϐη
2845 3253 2874 3304 ὀ
2916 3252 3123 3325 Ἰησοῦς
3154 3255 3234 3317 είς
3275 3253 3644 3326 Ἱεροσόλυμασ

2051 3343 2145 3397 καὶ
2174 3360 2334 3416 ευρεν
2371 3346 2429 3396 ἐν
2457 3343 2534 3413 τῷ
2566 3343 2696 3415 ἱερῷ
2729 3345 3044 3410 πωλοῦντας
3081 3345 3330 3418 πρόϐατα
3364 3348 3457 3400 καὶ
3495 3346 3640 3417 βόας,

2054 3437 2148 3490 καὶ
2175 3436 2284 3489 τῶν
2320 3435 2682 3490 κολλυϐιστῶν
2705 3436 2886 3509 ἐξέχεε
2901 3440 2969 3491 τὰ
2992 3439 3239 3510 κέρματα
3268 3439 3362 3492 καὶ
3388 3439 3486 3503 τὰς
3511 3457 3642 3510 τρα-

2053 3526 2242 3593 πέζας.
2263 3529 2374 3582 Kal
2388 3530 2501 3591 τοῖς
2521 3528 2619 3592 τὰς
2636 3547 2704 3582 πε
2713 3546 2861 3600 ριστε
2871 3529 2968 3602 ρὰς
2994 3531 3265 3584 πωλοῦσιν
3281 3529 3454 3585 εἷπεντ
3485 3532 3644 3602 Ἀρα-

2050 3637 2110 3673 τε
2139 3621 2313 3674 ταῦτα
2348 3620 2617 3686 ἐντεῦθεν,
2643 3621 2738 3676 κιίι
2775 3621 2848 3693 μὴ
2883 3625 3086 3676 ποιεῖτε
3116 3623 3204 3678 τὸν
3233 3619 3380 3676 οἷκον
3413 3624 3504 3677 τοῦ
3535 3624 3644 3677 Πα-

2050 3711 2178 3784 τρός
2194 3729 2294 3782 μου
2317 3707 2463 3765 οἷκον
2483 3713 2747 3785 ἐμπορίου
2767 3723 2782 3742 ·’
2809 3732 2827 3764 ι
2859 3713 3121 3782 ἐπιλέγει·
3152 3731 3168 3765 ι
3195 3715 3575 3786 Ἐμνήσθησαν
3595 3715 3645 3766 οἱ

2056 3804 2296 3875 μαθηταὶ
2321 3804 2508 3869 αὑτοῦ,
2537 3805 2619 3858 ὅτι
2651 3807 3039 3878 γεγραμμένον
3069 3807 3236 3860 ἐστίν·
3269 3807 3326 3861 '0
3358 3806 3527 3878 ζῆλος
3548 3806 3644 3860 τοῦ

2051 3897 2201 3950 οἴκου
2239 3915 2331 3950 σου
2355 3897 2635 3969 κατέφαγέ
2662 3916 2750 3970 με.
2785 3919 2803 3952 ι
2849 3899 3010 3952 Ἀλλά
3041 3899 3280 3962 καὶτοὺς
3308 3899 3643 3970 ὀνειδισμοὺς

2050 3987 2159 4042 τῶν
2186 3989 2554 4054 ὀνειδιζόντων
2588 3990 2680 4044 τὸν
2719 3987 2850 4044 Θεὸν
2879 3993 2958 4054 εἰς
2990 3991 3181 4044 ἑαυτὸν
3219 3991 3639 4062 ἀναλαμϐάνων,

2052 4079 2263 4146 ἔκδικος
2297 4082 2512 4150 ἐγένετο
2538 4082 2760 4137 τούτων·
2779 4083 2858 4136 διὸ
2874 4083 3046 4152 έλεγε⁶
3079 4104 3097 4134 ι
3122 4085 3232 4138 Καὶ
3259 4086 3309 4136 οἱ
3343 4083 3640 4154 ὀνειδισμοὶ

2051 4175 2159 4227 τῶν
2187 4175 2552 4240 ὀνειδιζόντων
2593 4177 2656 4228 σε
2687 4176 2962 4229 ἐπέπεσαν
2984 4175 3071 4228 ἐπ’
3098 4177 3218 4248 ἐμέ.
3255 4195 3274 4230 ι
3306 4177 3380 4230 Oti
3411 4177 3518 4248 γὰρ
3545 4175 3643 4245 φέ-

2057 4288 2162 4341 ρων
2183 4273 2307 4335 τοὺς
2333 4270 2421 4324 διὰ
2456 4270 2564 4324 τῶν
2592 4270 2808 4325 οἰκείων
2833 4271 3009 4345 ἔργων
3042 4273 3244 4336 ὄνειδος
3278 4262 3641 4344 προστρίϐὀν-

2052 4379 2150 4427 τας
2170 4362 2248 4434 τῷ
2279 4359 2378 4434 τῆς
2413 4363 2717 4428 θεοσεϐείας
2757 4364 2926 4436 νόμῳ,
2961 4365 3088 4428 τοὺς
3126 4364 3379 4435 ἐλέγχους
3403 4359 3643 4417 ἐποιεῖτο

355 4456 774 4519 cohortabatur,
815 4455 1005 4510 dicens
1041 4473 1054 4509 :
1092 4473 1111 4506 ι
1155 4454 1334 4526 Super
1384 4454 1701 4510 cathedram
1744 4452 1947 4524 Moysis

2054 4453 2194 4509 κατὰ
2208 4455 2315 4509 τῶν
2347 4451 2622 4526 ἀρχόντων
2647 4455 2740 4536 τοῦ
2758 4455 2962 4521 ἔθνους.
2988 4457 3078 4509 Διὸ
3093 4460 3202 4520 τοῖς
3219 4457 3396 4527 ὄχλοις
3418 4458 3508 4510 καὶ
3522 4459 3637 4520 τοῖς

355 4547 616 4603 sederunt
647 4545 857 4600 Scriba:
879 4552 932 4600 et
965 4543 1226 4600 Pharisaei
1264 4564 1279 4600 :
1311 4546 1495 4599 omnia
1525 4561 1654 4615 ergo
1676 4558 1937 4614 quatenu-

355 4656 462 4710 que
486 4637 726 4693 dixerint
758 4635 922 4692 vobis
953 4635 1116 4690 facite
1150 4645 1203 4691 et
1231 4643 1464 4702 servate,
1484 4635 1785 4689 secundum
1809 4649 1939 4704 ope-

354 4751 417 4790 ra
441 4743 624 4790 autem
654 4749 845 4790 eorum
877 4732 1051 4787 nolite
1084 4732 1285 4788 facere.
1323 4731 1524 4786 Dicunt
1551 4732 1718 4798 enim,
1745 4738 1798 4786 et
1828 4745 1938 4783 non

353 4825 658 4884 faciunt".
709 4847 728 4877 ›
777 4824 983 4880 Deinde
1028 4840 1158 4880 vero
1197 4839 1434 4895 arguens
1484 4823 1599 4876 hare
1635 4821 1690 4875 in
1747 4835 1938 4875 eorum

353 4930 643 4986 personam
675 4914 986 4986 proferebat
1019 4932 1032 4967 :
1069 4933 1087 4966 ι
1133 4913 1226 4969 Vae
1246 4915 1426 4979 vobis,
1461 4913 1669 4967 Scribze
1710 4921 1764 4966 et
1793 4911 1937 4966 Pha-

349 5007 493 5065 risaei
524 5007 842 5078 hypocrita,
875 5008 1004 5078 quia
1028 5007 1286 5063 clauditis
1321 5022 1550 5078 regnum
1581 5006 1850 5061 cmlorum
1877 5005 1934 5060 in

349 5109 648 5171 conspectu
680 5100 961 5154 hominum
991 5101 1076 5168 ";
1118 5119 1137 5152 ι
1177 5115 1242 5154 ac
1271 5115 1492 5154 rursum
1527 5116 1540 5152 :
1584 5117 1604 5150 ι
1639 5095 1733 5152 Va:
1752 5097 1932 5162 vobis,

350 5194 557 5248 Scriba:
611 5199 666 5246 et
722 5191 1006 5256 Pharisaei,
1035 5192 1164 5261 quia
1217 5191 1424 5246 similes
1482 5189 1617 5246 estis
1663 5187 1928 5260 sepulcris

345 5285 620 5343 dealbatis
648 5286 714 5338 ⁸³.
755 5305 773 5336 ι
808 5283 890 5339 0b
929 5285 1070 5338 tales
1104 5284 1289 5354 itaque
1339 5283 1737 5352 correptiones,
1801 5279 1932 5335 insi-

347 5377 466 5434 dias
515 5378 622 5448 ipsi
659 5386 947 5448 pararunt.
1006 5376 1352 5447 Quapropter
1390 5375 1481 5429 bic
1534 5375 1654 5429 ait:
1693 5393 1711 5426 ι
1768 5366 1931 5428 Zelus

345 5472 544 5526 domus
569 5479 676 5524 tuae
693 5470 930 5525 comedit
951 5485 1058 5535 me,
1082 5480 1135 5524 et
1156 5468 1449 5540 opprobria
1478 5465 1929 5536 exprobrantium

346 5564 445 5623 tibi
480 5564 799 5621 ceciderunt
828 5578 994 5633 super
1016 5577 1122 5618 me.
1150 5561 1216 5614 Et
1245 5561 1438 5632 operui
1467 5561 1522 5614 in
1567 5559 1780 5629 jejunio
1811 5556 1932 5610 ani-

421 5723 462 5754 “
499 5719 654 5774 Joan.
702 5735 777 5783 ιι,
815 5719 907 5774 29.
985 5720 1027 5750 ¹⁵
1065 5718 1220 5772 Joan.
1264 5731 1384 5780 vm,
1425 5711 1514 5770 43.
1593 5715 1639 5746 “
1679 5713 1812 5770 ibid.
1855 5711 1944 5768 48.

2052 5713 2064 5742 ⁷
2103 5709 2260 5764 Joan.
2306 5727 2358 5780 ν,
2404 5712 2490 5765 45.

344 5795 392 5828 ⁸³
417 5791 608 5847 Matth.
651 5807 813 5855 smn,
850 5791 903 5854 2,
946 5791 998 5843 '5.
1076 5791 1118 5820 ²¹
1161 5789 1291 5842 ibid.
1325 5789 1377 5842 ’5.
1456 5789 1500 5818 ’³
1543 5784 1676 5841 ibid.
1725 5784 1815 5836 Ἦ.

2051 4547 2320 4618 μαθηταῖς
2345 4548 2510 4600 αὐτοῦ
2544 4543 2987 4620 παρῄνειλέγωνί
3023 4570 3041 4601 ι
3087 4550 3208 4602 Ἐπὶ
3233 4549 3334 4620 τῆς
3366 4549 3636 4619 καθέδρας

2044 4639 2322 4702 Μωῦσέως
2359 4639 2619 4694 ἐκάθισαν
2651 4643 2699 4694 οἱ
2729 4641 3080 4713 Γραμματεῖς
3107 4642 3201 4694 καὶ
3241 4643 3290 4694 οἱ
3317 4643 3636 4712 Φαρισαῖον

2045 4729 2222 4782 πάντα
2249 4726 2342 4784 οῦν
2362 4721 2462 4786 ὅσα
2485 4730 2550 4784 ἂν
2585 4731 2812 4786 εἴπωσιν
2836 4721 2964 4804 ύμῖν
2998 4735 3259 4805 ποιήσατε
3277 4733 3369 4787 καὶ
3394 4735 3631 4804 τηρεῖτν

2045 4821 2186 4875 κατὰ
2215 4822 2271 4874 δὲ
2305 4823 2372 4876 τὰ
2398 4823 2534 4895 ἔργα
2563 4823 2740 4878 αὐτῶν
2778 4826 2852 4896 μὴ
2883 4825 3105 4878 ποιεῖτε.
3135 4825 3370 4894 Λέγουσι
3398 4825 3506 4896 γὰρ
3541 4824 3634 4877 καὶ

2043 4916 2105 4968 οὐ
2137 4914 2401 4970 ποιοῦσιν.
2435 4936 2453 4968 ι
2486 4911 2742 4990 Εἷθ“έξῆς
2768 4919 3085 4990 ἀπελέγχων
3114 4921 3311 4983 αὐτοὺς
3339 4911 3418 4983 εἰς
3451 4919 3632 4973 α’ύτῶν

2043 5009 2332 5080 πρόσωπον
2367 5001 2571 5079 ἔλεγεν·
2595 5031 2612 5063 ι
2638 5013 2774 5066 Οὐαὶ
2803 5003 2953 5082 ὑμῖν,
2972 5003 3324 5086 Γραμματεῖς
3342 5016 3436 5068 καὶ
3466 5015 3633 5084 Φαρι-

2045 5105 2184 5156 σαῖοι
2220 5099 2536 5176 ὑποκριταὶ,
2567 5095 2647 5159 ὅτι
2669 5107 2878 5159 κλείετε
2903 5106 3000 5178 τὴν
3027 5106 3303 5177 βασιλείαν
3328 5105 3436 5160 τῶν
3467 5107 3636 5178 οὐρα--

2039 5193 2146 5246 νῶν
2176 5193 2486 5267 ἔμπροσθεν
2519 5194 2628 5248 τῶν
2665 5195 2998 5266 ἀνθρώπων·
3041 5218 3057 5248 ι
3104 5198 3196 5250 καὶ
3236 5195 3416 5250 πάλιν·
3453 5215 3469 5246 ι
3494 5195 3630 5248 Οὐαὶ

2033 5283 2182 5354 ὑμῖν,
2219 5287 2568 5356 γραμματεῖς
2607 5284 2700 5338 καὶ
2736 5287 3050 5357 Φαρισαῖοι,
3102 5287 3182 5339 ὅτι
3225 5283 3629 5357 παρομοιάζετε

2031 5375 2223 5445 τάφοις
2273 5371 2694 5446 κεκονιαμένοις.
2729 5396 2747 5427 ι
2789 5375 2908 5429 Τῶν
2952 5376 3080 5446 γοῦν
3115 5376 3368 5429 τοιούτων
3391 5376 3629 5445 ἐλέγχων

2033 5465 2196 5519 ἕνεκα
2215 5467 2312 5538 τὴν
2330 5465 2618 5539 ἐπιϐουλὴν
2638 5467 2785 5538 αύτῷ
2814 5469 3288 5522 συνεσκευάσαντο.
3323 5467 3521 5538 Διόπερ
3543 5468 3633 5518 ἐνί

2037 5554 2210 5610 ταῦθά
2227 5573 2411 5628 φησιν’
2448 5576 2465 5607 ι
2490 5557 2547 5609 Ὀ
2579 5556 2739 5626 ζῆλος
2768 5556 2862 5611 τοῦ
2892 5557 3040 5611 οἴκου
3082 5576 3172 5610 σου
3207 5557 3486 5627 κατέφαγέ
3519 5573 3584 5626 με
3609 5592 3628 5618 ,

2605 5712 2647 5744 ιε
2687 5711 2842 5768 Joan.
2889 5729 2949 5778 η,
2992 5685 3156 5768 4546
3282 5715 3324 5745 οι
3354 5712 3486 5768 ibid.
3532 5708 3621 5764 Π.
