4056 6400
434 363 526 417 7M

1555 352 2063 411 COMMENTARIA
2101 354 2168 410 IN
2208 355 2550 415 PSALMOS.

3580 365 3683 421 ’Ζιίὲ

430 481 522 535 καὶ
550 482 599 533 oi
630 476 923 549 ὀνειδισμοὶ
951 476 1060 531 τῶν
1098 474 1463 539 ὀνειδιζόντων
1514 491 1573 527 σε
1608 474 1880 528 ἐπέπεσαν
1912 472 1999 526 ἐπ’

2104 489 2246 527 mam
2304 490 2502 544 meam,
2544 486 2599 532 et
2627 475 2829 534 factum
2868 478 3030 536 estin
3062 478 3411 549 opprobrium
3464 480 3616 537 mihi.
3657 502 3675 533 ι

430 563 552 643 ἐμέ.
644 571 755 624 Καὶ
819 567 1162 637 συνεκάλυψα
1237 568 1295 619 ἐν
1370 566 1595 637 νηστείᾳ
1661 564 1760 635 τὴν
1820 564 1998 635 ψυχήν

432 680 537 737 μου
565 702 581 727 ,
628 663 722 716 καὶ
780 658 1012 730 ἐγενήθη
1070 661 1151 722 είς
1208 658 1545 728 ὀνειδισμοὺς
1602 657 1744 727 ἐμοί.
1787 677 1805 708 ι
1869 657 1999 708 Ὅτε

432 754 555 828 μὲν,
601 753 784 825 φησὶν,
834 752 1017 823 ἐώρων
1067 750 1158 804 τὸν
1207 751 1297 803 σὸν
1341 746 1487 804 οἶκον
1536 749 1716 819 πάσης
1759 745 1999 819 πληρού·

434 863 592 917 μενον
630 843 878 913 ἀνομίας,
904 843 997 896 καὶ
1032 843 1161 896 ποτέ
1196 842 1292 913 μὲν
1318 841 1634 912 γιγνόμενον
1660 836 1806 893 οἷκον
1839 841 2003 909 ἐμπο-

432 936 568 1008 ρίου,
597 935 724 988 ποτὲ
749 935 805 988 δὲ
822 934 1083 1005 σπήλαιον
1106 932 1335 1006 λῃστῶν,
1369 930 1708 1003 πυρούμενος
1733 926 1999 983 ὑπὸ’θείου

430 1029 614 1101 ζήλου,
641 1027 868 1099 ἦλαυνον
898 1028 1023 1091 τοὺς
1051 1026 1196 1079 ἑνδον
1225 1024 1695 1097 παρανομοῦντας·
1736 1022 1872 1076 άλλά
1906 1020 2000 1076 καὶ

426 1120 517 1175 ὅτε
564 1121 687 1184 ταῖς
723 1119 931 1173 ἑαυτῶν
954 1118 1233 1189 ἀθεμίτοις
1280 1117 1542 1189 πράξεσιν
1584 1116 1786 1179 ὄνειδος
1837 1132 1995 1186 περι-

425 1213 596 1285 ῆπτόν
612 1230 693 1265 σοι
705 1210 782 1282 τῷ
801 1211 940 1282 Θεῷ,
957 1206 1016 1265 οὗ
1032 1210 1127 1281 τὴν
1143 1210 1450 1264 θεοσέϐειαν
1462 1209 1874 1281 ἐπηγγέλλοντο,
1896 1207 2000 1261 πά-

424 1303 507 1360 λιν
537 1306 617 1368 είς
654 1303 843 1357 ἑαυτὸν
905 1302 1298 1373 ἀναλαμϐάνων
1340 1304 1467 1365 τοὺς
1505 1301 1776 1364 τοιούτους
1814 1299 2000 1354 ὀνειδι-

427 1397 616 1467 σμοὺς,
632 1392 1018 1466 ἠναγκαζόμην
1034 1393 1314 1465 παρρησίᾳ
1329 1392 1585 1464 χρῆσθαι,
1605 1392 1833 1446 καὶτοὺς
1848 1391 1999 1460 ἐλέγ-

424 1504 553 1558 χους
580 1489 761 1550 αὐτοῖς
793 1484 1201 1557 θεραπευτικῶς
1234 1485 1580 1557 προσφέρειν·
1618 1486 1707 1538 ὅτε
1726 1484 1782 1537 δέ
1812 1482 1997 1554 ἐώρων

423 1579 762 1649 ἀναισθήτως
791 1578 987 1639 αὐτοὺς
1006 1575 1248 1646 ἔχοντας,
1271 1576 1365 1629 καὶ
1399 1576 1473 1646 μὴ
1501 1576 1997 1648 ἐπιστρεφομένους

421 1671 549 1734 τοὺς
580 1670 746 1740 ἐμοὺς
772 1668 1052 1739 ἐλέγχους,
1095 1667 1523 1738 ἀποκλαιόμενος
1551 1667 1731 1721 αὐτῶν
1766 1666 1865 1738 τὴν
1888 1668 1996 1720 ἀπ-

421 1762 637 1825 ώλειαν,
676 1762 960 1833 ἐνήστευον
993 1761 1085 1814 καὶ
1107 1760 1437 1813 κατεπόνουν
1471 1761 1705 1831 ἐμαυτὸν
1722 1760 1862 1831 ὑπὲρ
1896 1760 1995 1814 αὑ-

419 1851 548 1907 τῶν.
582 1855 642 1907 Οἱ
674 1851 731 1905 δὲ
767 1852 859 1905 καὶ
890 1851 1063 1916 οὕτως
1096 1849 1367 1915 ὠνείδιζόν
1412 1868 1502 1921 μοι
1533 1851 1875 1923 διασύροντες
1904 1851 1996 1904 καὶ

420 1943 770 2016 χλευάζοντες
787 1943 883 2015 τὴν
910 1944 1048 2015 ἐμὴν
1079 1942 1350 2014 νηστείαν.
1375 1943 1705 2014 Βουλόμενος
1726 1943 1783 1996 δέ
1814 1945 1996 2006 αὐτοῖς

421 2032 783 2106 ὑπογραμμὸν
815 2032 1105 2104 μετανοίας
1126 2030 1418 2094 δεικνύναι,
1445 2032 1505 2085 ού
1543 2031 1702 2102 μόνον
1720 2032 1997 2100 νηστείαις

418 2123 653 2199 ἐμαυτὸν
685 2125 1032 2188 κατεπόνουν,
1063 2123 1198 2177 ἀλλὰ
1228 2123 1321 2177 καὶ
1355 2123 1416 2176 τὸ
1436 2122 1639 2194 ἑνδυμά
1667 2139 1767 2194 μου
1795 2122 1996 2176 σάκκον

419 2217 741 2289 ἐποιούμην,
773 2216 1018 2281 κολάζων
1050 2216 1142 2269 καὶ
1181 2214 1590 2287 τιμωρούμενος
1621 2213 1718 2285 τὴν
1754 2212 1995 2285 ἐμαυτοῦ

419 2310 620 2380 σάρκα,
650 2308 799 2380 αύτῷ
819 2326 879 2362 τε
905 2308 1051 2380 ἔργῳ
1081 2307 1282 2380 τρόπον
1305 2305 1744 2377 ἐξομολογήσεως
1762 2307 1856 2361 καὶ
1888 2306 1995 2361 τῶν

417 2401 699 2474 προτέρων
745 2400 1160 2473 ἁμαρτημάτων
1198 2399 1519 2470 καθάρσεως
1567 2398 1875 2462 ἐπιδεικνὺς
1901 2398 1997 2452 αὑ-

415 2497 550 2558 τςῖς.
586 2495 647 2547 υἱ
680 2494 738 2549 δέ
759 2488 853 2548 καὶ
884 2493 1053 2547 ταῦτα
1070 2492 1336 2563 γελῶντες
1357 2493 1478 2546 ἀντὶ
1500 2492 1818 2564 παραϐολῆς
1838 2509 1906 2563 με
1920 2487 1997 2544 εῖ-

415 2602 532 2657 χον,
565 2586 946 2657 συνερχόμενοι
983 2586 1082 2657 μέν
1107 2585 1223 2656 ἅμα
1254 2585 1348 2639 καὶ
1380 2585 1515 2657 πρὸς
1529 2589 1648 2649 ταῖς
1663 2583 1870 2638 ἑαυτῶν
1889 2581 1997 2638 πύ-

416 2676 536 2741 λαις
568 2675 940 2747 καθεζόμενοι,
975 2674 1154 2730 πᾶσαν
1175 2674 1352 2747 δὲτὴν
1382 2677 1591 2731 ἑαυτῶν
1622 2676 1836 2747 ὁμιλίαν
1867 2675 1996 2749 περὶ⁸

417 2765 553 2838 ἐμοῦ
582 2766 925 2838 ποιούμενοι,
971 2765 1067 2821 καὶ
1100 2769 1383 2838 μονονουχὶ
1415 2763 1828 2838 ἁδολεσχοῦντες
1861 2767 1996 2840 πρὸς

415 2858 680 2930 ἀλλήλους
712 2860 769 2911 ἐν
797 2858 864 2930 τῇ
888 2855 1008 2913 κατ’
1029 2859 1163 2930 ἐμοῦ
1193 2859 1376 2932 χλεύῃ.
1415 2859 1527 2913 Ούκ
1546 2861 1785 2932 ἀπήρκει
1813 2861 1868 2915 δέ
1898 2862 1997 2914 αύ-

414 2952 528 3013 τοῖς
568 2946 842 3021 διασύρειν
872 2951 966 3003 καὶ
1010 2948 1294 3021 χλευάζειν
1336 2951 1434 3014 τὰς
1465 2949 1604 3022 ἐμὰς
1634 2949 1774 3025 ὑπὲρ
1815 2952 1995 3006 αὐτῶν

412 3039 708 3113 ἀσκήσεις,
747 3040 882 3095 ἀλλά
915 3042 1010 3095 καὶ
1045 3038 1326 3112 συμπόσια
1363 3044 1819 3115 συγκροτοῦντες,
1853 3046 1994 3117 ᾠδὰς

2101 564 2261 631 Cum,
2292 564 2725 638 inquit,domum
2766 577 2915 625 tuam
2944 569 3186 626 viderem
3220 572 3367 626 omni
3397 571 3683 641 iniquitate

2102 658 2389 728 repletam,
2411 670 2464 714 et
2488 661 2651 716 modo
2682 663 2908 717 domum
2942 662 3350 734 negotiationis,
3371 663 3531 718 modo
3560 681 3684 733 spe-

2102 749 2320 805 luncam
2354 753 2628 807 latronum
2679 753 2949 819 effectam,
2994 755 3183 810 divino
3223 755 3488 813 incensus
3542 759 3679 821 zelo,

2100 854 2196 896 eos
2242 843 2337 911 qui
2384 843 2531 898 intus
2566 844 2915 914 iniquitatem
2951 848 3326 916 operabantur
3374 848 3533 918 ejeci.
3569 849 3683 904 imo

2098 933 2264 989 etiam
2305 951 2431 990 cum
2460 936 2691 994 nefariis
2722 940 2891 1009 gestis
2918 941 3033 993 suis
3062 941 3416 1009 opprobrium
3447 943 3545 996 tibi
3572 942 3683 998 Deo

2099 1026 2385 1096 inferrent,
2407 1045 2535 1100 erga
2565 1046 2726 1100 quem
2768 1038 2950 1086 tamen
2985 1031 3307 1102 religionem
3343 1033 3683 1102 proﬁteban-

2098 1129 2208 1184 tur,
2246 1119 2301 1174 in
2332 1134 2417 1174 me
2444 1135 2664 1174 rursum
2694 1121 2987 1191 opprobria
3024 1120 3340 1189 hujusmodi
3388 1123 3683 1192 recipiens,

2097 1213 2431 1267 necessitate
2458 1212 2802 1282 compulsus,
2838 1214 3216 1283 correptiones
3246 1214 3383 1284 ipsis
3407 1216 3474 1270 ad
3507 1232 3685 1271 reme-

2095 1303 2247 1358 dium
2291 1304 2666 1360 admovebam.
2720 1304 2792 1359 Ut
2847 1306 3099 1361 videbam
3159 1315 3340 1362 autem
3377 1309 3499 1365 illos
3531 1310 3684 1365 nullo

2097 1412 2263 1453 sensu
2308 1397 2537 1460 moveri,
2567 1412 2743 1467 neque
2777 1388 3103 1467 resipiscere
3145 1416 3212 1454 ex
3259 1401 3685 1469 reprehensione

2096 1501 2238 1550 mea,
2260 1502 2451 1541 eorum
2486 1488 2782 1557 perniciem
2809 1487 3102 1558 deplorans
3129 1487 3465 1558 jejunabam,
3490 1507 3685 1563 meque

2097 1577 2312 1631 illorum
2340 1591 2507 1632 causa
2533 1576 2998 1632 macerabam.llli
3028 1588 3208 1632 autem
3235 1586 3369 1633 tunc
3394 1580 3555 1634 etiam
3580 1596 3680 1636 ex-

2097 1667 2437 1737 probrabant
2459 1666 2616 1732 mihi,
2636 1674 2690 1722 et
2714 1666 2982 1736 jejunium
3008 1682 3186 1722 meum
3206 1668 3447 1738 profusis
3460 1670 3687 1725 cachin—

2095 1758 2186 1812 nis
2213 1757 2537 1812 irridebant.
2566 1757 2703 1813 Cum
2747 1758 2940 1813 vellem
2974 1772 3140 1828 porro
3172 1761 3480 1830 exemplum
3508 1762 3684 1831 paeni—

2100 1848 2283 1902 tentia:
2314 1847 2450 1917 ipsis
2483 1863 2811 1919 proponere,
2855 1864 2964 1903 non
2996 1850 3158 1905 modo
3187 1850 3418 1921 jejuniis
3448 1867 3536 1907 me
3566 1867 3682 1906 ma-

2099 1940 2374 2007 cerabam,
2410 1939 2506 1994 sed
2538 1940 2705 1994 etiam
2748 1955 2848 2011 pro
2894 1942 3223 1999 vestimento
3258 1943 3529 2012 ponebam
3558 1945 3685 1998 cili-

2100 2033 2268 2098 cium,
2293 2043 2514 2087 carnetn
2572 2047 2748 2087 meam
2809 2034 3088 2104 castigans
3128 2043 3185 2090 et
3226 2036 3482 2105 puniens,
3519 2046 3685 2107 atque

2100 2126 2221 2197 ipso
2270 2141 2435 2196 opere
2480 2124 2701 2180 modum
2735 2126 3103 2183 confessionis
3129 2136 3294 2199 atque
3345 2130 3686 2199 purgationis

2099 2215 2459 2286 pristinorum
2486 2225 2836 2287 peccatorum
2865 2217 3004 2287 ipsis
3039 2221 3570 2277 commonstrabam.
3607 2221 3687 2276 Illi

2098 2325 2228 2365 vero
2274 2310 2390 2365 haec
2432 2325 2655 2381 quoque
2684 2308 3001 2366 deridentes
3021 2326 3122 2383 pro
3161 2313 3420 2382 parabola
3461 2330 3546 2369 me
3588 2316 3686 2369 ha-

2098 2404 2356 2467 buerunt,
2385 2404 2550 2459 simul
2578 2404 2993 2469 convenientes,
3021 2412 3076 2460 et
3118 2405 3187 2459 ad
3221 2413 3407 2475 portas
3437 2420 3568 2461 suas
3598 2422 3689 2462 se-

2097 2494 2310 2560 dentes,
2343 2495 2410 2549 de
2441 2511 2527 2551 me
2573 2511 2679 2550 una
2735 2495 3008 2565 colloquia
3054 2496 3374 2562 miscentes,
3401 2514 3466 2554 ac
3495 2506 3687 2552 mutuo

2098 2599 2273 2656 nugas
2314 2593 2638 2655 spargentes
2674 2586 2805 2640 dum
2850 2601 2936 2639 me
2988 2585 3311 2643 irriderent.
3372 2588 3562 2660 Neque
3599 2597 3690 2646 sat

2097 2677 2207 2730 illis
2239 2674 2340 2729 fuit
2369 2676 2517 2746 quod
2557 2692 2643 2732 me
2675 2677 3018 2741 deluderent,
3050 2687 3215 2750 atque
3249 2680 3319 2734 ob
3344 2696 3463 2735 mea
3494 2696 3594 2751 pro
3622 2682 3689 2735 il-

2097 2768 2165 2822 lis
2194 2775 2450 2838 suscepta
2482 2769 2746 2823 exercitia
2781 2768 3077 2823 ridiculum
3112 2781 3368 2841 agerent;
3394 2770 3489 2825 sed
3519 2770 3686 2824 etiam

2098 2861 2352 2914 convivia
2385 2868 2634 2930 agentes,
2666 2861 2971 2916 cantilenas
2998 2861 3140 2915 vino.
3161 2862 3302 2931 capti
3341 2869 3397 2916 et
3443 2861 3603 2924 ebrii,
3631 2860 3685 2914 in

2097 2968 2184 3006 me
2210 2950 2615 3006 debacchantes
2638 2950 2895 3005 edebant.
2933 2950 3052 3018 Qua
3090 2947 3157 3006 de
3194 2967 3360 3005 causa
3381 2966 3482 3021 ego
3513 2951 3688 3004 multo

2097 3043 2274 3113 magis
2297 3024 2610 3113 aperiebam
2648 3043 2702 3097 in
2731 3043 2943 3113 jejunio
2990 3043 3230 3097 animam
3264 3058 3459 3103 meam,
3494 3050 3548 3097 et
3586 3057 3686 3111 po-

412 3134 509 3188 καὶ
535 3134 755 3206 ᾅσματα
784 3137 863 3199 εις
887 3130 986 3205 ἐμὲ
1008 3130 1287 3205 διεξῄεσαν
1306 3135 1748 3205 οίνοφλυγοῦντες
1774 3138 1867 3191 καὶ
1898 3156 1994 3209 με-

2102 3122 2293 3190 nebam
2319 3134 2705 3189 vestimentum
2750 3150 2931 3189 meum
2961 3134 3227 3197 cilicium,
3262 3134 3488 3188 exitium
3541 3133 3691 3202 ipso-

413 3219 739 3297 θυσκόμενοι
767 3228 824 3280 ἐν
849 3229 969 3289 ταῖς
999 3222 1117 3279 κατ⁴
1148 3220 1283 3296 ἐμοῦ
1304 3227 1630 3297 παροινίαις.
1667 3229 1782 3298 Ἐφ’
1813 3225 1893 3294 οἷς
1911 3230 1993 3285 ἔτι

2104 3242 2223 3280 rum
2247 3227 2560 3297 deplorans.
2592 3224 2792 3293 Quare,
2813 3224 3116 3282 secundum
3145 3225 3421 3295 Aquilam,
3446 3224 3646 3279 dicitur

416 3319 614 3391 μᾶλλον
641 3317 752 3388 ἐγὼ
782 3319 1181 3375 συνεκάλυπτον
1215 3320 1273 3371 ἐν
1305 3315 1529 3393 νηστείᾳ
1551 3318 1650 3393 τὴν
1673 3321 1850 3394 ψυχήν
1876 3341 1999 3395 μου,

413 3411 510 3466 καὶ
544 3407 801 3484 ἐτιθέμην
829 3410 891 3465 τὸ
926 3411 1131 3484 ἐνδυμά
1162 3429 1262 3483 μου
1298 3412 1523 3477 σάκκον,
1554 3412 1653 3485 τὴν
1688 3414 1869 3469 αὐτῶν
1891 3417 2001 3469 άπ-

412 3496 611 3557 ὡλειαν
644 3502 1090 3576 ἀποκλαιόμενος.
1115 3505 1207 3559 Διὸ
1244 3503 1383 3559 κατά
1404 3503 1497 3559 τὸν
1513 3500 1743 3559 Ἀκύλαν
1758 3506 1997 3578 εῖρηται⁸

419 3615 438 3645 ι
480 3595 593 3648 Καὶ
635 3594 877 3649 ἔκλαυσα
898 3596 955 3648 ἐν
995 3590 1220 3667 νηστεία
1249 3595 1429 3666 ψυχήν
1473 3613 1576 3666 μου
1596 3636 1611 3662 ,
1642 3597 1738 3652 καὶ
1766 3596 2001 3671 ἐγενήθη

414 3688 496 3752 εἰς
517 3687 853 3759 ὀνειδισμοὺς
881 3685 1024 3759 ἐμοί.
1043 3689 1155 3741 Καὶ
1180 3687 1379 3742 ἔδωκεν
1403 3684 1614 3743 ἑνδυσίν
1643 3707 1744 3760 μου
1770 3689 1997 3754 σάκκον,

413 3778 511 3832 καὶ
544 3778 813 3849 ἐγενόμην
835 3779 1019 3841 αὐτοῖς
1042 3773 1122 3842 είς
1139 3778 1475 3851 παραϐολήν.
1516 3778 1767 3851 Ὢμίλουν
1789 3781 1848 3833 ἐν
1877 3781 2002 3851 ἐμοὶ⁹

412 3868 712 3942 καθήμενοι
746 3866 950 3942 πύληνο
1019 3870 1113 3924 καὶ
1144 3865 1349 3942 ψαλμοὶ
1386 3870 1647 3924 πινόντων
1666 3871 1936 3942 μέθυσμα.
1976 3890 1995 3923 ι

412 3959 557 4016 κατὰ
583 3958 642 4013 δέ
669 3958 759 4014 τὸν
781 3954 1095 4031 Σύμμαχον·
1131 3977 1149 4011 ι
1190 3959 1302 4012 Καὶ
1328 3958 1546 4014 κλάοντι
1582 3958 1721 4030 μετὰ
1748 3959 2004 4029 νηστείας

411 4049 513 4123 τὴν
544 4046 722 4121 ψυχήν
754 4065 854 4122 μου
885 4049 1100 4120 ἐγένετο
1133 4047 1213 4115 είς
1242 4050 1440 4114 ὄνειδος
1474 4051 1617 4121 ἐμοί.
1647 4050 1759 4105 Kal.
1786 4050 2002 4105 τάσσων

412 4142 477 4199 τὸ
499 4139 700 4217 ἐνδυμά
722 4162 825 4217 μου
857 4143 1080 4211 σάκκον,
1103 4142 1198 4199 καὶ
1219 4144 1485 4215 ἐγενόμην
1511 4144 1694 4207 αὐτοῖς
1713 4147 1793 4208 εἰς
1825 4161 2005 4216 παρα-

414 4232 602 4306 ϐολήν.
634 4236 931 4309 Διηγοῦντό
963 4254 1030 4309 με
1075 4237 1373 4309 καθήμενοι
1405 4239 1462 4289 ἐν
1494 4236 1636 4308 πύλῃ
1655 4277 1670 4301 ,
1705 4237 1799 4291 καὶ
1840 4235 2004 4306 ἔψαλ-

413 4325 508 4380 λόν
539 4343 608 4397 με
664 4328 712 4380 οἱ
754 4326 1003 4391 πίνοντες
1045 4322 1322 4399 μέθυσμα.
1367 4347 1386 4380 ι
1438 4327 1598 4381 Ἀλλὰ
1634 4327 1845 4393 τούτοις
1879 4345 2005 4382 συν-

2109 3337 2127 3370 ι
2169 3318 2236 3375 Et
2274 3320 2485 3390 ploravi
2539 3319 2594 3375 in
2621 3319 2836 3391 jejunio
2864 3319 3102 3375 animam
3154 3334 3354 3384 meam,
3381 3327 3436 3374 et
3479 3318 3685 3374 factum

2104 3416 2189 3463 est
2224 3411 2279 3465 in
2304 3409 2603 3481 opprobria
2631 3409 2787 3463 mihi.
2819 3405 2887 3463 Et
2915 3407 3067 3464 dedit
3089 3409 3477 3464 vestimentum
3503 3422 3683 3463 meum

2105 3511 2424 3567 saccum,et
2455 3501 2636 3558 factus
2668 3517 2790 3557 sum
2819 3500 2930 3557 illis
2950 3501 3004 3555 in
3037 3500 3373 3571 parabolam.
3405 3498 3691 3570 Colloquc—

2106 3593 2309 3649 bantur
2354 3593 2409 3648 in
2451 3609 2538 3649 me
2570 3593 2825 3649 sedentes
2852 3592 2921 3648 ad
2972 3600 3185 3664 portam
3234 3611 3247 3647 :
3289 3598 3344 3647 et
3375 3591 3570 3662 psalmi
3605 3592 3660 3646 bi

2103 3686 2349 3742 hentium
2382 3687 2738 3754 ebrietatem;
2776 3706 2798 3739 ι
2829 3684 3131 3742 secundum
3170 3683 3559 3756 Symmachum
3587 3698 3688 3737 au-

2104 3786 2215 3833 tem
2246 3798 2260 3834 :
2302 3797 2319 3827 ι
2361 3776 2429 3831 Et
2466 3778 2706 3848 ploranti
2738 3784 2861 3848 post
2880 3777 3092 3848 jejunia
3116 3773 3354 3831 animam
3381 3791 3578 3838 meam,
3611 3773 3691 3829 fa-

2104 3882 2252 3925 ctum
2300 3879 2386 3927 est
2408 3870 2463 3925 in
2495 3869 2849 3941 opprobrium
2885 3864 3121 3923 mihLEt
3154 3885 3365 3939 ponens
3398 3867 3690 3921 indumen-

2104 3970 2218 4016 tum
2248 3977 2429 4015 meum
2462 3976 2707 4024 saccum,
2739 3967 2795 4015 et
2830 3959 3010 4016 factus
3050 3976 3173 4014 sum
3215 3960 3324 4015 illis
3371 3959 3425 4013 in
3455 3957 3687 4028 parabo-

2103 4051 2236 4107 lam.
2265 4050 2612 4105 Enarrabant
2654 4066 2742 4104 me
2766 4049 3018 4104 sedentes
3062 4050 3118 4103 in
3171 4058 3351 4118 porta,
3388 4056 3442 4102 et
3476 4047 3646 4117 psalle

2104 4144 2238 4199 bant
2261 4158 2348 4199 me
2368 4142 2620 4198 bibentes
2650 4141 2991 4197 ebrietatem.
3026 4160 3044 4192 ›
3075 4139 3142 4193 At
3173 4140 3367 4194 horum
3399 4140 3689 4195 occasione

2103 4233 2517 4305 disquirendum
2547 4242 2654 4298 est,
2688 4249 2787 4288 cur
2813 4248 2843 4286 a
2871 4228 3164 4287 Servatore
3188 4231 3397 4285 dictum
3432 4231 3486 4284 in
3514 4229 3662 4283 Evan

2102 4328 2244 4399 gelio
2278 4325 2443 4382 fuerit
2478 4346 2491 4382 :
2527 4345 2546 4379 ι
2588 4320 2753 4383 Venit
2802 4322 3044 4383 Joannes
3099 4339 3278 4394 neque
3327 4322 3688 4381 mantlucans.

415 4412 669 4478 εξετάσαι
695 4415 1010 4484 ἀναγκαῖον,
1043 4416 1160 4481 πῶς
1175 4417 1387 4489 εἴρηται
1421 4416 1527 4469 ὑπὸ
1541 4417 1634 4470 τοῦ
1666 4418 1918 4489 Σωτῆρος
1943 4419 1999 4472 ἐν

2106 4432 2285 4487 neque
2322 4418 2538 4483 bibens,
2574 4425 2630 4472 et
2659 4417 2892 4472 dicunt:
2928 4414 3267 4470 Dtemonium
3317 4413 3498 4466 habet.
3528 4407 3692 4464 Venit

416 4501 790 4572 Εὐαγγελίοις·
831 4522 850 4556 ι
882 4499 1086 4558 Ἦλθεν
1142 4505 1393 4577 Ἰωάννης
1443 4506 1578 4577 μήτε
1622 4504 1816 4558 ἐσθίων
1861 4505 1999 4576 μήτε

2104 4507 2276 4565 Filius
2316 4507 2556 4564 hominis
2603 4510 2944 4565 manducans
2993 4516 3047 4563 et
3095 4507 3312 4570 bibens,
3344 4515 3396 4560 et
3447 4494 3687 4557 dicunt:

418 4593 617 4658 πίνων,
656 4595 750 4649 καὶ
775 4594 1045 4663 λέγουσιν·
1091 4597 1377 4668 Δαιμόνιον
1411 4598 1543 4669 ἔχει.
1571 4594 1774 4651 Ἦλθεν
1811 4600 1840 4651 ὀ
1872 4598 1999 4661 Υἱὸς

2106 4603 2247 4657 Ecce
2276 4602 2442 4656 homo
2467 4617 2633 4657 vorax
2673 4608 2729 4656 et
2768 4608 2987 4671 potator
3016 4599 3149 4663 vini,
3184 4597 3603 4668 publicanorum
3636 4600 3692 4648 et

416 4684 517 4739 τοῦ
543 4684 830 4756 ἀνθρώπου
856 4679 1051 4738 ἐσθίων
1079 4687 1171 4739 καὶ
1203 4688 1394 4753 πίνων,
1429 4689 1523 4741 καὶ
1559 4688 1828 4757 λέγουσιν*
1869 4688 1999 4742 Ἰδοὺ

2109 4699 2457 4763 peccatorum
2500 4695 2713 4749 amicus
2733 4693 2801 4746 ’³.
2832 4713 2851 4745 ι
2882 4692 2988 4747 Sed
3017 4692 3169 4747 dicas
3198 4689 3313 4743 haec
3338 4686 3495 4741 initio
3516 4683 3692 4737 Evano

419 4775 709 4849 ἄνθρωπος
743 4777 915 4847 φάγος
943 4778 1037 4831 καὶ
1068 4779 1352 4849 οἰνοπότης
1373 4820 1388 4846 ,
1432 4780 1679 4835 τελωνῶν
1711 4781 1865 4850 φίλος
1910 4781 1999 4835 καὶ

2111 4781 2234 4850 gelii
2259 4780 2403 4836 facta
2432 4796 2577 4847 esse,
2606 4779 2829 4852 quando
2855 4797 2922 4837 eo
2944 4778 3091 4852 quod
3122 4776 3379 4847 discipuli
3413 4774 3534 4844 ejus
3581 4788 3689 4827 non

421 4864 787 4941 ἁμαρτωλῶν.
813 4889 832 4921 ι
862 4864 1000 4923 Ἀλλ’
1019 4872 1164 4942 ἐρεῖς
1178 4870 1350 4925 ταῦτα
1375 4874 1494 4925 κατ’
1515 4873 1690 4944 ἀρχὰς
1714 4870 1808 4927 τοῦ
1825 4872 2005 4943 Εὐαγ-

420 4960 608 5031 γελιου
631 4960 954 5032 .γίγνεσθαι,
990 4963 1080 5016 ὅτε
1107 4961 1194 5015 διὰ
1224 4962 1287 5015 τὸ
1323 4963 1396 5035 μὴ
1427 4964 1706 5034 νηστεύειν
1737 4967 1862 5029 τοὺς
1903 4983 2008 5037 μα-

424 5053 597 5125 θητὰς
619 5048 804 5121 αὐτοῦ,
835 5054 932 5125 τὴν
957 5055 1098 5126 ὑπὲρ
1126 5054 1301 5108 αὐτῶν
1330 5054 1623 5125 ἀπολογίαν
1666 5056 2008 5128 ποιούμενος,

423 5147 665 5216 ἔφασκεν
684 5164 697 5176 ·
725 5165 742 5198 ι
753 5143 827 5215 υύ
840 5140 1090 5200 δύνανται
1105 5148 1154 5200 ot
1176 5146 1281 5199 υἱοὶ
1293 5144 1386 5199 τοῦ
1402 5148 1691 5218 νυμφῶνος
1704 5146 2006 5219 νηστεύειν,

425 5237 514 5307 ἐφ’
544 5233 668 5291 ὅσον
700 5238 815 5307 μετ’
842 5237 1021 5291 αὐτῶν
1045 5241 1192 5291 ἐστιν
1225 5238 1254 5290 ὀ
1280 5237 1513 5309 νυμφίος
1531 5254 1545 5269 ο
1573 5238 1871 5311 ἀρθήσεται
1907 5232 2004 5291 ἀπ⁴

425 5321 609 5385 αὐτῶν
653 5326 683 5380 ὀ
720 5326 970 5397 νυμφίος,
1020 5328 1113 5381 καὶ
1151 5328 1273 5380 τότε
1324 5327 1726 5399 νηστεύσουσιν.
1762 5348 1782 5380 ι
1846 5328 2007 5401 Ὀρᾷς

424 5418 561 5491 γὰρ,
591 5415 668 5482 ὡς
706 5421 800 5471 καὶ
832 5417 992 5481 αὐτὸς
1023 5418 1290 5487 ἠπίστατο
1326 5419 1417 5472 τὸν
1454 5419 1553 5490 τῆς
1593 5418 1848 5491 νηστείας
1884 5439 2007 5475 και-

430 5511 556 5587 ρόν;
583 5505 837 5565 Είτοίνυν
857 5509 946 5563 τὸν
972 5509 1163 5582 καιρὸν
1190 5510 1282 5565 τοῦ
1306 5510 1512 5574 πάθους
1537 5508 1701 5566 αὑτοῦ
1727 5508 2008 5580 συνεξετᾶ-

428 5619 584 5667 σειας
614 5606 725 5669 τοῖς
754 5601 889 5675 μετὰ
916 5605 1103 5675 χεῖρας
1127 5604 1528 5676 προκειμένοις,
1563 5602 1744 5677 εὕροις
1768 5604 1834 5660 ἂν
1860 5607 2008 5671 ὅπως

511 5783 557 5815 ⁸⁸
586 5780 779 5841 Matth.
827 5800 905 5853 ιι,
956 5785 1044 5854 l8,
1086 5783 1177 5840 19.
1252 5784 1299 5816 ³⁵
1340 5781 1529 5840 Matth.
1576 5798 1658 5852 ix,
1704 5784 1793 5841 l5.

2108 4874 2451 4945 jejunarent,
2502 4890 2603 4945 pro
2639 4875 2805 4946 ipsis,
2833 4872 3047 4944 objecta
3078 4871 3358 4941 depellens
3378 4910 3393 4934 ,
3420 4868 3639 4925 dicebat
3673 4887 3687 4923 :

2119 4984 2140 5017 ε
2200 4964 2321 5020 Non
2374 4973 2606 5037 possunt
2663 4964 2758 5019 lilii
2814 4964 3037 5018 thalami
3091 4961 3371 5032 sponsalis
3412 4960 3689 5029 jejunare,

2112 5055 2353 5126 quandiu
2394 5073 2517 5111 cum
2573 5054 2683 5112 illis
2730 5066 2813 5111 est
2862 5069 3139 5125 sponsus:
3179 5052 3457 5107 auferetur
3491 5051 3559 5103 ab
3610 5048 3691 5101 eis

2114 5164 2376 5219 sponsus.
2409 5156 2465 5203 et
2496 5156 2629 5203 tunc
2654 5146 2982 5219 jejunabunt
3006 5147 3071 5198 “.
3112 5163 3131 5196 ι
3168 5142 3362 5197 Viden”
3394 5139 3541 5212 quod
3574 5139 3693 5208 ipse

2111 5256 2330 5310 quoque
2375 5235 2569 5311 ieiunii
2618 5249 2832 5311 tempus
2860 5240 3029 5310 probe
3068 5237 3270 5293 sciret?
3307 5233 3362 5289 Si
3396 5247 3527 5302 ergo
3557 5242 3694 5284 tem-

2112 5345 2216 5402 pus
2259 5331 2534 5401 passionis
2586 5332 2762 5402 ipsius
2816 5346 2942 5385 eum
2993 5330 3061 5385 iis
3091 5343 3211 5398 quae
3241 5327 3354 5395 jam
3392 5314 3693 5377 tractamus

2114 5424 2419 5480 contuleris
2476 5424 2857 5495 deprehendes
2918 5421 3194 5492 quomodo
3244 5420 3359 5474 haec
3424 5416 3694 5486 completa

2114 5511 2339 5581 fuerint,
2372 5516 2594 5586 quando
2653 5515 2870 5571 sublato
2910 5514 3129 5571 demum
3181 5526 3405 5583 sponso,
3438 5505 3692 5576 discipuli

2111 5607 2234 5678 ejus
2257 5604 2602 5680 jejunabant.
2630 5607 2816 5678 Neque
2844 5608 2957 5663 veri
2988 5606 3241 5662 absimile
3264 5612 3371 5673 est,
3406 5615 3530 5669 eum
3554 5611 3699 5671 pra?
