4056 6406
361 361 465 415 753

1089 316 1358 414 auseen
1397 348 1924 412 CIESARIENSlSt

2027 356 2058 410 ι.
2100 333 2278 410 mas
2315 344 2400 408 Ill.
2440 371 2510 397 μ-
2548 344 2953 412 EXEGETICA.

3512 360 3617 416 7M

359 481 632 534 videntem
687 489 747 532 se
790 476 940 531 brevi
988 487 1111 546 post
1165 488 1408 548 tempore
1442 477 1577 548 ipsis
1626 487 1924 532 extraneun

2045 475 2215 528 ταῦτα
2245 475 2564 548 ἐπληροῦτο,
2600 479 2686 530 ὅτε
2724 469 2909 532 λδιπὸν
2938 477 3223 549 αἰρομένου
3253 477 3349 530 τοῦ
3383 481 3615 551 νυμφίου

359 570 495 634 fore,
523 577 578 624 et
613 577 787 623 totum
835 571 1376 624 ex‘circumcisione
1420 569 1678 640 populum
1715 569 1940 639 sangui-

359 677 482 716 nem
515 677 675 716 suum
710 663 1120 731 postulaturum
1147 678 1293 725 esse,
1326 662 1546 716 Petrum
1588 669 1935 731 negaturum,

357 761 413 805 et
444 752 573 804 talia
625 760 820 806 contra
865 767 926 806 se
975 752 1336 822 perpetranda
1379 767 1541 818 esse;
1595 760 1654 806 ut
1692 751 1937 806 futurum

357 850 508 898 esset
559 843 814 897 tenebras
864 843 1049 896 omnia
1109 843 1318 896 circum
1376 841 1703 904 obvolverc,
1767 843 1936 896 solem

357 935 536 1006 ipsum
569 933 879 996 obscurari,
927 934 1106 986 velum
1154 934 1338 1002 templi
1391 934 1590 996 scindi,
1646 935 1938 1002 omniaque

356 1028 485 1082 olim
515 1028 570 1081 in
600 1025 802 1082 lsraele
835 1025 1144 1080 veneranda
1178 1027 1381 1092 everti;
1410 1026 1666 1079 nimirum
1707 1041 1932 1096 regnum

355 1119 952 1184 eorum,sacerdotium
975 1120 1029 1172 et
1061 1117 1260 1172 Sancta
1291 1125 1638 1183 sanctorum;
1669 1119 1936 1172 omnium-

355 1227 464 1281 que
498 1225 686 1265 eorum
727 1209 1090 1277 abjectionem
1129 1216 1183 1263 et
1223 1207 1494 1262 excidium
1527 1208 1818 1264 confertim
1851 1208 1934 1263 fu-

357 1310 540 1353 turum
572 1319 585 1354 :
623 1315 730 1353 non
762 1299 897 1361 veri,
930 1298 1175 1367 inquam,
1201 1298 1453 1354 absimile
1493 1307 1597 1362 est,
1629 1299 1806 1369 ipsum
1841 1300 1933 1353 ho-

353 1406 476 1447 rum
499 1408 665 1446 causa
690 1407 998 1447 macerasse
1037 1393 1091 1446 in
1115 1375 1328 1461 jejunio
1372 1394 1611 1446 animam
1664 1410 1840 1459 suam,
1875 1403 1932 1449 et

352 1486 606 1555 posuisse
640 1485 1024 1539 vestimentum
1056 1499 1216 1538 suum
1250 1500 1494 1540 saccum.
1536 1485 1655 1550 Qua
1679 1487 1746 1540 de
1766 1503 1929 1541 causa

353 1577 506 1646 impii
533 1577 783 1630 homines
804 1577 981 1646 ipsum
1013 1577 1332 1640 irridebant,
1357 1577 1485 1631 dum
1520 1579 1638 1632 loco
1662 1581 1932 1649 parabolae

352 1665 606 1721 futilibus
631 1667 746 1721 suis
779 1667 1124 1721 sermonibus
1172 1676 1537 1736 nugarentur:
1567 1668 1784 1738 alioque
1821 1669 1928 1724 diei

352 1771 595 1829 tempore
627 1759 679 1811 in
715 1759 884 1828 portis
932 1759 1170 1825 collecti,
1202 1775 1296 1815 eos
1322 1760 1414 1829 qui
1451 1761 1800 1829 praeteribant
1833 1777 1930 1831 per

2043 568 2135 620 καὶ
2164 569 2212 620 oi
2246 567 2481 639 μαθηταὶ
2501 569 2665 622 αὐτοῦ
2688 571 2995 639 ἐνήστευον.
3027 570 3141 638 Ἐφ’
3158 564 3238 633 οἷς
3263 571 3363 624 οὐκ
3391 573 3617 638 ἀπεικὸς

2038 654 2106 731 ἦν
2131 660 2226 713 καὶ
2260 661 2420 713 αὑτὸν
2449 661 2785 732 προορῶντα,
2813 661 2889 724 ὼς
2913 661 3107 732 μικρὸν
3128 659 3354 734 ὓστερον
3380 664 3620 734 ἀπηλλο-

2037 751 2336 822 τριωμένος
2366 751 2516 804 ἔσται
2560 752 2760 816 αὐτοῖς,
2794 752 2888 805 καὶ
2920 753 2994 816 ὼς
3019 752 3079 805 τὸ
3109 755 3216 806 πᾶν
3243 753 3393 818 ἔθνος
3423 754 3519 809 τοῦ
3553 760 3618 811 ἐκ

2039 841 2340 913 περιτομῆς
2371 842 2500 895 λαοῦ
2539 843 2601 894 τὸ
2629 837 2766 912 αἷμα
2804 843 2968 896 αὐτοῦ
3003 843 3381 915 ἐξαιτήσεται,
3417 849 3510 900 καὶ
3540 849 3617 912 ὡς

2038 936 2242 1007 Πέτρος
2267 934 2426 987 αὑτὸν
2455 935 2772 1005 ἀρνήσεται,
2806 935 2900 988 καὶ
2921 934 3143 990 τοιαῦτα
3163 939 3282 991 κατ’
3304 940 3468 993 αὐτοῦ
3496 941 3617 994 τολ-

2040 1026 2362 1097 μηθήσεται,
2389 1025 2529 1078 ὥστε
2565 1026 2750 1089 σκότος
2783 1026 3055 1079 διαλαϐεῖν
3084 1027 3152 1079 τὸ.
3171 1029 3442 1100 περιέχον,
3462 1031 3615 1102 ἥλιόν

2033 1132 2093 1169 τε
2124 1116 2284 1171 αὑτὸν
2317 1115 2664 1188 σκοτισθῆναι
2687 1159 2701 1182 ,
2732 1119 2826 1171 καὶ
2859 1117 2919 1170 τὸ
2954 1119 3352 1190 καταπέτασμα
3383 1122 3478 1176 τοῦ
3509 1123 3613 1177 νεὼ

2037 1210 2351 1280 σχισθῆναι,
2411 1210 2785 1281 ἀνατραπῆναι
2831 1227 2889 1262 τε
2953 1211 3133 1263 πάντα
3190 1211 3258 1264 τὰ
3298 1213 3464 1266 πάλαι
3516 1215 3611 1268 τοῦ

2044 1299 2259 1371 Ἰσραὴλ
2291 1299 2481 1370 σεμνὰ,
2517 1299 2658 1368 λέγω
2690 1301 2746 1353 δὲ
2769 1299 2867 1371 τὴν
2893 1299 3164 1370 βασιλείαν
3186 1302 3366 1355 αὐτῶν
3399 1304 3493 1357 καὶ
3513 1305 3611 1375 τὴν

2036 1392 2331 1463 ἱερωσύνην
2365 1391 2459 1444 καὶ
2491 1391 2561 1444 τά
2585 1392 2749 1461 Ἀγια
2777 1393 2884 1444 τῶν
2916 1393 3108 1460 ἁγίων·
3142 1394 3359 1448 πάντων
3394 1413 3452 1448 τε
3487 1396 3612 1448 τού-

2033 1501 2141 1539 των
2174 1484 2442 1555 ἀποὸολὴν
2481 1484 2575 1536 καὶ
2601 1485 2910 1556 ἀνατροπὴν
2943 1485 3143 1557 ἀθρόαν
3171 1487 3456 1555 γενέσθαι·
3486 1489 3609 1541 τούο

2031 1595 2138 1630 των
2168 1576 2333 1630 ἕνεκα
2371 1578 2468 1630 οὐκ
2511 1577 2739 1640 ἀπεικὸς
2769 1574 2838 1648 ἦν
2874 1578 3034 1630 αὐτὸν
3069 1581 3386 1630 καταπονετν
3414 1581 3472 1631 ἐν
3509 1596 3606 1650 νη-

2033 1668 2186 1740 στείᾳ
2215 1669 2311 1740 τὴν
2344 1669 2522 1739 ψυχὴν
2545 1668 2730 1730 αὑτοῦ,
2765 1669 2859 1722 καὶ
2882 1669 3086 1721 τιθέναι
3111 1666 3173 1720 τὸ
3209 1668 3409 1739 ἔνδυμα
3438 1671 3603 1724 αὐτοῦ

2033 1762 2234 1815 σάκκον
2272 1763 2358 1830 ἐφ’
2386 1756 2430 1830 ᾧ
2460 1760 2553 1814 καὶ
2590 1760 2877 1831 ἐχλεύαζον
2911 1761 3074 1813 αὐτὸν
3103 1763 3150 1813 οἱ
3197 1762 3410 1824 ἀσεϐεῖς
3437 1798 3451 1825 ,
3486 1763 3605 1815 ἀντὶ

349 1853 652 1906 calumnias
704 1853 759 1905 in
811 1852 989 1920 ipsum
1033 1859 1272 1906 structas
1313 1852 1366 1905 in
1403 1867 1645 1906 errorem
1691 1853 1924 1909 deduce-

2033 1853 2344 1924 παραϐολῆς
2365 1857 2483 1917 ταῖς
2515 1854 2634 1906 κατ’
2661 1853 2825 1906 αὑτοῦ
2842 1855 3154 1923 διηγήσεσιν
3175 1853 3602 1923 ἀδολεσχοῦντες·

347 1955 504 2013 rent;
547 1953 795 2016 tempore
829 1952 1010 1998 autem
1045 1944 1174 2007 cibi,
1206 1945 1334 1998 vino
1365 1952 1418 1998 et
1440 1944 1693 1999 ebrietati
1729 1960 1928 2000 vacan-

347 2051 449 2102 tes.
478 2041 783 2094 cantilenas
834 2044 1028 2092 contra
1077 2037 1254 2100 ipsum
1302 2038 1551 2092 ederent.
1604 2036 1784 2103 Quare
1837 2038 1927 2093 ille

347 2132 628 2204 operiebat
661 2132 716 2185 in
755 2130 968 2199 jejunio
1000 2129 1240 2182 animam
1273 2143 1453 2194 suam,
1486 2137 1540 2185 et
1586 2131 1821 2201 ponebat
1849 2133 1927 2187 in-

347 2223 667 2278 dumentum
719 2235 878 2276 suum
917 2229 1164 2279 saccum,
1200 2219 1365 2288 idque
1387 2235 1487 2289 pro
1517 2220 1747 2276 aliorum
1780 2224 1927 2278 salu-

345 2323 400 2369 te
427 2329 495 2368 ex
521 2311 785 2367 bonitatis
809 2310 1199 2380 exsuperantia
1231 2311 1542 2380 praastabat.

2032 1947 2232 2000 καὶτὸν
2252 1947 2348 2016 μὲν
2377 1946 2532 2000 ἄλλον
2551 1946 2742 2017 καιρὸν
2767 1946 2866 2016 τῆς
2892 1946 3126 2016 ἡμέρας,
3154 1949 3211 1998 ἐν
3243 1949 3365 2008 ταῖς
3412 1945 3608 2009 πύλαις

2033 2038 2418 2108 συναγόμενοι,
2439 2038 2566 2101 τοὺς
2599 2037 2665 2090 δι’
2697 2037 2878 2092 αὐτῶν
2917 2037 3297 2109 διερχομένους
3329 2040 3453 2102 ταῖς
3486 2034 3606 2092 κατ’

2031 2127 2195 2181 αὑτοῦ
2228 2125 2499 2190 διαϐολαῖς
2521 2125 2786 2180 ὲπλάνων’
2819 2129 2877 2180 ἐν
2898 2127 2955 2180 δὲ
2973 2128 3050 2198 τῷ
3067 2126 3244 2199 καιρῷ
3265 2129 3363 2198 τῆς
3381 2129 3605 2199 τροφῆς.

2031 2223 2157 2292 οἴνῳ
2188 2221 2282 2274 καὶ
2325 2219 2464 2292 μέθῃ
2499 2219 2869 2290 σχολάζοντες,
2909 2220 3051 2290 ᾠδὰς
3099 2222 3443 2276 συνετίθεσαν
3489 2223 3607 2276 κατ’

2031 2314 2215 2368 αὐτοῦ.
2247 2313 2336 2365 Διὸ
2363 2313 2585 2366 συνεκά)
2597 2329 2764 2365 υπτεν
2792 2314 2848 2366 ἐν
2877 2312 3095 2385 νηστείᾳ
3115 2315 3212 2386 τὴν
3225 2315 3401 2386 ψυχὴν
3420 2314 3608 2384 αὑτοῦ,

346 2405 441 2457 καὶ
473 2402 680 2456 ἐτίθετο
711 2401 771 2456 τὸ
839 2401 1046 2472 ἔνδυμα
1090 2402 1255 2456 αὐτοῦ
1290 2402 1522 2469 σάκκον,
1593 2405 1732 2477 ὑπὲρ
1770 2399 1868 2478 τῆς
1931 2405 2132 2479 ἐτέρων
2181 2406 2483 2476 σωτηρίας,
2527 2394 2594 2458 δι⁴
2643 2405 2948 2477 ὑπερϐολὴν
2993 2406 3402 2480 φιλανθρωπίας
3437 2407 3609 2461 ταῦτα

346 2499 624 2569 πράττων.

420 2617 586 2670 Vens.
613 2614 700 2668 M.
732 2632 751 2666 ι
773 2612 884 2684 Ego
917 2629 1049 2669 vero
1072 2615 1376 2669 orationem
1406 2630 1583 2670 meam
1611 2617 1678 2671 ad
1714 2623 1785 2682 te,
1820 2616 1922 2672 θοι

347 2710 513 2772 mine,
548 2712 763 2777 tempus
819 2707 1166 2776 beneplaciti,
1211 2705 1396 2762 Deus:
1457 2707 1518 2763 ln
1574 2709 1923 2764 multitudine

344 2800 732 2857 misericordiae
759 2803 865 2853 tua:
886 2799 1080 2854 exaudi
1115 2814 1218 2854 me.
1262 2819 1281 2852 ι
1316 2797 1395 2854 llli
1430 2801 1670 2870 quidem,
1698 2804 1792 2868 ait,
1827 2803 1922 2857 de-

342 2893 613 2954 ridebant,
657 2885 1118 2957 amictionemquc
1161 2903 1336 2942 meam
1376 2889 1755 2944 traducebant.
1808 2890 1921 2960 Ego

342 2999 471 3038 vero
504 2981 942 3052 perseverabam,
975 2982 1275 3034 orationem
1328 2997 1504 3036 meam
1535 2983 1636 3037 tibi
1691 2982 1920 3038 Domino

342 3075 596 3131 offerens.
629 3075 897 3129 Observes
945 3089 1112 3143 porro
1163 3075 1344 3137 velim,
1390 3073 1713 3129 Hebraicam
1775 3074 1920 3129 Scri-

347 3174 564 3237 pturam
594 3166 682 3219 hic
710 3181 925 3235 quoque
956 3171 1192 3235 quatuor
1238 3165 1544 3219 litterarum
1570 3181 1703 3222 voce
1731 3165 1916 3222 Domi-

345 3275 475 3313 num
509 3259 832 3328 exprimere.
862 3257 937 3311 Te
967 3273 1095 3312 vero
1131 3255 1422 3311 Dominum
1454 3257 1756 3326 deprecans
1783 3259 1924 3314 dice-
1948 3231 1990 3288 θ

343 3351 468 3404 bam
503 3369 516 3404 :
554 3368 572 3399 ι
610 3343 850 3419 Tempus
887 3349 1238 3418 beneplaciti,
1273 3345 1456 3412 Deus;
1498 3367 1516 3400 ι
1554 3349 1691 3413 sive,
1723 3364 1924 3404 secun-

343 3443 470 3496 dum
495 3439 880 3512 Symmachum
907 3454 921 3493 :
951 3457 968 3489 ι
990 3438 1227 3508 Tempus
1254 3437 1735 3493 reconciliationis.
1756 3436 1919 3502 Deus,

342 3535 396 3587 in
422 3533 767 3586 multitudine
804 3530 1199 3586 misericordia:
1239 3537 1346 3583 tua:
1365 3529 1563 3583 exaudi
1599 3545 1703 3584 me.
1741 3550 1758 3582 ιι
1787 3527 1920 3584 Nam

342 3625 388 3679 si
419 3625 553 3678 alias
593 3639 687 3676 vox
720 3629 813 3675 tua
853 3621 1032 3675 Patris
1055 3622 1161 3675 mei
1194 3620 1326 3674 mihi
1352 3619 1466 3674 haec
1489 3620 1775 3675 testiﬁcata
1803 3627 1918 3674 est:

348 3735 367 3768 ι
409 3713 509 3768 Hic
541 3723 626 3768 est
663 3713 836 3767 Filius
886 3728 1040 3766 meus
1090 3711 1322 3767 dilectus
1369 3712 1423 3765 in
1459 3727 1568 3782 quo
1618 3711 1749 3764 mihi
1785 3711 1922 3764 bene

341 3807 647 3877 complacui
687 3806 768 3873 ’⁸,
814 3825 830 3857 ι
871 3819 1016 3859 nunc
1055 3805 1292 3858 maxime
1324 3813 1536 3873 tempus
1594 3801 1918 3872 beneplaciti

341 3907 428 3955 est
463 3913 674 3968 :quare
703 3913 900 3968 precor
947 3904 1006 3949 ut
1039 3896 1096 3949 in
1145 3895 1493 3948 multitudine
1531 3894 1921 3948 misericordiae

340 3996 452 4043 tua;
481 3987 742 4042 exaudias
773 4003 876 4051 me,
909 3994 962 4049 et
995 3985 1048 4038 in
1097 3985 1328 4040 veritate
1371 3985 1566 4040 salutis
1601 3991 1707 4038 tuae
1733 3996 1919 4038 serves

339 4094 446 4133 me.
496 4077 616 4132 Non
663 4079 957 4132 humanam
1006 4079 1206 4148 quippe
1258 4076 1477 4146 postulo
1533 4076 1786 4139 salutem,
1822 4073 1920 4130 sed

338 4186 544 4226 veram.
576 4169 724 4224 Talis
749 4185 915 4240 porro
943 4179 1027 4225 est
1069 4185 1190 4240 quae
1218 4185 1286 4224 ex
1311 4179 1364 4223 te
1393 4167 1664 4238 provenit,
1695 4181 1802 4237 qua
1831 4181 1919 4220 me

337 4277 473 4333 rogo
523 4261 662 4331 eripi
715 4275 744 4313 a
778 4261 893 4314 luto
928 4268 988 4312 ut
1031 4277 1141 4314 non
1188 4260 1402 4330 infigar.
1431 4259 1477 4311 A
1505 4274 1615 4328 quo
1642 4259 1777 4324 luto,
1811 4257 1918 4312 nisi

339 4351 407 4406 de
444 4365 552 4420 quo
583 4351 832 4419 superius
859 4349 1146 4403 dicebam:
1196 4365 1215 4398 ι
1266 4347 1467 4402 lnfixus
1511 4361 1631 4402 sum
1682 4346 1740 4400 in
1789 4345 1919 4400 limo

339 4443 616 4516 profundi,
651 4450 704 4495 et
737 4456 841 4494 non
866 4451 950 4496 est
981 4440 1316 4494 substantia?
1344 4458 1362 4491 ι
1386 4438 1519 4492 Nam
1548 4439 1638 4508 qui
1664 4438 1917 4507 superius

2103 2630 2120 2662 ι
2159 2608 2328 2678 Κάγὼ
2349 2609 2406 2662 δὲ
2430 2611 2462 2680 ἡ
2492 2613 2762 2682 προσευχὴ
2789 2627 2888 2680 μου
2929 2601 3066 2682 πρὸς
3095 2599 3174 2678 σέ,
3198 2613 3390 2686 Κύριε,
3417 2623 3607 2689 καιρος

2026 2700 2291 2765 εὐδοκίας,
2330 2703 2358 2755 ὁ
2385 2700 2516 2764 Θεὸς
2535 2719 2548 2730 ·
2578 2701 2636 2754 ἐν
2675 2701 2754 2772 τῷ
2784 2702 2976 2774 πλήθει
3004 2704 3098 2756 τοῦ
3133 2704 3314 2765 ἐλέους
3343 2723 3438 2759 σου
3473 2708 3608 2761 ἐπά-

2027 2789 2220 2842 κουσὸν
2256 2805 2378 2858 μου.
2414 2809 2432 2840 ι
2469 2790 2531 2842 Οἱ
2565 2789 2663 2861 μὲν
2717 2791 3034 2860 ἐχλεύαζον,
3062 2794 3215 2864 φησὶ,
3236 2795 3329 2848 καὶ
3359 2796 3606 2869 διέσυρον

2027 2881 2127 2944 τὰς
2176 2880 2316 2951 ἐμὰς
2362 2880 2654 2945 κακώσεις·
2704 2881 2815 2950 ἐγὼ
2864 2882 2920 2935 δὲ
2978 2885 3471 2958 προσεκαρτέρουν,
3506 2889 3604 2960 τὴν

2027 2974 2167 3044 ἐμὴν
2201 2975 2506 3044 προσευχήν
2533 2990 2613 3026 σοι
2645 2974 2724 3044 τῷ
2746 2974 2934 3046 Κυρίῳ
2953 2976 3398 3048 προσαναφέρων.
3436 2980 3604 3051 Τήρει

2023 3065 2101 3130 δὲ,
2136 3065 2211 3129 ὡς
2249 3063 2340 3118 καὶ
2374 3064 2604 3118 ἐνταῦθα
2638 3065 2729 3118 τὸν
2767 3066 2969 3137 Κύριον
3001 3068 3086 3120 διὰ
3115 3068 3209 3120 τοῦ
3254 3072 3603 3142 τετριιιγράμ⁴

2027 3174 2130 3228 μου
2163 3159 2196 3228 ή
2235 3157 2496 3229 Ἐὄραῖκὴ
2526 3159 2946 3229 ἐπισημαίνεται
2978 3162 3185 3233 γραφή.
3212 3163 3515 3234 Εὑχόμενος
3546 3165 3604 3219 δὲ

2025 3253 2160 3323 πρὸς
2191 3252 2248 3305 σὲ
2271 3253 2360 3305 τὸν
2390 3250 2594 3323 Κύριον
2612 3252 2783 3304 ταῦτα
2805 3252 3008 3320 ἐλεγον⁴
3053 3273 3071 3304 ι
3099 3255 3305 3327 Καιρδς
3336 3256 3602 3319 εὐδοκίας,

2024 3343 2052 3394 ὁ
2089 3342 2238 3406 Θεός·
2277 3363 2293 3394 ι
2324 3343 2379 3413 ἦ,
2410 3342 2550 3395 κατὰ
2580 3343 2996 3415 τὸνΣύμμαχον·
3036 3365 3053 3396 ι
3079 3347 3266 3417 καιρὸς
3292 3346 3599 3418 διαλλαγῆς.

2037 3434 2093 3486 Ὀ
2110 3435 2261 3499 Θεὸς,
2292 3436 2349 3486 ἐν
2374 3435 2450 3504 τῷ
2466 3435 2661 3506 πλήθει
2676 3435 2770 3488 τοῦ
2792 3436 2974 3500 ἐλέους
2991 3454 3082 3490 σου
3105 3439 3406 3492 ἐπάκουσον
3429 3457 3548 3510 μου.
3576 3458 3595 3490 ι

2025 3526 2088 3579 El
2114 3526 2221 3598 γὰρ
2260 3525 2352 3578 καί
2386 3539 2515 3578 ποτε
2539 3525 2725 3578 ἄλλοτε
2756 3527 2873 3598 ἠσὴ
2891 3526 2983 3580 τοῦ
3012 3528 3224 3599 Πατρὸς
3259 3530 3601 3602 ἐμαρτύρησε

2023 3619 2174 3690 φωνὴ
2209 3619 2458 3688 λέγουσα·
2503 3639 2521 3672 ι
2548 3615 2715 3684 Οὗτός
2741 3623 2888 3674 ἐστιν
2907 3623 2935 3674 ὁ
2967 3621 3092 3685 Υἱός
3123 3640 3221 3692 μου
3253 3625 3280 3676 δ
3299 3625 3598 3696 ἀγαπητὸς,

2021 3715 2080 3768 ἐν
2178 3715 2474 3786 ηὐδόκησα.
2508 3734 2526 3766 ι
2577 3714 2734 3768 Ἀλλά
2761 3715 2854 3768 νῦν
2888 3716 3122 3786 μάλιστα
3146 3718 3337 3789 καιρός
3373 3720 3487 3772 ἐστι
3505 3721 3602 3790 τῆς

2021 3805 2288 3868 εὐδοκίας·
2317 3797 2396 3858 διὸ
2428 3805 2655 3860 ἱκετεύω
2687 3809 2745 3860 ἐν
2796 3806 2872 3876 τῷ
2914 3807 3104 3879 πλήθει
3137 3808 3230 3861 τοῦ
3276 3807 3459 3874 ἐλέους
3506 3827 3598 3862 σου

2021 3893 2324 3948 ἐπακοῦσαί
2351 3913 2475 3966 μου,
2505 3897 2597 3948 καὶ
2627 3897 2682 3948 ἐν
2705 3897 2933 3968 ἀληθείᾳ
2950 3898 3050 3968 τῆς
3073 3897 3345 3969 σωτηρίας
3371 3915 3463 3953 σου
3495 3899 3599 3951 σῶ·

2023 3983 2110 4036 σαί
2140 4001 2227 4054 με.
2264 3984 2336 4037 Οὐ
2375 3985 2482 4056 γὰρ
2521 3985 2867 4058 ἀνθρωπίνης
2899 3988 3088 4058 δέομαι
3121 3989 3427 4058 σωτηρίας,
3461 3988 3596 4041 ἀλλά

2019 4075 2117 4145 τῆς
2137 4075 2388 4147 ἀληθοῦς·
2425 4076 2661 4144 Τοιαύτη
2698 4077 2756 4128 δέ
2791 4079 2938 4130 ἐστιν
2970 4079 3002 4148 ἠ
3038 4077 3188 4149 παρὰ
3229 4077 3344 4142 σοῦ,
3375 4078 3496 4132 καθ’
3530 4079 3597 4148 ἣν

2022 4165 2258 4236 σωθῆναι
2279 4166 2502 4219 ἱκετεύω
2517 4166 2625 4220 ἀπὸ
2646 4166 2840 4237 πηλοῦ,
2862 4167 2949 4221 ἵνα
2979 4169 3052 4239 μὴ
3079 4170 3332 4239 ἐμπαγῶ.
3368 4169 3526 4222 Ποίου
3542 4170 3598 4222 δὲ

2019 4257 2262 4328 πηλοῦ,ἢ
2291 4276 2357 4310 πε
2366 4260 2419 4328 pl
2431 4251 2490 4310 οὗ
2505 4259 2759 4329 ἀνωτέρω
2778 4258 2981 4328 ἔλεγον·
3011 4280 3028 4312 ι
3052 4257 3352 4334 Ἐνεπάγην
3369 4265 3447 4326 είς
3467 4262 3598 4333 ὕλην

2021 4344 2204 4417 βυθοῦ,
2229 4349 2322 4401 καὶ
2349 4350 2450 4402 οὐκ
2467 4348 2610 4402 ἐστιν
2632 4350 2926 4413 ὑπόστασις
2946 4367 2960 4415 ;
2991 4370 3008 4402 ι
3029 4351 3090 4404 Ἠ
3116 4351 3223 4421 γὰρ
3241 4354 3496 4426 ἀνωτέρω
3510 4353 3598 4406 λε-

2018 4439 2206 4509 χθεῖσα
2227 4439 2340 4502 ἰλὺς
2359 4440 2520 4510 βυθοῦ
2543 4440 2776 4493 ἐνταῦθα
2793 4441 2960 4512 πηλὸς
2983 4439 3320 4513 ὠνόμασται.
3335 4445 3409 4516 Ση
3420 4444 3595 4514 μαίνει

337 4537 505 4590 limus
555 4532 810 4605 profundi
874 4533 1056 4586 dictus
1114 4541 1228 4595 est,
1289 4531 1377 4585 hic
1435 4532 1608 4585 lutum
1661 4539 1914 4585 vocatur.

2027 4530 2074 4583 δὲ
2099 4531 2184 4584 διὰ
2205 4529 2406 4583 τούτων
2431 4530 2529 4601 τὴν
2558 4530 2651 4584 τοῦ
2699 4531 2948 4602 σώματος
2981 4534 3038 4584 ἐν
3079 4533 3156 4604 τῷ
3182 4532 3394 4606 θανάτῳ
3422 4533 3592 4593 λύσιν.

337 4625 436 4683 His
521 4643 681 4698 porro
760 4625 1028 4696 significat
1123 4625 1452 4680 solutionem
1527 4623 1775 4693 corporis
1859 4622 1914 4674 in

2027 4622 2147 4694 περὶ
2196 4618 2263 4694 ἧς
2321 4624 2378 4676 ἐν
2436 4619 2607 4693 ἑτέρῳ
2648 4622 2884 4692 ἔφασκεν
2917 4640 2930 4653 ·
2972 4642 2991 4676 ι
3043 4625 3155 4678 Οὐκ
3187 4626 3597 4696 ἐγκαταλείψεις

337 4728 548 4783 morte,
611 4719 679 4773 de
737 4734 844 4788 qua
912 4718 966 4771 in
1036 4717 1142 4770 alio
1188 4717 1269 4772 sic
1317 4715 1692 4785 loquebatur:
1729 4732 1747 4764 ι
1797 4711 1914 4766 Non

2027 4713 2114 4783 τὴν
2166 4713 2343 4783 ψυχήν
2397 4731 2499 4782 μου
2551 4715 2630 4766 είς
2679 4715 2768 4768 τὸν
2835 4715 2967 4787 ᾅδην
2997 4757 3012 4781 ,
3075 4716 3194 4769 ούδέ
3253 4716 3444 4780 δώσεις
3506 4718 3596 4771 τὸν

337 4813 688 4881 derelinques
729 4811 966 4864 animam
1023 4824 1198 4864 meam
1244 4810 1300 4863 in
1350 4806 1584 4870 inferno,
1618 4819 1720 4860 nec
1758 4804 1915 4860 dabis

2027 4804 2156 4857 ὅσιόν
2212 4822 2305 4858 σου
2357 4805 2482 4857 ἰδεῖν
2533 4805 2847 4878 διαφθοράν.
2893 4826 2910 4858 ι
2957 4809 3020 4860 Oi
3061 4807 3160 4878 μὲν
3205 4803 3296 4861 οῦν
3348 4807 3454 4862 ὑπὸ
3500 4808 3593 4861 τοῦ

335 4913 587 4962 sanctum
616 4912 767 4956 tuum
799 4901 986 4957 videre
1011 4901 1421 4970 corruptionem
1452 4900 1520 4953 ³⁸.
1563 4917 1581 4950 ι
1617 4896 1722 4962 Qui
1752 4896 1916 4966 igitur

2027 4895 2248 4950 iuvui-nou
2297 4898 2677 4969 κρατηθέντες,
2716 4899 3010 4971 διαφθορὰν
3055 4901 3445 4970 ὑπομείναντες
3505 4902 3596 4954 καὶ

337 5014 368 5051 ιι
403 5002 580 5050 morte
607 4994 941 5058 detinentur,
991 4993 1396 5061 corruptionem
1441 4989 1612 5060 passi,
1654 4989 1709 5042 in
1742 5003 1912 5058 eaque

2027 4988 2072 5040 '-:v
2109 4988 2282 5060 φθορᾷ
2317 4989 2616 5060 γενόμενοι,
2653 4991 3105 5062 ἐναπομείναντές
3129 5009 3187 5043 τε
3219 4992 3377 5062 αὐτῇ,
3401 4989 3596 5044 ὲνεπά-

335 5087 645 5150 constituti,
682 5101 805 5141 cum
841 5086 897 5140 in
939 5101 1002 5140 ea
1033 5083 1470 5155 permanserint,
1501 5081 1650 5135 infixi
1686 5090 1812 5134 sunt
1857 5083 1911 5136 in

2027 5094 2190 5149 γησαν
2213 5083 2292 5144 είς
2323 5079 2413 5133 τὸν
2447 5080 2636 5152 πηλόν.
2677 5082 2817 5151 Ἐγὼ
2848 5083 2903 5136 δὲ
2939 5084 2988 5134 εί
3015 5084 3108 5136 καὶ
3131 5082 3398 5153 κατῆλθον
3425 5079 3594 5134 κενώ-

334 5181 450 5234 luto
486 5197 499 5234 :
532 5193 632 5248 ego
664 5192 792 5232 vero
821 5176 1038 5230 etiamsi
1084 5172 1481 5236 descenderim,
1512 5173 1578 5226 ad
1614 5172 1786 5225 lutum
1820 5187 1911 5226 us-

2027 5187 2117 5235 σας
2164 5169 2395 5242 ἐμαυτὸν
2458 5161 2617 5245 μέχρι
2663 5174 2886 5227 τούτου·
2941 5174 3054 5228 ἀλλ’
3105 5173 3329 5227 ἱκετεύω
3384 5174 3589 5241 λέγων·

336 5287 440 5342 que
473 5270 770 5324 humilians
806 5269 1093 5337 meipsum,
1123 5279 1318 5336 precor
1356 5273 1535 5318 tamen
1570 5264 1655 5319 his
1685 5265 1907 5319 verbis:

340 5382 359 5414 ι
405 5360 564 5431 Eripe
593 5377 679 5414 me
714 5360 781 5414 de
827 5360 963 5423 luto,
997 5367 1057 5412 ut
1104 5371 1214 5411 non
1265 5356 1480 5426 infigar.
1520 5374 1536 5406 ι
1566 5354 1696 5421 Qua:
1737 5371 1900 5425 porro

336 5453 766 5522 subsequuntur,
792 5450 1018 5504 virtutes
1041 5448 1096 5501 in
1126 5449 1242 5517 ipsa
1266 5455 1439 5500 morte
1468 5445 1601 5502 sitas
1618 5446 1900 5514 denotant,

335 5560 366 5598 a
394 5544 591 5615 quibus
621 5544 754 5614 eripi
786 5559 844 5597 se
874 5549 1028 5613 rogat
1059 5540 1247 5594 dicens
1275 5557 1288 5592 :
1321 5557 1340 5590 ι
1380 5538 1602 5592 Liberer
1625 5537 1695 5592 ab
1721 5539 1788 5592 iis
1811 5539 1903 5609 qui

335 5635 572 5691 oderunt
596 5649 703 5698 me,
735 5643 790 5689 et
825 5634 889 5689 de
920 5631 1207 5704 profundis
1234 5646 1518 5702 aquarum.
1549 5627 1664 5684 Non
1701 5645 1784 5686 me
1811 5631 1905 5687 de-

414 5817 458 5855 "
489 5813 675 5874 Matth.
719 5831 802 5883 ιιι,
846 5814 941 5885 i7;
974 5831 1107 5883 xvn,
1267 5815 1309 5845 "
1350 5811 1496 5872 Psal.
1539 5827 1626 5880 xv,
1669 5812 1755 5867 10.

2022 5285 2042 5316 ι
2068 5264 2247 5318 Σῶσόν
2279 5283 2344 5336 με
2363 5265 2470 5318 ἀπὸ
2493 5265 2686 5335 πηλοῦ,
2712 5266 2800 5320 ἵνα
2836 5265 2909 5337 μὴ
2939 5266 3189 5337 ἐμπαγῶ.
3221 5285 3238 5317 ι
3265 5265 3344 5318 Τὰ
3376 5266 3432 5318 δὲ
3467 5265 3592 5335 ἑξῆς

2007 5357 2367 5427 ἐπιλεγόμενα
2397 5356 2497 5420 τὰς
2532 5359 2589 5409 ἐν
2621 5357 2768 5429 αὐτῷ
2796 5358 2873 5429 τῷ
2903 5358 3116 5429 θανάτῳ
3148 5357 3406 5429 δυνάμεις
3452 5373 3592 5428 παρ-

2011 5448 2246 5519 ίστησιν·
2281 5451 2371 5520 ἀφ’
2398 5443 2473 5503 ὧν
2519 5451 2780 5520 ῥυσθῆναι
2812 5450 3026 5524 εῦχεται
3059 5452 3249 5520 λέγων·
3270 5471 3288 5502 ι
3313 5445 3591 5521 Ῥυσθείην

2011 5542 2074 5593 ἐκ
2094 5542 2201 5594 τῶν
2227 5542 2526 5612 μισούντων
2557 5560 2623 5613 με
2652 5544 2744 5597 καὶ
2769 5545 2832 5598 ἐκ
2860 5545 2967 5599 τῶν
2995 5544 3198 5615 βαθέων
3227 5543 3334 5596 τῶν
3361 5542 3584 5596 ὑδάτων.

2011 5633 2100 5703 Μή
2128 5650 2192 5703 με
2222 5635 2669 5689 καταποπισάτω
2707 5637 2958 5705 καταιγὶς
3002 5635 3210 5699 ὓδατος,
3251 5634 3383 5707 μηδέ
3423 5651 3590 5688 κατα-
