4056 6382
412 350 524 413 ’145

1551 349 2062 408 (ΞΟΜΜΕΝΤᾹΙΠᾹ
2101 351 2168 407 ΙΝ
2208 351 2548 409 PSALMOS.

3580 318 3688 421 vis

411 476 582 532 πιέτω
609 492 675 548 με
701 472 880 547 βυθός.
914 493 932 526 ι
969 471 1153 527 Ταῦτα
1181 472 1238 527 δὲ
1262 471 1332 528 τὰ
1364 472 1529 528 ὕδατα
1556 473 1610 527 of
1636 491 1696 527 τε
1721 477 1780 529 ὲν
1806 476 1986 539 αὐτοῖς

2091 486 2299 547 mergat
2326 481 2628 545 tempestas
2658 486 2832 545 aqua,
2877 492 3056 548 neque
3102 476 3397 533 absorbeat
3439 492 3528 533 me
3552 492 3687 551 pro-

401 566 695 637 δράκοντες
726 566 816 620 καὶ
864 565 951 619 διὰ
998 563 1107 617 τῶν
1154 563 1463 636 ἔμπροσθεν
1519 564 1821 637 ἐδηλοῦντο,
1850 568 1990 621 κατὰ

408 657 498 712 τό’
542 678 560 711 ι
592 658 771 711 Σῶσόν
802 674 890 728 με,
924 658 954 709 ό
981 656 1133 720 Θεὸς,
1177 657 1258 710 ὅτι
1300 656 1617 728 είσήλθοσαν
1678 655 1845 712 ὕδατα
1886 659 1991 723 ἕως

408 751 582 824 ψυχῆς
620 767 747 821 μου·
784 749 1089 820 Ἐνεπάγην
1123 749 1203 812 είς
1228 745 1359 820 ὕλην
1387 748 1570 818 βυθοῦ,
1595 750 1690 803 καὶ
1713 750 1812 803 οὐκ
1843 749 1991 804 ἔστιν

408 842 721 906 ὑπόστασις·
752 837 957 894 Ἶὶλθον
1021 842 1101 904 είς
1159 840 1230 894 τά
1262 841 1400 913 βάθη
1434 842 1537 912 τῆς
1570 842 1865 914 θαλάσσης,
1896 844 1991 897 καὶ

407 935 659 1003 καταιγὶς
691 932 1055 988 κατεπόντισέ-
1084 950 1172 1004 με.
1204 954 1225 986 ο
1280 932 1441 987 una
1471 933 1560 986 διὰ
1596 934 1696 1004 μὲν
1713 933 1820 987 τῶν
1853 951 1989 1005 προ-

404 1027 578 1101 τέρων
606 1027 703 1099 τὴν
731 1026 955 1082 κάθοδον
995 1025 1158 1079 αὐτοῦ
1190 1025 1287 1097 τὴν
1316 1028 1396 1089 εἰς
1423 1024 1596 1080 ταῦτα
1622 1028 1881 1100 παρίστη,
1905 1027 1991 1081 διὰ

404 1116 461 1172 δὲ
488 1115 595 1171 τῶν
626 1115 762 1188 μετὰ
791 1118 977 1188 χεῖρας
997 1116 1097 1186 τὴν
1127 1114 1236 1169 ἀπὸ
1257 1113 1464 1168 τούτων
1492 1115 1774 1172 ἐπάνοδον.
1800 1134 1820 1167 ι
1868 1118 1992 1170 Ῥυ-

404 1208 591 1278 σθείην
614 1228 632 1261 ι
658 1208 766 1281 γάρ
799 1225 963 1277 φησιν
999 1227 1037 1283 «ν
1062 1209 1127 1261 ὲκ
1160 1205 1269 1259 τῶν
1300 1205 1509 1277 βαθέων
1539 1207 1646 1261 τῶν
1668 1209 1878 1262 ὑδάτων
1899 1210 1993 1262 καὶ⁵

408 1305 482 1375 μή
527 1320 593 1374 με
625 1302 1072 1356 καταποντισάτω
1120 1301 1372 1368 καταιγὶς
1406 1300 1617 1365 ὓδατος,
1655 1301 1789 1374 μηδὲ
1822 1317 1992 1354 κατα-

405 1396 575 1449 πιέτω
609 1414 676 1466 με
721 1394 899 1466 βυθὸς,
932 1395 1064 1467 μηδὲ
1118 1396 1363 1466 συσχέτω
1415 1394 1501 1447 ἐπ’
1544 1395 1645 1464 ἐμὲ
1704 1393 1881 1465 φρέαρ
1930 1393 1992 1447 τὸ

408 1485 582 1555 στόμα
623 1484 809 1538 αὐτοῦ.
853 1503 871 1536 ι
902 1483 1015 1547 Τὰς
1051 1485 1148 1554 μὲν
1177 1485 1285 1555 γὰρ
1317 1482 1508 1547 λοιπὰς
1539 1482 1646 1535 τῶν
1692 1481 1991 1554 ἀνθρώπων

401 1576 578 1647 ψυχὰς
608 1576 864 1630 κατέπιεν
891 1578 921 1630 ό
944 1577 1171 1640 Θάνατος
1203 1576 1448 1647 ἰσχύσας,
1466 1575 1641 1629 καὶτὸ
1666 1576 1843 1646 φρέαρ
1868 1592 1993 1629 συν-

403 1666 528 1740 έσχε
573 1670 666 1722 καὶ
732 1668 1022 1722 ἀπέκλεισε
1063 1668 1141 1739 τῷ
1180 1668 1376 1723 ἑαυτοῦ
1430 1668 1679 1738 στόματι.
1712 1667 1892 1740 Φρέαρ
1935 1668 1993 1722 δὲ

406 1760 580 1830 στόμα
628 1759 748 1830 ἕχον
785 1759 948 1824 αὐτὸς
979 1759 1045 1813 ἂν
1074 1758 1289 1829 λεχθείη
1324 1761 1352 1813 ό
1386 1757 1632 1823 θάνατος,
1656 1760 1684 1811 ὁ
1713 1758 1771 1824 ἐξ
1797 1757 1992 1823 αἰῶνος

2094 566 2349 623 fundum.
2386 586 2406 619 ι
2441 565 2538 622 lla:
2572 581 2703 621 vero
2735 582 2909 638 aquae,
2939 577 2995 624 et
3022 568 3293 624 dracones
3321 569 3376 622 in
3414 567 3549 639 ipsis
3588 569 3687 627 de-

2092 666 2304 731 gentes,
2356 658 2615 729 superius
2675 658 3064 714 indicabantur
3120 659 3174 714 in
3212 659 3305 714 illo
3349 678 3363 715 :
3399 678 3418 711 ι
3456 659 3684 715 Salvum

2090 767 2179 807 me
2214 751 2318 815 fac,
2353 750 2516 815 Deus,
2556 750 2816 820 quoniam
2851 750 3196 807 intraverunt
3222 765 3379 821 aquae
3411 765 3590 821 usque
3615 751 3686 806 ad

2091 844 2329 899 animam
2385 855 2582 896 meam.
2626 840 2834 896 luiixus
2881 857 3004 898 sum
3036 842 3092 895 in
3137 841 3271 896 limo
3308 840 3591 912 profundi,
3629 849 3687 900 et

2092 953 2204 1007 non
2231 943 2318 991 est
2350 932 2681 990 substantia.
2714 932 2851 988 Veni
2907 934 2963 988 in
3018 933 3364 988 altitudinem
3402 932 3596 997 maris,
3629 941 3688 989 et

2092 1036 2394 1098 tempestas
2444 1027 2708 1083 demersit
2750 1042 2857 1081 me.
2896 1044 2918 1079 ι
2964 1023 3076 1081 Sed
3123 1025 3279 1096 prius
3312 1024 3535 1096 quidem
3560 1024 3685 1095 ejus

2092 1122 2148 1177 in
2182 1136 2356 1192 aquas
2383 1120 2688 1176 descensus
2714 1120 3136 1187 declarabatur;
3170 1121 3225 1173 in
3256 1117 3344 1174 his
3375 1124 3560 1172 autem
3598 1131 3690 1172 re-

2092 1228 2314 1284 gressus
2368 1214 2495 1267 inde
2549 1221 2789 1268 notatur.
2824 1230 2843 1263 ι
2882 1211 3126 1277 Liberer,
3174 1211 3373 1281 inquit,
3440 1209 3509 1265 de
3557 1224 3689 1281 pro-

2094 1302 2279 1360 fundis
2293 1319 2583 1374 aquarum,
2601 1313 2776 1358 etnon
2792 1319 2879 1359 me
2895 1303 3173 1373 demergat
3186 1310 3489 1373 tempestas
3504 1316 3686 1371 aquae,

2092 1411 2273 1467 neque
2297 1394 2586 1452 absorbeat
2608 1410 2694 1450 me
2711 1394 3067 1466 profundum,
3096 1409 3277 1465 neque
3301 1402 3491 1461 urgeat
3518 1408 3686 1462 super

2094 1504 2181 1544 me
2202 1498 2398 1561 puteus
2425 1502 2488 1543 os
2512 1502 2695 1543 suum.
2724 1507 2742 1540 ι
2759 1487 3000 1542 Caatcras
3030 1489 3231 1557 quippe
3256 1485 3541 1539 hominum
3565 1483 3688 1537 ani-

2094 1591 2215 1632 mas
2242 1592 2390 1631 mors
2414 1576 2712 1647 absorpsit,
2731 1587 2785 1632 et
2807 1577 3110 1647 praavaluit,
3134 1590 3197 1629 ac
3223 1582 3420 1645 puteus
3443 1573 3604 1637 ursit,
3629 1580 3684 1628 et

2095 1669 2366 1725 conclusit
2381 1683 2476 1725 ore
2504 1686 2626 1726 suo.
2658 1669 2866 1724 Puteus
2894 1676 3074 1723 autem
3098 1682 3193 1723 ore
3216 1669 3540 1729 instructus,
3561 1666 3683 1735 ipsa

2097 1774 2248 1815 mors
2270 1775 2395 1814 esse
2424 1759 2661 1826 dicatur,
2692 1776 2815 1832 qua:
2838 1760 2907 1815 ab
2931 1759 3089 1814 initio
3114 1773 3305 1815 omnes
3326 1758 3510 1813 isthue
3538 1758 3685 1813 dela-

405 1852 614 1916 πάντας
651 1850 1069 1916 καταπεπωκὼς
1097 1854 1223 1915 τοὺς
1257 1853 1336 1916 εἰς
1370 1851 1532 1905 αὐτὸν
1559 1849 1986 1904 καταπεπτωκό-

2092 1866 2223 1921 psos
2250 1851 2578 1922 deglutivit:
2612 1860 2667 1907 et
2701 1861 2993 1922 postquam
3020 1850 3327 1920 deglulivit,
3359 1848 3679 1914 momordit,

401 1960 521 2008 τας,
556 1943 650 1997 καὶ
707 1942 846 2013 μετὰ
889 1944 950 1996 τὸ
1000 1945 1286 1997 καταπιεῖν
1339 1941 1600 2006 ἐνδακὼν,
1659 1941 1849 2013 ὥσπερ
1896 1943 1988 1994 καὶ

403 2036 731 2100 ἀποκλείσας
750 2036 810 2089 τὸ
839 2034 1032 2090 ἑαυτοῦ
1060 2035 1253 2105 στόμα,
1284 2034 1421 2107 πρὸς
1446 2033 1506 2088 τὸ
1540 2037 1612 2106 μή
1645 2050 1768 2087 τινα
1799 2032 1990 2086 παλιν-

401 2126 692 2200 δρομῆσαι.
731 2126 846 2179 Ἐπ’
879 2125 1013 2197 ἐμοῦ
1043 2126 1100 2179 δὲ
1150 2125 1223 2197 μὴ
1256 2125 1463 2193 γένοιτο
1496 2123 1674 2177 τοῦτο.
1714 2122 1807 2176 Διὸ
1838 2124 1990 2176 ἀντι-

403 2216 542 2271 δολῶ
576 2234 635 2270 σε
660 2215 750 2269 τὸν
779 2216 1000 2286 Πατέρα
1031 2214 1204 2282 λέγων
1224 2232 1237 2245 ·
1272 2232 1289 2265 ι
1319 2215 1410 2284 Μή
1443 2231 1507 2284 με
1539 2214 1989 2268 καταποντισάτω

402 2307 653 2376 καταιγὶς
705 2306 913 2371 ὓδατος,
973 2307 1108 2378 μηδὲ
1159 2304 1475 2361 καταπιέτω
1527 2321 1595 2375 με
1640 2304 1817 2374 βυθὸς,
1854 2304 1990 2376 μηδὲ

406 2398 652 2470 συσχέτω
697 2400 786 2452 ἐπ’
820 2396 921 2470 ἐμὲ
968 2398 1146 2470 φρέαρ
1179 2398 1241 2451 τδ
1285 2398 1456 2468 στόμα
1489 2395 1676 2449 αὐτοῦ’
1722 2415 1742 2447 ι
1781 2394 1814 2466 ἢ
1848 2395 1991 2449 κατὰ

403 2487 494 2541 τδν
550 2487 863 2559 Σύμμαχον,
910 2506 929 2539 ι
978 2487 1131 2558 Μηδὲ
1186 2487 1542 2557 ὲπιπωμάσαι
1583 2503 1672 2557 μοι
1719 2487 1895 2557 φρέαρ
1928 2486 1991 2538 τὸ

405 2579 579 2652 στόμα
605 2579 790 2633 αὑτοῦ.
835 2598 854 2631 ι
891 2578 1002 2633 Καὶ
1033 2578 1127 2632 νῦν
1178 2578 1274 2650 μὲν
1327 2579 1533 2632 ὑδάτων
1591 2578 1862 2649 μέμνηται
1895 2577 1992 2631 καλ⁹

405 2670 584 2741 βυθῶν
638 2672 733 2726 καὶ
784 2671 1052 2742 φρέατος⁹
1111 2670 1169 2723 ὲν
1221 2670 1281 2723 δὲ
1310 2668 1388 2741 τῷ
1412 2668 1497 2723 κα¹
1529 2668 1731 2740 ψαλμῷ
1753 2668 1822 2721 τά
1849 2668 1991 2722 αὐτὰ

402 2762 572 2816 ταῦτα
625 2762 929 2833 σημαίνων,
972 2761 1179 2832 ἑτέροις
1209 2760 1434 2830 ὀνόμασι
1481 2760 1746 2832 κέχρηται
1778 2759 1984 2829 λέγων’

408 2873 428 2906 ι
450 2852 637 2907 Ῥῠσαι
668 2852 776 2906 ἀπὸ
803 2852 1078 2923 ῥομφαίας
1104 2851 1202 2923 τὴν
1230 2851 1408 2921 ψυχήν
1437 2868 1558 2922 μου,
1590 2853 1685 2905 καὶ
1710 2852 1776 2905 ὲκ
1806 2852 1989 2924 χειρὸς

404 2944 563 3007 κυνὸς
587 2943 685 3014 τὴν
711 2943 968 3015 μονογενῆ
998 2958 1120 3013 μου.
1144 2941 1325 2996 Σῶσόν
1352 2959 1418 3014 με
1452 2945 1515 2995 ἐκ
1547 2943 1813 3014 στόματος
1837 2943 1990 2999 λέον-

403 3051 511 3098 τος,
543 3035 636 3088 καὶ
667 3034 775 3087 ἀπὸ
817 3033 1064 3104 κεράτων
1108 3032 1493 3104 μονοκερὼτων
1537 3034 1635 3105 τὴν
1659 3034 1989 3089 ταπείνωσίν

2090 1957 2157 1996 ac
2186 1941 2234 1997 si
2258 1942 2586 1999 occlusissct
2608 1960 2672 2000 os
2690 1959 2873 2008 suum,
2898 1956 2968 1997 ne
2995 1942 3124 2013 quis
3147 1940 3273 1998 inde
3292 1946 3678 1995 reverteretur.

2090 2032 2306 2095 Mecum
2336 2043 2518 2091 autem
2552 2052 2622 2091 ne
2645 2035 2763 2105 pari
2794 2035 2958 2089 modo
2987 2042 3197 2106 agatur.
3231 2032 3415 2100 Quare
3443 2033 3541 2087 tibi
3576 2031 3680 2085 Pa-

2089 2126 2163 2179 tri
2207 2129 2458 2197 supplico
2496 2127 2686 2183 dicens
2718 2147 2730 2182 :
2761 2147 2779 2177 ‹
2813 2127 2933 2183 Non
2966 2141 3053 2182 me
3075 2128 3354 2197 demergat
3382 2132 3680 2196 tempestas

2091 2232 2265 2288 aquae,
2294 2235 2471 2290 neque
2520 2220 2813 2275 absorbent
2861 2234 2948 2275 me
2981 2217 3338 2289 profundum,
3380 2231 3557 2286 neque
3589 2231 3682 2269 ur-

2090 2320 2213 2379 geat
2249 2327 2417 2382 super
2452 2326 2539 2367 me
2571 2321 2771 2383 puteus
2811 2326 2876 2366 os
2916 2326 3110 2379 suum;
3152 2329 3171 2362 »
3212 2310 3328 2366 sive
3377 2308 3681 2365 secundum

2092 2397 2479 2470 Symmachum
2517 2420 2531 2457 :
2573 2420 2593 2455 ι
2630 2401 2819 2472 Neque
2861 2402 3081 2457 obturet
3131 2398 3297 2471 super
3342 2415 3432 2455 me
3480 2406 3683 2469 puteus

2090 2507 2154 2548 os
2187 2509 2368 2548 suum.
2405 2513 2424 2546 ι
2459 2493 2657 2564 Etjam
2693 2494 2913 2564 quidem
2945 2504 3137 2565 aquas,
3197 2491 3470 2564 profunda
3494 2499 3550 2547 et
3580 2506 3684 2562 pu-

2089 2593 2237 2639 teum
2266 2592 2535 2640 memorat
2566 2602 2579 2639 :
2614 2584 2671 2637 in
2704 2583 2966 2639 vicesimo
3008 2594 3191 2638 autem
3242 2582 3420 2652 primo
3468 2581 3682 2650 psalmo

2090 2673 2280 2729 eadem
2313 2677 2431 2746 ipsa
2474 2676 2598 2730 aliis
2631 2676 2918 2731 vocabulis
2954 2676 3162 2730 indicat
3199 2675 3391 2729 dicens
3424 2691 3437 2728 :
3475 2692 3495 2724 ι
3539 2672 3682 2728 Erue

2091 2781 2123 2818 α
2157 2764 2384 2831 framea,
2414 2765 2580 2832 Deus,
2616 2767 2858 2821 animam
2895 2782 3095 2833 meam,
3127 2774 3181 2821 et
3206 2766 3273 2821 de
3308 2781 3476 2820 manu
3524 2766 3680 2821 canis

2090 2853 2424 2923 unigenitam
2480 2870 2678 2911 meam.
2738 2855 2899 2910 Salva
2931 2871 3018 2911 me
3067 2871 3136 2912 cx
3190 2872 3287 2912 ore
3320 2856 3517 2919 leonis,
3560 2866 3615 2910 et
3649 2872 3682 2909 α

2090 2945 2354 3002 cornibus
2392 2948 2739 3002 unicoruium
2799 2948 3165 3003 humilitatem
3216 2963 3391 3002 meam
3429 2949 3496 3002 ".
3541 2967 3561 3000 ι
3613 2946 3683 3001 Et

2092 3035 2210 3092 haec
2244 3037 2311 3093 de
2341 3038 2677 3096 adversariis
2713 3040 3082 3111 potestatibus
3117 3041 3172 3094 in
3213 3039 3451 3104 inferno,
3493 3047 3553 3093 ut
3585 3055 3678 3093 vo-

408 3144 529 3197 μου.
574 3146 592 3178 ι
626 3125 737 3180 Καὶ
764 3123 939 3179 ταῦτα
970 3123 1080 3196 γὰρ
1111 3126 1239 3196 περὶ
1270 3124 1378 3178 τῶν
1431 3125 1489 3178 ἐν
1540 3125 1619 3195 τῷ
1670 3125 1986 3196 καλουμένῳ

2093 3136 2243 3197 cant,
2276 3130 2602 3201 degentibus
2634 3132 2784 3187 dicta
2813 3141 2963 3195 sunt,
3003 3133 3141 3186 utin
3178 3132 3493 3203 hujusmodi
3531 3132 3680 3186 loco-

403 3216 505 3292 ᾄδῃ
526 3216 805 3288 δυνάμεων
824 3215 1215 3285 ἀντικειμένων
1244 3215 1510 3280 λέλεκται,
1535 3216 1611 3278 ὼς
1639 3216 1765 3279 τοὺς
1784 3215 1984 3281 τόπους

2090 3229 2215 3269 rum
2245 3197 2613 3287 explicatione
2634 3218 3060 3274 declaravimus.

402 3309 749 3385 διηγούμενοι
778 3310 1227 3379 παρεστήσαμεν.

474 3420 495 3455 ί
527 3401 858 3456 Είσάκουσόν
916 3418 1039 3471 μου,
1094 3400 1287 3472 Κύριε,
1338 3401 1420 3454 ὅτι
1477 3399 1714 3473 χρηστὸν
1744 3400 1806 3453 τὸ
1839 3399 1987 3465 ἔλεός

406 3511 529 3549 σου’
562 3495 702 3549 κατὰ
746 3494 805 3548 τὸ
849 3493 1051 3565 πλῆθος
1091 3493 1197 3546 τῶν
1226 3493 1527 3565 οἰκτιρμῶν
1561 3511 1655 3547 σου
1695 3492 1985 3563 ἑπίόλεψον

403 3587 489 3640 ἐπ’
517 3585 640 3656 ἐμέ.
678 3605 697 3637 ι
729 3584 838 3637 Καὶ
890 3583 1120 3637 ἐνταῦθα
1145 3583 1232 3637 διὰ
1251 3584 1347 3637 τοῦ
1374 3587 1506 3658 παρ’
1532 3586 1806 3657 Ἑϐραίοις
1826 3587 1986 3639 ἀνεκ-

404 3679 652 3749 φωνήτου
708 3675 798 3728 τδν
847 3674 1040 3728 ἑαυτοῦ
1076 3675 1295 3746 Πατέρα
1347 3678 1375 3729 ό
1427 3676 1617 3748 Σωτὴρ
1644 3676 1984 3730 ἐπικαλεῖται

401 3768 576 3839 λέγων
598 3785 612 3799 ·
655 3767 871 3838 Ἐπειδὴ
900 3768 1028 3820 τάδε
1061 3769 1155 3820 καὶ
1186 3767 1312 3821 τάδε
1349 3768 1547 3839 ᾔτησα,
1580 3770 1667 3823 ἵνα
1697 3770 1770 3840 μὴ
1800 3771 1984 3840 ἐμπά-

402 3877 486 3931 γω
509 3864 589 3924 εἰς
614 3860 703 3913 τὸν
739 3859 927 3932 πηλὸν,
947 3860 1041 3912 καὶ
1067 3860 1215 3923 ὅπως
1264 3859 1518 3930 ρυσθείην
1546 3862 1611 3913 ὲκ
1636 3860 1745 3913 τῶν
1778 3861 1984 3932 βαθέων

401 3949 510 4006 τῶν
529 3950 758 4016 ὑδάτων,
784 3950 853 4004 τά
882 3967 940 4002 τε
959 3948 1169 4012 τούτοις
1189 3949 1338 4019 ἑξῆς,
1365 3949 1557 4004 τούτου
1581 3952 1740 4022 χάριν
1766 3951 1985 4004 ἐπίνευ-

406 4045 498 4099 σόν
532 4062 634 4115 μου
663 4046 729 4115 τῇ
774 4042 975 4115 δεήσει,
1009 4035 1054 4094 ὦ
1092 4040 1285 4113 Κύριε,
1321 4060 1339 4091 ι
1373 4041 1453 4094 ὅτι
1485 4042 1719 4114 χρηστὸν
1746 4042 1807 4096 τὸ
1836 4042 1985 4107 ἔλεός

408 4137 631 4206 οω,κα“ι
653 4135 793 4189 κατὰ
807 4134 867 4187 τὸ
887 4133 1091 4203 πλῆθος
1118 4132 1227 4185 τῶν
1245 4133 1543 4204 οἰκτιρμῶν
1573 4150 1664 4186 σου
1689 4133 1984 4205 ὲπίὸλεψον

404 4229 493 4280 ἐπ’
522 4228 639 4299 ἐμέ.
670 4228 761 4299 Μὴ
794 4226 1136 4297 άπόστρεψον
1162 4224 1225 4278 τὸ
1250 4224 1541 4297 πρόσωπόν
1594 4241 1689 4277 σου
1727 4225 1836 4279 ἀπὸ
1889 4225 1983 4280 τοῦ

402 4320 590 4384 παιδός
633 4337 746 4373 σου.
787 4339 805 4371 ι
844 4320 935 4374 Ἐν
968 4312 1049 4381 οἷς
1100 4316 1408 4390 παρακαλεῖ
1451 4315 1760 4386 ἐπιϐλέψαι,
1789 4319 1881 4372 καὶ
1909 4317 1984 4389 μὴ

401 4409 741 4481 ἀποστρέψαι
772 4409 832 4461 τὸ
854 4408 1144 4480 πρόσωπον
1175 4407 1235 4473 ἐξ
1268 4406 1433 4461 αὑτοῦ
1454 4422 1469 4437 ’
1506 4406 1573 4459 ἵν’
1597 4407 1786 4479 ὥσπερ
1812 4409 1985 4479 μέγας

2171 3392 2337 3452 Vens.
2386 3395 2596 3451 17-21.
2654 3415 2678 3447 ι
2725 3393 2935 3450 Exaudi
2976 3411 3084 3458 me,
3134 3392 3386 3458 Domine,
3417 3393 3678 3464 quoniam

2087 3492 2325 3563 benigna
2363 3497 2448 3545 est
2480 3487 2859 3543 misericordia
2889 3496 3005 3554 tua,
3039 3487 3347 3543 secundum
3376 3486 3682 3543 multitudi-

2089 3599 2215 3640 nem
2276 3582 2695 3637 miseratiouum
2751 3589 2970 3636 tuarum
3018 3580 3231 3650 reSpice
3276 3580 3332 3634 in
3366 3595 3473 3635 me.
3512 3600 3532 3632 ι
3582 3579 3681 3636 llic

2088 3690 2308 3746 quoque
2344 3673 2609 3730 ineffabili
2647 3672 2794 3744 apud
2828 3672 3087 3729 Hebraeos
3117 3686 3252 3729 voce
3286 3671 3548 3728 Servatur
3576 3670 3682 3727 Pa-

2086 3776 2228 3822 trem
2250 3781 2411 3820 suum
2436 3766 2655 3819 invocat
2685 3764 2875 3820 dicens
2908 3784 2922 3821 :
2954 3763 3091 3831 Quia
3118 3764 3236 3820 hrcc
3265 3774 3318 3820 et
3347 3764 3439 3819 illa
3470 3766 3675 3835 rogavi,

2089 3868 2153 3913 ut
2180 3873 2248 3913 ne
2277 3857 2472 3927 inﬁgar
2495 3856 2549 3910 in
2569 3858 2703 3920 luto,
2726 3864 2788 3911 ut
2813 3858 3012 3911 liberer
3030 3872 3059 3909 a
3078 3857 3365 3926 profundis
3389 3874 3679 3930 aquarum,

2088 3958 2146 4006 et
2181 3956 2381 4005 uetera
2413 3962 2535 4018 qua:
2578 3957 2907 4018 sequuntur,
2946 3947 3069 4002 ideo
3094 3962 3276 4004 annue
3307 3948 3680 4003 obsecrationi

2089 4053 2244 4102 mete,
2268 4054 2302 4092 ο
2330 4037 2577 4102 Domine,
2612 4055 2633 4089 ι
2677 4036 2937 4106 quoniam
2969 4035 3205 4105 benigna
3238 4046 3322 4092 est
3362 4037 3681 4091 misericor-

2087 4130 2177 4184 dia
2205 4138 2322 4196 tua,
2359 4138 2412 4185 et
2455 4127 2757 4185 secundum
2808 4126 3221 4182 multitudinem
3262 4129 3677 4184 miseratiuuum

2089 4231 2307 4278 tuarum
2347 4222 2560 4293 respice
2593 4222 2649 4275 in
2682 4236 2787 4275 me.
2828 4218 2907 4275 Ne
2947 4226 3166 4274 avertas
3218 4219 3414 4276 faciem
3458 4230 3608 4275 tuam
3645 4238 3677 4276 a

2087 4329 2261 4386 puero
2288 4323 2404 4370 tuo.
2445 4333 2465 4366 ι
2507 4312 2719 4380 Quibus
2747 4320 2900 4383 rogat
2930 4319 2989 4367 ut
3019 4312 3300 4382 respiciat,
3331 4328 3434 4368 nec
3469 4320 3680 4369 avertat

2088 4409 2285 4464 faciem
2318 4424 2474 4463 suam
2519 4422 2551 4462 a
2595 4423 2676 4471 se,
2726 4414 2786 4460 ut
2852 4406 3014 4476 quasi
3062 4421 3296 4475 magnus
3347 4408 3677 4478 agonotheta

403 4499 744 4570 ἀγωνοθέτης
791 4499 1059 4571 δοκιμάσῃ
1086 4499 1177 4551 τὸν
1206 4497 1392 4567 ἀγῶνα
1423 4496 1483 4551 ὃν
1522 4497 1730 4569 ὑπέστη
1764 4500 1859 4553 καὶ
1883 4500 1983 4571 τὴν

2090 4501 2283 4571 probet
2311 4500 2457 4571 quod
2484 4507 2767 4571 certamen
2797 4497 3052 4564 subierit,
3090 4514 3255 4571 quam
3285 4500 3602 4570 patientiam
3622 4509 3679 4556 et

401 4591 676 4663 ὕπομονὴν
722 4590 817 4645 καὶ
868 4589 967 4661 τὴν
991 4590 1335 4656 ταπείνωσιν,
1378 4591 1461 4661 ἐφ’
1585 4590 1980 4661 σεμνυνόμενος

2090 4592 2453 4647 humilitatem
2487 4610 2502 4648 :
2536 4590 2604 4648 de
2628 4606 2736 4663 qua
2767 4591 3055 4662 gloriatus,
3094 4590 3310 4646 Patrem
3345 4599 3500 4660 rogat
3526 4601 3586 4647 ut
3609 4608 3679 4648 no

402 4684 544 4751 ἀξιοῖ
584 4683 673 4737 τὸν
721 4680 939 4751 Πατέρα
988 4680 1061 4752 μὴ
1099 4679 1436 4753 ἀποστρέψαι
1489 4680 1549 4733 τὸ
1589 4681 1881 4752 πρόσωπον
1922 4681 1982 4748 ὲξ

404 4775 589 4839 αὑτοῦ,
637 4774 750 4827 ἀλλ’
807 4773 1090 4843 ἐπιϐλέψαι
1161 4775 1239 4837 είς
1303 4773 1485 4827 αὐτόν.
1514 4768 1649 4826 Εἶτα
1704 4773 1980 4842 ἐπιλέγειο

407 4884 428 4919 ε
467 4868 588 4921 Ὅτι
630 4866 900 4937 θλίϐομαι,
935 4865 1073 4936 ταχὺ
1115 4864 1415 4919 ὲπάκουσόν
1447 4881 1578 4935 μουο
1606 4884 1625 4917 ι
1654 4865 1687 4936 ἢ
1727 4865 1869 4919 κατὰ
1894 4868 1984 4923 τὸν

414 4958 667 5021 Ἀκύλαν,
707 4975 725 5008 ι
765 4959 886 5010 Ὅτι
930 4956 1113 5011 στενόν
1148 4973 1258 5027 μοι,
1292 4957 1430 5027 ταχὺ
1462 4956 1765 5011 ὲπάκουσόν
1806 4976 1928 5031 μου.
1960 4978 1979 5011 ι

400 5050 634 5122 Νοήσεις
673 5050 731 5104 δὲ
772 5049 866 5103 καὶ
894 5048 1083 5102 τούτου
1113 5047 1210 5120 τὴν
1231 5048 1474 5101 διάνοιαν
1503 5051 1805 5121 ἐπιστήσας
1834 5050 1985 5113 ὅπως

400 5142 614 5217 είρηται
646 5142 727 5208 τὸ,
764 5160 783 5192 ι
806 5142 971 5227 Στεγὴ
994 5142 1088 5195 καὶ
1115 5141 1444 5212 τεθλιμαενη
1467 5141 1500 5212 ἡ
1527 5140 1645 5204 ὁδὸς
1675 5144 1710 5212 ἡ
1740 5142 1984 5211 ἀπάγου-

403 5249 472 5287 σα
503 5235 585 5295 είς
618 5233 717 5303 τὴν
746 5230 909 5302 ζωὴν.
938 5232 1029 5285 καὶ
1064 5230 1232 5300 ὀλίγοι
1262 5229 1400 5282 είσὶν
1433 5229 1482 5281 ot
1514 5230 1882 5301 εἰσερχόμενοι
1912 5231 1978 5283 δι’

401 5324 592 5394 αὐτῆς.
639 5343 659 5377 ι
703 5324 924 5395 Πρῶτος
959 5321 1091 5391 γοῦν
1137 5322 1300 5385 αὐτὸς
1336 5320 1434 5392 τὴν
1466 5320 1658 5391 στενὴν
1685 5320 1855 5393 αὐτὴν
1884 5323 1980 5376 καὶ

400 5414 496 5489 τὴν
522 5414 885 5486 τεθλιμμένην
911 5412 1136 5477 ὁδεύσας
1157 5411 1343 5481 ἔλεγεν
1361 5429 1374 5441 ³
1416 5431 1436 5463 ι
1464 5413 1584 5465 ’Ότι
1619 5414 1778 5483 στενή
1813 5429 1923 5482 μοι,
1952 5433 1972 5465 ο

399 5507 514 5571 καὶ,
552 5524 572 5558 ι
616 5507 700 5560 ὃτι
738 5504 1010 5576 Θλίόομαι,
1042 5504 1179 5573 ταχὺ
1216 5502 1516 5557 ὲπάκουσόν
1551 5518 1674 5574 μου’
1703 5521 1723 5553 ι
1761 5504 1977 5575 Ἐδήλου

397 5597 457 5655 δὲ
483 5601 578 5653 καὶ
600 5599 687 5654 διὰ
714 5598 823 5654 τῶν
849 5596 1156 5671 ἔμπροσθεν
1184 5596 1282 5668 τὴν
1316 5594 1493 5666 θλίψιν
1526 5595 1720 5650 ἑαυτοῦ
1753 5597 1849 5653 καὶ
1880 5597 1979 5670 τὴν

469 5782 516 5814 "
555 5780 701 5837 Psal.
742 5798 861 5845 ni,
901 5780 994 5845 2|,
1034 5779 1126 5835 22.
1204 5779 1249 5815 "
1288 5777 1477 5836 Matth.
1523 5796 1619 5848 vn,
1663 5779 1747 5834 η.

563 5877 834 5940 Par-non.
883 5877 1000 5938 Gn.
1038 5876 1276 5939 XXlll.

2091 4693 2303 4740 avertat
2334 4684 2529 4739 faciem
2559 4700 2740 4745 suam,
2776 4682 2871 4739 sed
2900 4684 3266 4755 sc'rcspiciat.
3306 4681 3515 4740 Dehinc
3548 4685 3681 4740 sub-

2085 4777 2268 4848 jungit
2297 4795 2310 4830 :
2351 4795 2372 4828 ι
2401 4775 2675 4843 Quoniam
2707 4776 2963 4842 tribulor,
2983 4776 3243 4831 velociter
3269 4775 3470 4831 exaudi
3494 4792 3583 4832 me
3607 4793 3623 4843 ;
3652 4796 3671 4828 ι

2089 4868 2207 4923 sive
2229 4868 2533 4923 secundum
2563 4867 2838 4939 Aquilam,
2866 4886 2887 4920 ι
2914 4866 3051 4934 Quia
3075 4875 3367 4937 angustum
3399 4868 3554 4932 mihi,
3582 4885 3677 4925 ver

2086 4960 2279 5016 lociter
2310 4960 2508 5015 exaudi
2538 4976 2644 5015 me.
2688 4978 2708 5012 ι
2747 4958 2901 5014 llam:
2930 4974 3096 5031 porro
3135 4960 3467 5015 sententiam
3508 4959 3673 5015 intel-

2086 5050 2246 5122 liges,
2279 5054 2326 5106 si
2363 5050 2681 5106 consideres
2711 5050 2860 5120 quod
2892 5050 3100 5104 dictum
3134 5059 3219 5105 est
3247 5070 3261 5106 :
3296 5068 3315 5102 ι
3347 5050 3592 5121 Augusta
3618 5059 3674 5105 et

2086 5149 2240 5195 arcta
2276 5142 2365 5194 via
2411 5148 2648 5209 estquae
2698 5140 2849 5194 ducit
2899 5138 2968 5192 ad
3002 5137 3194 5205 vitam,
3247 5146 3304 5193 et
3347 5138 3507 5208 pauci
3540 5145 3670 5194 sunt

2087 5234 2181 5305 qui
2217 5232 2604 5303 ingrediuntur
2629 5247 2726 5301 per
2762 5248 2882 5287 eam
2913 5233 2979 5287 ’⁸.
3023 5252 3044 5286 ι
3083 5231 3204 5303 Ipse
3229 5233 3417 5302 igitur,
3441 5230 3533 5301 qui
3557 5231 3668 5299 pri-

2089 5342 2214 5381 mus
2243 5325 2347 5380 hac
2394 5332 2629 5395 angusta
2682 5331 2738 5378 et
2792 5332 2942 5380 arcta
2985 5324 3070 5379 via
3114 5324 3362 5387 incessit,
3398 5320 3663 5379 dicebat:

2093 5434 2115 5467 ι
2148 5415 2419 5482 Quoniam
2448 5422 2682 5484 angusta
2717 5412 2873 5474 mihi.
2912 5433 2931 5466 ι
2964 5425 3041 5478 et,
3070 5432 3088 5464 ι
3118 5414 3377 5485 quoniam
3410 5411 3664 5472 tribulor.

2085 5508 2349 5563 velociter
2367 5506 2564 5562 exaudi
2592 5520 2702 5559 me.
2734 5523 2753 5554 ι
2784 5502 2840 5559 In
2861 5507 3242 5577 superioribus
3253 5520 3473 5576 quoque
3495 5504 3670 5559 tribu-

2087 5600 2348 5656 lationem
2395 5608 2448 5654 et
2481 5597 2786 5669 angustiam
2834 5613 2991 5653 suam
3037 5599 3121 5655 sic
3149 5597 3506 5654 declarabat:
3539 5613 3561 5649 ι
3600 5593 3671 5653 Et

3297 5868 3380 5933 25
