4056 6388
395 304 500 362 717

1034 300 1304 357 EUSEBII
1345 300 1829 359 CESARIENSES
1866 302 2021 360 OPP.
2063 303 2248 359 PARS
2288 301 2377 357 Ill.
2421 333 2489 343 -
2529 301 2958 359 EXEGETICA.

3562 307 3671 361 74B

391 422 580 494 operui
623 419 677 474 in
700 418 913 490 jejunio
951 419 1188 473 animam
1235 432 1433 483 meam,
1467 426 1523 474 et
1558 418 1761 475 factum
1790 429 1875 475 est
1919 419 1971 474 in

2075 404 2337 476 στένωσιν
2371 420 2575 490 λέγων·
2613 439 2631 471 ι
2674 420 2782 475 Καὶ
2829 419 3177 491 συνεκάλυψα
3215 421 3273 473 ἐν
3314 420 3539 494 νηστείᾳ
3569 421 3672 495 τὴν

390 514 744 586 opprobrium
797 512 951 567 milii.
1007 510 1282 581 Et‘posui
1343 513 1729 568 vestimentum
1793 528 1973 567 meum

389 597 635 665 caecum.
670 626 689 658 ο
718 604 935 660 Patrem
968 604 1154 673 itaque
1186 604 1412 674 rogabat
1430 604 1547 660 haec
1592 613 1651 659 ut
1680 604 1974 674 respiceret

388 709 446 757 et
470 699 847 754 consideraret
875 712 997 767 qua:
1036 712 1135 766 pro
1162 697 1321 752 nobis
1354 696 1655 752 certamina
1695 697 1976 751 sustinue-

386 796 481 849 rit.
512 791 695 859 Quare
718 790 933 846 diccbat
970 808 983 843 :
1017 807 1035 840 ι
1071 786 1293 845 Intende
1319 788 1515 843 animae
1544 804 1697 853 mea},
1724 796 1777 844 et
1806 788 1975 844 libera

386 899 532 940 eam.
576 902 596 935 ι
633 881 836 946 Deinde
857 896 986 938 vero
1020 888 1165 935 recte
1200 880 1339 934 facta
1376 879 1673 935 ostendens
1708 895 1830 945 sua,
1852 894 1976 950 quae

388 981 450 1028 ut
489 974 581 1028 ille
627 972 888 1044 respiciat
940 971 1216 1035 obsecrat,
1265 970 1441 1041 pergit
1476 989 1489 1024 :
1533 988 1551 1022 ι
1590 968 1822 1040 Propter
1871 971 1977 1024 ini-

386 1067 565 1120 micos
596 1080 748 1121 meos
774 1065 924 1135 eripe
961 1079 1066 1119 me.
1098 1064 1178 1118 Tu
1210 1063 1321 1119 scis
1360 1062 1756 1134 improperium
1793 1077 1975 1118 meum

388 1163 443 1210 rt
462 1157 843 1213 confusionem
861 1172 1060 1220 meam,
1079 1165 1132 1212 et
1148 1156 1506 1211 reverentiam
1523 1171 1718 1213 meam.
1736 1175 1754 1207 ι
1776 1154 1976 1223 Quem-

391 1247 687 1303 admodum
713 1249 1055 1318 enim‘supra
1088 1247 1303 1303 dicebat
1338 1266 1351 1301 :
1383 1265 1403 1299 ι
1441 1245 1524 1302 Τιι
1559 1248 1671 1302 scis
1712 1246 1978 1317 insipien-

389 1339 524 1393 tiam
552 1354 751 1403 meam,
788 1349 843 1394 et
874 1338 1073 1394 delicta
1096 1351 1216 1393 mea
1246 1354 1288 1391 α
1336 1343 1394 1392 te
1427 1351 1538 1391 non
1576 1345 1704 1391 sunt
1749 1336 1979 1392 abscon-

391 1429 546 1496 dita;
590 1448 609 1482 i
650 1429 734 1484 sic
767 1438 821 1484 et
868 1443 1036 1484 nunc.
1082 1434 1200 1491 tua,
1232 1426 1435 1497 inquit,
1470 1426 1778 1497 cognitione
1813 1423 1975 1496 digna

393 1525 524 1574 sunt
566 1517 901 1589 ~improperia
952 1534 1091 1572 mea.
1147 1516 1224 1573 De
1287 1518 1395 1573 illis
1438 1532 1657 1588 quoque
1720 1516 1976 1586 superius

392 1612 588 1683 agebat
611 1610 804 1666 dicens
838 1630 859 1665 .:
895 1629 919 1662 ‹
954 1610 1260 1681 Oppi-ebria
1284 1611 1733 1681 exprobrantium
1762 1610 1857 1664 tibi
1887 1625 1977 1664 ce-

392 1702 647 1759 ciderunt
679 1718 845 1774 super
873 1718 979 1758 me.
1015 1722 1033 1752 ι
1078 1702 1532 1773 Quandoquidem
1580 1702 1747 1773 igitur
1775 1717 1842 1757 ex
1884 1702 1977 1771 ju-

2078 512 2255 583 ψυχήν
2291 528 2414 583 μου,
2457 511 2556 565 ικαὶ
2605 510 2836 583 ἐγενήθη
2885 512 2965 575 είς
3008 510 3345 581 ὀνειδισμοὺς
3382 512 3525 583 ἐμοί.
3559 511 3671 568 Καὶ

2076 604 2278 676 ἐθέμην
2332 602 2395 656 τὸ
2435 601 2641 675 ἔνδυμά
2692 621 2792 675 μου
2835 603 3056 657 σάκκον.
3103 624 3124 656 ο
3176 603 3300 657 Ἐπὶ
3331 605 3542 667 τούτοις
3575 600 3671 659 οὖν

2078 697 2174 749 καὶ⁸
2218 694 2520 768 παρεκάλει
2566 694 2657 747 τὸν
2701 696 2921 766 Πατέρα
2948 694 3214 767 ἐμϐλέψαι
3245 696 3339 748 καὶ
3368 694 3671 750 θεάσασθαι

2075 788 2203 850 τοὺς
2236 786 2427 850 ἄθλους
2458 784 2549 849 οὓς
2608 786 2751 859 ὑπὲρ
2803 785 2959 857 ἡμῶν
3012 786 3306 857 ὑπέμεινε·
3353 785 3435 840 διὸ
3476 786 3667 857 ἔλεγεν

2084 898 2103 929 ‹
2144 877 2388 951 Πρόσχες
2436 880 2502 949 τῇ
2555 877 2701 951 ψυχῇ
2749 895 2888 950 μου,
2934 878 3030 931 καί
3080 876 3356 950 λύτρωσαι
3409 877 3601 950 αὑτήν.
3645 899 3665 929 ι

2078 967 2212 1024 Εἶτα
2242 971 2453 1034 δεικνὺς
2497 970 2663 1024 αὐτοῦ
2705 971 2775 1025 τὰ
2808 969 3209 1042 κατορθώματα
3265 966 3347 1035 οἷς
3398 971 3671 1043 ἐμϐλέψαι

2080 1062 2399 1134 παρεκάλει,
2434 1062 2694 1131 ἐπιλέγει·
2719 1080 2739 1114 ι
2767 1063 2969 1116 Ἕνεκα
2995 1060 3105 1116 τῶν
3132 1061 3343 1135 ἐχθρῶν
3362 1080 3473 1134 ,μου
3503 1062 3669 1135 ρῦσαί

2082 1172 2170 1228 με.
2202 1156 2274 1210 Σὺ
2300 1153 2629 1225 γιγνώσκεις
2657 1154 2749 1208 τὸν
2774 1155 3073 1226 ὀνειδισμόν
3103 1172 3204 1227 μου
3225 1155 3320 1209 καὶ
3347 1154 3446 1228 τὴν
3479 1156 3670 1227 αίσχύ-

2077 1257 2174 1307 νην
2209 1258 2332 1312 μου,
2359 1240 2456 1296 καὶ
2482 1241 2581 1313 τὴν
2612 1243 2881 1315 ἐντροπὴν
2923 1261 3049 1314 μου.
3088 1263 3108 1296 ι
3144 1240 3239 1308 Ὦς
3270 1243 3378 1318 γὰρ
3411 1240 3672 1320 ἀνωτέρω

2078 1329 2265 1400 ἔλεγεο
2333 1350 2352 1383 ι
2406 1332 2479 1385 Σὺ
2531 1331 2703 1403 ἔγνως
2763 1333 2863 1405 τὴν
2915 1332 3226 1407 ἀφροσύνην
3285 1353 3409 1406 μου,
3458 1336 3555 1391 καὶ
3608 1339 3665 1392 αι

2079 1425 2449 1497 πλημμέλειαι
2486 1443 2587 1498 μου
2617 1425 2725 1480 ἀπὸ
2751 1426 2844 1480 σοῦ
2881 1427 2981 1481 οῦκ
3012 1426 3407 1499 ἀπεκρῦόησαν
3428 1447 3441 1461 ·
3476 1450 3496 1483 ι
3527 1428 3669 1485 οὕτω

2079 1518 2171 1572 καὶ
2196 1516 2291 1573 νῦν
2336 1520 2436 1590 τῆς
2485 1519 2604 1591 σῆς,
2638 1520 2798 1591 φησὶ,
2842 1517 3097 1588 γνώσεως
3139 1518 3494 1593 τυγχάνουσιν
3525 1522 3668 1589 ἄξιοι

2078 1609 2129 1661 oi
2178 1608 2473 1680 όνειδισμοί
2528 1627 2654 1681 μου.
2714 1611 2936 1682 Ἐδήλου
2968 1611 3025 1687 δὲ
3072 1610 3203 1683 περὶ
3253 1611 3453 1667 τούτων
3484 1616 3578 1668 καὶ
3606 1617 3667 1669 ἐν

2080 1704 2190 1765 τοῖς
2221 1700 2527 1774 ἔμπροσθεν
2561 1701 2735 1771 λέγων
2755 1720 2767 1733 ·
2804 1721 2823 1754 ι
2865 1704 2975 1758 Καὶ
2996 1705 3047 1756 οί
3079 1704 3371 1777 ὀνειδισμοὶ
3397 1706 3504 1759 τῶν
3527 1702 3664 1761 όνειὲ

392 1796 540 1852 dicio
565 1803 661 1852 tuo
691 1804 748 1852 et
781 1803 920 1850 nutu
950 1796 1243 1866 opprobria
1295 1797 1533 1853 sustinui
1565 1804 1620 1851 et
1676 1796 1971 1866 ignominia

2075 1792 2329 1858 διζόντων
2390 1809 2450 1847 σε
2483 1792 2759 1847 ἐπέπεσαν
2803 1794 2889 1847 ἐπ’
2940 1794 3062 1865 ἐμέ.
3097 1814 3115 1845 ι
3161 1796 3313 1849 Ἐπεὶ
3357 1796 3531 1852 τοίνυν
3594 1801 3662 1870 σῇ

390 1890 606 1960 plenam
641 1889 976 1960 passionem,
1013 1889 1135 1944 ideo
1167 1889 1331 1944 dico:
1364 1906 1382 1939 ‹
1431 1886 1511 1941 Tu
1548 1887 1659 1943 scis
1698 1888 1975 1959 imprope-

390 1980 534 2034 rium
568 1995 750 2036 meum
778 1987 834 2036 et
862 1979 1244 2035 confusionem
1287 1994 1464 2033 meam
1516 1985 1571 2033 et
1614 1978 1975 2033 reverentiam

387 2084 590 2125 meam.
632 2089 652 2122 ι
687 2069 1080 2125 Confusionem
1111 2069 1259 2124 nosti
1296 2083 1497 2132 meam,
1540 2083 1648 2122 non
1694 2068 1974 2137 indignam

388 2162 587 2216 notitia
638 2168 765 2227 tua,
815 2169 871 2219 et
925 2164 1288 2220 reverentiam
1342 2178 1439 2217 seu
1493 2162 1776 2232 pudorem,
1811 2176 1973 2232 quem

390 2253 655 2318 sustinui,
690 2269 817 2308 cum
849 2272 867 2305 ι
906 2256 1135 2311 dorsum
1163 2272 1341 2311 meum
1373 2254 1498 2310 dedi
1546 2254 1617 2308 ad
1660 2254 1892 2324 ﬂagella,
1921 2263 1976 2308 et

384 2346 587 2402 faciem
631 2362 810 2403 meam
835 2347 903 2402 ad
953 2349 1161 2419 alapas.
1200 2368 1218 2401 ι
1257 2347 1443 2418 Neque
1496 2348 1612 2417 pari
1663 2354 1828 2416 atque
1873 2360 1975 2416 ego

388 2437 951 2494 ratione-cruciantes
984 2454 1073 2494 me
1120 2440 1263 2495 nosti
1313 2460 1326 2493 :
1367 2453 1549 2509 neque
1592 2438 1736 2492 enim
1769 2437 1845 2491 illi
1880 2451 1975 2495 co-

383 2529 635 2598 gnitione
658 2537 752 2583 tua
781 2530 951 2601 digni.
975 2529 1153 2596 Quare
1188 2532 1254 2586 de
1284 2531 1391 2586 illis
1425 2531 1549 2585 dico
1576 2548 1589 2584 :
1619 2548 1637 2580 ι
1672 2528 1878 2583 Contra
1921 2535 1974 2584 te

384 2630 519 2679 sunt
556 2637 747 2677 omnes
766 2622 858 2693 qui
899 2622 1166 2678 tribulant
1196 2638 1301 2679 me.
1342 2643 1361 2676 ι
1400 2622 1475 2676 Ita
1506 2637 1671 2692 porro
1700 2630 1893 2674 contra
1920 2627 1973 2675 te

380 2723 538 2782 sunt,
571 2723 632 2770 ut
664 2715 940 2771 contraria
997 2716 1095 2770 tibi
1133 2716 1420 2787 eligentes,
1454 2730 1650 2785 meque
1700 2714 1968 2777 cruciant,

382 2809 522 2863 nihil
556 2809 808 2864 utilitatis
860 2825 924 2863 ex
972 2808 1283 2863 ministerio
1333 2822 1455 2861 meo
1496 2807 1668 2872 nacti,
1705 2814 1870 2877 atque
1913 2805 1972 2859 in

381 2916 545 2957 suam
576 2901 876 2971 perniciem
910 2900 1186 2955 cruciant.
1226 2898 1391 2955 Addit
1424 2908 1614 2970 postea
1651 2918 1667 2954 :
1704 2916 1725 2950 ι
1761 2896 1974 2968 lmpro-

381 2993 596 3064 perium
623 2993 959 3064 exspectavit
992 3010 1089 3047 eor
1126 3008 1307 3048 meum
1337 3000 1392 3047 et
1423 2993 1719 3047 miseriam.
1761 3011 1779 3042 ι
1813 2989 1971 3056 Quod

378 3084 592 3140 clarius
652 3085 1048 3157 interpretatus
1108 3083 1477 3157 Symmachus
1548 3092 1633 3139 est
1702 3083 1894 3137 dicens
1953 3100 1966 3135 :

391 3198 411 3229 ι
449 3178 844 3248 lmproperium
877 3177 1147 3249 confregit
1175 3193 1272 3233 cor
1300 3193 1502 3242 meum,
1527 3187 1583 3233 et
1613 3177 1863 3232 dolebam
1891 3194 1906 3241 ;
1944 3196 1963 3228 ι

383 3270 581 3339 Aquila
616 3284 770 3333 vero,
803 3287 823 3321 ι
866 3269 1287 3342 lmproperium,
1337 3270 1539 3341 inquit,
1576 3268 1839 3326 contrivit
1874 3284 1970 3324 cor

379 3374 587 3422 meum,
616 3367 671 3415 et
696 3359 1017 3431 desperatus
1053 3377 1195 3417 sum.
1222 3381 1241 3415 ι

2074 1883 2253 1955 κρίσει
2310 1883 2403 1939 καὶ
2436 1881 2513 1954 σῷ
2552 1883 2822 1956 πνεύματι
2845 1885 2971 1949 τοὺς
2998 1885 3333 1957 ὀνειδισμοὺς
3376 1886 3664 1959 ὑπέμεινα,

2074 1974 2169 2029 καὶ
2204 1972 2264 2027 τὸ
2309 1973 2508 2048 μεστὸν
2548 1974 2810 2046 αἰσχύνης
2856 1974 2919 2028 τὸ
2956 1976 3144 2041 πάθος,
3168 1976 3257 2030 διὰ
3289 1976 3446 2031 τοῦτό
3489 1996 3689 2051 φημι-ι

2081 2086 2100 2119 ι
2136 2068 2209 2120 Σὺ
2235 2066 2524 2136 γινώσκεις
2557 2068 2649 2120 τὸν
2678 2068 2979 2138 ὀνειδισμόν
3018 2086 3118 2139 μου
3148 2070 3240 2123 καὶ
3274 2071 3372 2142 τὴν
3404 2070 3670 2143 αἰσχύνην

2076 2175 2202 2228 μου,
2241 2160 2334 2211 καὶ
2366 2160 2466 2227 τὴν
2514 2160 2783 2231 ἐντροπήν
2816 2177 2937 2231 μου.
2978 2182 2995 2212 ι
3036 2160 3147 2232 Τὴν
3203 2161 3302 2233 μὲν
3345 2163 3483 2235 ἐμὴν
3521 2159 3669 2228 οἶδας

2075 2250 2338 2321 αἰσχύνην
2374 2252 2473 2304 οὐκ
2516 2247 2682 2306 οὖσαν
2724 2251 2951 2316 ἀναξίςῖν
2984 2253 3081 2324 τῆς
3119 2254 3216 2325 σῆς
3244 2253 3518 2322 γνώσεως.
3558 2257 3669 2310 Καὶ

2074 2344 2171 2415 τὴν
2221 2344 2489 2416 ἐντροπήν
2538 2362 2665 2416 μου,
2721 2346 2787 2417 ἣν
2844 2346 3133 2416 ὑπέμεινα,
3171 2365 3189 2398 ι
3230 2345 3323 2399 τὸν
3362 2346 3526 2400 νῶτόν
3564 2364 3668 2419 μου

2073 2437 2198 2501 δοὺς
2232 2439 2312 2502 είς
2349 2439 2621 2509 μάστιγας
2673 2439 2768 2493 καὶ
2812 2438 2914 2503 τὰς
2961 2440 3218 2508 σιαγόνας
3255 2458 3357 2512 μου
3392 2443 3472 2505 είς
3507 2441 3669 2514 ῥαπί-

2075 2544 2278 2598 σματα,
2316 2547 2334 2579 ι
2366 2527 2678 2597 γινώσκεις.
2708 2529 2907 2584 Οὐκέτι
2938 2529 2994 2582 δὲ
3018 2530 3219 2600 ὁμοίιος
3244 2532 3369 2604 ἐμοὶ
3399 2533 3526 2596 τοὺς
3554 2531 3669 2585 θλί-

2074 2619 2269 2685 ϐοντάς
2318 2637 2384 2691 με
2426 2621 2749 2688 γινώσκεις
2797 2622 2859 2675 ού
2902 2621 3012 2694 γὰρ
3053 2624 3150 2694 τῆς
3198 2623 3298 2694 σῆς
3337 2623 3669 2695 τυγχάνουσι

2072 2711 2326 2781 γνώσεως
2374 2712 2534 2779 ἄξιοι.
2587 2712 2678 2767 Διὸ
2733 2714 2862 2786 περὶ
2893 2713 3073 2769 αὐτῶν
3119 2733 3295 2786 φημι,
3331 2733 3350 2765 ι
3395 2715 3668 2770 Ἐναντίον
3699 2719 3711 2731 ’

2075 2802 2170 2857 σοῦ
2200 2803 2404 2868 πάντες
2454 2806 2504 2857 οί
2531 2803 2803 2870 θλίϐοντες
2841 2822 2928 2877 με.
2957 2826 2975 2859 ›
2998 2806 3153 2860 Οὕτω
3185 2805 3242 2861 δέ
3265 2807 3402 2860 εἰσιν
3426 2807 3668 2862 ἐναντίον

2074 2897 2189 2961 σοῦ,
2223 2898 2299 2962 ὡς
2326 2897 2395 2952 τὰ
2434 2897 2652 2951 ἐναντία
2686 2899 2770 2952 σοὶ
2793 2899 3169 2974 προῃρημένοι
3192 2917 3203 2930 ·
3242 2898 3484 2955 θλίϐουσι
3515 2900 3573 2954 δέ
3600 2918 3668 2973 με

2076 2991 2243 3063 μηδὲν
2271 2991 2638 3063 ὠφελούμενοι
2671 2994 2736 3046 ἐκ
2779 2993 2880 3064 τῆς
2909 2993 3048 3063 ἐμῆς
3079 2992 3394 3065 θεραπείας,
3422 2995 3517 3048 καὶ
3559 2994 3670 3048 θλί-

2075 3085 2228 3140 6ουσι
2252 3084 2341 3139 διὰ
2366 3084 2468 3154 τῆς
2483 3084 2664 3138 αὐτῶν
2686 3083 2979 3149 ἀπωλείας.
2999 3083 3112 3138 Εἶτ’
3137 3086 3383 3154 ἐπιλέγει
3403 3103 3417 3116 ο
3444 3105 3462 3136 ε
3500 3087 3670 3140 Ὀνει-

2073 3176 2263 3247 δισμδν
2309 3175 2714 3247 προσεδόκησεν
2768 3178 2801 3247 ἡ
2852 3175 3049 3248 καρδία
3106 3194 3208 3248 μου
3255 3178 3350 3231 καὶ
3389 3178 3671 3233 ταλαιπω-

2077 3268 2196 3340 ρίαν
2216 3286 2228 3299 ο
2276 3288 2294 3321 ›
2324 3267 2352 3321 ὃ
2382 3268 2446 3337 δὴ
2474 3268 2806 3340 σαφέστερον
2833 3270 3179 3340 ήρμήνευσεν
3206 3272 3235 3323 ό
3270 3270 3569 3343 Σύμμαχος
3587 3273 3667 3325 εἱ-

2074 3358 2224 3415 πών*
2268 3378 2287 3410 ι
2338 3357 2666 3429 Ὀνειδισμδς
2693 3359 2923 3425 κατέαξε
2952 3360 3051 3431 τὴν
3111 3360 3335 3433 καρδίαν
3391 3379 3516 3434 μου,
3571 3364 3667 3417 καὶ

380 3451 632 3526 ἠνιώμην
665 3472 678 3485 ·
737 3474 755 3507 ι
793 3458 821 3509 ό
883 3456 941 3509 δὲ
1016 3456 1267 3524 Ἀκύλας,
1317 3477 1337 3509 ι
1393 3456 1745 3529 Ὀνειδισμδς,
1805 3459 1958 3530 φησι,
1989 3453 2276 3527 συνέτριψε
2305 3454 2404 3525 τὴν
2425 3452 2650 3524 καρδίαν
2687 3470 2810 3523 μου,
2835 3454 2929 3505 καὶ
2960 3452 3339 3528 ἁπεγνώσθην.
3387 3474 3406 3507 ι

456 3545 627 3606 Vitas.
664 3549 872 3607 22-25.
908 3569 927 3603 ι
968 3551 1035 3606 Ει
1079 3552 1319 3608 sustinui
1345 3553 1440 3623 qui
1469 3554 1634 3608 simul
1669 3555 1971 3610 contrista»

376 3647 558 3705 retur,
585 3651 639 3697 et
663 3656 771 3696 non
796 3641 897 3697 fuit
914 3659 931 3711 ;
948 3651 998 3699 et
1016 3644 1111 3714 qui
1136 3644 1537 3708 consolaretur,
1559 3653 1734 3699 etnon
1766 3644 1969 3700 inveni.

382 3729 457 3785 Et
496 3731 770 3787 dederunt
792 3732 846 3787 in
885 3748 1069 3789 escam
1103 3750 1277 3790 meam
1309 3733 1401 3799 fel,
1430 3745 1489 3789 et
1516 3736 1570 3789 in
1602 3735 1692 3792 siti
1725 3749 1844 3790 mea
1871 3750 1972 3805 po-

382 3833 644 3879 taverunt
686 3840 772 3881 me
819 3834 994 3883 aceto.
1035 3847 1053 3881 ι
1080 3826 1394 3885 Secundum
1445 3827 1831 3900 Symmachum
1868 3843 1967 3882 au-

379 3923 495 3972 tem
529 3937 543 3971 :
576 3936 600 3969 ‹
634 3917 698 3972 Et
717 3919 1108 3989 exspectabam
1158 3922 1252 3992 qui
1299 3922 1464 3977 simul
1517 3922 1962 3985 contristaretur,

382 4018 439 4064 et
469 4025 579 4064 non
608 4009 742 4077 fuit;
780 4020 835 4067 et
865 4017 1268 4077 consolantem,
1300 4022 1354 4068 et
1386 4028 1493 4068 non
1529 4013 1735 4069 inveni.
1771 4012 1835 4067 Et
1881 4013 1965 4065 in-

368 4099 644 4169 ijiciebant
675 4102 732 4155 in
754 4102 937 4157 cibum
965 4118 1144 4158 meum
1179 4102 1270 4167 fel,
1303 4111 1359 4158 et
1385 4104 1440 4157 in
1472 4104 1561 4159 siti
1592 4119 1711 4158 mea
1745 4111 1967 4174 potave-

380 4198 515 4243 runt
544 4205 631 4246 me
660 4200 836 4247 aceto.
874 4213 896 4249 ι
929 4193 1241 4265 Discipulos
1256 4196 1380 4265 ejus
1396 4204 1643 4267 tempore
1666 4197 1964 4268 passionis,

360 4283 506 4352 ‘ipso
527 4282 811 4347 derelicto,
837 4285 1116 4357 effugisse,
1140 4304 1317 4358 neque
1339 4298 1525 4343 tamen
1549 4289 1741 4344 dolore
1763 4304 1968 4346 vacuos

380 4374 576 4443 fuisse,
602 4376 760 4432 docet
790 4379 1163 4451 Evangelium.
1193 4381 1330 4435 Cum
1351 4382 1497 4437 enim
1531 4382 1725 4439 Petrus
1750 4382 1968 4439 ﬂevisse

2156 3569 2173 3599 ι
2218 3548 2329 3602 Kal.
2361 3547 2629 3617 ὑπέμεινα
2669 3546 3127 3618 συλλυπούμενον,
3157 3548 3251 3601 καὶ
3274 3549 3371 3619 οὐχ
3399 3548 3657 3621 ὑπῆρξεν,

2081 3642 2176 3697 καὶ
2219 3638 2662 3712 παρακαλοῦντα,
2691 3640 2786 3692 καὶ
2834 3638 2933 3710 οὐχ
2982 3630 3161 3711 εὗρον.
3192 3640 3303 3693 Kal
3344 3640 3551 3696 ἔδωκαν
3583 3644 3665 3706 εἰς

2076 3736 2138 3788 τὸ
2164 3734 2361 3806 βρῶμά
2388 3751 2487 3806 μου
2515 3733 2697 3806 χολὴν,
2733 3736 2827 3788 καὶ
2849 3738 2929 3800 είς
2958 3736 3056 3808 τὴν
3081 3735 3239 3807 δίψαν
3272 3754 3374 3808 μου
3407 3739 3664 3793 ἐπότισάν

2078 3844 2145 3897 με
2178 3824 2320 3891 ὅξος.
2365 3845 2384 3879 ι
2435 3825 2593 3879 Κατὰ
2624 3825 2681 3878 δέ
2712 3826 2803 3881 τὸν
2835 3825 3127 3896 Σύμμαχον
3150 3842 3162 3855 ·
3205 3844 3223 3876 ι
3255 3827 3367 3881 Kal.
3404 3827 3664 3899 ἀνέμενον

2075 3917 2535 3988 συλλυπούμενον,
2567 3918 2662 3971 καὶ
2689 3918 2788 3989 οὐχ
2821 3918 3053 3988 ὑπῆρξε,
3093 3918 3187 3973 καὶ
3218 3920 3659 3992 παρηγοροῦντα,

2075 4007 2168 4061 καὶ
2212 4007 2310 4078 οὐχ
2357 4006 2610 4079 εὕρισκον
2638 4025 2651 4038 ·
2682 4009 2793 4064 Καὶ
2841 4009 3126 4063 ἐνέϐαλλον
3184 4012 3263 4074 εἰς
3316 4010 3413 4082 τὴν
3454 4014 3661 4084 τροφήν

2077 4117 2180 4169 μου
2233 4099 2418 4170 χολὴν,
2459 4101 2552 4153 καὶ
2584 4102 2642 4153 ἐν
2669 4103 2736 4171 τῇ
2771 4100 2912 4170 δίψει
2954 4118 3056 4172 μου
3089 4102 3347 4157 ἐπότισάν
3375 4121 3440 4173 με
3465 4102 3609 4169 ὅξος.
3633 4123 3657 4156 ι

2079 4194 2200 4245 ’Ὁτι
2232 4192 2330 4263 μὲν
2346 4193 2395 4245 οἱ
2414 4192 2656 4263 μαθηταὶ
2683 4191 2870 4256 αὐτοῦ,
2897 4193 3287 4259 καταλιπόντες
3318 4196 3501 4258 αὑτὸν,
3534 4197 3664 4265 ἐφυ-

2074 4303 2171 4354 γον
2205 4286 2347 4341 κατὰ
2383 4286 2477 4341 τὸν
2506 4286 2600 4340 τοῦ
2646 4287 2851 4351 πάθους
2884 4290 3093 4360 καιρὸν,
3123 4290 3272 4363 ὅμως
3302 4289 3348 4345 δ’
3377 4291 3534 4355 ἐκτὸς
3570 4290 3664 4345 λύ-

2075 4394 2184 4449 πης
2215 4378 2316 4432 οὐκ
2345 4373 2507 4448 ἦσαν,
2530 4378 2772 4432 διδάσκει
2798 4380 2857 4432 τὸ
2885 4380 3233 4449 Εὐαγγέλιον.
3261 4382 3387 4435 Ὅτε
3416 4382 3524 4455 γὰρ
3558 4383 3663 4436 Πέ-

384 4481 572 4523 amare
624 4469 935 4537 scribatur;
974 4487 1038 4527 ac
1086 4474 1283 4544 reliqui
1326 4476 1645 4545 congregati
1701 4475 1758 4529 in
1803 4476 1965 4530 domo

2075 4485 2195 4541 τρος
2236 4468 2653 4539 ἀναγέγραπται
2698 4469 3186 4540 ἀποκλαυσάμενος
3239 4471 3474 4543 πικρῶς,
3503 4471 3558 4524 οἶ
3599 4490 3660 4525 τε

382 4572 491 4612 una
534 4558 764 4615 latuisse
813 4571 1034 4633 propter
1068 4575 1271 4620 metum
1305 4566 1623 4622 Jndmorum
1681 4566 1965 4635 ferantur;

382 4662 730 4719 nequaquam
751 4651 941 4709 dolore
959 4656 1117 4710 vacui
1141 4666 1319 4712 erant.
1353 4657 1481 4713 Haec
1506 4660 1675 4730 igitur
1704 4658 1773 4714 de
1796 4660 1969 4714 choro

382 4739 760 4807 apostolorum
788 4743 933 4799 dicta
972 4744 1140 4802 fuisse
1163 4757 1365 4817 putare
1395 4758 1826 4806 consentaneum
1857 4767 1966 4808 non

382 4836 500 4898 est;
534 4831 627 4886 sed
669 4833 737 4890 de
772 4839 1154 4894 cruciantibns
1194 4841 1347 4894 illum
1379 4842 1445 4896 de
1467 4842 1671 4911 quibus
1705 4841 1913 4896 dictum
1949 4863 1965 4902 :

385 4936 408 4970 ι
445 4918 650 4975 Contra
703 4930 758 4977 te
805 4934 934 4981 sunt
969 4943 1161 4983 omnes
1203 4931 1296 4999 qui
1350 4932 1617 4986 tribulant
1661 4947 1768 4987 me.
1801 4952 1820 4985 ι
1860 4932 1969 5002 Ego

380 5012 584 5083 quippe
609 5017 793 5071 omnia
838 5035 937 5089 pro
966 5021 1187 5076 illorum
1216 5023 1396 5079 salute
1425 5025 1677 5094 agebam,
1710 5028 1969 5095 operiens

382 5103 439 5156 in
470 5104 683 5174 jejunio
716 5109 953 5164 animam
991 5128 1190 5176 meam,
1229 5128 1393 5169 sacco
1447 5124 1608 5171 utens
1663 5116 1966 5170 indumenti

380 5194 504 5251 loco
536 5215 551 5262 ;
593 5199 669 5253 illi
691 5215 823 5255 vero
857 5202 923 5256 iis
943 5205 1222 5258 contraria
1247 5208 1659 5275 perpetrabant,
1688 5207 1852 5261 modo
1873 5223 1971 5262 ex-

381 5291 709 5358 probrantes
759 5295 1219 5368 traducentesque
1260 5297 1471 5367 jejunia
1524 5315 1666 5362 mea,
1724 5314 1850 5354 mox
1915 5299 1969 5353 in

378 5384 877 5453 compotationibus
905 5388 1022 5443 suis
1051 5396 1243 5444 contra
1278 5407 1363 5447 me
1400 5392 1719 5462 psallentes,
1755 5408 1820 5446 ac
1850 5406 1971 5447 om-

382 5475 473 5526 nia
518 5476 702 5545 potius
735 5487 980 5547 agentes,
1017 5496 1180 5548 quam
1212 5489 1273 5536 ut
1307 5498 1524 5537 mecum
1564 5484 1969 5539 contristaren—

381 5572 493 5618 tur.
533 5564 645 5636 Ego
674 5584 802 5623 vero
845 5586 944 5640 pro
995 5573 1103 5628 illis
1133 5574 1324 5630 dolore
1360 5576 1682 5642 alliciebar;
1715 5575 1789 5630 illi
1838 5589 1971 5630 vero

384 5667 494 5705 non
526 5670 633 5708 una
668 5672 880 5712 mecum
912 5659 1170 5716 dolebant
1193 5672 1248 5719 et
1273 5666 1616 5734 angebantur
1648 5683 1660 5718 :
1688 5680 1791 5719 nec
1819 5664 1973 5735 quis-

382 5743 533 5816 piam
568 5745 710 5802 intcr
737 5747 859 5805 illos
889 5747 992 5805 fuit
1024 5753 1117 5825 qui
1147 5768 1234 5810 me
1266 5754 1668 5812 consolaretur.
1700 5752 1809 5812 Sed
1833 5754 1969 5811 nihil

2070 4559 2247 4614 λοιποὶ
2277 4560 2608 4631 συνηγμένοι
2639 4560 2732 4614 καὶ
2768 4562 2859 4631 ὑφ’
2896 4562 2993 4615 ἕνα
3049 4563 3489 4634 κρυπαζόμενοι
3516 4559 3664 4617 οἷκον

2069 4650 2157 4706 διὰ
2178 4652 2270 4704 τὸν
2293 4651 2456 4721 φόϐον
2480 4650 2589 4704 τῶν
2628 4652 2913 4717 Ἰουδαίων,
2933 4655 3035 4708 οὐκ
3058 4654 3163 4721 ἔξω
3195 4655 3371 4726 λύπης
3392 4656 3661 4727 ὑπῆρχον.

2071 4746 2186 4798 Οὐκ
2216 4744 2281 4798 ἂν
2302 4740 2395 4801 οὖν
2418 4744 2680 4817 ἁρμόσειε
2714 4747 2888 4801 ταῦτα
2921 4750 3049 4820 περὶ
3074 4748 3167 4802 τοῦ
3202 4748 3364 4820 χοροῦ
3393 4749 3500 4801 τῶν
3525 4752 3664 4802 ἁπο-

2073 4836 2275 4890 στόλων
2324 4836 2598 4905 λέγεσθαι,
2636 4838 2770 4891 ἀλλὰ
2819 4841 2947 4912 περὶ
2990 4840 3099 4893 τῶν
3154 4840 3443 4895 θλιϐόντων
3478 4841 3662 4904 αὑτὸν,

2071 4929 2200 5000 περὶ
2227 4922 2302 4982 ὧν
2349 4928 2562 4997 ἔλεγεν·
2604 4950 2622 4982 ι
2648 4932 2915 4986 Ἐναντίον
2956 4932 3049 4987 σοῦ
3087 4934 3286 4997 πάντες
3305 4936 3353 4989 οί
3390 4933 3665 4995 θλίϐοντες

2075 5038 2162 5091 με.
2193 5041 2213 5073 ι
2259 5020 2400 5091 Ἐγὼ
2437 5022 2536 5093 μὲν
2570 5023 2679 5096 γὰρ
2730 5025 2910 5079 πάντα
2956 5027 3095 5098 ὑπὲρ
3122 5028 3222 5097 τῆς
3263 5027 3443 5082 αὐτῶν
3490 5043 3665 5095 σωτη-

2076 5113 2194 5183 ρίας
2230 5114 2465 5180 ἐποίουν,
2524 5116 2814 5172 καλύπτων
2839 5119 2898 5171 ἐν
2928 5119 3153 5190 νηστεία
3186 5120 3285 5190 τὴν
3320 5120 3498 5190 ψυχήν
3536 5134 3662 5190 μου,

2073 5204 2263 5275 σάκκῳ
2288 5198 2355 5258 ’τε
2394 5205 2650 5277 ἐνδύματι
2684 5205 2965 5277 χρώμενος
2986 5225 2997 5237 ·
3025 5208 3074 5260 οἱ
3106 5206 3161 5261 δὲ
3192 5207 3261 5261 τὰ
3292 5208 3508 5262 ἐναντία
3537 5206 3661 5261 τού-

2069 5314 2183 5362 τοις
2204 5297 2493 5370 έπραττον,
2529 5300 2651 5353 τοτὲ
2684 5299 2783 5368 μὲν
2823 5300 3170 5365 ὀνειδίζοντες
3198 5301 3293 5353 καὶ
3315 5300 3663 5371 διασύροντες

2069 5388 2170 5452 τὰς
2214 5388 2352 5460 ἐμάς
2375 5388 2647 5459 νηστείας,
2675 5390 2795 5443 τοτέ
2820 5390 2877 5444 δὲ
2909 5392 2967 5444 ἐν
2996 5394 3118 5457 ταῖς
3140 5391 3448 5463 παροινίαις
3481 5390 3662 5445 αὐτῶν

2072 5480 2190 5535 κατ’
2229 5477 2362 5549 ἐμοῦ
2395 5477 2710 5548 ψάλλοντες,
2736 5481 2831 5534 καὶ
2857 5482 3035 5536 πάντα
3067 5481 3266 5552 μᾶλλον
3295 5483 3328 5554 ἢ
3363 5481 3665 5537 συλλυπού-

2073 5590 2244 5644 μενοι.
2279 5571 2452 5641 Κάγὼ
2489 5575 2587 5644 μὲν
2624 5575 2767 5646 ὑπὲρ
2792 5561 2978 5629 ἀὐτῶν
3016 5576 3198 5645 ἀλγῶν
3231 5576 3583 5648 ἐλυπούμηνο
3611 5577 3662 5630 οἱ

2070 5665 2127 5718 δὲ
2160 5665 2220 5719 οὺ
2253 5665 2549 5737 συνήλγουν
2584 5683 2692 5737 μοι,
2716 5666 2835 5719 οὐδὲ
2867 5667 3207 5738 συνέπασχον
3226 5686 3239 5699 ο
3266 5668 3380 5721 ἀλλ’
3408 5668 3530 5721 ούδὲ
3553 5683 3661 5722 πα-

2077 5756 2345 5829 ράκλητός
2379 5774 2463 5821 τις
2506 5756 2687 5816 αὐτῶν
2731 5759 2811 5824 εις
2843 5759 2984 5835 ἐμὴν
3028 5760 3382 5837 παραμυθίαν
3411 5760 3659 5833 εὕρηται.
