4056 6372
406 410 409 415 ς
422 371 535 428 της)

1558 360 2063 419 (ὩΜΜΕΝΤᾹΒΙΑ
2102 361 2167 417 ιιι
2206 358 2548 416 ΡΒᾹῘᾹῘΟΒ.

3580 353 3694 415 739

428 488 509 541 Πά
529 502 612 540 ρτα
623 485 689 540 δὲ
708 486 781 540 τὰ
796 486 928 540 κατ’
955 484 1089 556 ἐμοῦ
1123 481 1518 555 ἐγχειροῦντες,
1548 484 1629 546 εἰς
1662 482 1761 553 μὲν
1784 482 1847 535 τὸ
1869 479 2007 554 βρῶ-

2114 486 2304 532 contra
2333 491 2419 530 me
2447 489 2557 530 non
2584 471 2984 545 egredientes,
3008 470 3068 528 in
3086 489 3275 530 escam
3307 489 3480 529 meam
3510 474 3579 531 l'el
3608 477 3697 532 in-

429 580 507 650 μά
555 595 662 649 μου
714 577 875 649 χολὴν
916 575 1160 637 ἔϐαλλον.
1209 575 1385 628 καίτοι
1434 574 1640 647 τροφὰς
1665 576 1848 639 αὐτοῖς
1878 573 2012 647 ἐμοῦ

435 670 689 732 πλουσίας
720 667 1125 739 παρεχομένου·
1161 666 1383 736 διψῶντι
1406 666 1470 720 δέ
1491 684 1582 738 μοι
1612 666 1732 732 ὅξος
1766 667 1886 721 ἀντὶ
1914 684 2013 720 πο-

433 761 521 817 τοῦ
582 761 941 833 προσέφερον.
990 759 1255 831 Τοιαύτην
1313 759 1372 813 δέ
1436 776 1525 831 μοι
1574 759 1804 832 ἐκίρνων
1851 760 2013 831 χολὴν

424 854 613 908 ὁποίαν
658 853 846 925 ἐδήλου
900 854 929 905 ό
974 852 1313 925 προφητικδς
1363 851 1521 922 λόγος
1571 851 1773 906 εἰπών’
1818 872 1836 904 ι
1888 853 2014 918 Πῶς

423 945 701 1017 ὲστράφης
728 946 808 1008 εἰς
839 944 1084 1013 πικρίαν,
1112 945 1144 1013 ὴ
1171 941 1413 1012 ἄμπελος
1444 944 1477 1012 ἡ
1514 941 1803 1013 ἀλλοτρίας
1831 961 1848 993 ι
1871 942 2015 1010 Νοή-

426 1052 541 1097 σεις
574 1035 631 1088 δὲ
664 1036 811 1100 ὅπως
847 1035 1104 1107 τρέφεται
1133 1036 1162 1087 ό
1196 1033 1387 1104 Σωτὴρ
1408 1032 1568 1104 ἡμῶν
1604 1032 1890 1086 ὲπακοὲων
1918 1033 2015 1085 αὐ-

420 1125 518 1180 τοῦ
547 1125 830 1195 λέγοντος·
855 1144 878 1178 ι
926 1125 1203 1187 Ἐπείνων,
1248 1126 1341 1177 καὶ
1373 1122 1613 1177 ἐδώκατέ
1648 1141 1737 1195 μοι
1779 1124 1972 1192 φαγεῖν
1994 1138 2010 1152 ’

418 1220 646 1289 ὶδὶψων,
699 1219 794 1273 καὶ
844 1220 1130 1273 ἐποτίσατέ
1195 1234 1280 1289 με.
1324 1237 1341 1268 ι
1383 1219 1444 1271 Εἰ
1474 1217 1529 1271 δὲ
1558 1219 1689 1272 ἀντὶ
1729 1218 2012 1289 τροφίμων

422 1310 654 1383 καρπῶν
684 1310 794 1363 τῶν
814 1310 905 1363 διὰ
928 1308 1185 1373 εὐσεϐοῦς
1220 1308 1337 1378 βίου
1368 1308 1573 1379 πικράς
1597 1324 1681 1373 τις
1714 1308 2011 1381 προσφέροι

418 1403 543 1458 κατ’
567 1403 731 1457 αὑτοῦ
762 1402 1129 1474 βλασφημίας,
1162 1404 1228 1472 τῇ
1245 1420 1303 1456 τε
1332 1400 1650 1474 διδασκαλίᾳ
1674 1400 1838 1456 αὑτοῦ
1872 1419 2014 1474 παρ-

400 1493 690 1565 ηεμπλέκοι
746 1492 881 1548 ἄθεα
937 1492 1034 1547 καὶ
1080 1491 1251 1562 ψευδῆ
1301 1491 1568 1562 δόγματα,
1624 1485 1781 1555 οὗτος
1829 1494 1910 1557 εἰς
1950 1492 2014 1545 τὸ

413 1584 621 1657 ,βρῶμα
654 1585 816 1647 αὑτοῦ
866 1584 1027 1656 χολὴν
1063 1583 1342 1655 ἐμϐάλλει,
1376 1585 1469 1637 καὶ
1495 1584 1719 1654 διψῶντι.
1745 1580 1885 1639 οἶνον
1916 1586 2010 1639 ὲκ-

418 1677 652 1747 τροπίαν
685 1678 777 1730 τὸν
818 1679 882 1730 ὲκ
916 1677 1019 1746 τῆς
1063 1675 1279 1739 εὐθείας
1323 1676 1444 1731 ὁδοῦ
1484 1678 2013 1749 παρατετραμμένον

412 1767 658 1822 δίδωσιν.
681 1768 916 1822 Τοιαῦτα
937 1768 992 1821 δὲ
1014 1767 1271 1831 ἐθέσπιζε
1304 1769 1431 1842 περὶ
1459 1768 1552 1822 τοῦ
1586 1769 1853 1822 Ἰουδαίων
1877 1769 2009 1824 λαοῦ

421 1859 660 1929 Μωῦσῆς
695 1861 751 1913 ὲν
781 1859 992 1934 μεγάλῃ
1029 1859 1139 1932 ᾠδῇ
1183 1861 1538 1933 προφητικῶς
1573 1861 1873 1932 ἁναφωνῶν
1917 1863 2010 1917 καὶ

418 1949 593 2017 λέγων
612 1967 625 1982 ο
676 1968 693 2002 ι
743 1952 836 2004 Ἐκ
869 1952 978 2025 γὰρ
1012 1954 1258 2025 ἀμπέλου
1291 1955 1541 2025 Σοδόμων
1569 1957 1602 2026 ὴ
1633 1954 1877 2027 ἄμπελος
1906 1958 2007 2009 αὺ-

418 2039 551 2106 τῶν,
587 2042 680 2095 καὶ
707 2044 740 2114 ἡ
775 2043 1043 2115 κληματὶς
1068 2045 1246 2100 αὐτῶν
1272 2047 1337 2099 ὲκ
1367 2046 1673 2119 Γομόῤῥας’
1695 2050 1728 2118 ἡ
1766 2046 2008 2119 σταφυλὴ

420 2133 600 2188 αὐτῶν
630 2137 873 2208 σταφυλὴ
902 2137 1083 2210 χολῆς,
1112 2137 1308 2210 βότρυς
1342 2140 1569 2212 πικρίας
1594 2139 1795 2193 αὐτῶν.
1829 2159 1847 2191 ι
1883 2141 2009 2193 Ἐν-

414 2227 515 2281 θεν
561 2229 786 2293 εἰκότως
826 2234 940 2294 τοῖς
978 2231 1162 2295 αὐτοῖς
1198 2233 1292 2286 καὶ
1323 2231 1410 2286 διὰ
1452 2234 1670 2286 Ἡσαΐου
1717 2234 2007 2305 καταμέμ-

421 2336 582 2389 φεται
611 2321 673 2374 τὸ
702 2322 925 2393 Πνεῦμα
953 2323 1111 2391 λέγον
1134 2340 1145 2352 ’
1172 2323 1436 2394 «Ἔμεινα
1459 2325 1545 2378 ἵνα
1569 2324 1769 2396 ποιήσῃ
1799 2341 2006 2395 σταφυ-

418 2410 541 2483 λὴν,
572 2412 794 2484 ἐποίησε
826 2412 884 2465 δὲ
918 2412 1159 2476 ἀκάνθας
1183 2431 1196 2442 ν
1234 2432 1252 2465 ι
1290 2413 1400 2466 Καὶ
1428 2412 1589 2466 πάλιν
1611 2414 1902 2483 ἰἜμεινα
1922 2414 2009 2467 ἵνα

418 2503 621 2575 ποιήσῃ
650 2504 854 2576 κρίσιν,
883 2505 1108 2577 ἐποίησε
1138 2504 1196 2558 δὲ
1228 2504 1477 2576 ἀνομίαν,
1506 2506 1599 2559 καὶ
1625 2505 1686 2558 οὐ
1732 2504 2008 2559 δικαιοσύ-

418 2610 540 2665 νην,
592 2595 728 2649 ἀλλὰ
778 2598 1046 2670 κραυγήν.
1092 2618 1111 2651 ι
1152 2598 1374 2670 Ἔργοις
1420 2597 1708 2671 τοιγαροῦν
1740 2600 1833 2653 καὶ
1868 2597 2009 2672 πρά-

422 2685 560 2751 ξεσι,
589 2688 772 2759 πικρῷ
802 2706 861 2741 τε
891 2688 1036 2761 λόγῳ
1064 2691 1158 2743 καὶ
1188 2690 1288 2763 βίῳ
1318 2690 1524 2744 ἔδωκαν
1576 2694 1656 2755 είς
1701 2692 1764 2746 τὸ
1808 2691 2007 2764 βρῶμα

419 2777 515 2831 ¹ιτοῦ
557 2779 811 2851 Σωτῆρος
842 2780 1024 2851 χολὴν,
1063 2781 1159 2835 καὶ
1190 2784 1268 2844 εἰς
1300 2783 1399 2854 τὴν
1429 2782 1588 2853 δίψαν
1616 2782 1783 2836 αὐτοῦ
1826 2784 2008 2837 ἐπότι-

423 2888 522 2924 σαν
554 2872 715 2925 αὑτὸν
752 2872 890 2936 ὅξος.
944 2875 1096 2927 Ἐπεὶ⁵
1124 2875 1182 2928 δὲ
1215 2875 1320 2928 ἔδει
1345 2877 1441 2929 καὶ
1468 2875 1610 2929 κατὰ
1631 2876 1729 2948 τ’ὴν
1764 2878 2005 2949 ἱστορίαν

420 2962 513 3015 τὸν
542 2963 640 3035 τῆς
671 2965 1003 3033 προφητείας
1032 2966 1250 3038 ἀποπλη
1262 2966 1494 3037 ρωθῆναι
1532 2967 1710 3036 λόγον,
1737 2969 1878 3022 κατὰ
1914 2969 2006 3021 τὸν

421 3055 614 3128 καιρὸν
646 3055 739 3107 τοῦ
777 3056 981 3119 πάθους
1007 3058 1170 3111 αὑτοῦ
1214 3060 1416 3130 ἱστορεῖ
1439 3062 1467 3112 ό
1493 3059 1884 3131 εὐαγγελιστὴς
1914 3060 2003 3114 λέ-

390 3161 561 3215 γων·
594 3165 612 3198 ι
653 3147 807 3201 Μετὰ
836 3146 991 3201 τοῦτο
1019 3149 1173 3214 εἰδὼς
1202 3152 1229 3204 ό
1275 3150 1501 3222 Ἰησοῦς,
1537 3152 1616 3204 ὃτι
1652 3151 1828 3205 πάντα
1858 3151 2006 3205 τετέ-

418 3237 750 3312 λεσταιῆδη,
787 3241 874 3295 ἵνα
901 3242 1161 3315 πληρωθῇ
1197 3246 1229 3314 ἡ
1266 3244 1478 3316 Γραφὴ,
1507 3243 1675 3315 λέγει·
1707 3244 1874 3315 Aur/G3.
1900 3247 2005 3298 Λε-

421 3331 558 3403 κάνη
591 3332 769 3386 ἔκειτο
800 3333 953 3401 ὄξους
986 3335 1180 3406 μεστή.
1216 3336 1463 3405 Σπόγγον
1494 3332 1588 3389 οὖν
1613 3336 1815 3406 μεστὸν
1848 3337 2008 3406 ποιή-

419 3441 613 3488 σαντες
652 3425 807 3492 δξους
858 3426 996 3497 μετὰ
1037 3427 1199 3499 χολῆς
1249 3428 1343 3481 καὶ
1401 3425 1639 3499 ὑσσώπῳ
1691 3426 2007 3499 περιθέντες

418 3517 801 3597 προσήνεγκαν
849 3517 1014 3571 αὑτοῦ
1060 3518 1137 3590 τῷ
1181 3519 1442 3589 στόματι.
1473 3521 1601 3573 Ὅτε
1631 3516 1723 3573 οὖν
1764 3518 1952 3572 ἔλαϐεν
1979 3521 2009 3572 ό

430 3608 639 3678 Ἰησοῦς
685 3609 745 3662 τὸ
793 3610 914 3675 ὄξος
956 3611 1094 3681 μετὰ
1119 3612 1217 3682 τῆς
1260 3611 1444 3683 χολῆς,
1489 3608 1642 3665 εἷπε·
1680 3611 2003 3665 Τετέλεσται

415 3700 516 3752 καὶ
555 3698 696 3770 αῦτη
724 3702 757 3771 ἡ
791 3701 1003 3771 Γραφή.
1036 3701 1145 3754 Καὶ
1180 3703 1370 3765 κλίνας
1398 3704 1496 3774 τὴν
1532 3702 1795 3775 κεφαλὴν,
1827 3704 2007 3775 ἀφῆκε

416 3789 480 3844 τὸ
512 3788 749 3859 πνεῦμα.
788 3807 807 3838 ι
845 3788 954 3841 Καὶ
986 3790 1172 3861 ἐπειδὴ
1205 3790 1390 3856 κλίνας
1432 3792 1528 3864 τὴν
1569 3792 1809 3864 κεφαλὴν
1837 3794 2009 3865 παρέ-

378 3934 385 3939 ,
414 3880 559 3933 δωκε
579 3880 639 3933 τὸ
663 3879 878 3950 πνεῦμα
913 3879 1052 3950 μετὰ
1081 3880 1181 3952 τὴν
1210 3882 1606 3955 συμπλήρωσιν
1634 3884 1734 3955 τῆς
1759 3884 2005 3956 Γραφῆς,

414 3972 643 4037 εἰκότως
689 3973 782 4026 καὶ
825 3973 881 4023 ὲν
923 3969 1000 4041 τῷ
1051 3971 1250 4043 ψαλμῷ
1280 3973 1443 4044 μέχρι
1491 3974 1680 4028 τούτου
1711 3975 1781 4028 τὰ
1812 3975 2006 4029 ἑαυτοῦ

415 4063 753 4136 περιγράφει
792 4065 960 4138 πάθη.
999 4062 1110 4119 Εἶτ’
1148 4065 1397 4120 ἐντεῦθεν
1431 4069 1589 4120 ὁποῖα
1623 4066 2007 4138 μετελεύσεται

412 4159 617 4223 αὐτοὺς
651 4159 915 4227 θεσπίζειο
955 4179 973 4212 ι
1013 4161 1051 4213 Γ
1054 4161 1357 4233 ενηθήτωὴ
1388 4161 1637 4232 τράπεζα
1669 4161 1850 4216 αὐτῶν
1872 4164 2008 4217 ὲνώι-

413 4268 544 4309 πιον
585 4252 765 4307 αὐτῶν
798 4255 878 4317 εἰς
910 4254 1134 4322 παγίδα,
1180 4255 1273 4308 καὶ
1310 4256 1391 4318 εἰς
1417 4255 1771 4309 ἀνταπόδοσιν
1812 4257 1904 4311 καὶ
1930 4260 2009 4322 εἰς

413 4341 735 4398 σκάνδαλον.
774 4361 795 4396 δ
844 4346 1052 4416 Ὥσπερ
1079 4345 1221 4399 κατά
1259 4362 1378 4399 τινα
1435 4346 1745 4417 συνήθειαν,
1780 4347 1847 4401 τὰ
1882 4347 2011 4419 μέλ-

409 4435 577 4489 λοντα
604 4434 679 4498 ὡς
708 4437 1075 4507 παρῳχηκότα
1111 4437 1482 4509 προφέρεσθαι
1515 4436 1706 4491 εἴωθεν
1736 4438 2003 4511 ὴΓραφήο

2114 568 2387 637 jecerunt,
2409 565 2625 621 etiamsi
2647 580 2747 634 ego
2769 566 2947 620 lautos
2971 566 3078 619 illis
3099 567 3253 621 cibos
3279 570 3693 636 apposuissem:

2116 661 2323 716 sitienti
2355 676 2485 715 vero
2519 658 2649 712 mihi
2687 667 2901 713 acetum
2940 673 3038 727 pro
3066 668 3196 728 potu
3230 659 3551 715 oﬂerebant.
3586 660 3699 716 Hu-

2111 754 2354 824 jusmodi
2372 768 2502 808 vero
2531 752 2664 807 mihi
2686 751 2756 807 fel
2775 751 3098 815 miscebant,
3127 754 3287 822 quale
3309 754 3553 807 declarat
3578 769 3702 824 pro-

2116 846 2369 917 pheticus
2393 861 2578 901 sermo
2609 846 2800 901 dicens
2827 865 2841 900 :
2879 865 2898 897 ι
2938 845 3227 912 Quomodo
3255 860 3520 901 conversa
3555 862 3616 901 es
3642 849 3698 903 in

2116 916 2561 1000 amaritudinem,
2593 938 2722 992 vitis
2770 939 2948 992 aliena
2981 937 3098 990 "'?
3129 958 3146 988 υ
3202 937 3488 1003 Quomodo
3514 949 3698 993 autem

2113 1029 2294 1082 alatur
2322 1026 2587 1084 Senator
2631 1037 2839 1093 noster,
2884 1029 3156 1100 intelliges
3186 1031 3232 1084 si
3273 1031 3451 1100 ipsum
3502 1030 3697 1086 audias

2116 1118 2387 1175 dicentem
2420 1140 2433 1174 :
2465 1141 2483 1172 ι
2518 1121 2756 1184 Esurivi,
2793 1132 2847 1177 et
2877 1120 3108 1177 dedistis
3148 1122 3279 1176 mihi
3322 1122 3696 1188 manducare;

2115 1214 2287 1278 sitivi,
2312 1222 2364 1269 et
2390 1214 2623 1269 dedistis
2656 1215 2788 1269 mihi
2820 1213 3009 1268 bibere
3035 1214 3101 1266 ’³.
3143 1234 3159 1266 i
3182 1212 3338 1280 Quod
3371 1214 3416 1269 si
3446 1229 3546 1286 pro
3578 1212 3699 1266 fruw

2115 1310 2297 1365 ctihus
2348 1309 2417 1364 ad
2477 1309 2731 1364 alendum
2780 1308 3143 1379 opportunis,
3202 1324 3299 1378 per
3344 1309 3489 1379 piam
3531 1307 3698 1361 vitam

2114 1402 2393 1472 prtebitis.
2434 1403 2660 1458 acerlzas
2705 1409 2898 1457 contra
2939 1402 3117 1473 ipsum
3162 1400 3534 1469 blasphemias
3569 1400 3700 1470 quis

2114 1494 2376 1563 proferat,
2410 1502 2465 1549 et
2503 1494 2768 1548 doctrinae
2814 1492 2936 1563 ejus
2975 1492 3132 1548 athea
3162 1501 3214 1546 et
3268 1492 3406 1547 falsa
3443 1491 3700 1562 dogmata

2114 1586 2436 1647 admisceat,
2489 1585 2536 1639 is
2570 1585 2636 1639 ad
2671 1600 2854 1641 escam
2900 1585 3020 1655 ejus
3063 1584 3131 1640 fel
3173 1584 3370 1654 injicit,
3402 1591 3458 1638 et
3492 1587 3699 1640 sitienti

2113 1679 2324 1737 vinum.
2354 1692 2583 1747 vappam
2616 1694 2648 1731 a
2681 1685 2826 1731 recta
2853 1678 2934 1730 via
2961 1675 3335 1732 deﬂectentem
3362 1676 3539 1732 oUert.
3571 1676 3698 1733 Haec

2115 1778 2295 1825 autem
2330 1771 2398 1824 de
2426 1768 2652 1824 iudaice
2688 1770 2888 1841 populo
2920 1768 3133 1839 Moyses
3163 1769 3216 1822 in
3250 1784 3445 1838 magno
3472 1770 3699 1824 cantico

2117 1861 2433 1932 prophetice
2472 1862 2804 1917 vaticinatus
2828 1869 2932 1927 est,
2964 1863 3080 1916 haec
3110 1860 3419 1916 vociferans
3463 1881 3476 1916 :
3515 1882 3532 1912 ι
3559 1860 3699 1929 Nam

2115 1969 2182 2007 ex
2210 1955 2365 2005 vinea
2416 1950 2778 2008 Sodomorum
2816 1952 2975 2006 vinea
2994 1966 3215 2014 eorum,
3255 1959 3308 2003 ct
3332 1952 3546 2020 palmes
3574 1934 3699 2021 est

2114 2059 2181 2098 ex
2206 2041 2537 2097 Gomorrlia.
2570 2041 2687 2097 Uva
2709 2058 2924 2107 eorum,
2953 2059 3058 2096 uva
3084 2041 3245 2102 fellis,
3274 2042 3464 2097 botrus
3495 2044 3702 2097 amari-

2117 2128 2326 2185 tudinis
2354 2145 2545 2185 eorum
2576 2130 2643 2183 ³⁸.
2684 2149 2702 2182 ι
2742 2129 2882 2185 Hinc
2916 2131 3167 2186 similiter
3198 2130 3436 2200 Spiritus
3464 2148 3559 2188 eos
3599 2148 3702 2203 per

2115 2220 2312 2277 Isaiam
2339 2222 2520 2293 arguit
2541 2223 2731 2279 dicens
2762 2241 2776 2278 :
2807 2243 2826 2273 ι
2856 2223 3180 2294 Exspcctavi
3205 2233 3262 2279 ut
3287 2225 3489 2280 faceret
3514 2241 3697 2290 uvam,

2114 2318 2242 2375 fecit
2271 2326 2454 2373 autem
2488 2320 2676 2390 Spinas
2702 2318 2781 2387 λίς
2817 2338 2835 2370 ι
2865 2326 2919 2373 et
2939 2334 3166 2374 rursum
3189 2338 3202 2374 :
3226 2339 3244 2372 ι
3288 2319 3606 2389 lixspectavi
3638 2330 3701 2374 ut

2116 2410 2319 2466 faceret
2345 2411 2639 2481 judicium,
2690 2410 2819 2467 fecit
2864 2422 3046 2467 autem
3093 2413 3459 2482 iniquitatem,
3493 2420 3548 2467 et
3586 2429 3699 2468 non

2108 2503 2386 2572 justitiam
2417 2502 2512 2558 sed
2548 2503 2844 2557 clamorem
2878 2504 2945 2555 δ’.
2992 2522 3010 2555 ι
3046 2501 3317 2573 Operibus
3357 2519 3490 2571 ergo
3519 2511 3575 2558 et
3614 2520 3702 2560 re-

2114 2595 2220 2651 bus
2250 2596 2445 2665 gestis,
2489 2596 2689 2650 acerbo
2739 2610 2997 2651 sermone
3046 2605 3102 2652 et
3153 2597 3266 2650 vita
3312 2596 3589 2652 dederunt
3640 2597 3701 2652 in

2114 2698 2296 2738 escam
2330 2681 2609 2738 Servatori
2643 2682 2735 2749 fel,
2768 2692 2821 2738 et
2858 2685 2910 2738 in
2946 2684 3037 2740 siti
3063 2686 3183 2755 ejus
3212 2696 3546 2756 potaverunt
3570 2703 3700 2743 eum

2114 2785 2287 2828 aceto.
2306 2775 2442 2842 Quia
2461 2792 2589 2830 vero
2611 2777 2909 2831 secundum
2926 2778 3211 2832 historiam
3231 2795 3448 2849 quoque
3465 2780 3702 2851 prophe-

2113 2869 2203 2922 tia:
2232 2884 2539 2925 sermonem
2558 2870 2772 2939 impleri
2794 2870 3057 2939 oportuit,
3086 2870 3198 2924 lucc
3222 2871 3289 2925 de
3310 2879 3554 2940 tempore
3572 2888 3703 2942 pas-

2113 2960 2287 3015 sionis
2304 2961 2425 3029 ejus
2441 2971 2629 3015 narrat
2657 2964 2993 3033 evangelista
3011 2964 3199 3018 dicens
3219 2978 3231 3015 :
3251 2982 3271 3014 ι
3291 2962 3485 3019 Postea
3516 2965 3700 3020 sciens

2108 3051 2273 3109 Jesus
2294 3054 2421 3124 quia
2442 3055 2627 3109 omnia
2649 3064 3032 3110 consummata
3060 3066 3189 3111 sunt
3212 3056 3345 3124 jam,
3374 3066 3427 3109 ut
3444 3071 3701 3112 consum-

2113 3155 2357 3202 maretur
2388 3147 2696 3219 Scriptura,
2730 3149 2867 3203 dixit
2905 3168 2917 3204 :
2954 3148 3112 3204 Sitio.
3155 3147 3264 3204 Vas
3303 3160 3421 3205 erat
3458 3152 3699 3220 positum

2110 3249 2265 3295 aceto
2293 3241 2534 3310 plenum.
2567 3241 2648 3295 Illi
2715 3249 2896 3296 autem
2948 3245 3234 3312 Spongiam
3279 3243 3496 3312 plenam
3542 3252 3701 3300 aceto

2108 3349 2234 3388 cum
2288 3335 2413 3389 felle
2461 3341 2516 3389 et
2550 3335 2791 3407 byssupo
2842 3334 3325 3405 circumponentcs
3381 3336 3701 3391 obtulerunt

2108 3426 2190 3479 ori
2242 3427 2385 3497 ejus.
2442 3426 2578 3482 Cum
2613 3443 2744 3497 ergo
2788 3427 3091 3497 accepisset
3141 3436 3354 3482 acetum
3390 3443 3513 3481 cum
3549 3427 3695 3493 felle,

2109 3515 2280 3569 dixit:
2310 3515 2702 3571 Consummata
2731 3525 2817 3572 est
2844 3527 2900 3571 et
2923 3518 3042 3572 haec
3074 3517 3378 3589 Scriptura.
3417 3517 3503 3580 Et,
3540 3518 3701 3572 incli-

2109 3615 2242 3662 nato
2266 3609 2464 3677 capite,
2511 3607 2736 3662 tradidit
2789 3608 3046 3678 spiritum
3084 3606 3149 3661 ³³.
3195 3629 3213 3661 ι
3250 3609 3520 3674 Quoniam
3567 3623 3699 3664 vero

2111 3699 2375 3753 inclinato
2405 3698 2585 3767 capite
2618 3699 2843 3753 tradidit
2874 3701 3126 3769 spiritum
3172 3709 3297 3771 post
3346 3715 3700 3757 consumma-

2112 3790 2314 3844 tionem
2373 3789 2694 3855 Scriptnraa,
2747 3791 2876 3860 jure
2923 3793 2978 3846 in
3036 3795 3249 3862 psalmo
3285 3794 3351 3848 ad
3384 3791 3487 3850 ltoc
3524 3809 3700 3865 usque

2110 3892 2327 3950 tempus
2359 3882 2640 3936 cruciatus
2670 3883 3083 3939 circumscribit
3128 3901 3281 3941 suos.
3329 3885 3535 3941 Deinde
3570 3902 3699 3942 vero

2109 3989 2232 4045 qua:
2269 3976 2403 4044 ipsis
2450 3976 2593 4030 mala
2633 3984 2896 4031 eventura
2948 3978 3060 4031 sint
3109 3979 3484 4034 vaticinatur:
3529 3999 3545 4030 ι
3581 3979 3698 4033 Fiat

2110 4080 2299 4119 mensa
2329 4080 2521 4120 eorum
2557 4080 2744 4120 coram
2778 4065 2915 4136 ipsis
2937 4067 2990 4120 in
3028 4069 3305 4136 laqueum,
3350 4079 3403 4122 et
3436 4071 3490 4124 iu
3534 4073 3698 4125 retri—

2109 4156 2391 4211 butionem
2406 4164 2467 4211 et
2489 4157 2543 4211 in
2563 4156 2906 4211 scandalum.
2948 4177 2966 4210 ι
2998 4157 3165 4226 Quasi
3195 4176 3257 4214 ex
3293 4164 3699 4218 consuetudine

2111 4248 2250 4302 solet
2297 4246 2581 4317 Scriptura
2631 4248 2814 4303 futura
2848 4251 3009 4320 quasi
3054 4252 3329 4322 praeterita
3365 4254 3693 4324 vaticinari;

2109 4356 2280 4411 quare
2308 4341 2531 4411 janijam
2557 4340 2774 4396 dicebat
2805 4361 2820 4397 :
2850 4361 2871 4394 ι
2903 4342 3180 4398 Dederunt
3208 4345 3263 4398 in
3298 4361 3483 4401 escam
3518 4363 3697 4402 meam

2112 4435 2205 4497 fel,
2250 4454 2268 4486 ι
2311 4450 2376 4489 ac
2406 4436 2451 4490 si
2479 4434 2706 4500 diceret,
2738 4434 2981 4500 dabunll;
3016 4454 3039 4488 ι
3080 4444 3134 4491 et
3163 4437 3218 4491 in
3260 4439 3354 4492 s:ti
3382 4455 3499 4494 mea
3540 4449 3699 4510 pota-

408 4526 623 4600 ἀρτίως
650 4526 781 4594 ¹γοῦν
823 4526 974 4595 ἔλεγε
1003 4528 1082 4590 τὸ,
1124 4547 1142 4580 ι
1175 4529 1421 4582 Ἔδωκαν
1446 4530 1526 4592 εὶς
1560 4529 1618 4582 τὸ
1663 4528 1860 4601 βρῶμά
1892 4547 1995 4600 μου

2112 4536 2297 4589 verunt
2360 4544 2446 4584 me
2495 4539 2680 4596 aceto,
2714 4547 2734 4583 ι
2778 4528 2834 4584 id
2886 4537 2973 4586 est
3017 4529 3293 4596 potabant.
3355 4531 3496 4587 Alibi
3561 4549 3701 4604 quo-

408 4618 604 4692 χολὴν,
648 4636 667 4670 ι
711 4617 833 4671 ἀντὶ
871 4616 986 4681 τοῦ,
1041 4616 1329 4682 δώσουσι,
1363 4637 1381 4671 ι
1423 4620 1516 4673 καὶ
1562 4621 1642 4682 εἰς
1703 4620 1802 4690 τὴν
1847 4618 2004 4687 δίψαν

378 4726 524 4784 ,μου
588 4707 847 4762 ὲπότισάν
906 4724 974 4777 με
1031 4707 1183 4774 ὅξος·
1226 4729 1245 4761 ι
1284 4710 1404 4763 ἀντὶ
1452 4709 1580 4775 τοῦ,
1652 4709 2001 4784 “edocuere.

404 4779 528 4859 Καὶ
574 4800 805 4873 ἀλλαχοῦ
836 4801 893 4854 δὲ
921 4801 1121 4873 ὁμοίως
1168 4800 1385 4874 εἴρηται
1407 4819 1419 4833 ’
1456 4820 1475 4854 ι
1515 4802 1909 4876 Διεμερίσαντο
1938 4779 2006 4855 τὲι

410 4893 611 4966 ἱμάτιά
644 4909 745 4964 μου
776 4895 1010 4957 ἑαυτοξ,
1037 4894 1130 4948 καὶ
1168 4896 1262 4949 ἐπὶ
1287 4896 1378 4948 τὸν
1414 4896 1709 4966 ἱματισμόν
1740 4912 1839 4967 μου
1875 4894 1994 4947 ἔϐα-

403 4986 505 5041 λον
549 4982 771 5055 κλῆρον·
815 5005 833 5036 ι
870 4984 964 5038 καὶ
996 4985 1187 5039 πάλιν·
1230 5003 1249 5037 ι
1285 4986 1644 5057 Παρέστησαν
1674 4986 1723 5038 οἱ
1759 4985 2001 5056 βασιλεῖς

404 5076 516 5147 τῆς
554 5074 680 5144 γῆς,
724 5076 820 5128 καὶ
873 5077 922 5128 oi.
953 5076 1211 5147 ἄρχοντες
1244 5074 1591 5147 συνήχθησαν
1622 5076 1716 5130 ἐπὶ
1760 5076 1821 5129 τὸ
1846 5077 1997 5142 αὐτὸ,

407 5164 565 5221 κατὰ
618 5164 713 5218 τοῦ
762 5166 967 5236 Κυρίου
1015 5168 1109 5220 καὶ
1144 5166 1283 5219 κατὰ
1327 5165 1421 5220 τοῦ
1469 5166 1708 5239 Χριστοῦ
1754 5167 1941 5221 αὑτοῦ.
1978 5186 1997 5218 ι

417 5254 665 5329 ὀμοίως
704 5256 815 5329 γὰρ
854 5258 948 5309 καὶ
974 5256 1147 5310 ταῦτα
1178 5256 1439 5327 μέλλοντα
1472 5256 1755 5327 γίγνεσθαι
1796 5258 1871 5320 ὡς
1901 5257 2003 5328 ἤδη

406 5348 791 5422 παρῳχηκότα
824 5350 1276 5419 προανεφωνεῖτο.
1307 5348 1465 5403 Οῦτω
1522 5349 1616 5401 καὶ
1643 5348 1744 5402 ὅσα
1788 5347 2002 5419 νομίζε-

403 5459 504 5498 ται
539 5437 954 5511 προστακτικῶς
990 5440 1023 5510 ἢ
1068 5439 1333 5504 εὐκτικῶς
1366 5439 1641 5509 λέγεσθαι,
1688 5441 1784 5494 καὶ
1828 5441 2005 5496 ταῦτα

372 5594 387 5603 ι
408 5531 744 5608 προφητικῷ
792 5533 979 5605 τρόπῳ
1020 5532 1499 5606 προαγορευτικῶς
1529 5532 1847 5598 ἐξακούεται
1867 5548 1881 5563 ⁸
1913 5528 2003 5588 οἷά

2107 4638 2220 4696 que
2250 4621 2506 4678 similiter
2537 4621 2742 4676 dicitur
2769 4641 2783 4677 :
2824 4640 2844 4674 ι
2882 4620 3199 4678 Diviserunt
3230 4625 3333 4678 sibi
3367 4624 3701 4680 vestimenta

2114 4730 2255 4777 mea,
2284 4722 2338 4768 et
2369 4728 2535 4782 super
2568 4722 2771 4769 vestem
2807 4730 2982 4769 meam
3023 4720 3295 4770 miserunt
3324 4726 3529 4772 sortem
3555 4718 3603 4749 ³⁵
3630 4734 3647 4784 ;
3678 4737 3698 4769 δ

2114 4820 2179 4873 ac
2209 4821 2430 4859 rursum
2466 4823 2481 4879 :7
2514 4824 2533 4856 ι
2570 4806 2880 4863 Astiterunt
2917 4823 3074 4878 reges
3125 4815 3304 4871 terrze,
3336 4818 3390 4863 et
3420 4810 3702 4879 principes

2115 4904 2489 4950 convenerunt
2519 4896 2571 4949 in
2607 4911 2774 4949 unum
2808 4896 3074 4953 adversus
3101 4894 3389 4950 Dominum
3422 4903 3475 4950 et
3504 4897 3706 4951 adver—

2111 5002 2208 5042 sus
2236 4986 2517 5041 Christum
2546 4987 2666 5055 ejus
2696 4986 2761 5043 ".
2798 5006 2816 5038 ι
2857 4987 2990 5041 Nam
3023 4988 3274 5043 similiter
3306 4989 3420 5044 haec
3453 5004 3575 5060 quze
3610 4987 3701 5045 fu-

2111 5086 2234 5133 tura
2266 5087 2443 5144 erant,
2483 5082 2639 5149 quasi
2679 5081 2794 5149 jam
2832 5084 3108 5150 praeterita
3151 5084 3698 5153 praemuntiabuntur.

2111 5168 2238 5227 Pari
2293 5173 2503 5227 ratione
2550 5188 2892 5244 quacunque
2939 5184 3202 5244 putantur
3245 5175 3568 5245 imperando
3607 5186 3703 5231 aut

2111 5264 2351 5335 Optanda
2383 5264 2514 5326 diei,
2549 5265 2869 5335 prophetico
2915 5280 3068 5321 more
3099 5267 3457 5337 praenuntiari
3493 5275 3704 5339 putan-

2110 5354 2237 5408 dum
2265 5363 2351 5411 cst
2406 5374 2419 5410 :
2465 5356 2647 5426 qualia
2682 5362 2813 5412 sunt
2871 5356 2986 5411 inec
3034 5366 3155 5428 qua:
3197 5366 3519 5415 tractamus.
3554 5356 3697 5413 Illud

2110 5449 2253 5501 enim
2290 5465 2302 5500 :
2334 5466 2353 5498 ι
2391 5445 2512 5502 Fiat
2555 5463 2746 5502 mensa
2800 5462 3016 5512 eorum,
3057 5468 3076 5501 ι
3114 5450 3411 5521 intelligas,
3443 5468 3462 5503 ι
3492 5449 3585 5507 [iet
3619 5471 3693 5508 ι.»

2109 5547 2165 5592 et
2193 5539 2327 5595 illud
2354 5559 2368 5595 :
2397 5538 2807 5596 «Obscurentur
2836 5540 2981 5598 oculi
3004 5557 3218 5609 eorum,
3246 5562 3265 5596 ›
3296 5557 3397 5615 pro
3433 5559 3453 5598 ι
3491 5544 3698 5603 obscu-

432 5712 1011 5820 'mstfnjergmaﬂxil.
1086 5734 1536 5820 ’°_‘§iattlt.nxxv,
1578 5736 1703 5820 ⁸55.-
1746 5737 1791 5771 ³⁸
1833 5738 1988 5797 Deut.

2112 5758 2202 5813 stt,
2247 5744 2338 5800 52.
2416 5744 2457 5777 ³¹
2496 5742 2603 5799 lsa.
2651 5760 2702 5810 ν,
2744 5743 2799 5798 2.
2879 5746 2923 5779 ³²
2967 5746 3103 5802 ibid.
3149 5745 3200 5804 7.
3283 5747 3328 5781 ³³
3368 5744 3529 5802 Joan.
3572 5763 3694 5820 xm,

407 5806 612 5865 28-50.
692 5805 736 5838 ³⁸
773 5805 920 5863 Psal.
965 5820 1081 5875 m,
1126 5807 1211 5863 l9.
1288 5806 1332 5839 ³⁸
1374 5805 1523 5864 Psal.
1564 5822 1629 5891 ιι,
1668 5806 1722 5863 2.
