4056 6380
370 332 480 421 v51

1050 338 1327 397 EL'SEBII
1366 337 1845 397 CAESARIENSIS
1882 335 2031 393 OPP.
2073 335 2254 393 PARS
2292 337 2383 394 Ill.
2417 367 2489 379 —
2524 333 2938 396 EXEGETFCA.

3532 331 3650 402 ³732

374 463 676 527 rabuntur;
715 477 733 513 ι
765 466 818 515 et
850 461 1135 531 sequentia
1183 461 1457 517 similiter.
1497 460 1617 516 Non
1649 461 1794 517 enim
1827 475 1950 515 con-

2064 460 2179 512 ἐστι
2208 458 2277 513 τά
2309 460 2449 530 μετά
2470 462 2677 533 χεῖρας.
2699 460 2773 514 Th
2799 461 2928 534 γὰρ,
2958 482 2977 515 ι
3017 456 3304 534 Γενηθήτω
3328 462 3362 535 ἡ
3392 462 3651 536 ’τράπεζα

374 558 700 611 sentaneum
734 559 840 618 est,
878 568 1005 607 eum
1031 553 1127 623 qui
1159 553 1321 609 nobis
1366 553 1613 624 praecipit
1666 563 1724 607 ut
1759 553 1960 607 malum

354 659 475 718 pro
511 646 655 700 malo
684 660 794 700 non
821 644 1139 710 reddamus,
1174 644 1271 701 sed
1294 661 1582 716 precemur
1623 661 1724 717 pro
1757 645 1827 700 iis
1866 645 1961 715 qui

372 738 539 795 nobis
558 738 867 794 molestiam
895 743 1108 802 creant,
1136 746 1190 792 et
1218 745 1276 791 ut
1307 737 1719 802 benedicamus,
1744 750 1846 792 nec
1872 751 1961 792 ex-

373 845 682 895 secrentur,
714 830 1077 900 inimicosque
1106 829 1422 901 diligamus,
1462 830 1775 899 hujusmodi
1816 830 1958 884 mala

373 924 499 980 aliis
533 923 850 995 imprecari.
874 922 992 977 Non
1023 923 1265 993 Optativo
1296 923 1482 994 igitur,
1507 938 1685 994 neque
1723 923 1960 994 impera-

374 1019 489 1071 tivo
522 1015 706 1079 modo,
731 1015 827 1071 sed
879 1016 1183 1071 secundum
1236 1017 1492 1070 traditam
1526 1016 1794 1072 rationem
1845 1018 1959 1071 haec

374 1108 697 1181 prephetice
719 1108 1069 1179 pronuntiata
1102 1116 1250 1163 sunt.
1276 1105 1383 1161 Pro
1405 1108 1472 1162 iis
1493 1107 1638 1162 enim
1673 1122 1796 1178 quae
1822 1122 1957 1161 con-

377 1208 462 1256 tra
515 1217 602 1256 me
655 1201 775 1257 ausi
817 1208 1225 1273 perpetrarunt,
1262 1201 1377 1255 haec
1433 1201 1583 1272 ipsos
1639 1202 1953 1272 excipient:

374 1311 565 1352 mensa
603 1310 794 1349 eorum
853 1296 961 1350 illis
1007 1310 1119 1348 non
1170 1294 1236 1348 ad
1283 1293 1746 1365 suppeditandum
1771 1294 1954 1349 cibum

376 1387 502 1450 erit,
531 1386 625 1442 sed
648 1388 702 1441 in
730 1387 1008 1457 laqueum,
1034 1393 1088 1442 et
1119 1390 1173 1440 in
1197 1386 1589 1441 retributiones
1620 1397 1674 1441 et
1709 1387 1765 1442 in
1795 1401 1957 1443 scan-

376 1477 585 1541 dalum,
619 1477 749 1547 quia
774 1476 1043 1532 dederunt
1080 1477 1135 1532 in
1162 1492 1347 1533 escam
1378 1491 1554 1531 meam
1590 1475 1680 1532 l‘el.
1712 1476 1951 1532 Mensam

377 1586 545 1640 porro
570 1568 785 1624 Judaiei
818 1570 1002 1640 p0puli
1041 1582 1203 1640 quam
1240 1568 1448 1624 dixeris
1489 1584 1632 1633 esse,
1670 1569 1778 1625 nisi
1817 1568 1956 1623 divi-

378 1666 524 1719 nitus
575 1664 873 1733 inspiratas
922 1660 1255 1731 Scripturas,
1290 1676 1427 1731 quas
1468 1661 1720 1715 meditari
1755 1669 1809 1715 et
1839 1676 1959 1716 me...

374 1755 605 1810 moriter
648 1753 900 1825 proferre
939 1753 1151 1809 solent?
1181 1751 1422 1819 Quarum
1470 1752 1858 1823 contemplatio
1898 1760 1952 1807 et

2063 550 2263 616 αὐτῶν,
2302 571 2322 603 ι
2352 552 2644 607 ἀκουστέον
2675 554 2796 607 ἀντὶ
2820 556 2937 620 τοῦ,
2968 575 2987 608 ι
3015 559 3337 628 γενήσεταν
3374 576 3396 610 ι
3433 557 3529 612 καὶ
3564 557 3648 623 τὸ,

2069 661 2088 696 ι
2139 643 2584 716 Σκοτισθήτωσαν
2626 647 2676 699 οί
2721 647 2988 720 ὀφθαλμοὶ
3026 649 3225 714 αὐτῶν,
3268 669 3288 703 ι
3338 650 3460 704 ἀντὶ¹
3527 650 3648 719 τοῦ,

2067 755 2086 787 ι
2121 738 2589 809 σκοτισθήσονταυ
2639 757 2659 792 ι
2707 741 2899 794 καὶτὰ
2933 743 3059 813 ἑξῆς
3109 743 3320 807 τούτοις
3353 743 3651 817 παραπλη-

2063 834 2215 899 σίως.
2254 834 2330 888 Οὐ
2372 835 2483 907 γὰρ
2513 834 2625 906 ἔχει
2652 834 2811 903 λόγον
2840 836 2931 890 τὸν
2962 838 3093 908 ἡμῖν
3130 838 3542 910 προστάττοντα
3572 840 3649 911 μὴ

2060 926 2465 982 ἀνταποδιδόναι
2504 930 2673 985 κακὸν
2710 932 2832 986 ἀντὶ
2861 930 3055 994 κακοῦ,
3082 929 3218 984 ἀλλά
3248 930 3651 1002 προσεύχεσθαι

2062 1018 2208 1091 ὑπὲρ
2228 1019 2336 1073 τῶν
2368 1020 2804 1094 ἐπηρεαζόντων,
2835 1024 2932 1077 καὶ
2961 1021 3203 1089 εὐλογεῖν
3240 1022 3335 1076 καὶ
3369 1021 3445 1093 μὴ
3477 1039 3651 1075 κατα-

2062 1112 2275 1183 ρᾶσθαι,
2308 1113 2525 1185 ἀγαπᾷν
2560 1113 2618 1167 δὲ
2645 1114 2741 1168 καὶ
2776 1115 2903 1177 τοὺς
2946 1113 3196 1186 ἐχθροὺς,
3228 1112 3391 1166 αὑτὸν
3421 1111 3652 1165 τοιαῦτα

2059 1203 2419 1274 κατεύχεσθαι
2476 1204 2708 1275 ἑτέροις.
2756 1206 2871 1258 Ούκ
2926 1203 3197 1268 εύκτικῶς
3255 1203 3470 1270 τοίνυν,
3527 1203 3648 1257 ούδέ

2058 1296 2492 1367 προστακτικῶς,
2520 1297 2662 1351 κατὰ
2696 1297 2755 1350 δὲ
2786 1297 2876 1351 τὸν
2908 1297 3242 1351 ἀποδοθέντα
3273 1296 3479 1369 τρόπον
3511 1312 3648 1367 προ-

2056 1386 2300 1456 φητικῶς
2333 1388 2431 1442 καὶ
2457 1388 2629 1443 ταῦτα
2654 1388 2926 1443 λέλεκται.
2965 1388 3107 1443 Ἀνθ’
3136 1381 3213 1444 ὧν
3241 1388 3354 1462 γὰρ
3382 1388 3649 1463 τετολμή.

2057 1494 2186 1531 κασι
2238 1479 2334 1533 καὶ
2383 1478 2743 1552 διεπράξαντο
2790 1483 2913 1535 κατ’
2961 1481 3119 1552 ἐμοῦ,
3168 1481 3402 1537 τοιαῦτα
3445 1480 3648 1548 αὐτοὺς

2054 1568 2383 1633 διαδέξεται·
2419 1572 2453 1643 ἡ
2492 1570 2741 1644 τράπεζα
2771 1571 2949 1626 αὐτῶν
3000 1572 3154 1626 ἔσται
3206 1572 3387 1636 αὐτοῖς
3422 1572 3524 1626 οὐκ
3563 1572 3645 1636 είς

2056 1658 2354 1731 παράθεσιν
2402 1662 2630 1734 τροφῆς,
2668 1661 2784 1717 ἀλλ’
2832 1663 2914 1727 είς
2947 1662 3150 1732 παγίδα
3180 1663 3276 1717 καὶ
3307 1663 3387 1726 είς
3417 1662 3647 1715 ἀνταπο-

2055 1753 2228 1818 δόσεις
2279 1755 2374 1807 καὶ
2425 1756 2506 1818 είς
2554 1754 2871 1819 σκάνδαλον,
2930 1755 3048 1809 ἀνθ’
3095 1749 3170 1809 ὧν
3222 1755 3430 1810 ἔδωκαν
3462 1757 3546 1820 είς
3580 1757 3645 1809 τὸ

373 1840 757 1916 intelligentia,
790 1845 1100 1899 animarum
1134 1843 1542 1897 rationabilium
1576 1857 1759 1898 escam
1800 1858 1950 1897 coni-

2057 1844 2250 1917 βρῶμά
2276 1862 2379 1917 μου
2413 1845 2596 1918 χολήν.
2623 1846 2915 1919 Τράπεςαν
2946 1846 3007 1899 δέ
3029 1846 3125 1900 τοῦ
3166 1846 3439 1905 Ἰουδαίων
3459 1846 3646 1912 ἔθνους

370 1940 658 2009 plectitur,
682 1937 851 1992 dictio
877 1943 1057 1991 autem
1089 1952 1291 1991 mensa:
1321 1938 1440 1990 loco
1469 1947 1574 1992 est.

370 2030 465 2083 καὶ
513 2030 967 2100 ἀποστοματίζειν
1009 2028 1298 2095 εἰώθασιν;
1331 2022 1406 2083 ὧν
1434 2031 1467 2100 ή
1507 2030 1606 2100 μὲν
1642 2027 1842 2102 θεωρία
1905 2031 1998 2083 καὶ
2035 2030 2067 2101 ἡ
2122 2032 2326 2102 νόησις,
2352 2031 2537 2103 ψυχῶν
2559 2033 2767 2104 τροφὴν
2796 2032 3027 2102 λογικῶν
3061 2034 3326 2106 περιέχει,
3348 2035 3382 2105 ἡ
3414 2033 3471 2086 δὲ
3501 2029 3596 2100 λάξ

368 2121 649 2192 τραπέζης
679 2119 864 2192 χώραν
900 2122 1164 2193 περιέχει.

443 2234 597 2290 Hanc
643 2234 826 2305 itaque
856 2250 1102 2291 mensam
1144 2250 1357 2301 eorum,
1388 2253 1585 2309 nempe
1621 2236 1835 2293 obviam
1870 2238 1954 2294 di-

370 2327 623 2381 vinarum
648 2324 1058 2397 Scripturarum
1087 2328 1404 2396 let-tionem,
1427 2329 1562 2400 ipsis
1584 2333 1641 2385 in
1671 2330 1949 2401 laqueum,

369 2426 425 2471 et
450 2416 508 2471 in
535 2416 925 2472 retributiones
947 2418 1075 2473 etin
1101 2420 1420 2474 scandalum
1446 2420 1561 2477 fore
1579 2421 1947 2492 praenuntiat;

372 2515 537 2579 atque
570 2523 681 2562 non
726 2518 922 2563 natara
965 2509 1131 2564 talem
1164 2526 1310 2576 esse,
1345 2510 1441 2568 sed
1471 2513 1605 2583 ipsis
1634 2512 1950 2583 hujusmodi

370 2599 633 2655 futuram.
670 2599 727 2655 Id
759 2603 906 2657 enim
942 2602 1028 2657 his
1050 2602 1232 2658 verbis
1272 2603 1612 2674 significatur
1648 2623 1662 2660 :
1696 2623 1715 2656 ι
1751 2604 1951 2661 Coram

367 2692 504 2764 ipsis
532 2691 626 2747 ﬁat
654 2706 845 2748 mensa
876 2706 1067 2748 eorum
1098 2697 1153 2749 in
1183 2696 1433 2765 laqueum
1465 2705 1520 2752 et
1549 2697 1603 2750 in
1632 2696 1954 2752 retributio-

366 2792 468 2840 nes
513 2789 569 2838 et
598 2783 656 2838 in
705 2783 1051 2840 scandalum.
1093 2803 1112 2837 ι
1166 2783 1279 2842 lloe
1316 2795 1496 2842 autem
1540 2802 1704 2857 opere
1746 2787 1801 2842 in
1842 2788 1952 2843 illis

367 2876 692 2945 completur.
734 2873 959 2932 Divinas
1013 2893 1253 2949 namque
1298 2872 1621 2950 Scripturas
1673 2879 1950 2952 legentes,

367 2967 567 3022 exinde
612 2968 823 3038 laqueis
863 2969 1267 3039 complicantur
1297 2986 1312 3023 :
1341 2986 1531 3026 earum
1568 2971 1770 3042 quippe
1802 2972 1949 3026 dicta

366 3065 566 3128 praeter
584 3076 768 3116 veram
795 3062 1079 3117 scientiam
1104 3063 1462 3133 excipientes,
1491 3078 1813 3136 rectumque
1837 3081 1954 3120 ver-

365 3150 563 3207 borum
608 3166 833 3207 sensum
865 3161 1206 3216 erer-tentes;
1254 3155 1321 3211 iis
1352 3155 1418 3210 ad
1464 3172 1573 3210 non
1615 3156 1949 3211 credendum

368 3241 651 3299 Servatori
696 3242 908 3298 seducti
953 3253 1103 3301 sunt.
1155 3247 1271 3300 Iino
1302 3247 1465 3302 etiam
1518 3263 1708 3303 mensa
1757 3263 1948 3304 eorum

364 3332 503 3408 ipsis
557 3334 612 3389 in
679 3336 1070 3393 retributiones
1130 3338 1380 3393 vertitur.
1444 3338 1601 3406 Quod
1664 3341 1810 3397 enim
1876 3342 1956 3398 le-

364 3428 579 3484 ctiones
605 3444 717 3484 non
738 3423 1080 3501 intelligant,
1113 3431 1196 3486 vel
1224 3431 1352 3488 inde
1378 3431 1688 3488 facinorum
1723 3449 1952 3490 suorum

364 3523 422 3575 in
454 3521 633 3592 ipsum
660 3537 856 3593 pmnas
885 3522 1062 3577 luunt.
1094 3522 1277 3591 Quare
1302 3522 1666 3597 Symmachus
1694 3543 1792 3598 pro
1822 3528 1950 3593 illo,

371 3632 388 3663 ε
416 3619 472 3667 et
501 3612 557 3667 in
591 3614 1022 3675 retributiones.
1045 3634 1064 3667 ι
1088 3616 1285 3684 vertit,
1311 3636 1329 3669 ι
1357 3626 1411 3672 et
1444 3618 1498 3671 in
1530 3619 1858 3690 supplicium
1884 3637 1900 3686 ;
1928 3638 1947 3670 ι

364 3705 500 3774 quin
526 3706 692 3761 etiam
726 3706 782 3761 in
814 3706 1134 3763 scandalum
1161 3723 1347 3764 coram
1378 3710 1512 3781 ipsis
1539 3727 1732 3768 mensa
1760 3727 1951 3767 eorum

364 3800 619 3854 vertitur.
664 3797 822 3854 Nuda
863 3801 1066 3872 quippe
1114 3803 1284 3857 verba
1327 3804 1569 3874 legentes
1602 3804 1951 3876 impingunt,

365 3902 628 3946 arcanum
680 3906 871 3946 eorum
920 3908 1143 3949 sensum
1191 3911 1300 3949 non
1348 3899 1648 3966 capientes.
1703 3896 1950 3966 Exempli

362 3997 532 4040 causa
552 4023 568 4049 ,
595 3996 719 4039 cum
745 3985 1011 4051 audiunt,
1037 3997 1095 4042 ut
1112 4028 1127 4052 ,
1160 3988 1483 4044 adveniente
1509 3988 1759 4054 Christo,
1784 3989 1951 4045 simul

363 4085 553 4146 pascet
580 4075 742 4147 lupus
764 4094 891 4132 cum
923 4094 1064 4151 agno
1084 4121 1100 4145 ,
1124 4089 1184 4135 et
1215 4081 1420 4150 pardus
1447 4092 1572 4136 eum
1607 4081 1760 4136 haedo
1786 4097 1952 4136 accu-

367 4165 524 4222 habit
545 4207 560 4232 ,
592 4168 678 4223 leo
707 4176 761 4225 et
792 4169 896 4225 bos
927 4171 1218 4226 comedent
1249 4172 1434 4241 paleas
1478 4172 1562 4239 3°;
1612 4173 1729 4226 hate
1775 4181 1830 4228 et
1872 4173 1948 4227 si-

364 4258 519 4313 milia
552 4274 661 4314 non
692 4259 1096 4331 intelligentes,
1132 4261 1458 4316 adveniente
1488 4260 1714 4318 Christo
1746 4261 1801 4316 in
1833 4261 1951 4316 hmo

363 4350 707 4422 impingunt;
733 4351 861 4422 quia
891 4351 1007 4407 haec
1031 4367 1140 4407 non
1164 4354 1413 4409 sensibili
1445 4354 1609 4409 modo
1630 4354 1686 4409 in
1709 4354 1830 4424 ejus
1854 4352 1952 4409 ad-

361 4450 531 4499 ventu
556 4445 926 4515 contigerunt.
964 4442 1057 4499 Sic
1085 4460 1219 4516 ergo
1248 4446 1511 4516 prmdicla
1541 4462 1732 4501 eorum
1759 4461 1949 4501 mensa

2057 1937 2177 1991 τίνα
2199 1936 2264 1990 ἂν
2296 1938 2469 2001 εἴποις
2489 1938 2522 2009 ἢ
2543 1938 2641 2003 τὰς
2663 1937 3048 2001 θεοπνεύστους
3067 1937 3313 2010 Γραφάς,
3327 1939 3395 2003 ἃς
3419 1938 3655 2011 μελετᾷν

3606 2048 3657 2097 ις

2132 2234 2349 2307 Ταύτην
2372 2235 2550 2289 τοίνυν
2573 2236 2671 2308 τὴν
2694 2234 2975 2309 τράπεζαν
3012 2234 3213 2299 αὐτῶν,
3232 2236 3331 2308 τὴν
3357 2237 3655 2311 πρόχειρον

2056 2325 2166 2380 τῶν
2212 2324 2373 2379 θείων
2404 2324 2637 2397 Γραφῶν
2680 2325 2985 2393 ἀνάγνωσιν
3018 2322 3378 2396 προαγορεύει
3426 2325 3651 2380 ἔσεσθαι

2056 2416 2241 2480 αὐτοῖς
2270 2418 2349 2480 είς
2374 2416 2576 2485 παγίδα
2599 2417 2693 2470 καὶ
2720 2418 2799 2479 είς
2824 2415 3211 2481 ἀνταποδόσεις
3245 2417 3341 2470 καὶ
3377 2419 3457 2482 εἰς
3485 2412 3649 2473 σκάν-

2056 2507 2213 2562 δαλον
2232 2526 2247 2539 ⁸
2282 2508 2379 2561 καὶ
2408 2508 2625 2561 ἔσεσθαι
2656 2509 2824 2579 αὐτὴν
2855 2508 3112 2581 τοιαύτην
3144 2509 3351 2574 αὐτοῖς,
3389 2510 3450 2563 ού
3487 2511 3647 2581 φύσει

2055 2598 2219 2656 οὖσαν
2251 2602 2527 2672 τοιαύτην,
2552 2602 2666 2656 ἀλλ’
2699 2603 2884 2666 αὐτοῖς
2920 2601 3140 2655 ἔσεσθαι
3174 2602 3451 2675 τοιαύτην.
3478 2603 3648 2658 Τοῦτο

2054 2692 2163 2764 γὰρ
2189 2692 2442 2764 σημαίνει
2471 2694 2500 2746 ὁ
2534 2691 2692 2761 λόγος
2720 2691 2944 2746 εἰπών’(
2984 2692 3244 2747 Ἑνώπιον
3274 2693 3453 2747 αὐτῶν
3484 2712 3648 2773 γενηο

2055 2784 2205 2858 θήτω
2234 2787 2267 2857 ἡ
2300 2786 2548 2857 τράπεζα
2575 2786 2755 2841 αὐτῶν
2793 2789 2873 2852 είς
2914 2789 3139 2857 παγίδα,
3175 2790 3270 2844 καὶ
3293 2782 3373 2854 είς
3410 2791 3645 2845 ἀνταποο

2051 2878 2230 2943 δόσεις
2262 2879 2357 2934 καὶ
2379 2882 2459 2944 είς
2489 2880 2805 2934 σκάνδαλον.
2832 2900 2850 2931 δ
2879 2878 3065 2953 Ἔργῳ
3079 2880 3136 2934 δὲ
3158 2880 3317 2935 τοῦτο
3345 2883 3425 2946 είς
3448 2884 3646 2947 αὐτοὺς

2058 2970 2379 3042 πληροῦται.
2414 2973 2546 3035 Ταῖς
2576 2972 2706 3040 γοῦν
2740 2971 2912 3036 θείαις
2943 2972 3190 3044 Γραφαῖς
3224 2974 3644 3043 ἐντυγχάνοντες

2057 3063 2116 3130 ἐξ
2165 3062 2345 3118 αὐτῶν
2377 3064 2567 3132 παγίσι
2608 3064 3040 3138 περιπείρονται,
3077 3065 3280 3136 ἑτέρως
3308 3066 3343 3138 ἢ
3379 3067 3523 3121 κατὰ
3553 3066 3645 3121 τὸν

2057 3157 2232 3227 ἀληθῆ
2251 3156 2374 3209 νοῦν
2394 3153 2826 3227 ἐκλαμϐάνοντες
2849 3155 2945 3220 τὰς
2963 3157 3158 3224 λέξεις,
3180 3157 3276 3211 καὶ
3297 3157 3645 3233 διαστρέφον-

2054 3269 2145 3314 τες
2164 3251 2254 3303 τὸν
2279 3252 2337 3303 ἐν
2361 3246 2551 3313 αὐταῖς
2569 3249 2726 3320 ὀρθὸν
2746 3248 2925 3319 λόγον,
2939 3250 2996 3317 ἐξ
3013 3250 3192 3305 αὐτῶν
3215 3269 3276 3305 τε
3295 3253 3376 3316 είς
3386 3253 3643 3312 ἀπιστίαν

2054 3342 2149 3396 τοῦ
2183 3341 2437 3412 Σωτῆρος
2472 3342 2941 3413 περιπειρόμενοι.
2983 3340 3143 3395 Ἀλλὰ
3175 3342 3272 3397 καὶ
3304 3344 3385 3406 είς
3410 3344 3647 3398 ἀνταπο-

2054 3435 2229 3499 δόσεις
2249 3433 2459 3504 γίνεται
2484 3432 2667 3497 αὐτοῖς
2689 3435 2722 3505 ἡ
2741 3433 2989 3505 τράπεζα
3019 3434 3218 3489 αὐτῶν.
3253 3432 3339 3489 Ἐν
3359 3436 3470 3508 γὰρ
3496 3436 3647 3509 αὐτῷ

2052 3520 2230 3598 τούτῳ
2260 3527 2338 3596 τῷ
2375 3525 2449 3598 μὴ
2483 3526 2720 3581 συνιέναι
2750 3524 2818 3580 τὰ
2847 3526 3284 3598 ἀναγνῶσματα,
3317 3527 3644 3591 ἀπολαμϐά-

2054 3635 2235 3673 νουσιν
2262 3612 2338 3671 ῶν
2362 3615 2599 3690 ἔδρασαν
2630 3619 2752 3671 κατ’
2784 3616 2947 3672 αὑτοῦ
2981 3617 3081 3690 τὴν
3110 3617 3405 3692 τιμωρίαν.
3440 3619 3644 3692 Διόπερ

2054 3711 2083 3763 ὁ
2106 3707 2402 3781 Σύμμαχος
2428 3709 2549 3762 ἀντὶ
2573 3707 2691 3773 τοῦ,
2719 3726 2737 3761 ι
2766 3708 2860 3761 καὶ
2892 3706 2975 3771 είς
2998 3707 3382 3772 ἀνταποδόσεις
3401 3748 3416 3773 ,
3443 3708 3539 3762 καὶ
3557 3706 3646 3775 είς

2054 3803 2366 3872 τιμωρίαν,
2414 3801 2781 3872 ἡρμήνευσεν.
2836 3798 2998 3853 Ἀλλά
3059 3798 3155 3853 καί⁸
3201 3800 3283 3863 εἰς
3341 3800 3641 3854 σκάνδαλον

2053 3895 2263 3963 γίνεται
2299 3892 2529 3947 ἐνώπιον
2564 3891 2742 3945 αὐτῶν
2775 3892 2809 3963 ὴ
2840 3889 3090 3964 τράπεζα
3121 3889 3321 3945 αὐτῶν.
3354 3890 3643 3945 Σκανδαλί·

2054 3984 2236 4050 ζονται
2263 3984 2372 4057 γὰρ
2399 3982 2819 4055 ἐντυγχάνοντες
2844 3983 3027 4052 ψιλαῖς
3057 3984 3176 4046 ταῖς
3205 3981 3404 4048 λέξεσι,
3439 3984 3533 4036 καὶ
3565 3980 3642 4054 μὴ

2055 4078 2326 4141 συνιέντες
2351 4076 2451 4149 τὴν
2475 4078 2533 4129 ἐν
2559 4077 2753 4139 αὑταῖς
2781 4073 3014 4147 θεωρίαν
3030 4082 3048 4104 ”
3074 4071 3186 4129 οἷον
3207 4074 3517 4140 ἀκούοντες,
3540 4075 3637 4143 ὡς,

2054 4170 2375 4232 ἐπιστάντος
2398 4166 2492 4221 τοῦ
2514 4167 2774 4240 Χριστοῦ,
2800 4165 3240 4239 συμϐοσκήσεται
3287 4165 3451 4230 λύκος
3502 4164 3641 4237 μετά

2053 4260 2235 4331 ἀρνὸς,
2255 4260 2349 4313 καὶ
2372 4257 2634 4329 πάρδαλις
2662 4246 3130 4309 συναναπαύσεται
3154 4246 3329 4328 ἐρίφῳ
3348 4294 3364 4322 ,
3387 4257 3483 4309 καὶ
3504 4256 3643 4311 λέων

2052 4351 2148 4405 καὶ
2187 4350 2313 4422 βοῦς
2345 4350 2579 4419 φάγεται
2608 4349 2817 4420 ἄχυρα·
2869 4346 3039 4400 ταῦτα
3078 4347 3171 4401 καὶ
3204 4347 3273 4402 τὰ
3304 4346 3527 4403 τοιαῦτα
3561 4349 3638 4422 μὴ

2056 4444 2345 4507 συνιέντες,
2378 4440 2819 4504 σκανδαλίζονται
2858 4440 2950 4494 ἐπὶ
2977 4439 3055 4511 τῷ
3083 4439 3364 4509 ἐληλυθότι
3393 4440 3640 4514 Χριστῷ,

364 4534 469 4592 fuit
496 4550 683 4591 coram
715 4536 851 4607 ipsis
883 4536 941 4591 in
970 4536 1229 4608 laqueum
1253 4576 1270 4603 ,
1298 4546 1353 4593 et
1385 4540 1439 4593 in
1468 4537 1861 4594 retributiones
1894 4545 1949 4594 et

2057 4537 2137 4591 ὅτι
2171 4536 2246 4608 μὴ
2290 4532 2567 4604 αἰσθητῶς
2598 4533 2814 4601 ἐγένετο
2838 4533 3012 4586 ταῦτα
3038 4533 3096 4585 ἐν
3127 4532 3396 4605 τῇςαύτοῦ
3430 4551 3635 4607 παρου-

363 4628 422 4684 in
451 4628 796 4683 scandalum.
826 4626 1061 4700 Haecque
1089 4629 1241 4700 passi
1289 4638 1452 4693 sunt,
1495 4632 1625 4700 quia
1666 4630 1948 4686 obscurati

2053 4629 2163 4700 σίᾳ.
2205 4626 2393 4690 Οὕτως
2414 4622 2507 4681 οὖν
2532 4627 2567 4698 ἡ
2600 4625 2919 4680 ἀποδοθείσα
2943 4625 3120 4679 αὐτῶν
3141 4625 3392 4699 τράπεζα
3415 4627 3639 4698 γέγονεν

361 4729 495 4779 sunt
524 4721 669 4776 oculi
692 4735 885 4777 eorum
911 4729 969 4777 ut
995 4736 1106 4778 non
1141 4722 1393 4779 viderent
1413 4763 1429 4787 ,
1457 4723 1586 4794 quia
1618 4731 1949 4792 respuerunt

2057 4719 2283 4777 ἐνώπιον
2315 4718 2496 4773 αὐτῶν
2528 4719 2609 4782 είς
2641 4718 2865 4787 παγίδα,
2898 4718 2994 4772 καὶ
3025 4720 3104 4782 είς
3128 4719 3515 4782 ἀνταποδόσεις
3542 4719 3637 4774 καὶ

360 4814 541 4867 lucem
566 4811 967 4870 illuminantem
995 4828 1215 4869 omnem
1245 4814 1522 4869 hominem
1540 4853 1554 4878 ,
1581 4821 1636 4868 et
1666 4814 1793 4883 quia
1822 4830 1950 4869 ocu-

358 4905 443 4962 los
476 4904 743 4962 habentes
773 4922 882 4962 non
914 4907 1216 4971 videbant,
1247 4917 1301 4963 et
1329 4921 1493 4963 aures
1536 4906 1806 4961 habentes
1837 4922 1947 4962 non

358 4997 679 5055 audiebant.
725 4997 1097 5055 lnerassatum
1133 5001 1278 5053 enim
1320 5008 1405 5054 est
1452 5014 1550 5055 cor
1595 5014 1811 5063 eorum,
1861 5013 1949 5056 se-

358 5090 601 5147 cundum
627 5090 845 5156 Isaiam,
885 5100 939 5146 et
962 5092 1153 5147 oculos
1177 5092 1530 5157 obturarunt,
1558 5107 1830 5163 auresque
1853 5107 1947 5163 ag-

361 5193 667 5257 gravarunt
686 5178 757 5241 ³⁷.
793 5186 976 5252 Quare
1001 5184 1090 5239 hic
1111 5184 1515 5254 praenuntiatur
1541 5205 1554 5239 :
1585 5202 1603 5236 ι
1629 5183 1943 5240 Obscuren-

360 5282 451 5330 tur
468 5277 616 5331 oculi
643 5290 837 5330 eorum
866 5292 935 5329 ne
962 5273 1207 5329 videant.
1235 5292 1258 5326 ν
1291 5274 1470 5328 Alium
1500 5289 1723 5345 quoque
1749 5289 1940 5329 casum

360 5381 549 5423 eorum
578 5369 728 5422 clare
750 5367 1085 5422 vaticinatur
1111 5367 1200 5421 his
1227 5366 1449 5422 verbis:
1473 5386 1490 5415 ι
1514 5365 1579 5419 Ει
1603 5366 1829 5421 dorsum
1854 5381 1945 5422 eo-

360 5471 486 5511 rum
517 5471 734 5528 semper
765 5459 991 5512 incurva
1012 5498 1028 5522 ,
1064 5477 1083 5509 ι
1110 5456 1166 5511 id
1192 5464 1278 5512 est
1303 5497 1317 5522 ,
1346 5475 1365 5509 ι
1400 5456 1717 5512 ineurvabis
1743 5474 1758 5523 ;
1796 5477 1815 5510 ι
1844 5464 1895 5512 et
1924 5475 1938 5512 :

368 5546 630 5605 tEﬂ'unde
653 5566 822 5619 super
848 5566 943 5606 eos
964 5550 1103 5605 iram
1127 5551 1578 5613 tuamnsciiicet,
1603 5548 1936 5616 reﬂ‘undesp

360 5648 416 5695 et
441 5657 457 5695 :
496 5637 707 5695 «Furor
738 5642 833 5695 ira:
868 5651 976 5697 tua:
1002 5642 1433 5713 comprehendat
1463 5659 1559 5701 eos
1580 5645 1899 5711 ,mimirum
1921 5679 1937 5711 ,

428 5798 483 5837 “
518 5801 626 5856 lsa.
669 5810 747 5866 ιι,
786 5797 840 5853 6.
917 5798 960 5832 π
1001 5796 1106 5855 lsa.
1148 5815 1221 5863 vi.
1264 5798 1349 5855 10.

2052 4814 2134 4874 είς
2155 4810 2468 4865 σκάνδαλον.
2486 4808 2595 4864 Καὶ
2611 4809 2781 4863 ταῦτα
2801 4801 3154 4874 πεπόνθασιν,
3176 4808 3473 4882 ἐπειδήπερ
3490 4813 3640 4865 ἐσκο-

2051 4901 2316 4974 τίσθησαν
2342 4902 2393 4954 οἱ
2420 4899 2688 4971 ὀφθαλμοὶ
2716 4900 2894 4953 αὐτῶν
2924 4899 3020 4954 τοῦ
3058 4899 3132 4972 μὴ
3168 4900 3384 4971 βλέπειν
3409 4939 3425 4965 ,
3458 4900 3548 4954 διὰ
3577 4901 3640 4956 τὸ

2054 4993 2402 5067 παρῃτῆσθαι
2424 4986 2485 5047 τὸ
2514 4993 2630 5063 φῶς
2656 4994 2718 5047 τὸ
2744 4992 2978 5063 φωτίζον
3006 4992 3184 5048 πάντα
3202 4992 3518 5065 ἄνθρωπον,
3544 4992 3641 5045 καὶ

2053 5087 2177 5141 ἐπεὶ
2199 5085 2509 5157 ὀφθαλμοὺς
2543 5084 2756 5157 ἔχοντες
2787 5084 2888 5138 οὐκ
2927 5083 3172 5150 ἔϐλεπον,
3202 5083 3299 5138 καὶ
3334 5077 3449 5137 ὦτα
3488 5084 3639 5154 ἕχον-

2050 5196 2141 5244 τες
2180 5180 2280 5232 οὐκ
2336 5179 2553 5249 ἤκουον.
2605 5176 2915 5248 Ἐπαχύνθη
2959 5176 3068 5249 γὰρ
3101 5178 3137 5248 ἡ
3181 5175 3380 5250 καρδία
3416 5173 3632 5242 αὐτῶν,

2049 5269 2190 5327 κατὰ
2213 5271 2305 5326 τὸν
2346 5266 2591 5334 Ἢσαϊαν,
2637 5268 2729 5322 καὶ
2771 5268 2899 5331 τοὺς
2929 5266 3241 5344 ὀφθαλμοὺς
3283 5267 3631 5340 ἐκάμμυσαν,

2052 5367 2146 5420 καί⁵
2190 5366 2257 5421 τά
2295 5361 2409 5419 ῶτα
2476 5364 2767 5435 ἐδάρυναν.
2809 5356 2901 5418 Διδ
2954 5359 3313 5438 προαγορεύει
3352 5364 3574 5435 φάσκων
3602 5362 3635 5419 δ

2050 5459 2235 5529 λόγος’
2280 5476 2299 5511 ι
2317 5457 2764 5529 Σκοτισθήτωσαν
2809 5458 2858 5511 οί
2906 5457 3174 5530 ὀφθαλμοὶ
3212 5454 3391 5513 αὐτῶν
3430 5455 3523 5511 τοῦ
3556 5452 3633 5530 μὴ

2054 5550 2289 5622 βλέπειν.
2317 5551 2475 5605 νΚαὶ
2499 5549 2628 5604 ἄλλο
2651 5548 2706 5602 δὲ
2731 5548 2976 5622 ἐναργῶς
3005 5548 3217 5621 συμϐὰν
3238 5550 3421 5614 αὐτοῖς
3448 5548 3635 5603 θεσπί-

2051 5642 2132 5708 ζει
2152 5642 2324 5712 λέγων
2338 5659 2358 5678 ο
2389 5661 2413 5697 ι
2434 5638 2543 5699 Καὶ
2564 5640 2656 5696 τὸν
2678 5640 2847 5695 νῶτον
2869 5641 3048 5696 αὐτῶν
3073 5640 3361 5706 διαπαντὸς
3386 5638 3636 5712 σύγκαμ-
