4056 6380
473 343 579 403 785

1599 350 2100 410 COMMENTARIA
2141 354 2206 409 IN
2246 348 2605 409 PSALMOSI

3646 355 3737 402 150

472 466 595 536 ψον,
621 482 639 517 ι
681 466 805 521 ἀντὶ
843 467 937 520 του
956 509 971 534 ,
1016 485 1036 518 ι
1064 467 1437 539 συγκάμψεις·
1465 488 1484 522 ι
1526 471 1642 535 καὶ,
1669 490 1688 522 ι
1716 474 1946 545 Ἔκχεον
1977 477 2056 529 ἐπ¹

2172 493 2192 521 ε
2223 472 2670 544 comprehendet.
2698 490 2715 520 ι
2747 466 3035 536 Quomodo
3065 462 3244 522 autem
3280 465 3469 522 isthme
3494 472 3618 535 post
3644 462 3744 520 Ju-

473 557 670 622 αὐτοὺς
690 558 786 630 τὴν
801 558 967 632 ὀργήν
1001 576 1095 613 σου
1116 600 1132 626 ,
1159 580 1176 612 ι
1212 562 1332 615 ἀντὶ
1356 561 1474 625 τοῦ,
1499 582 1517 613 ι
1540 563 1755 634 ἐκχεεῖς
1771 583 1784 596 ·
1801 585 1819 618 ι
1843 566 1958 631 καὶ,
1984 587 2002 619 ι
2033 569 2063 620 6

474 648 645 721 θυμὸς
674 650 773 721 τῆς
813 651 983 722 ὀργῆς
1030 669 1125 706 σου
1160 653 1459 708 καταλάϐοι
1491 656 1705 720 αὐτοὺς,
1732 677 1750 709 ι
1789 657 1911 711 ἀντὶ
1944 659 2059 721 τοῦ,

476 759 500 794 ι
520 742 944 814 καταλήψεται.»
982 745 1170 809 Ὅπως
1197 745 1256 800 δὲ
1293 748 1388 800 καὶ
1414 747 1586 802 ταῦτα
1623 750 1760 820 μετα
1790 751 1888 822 τὴν
1919 754 2062 806 κατὰ

471 830 568 887 τοῦ
593 833 843 905 Σωτῆρος
870 834 1025 906 ἡμῶν
1051 836 1259 907 τόλμαν
1285 837 1366 909 τῷ
1408 838 1680 892 Ἰουδαίων.
1700 840 2050 911 συμϐέϐηκεν

472 921 650 987 ἔθνει,
690 923 752 977 οὺ
791 923 1051 998 δυσχερὲς
1088 927 1445 998 καταμαθεῖν.
1496 927 1671 982 Πάλαι
1705 928 1802 998 μὲν
1835 927 1943 1001 γὰρ
1971 927 2062 982 διὰ

469 1014 571 1079 τὰς
596 1009 1041 1089 είδὼλολατρείας
1059 1018 1238 1073 αὐτῶν
1268 1019 1482 1090 ἐχθροῖς
1504 1020 1596 1073 καὶ
1620 1019 1902 1091 πολεμίοις
1925 1020 2061 1091 πρὸς

469 1107 650 1179 όλίγον
673 1109 864 1180 καιρὸν
886 1109 1200 1165 ἐδουλοῦντο
1217 1127 1231 1140 ·
1260 1107 1358 1165 εἶτ’
1381 1108 1544 1177 αὖθις·
1558 1110 1658 1184 τὴν
1683 1112 1889 1166 οἰκείαν
1910 1113 2061 1167 ἐλευ-

471 1198 659 1272 θερίαν
691 1200 995 1271 ἐλάμϐανον
1015 1218 1030 1233 ·
1061 1201 1348 1273 αὐτόνομοί
1378 1220 1438 1257 τε
1481 1204 1579 1265 καὶ
1622 1203 2059 1258 αὑτοϐασίλευτοι

468 1292 758 1357 διετέλουν,
780 1292 998 1365 this.pr
1023 1294 1115 1348 καὶ
1136 1294 1235 1367 τὴν
1255 1296 1314 1353 ὲν
1339 1296 1489 1367 αὐτῷ
1516 1296 1656 1350 κατὰ
1676 1296 1766 1349 τὸν
1781 1296 2083 1363 Μωίὶσὲως¹

470 1384 637 1455 νόμον
673 1384 929 1458 λατρείαν
958 1386 1363 1458 διατρέχοντες·
1406 1388 1543 1458 μετὰ
1574 1387 1633 1443 δέ
1665 1390 1766 1460 τὴν
1791 1387 1932 1442 κατὰ
1962 1386 2057 1442 τοῦ

472 1476 727 1549 Σωτῆρος
752 1477 910 1547 ἡμῶν
933 1477 1253 1549 ἐπιϐουλὴν,
1279 1479 1498 1536 πάντων
1525 1479 1737 1553 ἀθρόως
1763 1477 2061 1551 ἐστερήθη-

474 1584 607 1621 σαν·
651 1569 964 1641 πολιορκίαν
989 1588 1049 1624 τε
1081 1572 1175 1624 καὶ
1208 1571 1450 1627 δουλείαν
1490 1572 1589 1644 τὴν
1617 1572 1721 1626 ὑπὸ
1768 1571 2059 1643 Ῥωμαίοις

472 1659 890 1731 ὑπομείναντες,
932 1660 1207 1732 διέμειναν
1240 1661 1385 1717 οὕτω
1422 1664 1702 1728 ταπεινοὶ,
1738 1665 1832 1718 καὶ
1867 1662 2057 1734 μηκέτ’

472 1751 765 1811 ἀνανεῦσαι
795 1752 1143 1824 δεδυνημένοι
1162 1771 1176 1787 ·
1216 1754 1244 1807 ὃ
1268 1755 1332 1825 δὴ
1367 1756 1675 1827 σημαίνειή
1712 1755 1847 1827 μετὰ
1872 1757 2058 1825 χεῖρας

470 1935 671 1998 παντὸς
710 1934 1086 2009 σύγκαμψον.»
1143 1937 1384 2010 Πρόσχες
1414 1939 1522 2011 γάρ
1550 1941 1698 2004 ὅπως
1721 1940 1936 2012 εἴρηται
1975 1940 2054 2005 τὸ,

475 2044 494 2077 ι
520 2026 849 2093 διαπαντός·
879 2048 899 2082 ι
939 2030 999 2083 οὐ
1040 2029 1150 2102 γὰρ
1183 2031 1322 2105 πρὸς
1353 2031 1532 2101 ὀλίγον
1564 2032 1688 2086 τινά
1724 2032 1915 2103 χρόνον
1954 2049 2058 2085 καφ

469 2115 581 2182 θὼς
604 2118 792 2173 ἄλλοτε
813 2120 1048 2189 ἐγένετο,
1076 2121 1231 2185 ἀλλὰ,
1264 2143 1282 2175 ι
1302 2122 1658 2187 διαπαντὸς,›
1687 2123 1871 2196 φησίν.
1917 2123 2057 2178 Ἀνθ’

467 2200 582 2261 οἶνό
615 2207 717 2279 μὲν
753 2208 985 2273 Ἀκύλας
1022 2212 1366 2284 ἡρμήνευσε·
1409 2230 1429 2264 ι
1453 2213 1565 2266 Καὶ.
1591 2213 1716 2276 τοὺς
1738 2210 1939 2276 νὼτους
1962 2214 2059 2267 αύ-

467 2296 578 2353 τῶν
602 2298 891 2371 ἐνδελεχῶς
918 2301 1189 2357 άτόνωσον
1208 2319 1221 2333 ·
1248 2322 1265 2354 ι
1295 2305 1323 2358 ὁ
1344 2303 1400 2356 δέ
1427 2303 1722 2374 Σύμμαχος
1739 2321 1754 2335 ·
1787 2323 1805 2355 ι
1826 2304 1938 2358 Καὶ
1959 2304 2059 2369 τὰς

468 2391 643 2462 ὀσφῦς
674 2394 855 2449 αὐτῶν
892 2395 1184 2461 διαπαντὸς
1216 2396 1581 2469 ἐξάρθρωσον.
1608 2417 1628 2450 ι
1672 2398 1783 2452 Καὶ
1814 2397 1973 2453 τοῦτο
2001 2399 2059 2453 δὲ

470 2485 653 2550 αὐτοῖς
694 2486 894 2558 συνέϐη
922 2504 935 2520 ·
970 2489 1092 2543 ἐπεὶ
1120 2491 1153 2560 ἡ
1182 2485 1323 2561 ὀργὴ
1359 2489 1455 2542 τοῦ
1492 2489 1627 2544 Θεοῦ
1657 2490 1839 2544 οὐκέτι
1875 2489 2059 2561 μέτρῳ

471 2575 616 2637 κατὰ
641 2579 703 2631 τὸ
721 2579 951 2634 παλαιὸν
977 2581 1240 2652 μετῆλθεν
1268 2581 1465 2646 αὐτούς
1485 2599 1498 2612 ·
1530 2584 1563 2651 ἡ
1600 2582 1750 2635 πᾶσα
1768 2581 1826 2635 δέ
1849 2580 2058 2654 ἀθρόως

471 2668 590 2723 κατ’
613 2669 794 2722 αὐτῶν
817 2670 1066 2743 ἐξεχύθη.
1090 2672 1182 2726 Διὸ
1199 2672 1510 2742 ἐπιλέγεται
1530 2691 1543 2703 ·
1568 2692 1586 2723 ι
1602 2672 1827 2743 Ἔκχεον
1850 2673 1936 2725 ἐπ’
1958 2674 2057 2726 αὐ-

468 2762 594 2823 τοὺς
622 2761 720 2831 τὴν
746 2761 914 2834 ὀργήν
939 2780 1062 2826 σου,
1088 2765 1233 2818 καὶὸ
1256 2765 1427 2835 θυμὸς
1450 2765 1549 2834 τῆς
1571 2764 1743 2835 ὀργῆς
1772 2782 1866 2818 σου
1891 2782 2059 2819 κατα-

467 2849 623 2905 λάϐοι
653 2854 870 2918 αὐτούς.
898 2875 917 2905 ι
955 2854 1127 2909 Τοῦτο
1149 2856 1205 2909 δὲ
1235 2856 1328 2911 καὶ
1361 2859 1418 2909 ἐν
1445 2858 1614 2929 ἑτέρῳ
1642 2857 1895 2927 δηλοῦται
1922 2857 2059 2927 ψαλ-

471 2938 559 3010 μῷ
590 2940 668 3012 τῷ
693 2945 958 3017 φήσαντι·
998 2964 1015 2996 ι
1053 2946 1234 3009 Ίνατί,
1257 2947 1283 2998 ό
1303 2946 1455 3009 Θεὸς,
1480 2946 1687 3001 ἀπώσω
1726 2949 1808 3011 είς
1828 2948 1979 3011 τέλος
2003 2965 2051 3010 ςι

468 3033 578 3087 Καὶ
602 3035 631 3087 ό
669 3034 813 3100 θεῖος
832 3036 887 3091 δὲ
905 3038 1229 3103 Ἀπόστολος
1253 3038 1466 3104 τούτοις
1497 3040 1807 3110 συμφώνως
1838 3041 2021 3110 ἔλεγεν
2042 3060 2054 3071 ·

473 3144 493 3177 ι
518 3126 765 3197 Ἔφθασε
793 3129 852 3182 δέ
888 3130 976 3184 ἐπ’
1007 3132 1204 3196 αὐτοὺς
1237 3133 1269 3204 ἠ
1308 3132 1446 3210 ὀργὴ
1478 3136 1556 3197 εἰς
1586 3134 1788 3199 τέλος.ι
1830 3134 2067 3206 Πρῶτον.

2163 566 2406 621 daeorum
2434 572 2628 619 contra
2657 562 3006 617 Servatorem
3034 566 3286 636 nostrum
3321 556 3501 612 audax
3528 555 3743 612 facinus

2162 657 2309 728 genti
2337 656 2707 727 contigerint,
2747 669 2859 708 non
2889 651 3112 707 difﬁcile
3142 650 3430 705 intellectu
3458 656 3565 705 est.
3596 647 3737 702 Nam

2163 750 2292 802 olim
2322 747 2566 819 quidem,
2598 746 2921 801 idololatriae
2950 759 3064 799 sua:
3090 757 3281 801 causa.
3309 741 3660 795 inimicorum
3688 747 3745 795 et

2164 840 2406 896 hostium
2458 836 2715 894 servituti
2759 835 2829 891 ad
2876 835 3042 890 breve
3081 839 3303 901 tempus
3346 830 3742 895 tradebantur;

2161 931 2363 988 deinde
2406 930 2463 985 in
2504 929 2796 1000 pristinam
2841 926 3150 981 libertatem
3191 920 3651 987 restituebantur,
3679 935 3746 977 ac

2161 1027 2252 1083 sui
2291 1026 2434 1096 juris
2482 1024 2710 1093 suisque
2751 1020 2979 1091 regibus
3021 1016 3228 1074 subditi
3268 1015 3573 1085 degebant,
3606 1021 3747 1070 tem-

2162 1119 2345 1190 plum,
2376 1118 2697 1186 cultumque
2740 1114 2813 1169 ibi
2846 1129 2910 1170 οι
2958 1110 3160 1182 Moysis
3208 1108 3327 1179 lege
3362 1108 3744 1178 praescriptum

2162 1206 2630 1279 frequentabant;
2664 1213 2789 1274 post
2819 1200 3048 1257 insidias
3078 1214 3210 1254 vero
3249 1205 3445 1252 contra
3486 1195 3741 1251 Salvato-

2161 1317 2276 1356 rem
2305 1308 2559 1355 nostrum
2590 1304 2836 1352 structas
2857 1335 2872 1358 ,
2906 1293 3167 1348 omnibus
3205 1288 3499 1345 confertim
3544 1287 3744 1359 privati

2162 1400 2294 1448 sunt
2319 1411 2331 1446 :
2361 1402 2527 1460 atque
2552 1388 2843 1443 obsidione
2868 1392 2923 1440 et
2951 1384 3216 1440 servitute
3238 1382 3504 1437 Romanis
3524 1394 3748 1453 oppres—

2160 1485 2244 1548 si,
2284 1484 2366 1538 sic
2396 1482 2602 1551 ahjccti
2621 1521 2637 1543 ,
2670 1495 2741 1534 ne
2766 1476 2987 1548 quidem
3017 1482 3187 1545 caput
3213 1476 3428 1545 erigere
3455 1472 3742 1533 audentes,

2160 1582 2565 1633 remanserunt.
2613 1570 2772 1638 Quod
2815 1572 2915 1624 hac
2958 1568 3245 1640 prOphetia
3287 1567 3629 1637 significatur
3657 1564 3744 1620 his

2160 1667 2381 1723 verbis:
2414 1684 2432 1718 ι
2465 1663 2531 1718 Et
2561 1663 2788 1718 dorsum
2818 1676 3009 1717 eorum
3054 1674 3272 1729 semper
3314 1660 3565 1714 incurva.
3598 1676 3616 1708 ι
3647 1656 3745 1711 At-

2159 1758 2323 1815 tende
2346 1771 2477 1812 rero
2507 1756 2576 1811 ad
2609 1753 2743 1808 illud
2765 1793 2779 1818 ,
2806 1771 2828 1805 ι
2852 1767 3091 1823 semper.
3123 1770 3143 1802 ι
3165 1749 3283 1804 Non
3310 1750 3456 1813 enim
3485 1748 3552 1803 ad
3582 1748 3747 1803 breve

378 1890 381 1895 .
471 1845 779 1916 προφητεία
813 1845 870 1899 ἐν
895 1844 974 1917 τῷ
1000 1846 1179 1917 λέγειν
1196 1863 1210 1878 ·
1252 1866 1270 1898 ι
1296 1848 1405 1902 Καὶ
1431 1848 1522 1901 τὸν
1545 1848 1714 1903 νῶτον
1742 1848 1921 1902 αὐτῶν
1948 1848 2056 1902 δια-

2166 1862 2379 1922 tempus
2411 1857 2471 1905 ut
2498 1848 2627 1903 olim
2651 1887 2666 1912 ,
2697 1844 2791 1902 sed
2816 1864 2834 1897 ι
2863 1859 3101 1916 semper,
3131 1862 3148 1896 ι
3173 1842 3270 1898 ait.
3294 1840 3401 1897 Pro
3420 1855 3530 1911 quo
3547 1840 3746 1911 Aquila

2163 1942 2557 2012 interpretatus
2596 1945 2720 1995 est:
2752 1956 2771 1989 ι
2804 1935 2869 1990 Ει
2917 1936 3082 1992 dorsa
3130 1950 3321 1989 eorum
3372 1933 3746 1988 indesinenter

2159 2048 2404 2099 enerva;
2439 2051 2459 2083 ι
2492 2029 2858 2102 Symmachus
2914 2043 3082 2092 vero,
3116 2046 3135 2079 ι
3170 2027 3238 2081 Et
3288 2027 3507 2081 lumbos
3550 2038 3745 2080 eorum

2162 2141 2379 2195 semper
2427 2124 2678 2179 debilita.
2716 2120 2921 2188 »Ουοιὶ
2976 2121 3141 2175 etiam
3199 2119 3403 2175 accidit
3455 2118 3601 2184 illis;
3661 2118 3746 2171 ira

2158 2217 2362 2286 quippe
2395 2213 2490 2270 Dei
2521 2229 2631 2268 non
2663 2229 2790 2268 cum
2819 2226 3079 2268 mensura
3111 2210 3349 2279 quadam
3370 2249 3386 2274 ,
3418 2216 3479 2263 ut
3507 2207 3748 2278 antiqui-

2164 2317 2273 2369 tus,
2303 2305 2503 2360 invasit
2515 2318 2611 2359 eos
2631 2320 2645 2370 ;
2665 2302 2762 2359 sed
2790 2309 2905 2356 tota
2928 2301 3220 2357 confertim
3236 2299 3408 2356 effusa
3419 2308 3525 2355 est.
3549 2298 3749 2366 Quam-

2161 2399 2349 2455 obrem
2394 2396 2653 2454 additur:
2685 2416 2704 2449 ι
2734 2393 2964 2451 Ell‘unde
3009 2407 3176 2463 super
3218 2407 3315 2448 eos
3356 2392 3495 2446 iram
3549 2399 3699 2444 tuam
3724 2430 3742 2451 ,

2159 2499 2214 2547 et
2254 2490 2408 2546 furor
2448 2489 2545 2545 irae
2586 2496 2693 2544 tua:
2729 2486 3162 2560 comprehendat
3192 2499 3308 2541 eos.
3342 2503 3361 2538 ι
3390 2482 3505 2540 Hoc
3533 2483 3590 2538 in
3638 2483 3748 2537 alio

2160 2585 2291 2641 item
2345 2581 2557 2651 psalmo
2609 2580 2933 2637 enuntiatur
2991 2577 3078 2632 his
3131 2575 3366 2632 verbis:
3423 2593 3443 2626 ι
3500 2573 3741 2643 thuid,

2161 2673 2305 2731 Deus
2325 2715 2341 2737 ,
2377 2674 2623 2743 repulisti
2654 2672 2710 2726 in
2742 2671 2904 2726 finem
2929 2671 2975 2703 ³⁸
2998 2673 3023 2721 ἰ
3062 2689 3080 2721 ι
3111 2669 3207 2724 llis
3235 2669 3401 2723 etiam
3431 2666 3612 2721 aliinia
3647 2665 3747 2720 ha-

2160 2768 2252 2829 bet
2276 2765 2498 2821 divinus
2527 2764 2825 2836 Apostolus
2851 2783 2867 2820 :
2897 2782 2917 2814 ‹
2944 2762 3199 2818 Pervenit
3234 2760 3290 2815 in
3316 2774 3414 2816 eos
3441 2759 3522 2814 ira
3574 2759 3630 2813 in
3682 2758 3747 2811 ﬂ-

2160 2872 2286 2921 nem
2315 2858 2381 2914 ”.
2412 2876 2432 2909 ι
2463 2855 2650 2911 Primo
2677 2856 2862 2925 itaque
2892 2868 3083 2911 mensa
3131 2867 3324 2908 eorum
3366 2851 3471 2906 fuit
3512 2850 3648 2920 ipsis
3685 2850 3744 2904 in

2162 2951 2419 3017 laqueum
2447 2988 2463 3011 ,
2497 2946 2696 3004 deinde
2729 2948 2873 3002 oculi
2904 2960 3096 3002 eorum
3128 2945 3414 3000 obscurati
3442 2951 3574 3000 sunt
3601 2959 3616 3008 ;
3648 2957 3751 3011 po-
3860 2938 3866 2943 ’

2162 3048 2281 3096 stea
2311 3041 2538 3097 dorsum
2572 3056 2761 3096 eorum
2796 3055 3016 3110 semper
3041 3039 3390 3093 incurvatum
3422 3044 3543 3097 est,
3573 3035 3745 3090 effusa

2160 3131 2373 3186 scilicet
2400 3132 2456 3185 in
2488 3130 2614 3186 illos
2644 3130 2723 3183 ira
2754 3127 2872 3184 Dei.
2908 3129 3025 3184 Sub
3052 3128 3169 3182 haac
3200 3137 3391 3187 autem
3419 3124 3570 3179 aliud
3605 3124 3747 3195 ipsis

467 3212 609 3289 οὖνὴ
638 3220 886 3291 τράπεζα
914 3221 1092 3277 αὐτῶν
1122 3224 1337 3293 ἐγένετο
1363 3225 1547 3288 αὐτοῖς
1569 3228 1648 3290 είς
1675 3226 1873 3295 παγίδα
1892 3244 1908 3259 ·
1936 3222 2055 3280 εἶτα

2159 3234 2485 3280 eventurum
2517 3225 2852 3280 vaticinatur
2878 3222 3068 3277 dicens
3094 3241 3107 3275 :

465 3311 516 3365 οἱ
547 3310 817 3383 ὀφθαλμοὶ
849 3312 1029 3367 αὐτῶν
1056 3314 1395 3380 ὲσκοτίζοντο
1414 3333 1426 3345 ·
1458 3311 1577 3368 εἶτα
1609 3318 1638 3369 6
1665 3315 1835 3382 νῶτος
1866 3315 2046 3371 αὐτῶν
2082 3314 2375 3376 διαπαντὸς
2396 3314 2731 3385 ἐκάμπτετο,
2766 3313 2865 3384 τῆς
2894 3310 2989 3365 τοῦ
3019 3309 3153 3365 Θεοῦ
3182 3310 3353 3382 ὀργῆς
3403 3309 3489 3363 ἐπ’
3549 3308 3749 3373 αὐτοὺς

467 3402 817 3475 ἐκχεομένης.
852 3404 1009 3460 Μετὰ
1028 3406 1087 3461 δὲ
1105 3406 1279 3465 ταῦτα
1299 3407 1427 3463 ἄλλο
1445 3426 1499 3464 τι
1518 3410 1843 3479 γενήσεσθαι
1871 3410 2056 3473 αὐτοῖς
2093 3406 2454 3481 προαγορεύει
2481 3407 2725 3478 φάσκων·

543 3521 871 3595 «Γενηθήτω
906 3526 940 3596 ἡ
982 3523 1209 3590 ἔπαυλις
1252 3527 1432 3583 αὐτῶν
1469 3531 1847 3603 ὴρημωμένη·
1874 3551 1893 3584 ›
1932 3532 2055 3585 ἀντὶ

466 3612 583 3679 τοῦ,
612 3615 1025 3685 γενηθήσεται·
1049 3637 1068 3670 ι
1092 3622 1187 3674 καὶ
1202 3622 1260 3676 ἐν
1277 3624 1390 3686 τοῖς
1404 3623 1756 3695 σκηνώμαησιν
1770 3624 1950 3679 αὐτῶν
1978 3627 2052 3697 μὴ

466 3707 608 3761 εστω
638 3710 666 3761 ὀ
703 3708 998 3762 κατοικῶν·
1032 3730 1050 3762 ι
1085 3711 1205 3765 ἀντὶ
1230 3713 1343 3778 τοῦ,
1373 3714 1460 3783 μὴ
1498 3715 1727 3772 ἔσεται.
1764 3718 1915 3773 Ἔδει
1940 3718 2054 3790 γὰρ

472 3800 609 3872 μηδέ
670 3799 829 3853 τοῦτο
868 3800 1159 3873 παρελθεῖν
1190 3805 1291 3875 τὴν
1324 3808 1669 3877 προφητικὴν
1700 3809 1900 3877 γνῶσιν
1923 3823 1939 3840 ·
1979 3810 2055 3873 ὡς

468 3890 578 3961 ἄρα
609 3889 703 3942 καὶ
732 3890 765 3961 ή
799 3888 1027 3953 ἔπαυλις
1053 3891 1234 3945 αὐτῶν
1273 3892 1427 3948 ἔσται
1460 3895 1664 3967 ἔρημος
1684 3915 1698 3928 ·
1729 3896 1763 3967 ἢ
1794 3896 1935 3953 κατὰ
1964 3898 2056 3950 τὸν

469 3983 787 4055 Σύμμαχον,
820 4001 839 4033 ι
862 3983 1117 4056 ἀοίκητος
1137 4001 1151 4015 ·
1203 4005 1221 4037 ι
1246 3985 1278 4057 ἢ
1306 3986 1447 4040 κατὰ
1466 3989 1557 4041 τὸν
1596 3989 1845 4054 Ἀκύλαν,
1875 4009 1893 4041 ι
1914 3992 2057 4060 ἡφα-

466 4074 713 4146 νισμένη.
730 4094 748 4127 ι
772 4075 1038 4129 Ἐπαυλιν
1066 4077 1124 4130 δέ
1151 4077 1329 4132 αὐτῶν
1350 4079 1447 4150 τὴν
1482 4081 1836 4153 Ἰερουσαλὴμ
1860 4081 2058 4152 ὀνομά-

469 4164 551 4231 ζει
574 4206 589 4230 ,
622 4165 805 4220 οὐκέτι
838 4165 974 4220 Θεοῦ
1006 4167 1162 4221 πόλιν
1186 4164 1354 4223 οὖσαν
1374 4210 1388 4233 ,
1436 4170 1552 4224 ἀλλ’
1586 4172 1767 4225 αὐτῶν
1803 4172 2052 4228 ἔπαυλιν.

470 4254 563 4307 Διὸ
588 4256 684 4308 καὶ
712 4254 917 4327 ἔρημον
948 4256 1117 4328 αὐτὴν
1145 4256 1367 4312 ἔσεσθαί
1401 4277 1600 4331 φησιν·
1633 4261 1662 4312 ὃ
1691 4262 1756 4333 δὴ
1782 4265 1876 4315 καὶ
1909 4263 2056 4334 ἔργῳ

467 4346 764 4402 δείκνυται.
801 4344 915 4401 Εἶτ’
948 4348 1229 4418 ἐπιλέγει·
1285 4370 1304 4403 ι
1323 4352 1435 4406 Καὶ
1465 4354 1525 4407 ἐν
1556 4356 1669 4419 τοῖς
1702 4354 2056 4427 σκηνώμασιν

467 4441 648 4495 αὐτῶν
695 4440 770 4512 μὴ
796 4440 936 4494 ἔστω
965 4443 993 4495 6
1025 4442 1298 4501 κατοικῶν
1323 4484 1337 4508 ,
1366 4464 1383 4496 ι
1421 4444 1482 4509 ἐξ
1510 4445 1689 4506 αὐτῶν
1716 4447 1916 4518 δηλαδὴ
1948 4447 2055 4509 τῶν

470 4530 638 4585 πάλαι
656 4530 957 4603 οἰκητόρων
976 4548 991 4562 ·
1013 4532 1042 4585 ὃ
1060 4533 1155 4591 καὶ
1180 4535 1313 4589 αὐτὸ
1338 4535 1637 4607 ὀφθαλμοῖς
1661 4539 1694 4610 ἡ
1716 4538 1943 4610 ἀλήθεια
1959 4539 2054 4594 τοῦ

468 4623 627 4694 λόγου
643 4624 989 4698 παρίστησιν.
1008 4625 1071 4677 Ei
1087 4623 1218 4693 γοῦν
1237 4643 1322 4691 τις
1337 4626 1585 4697 ἀφίκοιτο
1599 4630 1678 4693 εἰς
1696 4631 1821 4694 τοὺς
1836 4631 2052 4696 τόπους,

469 4714 568 4769 ἴδοι
594 4713 661 4769 ἂν
685 4714 782 4786 τὴν
815 4716 1053 4788 ἐσχάτην
1081 4716 1318 4789 ἐρημίαν
1348 4718 1442 4773 τοῦ
1465 4720 1629 4775 τόπου
1649 4737 1663 4752 ·
1707 4722 1975 4777 Ἰουδαίων
1997 4724 2057 4778 δέ

2224 3524 2394 3581 Vsus.
2420 3524 2612 3582 26-29.
2650 3544 2670 3577 ι
2704 3522 2824 3578 Fiat
2853 3521 3121 3579 habitatio
3146 3533 3339 3575 eorum
3366 3517 3616 3582 deserta;
3649 3535 3668 3567 ι
3691 3516 3743 3571 id

2155 3628 2273 3682 est,
2296 3620 2385 3688 ﬁet
2415 3634 2434 3671 :
2467 3637 2485 3668 ι
2517 3630 2566 3673 et
2597 3618 2651 3671 in
2678 3617 3052 3671 tabernaculis
3078 3628 3269 3670 eorum
3297 3627 3406 3665 non
3436 3611 3506 3665 sit
3537 3611 3630 3681 qui
3661 3609 3745 3663 in-

2156 3710 2396 3772 habitet,
2443 3728 2462 3760 ι
2496 3710 2737 3771 scilicet,
2774 3726 2878 3763 non
2926 3709 3046 3764 erit.
3085 3707 3155 3760 At
3189 3706 3336 3761 enim
3367 3702 3742 3774 propheticam

2156 3803 2404 3859 notitiam
2448 3799 2502 3854 id
2545 3801 2827 3871 praeterire
2870 3817 2978 3855 non
3020 3800 3301 3870 oportuit,
3347 3797 3494 3867 quod
3545 3809 3745 3865 nempe

2156 3893 2425 3948 habitatio
2450 3908 2639 3947 eorum
2668 3892 2889 3947 deserta
2919 3892 3099 3947 futura
3124 3895 3228 3959 sit;
3259 3891 3375 3945 sive
3395 3928 3411 3952 ,
3439 3888 3742 3943 secundum

2159 3984 2549 4057 Symmachum
2568 4024 2583 4049 ,
2607 3984 3020 4038 «inhabitabilis
3042 3984 3217 4048 “vel,
3243 3980 3545 4038 secundum
3568 3979 3725 4049 Aqui-

2157 4079 2265 4134 lam
2285 4120 2300 4146 ,
2323 4096 2343 4129 ι
2367 4078 2568 4133 deleta.
2594 4097 2613 4129 ι
2638 4076 3045 4132 Hahitationem
3084 4089 3278 4130 eorum
3319 4080 3480 4128 vocat
3519 4071 3741 4126 Jeroso—

2157 4171 2358 4243 lymam
2380 4212 2394 4236 ,
2424 4184 2547 4241 qua:
2576 4184 2688 4224 non
2721 4168 2867 4224 ultra
2898 4167 3099 4222 civitas
3132 4166 3227 4221 Dei
3257 4174 3375 4229 est,
3410 4165 3505 4220 sed
3549 4179 3740 4221 eorum

2159 4263 2446 4319 habitatio.
2493 4261 2677 4329 Quare
2721 4260 2999 4316 desertam
3046 4259 3165 4314 fore
3213 4258 3390 4324 dicit;
3431 4258 3575 4328 quod
3621 4258 3741 4328 ipso

2160 4370 2324 4425 opere
2355 4354 2773 4424 comprobatur.
2809 4351 3009 4407 Subdit
3040 4359 3230 4423 postea
3258 4370 3271 4406 :
3305 4370 3325 4402 ι
3354 4348 3421 4404 Ει
3458 4350 3512 4404 in
3557 4351 3744 4406 taber-

2159 4447 2375 4502 naculis
2419 4462 2610 4501 eorum
2660 4462 2770 4501 non
2818 4444 2892 4499 sit
2922 4446 3015 4515 qui
3062 4445 3365 4507 inhabitet,
3400 4464 3418 4497 ι
3443 4458 3508 4499 ex
3543 4443 3742 4521 priscis

2160 4539 2375 4595 scilicet
2409 4538 2608 4594 incolis
2634 4555 2650 4605 ;
2686 4538 2835 4608 quod
2865 4538 3047 4607 ipsum
3078 4540 3243 4591 etiam
3271 4535 3450 4592 oculis
3478 4536 3557 4591 rei
3603 4533 3745 4589 veri.

2159 4642 2243 4687 tas
2269 4631 2448 4687 offert.
2482 4630 2540 4687 Si
2571 4632 2699 4702 quis
2739 4631 2888 4686 enim
2931 4631 3052 4683 loca
3091 4629 3286 4693 adeat,
3322 4637 3624 4685 extremam
3665 4626 3741 4685 ibi

2159 4724 2510 4781 solitudinem
2537 4722 2843 4793 conspiciet
2869 4739 2884 4787 ;
2909 4718 3225 4779 Judaiorum
3249 4719 3404 4774 nullo
3426 4717 3661 4781 audente
3685 4717 3741 4777 in

468 4804 659 4859 οὐδένα
693 4805 978 4876 τολμῶντα
1010 4806 1314 4862 ἐπιϐαίνειν
1336 4813 1402 4881 τῇ
1438 4811 1615 4877 πόλει,
1644 4814 1855 4884 μήτιγε
1888 4817 2056 4869 οἰκεῖν

2163 4817 2355 4872 urbem
2384 4818 2652 4870 accedere
2670 4855 2686 4877 ,
2712 4815 2914 4871 nedum
2940 4813 3107 4868 isthic
3132 4813 3379 4873 habitare
3402 4830 3418 4873 ;
3444 4813 3554 4866 imo
3573 4812 3741 4866 etiam

468 4895 683 4950 αὐτόθι·
721 4896 837 4950 ἀλλ’
865 4896 986 4951 οὐδὲ
1015 4897 1230 4969 οἴκησις
1266 4900 1528 4974 Ἰουδαῖκὴ
1559 4904 1963 4976 περιλέλειπται
1992 4908 2051 4959 ἐν

466 4987 545 5060 τῷ
572 4987 723 5060 τόπῳ
747 5029 764 5054 ,
813 4987 889 5051 ὥς
917 5006 1038 5043 τινα
1063 4989 1174 5045 τῶν
1209 4990 1478 5063 Ἑλλήνων
1509 4996 1678 5050 οίκεῖν
1706 4998 1764 5050 ἐν
1790 4999 1930 5070 αὐτῇ
1956 4998 2050 5053 δύ-

464 5081 683 5135 νασθαι.
715 5080 809 5134 Διὸ
834 5080 1114 5139 λέλεκται·
1154 5102 1173 5133 ι
1201 5084 1308 5137 Καὶ
1335 5087 1393 5137 ἐν
1421 5089 1533 5149 τοῖς
1567 5088 1919 5160 σκηνώμασιν
1951 5092 2051 5143 αὐ·-

462 5170 572 5225 τῶν
601 5172 677 5244 μὴ
696 5170 835 5225 ἔστω
855 5175 883 5226 6
905 5173 1194 5228 κατοικῶν·
1220 5176 1292 5247 »ἦ
1322 5175 1467 5237 κατὰ,
1485 5176 1576 5232 τὸν
1600 5179 1670 5232 Σύ
1678 5196 1942 5250 μμαχον·‹
1968 5183 2054 5236 Ἐν

462 5266 583 5327 ταῖς
608 5267 834 5335 σκηναῖς
848 5264 1027 5319 αὐτῶν
1052 5264 1124 5335 μὴ
1144 5264 1285 5327 ἔστω
1305 5269 1335 5321 6
1356 5267 1641 5325 κατοικῶν.
1667 5288 1687 5321 ›
1719 5271 1921 5342 Ἀρδην
1940 5272 2050 5344 γὰρ

463 5357 531 5408 ἐκ
574 5353 791 5427 βάθρων
834 5357 1006 5409 πᾶσαι
1049 5354 1229 5409 αὐτῶν
1269 5361 1326 5412 αἱ
1359 5361 1558 5431 σκηναὶ
1591 5361 1684 5415 καὶ
1720 5362 1776 5414 αί
1806 5362 2050 5439 οἰκήσεις

464 5449 907 5521 κατεσκάφησαν.
968 5451 1108 5522 Ὅρα
1139 5452 1320 5506 τοίνυν
1344 5452 1558 5508 ὁπόσων
1587 5455 1994 5526 ἐμνημόνευσεν
2020 5459 2050 5509 6

464 5540 642 5612 λόγος,
669 5542 908 5615 ἐρημίας
926 5540 1020 5597 τοῦ
1048 5544 1206 5612 ἁγίου
1228 5545 1396 5598 τόπου
1418 5583 1432 5607 ,
1457 5546 1765 5617 ἀφανισμοῦ
1789 5547 1895 5601 τῶν
1917 5564 2050 5619 σκη-

465 5635 730 5707 νωμάτων
758 5634 959 5701 αὐτῶν,
991 5633 1083 5689 τοῦ
1112 5635 1303 5701 ἔθνους
1328 5635 1622 5703 παντελοῦς
1644 5637 2046 5706 ταπεινώσεως,

534 5791 578 5825 ³⁸
618 5788 763 5849 Psal.
808 5808 1003 5859 tum,
1048 5791 1098 5852 i.
1178 5792 1221 5826 ”
1260 5791 1283 5850 ι
1322 5791 1516 5852 Thess.
1563 5809 1624 5861 ιι,
1669 5794 1753 5853 l6.

2159 4911 2368 4966 nullum
2404 4907 2821 4964 ibi..lud:eorum
2850 4907 3223 4963 habitaculum
3253 4906 3504 4962 relictum
3533 4914 3619 4961 cst
3649 4904 3742 4960 ubi

2159 4999 2475 5056 Graecorum
2524 5001 2801 5070 quispiam
2852 4999 3105 5054 habitare
3151 4999 3348 5069 possit.
3394 4997 3744 5068 Quapropter

2160 5093 2366 5151 dictum
2396 5101 2482 5148 cst
2506 5112 2519 5147 :
2542 5112 2565 5147 ‹
2595 5092 2658 5146 Et
2688 5094 2744 5146 in
2774 5090 3151 5147 tabernaculis
3179 5105 3371 5143 eorum
3402 5103 3512 5143 non
3543 5088 3739 5157 sitqui

2163 5185 2465 5251 inhabitet;
2493 5203 2511 5236 ι
2537 5184 2644 5250 vel,
2664 5181 2966 5239 secundum
3000 5180 3410 5252 Symmachum,
3433 5198 3450 5231 ι
3471 5179 3527 5233 in
3558 5178 3740 5233 tabero

2156 5275 2371 5330 naculis
2394 5288 2584 5329 eorum
2611 5288 2720 5327 non
2740 5272 2814 5328 sit
2835 5271 2930 5340 qui
2953 5267 3569 5326 inhabitet.:Radicitus
3587 5267 3735 5323 enim

2156 5376 2211 5423 et
2237 5382 2266 5420 a
2299 5364 2866 5421 fundamentisomnia
2891 5363 3246 5418 tabernacula
3276 5360 3739 5418 etdomicilia.eo-

2154 5475 2276 5517 rum
2303 5459 2488 5515 excisa
2512 5466 2661 5513 sunt.
2690 5456 3079 5511 Animadverte
3104 5456 3271 5527 igitur
3297 5461 3431 5524 quot
3452 5461 3509 5508 et
3528 5465 3738 5524 quanta

2155 5549 2246 5604 hic
2274 5555 2672 5611 memorentur,
2702 5547 2881 5601 sancti
2925 5547 3031 5601 loci
3072 5544 3349 5608 solitudo.
3391 5544 3605 5601 evulsio
3654 5552 3734 5598 ta-

2155 5641 2579 5703 bernaculorum
2623 5639 2902 5715 ipsorum,
2947 5648 3189 5699 extrema
3235 5640 3412 5714 gentis
3460 5637 3697 5709 abjectio
3729 5678 3745 5706 ,
