4056 6386
318 304 442 360 --ἳῖἔῖ

1021 311 1108 368 EU
1122 311 1293 366 SliBll
1332 313 1815 370 CES‘ARiENSlS
1855 315 1884 370 Ε

1990 359 2001 370 .
2044 272 2225 371 rbus
2265 316 2350 373 in.
2395 347 2462 357 -
2492 315 2905 375 EXEGETICA.

3484 315 3600 374 ,756

331 424 532 478 mentis
577 440 767 480 eorum
819 427 1171 493 obscuratio,
1233 433 1541 501 ignorantia
1590 436 1881 489 divinarun

2008 438 2298 508 σκοτισμοῦ
2329 440 2423 510 τῆς
2454 440 2691 503 διανοίας
2723 439 2902 493 αὐτῶν
2925 479 2939 502 ,
2971 437 3227 507 ἁνοησίας
3281 435 3388 490 τῶν
3430 435 3590 494 θείων

331 513 782 583 Scaipturarum;
839 535 960 587 quae
1015 536 1122 573 non
1175 523 1284 576 alio
1335 532 1582 594 tempore
1638 529 1905 595 cmnpleta

327 612 457 658 sunt
479 646 494 669 ,
526 624 690 676 quam
723 617 849 679 post
884 611 1046 679 impia
1077 628 1176 667 sua
1210 615 1263 667 in
1297 614 1577 670 Christum
1611 617 1698 672 Dei
1732 628 1902 687 gesta.

325 698 507 762 Quare
529 699 726 754 horum
753 718 977 756 causam
1005 707 1306 760 secundum
1333 709 1443 762 haec
1471 712 1748 779 prophetia
1780 727 1907 764 nar--

324 796 410 842 rat
461 790 548 845 his
598 793 819 848 verbis:
851 813 869 844 σ
901 795 1168 861 Quoniam
1228 815 1386 869 quem
1440 809 1495 854 tu
1549 807 1902 872 percussisti,

313 885 600 949 persecuti
625 894 784 949 sunt,
809 895 861 941 et
888 904 948 942 su
960 904 1053 956 per
1079 889 1320 946 dolorem
1350 895 1636 950 vulnerum
1660 914 1903 954 meorum

306 973 656 1031 addiderunt.
681 1018 694 1039 ,
728 999 746 1028 ι
774 989 877 1034 etc.
932 981 1132 1036 Omnia
1172 986 1427 1053 superius
1469 999 1722 1044 enarrata
1771 993 1904 1061 ipsis

325 1075 590 1124 eventura
619 1087 749 1127 esse
767 1073 902 1128 dicit
921 1115 938 1138 ,
965 1091 1073 1128 non
1108 1089 1330 1147 propter
1360 1079 1631 1135 idolorum
1659 1085 1864 1138 cultum
1889 1103 1903 1153 ;

325 1160 421 1213 sed
450 1163 741 1231 «quoniam
773 1181 935 1235 quem
965 1178 1019 1221 tu
1051 1171 1372 1238 percussisti
1405 1176 1683 1241 persecuti
1715 1185 1898 1231 sunt.»

326 1253 408 1308 Tu
455 1272 693 1326 namque
729 1260 1033 1313 secundum
1068 1263 1209 1316 hanc
1243 1267 1586 1335 prophetiam
1609 1309 1622 1331 ,
1655 1288 1672 1318 ι
1701 1269 1905 1325 Pcrcu-

309 1345 454 1398 -tiam
501 1359 813 1415 pastorem,
864 1359 918 1405 et
961 1351 1354 1423 dispergentur
1398 1374 1531 1413 oves
1562 1361 1746 1430 gregis
1777 1361 1843 1426 ⁸ο,
1878 1381 1897 1414 ι

321 1438 633 1495 rationibus
678 1443 774 1497 abs
820 1452 873 1497 te
917 1448 1160 1515 cognitis
1199 1451 1540 1518 percussisti.
1574 1449 1728 1507 Unde
1759 1453 1902 1523 apud

320 1530 648 1598 Apostolum
676 1535 913 1590 dicitur:
942 1556 959 1587 ι
992 1537 1045 1590 Si
1073 1541 1217 1593 enim
1254 1543 1475 1612 proprio
1503 1543 1640 1598 Filio
1663 1561 1764 1600 suo
1790 1562 1899 1601 non

319 1626 558 1692 pepercit
583 1667 595 1684 .
627 1629 718 1682 sed
752 1646 852 1700 pro
885 1634 1044 1686 nobis
1076 1636 1333 1690 omnibus
1362 1637 1585 1693 tradidit
1613 1639 1766 1694 illum
1795 1641 1894 1697 δ’.»

317 1716 416 1770 (lui
451 1719 732 1775 tradiderit
761 1739 884 1778 eum
905 1766 918 1788 ,
952 1724 1121 1781 Isaias
1154 1729 1374 1785 docebit
1406 1731 1494 1787 his
1524 1733 1745 1788 verbis:
1781 1753 1799 1784 ι
1835 1733 1899 1788 Et

2011 533 2379 604 Γραμμάτων,
2414 533 2449 586 ἂ
2480 534 2572 586 καὶ
2605 535 2706 587 ούκ
2738 533 2922 587 ἄλλοτε
2949 531 3253 604 ἐπληροῦτο
3285 532 3366 593 είς
3392 532 3590 595 αὐτοὺς

2009 627 2041 697 ἢ
2079 627 2215 695 μετά
2249 626 2310 678 τὸ
2342 625 2609 694 ἀσεϐῆσαι
2638 628 2713 688 εἰς
2748 625 2838 679 τὸν
2877 624 3109 695 Χριστὸν
3142 623 3236 676 τοῦ
3279 622 3436 676 Θεοῦ.
3500 622 3591 675 Διὸ

2009 719 2252 788 ἐπιλέγει
2276 719 2484 782 τούτοις
2511 718 2638 789 ἑξῆς
2662 717 2759 788 τὴν
2791 719 2970 772 αίτίαν
2999 711 3100 770 ὧδε
3133 717 3419 785 φάσκουσα
3456 732 3591 786 προρ-

2009 814 2234 886 φητεία·
2270 833 2286 865 ι
2313 815 2432 865 Ὀτι
2462 812 2520 866 ὃν
2545 813 2610 866 σὺ
2639 811 2943 878 ἐπάταξας,
2975 810 3308 874 κατεδίωξαν
3333 853 3348 876 ,
3376 809 3470 863 καί
3499 810 3591 862 ἐπὶ

2007 909 2068 960 τό
2107 907 2268 976 ἁλγος
2309 905 2416 960 τῶν
2442 904 2772 978 τραυμάτων
2806 921 2905 974 μου
2936 902 3278 973 προσέθηκαν
3299 944 3314 968 ,
3338 920 3357 954 ι
3397 901 3489 956 καὶ
3521 899 3589 954 τὰ

2008 1004 2153 1073 ἑξῆς.
2180 1002 2261 1054 Τὰ
2283 999 2646 1072 προλεχθέντα
2673 999 2854 1051 πάντα
2880 994 3253 1066 συμϐήσεσθαι
3279 996 3463 1057 αὐτοῖς
3493 1011 3591 1064 φη-

2008 1114 2113 1158 σιν,
2147 1097 2210 1148 οὐ
2231 1096 2318 1149 διά
2338 1111 2460 1147 τινα
2487 1089 2950 1161 εἰδωᾶρλατρείαν,
2983 1087 3095 1140 ἀλλ’
3128 1106 3153 1137 ι
3171 1088 3250 1139 ὅτι
3277 1087 3334 1139 ὃν
3362 1088 3427 1139 σὺ
3455 1085 3588 1138 ἐπάν

2005 1186 2202 1252 ταξας,
2235 1183 2582 1248 κατεδίωξαν.
2608 1203 2627 1234 ι
2660 1183 2735 1235 Σὺ
2768 1181 2865 1251 μὲν
2892 1179 2998 1250 γάρ
3029 1177 3171 1232 κατὰ
3194 1178 3292 1248 τὴν
3320 1176 3586 1245 λέγουσαν

2008 1281 2378 1354 προφητείαν,
2435 1299 2452 1330 ι
2481 1276 2712 1340 Πατάξω
2758 1274 2850 1328 τὸν
2897 1273 3164 1342 ποιμένα,
3207 1271 3298 1323 καὶ
3335 1270 3587 1340 διασκορ⁴

2005 1374 2332 1444 πισθήσεται
2361 1369 2432 1424 τὰ
2461 1367 2706 1440 πρόϐατα
2732 1365 2833 1435 τῆς
2865 1362 3098 1433 ποίμνης
3119 1401 3133 1424 ,
3161 1379 3178 1411 ι
3213 1361 3279 1412 δι’
3301 1358 3393 1422 οὒς
3424 1359 3586 1421 αὐτὸς

2004 1463 2151 1529 οἶδας
2173 1465 2364 1533 λόγους
2393 1459 2686 1526 ὲπάταξας.
2721 1456 2884 1510 Ὅθεν
2909 1457 3122 1526 εἴρηται
3147 1451 3297 1522 παρὰ
3315 1451 3394 1522 τῷ
3427 1452 3585 1503 Ἀπο-

2005 1561 2202 1630 στόλῳο
2228 1583 2244 1609 ι
2269 1559 2330 1610 Εἰ
2350 1556 2458 1625 γάρ
2477 1551 2572 1607 τοῦ
2598 1549 2862 1605 ίδίουΥἱοῦ
2888 1550 2988 1602 οὐκ
3009 1545 3282 1616 ἐφείσατο,
3310 1543 3422 1597 ἀλλ’
3443 1543 3584 1614 ὑπὲρ

2000 1652 2159 1724 ἡμῶν
2191 1650 2408 1704 πάντων
2441 1645 2754 1716 παρέδωκεν
2783 1642 2961 1694 αὐτόν.
3004 1658 3022 1690 ο
3057 1638 3246 1691 Τίνιδὲ
3267 1636 3580 1708 παρέδωκεν

2002 1744 2192 1806 αὑτὸν,
2235 1740 2462 1802 Ἡσαΐας
2506 1735 2705 1800 διδάξει
2737 1733 2938 1802 λέγων·
2982 1751 3000 1783 ι
3025 1730 3134 1784 Καὶ
3170 1728 3372 1800 Κύριος
3410 1728 3580 1799 παρέ-

317 1805 590 1868 Dominus
621 1815 849 1869 tradidit
881 1834 1005 1872 eum
1042 1823 1280 1888 peccatis
1312 1825 1520 1878 nostris
1550 1825 1634 1880 "z
1670 1845 1688 1878 ι
1723 1842 1884 1894 quare

1994 1805 2368 1890 Saracena-cev
2407 1829 2706 1902 ἁμαρτίαις
2749 1825 2940 1898 ἡμῶν
2972 1843 2989 1876 ι
3047 1823 3127 1876 διὸ
3172 1822 3392 1891 γέγονεν
3439 1821 3579 1894 ὑπὲρ

316 1899 497 1955 factus
525 1912 610 1956 est
643 1920 740 1972 pro
774 1908 937 1961 nobis
971 1911 1344 1965 maledictum.
1378 1913 1515 1967 Nam
1545 1930 1668 1968 cum
1703 1931 1898 1985 pecca-

314 1998 429 2044 tum
462 2009 569 2047 non
600 2010 743 2051 noss:
769 2005 822 2062 t,
861 1997 1004 2055 Deus
1035 2002 1198 2056 illum»
1224 2018 1325 2072 pro
1353 2006 1511 2060 nobis
1553 2006 1734 2061 eﬁ‘ecit
1773 2024 1896 2063 esse

312 2094 638 2154 peccatum,
677 2097 733 2142 ut
779 2106 881 2143 nos
932 2092 1107 2148 simus
1145 2095 1362 2162 justitia
1412 2097 1467 2151 in
1515 2098 1653 2167 ipso.
1699 2098 1803 2154 Sed
1841 2108 1895 2154 et

316 2197 339 2228 α
370 2180 533 2236 homo
584 2181 686 2234 fuit
732 2184 785 2236 in
834 2186 990 2255 plaga
1035 2188 1409 2249 constitutus.
1443 2197 1497 2244 et
1541 2191 1720 2246 sciens
1753 2191 1894 2247 ferre

312 2271 686 2328 inﬁrmitatem
716 2295 727 2328 :
763 2284 818 2330 et
848 2278 1025 2333 vibice
1055 2279 1175 2348 ejus
1205 2296 1310 2336 nos
1337 2284 1512 2336 sanati
1549 2299 1741 2339 sumus
1771 2285 1835 2337 ⁸³.
1867 2305 1885 2336 ι

308 2361 505 2433 Plagas
535 2365 717 2435 itaque
741 2375 795 2422 et
821 2368 1026 2423 vibices
1054 2372 1285 2440 accepit,
1315 2380 1367 2426 et
1398 2373 1517 2427 iure
1540 2376 1722 2428 omnia
1745 2415 1759 2437 ,
1789 2374 1892 2429 Pa-

308 2462 396 2508 tre
420 2457 638 2512 volente
661 2468 714 2513 et
745 2463 1097 2530 permittente
1117 2504 1132 2527 ,
1165 2481 1362 2534 passus
1386 2476 1490 2521 est.
1520 2467 1886 2534 Quamobrem

309 2546 364 2599 in
400 2545 662 2604 Zacharia
689 2554 961 2623 propheta
1006 2556 1210 2611 dictum
1256 2569 1339 2613 est
1365 2579 1377 2614 :
1407 2580 1425 2609 ‹
1458 2559 1723 2629 Framea,
1767 2580 1889 2619 sus-

308 2638 478 2695 citare
505 2657 669 2710 super
695 2658 968 2714 pastorem
999 2665 1202 2714 meum,
1230 2659 1284 2706 et
1315 2668 1479 2722 super
1506 2655 1680 2708 virum
1711 2656 1884 2710 civem

305 2733 446 2799 ejus.
482 2732 713 2791 Pereute
743 2748 1048 2807 pastorem,
1082 2750 1136 2795 et
1175 2743 1564 2815 dispergantur
1599 2761 1727 2801 oves
1761 2763 1886 2817 gres

302 2828 386 2890 gis
422 2827 485 2880 “.
520 2847 535 2877 ι
566 2829 623 2881 in
671 2828 970 2901 Evangelio
1011 2842 1189 2890 autem
1232 2835 1350 2905 ipse
1396 2835 1654 2892 Servatur
1702 2849 1887 2896 noster

302 2919 548 2988 passioni
574 2915 810 2977 'Vtcinus
865 2924 1153 2994 discipulis
1203 2929 1607 2996 praenuntiabat
1648 2931 1836 2987 dicens
1869 2953 1880 2987 :

309 3030 328 3059 σ
359 3009 564 3067 Omnes
596 3032 694 3070 vos
721 3018 1235 3072 scandalizabimini
1270 3022 1322 3074 in
1354 3039 1458 3076 me.
1497 3021 1772 3094 Scriptum
1803 3034 1886 3080 est

291 3103 491 3156 enim:
537 3104 843 3160 Percutiam
886 3116 1194 3178 pastorem,
1240 3118 1294 3164 et
1339 3112 1726 3181 dispergentur
1755 3129 1884 3170 oves

298 3197 479 3266 gregis
505 3198 574 3249 ⁸⁵.
600 3218 618 3250 ι
646 3197 702 3251 in
739 3200 842 3254 hoc
874 3200 1125 3255 similiter
1153 3204 1360 3272 psalmo
1388 3204 1456 3258 iis
1485 3206 1661 3259 atlinia
1690 3206 1881 3260 dicun-

301 3297 412 3348 tur.
451 3306 678 3360 nempe,
715 3312 733 3343 ι
762 3291 1030 3358 Quoniam
1067 3311 1225 3360 quem
1258 3304 1311 3350 tu
1345 3299 1665 3364 percussisti
1697 3316 1881 3368 perse-

299 3382 411 3434 cuti
444 3390 592 3437 sunt.
621 3403 638 3434 ι
660 3383 824 3447 Pater
854 3385 1019 3453 igitur
1052 3387 1276 3456 proprio
1306 3385 1448 3440 Filio
1477 3405 1584 3442 non
1613 3392 1876 3458 pepercit,

299 3474 395 3531 sed
431 3491 530 3544 pro
565 3477 724 3534 nobis
759 3479 1019 3534 omnibus
1054 3479 1280 3532 tradidit
1316 3481 1490 3535 illum.
1533 3480 1593 3535 Vi
1629 3484 1788 3537 etiam
1824 3491 1878 3538 et

297 3569 510 3624 ratione
535 3569 768 3639 quadam
798 3572 914 3640 ipse
943 3583 1026 3627 est
1055 3573 1148 3640 qui
1179 3574 1450 3642 percussit
1473 3614 1487 3636 ,
1517 3575 1642 3644 quia
1677 3578 1878 3646 permi-

297 3661 369 3715 sit
399 3661 576 3729 ipsum
613 3662 740 3714 talia
774 3664 1005 3733 perpeti.
1043 3664 1122 3718 lili
1161 3680 1287 3718 vero
1317 3682 1424 3719 non
1459 3668 1616 3721 modo
1652 3684 1877 3737 percus-

297 3761 508 3815 serunt,
545 3753 640 3808 sed
678 3753 775 3809 abs
815 3771 874 3809 se
922 3756 1236 3824 alijeccrunt
1271 3765 1323 3810 et
1366 3760 1554 3828 procul
1604 3763 1879 3829 persecuti

295 3853 426 3900 sunt
459 3860 582 3900 eum
625 3865 636 3899 :
672 3863 796 3901 cum
833 3864 932 3918 par
968 3850 1162 3906 fuisset
1200 3853 1392 3907 saltem
1431 3870 1750 3923 percussum
1783 3871 1880 3909 ex-

294 3938 502 4007 cipere.
535 3945 587 3994 et
622 3955 785 3996 nosse
806 3941 1083 3997 Christum
1119 3961 1216 4013 pro
1244 3945 1401 4001 nobis
1426 3956 1701 4004 mortuum
1730 3965 1878 4011 esse,

293 4030 498 4085 factum
551 4048 651 4102 pro
707 4035 864 4090 nobis
919 4038 1313 4106 maledictum;
1347 4057 1544 4110 quem,
1594 4058 1717 4095 cum
1763 4059 1874 4098 non

291 4131 481 4179 nosset
511 4135 792 4194 peccatum
817 4168 831 4190 ,
861 4128 1006 4183 Deus
1035 4145 1137 4199 pro
1162 4132 1321 4187 nobis
1353 4142 1634 4203 peccatum
1664 4135 1872 4196 cll'ecit,

291 4223 355 4269 ut
402 4233 503 4271 nos
543 4217 845 4272 eilieiamur
880 4221 1102 4288 justitia.
1152 4222 1245 4276 hei
1289 4224 1344 4277 in
1396 4225 1511 4279 illo.
1561 4224 1876 4281 Meminisse

289 4305 420 4359 item
455 4316 671 4376 oportet
703 4309 854 4364 Isaia;
886 4327 1078 4365 vocum
1111 4330 1234 4382 quae
1267 4316 1346 4368 sic
1380 4315 1580 4371 habent
1608 4335 1620 4370 :
1653 4335 1668 4366 ι
1701 4302 1876 4371 Ποιιιο

287 4397 344 4451 in
378 4399 532 4469 plaga
565 4403 940 4468 constitutus,
970 4413 1023 4457 et
1057 4406 1238 4460 sciens
1277 4407 1418 4462 ferre
1453 4408 1869 4466 inﬁrmitatem:

1999 1927 2153 2001 ἡμῶν
2179 1926 2412 1997 κατάρα.
2443 1925 2539 1994 Μὴ
2559 1922 2752 1992 γνόντα
2776 1919 2886 1991 γὰρ
2913 1917 3075 1971 αὐτὸν
3103 1913 3374 1992 ἁμαρτίαν
3397 1915 3425 1965 ὁ
3450 1912 3581 1974 Θεὸς

1996 2019 2139 2090 ὑπὲρ
2171 2016 2327 2088 ἡμῶν
2367 2012 2638 2084 ἁμαρτίαν
2669 2009 2920 2080 εποίησεν
2939 2049 2952 2071 ,
2985 2009 3073 2061 ἴνα
3105 2009 3264 2078 ἡμεῖς
3295 2002 3582 2074 γενώμεθα

1995 2104 2306 2180 δικαιοσύνη
2336 2110 2402 2161 ἐν·
2422 2106 2589 2176 αὐτῷ.
2608 2103 2766 2158 ’Λλλὰ
2794 2104 2888 2157 καὶ
2931 2121 2948 2151 ι
2987 2100 3270 2172 ἄνθρωπος
3308 2100 3365 2149 ἐν
3396 2095 3576 2164 πληγῇ

1995 2206 2069 2259 ὣν
2090 2245 2104 2270 ,
2135 2204 2230 2258 καὶ
2263 2201 2419 2264 εἰδὼς
2453 2199 2640 2272 φέρειν
2678 2196 2946 2267 μαλακίαν
2977 2194 3167 2261 γέγονε
3189 2209 3200 2220 ·
3233 2189 3326 2242 καὶ
3356 2186 3434 2257 τῷ
3463 2184 3579 2257 μώ-

1994 2298 2133 2352 λωπι
2171 2293 2337 2349 αὐτοῦ
2359 2295 2521 2364 ἡμεῖς
2563 2290 2812 2360 ίὰθημεν.
2839 2306 2855 2338 ι
2885 2283 3092 2338 οὐκοῦν
3119 2283 3214 2336 καὶ
3241 2279 3456 2351 πληγάς
3484 2280 3580 2379 καί

1997 2390 2270 2462 μώλωπας
2317 2385 2542 2456 εἴληφε,
2593 2383 2688 2436 καὶ
2728 2378 2900 2434 ταῦτα
2953 2379 3133 2432 πάντα·
3175 2373 3443 2437 πέπονθε,
3482 2373 3579 2424 τοῦ

1992 2482 2204 2553 Πατρός
2230 2478 2553 2550 βουλομένου
2573 2475 2667 2529 καὶ
2684 2470 3089 2542 συγχωροῦντος
3107 2468 3251 2520 0km
3271 2463 3572 2534 γίγνεσθαι.

1991 2576 2082 2628 Διὸ
2101 2578 2158 2627 ὲν
2188 2574 2283 2644 μὲν
2300 2569 2546 2644 Ζαχαρία
2566 2567 2642 2638 τῷ
2662 2566 2917 2638 προφήτῃ
2936 2562 3210 2615 λέλεκται·
3241 2577 3259 2608 ι
3282 2556 3574 2628 Ῥομφαία,

1990 2667 2304 2740 ἐξεγέρθητι
2333 2666 2427 2717 ἐπὶ
2458 2664 2548 2716 τόν
2583 2661 2815 2730 ποιμένα
2844 2675 2966 2730 μου,
2994 2656 3088 2710 καὶ
3121 2656 3206 2708 ἐπ’
3233 2653 3402 2724 ἄνδρα
3426 2648 3576 2702 πολί-

1989 2775 2088 2829 την
2113 2755 2298 2810 αὑτοῦ.
2338 2753 2583 2818 Πάταξον
2614 2750 2705 2803 τὸν
2738 2749 2991 2819 ποιμένα,
3027 2747 3120 2800 καί
3143 2740 3571 2815 διασκορπισθή-

1987 2867 2066 2902 τω
2108 2849 2176 2903 τά
2221 2847 2468 2920 πρόϐατα
2500 2844 2599 2914 τῆς
2631 2843 2892 2912 ποίμνης·
2916 2861 2934 2892 ›
2977 2841 3033 2890 ἐν
3061 2837 3116 2890 δὲ
3150 2835 3226 2906 τῷ
3257 2832 3575 2902 Εὑαγγελίῳ

1991 2941 2152 3003 αὐτὸς
2195 2941 2222 2992 ό
2251 2937 2439 3008 Σωτὴρ
2491 2934 2648 3006 ἡμῶν
2682 2932 2817 3004 πρὸς
2845 2931 2924 3001 τῷ
2957 2928 3116 2981 πάθει
3144 2925 3433 2995 γενόμενος
3459 2924 3574 2984 τοῖς

1988 3032 2152 3086 αὐτοῦ
2186 3031 2455 3102 μαθηταῖς
2501 3028 2831 3082 διεστέλλετο
2873 3023 3075 3077 εἰπών’
3128 3040 3145 3071 ι
3173 3019 3380 3078 Πάντες
3414 3016 3573 3086 ὑμεῖς

1991 3120 2512 3193 σκανδαλισθήσεσθε
2567 3121 2623 3170 ὲν
2649 3116 2790 3188 ἐμοί.
2822 3114 3134 3185 Γέγραπται
3160 3109 3268 3179 γάρ
3287 3125 3300 3138 ο
3339 3104 3573 3168 Πατάξω

1937 3211 1950 3227 ¹
1982 3213 2075 3266 τὸν
2108 3212 2363 3282 ποιμένα,
2401 3210 2496 3263 καὶ
2519 3200 3069 3277 διασκορπσθήσεται
3099 3201 3164 3254 τά
3193 3197 3441 3270 πρόϐατα
3473 3195 3573 3265 τῆς

1979 3306 2235 3378 ποίμνης,
2263 3323 2281 3356 ι
2329 3302 2440 3357 Καὶ
2475 3304 2531 3355 ἐν
2558 3299 2636 3370 τῷ
2667 3297 2804 3370 μετὰ
2833 3300 3021 3368 χεῖρας
3048 3291 3334 3363 τοιγαροῦν
3361 3289 3574 3351 τούτοις

1980 3398 2288 3471 συμφώνως
2311 3396 2622 3468 είρηταιτδ,
2649 3395 2804 3446 «Ὅτι
2822 3393 2881 3446 ὃν
2908 3393 2970 3444 σὺ
2995 3388 3292 3454 ὲπάταξας,
3316 3379 3574 3436 κατεδίωο

1979 3493 2094 3557 ξαν.
2123 3511 2140 3544 ι
2184 3490 2241 3543 '0
2268 3487 2364 3558 μὲν
2389 3483 2481 3540 οῦν
2509 3486 2698 3556 Πατὴρ
2726 3483 2820 3537 τοῦ
2850 3483 2978 3536 ἰδίου
3002 3480 3133 3534 Υίοῦ
3161 3479 3258 3532 οὐκ
3287 3475 3563 3544 ἐφείσατο»

1977 3583 2090 3637 ἀλλ’
2114 3581 2256 3653 ὑπὲρ
2276 3579 2431 3652 ἡμῶν
2459 3579 2675 3631 πάντων
2703 3575 3018 3648 παρέδωκεν
3038 3573 3216 3628 αὐτόν.
3251 3569 3488 3639 Δυνάμει
3511 3585 3572 3620 τε

1977 3673 2139 3736 αὐτὸς
2168 3668 2236 3744 ἦν
2262 3674 2290 3725 ὁ
2317 3669 2562 3734 πατάξας
2589 3667 2676 3720 διὰ
2709 3666 2800 3720 τοῦ
2833 3665 3187 3736 συγχωρῆσαι
3213 3660 3436 3714 τοιαῦτα
3471 3659 3570 3713 αὺ-

1975 3766 2067 3819 τὸν
2102 3765 2314 3818 παθεῖν.
2348 3763 2410 3816 Οἱ
2435 3761 2492 3814 δὲ
2518 3761 2616 3814 οὑκ
2644 3759 2920 3824 ἐπάταξαν
2953 3757 3132 3828 μόνον,
3159 3752 3294 3808 ἀλλὰ
3315 3754 3409 3807 καὶ
3438 3751 3570 3822 ἦλα-

1981 3875 2076 3913 σαν
2104 3857 2161 3924 ἐξ
2186 3855 2392 3910 ἑαυτῶν
2416 3855 2510 3909 καὶ
2538 3852 2754 3925 μακράν
2778 3848 3086 3913 άπεδίωξαν
3110 3847 3271 3902 αὑτὸν
3293 3865 3306 3877 ·
3332 3847 3450 3900 δέον
3474 3844 3568 3899 καὶ

1978 3947 2326 4018 παταχθέντα
2348 3943 2756 4018 παραδέξασθαι
2771 3961 2782 3972 ·
2807 3941 3053 4011 γνόντας,
3071 3941 3150 3992 ὅτι
3175 3937 3406 4009 Χριστὸς
3427 3936 3566 4005 ὑπὲρ

1977 4042 2132 4114 ἡμῶν
2172 4040 2413 4095 ἀπέθανε
2439 4080 2452 4104 ,
2499 4038 2789 4108 γενόμενος
2822 4036 2964 4106 ὑπὲρ
2989 4033 3149 4106 ἡμῶν
3179 4033 3394 4104 κατάρα
3416 4073 3432 4096 ,
3473 4031 3567 4084 καὶ

1975 4137 2057 4189 ὅτι
2103 4134 2182 4206 μὴ
2218 4135 2413 4203 γνόντα
2452 4130 2728 4204 ἁμαρτίαν
2753 4171 2767 4194 ,
2815 4129 2974 4182 αὑτὸν
3010 4130 3036 4180 ό
3077 4127 3210 4189 Θεὸς
3241 4127 3380 4196 ὑπὲρ
3407 4123 3565 4196 ἡμῶν

1979 4228 2255 4299 ἁμαρτίαν
2287 4226 2545 4296 ἐποίησεν
2568 4240 2583 4254 ο
2618 4223 2706 4275 ἵνα
2741 4223 2899 4290 ἡμεῖς
2933 4217 3218 4290 γενώμεθα
3251 4215 3564 4286 δικαιοσύνη

1974 4320 2109 4374 Θεοῦ
2143 4323 2206 4373 ἐν
2233 4318 2406 4389 αὐτῷ.
2431 4314 2823 4387 Μνημονεῦσαι
2842 4313 2895 4365 δὲ
2926 4312 3030 4384 χρὴ
3063 4312 3156 4364 καὶ
3183 4311 3295 4364 τῶν
3339 4309 3564 4362 Ἦσαῒου

1975 4414 2188 4482 φωνῶν,
2217 4411 2282 4464 δι’
2309 4404 2385 4464 ὧν
2412 4408 2656 4476 ἐλέγετο·
2695 4426 2712 4457 ‹
2730 4405 3047 4477 Ἀνθρωπος
3069 4405 3125 4455 ἐν
3152 4403 3334 4472 πληγῇ
3352 4399 3446 4464 ὢν,
3470 4401 3563 4454 καὶ

289 4501 344 4545 et
380 4490 642 4548 Dominus
678 4495 905 4550 tradidit
934 4513 1058 4551 eum
1095 4501 1336 4569 peccatis
1368 4503 1574 4556 nostris
1609 4503 1695 4568 ⁸⁶;
1729 4521 1746 4554 ι
1775 4511 1868 4558 et:

1987 4506 2130 4570 εἰδὼς
2175 4503 2361 4578 φέρειν
2409 4500 2712 4573 μαλακίαν
2754 4499 2850 4553 καὶ
2893 4498 3096 4570 Κύριος
3128 4496 3412 4568 παρέδωκε
3446 4495 3563 4556 ταῖς

293 4601 312 4634 ι
344 4581 614 4650 Quoniam
651 4589 767 4657 ipse
803 4603 1026 4660 peccata
1063 4603 1250 4648 nostra
1293 4604 1507 4665 portat,
1545 4604 1598 4649 et
1633 4611 1734 4666 pro
1766 4613 1869 4650 no-

289 4679 376 4733 bis
401 4681 681 4736 cruciatur
702 4684 769 4738 ‘7.
800 4705 816 4734 ι
836 4685 1102 4750 Quoniam
1137 4689 1455 4745 vulneratus
1481 4698 1564 4744 est
1582 4728 1595 4749 ,
1628 4705 1736 4744 non
1764 4691 1874 4744 alia

287 4773 355 4826 de
390 4787 552 4828 eausa
597 4777 699 4830 nisi
736 4787 956 4849 propter
987 4789 1209 4846 peccata
1244 4790 1527 4847 nostra,et
1564 4783 1870 4840 infirmatus

286 4873 372 4920 est
399 4874 618 4935 pr0pter
647 4868 964 4938 iniquitates
993 4879 1234 4927 nostras-
1269 4874 1346 4927 llli
1375 4890 1505 4928 vero
1523 4873 1656 4927 nihil
1677 4890 1873 4929 eorum

285 4951 617 5029 cogitarunt,
647 4961 741 5016 sed
770 4963 1050 5031 ejecerunt
1071 4980 1194 5019 eum
1225 4971 1279 5018 et
1308 4966 1406 5020 abs
1432 4981 1490 5020 se
1520 4967 1870 5036 repulerunt,

284 5053 629 5120 postulantes
689 5055 1076 5117 homicidiam,
1127 5072 1190 5110 ae
1242 5057 1365 5112 vita:
1419 5059 1722 5128 principem
1777 5075 1872 5112 nc-

283 5152 501 5211 gantes.
563 5143 688 5200 ldco
735 5147 823 5201 hic
879 5148 991 5200 ait:
1049 5165 1067 5197 ι
1117 5147 1386 5213 Quoniam
1423 5167 1582 5219 quem
1630 5161 1684 5205 tu
1748 5168 1872 5220 per-

281 5233 505 5289 cussisti
539 5238 810 5305 persecuti
861 5244 1022 5304 sunt,
1069 5247 1124 5292 et
1171 5256 1337 5309 super
1383 5241 1624 5296 dolorem
1683 5245 1872 5296 vulne-

277 5343 400 5381 rum
441 5343 682 5382 meorum
720 5330 1070 5386 addiderunt.
1102 5351 1121 5382 ι
1154 5331 1264 5402 Ego
1307 5333 1524 5402 quidem
1573 5351 1669 5404 pro
1720 5336 1856 5405 ipsis

283 5420 513 5474 vulnera
563 5423 786 5494 excepi,
838 5424 1091 5493 purgatio
1136 5441 1326 5479 eorum
1373 5424 1631 5488 effectus,
1675 5437 1727 5481 et
1777 5442 1866 5480 re-

277 5510 527 5579 demptio
566 5527 665 5582 pro
719 5515 962 5583 peccatis
1001 5531 1190 5570 eorum
1217 5535 1244 5572 ιν
1279 5517 1355 5571 illi
1408 5533 1535 5571 vero
1578 5520 1720 5572 mala
1765 5533 1866 5573 sua

929 5694 971 5727 “
1016 5693 1173 5748 Rom.
1204 5713 1325 5762 vm,
1367 5698 1454 5752 5'2.

901 5765 1030 5820 ibid.
1073 5768 1124 5830 It,
1169 5767 1220 5819 5.

356 5691 400 5722 ἰο
441 5691 607 5747 Zach.
639 5708 755 5754 sui,
801 5693 850 5748 7.

291 5762 336 5799 δε
380 5761 482 5816 lsa.
524 5777 646 5826 Lm,
685 5765 740 5816 (5.
815 5765 854 5794 ιτ

1533 5700 1578 5731 ⁸³³
1620 5697 1723 5757 lsa.
1769 5716 1887 5767 Lm,
1931 5701 1982 5756 0.

1979 4597 2272 4670 ἁμαρτίαις
2309 4595 2503 4667 ἡμῶνο
2527 4614 2546 4646 ι
2599 4593 2724 4654 καὶ,
2765 4613 2784 4644 ι
2814 4594 2934 4647 Ὀτι
2965 4585 3119 4655 οὗτος
3151 4591 3248 4654 τὰς
3291 4589 3565 4661 ἁμαρτίας

1974 4694 2006 4763 ἡ
2018 4692 2132 4761 μῶν
2162 4690 2335 4763 φέρει,
2362 4687 2458 4742 καὶ
2479 4687 2608 4758 περὶ
2634 4687 3096 4758 ήμῶν-ὀδυνᾶται·
3122 4705 3138 4736 ι
3171 4686 3251 4738 ὅτι
3279 4701 3339 4738 τε
3370 4686 3564 4753 ἐτραυ-

1980 4783 2216 4854 ματίσθη
2243 4783 2304 4837 οὑ
2333 4782 2398 4834 δι’
2429 4781 2557 4834 ἄλλο
2577 4799 2627 4834 τι
2649 4823 2662 4848 ,
2688 4781 2824 4834 ἀλλὰ
2850 4780 2938 4834 διὰ
2964 4779 3062 4841 τὰς
3085 4779 3360 4850 ἁμαρτίας
3378 4776 3560 4848 ἡμῶν,

1975 4876 2071 4929 καὶ
2101 4873 2504 4946 μεμαλάκισται
2534 4872 2623 4925 διὰ
2654 4873 2752 4936 τάς
2780 4872 3006 4943 ἀνομίας
3040 4872 3220 4940 ἡμῶν.
3264 4871 3326 4925 Οἱ
3355 4870 3414 4923 δὲ
3441 4869 3562 4923 τού-

1975 4984 2082 5020 των
2118 4966 2222 5038 μὲν
2243 4965 2399 5018 οὐδὲν
2417 4966 2661 5036 διενοήθη
2671 4983 2788 5030 σαν,
2816 4965 3020 5036 ἤλασαν
3045 4963 3102 5016 δὲ
3128 4964 3289 5017 αὐτὸν
3311 4963 3405 5017 καὶ
3429 4963 3563 5016 άπε-

1971 5057 2163 5123 ὀίωξαν
2194 5058 2401 5112 ἑαυτῶν
2427 5101 2440 5122 ,
2477 5059 2892 5130 ἐξαιτησάμενοι
2927 5059 3024 5128 μὲν
3051 5058 3142 5111 τὸν
3167 5057 3332 5127 φονέα
3352 5099 3366 5120 ,
3390 5057 3482 5111 τὸν
3503 5056 3561 5110 δὲ

1971 5151 2216 5222 ἀρχηγὸν
2245 5152 2346 5222 τῆς
2385 5151 2530 5222 ζωῆς
2558 5153 2945 5222 ἀρνησάμενοι.
2977 5151 3066 5203 Διό
3093 5168 3256 5221 φησιν
3290 5149 3522 5203 ἐνταῦθα
3543 5167 3558 5180 ο

1976 5264 1995 5295 ι
2011 5244 2130 5297 Ὅτι
2158 5244 2217 5297 ὃν
2246 5246 2309 5298 σὺ
2342 5243 2619 5308 ὲπάταξας
2641 5283 2654 5305 ,
2683 5243 3013 5308 κατεδίωξαν
3038 5282 3054 5306 ,
3083 5243 3176 5296 καὶ
3201 5243 3294 5296 ἐπὶ
3315 5242 3377 5295 τὸ
3397 5241 3561 5310 ἄλγος

1969 5334 2080 5387 τῶν
2100 5336 2431 5406 τραυμάτων
2461 5353 2563 5406 μου
2592 5335 2960 5406 προσέθηκαν.
2989 5359 3006 5386 ι
3065 5335 3205 5402 Ἐγὼ
3232 5335 3329 5406 μὲν
3363 5335 3471 5406 γάρ
3493 5335 3562 5387 τὰ

1972 5428 2112 5499 ὑπὲρ
2149 5429 2328 5481 αὐτῶν
2359 5427 2691 5497 ἁνεδεχόμην
2722 5427 3042 5498 τραύματα,
3078 5427 3360 5498 καθαρμὸς
3383 5427 3562 5480 αὐτῶν

1971 5519 2278 5590 γενόμενος,
2307 5521 2402 5573 καὶ
2429 5518 2722 5590 ἀντίψυχον
2745 5519 2836 5573 διὰ
2860 5520 2958 5583 τὰς
2983 5520 3258 5592 ἁμαρτίας
3284 5519 3483 5574 αὐτῶν·
3511 5519 3560 5571 oi.

2991 5707 3032 5738 ⁵⁵
3075 5705 3262 5762 Matth.
3289 5723 3436 5774 xsw,

2064 5703 2107 5733 ¹⁶³
2148 5703 2276 5757 iiz'td.
2454 5703 2908 5778 “Zachaxtttﬂ.
