4056 6416
472 386 574 441 757

1566 398 1569 401 ’
1609 386 2121 443 COMMENTABIA
2158 387 2227 443 IN
2265 387 2602 445 PSALMOS.

3633 393 3735 449 753

465 501 526 557 δὲ
554 503 899 575 προσέθηκαν
924 504 1046 575 ἐμοὶ
1069 505 1140 558 τὰ
1160 501 1366 558 ἑαυτῶν
1385 507 1547 560 κακά.
1584 525 1601 555 ι
1619 507 1866 561 Ἔδωκαν
1889 529 1904 559 ι
1928 509 2051 578 γοῦν

2158 510 2291 563 mihi
2319 511 2697 565 addidcrtutl.(
2722 508 2996 566 Dederunt
3024 532 3043 564 ι
3067 511 3256 582 igiturc
3285 510 3337 566 in
3355 526 3537 566 escam
3557 527 3735 568 meam

429 588 435 622 ⁵
473 597 585 658 «είς
606 596 667 648 τὸ
700 596 895 667 βρῶμά
924 612 1024 666 μου
1053 596 1235 667 χολὴν,
1265 598 1359 650 καὶ
1386 599 1464 662 εἰς
1491 600 1587 668 τὴν
1619 599 1777 668 δίψαν
1790 606 1903 670 ’μου
1931 601 2059 653 ἐπό-

464 689 625 740 τισάν
652 705 716 758 με
741 687 861 752 ὅξος
880 706 894 719 θ
925 707 943 740 ι
989 691 1051 741 οὑ
1080 690 1240 760 μόνον
1270 690 1392 743 καθ’
1420 691 1478 743 ὃν
1508 692 1747 763 ἔπασχον
1769 694 1860 745 ὑπ’
1884 694 2060 746 αὐτῶν

465 780 657 851 καιρὸν
677 821 691 843 ,
727 780 861 834 ἀλλά
894 783 987 834 καὶ
1012 784 1069 833 ἐν
1094 786 1207 846 τοῖς
1227 782 1364 851 μετὰ
1380 783 1549 835 ταῦτα
1565 786 1777 857 χρόνοις
1798 789 1915 850 ταῖς
1939 788 2060 838 κατ’

471 872 602 942 ἐμοῦ
638 873 1010 944 βλασφημίαις
1042 876 1471 946 παραμένοντες.
1498 877 1588 929 Διὸ
1612 877 1753 930 κατά
1780 878 1870 932 τὸν
1903 877 2061 930 Ἀκύ-

464 960 582 1029 ὶαν,
610 966 729 1019 ἀντί
760 965 875 1030 τοῦ,
899 986 917 1017 ‹
945 966 1310 1038 προσέθηκαν,
1334 986 1351 1015 ι
1384 966 1798 1036 διηγήσονται,
1823 969 2055 1039 εἴρηταιι

467 1058 605 1110 κατὰ
626 1057 682 1110 δὲ
701 1058 793 1110 τὸν
812 1056 1128 1127 Σύμμαχον,
1161 1075 1178 1108 ι
1204 1055 1515 1127 ἐξηγοῦντο.
1540 1078 1558 1108 ι
1586 1058 1659 1111 Ού
1686 1057 2057 1128 γὰρηάπήρκει

463 1150 527 1202 τὸ
556 1150 702 1216 ἅπαξ
743 1149 874 1202 ποτὲ
912 1149 1281 1221 τραυματίσαι
1311 1149 1473 1202 αὐτὸν
1493 1189 1508 1214 ,
1553 1150 1649 1203 καὶ
1685 1149 1908 1203 τοιαῦτα
1940 1152 2056 1201 κατ’

465 1241 632 1295 αὐτοῦ
651 1243 820 1313 τολμῆ
830 1260 917 1295 σαι
934 1261 947 1273 ο
968 1242 1081 1295 ἀλλ’
1099 1240 1290 1313 ὥσπερ
1308 1243 1400 1294 ἐπὶ
1420 1242 1840 1314 κατορθώμασιν
1858 1244 2058 1310 ἐγκαυ-

467 1334 702 1406 χώμενοι
736 1340 845 1399 τοῖς
878 1335 1085 1389 ἑαυτῶν
1114 1334 1356 1399 τέκνοις,
1390 1334 1458 1387 τά
1501 1337 1621 1388 κατ’
1656 1335 1819 1389 αὐτοῦ
1850 1333 2055 1405 τολμη-

465 1427 628 1482 θέντα
678 1428 862 1491 αὐτοῖς
900 1425 1203 1498 διηγοῦντο.
1250 1425 1405 1479 Ἐπεὶ
1436 1426 1616 1479 τοίνυν
1660 1427 1813 1480 αὐτοὶ
1852 1424 2054 1495 ταύτην

465 1521 678 1575 εἵλαντο
706 1521 805 1592 τὴν
841 1521 1033 1592 μερίδα
1053 1559 1067 1582 ,
1116 1518 1405 1584 διώξαντες
1442 1519 1540 1589 μὲν
1567 1519 1625 1573 ὃν
1656 1520 1720 1573 σὺ
1750 1517 2050 1583 ὲπάταξας,

464 1614 693 1684 ἀνομίας
718 1614 774 1667 δέ
804 1614 899 1666 καὶ
917 1613 1172 1677 ἀσεϐείας
1204 1614 1287 1682 ἐφ’
1313 1613 1540 1676 ἑαυτοὺς
1567 1611 1661 1665 καὶ
1686 1612 1778 1665 ἐπὶ
1798 1610 1865 1663 τὰ
1886 1610 2054 1663 τέκνα

464 1704 651 1757 αὐτῶν
697 1703 1071 1775 σωρεύσαντες
1099 1721 1112 1734 ·
1168 1704 1392 1767 εἰκότως
1442 1702 1754 1771 ἐπιλέγεται
1805 1700 2049 1765 τούτοις’

471 1815 499 1847 ο
516 1794 757 1867 Πρόσθες
778 1796 1005 1866 ἀνομίαν
1028 1796 1120 1848 ἐπὶ
1141 1795 1239 1865 τὴν
1271 1794 1501 1865 ἀνομίαν
1518 1793 1697 1847 αὐτῶν
1712 1811 1724 1823 ·
1741 1814 1759 1846 ι
1786 1795 1905 1847 ἀντὶ
1931 1791 2048 1857 τοῦ,

471 1906 497 1938 ι
519 1888 872 1958 προσθήσεις·
901 1906 919 1938 ι
960 1887 1110 1940 ἔσται
1143 1887 1253 1957 γὰρ
1285 1887 1468 1950 αὐτοῖς
1515 1885 1700 1940 κακῶν
1743 1884 2048 1956 προσθήκη.
2085 1867 2126 1920 Β

466 1979 547 2032 Τά
577 1980 672 2051 μὲν
706 1980 815 2050 γὰρ
840 1980 904 2032 ἐκ
929 1978 1021 2031 τοῦ
1057 1980 1142 2048 ἐφ’
1175 1981 1307 2049 ἡμῖν
1341 1976 1645 2048 ἀνθρώποις
1670 1976 1915 2047 γίγνεται
1940 2016 1955 2041 ,
1984 1976 2055 2029 τὰ

461 2071 521 2123 δὲ
555 2073 619 2124 ἐκ
651 2070 759 2123 τῶν
790 2069 1299 2123 ἐπακολουθούντων
1330 2067 1529 2132 ἔξωθεν
1560 2068 1638 2138 τῷ
1665 2068 1749 2136 ἐφ’
1780 2070 1933 2138 ἡμῖν.
1964 2067 2054 2119 Διὸ

464 2160 710 2215 λέλεκταί
744 2179 849 2215 που
878 2163 1011 2234 πρὸς
1035 2161 1126 2215 τὸν
1150 2161 1282 2214 Θεόν
1302 2177 1314 2190 ·
1356 2180 1373 2211 ‹
1400 2160 1555 2214 Μετὰ
1577 2159 1724 2213 ὁσίου
1751 2159 2049 2229 όσιωθήσῃ,

465 2254 560 2308 καὶ
604 2254 742 2324 μετά
788 2253 1047 2325 στρεϐλοῦ
1094 2251 1514 2324 διαστρέψειςιι
1552 2249 1664 2303 Καὶ
1705 2251 1762 2303 ἐν
1795 2249 1873 2320 τῷ
1906 2249 2055 2318 νόμῳ

461 2345 519 2398 δὲ
548 2346 761 2417 εἴρηται
794 2346 858 2398 ἐκ
891 2343 1185 2415 προσώπου
1226 2342 1413 2397 αὐτοῦ.
1456 2362 1473 2393 ι
1496 2343 1605 2394 Καὶ
1629 2342 1722 2394 ἐὰν
1748 2337 2052 2411 πορευθῆτε

464 2435 602 2505 πρὸς
620 2436 699 2505 με
729 2434 981 2503 πλάγιοι,
1013 2433 1352 2506 πορεύσομαι
1386 2429 1541 2500 κάγὼ
1565 2428 1700 2502 πρὸς
1726 2429 1869 2498 ὑμᾶς
1895 2425 2054 2497 θυμῷ

465 2524 700 2596 πλαγίῳ.
728 2544 746 2577 ι
796 2524 949 2578 Ἐπεὶ
995 2523 1173 2577 τοίνυν
1204 2523 1359 2577 αὐτοὶ
1389 2521 1579 2593 ὥσπερ
1612 2518 1807 2590 μακρῷ
1835 2516 2053 2587 σχοινίῳ

462 2614 563 2680 τὰς
593 2617 822 2688 ἀνομίας
853 2617 1061 2671 ἑαυτῶν
1095 2614 1510 2676 ἐπεσπάσαντο,
1541 2612 1765 2674 εἰκότως
1804 2610 1897 2663 καὶ
1928 2608 1991 2661 σὺ
2023 2610 2052 2660 ὁ

460 2706 669 2770 δίκαιος
704 2706 894 2778 κριτὴς
935 2705 1265 2777 προσθήσεις
1296 2705 1533 2774 ἀνομίαν,
1556 2702 1648 2755 ἐπὶ
1685 2700 1782 2770 τὴν
1822 2697 2050 2768 ἀνομίαν

464 2797 675 2852 αὐτῶν·
714 2797 985 2868 δευτέραν.
1007 2796 1190 2857 αὐτοῖς
1216 2795 1354 2866 πρὸς
1384 2797 1451 2865 τῇ
1494 2791 1736 2864 προτέρᾳ
1766 2780 2050 2858 λογιζόμε-

2167 603 2267 665 fel,
2299 614 2353 656 et
2387 605 2440 656 in
2474 604 2563 656 siti
2598 619 2714 657 mea
2752 612 3079 672 potaverunt
3114 620 3200 658 me
3230 612 3425 670 aceto;
3459 623 3477 655 ι
3508 620 3614 657 ιιοη
3647 618 3739 661 so—

2164 696 2273 749 lum
2325 706 2568 765 tempore
2618 697 2887 766 passionis
2922 711 3091 760 mea),
3138 695 3235 751 sed
3281 697 3333 748 in
3378 682 3739 765 sequentibus

2162 788 2480 858 blasphema
2509 797 2701 845 contra
2729 804 2814 842 me
2847 788 2996 841 dicta
3026 786 3273 857 proferre
3300 798 3734 856 perseverantes.

2162 877 2367 943 Quare,
2393 879 2694 932 secundum
2726 878 2980 947 Aquilam
3002 915 3018 941 ,
3048 891 3146 947 pro
3171 877 3285 940 illo,
3312 895 3329 927 ι
3356 876 3734 941 αύάίἀθιιιιιῑμ

2161 971 2384 1034 dicitur,
2441 989 2458 1020 ι
2494 972 2871 1033 enarrabunt;
2915 990 2933 1021 ι
2989 968 3294 1023 secundum
3353 965 3737 1038 Symmachum

2165 1078 2291 1118 vero
2323 1082 2340 1113 ι
2370 1063 2723 1117 enarrabant.
2760 1081 2778 1114 ι
2809 1061 2929 1115 Non
2978 1063 3124 1114 enim
3167 1069 3252 1114 sat
3294 1060 3401 1114 illis
3449 1058 3553 1114 fuit
3593 1061 3739 1130 quod

2162 1155 2330 1209 semel
2392 1154 2569 1223 ipsum
2622 1156 3041 1215 vulnerassent,
3090 1159 3147 1206 et
3196 1152 3327 1205 talia
3373 1162 3565 1207 contra
3613 1166 3737 1207 cum

2159 1247 2275 1301 ausi
2326 1246 2598 1311 fuissent;
2640 1246 2733 1302 sed
2784 1244 2941 1314 quasi
2992 1260 3049 1300 re
3100 1246 3239 1299 bene
3284 1251 3439 1313 gesta
3477 1242 3735 1313 gloriosi,

2158 1356 2326 1395 ausus
2376 1356 2507 1395 suos
2557 1340 2680 1395 filiis
2724 1340 3077 1393 enarrabaut.
3134 1338 3405 1404 Quoniam
3452 1335 3618 1406 igitur
3660 1334 3735 1389 illi

2158 1434 2319 1487 talem
2352 1435 2656 1502 portionem
2693 1437 3072 1501 cooptarunt,
3105 1445 3266 1500 quem
3314 1439 3369 1482 tu
3414 1426 3734 1498 percussisti

2158 1536 2576 1597 persequentes,
2611 1526 2934 1597 iniquitates
2962 1532 3149 1578 autem
3167 1532 3222 1579 et
3253 1523 3560 1593 impietates
3594 1521 3649 1574 in
3678 1534 3738 1575 se

2155 1627 2211 1673 et
2242 1618 2296 1671 in
2327 1619 2466 1672 filios
2494 1622 3042 1672 suoscoaccrvantcs
3068 1631 3084 1678 ;
3121 1614 3246 1683 jure
3275 1612 3564 1681 adjicitur;
3590 1628 3608 1662 ι
3629 1610 3739 1685 Ap-

2155 1725 2297 1779 pone
2336 1708 2680 1778 iniquitatem
2729 1720 2896 1775 super
2940 1704 3286 1773 iniquitatem
3324 1702 3601 1770 ipsorum,
3636 1718 3653 1750 ι
3682 1698 3737 1753 id

2155 1807 2270 1863 est,
2303 1818 2322 1852 ι
2356 1813 2598 1869 appones
2626 1815 2640 1851 :
2676 1816 2697 1848 ι
2723 1795 2863 1866 ipsis
2903 1809 3141 1864 namque
3176 1793 3447 1846 malorum
3490 1789 3735 1846 accessio

2155 1892 2278 1948 erit.
2334 1892 2452 1944 Alia
2502 1889 2646 1944 enim
2702 1888 2862 1943 nobis
2906 1885 3230 1940 hominibus
3269 1899 3339 1936 ex
3379 1880 3737 1937 interioribus

2155 1985 2456 2049 eveniunt;
2497 1983 2601 2037 alia
2643 1997 2772 2037 vero
2820 1979 3041 2034 aliunde
3085 1994 3153 2032 ex
3204 1975 3561 2045 sequentibus
3592 1973 3749 2027 inte-~

2156 2079 2304 2132 riora
2357 2084 2569 2131 nostra.
2620 2072 2801 2138 Quare
2856 2069 3056 2125 alicubi
3111 2067 3224 2122 Deo
3273 2066 3513 2121 dicitur:
3545 2080 3564 2114 ι
3596 2062 3736 2126 Cum

2157 2178 2351 2224 sancto
2374 2174 2597 2221 sanctus
2618 2165 2751 2226 eris,
2775 2173 2969 2219 etcum
3006 2174 3262 2231 perverso
3289 2156 3619 2228 pervcrteris
3630 2152 3732 2209 “.r

2154 2260 2214 2315 In
2251 2260 2367 2329 lege
2398 2273 2616 2328 quoque
2647 2272 2714 2310 ex
2748 2254 2921 2325 ipsius
2958 2264 3190 2322 persona
3222 2247 3465 2303 dicitur:
3499 2265 3516 2294 ι
3548 2243 3606 2297 Si
3638 2257 3734 2298 ve-

2156 2353 2325 2408 niatis
2350 2350 2417 2406 ad
2450 2366 2537 2404 me
2563 2347 2803 2419 obliqui,
2833 2345 3089 2400 accedam
3118 2350 3174 2396 ct
3202 2355 3304 2410 ego
3333 2340 3397 2392 ad
3429 2352 3526 2392 vos
3551 2335 3739 2388 animo

2154 2446 2382 2515 obliquo
2409 2444 2476 2496 “.
2511 2462 2530 2494 ι
2561 2440 2697 2507 Quia
2735 2441 2899 2510 igitur
2929 2438 3006 2492 illi
3036 2434 3195 2507 quasi
3227 2430 3473 2487 funiculo
3502 2427 3736 2497 oblongo

2156 2538 2379 2602 peccata
2417 2545 2515 2584 sua
2551 2528 2880 2590 trahebant,
2915 2526 3040 2596 jure
3074 2533 3132 2578 tu
3165 2535 3383 2594 quoque
3414 2518 3603 2589 justus
3639 2515 3736 2585 ju-

2155 2624 2260 2679 dex
2302 2637 2544 2692 appones
2588 2619 2930 2689 iniquitatem
2978 2630 3145 2686 super
3193 2610 3541 2682 iniquitatem
3585 2608 3739 2678 ipso—

2154 2728 2274 2768 rum
2303 2730 2319 2780 ;
2350 2712 2417 2767 ad
2447 2711 2685 2781 priorem
2713 2710 2891 2770 illam,
2922 2707 3083 2761 aliam
3121 2706 3417 2774 imputans.
3447 2697 3562 2754 lmo
3592 2711 3735 2767 quo.-

2155 2820 2261 2876 que
2304 2804 2419 2857 ait:
2455 2800 2617 2855 «Non
2670 2802 2874 2854 intrent
2924 2799 2979 2852 in
3023 2796 3294 2868 justitiam
3342 2800 3514 2847 tuam.
3546 2810 3565 2844 ›
3594 2789 3733 2845 Nam

464 2906 575 2953 νος.
623 2887 783 2941 Ἀλλά
825 2889 921 2943 καὶ
956 2905 972 2938 ο
1009 2886 1101 2957 Μὴ
1148 2886 1575 2947 εἰσελθέτωσαν,
1620 2882 1827 2953 φησὶν,
1872 2882 1928 2932 ἐν
1974 2881 2051 2931 δι-

2154 2896 2366 2965 justitia
2402 2893 2620 2975 quidem
2663 2899 2758 2945 tua
2800 2891 2984 2959 justos
3026 2886 3291 2949 advocat,
3327 2896 3631 2951 omnesque
3663 2878 3733 2934 ad

464 2979 726 3051 καιοσύνῃ
758 2996 871 3032 σου,
900 2998 917 3029 ι
982 2978 1043 3030 Ἡ
1082 2977 1178 3048 μὲν
1215 2977 1324 3048 γὰρ
1369 2975 1436 3047 σὴ
1469 2970 1785 3043 δικαιοσύνη
1812 2970 2051 3035 δικαίους

462 3071 814 3134 εἰσκαλεῖται,
841 3071 936 3123 καὶ
966 3070 1171 3133 πάντας
1194 3071 1274 3132 εἰς
1297 3066 1377 3120 τά
1398 3065 1664 3120 ἐνδοτάτω
1689 3065 1790 3135 τῆς
1825 3063 1924 3133 σῆς
1954 3062 2051 3133 βα-

465 3163 668 3226 σιλείας
699 3162 841 3216 κατά
871 3161 969 3225 τὰς
1001 3160 1335 3230 ἐπαγγελίας
1363 3159 1687 3233 θποδὲχεται
1708 3175 1720 3188 ·
1772 3159 1820 3209 οἱ
1852 3156 1909 3209 δὲ
1943 3174 2051 3209 τοι-

461 3256 602 3310 αῦτα
625 3254 997 3326 τολμήσαντες
1022 3254 1125 3306 οὐκ
1152 3252 1550 3306 εἰσελεύσονται
1587 3249 1723 3321 μετά
1752 3249 1859 3303 τῶν
1883 3251 1947 3320 τῇ
1982 3251 2047 3320 σῇ

460 3346 776 3418 δικαιοσύνῃ
808 3344 1302 3416 συνελευσομένων’
1344 3342 1458 3397 ἀλλ’
1492 3343 1612 3396 οὐδὲ
1668 3342 2050 3413 ἐγγραφήσον-

461 3455 551 3494 ται
585 3442 643 3494 ἐν
679 3438 857 3511 βίϐλῳ,
877 3436 1127 3502 ζώντων
1168 3435 1478 3490 τούναντίον
1518 3434 1574 3487 δὲ
1614 3433 1895 3487 πείσονται
1940 3433 2051 3496 τοῖς

459 3530 911 3602 ἐγγραφομένοις.
946 3529 1009 3581 El
1042 3526 1151 3600 γὰρ
1166 3527 1261 3581 καὶ
1294 3525 1501 3599 πρῶτοι
1533 3525 1634 3596 τῆς
1667 3524 1809 3595 ἐμῆς
1829 3524 2052 3596 χάριτος

460 3620 781 3688 ἀξιωθέντες
820 3620 1201 3690 ἐνεγράφησαν
1234 3636 1367 3671 ποτε
1392 3620 1449 3671 ἐν
1478 3620 1544 3687 τῇ
1580 3616 1748 3687 βίϐλῳ
1780 3615 1889 3668 τῶν
1917 3613 2053 3679 ζώμ-

461 3730 569 3766 των
601 3711 689 3765 διὰ
721 3710 848 3774 τοὺς
888 3709 1037 3779 παρά
1069 3709 1146 3779 τῷ
1177 3709 1297 3780 Θεῷ
1340 3708 1547 3774 ζῶντας
1581 3707 1827 3778 πατέρας
1848 3705 2048 3769 αὐτῶν,

459 3804 536 3867 ὼς
558 3803 654 3857 καὶ
676 3802 859 3864 αὐτοῖς
882 3801 1126 3855 δεδόσθαι
1148 3800 1248 3863 τὰς
1271 3801 1603 3869 ἐπαγγελίας
1623 3817 1636 3830 ·
1663 3799 1778 3855 ἀλλ’
1801 3799 1923 3856 ἐπεὶ
1949 3816 2053 3851 τοι·

460 3895 600 3950 αὕτα
647 3893 1048 3965 τετολμήκασιν
1073 3933 1088 3957 ,
1148 3911 1166 3942 ι
1206 3891 1710 3963 Ἐξαλειφθήτωσαν
1754 3892 1818 3944 ἐκ
1866 3888 2048 3959 βίϐλου

460 3987 694 4052 ζώντων,
725 4006 744 4038 ι
797 3985 1087 4055 Διασαιρῶν
1120 3984 1177 4039 δὲ
1201 3985 1302 4055 τὴν
1340 3983 1547 4039 ἔννοιαν
1586 3983 1688 4053 τῆς
1723 3982 1910 4052 βίϐλου
1939 3980 2049 4035 τῶν

460 4078 701 4144 ζώντων,
733 4079 974 4147 ἐπιλέγει
1011 4077 1139 4148 ἐξῆς
1159 4095 1171 4107 ·
1216 4097 1234 4129 ι
1254 4077 1364 4132 Καὶ
1395 4074 1534 4146 μετά
1558 4074 1785 4128 δικαίων
1810 4074 1884 4145 μὴ
1907 4089 2048 4145 γρα-

462 4172 740 4241 φήτωσαν.
757 4190 775 4223 r
797 4170 1057 4240 Ἑκλογῆς
1078 4169 1186 4241 γάρ
1206 4167 1532 4241 γιγνομένης
1551 4166 1660 4220 τῶν
1682 4165 1822 4219 κατὰ
1842 4166 1932 4219 τὸν
1952 4165 2047 4217 ἀν-

463 4262 731 4334 θρώπινον
756 4260 879 4335 βίον
899 4302 914 4327 ,
954 4263 1004 4316 οἱ
1039 4263 1137 4333 μὲν
1162 4262 1307 4333 ζωῆς
1335 4260 1485 4329 ἄξιοι.
1505 4258 1609 4329 τῆς
1636 4256 1787 4329 παρά
1819 4256 1897 4329 τῷ
1931 4254 2050 4325 Θεῷ

460 4355 553 4411 διὰ
593 4356 692 4428 τὴν
725 4353 932 4408 οἰκείαν
954 4352 1302 4423 δικαιοσύνην
1334 4352 1681 4422 ἀνάγραπτοι
1724 4349 2047 4419 γενήσονται

458 4448 591 4519 παρ’
620 4446 768 4517 αὐτῷ
787 4464 802 4479 ο
826 4447 875 4499 oi
902 4446 958 4500 δέ
986 4444 1284 4515 ἀπόϐλητοι
1306 4444 1403 4514 τῆς
1434 4442 1617 4513 βίϐλου
1649 4443 1864 4497 ἔσσονται
1886 4442 1933 4494 οἱ
1957 4440 2046 4495 τὸν

2158 2989 2345 3043 intima
2393 2972 2561 3058 reguli
2597 2985 2674 3040 tui
2715 2982 3019 3039 secundum
3052 2977 3477 3051 promissionem
3516 2972 3731 3042 recipit.

2130 3079 2259 3151 ⁴Ωιιί
2307 3094 2437 3135 vero
2491 3078 2621 3133 talia
2672 3076 2790 3131 ausi
2837 3081 2966 3130 sunt
3012 3087 3122 3128 non
3174 3069 3460 3124 intrabunt
3506 3081 3631 3121 cum
3667 3064 3736 3121 iis

2156 3172 2248 3243 qui
2286 3187 2393 3227 una
2426 3186 2550 3226 cum
2582 3168 2799 3239 justitia
2832 3175 2925 3220 tua
2959 3160 3266 3235 ingressuri
3303 3166 3473 3217 sunt:
3509 3157 3613 3214 sed
3640 3171 3737 3211 ne-

2154 3279 2260 3336 que
2285 3265 2343 3319 in
2367 3263 2511 3318 libro
2533 3260 2829 3316 viventium
2854 3257 3167 3314 scribentur
3192 3272 3207 3319 ;
3235 3253 3344 3307 imo
3369 3248 3645 3315 contraria
3667 3247 3736 3303 iis

2155 3356 2248 3427 qui
2296 3354 2559 3425 descripti
2607 3360 2738 3408 sunt
2770 3351 3069 3423 patientur.
3117 3345 3345 3401 Etiamsi
3377 3344 3521 3399 enim
3557 3340 3738 3414 gratia

2154 3448 2340 3505 donati
2374 3463 2497 3503 mea
2525 3443 2825 3517 aliquando
2859 3444 2917 3499 in
2955 3442 3098 3497 libro
3132 3438 3434 3495 viventium
3462 3478 3478 3502 ,
3517 3441 3732 3506 patrum

2154 3557 2379 3598 Suarum
2421 3538 2564 3610 apud
2624 3537 2792 3592 Deum
2844 3534 3143 3589 viventium
3200 3546 3398 3593 causa,
3435 3524 3739 3595 conscripti

2155 3636 2390 3696 fuerint,
2440 3634 2513 3688 ita
2561 3642 2620 3686 ut
2673 3630 2883 3701 etipsis
2932 3626 3209 3698 promissa
3256 3624 3437 3678 oblata
3491 3620 3635 3684 sint;
3681 3625 3739 3673 at

2152 3729 2411 3797 quoniam
2465 3725 2596 3778 talia
2681 3731 2811 3778 sunt
2873 3720 3029 3782 ausi,
3083 3737 3102 3771 ι
3153 3716 3448 3772 deleantur
3486 3713 3554 3768 de
3596 3710 3738 3765 libro

2152 3816 2472 3873 viventium.
2509 3833 2526 3866 ι
2556 3812 2705 3867 Libri
2734 3820 2915 3866 autem
2947 3809 3244 3865 viventium
3269 3806 3536 3861 rationem
3563 3800 3741 3870 expli-

2151 3923 2323 3970 cans,
2358 3904 2545 3960 subdit
2574 3912 2761 3974 postea
2782 3942 2797 3966 ,
2831 3920 2850 3953 ι
2882 3900 2952 3954 Et
2981 3896 3107 3954 cum
3134 3899 3301 3968 justis
3344 3911 3453 3951 non
3485 3893 3737 3951 scriban—

2154 4006 2264 4053 tur.
2298 4017 2318 4050 ›
2343 3995 2624 4051 Electione
2656 3993 2857 4064 quippe
2890 3991 3036 4049 facta
3068 4004 3260 4044 eorum
3290 3988 3385 4057 qui
3433 3987 3487 4040 in
3529 3981 3736 4039 mundo

2150 4096 2311 4142 erant
2345 4084 2633 4139 hominum
2654 4121 2670 4146 ,
2708 4081 2801 4135 alii
2845 4081 3065 4151 quidem
3096 4078 3208 4131 vita
3239 4092 3362 4147 qua:
3391 4073 3533 4145 apud
3566 4073 3736 4129 Deum

2151 4188 2236 4234 est
2266 4177 2455 4249 digni,
2490 4176 2562 4233 ob
2594 4173 2871 4247 propriam
2902 4170 3175 4242 justitiam
3221 4166 3366 4239 apud
3414 4167 3594 4241 ipsum
3641 4164 3737 4220 de-

2150 4274 2497 4337 scribentur;
2523 4269 2615 4340 qui
2641 4275 2823 4325 autem
2851 4263 3089 4321 exlibro
3119 4260 3470 4321 delebuntur,
3504 4257 3541 4311 ii
3571 4262 3738 4312 erunt

2150 4369 2246 4440 qui
2280 4367 2408 4424 vitae
2443 4364 2749 4437 principem
2797 4359 3175 4432 repudiarunt.
3224 4353 3292 4411 Et
3341 4352 3431 4406 hic
3477 4349 3603 4405 finis
3631 4348 3737 4405 erit

2152 4476 2344 4518 eorum
2386 4459 2480 4530 qui
2514 4458 2626 4528 jam
2672 4459 2974 4510 memorata
3027 4456 3221 4505 contra
3262 4444 3606 4501 Servatorem
3635 4455 3736 4499 no-

459 4538 703 4611 ἀρχηγὸν
734 4537 833 4610 τῆς
864 4534 1011 4609 ζωῆς
1042 4535 1533 4615 παραιτησάμενοι.
1584 4534 1695 4587 Καὶ
1736 4532 1896 4587 τοῦτο
1946 4534 2046 4603 μὲν

2154 4562 2325 4610 strum
2356 4549 2603 4624 aggressi
2636 4554 2786 4605 sunt.
2817 4546 2950 4614 Qua:
2981 4548 3286 4613 sequuntur
3314 4545 3517 4601 autem,
3554 4535 3609 4590 in
3641 4536 3735 4591 la:-

457 4630 520 4685 τὸ
544 4630 696 4693 τέλος
714 4628 824 4682 τῶν
847 4627 916 4683 τὰ
943 4627 1309 4700 προλεχθέντα
1334 4625 1479 4680 κατά
1498 4625 1592 4678 τοῦ
1617 4624 1869 4697 Σωτῆρος
1890 4623 2045 4697 ἡμῶν

456 4723 869 4794 τετολμηκότων
888 4738 903 4752 ο
938 4722 1014 4779 τὰ.
1028 4722 1073 4777 δ’
1098 4722 1225 4792 ἑξῆς
1251 4724 1281 4776 ὁ
1308 4720 1466 4787 λόγος
1495 4720 1589 4773 ἐπὶ
1613 4714 1674 4772 τὸ
1700 4718 2046 4790 φαιδρότερον

458 4812 786 4884 μεταϐάλλει
805 4852 823 4877 ,
848 4810 1094 4865 ἐντεῦθεν
1118 4809 1301 4864 λοιπὸν
1324 4809 1426 4881 τῆς
1447 4807 1806 4882 εὐαγγελικῆς
1826 4807 2044 4879 χάριτος

456 4907 862 4978 ἀπαρχόμενος.

534 5038 552 5069 ι
574 5018 799 5088 Πτωχὸς
832 5019 928 5071 καὶ
958 5015 1141 5085 ἀλγῶν
1166 5013 1277 5085 ἐγώ
1312 5016 1428 5087 εἰμι
1452 5056 1468 5079 ,
1515 5017 1548 5087 ἡ
1581 5014 1823 5086 σωτηρία
1874 5015 2044 5077 σουνὸ

457 5110 608 5175 Θεὸς,
632 5110 961 5165 ἀντελάϐετό
1009 5128 1130 5181 μου.
1159 5130 1176 5161 ι
1244 5108 1306 5163 Ὀ
1334 5106 1521 5161 εἰπὼνα
1553 5107 1612 5158 ἐν
1652 5104 2004 5173 Εὑαγγελίοις
2026 5120 2040 5133 ·

460 5223 481 5256 ι
504 5202 723 5258 Μάθετε
770 5204 865 5257 ἀπ’
893 5202 1059 5274 ἐμοῦ,
1099 5202 1185 5255 ὅτι
1218 5199 1394 5271 πρᾶός
1426 5200 1542 5268 εἰμι
1571 5197 1665 5251 καὶ
1691 5195 1944 5258 ταπεινὸς
1974 5197 2039 5265 τῇ

457 5293 655 5366 καρδία
669 5333 683 5352 .
711 5311 730 5344 ι
759 5292 846 5345 ὁιά
872 5292 981 5344 τῶν
994 5290 1366 5361 προκειμένων
1389 5285 1604 5357 πτωχὸς
1621 5285 1714 5339 καὶ
1733 5283 1915 5353 ἀλγῶν
1926 5282 2044 5351 ἐγώ

456 5382 606 5452 εἰμι,
643 5380 798 5451 φησί.
862 5378 1084 5448 Πτωχὸς
1116 5377 1173 5431 δὲ
1209 5373 1276 5448 ἦν
1316 5375 1408 5428 τὸν
1438 5372 1665 5426 πλοῦτον
1688 5374 1788 5444 τῆς
1821 5371 2040 5426 αἰωνίου

457 5471 733 5544 βασιλείας
764 5469 1111 5541 ἀποθέμενος.
1144 5468 1236 5521 Διό
1268 5467 1478 5538 φησινὸ
1506 5464 1745 5528 Παῦλος·
1783 5482 1802 5513 ι
1835 5462 2043 5535 Ἰησοῦς

457 5566 695 5638 Χριστὸς·
716 5565 973 5628 πλούσιος
991 5561 1088 5626 ὢν,
1114 5563 1180 5617 δι’
1205 5566 1237 5635 ὴ
1247 5564 1354 5635 μᾶς
1379 5560 1743 5632 ἐπτώχευσεν,
1778 5560 1864 5612 ἵνα
1881 5561 2043 5630 ἡμεῖς

455 5661 523 5729 τῇ
541 5657 706 5715 αὐτοῦ
734 5658 977 5729 πτωχείᾳ
997 5656 1407 5728 πλουτήσωμεν.
1425 5676 1441 5705 ι
1463 5652 1622 5709 Ἀλλά
1654 5652 1748 5707 καὶ
1769 5671 1787 5703 ι
1812 5650 1993 5720 ἀλγῶν
2016 5669 2035 5702 ι

530 5814 573 5845 ⁸³
610 5812 758 5871 Psal.
802 5828 936 5880 xvu,
972 5811 1065 5880 26,
1106 5812 1195 5869 27.
1275 5811 1318 5844 ’⁸⁸
1359 5807 1536 5867 Levit.
1578 5824 1728 5875 xxvr,
1768 5807 1860 5871 23,
1899 5804 1991 5863 Ἃ.

2157 5802 2345 5859 Matth.
2392 5815 2470 5864 ιι,
2504 5794 2597 5853 29.

2156 4648 2354 4703 tiorem
2401 4643 2635 4699 formam
2686 4646 3005 4696 mutantur:
3057 4653 3184 4693 nam
3233 4635 3360 4693 inde
3407 4630 3734 4703 evangelica

2153 4738 2348 4810 gratia;
2369 4734 2589 4794 initium
2617 4731 2857 4789 ducitur.

2221 5001 2392 5058 Vnus.
2434 4999 2503 5054 50
2523 5040 2539 5064 ,
2568 4999 2657 5054 3|.
2685 5016 2704 5049 ι
2725 4997 2836 5069 Ego
2862 5011 2980 5052 sum
3008 5010 3112 5065 pan
3124 5010 3219 5065 per
3248 5001 3301 5049 et
3326 4993 3518 5049 dolens
3538 5034 3553 5058 ,
3585 4992 3735 5048 salus

2153 5105 2247 5151 tua
2267 5136 2281 5157 ,
2327 5093 2494 5157 Deus,
2518 5092 2764 5160 suscepit
2807 5106 2911 5145 me.
2938 5108 2955 5140 ι
2979 5087 3082 5154 Qui
3117 5087 3177 5141 in
3211 5085 3523 5157 Evangeliis
3550 5085 3688 5139 dixit
3715 5104 3730 5140 :

2157 5206 2176 5237 ι
2202 5184 2407 5241 Discite
2430 5198 2459 5236 a
2487 5197 2573 5237 me
2602 5182 2731 5251 quia
2788 5179 2937 5233 mitis
2963 5193 3084 5231 sum
3113 5182 3167 5230 et
3196 5175 3423 5228 [inutilis
3443 5172 3606 5227 corde
3627 5172 3727 5235 ",p

2152 5279 2205 5332 in
2243 5274 2498 5348 praesenti
2520 5289 2579 5329 se
2610 5287 2901 5343 pauperem
2934 5279 2988 5322 et
3016 5268 3296 5322 dolentem
3327 5265 3482 5320 dicit.
3519 5263 3730 5334 Pauer

2150 5380 2331 5428 autem
2361 5377 2483 5425 erat
2502 5407 2519 5431 ,
2549 5364 2815 5436 depositis
2855 5360 3043 5418 :eterni
3074 5359 3227 5430 regni
3256 5357 3483 5412 divitiis.
3533 5355 3735 5422 Quam-

2149 5465 2336 5519 obrem
2367 5461 2442 5515 ait
2460 5458 2665 5514 Paulus
2688 5476 2701 5512 :
2725 5477 2741 5506 ι
2764 5454 2925 5510 Jcsus
2944 5453 3207 5507 Christus
3224 5466 3348 5504 cum
3379 5449 3729 5519 divesesset.

2151 5562 2378 5627 propter
2405 5567 2508 5608 nos
2550 5552 2708 5619 inops
2738 5545 2966 5603 effectus
2994 5555 3116 5609 est,
3148 5551 3209 5597 ut
3253 5558 3356 5597 nos
3385 5541 3507 5611 ejus
3548 5540 3730 5611 inopia

2150 5648 2350 5703 divites
2372 5658 2623 5700 essemus
2645 5639 2711 5696 ".
2741 5660 2758 5692 ι
2785 5637 2892 5694 Sed
2913 5638 3077 5693 etiam
3103 5634 3339 5693 «.dolens
3357 5653 3377 5689 ι
3399 5633 3538 5702 fuit;
3560 5649 3629 5704 qu
3643 5648 3731 5689 stre

2701 5798 2741 5829 ⁸¹
2785 5793 2827 5851 ll
2866 5792 2992 5852 Cor.
3035 5808 3154 5860 vxtl,
3190 5791 3249 5849 9.
