4056 6378
392 329 500 388 '45)
1075 334 1346 392 EESEBll
1379 335 1866 395 CASSARIENSIS
1903 335 2057 396 OPP.
2089 336 2272 394 PARS
2308 335 2485 394 lll.—
2511 335 2928 395 EXEGETICA.
3552 340 3658 399 760

381 462 549 523 supra
581 450 796 508 dicebat
825 471 839 509 :
873 473 893 505 ι
923 452 988 509 Et
1016 471 1183 527 super
1208 456 1454 514 dolorem
1485 459 1776 515 vulnerum
1809 475 1919 517 mea

2024 498 2034 528 γ
2062 460 2283 529 γέγονε·
2317 457 2400 512 διὸ
2418 456 2607 526 ἔλεγεν
2635 456 2894 530 ἀνωτέρω
2915 474 2931 489 ·
2971 474 2992 509 ι
3012 456 3125 511 Καὶ
3152 456 3246 511 ἐπὶ
3274 456 3337 511 τὸ
3356 457 3520 527 ἄλγος
3542 458 3656 513 τιῖιν

375 559 500 600 run
526 545 878 605 addiderunt.
912 569 931 602 ι
959 550 1186 607 Dolebat
1211 554 1356 608 enim
1390 570 1491 625 pro
1524 556 1592 612 iis
1622 558 1713 627 qui
1746 557 1799 612 in
1832 574 1919 628 per

2063 550 2395 623 τραυμάτων
2428 567 2529 622 μου
2564 548 2936 621 προσέθηκαν.
2976 569 2997 603 ι
3034 549 3226 618 Ἧλγει
3273 550 3383 620 γὰρ
3421 550 3515 604 ἐπὶ
3539 553 3656 617 τοῖς

373 634 591 690 niciem-
626 637 813 703 ibant,
858 647 913 694 et
956 641 1266 712 patiebatur
1304 660 1493 699 eorum
1536 662 1705 702 causa
1747 651 1839 717 qui
1889 665 1918 701 a

373 724 602 748 ..-ΙηιΑμ
651 728 744 748 -Ι....
796 744 846 748 --
897 746 1021 748 -__,_
1087 741 1177 748 ,,._
1594 737 1606 748 ι
1752 745 1759 748 .
1833 737 1886 748 ιν.

2061 643 2475 715 ἀπολλυμένοις,
2502 642 2597 695 καὶ
2619 643 2721 695 ὑπε
2731 641 2970 714 ρέπασχε
2994 641 3102 695 τῶν
3127 643 3200 714 μὴ
3226 643 3561 715 προσιόντων
3583 646 3653 717 τῇ

372 724 604 780 salutem
647 728 747 782 abs
792 744 852 784 se
896 741 1243 798 procuratam
1288 749 1398 788 non
1444 737 1789 792 accederent.
1832 737 1919 793 ldc

2059 737 2127 790 δι’
2165 734 2331 791 αὐτοῦ
2375 732 2781 808 προξενουμένῃ
2813 734 3077 806 σωτηρία.
3127 734 3219 788 Διὸ
3244 733 3435 805 ὥσπερ
3466 735 3652 805 ἀλγῶν

373 834 477 874 seu
521 820 716 876 dolens
770 824 1080 878 clamabat:
1114 845 1133 877 ι
1165 824 1209 879 Ο
1238 830 1521 896 generatio
1572 830 1852 886 incredula
1901 848 1919 889 ε

2059 829 2189 883 ἐϐόα
2206 845 2220 859 ·
2256 845 2275 880 ι
2302 824 2372 881 Ὦ
2403 826 2567 896 γενεά
2593 825 2790 880 ἄπιστε
2823 827 2918 881 καὶ
2941 828 3370 901 διεστραμμένη,
3393 829 3499 894 ἐως
3518 830 3652 885 πότε

366 924 660 981 perversa,
703 928 990 985 quousque
1035 919 1320 974 vobiscum
1356 922 1497 976 ero?
1540 939 1829 994 quousque
1853 941 1919 981 vo

2060 920 2178 993 μεθ’
2233 920 2386 991 ὑμῶν
2431 919 2580 990 εἰμι;
2629 918 2733 982 ἐως
2780 918 2910 971 πότε
2972 918 3234 989 ἀνέχομαι
3272 919 3461 991 ὑμῶν;
3499 940 3518 973 ι
3555 922 3649 976 Διό

365 1005 548 1073 patiar
576 1005 664 1059 "'1’
693 1026 711 1058 ι
738 1005 866 1062 ldeo
894 1009 1060 1064 dicit:
1089 1029 1106 1061 ι
1133 1010 1244 1082 Ego
1274 1028 1394 1068 sum
1422 1029 1628 1085 pauper
1653 1026 1707 1071 et
1736 1017 1919 1075 dolens

2057 1032 2190 1087 φησι
2212 1029 2227 1045 ο
2269 1033 2289 1065 ι
2313 1011 2536 1084 Πτωχὸς
2565 1012 2661 1065 καὶ
2682 1010 2865 1080 ἀλγῶν
2897 1010 3008 1081 ἐγώ
3032 1013 3177 1083 εἰμι·
3204 1014 3238 1083 ἡ
3262 1014 3503 1085 σωτηρία
3526 1032 3644 1081 σου,

368 1096 518 1151 salus
548 1104 642 1152 tua
662 1138 677 1162 ,
708 1097 886 1163 Deus,
921 1103 1167 1172 suscepit
1198 1118 1305 1158 me.
1339 1123 1358 1156 ι
1388 1104 1484 1160 His
1519 1123 1686 1177 porro
1717 1110 1919 1166 salutem

2052 1106 2082 1158 6
2127 1105 2295 1171 Θεὸς,
2327 1103 2653 1159 ἀντελάϐετό
2684 1121 2807 1176 μου.
2834 1122 2852 1155 ι
2882 1103 3184 1158 Αἰνίττεται
3222 1103 3280 1157 δὲ
3319 1104 3410 1158 διὰ
3438 1106 3648 1162 τούτων

364 1187 681 1243 subindicat
704 1206 811 1260 qua
836 1201 960 1261 post
982 1203 1208 1249 mortem
1234 1194 1525 1255 donandus
1546 1208 1648 1255 est.
1666 1200 1800 1256 Nam
1822 1217 1919 1257 cun

2050 1200 2153 1272 τὴν
2192 1198 2332 1272 μετά
2362 1200 2453 1254 τὸν
2483 1199 2711 1254 θάνατον
2743 1198 2907 1255 αὐτοῦ
2940 1197 3236 1270 σωτηρίαν.
3293 1200 3358 1253 Εἰ
3387 1198 3496 1270 γὰρ
3528 1200 3647 1254 ἑνε-

364 1277 575 1346 pridem
624 1282 826 1339 inllxus
870 1284 926 1339 in
967 1285 1099 1340 limo
1152 1286 1448 1356 profundi,
1488 1293 1701 1347 venerit
1735 1295 1790 1348 in
1823 1295 1917 1349 alti

2050 1293 2200 1363 πάγη
2228 1294 2308 1357 είς
2342 1292 2475 1364 ὓλην
2503 1293 2666 1363 βυθοῦ
2691 1333 2706 1354 ,
2745 1287 3030 1363 καῖ’ἦλθεν
3056 1295 3134 1358 εἰς
3163 1291 3233 1345 τά
3262 1291 3400 1363 βάθη
3422 1294 3523 1364 τῆς
3545 1292 3642 1347 θα-

361 1373 611 1429 tudinem
648 1378 852 1441 maris,
890 1386 949 1432 ut
983 1379 1035 1432 in
1068 1380 1355 1450 prophetia
1386 1382 1601 1438 «licebat
1626 1425 1640 1448 ,
1669 1386 1783 1455 jam
1816 1403 1919 1443 veri

2046 1382 2253 1457 λάσσης
2271 1425 2285 1449 ,
2318 1384 2396 1449 ὡς
2423 1384 2510 1438 διά
2541 1385 2652 1438 τῶν
2679 1386 2779 1456 τῆς
2815 1384 3152 1457 προφητείας
3179 1384 3368 1456 ἐδήλου
3387 1423 3404 1448 ,
3439 1386 3557 1439 νυνὶ
3582 1385 3643 1441 δέ

362 1463 532 1528 dicit,
581 1485 599 1518 ‹
631 1467 794 1525 Salus
849 1481 976 1534 tua,
1010 1471 1153 1528 Dens
1179 1513 1194 1537 ,
1254 1478 1496 1546 suscepit
1549 1495 1674 1534 me:
1711 1499 1728 1531 ι
1758 1490 1919 1551 aperti

2047 1495 2239 1551 φησιν’
2276 1496 2295 1531 ι
2319 1479 2383 1532 Ἦ
2409 1479 2652 1550 σωτηρία
2684 1496 2802 1541 σου,
2827 1481 2856 1532 6
2882 1478 3015 1543 Θεὸς
3034 1518 3049 1540 ,
3095 1477 3420 1532 ἀντελάϐετό
3453 1497 3555 1550 μου
3575 1496 3588 1510 ·
3614 1501 3635 1531 ι

357 1558 604 1615 declarat
654 1577 752 1625 se,
804 1572 1093 1636 postquam
1142 1566 1197 1621 in
1248 1568 1591 1624 altitudinem
1639 1573 1808 1628 maris
1849 1590 1943 1630 ve-

355 1658 545 1714 nerat,
573 1660 860 1722 postquam
888 1664 1184 1711 memorata
1213 1660 1468 1728 superius
1496 1677 1695 1731 passus
1722 1664 1902 1720 fuerat
1921 1707 1937 1731 ,

354 1741 725 1810 patrocinium
772 1756 1131 1803 consecutum
1176 1765 1319 1806 esse.
1369 1750 1550 1818 Quare
1586 1756 1641 1808 in
1675 1756 1940 1813 vicesimo

2047 1569 2235 1640 σαφῶς
2285 1570 2613 1641 παρίστησιν
2662 1568 3002 1640 ἀντιλήψεως
3053 1569 3438 1640 τετυχηκέναι,
3498 1571 3640 1641 μετά

2042 1659 2104 1712 τὸ
2147 1659 2464 1733 ἐληλυθέναι
2502 1662 2583 1725 εἰς
2618 1660 2691 1714 τὰ
2731 1660 2866 1733 βάθη
2905 1660 3007 1731 τῆς
3045 1660 3357 1733 θαλάσσης,
3398 1662 3536 1733 μετά
3571 1661 3636 1716 τὸ

2043 1752 2368 1808 πεπονθέναι
2394 1752 2465 1807 τά
2490 1754 2876 1825 προλεχθέντα.
2904 1753 2996 1808 Διδ
3016 1755 3110 1808 καὶ
3136 1756 3194 1809 ἐν
3219 1761 3302 1809 κα¹
3321 1754 3520 1826 ψαλμῷ
3540 1753 3636 1809 τὸν

354 1828 532 1895 primo
574 1832 786 1901 psalmo
835 1834 1095 1905 hymnum
1127 1857 1145 1889 ι
1171 1854 1272 1908 pro
1320 1843 1676 1913 susceptione
1721 1848 1915 1903 matuti

2044 1861 2065 1894 ι
2090 1842 2231 1914 ὑπὲρ
2266 1844 2370 1914 τῆς
2392 1843 2735 1915 ἀντιλήψεως
2766 1845 2866 1916 τῆς
2892 1844 3123 1917 ἑωθινῆς
3144 1865 3163 1897 ›
3191 1845 3506 1918 ἀνέπεμπεν
3530 1847 3637 1918 ὓμ-

351 1936 420 1973 na
445 1922 521 1974 ³³»
542 1925 767 1979 emittit.
798 1926 999 1985 Deinde
1022 1946 1178 1991 vero,
1203 1940 1263 1985 ut
1284 1936 1646 2003 patrocinium
1670 1952 1928 1994 consecu-

351 2018 460 2075 tus,
489 2014 556 2068 ad
583 2018 914 2082 jucundiora
948 2037 1259 2079 sermonem
1293 2027 1564 2081 convertit
1594 2028 1814 2100 hymnis
1835 2030 1938 2085 Pa-

347 2111 487 2159 trem
515 2106 825 2173 celebrans,
856 2129 981 2164 eum
1008 2112 1085 2165 ait
1105 2156 1119 2175 ,
1138 2130 1155 2163 ι
1183 2116 1442 2171 Laudabo
1467 2133 1665 2173 nomen
1693 2119 1784 2174 Dei
1812 2136 1937 2175 cum

346 2196 584 2253 cantico.
619 2218 638 2249 ι
669 2198 805 2253 Cum
840 2202 1073 2257 tneloJia
1106 2213 1289 2261 autem
1321 2215 1375 2262 et
1401 2209 1622 2264 cantico
1652 2226 1938 2268 sermones

345 2286 618 2356 proferre,
656 2289 711 2343 id
778 2292 994 2361 signum
1042 2298 1228 2366 gaudii
1281 2305 1337 2353 et
1396 2299 1603 2356 lzetitite
1654 2311 1792 2358 erat.
1831 2303 1937 2361 Sed

332 2379 512 2433 etiam
541 2397 561 2430 ι
589 2381 949 2451 magnilicabo
979 2400 1126 2453 eum,
1169 2407 1189 2440 ι
1235 2388 1431 2460 inquit,
1470 2392 1684 2447 scilicet
1716 2393 1934 2451 Patrem

345 2487 527 2526 suum.
554 2469 657 2538 Qui
688 2474 1059 2544 magniﬁcabit
1083 2490 1271 2549 postea
1302 2482 1548 2551 subjicit,
1578 2503 1598 2535 ι
1633 2485 1687 2541 in
1716 2488 1928 2556 laude,»

343 2561 479 2625 sive,
506 2562 806 2617 secundum
843 2564 1115 2635 Aquilam,
1156 2587 1175 2621 ι
1217 2569 1273 2625 in
1301 2573 1605 2642 gratiarum
1630 2578 1868 2634 actione.
1908 2598 1928 2632 ›

343 2649 655 2708 Gratiarum
688 2671 820 2711 vero
851 2659 993 2715 actio
1018 2676 1121 2715 rem
1187 2670 1241 2719 et
1294 2664 1517 2721 laudem
1562 2684 1670 2738 qua
1710 2669 1930 2727 Patrem

332 2737 513 2797 Filius
567 2746 882 2816 magniﬁcat
936 2750 1232 2822 intelliges,
1291 2754 1337 2809 si
1391 2754 1532 2812 Novi
1582 2737 1933 2819 Testamenti

336 2836 617 2906 mysteriis
669 2840 912 2895 animum
941 2842 1232 2910 adhibens,
1277 2847 1371 2902 ubi
1405 2848 1651 2906 Ecclesia
1688 2852 1782 2909 Dei
1833 2870 1931 2926 per

335 2931 511 2981 totum
530 2929 717 2984 orbem
737 2932 805 2986 ad
838 2934 1139 3003 gratiarum
1168 2939 1434 3006 actiones,
1463 2941 1528 2995 ad
1547 2943 1931 3003 rationabilem

334 3025 389 3070 et
426 3017 547 3073 sine
570 3017 723 3075 fumo
763 3023 971 3077 cultum
1025 3024 1137 3081 Deo
1168 3028 1511 3085 oﬂ’erendum
1540 3033 1792 3091 instituta
1820 3045 1928 3096 est.

334 3104 484 3165 Laus
522 3109 712 3166 istlnec
751 3120 804 3168 et
855 3117 1159 3185 gratiarum
1212 3122 1357 3175 actio
1391 3128 1675 3195 corporeis
1705 3114 1926 3196 hostiis,

2040 1950 2149 1986 vov.
2177 1928 2290 1987 Εἶθ’
2315 1934 2391 1998 ὡς
2416 1933 2596 2006 τυχὼν
2624 1935 2961 2007 ἀντιλήψεως
2980 1976 2995 1999 ,
3032 1935 3352 2008 μεταϐάλλει
3384 1936 3512 2000 τοὺς
3544 1936 3635 1989 λό-

2038 2043 2169 2095 γους
2195 2025 2287 2079 ἐπὶ
2313 2026 2374 2079 τὸ
2404 2027 2772 2099 φαιδρότερον,
2809 2026 3013 2098 ὕμνους
3040 2027 3382 2099 ἀναπέμπων
3408 2028 3485 2099 τῷ
3506 2029 3637 2082 ἑαυ-

2037 2118 2132 2171 τοῦ
2170 2118 2376 2188 Πατρὶ,
2415 2120 2472 2170 ἐν
2516 2112 2598 2182 οἷς
2637 2135 2802 2191 φησιν
2829 2135 2844 2149 ο
2907 2138 2925 2170 ι
2949 2119 3158 2172 Αἰνέσω
3211 2120 3274 2173 τὸ
3319 2119 3489 2190 ὄνομα
3536 2120 3638 2174 τοῦ

2038 2208 2173 2262 Θεοῦ
2207 2211 2324 2280 μετ’
2351 2209 2513 2281 ᾠδῆς.
2530 2228 2547 2261 ι
2574 2209 2647 2262 Τὸ
2675 2210 2732 2263 δὲ
2760 2212 2899 2281 μετά
2932 2210 3125 2281 μέλους
3158 2210 3252 2264 καὶ
3276 2210 3417 2282 ᾠδῆς
3441 2212 3637 2281 λόγους

2038 2302 2446 2374 προσφέρεσθαι
2475 2302 2538 2356 σύ
2549 2302 2742 2373 μϐολον
2772 2299 2839 2374 ἦν
2862 2303 3131 2375 θυμηδίας
3153 2305 3250 2359 καὶ
3270 2304 3633 2378 εὐφροσύνης.

2051 2395 2211 2448 Ἀλλά
2243 2397 2335 2449 καὶ
2375 2415 2394 2447 ι
2435 2396 2722 2467 μεγαλυνῶ
2778 2396 2964 2461 αὑτὸν,
3003 2417 3020 2448 ι
3057 2398 3254 2469 φησίνο
3290 2398 3447 2471 δῆλον
3477 2400 3524 2453 δ’
3549 2401 3635 2454 ὅτι.

2033 2487 2127 2540 τὸν
2159 2486 2321 2542 αὐτοῦ
2366 2488 2612 2559 Πατέρα.
2664 2489 2791 2552 Πῶς
2841 2489 2897 2542 δὲ
2945 2490 3040 2543 καὶ
3093 2491 3258 2544 αὐτὸν
3315 2490 3629 2562 μεγαλυνεῖ,

2035 2576 2275 2647 ἐπιλέγει
2299 2578 2445 2650 ἑξῆς,
2500 2598 2519 2631 ι
2555 2581 2613 2632 ἐν
2652 2580 2910 2633 αἰνέσει·ι
2962 2580 2995 2652 ἢ
3057 2580 3199 2634 κατὰ
3231 2580 3322 2634 τὸν
3368 2580 3623 2648 Ἀκύλαν,

2040 2672 2127 2723 «ἐν
2160 2670 2537 2743 εὐχαριστίᾳ.»
2573 2672 2803 2743 Νοήσεις
2837 2673 3012 2742 δὲτὴν
3042 2672 3393 2745 εὐχαριστίαν
3413 2674 3510 2727 καὶ
3529 2673 3630 2745 τὴν

2034 2764 2239 2817 αῖνεσιν
2269 2763 2337 2816 δι’
2359 2760 2428 2836 ἧς
2449 2767 2478 2818 6
2504 2764 2632 2828 Υἱὸς
2663 2764 2954 2836 μεγαλύνει
3004 2765 3096 2819 τὸν
3126 2765 3365 2834 Πατέρα,
3401 2767 3630 2838 ἐπιστή-

2033 2870 2133 2917 σας
2163 2856 2273 2919 τοῖς
2314 2854 2633 2927 μυστηρίοις
2690 2856 2790 2926 τῆς
2850 2855 3059 2926 Καινῆς
3108 2856 3405 2929 Διαθήκης,
3455 2860 3513 2912 ἐν
3544 2853 3629 2924 οἷς

2031 2943 2154 2996 καθ’
2188 2942 2318 3014 ὅλης
2348 2944 2449 3015 τῆς
2477 2946 2806 3017 οἰκουμένης
2835 2949 2868 3016 ὴ
2911 2947 3209 3019 Ἐκκλησία
3228 2948 3322 3001 τοῦ
3347 2948 3482 3002 Θεοῦ
3526 2950 3627 3014 τὰς

2031 3034 2382 3106 εὐχαριστίας
2407 3036 2502 3089 καὶ
2533 3037 2633 3100 τὰς
2664 3025 2890 3105 λογικὰς
2923 3041 3018 3092 καὶ
3054 3041 3333 3105 ἀκάπνους
3364 3041 3626 3115 λατρείας

2031 3124 2322 3199 ἀναφέρειν
2355 3126 2435 3198 τῷ
2482 3127 2602 3201 Θεῴ
2652 3129 3008 3200 παρείληφεν.
3059 3131 3208 3203 Αὕτη
3246 3133 3304 3186 δέ
3357 3135 3625 3205 ήαῖνεσις

333 3215 457 3268 quae
509 3202 641 3255 olim
696 3206 1005 3261 secundum
1057 3210 1229 3281 legem
1284 3212 1489 3286 Moysis
1533 3218 1919 3290 oll'erebantur,

2030 3220 2124 3271 καὶ
2158 3221 2191 3290 ἠ
2220 3220 2543 3292 εὐχαριστία
2575 3220 2713 3274 πολὺ
2769 3223 3034 3293 κρείττων
3070 3225 3327 3296 τυγχάνει
3359 3225 3467 3280 τῶν
3517 3245 3625 3281 σω-

330 3291 507 3346 multo
536 3297 891 3362 prtestantior
935 3307 1041 3355 est.
1104 3301 1479 3369 Quamobrem
1530 3310 1721 3381 adjicit
1764 3334 1826 3370 ει
1858 3315 1919 3372 Et

2033 3311 2280 3381 ματικῶν
2299 3310 2523 3377 θυσιῶν,
2543 3313 2652 3365 τῶν
2675 3313 2819 3366 κατά
2844 3314 2937 3368 τὸν
2954 3315 3233 3380 Μωῦσέως
3257 3317 3422 3389 νόμον
3451 3319 3622 3372 πάλαι.

332 3383 577 3452 placebit
626 3384 859 3444 Domino
900 3407 1073 3463 super
1093 3395 1329 3451 vitulum
1379 3402 1679 3466 novellum,
1714 3421 1919 3464 cornua

2027 3403 2476 3475 προσαγομένων.
2521 3403 2614 3456 Διὸ
2638 3404 2902 3475 ἐπιλέγει·
2936 3425 2955 3458 ι
2982 3408 3093 3461 Καὶ
3127 3383 3415 3481 ἀρέσειττῷ
3429 3411 3622 3484 Κυρίῳ

327 3472 726 3541 producentem
758 3484 813 3532 et
848 3482 1105 3550 ungulas.
1138 3502 1157 3535 ι
1199 3483 1258 3538 Si
1294 3502 1534 3559 namque
1562 3493 1631 3548 de
1665 3494 1734 3551 iis
1749 3494 1919 3554 Judaei

2026 3472 2163 3565 ὑπὲρ
2203 3472 2402 3563 μόσχον
2436 3491 2579 3559 νέον,
2636 3472 2842 3566 κέρατα
2874 3472 3179 3568 ἐκφέροντα
3226 3500 3321 3552 καὶ
3352 3472 3548 3564 ὁπλάς.

326 3564 658 3633 gloriantur,
724 3572 905 3626 sciant
939 3575 1131 3644 utique
1184 3578 1344 3650 longe
1388 3585 1667 3641 meliorem
1704 3587 1919 3661 Deoqne

2024 3584 2088 3636 Εἰ
2121 3584 2230 3656 γάρ
2263 3584 2358 3638 ἐπὶ
2412 3584 2623 3651 τούτοις
2687 3564 3043 3658 σεμνύνονται
3090 3589 3358 3643 Ἰουδαίων
3407 3591 3616 3673 παῖδες,

328 3659 695 3727 acceptiorem
732 3678 909 3718 meam
952 3668 1255 3737 gratiarum
1305 3674 1580 3732 actionem
1610 3687 1665 3733 et
1703 3659 1919 3738 laudem

2024 3676 2281 3740 ἴστωσαν,
2313 3676 2396 3729 ὅτι
2422 3676 2556 3731 πολὺ
2596 3677 2819 3748 βελτίων
2852 3681 2946 3733 καὶ
2975 3679 3055 3750 τῷ
3099 3681 3220 3752 Θεῷ
3245 3684 3620 3757 προτιμοτέραν

327 3760 494 3815 supra
560 3754 880 3809 memoratis
941 3771 1084 3812 esse.
1162 3759 1531 3824 Quamobrem
1613 3772 1917 3827 secundum

327 3833 716 3907 Symmachum
754 3844 976 3913 dicitur,
1015 3866 1034 3900 ι
1063 3848 1131 3904 Ει
1185 3853 1423 3921 placebit
1461 3856 1697 3917 Domino
1718 3865 1913 3935 magis,

323 3945 490 3999 quam
514 3932 614 3989 bos
647 3943 862 4002 taurus,
907 3941 1143 4011 ungulas
1196 3944 1529 4021 dillindens,_
1566 3932 1855 4011 cornutus.
1889 3975 1909 4008 ι

322 4021 436 4077 Cur
461 4023 550 4080 hic
587 4029 821 4084 vitulum
881 4031 1049 4099 dicat,
1081 4052 1190 4091 non
1227 4038 1375 4095 aliud
1427 4045 1625 4100 animal
1655 4049 1709 4101 in
1742 4050 1915 4104 sacri-

322 4114 447 4169 ﬁcio
472 4115 657 4173 oll‘erri
686 4123 933 4187 solitum,
985 4142 1095 4181 non
1128 4129 1249 4185 sine
1290 4134 1542 4190 examine
1588 4141 1914 4207 prmtermit-

320 4208 569 4264 tendum.
630 4211 766 4267 Nam
832 4232 898 4271 ex
961 4219 1295 4278 animalibus
1361 4228 1667 4283 secundum
1739 4231 1909 4303 legem

319 4297 526 4371 Moysis
566 4304 843 4361 immolari
899 4309 1099 4377 jussis,
1161 4315 1268 4369 alia
1311 4331 1376 4372 ex
1434 4328 1687 4376 armento
1722 4323 1906 4388 boum,

320 4389 427 4443 alia
460 4406 525 4446 ex
568 4407 732 4464 grege
754 4397 937 4452 ovium
961 4402 1398 4466 adducebantur,
1429 4409 1537 4463 alia
1560 4426 1627 4465 ex
1673 4413 1909 4468 volatili-

318 4476 462 4547 bus;
497 4498 729 4552 quorum
762 4487 869 4540 alia
902 4493 1150 4557 masculi,
1182 4496 1289 4549 alia
1325 4496 1541 4553 femina:
1569 4509 1767 4570 erant;
1801 4504 1906 4558 alia

318 4582 625 4640 spontanea
646 4592 714 4632 ex
748 4580 999 4642 arbitrio,
1037 4585 1146 4640 alia
1198 4602 1263 4642 ex
1302 4589 1528 4660 debito;
1556 4594 1661 4647 alia
1690 4598 1906 4652 sacriﬁ-

315 4664 465 4733 cium
498 4669 778 4733 salutaris,
816 4672 921 4727 alia
975 4692 1072 4744 pro
1121 4690 1348 4747 peccato
1406 4686 1906 4754 vocabantur;alia

321 4771 424 4825 pro
453 4772 670 4815 summo
715 4765 1021 4830 sacerdote,
1057 4771 1163 4825 alia
1222 4788 1320 4842 pro
1374 4776 1634 4833 universo
1680 4783 1903 4851 populo,

317 4847 425 4900 alia
443 4862 543 4917 pro
564 4851 811 4923 principe
843 4870 1104 4926 peccante
1157 4862 1548 4923 oil‘erebantur.
1588 4847 1727 4926 Cum
1753 4847 1905 4929 nna-

316 4955 483 5008 gnum
514 4941 701 5012 itaque
735 4946 788 5001 in
821 4949 906 5005 his
930 4951 1225 5009 discrimen
1254 4968 1433 5022 esset,
1486 4976 1770 5033 nunquam
1818 4972 1905 5021 tau

316 5045 440 5087 men
475 5048 574 5103 pro
599 5034 845 5107 principe
864 5043 1109 5111 quolibet
1142 5047 1224 5100 vel
1260 5063 1358 5116 pro
1388 5052 1644 5122 quopiam
1687 5056 1902 5125 privato

310 5122 520 5181 vitulus
581 5128 930 5189 offerebatur.
987 5133 1206 5193 Vitulus
1272 5146 1550 5200 masculus
1602 5122 1899 5218 aliquando

308 5215 736 5290 immolabatur;
775 5226 1073 5297 aliquando
1103 5246 1253 5297 vero,
1286 5250 1409 5288 cum
1460 5243 1574 5292 tota
1621 5215 1898 5312 synagoga

305 5306 363 5363 in
391 5322 680 5379 peccatum
737 5318 893 5388 lapsa
945 5329 1113 5386 esset,
1180 5326 1458 5395 sacerdos,
1509 5330 1604 5399 qui
1656 5332 1897 5389 universi

2018 3770 2052 3839 ή
2077 3769 2184 3840 ἐμὴ
2211 3769 2535 3840 εὐχαριστία
2568 3772 2663 3825 καὶ
2707 3774 2740 3842 ἡ
2772 3772 2878 3844 ἐμὴ
2903 3774 3112 3838 αἴνεσις
3154 3775 3265 3830 τῶν
3290 3777 3619 3849 προλεχθέν-

2017 3877 2148 3918 των.
2179 3861 2271 3914 Διὸ
2296 3861 2439 3916 κατά
2478 3862 2572 3917 τὸν
2612 3863 2910 3936 Σύμμαχον
2943 3866 3181 3939 εἴρηταν
3223 3888 3241 3920 ι
3276 3871 3388 3924 Καὶ
3424 3871 3614 3943 ἀρέσει

2016 3950 2094 4023 τῷ
2124 3952 2316 4025 Κυρίῳ
2369 3954 2634 4027 μᾶλλονῆ
2693 3956 2819 4026 βοῦς
2867 3956 3069 4029 ταῦρος
3131 3960 3388 4031 διχηλῶν,
3447 3964 3613 4036 κερά-

2020 4061 2204 4116 στης.»
2238 4047 2340 4101 Διά
2365 4048 2497 4101 τίδὲ
2523 4047 2761 4103 ἐνταῦθα
2787 4050 2989 4122 μόσχου
3025 4053 3353 4123 μνημονεύει
3382 4056 3477 4109 καὶ
3509 4056 3610 4128 οὐχ

2014 4141 2203 4212 ἐτέρου
2236 4141 2380 4206 τινὸς
2411 4142 2522 4197 τῶν
2554 4146 2961 4218 προσφέρεσθαι
2988 4147 3257 4202 εἰωθότων
3309 4150 3391 4213 εἰς
3419 4149 3611 4204 θυσίαν

2013 4228 2189 4297 ζώων,
2217 4231 2366 4298 ἄξιον
2403 4234 2478 4304 μὴ
2545 4235 2923 4300 ἀϐασανίστως
2986 4236 3297 4308 παρελθεῖν.
3337 4237 3459 4291 Τῶν
3500 4237 3610 4309 γὰρ

2014 4322 2155 4375 κατά
2200 4323 2290 4377 τὸν
2334 4325 2614 4389 Μωῦσέως
2637 4328 2801 4397 νόμον
2849 4326 3072 4381 Θύεσθαι
3120 4328 3610 4399 προσταττομένων

2013 4412 2166 4478 ζώων
2201 4414 2271 4467 τὰ
2307 4417 2405 4486 μὲν
2437 4415 2498 4480 ἐξ
2544 4417 2749 4489 ἀγέλης
2784 4418 2923 4489 βοῶν
2980 4422 3310 4492 προσήγετο,
3350 4420 3418 4474 τά
3443 4420 3501 4473 δὲ
3541 4422 3608 4474 ἐκ

2015 4507 2324 4578 προϐάτων,
2354 4508 2421 4562 τά
2459 4509 2517 4562 δέ
2553 4510 2662 4564 ἀπὸ
2699 4512 2984 4565 πετεινῶν·
3023 4513 3117 4566 καὶ
3139 4513 3207 4567 τὰ
3246 4514 3345 4584 μὲν
3377 4515 3604 4586 ἄρρενα,

2013 4599 2081 4651 τά
2108 4600 2165 4652 δὲ
2195 4599 2379 4672 θήλεα·
2416 4602 2512 4655 καὶ
2550 4602 2620 4655 τά
2650 4602 2748 4673 μὲν
2790 4604 3016 4659 ἑκούσια
3066 4606 3211 4660 κατά
3260 4607 3602 4678 προαίρεσιν,

2012 4690 2082 4744 τὰ
2114 4692 2170 4745 δὲ
2205 4694 2347 4748 κατὰ
2379 4695 2620 4768 ὀφειλὴν·
2664 4698 2756 4751 καὶ
2811 4698 2882 4751 τά
2930 4699 3032 4770 μὲν
3082 4699 3397 4771 ὠνομάζετο
3441 4699 3605 4755 θυσία

2014 4788 2305 4858 σωτηρίου,
2331 4788 2400 4842 τά
2428 4789 2485 4842 δὲ
2525 4790 2664 4862 ὑπὲρ
2721 4793 3017 4863 ἁμαρτίαςο
3067 4794 3161 4847 καὶ
3206 4795 3276 4848 τά
3335 4794 3434 4866 μὲν
3462 4795 3604 4864 ὑπὲρ

2010 4877 2105 4931 τοῦ
2141 4879 2441 4954 ἀρχιερέως
2471 4882 2865 4956 προσεφέρετο,
2915 4887 2983 4938 τά
3015 4885 3072 4939 δὲ
3111 4887 3252 4959 ὑπὲρ
3282 4887 3482 4951 παντὸς
3505 4885 3602 4941 τοῦ

2009 4969 2162 5034 λαοῦ,
2193 4971 2262 5025 τὰ
2290 4972 2347 5025 δέ
2377 4974 2519 5045 ὑπὲρ
2545 4974 2805 5045 ἄρχοντος
2843 4977 3244 5049 ἡμαρτηκότος.
3300 4979 3510 5051 Πολλῆς
3542 4980 3602 5034 δέ

2006 5061 2173 5134 οὔσης
2218 5067 2275 5118 ἐν
2314 5066 2524 5131 τούτοις
2575 5068 2859 5139 διαφορᾶς,
2889 5069 3011 5122 οὐδὲ
3050 5069 3269 5125 πώποτε
3322 5072 3463 5144 ὑπὲρ
3501 5071 3599 5126 τοῦ

2004 5154 2259 5225 τυχόντος
2282 5159 2563 5230 ἄρχοντος,
2599 5157 2707 5212 οὐδ’
2740 5160 2881 5232 ὑπὲρ
2918 5159 3125 5214 ἰδιώτου
3184 5163 3376 5235 ἀνδρὸς
3400 5165 3601 5235 μόσχος

2004 5249 2318 5321 ἀνεφέρετο.
2355 5251 2494 5305 Ποτὲ
2521 5250 2578 5304 δὲ
2607 5253 2636 5304 6
2666 5251 2865 5322 μόσχος
2889 5254 2918 5305 ό
2946 5253 3123 5325 ἄρρην
3148 5255 3354 5321 ἐθύετο,
3407 5256 3597 5311 ἄλλοτε

2003 5342 2204 5413 πᾶσαὴ
2240 5343 2532 5414 συναγωγὴ
2567 5343 2815 5413 ἁμαρτίᾳ
2864 5346 3300 5416 περιπεπτώκει,
3332 5348 3474 5420 ὑπὲρ
3523 5343 3595 5423 ἧς

302 5403 491 5473 populi
533 5421 633 5462 seu
663 5418 829 5480 caput
855 5422 993 5477 erat,
1042 5422 1102 5469 ut
1145 5419 1355 5485 peccati
1387 5435 1618 5478 consors
1663 5424 1894 5482 vitulum

312 5489 491 5511 ,αι-,λ
552 5505 563 5511 ι
622 5497 669 5511 ιο
1007 5507 1019 5511 -
1104 5505 1127 5511 -
1222 5509 1230 5511 -
1264 5509 1273 5511 ⁸
1424 5510 1427 5511 ⁷

2024 5433 2093 5485 παὶ
2127 5435 2287 5499 αὐτὸς
2319 5438 2347 5490 ὁ
2401 5437 2579 5507 ἱερεὺς
2630 5436 2822 5509 ὥσπερ
2883 5439 3094 5511 κεφαλὴ
3142 5439 3218 5493 ὢν
3266 5440 3358 5495 τοῦ
3391 5440 3594 5504 παντὸς

305 5489 589 5553 offerebat.
621 5497 749 5556 llaec
790 5518 957 5574 porro
1007 5507 1059 5559 in
1104 5505 1348 5563 Levitico
1400 5510 1799 5582 deprehendas,
1838 5519 1892 5576 in

2024 5524 2127 5578 ναοῦ
2159 5489 2576 5601 τῆς-’ἁμαρτίας
2620 5489 2876 5596 κοινωνὸς
2931 5489 3025 5591 τίον
3067 5489 3266 5603 μόσχον
3319 5535 3588 5607 προσῆγε.

303 5599 413 5656 quo
439 5588 735 5647 scribitur:
775 5611 795 5646 ι
832 5594 901 5649 Et
921 5596 1135 5655 locutus
1161 5612 1244 5656 est
1261 5600 1526 5659 Dominus
1544 5606 1611 5660 ad
1644 5605 1885 5681 Moyscm

2024 5615 2262 5672 Γαῦταδὲ
2310 5621 2370 5673 ἐν
2400 5622 2673 5693 Λευιτικῷ
2727 5623 2909 5695 εὕροις
2968 5624 3035 5678 ἂν
3062 5627 3387 5699 ἐπιστήσας,
3450 5617 3589 5697 ἐνῷ

384 5774 427 5807 ⁴²
472 5774 657 5830 Matth.
703 5793 837 5845 χιιι,
885 5779 970 5837 16.
1046 5781 1092 5814 ³³
1130 5781 1277 5841 Psal.
1325 5804 1438 5857 tm,
1482 5791 1532 5847 l.
