4056 6374
358 405 454 463 761

1483 391 1984 452 COMMENTARIA
2021 390 2086 447 IN
2122 390 2463 447 PSALMOS.

3504 384 3616 443 762

356 515 688 589 γέγραπται·
719 533 739 566 ι
775 514 884 568 Καὶ
911 512 1139 585 ὲλάλησε
1161 509 1369 584 Κύριος
1401 511 1540 583 πρὸς
1577 509 1819 579 Μωῦσῆν
1844 507 1933 561 λέ-

2040 506 2257 563 dicens:
2278 506 2528 578 Loquere
2560 504 2625 561 ad
2644 503 2785 560 ﬁlios
2812 500 3001 568 Israel,
3025 501 3218 559 dicens
3239 518 3255 556 :
3279 497 3336 555 Si
3357 514 3615 557 summus

356 625 489 679 γωνο
533 607 778 678 Δάλησον
806 606 942 678 πρὸς
970 606 1096 669 τοὺς
1126 605 1276 668 υἱοὺς
1316 602 1533 675 Ἰσραὴλ
1557 602 1749 670 λέγων’
1805 600 1933 653 Ἐὰν

354 701 384 751 6
413 699 699 771 ἀρχιερεὺς
730 698 759 750 ό
785 696 1143 768 κεχρισμένος
1181 695 1404 768 ἁμάρτῃ
1465 694 1561 747 τοῦ
1599 692 1728 747 λαὸν
1758 693 1936 765 ἀμαρ-

355 791 487 852 τεῖν,
523 789 619 842 καί
648 787 910 858 προσάξει
965 788 1095 859 περὶ
1152 788 1251 858 τῆς
1308 786 1585 859 ἁμαρτίας
1649 784 1811 839 αὑτοῦ
1867 779 1934 856 ἦς

354 881 588 950 ἥμαρτε,
629 878 827 949 μόσχον
854 879 918 930 ὲκ
971 876 1112 947 βοῶν
1167 876 1396 948 ἄμωμον
1426 874 1506 947 τῷ
1560 875 1802 947 Κυρίῳοι
1841 878 1936 931 καὶ

355 972 501 1041 έξῆς⁶
545 990 563 1022 ι
603 971 726 1024 Ἐἀν
767 970 824 1024 δὲ
858 971 1007 1023 πᾶσα
1058 969 1348 1041 συναγωγὴ
1391 969 1608 1042 Ἰσραὴλ
1670 969 1932 1042 ἀγνοήσῃν

355 1062 448 1117 καὶ
484 1061 621 1135 λάθῃ
648 1063 800 1134 ῥῆμα
851 1061 910 1127 ἐξ
964 1062 1256 1134 ὀφθαλμῶν
1311 1062 1410 1133 τῆς
1448 1063 1789 1133 συναγωγῆς
1842 1063 1935 1117 καὶ

355 1157 620 1227 ποιήσωσι
658 1156 787 1225 μίαν
812 1153 919 1208 ἀπὸ
944 1153 1134 1208 πασῶν
1169 1153 1277 1207 τῶν
1308 1153 1538 1208 ὲντολῶν
1576 1155 1669 1208 τοῦ
1708 1154 1932 1226 Κυρίου,

353 1247 387 1319 ἢ
421 1248 481 1300 οὐ
520 1245 895 1318 ποιηθήσεται.
927 1244 1022 1299 καὶ
1056 1243 1438 1315 πλημμελῶσι,
1474 1246 1569 1298 καί
1596 1245 1810 1315 γνωσθῇ
1838 1246 1937 1297 αὑ-

353 1341 465 1402 τοῖς
497 1337 798 1409 ήάμαρτία
828 1336 896 1407 ἣν
932 1337 1178 1407 ἥμαρτον
1211 1338 1268 1389 ὲν
1291 1337 1450 1408 αὐτῇ·
1489 1336 1582 1390 καὶ
1613 1336 1876 1407 προσάξει
1901 1337 1934 1408 ή

356 1430 643 1502 συναγωγὴ
680 1430 877 1501 μόσχον
902 1430 966 1483 ἐκ
997 1430 1135 1502 βοῶν
1168 1430 1418 1503 περὶτῆς
1444 1431 1738 1502 ἁμαρτίας.
1782 1450 1800 1482 ι
1827 1430 1937 1484 Καὶ

356 1520 496 1591 μετά
544 1520 718 1574 ταῦτα
746 1521 779 1591 ἡ
811 1520 1021 1592 ἱστορία
1052 1520 1263 1590 εἰσάγει
1320 1521 1460 1593 ὑπὲρ
1486 1521 1580 1575 τοῦ
1638 1522 1936 1594 ἀρχιερέως

352 1610 545 1665 θυσίαν
595 1611 815 1684 μόσχον,
869 1613 928 1667 ὲν
976 1607 1058 1676 οἷς
1105 1611 1343 1685 εἴρηται·
1412 1631 1433 1665 ι
1470 1614 1578 1667 Καὶ
1616 1614 1934 1686 προσήγαγε

350 1702 594 1773 Μωῦσῆς
623 1702 713 1757 τὸν
741 1702 938 1774 μόσχον
965 1703 1056 1756 τὸν
1073 1705 1201 1774 περί
1237 1704 1338 1774 τῆς
1363 1705 1655 1776 ἁμαρτίας,
1684 1705 1778 1760 καὶ
1807 1705 1935 1759 ἐπέ-

350 1793 521 1866 θηκεν
578 1793 786 1866 Ἀαρὼν
815 1796 908 1849 καὶ
930 1797 979 1849 οἰ
1010 1796 1116 1849 υἱοὶ
1144 1796 1311 1850 αὐτοῦ
1339 1795 1444 1860 τὰς
1486 1799 1677 1869 χεῖρας
1718 1798 1811 1851 ἐπὶ
1836 1797 1936 1867 τὴν

345 1884 592 1955 κεφαλὴν
623 1884 716 1938 τοῦ
744 1885 945 1957 μόσχου
970 1886 1064 1939 τοῦ
1092 1886 1191 1956 τῆς
1222 1887 1519 1961 ἁμαρτίας,
1578 1888 1671 1943 καὶ
1704 1888 1936 1959 ἔσφαξεν
1969 1870 2011 1928 Β

347 1976 566 2029 αὐτόν.»
615 1977 777 2049 Ὁρᾷς
810 1978 902 2031 ἐπὶ
940 1977 1115 2041 ποίοις
1144 1979 1172 2031 ό
1209 1979 1407 2050 μόσχος
1445 1980 1816 2052 προσεφέρετο
1843 1980 1936 2032 ὲπί

344 2065 502 2139 πάσῃ
527 2070 594 2138 τῇ
625 2070 913 2139 συναγωγῇ
955 2067 1170 2140 Ἰσραὴλ
1219 2069 1560 2143 ἁμαρτούσῃ,
1592 2071 1685 2124 καὶ
1712 2072 1803 2125 ἐπὶ
1833 2072 1935 2144 ἀρ-

340 2159 526 2226 χιερεῖ
575 2157 916 2228 ἡμαρτηκότι
942 2175 956 2189 ο
1006 2158 1103 2213 καὶ
1154 2159 1252 2231 ούχ
1304 2160 1492 2226 ἁπλῶς
1555 2163 1934 2234 ἡμαρτηκότι,

340 2247 486 2302 ἀλλὰ
516 2248 613 2302 καὶ
670 2247 748 2319 τῷ
780 2248 895 2321 λαῷ
926 2250 1082 2322 αἰτίῳ
1114 2250 1392 2323 γενομένῳ
1448 2253 1746 2325 ἁμαρτίας
1790 2254 1937 2324 λέγει

341 2338 481 2411 γάρ·
516 2358 535 2391 ι
559 2339 683 2393 Ἐὰν
709 2342 739 2396 6
783 2342 1073 2414 ἀρχιερεὺς
1099 2343 1128 2395 6
1172 2343 1531 2414 κεχρισμένος
1571 2344 1795 2417 ἁμάρτῃ
1840 2344 1936 2399 τοῦ

346 2432 444 2484 τὸν
474 2430 600 2485 λαὸν
627 2433 919 2505 ἁμαρτεῖν·
938 2453 957 2485 ι
990 2434 1106 2488 ἀνθ’
1139 2430 1200 2489 οὗ
1228 2435 1256 2486 6
1303 2434 1532 2500 Ἀκύλας
1570 2438 1934 2509 ἡρμήνευσεψ

354 2542 375 2575 ι
414 2524 510 2587 Εἰς
539 2525 925 2597 πλημμέλησιν
961 2525 1057 2579 τοῦ
1091 2525 1280 2580 λαοῦ.)
1322 2528 1478 2582 Ἐπεὶ
1506 2529 1685 2582 τοίνυν
1715 2528 1857 2583 κατὰ
1879 2530 1938 2583 τὺ

353 2615 622 2685 σωτήριον
656 2615 828 2680 πάθος
872 2615 920 2669 οί
981 2616 1262 2688 ἀρχιερεῖς
1300 2618 1398 2670 καὶ
1446 2619 1496 2671 οἰ
1540 2617 1802 2689 ἄρχοντες
1841 2618 1935 2673 τοῦ

364 2700 631 2754 Ἰουδαίων
669 2701 854 2765 ἔθνους
887 2704 1230 2774 συνήχθησαν
1288 2705 1381 2758 ἐπὶ
1425 2706 1487 2759 τὸ
1512 2706 1644 2760 αὐτὸ
1673 2706 1817 2762 κατὰ
1842 2707 1937 2762 τοῦ

350 2794 560 2864 Κυρίου
589 2794 681 2846 καὶ
713 2793 857 2847 κατά
900 2795 997 2847 τοῦ
1048 2798 1287 2869 Χριστοῦ
1322 2799 1510 2863 αὑτοῦ,
1555 2799 1634 2871 τῷ
1679 2818 1739 2854 τε
1777 2803 1940 2855 παντὶ

350 2877 460 2951 λαῷ
502 2881 829 2954 διαστροφῆς
860 2884 1016 2937 αὐτοὶ
1070 2886 1359 2954 γεγόνασιν
1397 2886 1581 2941 αίτιοι·
1633 2890 1939 2962 γέγραπται

349 2971 479 3043 γάρ·
518 2990 536 3023 ι
570 2974 680 3027 Καὶ
711 2975 759 3026 οί
794 2975 1070 3047 ἀρχιερεῖς
1109 2977 1205 3030 καὶ
1257 2978 1318 3031 τὸ
1348 2980 1622 3051 συνέδριον
1671 2981 1791 3035 ὅλον
1817 2982 1941 3055 ἐζή-

347 3080 477 3119 τουν
504 3066 977 3140 ψευδομαρτυρίαν
1005 3072 1145 3125 κατὰ
1166 3071 1261 3127 τοῦ
1304 3072 1499 3143 Ἰησοῦ,
1521 3074 1668 3138 ὅπως
1694 3073 1942 3129 θανωτώ-

350 3177 521 3215 σωσιν
544 3161 888 3241 αὐτόνημκαὶ
910 3161 1071 3217 πάλιν
1100 3163 1251 3235 ἑξῆςο
1282 3183 1300 3216 ι
1325 3167 1387 3219 Οἱ
1441 3165 1499 3219 δὲ
1532 3166 1811 3239 ἀρχιερεῖς
1844 3167 1938 3222 καὶ

347 3253 399 3307 ot
427 3252 790 3325 πρεσϐύτεροι
818 3252 1043 3308 ἔπεισαν
1066 3255 1194 3318 τοὺς
1219 3254 1410 3325 ὄχλους
1431 3256 1519 3310 ῖνα
1550 3258 1817 3329 αἰτήσωσι
1846 3259 1936 3312 τὸν

348 3343 667 3417 Βαραϐϐᾶν,
704 3345 795 3399 τὸν
818 3345 876 3398 δὲ
916 3345 1124 3418 Ἰησοῦν
1157 3347 1553 3402 ἀπολέσωσινοι
1583 3349 1756 3421 Χρεία
1780 3349 1839 3402 δὲ
1866 3345 1936 3421 ἦν

349 3438 674 3511 καθάρσεως
701 3442 815 3504 τοῖς
846 3438 1018 3494 ταῦτα
1066 3440 1447 3513 τετολμηκόσι,
1480 3444 1573 3496 καί
1617 3443 1807 3508 θυσίας
1838 3445 1939 3498 οὐκ

348 3531 539 3604 ἄλλης,
566 3532 601 3604 ἢ
626 3532 727 3603 τῆς
747 3532 837 3586 διὰ
864 3530 958 3586 τοῦ
994 3531 1216 3603 μόσχου,
1274 3533 1351 3597 ὡς
1391 3535 1814 3607 μεμαρτύρηται
1849 3534 1940 3589 διὰ

346 3625 454 3697 τῆς
476 3624 837 3696 προτεθείσης
860 3624 1369 3697 Γραφῆςοείκότως,
1393 3626 1508 3681 Οὐκ
1522 3626 1780 3698 αἰσθητὸν
1803 3625 1937 3696 ἐγὼ,

349 3717 511 3791 φησί,
548 3717 749 3789 μόσχον
785 3717 1100 3790 προσφέρω,
1128 3715 1218 3771 διὰ
1242 3717 1355 3772 τῶν
1383 3718 1758 3790 προκειμένων
1779 3718 1808 3771 6
1827 3718 1940 3772 Σω-

346 3811 457 3883 τὴρ
488 3808 669 3881 ἡμῶν,
707 3807 845 3863 ἀλλά
876 3807 977 3881 τὴν
1032 3807 1281 3880 καθαρὰν
1303 3809 1400 3863 καὶ
1444 3811 1677 3880 ἄναιμον
1724 3808 1937 3873 θυσίαν,

346 3902 419 3973 ἢν
450 3899 612 3962 αὐτὸς
637 3897 749 3968 ἐγὼ
774 3898 1190 3970 συνεστησάμην
1244 3899 1303 3952 ὲν
1326 3900 1392 3970 τῇ
1436 3897 1673 3969 ἐμαυτοῦ
1713 3898 1938 3969 Ἐκκλη·

349 3993 445 4064 σίᾳ
467 3991 555 4045 διὰ
587 3990 687 4062 τῆς
719 3989 952 4061 ἀναίμου
978 3989 1072 4043 καὶ
1094 3988 1307 4060 ἀπύρου
1341 3989 1705 4062 λειτουργίας,
1740 3990 1840 4060 τῆς
1871 3990 1939 4043 δι’

346 4084 633 4149 αἰνέσεως·
667 4084 790 4155 ἥτις
842 4083 1029 4157 ἀρέσει
1080 4081 1158 4154 τῷ
1217 4081 1338 4155 Θεῷ
1386 4082 1585 4155 μᾶλλον
1635 4083 1736 4154 ἢὸ
1788 4080 1942 4154 παρὰ

346 4181 580 4237 Μωῦσεῖ
609 4176 932 4249 νενομοθετη
942 4179 1100 4249 μένος
1125 4176 1342 4249 μόσχος.
1377 4175 1467 4231 Διὸ
1488 4175 1762 4230 λέλεκται’
1783 4194 1802 4227 ι
1825 4177 1942 4232 Μεσ-

347 4270 574 4343 γαλυνῶ
603 4270 768 4327 αὐτὸν
795 4273 853 4324 ὲν
882 4270 1102 4324 αἰνέσει.
1133 4269 1244 4324 Καὶ
1273 4269 1460 4342 ἀρέσει
1491 4269 1570 4340 τῷ
1594 4267 1766 4340 Θεῷ,›
1794 4271 1828 4341 ή
1860 4270 1945 4324 αῖ-

246 4422 251 4427 ,
349 4382 503 4428 νεσις
524 4363 749 4435 δηλαδὴ.
778 4381 797 4415 ι
824 4363 966 4435 ὑπὲρ
989 4361 1193 4434 μόσχον
1217 4362 1360 4427 νέον,
1389 4362 1600 4435 κέρατα
1631 4362 1942 4433 ἐκφέροντα

347 4460 449 4515 καὶ
475 4455 668 4520 όπλάς.
697 4476 717 4509 ι
756 4456 985 4527 Ἔτυχον
1012 4454 1057 4508 δ’
1086 4455 1154 4510 ἂν
1185 4455 1436 4526 ἀφέσεως
1483 4455 1580 4509 καὶ
1624 4454 1943 4526 καθάρσεως

2034 602 2294 659 sacerdos
2315 601 2409 673 qui
2434 606 2636 655 unctus
2664 606 2748 655 est
2777 596 3102 669 peccaverit,
3151 602 3216 650 ut
3267 608 3498 666 peccare
3527 592 3608 648 ta-

2034 694 2144 749 ciat
2164 694 2443 764 populum,
2475 691 2663 748 offeret
2696 707 2797 763 pro
2843 697 3066 761 peccato
3122 703 3222 745 suo
3259 703 3368 759 quo
3412 701 3613 758 pecca-

2033 787 2133 849 vit,
2167 786 2396 841 vitulum
2428 801 2492 840 ex
2518 784 2695 840 bobus
2747 783 3157 837 immaculatum
3203 779 3436 836 Domino
3467 779 3545 848 ’λς
3584 796 3611 832 ι

2035 890 2100 932 ac
2130 875 2329 931 deinde
2359 890 2373 927 :
2414 893 2431 926 ι
2460 873 2616 941 Quod
2660 874 2706 930 si
2745 873 2926 928 omnis
2963 885 3238 943 synagoga
3265 868 3432 925 Israel
3464 870 3614 939 igno-

2036 968 2257 1033 raverit,
2307 974 2362 1022 et
2403 966 2625 1022 latuerit
2667 966 2894 1021 verbum
2943 979 3010 1019 ex
3057 963 3232 1019 oculis
3284 976 3610 1035 synagogas:

2035 1069 2130 1115 aut
2165 1058 2356 1115 fecerit
2379 1073 2545 1112 ttnutn
2601 1073 2669 1112 ex
2705 1055 2966 1113 omnibus
3011 1056 3301 1126 praeceptis
3360 1052 3622 1118 Domini;

2036 1159 2130 1207 aut
2163 1167 2273 1207 non
2305 1149 2515 1214 fecerit,
2551 1157 2607 1205 et
2632 1148 2924 1220 deliquerit
2960 1155 3014 1204 et
3069 1146 3387 1219 cognoverit
3418 1160 3550 1216 pecc
3563 1162 3611 1199 ac

2034 1252 2151 1300 tum
2178 1259 2338 1301 suum
2369 1259 2479 1313 quo
2521 1241 2801 1313 peccavit;
2830 1239 3023 1296 otl'eret
3075 1254 3352 1312 synagoga
3378 1238 3621 1293 vitulum

2035 1354 2099 1392 ex
2128 1338 2303 1393 bobus
2335 1352 2436 1408 pro
2458 1343 2684 1406 peccato
2712 1334 2779 1389 ³³.
2814 1353 2833 1386 ι
2871 1333 2984 1394 Sub
3008 1332 3124 1389 haec
3155 1339 3337 1387 autem
3386 1346 3486 1401 pro
3536 1345 3625 1386 sa-

2034 1428 2252 1484 cerdote
2275 1428 2555 1482 inducitur
2608 1427 2663 1481 in
2722 1425 3054 1482 sacrificium
3108 1423 3338 1489 vitulus,
3370 1437 3497 1478 nam
3527 1421 3612 1476 di-

2035 1519 2177 1574 citur
2204 1533 2217 1569 :
2248 1538 2267 1570 ι
2292 1516 2359 1572 Ει
2386 1518 2585 1573 obtulit
2606 1515 2823 1588 Moyses
2858 1514 3092 1569 vitulum
3120 1528 3223 1584 pro
3270 1518 3497 1584 peccato
3521 1526 3536 1563 :
3561 1518 3617 1564 et

2036 1609 2296 1680 imposuit
2316 1610 2497 1662 Aaron
2515 1616 2570 1663 et
2614 1607 2708 1661 lilii
2751 1607 2873 1678 ejus
2899 1620 3096 1660 manus
3123 1619 3294 1675 super
3349 1611 3514 1673 caput
3534 1603 3618 1657 vi-

2035 1702 2134 1756 tuli
2168 1718 2267 1772 pro
2292 1708 2541 1773 peccato,
2571 1707 2627 1755 et
2649 1699 2954 1755 immolavit
3000 1712 3125 1753 eum
3147 1698 3217 1749 ⁸⁸.
3249 1715 3269 1749 ι
3304 1695 3469 1751 Vides
3494 1694 3621 1765 qui-

2037 1797 2141 1851 bus
2160 1796 2228 1851 de
2251 1794 2436 1851 causis
2457 1794 2665 1849 vitulus
2696 1790 2992 1848 offerretur
3030 1805 3131 1861 pro
3154 1790 3413 1845 universa
3446 1802 3618 1858 syna-

2038 1902 2173 1959 goga
2204 1884 2428 1942 lsraelis
2472 1891 2762 1956 peccante,
2811 1893 2864 1939 et
2907 1898 3008 1954 pro
3065 1896 3282 1938 summo
3333 1880 3620 1936 sacerdote

2037 1987 2336 2050 peccante;
2360 1993 2461 2033 uec
2493 1978 2656 2032 modo
2678 1982 2963 2047 peccante,
3019 1974 3115 2031 sed
3159 1975 3326 2029 etiam
3357 1972 3619 2042 populunt

2038 2070 2093 2126 in
2123 2077 2410 2143 peccatum
2452 2069 2781 2135 inducente;
2816 2068 2951 2122 dicit
3002 2067 3182 2122 enim:
3220 2083 3239 2117 ι
3278 2064 3338 2120 Si
3368 2081 3620 2122 summus

2036 2162 2319 2228 sacerdos,
2345 2163 2437 2233 qui
2461 2169 2662 2217 unctus
2682 2169 2787 2224 est,
2823 2160 3151 2231 peccaverit,
3197 2167 3256 2215 ut
3284 2173 3509 2230 peccare
3541 2158 3623 2210 fa-

2036 2255 2493 2328 ciatpopulum.»
2527 2253 2637 2310 Pro
2660 2269 2772 2325 quo
2827 2253 3024 2324 Aquila
3086 2252 3168 2307 sic
3226 2250 3623 2322 interpretatus

2035 2355 2160 2403 est:
2199 2364 2217 2397 ι
2255 2345 2315 2401 in
2366 2345 2627 2401 delictum
2677 2344 2886 2415 populi.
2921 2362 2940 2395 ι
2999 2341 3138 2411 Quia
3196 2340 3362 2413 igitur
3380 2349 3623 2409 tempore

2039 2440 2316 2512 passionis
2374 2437 2588 2493 Domini
2646 2438 2846 2493 summi
2907 2436 3228 2492 sacerdOtes
3258 2444 3311 2491 et
3342 2433 3624 2505 principes

2037 2528 2279 2584 Iudaicae
2342 2528 2522 2599 gentis
2583 2535 2961 2583 convenerunt
3017 2527 3073 2581 in
3135 2542 3304 2579 ttnunt
3358 2526 3624 2583 adversus

2038 2627 2327 2683 Dominum
2362 2633 2416 2681 et
2448 2625 2714 2681 adversus
2761 2622 3043 2679 Christum
3077 2623 3220 2693 ejus,
3269 2622 3481 2691 totique
3534 2636 3629 2689 pa-

2039 2721 2168 2793 pulo
2230 2718 2601 2790 perversionis
2646 2724 2903 2771 auctores
2964 2713 3139 2778 fuere,
3208 2713 3476 2783 scriptum
3540 2719 3625 2765 est

2037 2814 2216 2872 enim:
2245 2830 2263 2865 ι
2294 2811 2578 2881 Principes
2612 2808 2962 2866 sacerdotum
3013 2814 3069 2863 et
3120 2804 3413 2860 consilium
3448 2810 3622 2858 totum

2039 2905 2358 2977 quaerebant
2379 2904 2577 2959 falsum
2614 2902 2993 2958 testimonium
3023 2908 3214 2954 contra
3249 2896 3459 2963 Jesum,
3483 2911 3625 2967 quc-

2040 2996 2204 3052 modo
2236 2996 2401 3051 morti
2429 2994 2850 3050 traderenteum
2874 2992 2950 3061 '7;
2979 3010 2998 3044 ι
3034 3006 3099 3046 ac
3127 2994 3380 3045 rursum:
3411 3007 3430 3039 ι
3465 2986 3625 3042 Prin-

2040 3089 2191 3161 cipes
2221 3090 2572 3145 sacerdotum
2609 3095 2664 3141 et
2703 3085 2952 3141 seniores
2998 3087 3399 3154 persuaserunt
3446 3079 3626 3136 turbis

2045 3189 2367 3253 utpeterent
2413 3179 2742 3244 Barabbam,
2773 3174 2958 3234 Iesum
3003 3190 3136 3230 vero
3176 3172 3467 3244 perderent
3499 3172 3566 3227 ³⁸.
3598 3190 3621 3225 ι

2038 3274 2108 3330 lis
2129 3288 2296 3345 porro
2323 3272 2415 3343 qui
2446 3270 2573 3324 talia
2597 3269 2717 3326 ausi
2746 3268 3304 3339 fuerantpurgatione
3316 3281 3457 3338 opus
3482 3273 3623 3329 erat,

2035 3374 2093 3424 et
2122 3365 2418 3432 sacriﬁcio,
2451 3379 2560 3419 non
2590 3362 2698 3418 alio
2723 3376 2887 3433 quam
2924 3361 3108 3426 vituli,
3128 3368 3189 3416 ut
3216 3358 3501 3431 Scriptura
3526 3375 3624 3415 su-

2041 3461 2227 3533 perius
2258 3461 2423 3514 allata
2473 3457 2822 3513 testificatur.
2855 3455 2988 3511 Jure
3021 3455 3112 3510 ltic
3153 3453 3414 3510 Servator
3438 3460 3630 3509 noster

2040 3554 2153 3609 ait:
2187 3552 2306 3609 Non
2355 3551 2669 3608 sensibilem
2704 3562 2805 3619 ego
2838 3548 3070 3602 vitulum
3106 3544 3346 3617 profero.
3402 3542 3498 3600 scd
3526 3560 3628 3614 pu-

2039 3658 2157 3699 ram
2180 3650 2234 3699 et
2262 3644 2604 3697 incruentam
2656 3640 2915 3703 hostiam,
2957 3653 3119 3709 quam
3152 3653 3254 3708 ego
3282 3637 3400 3708 ipse
3439 3637 3495 3690 in
3526 3635 3630 3690 Ec-

2040 3736 2209 3793 clesia
2268 3749 2388 3790 mea
2416 3732 2704 3796 constitui,
2747 3747 2846 3801 per
2901 3731 3251 3785 incruentum
3299 3736 3352 3782 et
3377 3728 3502 3799 igne
3531 3742 3630 3782 va—

2041 3840 2204 3897 cuum
2234 3822 2622 3884 ministerium,
2656 3822 2803 3890 quod
2836 3820 2998 3875 laude
3046 3819 3420 3890 persolvitur;
3480 3817 3628 3888 quod

2043 3931 2178 3972 sane
2206 3914 2318 3972 Deo
2345 3916 2508 3986 longe
2559 3913 2841 3982 acceptius
2870 3919 2924 3966 et
2958 3912 3169 3981 gratius
3193 3910 3320 3972 erit,
3350 3924 3516 3979 quam
3539 3909 3632 3963 ille

2043 4006 2249 4078 Moysis
2278 4006 2397 4077 lege
2445 4004 2763 4075 assignatus
2793 4001 3023 4056 vitulus.
3048 4000 3394 4069 Quapropter
3417 3998 3627 4053 dictum

2042 4106 2127 4154 est
2156 4117 2169 4152 :
2208 4115 2227 4148 ι
2253 4095 2612 4167 Magniﬁcabo
2633 4108 2759 4148 eum
2800 4092 2853 4146 in
2881 4090 3063 4144 laude.
3098 4088 3163 4142 Et
3183 4088 3420 4158 placebit
3441 4087 3571 4148 Deo,
3603 4105 3625 4140 ι

2043 4191 2167 4247 laus
2216 4189 2463 4254 scilicet,
2522 4205 2542 4239 ι
2571 4199 2738 4256 super
2793 4183 3031 4239 vitulum
3079 4181 3376 4245 novellum,
3420 4195 3631 4237 cornua

2043 4281 2435 4355 producentem
2464 4288 2520 4336 et
2547 4277 2803 4349 ungulas.
2844 4295 2865 4329 ι
2900 4273 2970 4329 Et
2996 4290 3129 4331 sane
3163 4273 3382 4329 veniam
3429 4287 3632 4343 purga-

2045 4379 2358 4448 tionemque
2378 4390 2504 4431 cum
2543 4371 2823 4445 principes
2850 4369 3221 4432 sacerdotum,
3248 4377 3363 4422 tum
3394 4366 3633 4438 populus

2045 4471 2225 4527 omnis
2288 4467 2569 4525 consecuti
2633 4472 2841 4533 essent,
2909 4464 2973 4520 si"
3018 4478 3219 4520 novum
3288 4466 3344 4517 et
3392 4458 3633 4515 salutare

344 4551 460 4606 τῶν
494 4547 903 4621 ἡμαρτημένων
955 4547 1141 4611 αὐτοῖς
1189 4548 1239 4601 οί
1276 4548 1554 4620 ἀρχιερεῖς
1601 4547 1695 4601 καὶ
1744 4548 1795 4600 oi
1848 4546 1939 4630 τού

2044 4564 2456 4621 Testamentum
2505 4558 2895 4630 suscipientes,
2945 4555 3042 4610 tali
3096 4552 3371 4611 sacriﬁcio
3396 4551 3631 4608 fuissent

345 4641 556 4705 παντὸς
582 4639 787 4704 ἔθνους,
813 4640 863 4693 εἰ
900 4638 1171 4711 κέχρηντο
1194 4637 1367 4710 ταύτῃ
1392 4641 1459 4711 τῇ
1482 4638 1663 4710 θυσίᾳ,
1688 4639 1788 4710 τὴν
1813 4626 1937 4693 καιῖ-

345 4736 449 4808 νὴν
482 4732 579 4789 καὶ
618 4733 885 4804 σωτήριον
912 4730 1189 4803 Διαθήκην
1221 4731 1676 4805 παραδεξάμενοι.

418 4822 560 4881 Εἶτα
586 4824 751 4896 εὐχὴν
780 4822 1093 4898 ἀγαπέμπει
1130 4825 1159 4876 6
1198 4823 1520 4896 προλεχθεὶς
1558 4821 1773 4895 πτωχὸς
1802 4821 1942 4893 ὑπὲρ

345 4919 459 4975 τῶν
490 4916 891 4989 παραπλησίως
917 4914 1068 4987 αὐτῷ
1124 4915 1376 4986 πτωχῶν,
1411 4915 1541 4987 περὶ
1593 4908 1668 4969 ὧν
1703 4915 1945 4970 διδάσκει

345 5012 549 5082 λέγων·
581 5028 601 5061 ι
624 5009 901 5080 Μακάριοι
932 5010 983 5062 οί
1031 5007 1238 5080 πτωχοὶ
1287 5006 1365 5078 τῷ
1400 5007 1693 5078 πνεύματι,
1726 5008 1810 5062 ὅτι
1849 5007 1946 5059 αὐ-

345 5102 459 5156 τῶν
488 5102 637 5153 ἐστιν
665 5099 699 5169 ἠ
727 5097 971 5170 βασιλεία
1020 5098 1129 5152 τῶν
1161 5096 1464 5170 οὐρανῶν.)
1519 5097 1628 5151 Καί
1681 5114 1814 5171 φησι
1855 5096 1946 5151 διὰ

344 5194 449 5267 τῆς
474 5191 662 5263 εὐχῆςσ
703 5209 721 5242 ι
745 5190 1024 5246 Ἰδέτωσαν
1063 5190 1271 5262 πτωχοὶ
1305 5190 1399 5244 καὶ
1422 5188 1935 5261 εὐφρανθήτωσαν.»

292 5278 293 5281 “
346 5285 590 5358 Εὕχεται
650 5282 707 5335 δὲ
760 5281 863 5354 ἤδη
910 5282 1044 5336 ποτε
1075 5284 1156 5348 εἰς
1213 5282 1354 5353 ἔργα
1382 5282 1630 5355 χωρῆσαι
1686 5279 1757 5333 τὰ
1807 5296 1942 5351 προ-

346 5377 637 5451 λεχθέντα,
662 5374 803 5429 ὥστε
823 5374 1123 5446 ὀφθαλμοῖς
1148 5374 1288 5429 αὺτά
1309 5373 1607 5429 θεάσασθαι
1638 5373 1764 5436 τοὺς
1794 5373 1946 5444 εἰρη-

352 5470 556 5542 μένους
590 5467 858 5538 πτωχοὺς,
916 5464 1119 5538 δηλαδὴ
1175 5462 1303 5530 τοὺς
1362 5465 1610 5538 μαθητάς
1649 5462 1813 5519 αὑτοῦ
1848 5463 1944 5516 καὶ

350 5564 480 5625 τοὺς
504 5560 857 5624 ἀποστόλους.
888 5559 1035 5613 Ἰδεῖν
1062 5559 1120 5613 δὲ
1153 5558 1363 5623 τούτοις
1389 5557 1603 5629 εὔχεται
1635 5557 1731 5628 τὴν
1758 5556 1946 5610 ἀποδο-

357 5651 648 5725 μασμὲνην
676 5650 805 5721 ὑμῖν
860 5649 1138 5721 βασιλείαν
1185 5650 1294 5704 ἀπὸ
1343 5648 1649 5721 καταϐολῆς
1676 5648 1936 5720 κόσμου.»

426 5766 474 5800 ⁵⁵
529 5764 704 5823 Levlt.
771 5780 846 5829 tv,
907 5766 1022 5823 1-5.
1100 5768 1146 5801 ⁸⁸
1195 5767 1327 5825 ibid.
1357 5766 1553 5835 15,”.

352 5837 404 5887 ορ
445 5835 635 5893 Matth.
684 5853 738 5900 v.
771 5837 826 5895 5.

1652 5766 1699 5799 ⁸⁸
1728 5764 1899 5822 Levit.
1933 5779 2062 5829 vm,
2105 5761 2185 5817 ιι.

2043 4657 2151 4713 usi.

2112 4809 2318 4865 Deinde
2335 4805 2623 4863 mendicus
2653 4804 2747 4859 ille
2773 4802 3083 4859 orationem
3113 4797 3343 4854 eﬁundit
3370 4813 3473 4869 pro
3496 4811 3636 4868 pau-

2040 4902 2266 4975 peribus
2293 4899 2379 4957 sui
2408 4895 2708 4959 similibus,
2741 4894 2810 4949 de
2833 4893 3035 4964 quibus
3068 4890 3185 4945 haec
3212 4888 3409 4945 tradit:
3439 4907 3459 4941 ι
3482 4887 3634 4945 Beati

2040 5006 2312 5066 pauperes
2365 4987 2590 5059 spiritu,
2647 4983 2910 5056 quoniam
2961 4982 3209 5052 ipsorum
3264 4988 3350 5035 est
3404 4993 3634 5049 regnum

2041 5085 2309 5141 caelorum
2343 5081 2411 5137 ".
2441 5098 2462 5131 ι
2500 5076 2560 5134 In
2587 5076 2841 5133 oratione
2873 5089 3006 5129 vero
3053 5085 3154 5128 sua
3204 5070 3281 5124 ait'
3307 5088 3321 5124 :
3354 5089 3371 5122 ι
3403 5068 3637 5125 Videant

2044 5190 2316 5249 pauperes
2344 5181 2401 5230 et
2427 5172 2697 5227 laetentur.
2732 5186 2752 5221 ι
2791 5164 2911 5221 Jam
2947 5174 3125 5220 autem
3150 5169 3407 5235 precatur
3438 5169 3635 5230 utquae

2046 5283 2213 5340 supra
2233 5266 2378 5322 dicta
2400 5270 2531 5321 sunt
2560 5261 2836 5325 eveniant,
2868 5258 2942 5313 ita
2973 5267 3326 5328 utpauperes
3359 5253 3476 5317 isti,
3529 5252 3634 5307 sei-

2045 5364 2173 5420 licet
2209 5358 2468 5430 discipuli
2518 5364 2574 5413 et
2628 5351 2863 5426 apostoli
2917 5350 3026 5416 sui,
3072 5349 3311 5405 videant.
3373 5344 3635 5401 Precatur

2045 5474 2176 5514 vero
2208 5465 2267 5510 ut
2292 5451 2509 5509 laudem
2556 5450 2704 5504 illam
2732 5445 2907 5500 vitulo
2935 5442 3151 5499 novello
3182 5453 3389 5496 cornua
3421 5435 3631 5507 produ«

2050 5556 2209 5606 rente
2248 5554 2305 5603 et
2345 5542 2579 5614 ungulas
2617 5541 2913 5612 gratiorem
2967 5533 3332 5605 conspiciant.
3383 5527 3452 5583 Et.
3495 5542 3630 5585 sane

2057 5661 2077 5696 ι
2115 5643 2191 5699 Ea
2232 5632 2363 5696 vero
2389 5652 2512 5708 quae
2571 5649 2792 5691 sursum
2850 5638 2938 5686 est
2993 5627 3294 5684 Jerusalem
3326 5625 3495 5680 libera
3520 5633 3630 5686 est,

2281 5760 2324 5791 ⁸⁷
2357 5755 2547 5812 Matth.
2608 5766 2757 5819 τινι,
2805 5746 2941 5805 59.“
2995 5747 3041 5782 ⁵⁸
3093 5744 3481 5807 Maltb.nvtt,
3534 5739 3630 5807 ‘20.
