4056 6422
424 395 539 450 763

1112 389 1386 448 EUSEBll
1420 388 1903 447 CAESARIENSIS
1941 387 2008 446 Ol

2133 385 2319 443 PARS
2357 384 2445 442 ιιι.
2487 417 2552 427 -
2585 383 2998 440 ΕΧΕΟΕΤΙΕᾹ.

429 513 691 587 quoniam
732 511 910 567 oratio
969 510 1090 580 ejus
1134 510 1410 567 diuturnis
1457 519 1648 580 postea
1672 508 2008 579 temporibus

2111 507 2299 560 θεῖσαν
2312 503 2477 559 αὐτοῦ
2508 506 2710 557 αῖνεσιν
2731 504 2828 575 τὴν
2849 504 2949 556 ὐπὲ
2958 521 2989 574 ρ
3017 518 3215 572 μοσχον
3234 501 3352 555 νέον
3378 500 3469 555 τὸν
3491 502 3699 575 κέρατα

430 607 681 663 effectum
705 613 1002 659 consecuta
1058 610 1164 666 est,
1197 602 1387 658 beatos
1437 601 1767 672 prmdicabat
1789 617 1884 655 eos
1917 599 2010 669 qui

430 698 621 753 talium
677 711 862 751 rerum
924 695 1238 764 spectaculo
1271 693 1477 764 dignati
1523 701 1936 762 essent:quare
1956 691 2008 744 in

431 787 741 849 Evangeliis
771 784 1057 853 discipulis
1089 784 1211 838 suis
1227 783 1433 838 dixisse
1454 781 1713 837 scribitur
1738 798 1752 834 :
1788 799 1811 831 ι
1828 778 2011 835 Vestri

427 888 612 934 autem
674 878 1010 939 beatioculi,
1065 878 1194 945 quia
1245 876 1471 940 vident;
1508 883 1564 928 et
1593 889 1756 928 aures
1791 879 2009 938 νθειιεε,

429 973 563 1043 quia
595 973 826 1027 audiunt
879 971 943 1021 ⁸ο.
983 990 1005 1024 ι
1039 970 1165 1025 Ha'c
1221 971 1423 1039 quippe
1448 967 1625 1021 aﬂinia
1687 966 1815 1020 huic
1864 966 2011 1020 dicto

427 1073 608 1130 erant,
655 1061 931 1119 «Videant
984 1077 1259 1133 pauperes
1289 1100 1305 1124 ,
1355 1070 1409 1115 et
1457 1060 1749 1113 laetentur:
1783 1059 2009 1129 quaerite

430 1156 624 1219 Deum,
653 1166 709 1210 et
747 1156 891 1211 vivet
927 1156 1109 1209 anima
1147 1160 1355 1209 vestra.
1391 1173 1414 1205 ι
1454 1150 1593 1206 Cum
1633 1166 1731 1221 pro
1758 1151 2010 1221 pauperi-

429 1250 535 1305 bus
576 1254 847 1319 rogasset,
906 1247 1056 1317 ipsos
1114 1245 1335 1302 demum
1399 1245 1717 1315 alloquitur,
1768 1243 2012 1313 ipsisque

429 1348 598 1401 vitam
629 1346 941 1408 denuntiat,
999 1360 1111 1398 non
1169 1358 1484 1414 corporum,
1533 1342 1628 1398 sed
1654 1342 1960 1396 animarum
1993 1359 2005 1395 :

429 1454 595 1509 quam
628 1438 699 1492 ab
733 1437 870 1507 ipsis
899 1436 1068 1492 Deum
1096 1436 1471 1506 quaerentibus
1490 1434 1864 1505 reperiendam
1888 1449 2011 1488 esse

404 1528 743 1600 pollicetur,
795 1529 928 1582 talia
991 1527 1175 1581 fatus:
1205 1547 1223 1577 ι
1254 1524 1492 1592 Quaerite
1518 1525 1710 1589 Deum,
1759 1533 1814 1578 et
1864 1524 2011 1578 vivet

432 1621 615 1675 anima
647 1629 850 1675 vestra.
881 1639 901 1673 ι
937 1617 1083 1674 Fons
1113 1619 1315 1688 quippe
1365 1618 1491 1672 vita:
1514 1632 1683 1687 penes
1717 1615 1869 1670 illum
1901 1622 2006 1670 est.

428 1712 798 1779 Quamobrem
822 1711 1014 1767 iisdem
1055 1709 1393 1780 pauperibus
1411 1708 1678 1779 praecipit,
1714 1714 1798 1770 ut,
1827 1707 2009 1761 omnia

430 1814 844 1877 postponentes,
881 1805 1033 1859 illum
1089 1806 1193 1858 lide
1232 1804 1485 1873 bonaque
1516 1817 1613 1872 spe
1665 1801 1860 1855 muniti
1889 1815 2011 1869 per-

2117 599 2417 671 ὲκιρέροντα
2476 598 2569 652 καὶ
2620 597 2809 660 ὁπλάς.
2847 597 2956 649 Καὶ
2994 595 3058 667 δὴ
3109 594 3494 667 πληρουμένης
3531 597 3699 653 αὐτοῦ

2114 689 2215 759 τῆς
2241 688 2408 759 εύχῆς
2446 690 2681 759 μακροῖς
2710 686 2935 756 ὕστερον
2969 686 3202 757 χρόνοις,
3238 684 3543 757 ἐμακάριζε
3573 689 3694 752 τοῦ..

2115 777 2555 851 κατηξιωμένους
2598 781 2698 849 τῆς
2740 777 2848 831 τῶν
2898 779 3241 849 πραγμάτων
3295 777 3445 841 θέας·
3508 777 3589 832 διὸ
3642 781 3699 833 ὲν

2113 873 2466 942 Εύαγγελίοις
2496 872 2909 943 ἀναγέγραπται
2956 875 3073 935 τοῖς
3104 870 3271 927 αὐτοῦ
3299 872 3569 943 μαθηταῖς
3619 875 3698 926 εἰ·

2113 965 2249 1019 πών·
2285 986 2307 1017 ι
2339 965 2519 1036 ’Υμῶν
2546 965 2604 1018 δὲ
2640 965 2965 1037 μακάριοιοὶ
2996 964 3383 1036 ὀφθα·λμοὶ,ὂτι
3417 964 3697 1035 βλέπουσι,

2113 1057 2210 1109 καὶ
2236 1057 2303 1109 τὰ
2328 1037 2443 1109 ὦτα
2474 1056 2650 1125 ὑμῶν,
2680 1055 2763 1109 ὅτι
2793 1055 3106 1109 ἀκούουσι.»
3163 1053 3351 1109 Ταῦτα
3399 1055 3511 1125 γὰρ
3556 1055 3698 1126 σύμ-

2114 1167 2266 1219 φωνα
2295 1144 2363 1218 ἦν
2395 1147 2472 1218 τῷ
2498 1149 2728 1219 φήσαντι
2767 1147 2928 1218 λόγῳ·
2983 1165 3001 1199 ι
3038 1147 3314 1201 Ἰδέτωσαν
3365 1150 3577 1219 πτωχοὶ·
3603 1150 3694 1201 καὶ

2112 1238 2590 1310 εύιρρανθήτωσαν·
2624 1238 2961 1309 ἐκζητήσατε
2982 1236 3075 1292 τὸν
3102 1238 3257 1302 Θεὸν,
3285 1236 3381 1291 καὶ
3411 1237 3638 1309 ζήσεται
3662 1240 3695 1310 ἡ

2111 1329 2261 1401 ψυχὴ
2293 1330 2497 1400 ὑμῶν.»
2553 1329 2865 1399 Εύξάμενος
2913 1328 3052 1400 ὑπὲρ
3084 1327 3191 1382 τῶν
3256 1327 3512 1397 πτωχῶν,
3562 1328 3697 1400 πρὸς

2112 1422 2309 1485 αὐτοὺς
2329 1421 2514 1474 λοιπὸν
2540 1424 2772 1474 ποιεῖται
2814 1420 2904 1473 τὸν
2960 1420 3137 1489 λόγον,
3195 1419 3609 1489 εὐαγγελίζεται
3636 1438 3697 1474 τε

2112 1516 2294 1579 αὐτοῖς
2326 1514 2470 1586 ζωὴν
2496 1514 2556 1567 ού
2587 1513 2878 1583 σωμάτων,
2932 1512 3067 1566 ἀλλὰ
3098 1513 3308 1584 ψυχῶν·
3367 1514 3463 1567 καὶ
3493 1513 3697 1584 ταύτην

2110 1610 2296 1672 αὐτοῖς
2328 1607 2722 1680 εὑρεθήσεσθαι
2757 1608 3103 1679 ἐκζητήσασι.
3117 1607 3209 1661 τὸν
3240 1607 3375 1661 Θεὸν
3419 1607 3696 1678 ἐπαγγέλ-

2111 1701 2280 1756 λεται·
2316 1701 2396 1754 διό
2424 1718 2575 1772 φησι·
2609 1721 2631 1752 ι
2652 1700 3022 1773 Ἐκζητήσατε
3050 1701 3141 1755 τὸν
3159 1701 3313 1768 Θεὸν,
3346 1701 3441 1755 καὶ
3467 1700 3693 1773 ζήσεται

2111 1796 2143 1863 ἡ
2183 1791 2328 1862 ψυχὴ
2351 1791 2525 1862 ὑμῶνο
2564 1811 2582 1842 ι
2635 1791 2794 1862 nm
2851 1792 2961 1863 γὰρ
3004 1790 3148 1861 ζωῆς
3201 1794 3331 1863 παρ’
3374 1790 3542 1863 αὐτῷ·
3602 1793 3694 1847 Διδ

398 1898 682 1968 .quirant;
716 1898 791 1952 ita
822 1899 968 1954 enim
1008 1913 1102 1954 eos
1134 1898 1245 1951 vita
1288 1898 1487 1950 animae
1522 1897 1766 1950 victuros
1789 1894 2008 1964 pollice-

2114 1887 2293 1940 πάντα
2325 1885 2552 1956 δεύτερα
2577 1885 2837 1956 θεμένους
2891 1885 3016 1949 τοὺς
3067 1886 3391 1957 εἰρημένους
3423 1886 3694 1957 πτωχοὺς,

428 1991 657 2045 turzde
707 2006 814 2060 qua
866 1990 981 2045 vita
1033 1990 1148 2044 habe
1210 1988 1506 2058 Apostolus
1563 1986 1792 2041 docuit:
1834 1984 2007 2038 tNam

427 2082 543 2140 vita
597 2089 783 2138 vestra
836 2080 1157 2136 abscondita
1212 2088 1297 2135 est
1337 2094 1463 2134 cum
1516 2077 1741 2132 Christo
1788 2077 1842 2130 in
1876 2073 2005 2130 Deo.

426 2172 565 2228 Cum
588 2180 770 2226 autem
812 2171 1068 2226 Christus
1116 2173 1431 2241 apparuerit
1484 2168 1594 2221 vita
1644 2177 1843 2229 vestra,
1879 2174 2010 2219 tunc

426 2278 486 2322 et
535 2279 637 2319 vos
671 2279 796 2318 cum
830 2264 925 2318 illo
971 2261 1312 2334 apparebitis
1360 2261 1414 2314 in
1463 2259 1635 2330 gloria
1661 2258 1727 2310 σί.
1768 2277 1787 2311 ι
1815 2257 2008 2312 Postea

402 2357 649 2413 subdit:
688 2374 707 2407 ι
728 2355 996 2422 Quoniam
1015 2354 1295 2410 exaudivit
1348 2366 1612 2423 pauperes
1639 2350 1926 2416 Dominus,
1955 2358 2010 2406 et

429 2449 641 2504 vinctos
664 2463 795 2503 suos
816 2464 925 2502 non
955 2448 1224 2518 despexit.
1264 2467 1283 2499 ι
1319 2445 1419 2500 llic
1460 2460 1714 2509 rursum,
1753 2443 2009 2499 «exaudi-

406 2541 527 2604 _vit,
557 2561 574 2593 ι
613 2557 731 2611 pro,
771 2560 788 2591 ι
818 2540 1108 2606 exaudiet;
1151 2560 1169 2591 ι
1203 2548 1258 2595 et
1288 2582 1301 2607 ,
1341 2559 1357 2591 ι
1389 2554 1497 2593 non
1533 2538 1803 2608 despexit,
1832 2556 1850 2588 ι
1888 2551 2007 2607 pro,

410 2645 454 2693 ¹ι
491 2642 600 2681 non
624 2627 911 2698 despiciet,
941 2647 959 2679 ι
995 2628 1202 2682 dictum
1225 2636 1330 2683 est.
1361 2626 1629 2697 Cumjam
1660 2628 1808 2681 enim
1838 2625 2008 2679 dixis-

425 2727 530 2784 set,
568 2737 586 2769 (
615 2718 852 2785 Qumrite
882 2718 1075 2784 Deum,
1123 2728 1177 2775 et
1219 2718 1363 2774 vivet
1415 2721 1597 2774 anima
1644 2726 1865 2782 vestra;
1898 2738 1916 2770 ι
1945 2716 2010 2770 ιι-

424 2813 620 2867 denter
655 2812 752 2875 ait,
799 2812 1046 2882 qmerite,
1102 2812 1361 2883 quoniam
1416 2811 1673 2867 exaudiet
1718 2824 2004 2881 pauperes.

423 2902 611 2974 Neque
632 2905 775 2958 enim
807 2902 1261 2973 voluptariorum,
1287 2904 1651 2973 superborum
1678 2910 1732 2957 et
1752 2917 2010 2969 arrogan-

424 2997 564 3050 tium
615 2995 757 3051 Deus
787 3004 904 3064 est;
941 2995 1035 3050 sed
1083 2995 1370 3051 humilium
1404 3004 1458 3051 et
1493 3010 1812 3066 pauperum.
1861 2992 2009 3060 Qua-

426 3101 649 3160 propter
664 3090 865 3143 dicitur
898 3109 913 3143 ι
950 3108 969 3140 ι
1001 3087 1062 3143 1η
1090 3104 1251 3158 quem
1285 3090 1595 3158 respiciam,
1638 3088 1744 3141 nisi
1774 3087 1827 3141 in
1853 3102 2008 3141 man-

426 3192 645 3238 suetum
679 3191 732 3238 et
776 3183 1034 3238 humilem
1090 3190 1144 3238 et
1176 3183 1419 3252 quietum
1451 3189 1505 3237 et
1543 3190 1864 3236 trementem
1893 3195 2009 3235 ser-

2111 1978 2359 2048 ἐκζητείν
2383 1980 2548 2034 αὑτὸν
2575 1979 2901 2051 προστάττει
2934 1980 3071 2050 μετὰ
3106 1978 3341 2043 πίστεως
3367 1980 3464 2033 καὶ
3486 1980 3699 2051 ἀγαθῆς

2110 2068 2341 2132 ἐλπίδος·
2405 2068 2668 2135 ζήσεσθαι
2720 2070 2828 2141 γὰρ
2862 2070 3058 2134 αὐτοὺς
3126 2069 3528 2139 ἐπαγγέλλεται
3554 2068 3700 2144 ζωὴν

2109 2161 2307 2233 ψυῡιῆς.
2372 2161 2498 2235 περὶ
2552 2157 2618 2235 ἦς
2665 2164 2757 2216 καὶ
2782 2165 2810 2216 ὁ
2857 2162 3178 2227 Ἀπόστολος
3209 2162 3460 2218 ἐδίδασκε
3484 2162 3695 2231 λέγων·

2116 2273 2134 2304 ι
2159 2255 2219 2306 Ἡ
2250 2254 2358 2326 γὰρ
2388 2254 2500 2325 ζωὴ
2523 2254 2686 2325 ὑμῶν
2709 2255 3016 2326 κέκρυπται
3051 2255 3147 2308 σὺν
3180 2254 3256 2325 τῷ
3290 2253 3511 2327 Χριστῷ
3541 2256 3600 2308 ὲν
3622 2249 3700 2326 τῷ

2110 2346 2249 2417 Θεῷ.
2295 2348 2460 2401 Ὅταν
2491 2350 2518 2402 ὁ
2557 2348 2792 2419 Χριστὸς
2848 2348 3193 2420 φανερωθῇή
3226 2347 3338 2420 ζωὴ
3374 2349 3549 2419 ὑμῶν,
3576 2350 3699 2403 τότε

2110 2442 2204 2495 καὶ
2237 2442 2393 2511 ὑμεῖς
2425 2442 2519 2494 σὺν
2543 2442 2692 2513 αὐτῷ
2722 2442 3171 2514 φανερωθήσεσθε
3206 2446 3263 2497 ἐν
3315 2443 3463 2516 δόξῃ.
3505 2464 3524 2495 ι
3588 2441 3697 2497 Εἶτ’

2110 2533 2369 2601 ἐπιλέγει·
2419 2532 2575 2587 ιὊτι
2621 2535 2907 2605 εἰσήκουσε
2948 2534 3056 2588 τῶν
3107 2538 3355 2608 πενήτων
3403 2539 3431 2590 ὁ
3470 2534 3695 2607 Κύριος,

2109 2626 2202 2679 καὶ
2235 2628 2360 2691 τοὺς
2382 2626 2789 2699 πεπεδημένους
2811 2625 2978 2680 αὑτοῦ
3004 2628 3103 2681 οὐκ
3130 2628 3473 2694 ὲξουδένωσε.
3490 2650 3507 2679 ι
3529 2628 3697 2683 Πάλιν

2106 2717 2165 2771 δὲ
2197 2718 2476 2772 κάνταῦθα
2503 2719 2585 2781 τὸ,
2624 2738 2642 2769 ι
2671 2720 3048 2788 εἰσήκουσεν,ι
3088 2718 3208 2772 ἀντὶ
3255 2719 3372 2781 τοῦ,
3404 2738 3420 2770 ι
3451 2719 3698 2772 εἰσακού-

2109 2827 2282 2871 σεται,
2306 2831 2322 2861 ι
2340 2810 2687 2881 εἴρηταιοκαὶ
2714 2809 2793 2873 τὸ,
2832 2829 2849 2862 ‹
2882 2810 2982 2864 ούκ
3001 2809 3377 2877 ὲξουδένωσεν,
3405 2831 3423 2861 ι
3446 2812 3564 2864 ἀντὶ
3578 2810 3696 2875 τοῦ,

2114 2921 2133 2951 ι
2162 2903 2262 2955 οὐκ
2288 2901 2686 2967 ἐξουδενώσει.»
2728 2901 3014 2975 Προειπὼν
3045 2896 3188 2975 γὰρ,
3221 2923 3238 2954 ι
3266 2906 3545 2975 Ζητὴσατε
3605 2902 3699 2957 τὸν

2107 2992 2261 3056 Θεὸν,
2293 2995 2386 3046 καὶ
2419 2992 2646 3065 ζήσεται
2672 2995 2706 3064 ἡ
2730 2992 2877 3063 ψυχὴ
2908 2992 3116 3063 ὑμῶν,›
3164 2994 3510 3065 θαρσοῦντως
3541 2996 3696 3067 φησι.

2109 3087 2410 3157 Ζητήσατε,
2441 3087 2523 3139 ὅτι
2576 3087 2953 3141 εἰσακούσεται
3010 3087 3119 3140 τῶν
3147 3090 3534 3159 πενήτωνπΟύ
3588 3089 3699 3162 γὰρ

2106 3175 2438 3249 τρυφώντων
2466 3178 2613 3231 ἐστὶν
2640 3179 2668 3230 ὁ
2699 3178 2854 3242 Θεὸς,
2882 3177 3003 3230 οὐδὲ
3026 3180 3352 3249 ὲπῃρμένων
3376 3181 3470 3234 καὶ
3502 3180 3700 3246 ἀλαζο-

426 3290 619 3330 ntones
660 3290 807 3330 meos
844 3274 922 3328 οη
962 3294 980 3326 ι
1016 3272 1244 3330 Fiducia
1287 3275 1454 3346 igitur
1496 3273 1754 3328 instructi
1787 3273 2008 3341 quaerite

2113 3268 2436 3339 νευομένων,
2462 3269 2597 3323 ἀλλὰ
2648 3270 2923 3325 ταπεινῶν
2976 3270 3070 3323 καὶ
3124 3273 3391 3343 πενήτων.
3429 3272 3519 3325 Διὸ
3551 3274 3705 3346 εῐρη-

428 3364 622 3425 Deum.
650 3367 807 3436 gnari
836 3365 1123 3421 Dominum
1156 3384 1256 3423 vos
1296 3381 1566 3437 pauperes
1599 3365 2005 3429 cxauditurum,

425 3469 482 3513 et
516 3460 726 3515 vinctos
748 3475 879 3516 suos
912 3477 1019 3515 non
1059 3461 1447 3530 despecturum
1471 3473 1633 3524 esse;
1664 3457 1781 3513 sive
1810 3471 2008 3513 secun-

422 3550 556 3603 dum
617 3549 1048 3620 Symmachum:
1080 3571 1098 3602 ι
1132 3550 1197 3604 Ει
1235 3550 1451 3604 vinctos
1512 3563 1644 3604 suos
1700 3565 1808 3604 non
1856 3549 2009 3620 parvi

427 3642 640 3697 faciet.»
672 3642 792 3708 Quo
814 3650 975 3713 pacto
1003 3642 1251 3698 autemhi
1282 3656 1570 3711 pauperes,
1590 3640 1754 3695 vincti
1782 3651 1835 3696 et
1856 3656 2003 3697 como

426 3733 592 3801 pediti
630 3732 1130 3804 hiet-intintelliges,
1155 3736 1203 3789 si
1225 3735 1451 3788 Paulum
1483 3734 1674 3790 audias
1704 3735 2006 3813 dicentem:

432 3845 451 3874 ι
475 3822 679 3878 Paulus
708 3824 924 3879 vinctus
953 3823 1081 3880 Jesu
1131 3825 1337 3880 Christi
1364 3824 1409 3854 ⁶³
1436 3843 1449 3878 :
1475 3845 1493 3876 ι
1525 3840 1589 3879 ae
1623 3826 1882 3880 similiter
1931 3841 2011 3881 re-

428 3917 564 3986 liqui
627 3916 882 3987 discipuli
937 3935 1036 3987 pro
1073 3919 1277 3975 Christi
1316 3918 1516 3973 vinctis
1564 3917 1820 3973 habendi.
1868 3917 2012 3984 Quin

421 4010 588 4064 etiam
627 4010 662 4064 ii
693 4011 788 4081 qui
821 4010 876 4066 in
908 4012 1260 4067 tabernaculo
1290 4010 1581 4084 (corporis)
1611 4012 1769 4081 quasi
1802 4012 1855 4066 in
1892 4013 2009 4067 vin-

422 4101 565 4157 culis
617 4108 765 4166 sunt,
815 4101 1002 4172 lugent
1051 4102 1425 4172 supplicantes
1457 4118 1487 4157 a
1522 4103 1754 4158 vinculis
1816 4104 2007 4173 eripi:

422 4204 595 4261 quare
623 4190 816 4245 dicunt
842 4209 856 4244 ε
896 4209 915 4242 ι
948 4188 1143 4245 Infelix
1158 4205 1258 4261 ego
1282 4190 1466 4254 homo,
1491 4189 1617 4260 quis
1643 4206 1728 4245 me
1758 4188 2013 4244 liberabit

420 4296 491 4337 ex
527 4296 757 4352 corpore
810 4281 1006 4337 mortis
1040 4281 1205 4351 huius
1236 4281 1315 4335 “1'
1352 4300 1371 4333 ι
1407 4281 1511 4347 Qui
1557 4298 1688 4352 ergo
1738 4280 2014 4352 corrupti-

422 4373 519 4429 bili
539 4389 771 4444 corpore
798 4374 986 4429 onusti
1017 4382 1167 4440 sunt,
1201 4380 1258 4429 et
1287 4376 1699 4446 corruptionem
1757 4387 2015 4428 aversan-

422 4471 535 4529 tur.
585 4472 868 4536 gementes
914 4464 970 4519 in
1019 4465 1123 4520 hac
1154 4467 1503 4537 corruptibili
1546 4468 1678 4532 vita,
1717 4466 1886 4520 vincti
1918 4463 2011 4520 Dei

423 4562 576 4620 sunt,
609 4565 663 4612 et
693 4556 988 4628 compediti
1010 4557 1153 4627 ejus,
1182 4574 1418 4630 quorum
1459 4558 1877 4631 deprecationes
1899 4570 2008 4611 non

421 4649 684 4720 despiciet
707 4664 883 4720 neque
906 4649 1272 4705 aversabitur.
1322 4651 1425 4717 Qui
1454 4666 1585 4707 vero
1626 4648 1847 4705 vincula
1906 4662 2008 4704 sua

423 4740 788 4813 impinguant,
815 4749 870 4799 et
903 4742 1074 4798 nimia
1102 4745 1383 4815 voluptate
1445 4743 1651 4809 fovent,
1686 4742 1857 4798 vincti
1879 4758 2006 4798 cor-

424 4835 694 4904 ruptionis
719 4842 776 4891 et
808 4839 1002 4891 mortis
1026 4836 1150 4905 jure
1173 4837 1446 4892 dicantur.

2109 3378 2217 3416 ται·
2267 3382 2283 3411 ι
2327 3362 2452 3415 Ἐπὶ
2474 3362 2596 3416 τίνα
2618 3362 2892 3432 ὲπιῦλέψω
2932 3362 2964 3434 ἢ
3002 3363 3094 3415 ἐπὶ
3125 3363 3217 3416 τὸν
3251 3367 3426 3435 πρᾶον
3461 3366 3555 3418 καὶ
3601 3383 3700 3420 τα·-

2110 3454 2316 3519 πεινὸν,
2353 3456 2448 3508 καὶ
2485 3454 2705 3525 ἡσύχιον
2732 3457 2827 3508 καὶ
2854 3454 3130 3527 τρέμοντά
3155 3473 3255 3527 μου
3280 3458 3406 3522 τοὺς
3433 3456 3627 3526 λόγους
3645 3475 3658 3523 ;
3675 3479 3694 3511 ο

2109 3547 2449 3619 Θαρσοῦντες
2482 3544 2575 3602 οῦν
2596 3546 2867 3619 ζητήσατε
2901 3548 2994 3601 τὸν
3044 3548 3196 3615 Θεὸν,
3224 3549 3446 3615 εἰδότες,
3477 3553 3558 3605 ὅτι
3588 3555 3701 3605 εἰσ-

2112 3639 2405 3695 ακούσεται
2456 3639 2607 3712 ὑμῶν
2656 3640 2765 3694 τῶν
2820 3642 3066 3711 πενήτων
3111 3642 3335 3715 Κύριος,
3425 3645 3521 3698 καὶ
3570 3647 3698 3711 τοὺς

2113 3730 2520 3802 πεπεδημένους
2570 3731 2735 3786 αὑτοῦ
2779 3734 2879 3787 οὐκ
2911 3732 3280 3798 ὲξουδενὼσει·
3328 3734 3361 3807 ἢ
3411 3736 3555 3791 κατὰ
3607 3738 3700 3791 τὸν

2111 3822 2426 3893 Σύμμαχον,
2481 3843 2499 3874 ι
2548 3824 2660 3878 Καὶ
2718 3825 2844 3889 τοὺς
2887 3824 3170 3894 δεσμώτας
3207 3828 3334 3890 τοὺς
3379 3829 3572 3883 ἑαυτοῦ
3600 3831 3700 3884 οὐκ

2111 3916 2455 3981 ὲξευτελίσει.
2490 3937 2511 3968 ι
2571 3918 2804 3989 Νοήσεις
2855 3918 2913 3971 δὲ
2971 3918 3120 3981 ὅπως
3181 3919 3233 3973 οἱ
3289 3921 3496 3992 πτωχοὶ
3554 3917 3698 3976 οῦτοι

2111 4009 2385 4079 δεσμῶται
2410 4011 2506 4062 καὶ
2533 4009 2896 4081 πεπεδημένοι
2917 4009 3204 4077 γεγόνασιν
3235 4012 3448 4067 ἀκούων
3484 4014 3698 4068 Παύλου

2111 4097 2383 4166 λέγοντος·
2443 4118 2461 4149 ι
2517 4098 2727 4162 Παῦλος
2764 4099 2991 4170 δέσμιος
3054 4098 3229 4170 Ἰησοῦ
3286 4102 3542 4174 Χριστοῦ·
3585 4122 3602 4154 ι
3653 4097 3701 4172 ᾧ

2112 4191 2513 4263 παραπλησίως
2555 4191 2651 4245 καὶ
2713 4192 2764 4245 οἱ
2820 4192 3002 4247 λοιποὶ
3036 4194 3277 4265 μαθηταὶ
3307 4194 3516 4265 δέσμιοι
3557 4191 3701 4267 ἦσαν

2110 4283 2366 4354 Χριστοῦ.
2417 4282 2579 4336 Ἀλλὰ
2629 4283 2726 4336 καὶ
2756 4284 2808 4337 οἱ
2854 4283 3007 4348 ὄντες
3053 4287 3111 4339 ὲν
3162 4287 3239 4359 τῷ
3296 4289 3482 4358 σκήνει
3511 4286 3700 4360 ῶσπερ

2112 4375 2171 4429 ὲν
2204 4374 2421 4446 δεσμοῖς
2460 4374 2611 4439 ὄντες
2647 4373 2891 4429 στένουσι
2929 4376 3154 4449 λυθῆναι
3198 4378 3307 4433 τῶν
3345 4379 3559 4451 δεσμῶν
3591 4382 3705 4434 ἷκε-ι

2111 4468 2374 4531 τεύοντες·
2406 4467 2488 4521 διό
2515 4482 2665 4537 φασι·
2703 4485 2723 4518 ι
2753 4468 3113 4541 Ταλαίπωρος
3158 4471 3269 4540 ἐγὼ
3290 4471 3594 4544 ἄνθρωπος,
3613 4472 3701 4539 τίς

2118 4579 2187 4633 με
2216 4561 2437 4632 ῥύσεται
2476 4565 2543 4617 ὲκ
2571 4562 2823 4635 σώματος
2877 4561 2970 4617 τοῦ
3007 4563 3239 4618 θανάτου
3299 4565 3489 4619 τούτου
3518 4582 3575 4634 ;ι
3632 4566 3701 4621 0!

2116 4652 2218 4724 μὲν
2248 4648 2345 4707 οῦν
2378 4653 2440 4707 τὸ
2470 4652 2706 4725 φθαρτὸν
2736 4653 2895 4726 σῶμα
2941 4654 3292 4726 βαρούμενοι,
3331 4657 3425 4711 καὶ
3443 4658 3547 4730 τὴν
3569 4656 3701 4728 φθο-

2116 4742 2216 4816 ρὰν
2248 4744 2739 4816 ἀποστρεφόμενοι,
2766 4746 3044 4810 στένοντές
3100 4763 3160 4799 τε
3195 4746 3290 4798 ἐπὶ
3347 4746 3425 4818 τῷ
3472 4747 3700 4819 φθαρτῷ

2116 4833 2236 4905 βίῳ,
2266 4834 2541 4905 δεσμῶται
2575 4835 2667 4889 τοῦ
2708 4837 2843 4891 Θεοῦ
2877 4840 3226 4909 τυγχάνουσι,
3259 4839 3356 4892 καὶ
3392 4838 3701 4910 πεπεδημέ-

422 4944 504 4983 νοι
536 4928 724 4995 αὐτοῦ,
753 4923 828 4985 ὧν
851 4931 951 4996 τὰς
971 4932 1141 5004 εὐχὰς
1172 4934 1272 4987 οὐκ
1303 4932 1673 4998 ὲξουδενὼσει,
1713 4933 1836 4986 οὐδὲ
1867 4932 2372 5003 ἀποστραφήσεται.
2415 4931 2479 4984 Οἱ
2504 4930 2562 4984 δὲ
2591 4933 2718 4996 τοὺς
2740 4933 2946 4987 ἑαυτῶν
2973 4933 3207 5005 δεσμοὺς
3234 4933 3561 4999 πιαίνοντες,
3605 4934 3701 4988 καὶ

420 5022 512 5079 διὰ
548 5023 749 5096 πολλῆς
780 5027 994 5098 τρυφῆς
1022 5026 1394 5100 περιέποντες,
1427 5028 1706 5101 δεσμῶται
1741 5027 1948 5100 φθορᾶς
1986 5027 2081 5081 καὶ
2102 5026 2332 5080 θανάτου
2360 5025 2603 5093 λεχθεῖεν
2632 5027 2700 5081 ἂν
2734 5029 2978 5092 εἰκότως.

496 5144 659 5202 Vens.
686 5146 774 5202 55.
804 5167 823 5199 ι
861 5128 1109 5205 Laudent
1148 5150 1300 5204 illum
1345 5151 1467 5206 coeli
1498 5158 1553 5206 et
1582 5159 1749 5217 terra,
1783 5165 1933 5204 mare
1953 5160 2008 5205 et

420 5237 602 5290 omnia
634 5238 849 5307 reptilia
875 5238 1038 5294 ineo.
1069 5258 1087 5291 ι
1137 5240 1406 5306 Quoniam
1462 5257 1687 5312 regnum
1741 5242 2004 5297 caelorum

422 5327 753 5403 pauperibus
784 5329 1061 5398 pollicitus
1105 5338 1191 5386 est
1248 5331 1334 5387 his
1383 5332 1602 5387 verbis:
1649 5353 1667 5384 ι
1701 5331 1849 5386 Beati
1879 5347 2008 5402 pau-

422 5433 579 5488 peres
603 5420 819 5490 spiritu,
853 5422 1114 5491 quoniam
1159 5423 1403 5493 ipsorum
1455 5432 1538 5480 est
1589 5440 1815 5496 regnum
1839 5425 2007 5481 coelo-

422 5526 542 5565 rtzm
604 5512 682 5580 ⁶⁸;
716 5531 736 5565 ι
801 5514 1094 5569 admodum
1155 5526 1558 5588 consequenter
1599 5526 1887 5589 postquam
1938 5517 2006 5573 de

423 5604 755 5673 pauperibus
816 5605 1030 5663 locutus
1050 5616 1135 5663 est
1165 5649 1178 5675 ,
1239 5609 1449 5665 infert:
1491 5628 1508 5661 ι
1535 5608 1782 5685 Laudent
1851 5609 2004 5666 illum

493 5757 763 5831 ‘_°_Matth.
824 5778 945 5831 xm,
1006 5762 1131 5819 16p

423 5765 764 5864 “:gﬁt‘th‘.
815 5778 945 5864 ἔιιι,
1006 5765 1131 5819 ίϐμ
1206 5765 1245 5798 ⁶¹
1283 5765 1496 5824 Coioss.
1560 5783 1641 5837 ιιι,
1691 5768 1744 5835 3,
1805 5765 1858 5824 4.

419 5827 472 5897 ,⁸⁸
510 5827 701 5885 Matth.
734 5846 785 5899 v,
815 5831 867 5887 5.

1968 5769 2013 5802 θ’
2065 5767 2172 5825 lsa.
2230 5783 2403 5833 LXVI,‘
2437 5767 2490 5822 2.

2193 5167 2212 5200 ι
2256 5147 2638 5203 Αἰνεσάτωσαν
2673 5149 2833 5202 αὑτὸν
2860 5150 3075 5220 οὐρανοὶ
3098 5152 3194 5204 καὶ
3218 5151 3312 5223 γῆ,
3335 5150 3580 5207 θάλασσα
3605 5151 3702 5204 καὶ

2115 5236 2293 5291 πάντα
2321 5237 2392 5291 τὰ
2414 5238 2650 5309 ἓρποντα
2697 5241 2754 5291 ὲν
2807 5241 2999 5312 αὐτῇ.»
3056 5241 3276 5314 Ἐπειδὴ
3305 5246 3415 5306 τοῖς
3464 5248 3701 5315 πτωχοῖς

2113 5329 2480 5400 ἐπηγγείλατο
2504 5329 2782 5400 βασιλείαν
2838 5331 3087 5404 οὐρανῶν
3130 5331 3321 5398 εἰπὼν,
3355 5353 3375 5387 ι
3421 5336 3699 5408 Μακάριοι

2113 5427 2160 5478 οἱ
2184 5426 2388 5495 πτωχοὶ
2421 5423 2500 5493 τῷ
2527 5425 2819 5496 πνεύματι,
2859 5427 2940 5480 ὅτι
2980 5425 3159 5482 αὐτῶν
3197 5429 3342 5482 ἐστιν
3384 5430 3418 5500 ἡ
3450 5428 3700 5500 βασιλεία

2113 5516 2219 5571 τῶν
2240 5517 2504 5589 οὐρανῶν·
2523 5536 2540 5568 ι
2577 5517 2781 5590 σφόδρα
2803 5518 3110 5583 ἀκολούθως
3142 5518 3283 5591 μετὰ
3312 5521 3402 5575 τὸν
3434 5520 3561 5593 περὶ
3590 5518 3698 5574 τῶν

2114 5611 2361 5683 πενήτων
2385 5611 2541 5680 λόγον
2568 5610 2839 5683 ἐπιφέρει·
2877 5630 2896 5662 ι
2937 5613 3316 5676 Δίνεσάτωσαν
3344 5611 3505 5667 αὐτὸν
3534 5613 3698 5686 ούρα-

2604 5768 2645 5801 ⁶³
2696 5766 2925 5825 Philem.
2970 5784 3006 5834 ι,
3045 5770 3094 5826 1.
3208 5769 3252 5802 ⁸⁸
3280 5767 3436 5825 Rom.
3472 5782 3567 5836 vn,
3601 5767 3703 5853 924.⁹

3592 384 3775 440 7.64—
