4056 6372
300 368 420 425 ’765

1433 360 1933 420 ΟΟΜΜΕΝΤΑΠΙΑ
1958 362 2027 417 I’N
2064 361 2412 417 PSALMOS.
2462 348 2469 353 ’

3478 332 3586 430 Ἴδε

314 480 448 535 vat.»
501 478 716 548 Ἐπειδὴ
754 476 892 531 κατὰ
933 477 1108 529 πᾶσαν
1138 476 1239 547 τὴν
1276 478 1600 549 οἰκουμένην
1630 479 1773 531 κατὰ
1828 494 1886 530 τε

2005 476 2134 531 :oeli.
2170 495 2193 526 ι
2220 474 2359 541 Quia
2410 488 2540 529 vero
2585 472 2831 528 futurum
2865 473 3005 536 erat,
3033 478 3093 525 ut
3126 486 3222 542 per
3267 478 3569 526 totum'or-

314 576 420 644 γῆν
448 574 539 626 καὶ
572 572 846 625 Θάλασσαν
872 568 1102 640 suam»
1143 568 1462 639 Ἐκκλησίαι
1482 569 1559 640 τῷ
1601 569 1720 639 Θεῷ
1746 570 1896 622 συνί-

318 664 546 720 στασθαι
575 665 640 716 ἐκ
668 661 774 715 τῶν
824 660 1269 731 προλελεγμένων
1298 660 1550 731 πτωχῶν,
1592 660 1899 724 ἀκολούθως

318 756 701 825 ἐπισυνῆπται,
745 771 763 802 ι
800 752 894 804 καὶ
918 752 988 821 γῆ
1047 751 1140 804 καί
1183 750 1427 804 θάλασσα
1471 750 1566 804 καὶ
1611 750 1789 804 πάντα
1831 751 1898 803 τὰ

316 847 551 917 ἓρποντα
587 846 645 896 ἐν
677 844 911 906 αὐτοῖς.)
943 844 1218 914 ’Ἑρποντα
1250 842 1308 895 δὲ
1357 841 1451 894 ἐπ)⁸
1488 842 1594 911 γῆς
1647 842 1742 895 καὶ
1791 841 1892 893 θα-

317 934 520 1003 λάσσης
546 932 777 987 ἐνταῦθα
802 931 1131 1001 κελευόμενα
1160 933 1257 985 σὺν
1285 929 1496 1002 οὐρανῷ
1512 930 1606 983 καὶ
1630 933 1700 1001 γῇ
1731 931 1900 983 αἰνεῖν

315 1025 386 1079 τὰ
414 1025 540 1094 ἔθνη
560 1023 815 1095 τυγχάνει
842 1025 909 1077 τά
932 1026 988 1077 ἐν
1009 1021 1086 1091 τῷ
1120 1022 1298 1093 θνητῷ
1330 1021 1429 1092 βίῳ
1460 1019 1569 1073 τῶν
1597 1019 1899 1093 ἀνθρώπων

317 1115 562 1188 ἑρπετῶν
577 1114 732 1185 δίκην
759 1114 820 1167 τὸ
836 1114 1061 1167 παλαιὸν
1078 1112 1171 1166 ἐπὶ
1192 1112 1268 1182 τῷ
1297 1112 1481 1182 στήθει
1509 1111 1603 1169 καὶ
1624 1113 1690 1181 τῇ
1724 1110 1901 1180 κοιλίᾳ

318 1206 677 1277 πορευόμενα.
706 1206 817 1257 Καὶ
838 1203 993 1271 παρά
1032 1203 1111 1272 τῷ
1154 1202 1354 1273 Ἡσαΐᾳ
1384 1200 1548 1271 θηρία
1578 1201 1672 1253 καὶ
1698 1198 1902 1271 ἐρπετά

314 1294 663 1366 ἁλληγορικῷ
693 1293 883 1366 τρόπῳ
904 1294 973 1347 τὰ
1022 1292 1149 1364 ἔθνη
1188 1292 1473 1364 κέκληται,
1514 1293 1573 1345 ὲν
1621 1285 1704 1354 οἷς
1752 1291 1903 1361 εἰρη-

313 1405 429 1442 ταιο
467 1407 485 1436 ε
514 1387 624 1441 Καὶ
668 1385 1107 1457 συμϐοσκήσεται
1159 1383 1323 1447 λύκος
1393 1382 1532 1454 μετὰ
1581 1383 1764 1453 ἀρνὸς,
1808 1381 1903 1434 καὶ

315 1479 582 1550 πάρδαλις
604 1475 1076 1530 συναναπαύσεται
1131 1473 1322 1545 ἐρίφῳ,
1363 1475 1458 1527 καὶ
1478 1472 1613 1527 λέων
1641 1472 1716 1535 ὡς
1778 1470 1903 1541 βοῦς

314 1571 551 1641 φάγεται
599 1569 796 1639 ἄχυρα.
862 1567 985 1619 Καὶ
1012 1565 1225 1620 παιδίον
1270 1566 1464 1635 νήπιον
1514 1564 1607 1617 ἐτιτί⁸
1654 1562 1903 1636 τρώγλην

312 1663 563 1717 ἀσπίδων
599 1661 810 1713 καΐὲπί
842 1659 1028 1728 κοίτην
1054 1656 1294 1727 ἐγγόνων
1336 1656 1575 1711 ἀσπίδων
1626 1655 1723 1727 τὴν
1748 1656 1904 1725 χεῖρα

2000 569 2130 623 beru.
2154 568 2210 621 in
2243 578 2390 622 terra
2420 573 2474 620 et
2508 567 2564 623 in
2602 565 2738 619 mari
2771 563 3033 620 Ecclesia:
3078 564 3279 619 Deo-ex
3312 580 3583 618 memora-

1999 659 2071 713 tis
2105 658 2437 729 pauperibus
2467 658 2956 718 constituerentur,
2995 654 3294 711 secundum
3337 654 3450 707 haec
3486 655 3575 707 adr

1998 751 2148 804 ditur
2180 768 2193 803 :
2229 769 2248 801 ι
2287 761 2340 803 et
2368 757 2513 804 terra
2545 756 2600 803 et
2630 764 2780 804 mare
2818 759 2871 803 et
2893 748 3076 802 omnia
3104 747 3315 815 replilia
3347 746 3400 799 in
3433 746 3534 800 eis.
3559 765 3578 796 ι

2000 842 2132 908 Quae
2164 842 2380 911 reptilia
2413 843 2465 894 in
2494 849 2639 895 terra
2662 848 2715 895 et
2748 842 2803 895 in
2848 840 2987 894 mari
3040 855 3153 892 una
3185 853 3309 892 cum
3346 846 3493 890 terra
3530 847 3585 891 et

2001 935 2141 988 cmlo
2181 933 2406 987 laudare
2451 933 2742 1002 iubentur,
2786 939 2977 1002 gentes
2997 939 3146 994 sunt,
3194 946 3315 1001 qua:
3343 930 3473 984 olim
3528 931 3583 984 in

2001 1026 2218 1079 mortali
2244 1024 2525 1078 hominum
2561 1025 2670 1078 vita
2689 1024 2964 1095 reptilium
2996 1023 3172 1077 instar
3196 1036 3357 1092 supra
3390 1027 3585 1091 pectus

2002 1126 2055 1172 et
2107 1126 2345 1171 ventrem
2380 1116 2787 1187 gradiebantur.
2842 1113 2900 1170 In
2936 1117 3077 1171 Isaia
3125 1131 3343 1186 quoque
3380 1115 3584 1171 ferte-et

2002 1209 2217 1277 reptilia
2265 1209 2560 1280 allegorice
2594 1225 2744 1264 more
2775 1215 2965 1279 gentes
3000 1215 3284 1272 vocantur,
3339 1222 3463 1262 cum
3496 1209 3578 1267 di-

1994 1304 2148 1356 citur
2178 1322 2191 1356 :
2233 1321 2251 1354 ι
2291 1300 2358 1355 Et
2389 1308 2576 1372 pascet
2600 1302 2760 1371 lupus
2798 1316 2921 1357 cum
2951 1316 3113 1372 agno,
3141 1308 3194 1355 et
3216 1299 3420 1371 pardus
3452 1316 3579 1355 cum

2002 1393 2158 1447 haedo
2188 1392 2497 1456 accubabit,
2541 1401 2595 1446 et
2629 1393 2715 1447 leo
2751 1394 2910 1462 quasi
2952 1392 3053 1447 bos
3097 1391 3346 1447 comedet
3368 1392 3577 1463 paleas.

2005 1482 2069 1537 Et
2102 1498 2237 1552 puer
2263 1481 2446 1538 infans
2480 1484 2532 1537 in
2566 1483 2773 1537 foveam
2834 1483 3105 1563 aspidum,
3139 1493 3192 1539 et
3222 1485 3274 1538 in
3312 1485 3489 1539 cubile
3516 1486 3579 1555 ll-

2006 1575 2202 1627 liorum
2268 1573 2516 1641 aspidu-m
2576 1589 2796 1628 manum
2851 1575 3092 1644 injiciet;
3125 1584 3179 1631 et
3223 1576 3355 1630 nihil
3385 1575 3580 1631 laedent

2005 1683 2127 1720 eum
2161 1666 2225 1720 °°.
2268 1685 2286 1717 ι
2325 1666 2456 1732 Quae
2497 1668 2600 1722 sub
2631 1667 2746 1721 haec
2785 1668 3066 1738 explicans
3095 1668 3349 1724 infertn
3378 1668 3444 1721 Et
3476 1669 3587 1725 erit

278 1818 283 1823 _
312 1752 590 1815 ἑπιϐαλεί,
616 1753 712 1804 καὶ
732 1752 794 1804 οὐ
838 1752 912 1822 μὴ
942 1747 1407 1820 ἀδικήσουσιν·ιά
1428 1748 1523 1801 καὶ
1537 1745 1903 1821 διερμηνεύων

2007 1758 2160 1811 radix
2187 1755 2377 1820 Iussa,
2407 1767 2461 1812 et
2493 1758 2585 1827 qui
2604 1758 2781 1829 surgit
2812 1759 2877 1813 ad
2897 1760 3273 1828 imperandum
3302 1761 3578 1832 gentibus,

311 1844 448 1911 ἑξῆς
476 1846 503 1896 6
525 1843 678 1908 λόγος
717 1842 985 1914 ἐπινρέρειο
1024 1859 1043 1892 ι
1069 1842 1179 1895 Καὶ
1208 1840 1358 1894 ἔσται
1415 1840 1448 1911 ή
1486 1838 1611 1910 ῥίζα
1640 1836 1734 1892 τοῦ
1769 1836 1899 1889 Ἰεσ-

2008 1841 2059 1893 ἰιι
2090 1855 2212 1895 eum
2248 1849 2436 1912 gentes
2475 1823 2854 1912 sperabunt".
2888 1864 2907 1894 ι
2946 1823 3117 1898 Tanta
3140 1823 3587 1917 igiturvgentiuni.

278 1934 414 1989 ,σαὶ
437 1932 533 1986 καὶ
567 1936 596 1986 6
627 1932 983 2000 ἀνιστάμενος
1018 1929 1207 2002 ἄρχειν
1252 1928 1442 2009 ἐθνῶν,
1496 1928 1556 1982 ὲν
1596 1924 1744 1996 αὐτῷ
1772 1925 1899 1997 ἔθνη

2005 1933 2308 1986 mutatione
2337 1932 2391 1986 in
2424 1934 2657 1987 adventu
2691 1934 2894 1989 Christi
2917 1935 3126 2001 effecta,
3146 1936 3267 2005 jure.
3291 1952 3415 1990 eum
3439 1935 3591 1991 coelo

306 2022 618 2079 ἐλπιοῦσιη
647 2022 759 2092 Τῆς
780 2018 874 2074 οὖν
906 2019 1204 2090 μεταϐολῆς
1241 2017 1447 2089 ταύτης
1482 2016 1592 2070 τῶν
1622 2014 1791 2068 ἐθνῶν
1809 2016 1903 2069 ἐπὶ

2005 2022 2262 2092 etiisqui
2296 2022 2351 2077 in
2403 2023 2542 2078 coelo
2594 2034 2722 2081 sunt
2780 2025 2988 2095 angelis
3052 2027 3309 2097 przedicta
3366 2029 3583 2098 reptilia

273 2115 386 2187 μιῇ
417 2112 514 2167 τοῦ
558 2110 795 2183 Χριστοῦ
826 2109 1102 2183 παρουσία
1140 2108 1490 2180 γιγνομένης,
1538 2105 1763 2169 εἰκότως
1804 2106 1901 2158 σὺν

2010 2113 2174 2168 Deum
2218 2113 2426 2168 laudari
2458 2113 2742 2183 iubentur.
2776 2114 2956 2181 Quare
2983 2116 3189 2170 dictum
3220 2131 3345 2173 est:
3376 2136 3394 2169 t
3429 2117 3577 2172 Lau-

282 2204 533 2281 .οὺρανῷ
595 2204 690 2258 καὶ
735 2207 847 2267 τοῖς
884 2204 1029 2257 κατ’..
1043 2202 1271 2273 οὐρανὸν
1319 2199 1569 2269 ἀγγέλοις
1606 2198 1673 2251 τὰ
1711 2197 1902 2251 ἀποδο-

2005 2205 2135 2259 dent
2163 2205 2316 2259 illum
2358 2207 2478 2261 coeli
2514 2216 2569 2262 et
2598 2214 2768 2271 terra,
2805 2223 2956 2262 mare
2988 2215 3043 2261 et
3084 2209 3265 2262 omnia
3284 2210 3496 2279 reptilia
3522 2209 3584 2263 in

284 2299 478 2352 -θέντα
528 2297 734 2371 ἑρπετά
787 2298 954 2350 αἰνεῖν
1006 2295 1401 2366 προστάττεται
1453 2293 1547 2345 τὸν
1606 2293 1760 2344 Θεόν.
1813 2290 1903 2343 Διὸ

2005 2297 2105 2350 eis.
2138 2315 2161 2346 ι
2196 2296 2482 2362 Quomndo
2513 2300 2974 2369 possuntreptilia
3005 2299 3173 2355 Deum
3209 2300 3449 2368 laudare,
3474 2301 3587 2357 nisi

316 2390 585 2444 λέλεκται’
618 2414 640 2441 ι
668 2388 1047 2443 Αίνεσὰτωσαν
1094 2386 1255 2440 αὑτὸν
1299 2384 1516 2457 οὐρανοὶ
1546 2384 1636 2437 καὶ
1676 2383 1770 2453 γῆ,
1810 2381 1906 2435 θά-

317 2481 499 2534 λασσα
529 2482 619 2534 καὶ
668 2481 847 2533 πάντα
886 2477 955 2529 τὰ
1009 2477 1251 2547 ἓρποντα
1281 2478 1339 2528 ἐν
1389 2475 1631 2537 αὐτοῖς.»
1675 2472 1798 2535 Πῶς
1846 2471 1904 2523 δὲ

290 2572 543 2627 ,δύναται
574 2571 665 2624 τὸν
694 2570 828 2624 Θεὸν
868 2571 1037 2623 αἰνεῖν
1066 2567 1134 2620 τά
1175 2567 1400 2638 ἑρπετὰ,
1440 2568 1486 2619 εἰ
1530 2565 1605 2637 μὴ
1650 2563 1906 2635 μετάσχοι

292 2666 635 2735 ,φρονήσεως
663 2663 758 2729 καὶ
813 2660 949 2714 Θεοῦ
1006 2659 1295 2728 γνώσεως;
1347 2658 1556 2711 Οὐκοῦν
1608 2656 1760 2709 θύσει
1804 2654 1903 2727 τὴν

317 2757 513 2812 ουσίαν
541 2757 639 2826 τῆς
676 2753 933 2816 αἰνέσεως
972 2753 1067 2805 καὶ
1093 2751 1163 2804 τά
1189 2750 1398 2822 ἑρπετά
1422 2767 1436 2814 ;
1467 2752 1588 2803 ’Ὁτι
1609 2749 1666 2803 δὲ
1690 2747 1901 2820 ἀνθρώ-

287 2864 459 2911 -πους
487 2847 574 2900 διὰ
608 2844 812 2899 τούτων
842 2845 1159 2907 αἰνίττεται,
1183 2842 1425 2897 διδάσκει
1453 2842 1514 2895 τὸ
1544 2841 1895 2909 Εὐαγγέλιον,

2004 2386 2293 2455 prudentia
2325 2396 2378 2442 et
2411 2390 2724 2457 cognitione
2757 2388 2849 2444 Dei
2906 2391 3176 2445 instructa
3198 2390 3228 2442 ?
3249 2391 3330 2444 An
3365 2392 3583 2463 replilia

2006 2479 2334 2532 sacrificium
2367 2480 2546 2534 laudis
2593 2479 2856 2536 offerent?
2920 2481 3075 2548 Quod
3135 2484 3425 2554 reptilibus
3472 2484 3589 2541 illis

2006 2568 2256 2625 homines
2283 2571 2719 2635 subindicentur,
2757 2577 2918 2627 docet
2950 2572 3301 2644 Evangelium
3336 2574 3421 2630 his
3459 2584 3584 2629 ver-

2000 2661 2085 2718 bis
2116 2677 2130 2713 :
2167 2684 2184 2713 ι
2215 2662 2501 2719 Genimina
2536 2666 2872 2735 viperarum,
2905 2667 3029 2735 quis
3059 2682 3156 2721 vos
3172 2665 3361 2719 docuit
3392 2665 3587 2735 fugere

1998 2768 2027 2806 a
2066 2762 2292 2808 ventura
2328 2756 2455 2810 ira?
2504 2755 2691 2811 Facite
2739 2772 2867 2827 ergo
2914 2755 3126 2812 fructus
3172 2757 3367 2826 dignos
3407 2757 3583 2826 pomi-

1996 2848 2181 2901 tentia:
2203 2848 2269 2900 ⁸⁸.
2310 2866 2329 2901 ι
2415 2856 2438 2879 ’-

296 2943 379 2994 -ἐν
405 2934 451 3009 ᾧ
478 2941 806 3011 γέγραπταν
854 2958 874 2990 ι
909 2939 1224 3007 Γεννήματα
1250 2936 1492 3007 ἐχιδνῶν,
1516 2937 1600 3001 τίς
1630 2936 1908 3003 ὑπέδειξεν
1943 2938 2070 3010 ὑμῖν
2106 2946 2296 3013 φυγεῖν
2323 2942 2431 2997 ἀπὸ
2455 2945 2554 3015 τῆς
2586 2943 2882 3015 μελλούσης
2909 2944 3113 3017 ὁργῆς;
3162 2944 3430 3014 Ποιήσατε
3488 2938 3589 2996 οὖν

316 3034 570 3106 καρποὺς
602 3032 786 3098 ἀξίους
811 3031 1114 3105 μετανοίας.
1144 3050 1161 3082 ι

289 3152 293 3155 ⁷
398 3154 555 3206 «Ὅτι
575 3150 748 3215 ὁΘεῖλς
778 3151 938 3204 σώσει
965 3150 1064 3222 τὴν
1092 3149 1249 3211 Σιὼν,
1268 3151 1359 3203 καὶ
1380 3149 1893 3223 οἰκοδομηθήσονται

2068 3148 2236 3204 Vsus.
2264 3149 2353 3212 56,
2376 3149 2463 3205 57.
2494 3169 2512 3201 ι
2537 3148 2805 3215 Quoniam
2830 3147 2976 3204 Deus
2998 3148 3201 3202 salvam
3234 3149 3396 3206 faciet
3422 3152 3583 3218 Sion,

313 3248 375 3303 αἱ
420 3245 604 3309 πόλεις
634 3245 734 3315 τῆς
791 3244 1102 3306 Ἰουδαίας.»
1160 3244 1349 3297 Αίτίαν
1396 3244 1688 3298 ἀποδίδωσι
1744 3244 1811 3297 δι’
1833 3246 1899 3316 ἦν

296 3338 542 3411 κούρανοί
577 3335 671 3390 καὶ
718 3333 791 3405 γῆ
830 3335 924 3388 καὶ
965 3335 1206 3388 θάλασσα
1250 3335 1342 3389 καὶ
1393 3335 1568 3388 πάντα
1592 3335 1661 3389 τὰ
1700 3337 1758 3389 ἐν
1804 3338 1902 3391 αύ-

316 3432 434 3493 τοῖς
467 3427 699 3481 αἰνέσειν
753 3427 1003 3496 λέγονται
1053 3427 1148 3480 τὸν
1187 3426 1339 3481 θεόν.
1377 3427 1437 3480 Ἦ
1469 3427 1526 3480 δὲ
1559 3428 1707 3483 αἰτία
1754 3431 1900 3484 ἐστὶν

316 3522 486 3591 αὕτη,
532 3539 549 3571 ι
575 3520 696 3573 Ὅτι
729 3521 757 3572 6
788 3518 920 3581 Θεὸς
952 3517 1115 3571 σώσει
1170 3518 1267 3591 τὴν
1298 3517 1456 3585 Σιὼν,
1483 3522 1577 3574 καί
1617 3523 1903 3595 οἰκοδομη-

315 3610 580 3683 θήσονται
624 3609 681 3661 αἰ
740 3607 924 3672 πόλεις
986 3608 1293 3673 Ἰουδαίας.)
1346 3610 1513 3664 Ποίαν
1571 3608 1630 3665 δὲ
1662 3612 1819 3679 Σιὼν,
1865 3614 1899 3685 ἢ

313 3699 565 3774 δηλονότι
592 3698 690 3770 τὴν
717 3697 837 3752 καθ’
866 3698 993 3769 ὅλης
1014 3698 1110 3768 τῆς
1132 3700 1450 3771 οἰκουμένης
1478 3700 1778 3771 ίδρυθεῖσαν
1806 3703 1901 3757 τοῦ

315 3792 578 3863 Σωτῆρος
621 3789 778 3862 ήμῶν
823 3788 1181 3860 Ἐκκλησίαν;
1208 3791 1396 3854 Πόλεις
1441 3791 1499 3843 δὲ
1543 3794 1800 3857 Ἰουδαίας
1828 3793 1903 3867 μὴ

313 3886 473 3938 ὂκνει
525 3881 705 3951 λέγειν
750 3880 850 3944 τὰς
893 3879 1282 3943 θεοπνεύστους
1337 3880 1578 3952 Γραφάς,
1637 3883 1704 3937 δι’
1760 3879 1834 3939 ὧν
1866 3888 1900 3957 ή

329 3972 602 4045 Ἰουδαῖκὴ
633 3971 875 4025 πολιτεία
928 3970 1256 4024 τετύπωται.
1317 3971 1458 4025 Ἀλλ’
1509 3965 1668 4027 αὗται
1704 3974 1803 4045 μὲν
1847 3978 1904 4030 αἱ

316 4067 511 4129 πόλεις
544 4065 873 4136 καθήρηντο,
905 4062 1027 4116 ὅσον
1069 4063 1161 4115 ἐπὶ
1203 4062 1498 4128 Ἰουδαίοις,
1534 4064 1819 4137 οἰκοδομὴν
1847 4066 1904 4120 δὲ

316 4159 583 4229 εἰλήφασι
614 4156 700 4210 διὰ
731 4158 833 4228 τῆς
864 4159 922 4211 ἐν
951 4156 1171 4229 Χριστῴ
1200 4158 1395 4231 καινῆς
1424 4158 1801 4224 διδασκαλίαςδ
1835 4161 1904 4215 δι’

1999 3248 2051 3294 et
2090 3238 2507 3293 aedificabuntur
2535 3238 2787 3293 civitates
2839 3236 3057 3292 Judzeae.
3104 3257 3122 3289 ι
3161 3237 3392 3294 Causam
3421 3242 3577 3298 effert

2000 3346 2100 3386 cur
2118 3330 2265 3393 cmli,
2333 3337 2500 3394 terra,
2559 3344 2709 3383 mare
2742 3337 2797 3382 ct
2828 3328 3009 3383 omnia
3070 3346 3191 3399 quae
3231 3331 3285 3385 in
3341 3333 3422 3387 eis
3454 3342 3585 3389 sunt

2001 3422 2170 3478 Deum
2201 3423 2486 3478 Iauda‘tura
2509 3438 2631 3479 esse
2659 3421 2932 3476 dicantur.
2971 3420 3047 3475 Ea
3083 3438 3211 3479 vero
3236 3431 3319 3479 est
3344 3442 3357 3478 :
3396 3443 3415 3477 ι
3438 3423 3583 3493 Quo—

2001 3516 2147 3568 niam
2188 3515 2329 3568 Deus
2355 3515 2561 3570 salvam
2597 3512 2759 3566 faciet
2791 3511 2947 3578 Sion,
2979 3520 3032 3566 et
3059 3512 3476 3568 mditicabunlur
3500 3531 3581 3569 c1-

2000 3609 2198 3664 vitates
2228 3606 2446 3662 Judaxe.
2471 3625 2489 3656 ι
2524 3604 2696 3670 Quam
2720 3601 2939 3659 Sionem
2974 3604 3126 3669 dicit,
3152 3604 3255 3659 nisi
3285 3604 3582 3661 Ecclesium

2006 3695 2316 3752 Servatoris
2352 3694 2525 3750 nostri
2572 3694 2626 3747 in
2664 3700 2778 3747 toto
2807 3693 2939 3747 orbe
2967 3692 3290 3747 fundatam?
3322 3695 3589 3754 Civitates

2004 3775 2188 3841 autem
2220 3783 2421 3839 Judaete
2443 3801 2512 3838 ne
2555 3783 2834 3838 cuncteris
2864 3781 3049 3840 dicere
3078 3785 3343 3840 divinitus
3374 3787 3587 3847 adlatas

2006 3872 2342 3945 Seripturas,
2366 3875 2523 3943 queis
2550 3871 2860 3925 Judmorum
2896 3873 3206 3942 respublica
3232 3874 3578 3932 informatur.

2007 3958 2115 4023 Sed
2163 3966 2247 4020 lue
2305 3965 2529 4036 quidem
2586 3963 2861 4028 civitates,
2928 3972 3195 4033 quantum
3248 3965 3315 4019 ad
3363 3964 3582 4023 Judaaos

2005 4056 2319 4129 spectat,de
2343 4056 2521 4111 medio
2553 4055 2783 4110 sublata:
2796 4062 2952 4121 sunt;
2985 4055 3078 4110 sed
3107 4055 3288 4109 denuo
3307 4058 3585 4114 aediﬁcata

2006 4166 2104 4223 per
2136 4165 2331 4206 novam
2363 4150 2417 4204 in
2436 4149 2654 4205 Christo
2693 4149 2995 4204 doctrinam
3032 4148 3202 4212 fuere,
3240 4166 3345 4220 qua
3375 4159 3427 4206 et
3454 4168 3584 4208 vera

312 4248 387 4323 ἦς
418 4247 519 4301 καὶ
546 4248 578 4318 ή
601 4246 828 4320 ἀληθινὴ
851 4245 1120 4319 περιτομὴ
1149 4247 1482 4311 συνίσταται,
1521 4249 1617 4303 καὶ
1645 4248 1719 4302 τὰ.
1746 4267 1903 4304 πνευ-

2009 4238 2357 4295 circumcisio
2409 4237 2689 4304 consistit,
2729 4253 2944 4292 necnon
2980 4240 3288 4310 spiritualia
3321 4240 3580 4303 Sabbata.

318 4337 540 4414 ματικά
593 4337 862 4402 Σάϐϐατα,
908 4339 1005 4392 καὶ
1060 4341 1116 4393 αί
1173 4337 1539 4412 πνευματικαί
1585 4340 1765 4393 θυσίαι
1813 4342 1903 4396 καὶ

2009 4324 2323 4403 spirituales
2348 4331 2544 4387 hostia:
2581 4339 2635 4385 et
2659 4329 2843 4387 omnia
2863 4347 2984 4403 quae
3026 4332 3141 4387 haec
3171 4343 3589 4404 consequuntur

314 4432 508 4486 πάντα
536 4425 747 4490 τούτοις
790 4425 1098 4491 ἀκολούθως
1144 4425 1287 4481 κατά
1322 4426 1423 4499 τὴν
1473 4425 1903 4498 ἑρμηνείανοτοῦ

2010 4423 2312 4481 secundum
2363 4423 2865 4493 interpretationem
2922 4426 3225 4496 spiritualis
3274 4426 3426 4499 legis.
3492 4426 3584 4482 Sic

314 4518 701 4592 πνευματικοῦ
727 4517 914 4589 νόμου.
933 4516 1122 4582 Οὕτως
1145 4514 1242 4572 οὖν
1269 4517 1677 4589 οἰκοδομοῦνται
1728 4518 1785 4572 αἱ
1814 4516 1903 4571 πό-

2012 4515 2198 4586 itaque
2219 4512 2562 4570 aedificantur
2588 4515 2843 4571 civitates
2861 4514 3088 4585 Iudaeae,
3117 4519 3172 4574 in
3202 4520 3394 4591 eisque
3426 4520 3584 4575 iuba-

314 4616 433 4678 λεις
464 4612 570 4683 τῆς
610 4609 888 4673 Ἰουδαίας,
928 4609 1024 4663 καὶ
1068 4610 1488 4681 κατοικήσουσιν
1530 4610 1590 4663 ἐν
1630 4609 1822 4673 αὑταῖς
1856 4609 1903 4662 0i

2005 4610 2263 4665 bitabunt
2293 4609 2445 4664 cives
2473 4616 2529 4664 et
2559 4609 2805 4666 haeredes
2838 4611 3235 4680 promissorum
3270 4628 3391 4683 quae
3420 4613 3473 4667 in
3500 4614 3586 4668 di-

314 4705 543 4761 πολῖται
569 4700 661 4754 καί
684 4702 734 4753 0i
766 4698 1092 4771 κληρονόμοι
1120 4696 1228 4752 τῶν
1247 4699 1305 4751 ὲν
1324 4700 1446 4761 ταῖς
1470 4697 1644 4762 θείαις
1662 4698 1903 4769 Γραφαίς

2008 4699 2153 4756 vinis
2202 4697 2505 4768 Scripturis
2547 4698 2818 4755 feruntur.
2848 4700 3031 4766 Quare
3057 4702 3263 4757 dictum
3311 4714 3395 4758 est
3421 4720 3435 4754 :
3465 4724 3485 4755 ι
3517 4703 3586 4758 Et

313 4793 777 4868 ἐπηγγελμένων*
801 4791 880 4845 διὸ
912 4791 1187 4846 λέλεκταιο
1221 4808 1241 4841 ι
1273 4792 1384 4844 Καὶ
1410 4791 1903 4863 κληρονομήσουσιν

2005 4788 2404 4845 hrereditabunt
2438 4789 2606 4845 illam.
2645 4810 2667 4843 ι
2700 4788 2806 4844 Sed
2829 4791 2993 4845 etiam
3027 4809 3047 4843 ι
3085 4806 3267 4847 semen
3301 4808 3583 4849 servorum

312 4888 557 4958 αὑτήν.)
603 4884 763 4937 Ἀλλά
801 4885 895 4939 καὶ
956 4904 974 4936 ι
1007 4884 1068 4938 τὸ
1096 4884 1317 4957 σπέρμα
1348 4884 1460 4937 τῶν
1507 4884 1706 4939 δούλων
1741 4883 1903 4938 αὐτοῦ⁹

2011 4883 2132 4953 ejus
2154 4883 2457 4953 possidebit
2476 4898 2619 4938 eam.
2648 4900 2669 4933 ι
2699 4881 2850 4938 Servi
2878 4890 3056 4939 autem
3084 4884 3203 4953 ejus
3225 4885 3317 4955 qui
3360 4886 3582 4950 fuerint,

313 4979 649 5045 καθέξουσιν
677 4978 866 5047 αὐτήν.
889 4997 907 5026 ι
961 4975 1146 5028 Δοῦλοι
1178 4974 1236 5027 δὲ
1281 4974 1449 5027 αὐτοῦ
1496 4975 1637 5038 τίνες
1667 4973 1733 5028 ἂν
1776 4971 1906 5039 εἶεν,

313 5072 349 5142 ἦ
378 5070 609 5128 πάντως
633 5067 681 5117 οί
739 5065 835 5117 τοῦ
871 5064 1121 5135 Σωτῆρος
1163 5063 1322 5135 ήμῶν
1373 5062 1649 5133 μαθηταὶ,
1710 5065 1805 5117 καὶ
1848 5062 1911 5116 τὸ

315 5161 555 5232 σπέρμα
580 5155 641 5208 τὸ
673 5155 795 5209 καθ’
833 5156 961 5226 ὅλης
1010 5156 1109 5225 τῆς
1158 5155 1480 5225 οἰκουμένης
1536 5154 1907 5224 κατασπαρὲν,

316 5255 462 5323 ὅπερ
509 5247 610 5318 τὴν
666 5242 1027 5318 κληρονομίαν
1076 5246 1179 5317 τὴν
1233 5245 1652 5316 ἐπηγγελμένην
1699 5245 1757 5299 ὲν
1791 5246 1914 5309 ταῖς

316 5346 504 5404 θείαις
534 5340 778 5409 Γραφαῑς
831 5336 1047 5401 καθέξει
1067 5353 1097 5402 ;η
1127 5336 1286 5389 Ἀλλά
1317 5338 1414 5390 καὶ
1475 5338 1569 5389 σοί
1592 5335 1912 5405 ἀγαπῶντες

316 5435 379 5487 τὸ
415 5432 600 5500 ὄνομα
625 5424 790 5479 αὐτοῦ
839 5422 1356 5496 κατασκηνώσουσιν
1393 5427 1451 5479 ὲν
1493 5424 1653 5495 αὐτῇ,
1686 5442 1705 5475 ι
1746 5416 1910 5495 ’δῆλον

318 5530 362 5583 δ’
397 5529 486 5581 ὃτι
519 5525 590 5593 τῇ
612 5522 968 5594 κληρονομίᾳ·
1001 5516 1084 5584 οἷς
1129 5520 1469 5591 λεχθήσεται’
1510 5539 1529 5570 ι
1558 5519 1720 5572 Δεῦτε
1740 5521 1788 5571 οἱ
1820 5519 1908 5570 εὐ·-

317 5617 623 5690 λογημένοι
653 5615 747 5669 τοῦ
772 5614 984 5685 Πατρός
1020 5631 1141 5685 μου,
1174 5608 1615 5684 κληρονομήσατε
1644 5612 1740 5681 τὴν
1765 5613 1910 5683 ἡτοια

2017 4975 2123 5030 nisi
2151 4973 2293 5028 haud
2352 4973 2518 5029 dubie
2563 4974 2864 5030 Salvatoris
2900 4975 3071 5029 nostri
3096 4975 3373 5046 discipuli,
3418 4985 3472 5031 et
3508 4994 3589 5034 se-

2015 5080 2138 5120 men
2165 5064 2222 5119 in
2247 5063 2506 5120 universo
2532 5067 2663 5121 orbe
2711 5081 2983 5137 sparsum,
3036 5066 3180 5135 quod
3210 5067 3586 5123 hmreditatem

2016 5155 2074 5209 in
2107 5154 2309 5211 divinis
2368 5155 2668 5227 Seripturis
2728 5157 3052 5227 promissam
3099 5158 3397 5213 obtinebit?
3432 5159 3587 5224 lmo,

2025 5263 2045 5297 ι
2082 5246 2176 5316 qui
2208 5246 2443 5318 diligunt
2495 5262 2693 5302 nomen
2734 5248 2852 5317 ejus
2918 5248 3235 5302 habiiabunt
3267 5250 3318 5302 in
3370 5265 3457 5313 ea,
3481 5269 3498 5300 ι
3537 5251 3587 5305 id

2016 5347 2122 5402 est,
2178 5337 2233 5393 in
2286 5354 2349 5393 ea
2388 5339 2720 5395 haereditate.
2779 5339 2989 5404 Quibus
3046 5338 3297 5395 dicetur:
3330 5337 3583 5401 «Venite,

2017 5428 2286 5485 benedicti
2309 5428 2484 5485 Patris
2512 5431 2636 5493 mei,
2663 5430 2922 5500 percipite
2972 5447 3197 5500 regnum
3231 5431 3387 5486 vobis
3424 5447 3583 5502 para-

2014 5529 2128 5575 tum
2157 5538 2187 5575 a
2219 5522 2611 5578 constitutione
2657 5521 2842 5575 mundi
2868 5523 2935 5574 ‘°'.
2991 5541 3009 5573 ι
3050 5521 3203 5588 Quod
3248 5522 3293 5576 si
3341 5520 3582 5578 cmleslis

2014 5613 2085 5666 sit
2114 5611 2207 5668 Dei
2239 5612 2429 5669 civitas
2466 5612 2617 5677 Sion,
2660 5612 2726 5669 de
2753 5629 2855 5685 qua
2895 5615 3186 5684 Apostolus
3214 5614 3327 5669 haec
3351 5613 3580 5693 docuit:

397 5740 584 5826 “fisa.
612 5730 828 5837 xuii-9.
910 5724 1109 5824 6’"zbid.
1134 5768 1215 5823 l0.
1291 5767 1333 5797 επ
1357 5762 1488 5821 Luc.
1528 5778 1609 5833 ιιι,
1641 5766 1693 5821 8.
1771 5767 1812 5796 δ’*
1847 5763 2034 5818 Matth.
2068 5782 2191 5830 xxv,
2220 5765 2304 5818 3i.
