4056 6406
467 368 572 426 767

1137 366 1412 424 EUSEBII
1448 367 1936 425 CESARIENSIS
1971 365 2124 423 OPP.
2167 362 2349 419 PARS
2386 363 2485 419 ιιι.
2528 393 2597 403 -
2635 358 3051 417 EXEGETICA.

3631 356 3743 412 788:

463 499 592 561 quae
614 491 700 543 est
727 489 900 539 mater
926 488 1119 539 nostra
1141 483 1224 546 τος
1263 490 1317 539 et
1352 502 1367 539 :
1407 502 1425 530 σ
1457 483 1785 540 Accessistis
1814 460 2043 538 ad.Sion

2147 480 2211 533 Et
2243 479 2301 540 δὲ
2325 477 2649 549 ἐπουράνιος
2683 474 2918 530 ἐστιτοῦ
2957 472 3095 529 Θεοῦ
3130 471 3283 536 πόλις
3313 471 3473 537 Σιὼν,
3517 472 3649 545 περὶ
3667 467 3739 547 ἧς
3784 466 3805 479 ’⁵

465 586 728 638 montem,
752 582 807 632 et
837 575 1111 630 civitatem
1156 573 1251 631 Dei
1288 576 1549 654 viventis,
1595 575 1900 631 Jerusalem
1932 588 2046 629 cm-

462 670 657 726 lestem
677 669 786 735 ⁷¹;ι
817 666 1056 722 fueritne
1081 665 1284 721 Iudaeae
1317 668 1552 724 civitas?
1584 667 1680 723 sed
1702 680 2046 737 consequen-

460 770 548 818 ter
601 761 852 815 dicamus
887 774 1013 815 esse
1067 761 1347 816 crelestem
1401 758 1530 815 Sion
1580 760 1673 814 ubi
1732 760 2047 815 mansiones

458 852 609 924 apud
636 851 856 907 Patrem
884 851 1067 907 multa:
1106 854 1179 905 ἠε
1210 867 1348 923 quas
1381 852 1619 906 incolent
1650 859 1703 905 et
1734 852 2048 907 lmredltate

460 945 736 1016 accipient
762 960 955 1001 omnes
978 944 1124 1000 servi
1149 944 1292 1014 ejus,
1321 945 1438 998 sive
1472 943 1549 997 illi
1592 946 1723 999 olim
1770 945 2048 1014 propheta:

459 1046 515 1092 et
549 1038 792 1109 religiosi
812 1038 938 1104 viri,
970 1038 1086 1095 sive
1108 1038 1201 1108 qui
1242 1045 1431 1107 postea
1485 1038 1724 1093 ministri
1766 1035 2047 1106 Evangelii

462 1129 638 1199 ipsius
669 1128 841 1186 fuere.
882 1126 996 1185 lmo
1029 1129 1193 1184 etiam
1249 1143 1437 1184 semen
1482 1143 1672 1184 eorum
1697 1126 1906 1185 scilicet
1954 1125 2048 1194 qui

461 1221 534 1277 ab
564 1222 671 1278 illis
703 1221 1005 1277 secundum
1057 1220 1227 1277 Deum
1257 1221 1365 1276 orti
1415 1230 1565 1285 sunt,
1620 1221 1868 1290 profectu
1896 1217 2040 1271 aucti

462 1320 517 1367 et
542 1313 610 1369 ad
640 1313 936 1385 perlectam
964 1312 1055 1367 Dei
1084 1313 1410 1371 charitatem
1433 1312 1734 1383 progressi,
1781 1311 1885 1365 hoc
1930 1324 2045 1364 mn-

461 1419 568 1460 nus
628 1402 1071 1473 condignumque
1122 1403 1408 1473 praemium
1464 1401 1537 1461 ab
1592 1402 1713 1472 ipso
1754 1398 2044 1470 recipient,

458 1493 608 1567 quod
635 1493 940 1555 inhabitent
967 1494 1022 1547 in
1055 1493 1325 1563 promissa
1359 1490 1466 1548 sibi
1498 1490 1835 1546 haereditate.

2146 574 2176 626 ὀ
2225 570 2545 634 Ἀπόστολος
2576 566 2811 635 ἐδίδαξεν
2854 566 3043 622 είπὼν·
3085 585 3104 619 ‹
3144 564 3295 620 Ἡδὲ
3323 564 3437 619 ἄνω
3475 563 3742 639 Ἰερουσα-

2146 662 2259 734 λὴμ
2284 660 2547 739 ἐλευθέρα
2573 661 2742 725 ἐστὶν,
2796 659 2919 731 ἥτις
2964 658 3082 711 ἐστὶ
3132 657 3316 728 μήτηρ
3358 653 3580 727 ήμῶνω,
3621 655 3734 720 καὶ,

2155 774 2173 807 ι
2200 751 2640 825 Προσεληλύθατε
2670 749 2810 805 Σιὼν
2860 750 2999 822 lipsi,
3048 749 3143 804 ml.
3194 747 3346 802 πόλει
3371 747 3507 801 Θεοῦ
3534 746 3738 812 ζῶντος

2162 843 2517 916 Ἰερουσαλὴμ
2541 842 2868 914 ἐπουρανίῳ,
2884 861 2902 893 ι
2929 837 3038 895 εἷεν
3066 840 3134 894 ἂν
3151 840 3306 901 πόλις
3328 839 3429 911 τῆς
3452 838 3735 904 Ίουδαίαςς

2151 936 2227 1009 (l)
2259 937 2325 990 δι’
2357 936 2424 1000 ἃς
2472 934 2783 997 ἀκολούθως
2816 937 2883 1005 τῇ
2911 933 3218 1004 ἐπουρανίῳ
3260 931 3399 986 Σιὼν
3428 932 3493 985 αὶ
3542 930 3738 985 πολλαὶ

2152 1031 2302 1103 παρά
2355 1030 2434 1099 τῷ
2472 1028 2648 1099 Πατρὶ
2680 1028 2857 1098 μοναὶ,
2889 1029 2948 1079 ἐν
2981 1021 3069 1090 αἷς
3110 1025 3520 1096 κατοικήσουσι,
3544 1023 3643 1076 καὶ
3667 1023 3736 1085 ἃς

2153 1121 2621 1194 κληρονομήσουσι
2651 1120 2852 1184 πάντες
2878 1121 2927 1172 οί
2948 1117 3123 1171 δοῦλοι
3153 1114 3340 1171 αὑτοῦ·
3386 1115 3441 1168 οἵ
3478 1130 3540 1166 τε
3565 1113 3735 1175 πάλαι

2150 1214 2432 1284 γενόμενοι
2454 1212 2728 1285 προφῆται
2751 1211 2846 1266 καὶ
2867 1208 3132 1279 θεοφιλεῖς
3161 1207 3373 1280 ἄνδρες,
3404 1205 3501 1258 καὶ
3524 1203 3734 1275 οἱμετὰ

2149 1306 2322 1359 ταῦτα
2345 1305 2613 1375 ὑπηρέται
2671 1306 2766 1358 καὶ
2786 1303 3022 1359 διάκονοι
3050 1298 3145 1353 τοῦ
3179 1296 3514 1366 Εὑαγγελίου
3545 1294 3732 1353 αὐτοῦ.

2159 1396 2322 1451 Ἀλλὰ
2347 1399 2441 1460 καὶ
2469 1395 2530 1449 τὸ
2574 1395 2798 1467 σπέρμα
2849 1392 3051 1456 αὐτῶν,
3086 1392 3138 1444 ot
3182 1389 3241 1457 ἐξ
3301 1387 3482 1443 αὐτῶν
3532 1386 3735 1461 δηλαδὴ

2141 1492 2290 1543 κατὰ
2322 1488 2455 1542 Θεὸν
2502 1486 2880 1558 γεγενημένοι,
2917 1482 3288 1556 προκόψαντες
3311 1482 3405 1535 καὶ
3450 1480 3532 1542 είς
3559 1479 3619 1533 τὸ
3641 1478 3732 1532 τέ-

460 1587 602 1645 λειον
650 1587 895 1652 ἐλθόντες
937 1587 1038 1657 τῆς
1069 1586 1163 1641 τοῦ
1219 1587 1356 1640 θεοῦ
1402 1586 1643 1656 ἀγάπης,
1687 1584 1846 1639 τοῦτο
1879 1581 2050 1655 γέρας
2075 1582 2256 1649 ἕξουσι
2281 1585 2376 1640 καὶ
2412 1584 2603 1657 μισθὸν
2633 1581 2854 1648 ἐπάξιον
2904 1582 3035 1655 παρ’
3095 1578 3284 1645 αὐτοῦ,
3326 1579 3390 1634 τὸ
3452 1591 3734 1647 κατασκη-

459 1683 628 1738 νῶσαι
647 1685 704 1737 ἐν
732 1687 795 1756 τῇ
831 1682 1211 1755 ἐπηγγελμένῃ
1238 1685 1422 1747 αὐτοῖς
1445 1682 1800 1753 κληρονομίᾳ.

461 1778 516 1837 ι.
556 1777 625 1833 IN
655 1776 889 1845 FINEM,
941 1777 1075 1837 lPSt
1132 1774 1339 1830 oavm
1391 1774 1459 1829 1N
1498 1769 2039 1831 REMEMORATIO—
2070 1780 2111 1834 Β
2141 1768 2251 1822 an:
2288 1769 2376 1822 ro
2440 1767 2663 1822 ΤΕΛΟΣ
2711 1767 2798 1839 ra
2845 1767 3043 1845 ΔιῃζιΔ
3083 1766 3219 1837 ~1:12:
3291 1764 3727 1821 ANAMNHZIN.

1067 1846 1231 1902 NEM.
1261 1845 1452 1901 LXIX.

530 1938 699 1996 Vens.
736 1939 857 1998 2-4.
905 1958 925 1993 ι
967 1937 1134 2002 Deus,
1168 1938 1223 1992 in
1271 1935 1606 2006 adiutorium
1641 1949 1822 1990 meum
1872 1933 2048 1988 inten-

453 2031 546 2087 de.
581 2050 599 2084 ι
632 2030 818 2101 Neque
837 2031 1116 2107 canticum
1140 2069 1157 2092 ,
1189 2044 1365 2098 neque
1408 2029 1650 2099 psalmus
1670 2066 1687 2088 ,
1714 2041 1891 2096 neque
1915 2026 2046 2096 quid

457 2122 637 2177 simile
667 2121 747 2184 bi,
783 2137 922 2193 quos
952 2128 1291 2183 tractamus,
1333 2134 1614 2174 sermones
1663 2125 1831 2174 sunt:
1884 2125 2046 2172 caete-

457 2228 581 2269 rum
613 2214 680 2268 ad
728 2213 890 2268 linem
942 2213 1252 2277 remittunt,
1281 2212 1409 2282 quia
1444 2210 1512 2266 de
1542 2209 1728 2265 futuro
1772 2211 2045 2280 supplica-

457 2304 661 2359 tionem
694 2301 915 2355 habent.
977 2299 1243 2357 Dicuntur
1295 2309 1510 2366 autem,
1556 2318 1575 2352 ι
1620 2299 1723 2370 ipsi
1764 2298 1936 2355 David
1988 2301 2044 2354 in

459 2393 1004 2459 rememorationem;
1042 2412 1061 2445 ι
1092 2403 1277 2462 utpote
1299 2392 1392 2469 qui
1419 2393 1540 2448 ideo
1569 2392 1700 2447 dicti
1730 2391 1951 2455 fuerint,
1984 2402 2039 2447 ut

458 2491 646 2554 posset
686 2498 780 2539 eos
822 2483 877 2537 in
933 2492 1184 2554 promptu
1213 2499 1306 2539 ore
1341 2484 1604 2553 proferre,
1642 2493 1809 2554 utque
1841 2484 1909 2540 iis
1946 2500 2046 2554 pro

458 2574 701 2629 remedio
732 2576 787 2629 in
818 2576 1041 2631 casibus
1069 2576 1235 2631 variis
1258 2584 1521 2631 uteretur.
1556 2575 1673 2630 Duo
1705 2586 1886 2632 autem
1914 2584 2045 2631 sunt

461 2685 482 2716 ‹
524 2667 576 2720 in
606 2668 1117 2723 rememorationem
1152 2688 1171 2719 ι
1202 2669 1486 2740 inscripti;
1514 2669 1605 2725 hic
1641 2685 1803 2740 quem
1838 2677 2046 2724 tracta-

455 2775 600 2825 mus,
631 2767 688 2815 et
738 2776 946 2827 xxxvii,
981 2760 1073 2832 qui
1130 2763 1260 2815 item
1296 2779 1315 2808 ο
1357 2762 1412 2815 in
1458 2761 1976 2817 rememorationem
2018 2780 2037 2813 ι

456 2852 757 2923 inscriptus
783 2862 889 2908 est.
940 2850 1044 2908 Sed
1075 2854 1166 2908 ille
1198 2869 1308 2933 non
1341 2853 1408 2908 ad
1440 2854 1598 2909 linem
1627 2854 1896 2919 remittit,
1946 2852 2043 2910 sed

453 2952 541 2997 est
573 2960 591 2994 ι
633 2944 879 3013 psalmus
923 2943 1115 2999 Davidi
1172 2944 1226 2998 in
1286 2946 1829 3012 rememorationem;
1878 2965 1896 2999 ι
1956 2947 2042 3002 hic

455 3051 590 3089 vero
621 3052 640 3085 ι
670 3035 724 3089 in
754 3034 913 3089 linem
956 3054 973 3087 ι
1013 3037 1314 3105 inscriptus
1358 3043 1460 3091 est.
1517 3035 1651 3093 Nam
1680 3053 1887 3101 xxxvu,
1933 3053 2041 3091 non

454 3128 638 3184 futura
673 3129 1103 3198 praenuntiabat,
1157 3131 1252 3185 sed
1286 3130 1681 3199 praeteritarum
1712 3145 1897 3183 rerum
1926 3145 2042 3183 me-
2070 3153 2116 3214 ο

457 3220 689 3273 moriam
724 3220 1061 3274 relricahat:
1095 3221 1446 3291 quamobrem
1479 3221 1668 3275 eodem
1695 3237 1805 3291 quo
1856 3230 2044 3276 sextus

454 3311 682 3365 exordio
706 3312 897 3373 utitur,
935 3328 1148 3383 nempe,
1186 3332 1205 3364 ι
1260 3313 1504 3371 Domine.
1528 3328 1595 3367 ne
1630 3313 1683 3366 in
1735 3312 1917 3367 furore
1951 3320 2045 3365 tuo

456 3414 657 3469 arguas
706 3415 820 3464 me,
871 3418 1049 3472 neque
1098 3401 1152 3456 in
1205 3402 1284 3455 ira
1323 3410 1414 3456 tua
1463 3404 1729 3473 corripias
1771 3419 1873 3458 me.
1917 3423 1936 3456 ι
1980 3402 2046 3457 Ει

455 3491 647 3546 eodem
683 3501 912 3563 uterque
938 3503 1263 3565 argumento
1304 3501 1481 3549 erant.
1544 3494 1824 3566 Siquidem
1858 3506 2044 3551 sextus

456 3582 513 3637 in
567 3585 925 3653 sequentibus
965 3585 1079 3640 ait:
1132 3604 1149 3635 ι
1198 3585 1466 3641 Laboravi
1523 3589 1577 3641 in
1628 3588 1827 3656 gemitu
1880 3604 2041 3641 meo:

455 3675 650 3731 lavabo
673 3694 770 3747 per
795 3679 1043 3751 singulas
1079 3688 1268 3735 noctes
1299 3680 1500 3735 lectum
1528 3695 1709 3735 meum
1731 3720 1745 3739 .
1788 3680 2045 3753 lacrymis

455 3767 594 3822 meis
638 3777 873 3823 stratum
923 3786 1102 3824 meum
1140 3772 1328 3842 rigabo
1360 3772 1427 3826 ⁷³.
1490 3791 1508 3823 ι
1545 3770 1880 3828 Triccsimus
1913 3789 2044 3829 vero

455 3862 721 3933 septimus
753 3864 951 3920 similia
984 3865 1143 3920 docet
1201 3867 1285 3922 his
1338 3866 1519 3923 verbis
1552 3886 1565 3921 :
1606 3885 1625 3919 ι
1667 3865 1786 3922 Νοη
1822 3874 1906 3922 est
1938 3882 2045 3937 pax

455 3955 674 4010 ossibus
709 3954 844 4009 meis
885 3970 914 4009 a
962 3954 1097 4012 facie
1147 3968 1494 4027 peccatorum
1546 3972 1790 4013 meorum
1829 3977 1843 4014 :
1899 3974 2041 4029 quor

452 4046 599 4100 niam
660 4046 978 4117 iniquitates
1039 4065 1172 4104 meae
1238 4065 1609 4121 supergressa}
1687 4058 1816 4106 sunt
1877 4059 2042 4121 caput

453 4155 656 4203 meum,
690 4141 832 4196 sicut
863 4156 1004 4197 onus
1036 4157 1202 4213 grave
1243 4150 1481 4214 gravatae
1536 4151 1665 4198 sunt
1714 4158 1880 4214 super
1932 4159 2037 4198 me.

452 4230 787 4288 Putruerunt
817 4242 872 4288 et
890 4242 1162 4305 corruptae
1196 4242 1326 4289 sunt
1357 4235 1646 4290 cicatrices
1675 4251 1809 4290 mea!
1838 4251 1868 4289 a
1902 4234 2040 4291 facie

452 4323 780 4391 insipientia:
825 4338 958 4378 meat
984 4325 1054 4378 ⁷⁸.
1098 4343 1117 4376 ι
1153 4323 1279 4379 llaec
1310 4339 1475 4395 porro
1514 4335 1568 4381 et
1598 4326 1799 4379 similia
1828 4325 1894 4379 ad
1927 4341 2037 4381 me-

451 4414 682 4469 moriam
709 4414 937 4470 admissi
970 4416 1197 4472 sceleris
1227 4417 1519 4473 referebat.
1555 4417 1737 4483 Quare
1774 4436 1793 4468 ‹
1850 4417 1905 4472 in
1948 4433 2034 4474 re.

2440 1868 2468 1897 ρ
2776 1838 2779 1839 ⁷
2906 1838 3024 1893 ΞΘ’.
3798 1894 3805 1903 ,

2226 1950 2245 1985 ι
2279 1932 2337 1986 '0
2356 1930 2508 1997 Θεὸς,
2532 1934 2611 1996 είς
2623 1930 2722 2003 τὴν
2741 1930 2993 2001 βοήθειάν
3013 1946 3113 2001 μου
3129 1927 3383 2001 πρόσχες.
3398 1946 3415 1980 ι
3439 1926 3580 1981 οὔτε
3593 1929 3728 2002 ᾠδὴ,

2146 2022 2271 2080 οὔτε
2301 2023 2542 2097 ψαλμὸς,
2587 2022 2711 2077 οὕτε
2751 2040 2806 2076 τι
2850 2022 2961 2076 τῶν
2995 2022 3252 2077 τοιούτων
3285 2024 3333 2075 0i
3372 2022 3728 2094 προκείμενοι

2145 2100 2470 2189 τυγχάνουσι
2511 2116 2692 2185 λόγου
2743 2115 2882 2186 πλὴν
2934 2114 3354 2185 άναπέμπουσιν
3407 2117 3488 2179 είς
3532 2116 3594 2169 τὸ
3638 2116 3732 2170 τέ-

2146 2208 2256 2271 λος,
2298 2207 2420 2261 ἐπεὶ
2459 2207 2589 2279 περὶ
2627 2206 2928 2277 μελλόντων
2966 2207 3066 2276 τὴν
3102 2206 3389 2278 ἱκετηρίαν
3431 2207 3731 2263 ποιοῦνται.

2146 2302 2405 2372 Εἴρηνται
2434 2299 2493 2353 δὲ
2540 2318 2559 2351 ι
2583 2298 2657 2369 τῷ
2696 2299 2858 2353 Δαυῖδ
2907 2299 2987 2363 είς
3015 2299 3322 2369 ἀνάμνησιν
3342 2315 3358 2329 ο
3395 2317 3414 2350 ι
3457 2299 3534 2364 ὼς
3560 2300 3627 2353 ἂν
3651 2301 3734 2365 είς

2145 2392 2278 2445 αὐτὸ
2307 2391 2466 2444 τοῦτο
2516 2390 2835 2461 λεχθέντες,
2893 2391 2957 2444 ἶν’
3001 2390 3115 2461 ἐχοι
3165 2391 3475 2462 προχείρως
3500 2390 3590 2445 διὰ
3614 2393 3734 2446 στό-

2149 2500 2315 2552 ματος
2370 2481 2845 2553 ἀπομνημονεύειν
2906 2483 3142 2546 αὐτοὺς,
3187 2482 3283 2536 καλ⁸
3345 2483 3469 2535 ἀντὶ
3513 2484 3730 2555 ἐπῳδῆς

2146 2575 2329 2637 αὐτοῖς
2355 2575 2415 2626 ἐν
2446 2576 2567 2636 ταῖς
2594 2572 2948 2645 περιστάσεσι
2986 2572 3239 2645 χρῆσθαι.
3276 2573 3380 2627 Δύο
3417 2575 3473 2628 δέ
3509 2577 3648 2630 είσιν
3677 2577 3728 2628 0i

2151 2685 2170 2717 ι
2198 2667 2278 2729 είς
2310 2666 2660 2741 ἀνάμνησιν)
2688 2668 3178 2737 ἐπιγεγραμμένοι,
3209 2667 3237 2719 ὃ
3265 2684 3325 2719 τε
3352 2666 3495 2739 μετὰ
3521 2669 3726 2741 χεῖρας,

2144 2758 2240 2812 καὶ
2266 2759 2294 2812 ὁ
2330 2758 2404 2821 λζ’
2448 2738 2929 2829 ἐπιγεγραμμένος
2977 2758 3073 2811 καὶ
3114 2759 3277 2823 αὐτὸς
3315 2777 3334 2810 ι
3358 2738 3450 2824 εἰς
3490 2738 3731 2833 ἀνάμνη-

2146 2865 2251 2902 σιν.
2287 2867 2305 2899 ι
2354 2847 2495 2901 Ἀλλ’
2534 2850 2742 2912 ἐκεῖνος
2792 2849 2888 2919 μὲν
2937 2849 3037 2902 οὐκ
3064 2851 3147 2912 είς
3198 2849 3259 2903 τὸ
3306 2851 3463 2915 τέλος
3496 2853 3733 2924 ἀνέπεμ-

2145 2956 2276 3004 πεν,
2313 2940 2427 2993 ἀλλ’
2457 2936 2524 3013 ἦν
2569 2960 2587 2992 ι
2615 2940 2829 3011 ψαλμὸς
2868 2941 2945 3011 τῷ
2994 2941 3157 2996 Δαυῒδ
3208 2945 3287 3007 είς
3333 2944 3635 3016 ἀνάμνησιν
3660 2963 3675 2977 ·
3707 2964 3726 2998 t

2145 3026 2316 3097 Οὗτος
2343 3033 2399 3086 δὲ
2437 3052 2456 3082 ι
2486 3036 2565 3096 εἰς
2607 3034 2666 3085 τὸ
2697 3033 2848 3096 τέλος
2879 3054 2897 3085 ι
2935 3034 3253 3107 ἐπιγράφει.
3281 3037 3340 3089 Ὀ
3383 3039 3481 3109 μὲν
3512 3034 3605 3093 οὖν
3630 3037 3732 3106 λζ’,

2144 3126 2206 3178 ού
2238 3124 2538 3195 μελλόντων
2563 3119 2629 3194 ἦν
2651 3126 3131 3197 προαγορευτικὸς,
3168 3126 3303 3179 ἀλλὰ
3322 3129 3734 3200 παρῳχηκότων

2147 3215 2490 3287 πραγμάτων
2515 3215 2921 3286 ύπομνηστικός
2940 3231 2954 3245 ·
2983 3215 3064 3269 διὸ
3089 3217 3187 3289 τὴν
3215 3217 3385 3289 αὐτὴν
3414 3218 3586 3292 ἀρχὴν
3619 3215 3734 3294 εἶχε

2144 3305 2223 3377 τῷ
2258 3306 2312 3372 ς’
2341 3306 2548 3375 λέγων’
2583 3326 2600 3358 ι
2628 3308 2821 3382 Κύριε,
2861 3308 2935 3380 μὴ
2962 3307 3039 3379 τῷ
3067 3308 3223 3380 θυμῷ
3256 3327 3349 3363 σου
3376 3310 3603 3383 ἐλέγξῃς
3639 3329 3731 3384 με,

2150 3396 2284 3469 μηδὲ
2326 3399 2390 3469 τῇ
2432 3400 2570 3471 ὀργῇ
2624 3415 2717 3452 σου
2757 3398 3054 3471 παιδεύσῃς
3083 3417 3172 3471 με.
3210 3419 3229 3452 ι
3262 3401 3410 3455 Μίαν
3448 3419 3508 3455 τε
3541 3405 3590 3455 οἱ
3624 3404 3732 3474 άμ-

2146 3491 2361 3562 φότεροι
2385 3490 2638 3544 ὑπόθεσιν
2667 3494 2961 3563 περιεῖχον.
2995 3493 3052 3545 '0
3082 3489 3182 3563 μὲν
3209 3492 3317 3565 γὰρ
3344 3493 3500 3560 ἕκτος
3526 3494 3731 3564 προῖὼν

2146 3586 2387 3656 ἐπιλέγει
2407 3602 2419 3615 ·
2448 3606 2466 3637 ι
2520 3587 2818 3643 Ἐκοπίασα
2851 3589 2908 3640 ἐν
2943 3587 3022 3660 τῷ
3057 3588 3344 3660 στεναγμῷ
3387 3608 3491 3662 μου
3512 3609 3525 3621 ·
3554 3591 3732 3645 λούσω

2145 3678 2265 3733 καθ’
2318 3680 2556 3752 ἑκάστην
2606 3679 2778 3736 νύκτα
2826 3681 2923 3753 τὴν
2974 3680 3162 3754 κλίνην
3216 3699 3352 3754 μου’
3404 3686 3462 3737 ἐν
3500 3684 3731 3757 δάκρυσί

2148 3786 2248 3841 μου
2286 3770 2383 3842 τὴν
2422 3773 2710 3843 στρωμνήν
2755 3790 2855 3843 μου
2905 3772 3110 3845 βρέξω·
3143 3794 3161 3826 ι
3194 3777 3223 3827 ὁ
3254 3775 3312 3828 δὲ
3351 3775 3430 3841 λζ’
3454 3776 3523 3831 τά
3568 3776 3730 3847 ὃμοια

2140 3860 2383 3917 διδάσκει
2401 3862 2575 3931 λέγων
2593 3880 2607 3893 ·
2636 3883 2654 3914 ι
2680 3865 2794 3918 Οὐκ
2816 3863 2962 3919 ἐστιν
2976 3867 3165 3938 εἰρήνη
3188 3867 3245 3920 ἐν
3265 3869 3381 3931 τοῖς
3398 3868 3607 3929 ὀστέοις
3625 3885 3727 3938 μου

2142 3954 2253 4008 ἀπὸ
2283 3955 2574 4026 προσώπου
2619 3957 2727 4011 τῶν
2769 3958 3056 4032 ἁμαρτιῶν
3106 3976 3239 4032 μουθ
3286 3961 3368 4014 ὅτι
3418 3963 3475 4015 αἱ
3507 3962 3728 4033 ἀνομίαι

2145 4063 2247 4117 μου
2308 4047 2591 4121 ὑπερῇραν
2650 4050 2749 4121 τῆν
2818 4050 3061 4123 κεφαλήν
3135 4069 3236 4122 μου
3309 4051 3443 4107 ὡσεὶ
3504 4051 3727 4125 φορτίον

2143 4135 2281 4208 βαρὺ
2329 4136 2708 4209 ἐὸαρύνθησαν
2765 4138 2852 4190 ἐπ’
2881 4138 3001 4209 ἐμέ.
3043 4137 3405 4212 Προσώζεσαν
3451 4140 3547 4193 καὶ
3595 4139 3726 4193 ἐσά-

2142 4246 2322 4300 πησαν
2360 4231 2408 4282 οἱ
2460 4228 2728 4301 μώλωπές
2775 4248 2875 4301 μου
2924 4230 3033 4283 ἀπὸ
3079 4230 3372 4304 προσώπου
3416 4232 3515 4304 τῆς
3557 4233 3731 4304 ἀφρο-

2144 4319 2310 4391 σύνης
2363 4337 2487 4390 μου.
2520 4338 2537 4371 ι
2598 4319 2785 4374 Ταῦτα
2834 4320 2892 4374 δὲ
2949 4322 3042 4375 καλ⁵
3091 4321 3159 4375 τά
3209 4322 3434 4377 τοιαῦτα
3484 4324 3576 4376 ἐπὶ
3630 4322 3729 4393 τὴν

2144 4413 2369 4485 μνήμην
2418 4411 2512 4466 τοῦ
2562 4411 2899 4485 πραχθέντος
2923 4413 3071 4486 αὐτῷ
3104 4414 3575 4488 πλημμελήματος
3603 4416 3731 4471 ἀνέ-

450 4507 901 4585 memorationem
937 4526 955 4558 ι
992 4507 1290 4578 inscriptus
1336 4518 1421 4564 est
1445 4528 1481 4572 ,ν
1514 4508 1784 4580 frequenti
1821 4508 2038 4565 confes-

2145 4521 2299 4576 φερε.
2347 4504 2549 4576 Διόπερ
2605 4523 2623 4556 ι
2653 4506 2734 4569 είς
2790 4505 3098 4578 ἀνάμνησιν
3131 4527 3151 4560 ι
3187 4508 3532 4581 ἐπέγραφεν,
3589 4510 3730 4563 ἐπα-

450 4596 605 4653 sione
638 4599 911 4669 prmterita
964 4610 1236 4669 repetens.
1283 4599 1415 4667 Quae
1465 4603 1593 4658 item
1641 4619 1808 4659 causa
1837 4610 1940 4667 est,
1979 4612 2038 4658 ut

454 4712 476 4743 α
514 4693 569 4747 in
610 4692 773 4750 linem
809 4713 829 4745 ι
864 4707 974 4746 non
997 4692 1352 4751 inscribatnr.
1387 4694 1486 4750 llic
1513 4712 1642 4752 vero
1671 4715 1689 4747 ι
1725 4697 1780 4750 in
1817 4696 1976 4754 linem
2011 4717 2031 4750 ι

450 4784 691 4851 dicitur,
727 4786 855 4858 quia
886 4794 1325 4857 exspectatarum
1382 4803 1567 4842 rerum
1621 4791 1863 4858 precatio
1918 4798 2037 4854 est,

451 4886 810 4949 praevertente
848 4877 1116 4949 Propheta
1170 4894 1235 4934 ac
1282 4887 1538 4946 rogante;
1593 4891 1651 4934 ut
1709 4882 1753 4936 si
1815 4882 2037 4952 quando

449 4968 776 5037 contingant
803 4969 1151 5023 inimicorum
1203 4973 1440 5028 insultus
1498 4980 1553 5026 et
1607 4972 1822 5028 insidiae
1867 4974 1924 5029 in
1978 4988 2039 5029 se

450 5067 676 5133 paratae,
708 5060 793 5114 his
820 5061 1079 5116 remediis
1104 5078 1259 5127 usus,
1292 5078 1356 5119 ea
1392 5063 1547 5134 quasi
1581 5065 1827 5121 antidota
1853 5065 2036 5139 quod‘

448 5152 531 5206 vis
564 5150 934 5221 perniciosum
961 5152 1259 5206 amnletum
1290 5154 1614 5223 depellentia
1648 5156 1857 5212 aﬂ‘erat.
1892 5156 2035 5213 Num

443 5244 611 5299 etiam
665 5243 780 5297 hrec
838 5242 986 5297 dicta
1041 5244 1107 5298 ad
1164 5259 1453 5314 personam
1505 5243 1806 5303 Salvatoris
1861 5249 2035 5309 nostri

445 5334 771 5403 prophetice
817 5332 1163 5388 referantur?
1214 5332 1663 5407 Quandoquidem
1718 5320 1785 5393 in.
1833 5352 2036 5409 praece-

443 5424 593 5481 denti
625 5425 837 5495 psalmo
873 5425 1021 5479 clare
1055 5424 1365 5495 passionem
1416 5426 1536 5496 ejus
1581 5428 1903 5484 vaticinanti
1969 5444 2035 5485 ex

444 5515 567 5582 ejus
606 5531 842 5593 persona
868 5515 1196 5572 dicebatur:
1236 5536 1254 5569 ι
1297 5517 1406 5589 Ego
1450 5535 1572 5575 sum
1606 5536 1811 5592 pauper
1848 5528 1902 5577 et
1935 5520 2035 5576 do-

450 5605 590 5672 lens,
629 5608 780 5664 salus
814 5615 928 5677 tua,
966 5607 1131 5666 Deus.
1166 5612 1408 5682 suscepit
1450 5627 1537 5669 me
1568 5614 1644 5682 ἐς
1699 5631 1718 5666 ι
1780 5613 2035 5670 similiter

503 5723 550 5755 "
577 5722 752 5781 Galat.
780 5739 857 5790 tv,
872 5724 963 5783 26.
1017 5728 1060 5760 "
1089 5726 1255 5784 Hebr.
1280 5745 1381 5793 xu,
1404 5729 1493 5785 22.

530 5818 608 5888 (l)
630 5818 839 5888 Lectio,
877 5831 933 5878 ut
963 5821 1200 5890 videtur,
1226 5824 1437 5882 vitiata.

2145 4595 2506 4668 ναλαμϐάνων
2559 4596 2629 4650 τά
2675 4598 3015 4670 παρελθόντα
3058 4599 3148 4653 διὰ
3185 4599 3287 4671 τῆς
3320 4600 3579 4671 συνεχοῦς
3611 4599 3731 4667 ἐξο-

2149 4688 2511 4762 μολογήσεως.
2546 4690 2637 4743 Διὸ
2661 4691 2760 4743 οὐκ
2788 4691 3101 4762 ἐπέγραφεν
3140 4712 3159 4744 ι
3191 4694 3273 4757 είς
3297 4693 3359 4747 τὸ
3387 4693 3560 4757 τέλος.
3598 4713 3616 4747 ι
3671 4695 3731 4748 Ὀ

2144 4781 2202 4838 δὲ
2236 4781 2426 4853 παρὼν
2466 4800 2486 4832 ι
2523 4784 2602 4844 εἰς
2634 4781 2861 4847 τὸτέλος
2895 4803 2913 4837 ι
2955 4782 3192 4857 εἴρηται,
3213 4784 3512 4857 ἐπειδήπερ
3545 4787 3731 4856 tace-rq-

2143 4872 2234 4945 ρία
2263 4872 2379 4926 ἐστὶ
2416 4873 2881 4945 προσδοκωμένων
2918 4875 3281 4947 πραγμάτων,
3314 4875 3410 4929 τοῦ
3439 4876 3730 4949 Προφήτω

2141 4966 2621 5038 προλαμϐάνοντος
2639 4970 2731 5023 καὶ
2755 4968 3068 5041 εὐχομένου·
3101 4968 3190 5033 ἵν’,
3224 4970 3279 5022 εί
3307 4987 3437 5024 ποτε
3461 4970 3731 5042 συμϐαῖεν

2142 5058 2352 5133 ἐχθρῶν
2409 5061 2804 5124 ἐπαναστάσεις
2860 5060 2956 5114 καὶ
3000 5058 3289 5113 ἐπιϐουλαὶ
3359 5062 3480 5114 κατ’
3529 5058 3730 5123 αὐτοῦ,

2139 5155 2261 5217 ταῖς
2294 5153 2683 5225 προκειμέναις
2708 5152 2941 5224 ἐπῳδαῖς
2985 5151 3267 5225 χρώμενος
3309 5152 3734 5226 ἀλεξιφάρμακα

2144 5245 2331 5319 ὥσπερ
2352 5246 2696 5321 ἀποτρόπαια
2725 5245 2927 5310 παντὸς
2966 5245 3203 5318 πονηροῦ
3224 5246 3733 5317 ἀντιπεριάςιματος

2145 5340 2421 5409 ἐπάγοιτο.
2468 5340 2697 5411 Μήποτε
2717 5339 2774 5393 δὲ
2804 5338 2899 5393 καὶ
2931 5336 3289 5410 προφητικῶς
3316 5340 3397 5403 εἰς
3436 5338 3732 5411 πρόσωπον

2143 5432 2475 5504 ἀναφέρεται
2506 5430 2575 5486 τὰ
2603 5430 2873 5502 λεγόμενα
2903 5429 2999 5483 τοῦ
3033 5430 3318 5502 Μηῆροςς
3343 5431 3643 5501 ἐπειδήπερ
3671 5431 3734 5483 ἐν

2146 5524 2243 5593 μὲν
2298 5524 2375 5594 τῷ
2420 5524 2526 5596 πρὸ
2572 5522 2763 5577 τούτου
2826 5521 3012 5593 σαφῶς
3065 5521 3375 5586 θεσπίζοντι
3440 5527 3500 5576 τὸ
3556 5522 3731 5586 πάθος

2100 5615 2306 5700 γαύτοῦ
2349 5615 2564 5684 ἐλέγετο
2613 5616 2672 5684 ἐξ
2722 5615 2889 5670 αὐτοῦ
2946 5615 3271 5687 προσώπου·
3315 5633 3334 5667 ι
3370 5614 3594 5686 Πτωχὸς
3632 5615 3731 5669 καὶ

1567 5732 1610 5764 τ’
1636 5729 1790 5789 Joan.
1817 5748 1930 5800 xxv,
1948 5731 2002 5789 2.

2145 5730 2275 5789 Psal.
2302 5748 2377 5799 vr,
2407 5733 2455 5789 τ.
2513 5735 2569 5799 ,νδ
2590 5732 2731 5789 Psal.
2755 5749 2963 5799 xxxv",
2992 5731 3109 5788 4—6.
3173 5734 3218 5768 "
3240 5731 3386 5790 Psal.
3415 5746 3608 5798 uvm,
3636 5731 3732 5788 50.
