4056 6404
340 356 449 423 ³169

1469 350 1974 412 COMMENTARIA
2006 351 2074 406 1N
2114 350 2453 406 PSALMOS.

3502 354 3613 412 770

344 482 526 554 ἀλγῶν
557 482 667 552 ἐγώ
691 483 824 554 εἰμι,
857 481 891 551 ἡ
926 478 1169 550 σωτηρία
1216 492 1332 538 σου,
1365 476 1394 528 6
1416 473 1568 540 Θεὸς,
1602 470 1922 526 ἀντελάϐετό

2029 469 2084 525 in
2103 468 2357 542 pmsenti
2389 475 2576 539 postea
2608 465 2740 522 dicit
2765 484 2781 522 :
2817 484 2838 522 ι
2878 464 2993 540 Ego
3011 480 3143 521 vero
3170 480 3379 533 egenus
3398 475 3453 524 et
3471 481 3610 541 pau-

341 593 482 649 μου·
521 594 540 627 ι
584 574 841 636 ὡσαύτως
876 571 933 625 δὲ
972 572 1066 624 καὶ
1102 572 1159 623 ὲν
1198 567 1275 636 τῷ
1311 567 1450 640 μετά
1481 569 1666 637 χεῖρας
1715 562 1917 635 προῖὼν

346 668 572 736 φάσκει·
603 685 622 717 ι
664 662 804 733 Ἐγὼ
835 662 891 715 δὲ
926 661 1138 731 πτωχὸς
1170 659 1265 713 καί
1298 658 1502 727 πένης,
1547 655 1576 706 6
1612 654 1764 717 Θεὸς,
1797 652 1921 724 βοή-

337 760 511 832 θησόν
537 776 646 830 μοι.
683 776 703 809 ι
730 757 890 809 ’Ὥστε
925 754 1019 808 καὶ
1048 752 1136 805 διὰ
1159 751 1319 805 τοῦτο
1355 747 1665 818 ἀναγκαίως
1691 745 1920 817 ἐπιγρά-

348 870 468 923 φειν
502 872 519 903 ι
556 852 637 914 εἰς
673 849 732 902 τὸ
782 847 955 911 τέλος.
992 863 1012 898 ι
1059 845 1186 898 Ἐὰν
1242 844 1341 915 μὲν
1375 838 1469 896 οὖν
1509 843 1575 894 ὲκ
1628 836 1920 911 προσώπου

346 946 440 1000 τοῦ
472 942 633 998 Δαυῒδ
658 942 889 1011 λέγοιτο,
919 940 1089 1001 εἴποι..
1127 937 1192 991 ἂν
1238 937 1319 990 ὅτι
1350 934 1583 1007 μεγάλου
1622 930 1922 1003 βασιλεύων

346 1037 563 1101 ἔθνους,
614 1034 821 1106 σφόδρα
878 1029 1280 1092 πλουσιώτατος
1321 1025 1427 1091 ὢν,
1482 1025 1583 1079 οὐκ
1626 1023 1813 1094 ἠγνόει
1860 1021 1923 1075 τὸ

346 1129 554 1199 φάσκον
586 1127 793 1195 λόγιον·
827 1144 845 1177 ι
882 1126 1030 1194 Ὀσῳ
1067 1123 1241 1193 μέγας
1273 1115 1358 1181 εἰ,
1393 1117 1631 1188 τοσούτῳ
1660 1113 1920 1169 ταπεινοῦ

347 1221 600 1284 σεαυτὸν,
633 1221 727 1273 καὶ
768 1214 995 1273 ἐνώπιον
1026 1208 1232 1285 Κυρίου
1267 1212 1523 1284 εὑρήσεις
1554 1210 1735 1281 χάριν.
1775 1228 1794 1260 »
1831 1207 1922 1262 Διὸ

276 1293 280 1296 ί
346 1311 750 1384 μετριοφρονῶν
790 1310 883 1362 καὶ
926 1304 1366 1375 ταπεινοφρονῶν
1400 1304 1494 1356 καὶ
1536 1300 1752 1372 ἀληθῶς
1792 1318 1921 1371 σμιο

346 1404 558 1478 κρύνων
591 1394 817 1467 ἑαυτὸν,
861 1401 956 1455 καὶ
1004 1398 1141 1469 πρὸς
1181 1393 1243 1450 τὸ
1289 1394 1516 1467 μέγεθος
1563 1393 1783 1466 ἀφορῶν
1827 1392 1921 1446 τοῦ

343 1498 576 1553 πλούτου
607 1496 707 1565 τῆς
740 1494 1108 1566 χρηστότητος
1140 1488 1233 1543 τοῦ
1255 1488 1392 1542 Θεοῦ
1412 1531 1427 1555 ,
1456 1486 1671 1557 πτωχὸν
1697 1486 1791 1540 καὶ
1825 1480 1923 1539 πέ-

340 1602 482 1663 νητα
532 1580 723 1642 ἑαυτὸν
775 1586 862 1639 διὰ
908 1585 1019 1637 τῶν
1064 1580 1443 1654 προκειμένων
1493 1579 1740 1675 ιδνόμασε
1766 1595 1779 1608 ·
1827 1577 1922 1631 καὶ

340 1680 645 1755 ἀρχόμενος
684 1678 740 1732 δὲ
778 1674 871 1729 τοῦ
902 1672 1082 1743 λόγου,
1114 1668 1189 1736 ὡς
1224 1668 1390 1743 μηδὲν
1429 1667 1578 1740 αύτῷ
1618 1667 1919 1739 συμϐαλλο-

348 1774 534 1842 μένου,
570 1771 704 1840 μήτε
734 1766 988 1830 πλούτου,
1019 1764 1156 1836 μήτε
1193 1761 1488 1832 βασιλείας,
1524 1761 1658 1831 μήτε
1698 1758 1795 1829 τῆς
1825 1757 1921 1811 τοῦ

2023 578 2121 633 per
2148 579 2291 630 sum,
2330 562 2492 627 Deus,
2528 559 2724 626 adiuva
2775 574 2883 616 me.
2934 579 2953 614 ι
2986 559 3071 615 lta
3115 568 3174 615 ut
3224 575 3287 615 ea
3325 559 3393 616 de
3437 575 3610 617 causa

2028 673 2047 706 ι
2079 655 2134 710 in
2181 654 2343 709 linem
2381 673 2402 707 ι
2457 652 2770 708 necessario
2830 652 3184 708 inscrihatur.
3239 652 3396 719 Quod
3451 655 3500 710 si
3536 668 3610 713 ex

2023 762 2260 818 persona
2293 746 2517 803 Davidis
2550 744 2884 816 proferatur,
2918 745 3071 800 dicas
3104 746 3232 800 licet
3270 747 3448 817 ipsum
3490 761 3611 802 ma-

2023 856 2142 912 gna:
2178 841 2354 912 gentis
2397 856 2597 911 regem,
2633 854 2697 895 ac
2725 839 3059 896 ditissimum
3085 877 3100 903 ,
3152 854 3264 894 non
3327 840 3614 910 ignorasse

2025 944 2205 988 tamen
2239 934 2444 988 dictum
2498 932 2679 988 illud:
2738 950 2757 984 ι
2798 931 3014 999 Quanto
3070 932 3248 1000 major
3300 947 3393 995 cs,
3455 940 3616 988 tanto

2024 1023 2200 1094 magis
2238 1024 2474 1093 teipsum
2525 1021 2788 1089 humilia,
2840 1028 2895 1076 et
2944 1021 2999 1075 in
3043 1028 3343 1090 conspectu
3389 1019 3613 1077 Domini

2024 1116 2271 1171 invenies
2295 1117 2527 1187 gratiam
2556 1116 2646 1169 η’.
2671 1133 2690 1168 ›
2721 1114 2903 1181 Quare
2934 1115 3214 1170 moderate
3246 1121 3301 1169 et
3331 1114 3616 1168 humiliter

2024 1210 2290 1274 sentiens,
2320 1225 2557 1279 vereque
2586 1223 2708 1263 sese
2741 1222 2969 1278 parvum
3013 1216 3296 1277 reputans,
3333 1222 3399 1262 ac
3433 1205 3613 1275 reSpio

2023 1303 2178 1358 ciens
2208 1301 2641 1374 magnitudinem
2667 1301 2982 1355 divitiarum
3020 1300 3284 1356 bonitatis
3315 1297 3451 1367 Dei,
3486 1315 3616 1372 eger

2025 1411 2154 1449 num
2191 1410 2251 1450 se
2298 1404 2353 1449 et
2384 1408 2678 1465 pauperem
2736 1394 2794 1447 in
2841 1391 3095 1462 praesenti
3142 1393 3393 1449 vocavit:
3446 1398 3615 1462 atque

2025 1501 2332 1541 sermonem
2364 1485 2608 1548 ordiens,
2641 1498 2706 1537 ac
2740 1482 2789 1539 si
2827 1484 3067 1548 divitiae,
3124 1498 3384 1554 regnum,
3442 1485 3617 1540 totius

2023 1579 2207 1649 populi
2238 1578 2461 1642 auxilia,
2492 1578 2729 1650 itemque
2769 1576 2981 1648 justitia
3016 1590 3115 1647 per
3159 1577 3614 1633 exercitationem

2024 1677 2360 1740 comparata,
2394 1668 2532 1723 nihil
2563 1669 2667 1726 sibi
2718 1669 3060 1734 conferrent,
3088 1666 3262 1724 solius
3306 1666 3401 1722 Dei
3453 1669 3615 1724 auxi-

2025 1760 2156 1815 lium
2215 1761 2502 1831 expetebat
2560 1761 2796 1820 dicens:
2844 1780 2866 1816 ί
2920 1759 3100 1825 Deus,
3161 1760 3220 1815 in
3277 1758 3612 1828 adjutorium

345 1863 548 1926 παντὸς
587 1860 769 1923 ἔθνους
801 1857 1051 1930 βοηθείας
1071 1896 1085 1919 ,
1124 1857 1258 1927 μήτε
1284 1855 1382 1926 τῆς
1422 1851 1483 1916 ἐξ
1510 1852 1795 1923 ἀσκήσεως
1827 1867 1921 1902 πο-

2026 1864 2206 1907 meutn
2225 1852 2442 1907 intende
2463 1871 2477 1919 ;
2495 1852 2744 1917 Domine,
2770 1852 2838 1908 ad
2859 1854 3228 1925 adjuvandum
3250 1864 3338 1907 me
3355 1851 3611 1908 festina.»

346 1953 625 2026 ρισθείσης
669 1950 817 2021 αύτῷ
859 1947 1223 2019 δικαιοσύνης,
1271 1947 1371 2017 τὴν
1415 1944 1566 2017 παρὰ
1621 1943 1780 2014 μόνου
1829 1940 1924 2029 τοῦ

338 2044 481 2099 ’Θεοῦ
525 2045 774 2118 βοήθειαν
808 2041 1175 2114 ὲξῄτειλέγων
1195 2056 1209 2070 ο
1252 2058 1270 2089 ι
1294 2039 1352 2091 '0
1383 2037 1535 2101 Θεὸς,
1563 2038 1643 2099 εἰς
1665 2034 1765 2106 τὴν
1795 2033 1923 2104 βοήν

346 2138 497 2192 θειάν
526 2155 626 2210 μου
650 2135 904 2208 πρόσχες.
930 2133 1125 2205 Κύριε,
1161 2133 1240 2195 εἰς
1261 2130 1323 2184 τὸ
1343 2128 1607 2200 βοηθῆσαί
1638 2144 1727 2199 μοι
1756 2125 1923 2178 σπεῦ-

348 2245 458 2282 σον.
495 2247 514 2281 ι
562 2227 733 2299 Ὁρῶν
776 2226 834 2279 δὲ
867 2223 1096 2286 πολλοὺς
1141 2220 1626 2292 διαφθονουμένους
1673 2220 1740 2288 τῇ
1784 2213 1926 2269 κατά

337 2320 478 2375 ’Θεὸν
502 2319 666 2375 αὐτοῦ
692 2318 939 2391 προκοπῇ
975 2315 1070 2368 καὶ
1098 2312 1491 2384 βασκαίνοντας
1518 2311 1684 2367 αὑτοῦ
1711 2313 1778 2382 τῇ
1811 2327 1921 2363 σω-

340 2413 511 2486 τηρίᾳ
550 2414 647 2484 τῆς
680 2411 892 2483 ψυχῆς,
940 2405 1249 2478 προσετίθει
1282 2405 1375 2465 τὸ,
1404 2424 1424 2456 ι
1464 2403 1923 2476 Αἰσχυνθήτωσαν

345 2508 442 2561 καὶ
489 2505 911 2575 ὲντραπήτωσαν
961 2501 1010 2553 οἰ
1062 2496 1356 2569 ζητοῦντες
1404 2497 1502 2568 τὴν
1554 2496 1732 2567 ψυχήν
1796 2511 1920 2566 μου.

355 2586 886 2663 Ἀποστραφήτωσαν
914 2590 994 2651 εἰς
1025 2588 1092 2642 τά
1128 2588 1304 2641 ὀπίσω
1326 2587 1421 2641 καί
1449 2583 1923 2655 καταισχυνθήτω-

339 2700 446 2742 σαν
478 2689 528 2740 οἱ
562 2684 871 2756 βουλόμενοί
908 2699 998 2753 μοι
1035 2682 1201 2736 κακά.
1244 2680 1775 2752 Ἀποστραφήτωσαν
1816 2694 1922 2730 πα·-

344 2778 581 2853 ραυτίκα
612 2768 983 2845 αἰσχυνόμενοι
1010 2774 1060 2826 οἱ
1090 2771 1339 2840 λέγοντές
1369 2788 1492 2841 μοι,
1524 2766 1686 2837 Εὖγε,
1712 2765 1864 2837 εὖγε.
1898 2786 1917 2819 ι

346 2870 445 2923 Διά
463 2868 667 2921 τούτων
680 2868 789 2938 γὰρ
803 2864 1053 2936 ὁμολογεῖ
1068 2863 1229 2925 αὐτὸς
1251 2863 1348 2933 μὲν
1365 2862 1545 2932 ἐαυτῷ
1571 2861 1646 2933 μὴ
1666 2860 1923 2915 δύνασθαι

348 2961 609 3032 ἐπαρκεῖν
629 2999 642 3023 ,
675 2956 880 3011 δεῖσθαι
916 2955 973 3009 δὲ
1005 2955 1103 3018 τῆς
1140 2953 1291 3026 παρὰ
1334 2952 1428 3006 τοῦ
1452 2954 1757 3025 κρείττονος
1796 2952 1924 3025 βοη-

347 3050 499 3113 θείας
517 3065 532 3081 ·
567 3050 664 3115 ὡς,
692 3049 742 3102 εἰ
779 3047 853 3120 μὴ
879 3046 1029 3116 τύχοι
1062 3045 1282 3118 ταύτης,
1316 3045 1522 3117 ἕρημος
1548 3044 1804 3115 ἐσόμενος
1829 3044 1924 3097 καὶ

347 3139 806 3211 ἑλεγχθησόμενος
835 3138 1066 3209 ἀσθενὴς
1082 3137 1175 3191 καὶ
1201 3137 1364 3190 πλέον
1379 3136 1530 3190 οὐδὲν
1558 3136 1591 3207 ἢ
1620 3136 1810 3207 θνητὸς
1830 3136 1923 3190 ἄν-

349 3233 597 3304 θρωπος’
628 3232 723 3286 καὶ
751 3230 828 3294 ὡς
859 3233 906 3283 οἱ
933 3229 1118 3302 ἐχθροὶ
1151 3228 1312 3282 αὐτοῦ
1338 3227 1808 3300 ὲπιχαιρεσίκακοί
1843 3244 1926 3280 τι-

345 3341 434 3388 νες
472 3324 627 3387 ὄντες
667 3322 890 3375 πεσόντι
936 3318 1085 3391 αὐτῷ
1124 3318 1579 3390 ὲπαναὸήσονται.
1622 3319 1688 3373 Εἰ
1713 3317 1769 3370 δὲ
1801 3317 1928 3389 βοη-

349 3392 441 3472 θοῦ
497 3417 648 3489 τύχοι
698 3415 793 3469 τοῦ
846 3413 1004 3479 Θεοῦ,
1057 3406 1217 3477 αὐτὸς
1269 3412 1367 3484 μὲν
1431 3410 1582 3464 ἔσται
1626 3408 1924 3481 ἀνώτερος·

346 3511 609 3581 αίσχύνην
645 3507 703 3561 δὲ
744 3505 1137 3577 καταχεοῦνται
1176 3506 1227 3558 οἰ
1265 3503 1367 3574 τῆς
1394 3501 1557 3556 αὑτοῦ
1599 3500 1777 3571 ψυχῆς
1809 3498 1928 3553 ὲπί-

345 3603 558 3664 ϐουλοιο
585 3600 784 3664 οἵτινες
831 3599 915 3667 ἐφ’
944 3598 1150 3671 ἑκάστῃ
1180 3596 1376 3669 πράξει
1401 3594 1542 3649 κατὰ
1566 3594 1735 3657 πόδας
1759 3590 1925 3647 αὑτοῦ

346 3696 622 3768 βαίνοντες
633 3693 729 3747 καὶ
740 3689 1069 3763 πειρώμενοι
1085 3686 1547 3759 ἐπιλαμϐάνεσθαι
1561 3684 1725 3739 αὐτοῦ
1744 3683 1923 3753 λέγειν

347 3785 623 3849 εἰώθασιν,
659 3802 678 3834 ι
710 3779 851 3851 Εὖγε
869 3819 884 3846 ,
918 3776 1043 3849 εὖγε
1065 3819 1078 3842 ,
1110 3798 1130 3831 ι
1159 3779 1234 3842 ὠς
1255 3779 1322 3832 ἂν
1351 3775 1804 3846 ἐπιτυγχάνοντες
1828 3776 1923 3828 καὶ

346 3882 470 3935 κατ’
497 3872 662 3949 εὖχὰς
693 3875 1022 3948 πράττοντες
1044 3875 1102 3924 ὲν
1133 3865 1215 3933 οἷς
1244 3870 1406 3923 αὐτὸν
1441 3867 1772 3936 σφάλλεσθαι
1803 3866 1922 3920 ενό-

348 3970 525 4043 μιζον.
565 3969 630 4022 Εἰ
650 3967 706 4020 δὲ
742 3965 837 4019 ἐπὶ
868 3964 960 4017 τ’δν
987 3960 1216 4033 Σωτῆρά
1234 3977 1317 4022 τις
1342 3958 1601 4030 ἀναφέροι
1632 3955 1803 4009 ταῦτα
1837 3954 1925 4009 διά

344 4061 444 4133 1τὴν
469 4058 822 4114 ἀποδοθεῖσαν
853 4054 1053 4117 αἰτίαν,
1088 4054 1237 4124 ἐρεῖ,
1264 4051 1346 4104 ὅτι
1390 4051 1514 4113 τοὺς
1551 4047 1928 4102 ὲπιὸουλεύον-

344 4159 449 4217 τας
471 4148 636 4205 αὐτοῦ
663 4148 741 4220 τῷ
761 4148 904 4217 λόγῳ
931 4146 1026 4200 καὶ
1050 4148 1114 4216 τῇ
1144 4141 1483 4213 διδασκαλίᾳ,
1512 4139 1591 4212 τῷ
1610 4158 1671 4193 τε
1701 4139 1923 4212 μεγάλῳ

347 4243 561 4315 σώματι
590 4243 690 4313 τῆς
727 4238 1052 4311 Ἐκκλησίας
1091 4234 1255 4291 αὐτοῦ
1297 4232 1516 4305 θεωρῶν
1552 4232 1911 4302 ἐπανισταμέ-

2026 1946 2487 2001 Animadvertens
2520 1955 2701 2002 autem
2755 1948 3024 2018 plurimos
3063 1963 3188 2003 esse
3220 1947 3315 2017 qui
3365 1961 3468 2001 suo
3529 1960 3617 2002 se-

2026 2040 2266 2093 cundum
2298 2036 2467 2091 Deum
2499 2037 2787 2109 prolectui,
2814 2041 2987 2094 livore
3013 2038 3186 2106 ducti,
3208 2054 3274 2105 ac
3296 2039 3462 2094 saluti
3487 2038 3613 2092 anis

2023 2145 2128 2186 mae
2153 2143 2266 2185 sua:
2310 2128 2636 2195 inviderent,
2668 2130 2800 2185 illud
2851 2131 3091 2201 adjecit:
3131 2149 3152 2183 ε
3187 2130 3616 2186 Confundantur

2025 2228 2079 2277 et
2108 2232 2461 2278 revereantur
2499 2225 2593 2294 qui
2628 2231 2881 2294 quaerunt
2911 2224 3147 2278 animam
3182 2239 3382 2280 meam.
3439 2223 3616 2278 Avera

2023 2322 2212 2370 tantur
2257 2324 2562 2372 retrorsum
2609 2325 2664 2371 et
2716 2318 3045 2374 erubescant
3088 2319 3184 2389 qui
3238 2319 3430 2373 volunt
3477 2316 3614 2372 mihi

2024 2404 2187 2456 mala.
2215 2401 2552 2459 Avertantur
2588 2405 2775 2460 statim
2832 2406 3225 2462 erubescentes
3267 2406 3362 2477 qui
3422 2407 3618 2462 dicunt

2023 2495 2179 2560 mihi,
2204 2494 2373 2566 Euge,
2401 2512 2560 2567 euge.
2601 2516 2619 2549 ι
2654 2496 2752 2552 llis
2789 2498 3083 2553 conﬁtetur
3111 2514 3171 2554 se
3198 2513 3311 2552 non
3343 2498 3448 2553 sibi
3479 2499 3618 2555 satis

2022 2602 2167 2650 esse,
2195 2587 2292 2642 sed
2325 2586 2420 2641 Dei
2461 2588 2667 2644 auxilio
2704 2604 2883 2660 egere.
2920 2587 3187 2644 Futurum
3220 2589 3428 2661 quippe
3455 2597 3613 2656 erat,

2025 2679 2073 2734 si
2095 2678 2150 2734 id
2177 2694 2287 2734 non
2312 2691 2763 2750 consequeretur,
2800 2690 2858 2736 ut
2901 2682 3153 2737 desertus
3178 2690 3347 2747 esset,
3369 2697 3435 2738 ac
3460 2683 3617 2738 intir-

2024 2787 2149 2828 mus
2175 2772 2421 2843 nihilque
2444 2773 2616 2844 magis
2639 2789 2801 2844 quam
2834 2776 3081 2831 mortalis
3106 2774 3270 2829 homo
3301 2774 3607 2846 deprehen-

2025 2863 2268 2929 deretur,
2287 2864 2604 2935 inimieique
2634 2867 2826 2922 alienis
2846 2866 3004 2921 malis
3036 2867 3363 2937 gaudentes,
3393 2868 3615 2939 lapsum

2027 2956 2589 3013 seinvasuriessent.
2629 2956 2686 3012 Si
2731 2973 2864 3014 vero
2899 2959 3204 3029 adjutorem
3253 2958 3426 3015 Deum
3473 2974 3622 3015 nan-

2026 3051 2346 3115 cisceretur,
2379 3051 2717 3121 superiorem
2753 3066 2813 3106 se
2844 3050 2958 3107 fore
2989 3052 3293 3123 animaeque
3344 3066 3460 3108 suae
3511 3053 3623 3108 ini-

2029 3139 2201 3195 mices
2225 3141 2434 3210 pudore
2463 3140 2731 3196 snll‘usum
2779 3142 2846 3197 iri
2893 3141 3169 3212 sperabat.
3228 3141 3295 3197 Hi
3341 3142 3488 3198 enim
3548 3142 3618 3198 ad

2028 3231 2243 3303 singula
2275 3242 2426 3303 gesta
2445 3233 2565 3302 ejus
2580 3248 2611 3287 e
2626 3234 2859 3304 vestigio
2880 3235 3196 3290 incedentes
3221 3235 3619 3307 observabant,

2030 3320 2320 3392 ipsumque
2374 3321 2836 3392 comprehendere
2890 3324 3175 3380 studentes
3236 3326 3423 3382 dicere
3468 3328 3621 3384 sole-

2031 3413 2181 3481 bant,
2213 3432 2231 3464 ί
2272 3412 2423 3485 Euge
2446 3453 2461 3479 ,
2499 3428 2657 3486 euge,
2691 3432 2710 3466 ι
2747 3415 2902 3484 quasi
2944 3430 3001 3469 re
3044 3415 3185 3471 bene
3228 3424 3381 3487 gesta
3427 3426 3484 3473 et
3520 3435 3623 3490 pro

2027 3515 2154 3561 voto
2187 3505 2539 3570 succedente,
2571 3519 2695 3559 eum
2731 3506 2942 3576 lapsum
2977 3520 3101 3561 eum
3147 3517 3424 3578 putarent.
3462 3507 3622 3577 Quod

2030 3597 2228 3669 siquis
2255 3598 2371 3653 haec
2402 3597 2469 3651 ad
2505 3597 2841 3653 Salvatorem
2887 3597 2959 3653 ob
3002 3613 3169 3668 super
3193 3600 3453 3655 traditam
3485 3617 3623 3656 eau-

2031 3704 2148 3745 sam
2180 3689 2400 3752 referat,
2437 3690 2488 3745 is
2517 3690 2695 3757 dicet,
2742 3690 2921 3761 ipsum
2951 3706 3076 3745 cum
3112 3701 3361 3748 cerneret
3397 3707 3495 3749 eos
3526 3695 3621 3764 qui.

2031 3782 2198 3837 verbo
2241 3788 2296 3837 et
2357 3781 2623 3837 doctrinae
2675 3798 2791 3838 suae
2835 3797 3142 3855 magnoque
3187 3783 3448 3842 Ecclesiae
3508 3800 3623 3842 sua:

2029 3871 2251 3940 corpori
2292 3870 2720 3935 insidiabantur,
2756 3872 3041 3942 insurgere
3071 3888 3135 3929 ac
3177 3873 3495 3946 frequenter
3524 3877 3623 3931 ad-

2028 3977 2225 4019 versus
2272 3960 2420 4014 illam
2453 3962 2863 4031 persecutiones
2900 3964 3183 4032 excitare;
3220 3980 3410 4021 eorum
3461 3967 3620 4023 mali-

2024 4055 2156 4109 tiam
2181 4060 2549 4118 exsecratum,
2586 4053 2728 4109 banc
2760 4054 3081 4125 prophetice
3120 4058 3427 4116 orationem
3479 4061 3619 4115 emi.

2026 4147 2187 4210 sisse,
2217 4145 2429 4215 hocque
2462 4145 2657 4200 orandi
2692 4146 3008 4203 institutum
3053 4146 3315 4205 Ecclesia
3358 4165 3475 4205 sua:
3505 4160 3621 4206 tra—

2025 4232 2248 4288 uidisse.

345 4354 490 4402 νους,
516 4336 610 4392 καὶ
634 4336 761 4399 τοὺς
796 4332 1066 4403 διωγμοὺς
1106 4329 1342 4400 συνεχῶς
1377 4326 1497 4383 κατ’
1525 4325 1697 4398 αὐτῆς
1741 4325 2130 4396 ἐνεργοῦντας,
2162 4327 2695 4400 ἀποτροπιαζόμενος
2756 4328 2937 4384 αὐτῶν
2998 4328 3097 4404 τὴν
3148 4328 3381 4401 κακίαν,
3412 4331 3620 4408 ταύτην

340 4429 699 4504 *προφητικῶς
751 4428 1029 4498 ἀνέπεμπε
1082 4425 1182 4496 τὴν
1223 4422 1386 4495 εὐχὴν
1405 4462 1421 4488 ,
1469 4420 1611 4477 οῦτω
1653 4421 1763 4476 δεῖν
1809 4420 2062 4493 εὔχεσθαι
2091 4421 2357 4507 διδάσκων
2379 4422 2477 4496 τὴν
2522 4424 2849 4496 Ἐκκλησίαν
2880 4426 3067 4483 αὑτοῦ.

420 4540 441 4577 ι
486 4521 954 4593 ’Δγαλλιάσθωσαν
986 4519 1079 4573 καὶ
1107 4518 1567 4591 εύφρανθήτωσαν
1598 4517 1690 4571 ἐπὶ
1716 4517 1774 4571 σὲ
1795 4516 1922 4572 πάν-

2105 4514 2272 4571 Vens.
2316 4516 2369 4582 5,
2409 4519 2461 4571 6.
2486 4536 2505 4568 ι
2532 4516 2820 4574 Exsultent
2855 4528 2911 4574 et
2942 4520 3195 4576 la:tenlur
3213 4536 3381 4593 super
3413 4532 3466 4580 te
3499 4538 3623 4579 om-

342 4625 438 4681 τες
467 4616 519 4669 οἰ
565 4614 853 4687 ζητοῦντές
880 4630 960 4667 σε.
993 4632 1011 4663 ι
1050 4612 1131 4665 Τὰ
1173 4612 1271 4682 μὲν
1315 4608 1508 4682 πρῶτα
1553 4607 1927 4682 ἀνατρεπτικά

344 4702 415 4780 ἦν
472 4706 581 4760 τῶν
617 4706 908 4760 ὲναντίων’
966 4698 1273 4766 ἀκολούθως
1308 4702 1365 4755 δὲ
1406 4700 1476 4755 τά
1520 4700 1748 4773 δεύτερα
1787 4701 1926 4772 ὑπὲρ

344 4798 456 4854 τῶν
480 4798 699 4853 οἰκείων
740 4795 1052 4870 πρεσϐεύει.
1090 4794 1199 4850 Καὶ
1234 4796 1282 4849 εἰ
1331 4795 1429 4866 μὲν
1467 4794 1498 4846 6
1532 4792 1695 4848 Δαυῖδ
1731 4792 1926 4864 δικαίῳ

345 4886 666 4963 πρέπουσαν
691 4890 854 4961 εὐχὴν
885 4892 1142 4953 ἐποιεῖτο,
1177 4888 1254 4952 ὡς
1280 4887 1346 4942 ἂν
1378 4888 1579 4950 πάντες
1600 4889 1648 4940 οἰ
1674 4886 1766 4940 τὸν
1791 4885 1926 4941 Θεὸν

345 4982 657 5053 ζητοῦντες,
691 4975 766 5037 ὧν
814 4978 894 5046 εἷς
944 4976 1039 5035 καὶ
1087 4979 1249 5044 αὐτὸς
1293 4975 1393 5049 ἦν,
1427 4978 1799 5048 ἀγαλλιάσεως
1831 4978 1926 5033 καὶ

344 5070 686 5145 εὐφροσύνης
708 5072 983 5144 μετέχοιεν
1003 5071 1110 5125 τῶν
1140 5069 1348 5145 ἐχθρῶν
1376 5068 1888 5141 καταισχυνομένων
1907 5086 1922 5102 ·

345 5166 396 5220 οἰ
433 5166 492 5219 δὲ
529 5165 850 5235 ἀγαπῶντες
882 5165 942 5218 τὸ
981 5165 1247 5237 σωτήριον
1290 5162 1383 5216 τοῦ
1417 5161 1553 5216 Θεοῦ
1594 5161 1803 5231 λέγοιεν
1830 5160 1923 5226 ἂν,

353 5276 372 5309 ι
398 5256 805 5328 Μεγαλυνθήτω
851 5258 881 5309 6
925 5254 1089 5321 Θεός⁶
1122 5276 1142 5311 ι
1198 5254 1293 5311 καὶ
1331 5255 1490 5309 τοῦτο
1547 5254 1621 5327 μὴ
1667 5252 1923 5319 εἰσάπαξ,

353 5350 487 5421 μηδὲ
530 5346 611 5402 ὲνί
661 5361 791 5403 ποτε
840 5349 1014 5421 καιρῷ
1039 5390 1053 5409 .
1088 5349 1223 5403 ἀλλά
1249 5347 1540 5411 διαπαντὸς
1578 5346 1787 5416 λέγοιεν
1807 5384 1822 5405 ,
1847 5364 1927 5399 νι-

348 5440 554 5505 κῶντος
604 5441 662 5493 ὲν
706 5437 888 5503 αὐτοῖς
932 5438 1025 5494 καὶ
1056 5439 1120 5494 δι’
1156 5435 1336 5494 αὐτῶν
1378 5439 1488 5495 πᾶν
1532 5437 1625 5493 τὸν
1663 5434 1925 5506 πολέμιον

348 5532 504 5599 γένος
528 5530 622 5591 τοῦ
647 5530 805 5586 Θεοῦ.
836 5533 900 5585 Εἰ
928 5531 985 5587 δὲ
1009 5533 1039 5587 6
1071 5528 1261 5604 Σωτὴρ
1283 5533 1395 5595 τοῖς
1435 5528 1809 5601 προλεχθεῖσιν
1845 5527 1923 5600 (1η)

349 5623 656 5690 ἀκολούθως
689 5624 776 5696 εἴη
813 5624 953 5698 ὑπὲρ
977 5624 1084 5679 τῶν
1131 5623 1191 5689 ἐξ
1228 5623 1482 5678 ἁπάντων
1516 5621 1825 5695 τῶνρθνῶν
1847 5622 1927 5688 εἰς

422 5717 490 5751 π’
518 5714 683 5773 Eccli.
721 5733 799 5777 ιιι.
828 5717 918 5773 20.

433 5811 505 5878 (ἰ)
534 5812 743 5865 Δείπει.

2029 4624 2129 4666 nes
2161 4609 2255 4680 qui
2288 4618 2539 4680 quierunt
2564 4619 2637 4667 te.
2677 4631 2696 4665 ι
2744 4610 2937 4667 Priora
2977 4614 3198 4684 quidem
3235 4617 3304 4670 ad
3362 4617 3620 4674 inimicos

2028 4702 2355 4758 avertendos
2388 4704 2533 4759 dicta
2584 4712 2752 4772 sunt;
2792 4706 3034 4761 secunda
3065 4723 3193 4762 vero
3223 4722 3323 4777 pro
3355 4708 3621 4765 domesti-

2026 4792 2110 4847 cis
2150 4792 2484 4862 supplicaut.
2521 4790 2587 4848 Et
2629 4807 2763 4848 sane
2816 4793 3039 4864 quidem
3092 4795 3258 4851 David
3309 4798 3620 4859 orationem

2022 4883 2174 4953 justo
2207 4892 2601 4955 congruentem
2633 4885 2839 4951 emisit,
2877 4898 3133 4958 precatus
3158 4896 3217 4943 ut
3250 4890 3491 4948 universi
3521 4893 3618 4963 qui

2026 4974 2200 5032 Deum
2234 4977 2544 5047 requirunt,
2579 4993 2647 5032 ex
2676 4993 2910 5048 quorum
2937 4979 3027 5036 ille
3053 4995 3283 5037 numero
3308 4990 3467 5048 erat,
3504 4984 3618 5039 ini-

2032 5068 2190 5123 micis
2213 5068 2421 5139 pudore
2449 5067 2695 5133 sull‘usis.
2718 5071 3104 5128 exsultationis
3125 5079 3180 5128 et
3220 5073 3403 5144 gaudii
3447 5076 3620 5146 parti-

2033 5159 2184 5229 cipes
2214 5159 2347 5215 sint.
2403 5160 2442 5216 li
2480 5177 2609 5217 vero
2655 5163 2749 5233 qui
2779 5163 3016 5234 diligunt
3067 5164 3312 5220 salutare
3342 5162 3460 5231 Dei,
3492 5163 3623 5234 jure

2032 5250 2305 5316 dixerint,
2365 5271 2386 5305 ι
2452 5253 2830 5325 Magniﬁcetur
2889 5253 3183 5322 Dominus;
3227 5275 3247 5308 ι
3300 5254 3466 5311 idoue
3510 5270 3619 5313 non

2031 5345 2223 5411 semel,
2254 5344 2351 5401 sed
2375 5347 2523 5402 omni
2542 5355 2808 5418 tempore,
2833 5347 2962 5418 quia
2983 5347 3101 5418 ipse
3118 5346 3383 5404 Dominus
3403 5349 3458 5403 in
3482 5347 3619 5420 ipsis

2028 5435 2387 5508 ipsorumque
2415 5452 2583 5508 opera
2617 5454 2793 5509 genus
2837 5454 3001 5495 omne
3051 5439 3495 5496 adversariorum
3519 5437 3619 5494 Dei

2026 5528 2307 5601 .prolligat.
2341 5528 2496 5595 Quod
2542 5529 2589 5587 si
2642 5529 2893 5586 Salvator
2941 5531 3220 5602 praedictis
3249 5530 3434 5589 verbis
3482 5545 3621 5590 Inus

2034 5620 2129 5684 sit,
2152 5627 2550 5694 consequenter
2598 5620 2667 5677 de
2716 5622 2976 5679 omnibus
3026 5622 3281 5695 gentibus
3316 5623 3371 5678 in
3401 5637 3465 5680 se
3493 5635 3621 5681 cro-
