4056 6376
482 293 549 349 πυτ
559 297 576 348 l

1150 294 1419 351 EUSEBII
1457 297 1934 356 CESARIENSIS
1972 300 2048 355 οι

2165 301 2350 357 PARS
2377 301 2463 357 lli.
2510 332 2579 343 —-
2612 298 3033 358 EXEGETICA.

3653 304 3760 359 77!

478 409 735 467 dentibus
764 408 1003 466 dixerit:
1030 429 1056 460 -ι
1090 409 1375 467 Exsultent
1399 421 1454 469 et
1491 415 1744 470 latenter
1777 416 1833 470 in
1867 425 1920 472 te
1946 431 2048 471 om-

2166 420 2331 472 αὐτὸν
2354 419 2815 484 πεπιστευκότων,
2843 419 2990 488 λέγοι
3017 420 3084 473 ἂν
3110 419 3190 485 τὸ,
3219 439 3239 472 ί
3282 421 3761 489 Ἀγαλλιάσθωσαν

478 518 576 558 nes
599 501 693 572 qui
723 510 975 571 quaerunt
1008 511 1079 558 te.
1119 520 1137 555 ι
1175 502 1295 559 Non
1322 507 1467 561 enim
1513 505 1686 562 Judaei
1716 507 1893 562 solum
1913 547 1928 572 ,
1973 524 2068 562 ne-

474 612 584 668 que
633 597 672 651 ii
706 597 810 667 qui
856 613 916 652 se
967 613 1034 653 ex
1066 599 1378 654 Abralsamo
1411 606 1564 654 ortos
1596 600 1934 671 gloriantur;
1971 600 2065 655 sed

475 690 779 746 universim
807 699 863 744 et
900 689 1180 745 indeﬁnite
1205 706 1398 746 omnes
1428 706 1659 761 prorsus
1699 691 1793 761 qui
1815 699 2067 759 quarunt

473 791 550 848 le,
575 797 646 837 ex
672 781 871 852 quovis
898 797 1095 851 genere
1120 782 1343 846 fuerint,
1380 799 1400 832 ι
1433 784 1712 837 exsultent
1733 790 1787 837 et
1813 782 2067 838 laetentur

473 876 532 929 in
555 881 631 943 te,
653 882 708 929 et
732 874 951 941 dicant,
1002 874 1380 945 Magniﬁcetur
1410 876 1558 932 Deus
1589 896 1603 929 :
1659 895 1680 928 ι
1718 876 1881 947 idque
1917 877 2065 932 omni

475 974 721 1037 tempore
741 966 933 1021 dicant
960 967 1054 1036 qui
1085 967 1320 1038 diligunt
1363 969 1608 1023 salutare
1636 975 1820 1032 tuum,
1854 968 2066 1024 scilicet

470 1057 844 1122 Salvatorem,
866 1061 958 1129 qui
991 1075 1134 1129 saepe
1179 1059 1235 1113 in
1290 1059 1592 1130 Scripturis
1620 1060 1870 1115 salutare
1894 1074 2065 1115 voca-

464 1163 594 1223 tur;
626 1171 788 1228 quem
821 1157 1057 1227 diligunt
1086 1156 1122 1210 ii
1148 1195 1165 1218 ,
1211 1155 1306 1225 qui
1353 1155 1662 1211 doctrinam
1690 1155 1812 1224 ejus
1840 1153 1897 1208 in
1922 1151 2065 1207 dile-

484 1238 838 1318 ctione'pura
888 1246 1147 1317 operibus
1181 1246 1435 1302 foventm
1470 1245 1584 1317 Ego
1606 1260 1738 1301 vero
1759 1258 1971 1316 egenus
2008 1250 2065 1300 et

470 1351 841 1410 'paupersum
867 1356 883 1393 :
911 1336 1079 1402 Deus,
1103 1337 1302 1404 adiuva
1332 1352 1443 1393 me.
1473 1356 1492 1389 ι
1526 1336 1694 1392 David
1716 1349 1957 1407 quoque,
1978 1334 2054 1390 di-

468 1445 570 1486 ves
603 1445 728 1484 cum
762 1436 928 1494 esset,
962 1428 1241 1485 humiliter
1277 1429 1570 1491 sentiebat,
1601 1443 1807 1500 gnarus
1852 1425 2065 1483 scilicet

468 1520 873 1591 magnitudinis
906 1520 1040 1585 Dei,
1098 1531 1152 1576 et
1178 1520 1327 1591 quod
1359 1536 1419 1577 se
1449 1520 1590 1576 nihil
1641 1535 1767 1576 esse
1829 1518 2058 1579 videret.

356 1605 360 1609 ⁴
465 1612 653 1678 Quare
683 1613 856 1668 solius
883 1611 1092 1685 fortis![
1107 1612 1241 1686 Dei]
1274 1628 1430 1684 opem
1462 1611 1789 1685 implorabat
1833 1612 2055 1668 dicens:

467 1723 494 1755 η
535 1704 714 1769 Deus,
767 1706 966 1775 adiuva
1021 1720 1155 1760 me:
1217 1707 1439 1778 adjutor
1494 1721 1651 1761 meus
1698 1712 1755 1761 et
1802 1705 2060 1760 liberator

2170 509 2264 564 καὶ
2291 509 2751 580 εὐφρανθήτωσαν
2772 509 2870 564 ἐπὶ
2897 510 2981 563 σοὶ
3010 509 3208 574 πάντες
3228 512 3276 562 οἱ
3305 507 3595 581 ζητοῦντές
3623 529 3706 566 σε.
3734 531 3755 566 ι

2168 602 2262 673 Μὴ
2313 601 2422 674 γὰρ
2472 603 2620 673 μόνοι
2663 601 2924 671 Ἰουδαῖοι,
2964 601 3100 673 μηδὲ
3146 603 3195 655 οξ
3241 601 3334 654 τὸν
3369 600 3624 675 Ἀϐραὰμ
3655 605 3759 657 αὑ·-

2167 692 2412 764 χοῦντες,
2448 693 2585 747 ἀλλά
2615 691 2845 746 καθόλου
2873 692 2967 746 καὶ
2996 692 3267 763 ἀορίστως
3293 693 3493 756 πάντες
3516 694 3633 747 ὅσοι
3661 695 3760 766 δή-

2167 800 2299 837 ποτε
2345 785 2441 837 καὶ
2485 784 2547 850 ἐξ
2591 784 2704 838 οἴου
2756 783 2948 853 γένους
2996 777 3107 836 εἶεν
3154 783 3204 836 οἱ
3257 780 3616 855 ὲκζητοῦντές
3664 802 3757 851 σε,

2170 894 2191 927 ι
2219 872 2670 943 ἀγαλλιάσθωσαν
2687 873 2781 927 καὶ
2808 872 3265 945 εὐφρανθήτωσαν
3287 875 3381 927 ἐπὶ
3415 874 3517 936 σοὶ,
3557 877 3652 929 καὶ
3669 875 3761 929 λε-

2165 966 2434 1035 γέτωσαν,
2467 964 2876 1037 Μεγαλυνθήτω
2900 967 2928 1018 6
2950 966 3083 1029 Θεός
3101 982 3115 994 ·
3163 984 3182 1017 ι
3219 968 3313 1019 καὶ
3340 966 3499 1020 τοῦτο
3521 967 3758 1037 λεγέτω-

2167 1074 2266 1112 σαν
2293 1058 2584 1123 διαπαντὸς
2615 1059 2665 1112 οἱ
2686 1056 3016 1128 ἀγαπῶντες
3046 1056 3108 1110 τὸ
3141 1058 3407 1129 σωτήριόν
3442 1075 3568 1111 σουο
3595 1061 3759 1116 αὐτὸν

2163 1148 2362 1222 δηλαδὴ
2394 1148 2485 1201 τὸν
2520 1147 2750 1218 Σωτῆρα
2789 1146 3059 1218 σωτήριον
3082 1143 3347 1216 πολλαχοῦ
3384 1145 3493 1200 τῶν
3522 1146 3759 1219 Γραφῶν

2162 1238 2571 1311 ὠνομασμένον,
2602 1237 2665 1291 ὃν
2694 1237 2980 1307 ἀγαπῶσιν
3005 1237 3055 1290 οἱ
3086 1236 3152 1290 δι’
3176 1235 3351 1309 ἔργων
3378 1238 3481 1310 τὴν
3505 1238 3760 1294 διδασκα-

2163 1331 2282 1385 λίαν
2307 1329 2479 1389 αὐτοῦ
2502 1333 2563 1386 ὲν
2587 1330 2778 1405 ἀγάπῃ
2809 1328 3027 1402 καθαρᾷ
3052 1329 3425 1403 περιέποντες.
3459 1349 3477 1381 ι
3519 1329 3663 1400 Ἐγὼ
3696 1330 3756 1387 δὲ

2163 1424 2378 1495 πτωχὸς
2409 1424 2501 1479 καὶ
2524 1423 2714 1495 πένηςο
2737 1424 2767 1476 6
2783 1421 2936 1486 Θεὸς,
2970 1420 3236 1494 βοήθησόν
3275 1439 3385 1493 μοι.
3422 1440 3442 1474 ι
3463 1423 3574 1477 Kal
3591 1423 3755 1479 Δαυῖδ

2160 1516 2417 1581 πλούσιος
2445 1516 2523 1570 ὢν
2567 1517 2897 1587 ἑταπεινοφρ
2911 1514 3042 1579 όνει,
3099 1515 3196 1568 ἀτε
3250 1515 3454 1584 γνῶσιν
3495 1515 3634 1589 ἔχων
3656 1517 3753 1573 τοῦ

2164 1610 2430 1683 μεγέθους
2470 1609 2566 1664 τοῦ
2613 1608 2782 1674 Θεοῦ,
2827 1609 2921 1663 καὶ
2959 1608 3022 1662 τὸ
3052 1608 3218 1680 μηδὲν
3243 1609 3437 1663 ἑαυτὸν
3467 1610 3632 1683 ὀρῶν.
3657 1606 3753 1669 Διδ
3800 1656 3807 1661 .

2159 1705 2260 1777 τὴν
2287 1702 2442 1777 παρὰ
2477 1703 2641 1774 μόνου
2685 1701 2780 1757 τοῦ
2831 1698 3054 1773 ἰσχυροῦ
3091 1700 3340 1773 βοήθειαν
3378 1702 3620 1774 ἐξῃτεῖτο
3660 1702 3751 1757 λέ-

467 1813 628 1854 meus
656 1806 824 1859 esto.
854 1796 1101 1861 Domine,
1150 1812 1220 1852 ne
1262 1797 1512 1853 moreris.
1568 1815 1587 1849 ι
1630 1795 1884 1851 Christus
1916 1811 2048 1866 quo-

2154 1814 2301 1867 γων·
2334 1815 2356 1850 ι
2392 1796 2452 1850 '0
2479 1795 2652 1860 Θεὸς,
2684 1794 2950 1868 βοήθησόν
2979 1813 3069 1868 μοι
3090 1812 3105 1827 ’
3155 1793 3348 1867 βοηθός
3390 1813 3491 1867 μου
3524 1797 3619 1850 xal
3653 1797 3747 1869 ρύ-

459 1906 574 1959 ιῖιιε
593 1906 716 1946 cum
741 1891 894 1944 dives
915 1898 1084 1953 esset,
1116 1898 1339 1960 propter
1376 1904 1480 1944 nos
1510 1903 1716 1959 egenus
1743 1887 1924 1943 factus
1948 1895 2052 1955 est,

462 1990 526 2037 ut
551 1981 739 2037 docuit
762 1980 984 2035 divinus
1009 1980 1306 2050 Apostolus
1326 1980 1396 2032 "°.
1426 1978 1794 2045 Quamobrem
1812 1979 2056 2050 seipsutn

461 2072 708 2143 Spiritus
740 2072 948 2125 auxilio
983 2070 1430 2131 commendabat,
1458 2084 1560 2140 pro
1601 2069 1800 2140 populo
1828 2085 1931 2127 suo
1960 2071 2056 2126 de~

461 2178 720 2236 precaris,
757 2169 812 2217 et
855 2177 962 2232 pro
988 2160 1271 2228 Ecclesia;
1298 2178 1367 2218 ne
1392 2161 1603 2217 diutius
1639 2168 1891 2233 tempore
1930 2176 2056 2233 per-

463 2258 810 2312 secutionum
846 2257 1186 2325 impugnata,
1221 2254 1371 2325 gravi
1420 2254 1552 2309 hinc
1585 2255 1917 2310 detrimento
1947 2254 2057 2309 alii-

461 2358 702 2403 ceretur.
718 2346 1083 2413 Quamobrem
1112 2347 1190 2401 ait
1217 2365 1230 2399 :
1269 2365 1287 2396 ι
1308 2345 1540 2416 Adjutor
1558 2361 1710 2401 meus
1726 2346 2055 2403 etliberator

462 2454 619 2495 meus
665 2453 724 2494 es
755 2446 835 2502 tu,
863 2437 1110 2501 Domine,
1143 2452 1214 2492 ne
1257 2438 1508 2493 moreris.
1544 2456 1567 2489 ι
1611 2438 1694 2492 An
1742 2453 1910 2509 porro
1932 2438 2053 2493 haec

461 2526 531 2581 ad
560 2536 772 2597 tempus
799 2526 1080 2597 passionis
1116 2525 1425 2582 Servatoris
1469 2526 1801 2593 referantur,
1836 2538 1891 2582 tu
1934 2530 2053 2600 ipse

458 2618 783 2676 consideres
838 2620 1023 2674 velim.
1071 2620 1523 2690 Quandoquidem
1547 2622 1692 2676 enim
1741 2620 1796 2675 in
1844 2636 2051 2691 praece-

456 2712 613 2768 denti
655 2711 838 2767 illatas
881 2710 988 2765 sibi
1045 2713 1362 2767 vexationes
1392 2711 1720 2782 descripsit;
1769 2713 2048 2784 quomodo

456 2802 782 2876 intraverint
809 2817 964 2873 aqua:
996 2818 1172 2874 usque
1205 2804 1273 2858 ad
1299 2804 1538 2858 animam
1567 2820 1722 2861 suam
1745 2843 1761 2869 ,
1792 2805 2048 2877 quiinﬁ-

458 2910 561 2949 xus
583 2895 655 2949 sit
677 2894 733 2949 in
767 2895 897 2949 limo
928 2895 1205 2965 profundi,
1233 2897 1447 2951 venerit
1470 2896 1526 2950 in
1555 2896 1900 2952 altitudinem
1931 2913 2048 2952 ma-

454 2986 555 3051 ris,
587 2985 932 3055 multiplicati
978 2987 1087 3042 sint
1115 3003 1283 3057 super
1312 2989 1542 3057 capillos
1596 2989 1792 3059 capitis
1830 2990 1917 3046 sui
1950 2992 2046 3061 qui

452 3092 516 3133 se
554 3077 725 3145 gratis
753 3077 1012 3141 oderunt,
1039 3085 1093 3131 et
1125 3079 1233 3132 alia
1278 3081 1448 3133 multa
1502 3080 1703 3135 ibidem
1731 3081 1895 3135 allata
1925 3097 2046 3150 per-

452 3182 651 3237 pessus
702 3168 805 3234 sit;
855 3167 980 3238 jure
1035 3170 1179 3225 banc
1230 3172 1686 3240 supplicationem
1745 3173 1897 3229 Patri
1944 3190 2046 3230 suo

452 3256 655 3311 emittit
683 3254 916 3312 dicens:
958 3276 977 3308 ι
1018 3256 1161 3313 Deus
1186 3297 1200 3321 ,
1248 3258 1304 3311 in
1339 3258 1673 3327 adiutorium
1725 3275 1906 3315 meum
1960 3261 2046 3315 in-

448 3346 651 3413 tende;
683 3346 933 3411 Domine,
984 3347 1050 3401 ad
1090 3348 1460 3417 adjuvandum
1527 3365 1613 3404 me
1670 3351 1888 3412 festina.
1929 3371 1949 3405 ι
1990 3361 2047 3407 et

450 3444 671 3490 caetera.
709 3436 853 3503 Quia
882 3438 1257 3507 apostolorum
1287 3453 1514 3493 suorum
1558 3441 1807 3495 ordinem
1836 3445 2043 3501 amoris

448 3531 537 3584 sui
571 3544 739 3584 causa
773 3518 971 3601 magna
1016 3531 1071 3584 in
1106 3530 1431 3588 confusione
1461 3543 1769 3589 versantem
1800 3535 2040 3601 videbat,

450 3620 727 3683 secundas
755 3637 854 3691 pro
881 3621 973 3676 illo
1006 3637 1170 3677 voces
1197 3622 1427 3691 edebat;
1458 3632 1517 3678 ut
1545 3632 1769 3695 accepto
1792 3641 2043 3682 resurre-

441 3710 655 3765 ctionis
696 3726 837 3774 suae,
874 3727 1038 3782 quam
1096 3713 1217 3782 ejus
1266 3712 1483 3770 videndi
1522 3715 1705 3785 cupidi
1757 3726 2043 3787 exspecta-

450 3803 604 3867 bant,
641 3806 855 3869 nuntio,
892 3805 1263 3862 exsultatione
1282 3815 1337 3861 et
1361 3806 1543 3862 laetitia
1584 3809 1773 3879 repleti
1825 3825 2043 3880 semper

447 3895 731 3961 dicerent,
792 3915 813 3949 ι
866 3895 1242 3966 Magnificetur
1272 3898 1580 3957 Dominus:
1623 3920 1643 3952 ι
1698 3901 1804 3972 ipsi
1837 3903 2042 3975 quippe

446 3996 604 4044 erant
632 3989 726 4060 qui
748 3988 1052 4062 diligebant
1081 3992 1326 4048 salutare
1360 3993 1559 4063 ipsius.

1111 4286 1154 4343 ll
1172 4286 1334 4343 LXX.

1111 4288 1125 4339 l
1172 4286 1334 4343 LXX.

514 4377 683 4433 Vnus.
721 4377 837 4431 1-5.
883 4394 903 4427 ι
940 4375 1001 4431 In
1036 4287 1107 4443 te(,
1137 4285 1392 4441 )Domine,
1453 4380 1691 4448 speravi,
1744 4395 1855 4435 non
1906 4395 2040 4436 con-

2156 1908 2292 1963 στης
2315 1908 2418 1960 μου
2447 1884 2502 1944 εἴ
2526 1890 2614 1956 σὺ,
2638 1887 2827 1962 Κύριε,
2856 1888 2935 1961 μὴ
2959 1887 3236 1961 χρονίσῃς.
3265 1906 3284 1941 ι
3316 1887 3428 1941 Kal
3459 1889 3488 1940 6
3510 1888 3748 1959 Χριστὸς

2140 1983 2215 2036 δὲ
2244 1981 2499 2046 πλούσιος
2531 1982 2607 2037 ὢν
2639 1982 2706 2036 δι’
2738 1984 2772 2053 ή
2782 1985 2891 2054 μᾶς
2934 1980 3280 2052 ἐπτώχευσεν
3300 2021 3323 2045 ,
3350 1981 3428 2047 ὼς
3455 1981 3692 2050 ἐδίδαξεν
3720 1986 3752 2038 6

2155 2075 2297 2139 θεῖος
2338 2075 2674 2139 ’Δπόστολος.
2725 2074 2818 2129 Διὸ
2866 2076 2962 2129 καὶ
3010 2074 3203 2129 ἑαυτὸν
3253 2074 3491 2128 ἀνετίθει
3531 2078 3600 2149 τῇ
3653 2075 3751 2131 τοῦ

2153 2167 2469 2247 Πνεύματος
2504 2167 2745 2241 βοηθείᾳ,
2780 2168 3100 2240 πρεσϐεύων
3126 2169 3264 2241 ὑπὲρ
3285 2167 3379 2222 τοῦ
3425 2166 3555 2222 λαοῦ
3581 2168 3750 2223 αὑτοῦ

2155 2259 2372 2330 καὶτῆς
2407 2260 2756 2332 Ἐκκλησὶας,
2791 2259 2868 2322 ὡς
2900 2258 2966 2313 ἂν
2996 2260 3093 2331 μὴ,
3121 2262 3202 2324 εἰς
3244 2261 3489 2332 μακροὺς
3521 2261 3750 2332 χρόνους

2160 2352 2547 2425 πολεμουμένῃ
2572 2353 2631 2406 ὲν
2657 2355 2771 2417 τοῖς
2802 2355 3018 2424 καιροῖς
3055 2351 3163 2406 τῶν
3195 2351 3473 2424 διωγμῶν,
3504 2352 3748 2425 μεγάλην

2153 2444 2512 2513 ἀπενέγκοιτο
2567 2442 2792 2516 βλάϐην.
2838 2444 2933 2498 Διό
2982 2459 3150 2514 φησιο
3207 2462 3227 2495 ι
3256 2443 3460 2515 Βοηθός
3509 2460 3610 2514 μου
3653 2444 3747 2497 καὶ

2153 2533 2359 2607 ρύστης
2389 2552 2492 2607 μου
2533 2531 2584 2589 εἷ
2613 2536 2713 2600 σὺ,
2750 2534 2944 2607 Κύριε,
2979 2535 3055 2607 μὴ
3095 2534 3371 2607 χρονίσῃς.
3400 2553 3420 2586 ι
3459 2535 3524 2589 Εἰ
3555 2533 3613 2588 δὲ
3651 2536 3743 2588 καὶ

2150 2626 2325 2682 ταῦτα
2374 2628 2699 2699 ἀναφέροιτο
2744 2628 2838 2681 ἐπὶ
2890 2627 2982 2681 τὸν
3033 2627 3225 2700 καιρὸν
3257 2626 3352 2681 τοῦ
3393 2626 3600 2691 πάθους
3646 2627 3740 2683 τοῦ

2150 2719 2403 2790 Σωτῆρος
2434 2719 2623 2792 ήμῶν,
2658 2720 2753 2774 καὶ
2794 2720 2958 2783 αὐτὸς
3006 2719 3344 2791 ἐπιστήσεις.
3385 2718 3601 2791 Ἐπειδὴ
3632 2719 3742 2790 γὰρ

2148 2809 2441 2881 διέγραψεν
2469 2812 2528 2865 ὲν
2560 2811 2638 2883 τῷ
2666 2811 2773 2882 πρὸ
2800 2810 2990 2864 τούτου
3034 2810 3133 2875 τὰς
3175 2813 3295 2864 κατ’
3333 2810 3497 2864 αὐτοῦ
3536 2812 3742 2865 ἐπανα-

2149 2905 2370 2969 στάσεις
2392 2921 2405 2935 ·
2436 2905 2587 2970 ὅπως
2627 2922 2689 2959 τε
2741 2904 3053 2959 εἰσέλθοσαν
3095 2904 3263 2959 ὕδατα
3296 2904 3402 2969 ἕως
3433 2906 3530 2977 τῆς
3565 2904 3742 2977 ψυχῆς

2147 2995 2337 3059 αὑτοῦ,
2371 2996 2468 3049 καὶ
2498 2998 2738 3068 ὲνεπάγη
2765 2998 2847 3061 εἰς
2878 2996 3011 3069 ὕλην
3043 2995 3233 3068 βυθοῦ,
3258 2998 3351 3051 καὶ
3372 2996 3448 3062 ὡς
3468 2993 3630 3070 ἦλθεν
3659 3000 3741 3063 εις

2149 3087 2217 3140 τὰ
2253 3077 2389 3158 βάθη
2427 3089 2526 3159 τῆς
2567 3088 2872 3160 Θαλάσσης·
2909 3088 3327 3161 ὲπληθύνθησάν
3364 3107 3425 3143 τε
3468 3091 3609 3164 ὑπὲρ
3639 3090 3740 3155 τὰς

2146 3179 2340 3251 τρίχας
2372 3180 2471 3251 τῆς
2503 3180 2746 3252 κεφαλῆς
2778 3180 2945 3235 αὐτοῦ
2978 3182 3028 3235 οἱ
3068 3181 3353 3253 μισοῦντές
3387 3199 3455 3255 με
3489 3183 3701 3255 δωρεάν
3721 3202 3736 3216 ·

2146 3270 2382 3325 πέπονθέ
2406 3289 2467 3325 τε
2493 3272 2593 3326 ὅσα
2625 3273 2720 3327 καὶ
2751 3272 2968 3345 εἴρηται
2989 3289 3003 3305 ο
3040 3273 3268 3339 εἰκότως
3304 3274 3405 3346 τὴν
3454 3275 3738 3346 παροῦσαν

2143 3361 2327 3434 δέησιν
2352 3363 2668 3435 ἀναπέμπει
2700 3364 2837 3436 πρὸς
2866 3364 2958 3419 τὸν
2983 3365 3204 3438 Πατέρα
3224 3366 3397 3436 λέγων
3415 3382 3429 3396 ·
3459 3386 3479 3418 ι
3503 3369 3560 3421 '0
3581 3362 3735 3433 95%;,

2143 3454 2224 3516 εἰς
2251 3453 2349 3523 τὴν
2386 3453 2638 3525 βοήθειάν
2671 3473 2772 3527 μου
2807 3457 3066 3529 πρόσχεςο
3096 3458 3291 3530 Κύριε,
3326 3461 3408 3523 εἰς
3435 3459 3497 3513 τὸ
3530 3459 3734 3533 βοηθῆ-

2146 3545 2235 3597 σαί
2271 3562 2361 3615 μοι
2396 3544 2654 3610 σπεῦσον,
2683 3566 2702 3598 ι
2736 3548 2830 3601 καὶ
2858 3547 2928 3603 τά
2957 3549 3168 3614 τούτοις
3198 3549 3486 3605 ἀκόλουθα.
3518 3552 3735 3625 Ἐπειδὴ

2143 3638 2293 3710 ἑώρα
2356 3639 2418 3692 τὸ
2475 3638 2662 3710 τάγμα
2713 3640 2820 3694 τῶν
2866 3641 3179 3696 ἀποστόλων
3228 3642 3393 3697 αὑτοῦ
3457 3646 3515 3697 ὲν
3566 3645 3733 3719 πολλῇ

2145 3730 2404 3802 συγχύσει
2451 3731 2819 3803 γεγενημένον
2865 3733 2954 3788 διὰ
2997 3733 3095 3806 τὴν
3124 3737 3253 3807 περὶ
3285 3737 3449 3790 αὐτὸν
3486 3737 3731 3811 ἀγάπην,

2142 3822 2240 3885 τὰς
2288 3822 2544 3893 δευτέρας
2596 3825 2741 3897 ὑπὲρ
2798 3825 2978 3879 αὐτῶν
3028 3829 3250 3898 προῖετο
3296 3828 3517 3897 φωνάς,
3552 3830 3730 3894 ὅπως,

2139 3915 2509 3981 ἀπολαϐόντες
2564 3917 2728 3971 αὑτοῦ
2780 3919 2878 3989 τὴν
2940 3919 3234 3974 ἀνάστασιν
3291 3920 3359 3991 ἦν
3410 3921 3733 3992 περιέμενον

2140 4008 2433 4074 ποθοῦντες
2468 4009 2617 4076 ἰδεῖν,
2651 4010 2992 4083 πληρωθείεν
3017 4012 3392 4081 ἀγαλλιάσεως
3418 4015 3512 4068 καὶ
3535 4014 3732 4086 εὐφρο-

2142 4101 2328 4171 σύνης,
2364 4102 2614 4172 λέγοντες
2671 4103 2986 4170 διαπαντός·
3015 4125 3031 4156 ι
3056 4106 3462 4179 Μεγαλυνθήτω
3486 4111 3515 4162 6
3538 4105 3724 4173 Θεὸς,ο

2143 4193 2295 4247 αὐτοὶ
2327 4194 2479 4259 ὄντες
2511 4198 2559 4249 οἱ
2592 4195 2918 4264 ἀγαπῶντες
2940 4197 3002 4250 τὸ
3035 4199 3299 4271 σωτήριον
3330 4198 3514 4254 αὐτοῦ.

2892 4307 2969 4361 0'.

2218 4417 2237 4449 ι
2272 4399 2398 4454 Ἐπὶ
2423 4400 2506 4453 σοὶ
2525 4441 2539 4465 ,
2570 4398 2741 4473 Κύριε
2761 4441 2776 4465 ,
2812 4400 3036 4471 ἤλπισα,
3075 4401 3149 4473 μὴ
3168 4403 3621 4476 καταισχυνθείην
3645 4407 3730 4471 εις

439 4467 646 4522 fundar
678 4467 733 4522 in
760 4474 1052 4532 aeternum,
1087 4469 1141 4522 in
1188 4469 1400 4538 justitia
1452 4479 1546 4525 tua
1601 4471 1772 4527 libera
1831 4487 1919 4528 me
1975 4481 2030 4529 et

2149 4490 2224 4545 τὸν
2255 4492 2447 4555 αἰῶνα,
2482 4494 2540 4546 ὲν
2570 4496 2635 4565 τῇ
2666 4467 2981 4566 δικαιοσύνῃ
3026 4467 3118 4548 σου
3137 4467 3313 4567 ⁷ῥῦσαι
3482 4467 3588 4551 καὶ.
3608 4467 3728 4565 ἐξὲξ

438 4560 597 4631 eripe
626 4576 732 4615 me.
774 4581 794 4612 ι
829 4559 928 4615 His
955 4560 1156 4615 similia
1180 4564 1493 4619 tricesimus
1533 4581 1750 4636 quoque
1790 4568 2036 4636 psalmus

441 4654 782 4719 circumfert,
826 4654 930 4709 hoc
967 4654 1096 4709 item
1158 4656 1321 4711 modo
1380 4674 1542 4713 orsus
1577 4679 1589 4714 :
1628 4679 1646 4711 ι
1691 4662 1751 4716 In
1781 4669 1874 4727 te,
1933 4660 2038 4718 Do-

442 4747 611 4811 mine,
642 4748 877 4817 speravi,
911 4762 1018 4803 non
1041 4748 1352 4804 confundat
1377 4750 1432 4804 in
1460 4759 1748 4818 aeternum,
1780 4753 1835 4807 in
1865 4752 2034 4824 justi-

439 4839 521 4892 tia
566 4847 660 4893 tua
694 4840 864 4895 libera
897 4857 1002 4898 me.
1030 4841 1240 4897 lnclina
1274 4845 1338 4897 ad
1382 4860 1468 4899 me
1506 4859 1694 4901 aurem
1726 4857 1875 4901 tuam
1904 4848 1981 4901 ".1
2008 4865 2028 4901 ι

446 4930 554 4986 Sed
583 4932 673 4987 ille
698 4935 946 5003 quidem,
981 4954 998 4986 ι
1036 4937 1089 4990 In
1117 4937 1299 5001 tinem,
1327 4957 1344 4989 ι
1372 4947 1424 4993 et
1455 4959 1473 4990 ι
1498 4937 1749 4995 Psalmus
1775 4940 1986 5008 Davidi,
2007 4957 2027 4993 ι

440 5023 746 5096 inscriptus
775 5036 896 5093 est;
933 5029 1021 5082 hic
1048 5038 1229 5085 autem
1262 5032 1421 5087 titulo
1455 5040 1624 5087 caret.
1678 5031 1770 5086 llle
1815 5033 2035 5091 confes-

443 5116 656 5172 sionem
692 5132 817 5171 cum
855 5120 1255 5189 supplicatione
1303 5125 1569 5189 continet,
1613 5125 1702 5178 hic
1730 5138 1857 5179 vero
1905 5140 2031 5195 pro-‘-

446 5206 630 5274 plietia
661 5206 879 5261 videtur
907 5223 1030 5263 esse
1055 5226 1118 5264 ex
1172 5226 1404 5281 persona
1438 5212 1739 5268 Salvatoris
1792 5214 2026 5284 prolata.

434 5296 619 5361 Quare
657 5316 676 5349 ι
718 5297 938 5355 Davidis
992 5322 1008 5349 υ
1053 5312 1317 5357 consueto
1356 5320 1508 5359 more
1562 5320 1669 5359 non
1724 5306 2024 5376 inscriptus

434 5395 542 5443 est.
574 5389 783 5445 Dixerit
817 5390 1052 5446 fortasse
1077 5396 1349 5465 quispiam
1403 5405 1659 5466 oportere
1698 5397 1851 5451 illum
1891 5415 2026 5469 pm.

436 5483 758 5537 cedentibus
777 5484 1129 5555 conjungere.
1163 5489 1306 5558 quod
1350 5505 1600 5559 magnam
1644 5507 1767 5547 cum
1798 5493 1906 5548 illis
1931 5495 2026 5547 ha-

510 5633 618 5689 ⁷⁸11
642 5637 769 5692 Cor.
793 5654 910 5705 vui,
944 5641 996 5695 9.
1074 5643 1116 5672 ⁷⁷
1143 5642 1290 5698 Psal.
1321 5662 1450 5707 xxx.
1472 5646 1527 5709 Ξ,
1552 5647 1605 5702 5.

2134 4581 2227 4634 λου
2280 4600 2366 4654 με.
2407 4603 2426 4634 ι
2460 4584 2541 4637 Τά
2599 4585 3023 4655 ἰσοδυναμοῦντα
3069 4586 3276 4649 τούτοις
3323 4587 3417 4640 καὶ
3465 4589 3495 4641 6
3540 4586 3585 4639 λ’
3627 4604 3727 4642 πε-

2139 4674 2308 4745 ριέχει
2345 4675 2578 4746 ψαλμὸς,
2603 4675 2792 4730 τοῦτον
2823 4677 2918 4729 καὶ
2950 4678 3111 4741 αὐτὸς
3134 4678 3436 4751 ἀρχόμενος
3465 4680 3558 4733 τὸν
3595 4680 3721 4752 τρό-

2135 4782 2258 4819 πον.
2303 4784 2323 4816 ι
2353 4766 2475 4819 Ἐπὶ
2512 4768 2625 4832 σοὶ,
2660 4768 2863 4839 Κύριε,
2896 4769 3134 4841 ἤλπισα,
3167 4770 3242 4841 μὴ
3266 4771 3724 4842 καταισχυνθείην

2135 4856 2217 4919 εἰς
2246 4856 2338 4908 τὸν
2366 4856 2558 4921 αἰῶνα,
2592 4858 2649 4911 ὲν
2685 4861 2750 4930 τῇ
2788 4858 3103 4932 δικαιοσύνῃ
3132 4877 3224 4913 σου
3253 4860 3416 4932 ῥῦσαι
3451 4878 3540 4933 με.
3584 4860 3720 4914 Κλῖ-

2135 4965 2223 5002 νον
2253 4947 2390 5021 πρὸς
2426 4948 2493 5020 με
2517 4950 2578 5004 τὸ
2607 4946 2703 5015 οῦς
2729 4968 2843 5006 σου.
2875 4970 2893 5003 ι
2930 4951 3068 5004 Ἀλλ’
3095 4954 3303 5015 ἐκεῖνος
3328 4953 3462 5024 μὲν,
3495 4973 3513 5004 ι
3535 4954 3632 5018 Εἰς
3656 4952 3722 5006 τὸ

2132 5040 2318 5105 τέλος,
2350 5061 2368 5093 ι
2410 5041 2504 5095 καὶ
2553 5061 2571 5093 ι
2599 5042 2829 5114 Ψαλμὺς
2857 5042 2937 5114 τῷ
2962 5042 3154 5109 Δαυῒδ,
3188 5062 3206 5096 ι
3246 5044 3626 5115 ἐπεγέγραπτο
3646 5061 3660 5074 ·
3689 5046 3720 5098 6

2130 5130 2188 5184 δὲ
2214 5130 2404 5205 παρὼν
2431 5134 2841 5206 ἀνεπίγραπτος
2865 5136 3147 5206 τυγχάνει.
3180 5137 3446 5199 Κάκεῖνος
3477 5137 3575 5207 μὲν
3603 5135 3724 5202 εξο-

2134 5222 2426 5296 μολόγησιν
2472 5225 2570 5279 σὺν
2616 5226 2866 5298 ἱκετηρία
2909 5231 3206 5298 περιεῖχεν,
3249 5230 3281 5282 6
3311 5228 3369 5282 δὲ
3409 5220 3723 5300 προςητεία

2129 5316 2307 5372 ἔοικεν
2345 5320 2410 5371 ἐκ
2452 5317 2746 5389 προσώπου
2796 5319 2891 5373 τοῦ
2936 5321 3191 5392 Σωτῆρος
3237 5321 3715 5393 προενηνεγμένη.

2130 5408 2221 5459 Διὸ
2244 5408 2364 5461 οὐδὲ
2403 5410 2810 5481 ἐπιγέγραπται
2828 5411 3094 5484 συνήθως,
3121 5433 3139 5465 ι
3179 5415 3273 5468 τοῦ
3294 5415 3474 5469 Δαυῖδ.
3508 5435 3528 5469 ι
3554 5413 3721 5471 Εἴποι

2128 5496 2173 5550 δ’
2204 5497 2269 5551 ἄν
2314 5516 2399 5563 τις
2445 5502 2740 5575 προσήκειν
2793 5505 3328 5581 συμπεριλαμϐάνειν
3383 5506 3544 5562 αὑτὸν
3603 5508 3718 5573 τοῖς

506 5747 584 5816 (i)
629 5747 687 5803 In
735 5750 962 5818 Vulgata
993 5754 1212 5823 titulus,
1251 5754 1519 5813 Filiorum
1547 5757 1793 5815 Ionadab
1821 5772 1870 5819 et
1901 5764 2137 5819 oriorum
2164 5767 2505 5823 canticorum.
