4056 6378
328 324 453 384 ’1⁵15

1475 327 1975 384 (ΖΟΜΜΕΝΤΑΠΙᾹ
2015 329 2078 386 ΙΝ
2117 330 2457 389 PSALMOS.

3487 337 3601 393 ’174

344 438 456 513 πρὸ
492 438 656 494 αὐτοῦ
696 437 1081 510 τεταγμένοις,
1125 438 1214 492 διὰ
1264 440 1326 492 τὺ
1363 440 1559 512 πολλὴν
1598 441 1736 514 πρὸς
1782 442 1920 496 αὐτά

2029 446 2143 500 beat
2195 447 2529 504 allinitatem.
2585 447 2720 504 Nam
2782 420 2835 505 in
2901 453 3223 523 praecedenti
3271 453 3599 513 dicebatur:

344 528 542 595 σώζειν
570 530 885 585 ἀκολουθία-ν
905 544 920 559 ⁸
949 531 1007 581 ἐν
1048 530 1178 597 γοῦν
1210 529 1287 601 τῷ
1318 532 1420 603 πρὸ
1449 533 1637 585 τούτου
1664 533 1880 602 ἐλέγετο
1899 551 1914 566 ⁸

352 642 372 677 ι
411 622 471 678 Ὀ
493 623 643 688 Θεὸς,
687 625 766 686 εἰς
785 622 883 693 τὴν
915 620 1165 693 βοήθειάν
1196 640 1297 694 μου
1328 623 1579 695 πρόσχες.
1612 625 1918 696 Αἰσχυνθή-

345 729 525 768 τωσαν
571 714 667 766 καὶ
712 713 1136 783 ἐντραπήτωσαν
1174 712 1223 765 oi
1268 713 1555 782 ζητοῦντες
1600 714 1697 785 τὴν
1740 715 1920 787 ψυχήν

350 823 472 876 μου.
506 804 1011 876 Ἀποστραφείησαν
1043 806 1123 867 εἰς
1164 804 1228 858 τά
1259 805 1433 858 ὀπίσω
1472 806 1564 860 καὶ
1589 824 1918 879 καταισχυν-

334 897 572 968 ’θείησαν
608 897 659 949 οἱ
700 895 1009 968 βουλόμενοί
1041 913 1131 967 μοι
1164 897 1340 950 κακά·
1378 915 1397 947 ι
1434 898 1528 951 καὶ
1561 898 1618 949 ἐν
1641 901 1753 961 τοῖς
1784 897 1922 969 μετά

346 990 535 1060 χεῖρας
560 988 619 1042 δὲ
653 988 857 1060 προῖὼν
896 991 923 1043 ὁ
951 988 1106 1058 λόγος
1137 992 1258 1052 ταῖς
1290 989 1483 1053 αὑταῖς
1518 990 1783 1062 κέχρηται
1812 1008 1922 1060 φω-

346 1082 468 1144 ναῖς
488 1081 663 1149 λέγων
681 1097 694 1110 ’
726 1098 745 1132 ι
764 1080 825 1133 Ὀ
852 1080 1004 1144 Θεδς,
1034 1080 1114 1144 εἰς
1137 1079 1235 1151 τὴν
1255 1078 1506 1151 βοήθειάν
1534 1099 1634 1152 μου
1660 1081 1918 1153 πρόσχες,

344 1172 798 1245 αἰσχυνθείησαν·
831 1191 850 1224 ι
895 1173 988 1226 καὶ
1032 1173 1101 1226 τὰ
1137 1172 1298 1226 λοιπά
1326 1173 1384 1226 δὲ
1416 1174 1515 1244 τῆς
1540 1174 1709 1245 αὐτῆς
1743 1174 1921 1245 ἔχεται

334 1260 604 1328 διανοίας,
632 1267 711 1328 είς
743 1264 944 1328 πλάτος
972 1264 1350 1336 ἐκτεινομένου
1378 1267 1472 1318 τοῦ
1500 1249 1661 1335 λόγου
1696 1266 1783 1321 διὰ
1813 1267 1922 1322 τῶν

343 1356 757 1428 προκειμένων,
792 1356 935 1427 ἅπερ
960 1357 1060 1409 οὐκ
1090 1357 1199 1410 ἀπὸ
1230 1356 1432 1411 σκόπου
1459 1358 1523 1412 ἄν
1549 1374 1632 1421 τις
1656 1358 1797 1411 εἴποι
1825 1359 1925 1431 ἀρ-

351 1449 539 1519 μόζειν
558 1447 636 1519 τῷ
658 1449 833 1519 Πατρί
852 1464 865 1479 ο
901 1448 1000 1502 Διά
1017 1465 1076 1501 τε
1105 1448 1166 1501 τὸ
1189 1447 1445 1517 λέγεσθαι
1482 1450 1539 1503 ἐν
1569 1449 1739 1521 αὐτῷ·
1770 1450 1923 1504 (Ὅτι

351 1542 416 1595 σὺ
444 1538 551 1613 εἴη
581 1540 825 1612 ὑπομονή
862 1558 985 1613 μου,
1019 1540 1216 1611 Κύριε,
1249 1540 1442 1613 Κύριε,
1473 1543 1506 1613 ἡ
1538 1541 1691 1606 ἐλπίς
1725 1559 1825 1613 μου
1859 1543 1923 1595 ἐκ

343 1634 597 1704 νεότητός
633 1651 733 1704 μου
755 1651 768 1665 ·
803 1653 821 1684 ι
859 1633 994 1686 αὐτὰ
1020 1633 1125 1705 γὰρ
1147 1634 1321 1687 ταῦτα
1351 1634 1409 1685 ἐν
1442 1634 1536 1686 καὶ
1561 1631 1639 1702 τῷ
1683 1631 1925 1701 κα¹’ψαλ-

350 1724 437 1796 μῷ
465 1724 524 1789 ἐξ
547 1724 711 1779 αὑτοῦ
742 1724 1030 1797 προσώπου
1060 1725 1277 1793 ἐλέγετο
1298 1727 1356 1776 ἐν
1385 1723 1621 1789 τούτοις·
1663 1742 1682 1775 ι
1713 1724 1832 1777 Ὅτι
1859 1725 1921 1777 σὺ

344 1813 399 1869 εἷ
421 1820 449 1870 ὁ
481 1818 762 1906 ἐκσπάσας
791 1834 858 1889 με
892 1818 956 1871 ἐκ
993 1816 1260 1886 γαστρός·
1294 1834 1311 1866 ι
1351 1814 1449 1906 και
1487 1814 1556 1868 τὰ
1585 1813 1732 1886 ἑξῆς.
1767 1812 1927 1867 Ἀλλά
1956 1852 1999 1906 Β

347 1909 444 1961 καὶ
475 1906 535 1960 τὸ
572 1903 698 1977 ἐξῆς
731 1906 1117 1976 ἐπιλεγόμενον
1137 1906 1195 1958 ἐν
1224 1907 1289 1976 τῇ
1328 1904 1466 1975 μετά
1491 1908 1680 1978 χεῖρας
1714 1922 1924 1977 προφη-

345 2000 468 2071 τείᾳ
494 2000 551 2052 ἐν
582 1997 680 2067 τῷ,
716 2017 733 2049 ι
773 1998 830 2051 '0
861 1998 994 2062 Θεός
1023 2012 1148 2069 μου,
1193 1996 1266 2068 μὴ
1318 1996 1688 2069 ἐγκαταλίπῃς
1711 2015 1800 2067 με,
1819 1998 1924 2060 ἕως

346 2091 412 2144 ἀν
444 2087 741 2157 ἀπαγγελῶ
760 2088 850 2143 τὸν
882 2088 1143 2161 βραχίονά
1171 2106 1262 2142 σου
1290 2091 1355 2160 τῇ
1380 2090 1542 2160 γενεᾷ
1571 2090 1720 2161 πάσῃ
1743 2091 1807 2160 τῇ
1837 2092 1926 2162 ἐρ-

346 2183 572 2255 χομένῃ,
598 2203 616 2234 ι
643 2184 981 2252 ἰσοδυναμεῖν
1005 2181 1145 2235 ἔοικε
1165 2181 1241 2252 τῷ
1262 2183 1319 2233 ἐν
1340 2182 1426 2235 κα¹
1442 2181 1642 2253 ψαλμῷ
1665 2183 1924 2251 φάσκοντι

346 2272 491 2342 λόγῳ
507 2290 521 2302 ·
548 2290 566 2323 ι
590 2271 1045 2342 Ἀναγγελήσεται
1061 2270 1137 2342 τῷ
1153 2271 1342 2342 Κυρίῳ
1364 2271 1525 2339 γενεά
1544 2273 1576 2341 ἠ
1597 2271 1884 2344 ἐρχομένη.
1900 2289 1918 2322 ι

346 2360 594 2432 Πρόσχες
638 2362 745 2434 γὰρ
781 2361 1024 2434 ἀκριϐῶς
1063 2363 1211 2426 ὅπως
1241 2363 1298 2413 ἐν
1326 2362 1521 2433 ἐκείνῳ
1556 2362 1653 2432 μὲν
1683 2361 1921 2430 ἐλέγετο,

342 2476 368 2506 -ι
380 2457 676 2529 Ἀναγγελῇ
685 2475 833 2511 σεται
845 2457 923 2527 τῷ
937 2458 1128 2529 Κυρίῳ
1141 2457 1347 2527 γενεάἠ
1372 2457 1660 2529 ἐρχομένη,
1675 2458 1760 2510 »ἐν
1772 2456 1828 2510 δὲ
1846 2455 1925 2527 τῷ

344 2550 730 2622 προκειμένῳ,
771 2570 789 2603 ι
826 2552 970 2615 Ἕως
999 2550 1063 2603 ἂν
1097 2551 1393 2619 ἀπαγγελῶ
1414 2552 1507 2604 τὸν
1542 2549 1801 2623 βραχίονά
1830 2567 1923 2604 σου

344 2643 411 2713 τῇ
439 2643 602 2712 γενεᾷ
627 2644 775 2715 πάσῃ
798 2646 863 2713 τῇ
897 2643 1187 2713 ἐρχομένῃ.
1226 2662 1243 2693 ι
1283 2642 1442 2695 Ἀλλά
1480 2644 1574 2696 καὶ
1606 2642 1707 2713 τὴν
1741 2640 1806 2694 ἐκ
1836 2659 1925 2695 νε-

347 2732 493 2803 κρῶν
513 2733 805 2786 ἀνάστασιν
822 2733 983 2786 αὑτοῦ
1000 2733 1185 2802 σαφῶς
1200 2734 1526 2806 παρίστησιν
1544 2735 1577 2805 ἡ
1593 2732 1727 2804 μετά
1738 2735 1926 2805 χεῖρας

344 2823 651 2895 προφητεία
681 2823 910 2892 λέγουσα
927 2822 986 2887 ἐξ
1009 2824 1170 2877 αὐτού
1191 2824 1482 2896 προσώπου
1498 2841 1510 2853 ·
1543 2840 1560 2874 ι
1586 2825 1642 2877 '0
1656 2823 1807 2888 Θεὸς,
1842 2824 1927 2887 τίς

342 2914 526 2983 ὅμοιός
556 2915 814 2979 conﬁcta;
845 2913 1049 2979 ἔδειξας
1067 2932 1156 2985 μοι
1185 2913 1390 2983 θλίψεις
1407 2912 1605 2977 πολλὰς
1630 2914 1723 2967 καὶ
1752 2913 1927 2977 κακὰς

344 3007 438 3058 καὶ
458 3005 790 3078 ἐπιστρέψας
818 3006 1187 3077 ἐζωοποίησάς
1207 3022 1294 3076 με,
1318 3005 1413 3058 καὶ
1433 3004 1541 3058 τῶν
1560 3003 1813 3073 ἀναγκῶν
1827 3006 1925 3075 τῆς

338 3097 446 3167 γῆς
462 3097 620 3150 πάλιν
631 3098 903 3169 ἀνήγαγές
919 3114 983 3168 με
1000 3113 1014 3163 ;
1043 3118 1060 3149 ι
1082 3097 1195 3150 Εἶτ’
1210 3093 1301 3150 οὖν
1314 3098 1379 3150 ἐκ
1399 3095 1687 3168 προσώπου
1703 3095 1799 3150 τοῦ
1816 3097 1901 3149 Σω
1913 3114 1928 3140 -‘

2026 551 2045 585 ι
2076 534 2241 601 Deus,
2274 538 2329 591 in
2356 538 2688 607 adjtttorinni
2720 556 2899 595 meum
2937 543 3155 598 intende
3178 584 3193 602 .
3247 543 3581 601 Confundan

2022 633 2109 680 tur
2159 636 2214 682 et
2262 640 2613 684 revereantnr
2661 633 2753 701 qui
2806 644 3055 703 quaerunt
3109 636 3346 689 animam
3399 651 3598 693 mram.

2020 716 2348 773 Avertantur
2399 727 2702 777 retrorsum
2760 730 2813 777 et
2860 725 3190 781 erubescant
3253 727 3345 796 qui
3412 730 3607 785 volunt

2021 807 2153 862 mihi
2183 810 2327 863 ntala
2362 810 2427 865 ⁷⁸.
2473 831 2491 865 ι
2535 810 2594 867 In
2626 813 2731 869 hoc
2767 831 2899 871 vero
2925 855 2941 881 ,
2991 832 3153 887 quem
3206 834 3354 873 nunc
3409 831 3607 876 tracta-

2021 915 2171 965 mus,
2211 899 2499 971 ipsissimae
2526 920 2686 961 voces
2718 906 2774 960 in
2808 908 3164 977 sequentibus
3213 922 3555 980 usurpantur
3586 932 3602 968 :

2026 1006 2045 1039 ι
2080 988 2243 1054 Deus,
2273 991 2328 1044 in
2357 992 2690 1061 adjutorium
2723 1011 2904 1051 meum
2937 997 3161 1052 intende
3185 1037 3201 1060 .
3256 1000 3605 1056 confundan-

2022 1087 2132 1144 tur,
2154 1100 2172 1135 ι
2199 1089 2253 1136 et
2279 1091 2497 1149 caetera,
2532 1101 2750 1158 quoque
2776 1087 2950 1144 eidem
2984 1091 3270 1146 sententiae
3300 1091 3609 1158 insistunt‘;

2022 1171 2119 1228 sed
2149 1172 2239 1229 hic
2267 1172 2446 1231 fusius
2468 1192 2555 1232 res
2585 1178 2935 1244 enarrantur,
2966 1196 3104 1252 quas
3129 1181 3274 1237 Patri
3309 1182 3611 1238 convenire

2020 1278 2130 1318 non
2149 1263 2249 1321 abs
2273 1282 2336 1322 re
2362 1268 2633 1339 quispiam
2663 1271 2885 1326 dixerit.
2910 1273 3046 1347 Cum
3083 1276 3209 1329 item
3237 1274 3292 1329 in
3320 1275 3423 1330 hoc
3456 1268 3611 1347 psal¥

2021 1374 2113 1413 mo
2136 1359 2374 1425 dicatur,
2402 1378 2422 1411 ι
2457 1360 2726 1428 Quoniam
2746 1371 2802 1417 tu
2826 1380 2887 1419 es
2906 1365 3164 1435 patientia
3184 1380 3327 1431 mea,
3352 1364 3605 1431 Domine,

2029 1448 2259 1506 Domine
2289 1468 2414 1523 spes
2448 1468 2568 1509 mea
2587 1469 2619 1508 a
2641 1454 2924 1524 juventute
2955 1471 3110 1522 mea;
3154 1475 3174 1509 ι
3205 1457 3311 1513 hoc
3341 1456 3518 1528 ipsum
3545 1458 3605 1513 in

2021 1544 2236 1613 psalmo
2266 1561 2382 1609 xm,
2410 1561 2477 1600 ex
2503 1545 2692 1602 eadem
2720 1561 2957 1618 persona
2996 1547 3237 1604 dicitur:
3271 1567 3292 1601 ι
3329 1547 3605 1615 Quoniam

2024 1642 2082 1687 tu
2107 1651 2166 1690 es
2189 1636 2281 1705 qui
2304 1637 2588 1692 extruxisti
2622 1652 2707 1691 me
2731 1638 2799 1693 de
2843 1647 3034 1694 ventre
3059 1641 3128 1704 τ’,
3167 1659 3186 1692 ι
3218 1649 3272 1696 et
3295 1642 3601 1711 sequentia.

2026 1722 2132 1779 Sed
2181 1725 2344 1780 etiam
2401 1726 2546 1798 quod
2593 1728 2650 1782 in
2702 1728 2806 1783 hac
2864 1730 3145 1801 prophetia
3211 1731 3602 1802 subjungitur,

2031 1833 2049 1865 ι
2083 1814 2226 1871 Deus
2263 1832 2417 1872 meus
2437 1857 2452 1881 ,
2484 1834 2552 1872 ne
2573 1818 2922 1889 derelinquas
2952 1835 3057 1886 me,
3079 1818 3252 1875 donec
3281 1822 3603 1876 annuntiem

2024 1903 2308 1958 brachium
2337 1912 2488 1960 tnum
2515 1908 2856 1978 generationi
2876 1910 3027 1964 omni
3048 1925 3169 1980 qua:
3195 1919 3418 1965 ventura
3446 1920 3551 1977 est;
3578 1930 3598 1963 ι

2025 1996 2204 2052 simile
2230 1997 2446 2053 videtur
2476 1999 2552 2053 illi
2600 2015 2692 2054 xxr
2736 2002 2930 2070 psalmi
2981 2002 3151 2062 dicto,
3188 2021 3207 2053 ι
3249 2002 3607 2057 Annuntiabi-

2024 2097 2115 2141 tur
2145 2087 2373 2142 Domino
2401 2090 2683 2160 generatio
2700 2100 2934 2146 ventura
2964 2092 3033 2145 ⁸⁸.
3066 2112 3085 2144 ›
3113 2093 3382 2148 Attendas
3403 2093 3607 2163 quippe

2024 2179 2506 2249 velim,'qnomodo
2534 2181 2585 2233 in
2614 2181 2705 2235 illo
2726 2182 2944 2253 quidem
2971 2183 3206 2247 dicatur,
3236 2203 3254 2235 ι
3294 2184 3607 2238 Annuntia-

2026 2269 2175 2324 bitur
2215 2269 2448 2325 Domino
2490 2273 2773 2343 generatio
2803 2281 3071 2341 ventura;
3116 2294 3136 2328 ι
3173 2275 3228 2328 in
3259 2275 3361 2329 hoc
3398 2280 3603 2339 autem,

2032 2379 2053 2413 ι
2077 2360 2261 2418 Donec
2290 2365 2610 2419 annuntiem
2636 2364 2920 2421 brachium
2942 2376 3093 2420 tuum
3122 2367 3457 2437 generationi
3487 2382 3609 2420 ont-

2026 2452 2081 2505 ni
2106 2468 2226 2522 quae
2247 2460 2473 2508 ventura
2515 2464 2618 2509 est.
2661 2474 2680 2506 ι
2719 2452 2862 2519 Quin
2907 2457 3070 2510 etiam
3103 2457 3223 2525 ejus
3259 2472 3322 2510 ex
3373 2456 3609 2510 mortuis

2027 2545 2485 2599 resurrectionem
2521 2553 2707 2615 aperte
2733 2547 2976 2601 declarat
3007 2547 3121 2601 hmo
3155 2546 3439 2617 prophetia
3460 2586 3475 2611 ,
3538 2561 3609 2601 ex

2025 2638 2147 2707 ejus
2166 2652 2400 2709 persona
2417 2638 2640 2692 dicens:
2666 2656 2685 2689 ι
2722 2637 2885 2703 Deus,
2902 2638 3026 2707 quis
3054 2637 3251 2695 similis
3273 2639 3405 2691 tibi?
3428 2637 3609 2704 Quan-

2026 2736 2113 2785 tas
2146 2728 2433 2784 ostendisti
2462 2730 2593 2784 mihi
2617 2731 3002 2785 tribulationes
3023 2731 3223 2785 multas
3244 2739 3297 2785 et
3318 2731 3490 2787 malas
3512 2771 3529 2798 ,
3551 2741 3611 2785 et

2026 2834 2329 2875 conversus
2355 2820 2640 2877 viviﬁcasti
2676 2837 2783 2884 me,
2824 2828 2879 2875 et
2903 2820 2970 2875 de
3001 2820 3417 2876 necessitatibus
3446 2828 3609 2875 terrae

2027 2906 2225 2961 iterum
2253 2907 2518 2964 reduxisti
2552 2909 2671 2964 me?
2708 2928 2728 2961 ι
2765 2907 2893 2963 Sive
2926 2909 3094 2981 igitur
3119 2925 3186 2965 ex
3209 2925 3441 2980 persona
3478 2908 3606 2966 Ser-

2027 2996 2252 3058 vatoris,
2285 2996 2400 3051 sive
2428 3011 2493 3050 ex
2525 3010 2760 3066 persona
2805 2996 3100 3065 cujuslibet
3129 2996 3265 3066 justi
3311 2996 3426 3053 haec
3458 2997 3609 3051 acci-J

2027 3090 2222 3159 pienda
2244 3097 2393 3143 sunt.
2428 3087 2740 3144 Doctrinam
2784 3090 2931 3143 enim
2979 3088 3416 3158 complectuntur
3437 3103 3605 3159 ,gate

338 3191 407 3259 τῆ
416 3207 527 3262 ρος,
552 3190 662 3242 εἴτε
692 3192 755 3242 ἐκ
777 3188 1071 3261 προσώπου
1098 3190 1295 3252 παντὸς
1317 3188 1545 3252 δικαίου,
1568 3189 1677 3242 τῶν
1707 3206 1927 3260 προκει-

2030 3196 2132 3236 nos
2156 3180 2395 3236 instituit
2425 3189 2484 3235 ttt
2513 3197 2580 3236 ex
2615 3181 2760 3236 bono
2789 3180 3071 3251 proposito
3100 3181 3285 3235 omnia
3335 3188 3459 3251 post
3513 3180 3612 3237 du-

348 3283 521 3352 μένων
543 3280 854 3335 ἀκουστέον.
880 3281 1129 3354 Περιέχει
1154 3281 1262 3353 γὰρ
1281 3280 1626 3335 διδασκαλίαν
1649 3280 1925 3335 παιδεύου-

2029 3289 2235 3337 camus,
2264 3274 2318 3329 in
2337 3289 2559 3345 unoque
2583 3272 2817 3329 Domino
2838 3288 2990 3345 spem
3017 3280 3322 3329 statuamus
3337 3282 3608 3334 nostram.

344 3393 446 3429 σαν
478 3376 627 3447 ἡμᾶς
658 3375 793 3445 μετά
824 3374 1117 3437 διαθέσεως
1150 3373 1336 3443 ὑγιοῦς
1371 3373 1549 3427 πάντα
1575 3372 1676 3444 μέν
1697 3372 1925 3445 δεύτερα

2029 3367 2100 3422 ita
2130 3373 2188 3419 ut
2220 3364 2442 3422 sincero
2470 3366 2667 3422 affectu
2711 3366 2960 3422 dicamus
2993 3384 3009 3422 :
3047 3383 3068 3418 ι
3118 3364 3179 3419 In
3226 3373 3308 3431 te,
3342 3364 3571 3422 Domine
3592 3408 3610 3432 ,

342 3468 610 3530 τίθεσθαι,
627 3468 721 3521 ἐπὶ
736 3467 902 3538 μόνον
922 3467 979 3520 δέ
999 3467 1089 3521 τὸν
1112 3465 1317 3538 Κύριον
1335 3466 1436 3529 τάς
1457 3465 1666 3519 ἑαυτῶν
1688 3466 1926 3538 ἀναρτᾷν

2029 3459 2264 3524 speravi,
2282 3474 2391 3513 non
2413 3458 2723 3514 confundar
2744 3462 2798 3513 in
2815 3466 3100 3514 aeternum.
3124 3476 3145 3510 ι
3169 3455 3275 3524 Qui
3291 3458 3436 3513 enim
3455 3458 3509 3512 in
3527 3458 3613 3512 di‘

346 3561 587 3624 ἐλπίδας,
610 3559 749 3612 ὥστε
770 3558 948 3627 λέγειν
970 3557 1117 3629 αὐτῷ
1137 3557 1372 3612 διαθέσει
1397 3557 1646 3627 γνησίᾳ.ι
1672 3558 1795 3611 Ἐπὶ
1820 3558 1923 3623 σοὶ,

2029 3551 2179 3607 vitiis
2195 3567 2259 3606 ac
2272 3551 2328 3606 in
2346 3552 2584 3623 copiosis
2597 3552 2726 3607 vitae
2742 3549 3233 3613 facultatibus,sive
3248 3550 3301 3604 in
3317 3549 3611 3605 mundanis

345 3656 539 3728 Κύριε,
556 3654 780 3725 ἤλπισα,
810 3654 885 3725 μὴ
911 3652 1362 3725 καταισχυνθείην
1385 3654 1466 3715 εἰς
1489 3653 1580 3705 τὸν
1606 3651 1798 3706 αίῶνα.
1827 3671 1844 3703 ι
1862 3654 1927 3705 Οἱ

2031 3642 2423 3713 dignitatibus,
2451 3644 2570 3700 sive
2602 3644 2660 3698 in
2694 3644 3007 3714 principum
3058 3640 3244 3696 favore
3274 3650 3329 3697 et
3372 3643 3612 3712 patroci-

345 3747 559 3820 γάρέπὶ
584 3745 913 3815 πλούτῳκαί
935 3744 1099 3814 πολλῇ
1121 3744 1406 3815 περιουσίᾳ
1439 3742 1576 3813 βίου,
1595 3743 1629 3814 ἢ
1653 3742 1746 3795 ιιιπί⁷
1762 3741 1930 3808 ἀξιώ-

348 3856 482 3910 μασι
499 3841 800 3908 κοσμικοῖς,
820 3835 852 3908 ἢ
872 3837 963 3889 ἐπὶ
981 3835 1254 3907 ἀρχόντων
1276 3835 1565 3904 οἰκειότητι
1588 3837 1680 3889 καὶ
1700 3850 1933 3907 προστα-

348 3931 459 4000 σίᾳ,
509 3928 593 3998 ἐφ’
628 3928 800 3999 ἑτέρῳ
830 3930 939 3981 τινὶ
985 3926 1094 3980 τῶν
1127 3925 1335 3997 θνητῶν
1375 3926 1469 3980 καὶ⁵
1513 3927 1795 3997 ἐπικήρων
1832 3925 1930 3990 τὰς

348 4019 555 4075 ἑαυτῶν
599 4019 939 4082 ἀνατιθέντες
990 4017 1232 4081 ἐλπίδας,
1282 4017 1544 4089 αἰσχύνην
1584 4017 1928 4088 όφλήσουσιν.

353 4132 371 4163 ι
412 4111 839 4182 Ἐπικατάρατος
855 4109 965 4182 γὰρ
985 4109 1268 4180 ἄνθρωπος
1287 4109 1346 4174 ὃς
1374 4110 1470 4179 τὴν
1488 4108 1678 4163 ἐλπίδα
1703 4108 1815 4180 ἔχει
1843 4108 1930 4163 ἐπ’

348 4201 655 4273 ἄνθρωπον,
719 4203 813 4257 καὶ
873 4200 1116 4273 στηρίξει
1152 4199 1329 4271 σάρκα
1357 4200 1638 4272 βραχίονος
1674 4199 1860 4255 αὐτοῦ.
1907 4219 1926 4252 ι

348 4293 603 4367 Κέκραγέ
644 4311 702 4347 τε
736 4294 873 4364 βοῶν
900 4296 929 4348 ὁ
972 4293 1126 4363 λόγος
1153 4311 1166 4324 ·
1197 4313 1215 4345 ι
1251 4292 1342 4364 Μὴ
1382 4291 1677 4345 πεποίθατε
1706 4293 1793 4346 ἐπ’
1834 4291 1935 4365 ἄρ-

348 4401 563 4457 χοντας,
602 4384 737 4456 μηδέ
759 4385 842 4453 ἐφ’
874 4385 1023 4449 υἱοὺς
1072 4384 1395 4457 ἀνθρώπων,
1426 4379 1507 4446 οἷς
1538 4385 1636 4437 οὐκ
1664 4381 1781 4437 ἔστι
1826 4400 1936 4436 σω-

349 4478 513 4549 τηρία
537 4494 553 4508 ⁸
596 4496 615 4528 ι
643 4478 738 4531 καὶ
768 4477 927 4533 πάλιν
950 4494 964 4507 ο
995 4498 1013 4529 ι
1056 4478 1291 4542 Πλοῦτος
1323 4477 1418 4531 ἐὰν
1453 4476 1573 4548 ῥέῃ,
1606 4475 1680 4548 μὴ
1713 4474 1937 4548 προστί-

2029 3735 2145 3800 nio,
2182 3735 2298 3791 sive
2353 3736 2408 3789 in
2458 3735 2564 3789 alia
2601 3736 2858 3806 quapiam
2895 3733 3210 3788 mortalium
3250 3742 3306 3789 et
3339 3732 3610 3789 ﬂuxarum

2030 3842 2215 3882 rerum
2269 3842 2421 3897 spent
2482 3836 2778 3896 reponunt,
2814 3826 3127 3898 ignominiae
3154 3826 3377 3880 obnoxii
3426 3835 3612 3884 erunt.

2037 3935 2057 3969 ι
2101 3917 2427 3973 Maledictus
2456 3918 2603 3972 enim
2628 3918 2794 3972 homo
2828 3919 2922 3987 qui
2960 3933 3112 3987 spem
3138 3917 3304 3972 habet
3334 3919 3390 3971 in
3426 3918 3609 3972 homi-

2034 4025 2182 4074 nem,
2218 4018 2272 4065 et
2294 4010 2474 4064 ﬁrmat
2503 4024 2729 4066 carnem
2763 4010 2972 4065 brachii
3002 4009 3172 4064 sui“.
3202 4029 3221 4061 ι
3242 4008 3450 4064 Clamat
3483 4014 3613 4064 item

2036 4101 2346 4173 Scriptura,
2380 4120 2400 4154 ι
2436 4101 2615 4158 Nolite
2649 4103 2926 4159 conlidere
2959 4103 3012 4157 in
3042 4101 3409 4172 principibus,
3436 4118 3613 4171 neque

2034 4196 2092 4251 in
2144 4196 2273 4250 ﬁliis
2314 4195 2620 4259 hominum,
2665 4196 2721 4250 in
2765 4195 2968 4267 quibus
3014 4210 3125 4250 non
3167 4201 3252 4248 est
3292 4193 3443 4250 salus
3465 4193 3548 4259 3’;
3587 4211 3610 4244 ι

2035 4294 2089 4342 et
2115 4302 2362 4350 rursum,
2397 4305 2416 4338 ι
2459 4286 2673 4343 Divitiae
2716 4289 2761 4344 si
2813 4287 3058 4351 amnant,
3108 4285 3275 4340 nolite
3308 4299 3406 4338 cor
3439 4300 3608 4355 appo-

2036 4392 2167 4432 nere
2188 4377 2255 4429 ⁸³.
2289 4396 2307 4430 ι
2337 4375 2396 4431 ιιι
2421 4377 2545 4433 aliis
2569 4378 2697 4434 item
2720 4377 2788 4433 ad
2816 4378 2931 4432 hare
2962 4375 3196 4433 dicenda
3219 4375 3561 4431 instituitnur
3592 4392 3607 4428 :

2042 4487 2062 4519 c
2099 4467 2365 4524 Dominus
2416 4469 2548 4523 mihi
2593 4469 2833 4540 adjutor,
2885 4485 2995 4524 non
3038 4467 3243 4522 timebo
3274 4468 3406 4537 quid
3449 4467 3615 4522 faciat

352 4566 508 4620 θέσθε
537 4566 782 4639 καρδίαν.
800 4569 936 4622 »Καὶ
962 4571 1019 4622 ἐν
1044 4569 1250 4641 ἑτέροις
1272 4568 1330 4621 δὲ
1350 4567 1525 4637 λέγειν
1548 4567 1927 4638 διδασκόμεθα·

2038 4560 2170 4615 milii
2209 4561 2394 4616 homo.
2430 4560 2642 4616 Bonum
2679 4570 2763 4617 est
2794 4562 3068 4618 conlidere
3094 4562 3148 4616 in
3172 4560 3425 4626 Domino,
3448 4576 3615 4631 quam

356 4679 374 4710 ι
411 4658 611 4730 Κύριος
639 4661 761 4731 ἐμοὶ
783 4659 993 4731 βοηθὸς,
1017 4661 1076 4713 ού
1099 4660 1479 4730 φοϐηθήσομαι
1503 4659 1555 4712 τί
1584 4660 1803 4730 ποιήσει
1839 4675 1929 4730 μοι

351 4748 657 4821 ἅνθρωπος.
696 4750 924 4819 Ἀγαθὸν
943 4750 1262 4803 πεποιθέναι
1296 4751 1388 4804 ἐπὶ
1418 4749 1644 4822 Κύριον,
1677 4749 1710 4820 ἢ
1747 4765 1932 4803 πεποι⁸

350 4840 502 4895 θέναι
530 4842 622 4894 ἐπὶ
641 4841 947 4913 ἄνθρωπον.
994 4840 1218 4911 Ἀγαθὸν
1255 4840 1495 4905 ἐλπίζειν
1521 4843 1614 4894 ἐπὶ
1649 4840 1928 4912 Κύριον,ἢ

349 4931 591 4996 ἐλπίζειν
638 4934 732 4984 ἐπὶ
756 4933 1039 5004 ἄρχοντας.
1082 4953 1101 4984 ι
1151 4933 1209 4985 '0
1236 4931 1294 4984 δὲ
1332 4931 1512 5000 ἀγαθὰ
1549 4931 1728 5003 ἑαυτῷ
1758 4950 1935 4986 συνει-

349 5019 453 5084 δὼς
481 5022 623 5074 εἴποι
646 5021 710 5076 ἂν
736 5021 814 5092 τῷ
837 5022 1026 5093 Κυρίῳ
1052 5021 1145 5075 καί⁸
1182 5020 1263 5085 τὸ,
1300 5040 1319 5072 ι
1371 5022 1459 5074 Ἐν
1489 5021 1804 5095 δικαιοσύνῃ
1835 5038 1930 5075 σου

352 5110 513 5181 ῥῦσαί
578 5129 644 5182 με
701 5112 797 5165 καὶ
846 5112 1028 5177 ἐξέλου
1065 5129 1152 5184 με.
1200 5130 1219 5163 ι
1258 5112 1432 5183 Πολλῇ
1465 5113 1575 5184 γὰρ
1610 5112 1930 5183 πεποιθήσει

352 5201 708 5275 τεθάρρηκεν,
738 5206 840 5269 ὅτι,
875 5204 1017 5258 κατά
1056 5204 1117 5258 τὸ
1145 5203 1483 5258 δικαιότατον
1518 5204 1711 5276 κρίνας
1736 5204 1933 5267 ὀΘεὸς,

356 5297 578 5369 εὑρήσει
613 5297 775 5351 αὐτὸν
805 5298 866 5350 ού
893 5297 1288 5369 κατακρίσεως,
1320 5298 1439 5350 ούδέ
1466 5295 1738 5366 ἀποϐολῆς
1763 5295 1933 5361 ἀξιον,

355 5387 488 5442 ἀλλὰ
516 5387 767 5458 βοηθείας
799 5389 894 5441 καὶ
927 5389 1262 5461 ἀντιλήψεως
1288 5409 1300 5421 -
1339 5389 1419 5443 διό
1445 5405 1608 5459 φησιν
1627 5405 1641 5418 '
1681 5407 1699 5439 ι
1750 5389 1838 5441 Ἐν
1865 5390 1930 5459 τῇ

356 5478 667 5554 δικαιοσύνῃ
697 5496 789 5533 σου
808 5480 968 5553 ῥῦσαί
1006 5498 1073 5553 με
1110 5482 1205 5536 καὶ
1235 5481 1415 5549 ἐξέλου
1453 5499 1541 5554 με.
1571 5501 1590 5534 ι
1623 5482 1933 5555 Συνειδήσει

433 5680 480 5774 ξς
510 5680 651 5774 ΡΙεεί.
678 5683 965 5774 unﬁt-‘4.
1042 5685 1085 5718 τ’
1109 5684 1254 5741 Psal.
1277 5700 1387 5753 ut,
1422 5685 1506 5741 ιο.
1584 5685 1630 5717 ⁸⁸
1660 5685 1791 5741 ibid.
1814 5686 1901 5742 53-

2056 5684 2427 5754 Jerem.'xvtt,
2448 5687 2480 5743 5

263 5820 272 5831 .
356 5750 405 5782 “
437 5748 580 5806 Psal.
611 5766 779 5819 cxvii,
819 5753 933 5808 7-9.

2035 4650 2310 4706 conlidere
2348 4650 2405 4705 in
2436 4650 2677 4707 homine.
2732 4652 2941 4707 Bonum
2974 4660 3060 4708 est
3086 4662 3309 4721 sperare
3343 4650 3401 4704 in
3430 4649 3617 4705 Domi-

2037 4758 2131 4808 no,
2166 4759 2333 4814 quam
2381 4759 2609 4814 sperare
2665 4746 2721 4800 in
2766 4746 3108 4817 principibus
3127 4742 3193 4795 “.
3236 4763 3254 4795 ι
3296 4741 3399 4809 Qui
3431 4748 3615 4798 autem

2039 4837 2312 4892 bonorum
2343 4836 2451 4891 sibi
2491 4838 2752 4893 conscius
2780 4847 2886 4903 est,
2922 4837 3154 4892 Domtno
3185 4835 3388 4890 dixerit
3432 4833 3567 4889 illud
3597 4852 3614 4888 :

2047 4948 2066 4980 ι
2108 4927 2414 4999 ΙηῙιιειίιίε
2466 4936 2558 4983 tua
2609 4930 2782 4985 libera
2842 4946 2930 4986 me
2963 4937 3016 4985 et
3062 4930 3213 5000 eripe
3239 4943 3348 4983 me.
3391 4947 3412 4981 ι
3448 4926 3623 4982 Multa

2040 5024 2243 5093 quippe
2281 5021 2479 5077 ﬁducia
2508 5024 2771 5093 repletur,
2804 5025 2932 5096 quia
2958 5022 3271 5094 iustissimo
3315 5036 3502 5077 secum
3529 5018 3619 5090 ju-

2040 5114 2187 5168 dicio
2218 5112 2364 5169 Deus
2387 5128 2577 5184 agens,
2606 5132 2715 5169 non
2749 5115 3124 5179 damnatione,
3163 5127 3343 5183 neque
3376 5110 3617 5181 repulsa,

2042 5204 2137 5262 sed
2168 5205 2374 5260 auxilio
2395 5213 2449 5260 et
2478 5207 2786 5276 patrocinio
2811 5205 3033 5277 dignum
3067 5204 3407 5274 comperiet:
3446 5216 3620 5270 quare

2041 5297 2120 5352 ait
2152 5317 2166 5353 :
2206 5316 2224 5350 ι
2269 5298 2329 5353 In
2359 5298 2573 5366 justitia
2600 5306 2693 5353 tua
2722 5298 2892 5353 libera
2920 5313 3007 5351 me
3033 5305 3087 5352 et
3120 5297 3270 5366 eripe
3294 5310 3403 5350 met
3437 5316 3460 5346 ›
3512 5291 3621 5355 Pu—

2041 5406 2211 5463 raque
2264 5392 2601 5448 conscientia
2650 5391 2928 5461 supplices
2955 5405 3120 5445 voces
3153 5390 3222 5443 ad
3258 5387 3424 5445 Deum
3459 5386 3623 5441 emit-

2043 5490 2166 5540 lens
2191 5484 2244 5539 id
2266 5498 2486 5556 quoque
2510 5483 2776 5539 dicebat:
2835 5500 2854 5534 ι
2909 5481 3118 5537 lnclina
3171 5481 3239 5536 ad
3292 5495 3382 5534 me
3430 5492 3621 5533 aurem

2588 5686 2976 5753 “Psal.cxcv,
3005 5685 3060 5745 9..
3138 5685 3185 5716 ’“
3218 5683 3363 5740 Psal.
3397 5681 3621 5748 “1,”;
