4056 6392
450 292 561 351 7Ἰ5

1124 287 1389 344 EUSEBII
1428 286 1909 345 CESARIENSIS
1945 285 2097 344 OPP.
2136 284 2318 343 PARS
2351 281 2441 340 ιιι.
2479 313 2551 326 -
2589 280 3002 341 EXEGETICA.
3603 279 3709 338 776

450 414 624 468 tuam,
654 410 708 460 et
758 401 909 459 salva
944 415 1044 455 me
1066 399 1134 453 ⁸⁸.
1174 398 1352 455 rlmo
1386 400 1546 471 quasi
1588 415 1658 455 ex
1698 398 2019 455 necessitate

2126 398 2184 451 δὲ
2210 395 2599 468 κεκαθαρμένη
2624 395 2723 459 τὰς
2754 393 3063 467 ί-κετηρίους
3083 393 3265 463 φωνὰς
3296 392 3430 463 πρὸς
3462 392 3554 447 τὸν
3577 394 3711 450 Θεὸν

452 494 623 551 Deum
656 495 733 550 ita
761 493 990 564 rogabat
1022 510 1035 546 :
1068 509 1087 543 ι
1120 490 1254 546 Esto
1296 492 1433 546 mihi
1465 493 1520 546 in
1547 490 1720 546 Deum
1750 498 2026 561 protecto-

448 602 567 644 rem
596 594 652 643 et
680 586 739 641 in
766 578 950 641 lecum
980 583 1275 648 munitum,
1314 591 1375 638 ut
1406 585 1618 639 salvum
1644 598 1730 640 me
1765 583 1957 638 facias.
2000 603 2020 637 ι

446 677 586 735 Nam
618 692 744 734 cum
779 675 923 731 Deus
951 676 1187 746 protegit
1209 684 1263 730 et
1284 684 1616 747 propugnat,
1641 690 1752 729 non
1782 691 1881 746 pro
1902 677 2027 730 nul—

447 770 557 825 lius
587 768 751 840 pretii
795 767 1015 822 homine
1059 767 1115 822 id
1170 768 1302 838 agit,
1346 770 1608 837 Solusque
1642 766 1920 838 perlectus
1970 768 2025 823 id

444 848 560 914 Deo
586 859 771 913 dicere
794 859 973 913 valeat
1005 877 1019 913 :
1054 876 1074 909 ι
1112 857 1380 925 Quoniam
1416 860 1818 914 ﬁrmamentum
1845 875 2024 914 meum

444 958 503 1006 et
528 949 801 1020 refugium
830 964 1011 1004 meum
1042 964 1103 1004 es
1136 959 1218 1005 tu.
1256 968 1279 1001 τ
1317 948 1424 1005 Pro
1447 966 1556 1019 quo
1584 951 1802 1020 Aquila,
1833 969 1853 1001 ι
1882 950 2027 1016 Quo-

448 1043 599 1100 niam
633 1050 785 1114 petra
816 1057 937 1097 mea
972 1051 1027 1097 et
1057 1041 1371 1112 praesidium
1405 1057 1608 1105 meum,
1646 1061 1666 1094 ›
1700 1042 2029 1111 interpreta-

446 1142 541 1191 tus
565 1142 684 1202 est;
712 1131 1076 1205 Symmachus
1095 1147 1246 1197 vero,
1287 1150 1306 1183 ι
1335 1130 1607 1198 Quoniam
1642 1141 1797 1202 petra
1825 1147 1945 1187 mea
1973 1140 2027 1187 et

447 1227 723 1298 refugium
750 1238 932 1282 meum
960 1241 1021 1281 es
1036 1233 1254 1280 tua—4
1268 1223 1412 1281 Deus
1441 1242 1619 1287 meus,
1649 1225 1800 1295 eripe
1834 1241 1920 1280 me
1960 1225 2027 1280 de

448 1332 615 1371 manu
644 1316 974 1385 peccatoris,
1005 1324 1059 1370 et
1087 1314 1155 1370 de
1195 1329 1361 1370 manu
1388 1324 1581 1368 contra
1613 1315 1785 1384 legem
1816 1315 2026 1385 agentis

447 1414 504 1464 et
550 1407 745 1476 iniqui.
775 1404 1044 1473 Quoniam
1078 1412 1137 1459 tu
1187 1419 1247 1461 es
1281 1405 1546 1476 patientia
1579 1420 1721 1468 mea,
1756 1404 2022 1471 Domine,

449 1516 577 1572 spes
607 1515 727 1554 mea
753 1514 783 1551 a
810 1499 1100 1568 juventute
1145 1513 1287 1554 mea.
1329 1520 1347 1550 ι
1394 1496 1492 1551 V’ir
1543 1496 1815 1565 perfectus
1865 1497 2025 1567 quasi

446 1592 729 1662 propriam
790 1590 1196 1662 possessionem
1249 1588 1420 1643 Deum
1493 1590 1714 1643 invocat
1792 1588 2021 1652 dicens,

450 1702 474 1732 ι
514 1679 657 1735 Dens
684 1694 838 1734 meus
872 1697 884 1732 :
925 1697 945 1731 ι
980 1677 1109 1748 quia
1139 1676 1435 1748 promissio
1470 1677 1653 1748 dignis
1686 1692 1718 1730 a
1752 1676 1861 1732 Deo
1895 1677 2024 1732 data

2125 488 2464 559 ἀναπέμπων
2494 526 2508 550 ,
2551 486 2755 549 καὶτὸ,
2791 506 2810 537 ι
2852 484 3045 538 Κλῖνον
3067 482 3209 555 πρὸς
3253 481 3320 553 μὲ
3364 482 3426 535 τὸ
3450 477 3543 546 οὖς
3591 499 3709 549 σου⁹

2124 583 2222 636 καὶ
2256 580 2428 634 σῶσόν
2451 594 2539 650 με,
2577 598 2596 631 ›
2635 579 2838 648 ἔλεγεν.
2869 576 3028 630 Ἀλλὰ
3049 577 3144 630 καὶ
3174 575 3250 638 ὡς
3286 574 3602 643 ἀναγκαίως
3630 575 3713 649 τῷ

2125 673 2244 746 Θεῷ
2287 673 2584 746 παρεκάλει
2624 670 2830 739 λέγων·
2868 688 2887 720 ι
2927 669 2966 721 Γ
2969 667 3092 721 ενοῦ
3137 684 3227 738 μοι
3258 667 3339 730 είς
3375 666 3509 720 Θεὸν
3543 668 3714 741 ὑπερ-

2125 764 2395 835 ασπιστὴν
2414 764 2508 817 καὶ
2541 764 2622 825 εἰς
2653 761 2815 815 τόπον
2847 758 3042 831 ὀχυρὸν
3070 758 3164 811 τοῦ
3194 756 3367 813 σῶσαί
3405 759 3716 830 με.ιΠροα-

2128 853 2335 918 σπίζων
2360 854 2470 926 γὰρ
2494 855 2522 906 6
2545 853 2677 918 Θεὸς
2718 854 2813 905 καὶ
2850 850 3204 922 ὑπερμαχῶν,
3232 850 3333 902 οὑκ
3360 849 3427 902 ἂν
3458 850 3591 922 περὶ
3627 867 3718 922 μι-

2128 945 2263 1016 κροῦ
2284 962 2428 1009 τινος
2447 943 2591 998 τοῦτ’
2613 941 2835 1012 εποίησε
2855 958 2868 971 ’
2906 941 3065 1012 μόνος
3085 940 3142 993 δὲ
3175 943 3203 993 ὁ
3228 938 3435 1003 τέλειος
3466 940 3611 992 εἴποι
3647 938 3716 993 ἂν

2125 1037 2203 1108 τῷ
2239 1037 2383 1107 Θεῷ·
2421 1055 2440 1088 ι
2479 1037 2600 1089 ’Ότι
2631 1032 2921 1106 στερέωμα
2975 1049 3077 1103 μου
3127 1032 3221 1086 καὶ
3270 1031 3562 1103 καταφυγή
3610 1047 3713 1102 μου

2129 1129 2193 1181 σὺ
2226 1122 2296 1181 εἷ.
2332 1146 2351 1179 ι
2388 1126 2527 1180 Ἀνθ’
2559 1121 2620 1180 οὑ
2644 1128 2672 1180 6
2709 1126 2808 1197 μὲν
2852 1124 3115 1187 Ἀκύλας·
3170 1141 3189 1175 ι
3228 1123 3349 1175 ’Ὁτι
3389 1122 3564 1195 πέτρα
3610 1139 3713 1193 μου

2127 1218 2222 1271 καὶ
2273 1217 2538 1290 ὀχύρωμα
2583 1234 2707 1289 μου,
2751 1237 2769 1270 ι
2803 1219 3149 1289 ἡρμήνευσεν
3175 1233 3189 1247 ’
3213 1218 3243 1270 6
3284 1216 3343 1269 δὲ
3376 1216 3708 1288 Σύμμαχος·

2132 1310 2285 1363 «Ὅτι
2312 1311 2482 1382 πέτρα
2506 1327 2605 1380 μου
2628 1309 2722 1363 καὶ
2744 1310 3031 1380 καταφυγή
3056 1326 3155 1380 μου
3172 1309 3235 1362 σὺ
3248 1305 3349 1362 εἴ.»
3369 1327 3467 1359 -ι
3491 1308 3550 1362 '0
3576 1308 3711 1372 Θεός

2129 1420 2253 1475 μου,
2284 1401 2443 1474 ῥῦσαί
2487 1420 2555 1474 με
2586 1405 2650 1457 ἐκ
2674 1403 2856 1474 χειρὸς
2890 1402 3240 1473 άμαρτωλοῦ,
3291 1402 3388 1457 καὶ
3424 1403 3489 1455 ὲκ
3531 1401 3712 1475 χειρὸς

2126 1496 2573 1569 παρανομοῦντος
2601 1498 2696 1553 καὶ
2712 1497 3042 1563 ἀδικοῦντος.
3071 1500 3195 1552 Ὀτι
3226 1500 3290 1553 σὺ
3324 1495 3428 1571 εἴη
3464 1500 3709 1574 ὑπομονὴ

2130 1605 2255 1659 μου,
2285 1588 2480 1661 Κύριε,
2513 1588 2718 1661 ὴὲλπίς
2752 1606 2855 1660 μου
2880 1589 2945 1643 ἐκ
2962 1590 3212 1662 νεότητός
3237 1608 3360 1661 μου.
3381 1610 3400 1643 ι
3432 1592 3488 1644 Ὁ
3505 1591 3711 1656 τέλειος

2124 1682 2314 1757 ὥσπερ
2376 1683 2505 1739 [διον
2560 1683 2751 1754 κτῆμα
2799 1683 2892 1737 τὸν
2922 1684 3073 1737 ’Θεὸν
3114 1683 3448 1738 ἐπικαλεῖται
3498 1686 3701 1755 λέγων·

443 1780 534 1827 est
565 1771 651 1826 his
677 1770 856 1825 verbis
895 1787 909 1824 :
961 1787 980 1820 ι
1018 1768 1126 1823 Ero
1158 1768 1378 1823 illorum
1431 1768 1611 1832 Deus,‘
1646 1778 1697 1823 et
1722 1768 1827 1838 ipsi
1861 1776 2019 1823 erunt

2131 1794 2149 1827 ι
2196 1776 2256 1830 '0
2294 1776 2426 1841 Θεός
2469 1793 2609 1844 μου*
2654 1794 2673 1828 ι
2720 1776 3051 1849 Ἐπειδήπερ
3102 1777 3402 1847 ἐπαγγελία
3448 1776 3565 1831 ἐστὶ
3606 1776 3702 1832 τοῦ

446 1864 581 1918 mihi
614 1863 849 1934 pepulus
878 1862 945 1918 θθ.
981 1881 999 1914 ι
1034 1860 1135 1928 Qui
1162 1876 1292 1917 vero
1318 1859 1477 1924 dicit,
1504 1879 1521 1911 ι
1575 1861 1633 1915 ln
1663 1868 1739 1924 te,
1772 1860 2022 1926 Domine,

443 1954 688 2024 speravi,
729 1971 748 2005 ι
776 1961 832 2008 et
859 1951 1045 2006 omnia
1072 1959 1194 2021 post
1225 1951 1435 2019 putavit
1464 1962 1521 2004 ut
1544 1952 1637 2005 uni
1661 1950 1769 2006 Deo
1796 1968 1855 2007 se
1875 1967 2026 2007 eom-

441 2047 709 2111 mitteret,
742 2046 867 2115 jure
889 2044 1060 2107 dicat,
1094 2062 1112 2094 ι
1154 2042 1297 2099 Deus
1326 2059 1505 2103 meus.
1560 2062 1578 2096 ι
1628 2043 1777 2114 Eripi
1804 2059 1937 2099 vero
1965 2059 2025 2100 se

441 2137 515 2191 de
542 2152 707 2191 manu
734 2136 1045 2206 peccatoris
1072 2140 1249 2205 rogat,
1295 2148 1364 2187 ne
1393 2135 1561 2205 gestis
1593 2135 1710 2189 suis
1744 2135 2020 2204 peccatori

443 2227 532 2282 vel
562 2228 753 2297 iniquo
784 2227 981 2281 similis
1011 2227 1207 2281 evadat
1235 2243 1249 2283 :
1294 2240 1465 2296 quare
1497 2226 1667 2291 addit,
1699 2245 1723 2278 ι
1753 2226 1827 2280 De
1859 2240 2023 2282 manu

442 2325 755 2391 peccatoris
782 2330 835 2375 et
867 2320 935 2375 de
960 2336 1121 2374 manu
1151 2325 1345 2374 contra
1370 2319 1541 2390 legem
1577 2320 1792 2390 agentis
1825 2301 1882 2375 et
1912 2319 2021 2374 ini—

442 2414 570 2484 qui;
609 2431 630 2465 ο
653 2427 715 2466 ac
741 2413 896 2467 neiis
920 2410 1202 2481 subjectus
1225 2409 1327 2477 sit;
1352 2411 1449 2466 sed
1466 2410 1661 2465 merito
1690 2408 1883 2475 Deum,
1908 2426 2022 2466 non

444 2494 624 2560 solum
655 2505 726 2558 ob
752 2502 918 2557 allata
955 2503 1229 2573 superius,
1263 2502 1358 2559 sed
1388 2502 1551 2557 etiam
1580 2502 1650 2556 ob
1684 2502 2023 2573 subsequen—

443 2606 529 2652 tes
564 2611 784 2659 causas,
843 2596 948 2650 sibi
996 2594 1164 2649 Deum
1219 2595 1476 2665 appellat.
1533 2592 1694 2656 Nam,
1731 2593 1928 2665 inquit,
1962 2603 2020 2650 tu

440 2688 578 2744 mihi
613 2687 879 2757 patientia
908 2702 990 2749 es,
1023 2697 1079 2740 tu
1112 2702 1239 2756 spes
1284 2702 1403 2740 mea
1443 2700 1474 2738 a
1511 2684 1821 2754 juventute.
1871 2684 2021 2741 Nun-

439 2794 605 2849 quam
633 2779 779 2833 enim
808 2787 860 2832 te
884 2789 1203 2849 ettspectare
1230 2776 1441 2841 destiti,
1475 2792 1651 2846 neque
1676 2776 1776 2831 fuit
1805 2785 2020 2848 tempus

440 2886 551 2935 quo
609 2885 719 2924 non
770 2878 823 2923 te
864 2869 999 2923 mihi
1053 2868 1107 2922 in
1158 2884 1311 2939 spem
1368 2884 1751 2938 proponerem.
1810 2867 2020 2934 Quam-

437 2964 630 3018 obrem
678 2976 813 3033 rogo
856 2977 925 3017 ex
982 2976 1147 3015 manu
1208 2971 1557 3031 peccatorum
1602 2971 1655 3016 et
1706 2960 2018 3031 iniquorum

437 3053 600 3124 eripi.

2123 1866 2256 1920 Θεοῦ
2314 1869 2441 1940 περὶ
2489 1868 2599 1920 τῶν
2645 1867 2811 1934 ἀξίων
2856 1868 3128 1936 λέγουσα·
3181 1887 3200 1919 ι
3253 1869 3487 1940 Ἔσομαι
3527 1867 3707 1923 αὑτῶν

2123 1958 2276 2022 Θεὸς,
2321 1960 2419 2013 καὶ
2456 1959 2612 2012 αὑτοὶ
2657 1958 2872 2011 ἔσονταί
2915 1977 3007 2029 μοι
3063 1959 3211 2022 λαός.
3253 1978 3271 2011 ι
3325 1960 3383 2013 Ὀ
3421 1961 3477 2013 δὲ
3510 1959 3707 2029 λέγων,

2127 2068 2150 2102 ι
2192 2050 2314 2103 Ἐπὶ
2348 2050 2452 2115 σοὶ,
2491 2051 2688 2121 Κύριε,
2719 2049 2943 2121 ἤλπισα,
2984 2069 3002 2102 ι
3035 2051 3130 2104 καὶ
3152 2050 3330 2126 πάντα
3362 2048 3593 2122 δεύτερα
3623 2049 3712 2104 θέ·

2126 2158 2305 2212 μενος,
2331 2142 2423 2194 ἐπὶ
2455 2142 2615 2212 μόνον
2643 2143 2701 2197 δὲ
2716 2143 2808 2196 τὸν
2843 2142 2973 2196 Θεὸν
3001 2142 3189 2195 ἑαυτὸν
3212 2141 3529 2215 ἑπιρῤίψας,
3564 2141 3711 2196 είκόο

2121 2250 2229 2297 τως
2253 2232 2398 2287 εἴποι
2415 2234 2503 2299 ἂν,
2536 2254 2554 2286 ι
2605 2235 2662 2289 '0
2691 2235 2823 2299 Θεός
2853 2252 2977 2306 μου.
3016 2254 3036 2287 ι
3080 2233 3370 2306 Ῥυσθῆναι
3400 2234 3457 2288 δὲ
3505 2235 3570 2287 ἐκ
3594 2251 3710 2304 χει-

2125 2325 2218 2396 ρὸς
2285 2327 2614 2398 ἀμαρτωλοῦ
2688 2325 2946 2413 εὑχετιιιιΖ
2999 2328 3087 2383 ἵνα
3140 2327 3214 2399 μὴ
3264 2330 3385 2390 ταῖς
3442 2326 3707 2397 πράξεσιν

2120 2415 2306 2485 ὅμοιος
2323 2415 2546 2485 γένηται
2568 2414 2644 2485 τῷ
2665 2414 2996 2486 ἁμαρτωλῷ,
3022 2413 3158 2487 μηδὲ
3181 2414 3259 2485 τῷ
3278 2415 3705 2486 παρανομοῦντι·

2121 2504 2203 2559 διὸ
2231 2505 2510 2575 ἐπιλέγειο
2545 2524 2563 2557 ι
2607 2505 2700 2559 Ἐκ
2715 2506 2898 2577 χειρὸς
2932 2506 3282 2578 ἁμαρτωλοῦ,
3319 2507 3414 2560 καὶ
3437 2508 3501 2560 ὲκ
3524 2506 3708 2579 χειρὸς

2123 2598 2568 2671 παρανομοῦντος
2598 2598 2692 2652 καὶ
2720 2597 3032 2663 ἀδικοῦντος
3054 2617 3066 2629 ·
3104 2618 3123 2651 ι
3164 2598 3302 2653 ἀλλὰ
3324 2601 3419 2653 καὶ
3445 2599 3596 2663 ὅπως
3630 2600 3707 2671 μὴ

2123 2690 2433 2763 ὑποχείριος
2477 2691 2705 2761 γένηται
2755 2694 2868 2755 τοῖς
2916 2690 3199 2755 τοιούτοις,
3245 2691 3480 2761 εὐλόγως
3522 2691 3579 2744 δὲ
3616 2689 3707 2745 τὸν

2120 2782 2253 2836 Θεὸν
2314 2783 2507 2837 ἑαυτοῦ
2562 2783 2695 2837 Θεὸν
2749 2783 3003 2855 ὀνομάζοι
3056 2784 3143 2848 ἂν,
3203 2784 3263 2837 οὑ
3314 2784 3475 2855 μόνον
3511 2782 3598 2837 διὰ
3638 2781 3710 2839 τὰ

2122 2872 2429 2947 ἔμπροσθεν
2455 2875 2776 2947 λελεγμένα,
2814 2876 2951 2930 ἀλλὰ
2995 2876 3091 2930 καὶ
3125 2876 3212 2930 διὰ
3238 2876 3336 2941 τὰς
3371 2876 3498 2949 ἑξῆς
3523 2875 3708 2930 ἐπιλε-

2120 2965 2358 3036 γομένας
2409 2968 2607 3033 αἰτίας.
2651 2970 2722 3023 Σὺ
2766 2970 2877 3041 γάρ
2919 2988 3041 3041 μου,
3084 2970 3238 3041 φησὶ,
3264 2954 3551 3042 τυγχάνεις
3575 2972 3712 3025 ὑπο-

2126 3058 2281 3129 μονὴ,
2310 3062 2405 3113 καὶ
2437 3060 2499 3113 σύ
2538 3079 2639 3132 μου
2676 3062 2831 3126 ὲλπὶς
2850 3064 2914 3116 ὲκ
2944 3064 3215 3133 νεότητος.
3235 3063 3310 3117 Οὑ
3344 3063 3454 3135 γὰρ
3487 3064 3709 3117 πώποτε

436 3145 677 3201 διέλιπόν
712 3162 771 3199 σε
813 3145 1121 3217 ὑπομένων,
1156 3144 1277 3198 οὑδὲ
1301 3145 1492 3214 γέγονέ
1525 3161 1610 3208 τις
1639 3145 1853 3217 καιρὸς,
1889 3147 1948 3198 ὲν
1976 3138 2020 3214 ᾧ
2056 3150 2176 3220 οὑχί
2229 3168 2288 3206 σε
2333 3154 2644 3226 προεθέμην
2685 3155 2925 3226 ἐμαυτοῦ
2981 3155 3190 3210 ἐλπίδα.
3220 3147 3320 3210 Ὧν
3374 3155 3534 3227 χάριν
3594 3158 3709 3209 ἰκε-

438 3240 585 3297 τεύω
612 3241 678 3294 ἐκ
707 3240 890 3313 χειρὸς
930 3238 1272 3313 ἁμαρτωλῶν
1301 3239 1395 3293 καὶ
1438 3240 1895 3311 παρανομούντων
1931 3244 2215 3316 ῥυσθῆναι.

513 3359 684 3417 Vens.
715 3360 771 3425 6,
803 3361 853 3416 7.
888 3378 909 3412 ι
938 3358 998 3415 In
1029 3364 1084 3414 te
1111 3359 1471 3415 conﬁt-matus
1497 3375 1619 3415 sum
1643 3375 1710 3415 ex
1747 3371 1921 3426 utero,
1944 3363 2011 3418 dc

2193 3386 2214 3421 ι
2268 3369 2390 3422 Ἐπὶ
2434 3370 2495 3422 σὲ
2540 3369 2939 3443 ὲπεστηρίχθην
2982 3370 3090 3424 ἀπὸ
3124 3371 3377 3442 γαστρὸς,
3405 3371 3469 3424 ὲκ
3500 3366 3711 3433 κοιλίας

436 3459 635 3508 ventre
663 3452 857 3507 matris
879 3466 1012 3506 meat
1038 3460 1095 3505 tu
1122 3466 1184 3505 cs
1216 3458 1495 3521 protector
1514 3467 1692 3507 meus.
1735 3471 1754 3506 ι
1794 3451 1870 3508 De
1911 3452 2017 3507 Da-

438 3544 531 3600 vid
566 3560 786 3615 quoque
818 3544 928 3599 dici
954 3544 1133 3599 valeat
1158 3544 1303 3614 quod
1336 3559 1367 3596 a
1401 3552 1589 3598 tenera
1638 3545 1928 3616 juventute
1958 3546 2016 3602 in

438 3636 554 3692 Deo
582 3638 841 3706 speravit.
880 3633 1015 3689 Nam
1043 3635 1266 3705 juvenis
1306 3651 1431 3690 cum
1475 3645 1639 3702 esset,
1679 3645 1734 3691 et
1767 3646 2017 3707 pasceret

439 3743 572 3783 oves
605 3726 776 3783 lessze
804 3728 979 3798 patris
1008 3727 1118 3791 sui,
1153 3727 1259 3782 tide
1288 3742 1353 3781 ac
1386 3743 1482 3798 spe
1513 3728 1567 3783 in
1601 3727 1793 3793 Deum,
1819 3731 1874 3784 in
1906 3732 2020 3787 leo-

438 3834 542 3874 nes
576 3826 631 3874 et
661 3835 819 3875 ursos
849 3820 1115 3882 irruebat,
1160 3827 1219 3873 ut
1263 3827 1508 3874 servaret
1555 3834 1684 3875 oves
1742 3838 1754 3874 :
1812 3822 2016 3877 bonum

441 3918 719 3983 pastorem
754 3912 1025 3975 imitatus,
1069 3911 1139 3966 de
1173 3926 1283 3980 quo
1306 3910 1514 3965 dicitur
1545 3929 1560 3966 :
1597 3931 1617 3962 ι
1652 3910 2019 3978 Quemadmo-

440 4005 571 4058 dum
603 4019 727 4058 cum
753 4003 1057 4059 extraxerit
1076 4011 1265 4074 pastor
1293 4018 1362 4057 ex
1393 4017 1491 4057 ore
1538 4003 1714 4059 leonis
1743 4003 1854 4059 duo
1885 4020 2017 4059 cru-

437 4112 524 4159 ra,
571 4106 666 4151 aut
716 4096 1041 4167 particulam
1093 4096 1358 4151 auricula:
1385 4095 1453 4149 ⁸⁷.
1501 4112 1517 4146 ι
1555 4093 1664 4150 Sed
1695 4098 1859 4151 etiam
1890 4111 2016 4152 cum

436 4200 576 4256 puer
612 4193 780 4247 esset,
817 4186 1073 4256 spiritum
1109 4186 1408 4257 malignum
1454 4204 1523 4243 ex
1557 4187 1722 4243 Saule
1755 4187 2011 4257 pellebat,

436 4279 607 4349 idque
629 4279 681 4333 vi
718 4278 841 4333 tidei
874 4287 931 4333 et
960 4279 1075 4347 spei
1108 4278 1164 4331 in
1200 4278 1392 4335 Deum.
1432 4278 1651 4334 Atenim
1698 4279 1754 4333 id
1795 4293 2017 4348 quoque

434 4374 623 4445 juveni
652 4373 905 4435 cuilibet,
927 4373 1024 4442 qui
1059 4371 1149 4427 Dei
1176 4373 1446 4428 electione
1477 4372 1734 4444 dignatus
1762 4374 1853 4433 sit,
1876 4386 2016 4441 qua-

439 4466 509 4521 lis
540 4472 660 4520 erat
688 4463 1033 4528 Timotheus,
1066 4465 1156 4533 qui
1181 4480 1210 4517 a
1238 4481 1407 4535 puero
1441 4480 1630 4521 sacras
1646 4464 1883 4517 Litteras
1906 4462 2019 4517 edi-

2124 3459 2333 3530 μητρός
2367 3476 2469 3531 μου
2501 3460 2564 3513 σὺ
2597 3478 2697 3531 μου
2738 3457 2789 3513 εῑ
2830 3461 3160 3533 σκεπαστής.
3206 3481 3225 3514 ι
3251 3462 3324 3515 Τὸ
3350 3461 3450 3533 μὲν
3488 3462 3553 3514 ὲκ
3578 3459 3710 3524 νέας

2114 3548 2334 3619 ἡλικίας
2362 3550 2456 3603 ἐπὶ
2505 3550 2598 3603 τὸν
2648 3549 2782 3604 Θεὸν
2809 3550 3049 3616 ἐλπίζειν
3086 3550 3284 3620 λέγοιτ’
3329 3550 3396 3606 ἂν
3440 3550 3537 3605 καὶ
3578 3549 3707 3622 περὶ

2114 3640 2210 3695 τοῦ
2238 3642 2419 3696 Δαυῖδ.
2454 3644 2677 3697 Ἐπείπε
2688 3661 2737 3715 ρ,
2775 3644 2895 3708 νέος
2921 3643 2996 3697 ὢν
3023 3644 3118 3698 καὶ
3148 3644 3452 3715 ποιμαίνων
3481 3644 3549 3699 τὰ
3572 3644 3705 3717 πρό-

2117 3735 2255 3789 δατα
2293 3735 2491 3790 Ἰεσσαὶ
2547 3736 2640 3790 τοῦ
2699 3737 2926 3808 πατρὸς,
2964 3730 3141 3790 π’ίστει
3172 3737 3267 3791 καὶ
3310 3735 3485 3792 ἐλπίδι
3528 3740 3595 3809 τῇ
3623 3738 3705 3803 είς

2114 3826 2207 3880 τὸν
2235 3827 2367 3882 Θεὸν
2400 3829 2493 3882 καὶ
2522 3828 2701 3882 λέουσι
2734 3829 2830 3882 καὶ
2861 3830 3085 3900 ἄρκτοις
3123 3829 3283 3901 ἐπῄει
3311 3831 3412 3900 τῆς
3436 3830 3546 3883 τῶν
3578 3846 3706 3901 προ-

2117 3918 2299 3973 ϐάτων
2346 3920 2619 3992 σωτηρίας
2655 3921 2852 3975 ἕνεκα·
2886 3920 2977 3974 τὸν
3004 3918 3167 3975 καλὸν
3202 3920 3539 3992 μιμούμενος
3575 3936 3700 3974 ποι-

2120 4011 2277 4083 μένα,
2312 4013 2442 4084 περὶ
2475 4005 2535 4064 οὑ
2574 4012 2964 4085 εἴρηται-«Ὃν
2981 4013 3181 4085 τρόπον
3213 4013 3342 4068 ὅταν
3386 4013 3639 4086 ὲκσπάσῃ
3665 4013 3703 4068 6

2117 4103 2322 4175 ποιμὴν
2349 4105 2414 4157 ὲκ
2457 4104 2722 4173 στόματος
2753 4104 2848 4159 τοῦ
2883 4104 3096 4168 λέοντος
3134 4104 3229 4159 δύο
3264 4106 3453 4177 σκέλη,
3480 4106 3513 4178 ἢ
3541 4105 3700 4161 λοϐὸν

2116 4195 2296 4248 ὠτίου.
2328 4214 2348 4246 ι
2386 4194 2546 4248 Ἀλλά
2576 4198 2670 4250 καὶ
2697 4196 2980 4268 παιδάριον
3001 4196 3078 4250 ὢν
3108 4198 3308 4268 ἦλαυνε
3322 4198 3384 4252 τὸ
3404 4198 3623 4271 πνεῦμα
3637 4197 3701 4252 τὸ

2119 4287 2355 4358 πονηρὸν
2386 4286 2496 4341 ἀπὸ
2516 4287 2610 4341 τοῦ
2649 4288 2822 4342 Σαοὺλ
2848 4289 3076 4360 δυνάμει
3109 4293 3345 4356 πίστεως
3361 4291 3456 4344 καὶ
3483 4290 3701 4354 ἐλπίδος

2114 4373 2217 4442 τῆς
2235 4375 2316 4437 εἰς
2350 4375 2442 4428 τὸν
2467 4374 2619 4430 Θεόν.
2652 4375 2902 4431 Ἐπειδὰν
2924 4380 3018 4432 καὶ
3050 4382 3159 4444 πᾶς
3185 4382 3213 4434 6
3235 4381 3301 4434 ἐκ
3328 4381 3454 4445 νέας
3483 4381 3703 4451 ἡλικίας

2115 4468 2216 4535 τῆς
2247 4465 2390 4519 κατὰ
2419 4465 2552 4520 Θεὸν
2585 4467 2816 4540 ἐκλογῆς
2847 4471 3271 4543 κατηξιωμένος,
3294 4467 3405 4536 οἶος
3429 4466 3497 4544 ἦν
3526 4471 3700 4542 Τιμό-

433 4557 670 4619 dicerat,
706 4556 890 4612 dicere
922 4557 1207 4626 competit,
1248 4575 1267 4608 ι
1307 4555 1448 4626 Spes
1479 4572 1596 4611 mea
1649 4571 1678 4608 a
1728 4555 2018 4623 juventute

2121 4554 2238 4619 θεος
2269 4558 2334 4609 ἐκ
2369 4557 2556 4621 παιδὸς
2581 4557 2710 4627 ἅγια
2738 4559 3044 4632 Γράμματα
3096 4560 3433 4633 μεμαθηκὼς
3455 4564 3536 4627 τὸ,
3568 4582 3587 4616 ι
3633 4562 3699 4619 Ἡ

440 4662 582 4703 inea.
625 4667 645 4700 ι
686 4646 823 4701 Illud
867 4656 1076 4711 autem,
1114 4665 1133 4698 ι
1179 4647 1239 4702 1η
1277 4656 1329 4702 te
1363 4648 1716 4702 continuatus
1770 4661 1892 4700 sum
1947 4662 2016 4702 ex

2121 4644 2275 4709 ἐλπίς
2306 4664 2408 4717 μου
2431 4649 2496 4699 ὲκ
2523 4647 2771 4720 νεότητός
2799 4666 2920 4720 μου.
2952 4669 2971 4702 ι
2992 4652 3066 4705 Τὸ
3084 4651 3162 4716 δὲ,
3190 4671 3207 4703 ι
3233 4654 3357 4706 Ἐπὶ
3390 4652 3450 4706 σὲ
3475 4654 3701 4724 ἐπεστη-

437 4750 617 4805 utero,
647 4741 716 4795 de
740 4748 932 4795 ventre
958 4739 1153 4794 matris
1173 4755 1305 4795 mea:
1332 4748 1389 4794 tu
1410 4754 1470 4794 es
1497 4746 1774 4809 protector
1795 4752 2007 4803 meus,»

2121 4714 2318 4809 pixe'qv
2337 4737 2444 4791 ἀπὸ
2473 4714 2728 4810 γαστρὸς,
2755 4714 2818 4793 ὲκ
2844 4739 3051 4806 κοιλίας
3087 4714 3291 4814 μητρός
3342 4760 3465 4814 μου,
3496 4742 3561 4797 σύ
3594 4714 3700 4815 μοὶ)

439 4831 547 4887 soli
570 4832 860 4885 conveniat
891 4829 1168 4884 Salvatori
1196 4838 1405 4891 nostro,
1428 4831 1523 4901 qui
1555 4829 1942 4886 immaculatus
1962 4840 2018 4886 et

438 4922 576 4977 mlul
606 4923 927 4990 inquinatus
959 4930 1078 4976 erat
1124 4936 1235 4991 quo
1277 4929 1524 4991 tempore
1553 4921 1608 4975 in
1644 4928 1801 4976 utero
1835 4930 2017 4992 gesta-

440 5017 618 5066 batnr.
646 5008 781 5064 Nam
814 5011 1011 5079 reliqui
1043 5009 1294 5064 homines
1328 5024 1540 5074 omnes,
1583 5008 1716 5065 dum
1739 5019 1895 5065 utero
1915 5026 2012 5081 ge.-

439 5103 679 5159 stiuntur
725 5109 780 5156 et
807 5102 1036 5171 primam
1088 5101 1339 5170 corporis
1390 5100 1837 5155 constitutionem
1871 5101 2014 5156 acci-

438 5196 612 5265 piunt,
655 5195 814 5265 quasi
846 5196 954 5249 ritu
984 5195 1296 5265 plantarum
1324 5194 1593 5259 viventes,
1624 5210 1802 5264 neque
1832 5197 2013 5251 sensi-

437 5288 536 5344 bus
584 5302 763 5358 neque
814 5295 998 5343 mente
1048 5301 1248 5342 sensus
1297 5294 1561 5358 sequente
1606 5294 1865 5356 utuntur;
1900 5286 2010 5343 sed

440 5380 598 5433 etiam
634 5381 755 5451 ipsa
789 5380 1041 5451 principe
1065 5380 1234 5434 animi
1272 5388 1430 5450 parte
1461 5386 1517 5435 et
1563 5387 1745 5435 mente
1770 5379 2009 5435 demersi

435 5471 572 5527 nihil
599 5488 630 5526 a
660 5488 844 5528 verme
884 5471 1164 5527 dill'erunt.
1200 5470 1304 5536 Qui
1336 5480 1518 5525 autem
1552 5469 1662 5525 Deo
1686 5469 1841 5535 dicit,
1888 5488 1909 5520 ι
1950 5467 2009 5523 ln

435 5569 491 5614 te
516 5561 873 5616 continuatus
923 5576 1044 5616 sum
1091 5578 1155 5615 cx
1190 5570 1365 5627 utero,
1406 5580 1425 5612 ι
1477 5575 1586 5614 non
1634 5560 1795 5614 modo
1827 5574 1885 5613 se
1913 5556 2007 5612 Dei

2114 4817 2168 4875 εἷ
2213 4824 2545 4893 σκεπαστὴς,
2585 4844 2603 4875 ι
2638 4825 2782 4898 μόνῳ
2808 4827 2874 4883 ἂν
2925 4829 3257 4902 ἁρμόζοιτῷ
3288 4832 3503 4905 Σωτῆρι
3541 4833 3702 4904 ἡμῶν

2115 4911 2375 4984 ἀθολώτῳ
2424 4913 2519 4966 καὶ
2564 4915 2852 4987 ἁσυγχὺτῳ
2905 4918 3180 4990 γενομένῳ
3233 4919 3353 4973 καθ’
3416 4920 3477 4973 ὃν
3539 4923 3701 4973 ἐκυο-

2118 5008 2337 5076 φορεῖτο
2360 5007 2566 5077 καιρόν.
2597 5009 2660 5060 Ut
2696 5009 2793 5080 μὲν
2820 5009 2929 5081 γὰρ
2971 5010 3147 5064 λοιποὶ
3187 5010 3390 5075 πάντες
3423 5010 3701 5083 ἄνθρωποι

2115 5096 2177 5150 ὲν
2211 5096 2288 5167 τῷ
2320 5098 2658 5163 κυΐσκεσθαι,
2696 5088 2804 5154 ’καὶ
2851 5099 3075 5173 πρώτην
3103 5102 3399 5175 λαμϐάνειν
3439 5102 3700 5156 σύστασιν

2116 5189 2211 5243 τοῦ
2245 5189 2513 5260 σώματος,
2549 5192 2780 5263 φυτικὴν
2798 5191 2988 5265 ὥσπερ
3009 5193 3155 5265 ζωὴν
3184 5195 3406 5260 ζῶντες,
3435 5194 3558 5248 οὔτε
3586 5196 3701 5257 τοὶς

2113 5279 2205 5335 τοῦ
2230 5280 2479 5352 σώματος
2489 5281 2884 5355 αἰσθητηρίοις,
2908 5282 3031 5338 οὔτε
3042 5288 3109 5355 τῇ
3124 5285 3331 5356 διανοίᾳ
3354 5284 3698 5356 παρακολου-

2116 5371 2282 5445 θοὺσῃ
2334 5374 2662 5445 κέχρηνται·
2702 5375 2837 5430 ἀλλὰ
2871 5378 2966 5432 καὶ
2994 5378 3056 5430 τὸ
3084 5375 3409 5447 ἡγεμονικὸν
3432 5375 3563 5430 αὑτὸ
3598 5375 3699 5429 καὶ

2113 5465 2204 5519 τὸν
2234 5464 2357 5520 νοῦν
2390 5464 2809 5538 βεϐαπτισμένοι
2835 5509 2850 5533 ,
2878 5468 3029 5523 οὐδὲν
3060 5468 3341 5539 σκώληκος
3370 5467 3611 5537 διενέγκο
3624 5484 3697 5520 ,εν

2116 5557 2201 5612 ἄν.
2248 5558 2307 5611 Ὀ
2342 5557 2398 5612 δὲ
2440 5558 2718 5632 λέγωντῷ
2771 5560 2910 5633 Θεῷ,
2951 5582 2968 5630 ς
3020 5562 3143 5616 Ἐπὶ
3190 5562 3248 5617 σὲ
3295 5557 3693 5634 ὲπεστηρίχεην

501 5716 551 5749 ⁸³
585 5714 731 5775 Psal.
773 5732 899 5781 xu,
934 5716 987 5772 3.
1063 5717 1108 5749 ⁸⁸
1141 5716 1337 5773 lizceli.
1381 5731 1586 5783 xxxvii,
1614 5713 1705 5771 25.
1784 5714 1829 5747 ⁸⁷
1857 5710 2024 5769 Amos
2049 5726 2127 5777 ιιι,
2155 5712 2241 5766 12.
