4056 6404
427 392 528 445 7'37

1548 383 2045 440 COMMENTARIA
2087 384 2151 439 lN
2191 384 2529 441 PSALMOS.

3552 386 3654 437 ’⁷73

415 509 524 565 ἀπὸ
549 507 804 580 γαστρὸς,
841 525 859 557 ι
894 506 954 559 οὑ
989 504 1148 576 μόνον
1174 503 1373 573 γνῶσιν
1414 503 1669 572 ἐμφαίνει
1690 502 1976 573 κεκτῆσθαι

2090 488 2401 571 cognitione
2424 502 2691 557 imbutum
2726 501 2895 557 fuisse
2940 499 3200 565 ostendit,
3222 501 3318 556 sed
3344 500 3509 555 etiam
3543 514 3648 552 ιιιςι-

416 598 572 663 Οιοῢ,
601 597 733 652 ἀλλὰ
765 597 856 651 καὶ
884 596 1142 666 μεγίστην
1170 594 1368 666 ἀρετὴν
1405 593 1652 664 φιλοθέου
1684 593 1983 664 δυνάμεως,

415 692 481 755 δι’
512 688 580 764 ἧς
595 692 681 743 ἐπ’
716 690 875 744 αὑτὸν
914 688 1005 741 cbo
1039 687 1171 741 Θεὸν
1226 687 1560 760 ἐστηρίζετο.
1603 687 1713 740 Καὶ
1749 685 1987 751 τοιοῦτος

415 778 484 854 ἦν
532 782 885 851 κυῖσκόμενος
920 779 1012 835 καὶ
1057 781 1115 832 ἐν
1144 779 1343 850 γαστρὶ
1374 781 1471 850 τῆς
1495 777 1700 849 μητρὸς
1748 775 1984 847 συλλαμ-

415 870 728 933 ϐανόμενος.
752 869 825 923 Τὸ
848 867 927 931 δὲ,
965 886 983 919 ι
1032 868 1126 922 Ἐκ
1165 867 1370 931 κοιλίας
1398 866 1601 938 μητρός
1637 883 1736 938 μου
1762 861 1814 919 εἷ
1862 882 1987 919 σκε-

415 966 646 1031 παστης,
670 979 689 1011 ι
727 959 948 1014 δύναται
976 960 1068 1014 καὶ
1090 960 1180 1014 ἐπὶ
1209 960 1424 1014 πάντων
1460 958 1735 1030 ἁρμόζειν.
1774 957 1837 1012 Εἰ
1878 957 1986 1030 γὰρ

419 1052 494 1124 μή
544 1052 677 1106 Θεοῦ
732 1043 959 1124 δύναμις
1002 1050 1257 1125 ἐφρούρει
1304 1051 1399 1103 καὶ
1449 1049 1712 1119 ἐφύλαττε
1744 1048 1805 1102 τὸ
1845 1048 1987 1103 κατὰ

414 1144 649 1217 iu"pr
687 1134 1061 1215 κυῖσκόμενον,
1103 1143 1212 1197 οὐδ’
1242 1141 1307 1196 ἂν
1355 1141 1603 1214 συνέστη,
1639 1140 1745 1194 οὐδ’
1765 1141 1830 1195 ἂν
1859 1158 1986 1212 μετ-

412 1234 540 1305 έσχε
578 1233 747 1307 ζωῆς,
789 1237 926 1307 μήτε
955 1238 1106 1289 πνεῖν
1130 1233 1448 1304 δυνάμενον,
1471 1235 1608 1304 μήτε
1640 1235 1751 1298 τοῖς
1781 1233 1986 1297 λοιποῖς

415 1324 714 1397 κεχρῆσθαι
739 1324 1132 1397 αἰσθητηρίοις.
1186 1324 1353 1377 Πάλιν
1386 1323 1443 1376 δὲ
1476 1323 1569 1377 καὶ
1604 1324 1661 1375 ἐν
1688 1322 1863 1394 τούτῳ
1895 1322 1984 1375 λέ-

413 1430 546 1483 γων,
580 1432 597 1465 ι
629 1413 699 1466 Σύ
747 1431 848 1484 μου
889 1409 940 1465 εἴ
980 1414 1311 1485 σκεπαστὴς,
1350 1432 1368 1465 ι
1403 1413 1680 1483 ἐνέφαινεν
1711 1412 1984 1485 ἐξαίρετόν

413 1522 466 1557 τι
495 1505 782 1576 ἐσχηκέναι
808 1504 955 1576 παρὰ
971 1505 1094 1569 τοὺς
1115 1504 1334 1568 λοιποὺς
1359 1504 1483 1567 τοὺς
1507 1507 1563 1557 ἐν
1584 1504 1759 1575 κοιλίᾳ
1781 1504 1985 1577 μητρὸς

414 1595 831 1668 συλληφθέντας.
890 1595 1041 1666 Τάχα
1082 1594 1191 1668 γὰρ
1234 1598 1326 1650 ἐπὶ
1365 1597 1462 1668 μὲν
1506 1598 1604 1668 τῆς
1644 1596 1751 1649 τῶν
1782 1595 1983 1650 λοιπῶν

410 1686 716 1760 ἀνθρώπων
749 1687 1013 1757 γενέσεως
1041 1688 1187 1743 ἄλλοι
1212 1690 1355 1753 τινὲς
1382 1690 1745 1761 ἐφεστήκασιν
1767 1688 1983 1759 ἄγγελοι

406 1777 814 1849 διακονούμενοι
858 1782 922 1851 τῇ
952 1779 1182 1834 ἑκάστου
1226 1781 1306 1844 είς
1332 1780 1423 1833 τὸν
1456 1780 1569 1851 βίον
1603 1780 1852 1851 παρόδῳ·
1891 1781 1982 1832 ἐπὶ

2083 608 2243 662 gnam
2278 609 2337 648 se
2365 592 2640 656 virtutem,
2675 595 2895 662 vimque
2928 592 3131 647 amoris
3162 606 3290 662 erga
3329 592 3516 653 Deum,
3540 605 3652 659 qua

2082 681 2138 734 in
2174 682 2296 751 ipso
2334 682 2783 747 conﬁrmabatur,
2823 683 3082 737 habuisse
3112 681 3469 736 demonstrat.
3501 677 3653 734 Talis

2083 781 2263 828 autem
2293 774 2352 828 in
2390 785 2547 830 utero
2576 783 2629 830 et
2680 774 2734 828 in
2777 781 2965 829 ventre
3014 772 3208 827 matris
3233 771 3533 826 conclusus
3561 773 3654 825 ille

2081 873 2222 921 eral.
2255 866 2395 920 Illud
2423 881 2575 931 vero,
2612 885 2632 918 ι
2669 866 2746 921 De
2766 875 2956 921 ventre
2978 865 3173 920 matris
3197 879 3328 919 meae
3356 870 3416 918 tu
3440 878 3500 918 cs
3524 878 3626 933 pro
3643 891 3655 900 -

2081 966 2276 1024 tector,
2312 978 2331 1009 ι
2384 960 2640 1014 omnibus
2675 960 2970 1014 convenire
2996 958 3190 1030 possit.
3218 956 3334 1012 Nisi
3375 957 3521 1011 enim
3554 955 3650 1011 Dei

2081 1047 2258 1105 virtus
2287 1049 2590 1105 custodiret
2636 1066 2698 1103 ac
2752 1058 2997 1106 servaret
3049 1047 3219 1103 fetum
3270 1049 3436 1113 uteri,
3470 1063 3651 1117 neque

2084 1140 2439 1206 formaretur,
2491 1158 2669 1214 neque
2713 1143 2837 1196 vitae
2888 1142 3163 1213 particeps
3189 1150 3357 1207 esset,
3394 1157 3518 1196 cum
3550 1157 3653 1197 nec

2081 1235 2376 1304 respirare,
2405 1250 2507 1289 nec
2546 1234 2771 1306 reliquis
2815 1236 3069 1291 sensibus
3121 1238 3201 1289 uti
3249 1236 3472 1290 valeret.
3509 1234 3652 1289 Rur-

2082 1337 2313 1394 sumque
2332 1340 2456 1379 cum
2489 1325 2644 1389 dicit,
2668 1345 2686 1375 ι
2712 1325 2792 1381 Tu
2811 1342 2871 1381 es
2897 1334 3177 1397 protector
3208 1342 3384 1387 meus,
3411 1346 3429 1378 ι
3459 1341 3519 1381 se
3551 1327 3653 1380 ali—

2082 1416 2213 1485 quid
2237 1417 2588 1487 praestantius
2616 1417 2844 1488 reliquis
2878 1418 3193 1474 hominibus
3226 1417 3283 1472 in
3312 1425 3505 1473 ventre
3536 1432 3653 1471 ma-

2082 1507 2184 1563 tris
2245 1509 2523 1579 conceptis
2590 1509 2849 1564 habuisse
2906 1518 3322 1565 commonstrat.
3391 1509 3651 1565 Fortasse

2082 1598 2281 1668 quippe
2312 1598 2369 1652 in
2411 1600 2747 1670 reliquorum
2777 1600 3061 1655 hominum
3086 1603 3435 1673 generatione
3467 1601 3641 1672 angeli

2082 1686 2305 1756 quidam
2330 1688 2533 1743 adsunt
2569 1691 2911 1760 singulorum
2950 1690 3018 1744 ad
3049 1692 3218 1745 vitam
3248 1691 3516 1762 ingressui
3545 1692 3650 1744 mi-

2083 1778 2417 1846 nistrantes;
2448 1782 2505 1834 in
2532 1782 2882 1851 generatione
2908 1796 3036 1836 vero
3069 1779 3379 1837 Servatoris
3407 1780 3526 1852 ipse
3546 1779 3652 1835 Pa-

406 1869 468 1921 δέ
498 1868 599 1940 τῆς
628 1870 892 1939 γενέσεως
941 1869 1035 1924 τοῦ
1091 1870 1342 1942 Σωτῆρος
1364 1912 1378 1934 ,
1412 1871 1571 1937 αὐτὸς
1604 1866 1672 1943 ἦν
1719 1872 1746 1924 ὁ
1791 1871 1976 1943 Πατὴρ

2080 1877 2162 1925 ter
2193 1877 2470 1940 protector
2497 1871 2617 1940 ejus
2645 1878 2796 1938 erat;
2827 1886 3000 1942 quare
3033 1872 3090 1925 in
3132 1874 3253 1942 ipso
3282 1872 3651 1926 confirmaba-

415 1962 726 2034 σκεπαστὴς
750 1961 914 2016 αὑτοῦ
937 1963 1251 2035 γιγνόμενος
1270 1980 1283 1994 ’
1320 1963 1399 2017 διὸ
1419 1964 1513 2017 καὶ
1541 1964 1634 2017 ἐπὶ
1672 1964 1832 2018 αὑτὸν
1882 1965 1980 2017 ἐπ-

408 2056 749 2129 εστηρίζετο.
786 2055 971 2121 Οὕτως
1017 2056 1307 2120 διαπαντὸς
1358 2077 1376 2110 ι
1427 2058 1661 2129 ὑμνησιν
1711 2078 1731 2111 ι
1785 2059 1977 2113 ἐαυτοῦ

407 2144 524 2221 εἶχε
552 2149 643 2203 τὸν
677 2150 911 2222 Πατέρα.
943 2149 1034 2203 Διὸ
1063 2150 1334 2220 ἐπιλέγει·
1371 2169 1394 2202 ι
1446 2152 1534 2205 Ἐν
1556 2153 1638 2204 σοὶ
1669 2154 1702 2222 ή
1749 2151 1982 2223 ὑμνησίς

416 2257 517 2312 μου
543 2241 849 2305 διαπαντός.
884 2260 902 2294 ι
929 2243 1003 2295 Οὑ
1031 2241 1140 2314 γὰρ
1180 2243 1388 2297 διέλιπέ
1429 2260 1551 2297 τινα
1581 2244 1769 2315 καιρὸν
1797 2244 1980 2315 ὑμνῶν

408 2329 503 2386 τὸν
553 2331 790 2403 Πατέρα,
847 2330 881 2404 ἢ
938 2333 1030 2386 καὶ
1076 2332 1412 2404 ὑμνούμενος
1466 2335 1557 2387 ὑπ’
1586 2334 1751 2389 αὑτοῦ
1793 2337 1884 2389 ἐπὶ
1911 2339 1978 2408 τῇ

409 2422 643 2496 τοσαύτῃ
664 2425 898 2497 ὑπακοῇ.
945 2424 1106 2490 ⁹Δλλ’,
1148 2426 1215 2479 Ἠ
1246 2425 1343 2496 μὲν
1367 2425 1495 2497 ἐμὴ,
1533 2426 1716 2495 φησὶν,
1752 2426 1978 2491 αῐνεσις,

408 2513 444 2586 ἦ
472 2515 565 2568 καὶ
597 2514 825 2588 ὑμνησις
854 2519 911 2570 ἐν
944 2517 1027 2571 σοι⁹
1046 2517 1234 2587 γέγονε
1263 2516 1574 2581 διαπαντός.
1606 2517 1669 2570 Οἱ
1698 2517 1755 2570 δέ
1797 2516 1981 2570 πολλοὶ

408 2603 518 2657 τῶν
562 2605 882 2678 ἀνθρώπων,
934 2606 1099 2679 μηδὲν
1132 2607 1335 2661 τούτων
1374 2607 1746 2677 ἐπιστάμενοι,
1792 2607 1981 2679 ὥσπερ

404 2695 571 2765 τέρας
599 2697 892 2766 ἐκτήσαντό
933 2715 1020 2769 με.
1049 2699 1343 2770 Τεράστιον
1365 2698 1496 2767 γοῦν
1527 2716 1581 2751 τι
1615 2701 1848 2771 πρᾶγμα
1870 2702 1981 2764 τοῖς

412 2784 624 2849 πολλοῖς
677 2787 959 2857 ἐγενόμην,
1011 2786 1086 2850 ὼς
1113 2788 1343 2858 διάφορα
1388 2790 1517 2861 περὶ
1563 2788 1698 2859 ἐμοῦ
1738 2790 1980 2858 δοξάζειν

409 2871 642 2937 αὑτούς·
685 2875 778 2927 καί
811 2892 960 2938 τινας
1003 2875 1101 2945 μέν
1122 2876 1255 2930 Θεὸν
1284 2872 1423 2931 εἶναι
1452 2879 1691 2947 άσαρκον
1724 2881 1815 2934 καὶ
1836 2879 1979 2934 ἀσώ-

411 2982 601 3035 ματον,
644 2964 860 3037 δοκήσει
915 2968 1072 3036 μόνον
1122 2967 1353 3037 ὀφθέντα
1402 2971 1495 3023 ἐπὶ
1535 2970 1660 3041 γῆς,
1705 2972 1977 3043 ἡγεῖσθαι,

408 3054 562 3118 τινὰς
589 3056 643 3110 δὲ
670 3057 823 3127 ψιλὸν
852 3057 1154 3130 ἄνθρωπον,
1193 3060 1270 3124 ὼς
1302 3060 1466 3133 μηδὲν
1497 3062 1655 3115 πλέον
1681 3063 1829 3135 παρὰ
1853 3064 1979 3129 τοὺς

408 3145 627 3211 λοιποὺς
650 3148 919 3219 ἐσχηκότα
943 3165 955 3178 ·
983 3150 1077 3204 καὶ
1110 3151 1301 3216 ἄλλους
1326 3151 1427 3222 μὲν
1457 3154 1615 3225 ἀραῖς
1648 3157 1742 3209 καὶ
1773 3156 1977 3229 δυσφη-

410 3238 563 3309 μίαις
595 3239 938 3306 ὑποϐάλλειν,
957 3241 1176 3315 ἐτέρους
1207 3243 1263 3297 δέ
1295 3245 1472 3299 σέϐειν
1511 3248 1605 3300 καὶ
1632 3252 1974 3321 προσκυνεῖν.

408 3330 583 3405 Τέρας
607 3331 665 3385 δὲ
690 3334 804 3396 τοῖς
830 3334 995 3388 πᾶσιν
1025 3333 1240 3406 άληθῶς
1263 3335 1486 3404 γέγονεν
1520 3337 1549 3390 ό
1573 3338 1705 3409 ἐμὸς
1730 3338 1978 3405 θάνατος.

408 3422 483 3477 Τὸ
514 3422 623 3496 γὰρ
652 3425 880 3497 σταυρὸν
928 3425 1215 3496 ὑπομεῖναι
1260 3425 1391 3481 Θεὸν
1427 3428 1574 3493 ὄντα,
1620 3430 1713 3484 καὶ
1755 3430 1979 3485 τοιαῦτα

409 3513 600 3569 παθεῖν
638 3513 729 3569 τὸν
777 3516 983 3588 ἑτέροις
1031 3515 1175 3589 ζωὴν
1230 3520 1642 3591 κεχαρισμένον,
1694 3523 1857 3594 τέρας
1910 3519 1979 3595 ἦν

406 3604 640 3679 ἀληθῶς.
692 3604 782 3659 Διό
826 3622 1020 3677 φησιν·
1071 3624 1091 3658 ι
1146 3607 1290 3660 Ὠσεὶ
1343 3608 1508 3679 τέρας
1553 3597 1829 3682 ἐγενήθην
1868 3615 1979 3676 τοῖς

408 3695 639 3757 πολλοῖς.
679 3714 698 3746 ι
739 3694 876 3749 Ἀλλ’
900 3697 957 3749 ἐν
990 3699 1122 3750 πᾶσι
1155 3700 1362 3762 τούτοις
1388 3701 1474 3763 σὺ,
1501 3702 1653 3770 φησὶ,
1690 3720 1709 3753 ι
1736 3701 1929 3774 βοηθός
1954 3723 1971 3754 ι

410 3803 511 3857 μου
543 3786 776 3855 γέγονας
809 3805 829 3839 ‹
865 3789 1124 3859 κραταιός
1145 3806 1158 3819 ·
1204 3809 1221 3840 ι
1259 3790 1379 3843 οὑδὲ
1410 3789 1519 3862 γὰρ
1551 3792 1707 3845 ἄλλον
1747 3794 1978 3865 ἐκτησά-

410 3895 517 3949 μην
550 3876 761 3949 βοηθόν.
789 3878 972 3932 Πάντα
998 3878 1106 3950 γὰρ
1133 3875 1201 3949 ἦν
1230 3879 1457 3952 δεύτερα
1481 3883 1577 3936 καὶ
1603 3883 1979 3956 ὑποϐεϐηκότα

404 3970 505 4041 τὴν
534 3969 671 4042 ἐμὴν
718 3969 943 4041 δύναμιν
967 3985 981 4000 ⁸
1010 3972 1074 4025 σὺ
1120 3970 1176 4024 δέ
1214 3972 1392 4041 μόνος,
1424 3972 1483 4026 ὃν
1518 3973 1709 4028 ἐλπίδα
1741 3976 1976 4046 ἐμαυτὸν

406 4062 831 4135 ὑπεγραψάμην,
876 4082 895 4114 ι
927 4062 1118 4134 βοηθός
1152 4083 1171 4115 ι
1199 4081 1300 4135 μου
1334 4063 1562 4132 γέγονας
1593 4084 1612 4116 ι
1636 4067 1913 4137 κραταιός.
1951 4086 1969 4119 ι

407 4154 516 4208 Καὶ
568 4153 710 4208 κατὰ
752 4155 843 4208 τὸν
871 4154 1163 4226 Σύμμαχον
1200 4155 1260 4208 δὲ
1297 4156 1499 4228 ὁμοίως
1541 4157 1784 4229 εἴρηται·
1816 4179 1835 4212 ι
1884 4163 1975 4215 Σοὶ

407 4243 808 4317 ἐπεστηρίχθην
848 4245 957 4300 ἀπὸ
998 4247 1252 4318 γαστρὸς,
1290 4249 1398 4302 ἀπὸ
1426 4249 1535 4302 τῶν
1574 4251 1856 4307 ἐνδοσθίων
1877 4256 1974 4327 τῆς

408 4334 615 4406 μητρός
659 4353 761 4407 μου
813 4337 877 4390 σὺ
922 4337 1130 4402 ἐπεϊδές
1176 4354 1265 4409 με.
1295 4340 1391 4403 Είς
1426 4341 1485 4394 σέ
1523 4344 1556 4412 ή
1592 4342 1830 4417 ἀναμονή
1869 4364 1970 4416 μου

405 4425 714 4499 ἐνδελεχῶς,
744 4428 875 4483 ὡσεὶ
905 4430 1068 4501 τέρας
1111 4431 1378 4502 ἐγενόμην
1402 4435 1515 4496 τοῖς
1538 4435 1749 4499 πολλοῖς
1767 4453 1781 4466 ·
1821 4440 1885 4491 σὺ
1915 4439 1971 4491 δέ

406 4520 728 4592 πεποίθησίς
766 4539 867 4592 μου
898 4522 1115 4595 ἰσχυρά.
1151 4542 1170 4575 ι
1533 4526 1538 4531 ’

480 4653 499 4686 ι
527 4633 874 4707 Πληρωθήτω
888 4635 948 4689 τὸ
971 4636 1141 4707 στόμα
1154 4656 1253 4709 μου
1270 4640 1548 4711 αἰνέσεως,
1573 4642 1721 4705 ὅπως
1746 4642 1973 4715 ὑμνήσω

404 4727 502 4800 τὴν
522 4726 677 4794 δόξαν
711 4744 826 4790 σου,
852 4727 981 4799 ὃλην
1010 4728 1108 4800 τήν
1130 4731 1340 4805 ἡμέραν
1379 4730 1478 4803 τὴν
1504 4734 1972 4807 μεγαλοπρέπειαν

408 4834 522 4873 σου.
557 4837 575 4870 ι
609 4818 746 4890 Ἤδη
783 4821 880 4891 μὲν
912 4818 1050 4874 κατὰ
1092 4820 1182 4873 τὸν
1217 4821 1554 4892 παρελθόντα
1586 4825 1774 4897 χρόνον
1798 4824 1975 4897 ὑμνηέ

407 4906 489 4970 σίς
517 4923 638 4977 μου,
663 4909 847 4979 φησὶν,
894 4910 952 4961 ἐν
997 4908 1081 4962 σοὶ
1106 4907 1296 4978 γέγονε
1319 4910 1607 4977 διαπαντός
1626 4928 1640 4942 ’
1679 4913 1815 4986 πλὴν
1837 4914 1971 4968 ἀλλὰ

403 4996 647 5068 καὶπερὶ
678 4996 772 5049 τοῦ
799 4996 1079 5068 μέλλοντος
1096 4995 1306 5067 δέομαι,
1335 4997 1411 5061 ὡς
1438 4998 1504 5052 ἂν
1528 4998 1720 5072 μέχρις
1737 5001 1971 5072 ἐσχάτης

401 5087 551 5161 ὥρας
581 5086 676 5140 τοῦ
709 5086 822 5158 βίου
852 5087 913 5141 τὸ
947 5087 1119 5159 στόμα
1147 5104 1248 5158 μου
1279 5087 1381 5159 τῆς
1415 5089 1514 5160 σῆς
1548 5092 1803 5154 αἰνέσεως
1835 5092 1971 5163 πλη-

402 5178 563 5250 ρῷτο,
594 5179 687 5232 καὶ
712 5178 882 5240 οὑτως
899 5194 963 5247 γε
991 5176 1263 5249 πληρῷτο,
1293 5178 1369 5241 ὡς
1400 5178 1601 5249 μηδένα
1636 5180 1818 5251 χώραν
1844 5199 1968 5253 σχο-

400 5266 668 5334 λάζουσαν
714 5267 856 5337 ἔχειν
915 5267 1042 5339 πρὸς
1073 5268 1134 5320 τὸ
1164 5268 1291 5324 ἄλλο
1340 5285 1391 5321 τι
1430 5268 1776 5338 φθέγγεσθαι,
1834 5272 1967 5344 μηδέ

398 5358 707 5432 ἀνθρώποις
755 5358 993 5429 ὁμιλεῖν·
1039 5359 1133 5411 καὶ
1177 5359 1334 5413 τοῦτό
1390 5377 1481 5430 μοι
1538 5359 1775 5433 ὑπάρξαι
1831 5361 1967 5428 ἀξιῶ

399 5451 541 5506 κατὰ
571 5452 750 5505 πᾶσαν
776 5450 1008 5522 ήμέραν,
1036 5451 1127 5504 καὶ
1151 5452 1210 5505 ἐν
1233 5451 1311 5524 τῷ
1340 5452 1499 5506 παντὶ
1524 5454 1697 5524 χρόνῳ
1718 5456 1816 5525 τῆς
1827 5456 1965 5527 ἐμῆς

402 5543 546 5615 ζωῆς
572 5543 647 5616 μὴ
677 5542 1114 5614 ἀποστερηθῆναι
1131 5543 1225 5597 καὶ
1241 5545 1609 5616 ἀπορριφῆναι
1641 5545 1843 5617 ταύτης
1866 5547 1966 5619 τῆς

399 5636 637 5707 χάριτος,
661 5634 762 5689 κᾶν
791 5634 885 5688 ἐπὶ
911 5636 1112 5706 γήραος
1140 5635 1278 5706 οὐδῷ
1306 5636 1412 5689 δέοι
1431 5635 1651 5705 φθάσαι,
1684 5638 1818 5709 μηδὲ
1866 5641 1963 5709 μέ-

399 5744 432 5796 χ
438 5744 521 5796 ρις
530 5728 762 5799 ἐσχάτης
771 5726 1024 5798 τελευτῆς
1035 5727 1162 5781 ἄλλο
1173 5728 1223 5780 τί
1238 5745 1303 5798 με
1318 5729 1574 5799 πράττειν
1585 5730 1617 5800 ἢ
1636 5731 1736 5800 πλη
1746 5731 1837 5801 po?)
1844 5732 1964 5786 σθαι

401 5816 459 5870 τὸ
483 5818 654 5883 στόμα
683 5835 783 5886 μου
808 5819 904 5890 τῆς
939 5819 1037 5890 σῆς
1069 5820 1324 5883 αἰνέσεως
1346 5822 1439 5875 καὶ
1476 5821 1572 5890 τῆς
1608 5822 1703 5890 σῆς
1736 5824 1961 5893 μεγαλοκ

643 5913 906 5974 Ριτιιοι.
940 5913 1057 5976 Gn.
1097 5915 1146 5976 Χ
1162 5916 1330 5978 XIII.

2083 1969 2194 2014 tur.
2231 1958 2322 2014 Sic
2365 1977 2579 2032 semper
2634 1981 2654 2015 ι
2700 1964 3071 2018 cantationem
3105 1982 3124 2015 ι
3161 1964 3354 2018 habuit
3384 1965 3441 2018 in
3468 1962 3652 2018 Patris

2082 2050 2320 2108 laudem.
2354 2050 2535 2128 Quare
2564 2053 2753 2109 subdit
2786 2071 2800 2109 ε
2844 2072 2863 2106 ι
2902 2053 2959 2108 ln
2989 2061 3045 2109 te
3069 2055 3313 2110 cantatlo
3342 2069 3463 2110 mea
3506 2070 3653 2110 sem-

2082 2158 2197 2212 per.
2243 2162 2261 2193 ι
2298 2141 2518 2198 Nullum
2565 2148 2711 2200 enim
2743 2147 3093 2217 praetermisit
3133 2154 3371 2218 tempus,
3404 2146 3536 2217 quin
3568 2149 3652 2203 vel

2080 2233 2299 2292 Patrem
2328 2236 2548 2309 hymnis
2600 2238 2924 2305 celebraret,
2968 2240 3051 2294 vel
3106 2239 3176 2295 ab
3204 2240 3328 2311 ipso
3370 2254 3470 2311 pro
3499 2248 3650 2294 tanta

2080 2329 2441 2400 obsequentia
2490 2331 2878 2387 celebraretur.
2933 2329 3137 2387 Verum
3192 2332 3289 2398 ait,
3337 2330 3484 2388 Laus
3536 2332 3651 2387 sive

2082 2421 2323 2475 cantatio
2344 2418 2465 2476 mea
2488 2421 2543 2476 in
2563 2432 2613 2479 te
2630 2421 2734 2477 l‘uit
2757 2438 2993 2494 semper.
3020 2421 3312 2479 Hominum
3338 2439 3470 2479 vero
3495 2423 3651 2476 multi

2081 2511 2276 2565 horum
2307 2513 2503 2583 ignari,
2543 2522 2802 2586 tanquam
2842 2516 3152 2586 prodigium
3196 2531 3284 2572 me
3317 2517 3649 2571 habuerunt.

2081 2599 2460 2673 Prodigiosum
2501 2620 2631 2675 ergo
2664 2604 2942 2675 quidpiam
2992 2605 3181 2663 multis
3221 2605 3449 2663 eﬂectus
3502 2622 3650 2671 sum,

2082 2692 2153 2771 ita
2185 2701 2243 2746 ut
2284 2693 2340 2747 in
2393 2696 2575 2751 varias
2610 2697 2678 2751 de
2729 2713 2815 2752 me
2854 2699 3156 2753 sententias
3192 2698 3441 2764 abirent;
3472 2706 3527 2754 et
3558 2699 3651 2753 alii

2081 2781 2299 2855 quidem
2331 2781 2499 2837 Deum
2529 2800 2695 2840 carne
2738 2802 2967 2841 vacuum
2997 2795 3054 2843 et
3084 2789 3488 2857 incorporeum.
3533 2790 3649 2843 sola

2080 2871 2262 2941 specie
2285 2871 2461 2927 visum
2491 2873 2548 2928 in
2579 2881 2724 2931 terra
2765 2884 3061 2947 putarent;
3094 2880 3187 2934 alii
3221 2878 3431 2933 nudum
3469 2879 3650 2933 homi-

2080 2976 2224 3026 nem,
2258 2960 2397 3016 nihil
2432 2963 2555 3033 plus
2602 2979 2766 3034 quam
2797 2964 2889 3019 alii
2919 2966 3244 3033 habentem;
3277 2966 3369 3020 alii
3392 2980 3651 3021 exsecra-

2079 3050 2326 3108 tionibus
2350 3060 2406 3109 et
2436 3055 2704 3111 conviciis
2735 3070 2822 3112 me
2849 3056 3215 3126 subiicerent;
3263 3057 3355 3111 alii
3406 3057 3650 3111 colerent

2077 3151 2134 3197 et
2165 3143 2479 3199 adorarent.
2512 3143 2657 3201 Mors
2706 3163 2838 3203 vero
2872 3162 2992 3203 mea
3039 3146 3294 3203 omnibus
3339 3146 3648 3218 prodigium

2082 3235 2241 3304 plane
2268 3234 2388 3290 fuit.
2430 3235 2565 3290 Nam
2596 3253 2720 3293 eum
2751 3239 2844 3310 qui
2872 3238 3016 3296 Deus
3055 3249 3202 3296 esset
3237 3254 3457 3294 crucem
3490 3241 3652 3296 susti-

2080 3342 2231 3393 nere,
2262 3335 2317 3383 et
2338 3328 2467 3383 talia
2499 3330 2612 3399 pati
2637 3345 2765 3386 eum
2807 3330 2901 3402 qui
2958 3331 3081 3386 aliis
3127 3332 3293 3386 vitam
3325 3331 3647 3402 impertiret,

2082 3432 2205 3473 vere
2229 3419 2538 3490 prodigium
2571 3428 2710 3475 erat.
2744 3419 3110 3486 Quamobrem
3143 3423 3259 3478 ait:
3299 3439 3320 3472 ι
3361 3419 3646 3493 Tanquam

2080 3510 2387 3582 prodigium
2416 3510 2594 3567 factus
2625 3528 2747 3568 sum
2766 3514 2975 3570 multis.
3008 3533 3027 3566 ι
3063 3514 3170 3570 Sed
3201 3515 3257 3569 in
3283 3515 3369 3570 his
3390 3517 3647 3571 omnibus

2078 3606 2135 3652 tu
2170 3600 2326 3665 mihi,
2360 3602 2559 3672 inquit,
2597 3622 2616 3654 ι
2654 3603 2873 3674 adjutor
2907 3604 3088 3668 fortis,
3161 3623 3179 3655 ι
3249 3604 3423 3660 fuisti.
3462 3605 3648 3678 Neque

2077 3690 2220 3743 enim
2271 3690 2403 3744 mihi
2453 3692 2596 3747 alius
2634 3692 2855 3762 adjutor
2905 3695 3138 3750 exstitit.
3192 3693 3390 3751 Omnia
3444 3698 3647 3768 quippe

2075 3781 2266 3835 virtuti
2289 3796 2424 3837 mea:
2449 3782 2706 3839 inferiora
2735 3794 2790 3840 et
2829 3786 3058 3856 imparia
3081 3798 3240 3842 erant
3272 3807 3286 3842 :
3322 3797 3378 3843 tu
3409 3804 3539 3844 vero
3558 3805 3649 3846 so-

2077 3870 2184 3932 lus,
2219 3885 2381 3941 quem
2409 3872 2540 3925 mihi
2565 3873 2621 3926 in
2645 3889 2797 3944 spem
2826 3877 3084 3947 ascripsi,
3126 3876 3279 3934 fuisti
3322 3879 3457 3934 mihi
3494 3899 3512 3931 ι
3551 3881 3648 3934 ad-

2072 3961 2225 4031 jutor
2255 3962 2432 4018 fortis.
2475 3982 2494 4015 ι
2529 3964 2842 4020 Secundum
2863 3968 3254 4039 Symmachum
3284 3971 3416 4026 item
3451 3971 3645 4027 simili-

2078 4063 2159 4109 ter
2191 4054 2415 4122 dicitur,
2456 4075 2475 4108 ι
2516 4055 2638 4111 Tibi
2672 4058 3030 4115 conﬁrmatus
3081 4076 3202 4116 sum
3231 4078 3299 4117 ex
3337 4070 3549 4125 ventre,
3575 4079 3646 4119 ex

2074 4145 2379 4200 visceribus
2410 4147 2601 4202 matris
2640 4161 2773 4202 meae
2805 4154 2863 4201 tu
2896 4148 3180 4217 respexisti
3224 4165 3331 4204 me.
3378 4149 3439 4203 In
3466 4159 3520 4205 te
3550 4167 3647 4218 pa.

2075 4237 2266 4291 tientia
2315 4252 2436 4293 mea
2483 4245 2769 4309 perpetuo,
2814 4248 3072 4310 tauquam
3124 4241 3431 4312 prodigium
3464 4244 3645 4298 factus

2074 4344 2194 4384 sum
2227 4329 2413 4385 multis
2450 4349 2462 4385 :
2494 4338 2553 4385 tu
2581 4346 2711 4386 vero
2743 4332 2941 4388 ﬁducia
2975 4348 3095 4387 mea
3116 4334 3294 4388 fortis.
3336 4353 3355 4385 ι

2143 4632 2309 4689 Vens.
2353 4633 2504 4688 8-H.
2576 4651 2595 4682 ι
2665 4631 2959 4704 Repleatur
3004 4652 3067 4691 os
3125 4653 3303 4691 meum
3340 4638 3518 4703 laude,
3582 4651 3639 4695 ut

2073 4734 2286 4781 cantem
2350 4724 2577 4794 gloriam
2634 4733 2827 4791 tuam,
2890 4735 3004 4782 tota
3068 4728 3156 4783 die
3207 4732 3637 4802 magnitudinem

2072 4828 2244 4876 tuam.
2284 4838 2302 4871 ι
2338 4817 2457 4872 Jam
2513 4820 2806 4890 praeterito,
2849 4822 3045 4892 inquit,
3101 4831 3363 4894 tempore,
3395 4828 3638 4882 cantatio

2072 4924 2192 4964 mea
2224 4909 2278 4964 in
2313 4917 2365 4964 te
2401 4909 2502 4965 fuit
2530 4926 2746 4982 semper
2780 4932 2793 4966 :
2846 4922 3099 4968 creterum
3131 4929 3230 4984 pro
3263 4915 3448 4973 futuro
3498 4934 3639 4989 quo-

2070 5016 2176 5070 que
2204 5002 2475 5073 supplico,
2505 5010 2564 5056 ut
2588 5005 2654 5059 ad
2688 5006 2932 5061 ultimam
2973 5007 3098 5063 vitae
3140 5008 3330 5063 horam
3363 5026 3426 5067 os
3453 5027 3635 5066 meum

2070 5093 2230 5149 laude
2257 5103 2347 5149 tua
2377 5097 2670 5165 repleatur,
2700 5105 2755 5152 et
2785 5099 2856 5153 ita
2891 5099 3186 5169 repleatur,
3220 5083 3280 5154 ut
3307 5103 3452 5156 aliud
3475 5103 3635 5171 quid-

2067 5187 2210 5257 piam
2245 5188 2520 5258 loquendi,
2554 5190 2639 5244 vel
2668 5205 2791 5244 cum
2824 5190 3138 5247 hominibus
3170 5194 3421 5248 versandi
3452 5196 3635 5251 nullus

2068 5279 2308 5350 supersit
2347 5280 2503 5335 locus
2535 5300 2547 5335 :
2575 5296 2771 5351 meque
2800 5283 3044 5352 quotidie
3074 5292 3128 5338 et
3171 5292 3285 5338 toto
3338 5286 3462 5340 vitae
3501 5301 3635 5341 nica:

2066 5371 2302 5427 decursu
2356 5371 2431 5426 ita
2478 5382 2855 5443 comparatum
2889 5388 3012 5430 esse
3053 5370 3207 5444 rogo,
3243 5385 3304 5432 ut
3331 5378 3425 5431 tali
3454 5380 3631 5449 gratia

2064 5465 2290 5519 orbatus
2323 5478 2603 5533 nunquam
2632 5479 2733 5517 nec
2755 5464 3015 5534 depulsus
3045 5468 3145 5521 sim
3177 5486 3189 5520 :
3223 5474 3391 5537 utque
3413 5471 3631 5527 etiamsi

2066 5557 2133 5611 ad
2158 5556 2320 5610 limen
2348 5555 2648 5611 senectutis
2677 5554 2970 5619 devenero,
3006 5560 3140 5612 nihil
3190 5560 3334 5615 aliud
3390 5561 3457 5616 ad
3490 5579 3632 5617 mor-

2064 5655 2170 5701 tem
2195 5658 2364 5713 usque
2387 5657 2662 5713 peragam,
2688 5659 2872 5713 quam,
2892 5644 3034 5713 quod
3064 5646 3340 5713 repleatur
3364 5662 3424 5703 os
3447 5663 3629 5704 meum

2063 5738 2223 5791 laude
2257 5744 2310 5789 et
2344 5735 2752 5805 magniﬁcentia
2787 5743 2901 5789 tua.
2935 5734 3042 5791 Pro
3083 5739 3175 5792 illo
3214 5747 3417 5803 autem,
3454 5757 3474 5789 c
3513 5748 3628 5793 tota

2064 5827 2173 5895 die,
2209 5848 2226 5879 ι
2272 5825 2661 5899 Symmachus,
2702 5847 2718 5879 ι
2759 5843 2855 5898 per
2906 5843 3122 5885 onmem
3176 5830 3342 5893 diem,
3399 5850 3417 5882 ι
3456 5829 3627 5885 edidit

3231 5924 3306 5984 '25
