4056 6374
403 373 502 430 ¹ῑ79
1068 370 1333 426 EUSEBll
1376 367 1858 425 CAESARIICNSIS
1896 365 2050 423 OPP.
2094 364 2275 420 PARS
2313 364 2400 420 lll.
2424 395 2489 404 --
2521 362 2931 422 EXEGETICA.

3537 365 3642 420 780

405 532 423 563 ι
458 511 770 582 llepleatur,
806 511 1004 583 inquit,
1061 527 1124 566 os
1159 527 1339 566 meum
1371 511 1531 565 laude
1561 519 1676 574 tua,
1723 525 1817 579 per
1851 523 1956 562 om‘

2070 505 2354 578 πρεπείας.
2404 505 2547 556 Ἀντί
2577 504 2632 557 δέ
2655 503 2770 568 τοῦ,
2797 523 2814 555 ι
2845 502 2972 573 ὃλην
3004 503 3102 573 τὴν
3131 502 3363 575 ἡμέραν,
3391 521 3409 554 ι
3444 503 3472 554 ὁ
3497 503 3642 574 Σύμο

398 619 523 658 nem
553 602 718 668 diem,
763 603 819 656 in
861 602 1060 657 decore
1095 612 1188 656 tuo
1222 618 1290 656 ne
1339 602 1572 671 abjicias
1603 617 1689 656 me
1725 609 1970 668 tempore

397 693 718 748 senectutis.
775 711 795 746 ι
835 689 972 745 Nam
1025 691 1072 745 si
1122 691 1186 744 ad
1225 699 1565 746 senectutem
1600 704 1774 758 usque
1801 688 1968 738 vitam

397 783 654 839 devenire
691 798 869 837 meam
905 791 1177 852 oporteat,
1214 797 1326 834 non
1385 781 1566 834 abnuo
1595 793 1610 831 :
1639 777 1692 831 id
1723 775 1968 846 supplico

397 886 632 942 tantum,
657 888 716 930 ut
744 891 807 931 os
833 890 1019 930 meum
1060 889 1340 944 nunquam
1386 871 1548 927 ﬁnem
1599 871 1762 924 faciat
1823 868 1967 922 cele-

393 968 592 1024 brandi
617 968 833 1024 laudem
862 975 1012 1020 tuam
1045 974 1100 1020 et
1125 964 1580 1036 magniﬁcentiam
1604 971 1772 1016 tuam.
1810 959 1967 1025 Quod

396 1061 444 1117 si
486 1060 787 1115 senectutis
821 1073 988 1114 causa
1035 1056 1333 1127 aliquando
1368 1058 1513 1109 vires
1556 1069 1642 1108 me
1688 1052 1964 1116 deﬁciant,

396 1167 466 1206 ne
493 1162 635 1206 .tunc
666 1150 886 1220 quidem
919 1164 1006 1202 me
1033 1147 1407 1218 derelinquas.
1444 1144 1569 1199 Haec
1620 1144 1672 1198 in
1721 1144 1968 1198 oratione

397 1246 584 1300 dicere
604 1241 871 1298 convenit
904 1250 1020 1296 tum
1055 1240 1342 1304 Davidem,
1373 1249 1487 1294 tum
1522 1239 1772 1310 quemvis
1799 1237 1969 1292 homi-

393 1350 518 1389 nem
568 1333 903 1404 religiosum.
939 1331 1326 1386 Animadverte
1373 1344 1538 1400 porro
1584 1329 1858 1398 quomodo
1899 1328 1966 1382 de

395 1426 678 1481 Salvatore
701 1426 768 1480 ab
790 1425 1056 1496 Apostolo
1086 1423 1312 1478 dicatur
1338 1441 1352 1477 :
1393 1441 1411 1473 ι
1443 1422 1750 1476 Cruciﬁxus
1780 1429 1865 1476 est
1897 1436 1964 1475 ex

391 1518 729 1581 inﬁrmitate,
761 1517 858 1573 sed
890 1517 1026 1570 vivit
1055 1531 1123 1571 ex
1147 1517 1350 1570 virtute
1387 1513 1480 1569 Dei
1505 1514 1572 1568 ⁸⁸.
1617 1533 1635 1564 ι
1670 1512 1782 1566 Etsi
1817 1512 1961 1566 enim

391 1627 456 1664 ex
487 1610 804 1664 inﬁrmitate
835 1609 1136 1662 cruciﬁxus
1161 1607 1232 1662 sit
1272 1624 1287 1673 ;
1317 1616 1370 1659 at
1398 1619 1508 1659 non
1541 1604 1609 1658 ab
1643 1603 1765 1657 aliis
1801 1617 1963 1672 supe-

390 1710 545 1756 ratus
575 1720 589 1754 :
618 1701 734 1771 ipse
763 1701 964 1770 quippe
985 1713 1107 1752 sese
1135 1697 1409 1751 inﬁrmum
1437 1695 1638 1759 effecit,
1675 1709 1841 1764 seque
1866 1692 1962 1748 de-

389 1789 631 1843 dititium
662 1789 976 1842 hominibus
1013 1787 1235 1840 obtulit.
1263 1785 1420 1851 Quod
1452 1785 1617 1840 etiam
1652 1783 1768 1852 ipse
1798 1782 1958 1836 docet

2077 615 2266 669 μαχος,
2299 617 2316 647 ι
2344 596 2484 649 κατά
2506 599 2683 650 πᾶσαν
2721 596 2935 666 ἡμέραν
2973 615 2990 646 ι
3017 594 3242 659 ἐξέδωκε
3262 611 3276 624 ο
3317 613 3334 646 ι
3366 593 3642 666 Πλησθέίη

2069 689 2131 742 τὸ
2157 689 2332 758 στόμα
2372 704 2465 740 σου
2504 689 2688 750 αίνους
2720 704 2812 739 σου
2848 686 2989 739 κατὰ
3025 688 3204 739 πᾶσαν
3225 685 3458 755 ἡμέραν,
3486 687 3543 738 ἐν
3572 689 3642 758 τῇ

2070 779 2371 852 εὐπρεπείᾳ
2409 796 2500 832 σου
2553 777 2626 848 μή
2669 777 2947 850 ἀποϐἀλῃς
2978 793 3043 847 με
3079 776 3254 847 καιρῷ
3285 778 3488 848 γήρως.
3522 797 3542 830 ι
3577 779 3644 831 Εἰ

2069 870 2175 942 γὰρ
2201 871 2307 924 δέοι
2362 871 2455 921 καὶ
2493 869 2652 940 μέχρι
2699 868 2886 938 γήρως
2921 870 3242 937 παρατεῖναι
3276 867 3372 936 τὴν
3403 867 3641 936 ἡλικίαν,

2067 962 2225 1014 τοῦτο
2255 961 2353 1029 μὲν
2379 961 2441 1012 ού
2483 957 2864 1030 παραιτητέον,
2889 955 3116 1010 ἱκετεύω
3147 957 3202 1010 δέ
3223 955 3296 1026 μὴ
3331 957 3643 1029 ἀποστερη-

2069 1053 2225 1122 θῆναί
2262 1070 2392 1106 ποτε
2438 1050 2532 1104 τοῦ
2563 1049 2948 1120 πεπληρῶσθαι
2991 1049 3052 1101 τὸ
3083 1048 3256 1119 στόμα
3284 1067 3383 1119 μου
3411 1049 3513 1119 τῆς
3540 1050 3644 1121 σῆς

2067 1146 2323 1208 αἰνέσεως
2365 1144 2458 1197 καὶ
2501 1143 2598 1213 τῆς
2627 1143 2727 1212 σῆς
2764 1141 3255 1212 μεγαλοπρεπείας.
3289 1142 3350 1192 Ei
3384 1140 3441 1193 δέ
3465 1141 3646 1213 καιρῷ

2065 1255 2170 1290 τινι
2191 1235 2279 1289 διά
2303 1235 2478 1306 γῆρας
2503 1233 2714 1286 ἐκλίποι
2740 1235 2772 1302 ή
2825 1231 2976 1302 ἰσχύς
3000 1249 3122 1302 μου,
3157 1231 3289 1301 μηδέ
3320 1230 3440 1284 τότε
3479 1249 3546 1301 με
3575 1234 3643 1286 σὺ

2066 1326 2466 1396 ἐγκαταλίποις,
2513 1325 2697 1378 Ταῦτα
2731 1324 2828 1395 μέν
2857 1320 2948 1377 οὖν
2983 1323 3210 1394 ἁρμόζοι
3245 1323 3310 1376 ἂν
3337 1323 3518 1391 λέγειν
3547 1325 3642 1378 καὶ

2065 1418 2144 1489 τῷ
2163 1417 2324 1472 Δαυῖδ
2352 1419 2444 1471 καὶ
2488 1417 2648 1470 παντὶ
2690 1415 2960 1486 ἀνθρώπῳ
3001 1413 3239 1482 θεοφιλεῖ
3265 1415 3324 1467 ἐν
3353 1417 3473 1477 ταῖς
3504 1414 3644 1487 πρὸς

2063 1510 2152 1562 τὸν
2185 1509 2316 1563 Θεὸν
2358 1509 2678 1580 ἱκετηρίαις.
2728 1507 2849 1559 Ἐπὶ
2872 1505 2928 1558 δὲ
2957 1504 3052 1558 τοῦ
3069 1506 3318 1575 Σωτῆρος
3348 1506 3643 1576 ἐπίστησον

2063 1602 2208 1665 ὅπως
2233 1604 2445 1673 εἴρηται
2489 1600 2568 1671 τῷ
2613 1598 2916 1669 Ἀποστόλῳ
2943 1597 3022 1663 τὸ,
3057 1617 3075 1648 ι
3119 1596 3462 1668 Ἑσταυρώθη
3499 1597 3554 1650 δέ
3577 1597 3638 1662 ἐξ

2062 1693 2367 1756 ἀσθενείας,
2400 1691 2534 1746 ἀλλά
2561 1691 2626 1762 ζῇ
2658 1693 2722 1743 ἐκ
2751 1691 3032 1761 δυνάμεως
3057 1689 3214 1744 Θεοῦ.
3252 1709 3270 1740 ι
3309 1690 3370 1742 Ei
3401 1689 3510 1762 γὰρ
3539 1691 3634 1743 καὶ

2062 1784 2120 1852 ἐξ
2168 1784 2452 1847 ἀσθενείας
2507 1781 2845 1854 ἐσταυρώθη,
2889 1781 3003 1835 ἀλλ’
3031 1780 3146 1834 οὔτι
3179 1799 3243 1849 γε
3277 1782 3514 1851 νικηθεὶς
3543 1782 3633 1850 ὑφ’

388 1881 475 1934 his
495 1880 713 1936 verbis:
745 1899 775 1931 η(
815 1878 984 1935 Nemo
1014 1879 1156 1934 tollit
1184 1880 1421 1931 animam
1447 1891 1622 1930 meam
1655 1891 1685 1928 a
1715 1890 1835 1928 me:
1862 1873 1956 1928 sed

2061 1876 2281 1946 ἐτέρων,
2313 1875 2474 1937 αὐτὸς
2499 1874 2555 1927 δὲ
2594 1873 2784 1927 ἐαυτὸν
2805 1872 3004 1942 ἀσθενῆ
3037 1873 3288 1942 ποιήσας,
3324 1873 3419 1925 καὶ
3447 1871 3636 1925 ἐαυτὸν

386 1985 486 2040 ego
512 1985 654 2040 pono
687 1984 808 2024 eam
843 1985 873 2022 a
905 1969 1133 2038 meipso.
1159 1967 1493 2022 Potestatem
1522 1966 1698 2021 habeo
1722 1965 1957 2035 ponendi

384 2077 526 2127 eam,
545 2069 598 2116 et
621 2068 944 2131 potestatem
967 2061 1141 2114 habeo
1162 2057 1464 2128 recipiendi
1485 2072 1606 2114 eam
1621 2058 1688 2112 ⁸⁸.
1719 2076 1737 2108 ι
1759 2056 1960 2123 Quem-

386 2152 680 2206 admodum
736 2152 903 2222 igitur
958 2150 1268 2204 humiliavit
1317 2149 1692 2218 semetipsum,
1726 2147 1959 2203 formam

386 2243 531 2295 servi
562 2241 878 2310 accipiens;
915 2242 997 2294 sic
1030 2254 1151 2295 sese
1191 2238 1470 2293 inﬁrmum
1525 2238 1725 2302 eﬁ'ecit,
1790 2245 1849 2293 ut
1893 2237 1961 2292 ab

387 2331 703 2388 hominibus
732 2331 1084 2401 capiposset,
1123 2338 1290 2401 utque
1311 2346 1529 2386 crucem
1559 2331 1789 2396 subiret,
1829 2350 1848 2381 ι
1879 2330 1960 2384 fa-

385 2431 509 2480 ctus
535 2422 796 2478 obediens
825 2442 844 2474 ›
874 2421 1025 2475 Patri
1063 2442 1080 2474 ι
1117 2439 1294 2493 usque
1327 2424 1393 2478 ad
1440 2433 1692 2488 mortem,
1728 2433 1960 2479 mortem

385 2524 568 2570 autem
599 2514 784 2569 crucis
807 2513 875 2567 9°.
918 2532 936 2565 ι
967 2512 1156 2578 ,ρυπθ
1184 2513 1281 2580 ait;
1330 2534 1348 2567 ι
1390 2515 1527 2570 Cum
1562 2515 1822 2570 defecerit
1847 2517 1960 2571 vir-

385 2617 476 2662 tus
508 2621 649 2671 mea,
683 2621 752 2661 ne
772 2605 1126 2676 derelinquas
1159 2622 1265 2662 me.
1298 2627 1318 2658 ›
1355 2606 1563 2662 Deinde
1593 2623 1714 2662 cum
1747 2608 1960 2678 passio-

383 2714 508 2752 nem
541 2703 922 2762 memorasset,
955 2695 1230 2765 passionis
1279 2703 1565 2751 auctorum
1625 2698 1956 2751 mentionem

382 2788 515 2843 facit
544 2787 735 2843 dicens
767 2805 780 2841 :
819 2806 837 2837 ι
883 2787 1020 2853 Quia
1056 2787 1313 2841 dixerunt
1343 2788 1552 2842 inimici
1583 2789 1688 2843 mei
1720 2789 1875 2851 mibi,
1905 2797 1959 2844 et

382 2881 476 2950 qui
500 2879 1154 2934 custodiebantanimam
1200 2893 1408 2945 meam;
1458 2899 1476 2932 ι
1507 2880 1622 2936 sive
1656 2881 1958 2936 secundum

385 2971 794 3043 Symmachum,
836 2987 854 3020 ι
893 2969 959 3022 Et
983 2969 1080 3039 qui
1109 2970 1478 3025 observabant
1499 2972 1735 3026 animam
1759 2988 1956 3039 meam,

384 3063 684 3118 consilium
711 3061 953 3116 inierunt
985 3061 1149 3116 simul
1181 3061 1428 3116 dicentes
1448 3102 1463 3128 ,
1497 3061 1640 3118 Deus
1670 3063 1961 3133 dereliquit

381 3171 536 3221 eun;
581 3152 972 3223 persequimini
1017 3159 1070 3206 et
1123 3152 1567 3222 comprehendite
1626 3169 1790 3220 eum,
1829 3155 1958 3223 quia

380 3261 491 3302 non
517 3253 602 3300 est
633 3245 727 3315 qui
758 3243 976 3313 eripiat.
1010 3263 1028 3293 ι
1067 3242 1191 3298 Haec
1233 3243 1436 3314 quippe
1465 3242 1722 3298 dicebant
1747 3246 1954 3314 princi—
1979 3285 2021 3343 ϐ

380 3353 480 3409 ,σεε
512 3336 858 3391 sacerdotum
889 3342 942 3390 et
972 3335 1065 3405 qui
1105 3350 1227 3389 cum
1263 3335 1331 3389 iis
1378 3342 1557 3399 erant,
1595 3335 1649 3388 in
1704 3343 1951 3406 tempore

379 3429 658 3501 passionis
694 3437 977 3483 moventes
1003 3427 1184 3498 capita
1218 3441 1319 3482 sua
1373 3434 1428 3482 et
1481 3427 1563 3482 sic
1611 3427 1899 3498 loquentes
1933 3447 1948 3483 :

383 3540 404 3573 ι
438 3521 542 3588 Qui
571 3520 806 3576 destruit
834 3519 1098 3588 templum
1133 3529 1187 3574 et
1219 3519 1276 3572 in
1307 3518 1486 3572 tribus
1517 3516 1711 3574 diebus
1745 3521 1954 3576 excitat

378 3613 534 3678 illud,
561 3613 698 3668 alios
725 3612 907 3667 salvos
930 3609 1080 3675 fecit,
1117 3611 1358 3680 seipsum
1395 3626 1506 3665 non
1537 3619 1715 3681 potest
1740 3613 1950 3668 salvum

381 3707 582 3762 facere.
620 3703 678 3758 Si
703 3719 798 3758 rex
833 3703 998 3758 Israel
1033 3711 1138 3768 est,
1167 3702 1465 3758 descendat
1492 3716 1640 3759 nunc
1659 3704 1728 3760 de
1757 3720 1944 3771 cruce.

379 3805 434 3852 et
459 3796 746 3850 credemus
773 3796 823 3849 ei
850 3796 916 3847 ⁹¹.
967 3814 984 3845 ›

2061 1969 2334 2040 παραδοὺς
2352 1967 2661 2037 ὑποχείριον
2701 1963 3006 2036 ἀνθρώποις
3029 1981 3042 1994 ’
3079 1965 3107 2017 ὃ
3138 1964 3202 2034 δὴ
3247 1963 3489 2017 διδάσκει
3535 1963 3640 2032 φά-

2061 2077 2205 2114 σκων
2223 2076 2235 2088 ·
2265 2079 2282 2109 ι
2313 2058 2502 2120 Οὐδεὶς
2548 2057 2689 2128 αἴρει
2733 2055 2830 2126 τὴν
2857 2055 3032 2126 ψυχήν
3062 2072 3160 2124 μου
3189 2054 3282 2107 ἀπ’
3311 2053 3447 2124 ἐμοῦ
3468 2071 3481 2084 ·
3523 2055 3638 2108 ἀλλ’

2060 2149 2169 2220 ἐγὼ
2188 2148 2376 2220 τίθημι
2409 2148 2578 2219 αὐτὴν
2611 2149 2706 2201 ἀπ’
2729 2146 2985 2218 ἐμαυτοῦ.
3031 2145 3305 2212 Ἐξουσίαν
3327 2145 3437 2216 ἔχω
3467 2146 3637 2199 θεῖναι

2060 2242 2250 2314 αὐτὴν,
2283 2241 2375 2296 καί¹
2405 2241 2650 2305 ἐξουσίαν
2676 2239 2783 2310 ἔχω
2816 2237 2998 2291 λαϐεῖν
3031 2239 3222 2309 αὑτήν.
3261 2257 3279 2290 ι
3311 2239 3521 2312 ’Ὠσπερ
3543 2234 3642 2292 οὖν

2060 2335 2325 2388 ἐκένωσεν
2356 2334 2517 2396 αὐτὸς
2550 2332 2737 2386 ἐαυτὸν
2769 2331 2982 2402 μορφὴν
3015 2330 3202 2384 δούλου
3235 2330 3436 2394 λαϐὼν,
3464 2331 3642 2394 οὕτως

2059 2425 2257 2494 ἀσθενῆ
2285 2418 2484 2478 ἐαυτὸν
2522 2424 2833 2495 εἰργάσατο,
2878 2424 3026 2486 ὅπως
3057 2423 3260 2486 ἀλωτὸς
3296 2423 3518 2493 γένηται
3553 2422 3642 2476 ἀν-

2059 2516 2316 2588 θρώποις,
2341 2518 2433 2570 καὶ
2469 2518 2553 2569 ἵνα
2589 2516 2820 2586 σταυρὸν
2843 2515 3089 2585 ὑπομένῃ
3130 2535 3149 2566 ι
3191 2515 3432 2585 ὑπήκοος
3461 2513 3638 2582 γιγνόο

2063 2627 2222 2680 μενος
2267 2629 2286 2661 ι
2323 2608 2401 2680 τῷ
2455 2609 2630 2680 Πατρὶ
2662 2627 2679 2658 ι
2729 2607 2888 2679 μέχρι
2942 2605 3192 2669 θανάτου,
3253 2606 3348 2659 καὶ
3405 2606 3635 2660 θανάτου

2061 2700 2314 2773 σταυροῦ.
2350 2719 2368 2752 ι
2404 2699 2494 2752 Διό
2541 2715 2703 2768 φησιν
2724 2715 2738 2729 ’
2779 2719 2797 2750 ‹
2848 2699 2936 2752 Ἐν
2965 2697 3041 2768 τῷ
3065 2697 3335 2750 ἐκλείπειν
3356 2697 3454 2766 τὴν
3484 2697 3638 2768 ἰσχύν

2062 2810 2164 2864 μου
2196 2793 2270 2864 μὴ
2311 2790 2682 2861 ἐγκαταλίπῃς
2729 2808 2817 2862 με.
2855 2809 2874 2842 ›
2912 2786 3044 2844 Εἶτα
3073 2789 3257 2861 ἐπειδὴ
3296 2788 3389 2842 τοῦ
3431 2789 3639 2853 πάθους

2059 2885 2252 2938 ἐαυτοῦ
2278 2885 2649 2954 ἐμνημόνευσε
2684 2885 2779 2937 καὶ
2807 2883 2915 2936 τῶν
2941 2883 3001 2935 τὸ
3034 2881 3204 2945 πάθος
3246 2882 3638 2954 ἐργασαμένων

2058 2976 2364 3038 ἀκολούθως
2417 2979 2646 3029 ποιεῖται
2697 2977 2917 3046 μνήμην
2964 2975 3168 3042 λέγων’
3202 2994 3219 3025 ι
3257 2975 3376 3028 Ὅτι
3406 2971 3562 3027 εἶπαν
3584 2975 3634 3027 oi

2058 3069 2242 3141 ἐχθροί
2263 3087 2362 3139 μου
2392 3069 2535 3138 ἐμοὶ,
2560 3068 2656 3120 καὶ
2676 3069 2725 3120 οἱ
2743 3066 3107 3136 φυλάσσοντες
3131 3067 3231 3138 τὴν
3255 3065 3433 3138 ψυχήν
3459 3082 3560 3138 μου
3581 3082 3628 3117 ⁸»

2057 3162 2091 3231 ἢ
2123 3159 2263 3214 κατά
2317 3160 2408 3213 τὸν
2443 3159 2756 3230 Σύμμαχον,
2804 3177 2822 3209 ι
2871 3158 2980 3211 Καὶ
3013 3159 3061 3210 οἱ
3105 3158 3494 3229 ἐπιτηροῦντες
3533 3157 3638 3228 τὴν

2053 3251 2229 3323 ψυχήν
2256 3269 2358 3322 μου
2413 3249 2800 3302 ἐϐουλεύσαντο
2835 3250 2928 3302 ἐπὶ
2967 3249 3026 3302 τὸ
3068 3249 3200 3302 αὐτὸ
3246 3249 3529 3317 λέγοντεςο
3574 3250 3638 3302 ὐ

2055 3341 2188 3404 Θεὸς
2225 3340 2579 3408 ἐγκατέλιπεν
2613 3339 2805 3394 αὐτόν’
2850 3328 3216 3406 καταδιώξατε
3260 3340 3354 3393 καὶ
3401 3339 3638 3394 καταλά-

2056 3431 2179 3484 ϐετε
2203 3431 2384 3495 αὑτὸν,
2409 3432 2492 3484 δτι
2540 3432 2641 3485 οὐκ
2683 3431 2829 3484 ἐστιν
2868 3432 2896 3484 ό
2931 3431 3208 3500 ῥυόμενος.
3253 3450 3270 3482 ι
3311 3431 3497 3484 Ταῦτα
3527 3431 3635 3504 γὰρ

2056 3523 2242 3593 ελεγον
2287 3525 2336 3576 οἱ
2378 3525 2653 3595 ἀρχιερεῖς
2685 3523 2780 3577 καὶ
2803 3523 2852 3574 οἱ
2889 3524 2983 3576 σὺν
3017 3523 3196 3586 αὑτοῖς
3227 3522 3368 3576 κατά
3398 3523 3490 3576 τὸν
3516 3541 3635 3577 και-

2060 3616 2150 3686 ρὸν
2179 3614 2274 3668 τοῦ
2331 3614 2556 3682 πάθους,
2607 3614 2884 3676 κινοῦντες
2913 3614 3091 3667 αὐτῶν
3131 3613 3231 3677 τάς
3268 3614 3507 3684 κεφαλὰς
3541 3616 3636 3669 καὶ

2054 3706 2335 3775 λέγοντες·
2380 3726 2398 3758 ι
2445 3707 2505 3760 Ὀ
2557 3705 2842 3760 καταλύων
2899 3706 2988 3759 τὸν
3037 3705 3162 3759 ναὸν
3221 3707 3315 3758 καὶ
3342 3708 3400 3758 ἐν
3456 3707 3633 3778 τρισὶν

2055 3798 2292 3870 ἡμέραις
2351 3797 2579 3868 ἐγείρων
2637 3796 2820 3859 αὑτὸν,
2865 3795 3056 3858 ἀλλους
3093 3794 3315 3858 ἔσωσεν,
3351 3797 3539 3849 ἐαυτὸν
3573 3796 3635 3848 οὐ

376 3886 594 3941 δύναται
623 3887 812 3941 σῶσαι.
856 3887 918 3940 Εἰ
984 3885 1232 3956 βασιλεύς
1263 3888 1379 3940 ἐστι
1429 3887 1521 3940 τοῦ
1569 3887 1782 3962 Ἰσραὴλ
1803 3929 1817 3954 ,
1860 3888 2151 3944 καταϐάτω
2186 3889 2280 3944 νῦν
2310 3888 2416 3942 ἀπὸ
2438 3888 2530 3941 τοῦ
2565 3888 2796 3960 σταυροῦ
2822 3928 2836 3952 ,
2887 3887 2982 3942 καὶ
3011 3887 3375 3960 πιστεύσομεν
3400 3889 3568 3960 αύτῷ.
3608 3909 3627 3939 ι

448 4002 614 4056 Vsus.
654 4001 837 4056 12-16.
878 4019 896 4052 ι
959 3999 1125 4064 Deus,
1159 4017 1226 4056 ne
1263 4003 1536 4070 elongeris
1579 4017 1610 4055 a
1657 4018 1764 4068 me,
1804 4003 1947 4059 Deus

376 4094 432 4148 in
463 4092 728 4148 auxilium
789 4108 968 4147 meum
1020 4092 1255 4161 reSpice.
1295 4112 1315 4143 ι
1356 4092 1566 4146 Inimici
1619 4093 1728 4148 mei
1779 4108 1947 4164 supra

377 4185 666 4240 memorati
709 4183 988 4248 dicebant,
1024 4203 1041 4234 ι
1077 4183 1223 4238 Deus
1250 4183 1540 4254 dereliquit
1573 4199 1696 4238 eum
1735 4204 1748 4238 :
1787 4205 1810 4236 ο
1845 4201 1946 4255 ego

377 4286 559 4331 autem
588 4263 1130 4346 rogoideprecorque
1160 4282 1214 4330 te
1260 4273 1430 4328 Deum
1466 4290 1669 4337 meum,
1700 4283 1760 4329 ut
1795 4275 1946 4332 adsis

374 4364 590 4436 semper
640 4367 794 4430 mihi,
833 4382 1010 4436 neque
1039 4366 1232 4435 procul
1264 4382 1294 4418 a
1347 4380 1433 4419 me
1465 4365 1711 4430 recedas,
1747 4367 1841 4420 sed
1878 4368 1946 4422 ad

373 4459 636 4513 auxilium
671 4472 851 4512 meum
881 4457 1168 4527 respicias.
1192 4456 1268 4511 Te
1293 4457 1494 4527 quippe
1520 4457 1826 4527 adjutorem
1850 4473 1948 4511 na-

2131 4023 2148 4055 ι
2197 4005 2257 4057 '0
2278 4003 2429 4068 Θεὸς,
2458 4003 2532 4075 μή
2560 4003 2840 4074 μακρύνῃς
2867 4003 2961 4055 ἀπ’
2984 4001 3118 4072 ἐμοῦ
3138 4017 3152 4032 ο
3181 4004 3210 4053 ό
3237 4001 3390 4065 Θεὸς,
3425 4004 3503 4065 είς
3531 4001 3631 4074 τὴν

2056 4096 2302 4168 βοήθειάν
2339 4113 2441 4166 μου
2469 4096 2722 4167 πρόσχες.
2751 4116 2768 4147 ι
2799 4097 2861 4148 Oi
2904 4094 3000 4164 μὲν
3040 4092 3426 4164 προλεχθέντες
3447 4091 3630 4164 ἐχθροί

2057 4205 2158 4259 μου
2206 4188 2418 4256 ἐλεγοψ
2467 4207 2485 4240 ι
2531 4189 2588 4242 'O
2637 4189 2768 4252 Θεὸς
2820 4188 3174 4257 ἐγκατέλιπεν
3222 4187 3417 4241 αὐτόν·
3461 4206 3478 4238 ι
3522 4185 3632 4254 ἐγὼ

2053 4279 2110 4331 δέ
2138 4278 2399 4332 ἀντιϐολῶ
2427 4278 2521 4332 καὶ
2566 4279 2756 4349 δέομαί
2787 4296 2846 4332 σε
2887 4279 2978 4331 τὸν
3009 4277 3246 4349 ἐμαυτοῦ
3279 4277 3410 4333 Θεὸν
3444 4279 3632 4349 παρεῖ-

2054 4372 2142 4424 ναί
2205 4390 2294 4443 μοι
2351 4371 2664 4436 διαπαντὸς,
2730 4373 2864 4444 μηδέ
2923 4373 3138 4444 μακράν
3191 4390 3292 4442 μου
3351 4370 3628 4432 ἵστασθαι,

2056 4464 2342 4535 προσέχειν
2375 4464 2430 4517 δὲ
2480 4465 2560 4528 είς
2592 4464 2690 4534 τὴν
2733 4463 2986 4534 βοήθειάν
3031 4481 3152 4535 μου.
3195 4465 3263 4517 Σὲ
3297 4463 3405 4535 γὰρ
3441 4463 3630 4534 βοηθὸν

373 4558 519 4613 ctus,
546 4549 715 4620 probe
756 4549 871 4604 scio
913 4563 1000 4604 me
1031 4563 1223 4602 omnes
1253 4548 1510 4602 inimicos
1555 4564 1706 4603 meos
1737 4549 1944 4617 pudore

2059 4555 2345 4625 κτώμενος,
2375 4552 2470 4609 οἷδ’
2506 4557 2588 4608 ὅτι
2629 4555 2831 4626 ὄψομαι
2869 4556 3392 4627 καταισχυνομένους
3426 4555 3631 4620 πάντας

372 4641 614 4698 suﬁ‘usos
657 4641 902 4696 visurum
955 4655 1098 4694 esse.
1135 4639 1270 4693 lllud
1302 4647 1506 4704 autem,
1542 4658 1559 4690 ι
1607 4638 1952 4694 confundan-

373 4743 484 4798 tur,
524 4753 544 4787 ι
570 4749 668 4803 pro
695 4742 960 4788 consueto
984 4732 1040 4787 in
1063 4732 1249 4786 divina
1280 4730 1566 4800 Scriptura
1590 4746 1765 4795 more,
1801 4748 1948 4786 nunc

371 4842 592 4897 quoque
645 4842 744 4897 pro
791 4844 809 4876 ι
871 4823 1280 4880 confundentur
1333 4843 1351 4875 ι
1389 4823 1600 4878 dictum
1649 4830 1769 4888 est;
1816 4823 1947 4878 illud

373 4920 528 4982 item,
567 4936 585 4968 ι
643 4925 696 4972 et
728 4916 1005 4981 deﬁciant,
1051 4936 1070 4967 ι
1105 4931 1204 4986 pro
1251 4935 1267 4966 ι
1310 4913 1564 4971 deﬁcient
1594 4913 1946 4972 detrahentes

372 5011 567 5065 animae
595 5025 749 5072 meae,
792 5029 810 5062 ι
857 5009 1094 5078 positum
1125 5016 1250 5072 est;
1306 5005 1421 5061 sive
1452 5005 1751 5060 secundum
1790 5005 1946 5078 Sym-

370 5103 651 5164 machum,
694 5120 712 5151 (
751 5099 1053 5155 adversarii
1084 5101 1279 5153 animae
1299 5113 1450 5152 meae.
1489 5118 1507 5149 δ
1541 5099 1826 5165 Quomodo
1846 5115 1946 5154 au-

373 5203 484 5250 tem
517 5195 726 5266 pudore
761 5194 957 5250 suﬁusi
997 5192 1300 5248 defecerint
1327 5193 1422 5262 qui
1455 5207 1642 5247 necem
1673 5193 1795 5260 ejus
1828 5207 1944 5247 mo-

373 5287 454 5340 liti
486 5296 637 5352 sunt,
673 5302 781 5341 non
817 5288 980 5357 longo
1015 5286 1174 5340 nobis
1199 5299 1453 5340 sermone
1480 5284 1788 5354 disquirere
1807 5299 1947 5353 opus

371 5388 457 5434 est
487 5399 500 5434 :
533 5396 656 5433 nam
687 5396 753 5434 ex
779 5395 846 5434 eo
876 5387 1120 5450 tempore
1149 5378 1404 5449 princeps
1427 5377 1774 5432 sacerdotum
1802 5375 1945 5446 apud

374 5488 470 5526 eos
502 5474 722 5542 penitus
769 5472 988 5536 defecit,
1036 5471 1438 5526 Pharisworum
1475 5486 1606 5526 vero
1640 5486 1710 5524 ne
1746 5486 1944 5524 nomen

374 5563 590 5632 quidem
626 5574 896 5632 superest,
945 5578 1123 5632 neque
1171 5562 1434 5617 memoria
1473 5562 1580 5615 ulla
1617 5561 1943 5630 dignitatum

2055 4665 2154 4717 μου
2184 4645 2310 4709 τοὺς
2357 4646 2605 4718 ἐχθρούς.
2653 4647 2726 4700 Τὸ
2767 4647 2844 4712 δὲ,
2887 4667 2906 4699 ι
2942 4646 3408 4719 αἰσχυνθήτωσαν,
3453 4666 3473 4700 ι
3509 4665 3633 4701 συν-

2051 4739 2195 4810 ήθως
2217 4743 2284 4811 τῇ
2309 4739 2428 4810 θείᾳ
2448 4739 2636 4812 Γραφῇ
2673 4739 2768 4792 καὶ
2802 4738 2899 4792 νῦν
2930 4739 3050 4792 ἀντὶ
3081 4737 3198 4803 τοῦ,
3219 4736 3631 4808 ιαίσχυνθήσον-

2049 4848 2139 4885 ται
2174 4851 2191 4882 ι
2224 4833 2472 4903 εἴρηται·
2523 4833 2616 4884 καὶ⁹
2646 4832 2726 4895 τὸ,
2771 4850 2789 4882 ι
2841 4830 3262 4892 ἐκλειπέτωσαν,
3300 4851 3318 4883 ι
3352 4831 3472 4884 ἀντὶ
3511 4830 3628 4892 τοῦ,

2060 4941 2076 4973 ι
2117 4921 2454 4992 ἐκλείψουσιν
2479 4923 2529 4975 οἱ
2564 4922 2996 4986 ἐνδιαϐάλλοντες
3024 4923 3122 4996 τήν
3150 4922 3331 4994 ψυχήν
3365 4938 3465 4992 μου
3490 4938 3503 4951 ·
3539 4941 3557 4973 ι
3592 4920 3627 4992 ἢ

2053 5011 2194 5066 κατὰ
2213 5012 2303 5065 τὸν
2331 5012 2645 5084 Σύμμαχον,
2676 5032 2694 5063 ι
2717 5015 2766 5066 oi
2787 5013 3151 5084 ἀντικείμενοι
3190 5015 3255 5084 τῇ
3288 5013 3432 5084 ψυχῇ
3468 5029 3623 5082 μου.»

2056 5103 2240 5166 Ὅπως
2260 5103 2315 5156 δέ
2341 5102 2718 5158 ἐκλελοίπασιν
2749 5103 3012 5176 αίσχύνην
3038 5105 3436 5175 καταχεάμενοι
3468 5104 3516 5156 οἱ
3538 5103 3630 5156 τὸν

2052 5191 2278 5248 θάνατον
2322 5193 2468 5264 αὐτῷ
2506 5195 2892 5266 τυρεύσαντες,
2928 5196 2990 5248 οὐ
3030 5194 3254 5266 μακρῶν
3275 5198 3404 5267 ἡμῖν
3433 5195 3516 5248 δεῖ
3539 5194 3627 5248 λό-

2049 5300 2161 5351 γων
2182 5303 2194 5314 ·
2231 5286 2390 5338 ὁπότε
2418 5285 2476 5351 ἐξ
2501 5286 2708 5338 ἐκείνου
2737 5285 3014 5340 ἐκλέλοιπε
3042 5288 3149 5350 πᾶς
3179 5286 3470 5358 ἀρχιερεὺς
3496 5288 3628 5357 παρ’

2050 5377 2252 5441 αὐτοῖς,
2277 5378 2587 5448 Φαρισαίων
2629 5379 2684 5430 δὲ
2727 5379 2848 5431 οὺδέ
2891 5379 3062 5448 ὄνομα
3090 5377 3170 5430 ἔτι
3209 5377 3474 5440 λείπεται,
3509 5376 3629 5429 οὐδὲ

2055 5473 2241 5541 μνήμη
2285 5469 2396 5523 τῶν
2440 5472 2570 5541 παρ’
2603 5471 2785 5534 αὐτοῖς
2803 5470 3147 5542 ἀξιωμάτων.
3202 5470 3475 5534 Ἐξέλιπον
3519 5467 3630 5539 γὰρ

2051 5564 2310 5633 ἄρχοντες
2338 5562 2398 5626 ἐξ
2437 5561 2607 5615 ἰούδα
2646 5565 2739 5617 καὶ
2767 5564 3058 5636 ἡγούμενοι
3091 5567 3153 5618 ἐκ
3180 5564 3284 5616 τῶν
3316 5562 3506 5636 μηρῶν
3531 5560 3632 5617 αὺ-

453 5760 494 5818 ll
534 5761 658 5814 Cur.
696 5772 815 5823 xui,
844 5758 895 5812 4.
973 5759 1012 5789 ⁸³
1059 5757 1210 5816 loan.
1258 5775 1310 5826 κ,
1351 5759 1428 5812 l8.
1505 5758 1774 5831 ’°_Pbilip.
1813 5775 1872 5825 ll,
1908 5759 1956 5816 8.

2067 5761 2077 5790 '
2108 5757 2298 5813 Matth.
2334 5774 2502 5822 xxvii,
2533 5759 2601 5814 40
