4056 6372
386 408 482 466 781

1514 409 2018 467 COMMENTABIA
2058 409 2122 465 IN
2161 408 2499 465 PSALMOS.
3527 413 3627 468 782

381 526 500 591 τοῦ,
537 527 638 598 τῆς
669 527 990 600 προσδοκίας
1016 527 1124 582 τῶν
1157 528 1322 581 ἐθνῶν
1359 531 1658 601 ἐπιστάσης
1689 530 1831 583 κατὰ
1858 531 1956 599 τὴν

2069 544 2268 584 eorum.
2301 527 2625 582 Defecerunt
2653 526 2855 598 quippe
2882 527 3158 598 principes
3189 543 3255 583 ex
3286 527 3427 584 Juda
3457 538 3512 584 et
3526 533 3630 586 dn-

385 616 545 670 τοῦτο
600 617 957 680 θεσπίζουσαν
993 618 1348 688 προφητείαν.
1374 619 1484 672 Kal.
1527 618 1649 670 οὔτε
1697 617 1955 687 βασιλεῖς,

385 707 507 761 οὔτε
535 709 816 779 ἡγεμόνες,
844 707 968 761 οὔτε
991 709 1131 772 τινὲς
1151 710 1280 780 παρ’
1301 711 1483 774 αὐτοῖς
1514 710 1768 763 δυνάσται
1799 713 1956 789 εἰσὶν,

387 801 505 855 ούδὲ
538 819 588 853 τι
608 800 791 871 τάγμα
828 800 934 852 τῶν
965 801 1130 855 πάλαι
1160 804 1288 872 παρ’
1318 804 1501 864 αὐτοῖς
1535 801 1702 855 ὄντων
1745 801 1960 873 περιλέ-

387 897 626 950 λειπται·
684 898 1166 968 καταισχυνθέντες
1212 899 1268 951 δέ
1321 899 1524 961 πάντες
1585 898 1958 951 ἐκλελοίπασιν

389 993 437 1044 οἰ
465 989 838 1054 διαύάλλοντες
886 992 1048 1043 αὑτοῦ
1086 991 1184 1061 τὴν
1230 991 1428 1061 ψυχήν.
1467 992 1553 1043 Ἑν
1583 990 1742 1059 ὁποίᾳ
1781 991 1837 1042 δέ
1872 993 1957 1043 al-

391 1081 560 1156 σχύνῃ
610 1083 965 1154 τυγχάνουσιν
1013 1084 1178 1136 εἰσέτι
1223 1085 1316 1136 καὶ
1349 1082 1444 1136 νῦν
1470 1083 1518 1135 οἱ
1548 1081 1656 1135 τῶν
1690 1082 1958 1135 Ἰουδαίων

389 1175 716 1246 προεστάναι
773 1173 1150 1246 νομιζόμενοι,
1193 1173 1427 1246 ὁρῶντες
1468 1175 1691 1236 ἑαυτοὺς
1732 1176 1827 1244 μέν
1872 1174 1959 1228 διὰ

391 1267 573 1336 πάσης
608 1265 830 1335 Γραφῆς
867 1265 961 1318 ἐπὶ
989 1263 1452 1334 είδωλολατρείαις
1483 1264 1734 1335 διαὸεόλη
1745 1264 1957 1334 μένους,

389 1359 565 1411 πάντα
592 1358 647 1410 δέ
683 1357 750 1410 τὰ
790 1357 909 1410 καθ’
940 1357 1068 1428 ὅλης
1096 1358 1194 1428 τῆς
1228 1357 1557 1428 οἰκουμένης
1583 1357 1710 1427 ἔθνη
1743 1357 1833 1410 διὰ
1857 1356 1960 1426 τῆς

389 1449 480 1502 τοῦ
514 1447 748 1520 Χριστοῦ
791 1448 1136 1512 διδασκαλίας
1168 1448 1266 1519 τῆς
1310 1448 1787 1520 πατροπαραδότου
1827 1448 1964 1502 πλά-

389 1559 486 1612 νης
515 1540 954 1612 μεταϐεϐληκότα
971 1559 984 1571 ·
1014 1543 1072 1594 ἐν
1090 1536 1170 1605 οἷς
1186 1542 1288 1612 ῆδη
1315 1541 1691 1612 τυγχάνουσιν,
1726 1543 1956 1612 ἐντροπῇ

390 1633 621 1704 ὁρῶντες
653 1634 875 1697 ἑαυτοὺς
911 1635 1007 1704 μὲν
1038 1634 1138 1703 τῆς
1161 1633 1440 1704 βασιλικῆς
1470 1633 1650 1688 αὐτῶν
1686 1633 1958 1705 μητροπό-

391 1727 527 1790 λεως
553 1727 648 1778 καὶ
675 1726 1030 1797 ἀποϐλήτους,
1053 1726 1313 1797 Ἕλληνας
1341 1726 1397 1778 δὲ
1429 1725 1625 1796 ἄνδρας
1655 1724 1960 1792 ἀλλογενεῖς

391 1818 486 1872 καὶ
535 1817 862 1888 ἀλλοφύλους
904 1819 996 1872 τὸν
1041 1820 1202 1872 τόπον
1255 1819 1432 1872 αὐτῶν
1483 1818 1782 1881 οἰκοῦντας,
1818 1816 1960 1870 κατὰ

2059 635 2152 674 ces
2182 635 2247 674 ex
2277 618 2578 674 femoribus
2619 618 2760 688 ejus,
2789 633 2912 673 cum
2947 619 3258 674 advenisset
3289 626 3629 692 exspectatio

2060 711 2300 780 gentium
2333 709 2399 773 ⁹¹,
2420 709 2720 765 secundum
2763 710 3105 780 prophetiam
3156 710 3270 765 haec
3324 712 3630 766 vaticinan-

2059 811 2188 856 tem.
2219 801 2296 856 Ac
2327 817 2504 872 neque
2549 817 2728 872 reges,
2761 818 2940 872 neque
2976 803 3167 868 duces,
3204 819 3383 874 neque
3415 805 3507 858 ulli
3541 819 3632 876 pe.

2060 910 2156 950 nes
2177 911 2271 950 eos
2297 903 2581 966 magnates
2617 903 2765 960 sunt,
2798 911 2909 950 non
2941 896 3076 950 ordo
3115 897 3386 968 quispiam
3415 899 3632 968 prisco-

2061 1004 2181 1042 rum
2208 989 2624 1058 magistratuum
2656 989 2764 1044 illis
2801 999 3082 1060 superstes
3133 999 3254 1057 est;
3309 991 3405 1046 sed
3436 1007 3630 1048 omnes

2060 1077 2152 1148 qui
2175 1078 2537 1133 detrahebant
2572 1078 2768 1132 anima:
2813 1079 2961 1148 ejus,
3021 1079 3240 1135 confusi
3289 1079 3626 1138 defecerunt.

2061 1172 2275 1235 Quanta
2306 1185 2434 1224 vero
2454 1170 2507 1223 in
2537 1169 2867 1225 confusione
2888 1179 3180 1226 versantur
3212 1173 3502 1244 hodieque,
3529 1177 3630 1246 qui

2059 1258 2264 1315 Judaeis
2316 1275 2550 1330 praeesse
2577 1268 2868 1330 putantur,
2924 1261 3174 1318 videntes
3225 1279 3283 1319 se
3333 1267 3534 1334 passim
3573 1267 3628 1322 in

2064 1349 2366 1421 Scripturis
2386 1351 2706 1406 idololatriae
2729 1353 2948 1408 nomine
2977 1357 3250 1424 accusari,
3279 1371 3470 1414 omnes
3502 1374 3632 1413 vero

2061 1459 2158 1514 per
2181 1443 2366 1498 orbem
2397 1451 2585 1515 gentes
2619 1459 2715 1514 per
2745 1445 2952 1500 Christi
2987 1446 3294 1503 doctrinam
3332 1465 3361 1504 a
3403 1459 3632 1521 paterno

2060 1547 2248 1589 errore
2271 1532 2576 1590 descivisse
2611 1551 2712 1590 :ac
2750 1536 2803 1590 in
2831 1537 3032 1606 quibus
3076 1540 3212 1596 locis
3263 1541 3374 1612 jam
3401 1542 3630 1613 degunt,

2061 1640 2160 1680 nec
2189 1625 2310 1680 sine
2328 1625 2659 1682 confusione
2683 1636 2994 1697 cernentes,
3022 1646 3081 1686 se
3096 1631 3320 1702 quidem
3355 1635 3504 1704 regia
3531 1650 3632 1690 sua

2059 1717 2354 1788 metropoli
2375 1726 2636 1776 extrusos
2664 1735 2729 1776 ac
2752 1721 3016 1790 dejectos.
3049 1721 3268 1778 Graecos
3302 1733 3481 1780 autem
3507 1727 3636 1782 alie-

2063 1810 2290 1880 nigenas
2320 1818 2374 1866 et
2407 1819 2700 1870 extraneos
2727 1815 2904 1869 locum
2942 1832 3101 1871 suum
3130 1816 3468 1885 incolentes;
3504 1835 3635 1890 gen-

393 1909 574 1972 πάσας
610 1926 668 1962 τε
700 1909 967 1980 ἐπαρχίας
1007 1909 1100 1962 καὶ
1145 1908 1344 1981 χώρας,
1388 1909 1482 1962 καὶ
1517 1909 1699 1972 πόλεις
1741 1911 1868 1972 τοὺς
1900 1908 1958 1974 ἐξ

2069 1909 2250 1973 tesque
2273 1904 2328 1957 in
2357 1905 2612 1962 omnibus
2642 1908 2966 1978 provinciis,
2992 1909 3311 1981 regionibus
3333 1919 3389 1966 et
3405 1913 3635 1967 urbibus

390 1999 559 2053 ἐθνῶν
582 2001 680 2064 τὰς
705 2000 832 2072 περί
865 1999 958 2052 cui:
989 2000 1238 2072 Σωτῆρος
1271 1999 1613 2072 προφητικὰς
1642 1999 1824 2068 φωνὰς
1863 2016 1963 2069 κη-

392 2092 718 2164 ρύττοντας;
755 2092 996 2163 Αἰσχύνη
1033 2091 1090 2144 δὲ
1127 2091 1341 2163 ἀληθῶς
1386 2091 1480 2144 καί
1516 2091 1749 2162 ἐντροπὴ
1777 2090 1962 2144 κατεί-

386 2186 556 2258 ληφεν
589 2186 766 2240 αὐτῶν
814 2185 913 2250 τὰς
945 2186 1144 2256 ψυχὰς,
1177 2186 1270 2238 τὸν
1300 2184 1426 2255 χθὲς
1444 2185 1512 2238 δι’
1545 2183 1724 2236 αὐτῶν
1745 2181 1964 2255 σταυρῷ

386 2277 761 2349 παραδοθέντα
793 2278 916 2331 καθ’
957 2279 1093 2350 ὅλης,
1122 2280 1222 2350 τῆς
1272 2276 1596 2348 οἰκουμένης
1628 2277 1965 2346 προσκυνού-

390 2386 550 2440 μενον
589 2371 683 2424 καί
717 2349 1134 2441 θεολογούμενδν
1174 2349 1448 2442 δρῶντας·
1485 2368 1522 2424 ἃ.
1563 2368 1628 2440 δὴ
1661 2366 1966 2438 ἐπληροῦτο

387 2461 694 2526 ἀκολούθως
719 2466 784 2534 τῇ
813 2461 954 2533 μετὰ
979 2465 1169 2533 χεῖρας
1209 2463 1510 2534 προρρήσει
1539 2460 1832 2531 λεγούσῃοι
1860 2460 1966 2512 Πε-

392 2554 793 2625 ριϐαλέσθωσαν
827 2553 1086 2624 αἰσχύνην
1119 2553 1215 2606 καὶ
1236 2553 1500 2625 ἐντροπὴν
1525 2555 1574 2606 ot
1592 2552 1881 2624 ζητοῦντες
1898 2552 1967 2605 τὰ

387 2645 536 2698 κακά
567 2662 706 2714 μοι.»
729 2645 838 2696 Kal.
864 2639 1008 2697 οὗτοι
1041 2645 1138 2713 μὲν
1163 2644 1286 2698 τάδε
1316 2645 1612 2698 πείσονταιο
1649 2662 1668 2694 ι
1690 2642 1830 2710 Ἐγὼ
1851 2642 1962 2704 δέ,»

389 2735 485 2787 ὑπ’
518 2735 695 2787 αὐτῶν
711 2734 778 2788 τὰ
806 2735 1040 2788 τοσαῦτα
1059 2735 1360 2800 πεπονθὼς,
1389 2753 1408 2786 ι
1445 2734 1752 2797 διαπαντὸς,
1781 2735 1965 2804 φησὶν,

387 2827 582 2890 ἐλπιῶ,
605 2827 698 2880 καὶ
726 2826 1020 2898 προσθήσω
1043 2827 1140 2881 ἐπὶ
1191 2829 1371 2880 πᾶσαν
1394 2826 1490 2897 τὴν
1531 2825 1734 2880 αῐνεσίν
1789 2843 1904 2879 σου.
1942 2847 1962 2878 ι

401 2915 556 2968 Ἐπεὶ
592 2915 648 2968 δὲ
724 2914 863 2968 κατὰ
916 2914 1124 2978 πάντας
1175 2916 1301 2977 τοὺς
1377 2915 1818 2985 ἑρμηνεύσαντας
1868 2914 1930 2966 τὸ
1950 2952 1966 2977 ,

393 3025 415 3058 ι
447 3007 738 3078 προσθήσω
769 3047 784 3072 ,
827 3026 845 3058 ι
869 3007 1120 3061 λέλεκται
1155 3009 1184 3061 ὅ
1217 3024 1277 3061 τε
1329 3006 1558 3069 Ἀκύλας
1583 3007 1745 3076 φησὶ,
1782 3025 1802 3059 ι
1859 3006 1970 3059 Kal.

387 3100 687 3171 προσθήσω
719 3099 812 3152 ἐπὶ
846 3099 1026 3163 πάσας
1059 3100 1355 3170 ύμνήσειςυ
1400 3118 1420 3152 ι
1452 3100 1547 3152 καὶ
1575 3101 1604 3152 ό
1630 3098 1926 3170 Σύμμαχος
1949 3139 1966 3164 ,

2066 1995 2418 2064 proplicticas
2451 1994 2767 2053 Scrvatoris
2799 2013 2963 2054 voces
2994 2000 3397 2070 praedicantes?
3424 2001 3633 2056 Conlu-

2065 2086 2148 2140 sio
2194 2101 2382 2141 revera
2411 2098 2465 2141 et
2493 2087 2793 2158 ignominia
2827 2089 3040 2146 animas
3075 2107 3266 2146 eorum
3301 2091 3522 2157 invasit,
3554 2092 3635 2146 vi-

2064 2177 2256 2232 dentes
2277 2191 2400 2232 eum
2418 2178 2513 2248 qui
2536 2179 2606 2234 ab
2626 2179 2759 2249 ipsis
2783 2179 3040 2236 hesterna
3067 2181 3155 2237 die
3185 2181 3254 2236 ad
3285 2197 3504 2238 crucem
3521 2191 3638 2238 tra-

2065 2266 2212 2322 ditus
2227 2276 2331 2332 est,
2351 2282 2450 2338 per
2462 2276 2637 2323 totum
2657 2269 2846 2326 orbem
2862 2271 3078 2326 adorari
3091 2271 3373 2343 Deumque
3385 2273 3641 2344 pradica-

2066 2356 2113 2409 ri
2133 2373 2150 2422 ;
2171 2372 2293 2426 quae
2311 2373 2444 2412 sane
2461 2359 2682 2428 impleta
2700 2369 2829 2414 sunt
2849 2371 3248 2434 consequenter
3264 2362 3332 2417 ad
3345 2364 3484 2418 hanc
3500 2379 3641 2434 pm-

2066 2447 2361 2502 dictionem
2381 2449 2459 2504 sic
2477 2449 2769 2506 habentem
2798 2470 2812 2509 :
2844 2459 2871 2505 ἰ
2905 2444 3212 2510 lnduantur
3235 2455 3562 2511 confusione
3587 2465 3642 2511 et

2067 2541 2371 2594 reverentia
2383 2541 2473 2612 qui
2489 2550 2738 2611 quaerunt
2755 2545 2894 2598 mala
2910 2546 3061 2601 mihi.
3076 2545 3170 2600 »Εἰ
3183 2547 3259 2600 illi
3277 2547 3494 2617 quidem
3511 2548 3641 2602 talia

2068 2632 2344 2700 patientur
2362 2648 2380 2685 :
2403 2651 2421 2683 ι
2446 2649 2545 2702 ego
2559 2649 2711 2698 vero,
2739 2655 2757 2688 ι
2783 2637 2883 2700 ait,
2907 2645 2987 2692 tot
3003 2639 3162 2695 malis
3183 2639 3408 2696 affectus
3421 2641 3490 2697 ab
3513 2641 3640 2706 illis.

2073 2743 2092 2776 ι
2116 2740 2332 2795 semper
2361 2728 2614 2796 sperabo,
2651 2734 2706 2782 et
2752 2727 3006 2798 adjiciam
3059 2745 3225 2800 super
3264 2747 3482 2788 omnem
3520 2734 3643 2788 lau-

2067 2816 2190 2872 dem
2225 2825 2428 2873 tuam.»
2472 2817 2610 2873 Cum
2638 2829 2820 2875 autem
2861 2822 2931 2875 ab
2961 2823 3218 2878 omnibus
3253 2823 3642 2895 interpretibus

2073 2926 2093 2962 ι
2114 2909 2366 2980 adjiciam
2398 2928 2417 2962 ι
2439 2911 2674 2976 dicatur,
2697 2919 2751 2968 et.
2768 2911 2962 2983 Aquila
2983 2914 3064 2969 sic
3081 2914 3299 2980 habeat,
3329 2934 3348 2967 ι
3372 2916 3640 2987 Adjiciani

2070 3017 2235 3073 super
2267 3018 2458 3060 omnes
2488 3004 2742 3076 hymnos,
2787 3025 2806 3058 ι
2836 3004 3202 3078 Symmachus
3232 3024 3383 3074 vero,
3415 3029 3434 3062 ι
3453 3009 3519 3064 Et
3549 3011 3645 3064 ad-

2065 3092 2252 3162 jiciam
2288 3093 2541 3166 hymnis;
2568 3114 2587 3148 ι
2626 3095 2748 3150 vide
2777 3110 2911 3150 num
2963 3096 3182 3168 hymnis
3218 3097 3400 3155 Patris
3431 3101 3516 3155 sui
3547 3101 3645 3155 ad-

392 3214 414 3246 ι
463 3192 555 3246 καὶ
589 3191 879 3264 προσθήσω
899 3194 1012 3255 τοῖς
1046 3189 1258 3261 ὕμνοις·
1293 3209 1312 3242 ι
1346 3191 1446 3263 ὅρα
1468 3193 1516 3244 εἰ
1548 3190 1621 3262 μὴ
1651 3189 1965 3262 προσθήκην

2071 3183 2434 3242 ditamentum
2492 3185 2706 3252 fecerit,
2756 3185 2968 3242 Novum
3013 3187 3424 3246 Testamentum
3462 3191 3644 3249 Veteri

388 3287 684 3355 ἐποιήσατο
719 3285 830 3346 τοῖς
861 3282 954 3336 τοῦ
984 3282 1192 3352 Πατρὸς
1222 3280 1429 3352 ὓμνοις,
1457 3281 1554 3353 τὴν
1598 3281 1803 3352 Καινὴν
1852 3284 1965 3334 Δια-

2081 3279 2315 3334 addens.
2353 3278 2541 3350 Neque
2568 3280 2716 3336 enim
2749 3281 2930 3350 priora
2969 3282 3211 3347 sustulit,
3252 3299 3378 3338 cum
3405 3287 3646 3341 secunda

391 3379 566 3450 θήκην
596 3377 730 3447 πρὸς
764 3379 829 3447 τῇ
877 3375 1089 3444 Παλαιᾷ
1122 3373 1414 3446 παραδούς.
1445 3374 1519 3427 Οὐ
1571 3373 1678 3444 γὰρ
1692 3373 1868 3426 ἀνεῖλε
1900 3372 1965 3426 τὰ

2073 3370 2297 3440 adjccit,
2335 3372 2429 3427 sed
2458 3371 2895 3428 additamentum
2925 3372 3127 3429 effecit.
3183 3373 3340 3462 Quod
3381 3377 3544 3431 etiam
3588 3377 3644 3432 in

391 3467 608 3539 πρῶτα,
637 3464 946 3534 εἰσαγαγὼν
977 3465 1046 3518 τὰ
1077 3463 1325 3536 δεύτερα,
1357 3464 1674 3536 προσθήκην
1693 3465 1750 3519 δὲ
1777 3466 1967 3537 ἐποιή-

390 3575 524 3613 σατο
541 3575 554 3588 ’
590 3557 684 3610 καὶ
713 3556 872 3608 τοῦτό
897 3559 1045 3609 ἐστιν
1071 3558 1255 3628 εὑρεῖν
1281 3559 1338 3610 ἐν
1362 3559 1483 3620 ταῖς
1511 3555 1674 3610 αὑτοῦ
1712 3556 1969 3611 διδασκα-

387 3649 552 3711 λίαις,
575 3648 640 3700 δι’
669 3641 743 3700 ὧν
778 3665 940 3715 φησιν
961 3663 974 3675 °
1017 3667 1036 3698 ι
1059 3647 1288 3719 Ἐρρέθη
1318 3651 1431 3711 τοίς
1456 3649 1722 3720 ἀρχαίοις,
1765 3650 1838 3702 Ού
1870 3666 1970 3718 φο-

386 3740 632 3802 νεύσεις·
669 3737 778 3808 ἐγὼ
809 3740 864 3792 δὲ
890 3739 1032 3807 λέγω
1050 3777 1065 3802 ,
1092 3739 1224 3810 μηδέ
1246 3739 1576 3809 ὀργίζεσθαι.
1615 3739 1840 3811 Ἐρρέθη
1859 3743 1971 3803 τοῖς

385 3829 657 3903 ἀρχαίοις,
687 3831 760 3883 Ού
794 3827 1132 3900 μοιχεύσεις⁶
1163 3827 1274 3896 ἐγὼ
1319 3830 1376 3882 δὲ
1400 3829 1561 3898 λέγω,
1605 3831 1740 3900 μηδέ
1784 3830 1972 3883 ἐπιθυ-

389 3927 548 3996 μεῖνο
586 3941 604 3974 ι
643 3923 735 3976 καὶ
768 3923 867 3974 ὅσα
899 3921 1034 3976 ἄλλα
1064 3921 1289 3976 τοιαῦτα
1321 3921 1638 3994 προσθήκην
1664 3921 1854 3992 ἔχοντα
1883 3923 1971 3976 διὰ

384 4017 490 4087 τῆς
517 4014 888 4084 πνευματικῆς
911 4012 1142 4084 θεωρίας
1171 4031 1231 4066 τε
1259 4015 1353 4068 καὶ
1371 4012 1664 4086 ἑρμηνείας
1685 4013 1776 4066 τοῦ
1804 4014 1968 4084 νόμου

384 4108 447 4159 ἐν
478 4108 544 4176 τῇ
584 4104 878 4176 Ἐκκλησία
905 4104 1070 4158 αὑτοῦ
1103 4105 1480 4178 παραδέδοται.
1530 4105 1689 4158 Ἀλλὰ
1730 4107 1824 4159 καὶ
1855 4125 1873 4156 ι
1911 4107 1970 4160 τὸ

385 4197 570 4268 στόμα
633 4214 734 4268 μου
761 4235 776 4260 ,
869 4197 1070 4268 φησὶν,
1130 4199 1418 4266 ἀναγγελεῖ
1482 4198 1581 4268 τὴν
1625 4197 1970 4270 δικαιοσύνην

385 4308 508 4344 σου.
538 4308 555 4340 ι
577 4289 648 4342 Τὸ
687 4289 796 4362 γὰρ
827 4290 1154 4359 Εὐαγγέλιον
1170 4290 1512 4362 δικαιοσύνην
1533 4291 1786 4361 ἐμφαίνει
1812 4291 1967 4352 Θεοῦ,

383 4387 490 4439 οὐκ
506 4383 781 4446 Ἰουδαίοις
814 4383 996 4454 μόνοις
1017 4384 1399 4455 ἀφωρισμένον
1423 4383 1610 4454 ὥσπερ
1635 4385 1664 4436 ό
1689 4383 1776 4437 διὰ
1804 4387 1969 4438 Man”;-

384 4476 533 4536 σέως
559 4473 741 4544 νόμος.
773 4472 866 4526 Διό
895 4490 1058 4542 φησιν
1080 4475 1108 4526 ὁ
1147 4473 1467 4538 Ἀπόστολος
1489 4490 1501 4502 ·
1533 4492 1552 4524 ι
1583 4475 1659 4528 Ού
1689 4473 1798 4544 γὰρ
1813 4475 1970 4528 ἐπαι-

384 4566 658 4637 σχύνομαι
691 4565 752 4616 τὺ
775 4565 1126 4632 Εὑαγγέλιον.
1163 4566 1400 4636 Δύναμις
1426 4565 1532 4638 γὰρ
1557 4565 1691 4620 Θεοῦ
1719 4567 1864 4620 ἐστιν
1891 4569 1970 4632 εἰς

383 4657 667 4728 σωτηρίαν
697 4656 858 4710 παντὶ
886 4656 962 4727 τῷ
988 4657 1321 4723 πιστεύοντι,
1382 4658 1618 4730 Ἰουδαίῳ
1647 4677 1706 4712 τε
1754 4658 1968 4730 πρῶτον

381 4753 482 4805 καὶ
515 4748 757 4820 Ἕλληνι.
797 4750 1123 4819 Δικαιοσύνη
1154 4749 1258 4820 γὰρ
1295 4749 1430 4803 Θεοῦ
1464 4752 1522 4803 ἐν
1567 4749 1718 4821 αὺτῷ
1758 4751 1966 4805 ἀποκα-

380 4841 666 4896 λύπτεται.
723 4859 742 4892 ι
774 4840 866 4894 Διὸ
915 4838 1146 4892 ἐνταῦθα
1181 4838 1424 4894 λέλεκται
1446 4857 1460 4866 ’
1505 4859 1524 4890 ι
1559 4841 1632 4894 Τὸ
1655 4840 1829 4912 στόμα
1868 4858 1966 4910 μου

381 4929 684 5000 ἀναγγελεῖ
713 4929 810 5000 τήν
835 4927 1178 4999 δικαιοσύνην
1209 4945 1324 4994 σου,
1349 4928 1478 5000 ὃλην
1506 4930 1604 5000 τήν
1629 4931 1840 5001 ἡμέραν
1869 4931 1969 5000 τὴν

384 5021 671 5092 σωτηρίαν
698 5038 792 5074 σου
814 5037 827 5050 ·
871 5041 890 5073 ›
927 5021 960 5091 ἢ
989 5020 1127 5074 κατὰ
1157 5020 1245 5073 τὸν
1278 5019 1594 5091 Σύμμαχον,
1639 5039 1658 5072 ι
1693 5020 1834 5074 κατὰ
1873 5023 1972 5075 πᾶν·

383 5133 488 5170 σαν
522 5115 739 5186 ἡμέραν
770 5114 867 5184 τὴν
897 5113 1168 5183 σωτηρίαν
1201 5129 1316 5166 σου.
1359 5131 1379 5164 »
1424 5113 1536 5166 Kal.
1579 5112 1738 5167 τοῦτο
1769 5113 1825 5167 δέ
1858 5116 1973 5166 ἐστι

382 5204 770 5278 πληρούμενον
801 5204 1023 5275 θεωρεῖν
1048 5203 1167 5256 καθ’
1183 5203 1310 5273 ὅλης
1336 5203 1436 5274 τῆς
1461 5204 1782 5274 οἰκουμένης
1806 5222 1820 5236 ο
1855 5206 1912 5256 ἐν

380 5297 446 5351 τὸ
482 5295 664 5363 στόμα
695 5293 787 5347 τοῦ
826 5295 1076 5365 Σωτῆρος
1109 5293 1266 5364 ἡμῶν
1300 5293 1386 5347 διὰ
1416 5293 1523 5346 τῶν
1556 5293 1715 5347 θείων
1742 5295 1974 5364 Γραφῶν

383 5391 559 5442 πᾶσιν
594 5383 900 5456 ἀνθρώποις
933 5387 1019 5456 ἐφ’
1049 5388 1285 5457 ἑκάστης
1327 5387 1539 5459 ἡμέρας
1580 5389 1680 5460 τήν
1706 5389 1772 5441 δι’
1809 5390 1972 5443 αὑτοῦ

383 5474 818 5550 προξενηθεῖσαν
872 5475 1044 5529 ἅπασι
1089 5474 1362 5547 σωτηρίαν
1389 5475 1666 5547 κηρύττει.
1703 5479 1972 5548 Ἐπιλέγει

383 5571 444 5624 δὲ
472 5567 872 5632 τούτοις,‹”οτι
897 5569 998 5622 οὐκ
1015 5568 1184 5636 ἔγνων
1211 5571 1617 5640 γραμματείας.
1650 5589 1669 5623 ι
1692 5572 1802 5635 Τὰς
1824 5572 1971 5636 κλεῖς

381 5661 674 5733 εἰληφότες
708 5663 805 5732 τῆς
833 5661 1130 5730 βασιλείας,
1161 5662 1252 5714 καὶ
1281 5663 1418 5733 μήτε
1459 5663 1611 5716 αὐτοὶ
1652 5664 1968 5735 εἰσερχόμε-

2070 3463 2191 3530 ejus
2231 3463 2481 3518 doctrina
2511 3465 2752 3534 reperire
2793 3473 2898 3530 est,
2954 3466 3044 3520 ubi
3083 3465 3162 3520 ait
3210 3485 3222 3521 :
3263 3486 3282 3518 ι
3307 3467 3519 3523 Dictum
3558 3479 3644 3525 est

2072 3555 2338 3624 antiquis,
2373 3553 2491 3609 Non
2530 3556 2787 3624 occides;
2823 3573 2924 3628 ego
2954 3569 3134 3613 autem
3183 3559 3308 3613 dico
3361 3559 3540 3621 vobis.
3567 3558 3648 3617 Ne

2072 3647 2411 3702 irascamini.
2443 3646 2658 3702 Dictum
2684 3658 2770 3703 est
2799 3651 3062 3721 antiquis,
3090 3650 3209 3707 Non
3241 3653 3644 3724 mmchaberis;

2071 3753 2172 3808 ego
2223 3749 2406 3793 autem
2437 3739 2562 3793 dico
2609 3741 2788 3804 vobis,
2822 3741 2900 3796 Ne
2947 3745 3356 3815 concupiscatis
3377 3747 3480 3812 ’³,ι
3515 3757 3569 3805 et
3598 3752 3643 3806 si

2073 3843 2179 3896 qua
2235 3829 2458 3894 similia,
2509 3845 2632 3898 quae
2688 3832 2962 3900 spirituali
3009 3851 3176 3890 sensu
3225 3846 3281 3892 et
3320 3839 3648 3910 interpreta-

2073 3921 2222 3974 tione
2272 3919 2567 3982 intellecta,
2604 3929 2658 3976 et
2706 3922 3139 3980 additamentum
3191 3928 3297 3998 legi
3331 3929 3643 3994 inferentia.

2073 4012 2127 4065 in
2169 4011 2411 4066 Ecclesia
2467 4013 2588 4083 ejus
2637 4015 2835 4072 tradita
2889 4024 3042 4071 sunt.
3085 4016 3194 4072 Sed
3225 4021 3412 4085 etiam,
3447 4022 3644 4093 inquit.

2078 4118 2095 4149 ι
2118 4114 2181 4154 os
2213 4115 2396 4155 meum
2420 4104 2771 4158 annuntiabit
2789 4103 3060 4174 justitiam
3105 4113 3276 4162 tuam.
3299 4126 3320 4160 ι
3364 4107 3644 4181 Siquidem

2067 4192 2339 4260 justitiam
2374 4193 2467 4249 Dei
2501 4196 2722 4252 exhibet
2747 4196 3121 4266 Evangelium,
3152 4217 3258 4254 non
3281 4200 3485 4259 Iudaeis
3507 4207 3646 4260 dun-

2074 4289 2222 4336 taxat
2253 4282 2608 4349 destinatum,
2639 4293 2699 4340 ut
2726 4289 2812 4342 lex
2840 4304 2938 4357 per
2959 4289 3199 4362 Moysem
3245 4292 3393 4349 data.
3437 4293 3644 4360 Quam-

2073 4375 2261 4430 obrem
2293 4377 2369 4429 ait
2397 4375 2727 4446 Apostolus:
2769 4399 2788 4432 ι
2819 4379 2940 4437 Non
2971 4384 3116 4439 enim
3160 4387 3426 4442 erubesco
3463 4387 3645 4443 Evan-

2073 4469 2296 4537 gelium.
2349 4467 2540 4526 Virtus
2571 4474 2716 4528 enim
2747 4473 2840 4530 Dei
2865 4485 2952 4531 est
2990 4477 3047 4532 in
3082 4479 3312 4535 salutem
3343 4483 3492 4537 omni
3520 4499 3644 4538 cre-

2073 4561 2244 4623 dcnti,
2281 4560 2469 4617 Judzeo
2500 4565 2736 4633 primum
2766 4575 2820 4622 ct
2841 4565 3056 4630 Graaco.
3110 4569 3332 4626 Justitia
3359 4575 3506 4628 enim
3551 4574 3646 4631 Dei

2076 4652 2130 4706 in
2163 4667 2230 4708 eo
2260 4655 2531 4710 revelatur
2569 4657 2669 4710 ⁸⁸.»
2689 4657 2900 4715 Idcirco
2920 4661 3012 4716 hic
3039 4662 3280 4719 dicitur:
3315 4684 3333 4716 ι
3358 4663 3432 4720 Os
3467 4682 3646 4722 meum

2077 4746 2421 4801 annuntiabit
2435 4747 2708 4818 justitiam
2727 4763 2897 4816 tuam,
2918 4762 3031 4807 tota
3055 4754 3143 4810 die
3168 4756 3400 4811 salutem
3425 4768 3571 4814 tuam
3595 4779 3643 4826 ;›

2078 4837 2194 4890 sive
2241 4839 2545 4894 secundum
2596 4841 3009 4910 Symmachum,
3065 4863 3084 4897 ι
3113 4843 3220 4899 Per
3253 4861 3474 4903 omnem
3505 4850 3647 4905 diem

2081 4928 2314 4982 salutem
2352 4938 2564 4986 tuam.»
2609 4930 2778 5003 quue
2809 4950 2904 5004 per
2939 4945 3111 4989 totum
3141 4937 3331 4992 orbem
3365 4939 3646 5011 impletum

2079 5018 2263 5073 videre
2315 5033 2441 5076 est:
2485 5020 2541 5075 in
2588 5039 2698 5093 quo
2728 5041 2793 5080 os
2827 5024 3127 5080 Salvator-is
3161 5029 3336 5084 nostri
3369 5047 3464 5100 per
3507 5033 3648 5088 divi-

2078 5124 2179 5164 nas
2242 5109 2562 5182 Scripturas
2595 5116 2854 5170 omnibus
2885 5117 3200 5173 hominibus
3227 5122 3472 5191 quotidie
3500 5125 3646 5178 salu-

2079 5208 2186 5254 tem
2217 5203 2286 5258 ab
2323 5219 2383 5258 se
2411 5207 2668 5263 omnibus
2715 5218 3064 5278 procuratam
3099 5212 3380 5282 praedicat.
3428 5213 3522 5271 His
3545 5217 3643 5271 ad-

2069 5291 2214 5360 jicit,
2276 5315 2293 5344 ι
2322 5293 2591 5361 Quoniam
2643 5314 2754 5354 non
2790 5302 3019 5370 cognovi
3061 5302 3445 5361 litteraturam.
3496 5326 3514 5357 ι
3543 5307 3646 5374 Qui

2075 5384 2322 5441 clavibus
2361 5390 2517 5458 regni
2547 5392 2806 5459 acceptis,
2839 5407 3014 5462 neque
3041 5394 3143 5464 ipsi
3176 5395 3643 5466 ingrediebantur,

2080 5489 2256 5545 neque
2284 5478 2422 5532 alios
2471 5481 2680 5551 ingredi
2723 5482 3122 5550 concedebant,
3153 5487 3516 5543 litteraturam
3549 5491 3647 5546 de-

2080 5573 2352 5627 tinebant.
2393 5573 2506 5646 Ego
2559 5593 2710 5643 vero,
2766 5580 2964 5650 inquit,
3007 5582 3100 5652 qui
3163 5583 3366 5655 llloysis
3424 5589 3646 5661 scriptis

2077 5681 2186 5719 non
2223 5667 2468 5734 attendo,
2504 5687 2680 5742 neque
2725 5689 3045 5746 corpoream
3095 5677 3228 5746 legis
3284 5681 3642 5738 litteraturam

459 5817 507 5848 "
533 5815 670 5871 Gcn.
699 5833 846 5883 xux,
884 5819 968 5873 10.
1045 5821 1090 5854 ’3
1122 5819 1310 5876 Matth.
1340 5838 1390 5890 v,
1416 5821 1506 5887 2|,
1537 5821 1626 5888 ‘27,
1655 5820 1746 5879 ‘28.
1824 5821 1870 5856 ”
1903 5819 1965 5874 R:

2072 5837 2110 5890 ι,
2147 5821 2227 5886 l6,
2261 5821 2341 5875 Π.
