4056 6376
415 390 520 444 735

1087 388 1349 442 ιςυδξζιιιι
1390 387 1869 441 (ἷΛΞδΛΙὶΙΕΝδΙΞ
1909 387 1982 442 Ol‘

2103 387 2282 440 PARS
2322 386 2409 439 Ill.
2453 418 2519 426 -—
2563 387 2968 442 ιτΙΧΕΟΕΤιαΑ.

3548 393 3648 448 784

407 508 693 577 discipulis
735 506 870 561 meis
910 505 1132 568 tradidi,
1163 523 1271 560 non
1319 507 1548 576 cognovi
1583 507 1963 560 litteraturam.

2085 524 2144 559 μοι
2181 507 2316 575 μήτε
2350 505 2554 574 ἑτέροις
2611 505 3016 575 συγχωροῦντες
3047 546 3059 564 ,
3118 506 3214 566 τὰς
3264 507 3650 575 γραμματείας

410 597 550 666 Quid
577 605 757 651 autem
789 597 974 650 nos:i?
1023 595 1078 648 ld
1114 607 1299 664 postea
1325 597 1569 651 declarat
1598 597 1815 652 dicens:
1847 616 1863 646 ι
1891 596 1972 649 ln-

410 691 588 746 troibo
613 691 664 743 in
695 689 970 758 potentias
1015 687 1230 741 Domini
1265 687 1502 750 Domini,
1534 697 1587 742 et
1627 688 1972 742 memorabor

410 783 639 855 justitia:
674 789 782 835 tua:
819 781 1044 836 solius.»
1087 780 1222 834 Nam
1260 782 1565 835 litteratura
1595 780 1798 834 Judaais
1839 781 1970 836 solis

409 878 772 948 competebat.
821 875 915 946 qui
967 885 1047 930 ter
1092 876 1147 930 in
1193 891 1338 930 anno
1379 875 1769 946 Jerosolymam
1821 874 1972 929 adire

403 968 768 1038 jubebantur;
798 980 971 1033 eaque
1001 965 1169 1017 multa
1202 965 1307 1018 alia
1338 965 1506 1018 ardua
1537 980 1636 1019 nec
1661 964 1971 1018 necessaria

406 1062 744 1116 continebat.
790 1059 901 1130 Ego
927 1073 1058 1113 vero
1107 1059 1162 1111 in
1208 1058 1446 1130 potentia
1511 1055 1723 1110 Domini
1759 1057 1969 1110 Domini

413 1156 468 1206 in
513 1153 788 1208 Ecclesias
828 1166 978 1205 meas
1013 1149 1271 1215 introibo,
1303 1159 1355 1203 et
1382 1149 1724 1203 memorabor
1747 1149 1975 1217 justiti-ae

410 1254 516 1299 tuae
548 1245 736 1300 solius.
766 1242 983 1297 Justitia
1022 1257 1254 1311 namque
1302 1239 1480 1295 Patris
1506 1250 1642 1306 erat,
1697 1249 1755 1294 ut
1785 1256 1974 1296 onmes

411 1337 658 1390 homines
703 1333 921 1389 Graecos
956 1334 1118 1388 simul
1150 1343 1204 1387 et
1240 1331 1502 1387 barbaros
1536 1348 1634 1387 sua
1665 1333 1975 1402 cognitione

411 1429 662 1490 donaret,
695 1433 749 1481 et
777 1433 838 1480 ut
869 1425 922 1478 in
956 1425 1105 1478 omni
1135 1425 1274 1490 loco,
1313 1439 1490 1494 neque
1513 1424 1566 1478 in
1599 1440 1707 1478 uno
1735 1432 1792 1477 ut
1818 1424 1969 1490 olim,

412 1520 517 1573 coli
551 1535 611 1574 se
642 1518 993 1588 praeciperet;
1026 1516 1102 1570 ita
1148 1523 1208 1570 ut
1257 1516 1326 1570 ab
1376 1517 1588 1570 oriente
1637 1517 1751 1570 sole
1799 1531 1973 1585 usque

413 1613 478 1666 ad
521 1611 857 1667 occidentem
907 1625 1106 1666 nomen
1136 1609 1257 1679 ejus
1295 1610 1665 1664 celebraretur
1708 1610 1763 1664 in
1793 1610 1970 1680 genti-

412 1705 516 1758 bus
537 1704 604 1758 9³.

2077 598 2344 665 κατεῖχον.
2387 594 2527 662 Ἐγὼ
2547 595 2622 657 δὲ,
2652 598 2804 665 φησι,
2837 594 3012 666 μὴτῴ
3050 596 3325 657 Μωῡεέως
3368 596 3653 667 συγγράμ-

2079 704 2207 757 ματι
2232 686 2530 755 προσέχων,
2552 685 2683 756 μηδὲ
2711 686 2808 749 τὰς
2838 686 2930 738 τοῦ
2955 687 3119 756 νόμου
3139 686 3454 755 σωματικὰς
3477 704 3656 757 γραμ.

2079 779 2307 849 ματείας
2338 781 2450 840 τοῖς
2470 778 2707 847 ἐμαυτοῦ
2735 779 3006 849 παραδοὺς
3033 777 3318 848 μαθηταῖς,
3349 779 3450 830 οὐκ
3478 777 3653 844 ἔγνων

2077 868 2479 940 γραμματείας.
2517 869 2558 920 Τ
2566 868 2580 919 ί
2613 867 2670 921 δέ
2710 868 2919 935 ἐγνως;
2960 868 3115 937 Ἑξῆς
3154 868 3407 936 διασαφεῖ
3438 866 3612 934 λέγων
3634 883 3648 896 ·

2083 981 2100 1012 ι
2146 960 2530 1029 Εἱσελεύσομαι
2557 963 2636 1023 εἰς
2659 959 2976 1022 δυναστείας
3021 958 3222 1030 Κυρίου
3268 959 3507 1029 Κυρίου,
3557 960 3653 1013 καὶ

2083 1055 2459 1126 μνησθήσομαι
2507 1055 2605 1125 τῆς
2637 1052 2981 1122 δικαιοσύνης
3015 1070 3106 1105 σου
3150 1052 3330 1123 μόνου.
3375 1072 3392 1104 ι
3424 1053 3491 1105 Αἱ
3552 1053 3654 1124 μὲν

2079 1146 2186 1216 γάρ
2213 1150 2590 1217 γραμματεῖαι
2649 1145 2921 1208 Ἰουδαίοις
2966 1143 3148 1216 μόνοις
3193 1145 3500 1216 ἣρμοττον,
3532 1145 3652 1216 τρὶς

2077 1235 2171 1287 τοῦ
2193 1236 2438 1289 ἐνιαυτοῦ
2471 1235 2997 1307 παρακελευομένοις
3029 1237 3276 1306 ἀπαντᾷν
3318 1238 3398 1299 είς
3442 1237 3512 1290 τά
3554 1236 3653 1289 Ἱε-

2081 1331 2371 1400 ροσόλυμα,
2401 1330 2570 1384 πολλά
2593 1348 2650 1383 τε
2674 1330 2806 1385 ἄλλα
2829 1330 3065 1400 δυσχερῆ
3113 1329 3209 1384 καὶ
3241 1331 3340 1383 οὐκ
3380 1330 3654 1397 ἀναγκαῖα

2079 1425 2370 1492 περιεῖχον.
2423 1421 2564 1490 Ἐγὼ
2594 1423 2651 1476 δέ
2680 1426 2737 1476 ἐν
2761 1424 3046 1492 δυναστείᾳ.
3068 1423 3272 1493 Κυρίου
3312 1421 3542 1493 Κυρίου,
3574 1424 3654 1485 εἰς

2077 1512 2178 1574 τὰς
2206 1512 2442 1582 ἐμαυτοῦ
2490 1513 2812 1584 Ἐκκλησίας
2852 1513 3248 1584 εἰσελεύσομαι,
3289 1514 3382 1567 καὶ
3414 1513 3655 1584 μνησθή-

2080 1622 2244 1673 σομαι
2269 1605 2369 1675 τῆς
2390 1605 2732 1676 δικαιοσύνης
2759 1623 2851 1658 σου
2885 1607 3066 1675 μόνου.
3094 1605 3415 1673 Δικαιοσύνη
3435 1604 3540 1674 γὰρ
3555 1601 3650 1656 τοῦ

2078 1696 2291 1766 Πατρδς
2318 1692 2384 1765 ἦν
2414 1696 2475 1748 τὸ
2499 1696 2704 1760 πάντας
2732 1695 3050 1767 ἀνθρώπους
3088 1696 3354 1766 ’Έλληνας
3399 1696 3512 1765 ἅμα
3555 1694 3649 1747 καὶ

413 1795 716 1867 βαρϐάρους
747 1793 846 1863 τῆς
893 1790 1057 1846 αὐτοῦ
1089 1789 1488 1860 καταξιωθῆναι
1538 1789 1823 1857 γνώσεως,
1868 1786 1962 1838 καὶ
2007 1785 2067 1838 τὸ
2117 1788 2173 1838 ἐν
2197 1788 2355 1840 παντὶ
2391 1789 2559 1859 τόπῳ,
2591 1789 2724 1842 ἀλλὰ
2755 1789 2948 1859 μηκέτι
2976 1791 3032 1841 ἐν
3085 1789 3166 1840 ἐνὶ
3211 1788 3495 1859 ἐπιτρέψαι
3553 1787 3650 1838 λα-

407 1892 617 1964 τρεύειν
644 1889 821 1960 αὐτῷ·
885 1890 1025 1944 ὥστε
1064 1887 1171 1940 ἀπὸ
1193 1886 1462 1941 ἀνατολῶν
1507 1885 1658 1956 ἡλίου
1710 1884 1869 1953 μέχρι
1913 1880 2130 1950 δυσμῶν
2175 1882 2490 1950 δοξάζεσθαι
2516 1883 2676 1937 αὑτοῦ
2710 1883 2770 1936 τὸ
2799 1884 2967 1954 ὄνομα
2992 1883 3048 1937 ἐν
3075 1886 3186 1946 τοῖς
3211 1882 3439 1937 ἔθνεσιν.

486 2011 647 2067 Vens.
701 2009 791 2064 17.
844 2027 862 2061 ι
895 2008 1060 2071 Deus,
1094 2007 1329 2062 docuisti
1359 2021 1442 2060 me
1475 2021 1504 2057 a
1531 2005 1812 2072 jm'enlule
1841 2017 1979 2066 mea,
2015 2010 2055 2063 Β

408 2113 462 2159 et
501 2119 676 2175 usque
715 2116 863 2156 nunc.
896 2100 1264 2172 pronuntiabo
1312 2096 1585 2152 mirabilia
1615 2106 1761 2149 tua.)
1816 2093 1977 2148 Solus

412 2196 668 2250 Servatur
705 2192 920 2247 Patrem
966 2192 1072 2248 sibi
1121 2190 1439 2260 magistrum
1501 2187 1757 2242 ascribit:
1809 2201 1980 2256 quare

409 2286 748 2340 eontribulcs
798 2284 916 2353 ejus
965 2281 1252 2338 dicebant:
1293 2278 1488 2334 «Unde
1537 2279 1666 2334 huic
1706 2278 1976 2347 sapientia

411 2384 586 2440 tanta,
619 2383 675 2430 et
722 2373 996 2428 virtutes?
1041 2370 1232 2426 Nonne
1277 2371 1365 2426 hic
1399 2379 1483 2425 est
1522 2369 1660 2424 fabri
1698 2368 1974 2422 lilius“?.

411 2465 589 2522 Probe
616 2466 818 2536 quippe
851 2465 1099 2519 sciebant
1129 2464 1304 2532 ipsum
1337 2478 1444 2516 non
1480 2460 1759 2532 magistris
1803 2459 1982 2512 homi-

411 2555 576 2611 nibus
603 2569 824 2625 operam
861 2553 1095 2608 dedisse.
1157 2550 1295 2616 Quia
1329 2551 1492 2622 igitur
1519 2550 1691 2605 forma
1724 2549 1866 2604 servi
1889 2562 1981 2601 ac-

411 2653 591 2716 cepta,
641 2652 696 2699 et
771 2643 964 2696 habitu
1024 2644 1280 2697 inventus
1340 2650 1398 2694 ut
1463 2640 1648 2702 homo,
1716 2639 1980 2709 puerilem

411 2750 666 2792 emensus
698 2741 782 2790 est
819 2742 1057 2797 aetatem,
1091 2748 1154 2786 ac
1199 2731 1427 2803 perinde
1458 2738 1622 2800 atque
1651 2744 1752 2784 nos
1783 2730 1982 2798 juven-

412 2832 544 2885 tntis
576 2842 755 2883 annos
791 2826 1058 2887 decurrit,
1109 2826 1313 2895 illoque
1353 2831 1599 2894 tempore
1653 2836 1762 2875 non
1814 2820 1984 2874 disci-

411 2921 598 2992 plinis,
658 2935 765 2974 non
798 2919 1078 2990 magistris
1129 2931 1348 2986 operam
1392 2915 1574 2982 dedit;
1627 2913 1721 2968 sed
1780 2915 1983 2967 virtute

412 3015 596 3069 divina
627 3013 947 3083 proficiebat
985 3019 1143 3066 aetate
1181 3018 1234 3064 et
1265 3008 1535 3078 sapientia
1561 3017 1613 3062 et
1636 3006 1810 3077 gratia
1839 3003 1983 3074 apud

415 3106 580 3161 Deum
620 3111 674 3158 et
711 3103 1000 3167 homines;
1047 3101 1170 3170 jsre
1205 3100 1292 3153 hic
1320 3100 1395 3153 ait
1436 3119 1450 3153 :
1504 3097 1712 3161 «Deus,
1747 3094 1984 3150 docuisti

415 3212 502 3251 me
545 3211 574 3248 a
603 3195 887 3263 juventute
914 3207 1057 3257 mea,
1090 3200 1142 3246 et
1194 3208 1368 3260 usque
1419 3205 1565 3244 nunc
1619 3189 1985 3260 pronuntiabo

416 3286 687 3340 mirabilia
719 3292 810 3338 tua
836 3301 851 3352 ;
879 3302 899 3335 ο
932 3285 1075 3352 quod
1109 3283 1272 3337 etiam
1307 3297 1476 3352 penes
1504 3282 1804 3351 discipulos
1833 3294 1983 3336 meos

2159 2023 2176 2052 ‹
2220 2003 2278 2056 Ὀ
2302 2004 2452 2068 Θεὺς,
2479 2004 2720 2071 ἐδίδαξας
2743 2022 2810 2075 με
2840 2005 2904 2057 ἐκ
2926 2004 3175 2074 νεότητός
3212 2021 3334 2069 μου,
3365 2004 3459 2058 καὶ
3495 2005 3657 2076 μέχρι

2079 2090 2171 2143 τοῦ
2201 2091 2294 2146 νῦν
2317 2093 2600 2162 ἀναγγελῶ
2627 2093 2695 2146 τὰ
2722 2093 3001 2164 θαυμάσια
3027 2111 3142 2146 σου.
3166 2114 3183 2146 ι
3209 2095 3384 2157 Μόνος
3414 2097 3441 2147 ό
3469 2095 3656 2166 Σωτὴρ

2077 2179 2169 2231 τὸν
2197 2180 2412 2251 Πατέρα
2444 2182 2763 2236 διδάσκαλον
2791 2185 3156 2255 ἐπιγράφεται
3177 2201 3190 2216 ·
3215 2185 3405 2256 διόπερ
3436 2188 3485 2237 oi
3511 2188 3568 2238 ἐν
3589 2189 3657 2257 τῇ

2079 2272 2296 2343 πατρίδι
2330 2273 2492 2326 αὑτοῦ
2518 2273 2732 2342 ἔλεγονο
2775 2293 2792 2324 ι
2832 2275 3002 2326 Πόθεν
3035 2274 3209 2345 τούτῳ
3241 2277 3390 2328 πᾶσα
3436 2279 3468 2346 ἡ
3498 2277 3662 2345 σοφία

2079 2363 2218 2433 αὕτη
2249 2365 2341 2416 καὶ
2367 2366 2420 2416 αἱ
2453 2365 2709 2434 δυνάμεις
2732 2381 2746 2429 ;
2773 2366 2882 2435 Οὐχ
2915 2361 3066 2428 οὗτός
3108 2367 3255 2418 ἐστιν
3284 2368 3312 2418 ό
3345 2367 3440 2420 τοῦ
3473 2368 3663 2422 τέκτο-

2079 2473 2168 2518 νος
2213 2457 2357 2522 υἱός;
2399 2475 2416 2506 ι
2459 2457 2694 2527 ᾜδεσαν
2748 2457 2856 2529 γὰρ
2895 2457 3141 2529 ἀκριϐῶς
3195 2459 3269 2529 μὴ
3318 2459 3665 2524 διδασκάλοις

2079 2547 2386 2619 ἀνθρώποις
2419 2549 2831 2621 προσεσχηκότα
2859 2550 3042 2603 αὐτόν.
3093 2551 3246 2602 Ἐπεὶ
3273 2553 3472 2613 τοίνυν,
3525 2569 3664 2623 μορ-

2083 2643 2188 2714 φὴν
2217 2641 2403 2694 δούλου
2428 2640 2625 2705 λαϐὼν,
2661 2640 2754 2693 καὶ
2782 2642 3019 2710 σχήματι
3063 2639 3304 2712 εὑρεθεὶς
3333 2641 3409 2704 ὡς
3448 2641 3663 2712 ἀνθρω-

2082 2750 2200 2795 πος,
2234 2731 2330 2802 τὴν
2357 2731 2608 2800 παιδικὴν
2631 2730 2843 2801 διῆλθεν
2872 2730 3088 2802 ἡλικίαν
3107 2771 3122 2795 ,
3159 2731 3253 2784 καὶ
3284 2732 3381 2803 τῆς
3412 2732 3664 2802 νεότητος

2081 2823 2178 2893 τὴν
2203 2822 2350 2893 ῶραν
2389 2823 2587 2893 ὁμοίως
2613 2824 2744 2894 ἡμῖν
2776 2823 3095 2892 ὑπέμεινεν
3129 2823 3250 2876 οὒτε
3283 2825 3340 2876 δὲ
3363 2824 3666 2897 διατριϐαῖς

2084 2915 2405 2986 προσέσχεν,
2423 2913 2546 2967 οὕτε
2570 2914 2910 2978 διδασκάλοις
2936 2916 3077 2968 κατά
3112 2915 3301 2969 τοῦτον
3325 2915 3417 2969 τδν
3449 2919 3662 2988 χρόνον,

2083 3009 2306 3077 δυνάμει
2339 3007 2394 3059 δέ
2438 3007 2590 3078 θεῖκῇ
2620 3006 2957 3077 προέκοπτεν
2994 3008 3179 3078 ἡλικίᾳ
3215 3008 3310 3062 καὶ
3353 3011 3534 3080 σοφίᾳ,
3571 3012 3668 3064 καὶ

2086 3098 2265 3168 χάριτι
2312 3096 2463 3167 παρὰ
2488 3096 2606 3166 Θεῷ
2635 3097 2728 3149 καὶ
2778 3095 3117 3168 ἀνθρώποις·
3160 3098 3386 3162 εἰκότως
3431 3099 3670 3154 ἐνταῦθά

2088 3207 2276 3261 φησιν’
2315 3209 2333 3241 ‹
2389 3191 2447 3242 ’0
2473 3188 2624 3253 Θεὸς,
2661 3189 2905 3255 ἐδίδαξας
2942 3207 3007 3259 με
3038 3192 3101 3243 ἐκ
3132 3191 3382 3261 νεότητός
3413 3190 3534 3262 μου,
3571 3193 3672 3245 καὶ

2091 3283 2252 3354 μέχρι
2275 3283 2367 3336 τοῦ
2394 3281 2487 3335 νῦν
2513 3281 2799 3350 ἀναγγελῶ
2829 3283 2897 3336 τὰ
2921 3282 3202 3353 θαυμάσιά
3231 3301 3324 3336 σου
3351 3302 3364 3314 ·
3393 3303 3411 3334 ι
3433 3284 3528 3336 καὶ
3554 3287 3668 3347 τοῖς

415 3384 664 3433 servetur
693 3391 869 3446 usque
901 3377 969 3428 ad
997 3373 1528 3428 consummationem
1559 3371 1780 3427 saeculi:
1817 3381 1892 3434 et,
1924 3377 1982 3424 ut

2085 3378 2236 3446 ἐμοῖς
2267 3375 2562 3446 φυλαχθείη
2593 3375 2857 3446 μαθηταῖς
2889 3375 3051 3447 μέχρι
3077 3375 3388 3439 συντελείας
3409 3375 3504 3429 τοῦ
3537 3376 3669 3429 αἰῶ-

413 3469 612 3526 dixerit
649 3468 948 3539 quispiam,
979 3481 1152 3535 usque
1184 3465 1251 3518 ad
1309 3473 1669 3527 senectutem,
1704 3470 1758 3518 et
1787 3462 1854 3516 ad
1894 3479 1988 3517 us-

413 3575 518 3630 que
555 3566 886 3628 postremam
935 3554 1488 3614 consummationem,
1541 3561 1594 3607 te
1640 3567 1857 3607 rursum
1889 3551 1984 3605 de-

414 3666 628 3722 precor,
671 3649 840 3715 Deus,
874 3663 943 3702 ne
978 3662 1064 3701 me
1115 3645 1504 3715 derelinquas;
1536 3645 1632 3700 sed
1665 3645 1799 3698 mihi
1835 3642 1984 3698 adsis

415 3758 480 3797 ac
515 3757 612 3813 per
643 3755 732 3795 me
777 3738 1045 3792 mirabilia
1076 3745 1167 3790 tua
1211 3737 1477 3806 opereris,
1529 3753 1546 3784 ι
1571 3734 1743 3789 donec
1775 3750 1988 3787 annun-

414 3837 542 3890 tiem
577 3833 858 3888 brachium
903 3839 1054 3884 tuum
1093 3828 1438 3900 generationi
1483 3828 1654 3890 omni,
1693 3843 1816 3897 qua:
1848 3843 1982 3881 ven-

414 3937 536 3982 tura
569 3934 706 3982 est»
737 3924 871 3979 Nam
903 3938 1165 3995 praesens,
1198 3922 1397 3992 inquit,
1421 3923 1703 3992 generatio
1739 3929 1986 3975 tortuosa

413 4029 498 4073 est
519 4029 572 4074 et
599 4033 882 4089 perversa,
925 4015 1202 4086 generatio
1257 4016 1402 4068 mala
1435 4023 1492 4068 et
1519 4015 1795 4068 adultera.
1832 4010 1985 4076 Qua-

415 4120 638 4182 propter
677 4110 730 4163 in
786 4107 969 4162 futura
1018 4106 1373 4176 generatione
1436 4104 1775 4158 annuntiabo
1845 4117 1986 4170 opo-

415 4204 640 4259 tentiam
677 4212 826 4256 tuam
857 4209 912 4254 ct
957 4199 1230 4270 justitiam
1279 4207 1452 4261 tuam,
1487 4197 1652 4260 Deus,
1701 4210 1876 4265 usque
1929 4194 1986 4248 in

415 4289 714 4354 altisnima,
739 4297 794 4342 et
817 4303 937 4357 qua:
966 4287 1144 4341 fecisti
1179 4285 1498 4356 magnaliaa
1530 4285 1610 4338 Tu
1643 4285 1778 4352 ipse,
1804 4281 1985 4348 Pater,

417 4398 512 4452 per
546 4397 632 4434 me
661 4381 776 4434 baac
804 4379 1084 4442 omnibus,
1117 4379 1211 4448 qui
1245 4385 1371 4448 post
1420 4376 1586 4429 futuri
1623 4385 1754 4430 sunt
1811 4375 1987 4428 homi-

416 4475 600 4537 nibus,
631 4481 686 4528 et
714 4479 958 4527 ventura:
995 4472 1333 4543 generationi
1366 4468 1737 4531 annuntiabis,
1769 4477 1823 4523 et
1851 4483 1986 4538 pra:-

415 4567 691 4623 dicabilur
713 4565 929 4636 justitia
957 4573 1052 4619 tua
1085 4579 1256 4633 usque
1289 4567 1342 4618 in
1374 4562 1662 4618 altissima.
1694 4561 1828 4615 Nam
1861 4577 1986 4615 cum

415 4661 453 4714 ii
485 4660 576 4730 qui
603 4659 658 4712 in
688 4666 838 4712 terra
856 4665 1006 4722 sunt,
1031 4657 1259 4711 salutem
1282 4663 1704 4724 consequentur,
1729 4654 1984 4723 gaudium

415 4752 520 4804 erit
555 4751 610 4804 in
658 4749 836 4812 cmlis,
867 4749 1096 4820 angelis,
1129 4747 1223 4816 qui
1273 4747 1326 4799 in
1387 4746 1671 4800 altissimis
1712 4747 1980 4808 habitant,

417 4841 702 4895 hominum
739 4840 901 4895 saluti
951 4838 1375 4908 gratulantibns.
1420 4837 1708 4892 Senectam
1764 4853 1896 4893 vero
1925 4846 1981 4892 et

419 4935 633 4990 senium
669 4947 736 4986 ne
783 4933 1062 4987 cuncteris
1110 4931 1315 4992 dicere,
1350 4947 1469 4986 esse
1498 4931 1902 5000 discipulorum
1933 4941 1988 4982 et

417 5024 678 5080 Ecclesia
731 5025 906 5094 ipsius
939 5025 1354 5094 perfectionem.
1417 5023 1473 5077 Si
1511 5039 1748 5092 namque
1778 5036 1984 5090 corpus

415 5121 536 5188 ejus
564 5118 808 5174 Ecclesia
822 5127 926 5185 est,
952 5129 1009 5171 ut
1035 5119 1220 5172 docuit
1240 5117 1534 5187 Apostolus
1569 5117 1790 5171 dicens:
1831 5134 1849 5164 ι
1879 5111 1991 5165 Vos

418 5219 597 5265 autem
627 5211 762 5265 estis
786 5225 986 5280 corpus
1016 5209 1222 5264 Christi
1249 5219 1302 5264 et
1325 5209 1564 5263 membra
1587 5223 1652 5260 ex
1679 5213 1834 5275 parte
1851 5205 1896 5235 ⁸⁷
1919 5221 1936 5270 ;
1964 5222 1982 5254 ι

419 5319 547 5372 pars
581 5301 839 5359 Ecclesia:
887 5312 942 5358 et
992 5305 1205 5358 senium
1253 5304 1374 5372 ejus
1421 5311 1732 5372 opportune
1771 5299 1989 5353 dicatur

417 5407 560 5456 esse,
619 5393 739 5463 ejus
799 5395 853 5446 in
897 5395 1150 5462 praesenti
1199 5396 1308 5446 vita
1363 5392 1666 5447 secundum
1730 5389 1984 5442 virtutem

419 5487 839 5548 consummatio,
893 5494 1017 5554 post
1060 5501 1226 5555 quam
1284 5495 1449 5538 exuta
1507 5481 1724 5536 mortali
1781 5495 1844 5533 ac
1881 5488 1989 5533 ler-

422 5589 550 5626 rena
589 5575 722 5638 vita,
753 5575 965 5629 cmlesti
1013 5577 1299 5629 mansione
1331 5575 1573 5645 dignata,
1605 5581 1660 5626 et
1691 5571 1987 5640 conjuncta

423 5661 679 5718 hrclesia:
731 5664 1218 5735 primogenitorum
1270 5664 1674 5734 dcscriptorum
1717 5664 1770 5716 in
1807 5659 1982 5723 caelis,

495 5821 537 5848 ν⁵
572 5815 780 5869 Malach
846 5833 883 5881 ι,
917 5819 999 5875 Η.
1081 5820 1126 5850 9°
1166 5817 1353 5871 Matth.
1384 5834 1504 5882 xm,
1532 5817 1716 5874 54-55.

2088 3485 2176 3531 νος
2198 3485 2210 3498 ⁸
2237 3469 2331 3521 καὶ
2359 3468 2433 3530 ὡς
2458 3467 2523 3520 ἄν
2553 3485 2637 3530 τις
2662 3467 2826 3531 εἴποι,
2865 3469 3025 3538 μέχρι
3061 3469 3248 3540 γήρως
3303 3469 3398 3522 καὶ
3437 3469 3538 3539 τῆς
3587 3473 3668 3534 είς

2089 3562 2256 3631 ἄκρον
2281 3558 2629 3623 τελειώσεως,
2664 3559 2722 3612 σὲ
2757 3560 2917 3613 πάλιν
2947 3561 3037 3613 τὸν
3057 3561 3189 3614 Θεὸν
3217 3562 3444 3614 ἱκετεύω
3483 3563 3556 3633 μή
3597 3580 3664 3634 με

2090 3653 2498 3722 ἐγκαταλιπεῖν,
2535 3656 2772 3706 συνεῖναι
2802 3652 2858 3705 δέ
2891 3670 2979 3723 μοι
3007 3653 3101 3706 καὶ
3132 3653 3200 3706 τά
3245 3654 3525 3724 θαυμάσιά
3573 3672 3666 3708 σου

2089 3745 2328 3813 ἐνεργεῖν
2349 3743 2416 3795 δι’
2451 3742 2606 3812 ἐμοῦ,
2644 3761 2661 3792 ι
2695 3741 2798 3805 ἕως
2832 3741 3142 3810 ἀναγγείλω
3166 3741 3255 3794 τὸν
3291 3741 3553 3812 βραχίονά
3573 3759 3668 3795 σου

2087 3838 2153 3905 τῇ
2184 3836 2344 3906 γενεᾷ
2371 3836 2518 3907 πάσῃ
2535 3837 2601 3905 τῇ
2631 3833 2953 3905 ἐρχομένῃ.»
2975 3835 3038 3886 Ἡ
3063 3833 3170 3904 γὰρ
3196 3833 3312 3897 νῦν,
3344 3836 3498 3904 φησὶ.
3530 3852 3671 3906 παρ-

2087 3927 2222 3981 οῦσα
2265 3927 2426 3996 γενεά
2481 3926 2668 3980 σκολιά
2699 3928 2957 3996 τυγχάνει
2984 3927 3078 3979 καὶ
3104 3925 3532 3998 διεστραμμένη,
3573 3927 3668 3979 καὶ

2087 4017 2246 4086 γενεά
2276 4015 2486 4088 πονηρά
2507 4015 2600 4068 καὶ
2631 4015 2898 4086 μοιχαλίς.
2948 4015 3038 4067 Διὸ
3078 4017 3144 4085 τῇ
3191 4017 3354 4086 γενεᾷ
3400 4019 3465 4086 τῇ
3513 4017 3670 4085 ἐρχου

2090 4111 2227 4186 μένῃ
2255 4108 2550 4178 ἀπαγγελῶ
2591 4128 2607 4158 ι
2632 4107 2729 4180 τὴν
2761 4107 3083 4160 δυναστείαν
3108 4124 3202 4160 σου
3232 4108 3328 4160 καὶ
3352 4109 3448 4178 τὴν
3467 4106 3669 4158 δικαιο-

2089 4200 2254 4272 σύνην
2281 4217 2398 4264 σου,
2427 4201 2454 4251 ὁ
2481 4199 2634 4263 Θεὸς,
2667 4199 2771 4262 ἕως
2797 4199 2904 4251 τῶν
2928 4197 3186 4266 ὑψίστων,
3232 4199 3267 4251 ἆ
3312 4214 3371 4250 τε
3410 4198 3668 4268 ἐποίησας

2091 4294 2369 4363 μεγαλεῖα.
2402 4312 2421 4346 ›
2456 4293 2526 4343 Σὺ
2548 4291 2707 4354 αὐτὸς
2731 4293 2760 4343 ὁ
2788 4291 2994 4362 Πατὴρ,
3029 4291 3094 4344 δι’
3137 4289 3270 4360 ἐμοῦ
3308 4289 3478 4342 ταῦτα
3533 4291 3668 4342 πᾶσι

2086 4390 2199 4449 τοῖς
2225 4385 2360 4456 μετά
2386 4384 2558 4438 ταῦτα
2593 4385 2978 4454 γενησομένοις
3005 4381 3312 4452 ἀνθρώποις
3343 4383 3437 4434 καὶ
3477 4383 3544 4451 τῇ
3571 4397 3666 4448 γε-

2087 4480 2182 4548 νεᾷ
2208 4479 2274 4548 τῇ
2331 4475 2598 4547 ἐρχομένῃ
2641 4474 3005 4542 ἀπαγγελεῖς,
3053 4475 3147 4528 καὶ
3196 4472 3598 4543 κηρυχθήσεται
3632 4474 3667 4544 ἡ

2087 4570 2401 4640 δικαιοσύνη
2423 4584 2518 4620 σου
2539 4569 2642 4631 ἕως
2664 4567 2770 4621 τῶν
2799 4566 3056 4635 ὑψίστων.
3077 4566 3406 4636 Σωζομένων
3431 4564 3538 4636 γὰρ
3561 4565 3670 4619 τῶν

2093 4663 2185 4715 ἐπὶ
2217 4661 2345 4731 γῆς,
2377 4658 2520 4730 χαρά
2552 4658 2704 4712 ἔσται
2735 4660 2793 4713 ἐν
2827 4660 3095 4728 οὐρανοῖς,
3133 4657 3535 4728 συγχαιρόντων
3559 4654 3670 4707 τῶν

2089 4752 2146 4803 ἐν
2174 4753 2286 4813 τοῖς
2319 4747 2563 4818 ὑψίστοις
2597 4747 2892 4801 οἰκούντων
2918 4747 3162 4815 ἀγγέλων
3205 4749 3270 4816 τῇ
3299 4746 3408 4799 τῶν
3455 4745 3668 4816 ἀνθρώ-

2090 4853 2206 4888 πων
2231 4835 2493 4906 σωτηρίᾳ.
2524 4835 2704 4906 Γῆρας
2723 4836 2779 4887 δὲ
2808 4837 2901 4888 καὶ
2931 4836 3196 4907 πρεσϐεία
3220 4838 3294 4908 μὴ
3316 4837 3463 4889 ὄκνει
3492 4836 3672 4903 λέγειν

2091 4927 2187 4996 τὴν
2217 4926 2529 4997 τελειότητα
2560 4927 2667 4980 τῶν
2694 4927 2858 4981 αὐτοῦ
2891 4929 3146 4997 μαθητῶν
3175 4931 3268 4982 καὶ
3296 4929 3390 4998 τῆς
3447 4927 3672 4997 Ἐκκλη-

2094 5019 2214 5082 σίας
2238 5018 2423 5073 αὑτοῦ.
2457 5020 2519 5072 El
2547 5021 2655 5090 γὰρ
2692 5020 2848 5091 σῶμα
2870 5020 3032 5072 αὑτοῦ
3067 5023 3103 5091 ἡ
3145 5021 3440 5091 Ἐκκλησία
3470 5020 3672 5089 τυγχά-

2092 5128 2192 5175 νει,
2215 5111 2290 5174 ὡς
2316 5110 2554 5178 ἐδίδαξεν
2577 5113 2606 5164 ό
2648 5113 2966 5176 Ἀπόστολος
2983 5111 3151 5164 εἰπών
3169 5129 3182 5142 ·
3213 5131 3230 5164 ι
3255 5113 3441 5182 Ὑμεῖς
3463 5111 3518 5164 δέ
3547 5115 3669 5164 ἐστε

2097 5204 2254 5274 σῶμα
2303 5205 2538 5275 Χριστοῦ
2583 5206 2679 5258 καὶ
2715 5206 2851 5276 μέλη
2905 5209 2966 5258 ἐκ
3023 5205 3249 5276 μέρους·
3291 5225 3309 5256 ι
3355 5205 3520 5276 μέρος
3569 5205 3670 5275 τῆς

2107 5295 2428 5366 Ἐκκλησίας
2462 5299 2556 5350 καὶ
2579 5298 2863 5368 πρεσϐεῖον
2891 5297 3059 5366 αὐτῆς
3103 5295 3298 5365 λέγοιτ’
3341 5297 3406 5350 ἂν
3447 5297 3671 5358 εἰκότως

2092 5389 2126 5455 ἡ
2155 5387 2274 5440 κατ’
2305 5389 2505 5459 ἀρετὴν
2526 5387 2622 5459 τὴν
2655 5390 2710 5440 ἐν
2740 5389 2815 5458 τῷ
2843 5389 3068 5458 παρόντι
3093 5389 3192 5460 βίῳ
3221 5388 3525 5450 τελείωσις,
3551 5385 3651 5456 μεθ

2093 5478 2180 5548 ἢν,
2217 5479 2406 5551 ὥσπερ
2427 5480 2812 5551 ἀποδυσαμένη
2839 5481 2928 5532 τὸν
2947 5483 3037 5532 ἐπὶ
3056 5481 3158 5550 γῆς
3177 5480 3368 5551 θνητὸν
3393 5479 3525 5549 βίον,
3548 5479 3652 5530 ἀνα

2092 5571 2497 5641 καινισθήσεται
2527 5571 2626 5641 τῆς
2655 5571 2908 5640 οὐρανίου
2943 5573 3219 5643 διατριϐῆς
3268 5571 3662 5640 καταξιωθησο·

2095 5662 2254 5731 μένη,
2297 5665 2676 5735 συναπτομένη
2707 5679 2764 5715 τε
2795 5665 2858 5733 τῇ
2896 5663 3186 5733 Ἐκκλησία
3237 5665 3344 5717 τῶν
3395 5662 3670 5733 πρωτοτό-

1799 5821 1838 5849 ⁹⁷
1869 5820 1885 5872 l
1917 5820 2043 5871 (lor.
2069 5832 2169 5882 xu,
2198 5817 2286 5869 9.7.
