4056 6410
427 359 530 413 785

1557 340 2056 399 COMMENTARIA
2091 337 2159 392 ΙΝ
2194 334 2534 394 PSALMOS.

3466 284 3480 296 .
3579 329 3680 387 786

424 493 536 532 κων
563 474 670 527 τῶν
705 468 1216 542 ἀπογεγραμμένων
1243 465 1299 518 ἐν
1321 465 1590 535 οὐρανοῖς.
1619 463 1775 516 Οὕτω
1796 463 1998 533 νοήσεις

2115 457 2488 514 renovabitur.
2535 452 2628 508 Sic
2658 454 2784 507 item
2830 452 3106 522 intelligas
3136 451 3280 522 quod
3316 451 3571 522 superius
3599 453 3684 506 di-

428 567 524 622 καὶ
548 566 610 620 τὸ
638 564 892 635 ἀνωτέρω
915 560 1238 632 λελεγμένον
1279 561 1337 611 ἐν
1366 555 1462 627 τῷ,
1504 574 1522 606 ι
1561 555 1653 626 Μὴ
1697 552 2008 626 άποῤῥξψῃς

429 673 498 728 με
535 658 615 719 είς
647 654 834 727 καιρὸν
855 654 1061 724 γήρως,
1095 653 1152 704 ἐν
1183 647 1260 719 τῷ
1290 647 1561 701 ἐκλείπειν
1585 646 1684 716 τὴν
1723 642 1874 713 ἰσχύν
1905 659 2006 713 μου

431 747 506 819 μὴ
551 745 918 817 ἐγκαταλίπῃς
956 761 1042 814 με.
1099 761 1116 794 ι
1169 739 1330 795 Κατὰ
1381 738 1489 810 γὰρ
1546 736 1738 807 ἑτέραν
1783 735 2008 806 ἐκδοχὴν

427 836 786 910 ὑπερεύχεται
825 836 922 906 τῆς
979 831 1304 903 Ἐκκλησίας
1351 826 1552 892 αὐτοῦ,
1592 827 1680 880 ἵνα
1724 826 1782 878 ὲν
1831 823 2007 896 καιρῷ

423 930 522 1000 τῆς
553 928 692 983 κατά
723 927 826 998 γῆν
858 925 1199 999 μακρότητος
1224 923 1298 994 μὴ
1324 918 1690 993 ἀπορριφθείη
1713 935 1726 948 ⁸
1760 920 1808 970 εἰ
1831 917 1886 970 δὲ
1912 917 2006 970 καὶ

423 1019 542 1075 τότε
570 1019 876 1089 ἐκλείπειή
915 1017 1067 1087 ἰσχὺς
1089 1013 1294 1084 αὐτῆς,
1343 1011 1477 1083 μηδὲ
1525 1011 1647 1089 τότε
1691 1006 2005 1077 ἐγκαταλει-

423 1113 602 1187 φθείη.
635 1087 933 1186 Συμϐαίνει
965 1111 1075 1182 γάρ
1106 1107 1366 1170 πολλάκις
1396 1087 1672 1158 ἐκλείπειν
1701 1100 1844 1155 κατὰ
1879 1100 2005 1162 τοὺς

421 1208 646 1279 καιροὺς
696 1207 804 1259 τῶν
852 1202 1107 1274 διωγμῶν
1135 1241 1150 1265 ,
1197 1198 1488 1253 ἐπειδάνοὶ
1534 1194 1721 1248 πολλοὶ
1761 1190 1856 1245 τοῦ
1903 1189 2006 1244 σώ-

423 1317 592 1370 ματος
644 1299 744 1368 τῆς
799 1295 1122 1366 Ἐκκλησίας
1163 1295 1228 1347 δι’
1278 1290 1558 1346 ἀσθένειαν
1618 1286 1849 1349 πίστεως
1926 1283 2006 1350 ἐξ-

414 1393 708 1464 ομνύονται
740 1390 837 1461 τὴν
877 1391 1077 1442 πίστιν.
1119 1387 1229 1440 Καὶ
1281 1385 1488 1456 μήποτε
1537 1378 1709 1434 ταῦτα
1761 1375 2006 1464 ἀναπέμ-

421 1501 579 1538 πεται
601 1485 693 1537 ἐπὶ
729 1484 821 1537 τὸν
850 1480 1038 1552 καιρὸν
1059 1480 1160 1550 τῆς
1193 1475 1549 1537 άποστασίας,
1567 1473 1695 1543 περὶ
1725 1463 1786 1524 οὗ
1808 1467 2000 1540 καιροῦ

415 1579 444 1630 6
487 1575 807 1639 Ἀπόστολος
861 1573 1107 1628 ἐδίδασκε
1160 1570 1363 1638 λέγων·
1415 1587 1434 1618 ‹
1483 1564 1607 1619 Ἐὰν
1659 1563 1734 1636 μὴ
1786 1560 1915 1633 ἔλθῃ
1968 1561 2001 1632 ἡ

416 1667 720 1724 ἀποστασία
783 1665 998 1739 πρῶτον
1023 1705 1038 1728 ,
1111 1663 1204 1718 καὶ
1286 1658 1644 1728 ἀποκαλυφθῇ
1717 1654 2003 1725 ἄνθρωπος

415 1758 513 1830 τῆς
567 1759 879 1830 ἁμαρτίας,
944 1758 973 1809 6
1028 1755 1156 1818 Υἱὸς
1212 1755 1311 1825 τῆς
1366 1751 1660 1813 ἀπωλείας.
1726 1767 1744 1799 ι
1801 1744 2002 1800 Τοῦτον

2109 544 2293 604 citur:
2337 546 2457 602 «Ne
2498 544 2760 616 projicias
2817 560 2904 598 me
2952 544 3007 598 in
3056 551 3306 613 temp-are
3354 544 3677 606 senectutis,

2109 664 2232 704 cum
2256 646 2474 701 deﬁciet
2507 645 2682 697 virtus
2721 656 2862 708 mea,
2893 656 2961 696 ne
2991 640 3342 710 derelinquas
3365 655 3505 696 me.»
3540 638 3676 694 Nam

2109 737 2412 795 secundum
2465 735 2627 789 aliam
2680 734 3077 804 expositionem
3119 747 3218 802 pro
3279 731 3525 787 Ecclesia
3577 747 3676 789 sua

2108 838 2384 902 precatur,
2417 838 2476 882 ut
2509 843 2578 883 ne
2604 829 2658 883 in
2696 835 2938 898 tempore
2986 834 3220 882 terrena:
3269 826 3420 881 illius
3455 825 3679 881 diutur-

2107 921 2298 977 nitatis
2341 921 2684 991 projiciatur.
2733 918 2888 985 Quod
2943 919 2995 974 si
3043 926 3176 973 tunc
3230 916 3448 972 deﬁciat
3501 917 3678 976 virtus

2106 1014 2249 1082 eges,
2285 1022 2442 1084 rogat
2483 1019 2543 1066 ut
2575 1027 2645 1068 ne
2683 1011 2765 1067 sic
2807 1011 3026 1082 quidem
3062 1011 3501 1081 derelinquatur.
3541 1009 3679 1065 Con-

2105 1108 2268 1177 tingit
2319 1107 2463 1162 enim
2521 1106 2866 1177 plerumque,
2919 1112 2981 1159 ut
3036 1105 3485 1175 persecutionum
3535 1111 3676 1159 tem-

2102 1216 2240 1271 pore
2269 1199 2510 1262 deﬁciat,
2547 1213 2673 1253 cum
2715 1198 2869 1251 multi
2905 1214 2970 1252 ex
3006 1197 3264 1253 Ecclesia:
3311 1211 3541 1267 corpore
3607 1196 3678 1250 ob

2106 1290 2232 1346 ﬁdei
2265 1289 2660 1356 inﬁrmitatem,
2702 1305 2822 1344 eam
2869 1289 3146 1359 abjurant.
3186 1287 3328 1344 Num
3375 1287 3518 1343 forte
3562 1288 3678 1343 haec

2104 1381 2391 1440 referenda
2434 1383 2505 1438 ad
2544 1389 2763 1453 tempus
2797 1381 3148 1448 defectionis,
3184 1381 3254 1438 de
3303 1398 3413 1454 quo
3445 1383 3678 1454 Aposto-

2105 1477 2192 1534 lus
2243 1477 2356 1533 haac
2413 1476 2633 1532 docuit:
2687 1475 2848 1531 «Nisi
2890 1476 3101 1532 venerit
3133 1475 3374 1532 defectio
3417 1477 3674 1546 primum,

2102 1577 2158 1624 et
2188 1569 2468 1624 revelatus
2525 1568 2693 1624 fuerit
2743 1568 2906 1622 homo
2955 1568 3188 1637 peccati,
3226 1568 3372 1624 ﬁlius
3420 1567 3677 1638 perditio-

2103 1660 2192 1717 nis
2207 1661 2305 1716 ⁸⁸.»
2351 1659 2465 1716 Hoc
2495 1675 2623 1716 vero
2657 1667 2875 1730 tempus
2924 1658 3184 1722 Servator
3229 1659 3534 1716 declaravit
3568 1660 3656 1715 his

2101 1755 2310 1811 verbis:
2342 1773 2360 1806 ‹
2383 1752 2524 1809 Num
2547 1754 2774 1809 veniens
2799 1752 2970 1810 Filius
2995 1753 3235 1809 hominis
3254 1754 3496 1811 inveniet
3515 1753 3676 1810 ﬁdem

413 1849 472 1903 δὲ
528 1850 618 1904 τὸν
679 1850 870 1922 καιρὸν
946 1850 976 1901 6
1021 1847 1212 1918 Σωτὴρ
1271 1844 1459 1917 ἐδήλου
1513 1842 1687 1911 λέγων
1711 1856 1726 1869 ο
1792 1857 1811 1890 ι
1846 1833 1994 1909 Ἆρα

2098 1863 2263 1919 super
2295 1857 2492 1902 terram
2516 1848 2596 1900 ουτ
2622 1866 2641 1900 ι
2674 1857 2728 1902 et
2761 1863 2991 1903 rursum
3019 1866 3032 1903 :
3064 1865 3084 1900 ι
3113 1846 3182 1902 Et
3211 1847 3472 1919 quoniam
3503 1847 3682 1903 abun-

416 1941 587 1997 ἐλθὼν
642 1943 670 1995 6
719 1942 847 2006 Υἱὸς
891 1941 987 1996 τοῦ
1035 1937 1323 2012 ἀνθρώπου
1383 1937 1605 2008 εὑρήσει
1662 1934 1763 2006 τ’ὴν
1814 1933 1998 1986 πίστιν

414 2035 508 2088 ἐπὶ
534 2034 635 2104 τῆς
664 2034 802 2106 γῆς;
831 2054 848 2085 ι
879 2035 990 2088 Καὶ
1039 2033 1200 2088 πάλιν
1224 2050 1239 2062 ·
1291 2051 1309 2083 ι
1337 2031 1436 2085 Διά
1461 2030 1518 2085 δὲ
1545 2029 1608 2082 τὸ
1633 2025 1999 2098 πληθυνθῆναι

413 2129 512 2198 τὴν
540 2127 791 2197 ἀνομίαν,
815 2125 1120 2197 ψυγήσεται
1152 2127 1186 2196 ἡ
1218 2123 1406 2195 ἀγάπη
1437 2121 1546 2176 τῶν
1569 2120 1799 2175 πολλῶν.
1826 2138 1844 2170 ι
1866 2117 2000 2171 Τότε

412 2219 523 2291 γάρ
554 2218 706 2272 ἔσται
746 2219 1014 2290 γηραλέον
1048 2218 1142 2270 καὶ
1176 2215 1400 2279 ἀσθενὲς
1431 2215 1492 2268 τὸ
1539 2214 1697 2285 σῶμα
1737 2211 1838 2282 τῆς
1879 2211 1999 2264 Ἐκ-

413 2311 662 2383 κλησίας.
682 2311 820 2365 Ἀλλ’
847 2311 933 2365 ἵνα
971 2310 1106 2382 μηδὲ
1144 2311 1264 2363 τότε
1307 2309 1512 2381 ἔρημος
1552 2303 1938 2375 καταλειφθείη
1970 2304 2000 2355 6

413 2404 541 2468 λαὸς
572 2402 758 2469 αὐτοῦ,
794 2404 1107 2473 ἀναγκαίως
1149 2403 1248 2467 τὰς
1287 2402 1650 2475 προκειμένας
1683 2399 1998 2469 ἀναπέμπει

414 2495 630 2563 φωνάς’
669 2514 687 2546 ‹
711 2496 768 2548 '0
804 2495 955 2558 Θεὸς,
990 2495 1074 2558 τίς
1100 2494 1498 2567 ὁμοιωθήσεταί
1525 2511 1637 2559 σοι;
1664 2493 1832 2555 Ὅσας
1865 2490 2000 2542 ἐδει-

413 2587 513 2653 ge;
564 2604 654 2658 μοι
706 2587 914 2657 θλίψεις
957 2588 1160 2653 πολλὰς
1213 2588 1308 2642 καὶ
1355 2587 1535 2652 κακά;
1563 2605 1580 2640 ι
1627 2584 1818 2639 καὶτὰ
1845 2582 1994 2652 ἐξῆς.

416 2679 555 2741 Τοὺς
579 2679 829 2750 ἀκριϐεῖς
861 2680 1055 2748 λόγους
1087 2681 1210 2734 καθ’
1244 2679 1336 2743 οὓς
1360 2681 1388 2732 6
1418 2679 1550 2742 Θεὸς
1577 2675 1672 2731 τοῦ
1710 2675 1838 2729 ἰδίου
1865 2674 1995 2727 Υἱοῦ

413 2771 516 2824 οὐκ
567 2772 839 2840 ἐφείσατο,
883 2773 998 2826 ἀλλ’
1027 2773 1170 2843 ὑπὲρ
1213 2773 1372 2843 ἡμῶν
1416 2773 1633 2825 πάντων
1684 2769 2000 2840 παρέδωκεν

415 2863 598 2927 αὑτὸν,
636 2864 710 2934 μὴ
763 2863 959 2932 γνόντα
1007 2881 1068 2917 τε
1115 2865 1278 2918 αὑτὸν
1327 2863 1601 2935 ἁμαρτίαν
1652 2861 1790 2934 ὑπὲρ
1839 2859 2000 2931 ἡμῶν

419 2955 690 3026 ἁμαρτίαν
723 2955 1000 3027 ἐποίησεν,
1026 2955 1202 3019 οὐδεὶς
1233 2955 1457 3010 δύναται
1497 2953 1722 3008 διελθεῖν
1761 2954 1795 3023 ἢ
1840 2952 2000 3024 μόνος

414 3047 595 3110 αὐτός.
637 3065 655 3099 ι
683 3048 780 3112 Τίς
817 3047 926 3122 γὰρ
976 3047 1116 3118 ἐγνω
1153 3047 1277 3103 νοῦν
1315 3047 1544 3120 Κυρίου,
1571 3047 1630 3110 ὃς
1672 3043 1999 3117 συμϐιϐάσει

413 3136 607 3202 αὐτόν;
639 3155 658 3188 ›
699 3136 820 3190 Οὐδ’
855 3138 923 3192 ἂν
970 3138 1221 3192 ἐπιϐάλοι
1264 3154 1348 3200 τις
1378 3139 1445 3208 τῇ
1487 3135 1582 3191 τοῦ
1625 3133 1761 3189 Θεοῦ
1795 3134 1996 3206 κρίσει,

2100 1940 2246 1996 davit
2295 1941 2577 2011 iniquitas,
2620 1933 2941 2011 refrigescet
2968 1940 3212 1996 Charitas
3254 1941 3552 1995 multorum
3579 1942 3619 1992 ί.
3651 1958 3671 1991 ι

2100 2034 2254 2089 Tunc
2285 2034 2430 2088 enim
2459 2049 2662 2103 corpus
2695 2032 2953 2090 Ecclesiae
2980 2033 3136 2089 senio
3164 2031 3474 2090 confectum
3506 2039 3562 2087 et
3589 2031 3678 2086 in-

2099 2127 2314 2182 ﬁrmum
2350 2126 2477 2182 erit.
2513 2125 2714 2181 Verum
2756 2143 2825 2182 ne
2855 2125 2950 2180 illo
2991 2134 3239 2196 tempore
3283 2126 3536 2182 desertus
3576 2138 3678 2196 po-

2099 2221 2262 2292 pulus
2289 2219 2411 2288 ejus
2453 2219 2820 2290 relinquatur,
2863 2219 3181 2275 necessario
3225 2220 3327 2275 has
3356 2218 3682 2289 profert'vo-

2099 2329 2230 2370 ces:
2262 2331 2279 2363 ι
2310 2311 2476 2374 Deus,
2511 2311 2638 2382 quis
2677 2309 2876 2366 similis
2916 2309 3023 2365 erit
3051 2309 3192 2364 tibi?
3215 2309 3462 2376 Quantas
3492 2318 3682 2365 osten-

2099 2405 2230 2461 disti
2278 2405 2410 2458 mihi
2441 2403 2829 2460 tribulationes
2879 2404 3081 2460 multas
3113 2411 3168 2458 et
3219 2403 3395 2458 mala?
3425 2422 3444 2456 ι
3492 2411 3547 2458 et
3584 2418 3683 2459 cae-

2099 2506 2236 2553 tera.
2271 2495 2408 2552 Nam
2451 2507 2766 2550 accuratam
2801 2494 3072 2550 rationem
3097 2509 3206 2550 cur
3235 2495 3382 2552 Deus
3408 2491 3550 2550 Filio
3580 2509 3682 2550 suo

2099 2605 2210 2645 non
2244 2589 2570 2660 pepercerit,
2608 2587 2704 2644 sed
2751 2602 2852 2658 pro
2888 2587 3052 2643 nobis
3095 2588 3352 2643 omnibus
3395 2587 3683 2642 tradiderit

2100 2680 2292 2746 illum;
2325 2693 2390 2732 ac
2411 2694 2536 2733 cum
2563 2686 2847 2749 peccaturo
2875 2692 2986 2733 non
3009 2684 3218 2743 nosset,
3252 2685 3532 2748 peccatum
3553 2691 3681 2732 eum

2100 2785 2200 2840 pro
2224 2769 2384 2824 nobis
2405 2767 2668 2842 eﬂ'ecerit,
2703 2782 2864 2824 nemo
2887 2776 3086 2839 praeter
3106 2769 3288 2838 ipsum
3317 2768 3494 2824 solum
3518 2782 3681 2823 enar-

2098 2876 2222 2916 rare
2254 2868 2455 2931 potest.
2498 2878 2516 2912 ι
2545 2859 2683 2927 Quis
2712 2861 2859 2916 enim
2884 2860 3038 2916 novit
3060 2875 3285 2917 sensum
3321 2858 3558 2926 Domini,
3583 2861 3682 2931 qui

2101 2953 2339 3010 instruat
2377 2968 2502 3010 eum
2523 2952 2582 3007 ’ί
2611 2973 2630 3006 ι
2665 2952 2851 3024 Neque
2873 2953 3019 3008 enim
3050 2954 3176 3024 quis
3202 2953 3258 3007 in
3289 2953 3384 3008 Dei
3407 2953 3685 3022 judicium

2103 3063 2226 3104 sese
2270 3045 2568 3102 immittere
2609 3046 2828 3110 audeat,
2884 3061 3062 3116 neque
3101 3045 3335 3101 consilia
3373 3045 3680 3115 deprehen-

2103 3139 2233 3195 dere
2256 3138 2453 3210 possit,
2488 3139 2645 3208 queis
2676 3137 2970 3209 Unigenito
3019 3152 3121 3194 suo
3168 3137 3411 3194 ostendit
3455 3137 3678 3192 tribula—

411 3229 519 3282 οὐδ’
553 3229 618 3283 ἀν
670 3227 882 3299 ἐξεύροι
933 3229 1062 3294 τοὺς
1104 3205 1528 3300 λογισμοὺςξδιν
1561 3226 1652 3291 οὓς
1703 3205 1998 3292 ἐνεδείξατο

2100 3233 2281 3288 tiones
2313 3239 2368 3287 et
2397 3233 2570 3287 multa
2596 3231 2763 3286 maia.
2794 3229 2983 3301 Neque
3015 3230 3072 3284 in
3098 3231 3168 3286 iis
3199 3230 3378 3300 ipsum
3409 3231 3675 3294 deseruit,

415 3323 494 3394 τῷ
526 3324 823 3394 Μονογενεῖ
865 3323 1073 3393 θλίψεις
1102 3313 1304 3386 πολλὰς
1329 3323 1425 3376 καὶ
1450 3320 1628 3375 κακά·
1665 3321 1726 3373 οὐ
1765 3319 1863 3390 μὲν
1891 3318 2000 3372 εἵα-

418 3427 511 3467 σεν
555 3414 718 3469 αὐτὸν
761 3414 818 3468 ἐν
857 3415 1075 3476 αὐταῖς⁸
1119 3412 1234 3467 ἀλλ’
1260 3410 1592 3482 ἐπιστρέψας
1635 3407 1999 3480 ἐζωοποίησεν

410 3506 576 3560 αὑτὸν
609 3507 704 3559 καὶ
737 3508 802 3559 ἐκ
842 3505 950 3558 τῶν
992 3505 1244 3559 ἀϐύσσων
1277 3505 1374 3576 τῆς
1400 3506 1503 3577 γῆς
1537 3503 1698 3558 πάλιν
1723 3505 1998 3575 ἀνήγαγεν

412 3598 594 3652 αὐτόν.
630 3599 843 3670 Σφόδρα
874 3599 932 3652 δέ
963 3598 1206 3670 ἀκριϐῶς
1235 3599 1449 3670 εἴρηται
1476 3599 1557 3662 τὸ,
1589 3597 1869 3662 «Ἔδειξάς
1907 3614 1996 3668 μοι

412 3689 621 3760 θλίψεις
650 3689 850 3752 πολλάς
881 3688 973 3742 καὶ
1000 3689 1167 3742 κακά.
1192 3709 1208 3740 ι
1231 3687 1378 3742 Ἰδὼν
1401 3688 1511 3759 γάρ
1531 3687 1631 3752 τὰς
1659 3687 1869 3756 θλίψεις
1901 3685 1996 3739 καὶ

410 3781 478 3834 τὰ
528 3779 906 3851 ὀνομαζόμενα
947 3779 1124 3844 κακὰ,
1171 3779 1272 3848 ούχ
1318 3779 1460 3833 ἑάλω
1504 3779 1595 3831 ὑπ’
1625 3777 1826 3842 αὐτῶν,
1873 3777 1996 3829 οὐδὲ

412 3871 621 3943 ἡττήθη
643 3889 657 3902 ο
694 3872 960 3944 κρείττων
991 3871 1047 3924 δέ
1083 3870 1298 3923 πάντων
1333 3871 1644 3940 γενόμενος,
1681 3868 1885 3940 θεωρὸς
1925 3863 1994 3937 ἦν

413 3967 618 4020 αὐτῶν·
654 3966 729 4030 ὡς
770 3966 988 4019 πάντων
1025 3964 1226 4035 μᾶλλον
1256 3965 1431 4015 εἰπεῖν
1454 3961 1520 4013 ἂν
1547 3961 1628 4024 τὸ,
1665 3979 1684 4010 ι
1708 3961 1797 4012 Ἑν
1832 3959 1994 4011 παντὶ

412 4060 740 4130 θλιϐόμενοι,
789 4057 903 4111 ἀλλ’
930 4058 991 4110 ού
1041 4053 1558 4124 στενοχωρούμενοι·
1605 4050 1990 4123 ἀπορούμενοι,

413 4153 526 4206 ἀλλ’
559 4152 661 4206 οὐκ
708 4150 1158 4223 ἐξαπορούμενοι·
1212 4144 1694 4216 καταϐαλλόμενοι,
1744 4143 1857 4197 ἀλλ’
1892 4143 1993 4196 οὐκ

413 4244 955 4316 ἐγκαταλειπόμενοι.
991 4262 1008 4294 ι
1044 4239 1229 4294 Ταῦτα
1275 4239 1383 4310 γὰρ
1411 4237 1624 4301 Παῦλος
1662 4237 1756 4289 καὶ
1798 4237 1847 4288 οἱ
1887 4253 1992 4288 πα·-

416 4337 702 4409 ραπλήσιοι
733 4335 915 4408 ὼφελη
926 4336 1074 4406 μένοι
1102 4333 1194 4388 τὸν
1229 4329 1548 4386 διδάσκαλον
1575 4328 1780 4398 ἔλεγον.
1799 4327 1992 4382 Ἀϐύσ-

416 4447 541 4494 σους
568 4430 624 4482 δὲ
655 4429 759 4498 γῆς
787 4426 1019 4482 ἐνταῦθα
1063 4425 1162 4496 τὴν
1204 4423 1314 4478 τῶν
1356 4420 1724 4492 καταχθονίων
1756 4421 1858 4491 γῆν
1884 4419 1991 4491 χώ-

416 4540 517 4594 ραν
545 4521 824 4605 ὠνόμαζεν
845 4537 858 4550 ·
899 4519 930 4572 ὃ
955 4517 1018 4589 δὴ
1055 4516 1336 4588 σαφηνίζει
1369 4516 1398 4568 6
1431 4513 1747 4577 Ἀπόστολος
1773 4511 1950 4582 λέγων
1971 4530 1986 4542 ·

420 4634 439 4666 ι
467 4614 558 4686 Μὴ
589 4614 769 4683 εἴπῃς,
797 4612 892 4674 Τίς
920 4609 1286 4682 καταϐήσεται
1307 4610 1384 4672 εἰς
1410 4608 1510 4680 τὴν
1535 4606 1788 4673 ἄϐυσσον,
1834 4622 1992 4658 τουτα

413 4707 529 4760 ἐστι
554 4705 785 4778 Χριστὸν
810 4707 875 4757 ἐκ
893 4701 1106 4774 νεκρῶν
1127 4703 1426 4772 ἀναγαγεῖν
1448 4719 1462 4766 ;
1506 4719 1524 4752 ι
1546 4700 1658 4754 Καὶ⁸
1680 4701 1736 4753 ἐν
1759 4699 1837 4771 τῷ
1871 4697 1991 4751 Ἰὼϐ

412 4799 469 4853 δὲ
489 4803 518 4854 6
543 4797 896 4871 χρηματίζων
923 4794 1073 4864 αύτῷ
1100 4794 1303 4866 Κύριος
1331 4794 1484 4862 ἔλεγε
1503 4811 1516 4823 ·
1554 4789 1785 4856 «Ἦλθες
1815 4791 1872 4844 δὲ
1900 4791 1995 4844 ἐπὶ

414 4891 594 4962 πηγὴν
625 4873 918 4961 θαλάσσης,
953 4890 1012 4943 ὲν
1055 4888 1112 4942 δὲ
1155 4886 1356 4958 ἴχνεσιν
1386 4885 1623 4939 ἀϐύσσου
1657 4883 1995 4956 περιεπάτη-

416 4983 884 5050 σας.Ἀνοίγονται
928 4981 985 5035 δέ
1027 4998 1109 5034 σοι
1147 4979 1296 5051 φόϐῳ
1331 4980 1496 5034 πύλαι
1528 4980 1756 5035 θανάτου
1777 4997 1790 5010 ⁸
1823 4981 2002 5034 πυλωε

415 5076 499 5148 pot
525 5074 582 5128 δὲ
617 5074 743 5145 ᾇδου
781 5073 980 5136 ἰδόντες
1007 5090 1067 5125 σε
1098 5071 1356 5143 ἔπτηξαν.
1389 5091 1408 5124 ι
1427 5073 1485 5125 '0
1523 5073 1582 5127 δὲ
1624 5074 1791 5127 είπὼν
1813 5071 1997 5127 ἐνταῦ-

414 5168 504 5231 θα,
537 5185 556 5218 ι
587 5166 697 5219 Καὶ
731 5168 795 5219 ἐκ
835 5165 944 5218 τῶν
980 5164 1232 5218 ἀϐύσσων
1260 5165 1359 5232 τῆς
1389 5165 1493 5235 γῆς
1525 5167 1686 5220 πάλιν
1719 5168 1994 5238 ἁνήγαγές

419 5276 510 5330 με,
545 5278 563 5310 ι
595 5259 782 5328 σαφῶς
817 5256 1055 5322 ἐδίδαξεν
1085 5256 1274 5310 ἐαυτὸν
1303 5257 1727 5328 κατεληλυθέναι
1777 5261 1855 5322 είς
1896 5259 2001 5322 τὰς

413 5349 684 5411 ἀϐύσσους
709 5349 808 5418 τῆς
833 5348 957 5418 γῆς,
988 5350 1081 5402 καὶ
1114 5348 1274 5402 πάλιν
1299 5348 1700 5420 ἀνεληλυθέναι.
1731 5351 1844 5403 Οὐκ
1874 5346 1994 5405 οἴδα

411 5441 471 5494 δὲ
510 5441 564 5494 εί
587 5459 670 5504 τις
711 5440 930 5494 δύναται
977 5441 1180 5512 ἐτέρως
1215 5441 1464 5496 ἐκλαϐεῖν
1509 5439 1679 5494 ταῦτα
1707 5441 1738 5512 ἢ
1769 5442 1863 5494 ἐπὶ
1898 5442 1990 5496 τὸν

412 5532 646 5605 Σωτῆρα
671 5533 764 5586 καὶ
787 5532 990 5604 Κύριον
1019 5533 1051 5603 ἡ
1060 5532 1173 5603 μῶν
1194 5533 1482 5604 ἀναφέρων
1505 5534 1604 5604 τὴν
1629 5534 1984 5604 προφητείαν.

476 5710 591 5783 ξπγΙΙ
614 5710 809 5770 Thess.
841 5727 904 5771 ιι,
945 5712 1010 5783 5,
1074 5714 1119 5745 θ’
1152 5713 1556 5783 Luc.,xvm,8.

417 5777 438 5810 '
461 5776 579 5846 Job,
601 5798 826 5849 xxxvm,
870 5783 952 5850 l6,
996 5782 1082 5836 l7.

2098 3324 2194 3381 sed
2225 3339 2530 3380 conversus
2564 3322 2866 3378 viviﬁcavit
2889 3337 3036 3387 eum,
3069 3330 3125 3379 et
3169 3322 3238 3377 de
3270 3322 3486 3395 abyssis
3516 3331 3678 3377 terra:

2096 3418 2293 3473 iterum
2327 3417 2547 3473 reduxit
2583 3432 2730 3472 eum.
2767 3416 3200 3473 Accuratissime
3242 3425 3426 3473 autem
3469 3417 3675 3472 dictum

2097 3509 2198 3566 fuit
2235 3511 2389 3575 illud,
2429 3529 2447 3561 ι
2479 3508 2779 3566 Ostendisti
2808 3508 2942 3563 mihi
2969 3509 3352 3564 tribulationes
3386 3510 3590 3566 multas
3619 3517 3675 3565 et

2097 3603 2258 3657 mala.
2294 3621 2313 3654 ι
2374 3601 2514 3656 Cum
2566 3600 2904 3672 prospiceret
2949 3600 3094 3656 enim
3147 3601 3564 3663 tribulationes,
3617 3612 3674 3657 et

2095 3692 2267 3748 multa
2304 3693 2398 3747 illa
2429 3708 2553 3764 quae
2585 3700 2852 3748 vocantur
2880 3692 3046 3757 mala,
3081 3707 3190 3748 non
3232 3700 3425 3764 captus
3459 3694 3527 3748 ab
3563 3694 3673 3750 illis

2095 3799 2273 3855 neque
2318 3785 2496 3840 victus
2537 3791 2659 3852 est;
2708 3784 2805 3840 sed
2845 3786 3102 3840 omnibus
3137 3786 3386 3856 superior
3421 3784 3668 3850 effectus,

2095 3879 2572 3949 contemplabatur
2617 3893 2716 3943 ea;
2769 3877 2844 3932 ita
2887 3887 2948 3932 ut
2981 3879 3068 3935 his
3108 3880 3337 3937 vocibus
3380 3882 3669 3952 plusquam

2093 3986 2285 4027 omnes
2333 3971 2426 4025 alii
2479 3985 2614 4026 usus
2663 3970 2733 4026 sit
2767 3991 2779 4024 :
2819 3989 2839 4021 ‹
2869 3969 2927 4024 ln
2962 3972 3221 4026 omnibus
3259 3973 3668 4028 tribulationem

2093 4063 2352 4134 patimur,
2375 4062 2473 4117 sed
2497 4077 2606 4116 non
2633 4063 3012 4132 angustiamur
3040 4081 3052 4114 :
3079 4063 3411 4130 aporiamur.
3439 4063 3534 4119 sed
3559 4080 3667 4118 non

2093 4154 2446 4210 destituimur
2476 4173 2489 4208 :
2518 4155 2829 4223 dejieimur,
2861 4155 2954 4209 sed
2983 4169 3090 4208 non
3122 4155 3610 4226 derelinquimur'.
3645 4178 3662 4207 ›

2092 4247 2218 4302 Ητεο
2248 4247 2450 4317 quippe
2481 4245 2709 4310 Paulus,
2757 4256 2811 4301 et
2840 4248 2933 4316 qui
2967 4261 3154 4316 parem
3207 4254 3372 4316 atque
3407 4248 3669 4319 magister

2091 4340 2184 4395 ille
2211 4339 2502 4395 utilitatem
2535 4348 2891 4410 perceperant
2918 4338 3192 4394 dicebant.
3233 4338 3476 4411 Abyssos
3510 4348 3670 4395 terra:

2092 4431 2181 4486 hic
2223 4431 2522 4487 inferorum
2569 4430 2844 4502 regionem
2887 4430 3102 4486 vocavit
3134 4451 3147 4486 :
3187 4432 3334 4503 quod
3372 4432 3668 4502 Apostolus

2092 4525 2327 4595 explicat
2347 4523 2568 4580 dicens:
2599 4543 2615 4574 ι
2647 4522 2726 4579 Ne
2747 4523 2901 4579 dicas
2925 4522 3094 4589 :Quis
3120 4523 3414 4580 descendet
3437 4524 3492 4578 in
3514 4524 3670 4595 abys-

2094 4614 2293 4682 sum‘;
2325 4615 2380 4670 id
2419 4621 2525 4679 est,
2572 4613 2856 4670 Christum
2907 4631 2972 4670 ex
3021 4614 3257 4670 mortuis
3309 4613 3609 4669 reducere?
3645 4633 3662 4663 ι

2094 4707 2158 4761 Ει
2188 4707 2243 4762 in
2271 4705 2375 4761 Job
2396 4722 2615 4778 quoque
2643 4705 2906 4761 Dominus
2933 4706 3028 4776 qui
3059 4707 3116 4760 in
3145 4706 3266 4776 ipso
3287 4706 3511 4760 oracula
3544 4704 3671 4760 fun-

2091 4798 2251 4853 debat
2290 4798 2405 4853 baac
2440 4797 2671 4868 protulit
2700 4817 2713 4852 :
2745 4817 2764 4850 ι
2799 4796 3008 4853 Venisti
3049 4811 3178 4851 vero
3227 4797 3284 4850 in
3320 4794 3524 4852 fontem
3553 4812 3672 4850 ma-

2090 4894 2190 4956 ris,
2225 4893 2282 4947 in
2327 4892 2576 4962 vestigiis
2609 4897 2793 4946 autem
2838 4891 3021 4962 abyssi
3053 4888 3368 4947 ambulasti.
3402 4891 3670 4961 Aperiun-

2093 4994 2182 5040 tur
2213 4999 2345 5044 vero
2391 4985 2488 5040 tibi
2519 4985 2718 5039 timore
2752 4991 2922 5053 porta:
2952 4983 3147 5038 mortis
3181 5003 3194 5037 :
3230 4983 3445 5039 ostiarii
3485 4993 3667 5041 autem

2093 5077 2294 5133 inferni
2339 5077 2587 5132 videntes
2634 5087 2687 5132 te
2730 5076 3016 5132 conterriti
3068 5077 3259 5131 sunt‘.
3296 5095 3314 5129 ι
3353 5075 3456 5143 Qui
3504 5091 3670 5146 porro

2093 5168 2183 5222 hic
2223 5169 2320 5229 ait,
2385 5186 2403 5219 ι
2437 5167 2502 5220 Et
2553 5166 2622 5222 de
2678 5166 2894 5238 abyssis
2939 5176 3099 5220 terrae
3151 5166 3350 5221 iterum
3400 5165 3668 5223 reduxisti

2095 5277 2202 5327 me,
2235 5281 2254 5312 ›
2288 5261 2436 5315 clare
2457 5260 2645 5314 docuit
2676 5275 2736 5315 se
2762 5263 2817 5314 in
2845 5258 3076 5330 abyssos
3106 5266 3268 5314 terra!
3287 5258 3666 5322 descendisse,

2099 5368 2163 5409 ac
2196 5368 2416 5408 rursum
2458 5351 2794 5408 ascendisse.
2827 5348 2938 5405 Nec
2978 5351 3095 5405 scio
3124 5359 3306 5405 utrum
3339 5351 3462 5421 quis
3490 5349 3680 5406 valeat'

2099 5444 2212 5498 hmo
2241 5442 2347 5498 alio
2383 5443 2635 5512 accipere
2681 5438 2866 5504 modo,
2911 5454 3074 5509 quam
3117 5439 3184 5492 ad
3237 5437 3582 5494 Servatorem
3615 5447 3672 5495 et

2101 5535 2385 5590 Dominum
2403 5543 2650 5588 nostrum
2665 5530 2950 5587 referendo
2964 5531 3324 5601 prophetiam.
3340 5529 3391 5588 ls
3406 5530 3523 5602 ipse
3540 5545 3673 5588 vero

1641 5718 1652 5745 '
1689 5715 1872 5770 Matth.
1909 5733 1997 5771 xvi

2114 5717 2195 5770 1:2.
2274 5719 2292 5748 '
2325 5714 2482 5770 Rom.
2510 5729 2583 5779 χι,
2617 5711 2703 5770 54.
2786 5711 2805 5742 ³
2834 5708 2877 5763 ll
2899 5710 3027 5767 Cor.
3064 5726 3138 5775 IV,
3163 5712 3219 5773 8,
3297 5712 3317 5742 ’⁵
3341 5709 3498 5768 Rem.
3523 5728 3578 5777 χ,
3605 5713 3660 5768 7.
