4056 6390
363 294 464 349 787

1035 294 1305 351 EUSEBII
1343 294 1825 352 CESARIENSIS
1863 296 2014 352 OPP.
2056 293 2240 349 PARS
2278 294 2366 350 Ill.
2389 325 2461 337 —-
2493 291 2904 349 EXEGETICA.

3514 284 3620 338 788

362 412 675 482 subiungit:
699 431 721 462 ι
742 412 1117 483 Multiplicasti
1157 416 1618 486 magniﬁcentiam
1656 433 1853 480 meam,
1883 425 1931 472 cl

2053 417 2110 469 '0
2138 416 2183 469 δ’
2217 415 2379 478 αύτὸς
2408 414 2652 482 ἐπιλέγει
2671 431 2683 444 ·
2721 431 2741 466 ι
2764 410 3123 475 Ἐπλεόνασας
3168 409 3266 481 τὴν
3320 406 3621 479 μεγαλοσύ-

360 518 663 558 conversus
681 505 1000 560 consolatus
1021 521 1082 561 es
1114 522 1222 560 me.
1257 527 1274 559 ι
1307 507 1594 572 Quomodo
1623 518 1802 563 autem
1833 507 1937 562 Pa-

361 603 445 650 ter
483 595 930 665 nmltiplicaverit
983 597 1445 666 magniﬁcentiam
1501 599 1778 672 Unigeniti
1826 601 1934 666 sui,

360 686 466 740 nisi
489 703 613 741 cum
646 687 888 743 ostendit
917 689 993 742 illi
1026 691 1412 746 tribulationes
1446 693 1647 748 multas
1677 701 1732 747 et
1762 693 1939 747 mala?

360 775 828 842 Quemadmodum
881 779 1028 833 enim
1075 782 1403 852 agonotheta
1446 784 1757 853 quispiam,
1811 801 1935 839 cum

362 869 650 925 adversum
689 872 899 926 multos
933 873 1193 927 athletam
1224 883 1441 929 exercet
1486 891 1667 941 suum,
1703 877 1824 946 ejus
1871 877 1939 931 li-

359 962 582 1032 quidius
635 963 893 1019 virtutem
939 965 1207 1029 ostendit,
1251 965 1472 1036 quando
1524 983 1648 1022 eum
1691 969 1936 1022 omnium

359 1053 621 1109 victorem
657 1056 949 1124 praedicat;
977 1055 1167 1111 eodem
1197 1057 1360 1112 modo
1390 1057 1551 1114 Pater
1573 1057 1695 1113 Filii
1723 1061 1937 1131 magni-

359 1145 634 1200 ﬁcentiam
667 1158 726 1202 ut
751 1149 1010 1205 omnibus
1051 1151 1229 1220 palam
1275 1149 1499 1216 faceret,
1535 1152 1724 1207 multis
1756 1153 1936 1222 ipsum

359 1237 812 1297 tribulationibus
840 1249 894 1296 et
921 1241 1082 1297 malis
1115 1242 1510 1312 circumdedit;
1545 1251 1606 1298 ut
1639 1251 1792 1314 parta
1813 1261 1940 1300 con-

357 1340 446 1386 tra
500 1346 692 1388 omnes
742 1335 1002 1401 victoria,
1065 1336 1209 1406 apud
1274 1352 1466 1392 omnes
1524 1336 1934 1408 pradicaretur.

359 1421 540 1489 Quare
572 1425 646 1478 ait
674 1445 692 1480 :
720 1444 738 1477 ι
770 1425 1145 1497 Multiplicasti
1180 1427 1642 1499 magniﬁcentiam
1673 1443 1880 1495 meam;
1912 1447 1932 1481 ι

359 1513 458 1572 sed
491 1525 616 1586 post
660 1517 774 1572 haec
807 1519 1016 1583 omnia,
1045 1519 1248 1589 inquit,
1289 1538 1307 1570 ι
1339 1533 1642 1574 conversus
1679 1519 1938 1574 consola-

357 1615 452 1663 tus
479 1623 540 1664 es
571 1625 675 1665 me.
711 1630 730 1660 ι
765 1607 886 1676 Quo
931 1618 1094 1681 pacto
1129 1611 1444 1666 consolatus
1477 1626 1601 1666 eum
1627 1618 1732 1674 est,
1769 1626 1936 1682 supe-

358 1701 477 1757 rius
520 1700 705 1755 docuit
753 1703 840 1757 his
886 1703 1066 1758 verbis
1099 1722 1112 1757 :
1145 1722 1163 1753 ι
1193 1702 1260 1756 Et
1298 1718 1600 1759 conversus
1649 1702 1936 1759 viviﬁcasti

2039 527 2136 580 νην
2174 526 2298 579 μου,
2329 509 2423 560 καὶ
2452 505 2786 578 ἐπιστρέψας
2814 503 3195 576 παρεκάλεσάς
3227 519 3317 574 με.
3341 521 3360 554 ι
3398 502 3524 564 Πῶς
3561 500 3622 554 δὲ

2036 599 2360 653 ἐπλεόνασεν
2393 599 2422 650 6
2459 597 2649 668 Πατὴρ
2695 596 2794 668 τὴν
2832 594 3203 667 μεγαλοσύνην
3243 593 3339 646 τοῦ
3373 594 3622 660 Μονογε-

2036 691 2160 754 νοῦς
2187 690 2375 755 αὑτοῦ,
2397 691 2431 762 ἢ
2459 690 2545 744 διὰ
2567 689 2661 742 τοῦ
2689 689 2857 754 δεῖξαι
2887 687 3036 758 αύτῷ
3059 687 3266 756 θλίψεις
3291 685 3490 748 πολλάς
3524 684 3622 737 καὶ

2037 783 2216 847 κακά;
2254 782 2466 852 Ὥσπερ
2511 781 2620 852 γάρ
2667 797 2751 844 τις
2785 777 3150 848 ἀγωνοθέτης,
3183 775 3395 839 πολλοῖς
3435 791 3619 845 παρα-

2037 873 2249 927 ϐάλλων
2277 872 2366 925 τὸν
2402 871 2594 926 ἑαυτοῦ
2620 871 2881 942 ἀθλητὴν,
2917 869 3176 941 μειζόνως
3202 866 3366 922 αὑτοῦ
3390 868 3488 938 τὴν
3525 868 3622 920 άν-

2035 965 2218 1036 δρείαν
2250 964 2603 1028 ἐπιδείκνυσι,
2637 965 2865 1034 νικητὴν
2906 964 3070 1018 αὑτὸν
3116 961 3368 1017 ἁπάντων
3413 961 3621 1030 ἀνακη-

2039 1055 2246 1128 ρύττων
2265 1075 2286 1088 ο
2309 1057 2401 1110 τὸν
2430 1058 2600 1112 αὐτὸν
2628 1058 2830 1128 τρόπον
2857 1059 2953 1110 καὶ⁵
2996 1058 3025 1110 6
3072 1054 3282 1126 Πατὴρ,
3313 1053 3412 1125 τὴν
3448 1069 3620 1124 μεγα-

2035 1149 2264 1220 λοσύνην
2293 1149 2386 1204 τοῦ
2413 1149 2543 1203 Υἱοῦ
2577 1152 2688 1213 τοῖς
2722 1151 2856 1204 πᾶσι
2880 1147 3119 1219 φανερὰν
3151 1146 3477 1210 ἐπιδεικνὺς,
3507 1145 3624 1198 θλί-

2035 1243 2156 1313 ψεις
2191 1241 2391 1305 πολλὰς
2435 1243 2530 1295 καὶ
2577 1241 2726 1295 κακά
2772 1240 3128 1312 περιέϐαλλεν
3156 1237 3324 1309 αὐτῷ,
3351 1238 3428 1300 ὼς
3461 1236 3526 1290 ἂν
3552 1238 3623 1291 τά

2038 1334 2180 1388 κατὰ
2223 1335 2439 1388 πάντων
2476 1333 2750 1405 ἀράμενος
2783 1333 3098 1403 νικητήρια,
3126 1329 3278 1402 παρά
3325 1331 3438 1391 τοῖς
3485 1329 3620 1382 πᾶσι

2037 1423 2356 1496 κηρυχθείη.
2393 1423 2485 1476 Διό
2516 1440 2707 1495 φησιν’
2748 1442 2766 1474 ι
2791 1423 3154 1485 Ἐπλεόνασας
3185 1420 3284 1492 τὴν
3314 1418 3622 1490 μεγαλοσύ-

2037 1533 2136 1586 νην
2183 1533 2306 1586 μου.
2337 1515 2536 1569 »Ἀλλά
2583 1514 2721 1586 μετὰ
2765 1514 2937 1568 ταῦτα
2990 1514 3188 1576 πάντα,
3237 1513 3423 1583 φησὶν,
3459 1530 3478 1562 ι
3507 1513 3622 1564 ἐπι-

2039 1607 2277 1678 στρέψας
2308 1605 2687 1678 παρεκάλεσάς
2720 1623 2808 1677 με.
2843 1625 2862 1658 ι
2893 1605 3017 1668 Πῶς
3047 1604 3104 1657 δὲ
3135 1601 3505 1674 παρεκάλεσεν
3528 1603 3619 1654 αύ-

2039 1700 2151 1768 τδν,
2178 1698 2524 1772 προεδίδαξεν
2571 1699 2829 1770 ἀνωτέρω
2867 1697 3034 1751 εἰπών
3053 1713 3064 1726 ·
3099 1715 3117 1746 ι
3142 1697 3254 1748 Καὶ
3285 1693 3618 1765 ἐπιστρέψας

356 1803 466 1852 me,
497 1796 550 1844 et
571 1789 638 1845 de
668 1790 882 1862 abyssis
907 1799 1068 1846 terra:
1093 1792 1290 1848 iterum
1318 1791 1587 1848 reduxisti
1613 1809 1720 1849 me.
1757 1814 1778 1846 ι
1809 1792 1931 1850 Haec

2036 1793 2408 1864 ὲζωοποίησάς
2439 1811 2529 1864 με,
2562 1795 2654 1846 καὶ
2686 1796 2751 1846 ἐκ
2782 1793 2890 1845 τῶν
2919 1790 3172 1845 ἀϐύσσων
3198 1789 3299 1858 τῆς
3324 1787 3427 1858 γῆς
3457 1787 3617 1842 πάλιν

357 1881 558 1952 quippe
593 1883 901 1939 consolatio
935 1892 1074 1948 erat,
1109 1887 1273 1954 quam
1306 1885 1606 1956 Apostolus
1636 1885 1724 1941 his
1747 1885 1933 1941 decla-

355 1985 538 2029 ravnt:
570 1994 588 2024 ι
618 1974 846 2046 Propter
879 1976 1027 2047 quod
1076 1986 1130 2031 et
1170 1976 1315 2032 Deus
1348 1973 1612 2033 exaltavit
1659 1978 1839 2041 illum,
1882 1986 1936 2033 et

354 2066 504 2123 dedit
537 2067 614 2120 illi
646 2083 867 2130 nomen,
896 2068 1048 2138 quod
1090 2076 1175 2124 est
1211 2085 1378 2140 super
1407 2085 1568 2124 omne
1599 2084 1841 2135 nomen;
1871 2077 1936 2123 ut

354 2158 415 2216 in
458 2160 677 2213 nomine
718 2157 849 2214 Jesu
899 2174 1062 2214 omne
1112 2175 1254 2230 genu
1303 2160 1554 2215 ﬂectatur
1601 2163 1935 2226 cmlestitim,

353 2251 702 2308 terrestrium
731 2261 784 2307 et
817 2250 1158 2306 infernorum
1185 2253 1226 2306 ‘.
1261 2272 1280 2304 ι

426 2434 597 2492 Vens.
621 2436 820 2494 22-24.
865 2456 884 2490 ι
914 2435 1049 2492 Nam
1082 2445 1136 2493 et
1165 2453 1265 2510 ego
1293 2439 1594 2495 conﬁtebor
1623 2441 1720 2495 tibi
1751 2441 1805 2496 in
1833 2454 1928 2496 va-

355 2528 434 2584 sis
468 2528 666 2598 psalmi
698 2530 982 2586 veritatem
1020 2536 1190 2584 tuam.
1225 2549 1243 2580 »
1276 2528 1359 2584 Tu
1387 2530 1517 2585 mihi
1548 2530 1768 2602 quidem
1794 2532 1930 2598 haec,

353 2620 542 2687 Pater,
588 2623 890 2693 praabuisti,
942 2623 1139 2694 inquit.
1194 2621 1324 2679 Post
1363 2625 1564 2681 multas
1613 2627 1759 2682 enim
1810 2627 1932 2681 illas

353 2715 760 2782 tribulationes,
797 2727 921 2788 post
953 2717 1214 2789 prmdicta
1259 2720 1426 2783 mala,
1465 2737 1484 2770 ι
1514 2735 1820 2778 conversus
1850 2723 1933 2778 vi-

352 2807 585 2864 vilicasti
621 2825 730 2875 me,
765 2817 818 2866 et
847 2810 916 2866 de
948 2811 1165 2882 abyssis
1215 2823 1373 2868 terra;
1416 2812 1616 2868 iterum
1665 2814 1932 2871 reduxisti

353 2915 462 2967 me,
494 2920 514 2954 ι
545 2909 600 2957 et
633 2903 957 2960 consolatus
1019 2919 1106 2960 me
1139 2919 1222 2970 es,
1272 2905 1646 2974 multiplicans
1685 2905 1933 2978 magniﬁ-

353 2991 591 3046 centiam
625 3008 822 3048 meam.
861 2992 974 3065 Ego
1003 3010 1136 3050 vero
1161 3009 1262 3065 pro
1290 2995 1508 3050 collatis
1548 2995 1648 3052 abs
1696 3005 1749 3052 te
1797 2996 1932 3051 mihi

354 3083 635 3139 beneﬁciis
664 3085 840 3141 vicem
875 3086 1202 3157 rependens,
1236 3104 1255 3138 ι
1285 3087 1586 3143 conﬁtebor
1618 3087 1714 3142 tibi
1744 3090 1799 3143 in
1838 3103 1935 3143 va-

356 3175 435 3230 sis
490 3175 727 3246 psalmi:
763 3195 782 3229 ι
812 3191 938 3231 nam
971 3195 990 3228 ι
1023 3178 1154 3247 quid
1209 3178 1505 3234 retribuam
1549 3177 1782 3234 Domino
1834 3195 1934 3249 pro

356 3269 612 3326 omnibus
643 3286 768 3342 qua:
799 3272 1056 3328 retribuit
1083 3273 1304 3327 mihi’?
1334 3293 1352 3325 ι
1393 3271 1507 3328 lmo
1537 3289 1668 3330 vero
1703 3291 1935 3346 appara-

358 3365 431 3418 tis
460 3362 608 3418 vasis
649 3363 747 3418 tibi
792 3367 1248 3436 congruentibus,
1291 3367 1747 3438 concinnatisque
1783 3371 1931 3439 psal-

356 3453 552 3510 modiae
589 3453 974 3514 instrumentis
1019 3465 1073 3513 te
1117 3458 1319 3530 dignis,
1359 3475 1458 3530 per
1507 3460 1623 3516 haec
1649 3462 1931 3518 veritatem

355 3556 506 3602 tuam
535 3549 772 3604 cantabo
794 3548 917 3615 tibi,
945 3551 1194 3621 talesque
1217 3551 1469 3607 excitabo
1489 3553 1752 3618 citharas,
1774 3556 1931 3626 queis

356 3638 498 3693 labia
527 3656 646 3694 mea
678 3641 1054 3708 exsultabant,
1092 3659 1307 3699 necnon
1342 3663 1360 3694 ι
1392 3644 1572 3699 anima
1615 3662 1736 3702 mea
1765 3663 1930 3717 quam

355 3726 660 3793 redemisti,
693 3748 716 3780 ι
747 3730 1016 3787 reducens
1041 3748 1160 3787 eam
1201 3733 1270 3788 de
1299 3733 1514 3804 abyssis
1555 3743 1736 3802 terra},
1766 3745 1822 3791 et
1850 3737 1933 3790 vi-

354 3818 585 3875 viﬁcans
618 3835 738 3875 eam
783 3829 1068 3892 postquam
1109 3831 1340 3878 mortem
1383 3827 1748 3880 sustinuerat.
1783 3824 1929 3881 Vasa

355 3918 534 3966 autem
575 3919 629 3967 et
675 3913 1036 3970 instrumenta
1076 3915 1186 3972 Deo
1219 3924 1396 3988 grata,
1419 3917 1622 3988 quibus
1659 3918 1931 3990 hodieque

352 4003 604 4060 Christus
637 4004 731 4061 Dei
760 4021 858 4077 per
887 4015 1061 4063 totum
1095 4010 1283 4065 orbem
1312 4011 1580 4080 psalmos,
1615 4011 1849 4084 hymnos
1875 4021 1930 4068 et

353 4097 543 4154 laudes
577 4097 724 4154 Patri
751 4101 970 4168 emittit,
1003 4117 1124 4172 quae
1145 4104 1352 4159 dixeris
1381 4119 1525 4170 esse,
1555 4105 1662 4160 nisi
1699 4106 1929 4177 pepnlos

352 4187 407 4242 in
439 4188 674 4260 singulis
707 4189 969 4246 Ecclesiis
995 4193 1408 4248 consistentes?
1441 4209 1676 4265 quorum
1715 4196 1929 4252 animas

351 4296 692 4352 componens
716 4282 812 4339 Dei
844 4282 1107 4347 Verbum,
1138 4286 1398 4356 ipsasque
1441 4301 1553 4342 uno
1593 4289 1930 4359 symphoniae

351 4380 406 4427 et
453 4374 758 4429 harmonia:
814 4375 1031 4430 vinculo
1087 4376 1237 4433 Patri
1290 4378 1581 4449 colligans,
1635 4381 1927 4437 amabilem

349 4466 681 4536 dulcemque
739 4468 1166 4523 modulationem
1223 4470 1443 4524 emittit.
1509 4469 1567 4525 Si
1621 4472 1747 4542 quis
1798 4487 1930 4542 ergo

351 4559 521 4613 animi
560 4558 760 4630 gratia,
792 4558 1155 4615 instrumenta
1195 4560 1286 4615 illa
1320 4559 1632 4616 Iudaeorum
1657 4570 1926 4628 veterum,

352 4651 669 4705 inanimatis
692 4665 760 4705 ex
796 4651 1020 4706 chordis
1054 4653 1311 4717 conﬂata,
1347 4668 1411 4708 ac
1442 4669 1552 4708 non
1584 4655 1928 4708 articulatam

350 4757 541 4798 vocem
567 4743 919 4812 proferentia,
953 4759 1080 4798 cum
1115 4744 1334 4816 hymnis
1366 4747 1420 4801 in
1451 4746 1655 4803 Christi
1685 4745 1929 4801 Ecclesia

349 4849 382 4887 a
422 4836 841 4892 rationabilibus
875 4836 1166 4892 animabus
1198 4836 1309 4894 Deo
1335 4837 1563 4895 emissis
1589 4839 1924 4904 contulerit;

349 4925 490 4980 nihil
521 4925 576 4980 in
625 4925 713 4981 bis
745 4926 924 4983 simile
953 4928 1344 4997 deprehendet.
1377 4929 1586 4997 Quovis
1629 4930 1773 4985 enim
1809 4945 1928 4985 cor-

350 5032 518 5087 poreo
547 5019 807 5088 psalterio
837 5020 1184 5089 praestantior
1215 5029 1301 5077 est
1332 5021 1648 5088 multitudo,
1678 5037 1800 5091 qua:
1828 5036 1924 5091 per

349 5120 523 5166 tomm
567 5112 757 5166 orbem
790 5127 900 5166 uno
928 5120 1219 5180 concentu,
1251 5113 1537 5169 harmonia
1585 5130 1716 5177 una,
1753 5113 1924 5170 Deum

349 5201 444 5272 qui
473 5217 640 5274 super
672 5203 854 5257 omnia
883 5212 968 5258 cst
997 5203 1257 5259 celebrat.
1291 5204 1465 5275 Cujus
1495 5205 1800 5262 ministerio
1831 5203 1924 5258 Fi-

350 5296 460 5352 lius
507 5312 565 5352 se
595 5295 745 5352 Patri
796 5299 1030 5368 psallere
1063 5298 1358 5354 conﬁtetur
1387 5300 1578 5356 dicens
1606 5320 1617 5354 :
1653 5318 1672 5351 ι
1705 5299 1837 5352 Nam
1870 5306 1926 5354 et

349 5404 452 5460 ego
480 5389 782 5445 conﬁtebor
815 5391 911 5445 tibi
943 5391 1000 5445 in
1029 5393 1176 5448 vasis
1203 5392 1400 5462 psalmi
1427 5392 1712 5448 veritatem
1745 5401 1918 5456 tuam,

350 5478 513 5534 Deus.
549 5501 568 5532 ι
606 5480 729 5537 Non
757 5483 900 5538 ultra
938 5485 1084 5539 enim
1117 5483 1341 5554 ﬁguras,
1373 5501 1487 5542 non
1518 5485 1765 5550 umbras,
1814 5501 1926 5541 non

351 5573 596 5642 symbols
631 5575 814 5643 qualia
846 5577 988 5646 apud
1021 5576 1260 5648 Moysem
1292 5588 1470 5643 erant,
1517 5579 1612 5636 sed
1643 5579 1925 5636 veritatem

459 5760 469 5781 '
507 5754 704 5827 Philip.
732 5771 793 5822 ιι,
825 5759 858 5812 9
940 5761 958 5791 "
983 5759 1126 5815 Psal.
1159 5775 1282 5828 cxv,
1321 5760 1408 5817 12.

2035 1887 2310 1958 ἀνήγαγές
2340 1904 2428 1957 με.
2457 1906 2476 1938 ι
2507 1887 2656 1957 Αὕτη
2685 1885 2793 1957 γὰρ
2822 1880 2891 1957 ἦν
2933 1886 2968 1954 ἡ
3014 1881 3380 1954 παράκλησις,
3411 1881 3477 1952 ἢν
3521 1881 3619 1934 καὶ

2033 1980 2063 2032 6
2099 1979 2418 2044 Ἀπόστολος
2462 1979 2808 2050 παρέστησεν
2853 1975 3055 2032 εἰπών·
3103 1994 3121 2026 ι
3153 1973 3243 2028 At?)
3278 1974 3374 2028 καὶ
3418 1976 3446 2027 6
3489 1973 3621 2037 Θεὸς

2035 2068 2392 2141 ὑπερύψωσεν
2447 2069 2628 2132 αὐτὸν,
2663 2069 2758 2122 καὶ
2808 2066 3102 2138 ἐχαρίσατο
3149 2063 3298 2134 αὐτῷ
3335 2063 3527 2134 ὄνομα,
3559 2062 3624 2116 τὺ

2034 2161 2169 2234 ὑπὲρ
2200 2163 2309 2215 πᾶν
2336 2161 2505 2234 ϐνομα
2525 2178 2538 2191 ·
2572 2163 2659 2216 ἵνα
2691 2165 2748 2215 ὲν
2779 2161 2857 2233 τῷ
2881 2161 3106 2230 ὀνόματι
3150 2156 3325 2230 Ἰησοῦ
3355 2159 3463 2210 πᾶν
3489 2157 3620 2226 γόνυ

2034 2253 2249 2325 κάμψῃ,
2306 2253 2670 2322 ἐπουρανίων,
2707 2252 2803 2306 καὶ
2855 2250 3137 2318 ἐπιγείων,
3197 2250 3292 2302 καὶ
3352 2246 3623 2318 καταχθο-

2034 2345 2184 2398 νίων.
2217 2364 2236 2396 ι

2108 2455 2126 2488 ι
2150 2437 2262 2490 Καὶ
2285 2436 2393 2507 γὰρ
2418 2436 2527 2505 ἐγὼ
2549 2435 3020 2508 ἐξομολογήσομαί
3051 2453 3132 2489 σοι
3166 2436 3224 2487 ὲν
3253 2435 3470 2490 σκεύεσι
3491 2432 3621 2504 ψαλ-

2037 2530 2138 2601 μοῦ
2167 2533 2265 2600 τὴν
2298 2529 2555 2602 ἀλήθειάν
2589 2547 2706 2583 σου.
2738 2549 2758 2581 ι
2797 2530 2868 2583 Σὺ
2907 2529 3006 2600 μὲν
3047 2529 3173 2600 ἐμοὶ
3207 2527 3401 2593 ταῦτα,
3431 2527 3618 2596 φησὶν,

2033 2615 2080 2674 ὦ
2119 2621 2321 2695 Πάτερ,
2355 2621 2666 2694 παρέσχου’
2707 2620 2844 2692 μετά
2886 2620 2996 2692 γάρ
3027 2619 3129 2684 τὰς
3177 2619 3377 2684 πολλάς
3409 2619 3621 2689 θλίψεις

2034 2719 2128 2772 καὶ
2172 2716 2242 2771 τὰ
2286 2715 2586 2787 λελεγμένα
2627 2716 2776 2771 κακὰ
2814 2735 2833 2768 ι
2865 2713 3202 2786 ἐπιστρέψας
3245 2711 3621 2785 ὲζωοποίησάς

2037 2829 2124 2882 με,
2151 2811 2245 2864 καὶ
2270 2813 2334 2865 ὲκ
2353 2809 2460 2863 τῶν
2484 2809 2738 2864 ἀϐύσσων
2759 2811 2856 2883 τῆς
2880 2809 2984 2880 γῆς
3013 2807 3174 2862 πάλιν
3196 2807 3468 2877 ἀνήγαγές
3493 2823 3617 2877 με,›

2034 2905 2130 2958 καὶ
2178 2902 2560 2976 παρεκάλεσάς
2605 2921 2695 2974 με,
2745 2902 3050 2966 πλεονάσας
3095 2901 3196 2973 τὴν
3246 2899 3620 2972 μεγαλοσύνην

2039 3013 2139 3067 μου
2159 3011 2174 3024 ·
2205 2995 2360 3064 κάγὼ
2388 2996 2466 3060 δὲ,
2495 2995 2857 3068 ἀμειϐόμενος
2892 2995 2992 3059 τάς
3019 2997 3100 3058 εἰς
3134 2994 3235 3065 ὲμέ
3269 3010 3364 3046 σου
3393 2994 3619 3064 εὐεργε-

2040 3089 2181 3154 σίας,
2220 3106 2239 3140 ι
2285 3087 2753 3160 ὲξομολογήσομαί
2795 3105 2878 3141 σοι
2920 3089 2978 3140 ὲν
3017 3087 3235 3140 σκεύεσι
3271 3084 3516 3157 ψαλμοῦο
3564 3085 3622 3138 τί

2036 3179 2144 3252 γὰρ
2169 3179 2545 3236 ἀνταποδώσω·
2570 3179 2855 3252 τῷοΚυρίῳ
2880 3179 3009 3252 περὶ
3035 3180 3252 3235 πάντων
3287 3172 3362 3233 ὧν
3380 3177 3620 3232 ἀνταπέ-

2033 3271 2175 3325 δωκέ
2207 3288 2330 3342 μοι;
2362 3290 2382 3324 ι
2403 3271 2562 3326 Ἀλλά
2584 3271 2698 3343 γάρ
2713 3272 2783 3326 τά
2805 3288 2885 3325 σοι
2916 3271 3196 3343 πρέποντα
3226 3270 3394 3342 σκεύη
3420 3286 3622 3341 καταρ-

2033 3361 2337 3434 τιζόμενος,
2361 3363 2571 3432 ὄργανά
2590 3362 2650 3415 τέ
2679 3379 2771 3415 σου
2793 3363 2918 3428 ἀξια
2936 3361 3252 3433 ψαλμῳδίας
3281 3361 3620 3414 κατασκευά-

2035 3471 2155 3519 σας,
2188 3453 2255 3506 δι⁹
2284 3452 2462 3506 αὐτῶν
2488 3453 2588 3524 τὴν
2614 3451 2870 3524 ἀλήθειάν
2892 3469 2986 3506 σου
3005 3451 3162 3522 ψαλῶ
3185 3469 3288 3517 σοι,
3323 3451 3414 3504 καὶ
3443 3451 3621 3504 τοιαύ-

2032 3563 2132 3610 τας
2165 3564 2248 3600 σοι
2280 3546 2512 3616 κιθάρας
2534 3547 2843 3618 ἀναστήσω,
2871 3546 2936 3600 δι’
2967 3538 3042 3600 ὧν
3071 3545 3139 3599 τὰ
3159 3544 3309 3617 χείλη
3335 3562 3436 3616 μου
3458 3543 3619 3613 ἀγαλ-

2033 3639 2298 3702 λιάσεται,
2328 3637 2465 3692 ἀλλά
2513 3639 2608 3694 καὶ
2657 3640 2734 3710 ιή
2779 3639 2926 3710 ψυχή
2981 3657 3104 3710 μου,
3127 3638 3195 3708 ἢν
3239 3636 3550 3709 ὲλυτρώσω,
3591 3656 3612 3688 ι

2032 3729 2371 3794 ἀναϐιϐάσας
2397 3730 2567 3802 αὐτὴν
2588 3731 2653 3784 ὲκ
2673 3730 2781 3783 τῶν
2809 3730 3062 3785 ἀϐύσσων
3089 3729 3189 3798 τῆς
3221 3727 3347 3798 γῆς,
3374 3729 3466 3781 καὶ
3491 3727 3622 3792 ζωο-

2035 3823 2268 3892 ποιήσας
2299 3822 2470 3894 αὐτὴν
2517 3821 2638 3894 μεθ’
2669 3821 2728 3876 ὃν
2762 3822 3021 3893 ὑπέμεινε
3062 3821 3310 3877 θάνατον.
3341 3821 3519 3893 Σκεύη
3557 3822 3617 3875 δὲ

2032 3915 2127 3969 καὶ
2173 3915 2378 3987 ϐργανα
2419 3914 2497 3986 τῷ
2543 3915 2660 3986 Θεῷ
2705 3915 3098 3986 κεχαρισμένα,
3123 3913 3191 3966 δι’
3220 3907 3294 3969 ὧν
3320 3915 3487 3968 εἰσέτι
3520 3915 3615 3968 καὶ

2032 4007 2127 4062 νῦν
2176 4010 2206 4062 ό
2251 4008 2486 4080 Χριστὸς
2531 4008 2623 4062 τοῦ
2673 4007 2809 4062 Θεοῦ
2855 4008 2977 4062 καθ’
3011 4007 3139 4079 ὅλης
3168 4008 3266 4079 τῆς
3291 4007 3615 4079 οἰκουμένης

2031 4098 2350 4171 ψαλμῳδίας
2374 4101 2690 4171 ἀναπέμπει
2724 4118 2817 4154 και
2846 4099 3048 4170 ῦμνους
3079 4100 3173 4153 καὶ
3195 4098 3377 4164 αῖνους
3409 4098 3484 4170 τῷ
3510 4099 3616 4151 Πα-

2030 4194 2141 4265 τρὶ,
2166 4194 2317 4257 τίνας
2354 4194 2420 4248 ἂν
2452 4193 2626 4257 εἴποις
2648 4193 2682 4264 ἢ
2705 4195 2832 4257 τοὺς
2865 4193 2984 4246 καθ’
3009 4193 3244 4264 ἑκάστην
3292 4191 3615 4265 Ἐκκλησίαν

2031 4285 2226 4350 λαούς;
2251 4279 2349 4338 Ὧν
2398 4284 2498 4348 τὰς
2539 4283 2718 4353 ψυχάς
2767 4283 3046 4347 συντείνας
3073 4286 3101 4338 6
3126 4283 3220 4336 τοῦ
3252 4282 3388 4337 Θεοῦ
3420 4283 3614 4351 Λόγος,

2031 4379 2322 4448 συμφωνίᾳ
2347 4394 2407 4430 τε
2441 4377 2534 4430 καὶ
2575 4376 2808 4448 ἁρμονίᾳ
2837 4378 2936 4448 μιᾷ
2965 4375 3364 4448 συνδησάμενος
3389 4375 3468 4446 τῷ
3501 4377 3614 4429 Πα-

2031 4472 2141 4542 τρὶ,
2177 4469 2451 4543 προσφιλῆ
2500 4469 2595 4523 καὶ
2643 4470 2826 4540 ήδείαν
2872 4470 3185 4541 ἀναπέμπει
3235 4469 3520 4542 μελῳδίαν.
3547 4467 3620 4522 Ei.

2033 4564 2164 4633 γοῦν
2204 4581 2290 4628 τις
2334 4563 2409 4626 ὡς
2440 4564 2496 4615 ὲν
2532 4561 2831 4634 παραθέσει
2865 4561 3150 4635 σύγκρισιν
3192 4564 3467 4634 ποιήσοιτο
3505 4561 3614 4614 τῶν

2033 4656 2200 4710 πάλαι
2249 4655 2401 4726 παρὰ
2439 4655 2708 4719 Ἰουδαίοις
2735 4657 3061 4727 σωματικῶν
3107 4655 3354 4728 ὀργάνων
3383 4655 3442 4720 ἐξ
3471 4654 3614 4725 ἀψύ-

2030 4766 2142 4819 χων
2193 4747 2397 4820 χορδῶν
2447 4749 2988 4820 κατεσκευασμένων,
3021 4750 3205 4820 φωνήν
3241 4766 3300 4802 τε
3343 4747 3614 4820 άναρθρον

2034 4839 2392 4911 ὲξηχούντων,
2421 4839 2515 4894 καὶ
2542 4839 2651 4894 τῶν
2677 4841 2734 4894 ὲν
2759 4844 2824 4912 τῇ
2855 4839 3091 4910 Χριστοῦ
3128 4840 3423 4912 Ἐκκλησίᾳ
3437 4841 3502 4894 ὲκ
3525 4840 3615 4893 λο-

2033 4934 2206 5003 γικῶν
2233 4933 2420 5004 ψυχῶν
2450 4933 2920 5005 ἀναπεμπομένων
2954 4932 3136 5003 ὓμνων
3171 4931 3250 5003 τῷ
3281 4931 3420 5002 Θεῷ,
3461 4931 3615 4985 οὐδὲν

2031 5024 2098 5080 ἂν
2147 5025 2299 5098 εὖροι
2339 5028 2541 5098 ὅμοιον.
2578 5026 2783 5090 Παντὸς
2824 5024 2933 5096 γὰρ
2975 5025 3257 5097 κρείττονα
3299 5023 3613 5096 σωματικοῦ

2031 5117 2331 5190 ψαλτηρίου
2377 5119 2634 5190 τυγχάνει
2683 5118 2753 5172 τὰ
2799 5117 2978 5190 πλήθη
3003 5117 3072 5170 τὰ
3103 5116 3222 5170 καθ’
3249 5115 3378 5187 ὅλης
3408 5116 3506 5186 τῆς
3535 5117 3609 5168 oi-

2033 5209 2306 5281 κουμένης
2335 5209 2624 5281 συμφωνίᾳ
2653 5212 2750 5280 μιᾷ
2772 5211 2865 5263 καὶ
2892 5209 3127 5282 ἁρμονίᾳ
3156 5209 3246 5263 τὸν
3277 5210 3371 5263 ἐπὶ
3395 5209 3613 5262 πάντων

2031 5303 2164 5358 Θεὸν
2197 5304 2488 5375 ὑμνοῦντα,
2522 5305 2589 5358 δι’
2608 5297 2682 5356 ὧν
2709 5306 2738 5358 6
2768 5304 2895 5366 Υἱὸς
2925 5321 3003 5374 τῳ
3026 5305 3201 5375 Πατρὶ
3229 5301 3451 5372 ψάλλειν
3478 5301 3609 5372 ὁμο-

2028 5393 2178 5466 λογεῖ
2209 5399 2465 5466 φάσκων·
2503 5417 2520 5448 ι
2550 5398 2660 5451 Καὶ
2711 5398 2821 5469 γὰρ
2867 5397 2978 5462 ἐγὼ
3021 5395 3484 5468 έξομολογήσομαί
3528 5411 3611 5447 σοι

2030 5488 2088 5539 ἐν
2116 5488 2334 5542 σκεύεσι
2356 5489 2570 5560 ψαλμοῦ
2598 5490 2696 5559 τὴν
2725 5489 2982 5561 ἀλήθειάν
3009 5505 3125 5552 σου,
3152 5489 3181 5541 6
3206 5488 3355 5551 Θεός.
3373 5506 3391 5538 ι
3413 5485 3612 5540 Οὐκέτι

2029 5580 2140 5652 γὰρ
2165 5581 2388 5646 τύπους,
2407 5582 2526 5636 ούδὲ
2561 5582 2717 5647 σκιάς
2745 5583 2838 5638 καὶ
2867 5580 3130 5653 σύμϐολα,
3148 5573 3234 5640 οἷα
3261 5575 3328 5651 ἧν
3357 5578 3426 5632 τὰ
3458 5576 3610 5650 παρά
