4056 6374
422 353 526 410 789

1553 339 2060 403 COMMENTARIA
2094 338 2160 392 1N
2203 337 2544 393 PSALMOS.

3583 340 3683 396 790

420 471 664 534 Μωῦσεῖ,
691 470 788 541 τὴν
838 469 895 522 δὲ
942 467 1199 540 ἀλήθειαν
1239 468 1339 539 τὴν
1390 467 1488 539 σὴν
1520 468 1858 540 παραστήσω
1887 465 2000 526 τοῖς

2110 467 2252 512 luam
2285 456 2600 511 hominibus
2634 452 2949 518 declarabo,
2979 460 3032 507 et
3069 471 3087 504 ι
3121 454 3348 523 psallam
3380 453 3479 510 tibi
3515 455 3569 509 in
3605 445 3695 509 ci;

419 561 745 632 ἀνθρώποις,
770 562 863 615 καὶ
910 579 928 612 «
955 560 1110 630 ψαλῶ
1160 577 1241 614 σοι
1287 561 1345 614 ὲν
1389 559 1612 632 κιθάρᾳ,
1641 561 1670 613 ὁ
1709 560 1861 629 ἅγιος
1903 555 1996 610 τοῦ

434 657 682 727 Ἰσραήλ·
714 675 732 707 3
771 655 803 726 ἢ
836 656 980 708 κατὰ
1016 655 1108 709 τὸν
1148 654 1398 719 ’Ᾱκύλαν,
1439 674 1456 705 «
1484 654 1792 726 Μελῳδήσω
1826 671 1907 706 σοι
1941 655 1996 706 ὲν

419 747 639 820 κιθάρᾳ,
673 747 793 816 ἆγιε
837 747 1070 818 Ἰσραήλ.
1110 767 1128 800 3
1151 746 1308 801 Ἀλλὰ
1341 747 1436 801 καὶ
1470 765 1488 798 «
1516 745 1901 816 ἀγαλλιάσεται
1929 744 1999 798 τὰ

417 839 569 910 χείλη
606 857 730 910 μου,
755 840 884 893 ὅταν
913 839 1068 908 ψαλῶ
1101 857 1184 892 σοι
1206 857 1219 869 ·
1254 859 1272 892 3
1303 838 1336 910 ἢ
1371 839 1512 892 κατὰ
1544 838 1636 891 τὸν
1679 838 1995 910 Σύμμαχον,

421 951 444 984 «
471 932 794 1004 Εύφημήσει
827 931 894 986 τὰ
923 932 1079 1002 χείλη
1119 950 1242 1003 μου,
1279 932 1406 984 ὅταν
1447 930 1741 1002 μελῳδήσω
1769 947 1870 993 σοι,
1903 930 1997 982 καὶ

417 1026 452 1092 ἠ
477 1023 622 1094 ψυχή
655 1041 779 1094 μου,
807 1024 874 1094 ἡν
905 1023 1345 1096 ὲλυτρὼσω.Ἐτι
1373 1022 1428 1075 δὲ
1461 1023 1609 1092 καὶὴ
1643 1020 1864 1090 γλῶσσὰ
1894 1036 1994 1090 μου

421 1112 714 1184 μελητήσει
756 1113 884 1182 ὃλην
926 1113 1025 1184 τὴν
1067 1113 1280 1185 ἡμέραν
1321 1112 1417 1184 τὴν
1449 1110 1796 1181 δικαιοσύνην
1823 1127 1936 1164 σου.
1973 1130 1991 1162 3

418 1203 586 1275 Χείλη
613 1203 668 1257 δὲ
702 1205 796 1257 καὶ
824 1204 1074 1273 γλῶσσαν
1101 1202 1266 1257 αὑτοῦ
1294 1202 1607 1274 μελετῶσαν
1649 1201 1749 1273 τὴν
1793 1201 1998 1254 δικαιο-

419 1296 587 1366 σύνην
605 1295 698 1350 τοῦ
725 1297 939 1370 Πατρὸς
967 1298 1066 1350 οὐκ
1103 1295 1169 1350 ἂν
1211 1295 1476 1366 ἁμάρτοις
1509 1293 1677 1348 εἰπὼν
1701 1295 1825 1358 τοὺς
1849 1297 1905 1346 ὲν
1930 1297 1995 1365 τῇ

431 1386 725 1461 Ἐκκλησία
752 1389 914 1442 αὑτοῦ
941 1389 1171 1459 ἀσκήσει
1188 1388 1344 1442 θείων
1368 1388 1541 1457 λόγων
1566 1387 1792 1450 ἑαυτοὺς
1815 1389 2001 1440 ἀνατε-

419 1479 688 1544 θεικότας.
733 1483 842 1534 Καὶ
887 1480 1057 1534 ταῦτα
1106 1481 1301 1546 πάντα,
1349 1481 1501 1550 φησὶ,
1551 1481 1780 1551 ποιήσω,
1825 1497 1842 1528 «
1872 1479 1998 1532 ὅταν

415 1573 747 1644 αἰσχυνθῶσι
795 1574 890 1627 καὶ
935 1574 1277 1645 ὲντραπῶσιν
1326 1575 1376 1627 οἰ
1425 1572 1712 1643 ζητοῦντες
1752 1572 1820 1624 τὰ
1853 1570 2001 1624 κακά

417 1683 538 1736 μοι’
572 1685 591 1718 3
625 1665 657 1737 ἢ
686 1665 825 1720 κατὰ
851 1666 942 1719 τὸν
967 1667 1284 1738 Σύμμαχον,
1325 1666 1481 1718 «Ὅτι
1525 1664 1996 1738 κατῃσχύνθησαν,

415 1758 451 1830 ἢ
485 1758 566 1811 ὅτι
595 1759 968 1831 ἀπωρύγησαν
996 1761 1046 1812 οἰ
1079 1757 1366 1831 ζητοῦντες
1397 1758 1496 1830 τὴν
1525 1757 1766 1812 κάκωσιν
1803 1775 1902 1828 μου
1923 1774 1935 1787 ·
1975 1776 1993 1809 3

2107 551 2284 614 thara,
2328 556 2557 606 sanctus
2601 546 2788 602 Israel.
2825 566 2842 599 3
2889 545 3015 603 Sive
3053 548 3356 602 secundum
3407 547 3681 618 Aquilam,

2113 661 2130 694 «
2164 640 2487 695 Modulabor
2532 639 2632 695 tibi
2683 639 2738 693 in
2778 639 3012 703 cithara,
3059 646 3250 693 sancte
3285 637 3474 693 Israel.
3516 658 3534 690 3
3576 637 3682 694 Sed

2105 733 2269 788 etiam
2332 732 2736 788 «exsultabunt
2795 731 2941 786 labia
3003 745 3157 796 mea,
3211 745 3334 784 cum
3393 739 3684 784 cantavero

2105 825 2238 892 tibi;
2272 846 2289 878 3
2325 825 2442 880 sive
2474 823 2776 880 secundum
2809 823 3220 894 Symmachum,
3255 840 3274 873 «
3305 821 3676 877 Cclebrabunt

2107 913 2250 968 labia
2298 928 2417 968 mea
2468 927 2593 966 cum
2650 911 2973 966 modulabor
3021 911 3142 977 tibi,
3197 919 3253 966 et
3309 910 3490 964 anima
3542 926 3682 973 mea,

2104 1019 2271 1074 quam
2301 1000 2602 1056 redemisti.
2637 999 2745 1055 Sed
2775 1007 2829 1055 et
2873 1001 3054 1072 lingua
3085 1015 3202 1055 mea
3238 1007 3352 1054 tota
3377 999 3467 1054 die
3509 999 3682 1055 medi-

2104 1094 2313 1149 tabitur
2339 1092 2608 1163 justitiam
2653 1099 2826 1146 tuam.
2861 1111 2878 1144 3
2918 1090 3082 1146 Labia
3128 1099 3310 1146 autem
3345 1101 3399 1146 et
3443 1091 3684 1160 linguam

2105 1187 2224 1258 ejus
2255 1185 2611 1241 meditantem
2648 1184 2920 1254 justitiam
2949 1183 3155 1248 Patris,
3197 1199 3305 1238 non
3341 1183 3685 1238 aberraveris

2106 1279 2154 1334 si
2188 1279 2342 1334 dicas
2373 1293 2469 1332 eos
2517 1292 2638 1332 esse
2669 1277 2761 1346 qui
2810 1277 2864 1330 in
2911 1275 3157 1332 Ecclesia
3198 1277 3373 1347 ipsius
3415 1279 3687 1332 exercita-

2105 1371 2242 1425 tioni
2275 1369 2472 1424 divina
2508 1367 2806 1439 Scriptura
2847 1385 2970 1425 sese
3009 1379 3434 1427 consecrarunt.
3470 1370 3535 1425 Et
3567 1372 3685 1426 hac

2105 1460 2309 1526 omnia,
2344 1460 2541 1530 inquit,
2588 1460 2809 1526 faciam,
2863 1479 2882 1512 ‹
2920 1476 3046 1516 cum
3098 1460 3312 1516 confusi
3358 1470 3416 1518 et
3462 1464 3684 1518 reveriti

2107 1553 2312 1608 fuerint
2344 1553 2437 1623 qui
2471 1560 2729 1622 quarunt
2764 1551 2908 1606 mala
2950 1552 3118 1620 mihi;
3152 1572 3170 1604 3
3213 1553 3351 1618 sive,
3381 1555 3685 1610 secundum

2109 1642 2518 1714 Symmachum,
2560 1661 2578 1694 «
2608 1641 2747 1708 Quia
2779 1641 2996 1698 confusi
3035 1650 3186 1709 sunt,
3221 1650 3318 1697 aut
3344 1635 3472 1715 quia
3503 1642 3684 1699 effossi

2108 1742 2236 1790 sunt
2266 1735 2359 1804 qui
2382 1740 2634 1805 quarunt
2656 1732 3003 1789 aﬂlictionem
3027 1749 3225 1797 meam,
3259 1754 3279 1787 3
3314 1735 3452 1799 sive,
3487 1751 3655 1791 secun
3685 1768 3687 1772 -

417 1849 456 1921 ἢ
485 1850 627 1904 κατὰ
655 1830 744 1904 τὸν
776 1850 1028 1915 Ἀκύλαν,
1053 1830 1206 1905 «Ὅτι
1235 1850 1687 1923 κατῃσχύνθησαν
1708 1851 1757 1903 ot
1780 1848 2005 1920 ζητοῦν·
2034 1831 2076 1886 Β
2105 1834 2234 1888 dum
2279 1833 2555 1903 Αίίυίιθων
2613 1852 2632 1884 ⁴
2663 1831 2801 1923 Quia
2854 1830 3071 1887 θοηῖιιεί
3117 1839 3247 1886 sum
3293 1832 3387 1902 qui
3434 1848 3686 1902 ίΐυδέῐυηδ

419 1957 512 2005 τες
555 1943 754 1995 κακίαν
803 1961 924 2014 μου.
955 1962 972 1993 3
1007 1943 1246 2014 Πάρεστι
1278 1943 1334 1996 δὲ
1367 1943 1459 2004 καὶ
1488 1942 1659 1997 ταῦτα
1694 1941 1838 2012 ἔργῳ
1869 1941 2008 2012 πλη-

419 2033 660 2106 ρούμενα
690 2034 948 2106 θεωρεῖν·
991 2035 1304 2106 ἁπανταχοῦ
1339 2037 1447 2105 γὰρ
1489 2036 1593 2107 γῆς
1629 2034 1740 2087 τῶν
1778 2032 2008 2104 Ἐκκλη-

421 2127 552 2181 σιῶν
585 2126 679 2181 τοῦ
713 2129 964 2200 Σωτῆρος
1007 2128 1105 2199 τὴν
1144 2127 1489 2200 δικαιοσύνην
1515 2127 1608 2181 τοῦ
1637 2126 1770 2180 Θεοῦ
1803 2125 2006 2198 διεξερ-

417 2221 682 2292 χομένων,
709 2221 804 2275 καὶ
839 2221 1002 2275 αὑτοῦ
1041 2222 1100 2276 δὲ
1144 2221 1311 2290 σκεύη
1342 2220 1598 2291 ἐκλογῆς,
1632 2213 1720 2272 οἷα
1751 2218 2007 2291 προλέλε-

414 2329 562 2379 κται,
599 2314 693 2368 καὶ
740 2314 944 2386 ὅργανα
976 2313 1172 2384 λογικὰ
1196 2313 1275 2384 τῷ
1300 2314 1476 2386 Πατρὶ
1523 2310 2002 2384 καταρτιζομένου,

412 2405 780 2477 ἁνυμνοῦντός
813 2425 872 2461 τε
905 2408 992 2462 ἀεὶ⁵
1019 2409 1088 2462 δι’
1114 2409 1295 2463 αὐτῶν
1321 2409 1414 2462 τὸν
1461 2408 1552 2462 ἐπὶ
1599 2407 1818 2461 πάντων
1851 2407 2003 2473 Θεὸν,

413 2498 678 2570 αἰσχύνην
704 2501 1121 2572 περιϐάλλονται
1166 2504 1215 2555 οἰ
1255 2501 1443 2573 ἐχθροὶ
1474 2500 1639 2555 αὑτοῦ
1658 2518 1671 2531 ·
1705 2499 2007 2570 ἐνετράπη-

419 2592 520 2646 σάν
542 2610 601 2646 τε
627 2593 720 2648 καὶ
740 2595 1090 2666 ὲντρέπονται
1112 2596 1162 2648 οι
1198 2593 1486 2666 ζητοῦντες
1517 2591 1668 2663 αύτῷ
1702 2591 1865 2646 κακά.
1901 2585 2005 2646 Οὗ-

413 2700 498 2739 τοι
515 2685 575 2738 δέ
599 2687 734 2739 εἰσιν
752 2689 800 2739 οἰ
823 2687 1144 2757 θηρεύοντες
1169 2687 1267 2758 μὲν
1289 2686 1468 2750 πάσας
1487 2685 1807 2757 προφάσεις,
1823 2682 2008 2755 ὕϐρεις

416 2789 478 2825 τε
506 2774 602 2828 καὶ
631 2775 904 2841 διαϐολὰς,
940 2777 1034 2829 καὶ
1069 2776 1419 2847 βλασφημίας
1453 2777 1573 2829 κατ’
1596 2772 1761 2828 αὐτοῦ
1791 2791 2007 2846 περινο-

417 2862 626 2930 οῦντες,
665 2867 935 2938 μηδεμίαν
980 2867 1038 2920 δὲ
1070 2869 1415 2939 εὑρίσκοντες
1457 2866 1716 2921 ὑπόθεσιν
1735 2866 2005 2938 διαϐολῆς,

421 2957 559 3028 μήτε
591 2957 712 3010 κατ’
733 2957 921 3023 αὐτοῦ,
955 2959 1091 3030 μήτε
1116 2959 1218 3030 τῆς
1249 2957 1447 3031 Ἐκκλη
1456 2960 1574 3023 σίας
1597 2958 1782 3014 αὐτοῦ.
1803 2958 1892 3012 Διὸ
1913 2977 2008 3013 κα·-

417 3047 704 3119 ταχέονται
729 3049 990 3123 αἰσχύνην
1023 3052 1119 3103 καὶ
1151 3051 1504 3123 ὲντρέπονται
1544 3051 1682 3121 πρὸς
1715 3051 1776 3104 τὸ
1807 3052 2005 3122 μηκέτι

425 3139 592 3210 μηδὲν
639 3138 843 3210 τολμᾷν
895 3138 1146 3212 διαϐολῆς
1185 3140 1334 3205 ἄξιον
1365 3141 1663 3195 ἐπικαλεῖν.
1701 3140 1811 3193 Καὶ
1837 3139 2007 3193 ταῦτα
2035 3175 2078 3233 c

418 3231 600 3285 πάντα
643 3230 790 3303 ἔργῳ
838 3231 1136 3304 πληροῦται
1168 3231 1474 3304 συμφώνως
1503 3235 1570 3304 τῇ
1607 3232 1891 3305 φασκούσῃ
1919 3232 2008 3285 διὰ

415 3322 530 3376 τῶν
554 3323 931 3394 προκειμένων
961 3323 1295 3397 προφητείᾳ·
1334 3325 1534 3378 «Ὅταν
1557 3323 1888 3395 αἰσχυνθῶσι
1913 3325 2008 3377 καὶ

417 3414 763 3487 ἑντραπῶσιν
809 3416 862 3468 οἰ
915 3415 1202 3486 ζητοῦντες
1234 3416 1300 3470 τὰ
1332 3417 1477 3471 κακά
1513 3433 1622 3488 μοι.
1655 3436 1672 3467 3
1711 3416 1843 3469 Τότε
1876 3415 2004 3486 γὰρ,

419 3509 606 3578 φησὶν,
632 3509 758 3562 ὅταν
787 3509 837 3561 οἰ
865 3508 1048 3581 ἐχθροὶ
1072 3509 1557 3582 καταισχύνωνται,
1587 3507 1699 3578 ἐγὼ
1719 3508 1874 3578 ψαλῶ
1899 3525 2004 3573 σοι,

418 3600 518 3654 καὶ
549 3598 1015 3672 ἐξομολογησομαί
1063 3619 1144 3655 σοι
1192 3602 1270 3673 τῷ
1314 3601 1552 3674 ἐμαυτοῦ
1601 3601 1923 3672 Πατρί.’Έτι
1950 3600 2008 3653 δὲ

419 3693 519 3745 καὶ
557 3710 574 3744 «
605 3694 638 3763 ὴ
676 3693 900 3761 γλῶσσά
936 3712 1036 3765 μου
1069 3695 1199 3765 ὅλην
1227 3695 1326 3766 τὴν
1356 3696 1570 3766 ἡμέραν
1597 3692 2008 3764 μελητήσειτὴν

419 3781 768 3853 δικαιοσύνην
805 3799 919 3837 σου.
949 3799 969 3834 3

856 3893 963 3948 ΕΙΣ
991 3895 1410 3950 ΣΟΛΟΜΩΝΤΑ
1449 3896 1572 3950 ΟΑ’.

503 4007 523 4042 «
544 3988 603 4041 '0
633 3988 861 4053 Θεὸς,τὺ
893 3987 1069 4060 κρίμα
1100 4004 1194 4040 σου
1226 3987 1302 4058 τῷ
1337 3986 1545 4057 βασιλεῖ
1574 3985 1683 4050 δός.
1714 4006 1732 4038 3
1753 3988 1816 4040 Οἱ
1835 3987 2010 4041 λοιποὶ

420 4080 521 4137 τοῦ
560 4101 579 4135 «
617 4081 964 4153 Σολομῶντος
1007 4100 1024 4132 3
1063 4081 1597 4152 ήρμήνευσαν.Ἕστι
1623 4079 1680 4133 δὲ
1708 4081 1801 4133 καὶ
1825 4080 2012 4152 ἔτερος

421 4173 522 4228 τοῦ
555 4172 720 4227 αὐτοῦ
753 4173 810 4226 ὲν
840 4175 962 4237 ταῖς
990 4172 1157 4244 ᾠδαῖς
1189 4169 1297 4226 τῶν
1324 4171 1676 4242 ἀναϐαθμῶν,
1703 4165 1765 4225 οῦ
1788 4174 1821 4243 ή
1842 4171 2006 4244 ἀρχή·

429 4283 453 4317 «
476 4264 600 4319 Ἐὰν
635 4265 712 4336 μὴ
746 4264 950 4336 Κύριος
995 4264 1326 4336 οἰκοδομήσῃ
1371 4259 1538 4328 οἶκον,
1572 4263 1653 4326 εἰς
1685 4263 1861 4335 μάτην
1893 4265 2013 4317 ἐκο-

425 4357 632 4412 πίασαν
663 4357 712 4409 οἱ
732 4355 1140 4428 οἰκοδομοῦντες
1169 4355 1353 4410 αὐτόν.
1384 4375 1402 4407 3
1423 4357 1510 4409 "Ev
1542 4349 1624 4419 οἷς
1656 4355 1831 4409 ἔοικεν
1857 4357 1886 4408 ὁ
1911 4357 2009 4408 Σο-

423 4447 610 4518 λομὼν
655 4447 747 4501 ἐπὶ
778 4450 843 4519 τῇ
877 4449 1188 4518 κατασκευῇ
1238 4445 1333 4500 τοῦ
1381 4445 1550 4510 οἴκου,
1579 4445 1638 4500 ὃν
1685 4447 1906 4518 ἤγειρεν
1952 4447 2010 4500 ὲν

2108 1925 2386 1981 miseriam
2421 1939 2619 1978 meam.
2661 1943 2680 1975 3
2714 1922 2841 1978 Hac
2875 1937 3044 1993 porro
3087 1937 3252 1994 opere
3285 1924 3560 1993 completa
3602 1924 3687 1977 via

2107 2019 2236 2074 dere
2276 2018 2422 2073 licet.
2481 2017 2615 2070 Nam
2669 2032 2794 2071 cum
2849 2016 3053 2086 ubique
3103 2023 3374 2071 terrarum
3428 2015 3688 2073 Ecclesia

2109 2109 2417 2166 Servatoris
2433 2108 2708 2178 justitiam
2733 2107 2827 2163 Dei
2861 2115 3144 2171 enarrent,
3173 2108 3400 2180 ipseque
3423 2106 3688 2164 Servator

2107 2216 2237 2257 vasa
2263 2199 2570 2264 electionis,
2607 2200 2792 2270 qualia
2826 2214 2993 2270 supra
3034 2199 3181 2254 dicta
3213 2208 3362 2266 sunt,
3399 2207 3454 2256 et
3485 2201 3688 2256 instru-

2106 2302 2288 2349 menta
2303 2293 2650 2348 rationabilia
2670 2290 2820 2346 Patri
2851 2300 3142 2362 praparet,
3169 2308 3490 2364 semperque
3519 2293 3686 2348 Deum

2106 2387 2200 2457 qui
2234 2400 2400 2455 supra
2446 2386 2631 2439 omnia
2675 2394 2760 2441 est
2797 2387 2864 2443 iis
2913 2387 3282 2452 concelebret,
3313 2386 3521 2440 inimici
3564 2384 3688 2454 ejus

2107 2477 2432 2534 confusione
2464 2477 2789 2543 induuntur,
2845 2494 2909 2534 ac
2952 2479 3166 2535 confusi
3212 2486 3267 2535 et
3309 2477 3528 2534 reveriti
3561 2488 3689 2533 sunt

2106 2570 2203 2640 qui
2240 2577 2494 2640 quarunt
2548 2570 2651 2640 ipsi
2695 2571 2858 2625 mala.
2907 2569 2972 2625 Hi
3006 2587 3138 2627 vero
3185 2579 3333 2636 sunt,
3369 2571 3461 2640 qui
3495 2585 3687 2625 omnes

2107 2663 2428 2718 occasiones
2473 2670 2767 2728 venantur,
2827 2665 3213 2729 contumelias,
3271 2662 3578 2718 calumnias
3636 2670 3690 2716 et

2109 2753 2478 2824 blasphemias
2508 2760 2698 2808 contra
2726 2769 2852 2810 eum
2892 2755 3228 2825 excogitant,
3257 2755 3575 2823 nullamque
3604 2768 3690 2808 re-

2109 2846 2328 2916 periunt
2361 2846 2444 2901 vel
2485 2847 2538 2900 in
2579 2848 2758 2918 ipsum
2807 2846 2890 2902 vel
2932 2845 2987 2899 in
3040 2845 3336 2900 Ecclesiam
3370 2844 3544 2914 ipsius
3596 2857 3691 2897 ca-

2111 2939 2332 2994 lumnia
2363 2953 2608 2995 causam.
2640 2939 2822 3005 Quare
2852 2939 3062 3010 pudore
3101 2935 3490 2992 suﬂ‘unduntur
3517 2942 3573 2990 et
3599 2949 3689 2988 re-

2112 3036 2390 3097 verentur,
2435 3029 2588 3100 quod
2638 3031 2784 3084 ultra
2828 3045 2939 3085 non
2987 3029 3225 3084 audeant
3271 3026 3554 3098 quidpiam
3598 3040 3691 3080 ca-

2112 3125 2334 3180 lumnia
2362 3124 2632 3198 proferre.
2665 3125 2731 3180 Et
2767 3127 2882 3182 hac
2905 3127 3091 3182 omnia
3122 3139 3287 3197 opere
3322 3123 3687 3195 complentur,

2111 3218 2415 3274 secundum
2461 3219 2806 3290 prophetiam
2847 3235 2968 3290 qua
3025 3221 3082 3274 in
3135 3215 3564 3288 pracedentibus
3610 3217 3691 3270 sic

2108 3309 2295 3374 habet,
2329 3328 2347 3360 «
2373 3306 2509 3363 Cum
2560 3309 2778 3367 confusi
2813 3318 2869 3366 et
2917 3309 3140 3366 reveriti
3180 3306 3384 3362 fuerint
3415 3306 3509 3376 qui
3551 3320 3692 3376 qua-

2108 3406 2239 3453 runt
2272 3399 2416 3453 mala
2444 3399 2600 3455 mihi.
2633 3419 2651 3452 3
2684 3398 2841 3454 Tunc
2875 3399 3046 3463 enim,
3077 3397 3276 3469 inquit,
3312 3411 3437 3450 cum
3481 3395 3690 3449 inimici

2107 3486 2536 3552 confundentur,
2568 3502 2671 3559 ego
2711 3487 2938 3558 psallam
2971 3487 3091 3552 tibi,
3133 3486 3342 3556 tibique
3369 3483 3518 3538 Patri
3568 3499 3691 3537 meo

2109 3577 2433 3635 conﬁtebor.
2463 3577 2804 3650 lnsuperque
2848 3596 2868 3630 «
2896 3578 3080 3650 lingua
3112 3591 3234 3633 mea
3263 3583 3374 3630 tota
3401 3573 3491 3629 die
3520 3574 3689 3628 medi-

2109 3670 2318 3726 tabitur
2347 3671 2618 3741 justitiam
2642 3677 2813 3725 tuam.
2850 3691 2868 3722 3

2513 3876 2582 3932 IN
2615 3875 3038 3931 SALOMONEM
3070 3876 3260 3931 LXXI.

2183 3969 2350 4026 Vens.
2381 3971 2432 4034 ἰ,
2456 3969 2512 4026 2.
2557 3990 2576 4022 «
2609 3969 2751 4025 Deus
2781 3968 3048 4040 judicium
3085 3980 3236 4023 tuum
3273 3969 3380 4039 regi
3417 3969 3506 4024 da.
3539 3987 3558 4020 3
3595 3968 3693 4024 Re-

2113 4062 2268 4134 liqui,
2319 4081 2338 4114 «
2369 4060 2702 4128 Salomonis,
2735 4080 2754 4114 3
2789 4061 3131 4130 interpretati
3182 4067 3331 4116 sunt.
3371 4059 3466 4115 ESt
3510 4067 3692 4114 autem

2113 4164 2168 4212 et
2199 4157 2339 4212 alius
2367 4154 2613 4225 ejusdem
2666 4155 2726 4208 in
2764 4153 2998 4208 canticis
3037 4151 3326 4223 graduum,
3379 4151 3539 4221 cujus
3580 4151 3691 4205 ini-

2116 4249 2250 4303 tium
2278 4266 2291 4303 :
2322 4266 2340 4298 «
2371 4245 2487 4302 Nisi
2534 4245 2802 4301 Dominus
2842 4242 3472 4307 adiﬁcaverit‘domum,
3516 4243 3572 4296 in
3603 4258 3693 4296 va-

2114 4355 2248 4395 num
2298 4340 2689 4394 laboraverunt
2732 4337 2826 4408 qui
2873 4335 3150 4392 adiﬁcant
3189 4351 3308 4392 eam
3335 4337 3376 4392 ’1
3411 4357 3428 4390 3
3460 4336 3538 4390 Ex
3571 4339 3695 4408 qui.—

2114 4433 2218 4490 bus
2252 4433 2469 4488 videtur
2517 4430 2868 4486 Salomonem
2919 4428 2974 4483 in
3021 4429 3435 4485 constructione
3476 4429 3692 4492 domus,

437 4539 853 4612 Ἱεροσολύμοις,
889 4539 1106 4611 πρῶτος
1145 4539 1308 4604 αὐτὸς
1350 4540 1710 4610 οἰκοδομήσας
1732 4539 1794 4592 τὸ
1825 4538 2007 4593 αὐτόθι

2115 4543 2280 4598 quam
2344 4525 2611 4581 excitavit
2648 4525 2718 4579 in-
2753 4523 3092 4590 Jerusalem,
3142 4539 3270 4578 nam
3326 4523 3442 4593 ipse
3487 4522 3697 4592 primus

433 4633 598 4704 ἱερὸν,
633 4632 731 4703 τὴν
780 4631 921 4703 ᾠδὴν
970 4631 1322 4702 πεποιῆσθαι,
1355 4632 1711 4686 διδάσκουσαν
1760 4631 1896 4703 μόνα
1946 4630 2016 4684 τά

428 4720 525 4776 τοῦ
557 4721 692 4775 Θεοῦ
725 4721 1132 4793 οἰκοδομήματα
1177 4721 1498 4786 διαιωνίζειν
1518 4738 1533 4752 ο
1564 4719 1631 4774 τὰ
1658 4720 1765 4792 γὰρ
1806 4717 2016 4789 ἀνθρὼ-

433 4832 564 4868 πινα
611 4813 787 4887 καιρῷ
821 4811 1171 4867 συνίστασθαι
1197 4830 1210 4843 ’
1255 4813 1283 4866 ὃ
1326 4813 1390 4885 δὴ
1435 4814 1529 4866 καὶ
1561 4813 1738 4883 ἀπέϐη
1782 4811 1877 4864 ἐπὶ
1914 4809 2016 4880 τῆς

433 4905 599 4960 αὑτοῦ
643 4904 932 4975 οἰκοδομῆς
953 4921 966 4933 ·
1004 4902 1105 4956 οὐκ
1136 4903 1216 4966 εἰς
1250 4902 1461 4973 μακρὸν
1490 4901 1620 4970 γοῦν
1659 4901 1688 4953 ὁ
1733 4901 1824 4953 ὑπ’
1849 4894 2014 4953 αὑτοῦ

433 4996 893 5060 κατασκευασθεὶς
931 4995 1064 5060 νεὼς
1118 4995 1223 5048 ύπδ
1259 4994 1614 5049 Βαϐυλωνίων
1644 4994 1932 5065 κατελύθη.
1952 4995 2016 5048 Ἦ

431 5091 492 5144 δὲ
519 5091 656 5161 μετὰ
677 5092 865 5161 χεῖρας
892 5088 1196 5160 προφητεία
1225 5086 1335 5140 εἴτε
1367 5089 1445 5150 εἰς
1473 5088 1633 5141 αὐτὸν
1658 5087 1906 5141 λέλεκται
1925 5086 2017 5139 τὸν

434 5182 776 5253 Σολομῶντα,
801 5181 912 5234 εἴτε
937 5180 1101 5234 αὐτοῦ
1135 5182 1250 5234 ἐστι
1268 5180 1410 5233 κατὰ
1435 5181 1562 5244 τοὺς
1595 5181 1812 5243 λοιποὺς
1845 5182 2017 5251 ἑρμη-

433 5274 660 5338 νευτάς·
693 5275 743 5327 οἰ
771 5273 916 5342 λόγοι
948 5273 1132 5343 ἔτερόν
1174 5290 1297 5326 τινα
1346 5273 1651 5344 παριστῶσι
1678 5272 2016 5344 προφητευό-

443 5383 624 5436 μενον.
664 5366 756 5418 Διὸ
787 5364 912 5418 οὔτε
939 5365 1170 5436 ψαλμὸς,
1206 5365 1327 5420 οὔτε
1522 5364 1646 5418 οὗτε
1673 5365 1860 5435 ὕμνος,
1893 5363 2015 5417 οὔτε

439 5473 491 5510 τι
514 5454 722 5518 τούτοις
744 5455 1122 5526 παραπλήσιον
1150 5456 1573 5528 ἐπιγέγραπται.
1591 5456 1728 5509 Ἀλλ’
1752 5457 1866 5508 ἐστι
1892 5474 2020 5526 προ-

441 5546 637 5618 φητεία
671 5545 995 5612 θεσπίζουσα
1027 5549 1465 5620 ἀναφανήσεσθαί
1487 5565 1608 5602 τινα
1634 5549 1692 5601 ὲν
1713 5547 2018 5619 ἀνθρώποις

443 5641 688 5710 πενήτων
736 5641 830 5692 καὶ
881 5639 1112 5710 πτωχῶν
1165 5641 1404 5713 σωτῆρα,
1441 5642 1534 5697 καὶ
1575 5641 1762 5696 τοῦτον
1814 5641 2018 5697 ἄνωθέν

512 5791 541 5823 »⁸
562 5791 705 5850 Psal.
736 5811 920 5863 cxxvt,
966 5799 1014 5851 ἰ,

2115 4619 2378 4694 templum
2425 4617 2537 4672 illic
2599 4619 2891 4683 exstruxit,
2941 4617 3044 4672 hoc
3088 4617 3365 4672 canticum
3406 4615 3692 4670 edidisse:

2117 4731 2228 4786 quo
2257 4714 2538 4781 docemur,
2591 4714 2707 4769 sola
2756 4713 2851 4769 Dei
2880 4712 3111 4768 adificia
3166 4720 3429 4767 aternum
3480 4727 3696 4783 perina—

2117 4823 2281 4874 nere;
2317 4807 2556 4862 humana
2604 4807 2808 4877 quippe
2845 4822 2946 4878 pro
2993 4814 3239 4873 tempore
3285 4805 3460 4860 solum
3509 4806 3697 4862 consi-

2118 4907 2272 4956 stunt
2301 4918 2313 4953 :
2338 4899 2483 4969 quod
2515 4899 2678 4954 etiam
2715 4899 2768 4952 in
2799 4898 2920 4966 ejus
2962 4897 3332 4953 exstructione
3368 4907 3545 4952 actum
3579 4907 3696 4964 est;

2117 5008 2228 5048 non
2258 4992 2352 5047 diu
2401 4991 2546 5046 enim
2589 5000 2779 5060 postea
2810 4989 3070 5060 templum
3105 4989 3173 5043 ab
3193 5003 3259 5043 eo
3289 4988 3635 5054 aedificatum,
3666 5005 3698 5042 a

2118 5084 2433 5156 Babyloniis
2483 5081 2883 5139 dirutum-fuit.
2923 5080 3188 5137 Prasens.
3217 5097 3348 5137 vero
3385 5081 3690 5151 prophetia,

2120 5177 2235 5232 sive
2267 5178 2321 5230 in
2354 5175 2702 5230 Salomonem
2739 5174 2883 5229 dicta
2925 5181 3041 5239 est,
3076 5174 3190 5229 sive
3224 5173 3525 5228 secundum
3563 5172 3696 5226 reli-

2120 5284 2259 5340 quos
2282 5269 2633 5340 interpretes,
2669 5269 2844 5340 ipsius
2873 5267 3183 5322 Salomonis
3210 5272 3314 5321 est.
3343 5263 3527 5320 Series
3548 5272 3700 5319 certe

2121 5362 2394 5419 sermonis
2450 5362 2621 5416 alium
2675 5361 2987 5433 quempiam
3029 5359 3294 5413 vaticinia
3351 5358 3695 5412 enuntiatum

2120 5455 2402 5512 declarare
2456 5454 2696 5510 videtur.
2744 5452 2925 5520 Quare
2977 5467 3154 5522 neque
3201 5450 3466 5520 psalmus,
3523 5465 3699 5520 neque

2119 5547 2416 5613 canticum,
2454 5564 2631 5618 neque
2662 5547 2922 5618 hymnus,
2955 5561 3129 5615 neque
3175 5543 3456 5615 quidpiam
3495 5543 3697 5608 simile,

2121 5637 2424 5708 inscriptus
2445 5645 2546 5693 est.
2576 5635 2680 5692 Sed
2703 5649 2786 5692 cst
2801 5634 3084 5706 prophetia
3111 5633 3485 5705 pranuntians
3507 5648 3699 5704 quem-
