4056 6414
382 340 479 397 791

1052 341 1320 398 EUSEBII
1360 342 1842 398 CESARIENSIS
1879 341 2031 397 OPP.
2075 342 2254 397 PARS
2293 344 2380 399 ιιι.
2423 377 2491 387 -——
2524 346 2935 406 EXECETICA.

3536 355 3640 410 792

378 467 522 523 piam
565 451 877 507 hominibus
910 453 1273 509 adventurum
1311 461 1610 525 pauperum
1653 463 1706 508 et
1736 469 1953 524 mopum

2065 454 2226 508 ποθεν
2256 457 2437 528 ἠρέμα
2482 461 2889 532 καταϐήσεσθαι
2915 464 3008 516 καὶ
3031 463 3268 536 ἀψοφητί
3286 477 3300 496 ⁸
3335 486 3352 517 ι
3384 467 3641 542 Καταϐή-

379 550 740 606 servatorem,
772 545 865 614 qui
895 560 961 599 ex
995 546 1106 600 alto
1135 547 1338 601 sensim
1371 553 1426 600 et
1453 546 1572 599 sine
1602 547 1832 614 strepitu
1862 562 1954 601 ac-

377 652 640 691 cessurus
691 648 823 692 cst:
867 656 886 687 ε
927 637 1233 693 Descendet
1281 640 1425 693 enim
1477 638 1622 693 sicut
1674 639 1857 707 pluvia
1900 639 1953 693 in

379 729 575 783 vellus.
610 748 627 780 ο
662 729 1143 798 Aitquejustitiam
1179 730 1438 800 deinceps
1482 733 1536 786 in
1571 732 1806 786 adventu
1835 731 1955 801 ejus

381 821 434 875 in
455 837 653 890 genere
682 821 1337 876 hominum.versaturam
1371 843 1384 876 :
1417 825 1702 894 ipsumque
1731 839 1839 878 non
1868 823 1956 878 Ju-

379 911 508 964 ila-ze
543 911 731 978 modo,
774 928 950 982 neque
999 914 1214 967 duabus
1252 915 1494 970 tribusve
1537 917 1810 986 gentibus,
1859 918 1954 971 sed

379 1004 634 1058 omnibus
684 1019 778 1072 per
825 1006 1013 1059 orbem
1056 1004 1482 1070 dominaturum,
1528 1022 1718 1061 omnes
1766 1016 1955 1076 gentes

378 1095 709 1166 subigendas
742 1095 846 1165 ipsi
879 1097 1016 1162 fore,
1058 1099 1447 1153 celebrandum
1480 1098 1657 1168 ipsum
1688 1113 1812 1155 esse
1838 1115 1956 1153 om-

378 1186 560 1249 nibus,
591 1201 698 1240 non
729 1186 879 1240 brevi
921 1195 1192 1257 tempore,
1225 1187 1320 1244 sed
1351 1205 1447 1259 per
1471 1204 1632 1245 omne
1670 1191 1949 1249 saeculum.

378 1276 438 1330 lu
463 1292 676 1331 summa
701 1279 834 1348 quid
878 1278 1027 1333 aliud
1067 1280 1157 1333 hic
1213 1295 1395 1335 sermo
1423 1291 1691 1346 recenset,
1723 1283 1828 1337 nisi
1873 1290 1955 1335 ta-

381 1370 483 1423 lem
512 1385 636 1424 esse
664 1370 757 1440 qui
790 1370 845 1424 in
877 1372 1140 1427 vaticinio
1177 1371 1373 1437 fertur,
1406 1374 1620 1443 qualem
1653 1390 1812 1428 nemo
1848 1390 1952 1428 un-

377 1477 563 1530 quam,
593 1477 694 1516 nec
723 1463 774 1516 in
805 1461 1120 1518 Judaeorum
1150 1473 1332 1534 gente,
1358 1480 1536 1534 neque
1562 1465 1616 1518 in
1641 1465 1764 1520 aliis
1788 1464 1953 1519 fuisse

380 1553 739 1608 memoravit?
769 1552 957 1624 Neque
983 1555 1126 1609 enim
1169 1555 1286 1625 ipse
1331 1553 1611 1620 Salomon,
1645 1571 1821 1626 neque
1850 1555 1955 1609 Da-

375 1649 488 1712 vid,
523 1664 698 1718 neque
723 1649 996 1720 quispiam
1019 1665 1403 1706 successorum
1425 1652 1474 1706 is
1496 1651 1781 1706 videbatur
1805 1667 1947 1716 esse,

372 1737 551 1790 cuiea
596 1752 717 1806 quae
764 1738 816 1791 in
861 1739 1146 1808 prophetia
1198 1740 1449 1796 feruntur
1491 1742 1670 1812 aptari
1713 1743 1945 1812 possint.

2058 563 2208 599 σεται
2231 547 2340 620 γὰρ
2387 549 2466 612 ὡς
2491 551 2645 614 ὑετὸς
2673 554 2765 606 ἐπὶ
2808 555 2994 609 πόκον.
3024 574 3043 606 ι
3084 557 3440 630 Δικαιοσύνην
3454 578 3511 614 τε
3529 561 3640 616 λοι-

2057 635 2155 687 πὸν
2194 637 2643 707 ἐμπολιτεύεσθαι
2687 641 2764 712 τῷ
2813 644 2962 711 γένει
2987 645 3097 698 τῶν
3129 647 3429 720 ἀνθρώπων
3457 653 3549 704 ἐπὶ
3571 657 3636 725 τῇ

2055 726 2218 780 αὐτοῦ
2249 731 2543 802 παρουσίᾳ.
2563 734 2983 805 Ἑπικρατήσειν
3006 755 3064 790 τε
3094 739 3252 792 αὐτὸν
3288 743 3348 794 οὑ
3375 744 3473 815 τῆς
3509 747 3638 798 Ἰου-

2053 817 2206 881 δαίας
2243 821 2429 891 μόνης,
2463 823 2586 875 οὐδὲ
2617 823 2763 877 δυεῖν
2791 826 2822 897 ἢ
2853 827 3019 898 τριῶν
3051 828 3238 895 ἐθνῶν,
3261 831 3396 886 ἀλλὰ
3421 835 3636 890 πάντων

2055 909 2161 962 τῶν
2205 911 2325 964 καθ’
2357 912 2485 983 ὅλης
2531 915 2632 982 τῆς
2681 918 3024 989 οἰκουμένης,
3061 921 3236 975 πάντα
3281 941 3341 974 τε
3388 924 3458 978 τὰ
3507 926 3634 999 ἔθνη

2056 1003 2492 1073 ὑποταγήσεσθαι
2516 1007 2686 1078 αὐτῷ,
2709 1009 3004 1080 ὀνομαστόν
3027 1029 3088 1064 τε
3109 1014 3268 1067 αὐτὸν
3299 1015 3516 1070 ἔσεσθαι
3539 1035 3638 1072 παρ

2056 1095 2127 1166 ρὰ
2163 1097 2277 1158 τοῖς
2307 1099 2493 1160 πᾶσιν,
2525 1100 2583 1151 οὐ
2614 1102 2753 1154 κατά
2783 1119 2904 1156 τινα
2926 1106 3122 1175 χρόνον
3149 1105 3371 1177 βραχὺν.
3407 1109 3522 1162 ἀλλ’
3557 1114 3638 1177 εἰς

2057 1187 2271 1240 ἅπαντα
2307 1188 2396 1240 τὸν
2441 1189 2631 1245 αἰῶνα.
2669 1194 2779 1246 Καὶ
2809 1193 2862 1245 τί
2898 1193 3006 1266 γὰρ
3037 1195 3151 1250 ἄλλ’
3182 1197 3214 1268 ἢ
3249 1199 3487 1254 τοιοῦτόν
3513 1219 3636 1255 τινα

2056 1277 2272 1333 ἔσεσθαι
2305 1282 2396 1334 τὸν
2425 1282 2811 1355 θεσπιζόμενον
2851 1291 2879 1342 6
2915 1289 3052 1359 μετὰ
3095 1294 3282 1362 χεῖρας
3327 1294 3637 1366 ὑπογράφει

2053 1367 2228 1437 λόγος,
2261 1373 2443 1426 ὁποῖον
2477 1375 2654 1439 οὐδεὶς
2684 1376 2901 1432 πώποτε
2934 1379 3057 1434 οὔτε
3093 1383 3338 1455 παρὰητῷ
3367 1387 3636 1442 Ἰουδαίων

2054 1460 2216 1526 ἔθνει,
2249 1461 2372 1516 οὔτε
2406 1469 2536 1537 παρ’
2571 1469 2775 1540 ἑτέροις
2805 1473 3084 1540 γεγονέναι
3113 1479 3474 1548 μνημονεύει;
3497 1480 3634 1535 Οὔτε

2053 1552 2163 1624 γὰρ
2213 1555 2375 1620 αὐτὸς
2409 1558 2682 1630 Σολομὼν,
2706 1561 2827 1616 οὔτε
2877 1565 3059 1630 Δαυῒδ,
3093 1567 3214 1622 οὔτε
3258 1588 3343 1635 τις
3375 1572 3483 1626 τῶν
3515 1575 3636 1645 μετ’

2053 1645 2249 1710 αὐτοὺς
2297 1647 2538 1712 τοιοῦτος
2583 1653 2779 1725 ἐφάνη,
2814 1655 2899 1720 ὠς.
2941 1657 3180 1727 ἁρμόσαι
3225 1663 3330 1714 τινὶ
3362 1663 3538 1718 αὐτῶν
3561 1666 3632 1720 τὰ

2055 1735 2159 1788 ὑπὸ
2187 1737 2288 1807 τῆς
2321 1741 2657 1810 προφητείας
2691 1747 3232 1820 σημαινόμενα.”ορα
3264 1753 3445 1807 τοίνυν
3472 1758 3521 1809 εί
3556 1757 3633 1829 μὴ

372 1805 653 1899 Perpende
686 1805 1016 1900 igitur—num
1060 1832 1360 1901 przemissis
1395 1833 1463 1890 de
1501 1832 1810 1890 Serva'toris
1854 1851 1950 1890 no-

2054 1829 2173 1891 ταίς
2205 1805 2676 1901 προτεταγμέναις
2719 1805 2808 1887 δ’ίά
2857 1805 2965 1888 τῶν
3005 1805 3314 1910 ἔμπροσθεν

374 1923 470 1976 stri
503 1923 756 1992 passione
791 1924 1239 1993 praedictionibus
1269 1927 1406 1990 haec,
1439 1941 1546 1996 qua
1577 1941 1803 1996 regnum
1830 1928 1950 1997 ejus

371 2014 730 2080 describitur,
763 2025 1169 2086 consequenter
1196 2015 1507 2087 adjiciatur.
1541 2015 1646 2070 Par
1663 2025 1780 2072 erat
1805 2019 1951 2073 enim

374 2122 474 2161 nos
516 2123 639 2177 quae
679 2106 746 2161 ad
789 2106 924 2162 illud
965 2124 1186 2178 quoque
1244 2109 1479 2164 attinent
1522 2109 1760 2167 edoceri.
1814 2112 1950 2166 Cum

372 2210 554 2254 autem
587 2199 839 2274 plurima:
871 2202 1172 2272 prophetiae
1198 2201 1503 2268 Christum,
1543 2205 1634 2274 qui
1659 2219 1725 2258 ex
1751 2203 1952 2261 Davidc

371 2290 640 2358 originem
683 2288 955 2348 ducturus
1013 2300 1153 2357 erat,
1206 2294 1574 2362 celebrarent,
1620 2297 1749 2367 quia
1803 2298 1950 2353 veri-

371 2382 550 2436 simile
569 2391 706 2448 erat,
731 2385 1029 2440 nonnullos
1055 2385 1123 2440 iis
1142 2383 1491 2442 Salomonem
1512 2388 1745 2444 indicari
1769 2391 1949 2459 suspi-

371 2483 593 2530 caturos
625 2491 789 2540 esse;
824 2477 950 2530 nam
988 2477 1036 2532 is
1071 2477 1222 2534 solus
1269 2494 1334 2533 ex
1369 2478 1495 2536 ﬁliis
1529 2479 1750 2536 Davidis
1785 2482 1838 2535 in
1871 2498 1953 2537 re-

370 2579 479 2633 gno
507 2566 744 2621 maxime
773 2565 995 2631 claruit,
1031 2565 1144 2622 Deo
1176 2569 1441 2639 templum
1467 2571 1746 2636 excitavit,
1777 2579 1831 2626 et
1860 2587 1952 2626 sa-

371 2656 577 2725 pientia
609 2665 840 2713 ornatus
871 2656 1043 2714 fuisse
1083 2670 1462 2716 memoratur:
1494 2662 1811 2717 necessario
1847 2681 1866 2714 ι
1895 2663 1950 2716 in

375 2750 722 2806 Salomonem
749 2769 769 2803 ›
804 2752 919 2808 haec
941 2753 1226 2823 prophetia
1251 2754 1606 2820 inscribitur;
1636 2756 1752 2812 sive
1775 2755 1950 2826 ipsius

376 2843 689 2899 Salomonis
738 2859 863 2900 esse
926 2844 1135 2916 fertur;
1191 2855 1251 2902 ut
1308 2863 1418 2902 non
1469 2848 1612 2902 ultra
1667 2855 1952 2918 putaretur

375 2936 557 3004 ipsum
589 2950 710 2989 esse
742 2949 808 2988 ex
843 2934 1067 2993 Davidis
1107 2938 1316 2994 semine
1345 2939 1439 3008 qui
1478 2939 1905 3008 exspectabatur
1935 2960 1946 2994 :

374 3042 441 3081 ex
467 3029 589 3097 ipso
619 3018 839 3098 quippe
859 3025 1152 3085 Salomone
1187 3030 1330 3087 alius
1361 3040 1628 3088 venturus
1673 3039 1948 3102 speratur,

374 3127 436 3172 ut
471 3120 574 3189 ipsi
605 3119 936 3190 promissum
967 3131 1070 3176 est.
1097 3120 1153 3176 Si
1178 3123 1362 3193 itaque
1389 3125 1691 3180 secundum
1725 3122 1952 3195 Septua-

374 3209 524 3278 ginta
575 3207 940 3280 lnterpretum
987 3211 1207 3266 titulum
1256 3214 1315 3268 in
1367 3214 1550 3284 ipsum
1603 3212 1952 3270 Salomonem

374 3301 582 3355 dictum
619 3300 790 3358 fuisse
820 3304 1091 3373 psalmum
1138 3305 1532 3376 intelligamus,
1567 3305 1813 3363 dicemus
1848 3308 1953 3362 ιιιί-

375 3409 481 3463 que
533 3391 794 3464 Spiritum
836 3403 1113 3463 sanctum,
1160 3411 1286 3451 cum
1342 3412 1443 3468 pro
1486 3396 1607 3469 ipso
1651 3400 1950 3455 orationem

377 3489 488 3544 Deo
545 3491 822 3548 emisisset
873 3493 930 3546 in
995 3493 1173 3562 primo
1227 3508 1412 3558 versu,
1475 3494 1568 3564 qui
1632 3495 1713 3549 sic
1765 3495 1949 3560 habet,

379 3601 406 3633 «τ
426 3580 880 3652 Deus,judicium
917 3591 1072 3638 tuum
1105 3585 1222 3654 regi
1252 3585 1342 3649 da,
1376 3605 1395 3638 ι
1432 3585 1487 3640 id
1518 3592 1603 3642 est
1634 3585 1950 3653 Salomoni;

377 3689 499 3744 qua!
527 3684 836 3745 sequuntur
874 3676 942 3730 de
973 3677 1068 3731 illo
1095 3677 1187 3747 qui
1219 3677 1287 3732 ab
1317 3678 1437 3748 ipso
1469 3680 1786 3735 nasciturus
1833 3687 1954 3734 erat

377 3767 583 3823 dixisse
610 3768 698 3822 his
727 3768 932 3832 verbis,
977 3786 994 3818 ι
1025 3767 1090 3822 Et
1113 3769 1386 3838 justitiam
1411 3777 1560 3824 tuam
1592 3769 1705 3825 lilio
1729 3771 1897 3842 regis,
1927 3791 1947 3824 ι

379 3855 432 3911 id
456 3866 559 3924 est,
593 3857 693 3928 ipsi
729 3855 860 3912 Jesu
888 3858 982 3927 qui
1019 3873 1085 3914 ex
1116 3859 1324 3913 semine
1355 3859 1474 3929 ejus
1503 3868 1770 3917 venturus
1811 3871 1948 3916 erat.

377 3948 474 4005 Vel
500 3950 694 4004 horqu
719 3967 839 4021 qua:
879 3957 1179 4004 tractamus
1212 3952 1337 4007 talis
1368 3968 1523 4008 meus
1548 3953 1732 4016 fuerit,
1763 3955 1956 4011 decre-

377 4049 490 4096 tum
540 4057 570 4095 a
609 4043 808 4098 deitate
843 4051 935 4097 tua
991 4043 1197 4099 editum
1235 4045 1358 4109 fuit,
1409 4055 1573 4116 atque
1617 4047 1859 4102 edictum
1900 4055 1956 4103 et

373 4134 639 4205 judicium
680 4137 890 4206 regium
941 4152 1004 4192 ex
1063 4137 1270 4207 Spiritu
1313 4145 1407 4193 tuo
1453 4139 1812 4194 constitutum
1845 4148 1952 4208 est,

381 4236 438 4282 ut
464 4243 530 4283 ex
564 4227 875 4283 Salomonis
918 4229 1071 4298 prole
1117 4227 1377 4285 Servator
1420 4231 1610 4285 mundi
1648 4232 1950 4286 secundum

377 4333 598 4374 carnem
627 4320 903 4390 gignatur.
932 4318 1049 4374 Hoc
1085 4319 1252 4390 igitur
1271 4319 1543 4388 judicium
1579 4330 1754 4386 tuum,
1787 4323 1952 4385 Deus,

376 4424 523 4463 nunc
564 4408 784 4462 tandem
819 4410 934 4479 regi
962 4410 1051 4476 d-a,
1085 4410 1295 4465 scilicet
1343 4409 1643 4476 Salomoni,
1695 4420 1754 4466 ut
1790 4415 1956 4468 verba

377 4519 544 4573 opere
581 4505 960 4574 compleantur
990 4523 1002 4558 :
1033 4505 1249 4576 ipsique
1275 4504 1384 4576 regi
1419 4513 1781 4559 memoratum
1807 4505 1956 4576 judi-

377 4595 523 4650 cium
561 4598 835 4667 przebeas;
865 4596 1135 4665 justitiam
1170 4613 1299 4654 vero
1337 4605 1490 4651 tuam
1526 4596 1638 4651 lilio
1656 4597 1823 4668 regis,
1861 4599 1954 4669 qui

379 4700 446 4739 ex
475 4686 684 4741 semine
733 4687 854 4756 ejus
892 4688 1214 4756 proditurus
1246 4694 1367 4751 est;
1411 4695 1472 4740 ut
1502 4687 1596 4754 qui
1629 4701 1696 4740 ex
1748 4685 1955 4758 Spiritu

379 4776 633 4847 gignetur
666 4794 956 4834 successor
996 4779 1138 4848 ejus,
1182 4787 1410 4850 accepta
1431 4777 1643 4847 justitia
1671 4787 1787 4844 tua,
1822 4799 1841 4832 ί
1865 4780 1956 4852 ju-

378 4868 524 4922 dicet
552 4869 812 4937 populum
868 4875 1024 4921 tuum
1065 4870 1119 4922 in
1146 4867 1382 4938 justitia,
1431 4876 1485 4922 et
1526 4883 1794 4939 pauperes
1833 4880 1958 4927 tuos

376 4961 433 5015 in
457 4961 692 5030 judicio.
727 4980 746 5012 ›
779 4960 844 5014 Et
867 4967 979 5016 haec
1006 4961 1249 5032 quidem,
1279 4963 1326 5015 si
1358 4961 1413 5014 in
1442 4961 1615 5032 ipsius
1647 4961 1958 5020 Salomonis

376 5068 666 5124 personam
713 5052 981 5108 referatur
1033 5052 1318 5122 inscriptio
1375 5050 1728 5126 Septuaginta
1783 5057 1960 5112 lnter-

378 5151 611 5215 pretum.
651 5161 771 5215 quae
805 5165 823 5196 ι
880 5145 936 5199 in
965 5143 1311 5198 Salomonem
1351 5163 1368 5196 ι
1400 5145 1584 5201 habet.
1619 5145 1714 5202 Sin
1757 5163 1958 5204 secun-

379 5239 506 5291 dum
536 5238 776 5306 reliquos
802 5237 1130 5307 interpretes
1155 5234 1461 5293 Salomonis
1487 5238 1774 5309 prophetia
1805 5237 1958 5292 diea-

381 5341 468 5383 tur
508 5347 663 5392 esse;
705 5329 951 5384 dicemus
1001 5329 1177 5399 ipsum
1231 5328 1575 5385 Salomonem
1613 5328 1820 5400 Spiritu
1871 5343 1960 5382 re-

383 5423 611 5492 pletum,
642 5431 753 5477 tres
801 5423 889 5476 hic
938 5436 1202 5493 personas
1253 5423 1566 5489 declarare,
1612 5419 1815 5487 Deum,
1870 5420 1960 5476 cui

382 5515 686 5568 orationem
708 5514 942 5580 emittit;
975 5529 1176 5583 regem,
1203 5530 1360 5584 quem
1395 5516 1451 5568 in
1475 5514 1734 5569 universa
1769 5529 1959 5583 regna-

385 5615 567 5658 turum
591 5607 866 5669 credebat,
892 5605 1144 5660 videlicet
1183 5604 1381 5660 Filium
1429 5604 1521 5659 Dei
1549 5622 1563 5672 ;
1601 5605 1762 5658 tertio
1785 5604 1955 5660 homi-

389 5712 533 5755 nem,
566 5713 727 5765 quem
753 5697 1049 5766 assumpsit
1076 5713 1139 5751 ex
1173 5699 1381 5750 semine
1404 5694 1594 5759 David,
1627 5711 1693 5751 ex
1735 5697 1962 5767 ipsoque

393 5787 686 5844 Salomone
721 5787 1098 5852 nasciturum;
1128 5785 1293 5838 alium
1319 5785 1388 5840 ab
1435 5785 1526 5838 illo
1573 5802 1698 5857 rege
1751 5787 1842 5858 qui
1905 5788 1960 5843 in

2054 1918 2262 1985 πάθους
2305 1921 2399 1975 τοῦ
2444 1924 2696 1996 Σωτῆρος
2736 1930 3110 2001 προρρήσεσιν
3156 1933 3466 2000 ἀκολούθως
3513 1955 3635 1991 συνο

2051 2013 2220 2081 ἧπται
2267 2015 2301 2084 ἡ
2356 2015 2494 2084 μετὰ
2540 2019 2730 2087 χεῖρας
2776 2019 2876 2090 τὴν
2905 2021 3181 2091 βασιλείαν
3215 2026 3380 2080 αὑτοῦ
3405 2027 3634 2100 διαγρά-

2054 2121 2246 2174 φουσα.
2269 2106 2465 2178 Ἐχρῆν
2497 2107 2605 2182 γὰρ
2638 2111 2785 2180 ἡμᾶς
2815 2114 2908 2166 καὶ
2938 2114 3006 2168 τὰ
3038 2118 3164 2189 περὶ
3189 2117 3393 2190 ταύτης
3423 2121 3633 2175 παιδευ-

2053 2195 2231 2267 θῆναι.
2271 2197 2486 2251 Πολλῶν
2518 2201 2574 2253 δὲ
2603 2205 2948 2276 προφητειῶν
2989 2207 3081 2260 τὸν
3128 2209 3194 2262 ἐκ
3221 2209 3382 2262 Δαυῒδ
3421 2229 3633 2284 προφη-

2053 2289 2339 2360 τευόμενον
2369 2293 2603 2363 Χριστὸν
2634 2295 2984 2364 ἀνυμνουσῶν
3005 2315 3017 2328 ’
3051 2299 3236 2371 ἐπειδὴ
3259 2301 3406 2364 εἰκὸς
3424 2297 3492 2374 ἦν
3513 2303 3634 2357 ὕπο-

2050 2380 2231 2436 λαὸεῐν
2263 2400 2414 2447 τινας
2440 2386 2529 2438 τὸν
2547 2386 2870 2457 Σολομῶντα
2883 2389 3173 2460 δηλοῦσθαι
3206 2392 3272 2445 δι’
3297 2393 3506 2447 αὐτῶνθ
3537 2396 3618 2466 μό

2052 2491 2144 2538 νος
2167 2475 2276 2546 γὰρ
2304 2468 2458 2540 οὗτος
2489 2476 2597 2530 τῶν
2631 2479 2763 2532 υἱῶν
2805 2481 2966 2534 Δαυῖδ
2999 2483 3350 2549 ὲπιδοξότατα
3389 2485 3635 2555 βασιλεύ-

2054 2584 2172 2632 σας,
2201 2569 2294 2622 καὶ
2324 2569 2416 2623 τὸν
2453 2569 2586 2625 νεὼν
2612 2572 2799 2643 ἤγειρε
2827 2573 2905 2645 τῷ
2936 2574 3073 2644 Θεῷ,
3106 2578 3200 2630 καὶ
3227 2578 3386 2649 σοφίᾳ
3407 2579 3636 2652 διαπρέ-

2051 2660 2147 2730 ψαι
2183 2661 2602 2734 μεμαρτύρηται
2621 2679 2636 2694 ο
2666 2665 3030 2736 ἀναγκαίωςή
3058 2669 3392 2739 προκειμένη
3423 2687 3635 2742 προφηο

2050 2751 2171 2802 τεία
2210 2768 2228 2802 t
2257 2752 2339 2814 εἰς
2365 2751 2684 2822 Σολομῶντα
2712 2771 2730 2802 ι
2766 2754 3197 2825 ὲπιγέγραπται’
3245 2756 3278 2827 ῆ
3323 2759 3488 2810 αὑτοῦ
3539 2759 3637 2813 τοῦ

2054 2841 2397 2911 Σολομῶντος
2427 2840 2565 2896 εἶναι
2587 2843 2869 2917 λέλεκται·
2896 2846 2982 2898 ἵνα
3004 2847 3197 2917 μηκέτι
3223 2848 3385 2912 αὐτὸς
3416 2851 3638 2921 νομίζη-

2053 2949 2141 2985 ται
2172 2933 2201 2985 ὁ
2234 2933 2682 3006 προσδοκώμενος
2736 2931 2876 2989 εἷναι
2919 2937 2984 2990 ἐκ
3027 2937 3224 2992 Δαυῒδ·
3279 2939 3336 3006 ἐξ
3391 2941 3554 2994 αὑτοῦ
3579 2942 3636 2994 δὲ

2056 3023 2394 3095 Σολομῶντος
2424 3025 2699 3090 ὲλπίζεται
2731 3027 2816 3081 ἓτε
2827 3045 2914 3099 ρος
2939 3029 2968 3080 6
2993 3030 3087 3082 καὶ
3115 3031 3262 3101 αὑτῷ
3296 3033 3636 3104 ἐπηγγελμέ-

2057 3135 2163 3182 νος.
2183 3119 2307 3172 Ἐὰν
2341 3119 2439 3190 μὲν
2465 3114 2556 3172 οὖν
2591 3118 2936 3189 ὲκδεξώμεθα
2963 3122 3044 3184 είς
3075 3122 3238 3176 αὺτὸν
3264 3123 3515 3194 εἰρῆσθαι
3545 3126 3639 3181 τὸν

2057 3209 2373 3281 Σολομῶντα
2392 3209 2483 3263 τὸν
2506 3210 2721 3281 ψαλμὸν
2766 3210 2907 3264 κατὰ
2952 3212 3048 3282 τὴν
3085 3211 3194 3266 τῶν
3236 3214 3638 3286 Ἐὁδομήκοντα

2058 3303 2402 3375 προγραφὴν,
2429 3302 2683 3374 ἐροῦμεν,
2721 3303 2804 3356 ὃτι
2850 3304 2912 3356 τὸ
2952 3304 3176 3375 Πνεῦμα
3215 3306 3276 3359 τὸ
3303 3307 3477 3375 ἅγιον,
3509 3313 3637 3382 περὶ

2057 3395 2220 3449 αὑτοῦ
2259 3395 2355 3466 τὴν
2383 3395 2548 3465 εὐχὴν
2573 3395 2901 3466 ἀναπέμψαν
2935 3395 3012 3466 τῷ
3035 3397 3152 3470 Θεῷ
3180 3398 3268 3452 διὰ
3295 3399 3388 3453 τοῦ
3418 3400 3638 3472 πρώτου

2057 3489 2260 3557 στίχου,
2295 3487 2360 3540 δι’
2385 3479 2448 3539 οῦ
2480 3487 2727 3560 εἴρηται·
2770 3507 2788 3538 ι
2811 3489 2869 3541 ὐ
2909 3487 3060 3553 Θεὸς,
3094 3489 3156 3542 τὸ
3203 3491 3375 3562 κρίμα
3421 3509 3514 3546 σου
3558 3494 3637 3564 τῷ

2057 3578 2264 3650 βασιλεῖ
2287 3579 2394 3642 δὸς,
2421 3599 2440 3631 ι
2476 3580 2718 3634 τουτέστι
2749 3579 2828 3651 τῷ
2856 3580 3185 3651 Σολομῶντι,
3202 3582 3292 3636 τὸν
3322 3583 3449 3655 ἑξῆς
3479 3584 3636 3654 λόγον

2055 3673 2182 3744 περὶ
2203 3671 2294 3725 τοῦ
2317 3671 2374 3738 ἐξ
2395 3671 2560 3726 αὐτοῦ
2587 3673 2952 3745 γενησομένου
2977 3676 3241 3728 ποιεῖται·
3265 3674 3344 3728 διὸ
3369 3676 3634 3745 ἐπιλέγειο

2021 3749 2077 3814 Ἴ
2109 3765 2216 3818 Καὶ
2258 3765 2356 3835 τὴν
2401 3765 2746 3838 δικαιοσύνην
2782 3785 2874 3820 σου
2909 3767 2988 3838 τῷ
3025 3766 3124 3838 υίῷ
3150 3766 3243 3821 τοῦ
3275 3768 3570 3838 βασιλέως·
3610 3790 3630 3822 ι

2052 3855 2250 3926 δηλαδὴ
2277 3855 2356 3926 τῷ
2385 3855 2628 3926 μέλλοντι
2657 3859 3080 3930 προελεύσεσθαι
3115 3861 3178 3913 ὲκ
3204 3861 3518 3932 σπέρματος
3545 3864 3636 3915 αύ-

2052 3947 2147 4002 τοῦ
2179 3948 2457 4019 ’1ησοῦ.’Ἡ
2472 3949 2581 4002 τῶν
2603 3951 2979 4021 προκειμένων
3005 3952 3034 4004 ὁ
3064 3951 3186 4015 νοῦς
3201 3951 3631 4026 τοιοῦτοςοὌρος

2059 4039 2212 4110 παρὰ
2247 4040 2346 4108 τῆς
2380 4041 2479 4113 σῆς
2529 4041 2782 4113 θεότητος
2820 4042 3183 4114 ἐξενήνεκται,
3227 4043 3401 4115 δόγμα
3445 4062 3503 4098 τε
3537 4045 3633 4098 καὶ

2054 4131 2230 4202 κρίμα
2284 4131 2556 4201 βασιλικὸν
2616 4135 2679 4186 ἐκ
2747 4133 2839 4185 σοῦ
2902 4133 3216 4205 Πνεύματος
3260 4135 3624 4198 διατέτακται,

2067 4223 2144 4287 ὡς
2161 4222 2225 4277 ἂν
2249 4224 2312 4277 ἐκ
2326 4224 2427 4292 τῆς
2446 4224 2788 4295 Σολομῶντος
2803 4225 3053 4294 διαδοχῆς
3081 4227 3108 4277 6
3143 4244 3206 4279 το
3221 4227 3424 4298 κόσμου
3443 4227 3634 4299 Σωτὴρ

2055 4315 2200 4369 κατὰ
2253 4317 2432 4388 σάρκα
2472 4317 2780 4388 γεννηθείη.
2809 4317 2979 4371 Τοῦτο
3020 4313 3111 4372 οὖν
3147 4319 3208 4372 τὸ
3247 4320 3423 4391 κρίμα
3456 4337 3570 4385 σου,
3601 4323 3631 4376 6

2058 4406 2209 4472 Θεὸς,
2239 4406 2341 4479 ἥδη
2387 4407 2520 4460 ποτὲ
2558 4405 2801 4479 δὼρησαι
2833 4407 2911 4478 τῷ
2947 4407 3174 4477 βασιλεῖ,
3203 4409 3400 4480 δηλαδὴ
3428 4408 3504 4480 τῷ
3535 4411 3636 4463 Σο-

1983 4514 2032 4574 D
2058 4498 2314 4569 λομῶντι,
2334 4499 2409 4562 ὡς
2437 4497 2502 4551 ἂν
2519 4497 2585 4550 δι’
2602 4496 2778 4569 ἔργων
2804 4500 3112 4570 χωρήσειαν
3141 4501 3188 4552 oi
3215 4499 3394 4569 λόγοι·
3426 4501 3518 4555 καὶ
3540 4500 3637 4553 αῦ-

2056 4590 2134 4662 τῷ
2167 4591 2264 4661 μὲν
2291 4588 2368 4661 τῷ
2402 4589 2611 4660 βασιλεῖ
2635 4589 2696 4642 τὸ
2722 4589 2960 4660 δηλωθὲν
2991 4591 3167 4662 κρίμα
3199 4591 3502 4662 παράσχου,
3536 4592 3635 4662 τὴν

2055 4683 2114 4736 δὲ
2138 4681 2483 4751 δικαιοσύνην
2507 4699 2598 4735 σου
2626 4680 2703 4752 τῷ
2726 4680 2826 4752 υίῷ
2847 4681 2940 4735 τοῦ
2969 4682 3250 4752 βασιλέως,
3282 4683 3361 4754 τῷ
3387 4684 3633 4755 μέλλοντι

2059 4773 2121 4824 ὲκ
2158 4771 2471 4841 σπέρματος
2509 4770 2671 4826 αὐτοῦ
2715 4771 3168 4843 προελεύσεσθαι·
3205 4774 3269 4826 ἵν’
3295 4775 3323 4827 6
3361 4774 3637 4845 γεννώμε-

2058 4881 2147 4928 νος
2185 4866 2214 4917 6
2251 4865 2314 4917 ὲκ
2344 4862 2652 4935 πνεύματος
2687 4865 2779 4917 καὶ
2805 4863 3046 4933 διάδοχος
3087 4864 3272 4929 αὑτοῦ,
3305 4865 3640 4937 ὑποδεξάμε-

2059 4974 2149 5020 νος
2178 4956 2273 5028 τὴν
2312 4957 2412 5028 σὴν
2442 4955 2809 5028 δικαιοσύνην,
2859 4975 2877 5008 ι
2905 4955 3153 5029 διακρίνῃ
3180 4957 3272 5010 τὸν
3304 4957 3427 5010 λαόν
3458 4975 3550 5011 σου
3578 4961 3652 5012 ὲν

2057 5048 2392 5121 δικαιοσύνῃ,
2426 5048 2524 5103 καὶ
2552 5050 2674 5112 τοὺς
2704 5045 2950 5118 πτωχούς
2996 5065 3087 5100 σου
3141 5049 3198 5100 ἐν
3242 5049 3441 5120 κρίσει.
3477 5069 3496 5101 ι
3527 5051 3639 5104 Καὶ

2059 5142 2230 5196 ταῦτα
2252 5143 2368 5214 μὲν,
2393 5141 2548 5214 εἴπερ
2564 5145 2642 5207 εἰς
2660 5141 2824 5197 αὐτοῦ
2855 5139 3144 5214 προσώπου
3178 5140 3273 5195 τοῦ
3295 5141 3638 5214 Σολομῶντος

2061 5237 2382 5309 ἀναφέροιτο
2439 5238 2477 5306 ἡ
2540 5233 2833 5308 προγραφὴ
2881 5233 3023 5287 κατὰ
3071 5234 3197 5297 τοὺς
3237 5233 3640 5305 Ἑϐδομήκοντα

2063 5333 2326 5404 φέρουσα,
2353 5349 2371 5382 ι
2397 5332 2477 5394 εἰς
2509 5327 2831 5396 Σολομῶντα
2848 5343 2862 5357 δ
2897 5345 2914 5378 ι
2944 5328 2992 5380 εἰ
3023 5326 3079 5380 δὲ
3105 5325 3246 5380 κατὰ
3272 5327 3398 5390 τοὺς
3420 5325 3640 5390 λοιποὺς

2063 5421 2402 5495 ἑρμηνευτὰς
2446 5419 2539 5474 τοῦ
2583 5418 2930 5488 Σολομῶντος
2962 5415 3097 5472 εἶναι
3119 5417 3386 5490 λέγοιτοή
3429 5433 3641 5489 προφη-

2061 5514 2180 5567 τεία
2203 5555 2218 5577 ,
2268 5515 2548 5584 φήσομεν,
2587 5511 2670 5562 ὅτι
2704 5508 2866 5573 αὐτὸς
2902 5509 2930 5562 ὁ
2981 5508 3266 5580 Σολομὼν,
3322 5507 3640 5579 Πνεύματος

2065 5603 2391 5675 πληρωθεὶς,
2441 5602 2566 5674 τρία
2612 5600 2702 5654 διὰ
2736 5601 2942 5654 τούτων
2988 5601 3283 5672 παρίστησι
3331 5601 3636 5672 πρόσωπα·

2062 5695 2154 5749 τὸν
2183 5695 2336 5757 Θεὸν,
2371 5688 2416 5761 ᾧ
2444 5692 2543 5763 τὴν
2576 5692 2740 5763 εὐχὴν
2775 5692 3109 5762 ἀναπέμπει,
3141 5692 3234 5746 καὶ
3275 5693 3367 5745 τὸν
3397 5692 3635 5762 βασιλέα,

2066 5788 2123 5842 ὃν
2171 5786 2432 5839 πέπειστο
2469 5784 2769 5853 βασιλεύειν
2801 5785 2907 5838 τῶν
2936 5784 3103 5847 ὅλων,
3136 5783 3342 5856 δηλαδὴ
3375 5785 3465 5838 τὸν
3516 5785 3643 5837 Πὸυ
