4056 6372
405 349 506 401 795
1504 327 2008 390 COMMENTARIA

2108 326 2116 380 Ι
2157 317 2497 379 PSALMOS.

3564 305 3667 359 796

400 468 493 520 τοῦ
542 464 709 519 Θεοῦ·
758 464 851 518 καὶ
895 459 1076 531 τρίτον
1129 459 1188 510 ὃν
1234 455 1523 525 ἀνείληφεν
1585 451 1870 521 ἄνθρωπον
1922 451 1986 501 ὲκ

2108 444 2299 500 ιειιιιιιο
2337 438 2448 492 ait:
2487 453 2505 485 ι
2547 431 2659 502 Ego
2705 437 2888 484 autem
2915 424 3252 482 constitutus
3297 436 3418 478 sum
3473 436 3570 475 rex
3598 419 3669 473 ab

403 559 716 630 σπέρματος
731 554 890 608 Δαυῒδ
904 552 962 619 ἐξ
987 550 1149 604 αὐτοῦ
1181 567 1242 602 τε
1268 546 1364 600 τοῦ
1403 543 1749 616 Σολομῶντος
1775 539 1977 610 γεννώ-

407 669 587 723 μενον,
617 651 802 720 ἓτερον
851 646 980 699 ὄντα
1014 641 1168 715 παρά
1208 642 1302 695 τὸν
1359 636 1581 710 βασιλέα
1612 635 1701 690 τὸν
1746 633 1834 686 διὰ
1884 630 1978 684 τοῦ

402 743 617 815 ψαλμοῦ
657 743 829 811 φάντα
850 756 863 770 ·
900 758 918 790 ι
954 735 1099 806 Ἐγὼ
1135 736 1190 788 δὲ
1233 731 1571 801 κατεστάθην
1607 727 1856 800 βασιλεὺς
1888 725 1980 777 ὑπ’

404 836 566 890 αὑτοῦ
620 835 712 887 ἐπὶ
740 831 880 885 Σιὼν
933 831 1058 904 δρος
1111 829 1265 897 ἀγιον
1311 824 1476 880 αὑτοῦ
1502 863 1517 887 ,
1562 819 1891 890 διαγγέλλων
1920 816 1982 874 τὸ

405 930 733 1000 πρόσταγμα
761 925 988 997 Κυρίου.
1014 922 1220 993 Κύριος
1235 914 1357 974 εἶπε
1376 917 1510 989 πρὸς
1536 915 1602 987 μέ
1623 935 1636 948 ·
1667 913 1794 977 res;
1813 928 1912 983 μου
1933 905 1985 962 εἴ

408 1021 472 1076 σύ
498 1038 510 1052 ·
548 1021 657 1090 ἐγὼ
688 1021 928 1091 σήμερον
948 1014 1258 1087 γεγέννηκά
1297 1029 1376 1066 σε.
1412 1012 1639 1081 Αἵτησαι
1662 1008 1792 1079 παρ’
1824 1003 1984 1076 ὲμοῦ,

408 1113 502 1167 κάἱ
534 1110 689 1165 δώσω
724 1128 806 1163 σοι
842 1110 969 1179 ἔθνη
1019 1107 1119 1178 τὴν
1168 1103 1533 1178 κληρονομίαν
1582 1117 1672 1154 σου
1696 1141 1710 1164 ,
1747 1098 1843 1152 καὶ
1887 1096 1986 1168 τὴν

406 1204 737 1275 κατάσχεσίν
790 1221 881 1256 σου
929 1203 997 1255 τὰ
1039 1200 1252 1270 πέρατα
1292 1197 1394 1267 τῆς
1435 1198 1557 1266 γῆς.
1594 1213 1612 1245 ι
1643 1192 1739 1246 Διά
1781 1189 1988 1244 τούτων

405 1298 515 1370 γὰρ
534 1297 718 1367 σαφῶς
740 1295 1040 1359 καταστὰς,
1060 1291 1244 1348 ἀκούει
1272 1291 1408 1360 πρὸς
1427 1288 1522 1342 τοῦ
1543 1286 1756 1358 Πατρός
1775 1302 1788 1316 ·
1816 1305 1832 1336 ι
1859 1283 1989 1345 Υἱός

411 1408 513 1462 μου
568 1385 619 1443 εἴ
668 1390 732 1442 σύ
756 1406 770 1420 ·
830 1387 940 1456 ἐγὼ
993 1387 1231 1457 σήμερον
1277 1379 1585 1451 γεγέννηκά
1636 1395 1713 1431 σε.
1763 1375 1993 1446 Αἴτησαι

385 1486 539 1573 ,παρ’
563 1481 719 1554 ἐμοῦ,
748 1482 842 1535 καὶ
869 1480 1026 1533 δώσω
1059 1495 1140 1531 σοι
1170 1477 1297 1546 ἔθνη
1323 1476 1421 1546 τὴν
1450 1471 1814 1545 κληρονομίαν
1839 1485 1987 1521 σου.»

408 1570 531 1628 Οἵδε
577 1574 634 1626 δὲ
679 1572 774 1626 καὶ
820 1571 984 1633 αὐτὸς
1023 1572 1052 1622 6
1100 1565 1351 1638 Σολομὼν
1401 1565 1492 1618 τὸν
1528 1564 1654 1617 Υίὸν
1695 1561 1790 1615 τοῦ
1834 1557 1991 1623 Θεοῦ,

410 1665 602 1735 σοφίαν
646 1663 926 1735 ὀνομάζων
957 1661 1138 1725 αὐτὸν,
1174 1661 1232 1712 ὲν
1264 1653 1344 1722 οἷς
1395 1656 1455 1721 ἐξ
1489 1655 1654 1708 αὑτοῦ
1699 1651 1993 1724 προσώπου

408 1758 465 1809 ἐν
514 1755 843 1827 Παροιμίαις
898 1753 1024 1806 τάδε
1061 1749 1260 1822 φησίν·
1303 1769 1321 1799 ι
1382 1745 1523 1815 Ἐγὼ
1569 1747 1603 1816 ἡ
1643 1743 1812 1812 Σοφία
1859 1757 1990 1795 κατ⁴

409 1851 691 1918 εσκήνωσα
716 1845 930 1917 βουλὴν,
961 1845 1056 1898 καὶ
1084 1842 1284 1912 γνῶσιν
1309 1841 1403 1893 καὶ
1422 1839 1631 1894 ἔννοιαν
1662 1834 1772 1904 ἐγὼ
1795 1836 1998 1888 ἐπεκα-

409 1940 673 2012 λεσάμην.
703 1940 780 1991 Δι’
809 1936 944 2008 ἐμοῦ
980 1935 1223 2007 βασιλεῖς
1250 1931 1623 2004 βασιλεύουσι·
1656 1948 1674 1979 ι
1713 1927 1804 1981 καὶ
1836 1926 1992 1996 ἑξῆς·

417 2051 436 2084 ι
479 2031 686 2102 Κύριος
732 2030 917 2082 ἕκτισέ
982 2045 1048 2099 με
1087 2027 1260 2098 ἀρχὴν
1302 2023 1438 2079 ὁδῶν
1504 2019 1670 2074 αὐτοῦ
1732 2019 1812 2082 είς
1863 2017 1999 2088 ἔργα

410 2123 596 2179 αὐτοῦ.
635 2123 746 2194 Πρὸ
772 2121 866 2174 τοῦ
907 2118 1102 2183 αἰῶνος
1132 2114 1460 2188 ὲθεμελίωσέ
1491 2131 1578 2186 με,
1620 2109 1726 2182 πρὸ
1762 2108 1857 2163 τοῦ
1898 2106 1999 2179 ὅρη

413 2214 750 2289 ἑδρασθῆναι
776 2232 790 2247 ο
846 2213 954 2286 πρὸ
1011 2211 1068 2264 δὲ
1120 2209 1340 2262 πάντων
1396 2205 1598 2277 βουνῶν
1644 2202 1808 2272 γεννᾷ
1861 2215 1949 2271 με.
1976 2217 1996 2250 ι

411 2310 665 2380 Γὲννημὸι
693 2307 872 2361 τοίνυν
921 2304 1013 2358 τοῦ
1041 2301 1176 2356 Θεοῦ
1203 2303 1237 2373 ὴ
1288 2300 1448 2370 σοφία
1491 2299 1585 2352 καὶ
1614 2299 1641 2350 6
1675 2295 1803 2358 Υίὸς
1835 2291 2002 2347 αὐτοῦ

412 2405 442 2457 6
467 2401 814 2471 Μονογενής·
851 2398 948 2452 καὶ
999 2396 1134 2468 περὶ
1160 2392 1324 2448 αὑτοῦ
1368 2391 1465 2462 τὴν
1511 2387 1791 2460 παροῦσαν
1838 2381 2002 2453 εὐχὴν

413 2494 728 2564 ἀναπέμπει
762 2492 791 2543 6
823 2487 1074 2560 Σολομὼν
1105 2487 1357 2557 φάσκων·
1399 2503 1417 2535 ι
1455 2483 1512 2535 ὐ
1534 2480 1687 2544 Θεὸς,
1717 2477 1781 2530 τὸ
1825 2475 2002 2548 κρίμα

417 2604 511 2640 σου
559 2586 636 2657 τῷ
670 2585 882 2656 βασιλεῖ
925 2583 1016 2646 δὸς
1035 2624 1050 2648 ,
1096 2598 1117 2634 ι
1157 2580 1317 2650 δῆλον
1362 2577 1407 2630 δ’
1452 2576 1536 2628 ὅτι
1584 2570 1663 2642 τῷ
1713 2568 2007 2636 Μονογενεῖ

415 2679 575 2749 Λόγῳ
602 2695 718 2730 σου.
757 2673 980 2744 Ἐπειδὴ
1013 2671 1123 2742 γὰρ
1149 2671 1370 2742 ἔκρινας
1400 2666 1562 2721 αὐτὸν
1588 2663 1681 2717 ἐπὶ
1705 2660 1809 2730 γῆς
1838 2657 2007 2728 ὀφθῆ-

415 2787 528 2834 ναι,
554 2770 642 2821 ἵνα
679 2767 752 2838 μὴ
793 2767 952 2837 μόνον
985 2763 1096 2816 τῶν
1130 2763 1252 2816 κατ’
1286 2756 1555 2831 οὐρανῶν,
1594 2752 1734 2809 ἀλλά
1774 2751 1868 2805 καὶ
1895 2748 2005 2802 τῶν

420 2857 513 2910 ἐπὶ
541 2857 645 2927 γῆς
673 2854 949 2925 βασιλεύῃ,
973 2852 1130 2906 τοῦτο
1153 2851 1214 2903 τὸ
1239 2849 1416 2920 κρίμα
1439 2848 1541 2918 ⁸ἢδη
1565 2843 1696 2897 ποτε
1725 2843 1816 2895 ἐπὶ
1834 2840 2007 2911 πέρας

419 2947 664 3018 ἀγέσθω·
697 2949 791 3001 καὶ
823 2945 921 3017 τὴν
951 2942 1296 3012 δικαιοσύνην
1327 2941 1386 2994 δὲ
1413 2941 1512 3010 τὴν
1549 2937 1644 3009 σὴν
1675 2935 1754 3007 τῷ
1780 2932 1882 3004 υἱῷ
1911 2931 2006 2985 τοῦ

421 3041 688 3111 βασιλέως
715 3039 823 3103 δὸς,
850 3037 1042 3101 ὁΘεός·
1063 3035 1178 3089 υίοῦ
1205 3033 1469 3106 βασιλέως
1495 3028 1729 3084 ἐνταῦθα
1752 3026 1846 3080 τοῦ
1867 3023 2011 3079 κατά

420 3133 601 3204 σάρκα
618 3130 906 3202 νοουμένου
937 3132 1002 3182 ὲκ
1028 3127 1344 3198 σπέρματος
1355 3123 1539 3187 Δαυῖδ,
1562 3121 1621 3174 ὃν
1648 3119 1809 3180 αὐτὸς
1832 3113 2008 3185 ἐαυτῷ

417 3226 449 3278 6
506 3220 691 3293 προὼν
720 3219 816 3274 τοῦ
848 3219 984 3274 Θεοῦ
1035 3219 1210 3293 Λόγος
1253 3216 1314 3282 ἐξ
1360 3215 1515 3284 ἁγίου
1557 3211 1875 3282 Πνεύματος
1912 3205 2006 3260 καὶ

417 3314 519 3386 τῆς
545 3291 715 3384 ἀγίας,
736 3311 1021 3387 Παρθένου
1069 3291 1436 3380 συνεστήσατο
1456 3325 1470 3338 ·
1498 3305 1556 3358 ὃν
1591 3305 1687 3357 καὶ
1713 3304 1772 3354 ὲν
1811 3301 2011 3368 Παροι-

419 3383 578 3489 Δπϊίαις
596 3383 936 3470 αἰνίττεσθαι
970 3406 1061 3462 τὸν
1077 3402 1402 3475 Σολομῶντα
1421 3397 1558 3471 ἡγοῦ
1567 3415 1662 3469 μαι
1687 3397 1753 3450 δι’
1773 3387 1847 3447 ὧν
1862 3383 2012 3464 ’γρά-

427 3484 517 3579 φει
531 3507 722 3576 λέγων·
737 3526 750 3555 ι
765 3503 861 3567 Τις
889 3500 1057 3570 ἀνέϐη
1077 3499 1157 3562 είς
1172 3497 1263 3550 τὸν
1283 3494 1510 3566 οὐρανὸν
1526 3491 1620 3545 καὶ
1647 3486 1852 3556 κατέϐη
1877 3501 1891 3550 ;
1917 3484 2014 3548 Τίς

429 3577 736 3670 συνήγαγεν
762 3593 996 3665 ἀνέμους
1022 3593 1080 3644 ὲν
1106 3589 1321 3659 κόλπῳς
1352 3587 1450 3649 Τίς
1471 3580 1840 3654 ¹συνέςιιιυιρειίιεν
1871 3577 2014 3646 ὕδωρ

430 3695 488 3745 ὲν
507 3668 710 3761 ἱματίῳ
734 3703 748 3751 ;
771 3684 868 3748 Τίς
885 3683 1157 3754 ἐκράτησε
1180 3679 1400 3734 πάντων
1417 3676 1525 3729 τῶν
1549 3675 1734 3744 ἄκρων
1755 3673 1858 3740 τῆς
1877 3668 1980 3738 γῆς
1998 3683 2014 3731 ;

431 3785 497 3838 Τί
518 3759 687 3852 δνομα
716 3775 884 3847 αὐτῷ,
913 3775 1011 3828 καὶ·
1035 3772 1089 3825 τί
1115 3772 1284 3841 ὄνομα
1314 3768 1394 3839 τῷ
1419 3765 1535 3836 Υἱῷ
1568 3762 1768 3827 αύτοῦ;
1803 3781 1820 3812 ι
1860 3759 2016 3812 υῦτω

432 3871 541 3943 γὰρ
577 3847 930 3940 ἡρμήνευσαν
961 3863 1010 3916 οί
1054 3860 1262 3913 λοιποί·
1303 3858 1332 3910 6
1380 3857 1477 3928 μὲν
1539 3852 1770 3916 Ἀκύλας
1805 3847 1976 3903 εἰπών
1999 3863 2013 3877 ·

440 3937 459 4015 ὲ
490 3937 555 4016 Τί
583 3937 755 4032 δνομα
787 3955 956 4026 αὐτῷ,
983 3955 1078 4008 καὶ
1099 3952 1152 4005 τί
1179 3952 1350 4020 ὄνομα
1380 3945 1464 4016 τῷ
1497 3945 1610 4015 Υἱῴ
1636 3941 1840 4006 αὐτοῦς
1875 3960 1893 3992 ι
1924 3937 2020 3992 καὶ

435 4059 464 4111 6
485 4030 777 4110 Θεοδοτίων
793 4048 996 4122 ὁμοίως
1011 4064 1024 4077 ·
1039 4065 1058 4098 ι
1076 4045 1141 4098 Τί
1171 4044 1340 4114 δνομα
1371 4037 1540 4108 αὐτῷ,
1561 4035 1722 4090 καὶτί
1749 4034 1918 4104 ὸνομα
1942 4030 2020 4102 τῷ

436 4144 554 4216 Υἱῷ
585 4141 788 4208 αύτοῦ;
818 4159 836 4193 ι
880 4136 1074 4207 Σαφῶς
1110 4134 1219 4204 γὰρ
1251 4135 1309 4186 ὲν
1355 4129 1566 4191 τούτοις
1611 4127 1708 4198 μὲν
1740 4124 2021 4198 κρατήσας

438 4215 536 4309 τῆς
568 4237 690 4307 γῆς,
727 4233 822 4288 καὶ
855 4224 1248 4299 καταϐεϐηκὼς
1277 4224 1370 4278 καὶ
1403 4217 1641 4275 ἀνελθὼν
1667 4218 1748 4281 εἰς
1772 4215 2020 4286 οὐρανὸν,

440 4307 510 4384 τά
539 4347 600 4383 τε
632 4327 804 4380 λοιπά
821 4324 1049 4394 δεόμενα
1073 4320 1172 4390 τῆς
1205 4315 1345 4370 κατὰ
1376 4312 1570 4386 σχολὴν
1595 4307 1890 4382 ἑρμηνείας
1930 4322 2025 4357 πε-

444 4419 708 4493 ποιηκὼς,
743 4418 917 4480 οὐδεὶς
948 4414 1014 4469 ἂν
1040 4413 1247 4482 γένοιτο
1266 4410 1452 4480 ἒτερος
1469 4403 1564 4460 τοῦ
1591 4399 1722 4455 Υίοῦ
1746 4398 1840 4482 τοῦ
1864 4395 2022 4460 Θεοῦ,

444 4520 504 4583 ὃς
530 4480 680 4570 docet
695 4480 760 4581 δὴ
787 4509 962 4563 ταῦτα
986 4480 1250 4559 διδάσκων
1290 4499 1511 4567 ἔλεγεν·
1554 4515 1572 4547 ι
1601 4480 1790 4556 Οὐδεὶς
1825 4488 2024 4544 ἀναϐέ-

447 4581 615 4682 ϐηκεν
646 4609 726 4670 εἰς
755 4606 844 4658 τὸν
876 4601 1104 4673 οὐρανὸν
1146 4599 1196 4652 εί
1234 4597 1310 4668 μὴ
1335 4596 1364 4648 6
1390 4596 1454 4647 ὲκ
1486 4589 1581 4646 τοῦ
1627 4586 1854 4660 ούρανοῦ
1889 4582 2131 4645 καταϐὰς
2171 4581 2199 4634 6

2083 552 2149 592 eo
2178 548 2344 603 super
2381 527 2510 584 Sion
2544 532 2784 580 montem
2846 527 3098 576 sanctum
3153 517 3308 586 ejus,
3362 512 3671 585 praedicans

2087 631 2414 698 przeceptum
2454 617 2685 673 Domini.
2719 612 2985 668 Dominus
3035 609 3173 664 dixit
3212 607 3282 662 ad
3323 621 3445 661 me:
3498 602 3671 658 Filius

2087 733 2242 774 meus
2281 731 2340 770 es
2364 723 2444 777 tu,
2479 725 2582 780 ego
2629 707 2791 763 hodie
2817 706 2979 776 genui
3015 711 3089 756 te.
3137 698 3362 754 Postula
3393 711 3424 751 a
3451 712 3538 751 me
3563 735 3580 760 ,
3617 702 3674 750 et

2089 810 2230 864 dabo
2265 806 2362 861 tibi
2397 812 2588 875 gentes
2636 797 3012 854 htcrcditatem
3050 800 3232 856 tuam,
3275 796 3328 846 et
3374 787 3677 859 possessio-

2090 917 2214 958 nem
2264 909 2415 953 tuam
2465 894 2730 951 terminos
2785 887 3018 945 terrae”.
3076 904 3096 937 )
3143 883 3242 938 His
3297 881 3444 936 enim
3491 887 3678 948 aperte

2091 993 2444 1054 constitutus,
2480 989 2596 1042 haec
2653 1001 2683 1039 a
2729 983 2894 1036 Patre
2943 978 3132 1033 audit:
3169 995 3188 1028 ι
3224 974 3398 1029 Filius
3431 987 3587 1027 meus
3617 985 3677 1023 es

2092 1096 2172 1150 tu,
2207 1100 2308 1155 ego
2347 1080 2509 1138 hodie
2543 1076 2710 1149 genui
2742 1083 2811 1130 te.
2837 1072 3060 1127 Postula
3090 1084 3121 1122 a
3163 1083 3269 1132 me,
3302 1073 3356 1120 et
3399 1063 3540 1119 dabo
3580 1061 3677 1114 tibi

2093 1149 2282 1248 gentes
2329 1170 2703 1226 haereditatem
2753 1175 2924 1217 tuam.
2979 1180 2998 1211 ι
3053 1157 3214 1212 Novit
3266 1168 3432 1226 porro
3477 1157 3531 1205 et
3563 1149 3680 1218 ipse

2097 1238 2355 1321 Salomon
2389 1261 2588 1316 Filium
2623 1255 2738 1319 Dei,
2765 1254 2858 1324 qui
2884 1253 3062 1321 ipsum
3097 1245 3420 1317 sapientiam
3439 1247 3602 1296 vocat
3621 1238 3675 1292 in

2095 1354 2430 1416 Proverbiis,
2466 1352 2556 1407 ubi
2583 1364 2650 1404 ex
2681 1347 2801 1417 ejus
2824 1357 3059 1415 persona
3096 1341 3175 1395 sic
3207 1338 3484 1408 loquitur:
3514 1352 3534 1386 ι
3568 1333 3682 1404 Ego

2101 1450 2379 1522 Sapientia
2404 1441 2702 1500 inhabitari
2739 1438 3052 1498 consilium,
3076 1443 3132 1489 et
3159 1429 3468 1493 scientiam,
3499 1431 3555 1479 et
3584 1439 3679 1479 co-

2100 1547 2415 1620 gitationem
2440 1556 2540 1612 ego
2561 1534 2834 1592 invocavi.
2859 1532 2960 1588 Per
2990 1545 3076 1586 me
3100 1540 3258 1597 reges
3289 1525 3520 1592 regnant
3540 1518 3620 1583 ¹⁰;
3657 1537 3676 1570 ι

2103 1655 2165 1694 ac
2187 1635 2424 1692 deinde:
2461 1651 2479 1684 ι
2533 1629 2796 1684 Dominus
2845 1621 3050 1678 creavit
3086 1633 3173 1673 me
3217 1615 3434 1669 initium
3467 1610 3681 1664 viarum

2104 1745 2325 1788 suarum
2358 1726 2413 1780 in
2452 1736 2620 1792 opera
2659 1735 2756 1774 sua
2787 1735 2800 1770 :
2839 1721 2963 1769 ante
3001 1709 3260 1766 saeculum
3287 1701 3535 1760 fundavit
3565 1714 3674 1761 me,

2028 1838 2070 1892 Β
2099 1833 2389 1892 antequam
2427 1823 2642 1871 montes
2671 1812 3075 1866 collocarentur
3103 1823 3115 1857 :
3151 1808 3275 1855 ante
3298 1810 3491 1854 omnes
3514 1792 3682 1848 colles

2102 1881 2276 1987 gignit
2305 1926 2392 1966 me
2415 1909 2479 1963 “.
2519 1927 2537 1959 ι
2564 1903 2756 1959 Proles
2787 1901 2954 1972 igitur
2983 1895 3079 1950 Dei
3111 1903 3196 1950 est
3223 1888 3492 1959 sapientia
3514 1895 3569 1942 et
3592 1881 3685 1936 Fi-

2102 1977 2208 2058 lius
2258 2000 2379 2070 ejus
2425 1994 2789 2066 Unigeuitus:
2842 1991 3018 2058 deque
3072 1986 3166 2040 illo
3224 1981 3482 2036 Salomon
3542 1977 3685 2030 hanc

2103 2089 2284 2146 fundit
2300 2065 2604 2142 orationem
2626 2082 2844 2137 dicens:
2877 2098 2896 2130 ι
2925 2073 3368 2143 Deus,judicium
3391 2077 3542 2122 tuum
3568 2065 3683 2126 regi

2103 2183 2197 2246 da,
2234 2201 2254 2234 ›
2289 2179 2504 2236 scilicet
2534 2173 2824 2246 Unigenito
2851 2169 3032 2225 Verbo
3078 2174 3196 2222 tuo.
3232 2162 3371 2229 Quia
3403 2159 3550 2216 enim
3596 2159 3690 2229 ju-

2104 2274 2305 2334 dicasti
2341 2280 2401 2326 ut
2429 2271 2485 2326 in
2515 2278 2665 2324 terra
2699 2264 2998 2325 videretur,
3035 2267 3095 2314 ut
3122 2273 3230 2313 non
3261 2255 3424 2310 modo
3449 2250 3689 2306 caelesti-

2106 2371 2233 2433 bus,
2256 2366 2352 2423 sed
2378 2366 2542 2420 etiam
2576 2357 2810 2415 terrenis
2840 2359 3126 2425 regnaret;
3157 2351 3260 2404 hoc
3290 2345 3558 2415 judicium
3575 2343 3690 2413 jam

2107 2463 2326 2519 demum
2365 2457 2435 2513 ad
2483 2453 2778 2510 terminum
2837 2446 3160 2503 deducatur.
3223 2440 3502 2496 Justitiam
3562 2436 3692 2490 item

2105 2565 2254 2609 tuam
2291 2550 2401 2604 ﬁlio
2431 2547 2575 2617 regis
2598 2584 2613 2609 ,
2653 2559 2687 2598 o
2718 2541 2864 2596 Deus
2888 2579 2902 2602 ,
2935 2536 3176 2593 concede
3204 2553 3217 2588 :
3252 2533 3342 2587 hic
3382 2544 3514 2585 vero
3548 2528 3695 2582 ﬁlius

2106 2643 2254 2713 regis
2303 2635 2627 2706 intelligitur
2658 2629 2962 2687 secundum
2995 2639 3220 2680 carnem
3249 2638 3316 2676 ex
3349 2619 3557 2675 semine
3588 2615 3694 2670 Da-

2108 2708 2220 2798 vid,
2251 2746 2414 2802 quem
2449 2727 2542 2783 Dei
2566 2724 2829 2786 Verbum,
2863 2719 3006 2790 quod
3043 2725 3204 2771 antea
3229 2711 3550 2774 exsistebat,
3586 2708 3695 2763 sibi

2108 2843 2174 2883 ex
2226 2800 2432 2895 spiritu
2481 2825 2674 2876 sancto
2736 2821 2790 2870 et
2849 2818 3041 2868 sancta
3088 2806 3310 2876 Virgine
3369 2800 3691 2858 constituit:

2109 2889 2285 2990 quem-
2317 2914 2443 2968 item
2478 2917 2612 2981 puto
2645 2905 2994 2960 Salomonem
3051 2899 3108 2952 in
3154 2893 3465 2957 Proverbiis
3499 2889 3695 2946 subin-

2111 2982 2298 3066 dicare
2319 3008 2405 3061 his
2428 3003 2648 3060 verbis:
2686 3018 2704 3050 ι
2742 2998 2878 3062 Quis
2906 2992 3154 3050 ascendit
3185 2992 3238 3044 in
3269 2989 3467 3044 coelum
3509 2997 3562 3040 et
3601 2982 3698 3038 de-

2113 3103 2334 3160 cendit?
2367 3099 2502 3166 Quis
2564 3091 2915 3164 congregavit
2975 3094 3171 3142 ventos
3236 3084 3292 3138 in
3341 3080 3511 3137 sinu?
3561 3077 3699 3143 Quis

2034 3199 2076 3256 C
2110 3194 2380 3250 convertit
2407 3201 2602 3257 aquam
2647 3184 2703 3238 in
2731 3174 3166 3236 vestimentum?
3210 3171 3346 3238 Quis
3382 3166 3700 3224 dominatus

2116 3295 2198 3343 est
2221 3283 2464 3339 omnium
2509 3277 2699 3333 [inium
2756 3269 2952 3328 terrae?
2983 3267 3138 3335 Quod
3177 3278 3376 3320 nomen
3425 3259 3588 3332 ejus,
3647 3266 3703 3313 et

2112 3379 2257 3452 quod
2282 3391 2482 3434 nomen
2514 3372 2625 3427 lilio
2681 3369 2802 3439 ejus
2827 3365 2912 3419 “?
2950 3384 2968 3416 ι
3027 3361 3119 3417 Sic
3156 3359 3302 3415 enim
3359 3350 3702 3423 interpretati

2121 3447 2254 3530 sunt
2295 3468 2514 3540 reliqui,
2545 3464 2741 3535 Aquila
2794 3461 3006 3517 scilicet
3042 3457 3269 3510 dicens:
3323 3469 3341 3501 ι
3379 3447 3536 3514 Quod
3600 3458 3704 3497 no-

2115 3581 2239 3620 men
2269 3563 2371 3633 ipsi
2394 3533 2507 3626 ,ἐι
2551 3533 2697 3627 quod
2736 3566 2932 3608 nomen
2969 3548 3079 3602 lilio
3123 3542 3279 3613 ejus?
3320 3559 3338 3591 ι
3403 3533 3705 3591 Theodotio

2116 3629 2404 3716 similiter,
2463 3669 2482 3702 ι
2521 3647 2677 3715 Quod
2732 3659 2931 3700 nomen
2980 3640 3135 3709 ejus,
3196 3643 3250 3690 et
3302 3629 3447 3704 quod
3503 3641 3707 3683 nomen

2119 3749 2229 3804 [ilio
2263 3744 2426 3815 ejus?
2462 3763 2480 3796 ι
2516 3740 2680 3795 Clare
2716 3738 2863 3793 enim
2897 3735 2991 3805 qui
3022 3733 3110 3786 hic
3143 3728 3318 3784 fertur
3337 3733 3499 3780 terra
3537 3720 3709 3788 impe-

2116 3853 2290 3902 rasse,
2316 3832 2672 3892 descendisse
2715 3839 2769 3884 et
2794 3824 3112 3882 ascendisse
3146 3821 3200 3874 in
3232 3817 3458 3882 coelum,
3487 3820 3543 3867 et
3579 3810 3710 3865 reli-

2117 3943 2226 4000 qua
2274 3923 2586 3996 peregisse,
2652 3933 2773 3989 qua:
2822 3913 3043 3969 nonnisi
3096 3925 3190 3980 per
3235 3907 3408 3961 otium
3449 3897 3712 3970 explicari

2120 3987 2372 4091 possunt,
2404 3987 2591 4068 nullus
2619 3987 2759 4064 alius
2790 4019 2953 4077 quam
2986 4001 3159 4054 Filius
3199 3997 3296 4051 Dei
3351 3991 3517 4047 fuerit
3541 4032 3556 4056 ,
3617 3987 3716 4056 qui

2123 4113 2238 4168 haec
2270 4111 2388 4180 ipsa
2421 4105 2653 4161 docebat
2700 4101 2789 4155 his
2838 4095 3018 4152 verbis
3053 4112 3065 4147 :
3113 4110 3131 4141 ε
3168 4087 3341 4142 Nemo
3378 4079 3624 4138 ascendit
3657 4079 3711 4132 in

2107 4167 2364 4265 coelum,
2420 4196 2527 4252 nisi
2579 4193 2671 4264 qui
2705 4191 2771 4246 de
2805 4187 2944 4244 coelo
2996 4177 3281 4238 descendit
3335 4172 3505 4228 Filius
3534 4167 3717 4223 homi-

2095 4300 2211 4353 -nis
2245 4294 2309 4346 ¹³.
2352 4311 2371 4344 ›
2411 4289 2516 4357 Qui
2547 4295 2728 4341 autem
2781 4280 2871 4335 hic
2900 4276 3073 4331 Filius
3104 4271 3223 4341 ejus
3263 4265 3484 4326 dicitur,
3517 4274 3714 4315 secun-

2125 4392 2257 4446 dum
2291 4399 2514 4441 carnem
2549 4378 2910 4448 intelligatur,
2941 4382 3104 4440 quam
3129 4380 3194 4420 ex
3228 4359 3435 4416 semine
3469 4350 3639 4407 David
3661 4356 3719 4404 et

2129 4479 2441 4538 Salomonis
2470 4474 2668 4528 factam
2700 4469 2927 4536 accepit.

2258 4576 2386 4639 Υἱὸς
2434 4571 2527 4625 τοῦ
2577 4564 2894 4638 ἀνθρώπου·
2947 4579 2965 4611 )
3006 4559 3062 4611 '0
3089 4555 3132 4607 δ’
3159 4549 3388 4606 ἐνταῦθα
3432 4539 3724 4611 λεγόμενος

449 4633 480 4666 ο
522 4633 615 4664 κεν
646 4633 725 4670 εις
755 4633 844 4658 τυν
876 4633 937 4657 υυ
977 4633 1104 4655 υινυν
1146 4633 1196 4652 ει.
1283 4633 1293 4650 Ι
1335 4633 1454 4648 νε...
1498 4633 1580 4646 ,ν-
1630 4633 1687 4643 --
1730 4633 1852 4642 ...π
1891 4633 2128 4645 --ων-η,
2182 4633 2189 4634 ,
2366 4633 2382 4639 _

449 4633 612 4759 0:21:06
647 4699 774 4764 Υἱὸς
805 4698 888 4769 εἴη
917 4633 984 4750 εἰ
1017 4696 1045 4748 6
1066 4693 1208 4746 κατὰ
1234 4633 1436 4762 μσάρκα
1465 4633 1772 4756 νοούμενὸς,
1800 4681 1866 4753 ἢν
1927 4677 2219 4748 ἀνείληφεν
2250 4674 2316 4725 ὲκ
2351 4633 2864 4738 σπέρματος-Δαυῖδ
2897 4655 2989 4708 καὶ
3022 4647 3362 4720 Σολομῶντος
3398 4633 3715 4709 γενομένην.

533 4815 671 4870 Ἀλλ’
712 4812 836 4866 ἐπεὶ
867 4807 1133 4863 Ἰουδαίων
1164 4804 1351 4866 παῖδες
1389 4802 1492 4865 τάς
1526 4797 1896 4872 προκειμένας
1925 4793 2008 4848 τῶ·

2209 4786 2315 4842 Sed
2341 4785 2470 4854 quia
2499 4778 2672 4836 Jud'xi
2702 4777 2802 4832 has
2845 4766 3269 4826 Proverbiorum

450 4905 767 4980 Παροιμιῶν
800 4901 980 4973 φωνὰς
1010 4901 1090 4962 είς
1121 4898 1212 4951 τὸν
1249 4897 1342 4950 ἐπὶ
1372 4896 1588 4949 πάντων
1626 4891 1758 4945 Θεὸν
1799 4888 2028 4952 ἀνάξου-

453 5016 558 5064 σιν,
582 5000 681 5052 οὐκ
712 4997 912 5058 εἰδότες
934 4993 1024 5046 τὸν
1049 4992 1175 5045 Υίὸν
1189 4989 1283 5043 τοῦ
1315 4986 1474 5050 Θεοῦ,
1497 4983 1734 5038 δεικτέον
1756 4981 1940 5043 αὐτοῖς
1967 4980 2032 5031 ὲκ

453 5093 561 5147 τῶν
587 5088 964 5160 προκειμένων
987 5087 1062 5149 ὡς
1099 5083 1228 5136 Υίὸν
1266 5078 1424 5143 Θεοῦ,
1461 5076 1647 5146 σαφῶς
1675 5075 1768 5128 καὶ
1805 5073 2032 5144 διαρρή-

453 5183 551 5252 δην
579 5180 910 5251 παρίστησιν
935 5179 968 5248 ἡ
1006 5173 1199 5250 Γραφὴ
1226 5171 1459 5240 λέγουσα
1477 5185 1492 5198 ·
1533 5186 1551 5218 ι
1576 5166 1642 5219 Τί
1661 5165 1834 5234 ὅνομα
1863 5160 2032 5230 αὐτῷ,

456 5275 550 5328 καὶ
567 5273 621 5326 τί
651 5272 818 5341 ὖνομα
850 5269 932 5339 τῷ
961 5267 1075 5337 Υίῷ
1107 5262 1304 5329 αὐτοῦ;
1340 5282 1359 5314 ι
1387 5261 1613 5316 Φάσκων
1643 5257 1700 5309 δὲ
1726 5259 1755 5309 6
1793 5255 1949 5322 λόγος
1979 5254 2036 5305 ἐν

456 5365 535 5436 τῷ
559 5363 758 5435 ψαλμῷ
783 5379 794 5389 ·
821 5381 840 5413 ι
875 5363 934 5415 '0
963 5360 1115 5424 Θεὸς,
1140 5359 1202 5411 τὸ
1223 5356 1398 5428 κρίμα
1429 5371 1522 5407 σου
1547 5350 1624 5422 τῷ
1659 5348 1868 5420 βασιλεῖ
1890 5345 2030 5408 δὸς,ι

460 5457 588 5511 ἄλλο
615 5451 751 5508 εἶναι
774 5453 834 5507 τὸ
855 5451 1031 5522 κρίμα
1057 5449 1208 5522 παρὰ
1229 5448 1328 5519 τὴν
1354 5446 1536 5518 κρίσιν
1559 5443 1822 5496 διδάσκει.
1845 5437 2036 5509 Κρίμα

460 5550 571 5621 γὰρ
602 5548 663 5601 τὸ
695 5545 842 5610 ἀπαξ
873 5543 1029 5610 δόξαν
1057 5540 1135 5614 τῷ
1159 5539 1278 5611 Θεῷ
1307 5538 1401 5592 καὶ
1429 5536 1490 5589 τὸ
1519 5532 1707 5606 κριθὲν
1733 5531 1861 5601 παρ’
1888 5527 2038 5598 αὐτῷ

463 5643 744 5713 τυγχάνει·
795 5639 974 5710 κρίσις
1015 5633 1230 5689 δὲ’τῶν
1279 5627 1614 5704 κρινομένων
1658 5625 1961 5696 διάκρισις,

541 5823 562 5853 '
589 5819 730 5878 Psal.
760 5837 820 5889 ιι,
847 5817 967 5874 6-8.
1047 5817 1089 5848 ¹⁰
1114 5813 1272 5870 Prov.
1310 5826 1429 5876 vm,
1459 5809 1544 5864 l2.
1626 5808 1664 5839 ”
1691 5803 1823 5860 ibid.
1853 5801 1942 5867 22,
1975 5797 2062 5853 ‘23.

3305 4771 3464 4813 voces
3495 4751 3726 4805 univer-

2131 4895 2316 4936 sorum
2349 4877 2456 4932 Deo
2507 4872 2767 4930 referent,
2801 4864 3110 4921 nescientes
3161 4854 3356 4910 Filium
3415 4847 3513 4901 Dei
3567 4844 3728 4898 hisce

2132 4973 2314 5030 verbis
2352 4968 2510 5040 quasi
2549 4979 2676 5021 vere
2717 4958 2912 5015 Filium
2943 4953 3036 5008 Dei
3070 4942 3554 5006 demonstrandum
3589 4936 3724 5006 ipsis

2135 5079 2278 5127 esse,
2307 5029 2545 5116 id.clare
2578 5063 2633 5110 et
2668 5057 2854 5123 aperte
2882 5045 3168 5112 Scriptura
3219 5037 3461 5092 declarat
3491 5029 3579 5084 his
3606 5040 3724 5080 ver-

2243 5119 2305 5210 :'c
2328 5151 2487 5220 Quod
2515 5119 2719 5204 nomen
2742 5143 2885 5212 ejus,
2903 5147 2956 5194 et
2980 5133 3125 5206 quod
3151 5145 3346 5186 nomen
3364 5125 3502 5179 Filio
3521 5119 3666 5190 ejus?
3697 5137 3716 5169 ι

2143 5250 2280 5306 Cum
2329 5211 2507 5300 awutem
2538 5239 2824 5309 Scriptura
2864 5233 2920 5286 in
2955 5228 3164 5298 psalmo
3199 5222 3356 5284 dicit,
3393 5237 3410 5268 ι
3451 5215 3614 5274 Deus,
3643 5211 3729 5281 ju-

2144 5343 2349 5399 dicium
2401 5344 2553 5390 tuum
2603 5331 2717 5400 regi
2759 5326 2863 5390 da;
2907 5342 2925 5373 ι
2969 5321 3246 5374 diversum
3291 5327 3414 5368 esse
3458 5305 3725 5377 judicium

2143 5451 2176 5489 a
2203 5429 2544 5504 judicatione
2571 5397 2750 5478 docet.
2780 5416 2914 5470 Nam
2966 5410 3233 5482 judicium
3268 5413 3354 5460 est
3381 5399 3525 5472 quod
3558 5397 3727 5452 semel

2143 5495 2254 5581 Deo
2295 5520 2554 5593 placitum
2590 5525 2643 5570 et
2669 5511 2972 5581 judicatum
3011 5510 3132 5569 est;
3163 5496 3430 5570 judicatio
3477 5506 3608 5547 vero
3641 5495 3728 5543 est

2145 5629 2334 5674 eorum
2362 5627 2482 5683 quae
2507 5607 2825 5679 judicantur
2859 5610 3107 5657 examen,
3144 5590 3288 5663 quod
3341 5584 3588 5658 sequitur
3627 5593 3728 5650 pro

2146 5797 2184 5828 "
2217 5792 2377 5847 Prov.
2401 5790 2491 5845 50.
2517 5787 2569 5840 t.
2687 5782 2728 5813 ¹³
2759 5778 2916 5834 Joan.
2945 5791 3026 5839 ιιι,
3072 5772 3155 5827 l3.
