4056 6378
410 279 513 337 795

1079 289 1348 348 EUSEBH
1387 295 1870 356 CIESARIENSIS
1912 302 2062 361 OPP.
2106 307 2287 362 PARS
2326 309 2508 368 ill.—
2537 311 2950 373 EXEGETICA.

3558 324 3660 384 786

403 398 602 452 merito
632 399 860 470 singulis
898 403 1024 459 data
1068 410 1375 469 retributio.
1425 412 1606 480 Quare
1635 417 1722 472 hic
1751 435 1860 474 non
1896 421 1937 490 jt

404 487 724 514 A:--.:-_-__.
779 498 958 514 _-_.,|
1001 507 1014 514 -
1152 503 1163 514 .
1213 503 1228 514 ε
1301 507 1311 514 .
1451 507 1462 514 .
1513 509 1524 514 -
1588 510 1620 514 -.
1665 512 1674 514 -

2044 469 2056 492 ι
2086 428 2482 498 παρακολουθεῖ
2512 430 2572 483 τὸ
2621 433 2741 486 κατ’
2775 433 2930 498 ἀξίαν
2973 435 3370 508 ἀπονεμητικὸν
3419 439 3653 514 ἑκάστῳ.

401 487 728 546 dicationem
778 498 1019 564 postulat
1053 503 1164 571 regi
1196 503 1336 567 dari,
1370 507 1464 562 sed
1505 509 1771 577 judicium
1795 552 1810 576 ,
1863 487 1978 569 sive

401 583 725 637 sententiam
758 594 813 640 et
844 588 1100 656 placitum
1129 591 1309 650 Patris
1339 597 1406 652 de
1438 598 1623 655 divino
1649 602 1769 657 Filii
1799 607 1886 660 sui
1909 606 1976 660 ad

398 669 649 728 homines
681 675 936 730 adventu.
994 679 1271 738 Iudicium
1321 688 1505 758 itaque
1559 694 1706 762 regi,
1760 696 1973 764 justitia

396 777 526 818 vero
555 763 666 820 filio
695 769 838 837 regis
867 768 1047 826 datur.
1081 775 1202 843 Ipse
1227 778 1428 847 quippe
1459 797 1554 836 rex
1579 763 1790 851 justitia
1833 797 1970 852 erat,

395 860 456 906 ut
513 855 755 910 declarat
811 858 1102 930 Apostolus
1156 866 1392 926 dicens:
1435 890 1453 922 ι
1496 873 1598 940 Qui
1657 876 1835 933 factus
1885 889 1972 936 est

392 941 552 997 nobis
587 946 854 1014 sapientia
886 966 915 1004 a
948 951 1078 1018 Deo,
1105 956 1320 1026 justitia
1353 961 1478 1016 item
1509 975 1564 1020 et
1587 970 1966 1037 sanctificatio,

389 1043 446 1087 et
473 1037 776 1109 redemptio
803 1044 865 1098 ¹⁴.
905 1063 923 1096 ι
964 1044 1089 1102 Haec
1140 1054 1321 1122 itaque
1356 1052 1534 1110 Patris
1594 1057 1806 1126 justitia
1859 1063 1969 1118 lilio

387 1125 534 1194 regis
586 1127 711 1183 data
773 1142 851 1188 est
920 1151 986 1191 ex
1035 1141 1242 1195 semine
1293 1141 1460 1199 David
1512 1150 1812 1204 secundum
1846 1169 1967 1206 car-

391 1231 514 1269 nem
574 1217 762 1277 facto:
805 1226 859 1279 in
895 1242 1003 1296 quo
1056 1245 1155 1284 ceu
1199 1233 1253 1286 in
1304 1237 1505 1305 templo
1552 1239 1811 1296 habitavit
1869 1243 1963 1300 Dei

384 1308 610 1364 verbum
665 1325 718 1368 et
760 1319 1024 1387 sapientia
1069 1331 1124 1377 et
1166 1324 1399 1394 justitia.
1437 1329 1670 1387 Causam
1706 1351 1833 1390 vero
1864 1353 1964 1391 cur

379 1395 595 1464 justitia
630 1417 928 1463 memorato
959 1412 1070 1467 lilio
1101 1416 1245 1486 regis
1280 1418 1405 1474 data
1440 1423 1549 1487 sit,
1581 1424 1773 1481 deinde
1803 1428 1961 1485 docet

383 1489 470 1545 his
501 1494 680 1549 verbis
705 1515 718 1550 :
757 1517 775 1550 ι
811 1499 1067 1560 Judicare
1087 1509 1344 1577 populum
1378 1519 1532 1570 tuum
1560 1517 1614 1571 in
1644 1518 1880 1587 justitia,
1905 1532 1960 1578 et

381 1594 652 1651 pauperes
682 1595 806 1644 tuos
838 1591 1157 1683 injudicio.
1195 1619 1214 1652 ι
1243 1599 1544 1671 Oportebat
1576 1611 1720 1664 enim
1755 1627 1957 1683 paupe-

379 1685 470 1725 res
505 1671 619 1741 Dei,
657 1687 709 1731 et
739 1675 1000 1750 populum
1024 1685 1146 1755 ejus
1186 1689 1240 1744 in
1273 1691 1592 1753 hominibus
1615 1714 1645 1752 a
1673 1671 1784 1757 ﬁlio
1813 1671 1954 1775 regis

2084 519 2282 590 Διόπερ
2326 522 2559 578 ἐνταῦθα
2595 526 2654 576 ού
2684 525 2782 598 τὴν
2823 527 3004 597 κρίσιν
3044 528 3185 593 ἀξιοῖ
3226 530 3408 584 δοῦναι
3431 533 3518 604 τῷ.
3555 533 3654 604 βα-

2084 610 2246 664 σιλεῖ·
2278 612 2413 666 ἀλλὰ
2443 615 2506 668 τὸ
2541 615 2737 687 κρίμα,
2761 620 3002 674 τουτέστι
3024 621 3084 674 τὸ
3123 623 3296 694 δόγμα
3321 623 3416 677 καὶ
3444 624 3506 676 τὸ
3534 642 3656 697 κρι-

2083 701 2173 757 θὲν
2204 704 2280 774 τῷ
2308 707 2480 778 Πατρὶ¹
2522 709 2651 780 περὶ
2691 709 2792 778 τῆς
2841 713 2922 775 είς
2965 713 3284 785 ἀνθρώπους
3335 715 3654 786 θεοφανείας

2080 794 2264 852 αὐτοῦ.
2299 796 2370 849 Τὸ
2409 797 2507 867 μὲν
2543 794 2637 852 οὖν
2680 800 2853 870 κρίμα
2893 801 2969 870 τῷ
3006 801 3214 871 βασιλεῖ
3254 805 3461 859 δέδοται
3483 823 3495 835 ·
3527 809 3566 878 ἡ
3593 805 3651 859 δὲ

2077 885 2389 958 δικαιοσύνη
2422 889 2501 960 τῷ
2528 890 2628 961 υίῷ
2657 890 2752 944 τοῦ
2780 891 3061 960 βασιλέως.
3088 897 3409 968 Δικαιοσύνη
3446 899 3555 971 γὰρ
3582 893 3658 969 ἦν

2076 977 2238 1041 αὐτὸς
2267 981 2294 1030 6
2334 979 2620 1048 βασιλεὺς,
2669 982 2855 1052 ὥσπερ
2893 979 2985 1036 οὖν
3038 985 3363 1056 παρίστησιν
3402 990 3431 1040 ὁ
3489 990 3662 1044 Ἀπόρ-

2077 1068 2260 1133 στολος
2289 1071 2490 1124 εἰπών’
2530 1091 2548 1124 ι
2579 1075 2673 1137 Ὃς
2707 1075 2936 1147 ἐγενήθη
2978 1078 3109 1147 ἡμῖν
3162 1078 3323 1148 σοφία
3351 1080 3460 1133 ἀπὸ
3487 1081 3646 1146 Θεοῦ,

2071 1157 2382 1232 δικαιοσύνη
2415 1179 2474 1214 τε
2497 1163 2591 1216 καὶ
2616 1165 2904 1236 ἁγιασμὸς,
2932 1167 3025 1219 καὶ
3054 1166 3428 1240 ἀπολύτρωσις
3460 1191 3480 1222 ι
3497 1169 3646 1243 Αὕτη

2070 1253 2243 1305 τοίνυν
2269 1255 2301 1325 ἡ
2333 1253 2427 1307 τοῦ
2450 1255 2664 1326 Πατρὸς
2687 1255 3000 1329 δικαιοσύνη
3023 1258 3101 1330 τῷ
3130 1259 3242 1330 Υίῷ
3260 1261 3354 1314 τοῦ
3386 1262 3660 1333 βασιλέως.

2069 1344 2274 1398 δέδοται
2321 1346 2398 1418 τῷ
2433 1350 2497 1400 ὲκ
2541 1348 2853 1419 σπέρματος
2894 1350 3059 1404 Δαυῖδ
3097 1353 3238 1406 κατά
3278 1354 3458 1426 σάρκα
3489 1373 3645 1424 γενο-

2070 1436 2248 1508 μένῳ·
2298 1439 2355 1491 ὲν
2387 1432 2432 1507 ᾧ
2476 1439 2794 1510 κατῴκησεν
2832 1440 3022 1513 ὥσπερ
3053 1445 3109 1496 ὲν
3141 1443 3255 1515 ναῷ
3305 1447 3334 1499 ὁ
3375 1446 3468 1498 τοῦ
3507 1446 3645 1500 Θεοῦ

2065 1527 2219 1596 λόγος
2248 1531 2342 1584 καὶ
2385 1531 2418 1602 ἡ
2455 1531 2638 1602 σοῳία,
2679 1532 2832 1603 καὶὴ
2865 1533 3199 1607 δικαιοσύνη.
3237 1536 3346 1608 Τὴν
3379 1537 3434 1590 δὲ
3467 1537 3645 1592 αἰτίαν

2063 1619 2156 1672 τοῦ
2184 1621 2400 1693 δοθῆναι
2445 1622 2541 1694 την
2583 1623 2929 1696 δικαιοσύνην
2961 1625 3039 1697 τῷ
3069 1626 3362 1697 δηλωθέντι
3409 1629 3510 1700 υἱῷ
3546 1631 3642 1684 τεῦ

2067 1709 2354 1780 βασιλέως,
2391 1710 2519 1784 ἑξῆς
2563 1713 2804 1770 διδάσκει
2832 1716 3034 1786 λέγων·
3081 1737 3099 1770 ι
3131 1719 3354 1790 Κρίνειν
3395 1720 3484 1774 τὸν
3515 1720 3645 1775 λαόν

378 1762 434 1816 in
463 1762 679 1832 justitia
705 1769 944 1839 judicari
983 1796 996 1832 :
1032 1780 1162 1848 quia
1215 1784 1323 1838 alio
1371 1789 1532 1845 modo
1571 1806 1750 1863 regem
1776 1762 1937 1854 susce

2067 1762 2077 1780 ι
2105 1762 2183 1764 ίνη
2213 1762 2354 1777 ⁷--11
2395 1762 2516 1784 vr.-
2567 1762 2803 1770 νην-*νην
2834 1762 3000 1786 ’ωδ-⁷
3083 1762 3098 1770 -
3132 1762 3350 1790 --Γπ-ὐν
3406 1762 3480 1774 ’ν’
3515 1762 3642 1775 ’δ’-’³⁷

2059 1821 2149 1856 σου
2177 1806 2235 1858 ὲν
2267 1806 2604 1880 δικαιοσύνῃ,
2633 1809 2727 1861 καὶ
2751 1810 2878 1872 τοὺς
2902 1809 3152 1879 πτωχούς
3183 1828 3276 1864 σου
3304 1813 3362 1864 ὲν
3395 1813 3595 1884 κρίσει.
3617 1835 3664 1866 »ρ

376 1858 521 1925 pturi
562 1875 670 1914 non
711 1873 888 1919 erant.
921 1867 1292 1934 Quamobrem
1329 1875 1560 1935 formam
1609 1887 1752 1940 servi
1808 1891 1953 1944 acci-

375 1947 530 2016 piens
557 1959 610 2005 et
637 1953 827 2010 habitu
851 1959 1105 2018 inventus
1141 1973 1201 2018 ut
1222 1965 1406 2029 homo.
1438 1987 1533 2040 per
1557 1972 1752 2028 Filium
1778 1978 1952 2034 homi-

372 2039 461 2096 nis
496 2057 656 2112 quem
692 2053 1012 2121 assumpsit,
1055 2071 1121 2111 ex
1163 2061 1422 2117 omnibus
1469 2067 1725 2133 gentibus
1754 2085 1952 2126 secun-

368 2133 500 2188 dum
539 2138 643 2193 hoc
663 2141 800 2210 justi
832 2145 935 2199 viri
962 2147 1169 2203 dictum
1200 2151 1301 2223 (l),
1331 2173 1351 2205 ‹
1379 2156 1539 2228 elegit
1560 2159 1662 2214 sibi
1691 2165 1949 2234 populum

368 2228 703 2294 peculiarem
733 2235 810 2301 ¹⁸;
853 2253 873 2286 ι
913 2254 1126 2296 necnon
1162 2257 1259 2298 eos
1281 2246 1373 2314 qui
1409 2248 1497 2303 hic
1522 2266 1790 2322 pauperes
1827 2260 1946 2325 ejus

369 2327 664 2385 vocantur,
700 2339 838 2392 quos
883 2328 974 2384 ille
1010 2331 1201 2391 beatos
1251 2339 1510 2407 praedicat
1571 2344 1658 2399 his
1710 2348 1892 2403 verbis
1930 2371 1942 2404 :

373 2420 396 2455 ι
440 2405 593 2464 Beati
635 2429 904 2486 pauperes
947 2421 1169 2490 spiritu,
1237 2405 1494 2498 quoniam
1560 2436 1806 2504 ipsorum
1861 2450 1945 2495 est

366 2512 659 2570 regnorum
679 2508 943 2565 ctelorum
972 2513 1035 2569 η.
1081 2535 1100 2568 ι
1129 2517 1194 2571 Et
1214 2520 1350 2577 alias
1380 2523 1447 2578 de
1470 2525 1686 2594 justitia
1709 2529 1823 2585 haec
1845 2532 1944 2586 do-

361 2595 453 2642 cet
482 2592 778 2658 Apostolus
807 2617 822 2653 :
864 2620 883 2651 ‹
921 2599 1041 2657 Νοη
1067 2607 1211 2661 enim
1237 2592 1507 2668 erubesco
1537 2614 1889 2689 Evangelium
1925 2642 1938 2677 :

361 2677 542 2735 virtus
574 2684 720 2740 enim
763 2686 856 2744 Dei
887 2699 972 2747 est
1004 2694 1058 2751 in
1095 2698 1328 2755 salutem
1359 2705 1508 2759 omni
1543 2709 1812 2777 credenti,
1846 2712 1940 2768 Ju-

360 2769 479 2825 daao
505 2775 760 2842 primum,
793 2791 847 2835 et
875 2780 1085 2844 Graeco.
1116 2785 1337 2846 Iustitia
1362 2796 1510 2850 enim
1548 2798 1602 2852 in
1625 2800 1746 2870 ipso
1783 2818 1938 2858 reve»

358 2861 506 2918 latue
532 2866 594 2922 ”.
647 2887 666 2920 ι
710 2869 786 2926 De
819 2877 1154 2945 pauperibus
1183 2883 1312 2938 item
1339 2885 1454 2942 haic
1499 2888 1616 2959 ipse
1644 2861 1885 2949 declarat
1919 2917 1932 2951 :

361 2970 382 3004 ι
425 2952 615 3012 Videte
650 2962 796 3016 enim
830 2969 1180 3024 vocationem
1223 2982 1487 3041 vestram,
1531 2978 1751 3046 fratres,
1807 2988 1936 3054 quia

353 3058 466 3099 non
518 3049 672 3103 multi
718 3054 994 3122 sapientes
1025 3063 1326 3118 secundum
1360 3083 1604 3136 carnem,
1637 3089 1747 3128 non
1779 3078 1934 3132 multi

354 3135 592 3203 nobiles,
627 3156 736 3197 non
777 3149 932 3201 multi
958 3159 1212 3219 potentes
1252 3175 1266 3211 :
1313 3160 1410 3214 sed
1441 3178 1562 3232 quae
1589 3135 1755 3220 stulta
1806 3180 1934 3224 sunt

352 3227 571 3295 mundi,
593 3231 755 3304 elegit
775 3233 938 3302 Deus,
973 3248 1034 3294 ut
1061 3243 1363 3302 confundat
1402 3227 1725 3324 sapientes;
1761 3265 1817 3313 et
1849 3261 1935 3314 in-

353 3318 510 3374 ﬁrma
547 3329 603 3377 et
626 3331 1060 3398 contemptibilia
1095 3335 1283 3408 elegit,
1316 3347 1371 3393 et
1395 3318 1621 3412 ea—quae
1651 3318 1758 3402 non
1784 3362 1930 3415 sunt,

349 3421 410 3468 ut
433 3429 497 3470 ea
524 3431 644 3487 quae
660 3430 810 3486 sunt,
837 3421 1186 3495 destrueret;
1228 3439 1286 3484 ut
1321 3447 1428 3486 non
1462 3435 1725 3504 glorietur
1753 3443 1933 3500 omnis

349 3519 480 3561 caro
507 3509 561 3563 in
593 3523 891 3583 conspectu
923 3514 1019 3570 Dei
1047 3518 1112 3573 “.
1157 3540 1174 3571 ι

2060 1897 2206 1951 Ἔδει
2240 1897 2347 1972 γὰρ
2381 1900 2506 1962 τοὺς
2531 1903 2780 1971 πτωχοὺς
2809 1901 2905 1955 τοῦ
2936 1902 3072 1955 Θεοῦ
3102 1905 3311 1958 καὶτὸν
3341 1909 3399 1960 ὲν
3426 1907 3641 1980 ἀνθρὼ-

2055 2004 2178 2051 ποις
2209 1987 2335 2042 λαὸν
2375 1989 2540 2043 αὐτοῦ
2577 1992 2680 2045 ὑπὸ
2709 1992 2804 2046 τοῦ
2846 1994 2964 2046 υἱοῦ
2992 1994 3086 2047 τοῦ
3138 1996 3400 2066 βασιλέως
3431 1999 3657 2072 διακρίσ-

2051 2078 2237 2132 νεσθαι
2268 2081 2328 2134 ἐν
2355 2080 2695 2155 δικαιοσύνῃ’
2729 2084 2849 2139 ἐπεὶ
2895 2085 2968 2157 μὴ
3001 2085 3240 2159 ἐχώρουν
3279 2087 3453 2153 ἄλλως
3485 2090 3642 2156 δέξα-

2053 2168 2175 2222 σθαι
2201 2169 2290 2222 τὸν
2322 2170 2564 2241 βασιλέα.
2597 2175 2796 2247 Διόπερ
2841 2178 3054 2248 μορφὴν
3094 2177 3278 2231 δούλου
3327 2179 3505 2234 λαϐὼν
3544 2184 3658 2236 καὶ

2052 2262 2289 2332 σχήματι
2338 2263 2583 2334 εὑρεθεὶς
2634 2266 2710 2330 ῶς
2757 2266 3066 2338 ἄνθρωπος,
3098 2270 3165 2323 δι’
3226 2261 3288 2322 οὗ
3345 2271 3647 2342 ἀνείληφεν·

2049 2352 2180 2406 Υίοῦ
2217 2353 2506 2425 ἀνθρώπου
2542 2356 2602 2422 ἐξ
2635 2359 2890 2413 ἁπάντων
2917 2360 3025 2415 τῶν
3060 2362 3228 2416 ἐθνῶν
3264 2364 3402 2418 κατά
3439 2365 3534 2418 τοῦ
3558 2366 3656 2420 διο»

2047 2445 2201 2498 καίου
2240 2445 2418 2516 λόγον.
2470 2468 2490 2500 ι
2521 2450 2803 2517 ἐξελέξατο
2842 2434 3020 2523 έαυτῷ
3062 2453 3189 2508 λαὸν
3238 2456 3574 2527 περιούσιον,
3607 2477 3652 2510 »-

2046 2539 2139 2591 καὶ
2169 2540 2295 2603 τοὺς
2344 2540 2713 2612 καλουμένους
2759 2544 2926 2598 αὐτοῦ
2959 2548 3229 2616 πτωχοὺς,
3263 2546 3356 2611 οὓς
3399 2548 3496 2601 καὶ
3528 2565 3630 2619 μα-

2044 2630 2285 2701 καρίζων
2316 2631 2466 2702 ἔλεγε
2489 2651 2502 2664 ·
2539 2655 2557 2685 ι
2584 2635 2860 2706 Μακάριοι
2907 2638 2957 2690 οί
2994 2639 3199 2709 πτωχοὶ
3237 2639 3321 2710 τῷ
3338 2641 3630 2710 πνεύματι,

2041 2720 2123 2774 ὅτι
2146 2721 2323 2774 αὐτῶν
2349 2725 2496 2778 ἐστιν
2526 2727 2558 2796 ή
2583 2726 2829 2796 βασιλεία
2848 2728 2957 2782 τῶν
2977 2729 3240 2801 οὐρανῶν.
3268 2749 3287 2782 ι
3318 2732 3429 2784 Καὶ
3453 2731 3646 2794 ἄλλως.
3716 2802 3721 2807 1

2039 2811 2097 2864 δὲ
2127 2813 2257 2885 περὶ
2300 2815 2402 2884 τῆς
2445 2815 2791 2890 δικαιοσύνης
2833 2819 3075 2875 διδάσκει
3113 2825 3142 2876 6
3183 2823 3502 2888 Ἀπόστολος
3540 2826 3627 2880 λέ⁴

2039 2918 2152 2970 γων
2170 2919 2185 2935 ο
2213 2923 2232 2956 ι
2257 2906 2332 2958 Ού
2356 2906 2464 2978 γὰρ
2495 2910 2893 2982 ἐπαισχύνομαι
2922 2913 2984 2966 τὸ
3006 2915 3336 2984 Εὑαγγέλιον
3357 2935 3369 2948 ο
3397 2917 3649 2990 δύναμιςῖ

2039 2995 2148 3066 γὰρ
2173 2995 2308 3050 Θεοῦ
2351 3000 2499 3055 ἐστιν
2535 3002 2615 3064 εἱς
2658 3005 2933 3075 σωτηρίαν
2975 3007 3142 3060 παντὶ
3178 3007 3258 3079 τῷ
3292 3012 3622 3075 πιστεύοντι,

2051 3085 2290 3159 Ἰουδαίῳ
2321 3106 2381 3142 τε
2410 3091 2624 3162 πρῶτον
2663 3095 2758 3148 καὶ
2787 3095 3028 3168 Ἕλληνι.
3062 3100 3387 3172 Δικαιοσύνη
3427 3103 3534 3174 γὰρ
3564 3106 3648 3158 ἐν-

2036 3175 2184 3246 αύτῷ
2210 3179 2670 3236 ἀποκαλύπτεται.
2704 3204 2723 3236 ι
2757 3185 2867 3238 Καὶ
2901 3189 3031 3259 περὶ
3061 3189 3172 3244 τῶν
3198 3193 3428 3263 πτωχῶν
3459 3195 3628 3249 πάλιν

2033 3267 2060 3319 ὁ
2103 3269 2263 3333 αὐτὸς
2291 3270 2542 3341 διασαφεῖ
2585 3274 2759 3344 λέγων
2781 3295 2795 3308 ·
2832 3298 2850 3329 ι
2881 3279 3116 3335 Βλέπετε
3144 3283 3250 3355 γὰρ
3283 3285 3383 3356 τὴν
3428 3286 3611 3360 κλῆσιι

2035 3358 2206 3429 ὑμῶν,
2239 3361 2457 3432 ἀδελφοί
2477 3383 2490 3396 ’
2519 3365 2601 3418 ὅτι
2630 3369 2690 3420 οὐ
2721 3369 2908 3424 πολλοὶ
2940 3373 3094 3442 σοφοὶ
3138 3375 3280 3429 κατὰ
3324 3358 3526 3448 σάρκα,
3553 3380 3619 3435 σύ

2033 3451 2218 3505 πολλοὶ
2261 3455 2520 3524 εὐγενεῖς,
2549 3460 2612 3512 ού
2661 3460 2847 3515 πολλοὶ
2877 3462 3095 3518 δυνατοί
3115 3481 3127 3496 ⁸
3167 3466 3303 3523 ἀλλὰ
3352 3469 3422 3522 τά
3457 3473 3641 3543 μωρά,

2030 3540 2124 3594 τοῦ
2159 3544 2364 3615 κόσμου
2415 3546 2696 3614 ἐξελέξατο
2733 3554 2762 3605 6
2802 3552 2963 3617 Θεὸς,
2993 3554 3079 3608 ἵνα
3126 3540 3468 3631 καταισχύνῃή
3490 3540 3612 3623 τοῦς

2263 3598 2276 3615 ι
2425 3598 2692 3614 κν---Ἷ--η
2737 3598 2758 3605 τ
2809 3598 2963 3617 σ-ννν
2996 3598 3079 3608 υν-
3128 3598 3317 3611 "-n-w
3363 3598 3442 3631 vv;
3499 3598 3608 3623 ’νυν

347 3598 574 3668 σοφούς·
605 3603 699 3655 καὶ
740 3603 810 3658 τὰ
837 3605 1036 3680 ἀσθενῆ
1072 3610 1164 3663 καὶ
1203 3611 1272 3664 τὰ
1299 3613 1696 3690 ἐξουθενημένα
1743 3623 2045 3696 ἐξελέξατο,
2073 3634 2166 3687 καὶ
2193 3635 2263 3689 τὰ
2298 3638 2374 3709 μὴ
2399 3638 2547 3704 ὄντα,
2618 3642 2703 3694 ἵνα
2765 3643 2834 3696 τὰ
2873 3645 3002 3699 ὄντα
3065 3598 3392 3722 καταργήσῃ
3413 3669 3426 3683 ·
3447 3598 3629 3717 ,ὅπως

351 3696 422 3722 ..3.
458 3700 797 3722 --_-.--.L___-__
842 3705 967 3722 i37,
1055 3704 1066 3722 ε
1122 3706 1146 3722 ι-
1177 3709 1189 3722 ι
1254 3708 1266 3722 ο
1497 3714 1521 3722 ..
1554 3716 1581 3722 -
1653 3718 1677 3722 _

347 3696 423 3768 μὴ
458 3700 802 3771 καυχήσηται
836 3705 986 3758 πᾶσα
1010 3704 1146 3779 σὰρξ
1173 3708 1404 3765 ἐνώπιον
1430 3714 1524 3767 τοῦ
1546 3716 1702 3773 Θεοῦ.
1726 3739 1745 3771 ι

416 3812 582 3872 Vens.
618 3819 670 3874 5.
709 3842 726 3874 ι
772 3823 1086 3897 Suscipiant
1113 3840 1327 3890 montes
1370 3851 1558 3905 pacem
1609 3843 1832 3912 populo,
1867 3853 1922 3900 et

343 3907 514 3964 colles
538 3911 832 3981 justitiam.
867 3939 886 3972 ι
911 3919 1116 3978 Praater
1149 3925 1331 3996 priora
1355 3928 1469 3984 haec
1500 3907 1717 4003 quoque
1749 3907 1922 4007 spiri-

341 4004 434 4056 tus
459 4005 812 4074 pr0pheticus
841 4023 1116 4083 precatur,
1146 4028 1205 4073 ut
1247 4029 1460 4079 montes
1511 4004 1918 4099 quondam—po-

347 4092 477 4160 pulo
504 4094 708 4163 infesti,
740 4103 918 4170 posita
951 4105 1258 4173 inimicitia,
1292 4126 1480 4180 pacem
1503 4131 1625 4170 cum
1659 4133 1726 4172 eo
1750 4118 1909 4175 habe-

343 4192 486 4248 rent,
517 4195 571 4241 et
596 4198 653 4243 ut
688 4194 854 4250 colles
881 4199 1192 4266 praedictam
1214 4202 1487 4270 justitiam
1511 4207 1684 4262 eidem
1714 4214 1915 4280 populo

339 4277 753 4336 annuntiarent.
805 4283 922 4338 Jam
982 4289 1192 4356 pridem
1228 4295 1374 4346 enim
1415 4304 1630 4353 montes
1667 4316 1789 4354 cum
1827 4318 1915 4371 po-

333 4367 464 4434 pulo
516 4367 834 4430 inimicitias
888 4389 1219 4447 gesserunt,
1296 4392 1351 4440 et
1404 4387 1574 4443 colles
1635 4392 1908 4451 similiter.

2108 3869 2126 3901 ι
2169 3851 2608 3908 Ἀναλαὸέτωσαν
2637 3854 2705 3910 τὰ
2747 3857 2846 3930 ὅρη
2879 3859 3100 3932 εἰρήνην
3123 3861 3206 3933 τῷ
3239 3864 3373 3936 λαῷ,
3421 3868 3515 3921 καὶ
3557 3871 3625 3922 οἱΔ

2031 3941 2211 4013 βουνοὶ
2232 3942 2597 4016 δικαιοσύνην.
2631 3965 2649 3998 ι
2681 3947 2826 4020 Πρὸς
2859 3953 2973 4015 τοῖς
3005 3953 3289 4025 προτέροις
3320 3959 3412 4010 καὶ
3436 3957 3606 4012 ταῦειι⁴

2026 4032 2088 4084 τὸ
2126 4033 2341 4105 πνεῦμα
2378 4035 2438 4088 τὸ
2478 4039 2814 4110 προφητικὸν
2847 4040 3086 4111 εὔχεται,
3113 4044 3262 4109 ὅπως
3296 4047 3362 4102 τά
3406 4048 3505 4120 ὅρη
3535 4049 3622 4105 τὰ·

2027 4124 2191 4177 πάλαι
2229 4126 2583 4197 ὲχθραίνοντα
2623 4129 2701 4200 τῷ
2743 4131 2857 4202 λαῷ
2887 4135 3218 4204 είρηνεύσειε
3261 4141 3395 4212 πρὸς
3443 4143 3605 4199 αὑτὸν

2022 4215 2386 4288 ἀπωθούμενα
2428 4219 2525 4291 τὴν
2570 4221 2768 4294 ἔχθραν
2794 4264 2808 4288 ,
2857 4227 2949 4279 καὶ
2991 4229 3139 4295 ὅπως
3182 4235 3230 4285 οἱ
3280 4234 3458 4304 βουνοὶ
3503 4239 3621 4310 τὴν

2023 4307 2414 4379 προλεχθεῖσαν
2464 4311 2809 4385 δικαιοσύνην
2852 4317 2932 4388 τῷ
2983 4321 3133 4393 αὐτῷ
3171 4323 3282 4396 λαῷ
3321 4307 3600 4398 εὐαγγελί-

2021 4393 2239 4458 ζωνται.
2266 4399 2537 4470 Πρότερον
2570 4401 2670 4472 μὲν
2695 4403 2804 4475 γὰρ
2831 4406 2902 4460 τὰ
2945 4408 3047 4481 ὅρη
3097 4393 3296 4486 ἔχθραν
3325 4393 3443 4489 εἷχεί

330 4453 469 4509 Cum
498 4466 679 4513 autem
717 4463 864 4520 ﬁlius
908 4470 1050 4539 regis
1081 4475 1341 4543 populum
1385 4477 1516 4532 olim
1563 4490 1906 4554 extraneum,

332 4550 613 4576 ιιι-Λη-ἶ---ιι
649 4553 751 4576 ..εις
793 4556 834 4576 ρ-
859 4559 919 4576 .⁶.
1004 4567 1019 4576 .
1307 4574 1314 4576 _
1564 4570 1576 4576 -
1604 4571 1615 4576 -

2321 4453 2332 4468 .
2450 4453 2460 4470 .
2570 4453 2582 4472 .
2622 4453 2659 4455 η
2707 4453 2796 4475 ι“ἰ“
2844 4453 2902 4460 -ῆ
2949 4453 3047 4481 *ι”ι
3097 4453 3294 4486 νΑνιιν
3325 4453 3436 4489 Sw-
3472 4453 3594 4490 ιιιην

2047 4490 2103 4542 ὸν
2145 4490 2292 4556 λαὸν,
2328 4493 2422 4545 καὶ
2455 4496 2503 4546 οί
2535 4494 2711 4564 βουνοί.
2757 4498 3048 4566 ὡσαύτωςο
3076 4505 3165 4559 ὅτε
3193 4506 3249 4560 δὲ
3273 4512 3302 4562 ό
3345 4512 3459 4576 υίὸς
3500 4513 3595 4568 τοῦ

330 4550 614 4617 proprium
648 4553 753 4632 sibi
790 4556 945 4622 facit,
1003 4567 1137 4616 tunc
1171 4574 1406 4632 montes,
1450 4577 1509 4622 ut
1563 4570 1653 4624 hic
1710 4550 1913 4631 vocan;

330 4646 442 4703 tur,
475 4656 664 4708 pacem
694 4661 817 4701 cum
859 4651 1066 4721 populo
1115 4654 1336 4710 habent.
1389 4657 1603 4717 Montes
1643 4671 1822 4720 autem
1857 4675 1910 4722 et

2010 4581 2274 4651 βασιλέως
2331 4583 2459 4637 ἴδιον
2494 4587 2788 4659 ἐποιήσατο
2818 4593 2910 4646 τὸν
2960 4595 3086 4651 λαὸν
3141 4601 3306 4655 πάλαι
3359 4605 3596 4676 ἀπηλλο-

2007 4671 2307 4743 τριωμένον
2340 4672 2527 4739 αὑτοῦ,
2554 4678 2854 4746 τηνικαῦτα

2901 4683 2994 4737 καὶ
3046 4685 3116 4738 τὰ
3150 4689 3456 4761 καλούμενα
3505 4696 3610 4747 ὲν·-

327 4729 496 4785 colles
516 4748 704 4801 pacem
737 4755 860 4794 cum
893 4745 1096 4813 populo
1125 4747 1410 4815 habentes,
1435 4768 1574 4823 quos
1605 4770 1729 4812 esse
1757 4756 1910 4814 dixe-

327 4820 402 4853 ι-ἶο
457 4823 560 4853 ..ἶοέ
595 4830 906 4853 ..κλημ--.η-
949 4835 985 4853 ,n
1020 4851 1054 4853 Α.
1266 4851 1273 4853 Α
1307 4841 1319 4853 .
1347 4844 1356 4853 .
1592 4847 1602 4853 .
1779 4848 1811 4853 -.
1861 4851 1867 4853 Α

2044 4729 2181 4817 αῦθα
2213 4765 2315 4835 ὅρη
2348 4729 2621 4839 είρηνέύεί
2639 4729 2775 4842 πρὸς
2798 4774 2889 4827 τὸν
2913 4776 3062 4830 λαόν.
3093 4781 3232 4853 Ὀρη
3261 4729 3438 4836 δὲνκαὶ
3471 4785 3592 4853 βου-

325 4820 426 4885 ris,
455 4823 563 4878 nisi
594 4830 912 4898 angelorum
938 4835 1192 4904 chorum,
1225 4851 1281 4896 et
1306 4841 1391 4898 his
1421 4847 1734 4915 superiores
1761 4848 1906 4904 divi-

324 4929 427 4972 nas
460 4918 728 4976 virtutes?
757 4942 878 4994 quae
903 4944 1027 4984 cum
1057 4931 1186 4985 olim
1218 4937 1453 5004 populus
1477 4948 1772 4998 extraneus
1793 4942 1903 4998 Deo

322 5021 489 5074 esset,
525 5011 844 5074 inimicitias
878 5037 1002 5074 cum
1051 5039 1116 5078 eo
1166 5027 1466 5096 gerebant;
1516 5047 1664 5088 nunc
1717 5043 1898 5089 autem

320 5114 447 5156 eum
477 5102 530 5157 in
568 5111 974 5174 possessionem
1008 5113 1104 5168 filii
1135 5117 1282 5187 regis
1312 5123 1546 5188 venerit,
1580 5126 1761 5194 posita
1790 5127 1899 5181 ini-

319 5193 552 5260 micitia,
584 5201 773 5255 amica:
803 5204 924 5271 ejus
950 5205 1153 5262 effectae
1180 5220 1327 5267 sunt.
1361 5211 1499 5278 Quis
1531 5216 1603 5270 sit
1630 5232 1762 5272 vero
1795 5233 1896 5286 po-

321 5287 484 5354 pulus
515 5305 582 5344 ex
617 5295 874 5350 omnibus
902 5299 1156 5367 gentibus
1195 5311 1421 5359 coactus
1480 5307 1756 5380 intelliges
1781 5349 1796 5374 ,
1847 5312 1894 5366 si

320 5375 410 5434 his
435 5380 690 5439 conferas
724 5384 1001 5444 Zachariae
1034 5395 1400 5463 prophetiam,
1435 5413 1557 5467 quae
1578 5375 1891 5457 sicvhabet:

2008 4855 2132 4917 νοῦς
2165 4857 2541 4927 εἰρηνεύοντας
2573 4861 2880 4933 ἀνθρώποις
2923 4868 3074 4933 τίνας
3104 4869 3171 4923 ἂν
3224 4873 3400 4938 εἴποις
3431 4876 3463 4946 ἦ
3499 4876 3611 4930 τὸντ

2012 4946 2260 5014 ἀγγέλων
2305 4949 2465 5021 χορὸν
2512 4953 2607 5006 καὶ
2639 4954 2736 5020 τὰς
2769 4956 2973 5011 τούτων
3005 4961 3283 5034 ἀνωτέρας
3320 4966 3468 5031 θείας
3500 4968 3589 5022 δυ-

2010 5039 2234 5110 νάμεις;
2263 5041 2319 5095 αἶ
2367 5042 2531 5096 πάλαι
2567 5047 2685 5117 μὲν,
2715 5049 2802 5102 ὅτε
2846 5050 3124 5124 ἀλλότριος
3169 5053 3236 5127 ἧν
3265 5060 3293 5110 ὁ
3323 5059 3448 5124 λαὸς
3489 5059 3584 5114 τοῦ

2008 5130 2163 5196 Θεοῦ,
2197 5133 2391 5205 ἐχθραὶ
2422 5132 2562 5206 ἦσαν
2595 5140 2761 5194 αὑτοῦ
2784 5158 2799 5172 ο
2831 5141 2924 5197 νῦν
2947 5143 2992 5196 δ’
3039 5147 3129 5199 ὅτε
3163 5149 3349 5223 κτῆμα
3392 5151 3582 5220 γέγονε

2005 5222 2098 5274 τοῦ
2138 5223 2256 5276 υίοῦ
2289 5223 2382 5278 τοῦ
2416 5225 2711 5296 βασιλέως,
2763 5230 3124 5304 ἱφιλιὼθησαν
3166 5222 3313 5310 αύτῷ
3348 5239 3582 5310 μεταδα-

2004 5311 2182 5378 λόντες
2209 5316 2310 5386 τῆς
2339 5315 2558 5389 ἔχθρας.
2600 5320 2838 5392 Νοησεις
2864 5323 2922 5377 δὲ
2951 5323 3042 5378 τὸν
3077 5328 3134 5394 ἐξ
3177 5329 3428 5384 ἁπάντων
3469 5331 3592 5384 τῶν.

2003 5404 2170 5461 ἐθνῶν
2209 5410 2546 5480 συνηγμένον
2580 5411 2724 5478 λαὸν,
2763 5416 3026 5486 παραθεὶς
3049 5419 3257 5485 τούτοις
3284 5423 3382 5494 τὴν
3414 5424 3470 5477 ιν
3498 5422 3597 5494 τῷι

397 5532 474 5586 “I
505 5535 633 5592 Cor.
672 5554 710 5605 ι,
735 5541 824 5597 50.
905 5545 948 5574 ¹¹¹
979 5544 1134 5603 Deut.
1157 5565 1266 5618 xlv,
1301 5551 1357 5608 2.
1437 5554 1479 5585 ¹⁶
1513 5554 1700 5611 Matth.
1735 5576 1784 5625 v,
1818 5558 1871 5618 ’5.

2044 5562 2182 5619 Ξὶοιη.
2218 5581 2254 5630 ι,
2286 5565 2371 5621 lt).
2453 5567 2532 5622 ⁸⁸1
2567 5567 2690 5625 Cor.
2717 5585 2755 5640 ι,
2789 5573 2976 5629 ﬂii-29.

393 5714 470 5784 (ι)
508 5711 620 5780 Vel,
651 5719 932 5774 secundum.
965 5723 1189 5793 justitia:
1216 5731 1488 5788 rationem.
