4056 6372
275 380 277 383 ι
383 304 482 359 797

1511 298 2014 355 COMMENTARIA
2054 297 2120 352 ΙΝ
2159 295 2500 354 PSALMOS.

3529 296 3637 349 798

379 415 626 487 Ζαχαρία
671 415 1041 486 προφητείαν,
1087 406 1187 465 ὧδε
1235 411 1534 481 λέγουσανο
1581 431 1599 462 ‹
1646 413 1815 482 Χαῖρε
1862 411 1956 465 καὶ

2066 429 2082 460 ι
2121 410 2312 466 Gaude
2343 417 2398 464 et
2427 410 2633 471 lmtare,
2668 407 2775 460 ﬁlia
2812 404 2966 460 Sion.
2997 404 3137 460 Ecce
3175 421 3273 460 rex
3305 413 3434 462 tuus
3465 412 3636 473 venit,

379 505 691 577 εὐφραίνου,
729 505 964 573 θύγατερ
987 502 1142 557 Σιών.
1160 501 1288 555 Ἰδοὺ
1320 502 1348 553 6
1380 499 1627 571 βασιλεύς
1673 517 1765 552 σου
1804 499 1959 571 ἔρχει

380 615 488 662 ται,
523 598 616 650 καὶ
638 595 1050 664 κατασκηνώσει
1084 597 1142 646 ὲν
1188 593 1338 664 μέσῳ
1371 610 1486 658 σου,
1539 591 1686 660 λέγει
1729 591 1955 662 Κύριος.

382 691 493 744 Καὶ
519 686 948 758 καταφεύξονται
984 685 1111 757 ἔθνη
1142 685 1311 737 πολλὰ
1349 684 1442 737 ἐπὶ
1478 683 1568 736 τὸν
1600 683 1831 754 Κύριον,
1863 683 1958 735 καὶ

382 778 594 832 ἔσονταί
637 795 727 848 μοι
757 778 836 840 εἰς
869 777 1028 840 λαὸν,
1066 776 1220 844 κάγὼ
1261 774 1453 846 ἔσομαι
1485 776 1668 838 αὐτοῖς
1697 777 1776 837 εἰς
1802 774 1954 828 Θεόν.

383 871 492 924 Καὶ
555 869 888 938 γνώσονται,
940 871 1020 922 ὅτι
1081 866 1287 940 Κύριος
1346 867 1738 940 παντοκράτωρ
1787 866 1954 933 ἐξαπ-

383 959 612 1014 έσταλκέ
647 977 712 1030 με
737 960 873 1030 πρὸς
901 959 981 1013 σέ.
1007 979 1025 1012 ι
1047 957 1242 1027 Σαφῶς
1262 957 1369 1028 γάρ
1389 957 1475 1010 διὰ
1494 956 1697 1010 τούτων
1720 957 1825 1010 ἀπὸ
1849 955 1956 1008 τῶν

382 1051 573 1115 ἐθνῶν,
609 1051 722 1105 ἀλλ’
753 1052 850 1104 οὐκ
877 1049 983 1104 ἀπὸ
1018 1049 1112 1102 τοῦ
1160 1048 1428 1102 Ἰουδαίων
1462 1046 1644 1110 ἔθνους
1677 1045 1956 1111 συντάξειν

383 1142 544 1206 αὐτὸς
579 1141 756 1212 ἑαυτῷ
774 1141 902 1194 λαὸν
931 1142 958 1193 6
990 1139 1190 1211 Κύριος
1222 1134 1650 1206 εὐαγγελίζεται.
1680 1134 1864 1205 Τούτῳ
1892 1135 1955 1206 δὴ

380 1230 473 1288 οὖν
507 1233 585 1304 τῷ
613 1233 726 1304 λαῷ
752 1235 805 1286 αἰ
828 1233 1084 1303 δυνάμεις
1112 1233 1168 1285 αἰ
1201 1229 1557 1302 ὑπερκόσμιοι
1589 1228 1683 1280 καὶ
1711 1227 1767 1280 αἱ
1793 1227 1958 1294 ἀγγε-

381 1325 552 1390 λικαὶ,
582 1325 681 1397 ὅρη
714 1325 809 1378 καὶ
846 1323 1024 1394 βουνοὶ
1071 1321 1303 1376 ἐνταῦθα
1341 1319 1770 1391 ὀνομαζόμεναι,
1806 1317 1958 1387 εἰρή-

379 1435 578 1471 νευσαν
611 1417 989 1488 ὲχθραίνουσαι
1023 1415 1084 1468 τὸ
1114 1416 1261 1486 πρὶν,
1291 1415 1378 1467 ὅτε
1409 1415 1474 1483 τῇ
1506 1411 1649 1482 ἀθέῳ
1672 1413 1957 1482 προσεῖχεν

379 1509 816 1580 εἰδωλολατρείᾳ.
865 1510 930 1562 Αἰ
979 1508 1022 1560 δ’
1064 1508 1226 1561 αὐταὶ
1276 1504 1622 1574 δικαιοσύνην
1678 1502 1960 1571 εὐαγγελί-

379 1601 565 1666 ζονται
603 1600 680 1671 τῷ
725 1599 875 1670 αύτῴ
907 1598 1050 1670 λαῷο
1092 1599 1208 1669 ἦτοι
1244 1597 1332 1650 τὸν
1377 1595 1608 1668 Χριστὸν
1649 1594 1743 1647 τοῦ
1785 1591 1956 1654 Θεοῦ,

379 1695 544 1748 αὑτὸν
572 1694 702 1748 ὄντα
721 1693 819 1764 τὴν
848 1690 1213 1762 δικαιοσύνην,
1251 1690 1284 1761 ἦ
1317 1689 1376 1742 τὸ
1410 1689 1674 1758 σωτήριον
1718 1683 1961 1752 Εὐαγγέ-

2057 511 2111 558 et
2144 501 2414 556 habitabit
2443 501 2496 554 in
2533 499 2712 554 medio
2747 499 2846 562 tui,
2874 498 3009 553 dicit
3039 496 3323 553 Dominus.
3350 497 3416 552 Et
3445 499 3639 554 confu-

2057 598 2208 668 gient
2235 601 2424 664 gentes
2459 593 2645 646 multa:
2691 591 2758 645 ad
2784 589 3100 655 Dominum,
3135 599 3190 644 et
3217 601 3380 644 erunt
3410 591 3543 644 mihi
3579 591 3638 645 in

2059 688 2346 760 populum,
2370 693 2426 741 et
2451 700 2552 756 ego
2583 699 2680 740 ero
2708 685 2791 739 cis
2825 684 2881 738 in
2930 682 3126 737 Deum.
3183 682 3250 736 Et
3300 692 3639 754 cognoscent

2057 782 2184 852 quia
2217 778 2486 833 Dominus
2519 779 2869 847 omnipotens
2899 776 3050 831 misit
3086 791 3173 831 me
3211 775 3277 829 ad
3310 783 3362 829 te
3387 777 3451 831 ‘9.
3489 796 3508 828 ›
3543 775 3640 831 His

2056 873 2258 944 quippe
2285 871 2574 932 Dominus,
2628 885 2692 924 ex
2741 868 2997 938 gentibus
3051 881 3130 932 se,
3166 881 3275 920 non
3303 881 3371 920 ex
3406 863 3638 918 Iudaica

2058 970 2239 1033 gente,
2267 960 2370 1014 sibi
2400 960 2660 1030 populum
2687 965 3148 1027 congregaturum
3175 969 3299 1009 esse
3345 953 3639 1023 perSpicue

2057 1053 2366 1108 denuntiat.
2413 1050 2556 1104 Huic
2609 1065 2740 1104 sane
2788 1049 2991 1118 populo
3023 1049 3257 1102 virtutes
3302 1061 3423 1116 qua:
3471 1051 3639 1114 supra

2057 1145 2322 1200 mundum
2365 1150 2419 1198 et
2455 1141 2718 1212 angelica:
2769 1148 2920 1205 sunt,
2983 1139 3073 1193 hic
3123 1147 3340 1192 montes
3373 1143 3428 1190 et
3467 1136 3640 1191 colles

2056 1245 2286 1300 vocatat,
2313 1235 2381 1288 ad
2408 1234 2562 1305 pacis
2606 1231 2955 1286 conditiones
2995 1238 3300 1294 venerunt;
3333 1243 3455 1300 quae
3484 1229 3640 1295 olim,

2057 1344 2182 1384 cum
2200 1327 2435 1398 populus
2451 1325 2614 1395 impie
2633 1325 2956 1380 idololatriae
2974 1321 3444 1387 hereretjnfesta‘.
3457 1328 3639 1375 erant.

2057 1421 2153 1476 Ha:
2186 1435 2316 1476 vero
2345 1420 2478 1488 ipsae
2505 1417 2782 1486 justitiam
2811 1417 2989 1472 eidem
3036 1415 3238 1486 populo
3284 1413 3638 1474 annuntiant,

2057 1512 2317 1568 videlicet
2346 1509 2627 1563 Clu-istum
2677 1506 2795 1572 Dei,
2830 1507 2924 1578 qui
2966 1521 3096 1561 vere
3116 1506 3332 1575 justitia
3371 1513 3490 1570 est;
3526 1505 3642 1559 sive

2061 1605 2305 1660 salutare
2352 1600 2732 1670 Evangelium,
2797 1599 2959 1668 cujus
3019 1611 3188 1652 causa
3239 1596 3446 1651 dictum
3492 1602 3576 1649 est
3623 1615 3638 1649 :

2067 1714 2085 1747 ι
2125 1693 2450 1763 Suscipiant
2475 1698 2692 1746 montes
2725 1703 2912 1760 pacem
2946 1687 3170 1758 populo,
3207 1693 3260 1740 et
3294 1685 3465 1738 colles
3483 1683 3643 1752 justi-

376 1787 513 1851 λιον,
542 1785 608 1838 δι’
634 1784 663 1837 ὃ
691 1783 939 1836 λέλεκται
959 1798 972 1811 ⁸
1003 1801 1022 1834 ‹
1057 1779 1498 1834 Ἀναλαεέτωσαν
1520 1777 1588 1830 τὰ
1612 1776 1712 1848 ὅρη
1740 1775 1958 1845 εἰρήνην

2066 1789 2216 1842 liam.
2265 1805 2284 1837 ι
2321 1783 2447 1836 Παῖς
2470 1796 2638 1851 porro
2668 1779 2943 1841 evenient,
2977 1777 3105 1846 quia
3131 1781 3467 1830 memoratus
3498 1773 3642 1828 [ilius

375 1875 456 1947 τῷ
509 1873 654 1945 λαῷ,
698 1873 792 1926 καὶ
832 1874 880 1925 οἱ
936 1871 1114 1942 βουνοὶ
1160 1868 1522 1937 δικαιοσύνην.
1571 1884 1590 1919 ι
1635 1865 1745 1918 Καὶ
1788 1862 1958 1916 ταῦτα

2066 1880 2208 1949 regis
2248 1896 2266 1928 ι
2303 1875 2577 1947 judicabit
2615 1887 2882 1943 pauperes
2914 1869 3125 1940 populi,
3175 1876 3229 1922 et
3259 1867 3444 1921 salvos
3479 1865 3643 1920 faciet

375 1967 554 2030 ἔσται,
584 1964 770 2035 ἐπειδὴ
794 1965 822 2016 6
849 1961 1167 2035 προλεχθείς
1195 1961 1309 2024 υίὸς
1327 1959 1420 2012 τοῦ
1450 1957 1712 2030 βασιλέως
1741 1976 1758 2007 ι
1787 1955 1961 2027 κρινεῖ

2066 1973 2203 2028 ﬁlios
2236 1982 2571 2040 pauperum;
2613 1985 2630 2016 ι
2665 1980 2791 2018 nam
2827 1979 2952 2018 cum
3005 1961 3161 2031 prius
3213 1959 3390 2014 salute
3447 1957 3642 2028 dignos

373 2059 504 2122 τοὺς
539 2058 784 2127 πτωχοὺς
828 2054 920 2108 τοῦ
953 2053 1082 2106 λαοῦ
1103 2094 1116 2118 ,
1170 2053 1264 2106 καὶ
1299 2050 1460 2105 σώσει
1513 2050 1639 2112 τοὺς
1674 2050 1819 2109 υἱοὺς
1852 2045 1960 2099 τῶν

375 2150 629 2220 πενήτων
648 2165 662 2178 '
696 2167 714 2199 ι
757 2146 948 2218 κρίνας
979 2144 1089 2216 γὰρ
1119 2143 1381 2215 πρότερον
1410 2141 1591 2206 ἀξίους
1624 2136 1761 2193 εἶναι
1790 2155 1963 2208 σωτη-

377 2237 522 2311 ρίας,
556 2236 728 2300 οὕτως
775 2236 972 2297 αὐτοὺς
1011 2232 1196 2297 σώζει.
1247 2233 1321 2285 Ού
1366 2231 1475 2304 γὰρ
1524 2231 1797 2302 ἀκρίτως,
1845 2223 1962 2298 μετ’

377 2326 752 2398 ὲξητασμένης
797 2325 853 2378 δὲ
881 2324 1114 2396 κρίσεως
1146 2323 1244 2394 τὴν
1277 2321 1550 2393 σωτηρίαν
1594 2320 1822 2392 παρέχει
1851 2319 1962 2380 τοῖς

377 2418 576 2475 ἑαυτοῦ
614 2421 850 2489 πτωχοῖς
882 2418 976 2472 καὶ
1013 2419 1126 2480 τοῖς
1164 2417 1300 2480 υἱοῖς
1331 2414 1440 2470 τῶν
1471 2416 1739 2485 πενήτων,
1773 2409 1846 2468 ὧν
1869 2412 1962 2467 καὶ

377 2514 415 2585 ἡ
462 2511 766 2582 προφητεία
818 2509 1089 2581 μέμνηται
1124 2508 1387 2577 λέγουσα·
1437 2525 1456 2558 ‹
1493 2506 1962 2575 Εὑαγγελίσασθαι

379 2607 614 2676 πτωχοῖς
639 2602 946 2657 άπέσταλκέ
979 2619 1075 2673 με·
1108 2600 1341 2672 κηρῦξαι
1375 2599 1738 2670 αἰχμαλώτοις
1772 2600 1963 2668 ἄφεσιν

380 2697 477 2751 καὶ
509 2696 730 2764 τυφλοῖς
759 2693 1070 2762 ἀνάϐλεψιν.
1089 2713 1106 2744 ›
1129 2694 1388 2762 Πτωχοὺς
1416 2691 1471 2744 δὲ
1500 2691 1686 2755 ποίους
1709 2692 1894 2762 φησὶν,
1927 2691 1960 2762 ἦ

378 2787 504 2850 τοὺς
537 2784 868 2855 δυναμένους
897 2781 1096 2853 ὁμοίως
1139 2780 1337 2851 Παύλῳ
1368 2780 1548 2849 λέγειν
1568 2798 1580 2810 ·
1612 2799 1630 2831 ι
1665 2783 1825 2852 Ἀχρι
1864 2783 1964 2852 τῆς

378 2876 502 2948 ἄρτι
539 2874 690 2946 ὥρας
725 2876 820 2927 καὶ
875 2872 1146 2942 πεινῶμεν
1196 2871 1289 2924 καὶ
1316 2870 1578 2941 διψῶμεν,
1609 2871 1702 2924 καὶ
1754 2889 1965 2943 γυμνη-

379 2967 630 3038 τεύομεν,
678 2967 773 3019 καὶ
801 2962 1226 3034 κολαφιζόμεθα,
1261 2963 1356 3016 καὶ
1380 2962 1718 3032 ἀστατοῦμεν
1740 2981 1752 2994 ·
1786 2982 1804 3014 ι
1839 2963 1964 3026 τούς

375 3076 438 3115 τε
486 3059 690 3131 ὁμοίως
722 3058 915 3128 Πέτρῳ
964 3057 1278 3126 φήσαντας⁸
1315 3073 1333 3106 t
1374 3053 1660 3126 Ἀργύριον
1694 3055 1789 3108 καὶ
1832 3042 1964 3125 χρυέ

380 3152 495 3207 σίον
523 3151 622 3222 οὐχ
654 3150 888 3222 ὑπάρχει
923 3165 1032 3220 μοι.
1068 3167 1087 3199 ι
1117 3147 1404 3211 Τοιούτους
1436 3147 1492 3200 δὲ
1526 3146 1773 3216 πτωχοὺς
1802 3147 1964 3210 αὐτὸς
1991 3139 2033 3196 C

378 3241 558 3315 ἑαυτῷ
604 3237 982 3312 παρεσκεύαζε
1026 3237 1307 3310 παραινῶν
1343 3236 1417 3309 μὴ
1464 3236 1694 3308 κτῆσθαι
1744 3238 1964 3308 χρυσίον

381 3340 519 3414 μηδὲ
553 3337 814 3410 ἀργύριον
863 3336 944 3398 εἰς
979 3333 1078 3397 τὰς
1113 3332 1306 3398 ζώνας,
1365 3332 1440 3402 μὴ
1483 3333 1664 3403 πήραν
1711 3332 1791 3394 εἰς
1825 3331 1962 3394 ὁδὸν,

381 3431 520 3504 μηδὲ
551 3429 644 3483 δύο
677 3429 911 3500 χιτῶνας
934 3467 950 3493 ,
985 3427 1117 3499 μηδὲ
1145 3426 1467 3496 ὑποδήματα
1487 3465 1502 3489 ,
1557 3425 1691 3497 μηδὲ
1747 3425 1961 3496 ῥάϐδον.

383 3545 403 3577 ι
435 3522 680 3576 Τοιοῦτοι
709 3522 768 3575 δὲ
797 3517 938 3592 ἦσαν
963 3520 1058 3573 καὶ
1087 3521 1136 3571 οἱ
1170 3519 1338 3572 πάλαι
1370 3517 1747 3590 περιελθόντες
1771 3520 1829 3571 ὲν
1863 3536 1968 3589 μη-

376 3616 597 3678 λωταῖς,
621 3615 678 3666 ὲν
710 3612 936 3682 αἰγείοις
977 3611 1276 3682 δέρμασιν,
1309 3609 1732 3682 ὑστερούμενοι,
1784 3608 1966 3663 θλιϐό-

382 3725 556 3780 μενοι,
601 3704 1063 3774 κακουχούμενοι,
1091 3705 1149 3757 ὲν
1189 3703 1447 3776 ἐρημίαις
1499 3701 1843 3772 πλανώμενοι
1873 3703 1966 3756 καὶ

377 3797 555 3870 ὄρεσι,
589 3795 682 3849 καὶ
711 3794 1015 3865 σπηλαίοις,
1043 3794 1137 3846 καὶ
1174 3795 1294 3856 ταῖς
1319 3795 1480 3856 ὀπαῖς
1509 3795 1608 3863 τῆς
1633 3793 1752 3863 γῆς.
1770 3812 1789 3844 ι
1827 3792 1966 3845 Ἀλλ’

377 3892 428 3946 εἰ
467 3889 568 3961 μὲν
614 3887 818 3941 τούτων
871 3886 1030 3956 μόνον
1063 3883 1468 3956 ἐμνημόνευσεν
1497 3885 1525 3936 ό
1577 3883 1766 3951 λόγος,
1828 3885 1966 3937 ἀπο-

377 3982 664 4038 κέκλειστο
702 3981 809 4042 πᾶς
841 3981 869 4032 ό
925 3977 998 4049 μὴ
1026 3976 1298 4040 τοιοῦτος·
1349 3974 1443 4028 νῦν
1491 3975 1548 4028 δὲ
1591 3978 1686 4029 καὶ
1717 3975 1969 4047 δεύτερον

379 4075 573 4145 τάγμα
617 4069 1038 4142 καταριθμεῖται
1091 4068 1352 4136 φάσκωνο
1416 4083 1435 4117 t
1473 4065 1585 4118 Kal.
1631 4064 1792 4119 σώσει
1842 4065 1968 4128 τοὺς

381 4167 536 4228 υἱοὺς
563 4161 672 4216 τῶν
704 4162 973 4232 πενήτων.
1005 4173 1023 4211 ι
1064 4158 1182 4212 Υἱοὶ
1223 4157 1280 4210 δὲ
1324 4158 1568 4228 πενήτων
1589 4151 1728 4228 ἦσαν
1767 4157 1815 4208 οἰ
1861 4154 1968 4210 τῶν

381 4254 699 4312 ἀποστόλων
732 4253 827 4306 καὶ
883 4249 1141 4322 μαθητῶν
1187 4248 1281 4302 τοῦ
1332 4247 1586 4317 Σωτῆρος
1625 4245 1785 4316 ἡμῶν
1828 4245 1968 4314 γνώ-

386 4364 560 4421 ριμοι,
582 4345 798 4408 ὁποίους
826 4343 1000 4414 δηλῶν
1027 4345 1055 4396 ὁ
1088 4340 1408 4403 Ἀπόστολος
1429 4339 1612 4408 ἔλεγεν
1631 4355 1644 4368 ο
1670 4357 1688 4389 ‹
1713 4338 1836 4391 Ἐὰν
1861 4336 1970 4410 γὰρ

384 4440 620 4503 πολλοὺς
647 4437 1028 4506 παιδαγωγοὺς
1057 4435 1218 4506 ἔχητε
1251 4434 1309 4486 ὲν
1335 4431 1578 4504 Χριστῷ,
1612 4431 1726 4485 ἀλλ’
1750 4432 1810 4484 ού
1842 4431 1970 4485 πολ-

381 4533 513 4595 λοὺς
541 4529 811 4601 πατέρας·
844 4531 901 4581 ὲν
922 4527 1032 4598 γὰρ
1063 4526 1284 4598 Χριστῷ
1313 4524 1486 4596 Ἰησοῦ
1510 4523 1620 4592 ἐγὼ
1645 4525 1790 4594 ὑμᾶς
1823 4524 1974 4591 ὲγέν-
2006 4507 2048 4561 Ῐ)

381 4636 564 4695 νησα’
599 4641 617 4672 ι
651 4622 746 4675 καὶ
777 4620 937 4673 πάλιν
957 4635 971 4649 ο
1015 4638 1034 4668 ι
1064 4619 1243 4671 Τέκνα
1280 4635 1378 4688 μου
1405 4656 1419 4680 ,
1462 4615 1556 4695 οὓς
1604 4616 1765 4670 πάλιν
1797 4615 1971 4668 ὠδίνω

383 4685 548 4788 ἄχρις
575 4706 636 4767 οὗ
671 4711 930 4784 μορφωθῇ
954 4709 1188 4781 Χριστὸς
1219 4685 1446 4780 ὲννὺμῖν.
1480 4728 1498 4760 ι
1532 4685 1692 4762 iam
1719 4708 1842 4770 τοὺς
1875 4708 1972 4778 μὲν

389 4805 644 4875 πτωχοὺς
673 4802 866 4858 ἑαυτοῦ
901 4803 995 4854 καὶ
1027 4801 1150 4863 τοὺς
1181 4801 1330 4863 υἱοὺς
1358 4800 1468 4852 τῶν
1496 4800 1742 4870 πενήτων
1773 4798 1868 4850 σὺν
1890 4797 1970 4850 δι-

383 4897 646 4969 καιοσύνῃ
678 4897 772 4950 καὶ
801 4897 932 4968 ὀρθῇ
971 4896 1150 4967 κρίσει
1195 4892 1356 4957 σώζει
1380 4912 1393 4925 ο
1429 4893 1520 4946 τὸν
1544 4893 1600 4946 δὲ
1627 4893 1970 4962 συκοφάντην

387 4991 775 5065 προῃρημένον
805 4989 838 5059 ἣ
879 4990 974 5042 καὶ
1001 4987 1092 5041 τὸν
1122 4987 1248 5042 λαὸν
1280 4985 1444 5039 αὑτοῦ
1478 4987 1574 5038 καὶ
1603 4987 1701 5056 τὴν
1742 4986 1971 5056 Ἐκκλη-

390 5085 515 5139 σίαν
544 5082 799 5152 πολεμεῖν
833 5081 1041 5152 (μυρίοι
1083 5081 1141 5134 δὲ
1179 5079 1510 5148 συκοφάνται
1531 5080 1630 5151 τὴν
1646 5081 1972 5150 Ἐκκλησίαν

390 5173 559 5230 αὐτοῦ
587 5172 974 5242 διαϐάλλουσι),
1000 5173 1093 5226 καὶ
1123 5172 1212 5226 τὸν
1239 5171 1350 5242 βίον
1380 5171 1488 5224 τῶν
1512 5173 1570 5224 ὲν
1593 5175 1658 5242 τῇ
1677 5171 1974 5243 Ἐκκλησία

389 5265 559 5320 αὑτοῦ
591 5266 997 5338 διαπρεπόντων
1044 5264 1191 5318 ἄλλοι
1227 5262 1678 5333 συκοφαντοῦσιν*
1725 5257 1801 5316 ὧν
1851 5266 1973 5317 ἐπι-

395 5359 604 5428 στήσας
630 5359 695 5429 τῇ
723 5357 946 5426 τελευτῇ
980 5354 1074 5408 τοῦ
1109 5355 1255 5425 βίου,
1291 5355 1410 5424 ὄψει
1433 5356 1582 5418 ὅπως
1625 5355 1836 5426 εἴρηται
1887 5355 1968 5420 τὺ,

397 5449 542 5504 «Καὶ
567 5447 894 5503 ταπεινώσει
931 5447 1292 5518 συκοφάντην.
1322 5468 1340 5500 ι
1371 5447 1468 5510 Τίς
1500 5446 1610 5518 γὰρ
1640 5447 1748 5502 τῶν
1777 5465 1971 5519 τυραν-

489 5655 532 5687 ¹⁹
570 5654 734 5710 Zach.
768 5671 830 5719 ιι,
864 5654 951 5720 10,
986 5655 1074 5708 11.

401 5723 448 5754 ³⁸
483 5723 502 5777 l
535 5726 659 5780 Cor.
712 5742 782 5790 tv,
832 5726 912 5780 l5.
991 5727 1034 5756 ²⁴¹
1069 5724 1186 5784 Gal.
1226 5741 1299 5783 tv.
1338 5725 1423 5781 l9.

1181 5655 1227 5687 '°
1260 5656 1364 5710 lsa.
1399 5671 1508 5724 ιιι,
1543 5657 1590 5710 1.
1616 5659 1657 5691 ’³
1694 5656 1862 5715 lCor.
1888 5658 1942 5725 4,
1983 5658 2068 5713 11.

2056 2065 2387 2136 judicasset,
2409 2061 2491 2115 sic
2513 2059 2595 2113 eis
2620 2058 2850 2112 salutem
2886 2054 3148 2124 impertit.
3194 2051 3314 2106 Non
3348 2049 3493 2106 enim
3525 2049 3644 2104 sine

2063 2155 2267 2229 praevio
2311 2153 2546 2224 judicio,
2607 2149 2698 2204 sed
2755 2147 3041 2218 praemisso
3091 2145 3364 2206 examine,
3413 2142 3644 2198 salutem

2063 2250 2270 2322 praebet
2290 2243 2626 2317 pauperibus
2660 2241 2776 2296 suis
2799 2249 2852 2295 et
2882 2239 3008 2293 ﬁliis
3035 2251 3362 2308 pauperum,
3407 2248 3643 2304 quorum

2064 2340 2349 2414 prophetia
2379 2335 2628 2392 meminit
2649 2334 2839 2389 dicens
2867 2351 2881 2387 :
2921 2350 2938 2383 ι
2974 2329 3366 2399 Evangelizare
3389 2325 3646 2396 pauperi-

2062 2439 2169 2492 bus
2203 2432 2355 2488 misit
2397 2447 2484 2486 me
2513 2449 2526 2484 :
2557 2429 2854 2500 praedicare
2884 2423 3117 2495 captivis
3147 2421 3552 2482 dimissionem,
3593 2424 3648 2471 et

2064 2528 2226 2584 caecis
2260 2526 2413 2580 visus
2438 2519 2844 2577 restitutionem
2875 2517 2943 2572 ³ο.
2977 2535 2996 2569 ι
3034 2513 3314 2570 Mendicos
3341 2526 3477 2567 vero
3506 2526 3648 2581 quos

2065 2621 2162 2681 ait,
2187 2616 2294 2671 nisi
2318 2629 2414 2670 eos
2440 2611 2534 2682 qui
2561 2608 2786 2680 perinde
2811 2617 2974 2676 atque
3001 2605 3207 2659 Paulus
3233 2603 3418 2658 dicere
3441 2602 3646 2669 valent,

2071 2732 2090 2764 ‹
2132 2709 2320 2779 Usque
2355 2707 2410 2760 in
2439 2704 2583 2757 hanc
2612 2703 2802 2756 horam
2829 2708 2884 2753 et
2913 2697 3191 2754 esurimus
3218 2703 3272 2750 et
3308 2696 3549 2759 sitimus,
3593 2702 3652 2753 et

2065 2803 2196 2860 nudi
2223 2814 2432 2862 sumus,
2471 2805 2525 2852 et
2556 2793 2801 2865 colaphis
2836 2791 3117 2854 caadimur,
3148 2797 3206 2844 et
3235 2787 3524 2843 instabiles
3549 2803 3648 2842 su-

2068 2910 2192 2949 mus
2217 2893 2260 2925 ⁶¹
2306 2909 2319 2944 :
2364 2910 2382 2942 ι
2413 2897 2578 2958 atque
2603 2901 2701 2942 eos
2734 2885 2826 2955 qui
2856 2899 2982 2938 cum
3007 2881 3174 2936 Petro
3200 2879 3316 2935 haec
3344 2879 3496 2934 etl‘ari
3519 2893 3650 2948 pos-

2069 2990 2219 3046 sunt,
2254 2999 2271 3032 ι
2298 2979 2596 3049 Argentum
2631 2982 2686 3030 et
2714 2988 2908 3028 aurum
2941 2987 3048 3026 non
3081 2977 3166 3026 est
3187 2969 3406 3023 mihi”.
3443 2987 3462 3020 ι
3485 2965 3648 3023 Tales

2071 3075 2175 3134 sibi
2203 3086 2474 3145 pauperes
2503 3067 2736 3140 paravit,
2757 3065 3082 3136 praecipiens
3103 3062 3213 3116 illis
3244 3069 3305 3114 ut
3333 3075 3439 3114 non
3468 3060 3650 3129 possi-

2067 3170 2259 3225 derent
2309 3179 2506 3219 aurum
2556 3175 2733 3232 neque
2783 3164 3069 3228 argentum
3121 3154 3177 3209 in
3237 3153 3414 3217 zonis,
3469 3166 3650 3222 neque

2066 3275 2250 3334 peram
2279 3257 2345 3313 ad
2373 3255 2540 3319 viam,
2565 3267 2743 3322 neque
2774 3251 2913 3305 duas
2947 3247 3185 3312 tunicas,
3221 3260 3401 3316 neque
3442 3243 3650 3298 calcea-

2068 3333 2275 3414 menta,
2314 3363 2496 3418 neque
2519 3345 2726 3414 virgam
2749 3342 2816 3394 ".
2844 3337 3172 3408 Hujusmodi
3206 3337 3337 3390 item
3367 3341 3524 3390 erant
3569 3333 3648 3387 illi

2067 3445 2196 3500 olim
2229 3460 2247 3493 ι
2288 3441 2700 3496 circumeuntes
2730 3433 2784 3486 in
2817 3431 3057 3493 melotis,
3093 3430 3148 3482 in
3190 3427 3424 3498 pellibus
3468 3425 3651 3494 capri-

2069 3539 2178 3603 nis,
2215 3543 2460 3606 egentes,
2523 3527 2840 3598 angustiati,
2893 3523 3100 3586 amicti,
3151 3522 3206 3575 in
3261 3518 3649 3576 solitudinibus

2067 3637 2345 3691 errantes,
2382 3625 2439 3680 in
2471 3620 2772 3680 montibus,
2802 3618 2856 3671 in
2891 3613 3168 3686 speluncis
3194 3622 3248 3668 et
3272 3612 3327 3666 in
3364 3610 3650 3666 foramini-

2068 3724 2173 3778 bus
2202 3728 2364 3774 terraa
2385 3717 2452 3770 “.
2493 3733 2511 3764 ι
2568 3711 2674 3767 Sed
2707 3710 2753 3765 si
2793 3709 2959 3764 hosce
2984 3706 3160 3762 solum
3194 3719 3375 3761 sermo
3406 3717 3648 3758 comme-

2068 3817 2358 3872 morasset,
2423 3805 2680 3862 exclusus
2742 3817 2876 3858 sane
2915 3800 3056 3856 foret
3122 3797 3376 3868 quisquis
3426 3795 3495 3850 iis
3538 3810 3650 3849 non

2072 3903 2274 3961 similis
2308 3904 2476 3955 esset.
2514 3895 2583 3949 At
2625 3896 2738 3966 jam
2769 3894 2936 3947 alium
2966 3891 3216 3946 ordinem
3245 3893 3532 3944 enumerat
3566 3886 3654 3940 di-

2069 4008 2224 4058 cens,
2263 4009 2282 4041 ι
2317 3989 2384 4043 Ει
2410 3987 2596 4041 salvos
2623 3985 2785 4039 faciet
2815 3983 2955 4036 ﬁlios
2979 3993 3304 4050 pauperum.
3331 3997 3349 4029 ι
3374 3975 3500 4030 Filii
3524 3992 3650 4031 vero

2069 4097 2369 4156 pauperum
2398 4085 2555 4134 erant
2587 4075 2960 4147 apostolorum
2991 4079 3044 4126 et
3089 4069 3484 4138 discipulorum
3528 4065 3652 4121 Ser-

2069 4175 2278 4230 vatoris
2307 4172 2480 4228 nostri
2507 4171 2644 4234 noti,
2675 4183 2813 4239 quos
2852 4163 3146 4236 Apostolus
3168 4161 3318 4215 hisce
3358 4157 3540 4214 verbis
3565 4157 3652 4210 'm-

2074 4269 2309 4324 dicavit:
2343 4284 2362 4317 ‹
2402 4264 2536 4319 Nam
2565 4263 2668 4319 etsi
2712 4260 2916 4314 multos
2948 4254 3273 4328 pmdagogos
3310 4249 3554 4306 habeatis
3594 4249 3650 4303 in

2073 4361 2317 4425 Christo,
2351 4357 2446 4415 sed
2488 4372 2598 4412 non
2636 4374 2648 4410 :
2689 4353 2891 4408 multos
2922 4349 3224 4423 patres:in
3259 4345 3474 4401 Christo
3503 4341 3650 4396 enim

2072 4455 2202 4510 Jesu
2233 4467 2333 4522 ego
2376 4466 2474 4505 vos
2505 4449 2664 4521 genui
2684 4447 2763 4513 ης
2814 4465 2832 4497 ι
2869 4459 2932 4498 ac
2975 4457 3200 4497 rursum
3250 4457 3265 4494 :
3309 4457 3328 4489 ι
3365 4435 3488 4490 Filii
3519 4434 3647 4498 mei,

2076 4561 2218 4616 quos
2251 4559 2474 4598 rursum
2508 4538 2778 4612 parturio,
2811 4536 2986 4592 donec
3017 4534 3282 4589 formetur
3309 4529 3563 4584 Christus
3595 4526 3650 4580 in

2075 4637 2232 4691 vobis
2259 4637 2324 4687 ’°.
2359 4653 2377 4684 ι
2407 4631 2608 4687 Verum
2641 4643 2914 4700 pauperes
2935 4640 3069 4682 suos
3100 4631 3154 4678 et
3184 4621 3324 4676 ﬁlios
3348 4617 3650 4689 pauperum

2073 4745 2197 4785 cum
2219 4725 2434 4798 justitia
2464 4733 2519 4779 et
2547 4731 2700 4779 recto
2733 4721 2947 4791 judicio
2989 4718 3166 4773 salute
3195 4715 3381 4768 donat.
3429 4709 3653 4765 Calum-

2074 4819 2306 4874 niatoris
2335 4825 2540 4878 autem,
2565 4813 2659 4883 qui
2699 4813 2753 4865 in
2787 4811 3026 4864 animum
3056 4804 3270 4860 induxit
3299 4802 3560 4874 populum
3598 4804 3653 4854 et

2077 4907 2377 4966 Ecclesiam
2424 4906 2544 4977 ejus
2590 4907 2912 4973 impugnare
2987 4903 3149 4968 (nam
3204 4893 3450 4951 sexcenti
3487 4907 3650 4964 syco-

2075 5001 2294 5070 phanta:
2349 5006 2476 5053 sunt
2535 4994 2627 5064 qui
2669 4992 2968 5046 Ecclesiam
3017 4988 3137 5056 ejus
3184 4982 3648 5053 calumniantur);

2074 5087 2184 5141 imo
2216 5085 2381 5140 etiam
2407 5083 2642 5136 aliorum
2673 5080 2767 5150 qui
2808 5078 2961 5149 probi
3012 5076 3248 5131 instituti
3273 5075 3423 5130 viros
3463 5074 3516 5126 in
3547 5070 3652 5125 Ec-

2073 5174 2241 5230 clesia
2262 5173 2387 5244 ejus
2421 5170 2796 5244 schphantiis
2818 5170 3108 5240 impetum,
3131 5167 3256 5221 vita
3288 5166 3492 5222 exitum
3527 5178 3652 5233 per-

2079 5267 2345 5338 pendens,
2389 5265 2562 5336 probe
2593 5263 2860 5330 intelliges
2908 5276 3006 5316 cur
3035 5259 3267 5321 dicatur,
3303 5276 3322 5307 ι
3377 5256 3443 5310 Ει
3473 5257 3652 5310 humi-

2078 5359 2233 5414 liabit
2281 5356 2758 5412 calumniatorem.
2799 5372 2818 5405 ι
2853 5352 2987 5418 Quis
3025 5351 3169 5405 enim
3203 5364 3415 5412 eorum,
3449 5347 3540 5416 qui
3575 5354 3652 5416 ty.

2074 5452 2304 5504 rannice
2359 5448 2415 5503 in
2468 5443 2770 5500 Salvatoris
2817 5442 2991 5498 nostri
3054 5441 3351 5496 Ecclesiam
3398 5444 3645 5510 egerunt,

2168 5659 2213 5691 "
2244 5657 2365 5712 Act.
2398 5671 2479 5722 ιιι,
2507 5654 2562 5712 6.
2661 5653 2708 5686 ’³
2743 5651 2932 5707 Matth.
2964 5667 3016 5717 κ,
3042 5649 3094 5704 9.
3174 5648 3217 5680 "
3251 5647 3416 5707 llebr.
3449 5663 3524 5716 ιι,
3553 5645 3642 5701 37.
