  <div class='ocr_page' id='page_1' title='image "/cluster/home/n/w/nwhite01/storage/ocr_20150623/23:no.5/coo.31924054873033/415.png"; bbox 0 0 4056 6392; ppageno 0'>
   <div class='ocr_carea' id='block_1_1' title="bbox 383 319 490 375">
    <p class='ocr_par' dir='ltr' id='par_1_1' title="bbox 383 319 490 375">
     <span class='ocr_line' id='line_1_1' title="bbox 383 319 490 375; baseline 0.019 -2"><span class='ocrx_word' id='word_1_1' title='bbox 383 319 490 375; x_wconf 81' lang='lat'><strong>799</strong></span> 
     </span>
    </p>
   </div>
   <div class='ocr_carea' id='block_1_2' title="bbox 1057 303 1970 372">
    <p class='ocr_par' dir='ltr' id='par_1_2' title="bbox 1057 309 1970 372">
     <span class='ocr_line' id='line_1_2' title="bbox 1057 309 1970 372; baseline -0.008 -3"><span class='ocrx_word' id='word_1_2' title='bbox 1057 313 1322 372; x_wconf 81' lang='lat' dir='ltr'><strong>EUSEBH</strong></span> <span class='ocrx_word' id='word_1_3' title='bbox 1364 309 1845 368; x_wconf 62' lang='lat' dir='ltr'><strong>CAESARIENSIS</strong></span> <span class='ocrx_word' id='word_1_4' title='bbox 1883 309 1970 366; x_wconf 69' lang='grc' dir='ltr'><strong>ΟΡ</strong></span> 
     </span>
    </p>
   </div>
   <div class='ocr_carea' id='block_1_3' title="bbox 2074 303 2936 372">
    <p class='ocr_par' dir='ltr' id='par_1_3' title="bbox 2074 303 2936 362">
     <span class='ocr_line' id='line_1_3' title="bbox 2074 303 2936 362; baseline -0.006 0"><span class='ocrx_word' id='word_1_5' title='bbox 2074 307 2254 362; x_wconf 76' lang='lat' dir='ltr'><strong>PARS</strong></span> <span class='ocrx_word' id='word_1_6' title='bbox 2295 307 2381 362; x_wconf 90' lang='grc' dir='ltr'><strong>ΙΙΙ.</strong></span> <span class='ocrx_word' id='word_1_7' title='bbox 2423 334 2490 349; x_wconf 89' lang='grc'><strong>--</strong></span> <span class='ocrx_word' id='word_1_8' title='bbox 2523 303 2936 360; x_wconf 73' lang='lat' dir='ltr'><strong>EXEGETICA.</strong></span> 
     </span>
    </p>
   </div>
   <div class='ocr_carea' id='block_1_4' title="bbox 3540 300 3646 355">
    <p class='ocr_par' dir='ltr' id='par_1_4' title="bbox 3540 300 3646 355">
     <span class='ocr_line' id='line_1_4' title="bbox 3540 300 3646 355; baseline 0.009 -2"><span class='ocrx_word' id='word_1_9' title='bbox 3540 300 3646 355; x_wconf 82' lang='lat' dir='ltr'><strong>8f0</strong></span> 
     </span>
    </p>
   </div>
   <div class='ocr_carea' id='block_1_5' title="bbox 384 419 1970 507">
    <p class='ocr_par' dir='ltr' id='par_1_5' title="bbox 384 433 1964 507">
     <span class='ocr_line' id='line_1_5' title="bbox 384 433 1964 507; baseline -0.004 -15"><span class='ocrx_word' id='word_1_10' title='bbox 384 452 616 506; x_wconf 86' lang='lat' dir='ltr'><strong>eamque</strong></span> <span class='ocrx_word' id='word_1_11' title='bbox 649 435 982 506; x_wconf 76' lang='lat' dir='ltr'><strong>blasphemis</strong></span> <span class='ocrx_word' id='word_1_12' title='bbox 1021 436 1185 492; x_wconf 87' lang='lat' dir='ltr'><strong>dictis</strong></span> <span class='ocrx_word' id='word_1_13' title='bbox 1219 444 1273 490; x_wconf 91' lang='lat' dir='ltr'><strong>et</strong></span> <span class='ocrx_word' id='word_1_14' title='bbox 1300 434 1676 507; x_wconf 77' lang='lat' dir='ltr'><strong>sycophantiis</strong></span> <span class='ocrx_word' id='word_1_15' title='bbox 1709 433 1964 486; x_wconf 76' lang='lat' dir='ltr'><strong>traduxe-</strong></span> 
     </span>
    </p>
   </div>
   <div class='ocr_carea' id='block_1_6' title="bbox 2074 419 3648 507">
    <p class='ocr_par' dir='ltr' id='par_1_6' title="bbox 2074 419 3648 499">
     <span class='ocr_line' id='line_1_6' title="bbox 2074 419 3648 499; baseline -0.008 -14"><span class='ocrx_word' id='word_1_16' title='bbox 2074 432 2390 494; x_wconf 86' lang='grc' dir='ltr'>νευσάντων,</span> <span class='ocrx_word' id='word_1_17' title='bbox 2437 429 2529 482; x_wconf 75' lang='grc' dir='ltr'><strong>καὶ</strong></span> <span class='ocrx_word' id='word_1_18' title='bbox 2561 429 2661 499; x_wconf 77' lang='grc' dir='ltr'><strong>τὴν</strong></span> <span class='ocrx_word' id='word_1_19' title='bbox 2699 427 2792 479; x_wconf 79' lang='grc' dir='ltr'>τοῦ</span> <span class='ocrx_word' id='word_1_20' title='bbox 2828 428 3079 495; x_wconf 82' lang='grc' dir='ltr'>Σωτηρος</span> <span class='ocrx_word' id='word_1_21' title='bbox 3123 440 3153 494; x_wconf 90' lang='grc' dir='ltr'><strong>η</strong></span> <span class='ocrx_word' id='word_1_22' title='bbox 3166 438 3280 492; x_wconf 86' lang='grc' dir='ltr'>μων</span> <span class='ocrx_word' id='word_1_23' title='bbox 3325 419 3648 490; x_wconf 83' lang='grc' dir='ltr'>Ἐκκλησίαν</span> 
     </span>
    </p>
   </div>
   <div class='ocr_carea' id='block_1_7' title="bbox 387 523 1968 595">
    <p class='ocr_par' dir='ltr' id='par_1_7' title="bbox 387 523 1968 595">
     <span class='ocr_line' id='line_1_7' title="bbox 387 523 1968 595; baseline -0.004 -14"><span class='ocrx_word' id='word_1_24' title='bbox 387 535 534 591; x_wconf 93' lang='lat' dir='ltr'><strong>runt,</strong></span> <span class='ocrx_word' id='word_1_25' title='bbox 571 527 820 592; x_wconf 77' lang='lat' dir='ltr'><strong>deiectus</strong></span> <span class='ocrx_word' id='word_1_26' title='bbox 851 541 958 579; x_wconf 92' lang='lat' dir='ltr'><strong>non</strong></span> <span class='ocrx_word' id='word_1_27' title='bbox 997 526 1142 579; x_wconf 87' lang='lat' dir='ltr'><strong>fuit?</strong></span> <span class='ocrx_word' id='word_1_28' title='bbox 1171 525 1306 592; x_wconf 83' lang='lat' dir='ltr'><strong>Quis</strong></span> <span class='ocrx_word' id='word_1_29' title='bbox 1337 542 1402 580; x_wconf 83' lang='lat' dir='ltr'><strong>ex</strong></span> <span class='ocrx_word' id='word_1_30' title='bbox 1437 524 1776 595; x_wconf 78' lang='lat' dir='ltr'><strong>sapientibus</strong></span> <span class='ocrx_word' id='word_1_31' title='bbox 1806 523 1968 591; x_wconf 87' lang='lat' dir='ltr'><strong>hujus</strong></span> 
     </span>
    </p>
   </div>
   <div class='ocr_carea' id='block_1_8' title="bbox 387 613 1970 687">
    <p class='ocr_par' dir='ltr' id='par_1_8' title="bbox 387 613 1970 687">
     <span class='ocr_line' id='line_1_8' title="bbox 387 613 1970 687; baseline -0.003 -15"><span class='ocrx_word' id='word_1_32' title='bbox 387 617 575 672; x_wconf 66' lang='lat' dir='ltr'><strong>saeculi</strong></span> <span class='ocrx_word' id='word_1_33' title='bbox 599 617 843 687; x_wconf 80' lang='lat' dir='ltr'><strong>linguam</strong></span> <span class='ocrx_word' id='word_1_34' title='bbox 875 633 1030 672; x_wconf 89' lang='lat' dir='ltr'><strong>suam</strong></span> <span class='ocrx_word' id='word_1_35' title='bbox 1059 619 1278 672; x_wconf 76' lang='lat' dir='ltr'><strong>exacuit</strong></span> <span class='ocrx_word' id='word_1_36' title='bbox 1309 625 1498 672; x_wconf 88' lang='lat' dir='ltr'><strong>contra</strong></span> <span class='ocrx_word' id='word_1_37' title='bbox 1543 617 1781 671; x_wconf 78' lang='lat' dir='ltr'><strong>divinam</strong></span> <span class='ocrx_word' id='word_1_38' title='bbox 1820 613 1970 668; x_wconf 87' lang='lat' dir='ltr'><strong>Scri-</strong></span> 
     </span>
    </p>
   </div>
   <div class='ocr_carea' id='block_1_9' title="bbox 388 706 1970 780">
    <p class='ocr_par' dir='ltr' id='par_1_9' title="bbox 388 706 1970 780">
     <span class='ocr_line' id='line_1_9' title="bbox 388 706 1970 780; baseline -0.002 -19"><span class='ocrx_word' id='word_1_39' title='bbox 388 717 628 778; x_wconf 85' lang='lat' dir='ltr'><strong>pturam,</strong></span> <span class='ocrx_word' id='word_1_40' title='bbox 671 707 803 779; x_wconf 92' lang='lat' dir='ltr'><strong>quin</strong></span> <span class='ocrx_word' id='word_1_41' title='bbox 832 709 1206 780; x_wconf 75' lang='lat' dir='ltr'><strong>sycophantiae</strong></span> <span class='ocrx_word' id='word_1_42' title='bbox 1239 724 1352 764; x_wconf 65' lang='lat' dir='ltr'><strong>suae</strong></span> <span class='ocrx_word' id='word_1_43' title='bbox 1402 709 1631 778; x_wconf 81' lang='lat' dir='ltr'><strong>pignora</strong></span> <span class='ocrx_word' id='word_1_44' title='bbox 1681 706 1970 762; x_wconf 83' lang='lat' dir='ltr'><strong>retulerit?</strong></span> 
     </span>
    </p>
   </div>
   <div class='ocr_carea' id='block_1_10' title="bbox 389 796 1968 870">
    <p class='ocr_par' dir='ltr' id='par_1_10' title="bbox 389 796 1968 870">
     <span class='ocr_line' id='line_1_10' title="bbox 389 796 1968 870; baseline -0.002 -19"><span class='ocrx_word' id='word_1_45' title='bbox 389 798 497 853; x_wconf 85' lang='lat' dir='ltr'><strong>Sed</strong></span> <span class='ocrx_word' id='word_1_46' title='bbox 532 815 658 854; x_wconf 90' lang='lat' dir='ltr'><strong>cum</strong></span> <span class='ocrx_word' id='word_1_47' title='bbox 694 800 833 855; x_wconf 88' lang='lat' dir='ltr'><strong>bene</strong></span> <span class='ocrx_word' id='word_1_48' title='bbox 872 800 1027 854; x_wconf 92' lang='lat' dir='ltr'><strong>multi</strong></span> <span class='ocrx_word' id='word_1_49' title='bbox 1067 801 1419 870; x_wconf 71' lang='lat' dir='ltr'><strong>sycophantae</strong></span> <span class='ocrx_word' id='word_1_50' title='bbox 1447 809 1636 852; x_wconf 81' lang='lat' dir='ltr'><strong>contra</strong></span> <span class='ocrx_word' id='word_1_51' title='bbox 1666 796 1968 851; x_wconf 87' lang='lat' dir='ltr'><strong>Ecclesiam</strong></span> 
     </span>
    </p>
   </div>
   <div class='ocr_carea' id='block_1_11' title="bbox 384 886 1974 959">
    <p class='ocr_par' dir='ltr' id='par_1_11' title="bbox 384 886 1974 959">
     <span class='ocr_line' id='line_1_11' title="bbox 384 886 1974 959; baseline -0.002 -17"><span class='ocrx_word' id='word_1_52' title='bbox 384 889 512 956; x_wconf 83' lang='lat' dir='ltr'><strong>ejus</strong></span> <span class='ocrx_word' id='word_1_53' title='bbox 537 889 962 951; x_wconf 75' lang='lat' dir='ltr'><strong>insurrexerint,</strong></span> <span class='ocrx_word' id='word_1_54' title='bbox 997 904 1299 959; x_wconf 89' lang='lat' dir='ltr'><strong>omnesque</strong></span> <span class='ocrx_word' id='word_1_55' title='bbox 1322 904 1552 958; x_wconf 89' lang='lat' dir='ltr'><strong>prorsus</strong></span> <span class='ocrx_word' id='word_1_56' title='bbox 1575 886 1770 956; x_wconf 87' lang='lat' dir='ltr'><strong>dejecti</strong></span> <span class='ocrx_word' id='word_1_57' title='bbox 1795 895 1846 941; x_wconf 92' lang='lat' dir='ltr'><strong>et</strong></span> <span class='ocrx_word' id='word_1_58' title='bbox 1878 887 1974 939; x_wconf 80' lang='lat' dir='ltr'><strong>hu-</strong></span> 
     </span>
    </p>
   </div>
   <div class='ocr_carea' id='block_1_12' title="bbox 387 979 1974 1056">
    <p class='ocr_par' dir='ltr' id='par_1_12' title="bbox 387 979 1974 1056">
     <span class='ocr_line' id='line_1_12' title="bbox 387 979 1974 1056; baseline 0 -26"><span class='ocrx_word' id='word_1_59' title='bbox 387 979 586 1056; x_wconf 76' lang='lat' dir='ltr'><strong>miliati</strong></span> <span class='ocrx_word' id='word_1_60' title='bbox 631 981 870 1044; x_wconf 80' lang='lat' dir='ltr'><strong>fuerint;</strong></span> <span class='ocrx_word' id='word_1_61' title='bbox 910 981 1027 1051; x_wconf 90' lang='lat' dir='ltr'><strong>ipse</strong></span> <span class='ocrx_word' id='word_1_62' title='bbox 1068 988 1251 1035; x_wconf 90' lang='lat' dir='ltr'><strong>tamen</strong></span> <span class='ocrx_word' id='word_1_63' title='bbox 1285 995 1391 1032; x_wconf 91' lang='lat' dir='ltr'><strong>una</strong></span> <span class='ocrx_word' id='word_1_64' title='bbox 1432 994 1553 1034; x_wconf 91' lang='lat' dir='ltr'><strong>cum</strong></span> <span class='ocrx_word' id='word_1_65' title='bbox 1579 979 1694 1032; x_wconf 90' lang='lat' dir='ltr'><strong>sole</strong></span> <span class='ocrx_word' id='word_1_66' title='bbox 1723 992 1974 1048; x_wconf 80' lang='lat' dir='ltr'><strong>perman-</strong></span> 
     </span>
    </p>
   </div>
   <div class='ocr_carea' id='block_1_13' title="bbox 387 1072 1973 1143">
    <p class='ocr_par' dir='ltr' id='par_1_13' title="bbox 387 1072 1973 1143">
     <span class='ocr_line' id='line_1_13' title="bbox 387 1072 1973 1143; baseline 0.001 -19"><span class='ocrx_word' id='word_1_67' title='bbox 387 1085 582 1137; x_wconf 89' lang='lat' dir='ltr'><strong>surus,</strong></span> <span class='ocrx_word' id='word_1_68' title='bbox 617 1088 681 1126; x_wconf 92' lang='lat' dir='ltr'><strong>ac</strong></span> <span class='ocrx_word' id='word_1_69' title='bbox 713 1072 937 1143; x_wconf 87' lang='lat' dir='ltr'><strong>perinde</strong></span> <span class='ocrx_word' id='word_1_70' title='bbox 969 1084 1130 1143; x_wconf 86' lang='lat' dir='ltr'><strong>atque</strong></span> <span class='ocrx_word' id='word_1_71' title='bbox 1159 1072 1525 1128; x_wconf 82' lang='lat' dir='ltr'><strong>soldoctrime</strong></span> <span class='ocrx_word' id='word_1_72' title='bbox 1552 1089 1664 1127; x_wconf 63' lang='lat' dir='ltr'><strong>sua:</strong></span> <span class='ocrx_word' id='word_1_73' title='bbox 1694 1072 1866 1126; x_wconf 91' lang='lat' dir='ltr'><strong>radiis</strong></span> <span class='ocrx_word' id='word_1_74' title='bbox 1889 1082 1973 1126; x_wconf 92' lang='lat' dir='ltr'><strong>to-</strong></span> 
     </span>
    </p>
   </div>
   <div class='ocr_carea' id='block_1_14' title="bbox 387 1164 1970 1234">
    <p class='ocr_par' dir='ltr' id='par_1_14' title="bbox 387 1164 1970 1234">
     <span class='ocr_line' id='line_1_14' title="bbox 387 1164 1970 1234; baseline 0.001 -18"><span class='ocrx_word' id='word_1_75' title='bbox 387 1171 507 1216; x_wconf 87' lang='lat' dir='ltr'><strong>tum</strong></span> <span class='ocrx_word' id='word_1_76' title='bbox 543 1164 733 1219; x_wconf 89' lang='lat' dir='ltr'><strong>orbem</strong></span> <span class='ocrx_word' id='word_1_77' title='bbox 760 1165 1141 1219; x_wconf 87' lang='lat' dir='ltr'><strong>illustraturus</strong></span> <span class='ocrx_word' id='word_1_78' title='bbox 1171 1164 1519 1234; x_wconf 76' lang='lat' dir='ltr'><strong>przedieitur;</strong></span> <span class='ocrx_word' id='word_1_79' title='bbox 1549 1173 1601 1218; x_wconf 89' lang='lat' dir='ltr'><strong>et</strong></span> <span class='ocrx_word' id='word_1_80' title='bbox 1625 1171 1752 1218; x_wconf 89' lang='lat' dir='ltr'><strong>ante</strong></span> <span class='ocrx_word' id='word_1_81' title='bbox 1784 1164 1970 1217; x_wconf 89' lang='lat' dir='ltr'><strong>lunam</strong></span> 
     </span>
    </p>
   </div>
   <div class='ocr_carea' id='block_1_15' title="bbox 389 1256 1970 1327">
    <p class='ocr_par' dir='ltr' id='par_1_15' title="bbox 389 1256 1970 1327">
     <span class='ocr_line' id='line_1_15' title="bbox 389 1256 1970 1327; baseline -0.001 -18"><span class='ocrx_word' id='word_1_82' title='bbox 389 1256 609 1312; x_wconf 88' lang='lat' dir='ltr'><strong>futurus</strong></span> <span class='ocrx_word' id='word_1_83' title='bbox 662 1259 1095 1327; x_wconf 76' lang='lat' dir='ltr'><strong>pramunliatur;</strong></span> <span class='ocrx_word' id='word_1_84' title='bbox 1161 1258 1276 1312; x_wconf 86' lang='lat' dir='ltr'><strong>sive</strong></span> <span class='ocrx_word' id='word_1_85' title='bbox 1342 1257 1646 1312; x_wconf 89' lang='lat' dir='ltr'><strong>secundum</strong></span> <span class='ocrx_word' id='word_1_86' title='bbox 1696 1256 1970 1325; x_wconf 82' lang='lat' dir='ltr'><strong>Aquilam,</strong></span> 
     </span>
    </p>
   </div>
   <div class='ocr_carea' id='block_1_16' title="bbox 391 1345 1968 1416">
    <p class='ocr_par' dir='ltr' id='par_1_16' title="bbox 391 1345 1968 1416">
     <span class='ocr_line' id='line_1_16' title="bbox 391 1345 1968 1416; baseline 0.001 -20"><span class='ocrx_word' id='word_1_87' title='bbox 391 1364 414 1396; x_wconf 67' lang='grc' dir='ltr'><strong>ι</strong></span> <span class='ocrx_word' id='word_1_88' title='bbox 448 1345 513 1401; x_wconf 83' lang='grc' dir='ltr'>Ει</span> <span class='ocrx_word' id='word_1_89' title='bbox 543 1346 596 1400; x_wconf 88' lang='lat' dir='ltr'><strong>in</strong></span> <span class='ocrx_word' id='word_1_90' title='bbox 627 1346 820 1402; x_wconf 90' lang='lat' dir='ltr'><strong>faciem</strong></span> <span class='ocrx_word' id='word_1_91' title='bbox 856 1347 1025 1413; x_wconf 71' lang='lat' dir='ltr'><strong>lunae;</strong></span> <span class='ocrx_word' id='word_1_92' title='bbox 1062 1370 1079 1398; x_wconf 74' lang='grc' dir='ltr'><strong>ι</strong></span> <span class='ocrx_word' id='word_1_93' title='bbox 1110 1354 1204 1399; x_wconf 91' lang='lat' dir='ltr'><strong>aut</strong></span> <span class='ocrx_word' id='word_1_94' title='bbox 1229 1345 1530 1400; x_wconf 89' lang='lat' dir='ltr'><strong>secundum</strong></span> <span class='ocrx_word' id='word_1_95' title='bbox 1557 1345 1968 1416; x_wconf 77' lang='lat' dir='ltr'><strong>Symmachum,</strong></span> 
     </span>
    </p>
   </div>
   <div class='ocr_carea' id='block_1_17' title="bbox 391 1433 1972 1506">
    <p class='ocr_par' dir='ltr' id='par_1_17' title="bbox 391 1433 1972 1506">
     <span class='ocr_line' id='line_1_17' title="bbox 391 1433 1972 1506; baseline 0 -18"><span class='ocrx_word' id='word_1_96' title='bbox 391 1455 413 1488; x_wconf 64' lang='grc'><strong>4</strong></span> <span class='ocrx_word' id='word_1_97' title='bbox 449 1434 516 1490; x_wconf 82' lang='lat' dir='ltr'><strong>Et</strong></span> <span class='ocrx_word' id='word_1_98' title='bbox 544 1439 597 1490; x_wconf 92' lang='lat' dir='ltr'><strong>in</strong></span> <span class='ocrx_word' id='word_1_99' title='bbox 631 1445 930 1506; x_wconf 83' lang='lat' dir='ltr'><strong>conspectu</strong></span> <span class='ocrx_word' id='word_1_100' title='bbox 981 1437 1122 1490; x_wconf 67' lang='lat' dir='ltr'><strong>lunm</strong></span> <span class='ocrx_word' id='word_1_101' title='bbox 1151 1436 1515 1506; x_wconf 83' lang='lat' dir='ltr'><strong>permanebit.</strong></span> <span class='ocrx_word' id='word_1_102' title='bbox 1564 1454 1582 1488; x_wconf 75' lang='grc' dir='ltr'><strong>ι</strong></span> <span class='ocrx_word' id='word_1_103' title='bbox 1638 1433 1756 1489; x_wconf 88' lang='lat' dir='ltr'><strong>Non</strong></span> <span class='ocrx_word' id='word_1_104' title='bbox 1801 1435 1972 1496; x_wconf 87' lang='lat' dir='ltr'><strong>enim,</strong></span> 
     </span>
    </p>
   </div>
   <div class='ocr_carea' id='block_1_18' title="bbox 392 1528 1975 1599">
    <p class='ocr_par' dir='ltr' id='par_1_18' title="bbox 392 1528 1975 1599">
     <span class='ocr_line' id='line_1_18' title="bbox 392 1528 1975 1599; baseline 0.001 -18"><span class='ocrx_word' id='word_1_105' title='bbox 392 1539 522 1583; x_wconf 83' lang='lat' dir='ltr'><strong>ante</strong></span> <span class='ocrx_word' id='word_1_106' title='bbox 554 1529 762 1593; x_wconf 90' lang='lat' dir='ltr'><strong>lunam,</strong></span> <span class='ocrx_word' id='word_1_107' title='bbox 799 1529 850 1584; x_wconf 87' lang='lat' dir='ltr'><strong>id</strong></span> <span class='ocrx_word' id='word_1_108' title='bbox 877 1539 978 1596; x_wconf 89' lang='lat' dir='ltr'><strong>est,</strong></span> <span class='ocrx_word' id='word_1_109' title='bbox 1012 1536 1307 1599; x_wconf 88' lang='lat' dir='ltr'><strong>antequam</strong></span> <span class='ocrx_word' id='word_1_110' title='bbox 1351 1529 1480 1583; x_wconf 90' lang='lat' dir='ltr'><strong>luna</strong></span> <span class='ocrx_word' id='word_1_111' title='bbox 1529 1528 1718 1595; x_wconf 82' lang='lat' dir='ltr'><strong>fieret;</strong></span> <span class='ocrx_word' id='word_1_112' title='bbox 1755 1528 1849 1583; x_wconf 87' lang='lat' dir='ltr'><strong>sed</strong></span> <span class='ocrx_word' id='word_1_113' title='bbox 1879 1543 1975 1582; x_wconf 90' lang='lat' dir='ltr'><strong>co-</strong></span> 
     </span>
    </p>
   </div>
   <div class='ocr_carea' id='block_1_19' title="bbox 391 1619 1970 1692">
    <p class='ocr_par' dir='ltr' id='par_1_19' title="bbox 391 1619 1970 1692">
     <span class='ocr_line' id='line_1_19' title="bbox 391 1619 1970 1692; baseline 0.002 -19"><span class='ocrx_word' id='word_1_114' title='bbox 391 1635 532 1686; x_wconf 87' lang='lat' dir='ltr'><strong>ram,</strong></span> <span class='ocrx_word' id='word_1_115' title='bbox 577 1619 630 1674; x_wconf 92' lang='lat' dir='ltr'><strong>id</strong></span> <span class='ocrx_word' id='word_1_116' title='bbox 678 1632 783 1684; x_wconf 89' lang='lat' dir='ltr'><strong>est,</strong></span> <span class='ocrx_word' id='word_1_117' title='bbox 843 1622 897 1674; x_wconf 91' lang='lat' dir='ltr'><strong>in</strong></span> <span class='ocrx_word' id='word_1_118' title='bbox 949 1635 1250 1692; x_wconf 81' lang='lat' dir='ltr'><strong>conspecw</strong></span> <span class='ocrx_word' id='word_1_119' title='bbox 1309 1621 1451 1676; x_wconf 70' lang='lat' dir='ltr'><strong>lunae</strong></span> <span class='ocrx_word' id='word_1_120' title='bbox 1496 1628 1582 1676; x_wconf 91' lang='lat' dir='ltr'><strong>est</strong></span> <span class='ocrx_word' id='word_1_121' title='bbox 1613 1620 1970 1690; x_wconf 86' lang='lat' dir='ltr'><strong>reputandus.</strong></span> 
     </span>
    </p>
   </div>
   <div class='ocr_carea' id='block_1_20' title="bbox 391 1711 1975 1780">
    <p class='ocr_par' dir='ltr' id='par_1_20' title="bbox 391 1711 1975 1780">
     <span class='ocr_line' id='line_1_20' title="bbox 391 1711 1975 1780; baseline 0 -16"><span class='ocrx_word' id='word_1_122' title='bbox 391 1711 862 1777; x_wconf 87' lang='lat' dir='ltr'><strong>Quemadmodum</strong></span> <span class='ocrx_word' id='word_1_123' title='bbox 897 1711 1042 1765; x_wconf 84' lang='lat' dir='ltr'><strong>enim</strong></span> <span class='ocrx_word' id='word_1_124' title='bbox 1088 1711 1172 1765; x_wconf 92' lang='lat' dir='ltr'><strong>sol</strong></span> <span class='ocrx_word' id='word_1_125' title='bbox 1225 1711 1369 1766; x_wconf 91' lang='lat' dir='ltr'><strong>diem</strong></span> <span class='ocrx_word' id='word_1_126' title='bbox 1418 1711 1582 1766; x_wconf 69' lang='lat' dir='ltr'><strong>efficit</strong></span> <span class='ocrx_word' id='word_1_127' title='bbox 1635 1725 1759 1765; x_wconf 92' lang='lat' dir='ltr'><strong>cum</strong></span> <span class='ocrx_word' id='word_1_128' title='bbox 1809 1726 1975 1780; x_wconf 88' lang='lat' dir='ltr'><strong>super</strong></span> 
     </span>
    </p>
   </div>
   <div class='ocr_carea' id='block_1_21' title="bbox 2074 513 3646 593">
    <p class='ocr_par' dir='ltr' id='par_1_21' title="bbox 2074 513 3646 593">
     <span class='ocr_line' id='line_1_21' title="bbox 2074 513 3646 593; baseline -0.007 -19"><span class='ocrx_word' id='word_1_129' title='bbox 2074 522 2444 593; x_wconf 73' lang='grc' dir='ltr'><strong>βλασφημίαις</strong></span> <span class='ocrx_word' id='word_1_130' title='bbox 2483 522 2578 574; x_wconf 82' lang='grc' dir='ltr'><strong>καὶ</strong></span> <span class='ocrx_word' id='word_1_131' title='bbox 2631 517 3014 587; x_wconf 75' lang='grc' dir='ltr'><strong>συκοφαντίαις</strong></span> <span class='ocrx_word' id='word_1_132' title='bbox 3071 513 3534 585; x_wconf 87' lang='grc' dir='ltr'>περιϐαλλόντων,</span> <span class='ocrx_word' id='word_1_133' title='bbox 3584 513 3646 564; x_wconf 82' lang='grc' dir='ltr'><strong>ού</strong></span> 
     </span>
    </p>
   </div>
   <div class='ocr_carea' id='block_1_22' title="bbox 2069 603 3645 679">
    <p class='ocr_par' dir='ltr' id='par_1_22' title="bbox 2069 603 3645 679">
     <span class='ocr_line' id='line_1_22' title="bbox 2069 603 3645 679; baseline -0.004 -12"><span class='ocrx_word' id='word_1_134' title='bbox 2069 614 2496 679; x_wconf 84' lang='grc' dir='ltr'>τεταπείνωται;</span> <span class='ocrx_word' id='word_1_135' title='bbox 2541 611 2636 675; x_wconf 91' lang='grc' dir='ltr'>Τίς</span> <span class='ocrx_word' id='word_1_136' title='bbox 2685 611 2792 663; x_wconf 88' lang='grc' dir='ltr'><strong>τῶν</strong></span> <span class='ocrx_word' id='word_1_137' title='bbox 2844 607 3022 678; x_wconf 83' lang='grc' dir='ltr'>σοφῶν</span> <span class='ocrx_word' id='word_1_138' title='bbox 3073 605 3167 660; x_wconf 75' lang='grc' dir='ltr'>τοῦ</span> <span class='ocrx_word' id='word_1_139' title='bbox 3210 605 3402 668; x_wconf 82' lang='grc' dir='ltr'>αἰῶνος</span> <span class='ocrx_word' id='word_1_140' title='bbox 3435 603 3645 664; x_wconf 80' lang='grc' dir='ltr'>τούτου,</span> 
     </span>
    </p>
   </div>
   <div class='ocr_carea' id='block_1_23' title="bbox 2070 697 3647 776">
    <p class='ocr_par' dir='ltr' id='par_1_23' title="bbox 2070 697 3647 776">
     <span class='ocr_line' id='line_1_23' title="bbox 2070 697 3647 776; baseline -0.007 -16"><span class='ocrx_word' id='word_1_141' title='bbox 2070 707 2168 776; x_wconf 76' lang='grc' dir='ltr'>τὴν</span> <span class='ocrx_word' id='word_1_142' title='bbox 2200 705 2364 758; x_wconf 77' lang='grc' dir='ltr'>αὐτοῦ</span> <span class='ocrx_word' id='word_1_143' title='bbox 2398 703 2645 774; x_wconf 84' lang='grc' dir='ltr'>γλῶτταν</span> <span class='ocrx_word' id='word_1_144' title='bbox 2678 705 2949 774; x_wconf 87' lang='grc' dir='ltr'>άκονήσας</span> <span class='ocrx_word' id='word_1_145' title='bbox 2983 701 3122 755; x_wconf 85' lang='grc' dir='ltr'>κατὰ</span> <span class='ocrx_word' id='word_1_146' title='bbox 3158 699 3258 768; x_wconf 80' lang='grc' dir='ltr'><strong>τῆς</strong></span> <span class='ocrx_word' id='word_1_147' title='bbox 3291 697 3647 750; x_wconf 74' lang='grc' dir='ltr'>θειοπνεύστου</span> 
     </span>
    </p>
   </div>
   <div class='ocr_carea' id='block_1_24' title="bbox 2071 791 3645 871">
    <p class='ocr_par' dir='ltr' id='par_1_24' title="bbox 2071 791 3645 871">
     <span class='ocr_line' id='line_1_24' title="bbox 2071 791 3645 871; baseline -0.007 -19"><span class='ocrx_word' id='word_1_148' title='bbox 2071 799 2315 871; x_wconf 84' lang='grc' dir='ltr'>Γραφῆς,</span> <span class='ocrx_word' id='word_1_149' title='bbox 2349 800 2411 852; x_wconf 82' lang='grc' dir='ltr'><strong>οὐ</strong></span> <span class='ocrx_word' id='word_1_150' title='bbox 2440 798 2506 852; x_wconf 77' lang='grc' dir='ltr'>τὰ</span> <span class='ocrx_word' id='word_1_151' title='bbox 2544 798 2795 868; x_wconf 77' lang='grc' dir='ltr'><strong>ἐπίχειρα</strong></span> <span class='ocrx_word' id='word_1_152' title='bbox 2831 795 3065 850; x_wconf 84' lang='grc' dir='ltr'>πέπονθε</span> <span class='ocrx_word' id='word_1_153' title='bbox 3111 793 3211 863; x_wconf 81' lang='grc' dir='ltr'>τῆς</span> <span class='ocrx_word' id='word_1_154' title='bbox 3251 791 3645 861; x_wconf 82' lang='grc' dir='ltr'>συκοφαντίας;</span> 
     </span>
    </p>
   </div>
   <div class='ocr_carea' id='block_1_25' title="bbox 2087 884 3650 963">
    <p class='ocr_par' dir='ltr' id='par_1_25' title="bbox 2087 884 3650 963">
     <span class='ocr_line' id='line_1_25' title="bbox 2087 884 3650 963; baseline -0.006 -18"><span class='ocrx_word' id='word_1_155' title='bbox 2087 892 2246 946; x_wconf 78' lang='grc' dir='ltr'>Ἀλλὰ</span> <span class='ocrx_word' id='word_1_156' title='bbox 2279 891 2388 963; x_wconf 85' lang='grc' dir='ltr'>γὰρ</span> <span class='ocrx_word' id='word_1_157' title='bbox 2422 890 2686 944; x_wconf 79' lang='grc' dir='ltr'><strong>πλείστων</strong></span> <span class='ocrx_word' id='word_1_158' title='bbox 2715 891 2854 943; x_wconf 81' lang='grc' dir='ltr'>ὅσων</span> <span class='ocrx_word' id='word_1_159' title='bbox 2895 887 3266 960; x_wconf 77' lang='grc' dir='ltr'><strong>ἐπισταμένων</strong></span> <span class='ocrx_word' id='word_1_160' title='bbox 3299 884 3650 953; x_wconf 75' lang='grc' dir='ltr'><strong>συκοφαντῶν</strong></span> 
     </span>
    </p>
   </div>
   <div class='ocr_carea' id='block_1_26' title="bbox 2074 979 3649 1056">
    <p class='ocr_par' dir='ltr' id='par_1_26' title="bbox 2074 979 3649 1056">
     <span class='ocr_line' id='line_1_26' title="bbox 2074 979 3649 1056; baseline -0.006 -16"><span class='ocrx_word' id='word_1_161' title='bbox 2074 986 2213 1040; x_wconf 79' lang='grc' dir='ltr'>κατὰ</span> <span class='ocrx_word' id='word_1_162' title='bbox 2241 985 2339 1056; x_wconf 83' lang='grc' dir='ltr'><strong>τῆς</strong></span> <span class='ocrx_word' id='word_1_163' title='bbox 2373 983 2698 1055; x_wconf 86' lang='grc' dir='ltr'>Ἐκκλησίας</span> <span class='ocrx_word' id='word_1_164' title='bbox 2719 982 2904 1046; x_wconf 79' lang='grc' dir='ltr'>αὑτοῦ,</span> <span class='ocrx_word' id='word_1_165' title='bbox 2929 983 3145 1036; x_wconf 87' lang='grc' dir='ltr'>πάντων</span> <span class='ocrx_word' id='word_1_166' title='bbox 3167 999 3226 1033; x_wconf 89' lang='grc' dir='ltr'><strong>τε</strong></span> <span class='ocrx_word' id='word_1_167' title='bbox 3251 980 3394 1034; x_wconf 87' lang='grc' dir='ltr'><strong>κατὰ</strong></span> <span class='ocrx_word' id='word_1_168' title='bbox 3423 979 3649 1049; x_wconf 73' lang='grc' dir='ltr'>καιροὺς</span> 
     </span>
    </p>
   </div>
   <div class='ocr_carea' id='block_1_27' title="bbox 2073 1071 3649 1147">
    <p class='ocr_par' dir='ltr' id='par_1_27' title="bbox 2073 1071 3649 1147">
     <span class='ocr_line' id='line_1_27' title="bbox 2073 1071 3649 1147; baseline -0.004 -16"><span class='ocrx_word' id='word_1_169' title='bbox 2073 1077 2508 1147; x_wconf 78' lang='grc' dir='ltr'>ταπεινουμένων</span> <span class='ocrx_word' id='word_1_170' title='bbox 2532 1115 2546 1139; x_wconf 99' lang='grc'><strong>,</strong></span> <span class='ocrx_word' id='word_1_171' title='bbox 2580 1075 2740 1140; x_wconf 84' lang='grc' dir='ltr'>αὐτὸς</span> <span class='ocrx_word' id='word_1_172' title='bbox 2771 1073 3220 1146; x_wconf 86' lang='grc' dir='ltr'>συμπαραμένειν</span> <span class='ocrx_word' id='word_1_173' title='bbox 3264 1072 3343 1143; x_wconf 79' lang='grc' dir='ltr'><strong>τῷ</strong></span> <span class='ocrx_word' id='word_1_174' title='bbox 3389 1071 3525 1142; x_wconf 89' lang='grc' dir='ltr'>ἡλίῳ</span> <span class='ocrx_word' id='word_1_175' title='bbox 3558 1071 3649 1124; x_wconf 85' lang='grc' dir='ltr'>θε-</span> 
     </span>
    </p>
   </div>
   <div class='ocr_carea' id='block_1_28' title="bbox 2077 1163 3650 1241">
    <p class='ocr_par' dir='ltr' id='par_1_28' title="bbox 2077 1163 3650 1241">
     <span class='ocr_line' id='line_1_28' title="bbox 2077 1163 3650 1241; baseline -0.005 -17"><span class='ocrx_word' id='word_1_176' title='bbox 2077 1171 2345 1236; x_wconf 75' lang='grc' dir='ltr'>σπίζεται,</span> <span class='ocrx_word' id='word_1_177' title='bbox 2382 1169 2581 1241; x_wconf 88' lang='grc' dir='ltr'>ὁμοίως</span> <span class='ocrx_word' id='word_1_178' title='bbox 2615 1169 2746 1240; x_wconf 87' lang='grc' dir='ltr'>ἡλίῳ</span> <span class='ocrx_word' id='word_1_179' title='bbox 2779 1171 2899 1232; x_wconf 89' lang='grc' dir='ltr'>ταῖς</span> <span class='ocrx_word' id='word_1_180' title='bbox 2933 1168 3126 1236; x_wconf 80' lang='grc' dir='ltr'><strong>αὐγαῖς</strong></span> <span class='ocrx_word' id='word_1_181' title='bbox 3159 1166 3258 1237; x_wconf 85' lang='grc' dir='ltr'><strong>τῆς</strong></span> <span class='ocrx_word' id='word_1_182' title='bbox 3295 1163 3457 1219; x_wconf 79' lang='grc' dir='ltr'>αὐτοῦ</span> <span class='ocrx_word' id='word_1_183' title='bbox 3498 1164 3650 1217; x_wconf 81' lang='grc' dir='ltr'>διδα-</span> 
     </span>
    </p>
   </div>
   <div class='ocr_carea' id='block_1_29' title="bbox 2077 1258 3652 1334">
    <p class='ocr_par' dir='ltr' id='par_1_29' title="bbox 2077 1258 3652 1334">
     <span class='ocr_line' id='line_1_29' title="bbox 2077 1258 3652 1334; baseline -0.004 -16"><span class='ocrx_word' id='word_1_184' title='bbox 2077 1264 2302 1328; x_wconf 89' lang='grc' dir='ltr'>σκαλίας</span> <span class='ocrx_word' id='word_1_185' title='bbox 2327 1265 2416 1318; x_wconf 86' lang='grc' dir='ltr'><strong>τὸν</strong></span> <span class='ocrx_word' id='word_1_186' title='bbox 2443 1263 2732 1334; x_wconf 89' lang='grc' dir='ltr'>σύμπαντα</span> <span class='ocrx_word' id='word_1_187' title='bbox 2761 1261 3131 1332; x_wconf 86' lang='grc' dir='ltr'><strong>καταλάμπων</strong></span> <span class='ocrx_word' id='word_1_188' title='bbox 3158 1262 3364 1330; x_wconf 82' lang='grc' dir='ltr'>κόσμον</span> <span class='ocrx_word' id='word_1_189' title='bbox 3384 1275 3399 1290; x_wconf 89' lang='grc'><strong>·</strong></span> <span class='ocrx_word' id='word_1_190' title='bbox 3427 1259 3521 1312; x_wconf 73' lang='grc' dir='ltr'>καὶ</span> <span class='ocrx_word' id='word_1_191' title='bbox 3545 1258 3652 1332; x_wconf 86' lang='grc' dir='ltr'><strong>πρὸ</strong></span> 
     </span>
    </p>
   </div>
   <div class='ocr_carea' id='block_1_30' title="bbox 2073 1350 3654 1426">
    <p class='ocr_par' dir='ltr' id='par_1_30' title="bbox 2073 1350 3654 1426">
     <span class='ocr_line' id='line_1_30' title="bbox 2073 1350 3654 1426; baseline -0.004 -18"><span class='ocrx_word' id='word_1_192' title='bbox 2073 1356 2172 1426; x_wconf 78' lang='grc' dir='ltr'>τῆς</span> <span class='ocrx_word' id='word_1_193' title='bbox 2205 1355 2430 1425; x_wconf 80' lang='grc' dir='ltr'><strong>σελήνης</strong></span> <span class='ocrx_word' id='word_1_194' title='bbox 2462 1353 2520 1406; x_wconf 85' lang='grc' dir='ltr'><strong>δέ</strong></span> <span class='ocrx_word' id='word_1_195' title='bbox 2539 1370 2552 1383; x_wconf 90' lang='grc'><strong>·</strong></span> <span class='ocrx_word' id='word_1_196' title='bbox 2584 1353 2616 1424; x_wconf 77' lang='grc' dir='ltr'>ἢ</span> <span class='ocrx_word' id='word_1_197' title='bbox 2647 1353 2786 1406; x_wconf 84' lang='grc' dir='ltr'>κατὰ</span> <span class='ocrx_word' id='word_1_198' title='bbox 2809 1353 2898 1405; x_wconf 85' lang='grc' dir='ltr'><strong>τὸν</strong></span> <span class='ocrx_word' id='word_1_199' title='bbox 2928 1351 3179 1414; x_wconf 85' lang='grc' dir='ltr'>Ἀκύλαν,</span> <span class='ocrx_word' id='word_1_200' title='bbox 3209 1371 3226 1402; x_wconf 81' lang='grc' dir='ltr'><strong>ι</strong></span> <span class='ocrx_word' id='word_1_201' title='bbox 3252 1351 3362 1404; x_wconf 79' lang='lat' dir='ltr'><strong>Kal.</strong></span> <span class='ocrx_word' id='word_1_202' title='bbox 3384 1351 3462 1413; x_wconf 86' lang='grc' dir='ltr'><strong>είς</strong></span> <span class='ocrx_word' id='word_1_203' title='bbox 3485 1350 3654 1422; x_wconf 87' lang='grc' dir='ltr'>πρόσ-</span> 
     </span>
    </p>
   </div>
   <div class='ocr_carea' id='block_1_31' title="bbox 2075 1443 3653 1517">
    <p class='ocr_par' dir='ltr' id='par_1_31' title="bbox 2075 1443 3653 1517">
     <span class='ocr_line' id='line_1_31' title="bbox 2075 1443 3653 1517; baseline -0.002 -19"><span class='ocrx_word' id='word_1_204' title='bbox 2075 1463 2222 1498; x_wconf 91' lang='grc' dir='ltr'>ωπον</span> <span class='ocrx_word' id='word_1_205' title='bbox 2252 1447 2348 1516; x_wconf 83' lang='grc' dir='ltr'>τῆς</span> <span class='ocrx_word' id='word_1_206' title='bbox 2381 1445 2606 1517; x_wconf 82' lang='grc' dir='ltr'><strong>σελήνης</strong></span> <span class='ocrx_word' id='word_1_207' title='bbox 2626 1463 2638 1476; x_wconf 91' lang='grc'><strong>·</strong></span> <span class='ocrx_word' id='word_1_208' title='bbox 2671 1464 2690 1496; x_wconf 74' lang='grc' dir='ltr'><strong>ι</strong></span> <span class='ocrx_word' id='word_1_209' title='bbox 2743 1444 2775 1515; x_wconf 86' lang='grc' dir='ltr'>ἢ</span> <span class='ocrx_word' id='word_1_210' title='bbox 2816 1443 2956 1498; x_wconf 78' lang='grc' dir='ltr'>κατὰ</span> <span class='ocrx_word' id='word_1_211' title='bbox 3005 1444 3095 1497; x_wconf 91' lang='grc' dir='ltr'>τὸν</span> <span class='ocrx_word' id='word_1_212' title='bbox 3146 1443 3460 1514; x_wconf 81' lang='grc' dir='ltr'>Σύμμαχον,</span> <span class='ocrx_word' id='word_1_213' title='bbox 3495 1462 3512 1494; x_wconf 75' lang='grc' dir='ltr'><strong>ι</strong></span> <span class='ocrx_word' id='word_1_214' title='bbox 3540 1443 3653 1497; x_wconf 80' lang='grc' dir='ltr'><strong>Καὶ</strong></span> 
     </span>
    </p>
   </div>
   <div class='ocr_carea' id='block_1_32' title="bbox 2075 1531 3652 1604">
    <p class='ocr_par' dir='ltr' id='par_1_32' title="bbox 2075 1531 3652 1604">
     <span class='ocr_line' id='line_1_32' title="bbox 2075 1531 3652 1604; baseline 0.001 -20"><span class='ocrx_word' id='word_1_215' title='bbox 2075 1531 2383 1603; x_wconf 83' lang='grc' dir='ltr'>ἔμπροσθεν</span> <span class='ocrx_word' id='word_1_216' title='bbox 2412 1532 2512 1602; x_wconf 82' lang='grc' dir='ltr'>τῆς</span> <span class='ocrx_word' id='word_1_217' title='bbox 2552 1531 2779 1604; x_wconf 82' lang='grc' dir='ltr'>σελήνης</span> <span class='ocrx_word' id='word_1_218' title='bbox 2806 1531 3068 1602; x_wconf 80' lang='grc' dir='ltr'>διαμενεῖ.</span> <span class='ocrx_word' id='word_1_219' title='bbox 3109 1551 3128 1584; x_wconf 70' lang='grc' dir='ltr'><strong>ι</strong></span> <span class='ocrx_word' id='word_1_220' title='bbox 3156 1532 3229 1586; x_wconf 85' lang='grc' dir='ltr'><strong>Οὺ</strong></span> <span class='ocrx_word' id='word_1_221' title='bbox 3275 1531 3386 1604; x_wconf 85' lang='grc' dir='ltr'>γὰρ</span> <span class='ocrx_word' id='word_1_222' title='bbox 3415 1531 3522 1603; x_wconf 83' lang='grc' dir='ltr'><strong>πρὸ</strong></span> <span class='ocrx_word' id='word_1_223' title='bbox 3553 1533 3652 1603; x_wconf 81' lang='grc' dir='ltr'>τῆς</span> 
     </span>
    </p>
   </div>
   <div class='ocr_carea' id='block_1_33' title="bbox 2079 1623 3653 1696">
    <p class='ocr_par' dir='ltr' id='par_1_33' title="bbox 2079 1623 3653 1696">
     <span class='ocr_line' id='line_1_33' title="bbox 2079 1623 3653 1696; baseline -0.001 -19"><span class='ocrx_word' id='word_1_224' title='bbox 2079 1625 2326 1696; x_wconf 81' lang='grc' dir='ltr'>σελήνης,</span> <span class='ocrx_word' id='word_1_225' title='bbox 2357 1623 2606 1678; x_wconf 79' lang='grc' dir='ltr'>τουτέστι</span> <span class='ocrx_word' id='word_1_226' title='bbox 2653 1624 2781 1695; x_wconf 71' lang='grc' dir='ltr'>πρὶν</span> <span class='ocrx_word' id='word_1_227' title='bbox 2813 1623 3064 1692; x_wconf 80' lang='grc' dir='ltr'>γενέσθαι</span> <span class='ocrx_word' id='word_1_228' title='bbox 3099 1623 3197 1694; x_wconf 84' lang='grc' dir='ltr'><strong>τὴν</strong></span> <span class='ocrx_word' id='word_1_229' title='bbox 3234 1624 3462 1695; x_wconf 82' lang='grc' dir='ltr'>σελήνην</span> <span class='ocrx_word' id='word_1_230' title='bbox 3487 1641 3500 1654; x_wconf 88' lang='grc'><strong>·</strong></span> <span class='ocrx_word' id='word_1_231' title='bbox 3535 1623 3653 1678; x_wconf 81' lang='grc' dir='ltr'>ἀλλ’</span> 
     </span>
    </p>
   </div>
   <div class='ocr_carea' id='block_1_34' title="bbox 2077 1713 3654 1786">
    <p class='ocr_par' dir='ltr' id='par_1_34' title="bbox 2077 1713 3654 1786">
     <span class='ocr_line' id='line_1_34' title="bbox 2077 1713 3654 1786; baseline -0.001 -17"><span class='ocrx_word' id='word_1_232' title='bbox 2077 1716 2306 1769; x_wconf 78' lang='grc' dir='ltr'>ἐνώπιον</span> <span class='ocrx_word' id='word_1_233' title='bbox 2329 1713 2520 1786; x_wconf 82' lang='grc' dir='ltr'>ὥσπερ</span> <span class='ocrx_word' id='word_1_234' title='bbox 2548 1714 2642 1767; x_wconf 76' lang='grc' dir='ltr'><strong>καὶ</strong></span> <span class='ocrx_word' id='word_1_235' title='bbox 2682 1713 2992 1784; x_wconf 72' lang='grc' dir='ltr'>ἔμπροσθεν</span> <span class='ocrx_word' id='word_1_236' title='bbox 3015 1713 3315 1784; x_wconf 83' lang='grc' dir='ltr'>ἡγούμενος</span> <span class='ocrx_word' id='word_1_237' title='bbox 3359 1713 3460 1783; x_wconf 80' lang='grc' dir='ltr'><strong>τῆς</strong></span> <span class='ocrx_word' id='word_1_238' title='bbox 3498 1713 3654 1784; x_wconf 70' lang='grc' dir='ltr'>σελή-</span> 
     </span>
    </p>
   </div>
   <div class='ocr_carea' id='block_1_35' title="bbox 387 1793 1970 1879">
    <p class='ocr_par' dir='ltr' id='par_1_35' title="bbox 387 1793 1969 1868">
     <span class='ocr_line' id='line_1_35' title="bbox 387 1793 1969 1868; baseline -0.001 -11"><span class='ocrx_word' id='word_1_239' title='bbox 387 1813 596 1859; x_wconf 86' lang='lat' dir='ltr'><strong>terram</strong></span> <span class='ocrx_word' id='word_1_240' title='bbox 644 1801 897 1868; x_wconf 77' lang='lat' dir='ltr'><strong>advenit;</strong></span> <span class='ocrx_word' id='word_1_241' title='bbox 933 1803 1060 1858; x_wconf 91' lang='lat' dir='ltr'><strong>luna</strong></span> <span class='ocrx_word' id='word_1_242' title='bbox 1085 1793 1224 1858; x_wconf 88' lang='lat' dir='ltr'><strong>vero</strong></span> <span class='ocrx_word' id='word_1_243' title='bbox 1245 1803 1450 1858; x_wconf 88' lang='lat' dir='ltr'><strong>lumine</strong></span> <span class='ocrx_word' id='word_1_244' title='bbox 1481 1817 1582 1857; x_wconf 91' lang='lat' dir='ltr'><strong>suo</strong></span> <span class='ocrx_word' id='word_1_245' title='bbox 1619 1804 1794 1858; x_wconf 91' lang='lat' dir='ltr'><strong>noctis</strong></span> <span class='ocrx_word' id='word_1_246' title='bbox 1825 1811 1969 1856; x_wconf 80' lang='lat' dir='ltr'><strong>tene-</strong></span> 
     </span>
    </p>
   </div>
   <div class='ocr_carea' id='block_1_36' title="bbox 2074 1793 3654 1879">
    <p class='ocr_par' dir='ltr' id='par_1_36' title="bbox 2075 1805 3654 1879">
     <span class='ocr_line' id='line_1_36' title="bbox 2075 1805 3654 1879; baseline -0.003 -17"><span class='ocrx_word' id='word_1_247' title='bbox 2075 1826 2191 1879; x_wconf 81' lang='grc' dir='ltr'>νης.</span> <span class='ocrx_word' id='word_1_248' title='bbox 2227 1807 2438 1878; x_wconf 85' lang='grc' dir='ltr'>Ὠσπερ</span> <span class='ocrx_word' id='word_1_249' title='bbox 2463 1805 2571 1878; x_wconf 84' lang='grc' dir='ltr'>γὰρ</span> <span class='ocrx_word' id='word_1_250' title='bbox 2597 1805 2746 1877; x_wconf 78' lang='grc' dir='ltr'>ἥλιος</span> <span class='ocrx_word' id='word_1_251' title='bbox 2795 1806 2891 1878; x_wconf 87' lang='grc' dir='ltr'>μὲν</span> <span class='ocrx_word' id='word_1_252' title='bbox 2923 1806 3135 1878; x_wconf 80' lang='grc' dir='ltr'>ἡμέραν</span> <span class='ocrx_word' id='word_1_253' title='bbox 3169 1805 3464 1878; x_wconf 76' lang='grc' dir='ltr'>ἐργάζεται</span> <span class='ocrx_word' id='word_1_254' title='bbox 3509 1807 3654 1878; x_wconf 62' lang='grc' dir='ltr'>ὑπὲρ</span> 
     </span>
    </p>
   </div>
   <div class='ocr_carea' id='block_1_37' title="bbox 389 1894 1968 1966">
    <p class='ocr_par' dir='ltr' id='par_1_37' title="bbox 389 1894 1968 1966">
     <span class='ocr_line' id='line_1_37' title="bbox 389 1894 1968 1966; baseline 0.001 -18"><span class='ocrx_word' id='word_1_255' title='bbox 389 1895 520 1949; x_wconf 85' lang='lat' dir='ltr'><strong>bras</strong></span> <span class='ocrx_word' id='word_1_256' title='bbox 548 1894 711 1949; x_wconf 89' lang='lat' dir='ltr'><strong>solvit</strong></span> <span class='ocrx_word' id='word_1_257' title='bbox 761 1912 776 1949; x_wconf 90' lang='lat'>:</span> <span class='ocrx_word' id='word_1_258' title='bbox 812 1894 1003 1948; x_wconf 89' lang='lat' dir='ltr'><strong>eodem</strong></span> <span class='ocrx_word' id='word_1_259' title='bbox 1038 1894 1201 1950; x_wconf 91' lang='lat' dir='ltr'><strong>modo</strong></span> <span class='ocrx_word' id='word_1_260' title='bbox 1231 1896 1323 1966; x_wconf 89' lang='lat' dir='ltr'><strong>qui</strong></span> <span class='ocrx_word' id='word_1_261' title='bbox 1365 1895 1419 1950; x_wconf 92' lang='lat' dir='ltr'><strong>in</strong></span> <span class='ocrx_word' id='word_1_262' title='bbox 1463 1895 1730 1950; x_wconf 89' lang='lat' dir='ltr'><strong>vaticinio</strong></span> <span class='ocrx_word' id='word_1_263' title='bbox 1775 1894 1968 1958; x_wconf 87' lang='lat' dir='ltr'><strong>fertur,</strong></span> 
     </span>
    </p>
   </div>
   <div class='ocr_carea' id='block_1_38' title="bbox 389 1985 1973 2057">
    <p class='ocr_par' dir='ltr' id='par_1_38' title="bbox 389 1985 1973 2057">
     <span class='ocr_line' id='line_1_38' title="bbox 389 1985 1973 2057; baseline -0.001 -17"><span class='ocrx_word' id='word_1_264' title='bbox 389 1985 614 2057; x_wconf 85' lang='lat' dir='ltr'><strong>perinde</strong></span> <span class='ocrx_word' id='word_1_265' title='bbox 648 1992 812 2056; x_wconf 88' lang='lat' dir='ltr'><strong>atque</strong></span> <span class='ocrx_word' id='word_1_266' title='bbox 837 1988 962 2039; x_wconf 90' lang='lat' dir='ltr'><strong>luna</strong></span> <span class='ocrx_word' id='word_1_267' title='bbox 988 1985 1202 2040; x_wconf 90' lang='lat' dir='ltr'><strong>animas</strong></span> <span class='ocrx_word' id='word_1_268' title='bbox 1231 1987 1286 2040; x_wconf 92' lang='lat' dir='ltr'><strong>in</strong></span> <span class='ocrx_word' id='word_1_269' title='bbox 1318 1986 1562 2040; x_wconf 87' lang='lat' dir='ltr'><strong>tenebris</strong></span> <span class='ocrx_word' id='word_1_270' title='bbox 1591 1995 1645 2040; x_wconf 92' lang='lat' dir='ltr'><strong>et</strong></span> <span class='ocrx_word' id='word_1_271' title='bbox 1671 1995 1829 2040; x_wconf 91' lang='lat' dir='ltr'><strong>nocte</strong></span> <span class='ocrx_word' id='word_1_272' title='bbox 1853 2000 1973 2039; x_wconf 86' lang='lat' dir='ltr'><strong>ver-</strong></span> 
     </span>
    </p>
   </div>
   <div class='ocr_carea' id='block_1_39' title="bbox 388 2077 1975 2148">
    <p class='ocr_par' dir='ltr' id='par_1_39' title="bbox 388 2077 1975 2148">
     <span class='ocr_line' id='line_1_39' title="bbox 388 2077 1975 2148; baseline -0.001 -15"><span class='ocrx_word' id='word_1_273' title='bbox 388 2087 578 2134; x_wconf 83' lang='lat' dir='ltr'><strong>santes</strong></span> <span class='ocrx_word' id='word_1_274' title='bbox 611 2079 912 2144; x_wconf 84' lang='lat' dir='ltr'><strong>illuminat;</strong></span> <span class='ocrx_word' id='word_1_275' title='bbox 949 2086 1112 2148; x_wconf 85' lang='lat' dir='ltr'><strong>atque</strong></span> <span class='ocrx_word' id='word_1_276' title='bbox 1165 2079 1333 2133; x_wconf 84' lang='lat' dir='ltr'><strong>veluti</strong></span> <span class='ocrx_word' id='word_1_277' title='bbox 1389 2079 1470 2132; x_wconf 90' lang='lat' dir='ltr'><strong>sol</strong></span> <span class='ocrx_word' id='word_1_278' title='bbox 1523 2085 1694 2130; x_wconf 86' lang='lat' dir='ltr'><strong>totum</strong></span> <span class='ocrx_word' id='word_1_279' title='bbox 1731 2077 1975 2131; x_wconf 89' lang='lat' dir='ltr'><strong>illustrat</strong></span> 
     </span>
    </p>
   </div>
   <div class='ocr_carea' id='block_1_40' title="bbox 389 2171 1975 2240">
    <p class='ocr_par' dir='ltr' id='par_1_40' title="bbox 389 2171 1975 2240">
     <span class='ocr_line' id='line_1_40' title="bbox 389 2171 1975 2240; baseline 0.001 -15"><span class='ocrx_word' id='word_1_280' title='bbox 389 2172 602 2236; x_wconf 87' lang='lat' dir='ltr'><strong>orbem,</strong></span> <span class='ocrx_word' id='word_1_281' title='bbox 633 2185 698 2224; x_wconf 89' lang='lat' dir='ltr'><strong>ac</strong></span> <span class='ocrx_word' id='word_1_282' title='bbox 731 2179 1014 2240; x_wconf 84' lang='lat' dir='ltr'><strong>permanet</strong></span> <span class='ocrx_word' id='word_1_283' title='bbox 1053 2179 1108 2224; x_wconf 88' lang='lat' dir='ltr'><strong>et</strong></span> <span class='ocrx_word' id='word_1_284' title='bbox 1157 2178 1473 2240; x_wconf 84' lang='lat' dir='ltr'><strong>perseverat</strong></span> <span class='ocrx_word' id='word_1_285' title='bbox 1516 2185 1692 2240; x_wconf 90' lang='lat' dir='ltr'><strong>usque</strong></span> <span class='ocrx_word' id='word_1_286' title='bbox 1734 2171 1800 2226; x_wconf 89' lang='lat' dir='ltr'><strong>ad</strong></span> <span class='ocrx_word' id='word_1_287' title='bbox 1841 2187 1975 2226; x_wconf 66' lang='lat' dir='ltr'><strong>cono</strong></span> 
     </span>
    </p>
   </div>
   <div class='ocr_carea' id='block_1_41' title="bbox 389 2261 1975 2328">
    <p class='ocr_par' dir='ltr' id='par_1_41' title="bbox 389 2261 1975 2328">
     <span class='ocr_line' id='line_1_41' title="bbox 389 2261 1975 2328; baseline 0 -10"><span class='ocrx_word' id='word_1_288' title='bbox 389 2263 811 2318; x_wconf 87' lang='lat' dir='ltr'><strong>summationem</strong></span> <span class='ocrx_word' id='word_1_289' title='bbox 845 2263 1048 2317; x_wconf 75' lang='lat' dir='ltr'><strong>szeculi.</strong></span> <span class='ocrx_word' id='word_1_290' title='bbox 1095 2261 1350 2328; x_wconf 89' lang='lat' dir='ltr'><strong>Quandiu</strong></span> <span class='ocrx_word' id='word_1_291' title='bbox 1383 2263 1528 2316; x_wconf 88' lang='lat' dir='ltr'><strong>enim</strong></span> <span class='ocrx_word' id='word_1_292' title='bbox 1572 2263 1654 2318; x_wconf 90' lang='lat' dir='ltr'><strong>sol</strong></span> <span class='ocrx_word' id='word_1_293' title='bbox 1690 2270 1861 2317; x_wconf 91' lang='lat' dir='ltr'><strong>totum</strong></span> <span class='ocrx_word' id='word_1_294' title='bbox 1883 2279 1975 2318; x_wconf 83' lang='lat' dir='ltr'><strong>or-</strong></span> 
     </span>
    </p>
   </div>
   <div class='ocr_carea' id='block_1_42' title="bbox 389 2353 1975 2427">
    <p class='ocr_par' dir='ltr' id='par_1_42' title="bbox 389 2353 1975 2427">
     <span class='ocr_line' id='line_1_42' title="bbox 389 2353 1975 2427; baseline 0.002 -19"><span class='ocrx_word' id='word_1_295' title='bbox 389 2354 512 2410; x_wconf 87' lang='lat' dir='ltr'><strong>bem</strong></span> <span class='ocrx_word' id='word_1_296' title='bbox 541 2353 799 2417; x_wconf 65' lang='lat' dir='ltr'><strong>lietificat,</strong></span> <span class='ocrx_word' id='word_1_297' title='bbox 839 2353 1026 2408; x_wconf 60' lang='lat' dir='ltr'><strong>tasdiu</strong></span> <span class='ocrx_word' id='word_1_298' title='bbox 1059 2361 1114 2408; x_wconf 90' lang='lat' dir='ltr'><strong>et</strong></span> <span class='ocrx_word' id='word_1_299' title='bbox 1162 2354 1257 2410; x_wconf 90' lang='lat' dir='ltr'><strong>ille</strong></span> <span class='ocrx_word' id='word_1_300' title='bbox 1288 2371 1395 2409; x_wconf 83' lang='lat' dir='ltr'><strong>una</strong></span> <span class='ocrx_word' id='word_1_301' title='bbox 1436 2370 1562 2409; x_wconf 89' lang='lat' dir='ltr'><strong>cum</strong></span> <span class='ocrx_word' id='word_1_302' title='bbox 1594 2356 1710 2411; x_wconf 86' lang='lat' dir='ltr'><strong>sole</strong></span> <span class='ocrx_word' id='word_1_303' title='bbox 1759 2372 1975 2427; x_wconf 88' lang='lat' dir='ltr'><strong>perma-</strong></span> 
     </span>
    </p>
   </div>
   <div class='ocr_carea' id='block_1_43' title="bbox 390 2446 1974 2517">
    <p class='ocr_par' dir='ltr' id='par_1_43' title="bbox 390 2446 1974 2517">
     <span class='ocr_line' id='line_1_43' title="bbox 390 2446 1974 2517; baseline 0.003 -17"><span class='ocrx_word' id='word_1_304' title='bbox 390 2463 528 2502; x_wconf 89' lang='lat' dir='ltr'><strong>nens</strong></span> <span class='ocrx_word' id='word_1_305' title='bbox 553 2453 606 2499; x_wconf 89' lang='lat' dir='ltr'><strong>et</strong></span> <span class='ocrx_word' id='word_1_306' title='bbox 639 2462 1000 2517; x_wconf 88' lang='lat' dir='ltr'><strong>perseverans</strong></span> <span class='ocrx_word' id='word_1_307' title='bbox 1030 2446 1313 2501; x_wconf 90' lang='lat' dir='ltr'><strong>hominum</strong></span> <span class='ocrx_word' id='word_1_308' title='bbox 1339 2447 1552 2503; x_wconf 86' lang='lat' dir='ltr'><strong>animas</strong></span> <span class='ocrx_word' id='word_1_309' title='bbox 1575 2449 1883 2516; x_wconf 90' lang='lat' dir='ltr'><strong>illuminat;</strong></span> <span class='ocrx_word' id='word_1_310' title='bbox 1909 2467 1974 2504; x_wconf 91' lang='lat' dir='ltr'><strong>ac</strong></span> 
     </span>
    </p>
   </div>
   <div class='ocr_carea' id='block_1_44' title="bbox 390 2535 1973 2611">
    <p class='ocr_par' dir='ltr' id='par_1_44' title="bbox 390 2535 1973 2611">
     <span class='ocr_line' id='line_1_44' title="bbox 390 2535 1973 2611; baseline 0.003 -20"><span class='ocrx_word' id='word_1_311' title='bbox 390 2535 618 2608; x_wconf 87' lang='lat' dir='ltr'><strong>perinde</strong></span> <span class='ocrx_word' id='word_1_312' title='bbox 653 2544 818 2605; x_wconf 88' lang='lat' dir='ltr'><strong>atque</strong></span> <span class='ocrx_word' id='word_1_313' title='bbox 840 2537 966 2589; x_wconf 92' lang='lat' dir='ltr'><strong>luna</strong></span> <span class='ocrx_word' id='word_1_314' title='bbox 991 2537 1152 2606; x_wconf 85' lang='lat' dir='ltr'><strong>plena</strong></span> <span class='ocrx_word' id='word_1_315' title='bbox 1185 2537 1236 2591; x_wconf 92' lang='lat' dir='ltr'><strong>in</strong></span> <span class='ocrx_word' id='word_1_316' title='bbox 1257 2538 1642 2610; x_wconf 87' lang='lat' dir='ltr'><strong>generationes</strong></span> <span class='ocrx_word' id='word_1_317' title='bbox 1662 2541 1973 2611; x_wconf 81' lang='lat' dir='ltr'><strong>generatio-</strong></span> 
     </span>
    </p>
   </div>
   <div class='ocr_carea' id='block_1_45' title="bbox 390 2625 1107 2697">
    <p class='ocr_par' dir='ltr' id='par_1_45' title="bbox 390 2625 1107 2697">
     <span class='ocr_line' id='line_1_45' title="bbox 390 2625 1107 2697; baseline 0 -16"><span class='ocrx_word' id='word_1_318' title='bbox 390 2643 518 2682; x_wconf 88' lang='lat' dir='ltr'><strong>num</strong></span> <span class='ocrx_word' id='word_1_319' title='bbox 547 2626 848 2697; x_wconf 77' lang='lat' dir='ltr'><strong>perdurare</strong></span> <span class='ocrx_word' id='word_1_320' title='bbox 881 2625 1107 2681; x_wconf 89' lang='lat' dir='ltr'><strong>dicitur.</strong></span> 
     </span>
    </p>
   </div>
   <div class='ocr_carea' id='block_1_46' title="bbox 462 2943 1970 3018">
    <p class='ocr_par' dir='ltr' id='par_1_46' title="bbox 462 2943 1970 3018">
     <span class='ocr_line' id='line_1_46' title="bbox 462 2943 1970 3018; baseline 0.002 -21"><span class='ocrx_word' id='word_1_321' title='bbox 462 2944 626 3000; x_wconf 71' lang='lat' dir='ltr'><strong>Vens.</strong></span> <span class='ocrx_word' id='word_1_322' title='bbox 677 2943 786 3000; x_wconf 83' lang='lat'><strong>6-8.</strong></span> <span class='ocrx_word' id='word_1_323' title='bbox 823 2964 843 2997; x_wconf 74' lang='grc' dir='ltr'><strong>ι</strong></span> <span class='ocrx_word' id='word_1_324' title='bbox 889 2944 1195 3002; x_wconf 89' lang='lat' dir='ltr'><strong>Descendet</strong></span> <span class='ocrx_word' id='word_1_325' title='bbox 1229 2947 1375 3001; x_wconf 90' lang='lat' dir='ltr'><strong>sicut</strong></span> <span class='ocrx_word' id='word_1_326' title='bbox 1436 2946 1621 3018; x_wconf 86' lang='lat' dir='ltr'><strong>pluvia</strong></span> <span class='ocrx_word' id='word_1_327' title='bbox 1659 2947 1715 3000; x_wconf 90' lang='lat' dir='ltr'><strong>in</strong></span> <span class='ocrx_word' id='word_1_328' title='bbox 1772 2948 1970 3010; x_wconf 88' lang='lat' dir='ltr'><strong>vellus,</strong></span> 
     </span>
    </p>
   </div>
   <div class='ocr_carea' id='block_1_47' title="bbox 389 3035 1971 3106">
    <p class='ocr_par' dir='ltr' id='par_1_47' title="bbox 389 3035 1971 3106">
     <span class='ocr_line' id='line_1_47' title="bbox 389 3035 1971 3106; baseline 0.001 -18"><span class='ocrx_word' id='word_1_329' title='bbox 389 3045 444 3088; x_wconf 87' lang='lat' dir='ltr'><strong>et</strong></span> <span class='ocrx_word' id='word_1_330' title='bbox 480 3035 624 3090; x_wconf 86' lang='lat' dir='ltr'><strong>sicut</strong></span> <span class='ocrx_word' id='word_1_331' title='bbox 667 3035 946 3091; x_wconf 91' lang='lat' dir='ltr'><strong>stillicidia</strong></span> <span class='ocrx_word' id='word_1_332' title='bbox 981 3036 1247 3091; x_wconf 85' lang='lat' dir='ltr'><strong>stillantia</strong></span> <span class='ocrx_word' id='word_1_333' title='bbox 1295 3051 1462 3106; x_wconf 89' lang='lat' dir='ltr'><strong>super</strong></span> <span class='ocrx_word' id='word_1_334' title='bbox 1507 3043 1731 3090; x_wconf 87' lang='lat' dir='ltr'><strong>terram.</strong></span> <span class='ocrx_word' id='word_1_335' title='bbox 1793 3055 1812 3088; x_wconf 85' lang='grc'>›</span> <span class='ocrx_word' id='word_1_336' title='bbox 1867 3036 1971 3090; x_wconf 86' lang='lat' dir='ltr'><strong>De-</strong></span> 
     </span>
    </p>
   </div>
   <div class='ocr_carea' id='block_1_48' title="bbox 2072 1896 3654 1972">
    <p class='ocr_par' dir='ltr' id='par_1_48' title="bbox 2072 1896 3654 1972">
     <span class='ocr_line' id='line_1_48' title="bbox 2072 1896 3654 1972; baseline -0.003 -18"><span class='ocrx_word' id='word_1_337' title='bbox 2072 1903 2176 1972; x_wconf 80' lang='grc' dir='ltr'><strong>γῆς</strong></span> <span class='ocrx_word' id='word_1_338' title='bbox 2205 1900 2495 1972; x_wconf 88' lang='grc' dir='ltr'>γενόμενος</span> <span class='ocrx_word' id='word_1_339' title='bbox 2515 1915 2529 1930; x_wconf 77' lang='grc' dir='ltr'><strong>ο</strong></span> <span class='ocrx_word' id='word_1_340' title='bbox 2576 1896 2773 1970; x_wconf 85' lang='grc' dir='ltr'>σελήνη</span> <span class='ocrx_word' id='word_1_341' title='bbox 2805 1898 2862 1951; x_wconf 80' lang='grc' dir='ltr'>δὲ</span> <span class='ocrx_word' id='word_1_342' title='bbox 2901 1898 3095 1962; x_wconf 90' lang='grc' dir='ltr'>νυκτὸς</span> <span class='ocrx_word' id='word_1_343' title='bbox 3139 1898 3342 1952; x_wconf 76' lang='grc' dir='ltr'>διαλύει</span> <span class='ocrx_word' id='word_1_344' title='bbox 3371 1898 3432 1951; x_wconf 91' lang='grc' dir='ltr'><strong>τὸ</strong></span> <span class='ocrx_word' id='word_1_345' title='bbox 3467 1898 3654 1962; x_wconf 81' lang='grc' dir='ltr'>σκότος</span> 
     </span>
    </p>
   </div>
   <div class='ocr_carea' id='block_1_49' title="bbox 2072 1987 3654 2062">
    <p class='ocr_par' dir='ltr' id='par_1_49' title="bbox 2072 1987 3654 2062">
     <span class='ocr_line' id='line_1_49' title="bbox 2072 1987 3654 2062; baseline -0.004 -18"><span class='ocrx_word' id='word_1_346' title='bbox 2072 1991 2150 2062; x_wconf 81' lang='grc' dir='ltr'>τῷ</span> <span class='ocrx_word' id='word_1_347' title='bbox 2197 1990 2395 2062; x_wconf 78' lang='grc' dir='ltr'>ἑαυτῆς</span> <span class='ocrx_word' id='word_1_348' title='bbox 2439 1989 2612 2060; x_wconf 74' lang='grc' dir='ltr'>φωτίο</span> <span class='ocrx_word' id='word_1_349' title='bbox 2643 1991 2736 2044; x_wconf 89' lang='grc' dir='ltr'><strong>τὸν</strong></span> <span class='ocrx_word' id='word_1_350' title='bbox 2781 1987 2946 2042; x_wconf 81' lang='grc' dir='ltr'>αὑτὸν</span> <span class='ocrx_word' id='word_1_351' title='bbox 2992 1987 3193 2059; x_wconf 86' lang='grc' dir='ltr'>τρόπον</span> <span class='ocrx_word' id='word_1_352' title='bbox 3239 1987 3332 2040; x_wconf 73' lang='grc' dir='ltr'><strong>καὶ</strong></span> <span class='ocrx_word' id='word_1_353' title='bbox 3371 1987 3400 2039; x_wconf 99' lang='lat'><strong>6</strong></span> <span class='ocrx_word' id='word_1_354' title='bbox 3439 2002 3654 2057; x_wconf 73' lang='grc' dir='ltr'>προφηο</span> 
     </span>
    </p>
   </div>
   <div class='ocr_carea' id='block_1_50' title="bbox 2071 2078 3656 2156">
    <p class='ocr_par' dir='ltr' id='par_1_50' title="bbox 2071 2078 3656 2156">
     <span class='ocr_line' id='line_1_50' title="bbox 2071 2078 3656 2156; baseline -0.005 -18"><span class='ocrx_word' id='word_1_355' title='bbox 2071 2085 2360 2155; x_wconf 86' lang='grc' dir='ltr'>τευόμενος</span> <span class='ocrx_word' id='word_1_356' title='bbox 2387 2085 2590 2156; x_wconf 83' lang='grc' dir='ltr'>ὁμοίως</span> <span class='ocrx_word' id='word_1_357' title='bbox 2620 2085 2718 2156; x_wconf 79' lang='grc' dir='ltr'>μὲν</span> <span class='ocrx_word' id='word_1_358' title='bbox 2750 2081 2946 2153; x_wconf 83' lang='grc' dir='ltr'>σελήνῃ</span> <span class='ocrx_word' id='word_1_359' title='bbox 2971 2079 3070 2144; x_wconf 86' lang='grc' dir='ltr'>τὰς</span> <span class='ocrx_word' id='word_1_360' title='bbox 3098 2081 3156 2132; x_wconf 83' lang='grc' dir='ltr'>ὲν</span> <span class='ocrx_word' id='word_1_361' title='bbox 3186 2079 3362 2150; x_wconf 82' lang='grc' dir='ltr'>σκότῳ</span> <span class='ocrx_word' id='word_1_362' title='bbox 3383 2078 3476 2131; x_wconf 72' lang='grc' dir='ltr'><strong>καὶ</strong></span> <span class='ocrx_word' id='word_1_363' title='bbox 3500 2079 3656 2130; x_wconf 76' lang='grc' dir='ltr'>νυκτὶ</span> 
     </span>
    </p>
   </div>
   <div class='ocr_carea' id='block_1_51' title="bbox 2072 2169 3656 2248">
    <p class='ocr_par' dir='ltr' id='par_1_51' title="bbox 2072 2169 3656 2248">
     <span class='ocr_line' id='line_1_51' title="bbox 2072 2169 3656 2248; baseline -0.006 -17"><span class='ocrx_word' id='word_1_364' title='bbox 2072 2176 2447 2248; x_wconf 81' lang='grc' dir='ltr'>τυγχανούσας</span> <span class='ocrx_word' id='word_1_365' title='bbox 2476 2176 2652 2248; x_wconf 81' lang='grc' dir='ltr'>ψυχὰς</span> <span class='ocrx_word' id='word_1_366' title='bbox 2685 2171 2930 2245; x_wconf 80' lang='grc' dir='ltr'>φωτίζει,</span> <span class='ocrx_word' id='word_1_367' title='bbox 2981 2172 3116 2244; x_wconf 89' lang='grc' dir='ltr'>ἡλίῳ</span> <span class='ocrx_word' id='word_1_368' title='bbox 3157 2173 3212 2225; x_wconf 80' lang='grc' dir='ltr'>δὲ</span> <span class='ocrx_word' id='word_1_369' title='bbox 3261 2169 3656 2243; x_wconf 85' lang='grc' dir='ltr'>παραπλησίως</span> 
     </span>
    </p>
   </div>
   <div class='ocr_carea' id='block_1_52' title="bbox 2072 2262 3657 2340">
    <p class='ocr_par' dir='ltr' id='par_1_52' title="bbox 2072 2262 3657 2340">
     <span class='ocr_line' id='line_1_52' title="bbox 2072 2262 3657 2340; baseline -0.005 -18"><span class='ocrx_word' id='word_1_370' title='bbox 2072 2269 2162 2323; x_wconf 88' lang='grc' dir='ltr'><strong>τὸν</strong></span> <span class='ocrx_word' id='word_1_371' title='bbox 2195 2268 2489 2340; x_wconf 87' lang='grc' dir='ltr'>σύμπαντα</span> <span class='ocrx_word' id='word_1_372' title='bbox 2525 2267 2872 2338; x_wconf 82' lang='grc' dir='ltr'>καταλάμπει</span> <span class='ocrx_word' id='word_1_373' title='bbox 2917 2265 3139 2336; x_wconf 88' lang='grc' dir='ltr'>κόσμον,</span> <span class='ocrx_word' id='word_1_374' title='bbox 3172 2263 3415 2334; x_wconf 85' lang='grc' dir='ltr'>διαμένει</span> <span class='ocrx_word' id='word_1_375' title='bbox 3459 2277 3519 2314; x_wconf 89' lang='grc' dir='ltr'><strong>τε</strong></span> <span class='ocrx_word' id='word_1_376' title='bbox 3561 2262 3657 2315; x_wconf 71' lang='grc' dir='ltr'><strong>καὶ</strong></span> 
     </span>
    </p>
   </div>
   <div class='ocr_carea' id='block_1_53' title="bbox 2075 2356 3655 2433">
    <p class='ocr_par' dir='ltr' id='par_1_53' title="bbox 2075 2356 3655 2433">
     <span class='ocr_line' id='line_1_53' title="bbox 2075 2356 3655 2433; baseline -0.006 -17"><span class='ocrx_word' id='word_1_377' title='bbox 2075 2361 2494 2433; x_wconf 69' lang='grc' dir='ltr'>ωμπαραμένει</span> <span class='ocrx_word' id='word_1_378' title='bbox 2525 2361 2652 2432; x_wconf 77' lang='grc' dir='ltr'>ἄχρι</span> <span class='ocrx_word' id='word_1_379' title='bbox 2691 2361 2789 2430; x_wconf 82' lang='grc' dir='ltr'>τῆς</span> <span class='ocrx_word' id='word_1_380' title='bbox 2823 2358 3129 2423; x_wconf 88' lang='grc' dir='ltr'>συντελείας</span> <span class='ocrx_word' id='word_1_381' title='bbox 3173 2357 3266 2411; x_wconf 72' lang='grc' dir='ltr'>τοῦ</span> <span class='ocrx_word' id='word_1_382' title='bbox 3317 2356 3532 2420; x_wconf 81' lang='grc' dir='ltr'>αἰῶνος.</span> <span class='ocrx_word' id='word_1_383' title='bbox 3561 2357 3655 2420; x_wconf 61' lang='lat' dir='ltr'><strong>Et:</strong></span> 
     </span>
    </p>
   </div>
   <div class='ocr_carea' id='block_1_54' title="bbox 2071 2453 3658 2528">
    <p class='ocr_par' dir='ltr' id='par_1_54' title="bbox 2071 2453 3658 2528">
     <span class='ocr_line' id='line_1_54' title="bbox 2071 2453 3658 2528; baseline -0.003 -19"><span class='ocrx_word' id='word_1_384' title='bbox 2071 2458 2196 2509; x_wconf 83' lang='grc' dir='ltr'>ὅσον</span> <span class='ocrx_word' id='word_1_385' title='bbox 2224 2455 2333 2528; x_wconf 80' lang='grc' dir='ltr'><strong>γάρ</strong></span> <span class='ocrx_word' id='word_1_386' title='bbox 2355 2456 2507 2526; x_wconf 84' lang='grc' dir='ltr'>ἡλιος</span> <span class='ocrx_word' id='word_1_387' title='bbox 2540 2455 2630 2508; x_wconf 92' lang='grc' dir='ltr'><strong>τὸν</strong></span> <span class='ocrx_word' id='word_1_388' title='bbox 2666 2455 2957 2526; x_wconf 87' lang='grc' dir='ltr'>σύμπαντα</span> <span class='ocrx_word' id='word_1_389' title='bbox 2994 2453 3277 2524; x_wconf 78' lang='grc' dir='ltr'>φαιδρύνει</span> <span class='ocrx_word' id='word_1_390' title='bbox 3315 2453 3540 2524; x_wconf 87' lang='grc' dir='ltr'>κόσμον,</span> <span class='ocrx_word' id='word_1_391' title='bbox 3576 2453 3658 2514; x_wconf 81' lang='grc' dir='ltr'><strong>είς</strong></span> 
     </span>
    </p>
   </div>
   <div class='ocr_carea' id='block_1_55' title="bbox 2070 2546 3658 2618">
    <p class='ocr_par' dir='ltr' id='par_1_55' title="bbox 2070 2546 3658 2618">
     <span class='ocr_line' id='line_1_55' title="bbox 2070 2546 3658 2618; baseline -0.003 -17"><span class='ocrx_word' id='word_1_392' title='bbox 2070 2549 2323 2602; x_wconf 78' lang='grc' dir='ltr'>τοσοῦτον</span> <span class='ocrx_word' id='word_1_393' title='bbox 2349 2549 2444 2602; x_wconf 73' lang='grc' dir='ltr'><strong>καὶ</strong></span> <span class='ocrx_word' id='word_1_394' title='bbox 2469 2547 2630 2611; x_wconf 82' lang='grc' dir='ltr'>αὐτὸς</span> <span class='ocrx_word' id='word_1_395' title='bbox 2656 2547 2734 2618; x_wconf 83' lang='grc' dir='ltr'><strong>τῷ</strong></span> <span class='ocrx_word' id='word_1_396' title='bbox 2765 2547 2902 2618; x_wconf 88' lang='grc' dir='ltr'>ἡλίῳ</span> <span class='ocrx_word' id='word_1_397' title='bbox 2933 2546 3377 2618; x_wconf 70' lang='grc' dir='ltr'>ωμπαραμένων</span> <span class='ocrx_word' id='word_1_398' title='bbox 3406 2547 3500 2599; x_wconf 69' lang='grc' dir='ltr'><strong>καὶ</strong></span> <span class='ocrx_word' id='word_1_399' title='bbox 3535 2563 3658 2598; x_wconf 86' lang='grc' dir='ltr'>συν-</span> 
     </span>
    </p>
   </div>
   <div class='ocr_carea' id='block_1_56' title="bbox 2073 2634 3655 2710">
    <p class='ocr_par' dir='ltr' id='par_1_56' title="bbox 2073 2634 3655 2710">
     <span class='ocr_line' id='line_1_56' title="bbox 2073 2634 3655 2710; baseline -0.002 -16"><span class='ocrx_word' id='word_1_400' title='bbox 2073 2641 2447 2710; x_wconf 89' lang='grc' dir='ltr'>εκτεινόμενος</span> <span class='ocrx_word' id='word_1_401' title='bbox 2499 2637 2598 2702; x_wconf 77' lang='grc' dir='ltr'>τὰς</span> <span class='ocrx_word' id='word_1_402' title='bbox 2658 2639 2764 2690; x_wconf 87' lang='grc' dir='ltr'><strong>τῶν</strong></span> <span class='ocrx_word' id='word_1_403' title='bbox 2825 2634 3128 2709; x_wconf 83' lang='grc' dir='ltr'>ἀνθρώπων</span> <span class='ocrx_word' id='word_1_404' title='bbox 3174 2635 3397 2706; x_wconf 77' lang='grc' dir='ltr'>φωτίζει</span> <span class='ocrx_word' id='word_1_405' title='bbox 3445 2637 3655 2707; x_wconf 71' lang='grc' dir='ltr'>ψυχάςο</span> 
     </span>
    </p>
   </div>
   <div class='ocr_carea' id='block_1_57' title="bbox 2073 2729 3657 2804">
    <p class='ocr_par' dir='ltr' id='par_1_57' title="bbox 2073 2729 3657 2804">
     <span class='ocr_line' id='line_1_57' title="bbox 2073 2729 3657 2804; baseline -0.002 -19"><span class='ocrx_word' id='word_1_406' title='bbox 2073 2731 2333 2796; x_wconf 85' lang='grc' dir='ltr'>ὡσαύτως</span> <span class='ocrx_word' id='word_1_407' title='bbox 2363 2731 2420 2784; x_wconf 84' lang='grc' dir='ltr'>δὲ</span> <span class='ocrx_word' id='word_1_408' title='bbox 2452 2732 2545 2784; x_wconf 73' lang='grc' dir='ltr'>καὶ</span> <span class='ocrx_word' id='word_1_409' title='bbox 2581 2730 2778 2804; x_wconf 82' lang='grc' dir='ltr'>σελήνῃ</span> <span class='ocrx_word' id='word_1_410' title='bbox 2821 2729 3119 2801; x_wconf 87' lang='grc' dir='ltr'>πλησιφαεί</span> <span class='ocrx_word' id='word_1_411' title='bbox 3150 2731 3545 2802; x_wconf 82' lang='grc' dir='ltr'>παραπλησίως</span> <span class='ocrx_word' id='word_1_412' title='bbox 3578 2731 3657 2794; x_wconf 82' lang='grc' dir='ltr'><strong>είς</strong></span> 
     </span>
    </p>
   </div>
   <div class='ocr_carea' id='block_1_58' title="bbox 2073 2822 3034 2894">
    <p class='ocr_par' dir='ltr' id='par_1_58' title="bbox 2073 2822 3034 2894">
     <span class='ocr_line' id='line_1_58' title="bbox 2073 2822 3034 2894; baseline -0.002 -16"><span class='ocrx_word' id='word_1_413' title='bbox 2073 2825 2265 2894; x_wconf 83' lang='grc' dir='ltr'>γενεὰς</span> <span class='ocrx_word' id='word_1_414' title='bbox 2294 2823 2495 2894; x_wconf 84' lang='grc' dir='ltr'>γενεῶν</span> <span class='ocrx_word' id='word_1_415' title='bbox 2525 2823 2744 2892; x_wconf 83' lang='grc' dir='ltr'>λέγεται</span> <span class='ocrx_word' id='word_1_416' title='bbox 2769 2822 3034 2894; x_wconf 85' lang='grc' dir='ltr'>διαρκεῖν.</span> 
     </span>
    </p>
   </div>
   <div class='ocr_carea' id='block_1_59' title="bbox 2149 2933 3662 3007">
    <p class='ocr_par' dir='ltr' id='par_1_59' title="bbox 2149 2933 3662 3007">
     <span class='ocr_line' id='line_1_59' title="bbox 2149 2933 3662 3007; baseline -0.002 -20"><span class='ocrx_word' id='word_1_417' title='bbox 2149 2957 2165 2987; x_wconf 77' lang='grc' dir='ltr'><strong>ι</strong></span> <span class='ocrx_word' id='word_1_418' title='bbox 2196 2935 2580 3007; x_wconf 87' lang='grc' dir='ltr'>Καταϐήσεται</span> <span class='ocrx_word' id='word_1_419' title='bbox 2608 2936 2683 3000; x_wconf 87' lang='grc' dir='ltr'>ὡς</span> <span class='ocrx_word' id='word_1_420' title='bbox 2709 2935 2864 2998; x_wconf 85' lang='grc' dir='ltr'>ὑετὸς</span> <span class='ocrx_word' id='word_1_421' title='bbox 2891 2934 2985 2987; x_wconf 72' lang='grc' dir='ltr'><strong>ἐπὶ</strong></span> <span class='ocrx_word' id='word_1_422' title='bbox 3019 2935 3206 2996; x_wconf 88' lang='grc' dir='ltr'>πόκον,</span> <span class='ocrx_word' id='word_1_423' title='bbox 3241 2933 3335 2986; x_wconf 69' lang='grc' dir='ltr'>καὶ</span> <span class='ocrx_word' id='word_1_424' title='bbox 3367 2933 3500 2986; x_wconf 78' lang='grc' dir='ltr'>ὡσεὶ</span> <span class='ocrx_word' id='word_1_425' title='bbox 3532 2949 3662 2985; x_wconf 85' lang='grc' dir='ltr'>στα-</span> 
     </span>
    </p>
   </div>
   <div class='ocr_carea' id='block_1_60' title="bbox 2075 3021 3658 3097">
    <p class='ocr_par' dir='ltr' id='par_1_60' title="bbox 2075 3021 3658 3097">
     <span class='ocr_line' id='line_1_60' title="bbox 2075 3021 3658 3097; baseline -0.003 -16"><span class='ocrx_word' id='word_1_426' title='bbox 2075 3028 2228 3097; x_wconf 89' lang='grc' dir='ltr'>γόνες</span> <span class='ocrx_word' id='word_1_427' title='bbox 2259 3026 2549 3091; x_wconf 77' lang='grc' dir='ltr'>στάζουσαι</span> <span class='ocrx_word' id='word_1_428' title='bbox 2575 3026 2669 3079; x_wconf 75' lang='grc' dir='ltr'>ἐπὶ</span> <span class='ocrx_word' id='word_1_429' title='bbox 2710 3025 2808 3096; x_wconf 83' lang='grc' dir='ltr'>τὴν</span> <span class='ocrx_word' id='word_1_430' title='bbox 2836 3024 2961 3095; x_wconf 81' lang='grc' dir='ltr'>γῆν.</span> <span class='ocrx_word' id='word_1_431' title='bbox 2988 3044 3006 3076; x_wconf 72' lang='grc' dir='ltr'><strong>ι</strong></span> <span class='ocrx_word' id='word_1_432' title='bbox 3039 3023 3358 3078; x_wconf 83' lang='grc' dir='ltr'>Κατάϐασιν</span> <span class='ocrx_word' id='word_1_433' title='bbox 3389 3021 3484 3076; x_wconf 86' lang='grc' dir='ltr'>τοῦ</span> <span class='ocrx_word' id='word_1_434' title='bbox 3523 3022 3658 3077; x_wconf 71' lang='grc' dir='ltr'>Θεοῦ</span> 
     </span>
    </p>
   </div>
   <div class='ocr_carea' id='block_1_61' title="bbox 391 3116 1970 3197">
    <p class='ocr_par' dir='ltr' id='par_1_61' title="bbox 391 3125 1970 3197">
     <span class='ocr_line' id='line_1_61' title="bbox 391 3125 1970 3197; baseline 0 -15"><span class='ocrx_word' id='word_1_435' title='bbox 391 3141 646 3182; x_wconf 84' lang='lat' dir='ltr'><strong>scensum</strong></span> <span class='ocrx_word' id='word_1_436' title='bbox 681 3125 774 3180; x_wconf 90' lang='lat' dir='ltr'><strong>Dei</strong></span> <span class='ocrx_word' id='word_1_437' title='bbox 804 3125 963 3182; x_wconf 85' lang='lat' dir='ltr'><strong>Verbi</strong></span> <span class='ocrx_word' id='word_1_438' title='bbox 995 3128 1291 3197; x_wconf 78' lang='lat' dir='ltr'><strong>intelligas,</strong></span> <span class='ocrx_word' id='word_1_439' title='bbox 1323 3128 1369 3182; x_wconf 93' lang='lat' dir='ltr'><strong>si</strong></span> <span class='ocrx_word' id='word_1_440' title='bbox 1409 3126 1726 3183; x_wconf 85' lang='lat' dir='ltr'><strong>consideres</strong></span> <span class='ocrx_word' id='word_1_441' title='bbox 1750 3130 1970 3196; x_wconf 90' lang='lat' dir='ltr'><strong>depres-</strong></span> 
     </span>
    </p>
   </div>
   <div class='ocr_carea' id='block_1_62' title="bbox 2074 3116 3662 3197">
    <p class='ocr_par' dir='ltr' id='par_1_62' title="bbox 2074 3116 3662 3191">
     <span class='ocr_line' id='line_1_62' title="bbox 2074 3116 3662 3191; baseline -0.004 -16"><span class='ocrx_word' id='word_1_442' title='bbox 2074 3122 2244 3190; x_wconf 84' lang='grc' dir='ltr'>Λόγου</span> <span class='ocrx_word' id='word_1_443' title='bbox 2277 3121 2507 3191; x_wconf 79' lang='grc' dir='ltr'>νοήσεις,</span> <span class='ocrx_word' id='word_1_444' title='bbox 2535 3119 2837 3189; x_wconf 75' lang='grc' dir='ltr'>ἐπιστήσας</span> <span class='ocrx_word' id='word_1_445' title='bbox 2873 3120 2937 3189; x_wconf 82' lang='grc' dir='ltr'>τῇ</span> <span class='ocrx_word' id='word_1_446' title='bbox 2962 3116 3260 3172; x_wconf 88' lang='grc' dir='ltr'>καταϐάσει</span> <span class='ocrx_word' id='word_1_447' title='bbox 3300 3117 3392 3169; x_wconf 73' lang='grc' dir='ltr'>καὶ</span> <span class='ocrx_word' id='word_1_448' title='bbox 3421 3119 3487 3187; x_wconf 80' lang='grc' dir='ltr'>τῇ</span> <span class='ocrx_word' id='word_1_449' title='bbox 3523 3133 3662 3187; x_wconf 88' lang='grc' dir='ltr'>συμ-</span> 
     </span>
    </p>
   </div>
   <div class='ocr_carea' id='block_1_63' title="bbox 389 3217 1970 3288">
    <p class='ocr_par' dir='ltr' id='par_1_63' title="bbox 389 3217 1970 3288">
     <span class='ocr_line' id='line_1_63' title="bbox 389 3217 1970 3288; baseline -0.001 -16"><span class='ocrx_word' id='word_1_450' title='bbox 389 3219 604 3273; x_wconf 86' lang='lat' dir='ltr'><strong>sionem</strong></span> <span class='ocrx_word' id='word_1_451' title='bbox 634 3225 688 3272; x_wconf 86' lang='lat' dir='ltr'><strong>et</strong></span> <span class='ocrx_word' id='word_1_452' title='bbox 712 3219 1223 3288; x_wconf 89' lang='lat' dir='ltr'><strong>attemperationem</strong></span> <span class='ocrx_word' id='word_1_453' title='bbox 1247 3233 1354 3287; x_wconf 89' lang='lat' dir='ltr'><strong>qua</strong></span> <span class='ocrx_word' id='word_1_454' title='bbox 1381 3233 1441 3273; x_wconf 92' lang='lat' dir='ltr'><strong>se</strong></span> <span class='ocrx_word' id='word_1_455' title='bbox 1471 3217 1756 3272; x_wconf 88' lang='lat' dir='ltr'><strong>hominum</strong></span> <span class='ocrx_word' id='word_1_456' title='bbox 1789 3219 1970 3288; x_wconf 87' lang='lat' dir='ltr'><strong>parvi-</strong></span> 
     </span>
    </p>
   </div>
   <div class='ocr_carea' id='block_1_64' title="bbox 389 3306 1972 3380">
    <p class='ocr_par' dir='ltr' id='par_1_64' title="bbox 389 3306 1972 3380">
     <span class='ocr_line' id='line_1_64' title="bbox 389 3306 1972 3380; baseline -0.002 -16"><span class='ocrx_word' id='word_1_457' title='bbox 389 3309 490 3364; x_wconf 84' lang='lat' dir='ltr'><strong>tati</strong></span> <span class='ocrx_word' id='word_1_458' title='bbox 526 3309 828 3380; x_wconf 87' lang='lat' dir='ltr'><strong>adaptavit,</strong></span> <span class='ocrx_word' id='word_1_459' title='bbox 859 3324 983 3362; x_wconf 89' lang='lat' dir='ltr'><strong>cum</strong></span> <span class='ocrx_word' id='word_1_460' title='bbox 1029 3327 1048 3360; x_wconf 76' lang='grc' dir='ltr'><strong>ι</strong></span> <span class='ocrx_word' id='word_1_461' title='bbox 1089 3308 1399 3362; x_wconf 88' lang='lat' dir='ltr'><strong>humiliavit</strong></span> <span class='ocrx_word' id='word_1_462' title='bbox 1447 3307 1804 3377; x_wconf 86' lang='lat' dir='ltr'><strong>semetipsum</strong></span> <span class='ocrx_word' id='word_1_463' title='bbox 1861 3306 1972 3362; x_wconf 89' lang='lat' dir='ltr'><strong>for-</strong></span> 
     </span>
    </p>
   </div>
   <div class='ocr_carea' id='block_1_65' title="bbox 386 3395 1966 3467">
    <p class='ocr_par' dir='ltr' id='par_1_65' title="bbox 386 3395 1966 3467">
     <span class='ocr_line' id='line_1_65' title="bbox 386 3395 1966 3467; baseline -0.003 -15"><span class='ocrx_word' id='word_1_464' title='bbox 386 3413 533 3452; x_wconf 82' lang='lat' dir='ltr'><strong>mam</strong></span> <span class='ocrx_word' id='word_1_465' title='bbox 553 3399 696 3454; x_wconf 88' lang='lat' dir='ltr'><strong>servi</strong></span> <span class='ocrx_word' id='word_1_466' title='bbox 721 3396 1025 3467; x_wconf 88' lang='lat' dir='ltr'><strong>accipiens,</strong></span> <span class='ocrx_word' id='word_1_467' title='bbox 1045 3405 1099 3452; x_wconf 91' lang='lat' dir='ltr'><strong>et</strong></span> <span class='ocrx_word' id='word_1_468' title='bbox 1125 3395 1315 3451; x_wconf 88' lang='lat' dir='ltr'><strong>habitu</strong></span> <span class='ocrx_word' id='word_1_469' title='bbox 1337 3395 1590 3451; x_wconf 85' lang='lat' dir='ltr'><strong>inventus</strong></span> <span class='ocrx_word' id='word_1_470' title='bbox 1609 3404 1670 3449; x_wconf 91' lang='lat' dir='ltr'><strong>ut</strong></span> <span class='ocrx_word' id='word_1_471' title='bbox 1686 3395 1849 3451; x_wconf 86' lang='lat' dir='ltr'><strong>homo</strong></span> <span class='ocrx_word' id='word_1_472' title='bbox 1869 3397 1934 3448; x_wconf 81' lang='grc'><strong>’⁷.</strong></span> <span class='ocrx_word' id='word_1_473' title='bbox 1948 3416 1966 3448; x_wconf 73' lang='grc' dir='ltr'><strong>ι</strong></span> 
     </span>
    </p>
   </div>
   <div class='ocr_carea' id='block_1_66' title="bbox 389 3483 1973 3554">
    <p class='ocr_par' dir='ltr' id='par_1_66' title="bbox 389 3483 1973 3554">
     <span class='ocr_line' id='line_1_66' title="bbox 389 3483 1973 3554; baseline -0.003 -12"><span class='ocrx_word' id='word_1_474' title='bbox 389 3487 571 3554; x_wconf 86' lang='lat' dir='ltr'><strong>Quare</strong></span> <span class='ocrx_word' id='word_1_475' title='bbox 595 3487 819 3552; x_wconf 87' lang='lat' dir='ltr'><strong>dicitur,</strong></span> <span class='ocrx_word' id='word_1_476' title='bbox 858 3505 877 3538; x_wconf 76' lang='grc' dir='ltr'><strong>ι</strong></span> <span class='ocrx_word' id='word_1_477' title='bbox 916 3483 1244 3542; x_wconf 86' lang='lat' dir='ltr'><strong>Descendet.</strong></span> <span class='ocrx_word' id='word_1_478' title='bbox 1285 3503 1304 3536; x_wconf 75' lang='grc' dir='ltr'><strong>ι</strong></span> <span class='ocrx_word' id='word_1_479' title='bbox 1338 3483 1576 3554; x_wconf 81' lang='lat' dir='ltr'><strong>Necesse</strong></span> <span class='ocrx_word' id='word_1_480' title='bbox 1605 3499 1736 3539; x_wconf 91' lang='lat' dir='ltr'><strong>vero</strong></span> <span class='ocrx_word' id='word_1_481' title='bbox 1778 3483 1881 3538; x_wconf 88' lang='lat' dir='ltr'><strong>fuit</strong></span> <span class='ocrx_word' id='word_1_482' title='bbox 1913 3493 1973 3538; x_wconf 92' lang='lat' dir='ltr'><strong>ut</strong></span> 
     </span>
    </p>
   </div>
   <div class='ocr_carea' id='block_1_67' title="bbox 386 3577 1970 3651">
    <p class='ocr_par' dir='ltr' id='par_1_67' title="bbox 386 3577 1970 3651">
     <span class='ocr_line' id='line_1_67' title="bbox 386 3577 1970 3651; baseline -0.001 -17"><span class='ocrx_word' id='word_1_483' title='bbox 386 3580 638 3651; x_wconf 76' lang='lat' dir='ltr'><strong>exemplo</strong></span> <span class='ocrx_word' id='word_1_484' title='bbox 663 3579 951 3650; x_wconf 89' lang='lat' dir='ltr'><strong>prophetia</strong></span> <span class='ocrx_word' id='word_1_485' title='bbox 997 3584 1244 3633; x_wconf 84' lang='lat' dir='ltr'><strong>uteretur</strong></span> <span class='ocrx_word' id='word_1_486' title='bbox 1275 3577 1487 3645; x_wconf 88' lang='lat' dir='ltr'><strong>dicens,</strong></span> <span class='ocrx_word' id='word_1_487' title='bbox 1522 3597 1541 3630; x_wconf 87' lang='grc'><strong><em>‹</em></strong></span> <span class='ocrx_word' id='word_1_488' title='bbox 1598 3579 1754 3634; x_wconf 83' lang='lat' dir='ltr'><strong>Sicut</strong></span> <span class='ocrx_word' id='word_1_489' title='bbox 1785 3580 1970 3650; x_wconf 87' lang='lat' dir='ltr'><strong>pluvia</strong></span> 
     </span>
    </p>
   </div>
   <div class='ocr_carea' id='block_1_68' title="bbox 388 3669 1967 3740">
    <p class='ocr_par' dir='ltr' id='par_1_68' title="bbox 388 3669 1967 3740">
     <span class='ocr_line' id='line_1_68' title="bbox 388 3669 1967 3740; baseline 0.001 -16"><span class='ocrx_word' id='word_1_490' title='bbox 388 3669 445 3724; x_wconf 87' lang='lat' dir='ltr'><strong>in</strong></span> <span class='ocrx_word' id='word_1_491' title='bbox 477 3672 670 3727; x_wconf 87' lang='lat' dir='ltr'><strong>vellus.</strong></span> <span class='ocrx_word' id='word_1_492' title='bbox 709 3691 727 3722; x_wconf 75' lang='grc' dir='ltr'><strong>ι</strong></span> <span class='ocrx_word' id='word_1_493' title='bbox 759 3670 917 3736; x_wconf 86' lang='lat' dir='ltr'><strong>Quod</strong></span> <span class='ocrx_word' id='word_1_494' title='bbox 940 3671 1194 3726; x_wconf 89' lang='lat' dir='ltr'><strong>similiter</strong></span> <span class='ocrx_word' id='word_1_495' title='bbox 1225 3670 1422 3740; x_wconf 89' lang='lat' dir='ltr'><strong>reliqui</strong></span> <span class='ocrx_word' id='word_1_496' title='bbox 1447 3686 1640 3727; x_wconf 90' lang='lat' dir='ltr'><strong>omnes</strong></span> <span class='ocrx_word' id='word_1_497' title='bbox 1655 3671 1967 3736; x_wconf 87' lang='lat' dir='ltr'><strong>ediderunt,</strong></span> 
     </span>
    </p>
   </div>
   <div class='ocr_carea' id='block_1_69' title="bbox 388 3764 1970 3836">
    <p class='ocr_par' dir='ltr' id='par_1_69' title="bbox 388 3764 1970 3836">
     <span class='ocr_line' id='line_1_69' title="bbox 388 3764 1970 3836; baseline 0.001 -18"><span class='ocrx_word' id='word_1_498' title='bbox 388 3765 586 3834; x_wconf 82' lang='lat' dir='ltr'><strong>Aquila</strong></span> <span class='ocrx_word' id='word_1_499' title='bbox 645 3766 881 3830; x_wconf 91' lang='lat' dir='ltr'><strong>scilicet,</strong></span> <span class='ocrx_word' id='word_1_500' title='bbox 939 3783 958 3816; x_wconf 87' lang='grc'><em>‹</em></span> <span class='ocrx_word' id='word_1_501' title='bbox 1018 3764 1083 3818; x_wconf 88' lang='lat' dir='ltr'><strong>Et</strong></span> <span class='ocrx_word' id='word_1_502' title='bbox 1129 3764 1426 3821; x_wconf 86' lang='lat' dir='ltr'><strong>descendet</strong></span> <span class='ocrx_word' id='word_1_503' title='bbox 1469 3765 1616 3820; x_wconf 90' lang='lat' dir='ltr'><strong>sicut</strong></span> <span class='ocrx_word' id='word_1_504' title='bbox 1672 3765 1858 3836; x_wconf 89' lang='lat' dir='ltr'><strong>pluvia</strong></span> <span class='ocrx_word' id='word_1_505' title='bbox 1917 3767 1970 3820; x_wconf 91' lang='lat' dir='ltr'><strong>in</strong></span> 
     </span>
    </p>
   </div>
   <div class='ocr_carea' id='block_1_70' title="bbox 389 3845 1970 3928">
    <p class='ocr_par' dir='ltr' id='par_1_70' title="bbox 389 3845 1970 3928">
     <span class='ocr_line' id='line_1_70' title="bbox 389 3845 1970 3928; baseline 0.001 -18"><span class='ocrx_word' id='word_1_506' title='bbox 389 3857 617 3928; x_wconf 86' lang='lat' dir='ltr'><strong>pellem;</strong></span> <span class='ocrx_word' id='word_1_507' title='bbox 661 3876 679 3908; x_wconf 74' lang='grc' dir='ltr'><strong>ι</strong></span> <span class='ocrx_word' id='word_1_508' title='bbox 723 3855 1107 3927; x_wconf 86' lang='lat' dir='ltr'><strong>Symmachus,</strong></span> <span class='ocrx_word' id='word_1_509' title='bbox 1167 3874 1186 3908; x_wconf 73' lang='grc' dir='ltr'><strong>ι</strong></span> <span class='ocrx_word' id='word_1_510' title='bbox 1251 3845 1559 3912; x_wconf 81' lang='lat' dir='ltr'><strong>Descendet</strong></span> <span class='ocrx_word' id='word_1_511' title='bbox 1593 3857 1738 3911; x_wconf 90' lang='lat' dir='ltr'><strong>sicut</strong></span> <span class='ocrx_word' id='word_1_512' title='bbox 1773 3873 1866 3913; x_wconf 91' lang='lat' dir='ltr'><strong>ros</strong></span> <span class='ocrx_word' id='word_1_513' title='bbox 1916 3859 1970 3912; x_wconf 93' lang='lat' dir='ltr'><strong>in</strong></span> 
     </span>
    </p>
   </div>
   <div class='ocr_carea' id='block_1_71' title="bbox 388 3950 1974 4021">
    <p class='ocr_par' dir='ltr' id='par_1_71' title="bbox 388 3950 1974 4021">
     <span class='ocr_line' id='line_1_71' title="bbox 388 3950 1974 4021; baseline 0.004 -21"><span class='ocrx_word' id='word_1_514' title='bbox 388 3952 597 4017; x_wconf 79' lang='lat' dir='ltr'><strong>vellus;</strong></span> <span class='ocrx_word' id='word_1_515' title='bbox 659 3970 677 4002; x_wconf 75' lang='grc' dir='ltr'><strong>ι</strong></span> <span class='ocrx_word' id='word_1_516' title='bbox 736 3951 965 4021; x_wconf 89' lang='lat' dir='ltr'><strong>parique</strong></span> <span class='ocrx_word' id='word_1_517' title='bbox 1007 3951 1170 4006; x_wconf 85' lang='lat' dir='ltr'><strong>modo</strong></span> <span class='ocrx_word' id='word_1_518' title='bbox 1230 3951 1429 4021; x_wconf 91' lang='lat' dir='ltr'><strong>reliqui</strong></span> <span class='ocrx_word' id='word_1_519' title='bbox 1481 3951 1832 4020; x_wconf 89' lang='lat' dir='ltr'><strong>interpretes,</strong></span> <span class='ocrx_word' id='word_1_520' title='bbox 1871 3950 1974 4006; x_wconf 91' lang='lat' dir='ltr'><strong>de-</strong></span> 
     </span>
    </p>
   </div>
   <div class='ocr_carea' id='block_1_72' title="bbox 389 4041 1967 4113">
    <p class='ocr_par' dir='ltr' id='par_1_72' title="bbox 389 4041 1967 4113">
     <span class='ocr_line' id='line_1_72' title="bbox 389 4041 1967 4113; baseline 0 -16"><span class='ocrx_word' id='word_1_521' title='bbox 389 4043 662 4098; x_wconf 87' lang='lat' dir='ltr'><strong>clarantes</strong></span> <span class='ocrx_word' id='word_1_522' title='bbox 722 4041 908 4106; x_wconf 86' lang='lat' dir='ltr'><strong>Verbi,</strong></span> <span class='ocrx_word' id='word_1_523' title='bbox 967 4045 1113 4113; x_wconf 87' lang='lat' dir='ltr'><strong>quod</strong></span> <span class='ocrx_word' id='word_1_524' title='bbox 1172 4045 1228 4098; x_wconf 91' lang='lat' dir='ltr'><strong>in</strong></span> <span class='ocrx_word' id='word_1_525' title='bbox 1291 4043 1613 4113; x_wconf 87' lang='lat' dir='ltr'><strong>pr0phetia,</strong></span> <span class='ocrx_word' id='word_1_526' title='bbox 1669 4042 1846 4097; x_wconf 84' lang='lat' dir='ltr'><strong>fertur</strong></span> <span class='ocrx_word' id='word_1_527' title='bbox 1904 4060 1967 4097; x_wconf 81' lang='lat' dir='ltr'><strong>ex</strong></span> 
     </span>
    </p>
   </div>
   <div class='ocr_carea' id='block_1_73' title="bbox 391 4135 1966 4206">
    <p class='ocr_par' dir='ltr' id='par_1_73' title="bbox 391 4135 1966 4206">
     <span class='ocr_line' id='line_1_73' title="bbox 391 4135 1966 4206; baseline 0.001 -18"><span class='ocrx_word' id='word_1_528' title='bbox 391 4135 631 4201; x_wconf 80' lang='lat' dir='ltr'><strong>sublimi,</strong></span> <span class='ocrx_word' id='word_1_529' title='bbox 664 4135 782 4190; x_wconf 82' lang='lat' dir='ltr'><strong>sive</strong></span> <span class='ocrx_word' id='word_1_530' title='bbox 811 4150 876 4190; x_wconf 83' lang='lat' dir='ltr'><strong>ex</strong></span> <span class='ocrx_word' id='word_1_531' title='bbox 903 4136 1040 4206; x_wconf 89' lang='lat' dir='ltr'><strong>ipsis</strong></span> <span class='ocrx_word' id='word_1_532' title='bbox 1070 4137 1250 4202; x_wconf 69' lang='lat' dir='ltr'><strong>caelis,</strong></span> <span class='ocrx_word' id='word_1_533' title='bbox 1282 4135 1608 4190; x_wconf 86' lang='lat' dir='ltr'><strong>descensum</strong></span> <span class='ocrx_word' id='word_1_534' title='bbox 1639 4135 1690 4188; x_wconf 90' lang='lat' dir='ltr'><strong>in</strong></span> <span class='ocrx_word' id='word_1_535' title='bbox 1717 4143 1916 4188; x_wconf 89' lang='lat' dir='ltr'><strong>terram</strong></span> <span class='ocrx_word' id='word_1_536' title='bbox 1952 4154 1966 4190; x_wconf 89' lang='lat'><strong>:</strong></span> 
     </span>
    </p>
   </div>
   <div class='ocr_carea' id='block_1_74' title="bbox 388 4227 1966 4298">
    <p class='ocr_par' dir='ltr' id='par_1_74' title="bbox 388 4227 1966 4298">
     <span class='ocr_line' id='line_1_74' title="bbox 388 4227 1966 4298; baseline 0 -17"><span class='ocrx_word' id='word_1_537' title='bbox 388 4227 682 4298; x_wconf 89' lang='lat' dir='ltr'><strong>ipsumque</strong></span> <span class='ocrx_word' id='word_1_538' title='bbox 735 4227 920 4296; x_wconf 83' lang='lat' dir='ltr'><strong>quiete</strong></span> <span class='ocrx_word' id='word_1_539' title='bbox 974 4242 1038 4282; x_wconf 88' lang='lat' dir='ltr'><strong>ac</strong></span> <span class='ocrx_word' id='word_1_540' title='bbox 1088 4231 1313 4289; x_wconf 87' lang='lat' dir='ltr'><strong>sensim,</strong></span> <span class='ocrx_word' id='word_1_541' title='bbox 1367 4227 1683 4281; x_wconf 79' lang='lat' dir='ltr'><strong>advertente</strong></span> <span class='ocrx_word' id='word_1_542' title='bbox 1729 4227 1966 4293; x_wconf 86' lang='lat' dir='ltr'><strong>nemine,</strong></span> 
     </span>
    </p>
   </div>
   <div class='ocr_carea' id='block_1_75' title="bbox 387 4316 1970 4389">
    <p class='ocr_par' dir='ltr' id='par_1_75' title="bbox 387 4316 1970 4389">
     <span class='ocr_line' id='line_1_75' title="bbox 387 4316 1970 4389; baseline -0.001 -15"><span class='ocrx_word' id='word_1_543' title='bbox 387 4318 743 4374; x_wconf 84' lang='lat' dir='ltr'><strong>descendisse</strong></span> <span class='ocrx_word' id='word_1_544' title='bbox 783 4320 1219 4374; x_wconf 86' lang='lat' dir='ltr'><strong>subindicantes.</strong></span> <span class='ocrx_word' id='word_1_545' title='bbox 1267 4316 1458 4373; x_wconf 84' lang='lat' dir='ltr'><strong>Pluvia</strong></span> <span class='ocrx_word' id='word_1_546' title='bbox 1485 4319 1688 4389; x_wconf 91' lang='lat' dir='ltr'><strong>quippe</strong></span> <span class='ocrx_word' id='word_1_547' title='bbox 1713 4319 1767 4372; x_wconf 94' lang='lat' dir='ltr'><strong>in</strong></span> <span class='ocrx_word' id='word_1_548' title='bbox 1796 4319 1970 4377; x_wconf 83' lang='lat' dir='ltr'><strong>vellus</strong></span> 
     </span>
    </p>
   </div>
   <div class='ocr_carea' id='block_1_76' title="bbox 387 4407 1969 4478">
    <p class='ocr_par' dir='ltr' id='par_1_76' title="bbox 387 4407 1969 4478">
     <span class='ocr_line' id='line_1_76' title="bbox 387 4407 1969 4478; baseline -0.001 -14"><span class='ocrx_word' id='word_1_549' title='bbox 387 4410 640 4466; x_wconf 83' lang='lat' dir='ltr'><strong>insensili</strong></span> <span class='ocrx_word' id='word_1_550' title='bbox 670 4410 832 4464; x_wconf 91' lang='lat' dir='ltr'><strong>modo</strong></span> <span class='ocrx_word' id='word_1_551' title='bbox 863 4410 984 4465; x_wconf 88' lang='lat' dir='ltr'><strong>sine</strong></span> <span class='ocrx_word' id='word_1_552' title='bbox 1015 4409 1246 4478; x_wconf 86' lang='lat' dir='ltr'><strong>strepitu</strong></span> <span class='ocrx_word' id='word_1_553' title='bbox 1281 4407 1607 4462; x_wconf 88' lang='lat' dir='ltr'><strong>demittitur.</strong></span> <span class='ocrx_word' id='word_1_554' title='bbox 1641 4407 1780 4474; x_wconf 85' lang='lat' dir='ltr'><strong>Quia</strong></span> <span class='ocrx_word' id='word_1_555' title='bbox 1805 4409 1969 4478; x_wconf 81' lang='lat' dir='ltr'><strong>igitur</strong></span> 
     </span>
    </p>
   </div>
   <div class='ocr_carea' id='block_1_77' title="bbox 389 4493 2048 4567">
    <p class='ocr_par' dir='ltr' id='par_1_77' title="bbox 389 4493 2048 4567">
     <span class='ocr_line' id='line_1_77' title="bbox 389 4493 2048 4567; baseline 0 -17"><span class='ocrx_word' id='word_1_556' title='bbox 389 4493 699 4550; x_wconf 88' lang='lat' dir='ltr'><strong>Servatoris</strong></span> <span class='ocrx_word' id='word_1_557' title='bbox 746 4497 924 4550; x_wconf 88' lang='lat' dir='ltr'><strong>nostri</strong></span> <span class='ocrx_word' id='word_1_558' title='bbox 960 4497 1238 4567; x_wconf 76' lang='lat' dir='ltr'><strong>generatio</strong></span> <span class='ocrx_word' id='word_1_559' title='bbox 1273 4495 1576 4550; x_wconf 89' lang='lat' dir='ltr'><strong>secundum</strong></span> <span class='ocrx_word' id='word_1_560' title='bbox 1611 4511 1835 4552; x_wconf 89' lang='lat' dir='ltr'><strong>carnem</strong></span> <span class='ocrx_word' id='word_1_561' title='bbox 1873 4497 1968 4550; x_wconf 89' lang='lat' dir='ltr'><strong>tali</strong></span> <span class='ocrx_word' id='word_1_562' title='bbox 2002 4507 2048 4564; x_wconf 85' lang='grc' dir='ltr'><strong>ι)</strong></span> 
     </span>
    </p>
   </div>
   <div class='ocr_carea' id='block_1_78' title="bbox 385 4581 1965 4658">
    <p class='ocr_par' dir='ltr' id='par_1_78' title="bbox 385 4581 1965 4658">
     <span class='ocr_line' id='line_1_78' title="bbox 385 4581 1965 4658; baseline 0.002 -17"><span class='ocrx_word' id='word_1_563' title='bbox 385 4581 800 4658; x_wconf 77' lang='lat' dir='ltr'><strong>dispensatione</strong></span> <span class='ocrx_word' id='word_1_564' title='bbox 831 4587 974 4642; x_wconf 88' lang='lat' dir='ltr'><strong>facta</strong></span> <span class='ocrx_word' id='word_1_565' title='bbox 1007 4595 1114 4652; x_wconf 88' lang='lat' dir='ltr'><strong>est,</strong></span> <span class='ocrx_word' id='word_1_566' title='bbox 1151 4597 1208 4642; x_wconf 89' lang='lat' dir='ltr'><strong>ut</strong></span> <span class='ocrx_word' id='word_1_567' title='bbox 1234 4603 1303 4642; x_wconf 90' lang='lat' dir='ltr'><strong>ne</strong></span> <span class='ocrx_word' id='word_1_568' title='bbox 1323 4589 1606 4653; x_wconf 61' lang='lat' dir='ltr'><strong>exvicinis</strong></span> <span class='ocrx_word' id='word_1_569' title='bbox 1631 4590 1849 4658; x_wconf 87' lang='lat' dir='ltr'><strong>quidem</strong></span> <span class='ocrx_word' id='word_1_570' title='bbox 1880 4591 1965 4645; x_wconf 93' lang='lat' dir='ltr'><strong>ul-</strong></span> 
     </span>
    </p>
   </div>
   <div class='ocr_carea' id='block_1_79' title="bbox 385 4678 1962 4753">
    <p class='ocr_par' dir='ltr' id='par_1_79' title="bbox 385 4678 1962 4753">
     <span class='ocr_line' id='line_1_79' title="bbox 385 4678 1962 4753; baseline 0.003 -21"><span class='ocrx_word' id='word_1_571' title='bbox 385 4678 474 4733; x_wconf 89' lang='lat' dir='ltr'><strong>lus</strong></span> <span class='ocrx_word' id='word_1_572' title='bbox 497 4679 874 4751; x_wconf 90' lang='lat' dir='ltr'><strong>conceptionis</strong></span> <span class='ocrx_word' id='word_1_573' title='bbox 908 4689 963 4735; x_wconf 88' lang='lat' dir='ltr'><strong>et</strong></span> <span class='ocrx_word' id='word_1_574' title='bbox 1011 4690 1201 4752; x_wconf 91' lang='lat' dir='ltr'><strong>partus</strong></span> <span class='ocrx_word' id='word_1_575' title='bbox 1227 4690 1433 4736; x_wconf 65' lang='lat' dir='ltr'><strong>sanctae</strong></span> <span class='ocrx_word' id='word_1_576' title='bbox 1472 4679 1716 4752; x_wconf 79' lang='lat' dir='ltr'><strong>Virginis</strong></span> <span class='ocrx_word' id='word_1_577' title='bbox 1754 4692 1962 4753; x_wconf 85' lang='lat' dir='ltr'><strong>myste-</strong></span> 
     </span>
    </p>
   </div>
   <div class='ocr_carea' id='block_1_80' title="bbox 385 4771 1965 4844">
    <p class='ocr_par' dir='ltr' id='par_1_80' title="bbox 385 4771 1965 4844">
     <span class='ocr_line' id='line_1_80' title="bbox 385 4771 1965 4844; baseline 0.004 -21"><span class='ocrx_word' id='word_1_578' title='bbox 385 4771 530 4824; x_wconf 88' lang='lat' dir='ltr'><strong>rium</strong></span> <span class='ocrx_word' id='word_1_579' title='bbox 556 4771 639 4825; x_wconf 88' lang='lat' dir='ltr'><strong>vel</strong></span> <span class='ocrx_word' id='word_1_580' title='bbox 662 4772 926 4842; x_wconf 86' lang='lat' dir='ltr'><strong>cogitaret</strong></span> <span class='ocrx_word' id='word_1_581' title='bbox 943 4773 1025 4828; x_wconf 90' lang='lat' dir='ltr'><strong>vel</strong></span> <span class='ocrx_word' id='word_1_582' title='bbox 1055 4773 1302 4840; x_wconf 86' lang='lat' dir='ltr'><strong>audiret;</strong></span> <span class='ocrx_word' id='word_1_583' title='bbox 1339 4772 1486 4844; x_wconf 89' lang='lat' dir='ltr'><strong>quod</strong></span> <span class='ocrx_word' id='word_1_584' title='bbox 1523 4773 1699 4842; x_wconf 90' lang='lat' dir='ltr'><strong>ipsum</strong></span> <span class='ocrx_word' id='word_1_585' title='bbox 1727 4788 1965 4843; x_wconf 62' lang='lat' dir='ltr'><strong>praesens</strong></span> 
     </span>
    </p>
   </div>
   <div class='ocr_carea' id='block_1_81' title="bbox 387 4861 1968 4935">
    <p class='ocr_par' dir='ltr' id='par_1_81' title="bbox 387 4861 1968 4935">
     <span class='ocr_line' id='line_1_81' title="bbox 387 4861 1968 4935; baseline 0.003 -21"><span class='ocrx_word' id='word_1_586' title='bbox 387 4875 570 4914; x_wconf 83' lang='lat' dir='ltr'><strong>sermo</strong></span> <span class='ocrx_word' id='word_1_587' title='bbox 593 4861 959 4917; x_wconf 88' lang='lat' dir='ltr'><strong>subindieavit</strong></span> <span class='ocrx_word' id='word_1_588' title='bbox 982 4863 1206 4918; x_wconf 89' lang='lat' dir='ltr'><strong>dicens:</strong></span> <span class='ocrx_word' id='word_1_589' title='bbox 1240 4882 1258 4914; x_wconf 80' lang='grc' dir='ltr'><strong>ι</strong></span> <span class='ocrx_word' id='word_1_590' title='bbox 1291 4863 1594 4919; x_wconf 81' lang='lat' dir='ltr'><strong>Descendet</strong></span> <span class='ocrx_word' id='word_1_591' title='bbox 1619 4865 1760 4918; x_wconf 90' lang='lat' dir='ltr'><strong>sicut</strong></span> <span class='ocrx_word' id='word_1_592' title='bbox 1785 4865 1968 4935; x_wconf 88' lang='lat' dir='ltr'><strong>pluvia</strong></span> 
     </span>
    </p>
   </div>
   <div class='ocr_carea' id='block_1_82' title="bbox 386 4953 1967 5030">
    <p class='ocr_par' dir='ltr' id='par_1_82' title="bbox 386 4953 1967 5030">
     <span class='ocr_line' id='line_1_82' title="bbox 386 4953 1967 5030; baseline 0.005 -24"><span class='ocrx_word' id='word_1_593' title='bbox 386 4953 444 5007; x_wconf 88' lang='lat' dir='ltr'><strong>in</strong></span> <span class='ocrx_word' id='word_1_594' title='bbox 471 4953 676 5020; x_wconf 83' lang='lat' dir='ltr'><strong>vellus;</strong></span> <span class='ocrx_word' id='word_1_595' title='bbox 717 4974 734 5005; x_wconf 72' lang='grc' dir='ltr'><strong>ι</strong></span> <span class='ocrx_word' id='word_1_596' title='bbox 770 4965 823 5009; x_wconf 91' lang='lat' dir='ltr'><strong>et</strong></span> <span class='ocrx_word' id='word_1_597' title='bbox 856 4957 1018 5023; x_wconf 90' lang='lat' dir='ltr'><strong>alias,</strong></span> <span class='ocrx_word' id='word_1_598' title='bbox 1048 4956 1177 5026; x_wconf 91' lang='lat' dir='ltr'><strong>quia</strong></span> <span class='ocrx_word' id='word_1_599' title='bbox 1211 4957 1385 5012; x_wconf 81' lang='lat' dir='ltr'><strong>vellus</strong></span> <span class='ocrx_word' id='word_1_600' title='bbox 1416 4959 1599 5014; x_wconf 91' lang='lat' dir='ltr'><strong>ovium</strong></span> <span class='ocrx_word' id='word_1_601' title='bbox 1651 4962 1808 5030; x_wconf 88' lang='lat' dir='ltr'><strong>pellis</strong></span> <span class='ocrx_word' id='word_1_602' title='bbox 1857 4971 1967 5028; x_wconf 80' lang='lat' dir='ltr'><strong>est,</strong></span> 
     </span>
    </p>
   </div>
   <div class='ocr_carea' id='block_1_83' title="bbox 385 5045 1965 5120">
    <p class='ocr_par' dir='ltr' id='par_1_83' title="bbox 385 5045 1965 5120">
     <span class='ocr_line' id='line_1_83' title="bbox 385 5045 1965 5120; baseline 0.005 -21"><span class='ocrx_word' id='word_1_603' title='bbox 385 5045 431 5099; x_wconf 88' lang='lat' dir='ltr'><strong>si</strong></span> <span class='ocrx_word' id='word_1_604' title='bbox 477 5045 686 5116; x_wconf 82' lang='lat' dir='ltr'><strong>cogites</strong></span> <span class='ocrx_word' id='word_1_605' title='bbox 739 5046 1084 5104; x_wconf 82' lang='lat' dir='ltr'><strong>Servatorem</strong></span> <span class='ocrx_word' id='word_1_606' title='bbox 1135 5050 1312 5120; x_wconf 92' lang='lat' dir='ltr'><strong>ipsum</strong></span> <span class='ocrx_word' id='word_1_607' title='bbox 1359 5051 1432 5104; x_wconf 91' lang='lat' dir='ltr'><strong>ita</strong></span> <span class='ocrx_word' id='word_1_608' title='bbox 1471 5051 1749 5117; x_wconf 89' lang='lat' dir='ltr'><strong>docuisse,</strong></span> <span class='ocrx_word' id='word_1_609' title='bbox 1789 5071 1806 5104; x_wconf 79' lang='grc' dir='ltr'><strong>ι</strong></span> <span class='ocrx_word' id='word_1_610' title='bbox 1845 5052 1965 5107; x_wconf 87' lang='lat' dir='ltr'><strong>Non</strong></span> 
     </span>
    </p>
   </div>
   <div class='ocr_carea' id='block_1_84' title="bbox 383 5137 1959 5214">
    <p class='ocr_par' dir='ltr' id='par_1_84' title="bbox 383 5137 1959 5214">
     <span class='ocr_line' id='line_1_84' title="bbox 383 5137 1959 5214; baseline 0.003 -22"><span class='ocrx_word' id='word_1_611' title='bbox 383 5137 505 5192; x_wconf 88' lang='lat' dir='ltr'><strong>veni</strong></span> <span class='ocrx_word' id='word_1_612' title='bbox 539 5138 646 5194; x_wconf 89' lang='lat' dir='ltr'><strong>nisi</strong></span> <span class='ocrx_word' id='word_1_613' title='bbox 679 5140 745 5195; x_wconf 90' lang='lat' dir='ltr'><strong>ad</strong></span> <span class='ocrx_word' id='word_1_614' title='bbox 783 5156 913 5196; x_wconf 91' lang='lat' dir='ltr'><strong>oves</strong></span> <span class='ocrx_word' id='word_1_615' title='bbox 946 5157 1068 5212; x_wconf 69' lang='lat' dir='ltr'><strong>qua:</strong></span> <span class='ocrx_word' id='word_1_616' title='bbox 1097 5143 1379 5212; x_wconf 89' lang='lat' dir='ltr'><strong>perierunt</strong></span> <span class='ocrx_word' id='word_1_617' title='bbox 1409 5143 1606 5200; x_wconf 93' lang='lat' dir='ltr'><strong>domus</strong></span> <span class='ocrx_word' id='word_1_618' title='bbox 1644 5146 1813 5201; x_wconf 82' lang='lat' dir='ltr'><strong>Israel</strong></span> <span class='ocrx_word' id='word_1_619' title='bbox 1847 5147 1892 5177; x_wconf 77' lang='lat'><strong>&quot;</strong></span> <span class='ocrx_word' id='word_1_620' title='bbox 1913 5165 1959 5214; x_wconf 77' lang='grc' dir='ltr'>;ι</span> 
     </span>
    </p>
   </div>
   <div class='ocr_carea' id='block_1_85' title="bbox 383 5230 1970 5306">
    <p class='ocr_par' dir='ltr' id='par_1_85' title="bbox 383 5230 1970 5306">
     <span class='ocr_line' id='line_1_85' title="bbox 383 5230 1970 5306; baseline 0.005 -24"><span class='ocrx_word' id='word_1_621' title='bbox 383 5244 626 5297; x_wconf 64' lang='lat' dir='ltr'><strong>praesens</strong></span> <span class='ocrx_word' id='word_1_622' title='bbox 680 5230 889 5286; x_wconf 90' lang='lat' dir='ltr'><strong>dictum</strong></span> <span class='ocrx_word' id='word_1_623' title='bbox 941 5232 1258 5302; x_wconf 87' lang='lat' dir='ltr'><strong>hujusmodi</strong></span> <span class='ocrx_word' id='word_1_624' title='bbox 1318 5236 1436 5289; x_wconf 90' lang='lat' dir='ltr'><strong>voci</strong></span> <span class='ocrx_word' id='word_1_625' title='bbox 1488 5237 1794 5306; x_wconf 86' lang='lat' dir='ltr'><strong>coaptabis.</strong></span> <span class='ocrx_word' id='word_1_626' title='bbox 1850 5235 1970 5290; x_wconf 86' lang='lat' dir='ltr'><strong>Non</strong></span> 
     </span>
    </p>
   </div>
   <div class='ocr_carea' id='block_1_86' title="bbox 381 5311 1968 5395">
    <p class='ocr_par' dir='ltr' id='par_1_86' title="bbox 381 5311 1968 5395">
     <span class='ocr_line' id='line_1_86' title="bbox 381 5311 1968 5395; baseline 0.005 -19"><span class='ocrx_word' id='word_1_627' title='bbox 381 5322 527 5376; x_wconf 85' lang='lat' dir='ltr'><strong>cnim</strong></span> <span class='ocrx_word' id='word_1_628' title='bbox 559 5322 626 5378; x_wconf 87' lang='lat' dir='ltr'><strong>ad</strong></span> <span class='ocrx_word' id='word_1_629' title='bbox 659 5324 823 5378; x_wconf 83' lang='lat' dir='ltr'><strong>aliam</strong></span> <span class='ocrx_word' id='word_1_630' title='bbox 853 5311 1402 5395; x_wconf 83' lang='lat' dir='ltr'><strong>gentemdescendit,</strong></span> <span class='ocrx_word' id='word_1_631' title='bbox 1440 5328 1535 5383; x_wconf 89' lang='lat' dir='ltr'><strong>sed</strong></span> <span class='ocrx_word' id='word_1_632' title='bbox 1570 5328 1639 5382; x_wconf 89' lang='lat' dir='ltr'><strong>ad</strong></span> <span class='ocrx_word' id='word_1_633' title='bbox 1671 5329 1844 5384; x_wconf 88' lang='lat' dir='ltr'><strong>solam</strong></span> <span class='ocrx_word' id='word_1_634' title='bbox 1878 5327 1968 5384; x_wconf 80' lang='lat' dir='ltr'><strong>Ju-</strong></span> 
     </span>
    </p>
   </div>
   <div class='ocr_carea' id='block_1_87' title="bbox 382 5415 1964 5489">
    <p class='ocr_par' dir='ltr' id='par_1_87' title="bbox 382 5415 1964 5489">
     <span class='ocr_line' id='line_1_87' title="bbox 382 5415 1964 5489; baseline 0.006 -20"><span class='ocrx_word' id='word_1_635' title='bbox 382 5415 633 5480; x_wconf 87' lang='lat' dir='ltr'><strong>daieam,</strong></span> <span class='ocrx_word' id='word_1_636' title='bbox 703 5433 871 5487; x_wconf 90' lang='lat' dir='ltr'><strong>penes</strong></span> <span class='ocrx_word' id='word_1_637' title='bbox 927 5434 1091 5489; x_wconf 90' lang='lat' dir='ltr'><strong>quam</strong></span> <span class='ocrx_word' id='word_1_638' title='bbox 1153 5429 1525 5477; x_wconf 89' lang='lat' dir='ltr'><strong>commoratus</strong></span> <span class='ocrx_word' id='word_1_639' title='bbox 1570 5430 1676 5478; x_wconf 90' lang='lat' dir='ltr'><strong>est.</strong></span> <span class='ocrx_word' id='word_1_640' title='bbox 1745 5420 1964 5479; x_wconf 87' lang='lat' dir='ltr'><strong>Primus</strong></span> 
     </span>
    </p>
   </div>
   <div class='ocr_carea' id='block_1_88' title="bbox 383 5509 1960 5584">
    <p class='ocr_par' dir='ltr' id='par_1_88' title="bbox 383 5509 1960 5584">
     <span class='ocr_line' id='line_1_88' title="bbox 383 5509 1960 5584; baseline 0.006 -25"><span class='ocrx_word' id='word_1_641' title='bbox 383 5521 514 5576; x_wconf 86' lang='lat' dir='ltr'><strong>ergo</strong></span> <span class='ocrx_word' id='word_1_642' title='bbox 535 5509 655 5575; x_wconf 80' lang='lat' dir='ltr'><strong>ejus</strong></span> <span class='ocrx_word' id='word_1_643' title='bbox 685 5509 985 5567; x_wconf 84' lang='lat' dir='ltr'><strong>descensus</strong></span> <span class='ocrx_word' id='word_1_644' title='bbox 1025 5512 1150 5567; x_wconf 85' lang='lat' dir='ltr'><strong>talis</strong></span> <span class='ocrx_word' id='word_1_645' title='bbox 1176 5512 1296 5576; x_wconf 85' lang='lat' dir='ltr'><strong>fuit,</strong></span> <span class='ocrx_word' id='word_1_646' title='bbox 1328 5515 1507 5582; x_wconf 85' lang='lat' dir='ltr'><strong>qualis</strong></span> <span class='ocrx_word' id='word_1_647' title='bbox 1535 5515 1734 5584; x_wconf 75' lang='lat' dir='ltr'><strong>pluvia:</strong></span> <span class='ocrx_word' id='word_1_648' title='bbox 1764 5515 1818 5568; x_wconf 91' lang='lat' dir='ltr'><strong>in</strong></span> <span class='ocrx_word' id='word_1_649' title='bbox 1847 5517 1960 5570; x_wconf 89' lang='lat' dir='ltr'><strong>vel-</strong></span> 
     </span>
    </p>
   </div>
   <div class='ocr_carea' id='block_1_89' title="bbox 385 5597 1959 5672">
    <p class='ocr_par' dir='ltr' id='par_1_89' title="bbox 385 5597 1959 5672">
     <span class='ocr_line' id='line_1_89' title="bbox 385 5597 1959 5672; baseline 0.006 -19"><span class='ocrx_word' id='word_1_650' title='bbox 385 5597 472 5653; x_wconf 62' lang='lat' dir='ltr'><strong>l&#39;zs</strong></span> <span class='ocrx_word' id='word_1_651' title='bbox 525 5600 825 5656; x_wconf 84' lang='lat' dir='ltr'><strong>secundum</strong></span> <span class='ocrx_word' id='word_1_652' title='bbox 869 5603 984 5672; x_wconf 88' lang='lat' dir='ltr'><strong>jam</strong></span> <span class='ocrx_word' id='word_1_653' title='bbox 1021 5603 1276 5658; x_wconf 89' lang='lat' dir='ltr'><strong>traditam</strong></span> <span class='ocrx_word' id='word_1_654' title='bbox 1337 5605 1626 5663; x_wconf 87' lang='lat' dir='ltr'><strong>rationem.</strong></span> <span class='ocrx_word' id='word_1_655' title='bbox 1682 5605 1813 5663; x_wconf 88' lang='lat' dir='ltr'><strong>Post</strong></span> <span class='ocrx_word' id='word_1_656' title='bbox 1845 5609 1959 5664; x_wconf 66' lang='lat' dir='ltr'><strong>haec</strong></span> 
     </span>
    </p>
   </div>
   <div class='ocr_carea' id='block_1_90' title="bbox 456 5693 1512 5765">
    <p class='ocr_par' dir='ltr' id='par_1_90' title="bbox 456 5693 1512 5765">
     <span class='ocr_line' id='line_1_90' title="bbox 456 5693 1512 5765; baseline 0.008 -18"><span class='ocrx_word' id='word_1_657' title='bbox 456 5695 500 5726; x_wconf 79' lang='grc'><strong>’⁷</strong></span> <span class='ocrx_word' id='word_1_658' title='bbox 537 5693 740 5764; x_wconf 85' lang='lat' dir='ltr'><strong>Philip.</strong></span> <span class='ocrx_word' id='word_1_659' title='bbox 767 5712 828 5760; x_wconf 86' lang='grc' dir='ltr'><strong>ιι,</strong></span> <span class='ocrx_word' id='word_1_660' title='bbox 853 5697 908 5752; x_wconf 88' lang='grc'><strong>8.</strong></span> <span class='ocrx_word' id='word_1_661' title='bbox 989 5699 1040 5738; x_wconf 57' lang='grc' dir='ltr'><strong>’⁸η</strong></span> <span class='ocrx_word' id='word_1_662' title='bbox 1073 5698 1265 5756; x_wconf 77' lang='lat' dir='ltr'><strong>Matth.</strong></span> <span class='ocrx_word' id='word_1_663' title='bbox 1297 5717 1387 5765; x_wconf 71' lang='lat' dir='ltr'><strong>xv,</strong></span> <span class='ocrx_word' id='word_1_664' title='bbox 1422 5702 1512 5755; x_wconf 64' lang='grc' dir='ltr'>ιιι.</span> 
     </span>
    </p>
   </div>
   <div class='ocr_carea' id='block_1_91' title="bbox 465 5788 898 5860">
    <p class='ocr_par' dir='ltr' id='par_1_91' title="bbox 465 5788 898 5860">
     <span class='ocr_line' id='line_1_91' title="bbox 465 5788 898 5860; baseline 0.002 -16"><span class='ocrx_word' id='word_1_665' title='bbox 465 5791 535 5860; x_wconf 70' lang='grc' dir='ltr'>(ιξ</span> <span class='ocrx_word' id='word_1_666' title='bbox 575 5788 739 5844; x_wconf 71' lang='lat' dir='ltr'><strong>Forte</strong></span> <span class='ocrx_word' id='word_1_667' title='bbox 767 5794 898 5854; x_wconf 82' lang='grc' dir='ltr'>τοῖς.</span> 
     </span>
    </p>
   </div>
   <div class='ocr_carea' id='block_1_92' title="bbox 2076 3208 3661 3286">
    <p class='ocr_par' dir='ltr' id='par_1_92' title="bbox 2076 3208 3661 3286">
     <span class='ocr_line' id='line_1_92' title="bbox 2076 3208 3661 3286; baseline -0.003 -20"><span class='ocrx_word' id='word_1_668' title='bbox 2076 3213 2352 3286; x_wconf 79' lang='grc' dir='ltr'>περιφορᾷ</span> <span class='ocrx_word' id='word_1_669' title='bbox 2383 3212 2502 3266; x_wconf 84' lang='grc' dir='ltr'>καθ’</span> <span class='ocrx_word' id='word_1_670' title='bbox 2533 3213 2598 3283; x_wconf 77' lang='grc' dir='ltr'><strong>ήν</strong></span> <span class='ocrx_word' id='word_1_671' title='bbox 2626 3210 3110 3282; x_wconf 83' lang='grc' dir='ltr'>συμπεριενεχθεὶς</span> <span class='ocrx_word' id='word_1_672' title='bbox 3138 3213 3203 3281; x_wconf 80' lang='grc' dir='ltr'>τῇ</span> <span class='ocrx_word' id='word_1_673' title='bbox 3225 3209 3333 3262; x_wconf 88' lang='grc' dir='ltr'><strong>τῶν</strong></span> <span class='ocrx_word' id='word_1_674' title='bbox 3353 3208 3661 3281; x_wconf 83' lang='grc' dir='ltr'>ἀνθρώπων</span> 
     </span>
    </p>
   </div>
   <div class='ocr_carea' id='block_1_93' title="bbox 2079 3301 3659 3376">
    <p class='ocr_par' dir='ltr' id='par_1_93' title="bbox 2079 3301 3659 3376">
     <span class='ocr_line' id='line_1_93' title="bbox 2079 3301 3659 3376; baseline -0.003 -18"><span class='ocrx_word' id='word_1_675' title='bbox 2079 3304 2440 3376; x_wconf 86' lang='grc' dir='ltr'>σμικρότητι,</span> <span class='ocrx_word' id='word_1_676' title='bbox 2493 3323 2510 3354; x_wconf 85' lang='grc' dir='ltr'><strong>ι</strong></span> <span class='ocrx_word' id='word_1_677' title='bbox 2553 3302 2914 3357; x_wconf 78' lang='grc' dir='ltr'>ἐταπείνωσεν</span> <span class='ocrx_word' id='word_1_678' title='bbox 2959 3301 3148 3356; x_wconf 79' lang='grc' dir='ltr'>ἑαυτὸν</span> <span class='ocrx_word' id='word_1_679' title='bbox 3205 3303 3418 3374; x_wconf 84' lang='grc' dir='ltr'>μορφὴν</span> <span class='ocrx_word' id='word_1_680' title='bbox 3471 3301 3659 3355; x_wconf 85' lang='grc' dir='ltr'>δούλου</span> 
     </span>
    </p>
   </div>
   <div class='ocr_carea' id='block_1_94' title="bbox 2073 3393 3660 3466">
    <p class='ocr_par' dir='ltr' id='par_1_94' title="bbox 2073 3393 3660 3466">
     <span class='ocr_line' id='line_1_94' title="bbox 2073 3393 3660 3466; baseline -0.001 -18"><span class='ocrx_word' id='word_1_681' title='bbox 2073 3396 2273 3460; x_wconf 87' lang='grc' dir='ltr'>λαϐὼν,</span> <span class='ocrx_word' id='word_1_682' title='bbox 2314 3397 2408 3449; x_wconf 71' lang='grc' dir='ltr'>καὶ</span> <span class='ocrx_word' id='word_1_683' title='bbox 2443 3396 2678 3466; x_wconf 83' lang='grc' dir='ltr'>σχήματι</span> <span class='ocrx_word' id='word_1_684' title='bbox 2716 3394 2960 3466; x_wconf 74' lang='grc' dir='ltr'>εὑρεθεὶς</span> <span class='ocrx_word' id='word_1_685' title='bbox 2988 3393 3065 3458; x_wconf 83' lang='grc' dir='ltr'>ὡς</span> <span class='ocrx_word' id='word_1_686' title='bbox 3112 3393 3418 3465; x_wconf 79' lang='grc' dir='ltr'>ἄνθρωπος.</span> <span class='ocrx_word' id='word_1_687' title='bbox 3453 3413 3471 3446; x_wconf 75' lang='grc' dir='ltr'><strong>ι</strong></span> <span class='ocrx_word' id='word_1_688' title='bbox 3519 3397 3597 3448; x_wconf 84' lang='grc' dir='ltr'><strong>Δι’</strong></span> <span class='ocrx_word' id='word_1_689' title='bbox 3631 3395 3660 3447; x_wconf 85' lang='grc' dir='ltr'><strong>ὂ</strong></span> 
     </span>
    </p>
   </div>
   <div class='ocr_carea' id='block_1_95' title="bbox 2073 3486 3658 3557">
    <p class='ocr_par' dir='ltr' id='par_1_95' title="bbox 2073 3486 3658 3557">
     <span class='ocr_line' id='line_1_95' title="bbox 2073 3486 3658 3557; baseline -0.003 -15"><span class='ocrx_word' id='word_1_690' title='bbox 2073 3490 2324 3544; x_wconf 84' lang='grc' dir='ltr'>λέλεκται</span> <span class='ocrx_word' id='word_1_691' title='bbox 2350 3505 2364 3519; x_wconf 72' lang='grc' dir='ltr'><strong><em>ο</em></strong></span> <span class='ocrx_word' id='word_1_692' title='bbox 2424 3507 2442 3540; x_wconf 74' lang='grc' dir='ltr'><strong>ι</strong></span> <span class='ocrx_word' id='word_1_693' title='bbox 2482 3488 2888 3557; x_wconf 82' lang='grc' dir='ltr'>Καταϐήσεται.</span> <span class='ocrx_word' id='word_1_694' title='bbox 2933 3507 2951 3540; x_wconf 70' lang='grc' dir='ltr'><strong>ι</strong></span> <span class='ocrx_word' id='word_1_695' title='bbox 3023 3486 3362 3556; x_wconf 78' lang='grc' dir='ltr'>’Δναγκαίως</span> <span class='ocrx_word' id='word_1_696' title='bbox 3427 3487 3485 3540; x_wconf 84' lang='grc' dir='ltr'><strong>δὲ</strong></span> <span class='ocrx_word' id='word_1_697' title='bbox 3563 3489 3658 3540; x_wconf 82' lang='grc' dir='ltr'>καὶ</span> 
     </span>
    </p>
   </div>
   <div class='ocr_carea' id='block_1_96' title="bbox 2074 3579 3656 3653">
    <p class='ocr_par' dir='ltr' id='par_1_96' title="bbox 2074 3579 3656 3653">
     <span class='ocr_line' id='line_1_96' title="bbox 2074 3579 3656 3653; baseline -0.001 -21"><span class='ocrx_word' id='word_1_698' title='bbox 2074 3579 2481 3653; x_wconf 87' lang='grc' dir='ltr'>παραδείγματι</span> <span class='ocrx_word' id='word_1_699' title='bbox 2534 3579 2798 3650; x_wconf 86' lang='grc' dir='ltr'>κέχρηται</span> <span class='ocrx_word' id='word_1_700' title='bbox 2858 3579 3162 3651; x_wconf 77' lang='grc' dir='ltr'>προφητεία</span> <span class='ocrx_word' id='word_1_701' title='bbox 3214 3579 3464 3650; x_wconf 77' lang='grc' dir='ltr'>φήσασα,</span> <span class='ocrx_word' id='word_1_702' title='bbox 3501 3597 3520 3631; x_wconf 79' lang='grc' dir='ltr'><strong>ι</strong></span> <span class='ocrx_word' id='word_1_703' title='bbox 3571 3579 3656 3643; x_wconf 75' lang='grc' dir='ltr'>Ὠς</span> 
     </span>
    </p>
   </div>
   <div class='ocr_carea' id='block_1_97' title="bbox 2075 3669 3661 3744">
    <p class='ocr_par' dir='ltr' id='par_1_97' title="bbox 2075 3669 3661 3744">
     <span class='ocr_line' id='line_1_97' title="bbox 2075 3669 3661 3744; baseline -0.001 -17"><span class='ocrx_word' id='word_1_704' title='bbox 2075 3673 2226 3736; x_wconf 79' lang='grc' dir='ltr'>ὑετὸς</span> <span class='ocrx_word' id='word_1_705' title='bbox 2287 3673 2380 3726; x_wconf 71' lang='grc' dir='ltr'><strong>ἐπὶ</strong></span> <span class='ocrx_word' id='word_1_706' title='bbox 2454 3671 2640 3726; x_wconf 87' lang='grc' dir='ltr'>πόκον.</span> <span class='ocrx_word' id='word_1_707' title='bbox 2697 3691 2715 3724; x_wconf 75' lang='grc' dir='ltr'><strong>ι</strong></span> <span class='ocrx_word' id='word_1_708' title='bbox 2779 3673 2844 3724; x_wconf 78' lang='grc' dir='ltr'><strong>’Ὀ</strong></span> <span class='ocrx_word' id='word_1_709' title='bbox 2893 3672 2956 3744; x_wconf 83' lang='grc' dir='ltr'><strong>δὴ</strong></span> <span class='ocrx_word' id='word_1_710' title='bbox 3010 3669 3314 3742; x_wconf 83' lang='grc' dir='ltr'>συμφώνως</span> <span class='ocrx_word' id='word_1_711' title='bbox 3372 3675 3422 3726; x_wconf 82' lang='grc' dir='ltr'><strong>οἱ</strong></span> <span class='ocrx_word' id='word_1_712' title='bbox 3484 3672 3661 3726; x_wconf 74' lang='grc' dir='ltr'>λοιποὶ</span> 
     </span>
    </p>
   </div>
   <div class='ocr_carea' id='block_1_98' title="bbox 2074 3760 3661 3833">
    <p class='ocr_par' dir='ltr' id='par_1_98' title="bbox 2074 3760 3661 3833">
     <span class='ocr_line' id='line_1_98' title="bbox 2074 3760 3661 3833; baseline 0.001 -19"><span class='ocrx_word' id='word_1_713' title='bbox 2074 3760 2270 3824; x_wconf 86' lang='grc' dir='ltr'>πάντες</span> <span class='ocrx_word' id='word_1_714' title='bbox 2295 3762 2644 3832; x_wconf 86' lang='grc' dir='ltr'>ἡρμήνευσαν</span> <span class='ocrx_word' id='word_1_715' title='bbox 2660 3776 2673 3789; x_wconf 85' lang='grc'>⁶</span> <span class='ocrx_word' id='word_1_716' title='bbox 2713 3760 2944 3824; x_wconf 80' lang='grc' dir='ltr'>’Λκύλας</span> <span class='ocrx_word' id='word_1_717' title='bbox 2968 3761 3066 3833; x_wconf 79' lang='grc' dir='ltr'><strong>μὲν</strong></span> <span class='ocrx_word' id='word_1_718' title='bbox 3088 3761 3277 3830; x_wconf 86' lang='grc' dir='ltr'>είπὼν,</span> <span class='ocrx_word' id='word_1_719' title='bbox 3313 3783 3330 3814; x_wconf 80' lang='grc' dir='ltr'><strong>ι</strong></span> <span class='ocrx_word' id='word_1_720' title='bbox 3356 3765 3465 3818; x_wconf 79' lang='grc' dir='ltr'><strong>Καὶ</strong></span> <span class='ocrx_word' id='word_1_721' title='bbox 3489 3781 3661 3818; x_wconf 84' lang='grc' dir='ltr'>κατα-</span> 
     </span>
    </p>
   </div>
   <div class='ocr_carea' id='block_1_99' title="bbox 2074 3853 3661 3926">
    <p class='ocr_par' dir='ltr' id='par_1_99' title="bbox 2074 3853 3661 3926">
     <span class='ocr_line' id='line_1_99' title="bbox 2074 3853 3661 3926; baseline 0.001 -19"><span class='ocrx_word' id='word_1_722' title='bbox 2074 3855 2302 3926; x_wconf 89' lang='grc' dir='ltr'>ϐήσεται</span> <span class='ocrx_word' id='word_1_723' title='bbox 2335 3853 2411 3916; x_wconf 82' lang='grc' dir='ltr'>ὡς</span> <span class='ocrx_word' id='word_1_724' title='bbox 2437 3854 2591 3917; x_wconf 86' lang='grc' dir='ltr'>ὑετὸς</span> <span class='ocrx_word' id='word_1_725' title='bbox 2628 3854 2720 3906; x_wconf 75' lang='grc' dir='ltr'>ἐπὶ</span> <span class='ocrx_word' id='word_1_726' title='bbox 2751 3855 2984 3926; x_wconf 79' lang='grc' dir='ltr'>κουράνο</span> <span class='ocrx_word' id='word_1_727' title='bbox 3023 3873 3040 3905; x_wconf 78' lang='grc' dir='ltr'><strong>ι</strong></span> <span class='ocrx_word' id='word_1_728' title='bbox 3073 3854 3368 3926; x_wconf 83' lang='grc' dir='ltr'>Σύμμαχος</span> <span class='ocrx_word' id='word_1_729' title='bbox 3390 3855 3466 3917; x_wconf 83' lang='grc' dir='ltr'><strong>δὲ,</strong></span> <span class='ocrx_word' id='word_1_730' title='bbox 3501 3876 3520 3908; x_wconf 71' lang='grc' dir='ltr'><strong>ε</strong></span> <span class='ocrx_word' id='word_1_731' title='bbox 3545 3858 3661 3909; x_wconf 84' lang='grc' dir='ltr'><strong>Κα-</strong></span> 
     </span>
    </p>
   </div>
   <div class='ocr_carea' id='block_1_100' title="bbox 2072 3944 3658 4017">
    <p class='ocr_par' dir='ltr' id='par_1_100' title="bbox 2072 3944 3658 4017">
     <span class='ocr_line' id='line_1_100' title="bbox 2072 3944 3658 4017; baseline 0.003 -20"><span class='ocrx_word' id='word_1_732' title='bbox 2072 3944 2367 4016; x_wconf 82' lang='grc' dir='ltr'>ταϐήσεται</span> <span class='ocrx_word' id='word_1_733' title='bbox 2415 3945 2490 4009; x_wconf 85' lang='grc' dir='ltr'>ὼς</span> <span class='ocrx_word' id='word_1_734' title='bbox 2533 3946 2722 4017; x_wconf 88' lang='grc' dir='ltr'>δρόσος</span> <span class='ocrx_word' id='word_1_735' title='bbox 2794 3947 2886 3999; x_wconf 73' lang='grc' dir='ltr'><strong>ἐπὶ</strong></span> <span class='ocrx_word' id='word_1_736' title='bbox 2929 3947 3130 4000; x_wconf 87' lang='grc' dir='ltr'>πόκον·</span> <span class='ocrx_word' id='word_1_737' title='bbox 3176 3967 3196 4000; x_wconf 84' lang='grc'><strong>›</strong></span> <span class='ocrx_word' id='word_1_738' title='bbox 3243 3949 3337 4002; x_wconf 79' lang='grc' dir='ltr'>καὶ</span> <span class='ocrx_word' id='word_1_739' title='bbox 3375 3950 3423 4000; x_wconf 80' lang='grc' dir='ltr'><strong>οἱ</strong></span> <span class='ocrx_word' id='word_1_740' title='bbox 3483 3947 3658 4002; x_wconf 75' lang='grc' dir='ltr'>λοιποὶ</span> 
     </span>
    </p>
   </div>
   <div class='ocr_carea' id='block_1_101' title="bbox 2075 4037 3657 4112">
    <p class='ocr_par' dir='ltr' id='par_1_101' title="bbox 2075 4037 3657 4112">
     <span class='ocr_line' id='line_1_101' title="bbox 2075 4037 3657 4112; baseline 0.003 -22"><span class='ocrx_word' id='word_1_741' title='bbox 2075 4037 2409 4108; x_wconf 78' lang='grc' dir='ltr'>ἑρμηνευταὶ</span> <span class='ocrx_word' id='word_1_742' title='bbox 2437 4039 2640 4109; x_wconf 85' lang='grc' dir='ltr'>ὁμοίως</span> <span class='ocrx_word' id='word_1_743' title='bbox 2662 4056 2674 4067; x_wconf 91' lang='grc'><strong>·</strong></span> <span class='ocrx_word' id='word_1_744' title='bbox 2710 4038 3084 4110; x_wconf 88' lang='grc' dir='ltr'>παριστῶντες</span> <span class='ocrx_word' id='word_1_745' title='bbox 3112 4040 3207 4093; x_wconf 78' lang='grc' dir='ltr'>τοῦ</span> <span class='ocrx_word' id='word_1_746' title='bbox 3252 4040 3422 4110; x_wconf 84' lang='grc' dir='ltr'>Λόγου</span> <span class='ocrx_word' id='word_1_747' title='bbox 3468 4040 3564 4112; x_wconf 87' lang='grc' dir='ltr'>τὴν</span> <span class='ocrx_word' id='word_1_748' title='bbox 3595 4040 3657 4105; x_wconf 75' lang='grc' dir='ltr'><strong>ἐξ</strong></span> 
     </span>
    </p>
   </div>
   <div class='ocr_carea' id='block_1_102' title="bbox 2073 4125 3653 4208">
    <p class='ocr_par' dir='ltr' id='par_1_102' title="bbox 2073 4125 3653 4208">
     <span class='ocr_line' id='line_1_102' title="bbox 2073 4125 3653 4208; baseline 0.004 -28"><span class='ocrx_word' id='word_1_749' title='bbox 2073 4125 2240 4196; x_wconf 69' lang='grc' dir='ltr'>ὕψους</span> <span class='ocrx_word' id='word_1_750' title='bbox 2268 4129 2366 4200; x_wconf 83' lang='grc' dir='ltr'>τὴν</span> <span class='ocrx_word' id='word_1_751' title='bbox 2416 4127 2475 4193; x_wconf 77' lang='grc' dir='ltr'>ἐξ</span> <span class='ocrx_word' id='word_1_752' title='bbox 2522 4129 2702 4182; x_wconf 76' lang='grc' dir='ltr'>αὐτῶν</span> <span class='ocrx_word' id='word_1_753' title='bbox 2747 4130 2993 4201; x_wconf 81' lang='grc' dir='ltr'>οὐρανῶν</span> <span class='ocrx_word' id='word_1_754' title='bbox 3024 4132 3245 4186; x_wconf 85' lang='grc' dir='ltr'>κάθοδον</span> <span class='ocrx_word' id='word_1_755' title='bbox 3279 4134 3371 4186; x_wconf 79' lang='grc' dir='ltr'><strong>ἐπὶ</strong></span> <span class='ocrx_word' id='word_1_756' title='bbox 3416 4133 3530 4208; x_wconf 39' lang='grc' dir='ltr'>γῆς.</span> <span class='ocrx_word' id='word_1_757' title='bbox 3561 4133 3653 4187; x_wconf 76' lang='grc' dir='ltr'><strong>τού</strong></span> 
     </span>
    </p>
   </div>
   <div class='ocr_carea' id='block_1_103' title="bbox 2072 4223 3656 4298">
    <p class='ocr_par' dir='ltr' id='par_1_103' title="bbox 2072 4223 3656 4298">
     <span class='ocr_line' id='line_1_103' title="bbox 2072 4223 3656 4298; baseline 0.003 -23"><span class='ocrx_word' id='word_1_758' title='bbox 2072 4224 2582 4295; x_wconf 75' lang='grc' dir='ltr'>προφητευομένου“</span> <span class='ocrx_word' id='word_1_759' title='bbox 2617 4223 2712 4277; x_wconf 77' lang='grc' dir='ltr'><strong>καὶ</strong></span> <span class='ocrx_word' id='word_1_760' title='bbox 2763 4225 2838 4288; x_wconf 86' lang='grc' dir='ltr'>ὼς</span> <span class='ocrx_word' id='word_1_761' title='bbox 2864 4226 3049 4296; x_wconf 77' lang='grc' dir='ltr'>ἡρέμα</span> <span class='ocrx_word' id='word_1_762' title='bbox 3097 4227 3188 4279; x_wconf 73' lang='grc' dir='ltr'><strong>καὶ</strong></span> <span class='ocrx_word' id='word_1_763' title='bbox 3219 4227 3396 4298; x_wconf 85' lang='grc' dir='ltr'>ἡσυχῆ</span> <span class='ocrx_word' id='word_1_764' title='bbox 3432 4227 3656 4297; x_wconf 82' lang='grc' dir='ltr'>μηδενὸς</span> 
     </span>
    </p>
   </div>
   <div class='ocr_carea' id='block_1_104' title="bbox 2071 4314 3632 4390">
    <p class='ocr_par' dir='ltr' id='par_1_104' title="bbox 2071 4314 3632 4390">
     <span class='ocr_line' id='line_1_104' title="bbox 2071 4314 3632 4390; baseline 0.004 -23"><span class='ocrx_word' id='word_1_765' title='bbox 2071 4314 2393 4386; x_wconf 77' lang='grc' dir='ltr'>αἰσθομένου</span> <span class='ocrx_word' id='word_1_766' title='bbox 2420 4315 2818 4386; x_wconf 84' lang='grc' dir='ltr'>καταϐέϐηκεν.</span> <span class='ocrx_word' id='word_1_767' title='bbox 2846 4317 3031 4381; x_wconf 84' lang='grc' dir='ltr'>’Υετὸς</span> <span class='ocrx_word' id='word_1_768' title='bbox 3063 4318 3171 4390; x_wconf 84' lang='grc' dir='ltr'>γὰρ</span> <span class='ocrx_word' id='word_1_769' title='bbox 3202 4319 3296 4372; x_wconf 75' lang='grc' dir='ltr'><strong>ἐπὶ</strong></span> <span class='ocrx_word' id='word_1_770' title='bbox 3328 4320 3494 4374; x_wconf 86' lang='grc' dir='ltr'>πόκον</span> <span class='ocrx_word' id='word_1_771' title='bbox 3528 4337 3632 4373; x_wconf 87' lang='grc' dir='ltr'><strong>κατ</strong></span> 
     </span>
    </p>
   </div>
   <div class='ocr_carea' id='block_1_105' title="bbox 2077 4407 3656 4480">
    <p class='ocr_par' dir='ltr' id='par_1_105' title="bbox 2077 4407 3656 4480">
     <span class='ocr_line' id='line_1_105' title="bbox 2077 4407 3656 4480; baseline 0.001 -18"><span class='ocrx_word' id='word_1_772' title='bbox 2077 4407 2203 4474; x_wconf 86' lang='grc' dir='ltr'>ιὼν,</span> <span class='ocrx_word' id='word_1_773' title='bbox 2256 4407 2669 4479; x_wconf 87' lang='grc' dir='ltr'>άνεπαισθήτως</span> <span class='ocrx_word' id='word_1_774' title='bbox 2727 4409 2821 4462; x_wconf 77' lang='grc' dir='ltr'>καὶ</span> <span class='ocrx_word' id='word_1_775' title='bbox 2881 4409 3122 4480; x_wconf 71' lang='grc' dir='ltr'>ἀψοφητὶ</span> <span class='ocrx_word' id='word_1_776' title='bbox 3181 4413 3444 4466; x_wconf 86' lang='grc' dir='ltr'>κάτεισιν.</span> <span class='ocrx_word' id='word_1_777' title='bbox 3503 4412 3656 4466; x_wconf 77' lang='grc' dir='ltr'>Ἐπεὶ</span> 
     </span>
    </p>
   </div>
   <div class='ocr_carea' id='block_1_106' title="bbox 2073 4502 3652 4578">
    <p class='ocr_par' dir='ltr' id='par_1_106' title="bbox 2073 4502 3652 4578">
     <span class='ocr_line' id='line_1_106' title="bbox 2073 4502 3652 4578; baseline 0.003 -22"><span class='ocrx_word' id='word_1_778' title='bbox 2073 4504 2252 4558; x_wconf 87' lang='grc' dir='ltr'>τοίνυν</span> <span class='ocrx_word' id='word_1_779' title='bbox 2301 4505 2334 4573; x_wconf 85' lang='grc' dir='ltr'><strong>ἡ</strong></span> <span class='ocrx_word' id='word_1_780' title='bbox 2372 4502 2514 4556; x_wconf 77' lang='grc' dir='ltr'>κατὰ</span> <span class='ocrx_word' id='word_1_781' title='bbox 2573 4503 2750 4574; x_wconf 88' lang='grc' dir='ltr'>σάρκα</span> <span class='ocrx_word' id='word_1_782' title='bbox 2796 4504 3009 4572; x_wconf 82' lang='grc' dir='ltr'>γένεσις</span> <span class='ocrx_word' id='word_1_783' title='bbox 3044 4505 3136 4558; x_wconf 77' lang='grc' dir='ltr'>τοῦ</span> <span class='ocrx_word' id='word_1_784' title='bbox 3196 4507 3447 4578; x_wconf 82' lang='grc' dir='ltr'>Σωτῆρος</span> <span class='ocrx_word' id='word_1_785' title='bbox 3498 4507 3652 4578; x_wconf 78' lang='grc' dir='ltr'>ήμῶν</span> 
     </span>
    </p>
   </div>
   <div class='ocr_carea' id='block_1_107' title="bbox 2070 4595 3658 4671">
    <p class='ocr_par' dir='ltr' id='par_1_107' title="bbox 2070 4595 3658 4671">
     <span class='ocr_line' id='line_1_107' title="bbox 2070 4595 3658 4671; baseline 0.002 -21"><span class='ocrx_word' id='word_1_786' title='bbox 2070 4596 2325 4668; x_wconf 83' lang='grc' dir='ltr'>τοιαύτην</span> <span class='ocrx_word' id='word_1_787' title='bbox 2355 4595 2616 4667; x_wconf 78' lang='grc' dir='ltr'>ἀνείληφε</span> <span class='ocrx_word' id='word_1_788' title='bbox 2646 4597 2745 4668; x_wconf 84' lang='grc' dir='ltr'>τὴν</span> <span class='ocrx_word' id='word_1_789' title='bbox 2769 4600 3101 4669; x_wconf 85' lang='grc' dir='ltr'>οἰκονομίαν,</span> <span class='ocrx_word' id='word_1_790' title='bbox 3123 4600 3199 4663; x_wconf 80' lang='grc' dir='ltr'>ὡς</span> <span class='ocrx_word' id='word_1_791' title='bbox 3233 4600 3438 4671; x_wconf 85' lang='grc' dir='ltr'>μηδένα</span> <span class='ocrx_word' id='word_1_792' title='bbox 3468 4603 3658 4670; x_wconf 81' lang='grc' dir='ltr'>νοῆσαι</span> 
     </span>
    </p>
   </div>
   <div class='ocr_carea' id='block_1_108' title="bbox 2075 4689 3659 4761">
    <p class='ocr_par' dir='ltr' id='par_1_108' title="bbox 2075 4689 3659 4761">
     <span class='ocr_line' id='line_1_108' title="bbox 2075 4689 3659 4761; baseline 0.001 -19"><span class='ocrx_word' id='word_1_793' title='bbox 2075 4689 2208 4761; x_wconf 74' lang='grc' dir='ltr'>μηδὲ</span> <span class='ocrx_word' id='word_1_794' title='bbox 2241 4689 2591 4759; x_wconf 85' lang='grc' dir='ltr'>ἀκουσθῆναι,</span> <span class='ocrx_word' id='word_1_795' title='bbox 2617 4689 2750 4761; x_wconf 84' lang='grc' dir='ltr'>μηδὲ</span> <span class='ocrx_word' id='word_1_796' title='bbox 2774 4690 2896 4753; x_wconf 80' lang='grc' dir='ltr'>τοὺς</span> <span class='ocrx_word' id='word_1_797' title='bbox 2916 4690 2991 4761; x_wconf 78' lang='grc'><strong>(1)</strong></span> <span class='ocrx_word' id='word_1_798' title='bbox 3012 4693 3075 4744; x_wconf 76' lang='grc' dir='ltr'>ἐκ</span> <span class='ocrx_word' id='word_1_799' title='bbox 3107 4691 3364 4760; x_wconf 86' lang='grc' dir='ltr'>γειτόνων</span> <span class='ocrx_word' id='word_1_800' title='bbox 3380 4691 3659 4746; x_wconf 79' lang='grc' dir='ltr'>οἱκοῦσιτὸ</span> 
     </span>
    </p>
   </div>
   <div class='ocr_carea' id='block_1_109' title="bbox 2077 4781 3659 4856">
    <p class='ocr_par' dir='ltr' id='par_1_109' title="bbox 2077 4781 3659 4856">
     <span class='ocr_line' id='line_1_109' title="bbox 2077 4781 3659 4856; baseline 0.003 -22"><span class='ocrx_word' id='word_1_801' title='bbox 2077 4783 2372 4853; x_wconf 89' lang='grc' dir='ltr'>μυστήριον</span> <span class='ocrx_word' id='word_1_802' title='bbox 2408 4781 2506 4852; x_wconf 84' lang='grc' dir='ltr'>τῆς</span> <span class='ocrx_word' id='word_1_803' title='bbox 2545 4782 2858 4852; x_wconf 76' lang='grc' dir='ltr'>συλλήψεως</span> <span class='ocrx_word' id='word_1_804' title='bbox 2885 4785 2976 4838; x_wconf 75' lang='grc' dir='ltr'>καὶ</span> <span class='ocrx_word' id='word_1_805' title='bbox 3004 4783 3096 4836; x_wconf 82' lang='grc' dir='ltr'>τοῦ</span> <span class='ocrx_word' id='word_1_806' title='bbox 3125 4784 3345 4838; x_wconf 84' lang='grc' dir='ltr'>τοκετοῦ</span> <span class='ocrx_word' id='word_1_807' title='bbox 3373 4784 3474 4856; x_wconf 82' lang='grc' dir='ltr'>τῆς</span> <span class='ocrx_word' id='word_1_808' title='bbox 3501 4784 3659 4853; x_wconf 85' lang='grc' dir='ltr'>ἁγίας</span> 
     </span>
    </p>
   </div>
   <div class='ocr_carea' id='block_1_110' title="bbox 2074 4871 3655 4948">
    <p class='ocr_par' dir='ltr' id='par_1_110' title="bbox 2074 4871 3655 4948">
     <span class='ocr_line' id='line_1_110' title="bbox 2074 4871 3655 4948; baseline 0.003 -23"><span class='ocrx_word' id='word_1_809' title='bbox 2074 4871 2375 4945; x_wconf 88' lang='grc' dir='ltr'>Παρθένου.</span> <span class='ocrx_word' id='word_1_810' title='bbox 2424 4872 2582 4926; x_wconf 82' lang='grc' dir='ltr'>Τοῦτ’</span> <span class='ocrx_word' id='word_1_811' title='bbox 2634 4875 2797 4938; x_wconf 80' lang='grc' dir='ltr'>αὐτὸς</span> <span class='ocrx_word' id='word_1_812' title='bbox 2855 4876 2883 4927; x_wconf 93' lang='lat'><strong>6</strong></span> <span class='ocrx_word' id='word_1_813' title='bbox 2950 4874 3141 4947; x_wconf 87' lang='grc' dir='ltr'>παρὼν</span> <span class='ocrx_word' id='word_1_814' title='bbox 3194 4875 3414 4948; x_wconf 75' lang='grc' dir='ltr'>ᾐνίξατο</span> <span class='ocrx_word' id='word_1_815' title='bbox 3465 4878 3655 4945; x_wconf 83' lang='grc' dir='ltr'>λόγος,</span> 
     </span>
    </p>
   </div>
   <div class='ocr_carea' id='block_1_111' title="bbox 2075 4963 3658 5036">
    <p class='ocr_par' dir='ltr' id='par_1_111' title="bbox 2075 4963 3658 5036">
     <span class='ocr_line' id='line_1_111' title="bbox 2075 4963 3658 5036; baseline 0.003 -20"><span class='ocrx_word' id='word_1_816' title='bbox 2075 4963 2278 5018; x_wconf 76' lang='grc' dir='ltr'>είπὼνο</span> <span class='ocrx_word' id='word_1_817' title='bbox 2320 4983 2340 5016; x_wconf 76' lang='grc' dir='ltr'><strong>ι</strong></span> <span class='ocrx_word' id='word_1_818' title='bbox 2369 4965 2754 5036; x_wconf 81' lang='grc' dir='ltr'>Καταϐήσεται</span> <span class='ocrx_word' id='word_1_819' title='bbox 2794 4966 2870 5030; x_wconf 85' lang='grc' dir='ltr'>ὡς</span> <span class='ocrx_word' id='word_1_820' title='bbox 2919 4967 3072 5030; x_wconf 76' lang='grc' dir='ltr'>ὑετὸς</span> <span class='ocrx_word' id='word_1_821' title='bbox 3126 4969 3218 5021; x_wconf 76' lang='grc' dir='ltr'>ἐπὶ</span> <span class='ocrx_word' id='word_1_822' title='bbox 3252 4969 3452 5022; x_wconf 87' lang='grc' dir='ltr'>πόκον·</span> <span class='ocrx_word' id='word_1_823' title='bbox 3505 4987 3521 5018; x_wconf 82' lang='grc' dir='ltr'><strong>ι</strong></span> <span class='ocrx_word' id='word_1_824' title='bbox 3562 4968 3658 5022; x_wconf 76' lang='grc' dir='ltr'>καὶ</span> 
     </span>
    </p>
   </div>
   <div class='ocr_carea' id='block_1_112' title="bbox 2074 5055 3658 5133">
    <p class='ocr_par' dir='ltr' id='par_1_112' title="bbox 2074 5055 3658 5133">
     <span class='ocr_line' id='line_1_112' title="bbox 2074 5055 3658 5133; baseline 0.004 -25"><span class='ocrx_word' id='word_1_825' title='bbox 2074 5055 2268 5121; x_wconf 82' lang='grc' dir='ltr'>ἄλλως,</span> <span class='ocrx_word' id='word_1_826' title='bbox 2297 5057 2486 5126; x_wconf 79' lang='grc' dir='ltr'>ἐπειδὴ</span> <span class='ocrx_word' id='word_1_827' title='bbox 2520 5058 2688 5123; x_wconf 89' lang='grc' dir='ltr'>πόκος</span> <span class='ocrx_word' id='word_1_828' title='bbox 2722 5058 3009 5128; x_wconf 88' lang='grc' dir='ltr'>προϐάτων</span> <span class='ocrx_word' id='word_1_829' title='bbox 3051 5061 3215 5132; x_wconf 79' lang='grc' dir='ltr'>δορὰ,</span> <span class='ocrx_word' id='word_1_830' title='bbox 3265 5063 3466 5133; x_wconf 88' lang='grc' dir='ltr'>νοήσας</span> <span class='ocrx_word' id='word_1_831' title='bbox 3508 5063 3658 5125; x_wconf 78' lang='grc' dir='ltr'>ὅπως</span> 
     </span>
    </p>
   </div>
   <div class='ocr_carea' id='block_1_113' title="bbox 2073 5147 3655 5225">
    <p class='ocr_par' dir='ltr' id='par_1_113' title="bbox 2073 5147 3655 5225">
     <span class='ocr_line' id='line_1_113' title="bbox 2073 5147 3655 5225; baseline 0.004 -26"><span class='ocrx_word' id='word_1_832' title='bbox 2073 5147 2235 5211; x_wconf 70' lang='grc' dir='ltr'>αὐτὸς</span> <span class='ocrx_word' id='word_1_833' title='bbox 2266 5148 2512 5203; x_wconf 78' lang='grc' dir='ltr'>ἐδίδασκε</span> <span class='ocrx_word' id='word_1_834' title='bbox 2558 5150 2730 5220; x_wconf 83' lang='grc' dir='ltr'>λέγων</span> <span class='ocrx_word' id='word_1_835' title='bbox 2769 5154 2798 5204; x_wconf 90' lang='lat'><strong>6</strong></span> <span class='ocrx_word' id='word_1_836' title='bbox 2829 5153 3050 5225; x_wconf 84' lang='grc' dir='ltr'>Σωτήρ·</span> <span class='ocrx_word' id='word_1_837' title='bbox 3087 5173 3104 5205; x_wconf 78' lang='grc' dir='ltr'><strong>ι</strong></span> <span class='ocrx_word' id='word_1_838' title='bbox 3143 5155 3256 5208; x_wconf 82' lang='grc' dir='ltr'>Οὐκ</span> <span class='ocrx_word' id='word_1_839' title='bbox 3301 5150 3465 5225; x_wconf 84' lang='grc' dir='ltr'>ἦλθον</span> <span class='ocrx_word' id='word_1_840' title='bbox 3498 5155 3548 5206; x_wconf 82' lang='grc' dir='ltr'><strong>εί</strong></span> <span class='ocrx_word' id='word_1_841' title='bbox 3580 5153 3655 5224; x_wconf 81' lang='grc' dir='ltr'><strong>μὴ</strong></span> 
     </span>
    </p>
   </div>
   <div class='ocr_carea' id='block_1_114' title="bbox 2076 5241 3648 5316">
    <p class='ocr_par' dir='ltr' id='par_1_114' title="bbox 2076 5241 3648 5316">
     <span class='ocr_line' id='line_1_114' title="bbox 2076 5241 3648 5316; baseline 0.001 -23"><span class='ocrx_word' id='word_1_842' title='bbox 2076 5242 2156 5304; x_wconf 84' lang='grc' dir='ltr'><strong>εἰς</strong></span> <span class='ocrx_word' id='word_1_843' title='bbox 2207 5242 2276 5296; x_wconf 81' lang='grc' dir='ltr'>τὰ</span> <span class='ocrx_word' id='word_1_844' title='bbox 2328 5241 2578 5313; x_wconf 88' lang='grc' dir='ltr'>πρόϐατα</span> <span class='ocrx_word' id='word_1_845' title='bbox 2628 5243 2696 5295; x_wconf 82' lang='grc' dir='ltr'>τὰ</span> <span class='ocrx_word' id='word_1_846' title='bbox 2745 5244 3064 5298; x_wconf 83' lang='grc' dir='ltr'>ἀπολωλότα</span> <span class='ocrx_word' id='word_1_847' title='bbox 3121 5246 3272 5299; x_wconf 74' lang='grc' dir='ltr'>οἴκου</span> <span class='ocrx_word' id='word_1_848' title='bbox 3336 5246 3590 5316; x_wconf 76' lang='grc' dir='ltr'>Ἰσραήλο</span> <span class='ocrx_word' id='word_1_849' title='bbox 3631 5265 3648 5295; x_wconf 72' lang='grc' dir='ltr'><strong><em>ο</em></strong></span> 
     </span>
    </p>
   </div>
   <div class='ocr_carea' id='block_1_115' title="bbox 2073 5334 3654 5410">
    <p class='ocr_par' dir='ltr' id='par_1_115' title="bbox 2073 5334 3654 5410">
     <span class='ocr_line' id='line_1_115' title="bbox 2073 5334 3654 5410; baseline 0.003 -24"><span class='ocrx_word' id='word_1_850' title='bbox 2073 5334 2405 5404; x_wconf 80' lang='grc' dir='ltr'>ἐφαρμόσεις</span> <span class='ocrx_word' id='word_1_851' title='bbox 2437 5335 2499 5388; x_wconf 91' lang='grc' dir='ltr'><strong>τὸ</strong></span> <span class='ocrx_word' id='word_1_852' title='bbox 2532 5337 2704 5406; x_wconf 91' lang='grc' dir='ltr'>παρὸν</span> <span class='ocrx_word' id='word_1_853' title='bbox 2731 5336 2910 5404; x_wconf 85' lang='grc' dir='ltr'>λόγιον</span> <span class='ocrx_word' id='word_1_854' title='bbox 2947 5342 3012 5409; x_wconf 79' lang='grc' dir='ltr'><strong>τῇ</strong></span> <span class='ocrx_word' id='word_1_855' title='bbox 3044 5338 3210 5393; x_wconf 82' lang='grc' dir='ltr'>αὐτοῦ</span> <span class='ocrx_word' id='word_1_856' title='bbox 3232 5342 3404 5410; x_wconf 80' lang='grc' dir='ltr'>φωνῇ.</span> <span class='ocrx_word' id='word_1_857' title='bbox 3436 5339 3512 5390; x_wconf 83' lang='grc' dir='ltr'><strong>Οὐ</strong></span> <span class='ocrx_word' id='word_1_858' title='bbox 3544 5337 3654 5409; x_wconf 78' lang='grc' dir='ltr'><strong>γὰρ</strong></span> 
     </span>
    </p>
   </div>
   <div class='ocr_carea' id='block_1_116' title="bbox 2072 5426 3654 5502">
    <p class='ocr_par' dir='ltr' id='par_1_116' title="bbox 2072 5426 3654 5502">
     <span class='ocr_line' id='line_1_116' title="bbox 2072 5426 3654 5502; baseline 0.004 -25"><span class='ocrx_word' id='word_1_859' title='bbox 2072 5426 2180 5486; x_wconf 76' lang='grc' dir='ltr'>ἐπὶ,</span> <span class='ocrx_word' id='word_1_860' title='bbox 2214 5427 2400 5498; x_wconf 81' lang='grc' dir='ltr'>ἓτερον</span> <span class='ocrx_word' id='word_1_861' title='bbox 2443 5426 2596 5491; x_wconf 77' lang='grc' dir='ltr'>ἔθνος</span> <span class='ocrx_word' id='word_1_862' title='bbox 2641 5429 3046 5501; x_wconf 77' lang='grc' dir='ltr'>καταϐέϐηκεν,</span> <span class='ocrx_word' id='word_1_863' title='bbox 3091 5432 3204 5486; x_wconf 78' lang='grc' dir='ltr'>ἀλλ’</span> <span class='ocrx_word' id='word_1_864' title='bbox 3256 5433 3347 5488; x_wconf 75' lang='grc' dir='ltr'>ἐπὶ</span> <span class='ocrx_word' id='word_1_865' title='bbox 3385 5432 3544 5502; x_wconf 86' lang='grc' dir='ltr'>μόνον</span> <span class='ocrx_word' id='word_1_866' title='bbox 3591 5430 3654 5484; x_wconf 90' lang='grc' dir='ltr'><strong>τὸ</strong></span> 
     </span>
    </p>
   </div>
   <div class='ocr_carea' id='block_1_117' title="bbox 2083 5515 3651 5595">
    <p class='ocr_par' dir='ltr' id='par_1_117' title="bbox 2083 5515 3651 5595">
     <span class='ocr_line' id='line_1_117' title="bbox 2083 5515 3651 5595; baseline 0.004 -25"><span class='ocrx_word' id='word_1_867' title='bbox 2083 5518 2368 5582; x_wconf 85' lang='grc' dir='ltr'>Ἰουδαίων,</span> <span class='ocrx_word' id='word_1_868' title='bbox 2397 5520 2527 5589; x_wconf 83' lang='grc' dir='ltr'>παρ’</span> <span class='ocrx_word' id='word_1_869' title='bbox 2560 5515 2641 5584; x_wconf 74' lang='grc' dir='ltr'>οἷς</span> <span class='ocrx_word' id='word_1_870' title='bbox 2674 5522 2764 5574; x_wconf 77' lang='grc' dir='ltr'><strong>καὶ</strong></span> <span class='ocrx_word' id='word_1_871' title='bbox 2793 5523 2892 5586; x_wconf 81' lang='grc' dir='ltr'>τὰς</span> <span class='ocrx_word' id='word_1_872' title='bbox 2922 5523 3202 5595; x_wconf 84' lang='grc' dir='ltr'>διατριϐὰς</span> <span class='ocrx_word' id='word_1_873' title='bbox 3233 5526 3545 5595; x_wconf 75' lang='grc' dir='ltr'>ἐποιήσατο.</span> <span class='ocrx_word' id='word_1_874' title='bbox 3585 5523 3651 5576; x_wconf 85' lang='lat' dir='ltr'><strong>&#39;H</strong></span> 
     </span>
    </p>
   </div>
   <div class='ocr_carea' id='block_1_118' title="bbox 2072 5606 3652 5688">
    <p class='ocr_par' dir='ltr' id='par_1_118' title="bbox 2072 5606 3652 5688">
     <span class='ocr_line' id='line_1_118' title="bbox 2072 5606 3652 5688; baseline 0.004 -26"><span class='ocrx_word' id='word_1_875' title='bbox 2072 5609 2168 5679; x_wconf 81' lang='grc' dir='ltr'><strong>μὲν</strong></span> <span class='ocrx_word' id='word_1_876' title='bbox 2206 5606 2298 5664; x_wconf 76' lang='grc' dir='ltr'><strong>οὖν</strong></span> <span class='ocrx_word' id='word_1_877' title='bbox 2340 5610 2530 5682; x_wconf 85' lang='grc' dir='ltr'>πρώτη</span> <span class='ocrx_word' id='word_1_878' title='bbox 2579 5615 2880 5679; x_wconf 84' lang='grc' dir='ltr'>κατάϐασις</span> <span class='ocrx_word' id='word_1_879' title='bbox 2927 5617 3090 5670; x_wconf 77' lang='grc' dir='ltr'>αὑτοῦ</span> <span class='ocrx_word' id='word_1_880' title='bbox 3118 5619 3338 5688; x_wconf 65' lang='grc' dir='ltr'>γέγονεν</span> <span class='ocrx_word' id='word_1_881' title='bbox 3378 5617 3453 5682; x_wconf 81' lang='grc' dir='ltr'>ὠς</span> <span class='ocrx_word' id='word_1_882' title='bbox 3497 5617 3652 5681; x_wconf 85' lang='grc' dir='ltr'>ὑετὸς</span> 
     </span>
    </p>
   </div>
  </div>
