4056 6392
404 416 498 472 801

1523 411 2023 468 COMMENTARM
2066 411 2130 464 lN
2166 411 2508 468 PS.\LMOS.

3537 422 3644 478 802

403 533 496 586 ἐπὶ
553 531 718 586 πόκον
753 532 886 585 κατὰ
936 532 1059 594 τοὺς
1106 529 1467 592 ἁποδοθέντας
1527 529 1795 598 τρόπουςο
1843 529 1966 598 μετὰ

2083 535 2282 590 autem,
2309 544 2417 582 non
2453 529 2594 581 ultra
2624 527 2768 582 sicut
2820 528 2874 581 in
2923 529 3116 595 vellus,
3157 530 3250 585 sed
3295 546 3492 602 magno
3519 551 3644 591 cum

402 622 571 675 ταῦτα
603 621 659 675 δὲ
708 621 886 676 οὐκέτι
941 621 1015 684 ὡς
1067 622 1158 673 ἐπὶ
1208 621 1408 682 πόκον,
1470 619 1604 671 ἀλλά
1665 619 1762 670 σὺν
1807 618 1973 689 πολλῇ

403 711 614 782 κινήσει
632 729 645 742 ο
680 713 772 764 καὶ
797 711 998 774 κτύπος
1023 710 1346 776 ἐξάκουστος
1367 712 1556 779 γέγονε
1584 709 1704 762 καθ’
1729 709 1854 780 ὅλης
1879 709 1976 780 τῆς

403 802 724 872 οἰκουμένης
744 804 777 872 ή
801 802 1117 856 διδασκαλία
1139 802 1325 856 αὑτοῦ.
1349 802 1424 854 Δι’
1448 802 1475 854 ὃ
1496 800 1801 867 ὲπιλέγεται
1825 798 1971 869 ὲξῆς,

410 909 428 940 ι
456 892 548 944 καὶ
578 891 707 943 ὡσεὶ
753 891 1009 959 σταγόνες
1039 891 1328 954 στάζουσαι
1376 890 1470 944 ἐπὶ
1510 891 1610 961 τὴν
1641 889 1762 960 γῆν.
1786 909 1804 940 ι
1838 891 1975 942 Στα-

403 981 555 1048 γόνες
579 981 685 1052 γὰρ
717 982 748 1052 ἦ
794 981 1024 1051 ψεκάδες
1057 980 1196 1034 κατὰ
1231 981 1355 1044 τοὺς
1386 982 1606 1043 λοιποὺς
1636 980 1974 1051 ἐρμηνευτὰς

405 1072 691 1136 στάζουσαι
725 1074 818 1126 ἐπὶ
863 1075 960 1143 τὴν
994 1074 1096 1142 γῆν
1150 1073 1326 1126 οὐκέτ’
1362 1071 1628 1142 ἀψοφητὶ,
1667 1072 1762 1123 σὺν
1796 1071 1973 1141 πολλῷ

400 1166 457 1216 δὲ
493 1165 648 1236 ψόφῳ
676 1165 914 1218 κατίασι.
951 1165 1062 1217 Καὶ
1093 1164 1248 1218 τοῦτο
1271 1165 1326 1216 δὲ
1357 1163 1506 1226 τέλος
1533 1162 1844 1232 ἐτύγχανεν,
1886 1163 1972 1214 ὅτε

399 1259 480 1320 εἰς
502 1259 681 1312 πᾶσαν
704 1257 801 1328 τήν
826 1257 929 1327 γῆν
961 1256 1181 1328 ἐξῆλθεν
1209 1259 1237 1310 ὁ
1260 1255 1491 1324 φθόγγος
1529 1254 1637 1307 τῶν
1663 1254 1972 1308 ἀποστόλων

397 1349 582 1412 αὐτοῦ,
609 1350 701 1402 καὶ
723 1351 803 1412 εἰς
831 1349 899 1401 τά
933 1348 1140 1418 πέρατα
1166 1348 1265 1418 τῆς
1303 1346 1624 1418 οἰκουμένης
1653 1348 1720 1400 τὰ
1755 1349 1972 1420 ῥήματα

398 1458 596 1495 αυτων.

467 1554 687 1616 Τούτοις
714 1554 838 1624 ἑξῆς
859 1554 1089 1626 εἴρηται·
1146 1575 1164 1608 ι
1209 1557 1478 1610 Ἀνατελεῖ
1502 1560 1558 1610 ὲν
1585 1558 1704 1619 ταῖς
1736 1554 1970 1625 ἡμέραις

394 1645 558 1698 αὑτοῦ
586 1646 896 1716 δικαιοσύνη
927 1647 1020 1699 καὶ
1048 1647 1249 1718 πλῆθος
1277 1651 1498 1720 εἰρήνης
1517 1667 1528 1679 ⁸
1572 1668 1589 1700 ι
1625 1648 1768 1702 κατά
1789 1647 1845 1699 δὲ
1877 1647 1968 1701 τὸν

409 1736 658 1804 Ἀκύλαν,
687 1757 704 1790 ι
734 1738 1030 1810 Βλαστὴσει
1072 1742 1128 1792 έν
1161 1741 1393 1812 ἡμέραις
1426 1741 1592 1794 αὐτοῦ
1637 1741 1841 1802 δίκαιος
1877 1741 1969 1792 καὶ¹

393 1827 598 1898 πλῆθος
625 1829 846 1898 εἰρήνης
867 1845 881 1858 ο
914 1848 932 1879 ι
973 1828 1110 1882 κατὰ
1141 1828 1197 1880 δὲ
1226 1828 1320 1880 τὸν
1364 1827 1674 1898 Σύμμαχον,
1715 1846 1733 1878 ι
1782 1825 1968 1894 Ἀνθή-

394 1891 573 1970 σειτὲν
625 1891 745 1979 ταῖς
783 1891 1016 1988 ἡμέραις
1073 1915 1237 1968 αὐτοῦ
1281 1891 1505 1977 δίκαιοςξ
1622 1914 1855 1984 Ἡμέραι
1913 1891 1969 1964 δὲ
2003 1891 2044 1944 Β

389 2007 486 2060 τοῦ
531 2008 778 2078 Σωτῆρος
831 2006 988 2078 ἡμῶν
1039 2009 1094 2060 αἱ
1146 2006 1253 2059 ἀπὸ
1300 2005 1402 2074 τῆς
1449 2005 1750 2075 παρουσίας
1803 2002 1968 2056 αὑτοῦ

393 2100 555 2170 μέχρι
575 2099 675 2169 τῆς
701 2098 1008 2162 συντελείας
1038 2097 1130 2152 τοῦ
1148 2097 1344 2162 αἰῶνος
1359 2097 1732 2169 νοηθήσονται.
1759 2097 1968 2168 ’Ὠσπερ

389 2188 499 2260 γὰρ
532 2188 798 2259 ἀκούομεν
835 2188 916 2252 τὸ,
957 2207 974 2239 ι
1028 2189 1115 2242 Ἐν
1149 2191 1267 2251 ταῖς
1314 2189 1549 2259 ἡμέραις
1580 2186 1762 2251 Δαυῒδ,
1799 2206 1816 2238 ι
1851 2188 1964 2252 καὶ,

394 2299 414 2329 ι
467 2280 552 2333 Ἑν
593 2279 826 2350 ἡμέραις
870 2279 1169 2351 Ἱεροὸοὰμ,
1227 2299 1245 2331 ι
1292 2279 1464 2342 οὕτως
1517 2276 1625 2332 εἷεν
1668 2279 1732 2333 ἂν
1765 2279 1967 2350 ἡμέραι

385 2370 481 2423 τοῦ
523 2371 771 2440 Σωτῆρος
803 2371 978 2442 ἡμῶν.
1027 2371 1166 2423 Ἀλλ’
1208 2372 1406 2423 ἐκεῖνοι
1442 2371 1561 2440 μὲν,
1595 2371 1731 2440 πρὸς
1787 2371 1966 2438 ὀλίγον

387 2463 664 2532 φανέντες,
696 2463 888 2516 θᾶττον
921 2463 1365 2533 ἀπεσϐέσθησανο
1401 2463 1469 2515 δι’
1503 2463 1531 2515 ὃ
1562 2464 1653 2516 καί⁵
1683 2464 1739 2516 αἰ
1767 2462 1967 2534 ἡμέραι

386 2553 564 2606 αὐτῶν
609 2552 851 2618 ἐξέλιπον
875 2569 888 2583 ·
926 2553 982 2605 αἱ
1021 2552 1079 2606 δὲ
1123 2553 1329 2624 ἡμέραι
1374 2552 1468 2605 τοῦ
1521 2552 1774 2622 Σωτῆρος
1813 2552 1967 2623 ἡμῶν

384 2644 577 2697 ὁπόσαι
621 2643 967 2713 τυγχάνουσι,
997 2643 1206 2711 φθάσας
1236 2645 1264 2695 ὁ
1297 2644 1452 2711 λόγος
1474 2643 1744 2714 ἐδήλωσεν
1774 2641 1962 2695 εἰπών’

393 2753 410 2784 ι
449 2735 870 2806 Συμπαραμενεῖ
892 2733 970 2804 τῷ
990 2734 1124 2804 ἡλίῳ
1150 2734 1244 2787 καὶ
1276 2734 1584 2805 ἔμπροσθεν
1608 2734 1707 2804 τῆς
1739 2733 1967 2804 σελήνης

385 2826 578 2892 γενεὰς
607 2827 836 2894 γενεῶν’
882 2847 900 2879 ι
939 2822 1020 2890 οἷς
1051 2826 1355 2890 ἀκολούθως
1391 2827 1484 2880 καὶ
1513 2825 1678 2889 αὐτὸς
1703 2829 1815 2889 τοῖς
1845 2827 1968 2879 έαυ-

385 2915 478 2966 τοῦ
529 2915 792 2986 μαθηταῖς
821 2916 1185 2986 ἐπηγγέλλετο
1227 2915 1431 2982 λέγων’
1469 2934 1488 2966 ί
1536 2915 1665 2969 Ἰδοὺ
1703 2914 1812 2984 ὲγὼ
1845 2915 1960 2986 μεθ’

386 3006 540 3078 ὑμῶν
574 3009 690 3080 εἰμι
721 3007 849 3081 ἄχρι
887 3009 985 3078 τῆς
1026 3006 1328 3068 συντελείας
1368 3005 1461 3059 τοῦ
1491 3006 1715 3069 αἰῶνος·
1757 3025 1778 3058 ι
1813 3005 1966 3060 Οὕτω

382 3101 492 3171 γὰρ
510 3102 708 3172 ἡμελλε
739 3092 1183 3174 συμπαραμένειν
1211 3099 1286 3170 τῷ
1317 3098 1470 3169 ἡλίῳ.
1515 3098 1722 3152 Οὐκοῦν
1757 3101 1815 3153 ὲν
1845 3101 1964 3164 ταῖς

383 3191 616 3262 ἡμέραις
648 3192 834 3257 αὐτοῦ,
876 3192 997 3246 καθ’
1026 3192 1091 3256 ἃς
1119 3193 1544 3265 συμπαραμενεῖ
1574 3191 1651 3262 τῷ
1678 3192 1834 3263 ἡλίῳ,
1870 3193 1964 3246 καὶ

381 3283 580 3352 ὁμοίως
605 3283 801 3356 σελήνῃ
822 3283 921 3347 τὰς
948 3284 1055 3337 τῶν
1088 3285 1144 3337 ἐν
1168 3285 1344 3353 σκότῳ
1368 3285 1594 3352 φωτίσει
1621 3283 1818 3354 ψυχὰς,
1847 3285 1968 3337 ἀνα-

381 3373 584 3444 λάμψει
617 3376 708 3428 ὲπὶ
746 3375 924 3446 πάσης
959 3375 1057 3445 τῆς
1098 3376 1200 3445 γῆς
1247 3375 1650 3448 δικαιοσύνηθὴ
1694 3374 1852 3433 κατὰ.
1872 3375 1964 3428 τὸν

393 3466 642 3532 Ἀκύλαν,
685 3485 704 3519 ι
737 3469 970 3531 δίκαιος
1016 3487 1034 3520 ι
1067 3467 1250 3520 οὐκέτι
1282 3468 1433 3540 παρά
1472 3469 1746 3532 Ἰουδαίοις
1781 3471 1965 3540 μόνοις

380 3557 498 3621 ἑνός
539 3575 640 3611 που
686 3560 780 3612 καὶ
807 3559 1060 3631 δευτέρου
1105 3560 1504 3630 ὀνομαζομένου
1558 3561 1790 3623 δικαίου,
1842 3559 1962 3614 καθ’

377 3648 508 3718 ὅλης
531 3648 588 3702 δὲ
607 3649 708 3719 τῆς
737 3650 1060 3721 οἰκουμένης
1097 3650 1300 3721 μυρίων
1327 3652 1385 3702 ἐν
1410 3650 1630 3720 Χριστῷ
1654 3650 1965 3720 δικαιουμέ-

378 3758 508 3794 νων.
549 3737 622 3794 Τὸ
645 3741 701 3794 δὲ
731 3742 934 3812 πλῆθος
961 3743 1067 3795 τῶν
1101 3743 1322 3796 δικαίων
1348 3744 1458 3796 τῶν
1492 3743 1548 3795 ὲν
1579 3746 1698 3806 ταῖς
1728 3743 1965 3814 ἡμέραις

375 3834 472 3886 τοῦ
498 3834 752 3905 Σωτῆρος
792 3834 1094 3888 ἀνθούντων
1129 3837 1222 3888 καὶ
1252 3836 1427 3906 φωτὸς
1466 3836 1620 3906 δίκην
1647 3834 1960 3888 ἀνατελλόν-

374 3943 487 3979 των
511 3925 711 3996 ὁμοίως
731 3925 808 3995 τῷ
835 3926 1038 3980 ἑαυτῶν
1063 3929 1306 3998 φωστῆρι
1335 3928 1547 3997 νοήσεις
1574 3926 1682 3980 ἀπὸ
1708 3926 1805 3980 τοῦ
1838 3927 1966 3997 πλή-

377 4017 508 4081 θους
534 4016 644 4071 τῶν
691 4018 1001 4089 ἁπανταχοῦ
1039 4020 1142 4090 γῆς
1185 4019 1478 4091 μαρτύρων
1521 4016 1684 4071 αὑτοῦ
1717 4017 1812 4071 καὶ
1856 4017 1962 4070 τῶν

377 4107 523 4162 κατὰ
548 4107 645 4180 τὴν
681 4107 1007 4180 Ἐκκλησίαν
1034 4110 1200 4162 αὑτοῦ
1228 4109 1319 4163 τὸν
1360 4108 1649 4178 ἀγγελικὸν
1677 4109 1734 4161 ὲν
1762 4125 1962 4162 παντε-

378 4198 464 4251 λεῖ
491 4198 679 4270 ἁγνείᾳ
718 4198 1124 4270 κατορθούντων
1162 4198 1295 4269 βίον.
1327 4199 1388 4251 Εἰ
1429 4198 1486 4251 δὲ
1530 4197 1624 4250 καὶ
1653 4195 1961 4267 δικαιοσύνη

378 4291 438 4343 ὲν
470 4291 591 4354 ταῖς
615 4289 848 4362 ἡμέραις
873 4290 1037 4344 αὐτοῦ
1071 4289 1329 4360 ἀνθήσειν
1370 4288 1639 4351 λέλεκται,
1674 4288 1767 4340 καὶ
1807 4287 1964 4340 τοῦτο

378 4382 528 4442 ὅπως
555 4380 621 4434 δι’
657 4379 831 4452 ἔργων
877 4380 1178 4453 πληροῦται
1215 4379 1331 4433 ἔστι
1380 4378 1719 4450 καταμαθεῖν
1758 4379 1824 4430 ὲκ
1866 4377 1960 4430 τοῦ

382 4473 459 4546 μὴ
492 4472 776 4535 Ἰουδαίους
817 4472 1029 4543 μόνους,
1065 4471 1200 4526 ἀλλὰ
1247 4471 1341 4525 καὶ
1371 4473 1479 4524 πᾶν
1507 4469 1656 4534 ἔθνος
1681 4467 1963 4522 καλεῖσθαι

380 4565 489 4621 ἐπὶ.
501 4565 599 4637 τήν
633 4563 812 4618 ἔνθεον
845 4564 1048 4629 πίστιν,
1082 4565 1299 4628 δούλους
1329 4581 1389 4617 τε
1418 4563 1475 4630 ἐξ
1505 4563 1620 4616 ἴσου
1653 4565 1765 4625 τοῖς
1808 4561 1959 4614 ἐλευ-

2081 627 2253 682 motu,
2290 621 2506 674 sonitus
2541 620 2655 673 sive
2679 620 2928 674 doctrina
2954 623 3076 690 ejus
3119 637 3217 692 per
3246 630 3420 676 totum
3461 626 3647 680 orbem

2081 711 2146 765 ad
2176 712 2418 765 omnium
2455 726 2617 766 aures
2656 713 2918 781 pervasit.
2953 712 3132 778 Quare
3162 714 3383 768 additur
3429 715 3646 782 deinde,

2086 821 2104 854 ι
2138 811 2192 858 et
2221 803 2361 857 sicut
2389 803 2668 857 stillicidia
2717 803 2977 857 stillantia
3005 820 3170 874 super
3197 806 3420 859 terram.
3462 826 3479 856 ι
3518 806 3648 860 Stil-

2080 893 2258 948 lieidia
2301 908 2554 962 namque,
2589 892 2702 946 sive
2733 911 2752 943 ι
2794 900 2958 962 guttae
3001 895 3144 948 roris
3183 914 3201 945 ι
3234 894 3530 950 secundum
3567 913 3653 950 re-

2079 986 2257 1054 liquos
2319 985 2668 1054 interpretes,
2729 986 2999 1040 stillantes
3053 1000 3218 1054 super
3278 993 3500 1050 terram,
3538 1002 3648 1041 non

2078 1091 2304 1146 prorsus
2335 1078 2454 1132 sine
2493 1077 2747 1148 strepitu,
2785 1077 2879 1132 sed
2931 1093 3130 1148 magno
3179 1093 3302 1133 cum
3341 1079 3520 1133 sonitu
3553 1079 3653 1133 de—

2079 1169 2366 1222 scendunt.
2409 1165 2467 1221 Id
2520 1183 2650 1221 vero
2705 1176 2818 1222 tum
2854 1167 3016 1223 ﬁnem
3054 1169 3288 1238 accepit,
3337 1169 3557 1238 quando
3593 1168 3648 1223 in

2077 1275 2293 1314 omnem
2327 1267 2528 1313 terram
2554 1259 2722 1314 exivit
2774 1275 2945 1316 sonus
3007 1261 3382 1330 apostolorum
3420 1260 3561 1330 ejus,
3595 1267 3651 1316 et

2077 1351 2134 1405 in
2167 1352 2302 1406 lines
2333 1352 2483 1406 orbis
2515 1361 2671 1406 terrae
2703 1353 2869 1407 verba
2899 1367 3108 1407 eorum.

2149 1551 2261 1607 Sub
2288 1551 2402 1607 inec
2437 1553 2638 1607 dicitur
2668 1572 2680 1607 :
2723 1571 2741 1603 ι
2774 1551 2994 1607 Orietur
3022 1553 3076 1606 in
3105 1551 3298 1608 diebus
3326 1553 3446 1622 ejus
3484 1555 3648 1624 justi-

2075 1643 2148 1696 tia
2183 1652 2236 1698 et
2267 1644 2601 1698 abundantia
2636 1645 2856 1714 paeisp
2898 1646 3196 1700 secundum
3215 1646 3465 1715 Aquilam
3497 1661 3645 1708 vero,

2081 1757 2098 1786 ι
2131 1734 2469 1791 Germinabit
2500 1737 2555 1790 in
2585 1737 2780 1791 diebus
2827 1737 2946 1804 ejus
2990 1738 3196 1806 justus,
3231 1745 3284 1792 et
3315 1738 3648 1792 abundantia

2073 1822 2258 1891 pacis;
2293 1840 2311 1872 ι
2361 1823 2662 1877 secundum
2714 1822 3100 1893 Symmachum
3146 1840 3298 1889 vero,
3356 1842 3375 1874 ι
3409 1823 3650 1879 Florebit

2073 1914 2126 1965 in
2158 1912 2350 1968 diebus
2379 1913 2499 1982 ejus
2524 1915 2729 1984 justus.
2766 1933 2785 1966 ι
2840 1914 2964 1969 Dies
2993 1925 3172 1969 autem
3205 1914 3512 1968 Servatoris
3544 1932 3645 1969 πο·-

2072 2005 2168 2060 stri
2223 2006 2291 2060 ab
2339 2007 2576 2062 adventu
2631 2007 2751 2076 ejus
2797 2023 2971 2077 usque
3011 2009 3078 2061 ad
3121 2009 3649 2063 consummationem

2072 2097 2250 2152 δεξιουιὶ
2285 2097 2622 2167 intelligendi
2647 2106 2795 2152 sunt.
2819 2097 2936 2162 Qua
2959 2099 3172 2153 ratione
3199 2099 3344 2154 enim
3367 2100 3644 2164 audimus,

2076 2207 2095 2240 ι
2123 2187 2180 2242 In
2228 2189 2422 2244 diebus
2481 2188 2680 2256 David;
2717 2191 2777 2243 In
2810 2189 3003 2244 diebus
3044 2186 3367 2258 Jeroboam;
3401 2211 3419 2243 ι
3455 2191 3645 2246 eodem

2070 2295 2298 2350 prorsus
2369 2279 2533 2334 modo
2578 2281 2697 2337 dies
2747 2281 3054 2337 Servatoris
3113 2283 3286 2337 nostri
3343 2282 3647 2351 excipiendi

2071 2381 2216 2425 sunt.
2273 2370 2377 2426 Sed
2413 2372 2490 2426 illi
2523 2373 2742 2442 quidem
2768 2389 2892 2427 cum
2925 2373 2992 2426 ad
3022 2374 3188 2428 breve
3220 2382 3435 2443 tempus
3457 2388 3650 2444 super-

2069 2461 2227 2516 stites
2250 2455 2506 2527 fuissent,
2541 2463 2690 2518 brevi
2733 2465 2991 2520 exstincti
3028 2472 3179 2530 sunt,
3228 2479 3400 2534 quare
3432 2464 3549 2521 dies
3581 2466 3646 2518 il-

2067 2551 2246 2606 lorum
2275 2552 2614 2610 defecerunt.
2653 2555 2778 2611 Dies
2806 2557 2939 2611 vero
2971 2555 3277 2613 Servatoris
3305 2558 3480 2612 nostri
3513 2568 3647 2629 quot

2068 2645 2200 2709 sint,
2238 2660 2402 2715 supra
2429 2647 2765 2702 declaratum
2802 2647 2889 2703 his
2910 2647 3092 2702 verbis
3126 2655 3210 2702 est
3240 2666 3252 2701 :
3293 2666 3311 2698 ι
3352 2647 3645 2704 Permane-

2065 2735 2147 2788 bit
2181 2751 2304 2790 cum
2338 2737 2452 2793 sde
2489 2746 2543 2793 et
2583 2746 2708 2793 ante
2750 2739 2958 2804 lunam,
2991 2740 3047 2792 in
3079 2739 3459 2809 generationes
3482 2755 3647 2808 gene-

2067 2829 2359 2883 rationum.
2399 2849 2416 2882 ι
2485 2829 2900 2901 Consequenter
2929 2831 2994 2885 ad
3022 2831 3137 2885 haec
3165 2832 3329 2886 verba
3359 2832 3646 2902 discipulis

2068 2920 2183 2975 suis
2228 2920 2342 2974 hazc
2369 2921 2645 2990 pollicitus
2686 2931 2807 2978 est:
2844 2941 2863 2973 ι
2900 2922 3041 2978 Ecce
3068 2939 3168 2994 ego
3204 2924 3486 2980 vobiscum
3523 2942 3644 2979 sum

2068 3025 2244 3079 usque
2290 3011 2357 3066 ad
2409 3013 2935 3067 consummationem
2987 3013 3283 3080 saeculi";
3319 3031 3339 3064 ι
3393 3013 3466 3066 ita
3497 3015 3644 3068 enim

2066 3118 2190 3157 cum
2222 3103 2336 3158 sole
2361 3119 2756 3174 permansurus
2785 3115 2922 3160 erat.
2951 3103 3138 3175 Itaque
3159 3106 3213 3159 in
3233 3105 3426 3160 diebus
3446 3107 3643 3175 ipsius.

1992 3222 2033 3276 ο
2067 3197 2222 3266 queis
2268 3211 2393 3250 cum
2444 3196 2558 3250 sole
2610 3188 2984 3266 permanebit,
3038 3203 3094 3251 et
3146 3196 3310 3250 simili
3357 3211 3466 3266 quo
3514 3196 3644 3251 luna

2067 3286 2230 3340 modo
2249 3279 2272 3349 ,’
2317 3285 2531 3339 animas
2562 3284 2615 3338 in
2646 3285 2885 3340 tenebris
2923 3287 3132 3354 positas
3162 3285 3524 3350 illuminabit,
3554 3285 3646 3354 ju-

2065 3378 2212 3432 stitia
2282 3377 2484 3432 lucebit
2538 3377 2594 3431 in
2643 3377 2897 3431 universa
2947 3385 3122 3445 terra;
3174 3377 3289 3432 sive
3340 3377 3641 3432 secundum

2061 3470 2338 3543 Aquilam,
2381 3488 2398 3520 ι
2425 3468 2630 3539 justus.
2665 3488 2684 3520 ι
2723 3467 2833 3523 Nec
2867 3470 3009 3522 ultra
3059 3469 3201 3539 apud
3244 3466 3464 3523 Iudaeos
3519 3476 3644 3521 tan-

2065 3573 2176 3617 tum
2221 3575 2366 3616 unus
2403 3567 2508 3615 aut
2555 3559 2694 3612 alter
2723 3558 2908 3627 justus
2959 3557 3366 3623 nominabitur;
3402 3557 3496 3612 sed
3546 3574 3644 3628 per

2063 3661 2235 3707 totum
2310 3652 2496 3705 orbem
2549 3647 2746 3704 inﬁniti
2798 3648 2853 3702 in
2893 3645 3112 3703 Christo
3173 3647 3642 3718 justiﬁcabuntur.

2065 3742 2464 3797 Multitudinem
2514 3747 2694 3794 autem
2739 3740 3036 3808 iustorum,
3073 3739 3168 3810 qui
3213 3739 3268 3793 in
3295 3739 3489 3802 diebus
3521 3739 3645 3794 Ser-
3706 3718 3721 3739 ’

2062 3833 2268 3887 vatoris
2289 3832 2458 3885 nostri
2483 3829 2800 3892 ﬂoruerunt,
2827 3836 2880 3884 et
2906 3829 2997 3898 qui
3032 3830 3254 3884 luminis
3285 3829 3474 3893 instar,
3505 3845 3635 3896 pcr-

2065 3923 2190 3976 inde
2233 3929 2396 3990 atque
2442 3921 2684 3988 ipsorum
2719 3918 3006 3983 luminare,
3043 3919 3216 3972 exorti
3249 3927 3398 3980 sunt,
3434 3919 3635 3972 intelli-

2063 4028 2157 4084 ges
2187 4029 2253 4067 ex
2282 4010 2631 4066 multitudine
2683 4017 2982 4078 martyrum
3029 4009 3148 4077 ejus
3193 4025 3290 4078 per
3330 4010 3638 4064 universam

2064 4113 2287 4167 terram,
2337 4115 2636 4170 eorumque
2681 4100 2773 4170 qui
2805 4100 2859 4152 in
2894 4098 3136 4152 Ecclesia
3173 4102 3292 4164 ejus
3339 4101 3638 4169 angelicam

2063 4195 2228 4247 vitam
2247 4208 2371 4246 cum
2395 4191 2542 4246 omni
2571 4192 2824 4246 castitate
2851 4189 3142 4244 duxerunt.
3181 4189 3334 4254 Quod
3360 4190 3404 4243 si
3434 4190 3642 4244 dictum

2063 4293 2166 4348 est,
2205 4284 2449 4338 futurum
2495 4297 2615 4338 esse
2649 4291 2708 4335 ut
2733 4281 2946 4350 justitia
2995 4281 3048 4334 in
3096 4280 3444 4353 dielmsejus
3478 4280 3642 4335 cillo-

2063 4383 2240 4430 rescat
2260 4393 2273 4441 ;
2292 4383 2346 4430 et
2374 4379 2477 4429 hoc
2503 4387 2612 4443 quo
2645 4380 2806 4443 pacto
2831 4372 3045 4427 eveniat
3078 4373 3206 4426 hinc
3236 4373 3470 4434 edisees,
3492 4373 3640 4440 (γυνά

2063 4480 2172 4519 non
2209 4473 2417 4519 tantum
2450 4463 2646 4529 Judaai,
2677 4463 2768 4518 sed
2800 4463 2966 4518 etiam
3005 4477 3196 4518 omnes
3228 4470 3417 4532 gentes
3451 4462 3516 4521 ad
3546 4461 3638 4515 di-

2065 4557 2246 4611 vinam
2290 4556 2448 4610 ﬁdem
2475 4560 2681 4608 vocata:
2706 4555 2836 4615 sint,
2877 4568 2940 4607 ac
2986 4553 3125 4608 servi
3154 4554 3358 4622 pariter
3385 4560 3440 4607 et
3478 4551 3640 4606 liberi

381 4628 567 4730 Θέροις
583 4657 870 4724 θεοσεϐεῖν,
900 4658 992 4712 καὶ
1023 4659 1259 4729 πένητας
1293 4628 1494 4729 ὁμοίως
1524 4660 1637 4719 τοῖς
1665 4654 1957 4718 πλουσίοις,

2068 4651 2233 4705 Deum
2266 4647 2470 4706 colant,
2501 4658 2768 4714 pauperes
2801 4644 3026 4712 perinde
3050 4651 3213 4713 atque
3245 4643 3464 4707 divites,
3486 4640 3640 4712 prl'a-

379 4747 647 4820 ἄρχοντάς
674 4765 734 4802 τε
774 4748 872 4801 σὺν
895 4747 1220 4819 ἀρχομένοις
1251 4750 1347 4800 σὺν
1385 4746 1550 4817 πολλῇ
1579 4743 1712 4799 Θεοῦ
1759 4743 1961 4796 δικαιο-

383 4841 537 4912 σύνῃ.
567 4841 756 4904 Ὅπως
787 4841 843 4894 δὲ
871 4841 1073 4910 πλῆθος
1118 4842 1339 4912 εἰρήνης
1367 4838 1731 4893 ἀνατέταλκεν
1759 4838 1817 4890 ὲν
1841 4839 1961 4900 ταῖς

380 4931 733 5004 δηλωθείσαις
781 4932 876 4985 τοῦ
931 4933 1178 5003 Σωτῆρος
1229 4931 1384 5002 ἡμῶν
1446 4930 1716 5001 ἡμέραις,
1772 4929 1959 4997 νοῆσαι

381 5023 529 5078 ἔστιν
562 5025 930 5094 ἐπιστήσαντα
951 5027 1018 5094 τῇ
1051 5023 1381 5077 καταστάσει
1404 5021 1512 5074 τῶν
1543 5019 1648 5092 πρὸ
1665 5021 1765 5091 τῆς
1789 5019 1955 5074 αὑτοῦ

383 5116 686 5185 παρουσίας
713 5117 1072 5187 πραγμάτων.
1109 5115 1245 5170 Καθ’
1273 5115 1339 5185 ἢν
1376 5114 1436 5166 τὸ
1467 5112 1687 5183 σύμπαν
1724 5110 1834 5164 τῶν
1873 5111 1962 5163 ἀν-

384 5208 615 5279 θρώπων
674 5208 829 5276 γένος
876 5205 1096 5279 διῄρητο
1141 5204 1605 5274 ἀποτετμημένων
1657 5203 1845 5272 ῶσπερ
1901 5201 1958 5266 ἐξ

383 5300 501 5363 ένδς
551 5299 798 5369 σώματος
842 5300 920 5360 εἰς
957 5297 1122 5367 μυρία
1167 5293 1538 5364 διεσπαρμένα
1581 5291 1738 5361 μέλη,
1786 5288 1960 5342 ἄλλων

385 5390 558 5452 ἄλλως
595 5388 763 5441 ἐθνῶν
814 5388 978 5440 πάλαι
1027 5385 1288 5457 πρότερον
1334 5380 1747 5453 ἀφωρισμένων,
1801 5379 1960 5431 πολε-

389 5481 628 5551 μούντων
661 5496 718 5532 τε
753 5479 996 5549 ἀλλήλοις
1024 5480 1117 5530 καὶ
1141 5477 1374 5546 πολεμου
1384 5473 1576 5544 μένωψ
1608 5471 1700 5525 καί⁸
1721 5469 1832 5522 τῶν
1859 5470 1956 5539 μὲν

384 5573 843 5643 τυραννουμένων,
879 5568 986 5622 τῶν
1018 5568 1075 5621 δὲ
1102 5564 1643 5639 δημοκρατουμένων,
1670 5561 1869 5632 ἑτέρων
1900 5561 1957 5614 δὲ

386 5664 876 5736 ὀλιγαρχουμένων·
915 5661 1201 5732 τοπάρχων
1225 5661 1344 5714 κατ’
1370 5657 1518 5719 ἔθνος
1563 5654 1656 5709 καὶ
1681 5652 1957 5724 τυράννων

459 5821 502 5852 ³⁸
532 5802 715 5884 Matth.
763 5836 951 5882 xvvm,
981 5819 1070 5871 ΞΟ.

2065 4745 2215 4812 cipes
2245 4753 2369 4792 cum
2394 4736 2652 4799 subditis,
2683 4751 2808 4788 cum
2833 4736 3002 4789 multa
3039 4733 3130 4788 Dei
3171 4734 3380 4803 justitia
3409 4732 3532 4805 [pie
3557 4735 3643 4788 vi-

2067 4831 2251 4902 vant].
2305 4828 2424 4894 Qun
2453 4835 2614 4897 pacto
2648 4835 2828 4881 autem
2873 4824 3208 4879 abundantia
3239 4825 3388 4893 pacis
3430 4823 3486 4878 in
3530 4840 3642 4880 me-

2067 4921 2294 4978 moratis
2324 4917 2624 4973 Salvatoris
2655 4915 2829 4971 nostri
2853 4915 3043 4970 diebus
3071 4921 3190 4967 orta
3219 4916 3314 4980 sit,
3342 4916 3512 4984 probe
3539 4916 3639 4970 in—

2062 5014 2325 5083 telligitur
2365 5026 2433 5066 ex
2483 5024 2667 5064 rerum
2719 5014 2846 5062 ante
2894 5007 3130 5076 primum
3183 5007 3302 5076 ejus
3345 5006 3640 5062 adventum

2061 5103 2394 5161 conditione.
2450 5099 2571 5165 Quo
2620 5106 2861 5167 tempore
2907 5105 3080 5151 totum
3131 5096 3430 5151 humanum
3463 5113 3640 5168 genus

2063 5211 2161 5251 ceu
2195 5211 2260 5249 ex
2295 5207 2406 5248 uno
2449 5205 2680 5261 corpore
2727 5189 2781 5242 in
2818 5187 3024 5242 inﬁnita
3049 5187 3289 5242 membra
3340 5187 3468 5241 hinc
3507 5186 3644 5240 inde

2064 5288 2308 5357 dispersa
2336 5284 2570 5339 divisum
2601 5289 2738 5336 erat.
2804 5278 2938 5333 Nam
2965 5287 3157 5348 gentes
3189 5279 3306 5332 aliae
3332 5278 3440 5331 alio
3473 5278 3641 5331 modo

2063 5393 2094 5432 a
2115 5377 2314 5448 priscis
2338 5375 2452 5443 jam
2482 5371 2817 5441 temporibus
2838 5368 3025 5422 divisa:
3047 5367 3292 5431 fuerant;
3327 5367 3635 5434 bellumque

2063 5470 2206 5523 inter
2233 5481 2290 5521 se
2320 5464 2615 5536 gerebant,
2666 5461 2734 5514 ab
2779 5460 3008 5528 aliisque
3041 5457 3500 5527 impugnabantur
3535 5473 3547 5507 :
3582 5461 3638 5506 et

2065 5559 2154 5611 alii
2181 5556 2398 5627 quidem
2429 5552 2676 5625 tyrannis
2702 5549 2906 5606 subditi
2936 5557 3114 5611 erant,
3162 5547 3251 5602 alii
3276 5545 3636 5607 democratia,

2065 5651 2152 5706 alii
2190 5662 2488 5720 paucorum
2540 5645 2820 5702 dominatu
2855 5642 3228 5714 regebantur,
3280 5638 3554 5711 toparcha:
3583 5644 3641 5692 et
