4056 6378
448 365 558 420 805

1121 366 1392 424 EUSEBII
1428 368 1914 426 CESARIENSIS
1948 372 2098 428 OPP.
2143 373 2329 430 PARS
2365 375 2455 432 ΙΙΙ.
2495 407 2562 418 -
2587 377 2998 436 EXEGETICA.

3607 392 3713 448 804

445 480 663 547 tyranni
707 481 842 536 varii
888 483 1177 553 imperium
1212 487 1568 557 obtinebant;
1601 498 1662 545 ut
1691 493 1888 548 vicinis
1915 509 1985 547 no

2091 540 2096 555 ,
2128 495 2490 567 κρατούντων·
2517 497 2594 562 ὡς
2618 500 2825 570 ἄμικτα
2858 498 2997 556 εἶναι
3022 505 3114 558 καὶ
3143 505 3319 561 άὸατα
3350 511 3462 573 τοῖς
3492 511 3715 583 πλησιο-

443 566 676 625 facultas
703 579 848 626 esset
869 575 935 626 ad
965 574 1224 630 finitimas
1245 580 1496 647 regiones
1519 583 1880 647 commeandi,
1897 584 2024 654 quia

441 662 591 714 nulla
621 672 767 718 esset
798 667 1058 731 societas,
1087 669 1338 739 bellaque
1370 672 1719 742 inexpiabilia
1753 683 1806 729 et
1833 675 2017 744 impla-

439 756 645 810 cabiles
694 758 997 815 inimicitia:
1039 761 1251 830 jamdiu
1286 782 1460 835 usque
1485 767 1550 819 ad
1579 766 1886 823 Servatoris
1925 783 2024 822 no-

438 847 540 899 stri
591 857 806 919 tempus
860 853 1242 921 perdurarent.
1301 856 1379 910 Ex
1423 873 1532 926 quo
1577 867 1756 912 autem
1792 859 2022 915 sublatis

435 939 663 1007 regulis,
699 943 1017 996 monarchia
1049 945 1303 1014 gentibus
1333 949 1520 1002 multis
1551 948 1860 1018 imperavit,
1897 965 2022 1005 vere

437 1028 541 1082 fuit
571 1030 904 1087 abundantia
944 1035 1116 1104 pacis,
1136 1043 1189 1090 et
1213 1039 1602 1092 commercium
1637 1040 2019 1094 universarum

436 1120 712 1189 gentium;
768 1124 842 1176 ita
895 1133 954 1178 ut
1003 1141 1167 1195 Opere
1217 1129 1604 1196 comprobetur
1638 1129 1740 1184 hoc
1772 1132 2022 1186 testimo-

438 1211 590 1264 nium
619 1214 723 1267 soli
754 1212 1032 1270 Servatori
1084 1228 1278 1272 nostro
1299 1221 1607 1274 convenire.
1663 1220 1814 1276 Hanc
1837 1230 2018 1277 autem

434 1301 823 1355 abundantiam
843 1305 991 1373 pacis
1017 1321 1431 1374 permansuratn
1462 1309 1538 1362 ait
1565 1307 1769 1364 «donec
1800 1310 2016 1365 aufera-

433 1399 524 1446 tur
540 1393 845 1459 luna,»sive
858 1397 1157 1450 secundum
1182 1398 1455 1468 Aquilam,
1475 1416 1792 1470 «usquequo
1822 1402 2012 1467 lunap

430 1485 539 1548 vel,
594 1485 896 1539 secundum
947 1485 1356 1556 Symmachum,
1416 1509 1434 1540 ι
1479 1490 1654 1545 donec
1700 1493 2018 1561 antiquetur

432 1573 584 1628 luna.
619 1592 639 1626 ι
676 1573 1032 1639 Quandonam
1067 1577 1441 1646 antiquabitur
1468 1580 1632 1633 luna?
1665 1583 1724 1634 In
1760 1596 2016 1636 consum-

429 1666 671 1721 matione
719 1668 922 1730 saeculi,
969 1684 1076 1737 qua
1128 1670 1243 1725 haec
1295 1671 1578 1742 prophetia
1626 1673 1943 1743 implebitur
1996 1690 2010 1727 :

434 1774 454 1806 ε
489 1753 580 1809 Sol
617 1764 669 1810 ct
699 1757 826 1810 luna
852 1757 1302 1814 obscurabuntur
1331 1763 1438 1829 ³⁰;›
1479 1778 1543 1817 ac
1574 1779 1817 1829 rursum,
1852 1785 1869 1816 ι
1894 1764 2012 1821 Νοιι

2129 586 2327 658 χώροις
2370 587 2440 641 τὰ
2490 590 2590 659 τῆς
2639 592 2745 645 τῶν
2785 595 3040 662 γειτόνων
3070 597 3282 669 χώρας·
3334 601 3604 673 πολέμους
3650 621 3713 662 τι

2126 681 2423 745 ἀσπόνδους
2449 683 2540 735 καὶ
2567 683 2766 755 ἔχθρας
2789 687 3229 754 ἀκαταλλάκτως
3255 693 3318 744 ἐκ
3347 695 3557 765 μακροῦ
3581 699 3714 752 αἰῶ-

2125 791 2214 836 νος
2244 774 2404 844 μέχρι
2435 775 2529 828 τοῦ
2565 777 2819 848 Σωτῆρος
2861 779 3016 850 ήμῶν
3057 784 3393 838 συνεστάναι.
3439 787 3527 852 Ἐξ
3563 791 3710 844 ὲκεί-

2126 877 2217 913 νου
2243 860 2300 913 δὲ
2329 862 2512 934 πάσης
2540 863 2874 936 πολυαρχίας
2903 869 3143 924 ἐκποδὼν
3182 873 3463 946 ἀρθείσης,
3503 895 3707 952 μοναρ-

2124 949 2216 1020 χία
2242 951 2350 1004 τῶν
2372 952 2637 1007 πλείστων
2666 954 2833 1008 ἐθνῶν
2859 959 3262 1033 ἐπικεκράτηκε
3282 981 3296 993 ·
3329 965 3519 1034 γέγονέ
3546 984 3608 1020 τε

2123 1044 2338 1115 ἀληθῶς
2389 1046 2592 1117 πλῆθος
2642 1049 2885 1120 εἰρήνης,
2934 1053 3218 1108 κοινωνίαν
3273 1056 3366 1110 καὶ
3423 1059 3706 1129 ἐπιμιξίαν

2123 1139 2478 1209 κτησαμένων
2507 1141 2760 1196 ἁπάντων
2776 1143 2880 1197 τῶν
2909 1145 3076 1200 ἐθνῶν
3095 1165 3107 1177 ο
3129 1149 3204 1211 ὡς
3233 1149 3378 1221 ἔργῳ
3408 1160 3704 1226 μαρτυρεῖ-

2122 1229 2245 1282 σθαι
2269 1231 2368 1302 τὴν
2401 1234 2458 1286 ἐν
2486 1235 2641 1305 χερσί
2685 1237 2990 1308 μαρτυρίαν
3023 1239 3167 1310 μόνῳ
3195 1240 3272 1311 τῷ
3308 1243 3522 1316 Σωτῆρι
3545 1247 3703 1318 ἡμῶν

2121 1322 2584 1392 ἐφαρμόττουσαν.
2613 1325 2783 1378 Τοῦτο
2819 1327 2876 1380 δὲ
2907 1328 2968 1380 τὸ
3002 1329 3202 1402 πλῆθος
3230 1334 3328 1403 τῆς
3354 1337 3574 1408 εἰρήνης
3598 1357 3702 1392 πα-

2123 1413 2376 1482 ραμένειν
2421 1415 2584 1485 φησὶν
2623 1435 2640 1466 ι
2681 1416 2786 1480 ἕως
2828 1411 2890 1471 οὗ
2933 1420 3294 1496 άνταναιρεθῇ
3329 1428 3361 1497 ἡ
3414 1428 3632 1502 σελήνη’
3673 1451 3692 1484 ι

2119 1501 2150 1571 ἢ
2188 1501 2329 1554 κατὰ
2358 1503 2447 1557 τὸν
2483 1504 2730 1568 Ἀκύλαν,
2771 1526 2789 1557 ι
2827 1507 2932 1572 ἕως
2970 1505 3029 1564 οῦ
3073 1513 3105 1582 ή
3158 1513 3384 1585 σελήνη”
3427 1519 3508 1589 »ἢ
3557 1501 3696 1574 κατὰ

2115 1590 2203 1643 τὸν
2234 1590 2544 1662 Σύμμαχον,
2571 1613 2587 1644 ι
2613 1595 2716 1658 ἕως
2741 1597 3094 1666 παλαιώσεως
3116 1603 3213 1672 τῆς
3237 1604 3484 1680 σελήνης.
3519 1628 3536 1658 ι
3558 1610 3696 1664 Πότε

2114 1681 2173 1734 δέ
2225 1683 2552 1739 παλαιοῦται
2603 1687 2835 1761 σελήνη;
2888 1688 3047 1747 Κατὰ
3098 1695 3196 1766 τὴν
3249 1700 3557 1756 συντέλειαν
3596 1704 3692 1758 τοῦ

2113 1775 2326 1842 αἰῶνος,
2357 1779 2476 1832 καθ’
2509 1781 2575 1850 ἣν
2628 1781 3044 1854 πληρωθήσεται
3081 1789 3112 1858 ἡ
3145 1789 3426 1858 φάσκουσα
3476 1813 3692 1870 προφη-

428 1841 532 1894 crit
564 1842 664 1896 tibi
696 1844 779 1898 scl
805 1844 860 1898 in
886 1845 1060 1900 lucem
1089 1847 1414 1919 diei,neque
1445 1851 1572 1905 luna
1605 1853 1935 1909 illuminabit
1959 1863 1988 1908 ιε

2531 1841 2543 1850 υ
2721 1841 2753 1853 η
2875 1841 2886 1854 ι
3101 1841 3112 1858 ι
3157 1841 3425 1858 I""""'
3483 1841 3659 1870 "r'f'l

2111 1869 2262 1922 τεία·
2304 1889 2321 1919 ι
2365 1871 2422 1923 Ὀ
2459 1872 2607 1942 ῆλιος
2650 1875 2802 1946 καὶὴ
2834 1878 3027 1950 σελήνη
3078 1884 3466 1940 συσκοτάσουσι
3489 1905 3505 1920 ·
3543 1907 3563 1941 ι
3598 1893 3692 1945 καὶ

427 1944 589 1986 noctu
615 1933 680 1989 ³¹.
714 1953 733 1986 ι
771 1933 960 2006 Itaque
984 1940 1444 2007 quemadmodum
1477 1943 1733 2012 superius
1765 1960 1888 1998 eum
1916 1947 2009 2016 qui

425 2021 482 2075 in
511 2023 768 2078 vaticinio
801 2025 994 2093 fertur,
1023 2044 1146 2082 cum
1181 2031 1296 2084 sole
1325 2047 1742 2100 permansurum
1771 2033 2010 2088 declara-

423 2112 551 2179 bat;
597 2115 678 2168 sic
715 2115 826 2183 jam
877 2116 1267 2172 abundantiam
1303 2122 1455 2190 pacis
1484 2122 1553 2176 ab
1593 2139 1658 2178 eo
1691 2123 2006 2180 hominibus

423 2205 804 2271 procurandae,
840 2221 1016 2275 usque
1044 2206 1112 2260 ad
1134 2212 1662 2270 consummationem
1686 2213 2005 2269 duraturam

423 2309 546 2347 esse
569 2297 941 2350 vaticinatur:
974 2298 1121 2366 quod
1162 2301 1371 2355 scilicet
1405 2303 1587 2372 quiete
1618 2319 1682 2358 ac
1712 2305 1830 2360 sine
1863 2315 2006 2360 stre-

422 2387 538 2454 pitu
573 2387 627 2440 in
660 2386 942 2443 Judaicam
992 2400 1206 2462 gentem
1250 2401 1475 2448 ventura
1505 2395 1611 2460 sit,
1643 2405 1698 2452 et
1724 2400 1870 2468 quod
1906 2401 2006 2456 im-

421 2477 635 2545 pletura
672 2477 745 2533 sit
778 2488 954 2534 totum
1003 2483 1192 2538 orbem
1241 2485 1416 2540 instar
1449 2488 1852 2545 stillicidiorum
1887 2493 2001 2547 stil-

421 2568 649 2626 lantium
699 2585 863 2640 super
903 2580 1128 2630 terram.
1187 2573 1340 2642 Quod
1382 2579 1507 2632 item
1559 2579 1802 2635 futurum
1835 2584 1906 2638 sit
1941 2593 1999 2639 ut

413 2660 628 2729 justitia
658 2663 869 2718 oriatur
893 2665 949 2719 in
973 2667 1166 2722 diebus
1187 2669 1307 2736 ejus
1335 2679 1498 2740 atque
1531 2673 1870 2730 abundantia
1899 2692 1995 2747 pa-

416 2751 523 2818 cis,
549 2751 663 2821 jam
695 2756 950 2824 superius
979 2767 1470 2814 commonstratum
1499 2771 1606 2819 est.

486 2951 600 3007 Sub
625 2955 739 3010 haec
760 2956 940 3025 docet,
963 2974 1071 3014 non
1101 2963 1337 3031 quodam
1363 2967 1562 3036 angulo
1579 2975 1737 3025 terrae
1752 2971 1991 3029 cireum-

413 3046 766 3101 scribendum
815 3050 1152 3106 dominatum
1197 3055 1316 3128 ejus
1357 3072 1512 3124 esse;
1547 3066 1641 3114 sed
1686 3062 1990 3121 dominatu-

411 3151 534 3188 rum
567 3137 744 3207 ipsum
775 3154 898 3194 esse
920 3143 1174 3197 omnibus
1196 3145 1468 3214 gentibus.
1515 3147 1879 3214 Quamobrem
1904 3156 1988 3210 di-

409 3232 556 3278 ctum
585 3233 669 3279 est
697 3245 712 3281 :
750 3224 846 3280 «Et
870 3227 1240 3286 dominabitur
1274 3251 1304 3288 a
1332 3238 1468 3290 mari
1496 3254 1669 3308 usque
1702 3243 1766 3296 ad
1787 3260 1983 3300 mare.)

406 3312 545 3368 Nam
582 3314 629 3368 si
661 3316 880 3370 termini
911 3318 1130 3388 quidam
1163 3329 1324 3379 terrae
1357 3337 1507 3392 sunt,
1537 3331 1628 3399 qui
1661 3331 1835 3402 ipsam
1889 3341 1991 3390 cir-

408 3420 753 3477 cumquaque
803 3408 1074 3476 ambiant,
1100 3412 1351 3470 videlicet
1395 3420 1564 3473 maria
1603 3420 1983 3497 Oceanusque,

407 3499 501 3566 qui
547 3499 616 3552 ab
654 3499 973 3556 hominibus
1017 3508 1460 3580 praeternavigari
1509 3517 1725 3584 nequit;
1762 3534 1893 3576 sane
1931 3523 1986 3576 id

405 3588 552 3656 quod
582 3588 650 3642 ab
679 3591 934 3646 omnibus
965 3595 1205 3664 undique
1233 3601 1478 3656 maribus
1505 3607 1836 3672 continetur,
1877 3611 1983 3667 Do-

331 3663 336 3670 ’
403 3678 577 3744 mino,
606 3679 697 3748 qui
732 3663 1150 3750 praenuntiatur,
1183 3690 1552 3748 confitebitur.
1607 3697 1874 3763 Quocirca
1905 3705 1983 3758 di-

404 3771 548 3822 citur
579 3789 590 3822 :
634 3790 652 3821 ι
691 3770 757 3824 Ει
786 3773 1160 3831 dominabitur
1192 3796 1220 3834 a
1263 3785 1398 3838 mari
1429 3802 1603 3858 usque
1649 3792 1715 3846 ad
1746 3811 1917 3851 mare.
1955 3818 1973 3850 ι

405 3857 620 3913 Dictum
655 3870 836 3916 autem
869 3864 1148 3935 impletum
1180 3875 1421 3940 noveris,
1455 3857 1521 3931 si
1545 3884 1850 3952 perpendas
1882 3886 1976 3943 Dei

401 3944 674 4004 Ecclesias
707 3951 907 4022 ubique
940 3964 1207 4012 terrarum
1229 3960 1503 4019 Christum
1527 3944 1666 4036 eius,
1684 3970 1974 4032 Dominum

399 4041 713 4109 praedicare.
747 4045 852 4100 Sed
883 4048 1045 4102 etiam
1088 4066 1117 4104 a
1153 4051 1376 4110 flumine
1405 4074 1580 4130 usque
1611 4064 1677 4117 ad
1711 4071 1973 4126 terminos

394 4132 548 4185 orbis
596 4142 864 4191 terrarum
915 4139 1320 4199 dominaturum
1355 4165 1478 4202 eum
1511 4161 1823 4213 necessario
1853 4177 1973 4230 pro-

394 4223 633 4281 nuntiat.
685 4225 796 4282 Nos
839 4233 1039 4301 quippe
1082 4233 1328 4293 ediscere
1373 4255 1510 4311 opus
1543 4255 1658 4299 erat
1700 4223 1967 4307 undenam

392 4313 657 4370 doctrina:
703 4318 919 4373 initium
970 4324 1236 4381 ducturus
1280 4330 1352 4386 sit
1402 4350 1415 4385 :
1469 4335 1737 4405 significat
1787 4354 1967 4400 autem

392 4403 720 4474 principium
750 4409 854 4478 ipsi
890 4410 1132 4467 futurum
1161 4431 1284 4472 esse
1325 4435 1355 4472 a
1385 4403 1624 4481 flumine.
1676 4429 1830 4496 Quod
1859 4433 1965 4489 llu-

390 4509 516 4548 men
565 4495 766 4551 indicat
811 4497 1161 4570 Evangelium
1207 4504 1397 4566 dicens
1452 4529 1465 4566 :
1509 4533 1528 4565 ι
1559 4495 1713 4574 Tunc
1755 4525 1966 4580 accedit

387 4585 548 4643 Jesus
573 4604 605 4641 a
634 4587 854 4644 Galilaea
883 4592 938 4644 in
961 4590 1253 4653 Jordanem
1281 4601 1347 4655 ad
1378 4600 1666 4675 Joannem,
1701 4620 1760 4664 ut
1789 4614 1968 4685 bapti-

387 4685 605 4731 zaretur
635 4679 706 4733 ab
731 4695 816 4735 eo.
878 4679 971 4737 Ille
1005 4692 1184 4740 autem
1213 4693 1535 4759 prohibebat
1564 4715 1688 4754 eum
1721 4679 1908 4761 dicens
1946 4728 1958 4762 :

386 4765 499 4837 Ego
527 4783 557 4820 a
588 4780 639 4824 te
666 4772 836 4827 debeo
868 4773 1153 4844 baptizari,
1188 4791 1241 4835 et
1285 4791 1342 4837 tu
1391 4789 1544 4844 venis
1585 4793 1654 4846 ad
1695 4809 1800 4851 me.
1866 4797 1962 4854 Ille

385 4866 566 4912 autem
617 4862 954 4930 respondens
991 4866 1129 4922 dixit
1157 4870 1206 4924 ei
1256 4892 1268 4926 :
1307 4875 1438 4932 Sine
1478 4882 1674 4948 modo,
1704 4887 1784 4940 sic
1814 4890 1958 4942 enim

381 4947 539 5003 decet
588 4967 690 5008 nos
739 4954 965 5026 implere
1012 4973 1229 5016 omnem
1258 4963 1532 5034 justitiam
1572 4947 1689 5028 δ’.)
1728 4978 1959 5042 Quando

379 5051 667 5136 postquam
703 5046 1012 5116 baptizatus
1065 5051 1281 5120 fuisset,
1337 5077 1356 5108 ι
1394 5059 1582 5130 Aperti
1635 5074 1764 5120 sunt
1807 5070 1954 5136 caeli,

376 5137 430 5182 et
453 5128 864 5202 viditSpiritum
898 5135 990 5192 Dei
1019 5128 1606 5206 dcscendcntenrsicut
1643 5128 1951 5213 columbam

374 5228 430 5273 et
463 5223 766 5279 venientem
809 5243 975 5298 super
1001 5232 1202 5300 ipsum.
1257 5235 1323 5290 Et
1353 5256 1454 5294 vox
1482 5243 1551 5298 de
1573 5246 1728 5301 ccelis
1763 5247 1946 5304 audita

372 5321 456 5366 est
491 5314 725 5371 dicens:
769 5317 868 5375 llic
897 5331 980 5376 est
1024 5323 1195 5382 Filius
1243 5344 1398 5386 meus
1437 5333 1688 5401 dilectus,
1735 5339 1788 5394 in
1837 5357 1946 5410 quo

375 5404 507 5458 mihi
556 5411 863 5478 complacui
894 5415 958 5469 ³³.
1001 5435 1020 5466 ι
1079 5417 1153 5472 Ex
1186 5421 1278 5476 illo
1306 5440 1541 5498 namque
1587 5437 1829 5501 tempore
1854 5437 1947 5490 do-

372 5495 613 5551 minatus
645 5499 763 5569 ejns
789 5507 1010 5574 agnosci
1041 5511 1227 5581 coepit.
1264 5513 1397 5571 Miro
1424 5495 1642 5589 quoque
1656 5495 1816 5580 modo
1847 5526 1943 5582 hu-

364 5586 459 5655 jus
523 5591 762 5651 ﬂuminis
830 5602 1162 5658 mentionem
1236 5607 1402 5665 Isaias
1441 5586 1714 5684 propheta
1764 5617 1935 5688 facit,

477 5745 656 5801 30Joel
693 5752 888 5827 u,l0.f
929 5758 966 5788 ³¹
995 5756 1099 5813 lsa.
1137 5775 1224 5826 ιχ,
1265 5762 1345 5816 19.
1429 5766 1470 5797 ³²
1506 5767 1692 5828 Matth.
1731 5791 1810 5842 tu,
1852 5779 2033 5832 illi}.

2113 1960 2272 2014 πάλιν
2292 1979 2305 1991 ·
2336 1981 2354 2012 ι
2385 1960 2501 2016 Ούκ
2529 1963 2678 2018 ἔσται
2705 1983 2786 2020 σοι
2816 1970 2844 2022 ὁ
2871 1970 3112 2040 ἥλιοςείς
3131 1974 3245 2043 φῶς
3271 1978 3499 2050 ἡμέρας,
3520 1983 3690 2057 οὐδὲή

2112 2047 2308 2120 σελήνη
2325 2055 2604 2119 φωτιείσοι
2629 2055 2726 2126 τὴν
2742 2057 2930 2112 νύκτα.
2955 2079 2972 2112 ›
2995 2063 3201 2116 Ούκοῦν
3225 2066 3412 2141 ῶσπερ
3431 2071 3691 2146 ἀνωτέρω

2111 2144 2554 2213 συμπαραμένειν
2581 2147 2656 2217 τῷ
2689 2147 2821 2220 ήλίῳ
2845 2150 2933 2202 τὸν
2977 2159 3449 2228 πραφητευόμενον
3477 2144 3685 2236 ἐδήλου,

2106 2231 2277 2298 οὕτως
2300 2236 2392 2289 τιιαί¹
2420 2237 2652 2292 ἐνταῦθα
2681 2242 2740 2294 τὸ
2768 2243 2968 2314 πλῆθος
3001 2247 3098 2317 τῆς
3120 2249 3210 2301 ὑπ’
3232 2253 3396 2306 αὐτοῦ
3424 2231 3688 2333 προξενή-

2105 2326 2409 2400 θησομένης
2440 2331 2747 2400 ἀνθρώποις
2777 2339 2998 2408 είρήνης
3033 2341 3194 2413 μέχρι
3240 2345 3338 2416 τῆς
3373 2326 3686 2418 συντελείας

2103 2415 2405 2487 διαρκέσειν
2452 2421 2716 2486 θεσπίζει.
2767 2426 2954 2493 Ὅπως
3003 2433 3100 2502 μὲν
3164 2431 3258 2487 οὖν
3314 2440 3683 2513 καταὸήσεται

2102 2507 2282 2578 ἡρέμα
2316 2511 2411 2563 καὶ
2445 2511 2682 2583 ἀψοφητί
2733 2517 2826 2569 ἐπὶ
2857 2519 2916 2572 τὸ
2954 2522 3221 2578 Ἰουδαίων
3260 2526 3430 2594 ἔθνος,
3483 2507 3578 2586 καὶ
3606 2533 3685 2599 ὡς

2100 2599 2378 2672 πληρώσει
2409 2605 2509 2674 τὴν
2543 2605 2834 2676 σύμπασαν
2864 2613 3186 2686 οἰκουμένην
3216 2617 3371 2691 δίκην
3405 2625 3680 2693 σταγόνων

2100 2688 2410 2753 σταζουσῶν
2440 2695 2532 2747 ἐπὶ
2554 2695 2653 2765 τῆς
2695 2698 2816 2768 γῆς,
2853 2703 2946 2754 καὶ
2975 2702 3051 2768 ὡς
3083 2688 3395 2782 δικαιοσύνη
3430 2688 3680 2772 ἀνατελεῖ

2095 2779 2152 2830 ἐν
2177 2783 2297 2844 ταῖς
2328 2784 2562 2855 ἡμέραις
2582 2788 2747 2842 αὐτοῦ
2779 2791 2870 2844 καὶ
2897 2792 3097 2865 πλῆθος
3120 2799 3360 2872 εἰρήνης,
3381 2779 3678 2878 δεδήλωται

2092 2869 2180 2922 διὰ
2212 2870 2319 2925 τῶν
2341 2875 2663 2946 εἰρημένων.

2175 2984 2334 3057 Ἑξῆς
2357 2987 2412 3041 δὲ
2449 2989 2707 3059 διδάσκει,
2742 2993 2824 3047 ὅτι
2860 2997 2933 3069 μὴ
2973 3000 3030 3053 ἐν
3064 3003 3234 3076 γωνία
3267 3006 3370 3077 γῆς
3410 3027 3676 3084 περιγρα-

2090 3075 2321 3146 φήσεται
2355 3079 2520 3134 αὑτοῦ
2548 3084 2580 3152 ἡ
2612 3083 2920 3140 δεσποτεία·
2968 3075 3243 3162 κυριεύσει
3281 3098 3337 3150 δὲ
3363 3099 3472 3153 τῶν
3505 3103 3674 3160 ἐθνῶν

2095 3167 2366 3223 ἁπάντων.
2410 3173 2486 3224 Δι’
2512 3173 2542 3226 ὃ
2585 3174 2865 3232 λέλεκταιι
2901 3199 2920 3230 ι
2959 3184 3068 3236 Καὶ
3099 3193 3520 3263 κατακυριεύσει
3565 3198 3673 3252 ἀπὸ

2098 3257 2370 3332 θαλάσσης
2398 3263 2500 3328 ἕως
2532 3265 2822 3339 θαλάσσης.
2863 3291 2883 3323 ι
2921 3273 2982 3326 Ei
3027 3276 3134 3349 γάρ
3167 3278 3284 3334 ἐστί
3310 3257 3430 3338 τινα
3460 3289 3669 3360 πέρατα

2093 3349 2216 3419 γῆς,
2258 3351 2293 3404 ἃ
2320 3353 2382 3424 δὴ
2412 3359 2690 3427 πανταχοῦ
2719 3361 2993 3429 κυκλοῦσι,
3024 3368 3285 3424 θάλασσαι
3329 3375 3579 3444 Ὠκεανός
3607 3400 3668 3436 τε

2092 3442 2398 3512 ἀπέραντος
2425 3447 2728 3518 ἀνθρώποις
2747 3469 2760 3481 ·
2785 3454 2941 3508 τοῦτο
2971 3459 3183 3513 πάντων
3204 3463 3334 3517 εἴσω
3358 3467 3466 3522 τῶν
3494 3471 3662 3525 ἀπαν-

2089 3535 2253 3604 ταχοῦ
2282 3536 2563 3593 θαλασσῶν
2592 3543 2794 3615 Κύριον
2843 3548 3165 3622 ὁμολογήσει
3208 3555 3300 3609 τδν
3342 3559 3662 3634 θεσπιζόμε-

2089 3641 2198 3677 νον.
2223 3627 2300 3678 Δι’
2329 3628 2357 3680 ὃ
2383 3628 2629 3684 λέλεκται
2647 3650 2661 3664 ’
2699 3653 2718 3686 ι
2745 3637 2854 3689 Καὶ
2884 3646 3304 3714 κατακυριεύσει
3334 3652 3442 3705 ἀπὸ
3469 3627 3663 3710 θαλάσ-

2088 3732 2187 3786 σης
2221 3717 2325 3781 ἓως
2359 3720 2647 3794 θαλάσσης.
2684 3746 2704 3778 ι
2735 3727 2919 3801 Γνῴης
2949 3732 2993 3784 δ’
3027 3733 3092 3787 ἂν
3121 3737 3215 3790 τοῦ
3250 3739 3408 3808 λόγου
3441 3746 3500 3799 τὸ
3529 3748 3665 3802 ἁπο-

2083 3808 2320 3880 τέλεσμα
2370 3813 2594 3868 συνιδὼν
2640 3819 2786 3884 ὅπως
2830 3823 3137 3896 ἁπανταχοῦ
3165 3830 3270 3901 γῆς
3302 3837 3357 3887 αἱ
3401 3838 3492 3890 τοῦ
3524 3839 3660 3896 Θεοῦ

2096 3901 2408 3974 Ἐκκλησίαι
2424 3905 2515 3960 τὸν
2542 3909 2774 3980 Χριστὸν
2800 3915 2961 3968 αὐτοῦ
2984 3918 3185 3990 Κύριον
3218 3925 3656 3998 ἀναγορεύουσιν.

2094 3993 2250 4047 Ἀλλὰ
2285 3997 2378 4048 καὶ
2410 3997 2518 4050 ἀπὸ
2544 4003 2788 4073 ποταμοῦ
2816 4005 2921 4071 ἓως
2943 4010 3050 4063 τῶν
3082 3993 3339 4085 περάτων
3356 3993 3456 4089 τῆς
3483 4025 3656 4079 οἰκου-

2083 4083 2248 4154 μένης
2269 4091 2718 4159 κατακυριεύσειν
2746 4096 2908 4149 αὐτόν
2941 4116 3072 4171 φησι
3121 4083 3300 4179 σφόδρ’
3321 4083 3651 4179 ἀναγκαίως.

2091 4174 2286 4273 Ἐχρῆν
2312 4177 2418 4249 γάρ
2451 4181 2597 4251 ἡμᾶς
2649 4185 2838 4254 μαθεῖν
2883 4191 3076 4245 ὁπόθεν
3108 4174 3328 4267 ἄρξεται
3372 4174 3470 4273 τῆς
3511 4174 3656 4260 διδά-

2079 4267 2331 4331 σκαλίας·
2367 4273 2621 4341 σημαίνει
2647 4276 2723 4341 δέ,
2746 4277 2822 4342 ὡς
2855 4280 2961 4353 ἄρα
2994 4284 3142 4339 ἔσται
3177 4291 3375 4365 αὐτῷή
3405 4267 3650 4372 καταρχὴ

2075 4357 2181 4410 άπὸ
2215 4361 2480 4430 ποταμοῦ.
2517 4365 2733 4420 ’Ὀντινα
2756 4374 2996 4445 ποταμὸν
3042 4382 3335 4456 παρίστησι
3378 4387 3439 4440 τὸ
3466 4357 3646 4460 Εύαγἐ

2072 4446 2248 4552 γέλιον
2271 4449 2478 4552 ξοάσκον
2499 4467 2513 4481 ·
2549 4470 2567 4502 ι
2600 4455 2732 4509 Τότε
2755 4446 3158 4530 παραγίνεται-ό
3192 4446 3399 4542 ἰη’σοῦς
3421 4478 3528 4531 ἀπὸ
3546 4446 3647 4552 τῆς

1999 4553 2044 4606 D
2072 4535 2356 4600 Γαλιλαίας
2411 4541 2504 4594 ἐπὶ
2552 4543 2642 4598 τὸν
2701 4547 2968 4621 Ἰορδάνην
3022 4557 3159 4626 πρὸς
3206 4535 3494 4636 Ἰωάννην,
3548 4535 3644 4624 τέᾶ

2069 4626 2425 4700 βαπτισθῆναι
2460 4634 2552 4687 ὑπ’
2599 4638 2783 4693 αὑτοῦ.
2830 4643 2886 4695 '0
2915 4645 2972 4698 δὲ
3013 4647 3301 4706 διεκώλυεν
3348 4659 3508 4713 αὐτὸν
3557 4661 3645 4714 λέ-

2065 4729 2206 4779 γων·
2251 4715 2392 4782 Ἐγὼ
2419 4721 2608 4789 χρείαν
2640 4724 2747 4794 ἔχω
2777 4729 2880 4784 ὑπὸ
2911 4734 3005 4787 σοῦ
3047 4736 3427 4814 βαπτισθῆναι,
3453 4750 3546 4802 καὶ
3574 4754 3639 4805 σὺ

2063 4802 2198 4910 ξρχῃ
2244 4806 2380 4910 πρὸς
2415 4810 2500 4910 μέ.
2541 4813 2597 4866 Ὀ
2620 4815 2675 4868 δὲ
2704 4819 3023 4893 ἀποκριθεὶς
3048 4802 3211 4884 ⁷εἷπεν
3254 4802 3436 4908 αύτῷζ
3470 4802 3641 4910 Ἀφεξ

2060 4894 2186 4990 ἄρτι
2206 4913 2218 4925 ·
2253 4896 2394 4952 οὕτω
2417 4901 2524 4974 γάρ
2557 4908 2764 4978 πρέπον
2785 4915 2899 4966 ἐστὶ
2924 4918 3205 4990 πληρῶσαι
3239 4894 3416 4982 πᾶσαν
3436 4894 3638 4987 δικαιοΞ

2062 4984 2247 5096 σύνην..
2292 4989 2482 5096 »ςυτει
2503 4996 2639 5064 μετὰ
2658 4998 2734 5096 τὸ.
2753 4984 3110 5079 βαπτισθῆναι
3134 5015 3296 5070 αὐτὸν
3329 5035 3346 5069 ι
3398 4984 3638 5096 Ἢνοίγῆ-

2060 5089 2159 5128 σαν
2190 5078 2238 5129 οἰ
2276 5080 2511 5152 οὐρανοὶ,
2548 5089 2642 5142 καὶ
2683 5087 2788 5144 εἶδε
2821 5094 2880 5148 τὸ
2928 5098 3152 5172 Πνεῦμα
3177 5107 3271 5159 τοῦ
3299 5109 3435 5164 Θεοῦ
3465 5078 3635 5170 καίιῖαζ

2059 5165 2239 5282 ϐαῖνον
2263 5170 2338 5273 ῶς
2365 5180 2690 5249 περιστερὰν
2715 5186 2808 5237 καὶ
2834 5165 3130 5258 ἐρχόμενον
3155 5199 3234 5261 εἰς
3265 5201 3443 5257 αὐτόν.

2051 5273 2111 5357 τε
2134 5259 2198 5357 ἐκ
2235 5262 2341 5316 τῶν
2365 5267 2608 5337 οὐρανῶν
2648 5273 2887 5349 ἠκούσθη
2921 5279 3179 5348 λέγουσα·
3214 5259 3383 5357 Οὗτός
3425 5259 3573 5351 ἐστιν

2053 5347 2178 5450 Υιίός
2214 5370 2313 5422 μου
2403 5358 2699 5450 ἀγαπητὸς,
2737 5367 2796 5419 ἐν
2826 5347 3186 5447 ᾧνηύδόκησα.
3232 5399 3250 5432 ι
3297 5347 3384 5450 Ἐξ

2050 5439 2157 5551 γὰρ
2182 5446 2741 5551 γνωρίςεσθαισύτοῦ
2775 5439 2977 5530 ἤρξατο
3008 5468 3040 5537 ἡ
3073 5439 3347 5546 κυριότης.
3366 5439 3629 5551 ’Παραδόζ

2047 5528 2152 5594 ξως
2187 5533 2244 5587 δὲ
2275 5537 2462 5591 τούτου
2499 5543 2770 5616 μέμνηται
2798 5528 2899 5605 τοῦ
2931 5528 3174 5631 ποταμοῦ
3199 5528 3627 5639 καίῗὲίσαὶοῑςνὸ

2045 5629 2327 5699 προφήτης
2359 5632 2838 5710 εὐαγγελιζόμενος
2864 5649 2960 5718 τὴν
2991 5650 3214 5724 ἔρημον,
3246 5661 3302 5711 ἐν
3387 5665 3621 5737 ἐκήρυτ-

2116 5781 2153 5812 ³·
2186 5785 2252 5838 ξιξ
2281 5786 2311 5837 ι.
2350 5787 2428 5847 ut,
2464 5790 2543 5844 ιτ.
