4056 6372
351 377 459 436 805

1493 371 1998 428 COMMENTARIA
2037 373 2103 428 IN
2145 373 2482 431 PSALMOS.

3499 378 3604 435 806

349 511 442 546 τεν
479 493 729 563 Ἰωάννης
752 494 780 545 ὁ
808 490 1136 560 Βαπτιστής.
1179 489 1336 542 Ἐὁόα
1355 489 1398 542 δ’
1428 483 1520 542 οῦν
1540 489 1732 556 λέγων’
1772 507 1790 539 ι
1829 488 1933 540 Εὑ-

2031 489 2410 558 evangelizans
2443 489 2718 544 desertum
2765 490 2820 544 in
2866 506 2976 562 quo
3006 491 3332 562 prredieabat
3364 489 3605 548 Joannes

351 586 640 657 φράνθητι,
689 584 891 655 ἔρημος
927 583 1155 652 διψῶσα,
1188 581 1531 650 ἁγαλλιάσθω
1578 581 1780 652 ἔρημος
1825 581 1920 634 καὶ

343 677 579 730 άνθείτω
608 676 682 738 ὼς
705 675 892 744 κρίνον
913 690 926 703 ·
962 673 1055 725 καὶ
1086 672 1364 743 έξανθήσει
1399 672 1493 724 καὶ
1537 670 1922 740 ἀγαλλιάσεται

343 768 420 820 τὰ
447 767 626 838 ἔρημα
653 766 743 819 τοῦ
783 765 1064 836 Ἰορδάνου.
1107 785 1124 817 ι
1183 766 1326 817 ’Λντὶ
1358 764 1502 827 τίνος
1530 763 1637 835 γάρ
1679 764 1776 833 οὐχ
1806 762 1923 815 ἐτέ-

350 877 449 930 ρου
487 860 758 930 μέμνηται
817 856 1062 926 ποταμοῦ
1110 859 1138 909 ὁ
1170 855 1420 918 τοσοῦτος
1463 855 1768 926 προφήτης,
1810 853 1924 908 ἀλλ’

349 948 514 1002 αὑτοῦ
559 948 651 1001 τοῦ
696 948 956 1019 Ἰορδάνου
991 948 1084 1000 καὶ
1131 948 1229 1018 τῆς
1263 948 1468 1017 ὲρήμου
1513 947 1654 1016 ἁμιρί⁸
1704 945 1922 998 τοῦτον·

347 1039 690 1111 εὐφροσύνην
728 1057 788 1093 τε
837 1041 930 1093 καὶ
972 1038 1286 1106 άγαλλίασιν
1315 1040 1380 1108 τῇ
1427 1039 1619 1109 ἐρήμῳ
1666 1036 1758 1090 τοῦ
1801 1039 1931 1108 ἰορ-

352 1133 531 1197 δάνου,
563 1133 675 1186 ἀλλ’
698 1133 818 1202 ούχί
846 1135 911 1202 τῇ
950 1130 1322 1204 Ἰερουσαλὴμ,
1344 1130 1464 1183 οὐδὲ
1497 1132 1562 1200 τῇ
1593 1129 1750 1200 λοιπῇ
1798 1131 1930 1182 Ἰου-

351 1223 477 1294 δαίᾳ
538 1221 972 1292 εὐαγγελίζεται;
1036 1222 1241 1275 Οὐκοῦν
1297 1221 1490 1292 ἔχομεν
1535 1223 1628 1275 καὶ
1671 1221 1822 1292 παρὰ
1854 1221 1932 1291 τῷ

365 1313 563 1383 Ἡσαΐᾳ
604 1313 702 1384 τὴν
730 1313 960 1384 δήλωσιν
1008 1312 1101 1365 τοῦ
1135 1312 1379 1384 ποταμοῦ
1428 1313 1556 1384 περί
1608 1306 1669 1365 οὗ
1703 1329 1865 1384 φησιν
1905 1313 1933 1364 ὁ

351 1406 544 1478 παρὼν
572 1405 748 1474 λόγος,
786 1425 804 1456 ι
835 1405 944 1460 Καὶ
975 1404 1082 1458 άπὸ
1129 1405 1373 1476 ποταμοῦ
1401 1404 1507 1468 ἓως
1549 1404 1655 1459 τῶν
1683 1404 1934 1475 περάτων

347 1501 452 1570 τῆς
474 1499 800 1569 οἰκουμένης
835 1516 854 1550 ι
887 1496 1338 1568 κατακυριεύσειν
1387 1496 1476 1549 τὸν
1520 1496 1934 1567 προφητευόμε-

349 1610 464 1645 νον.
522 1590 850 1661 Ὀφθαλμοῖς
883 1589 941 1643 δὲ
977 1588 1312 1660 παραλαϐεῖν
1359 1587 1474 1641 ἔστι.
1524 1587 1589 1640 δι’
1619 1587 1794 1658 ἔργων
1844 1605 1936 1640 κε-

349 1681 670 1752 χωρηκυίας
698 1679 797 1743 τὰς
827 1679 1331 1751 προαναφωνήσεις,
1373 1677 1612 1746 ὁρῶντας
1647 1678 1807 1749 μέχρι
1829 1679 1937 1733 τῶν

344 1773 607 1842 περάτων
638 1773 738 1842 τῆς
761 1772 869 1842 γῆς
897 1774 953 1824 ὲν
979 1774 1097 1833 ταῖς
1137 1769 1480 1841 Ἐκκλησίαις
1509 1769 1670 1822 αὐτοῦ
1698 1770 1939 1842 κυριολο-

341 1863 450 1934 γού
461 1881 618 1935 μενον
649 1865 740 1916 τὸν
771 1861 1004 1934 Χριστὸν
1024 1863 1116 1915 τοῦ
1151 1861 1307 1915 Θεοῦ.

429 1974 450 2006 ι
507 1955 763 2009 Ἐνώπιον
810 1953 972 2007 αὑτοῦ
1008 1954 1402 2025 προπεσοῦνται
1440 1954 1713 2019 Αἰθίοπες,
1749 1954 1842 2008 καὶ
1876 1955 1923 2006 οἰ

340 2047 539 2119 ἐκθροί
558 2047 719 2101 αὑτοῦ
751 2046 878 2117 χοῦν
911 2046 1162 2111 λείξουσι.
1194 2066 1213 2099 ι
1243 2046 1432 2116 Σφόδρ’
1459 2045 1764 2110 ἀκολούθως
1791 2045 1928 2116 μετὰ

343 2141 414 2194 τὶ)
442 2143 636 2203 εἰπεῖν,
676 2160 696 2190 ι
728 2139 1162 2211 Κατακυριεύσει
1211 2139 1318 2192 άπὸ
1364 2138 1638 2208 θαλάσσης
1676 2139 1780 2202 ἕως
1829 2137 1926 2190 θα-

347 2232 578 2302 λάσσης,
603 2232 696 2285 καὶ
727 2232 834 2285 άπὸ
866 2231 1112 2302 ποταμοῦ
1143 2231 1246 2294 ἕως
1271 2231 1520 2302 περάτων
1551 2231 1650 2301 τῆς
1674 2230 1928 2300 οἰκουμέ-

354 2341 471 2394 νης,
503 2342 521 2373 ›
547 2321 820 2376 Αἰθιόπων
847 2325 982 2394 ὲμνη
993 2321 1270 2392 μόνευσεν,
1296 2321 1344 2373 οἳ
1369 2320 1437 2372 τὰ
1459 2319 1658 2389 ἔσχατα
1681 2319 1781 2388 τῆς
1808 2318 1928 2372 καθ’

351 2417 504 2486 ἡμᾶς
547 2414 868 2486 οἰκουμένης
895 2412 1122 2476 οἰκοῦσι,
1155 2412 1225 2466 τά
1255 2429 1313 2465 τε
1362 2411 1500 2484 πρὸς
1530 2409 1792 2474 ἀνατολὰς
1835 2409 1930 2463 καὶ

353 2508 423 2562 τὰ
463 2506 598 2578 πρὸς
626 2505 816 2559 δύοντα
855 2505 1024 2576 ¹ήλιον.
1063 2502 1225 2556 Ὅθεν
1253 2503 1346 2556 καὶ
1388 2501 1540 2572 παρὰ
1569 2504 1680 2564 τοῖς
1709 2499 1812 2564 ἔξω
1835 2500 1930 2554 τοῦ

355 2598 478 2651 καθ’
515 2600 661 2668 ἡμᾶς
698 2597 856 2664 λόγου
882 2596 1020 2648 κατὰ
1046 2593 1207 2664 φύσιν
1231 2593 1480 2665 εἰρῆσθαι
1503 2592 1648 2645 δοκεῖ
1679 2591 1756 2656 τὸ,

421 2792 725 2856 Αἰθίοπας,
753 2791 841 2843 col
873 2790 1046 2860 διχθὰ
1075 2789 1376 2843 δεδαίαται
1403 2790 1649 2860 ἔσχατοι
1676 2787 1928 2858 ἀνδρῶν·

424 2864 491 2914 Οἱ
515 2860 633 2930 μὲν
661 2861 999 2930 δυσομένου
1029 2861 1367 2928 ὺπερίονος,
1397 2862 1451 2913 οἱ
1473 2860 1525 2912 δ’
1553 2861 1847 2925 ἀνιόντος.

354 3013 465 3066 Καὶ
516 3013 573 3065 ὲν
607 3010 778 3083 ἑτέρῳ
810 3011 867 3064 δὲ
916 3010 1130 3083 εἴρηται
1171 3009 1407 3082 ψαλμῷο
1438 3030 1457 3065 ι
1493 3012 1748 3068 Αἰθιοπία
1799 3032 1932 3084 προ-

355 3099 552 3166 φθάσει
596 3103 752 3171 χεῖρα
786 3099 952 3169 αὐτῆς
984 3099 1059 3169 τῷ
1089 3098 1208 3169 Θεῷ
1228 3116 1242 3131 ·
1287 3118 1306 3150 ι
1340 3100 1434 3152 καὶ
1463 3099 1622 3152 πάλιν
1662 3101 1720 3153 ὲν
1760 3099 1934 3171 ἑτέρῳ

354 3194 610 3265 προφήτῃ
649 3192 925 3246 λέλεκταιν
965 3210 984 3242 ι
1027 3193 1122 3246 Ἐκ
1165 3193 1417 3265 περάτων
1457 3191 1718 3264 ποταμῶν
1757 3192 1936 3245 Αἰθιο-

354 3284 486 3348 πίας
513 3284 748 3337 οἴσουσιν
769 3284 955 3348 ούσίας
986 3302 1093 3355 μοι.
1136 3304 1154 3337 ι
1191 3285 1302 3338 Καὶ
1334 3286 1392 3337 ἐν
1415 3286 1526 3349 τοῖς
1557 3284 1937 3355 προκειμένοις

352 3375 410 3428 δὲ
451 3375 758 3439 ἀκολούθως
799 3374 1006 3441 τούτοις
1037 3375 1120 3441 τὸ,
1167 3395 1186 3428 ι
1239 3374 1497 3430 Ἐνὼπιον
1528 3374 1691 3429 αὑτοῦ
1736 3393 1940 3447 προπε-

355 3467 573 3522 σοῦνται
617 3467 890 3532 Αἰθίοπες,
932 3488 950 3519 ι
987 3467 1323 3534 θεσπίζεται.
1377 3470 1454 3522 Δι’
1490 3461 1563 3521 ὧν
1613 3468 1871 3522 ἁπάντων
1911 3468 1939 3520 ὁ

351 3559 513 3628 λόγος
570 3560 822 3630 σημαίνει
858 3560 928 3613 τὰ
975 3559 1179 3630 ἔσχατα
1211 3562 1308 3630 τῆς
1339 3561 1442 3632 γῆς
1475 3561 1572 3633 τὴν
1600 3559 1690 3614 τοῦ
1728 3577 1940 3632 προφη-

350 3652 644 3724 τευομένου
691 3649 892 3718 γνῶσιν
954 3650 1346 3722 ἀναλήψεσθαι,
1397 3653 1491 3705 καὶ
1543 3652 1938 3722 προσκυνήσειν

351 3743 524 3815 αὐτῷ,
577 3743 1018 3814 προσπίπτοντας
1051 3744 1146 3795 καὶ
1194 3742 1324 3810 γόνυ
1352 3743 1650 3805 κλίνοντας.
1679 3743 1763 3793 Δι’
1791 3742 1819 3794 ὃ
1851 3741 1938 3794 λέ-

350 3835 543 3889 λεκται
603 3833 745 3888 κατὰ
795 3833 885 3885 τὸν
941 3831 1196 3886 Ἀκύλαν·
1243 3851 1260 3883 ι
1302 3833 1397 3896 Εἰς
1438 3833 1728 3904 πρόσωπον
1769 3831 1935 3886 αὐτοῦ

351 3924 662 3996 κάμψουσιν
729 3922 1011 3986 Αἰθίοπες·
1072 3941 1090 3973 ι
1145 3921 1287 3976 κατὰ
1341 3921 1400 3975 δὲ
1456 3921 1548 3975 τὸν
1604 3921 1932 3992 Σύμμαχον

356 4036 376 4067 ι
409 4017 761 4089 Ἔμπροσθεν
807 4014 970 4069 αὑτοῦ
1016 4012 1333 4069 ὁκλάσουσιν
1376 4014 1653 4078 Αἰθίοπες.
1698 4034 1715 4066 ι
1753 4014 1852 4068 Διὰ
1879 4015 1936 4068 δὲ

348 4109 459 4163 τῶν
485 4110 756 4164 Αἰθιόπων
785 4107 892 4160 τῶν
924 4107 993 4161 τὰ
1022 4107 1226 4178 ἔσχατα
1258 4108 1356 4178 τῆς
1383 4107 1489 4177 γῆς
1526 4109 1817 4162 οἰκούντων
1842 4109 1935 4162 καὶ

347 4201 420 4254 τὰ
441 4203 574 4256 εἴσω
595 4202 690 4272 τῆς
730 4200 1053 4272 οἰκουμένης
1094 4200 1220 4271 ἔθνη
1259 4201 1540 4270 δηλοῦνται
1595 4200 1702 4253 Καὶ
1735 4201 1937 4272 πρόδη-

348 4293 439 4348 λον
469 4297 619 4358 ὅπως
648 4292 959 4363 ἁπανταχοῦ
984 4293 1086 4364 γῆς
1107 4296 1154 4346 οἰ
1184 4295 1264 4357 εἰς
1289 4293 1448 4347 αὑτὸν
1488 4294 1930 4358 πεπιστευκότες,

348 4387 479 4454 γόνυ
518 4387 791 4448 κλίνοντες
819 4385 914 4438 καὶ
946 4386 1024 4448 εἰς
1053 4384 1218 4456 αὐτὴν
1252 4386 1648 4456 προπίπτοντες
1679 4385 1777 4456 τὴν
1807 4385 1931 4455 γῆν,

348 4475 413 4529 δι’
451 4475 616 4530 αὑτοῦ
657 4473 756 4545 τήν
791 4472 1160 4544 προσκύνησιν
1192 4473 1269 4542 τῷ
1316 4473 1407 4525 ἐπὶ
1438 4472 1654 4525 πάντων
1687 4470 1934 4540 ἀναπέμ-

349 4583 515 4620 πουσι
544 4564 682 4635 Θεῷ.
731 4563 894 4617 Ἀλλὰ
941 4565 1034 4618 καὶ
1070 4565 1118 4616 οἰ
1153 4563 1338 4634 ἐχθροὶ
1383 4561 1569 4626 αὐτοῦ,
1615 4562 1769 4633 φησὶ,
1802 4561 1932 4631 χοῦν
1966 4598 2010 4655 D

348 4655 640 4722 λείξουσιν,
670 4654 1088 4728 ὲξομοιωθέντες
1125 4654 1202 4724 τῷ
1238 4653 1444 4708 ἑαυτῶν
1480 4653 1645 4723 πατρὶ
1685 4651 1766 4722 τῷ
1790 4652 1929 4719 ὄφει,

349 4747 442 4800 ἐπὶ
471 4749 552 4820 τῷ
583 4746 768 4819 στήθει
821 4745 914 4800 καὶ
947 4747 1012 4816 τῇ
1051 4744 1228 4814 κοιλίᾳ
1269 4742 1639 4815 πορευομένῳ,
1687 4741 1781 4794 καί
1829 4739 1932 4810 γῆν

349 4837 587 4895 ἐσθίοντι
613 4838 755 4892 κατὰ
781 4838 880 4908 τὴν
909 4835 967 4900 ἐξ
999 4834 1172 4908 ἀρχῆς
1209 4835 1504 4905 γενομένην
1535 4831 1681 4903 αὐτῷ
1714 4831 1936 4904 προστί-

355 4946 541 5000 μησιν.
578 4931 733 4984 Οὖτω
780 4930 826 4983 δ’
857 4925 948 4983 οῦν
992 4928 1113 4998 δψει
1147 4927 1271 4989 τοὺς
1323 4926 1421 4995 τῆς
1460 4924 1785 4993 Ἑκκλησίας
1841 4921 1935 4975 τοῦ

349 5020 590 5089 Χριστοῦ
629 5021 918 5090 πολεμίους
947 5019 1036 5073 τὸν
1063 5016 1192 5090 χοῦν
1220 5018 1313 5070 καὶ
1352 5017 1450 5080 τὰς
1485 5014 1801 5086 σωματικάς
1827 5013 1940 5085 ήδο-

350 5109 448 5175 νὰς
477 5111 1006 5186 περιλιχμωμένους.
1038 5110 1101 5162 Εἰ
1127 5109 1236 5180 γὰρ
1273 5107 1335 5162 τὸ
1370 5106 1547 5177 σῶμα,
1577 5100 1728 5178 ᾧπερ
1760 5107 1939 5158 κεῖται

351 5199 385 5269 ἡ
410 5200 581 5276 ψυχὴ,
603 5203 733 5275 χοῦς
762 5203 1042 5273 ἁνείρηται
1065 5201 1206 5255 κατὰ
1230 5199 1327 5272 τήν
1351 5201 1664 5268 φάσκουσαν
1691 5197 1933 5269 Γροιφήν⁸

358 5309 375 5339 ι
423 5293 658 5348 Ἔλασεν
682 5297 710 5348 ό
737 5293 870 5356 Θεὸς
903 5292 1032 5363 χοῦν
1069 5293 1177 5346 ἀπὸ
1203 5292 1303 5363 τῆς
1332 5290 1456 5361 γῆς,
1489 5290 1584 5343 καὶ
1617 5288 1819 5341 ἔπλασε
1845 5287 1937 5340 τὸν

352 5382 672 5458 ἄνθρωπον·
714 5406 732 5439 ι
764 5390 813 5442 οἰ
859 5387 949 5440 τὸν
996 5385 1123 5458 χοῦν
1179 5380 1644 5456 περιλιχμώμενοι
1698 5380 1790 5433 καὶ
1838 5380 1936 5444 τὰς

350 5475 450 5545 τῆς
479 5481 680 5552 σαρκὸς
705 5479 1034 5551 ἡδυπαθείας
1077 5478 1344 5548 τιμῶντες
1378 5473 1757 5545 διαϐέϐληνται
1802 5472 1937 5525 εἰκό-

355 5581 480 5632 τως.
517 5573 592 5637 ὼς
629 5573 695 5627 ἂν
725 5573 908 5645 ἐχθροὶ
945 5572 1038 5626 τοῦ
1070 5571 1338 5642 σωτηρίου
1383 5568 1739 5639 τυγχάνοντες
1754 5565 1931 5635 λόγου.

369 5655 506 5712 Ἀλλ’
547 5661 689 5721 οὗτοι
737 5669 834 5739 μὲν
876 5665 1134 5720 τοιοῦτοι·
1181 5663 1241 5717 τὸ
1279 5663 1323 5715 δ’
1357 5663 1540 5732 ἕτερον
1591 5660 1777 5730 τάγμα
1828 5658 1934 5715 τῶν

432 5815 472 5847 ³⁵
509 5818 612 5880 lsa.
644 5840 805 5889 xxxv,
852 5839 886 5876 ι.
971 5823 1012 5854 ³⁵
1058 5821 1214 5877 Hom.
1255 5819 1419 5890 Odys.
1455 5820 1500 5876 l.

2027 577 2288 648 Baptista.
2335 578 2425 634 Sic
2459 581 2548 635 ille
2581 581 2852 635 clamabat
2887 602 2899 636 :
2944 602 2961 633 ι
2996 583 3202 638 Lretare
3231 584 3505 642 desertum
3537 591 3610 645 si-

2026 668 2200 730 tiens,
2237 671 2474 724 exsultet
2503 670 2742 724 solitudo
2781 679 2833 725 et
2863 671 3053 726 ﬂoreat
3103 675 3250 728 sicut
3299 676 3471 730 lilium
3505 697 3518 732 :
3553 690 3610 734 et

2025 758 2296 815 ﬂorebunt
2325 770 2377 816 et
2399 761 2754 816 exsultabunt
2776 763 2991 818 deserta
3016 764 3383 823 .lordanis“.»
3425 769 3608 836 Quare

2026 866 2135 905 non
2169 853 2310 906 alius
2354 853 2596 908 ﬂuminis
2635 856 2968 910 mentionem
3014 865 3202 911 tantus
3229 861 3493 930 propheta
3527 863 3608 917 fa-

2028 945 2135 1005 cit.
2177 960 2340 1014 quam
2385 944 2671 1010 Jordanis,
2724 956 2777 1001 et
2811 949 3124 1003 solitudinis
3168 952 3608 1023 circumposita;

2029 1037 2384 1106 laetitiamque
2428 1045 2480 1091 et
2526 1039 2943 1094 exsultationem
2984 1041 3203 1096 deserto
3231 1041 3488 1101 Jordanis
3513 1062 3611 1100 an-

2031 1129 2266 1191 nuntiat,
2300 1144 2407 1183 non
2431 1137 2608 1184 autem
2641 1128 3129 1202 Jerosolymaemec
3153 1134 3374 1202 reliquae
3388 1134 3606 1191 Judaeae.

2031 1218 2199 1273 Adest
2249 1233 2380 1273 sane
2414 1218 2556 1289 apud
2609 1219 2786 1288 ipsum
2821 1219 3013 1274 Isaiam
3074 1221 3375 1278 declaratio
3434 1223 3609 1279 ﬂumi-

2033 1310 2141 1372 nis,
2177 1310 2243 1364 de
2276 1325 2387 1380 quo
2422 1311 2512 1364 hic
2557 1310 2778 1376 dicitur,
2814 1331 2833 1363 ι
2877 1311 2941 1364 Ει
2989 1328 3020 1366 a
3063 1311 3288 1370 ﬂumine
3335 1332 3510 1386 usque
3541 1318 3611 1372 ad

2032 1402 2302 1456 terminos
2349 1403 2498 1456 orbis
2534 1409 2801 1457 terrarum
2841 1423 2858 1454 ι
2893 1402 3300 1460 dominaturum
3334 1422 3458 1462 esse
3485 1423 3611 1462 eum

2034 1493 2127 1562 qui
2158 1493 2213 1546 in
2251 1493 2511 1547 vaticinio
2542 1493 2734 1548 fertur.
2797 1494 3057 1564 Licetque
3088 1496 3493 1565 praedictionem
3527 1499 3614 1553 vel

2035 1585 2170 1654 ipsis
2199 1585 2374 1640 oculis
2395 1586 2716 1655 completam
2740 1585 3162 1656 deprehendere,
3186 1603 3308 1642 cum
3333 1590 3613 1644 videamus

2037 1677 2316 1731 Christum
2351 1676 2444 1730 Dei
2478 1693 2653 1747 usque
2682 1677 2748 1730 ad
2772 1680 3038 1734 terminos
3062 1685 3222 1734 terra!
3262 1681 3316 1734 in
3354 1680 3613 1736 Ecclesiis

2042 1767 2163 1837 ejus
2190 1774 2250 1820 ut
2277 1766 2563 1822 Dominum
2595 1769 2877 1824 celebrari.

2100 1947 2267 2002 Vens.
2311 1948 2491 2001 9-H.
2541 1966 2560 1998 ι
2597 1946 2792 2002 Coram
2837 1949 2928 2003 illo
2972 1948 3256 2018 procident
3301 1947 3611 2018 1Ethiopes,

2029 2049 2082 2096 et
2111 2041 2317 2094 inimici
2352 2040 2472 2109 ejus
2504 2047 2706 2094 terram
2743 2041 2967 2111 lingent.
3009 2061 3027 2094 ι
3090 2041 3393 2096 Admodum
3422 2057 3614 2097 conse-

2027 2139 2278 2202 quenter,
2326 2139 2615 2202 postquam
2664 2133 2896 2197 dixerat,
2939 2153 2957 2184 ι
2988 2131 3367 2187 Dominabitur
3399 2149 3428 2186 a
3459 2149 3614 2188 mare

2029 2241 2203 2295 usque
2234 2224 2298 2278 ad
2326 2238 2498 2286 mare,
2539 2231 2592 2277 et
2623 2239 2653 2277 a
2678 2223 2900 2278 ﬂumine
2945 2240 3119 2294 usque
3147 2225 3212 2278 ad
3240 2225 3504 2280 terminos
3531 2239 3614 2279 or-

2030 2319 2114 2374 bis
2144 2327 2435 2379 terrarum,
2464 2335 2482 2368 »
2515 2315 2806 2387 Ᾰῧιίιίοριιε
2838 2317 3180 2381 memoravit,
3215 2318 3306 2386 qui
3338 2318 3490 2373 orbis
3518 2335 3616 2374 no-

2030 2409 2127 2464 stri
2175 2418 2421 2462 extrema
2473 2407 2759 2474 incolunt,
2799 2416 2910 2460 tum
2951 2423 3012 2461 ea
3061 2423 3182 2477 quae
3228 2407 3293 2460 ad
3324 2409 3612 2473 orientem,

2030 2506 2146 2552 tum
2179 2514 2242 2554 ea
2270 2513 2391 2568 quae
2417 2496 2484 2550 ad
2508 2511 2765 2551 occasum
2788 2497 2922 2552 solis
2948 2501 3052 2552 sita
3090 2504 3238 2551 sunt.
3290 2495 3445 2553 Unde
3469 2500 3614 2570 apud

2029 2600 2267 2651 exteros,
2311 2587 2478 2643 dictis
2504 2588 2712 2643 nostris
2744 2603 2982 2643 consona
3024 2587 3326 2643 secundum
3353 2589 3430 2642 rei
3462 2598 3616 2645 natu-

2031 2696 2148 2734 ram
2181 2680 2454 2734 habentur
2482 2679 2535 2732 in
2561 2677 2653 2732 illo
2675 2693 2692 2732 :

2104 2793 2387 2863 zEthiopas
2410 2793 2500 2863 qui
2521 2791 2770 2863 bifariam
2794 2793 2953 2846 divisi
2972 2802 3095 2847 sunt
3124 2793 3298 2846 ultimi
3319 2792 3611 2857 hominum,

2103 2866 2212 2918 Atii
2244 2861 2451 2936 quidem
2494 2861 2562 2916 ad
2611 2861 2928 2918 occidentem
2951 2903 2965 2928 ,
3017 2864 3113 2916 alii
3147 2863 3214 2916 ad
3246 2864 3492 3004 citizen!
3521 2881 3616 3003 fo-

2035 3027 2094 3081 ln
2127 3026 2234 3081 alio
2261 3042 2479 3096 quoque
2505 3027 2714 3096 psalmo
2748 3025 2954 3079 dictum
2979 3032 3063 3080 est
3099 3042 3113 3078 :
3151 3023 3460 3094 c1Ethi0pia
3495 3039 3617 3094 por-

2034 3118 2173 3188 riget
2206 3133 2424 3173 manum
2459 3133 2614 3173 suam
2648 3115 2760 3171 Deo
2790 3116 2868 3182 ³⁶;
2901 3135 2919 3168 ι
2956 3131 3020 3170 ac
3055 3115 3251 3170 iterum
3291 3116 3345 3168 in
3374 3115 3479 3169 alio
3496 3129 3619 3184 pro-

2039 3210 2246 3274 pheta:
2302 3228 2320 3260 ι
2357 3209 2434 3262 Ex
2482 3208 2734 3263 terminis
2781 3205 3066 3261 ﬂuminum
3101 3205 3394 3274 Ethiopia!
3442 3205 3618 3261 ferent

2041 3300 2404 3355 substantiam
2457 3297 2680 3352 mibi".
2721 3316 2740 3348 ι
2779 3297 2835 3350 In
2889 3295 2977 3352 his
3024 3298 3152 3350 item
3198 3311 3441 3351 consona
3484 3312 3618 3352 voce

2039 3390 2372 3444 vaticinatur
2401 3389 2513 3453 ille,
2553 3407 2572 3440 ι
2599 3389 2796 3442 Coram
2831 3388 2924 3441 illo
2951 3388 3240 3457 procident
3267 3387 3612 3458 Ethiopes.»

2039 3479 2206 3544 Queis
2233 3480 2490 3534 omnibus
2512 3478 2854 3548 signiﬁcatur
2879 3476 3146 3543 futurum,
3170 3486 3228 3529 ut
3253 3478 3472 3532 termini
3507 3486 3618 3531 ter-

2037 3585 2113 3624 ra:
2145 3569 2266 3638 ejus
2314 3569 2406 3638 qui
2447 3569 2502 3623 in
2547 3567 2834 3639 prophetia
2881 3567 3198 3620 enuntiatur
3253 3566 3614 3636 cognitionem

2038 3661 2325 3731 recipiant,
2364 3676 2427 3715 ac
2467 3660 2816 3729 procidentes
2844 3665 2898 3712 et
2927 3671 3105 3728 genua
3154 3653 3454 3720 ﬂectentes,
3490 3657 3619 3712 ado-

2037 3757 2159 3804 rent
2187 3751 2390 3818 ipsum.
2426 3747 2812 3814 Quamobrem,
2849 3745 3152 3800 secundum
3179 3746 3452 3814 Aquilam,
3484 3745 3620 3802 dici-

2037 3847 2146 3905 tur,
2190 3857 2208 3889 ι
2239 3839 2321 3893 Ad
2371 3838 2563 3892 faciem
2608 3837 2729 3904 ejus
2774 3834 3080 3891 curvabunt
3132 3849 3192 3889 se
3234 3833 3557 3905 Ethiopes;
3589 3854 3611 3887 ι

2038 3927 2338 3985 secundum
2377 3925 2760 3996 Symmachum
2791 3931 2994 3982 autem.
3033 3942 3051 3974 ι
3083 3922 3139 3976 ln
3173 3932 3471 3993 conspectu
3494 3927 3616 3992 ejus

2035 4017 2396 4089 procumbent
2452 4013 2761 4083 Ethiopes.
2802 4033 2821 4066 ι
2860 4010 2964 4066 Per
2991 4011 3275 4081 Aitlliopes
3304 4021 3482 4067 autem
3521 4015 3616 4084 qui

2036 4116 2280 4164 extrema
2307 4114 2464 4160 terra:
2491 4103 2757 4167 incolunt,
2789 4110 2976 4172 gentes
3000 4103 3164 4156 etiam
3201 4117 3322 4171 qua:
3353 4104 3495 4157 intra
3531 4122 3618 4159 or-

2036 4199 2162 4254 bem
2202 4203 2353 4263 sunt,
2402 4195 2736 4249 indicantur.
2790 4191 3244 4263 Manifestumque
3285 4202 3390 4260 est,
3414 4196 3617 4265 ubique

2037 4295 2330 4350 terrarum,
2371 4285 2465 4355 qui
2495 4285 2547 4337 in
2578 4284 2756 4354 ipsum
2780 4283 3032 4348 credunt,
3056 4299 3231 4353 genua
3261 4282 3541 4340 ﬂectentes
3563 4291 3618 4340 et

2036 4380 2092 4431 in
2117 4386 2317 4431 terram
2345 4375 2789 4445 procumbentes,
2808 4389 2902 4443 per
2919 4389 3042 4428 eum
3063 4373 3434 4430 adorationem
3459 4390 3615 4429 suam

2035 4470 2420 4524 universorum
2451 4467 2560 4520 Deo
2582 4466 2851 4521 emittere.
2886 4464 2998 4520 lino
3024 4467 3185 4520 etiam
3222 4467 3318 4531 ait,
3350 4486 3368 4519 ι
3404 4465 3614 4520 inimici

2037 4563 2157 4630 ejus
2191 4567 2393 4615 terram
2433 4559 2674 4626 lingent,
2704 4575 2724 4609 ι
2762 4557 2903 4627 patri
2946 4573 3047 4612 suo
3095 4558 3335 4626 serpenti
3383 4558 3613 4622 similes,

2039 4652 2130 4724 qui
2163 4653 2216 4705 in
2248 4659 2465 4720 pectore
2493 4656 2545 4702 et
2574 4654 2761 4702 ventre
2805 4646 3052 4718 graditur
3073 4687 3088 4712 ,
3136 4655 3189 4701 et
3214 4657 3412 4702 terram
3444 4663 3619 4702 come-

2041 4745 2153 4808 dit,
2191 4741 2492 4799 secundum
2539 4739 2796 4794 inﬂictam
2829 4740 2932 4794 sibi
2976 4755 3006 4792 a
3048 4740 3317 4810 principio
3376 4754 3614 4809 ptenam.

2045 4836 2136 4891 Sic
2166 4834 2352 4890 videas
2380 4833 2634 4887 inimicos
2659 4831 2914 4887 Ecclesia:
2942 4830 3167 4894 Christi,
3196 4839 3396 4886 terram
3427 4841 3480 4888 et
3503 4849 3622 4887 cor-

2043 4938 2241 4995 poreas
2271 4921 2582 4990 voluptates
2608 4920 2834 4990 lingere.
2872 4916 2929 4972 Si
2953 4917 3098 4973 enim
3122 4920 3450 4988 corpus,cui
3479 4921 3621 4975 inest

2045 5015 2248 5079 anima,
2278 5013 2456 5084 pulvis
2482 5012 2689 5067 dictum
2719 5019 2803 5066 est
2830 5010 3131 5066 secundum
3156 5010 3297 5065 hanc
3324 5009 3620 5081 Scriptura:

2041 5120 2252 5169 vocem,
2291 5124 2308 5156 ι
2337 5103 2564 5173 Accepit
2594 5100 2738 5156 Deus
2767 5101 3044 5171 pulverem
3087 5115 3153 5155 ex
3182 5110 3350 5165 terra,
3378 5109 3431 5156 et
3455 5101 3616 5157 οσον-

2039 5198 2207 5252 mavit
2230 5196 2504 5252 hominem
2532 5195 2599 5258 ³⁸,
2633 5213 2653 5246 ι
2688 5193 2782 5264 qui
2805 5201 3004 5247 terram
3031 5192 3262 5261 lingunt,
3286 5192 3621 5248 carnalibus-

2038 5306 2145 5361 que
2175 5289 2550 5360 voluptatibus
2586 5285 2788 5342 addicti
2839 5290 2986 5347 sunt,
3019 5283 3164 5352 jure,
3198 5291 3384 5355 utpote
3408 5284 3618 5339 saluta-

2042 5383 2120 5438 ris
2147 5380 2300 5435 verbi
2327 5378 2560 5442 inimici,
2602 5376 2743 5430 male
2772 5372 3020 5429 audiunt.
3064 5371 3172 5428 Sed
3205 5374 3258 5427 hi
3289 5373 3506 5443 quidem
3537 5383 3621 5427 ta-

2043 5477 2124 5531 les
2156 5493 2170 5528 :
2205 5473 2345 5527 alius
2387 5479 2568 5525 autem
2601 5467 2736 5523 ordo
2765 5481 2955 5522 eorum
3002 5465 3093 5535 qui
3136 5480 3362 5536 regnum
3413 5465 3620 5521 Christi

2041 5571 2406 5636 cognoscunt,
2449 5561 2594 5616 dona
2627 5560 2732 5630 ipsi
2764 5558 2974 5622 aﬂ'eret,
3008 5565 3069 5612 ut
3094 5559 3149 5612 in
3177 5558 3463 5628 prophetia
3511 5558 3620 5613 fer-

2040 5669 2130 5714 tur
2163 5657 2248 5713 his
2293 5654 2476 5711 verbis
2511 5671 2526 5709 :
2573 5671 2591 5704 ι
2632 5651 2806 5723 Reges
2835 5648 3062 5704 Tharsis
3087 5656 3141 5704 et
3174 5649 3364 5705 insulae
3394 5664 3620 5705 munera

1617 5819 1657 5850 3"
1687 5817 1827 5873 Psnl.
1871 5831 2035 5880 l.\\~'ll,
2069 5814 2156 5867 δὲ.
2237 5814 2277 5845 ³⁷
2313 5809 2479 5881 Soph.
2518 5827 2596 5876 ιιι,
2640 5808 2722 5863 l0.
2801 5807 2844 5839 ³⁸
2877 5805 3011 5864 Gen.
3051 5821 3111 5871 ιι,
3143 5803 3190 5859 7.
