4056 6378
429 355 534 408 807

1092 355 1361 412 EUSEBII
1403 356 1886 412 CIESARIENSIS
1923 356 2072 412 OPP.
2118 355 2298 411 PARS
2334 355 2421 410 Ill.
2460 386 2531 396 -—
2571 354 2978 409 EXECE'I‘ICA.

3588 356 3694 410 808

429 473 691 535 oll‘erent,
737 486 891 542 reges
928 472 1167 527 Arabum
1207 482 1260 528 et
1291 472 1433 528 Saba
1464 474 1606 528 dona
1655 474 1949 530 adducent.
1981 493 2000 526 ι

2113 473 2204 545 τὴν
2244 472 2521 543 βασιλείαν
2551 471 2645 525 τοῦ
2670 470 2902 544 Χριστοῦ
2946 468 3320 542 γνωριζόντων
3345 468 3695 540 δῶραπροσ-

430 564 489 616 In
518 563 603 617 his
635 570 817 617 autem
862 562 994 617 dum
1040 567 1095 617 iu
1146 562 1285 619 duas
1324 573 1510 634 partes
1546 564 1697 621 orbis
1727 564 2010 624 dividitur,

430 654 579 708 aliud
617 654 685 709 ad
728 668 987 710 occasum
1018 655 1152 710 solis
1180 656 1562 725 assignantur,
1606 655 1751 727 quod
1780 655 2012 726 primum

430 745 742 802 declaratur
791 747 878 801 his
922 746 1136 811 verbis,
1193 765 1212 798 ι
1248 745 1428 817 Reges
1460 747 1689 804 Tharsis
1731 754 1786 801 et
1820 747 2014 802 insula:

430 845 660 892 muner‘a
696 836 955 903 offerent;
990 855 1009 887 ι
1044 836 1202 906 queis
1243 852 1394 891 mare
1424 835 1773 892 Occidentale
1806 835 2012 906 signifi-

430 936 542 994 cat,
578 942 792 984 necnon
816 927 1029 983 insulas
1065 927 1265 983 ibidem
1298 928 1453 983 sitas.
1493 926 1584 982 Sic
1618 943 1748 998 ergo
1774 928 1905 982 olim
1929 925 2016 981 Jo-

431 1032 533 1071 nas
565 1016 828 1087 propheta
876 1018 1116 1072 surrexit
1147 1024 1206 1071 ut
1244 1016 1455 1088 fugeret
1485 1019 1540 1072 in
1570 1016 1819 1083 Tharsis,
1844 1025 1900 1073 et
1925 1017 2015 1073 de-

433 1110 646 1166 scendit
674 1108 909 1181 Joppen,
942 1112 1374 1183 conscenditque
1403 1126 1596 1167 navem
1630 1118 1691 1166 ut
1720 1110 1931 1181 fugeret
1959 1111 2015 1165 in

433 1205 685 1270 Tharsis,
734 1222 898 1277 quam
934 1222 1062 1262 esse
1097 1207 1290 1261 dicunt
1316 1204 1608 1261 Tharsum.
1646 1206 1705 1260 In
1738 1204 2017 1261 Ezechiele

430 1313 562 1352 vero
605 1296 831 1353 Tharsis
891 1297 1256 1362 vocabulum,
1298 1296 1685 1366 Carthaginem
1738 1294 1876 1349 LXX
1927 1311 2017 1350 ex-

433 1398 774 1459 presserunt.
835 1387 997 1442 Aliud
1058 1389 1222 1442 clima
1266 1387 1334 1441 ad
1388 1389 1653 1443 orientem
1717 1388 1886 1443 solem
1930 1388 2015 1441 his

435 1479 815 1549 significatur,
877 1477 1099 1548 «Reges
1162 1478 1403 1533 Arabum
1465 1487 1519 1534 et
1588 1476 1749 1532 Saba.
1800 1497 1819 1528 ›
1879 1476 2014 1532 Nam

435 1571 672 1626 Arabum
714 1586 887 1640 genus
926 1570 1197 1625 orientale
1231 1576 1342 1635 est,
1393 1569 1625 1625 ulterius
1667 1576 1847 1624 autem
1894 1568 2019 1624 Per-

434 1667 551 1717 sica
616 1664 766 1731 regio
806 1676 1020 1717 necnon
1079 1659 1425 1715 Sabailarum
1474 1669 1619 1715 terra
1664 1661 1846 1731 posita
1885 1661 2017 1716 dici-

433 1762 544 1807 tur.
614 1750 721 1806 Pro
779 1752 871 1806 illo
924 1760 1148 1815 autem,
1207 1769 1226 1801 ι
1271 1749 1448 1822 Reges
1503 1751 1746 1805 Arabum
1804 1758 1861 1805 et
1923 1750 2018 1804 Sa-

2112 566 2349 619 οίσουσιν
2401 565 2570 636 αὐτῷ,
2620 562 3048 635 προφητεύεται·
3085 562 3152 616 δι’
3190 562 3218 615 ὂ
3259 560 3508 614 λέλεκται
3542 559 3687 632 ἑξῆς·

2118 675 2138 708 ι
2168 656 2415 721 Βασιλεῖς
2446 658 2678 727 Θαρσεῖς
2715 657 2809 711 καί
2841 655 2997 724 νῆσοι
3024 654 3171 726 δῶρα
3199 653 3571 724 προσοίσουσι,
3603 652 3695 722 βα-

2113 750 2280 813 σιλεῖς
2317 749 2558 820 Ἀράϐων
2580 748 2675 802 καὶ
2700 749 2847 803 Σαϐὰ
2877 749 3026 821 δῶρα
3052 746 3400 818 προσάξουσι.
3443 764 3462 797 ι
3495 745 3607 798 Καὶ
3634 747 3691 798 ὲν

2111 841 2321 906 τούτοις
2353 841 2409 894 δὲ
2437 844 2466 895 6
2490 840 2665 910 λόγος,
2705 840 2894 895 διελὼν
2935 842 3016 904 είς
3055 839 3149 892 δύο
3198 839 3339 910 μέρη
3373 837 3474 910 τὴν
3514 840 3692 891 οἰκου-

2117 933 2306 1005 μένην,
2343 933 2405 985 τὺ
2450 934 2547 1003 μὲν
2575 932 2824 1003 ἀφορίζει
2868 932 2960 985 ἐπὶ
3002 931 3063 984 τὸ
3099 928 3238 1002 πρὸς
3277 930 3508 1001 δυσμαῖς
3538 930 3691 1001 ἡλίου

2115 1023 2303 1094 κλίμα,
2337 1022 2365 1076 ὃ
2393 1024 2457 1095 δὴ
2501 1022 2717 1095 πρῶτον
2757 1022 3088 1093 παρίστησιν
3135 1019 3333 1074 εἰπών·
3381 1038 3401 1072 ι
3442 1019 3692 1083 Βασιλεῖς

2113 1113 2344 1185 Θαρσεῖς
2389 1115 2482 1167 καὶ
2530 1115 2680 1186 νῆσοι
2705 1112 2853 1185 δῶρα
2891 1112 3265 1183 προσοίσουσι·
3297 1131 3316 1164 ι
3351 1111 3418 1163 δι’
3458 1103 3533 1165 ὧν
3591 1108 3691 1181 τὴν

2114 1204 2250 1275 πρὸς
2294 1205 2525 1276 δυσμαῖς
2567 1204 2819 1276 σημαίνει
2852 1203 3127 1257 θάλασσαν
3154 1203 3250 1256 καὶ
3285 1201 3387 1264 τὰς
3421 1203 3478 1254 ὲν
3519 1201 3691 1272 ταύτῃ

2113 1300 2331 1375 νήσους.
2360 1297 2543 1361 Οὕτως
2575 1293 2667 1351 οὖν
2693 1313 2824 1350 ποτε
2863 1295 2955 1348 καὶ
2998 1296 3180 1358 Ἰωνᾶς
3208 1297 3237 1348 6
3284 1295 3569 1366 προφήτης
3596 1293 3685 1346 άν-

2114 1390 2244 1462 έστη
2267 1392 2459 1460 φυγεῖν
2495 1392 2575 1454 είς
2595 1389 2829 1461 Θαρσεῖς
2861 1389 2955 1442 καὶ
2981 1387 3185 1456 κατέϐη
3220 1388 3299 1449 είς
3333 1386 3574 1456 Ἰόππην,
3599 1387 3695 1439 καὶ

2110 1482 2281 1554 ἀνέϐη
2325 1485 2406 1546 είς
2452 1482 2633 1535 πλοῖον
2673 1480 2765 1534 τοῦ
2793 1482 2984 1549 φυγεῖν
3016 1480 3098 1543 είς
3141 1479 3393 1549 Θαρσεῖς,
3417 1479 3483 1547 ἦν
3529 1493 3695 1544 φασιν

2115 1570 2254 1628 εἶναι
2288 1574 2384 1645 τὴν
2416 1573 2644 1645 Θαρσόν.
2688 1573 2776 1626 Ἐν
2823 1572 2879 1625 δὲ
2919 1570 2996 1641 τῷ
3037 1568 3286 1640 Ἐζεκιὴλ
3327 1568 3422 1622 τοῦ
3459 1568 3695 1638 Θαρσεῖς

2114 1667 2374 1738 ὀνόματος
2421 1664 2755 1736 φερομένου,
2801 1665 2851 1716 oi
2886 1661 3314 1731 -Ἑϐδομήκοντα
3369 1658 3694 1730 Καρχηδόνα

2114 1761 2486 1832 ὴρμήνευσαν.
2518 1757 2592 1811 Τὸ
2635 1757 2693 1810 δὲ
2725 1755 2910 1827 ἕτερον
2955 1753 3123 1824 κλίμα
3168 1752 3230 1806 τὸ
3265 1751 3401 1823 πρὸς
3428 1749 3695 1816 ἀνατολὰς

432 1844 534 1907 ῦε,
574 1863 594 1896 ι
627 1843 820 1913 Aquila
876 1852 931 1898 et
970 1841 1331 1913 Symmachus
1357 1816 1446 1897 τεο
1504 1857 1631 1896 eum
1661 1843 1729 1898 iis
1787 1840 2013 1897 Hebrai-

2317 1848 2568 1919 δηλοῦται
2616 1848 2706 1902 διὰ
2763 1816 2882 1912 τοιῖ,
2932 1863 2950 1897 ι
3008 1816 3256 1908 Βασιλεῖς
3298 1816 3542 1913 ’Ἀράϐων
3599 1842 3696 1895 καὶ

430 1948 556 1987 cum
605 1933 919 2003 exemplar,
958 1952 983 1984 ί
1009 1932 1185 2003 Reges
1226 1933 1370 1988 Saba
1424 1939 1480 1988 et
1537 1931 1680 1987 Saba
1709 1951 1728 1985 ι
1787 1933 2009 1989 habent.

430 2021 508 2075 Ita
571 2031 629 2077 ut
684 2022 1089 2093 pronuntiando
1148 2023 1370 2092 quidem
1423 2021 1660 2092 idipsum
1703 2022 1858 2087 sint,
1897 2023 2013 2079 ele-

430 2123 740 2168 mentorum
778 2114 1045 2169 varietate
1082 2112 1355 2168 differant.
1414 2112 1555 2168 Nam
1593 2115 1828 2184 primum
1870 2112 2013 2170 Saba

430 2219 530 2274 per
569 2204 805 2258 litteram
854 2203 959 2259 Sen
1002 2204 1073 2259 ab
1111 2204 1354 2260 Hebraeis
1410 2205 1656 2272 dictam;
1712 2206 2012 2261 secundum

431 2312 565 2351 vero
591 2311 688 2366 per
725 2295 868 2351 Sade
902 2296 1165 2367 scriptum
1206 2296 1260 2350 in
1296 2294 1565 2351 Hebraico
1601 2304 1706 2359 est,
1737 2297 1884 2353 unde
1930 2298 2014 2352 in-

432 2388 845 2459 terpretationis
874 2395 1059 2443 ortum
1092 2387 1391 2443 discrimen
1432 2396 1537 2441 est.
1581 2387 1837 2443 Servator
1882 2404 2014 2444 sane

433 2478 539 2532 hoc
595 2493 792 2532 nomen
823 2484 1220 2532 commemorat
1259 2476 1490 2532 dicens:
1534 2495 1553 2529 ι
1608 2476 1814 2549 Regina
1870 2477 2013 2534 Saba

434 2578 622 2642 surget
654 2573 709 2624 in
734 2571 823 2626 die
842 2570 1061 2639 judicii,
1090 2576 1145 2625 et
1183 2569 1572 2625 condemnabit
1610 2569 2012 2639 generationem

432 2661 595 2726 hanc,
623 2661 750 2733 quia
785 2661 933 2716 venit
953 2677 983 2714 a
1016 2661 1214 2717 ﬁnibus
1253 2668 1432 2725 terra},
1465 2668 1527 2715 ut
1556 2661 1767 2715 audiret
1796 2662 2015 2732 sapien-

432 2761 562 2816 tiam
602 2758 910 2817 Salomonis
941 2760 1023 2814 ”:
1066 2780 1085 2814 ι
1128 2768 1314 2832 aperte
1343 2760 1631 2816 declarans
1685 2760 1738 2815 in
1766 2763 2014 2818 terminis

431 2858 591 2906 terra:
617 2852 778 2907 sitam
809 2858 1024 2920 gentem
1055 2849 1198 2907 Saba
1222 2851 1447 2907 dictam.
1476 2850 1603 2907 Haec
1633 2867 1796 2921 porro
1821 2852 2014 2908 tertius

430 2938 745 3011 Regnorum
782 2942 920 2996 liber
959 2941 1027 2996 de
1060 2941 1165 2998 ista
1202 2949 1362 3012 gente
1396 2951 1585 2996 narrat
1615 2962 1628 2997 :
1675 2961 1694 2994 ι
1734 2942 1799 2997 Et
1826 2944 2013 3014 regina

433 3030 579 3087 Saba
608 3031 821 3087 audivit
850 3047 1048 3087 nomen
1076 3030 1410 3096 Salomonis,
1438 3039 1493 3088 et
1520 3034 1668 3089 venit
1693 3042 1753 3087 ut
1779 3042 2015 3090 tentaret

432 3138 559 3177 cum
591 3123 647 3177 in
671 3123 1074 3194 anigmatibus.
1116 3123 1184 3176 Et
1210 3126 1361 3178 venit
1394 3125 1449 3179 in
1483 3122 1783 3181 Jerusalem
1819 3127 1872 3180 in
1918 3141 2014 3196 po-

432 3225 633 3274 testate
668 3220 822 3289 gravi
856 3216 1031 3273 valde.
1083 3216 1147 3272 Et
1177 3219 1370 3273 cameli
1414 3218 1649 3274 ferentes
1695 3220 1919 3275 delicias
1961 3228 2014 3276 et

435 3309 671 3379 lapidem
700 3311 1000 3380 pretiosum
1029 3309 1095 3362 “.
1138 3328 1159 3362 ι
1205 3308 1518 3365 Vocabatur
1552 3326 1716 3381 porro
1757 3313 1906 3383 regio
1933 3322 2016 3366 at-

433 3415 542 3470 que
567 3416 701 3471 gens
727 3402 818 3454 illa
855 3400 1020 3464 Saba,
1045 3416 1074 3455 a
1122 3415 1327 3470 proavo
1362 3399 1528 3466 Saba,
1567 3403 1661 3472 qui
1693 3402 1836 3459 ﬁlius
1865 3403 2014 3459 Chus

435 3490 608 3546 fuisse
643 3491 930 3547 scribitur.
960 3492 1052 3545 Alt
1084 3506 1216 3563 ergo
1248 3490 1451 3563 Moysis
1481 3492 1764 3565 Scriptura
1790 3513 1804 3548 :
1842 3513 1861 3547 ι
1893 3493 2013 3549 Filii

437 3589 621 3637 autem
647 3582 821 3646 Chus,
842 3582 999 3638 Saba
1031 3592 1088 3638 et
1116 3582 1327 3648 Hevila,
1357 3593 1410 3639 et
1444 3583 1683 3641 Sabatha
1704 3585 1770 3638 “.
1813 3604 1832 3637 ι
1864 3586 2015 3642 Chus

431 3688 564 3729 vero
590 3674 896 3745 explicatur
928 3693 947 3726 ι
976 3674 1253 3747 Ᾰὲιῦὶορε.
1299 3694 1318 3727 ι
1351 3674 1497 3733 Gens
1524 3677 1690 3748 igitur
1717 3693 1840 3749 quae
1871 3677 2014 3732 Saba

434 3769 665 3817 vocatur
691 3803 706 3828 ,
758 3764 1070 3835 Ethiopica
1101 3764 1319 3820 videtur
1365 3782 1508 3822 esse.
1543 3766 1856 3822 Secundum
1884 3760 2023 3822 item

436 3850 580 3906 Saba
622 3862 976 3919 memoratur,
1025 3854 1091 3911 de
1145 3872 1254 3928 quo
1298 3858 1376 3913 ait
1428 3857 1752 3930 Scriptura:
1811 3878 1832 3912 ‹
1892 3858 2014 3914 Filii

434 3946 690 4018 Regmas,
724 3947 866 4004 Saba
892 3958 946 4005 et
977 3950 1160 4007 Dadan
1183 3953 1249 4008 ι’.
1289 3972 1308 4004 ι
1339 3953 1714 4026 Congruenter
1744 3955 1927 4026 itaque
1960 3959 2013 4010 in

434 4038 645 4108 psalmo
694 4040 998 4095 secundum
1052 4042 1294 4113 reliquos
1344 4042 1673 4114 interpretes
1708 4044 2011 4101 scribitur:

440 4148 458 4180 ι
500 4127 671 4201 Reges
702 4129 845 4186 Saba
875 4139 930 4187 et
977 4130 1119 4188 Saba
1170 4134 1315 4189 dona
1360 4134 1652 4191 adducent.
1692 4155 1711 4188 ι
1748 4134 2015 4193 Caeterum

433 4221 522 4278 his
556 4224 844 4294 prophetia
892 4226 1186 4296 significat,
1224 4244 1391 4300 regna
1445 4231 1510 4284 ad
1546 4232 1866 4286 orientalem
1897 4232 2017 4303 pla-

438 4327 559 4383 gam
593 4313 723 4377 sita,
753 4313 993 4385 itemque
1020 4331 1190 4386 regna
1220 4317 1545 4381 occidentis,
1580 4321 1629 4374 ei
1662 4319 1756 4389 qui
1790 4321 1846 4374 in
1878 4320 2017 4375 vati-

436 4404 584 4458 einio
620 4402 814 4468 fertur,
831 4403 972 4459 dona
995 4407 1246 4461 oblatura
1269 4423 1423 4475 esse;
1450 4423 1574 4462 nam
1597 4410 1678 4464 sic
1704 4411 2016 4466 indicantur

2113 1945 2283 2000 Σαϐὰ.
2326 1964 2347 1997 ι
2377 1943 2450 1997 Τό
2479 1958 2541 1995 τε
2590 1940 2700 2012 γὰρ
2740 1939 2848 2013 τῶν
2886 1936 3132 2011 ’Δράϐων
3174 1935 3329 2005 γένος
3377 1933 3694 1989 ὰνατολικὺν

2112 2036 2388 2107 τυγχάνει,
2434 2033 2694 2088 ἐπέκεινα
2732 2031 2789 2085 δὲ
2814 2029 2978 2085 αὐτοῦ
3010 2028 3077 2082 τὰ
3112 2025 3357 2098 Περσικὰ
3388 2025 3548 2097 μέρη,
3600 2025 3695 2078 καὶ

2113 2130 2147 2198 ἡ
2178 2128 2287 2181 τῶν
2334 2125 2613 2181 Σαϐαἲτῶν
2644 2123 2799 2196 χώρα
2844 2117 2983 2176 εἶναι
3010 2120 3246 2188 λέγεται.
3286 2118 3434 2171 Ἀντὶ
3475 2117 3532 2171 δὲ
3572 2116 3691 2182 τοῦ,

2119 2240 2139 2272 ‹
2172 2220 2418 2284 Βασιλεῖς
2477 2217 2721 2290 Ἀράϐων
2770 2216 2866 2269 καὶ
2912 2213 3083 2276 Σαϐὰ,
3129 2231 3149 2264 ι
3191 2211 3221 2264 ὁ
3262 2210 3493 2274 ’Δκύλας
3538 2210 3634 2264 καὶ
3664 2212 3696 2265 ὁ

2114 2312 2425 2383 Σύμμαχος,
2450 2312 2486 2382 ἧ
2531 2327 2589 2363 τε
2630 2307 2891 2379 Ἐϐραῖκὴ
2931 2304 3118 2377 γραφὴ
3157 2302 3421 2366 συντόνως
3459 2302 3692 2366 τούτοις,

2120 2423 2138 2455 ι
2180 2402 2428 2466 Βασιλεῖς
2456 2402 2606 2456 Σαϐὰ
2647 2402 2745 2455 καὶ
2788 2400 2937 2455 Σαϐὰ
2974 2420 2994 2451 ›
3029 2400 3333 2471 εἰρήκασιν.
3375 2398 3526 2450 ’Ὠστ’
3555 2391 3694 2451 εἶναι

2111 2497 2308 2551 ταύτὸν
2353 2497 2451 2568 μὲν
2505 2495 2912 2566 ὲκφωνούμενον
2947 2492 3141 2564 ὄνομα,
3172 2490 3500 2545 διαλλάττειν
3534 2490 3591 2543 δὲ
3624 2491 3691 2561 τῇ

2112 2589 2221 2643 τῶν
2265 2588 2541 2660 στοιχείων
2588 2588 2851 2659 διαφορᾷ⁹
2888 2585 2948 2641 τὸ
2995 2585 3092 2657 μὲν
3144 2583 3253 2657 γὰρ
3301 2583 3517 2655 πρῶτον
3545 2582 3693 2635 Σαϐὰ

2113 2678 2201 2731 διὰ
2253 2676 2348 2732 τοῦ
2405 2676 2739 2748 καλουμένου
2799 2675 2927 2748 παρ’
2992 2674 3265 2746 Ἑϐραίοις
3327 2673 3474 2737 σὲν,
3534 2672 3597 2725 τὸ
3637 2672 3695 2725 δὲ

2112 2768 2363 2840 δεύτερον
2395 2767 2486 2822 διὰ
2510 2766 2603 2820 τοῦ
2647 2766 2805 2835 σάδη
2857 2767 3118 2837 στοιχείου
3148 2765 3292 2821 κατὰ
3324 2765 3426 2838 τὴν
3488 2764 3699 2835 Ἑϐραῖ-

2114 2860 2217 2932 κὴν
2249 2857 2549 2931 ἐμφέρεται
2592 2861 2812 2931 γραφήν
2831 2876 2845 2889 ·
2874 2859 3024 2913 ἔνθεν
3055 2858 3147 2912 καὶ
3180 2857 3251 2912 τὰ
3276 2858 3375 2928 τῆς
3403 2856 3696 2929 ἑρμηνείας

2115 2953 2297 3016 αὐτοῖς
2322 2952 2653 3006 ὲναλλάττει.
2694 2952 2804 3006 Καὶ
2833 2955 2862 3007 6
2900 2952 3090 3023 Σωτὴρ
3118 2951 3175 3005 δέ
3203 2949 3394 3003 τούτου
3425 2950 3697 3020 μέμνηται

2116 3048 2208 3101 τοῦ
2242 3045 2504 3117 ὀνόματος
2532 3043 2735 3113 λέγων·
2774 3062 2791 3094 ι
2831 3042 3127 3095 Βασίλισσα
3159 3039 3306 3095 Σαϐὰ
3332 3039 3696 3112 ἀναστήσεται

2042 3161 2084 3218 c
2118 3144 2176 3196 ὲν
2201 3141 2383 3213 ἡμέρᾳ
2403 3138 2656 3210 κρίσεως,
2684 3138 2778 3190 καὶ
2797 3137 3116 3208 κατακρινεῖ
3141 3134 3239 3204 τὴν
3260 3133 3452 3202 γενεὰν
3466 3132 3694 3208 ταύτην,

2114 3235 2194 3287 ὅτι
2220 3228 2383 3304 ἦλθεν
2411 3232 2475 3283 ὲκ
2507 3229 2616 3282 τῶν
2656 3228 2905 3300 περάτων
2934 3228 3033 3299 τῆς
3065 3228 3168 3299 γῆς
3209 3226 3442 3283 άκοῦται
3475 3229 3573 3299 τὴν
3611 3246 3699 3283 σο-

2116 3324 2243 3395 φίαν
2257 3321 2618 3393 Σολομῶντος·
2652 3339 2670 3372 ι
2698 3319 2884 3390 σαφῶς
2906 3319 3174 3391 παριστὰς
3192 3319 3269 3384 ὡς
3284 3323 3340 3373 ὲν
3361 3323 3469 3385 τοῖς
3499 3322 3699 3393 πέρασι

2114 3415 2215 3486 τῆς
2245 3414 2348 3485 γῆς
2378 3413 2438 3467 τὸ
2486 3411 2636 3467 Σαϐὰ
2665 3410 2814 3475 έθνος
2852 3411 3128 3483 τυγχάνει.
3164 3412 3393 3484 Ἱστορεῖ
3425 3412 3484 3467 δὲ
3523 3413 3614 3466 καὶ
3659 3414 3692 3483 ή

2114 3505 2274 3578 τρίτη
2301 3503 2408 3558 τῶν
2450 3502 2744 3557 Βασιλειῶν
2786 3503 2914 3575 περὶ
2950 3502 3044 3555 τοῦ
3075 3502 3239 3557 αὐτοῦ
3279 3504 3466 3569 έθνους
3492 3504 3692 3558 ταῦτα·

2123 3619 2139 3649 ι
2151 3598 2260 3651 Καὶ
2276 3597 2561 3668 βασίλισσα
2577 3596 2725 3650 Σαϐὰ
2743 3597 2942 3668 Ιἢκουσε
2958 3597 3018 3651 τὸ
3032 3596 3202 3669 ὄνομα
3214 3597 3578 3668 Σολομῶντος,
3598 3597 3694 3651 καὶ

2113 3686 2244 3763 ἦλθε
2272 3688 2527 3761 πειράσαι
2551 3689 2712 3743 αὐτὸν
2734 3690 2790 3741 ὲν
2813 3687 3118 3760 αἰνίγμασι.
3143 3690 3253 3742 Καὶ
3284 3684 3446 3761 ἦλθεν
3478 3690 3558 3753 είς
3595 3688 3695 3742 Ἰε-

2119 3779 2399 3854 ρουσαλὴμ
2429 3781 2487 3833 ὲν
2518 3779 2744 3851 δυνάμει
2793 3778 2988 3851 βαρείᾳ
3035 3779 3257 3851 σφόδρα.
3305 3779 3417 3832 Καὶ
3460 3779 3697 3852 κάμηλοι

2116 3873 2366 3944 αἴρουσαι
2410 3871 2695 3943 ἡδύσματα
2740 3872 2836 3924 καὶ
2880 3870 3079 3943 χρυσὸν
3125 3871 3294 3925 πολὺν
3345 3871 3546 3943 σφόδρα
3600 3872 3694 3925 καὶ

2115 3966 2263 4019 λίθον
2315 3964 2513 4035 τίμιον.
2548 3983 2567 4017 ι
2596 3961 2845 4034 Κέκλητο
2899 3964 2957 4016 δὲ
3003 3964 3036 4035 ή
3077 3961 3230 4034 χώρα
3277 3963 3369 4017 καὶ
3422 3964 3483 4017 τὸ
3542 3965 3694 4029 ἔθνος

2117 4054 2265 4108 Σαϐὰ
2307 4054 2415 4108 ἀπὸ
2458 4053 2799 4128 προπάτορος
2830 4052 2923 4106 τοῦ
2962 4053 3144 4116 Σαϐὰ,
3185 4054 3245 4118 ὃς
3279 4036 3693 4127 ἀναγέγραπται

2117 4147 2231 4212 υίὸς
2248 4146 2485 4215 γεγονὼς
2498 4145 2591 4199 τοῦ
2610 4144 2772 4209 Χοῦς,
2792 4146 2954 4214 Λέγει
2972 4145 3014 4198 δ’
3030 4141 3124 4198 οὖν
3138 4147 3171 4217 ή
3187 4146 3461 4210 Μωῦσέως
3481 4149 3690 4220 γραφήο

2122 4258 2141 4291 ι
2166 4241 2283 4293 Υἱοὶ
2310 4240 2367 4292 δὲ
2394 4238 2557 4305 Χοῦς,
2580 4237 2730 4292 Σαϐὰ
2753 4240 2847 4293 καὶ
2863 4238 3048 4301 Εὑίλα,
3066 4238 3161 4292 καὶ
3176 4239 3411 4294 Σαϐάθα.
3439 4259 3457 4292 ι
3480 4241 3622 4305 Χοῦς
3636 4238 3695 4295 δὲ

2118 4332 2478 4403 ἑρμηνεύεται
2501 4349 2519 4381 t
2556 4333 2585 4384 6
2607 4330 2818 4401 Αἰθίοψ.
2851 4350 2869 4382 ι
2907 4331 3067 4396 Γένος
3087 4328 3179 4385 οὖν
3193 4332 3504 4387 Αἰθιοπικὸν
3521 4334 3695 4387 ἔοικεν

2117 4417 2341 4476 εἶναιτὸ
2367 4419 2515 4474 Σαϐὰ
2542 4420 2713 4485 ἔθνος.
2748 4421 2858 4475 Καὶ
2891 4420 3143 4494 δεύτερον
3180 4422 3236 4476 δὲ
3275 4423 3489 4496 είρηται
3523 4426 3692 4492 Σαϐὰ,

436 4502 629 4566 gentes
659 4494 877 4566 regibus
917 4495 1167 4551 subditae.
1210 4495 1350 4550 Num
1384 4497 1618 4553 fortasse
1647 4514 1804 4570 reges
1830 4501 2013 4556 dican-

2120 4509 2250 4582 περὶ
2288 4502 2347 4562 οὗ
2379 4525 2541 4578 φησιν
2575 4510 2861 4582 ήΓραφή·
2911 4529 2929 4562 ι
2976 4511 3096 4565 Υἱοὶ
3137 4513 3195 4565 δὲ
3239 4494 3500 4585 Ῥεγμὰς,
3547 4516 3696 4571 Σαϐὰ

435 4593 529 4638 tur
556 4584 756 4656 angeli,
787 4587 881 4655 qui
915 4586 1168 4656 gentibus
1196 4595 1460 4657 praesunt,
1493 4587 1604 4644 Deo
1627 4605 1784 4646 sacra
1811 4590 2014 4646 facien-

436 4687 540 4743 tes,
568 4679 731 4748 eique
764 4676 1041 4735 Ecclesias
1068 4680 1310 4751 gentium
1350 4696 1580 4751 quarum
1613 4683 1853 4754 praefecti
1884 4690 2013 4740 sunt

434 4767 492 4820 in
520 4767 722 4823 donum
752 4767 1088 4825 oﬂ'erentes?
1118 4768 1300 4838 Quare
1328 4771 1525 4828 deinde
1561 4775 1888 4829 vaticinatur
1920 4775 2012 4830 fu-

435 4868 643 4920 turum,
684 4867 745 4914 ut
783 4859 1014 4916 adorent
1054 4877 1178 4917 eum
1213 4876 1402 4919 omnes
1434 4878 1609 4935 reges.
1644 4865 1831 4937 Neque
1863 4867 2009 4922 enim

436 4950 707 5006 duntaxat
736 4952 996 5022 praedicta
1045 4954 1187 5009 dona
1223 4955 1486 5012 allaturos
1533 4959 1881 5035 praenuntiat,
1917 4960 2012 5015 sed

434 5059 560 5099 eum
589 5043 756 5098 etiam
788 5044 1114 5101 adoraturos
1137 5062 1280 5102 esse.
1311 5047 1467 5115 Quod
1514 5052 1645 5104 item
1699 5047 1913 5120 Moyses
1955 5050 2012 5104 in

435 5151 636 5207 magno
662 5136 879 5192 cxntico
906 5137 1094 5194 docuit
1120 5139 1187 5194 de
1215 5139 1436 5195 Christo
1465 5140 1595 5194 talia
1623 5128 1766 5195 fatus
1794 5159 1808 5195 :
1840 5159 1859 5192 ι
1896 5138 2015 5195 Las-

434 5227 647 5293 tamini,
706 5229 855 5294 caeli,
900 5244 1026 5285 cum
1080 5231 1222 5302 ipso,
1263 5239 1316 5286 et
1368 5232 1597 5288 adorent
1643 5236 1766 5286 eum
1818 5247 2009 5288 omnes

434 5323 611 5395 angeli
647 5320 740 5379 Dei
764 5322 831 5380 “.
875 5342 892 5376 ι
924 5322 991 5379 Hi
1031 5326 1242 5384 scilicet
1284 5345 1458 5401 reges,
1488 5329 1688 5385 occulti
1721 5338 1776 5385 et
1817 5328 2011 5385 invisi-

434 5412 573 5471 biles
601 5415 842 5487 gentium
874 5417 1150 5489 principes
1181 5418 1467 5476 Dominum
1501 5437 1660 5477 suum
1696 5422 2006 5489 adorantes,

436 5507 646 5562 animas
686 5508 790 5564 sibi
839 5509 1162 5566 commissas
1213 5512 1317 5582 ipsi
1367 5512 1421 5566 in
1474 5510 1613 5567 dona
1668 5510 2005 5569 offerebant:

436 5612 604 5666 quare
633 5601 737 5656 sub
763 5600 878 5658 lucc
910 5601 1185 5670 adjicitur,
1226 5623 1244 5655 ι
1281 5602 1483 5664 Omnes
1528 5610 1718 5675 gentes
1767 5607 2009 5664 servient

2120 4602 2215 4655 καὶ
2234 4601 2407 4654 Δαδάν
2426 4643 2438 4655 .
2471 4620 2489 4653 ι
2515 4600 2756 4679 Εἰκότως
2777 4602 2955 4656 τοίνυν
2988 4606 3044 4657 ἐν
3067 4603 3144 4675 τῷ
3164 4604 3362 4678 ψαλμῷ
3383 4607 3694 4678 γέγραπται

2119 4689 2261 4745 κατὰ
2293 4691 2417 4754 τοὺς
2444 4689 2694 4754 λοιπούςο
2737 4709 2756 4743 ι
2794 4691 3039 4758 Βασιλεῖς
3069 4695 3218 4750 Σαϐὰ
3243 4698 3337 4752 καὶ
3365 4698 3514 4752 Σαϐὰ
3546 4700 3695 4771 δῶρα

2119 4780 2467 4852 προσάξουσι.
2511 4801 2529 4834 ι
2554 4782 2703 4855 Πλὴν
2741 4782 2876 4838 ἀλλὰ
2918 4787 3172 4856 σημαίνει
3202 4788 3234 4858 ή
3269 4791 3578 4861 προφητεία
3607 4791 3693 4846 διὰ

2115 4871 2319 4926 τούτων
2347 4874 2446 4937 τὰς
2475 4873 2617 4928 κατὰ
2653 4875 2711 4928 τὸ
2739 4876 3053 4930 ἀνατολικὸν
3085 4875 3254 4950 κλίμα
3293 4878 3570 4948 βασιλείας
3601 4884 3693 4936 καὶ

2114 4960 2214 5026 τὰς
2246 4963 2380 5036 πρὸς
2418 4964 2625 5035 δυσμὰς
2656 4965 2803 5037 ήλίου
2835 4965 2984 5037 δῶρα
3014 4965 3093 5037 τῷ
3121 4965 3496 5042 θεσπιζομένῳ
3528 4990 3697 5045 προσ-

2114 5052 2300 5119 οίσειν,
2317 5053 2457 5108 οὔτω
2478 5073 2594 5120 πως
2614 5057 3027 5129 σημαινομένων
3045 5058 3154 5112 τῶν
3175 5060 3279 5113 ὑπὸ
3301 5060 3397 5124 τὰς
3421 5062 3696 5132 βασιλείας

2114 5144 2300 5200 ἐθνῶν.
2335 5147 2559 5219 Μήποτε
2600 5148 2657 5201 δὲ
2700 5151 2793 5204 καὶ
2836 5150 3075 5220 βασιλεῖς
3120 5154 3170 5207 οἱ
3213 5152 3320 5207 τῶν
3358 5152 3527 5207 ἐθνῶν
3562 5172 3695 5226 προ-

2113 5238 2343 5301 εστῶτες
2362 5239 2581 5308 ἄγγελοι
2600 5240 2880 5312 δηλοῦνται
2894 5246 3177 5317 ἱερωμένοι
3197 5244 3272 5317 τῷ
3288 5244 3404 5316 Θεῷ
3431 5246 3525 5299 καὶ
3544 5244 3694 5316 δῶρα

2116 5332 2478 5403 προσάγοντες
2503 5333 2651 5405 αὐτῷ
2689 5334 2789 5401 τὰς
2833 5336 3155 5409 Ἐκκλησίας
3205 5331 3280 5391 ὧν
3329 5337 3693 5408 καθηγοῦνται

2114 5422 2315 5490 ἐθνῶν;
2350 5425 2424 5478 Δι’
2455 5425 2484 5479 ὃ
2520 5425 2649 5497 ἑξῆς
2695 5430 3092 5501 προσκυνήσειν
3138 5428 3286 5500 αὐτῷ
3330 5429 3537 5493 πάντας
3567 5429 3693 5494 τοὺς

2117 5514 2357 5586 βασιλεῖς
2381 5516 2644 5581 θεσπίζει.
2681 5519 2755 5572 Οὐ
2788 5519 2896 5591 γὰρ
2929 5521 3087 5588 μόνον
3124 5521 3432 5592 προσοίσειν
3460 5520 3695 5591 αὐτῷτὰ

2116 5607 2480 5679 προλεχθέντα
2536 5609 2684 5683 δῶρά
2740 5627 2925 5682 φησιν,
2974 5602 3107 5667 ἀλλὰ
3158 5612 3251 5666 καὶ
3298 5614 3695 5684 προσκυνήσειν

504 5750 705 5805 "Luc.
748 5764 823 5817 XI,
860 5756 946 5807 δι.
1024 5756 1065 5787 ἰο
1101 5755 1164 5810 ιιι
1200 5758 1566 5828 ueg.x,1,a.
1659 5764 1697 5794 ιι
1733 5762 1867 5822 Gen.
1912 5762 2013 5831 κβ

2129 5766 2173 5797 δ’
2204 5764 2335 5819 ibid.
2450 5765 2492 5797 ⁸³
2523 5763 2678 5823 Deut.
2722 5784 2892 5838 xxx",
2914 5769 2947 5823 ιί
2968 5770 3032 5835 5;
3063 5768 3201 5826 Psal.
3242 5787 3382 5827 κατι.
3407 5771 3456 5824 7.
