4056 6406
403 311 508 364 809

1533 305 2043 365 COMMENTARIA
2078 306 2146 363 ΙΝ
2187 307 2532 364 PSALMOS.

3565 317 3672 370 8l0

401 427 568 499 αὐτῷ.
608 430 672 482 '0
695 428 760 500 δὴ
809 429 902 483 καὶ
936 425 1179 498 Μωῦσῆς
1210 428 1270 481 ἐν
1319 425 1528 499 μεγάλῃ
1565 427 1676 498 ᾠδῇ
1712 426 1965 481 ἐδίδασκε

2093 426 2164 480 ei.
2209 447 2228 479 ι
2283 425 2437 493 Quod
2473 439 2605 482 sane
2638 424 2767 482 huic
2797 425 2946 483 dicto
2978 425 3138 484 afﬁne
3168 439 3292 488 est:
3350 451 3367 483 ι
3409 430 3675 494 Dominus

399 521 495 576 ὡδί
539 540 617 594 πη
652 525 778 595 περὶ
811 521 1049 595 Χριστοῦ
1091 522 1296 589 λέγων·
1343 540 1360 572 ι
1396 520 1772 593 Εὐφράνθητε,
1830 520 1987 592 ούρα-

399 617 500 683 νοὶ,
538 618 655 688 ἅμα
686 617 853 688 αύτῷ,
890 618 983 670 καὶ
1027 614 1558 688 προσκυνησάτωσαν
1591 612 1742 683 αύτῷ
1783 613 1984 676 πάντες

399 708 616 779 ἄγγελοι
649 709 806 763 Θεοῦ.
849 730 866 762 ι
894 704 1053 764 Οὗτοι
1079 709 1217 780 δῆτα
1250 709 1299 761 οἱ
1333 706 1590 779 βασιλεῖς,
1633 707 1859 775 ἀφανεῖς
1889 707 1984 761 καὶ

397 801 617 872 ἀόρατοι
664 800 772 852 τῶν
810 799 979 853 ἐθνῶν
1034 799 1315 871 ἄρχοντες,
1371 797 1847 866 προσκυνήσαντες
1891 793 1982 845 τὸν

395 891 604 946 ἑαυτῶν
643 892 867 964 Κύριον,
909 891 1010 954 τὰς
1043 891 1134 944 ὑπ’
1177 891 1360 953 αὐτοῖς
1393 887 1570 959 ψυχὰς
1612 886 1762 958 δῶρα
1817 903 1986 956 προσ-

393 985 529 1054 ῆγον
547 983 715 1055 αὐτῷ.
745 985 944 1055 Διόπερ
959 983 1170 1046 τούτοις
1193 983 1322 1052 ἑξῆς
1351 980 1617 1050 συνῆπται
1641 980 1718 1032 τό·
1750 999 1767 1028 ε
1798 978 1984 1031 Πάντα

390 1075 462 1128 τὰ
513 1076 638 1147 ἔθνη
683 1076 1055 1130 δουλεύσουσιν
1108 1073 1274 1145 αὐτῷ.
1317 1093 1336 1124 ι
1375 1071 1670 1141 Σύμφωνον
1710 1070 1754 1122 δ’
1788 1069 1854 1122 ἂν
1898 1068 1984 1140 εἴη

389 1166 549 1222 τοῦτο
607 1168 684 1240 τῷ
728 1169 958 1239 φήσαντι
1009 1167 1174 1238 λόγῳ*
1217 1185 1233 1216 ι
1275 1164 1479 1233 Κύριος
1523 1160 1643 1215 εἷπε
1694 1162 1828 1234 πρὸς
1873 1160 1974 1230 μέο

389 1256 519 1323 Υἱός
554 1277 655 1331 μου
687 1257 736 1313 εἴ
765 1260 828 1314 σύ
850 1277 862 1289 '
899 1261 1008 1329 ἐγὼ
1031 1261 1272 1330 σήμερον
1297 1256 1606 1327 γεγέννηκά
1637 1273 1714 1309 σε.
1742 1254 1974 1325 Αἴτησαι

389 1356 523 1423 παρ’
556 1351 714 1424 ἐμοῦ,
745 1352 841 1406 καὶ
883 1351 1039 1405 δώσω
1065 1369 1148 1404 σοι
1176 1351 1303 1421 ἔθνη
1331 1349 1426 1421 τὴν
1461 1347 1826 1420 κληρονομίαν
1855 1364 1971 1411 σου,

388 1447 484 1495 καὶ
522 1442 622 1513 τὴν
650 1441 977 1511 κατάσχεσίν
1006 1457 1098 1494 σου
1120 1441 1187 1494 τὰ
1217 1441 1429 1512 πέρατα
1460 1439 1562 1508 τῆς
1588 1440 1709 1510 γῆς.
1752 1459 1769 1490 ι
1817 1440 1880 1492 Ὀ
1907 1437 1973 1509 δὴ

385 1535 483 1587 καὶ
533 1535 824 1588 πεπεῖσθαι
858 1535 965 1606 χρὴ
1013 1532 1490 1606 πληρωθήσεσθαι,
1522 1533 1598 1586 ὅτ’
1629 1531 1695 1585 ἂν
1731 1531 1793 1585 τὸ
1835 1531 1972 1602 πλή-

387 1642 550 1696 ρωμα
582 1625 688 1678 τῶν
718 1625 886 1679 ἐθνῶν
907 1625 1144 1696 εἰσέλθῃ,
1180 1626 1272 1678 καὶ
1307 1624 1542 1695 μάλιστα
1573 1621 1716 1677 κατὰ
1743 1622 1841 1694 τὴν
1861 1622 1975 1674 δευο

2092 517 2230 571 dixit
2259 517 2327 572 ad
2356 532 2474 572 me:
2503 516 2675 573 Filius
2706 534 2860 576 meus
2880 534 2940 575 es
2967 530 3047 587 tu,
3081 535 3182 592 ego
3215 521 3378 579 hodie
3403 527 3567 596 genui
3597 537 3671 584 te.

2089 608 2315 664 Postula
2374 624 2406 663 a
2449 625 2558 674 me,
2617 617 2672 666 et
2719 611 2861 667 dabo
2909 612 3008 667 tibi
3056 622 3246 684 gentes
3300 614 3672 678 baereditatem

2087 711 2260 764 tuam,
2306 707 2361 756 et
2392 701 2798 771 possessionem
2844 710 2992 757 tuam
3041 705 3307 761 terminos
3353 713 3512 763 terra
3537 710 3603 766 “.
3648 730 3667 763 ι

2087 793 2242 861 Quod
2297 807 2430 848 sane
2475 801 2797 848 eventurum
2845 809 2970 851 esse
3017 793 3349 850 credendum
3377 838 3391 862 ,
3451 802 3674 868 quando

2087 883 2371 957 plenitudo
2400 883 2644 955 gentium
2687 883 2935 956 ingressa
2989 883 3178 950 fuerit,
3214 889 3562 961 maximeque
3614 893 3671 947 in

2087 976 2334 1034 secundo
2362 985 2416 1032 et
2445 977 2634 1032 divino
2665 973 2980 1034 Servatoris
3013 979 3188 1034 nostri
3216 980 3471 1037 adventu.
3510 971 3667 1041 Tunc

2087 1083 2279 1124 omnes
2307 1082 2465 1140 reges
2493 1067 2802 1122 adorabunt
2838 1083 2985 1133 eum,
3021 1076 3075 1124 et
3103 1086 3294 1127 omnes
3327 1082 3517 1145 gentes
3545 1091 3665 1130 ser-

2083 1159 2232 1214 vient
2263 1175 2339 1219 ei.
2375 1178 2393 1210 ι
2430 1160 2497 1214 Ει
2524 1159 2615 1214 hic
2645 1160 2889 1214 omnium
2923 1159 3045 1216 ﬁnis
3075 1163 3201 1228 erit,
3227 1178 3350 1220 cum
3381 1167 3670 1224 tradiderit

2081 1248 2312 1322 regnum
2369 1250 2482 1308 Deo
2528 1261 2581 1306 et
2639 1248 2829 1318 Patri,
2875 1268 2998 1307 cum
3063 1254 3399 1313 destruxerit
3447 1275 3665 1317 omnem

2080 1342 2448 1412 principatum
2513 1349 2568 1398 et
2615 1357 2832 1397 omnem
2880 1351 3204 1414 potestatem
3266 1357 3318 1403 et
3381 1351 3662 1408 virtutem.

2080 1432 2308 1503 Oportet
2354 1434 2502 1488 enim
2552 1449 2676 1489 eum
2723 1449 2975 1505 regnare,
3031 1437 3206 1494 donec
3258 1449 3422 1501 ponat
3469 1457 3666 1498 omnes

2079 1526 2335 1582 inimicos
2369 1527 2472 1581 sub
2517 1525 2750 1597 pedibus
2794 1527 2933 1594 suis,
2983 1539 3038 1585 et
3089 1532 3390 1590 novissima
3440 1535 3664 1593 inimica

2079 1621 2396 1676 destruatur
2429 1634 2577 1678 mors
2600 1621 2668 1676 ⁵⁸.
2713 1640 2733 1674 ι

381 1714 548 1787 τέραν
579 1716 673 1768 τοῦ
707 1717 957 1788 Σωτῆρος
985 1715 1140 1788 ἡμῶν
1173 1715 1511 1785 θεοφάνειαν.
1538 1715 1671 1768 Τότε
1720 1713 1850 1782 γοῦν
1890 1714 2092 1776 πάντες
2129 1714 2178 1765 οἱ
2215 1712 2455 1782 βασιλεῖς
2488 1714 2962 1785 προσκυνήσουσιν
3002 1717 3174 1789 αὐτῷ,
3230 1719 3326 1772 καὶ
3366 1721 3544 1776 πάντα
3592 1740 3662 1779 τα

380 1809 512 1880 ἔθνη
539 1809 914 1862 δουλεύσουσιν
947 1808 1118 1880 αὐτῷ.
1159 1828 1177 1860 ι
1226 1809 1336 1863 Καὶ
1362 1807 1520 1861 τοῦτο
1539 1807 1704 1862 ’ἔσται
1732 1806 1790 1859 τὸ
1827 1806 2046 1860 πάντων
2070 1804 2242 1867 τέλος,
2274 1803 2352 1856 ὅτ’
2393 1802 2460 1858 ἂν
2511 1803 2790 1876 παραδιδῷ
2828 1804 2927 1876 τὴν
2977 1805 3256 1876 βασιλείαν
3287 1810 3366 1883 τῷ
3402 1812 3522 1883 Θεῷ
3567 1814 3662 1870 καὶ

379 1905 580 1977 Πατρὶ,
613 1905 688 1958 ὅτ’
727 1903 792 1957 ἂν
838 1907 1162 1977 καταργήσῃ
1204 1905 1383 1958 πᾶσαν
1435 1903 1610 1975 ἀρχὴν
1681 1902 1778 1957 καὶ
1819 1902 2001 1954 πᾶσαν
2071 1897 2321 1964 ἐξουσίαν
2383 1897 2478 1952 καὶ
2525 1897 2778 1970 δύναμιν.
2823 1901 2916 1953 Δεῖ
2968 1900 3078 1973 γὰρ
3124 1903 3286 1958 αὐτὸν
3333 1904 3658 1976 βασιλεύειν,

377 1999 511 2070 ἄχρι
548 1993 610 2054 οὗ
635 1998 700 2071 θῇ
743 1999 950 2061 πάντας
989 2001 1114 2064 τοὺς
1159 1999 1386 2071 ἐχθροὺς
1424 1999 1530 2051 ὑπὸ
1565 1999 1733 2060 πόδας
1775 1997 1965 2058 αὐτοῦ,
2003 1995 2233 2066 ἔσχατος
2261 1993 2457 2065 ἐχθρὸς
2486 1997 2843 2066 καταργεῖται
2865 1998 2893 2048 ὁ
2915 1997 3163 2063 Θάνατος.
3205 2019 3224 2052 ι

459 2133 478 2166 ι
512 2113 634 2167 Ὅτι
669 2113 936 2185 ἐρρύσατο
981 2113 1198 2184 πτωχὸν
1232 2115 1296 2166 ἐκ
1322 2113 1606 2177 δυνάστου,
1641 2113 1735 2166 καὶ
1757 2113 1965 2182 πένητα

2139 2108 2308 2164 Vens.
2341 2108 2432 2163 12.
2472 2127 2492 2161 ι
2517 2107 2655 2175 Quia
2685 2109 2934 2165 liberavit
2955 2128 3248 2182 pauperem
3274 2130 3304 2168 a
3335 2123 3576 2185 potente.
3602 2129 3657 2176 et

375 2198 424 2275 ᾧ
455 2206 555 2276 οὐχ
592 2205 803 2276 ὑπῆρχε
837 2204 1090 2277 βοηθός.ι
1139 2205 1283 2258 Ἀντὶ
1323 2205 1438 2258 τοῦ·
1476 2225 1494 2258 ι
1535 2205 1654 2258 Ὅτι
1693 2203 1963 2277 ἐρρύσατο

377 2299 598 2370 πτωχὸν
632 2301 696 2352 ἐκ
719 2299 1000 2364 δυνάστου,
1041 2321 1059 2353 ι
1091 2301 1120 2353 ὁ
1147 2300 1463 2372 Σύμμαχος·
1501 2319 1520 2352 ι
1564 2300 1687 2353 Ὅτι
1711 2297 1970 2364 ἐξελεῖται

376 2391 590 2462 πένητα
649 2390 972 2464 οἰμώζοντα.
1016 2413 1033 2443 ι
1069 2393 1144 2446 Οὐ
1198 2392 1306 2464 γὰρ
1339 2392 1414 2454 ὡς
1598 2390 1968 2462 γεγενημένα,

377 2481 494 2536 ἀλλ’
532 2483 608 2546 ὡς
644 2483 907 2553 μέλλοντα
945 2483 1163 2538 ἔσεσθαι
1206 2483 1381 2536 ταῦτα
1426 2483 1688 2548 θεσπίζει.
1729 2483 1871 2554 Ὅρα
1914 2482 1971 2534 δὲ

376 2571 570 2634 ὁσάκις
592 2569 686 2624 τοῦ
713 2571 930 2643 πτωχοῦ
955 2572 1301 2644 μνημονεύει,
1329 2573 1544 2644 πρῶτον
1565 2570 1754 2625 εἰπών·
1785 2590 1803 2622 ι
1835 2571 1970 2640 Κρί-

376 2679 493 2715 νειν
526 2662 616 2714 τὸν
649 2662 778 2716 λαόν
827 2680 920 2715 σου
952 2665 1006 2715 ἐν
1039 2663 1374 2738 δικαιοσύνῃ,
1408 2665 1502 2717 καὶ
1548 2664 1677 2727 τοὺς
1721 2663 1971 2733 πτωχοὺς

375 2754 438 2809 ἐν
457 2754 656 2825 κρίσει·
681 2754 988 2826 ιδεύτερον,
1013 2775 1031 2806 ι
1059 2757 1251 2827 Κρινεί
1281 2759 1408 2820 τοὺς
1435 2757 1686 2826 πτωχοὺς
1706 2755 1800 2809 τοῦ
1816 2754 1967 2820 λαοῦ,

375 2845 476 2896 καὶ
502 2844 665 2898 σώσει
685 2846 811 2909 τοὺς
839 2847 988 2909 υἱοὺς
1008 2847 1116 2899 τῶν
1155 2848 1431 2919 πενήτων·
1478 2866 1496 2899 ι
1524 2847 1620 2900 καὶ
1650 2845 1745 2902 νῦν
1774 2847 1965 2900 πάλιν·

380 2955 406 2988 ς
443 2939 564 2990 Ὅτι
605 2937 874 3007 ἐρρύσατο
916 2939 1128 3008 πτωχὸν
1170 2941 1234 2992 ἐκ
1263 2939 1524 2993 δυνάστου
1553 2939 1646 2993 καὶ
1681 2940 1890 3010 πένητα
1924 2933 1969 3007 ᾧ

374 3030 478 3100 οὐχ
499 3030 710 3102 ὑπῆρχε
730 3030 940 3102 βοηθός-ο
957 3051 975 3084 ι
996 3033 1087 3084 καὶ
1103 3029 1279 3096 αὖθιςο
1304 3052 1322 3084 ι
1349 3033 1597 3087 Φείσεται
1625 3033 1841 3104 πτωχοῦ
1874 3036 1969 3088 καὶ

376 3121 632 3191 πένητος,
665 3123 757 3175 καὶ
791 3121 968 3193 ψυχὰς
1009 3127 1258 3194 πενήτων
1303 3124 1483 3179 σώσει.
1529 3144 1548 3178 ι
1581 3120 1750 3196 Θῐμαι
1792 3126 1848 3178 δὲ
1881 3125 1968 3179 διὰ

373 3216 582 3268 τούτων
613 3214 870 3268 ἁπάντων
912 3217 1163 3286 πτωχοὺς
1194 3219 1288 3271 καὶ
1334 3217 1572 3289 πένητας
1617 3218 1801 3271 καλεῖν
1839 3218 1968 3282 τοὺς

376 3305 708 3371 ἀποστόλους
734 3309 828 3360 καὶ
856 3307 982 3372 τοὺς
1012 3307 1260 3380 μαθητὰς
1280 3308 1376 3362 τοῦ
1401 3309 1653 3381 Σωτῆρος
1685 3308 1862 3380 ἡμῶν,
1888 3309 1962 3373 οἳ,

373 3393 476 3465 τὴν
507 3394 574 3448 δι’
602 3395 763 3449 αὐτὸν
806 3397 1079 3468 πτωχείαν
1125 3398 1494 3470 ἀνειληφότες,
1527 3399 1627 3471 τὴν
1673 3401 1754 3463 εἱς
1795 3401 1965 3472 ἀκρον

374 3485 579 3557 ἀρετῆς
610 3486 936 3541 ἐλαύνουσαν
963 3487 1280 3560 κατώρθουν
1309 3489 1627 3561 φιλοσοφίαν
1644 3508 1657 3521 ’
1691 3490 1757 3546 δι’
1781 3491 1810 3544 ὃ
1835 3492 1964 3563 περὶ

371 3577 553 3632 αὐτῶν
597 3579 825 3643 Ἡσαΐας
863 3581 959 3651 μὲν
997 3580 1370 3651 προανεφώνει
1412 3582 1587 3650 λέγων
1609 3599 1624 3614 ο
1659 3599 1678 3634 ι
1716 3583 1961 3653 Εὐαγγε-

369 3666 622 3721 λίσασθαι
673 3673 908 3738 πτωχοῖς
947 3670 1256 3723 ἀπέσταλκέ
1292 3688 1378 3742 με.
1422 3690 1442 3723 ι
1488 3672 1674 3735 Ἀυτὸς
1695 3672 1752 3725 δὲ
1784 3673 1812 3724 ὀ
1844 3675 1958 3727 Σω-

368 3758 500 3830 τὴρ,
534 3759 718 3822 αὐτοῖς
747 3759 1115 3830 προσομιλῶν,
1148 3759 1300 3829 ἔλεγε
1319 3778 1332 3791 ·
1373 3780 1392 3813 ι
1432 3762 1713 3833 Μακάριοι
1738 3765 1786 3816 οἱ
1812 3780 1960 3816 πτω-

367 3850 480 3922 χοὶ,
498 3851 579 3904 ὅτι
603 3850 784 3905 αὐτῶν
812 3853 957 3905 ἐστιν
979 3853 1012 3924 ή
1042 3851 1286 3923 βασιλεία
1305 3852 1416 3905 τῶν
1433 3853 1699 3925 οὐρανῶν.
1725 3855 1910 3910 Πάντα
1934 3874 1952 3907 ι

367 3937 467 3998 οὖν
493 3961 512 3995 ι
551 3942 620 3996 τὰ
649 3942 773 4014 ἔθνη
800 3942 1177 3997 δουλεύσουσιν
1205 3943 1371 4015 αὐτῷ,
1394 3945 1475 3998 ὅτι
1510 3945 1782 4018 ἐρρύσατο
1810 3965 1956 4001 πτω-

366 4035 468 4108 χδν
501 4035 566 4089 ἐκ
595 4034 877 4100 δυνάστου,
907 4036 1002 4090 καὶ
1035 4035 1244 4107 πένητα
1267 4031 1312 4106 ᾧ
1335 4036 1433 4107 οὐχ
1463 4037 1674 4108 ὑπῆρχε
1699 4037 1906 4108 βοηθός.
1932 4058 1950 4090 ι

367 4130 448 4184 Th
484 4132 613 4203 γάρ,
645 4149 664 4183 ι
697 4132 798 4197 ὅτι,
831 4150 849 4184 ι
888 4131 1039 4203 παρὰ
1066 4132 1200 4185 πᾶσι
1242 4134 1354 4195 τοῖς
1387 4133 1749 4204 ἐρμηνευταῖς
1781 4130 1873 4184 καὶ
1897 4131 1956 4183 ἐν

367 4224 513 4295 αὐτῇ
560 4226 627 4296 τῇ
698 4224 956 4296 Ἐϐραῖκῇ
1001 4226 1184 4296 γραφῇ
1259 4225 1509 4294 κείμενον
1531 4262 1546 4287 ,
1597 4222 1954 4291 αἰτιολογικὸν

367 4313 650 4385 τυγχάνει,
692 4314 935 4368 διδάσκον
982 4316 1128 4378 ὅπως
1166 4315 1344 4369 πάντα
1374 4317 1445 4368 τὰ
1479 4314 1605 4386 ἔθνη
1649 4315 1954 4368 δουλεύσειν

371 4407 574 4480 ἤμελλε
626 4407 706 4478 τῷ
745 4410 974 4480 Σωτῆρι.
1030 4409 1200 4461 Τοῦτο
1253 4408 1382 4479 γὰρ,
1435 4409 1588 4478 φησὶ,
1644 4411 1950 4479 γενήσεται,

379 4519 400 4554 ι
435 4500 619 4572 ἐπειδὴ
657 4499 876 4572 ῥύσεται
918 4501 1130 4571 πτωχὸν
1165 4503 1228 4554 ἐκ
1265 4502 1560 4556 δυνάστου·
1598 4521 1616 4552 ι
1651 4501 1727 4564 ὡς
1772 4503 1818 4554 εἰ
1859 4518 1954 4554 σα-

373 4593 633 4665 φέστερον
650 4591 853 4660 ἐλεγενο
870 4593 995 4644 ’Ότι
1015 4593 1121 4645 τῶν
1148 4594 1459 4648 ἀποστόλων
1473 4591 1638 4646 αὑτοῦ
1657 4592 1720 4645 τὸ
1743 4591 1948 4663 τάγμα,

370 4684 482 4739 τῶν
500 4683 566 4738 δι’
586 4684 747 4738 αὑτὸν
775 4682 1005 4754 πτωχῶν
1037 4684 1131 4738 καὶ
1150 4687 1416 4757 πενήτων,
1432 4685 1655 4755 ῥύσεται
1677 4683 1784 4737 ἀπὸ
1815 4701 1947 4738 παν-

370 4777 462 4840 τὸς
487 4776 770 4831 δυνάστου.
804 4773 1021 4829 Πολλῶν
1052 4776 1162 4847 γὰρ
1204 4775 1481 4834 δυναστῶν
1516 4776 1728 4850 ὁρατῶν
1763 4793 1823 4828 τε
1857 4775 1951 4828 καὶ

368 4867 596 4937 ἀφανῶν
621 4867 1012 4940 ἀντικειμένων
1037 4869 1134 4924 καὶ
1160 4869 1602 4940 ἐπανισταμένων
1629 4868 1838 4933 τούτοις
1861 4868 1952 4921 αὐ·
1984 4895 2028 4950 D

371 4962 485 5023 τοῖς
510 4961 622 5023 τοῖς
641 4963 875 5031 πτωχοῖς
899 4958 994 5016 καὶ
1025 4962 1138 5024 τοῖς
1162 4960 1406 5031 πένησιν,
1436 4961 1617 5026 αὐτὸς,
1649 4963 1845 5030 ἀφανεῖ
1863 4961 1953 5012 δυ-

373 5049 536 5122 νάμει
567 5050 919 5123 προασπίζων
943 5051 1142 5116 αὐτῶν,
1170 5054 1234 5108 ἐκ
1253 5053 1468 5107 πάντων
1483 5053 1679 5116 αὐτοὺς
1710 5052 1950 5124 ῥύσεται,

374 5143 512 5215 πρὸς
541 5142 714 5216 τὺομὴ
747 5143 1054 5215 κωλυθῆναι
1084 5145 1183 5217 τὴν
1222 5145 1289 5198 δι’
1320 5144 1499 5198 αὐτῶν
1530 5144 1952 5215 ἐπιτελουμένην

371 5234 469 5289 τοῦ
498 5234 850 5303 εὐαγγελικώ
891 5237 1240 5310 κηρύγματος
1280 5235 1600 5308 ὑπηρεσίαν.
1647 5237 1757 5290 Καὶ
1791 5235 1950 5290 τοῦτο

375 5324 572 5398 πράξει
605 5325 780 5380 συνὼν
813 5327 1014 5392 αὐτοῖς,
1055 5327 1172 5381 καθ’
1195 5329 1262 5399 ἢν
1293 5329 1577 5398 ποιήσεται
1599 5327 1734 5398 πρὸς
1754 5328 1950 5392 αὐτοὺς

375 5418 705 5488 ἐπαγγελίαν
732 5420 944 5489 φήσαςσ
981 5439 999 5472 ι
1051 5421 1183 5475 Ἰδοὺ
1217 5419 1328 5489 ἐγὼ
1363 5421 1480 5491 μεθ’
1517 5419 1671 5491 ὑμῶν
1696 5422 1813 5492 ειμι
1847 5420 1952 5475 πά-

377 5525 477 5574 σας
496 5509 592 5574 τὰς
610 5510 824 5582 ἡμέρας
847 5510 952 5574 ἕως
973 5512 1072 5583 τῆς
1101 5511 1410 5575 συντελείας
1429 5511 1523 5564 τοῦ
1543 5510 1758 5575 αἰῶνος.
1796 5530 1814 5562 ι
1848 5511 1952 5566 Οὖ-

377 5615 485 5663 τως
515 5596 606 5654 οὖν
638 5599 732 5655 καὶ
776 5599 1027 5670 ἐφείσατο
1054 5597 1272 5670 πτωχοῦ
1303 5599 1396 5653 καὶ
1431 5599 1680 5670 πένητος,
1713 5599 1808 5653 καὶ
1848 5597 1948 5668 ψυ-

2069 2219 2364 2276 pauperem
2391 2204 2480 2258 cui
2508 2220 2616 2258 non
2649 2212 2769 2258 erat
2803 2203 3040 2273 adiutor.
3078 2225 3096 2257 ›
3137 2207 3243 2262 Pro
3275 2209 3410 2264 illo:
3455 2231 3473 2262 ε
3515 2211 3655 2278 Quia

2072 2293 2326 2348 liberavit
2352 2308 2643 2364 pauperem
2666 2309 2694 2347 a
2719 2301 2961 2364 potente,
2988 2317 3005 2347 ι
3029 2295 3429 2368 Symmachus:
3466 2320 3485 2354 ι
3515 2301 3656 2370 Quia

2071 2383 2265 2454 eripiet
2309 2399 2605 2454 pauperem
2657 2384 2976 2454 eiulantem.
3037 2406 3055 2438 ι
3117 2387 3244 2443 Haec
3293 2393 3493 2463 quippe
3542 2409 3656 2452 non

2071 2475 2230 2546 quasi
2287 2474 2399 2545 jam
2452 2477 2755 2541 evenerint,
2812 2477 2908 2532 sed
2957 2487 3015 2532 ut
3066 2478 3247 2536 futura
3301 2485 3652 2545 vaticinatur.

2070 2567 2494 2623 Animadvertas
2535 2568 2698 2622 velim
2747 2569 2963 2638 quoties
3005 2586 3299 2642 pauperem
3343 2587 3653 2648 memoret;

2070 2659 2249 2729 primo
2267 2673 2392 2713 cum
2423 2659 2538 2714 ait:
2566 2679 2584 2710 ι
2621 2657 2875 2714 Judicare
2921 2663 3182 2731 populum
3213 2675 3366 2720 tuum
3397 2669 3455 2722 in
3480 2669 3653 2740 justi.

2071 2751 2167 2814 tia,
2202 2757 2257 2805 et
2285 2765 2556 2821 pauperes
2584 2761 2708 2806 tuos
2738 2750 2793 2804 in
2822 2751 3074 2821 judicio;
3118 2773 3138 2806 ι
3171 2758 3454 2815 secundo:
3487 2779 3507 2812 ι
3554 2759 3654 2818 Ju-

2069 2840 2274 2897 dicabit
2298 2855 2565 2912 pauperes
2603 2841 2812 2911 p0puli,
2851 2848 2905 2896 et
2943 2843 3126 2900 salvos
3157 2843 3320 2901 faciet
3346 2848 3488 2904 filios
3517 2864 3652 2920 pau-

2069 2949 2296 3005 perum;
2333 2953 2353 2986 ι
2376 2942 2432 2990 et
2463 2949 2610 2989 nunc
2643 2933 2840 2989 iterum
2876 2954 2890 2990 ε
2927 2954 2946 2986 ι
2993 2935 3133 3003 Quia
3165 2939 3414 2998 liberavit
3447 2959 3654 3017 paupe-

2069 3041 2184 3082 rem
2215 3041 2246 3080 a
2268 3033 2508 3098 potente,
2532 3034 2587 3083 et
2618 3042 2911 3098 pauperem
2935 3030 3024 3084 cui
3054 3046 3162 3085 non
3191 3043 3311 3088 erat
3343 3035 3594 3105 adjutor;
3626 3057 3648 3090 ι

2069 3137 2134 3176 ac
2165 3136 2384 3176 rursum
2419 3139 2433 3177 :
2472 3138 2491 3172 ι
2547 3119 2740 3177 Parcet
2764 3124 2990 3194 pauperi
3021 3130 3076 3179 et
3109 3126 3294 3197 inopi,
3345 3138 3400 3184 et
3439 3131 3652 3188 animas

2069 3225 2372 3281 pauperum
2401 3210 2584 3267 salvas
2613 3209 2798 3269 faciet.
2833 3232 2852 3266 ι
2887 3213 3141 3270 Arbitror
3166 3232 3332 3287 porro
3355 3218 3442 3275 his
3471 3225 3653 3277 omni-

2067 3303 2172 3358 bus
2205 3302 2260 3357 in
2291 3302 2428 3358 locis
2459 3302 2640 3373 ipsum
2671 3310 2961 3374 apostolos
2985 3314 3039 3363 et
3065 3307 3364 3380 discipulos
3393 3311 3652 3370 Servato-

2068 3393 2148 3449 ris
2184 3395 2380 3464 nostri,
2410 3409 2682 3466 pauperes
2713 3401 2770 3451 et
2815 3397 3010 3470 inopes
3033 3413 3248 3466 vocare,
3292 3403 3387 3474 qui
3426 3414 3653 3477 propter

2067 3485 2248 3557 ipsum
2285 3497 2660 3559 paupertatem
2695 3489 3015 3555 subeuntes,
3046 3491 3446 3564 philosophiam
3497 3499 3646 3554 illam

2071 3580 2142 3634 ad
2177 3579 2401 3635 virtutis
2438 3578 2716 3652 fastigium
2749 3580 3068 3636 evehentem
3121 3583 3392 3640 colebant.
3445 3585 3650 3653 Quam-

2067 3672 2256 3727 obrem
2286 3671 2402 3726 haec
2443 3671 2512 3727 de
2558 3671 2666 3726 illis
2718 3670 2892 3730 Isaias
2934 3676 3378 3744 prmnuntiabat:
3418 3697 3438 3730 ι
3475 3678 3649 3736 Evan-

2065 3763 2302 3834 gelizare
2339 3760 2676 3831 pauperibus
2717 3762 2870 3818 misit
2896 3778 2983 3819 me
3003 3764 3072 3820 κ.
3111 3785 3132 3818 ›
3158 3766 3280 3836 ipse
3305 3784 3434 3824 vero
3460 3769 3647 3828 Domi-

2065 3869 2174 3910 nus
2204 3868 2300 3909 eos
2328 3854 2612 3925 alloquens
2646 3854 2860 3911 dicebat
2895 3876 2908 3912 :
2945 3875 2966 3909 ι
2999 3857 3150 3912 Beati
3189 3875 3478 3930 pauperes,
3505 3878 3646 3934 quo-

2063 3945 2212 3999 niam
2245 3944 2490 4015 ipsorum
2542 3953 2630 4001 est
2685 3961 2912 4017 regnum
2955 3950 3220 4005 ctelorum
3241 3952 3308 4006 ".
3373 3952 3576 4009 Omnes
3615 3975 3636 4008 ι

2063 4050 2196 4107 ergo
2229 4055 2249 4088 ι
2269 4045 2460 4108 gentes
2487 4037 2818 4107 servientei,
2850 4040 2979 4110 quia
3013 4041 3268 4096 liberavit
3286 4058 3576 4115 pauperem
3609 4063 3640 4103 a

2062 4134 2306 4198 potente,
2343 4135 2397 4184 et
2428 4144 2722 4199 pauperem
2753 4129 2841 4184 cui
2875 4145 2986 4184 non
3017 4138 3134 4186 erat
3167 4131 3408 4202 adjutor.
3448 4153 3468 4186 ι
3502 4134 3639 4191 Nam

2065 4219 2220 4285 illud,
2259 4239 2279 4272 ι
2317 4221 2470 4290 quia,
2508 4241 2527 4273 ι
2561 4219 2703 4291 apud
2735 4237 2925 4276 omnes
2961 4223 3306 4293 interpretes,
3341 4234 3396 4282 et
3432 4227 3491 4281 in
3520 4227 3640 4298 ipsa

2062 4309 2330 4368 Ilebraica
2385 4312 2658 4383 scriptura
2725 4314 3005 4384 positum,
3080 4330 3302 4371 causam
3369 4317 3636 4385 denotat,

2060 4405 2267 4461 docens
2297 4419 2398 4459 cur
2444 4403 2690 4460 futurum
2736 4406 2808 4461 sit
2837 4416 2893 4462 ut
2943 4422 3131 4463 omnes
3167 4419 3353 4480 gentes
3401 4411 3639 4467 serviant

2063 4493 2343 4551 Servatori
2369 4513 2386 4563 ;
2418 4495 2475 4550 id
2503 4510 2740 4566 namque
2773 4495 2886 4564 ﬁet,
2935 4497 3136 4568 inquit,
3176 4519 3194 4550 ι
3225 4502 3354 4571 quia
3385 4503 3639 4557 liberavit

2059 4598 2353 4655 pauperem
2389 4598 2420 4638 a
2449 4590 2715 4655 potente;
2751 4603 2770 4636 ι
2803 4599 2868 4639 ac
2898 4584 2946 4640 si
2973 4585 3177 4642 clarius
3222 4587 3431 4643 diceret
3457 4607 3472 4642 :
3496 4588 3636 4654 Quia

2061 4677 2433 4748 apostolorum
2478 4692 2729 4740 suorum,
2762 4679 2855 4748 qui
2887 4687 3109 4750 propter
3160 4679 3336 4752 ipsum
3372 4695 3637 4750 pauperes

2059 4773 2112 4823 et
2147 4767 2338 4838 inopes
2361 4775 2543 4834 erant,
2570 4769 2818 4824 ordinem
2844 4768 3096 4824 liberabit
3119 4769 3188 4824 ab
3211 4770 3360 4824 omni
3393 4779 3633 4840 potente.

2059 4859 2195 4915 Cum
2231 4861 2388 4915 multi
2440 4860 2588 4916 enim
2635 4868 2886 4931 potentes
2925 4860 3170 4916 visibiles
3229 4869 3283 4916 et
3332 4861 3636 4919 invisibiles

2061 4951 2350 5008 adversum
2364 4953 2487 5008 illos
2505 4967 2773 5024 pauperes
2787 4960 2839 5006 et
2856 4951 3045 5023 inopes
3072 4952 3380 5023 insurgent,
3412 4954 3632 5010 eosdem

2062 5043 2179 5113 ipse
2215 5045 2430 5100 occulta
2450 5045 2654 5100 virtute
2683 5051 2951 5116 proteget,
2967 5059 3142 5116 exque
3168 5046 3426 5102 omnibus
3443 5047 3614 5100 libera

2059 5137 2160 5202 bit,
2193 5145 2254 5192 ut
2281 5153 2351 5193 ne
2378 5138 2523 5209 quod
2557 5138 2662 5209 ipsi
2700 5139 2904 5193 obeunt
2933 5137 3260 5207 evangelicae
3289 5135 3634 5207 praedicatio-

2056 5229 2143 5286 nis
2174 5229 2539 5286 ministerium
2575 5229 2960 5302 prmpediatur.
3004 5228 3176 5299 quue
3224 5229 3342 5300 ipse
3389 5244 3633 5299 praesens

2056 5321 2271 5390 efﬁciet,
2303 5324 2604 5380 secundum
2638 5323 2706 5378 ab
2731 5338 2790 5378 se
2822 5321 3142 5377 tradendam
3191 5323 3629 5394 promissionem.

2057 5430 2164 5486 qua
2195 5415 2330 5471 dicit
2358 5433 2372 5469 :
2414 5433 2434 5468 ι
2469 5415 2611 5472 Ecce
2639 5431 2738 5488 ego
2765 5416 3048 5474 vobiscum
3081 5431 3200 5472 sum
3232 5416 3488 5470 omnibus
3517 5414 3635 5470 dico

2057 5506 2161 5562 bus
2210 5522 2386 5577 usque
2429 5507 2498 5563 ad
2554 5507 3082 5564 consummationem
3131 5507 3407 5564 saeculi“.
3463 5526 3483 5559 ι
3539 5505 3633 5564 Sic

2056 5599 2243 5671 itaque
2270 5600 2515 5672 pepercit
2549 5600 2775 5672 pauperi
2808 5607 2863 5655 et
2891 5602 3058 5673 inopi,
3091 5614 3146 5657 et
3185 5605 3399 5659 animas
3430 5615 3635 5674 paupe-

453 5757 497 5792 “
520 5758 664 5818 Psal.
697 5775 758 5826 ιι,
785 5759 839 5824 7,
865 5758 918 5813 8.
997 5757 1041 5791 ⁵⁵
1075 5757 1246 5813 lCor.
1272 5772 1364 5822 xv,
1399 5755 1580 5812 24—26.
1657 5756 1702 5788 “
1742 5755 1846 5812 Isa.
1875 5769 1968 5809 ut
2003 5755 2054 5822 l,
2133 5755 2183 5789 ⁸⁷
2206 5753 2395 5812 Matth.
2424 5773 2478 5828 v,
2519 5757 2570 5814 ‘5.
2651 5756 2695 5794 ⁵⁸
2718 5756 2908 5813 Matth.
2953 5773 3144 5826 xxviii,
3174 5756 3266 5813 20.

689 5854 973 5916 Putant:-
1021 5853 1138 5914 Gn.
1216 5848 1457 5913 XXIII.

3234 5849 3314 5910 26
