4056 6378
424 287 522 343 Sil

1097 282 1368 341 EUSEBII
1404 280 1889 342 CESARIENSIS
1924 278 2081 338 OPP.
2121 279 2303 335 PARS
2338 281 2425 338 Ill.
2466 313 2538 325 ——
2560 283 2973 343 EXEGETICA.

3583 285 3688 341 812!

418 424 538 463 rum
558 408 736 465 salvas
753 408 881 481 fecit
906 429 918 464 :
944 410 1169 481 haecque
1180 410 1361 464 omnia
1381 408 1667 479 discipulis
1682 415 1731 463 et
1748 406 1989 472 apostoli:

2109 420 2212 475 χας
2269 414 2514 479 πενήτων
2565 407 2767 461 ἔσωσεσ
2805 424 2898 461 και
2945 405 3120 461 ταῦτα
3168 406 3348 462 πάντα
3382 407 3499 471 τοῖς
3525 407 3689 461 αὐτοῦ

419 505 536 561 suis
556 502 808 575 praebuit,
824 504 951 558 utin
966 518 1183 558 omnem
1207 511 1407 559 terram
1425 510 1598 557 euret
1615 515 1787 557 sonus
1811 515 2000 556 eorum

419 607 473 651 et
505 597 560 651 in
601 594 737 651 lines
761 595 913 649 orbis
966 606 1126 651 terrae
1177 595 1342 651 verba
1382 610 1592 651 eorum.
1632 595 1840 649 Horum
1874 609 2003 650 vero

416 706 720 762 pauperum
744 698 800 747 et
824 691 1048 760 inopum
1081 690 1293 744 animas
1317 704 1381 744 ex
1412 689 1599 745 usuris
1629 695 1685 743 et
1715 688 2003 759 iniquitate

417 782 672 846 redemit,
727 789 788 837 ut
836 780 1041 837 nemini
1087 779 1367 851 quidpiam
1415 778 1698 837 deberent.
1745 777 1902 846 Quod
1954 779 2001 835 si

416 874 748 946 quandoque
792 872 952 929 fenus
989 871 1334 944 acceperint,
1368 871 1444 926 ita
1494 877 1553 925 ut
1594 877 1839 927 veterum
1871 884 2000 942 pec-

417 975 666 1021 catorum
707 966 784 1021 rei
825 966 1136 1033 exsistant;
1180 973 1236 1019 at
1289 963 1407 1035 ipse
1452 963 1696 1035 pretioso
1731 964 2002 1035 sanguine

416 1072 518 1129 pro
550 1057 659 1113 illis
707 1055 911 1112 tradito
946 1055 1178 1112 redemit
1210 1056 1421 1111 animas
1459 1069 1649 1111 eorum
1679 1073 1693 1110 :
1739 1054 1887 1111 unde
1918 1053 2004 1109 di-

415 1149 581 1204 vinus
624 1148 919 1220 Apostolus
957 1148 1071 1204 haec
1103 1146 1331 1203 docuit:
1368 1164 1387 1198 ‹
1426 1146 1683 1203 Christus
1717 1161 1818 1203 nos
1844 1146 2001 1203 rede-

416 1238 519 1293 mit
547 1237 616 1292 de
666 1237 959 1294 maledicto
987 1238 1145 1311 legis,
1199 1237 1378 1293 factus
1428 1251 1531 1307 pro
1562 1237 1722 1294 nobis
1773 1238 2001 1294 maledi-

414 1337 565 1384 ctum
590 1329 656 1386 ”.
684 1326 723 1384 ἰ
760 1329 897 1386 Nam
931 1330 1061 1402 quia
1095 1330 1374 1403 debitores
1402 1336 1562 1386 erant
1588 1329 1692 1401 legi
1724 1328 1915 1403 Moysi,
1945 1337 2000 1386 et

415 1435 538 1491 quae
590 1421 799 1491 scripto
852 1420 1054 1476 tradita
1110 1428 1241 1476 sunt
1289 1437 1397 1477 non
1456 1421 1835 1493 impleverant,
1894 1423 1998 1479 sub

414 1512 706 1569 maledicto
732 1512 928 1569 deinde
952 1522 1127 1579 erant,
1167 1514 1315 1584 quod
1339 1527 1448 1568 non
1478 1520 1649 1569 totam
1680 1513 1854 1582 legem
1881 1528 1998 1569 ser-

413 1610 658 1659 vassent.
684 1602 957 1674 Scriptum
979 1602 1181 1674 quippe
1211 1612 1361 1659 erat:
1395 1620 1414 1654 ι
1461 1602 1784 1659 Maledict‘us
1816 1602 1997 1659 omnis

412 1694 507 1767 qui
548 1711 660 1751 non
701 1682 945 1751 manebit
982 1694 1040 1750 in
1075 1696 1333 1751 omnibus
1369 1711 1491 1765 quae
1529 1696 1736 1767 scripta
1775 1704 1904 1752 sunt
1937 1695 1994 1750 in

412 1785 559 1841 libro
580 1786 736 1857 legis,
773 1793 833 1840 ut
887 1784 1054 1841 faciat
1100 1801 1165 1842 ea
1190 1784 1256 1841 ⁵⁸.
1298 1806 1316 1837 ι
1358 1784 1552 1841 Merito
1597 1797 1817 1857 ereptos
1868 1787 1992 1843 illos

410 1893 478 1932 ex
518 1877 612 1931 tali
639 1876 1047 1941 maledictione,
1082 1893 1150 1933 ex
1191 1879 1379 1934 usuris
1413 1885 1467 1935 et
1498 1878 1791 1949 iniquitate
1832 1879 1992 1933 rede-

411 1972 532 2033 mit,
566 1969 742 2026 factus
763 1970 989 2041 proillis
1019 1971 1402 2027 maledictum:
1423 1971 1739 2042 traditoque
1767 1986 1988 2027 eorum-

408 2064 532 2118 dem
579 2063 756 2133 gratia
800 2063 1041 2134 pretioso
1083 2066 1377 2136 sanguine,
1424 2065 1507 2123 sic
1565 2065 1669 2122 sibi
1719 2065 1990 2136 pretiosus

408 2153 608 2210 etfecit.
645 2154 827 2222 Quare
856 2156 961 2212 sub
991 2156 1108 2212 haec
1144 2156 1371 2222 dicitur,
1408 2176 1427 2210 ι
1461 2156 1531 2211 Et
1563 2157 1864 2229 pretiosum
1890 2174 1993 2214 no-

408 2259 539 2300 men
584 2259 774 2301 eorum
816 2261 1001 2301 coram
1030 2247 1162 2314 illo;
1201 2268 1219 2301 ι
1265 2247 1388 2305 ideo
1422 2248 1546 2306 illos
1603 2250 1684 2305 sic
1718 2250 1991 2306 allocutus

408 2336 673 2396 scribitur
703 2357 718 2397 :
756 2357 777 2393 ι
809 2338 987 2397 Nolite
1018 2340 1255 2412 gaudere
1287 2343 1544 2413 quoniam
1563 2341 1830 2398 daemonia
1860 2345 1991 2401 sub-

405 2428 678 2500 jiciuntur
707 2431 868 2487 vobis
901 2450 915 2487 :
950 2433 1182 2504 gaudete
1224 2440 1406 2490 autem
1458 2444 1513 2491 et
1546 2434 1817 2491 exsultate
1860 2436 1990 2506 quia

408 2523 633 2579 nomina
665 2532 846 2580 vestra
881 2525 1085 2594 scripta
1114 2533 1243 2581 sunt
1264 2526 1321 2582 in
1352 2526 1509 2583 cmlis
1523 2528 1589 2583 ἰ.
1621 2546 1642 2580 ι
1672 2527 1786 2584 Cur
1805 2536 1987 2583 autem

407 2629 612 2671 nomen
631 2630 824 2672 eorum
863 2618 1164 2687 pretiosum
1209 2626 1327 2675 erat
1358 2634 1543 2674 coram
1578 2619 1694 2686 illo,
1719 2620 1828 2676 nisi
1857 2620 1986 2691 quia

407 2708 526 2777 ipse
558 2708 781 2765 nomina
829 2709 938 2765 illis
980 2709 1166 2766 indere
1205 2709 1466 2782 dignatus
1515 2720 1621 2779 est,
1674 2711 1983 2779 Simonem,

408 2798 632 2855 Petrum
686 2816 1048 2874 nuncupans;
1105 2801 1409 2870 Thomam,
1463 2804 1788 2878 Didymum;
1843 2807 1988 2864 ﬁlios

406 2889 676 2958 Zebedmi,
711 2892 1043 2967 Boanerges,
1071 2895 1217 2966 quod
1250 2897 1561 2968 explicatur
1591 2900 1941 2969 ﬁlii‘tonitrui
1960 2903 1986 2957 .9

405 2980 521 3038 lmo
555 2998 685 3040 vero
710 2985 1010 3042 universim
1044 2989 1289 3043 omnium
1316 3003 1513 3045 nomen
1542 2991 1846 3061 pretiosum
1868 2998 1988 3049 erat

405 3084 592 3126 coram
626 3071 742 3168 illo.
776 3070 946 3168 quue
976 3074 1252 3168 significat
1281 3075 1566 3150 Evangelii
1595 3081 1877 3152 scriptura
1907 3080 1983 3136 di-
2010 3107 2056 3168 ο

405 3178 540 3219 cens
559 3179 577 3216 :
615 3181 635 3216 ι
665 3162 778 3220 Hos
801 3164 1094 3222 duodecim
1128 3168 1293 3241 elegit
1318 3168 1503 3237 Jesus,
1534 3187 1674 3243 quos
1706 3175 1985 3244 apostolos

405 3257 714 3312 nominavit
733 3257 803 3314 ⁸³.
849 3277 869 3311 ι
906 3257 1013 3315 Pro
1047 3260 1142 3318 illo
1172 3270 1378 3330 autem,
1412 3281 1434 3315 ι
1474 3280 1677 3322 nomen
1710 3280 1924 3335 eorum,
1960 3289 1980 3323 ι

405 3345 676 3404 Hebraica
697 3350 995 3422 scriptura,
1031 3369 1051 3405 ι
1075 3355 1303 3427 sanguis
1341 3371 1555 3425 eorum,
1587 3376 1608 3411 ι
1632 3359 1981 3432 circumfert;

408 3448 575 3509 atque
604 3439 802 3512 reliqui
831 3439 913 3497 sic
942 3440 1290 3514 interpretati
1325 3455 1475 3512 sunt,
1502 3449 1700 3520 Aquila
1730 3452 1942 3508 scilicet
1966 3473 1981 3510 :

409 3547 431 3581 ι
465 3528 533 3585 Et
564 3529 930 3589 honorabitur
956 3536 1183 3608 sanguis
1224 3551 1416 3593 eorum
1447 3538 1505 3595 in
1554 3543 1733 3600 oculis
1769 3544 1923 3616 ejus;
1959 3565 1978 3599 ›

405 3620 768 3695 Symmachus
793 3641 962 3683 vero:
991 3646 1011 3679 ι
1036 3627 1104 3684 Ει
1128 3631 1402 3701 pretiosus
1412 3635 1519 3690 erit
1541 3636 1773 3710 sanguis,
1791 3653 1982 3694 eorum

402 3728 592 3770 coram
622 3715 736 3772 illo.
768 3736 787 3769 ι
811 3716 981 3784 Quais
1009 3729 1198 3790 aperte
1245 3737 1437 3779 necem
1475 3726 1695 3783 illorum
1729 3730 1985 3787 subiudi-

403 3805 572 3871 cavit,
621 3821 730 3877 qua
777 3807 980 3881 singuli
1039 3812 1194 3867 vario
1247 3816 1499 3888 martyrii
1548 3834 1749 3892 genere
1801 3820 1982 3879 allecti

404 3907 555 3966 sunt,
585 3913 652 3955 ac
699 3899 841 3958 alius
887 3903 996 3959 alio
1033 3905 1198 3961 modo
1245 3906 1316 3963 ob
1365 3910 1741 3968 testimonium
1788 3913 1857 3971 de
1890 3916 1984 3972 illo

402 3992 590 4048 datum
622 3995 910 4065 sanguinis
936 4011 1166 4069 agonem
1208 3998 1413 4069 subiit;
1449 4003 1524 4058 ita
1548 4014 1609 4060 ut
1648 4006 1716 4063 de
1750 4006 1860 4063 illis
1894 4009 1985 4064 di-

401 4094 560 4142 catur
591 4105 609 4145 :
646 4106 666 4140 ι
693 4086 944 4146 Pretiosa
977 4092 1032 4148 in
1073 4103 1370 4164 conspectu
1403 4095 1620 4154 Domini
1661 4115 1810 4158 mors
1855 4117 1986 4159 san-

401 4183 615 4232 ctorum
645 4179 847 4249 ejus".
890 4199 909 4234 θ
947 4179 1043 4239 isti
1075 4185 1224 4240 enim
1269 4186 1451 4244 simile
1491 4188 1596 4245 hoc
1635 4206 1854 4265 quoque
1901 4195 1985 4250 di-

401 4275 552 4411 cltum
600 4277 732 4325 est:
768 4287 790 4323 ι
826 4269 892 4327 Et
924 4274 1226 4343 pretiosum
1283 4293 1485 4335 nomen
1541 4296 1732 4338 eorum
1795 4299 1981 4341 coram

404 4357 419 4411 i
445 4358 518 4411 lo.
557 4376 579 4411 ι

404 4357 518 4414 illo.
557 4376 579 4411 ι

2106 499 2374 571 μαθηταῖς
2401 502 2493 554 καὶ
2517 500 2837 563 ἀποστόλοις
2867 502 3149 571 παρεῖχεν,
3182 500 3247 551 i'v‘
3278 500 3356 563 είς
3383 500 3563 553 πᾶσαν
3593 502 3692 572 τὴν

2103 594 2205 663 γῆν
2236 591 2443 658 ἐξέλθοι
2471 594 2500 646 6
2521 591 2757 661 φθόγγος
2790 591 2992 656 αὐτῶν,
3023 592 3119 645 καὶ
3152 594 3232 655 εἰς
3256 591 3326 646 τά
3355 591 3568 663 πέρατα
3593 596 3692 661 τῆς

2101 684 2424 756 οἰκουμένης
2460 685 2529 739 τὰ
2563 686 2784 757 ῥήματα
2818 683 3019 739 αὐτῶν.
3057 683 3274 738 Τούτων
3315 683 3374 738 δὲ
3405 683 3515 739 τῶν
3548 702 3692 739 πτω-

2102 779 2213 850 χῶν
2246 779 2345 833 καὶ
2370 778 2479 832 τῶν
2521 780 2768 850 πενήτων
2796 781 2862 833 ἐκ
2905 779 3065 833 τόκου
3100 779 3192 833 καὶ
3219 778 3279 846 ἐξ
3324 778 3539 842 ἀδικίας
3567 778 3689 831 ἐλυ-

2102 871 2349 943 τρὼσατο
2378 871 2477 934 τὰς
2500 870 2699 943 ψυχὰς,
2726 872 2877 935 ὅπως
2901 872 3093 944 μηδενὶ
3119 869 3286 943 μηδὲν
3317 870 3603 942 ὀφείλοιεν.
3627 872 3692 925 Εἰ

2100 963 2157 1017 δὲ
2188 962 2280 1017 καί
2312 981 2441 1016 ποτε
2474 963 2871 1034 δεδανεισμένοι
2890 962 3169 1037 ὥφλησαν,
3192 962 3333 1018 ὥστε
3363 964 3580 1035 ἐνόχους
3602 966 3694 1018 αύ-

2099 1054 2227 1120 τοὺς
2249 1055 2500 1124 γενέσθαι
2529 1055 2772 1109 παλαιῶν
2804 1056 3239 1128 ἁμαρτημάτων,
3273 1054 3390 1109 ἀλλ’
3419 1054 3604 1120 αὐτὸς,
3629 1054 3693 1110 τὸ

2101 1141 2241 1218 αἷμα
2271 1146 2332 1201 τὸ
2361 1148 2538 1218 τίμιον
2569 1147 2763 1218 λύτρον
2793 1148 2933 1219 ὑπὲρ
2965 1148 3146 1202 αὐτῶν
3172 1148 3317 1213 δοὺς,
3348 1146 3693 1221 ἐλυτρώσατο

2099 1240 2199 1303 τὰς
2224 1239 2400 1311 ψυχὰς
2445 1238 2624 1293 αὐτῶν
2648 1257 2661 1271 ’
2691 1240 2814 1294 ὅθεν
2858 1243 2887 1294 6
2929 1240 3071 1304 θεῖος
3098 1239 3420 1304 Ἀπόστολος
3446 1239 3690 1295 ἐδίδασκε

2100 1332 2306 1401 λέγων’
2343 1351 2361 1383 ι
2401 1331 2634 1402 Χριστὸς
2667 1332 2815 1402 ήμᾶς
2857 1331 3189 1404 ἐξηγόρασεν
3225 1334 3289 1386 ἐκ
3314 1332 3416 1405 τῆς
3441 1332 3691 1404 κατάρας

2098 1424 2193 1477 τοῦ
2227 1425 2414 1495 νόμου,
2448 1423 2739 1493 γενόμενος
2777 1424 2917 1497 ὑπὲρ
2949 1424 3105 1496 ήμῶν
3136 1424 3374 1496 κατάρα.
3410 1441 3429 1475 ι
3468 1422 3689 1495 Ἐπειδὴ

2099 1513 2209 1586 γὰρ
2239 1514 2509 1586 χρεῶσται
2529 1510 2668 1586 ἦσαν
2695 1514 2789 1570 καὶ
2809 1516 3081 1585 ὀφειλέται
3102 1515 3202 1588 τῆς
3226 1515 3505 1580 Μωῡσέως
3524 1532 3686 1587 νομο-

2101 1603 2306 1669 θεσίας,
2356 1607 2456 1660 οὐκ
2513 1607 2784 1679 ἐπλήρουν
2814 1608 2871 1661 δὲ
2907 1608 2979 1661 τὰ
3019 1606 3410 1680 γεγραμμένα,
3454 1602 3556 1661 εἷθ’
3581 1607 3688 1661 ὑπὸ

2100 1697 2343 1771 κατάραν
2370 1695 2512 1769 ⁴ἦσαν
2532 1740 2545 1765 ,
2596 1699 2684 1753 διὰ
2709 1698 2771 1753 τὸ
2807 1696 2891 1772 μὴ¹
2935 1699 3113 1754 πάντα
3147 1700 3239 1753 τὸν
3270 1701 3434 1771 νόμον
3480 1698 3685 1769 φυλάτ-

2095 1807 2227 1846 τειν.
2277 1791 2560 1863 Γέγραπτο
2611 1792 2753 1863 γάρ·
2791 1810 2810 1843 ι
2864 1791 3303 1865 Ἐπικατάρατος
3351 1794 3458 1857 πᾶς
3488 1792 3547 1856 ὃς
3584 1792 3686 1845 οὐκ

2093 1879 2321 1951 ἐμμένει
2355 1882 2489 1934 πᾶσι
2526 1885 2640 1944 τοῖς
2681 1880 3087 1956 γεγραμμένοις
3125 1884 3184 1935 ἐν
3212 1881 3292 1953 τῷ
3350 1880 3539 1953 βιϐλίῳ
3589 1881 3685 1936 τοῦ

2091 1973 2259 2043 νόμου
2338 1972 2433 2026 τοῦ
2508 1974 2729 2045 ποιῆσαι
2793 1973 2951 2027 αὐτά.
2997 1993 3016 2025 ι
3048 1974 3288 2039 Εἰκότως
3333 1972 3537 2045 ταύτης
3585 1974 3684 2046 τῆς

2090 2064 2229 2136 ἀρᾶς
2268 2063 2638 2137 ἐλευθερώσας
2679 2064 2898 2131 αὐτοὺς,
2937 2066 3002 2119 ἐκ
3046 2065 3207 2119 τόκου
3239 2065 3332 2119 καὶ
3373 2063 3434 2130 ἐξ
3472 2064 3685 2127 ἀδικίας

2090 2157 2379 2230 ἐλυτροῦτο
2420 2159 2635 2222 αὐτοὺς,
2699 2157 2984 2230 γινόμενος
3032 2157 3174 2230 ὑπὲρ
3206 2157 3387 2212 αὐτῶν
3432 2157 3681 2230 κατάραν

2090 2251 2186 2304 καὶ¹
2215 2251 2278 2304 τὸ
2332 2252 2515 2323 τίμιον
2567 2251 2731 2305 αὐτοῦ
2768 2246 2908 2322 αἷμα
2934 2250 3075 2326 ὑπὲρ
3118 2250 3300 2305 αὐτῶν
3350 2250 3543 2316 διδοὺς,
3589 2250 3683 2305 καὶ

2090 2343 2231 2396 οὕτω
2274 2344 2489 2415 τιμίους
2542 2342 2720 2415 ἐαυτῷ
2768 2341 3228 2415 ἀπεργαζόμενος.
3283 2342 3376 2397 Διὸ
3434 2342 3681 2398 λέλεκται

2090 2437 2245 2509 ἑξῆς·
2287 2457 2305 2489 ι
2347 2437 2459 2492 Καὶ
2506 2436 2724 2507 ἔντιμον
2760 2436 2822 2490 τὸ
2870 2437 3043 2509 ὄνομα
3087 2436 3270 2491 αὐτῶν
3316 2435 3544 2491 ἐνώπιον
3582 2437 3681 2489 αύ-

2089 2527 2203 2582 τοῦ.
2249 2549 2266 2580 ι
2305 2528 2467 2582 Ὅθεν
2517 2528 2930 2598 ἀναγέγραπται
2986 2527 3226 2601 εἰρηκὼς
3272 2527 3408 2600 πρὸς
3447 2527 3679 2592 αὐτούς’

2095 2638 2113 2672 ι
2148 2619 2239 2691 Μή
2280 2619 2523 2692 χαίρετε,
2566 2620 2649 2673 ὅτι
2686 2620 2755 2674 τά
2806 2619 3063 2692 δαιμόνια
3103 2621 3235 2691 ὑμῖν
3277 2620 3679 2673 ὑποτάσσεταιο

2088 2713 2305 2785 χαίρετε
2337 2712 2395 2766 δὲ
2420 2714 2517 2767 καὶ
2549 2712 2900 2782 ἀγαλλιᾶσθε,
2929 2714 3013 2766 ὅτι
3039 2712 3108 2765 τὰ
3134 2713 3376 2784 ὀνόματα
3406 2712 3561 2786 ὑμῶν
3585 2714 3680 2784 ἐγ-

2088 2804 2398 2877 γέγραπται
2431 2806 2488 2858 ἐν
2521 2808 2633 2869 τοῖς
2659 2806 2927 2876 οὐρανοῖς.
2971 2823 2990 2856 ι
3027 2804 3125 2858 Διὰ
3150 2805 3201 2858 τί
3228 2805 3360 2860 δὲτὸ
3390 2806 3561 2878 δνομα
3585 2807 3682 2861 αύ-

2086 2900 2194 2954 τῶν
2219 2899 2435 2970 ἔντιμον
2463 2894 2529 2971 ἦν
2554 2898 2784 2954 ἐνώπιον
2810 2897 2998 2962 αὑτοῦ,
3032 2899 3147 2953 ἀλλ’
3174 2899 3476 2973 ἐπειδήπερ
3513 2899 3680 2965 αὐτὸς

2087 2992 2183 3046 καὶ
2206 2991 2313 3045 τῶν
2341 2991 2621 3062 ὀνομάτων
2651 2991 2849 3055 αὐτοὺς
2869 2989 3046 3061 ήξίου,
3070 2990 3161 3043 τὸν
3194 2990 3292 3062 μὲν
3322 2991 3544 3062 Σίμωνα
3574 2992 3683 3047 Πέ-

2087 3102 2214 3155 τρον
2245 3084 2502 3149 ἀνειπὼν,
2536 3083 2629 3137 τὸν
2660 3083 2718 3137 δὲ
2756 3082 2959 3155 Θωμᾶν
2998 3083 3247 3156 Δίδυμον,
3280 3083 3406 3148 τούς
3443 3102 3502 3139 τε
3534 3085 3683 3151 υἱοὺς

2088 3179 2374 3234 Ζεϐεδαίου
2399 3179 2746 3247 Βωνεῖργες,
2781 3176 2917 3250 ὅπερ
2966 3173 3324 3249 ἑρμηνεύεται
3351 3175 3471 3231 υἱοὶ
3496 3176 3684 3246 ,ϐρον-

2085 3273 2227 3343 τῆς-ς
2258 3272 2418 3327 Ἀλλὰ
2437 3271 2533 3327 καὶ
2555 3270 2697 3325 κατά
2723 3269 2784 3323 τὸ
2808 3269 2985 3324 κοινὸν
3010 3270 3229 3324 πάντων
3257 3267 3436 3323 αὐτῶν
3464 3268 3681 3342 ἔντιμον

2085 3367 2255 3438 ὄνομα
2287 3360 2354 3437 ἦν
2405 3362 2636 3418 ἐνώπιον
2675 3361 2863 3417 αὑτοῦ.
2899 3358 3072 3415 Τοῦτο
3105 3360 3162 3414 δέ
3205 3356 3274 3433 ’ἦν
3317 3360 3456 3433 ὅπερ
3484 3361 3681 3432 ἐπεσηο

2090 3459 2299 3530 μήνατο
2333 3457 2366 3526 ή
2398 3451 2494 3509 τοῦ
2521 3452 2855 3522 Εὐαγγελίου
2884 3452 3070 3525 γραφὴ
3096 3452 3319 3524 φήσασα
3339 3468 3352 3482 ο
3385 3470 3404 3503 ι
3443 3450 3677 3516 Τούτους

2044 3560 2047 3565 ‘
2084 3550 2211 3612 τοὺς
2236 3547 2445 3602 δώδεκα
2470 3542 2750 3610 ἐξελέξατο
2774 3546 2803 3599 6
2831 3542 3059 3615 Ἰησοῦς.
3088 3542 3182 3607 οὒς
3223 3544 3318 3598 καὶ
3346 3541 3674 3607 ἀποστόλους

2084 3640 2388 3710 ὠνόμασεν.
2428 3656 2447 3690 ι
2469 3637 2616 3692 Ἀντ“ι
2636 3637 2692 3691 δὲ
2718 3636 2834 3707 τοῦ,
2856 3638 2888 3689 ι
2917 3637 2977 3690 τὺ
3003 3636 3175 3709 ὄνομα
3199 3636 3509 3702 αὐτῶν,›τὸ
3532 3629 3677 3706 αἷμα

2084 3730 2304 3794 αὐτῶν,
2362 3734 2396 3803 ή
2436 3729 2697 3803 Ἐϐραῖκὴ
2732 3729 2918 3801 γραφὴ
2955 3730 3229 3802 περιέχει·
3267 3729 3410 3785 οὕτω
3454 3728 3513 3782 δέ
3579 3729 3676 3784 καὶ

2085 3828 2133 3879 οἱ
2171 3824 2348 3879 λοιποὶ
2382 3825 2764 3896 ήρμήνευσαψ
2804 3823 2833 3876 6
2877 3823 2976 3894 μὲν
3011 3822 3239 3886 Ἀκύλας
3275 3820 3464 3876 εἰπών’
3517 3838 3537 3874 ι
3565 3821 3679 3875 Καὶ

2084 3916 2447 3988 τιμηθήσεται
2491 3914 2551 3968 τὸ
2581 3909 2722 3985 αἷμα
2762 3913 2942 3968 αὐτῶν
2977 3916 3034 3967 ἐν
3074 3912 3373 3985 ὀφθαλμοῖς
3409 3910 3614 3966 αὐτοῦ’
3647 3930 3670 3965 ι

2084 4010 2113 4062 ό
2144 4008 2201 4062 δὲ
2239 4007 2557 4079 Σύμμαχος·
2610 4024 2629 4059 ι
2671 4007 2784 4060 Καὶ
2823 4006 3002 4077 τίμιον
3043 4004 3195 4060 ἔσται
3230 4004 3293 4059 τὸ
3319 3999 3457 4075 αἷμα
3492 4001 3675 4058 αὐτῶν

2087 4100 2317 4155 ἐνώπιον
2343 4097 2529 4153 αὐτοῦ.
2577 4118 2594 4150 ι
2633 4099 2709 4151 Δι’
2742 4090 2817 4151 ὧν
2850 4096 3037 4166 σαφῶς
3068 4093 3287 4167 ᾐνίξατο
3310 4093 3400 4149 τὸν
3441 4093 3674 4149 θάνατον

2085 4193 2191 4247 τῶν
2220 4189 2645 4265 προλεχθέντων,
2671 4181 2746 4243 ὧν
2782 4190 2810 4243 6
2838 4188 3029 4253 καθεὶς
3058 4188 3302 4242 ποικίλον
3324 4186 3584 4259 ὑπέμεινε
3611 4186 3674 4240 τὸ

2084 4281 2179 4336 τοῦ
2210 4280 2513 4353 μαρτυρίου
2544 4278 2720 4343 τέλος,
2752 4277 2911 4343 ἄλλος
2948 4276 3124 4342 ἄλλως
3150 4277 3237 4332 διὰ
3266 4278 3364 4351 τὴν
3397 4278 3477 4342 είς
3509 4277 3674 4332 αὑτὸν

2089 4370 2396 4447 μαρτυρίαν
2439 4370 2533 4453 τὸν
2564 4371 2632 4423 δι’
2672 4369 2903 4441 αἵματος
2940 4369 3241 4440 ὑπομείνας
3287 4368 3509 4439 ἀγῶνα’
3539 4366 3673 4422 ὥστ’

400 4453 649 4525 εἰρῆσθαι
695 4458 825 4529 περὶ
867 4459 1072 4514 αὐτῶν·
1121 4482 1140 4515 ι
1177 4463 1371 4535 Τίμιος
1414 4466 1644 4522 ἐνώπιον
1693 4468 1889 4541 Κυρίοι
1947 4472 1976 4525 ό
2014 4470 2243 4532 θάνατος
2267 4465 2376 4520 τῶν
2403 4464 2568 4518 ὁσίων
2593 4462 2779 4518 αὐτοῦ.
2825 4483 2843 4516 ι
2872 4463 3059 4535 Τούτῳ
3086 4462 3195 4536 γὰρ
3259 4464 3446 4536 ὅμοιον
3471 4462 3670 4535 τυγχά-

400 4564 481 4601 νει
519 4549 617 4603 καὶ
665 4551 719 4604 τὸ
766 4552 903 4622 μετά
941 4557 1127 4628 χεῖρας
1171 4558 1377 4627 φάσκον
1397 4576 1410 4590 '
1455 4582 1473 4613 ι
1508 4564 1620 4617 Καὶ
1671 4564 1886 4637 ἔντιμον
1916 4565 1977 4620 τὺ
2006 4566 2177 4638 όνομα
2205 4562 2386 4617 αὐτῶν
2414 4559 2641 4614 ἐνώπιον
2669 4557 2854 4614 αὑτοῦ.
2888 4578 2906 4612 ι

473 4664 640 4724 Vsus.
679 4668 769 4735 15,
802 4668 887 4727 l6.
922 4690 942 4725 ι
981 4671 1046 4726 Et
1075 4674 1219 4731 vivet
1288 4683 1344 4733 et
1390 4677 1609 4735 dabitur
1643 4681 1692 4735 ei
1732 4681 1801 4738 de
1849 4697 1984 4741 auro

2166 4700 2183 4733 ι
2223 4679 2332 4734 Καὶ
2363 4676 2583 4750 ζήσεται
2613 4678 2710 4731 καὶ
2731 4674 3017 4748 δοθήσεται
3049 4676 3200 4749 αὐτῷ
3225 4679 3290 4731 ἐκ
3322 4676 3417 4731 τοῦ
3444 4675 3671 4751 χρυσίου

401 4753 636 4825 Arabiae,
666 4768 721 4814 et
747 4763 984 4818 orabunt
1026 4764 1094 4822 de
1141 4764 1259 4837 ipso
1291 4782 1528 4839 semper.
1571 4790 1590 4824 ι
1623 4769 1724 4829 Hic
1763 4773 1977 4833 videtur

402 4851 538 4906 mihi
567 4851 725 4919 illud,
758 4872 777 4907 ι
808 4864 862 4912 et
894 4859 1061 4924 vivet,
1098 4878 1118 4913 ι
1152 4861 1271 4916 voci
1322 4860 1635 4920 Servatoris
1673 4865 1978 4938 discipulos

402 4939 732 5015 alloquentis
759 4948 1043 5005 accinere:
1067 4969 1085 5001 ι
1120 4950 1263 5008 Ecce
1282 4968 1383 5027 ego
1400 4955 1680 5013 vobiscum
1707 4973 1831 5014 sum
1861 4975 1981 5014 om-

402 5031 566 5091 nibus
597 5035 790 5093 diebus
822 5054 998 5111 usque
1026 5041 1095 5095 ad
1115 5046 1646 5103 consummationem
1677 5049 1976 5106 saeculi”.p

404 5122 473 5178 Ut
493 5126 640 5180 enim
666 5126 786 5199 ejus
813 5131 908 5201 qui
934 5131 989 5187 in
1015 5134 1277 5193 vaticinio
1306 5135 1483 5195 fertur
1514 5142 1977 5212 permansionem,

397 5224 454 5272 et
501 5218 668 5274 vitam
719 5221 775 5277 in
834 5222 1107 5281 infinitum
1160 5227 1452 5288 durantem
1500 5233 1827 5302 declararet,
1874 5234 1978 5289 hac

401 5322 533 5363 usus
575 5325 709 5365 voce
752 5321 857 5378 est,
887 5330 907 5365 ι
952 5321 1007 5369 et
1035 5315 1204 5374 vivet.
1242 5338 1262 5371 ι
1299 5314 1565 5375 Diuturna
1613 5322 1817 5393 quippe
1865 5323 1977 5375 vita

398 5413 538 5468 opus
569 5411 687 5456 erat
730 5404 800 5459 ad
832 5407 1089 5475 praedicta
1136 5424 1303 5479 opera
1348 5412 1582 5470 edenda.
1622 5413 1678 5469 Si
1711 5415 1897 5483 itaque
1931 5414 1979 5469 is

372 5492 492 5595 'qui
544 5494 597 5548 in
634 5496 919 5566 prophetia
952 5499 1144 5565 fertur,
1175 5502 1443 5574 judicabit
1497 5505 1761 5577 papulum
1816 5521 1975 5561 suum

375 5600 381 5620 ‘
472 5631 515 5662 δ’
538 5629 657 5687 Gal.
697 5651 780 5701 ιιι,
809 5639 895 5694 15.

401 5717 589 5766 xxviii,
626 5701 717 5760 20.

1003 5642 1049 5676 ⁸ο
1082 5641 1237 5703 Deut.
1274 5663 1445 5714 xxvu,
1479 5648 1572 5705 96.
1644 5651 1687 5682 ⁸⁸
1720 5649 1855 5733 Luc.
1894 5669 1954 5720 τ,
1988 5652 2078 5710 2οη.

2082 4767 2180 4846 τῆς
2214 4770 2489 4844 Ἀραϐίας,
2532 4771 2627 4825 καὶ
2668 4769 3056 4844 προσεύξονται
3083 4770 3213 4845 περὶ
3248 4770 3417 4826 αὐτοῦ
3443 4770 3673 4826 διαπαν-

2083 4865 2193 4926 τός.
2238 4880 2257 4915 ι
2296 4863 2454 4914 Δοκεῖ
2484 4877 2572 4931 μοι
2611 4858 2843 4915 ἐνταῦθα
2874 4860 2954 4925 τὸ,
2989 4879 3009 4913 ι
3052 4861 3149 4915 καὶ
3177 4860 3423 4934 ζήσεται,
3457 4879 3477 4914 ι
3512 4863 3675 4934 συνᾴ-

2086 4955 2199 5009 δειν
2222 4957 2288 5026 τῇ
2323 4953 2575 5025 σωτηρίῳ
2600 4954 2754 5025 φωνῇ
2787 4953 3010 5026 φησάσῃ
3036 4954 3176 5025 πρὸς
3200 4955 3328 5018 τοὺς
3370 4952 3533 5008 αὐτοῦ
3567 4971 3674 5026 μαά

2088 5047 2288 5118 θητάς·
2329 5066 2347 5097 ι
2393 5046 2521 5099 Ἰδοὺ
2552 5045 2663 5115 ἐγὼ
2692 5045 2809 5118 μεθ’
2837 5045 2991 5118 ὑμῶν
3034 5047 3147 5118 είμι
3185 5048 3366 5112 πάσας
3406 5048 3506 5112 τὰς
3532 5047 3674 5119 qus-

2089 5157 2189 5214 ρας
2221 5140 2325 5204 ἕως
2363 5139 2461 5210 τῆς
2488 5138 2800 5203 συντελείας
2846 5137 2940 5194 τοῦ
2970 5138 3185 5205 αίῶνος.
3223 5159 3242 5193 ι
3276 5141 3392 5195 Ἵνα
3433 5140 3545 5212 γὰρ
3569 5138 3671 5212 τὴν

2085 5229 2407 5309 παραμονὴν
2449 5230 2544 5284 καὶ
2585 5229 2683 5303 τὴν
2708 5229 3138 5302 παρατείνουσαν
3165 5232 3245 5296 εις
3271 5231 3498 5304 ἄπειρον
3524 5230 3672 5304 ζωὴν

2084 5325 2178 5379 τοῦ
2210 5318 2690 5397 προφητευομένου
2735 5325 3087 5398 παραστήσῃ,
3114 5326 3361 5398 ἐπήγαγε
3390 5327 3473 5391 τὸ,
3517 5345 3535 5378 ι
3572 5326 3670 5380 καὶ

2085 5417 2328 5489 ζήσεται.
2360 5435 2379 5468 ι
2425 5416 2660 5487 Μακρᾶς
2703 5416 2812 5489 γὰρ
2866 5416 2973 5471 ἔδει
3021 5417 3166 5490 ζωῆς
3212 5418 3294 5482 είς
3327 5417 3668 5489 κατόρθωσιν

2084 5504 2191 5561 τῶν
2231 5503 2559 5578 εἰρημένων.
2608 5506 2671 5560 Εί
2714 5508 2846 5576 γοῦν
2883 5509 2913 5562 6
2957 5508 3434 5581 προφητευόμςνος
3493 5511 3671 5580 κρινεῖ

2193 5653 2236 5684 ³²
2262 5649 2394 5705 Luc.
2454 5666 2529 5715 γι.
2566 5652 2653 5709 15.
2760 5655 2805 5686 ³³
2833 5652 2978 5711 Psal.
3034 5671 3156 5720 ειν,
3194 5644 3279 5710 l5.
3380 5656 3427 5687 ”
3470 5652 3665 5711 Matth.
