4056 6372
377 386 482 442 835

1501 378 2005 436 COMMENTARIA
2033 381 2109 437 ἸΝ
2150 379 2492 439 PSALMOS.

3527 380 3632 439 8N

375 502 465 554 τὸν
488 498 614 553 λαὸν
649 496 812 552 αὑτοῦ
841 497 898 550 ὲν
928 493 1264 566 δικαιοσύνῃ,
1297 494 1392 549 καὶ
1419 495 1546 559 τοὺς
1576 497 1825 567 πτωχοὺς
1851 497 1947 550 αύ-

2053 500 2105 554 in
2142 501 2357 570 justitia
2391 508 2449 557 et
2473 513 2741 571 pauperes
2777 512 2908 555 suos
2946 492 3002 553 in
3029 494 3261 567 judicio,
3293 508 3346 553 et
3379 494 3636 554 humilia-

373 592 551 646 τοῦ.ὲν
579 591 776 662 κρίσει,
807 588 900 641 καὶ
940 589 1187 642 ταπεινοῖ
1212 588 1576 658 συκοφάντην,
1605 589 1696 642 καὶ
1724 605 1947 660 συμπα-

380 687 603 758 ραμενεῖ
632 683 709 753 τῷ
734 682 884 753 ἡλίῳ,
914 681 1402 752 κατακυριεύσειτε
1426 681 1535 735 ἀπὸ
1550 680 1822 753 θαλάσσης
1847 683 1951 747 ’ἐως

375 776 668 846 θαλάσσης,
693 774 787 828 καὶ
827 774 936 828 ἀπὸ
978 774 1223 844 ποταμοῦ
1264 773 1370 839 ἕως
1411 773 1520 827 τῶν
1564 775 1814 847 περάτων
1851 776 1950 845 τῆς

374 865 726 937 οἰκουμένης·
785 865 1012 928 εἰκότως
1072 864 1368 936 μακροϐίου
1419 864 1566 935 ζωῆς
1616 865 1722 917 ἔδει
1779 865 1945 936 αὐτῷ.

373 959 497 1023 Πῶς
517 975 576 1012 τε
609 958 929 1026 ὐποταγεῖεν
952 956 1100 1026 αὐτῷ
1128 955 1383 1020 Αἰθίοπες
1407 957 1501 1009 καὶ
1535 956 1775 1026 βασιλεῖς
1804 957 1948 1029 Θαρ-

373 1050 485 1111 σεῖς
511 1048 604 1100 καὶ
633 1047 807 1116 νῆσοι,
841 1045 1273 1117 προσκυνήσουσί
1296 1062 1354 1099 τε
1379 1045 1527 1116 αὐτῷ
1554 1046 1753 1109 πάντες
1773 1047 1821 1098 ot
1854 1045 1949 1116 βα-

373 1137 539 1201 σιλεῖς
575 1138 673 1207 τῆς
726 1136 851 1205 γῆς,
902 1136 996 1189 καὶ
1039 1135 1222 1188 πάντα
1273 1134 1341 1187 τά
1395 1134 1522 1206 ἔθνη
1574 1134 1949 1189 δουλεύσουσιν

369 1226 545 1297 αύτῷς
581 1225 797 1279 Τούτων
847 1226 957 1296 γάρ
1003 1225 1166 1279 ἕνεκα
1216 1224 1434 1279 πάντων
1490 1225 1747 1296 διαρκοῦς
1802 1226 1949 1297 αύτῷ

372 1313 517 1386 ζωῆς
556 1316 684 1369 ἔδει.
726 1315 815 1368 Διὸ
859 1314 994 1387 μετά
1028 1308 1199 1368 ταῦτα
1237 1314 1414 1368 πάντα
1458 1314 1634 1378 καλῶς
1661 1316 1754 1368 καὶ
1778 1317 1947 1384 ἀναγ-

374 1406 545 1471 καίως
580 1408 935 1479 ἐπενήνεκται
981 1407 1064 1470 τὸ,
1098 1424 1117 1457 ‹
1153 1403 1246 1459 καὶ
1284 1404 1508 1476 ζήσεται
1532 1423 1546 1437 ·
1584 1425 1602 1458 ι
1630 1406 1817 1461 ’τοῦτον
1856 1407 1950 1478 δη-

370 1498 638 1573 λουμένης
677 1498 768 1553 τὸν
802 1499 1003 1570 τρόπον
1031 1494 1126 1569 τῆς
1164 1497 1256 1550 τοῦ
1307 1496 1780 1570 προφητευσμένου
1813 1497 1947 1552 ἀθαι

369 1593 532 1645 νάτου
558 1588 648 1645 καὶ
672 1591 888 1644 αἰωνίου
923 1590 1085 1661 ζωῆς.
1132 1589 1288 1661 Ἑξῆς
1313 1591 1357 1644 δ’
1384 1590 1633 1662 εἴρηται·
1671 1608 1691 1641 ι
1725 1589 1835 1643 Καὶ
1864 1590 1948 1643 δο-

367 1680 592 1752 θήσεται
621 1679 768 1751 αύτῷ
793 1682 858 1735 ὲκ
881 1681 975 1735 τοῦ
1020 1682 1242 1753 χρυσίου
1285 1683 1386 1753 τῆς
1417 1682 1694 1753 Ἀραϐίας.
1736 1701 1754 1734 ι
1804 1682 1947 1735 Ἀντὶ

363 1770 423 1823 δὲ
454 1769 571 1833 τοῦ,
610 1790 628 1820 r
668 1770 768 1840 τῆς
808 1765 1084 1842 Ἀραϐίας,
1126 1790 1143 1821 ι
1182 1769 1342 1823 πάλιν
1372 1771 1406 1839 ἡ
1446 1768 1708 1841 Ἐϐραῖκὴ
1760 1767 1946 1840 γραφὴ

361 1860 428 1914 τὸ
466 1879 485 1912 ι
518 1860 666 1914 Σαϐἀ
704 1880 723 1911 ι
773 1861 1015 1932 περιέχει
1038 1877 1052 1890 ⁸
1100 1861 1152 1914 οἷ
1193 1873 1254 1914 τε
1298 1860 1476 1914 λοιποί¹
1522 1859 1855 1931 ἐρμηνευταὶ
1882 1861 1948 1929 τῇ
1982 1856 2025 1910 Β

360 1950 527 2023 ὁμοίᾳ
562 1951 855 2024 κέχρηνται
892 1952 958 2024 τῇ
1002 1954 1175 2023 φωνῇ.
1210 1950 1504 2023 Τροπικῶς
1546 1950 1645 2021 μὲν
1675 1946 1769 2004 οὖν
1802 1949 1945 2003 είποι

359 2043 429 2098 ἄν
459 2060 543 2106 τις
574 2044 632 2096 τὸ
662 2042 883 2115 χρυσίον
914 2041 1070 2096 τοῦτο
1094 2042 1377 2114 σημαίνειν
1404 2042 1496 2096 τὸν
1536 2043 1596 2096 ὲν
1636 2039 1949 2112 ἀνθρώποις

362 2131 749 2205 καθαρώτατον
786 2132 930 2187 νοῦν.
975 2133 1087 2186 Καὶ
1115 2133 1254 2187 κατά
1285 2133 1524 2205 ἱστορίαν
1558 2132 1617 2186 δὲ
1642 2130 1947 2203 ἐπληροῦτο

360 2223 424 2278 τὸ
448 2222 648 2293 λόγιον,
680 2225 769 2277 ὅτε
796 2225 843 2278 οἱ
875 2222 935 2288 ἐξ
973 2225 1238 2295 ἀνατολῆς
1282 2226 1444 2295 μάγοι
1484 2225 1731 2288 ἐλθόντες
1782 2222 1946 2277 παῖδα

360 2315 491 2371 ϐντα
541 2317 952 2387 προσεκύνησαν
997 2316 1089 2371 τὸν
1143 2319 1390 2390 Σωτῆρα,
1448 2316 1832 2391 προσήνεγκὼ
1884 2328 1945 2371 τε

360 2407 511 2480 αῦτῷ
537 2408 756 2481 χρυσίον
787 2411 881 2486 καὶ
916 2408 1130 2465 λίϐανον
1160 2411 1257 2464 καὶ
1304 2410 1571 2483 σμύρναν.
1606 2412 1694 2482 Μή
1728 2424 1856 2464 ποτε
1888 2411 1945 2465 δὲ

362 2497 458 2553 καὶ
477 2499 558 2560 τὸ,
600 2518 619 2551 ‹
653 2498 895 2571 ζήσεται,
935 2520 956 2553 ι
986 2503 1064 2565 εἰς
1089 2500 1295 2554 ἐκεῖνον
1326 2500 1653 2571 ἀναφέρεται
1688 2501 1779 2553 τὸν
1818 2501 1945 2571 χρό-

359 2605 473 2654 νον,
518 2591 639 2644 καθ’
672 2590 732 2644 ὃν
782 2590 1048 2663 Ἡρώδης,
1101 2592 1465 2645 ἐπιϐουλεύοι»)
1506 2590 1824 2663 νηπιάζοντι
1866 2590 1944 2660 τῷ

371 2679 570 2753 Ἰησοῦ,
608 2701 626 2734 ι
658 2683 878 2754 πέμψας
912 2684 1087 2736 ἀνεῖλε
1129 2684 1335 2747 πάντας
1359 2683 1485 2746 τοὺς
1510 2682 1637 2753 περὶ
1670 2681 1945 2754 τὴνΒηθ-

358 2767 494 2841 λεὲμ
528 2770 725 2834 παῖδας
790 2773 898 2825 ἀπὸ
933 2771 1142 2836 διετοῦς
1184 2774 1277 2827 καὶ
1319 2772 1635 2844 κατωτέρω,
1672 2772 1815 2826 κατὰ
1850 2772 1943 2827 τὸν

359 2860 552 2932 χρόνον
603 2861 664 2914 δν
705 2861 979 2933 ἡκρίϐωσε
1033 2863 1184 2936 παρά
1214 2864 1324 2916 τῶν
1371 2863 1580 2934 μάγων.
1626 2883 1645 2914 ι
1674 2863 1807 2916 Τότε
1833 2862 1942 2935 γὰρ

358 2954 752 3027 χρηματισθεὶς
793 2956 822 3008 ὁ
857 2956 1074 3027 Ἰωσὴφ,
1118 2956 1392 3027 παρέλαϐε
1442 2955 1657 3027 Μαρίαν
1700 2957 1802 3028 τὴν
1850 2973 1943 3026 γυ.

358 3049 524 3100 ναῖκα
555 3046 718 3100 αὐτοῦ
744 3046 840 3100 καὶ
872 3047 934 3099 τὸ
964 3048 1192 3112 παιδίον,
1232 3050 1326 3101 καὶ
1353 3047 1700 3120 ἀνεχώρησεν
1740 3050 1820 3111 είς
1850 3047 1943 3101 Δία

358 3151 584 3204 γυπτον.
621 3137 712 3190 Διὸ
734 3136 908 3191 ταῦτα
939 3136 1268 3202 θεσπίζουσα
1301 3142 1334 3211 η
1362 3138 1610 3211 παροῦσα
1636 3140 1941 3212 προφητεία

365 3226 685 3299 προῦλεγεν,
732 3229 813 3281 ὅτι
875 3247 892 3278 ι
932 3228 1176 3300 ζήσεται,
1220 3231 1313 3284 καὶ
1358 3229 1646 3302 δοθήσεται
1694 3230 1844 3303 αὐτῷ
1881 3231 1946 3287 ἐκ
1973 3215 2016 3275 (δ

360 3317 453 3371 τοῦ
480 3317 701 3388 χρυσίου
724 3316 827 3387 τῆς
866 3317 1128 3389 Ἀραϐίας
1162 3339 1179 3371 ι
1218 3317 1311 3374 τοῦ
1340 3319 1449 3374 ἀπὸ
1476 3320 1626 3374 Σαϐά
1645 3337 1660 3351 '
1689 3320 1824 3374 ὡσεὶ
1850 3338 1947 3375 σα·-

360 3412 621 3483 φέστερον
650 3411 800 3481 ἔλεγε
838 3431 858 3463 ‹
890 3411 982 3465 τοῦ
1010 3413 1289 3467 ὲκλεκτοῦ.
1322 3434 1340 3464 ι
1390 3415 1456 3468 Ἡ
1482 3414 1591 3487 γὰρ
1624 3414 1772 3468 Σαϐὰ
1803 3414 1945 3486 αῦτη

359 3506 456 3559 καὶ
497 3505 561 3558 τὸ
603 3504 883 3560 Σαϐαῖτῶν
925 3505 1077 3571 ἔθνος
1114 3506 1333 3575 λέγεται
1367 3503 1507 3561 εἶναι
1551 3508 1652 3580 τῆς
1688 3508 1948 3581 Ἀραϐίας

355 3593 459 3666 τῆς
490 3596 831 3668 καλουμένης
871 3597 1205 3670 Εὐδαίμονος
1225 3615 1239 3630 ’
1275 3598 1527 3652 ἐντεῦθέν
1557 3617 1615 3653 τε
1653 3603 1945 3673 ἱστορεῖται

354 3684 438 3758 τῷ
466 3686 736 3758 Σολομῶνι
775 3688 1037 3760 φέρεσθαι
1068 3689 1206 3759 μετά
1238 3688 1345 3742 τῶν
1385 3690 1558 3743 ἄλλων
1589 3691 1683 3742 καὶ
1721 3690 1945 3761 χρυσίον

358 3777 637 3831 ἒκλεκτόν.
687 3778 797 3831 Καὶ
838 3779 1014 3842 ἄλλως
1053 3778 1110 3831 δὲ
1153 3778 1337 3841 αὐτοῖς
1378 3777 1679 3848 ὀφθαλμοῖς
1728 3777 1945 3847 ὁρῶμεν

356 3868 418 3922 ἐν
467 3871 591 3933 ταῖς
643 3868 962 3940 ἐκκλησίαις
1007 3868 1243 3939 Χριστοῦ
1295 3867 1464 3939 μυρία
1514 3868 1773 3939 κειμήλια
1837 3867 1946 3921 ἀπὸ

356 3962 584 4033 χρυσίου
624 3961 865 4034 καθαροῦ
914 3962 993 4025 είς
1030 3960 1199 4016 αὐτοῦ
1239 3978 1301 4013 τε
1343 3959 1507 4032 τιμὴν
1549 3959 1940 4032 ἀφιερούμενα.

355 4055 600 4116 Εἰκότως
633 4049 725 4108 οὖν
747 4053 871 4107 οὐδὲ
898 4054 998 4126 τὴν
1028 4052 1235 4107 τούτων
1265 4053 1489 4124 μνήμην
1514 4053 1759 4125 παριδεῖν
1790 4052 1947 4122 ἠξίω-

358 4160 452 4198 σεν
484 4146 513 4197 ὁ
539 4145 718 4212 λόγος.
756 4144 1029 4214 Ἐπιλέγει
1067 4143 1125 4196 δὲ
1156 4142 1282 4214 ἑξῆς
1307 4161 1320 4176 ·
1363 4162 1383 4195 ο
1418 4145 1527 4198 Καὶ
1557 4142 1945 4216 προσεύξονται

355 4236 489 4309 περὶ
541 4236 705 4291 αὐτοῦ
758 4236 1042 4308 διηνεκῶς,
1091 4235 1180 4289 διὰ
1230 4236 1413 4306 πάσης
1464 4236 1677 4308 ἡμέρας
1715 4237 1945 4303 ἕκαστος

356 4328 642 4398 εὐλογήσει
687 4329 869 4381 αὐτόν.
911 4348 930 4378 ι
968 4328 1043 4382 σύ
1076 4328 1157 4381 δεῖ
1190 4328 1248 4381 δὲ
1296 4328 1503 4381 πολλῶν
1554 4328 1727 4398 λόγων
1758 4331 1838 4393 εἰς
1883 4331 1945 4385 τὸ

355 4421 708 4491 παραστῆσαι
730 4420 877 4483 ὅπως
905 4420 1104 4483 πάντες
1127 4421 1177 4472 οἱ
1210 4420 1289 4484 εἰς
1313 4418 1401 4473 τὸν
1418 4419 1652 4491 Χριστὸν
1683 4419 1778 4474 τοῦ
1806 4420 1942 4475 Θεοῦ

2057 592 2136 647 bit
2158 593 2640 660 calumniatorem,
2668 600 2721 646 et
2761 590 3102 660 permanebit
3132 604 3257 644 cum
3299 584 3434 651 sole.
3458 586 3635 645 domi-

2055 683 2384 755 nabiturque
2408 699 2437 737 a
2465 682 2606 737 mari
2640 699 2813 753 usque
2845 682 2910 735 ad
2963 697 3112 736 mare
3143 691 3197 737 et
3230 696 3260 735 a
3285 678 3506 737 ﬂumine
3544 699 3637 739 us-

2055 789 2162 844 que
2186 773 2546 835 ad,terminos
2565 773 2717 830 orbis
2743 784 3007 827 terrarum
3031 790 3045 834 ;
3067 772 3193 841 jure
3213 772 3314 841 ipsi
3340 773 3500 843 longa
3527 775 3639 829 vita

2056 878 2215 938 opus.
2249 866 2397 922 Alias
2441 868 2586 923 enim
2620 882 2730 937 quo
2786 873 2945 932 pacto
2995 864 3098 935 ipsi
3145 864 3350 918 subditi
3404 863 3640 922 fuissent

2057 957 2367 1028 Aithiopes,
2399 974 2610 1013 necnon
2644 974 2797 1029 reges
2825 953 3053 1010 Tharsis
3076 963 3129 1011 et
3162 956 3372 1023 insulae,
3403 957 3494 1027 qui
3539 954 3639 1011 ad-

2056 1057 2308 1105 orassent
2331 1066 2455 1105 eum
2490 1064 2682 1106 omnes
2724 1065 2880 1120 rcges
2905 1058 3082 1113 terrae,
3120 1054 3173 1103 ct
3202 1059 3394 1103 omnes
3447 1053 3638 1120 gentes

2056 1143 2486 1201 serviissentei?
2517 1139 2722 1197 Horum
2760 1143 2904 1196 enim
2939 1136 3182 1195 omnium
3213 1155 3376 1195 causa
3411 1135 3637 1211 perenni

2054 1235 2164 1289 vita
2207 1235 2309 1305 ipsi
2347 1249 2486 1305 opus
2536 1242 2674 1290 erat.
2726 1232 3074 1303 Quapropter
3122 1233 3225 1287 sub
3284 1233 3399 1287 haec
3451 1232 3636 1288 omnia

2054 1328 2225 1398 probe
2267 1340 2331 1382 ac
2366 1330 2684 1383 necessario
2721 1326 2946 1383 affertur
2968 1324 3121 1389 illud,
3155 1343 3172 1377 ι
3207 1330 3260 1379 et
3281 1323 3426 1380 vivet
3455 1341 3468 1379 :
3510 1343 3529 1372 ι
3555 1323 3638 1380 sic

2054 1431 2290 1489 namque
2316 1418 2437 1488 ejus
2469 1419 2563 1488 qui
2601 1418 2656 1473 in
2701 1418 2964 1473 vaticinio
3019 1417 3338 1473 enuntiatur
3377 1416 3509 1483 vita,
3535 1414 3639 1470 im~

2053 1510 2305 1567 mortalis
2337 1517 2392 1566 et
2428 1517 2630 1566 aeterna
2666 1509 2782 1567 fore
2813 1512 3151 1583 praedicitur.
3194 1509 3462 1580 Deinceps
3493 1507 3642 1564 addl‘

2053 1608 2145 1657 tur
2178 1619 2191 1655 :
2227 1621 2244 1653 r
2280 1597 2347 1658 Et
2383 1602 2605 1658 dabitur
2631 1604 2681 1659 ei
2714 1604 2780 1661 de
2810 1619 2946 1659 auro
2975 1604 3210 1660 Arabiae.
3244 1622 3263 1655 ι
3294 1601 3403 1658 Pro
3425 1602 3522 1657 illo
3550 1616 3643 1657 an.

2054 1699 2187 1758 tem,
2210 1712 2229 1747 ι
2257 1693 2525 1759 Arabiam
2554 1711 2776 1753 rursum
2806 1694 3074 1754 Hebraica
3106 1696 3383 1768 scriptura
3408 1714 3428 1748 ‹
3458 1694 3635 1751 Saba!

2053 1787 2403 1853 circumfert;
2435 1803 2502 1844 ac
2529 1788 2727 1860 reliqui
2766 1791 3092 1861 interpretes
3141 1788 3307 1845 simili
3345 1802 3481 1844 voce
3510 1789 3640 1844 sunt

2053 1880 2161 1935 usi.
2196 1879 2404 1936 Dixerit
2456 1883 2757 1953 quispiam.
2788 1879 2880 1937 hic
2914 1897 3109 1937 aurum
3153 1882 3364 1951 trupice
3396 1881 3641 1936 indicare

2052 1974 2405 2044 purissimam
2436 1975 2492 2030 in
2524 1972 2844 2030 hominibus
2891 1983 3150 2030 mentem.
3213 1973 3527 2029 Secundum
3562 1973 3644 2029 bi-

2054 2063 2279 2119 storiam
2307 2069 2490 2120 autem
2516 2064 2798 2136 impletum
2827 2060 2962 2120 illud
2994 2064 3118 2129 fuit,
3152 2065 3371 2137 quando
3396 2064 3539 2135 magi
3569 2063 3640 2119 ah

2053 2155 2277 2213 Oriente
2346 2162 2641 2223 venerunt,
2696 2163 2751 2214 et
2815 2157 3163 2214 Servatorem
3211 2168 3344 2213 tunc
3407 2168 3639 2229 puerum

2053 2249 2437 2314 adoravernnt,
2471 2246 2896 2321 obtuleruntque
2922 2251 2971 2306 ei
2998 2262 3212 2317 aurum,
3246 2251 3374 2306 thus
3402 2254 3457 2305 et
3487 2263 3643 2321 myra

2052 2339 2229 2395 rham.
2263 2334 2404 2394 Num
2440 2339 2579 2396 forte
2630 2339 2786 2405 illud,
2821 2359 2840 2393 ι
2875 2342 3039 2404 vivet,
3073 2359 3093 2393 ι
3132 2341 3186 2396 in
3231 2338 3288 2395 id
3322 2350 3535 2410 tempus
3561 2353 3643 2396 re-

2053 2428 2282 2494 feratur,
2318 2448 2428 2505 quo
2475 2429 2673 2486 infanti
2712 2425 2843 2488 Iesu
2873 2432 3105 2487 insidias
3136 2443 3339 2503 parans
3369 2428 3637 2488 Herodes.

2058 2540 2077 2573 ι
2110 2523 2332 2577 mittens
2389 2522 2591 2577 occidit
2651 2538 2845 2579 omnes
2887 2536 3112 2592 pueros,
3155 2522 3249 2592 qui
3295 2528 3457 2578 erant
3486 2521 3635 2575 circa

2049 2608 2367 2666 Bethlehem‘
2387 2626 2416 2664 a
2432 2610 2640 2667 bimatu
2662 2622 2714 2667 et
2732 2610 2897 2671 infra.
2922 2611 3224 2668 secundum
3246 2617 3462 2682 tempus
3490 2608 3639 2681 quod

2050 2697 2386 2772 exquisierat
2432 2716 2460 2756 a
2508 2702 2684 2772 magis
2700 2698 2766 2756 ".
2801 2723 2821 2756 ι
2854 2702 3010 2758 Tunc
3043 2702 3189 2758 enim
3234 2717 3505 2774 responso
3540 2717 3638 2757 aca

2050 2801 2233 2864 cepto,
2267 2789 2469 2865 Joseph
2498 2795 2798 2865 assumpsit
2829 2789 3056 2850 Mariam
3088 2790 3559 2866 conjugem'suam
3583 2799 3642 2852 ct

2048 2899 2303 2956 puerum,
2336 2893 2392 2943 et
2421 2883 2652 2944 secessit
2691 2889 2748 2942 in
2785 2881 3104 2958 Egyptum.
3138 2884 3323 2954 Quare
3354 2886 3470 2943 haec
3495 2901 3639 2958 pro-

2050 2976 2234 3048 phetia
2260 2977 2612 3035 vaticinando
2637 2980 3005 3050 praenuntiat:
3034 2996 3052 3029 ι
3078 2976 3236 3033 Vivet
3262 2983 3318 3033 et
3337 2976 3563 3033 dabitur
3583 2974 3639 3036 ei

2048 3067 2116 3123 de
2145 3082 2281 3123 auro
2307 3068 2544 3132 Arabiae,
2579 3088 2596 3120 ι
2631 3085 2727 3124 seu
2756 3068 2823 3124 de
2848 3066 3027 3134 Salia;
3059 3081 3123 3122 ac
3150 3067 3195 3123 si
3216 3068 3460 3138 apertius
3483 3066 3639 3124 dieeo

2049 3169 2156 3227 ret,
2194 3181 2214 3214 ‹
2247 3163 2442 3219 electo.
2483 3181 2503 3216 ι
2543 3161 2681 3217 Nam
2711 3162 2828 3217 hzec
2861 3160 3015 3231 regio
3068 3160 3212 3215 Saba
3253 3167 3309 3217 et
3356 3175 3491 3231 gens
3534 3157 3641 3223 Sa-

2047 3247 2346 3313 baitarum,
2362 3249 2569 3305 dicitur
2583 3265 2708 3306 esse
2721 3248 3129 3320 Arabiaqnam
3143 3240 3384 3306 Felicem
3398 3255 3636 3307 vocant:

2048 3355 2115 3397 ex
2146 3354 2256 3412 qua
2291 3339 2572 3398 Salomoni
2617 3341 3095 3413 quoqueallatum
3134 3355 3260 3397 cum
3291 3341 3416 3398 aliis
3465 3340 3641 3399 fuisse

2048 3444 2242 3488 aurum
2281 3434 2516 3490 electum
2562 3447 2872 3491 enarratur.
2912 3432 2979 3489 Et
3016 3433 3154 3491 alias
3195 3449 3419 3506 quoque
3457 3434 3514 3490 in
3543 3448 3641 3492 ec-

2048 3522 2233 3581 clesiis
2261 3522 2469 3581 Christi
2501 3526 2718 3583 inﬁnita
2753 3527 3002 3584 videmus
3034 3541 3101 3583 ex
3132 3541 3269 3582 auro
3294 3541 3436 3598 puro
3461 3526 3639 3582 cimea

2047 3618 2122 3676 lia
2157 3621 2216 3676 in
2258 3620 2381 3690 ejus
2408 3619 2673 3678 honorem
2727 3628 3073 3677 consecrata.
3108 3617 3307 3676 Merito
3334 3618 3505 3691 igitur
3529 3618 3637 3675 hn-

2046 3725 2169 3767 rum
2223 3712 2494 3767 memoria
2535 3726 2884 3784 nequaquam
2937 3710 3308 3783 praetermissa
3347 3710 3474 3767 fuit.
3510 3709 3636 3770 Mox

2047 3800 2423 3872 subiungitur,
2450 3820 2470 3851 σ
2513 3799 2581 3855 Et
2612 3802 2853 3856 orabunt
2879 3801 2946 3856 de
2974 3803 3096 3873 ipso
3138 3816 3376 3873 semper,
3399 3810 3515 3859 tota
3548 3802 3640 3859 die

2047 3892 2250 3964 singuli
2298 3888 2627 3948 benedicent
2672 3906 2821 3949 eum.
2861 3911 2880 3946 ι
2913 3892 3035 3949 Non
3061 3892 3252 3949 multis
3281 3894 3463 3950 verbis
3496 3906 3639 3965 opus

2048 3984 2118 4039 ad
2160 3981 2551 4039 declarandum
2580 3998 2688 4055 quo
2719 3990 2882 4053 pacto
2914 3998 3109 4040 omnes
3136 3985 3231 4054 qui
3268 3984 3324 4039 in
3347 3983 3633 4041 Christum

2045 4073 2143 4130 Dei
2192 4072 2567 4139 crediderunt,
2610 4073 2988 4129 indesinenter
3017 4087 3212 4144 preces
3243 4073 3474 4129 efferant
3505 4091 3526 4126 ι
3563 4073 3636 4129 de

2048 4165 2165 4233 illo,
2200 4185 2218 4219 ι
2260 4171 2320 4220 ut
2352 4164 2503 4219 illum
2540 4180 2756 4236 semper
2804 4178 2993 4220 secum
3032 4162 3294 4228 habeant,
3326 4171 3384 4220 et
3414 4163 3635 4235 adjuto-

2048 4273 2165 4314 rem
2198 4259 2254 4314 in
2275 4257 2535 4316 omnibus
2553 4258 2969 4314 nanciscantur.
3000 4254 3157 4323 Quod
3176 4262 3357 4311 autem
3386 4256 3636 4326 quotidie

2050 4348 2254 4418 singuli
2284 4346 2613 4403 benedicant
2640 4347 2712 4409 ei,
2750 4345 2876 4418 quis
2918 4344 3287 4400 dubitaverit?
3315 4360 3441 4401 nam
3470 4355 3633 4403 nocte

2046 4448 2101 4495 et
2132 4438 2221 4495 die
2249 4438 2445 4493 anima:
2480 4438 2725 4494 omnium
2751 4438 2806 4492 in
2832 4438 3013 4508 ipsum
3050 4438 3265 4494 sincere
3289 4436 3632 4493 credentium

355 4509 783 4573 πεπιστευκότες
802 4508 1176 4574 ἁδιαλείπτους
1201 4511 1567 4583 ἀναφέρουσιν
1589 4512 1757 4584 εὐχὰς
1783 4515 1942 4585 «περὶ

2050 4531 2411 4602 frequentius,
2438 4545 2602 4601 quam
2636 4530 2930 4600 respirent,
2957 4543 3160 4584 nomen
3193 4527 3316 4600 ejus
3344 4528 3533 4584 colunt
3563 4542 3633 4585 ac

355 4600 546 4665 αὑτοῦ,
579 4619 598 4653 ι
630 4600 706 4664 ὡς
734 4598 800 4654 ἄν
825 4600 995 4671 ἔχοιεν
1020 4603 1182 4656 αὺτόν
1216 4604 1321 4657 αἰεὶ
1354 4604 1599 4667 συνόντα,
1631 4605 1724 4658 καὶ
1749 4604 1942 4675 βοηθὸν

355 4694 543 4757 αὐτοῖς
588 4694 723 4747 πᾶσι
750 4693 1095 4765 γιγνόμενον.
1140 4695 1226 4758 Ὧς
1271 4695 1330 4748 δὲ
1379 4694 1468 4749 διὰ
1517 4694 1702 4767 πάσης
1729 4695 1942 4768 ἡμέρας

356 4782 587 4850 Ξκαστος
619 4783 834 4853 εὐλογεῖ
859 4785 1043 4849 αὐτὸν,
1084 4784 1168 4849 τίς
1206 4784 1272 4839 ἂν
1311 4786 1671 4857 ἀμφιϐάλλοις
1703 4786 1940 4859 Νύκτωρ

357 4875 491 4943 γοῦν
536 4876 630 4931 καὶ
681 4875 801 4947 μεθ’
832 4876 1045 4948 ἡμέραν
1099 4875 1280 4931 πλεῖον
1326 4880 1427 4949 τῆς
1461 4879 1735 4951 ἀναπνοῆς
1790 4881 1940 4934 πᾶσα

356 4966 506 5040 ψυχὴ
548 4968 657 5022 τῶν
700 4970 779 5034 είς
822 4968 989 5023 αὐτὸν
1031 4968 1271 5040 γνησίως
1333 4971 1792 5033 πεπιστευκότων,
1841 4971 1939 5043 τὴν

359 5060 731 5133 προσηγορίαν
756 5060 919 5115 αὐτοῦ
948 5059 1164 5132 τιμῶσα
1194 5060 1287 5115 καὶ
1331 5061 1562 5115 σέϐουσα
1592 5063 1807 5131 εὐλογεῖ
1838 5064 1937 5116 αύ-

356 5150 471 5214 τὸν,
518 5150 859 5221 πεπεισμένη
896 5151 976 5214 εἰς
1007 5150 1206 5221 ἑαυτὴν
1249 5151 1627 5222 ἀντιστρέφειν
1656 5151 1755 5223 τὴν
1786 5152 1939 5207 εὐλο-

359 5243 507 5309 γίαν,
539 5242 845 5305 ἀκολούθως
878 5241 1043 5312 λογίῳ
1071 5244 1151 5305 εἰς
1183 5241 1348 5296 αὐτοῦ
1376 5242 1668 5315 πρόσωπον
1696 5244 1932 5316 Χριστοῦ

361 5335 623 5405 φήσαντι·
644 5353 662 5384 ι
683 5334 745 5387 υἱ
773 5333 1118 5403 εὐλογοῦντες
1148 5351 1206 5387 σε
1222 5334 1562 5406 εὐλόγηνται,
1597 5336 1693 5389 καὶ
1720 5336 1773 5388 οί
1798 5351 1933 5390 κατ-

362 5423 633 5496 αρώμενοί
678 5441 735 5477 σε
779 5425 1198 5495 κεκατήρανται.
1248 5443 1265 5474 ι
1297 5425 1461 5479 Ὅθεν
1492 5426 1584 5479 καὶ
1609 5423 1763 5492 αὔξει
1804 5427 1936 5498 ὁση-

2049 4627 2404 4684 venerantur,
2437 4620 2652 4693 ipsique
2679 4619 3013 4676 benedicunt
3042 4636 3055 4673 :
3089 4627 3254 4675 certae
3282 4619 3339 4675 in
3369 4634 3431 4675 se
3472 4620 3633 4677 retin.

2048 4710 2122 4765 cti
2153 4711 2317 4765 talem
2363 4709 2825 4770 benedictionem,
2862 4707 3165 4764 secundum
3196 4706 3301 4762 hoc
3343 4708 3396 4761 in
3438 4723 3633 4778 persp.

2048 4814 2175 4854 nam
2200 4798 2409 4855 Christi
2448 4797 2655 4853 dictum
2690 4813 2706 4850 :
2742 4814 2761 4847 ι
2794 4795 2899 4863 Qui
2933 4793 3263 4851 benedicunt
3308 4792 3432 4858 tibi,
3460 4794 3631 4851 benc-

2047 4890 2179 4946 dicti
2221 4897 2369 4958 sunt,
2405 4895 2460 4947 et
2491 4888 2585 4961 qui
2635 4888 2972 4944 maledicunt
3020 4885 3151 4949 tibi,
3194 4884 3476 4942 maledicti
3492 4886 3621 4941 ".‘u

2047 4981 2413 5048 Quamobrem
2443 4980 2687 5053 quotidie
2704 4981 2910 5035 crescit
2938 4988 2992 5032 et
3019 4984 3252 5047 augetur
3276 4976 3625 5033 Christiano.

2045 5087 2168 5127 rum
2219 5086 2412 5142 genus,
2443 5072 2591 5141 quod
2634 5064 3035 5125 benedictionis
3086 5066 3178 5123 Dei
3225 5082 3457 5124 consors
3501 5075 3619 5123 est:

2046 5171 2110 5211 ea
2142 5157 2344 5228 quippe
2377 5157 2602 5221 fruitur,
2648 5157 2779 5228 quia
2816 5169 3035 5225 semper
3064 5154 3287 5211 Christo
3323 5154 3498 5225 ipsius
3528 5153 3622 5212 be-

2046 5247 2253 5302 nedicit
2278 5288 2293 5313 ,
2350 5249 2654 5303 secundum
2710 5248 2853 5302 lmc
2890 5245 3233 5316 Scripturam
3285 5246 3558 5303 dicentem
3601 5260 3616 5299 :

2047 5355 2066 5388 ι
2106 5336 2244 5393 Tota
2269 5340 2358 5395 die
2388 5338 2712 5394 benedicent
2746 5340 2817 5396 ei.
2859 5358 2878 5389 ι
2907 5336 3223 5408 ﬂorumque
3262 5352 3488 5393 causam
3517 5337 3622 5393 de—

2040 5428 2213 5483 clarat
2235 5429 2424 5485 dicens
2456 5446 2470 5483 :
2503 5447 2523 5483 r
2559 5428 2676 5482 Erit
2708 5428 3109 5485 tinnamentum
3140 5427 3195 5483 in
3218 5433 3363 5483 terra
3384 5428 3441 5483 in
3469 5442 3624 5487 sumo

366 5514 529 5587 μέραι
559 5517 652 5570 καὶ
676 5514 904 5586 πληθύει
930 5515 993 5569 τὸ
1015 5516 1355 5589 Χριστιανῶν
1380 5516 1556 5586 γένος,
1583 5516 1671 5571 διά
1699 5518 1761 5572 τδ
1783 5520 1935 5590 μετέ-

2050 5520 2145 5577 mis
2177 5522 2466 5576 montium.
2507 5539 2531 5574 ι
2566 5520 2663 5576 His
2703 5527 2886 5576 autem
2929 5520 3136 5577 indicat
3171 5518 3471 5577 Ecclesiam
3498 5519 3625 5592 ejus

360 5619 479 5674 χειν
515 5608 613 5679 τῆς
646 5609 709 5661 ὲκ
741 5605 875 5661 Θεοῦ
907 5606 1176 5676 εὐλογίας,
1207 5601 1272 5678 ἦς
1294 5607 1554 5663 ἀπολαύει
1584 5607 1671 5664 διὰ
1697 5610 1761 5665 τὸ
1786 5609 1927 5668 ἀδια-

2050 5628 2095 5669 ill
2124 5613 2279 5671 ﬁrma
2307 5613 2531 5673 virtutis
2573 5613 2748 5685 ipsius
2780 5620 2937 5686 petra
2982 5612 3271 5670 fundatam
3321 5611 3626 5670 ﬁrmatam»

436 5786 481 5820 "
511 5787 700 5845 Matth.
735 5803 795 5853 ιι,
840 5788 924 5845 l6.
999 5788 1046 5821 "
1075 5785 1236 5846 Num.
1266 5804 1413 5856 sxw,
1437 5789 1491 5845 θ.
