4056 6444
411 405 516 460 815

1079 400 1352 460 EUSEBII
1389 397 1872 458 CESARIENSIS
1911 399 2063 456 OPP.
2104 397 2290 454 PARS
2331 398 2508 454 Ill.—
2532 399 2963 459 EXEGETICA.

3576 403 3684 462 816

409 515 536 596 que,
561 525 758 582 elatam
784 527 912 579 item
941 525 1324 592 etexaltatam,
1345 532 1400 581 et
1430 539 1588 594 quasr
1623 524 1677 578 in
1708 524 1966 579 cacumini

2093 520 2328 586 λείπτως
2371 520 2462 578 τὸν
2509 521 2743 592 Χριστὸν
2781 519 2946 574 αὑτοῦ
2991 519 3232 588 εὐλογεῖν
3272 516 3577 583 ἀκολούθως
3618 523 3682 592 τῇ

407 617 675 673 montium
704 618 886 683 sitam,
935 617 987 670 in
1021 617 1359 687 propheticis
1413 616 1624 672 scilicet
1657 623 1712 670 et
1760 624 1985 686 aposto—

407 710 530 766 licis
553 710 758 778 verbis,
791 708 949 780 queis
985 708 1231 765 Ecclesia
1287 709 1601 766 Servatoris
1633 709 1810 765 nostri
1853 725 1984 766 con-

408 802 664 858 struitur.

2099 613 2237 686 μετά
2269 615 2456 684 χεῖρας
2492 615 2679 684 γραφῇ
2717 612 3003 686 φασκούσῃ
3025 628 3040 642 ο
3086 631 3106 663 r
3140 612 3307 685 Ὅλην
3346 611 3444 684 τὴν
3468 612 3684 684 ἡμέραν

2091 705 2476 777 εὐλογήσουσιν
2531 705 2718 758 αὐτόν’
2761 724 2779 757 ι
2818 705 2930 758 Καὶ
2962 705 3026 758 τὸ
3062 704 3267 759 τούτων
3309 705 3478 758 αῐτιον
3516 704 3682 776 παρί-

2089 815 2248 869 στησι
2277 797 2450 866 λέγων
2468 815 2481 827 ·
2524 816 2542 848 t
2588 799 2780 851 Ἔσται
2811 798 3091 869 στήριγμα
3115 797 3175 849 ὲν
3196 798 3262 866 τῇ
3296 799 3368 868 γῇ
3395 797 3480 850 ἐπ’
3509 797 3682 869 ἄκρου

403 894 508 948 τῶν
548 893 738 966 ὀρέων.
774 913 792 946 ›
823 894 978 946 Οὕτω
1009 893 1067 947 δὲ
1108 892 1362 964 σημαίνει
1407 892 1505 965 τὴν
1542 891 1870 962 Ἐκκλησίαν
1893 892 2057 946 αὐτοῦ
2097 892 2569 963 τεθεμελιωμένην
2614 892 2712 944 καὶ
2747 889 3149 962 ὲστηριγμένην
3181 889 3274 942 ἐπὶ
3317 887 3417 960 τὴν
3460 889 3681 960 ἀρραγῆ

403 988 504 1060 τῆς
534 988 698 1044 αὑτοῦ
724 988 1005 1059 δυνάμεως
1034 988 1256 1060 πέτραν,
1304 987 1624 1060 ἐπηρμένην
1683 987 1740 1041 δὲ
1773 988 1870 1041 καὶ
1935 987 2252 1060 ὑψωμένην,
2287 989 2363 1052 ὼς
2392 988 2458 1042 ἂν
2496 987 2588 1040 ἐπὶ
2632 986 2779 1058 ἄκρα
2807 986 2980 1058 ὀρέων
3012 984 3295 1056 κειμένην,
3327 982 3682 1058 προφητικῶν

403 1082 605 1154 δηλαδὴ
633 1083 729 1137 καὶ
761 1081 1130 1137 ἀποστολικῶν
1159 1081 1352 1150 λόγων,
1382 1078 1462 1145 οἷς
1489 1083 1522 1152 ἡ
1569 1081 1867 1152 Ἐκκλησία
1888 1081 1982 1135 τοῦ
2008 1083 2260 1155 Σωτῆρος
2291 1085 2323 1154 ἡ
2334 1081 2450 1154 μῶν
2482 1081 2934 1152 ὲποικοὸομεῖται.

479 1200 642 1257 Vsus.
675 1201 768 1269 l6,
812 1202 898 1257 l7.
937 1219 956 1253 ι
998 1198 1472 1272 Superextolletur
1516 1216 1682 1273 super
1709 1199 1980 1256 Libanum

401 1293 615 1351 fructus
670 1293 819 1362 ejus,
846 1300 902 1348 et
931 1292 1203 1348 ﬂorebunt
1235 1292 1303 1347 de
1347 1290 1571 1347 civitate
1617 1291 1762 1347 sicut
1794 1291 1978 1346 fenum

405 1393 586 1441 terra).
631 1403 651 1438 ι
701 1385 822 1451 Qua
866 1384 1080 1441 ratione
1110 1383 1443 1448 Servatoris,
1477 1385 1572 1456 qui
1602 1384 1658 1439 in
1693 1385 1979 1456 prophetia

399 1476 742 1540 enuntiatur,
789 1474 1006 1533 fructus
1039 1491 1204 1547 super
1243 1473 1511 1531 Libanum
1563 1478 1833 1532 exaltatus
1884 1477 1974 1542 sit,

399 1567 695 1637 intelliges,
719 1567 767 1622 si
797 1566 1023 1638 colligas
1039 1581 1103 1622 ea
1123 1582 1245 1637 quae
1263 1567 1317 1621 in
1341 1567 1643 1636 prophetiis
1672 1567 1740 1622 de
1767 1566 1977 1621 Libano

397 1655 679 1712 dicuntur.
708 1647 925 1712 Dictum
968 1658 1170 1728 quippe
1211 1666 1297 1714 est
1340 1658 1396 1711 in
1439 1655 1578 1712 Isaia
1611 1674 1623 1710 ;
1661 1677 1678 1709 I
1708 1657 1848 1714 Ecce
1879 1659 1978 1713 Do-

396 1749 583 1804 minus
636 1747 878 1802 Sabaoth
928 1750 1223 1804 conturbat
1269 1748 1546 1824 gloriosos
1589 1766 1713 1804 cum
1757 1749 1977 1806 fortitu-

2167 1222 2186 1255 ι
2233 1203 2702 1274 ’Υπεραρθήσεται
2731 1201 2870 1272 ὑπὲρ
2902 1199 2995 1253 τὸν
3026 1198 3259 1252 Λίϐανον
3283 1198 3312 1250 6
3337 1198 3545 1270 καρπὸς
3580 1197 3680 1251 αὖ·

2087 1295 2202 1360 τοῦ,
2234 1297 2330 1349 καὶ
2372 1295 2760 1365 ἐξανθὴσουσιν
2793 1295 2859 1346 ἐκ
2905 1292 3111 1356 πόλεως
3159 1291 3294 1344 ὡσεί
3337 1289 3531 1362 χόρτος
3577 1293 3678 1362 τῆς

2085 1391 2211 1460 γῆςο
2261 1406 2280 1440 ³
2311 1389 2499 1452 Ὅπως
2531 1386 2816 1458 ὑπερήρθη
2845 1384 2939 1438 τοῦ
2974 1382 3456 1457 προφητεύομένου
3497 1381 3680 1453 Σωτῆ-

2086 1496 2181 1550 ρος
2228 1479 2386 1550 ήμῶν
2438 1479 2468 1531 ὁ
2514 1478 2726 1549 καρπὸς
2763 1477 2905 1549 ὑπὲρ
2948 1476 3041 1530 τὸν
3087 1475 3319 1530 Λίϐανον
3360 1474 3572 1546 νοήσεις
3608 1473 3680 1526 τὰ

2086 1571 2216 1643 περί
2245 1571 2339 1624 τοῦ
2365 1570 2600 1624 Λιϐάνου
2631 1573 2688 1623 ὲν
2721 1569 3083 1641 προφητείαις
3109 1567 3409 1637 λελεγμένα
3440 1581 3679 1634 συναγα-

2085 1661 2217 1734 γών.
2256 1664 2485 1735 Εἴρηται
2518 1664 2574 1717 δὲ
2607 1665 2665 1716 ὲν
2714 1662 2812 1733 μὲν
2846 1660 2924 1732 τῷ
2965 1661 3196 1732 Ἦσαῖᾳ’
3230 1679 3248 1711 ι
3293 1659 3423 1713 Ἰδοὺ
3457 1658 3520 1731 δὴ
3557 1658 3675 1712 Κύ-

2087 1775 2200 1828 ριος
2272 1756 2500 1811 Σαϐαὼθ
2577 1756 2943 1827 συνταράσσει
3011 1755 3140 1817 τοὺς
3206 1752 3457 1819 εὐδόξους
3533 1751 3679 1822 μετὰ

393 1839 524 1895 dine
543 1839 618 1907 '7;
655 1858 675 1892 ι
697 1847 752 1896 et
779 1847 967 1910 postea
1003 1859 1018 1896 :
1052 1859 1070 1893 ι
1108 1839 1350 1897 Libanus
1380 1849 1561 1898 autem
1588 1857 1712 1896 cum
1743 1843 1966 1898 excelsis

2084 1849 2264 1920 ἰσ’ὶίιῗος
2285 1867 2298 1880 ⁸
2327 1869 2348 1902 ³
2397 1849 2490 1902 καὶ
2522 1846 2648 1917 ἑξῆς
2669 1866 2681 1877 ·
2725 1865 2745 1897 ί
2796 1847 2855 1900 Ὀ
2887 1846 2945 1899 δὲ
2983 1845 3216 1907 Λίϐανος
3252 1844 3350 1897 σὺν
3393 1845 3506 1907 τοῖς
3534 1842 3677 1915 ὑψη-

393 1931 630 1989 cadet".
658 1951 679 1986 ι
712 1930 772 1988 ln
799 1931 1062 1988 Zacharia
1085 1948 1216 1990 vero
1247 1932 1422 1990 fertur
1448 1954 1461 1990 ς
1495 1953 1514 1986 r
1540 1933 1970 2005 Aperi,Libane,

390 2031 582 2094 portas
617 2036 762 2090 tuas,
793 2030 849 2079 et
892 2022 1118 2080 devoret
1155 2024 1299 2096 ignis
1348 2026 1546 2082 eedros
1570 2033 1692 2082 tuas
1715 2027 1782 2081 ⁸⁸.
1825 2046 1842 2078 ι
1883 2025 1975 2080 Di-

390 2126 538 2170 ctum
577 2115 705 2171 item
738 2113 843 2170 fuit
875 2115 933 2170 in
962 2115 1226 2172 vicesimo
1248 2124 1442 2172 octavo
1474 2117 1688 2187 psalmo
1721 2133 1736 2170 :
1775 2135 1794 2169 ι
1831 2117 1976 2174 Con-

388 2209 592 2280 fringet
622 2206 888 2264 Dominus
928 2208 1124 2265 cedros
1157 2207 1372 2276 Libani,
1399 2218 1455 2266 et
1503 2211 1839 2267 comminuet
1879 2226 1974 2267 eas

389 2310 654 2371 tanquam
708 2300 940 2356 vitulum
997 2299 1348 2356 Libanum“.
1383 2319 1402 2353 ι
1448 2299 1558 2357 Has
1598 2316 1763 2372 porro
1807 2317 1974 2359 voces

389 2408 526 2448 sane
558 2391 827 2450 obscuras
866 2393 1103 2464 explicat
1149 2391 1437 2463 Scriptura
1467 2394 1522 2448 in
1557 2391 1849 2450 Ezechiele
1888 2394 1974 2448 di-

388 2501 522 2542 cens
553 2505 566 2541 :
601 2503 620 2536 ι
647 2484 845 2556 Aquila
897 2484 1123 2556 grandis
1174 2499 1496 2557 magnarum
1531 2486 1766 2552 alarum,
1808 2486 1972 2558 longo

387 2579 762 2635 membrorum
817 2577 1007 2644 ductu,
1057 2578 1219 2649 plena
1275 2577 1574 2648 unguibus,
1636 2577 1974 2650 ductumque

387 2668 598 2726 habens
661 2677 723 2724 ut
775 2667 1118 2739 ingrediatur
1169 2667 1227 2722 in
1282 2665 1576 2732 Libanum,
1625 2675 1679 2723 et
1726 2669 1974 2725 exsecuit

388 2769 577 2818 tenera
603 2759 854 2829 cedri“;
891 2779 913 2814 ι
942 2760 1146 2832 quibus
1171 2759 1392 2816 subdit:
1431 2777 1451 2811 ι
1483 2759 1620 2816 Cum
1651 2761 1862 2816 venerit
1877 2777 1972 2818 rex

388 2853 710 2928 Babylonis,
743 2863 798 2911 et
849 2853 1136 2926 ingressus
1171 2853 1334 2910 fuerit
1360 2853 1415 2908 in
1452 2851 1780 2923 Jerusalem,
1816 2871 1976 2911 assu-

388 2956 501 3003 met
537 2947 814 3018 principes
829 2947 896 3002 ".
919 2965 939 2998 ι
966 2947 1064 3004 His
1082 2946 1283 3018 quippe
1313 2949 1460 3003 clare
1502 2947 1786 3018 prophetia
1815 2949 1972 3018 aqui-

383 3039 494 3094 lam
518 3039 778 3111 grandem
808 3053 1133 3110 magnarum
1160 3040 1392 3104 alarum,
1425 3054 1606 3110 regem
1647 3038 1973 3111 Babylonio-

2079 1940 2190 2004 λοῖς
2217 1941 2482 1992 πεσεῖται.
2517 1958 2536 1990 ι
2568 1936 2832 1992 Λέλεκται
2863 1935 2920 1989 δὲ
2953 1936 3047 1989 καὶ
3071 1936 3128 1988 ὲν
3158 1932 3437 2004 Ζαχαρίᾳο
3463 1951 3482 1986 t
3511 1933 3671 1987 Διάν-

2076 2031 2241 2098 οιξον,
2299 2031 2328 2083 6
2372 2031 2627 2098 Λίϐανος,
2666 2029 2764 2093 τὰς
2809 2027 2982 2092 πύλας
3021 2044 3135 2092 σου,
3160 2026 3259 2080 καὶ
3301 2024 3675 2094 καταφαγέτω

2077 2123 2190 2196 πῦρ
2215 2123 2312 2188 τὰς
2337 2123 2563 2196 κέδρους
2589 2138 2704 2175 σου.
2741 2140 2760 2172 ι
2789 2119 3020 2192 Εἴρηται
3044 2118 3100 2172 δὲ
3125 2118 3220 2171 καὶ
3250 2120 3307 2171 ὲν
3333 2116 3419 2188 κη’
3439 2114 3641 2187 ψαλμῷ
3657 2133 3675 2147 ι

2081 2236 2101 2269 ι
2134 2214 2422 2288 Συντρίψει
2463 2215 2561 2278 τὰς
2605 2213 2832 2284 κέδρους
2863 2210 2958 2264 τοῦ
2993 2209 3250 2275 Λιϐάνου,
3296 2210 3391 2262 καὶ
3419 2207 3676 2262 λεπτυνεῖ

2075 2306 2248 2371 αὐτὰς
2273 2307 2349 2371 ὼς
2386 2307 2476 2361 τὺν
2521 2306 2723 2378 μόσχον
2759 2304 2853 2358 τὸν
2902 2301 3162 2357 Λιϐανον.
3202 2320 3221 2354 ι
3271 2300 3584 2354 Ἐπιλύεται
3614 2299 3673 2353 δὲ

2074 2401 2280 2466 ταύτας
2303 2401 2402 2465 τὰς
2432 2400 2614 2471 φωνάς
2639 2400 2869 2468 ἀσαφεῖς
2898 2396 3064 2462 οὔσας
3089 2396 3117 2448 6
3140 2394 3292 2468 παρὰ
3317 2394 3394 2466 τῷ
3424 2393 3676 2464 Ἐζεκιὴλ

2075 2494 2302 2564 φάσκων
2334 2493 2492 2561 λόγος
2515 2509 2528 2522 ·
2569 2511 2586 2544 ι
2633 2490 2690 2544 '0
2722 2489 2881 2552 ἀετὸς
2912 2491 2940 2542 6
2984 2488 3159 2559 μέγας
3197 2490 3226 2542 6
3262 2486 3674 2557 μεγαλοπτέρυ-

2074 2603 2191 2655 γος,
2224 2587 2253 2640 6
2297 2585 2504 2648 πλατὺς
2544 2586 2613 2654 τῇ
2649 2582 2892 2646 ἐκτάσει,
2952 2581 3167 2653 πλήρης
3200 2579 3432 2652 ὀνύχων,
3466 2579 3525 2642 ὃς
3558 2579 3673 2650 ἔχει

2071 2679 2134 2732 τὸ
2161 2678 2354 2750 ἦγημα
2380 2675 2640 2731 εἰσελθεῖν
2666 2676 2746 2739 εἰς
2775 2674 2867 2729 τὸν
2909 2673 3158 2736 Λίϐανον,
3185 2673 3278 2726 καὶ
3323 2670 3568 2741 ἀπέκοψε
3599 2670 3671 2725 τὰ

2071 2766 2261 2823 άπαλὰ
2301 2770 2399 2837 τῆς
2429 2766 2653 2837 κέδρον
2694 2784 2712 2817 ι
2741 2758 2823 2828 οἷς
2849 2762 2976 2834 ἑξῆς
2999 2763 3333 2831 ὲπιλέγεται’
3373 2781 3391 2814 ι
3433 2763 3563 2816 Ὀτε
3603 2761 3672 2815 ἂν

2075 2861 2202 2934 ἔλθῃ
2225 2861 2253 2913 6
2280 2859 2532 2930 βασιλεὺς
2563 2858 2884 2924 Βαϐυλῶνος
2915 2859 3012 2913 καὶ
3036 2856 3254 2929 εἰσέλθῃ
3279 2857 3362 2920 εἰς
3396 2856 3670 2928 Ἰερουσα-

2072 2954 2204 3026 λὴμ,
2241 2953 2335 3008 καὶ
2364 2952 2593 3024 λήψεται
2625 2953 2753 3015 τοὺς
2786 2950 3075 3022 ἄρχοντας.
3107 2967 3125 3002 ι
3174 2948 3368 3018 Σαφῶς
3421 2947 3531 3019 γὰρ
3579 2944 3669 3000 διὰ

2072 3044 2278 3098 τούτων
2318 3046 2352 3114 ὴ
2400 3041 2708 3115 προφητεία
2758 3041 2850 3094 τὸν
2891 3041 2991 3112 μὲν
3034 3039 3191 3093 ἀετὸν
3223 3039 3316 3092 τὸν
3373 3038 3544 3108 μέγαν
3575 3036 3668 3090 τὸν

383 3146 506 3188 rum
521 3131 936 3202 interpretatur;
950 3129 1216 3187 Libanum
1231 3146 1359 3187 vero
1370 3130 1694 3187 Jerusalem.
1715 3129 1966 3207 Reliquo-

2077 3134 2551 3207 μεγαλοπτέρυγον
2573 3133 2663 3186 τὸν
2699 3132 2924 3203 βασιλέα
2964 3131 3071 3199 τῶν
3103 3128 3459 3184 Βαϐυλωνίων
3481 3129 3660 3199 ἡρμή-

382 3237 506 3275 rum
531 3221 659 3276 item
683 3220 1066 3291 prophetarum
1093 3220 1260 3288 dicta,
1283 3236 1384 3276 ceu
1407 3221 1475 3276 de
1504 3219 1714 3276 Libano
1733 3203 1966 3292 prolata,

2073 3203 2252 3288 νεῦσε,
2284 3203 2467 3279 τὸν-δὲ
2505 3224 2736 3278 Λίϐανον
2767 3221 3255 3294 τὴνῚερουσαλήμ.
3303 3220 3670 3291 Ἐφαρμόσεις

379 3313 736 3387 Jerosolyma:
766 3314 1000 3385 aptabis.
1028 3313 1187 3368 Enim
1228 3330 1360 3370 vero
1389 3329 1552 3370 nemo
1580 3330 1648 3371 ex
1675 3314 1966 3370 circumci-

2071 3315 2130 3368 δὲ
2162 3317 2256 3369 καὶ
2286 3314 2357 3368 τὰ
2380 3313 2534 3386 παρὰ
2558 3315 2670 3378 τοῖς
2699 3312 2907 3377 λοιποῖς
2937 3313 3242 3385 προφήταις
3273 3311 3465 3382 ὥσπερ
3495 3310 3662 3365 Λιϐάο

382 3407 540 3464 sione
573 3407 731 3463 l'ateri
761 3405 995 3472 dubitet,
1032 3406 1100 3462 iis
1129 3422 1251 3477 quae
1274 3406 1344 3462 de
1368 3405 1576 3462 Libano
1603 3406 1862 3462 dicuntur
1883 3404 1966 3463 Je-

2069 3425 2161 3461 νου
2205 3406 2506 3478 λελεγμένα
2553 3408 2620 3477 τῇ
2669 3405 3047 3479 Ἰερουσαλήμ.
3101 3402 3240 3456 Ἀλλ’
3289 3401 3411 3455 οὐδὲ
3442 3401 3552 3454 τῶν
3593 3403 3662 3458 ὲκ

379 3498 716 3570 rosolymam
767 3496 1110 3553 adumbrari.
1166 3514 1186 3548 ‹
1239 3495 1770 3567 Superexaltabitur,
1826 3516 1846 3549 ι
1906 3505 1966 3553 ut

2069 3502 2372 3573 περιτομῆς
2406 3517 2488 3563 τις
2515 3497 2845 3571 ἀμφιϐάλλοι
2881 3499 2948 3552 ἂν
2981 3496 3058 3569 μὴ
3090 3497 3209 3568 οὐχὶ
3257 3495 3388 3568 περί
3418 3495 3515 3566 τῆς
3552 3493 3653 3549 Ἱε-

380 3589 489 3646 fert
516 3604 698 3645 sermo
728 3603 995 3660 prtesens,
1023 3605 1041 3638 ι
1063 3603 1230 3658 super
1251 3586 1520 3643 Libanum
1550 3587 1761 3644 fructus
1785 3588 1959 3659 ejus,»

381 3679 598 3736 scilicet
629 3678 936 3734 Servatoris
975 3677 1042 3733 de
1076 3693 1186 3748 quo
1209 3677 1497 3748 prophetia
1531 3677 1794 3747 loquitur.
1823 3677 1965 3732 Fru-

379 3781 508 3828 ctus
535 3779 716 3827 au-tem
742 3770 864 3840 ejus
882 3770 1006 3841 quis
1040 3769 1224 3835 fuerit,
1256 3769 1364 3826 nisi
1393 3768 1638 3825 Ecclesia
1658 3769 1832 3840 ipsius
1868 3784 1966 3839 per

379 3875 557 3924 totum
591 3866 783 3922 orbem
815 3864 1064 3929 ﬁrmata,
1083 3864 1154 3920 de
1177 3879 1286 3936 qua
1325 3862 1611 3919 dicebatur
1639 3883 1652 3919 :
1685 3882 1703 3914 ι
1734 3863 1852 3918 Erit
1875 3863 1966 3917 lir-

377 3967 715 4016 mamentum
760 3957 818 4013 in
848 3966 996 4014 terra
1030 3956 1088 4012 in
1127 3955 1360 4012 summis
1409 3956 1714 4011 montium?
1748 3975 1766 4008 ι
1812 3954 1966 4010 Hanc

377 4052 564 4122 itaque
600 4064 767 4121 super
793 4047 1062 4105 Libanum
1108 4048 1457 4104 exaltandam
1489 4063 1613 4104 esse
1639 4047 1696 4102 in
1727 4047 1964 4118 prophe-

378 4143 455 4198 tia
489 4143 710 4201 dicitur.
738 4141 890 4198 Licet
912 4141 1058 4197 enim
1089 4139 1334 4198 Libanus
1357 4141 1470 4205 ille,
1505 4155 1702 4210 nempe
1734 4136 1962 4196 Jeroso-

377 4235 545 4306 lyma,
567 4233 700 4289 olim
730 4230 906 4304 gloria
937 4229 1078 4285 allici
1107 4237 1163 4284 et
1189 4228 1386 4288 ﬂorere
1416 4230 1570 4286 visus
1604 4229 1711 4297 sit;
1743 4237 1797 4284 at
1824 4244 1965 4298 prae-

376 4325 632 4382 stantiori
687 4323 1217 4394 incomparabilique
1283 4321 1447 4377 modo
1514 4321 1962 4390 superexaltatus

375 4418 480 4472 fuit
497 4417 806 4474 Servatoris
829 4415 1001 4471 nostri
1030 4415 1263 4480 fructus,
1283 4429 1380 4470 seu
1405 4412 1649 4468 Ecclesia
1673 4427 1769 4482 per
1783 4418 1958 4467 totum

374 4513 561 4568 orbem
599 4511 918 4566 constituta.
945 4509 1061 4566 Sub
1081 4509 1197 4565 haec
1217 4516 1399 4564 autem
1423 4506 1655 4579 populos
1677 4506 1733 4559 in
1765 4503 1957 4574 singu-

375 4604 446 4660 lis
478 4602 705 4657 urbibus
734 4602 995 4657 collectos
1029 4599 1552 4670 multitudinemque
1579 4611 1835 4667 magnam
1871 4597 1957 4650 in-

374 4696 522 4751 dicat
562 4695 650 4750 his
695 4695 917 4752 verbis:
955 4714 974 4746 ι
1011 4693 1078 4748 Et
1119 4693 1393 4750 ﬂorebunt
1435 4691 1505 4746 de
1551 4689 1774 4744 civitate
1813 4689 1956 4744 sicut

374 4789 563 4843 fenum
595 4795 770 4845 terrae.
805 4807 825 4840 ›
859 4785 995 4842 Illud
1025 4801 1213 4858 porro,
1259 4804 1279 4838 ι
1310 4783 1377 4841 de
1399 4783 1645 4846 civitate,
1689 4801 1708 4834 ι
1745 4780 1954 4837 dictum

373 4891 480 4947 est,
512 4882 669 4952 quasi
710 4881 941 4953 singulis
979 4882 1036 4935 in
1065 4878 1381 4935 civitatibus
1412 4883 1468 4932 et
1495 4875 1756 4931 omnibus
1793 4875 1851 4930 in
1875 4875 1956 4930 lo-

371 4977 475 5032 cis.
506 4974 624 5030 lmo
651 4975 813 5031 etiam
847 4974 1093 5030 Ecclesia
1126 4972 1324 5043 ipsius,
1350 4971 1422 5028 ob
1450 4969 1674 5040 politiea
1704 4977 1760 5024 et
1796 4982 1956 5024 evan-

373 5069 567 5141 gelica,
601 5069 759 5139 queis
796 5069 987 5129 utitur,
1019 5065 1292 5128 instituta,
1333 5062 1530 5117 civitas
1570 5059 1666 5116 Dei
1699 5068 1952 5114 vocatur.

372 5162 556 5228 Quare
579 5159 790 5215 dictum
825 5167 948 5214 est:
982 5175 1000 5209 ι
1029 5155 1282 5212 Gloriosa
1327 5153 1478 5209 dicta
1517 5161 1648 5208 sunt
1671 5151 1741 5206 de
1771 5157 1844 5215 te,
1870 5147 1954 5203 ci—

370 5251 514 5306 vitas
535 5248 725 5317 Dei“;
759 5256 849 5303 tet
877 5260 1099 5301 rursum
1128 5263 1142 5300 :
1179 5261 1199 5296 ι
1232 5242 1502 5299 Fluminis
1519 5242 1755 5311 impetus
1781 5236 1956 5293 laetiti-

350 5351 503 5396 .eant
542 5341 818 5397 civitatem
860 5337 1042 5395 Dei“.
1075 5356 1094 5390 ι
1125 5335 1266 5404 Quia
1306 5351 1440 5407 ergo
1487 5334 1684 5390 civitas
1723 5330 1816 5385 illa
1860 5328 1956 5384 Dei

372 5435 538 5490 ﬂuvio
557 5436 611 5489 in
633 5449 692 5490 se
717 5433 1051 5495 exundante,
1076 5446 1173 5488 seu
1198 5429 1385 5491 verbo,
1418 5426 1668 5496 irrigata,
1702 5435 1955 5492 magnam

371 5525 580 5595 profert
615 5527 786 5582 turba:
819 5527 873 5579 in
927 5522 1175 5580 Ecclesia
1215 5523 1462 5577 collectae
1501 5515 1954 5580 multitudinem;

367 5619 493 5689 jure
532 5618 789 5688 adjicitur
818 5634 830 5669 :
868 5638 888 5670 ι
930 5617 992 5671 Et
1020 5616 1292 5672 ﬂorebunt
1321 5614 1393 5668 de
1429 5611 1654 5666 civitate
1686 5608 1832 5664 sicut
1867 5607 1953 5665 la-

444 5735 486 5764 ⁸⁷
516 5734 622 5787 lsa.
679 5752 732 5792 χ.
772 5735 859 5787 55.

373 5804 419 5832 ⁸³
454 5801 600 5857 Psal.
644 5819 862 5867 LXXXVI,
897 5804 949 5856 3.
1019 5804 1063 5834 δ”
1103 5801 1247 5856 Psal.
1282 5815 1406 5865 xcv,
1447 5800 1498 5852 5.

2071 3593 2350 3666 ρουσαλὴμ
2378 3593 2710 3647 αἰνίττεσθαι
2740 3591 3021 3662 ὁμολογεῖν
3049 3589 3118 3643 τὰ
3149 3588 3279 3660 περὶ
3305 3587 3538 3643 Λιϐάνου
3566 3585 3656 3639 λι-

2065 3684 2322 3756 λεγμένα.
2376 3703 2396 3736 ι
2447 3683 2920 3756 ’Υπεραρθήσεται
2955 3701 2973 3733 ι
3010 3681 3210 3746 τοίνυν,
3241 3681 3302 3734 τὸ
3348 3680 3524 3752 παρὸν
3563 3678 3656 3731 λό-

2065 3777 2183 3846 γιόν
2217 3793 2400 3848 φησιν,
2460 3795 2477 3826 ι
2520 3775 2661 3847 ὑπὲρ
2693 3773 2784 3827 τὸν
2829 3773 3059 3828 Λίϐανον
3093 3776 3122 3826 6
3154 3771 3365 3844 καρπὸς
3402 3769 3591 3836 αὐτοῦ,
3633 3788 3655 3824 ι

2065 3868 2268 3940 δηλαδὴ
2323 3867 2416 3922 τοῦ
2462 3866 2944 3940 προφητεύομένου
2991 3866 3264 3936 Σωτῆρος.
3317 3864 3549 3935 Καρπὸς
3599 3863 3659 3917 δὲ

2066 3965 2228 4019 αὑτοῦ
2263 3964 2346 4030 τίς
2377 3965 2443 4019 ἂν
2473 3963 2734 4034 γένοιτοῆ
2782 3961 3079 4033 Ἐκκλησία
3107 3958 3271 4013 αὑτοῦ
3315 3960 3348 4030 ἡ
3378 3957 3498 4011 καθ’
3526 3957 3657 4029 ὅλης

2066 4061 2166 4131 τῆς
2232 4057 2557 4129 οἰκουμένης
2621 4053 3031 4126 ὲστηριγμένη,
3092 4051 3222 4124 περί
3274 4045 3343 4121 ἧς
3400 4049 3650 4116 ὲλέγετοσ

2070 4169 2091 4202 ι
2138 4150 2330 4203 Ἔσται
2366 4150 2644 4220 στήριγμα
2676 4149 2734 4199 ὲν
2766 4149 2833 4216 τῇ
2863 4148 2933 4216 γῇ
2961 4145 3046 4198 ἐπ’
3072 4145 3240 4216 ἄκρον
3273 4141 3380 4195 τῶν
3411 4140 3647 4212 ὀρέων;ι

2064 4243 2214 4313 Αὕτη
2246 4242 2424 4298 τοίνυν
2455 4237 2926 4311 ύπεραρθήσεσθαι
2963 4236 3104 4310 ὑπὲρ
3131 4235 3223 4289 τὸν
3255 4234 3486 4288 Λίϐανον
3516 4249 3654 4305 προ-

2065 4334 2361 4406 φητεύεται
2383 4349 2396 4362 ·
2437 4335 2485 4387 εἰ
2513 4331 2623 4402 γὰρ
2646 4332 2740 4385 καί
2779 4327 2927 4394 ἕδοξὲ
2963 4345 3094 4381 ποτε
3133 4328 3162 4379 6
3195 4325 3454 4399 δηλωθεὶς
3487 4323 3655 4378 Λίϐα-

2063 4443 2174 4489 νος,
2213 4424 2358 4493 λέγω
2386 4423 2444 4476 δὲ
2478 4423 2512 4492 ἡ
2551 4419 2927 4492 Ἰερουσαλὴμ,
2969 4417 3287 4486 δοξάζεσθαι
3320 4415 3414 4469 καὶ
3445 4413 3650 4477 ἀνθεῖν,

2066 4516 2180 4571 ἀλλ’
2223 4513 2506 4588 ὑπερήρθη
2541 4514 2636 4568 καὶ
2666 4511 2801 4566 πολὺ
2831 4511 3048 4565 κάλλιον
3086 4510 3302 4580 ἐκείνης
3335 4506 3654 4578 ἀσυγκρίτῳ

1986 4575 2036 4635 θ
2063 4609 2307 4680 ὑπεροχῇ
2332 4575 2433 4660 λέξο
2468 4575 2718 4677 έιυτῆρος
2765 4603 2922 4676 ἡμῶν
2969 4604 2998 4656 ὁ
3036 4575 3270 4675 καρπδςέ
3301 4601 3333 4670 ἡ
3364 4575 3486 4652 καθ’
3519 4575 3650 4668 δληέ

2060 4698 2262 4770 δηλαδὴ
2307 4699 2407 4768 τῆς
2451 4695 2778 4766 οἰκουμένης
2817 4693 3118 4765 Ἐκκλησία
3169 4691 3383 4761 γέγονε.
3426 4688 3649 4750 Τούτοις

2059 4791 2189 4862 ἑξῆς
2215 4790 2341 4853 τοὺς
2373 4789 2536 4851 λαοὺς
2580 4789 2707 4852 τοὺς
2741 4786 2885 4841 κατά
2923 4787 3105 4839 πᾶσαν
3131 4783 3286 4836 πόλιν
3317 4795 3649 4853 συγκροτοῦ-

2063 4884 2258 4955 μένους
2283 4883 2378 4936 καὶ
2405 4880 2476 4934 τὰ
2502 4879 2671 4933 πολλὰ
2706 4877 2888 4951 πλήθη
2922 4877 3221 4948 παρίστησι
3248 4875 3422 4943 λέγων
3447 4889 3459 4902 ο
3498 4891 3516 4922 ι
3537 4869 3649 4923 Καὶ

2059 4973 2445 5045 ὲξανθήσουσιν
2476 4974 2542 5026 ὲκ
2578 4972 2786 5036 πόλεως
2825 4971 2957 5023 ὼσεί
2985 4974 3175 5041 χόρτος
3213 4967 3314 5037 τῆς
3355 4966 3472 5036 γῆς.
3515 4983 3532 5015 ι
3572 4963 3648 5015 Τὸ

2061 5066 2140 5128 δὲ,
2182 5083 2201 5117 ι
2237 5067 2301 5119 ἐκ
2350 5065 2578 5128 πόλεως,
2617 5084 2634 5116 ι
2671 5067 2906 5136 εἴρηται,
2938 5062 3060 5115 ἀντὶ
3101 5061 3217 5125 τοῦ,
3252 5057 3372 5114 καθ’
3409 5056 3648 5126 ἑκάστην

2063 5158 2218 5210 πόλιν
2244 5158 2337 5212 καὶ
2363 5156 2504 5210 κατὰ
2536 5157 2714 5211 πάντα
2740 5156 2926 5210 τόπον.
2967 5152 3127 5206 Ἀλλὰ
3158 5152 3252 5205 καὶ
3283 5153 3316 5222 ἠ
3352 5146 3647 5218 Ἐκκλησία

2061 5244 2227 5298 αὑτοῦ
2270 5244 2420 5308 πόλις
2466 5244 2782 5314 ὠνόμασται
2815 5243 2908 5296 τοῦ
2955 5239 3091 5294 Θεοῦ
3137 5239 3226 5294 διὰ
3270 5239 3370 5310 τὴν
3413 5238 3472 5288 ὲν
3505 5234 3642 5304 αὐτῇ

2065 5317 2457 5405 σύνισταμένην
2483 5332 2712 5403 νόμιμον
2735 5332 2829 5385 καί
2849 5329 3210 5399 εύαγγελικὴν
3231 5323 3524 5379 πολιτείαν.
3555 5321 3648 5373 Διὸ

2040 5424 2339 5478 λέλεκται·
2384 5443 2401 5474 ι
2435 5421 2805 5493 Δεδοςασμένα
2851 5419 3084 5492 ἐλαλήθη
3119 5419 3246 5489 περὶ
3277 5414 3392 5479 σοῦ,
3421 5414 3456 5485 ὴ
3493 5411 3647 5474 πόλις

2061 5517 2156 5570 τοῦ
2181 5516 2315 5570 Θεοῦ
2335 5534 2348 5546 ·
2385 5535 2404 5568 ι
2434 5516 2528 5570 καὶ
2551 5514 2712 5569 πάλιν
2733 5531 2745 5544 ·
2790 5533 2807 5565 t
2842 5512 2948 5566 Τοῦ
2979 5509 3225 5583 ποταμοῦ
3253 5508 3322 5562 τὰ
3345 5506 3648 5578 ὁρμήματα

2063 5611 2416 5682 εὐφραίνουσι
2463 5609 2561 5679 τὴν
2611 5607 2764 5661 πόλιν
2806 5606 2899 5660 τοῦ
2945 5605 3101 5662 Θεοῦ,
3145 5623 3162 5655 ι
3202 5601 3352 5656 Ἐπεὶ
3389 5597 3569 5651 τοίνυν
3611 5595 3646 5665 ἡ

973 5735 1016 5766 ⁸⁸
1047 5733 1177 5787 Ibid.
1211 5731 1300 5784 54.
1378 5731 1421 5759 ⁸ο
1455 5727 1622 5783 Zach.
1657 5743 1734 5794 ιι,
1766 5727 1818 5782 1.
1927 5730 1966 5762 σε

2069 5731 2144 5783 al.
2207 5745 2398 5792 xxvm,
2432 5729 2485 5792 ὃ,
2520 5727 2572 5780 6.
2682 5728 2724 5760 ⁶¹
2755 5724 2950 5781 Ezech.
3000 5723 3208 5786 xvn,5.
3287 5719 3332 5752 "
3361 5715 3494 5770 ibid.
3555 5709 3640 5764 12.
