4056 6380
411 360 514 415 817

1544 357 2058 415 ΕΟΜΜΕΝΤΑΒΙᾹ
2096 359 2164 416 IN
2198 359 2535 418 PSALMOS.

3575 360 3678 415 8l8

413 482 570 546 πόλις
613 480 705 535 τοῦ
750 478 906 543 Θεοῦ,
947 477 1280 549 ἀρδευομένη
1321 477 1399 549 τῷ
1447 478 1506 532 ἐν
1551 479 1689 550 αὐτῇ
1737 478 1994 552 πλημμύ-

2106 495 2229 532 num
2262 485 2441 534 terrae.
2481 497 2500 531 3
2550 475 2910 534 Pramittitur
2946 491 3081 534 sane
3132 475 3503 542 multitudini,
3558 492 3681 546 qua:

415 582 560 650 ροντι
585 571 833 644 ποταμῷ,
867 570 1032 642 λόγῳ,
1076 570 1209 624 πολύ
1241 570 1442 641 πλῆθος
1484 571 1747 643 προφέρει
1781 571 1888 624 τῶν
1934 573 1994 625 ἐν

413 670 481 740 τῇ
529 665 822 736 Ἐκκλησία
845 663 1346 736 συγκροτουμένων,
1375 663 1600 727 εἰκότως
1625 663 1960 717 ἐπιλέλεκται
1976 683 1991 696 ο

423 781 442 813 3
472 761 578 814 Kal
605 757 984 828 ἐξανθήσουσιν
1016 758 1080 810 ἐκ
1105 756 1312 818 πόλεως
1337 755 1468 808 ὡσεὶ
1492 755 1682 828 χόρτος
1714 756 1811 827 τῆς
1835 758 1955 828 γῆς.
1971 776 1990 810 3

418 856 717 929 Προηγείτο
749 853 846 924 μὲν
869 847 960 906 οὖν
987 851 1081 905 τοῦ
1104 852 1297 922 χόρτου
1323 851 1477 922 δίκην
1496 851 1840 918 ἐξανθοῦντος
1867 852 1999 923 πλή-

417 946 540 1010 θους
579 947 607 998 6
640 943 1069 1018 προλελεγμένος
1115 943 1328 1015 καρπὸς
1367 944 1554 1008 αὐτοῦ,
1588 943 1722 998 πολὺ
1775 943 1997 1015 βελτίων

417 1041 513 1092 καὶ
567 1039 831 1110 κρείττων
883 1037 1169 1108 τυγχάνων
1212 1035 1305 1090 τοῦ
1351 1036 1548 1109 χόρτου
1602 1036 1704 1106 τῆς
1744 1037 1884 1108 γῆς·
1917 1036 1998 1090 διὸ

417 1129 780 1199 προτέτακται
808 1129 889 1182 τό·
927 1147 946 1180 3
971 1114 1438 1199 Ὑπεραρθήσεται
1465 1126 1605 1198 ὑπὲρ
1645 1127 1737 1180 τὸν
1770 1127 1999 1181 Λίϐανον

415 1225 444 1276 6
492 1220 701 1294 καρπὸς
733 1220 926 1275 αὐτοῦ⁹
968 1240 986 1272 3
1033 1218 1170 1292 μετὰ
1197 1219 1253 1274 δέ
1283 1219 1376 1273 τὸν
1421 1219 1632 1292 καρπὸν
1658 1219 1748 1273 τὸν
1789 1219 2000 1292 ἐξαίρε-

417 1329 526 1376 τον,
557 1311 682 1374 τοὺς
710 1310 768 1364 ἐν
797 1313 864 1382 τῇ
910 1309 1205 1383 Ἐκκλησία
1249 1309 1451 1381 δηλαδὴ
1495 1308 1996 1383 καρποφοροῦντας,

415 1404 486 1456 τά
513 1401 675 1456 λοιπά
702 1401 880 1473 πλήθη
925 1401 1254 1474 καταριθμεῖ
1293 1401 1381 1455 διὰ
1411 1401 1524 1455 τοῦ·
1567 1421 1587 1454 ‹
1627 1402 1738 1457 Καὶ
1776 1401 2001 1474 ἐξανθή-

421 1512 602 1548 σουσιν
640 1496 704 1549 ἐκ
745 1495 954 1558 πόλεως
989 1494 1122 1548 ὡσεὶ
1166 1495 1356 1565 χόρτος
1393 1495 1494 1566 τῆς
1524 1495 1647 1564 γῆς.
1684 1513 1704 1547 3
1752 1491 1863 1548 Εἶτ’
1907 1494 2001 1548 ἐπὶ

416 1588 628 1652 τούτοις
665 1586 914 1658 λέγεται·
965 1606 983 1640 3
1018 1589 1213 1642 Ἔσται
1244 1589 1305 1641 τὸ
1345 1589 1514 1660 ὄνομα
1553 1588 1718 1643 αὐτοῦ
1757 1589 1838 1652 είς
1875 1588 2002 1653 τοὺς

416 1681 638 1744 αἰῶνας.
672 1701 690 1732 3
727 1681 1083 1753 Διαμένοντος
1109 1681 1166 1734 δέ
1198 1681 1294 1734 καὶ
1315 1681 1714 1746 διαιωνίξοντος
1740 1680 1834 1734 τοῦ
1868 1682 2004 1753 Χρι-

419 1767 546 1822 στοῦ
572 1769 852 1840 ὀνόματος,
880 1771 1442 1842 συμπαρεκτείνεσθαι
1471 1773 1564 1824 καὶ
1585 1771 1645 1824 τὸ
1662 1770 2002 1844 Χριστιανῶν

2104 572 2280 627 instar
2330 570 2437 626 feni
2489 570 2820 637 eﬂloreseit,
2876 579 3212 626 memoratus
3262 567 3478 624 fructus
3531 568 3678 638 ejus,

2105 673 2266 737 longe
2312 663 2682 736 praestabilior
2731 662 3034 734 meliorque
3073 661 3199 718 feno
3240 668 3436 727 terra;
3485 677 3683 732 quam-

2105 759 2294 813 obrem
2313 756 2669 828 praepositum
2688 755 2790 810 fuit
2808 753 2943 811 illud
2967 773 3024 810 :3
3056 753 3566 825 Superexaltabitur
3595 769 3680 809 suo

2103 866 2200 922 per
2235 847 2505 904 Libanum
2538 847 2752 904 fructus
2781 848 2904 918 ejus
2936 865 2952 904 :
2991 866 3011 900 3
3049 853 3172 918 post
3204 845 3443 902 fructum
3499 852 3683 900 autem

2105 944 2261 998 illum
2312 942 2734 1013 praecellentem,
2773 940 3029 998 videlicet
3061 947 3188 1010 post
3226 953 3321 995 eos
3355 938 3448 1009 qui
3485 937 3540 992 in
3579 935 3685 992 Ec-

2105 1036 2274 1092 clesia
2302 1034 2661 1099 fructiﬁcant,
2694 1034 2964 1105 reliquam
3007 1030 3416 1087 multitudinem
3454 1046 3684 1087 enume-

2108 1139 2212 1192 rat,
2244 1126 2327 1183 sic
2358 1125 2551 1182 dicens
2583 1141 2598 1177 :
2639 1143 2658 1178 3
2691 1124 2758 1179 Et
2783 1123 3056 1180 ﬂorebunt
3075 1124 3144 1180 de
3171 1123 3394 1179 civitate
3440 1123 3585 1180 sicut
3607 1121 3687 1179 fe-

2105 1235 2237 1275 num
2269 1226 2450 1274 terrae.
2482 1237 2501 1271 3
2532 1215 2845 1273 Secundum
2876 1216 2994 1272 hac
3025 1215 3268 1272 dicitur:
3299 1213 3455 1270 3Erit
3487 1229 3686 1270 nomen

2106 1313 2228 1384 ejus
2256 1312 2313 1367 in
2339 1311 2561 1368 saecula.
2602 1327 2622 1364 3
2656 1309 2793 1366 Cum
2841 1323 3009 1381 porro
3058 1323 3258 1364 nomen
3303 1305 3514 1363 Christi
3561 1322 3687 1378 per-

2107 1413 2274 1478 petuo
2328 1409 2569 1469 maneat,
2620 1407 3024 1472 consequenter
3080 1415 3212 1456 sane
3246 1399 3688 1455 Christianorum

2106 1515 2310 1556 nomen
2342 1497 2687 1554 tantumdem
2723 1495 2990 1567 temporis
3039 1494 3402 1568 permanebit.
3435 1493 3551 1550 Hoc
3587 1508 3688 1548 au—

2109 1601 2214 1648 tem
2238 1606 2441 1648 nomen
2464 1589 2615 1664 quod
2647 1598 2732 1648 est
2753 1605 2920 1661 super
2935 1604 3100 1646 omne
3119 1604 3319 1645 nomen
3341 1597 3468 1643 ante
3498 1585 3691 1642 mundi

2107 1683 2561 1740 constitutionem
2597 1690 2717 1739 erat
2753 1695 2966 1752 :quare
2983 1679 3192 1736 dictum
3226 1687 3350 1736 est:
3390 1697 3408 1730 3
3441 1679 3582 1735 Ante
3606 1691 3692 1734 so-

2109 1777 2214 1832 lem
2243 1781 2532 1847 permanet
2576 1789 2776 1830 nomen
2808 1772 2950 1844 ejus.
2990 1791 3010 1826 3
3049 1770 3318 1843 Superius
3366 1785 3584 1842 quoque
3614 1769 3691 1825 di-

415 1859 588 1930 δνομα
617 1861 906 1916 άκόλουθον
933 1859 1001 1915 ἂν
1030 1861 1136 1932 εἴη.
1171 1861 1341 1915 Τοῦτο
1381 1861 1438 1915 δὲ
1469 1861 1531 1915 τὸ
1575 1861 1746 1932 ὄνομα
1773 1861 1835 1914 τὸ
1868 1860 2002 1934 ὑπὲρ

2108 1866 2356 1933 cebatur,
2386 1879 2808 1936 permansurum
2833 1877 2956 1921 esse
2977 1876 3102 1918 cum
3132 1861 3250 1918 sole
3279 1869 3334 1918 et
3358 1861 3689 1916 antelunam

419 1955 528 2007 πᾶν
557 1953 726 2024 ὄνομα
760 1954 854 2007 καὶ
899 1953 1004 2024 πρὸ
1043 1953 1143 2024 τῆς
1173 1952 1265 2006 τοῦ
1299 1953 1504 2025 κόσμου
1541 1953 1853 2016 συστάσεως
1891 1948 1959 2025 ἦν
1983 1969 1998 1984 ο

415 2045 496 2100 διὸ
524 2044 768 2116 εἴρηταιο
810 2065 828 2098 3
867 2046 981 2117 Πρὸ
1011 2046 1106 2100 τοῦ
1142 2045 1292 2117 ήλίου
1337 2046 1582 2116 διαμένει
1612 2045 1672 2099 τὸ
1704 2045 1874 2116 ὄνομα
1905 2045 2003 2098 αὐ-

414 2135 535 2192 τοῦ.
577 2155 596 2188 ›
634 2136 744 2189 Kal
785 2136 1043 2208 ἀνωτέρω
1070 2136 1126 2190 δὲ
1160 2137 1378 2206 ἐλέγετο
1427 2135 1877 2208 συμπαραμένειν
1925 2135 2003 2208 τῷ

416 2225 554 2296 ήλίῳ
585 2225 682 2278 καὶ
725 2226 831 2298 πρὸ
850 2227 948 2298 τῆς
979 2227 1209 2300 σελήνης
1230 2229 1309 2292 είς
1330 2227 1526 2298 γενεὰς
1551 2227 1775 2296 γενεῶν.
1811 2229 1932 2282 ’Ὀτι
1949 2228 2005 2282 δὲ

416 2317 592 2372 ταῦτα
625 2319 685 2372 οὐ
725 2319 949 2374 δυνατὸν
987 2319 1153 2393 θνητῇ
1190 2321 1501 2394 ἐφαρμόσαι
1536 2320 1717 2390 φύσει,
1760 2320 2004 2390 φθάσαν-

417 2426 508 2474 τες
540 2408 640 2480 ήδη
691 2411 1134 2483 παρεστήσαμεν.
1183 2412 1339 2466 Μετὰ
1388 2410 1558 2465 ταῦτα
1611 2411 1668 2465 δὲ
1718 2411 2001 2464 λέλεκταιο

422 2519 442 2552 3
478 2500 588 2553 Kal
623 2500 1109 2573 ἐνευλογηθήσεται
1141 2503 1198 2556 ἐν
1229 2501 1380 2574 αὐτῷ
1422 2503 1600 2556 πάντα
1631 2501 1702 2555 τά
1748 2501 1874 2572 ἔθνη
1907 2501 2005 2570 τῆς

418 2595 540 2665 γῆς.
606 2613 625 2646 3
693 2589 788 2657 Οἷς
846 2593 1192 2666 παραθήσεις
1251 2595 1340 2648 τὸν
1405 2595 1656 2665 φήσαντα
1713 2594 1852 2666 πρὸς
1915 2594 2007 2647 τὸν

432 2684 683 2758 Ἀϐραάμ
728 2687 1009 2757 χρησμόνο
1058 2705 1077 2738 3
1113 2686 1224 2740 Kal.
1259 2685 1773 2758 ἐνευλογηθήσονται
1827 2687 1885 2740 ἐν
1927 2685 2006 2759 τῷ

421 2775 696 2846 σπέρματί
730 2793 824 2828 σου
863 2776 1044 2830 πάντα
1072 2777 1141 2830 τὰ
1184 2777 1311 2850 ἔθνη
1359 2777 1462 2847 τῆς
1501 2777 1623 2848 γῆς.
1665 2796 1683 2829 3
1731 2778 1842 2832 Kal.
1886 2777 2004 2846 θέα,

417 2867 567 2932 ὅπως
613 2868 644 2938 ἡ
693 2867 829 2938 πρὸς
887 2867 978 2922 τὸν
1028 2869 1279 2941 Ἀϐραὰμ
1325 2869 1629 2938 ἐπαγγελία
1680 2869 2008 2939 ἐφυλάττετο

419 2959 564 3013 κατὰ
583 2960 810 3031 χρόνους
833 2961 1202 3035 άνανεουμὲνη
1229 2961 1296 3015 δι’
1329 2960 1558 3015 ἐκάστου
1590 2964 1886 3036 προφήτου.
1916 2963 2007 3033 Τῷ

420 3051 518 3122 μὲν
563 3051 672 3124 γὰρ
713 3051 964 3124 Ἀϐραὰμ
1011 3052 1213 3126 πρώτῳ
1263 3053 1482 3109 λέλεκτο
1503 3054 1600 3107 τό’
1638 3073 1658 3106 ‹
1699 3053 2008 3127 Εὐλογηθή-

417 3159 598 3197 σονται
632 3145 690 3196 ἐν
718 3143 796 3214 τῷ
826 3144 1102 3215 σπέρματί
1126 3162 1220 3199 σου
1254 3146 1431 3200 πάντα
1457 3145 1526 3200 τά
1547 3145 1672 3218 ἔθνη
1704 3147 1802 3218 τῆς
1834 3146 1999 3217 γῆς’»

2107 1960 2163 2015 in
2223 1958 2608 2031 generationes
2659 1957 3102 2030 generationum.
3149 1953 3309 2020 Quod
3369 1967 3498 2008 vero
3552 1951 3690 2006 illud

2106 2050 2326 2107 mortali
2357 2056 2573 2106 naturas
2600 2048 2846 2120 coaptari
2881 2053 3142 2118 nequeat,
3183 2045 3298 2116 jam
3331 2045 3693 2116 comprobare

2105 2141 2522 2213 occupavimus.
2560 2139 2676 2196 Sub
2715 2140 2833 2196 haec
2859 2147 3043 2194 autem
3082 2137 3330 2194 dicitur:
3369 2155 3388 2189 3
3428 2135 3496 2191 Et
3526 2137 3693 2192 bene—

2107 2232 2361 2290 dicentur
2376 2233 2441 2299 in
2458 2233 2579 2305 ipso
2597 2247 2788 2288 omnes
2819 2237 3012 2303 gentes
3027 2236 3211 2286 terrae.
3248 2249 3268 2281 3
3308 2227 3522 2296 Quibus
3553 2243 3692 2284 con-

2107 2323 2254 2381 feras
2295 2324 2456 2380 velim
2487 2325 2595 2380 hoc
2623 2328 2911 2380 oraculum
2941 2321 3011 2378 ad
3041 2321 3418 2378 Abrahamum
3454 2320 3643 2376 datum
3673 2338 3689 2376 :

2114 2433 2132 2468 3
2164 2415 2230 2470 Et
2285 2416 2684 2473 benedicentur
2733 2416 2791 2471 in
2851 2416 3061 2472 semine
3105 2423 3202 2470 tuo
3249 2428 3444 2470 omnes
3504 2420 3696 2485 gentes

2107 2510 2356 2566 terra)".
2399 2528 2418 2562 3
2455 2508 2521 2564 Et
2570 2509 2867 2582 perpende,
2907 2523 3117 2580 quaeso,
3150 2507 3576 2580 promissionem
3626 2506 3695 2562 ad

2107 2599 2482 2656 Abrahamum
2529 2598 2753 2664 factam,
2807 2596 3171 2669 subsequenti
3211 2603 3459 2665 tempore
3501 2607 3694 2649 serva-

2106 2701 2243 2760 tam,
2274 2707 2339 2748 ac
2368 2707 2466 2763 per
2499 2691 2750 2763 singulos
2798 2688 3098 2760 prophetas
3141 2693 3458 2742 renovatam
3497 2683 3691 2740 fuisse.

2106 2784 2324 2841 Atenim
2367 2782 2682 2838 Abrahamo
2713 2781 2952 2853 primum
2983 2779 3192 2836 dictum
3230 2777 3372 2833 fuit:
3406 2795 3426 2828 3
3460 2773 3696 2832 Benedi-

2108 2884 2309 2933 centur
2336 2876 2390 2930 in
2441 2874 2652 2931 semine
2680 2881 2778 2929 tuo
2821 2887 3015 2928 omnes
3054 2877 3245 2942 gentes
3290 2877 3470 2925 terrae.
3510 2886 3529 2920 3
3564 2867 3696 2925 Post

2109 2966 2225 3022 haec
2248 2963 2419 3021 Jacob
2445 2965 2515 3020 de
2547 2963 2770 3020 Christo
2795 2963 3107 3018 vaticinans
3138 2959 3348 3017 dixisse
3379 2958 3645 3016 scribitur
3673 2973 3687 3012 :

2116 3075 2133 3106 3
2169 3053 2292 3109 Non
2325 3053 2542 3111 deﬁciet
2574 3053 2832 3124 princeps
2860 3067 2927 3106 ex
2961 3050 3124 3116 Juda,
3157 3050 3332 3106 donec
3367 3048 3551 3104 veniat
3593 3049 3688 3104 cui

2110 3147 2412 3219 repositum
2431 3154 2516 3202 est
2547 3164 2560 3202 :
2583 3154 2639 3202 et
2671 3146 2789 3216 ipse
2816 3144 2923 3201 erit
2952 3141 3292 3215 exspectatio
3318 3141 3640 3214 gentium“.
3669 3159 3690 3195 3

418 3232 559 3302 μετὰ
587 3231 643 3285 δὲ
673 3203 851 3287 ταῦτα
883 3236 912 3288 6
935 3203 1149 3289 Πακὼὸ
1183 3235 1455 3302 θεσπίζων
1485 3237 1614 3306 περὶ
1640 3203 1735 3290 τοῦ
1759 3203 2002 3310 'xplé-an

2111 3203 2426 3295 Secundum
2472 3238 2589 3293 haec
2623 3203 2872 3308 tempora
2906 3203 3130 3292 rursum
3162 3249 3194 3289 a
3218 3203 3444 3290 Balaam
3482 3234 3694 3290 dictum

415 3323 831 3397 ἀναγέγραπται
876 3326 1150 3400 εἰρηκώς·
1192 3346 1211 3380 3
1262 3330 1379 3384 Οὐκ
1429 3329 1668 3400 ἐκλείψει
1715 3331 1900 3402 ἄρχων
1945 3331 2005 3399 ἐξ

425 3420 596 3474 ,Ἰούδα
625 3421 728 3485 ἐως
756 3421 822 3476 ἂν
846 3421 975 3495 ἔλθῃ
1005 3422 1034 3476 6
1064 3424 1354 3479 ἀπόκειται
1387 3426 1498 3495 (1)·
1532 3426 1628 3479 καὶ
1655 3426 1816 3490 αὐτὸς
1855 3425 2006 3481 ἔσται

416 3511 715 3583 προσδοκία
739 3513 930 3570 ἐθνῶν.
985 3533 1004 3567 3
1042 3515 1154 3569 Kal
1183 3518 1240 3570 ἐν
1269 3519 1380 3579 τοῖς
1422 3515 1559 3588 μετὰ
1592 3516 1765 3569 ταῦτα
1795 3517 2006 3588 χρόνοις

414 3601 572 3669 αὖθις
605 3603 820 3676 εἴρηται
862 3603 952 3657 διὰ
994 3603 1088 3656 τοῦ
1133 3603 1397 3676 Βαλαάμ·
1447 3623 1466 3657 3
1515 3605 1884 3670 Ἐξελεύσεται
1915 3606 2008 3660 ἇν-

415 3697 634 3770 θρωπος
693 3697 760 3750 ἐκ
811 3695 907 3749 τοῦ
961 3695 1276 3768 σπέρματος
1329 3697 1514 3762 αὐτοῦ,
1572 3698 1666 3751 καὶ
1720 3697 1999 3770 κυριεύσει

415 3787 585 3841 ἐθνῶν
618 3786 845 3841 πολλῶν.
889 3806 909 3839 3
946 3787 1058 3854 Kal,
1089 3789 1332 3858 Μωύσῆς
1362 3789 1419 3844 δέ
1449 3788 1558 3843 τῶν
1589 3788 1758 3843 ἐθνῶν
1805 3793 1863 3845 ἐν
1892 3791 2003 3864 ᾠδῇ

419 3879 629 3950 μεγάλῃ
679 3877 924 3950 μέμνητο
972 3877 1181 3947 λέγων·
1236 3897 1256 3930 3
1296 3879 1675 3952 Εὐφράνθητε,
1712 3879 1838 3954 ἔθνη
1879 3881 2008 3945 λαὸς

414 3971 580 4026 αὐτοῦ
606 3989 620 4002 ⁸
681 3971 776 4026 καὶ
823 3970 1361 4042 προσκυνησάτωσαν
1421 3971 1572 4042 αὐτῷ
1630 3971 1835 4036 πάντες
1901 3974 2008 4026 υίοὶ

414 4061 572 4116 Θεοῦ.
606 4083 626 4115 3
653 4061 841 4126 οὕτως
871 4057 964 4116 οῦν
991 4061 1084 4115 καὶ
1110 4061 1342 4115 ἐνταῦθα
1369 4062 1439 4116 τὰ
1467 4062 1605 4135 πρὸς
1632 4063 1724 4118 τὸν
1757 4064 2009 4136 Ἀϐραὰμ

415 4155 506 4208 διά
555 4153 652 4209 τοῦ
694 4154 946 4228 χρησμοῦ
1001 4153 1403 4226 τεθεσπισμένα
1453 4155 1900 4228 ἐπαναλαμϐάνει
1948 4159 2010 4212 τὸ

415 4247 594 4316 λόγιον
621 4247 870 4302 διδάσκον
891 4248 994 4302 οὐκ
1022 4247 1196 4311 ἄλλως
1223 4247 1256 4318 ἢ
1289 4248 1376 4302 διὰ
1400 4248 1494 4303 τοῦ
1525 4248 1762 4321 Χριστοῦ
1789 4249 2010 4322 πληρω-

416 4334 699 4406 θήσεσθαι,
747 4335 987 4406 φάσκον·
1038 4355 1057 4388 ‹
1111 4336 1222 4391 Kal.
1266 4337 1723 4409 εὐλογηθήσονται
1768 4340 1827 4393 ἐν
1860 4339 2009 4412 αὐτῷ

2107 3338 2232 3387 est:
2275 3347 2296 3384 3
2331 3329 2658 3401 Egredietur
2702 3329 2870 3385 homo
2901 3343 2968 3384 ex
3010 3326 3220 3384 semine
3251 3326 3396 3399 ejus,
3432 3336 3487 3382 et
3518 3318 3695 3380 domi-

2109 3422 2332 3478 nahitur
2351 3421 2610 3494 gentibus
2638 3420 2829 3477 multis
2848 3420 2912 3475 ".
2942 3439 2962 3471 3
3006 3419 3217 3492 Moyses
3244 3418 3376 3474 item
3407 3419 3464 3474 in
3493 3432 3696 3488 magno

2107 3515 2324 3570 cantico
2349 3515 2593 3586 gentium
2611 3512 2859 3568 meminit
2875 3511 3066 3568 dicens
3094 3529 3108 3567 :
3130 3529 3149 3563 3
3181 3509 3486 3574 Laetamini,
3505 3518 3697 3580 gentes

2109 3605 2348 3676 populus
2377 3605 2500 3676 ejus
2535 3621 2549 3659 :
2583 3612 2637 3661 et
2659 3603 2888 3660 adorent
2923 3619 3050 3660 eum
3092 3618 3284 3660 omnes
3320 3601 3417 3656 ﬁlii
3450 3600 3542 3656 Dei
3561 3601 3626 3654 ⁸⁸.
3670 3622 3687 3654 3

2109 3698 2204 3754 Sic
2234 3699 2404 3770 igitur
2432 3700 2537 3754 hoc
2583 3699 2707 3754 loco
2753 3714 2875 3770 quae
2919 3714 3017 3771 per
3053 3698 3339 3754 oraculum
3377 3698 3696 3754 Abrahamo

2110 3789 2481 3860 praenuntiata
2527 3789 2748 3844 fuerant
2784 3798 3162 3855 resumuntur,
3199 3789 3330 3846 dum
3362 3805 3427 3846 ea
3470 3806 3580 3847 non
3625 3790 3696 3846 ab

2107 3883 2216 3937 alio
2256 3898 2420 3953 quam
2466 3897 2498 3937 a
2536 3881 2760 3938 Christo
2805 3882 3083 3952 implenda
3123 3897 3248 3939 esse
3291 3881 3557 3938 docemur
3607 3882 3695 3937 bis

2106 3973 2293 4030 verbis
2327 3993 2342 4030 ε
2381 3992 2400 4026 3
2440 3973 2508 4028 Et
2537 3972 2936 4028 benedicentur
2986 3972 3042 4027 in
3097 3973 3219 4043 ipso
3263 3987 3457 4028 omnes
3502 3980 3696 4044 gentes

2108 4077 2291 4123 terrae.
2327 4086 2346 4119 3
2380 4065 2588 4122 Deinde
2609 4080 2740 4120 vero
2775 4065 2892 4119 ait:
2939 4081 2957 4115 3
2995 4061 3200 4118 Omnes
3239 4070 3431 4134 gentes
3470 4063 3694 4120 beatum

2109 4158 2490 4231 praedicabunt
2521 4173 2671 4214 eum.
2712 4177 2730 4210 3
2758 4155 3044 4223 Quomodo
3071 4155 3292 4210 beatum
3316 4154 3696 4224 praedicabunt

2108 4266 2234 4307 eum
2267 4266 2460 4306 omnes
2478 4247 2712 4321 gentes?
2738 4263 2834 4319 per
2853 4245 3249 4303 beatitudinem
3279 4258 3436 4301 suam
3459 4243 3694 4316 gratiam

2109 4343 2232 4414 ejus
2263 4342 2628 4398 declarantes.

416 4432 592 4486 πάντα
628 4429 698 4484 τά
729 4430 855 4503 ἔθνη
919 4432 1019 4503 τῆς
1049 4431 1175 4502 γῆς.
1210 4451 1230 4484 3
1275 4429 1390 4486 Εἶθ’
1417 4432 1544 4503 ἑξῆς
1585 4451 1718 4506 φησι
1751 4451 1765 4465 ⁸
1804 4453 1822 4486 ι
1856 4435 2042 4490 Πάντα
2077 4437 2147 4491 τὰ
2191 4437 2316 4509 ἔθνη
2364 4434 2726 4508 μακαριοῦσιν
2763 4434 2948 4489 αὐτόν.
2986 4452 3004 4486 3
3049 4433 3168 4500 Πῶς
3211 4434 3270 4488 δὲ
3333 4430 3692 4505 μακαριοῦσιν

415 4526 576 4580 αὐτὸν
599 4526 776 4580 πάντα
815 4526 882 4580 τά
916 4526 1077 4596 ἐθνη;
1105 4525 1192 4580 διὰ
1222 4527 1322 4598 τῆς
1347 4527 1405 4581 ἐν
1437 4529 1621 4592 αὐτοῖς
1657 4530 2059 4603 μακαριότητος
2084 4533 2184 4604 τὴν
2211 4531 2271 4599 ἐξ
2291 4531 2456 4586 αὐτοῦ
2485 4531 2644 4603 χάριν
2687 4529 3054 4603 παριστῶντα.

491 4637 510 4670 3
542 4616 848 4689 Εὐλογητὸς
879 4617 1084 4689 Κύριος
1119 4620 1147 4671 6
1177 4617 1309 4682 Θεὸς
1350 4620 1586 4692 Ἰσραὴλ,
1621 4623 1648 4675 6
1676 4621 1844 4675 ποιῶν
1869 4621 1992 4676 θαυ-

2181 4625 2348 4680 Vens.
2379 4623 2467 4688 l8,
2496 4623 2588 4677 20.
2620 4642 2638 4673 3
2666 4621 2999 4679 Benedictus
3033 4621 3299 4678 Dominus
3321 4621 3465 4678 Deus
3497 4618 3688 4688 Israel,

417 4709 588 4780 μάσια
619 4709 796 4783 μόνος..
839 4729 858 4762 3
897 4708 1280 4780 Εὐλογούμενα
1306 4711 1376 4763 τὰ
1424 4711 1550 4784 ἔθνη
1590 4713 1647 4766 ἐν
1678 4712 1757 4784 τῷ
1791 4731 2006 4786 προφη..

413 4801 690 4872 τευομένῳ
716 4801 858 4855 κατὰ
885 4801 946 4854 τὸ
972 4799 1150 4868 λόγιον
1177 4801 1238 4853 τὸ
1268 4802 1444 4872 φῆσαν
1465 4819 1478 4833 ·
1517 4822 1534 4854 3
1569 4805 1680 4858 Kal
1704 4805 2004 4877 εὐλογηθή-

416 4909 598 4945 σονται
634 4894 692 4945 ἐν
735 4892 885 4958 αὐτῷ
923 4892 1102 4945 πάντα
1151 4890 1220 4944 τὰ
1265 4892 1426 4964 ἐθνη⁶
1469 4913 1487 4945 3
1527 4893 1678 4960 αὐξει
1715 4896 1816 4970 τὴν
1863 4896 2006 4950 κατὰ

413 4984 547 5038 Θεὸν
569 4982 818 5054 αὐξησιν,
846 4984 938 5037 καὶ
959 4983 1210 5055 πληθύει,
1236 4984 1448 5056 καὶτῆς
1469 4985 1572 5057 γῆς
1595 4989 2000 5060 κατακυριεὺει.

413 5078 613 5149 Διόπερ
647 5078 810 5148 φησὶν
832 5078 861 5129 6
887 5077 1028 5142 θεῖος
1056 5077 1377 5142 Ἀπὸστολος
1395 5096 1408 5109 ο
1447 5100 1464 5131 ι
1495 5080 1799 5150 Εὐλογητὸς
1821 5085 1849 5135 6
1871 5083 2002 5148 θεὸς

412 5171 442 5224 6
482 5163 783 5242 εὐλογήσας
829 5171 979 5242 ήμᾶς
1012 5173 1070 5225 ἐν
1118 5171 1267 5245 πάσῃ
1316 5170 1538 5242 εὐλογίᾳ
1570 5175 1933 5244 πνευματικῇ.
1978 5193 1997 5226 3

414 5262 570 5315 υῦτω
599 5261 656 5314 δέ
689 5261 900 5332 ἔχοντα,
939 5263 1255 5331 άντευλογεῖ
1286 5262 1376 5316 τὸν
1403 5263 1503 5334 τῆς
1537 5264 1789 5332 εὐλογίας
1819 5265 2003 5329 αὐτοῖς

413 5351 585 5406 αἴτιον
613 5351 1002 5422 γεγενημένον.
1035 5353 1128 5406 Διὸ
1157 5352 1370 5423 πρῶτον
1405 5353 1502 5424 μὲν
1531 5351 1869 5424 ἐμακάριζον
1901 5353 2000 5406 αὐ·-

413 5445 524 5506 τὸν,
558 5439 676 5497 εἶτα
718 5443 813 5498 καὶ
854 5444 1096 5514 εὐλογεῖν
1135 5445 1444 5499 διδάσκεται
1490 5443 1580 5497 διὰ
1630 5443 1726 5497 τοῦ
1784 5443 1961 5513 λέγειν
1985 5461 1998 5475 ο

420 5553 438 5583 3
479 5536 781 5609 Εὐλογητὸς
809 5535 1012 5608 Κύριος
1044 5538 1072 5590 6
1099 5537 1231 5600 Θεὸς
1273 5535 1509 5609 Ἰσραὴλ,
1536 5539 1565 5590 6
1596 5535 1762 5590 ποιῶν
1786 5536 1997 5607 θαυμά-

417 5641 507 5678 σια
553 5626 729 5691 μόνος.
775 5646 792 5678 3
843 5625 1121 5690 Ἐπιτήρει
1164 5628 1242 5696 δὲ,
1286 5627 1361 5692 ὠς
1410 5629 1636 5682 ἕκαστον
1693 5628 1860 5701 μέρος
1897 5629 1995 5700 τῆς

2109 4719 2204 4788 qui
2266 4716 2398 4773 facit
2451 4715 2724 4770 mirabilia
2786 4716 2960 4771 solus.
3006 4733 3023 4765 3
3061 4717 3199 4769 Cum
3251 4727 3443 4785 gentes
3497 4714 3551 4769 in
3597 4730 3687 4780 eo,

2107 4825 2271 4881 quem
2305 4807 2592 4880 prophetia
2615 4807 2843 4872 indicat,
2875 4805 3312 4861 benedictionem
3349 4805 3687 4876 acceperint,

2107 4913 2270 4974 prout
2303 4901 2566 4973 superius
2599 4901 2869 4957 habetur:
2904 4918 2922 4951 3
2959 4899 3024 4953 Et
3043 4898 3440 4956 benedicentur
3470 4901 3527 4954 in
3569 4899 3689 4970 ipso

2106 5008 2301 5048 omnes
2355 4999 2579 5063 gentes;
2633 5011 2652 5044 1
2685 4990 3004 5046 accessione
3065 4996 3326 5045 crescunt
3384 4987 3688 5046 secundum

2107 5081 2302 5145 Deum,
2349 5080 2794 5151 multiplicantur
2827 5090 2881 5135 ct
2923 5087 3085 5134 terra:
3129 5079 3508 5134 dominantur.
3540 5077 3690 5144 Qua-

2101 5176 2326 5242 propter
2350 5169 2428 5223 ait
2468 5165 2693 5223 divinus
2725 5168 3022 5238 Apostolus
3057 5187 3070 5222 :
3109 5186 3127 5217 3
3160 5165 3487 5224 Benedictus
3520 5166 3686 5234 Deus,

2100 5259 2195 5330 qui
2220 5258 2497 5314 benedixit
2515 5274 2617 5314 nos
2640 5259 2696 5314 in
2713 5258 2864 5313 omni
2883 5259 3266 5314 benedictione
3291 5258 3566 5330 spirituali
3583 5260 3648 5313 θ’.
3665 5279 3682 5311 3

2102 5352 2241 5407 Cum
2275 5352 2348 5405 ita
2379 5365 2547 5421 porro
2589 5367 2650 5408 se
2682 5366 2773 5407 res
2801 5351 3022 5412 habeat.
3054 5351 3457 5407 benedictionis
3491 5358 3687 5405 aucto-

2101 5459 2216 5498 rem
2249 5458 2280 5497 e
2322 5456 2595 5496 converso
2648 5440 3001 5496 benedicunt.
3033 5442 3214 5507 Quare
3255 5442 3433 5514 primo
3463 5441 3685 5512 quidem

2103 5535 2323 5590 beatum
2348 5533 2649 5603 praedicant
2679 5547 2842 5599 eum;
2877 5531 3075 5587 deinde
3116 5530 3476 5589 henedieendi
3511 5532 3686 5586 ratio-

2103 5643 2225 5683 nem
2265 5625 2566 5682 edocentur
2617 5624 2701 5679 his
2726 5623 2909 5680 verbis
2941 5642 2954 5679 :
2991 5642 3009 5676 3
3047 5622 3372 5681 Benedictus
3421 5624 3686 5682 Dominus

487 5726 530 5752 “
553 5725 690 5779 Cen.
717 5739 858 5782 ιλιι.
895 5724 980 5779 l8.
1057 5722 1257 5782 “Gen.
1291 5741 1437 5783 κων.
1471 5727 1549 5781 tu.
1630 5727 1672 5759 ⁸⁷
1707 5724 1868 5784 Num.
1912 5741 2002 5782 xu

2106 5724 2182 5780 I9.
2262 5725 2304 5757 ⁸⁸
2331 5724 2468 5780 Deut
2527 5737 2699 5784 χχχιι,
2735 5720 2824 5776 43.
2893 5722 2934 5754 (ε
2972 5719 3169 5792 Ephes.
3209 5737 3247 5780 ι.
3283 5722 3333 5778 5.

493 5823 565 5886 ιι)
599 5817 740 5889 Lege
769 5814 812 5889 ᾧ
837 5820 1145 5886 ἀπόκειται.
