4056 6396
362 346 468 412 ειο

1037 357 1310 418 EUSEBII
1343 363 1824 425 CESARIENSIS
1860 368 2012 427 OPP.
2053 370 2235 428 PARS
2272 370 2361 429 III.
2393 403 2461 413 —-
2500 369 2917 432 EXEGETICA.

3515 377 3622 435 8‘20

366 468 511 524 Deus
548 466 739 535 Israel,
784 472 879 543 qui
920 470 1050 528 facit
1089 476 1361 534 mirabilia
1411 480 1583 538 solus.
1640 505 1658 536 ι
1693 482 1937 542 Observa

2048 487 2224 558 βίϐλου
2253 487 2617 560 τῶνΨαλμῶν
2654 491 2735 556 εἰς
2761 491 2945 563 ὅμοιον
2972 491 3267 564 καταλήγει
3305 492 3475 556 τέλος.
3511 491 3620 546 Τοῦ

366 577 531 632 porro
555 563 804 634 singulas
838 565 965 621 libri
1001 565 1347 626 Psalmorum
1385 583 1571 642 partes
1615 575 1850 632 similem
1886 578 1941 634 in

364 655 527 710 tinem
549 656 826 715 desinere.
864 658 999 714 Nam
1032 661 1224 732 primae
1252 665 1427 734 partis
1454 675 1765 737 postremus
1798 671 1942 740 psal-

366 764 490 806 mus
528 759 648 806 erat
686 751 1169 824 quadragesimus,
1219 757 1311 827 qui
1359 758 1441 815 sic
1487 760 1540 815 in
1574 760 1679 816 line
1724 762 1887 818 habet
1924 782 1937 819 :

367 857 390 889 ε
404 839 725 897 Benedictus
742 840 1006 899 Dominus
1022 842 1163 901 Deus
1185 845 1351 903 lsraei
1371 864 1435 905 ex
1457 866 1599 905 nunc
1620 862 1670 907 et
1689 853 1741 908 in
1764 869 1938 910 saecu-

365 933 501 1000 lum,
523 933 636 999 fiat,
659 933 804 989 ﬁat.)
827 935 1096 993 Secundae
1123 940 1298 1008 partis
1328 942 1554 999 ultimus
1580 953 1665 999 est
1691 945 1780 1002 hic
1804 948 1945 1017 psal-

364 1040 510 1091 mus,
542 1027 637 1098 qui
670 1028 925 1085 similiter
946 1029 1001 1083 in
1039 1029 1144 1085 line
1159 1031 1326 1087 dicit:
1357 1053 1374 1085 ι
1400 1032 1727 1092 Benedictus
1760 1036 1946 1092 Domi-

362 1133 471 1174 nus
505 1118 646 1175 Deus
694 1117 881 1184 Israel,
913 1120 1006 1191 qui
1062 1120 1194 1175 facit
1248 1124 1521 1180 mirabilia
1554 1128 1728 1184 solus.
1751 1128 1817 1183 Et
1845 1130 1943 1186 be-

365 1210 649 1267 nedictum
699 1228 899 1268 nomen
955 1215 1143 1285 gloriae
1175 1214 1318 1287 ejus,
1353 1236 1371 1269 ι
1414 1225 1470 1274 et
1498 1228 1714 1275 caetera.
1747 1220 1946 1279 Tertia:

361 1305 538 1375 partis
597 1313 908 1377 postremus
965 1316 1051 1365 est
1114 1324 1379 1374 Luxvm,
1422 1312 1581 1383 cujus
1640 1313 1764 1371 finis
1811 1323 1941 1371 est:

367 1416 389 1447 ‹
423 1396 751 1455 Benedictus
780 1400 1044 1457 Dominus
1103 1403 1157 1457 iu
1216 1404 1475 1459 saeculum
1533 1425 1545 1459 :
1596 1406 1709 1473 fiat,
1767 1406 1879 1461 fiat.
1920 1428 1938 1460 ι

362 1488 495 1543 Item
516 1498 727 1560 quartae
751 1492 922 1561 partis
950 1493 1174 1549 ultimus
1202 1501 1288 1550 est
1311 1509 1398 1559 εγ,
1429 1495 1593 1565 hujus
1610 1512 1742 1553 vero
1773 1499 1897 1554 finis
1926 1515 1941 1551 :

364 1600 388 1631 ε
426 1581 754 1640 Benedictus
807 1582 1072 1640 Dominus
1135 1585 1275 1643 Deus
1331 1588 1499 1644 Israel
1561 1606 1593 1644 a
1637 1591 1840 1645 saeculo
1892 1598 1946 1646 et

361 1689 539 1745 usque
566 1674 621 1729 in
655 1676 940 1742 saeculum,
984 1684 1037 1733 et
1071 1680 1213 1735 dicet
1266 1679 1448 1735 omnis
1483 1681 1717 1752 populus
1751 1701 1765 1738 :
1805 1681 1945 1749 Fiat,

361 1769 477 1824 iiat.
509 1786 527 1820 ι
554 1767 754 1835 Quinta
798 1785 925 1841 pars
952 1778 1133 1826 autem
1163 1771 1215 1826 in
1255 1791 1272 1821 ι
1297 1773 1511 1827 alleluia
1541 1794 1560 1824 ι
1598 1775 1944 1837 terminatur.

2048 580 2146 651 μὲν
2175 580 2281 653 γὰρ
2318 579 2532 651 πρώτου
2567 583 2766 654 μέρους
2793 584 3102 648 τελευταῖος
3133 580 3201 655 ἦν
3232 585 3261 637 6
3297 591 3369 655 μ’,
3399 578 3459 638 οῦ
3486 584 3622 657 πρὸς

2043 671 2123 743 τῷ
2143 671 2281 725 τέλει
2317 672 2530 741 ἐλέγετο
2546 690 2559 703 ’
2588 693 2606 724 ι
2638 674 2940 745 Εὐλογητὸς
2974 672 3176 745 Κύριος
3199 676 3227 727 6
3252 672 3385 737 Θεὸς
3410 671 3625 745 Ἰσραὴλ

2044 763 2267 818 ἀπὸτοῦ
2300 763 2393 818 νῦν
2420 765 2514 818 καί⁵
2551 766 2631 829 εἰς
2675 766 2764 818 τὸν
2807 766 3000 819 αἰῶνα·
3036 766 3261 834 γένοιτο,
3302 766 3514 833 γένοιτο
3536 781 3550 796 ·
3601 786 3620 817 ο

2043 855 2139 908 τοῦ
2180 856 2236 909 δὲ
2270 856 2522 928 δευτέρου
2548 855 2849 921 τελευταῖος
2878 852 2947 928 ἦν
2980 860 3008 910 6
3041 857 3177 928 μετὰ
3208 859 3394 929 χεῖρας
3424 857 3627 927 ὁμοίως

2045 950 2137 1002 ἐπὶ
2167 948 2247 1019 τῷ
2293 949 2438 1003 τέλει
2491 950 2696 1018 λέγων·
2755 969 2774 1001 ι
2825 950 3129 1021 Εὐλογητὸς
3167 951 3372 1022 Κύριος
3414 952 3444 1004 6
3493 948 3627 1013 Θεὸς

2057 1040 2275 1113 Ἰσραὴλ
2319 1043 2348 1095 6
2383 1041 2549 1095 ποιῶν
2582 1041 2857 1112 θαυμάσια
2902 1043 3080 1114 μόνος.
3109 1042 3221 1096 Καὶ
3247 1039 3534 1111 εὐλογητὸν
3565 1038 3630 1093 τὸ

2045 1135 2215 1205 ὄνομα
2246 1136 2345 1206 τῆς
2374 1133 2533 1206 δόξης
2562 1133 2747 1199 αὐτοῦ,
2793 1154 2811 1186 ι
2863 1135 2956 1189 καὶ
2987 1135 3054 1189 τὰ
3098 1135 3256 1206 ἑξῆς·
3287 1134 3380 1188 τοῦ
3419 1133 3477 1187 δὲ
3505 1132 3628 1206 τρί-

2045 1241 2142 1279 του
2194 1226 2392 1299 μέρους
2441 1226 2747 1292 τελευταῖος
2795 1230 2823 1281 6
2873 1234 2964 1299 πη⁹
3016 1227 3293 1298 τυγχάνει,
3348 1219 3409 1280 οῦ
3440 1224 3625 1290 τέλος·

2052 1338 2070 1369 ι
2107 1319 2412 1391 Εὐλογητὸς
2433 1319 2636 1392 Κύριος
2670 1322 2750 1384 εἰς
2774 1320 2865 1374 τὸν
2890 1319 3079 1374 αἰῶναο
3106 1322 3334 1391 γένοιτο,
3359 1318 3621 1388 γένοιτο.»

2059 1410 2289 1481 Ὁμοίως
2316 1410 2373 1464 δὲ
2403 1411 2496 1465 καὶ
2530 1411 2626 1465 τοῦ
2657 1412 2917 1484 τετάρτου
2951 1412 3149 1484 μέρους
3185 1411 3490 1473 τελευταῖος
3525 1408 3627 1480 μὲν

2048 1501 2195 1555 ἔστιν
2226 1505 2254 1556 6
2280 1510 2377 1575 ρε’,
2407 1503 2557 1568 τέλος
2587 1503 2644 1557 δὲ
2688 1504 2875 1558 τούτου
2899 1521 2912 1535 ο
2954 1524 2972 1556 ι
3014 1504 3319 1574 Εὐλογητὸς
3351 1502 3555 1574 Κύριος
3597 1504 3627 1555 6

2047 1595 2179 1658 Θεὸς
2218 1594 2431 1667 Ἰσραὴλ
2462 1595 2570 1650 61:6
2612 1595 2705 1649 τοῦ
2752 1596 2948 1660 αἰῶνος
2989 1596 3084 1650 καὶ
3132 1597 3238 1661 ἓως
3268 1593 3362 1648 τοῦ
3408 1593 3624 1658 αἰῶνος,

2049 1686 2142 1739 καὶ
2176 1687 2293 1758 ἐρεῖ
2323 1687 2431 1750 πᾶς
2457 1688 2485 1740 6
2512 1686 2659 1751 166;"
2681 1676 2922 1752 I‘évorco,
2957 1687 3185 1756 γένοιτο.
3230 1705 3249 1740 ι
3284 1686 3357 1739 Τὸ
3399 1685 3457 1739 δὲ
3484 1685 3628 1756 πέμ-

2052 1794 2183 1831 πτον
2211 1777 2377 1849 μέρος
2403 1779 2481 1843 εἰς
2503 1777 2562 1832 τὸ
2595 1797 2611 1830 ι
2652 1777 2942 1849 ἀλληλούἳα
2981 1799 2998 1829 ι
3034 1777 3351 1849 καταλήγει,
3385 1778 3443 1831 ὲν
3464 1770 3509 1845 ᾧ
3534 1776 3630 1830 καὶ

361 1876 470 1932 quo
500 1867 651 1918 totus
670 1861 812 1918 liber
850 1861 1347 1919 circumscribitur.
1392 1864 1657 1920 Caeterum
1699 1881 1943 1937 praesens

2048 1868 2198 1922 πᾶσα
2239 1868 2675 1940 περιγέγραπται
2709 1871 2743 1940 ή
2785 1868 2984 1940 βίϐλος.
3036 1867 3180 1940 Πλὴν
3216 1870 3244 1921 6
3270 1866 3460 1939 παρὼν
3491 1864 3631 1937 μετὰ

358 1954 605 2023 psalmus
636 1960 761 2026 post
782 1961 1144 2011 memoratam
1171 1955 1240 2011 de
1261 1955 1484 2013 Christo
1512 1956 1941 2027 praedictionem,

359 2045 547 2117 adjicit
574 2045 708 2101 illud
742 2066 755 2101 :
797 2065 817 2099 ι
851 2046 1184 2103 Benedictus
1215 2047 1478 2104 Dominus
1518 2048 1663 2105 Deus
1690 2047 1883 2115 Israel,
1922 2071 1940 2103 ι

359 2136 678 2209 subditque,
715 2157 735 2191 ι
769 2141 863 2209 qui
890 2139 1021 2195 facit
1055 2140 1327 2197 mirabilia
1361 2141 1531 2198 solus.
1572 2162 1591 2193 ι
1625 2142 1757 2210 Quae
1780 2146 1946 2200 mira-

361 2229 515 2297 bilia,
545 2230 657 2286 nisi
679 2245 744 2287 ea
763 2247 884 2303 qua:
914 2233 1169 2303 superius
1190 2233 1352 2288 allata
1370 2241 1500 2291 sunt
1531 2251 1545 2288 :
1567 2238 1710 2306 quod
1736 2237 1947 2295 scilicet

360 2322 735 2380 descensurus
758 2327 832 2381 sit
856 2327 999 2384 sicut
1019 2327 1202 2399 pluvia
1227 2328 1284 2384 in
1306 2330 1504 2394 vellus,
1553 2330 1943 2388 bumiliatnrus

364 2418 437 2471 sit
496 2418 978 2485 calumniatorem,
1036 2421 1184 2492 quod
1252 2437 1645 2493 permansurus
1695 2426 1767 2480 sit
1815 2440 1940 2479 cum

364 2510 487 2565 sole
515 2526 530 2573 ;
570 2510 717 2580 quod
747 2511 803 2566 in
821 2511 1016 2569 diebus
1042 2512 1164 2582 ejus
1190 2515 1403 2570 oritura
1431 2516 1504 2572 sit
1528 2516 1765 2587 justitia,
1796 2518 1943 2588 quod

360 2600 749 2659 dominaturus
767 2606 838 2660 sit
862 2620 892 2659 a
910 2607 1048 2661 mari
1073 2607 1141 2664 ad
1163 2623 1341 2673 mare;
1362 2610 1506 2681 quod
1529 2609 1773 2665 futurum
1797 2612 1866 2666 sit
1887 2620 1945 2666 ut

363 2692 651 2766 {Ethiopes
683 2697 973 2767 procidant
995 2715 1182 2755 coram
1214 2700 1348 2769 illo;
1381 2702 1527 2773 quod
1559 2701 1703 2759 dona
1731 2702 1836 2773 ipsi
1876 2719 1942 2758 ex

358 2784 618 2843 omnibus
642 2788 896 2859 gentibus
928 2788 1204 2847 atIerenda
1254 2792 1398 2859 sint;
1431 2792 1578 2864 quod
1626 2793 1791 2849 etiam
1828 2793 1945 2863 ipse

358 2878 761 2935 ﬁrmamentum
793 2879 1009 2939 futurus
1048 2882 1121 2939 sit
1145 2883 1201 2938 in
1259 2891 1426 2949 terra,
1473 2891 1528 2941 et
1569 2884 1782 2940 fructus
1823 2885 1944 2952 ejus

359 2984 527 3041 super
555 2968 826 3028 Libanum
867 2973 1195 3031 exaltandus
1217 2975 1325 3043 sit;
1349 2982 1403 3031 et
1431 2976 1633 3033 similia
1664 2993 1786 3048 qua:
1840 2977 1945 3033 sub

359 3061 477 3118 haec
510 3064 1167 3132 euumerantur?Quibus
1196 3068 1455 3125 omnibus
1483 3068 1550 3122 ad
1577 3068 1693 3124 haec
1711 3069 1943 3125 dicenda

354 3151 739 3209 iustituimur:
770 3173 789 3207 ι
811 3154 1138 3216 Benedictus
1166 3157 1431 3216 Dominus
1453 3159 1599 3217 Deus
1633 3160 1823 3225 Israel,
1847 3161 1943 3233 qui

2046 1960 2144 2031 τὴν
2170 1960 2592 2032 πῳεκτεθεῖσαν
2624 1959 2869 2033 περὶτοῦ
2907 1961 3141 2034 Χριστοῦ
3168 1960 3474 2032 πρόρρησιν
3508 1958 3630 2012 ἑπι-

2048 2052 2203 2124 φὲρει
2231 2052 2311 2105 τό·
2346 2074 2364 2106 ι
2397 2052 2704 2126 Εὐλογητὸς
2734 2052 2937 2126 Κύριος
2969 2056 2997 2107 6
3024 2052 3157 2117 Θεὸς
3199 2050 3435 2124 Ἰσραὴλ,
3471 2069 3490 2102 ι
3531 2048 3629 2104 καί.

2048 2143 2371 2217 προστίθησι
2400 2145 2481 2209 τὸ,
2519 2163 2539 2197 ι
2568 2147 2597 2199 6
2641 2144 2808 2199 ποιῶν
2836 2145 3113 2215 θαυμάσια
3144 2144 3325 2216 μόνος.
3356 2163 3374 2195 ι
3413 2144 3550 2198 Ποῖα
3571 2140 3629 2195 δδ

2047 2236 2345 2307 θαυμάσια,
2374 2237 2406 2308 ἢ
2443 2235 2512 2290 τὰ
2541 2237 2904 2309 προλεχθέντα
2928 2239 2987 2290 ὲν
3009 2231 3089 2300 οἷς
3127 2232 3194 2306 ἦν
3228 2236 3290 2289 τὸ
3329 2232 3634 2305 καταϐήσεο

2050 2328 2170 2381 σθαι
2200 2328 2360 2383 αὐτὸν
2400 2328 2493 2384 ἐπὶ
2532 2329 2695 2383 πόκον
2727 2330 2802 2393 ὡς
2842 2328 3015 2391 ὐετὸν,
3063 2328 3157 2381 καὶ
3188 2326 3250 2380 τὸ
3289 2324 3630 2380 ταπεινῶσαι

2050 2419 2414 2492 συκοφάντην,
2454 2421 2549 2474 καὶ
2597 2420 2658 2474 τὸ
2701 2421 3152 2492 συμπαραμενεῖν
3198 2418 3274 2489 τῷ
3315 2418 3487 2490 ήλίῳο
3535 2414 3632 2470 καὶ

2045 2511 2108 2565 τὸ
2135 2513 2193 2564 ὲν
2218 2513 2338 2574 ταῖς
2365 2510 2605 2583 ἡμέραις
2630 2509 2796 2565 αὐτοῦ
2823 2509 3101 2564 άνατελεῖν
3133 2506 3503 2576 δικαιοσύνην,
3536 2505 3633 2561 καὶ

2044 2606 2106 2659 τὸ
2139 2604 2593 2676 κατακυριεύσειν
2624 2603 2786 2657 αὐτὸν
2832 2602 2943 2657 61:6
2975 2600 3253 2674 θαλάσσης
3295 2601 3401 2664 ἕως
3427 2598 3632 2654 θαλάσ-

2048 2714 2149 2770 σης
2171 2714 2186 2729 ο
2212 2698 2338 2762 τούς
2366 2696 2629 2760 Αἰθίοπας
2656 2695 2984 2768 προπίπτειν
3004 2694 3234 2748 ἐνώπιον
3261 2692 3426 2747 αὐτοῦ
3446 2709 3461 2724 ο
3485 2689 3635 2763 δῶρά

2045 2806 2105 2843 τε
2151 2788 2302 2859 αὐτῷ
2344 2787 2821 2861 προσαχθήσεσθαι
2867 2786 2927 2853 ἐξ
2968 2784 3227 2840 ἁπάντων
3267 2784 3376 2838 τῶν
3423 2782 3625 2837 ὲθνῶΨ

2044 2880 2183 2937 ἀλλὰ
2221 2883 2311 2936 καὶ
2350 2882 2411 2935 τὸ
2448 2882 2723 2953 στήριγμα
2754 2882 2917 2934 αὑτὸν
2959 2879 3016 2932 ὲν
3047 2880 3115 2950 τῇ
3161 2878 3231 2949 γῇ
3280 2874 3629 2948 γενήσεσθαι,

2046 2974 2142 3030 καὶ
2168 2974 2260 3027 τὸν
2284 2973 2497 3046 καρπὸν
2531 2972 2696 3026 αὐτοῦ
2726 2970 2867 3044 ὑπὲρ
2899 2970 2989 3025 τὸν
3021 2969 3250 3023 Λίϐανον
3275 2968 3631 3041 ἀρθήσεσθαι,

2044 3066 2140 3121 καὶ
2181 3067 2281 3121 ὅσα
2329 3066 2464 3121 ἄλλα
2504 3065 2715 3128 τούτοις
2759 3063 2887 3135 ἑξῆς
2931 3061 3381 3133 κατηρίθμηται;
3428 3062 3513 3131 ἐφ’
3551 3056 3636 3123 οἷς

2049 3162 2182 3217 πᾶσι
2211 3159 2576 3233 διδασκόμεθα
2598 3158 2774 3229 λέγειν
2793 3174 2807 3189 ⁸
2837 3177 2855 3209 ι
2879 3156 3184 3229 Εὐλογητὸς
3215 3154 3421 3227 Κύριος
3448 3148 3481 3208 6
3501 3154 3636 3220 Θεὸς

357 3242 493 3301 facit
521 3244 793 3301 mirabilia
826 3248 997 3303 solus.
1031 3247 1095 3301 Et
1141 3249 1491 3307 benedictum
1533 3267 1731 3307 nomen
1758 3252 1943 3324 gloriae

2061 3253 2277 3328 Ἰσραὴλ
2298 3254 2327 3307 6
2365 3252 2536 3313 ποιῶν
2570 3251 2849 3322 θαυμάσια
2882 3249 3062 3322 μόνος.
3102 3248 3211 3302 Καὶ
3243 3246 3537 3318 εὐλογητὸν
3574 3248 3638 3302 τὸ

354 3335 482 3406 ejus
529 3336 586 3392 in
617 3344 905 3396 aeternum.
936 3359 955 3393 ι
992 3339 1201 3397 Nomen
1233 3349 1416 3398 autem
1460 3344 1648 3416 gloria:
1685 3347 1807 3416 ejus
1860 3357 1944 3404 est

358 3427 536 3486 deitas
565 3429 703 3500 ejus.
736 3429 794 3487 Si
825 3432 970 3488 enim
1006 3433 1151 3504 quod
1181 3442 1370 3488 natum
1398 3443 1483 3490 est
1519 3451 1584 3491 ex
1623 3435 1944 3493 sanctaVir-

358 3521 510 3592 gine,
542 3521 673 3579 Jesu
700 3525 925 3580 nomine
954 3524 1238 3596 dignatum
1261 3536 1344 3582 est
1374 3528 1679 3585 secundum
1714 3528 1942 3587 Gabrie-

359 3611 606 3681 lem,qui
649 3612 726 3666 ait
766 3613 835 3668 ad
852 3611 1095 3685 Joscph:
1143 3632 1162 3667 ι
1203 3613 1268 3670 Et
1321 3615 1495 3687 pariet
1542 3617 1735 3682 tilium,
1759 3627 1813 3674 et
1841 3638 1941 3674 vo-

356 3702 514 3757 cabis
544 3718 746 3758 nomen
778 3705 901 3774 ejus
945 3703 1133 3759 Jesum
1166 3724 1179 3760 :
1206 3706 1325 3777 ipse
1350 3708 1495 3763 enim
1539 3707 1750 3764 salvum
1781 3708 1942 3765 faciet

355 3792 621 3866 populum
646 3809 807 3849 suum
841 3810 871 3849 a
896 3796 1136 3867 peccatis
1160 3811 1349 3852 eorum
1374 3798 1453 3866 '°;
1485 3817 1504 3850 ι
1535 3798 1666 3854 hinc
1695 3800 1943 3870 sequitur

359 3899 562 3940 nomen
593 3885 782 3957 gloriae
798 3886 941 3956 ejus,
969 3887 1351 3959 accipiendum
1400 3904 1525 3945 esse
1568 3889 1637 3946 de
1669 3892 1942 3963 theologia

356 3978 557 4049 ipsius,
587 3995 695 4049 qua
728 3978 871 4037 Deus
892 3978 1132 4036 Verbum
1148 3988 1204 4037 et
1220 3983 1537 4054 unigenitus
1560 3982 1830 4057 Deu_s,qui
1857 3994 1943 4042 est

356 4070 415 4126 in
446 4069 569 4125 sinu
595 4069 799 4138 Patris,
827 4071 1174 4144 intelligitur.
1211 4072 1395 4141 Quare
1412 4075 1613 4131 dehinc
1643 4077 1939 4149 adjicitur:

361 4180 385 4217 ι
406 4164 471 4217 Et
495 4164 797 4235 replebitur
831 4166 1005 4238 gloria
1036 4168 1159 4238 ejus
1179 4169 1360 4223 omnis
1396 4177 1564 4225 terra.
1587 4189 1606 4222 ›
1646 4170 1778 4225 Nam
1811 4171 1939 4225 olim

355 4257 580 4329 quidem
615 4277 634 4309 ι
664 4257 719 4313 in
748 4258 954 4315 mundo
992 4266 1111 4317 erat
1137 4268 1193 4317 et
1239 4261 1480 4317 mundus
1506 4278 1603 4334 per
1634 4264 1814 4333 ipsqu
1858 4264 1942 4318 fa-

355 4359 480 4404 etus
501 4355 608 4413 est,
626 4355 681 4403 et
711 4348 949 4431 mundus
976 4365 1099 4406 eum
1124 4367 1231 4407 non
1266 4353 1523 4424 cognovit
1545 4353 1608 4406 τί.
1627 4374 1644 4406 ι
1671 4352 1941 4419 Quoniam

357 4455 489 4495 vero
514 4456 585 4496 ne
614 4439 787 4496 Judaei
805 4441 1047 4512 quidem,
1085 4444 1242 4515 queis
1275 4453 1427 4500 tanta
1467 4445 1711 4517 prodigia
1755 4454 1943 4502 osten-

357 4531 911 4604 derat,cognitionem
933 4535 1055 4606 ejus
1080 4537 1443 4608 recipiebant,
1465 4538 1590 4609 jure
1614 4540 1679 4594 ad
1702 4539 1939 4612 Moysem

2048 3347 2216 3419 ὄνομα
2258 3344 2358 3416 τῆς
2396 3343 2555 3415 δόξης
2585 3340 2751 3397 αὐτοῦ
2793 3341 2874 3405 εἰς
2919 3341 3011 3393 τὸν
3048 3339 3241 3395 αἰῶνα.
3278 3357 3297 3391 ι
3338 3340 3548 3411 Ὄνομα
3575 3336 3635 3390 δὲ

2047 3435 2207 3507 δόξης
2232 3433 2395 3487 αὐτοῦ
2426 3436 2461 3504 ἡ
2496 3432 2691 3504 θεότης
2719 3428 2881 3484 αὐτοῦ
2908 3429 3165 3501 τυγχάνει
3187 3445 3201 3459 ’
3229 3429 3277 3481 εί
3303 3427 3412 3501 γὰρ
3440 3427 3503 3482 τὸ
3527 3424 3634 3481 ὑπὸ

2048 3528 2149 3598 τῆς
2178 3526 2342 3595 ἁγίας
2378 3524 2659 3596 Παρθένου
2701 3522 3066 3594 γεγενημένον
3099 3521 3364 3592 ὀνόματος
3403 3517 3631 3590 ἠξίωται

2048 3620 2143 3674 τοῦ
2182 3616 2357 3689 Ἰησοῦ
2387 3615 2528 3670 κατὰ
2557 3614 2648 3668 τὸν
2676 3613 2918 3685 Γαϐριὴλ
2940 3614 3192 3685 φήσαντα
3224 3613 3363 3685 πρὸς
3386 3610 3480 3665 τὸν
3519 3611 3635 3665 Ἰω-

2052 3713 2160 3783 σήφ
2184 3729 2197 3740 ·
2239 3730 2258 3763 ι
2300 3710 2412 3764 Καὶ
2446 3709 2658 3776 τέξεται
2684 3708 2819 3772 υἱὸν,
2847 3707 2942 3761 καὶ
2974 3706 3224 3770 καλέσεις
3248 3705 3311 3758 τὸ
3341 3705 3517 3774 δνομα
3547 3702 3633 3757 αὐ-

2048 3803 2143 3857 τοῦ
2182 3801 2422 3874 Ἰησοῦν·
2466 3799 2629 3863 αὐτὸς
2666 3800 2776 3872 γὰρ
2812 3795 2974 3851 σώσει
3017 3798 3110 3851 τὸν
3151 3796 3281 3850 λαὸν
3320 3794 3483 3849 αὐτοῦ
3527 3792 3638 3847 ἀπὸ

2047 3895 2156 3949 τῶν
2184 3891 2466 3966 ἁμαρτιῶν
2498 3892 2662 3948 αὐτοῦ
2689 3910 2702 3922 ·
2735 3910 2755 3944 ι
2798 3889 3091 3945 ἀκόλουθόν
3119 3892 3234 3943 ἐστι
3261 3889 3323 3942 τὸ
3344 3888 3444 3958 τῆς
3476 3886 3639 3958 δόξης

2048 3987 2213 4041 αὐτοῦ
2242 3988 2413 4058 ὄνομα
2444 3986 2544 4057 τὴν
2590 3987 2719 4058 περί
2769 3983 2934 4039 αὐτοῦ
2964 3983 3204 4038 νοεῖσθαι
3237 3981 3531 4050 θεολογίαν,
3563 3975 3634 4034 δι’

2047 4075 2115 4152 ἧς
2144 4081 2275 4143 Θεὸς
2308 4079 2480 4148 Λόγος
2503 4078 2598 4132 καὶ
2629 4075 2925 4149 μονογενὴς
2961 4075 3096 4139 Θεὸς
3122 4078 3151 4129 6
3184 4075 3261 4129 ὣν
3288 4075 3368 4138 εἰς
3392 4072 3485 4127 τὸν
3511 4071 3637 4126 κόλ-

2049 4190 2150 4227 πον
2180 4171 2275 4226 τοῦ
2310 4171 2525 4244 Πατρὸς
2557 4171 2933 4244 ἐπινενόηταιο
2973 4169 3097 4223 ὅθεν
3129 4167 3439 4236 ὲπιλέγεται
3470 4165 3595 4237 ἑξῆς
3615 4179 3633 4198 ·

2054 4284 2072 4317 ι
2116 4266 2224 4319 Καὶ
2249 4263 2664 4336 πληρωθήσεται
2687 4263 2788 4334 τῆς
2823 4262 2981 4335 δόξης
3007 4260 3169 4316 αὐτοῦ
3216 4261 3368 4315 πᾶσα
3400 4260 3435 4331 ή
3475 4259 3568 4330 γῆ.
3609 4273 3632 4309 s

2050 4358 2222 4412 Πάλαι
2250 4358 2348 4429 μὲν
2370 4357 2478 4428 γὰρ
2505 4359 2563 4410 ὲν
2587 4355 2665 4426 τῷ
2693 4356 2882 4427 κόσμῳ
2911 4349 3001 4426 ἦν,
3034 4354 3129 4409 καὶ
3152 4355 3180 4407 6
3212 4354 3417 4423 κόσμος
3438 4351 3506 4404 δι’
3533 4350 3634 4404 αὐ·

2049 4450 2143 4506 τοῦ
2185 4450 2422 4519 ἐγένετο,
2456 4449 2551 4504 καὶ
2600 4450 2628 4501 6
2671 4450 2876 4521 κόσμος
2914 4449 3080 4502 αὐτὸν
3127 4449 3229 4501 οὐκ
3270 4446 3429 4515 ἔγνω.
3468 4463 3487 4496 ι
3522 4443 3635 4498 Καὶ

2049 4539 2172 4595 ἐπεὶ
2221 4539 2353 4611 μηδὲ
2390 4538 2628 4593 Ἰουδαῖοι
2664 4534 2745 4604 οἷς
2787 4538 3056 4601 τοσαύτας
3082 4536 3379 4601 ἐνεδείξατο
3418 4534 3635 4605 θαυμαο

357 4622 493 4679 dicit
524 4640 539 4677 ι
572 4643 592 4677 ι
624 4624 757 4682 Sine
791 4641 897 4691 me,
927 4637 982 4684 et
1017 4629 1096 4684 ira
1131 4645 1399 4687 accensus
1425 4638 1705 4686 conteram
1748 4647 1864 4698 eos,
1889 4641 1943 4687 et

2048 4633 2307 4704 τουργίας
2356 4629 2719 4702 παρεδέξαντο
2774 4631 2874 4702 τὴν
2922 4630 3125 4700 γνῶσιν
3176 4628 3362 4692 αὐτοῦ,
3414 4627 3637 4690 εἰκότως

360 4718 557 4773 faciam
583 4727 639 4775 te
675 4719 732 4774 in
786 4731 999 4792 gentem
1056 4736 1308 4794 magnam
1333 4727 1411 4792 7';
1446 4744 1465 4777 ι
1499 4732 1663 4795 atque
1712 4726 1897 4781 subdit
1926 4740 1940 4779 :

365 4828 386 4861 ι
430 4807 575 4865 Vivit
597 4827 793 4867 nomen
812 4829 990 4869 meum
1015 4816 1143 4885 quia
1159 4817 1462 4887 replebitur
1483 4818 1655 4889 gloria
1681 4834 1801 4875 mea
1820 4822 1945 4874 uni-

358 4917 523 4958 versa
546 4908 696 4958 terra
717 4905 1177 4976 "-“JQuamvis
1202 4909 1349 4965 enim
1380 4910 1457 4974 lii,
1484 4910 1681 4981 inquit,
1715 4912 1944 4983 gloriam

358 5006 537 5048 meam
567 4991 881 5064 depellant;
905 4998 1001 5053 sed
1043 4997 1230 5056 futuro
1260 4999 1496 5070 quodam
1531 5009 1772 5071 tempore
1797 5008 1945 5056 totus

361 5086 513 5141 orbis
537 5087 835 5158 replebitur
865 5090 1038 5163 gloria
1094 5106 1236 5148 mea.
1298 5090 1453 5158 Quod
1484 5093 1538 5148 in
1574 5094 1828 5165 praesenti
1854 5093 1948 5147 do-

358 5180 625 5238 ceturhis
667 5182 893 5238 verbis:
933 5203 952 5234 ι
980 5182 1049 5237 Et
1100 5183 1400 5256 replebitur
1429 5186 1603 5257 gloria
1655 5188 1780 5257 ejus
1822 5185 1949 5239 uni~

358 5288 519 5329 versa
547 5280 716 5331 terra.
749 5294 769 5327 ι
810 5274 965 5341 Quod
998 5275 1177 5348 ipsum
1237 5275 1408 5333 Isaias
1459 5278 1807 5333 vaticinando
1846 5277 1944 5332 de-

358 5361 627 5431 clarabat,
654 5364 845 5421 dicens
875 5366 1163 5437 seraphiur
1190 5368 1335 5422 circa
1385 5367 1675 5424 Dominum
1701 5368 1944 5423 Sabaoth

360 5455 601 5511 clamare
649 5471 713 5512 ac
763 5456 987 5514 dicere:
1018 5475 1038 5508 ι
1075 5457 1343 5525 Sanctus,
1399 5469 1625 5515 sanctus
1653 5500 1667 5523 ,
1719 5467 1945 5516 sanctus

360 5543 626 5602 Dominus
690 5546 978 5605 Sabaoth:
1012 5552 1168 5623 plena
1217 5564 1301 5608 est
1349 5554 1528 5610 omnis
1582 5559 1728 5606 terra
1776 5552 1947 5623 gloria

360 5637 483 5707 ejus
507 5637 574 5693 ⁷⁸.
609 5656 629 5691 ι
692 5637 898 5696 Verum
934 5643 1049 5699 haec
1080 5644 1303 5715 quidem
1335 5645 1465 5700 olim
1520 5661 1583 5702 cx
1608 5645 1946 5716 praescienlia

2044 4726 2178 4797 φησί
2205 4724 2340 4796 πρὸς
2372 4724 2614 4795 Μωῦσῆν
2634 4741 2646 4753 ·
2684 4742 2702 4775 ι
2736 4723 2937 4778 Ἐασόν
2963 4739 3051 4795 με,
3078 4723 3173 4777 καὶ
3192 4718 3466 4792 θυμωθεὶς
3495 4717 3633 4788 ὀργῇ

2044 4816 2287 4888 ὲκτρίψω
2330 4817 2546 4889 αὐτοὺς,
2588 4816 2679 4871 καὶ
2712 4817 2925 4889 ποιήσω
2970 4834 3029 4870 σε
3072 4817 3151 4879 εἰς
3184 4814 3335 4878 ἔθνος
3392 4812 3563 4882 μέγα·
3608 4829 3630 4862 ι

2046 4887 2443 4978 καίὲπιλέγῖεν
2486 4928 2503 4960 ι
2538 4911 2611 4980 Ζῇ
2647 4909 2706 4963 τὸ
2737 4887 2909 4980 ὄνομά
2945 4925 3068 4978 μου,
3100 4907 3184 4960 δτι
3215 4902 3634 4977 πληρωθήσεται

2046 4999 2148 5070 τῆς
2179 4998 2336 5071 δόξης
2365 5018 2465 5073 μου
2500 5003 2649 5055 πᾶσα
2679 5003 2712 5073 ἠ
2750 5002 2843 5073 γῆ.
2880 5019 2897 5052 ο
2936 5001 2999 5053 Εἰ
3033 4999 3144 5071 γὰρ
3175 4999 3272 5052 καὶ
3301 4997 3370 5051 τά
3401 4995 3636 5066 μάλιστα

2047 5086 2214 5156 οὗτοι,
2236 5093 2387 5164 φησι,
2408 5094 2785 5167 παρωθοῦνται
2808 5093 2904 5165 τὴν
2934 5093 3071 5165 ἐμὴν
3091 5091 3271 5158 δόξαν,
3295 5089 3430 5144 ἀλλὰ
3455 5087 3636 5159 καιρῷ

2047 5202 2153 5240 τινι
2190 5184 2608 5258 πληρωθήσεται
2636 5190 2669 5257 ἡ
2705 5187 2998 5258 οἰκουμένη
3044 5188 3196 5240 1:666
3233 5185 3332 5255 τῆς
3363 5185 3503 5255 ὲμῆς
3546 5181 3634 5236 δό-

2049 5277 2165 5349 ξης.
2220 5281 2286 5331 Ὃ
2331 5278 2395 5351 δὴ
2444 5280 2536 5333 καί
2567 5279 2629 5332 τὸ
2682 5278 2854 5351 παρὸν
2893 5278 3073 5348 λόγιον
3119 5278 3363 5333 διδάσκει
3413 5278 3629 5348 φῆσαν·

2054 5389 2072 5421 ι
2116 5370 2226 5424 Καὶ
2260 5370 2675 5443 πληρωθήσεται
2703 5372 2805 5442 τῆς
2836 5369 2997 5441 δόξης
3030 5370 3193 5424 αὐτοῦ
3230 5369 3379 5424 1:666
3414 5370 3447 5440 ἡ
3476 5368 3570 5438 γῆ.
3608 5385 3629 5419 ι

2050 5459 2220 5517 Τοῦτο
2247 5465 2337 5517 καί¹
2376 5463 2602 5527 Ἡσαΐας
2649 5464 2883 5535 παρίστη
2933 5463 3203 5529 θεσπίζων
3246 5461 3316 5517 τά
3361 5460 3635 5533 σεραφείμ

2052 5553 2356 5609 κυκλοῦντα
2388 5554 2480 5608 τὸν
2527 5553 2731 5630 Κύριον
2772 5554 3000 5609 Σαϐαὼθ
3051 5555 3260 5626 βοῶντα
3302 5572 3363 5609 τε
3401 5553 3495 5607 καὶ
3549 5551 3638 5607 λέ-

2052 5664 2249 5717 γοντα’
2289 5666 2306 5698 ι
2344 5648 2553 5715 Ἄγιος,
2585 5647 2758 5717 ἅγιος,
2791 5647 2945 5716 ἅγιος
2968 5646 3173 5719 Κύριος
3196 5643 3454 5702 Σαϐαὼθ’
3500 5643 3638 5717 πλήο

434 5794 483 5835 ’⁰
516 5792 878 5871 Natat-1.3.1-
957 5799 1000 5832 "
1030 5792 1187 5857 Joan.
1218 5816 1257 5866 ι,
1293 5799 1379 5857 I0.
1456 5803 1498 5834 "
1534 5800 1943 5870 Exod.xnu,l

2074 5804 2120 5837 "
2152 5806 2197 5841 ⁷⁵
2221 5802 2385 5861 Num.
2419 5820 2531 5866 xw.
2569 5803 2660 5859 2|.
2737 5804 2785 5836 "
2817 5803 2921 5863 Isa.
2953 5803 3115 5869 ηδ.
