4056 6372
368 407 467 466 Sil

1455 404 1963 463 COMMENTARM
1991 404 2055 461 ΙΝ
2092 405 2432 466 PSALMOS.

3502 396 3613 460 822'»

372 542 470 598 ρης
501 525 649 578 πᾶσα
675 525 707 595 ή
745 524 812 594 γῆ
857 523 955 593 τῆς
981 522 1137 592 δόξης
1169 520 1354 577 αὑτοῦ.
1390 538 1407 573 ι
1456 521 1613 575 Ἀλλὰ
1633 522 1805 577 ταῦτα
1838 524 1935 594 μὲν

2048 524 2217 580 livina
2240 522 2751 596 praenuntiabantur
2782 541 2796 579 :
2829 537 2993 595 opere
3039 529 3218 577 autem
3262 519 3609 591 compleban-

370 616 526 687 θεῖκῇ
565 613 867 687 προγνώσει
892 612 1205 676 ἐθεσπίξετο
1232 612 1399 667 πάλαι
1424 630 1437 643 ·
1473 612 1655 684 ἔργοις
1693 614 1748 667 δὲ
1774 614 1940 685 ἐπλη-

372 702 531 775 ροῦτο
564 703 827 775 πρότερον
854 705 887 772 ἢ
920 702 1012 755 τὸν
1045 701 1276 774 Σωτῆρα
1303 702 1398 756 καὶ
1430 702 1632 775 Κύριον
1657 703 1813 776 ήμῶν
1837 705 1942 775 Ἰη-

368 791 501 847 σοῦν
540 792 633 845 τὸν
663 792 895 863 Χριστὸν
922 790 1001 862 τῷ
1042 791 1149 845 τῶν
1181 791 1483 865 ἀνθρώπων
1515 793 1818 864 ἐπιλάμψαι
1851 794 1943 863 γέ-

374 902 453 939 νει
476 900 489 914 ·
535 882 644 936 ἱδοὺ
680 883 788 956 γὰρ
829 884 947 937 καθ’
993 886 1139 956 ἡμᾶς
1168 885 1364 950 αὐτοὺς
1403 887 1804 959 ἀνατέτραπται
1844 887 1942 957 μὲν

378 977 523 1030 πᾶσα
544 973 825 1045 δαιμονικὴ
849 974 1023 1046 πλάνη
1039 992 1053 1006 ο
1078 975 1403 1048 πεπλήρωκε
1425 977 1482 1030 δὲ
1506 976 1602 1049 τὴν
1622 978 1944 1050 οἰκουμένην

375 1062 593 1117 ἃπασαν
624 1064 658 1133 ή
693 1063 986 1134 Ἐκκλησία
1035 1065 1292 1136 Χριστοῦ,
1333 1066 1425 1120 τὸν
1463 1066 1594 1120 Θεὸν
1637 1068 1851 1139 Ἰσραὴλ
1886 1071 1945 1121 ἐν

376 1153 525 1224 πάσῃ
572 1154 640 1223 τῇ
686 1154 756 1223 γῇ
802 1152 1117 1218 δοξάζουσιν..
1171 1155 1282 1209 Kal.
1325 1155 1623 1229 ἐπειδήπερ
1665 1157 1835 1211 ταῦτα
1885 1159 1946 1212 τδ

376 1243 601 1315 Πνεῦμα
628 1244 688 1297 τὸ
721 1244 874 1314 ἅγιον
894 1247 1247 1317 προφητικῶς
1275 1246 1539 1318 μέλλοντα
1570 1249 1787 1305 ἔσεσθαι
1812 1268 1945 1322 προ-

373 1335 657 1406 ανεφώνει,
672 1338 827 1410 χορδς
839 1338 1084 1407 ἀγγέλων
1101 1340 1363 1397 ὑπακούει
1381 1341 1460 1413 (1)
1479 1345 1865 1416 συνευχόμενος
1878 1349 1944 1417 τῇ

374 1430 483 1484 τῶν
516 1431 855 1503 πραγμάτων
885 1431 1181 1499 τελειώσει,
1211 1434 1567 1505 πιστούμενος
1592 1453 1650 1490 τε
1687 1437 1827 1491 αὐτὰ
1854 1438 1949 1490 καὶ

374 1521 569 1593 λέγων’
618 1540 637 1574 ‹
678 1523 913 1589 Γένοιτο,
948 1524 1191 1595 γένοιτο·
1232 1544 1250 1579 ι
1296 1527 1330 1597 ἢ
1376 1527 1518 1581 κατὰ
1557 1529 1648 1582 τὸν
1697 1528 1946 1594 Ἀκύλαν,

379 1629 401 1666 ι
436 1613 884 1684 πεπιστωμὲνως,
914 1616 1366 1687 πεπιστωμένως,
1406 1636 1424 1669 ι
1458 1617 1490 1689 ἢ
1516 1617 1658 1672 κατὰ
1683 1618 1774 1672 τὸν
1800 1618 1949 1689 Σύμ-

378 1720 585 1777 μαχονο
623 1724 642 1756 ι
688 1705 857 1779 Ἀμὴν
898 1710 991 1762 καὶ
1034 1708 1180 1778 ἀμήν
1204 1724 1219 1739 ο
1253 1726 1271 1759 ι
1308 1703 1389 1772 οἷς
1436 1707 1563 1780 ἑξῆς
1598 1709 1904 1778 ἐπιλέγεται
1932 1727 1946 1740 ·

381 1811 405 1847 ε
449 1794 722 1862 Ἐξέλιπον
763 1796 922 1869 ὕμνοι
979 1797 1143 1853 Δαυῒδ
1181 1796 1274 1852 τοῦ
1320 1798 1437 1853 υἱοῦ
1475 1800 1689 1854 Ἰεσσαί.
1740 1819 1759 1852 ι
1809 1799 1949 1854 Ἀνθ“

374 1878 437 1941 οῦ
477 1886 507 1939 ὁ
537 1886 636 1958 μὲν
668 1886 964 1959 Σύμμαχος
991 1890 1375 1961 ήρμήνευσεν·
1422 1908 1440 1942 ι
1491 1889 1949 1962 Ἐπετελέσθησαν

378 1979 680 2049 προσευχαὶ
711 1978 874 2033 Δαυὶδ
911 1979 1029 2034 υἱοῦ
1076 1981 1271 2036 Ἰεσσαί
1298 1997 1311 2010 ·
1341 2002 1360 2034 ι
1388 1984 1416 2036 ὁ
1445 1982 1502 2037 δὲ
1537 1982 1827 2037 Θεοδοτίων
1856 1986 1950 2039 καὶ

376 2066 412 2139 ἠ
447 2068 670 2142 πέμπτη
702 2070 945 2137 ἐκδοσιςο
982 2092 1001 2125 ι
1046 2073 1620 2147 Ἀνεκεφαλαιώθησαν
1652 2076 1949 2149 προσευχαὶ

374 2159 537 2215 Δαυτδ
569 2162 685 2216 υἱοῦ
723 2164 937 2217 Ἰεσσαί.
977 2183 995 2215 ι
1045 2166 1106 2217 Οἱ
1138 2164 1237 2235 μὲν
1267 2161 1360 2219 οῦν
1393 2166 1610 2240 ἄπειροι
1655 2167 1756 2239 τῆς
1796 2168 1950 2240 ἀκρι-

375 2248 529 2316 ϐείας
552 2251 645 2306 τοῦ
674 2252 1100 2326 άναγνώσματος
1121 2255 1219 2327 οὐχ
1258 2254 1334 2321 ὡς
1362 2258 1526 2330 μέρος
1554 2257 1645 2312 τοῦ
1670 2257 1791 2312 ὅλου
1815 2258 1950 2330 ψαλ-

379 2342 484 2414 μοῦ
532 2333 845 2415 ἐξειλήφασι
884 2346 966 2411 τὸ,
1016 2365 1035 2399 ι
1089 2348 1365 2416 Ἐξέλιπον
1416 2348 1575 2420 ῦμνοι
1622 2351 1785 2406 Δαυῒδ
1833 2351 1948 2405 υἱοῦ

389 2432 615 2488 Ἰεσσαί’
650 2454 671 2488 ι
716 2435 832 2489 ἀλλ’
864 2437 941 2501 ὡς
972 2436 1170 2503 ἔξωθεν
1198 2440 1299 2511 τῆς
1328 2441 1665 2513 προφητείαις
1708 2454 1983 2514 παραγε-’

377 2524 695 2596 γραμμένον
719 2524 1050 2596 ἀνέγνωσαν.
1081 2529 1147 2583 Αἱ
1169 2529 1227 2583 δέ
1258 2528 1438 2583 λοιπαὶ
1472 2532 1754 2603 ἑρμηνεῖαι
1797 2534 1949 2605 καὶὴ

388 2610 653 2687 Ἐϐραῖκὴ
693 2617 878 2688 γραφή
924 2617 1110 2687 σαφῶς
1153 2620 1504 2692 παρίστησιν,
1549 2622 1630 2674 ὅτι
1658 2622 1951 2677 καὶταῦτα

380 2701 548 2775 μέρος
578 2705 834 2774 τυγχάνει
861 2706 955 2759 τοῦ
986 2708 1107 2760 ὅλου
1132 2709 1366 2780 ψαλμοῦ.
1406 2711 1624 2783 Ἐπειδὴ
1656 2712 1767 2782 γὰρ
1786 2713 1951 2767 Δαυῒδ

375 2793 410 2848 ὁ
432 2792 683 2864 βασιλεὺς
720 2797 778 2848 ἐν
809 2801 1136 2869 προσευχαῖς
1169 2790 1379 2854 ἐτίθετο
1409 2803 1494 2856 ἀεὶ
1516 2803 1818 2875 ἐπιλάμψαι
1855 2804 1951 2858 τοῦ

380 2881 634 2955 Σωτῆρος
680 2886 779 2956 τὴν
823 2888 889 2941 ἐκ
932 2889 1244 2960 σπέρματος
1292 2891 1456 2945 αὐτοῦ
1494 2894 1952 2968 πρεφωνουμένην

380 2974 623 3044 γένεσιν·
654 2977 859 3048 ταύτης
883 2979 941 3032 δὲ
970 2980 1051 3043 εἱς
1075 2979 1209 3053 ἔργα
1247 2983 1549 3058 χωρούσης,
1594 2986 1784 3057 ἔμελλε
1823 3005 1954 3060 συμ-

379 3066 716 3140 πληροῦσθαι
740 3069 914 3123 πάντα
934 3070 1002 3124 τὰ
1024 3089 1371 3146 προπεφητευ
1380 3076 1516 3146 μένα
1532 3094 1544 3108 ·
1570 3078 1793 3142 εἱκότως
1817 3079 1954 3150 μετὰ

377 3159 441 3213 τὸ
472 3160 845 3233 συμπέρασμα
878 3161 986 3215 τῶν
1021 3161 1465 3235 προλελεγμένων
1498 3166 1829 3235 ἐπιλέγεται,
1873 3167 1949 3232 ὡς

378 3250 488 3325 ἄρα
535 3251 962 3326 ἐπετελέσθησαν
1010 3255 1105 3309 καὶ
1159 3257 1651 3331 συνεπληρώθησαν
1705 3259 1793 3314 διὰ
1840 3263 1948 3315 τῶν

379 3340 823 3415 προλελεγμένων
857 3345 912 3397 αἱ
949 3342 1042 3398 τοῦ
1081 3346 1246 3400 Δαυτδ
1285 3350 1597 3421 προσευχαί.
1637 3349 1867 3405 Δύναται
1893 3352 1951 3407 δέ

377 3428 458 3496 τὺ,
495 3449 515 3483 ι
558 3431 986 3505 ἐπετελέσθησαν
1028 3435 1062 3506 ἢ
1111 3434 1378 3504 ἐξέλιπον,
1410 3460 1429 3492 ι
1469 3441 1824 3514 προφητικῶς
1862 3442 1953 3498 λέ-

378 3521 569 3591 γεσθαι
598 3524 678 3588 εἱς
707 3523 965 3595 μέλλοντα
988 3524 1177 3597 χρόνον
1201 3543 1215 3557 ο
1237 3527 1347 3581 τῶν
1369 3528 1475 3602 γὰρ
1503 3533 1949 3607 προκατηριθμη-

382 3612 560 3683 μένων
585 3611 812 3667 ἕκαστον
842 3617 1130 3687 γενήσεται
1155 3619 1293 3672 ἐπὰν
1321 3621 1415 3673 καὶ
1442 3622 1825 3681 ἐπιτελεσθῶσι
1857 3628 1953 3682 καὶ

380 3702 851 3776 συμπληρωθῶσιν
888 3706 944 3760 αἱ
991 3711 1288 3780 προσευχαὶ
1328 3711 1488 3766 Δαυῒδ
1524 3713 1618 3768 τοῦ
1663 3716 1780 3770 υἱοῦ
1818 3719 1952 3773 Ἰεσ-

379 3791 492 3847 σαί.
524 3792 898 3866 Εὐκαιρότατα
920 3796 977 3850 δέ
1006 3797 1096 3852 διὰ
1119 3799 1209 3853 τὸν
1230 3804 1698 3877 προφητευόμενον
1722 3809 1954 3880 Χριστὸν

377 3882 472 3937 τοῦ
517 3884 652 3938 Θεοῦ
693 3887 1098 3958 ἐμνημόνευσεν
1143 3890 1244 3962 οὐχ
1288 3892 1473 3959 ἁπλῶς
1515 3914 1535 3947 ι
1564 3895 1659 3950 τοῦ
1714 3899 1896 3966 Δαυῒδ,
1928 3921 1947 3954 ι

378 3972 517 4028 ἀλλὰ
541 3975 682 4047 μετὰ
713 3976 1031 4051 προσθήκης
1059 3997 1078 4032 ι
1112 3979 1205 4035 τοῦ
1229 3981 1347 4036 υἱοῦ
1390 3984 1615 4040 Ἰεσσαίο
1657 4007 1675 4040 ι
1712 3989 1798 4045 ἵνα
1830 4008 1955 4045 συν⁶

379 4072 604 4146 ἅψωμεν
623 4077 689 4147 τῇ
715 4075 965 4151 παρούσῃ
990 4081 1175 4152 γραφῇ
1216 4080 1314 4152 τὴν
1348 4081 1569 4139 Ἡσαΐου
1597 4089 1953 4160 προφητείαν,

378 4166 447 4221 δι’
478 4161 546 4239 ἦς
582 4168 652 4222 τὰ
681 4169 841 4240 ὃμοια
880 4173 1008 4243 περὶ
1042 4171 1138 4227 τοῦ
1170 4173 1406 4245 Χριστοῦ
1434 4176 1748 4243 θεσπίζεται
1788 4183 1846 4236 ἐν
1875 4178 1957 4249 οἷς

380 4260 595 4332 εἴρηται
619 4276 632 4289 ·
667 4280 687 4314 ι
735 4262 1103 4330 Ἐξελεύσεται
1148 4266 1342 4338 ῥάϐδος
1388 4269 1452 4323 ἐκ
1493 4271 1793 4346 τῆςτρἱης
1826 4275 1958 4329 ’ῐεσ-

382 4352 493 4417 σαὶ,
522 4354 615 4408 καὶ
645 4354 803 4419 ἄνθος
829 4357 893 4410 ἐκ
924 4356 1022 4428 τῆς
1054 4357 1211 4430 ῥίζης
1242 4360 1569 4433 ἀναϐήσεται
1592 4382 1605 4395 ·
1634 4365 1727 4419 καὶ
1758 4368 1958 4423 ἐπανα-

2040 624 2131 670 tur
2161 615 2313 686 prius
2340 629 2507 688 quam
2526 614 2789 672 Servator
2814 622 2868 670 et
2896 612 3162 669 Dominus
3217 619 3406 667 noster
3447 609 3609 667 Jesus

2040 706 2292 764 Christus
2350 706 2589 763 humano
2642 706 2826 779 generi
2876 705 3123 761 illuceret
3156 720 3169 756 :
3207 718 3335 759 ecce
3376 717 3612 773 namque

2040 806 2283 868 tempore
2313 805 2504 855 nostro
2534 813 2760 855 eversus
2786 804 2871 853 est
2895 796 3075 852 omnis
3104 796 3411 851 diabolieus
3432 809 3610 870 error,

2044 896 2212 945 totam
2238 894 2368 947 vero
2400 896 2605 946 terram
2626 890 2857 961 replevit
2900 886 3146 944 Ecclesia
3179 886 3411 953 Christi,
3440 884 3623 941 Deum'

2046 981 2212 1037 Israel
2255 982 2312 1036 in
2359 988 2474 1038 toto
2526 981 2655 1037 orbe
2685 982 2858 1053 gloria
2885 980 3140 1036 alliciens.
3189 976 3256 1034 Et
3311 977 3439 1049 quia
3496 977 3614 1032 haec

2046 1072 2282 1144 Spiritus
2343 1086 2567 1130 sanctus
2628 1073 2944 1145 prophetice
3010 1070 3192 1127 futura
3263 1068 3611 1142 praedixerat,

2045 1168 2251 1225 chorus
2301 1169 2619 1240 angelorum
2670 1166 2965 1239 respondet
3012 1180 3125 1220 una
3172 1163 3478 1236 deprecans
3513 1175 3616 1232 pro

2048 1261 2125 1317 rei
2155 1262 2649 1325 consummatione,
2683 1260 2886 1331 illaque
2920 1257 3252 1314 conﬁrmans
3287 1270 3353 1311 ac
3379 1253 3611 1311 dicens:

2052 1375 2070 1406 ι
2108 1353 2248 1419 Fiat,
2278 1352 2410 1419 ﬁat,
2449 1371 2469 1405 ι
2491 1352 2609 1408 sive
2636 1350 2939 1408 secundum
2988 1350 3264 1422 Aquilam,
3298 1368 3318 1403 ι
3358 1346 3612 1417 ﬁdeliter,

2048 1442 2316 1510 ﬁdeliter;
2345 1461 2365 1494 ι
2406 1450 2501 1497 aut
2536 1442 2840 1499 secundum
2888 1439 3274 1513 Symmachum
3306 1456 3320 1492 :
3370 1454 3389 1490 ι
3420 1437 3629 1502 Amen,

2049 1550 2226 1590 amen.
2261 1552 2280 1586 ι
2311 1533 2476 1600 Queis
2504 1534 2702 1591 deinde
2738 1532 2992 1589 additur:
3022 1551 3041 1583 ι
3072 1530 3401 1587 Defecerunt
3429 1526 3617 1601 hymni

2049 1621 2218 1676 David
2246 1621 2339 1675 ﬁlii
2372 1620 2591 1679 Jessam
2617 1621 2726 1678 Pro
2745 1638 2854 1694 quo
2875 1620 3242 1694 Symmachus
3261 1617 3621 1688 sicinterpre-

2051 1719 2199 1766 tatur
2226 1726 2240 1763 :
2265 1729 2284 1763 ι
2301 1709 2561 1767 Perfecta:
2582 1719 2710 1768 sunt
2729 1710 3007 1767 orationes
3034 1707 3204 1763 David
3228 1706 3324 1762 lilii
3353 1704 3565 1771 Jcssaa;
3594 1720 3621 1754 ι

2051 1799 2355 1859 Tlieodotio
2398 1810 2580 1857 autem
2639 1807 2695 1855 et
2746 1799 2941 1869 quinta
2996 1794 3208 1850 editio:
3263 1812 3283 1846 ι
3309 1789 3623 1861 Recognita:

1977 1876 2022 1934 Β
2051 1902 2180 1951 sunt
2202 1894 2481 1950 orationes
2511 1891 2685 1947 David
2710 1890 2809 1947 ﬁlii
2840 1890 3027 1947 Jessae.
3049 1907 3069 1940 ι
3113 1886 3219 1955 Qui
3245 1882 3497 1941 lectionis
3523 1895 3621 1936 ac-

2047 1984 2390 2040 curationem
2437 1982 2737 2054 ignorant,
2800 1980 2917 2035 haec
2979 1977 3145 2033 verba
3178 2016 3195 2042 ,
3247 1994 3267 2027 ‹
3295 1971 3625 2029 Defecerunt

2048 2075 2233 2148 hymni
2261 2074 2427 2130 David
2463 2074 2558 2128 ﬁlii
2581 2071 2770 2137 Jessze,
2799 2091 2818 2125 ι
2851 2085 2951 2144 pro
2977 2077 3133 2141 parte
3159 2065 3353 2139 psalmi
3383 2078 3491 2119 non
3524 2061 3629 2118 ha-

2047 2168 2208 2235 bent;
2242 2166 2337 2224 sed
2368 2166 2527 2239 quasi
2570 2181 2687 2222 rem
2733 2171 2889 2222 extra
2940 2159 3284 2234 prophetiam
3311 2165 3367 2214 et
3397 2154 3625 2228 adjecti-

2051 2260 2179 2316 tiam
2223 2261 2431 2332 legunt.
2487 2257 2691 2315 Verum
2733 2256 2958 2327 reliqua:
3011 2251 3512 2324 interpretationes,
3568 2253 3627 2301 et

2050 2352 2169 2423 ipsa
2197 2349 2468 2406 Hebraica
2510 2349 2810 2421 scriptura,
2833 2346 2985 2402 clare
3039 2345 3479 2401 commonstrant
3509 2336 3646 2405 haec,

2049 2458 2268 2515 quoque
2294 2442 2467 2498 totius
2487 2440 2685 2512 psalmi
2714 2449 2923 2512 partem
2952 2451 3096 2494 esse.
3119 2433 3259 2502 Quia
3279 2431 3425 2489 enim
3454 2427 3627 2483 David

2051 2548 2147 2589 rex
2180 2534 2236 2589 in
2265 2531 2616 2588 orationibus
2639 2531 2757 2586 suis
2795 2543 3011 2599 semper
3040 2523 3352 2589 insistebat,
3386 2528 3449 2577 ut
3468 2527 3628 2578 ortus

2054 2621 2492 2691 Servatoris,qui
2522 2635 2591 2676 ex
2619 2618 2829 2676 semine
2850 2632 2952 2674 suo
2974 2615 3292 2691 proditurus
3335 2619 3476 2678 erat,
3497 2611 3629 2667 illu-

2050 2721 2327 2778 cesceret;
2360 2690 2489 2782 quia
2524 2724 2648 2765 cum
2698 2706 2768 2762 ad
2798 2705 3055 2763 eﬁ‘ectum
3091 2690 3408 2775 perductus
3454 2706 3624 2765 esset,

2053 2803 2296 2859 futurum
2313 2809 2433 2858 erat
2462 2808 2520 2854 ut
2539 2799 2723 2855 omnia
2740 2811 2863 2869 quae
2913 2795 2968 2851 in
3022 2791 3326 2866 prophetiis
3373 2788 3627 2846 feruntur

2052 2893 2449 2965 implerentur;
2485 2890 2611 2960 jure
2642 2895 2768 2961 post
2814 2886 3202 2960 pradictorum
3252 2880 3633 2953 complemena

2053 2994 2170 3042 tum
2198 2985 2438 3050 additur,
2469 2982 2745 3055 perfectas
2775 2988 2831 3037 et
2871 2978 3172 3050 completas
3207 2971 3464 3046 superius
3500 2985 3628 3028 esse

2053 3076 2277 3133 Davidis
2325 3075 2624 3132 orationes.
2671 3071 2858 3128 Potest
2900 3070 3068 3127 etiam
3108 3066 3264 3133 illud,
3323 3084 3343 3119 ι
3371 3062 3628 3136 βοήθειαι

2055 3177 2184 3226 sunt
2212 3176 2306 3223 aut
2331 3166 2670 3231 defecerunt,
2701 3183 2721 3217 ι
2756 3160 3075 3235 prophetice
3102 3158 3331 3231 intelligi
3354 3157 3422 3214 de
3440 3157 3628 3217 futuro

2052 3270 2297 3333 tempore
2321 3276 2333 3313 :
2357 3275 2485 3315 nam
2540 3256 2756 3330 singula
2784 3270 2906 3328 quae
2953 3252 3206 3324 superius
3235 3257 3628 3311 enumerantur

2053 3365 2181 3411 tunc
2195 3351 2469 3421 evenient,
2486 3366 2613 3408 cum
2629 3348 2904 3408 orationes
2916 3346 3137 3403 Davidis
3158 3344 3253 3401 ﬁlii
3274 3342 3442 3403 Jessae
3462 3342 3627 3415 perii--

2050 3445 2265 3503 cientur
2278 3453 2333 3503 et
2345 3460 2404 3502 re
2414 3444 2532 3516 ipsa
2551 3442 2941 3514 implebuntur.
2954 3437 3428 3512 Opportunissime
3443 3443 3633 3492 autem

2051 3547 2271 3611 propter
2284 3536 2561 3594 Christum
2582 3532 2679 3592 Dei
2695 3532 2790 3607 qui
2809 3533 2866 3589 in
2890 3531 3148 3589 vaticinio
3159 3528 3473 3594 fertur,non
3496 3524 3631 3581 «Da-

2052 3630 2224 3686 vidis»
2247 3637 2461 3686 tantum
2481 3626 2641 3693 dixit,
2669 3625 2765 3684 sed
2782 3641 2908 3683 cum
2928 3627 3035 3681 hoc
3049 3622 3440 3687 additamento,
3480 3637 3499 3671 ι
3531 3618 3637 3679 ﬁlii

2050 3721 2247 3790 Jessaa;
2270 3740 2289 3774 ι
2339 3728 2399 3777 ιιι
2432 3720 2561 3776 huic
2601 3718 2909 3791 scriptura,
2948 3716 3101 3774 Isaia:
3137 3713 3476 3787 prophetiam
3500 3712 3635 3770 suha

2047 3813 2343 3887 iungamus
2357 3826 2477 3884 quae
2488 3810 2688 3887 similia
2702 3810 2770 3865 de
2784 3809 3002 3866 Christo
3016 3807 3368 3871 vaticinatur,
3385 3819 3508 3885 cum
3523 3805 3599 3860 ait
3611 3821 3651 3873 ι,

2058 3923 2077 3958 ι
2105 3884 2423 3975 Egredietur
2450 3884 2604 3972 virga
2634 3898 2900 3957 deradice
2920 3898 3109 3964 Jessae,
3139 3906 3195 3955 et
3224 3896 3325 3954 ﬁos
3350 3884 3431 3952 de
3448 3894 3632 3950 radice

2051 3995 2173 4067 ejus
2225 3992 2513 4058 ascendet,
2559 3999 2614 4046 et
2660 3989 2969 4060 requiescet
3020 4003 3188 4060 super
3214 4003 3341 4043 eum
3390 3985 3633 4057 Spiritus

2053 4086 2151 4142 Dei
2173 4086 2253 4149 ",
2279 4103 2299 4138 ι
2338 4090 2394 4138 et
2417 4088 2613 4139 cetera
2634 4119 2650 4147 ,
2702 4079 2904 4153 quibus
2938 4078 3235 4150 adjicitur:
3273 4094 3292 4129 ι
3323 4075 3390 4131 Ει
3409 4074 3515 4131 erit
3541 4089 3632 4129 ra—

2054 4176 2148 4234 dix
2173 4176 2364 4240 Jessaz,
2410 4183 2465 4231 et
2493 4174 2587 4245 qui
2625 4178 2884 4244 exsurget
2929 4172 3203 4242 imperare
3241 4166 3517 4241 gentibus,
3572 4165 3630 4222 in

2055 4269 2175 4340 ipso
2199 4276 2390 4340 gentes
2427 4266 2730 4337 sperabunt
2759 4264 2829 4318 ⁷⁷.
2853 4283 2872 4317 ι
2913 4262 3082 4320 Vides
3117 4262 3264 4318 enim
3301 4277 3411 4333 quo
3469 4268 3632 4331 pacto

2053 4361 2143 4416 hic
2166 4376 2263 4431 per
2281 4358 2522 4414 radicem
2550 4355 2717 4413 Jessae
2736 4355 2950 4411 vocatio
2978 4355 3223 4427 gentium
3251 4352 3628 4414 annuntietur.

381 4441 647 4498 παύσεται
687 4445 773 4499 ἐπ’
811 4447 975 4502 αὐτὸν
1016 4450 1077 4503 τὸ
1109 4451 1332 4523 Πνεῦμα
1376 4453 1471 4508 τοῦ
1514 4454 1672 4521 Θεοῦ,
1709 4476 1727 4508 ι
1764 4459 1858 4511 καὶ
1887 4458 1950 4514 τά

2056 4453 2132 4509 ita
2173 4461 2234 4507 ut
2280 4450 2717 4507 additamentum
2752 4447 2910 4516 illud,
2947 4467 2966 4500 ι
3001 4445 3302 4510 ﬁliiJessae.
3337 4463 3356 4498 ι
3390 4460 3500 4500 non
3517 4443 3640 4499 fma

378 4534 526 4606 ὶξῆςο
563 4529 645 4600 οἷς
666 4536 997 4607 ἐπιλέγεται·
1031 4559 1049 4593 ι
1079 4543 1188 4596 Καὶ
1215 4543 1366 4599 ἔσται
1396 4546 1430 4617 ἡ
1457 4547 1581 4617 ῥίζα
1608 4546 1699 4601 τοῦ
1734 4548 1950 4617 Ἰεσσαὶ,

2061 4546 2264 4605 strain
2315 4544 2420 4601 hac
2469 4542 2756 4616 prophetia
2800 4540 3002 4613 jaceat.
3031 4540 3170 4597 Cum
3212 4546 3395 4596 autem
3421 4537 3636 4595 Christi

378 4626 472 4680 καὶ
501 4627 530 4681 ὁ
560 4627 914 4700 ἀνιστάμενος
953 4630 1141 4704 ἄρχειν
1177 4634 1367 4702 ἐθνῶν,
1403 4638 1489 4692 ἐπ’
1525 4638 1672 4710 αύτῷ
1709 4638 1832 4714 ἔθνη
1865 4641 1950 4695 ἐλ-

2058 4654 2286 4712 regnum
2304 4646 2358 4694 et
2390 4638 2635 4710 gentium
2674 4636 2894 4692 vocatio
2939 4635 3260 4691 annuntiata
3286 4630 3512 4697 fuerint,
3540 4630 3632 4685 hic

377 4716 611 4774 πιοῦσιν.
648 4739 667 4772 ι
710 4720 872 4794 Ὁρᾷς
902 4722 1010 4795 γάρ
1039 4723 1186 4789 ὅπως
1225 4728 1319 4781 καὶ
1361 4728 1591 4784 ἐνταῦθα
1615 4730 1703 4784 διὰ
1741 4731 1839 4802 τῆς
1870 4733 1950 4803 ῥί-

2055 4737 2459 4803 peropportunc
2494 4728 2820 4784 terminatur
2855 4725 3096 4783 secunda
3134 4739 3264 4797 pars
3297 4722 3424 4779 libri
3468 4722 3628 4779 Psal-

378 4807 479 4880 ζης
518 4809 712 4864 Ἰεσσαὶ
740 4813 773 4882 ἡ
816 4812 1005 4884 κλῆσις
1036 4815 1144 4870 τῶν
1183 4816 1351 4870 ἐθνῶν
1384 4820 1742 4890 ἁναφωνεῖται
1763 4838 1777 4853 ·
1809 4822 1949 4876 ὥστε

2055 4836 2292 4885 morum,
2319 4833 2441 4890 quae
2465 4834 2495 4873 a
2536 4818 2958 4890 quadragesimo
2998 4818 3175 4888 primo
3194 4815 3410 4888 incipit,
3457 4824 3511 4873 et
3575 4815 3630 4871 in

377 4898 455 4971 μὴ
482 4900 655 4974 μάτην
687 4902 821 4976 μηδὲ
856 4905 957 4977 τὴν
987 4905 1304 4979 προσθήκην
1331 4910 1430 4981 τὴν
1466 4929 1484 4962 ι
1523 4911 1616 4965 τοῦ
1652 4914 1768 4968 υἱοῦ
1814 4915 1946 4968 Ἰεσ-

2053 4919 2375 4985 praesentem
2402 4911 2672 4982 psalmum
2696 4909 2916 4967 desinit.

374 4993 469 5049 σαὶ
499 5014 518 5047 ι
557 4997 615 5049 ἐν
648 5000 715 5069 τῇ
758 5002 1091 5076 προκειμένῃ
1136 5002 1396 5075 φέρεσθαι
1433 5010 1754 5082 προφητείᾳ.
1787 5010 1945 5064 Κατὰ
1983 5008 2172 5081 καιρὸν
2215 5007 2272 5060 δέ
2315 5004 2583 5071 ἐνταῦθα,
2615 5004 2854 5076 Χριστοῦ
2899 5004 3173 5076 βασιλείας
3218 5005 3311 5060 καὶ
3383 5002 3632 5076 κλήσεως

374 5085 543 5141 ἐθνῶν
580 5086 1071 5163 εὐαγγελισθείσης,
1110 5092 1171 5145 τὸ
1216 5092 1464 5164 δεύτερον
1516 5097 1678 5167 μέρος
1715 5098 1816 5168 τῆς
1860 5098 2041 5169 βίϐλου
2086 5097 2194 5151 τῶν
2220 5095 2466 5168 Ψαλμῶν
2497 5094 2939 5167 περιγράφεται,
3007 5092 3308 5165 ἀρξάμενον
3357 5093 3457 5163 μὲν
3524 5095 3633 5149 ἀπὸ

375 5177 590 5250 πρώτου
635 5181 730 5233 καὶ
777 5183 1237 5252 τεσσαρακοστοῦ,
1288 5184 1597 5255 καταλῆξαν
1636 5189 1691 5241 δὲ
1736 5192 1815 5253 εἱς
1856 5191 1946 5243 τὸν
1986 5189 2124 5261 μετὰ
2157 5190 2362 5260 χεῖρας.

380 5292 511 5348 roN
561 5293 1208 5369 smrsrpsmgsggu
1227 5298 1379 5369 ⁸Τοῖ’
1429 5301 1601 5353 nam
1652 5303 1949 5357 ‘I’AAMQN

2155 5301 2592 5359 ARGUMENTA
2630 5299 3058 5361 PSALMORUM
3097 5298 3215 5369 QUI
3267 5299 3519 5357 ASAPHI

943 5365 1008 5417 Al
1051 5367 1397 5421 ﬂEPIOXM.
2575 5369 3117 5429 INSCRIBUNTUR.

1133 5457 1211 5508 A'.
2818 5459 2856 5514 ι.

441 5543 505 5598 Οἱ
523 5544 618 5599 τοῦ
645 5546 833 5617 Ἀσὰερ
854 5545 1314 5619 ἐπιγεγραμμένοι
1342 5553 1447 5606 εἱσὶ
1470 5550 1691 5625 μὲντδν
1721 5554 1950 5626 ἀριθμὸν

2124 5555 2323 5613 Psalmi
2345 5555 2437 5628 qui
2459 5553 2661 5625 Asaphi
2687 5552 3064 5610 inscribuntur
3088 5552 3373 5609 duodecim
3399 5569 3630 5616 numero

443 5699 489 5729 '°
514 5707 615 5755 Isa.
648 5717 725 5766 xI,
759 5704 807 5757 i.
886 5705 929 5735 ⁷⁷
969 5705 1101 5761 ibid.
1145 5707 1231 5763 10.

447 5811 520 5881 (l)
572 5814 911 5883 ’Υπακούειν,
938 5816 992 5873 id
1016 5826 1099 5876 cst
1130 5822 1451 5895 respondere.
1483 5816 1617 5875 Vide
1645 5819 1699 5874 in
1730 5818 2068 5877 Onomasticu
2100 5815 2165 5873 ad
2205 5817 2384 5891 Opera
2411 5817 2468 5875 S.
2501 5817 2808 5877 Athanasii.
