4056 6380
407 388 515 444 825

1078 385 1349 445 EUSEBII
1387 388 1871 450 CESARIENSIS
1906 386 2058 447 OPP.
2097 387 2280 445 PARS
2314 386 2404 445 Ill.
2434 420 2507 432 —
2538 389 2952 447 EXEGETICA.

3550 387 3656 443 ιιι

404 511 538 563 sunt
569 502 681 576 (Ι),
713 518 949 575 quorum
994 521 1138 563 unus
1177 522 1210 562 a
1242 508 1470 581 reliquis
1504 511 1760 568 undecim
1792 512 1968 583 sejun-

2081 510 2167 573 ιϐ’,
2195 507 2400 564 τούτων
2430 508 2487 563 δὲ
2516 502 2598 574 εἷς
2622 510 3030 581 ἀπεσχοίνισται
3075 511 3175 581 τῆς
3222 507 3332 563 τῶν
3358 510 3655 579 προκειμέ-

404 603 548 661 ctus,
568 610 633 650 ac
657 605 785 651 ante
801 596 1317 669 quinquagesimum
1337 602 1671 658 constitutus
1692 611 1796 660 est.
1832 604 1981 671 Qua-

401 687 746 759 dragesimus
777 702 954 743 nonus
981 689 1165 760 itaque
1188 691 1434 760 psalmus
1460 692 1660 762 Asaphi
1684 694 1979 766 inscriptus

398 783 517 832 est.
547 776 709 845 cujus
742 777 819 831 rei
850 792 1071 833 causam
1093 819 1109 841 ,
1139 781 1319 851 qualis
1348 788 1463 835 tum
1495 783 1884 848 succurrebat,
1921 784 1979 840 in

399 868 523 936 ejus
555 867 897 938 expositione
936 870 1247 927 retulimus.
1296 869 1515 929 Primus
1552 882 1732 931 autem
1771 875 1975 946 Asaphi

398 958 683 1028 psalmus,
732 959 800 1014 de
841 976 951 1030 quo
994 960 1110 1031 jam
1143 962 1344 1033 agitur,
1398 966 1718 1037 prophetam
1767 967 1978 1023 inducit

398 1046 607 1118 ingenti
640 1047 1002 1106 admiratione
1034 1059 1255 1122 captum
1282 1053 1351 1109 de
1383 1055 1800 1126 longanimitate
1828 1060 1975 1129 opti-

397 1143 472 1195 mi
522 1139 648 1205 Dei,
695 1141 872 1213 deque
913 1142 1035 1211 ejus
1068 1158 1196 1215 erga
1227 1145 1424 1218 impios
1457 1148 1782 1215 tolerantia,
1819 1150 1977 1206 item-

398 1247 509 1303 que
543 1231 612 1288 de
643 1233 805 1289 venia
838 1235 1197 1304 peccantibus
1228 1252 1513 1295 concessa.
1543 1238 1661 1306 Qua
1692 1240 1761 1297 de
1787 1258 1849 1298 re
1872 1242 1971 1298 oh-

398 1331 749 1396 stupescens,
774 1341 896 1381 sese
928 1334 987 1380 ut
1043 1328 1446 1397 pusillanimem
1476 1346 1542 1386 ac
1567 1347 1706 1402 pene
1733 1347 1974 1390 commo-

395 1423 513 1472 tum
532 1457 551 1482 ,
583 1425 747 1489 atque
775 1420 970 1474 ammte
998 1434 1192 1490 gressu
1221 1437 1476 1478 eversum
1504 1424 1789 1497 coarguit;
1825 1425 1974 1497 quod

395 1510 605 1568 videret
635 1510 928 1583 impiorum
961 1520 1014 1568 et
1053 1514 1340 1570 atheorum
1384 1516 1666 1574 hominum
1707 1534 1796 1575 res
1844 1534 1975 1590 pro-

393 1622 553 1679 spere
580 1608 797 1667 cedere.
833 1610 1107 1667 Caeterum
1136 1620 1430 1683 postquam
1465 1614 1522 1670 in
1551 1614 1824 1687 principio
1854 1631 1973 1672 rem

392 1715 539 1772 aegre
570 1699 716 1758 ferre
747 1702 902 1759 visus
937 1702 1150 1769 fuerat,
1187 1705 1243 1760 in
1274 1707 1635 1777 sequentibus
1668 1693 1970 1764 infaustum

391 1807 582 1849 eorum
620 1794 825 1850 exitum
878 1795 1211 1852 vaticinatur
1258 1797 1490 1856 dicens:
1547 1800 1796 1871 Dejecisti
1844 1818 1968 1866 eos,

389 1885 519 1940 dum
552 1886 951 1944 extollerentur.
1007 1887 1283 1955 Quomodo
1321 1892 1454 1963 facti
1492 1904 1619 1949 sunt
1655 1896 1714 1950 in
1756 1894 1973 1952 desola~

391 1978 585 2033 tionem
611 1977 789 2035 subito
812 1983 838 2036 7
866 1979 1210 2051 Defecerunt,
1245 1984 1518 2052 perierunt
1542 1995 1756 2057 propter
1782 1988 1970 2043 incon-

388 2067 769 2124 siderationem
797 2087 954 2125 suam
984 2072 1055 2137 ⁷⁸,
1084 2082 1141 2126 et
1167 2088 1292 2144 quae
1319 2082 1647 2146 sequuntur.

460 2271 752 2332 Secundus
787 2275 856 2331 de
891 2291 1001 2348 qua
1026 2292 1211 2334 rerum
1240 2279 1559 2339 conditione
1601 2281 1656 2338 in
1687 2285 1867 2355 primo
1892 2286 1970 2343 dl-

388 2370 538 2421 ctum
570 2366 642 2422 sit
668 2367 898 2436 edocet,
924 2368 1217 2441 deplorans
1238 2379 1570 2442 postremam
1596 2373 1966 2433 Romanorum

388 2466 634 2530 tempore
671 2458 1026 2536 Jerosolymaa
1063 2465 1404 2522 obsidionem
1430 2507 1446 2531 ,
1486 2466 1969 2543 obsidentiumque

388 2559 576 2610 motus
606 2561 661 2610 et
685 2563 838 2626 gesta
868 2556 1113 2613 declarat
1138 2557 1225 2614 his
1254 2559 1436 2617 verbis
1464 2580 1477 2617 :
1518 2560 1714 2634 thuid
1739 2604 1754 2629 ,
1792 2563 1965 2632 Deus,

388 2645 634 2715 repulisti
665 2647 723 2701 in
756 2648 950 2718 ﬁnem,
984 2650 1161 2705 iratus
1190 2661 1272 2707 est
1308 2653 1463 2723 furor
1497 2664 1621 2711 tuus
1662 2673 1820 2726 super
1851 2676 1967 2714 oves

386 2748 601 2804 pascuis
633 2737 1009 2809 tuw?quibus
1041 2738 1232 2809 adjicit
1265 2758 1278 2795 :
1323 2741 1494 2807 Quasi
1532 2743 1586 2797 in
1624 2744 1761 2799 silva
1801 2744 1969 2815 ligno-

388 2840 507 2883 rum
545 2828 816 2885 securibus
855 2830 1165 2886 exciderunt
1195 2834 1399 2904 januas
1438 2835 1555 2904 eius
1596 2836 1650 2891 in
1699 2836 1965 2907 idipsum,

385 2921 443 2975 in
471 2923 644 2977 securi
669 2932 721 2978 et
749 2924 899 2978 ascia
927 2922 1231 2995 dejecerunt
1269 2942 1409 2980 eam.
1455 2924 1815 2983 Incenderunt
1849 2930 1969 3001 igne

383 3010 751 3070 sanciuérium
784 3026 976 3083 tuum;
1002 3018 1204 3089 quibus
1230 3017 1426 3073 iterum
1455 3020 1767 3092 subjungit:
1801 3020 1969 3092 Signa

385 3112 573 3160 nostra
604 3120 707 3160 non
739 3106 999 3171 vidimus,
1028 3108 1148 3177 jam
1183 3118 1288 3162 non
1329 3117 1410 3162 est
1446 3108 1739 3177 propheta,
1781 3117 1833 3163 et
1870 3125 1967 3163 nos

384 3212 493 3255 nou
522 3206 798 3266 cognoscet
825 3199 1056 3269 amplius
1084 3200 1150 3254 τ’.
1183 3200 1319 3255 Nam
1349 3201 1496 3273 quod
1523 3200 1688 3266 dicit,
1723 3209 1967 3272 tempore

383 3287 696 3346 obsidionis
728 3290 893 3348 istius
920 3292 1218 3363 prophetas
1254 3308 1366 3350 non
1394 3289 1711 3363 exstitisse;
1745 3293 1798 3349 id
1836 3309 1968 3351 sane

384 3379 651 3456 postremi
682 3390 873 3438 eorum
905 3383 1105 3440 excidii
1137 3394 1520 3457 argumentum
1551 3395 1655 3442 est.
1686 3385 1813 3442 Haec
1838 3401 1968 3442 vero

383 3478 753 3542 congruenter
787 3480 912 3544 post
940 3474 1329 3540 praedictiones
1359 3479 1429 3534 de
1455 3477 1678 3533 Christo
1708 3477 1967 3549 superius

382 3561 702 3620 enuntiatus
725 3565 905 3635 posita
931 3574 1081 3622 sunt.
1112 3566 1250 3634 Quia
1275 3569 1421 3624 enim
1452 3569 1631 3639 ipsum
1657 3570 1964 3626 venientem

384 3663 499 3714 non
532 3663 900 3723 acceperunt,
935 3658 1257 3713 necessario
1294 3673 1413 3714 eam
1435 3698 1450 3722 ,
1492 3675 1614 3731 qua:
1651 3666 1775 3729 post
1812 3665 1966 3716 tanta

384 3738 444 3796 in
474 3740 756 3800 Christum
792 3743 1041 3807 facinora
1069 3749 1221 3823 ipsos
1255 3751 1494 3820 invasit,
1530 3752 1795 3808 ultionem
1825 3752 1965 3808 vati-

384 3830 624 3890 cinatur.

1123 4124 1212 4180 III.

454 4202 675 4267 Tertius
711 4212 917 4287 Asaphi
957 4218 1205 4289 psalmus
1242 4220 1297 4275 in
1339 4219 1502 4279 linem
1555 4223 1789 4279 remittit
1836 4241 1962 4281 eum

381 4297 476 4368 qui
508 4300 693 4370 priora
724 4296 920 4377 legerit
946 4347 962 4374 ,
992 4307 1357 4383 hortaturque
1383 4330 1446 4368 ne
1475 4312 1749 4385 disperdat
1779 4317 1850 4370 π.
1882 4317 1964 4372 Ad

382 4387 501 4444 haec
526 4399 707 4447 autem
735 4395 926 4452 titulus
952 4398 1223 4469 psalmum
1251 4413 1300 4457 et
1324 4403 1604 4458 canticum
1631 4404 1811 4475 ipsum
1840 4420 1964 4461 esse

381 4478 657 4548 declarat,
692 4486 823 4555 quia
853 4503 1044 4545 eorum
1077 4492 1170 4562 qui
1207 4492 1263 4546 in
1292 4492 1576 4551 Christum
1607 4495 1964 4553 crediderunt

380 4573 686 4642 gratiarum
741 4580 1012 4638 actionem
1064 4585 1474 4655 complectitur.
1524 4586 1784 4642 Divinum
1831 4590 1962 4646 item

376 4660 645 4739 judicium
670 4678 971 4738 memorat,
998 4684 1292 4745 narratque
1318 4676 1592 4746 quomodo
1615 4681 1964 4737 constituerit

380 4752 526 4811 diem
550 4754 745 4824 judicil
764 4801 779 4827 ,
803 4774 914 4832 quo
934 4762 1125 4820 reddet
1149 4767 1447 4838 unicuique
1470 4769 1772 4825 secundum
1797 4787 1960 4843 opera

381 4845 542 4915 ejus,
584 4848 660 4904 ita
702 4856 761 4906 ut
809 4852 904 4925 qui
950 4856 1007 4912 in
1052 4860 1309 4929 prmsenti
1341 4861 1453 4915 vita
1483 4863 1746 4920 aerumnis
1778 4864 1960 4920 amicti

382 4933 629 5006 fuerint,
661 4939 845 4999 futura
881 4945 937 5000 in
977 4945 1089 5004 Deo
1120 4952 1362 5020 reposita
1394 4968 1491 5023 spe
1519 4970 1630 5010 non
1660 4954 1918 5013 excidant
1944 4975 1959 5025 ;

383 5030 480 5101 qui
514 5046 648 5088 vero
689 5033 792 5090 hoc
825 5042 1071 5108 tempore
1100 5041 1229 5095 elati
1274 5052 1466 5098 contra
1495 5044 1775 5103 Christum
1805 5063 1961 5104 arro-

382 5132 577 5193 ganter
606 5126 854 5195 egerint,
886 5129 1149 5185 ultionem
1192 5129 1249 5186 in
1281 5133 1469 5189 futura
1498 5136 1609 5191 vita
1640 5153 1753 5193 non
1790 5136 1964 5193 decli—

380 5222 533 5272 nent.
579 5215 924 5290 Quapropter
963 5237 1032 5276 ex
1073 5237 1307 5292 persona
1352 5228 1765 5298 apostolorum,
1795 5226 1963 5284 disci-

383 5308 639 5379 pulorum
668 5317 724 5365 et
762 5313 1227 5384 evangelistarum
1272 5317 1579 5376 Salvatoris
1620 5321 1802 5377 nostri
1844 5321 1961 5377 haec

381 5402 704 5472 pronuntiat
733 5420 748 5457 :
781 5401 1163 5475 Conﬁtebimur
1190 5411 1320 5476 tibi,
1342 5411 1509 5478 Deus,
1534 5421 1584 5468 et
1606 5414 1963 5469 inuocabimus

381 5510 569 5551 nomen
599 5505 766 5559 tuum.
794 5497 871 5554 De
893 5498 961 5556 iis
986 5516 1118 5557 vero
1141 5503 1236 5576 qui
1261 5504 1319 5559 in
1342 5502 1685 5563 Salvatorem
1710 5512 1962 5563 nostrum

2080 619 2186 657 νων
2218 608 2285 657 ια’
2313 604 2625 672 συναφείας,
2655 602 3054 657 κατατέτακται
3089 603 3146 656 δὲ
3177 601 3283 674 πρὸ
3319 599 3413 655 τοῦ
3445 607 3485 655 ν’
3517 601 3657 670 ψαλ-

2082 694 2207 766 μοῦ.
2225 696 2283 750 '0
2312 695 2446 765 γοῦν
2494 695 2578 768 μθ⁸
2609 696 3011 768 ἐπιγέγραπται
3055 695 3160 751 τοῦ
3202 692 3416 764 Ἇσάφδ
3452 693 3551 765 τὴν
3596 694 3654 748 δὲ

2079 789 2453 844 ὑποπεσοῦσαν
2500 792 2630 862 ἡμίν
2676 791 2855 846 αἰτίαν
2898 790 3027 854 τοὺς
3071 790 3267 852 τόπους
3303 786 3649 859 διηγούμενοι

2078 881 2493 954 παρεθήκαμεν.
2519 883 2749 952 Είσάγει
2777 883 2834 937 δὲ
2865 883 2895 936 ό
2930 881 3068 955 μετά
3093 885 3281 954 χεῖρας
3312 880 3530 953 πρῶτος
3576 880 3652 935 ὢν

2074 973 2171 1028 τοῦ
2202 973 2396 1044 Ἀσάφ,
2420 974 2511 1028 τὸν
2537 976 2820 1047 προφήτην
2847 972 3335 1046 ύπερθαυμάζοντα
3356 973 3416 1027 τὸ
3443 973 3652 1044 μακρό-

2078 1065 2246 1137 θυμον
2278 1065 2371 1120 τοῦ
2402 1067 2716 1137 παναγάθου
2748 1065 2907 1130 Θεοῦ,
2946 1066 3042 1119 καὶ
3075 1064 3171 1137 τὴν
3202 1065 3295 1118 ἐπὶ
3319 1067 3430 1128 τοῖς
3460 1063 3653 1118 ἀσεϐέ-

2078 1174 2163 1212 σιν
2190 1157 2539 1226 ἀνεξικακίαν
2566 1159 2753 1224 αύτοῦ,
2783 1160 2883 1231 τήν
2910 1175 2969 1212 τε
2998 1157 3337 1229 ἐνδιδομένην
3366 1154 3652 1228 συγχώρη-

2078 1268 2163 1306 σιν
2206 1255 2315 1317 τοῖς
2342 1252 2747 1324 ἁμαρτάνουσιν
2767 1269 2780 1282 ·
2812 1253 2879 1323 ἢν
2906 1248 3500 1322 ύπερεκπληττόμενος,
3525 1249 3653 1301 ἑαυ-

2073 1345 2168 1400 τοῦ
2196 1348 2495 1418 κατηγορεῖ
2520 1346 2596 1410 ὡς
2616 1344 3065 1416 όλιγοψυχοῦντος
3085 1343 3180 1398 καὶ
3203 1341 3400 1414 μικροῦ
3425 1342 3536 1395 δεῖν
3557 1358 3652 1395 σα-

2073 1436 2375 1502 λευθέντος,
2398 1437 2612 1509 καὶτῆς
2645 1437 2822 1510 ψυχῆς
2853 1436 2953 1500 τὰς
2984 1436 3169 1507 βάσεις
3197 1434 3648 1507 περιτραπέντος,

2072 1530 2140 1584 δι’
2159 1529 2226 1593 ἃς
2254 1527 2401 1602 έώρα
2421 1529 2530 1584 τῶν
2548 1529 2758 1586 ἀσεϐῶν
2780 1529 2874 1583 καὶ
2896 1528 3072 1583 ἀθέων
3091 1527 3300 1600 ἀνδρῶν
3323 1527 3648 1597 εὐπραγίας.

2073 1621 2219 1693 Πλὴν
2266 1622 2718 1693 ἀποδυσπετήσας
2763 1621 2822 1674 έν
2870 1623 2984 1692 τοῖς
3029 1620 3284 1693 πρώτοις,
3313 1617 3518 1689 προῖὼν
3550 1618 3651 1690 τὴν

2072 1713 2452 1786 καταστροφὴν
2481 1714 2662 1769 αὐτῶν
2688 1713 2932 1778 θεσπίζει
2948 1712 3125 1782 λέγων
3143 1729 3158 1745 ·
3182 1710 3520 1777 Κατέὅαλες
3539 1712 3649 1766 αὐ-

2072 1806 2216 1871 τοὺς
2244 1808 2315 1860 ὲν
2340 1806 2421 1870 τῷ
2444 1805 2797 1876 ἐπαρθῆναι.
2829 1804 2963 1871 Πῶς
2999 1803 3276 1875 ἐγένοντο
3308 1805 3396 1870 είς
3431 1800 3654 1872 ἐρήμω-

2005 1861 2045 1917 B
2070 1914 2176 1954 σιν
2193 1861 2455 1966 έξάπινα
2471 1916 2489 1963 ;
2507 1861 2844 1964 ἐξέλιπον,
2874 1861 3188 1952 ἀπώλοντο
3210 1894 3308 1950 διὰ
3330 1861 3653 1964 τίειν

2068 1988 2214 2042 λίαν
2239 1985 2459 2053 αὐτῶν,
2494 1987 2590 2042 καὶ
2620 1985 2691 2041 τὰ
2720 1987 2931 2051 τούτοις
2959 1983 3249 2041 ἀκόλουθα.

2820 2187 2897 2242 B’.

2150 2277 2209 2333 '0
2235 2276 2483 2351 δεύτερος
2503 2277 2597 2331 ἐπὶ
2629 2276 2808 2342 ποίαις
2827 2276 3211 2350 περιστάσεσιν
3233 2273 3302 2329 τά
3320 2275 3380 2328 ὲν
3399 2272 3478 2345 τῷ
3502 2289 3653 2342 πρωσ

2067 2387 2147 2442 τῳ
2178 2370 2402 2424 λέλεκτο
2426 2370 2688 2436 διδάσκει,
2719 2369 3122 2442 ἀποδυρόμενος
3161 2367 3258 2439 τῆς
3293 2365 3651 2438 Ἰερουσαλὴμ

2054 2450 2166 2535 ’τὴν
2198 2462 2433 2535 ἐσχάτην
2465 2461 2801 2535 πολιορκίαν,
2835 2462 2903 2533 ἣν
2933 2460 3199 2515 πέπονθεν
3238 2458 3334 2514 ἐπὶ
3364 2459 3475 2512 τῶν
3517 2458 3650 2513 Ῥω-

2073 2553 2284 2624 μαῖκῶν
2315 2553 2544 2626 χρόνων,
2577 2552 2858 2625 σημαίνων
2901 2568 2964 2605 τε
3010 2551 3108 2622 τὴν
3151 2550 3517 2605 ἐπανάστασιν
3540 2547 3652 2603 τῶν

2068 2644 2159 2698 τὸν
2205 2644 2369 2698 τόπον
2414 2642 2919 2716 πολιορκησάντων·
2951 2644 2979 2697 δ
3002 2644 3066 2716 δὴ
3101 2644 3401 2716 παρίστησι
3433 2641 3644 2713 φήσαςο

2070 2738 2201 2791 Ἵνα
2214 2736 2292 2801 τί,
2322 2739 2355 2791 ό
2381 2735 2545 2801 Θεὸς,
2563 2735 2781 2791 ἀπώσω
2806 2737 2894 2802 είς
2908 2735 3101 2802 τέλος,
3127 2735 3386 2806 ὠργίσθη
3409 2736 3444 2789 ό
3464 2733 3655 2804 θυμός

2068 2844 2185 2884 σου
2225 2828 2326 2883 ἐπὶ
2364 2829 2629 2899 πρόϐατα
2670 2828 2863 2900 νομῆς
2907 2844 3057 2892 σου;
3089 2823 3187 2893 Οἷς
3218 2826 3345 2898 ἑξῆς
3373 2826 3612 2896 ἐπιλέγει
3631 2843 3646 2858 ο

2079 2919 2175 2986 Ὠς
2193 2922 2264 2976 ἐν
2283 2918 2484 2992 δρυμῷ
2513 2921 2716 2987 ξύλων
2736 2920 2974 2986 ἀξίναις
3001 2918 3305 2990 ἐξέκοψαν
3331 2919 3438 2985 τὰς
3470 2920 3656 2988 θύρας

2067 3013 2259 3083 αὐτῆς
2282 3013 2382 3067 ἐπὶ
2407 3011 2477 3067 τὸ
2503 3012 2671 3077 αὐτὸ,
2695 3011 2766 3066 έν
2794 3012 3013 3067 πέλυκι
3037 3011 3137 3067 καὶ
3162 3010 3532 3080 λαξευτηρίῳ
3549 3028 3654 3067 κα-

2068 3104 2361 3174 τέρῤαξαν
2379 3104 2592 3174 αὐτήν.
2611 3105 3002 3173 Ἐνεπύρισαν
3017 3104 3087 3158 ἐν
3109 3102 3253 3174 πυρί
3283 3102 3351 3157 τὸ
3371 3102 3653 3173 ἀτιαστή-

2063 3197 2201 3267 ριόν
2229 3210 2347 3251 σου
2364 3212 2380 3227 ’
2407 3190 2490 3260 οἷς
2514 3192 2670 3259 αὖθις
2704 3195 2945 3264 ἐπιλέγει
2965 3212 2980 3226 ·
3008 3195 3082 3249 Τὰ
3101 3194 3321 3265 σημεῖα
3344 3192 3514 3264 ἡμῶν
3540 3196 3653 3250 οὐκ

2066 3288 2325 3360 εἴδομεν·
2357 3290 2469 3342 οὐκ
2513 3287 2687 3341 ἐστιν
2730 3285 2819 3340 ἔτι
2872 3286 3203 3357 προφήτης,
3235 3286 3332 3341 καὶ
3374 3283 3532 3356 ἡμᾶς
3579 3287 3653 3342 οὐ

2067 3379 2359 3450 γνώσεται
2384 3379 2470 3433 ἔτι
2490 3396 2504 3410 ·
2531 3377 2609 3450 τῷ
2633 3377 2742 3450 γάρ
2772 3378 2999 3448 φάσκειν
3033 3378 3231 3450 μηκέτι
3256 3379 3537 3451 προφήτας
3556 3393 3650 3446 γε-

2067 3470 2285 3539 γονέναι
2317 3469 2460 3524 κατά
2486 3469 2587 3541 τὴν
2618 3468 2954 3541 δηλουμένην
2980 3469 3292 3541 πολιορκίαν
3331 3471 3549 3540 σημεῖον
3576 3462 3648 3539 ἦν

2065 3561 2167 3633 τῆς
2197 3560 2433 3631 ὑπάτης
2482 3559 2659 3614 αὐτῶν
2709 3561 3337 3625 ἀποπτώσεως.Ἕπεται
3379 3560 3435 3614 δὲ
3476 3559 3647 3614 ταῦτα

2069 3652 2277 3725 σφόδρα
2303 3650 2611 3716 ἀκολούθως
2640 3654 2765 3717 ταῖς
2794 3651 2884 3706 διὰ
2919 3650 3029 3705 τῶν
3060 3651 3371 3723 ἔμπροσθεν
3401 3651 3529 3723 περὶ
3552 3648 3647 3704 τοῦ

2066 3742 2305 3817 Χριστοῦ
2337 3742 2643 3814 λεχθείσαις
2675 3743 3065 3816 προρρήσεσιν.
3085 3740 3302 3813 Ἐπειδὴ
3333 3741 3442 3813 γάρ
3472 3732 3651 3795 ἐλθόν-

2065 3854 2133 3890 τα
2155 3835 2320 3890 αὐτὸν
2347 3834 2422 3908 μὴ
2446 3836 2828 3909 παρεδέξαντο,
2853 3835 3165 3905 ἀναγκαίως
3191 3835 3291 3908 τὴν
3319 3833 3653 3888 ἐπελθοῦσαν

2064 3929 2251 3991 αὐτοῖς
2278 3927 2449 4000 ὀργὴν
2484 3928 2625 4001 μετά
2666 3926 2734 3983 τά
2765 3928 2886 3984 κατ’
2911 3926 3077 3983 αὐτοῦ
3105 3925 3443 3999 τολμηθέντα
3470 3926 3653 3992 αὐτοῖς

2065 4016 2335 4083 θεσπίζει.

2816 4131 2891 4186 Γ’.

2146 4222 2205 4276 Ὀ
2233 4222 2416 4296 τρίτος
2441 4223 2534 4277 τοῦ
2576 4221 2748 4294 Ἀσάφ
2776 4224 2858 4288 είς
2885 4222 2947 4277 τὸ
2966 4222 3119 4286 τέλος
3148 4223 3511 4296 παραπέμπει
3559 4222 3652 4277 τὸν

2064 4315 2177 4378 τοῖς
2208 4314 2497 4386 προτέροις
2526 4314 2944 4387 ὲντετυχηκότα,
2976 4314 3072 4367 καὶ
3108 4316 3367 4386 παραινεῖ
3400 4312 3486 4384 μὴ
3520 4313 3649 4368 δια-

2066 4404 2317 4474 φθεῷαι.
2336 4405 2661 4478 Ἐπιγράφει
2686 4424 2746 4460 τε
2777 4404 2915 4478 πρὸς
2938 4405 3168 4471 τούτοις,
3204 4408 3287 4461 ὅτι
3319 4406 3413 4461 καὶ
3438 4405 3652 4477 ψαλμὸς

2066 4499 2152 4570 εἴη
2204 4498 2298 4552 καὶ
2342 4497 2488 4569 ᾠδήο
2523 4497 2710 4569 ἐπειδὴ
2762 4498 3007 4570 περιέχει
3052 4498 3403 4571 εὐχαριστίαν
3429 4498 3537 4553 τῶν
3569 4499 3651 4563 είς

2067 4589 2160 4643 τὸν
2208 4588 2442 4660 Χριστὸν
2472 4589 2934 4643 πεπιστευκότων.
2968 4589 3081 4644 Καὶ
3124 4589 3220 4661 τὴν
3266 4588 3359 4644 τοῦ
3398 4587 3534 4642 Θεοῦ
3574 4588 3653 4643 δι-

2069 4683 2414 4755 καιοκρισίαν
2443 4680 2740 4756 παρίστησι
2765 4683 3030 4739 διδάσκων
3073 4685 3224 4750 ὅπως
3268 4684 3496 4759 ἔστησεν
3522 4685 3652 4757 ἡμέ-

2072 4793 2174 4847 ραν
2207 4776 2460 4848 κρίσεως,
2495 4768 2610 4851 ὲνῇ
2642 4775 2909 4832 ἀποδώσει
2951 4777 3167 4849 ἑκάστῳ
3214 4778 3357 4833 κατά
3404 4775 3473 4834 τά
3514 4777 3652 4848 ἔργα

2070 4866 2258 4924 αὐτοῦ.
2285 4868 2396 4922 Καὶ
2425 4867 2548 4922 οὔτε
2580 4871 2629 4922 οί
2659 4869 2802 4924 κατά
2834 4870 2928 4924 τὸν
2954 4870 3197 4943 παρόντα
3229 4870 3345 4942 βίον
3371 4869 3653 4941 κακούμε-

2069 4977 2149 5014 νοι
2172 4962 2272 5032 τῆς
2305 4961 2456 5032 παρά
2481 4960 2558 5033 τῷ
2591 4960 2710 5033 Θεῷ
2742 4962 3043 5035 μελλούσης
3072 4962 3286 5028 ἐλπίδος
3314 4961 3655 5016 ἀποπεσοῦν-

2068 5068 2179 5119 ται,
2199 5050 2312 5105 οὗθ’
2329 5054 2377 5105 οί
2407 5054 2547 5107 κατά
2576 5053 2666 5107 τὸν
2685 5054 2957 5109 ἐνεστῶτα
2987 5054 3177 5126 καιρὸν
3203 5052 3531 5129 ἐπαρθέντες
3556 5052 3652 5106 καὶ

2069 5142 2662 5217 καταλαζονευσάμενοι
2703 5145 2799 5200 τοῦ
2829 5146 3066 5218 Χριστοῦ
3095 5143 3441 5218 ἀτιμώρητον
3466 5142 3650 5210 ἕξουσι

2066 5236 2155 5290 τὸν
2194 5236 2331 5308 μετά
2365 5238 2539 5292 ταῦτα
2568 5239 2702 5310 βίον.
2730 5239 2820 5293 Διὸ
2864 5240 2928 5294 ὲκ
2969 5237 3260 5314 προσώπου
3293 5238 3392 5310 μὲν
3414 5237 3524 5291 τῶν
3554 5234 3650 5290 τοῦ

2068 5325 2318 5399 Σωτῆρος
2341 5325 2502 5399 ἡμῶν
2529 5329 2842 5384 ἀποστόλων
2868 5329 2962 5385 καὶ
3005 5328 3265 5403 μαθητῶν
3296 5328 3389 5383 καὶ
3418 5328 3651 5396 εὐαγγε-

2067 5415 2264 5471 λιστῶν
2308 5420 2584 5489 ἀναφωνεῖ
2637 5421 2727 5475 τό·
2773 5420 3363 5494 Ἐξομολογησὸμεθά
3423 5434 3524 5475 σοι
3548 5458 3565 5484 ,
3615 5419 3650 5472 ὁ

2074 5509 2236 5577 Θεὸς,
2261 5510 2360 5565 καί
2401 5511 2880 5585 ἐπικαλεσάμεθα
2905 5514 2975 5571 τὸ
3010 5514 3200 5588 ὄνομά
3221 5529 3340 5570 σου
3357 5529 3374 5545 σ
3429 5511 3558 5588 περὶ
3590 5505 3652 5565 ἃ

453 5650 502 5684 ⁷⁸
544 5649 690 5708 Psal.
713 5668 884 5722 um,
924 5657 1012 5724 18,
1040 5658 1129 5716 l9.
1203 5660 1248 5690 7’
1276 5658 1425 5718 Psal.
1452 5675 1646 5727 Lxxm,
1674 5660 1783 5719 1-9.
1863 5661 1908 5696 ⁸⁸
1938 5661 1968 5719 1³

2072 5701 2085 5717 .
2103 5678 2288 5734 LXXIV,
2308 5664 2359 5720 1.

459 5829 535 5901 (ι)
574 5829 702 5890 Vide
730 5848 896 5907 supra
934 5834 1000 5888 ad
1036 5836 1174 5905 psal.
1205 5850 1329 5891 χιιι
1368 5834 1539 5891 initio.
