4056 6374
352 399 459 456 825

1481 383 1990 446 COMMENTARIA
2031 380 2100 436 IN
2127 377 2472 439 PSALMOS.

3519 367 3628 424 826

351 520 465 573 τῶν
489 517 556 573 τὰ
587 517 727 572 κατὰ
751 516 841 571 τοῦ
870 514 1296 588 Σωτῆροςήμῶν
1319 513 1711 585 τολμησάντων
1736 513 1942 581 προῖων
1971 544 1983 569 λ

2083 505 2177 558 ilia
2209 519 2330 558 auSI
2365 508 2495 558 sunt
2527 497 2632 556 sub
2669 497 2785 552 haec
2815 494 3008 566 adjicit
3039 512 3052 549 :
3087 491 3216 547 Dixi
3245 490 3440 560 iniquis
3465 486 3636 543 :aNo-

356 613 550 681 ἐπάγει
581 612 662 665 τό·
698 607 855 664 Εἷπα
883 608 1009 674 τοῖς
1045 606 1466 678 παρανομοῦσι
1486 620 1498 633 ·
1545 603 1642 672 Μὴ
1693 617 1946 671 παρανο-

350 704 536 776 μεῐτε,
568 703 665 757 καὶ
711 701 838 766 τοῖς
877 700 1318 770 ἁμαρτάνουσι·
1349 697 1446 766 Μὴ
1478 697 1713 765 ὐψοῦτε
1745 694 1942 763 κέρας.

358 796 455 864 Μὴ
487 796 758 864 ἐπαίρετε
788 796 876 858 εἰς
896 794 1056 862 ὕψος
1073 791 1140 846 τὸ
1161 791 1341 861 κέρας
1371 789 1558 860 ὑμῶν,
1579 787 1665 858 μὴ
1706 785 1950 842 λαλεῖτε

360 891 512 943 κατὰ
543 888 651 943 τοῦ
686 887 834 942 Θεοῦ
885 885 1141 940 ἀδικίαν.
1183 883 1296 940 Εἶθ’
1333 883 1460 948 ἑξῆς
1489 881 1549 946 ἐξ
1579 879 1747 935 αὑτοῦ
1782 896 1950 949 προσ-

359 978 511 1033 ώπου
550 977 643 1031 τοῦ
672 977 908 1049 Χριστοῦ
942 976 1193 1048 ἐπιφέρει
1226 975 1316 1028 τό·
1362 972 1504 1042 Ἐγὼ
1539 970 1607 1024 δὲ
1634 966 1952 1038 ἀπαγγελῶ

357 1069 450 1134 είς
490 1068 597 1122 τὸν
632 1066 841 1131 αἰῶνα,
879 1065 1060 1137 ψαλῶ
1091 1064 1173 1131 τῷ
1200 1063 1323 1130 Θεῷ
1357 1063 1574 1120 Ἰακὼϐ.
1601 1060 1714 1114 Καὶ
1755 1058 1954 1112 πάντα

360 1156 436 1214 τὰ
464 1159 682 1229 κέρατα
707 1156 827 1212 τῶν
845 1155 1210 1228 ἁμαρτωλῶν
1228 1153 1580 1216 συνθλάσω,
1605 1149 1701 1204 καὶ
1720 1149 1954 1220 ὑψωθή·

358 1267 534 1308 σεται
568 1253 639 1308 τὰ
675 1251 893 1308 κέοατα
927 1250 1034 1306 τοῦ
1059 1249 1316 1303 δικαίου.

1127 1366 1203 1418 Δ’.

435 1458 548 1514 Καὶ
579 1460 608 1512 ὀ
635 1457 827 1530 παρὼν
840 1455 1054 1527 ψαλμδς
1085 1455 1336 1508 λέλεκται
1352 1455 1455 1507 Ἑν
1481 1452 1728 1522 ὕμνοις·
1759 1450 1820 1504 οὐ
1855 1448 1953 1521 μό-

365 1568 456 1607 νον
482 1550 620 1605 ἀλλὰ
666 1551 760 1604 καὶ
800 1549 913 1621 ᾠδὴ
953 1549 1210 1619 τυγχάνει
1237 1546 1642 1616 ἀναπέμπουσα
1672 1547 1751 1608 εἰς
1779 1544 1840 1597 τὸ
1865 1543 1958 1596 τέ-

366 1643 478 1708 λος.
513 1643 818 1714 Διαγράφει
863 1641 920 1696 δὲ
953 1640 1062 1694 τῶν
1098 1640 1198 1711 μὲν
1235 1637 1550 1694 ἀποστόλων
1581 1637 1676 1690 τοῦ
1707 1635 1961 1706 Σωτῆρος

368 1738 464 1791 καὶ
498 1739 598 1809 τῆς
636 1733 961 1806 Ἐκκλησιας
989 1731 1152 1788 αὑτοῦ
1185 1731 1284 1804 τὴν
1324 1731 1643 1799 ἀσφάλειαν,
1689 1727 1857 1783 αὑτοῦ
1903 1727 1962 1780 δὲ

367 1831 469 1902 τὴν
495 1831 552 1884 ὲν
576 1829 768 1900 εἰρήνῃ
802 1826 966 1899 μονὴν
989 1827 1084 1880 καὶ
1108 1826 1318 1888 στάσιν,
1337 1826 1432 1877 καὶ
1459 1824 1558 1894 τὴν
1581 1821 1674 1876 ἐπὶ
1700 1822 1800 1892 τῆς
1828 1820 1964 1872 Ἰου-

369 1921 529 1984 δαίας
561 1920 867 1992 παρουσίαν
887 1935 901 1948 ο
940 1918 1034 1972 καὶ
1054 1917 1130 1981 ὡς
1151 1919 1186 1989 ἠ
1215 1915 1442 1987 ἀληθινὴ
1462 1913 1629 1968 αὑτοῦ
1660 1911 1839 1976 πόλις,
1867 1910 1962 1963 καὶ

369 2013 433 2067 τὸ
465 2011 604 2067 Σιὼν
634 2012 760 2085 ὅρος
780 2012 842 2066 τὸ
874 2009 1128 2082 ἀληθινὸν
1169 2007 1336 2062 αὐτοῦ
1375 2008 1689 2080 οἰκητήριον
1732 2004 1963 2058 πάντοτε

373 2106 735 2181 εἰρηνεύεται,
782 2105 906 2159 οὐδὲ
944 2102 1166 2157 πώποτε
1199 2100 1414 2173 ἐχθροῖς
1445 2098 1758 2170 ὑποχείριον
1784 2095 1967 2165 γιγνό-

377 2201 636 2273 μενον.“⁹υ
669 2198 733 2268 δὴ
762 2196 1017 2268 σημαίνει
1041 2193 1214 2261 λέγων
1233 2208 1246 2222 ·
1295 2189 1582 2255 Γνωστὸς
1617 2189 1688 2242 ἐν
1715 2185 1790 2256 τῇ
1823 2188 1965 2240 ἰου-

371 2294 514 2361 δαίᾳ
544 2296 576 2348 ό
612 2293 777 2357 Θεὸς,
802 2291 875 2344 ἐν
895 2287 977 2353 τῷ
1015 2283 1257 2356 Ἰσραὴλ
1275 2282 1432 2354 μέγα
1452 2281 1516 2335 τὸ
1540 2280 1730 2349 ὄνομα
1758 2275 1965 2332 αὐτοῦ.

387 2384 670 2456 Ἐγ-ενήθη
695 2381 904 2452 εἰρήνη
931 2383 963 2434 ό
985 2379 1170 2441 τόπος
1192 2375 1381 2430 αὑτοῦ
1405 2372 1590 2428 καὶτὸ
1620 2365 1974 2436 κατοικητή-

373 2492 507 2546 ριον
529 2472 718 2528 αὐτοῦ
743 2473 815 2525 ἐν
835 2468 1012 2525 Σιών.
1037 2463 1150 2521 Εἴθ’
1172 2464 1300 2536 ἑξῆς
1325 2463 1434 2517 τῶν
1457 2460 1666 2534 ἐχθρῶν
1690 2457 1857 2514 αὐτοῦ
1877 2458 1972 2512 καὶ¹

376 2566 486 2620 τῶν
512 2567 612 2636 τῆς
643 2561 970 2634 Ἐκκλησίας
990 2557 1156 2614 αὐτοῦ
1186 2556 1462 2627 πολεμίων
1483 2555 1584 2626 τὴν
1606 2552 1816 2606 πτῶσιν
1842 2565 1974 2620 παρ-

382 2661 594 2731 ίστησιν
642 2651 744 2711 ὧδε
794 2656 1048 2725 φάσκων·
1098 2650 1262 2706 Ἐκεῖ
1291 2648 1622 2717 συνέτριψε
1665 2643 1738 2698 τὰ
1786 2641 1972 2712 κράτη

379 2749 500 2805 τῶν
546 2748 758 2815 τόξων,
790 2746 986 2800 ὅπλον
1035 2743 1134 2796 καὶ
1161 2741 1471 2810 ῥομφαίαν
1523 2737 1622 2791 καὶ
1671 2737 1974 2804 πόλεμον·

381 2841 478 2898 καὶ
511 2840 702 2895 πάλινο
754 2835 1206 2906 Ἐταράχθησαν
1232 2831 1457 2896 πάντες
1478 2833 1534 2884 οὶ
1578 2830 1864 2883 ἁσύνετοι
1902 2823 1977 2893 τῇ

384 2931 618 3003 καρδίᾳ.
655 2927 977 2982 Ὗπνωσαν
1022 2925 1224 2979 ὕπνον
1252 2919 1472 2987 αὐτῶν,
1511 2921 1610 2974 καὶ
1649 2921 1763 2987 οὐχ
1799 2915 1981 2989 εὖρον

385 3024 569 3081 οὐδὲν
599 3021 824 3087 πάντες
848 3023 903 3075 οι
931 3018 1146 3088 ἄνδρες
1169 3017 1276 3072 τοῦ
1304 3016 1576 3070 πλούτου
1618 3012 1749 3079 ταῖς
1771 3013 1984 3083 χερσὶν

383 3116 604 3175 αὐτῶν.
622 3113 754 3170 Ἀπὸ
781 3108 1176 3181 ἐπιτιμήσεως
1196 3123 1334 3172 σου,
1360 3110 1392 3161 ό
1424 3105 1569 3170 Θεὸς
1604 3103 1822 3170 Ἰακὼϐ,
1849 3105 1984 3159 ἐνύ-

387 3211 625 3276 σταξαν
653 3204 876 3269 πάντες
905 3205 959 3258 οἱ
991 3200 1408 3268 ἐπιϐεϐηκότες
1432 3197 1575 3262 τοὺς
1612 3197 1838 3261 ἵππους
1857 3210 1872 3227 ο
1903 3191 1985 3260 οἷς

389 3302 748 3362 ὲπισυνάπτει
783 3297 882 3368 τὴν
912 3293 1122 3359 ἔνδοξον
1149 3292 1243 3346 τοῦ
1279 3291 1531 3361 Σωτῆρος
1561 3292 1866 3362 παρουσίαν
1895 3289 1985 3342 λέ-

386 3417 499 3470 γων
518 3414 532 3430 ·
579 3397 675 3449 Ἐκ
704 3391 810 3447 τοῦ
835 3387 1096 3458 οὐρανοῦ
1125 3387 1460 3455 ηκούτισας
1492 3383 1718 3451 κρίσιν,
1744 3380 1823 3451 γῆ
1845 3381 1986 3451 ἐφο-

2048 595 2145 649 lite
2172 595 2352 664 inique
2377 607 2572 663 agere;
2600 598 2647 643 et
2679 585 3104 659 delinquentibus
3132 601 3157 638 ε
3182 580 3368 636 Nolite
3394 581 3637 634 exaltare

2048 703 2234 740 cornu.
2271 683 2453 738 Nolite
2478 682 2734 738 extollere
2763 684 2817 734 in
2849 679 3020 733 altum
3049 691 3214 731 cornu
3243 682 3477 727 uestrum
3496 710 3512 736 ,
3542 685 3638 723 no-

2049 779 2142 832 lite
2178 776 2324 846 loqui
2367 774 2624 828 adversus
2666 773 2838 826 Deum
2879 770 3237 839 iniquitatem.
3267 764 3474 818 Deinde
3508 775 3640 815 vero

2050 887 2115 925 ex
2150 883 2385 939 persona
2415 867 2591 936 ipsius
2621 863 2830 920 Christi
2863 862 3051 916 addit:
3089 858 3200 929 Ego
3232 867 3408 910 autem
3439 869 3642 908 annun-

2054 959 2198 1014 tiabo
2244 960 2298 1012 in
2341 956 2637 1020 sarculum,
2688 953 2916 1008 cantabo
2960 952 3071 1006 Deo
3111 949 3300 1005 Jacob.
3351 946 3420 1000 Et
3459 945 3640 999 omnia

2053 1067 2255 1106 cornua
2311 1059 2651 1118 peccatorum
2707 1047 3091 1116 confringam,
3149 1051 3200 1098 et
3255 1038 3639 1096 excitabuntur

2054 1161 2256 1198 cornua
2276 1143 2438 1213 justi.
3459 1117 3461 1120 λ

2805 1356 2896 1412 IV.

2128 1455 2381 1511 Praesens
2418 1465 2642 1524 quoque
2677 1449 2925 1522 psalmus
2955 1445 3021 1500 In
3073 1445 3288 1517 hymnis
3325 1446 3369 1478 "
3403 1443 3644 1510 dicitur;

2061 1549 2194 1620 quin
2236 1546 2402 1602 etiam
2442 1543 2723 1600 canticum
2760 1548 2842 1596 est
2879 1538 2947 1594 ad
2989 1539 3151 1595 linem
3192 1539 3504 1594 remittens.
3543 1535 3648 1591 De-

2063 1640 2256 1698 scribit
2301 1651 2431 1692 vero
2479 1635 2860 1707 apostolorum
2920 1632 3233 1686 Servatoris
3283 1641 3336 1686 et
3389 1629 3650 1685 Ecclesia:

2061 1735 2240 1806 ipsius
2281 1730 2678 1796 securitatem;
2723 1727 2901 1798 ipsius
2937 1740 3071 1780 vero
3109 1724 3317 1779 Christi
3362 1724 3650 1796 pacificum

2065 1824 2405 1879 mansionem
2441 1828 2496 1876 et
2531 1830 2735 1876 statum
2763 1859 2778 1883 ,
2811 1818 3043 1888 ejusque
3077 1817 3132 1871 in
3166 1813 3410 1870 Iudaeam
3445 1815 3654 1870 adven-

2065 1919 2205 1974 tum.
2264 1911 2574 1983 Narratque
2630 1925 2816 1966 veram
2865 1909 2987 1978 ejus
3046 1907 3363 1972 civitatem,
3414 1913 3468 1962 et
3520 1905 3654 1961 Sion

2065 2015 2308 2062 montem
2331 2045 2347 2070 ,
2382 2005 2506 2071 eius
2537 2017 2727 2058 verum
2764 1999 3105 2056 domicilium
3132 2039 3146 2063 ,
3185 1998 3240 2054 in
3273 2013 3406 2070 pace
3438 2013 3656 2068 semper
3706 2013 3707 2020 ‘

2067 2097 2310 2162 versari,
2351 2112 2530 2166 neque
2569 2107 2812 2164 unquam
2844 2092 2900 2146 in
2930 2090 3176 2144 hostium
3215 2089 3482 2144 ditionem
3523 2103 3660 2142 ven-

2069 2198 2256 2245 turum
2285 2203 2431 2245 esse.
2477 2186 2636 2254 Quod
2677 2199 2812 2241 sane
2847 2182 2934 2237 his
2966 2182 3152 2237 verbis
3185 2180 3495 2252 signiﬁcat:
3539 2177 3593 2233 Ν
3599 2195 3660 2234 o-

2072 2293 2156 2339 tus
2195 2285 2249 2339 in
2277 2281 2476 2338 Judtea
2509 2280 2652 2336 Deus
2675 2321 2690 2345 ,
2724 2280 2778 2333 in
2814 2277 2990 2332 Israel
3023 2289 3276 2346 magnum
3307 2290 3492 2328 nomen
3523 2273 3660 2341 ejus.

2073 2375 2280 2431 Factus
2306 2384 2386 2432 est
2415 2390 2523 2444 pax
2550 2374 2698 2428 locus
2731 2373 2846 2441 ejus
2868 2410 2882 2435 ,
2909 2379 2959 2424 et
2988 2368 3251 2422 habitatio
3281 2365 3398 2437 ejus
3427 2367 3481 2420 in
3509 2364 3664 2421 Sion.

2077 2466 2195 2522 Sub
2229 2467 2345 2521 haec
2378 2464 2729 2520 inimicorum
2783 2463 2904 2532 ejus
2926 2501 2940 2524 ,
2987 2475 3205 2517 necnon
3249 2459 3509 2515 Ecclesiae
3545 2459 3667 2529 ejus

2077 2559 2319 2615 hostium
2348 2558 2567 2613 ruinam
2609 2556 2856 2612 declarat
2888 2555 2976 2608 his
3015 2553 3238 2608 verbis:
3284 2550 3371 2606 lbi
3408 2551 3668 2622 confregit

2076 2651 2342 2721 potentias
2386 2664 2642 2711 arcuum,
2694 2647 2897 2710 telum,
2944 2643 3182 2715 gladium
3229 2653 3280 2698 et
3323 2643 3561 2706 bellum;
3605 2656 3672 2697 ac

2078 2757 2300 2798 rursum
2328 2759 2342 2795 ε
2372 2739 2597 2794 Turbati
2624 2749 2748 2793 sunt
2775 2754 2954 2793 omnes
2983 2737 3286 2805 insipientes
3317 2735 3493 2789 corde.
3529 2734 3672 2788 Dor-

2081 2835 2313 2889 mierunt
2354 2849 2601 2888 somnum
2646 2848 2838 2896 suum,
2883 2840 2935 2885 et
2977 2827 3115 2884 nihil
3153 2827 3464 2882 invenerunt
3493 2843 3670 2882 omnes

2082 2925 2181 2980 viri
2209 2923 2519 2980 divitiarum
2544 2925 2599 2977 in
2627 2923 2874 2976 manibus
2903 2921 3040 2976 suis.
3070 2922 3149 2977 Ab
3172 2921 3530 2990 increpatione
3555 2928 3670 2982 tua,

2083 3016 2227 3071 Deus
2265 3014 2470 3080 Iacob,
2513 3014 2936 3068 dormitauerunt
2977 3029 3158 3067 omnes
3195 3012 3286 3084 qui
3325 3009 3675 3065 ascenderunt

2084 3125 2266 3180 equos.
2302 3107 2514 3174 Quibus
2547 3105 2846 3178 gloriosum
2875 3103 3189 3160 Servatoris
3219 3103 3513 3158 adventum
3543 3101 3678 3157 sub-

2013 3201 2209 3288 cjicit
2259 3198 2490 3255 dicens:
2548 3197 2625 3251 De
2678 3196 2809 3250 caelo
2858 3196 3103 3250 auditum
3159 3195 3332 3265 fecisti
3376 3193 3674 3265 judicium,

2093 3301 2236 3348 terra
2266 3291 2482 3347 tremuit
2510 3298 2559 3345 et
2591 3288 2785 3362 quieuit
2804 3329 2820 3353 ,
2853 3305 2974 3342 cum
3005 3297 3309 3360 exsurgeret
3336 3287 3392 3341 in
3413 3286 3679 3356 judicium

2093 3385 2238 3440 Deus
2259 3425 2276 3449 ,
2306 3392 2365 3437 ut
2396 3382 2571 3437 salvos
2604 3382 2802 3451 faceret
2832 3395 3010 3436 omnes
3042 3395 3188 3450 reges
3221 3387 3396 3432 terrae.

390 3467 541 3563 ὲήθη
574 3489 673 3544 καὶ
701 3487 1023 3556 ἡσύχασεν
1049 3481 1120 3536 ἐν
1150 3479 1231 3546 τῷ
1257 3476 1637 3547 καταστῆναι
1689 3479 1778 3543 εις
1815 3478 2020 3548 κρίσιν
2055 3479 2163 3534 τὸν
2203 3479 2378 3547 Θεὸν,
2406 3479 2516 3534 τοῦ
2551 3476 2749 3534 σῶσαι
2782 3476 3016 3541 πάντας
3043 3473 3188 3540 τοὺς
3245 3471 3530 3538 βασιλεῖς
3571 3467 3683 3535 τῆς

391 3588 526 3660 γῆς·

1149 3699 1225 3752 Ε’.

466 3801 579 3856 Καὶ
603 3799 632 3854 ὁ
669 3794 806 3860 μετὰ
829 3795 1018 3866 χεῖρας
1049 3788 1144 3844 τοῦ
1174 3789 1273 3860 μὲν
1312 3787 1487 3857 Ἀσὰφ
1531 3786 1813 3857 τυγχάνει,
1850 3787 1984 3841 ὑπο.

397 3891 599 3964 γράφει
627 3889 705 3953 δὲ,
730 3884 911 3953 ’Υπὲρ
943 3880 1224 3949 ἰδιθούμο
1259 3879 1388 3949 περὶ
1427 3872 1489 3932 οὗ
1524 3876 1988 3949 προδιειλήφαμεν

397 3987 486 4042 διὰ
507 3985 616 4038 τῶν
637 3975 1195 4054 ἔμπροσθεν.Ἔοικεν
1223 3971 1282 4026 δὲ
1311 3971 1452 4042 ὑπὲρ
1476 3970 1571 4023 τοῦ
1606 3969 1839 4040 Ἰδιθοὺμ
1866 3987 1989 4024 συν-

399 4079 616 4134 τάττειν
644 4074 769 4138 τοὺς
803 4070 1016 4138 λόγους,
1046 4063 1218 4120 πολλὰ
1253 4063 1330 4128 ὡς
1370 4062 1596 4126 εἰκότως
1629 4062 1714 4132 ἐφ’
1741 4058 1824 4126 οἷς
1855 4063 1992 4134 ἀκή-

402 4185 526 4224 κοεν
549 4167 678 4236 περὶ
703 4160 800 4216 τοῦ
826 4156 957 4212 λαοῦ
988 4153 1503 4219 καταστενόιζοντος,
1535 4151 1994 4224 λειποθυμοῦντός

402 4277 463 4315 τε
491 4259 592 4331 ἥδη
621 4257 714 4310 καὶ
747 4249 942 4326 μικροῦ
983 4249 1094 4303 δεῖν
1142 4247 1237 4301 καὶ
1283 4245 1473 4300 ἑαυτὸν
1523 4243 1994 4314 ἀπογινώσκοντος

404 4352 492 4408 διὰ
535 4349 635 4412 τὰς
687 4345 780 4400 τοῦ
813 4341 945 4396 λαοῦ
976 4338 1323 4411 παρανομίας
1368 4337 1464 4388 καὶ
1505 4335 1574 4388 τὰ
1605 4335 1997 4407 συμϐησόμενα

405 4447 471 4500 δι’
495 4441 666 4502 αὑτὰς
711 4436 791 4507 τῷ
825 4435 989 4488 παντὶ
1031 4433 1192 4486 ἔθνει.
1228 4430 1304 4482 Δι’
1334 4428 1362 4481 ὃ
1395 4429 1454 4482 ὲν
1480 4427 1622 4498 ἀρχῇ
1671 4427 1769 4498 μὲν
1813 4426 1890 4488 ὡς
1935 4427 2000 4478 ὲκ

410 4533 704 4608 προσώπου
751 4528 915 4584 αὑτοῦ
965 4525 1147 4594 τίθησι
1187 4523 1271 4585 τὸ,
1304 4519 1482 4588 Φωνῇ
1530 4537 1652 4588 μου
1699 4518 1850 4588 πρὸς
1892 4516 2002 4571 τὸν

414 4628 563 4684 Θεὸν
604 4622 921 4694 ἐκέκραξα,
960 4617 1131 4689 φωνῇ
1175 4635 1298 4687 μου
1348 4613 1500 4684 πρὸς
1548 4613 1655 4667 τὸν
1703 4614 1873 4678 Θεὸν,
1906 4609 2006 4664 καὶ

414 4719 723 4792 προσέσχε
757 4730 886 4785 μοι’
921 4708 1019 4765 εἶθ’
1051 4710 1182 4780 ὲξῆς
1213 4708 1313 4779 τὴν
1359 4706 1664 4778 γενομένην
1689 4705 1840 4774 αὐτῷ
1872 4702 2008 4757 aeu.

420 4815 550 4886 μιαν
584 4809 869 4880 ὑποφαίνει
898 4805 1104 4874 λέγων·
1149 4800 1519 4869 Ἀπηνήνατο
1548 4795 2011 4868 παρακληθῆναι

417 4907 457 4976 ἠ
491 4903 663 4976 ψυχή
712 4918 853 4972 μου,
884 4895 1271 4967 ὴδολέσχησε
1309 4893 1408 4946 καὶ
1458 4892 1887 4962 ὠλιγοψύχησε
1943 4887 2012 4942 τὸ

419 4996 658 5067 πνεῦμά
684 4988 1214 5066 μου.Ὲταράχ6ην
1259 4986 1361 5040 καὶ
1406 4987 1519 5040 οὐκ
1566 4981 2013 5067 ἐλάλησαηΚαὶ

423 5057 703 5158 ἐπιλέγειἰ
735 5057 991 5154 Νύκτωρ
1017 5057 1169 5152 μετὰ
1215 5077 1327 5148 τῆς
1370 5077 1619 5146 καρδίας
1643 5093 1764 5146 μου
1799 5057 2016 5142 ἠδολέ-

423 5200 624 5255 σχουν
647 5179 744 5235 καὶ
766 5179 1080 5233 ἐσκαλλον
1112 5171 1178 5226 τὸ
1217 5167 1458 5238 πνεῦμά
1472 5164 1723 5237 μου.Μὴ
1755 5167 1843 5228 εὶς
1870 5162 2016 5228 τοὺς

424 5275 646 5339 αἰῶνας
680 5270 980 5326 ἀπώσεται
1007 5267 1244 5334 Κύριος,
1286 5261 1386 5317 καὶ
1418 5263 1490 5316 οὐ
1530 5255 1867 5329 προσθήσει
1907 5255 2017 5310 τοῦ

424 5362 753 5433 εὐδοκῆσαι
780 5363 902 5424 bet;
934 5358 973 5427 ἦ
1007 5358 1095 5423 είς
1122 5354 1298 5418 τέλος
1343 5352 1411 5407 τὸ
1441 5351 1614 5416 ἕλεος
1641 5347 1827 5404 αὐτοῦ
1871 5348 2020 5402 ἀπο-

428 5457 646 5527 κρύψει
674 5449 794 5506 ἀπὸ
820 5445 1030 5520 γενεᾶς
1051 5448 1140 5511 εὶς
1171 5441 1418 5515 medic;
1449 5441 1486 5510 ἢ
1527 5437 1885 5508 ἐπιλήσεται
1909 5437 2016 5527 τοῦ

430 5526 794 5616 οἶκτειρῆσαι
819 5543 851 5596 ό
881 5540 1044 5605 Θεὸς,
1071 5536 1111 5605 ἢ
1137 5534 1384 5599 συνέξει
1426 5533 1498 5587 ἐν
1535 5529 1610 5600 τῇ
1655 5527 1802 5600 ὀργῆ
1829 5526 2018 5583 αὑτοῦ

433 5639 576 5704 τοὺς
622 5633 961 5704 οὶκτιρμοὺς
1014 5629 1232 5693 αὑτοῦ,
1277 5625 1441 5679 Ταῦτ’
1468 5620 1538 5696 ἦν
1586 5623 1656 5677 τὰ
1700 5621 2019 5693 λυπήσαντα

437 5731 535 5802 τὴν
566 5729 661 5785 τοῦ
693 5724 930 5796 Ἱδιθοὺμ
953 5723 1149 5795 ψυχήν.
1181 5721 1258 5774 Δι’
1281 5718 1312 5773 δ
1341 5716 1522 5781 καλῶς
1549 5713 2018 5789 ὠλιγοψυχηκέναι

515 5892 559 5925 ⁸⁸
588 5888 733 5947 Psal.
759 5904 921 5955 ωιτν,
953 5888 1002 5944 1.
1079 5887 1123 5920 ⁸¹
1157 5881 1299 5941 Psal.
1339 5892 1528 5945 um,
1569 5876 1616 5933 Ι.

2162 3783 2263 3838 llic
2287 3781 2418 3838 item
2443 3781 2688 3852 psalmus
2711 3780 2918 3849 Asaphi
2945 3789 3070 3834 est:
3104 3778 3302 3834 titulus
3335 3784 3519 3833 autem
3555 3776 3677 3846 ejus

2091 3879 2204 3938 est,
2241 3870 2346 3926 Pro
2375 3869 2615 3924 Iditltum
2642 3870 2688 3901 "
2715 3885 2731 3935 ;
2761 3868 2958 3937 dequo
2981 3867 3094 3936 jam
3123 3869 3400 3939 superius.
3432 3865 3685 3921 Videtur-

2096 3978 2204 4033 que
2238 3974 2547 4017 sermonem
2579 3970 2764 4014 texere
2796 3971 2898 4026 pro
2929 3955 3168 4010 lditbum
3191 3996 3207 4021 ,
3235 3957 3330 4028 qui
3363 3957 3554 4012 audito
3587 3973 3686 4027 po-

2099 4054 2214 4127 puli
2259 4059 2446 4117 statu,
2497 4051 2766 4113 multum,
2814 4057 2877 4104 ut
2923 4059 3024 4118 par
3066 4057 3221 4111 erat,
3256 4047 3684 4117 ingemiscebat,

2095 4145 2322 4216 jamque
2349 4141 2535 4197 animo
2562 4140 2855 4196 deﬁciebat
2873 4178 2888 4203 ,
2922 4145 3090 4208 atque
3117 4137 3192 4192 ob
3221 4135 3406 4207 populi
3439 4136 3649 4191 scelera
3669 4177 3684 4200 ,

2101 4251 2167 4292 ac
2208 4222 2422 4290 futuras
2464 4232 2589 4288 ideo
2627 4232 2901 4287 universae
2945 4228 3095 4300 genti
3137 4227 3512 4290 calamitates,
3551 4242 3690 4298 pene

2103 4325 2450 4397 desperabat.
2497 4322 2680 4390 Quare
2724 4322 2780 4376 in
2821 4320 3095 4392 principio
3125 4319 3382 4390 quidem,
3421 4319 3585 4388 quasi
3619 4335 3691 4378 ex

2105 4433 2342 4491 persona
2373 4418 2549 4488 ipsius
2581 4415 2663 4471 sic
2695 4414 2861 4470 habet
2887 4433 2900 4468 :
2941 4411 3076 4467 Voce
3106 4427 3224 4466 mea
3267 4410 3336 4465 ad
3375 4411 3541 4464 Deum
3574 4410 3694 4464 cla-

2108 4511 2247 4565 mavi
2274 4549 2289 4574 ,
2323 4525 2443 4564 voce
2473 4523 2592 4562 mea
2621 4506 2690 4560 ad
2727 4505 2895 4560 Deum
2921 4546 2937 4571 ,
2966 4514 3017 4560 et
3051 4507 3276 4560 intendit
3306 4504 3454 4558 mihi.
3489 4502 3697 4559 Deinde

2035 4575 2080 4631 Β
2108 4617 2239 4658 vero
2271 4617 2431 4658 suum
2466 4601 2636 4654 animi
2669 4599 2970 4668 deliquium
3003 4597 3316 4654 subindieat
3346 4595 3433 4650 his
3465 4595 3648 4651 verbis
3675 4613 3690 4651 :

2110 4694 2301 4750 Renuit
2355 4693 2626 4748 consolari
2678 4692 2864 4745 anima
2910 4706 3066 4755 mea,
3116 4688 3440 4743 exercitatus
3488 4695 3600 4750 est,
3645 4695 3697 4742 et

2111 4788 2300 4858 defecit
2333 4783 2555 4855 spiritus
2591 4801 2756 4838 meus.
2792 4783 3060 4837 Turbatus
3093 4797 3211 4835 sum
3241 4789 3292 4834 et
3323 4797 3426 4834 non
3456 4796 3572 4834 sum
3616 4779 3699 4834 lo-

2113 4887 2290 4932 cutus.
2331 4876 2430 4932 His
2473 4876 2801 4946 subjungit:
2842 4873 3011 4928 Nocte
3049 4888 3168 4925 cum
3203 4871 3360 4926 corde
3399 4888 3512 4926 meo
3548 4886 3698 4926 exer-

2113 4969 2322 5025 citabar
2368 4978 2419 5024 et
2470 4968 2746 5037 scopebam
2795 4966 3042 5035 spiritum
3091 4980 3282 5018 meum.
3336 4961 3594 5034 Nunquid
3641 4963 3698 5018 in

2115 5075 2374 5119 aeternum
2426 5062 2670 5132 projiciet
2729 5059 3023 5122 Dominus,
3075 5072 3166 5110 au.
3212 5074 3316 5113 non
3368 5063 3590 5124 apponet
3638 5065 3698 5109 ut

2115 5155 2482 5224 complacitior
2511 5154 2581 5207 sit
2611 5151 2784 5206 adhuc
2806 5191 2821 5216 ,
2854 5157 2949 5204 aut
2985 5151 3040 5203 in
3081 5150 3238 5218 ﬁnem
3279 5146 3701 5203 misericordiam

2116 5264 2271 5302 suam
2302 5245 2584 5301 abscondet
2615 5261 2648 5298 a
2676 5242 3015 5316 generatione
3051 5243 3104 5296 in
3147 5242 3540 5312 generationem
3561 5279 3574 5303 ,
3607 5247 3703 5293 aut

2119 5342 2458 5398 obliuiscetur
2485 5337 2725 5393 misereri
2753 5335 2895 5390 Deus
2919 5374 2934 5398 ,
2970 5342 3062 5388 aut
3094 5331 3382 5389 continebit
3405 5333 3458 5386 in
3488 5333 3573 5386 ira
3601 5347 3703 5389 sua

2120 5430 2517 5490 misericordias
2557 5431 2736 5485 suas?
2769 5426 2896 5483 Haec
2926 5434 3085 5483 erant
3123 5441 3245 5497 quae
3286 5423 3544 5479 lditbumi
3585 5424 3706 5478 ani-

2119 5544 2266 5586 mam
2295 5527 2630 5599 amigebant.
2672 5523 2856 5591 Quare
2887 5537 2947 5579 se
2979 5521 3164 5577 animo
3192 5519 3464 5577 defecisse
3495 5518 3704 5575 fatebao

2121 5629 2232 5676 tur.
2281 5619 2391 5674 Sed
2445 5615 2687 5688 Spiritus
2728 5619 2957 5670 sanctus
3000 5625 3100 5682 per
3139 5610 3462 5682 prophetam
3514 5607 3702 5678 Asaph

2119 5710 2242 5783 ejus
2288 5708 2467 5766 dolori
2516 5703 2716 5763 deinde
2764 5701 3042 5769 medetur,
3077 5702 3207 5759 dum
3242 5701 3355 5756 ait:
3393 5699 3524 5768 Quis
3560 5697 3704 5756 Deus
