4056 6434
377 430 482 485 i527

1085 430 1353 487 EUSEBII
1389 433 1865 491 CAESARIENSIS
1907 435 1961 491 Ol

2099 435 2278 491 PARS
2315 433 2493 489 lll.—
2531 435 2942 493 EXEGETICA.

3539 435 3643 492 828

376 566 602 619 magnus
650 550 786 604 sicut
833 549 974 605 Deus
1010 555 1233 608 noster?
1260 552 1336 607 Tu
1383 571 1436 608 es
1488 552 1630 608 Deus
1676 554 1763 623 qui
1817 555 1955 623 facis

2065 555 2346 627 ὡμολόγει.
2364 555 2525 609 Ἀλλά
2557 555 2616 608 τὸ
2650 555 2791 610 θεῖον
2828 551 3054 626 Πνεῦμα
3094 555 3182 609 διὰ
3230 551 3325 608 τοῦ
3365 555 3645 626 προφήτου

373 640 668 696 mirabilia.
708 640 912 696 Notam
945 642 1121 712 fecisti
1156 645 1210 697 in
1241 645 1449 714 populis
1487 646 1731 700 virtutem
1766 655 1948 711 tuam,

373 733 646 788 redemisti
691 735 746 786 in
777 733 992 788 brachio
1025 745 1112 790 tuo
1145 737 1397 805 populum
1447 745 1630 801 tuum,
1676 739 1818 807 ﬁlios
1849 738 1952 792 Ja-

372 826 467 880 cob
513 836 564 882 et
613 827 852 897 Ioseph;
909 845 974 884 ac
1035 845 1300 886 rursum:
1349 829 1605 884 Viderunt
1659 840 1706 884 te
1766 846 1954 902 aquae,

371 919 516 975 Deus
539 959 554 985 ,
585 921 827 975 uiderunt
858 932 906 976 te
936 939 1121 994 aqum,
1149 932 1198 977 et
1225 923 1515 978 timuerunt
1538 963 1552 988 ,
1577 925 1804 977 turbatte
1831 933 1956 978 sunt

372 1011 596 1081 abyssi:
649 1014 935 1067 multitudo
971 1016 1178 1069 sonitus
1210 1031 1472 1084 aquarum
1494 1031 1513 1068 :
1546 1030 1611 1070 ac
1645 1029 1954 1070 sermonem

370 1101 462 1158 his
489 1104 784 1175 obsignat:
830 1105 1112 1160 Deduxisti
1159 1108 1297 1162 sicut
1346 1123 1460 1162 oues
1505 1107 1758 1176 populum
1808 1114 1956 1160 tuum

373 1195 432 1248 in
474 1211 638 1249 manu
681 1194 856 1266 Moysi
899 1206 950 1252 et
994 1196 1195 1252 Aaron.
1244 1196 1371 1252 Haec
1411 1197 1729 1252 necessario
1775 1195 1957 1265 Asaph

373 1285 480 1354 ipsi
527 1284 764 1341 ldithum
789 1288 1272 1353 commemoravit,
1309 1296 1368 1342 ut
1408 1303 1477 1344 ne
1507 1288 1653 1342 ultra
1699 1287 1903 1342 diceret
1940 1305 1954 1341 :

376 1375 720 1432 Exercitatus
760 1392 840 1434 est
879 1388 927 1433 et
949 1378 1140 1449 defecit
1184 1381 1403 1448 spiritus
1449 1394 1630 1443 meus;
1665 1378 1758 1434 sed
1794 1378 1960 1432 mira-

374 1468 582 1526 bilibus
624 1469 723 1526 Dei
765 1487 853 1541 per
904 1471 1148 1542 Moysem
1192 1471 1322 1525 olim
1357 1471 1563 1542 gestis,
1600 1471 1758 1541 queis
1791 1484 1963 1541 popu-

376 1561 490 1616 lum
521 1577 684 1616 suum
707 1563 960 1626 redemit,
984 1563 1143 1619 ﬁdem
1167 1562 1378 1618 habens
1407 1579 1506 1635 pro
1534 1562 1718 1618 futuro
1739 1578 1958 1633 quoque

377 1662 623 1724 tempore
651 1655 851 1710 similia
883 1663 1145 1710 eventura
1176 1663 1436 1726 speraret.

2073 649 2242 716 Ἀσὰφ
2285 649 2411 719 ἑξῆς
2455 648 2523 702 τά
2561 648 2781 721 λυπηρά
2827 647 3119 722 θεραπεύει
3151 650 3208 701 ὲν
3235 644 3315 712 οἷς
3346 665 3510 718 φησι·
3550 650 3644 714 Τίς

2064 739 2405 809 Θεδςμέγας
2435 740 2514 804 ὡς
2542 743 2574 792 ό
2593 741 2736 804 Θεὸς
2762 737 2929 808 ἡμῶν
2945 757 2961 803 ;
2980 739 3062 793 Σὺ
3089 735 3149 792 εἴ
3171 742 3204 792 ὁ
3231 737 3374 802 Θεὸς
3403 741 3435 791 ὀ
3459 735 3645 791 ποιῶν

2062 828 2383 899 θαυμάσια.
2402 829 2760 900 Ἐγνώρισας
2783 831 2853 883 ἐν
2877 828 3000 893 τοῖς
3031 828 3203 894 λαοῖς
3240 827 3354 896 τὴν
3386 825 3645 896 δύναμίν

2063 939 2200 986 σου,
2226 923 2543 991 ἐλυτρὼσω
2560 922 2628 974 ὲν
2652 920 2730 987 τῷ
2750 921 3040 990 ,ϐραχίονί
3067 937 3182 975 σου
3206 920 3312 973 τὸν
3326 920 3480 973 λαόν
3504 933 3644 981 σου,

2064 1014 2206 1079 τοὺς
2241 1014 2410 1080 υἱοὺς
2447 1015 2649 1068 Ἰακὼϐ
2687 1014 2785 1068 καὶ
2832 1012 3070 1083 Ἰωσήερο
3120 1013 3211 1066 καὶ
3247 1009 3437 1075 αὖθις’
3477 1011 3647 1065 E160-

2063 1103 2186 1157 σάν
2234 1121 2308 1158 σε
2363 1104 2571 1167 ὕδατα,
2607 1108 2640 1158 ὀ
2673 1103 2837 1169 Θεὸς,
2871 1103 3121 1158 εἵδοσάν
3166 1119 3240 1156 σε
3294 1102 3502 1166 ὕδατα,
3548 1100 3648 1155 καὶ

2061 1197 2472 1267 ἐφοϐήθησαν,
2513 1196 2937 1266 ἐταράχθησαν
2975 1199 3033 1249 αἱ
3069 1197 3327 1250 ἄϐυσσοι
3353 1212 3366 1226 ·
3411 1193 3648 1263 πλῆθος

2063 1288 2257 1356 ἤχους
2299 1287 2548 1356 ὕδατοςο
2594 1288 2690 1342 και
2731 1288 3184 1359 ιπισφραγίςεται
3227 1287 3436 1356 λέγων·
3481 1286 3650 1352 Ὠδή-

2064 1395 2259 1450 γησας
2295 1381 2374 1447 ὡς
2415 1361 2679 1449 πρόϐατα
2702 1381 2808 1434 τὸν
2835 1381 2990 1435 ,λαόν
3013 1396 3130 1433 σου
3154 1381 3222 1433 ἐν
3245 1379 3391 1450 χειρί
3420 1378 3646 1448 Μωῦσῆ

2062 1471 2158 1523 καὶ
2199 1469 2429 1538 Ἀαρών.
2449 1471 2782 1539 ’Λναγκαίως
2809 1471 2866 1524 δὲ
2893 1471 3098 1524 τούτων
3117 1471 3146 1522 ὁ
3177 1469 3348 1539 Ἀσάφ
3366 1469 3648 1539 ὑπέμνησε

2060 1562 2152 1614 τὸν
2202 1561 2451 1632 Ἰδιθοϋμ,
2499 1561 2576 1623 ὡς
2623 1560 2690 1615 ἂν
2743 1562 2939 1632 μηκέτι
2992 1561 3138 1630 λέγοι
3160 1578 3173 1592 ·
3243 1558 3649 1632 Ἠδολέσχησε

2065 1653 2164 1708 ’καὶ
2213 1653 2643 1722 duty-omian
2691 1653 2758 1706 τὸ
2809 1653 3045 1722 πνεῦμά
3081 1670 3230 1724 μου·
3286 1651 3560 1707 πιστεύων
3590 1651 3649 1704 δὲ

378 1751 490 1812 τοῖς
516 1749 683 1803 πάλαι
716 1751 809 1802 ἐπὶ
835 1751 1115 1814 Μωῦσέως
1144 1751 1236 1804 τοῦ
1269 1751 1404 1804 Θεοῦ
1439 1752 1764 1821 παραδόξοις
1789 1751 1992 1822 ἔργοις,
2030 1751 2096 1802 δι’
2145 1741 2220 1804 ὧν
2259 1747 2600 1822 ὲλυτρώσατο
2643 1749 2734 1802 τὸν
2780 1748 2928 1813 λαὸν,
2972 1749 3040 1803 τὰ
3083 1751 3242 1822 ὃμοια
3288 1749 3384 1803 καὶ
3427 1750 3506 1812 είς
3556 1747 3650 1800 τὸν

378 1842 600 1896 ἐπιόντα
635 1841 826 1913 χρόνον
862 1841 1069 1906 ἐλπίζοι
1097 1843 1444 1914 γενήσεσθαι.

1115 1952 1206 2008 Vl.

449 2043 647 2108 Sextus
693 2061 870 2118 neque
901 2046 1148 2117 psalmus
1176 2055 1262 2104 est
1296 2062 1475 2118 neque
1505 2046 1813 2108 canticum,
1865 2063 1962 2102 ne-

377 2153 486 2209 que
516 2138 790 2210 hymnus,
831 2153 1011 2209 neque
1053 2138 1108 2192 in
1158 2137 1322 2194 tinem
1354 2139 1607 2194 remittit.
1645 2138 1829 2206 Quare
1860 2139 1964 2193 hu-

373 2229 618 2301 jusmodi
661 2229 800 2286 nihil
843 2230 899 2285 in
941 2229 1104 2285 titulo
1153 2230 1360 2285 habet:
1394 2229 1489 2284 sed
1523 2243 1625 2284 nos
1659 2227 1728 2281 ad
1773 2242 1962 2282 eorum

379 2338 502 2394 qua:
530 2322 621 2389 hic
653 2321 908 2378 feruntur
939 2321 1356 2393 intelligentiam
1386 2321 1610 2376 excitat.
1643 2319 1756 2374 Cur
1783 2327 1964 2374 autem

380 2412 516 2468 nihil
545 2427 737 2467 eorum
770 2428 894 2483 quae
925 2413 1169 2469 diximus
1201 2411 1308 2467 fert
1337 2411 1664 2482 inscriptio,
1698 2410 1804 2466 nisi
1837 2410 1964 2480 quia

381 2513 531 2559 totus
560 2502 652 2558 hic
687 2518 868 2560 sermo
896 2500 1182 2558 Judaicam
1229 2507 1443 2570 gentem
1481 2500 1734 2564 incusat,
1778 2499 1966 2569 pristi-

384 2611 486 2650 nas
527 2610 721 2650 eorum
765 2594 1076 2664 impietates
1117 2593 1496 2649 enumerans?
1545 2591 1700 2658 Quod
1732 2593 1798 2647 ad
1829 2593 1965 2661 justi

376 2687 569 2756 judicii
621 2684 716 2740 Dei
753 2685 1125 2742 defensionem
1157 2684 1421 2755 propheta
1451 2685 1839 2740 concinnavit:
1877 2699 1966 2738 va-

381 2779 710 2834 ticinaturus
733 2777 880 2833 enim
907 2793 971 2832 ea
991 2817 1005 2842 ,
1032 2792 1154 2848 quae
1180 2785 1307 2832 ante
1333 2774 1645 2833 Servatoris
1669 2777 1964 2831 adventum

381 2871 584 2941 populo
619 2878 882 2926 eventura
914 2877 1110 2936 erant,
1143 2869 1459 2926 necessario
1485 2870 1648 2926 docet
1680 2870 1830 2941 ipsos
1858 2885 1966 2924 non

381 2963 720 3016 modicarum
787 2961 1130 3033 impietatum
1195 2977 1364 3018 causa
1426 2962 1615 3019 isthaec
1681 2978 1962 3034 passuros.

381 3053 745 3121 Quamobrem
795 3060 1046 3109 recenset
1093 3053 1184 3109 ille
1234 3053 1453 3125 quoties
1503 3054 1879 3124 peccaverint,
1913 3062 1968 3110 et

383 3144 598 3216 quoties
647 3143 742 3199 Dei
796 3144 1059 3214 patientia
1113 3154 1338 3214 peccata
1387 3159 1579 3200 eorum
1625 3146 1849 3211 tulerit,
1903 3162 1969 3201 ac

384 3234 662 3307 quomodo
695 3235 913 3290 demum
944 3250 1070 3290 cum
1097 3235 1417 3305 implessent
1445 3238 1784 3307 impietatum
1812 3254 1967 3294 men-

2149 2047 2205 2099 '0
2235 2047 2390 2108 ἕκτος
2418 2043 2603 2096 οὐκέτι
2634 2041 2847 2112 ψαλμος
2872 2042 2990 2096 οὐδὲ
3148 2033 3277 2095 ὀὐδὲ
3314 2041 3502 2112 ὕμνος,
3525 2043 3648 2098 οὐδὲ

2065 2135 2376 2204 ἀναπέμπει
2401 2136 2480 2197 είς
2508 2132 2567 2185 τὸ
2589 2131 2929 2195 τέλος.”υθεν
2952 2131 3104 2185 οὐδὲν
3126 2131 3328 2186 τούτων
3354 2133 3652 2206 ἐπιγέγρα-

2067 2243 2226 2280 πται·
2255 2225 2510 2295 διεγείρει
2536 2223 2594 2276 δὲ
2625 2225 2774 2294 ἡμᾶς
2821 2225 2900 2288 είς
2946 2224 3161 2276 σύνεσιν
3189 2222 3298 2278 τῶν
3340 2224 3651 2297 ἐμφερομέ-

2065 2336 2191 2372 νων.
2222 2317 2320 2371 Διά
2351 2318 2402 2370 τί
2435 2317 2492 2370 δὲ
2530 2318 2693 2390 μηδὲν
2717 2316 2826 2369 τῶν
2849 2316 3260 2388 προειρημένων
3286 2316 3321 2386 ἡ
3356 2319 3649 2390 προγραφὴ

2069 2410 2331 2481 περιέχει,
2359 2408 2472 2462 ἀλλ’
2500 2407 2795 2480 ἐπειδήπερ
2841 2410 2870 2460 ό
2917 2408 3025 2470 πᾶς
3057 2406 3214 2475 λόγος
3245 2405 3338 2460 τοῦ
3384 2407 3651 2461 Ἰουδαίων

2067 2503 2252 2567 ἑθνους
2281 2503 2596 2574 κατηγορεῖ,
2623 2499 3131 2572 καταριθμούμενος
3174 2498 3354 2552 αὐτῶν
3383 2499 3454 2552 τά
3482 2498 3651 2554 πάλαι

2066 2595 2422 2666 ἀσεϐήματα;
2459 2591 2630 2646 Τοῦτο
2666 2592 2722 2644 δὲ
2758 2593 2985 2664 πράττει
3016 2593 3045 2645 ό
3090 2591 3373 2663 προφήτης
3414 2593 3494 2655 εἰς
3524 2594 3655 2644 ἀπο·

2066 2684 2251 2752 λογίαν
2293 2685 2392 2754 τῆς
2423 2683 2518 2738 τοῦ
2563 2682 2697 2736 Θεοῦ
2727 2683 3152 2754 δικαιοκρισίας·
3191 2681 3398 2754 μέλλων
3425 2682 3534 2754 γὰρ
3563 2681 3652 2736 θε-

2070 2777 2283 2842 σπίζειν
2305 2778 2374 2830 τά
2408 2777 2800 2848 συμϐησόμενα
2823 2776 2900 2847 τῷ
2925 2775 3067 2830 ἔθνει
3096 2775 3202 2848 πρὸ
3226 2776 3326 2846 τῆς
3347 2775 3439 2829 τοῦ
3464 2774 3654 2846 Σωτῆ-

2072 2888 2162 2943 ρος
2196 2869 2517 2942 παρουσίας,
2546 2869 2857 2938 ἀναγκαίως
2887 2868 3145 2929 διδάσκει,
3185 2869 3265 2922 ὅτι
3306 2869 3380 2940 μὴ
3423 2868 3517 2922 ὲπὶ
3564 2885 3653 2939 μι-

2069 2967 2223 3038 κροῖς
2265 2963 2574 3035 ἀσεϐήμασι
2621 2963 2794 3016 ταῦτα
2847 2963 3143 3016 πείσονται.
3194 2961 3393 3034 Διόπερ
3417 2979 3652 3034 καταρι-

2070 3057 2285 3129 θμεῖται
2300 3055 2488 3119 ὁσάκις
2500 3057 2534 3124 ἦ
2543 3073 2715 3127 μαρτε
2731 3055 2824 3108 καὶ
2838 3054 3030 3117 ὁσάκις
3049 3055 3277 3125 ήνεγκεν
3299 3055 3493 3118 αὐτοὺς
3504 3057 3537 3125 ή
3557 3052 3651 3109 τοῦ

2068 3149 2204 3202 Θεοῦ
2239 3147 2612 3220 μακροθυμία,
2653 3147 2746 3199 καὶ
2775 3145 2850 3208 ὡς
2875 3145 3102 3216 ὕστερον
3135 3144 3529 3216 πληρώσαντας
3551 3146 3652 3202 aii-

2069 3242 2194 3305 τοὺς
2218 3241 2279 3293 τὸ
2311 3241 2508 3312 μέτρον
2533 3238 2641 3292 τῶν
2664 3237 3025 3309 ἀσεϐημάτων
3045 3237 3359 3292 δικαιότατα
3389 3239 3651 3311 μετῆλθεν

383 3341 572 3384 suram
596 3364 612 3390 ,
651 3341 746 3382 eos
782 3325 931 3396 ipsos
954 3323 1248 3380 admodum
1273 3325 1420 3397 juste
1456 3327 1538 3381 ira
1560 3326 1654 3383 Dei
1685 3327 1961 3383 invaserit.

2069 3334 2197 3404 ήὲκ
2229 3331 2364 3386 Θεοῦ
2405 3331 2668 3402 όργή.“ῐν’
2697 3324 2790 3382 οὖν
2835 3329 3010 3383 ταῦτα
3054 3329 3292 3400 γνῶμεν,
3338 3331 3652 3400 ἀναγκαίως

385 3417 458 3476 Ut
485 3419 598 3474 haec
629 3419 816 3489 itaque
844 3433 1244 3490 cognoscamus
1264 3459 1278 3483 ,
1307 3419 1625 3476 necessario
1655 3420 1736 3475 sic
1765 3419 1967 3479 inscri-

384 3511 497 3569 bit:
539 3509 847 3567 Intellectus
881 3511 1063 3580 Λεαρὴ
1092 3511 1160 3576 ⁸⁸,
1195 3525 1261 3566 ac
1295 3511 1349 3566 in
1385 3512 1748 3583 sequentibus
1779 3514 1965 3569 omnia

384 3620 575 3661 eorum
608 3605 818 3661 scelera
850 3613 1127 3661 recenset.

1103 3717 1215 3772 νη.

454 3812 752 3884 Postquam
781 3815 1187 3871 multitudinem
1228 3823 1578 3886 peccatorum
1607 3815 1818 3872 Iudaici
1865 3833 1962 3888 po-

385 3904 498 3976 puli
540 3906 862 3975 compendio
891 3907 1186 3972 retulerat,
1219 3914 1272 3962 ct
1305 3921 1406 3962 ceu
1444 3908 1501 3962 in
1533 3909 1696 3979 cippo
1731 3909 1964 3964 crimina

2067 3423 2382 3494 ἐπιγράφει,
2413 3420 2726 3486 Συνέσεως
2775 3418 2853 3484 τῷ
2889 3421 3092 3490 Ἁσὰςιτ,
3129 3422 3222 3475 καὶ
3266 3421 3466 3492 προῖὼν
3517 3421 3648 3492 ἑξῆς

2067 3514 2564 3587 ἀνακεφαλαιοῦται
2598 3513 2777 3567 αὐτῶν
2811 3513 2990 3576 πάσας
3025 3513 3122 3576 τὰς
3157 3514 3517 3585 παρανομίας.

2825 3721 2899 3772 Z'.

2153 3811 2581 3882 Ἐπιτεμόμενος
2621 3828 2682 3864 το
2727 3810 2931 3882 πλῆθος
2979 3811 3087 3865 τῶν
3141 3811 3504 3886 ἀσεϐημάτων
3557 3813 3651 3869 τοῦ

2079 3903 2348 3957 Ἰουδαίων
2381 3902 2586 3967 ἔθνους,
2623 3904 2717 3956 καὶ
2745 3901 2934 3975 ὥσπερ
2967 3905 3027 3958 ἐν
3058 3904 3226 3976 στήλῃ
3261 3904 3361 3970 τάς
3398 3905 3520 3961 κατ’
3551 3908 3652 3961 αύ-

386 4010 577 4051 eorum
600 3994 997 4066 insculpserat;
1024 4006 1425 4067 consequenter
1448 3996 1538 4052 hic
1563 3996 1925 4069 irruptionem
1945 4039 1961 4065 ,

386 4103 508 4159 quae
539 4096 785 4159 tempore
816 4088 1072 4144 Antiochi
1107 4088 1279 4162 Syriae
1310 4088 1459 4160 regis
1495 4089 1638 4146 facta
1667 4098 1784 4156 est,
1817 4090 1964 4146 vati-

2064 3995 2175 4049 τῶν
2206 3997 2541 4067 κατηγορίας
2563 3995 2900 4060 ὲντυπώσας,
2929 3996 3240 4061 ἀκολούθως
3268 3997 3358 4052 διὰ
3383 3997 3491 4052 τῶν
3519 4015 3657 4071 προ-

2067 4087 2334 4160 κειμένων
2361 4089 2460 4159 τὴν
2483 4089 2778 4160 γενομένην
2812 4091 2930 4142 κατ’
2961 4089 3138 4143 αὐτῶν
3165 4090 3530 4145 ἐπανάστασιν
3554 4108 3658 4145 κα-

384 4182 622 4236 cinatur.
651 4180 756 4248 Qui
783 4179 1180 4254 Jerosolymam
1211 4183 1529 4254 ingressus,
1560 4184 1824 4253 templum
1853 4197 1961 4238 non

2065 4179 2134 4234 τά
2162 4181 2289 4244 τοὺς
2317 4180 2542 4251 χρόνους
2576 4180 2848 4252 Ἀντιόχου
2874 4180 2973 4234 τοῦ
3008 4181 3106 4249 τῆς
3148 4181 3346 4253 Συρίας
3388 4181 3654 4252 βασιλέως

383 4274 608 4339 evertit,
640 4273 735 4329 sed
766 4273 1115 4343 profanavit,
1153 4283 1317 4344 atque
1351 4284 1564 4345 gentem
1595 4275 1662 4329 ad
1697 4274 1842 4330 idola
1876 4291 1961 4331 co-

2067 4267 2332 4331 θεσπίζει.
2352 4269 2410 4321 '0
2436 4268 2677 4323 ἐπελθὼν
2711 4273 2822 4334 τοῖς
2861 4269 3270 4342 Ἱεροσολύμοις,
3310 4273 3370 4325 ού
3402 4272 3656 4344 καθαιρεί

384 4365 544 4422 lenda
589 4367 873 4436 compulit.
926 4365 1171 4432 Quarum
1217 4381 1401 4422 rerum
1447 4366 1773 4432 histOriam,
1820 4367 1961 4423 liber

2071 4358 2189 4427 μὲν,
2225 4357 2443 4430 βεϐηλοῖ
2469 4359 2525 4412 δὲ
2546 4359 2608 4412 τὸ
2635 4361 2677 4412 is
2688 4361 2798 4430 ρὸν,
2827 4360 3236 4434 εἰδωλολατρεῖν
3259 4364 3652 4433 ὲπαναγκάσας

385 4456 817 4512 Machahaeorum
881 4458 1179 4528 inscriptus
1224 4460 1629 4529 complectitur.
1657 4457 1715 4513 ln
1740 4474 1850 4530 quo
1875 4475 1961 4514 oc-

2066 4449 2126 4503 τὸ
2158 4450 2324 4514 ἔθνος.
2356 4452 2574 4504 Τούτων
2607 4451 2664 4504 δὲ
2698 4452 2793 4522 τὴν
2830 4453 3068 4524 ἱστορίαν
3099 4456 3130 4525 ὴ
3162 4455 3270 4508 τῶν
3311 4456 3656 4527 ὲπιγεγραμ·

383 4551 628 4606 cisorum
660 4565 958 4616 numerus,
989 4551 1235 4621 variique
1277 4550 1425 4606 modi
1453 4551 1611 4621 queis
1643 4565 1744 4621 pro
1763 4549 1961 4620 pietate

2071 4543 2247 4613 μένων
2294 4542 2671 4597 Μακκαϐαίων
2715 4543 2892 4614 βίϐλος
2937 4546 3214 4617 περιέχει·
3265 4548 3323 4600 ὲν
3446 4547 3540 4600 καὶ
3582 4549 3654 4603 τά

383 4641 706 4714 martyrium
731 4641 976 4712 perpessi
1001 4649 1150 4707 sunt,
1188 4642 1600 4698 describuntur.
1631 4641 1814 4708 Quare
1849 4643 1958 4712 spi-

2071 4633 2248 4705 πλήθη
2274 4633 2386 4717 τῶν
2419 4636 2803 4706 ἀνῃρημένων,
2837 4637 2889 4689 οἴ
2917 4653 2975 4689 τε
3009 4639 3203 4708 τρόποι
3226 4638 3334 4693 τῶν
3369 4639 3473 4693 ὑπὸ
3500 4641 3656 4694 εύσε-

385 4733 523 4787 ritus
550 4732 901 4802 propheticus
934 4732 1034 4787 has
1069 4734 1346 4804 supplices
1383 4748 1547 4789 voces
1576 4747 1676 4804 pro
1708 4731 1961 4789 universo

2069 4727 2220 4790 ϐείας
2279 4727 2782 4798 μεμαρτυρηκότων
2846 4732 2977 4800 παρ’
3012 4733 3196 4796 αὐτοῖς
3239 4733 3650 4805 ἀνεγράφησαν.

385 4821 588 4892 populo
615 4821 842 4877 eﬂ‘undit
874 4840 887 4877 :
921 4822 1087 4890 Deus,
1117 4832 1370 4879 uenerunt
1398 4833 1570 4894 gentes
1596 4825 1651 4877 in
1686 4823 1970 4878 hwredita-

386 4921 489 4967 tem
521 4921 666 4966 tuam
690 4951 705 4976 ,
732 4914 1039 4982 polluerunt
1081 4916 1331 4984 templum
1357 4923 1605 4970 sanctum
1651 4923 1830 4978 tuum,
1871 4929 1967 4983 po-

384 5012 604 5058 suerunt
641 5005 941 5060 Jerusalem
985 5007 1043 5060 in
1083 5022 1362 5076 pomorum
1404 5005 1724 5060 custodiam.
1761 5005 1962 5060 Posue-

385 5104 510 5150 runt
558 5098 845 5152 morticina
890 5115 1162 5153 servorum
1215 5110 1426 5154 tuorum
1466 5115 1612 5153 escas
1659 5098 1962 5154 volatilibus

385 5189 501 5245 εαίὶ
519 5231 532 5256 ,
559 5208 743 5246 carnes
771 5201 1076 5246 sanctorum
1106 5203 1319 5248 tuorum
1352 5192 1530 5247 bestiis
1559 5202 1714 5248 terra:
1742 5193 1808 5248 “.
1836 5191 1962 5247 Haec

384 5285 452 5338 ad
479 5285 707 5354 gloriam
740 5287 918 5358 gentis
947 5288 1280 5358 vergebant,
1313 5301 1485 5356 quare
1513 5301 1708 5358 magna
1739 5301 1864 5341 cum
1900 5285 1963 5340 ii-

384 5373 544 5428 ducia
571 5375 716 5430 dicta
745 5384 893 5432 sunt.
927 5374 1128 5431 Verum
1162 5393 1270 5431 non
1302 5375 1432 5431 talia
1463 5383 1622 5430 erant
1652 5375 1707 5430 in
1738 5384 1962 5446 septua-

2066 4817 2156 4872 Διὸ
2193 4818 2253 4873 τὺ
2287 4819 2624 4891 προφητικὸν
2652 4821 2874 4892 Πνεῦμα
2909 4822 3147 4888 ἔντευξιν
3171 4826 3311 4897 ὑπὲρ
3336 4826 3431 4880 τοῦ
3450 4827 3654 4891 παντὸς

2059 4910 2381 4981 ἀναπέμπει
2416 4910 2543 4964 λαοῦ
2575 4911 2803 4980 φάσκον·
2823 4915 2875 4966 '0
2905 4915 3067 4980 Θεὸς,
3091 4915 3366 4984 ἧλθοσαν
3395 4918 3540 4986 ἔθνη
3565 4923 3654 4986 εὶς

2064 5005 2179 5070 τὴν
2235 5005 2643 5072 κληρονομίαν·
2691 5019 2828 5070 σου,
2879 5006 3132 5076 ἐμίαναν
3177 5010 3284 5063 τὸν
3340 5011 3492 5065 ναὸν
3546 5012 3655 5066 τὸν

2062 5094 2234 5161 ἅγιόν
2277 5111 2428 5160 σου,
2469 5098 2672 5152 ἔθεντο
2708 5099 3096 5168 Ἰερουσαλὴμ
3136 5104 3224 5166 είς
3259 5104 3654 5173 ὀπωροφυλά-

2065 5189 2478 5244 κιον.⁹Εθεντο
2505 5190 2577 5243 τὰ
2605 5192 2930 5261 θνησιμαῖα
2956 5192 3075 5247 τῶν
3103 5194 3338 5249 δούλων
3357 5212 3475 5249 σου
3490 5197 3654 5264 βρώο

2064 5296 2218 5341 ματα
2245 5279 2370 5345 τοῖς
2397 5284 2691 5349 πετεινοῖς
2712 5284 2818 5338 τοῦ
2843 5287 3123 5354 οὐρανοῦ,
3147 5288 3252 5351 τὰς
3278 5285 3515 5355 σάρκας
3535 5289 3654 5342 τῶν

2064 5373 2252 5427 ὁσίων
2301 5389 2418 5428 σου
2467 5375 2593 5440 τοῖς
2633 5377 2861 5444 θηρίοις
2905 5377 3015 5446 τῆς
3042 5377 3174 5447 γῆς.
3212 5377 3398 5432 Ταῦτα
3447 5380 3556 5452 γὰρ
3585 5376 3655 5451 ἦν

387 5465 594 5534 gcsimo
648 5467 842 5532 tertio,
895 5467 952 5522 in
994 5483 1103 5538 quo
1145 5466 1468 5524 dicebatur:
1511 5466 1742 5539 thuid,
1789 5468 1961 5530 Deus,

2072 5466 2524 5537 σεμνολογήματα
2555 5467 2647 5520 τοῦ
2682 5468 2886 5530 έθνους’
2919 5467 3000 5522 διὸ
3039 5469 3135 5522 σὺν
3161 5471 3445 5542 παρρησίᾳ
3482 5470 3651 5543 πολλῇ

393 5558 634 5625 repulisti
666 5559 718 5612 in
753 5560 947 5627 finem,
986 5560 1159 5614 iratus
1187 5571 1266 5614 est
1306 5560 1459 5628 furor
1491 5569 1611 5614 tuus
1654 5577 1811 5629 super
1845 5576 1961 5615 oves

2068 5556 2305 5612 λέλεκτο.
2326 5559 2464 5611 Ἀλλ’
2488 5560 2548 5612 ού
2592 5559 2817 5614 τοιαῦτα
2856 5554 2924 5630 ἦν
2970 5559 3038 5614 τὰ
3083 5561 3141 5614 ὲν
3172 5560 3252 5632 τῷ
3280 5569 3330 5630 γ’
3352 5562 3449 5615 καὶ
3487 5569 3550 5627 o’,
3583 5562 3651 5616 δι’

385 5661 596 5714 pascua:
625 5660 728 5700 tua:
752 5647 834 5700 '5?
865 5647 976 5703 lllis
999 5649 1200 5719 quippe
1228 5648 1462 5717 abjectio
1495 5649 1676 5718 populi
1712 5649 1768 5705 in
1800 5649 1959 5704 ﬁnem

2068 5643 2128 5704 οὗ
2158 5648 2375 5718 ἐλέγετο
2393 5667 2406 5681 ·
2441 5650 2566 5705 ’Ἰν-α
2593 5653 2670 5714 τί,
2703 5655 2736 5706 ό
2775 5653 2939 5717 Θεὸς,
2963 5653 3182 5708 ἀπώσω
3211 5657 3296 5718 εἰς
3319 5654 3516 5720 τέλος,
3541 5653 3652 5723 ὼρ-

388 5751 560 5808 usque
589 5735 996 5804 declarabatur,
1039 5755 1251 5796 necnon
1292 5748 1568 5810 postrema
1607 5739 1961 5821 Jerosolymte

2070 5741 2247 5812 γίσθη
2295 5745 2328 5796 ὀ
2370 5744 2556 5813 θυμός
2582 5759 2698 5799 σου
2730 5745 2824 5799 ἐπὶ
2863 5748 3125 5816 πρόϐατα
3165 5746 3354 5817 νομῆς
3380 5763 3529 5810 σου;
3563 5747 3654 5800 Ἑν

459 5893 504 5924 ⁸³
528 5891 671 5948 Psal.
705 5909 909 5958 Lxxvn,
955 5897 1002 5950 1.
1081 5896 1124 5928 δ’*
1159 5893 1307 5950 Psal.
1338 5911 1568 5963 unm,
1608 5896 1656 5966 i,
1692 5895 1748 5953 2.
1828 5899 1870 5931 ⁸⁸
1904 5896 1961 5955 Pt

2087 5913 2280 5968 Limn,
2321 5896 2369 5950 l.
