4056 6414
349 414 458 475 829

1485 402 1994 463 COMMENTARIA
2033 402 2100 459 1N
2140 401 2484 462 PSALMOS.

3526 403 3632 458 830

349 528 579 594 ἐκείνοις
612 529 723 603 γάρ
746 528 843 600 τὴν
871 527 949 590 εἰς
973 524 1125 589 τέλος
1157 519 1428 592 ἀποϐολὴν
1462 519 1555 573 τοῦ
1590 518 1777 582 ἔθνους
1824 519 1934 590 ἐδή-

2051 517 2209 572 ruina
2240 537 2253 573 :
2290 518 2346 573 in
2376 518 2472 573 illo
2502 515 2629 572 item
2666 531 2776 572 non
2811 515 3025 574 faustus
3057 515 3218 582 ii‘nis,
3254 530 3363 571 non
3396 519 3647 587 promis“

349 622 462 685 λου,
492 621 588 676 καί⁵
640 623 739 692 τὴν
795 619 1030 690 ἐσχάτην
1077 617 1180 688 τῆς
1215 612 1573 686 Ἰερουσαλὴμ
1599 610 1935 665 ἀπόπτωσιν.

349 714 461 768 Καὶ
488 716 549 768 ἐν
577 712 771 783 ἐκείνῳ
804 711 902 782 μὲν
934 710 1034 764 οὐκ
1063 708 1363 781 ἐμφέρεται
1399 703 1634 777 χρηστὸν
1665 703 1821 766 τέλος
1849 703 1940 755 ού-

347 804 406 858 δέ
452 803 757 872 ἐπαγγελία
796 819 881 865 τις
910 799 1292 875 θεραπεύουσα
1321 797 1390 852 τά
1414 795 1717 868 λελεγμένα
1742 812 1756 826 ⁸
1790 796 1846 848 ἐν
1879 793 1938 847 δὲ

347 894 427 963 τῷ
461 893 689 965 παρόντι
722 892 859 964 μετὰ
884 892 952 946 τὰ
978 889 1280 963 σκυθρωπά
1301 888 1663 941 ἐπισυνάπτει
1686 884 1764 956 τῷ
1794 883 1938 937 τέλει

346 981 443 1037 τοῦ
491 983 696 1047 παντὸς
741 982 903 1052 λόγου
922 1000 938 1013 ο
992 980 1235 1047 Ἀπόδος
1288 977 1410 1045 τοῖς
1458 978 1726 1049 γείτοσιν
1774 972 1945 1045 ἡμῶν

343 1073 810 1130 ἑπταπλασίονα
847 1076 935 1139 εἰς
975 1072 1083 1127 τὸν
1117 1073 1351 1127 κόλπον
1383 1068 1603 1134 αὐτῶν,
1635 1068 1742 1123 τὸν
1786 1069 1944 1121 ὀνει-

344 1166 570 1238 δισμὸν
597 1166 819 1232 αὐτῶν,
847 1166 919 1223 δν
941 1164 1264 1220 ὠνείδισάν
1288 1180 1384 1227 σε,
1416 1164 1611 1232 Κύριε.
1630 1160 1829 1231 Ἡμεῖς
1855 1159 1944 1225 δὲ,

347 1261 504 1327 λαός
535 1276 653 1318 σου
692 1262 793 1316 καί
821 1263 1087 1331 πρόϐατα
1124 1258 1319 1331 νομῆς
1364 1275 1503 1323 σου,
1540 1259 1948 1328 ἀνθομολογη-

2048 610 2166 678 sio,
2197 626 2320 681 qua:
2370 609 2663 665 recensitis
2703 609 2864 665 malis
2911 609 3217 673 medeatur,
3260 608 3530 678 affertur;
3575 616 3632 665 at

2048 704 2102 757 in
2139 701 2397 773 praesenti
2444 709 2567 773 post
2602 701 2781 756 tristia
2830 701 2922 755 illa
2973 702 3089 755 haec
3120 703 3176 755 in
3208 699 3314 755 ﬁne
3357 701 3631 756 sermonis

2055 793 2248 865 adjicit
2275 813 2289 848 :
2323 792 2712 862 Reddqm'cint's
2742 792 2940 846 nostris
2970 793 3270 863 srptuplum
3300 792 3356 846 in
3400 792 3521 846 sinu
3538 808 3631 847 eo-

2045 903 2166 941 rum
2194 928 2210 953 ,
2269 887 2653 957 improperium
2699 885 2981 956 ipsorum,
3032 902 3134 956 quo
3184 883 3632 952 exprobrauerunt

2046 978 2162 1044 tibi,
2182 976 2425 1033 Domine.
2449 973 2565 1030 Nos
2593 985 2769 1030 autem
2797 974 3021 1045 populus
3054 986 3177 1029 tuus
3204 982 3253 1029 et
3281 990 3397 1028 oves
3418 988 3631 1041 pascua:

2048 1079 2151 1125 tua:
2169 1111 2185 1136 ,
2211 1067 2587 1135 conﬁtebimur
2617 1067 2713 1123 tibi
2745 1068 2801 1122 in
2829 1067 3105 1123 sa'culum.
3142 1065 3211 1121 In
3239 1065 3630 1137 generationem

2046 1172 2097 1218 et
2148 1161 2537 1234 generationem
2582 1159 3023 1216 annuntiabimus
3063 1159 3274 1214 laudem
3319 1167 3486 1213 tuam.
3534 1155 3633 1211 Ha

2046 1255 2249 1325 quippe
2280 1268 2409 1309 vere
2437 1253 2719 1323 jnstorum
2752 1270 2915 1310 voces
2946 1260 3096 1309 sunt.

343 1352 576 1421 σόμεθά
599 1368 698 1408 σοι
726 1356 814 1422 εἰς
833 1353 940 1407 τὸν
969 1350 1179 1408 αἰῶνα.
1211 1354 1317 1418 Εἰς
1342 1349 1556 1421 γενεὰν
1595 1348 1694 1402 καὶ
1721 1347 1937 1418 γενεὰν
1972 1343 2421 1417 ἐξαγγελοῦμεν
2451 1343 2568 1414 τὴν
2601 1344 2842 1399 αἷνεσίν
2870 1359 3008 1398 σου.
3060 1334 3232 1398 Abeat
3296 1340 3406 1413 γὰρ
3444 1338 3631 1410 σαφῶς

341 1446 574 1502 δικαίων
607 1448 937 1519 τυγχάνουσι
964 1446 1157 1517 φωναί.

1107 1563 1191 1616 H’.

427 1655 494 1709 Ἦ
544 1655 705 1726 ὀγδόη
759 1655 1068 1727 προφητεία
1118 1652 1211 1708 τοῦ
1257 1652 1430 1723 Ἀσάφ
1480 1668 1654 1707 πολλα
1688 1650 1943 1724 σημαίνει

339 1745 491 1802 κατὰ
516 1747 577 1800 τὸ
600 1747 730 1800 αὐτὸ
761 1746 850 1800 διὰ
886 1746 987 1817 τῆς
1030 1748 1390 1818 προγραφῆςο
1427 1744 1544 1798 ἐστι
1573 1743 1710 1816 γὰρ,
1745 1746 1834 1808 εἰς
1875 1743 1940 1797 τὸ

2766 1546 2901 1604 Vill.

2114 1645 2320 1700 Octava
2363 1640 2573 1723 Asaphi
2611 1642 2896 1713 prophetia
2940 1641 3113 1697 multa
3161 1641 3217 1696 in
3258 1641 3419 1696 titulo
3464 1641 3629 1701 simul

2042 1735 2249 1792 indicat
2280 1753 2293 1789 :
2323 1750 2450 1789 nam
2478 1734 2703 1798 dicitur,
2729 1736 2784 1789 in
2820 1734 3007 1803 ﬁnem,
3036 1740 3114 1799 et,
3144 1748 3243 1804 pro
3273 1733 3340 1787 iis
3369 1733 3460 1804 qui
3483 1749 3629 1788 com-

334 1837 545 1906 τέλος,
596 1839 721 1905 καὶ,
780 1840 933 1908 ὑπὲρ
994 1836 1115 1892 τῶν
1174 1835 1768 1905 ἀλλοιωθησομένων,
1824 1835 1934 1898 καὶ,

2043 1827 2424 1892 mutabuntur,
2450 1833 2541 1890 et,
2571 1827 2811 1896 psalmus
2843 1827 2892 1858 ⁸⁸
2920 1844 2934 1879 :
2972 1824 3040 1879 ad
3078 1823 3195 1880 hate
3224 1831 3407 1881 autem
3439 1825 3628 1882 omnia

335 1935 622 2003 ψαλμός·
656 1929 793 2002 πρὸς
830 1930 1046 1993 τούτοις
1076 1928 1279 1984 ἆπασιν
1308 1930 1696 2000 ἐπιτετήρηται
1733 1927 1808 1990 ὡς
1846 1927 1939 1980 καὶ

326 2023 667 2093 μαρτύριον
714 2020 799 2092 εἴη
837 2020 998 2092 μόνος
1029 2014 1183 2083 οὗτος
1226 2018 1335 2074 τῶν
1382 2021 1439 2073 ἐν
1488 2017 1637 2088 πάσῃ
1670 2019 1736 2089 τῇ
1769 2015 1938 2088 βίϐλῳ

333 2113 664 2186 φερομένων
709 2111 884 2175 οὕτως
926 2110 1427 2182 ἐπιγεγραμμένος.
1460 2111 1555 2173 Εἰς
1607 2110 1704 2180 μὲν
1751 2104 1844 2163 οὖν
1875 2109 1939 2163 τὸ

335 2203 497 2268 τέλος
545 2202 860 2273 ἀναπέμπει
902 2201 991 2255 διά
1031 2202 1092 2255 τὸ
1133 2201 1411 2266 θεσπίζειν
1440 2201 1501 2255 τὸ
1543 2200 1753 2272 μέλλον·
1784 2200 1937 2270 ὑπὲρ

338 2295 401 2350 δέ
478 2292 598 2348 τῶν
660 2293 1258 2363 ἀλλοιωθησομένων,
1324 2293 1413 2348 διὰ
1468 2293 1568 2365 τὴν
1636 2293 1936 2367 μεταϐολὴν

342 2384 457 2438 τῶν
507 2383 598 2438 διὰ
648 2384 749 2453 τῆς
807 2382 1144 2455 προφητείας
1199 2382 1542 2454 δηλουμένων
1567 2399 1581 2415 ·
1607 2384 1939 2453 μαρτύριον

340 2476 400 2531 δέ
450 2476 663 2547 εἴρηται
694 2474 785 2530 διὰ
825 2474 888 2528 τὸ
933 2473 1307 2547 μαρτύρεσθαι
1357 2473 1489 2545 περὶ
1541 2473 1637 2528 τοῦ
1683 2475 1741 2528 ἐν
1787 2472 1937 2544 αὐτῷ

345 2564 913 2636 προαναφωνουμένου
939 2566 1131 2637 ἀνδρὸς
1163 2564 1258 2619 καὶ
1297 2564 1394 2618 τοῦ
1440 2564 1774 2637 καλουμένου
1802 2564 1935 2619 Υίοῦ

340 2653 657 2727 ἀνθρώπου.
699 2654 828 2708 Υἰὸν
885 2654 996 2726 γάρ
1047 2671 1170 2708 τινα
1226 2652 1515 2726 ἀνθρώπου
1572 2655 1784 2725 εἰσάγει
1839 2656 1935 2709 καὶ

343 2746 516 2818 ὕνδρα
541 2745 722 2813 δεξιᾶς
750 2743 846 2800 τοῦ
890 2745 1025 2800 Θεοῦ
1062 2745 1252 2799 τοῦτον
1274 2747 1550 2818 ὀνομάζει.
1580 2748 1805 2819 Πρῶτον
1836 2748 1934 2820 μὲν

340 2832 440 2891 οὖν
472 2836 568 2890 τοῦ
608 2837 879 2891 Ἰουδαίων
912 2837 1099 2900 ἔθνους
1121 2837 1222 2908 τὴν
1262 2837 1371 2891 άπὸ
1400 2837 1677 2907 Αἰγύπτου
1708 2840 1934 2910 πορείαν

341 2926 440 2983 καί¹
466 2929 566 3001 τὴν
598 2929 693 2981 ἐπὶ
729 2929 828 2999 τῆς
860 2926 1237 2983 Παλαιστινῶν
1269 2929 1373 2999 γῆς
1402 2930 1615 3001 οἴκησιν
1664 2932 1934 3004 παρίστη-

345 3036 431 3073 σιν
460 3021 520 3073 ἐν
548 3018 881 3091 ἀλληγορίας
905 3020 1094 3094 τρόπῳ
1119 3021 1377 3092 φάσκωντ
1418 3023 1715 3091 Ἄμπελον
1739 3021 1809 3087 ἐξ
1837 3025 1934 3077 Αἰ-

339 3111 574 3183 γύπτου
611 3110 895 3189 μετ-ἤρας,
926 3111 1213 3181 ἐξέϐαλες
1257 3113 1402 3182 ἔθνη
1441 3114 1539 3169 καὶ
1574 3115 1935 3184 κατεφύτευ-

2041 1922 2367 1977 observatur
2392 1920 2542 1975 hunc
2567 1920 2749 1975 solum
2778 1919 3050 1989 psalmum
3073 1960 3087 1985 ,
3110 1933 3179 1974 ex
3205 1918 3276 1974 iis
3304 1918 3398 1990 qui
3426 1919 3482 1974 in
3510 1927 3628 1977 toto

2038 2012 2182 2068 libro
2214 2011 2489 2075 feruntur,
2532 2011 2895 2066 testimonium
2934 2008 3189 2066 inscribi.
3230 2009 3290 2064 In
3326 2010 3489 2071 linem
3516 2011 3630 2069 ita.

2038 2120 2147 2174 que
2175 2103 2427 2168 remittit,
2446 2101 2577 2173 quia
2608 2101 2796 2165 futura
2825 2102 3188 2169 vaticinatur;
3216 2109 3302 2158 est
3328 2116 3495 2168 vero,
3527 2117 3630 2174 pro

2038 2196 2106 2251 iis
2135 2198 2225 2267 qui
2251 2194 2739 2260 commutabantur,
2762 2194 2834 2249 ob
2854 2196 3211 2250 mutationem
3234 2209 3426 2251 eorum
3447 2195 3541 2266 qui
3567 2197 3627 2253 in

2037 2288 2328 2360 prophetia
2368 2288 2731 2355 indicantur;
2774 2286 3134 2342 testimonium
3172 2294 3357 2343 autem
3397 2287 3624 2354 dicitur,

2039 2382 2169 2453 quia
2200 2381 2578 2437 testimonium
2611 2379 2817 2451 praebet
2848 2379 2970 2435 viro
3002 2379 3203 2435 ibidem
3234 2379 3625 2450 praenuntiata,

2036 2482 2092 2530 et
2118 2473 2169 2528 ei
2193 2473 2289 2544 qui
2315 2479 2545 2529 vocatur
2562 2471 2735 2529 Filius
2766 2471 3026 2528 hominis.
3045 2470 3182 2526 Nam
3209 2471 3502 2542 quemdam
3530 2469 3624 2525 Fi-

2035 2568 2170 2623 lium
2214 2565 2456 2621 hominis
2499 2564 2589 2619 hic
2631 2563 2881 2630 inducit,
2931 2572 2987 2619 et
3028 2563 3211 2617 virum
3255 2563 3497 2619 dexterae
3529 2562 3627 2620 Dei

2035 2654 2291 2712 eumdem
2318 2662 2619 2724 nuncupat.
2653 2650 2840 2711 Primo
2869 2652 3052 2723 itaque
3078 2649 3293 2708 Judaici
3324 2653 3510 2723 populi
3555 2669 3622 2711 ex

2036 2742 2275 2815 Egypto
2305 2743 2546 2808 exitum,
2585 2749 2751 2812 atque
2793 2729 3192 2797 habitationem
3232 2743 3287 2797 in
3329 2740 3624 2799 Palaestina

2035 2836 2330 2908 allegorice
2352 2850 2505 2890 more
2528 2834 2771 2890 declarat
2792 2833 2983 2889 dicens
3008 2853 3021 2889 :
3054 2833 3278 2889 Vineam
3303 2834 3368 2889 de
3386 2833 3623 2907 ﬂgypto

2037 2926 2394 2991 transtulisti,
2427 2926 2630 2996 ejecisti
2662 2934 2840 2997 gentes
2873 2934 2922 2980 et
2954 2925 3213 2994 plantasti
3246 2939 3400 2991 eam,
3428 2937 3483 2983 et
3518 2942 3626 2983 ca-

2036 3025 2173 3072 tera.
2194 3015 2402 3073 Deinde
2423 3015 2665 3072 futuram
2690 3017 2812 3086 ejus
2835 3016 3233 3072 desolationem
3258 3017 3347 3073 his
3373 3017 3579 3074 indicat
3603 3038 3617 3074 :

2040 3106 2238 3179 thuid
2259 3106 2572 3162 destruxisti
2596 3107 2886 3162 maceriam
2907 3106 3049 3176 ejus,
3079 3114 3130 3161 et
3160 3105 3482 3161 vindemiant
3502 3123 3623 3162 eant

339 3216 464 3267 σας
490 3199 708 3267 αὐτὴν,
733 3202 828 3255 καὶ
852 3201 920 3256 τὰ
950 3201 1167 3267 τούτοις
1190 3203 1458 3259 ἀκόλουθα
1476 3222 1490 3237 ·
1522 3202 1643 3259 εἶτα
1668 3205 1820 3276 δηλοί
1836 3205 1933 3277 τὴν

2037 3219 2214 3257 omnes
2242 3203 2334 3274 qui
2374 3200 2885 3272 praetergrediuntur
2920 3201 3107 3257 viam?
3137 3199 3213 3256 De
3241 3200 3622 3258 obsidentibus

343 3291 616 3364 ἐσομένην
647 3292 881 3364 ἐρημίαν
910 3294 1091 3348 αὐτῶν
1134 3296 1361 3363 φάσκων
1382 3314 1396 3328 ·
1432 3297 1557 3352 Ἵνα
1580 3298 1638 3351 τί
1661 3297 1936 3365 καθεῖλες

338 3382 454 3438 τὸν
474 3383 748 3453 φραγμὸν
769 3385 984 3454 αὐτῆς,
1012 3389 1111 3441 καὶ
1147 3389 1447 3460 τρυγῶσιν
1484 3390 1681 3459 αὐτὴν
1709 3390 1936 3459 πάντες

338 3478 398 3530 ol
440 3478 992 3547 παραπορευόμενοι
1019 3479 1134 3549 τὴν
1170 3481 1340 3546 ὀδόν;
1386 3483 1496 3536 Καὶ
1541 3483 1670 3556 περὶ
1701 3482 1809 3537 τῶν
1838 3501 1935 3538 πο-

336 3564 749 3637 λιορκησάντων
778 3567 835 3621 δέ
881 3568 1120 3624 διδάσκει
1159 3570 1365 3640 λέγων’
1411 3573 1781 3642 Ἐλυμῄνατο
1826 3576 1934 3629 αὺ-

336 3656 457 3726 τὴν
486 3653 562 3724 ὗς
603 3657 673 3712 ἐκ
710 3658 960 3728 δρυμοῦ,
989 3662 1089 3715 καὶ
1124 3663 1336 3733 μονιός
1367 3663 1571 3734 ἄγριος
1613 3666 1934 3737 κατενεμή-

336 3762 494 3804 σατο
544 3747 760 3820 αὑτήν.
797 3751 875 3802 Δι’
909 3744 985 3805 ὧν
1024 3752 1119 3805 δύο
1167 3753 1537 3827 πολιορκητὰς
1573 3755 1791 3811 ἔσεσθαι
1836 3757 1930 3811 τοῦ

341 3842 529 3907 ἔθνους
575 3841 864 3915 σημαίνειο
917 3842 946 3896 ὃ
991 3843 1055 3915 δὴ
1088 3845 1278 3914 γέγονε
1329 3846 1428 3916 μὲν
1475 3847 1571 3901 καὶ
1621 3849 1762 3902 κατὰ
1804 3850 1933 3914 τοὺς

338 3933 449 3988 τῶν
478 3933 834 3989 Βαϐυλωνίων
861 3936 1117 4007 χρόνους·
1153 3937 1373 4010 πρῶτος
1425 3937 1535 4011 γὰρ
1576 3941 1604 3992 ὁ
1646 3940 1932 4011 Ἀσσύριος

341 4023 590 4079 ἐπελθὼν
620 4024 721 4090 τὰς
768 4025 899 4080 δέκα
935 4026 1108 4097 φυλάς
1136 4028 1232 4082 τοῦ
1292 4030 1511 4101 Ἰσραὴλ
1554 4031 1931 4102 αἰχμαλώτους

336 4117 631 4189 ἀπήγαγεν
650 4135 662 4148 ·
699 4111 819 4170 εἶτα
850 4116 989 4189 μετὰ
1015 4116 1205 4172 τοῦτον
1233 4120 1263 4172 ὁ
1285 4118 1626 4186 Βαϐυλώνιος
1657 4123 1784 4186 τοὺς
1809 4123 1932 4177 ὑπο-

337 4203 560 4268 λοίπους
604 4206 957 4278 ἐχειρώσατο,
1003 4206 1103 4279 τὴν
1142 4206 1499 4281 Ἰερουσαλὴμ
1552 4212 1648 4266 σὺν
1691 4210 1770 4283 τῷ
1818 4211 1931 4283 ναῷ

337 4297 718 4370 πυρπολήσας.
755 4300 822 4352 Ὃ
852 4297 917 4370 δὴ
956 4297 1204 4364 θεσπίζει
1238 4299 1462 4370 φάσκων
1507 4302 1537 4354 ὁ
1566 4301 1723 4372 λόγος
1746 4316 1762 4333 ο
1798 4304 1929 4373 Ἐμ-

334 4388 757 4459 πεπυρισμένη
802 4390 873 4444 ἐν
914 4391 1058 4460 πυρὶ
1099 4392 1200 4446 καὶ
1236 4393 1689 4463 ἀνεσκαμμένηο
1738 4395 1929 4466 γέγονε

334 4479 396 4534 δέ
417 4481 514 4535 καὶ
545 4480 639 4533 ἐπὶ
662 4480 762 4551 τῆς
798 4481 1083 4553 Ῥωμαίων
1118 4481 1416 4553 βασιλείας,
1454 4484 1672 4557 πρῶτον
1705 4487 1802 4558 μὲν
1834 4504 1929 4541 πο-

2038 3302 2222 3350 antem
2267 3308 2388 3349 eam
2436 3293 2553 3348 haec
2582 3292 2791 3348 tradit:
2828 3290 3220 3349 Exterminavit
3251 3310 3369 3348 eam
3404 3310 3530 3367 aper
3555 3294 3623 3351 de

2036 3391 2172 3446 silva
2192 3430 2208 3455 ,
2240 3399 2291 3446 et
2319 3390 2607 3462 singularis
2638 3390 2783 3460 ferus
2812 3392 3039 3446 vastavit
3067 3407 3209 3445 eam.
3255 3389 3468 3458 Quibus
3498 3406 3624 3448 ver-

2036 3483 2125 3541 bis
2164 3499 2287 3540 eam
2324 3490 2544 3555 gentem
2583 3498 2615 3537 a
2654 3483 2874 3539 duobus
2913 3481 3279 3539 obsidendam
3317 3482 3617 3555 signiﬁcat.

2035 3572 2196 3641 Quod
2234 3572 2419 3629 evenit
2462 3570 2891 3643 Babyloniorum
2936 3579 3227 3642 tempore:
3268 3586 3396 3625 nam
3442 3570 3619 3643 Assy-

2034 3666 2150 3722 rius
2180 3664 2333 3736 prior
2365 3662 2665 3728 invadens,
2702 3662 2894 3719 decem
2940 3662 3119 3719 tribus
3159 3661 3331 3720 Israel
3372 3661 3619 3733 captivas

2035 3755 2298 3824 abduxit;
2328 3754 2527 3811 deinde
2549 3769 2680 3810 vero
2705 3753 3039 3827 Babylonius
3064 3754 3309 3812 incensis
3332 3770 3457 3811 cum
3482 3762 3623 3810 tem-

2034 3849 2125 3920 plo
2166 3846 2560 3920 Jerosolymis,
2605 3848 2851 3918 reliquos
2899 3848 3064 3919 cepit.
3102 3847 3262 3915 Quod
3302 3847 3392 3904 hic
3435 3863 3619 3904 sermo

2032 3941 2362 3994 vaticinatur
2395 3939 2484 3994 his
2532 3939 2751 3995 verbis:
2805 3937 3034 3993 Incensa
3087 3940 3204 4010 igne
3248 3946 3300 3994 et
3344 3939 3616 4009 stt/fossa:

2032 4031 2271 4102 idi'psum
2298 4044 2519 4100 quoque
2546 4028 2921 4085 Romanorum
2955 4038 3202 4099 tempore
3231 4028 3434 4085 accidit
3458 4046 3474 4097 ;
3504 4030 3617 4101 pri-

2030 4137 2122 4178 mo
2155 4121 2378 4192 quidem
2409 4119 2700 4176 obsidente
2730 4119 2887 4185 Tito,
2917 4120 3013 4190 qui
3039 4126 3165 4190 post
3197 4134 3389 4174 eorum
3422 4127 3613 4175 contra

2040 4212 2385 4270 Salvatorem
2437 4222 2689 4269 nostrum
2736 4212 2984 4268 facinora
3013 4250 3029 4277 ,
3080 4212 3345 4282 templum
3396 4226 3616 4283 quoque

2031 4303 2322 4371 incendit;
2375 4303 2575 4360 deinde
2627 4318 2759 4361 vero
2813 4300 3060 4358 Adriano
3109 4302 3416 4372 imperante
3447 4339 3463 4366 ,
3518 4301 3614 4371 qui

2027 4395 2232 4452 Judaeis
2253 4395 2408 4452 urbis
2445 4394 2656 4450 aditum
2696 4395 2805 4450 lata
2832 4395 2950 4465 lege
2977 4392 3305 4450 interclusit.
3333 4392 3438 4448 Sed
3461 4399 3615 4464 post—

2029 4505 2194 4560 quam
2226 4489 2417 4545 isthaec
2457 4488 2529 4544 de
2565 4487 2856 4544 obsidione
2899 4488 3077 4558 gentis
3121 4486 3454 4542 vaticinatus
3497 4484 3616 4542 fue-

338 4550 732 4643 λιορκήσαντος
761 4550 961 4637 αὐτούς
988 4550 1149 4629 Τίτου
1176 4573 1273 4628 τοῦ
1306 4574 1403 4629 καὶ
1428 4550 1671 4648 τὸλερδν
1705 4550 1929 4650 ’πυρπο-

2037 4550 2148 4643 rat,
2199 4577 2256 4631 in
2299 4576 2663 4648 sequentibus
2706 4578 2774 4633 de
2817 4550 3005 4632 divino
3038 4574 3347 4632 Servatoris
3375 4575 3612 4630 adventu

337 4662 603 4734 λήσαντος
648 4662 786 4735 μετὰ
812 4664 882 4719 τὰ
905 4664 1245 4737 τολμηθέντα
1276 4666 1461 4731 αὐτοῖς
1504 4667 1647 4722 κατά
1689 4667 1783 4722 τοῦ
1811 4670 1926 4724 Σω-

2036 4669 2152 4725 lure
2180 4671 2454 4741 precando
2485 4671 2660 4727 dicit:
2697 4671 2829 4725 Fiat
2864 4687 3055 4725 manus
3101 4681 3196 4724 tua
3240 4685 3398 4739 super
3438 4669 3612 4723 virum

337 4754 509 4825 τῆρος
542 4754 729 4825 ἡμῶν·
764 4754 956 4809 ἔπειτα
995 4755 1276 4827 Ἀδριανοῦ
1311 4757 1406 4812 τοῦ
1432 4758 1531 4831 τὴν
1571 4759 1727 4814 πόλιν
1753 4759 1927 4833 αὐτὴν

2037 4761 2254 4818 iextera:
2282 4772 2386 4817 tua:
2407 4802 2421 4826 ,
2460 4773 2508 4817 et
2537 4779 2694 4833 super
2721 4761 2926 4818 Filium
2958 4762 3187 4817 hominis
3221 4777 3375 4832 quem
3412 4762 3614 4829 conﬁr-

337 4841 541 4896 ἄϐατον
576 4843 851 4907 ’Ῑουδαίοις
883 4839 1023 4899 εἶναι
1052 4844 1532 4918 νομοθετήσαντος.
1575 4850 1712 4904 Ἀλλ’
1739 4850 1926 4922 ἐπειδὴ

2037 4856 2189 4910 masti
2236 4857 2351 4911 tibi.
2392 4855 2491 4912 His
2522 4866 2704 4913 autem
2740 4864 2927 4928 rogat,
2959 4865 3020 4910 ut
3046 4856 3133 4913 vir
3159 4855 3398 4910 dextera:
3424 4853 3519 4910 Dei
3552 4855 3610 4909 in

337 4932 516 4987 ταῦτα
571 4935 702 5007 περὶ
748 4935 847 5007 τῆς
892 4934 1212 5007 πολιορκίας
1266 4937 1521 4993 ἐθέσπισε
1572 4941 1667 4995 τοῦ
1720 4941 1925 5008 ἔθνους,

2037 4956 2173 5003 terra
2211 4956 2493 5020 appareat.
2534 4946 2641 5005 Per
2668 4948 2849 5019 ipsum
2884 4948 3067 5012 enim,
3104 4946 3321 5018 inquit,
3366 4962 3469 5002 nos
3513 4946 3609 5016 qui

340 5023 548 5094 προῖὼν
588 5026 719 5097 περὶ
760 5027 858 5099 τῆς
909 5028 1176 5100 σωτηρίου
1225 5028 1544 5099 θεοφανείας
1586 5032 1752 5104 εὐχὴν
1796 5035 1930 5088 ἀνα-

2037 5040 2377 5111 snscepimns
2409 5055 2534 5096 eum
2555 5078 2572 5105 ,
2603 5055 2713 5095 non
2753 5038 3096 5096 discedemus
3131 5054 3162 5093 a
3194 5046 3281 5105 te,
3316 5038 3410 5094 sed
3449 5037 3608 5092 etiam

340 5114 550 5185 πέμπει
596 5116 802 5186 λέγων*
844 5120 1160 5188 Γενηθήτω
1203 5119 1242 5188 ἡ
1290 5122 1420 5190 χείρ
1471 5137 1588 5177 σου
1619 5125 1712 5178 ἐπ’
1739 5125 1930 5193 ἄνδρα

2037 5144 2127 5200 per
2164 5130 2346 5201 ipsum
2380 5146 2483 5186 nos
2514 5131 2861 5187 viviﬁcabis:
2900 5130 3256 5202 quamobrem
3299 5129 3387 5184 his
3425 5126 3608 5183 verbis

340 5202 546 5273 δεξιᾶς
568 5222 706 5273 σου,
733 5210 830 5264 καί
854 5210 955 5264 ἐπὶ
1004 5212 1141 5267 Υίὸν
1170 5214 1486 5281 ἀνθρώπου
1512 5213 1584 5267 ὃν
1614 5215 1929 5283 ἐκραταίωο

2037 5223 2443 5293 supplicamus:
2495 5221 2722 5279 Domine
2766 5225 3054 5290 virtutum,
3099 5230 3336 5277 converte
3377 5236 3509 5283 nos,
3557 5226 3607 5273 et

337 5312 458 5388 (rem
496 5301 749 5368 σεαυτῷ.
787 5304 1105 5376 Παρακαλεῖ
1145 5305 1206 5360 δέ
1252 5307 1310 5358 ἐν
1354 5305 1565 5370 τούτοις
1616 5307 1706 5362 τὸν
1752 5308 1924 5381 ἄνδρα

2037 5314 2239 5368 menda
2269 5313 2461 5384 faciem
2493 5324 2641 5370 tuam
2671 5330 2771 5388 per
2798 5315 3120 5387 praedictum
3148 5314 3328 5370 virum
3348 5354 3364 5380 ,
3393 5321 3441 5366 et
3471 5310 3607 5366 satiri

341 5386 442 5458 τῆς
467 5389 647 5457 δεξιᾶς
674 5393 767 5446 τοῦ
794 5393 928 5448 Θεοῦ
954 5394 1187 5466 ὀφθῆναι
1217 5397 1311 5450 ἐπὶ
1339 5396 1465 5466 γῆς.
1498 5398 1575 5449 Δι’
1598 5398 1762 5453 αὐτοῦ
1790 5392 1917 5472 γάρ,
1942 5454 1949 5461 ,
2015 5406 2233 5462 erimus.

345 5479 529 5570 φησὶν,
567 5482 726 5552 ἡμεῖς
755 5485 805 5537 οἰ
842 5486 1276 5560 παραδεξάμενοι
1302 5489 1463 5543 αὑτὸν
1497 5489 1558 5542 ού
1600 5490 1675 5561 μὴ
1710 5492 2038 5566 άποστῶμεν
2104 5497 2213 5552 ἀπὸ
2249 5498 2366 5561 σοῦ,
2398 5499 2535 5554 ἀλλὰ
2568 5498 2660 5554 κα)⁸
2692 5497 2933 5564 ζωώσεις
2967 5500 3113 5570 ἡμᾶς
3145 5498 3210 5553 δι’
3253 5497 3418 5552 αὐτοῦ
3461 5516 3475 5531 ο
3535 5499 3608 5554 δι’

342 5569 374 5622 δ
417 5574 511 5627 καὶ
558 5575 873 5649 ἰκετεύομεν
930 5579 1181 5650 λέγοντες
1223 5600 1235 5613 ’
1282 5585 1462 5653 Κύριε
1504 5585 1624 5638 τῶν
1651 5584 1984 5657 δυνάμεων,
2025 5592 2402 5664 esttamen-or
2436 5595 2610 5665 ἡμᾶς,
2666 5597 2763 5650 καί
2811 5569 3109 5664 ἐπίφαντον
3162 5595 3225 5648 τὸ
3280 5594 3607 5664 πρόσωπόν

344 5676 483 5730 σον,
515 5665 603 5721 διὰ
631 5668 723 5721 τοῦ
768 5668 1099 5741 δηλωθέντος
1126 5674 1339 5746 ἀνδρὸς,
1375 5676 1471 5731 καὶ
1498 5680 1909 5748 σωθησόμεθα.

420 5839 631 5907 “Psal.
672 5863 859 5919 una,
894 5850 945 5911 Ι.
