4056 6374
491 389 592 449 851

1241 509 1336 567 ΙΧ.

557 600 861 655 Admodum
887 610 1290 672 consequenter
1327 601 1392 656 ad
1435 602 1710 672 praedicta,
1737 601 1870 667 haec,
1901 615 2065 670 quam

484 698 809 753 tractamus,
856 694 1163 764 prophetia,
1212 709 1309 762 pro
1356 694 1711 748 torcularibus
1733 694 1774 725 ⁸⁷
1803 693 2068 762 inscripta

483 789 588 842 est.
619 792 672 836 et
704 784 769 836 ad
800 784 960 838 linem
987 785 1233 839 remittit.
1260 783 1581 839 Torcularia
1607 800 1769 855 porro
1790 784 1878 838 hic
1909 791 2067 838 vocat

483 875 759 932 Ecclesias
796 877 890 932 Dei
931 894 1027 947 per
1050 886 1222 932 totum
1246 879 1434 934 orbem
1480 880 1832 944 constitutas,
1858 880 1913 934 in
1942 881 2068 949 qui-

483 965 588 1019 bus
631 977 834 1021 sanctae
877 969 1024 1022 illius
1062 970 1234 1027 vineae
1274 970 1548 1024 vindemia
1592 971 1885 1042 colligitur.
1938 969 2068 1026 Stuo

484 1056 660 1124 pendo
693 1067 874 1114 autem
921 1059 1083 1115 modo
1119 1077 1212 1130 pro
1262 1062 1641 1129 torcularibus,
1682 1071 1806 1134 post
1848 1064 2066 1121 destru-

480 1153 624 1199 ctam
657 1148 894 1217 priorem
935 1151 1174 1216 vineam,
1215 1152 1554 1208 inscribitur.
1589 1154 1681 1208 llla
1722 1172 1959 1226 namque
1995 1157 2065 1212 ab

479 1239 684 1306 agresti
711 1255 844 1309 apro
879 1250 1110 1309 vastata,
1145 1253 1309 1314 atque
1338 1246 1579 1301 maceria
1608 1246 1729 1316 ejus
1759 1247 2061 1314 destructa,

477 1328 568 1382 hic
591 1333 887 1386 multorum
915 1335 1296 1400 torcularium,
1320 1352 1430 1391 non
1461 1339 1625 1393 unius
1649 1347 1882 1404 tantum,
1911 1355 2068 1396 men-

478 1421 554 1472 tio
585 1421 838 1477 habetur.
897 1424 1164 1481 Torcular
1213 1435 1393 1482 autem
1437 1430 1671 1500 primum
1718 1433 1874 1495 illud,
1914 1433 2062 1503 quod

475 1526 646 1564 unum
679 1522 816 1578 erat,
857 1513 1173 1572 declarabat
1211 1517 1382 1576 Isaias
1419 1521 1506 1578 his
1546 1523 1765 1577 verbis:
1793 1522 1864 1576 Et
1891 1523 2063 1594 edi/i-

474 1601 589 1654 «εαυὶ
630 1605 845 1670 turrim,
897 1616 949 1660 et
981 1611 1322 1675 protorcular
1356 1610 1470 1681 fodi
1512 1613 1566 1666 in
1611 1614 1726 1681 ipsa
1748 1614 1815 1677 "',
1850 1615 2060 1670 scilicet

470 1690 649 1744 vinea.
701 1694 771 1746 At
821 1705 1110 1767 postquam
1164 1701 1354 1770 prima:
1405 1703 1575 1759 turris
1623 1704 1840 1758 ruinam
1897 1713 2059 1776 atque

472 1786 873 1851 protorcularis
910 1787 1364 1860 destructionem,
1408 1795 1647 1865 itemque
1687 1797 1858 1851 totius
1887 1797 2059 1852 vineae

470 1872 864 1931 desolationem
917 1877 1033 1934 illic
1086 1893 1475 1952 enarraverat;
1519 1885 1646 1954 jure
1699 1887 1758 1940 in
1800 1889 2056 1956 prmsenti

465 1965 712 2021 omnium
759 1970 1001 2038 gentium
1049 1974 1396 2030 vocationem
1440 1976 1752 2042 denuntiat,
1797 1994 1922 2034 cum
1960 1995 2056 2049 pro

467 2055 827 2112 torcularibus
871 2061 1214 2130 prophetiam
1260 2065 1538 2121 inscribit.
1582 2065 1948 2132 Quamobrem
1987 2071 2055 2124 ad

461 2146 724 2215 gaudium
753 2156 807 2203 et
833 2149 1074 2205 laetitiam
1094 2169 1212 2217 eos,
1247 2156 1448 2226 quibus
1473 2156 1827 2230 Evangelium
1855 2161 2054 2230 praedi-

464 2245 648 2303 catur,
697 2240 894 2295 invitat
925 2242 1117 2300 dicens
1146 2265 1160 2300 :
1187 2245 1472 2304 Exsultate
1520 2248 1632 2305 Deo
1671 2253 1909 2321 adjutori
1957 2270 2054 2308 uo-

459 2337 599 2395 stro,
642 2331 872 2400 jubilate
913 2333 1026 2390 Deo
1053 2335 1244 2394 Iacob.
1279 2339 1486 2396 Sumite
1518 2344 1807 2413 psalmum,
1848 2354 1897 2399 et
1927 2345 2052 2400 date

464 2431 799 2493 tympanum,
845 2429 1162 2497 psalterium
1196 2432 1496 2501 jucundum
1542 2453 1662 2490 cum
1706 2437 1937 2496 cithara.
1982 2439 2050 2495 Et

460 2511 576 2567 haec
605 2515 825 2584 quidem
868 2519 937 2574 iis
985 2521 1078 2590 qui
1121 2517 1271 2593 digni
1310 2523 1607 2598 Evangelia
1649 2538 1803 2594 sunt,
1843 2531 2048 2602 quique

456 2605 699 2673 propriis
745 2606 1022 2666 fructibus
1060 2615 1359 2670 toreularia
1408 2618 1644 2688 replent.
1696 2620 1773 2676 De
1818 2619 2046 2678 Judaica

456 2709 589 2749 vero
613 2705 780 2766 gente
809 2699 959 2757 clare
993 2703 1276 2776 subjungit
1307 2726 1320 2762 :
1347 2707 1418 2762 Et
1455 2726 1560 2765 non
1591 2712 1791 2768 audivit
1819 2715 2044 2784 populus

451 2801 601 2840 mem
639 2803 814 2843 vocem
846 2808 1040 2859 meam,
1075 2803 1126 2850 et
1156 2795 1333 2852 Israel
1362 2816 1468 2855 non
1506 2802 1735 2858 intendit
1782 2806 1932 2862 mihi.
1974 2806 2045 2861 Et

451 2875 635 2932 dimisi
673 2897 764 2936 eos
809 2885 1101 2940 secundum
1146 2887 1414 2946 desideria
1449 2895 1626 2950 cordis
1671 2913 1871 2952 eorum.
1915 2897 2043 2956 Haec

452 2981 620 3038 pono
649 2976 1124 3042 opportunissime
1162 2981 1491 3048 praecedenti
1529 2989 1828 3057 prophetiae
1863 2990 2044 3046 cohae-

448 3067 594 3116 rent.
631 3059 1105 3127 Quemadmodum
1146 3072 1293 3127 enim
1328 3073 1442 3130 illic
1479 3077 1653 3133 vineze
1683 3079 1902 3136 ruinam
1942 3081 2040 3138 de-

1197 394 1468 450 ECSEBH
1500 390 1978 450 CAESARIENSIS
2003 388 2150 445 ΟΡΡ.
2189 387 2368 443 PARS
2397 385 2485 442 Ill.
2512 418 2567 429 --
2594 383 3006 441 EXEGETICA.

3646 379 3752 434 832

2931 499 3006 552 0'.

2242 593 2455 665 Σφόδρα
2484 593 2793 655 ἀκολούθως
2829 593 2943 654 τοῖς
2978 585 3350 660 προλεχθεῖσιν
3377 585 3410 654 ή
3461 581 3600 654 μετά
3637 584 3752 654 χεῖ-

2170 702 2269 756 ρας
2301 686 2602 757 προφητεία
2633 685 2786 752 ὑπὲρ
2817 684 2934 738 τῶν
2961 679 3166 749 ληνῶν
3189 679 3626 750 προγέγραπται,
3650 675 3747 730 καὶ

2166 779 2246 842 εἰς
2271 778 2332 832 τὸ
2355 778 2506 841 τέλος
2528 777 2860 848 ἀναπέμπει.
2892 773 3100 846 Ληνοὺς
3120 771 3176 824 δὲ
3206 769 3294 822 διά
3320 768 3523 822 τούτων
3548 768 3747 836 ὀνομά-

2166 869 2248 934 ζει
2284 869 2383 932 τὰς
2427 868 2548 922 καθ’
2597 866 2726 937 ὅλης
2774 865 2874 934 τῆς
2927 857 3594 933 οἰκουμένηςἘκκλησίας
3647 856 3742 908 τοῦ

2164 960 2320 1026 Θεοῦ,
2347 961 2404 1013 ὲν
2428 955 2509 1024 οἷς
2541 961 2569 1013 δ
2590 959 2859 1031 τρυγητὸς
2883 957 2982 1027 τῆς
3005 955 3164 1024 ἀγίας
3187 951 3430 1024 ἀμπέλου
3457 949 3740 1018 συνῆκται.

2165 1053 2491 1124 Παραδόεως
2543 1053 2600 1106 δὲ
2655 1051 3096 1124 προγέγραπται,
3143 1045 3296 1114 ὑπὲρ
3351 1042 3470 1097 τῶν
3514 1039 3741 1109 ληνῶν,

2167 1143 2307 1214 μετά
2337 1144 2426 1198 τὸν
2468 1142 2774 1212 ἀφανισμὸν
2805 1141 2903 1212 τῆς
2953 1139 3224 1211 προτέρας
3256 1133 3524 1208 ἀμπέλου.
3568 1131 3744 1185 Ἐκεί-

2163 1249 2260 1304 νης
2288 1231 2396 1302 γὰρ
2429 1231 2795 1303 λυμανθείσης
2829 1230 2934 1284 ὑπὸ
2960 1229 3053 1282 τοῦ
3086 1227 3278 1300 ἀγρίου
3308 1225 3431 1288 συὸς
3459 1224 3601 1294 (sic),
3645 1221 3740 1274 τοῦ

2160 1343 2221 1378 τε
2265 1325 2521 1397 φραγμοῦ
2566 1325 2738 1396 αὐτῆς
2781 1321 3219 1396 καθαιρεθέντος,
3255 1317 3486 1373 ἐνταῦθα
3529 1313 3741 1368 πολλῶν

2159 1417 2335 1489 ληνῶν
2367 1419 2461 1471 καὶ
2487 1419 2669 1472 οὐκέτι
2698 1419 2828 1489 μιᾶς
2856 1417 2885 1470 ό
2913 1415 3069 1483 λόγος
3099 1410 3444 1485 μνημονεύει.
3478 1409 3650 1480 Ληνὸν
3681 1406 3739 1461 δὲ

2162 1511 2292 1582 μίαν
2334 1512 2431 1582 τὴν
2463 1510 2684 1583 πρώτην
2717 1509 2904 1582 ἐδήλου
2933 1510 3026 1563 καὶ
3049 1511 3078 1562 ὁ
3114 1507 3338 1568 Ἡσαΐας
3383 1503 3588 1570 λέγων’
3626 1498 3737 1553 Καὶ

2157 1608 2518 1678 ᾠκοδόμησα
2566 1609 2817 1678 πύργον,
2866 1605 2966 1660 καὶ
3016 1601 3349 1672 προλήνιον
3405 1596 3608 1666 ὤρυξα
3667 1595 3738 1648 ἐν

2159 1701 2339 1767 αὐτῷ,
2369 1701 2566 1773 δηλαδὴ
2608 1700 2688 1772 τῷ
2719 1685 3020 1772 ἀμπελῶνι.
3069 1695 3204 1749 Ἀλλ’
3237 1694 3360 1746 ἐπεὶ
3390 1692 3488 1764 τὴν
3530 1688 3736 1745 πτῶσιν

2087 1834 2134 1896 Β
2162 1795 2350 1866 ὲδήλου
2383 1795 2476 1849 τοῦ
2502 1795 2770 1866 προτέρου
2797 1792 3030 1864 πύργου,
3060 1791 3154 1844 καὶ
3179 1786 3270 1842 τὸν
3283 1783 3608 1896 ἀφανισμὸν
3641 1781 3735 1896 τοῦ

2161 1886 2470 1956 προληνίου,
2503 1887 2603 1957 τήν
2636 1903 2695 1938 τε
2739 1884 2834 1938 τοῦ
2879 1883 3080 1946 παντὸς
3130 1878 3453 1951 ἀμπελῶνος
3500 1874 3735 1959 ἐρημίαν

2156 1979 2214 2031 ὲν
2247 1978 2502 2040 ἐκείνοις·
2549 1977 2772 2040 εἰκότως
2822 1975 2911 2029 διά
2957 1973 3050 2027 τοῦ
3106 1971 3369 2043 παρόντος
3413 1969 3522 2022 τῶν
3564 1967 3735 2020 ἐθνῶν

2157 2069 2410 2122 ἁπάντων
2440 2069 2538 2140 τὴν
2569 2068 2764 2138 κλῆσιν
2803 2064 3234 2136 εὐαγγελίζεται,
3278 2063 3430 2132 ὑπὲρ
3464 2061 3582 2116 τῶν
3619 2065 3732 2130 λη-

2153 2161 2276 2216 νῶν
2307 2160 2620 2232 ἐπιγράψας
2653 2161 2754 2232 τὴν
2790 2158 3148 2231 προφητείαν.
3181 2156 3272 2210 Διὸ
3300 2156 3392 2209 ἐπὶ
3427 2154 3600 2228 χαρὰν
3637 2154 3733 2207 καί⁵

2153 2253 2489 2326 εὐφροσύνην
2529 2251 2883 2323 προκαλεῖται
2912 2252 3038 2313 τοὺς
3070 2247 3588 2320 εὐαγγελιζομένους
3631 2246 3734 2315 φά-

2153 2363 2330 2401 σκων·
2389 2344 2778 2417 Ἀταλλιᾶσθε
2832 2342 2912 2409 τῷ
2966 2341 3088 2408 Θεῷ
3132 2341 3211 2408 τῷ
3257 2339 3464 2408 ,ϐοηθῷ
3520 2339 3726 2410 ἡμῶν·

2149 2439 2496 2505 ὰλαλὰξατε
2541 2437 2621 2505 τῷ
2653 2438 2775 2505 Θεῷ
2811 2437 3025 2492 Ἰακώϐ.
3065 2436 3284 2491 Λάϐετε
3326 2435 3594 2504 ψαλμὸν,
3629 2434 3729 2487 καί

2148 2532 2283 2586 δότε
2328 2533 2660 2602 τύμπανον,
2707 2530 3049 2599 ψαλτήριον
3092 2528 3350 2598 τερπνὸν
3382 2528 3533 2597 μετὰ
3567 2523 3728 2580 κιθά-

2138 2643 2275 2696 ρας.
2317 2624 2502 2678 Ταῦτα
2535 2624 2635 2696 μὲν
2659 2619 2753 2677 οῦν
2780 2627 2891 2686 τοῖς
2915 2622 3086 2687 ἀξίοις
3112 2619 3203 2676 τοῦ
3229 2620 3584 2689 Εὑαγγελίου,
3616 2622 3730 2684 τοῖς

2145 2718 2244 2782 τὰς
2269 2718 2465 2789 ληνοὺς
2491 2716 2598 2770 ἀπὸ
2624 2716 2731 2770 τῶν
2757 2715 2974 2770 οἰκείων
3001 2714 3229 2786 καρπῶν
3265 2712 3554 2784 πληροῦσι.
3595 2713 3731 2783 Περὶ

2142 2811 2198 2864 δὲ
2239 2810 2332 2864 τοῦ
2372 2809 2637 2865 Ἰουδαίων
2671 2809 2856 2873 έθνους
2908 2808 3095 2878 σαφῶς
3137 2805 3377 2875 ἐπιλέγει
3398 2821 3412 2833 '
3463 2805 3574 2860 Καὶ
3616 2809 3728 2860 οὐκ

2141 2903 2416 2972 ἤκουσεν
2441 2906 2473 2957 ό
2494 2903 2646 2968 λαός
2667 2919 2789 2972 μου
2816 2900 2926 2970 τῆς
2961 2899 3166 2970 φωνῆς
3180 2915 3320 2969 μου,
3354 2897 3454 2950 καί
3491 2896 3729 2966 Ἰσραὴλ

2143 2997 2214 3048 οὺ
2247 2992 2556 3062 προσέσχε
2590 3010 2713 3062 μοι.
2746 2993 2856 3046 Kal
2894 2989 3298 3056 ἐξαπέστειλα
3326 2988 3550 3054 αὐτοὺς
3578 2988 3730 3043 κατὰ

2141 3088 2215 3140 τὰ
2244 3087 2685 3157 ἐπιτηδεύματα
2727 3085 2840 3153 τῆς
2868 3084 3118 3154 καρδίας
3160 3083 3377 3139 αὐτῶν.
3415 3083 3626 3155 Πολλῆς
3668 3085 3728 3139 δὲ

447 3148 720 3248 clarabat,
757 3154 835 3209 ita
869 3157 1037 3213 etiam
1081 3161 1186 3216 hoc
1224 3163 1348 3220 loco
1387 3169 1709 3225 eorumdem
1753 3171 2036 3229 hominum

2142 3177 2322 3248 ἔχεται
2349 3148 2668 3239 ἀκολουθίας
2696 3148 2868 3230 ταῦτα
2897 3148 3032 3246 πρὸς
3055 3148 3154 3246 τήν
3179 3175 3489 3246 ἔμπροσθεν
3517 3148 3727 3248 προφη-

444 3239 925 3313 inobsequentiam
971 3257 1260 3324 coarguit;
1294 3263 1350 3310 et
1409 3259 1555 3313 sicut
1601 3259 1661 3314 in
1713 3261 1807 3316 illo
1852 3263 2032 3319 virum

445 3330 684 3390 dexterae
735 3335 854 3404 Dei,
899 3348 952 3396 et
981 3340 1180 3400 Filium
1231 3347 1472 3406 hominis
1514 3352 1898 3409 conﬁrmatum
1941 3355 2030 3412 in-

445 3421 626 3492 duxit,
673 3429 754 3484 sic
801 3430 878 3486 illi
914 3433 1056 3490 hanc
1102 3437 1389 3508 subjunxit
1433 3443 1798 3514 prophetiam,
1832 3445 2031 3502 inscri-

443 3522 592 3612 ptam
625 3536 722 3612 pro
764 3525 1148 3592 torcularibus,
1194 3530 1251 3585 id
1293 3539 1399 3599 est,
1430 3533 1694 3594 Ecclesiis
1737 3535 1855 3605 Dei,
1887 3555 2026 3612 quas

450 3604 638 3668 Filius
650 3611 890 3672 hominis
906 3620 1212 3679 constituit.

509 3966 613 4025 Hic
639 3969 825 4044 Asaph
863 3976 997 4034 deos
1027 3979 1262 4047 inducit,
1289 3992 1344 4040 et
1379 3985 1549 4042 Deum
1587 3989 1644 4045 in
1684 3993 1866 4049 med.o
1895 3995 2027 4052 deo-

436 4073 584 4126 rum,
610 4078 728 4158 eos,
757 4068 851 4138 qui
875 4069 952 4124 dii
984 4083 1274 4140 vocantur,
1304 4077 1698 4148 dijudicautem
1724 4095 1777 4142 et
1805 4090 2025 4158 quidem

435 4157 790 4212 necessario:
839 4176 967 4216 nam
1018 4168 1146 4236 quia
1211 4171 1466 4239 superius
1516 4181 1688 4230 totam
1737 4157 2023 4235 Iudaicam

434 4254 651 4316 gentem
687 4249 994 4320 incusabat,
1031 4271 1432 4331 consequenter
1461 4267 1516 4319 in
1547 4273 1802 4336 praesenti
1831 4287 2022 4328 eorum

435 4339 716 4435 principes
744 4348 1031 4414 speciatim
1067 4354 1339 4423 coarguit.
1385 4356 1589 4415 Deinde
1624 4363 1754 4431 quia
1793 4364 1848 4418 in
1879 4380 2023 4435 prae-

433 4430 652 4528 cedenti
687 4437 899 4504 psalmo
930 4439 1212 4498 Christum
1243 4445 1363 4513 Dei,
1400 4450 1578 4506 virum
1614 4430 1855 4510 dexterae
1879 4430 2023 4528 -ejus

2131 3266 2304 3319 τείαν.
2344 3266 2432 3328 Ὠς
2458 3265 2568 3337 γὰρ
2598 3266 2715 3318 ἐκεῖ
2741 3264 2842 3335 τῆς
2863 3263 3110 3335 ἀμπέλου
3145 3264 3236 3318 τὸν
3264 3265 3570 3337 ἀφανισμὸν
3602 3267 3725 3339 ἐδή-

2130 3356 2245 3421 λου,
2280 3356 2425 3410 οῦτω
2497 3357 2592 3410 καὶ
2630 3356 2866 3411 ἐνταῦθα
2907 3357 3015 3410 τῶν
3057 3356 3236 3411 αὐτῶν
3265 3357 3328 3410 τὸ
3365 3357 3588 3421 ἀπειθὲς
3627 3359 3723 3411 καὶ

2131 3452 2360 3522 ἀνήκοον
2391 3450 2602 3521 ἐλέγχει
2620 3467 2634 3480 ·
2663 3449 2759 3503 καὶ
2790 3449 2866 3513 ὡς
2901 3451 2960 3502 ὲν
3002 3449 3195 3520 ἐκείνῳ
3225 3449 3390 3520 ἄνδρα
3419 3449 3599 3513 δεξιᾶς
3623 3449 3717 3503 τοῦ

2130 3542 2268 3596 Θεοῦ
2296 3543 2585 3614 εἰσήγαγε,
2617 3543 2712 3595 καὶ
2747 3541 2875 3594 Υἱὸν
2899 3522 3196 3612 ἀνθρώπου
3219 3541 3713 3612 κεκραταιωμένον,

2128 3634 2272 3688 οὕτω
2335 3633 2425 3687 διὰ
2463 3631 2571 3687 τῶν
2607 3633 2986 3704 προκειμένων
3027 3631 3125 3701 τὴν
3171 3631 3325 3701 ὑπὲρ
3366 3629 3484 3685 τῶν
3512 3629 3717 3699 ληνῶν

2131 3726 2337 3797 συνῆψε
2361 3727 2720 3799 προφητείαν,
2745 3725 2948 3797 δηλαδὴ
2975 3724 3082 3777 τῶν
3098 3723 3439 3796 Ἐκκλησιῶν
3459 3723 3554 3778 τοῦ
3579 3723 3716 3778 Θεοῦ

2128 3818 2196 3883 ἃς
2231 3820 2259 3872 ὁ
2294 3818 2422 3882 Υἱὸς
2453 3817 2548 3872 τοῦ
2578 3817 2868 3890 ἀνθρώπου
2904 3817 3295 3887 συνεστήσατο.

2887 3911 2945 3964 I'.

2199 4004 2365 4068 Θεοὺς
2397 4003 2605 4074 εἰσάγει
2640 4004 2735 4057 καὶ
2762 4003 2895 4057 Θεὸν
2929 4004 2986 4056 ὲν
3015 4001 3165 4074 μέσῳ
3197 4003 3336 4057 θεῶν
3373 4002 3718 4074 διακρίνοντα

2126 4097 2252 4160 τοὺς
2280 4096 2700 4166 ὠνομασμένους
2734 4095 2888 4158 θεοὺς
2922 4097 2980 4149 ὲν
3028 4095 3240 4160 τούτοις
3267 4097 3296 4150 ό
3331 4095 3504 4164 Ἀσάφ
3549 4097 3717 4165 ἀναγ-

2126 4190 2334 4253 καίωςο
2381 4187 2566 4259 ἐπειδὴ
2607 4188 2718 4260 γὰρ
2755 4187 2844 4240 διὰ
2874 4187 2985 4240 τῶν
3025 4185 3335 4258 ἔμπροσθεν
3371 4185 3464 4239 τοῦ
3513 4185 3715 4250 παντὸς

2139 4279 2406 4334 Ἰουδαίων
2457 4280 2643 4343 ἔθνους
2670 4280 3024 4352 -κατηγόρει,
3087 4279 3397 4344 ἀκολούθως
3458 4278 3551 4332 ἐπὶ
3613 4277 3710 4332 τοῦ

2125 4372 2394 4444 παρόντος
2419 4374 2544 4436 τοὺς
2578 4374 2708 4443 παρ’
2756 4372 2939 4435 αὐτοῖς
2983 4373 3249 4442 ἄρχοντας
3297 4371 3443 4436 ἰδίως
3474 4371 3710 4442 ἐλέγχει.

2125 4462 2239 4518 Εἶτ’
2271 4467 2461 4539 ἐπειδὴ
2488 4467 2579 4520 τὸν
2609 4466 2846 4537 Χριστὸν
2877 4465 2972 4518 τοῦ
3005 4466 3142 4519 Θεοῦ
3187 4467 3244 4520 ὲν
3274 4465 3350 4536 τῷ
3384 4465 3489 4536 πρὸ
3517 4465 3711 4519 τούτου

431 4530 486 4577 et
512 4521 710 4581 Filium
744 4527 989 4587 hominis
1018 4537 1406 4594 conﬁrmatum
1445 4553 1756 4608 vocaverat,
1797 4521 2019 4617 ejus'in

2139 4559 2291 4630 ἱνδρα
2316 4521 2566 4630 ὠνόμασε
2593 4521 2773 4622 δεξιᾶς
2809 4557 2972 4611 αὑτοῦ
3011 4557 3106 4610 καὶ
3134 4557 3260 4610 Υἱὸν
3298 4521 3586 4627 ἀνθριῦπου
3613 4571 3710 4608 κε-

433 4629 599 4709 carne
622 4619 914 4678 adventum
951 4625 1038 4682 bis
1067 4629 1406 4709 signiﬁcans,
1442 4652 1511 4692 ne
1537 4640 1663 4708 quis
1686 4641 1864 4709 ipsum
1899 4660 2019 4700 me-

432 4719 555 4800 rum
587 4708 888 4800 hominem,
919 4723 974 4771 et
1000 4720 1187 4775 multis
1209 4700 1334 4779 aliis
1364 4700 1597 4782 similem
1632 4700 2017 4800 arbitraretur,

430 4793 611 4865 ipsum
644 4799 732 4856 hic
764 4803 932 4866 Deum
960 4811 1220 4878 praedicat
1249 4813 1336 4870 his
1366 4816 1548 4872 verbis
1580 4835 1594 4872 :
1623 4817 1764 4874 Deus
1794 4825 1937 4878 stetit
1962 4793 2018 4879 ia

431 4904 705 4986 synagoga
735 4894 953 4953 deorum
981 4902 1047 4957 αθ.
1085 4903 1160 4975 (l)
1191 4905 1269 4960 Ac
1308 4922 1376 4962 ne
1401 4908 1527 4978 quis
1558 4910 1628 4966 ob
1663 4917 2018 4986 monarchiae,

429 4983 545 5038 sive
577 4985 739 5043 unius
769 4990 1027 5065 principii
1067 4997 1336 5054 rationem
1368 5003 1702 5070 turbaretur,
1727 4983 2009 5066 Christum

429 5072 524 5129 Dei
576 5075 745 5135 Deum
793 5098 917 5140 esse
964 5088 1230 5156 audiens;
1269 5103 1637 5163 congruenter
1681 5097 1768 5153 hic
1808 5102 2010 5160 multos

427 5167 838 5229 deosnominat
870 5193 967 5233 eos
1007 5181 1100 5251 qui
1132 5183 1237 5238 sub
1273 5185 1388 5240 haec
1424 5186 1767 5258 incusantur,
1795 5200 2009 5250 tantum

425 5272 538 5354 non
573 5266 896 5336 praecipiens
917 5277 980 5324 ut
1009 5288 1079 5328 ne
1101 5283 1425 5330 cunctemur
1443 5275 1643 5334 Filium
1664 5299 1883 5354 quoque
1913 5284 2005 5341 Dei

426 5346 598 5445 Deum
637 5371 856 5416 vocare.
892 5359 950 5415 Si
994 5365 1138 5419 enim
1182 5368 1361 5437 gentis
1389 5346 1696 5443 principes,
1725 5346 1818 5445 qui
1869 5377 2010 5432 male

426 5441 743 5538 audiebant,
785 5449 879 5505 Dei
909 5457 1130 5511 nomine
1163 5457 1372 5529 dignati
1420 5441 1584 5530 sunt,
1604 5441 1770 5535 quod,
1797 5483 2005 5538 quasso,

424 5536 730 5603 periculum
761 5542 926 5599 fuerit
962 5548 1008 5602 si
1038 5549 1215 5604 virum
1233 5552 1470 5610 dexterae
1490 5555 1587 5613 Dei
1616 5567 1670 5613 et
1690 5536 1885 5617 Filium
1905 5563 2006 5618 ho-

420 5625 588 5684 minis
626 5632 1032 5707 conﬁrn-atum,
1069 5640 1238 5698 Deum
1285 5645 1594 5705 fateamur?
1636 5650 1843 5710 Deinde
1873 5673 2002 5713 vero

494 5743 539 5774 ⁸⁷
568 5742 714 5802 Psal.
757 5762 924 5816 Lxxx,
963 5753 1014 5806 l.
1089 5755 1135 5788 ⁸⁸
1169 5756 1272 5812 lsa.
1311 5775 1364 5823 ν,
1392 5760 1446 5816 2.
1525 5763 1570 5796 ’θ
1598 5762 1744 5822 Psal.
1779 5783 1965 5840 um,
2002 5773 2048 5830 ἰ.

501 5854 576 5919 fl)
611 5856 686 5914 Dc
712 5860 1028 5918 monarchia
1064 5865 1183 5922 vide
1212 5867 1265 5927 in
1296 5869 1456 5926 Praef.

2122 4651 2554 4722 κραταιωμένον,
2590 4651 2689 4722 τὴν
2733 4649 2997 4722 ένσαρκον
3043 4647 3209 4702 αὐτοῦ
3258 4648 3563 4719 παρουσίαν
3611 4664 3713 4718 ση-

2125 4743 2319 4812 μήνας,
2355 4742 2444 4794 ἵνα
2475 4743 2547 4813 μή
2588 4759 2674 4804 τις
2708 4740 2871 4793 αὑτὸν
2903 4739 3057 4810 ψιλὸν
3099 4739 3358 4793 ὑπολάϐοι
3397 4737 3565 4809 ἄνδρα
3611 4737 3710 4791 καὶ

2119 4834 2233 4896 τοῖς
2262 4833 2476 4897 πολλοῖς
2501 4834 2706 4904 ὅμοιον,
2744 4833 2984 4902 θεολογεῖ
3014 4833 3177 4888 αὐτὸν
3216 4834 3275 4887 ὲν
3302 4835 3414 4895 τοῖς
3439 4831 3577 4903 μετά
3601 4833 3710 4901 χεῖ-

2123 4943 2221 4998 ρας
2261 4927 2440 4997 φήσας
2464 4941 2479 4955 ⁶
2515 4928 2566 4979 '0
2596 4927 2740 4995 Θεὸς
2764 4927 2914 4994 ἔστη
2940 4929 3009 4980 ἐν
3041 4923 3367 4998 συναγωγῇ
3397 4923 3562 4980 θεῶν.
3593 4923 3707 4977 Καὶ

2117 5019 2264 5081 ὅπως
2293 5018 2367 5090 μὴ
2394 5019 2690 5092 ταραχθείη
2717 5037 2801 5084 τις
2832 5021 2912 5083 εἰς
2937 5019 3028 5072 τὸν
3051 5020 3176 5090 περὶ
3202 5018 3499 5090 μοναρχίας
3523 5016 3702 5084 λόγον,

2115 5109 2248 5164 Θεὸν
2305 5110 2517 5164 ἀκούων
2565 5112 2658 5164 τὸν
2706 5111 2943 5183 Χριστὸν
2987 5111 3081 5164 τοῦ
3135 5110 3291 5175 Θεοῦ,
3340 5110 3562 5171 εἰκότως
3607 5108 3705 5161 καὶ

2115 5203 2366 5268 πλείονας
2399 5204 2555 5268 θεοὺς
2599 5203 2856 5275 ὀνομάζει
2885 5204 3012 5268 τοὺς
3041 5204 3130 5258 διὰ
3157 5203 3266 5256 τῶν
3299 5203 3426 5269 ἐξῆς
3462 5216 3703 5270 κατηγο-

2119 5295 2434 5367 ρουμένους,
2472 5297 2754 5366 μονονουχὶ
2786 5295 3296 5368 παρακελευόμενος
3333 5294 3406 5364 μὴ
3441 5293 3701 5346 ἀποκνεῖν

2114 5388 2210 5441 καὶ
2231 5385 2322 5442 τὸν
2350 5388 2477 5442 Υἱὸν
2509 5387 2645 5441 Θεοῦ
2673 5388 2806 5441 Θεὸν
2838 5388 3153 5441 ἀποκαλεῖν.
3184 5389 3247 5440 Εἰ
3279 5388 3386 5458 γὰρ
3401 5387 3451 5439 οί
3476 5384 3700 5438 διαϐαλ-

2113 5477 2327 5550 λόμενοι
2366 5477 2461 5531 τοῦ
2497 5478 2684 5542 έθνους
2715 5479 2973 5551 ἄρχοντες
3011 5477 3123 5531 θεοί
3163 5475 3475 5546 ἠξιώθησαν
3499 5465 3699 5544 ὀνομῖι-

2114 5570 2328 5642 σθῆναι,
2367 5572 2517 5634 ποῖος
2546 5570 2612 5623 ἀν
2639 5569 2849 5640 γένοιτο
2882 5569 3128 5633 κίνδυνος
3162 5569 3254 5622 τὸν
3283 5567 3453 5639 ἄνδρα
3489 5566 3588 5637 τῆς
3610 5564 3699 5618 δε-

2111 5662 2228 5729 ξιᾶς
2259 5663 2354 5718 τοῦ
2383 5661 2518 5718 Θεοῦ
2544 5663 2638 5718 καὶ
2665 5663 2756 5717 τὸν
2788 5663 2916 5718 Υἰὸν
2942 5662 3038 5716 τοῦ
3064 5658 3352 5734 ἀνθρώπου
3378 5658 3470 5713 τὸν
3498 5673 3696 5728 κεκρο-
