4056 6368
366 302 474 360 835

1495 296 2013 356 COMMENTARIA
2051 297 2116 354 IN
2156 296 2503 354 PSALMOS.

3537 301 3644 358 854

362 419 664 490 ταιωμὲνον
691 417 823 471 Θεὸν
853 415 1174 488 όμολογεῖνς
1208 409 1322 469 Εἶτ’
1363 415 1456 468 ἐπὶ
1495 415 1640 468 τέλει
1671 415 1766 470 τοῦ
1815 433 1939 470 παν-

2053 413 2108 468 in
2146 413 2253 468 ﬁne
2280 412 2481 483 psalmi
2510 411 2812 466 orationem
2847 408 3114 481 Propheta
3146 408 3353 480 profert
3379 425 3478 482 pro
3511 428 3638 485 gen-

365 510 454 573 τὸς
511 513 538 563 ὁ
590 508 882 580 Προφήτης
935 506 1099 578 εὐχὴν
1149 503 1464 575 ἀναπέμπει
1507 503 1648 576 ὑπὲρ
1689 504 1789 575 τῆς
1841 503 1948 558 τῶν

365 599 534 656 ἐθνῶν
568 599 811 670 κλήσεως
848 596 1072 666 φάσκων
1096 612 1109 626 ·
1154 593 1424 657 Ἀνάστα,
1453 596 1487 647 d
1529 593 1694 661 Θεὸς,
1740 594 1950 663 κρῖνον

365 691 480 760 τὴν
503 689 640 760 γῆν,
669 689 758 742 ὅτι
789 688 872 741 σὺ
893 685 1522 756 κατακληρονομήσεις
1549 686 1620 739 ἐν
1647 683 1797 741 πᾶσι
1824 685 1949 752 τοῖς

348 771 627 840 έέθνεσιν.
661 783 844 835 Ἔοικε
877 781 935 834 δὲ
964 779 1139 852 τούτῳ
1164 779 1454 844 ἀκόλουθος
1481 774 1619 832 εἶναι
1642 781 1670 832 ὁ
1703 777 1788 851 μθ¹
1817 779 1948 849 ψαλ-

367 875 487 948 μὸς,
537 878 596 928 ὲν
643 867 688 942 ᾧ
728 874 822 927 κα.)⁵
865 872 1014 944 αύτῷ
1045 872 1299 926 λέλεκτοο
1347 872 1492 938 Θεὸς
1532 869 1685 926 θεῶν
1731 872 1948 939 Κύριος

361 967 650 1036 ἐλάλησε.
699 967 810 1021 Καὶ
853 968 912 1020 ὲν
944 965 1274 1036 ἀμφοτέροις
1310 964 1354 1017 δ’
1385 961 1478 1017 οὖν
1511 963 1644 1028 Θεὸς
1673 962 1811 1017 θεῶν
1835 965 1950 1016 εἰσ-

362 1053 554 1124 ῆκται·
591 1056 688 1108 καὶ
735 1053 897 1108 πάλιν
930 1053 988 1106 ὲν
1025 1053 1358 1125 ἀμφοτέροις
1399 1053 1601 1125 κρίνων
1635 1055 1946 1125 ἀναγέγρα-

363 1164 516 1201 πται.
553 1146 662 1199 Καὶ
696 1147 754 1200 έν
791 1146 888 1218 μὲν
923 1145 1004 1216 τῷ
1035 1146 1264 1217 παρόντι
1298 1145 1567 1200 λέλεκται·
1608 1145 1880 1210 Ἀνάστα,
1913 1150 1948 1202 ό

364 1239 532 1304 Θεὸς.
559 1237 766 1308 κρῖνον
794 1239 908 1306 τὴν
927 1238 1066 1308 γῆν,
1091 1237 1180 1291 ὅτι
1205 1237 1287 1292 σὺ
1313 1239 1947 1309 κατακληρονομήσεις

358 1331 432 1383 ἐν
468 1329 618 1385 πᾶσι
643 1330 768 1396 τοῖς
803 1332 1046 1384 ἔθνεσιν
1068 1347 1082 1361 ⁸
1110 1331 1167 1383 έν
1191 1329 1250 1384 δὲ
1282 1329 1360 1401 τῷ
1396 1330 1481 1402 μθ⁹
1506 1332 1712 1404 σφόδρα
1737 1331 1946 1397 τούτοις

357 1422 668 1486 ἀκολούθως
696 1423 844 1487 ὅπως
871 1422 1110 1487 ἀναστάς
1146 1423 1322 1495 κρίνει
1360 1424 1460 1496 τὴν
1491 1427 1593 1495 γῆν
1639 1426 1946 1497 ὑπογράφει

355 1517 386 1567 ὁ
437 1515 592 1584 λόγος
615 1515 839 1584 φάσκων
859 1531 872 1545 ·
907 1514 1052 1582 Θεὸς
1097 1513 1250 1570 θεῶν
1275 1517 1491 1585 Κύριος
1527 1517 1814 1586 ἐλάλησε,
1846 1518 1946 1572 καί

352 1609 620 1663 ἐκάλεσε
678 1606 795 1676 τὴν
847 1606 964 1679 γῆν
1009 1608 1125 1662 ἀπὸ
1178 1607 1490 1664 ἀνατολῶν
1544 1609 1724 1676 ἡλίου
1769 1609 1945 1681 μέχρι

351 1699 634 1771 δυσμῶν·
672 1701 766 1756 καὶ
793 1700 920 1773 έξῆς
940 1717 953 1731 ⁸
999 1701 1052 1753 '0
1083 1701 1227 1767 Θεὸς
1251 1700 1530 1772 ἐμφανῶς
1557 1701 1710 1770 ἣξει,
1743 1703 1838 1756 καὶ
1872 1705 1944 1759 οὐ

2051 506 2189 560 tium
2246 506 2556 570 vocatione,
2607 505 2799 560 dicens
2831 521 2843 557 :
2872 501 3063 573 Surge,
3097 500 3260 564 Deus,
3292 501 3484 569 judica
3536 514 3644 559 ter-

2051 615 2189 663 ram,
2227 600 2480 669 quoniam
2514 608 2570 652 tu
2606 595 2946 653 hareditabis
2996 597 3052 650 in
3101 594 3344 650 omnibus
3373 597 3638 667 gentibus.

2058 689 2283 746 Videtur
2340 691 2470 746 huic
2510 692 2724 762 psalmo
2754 690 3214 761 quadragesimus
3245 705 3426 745 nonus
3464 691 3642 748 aﬁinis

2049 801 2192 850 esse,
2226 788 2279 841 in
2314 803 2424 858 quo
2458 787 2622 841 etiam
2654 786 2940 842 dicebatur
2971 805 2984 840 :
3017 785 3159 840 Deus
3192 786 3414 838 deorum
3448 784 3642 839 Domi-

2048 894 2147 932 nus
2195 879 2399 932 locutus
2445 888 2524 932 est
2548 879 2594 911 ’°
2623 897 2635 932 :
2667 894 2790 932 nam
2842 880 2898 931 in
2953 885 3184 948 utroque
3223 875 3366 932 Deus
3411 876 3640 930 deorum

2054 971 2372 1039 inducitur;
2403 987 2736 1041 rursumque
2765 971 2819 1025 in
2853 971 3122 1026 ambobus
3149 969 3401 1040 judicare
3440 969 3642 1023 scribi-

2048 1074 2170 1130 tur;
2201 1064 2254 1118 in
2278 1065 2533 1134 praesenti
2558 1065 2758 1134 quippe
2781 1063 2983 1117 dicitur
3008 1081 3020 1117 :
3048 1060 3234 1132 Surge,
3263 1061 3429 1124 Dens,
3449 1061 3641 1132 judica

2050 1169 2274 1223 terram,
2297 1160 2546 1229 quoniam
2575 1167 2630 1212 tu
2653 1158 2990 1212 bereditabis
3019 1157 3072 1210 in
3098 1155 3340 1210 omnibus
3367 1156 3638 1226 gentibus;

2047 1253 2102 1308 in
2143 1249 2569 1322 quadragesimo
2619 1261 2801 1306 autem
2850 1265 3019 1313 nono,
3069 1249 3228 1304 valde
3265 1257 3639 1305 consentanea

2049 1344 2178 1398 huic
2206 1343 2442 1404 ratione.
2478 1357 2588 1413 quo
2612 1350 2772 1412 pacto
2805 1356 3036 1410 surgens
3065 1341 3273 1412 iudicet
3308 1348 3511 1395 terram
3542 1341 3640 1396 de~

2048 1434 2311 1489 scribitur
2342 1432 2428 1488 bis
2448 1433 2629 1488 verbis
2659 1451 2671 1486 :
2705 1431 2847 1486 Deus
2879 1432 3100 1486 deorum
3130 1430 3393 1485 Dominus
3429 1432 3636 1486 locutus

2045 1536 2145 1587 est,
2185 1533 2234 1578 et
2271 1524 2470 1579 vocavit
2516 1533 2714 1579 terram
2759 1541 2792 1577 a
2841 1523 2972 1578 solis
3019 1533 3139 1577 ortu
3171 1539 3333 1594 usque
3375 1522 3444 1576 ad
3485 1539 3636 1578 orca.

2046 1633 2164 1672 sum
2187 1617 2231 1649 "
2259 1635 2273 1678 ;
2306 1631 2370 1672 ac
2406 1616 2667 1687 deinceps
2697 1634 2710 1671 :
2737 1615 2880 1670 Deus
2929 1615 3208 1685 manifeste
3230 1615 3416 1680 veniet,
3451 1626 3501 1669 et
3533 1631 3637 1670 non

2046 1708 2242 1764 silebit.
2275 1707 2422 1780 Ignis
2457 1709 2511 1762 in
2543 1717 2822 1776 conspectu
2851 1707 2967 1776 ejus
3006 1706 3313 1762 exardescet
3338 1708 3408 1771 ",
3438 1714 3492 1761 et
3525 1721 3637 1761 caa-

347 1793 910 1864 παριισιωπήσεται.
926 1792 1054 1861 Πῦρ
1071 1791 1328 1847 ἐνώπιον
1341 1791 1529 1846 αὑτοῦ
1553 1791 1939 1858 καυθήσεται,

2047 1809 2203 1855 tera:
2236 1776 2395 1870 queis
2443 1798 2721 1870 quomodo
2759 1798 3113 1868 iudicaturus
3159 1799 3233 1853 sit
3272 1806 3517 1854 enarrat.
3571 1796 3639 1854 Et

339 1886 455 1940 καὶ
482 1885 549 1938 τὰ
578 1884 734 1955 ἑξῆς
766 1883 834 1937 δι’
862 1877 936 1937 ὧν
965 1884 1112 1947 ὅπως
1140 1882 1323 1954 μέλλει
1355 1882 1562 1954 κρίνειν
1587 1882 1944 1954 διεξέρχεται.

342 1979 469 2034 Καὶ
499 1977 797 2051 ἐπειδήπερ
831 1979 890 2032 ὲν
916 1978 994 2049 τῷ
1020 1976 1158 2050 μετά
1191 1980 1379 2050 χεῖρας
1405 1977 1671 2032 λέλεκται’
1706 1978 1834 2032 ’Ὁτι
1861 1977 1944 2032 σὺ

339 2071 992 2142 κατακληρονομήσεις
1029 2071 1100 2124 ἐν
1138 2070 1290 2126 πᾶσι
1329 2070 1453 2137 τοῖς
1484 2071 1758 2125 ἔθνεσιν
1796 2071 1943 2126 είκό-

343 2182 464 2228 τως
496 2165 555 2216 ὲν
585 2164 664 2235 τῷ
716 2164 803 2236 μθ’
832 2165 960 2227 τοὺς
1003 2162 1154 2235 παρὰ
1182 2164 1408 2217 Μωῦσεῖ
1438 2163 1566 2234 περ)⁵
1591 2163 1790 2218 θυσιῶν
1815 2164 1945 2218 ἀνα-

349 2254 548 2326 τρέπει
594 2255 814 2323 νόμους,
859 2254 1047 2328 ἓτερον
1090 2251 1292 2324 τρόπον
1340 2253 1670 2325 παραδιδοὺς
1719 2252 1945 2322 λογικῆς

350 2347 568 2411 θυσίας,
602 2347 694 2401 τὸν
735 2346 858 2402 καθ’
897 2347 1029 2418 ὅλης
1069 2347 1167 2417 τῆς
1211 2345 1541 2418 οἰκουμένης
1579 2347 1638 2399 ὲν
1664 2347 1798 2399 πᾶσι
1833 2349 1946 2410 τοῖς

351 2439 568 2493 ἔθνεσιν
599 2439 1018 2512 ὲπιτελούμενον
1041 2456 1054 2469 ·
1092 2439 1160 2492 δι’
1203 2438 1233 2491 ὃ
1259 2437 1536 2492 λέλεκται·
1572 2438 1694 2492 Ὅτι
1730 2437 1813 2491 σὺ
1839 2455 1946 2492 κα-

346 2532 905 2604 τακληρονομήσεις
926 2533 998 2586 ἐν
1021 2529 1174 2588 πᾶσι
1202 2531 1327 2598 τοῖς
1350 2529 1618 2586 ἔθνεσιν.

1098 2647 1204 2700 IA'.

435 2737 495 2790 Ὀ
523 2736 715 2807 παρὼν
743 2736 922 2806 λόγος,
959 2737 1268 2801 τελευταῖος
1296 2736 1372 2792 ὣν
1395 2735 1490 2790 τοῦ
1532 2736 1726 2806 ’Δσάφ,
1754 2736 1940 2808 ἱκετη-

352 2829 482 2901 ρίαν
507 2830 750 2900 περιέχει
781 2831 876 2884 καὶ
903 2830 1248 2901 παράκλησιν
1281 2829 1422 2902 ὑπὲρ
1457 2829 1554 2884 τοῦ
1582 2829 1714 2884 λαοῦ
1751 2831 1940 2902 σφόδρ’

346 2920 680 2985 ἀκολούθως.
725 2922 942 2993 Ἐπειδὴ
991 2921 1100 2994 γὰρ
1146 2924 1203 2975 ἐν
1242 2924 1355 2986 τοῖς
1399 2920 1639 2992 πρώτοις
1683 2920 1940 2976 ἐθέσπισε

343 3012 448 3086 τὴν
493 3015 726 3086 ἐσχάτην
756 3014 850 3068 τοῦ
882 3014 1048 3067 τόπου
1089 3013 1428 3086 πολιορκίαν,
1465 3009 1565 3067 εῖτ*
1606 3014 1940 3086 ἀναδραμὼν

342 3105 428 3176 τῷ
448 3105 625 3176 χρόνῳ
657 3104 916 3177 δευτέραν
938 3104 1038 3175 τὴν
1066 3105 1157 3157 ὑπ’
1192 3104 1463 3176 Ἀντιόχου
1492 3104 1794 3177 γενομένην
1816 3103 1941 3158 ἕτα-

343 3197 461 3264 ξεν,
503 3191 602 3250 εἶτ’
645 3197 737 3250 ἐπὶ
776 3197 981 3267 ταύτης
1004 3196 1194 3268 τρίτης
1231 3197 1606 3268 ἐμνημόνευσε
1634 3196 1734 3268 τῆς
1763 3212 1936 3268 προα-

340 3289 553 3361 γούσης
583 3293 694 3354 τοῖς
728 3290 962 3362 χρόνοις,
991 3289 1138 3359 λέγω
1176 3289 1233 3343 δὲ
1273 3289 1372 3360 τῆς
1419 3289 1559 3343 κατά
1601 3289 1711 3343 τῶν
1744 3289 1938 3342 Ἀσσυ-

343 3381 480 3454 ρίων
507 3381 600 3435 καὶ
621 3381 976 3435 Βαϐυλωνίων
1003 3381 1181 3454 ἀρχῆς
1199 3398 1212 3412 °
1238 3381 1546 3446 ἀκολούθως
1569 3380 1658 3435 διὰ
1679 3380 1785 3435 τῶν
1809 3397 1938 3451 προ-

2043 1893 2173 1964 quia
2199 1893 2256 1947 in
2290 1891 2546 1963 praesenti
2575 1891 2786 1945 dictum
2818 1898 2904 1946 est
2929 1890 3229 1957 :Quom’am
3266 1899 3322 1943 tu
3351 1890 3638 1944 Ini-redita-

2045 1985 2125 2040 bis
2165 1985 2222 2040 in
2270 1984 2516 2039 omnibus
2559 1982 2837 2054 gentibus;
2888 1989 3196 2054 opportune
3227 1982 3284 2036 in
3327 1982 3639 2055 quadrage-

2043 2078 2186 2134 simo
2234 2091 2404 2143 nono,
2457 2074 2660 2146 Moysis
2715 2073 2785 2131 de
2832 2075 3122 2130 sacriﬁciis
3179 2074 3326 2145 leges
3385 2075 3634 2145 abrogat,

2044 2171 2326 2242 aliumque
2365 2169 2709 2224 rationabilis
2759 2167 3016 2223 sacriﬁcii
3049 2168 3215 2222 ritum
3255 2167 3444 2234 tradit,
3486 2168 3636 2240 quod

2045 2279 2145 2336 per
2176 2271 2351 2318 totum
2393 2262 2583 2318 orbem
2613 2262 2670 2317 in
2699 2261 2960 2316 omnibus
2989 2261 3248 2332 gentibus
3278 2263 3632 2333 persolvitur.

2044 2357 2225 2424 Quare
2254 2356 2463 2412 dictum
2505 2363 2591 2412 est
2619 2373 2632 2409 :
2668 2355 2936 2422 Quoniam
2974 2364 3028 2408 tu
3053 2353 3396 2410 latereditabis
3437 2356 3492 2410 in
3524 2372 3639 2412 om-

2044 2449 2199 2504 nibus
2231 2448 2496 2520 gentibus.

2785 2641 2880 2700 XI.

2115 2736 2218 2794 Hic
2242 2751 2424 2794 sermo
2451 2736 2546 2808 qui
2576 2745 2892 2807 postremus
2923 2735 3129 2807 Asaphi
3150 2737 3198 2770 ”
3225 2745 3331 2804 est,
3352 2737 3631 2808 supplica-

2041 2833 2250 2887 tionem
2282 2845 2348 2886 ac
2370 2829 2814 2901 deprecationem
2846 2845 2947 2900 pro
2977 2831 3182 2902 populo
3208 2830 3507 2886 admodum
3534 2847 3640 2904 op-

2042 2929 2280 2995 portune
2309 2920 2713 2993 complectitur.
2741 2919 2881 2986 Quia
2911 2921 3058 2975 enim
3101 2921 3158 2976 in
3188 2921 3384 2992 primis
3414 2929 3634 2992 postre-

2041 3028 2190 3068 mam
2232 3012 2337 3068 loci
2379 3012 2723 3068 obsidionem
2771 3011 3204 3076 vaticinabatur,
3258 3013 3458 3068 deinde
3502 3029 3634 3069 vero

2043 3107 2224 3180 quoad
2265 3114 2482 3179 tempus
2525 3114 2925 3178 retrogressus,
2982 3108 3286 3164 secundam
3331 3109 3515 3180 posuit
3563 3109 3636 3168 ab

2038 3199 2312 3255 Antiocho
2350 3200 2556 3254 illatam
2600 3199 2834 3264 cladem,
2880 3215 2946 3256 ac
2993 3201 3099 3256 sub
3150 3201 3266 3258 hac
3309 3201 3476 3257 tertio
3509 3203 3633 3259 loco

2037 3292 2223 3364 posuit
2279 3307 2401 3346 eam
2453 3305 2578 3362 quae
2631 3297 2876 3361 tempore
2933 3293 3324 3362 praecurrebat,
3377 3292 3632 3351 videlicet

2036 3398 2160 3455 quae
2194 3383 2298 3439 sub
2328 3383 2560 3454 imperio
2597 3381 2951 3454 Assyriorum
2985 3392 3040 3438 et
3078 3383 3504 3456 Babyloniorum
3537 3400 3632 3441 ac-

336 3474 614 3545 κειμένων
653 3475 836 3546 δέησιν
865 3475 960 3528 καὶ
993 3475 1274 3546 ἱκετηρίαν
1307 3473 1622 3546 ἀναπέμπει
1655 3473 1794 3547 ὑπὲρ
1836 3473 1936 3544 τῆς

2041 3476 2205 3544 sidit;
2236 3483 2641 3547 consequenter
2670 3475 2726 3530 in
2761 3476 3019 3546 praesenti
3049 3477 3508 3547 supplicationem
3540 3477 3628 3533 of-

332 3570 456 3630 τοῖς
485 3567 698 3639 χρόνοις
728 3567 952 3639 πρώτης
993 3567 1326 3638 πολιορκίας,
1373 3566 1498 3620 καθ’
1539 3567 1606 3638 ἢν
1641 3568 1842 3630 πάντες
1884 3566 1933 3618 οἱ

2041 3565 2163 3632 l‘ert,
2191 3582 2292 3638 pro
2330 3567 2620 3623 obsidione
2644 3582 2767 3638 quae
2792 3575 3040 3638 tempore
3077 3572 3232 3638 prior
3256 3579 3398 3632 erat,
3433 3570 3489 3624 in
3520 3586 3629 3641 qua

337 3657 616 3731 περίοικοι
659 3658 762 3728 τῆς
799 3659 1060 3721 Ἰουδαίας
1097 3657 1277 3722 δεξιὰς
1317 3660 1430 3722 τοῖς
1463 3657 1768 3730 Ἀσσυρίοις
1810 3659 1932 3711 κατ’

2041 3674 2230 3716 omnes
2265 3658 2470 3716 Judazte
2501 3659 2722 3715 ﬁnitimi
2753 3659 3012 3716 dexteras
3059 3675 3193 3715 suas
3241 3660 3486 3732 Assyriis
3533 3661 3631 3716 ad-

333 3748 524 3806 αύτῶν
566 3747 795 3822 ὣρεξαν.
830 3752 896 3803 Ὃ
918 3750 982 3821 δὴ
1021 3749 1277 3821 σημαίνει
1322 3749 1496 3817 λέγων
1529 3765 1544 3780 ο
1584 3749 1662 3802 Τὰ
1698 3747 1934 3816 σκηνώ-

2041 3768 2253 3808 versum
2291 3752 2415 3807 illos
2445 3761 2826 3822 porrexerunt.
2861 3753 3020 3820 Quod
3047 3753 3135 3810 bis
3170 3751 3452 3824 signiﬁcat
3483 3772 3496 3809 :
3527 3751 3629 3809 Ta-

324 3859 498 3914 ματα
538 3840 659 3894 τῶν
702 3840 1041 3909 Ἰδουμαίων
1087 3839 1186 3894 καὶ
1232 3843 1287 3893 oi
1327 3839 1710 3909 Ἰσμαηλῖται,
1754 3839 1938 3894 Μωὰϐ

2041 3842 2326 3897 bornacula
2355 3841 2721 3897 Idumworum
2760 3852 2814 3898 et
2853 3843 3170 3914 lsmaelitar,
3201 3843 3364 3900 Moab
3399 3853 3451 3901 et
3479 3845 3627 3918 Aga-

329 3935 438 3990 καὶ
467 3937 522 3987 οὶ
557 3931 879 4003 Ἀγιαρηνοὶ,
908 3931 1107 3986 Γεϐὰλ
1129 3932 1226 3985 καὶ
1264 3931 1488 4001 Ἀμμὼν
1513 3931 1612 3986 καὶ
1649 3931 1929 4001 Ἀμαλὴκ,

2041 3935 2169 3998 reni,
2206 3931 2372 3989 Gebol
2416 3943 2466 3989 et
2498 3935 2728 3988 Ammon
2766 3942 2818 3989 et
2865 3936 3108 3998 Amalec,
3155 3935 3470 4006 alienigena:
3506 3951 3627 3990 cum

327 4027 681 4095 ἀλλόφυλοι
723 4025 875 4094 μετὰ
913 4021 1032 4077 τῶν
1076 4023 1517 4077 κατοικούντων
1560 4024 1769 4092 Τύρον.
1819 4023 1930 4079 Καί

2041 4022 2396 4078 habitantibus
2435 4023 2656 4095 Tyrum.
2695 4021 2906 4078 Etenim
2945 4025 3120 4079 Assur
3159 4027 3298 4080 venit
3338 4041 3460 4078 cum
3487 4025 3623 4090 illis,

326 4119 450 4190 γὰρ
508 4116 607 4170 καὶ
675 4115 929 4185 Ἀσσοὺρ
979 4114 1468 4186 συμπαρετένετο
1523 4116 1651 4185 μετ’
1709 4114 1926 4181 αὐτῶν,

2041 4114 2164 4181 Γισιὶ
2209 4122 2332 4169 sunt
2384 4117 2439 4168 in
2481 4111 2815 4183 adjutorium
2851 4113 2981 4183 [iliis
3013 4111 3138 4169 Lot.
3177 4113 3391 4179 Quibus
3421 4113 3626 4170 deinde

325 4209 718 4282 ἐγενήθησαν
772 4211 860 4274 εὶς
901 4209 1231 4278 ἀντίληψιν
1275 4209 1402 4274 τοῖς
1432 4207 1586 4275 υἱοῖς
1633 4208 1782 4264 Λώτ.
1833 4205 1929 4275 Οἷς

2041 4207 2192 4262 linem
2225 4222 2336 4278 quo
2379 4206 2688 4278 excipiendi
2738 4213 2870 4262 sunt
2921 4205 3190 4261 describit
3221 4205 3413 4262 dicens
3441 4225 3455 4262 :
3481 4205 3622 4262 Deus

325 4305 468 4375 ἑξῆς
495 4303 557 4356 τὸ
583 4300 1030 4374 καταληψόμενον
1058 4301 1256 4365 αὐτοὺς
1301 4301 1608 4372 ὑπογράφει
1645 4300 1796 4365 τέλος
1822 4301 1926 4371 φά-

2041 4317 2196 4366 meus,
2227 4316 2361 4368 pone
2399 4299 2522 4354 illos
2569 4308 2627 4354 ut
2662 4309 2860 4362 rotam,
2910 4299 3047 4352 sicut
3079 4297 3334 4366 stipulam
3373 4305 3494 4352 ante
3533 4296 3622 4369 fa-

325 4417 516 4456 σκωνο
561 4399 614 4451 '0
660 4401 806 4464 Θεός
844 4415 985 4467 μου,
1030 4396 1138 4452 θοῦ
1183 4396 1402 4463 αὐτοὺς
1455 4397 1536 4463 ὡς
1575 4396 1811 4465 τροχὸν.
1848 4397 1930 4462 ὡς

2041 4394 2159 4446 :iem
2210 4391 2368 4455 venti,
2412 4392 2549 4446 sicut
2589 4391 2726 4461 ignis
2773 4391 2865 4461 qui
2907 4389 3177 4444 comburat
3225 4387 3438 4454 silvam,
3483 4388 3622 4444 sicut

323 4489 620 4559 καλάμην
659 4488 810 4542 κατὰ
855 4489 1182 4558 πρόσωπον
1230 4487 1478 4558 ἀνέμου,
1535 4487 1680 4542 ὡσεὶ
1731 4488 1851 4557 πῦρ
1891 4487 1924 4541 ὃ

2041 4486 2251 4549 ﬂamma
2277 4483 2544 4539 comburet
2587 4493 2811 4552 montes,
2842 4491 2897 4538 et
2938 4483 3170 4554 reliqua.
3203 4480 3339 4537 Cum
3385 4480 3491 4535 huc
3529 4494 3622 4536 au-

321 4581 647 4653 διαφλέξει
689 4580 938 4652 δρυμὸν,
985 4579 1128 4633 ὡσεὶ
1179 4579 1340 4649 φλὸξ
1390 4581 1753 4635 κατακαύσει
1791 4579 1920 4649 ὄρη,

2041 4585 2143 4633 tem
2170 4575 2459 4632 deveneris
2503 4576 2758 4641 observa,
2791 4591 3002 4647 quaeso,
3038 4591 3162 4632 eum
3192 4575 3285 4630 ubi
3329 4574 3480 4630 illius
3515 4574 3621 4631 As-

320 4677 427 4731 καὶ
481 4673 552 4727 τά
597 4672 992 4743 ἐπιφερόμενα.
1043 4671 1216 4725 Ἔνθα
1264 4671 1552 4743 γενόμενος
1611 4671 1924 4741 ἀναγκαίως

2041 4687 2132 4728 sur
2174 4671 2426 4728 meminit
2456 4670 2642 4741 (erant
2673 4676 2856 4726 autem
2888 4670 2925 4724 ii
2947 4667 3206 4741 Assyrii),
3242 4683 3458 4723 necnon
3483 4682 3620 4740 pra:-

319 4766 708 4838 ὲπιτηρήσεις,
743 4765 818 4829 ὡς
851 4764 986 4817 ὅπου
1033 4763 1309 4835 μέμνηται
1353 4762 1450 4816 τοῦ
1492 4763 1747 4836 ’Ᾱσσοὺρ,
1778 4758 1923 4818 οὗτοι

319 4862 382 4916 δὲ
430 4855 575 4931 ἦσαν
607 4859 657 4912 οἱ
699 4855 996 4928 Ἀσσύριοι,
1027 4854 1121 4908 καὶ
1161 4854 1270 4908 τῶν
1312 4854 1721 4926 προλεχθέντων
1753 4854 1923 4908 ὲθνῶν

319 4954 428 5024 τὴν
475 4951 593 5004 κατ’
634 4949 813 5004 αὐτῶν
859 4950 1092 5001 ποιεῖται
1123 4946 1326 5018 δέησιν,
1373 4946 1466 5000 καὶ
1498 4946 1596 5018 τὴν
1623 4963 1925 5018 καταστρο-

321 5049 441 5118 φὴν
474 5042 653 5097 αὐτῶν
684 5041 811 5112 ἑξῆς
853 5038 1128 5104 θεσπίζει·
1167 5039 1261 5092 καλ⁸
1302 5041 1360 5092 έν
1398 5037 1476 5109 τῷ
1506 5037 1584 5109 οη¹
1613 5039 1834 5110 ὁμοίως,
1863 5039 1923 5092 ὲν

320 5135 368 5210 ᾧ
398 5137 475 5192 τά
499 5135 638 5190 κατὰ
668 5133 937 5204 Ἀντίοχον
969 5130 1362 5206 προανεφιῖνιει,
1385 5131 1446 5195 ὃς
1477 5130 1806 5204 Ἐλληνίζειν
1827 5132 1924 5184 καὶ

323 5227 700 5302 παραϐαίνειν
727 5226 796 5280 τὰ
821 5227 1022 5296 πάτρια
1052 5223 1366 5296 ὴνάγκαζεν
1400 5225 1704 5290 Ἰουδαίους.
1753 5225 1922 5279 Πάλιν

319 5324 442 5394 γὰρ
481 5321 643 5374 κάκεῖ
668 5320 767 5391 τὴν
802 5317 1196 5389 καταστροφὴν
1234 5316 1344 5370 τῶν
1380 5317 1652 5388 πολεμίων
1691 5316 1924 5389 προῦλε-

319 5435 448 5488 γεν.
485 5413 681 5466 Οὐκέτι
713 5412 771 5466 δὲ
800 5412 894 5465 καὶ
933 5412 990 5464 ὲν
1029 5412 1108 5482 τῷ
1145 5416 1244 5480 ογ’,
1276 5409 1400 5464 καθ’
1425 5410 1484 5464 ὃν
1517 5410 1552 5483 ή
1585 5409 1792 5483 ἐσχάτη
1826 5411 1924 5465 αύ-

319 5509 439 5564 τῶν
467 5505 722 5577 ἐδηλοῦτο
749 5503 1012 5576 ἀποϐολή.

400 5593 568 5654 Οὗτοι
599 5600 697 5671 μὲν
725 5595 819 5654 οὖν
850 5602 898 5654 oi
932 5598 1267 5672 συνημμένοι
1303 5597 1396 5651 τοῦ
1437 5597 1604 5651 Ἀσὰω
1639 5604 1726 5672 ια’.
1772 5597 1830 5650 ὐ
1860 5596 1916 5650 δὲ

391 5757 441 5788 ⁸⁸
475 5752 621 5811 Psal.
662 5770 812 5822 xm,
840 5754 893 5810 1.
971 5757 1014 5789 ’⁸
1047 5754 1179 5811 ibid.
1208 5756 1252 5789 "
1287 5753 1420 5810 ibid.
1445 5754 1496 5810 5.

2029 4764 2306 4820 dictarum
2359 4763 2643 4834 gentium,
2696 4760 3149 4833 supplicationem
3210 4759 3478 4819 adversus
3522 4776 3618 4818 eos

2031 4858 2304 4922 emittere,
2334 4871 2400 4912 ac
2419 4855 2619 4912 exinde
2647 4853 2950 4910 infaustum
2980 4851 3300 4909 eorumdem
3333 4853 3494 4910 ﬁnem
3524 4868 3619 4910 va-

2029 4948 2252 5004 ticinari
2287 4967 2301 5004 :
2329 4946 2476 5019 quod
2501 4946 2694 5002 itidem
2730 4947 2786 5001 in
2818 4960 3028 5000 Lxxvm
3061 4943 3334 5016 praestitit,
3367 4944 3459 5000 ubi
3488 4945 3615 5001 item

2029 5057 2152 5112 quae
2188 5041 2444 5097 Antiochi
2474 5050 2718 5112 tempore
2763 5038 3086 5094 acciderunt
3125 5037 3482 5108 pramuntiat,
3518 5037 3615 5109 qui

2028 5130 2250 5188 Iudaeos
2277 5130 2543 5202 compulit
2577 5136 2640 5185 ut
2669 5127 2982 5184 Graecorum
3013 5127 3178 5182 ritum
3217 5126 3604 5190 observarent,

2030 5232 2397 5295 paternasque
2422 5223 2570 5294 leges
2590 5217 3129 5290 transgrederentur.
3165 5215 3302 5272 Nam
3334 5216 3448 5272 illic
3471 5232 3614 5287 quo-

2029 5333 2136 5388 que
2172 5315 2450 5372 infelicem
2491 5313 2840 5371 inimicorum
2883 5312 3044 5366 ﬁnem
3077 5308 3349 5381 praedixit.
3386 5305 3458 5362 At
3503 5323 3614 5363 non

2027 5410 2084 5466 in
2115 5425 2317 5475 Lxxm,
2370 5407 2466 5464 ubi
2505 5414 2782 5480 postrema
2813 5402 3127 5460 Iudaeorum
3163 5399 3398 5472 abjectio
3423 5398 3612 5456 decla-

2029 5511 2203 5558 ratur“.

2099 5595 2162 5651 lli
2221 5595 2388 5666 igitur
2436 5592 2639 5666 Asaphi
2697 5605 2927 5647 numero
2991 5587 3268 5654 undecim,
3329 5584 3610 5658 conjuncti

1603 5752 1648 5786 ”
1677 5749 1825 5808 Psal.
1857 5765 2066 5817 Lxxxu,
2097 5748 2152 5806 l.
