4056 6398
454 331 562 389 855

1145 332 1407 389 EUSEBll
1445 330 1921 392 CASSABIENSIS
1959 331 2110 389 OPP.
2148 332 2328 389 PARS
2366 332 2453 391 Ill.
2493 363 2563 377 --
2601 334 3012 398 EXEGETICA.

3610 339 3717 396 856

454 454 606 504 sunt.
641 443 1010 517 Duodecimus
1044 461 1171 501 vero
1199 453 1325 502 ante
1360 447 1633 517 psalmum
1668 462 1699 501 L
1725 448 2017 504 collocatus

2130 449 2195 502 ιϐ’
2218 447 2325 521 πρὸ
2344 448 2437 503 τοῦ
2466 446 2731 521 ν’ψαλμοῦ
2746 451 3147 506 κατατέτακται
3178 451 3246 505 δι’
3271 452 3335 523 ἢν
3368 452 3716 509 ἀποδεδώκα-

452 544 558 603 est,
592 536 665 591 ob
689 549 913 591 causam
953 549 1118 605 quam
1151 535 1304 590 illum
1332 537 1670 606 explicantes
1719 536 2026 592 attulimus.

455 625 657 683 Verum
684 638 811 697 post
839 627 945 682 hoc
975 626 1381 699 compendium,
1417 626 1654 697 primum
1696 636 2028 698 repetentes,

451 720 573 790 ejus
605 719 933 775 sententiam
957 716 1265 773 minutatim
1297 718 1725 788 explorabimus.

751 832 805 886 ἐξ
850 828 1177 889 PSALMUS
1212 829 1460 887 ASAPH.
1499 829 1712 889 LXXII.

532 924 693 981 Vsus.
727 925 841 980 1-5.
885 924 1061 992 Quam
1094 923 1261 979 bonus
1294 923 1470 980 Israel
1496 924 1640 980 Deus
1681 925 1747 980 iis
1778 923 1869 996 qui
1899 926 2029 980 recti

450 1027 575 1073 sunt
598 1017 791 1071 corde!
817 1015 1000 1072 Tertia
1035 1031 1164 1087 pars
1189 1016 1313 1072 libri
1343 1015 1684 1071 Psalmorum
1716 1031 1747 1071 a
1776 1018 2030 1087 praesenti

450 1109 663 1180 incipit,
695 1117 750 1165 et
777 1109 834 1164 in
863 1123 1105 1162 Lxxxvut
1136 1107 1360 1173 desinit,
1397 1107 1473 1161 ita
1517 1116 1578 1163 ut
1612 1108 1855 1178 psalmos
1887 1123 2031 1164 com-

451 1199 724 1272 plectatur
777 1198 1193 1270 septemdecim,
1238 1214 1475 1269 quorum
1526 1199 1783 1255 undecim
1833 1214 2031 1256 conse-

451 1299 683 1364 quenter
714 1291 888 1363 ipsius
909 1290 1091 1361 Asaph
1123 1298 1252 1346 sunt
1279 1309 1292 1347 :
1320 1292 1449 1346 hinc
1470 1289 1704 1346 ﬁliorum
1729 1292 1870 1347 Core
1892 1307 2030 1362 qua-

451 1390 602 1448 tuor,
627 1381 849 1440 Davidis
889 1398 1053 1449 unus,
1100 1395 1521 1454 postremusque
1568 1383 1813 1438 omnium
1852 1381 2029 1438 Ethan

451 1473 740 1533 Esdraitze.
773 1473 876 1530 Hic
892 1491 1022 1532 vero
1048 1490 1211 1546 quem
1242 1481 1545 1531 tractamus
1569 1473 1772 1544 Asaphi
1801 1465 1908 1540 est,
1934 1473 2029 1545 qui

449 1567 718 1639 propheta
760 1564 949 1622 Davidi
988 1573 1301 1622 coaetaneus
1350 1574 1469 1621 erat
1504 1563 1901 1636 :Psalmusque
1943 1563 2031 1617 in-

452 1657 750 1724 scribitur;
803 1655 933 1727 quia
977 1656 1044 1711 ad
1084 1656 1291 1712 calcem
1346 1671 1471 1710 cum
1520 1655 1814 1727 impiorum
1847 1653 2031 1710 infau-

451 1757 595 1805 stum
619 1747 847 1812 exitum,
887 1753 1004 1801 tum
1033 1748 1249 1818 piorum
1276 1746 1334 1802 in
1358 1744 1469 1803 Deo
1506 1745 1853 1802 reconditum
1882 1746 2028 1817 opti-

449 1854 598 1894 mum
639 1838 799 1895 ﬁnem
832 1838 1236 1910 complectitur.
1271 1839 1403 1906 Quae
1429 1837 1519 1895 his
1559 1837 1845 1894 declarat:
1883 1837 2025 1905 Quia

446 1945 563 1984 ecce
596 1929 685 1999 qui
707 1926 953 1999 elongant
983 1945 1038 1983 se
1081 1946 1113 1982 a
1147 1937 1197 1982 te
1222 1927 1489 1994 peribunt,
1527 1926 1808 1996 perdidisti
1846 1945 2024 1984 omnes

445 2020 537 2092 qui
555 2020 889 2092 fornicamur
914 2019 1008 2075 abs
1034 2029 1101 2075 te.
1132 2019 1268 2074 Mihi
1300 2029 1475 2074 autem
1500 2018 1769 2075 adharere
1794 2018 1903 2075 Deo
1934 2019 2025 2075 bo-

446 2128 574 2168 num
612 2120 711 2168 est.
757 2112 865 2167 lnit
914 2120 1097 2167 autem
1138 2127 1171 2167 a
1212 2110 1483 2168 doctrina:
1517 2112 1825 2182 praeceptis,
1869 2112 2025 2182 queis

444 2204 742 2276 impiorum
773 2204 842 2260 ad
877 2205 1154 2277 quoddam
1184 2213 1400 2277 tempus
1444 2203 1725 2262 felicitatis
1753 2206 2024 2261 rationem

446 2295 606 2354 affert
636 2316 650 2353 :
681 2297 915 2367 hujusce
953 2297 1156 2368 quippe
1198 2297 1279 2352 rei
1322 2311 1548 2355 causam
1574 2311 1695 2354 esse
1744 2299 1842 2363 ait,
1877 2299 2024 2369 quod

444 2387 594 2445 Deus
640 2388 821 2445 bonus
885 2388 1208 2460 patiensque
1257 2389 1349 2444 sit.
1395 2386 1639 2458 Idipsum
1688 2403 1821 2445 sane
1865 2390 2024 2445 docet

445 2477 669 2536 divinus
692 2477 987 2549 Apostolus
1017 2477 1208 2535 dicens
1240 2497 1253 2534 :
1285 2479 1368 2533 An
1386 2479 1604 2534 divitias
1634 2477 1884 2534 bonitatis
1907 2480 2022 2550 ejus

444 2580 494 2624 et
526 2568 949 2640 longanimitatis
978 2571 1290 2637 contemnis,
1322 2571 1575 2641 ignorans
1613 2577 1751 2642 quod
1792 2571 2019 2628 clemen-

448 2665 524 2718 tia
560 2663 657 2719 Dei
699 2663 769 2718 ad
818 2665 1178 2733 paenitentiam
1216 2673 1264 2719 te
1309 2663 1525 2719 adducit
1544 2665 1631 2720 ἠ
1682 2674 1738 2721 et
1781 2667 1913 2739 alibi
1945 2667 2025 2722 di-

444 2767 592 2812 ctum
624 2764 709 2812 est
734 2775 747 2812 :
783 2755 923 2812 Deus
941 2756 1110 2827 judea:
1131 2757 1337 2827 justus,
1365 2757 1533 2812 bonus
1557 2767 1607 2812 et
1633 2758 1862 2827 patiens,
1886 2774 2023 2813 nun-

443 2846 571 2918 quid
610 2848 864 2902 irascitur
911 2862 1005 2917 per
1051 2848 1290 2920 singulos
1332 2847 1444 2904 dies
1465 2849 1551 2903 "2
1592 2847 1793 2921 Utpote
1842 2850 2022 2907 bonus

443 2940 633 3014 igitur,
667 2940 844 2997 Solem
882 2958 1039 2998 suum
1077 2942 1210 2997 oriri
1234 2941 1365 3012 facit
1392 2958 1548 3012 super
1576 2942 1756 3013 justos
1789 2952 1840 2998 et
1878 2945 2023 3014 inju-

442 3042 573 3099 stos,
597 3040 647 3088 et
673 3034 807 3102 pluit
834 3048 988 3102 super
1017 3035 1187 3088 malos
1217 3043 1268 3089 et
1294 3033 1456 3088 bonos
1477 3035 1545 3090 “.
1574 3032 1729 3091 Unde
1761 3031 2022 3091 Senator

2056 1799 2099 1856 Β

2132 557 2232 609 μεν
2261 539 2441 594 αἰτίαν
2463 543 2589 604 τοὺς
2610 543 2811 607 τόπους
2831 541 3200 616 διηγούμενοι.
3246 544 3407 598 Ἀλλά
3427 547 3536 618 γὰρ
3576 547 3714 617 μετά

2130 634 2227 706 τὴν
2242 632 2447 687 τούτων
2469 634 2734 707 ἐπιτομὴν
2749 635 2869 708 φέρ’
2883 637 3315 702 ἐπαναλαϐόντες
3342 638 3453 691 ’τὸν
3474 644 3711 712 πρῶτον,

2129 725 2227 797 τὴν
2271 726 2412 779 κατά
2445 727 2612 798 μέρος
2640 727 2806 780 αὑτοῦ
2838 727 3079 781 διάνοιαν
3121 727 3613 800 ἐπιθεωρήσωμεν.

2524 842 2813 895 ΨΑΛΜΟΣ
2845 842 2932 913 Τῼ
2964 842 3158 895 ΑΣΑΦ.
3200 843 3320 896 OB'.

2213 933 2307 999 Ὠς
2341 932 2561 1002 ἀγαθὸς
2590 931 2671 998 τῷ
2705 933 2942 1003 Ἰσραὴλ
2989 936 3021 986 ό
3045 932 3210 999 Θεὸς,
3237 932 3362 1000 τοῖς
3393 933 3601 989 εὺθέσι
3636 936 3714 1005 τῇ

2130 1025 2383 1095 καρδίᾳ]
2414 1024 2487 1078 Τὸ
2533 1026 2713 1097 τρίτον
2766 1026 2931 1098 μέρος
2964 1025 3064 1096 τῆς
3114 1025 3295 1097 βίϐλου
3335 1026 3443 1081 τῶν
3467 1023 3713 1098 ιΡαλμῶν

2130 1116 2354 1188 ἄρχεται
2382 1117 2480 1187 μὲν
2503 1106 2610 1171 ἀπδ
2634 1116 2727 1170 τοῦ
2770 1117 3056 1189 παρόντος,
3086 1117 3486 1189 περαιοῦταιδέ
3512 1122 3591 1183 εις
3620 1120 3713 1174 τὸν

2132 1213 2244 1278 πη’,
2294 1207 2370 1272 ὡς
2411 1210 2539 1271 τοὺς
2574 1208 2782 1272 πάντας
2831 1209 3106 1280 περιέχειν
3145 1209 3393 1280 ψαλμοὺς
3431 1210 3570 1264 ἐτετά
3617 1212 3714 1264 καὶ

2128 1299 2259 1353 δέκα
2280 1314 2294 1328 ·
2326 1293 2401 1355 ὧν
2431 1300 2627 1372 ἐφεξῆς
2658 1308 2726 1354 ια’
2749 1301 3074 1370 τυγχάνουσι
3099 1300 3194 1355 τοῦ
3228 1301 3398 1371 Ἀσάφ
3419 1320 3434 1332 ·
3458 1298 3578 1356 εἶτα
3601 1301 3711 1356 τῶν

2131 1391 2263 1444 υἱῶν
2320 1391 2466 1463 Κορὲ
2507 1390 2570 1455 δ’,
2622 1390 2845 1445 καὶτοῦ
2902 1390 3066 1444 Δαυῒδ
3115 1386 3216 1455 εἷς,
3272 1391 3366 1446 καὶ
3426 1391 3590 1448 Δὶθάν
3613 1392 3710 1447 τοῦ

2143 1482 2454 1555 Ἐσδραίτου
2499 1483 2827 1547 τελευταῖος.
2867 1483 2926 1536 ’0
2973 1483 3155 1554 μέντοι
3196 1483 3334 1555 μετά
3380 1486 3567 1556 χεῖρας
3612 1483 3708 1538 τοῦ

2141 1573 2314 1645 Ἀσάφ
2337 1574 2642 1649 (προφήτης
2659 1574 2715 1629 δὲ
2733 1570 2801 1648 ἦν
2825 1570 2979 1638 οὗτος
3003 1576 3358 1648 συγχρονίσας
3380 1574 3459 1646 τῷ
3501 1576 3707 1648 Δαυῒδ),

2135 1664 2382 1736 Ψαλμὸς
2423 1667 2521 1736 μὲν
2549 1666 2977 1739 ἐπιγέγραπται,
3000 1666 3089 1720 διά
3112 1665 3173 1720 τὸ
3201 1668 3473 1738 περιέχειν
3500 1667 3598 1720 ἐπὶ
3620 1664 3709 1722 τέ-

2127 1752 2210 1808 λει
2237 1753 2346 1808 τῶν
2387 1754 2560 1823 λόγων
2603 1754 2719 1808 τῶν
2758 1754 2858 1827 μὲν
2898 1754 3111 1808 ἀσεϐῶν
3155 1755 3256 1827 τὴν
3300 1759 3706 1829 καταστροφὴν,

2125 1843 2234 1899 τῶν
2259 1845 2304 1898 δ’
2335 1843 2573 1898 εὐσεϐῶν
2600 1844 2660 1899 τὸ
2693 1844 2845 1917 παρά
2867 1844 2945 1916 τῷ
2967 1844 3086 1916 Θεῷ
3117 1846 3543 1917 τεταμιευμένον
3569 1849 3709 1916 ἀγα-

2127 1932 2217 1987 θὸν
2250 1933 2434 1998 τέλος·
2476 1932 2512 1987 ἃ
2556 1931 2621 2005 δὴ
2672 1935 2911 2007 παρίστη
2941 1934 3145 2004 λέγων’
3179 1936 3298 1989 ’Ότι
3345 1934 3473 1990 ἰδοὺ
3513 1940 3567 1991 οἱ
3600 1954 3709 2007 μο-

2125 2025 2447 2093 κρύνοντες
2478 2024 2732 2092 ἑαυτοὺς
2767 2025 2886 2080 ἀπὸ
2927 2026 3043 2081 (τοῦ
3069 2026 3455 2091 ἀπολοῦνται,
3481 2027 3704 2093 ὲξωλό-

2125 2117 2387 2184 θρευσιις
2427 2114 2626 2172 πάντα
2671 2115 2778 2170 τὸν
2813 2118 3184 2183 πορνεύοντα
3216 2117 3333 2171 ἀπὸ
3371 2119 3509 2173 σοῦ.
3548 2120 3702 2189 Ἐμοὶ

2124 2206 2192 2260 δὲ
2213 2206 2279 2260 τὸ
2313 2205 2812 2275 προσκολλᾶσθαι
2842 2206 2921 2273 τῷ
2953 2206 3074 2273 Θεῷ
3101 2208 3325 2278 ἀγαθόν
3345 2209 3517 2263 ἐστιν
3542 2226 3556 2241 ·
3599 2210 3703 2280 ἀρ-

2124 2317 2278 2371 χεται
2306 2300 2350 2354 δ’
2396 2299 2506 2353 ἀπὸ
2548 2298 2886 2370 δογμαπκῆς
2925 2299 3293 2367 διδασκαλίας,
3321 2299 3389 2353 δι’
3427 2296 3498 2373 ἧς
3524 2300 3705 2355 αἰτίαν

2123 2391 2412 2445 ἀποδίδωσι
2451 2391 2553 2461 τῆς
2591 2391 2700 2445 τῶν
2731 2389 2943 2446 ἀσεϐῶν
2989 2393 3130 2446 κατά
3172 2408 3323 2454 τινας
3356 2393 3580 2462 καιροὺς
3610 2392 3702 2447 εὐ-

2124 2484 2390 2555 πραγίας·
2423 2483 2484 2537 τὸ
2519 2482 2628 2555 γὰρ
2658 2482 2863 2553 ἀγαθὸν
2902 2479 3039 2537 εἶναι
3081 2483 3175 2538 καὶ
3220 2482 3572 2557 μακρόθυμον
3610 2483 3703 2538 τὸν

2121 2575 2274 2640 Θεὸν,
2311 2574 2467 2629 τοῦτό
2513 2593 2676 2649 φησιν
2709 2575 2972 2648 ὑπάρχειν
3016 2576 3208 2629 αίτιον.
3241 2576 3306 2629 Ὃ
3352 2575 3417 2647 δὴ
3460 2575 3701 2630 διδάσκει

2123 2668 2216 2721 καὶ
2240 2670 2269 2720 6
2302 2667 2444 2730 θεῖος
2488 2665 2806 2727 Ἀπόστολος
2831 2665 3003 2733 λέγων
3025 2680 3040 2695 ο
3074 2665 3144 2720 Ἦ
3166 2663 3266 2718 τοῦ
3304 2667 3568 2719 πλούτου
3592 2664 3703 2733 τῆς

2120 2761 2534 2826 χρηστότητος
2560 2754 2749 2810 αὑτοῦ
2793 2753 2893 2807 καὶ
2932 2752 3043 2823 τῆς
3082 2755 3490 2824 μακροθυμίας
3530 2770 3706 2809 κατα-

2121 2848 2379 2918 φρονεῖς,
2418 2846 2672 2919 ἀγνοῶν,
2716 2848 2805 2902 ὅτι
2838 2846 2905 2901 τὸ
2954 2846 3228 2917 χρηστὸν
3267 2845 3374 2900 τοῦ
3428 2845 3576 2901 Θεοῦ
3611 2850 3701 2915 εις

2115 2937 2438 3008 μετάνοιάν
2474 2953 2547 2993 σε
2586 2938 2746 3008 ἄγεις
2812 2938 2907 2992 καὶ
2950 2938 3184 3009 ἀλλαχοῦ
3235 2941 3292 2992 δέ
3345 2936 3591 3011 εἴρηται·
3636 2940 3699 2993 '0

2124 3032 2269 3097 Θεὸς
2302 3030 2509 3101 κριτὴς
2543 3030 2772 3097 δίκαιος
2812 3029 2911 3083 καὶ
2937 3031 3154 3100 ἀγαθὸς
3187 3030 3284 3084 καὶ
3319 3031 3702 3100 μακροθυμος

443 3125 588 3179 hanc
636 3124 965 3180 sententiam
1007 3123 1076 3180 de
1121 3123 1284 3179 Patre
1330 3124 1559 3196 protulit
1597 3143 1610 3180 :
1646 3123 1820 3179 Nemo
1852 3124 2017 3180 bonus

2120 3117 2202 3189 μὴ
2232 3117 2419 3189 ὀργὴν
2451 3117 2689 3189 ἐπάγων
2720 3120 2846 3175 καθ’
2872 3114 3139 3186 ἑκάστην
3157 3118 3387 3187 ἡμέραν
3458 3119 3544 3182 Ὠς
3564 3121 3700 3190 ἀγιι-

441 3215 549 3272 nisi
582 3231 719 3271 unus
752 3214 893 3271 Deus
921 3215 988 3273 ".
1038 3214 1198 3281 Quod
1247 3215 1295 3272 si
1335 3215 1404 3271 de
1444 3214 1586 3270 Filio
1635 3214 2014 3286 perquisieris,

440 3301 751 3373 comperies
786 3316 895 3374 qua
922 3303 1141 3358 ratione
1168 3312 1223 3358 et
1252 3303 1369 3374 ipse
1400 3304 1579 3360 bonus
1611 3304 1717 3371 sit;
1750 3305 1881 3375 quia
1910 3306 2020 3362 sci-

441 3389 572 3446 licet
608 3390 867 3462 splendor
905 3398 992 3447 est
1032 3391 1175 3447 lucis
1224 3391 1592 3463 sempiternae,
1640 3403 1695 3448 et
1735 3394 2017 3465 speculum

440 3482 564 3539 sine
605 3482 820 3539 macula
850 3491 1094 3554 paterna:
1144 3481 1389 3549 virtutis,
1435 3490 1491 3540 et
1523 3484 1702 3556 imago
1754 3485 2018 3542 bonitatis

441 3574 592 3631 illius
612 3574 679 3631 ’⁸.
709 3573 859 3632 Talis
894 3575 1083 3646 itaque
1122 3573 1270 3631 Deus
1301 3583 1417 3642 est;
1450 3575 1547 3632 sed
1586 3576 1720 3632 illud
1751 3591 1863 3633 non
1896 3592 2016 3635 oma-

438 3668 606 3725 nibus
636 3675 863 3735 notum;
896 3681 1086 3723 verum
1111 3667 1216 3723 soli
1244 3664 1452 3732 lsraeli,
1495 3667 1614 3724 viro
1643 3668 1853 3725 scilicet
1885 3685 2014 3741 per-

441 3758 649 3829 spicaci
687 3764 744 3813 et
793 3757 1203 3814 internoscendi
1247 3759 1300 3813 vi
1338 3758 1589 3829 praedito,
1638 3760 1857 3830 qualem
1911 3762 2017 3819 sub

400 3868 401 3871 ‘
442 3849 561 3906 haec
584 3850 827 3907 declarat
854 3851 943 3906 his
978 3851 1181 3917 verbis,
1222 3852 1379 3906 rectis
1405 3851 1581 3906 corde.
1632 3851 1737 3919 Qui
1767 3854 1913 3909 enim
1957 3854 2017 3910 in

394 3968 401 3974 -
440 3945 625 3996 mente
663 3939 801 3996 nihil
827 3947 1138 3996 tortuosum
1169 3939 1366 4003 habet,
1410 3939 1506 3995 sed
1532 3949 1682 3994 recta
1709 3948 1765 3995 et
1800 3940 2016 3996 sincera

438 4029 771 4103 cogitatione
830 4030 1188 4102 providentiae
1244 4029 1516 4085 rationem
1567 4033 1972 4102 contemplatur
1994 4072 2012 4100 ,

441 4123 559 4194 ipse
610 4123 822 4180 scilicet
873 4121 1041 4180 Israel
1090 4122 1276 4189 fuerit,
1319 4123 1411 4179 cui
1452 4120 1600 4177 Deus
1654 4124 1833 4180 bonus
1889 4139 2016 4180 esse

437 4216 807 4285 cognoscitur,
860 4215 988 4286 quia
1034 4218 1104 4271 ob
1158 4214 1420 4271 bonitatis
1468 4214 1847 4271 excellentiam
1894 4231 2014 4271 om-

437 4320 536 4361 nes
588 4307 807 4363 tolerat.
881 4304 985 4363 Sed
1049 4305 1193 4362 Deus
1242 4304 1465 4376 quidem
1527 4304 1843 4373 huiusmodi
1903 4317 2007 4361 est.

439 4395 550 4469 Ego
618 4413 750 4453 vero
811 4398 975 4453 homo
1041 4399 1135 4469 qui
1205 4396 1424 4453 veritati
1499 4397 1695 4453 studeo
1720 4435 1737 4463 ,
1813 4398 2011 4454 mentis

2121 3208 2213 3274 θὸς
2268 3207 2400 3279 γοῦν
2440 3208 2759 3266 ἀνατέλλει
2810 3209 2918 3262 τὸν
2969 3209 3147 3277 ἥλιον
3192 3210 3379 3264 αὐτοῦ
3443 3210 3542 3264 ἐπὶ
3610 3209 3699 3262 δι-

2119 3301 2327 3365 καίους
2377 3298 2477 3352 καὶ
2525 3298 2794 3365 ἀδίκους,
2848 3299 2947 3352 καὶ
2979 3298 3187 3367 βρέχει
3248 3299 3344 3353 ἐπὶ
3395 3301 3700 3369 πονηροὺς

2119 3389 2218 3443 καὶ
2266 3390 2547 3460 ἀγαθούς.
2581 3389 2776 3444 Ἔνθεν
2806 3390 2899 3443 καὶ
2947 3390 2975 3442 6
3019 3389 3211 3461 Σωτὴρ
3256 3391 3381 3462 ὅρον
3429 3391 3555 3461 περὶ
3600 3391 3696 3444 τοῦ

2124 3482 2336 3554 Πατρδς
2369 3481 2658 3552 ἐξήνεγκεν
2696 3478 2895 3534 εἰπών’
2935 3479 3143 3546 Οὐδεὶς
3171 3480 3388 3551 ἀγαθὸς
3414 3482 3467 3534 ει
3497 3479 3578 3550 μὴ
3604 3477 3694 3547 εἷς

2120 3576 2153 3628 ὀ
2191 3572 2357 3638 Θεός.
2388 3571 2508 3626 Κᾶν
2540 3570 2802 3644 ὲᾷτάζῃς
2832 3571 2961 3644 περὶ
2989 3571 3084 3624 τοῦ
3107 3571 3262 3637 Υίοῦ,
3296 3558 3516 3647 μαθήσῃ
3544 3574 3693 3635 ὅπως

2118 3667 2236 3720 ἐστὶ
2282 3666 2377 3720 καὶ
2422 3664 2583 3729 αὐτὸς
2621 3664 2856 3735 ἀγαθός’
2912 3664 3144 3735 ἐπείπερ
3184 3665 3530 3735 ἀπαύγασμά
3578 3667 3696 3722 ἐστι

2119 3759 2295 3830 φωτὸς
2323 3758 2493 3813 ἀϊδίου
2527 3758 2622 3812 καὶ
2654 3758 2918 3829 ἔσοπτρον
2949 3756 3280 3828 ἁκηλίδωτον
3320 3756 3422 3827 τῆς
3455 3757 3548 3811 τοῦ
3582 3759 3697 3811 Πα-

2116 3850 2243 3922 τρὸς
2289 3849 2588 3921 ἐνεργείας,
2637 3848 2731 3902 καὶ
2770 3847 2932 3902 εἰκὼν
2968 3847 3068 3919 τῆς
3124 3847 3462 3916 ἀγαθότητος
3505 3846 3690 3904 αὑτοῦ.

2117 3941 2366 4005 Τοιοῦτος
2400 3942 2497 4014 μὲν
2537 3937 2632 3995 οὖν
2676 3944 2705 3994 6
2731 3940 2864 4004 Θεὸς
2897 3940 3165 4010 πέφυκεν·
3217 3939 3482 4009 ἔγνωσται
3530 3941 3590 3994 δὲ
3631 3943 3694 3994 οὐ

2115 4036 2300 4099 πᾶσιν,
2330 4034 2467 4089 ἀλλά
2497 4035 2642 4106 μόνῳ
2665 4034 2742 4105 τῷ
2774 4033 3012 4105 Ἰσραὴλ,
3053 4032 3131 4103 τῷ
3168 4032 3461 4105 διορατικῷ
3491 4033 3693 4106 δηλαδὴ

2116 4127 2209 4180 καὶ
2238 4124 2524 4195 γνωστικῷ
2548 4124 2722 4196 ἀνδρὶ,
2749 4124 2807 4177 ὃν
2839 4123 2903 4195 δὴ
2936 4122 3230 4194 παρίστησι
3257 4124 3543 4177 συνάπτων
3565 4121 3695 4196 ἑξῆς

2115 4219 2210 4273 καὶ
2240 4217 2433 4286 λέγων,
2476 4216 2600 4283 τοῖς
2642 4215 2843 4271 εὺθέσι
2889 4213 2963 4284 τῇ
2997 4213 3227 4283 καρδίᾳ.
3272 4214 3329 4268 '0
3367 4213 3476 4287 γὰρ
3526 4214 3694 4287 μηδὲν

2117 4310 2327 4364 σκολιὸν
2369 4308 2705 4380 κεκτημένος
2748 4309 2806 4361 ἐν
2847 4310 2914 4378 τῇ
2959 4306 3154 4360 ἑαυτοῦ
3194 4306 3363 4379 ψυχῇ,
3412 4305 3694 4379 λογισμοῖς

2113 4401 2170 4455 δὲ
2197 4401 2377 4474 ὀρθοῖς
2403 4399 2710 4454 ἐπιϐάλλων
2734 4400 2847 4462 τοῖς
2869 4401 2968 4469 τῆς
2998 4399 3253 4470 προνοίας
3285 4399 3484 4468 λόγοις,
3521 4398 3688 4461 αὐτὸς

439 4504 573 4544 mea
635 4488 985 4545 stoliditatem
1045 4503 1265 4545 enarro.
1314 4487 1527 4543 Etenim
1578 4488 1834 4544 ﬁrmitate
1889 4503 2010 4546 mea

2120 4491 2181 4546 ἂν
2209 4492 2292 4563 εἴη
2326 4495 2354 4545 6
2399 4489 2635 4561 Ἰσραὴλ,
2742 4491 2835 4542 καὶ
2864 4489 3127 4558 ἔγνωσται
3156 4489 3358 4559 ἀγαθὸς
3389 4488 3466 4543 ὣν
3500 4490 3529 4542 6
3557 4484 3693 4553 Θεὸς

434 4589 492 4637 et
540 4597 778 4653 gressu,
822 4581 940 4637 sive
983 4589 1042 4635 ut
1094 4580 1466 4650 metaphorice
1516 4578 1750 4650 loquar,
1814 4581 2009 4637 anima:

435 4672 668 4745 pedibus
727 4687 783 4729 et
842 4672 1033 4728 fulcris
1099 4680 1407 4727 commotus
1465 4684 1603 4742 pene
1670 4681 1728 4728 et
1782 4687 2008 4729 eversus

437 4779 559 4820 sum
608 4780 640 4819 a
692 4780 787 4835 spe
824 4779 946 4820 mea
986 4764 1040 4821 in
1082 4763 1193 4821 Deo
1234 4766 1514 4836 reposita;
1557 4765 1723 4836 idque
1771 4765 1844 4822 ob
1884 4781 2008 4837 pro-

436 4870 629 4928 speras
657 4856 942 4912 atheorum
972 4855 1372 4929 impiorumque
1418 4872 1528 4914 res.
1564 4855 1768 4914 Verum
1797 4856 1850 4913 id
1881 4858 2006 4928 qni—

435 4947 560 5004 dem
588 4963 724 5020 pene
750 4963 1042 5020 perpessus
1072 4965 1225 5018 sum;
1261 4958 1318 5005 at
1350 4949 1443 5007 Dei
1485 4950 1663 5022 gratia
1693 4942 2004 5006 concussus

436 5052 548 5094 non
580 5036 701 5106 fui;
731 5054 909 5110 neque
936 5053 968 5094 a
995 5040 1088 5095 tali
1122 5041 1453 5111 cogitatione
1484 5048 1781 5112 superatus
1818 5060 1831 5098 :
1866 5041 2003 5097 alias

436 5145 565 5189 vero
588 5131 898 5204 periissem,
928 5138 984 5187 et
1009 5131 1168 5189 etl‘usi
1192 5140 1381 5190 essent
1409 5149 1635 5206 gressus
1659 5134 1766 5191 mei
1801 5152 1815 5188 :
1851 5147 2001 5197 nam,

431 5234 558 5291 pene
574 5222 732 5293 e/[usi
763 5230 886 5279 sunt
910 5239 1121 5294 gressus
1150 5225 1272 5287 mei,
1304 5224 1403 5281 sed
1457 5240 1572 5281 non
1616 5238 1808 5281 revera
1844 5222 2004 5278 eﬂ‘usi

432 5321 584 5371 sunt.
611 5313 897 5383 Quomodo
925 5322 1109 5371 autem
1141 5331 1365 5388 gressus
1411 5318 1611 5373 animas
1652 5311 2003 5372 eﬂ'undantur

433 5403 725 5477 intelliges,
764 5405 810 5462 si
838 5405 1167 5480 perpendas,
1196 5421 1305 5478 qua
1344 5407 1558 5462 ratione
1587 5405 1747 5460 multi
1780 5404 2001 5476 pietatis

432 5495 820 5552 exercitatione
848 5496 963 5567 jam
987 5498 1250 5569 provecti,
1281 5495 1644 5568 temperantia
1669 5502 1727 5551 et
1750 5493 2002 5551 castitate

433 5585 692 5642 diuturno
728 5594 974 5661 tempore
1007 5588 1300 5660 fulgentes,
1336 5588 1556 5645 demum
1589 5584 1658 5642 ad
1691 5586 1996 5644 molliorem

498 5742 545 5777 ”
572 5740 730 5798 Rom.
761 5757 824 5810 It,
844 5742 898 5799 ι.
963 5744 1009 5779 ’⁸
1029 5741 1175 5801 Psal.
1198 5754 1299 5811 vit,
1343 5744 1431 5803 12.
1504 5744 1550 5777 ⁸⁸
1575 5741 1771 5801 Matth.
1797 5758 1850 5817 ν,
1892 5742 1977 5801 ιδ.

2112 4579 2180 4634 δι’
2228 4580 2536 4653 ὑπερϐολήν
2587 4596 2648 4633 τε
2695 4578 3030 4650 ἀγαθότητος
3078 4581 3294 4635 πάντων
3344 4581 3690 4653 ἀνεχόμενος.

2125 4671 2265 4727 Ἀλλ’
2310 4673 2338 4724 6
2394 4671 2494 4741 μὲν
2553 4669 2685 4733 Θεὸς
2733 4668 2991 4734 τοιοῦτος.
3064 4668 3205 4738 Ἐγὼ
3258 4669 3348 4734 δὲ,
3403 4670 3692 4743 ἄνθρωπος

2112 4763 2409 4836 φιλαλήθης
2469 4759 2606 4817 εῖναι
2667 4763 2869 4827 θέλων,
2924 4762 3026 4835 τὴν
3087 4760 3325 4833 ἐμαυτοῦ
3390 4760 3689 4832 διηγοῦμαι

2111 4853 2212 4926 τῆς
2263 4852 2441 4924 ψυχῆς
2469 4851 2718 4926 νωθρίαν.
2748 4849 2961 4923 Μικροῦ
2993 4850 3101 4924 γὰρ
3147 4852 3260 4905 δεῖν
3299 4851 3399 4922 τὴν
3444 4850 3689 4922 ἐμαυτοῦ

2115 4945 2301 4999 στάσιν
2329 4946 2423 4999 καὶ
2444 4944 2621 5017 βάσιν,
2645 4946 2757 5009 καὶ,
2786 4943 2862 5008 ὡς
2894 4942 2960 4998 ἂν
2984 4942 3127 4996 εἴποι
3154 4960 3239 5006 τις
3280 4941 3686 5015 μεταφορικῶς,

2111 5037 2234 5100 τοὺς
2263 5038 2360 5109 τῆς
2390 5037 2567 5109 ψυχῆς
2615 5036 2781 5101 πόδας
2809 5036 2904 5090 καὶ
2946 5036 3014 5090 τά
3060 5036 3364 5107 ἐρείσματα
3404 5034 3686 5106 παρετρά-

2114 5146 2222 5198 πην
2255 5129 2318 5182 ἐκ
2340 5128 2439 5200 τῆς
2482 5129 2563 5193 εἰς
2590 5128 2679 5183 τὸν
2705 5127 2836 5181 Θεὸν
2865 5127 3077 5191 ἐλπίδος
3111 5127 3199 5181 διά
3226 5128 3327 5192 τὰς
3359 5125 3469 5179 τῶν
3506 5125 3687 5180 ἀθέων

2112 5220 2202 5273 καὶ
2258 5219 2471 5273 ἀσεϐῶν
2519 5217 2727 5291 ἀνδρῶν
2780 5216 3104 5289 εὐπραγίας.
3167 5216 3328 5271 Ἀλλά
3386 5216 3539 5288 παρὰ
3588 5231 3685 5285 μι-

2108 5312 2237 5385 κρὸν
2268 5312 2364 5385 μέν
2386 5311 2527 5367 τοῦτ’
2558 5310 2784 5363 ἐπαθοψ
2821 5309 2909 5364 διὰ
2959 5309 3015 5363 δὲ
3060 5310 3159 5379 τὴν
3202 5307 3297 5363 τοῦ
3339 5306 3475 5361 Θεοῦ
3522 5306 3685 5380 χάριν

2105 5406 2206 5458 οὐκ
2230 5404 2549 5475 ἐσαλεύθην,
2577 5402 2700 5456 οὐδὲ
2739 5400 3115 5473 κατεκράτησέ
3162 5416 3264 5473 μου
3302 5401 3331 5453 6
3363 5399 3684 5473 προλεχθεις

2106 5497 2360 5569 λογισμός
2385 5515 2397 5528 ·
2429 5498 2462 5569 ἣ
2516 5497 2625 5569 γὰρ
2663 5496 2731 5551 ἂν
2778 5495 3094 5566 ἀπωλόμην,
3133 5494 3226 5549 καὶ
3259 5495 3435 5549 πάντα
3469 5510 3573 5566 μου
3615 5493 3687 5547 τὰ

2102 5586 2415 5658 διαϐήματα
2449 5585 2683 5657 κέχυτο*
2720 5583 2854 5651 παρ’
2903 5585 3105 5655 ὀλίγον
3149 5583 3256 5655 γὰρ
3305 5582 3562 5651 ἐξεχύθη
3610 5581 3685 5636 τὰ

2077 5744 2096 5774 '
2122 5741 2289 5800 Marc.
2324 5760 2375 5809 ι,
2400 5741 2486 5797 18.
2564 5742 2608 5774 ’⁸
2645 5742 2773 5813 Sap.
2806 5757 2904 5806 vu,
2936 5740 3041 5809 26;
3072 5741 3235 5796 Hebr.
3271 5756 3309 5803 I,
3343 5741 3397 5796 ὖ.
3492 5813 3502 5820 η
