4056 6408
350 294 453 353 857

1459 289 1992 362 COMMENTAle
2036 291 2103 346 IN
2141 293 2466 349 PSALMOS

3523 301 3632 358 838

351 413 680 485 διαδήματὰ
711 431 850 482 μου,
881 413 940 464 ού
972 413 1078 484 μὴν
1135 412 1384 483 ἐξεχύθη.
1424 414 1656 484 Νοήσεις
1699 414 1754 466 δὲ
1794 415 1940 478 ὅπως

2046 426 2215 469 vitam
2243 416 2425 471 allecti
2459 425 2514 472 et
2547 420 2790 488 prolapsi
2822 417 2963 484 sint;
2995 431 3110 474 sive
3141 417 3307 474 etiam
3347 420 3565 490 penitus
3598 441 3638 488 ιι,

353 507 595 578 ἐκχεῖται
626 506 806 576 ψυχῆς
837 504 1168 576 ὀιαόήματα,
1204 506 1526 575 ἐπιστήσας,
1545 506 1619 570 ῶς
1655 506 1754 578 ήδη
1777 507 1941 570 τινὲς,

354 604 731 679 προκόψαντες
782 606 838 656 ὲν
884 604 1116 674 ἀσκήσει
1163 601 1492 664 θεοσεϐείας,
1524 602 1580 653 ἐν
1621 598 1945 672 σωφροσύνῃ

349 715 412 753 τε
443 699 538 752 καὶ
562 698 752 768 ἁγνείᾳ
793 695 1199 766 διαλάμψαντες
1250 696 1479 767 μακροῖς
1521 693 1752 764 χρόνοις,
1790 691 1945 746 ὕστε-

355 791 444 864 ρόν
474 808 602 844 ποτε
643 789 996 860 ὑπεσύρησαν
1037 787 1360 860 χαυνότερον
1393 785 1688 857 βιώσαντες
1714 786 1811 838 καὶ
1838 786 1946 837 ὀλι-

353 883 668 954 σθήσαντες,
703 882 737 953 ἢ
782 881 1061 945 παντελῶς
1091 879 1416 942 ἐκπεσόντες
1455 878 1548 933 τοῦ
1580 877 1807 941 σκοποῦ,
1847 878 1944 932 καὶ

348 972 539 1044 ὥσπερ
596 973 856 1042 ναυάγιον
904 972 1171 1034 παθόντες
1214 971 1323 1024 τῶν
1364 970 1529 1024 πάλαι
1586 969 1942 1042 συνηγμένων

348 1065 530 1128 αὐτοῖς
563 1063 784 1133 ἀγαθῶν
817 1063 1089 1135 πράξεων.
1133 1062 1351 1116 Τούτων
1395 1061 1503 1133 γάρ
1528 1062 1629 1115 οὐκ
1669 1062 1736 1114 ἂν
1766 1061 1944 1132 ἁμάρ-

347 1173 462 1219 τοις
501 1155 672 1209 εἰπὼν
720 1155 848 1216 τοὺς
882 1155 1048 1219 πόδας
1091 1154 1189 1224 τῆς
1238 1153 1416 1225 ψυχῆς
1451 1150 1842 1206 σεσαλεῦσθαι⁹
1879 1153 1940 1206 οὐ

351 1249 459 1321 μὴν
487 1248 624 1302 άλλά
679 1249 774 1300 καὶ
826 1246 982 1310 ὅλους
1038 1245 1412 1308 πεπτωκέναι,
1443 1245 1511 1298 τά
1542 1261 1600 1296 τε
1627 1243 1940 1315 διαδήματα

346 1341 526 1396 αὐτῶν
573 1340 667 1394 καὶ
720 1339 819 1402 τάς
854 1339 996 1393 κατά
1044 1339 1177 1392 Θεὸν
1237 1337 1464 1409 πορείας
1505 1337 1604 1406 τὴν
1647 1338 1705 1389 ἐν
1746 1334 1941 1408 μακρῷ

347 1433 526 1506 χρόνῳ
557 1432 839 1504 προκοπὴν
870 1430 1207 1503 άπορῤεῦσαι
1239 1431 1332 1484 καὶ
1378 1429 1728 1500 ἐκκεχῦσθαι.
1781 1426 1942 1480 Ἀλλά

344 1524 522 1578 ταῦτα
554 1525 655 1596 μὲν
695 1523 848 1593 παρά
887 1523 1101 1594 μικρὸν,
1138 1522 1323 1592 φησὶν,
1367 1521 1588 1580 ἔπαθον,
1623 1522 1682 1574 ού
1713 1519 1816 1591 μὴν
1844 1518 1938 1571 πέ-

343 1616 521 1671 πονθα
545 1616 632 1669 διὰ
659 1615 720 1668 τὸ
736 1615 830 1668 τοῦ
863 1613 999 1669 Θεοῦ
1037 1613 1201 1678 ἕλεος.
1233 1613 1376 1684 Πλὴν
1407 1613 1638 1684 ήμελλόν
1673 1629 1737 1682 γε
1764 1611 1938 1666 ταῦτα

344 1707 583 1778 πάσχειν
610 1705 700 1760 διά
733 1705 894 1777 ζῆλον
936 1705 995 1759 δν
1042 1704 1268 1776 ἐζήλουν
1294 1705 1386 1757 ἐπὶ
1407 1707 1520 1768 τοῖς
1551 1705 1773 1775 ἀνόμοις
1792 1703 1934 1775 ὁρῶν

339 1800 446 1872 τὴν
476 1802 698 1873 εἰρήνην
725 1799 904 1853 αὐτῶν
938 1800 1034 1853 καὶ
1073 1799 1172 1868 τήν
1204 1800 1262 1851 ἐν
1293 1797 1508 1868 πλούτῳ
1535 1796 1629 1850 καὶ
1651 1799 1850 1869 τρυφῇ,
1879 1794 1935 1849 ἕν
1967 1782 2009 1836 Β

335 1913 402 1950 τε
435 1898 626 1968 ἀρχαῖς
655 1897 749 1950 καὶ
799 1895 1106 1966 ἀξιώμασιν
1142 1892 1460 1965 εὐημερίαν.
1493 1892 1587 1955 El;
1625 1891 1802 1956 causa
1826 1888 1936 1961 γὰρ

337 1987 568 2060 ἀφορῶν
597 1987 940 2058 διεπριόμην,
962 1985 1036 2049 ὡς
1062 1981 1261 2057 μικροῦ
1290 1982 1399 2036 δεῖν
1421 1979 1759 2036 κινδυνεῦσαι
1784 1996 1941 2051 περι-

335 2083 532 2134 πεσεῖν
564 2079 746 2144 ἀθέοις
769 2079 1047 2149 λογισμοῖς
1066 2096 1078 2107 ·
1109 2070 1189 2140 οἷς
1218 2074 1278 2128 οὐ
1309 2073 1704 2146 περιπέπτωκα
1729 2071 1936 2142 δόγμα-

337 2185 433 2225 σιν
487 2169 668 2242 ὀρθοῖς
724 2169 1194 2242 θεραπευόμενος,
1257 2168 1370 2228 τοῖς
1431 2164 1939 2235 ὑπομιμνήσκουσιν

341 2261 552 2330 ἀγαθὸν
574 2256 713 2314 εἶναι
749 2263 836 2315 τὸν
880 2259 1011 2313 Θεὸν
1049 2259 1143 2313 καὶ
1174 2255 1496 2321 ἀνεξίκακον
1534 2254 1628 2308 καὶ
1661 2253 1938 2326 μακρόθυ-

348 2374 466 2426 μον.
505 2355 705 2427 Διόπερ
726 2353 1163 2424 ἐκπληττόμενος
1193 2349 1357 2406 αὐτοῦ
1394 2349 1490 2404 καὶ
1535 2347 1939 2418 ἀποθαυμάζων

342 2446 443 2517 τὴν
475 2446 778 2519 ὑπερϐολὴν
811 2446 908 2516 τῆς
939 2443 1295 2513 ἀγαθότητος,
1331 2437 1483 2494 εἷπον
1512 2438 1814 2511 ἀρχόμενος
1843 2436 1937 2490 τοῦ

342 2539 507 2606 λόγου
531 2557 544 2570 ·
571 2540 666 2606 Ὡς
689 2537 912 2607 ἀγαθὸς
927 2536 1007 2601 τῷ
1039 2533 1287 2603 Ἰσραὴλ
1321 2535 1353 2586 ὀ
1386 2530 1552 2596 Θεὸς,
1585 2530 1711 2596 τοῖς
1732 2528 1937 2583 εὺθέσι

345 2628 421 2698 τῇ
441 2629 672 2696 καρδίᾳ.
719 2627 864 2680 Ἀντὶ
891 2626 946 2678 δὲ
975 2624 1088 2680 τοῦο
1135 2625 1228 2690 Ὠς
1253 2622 1505 2692 ἀγαθὸς,
1535 2622 1563 2674 ό
1617 2619 1931 2690 Σύμμαχοςο

2047 523 2216 578 sc0po
2247 508 2572 575 defecerint,
2598 517 2652 566 et
2678 510 2836 586 quasi
2869 509 3218 582 naufragium
3248 511 3303 566 in
3327 511 3488 568 bonis
3512 513 3629 582 jam

2048 598 2296 658 collectis
2328 603 2587 672 cperibus
2640 602 2892 659 fecerint.
2934 601 3046 659 Hos
3089 603 3136 658 si
3170 604 3402 674 pedibus
3433 606 3632 660 animus

2046 703 2354 750 commotos
2383 695 2624 763 dixeris;
2666 695 2776 751 imo
2806 711 2936 752 vero
2981 696 3029 750 si
3064 696 3285 766 penitus
3316 697 3628 767 prolapsos,

2046 791 2211 854 atque
2270 801 2495 856 gressus
2542 801 2757 854 eorum,
2798 787 3232 858 diuturnumque
3290 787 3346 842 in
3398 789 3484 844 via
3533 788 3632 844 Dei

2045 875 2351 946 profectum
2388 877 2676 932 vacillasse
2722 884 2779 932 et
2813 877 3045 932 effusum
3080 891 3205 933 esse
3251 876 3627 944 ailirmaveris,

2044 968 2363 1038 neutiquam
2399 969 2644 1024 aberres.
2688 967 2794 1024 Sed
2832 969 2967 1033 haec,
3006 969 3203 1040 inquit,
3237 968 3351 1024 fere
3390 967 3588 1041 perlbli
3611 988 3662 1037 ;~

2045 1075 2144 1114 nec
2169 1061 2364 1131 pertuli
2390 1071 2570 1117 tamen
2603 1077 2700 1132 per
2738 1062 3175 1118 misericordiam
3208 1061 3325 1118 Dei.
3357 1063 3628 1118 Caeterum

2043 1153 2180 1206 tanti
2202 1154 2335 1208 mihi
2367 1155 2595 1224 periculi
2632 1155 2687 1209 in
2714 1169 2882 1209 causa
2917 1154 3020 1209 fuit
3057 1155 3206 1211 zelus
3232 1171 3340 1226 quo
3407 1155 3629 1227 iniquo-

2042 1260 2163 1299 rum
2200 1259 2370 1299 causa
2409 1245 2772 1312 accendebar,
2811 1246 2941 1300 dum
2974 1247 3217 1302 viderem
3254 1263 3445 1318 pacem
3477 1250 3626 1320 ipso-

2041 1351 2189 1400 rum,
2226 1352 2444 1392 necnon
2472 1352 2662 1393 eorum
2695 1337 2751 1391 in
2780 1336 3012 1404 divitiis,
3041 1338 3349 1408 voluptate,
3377 1339 3629 1394 domina-

2041 1434 2123 1494 tu,
2160 1428 2520 1500 dignitatibus
2554 1432 2895 1491 felicitatem.
2947 1433 3074 1490 Haec
3112 1435 3416 1506 respiciens
3457 1432 3629 1488 disse-

2041 1521 2232 1587 cabar,
2297 1523 2372 1577 ita
2427 1534 2484 1580 ut
2530 1541 2668 1596 pene
2718 1527 2774 1582 in
2833 1528 3033 1598 impias
3099 1527 3210 1582 labi
3264 1526 3629 1598 cogitationes

2039 1611 2384 1682 periclitarer
2425 1635 2438 1671 :
2478 1615 2530 1670 in
2564 1633 2704 1688 quas
2743 1627 2951 1684 tamen,
2987 1620 3154 1675 rectis
3184 1618 3432 1674 firmatus
3468 1617 3628 1672 insti-

2041 1704 2198 1770 tutis,
2236 1704 2402 1761 Deum
2437 1708 2644 1764 bonum
2697 1711 2995 1781 patientem
3041 1718 3097 1767 et
3143 1711 3471 1767 tolerantem
3503 1724 3629 1766 esse

2038 1800 2551 1866 commonentibus,
2610 1803 2930 1873 neutiquam
2985 1801 3186 1857 decidi.
3259 1799 3626 1868 Quamobrem

2039 1888 2466 1957 praecellentia":
2525 1891 2789 1949 bonitatis
2839 1893 3014 1963 ipsius
3050 1893 3353 1959 demirans,
3405 1906 3470 1948 ac
3511 1899 3630 1947 stu-

2040 1994 2197 2050 pens,
2225 1981 2304 2035 sic
2335 1996 2646 2038 sermonem
2672 2001 2834 2042 orsus
2866 2002 2986 2042 sum
3014 2003 3030 2042 :
3064 1985 3238 2052 Quam
3266 1984 3431 2038 bonus
3455 1982 3629 2038 Israel

2043 2069 2208 2137 Deus,
2245 2075 2401 2128 rectis
2430 2075 2627 2130 corde!
2676 2075 2782 2132 Pro
2806 2078 2901 2132 illo
2941 2084 3124 2133 autem
3159 2094 3172 2131 :
3204 2076 3380 2144 Quam
3424 2074 3625 2138 bonus;

2043 2160 2408 2233 Symmachus
2437 2186 2451 2222 :
2479 2165 2641 2234 Sane,
2668 2168 2866 2240 inquit,
2906 2185 3021 2224 vere
3050 2169 3214 2224 bonus
3240 2168 3382 2223 Deus
3408 2166 3625 2236 Israeli,

2038 2257 2186 2326 puris
2225 2259 2402 2314 corde.
2445 2257 2584 2326 Quis
2621 2275 2752 2317 vero
2781 2270 2930 2320 esset
2963 2262 3130 2320 Israel
3152 2263 3240 2319 his
3268 2261 3468 2318 additis
3501 2278 3630 2320 ver~

2040 2351 2128 2406 bis
2177 2351 2501 2416 declaravit,
2531 2355 2679 2423 puris
2723 2357 2900 2412 corde.
2936 2355 3014 2410 Illi
3049 2371 3287 2426 namque
3308 2371 3436 2411 vere
3460 2355 3629 2411 Israel

2042 2443 2204 2503 sunt;
2239 2453 2412 2508 quare
2444 2453 2475 2492 a
2503 2437 2796 2496 Servatore
2818 2456 3040 2510 quoque
3064 2439 3275 2496 dictum
3307 2447 3392 2494 est
3423 2457 3436 2494 :
3473 2437 3629 2494 Beati

2039 2528 2237 2583 mundo
2289 2531 2466 2595 corde,
2519 2533 2771 2602 quoniam
2802 2533 2906 2602 ipsi
2941 2533 3108 2588 Deum
3137 2532 3448 2588 videbunt”
3483 2549 3500 2588 :
3547 2529 3629 2589 ls-

2042 2620 2156 2676 rael
2183 2630 2362 2677 autem
2381 2621 2558 2676 uidens
2592 2621 2759 2677 Deum
2782 2625 3105 2694 explicatur.

347 2721 524 2790 Πλὴν
593 2719 799 2784 ὅντως,
841 2719 1027 2790 φησιν,
1076 2715 1301 2786 ἀγαθὸς
1342 2716 1374 2768 ό
1417 2711 1563 2778 Θεὸς
1605 2711 1684 2777 τῷ
1721 2711 1981 2779 Ἰσραὴλ,
2021 2713 2148 2778 τοῖς
2179 2713 2461 2782 καθαροῖς
2496 2713 2612 2783 τὴν
2627 2715 2900 2782 καρδίαν.
2934 2717 3256 2789 Παρέστησε
3289 2724 3398 2790 γάρ
3420 2717 3504 2782 τίς
3538 2715 3626 2792 εἴη

346 2815 375 2865 ὁ
415 2811 651 2883 Ἰσραὴλ,
675 2809 1012 2878 ὲπισυνάψας
1035 2806 1129 2860 καὶ
1154 2804 1347 2867 εἰπὼν,
1378 2803 1502 2870 τοῖς
1569 2802 1853 2870 καθαροῖς
1877 2801 1992 2870 τὴν
2032 2804 2305 2872 καρδίαν.
2361 2800 2521 2861 Οὗτοι
2560 2807 2669 2879 γάρ
2706 2808 2846 2860 εἰσιν
2888 2810 2916 2862 ό
2960 2807 3212 2878 ἀληθινὸς
3271 2809 3517 2881 Ἰσραήλ·
3547 2807 3628 2862 διὸ

348 2901 567 2970 ἐλέγετο
595 2902 690 2955 καὶ
716 2901 821 2954 ὑπὸ
845 2899 938 2952 τοῦ
975 2896 1262 2967 Σωτῆροςο
1293 2893 1583 2962 Μακάριοι
1640 2896 1694 2948 οἱ
1749 2894 1995 2963 καθαροὶ
2027 2894 2102 2964 τῇ
2149 2897 2382 2966 καρδίᾳ,
2438 2897 2528 2952 ὅτι
2589 2902 2757 2955 αὐτοὶ
2798 2901 2907 2956 τὸν
2958 2899 3108 2955 Θεὸν
3153 2900 3439 2969 ὄψονται·
3479 2901 3628 2955 καὶό

361 2995 579 3066 Ἰσραὴλ
604 2994 660 3046 δὲ
692 2991 848 3062 ὀρῶν
881 2992 990 3045 τὸν
1024 2989 1173 3043 Θεὸν
1201 2986 1581 3059 ἑρμηνεύεται.

418 3111 540 3162 Ὀτι
561 3111 672 3162 οὐκ
695 3107 866 3161 ἐστιν
900 3105 1231 3170 ἀνάνευσις
1269 3102 1338 3156 ἐν
1358 3099 1436 3168 τῷ
1457 3100 1692 3165 θανάτῳ
1711 3101 1930 3168 αὐτῶν,

2114 3102 2277 3160 Vens.
2303 3101 2426 3158 4-9.
2447 3101 2590 3170 Quia
2619 3119 2722 3158 non
2750 3112 2828 3157 est
2857 3109 3121 3173 respectus
3153 3101 3312 3156 morti
3341 3117 3544 3166 eorum,
3576 3111 3627 3158 et

344 3202 445 3256 καὶ
481 3198 786 3269 στερέωμα
830 3199 900 3251 ἐν
939 3197 1015 3266 τῇ
1049 3195 1300 3266 μάστιγι
1337 3191 1556 3248 αὐτῶν.
1605 3195 1701 3248 Ἐν
1728 3194 1939 3260 κόποις

343 3291 673 3361 ἀνθρώπων
703 3292 815 3344 οὐκ
864 3289 1007 3356 εἰσὶ,
1037 3288 1135 3342 καὶ
1169 3287 1320 3358 μετὰ
1365 3283 1693 3352 ἀνθρώπων
1727 3287 1800 3340 οὺ
1825 3301 1939 3353 μα-

343 3377 839 3450 στιγωθήσονται.
898 3379 1001 3431 Διὰ
1030 3376 1206 3432 τοῦτο
1260 3376 1596 3447 ἐκράτησεν
1635 3375 1860 3442 αὐτοὺς
1896 3375 1936 3442 ἠ

343 3469 728 3540 ὑπερηφανία
777 3471 865 3536 εις
908 3468 1102 3534 τέλος.
1152 3467 1240 3532 Ὠς
1271 3467 1330 3521 ἐν
1365 3467 1577 3540 ἱστορίᾳ
1605 3465 1937 3538 διεξέρχεται

340 3565 412 3620 τά
443 3561 756 3635 ταράξαντα
788 3558 955 3614 αὑτοῦ
989 3561 1088 3631 τήν
1114 3559 1312 3631 ψυχὴν,
1351 3559 1437 3614 ἵνα
1469 3559 1709 3631 γνῶμεν,
1747 3561 1830 3614 ὅτι
1861 3558 1938 3630 μὴ

345 3656 440 3710 ἐπὶ
468 3658 684 3727 μικροῖς
705 3653 1073 3724 ὲσαλεύθησαν
1102 3653 1270 3706 αὑτοῦ
1305 3654 1355 3705 οι
1385 3653 1543 3717 πόδες
1569 3655 1697 3724 παρ’
1721 3652 1900 3720 ὀλίγον
1919 3668 1932 3681 ι

349 3746 486 3819 μηδὲ
528 3745 622 3798 ἐπὶ
641 3748 752 3808 τοῖς
785 3743 1039 3813 τυχοῦσιν
1069 3742 1301 3813 ήμελλον
1332 3741 1525 3796 ἑαυτοῦ
1555 3741 1834 3812 ἐκχεῖσθαι
1867 3739 1937 3793 τά

343 3838 682 3910 διαδήματα.
725 3835 861 3888 Τίνα
890 3835 948 3895 δὲ
979 3830 1280 3906 ῆνταῦτας
1315 3835 1378 3887 Οἱ
1425 3833 1641 3897 ἀσεϐεῖς
1692 3832 1787 3886 καὶ
1845 3831 1936 3886 τὸν

343 3930 481 3986 Θεὸν
509 3929 608 3983 οὐκ
639 3927 860 3990 εἰδότες,
891 3924 1056 3988 οὕτω,
1091 3925 1276 3994 φησὶν,
1303 3924 1362 3979 ἐν
1391 3923 1681 3995 εὐπαθείᾳ
1709 3923 1826 3993 βίου
1839 3923 1935 3977 καὶ

344 4020 640 4094 θυμηδίαις
686 4019 911 4090 διῆγον,
971 4015 1068 4069 καὶ
1131 4014 1323 4086 μέχρις
1375 4014 1611 4085 ἐσχάτης
1676 4011 1936 4081 τελευτῆς

343 4111 617 4184 τοσαύτης
655 4109 936 4181 ἀπήλαυον
980 4108 1214 4181 τρυφῆς,
1243 4107 1319 4171 ῶς
1352 4107 1445 4160 καὶ
1487 4103 1648 4159 πάνθ’
1693 4101 1936 4157 ὁντινοῦν

345 4204 608 4273 εὔξασθαι
634 4201 742 4256 τῶν
765 4200 896 4254 ἴσων
925 4200 1109 4263 αὐτοῖς
1139 4199 1341 4269 τυχεῖν,
1381 4195 1622 4269 ζηλῶσαί
1655 4211 1715 4248 τε
1758 4194 1936 4248 αὐτῶν

343 4298 407 4352 οὐ
444 4295 606 4368 μόνον
659 4293 758 4366 τὴν
791 4291 957 4364 ζωὴν,
983 4289 1119 4346 ἀλλά
1145 4291 1239 4344 καὶ
1284 4288 1377 4342 τὸν
1417 4287 1670 4350 θάνατον,
1711 4285 1772 4338 ὃν
1812 4285 1935 4338 οὐδὲ

346 4387 787 4460 παραιτήσασθαι
804 4386 930 4456 ἐξῆν
951 4384 1072 4438 οὑδέ
1086 4381 1359 4437 ἀπευκτὸν
1387 4376 1719 4452 ἡγήσασθαι.
1748 4376 1936 4442 Οὕτως

345 4481 446 4536 οὐκ
480 4475 550 4552 ἦν
607 4478 896 4540 ἀνάνευσις
929 4478 986 4529 ἐν
1031 4474 1109 4545 τῷ
1140 4473 1354 4544 θανάτῳ
1388 4473 1588 4526 αὐτῶν.
1632 4470 1795 4525 Ἀλλά
1839 4472 1936 4524 καὶ
1967 4466 2012 4522 D

347 4577 395 4628 εί
429 4572 628 4644 συνέϐη
688 4571 817 4624 ποτέ
872 4570 1096 4640 μάστιγι
1128 4567 1222 4621 καὶ
1256 4566 1461 4638 πληγῇ,
1488 4563 1736 4618 τουτέστι
1776 4581 1933 4636 περι-

350 4667 536 4722 στάσει
583 4663 676 4718 καὶ
726 4662 982 4734 συμφορᾷ
1022 4656 1558 4732 περιπεσεῖνναύτῶν
1611 4673 1756 4721 τινα,
1803 4655 1837 4726 ἢ
1877 4655 1936 4708 ἐν

346 4763 524 4824 νόσοις
557 4755 911 4826 ἐξετασθῆναι
939 4753 1036 4808 καὶ
1056 4751 1301 4825 ζημίαις,
1325 4752 1427 4805 οὐκ
1455 4747 1522 4822 ἦν
1559 4748 1846 4822 στερέωμα
1877 4750 1936 4802 ἐν

345 4856 414 4926 τῇ
446 4855 669 4925 μάστιγι
698 4848 899 4904 αὐτῶν.
937 4847 1012 4900 οὐ
1037 4844 1146 4916 γάρ
1176 4844 1374 4915 στερεά
1406 4860 1488 4907 τις
1519 4838 1587 4914 ῆν
1609 4842 1705 4896 καὶ
1738 4842 1934 4912 ἐπίμο-

350 4961 437 5009 νος
457 4945 492 5017 ή
526 4944 645 4998 κατ’
680 4939 860 4997 αὐτῶν
890 4937 1071 5009 πληγή
1095 4954 1108 4966 ·
1143 4934 1368 5008 βραχεῖα
1393 4933 1452 4987 δέ
1472 4951 1554 4998 τις
1593 4934 1689 4989 καὶ
1722 4931 1783 4996 ἐξ
1813 4933 1935 4984 ἐπι-

350 5035 518 5107 πολῆς
546 5032 992 5107 παρατρέχουσα.
1037 5027 1170 5081 Οὐδὲ
1203 5029 1261 5080 ἐν
1291 5025 1484 5088 κόποις
1520 5025 1577 5077 δὲ
1629 5021 1936 5095 ἀνθρώπων

352 5125 692 5199 ὲξητάζοντο,
721 5121 1125 5193 γεωπονοῦντες
1153 5118 1250 5171 καὶ
1268 5116 1366 5187 τὴν
1385 5114 1588 5186 τροφὴν
1609 5116 1717 5168 ἀπὸ
1736 5113 1935 5186 χειρῶν

351 5217 716 5290 ποριζόμενοι,
768 5214 927 5284 πενίᾳ
971 5229 1031 5266 τε
1080 5207 1575 5282 κατατρυχόμενοι’
1627 5207 1935 5260 τούναντίον

352 5311 404 5364 δέ
429 5309 643 5380 πλούτῳ
659 5305 1075 5379 περιρρεόμενοι
1095 5297 1515 5372 καθηδυπάθουν
1536 5297 1930 5370 ἐντρυφῶντες,

347 5403 442 5456 καὶ
473 5401 636 5474 μηδὲν
663 5401 848 5470 ὅμοιον
884 5397 1181 5467 πάσχοντες
1213 5395 1326 5456 τοῖς
1369 5391 1574 5454 λοιποῖς
1627 5390 1932 5462 ἀνθρώποις

349 5495 459 5555 τοῖς
488 5487 900 5562 μαστιζομένοις
933 5485 1169 5555 ἑκάστης
1214 5482 1427 5553 ἡμέρας
1457 5481 1523 5533 δι’
1547 5480 1804 5535 ἐπιπόνου
1840 5485 1934 5536 καὶ

354 5583 624 5655 μοχθηροῦ
672 5581 807 5651 βίου.
859 5578 956 5632 Διὸ
984 5577 1053 5631 ἐν
1089 5576 1255 5639 κόπῳ
1283 5572 1608 5642 ἀνθρώπων
1645 5575 1754 5626 οὐκ
1789 5576 1930 5636 εἰσὶ,

411 5741 454 5774 ’⁸
491 5742 678 5800 Matth.
713 5760 763 5813 ν,
797 5743 849 5798 8.

2041 3198 2434 3268 ﬁrmamentum
2464 3197 2521 3250 in
2551 3195 2712 3267 plaga
2746 3196 3006 3266 ipsorum.
3040 3193 3109 3250 In
3140 3193 3414 3250 laboribus
3453 3194 3627 3249 homi-

2041 3306 2166 3344 num
2199 3306 2302 3344 non
2333 3296 2455 3343 sunt
2487 3296 2538 3343 et
2573 3304 2692 3342 cum
2718 3287 3018 3342 hominibus
3055 3303 3160 3342 non
3190 3284 3624 3358 ﬂagellabunmr.

2041 3378 2170 3434 Ideo
2196 3380 2361 3434 tenuit
2381 3394 2468 3433 eos
2493 3377 2741 3448 superbia
2762 3378 2818 3432 in
2843 3378 3022 3447 ﬁnem.
3058 3374 3311 3432 Historia:
3341 3390 3491 3432 more
3506 3391 3628 3448 quas

2040 3471 2281 3526 arnimam
2331 3471 2558 3526 turbant
2604 3484 2760 3526 suam
2817 3475 3062 3534 enarrat,
3115 3475 3174 3522 ut
3223 3467 3466 3524 sciamus
3516 3483 3627 3524 non

2041 3579 2211 3636 parva
2241 3563 2309 3619 de
2341 3577 2511 3618 causa
2544 3576 2682 3632 pene
2714 3568 3023 3616 commotus
3067 3558 3189 3631 ejus
3224 3560 3412 3631 pedes,
3446 3574 3626 3629 neque

2039 3657 2111 3712 ob
2143 3671 2234 3713 res
2260 3656 2413 3727 parvi
2449 3655 2715 3711 momenti
2767 3669 2908 3725 pene
2956 3651 3158 3710 effusos
3187 3667 3414 3724 gressus
3448 3651 3626 3723 ipsius

2040 3748 2233 3806 fuisse.
2287 3749 2549 3814 Quasnam
2604 3747 2697 3802 illa
2748 3747 2947 3803 erant?
2981 3747 3162 3818 lmpii,
3215 3745 3414 3818 inquit,
3445 3753 3500 3801 et
3530 3745 3626 3817 qui

2039 3840 2210 3896 Deum
2241 3855 2352 3895 non
2383 3847 2605 3902 norant.
2637 3847 2749 3892 tam
2790 3838 2936 3895 felici
2971 3839 3094 3894 vitae
3125 3837 3383 3907 decinu,
3442 3844 3625 3908 tanta-

2038 3945 2147 3999 que
2205 3929 2484 3999 voluptate
2520 3926 2816 3998 degebant,
2880 3936 2934 3983 et
2970 3943 3146 3998 usque
3193 3928 3262 3983 ad
3316 3937 3623 3985 extremum

2037 4022 2164 4076 vitae
2211 4020 2442 4075 halitum
2495 4027 2576 4074 tot
2619 4018 2832 4074 deliciis
2855 4017 3201 4084 fruebantur,
3228 4026 3289 4073 ut
3317 4034 3479 4076 nemo
3507 4033 3617 4075 non

2039 4119 2251 4184 optaret
2296 4111 2448 4176 paria
2484 4111 2772 4181 consequi,
2801 4124 2866 4165 ac
2896 4124 3006 4164 non
3034 4109 3212 4164 solum
3245 4109 3369 4164 vitae
3400 4125 3618 4178 eorum,

2038 4203 2135 4260 sed
2171 4205 2337 4259 etiam
2389 4202 2551 4259 morti
2601 4202 2894 4267 invideret,
2961 4202 3056 4257 tali
3103 4202 3335 4268 scilicet,
3398 4201 3617 4273 qualem

2039 4297 2281 4353 abnuere
2310 4310 2373 4350 ac
2407 4295 2735 4352 horrendam
2782 4302 2976 4366 putare
3000 4293 3208 4349 nemini
3256 4293 3466 4351 liceret.
3526 4290 3620 4349 Sic

2039 4405 2149 4445 non
2197 4396 2319 4444 erat
2365 4395 2653 4460 respectus
2708 4386 2871 4442 morti
2927 4401 3137 4441 eorum.
3205 4383 3315 4441 Sed
3371 4385 3538 4441 etiam
3571 4386 3620 4441 si

2038 4481 2260 4552 quando
2289 4481 2634 4552 contingeret
2667 4495 2862 4535 eorum
2892 4478 3132 4549 aliquem
3188 4477 3245 4534 in
3299 4477 3511 4549 plagam
3566 4485 3622 4534 et

2041 4573 2340 4647 ﬂagellum,
2377 4573 2633 4628 videlicet
2658 4572 2715 4626 in
2737 4586 3038 4627 aerumnam
3063 4579 3118 4626 et
3139 4571 3506 4631 calamitatem
3537 4570 3621 4625 in-

2038 4663 2255 4731 cidere;
2291 4665 2406 4719 sive
2440 4663 2630 4718 morbo
2665 4661 2801 4717 allici
2831 4662 2918 4716 vel
2945 4660 3298 4724 detrimento,
3345 4676 3454 4716 non
3503 4671 3621 4716 erat

2039 4755 2445 4810 firmamentum
2494 4755 2549 4808 in
2610 4754 2768 4825 plaga
2825 4753 3090 4824 ipsorum.
3129 4750 3246 4807 Non
3281 4753 3424 4806 enim
3458 4751 3618 4806 ﬁrma

2040 4862 2481 4918 permanensque
2510 4846 2639 4900 talis
2674 4845 2921 4917 ipsorum
2945 4845 3101 4915 plaga
3129 4850 3279 4911 erat;
3320 4843 3413 4899 sed
3437 4843 3620 4900 brevis

2039 4941 2498 5011 superficiemque
2539 4939 2771 5010 carptim
2812 4938 3106 5008 attingens.
3135 4935 3325 5009 Neque
3371 4937 3504 4993 item
3562 4937 3619 4993 in

2038 5033 2320 5088 laboribus
2375 5031 2658 5086 hominum
2705 5030 3087 5095 versabantur,
3117 5035 3321 5084 terram
3365 5028 3617 5096 colendo,

2038 5127 2122 5182 vel
2163 5125 2420 5182 manibus
2448 5125 2655 5180 victum
2689 5123 2968 5194 parando;
3007 5137 3118 5177 non
3142 5121 3402 5193 pauperie
3433 5120 3618 5176 aﬂlicti

2037 5227 2229 5287 erant;
2253 5233 2442 5274 verum
2469 5232 2499 5272 e
2539 5216 2818 5272 contrario
2849 5214 3055 5271 divitiis
3093 5214 3399 5277 affluentes,
3435 5213 3489 5268 in
3523 5212 3620 5270 ἀει

2038 5312 2196 5367 licias
2229 5309 2715 5382 immergebantur,
2745 5306 2994 5378 nihilque
3023 5307 3375 5378 patiebantur
3401 5314 3462 5366 ut
3493 5305 3621 5360 reli-

2036 5404 2129 5475 qui
2152 5401 2425 5467 homines,
2457 5400 2550 5472 qui
2589 5399 2834 5472 quotidie
2884 5399 3160 5454 laboriosa
3199 5410 3620 5467 aerumnosaque

2035 5492 2145 5547 vita
2203 5498 2572 5546 macerantur.
2632 5489 2815 5556 Quare
2862 5489 2917 5542 in
2979 5487 3159 5543 labore
3205 5487 3478 5543 hominum
3514 5503 3620 5541 non

2035 5592 2181 5650 sunt,
2209 5592 2258 5637 et
2283 5599 2401 5636 cum
2423 5580 2720 5637 hominibus
2754 5597 2856 5636 non
2891 5579 3326 5650 ﬂagellabunmr.
3365 5577 3621 5651 Symma-
