4056 6392
402 309 508 363 859

1127 302 1397 360 EUSEBII
1428 299 1907 359 CESARIENSIS
1939 297 2093 356 OPP.
2128 296 2312 352 PARS
2348 295 2435 351 ill.
2467 327 2538 338 —
2569 295 2985 353 EXEGETICA.

3576 291 3720 347 84ορ

399 424 539 479 chus
565 429 746 476 autem
791 418 871 476 sic
904 418 1300 489 interpretatus
1322 424 1408 474 est
1441 436 1454 472 :
1483 416 1625 484 Quia
1648 433 1752 470 non
1775 415 1979 485 cogita-

2098 412 2182 465 καὶ
2220 412 2372 481 μετὰ
2417 410 2746 478 ἀνθρώπων
2775 411 2848 464 οὐ
2887 406 3468 477 μαστιγωθήσονται.
3521 405 3580 457 '0
3625 404 3686 459 δέ

399 517 530 571 bant
557 515 621 569 de
641 522 807 567 morte
840 529 858 566 :
885 513 1045 582 ﬁrma
1075 527 1298 582 namque
1324 520 1476 566 erant
1498 509 1756 564 vestibula
1775 522 1987 571 eorum;

400 623 466 663 ac
487 607 750 676 deinceps
777 623 789 658 :
813 602 880 658 In
905 605 1144 667 miseria,
1163 603 1363 673 inquit,
1387 603 1489 657 uiri
1506 617 1610 656 non
1626 608 1801 662 erant,
1828 614 1990 670 neque

400 715 518 754 cum
546 697 848 752 hominibus
898 695 1350 766 percutiebantur.
1387 694 1528 761 Quia
1560 694 1729 765 igitur
1783 691 1882 746 tali
1933 691 1989 745 in

401 790 718 846 conditione
749 791 931 853 erant,
963 789 1082 841 ideo
1109 787 1278 840 tenuit
1305 803 1392 841 eos
1424 785 1690 851 superbia.
1722 783 1859 839 Cum
1891 798 1992 853 par

400 885 602 942 fuisset
634 883 803 947 enim,
837 889 897 938 ut
948 883 1028 936 illi
1071 898 1199 939 vere
1254 880 1429 952 impii,
1459 879 1762 936 secundum
1795 877 1991 932 huma-

401 991 532 1031 num
561 973 838 1046 cogitandi
870 990 1102 1039 morem,
1136 973 1441 1045 condignas
1468 972 1845 1044 impietatibus
1872 985 1991 1042 poe-

399 1082 504 1122 nas
539 1067 786 1131 luerent;
837 1065 916 1119 illi
961 1073 1112 1120 certe
1144 1065 1200 1119 in
1230 1064 1444 1120 deliciis
1472 1064 1600 1119 vita:
1627 1061 1992 1118 versabantur

402 1157 534 1213 dum
573 1155 686 1212 Deo
719 1156 921 1212 bellum
951 1163 1256 1212 moverent.
1297 1155 1483 1222 Quare
1523 1155 1652 1211 dum
1689 1161 1992 1208 attereren-

401 1255 496 1304 tur
525 1247 723 1318 seipsis
753 1247 970 1318 pejores
999 1248 1328 1311 evadebant,
1355 1256 1404 1301 et
1455 1247 1623 1316 operti
1646 1253 1769 1300 sunt
1792 1242 1962 1314 iniqui
1973 1270 1994 1284 ο

404 1347 512 1393 tate
545 1347 595 1392 et
623 1339 896 1407 impietate
918 1353 1052 1401 sua;
1086 1352 1186 1408 pro
1219 1354 1331 1409 quo
1351 1335 1717 1409 Symmachus
1746 1354 1759 1390 :
1795 1334 1993 1404 Super-

404 1428 516 1494 bia,
551 1429 752 1499 inquit,
789 1428 967 1482 induti
999 1437 1143 1493 sunt,
1174 1429 1332 1499 quasi
1361 1429 1553 1483 horrea
1597 1441 1663 1481 ea:
1707 1425 1993 1495 iniquitate

405 1521 675 1577 habentes.
713 1521 794 1576 Ad
829 1521 946 1576 haec
1003 1529 1183 1576 autem
1219 1541 1231 1576 :
1269 1521 1518 1576 Prodibit
1544 1521 1701 1593 quasi
1742 1536 1809 1574 ea:
1839 1518 1993 1588 adipe

405 1613 663 1684 iniquitas
695 1629 900 1667 eorum.
938 1611 1115 1681 Cujus
1151 1612 1257 1668 loci
1295 1613 1586 1668 clariorem
1622 1613 1819 1668 extulit
1851 1629 1994 1668 sen-

404 1707 632 1761 tentiam
653 1703 1019 1777 Symmachus
1047 1703 1133 1759 his
1156 1704 1340 1761 verbis
1366 1725 1380 1760 :
1410 1704 1762 1760 Prociderunt
1777 1720 1844 1760 ea:
1866 1706 1990 1776 pin-

403 1798 626 1870 guedine
655 1799 796 1852 oculi
827 1815 1009 1854 eorum
1050 1798 1343 1854 :similiter
1369 1798 1568 1870 Aquila
1600 1803 1993 1872 interpretatus

403 1899 491 1948 est
524 1890 718 1947 dicens
757 1909 770 1945 :
803 1889 1067 1946 Exierunt
1100 1890 1165 1945 ab
1197 1889 1352 1960 adipe
1379 1891 1521 1946 oculi
1543 1908 1752 1946 eorum.
1780 1893 1994 1948 Praiter

403 1987 522 2043 haec
561 1987 776 2058 inquit:
816 1986 1165 2042 Transierunt
1195 1987 1250 2040 in
1294 1987 1543 2057 aﬂ'ectum
1573 1986 1750 2040 cordis
1789 2003 1808 2041 :
1847 1966 1994 2059 cogi-

407 2085 648 2135 taverunt
671 2089 720 2134 et
744 2080 909 2134 locuti
941 2089 1066 2134 sunt
1097 2080 1153 2132 in
1181 2079 1464 2150 iniquitate
1489 2095 1508 2134 :
1540 2093 1662 2150 qua
1701 2078 1784 2135 sic
1820 2079 1994 2135 inter-

404 2179 657 2245 pretatur
687 2171 1057 2244 Symmachus
1086 2190 1098 2226 :
1133 2169 1511 2244 Prwtergressi
1535 2180 1658 2226 sunt
1683 2188 1801 2244 quia
1832 2188 1996 2243 appa-

406 2267 618 2329 rebant,
661 2264 820 2318 corde
870 2263 1174 2317 irridentes.
1207 2262 1343 2318 Nam
1388 2263 1508 2334 ipsa
1539 2278 1706 2334 opera
1737 2262 1833 2319 Dei
1873 2279 1996 2335 qua:

408 2359 657 2412 omnium
689 2357 868 2413 oculis
897 2357 1343 2428 conspiciuntur,
1375 2363 1430 2411 et
1481 2364 1668 2429 aperta
1700 2356 1998 2428 providen-

408 2451 500 2508 tiae
530 2449 800 2506 miracula
833 2448 1432 2521 pi'tetergrediehantur
1467 2467 1482 2504 :
1520 2463 1646 2504 cum
1674 2456 1857 2504 tamen
1889 2448 1996 2520 ipsi

408 2559 475 2601 ea
509 2543 882 2614 intelligerent
911 2549 968 2597 et
1001 2548 1298 2613 caperent;
1355 2541 1451 2598 sed
1476 2541 1547 2597 ob
1595 2541 1846 2596 stultitia:
1884 2541 1995 2597 vim

409 2636 716 2692 illudebant
746 2641 800 2690 et
821 2634 1154 2690 irridebant.
1184 2633 1414 2705 Insuper
1441 2633 1611 2689 locuti
1639 2642 1764 2688 sunt
1798 2633 1855 2687 in
1879 2649 1997 2687 ma-

406 2727 551 2791 litia,
576 2739 626 2782 et
654 2727 989 2798 iniquitatem
1014 2729 1068 2782 in
1098 2727 1368 2782 excelsum
1392 2726 1557 2780 locuti
1601 2733 1745 2781 sunt.
1784 2723 1994 2780 Posue-

407 2828 534 2874 runt
558 2818 610 2870 in
641 2815 832 2872 ctelum
865 2834 924 2873 os
949 2834 1126 2880 suum,
1155 2825 1206 2870 et
1231 2816 1414 2887 lingua
1441 2833 1625 2870 eorum
1663 2815 1909 2870 transivit
1942 2817 1998 2870 in

408 2919 572 2966 :erra.
618 2907 746 2966 Haec
775 2925 947 2981 porro
977 2908 1346 2980 Symmachus
1387 2907 1468 2962 sic
1514 2909 1812 2980 explicavit
1843 2927 1868 2963 :»
1892 2907 2000 2964 Lo-

405 3004 702 3074 quebantur
733 3017 853 3056 cum
889 3000 1062 3054 multa
1087 2999 1386 3064 calumnia,
1421 3008 1609 3054 contra
1631 2997 1897 3054 excelsum
1919 2999 1999 3053 lo-

2093 504 2389 575 Σύμμαχος
2403 503 2576 566 οὕτως
2593 503 2939 574 ἡρμήνευσεν
2955 517 2968 530 ·
2985 501 3115 552 ὀτι
3136 501 3247 553 οὐκ
3261 496 3684 567 ἐπθυμοῦντο,

2092 599 2223 667 περὶ
2248 597 2512 654 θανάτου
2533 614 2546 627 ο
2585 597 2800 665 στερεὰ
2824 595 2936 665 γὰρ
2953 590 3034 665 ἦν
3057 592 3131 646 τὰ
3153 592 3438 661 πρόπυλα
3461 589 3682 644 αὐτῶν·

2091 691 2187 744 καὶ
2219 691 2367 760 ἐξῆςο
2406 691 2503 744 Ἐν
2537 688 2926 756 ταλαιπωρίᾳ,
2958 687 3143 756 φησὶν,
3167 681 3388 751 ἀνδρὸς
3422 685 3534 736 οὐκ
3558 681 3687 751 ἑτέ·

2090 801 2292 847 νοντο,
2342 781 2485 837 οὐδὲ
2510 780 2662 852 μετὰ
2707 778 3035 847 ἀνθρώπων
3066 774 3483 840 ἐπλήσσοντο.
3528 774 3686 826 Ἐπεὶ

2092 873 2184 931 οὖν
2215 878 2272 928 ἐν
2303 874 2563 937 τοιούτοις
2599 869 2759 944 ἦσαν,
2787 870 2886 924 διὰ
2909 869 3084 922 τοῦτο
3103 865 3438 935 ἐκράτησεν
3462 863 3687 930 αὐτοὺς

2089 970 2130 1037 ἡ
2181 966 2580 1036 ὑπερηφανία.
2633 965 2764 1016 Δέον
2798 962 2906 1033 γὰρ
2956 959 3171 1022 ἀσεϐεῖς
3229 957 3424 1019 ὄντας,
3471 956 3597 1008 ὅσον
3628 957 3690 1009 ὲν

2093 1058 2455 1131 ἀνθρωπίνοις
2487 1056 2787 1125 λογισμοῖς,
2819 1052 3114 1122 τάπίχειρα
3153 1049 3382 1118 πάσχειν
3414 1049 3528 1109 τοῖς
3556 1047 3691 1100 ἀσε-

2093 1152 2364 1224 ϐήμασιν
2398 1151 2448 1202 οἱ
2476 1148 2532 1202 δὲ
2561 1144 2979 1217 κατενετρύφων
2995 1142 3092 1195 τοῦ
3113 1142 3228 1212 βίου
3259 1138 3685 1210 θεομαχοῦντες.

2093 1246 2170 1297 Δι’
2207 1243 2235 1296 ὃ
2272 1241 2677 1313 ἐπιτριϐόμενοι
2722 1237 2940 1310 χείρους
2982 1235 3189 1289 ἑαυτῶν
3238 1234 3548 1302 ἐγίγνοντο,
3589 1231 3690 1285 καὶ

2093 1333 2518 1404 περιεϐάλοντο
2591 1330 2832 1385 ἀδικίαν
2900 1328 2998 1381 καὶ
3069 1325 3353 1380 ἀσέϐειαν
3417 1321 3682 1378 ἑαυτῶν·

2095 1427 2212 1482 ἀνθ’
2240 1421 2300 1481 οὗ
2335 1427 2364 1478 ὁ
2402 1425 2724 1494 Σύμμαχος·
2761 1420 3211 1490 Ὑπερηςοανίαν,
3243 1417 3429 1486 φησιν.
3462 1413 3690 1485 ήμφιώ-

2093 1537 2308 1583 σαντο,
2355 1515 2670 1583 ἀποθήκας
2707 1513 2778 1578 ἐξ
2826 1513 3061 1577 ἀδικίας
3091 1513 3357 1579 ἔχοντες.
3404 1508 3526 1560 Ἔτι
3581 1505 3687 1579 μὴν

2095 1613 2232 1686 πρὸς
2251 1610 2483 1672 τούτοιςο
2531 1607 2953 1670 Ἐεελεύσεται
2992 1604 3072 1669 ὡς
3103 1603 3172 1655 ἐκ
3201 1601 3454 1665 στέατος
3486 1598 3526 1664 ἡ
3557 1598 3684 1652 ἀδι-

2096 1706 2198 1760 κία
2233 1701 2464 1757 αὐτῶνο
2501 1694 2561 1753 οὗ
2589 1699 2654 1774 δὴ
2683 1695 3026 1768 σαφεστέραν
3057 1697 3086 1748 ὀ
3117 1693 3414 1764 Σύμμαχος
3438 1690 3686 1744 ἀπέδωκε

2094 1799 2195 1870 τὴν
2233 1797 2470 1850 διάνοιαν
2498 1791 2696 1846 εἰπών·
2730 1789 3109 1859 Προέπιπτον
3131 1785 3251 1840 ἀπὸ
3285 1784 3688 1852 λιπαρότητος

2092 1894 2146 1945 οὶ
2175 1887 2467 1960 ὀφθαλμοὶ
2495 1883 2722 1939 αὐτῶνθ
2755 1882 2896 1936 καὶὸ
2926 1879 3156 1942 ’Δκύλας
3183 1877 3241 1931 δέ
3269 1875 3471 1946 ὁμοίως
3499 1875 3686 1945 ἡρμή-

2094 1999 2250 2037 νευσε
2277 1982 2483 2052 φήσας·
2519 1974 2810 2044 Ἐξῆλθον
2829 1972 2948 2029 ἀπὸ
2977 1970 3230 2036 στέατος
3251 1967 3544 2050 ῥφθαλμοὶ
3578 1968 3685 2019 αὺ-

2092 2076 2228 2131 τῶν.
2269 2071 2381 2129 Εἶτ’
2421 2073 2515 2127 ἐπὶ
2559 2070 2801 2132 τούτοιςο
2830 2065 3194 2134 Διήλθοσαν,
3231 2061 3418 2133 φησὶν,
3451 2063 3538 2125 είς
3562 2057 3687 2112 διά-

2095 2169 2266 2220 θεσιν
2295 2162 2562 2232 καρδίας,
2617 2157 3026 2226 διενοήθησαν
3087 2154 3186 2208 καὶ
3243 2151 3579 2232 ἐλάλησαν
3615 2149 3686 2202 ἐν

2095 2231 2380 2324 πονηρίᾳζ
2419 2255 2455 2309 ἃ
2479 2255 2574 2308 καὶ
2610 2250 2749 2306 αὐτὰ
2799 2253 2828 2304 ὁ
2863 2247 3159 2318 Σύμμαχος
3209 2231 3687 2316 ήρμήνευσενόῦ-

2093 2367 2202 2404 τω·
2243 2347 2610 2416 Παρέϐαινον
2647 2345 2720 2399 τὰ
2759 2343 3090 2413 φαινόμενα
3123 2336 3198 2408 τῇ
3264 2335 3474 2404 καρδίᾳ
3512 2348 3688 2387 κατα-

2090 2439 2460 2513 μωκώμενοι.
2513 2436 2625 2491 Καὶ
2669 2434 2779 2506 γάρ
2811 2432 2951 2487 αὐτὰ
2994 2431 3064 2485 τὰ
3095 2433 3208 2493 τοῖς
3240 2431 3458 2482 πάντων
3487 2425 3688 2494 ὀφθαλ-

2099 2537 2219 2607 μοῖς
2257 2530 2513 2604 ὁρώμενα
2547 2528 2684 2601 ἐργα
2728 2525 2820 2580 τοῦ
2863 2523 3024 2589 Θεοῦ,
3057 2524 3152 2578 καὶ
3192 2522 3262 2576 τὰ
3304 2520 3559 2593 προφανῆ
3589 2519 3689 2588 τῆς

2097 2626 2361 2698 Προνοίας
2409 2622 2665 2694 θαύματα
2713 2618 3044 2692 παρέϐαινον
3093 2608 3261 2680 οὗτοι,
3308 2613 3554 2674 νοοῦντες
3584 2609 3686 2681 μὲν

2098 2720 2194 2774 καὶ
2221 2717 2493 2779 συνιέντες
2513 2714 2671 2778 αὐτὰ,
2706 2709 3178 2783 καταμωκώμενοι
3201 2706 3258 2760 δὲ
3281 2705 3374 2758 καὶ
3401 2703 3691 2775 χλευάζον-

2097 2828 2188 2875 τες
2209 2810 2274 2863 δι’
2307 2805 2613 2879 ὑπερϐολὴν
2654 2804 2932 2866 ἀπονοίας.
2975 2803 3099 2854 Ἔτι
3129 2798 3235 2871 μὴν
3256 2795 3577 2864 ἐλάλησαν
3620 2794 3692 2848 ὲν

2099 2902 2378 2971 πονηρίᾳ,
2426 2899 2527 2954 καὶ
2580 2897 2823 2953 ἀδικίαν
2859 2898 2948 2961 εις
2995 2892 3060 2946 τὸ
3106 2892 3267 2960 ὕψος
3307 2889 3687 2959 ἐφθέγγοντο.

2103 2996 2353 3052 Ἔθεντό
2382 3009 2446 3048 τε
2493 2994 2581 3058 εις
2614 2991 2877 3060 οὐρανὸν
2914 2986 2978 3040 τὸ
3023 2986 3220 3054 στόμα
3257 2980 3484 3046 αὐτῶν,
3516 2980 3615 3034 καὶ
3652 2981 3694 3048 ὴ

406 3072 725 3168 quebantur.
781 3093 1084 3150 Posuerunt
1117 3094 1174 3147 in
1208 3092 1402 3146 caelum
1437 3108 1495 3147 os
1542 3109 1699 3147 suum
1743 3107 1762 3146 :
1813 3093 1994 3164 lingua

2098 3089 2352 3160 τλῶσσα
2403 3084 2604 3141 αὐτῶν
2640 3083 2892 3152 διῆλθεν
2927 3078 3027 3133 ἐπὶ
3058 3076 3168 3146 τῆς
3207 3076 3340 3147 γῆς.
3380 3075 3492 3129 Καὶ⁸
3521 3072 3694 3127 ταῦτα

409 3198 587 3244 autem
628 3203 811 3244 eorum
840 3186 1299 3242 obambulationes
1349 3185 1407 3241 in
1463 3194 1629 3240 terra.
1667 3184 1994 3254 Blasphema

410 3281 614 3352 quippe
662 3280 810 3335 dicta
856 3278 1202 3351 proici-entes
1227 3285 1426 3332 contra
1462 3275 1658 3343 Deum,
1686 3276 1847 3348 quasi
1882 3290 1994 3331 non

407 3373 638 3436 videret,
667 3388 845 3443 neque
873 3380 1123 3439 curaret;
1147 3371 1259 3426 imo
1306 3369 1467 3441 quasi
1493 3369 1726 3424 omnino
1753 3382 1865 3424 non
1899 3383 1997 3425 ex-

409 3464 650 3527 sisteret.
703 3464 1055 3535 iniquitatem
1089 3463 1147 3518 in
1199 3464 1480 3519 excelsum
1516 3461 1688 3517 locuti
1725 3467 1876 3526 sunt,
1932 3475 1998 3515 ac

409 3572 587 3628 usque
628 3558 697 3614 ad
739 3559 941 3614 uelum
974 3573 1038 3614 os
1072 3572 1234 3612 suum
1263 3555 1670 3622 extenderunt;
1722 3553 1829 3611 etsi
1858 3555 1998 3611 viles

409 3655 597 3704 essent
616 3656 671 3704 et
698 3649 942 3722 linguam
967 3662 1126 3704 suam
1153 3648 1208 3702 in
1230 3654 1378 3702 terra
1400 3645 1687 3702 haberent.
1713 3643 1840 3700 Haec
1861 3661 1996 3701 sane

409 3750 542 3796 sunt
574 3756 811 3812 quorum
843 3755 1012 3797 causa
1043 3755 1223 3796 meam
1252 3739 1426 3796 fateor
1478 3737 1890 3805 inﬁrmitatem;
1929 3751 1996 3792 ac

410 3830 563 3885 velut
594 3831 650 3884 in
694 3831 856 3902 cippo
891 3829 1300 3885 accusationem
1351 3827 1599 3885 inscribo
1631 3842 1831 3894 meam,
1864 3828 1995 3899 quia

393 3937 538 3992 pene
569 3923 700 3978 moti
719 3933 843 3977 sunt
871 3922 1024 3992 pedes
1049 3909 1172 3989 mei,
1205 3929 1255 3976 et
1290 3935 1419 3993 pene
1445 3921 1605 3992 θῇηεὶ
1629 3930 1754 3976 sunt
1781 3937 1996 3992 gressus

411 4014 535 4078 mei,
591 4015 717 4084 quia
765 4014 935 4070 τείσυὶ
979 4029 1137 4082 super
1173 4006 1406 4084 iniquos,
1446 4027 1629 4081 pacem
1659 4022 1998 4082 peccatorum

409 4107 612 4162 uidens.

2098 3185 2157 3238 δὲ
2205 3185 2234 3236 ὁ
2285 3179 2586 3252 Σύμμαχος
2629 3175 2803 3238 οὕτως
2853 3173 3226 3244 ἡρμήνευσεν·
3288 3165 3582 3222 Ἐλάλουν
3621 3166 3692 3220 ἐν

2098 3270 2302 3340 πολλῇ
2327 3267 2726 3338 συκοφαντίᾳ,
2740 3264 2845 3319 τοῦ
2862 3264 3060 3331 ὕψους
3075 3257 3702 3314 κατελὰλουν.Ἔτασ-

2096 3381 2220 3421 σον
2229 3367 2320 3429 εὶς
2335 3361 2598 3431 οὐρανὸν
2612 3359 2676 3412 τὸ
2695 3358 2891 3427 στόμα
2905 3353 3105 3409 αὐτῶν
3123 3369 3133 3380 ·
3152 3354 3190 3419 ’ἠ
3216 3351 3287 3406 δὲ
3307 3349 3558 3422 γλῶσσα
3583 3350 3691 3402 αὺ-

2101 3456 2221 3510 τῶν
2246 3452 2700 3523 περιπατήματα
2735 3450 2807 3503 ἐν
2833 3447 2910 3517 τῇ
2945 3446 3043 3517 τῇ.
3084 3446 3386 3517 Βλασφημα
3413 3441 3522 3513 γὰρ
3559 3456 3691 3512 προ-

2103 3548 2396 3620 φερόμενοι
2425 3547 2647 3617 ρήματα
2710 3540 2853 3596 κατὰ
2880 3540 2974 3594 τοῦ
3001 3539 3159 3602 Θεοῦ,
3191 3538 3266 3601 ὡς
3293 3537 3427 3608 μήτε
3452 3531 3690 3605 ὁρῶντος

2105 3645 2244 3715 μήτε
2299 3635 2757 3699 ἐπισκοποῦντος,
2819 3635 2956 3704 μήτε
3007 3630 3113 3703 μὴν
3156 3631 3278 3684 ὅλον
3333 3626 3691 3697 ὑπάρχοντος.

2103 3735 2315 3790 ἀδικίαν
2339 3735 2419 3796 εἰς
2441 3731 2502 3785 τὸ
2533 3729 2667 3800 ῦψος
2693 3726 2984 3798 ἐλάλησαν,
3013 3725 3108 3778 καὶ
3142 3723 3307 3795 μέχρι
3339 3720 3433 3774 τοῦ
3466 3715 3695 3790 ούρανοῦ

2103 3826 2368 3893 ἐξέτεινον
2401 3822 2611 3878 ἑαυτῶν
2629 3821 2690 3875 τὸ
2721 3819 2916 3891 στόμα·
2947 3817 3043 3872 καὶ
3069 3815 3248 3871 ταῦτα
3273 3812 3521 3869 ταπεινοὶ
3543 3810 3698 3872 ὄντες

2103 3921 2198 3974 κά).
2216 3919 2313 3990 τὴν
2342 3916 2594 3988 γλῶσσαν
2625 3913 2720 3967 ἐπὶ
2755 3913 2856 3983 τῆς
2897 3912 3002 3982 γῆς
3048 3910 3282 3982 ἔχοντες.
3318 3905 3487 3962 Ταῦτ’
3529 3899 3597 3975 ἦν
3629 3901 3696 3955 δι’

2101 4015 2138 4069 ἃ
2169 4011 2483 4084 ὡμολόγουν
2520 4007 2580 4062 τὸ
2623 4004 2864 4078 ἐμαυτοῦ
2898 4003 3089 4067 πάθος,
3128 4002 3246 4056 κατ’
3284 3995 3527 4070 ἐμαυτοῦ
3574 4010 3700 4065 στη-

2103 4106 2328 4161 λιτεύων
2361 4101 2637 4174 ἔγγραφον
2670 4096 3026 4167 κατηγορίαν,
3055 4095 3151 4148 καὶ
3170 4095 3252 4146 ὅτι
3284 4091 3447 4160 παρὰ
3479 4084 3702 4159 μικρὸν

409 4199 834 4268 ἐσαλεύθησαν
859 4201 914 4253 οἱ
981 4198 1162 4264 πόδες
1179 4215 1320 4268 μου.
1378 4195 1477 4250 καὶ
1537 4212 1658 4264 παρ
1707 4196 1919 4266 ὀλίγον
1971 4197 2232 4267 ἐξεχύθη
2276 4196 2348 4250 τὰ
2405 4188 2740 4260 διαϐήματά
2777 4204 2919 4257 μου,
2961 4186 3049 4239 ὅτι
3094 4183 3371 4250 ἐζήλωσα
3410 4180 3512 4234 ἐπὶ
3571 4173 3701 4244 τοῖς

413 4293 680 4363 ἀνόμοις,
704 4292 956 4362 εἰρήνην
984 4289 1348 4362 ἁμαρτωλῶν
1375 4287 1630 4357 θεωρῶν.

484 4408 654 4464 Vens.
690 4407 777 4460 iO.
845 4403 973 4460 Ideo
1023 4405 1361 4459 'convertetur
1420 4401 1647 4471 populus
1705 4416 1853 4455 meus
1883 4400 1987 4467 hic,

2181 4395 2283 4448 Διὰ
2311 4389 2488 4444 τοῦτο
2520 4383 2872 4456 ἐπιστρέψει
2911 4386 2944 4436 ὁ
2971 4383 3122 4448 λαός
3145 4398 3267 4450 μου
3294 4380 3574 4444 ἐνταῦθα,
3597 4381 3698 4436 καὶ

412 4510 464 4557 et
495 4499 608 4553 tﬂes
637 4496 775 4567 pleni
797 4495 1128 4550 invenientur
1155 4495 1210 4548 in
1235 4495 1332 4549 eis.
1359 4493 1539 4548 Atliea
1567 4492 1662 4546 illa
1697 4492 1994 4562 impiorum

413 4594 562 4650 dicta
591 4597 646 4646 et
673 4603 864 4644 eorum
922 4587 1206 4659 superbia,
1262 4601 1385 4656 qua:
1419 4601 1602 4640 rerum
1658 4584 1996 4656 potiebatur,

415 4685 542 4740 talis
581 4688 702 4739 erat
735 4681 916 4752 qualis
947 4683 1384 4734 commonstrata
1432 4684 1538 4732 est.
1585 4675 1697 4732 Nec
1743 4677 2002 4748 ignoran-

415 4779 544 4834 dmn
564 4777 679 4832 ham
696 4777 812 4846 ipsa
830 4773 1032 4846 populo
1049 4787 1172 4827 meo
1199 4771 1252 4825 in
1282 4771 1485 4826 bonum
1509 4770 1768 4826 vertisse.
1790 4768 2000 4824 Etiam-

417 4873 464 4928 si
523 4871 669 4926 enim
721 4869 788 4923 ad
838 4865 1112 4938 quoddam
1155 4871 1370 4934 tempus
1412 4864 1650 4935 populus
1685 4878 1841 4918 meus
1896 4863 2001 4916 imo

415 4963 524 5036 piis
549 4961 658 5017 illis
682 4960 748 5014 ad
776 4967 1129 5030 peccatorum
1175 4955 1548 5025 expiationem
1586 4953 1824 5010 traditus
1861 4953 1934 5008 sit
1981 4969 1995 5005 :

417 5053 517 5110 sed
559 5049 808 5109 stultitiae
841 5062 1034 5104 eorum
1089 5046 1505 5117 exsuperantia,
1560 5059 1683 5114 qua:
1732 5044 1906 5100 ruina:
1935 5057 2000 5098 ac

419 5143 684 5218 perniciei
718 5140 854 5213 ipsis
885 5154 1050 5195 causa
1080 5137 1205 5202 fuit,
1237 5135 1558 5208 quiescendi
1592 5151 1657 5190 ac
1687 5133 1998 5205 respirandi

421 5239 601 5294 locum
628 5234 831 5306 papulo
852 5247 974 5286 meo
1004 5230 1178 5286 dabit.
1210 5227 1347 5283 Nam
1385 5244 1511 5283 cum
1540 5226 1618 5280 illi
1650 5226 1722 5281 ob
1746 5226 1999 5296 impieta-

422 5338 504 5385 tes
554 5341 687 5384 suas
741 5321 982 5395 prolapsi
1035 5319 1333 5392 perierint,
1371 5327 1702 5374 convertetur
1773 5316 1999 5386 populus

420 5437 561 5476 meus
600 5419 726 5482 hic;
765 5416 819 5472 id
849 5423 957 5480 est,
1007 5415 1063 5469 in
1097 5413 1354 5486 praesenti
1391 5411 1501 5466 vita
1546 5429 1560 5465 :
1611 5419 1661 5465 et
1703 5409 1813 5464 dies
1859 5407 2002 5486 pleni

419 5512 747 5569 invenientur
778 5509 836 5563 in
869 5507 982 5577 eis;
1019 5507 1074 5562 id
1105 5515 1213 5572 est,
1246 5507 1300 5561 in
1334 5506 1402 5561 iis
1433 5521 1464 5560 e
1497 5503 1704 5575 popqu
1737 5517 1861 5556 meo
1906 5485 1999 5572 qui

417 5605 571 5676 digni
603 5602 829 5659 iuerint.
878 5599 1006 5656 Dies
1033 5599 1182 5671 pleni
1225 5606 1409 5653 autem
1437 5603 1571 5652 sunt
1603 5595 1665 5659 ii,
1700 5595 1792 5665 qui
1821 5595 2000 5650 omnis

416 5696 543 5753 boni
576 5695 770 5766 repleti
798 5700 950 5760 sunt,
977 5699 1032 5746 et
1061 5691 1157 5762 qui
1187 5691 1398 5761 justum
1426 5689 1554 5744 vitze
1577 5689 1816 5760 spatium
1843 5700 2001 5742 como

417 5791 587 5863 plent.
619 5785 712 5842 Sic
740 5785 942 5841 alicubi
969 5783 1171 5840 dicitur
1203 5804 1215 5838 :
1279 5781 1527 5838 Mortuus
1561 5790 1639 5836 est
1671 5781 1857 5851 plenus
1889 5777 2000 5835 die—
2043 5851 2062 5859 ο

2104 4486 2319 4559 ἡμέραι
2350 4481 2606 4551 πλήρεις
2637 4477 3070 4548 εὑρεθήσονται
3113 4475 3184 4528 ὲν
3218 4473 3450 4540 αὐτοῖς.
3482 4474 3562 4526 Τὰ
3601 4476 3701 4545 μὲν

2104 4581 2240 4636 ἄθεα
2265 4576 2373 4631 τῶν
2431 4571 2643 4628 ἀσεϐῶν
2699 4572 2918 4643 ῥήματα
2964 4567 3058 4622 κού⁵
3087 4567 3120 4637 ἡ
3154 4566 3480 4637 κρατήσασα
3517 4565 3701 4620 αὐτῶν

2105 4669 2455 4744 ὑπερηφανία
2481 4665 2704 4736 τοιαύτη
2741 4680 2824 4726 τις
2842 4658 2910 4733 ἦν
2932 4661 3020 4714 οἵα
3043 4657 3361 4729 δεδήλωται.
3385 4657 3508 4728 Χρὴ
3541 4657 3598 4710 δέ
3623 4657 3698 4728 μὴ

2103 4767 2339 4834 ἀγνοεῖν,
2390 4762 2465 4825 ὼς
2498 4757 2643 4813 αὐτὰ
2684 4755 2859 4810 ταῦτα
2894 4753 3032 4826 πρὸς
3054 4750 3263 4820 ἀγαθοῦ
3293 4749 3584 4821 γεγένηται
3623 4747 3701 4817 τῷ

2105 4856 2224 4928 ἐμῷ
2250 4853 2388 4926 λαῷ.
2419 4854 2483 4908 Ei
2515 4851 2626 4922 γὰρ
2653 4848 2751 4903 καὶ
2789 4845 2860 4900 τὰ
2905 4845 3139 4916 μάλιστα
3171 4842 3309 4914 πρός
3331 4857 3453 4894 τινα
3505 4839 3700 4911 καιρὸν

2103 4949 2288 5010 αὐτοῖς
2322 4944 2552 5008 ἐκείνοις
2595 4942 2708 5004 τοῖς
2739 4936 2991 4992 ἀσεϐέσιν
3021 4935 3050 4987 ὀ
3087 4933 3222 5004 ἐμὸς
3265 4930 3393 4994 λαὸς
3423 4929 3700 5001 παρεδόθη

2103 5042 2186 5102 εἰς
2237 5036 2505 5110 ἔκπραξιν
2561 5031 3000 5107 ἁμαρτημάτων,
3037 5025 3154 5080 ἀλλ’
3201 5027 3236 5096 ή
3291 5020 3566 5094 ὑπερϐολὴ
3601 5023 3700 5092 τῆς

2101 5130 2210 5184 τῶν
2240 5126 2650 5201 προλεχθέντων
2677 5119 2958 5184 ἀπονοίας,
2997 5116 3205 5171 πτῶσιν
3235 5115 3420 5177 αὐτοῖς
3459 5114 3702 5183 ἐργασα-

2105 5220 2238 5293 μένη
2274 5217 2370 5272 καὶ
2407 5216 2629 5288 ὀλέθρου
2659 5211 2930 5283 γενομένη
2973 5209 3159 5272 αὐτοῖς
3179 5206 3350 5267 αίτία,
3381 5204 3566 5258 ἄνεσιν
3604 5203 3703 5255 καὶ⁹

2102 5314 2378 5384 ἀναπνοὴν
2431 5310 2510 5382 τῷ
2560 5308 2680 5381 ἐμῷ
2725 5306 2953 5378 παρέξει
2996 5302 3132 5374 λαῷ.
3183 5298 3557 5355 Ἐκπεσόντων
3589 5296 3703 5366 γὰρ

2101 5407 2324 5460 ἐκείνων
2361 5404 2455 5458 καὶ
2496 5400 2847 5472 ἀπολομένων
2878 5397 2968 5451 διὰ
3011 5395 3112 5459 τὰς
3150 5394 3361 5457 οἰκείας
3397 5389 3693 5455 ἀσεϐείας,

2102 5505 2136 5556 ό
2165 5500 2316 5566 λαός
2342 5515 2458 5567 μου
2508 5492 2864 5563 ἐπιστρέψει
2897 5489 3188 5552 ἐνταῦθα,
3229 5487 3509 5540 τουτέστιν
3537 5485 3598 5536 ὲν
3618 5479 3702 5550 τῷ

2100 5593 2332 5666 παρόντι
2359 5589 2461 5661 βίῳ
2478 5606 2492 5620 ·
2528 5586 2628 5642 καὶ
2654 5584 2862 5656 ἡμέραι
2895 5579 3150 5651 πλήρεις
3166 5576 3601 5647 εὑρεθήσονται
3628 5573 3701 5627 ἐν

2101 5683 2327 5750 αὐτοῖς,
2351 5679 2550 5754 δηλαδὴ
2584 5681 2698 5754 τοῖς
2743 5679 2802 5730 ὲν
2843 5675 2922 5747 τῷ
2951 5671 3070 5744 ἐμῷ
3098 5670 3213 5743 λαῷ
3242 5668 3431 5735 ἀξίοις.
3461 5667 3576 5736 mli;
3588 5682 3710 5744 pst;

2103 5779 2158 5832 δὲ
2188 5775 2396 5850 ἡμέραι
2421 5773 2557 5826 εἰσὶν
2579 5773 2632 5826 ai
2664 5769 2867 5834 παντὸς
2884 5765 3091 5837 ἀγαθοῦ
3129 5759 3581 5834 πεπληρωμέναι,
3603 5755 3700 5810 καὶ
