4056 6372
392 340 440 404 ⁷8
452 338 502 405 ιί

1529 336 2043 403 communem
2063 331 2140 402 'IN
2171 336 2514 406 'rs’a'Lnos.

3536 347 3645 404 8H.

401 469 494 522 τὸν
538 470 733 523 οἰκεῖον
771 468 956 539 χρόνον
1000 456 1096 538 τῆς
1139 466 1284 538 ζωῆς
1327 467 1760 538 αποπληροῦσαι.
1823 467 1974 522 Οὕτω

2083 487 2197 523 rum
2223 471 2261 522 ³.
2297 469 2445 524 Meus
2469 484 2598 538 ergo
2623 469 2854 538 populus
2887 468 2956 521 ab
2987 465 3055 521 iis
3085 464 3375 520 utilitatem
3407 463 3640 532 accepit.

399 562 646 616 λέλεκταί
690 579 813 624 που,
857 562 938 612 ὃτι
988 559 1298 628 Ἐκοιμήθη
1333 557 1570 625 πλήρης
1610 557 1864 627 ἡμερῶν.
1917 559 1976 611 '0

405 653 502 723 μὲν
547 649 640 706 οὖν
689 653 820 722 ἐμὸς
862 651 989 714 λαὸς
1023 653 1088 704 ἐκ
1117 649 1327 704 τούτων
1365 649 1669 720 ὠφέληται·
1699 651 1754 703 οἵ
1777 667 1840 718 γε
1869 651 1975 722 μὴν

401 743 787 814 προλεχθέντες
817 742 1033 806 ἀσεϐεῖς
1082 741 1178 794 καὶ
1216 740 1364 794 ἄθεοι
1391 739 1563 804 οὕτως
1599 740 1850 810 ἠσέϐουν,
1899 742 1976 806 ὡς

401 834 528 896 τοὺς
548 833 788 904 ὁρῶντας
837 834 1137 904 ἀμηχανεῖν
1179 832 1274 884 καὶ
1322 831 1528 900 λέγειν·
1565 831 1697 897 Πῶς
1747 833 1900 903 ἔγνω
1941 837 1976 889 ό

402 923 566 988 Θεὸς,
617 923 713 976 καὶ
745 925 798 976 el
829 923 962 976 ἔστι
998 921 1222 993 γνῶσις
1257 922 1328 976 ἐν
1349 920 1429 988 τῷ
1465 922 1750 990 Tyriam);
1783 925 1833 977 εἰ
1866 925 1976 996 γάρ

399 1017 547 1068 ἐστιν
576 1017 634 1068 ἐν
680 1015 758 1086 τῷ
803 1002 1056 1087 ’Ὑψίστῳ
1092 1014 1314 1084 γνῶσις,
1363 1015 1458 1070 καὶ
1494 1017 1543 1069 ει
1567 1016 1736 1070 ταῦτα
1781 1019 1972 1089 ἐφορᾷ,

400 1106 496 1160 καὶ
555 1107 682 1170 τοὺς
731 1107 824 1160 ἐπὶ
876 1106 981 1178 γῆς
1028 1109 1336 1172 ἐπισκοπεῖ,
1383 1106 1503 1170 πῶς
1557 1090 1703 1160 οὗτοι
1750 1108 1974 1162 τοιαῦτα

396 1191 630 1263 δρῶντες
687 1193 1024 1263 εὐθηνοῦσιν,
1075 1195 1170 1247 καὶ
1222 1196 1302 1258 εἰς
1347 1194 1439 1248 τὸν
1482 1195 1655 1249 αἰῶνα
1713 1197 1975 1268 κατέσχον

397 1282 660 1349 πλούτους
689 1283 859 1352 Κάγὼ
897 1284 975 1348 δέ,
995 1285 1166 1338 ταῦτα
1194 1285 1434 1356 θεωρῶν,
1459 1285 1832 1358 ἐθορυϐούμην
1863 1292 1975 1352 soi;

399 1373 697 1445 λογισμοῖς,
745 1375 819 1438 ὡς
857 1375 993 1447 πρὸς
1025 1373 1272 1446 ἐμαυτὸν
1309 1377 1510 1430 ἐννοεῖν
1530 1395 1544 1408 ·
1579 1376 1824 1444 Μήποτε
1859 1379 1975 1448 ἄρα

394 1468 658 1538 ματαίως
682 1467 1005 1522 ἐδικαίωσα
1038 1467 1155 1538 τὴν
1200 1467 1452 1538 καρδίαν
1469 1486 1609 1538 μου,
1639 1470 1736 1524 καὶ
1766 1469 1974 1539 ἐνιψά-

394 1576 520 1629 μην
545 1560 616 1612 έν
646 1559 857 1626 ἀθώοις
876 1558 982 1626 τὰς
1002 1560 1203 1629 χεῖράς
1221 1579 1340 1631 μου
1364 1601 1379 1625 ,
1415 1562 1512 1616 καὶ
1545 1561 1838 1632 ἐγενόμην
1868 1579 1974 1630 με.

395 1652 844 1722 μαστινωμένος
883 1651 1037 1721 ὅλην
1084 1651 1206 1721 τὴν
1235 1653 1484 1722 τῂιέραν,
1529 1653 1626 1706 καὶ
1667 1657 1700 1707 ὁ
1724 1653 1973 1723 ἔλεγχός

391 1760 512 1812 μου
550 1746 638 1810 είς
701 1743 808 1810 τὰς
852 1745 1114 1811 πρωταςς
1142 1745 1206 1798 El
1246 1744 1356 1817 γὰρ
1389 1748 1500 1808 τοῖς
1547 1745 1629 1817 μὴ
1668 1743 1840 1799 ταῦτα
1873 1761 1973 1798 πε-

397 1834 648 1906 ποιηκόσι
705 1834 939 1907 τοσαύτη
987 1835 1252 1908 πάρεστιν
1295 1836 1567 1908 εὐθυμία,
1621 1839 1702 1902 εἰς
1751 1837 1977 1909 μάταιον

396 1924 505 1996 ἄρα
536 1923 647 1994 ἐγὼ
675 1923 870 1988 κοπιῶ,
890 1926 984 1979 καὶ
1001 1927 1274 1998 περιττῶς
1287 1928 1603 1982 ἐσπούδακα
1627 1929 1976 1999 δικαιοσύνης

401 2018 810 2090 ἐπιμελόμενος·
831 2020 960 2090 εἱκῆ
984 2019 1041 2072 δὲ
1057 2021 1152 2072 καὶ
1165 2019 1340 2091 μάτην
1354 2020 1596 2090 ἐφύλαξα
1618 2037 1718 2091 μου
1733 2022 1832 2084 τὰς
1859 2024 1974 2092 χεῖ-

400 2125 500 2179 ρας
510 2108 708 2172 καὶτὰς
720 2107 945 2182 πράξεις
957 2107 1016 2173 ἐξ
1033 2107 1234 2162 ἀδίκων
1249 2108 1443 2182 ἐργων·
1462 2110 1586 2180 εἰκῆ
1599 2111 1690 2163 καὶ
1703 2111 1974 2182 νηστείαις

383 2199 490 2252 καὶ
518 2201 910 2265 κακοπαθείαις
933 2199 1288 2272 κατατρύχων
1319 2201 1554 2274 ἐμαυτὸν
1579 2203 1672 2255 καὶ
1699 2203 1973 2273 μαστίξων

392 2291 573 2344 πᾶσαν
621 2291 835 2363 ἡμέραν
887 2291 1194 2346 διετέλεσα·
1243 2293 1366 2364 εἰκῆ
1398 2293 1492 2346 καὶ
1523 2293 1698 2364 μάτην
1722 2294 1968 2358 ἐπόνουν,

391 2380 511 2453 ἅμα
541 2385 606 2455 τῇ
639 2383 714 2456 ἕῳ
729 2385 1084 2457 ἀνιστάμενος
1108 2383 1202 2437 καὶ
1227 2385 1566 2456 ἐξαγορεύων
1595 2388 1654 2438 ἐν
1682 2389 1800 2450 ταῖς
1835 2387 1972 2457 πρὸς

390 2474 484 2527 τὸν
511 2474 647 2530 Θεὸν
673 2477 857 2548 εὐχαῖς
878 2478 977 2541 τὰς
1001 2477 1238 2550 ἐμαυτοῦ
1262 2478 1540 2550 ἁμαρτίας
1569 2477 1973 2548 ἀποκλαόμενός

389 2583 452 2620 τε
502 2568 596 2621 καὶ
637 2569 764 2633 τοὺς
823 2573 944 2623 κατ’
995 2571 1238 2642 ἐμαυτοῦ
1291 2570 1586 2642 προφέρων
1629 2570 1888 2640 ἐλέγχους
1915 2571 1971 2623 ἐν

391 2661 509 2723 ταῖς
542 2661 680 2731 πρὸς
704 2661 795 2714 τὸν
823 2663 955 2716 Θεὸν
985 2662 1430 2735 ἐξομολογήσεσι.
1463 2661 1628 2716 Ταῦτ’
1649 2657 1717 2733 ἦν
1748 2661 1785 2715 ἃ
1817 2660 1971 2716 ἐνθυο

397 2749 684 2822 μούμενος,
709 2753 859 2822 παρὰ
895 2754 1090 2826 μικρὸν
1123 2737 1485 2826 ἐσαλευόμην.
1524 2754 1671 2807 Ἀντὶ
1689 2753 1748 2807 δέ
1765 2753 1971 2807 τούτων

2083 561 2164 614 Illi
2208 577 2335 615 vero
2371 561 2614 632 praedicti
2659 561 2810 629 impii
2841 569 2894 614 et
2919 559 3064 614 atlnei
3096 573 3162 612 eo
3193 571 3367 626 usque
3395 554 3646 624 impieta-

2071 654 2152 706 tis
2183 659 2572 722 proruperunt,
2624 658 2681 704 ut
2723 651 2816 721 qui
2867 651 3124 706 videbam
3157 655 3380 717 stupore
3405 645 3646 716 perculsi

2082 742 2326 798 dicerent
2367 762 2380 797 :
2427 741 2703 809 Quomodo
2733 743 2830 796 scit
2866 741 3024 803 Deus,
3071 749 3121 794 et
3154 741 3201 794 si
3229 748 3306 793 est
3338 735 3562 793 scientia
3591 737 3646 789 in

2082 833 2400 889 Altissimo?
2451 831 2586 886 Nam
2630 834 2675 888 si
2719 833 2775 887 in
2806 833 3090 887 Altissimo
3119 830 3346 886 scientia
3391 830 3643 890 exsistat.

2081 926 2237 996 isque
2281 927 2412 980 talia
2443 925 2645 992 videat,
2697 926 3112 994 terrigenasque
3155 929 3330 986 curet,
3365 934 3536 990 quare
3565 919 3644 973 illi

2073 1018 2210 1072 talia
2249 1017 2476 1074 edentes
2509 1018 2750 1072 facinora
2774 1033 3036 1088 prospere
3060 1025 3248 1087 agunt,
3274 1023 3328 1070 et
3365 1013 3419 1069 in
3467 1027 3643 1068 saecuc

2080 1107 2190 1161 lum
2227 1122 2401 1176 usque
2433 1107 2654 1162 divitias
2679 1108 2967 1163 obtinent?
2988 1106 3114 1161 Ilazc
3135 1120 3265 1160 vero
3295 1095 3646 1172 conspicatus

2075 1213 2202 1269 ego,
2226 1198 2649 1269 cogitationibus
2673 1199 2964 1262 ‘turbabar,
3000 1197 3073 1251 ita
3107 1203 3183 1249 'ut
3217 1208 3382 1265 penes
3437 1207 3524 1248 me
3552 1206 3646 1248 co-

2079 1292 2329 1360 gitarem,
2362 1289 2634 1360 Numquid
2661 1292 2783 1345 sine
2808 1307 2969 1344 causa
2993 1289 3286 1358 justi/Scauri
3326 1303 3422 1342 cor
3451 1301 3642 1348 nicum.

2069 1381 2254 1434 'etlavi
2284 1380 2420 1435 inter
2447 1381 2744 1436 innocentes
2787 1396 2973 1434 nimius
3017 1396 3193 1444 meas,
3243 1387 3292 1432 et
3344 1378 3423 1446 [ui
3468 1377 3648 1447 ﬂagel-

2082 1473 2224 1526 latus
2266 1483 2378 1527 tota
2409 1473 2516 1537 die,
2556 1484 2606 1528 et
2635 1475 2917 1545 castigatio
2963 1491 3080 1528 mea
3102 1475 3165 1526 vin
3211 1473 3533 1526 matutinis?
3589 1471 3646 1526 Si
3744 1525 3754 1538 ,

2078 1566 2224 1620 enim
2260 1566 2329 1622 iis
2361 1567 2454 1636 qui
2485 1567 2598 1622 haec
2621 1568 2845 1622 minime
2867 1576 3134 1637 peragunt
3167 1573 3318 1620 tanta
3350 1565 3482 1619 insit
3516 1581 3646 1634 pro-

2070 1657 2338 1727 'speritas,
2396 1659 2450 1712 in
2493 1673 2690 1713 vanum
2719 1674 2847 1728 ergo
2870 1659 3079 1720 laboro,
3112 1654 3387 1726 superﬂue
3418 1655 3650 1724 iustitiae

2083 1750 2300 1814 studeo,
2338 1748 2548 1806 {rustra
2601 1755 2654 1805 et
2678 1749 2960 1805 incassum
3002 1763 3198 1802 manus
3224 1755 3280 1802 et
3305 1754 3461 1802 actus
3495 1759 3647 1799 meos

2079 1841 2283 1912 iniquis
2313 1843 2572 1912 operibus
2601 1856 2772 1912 puros
2808 1841 3058 1904 servavi;
3096 1839 3298 1894 frustra
3331 1837 3561 1907 ieiuniis
3593 1845 3648 1892 et

2080 1935 2344 1989 aerumnis
2371 1948 2458 1987 me
2486 1931 2732 2004 quotidie
2759 1930 3025 2003 ﬂagellavi
3046 1938 3100 1984 et
3131 1929 3433 1994 maceravi;
3466 1927 3650 1983 incas-

2082 2041 2204 2082 sum
2232 2024 2499 2089 laboravi,
2525 2038 2650 2079 cum
2673 2038 2872 2078 aurora
2890 2037 3129 2093 surgens
3145 2032 3198 2076 et
3224 2021 3279 2075 in
3307 2020 3648 2076 orationibus

2082 2115 2219 2172 meis
2249 2123 2472 2185 peccata
2514 2129 2631 2169 mea
2660 2113 2929 2169 conﬁtens
2958 2127 3022 2166 ac
3059 2111 3370 2180 deplorans,
3398 2119 3560 2180 atque
3589 2109 3646 2163 in

2082 2206 2525 2264 confessionibus
2548 2205 2657 2262 Deo
2687 2206 2906 2262 emissis
2952 2204 3332 2259 accusationes
3358 2201 3648 2257 adversum

2076 2314 2163 2354 me
2184 2297 2492 2368 proferens.
2522 2296 2648 2352 Haec
2675 2305 2832 2352 erant
2859 2312 2980 2370 quze
3013 2296 3141 2350 dum
3173 2295 3469 2365 cogitarem
3512 2308 3648 2362 pene

2076 2391 2283 2446 eil‘usus
2312 2406 2457 2446 sum.
2495 2388 2602 2444 Pro
2637 2389 2746 2444 illis
2773 2404 2905 2444 vero
2937 2386 3298 2459 Symmachus
3344 2385 3424 2440 sic
3473 2384 3646 2439 inter-

2078 2489 2323 2552 pretatus
2357 2489 2477 2537 est:
2513 2479 2788 2536 Fortassis
2823 2481 2989 2551 igitur
3005 2489 3054 2533 et
3073 2495 3173 2548 ego
3197 2478 3402 2547 frustra
3423 2475 3645 2545 purgaui

2075 2574 2312 2626 animum
2345 2587 2534 2637 meam,
2557 2584 2608 2626 et
2639 2572 2744 2627 lavi
2773 2573 2828 2626 in
2858 2573 3156 2625 innocentia
3187 2587 3375 2624 manus
3395 2580 3561 2634 meas,
3595 2579 3647 2622 et

2075 2664 2396 2732 perseveravi
2425 2663 2641 2718 delusus
2677 2663 2900 2735 singulis
2941 2662 3148 2729 diebus,
3197 2672 3245 2717 et
3299 2661 3641 2731 reprehensus

2077 2756 2299 2825 singulis
2333 2756 2631 2810 matutinis.

391 2843 422 2896 ὁ
468 2845 763 2917 Σύμμαχος
797 2847 986 2900 τοῦτον
1013 2849 1325 2920 ἡρμήνευσε
1353 2847 1446 2902 τὸν
1480 2848 1682 2920 τρόπον
1707 2864 1722 2879 ·
1797 2849 1969 2914 Ἴσως
2006 2844 2120 2904 οὖν
2146 2849 2306 2918 κάγὼ
2321 2851 2520 2919 μάτην
2541 2850 2800 2918 ἐκάθαρα
2818 2848 3155 2918 τὴνψυχήν
3169 2866 3310 2918 μου,
3375 2847 3473 2900 καὶ
3525 2846 3643 2898 em-

393 2942 711 3009 πτόμηνέν
737 2933 1155 3011 ἀναμαρτησω
1224 2943 1334 3009 τὰς
1397 2942 1603 3012 χεῖράς
1625 2960 1766 3012 μου,
1831 2944 1929 2997 καὶ
1959 2943 2272 2999 διετέλεσα
2311 2946 2815 3016 μυκτηριζόμενος
2871 2945 2998 2999 καθ’
3053 2943 3322 3010 ἑκάστην
3362 2943 3592 3012 ἡμέραν
3615 2977 3633 3005 ,

393 3034 490 3088 καὶ
528 3028 925 3107 ἐλεγχόμενος
951 3037 1080 3094 καθ’
1112 3037 1375 3094 ἕκαστον
1398 3038 1634 3108 ὄρθρον.

466 3147 533 3200 El
579 3149 814 3218 ἔλεγον,
855 3151 1226 3220 Διηγήσομαι
1276 3151 1484 3218 οὕτως,
1519 3149 1648 3206 ἰδοὺ
1687 3153 1764 3222 τῇ
1800 3151 1974 3223 γενεᾷ

2153 3149 2319 3206 Vens.
2353 3149 2536 3204 lii-I7.
2569 3147 2628 3204 Si
2653 3149 2913 3210 dicebam,
2946 3146 3199 3201 Narrabo
3225 3147 3322 3211 sic,
3352 3162 3468 3201 ecce
3491 3161 3646 3216 gene-

394 3237 514 3293 τῶν
549 3239 694 3294 υἱῶν
734 3247 859 3295 σου
907 3242 1326 3310 ἠσυντέθεικα.
1359 3244 1472 3297 Καὶ
1521 3245 1831 3300 ὑπέλαϐον
1865 3245 1976 3300 τοῦ

392 3331 613 3402 ’γνῶναι
651 3331 848 3396 τοῦτο,
898 3335 1086 3400 κόπος
1107 3334 1279 3389 ἐστὶν
1311 3335 1569 3391 ἐνώπιόν
1600 3354 1748 3406 μου·
1773 3333 1975 3404 ἓωςσῦ

392 3423 644 3478 εἰσέλθω
689 3426 778 3491 εἷς
815 3424 882 3478 τὸ
911 3425 1305 3495 ἀγιαστήριον
1340 3427 1447 3481 τοῦ
1477 3427 1646 3492 Θεοῦ,
1681 3429 1779 3482 καὶ
1802 3429 1978 3484 ’συνῶ

392 3519 483 3587 εις
505 3520 578 3573 τὰ
599 3520 831 3589 ἔσχατα
855 3519 1073 3574 αὐτῶν.
1097 3521 1180 3574 Τὰ
1208 3520 1572 3592 προλεχθέντα
1599 3524 1783 3586 ἐντοῖς
1807 3524 1977 3593 ἐμαυ-

393 3609 489 3664 τοῦ
537 3611 814 3680 λογισμοῖς
860 3611 1200 3683 ἐνεθυμήθην
1239 3611 1371 3666 αὐτὸ
1413 3614 1594 3685 μόνον,
1644 3614 1729 3682 ἐφ’
1753 3609 1834 3677 οἷς
1880 3615 1974 3668 καὶ

396 3701 731 3758 ἐκινδύνευον
755 3701 913 3756 σάλον
943 3703 1155 3766 παθεῖν,
1190 3704 1252 3756 οὐ
1289 3704 1396 3775 μὴν
1425 3706 1517 3758 καὶ
1539 3704 1863 3776 ἐξηγόρευον
1895 3709 1976 3771 εἰς

396 3791 635 3864 ἐτέρους.
675 3793 739 3846 Εἰ
759 3791 868 3864 γὰρ
890 3791 1083 3864 κρίνας
1114 3793 1255 3847 οὓτω
1287 3798 1504 3866 φρονεῖν
1534 3795 1632 3867 τὴν
1664 3794 1821 3849 ἄθεον
1840 3795 1973 3848 ταύ-

393 3905 495 3960 την
545 3886 889 3940 διδασκαλίαν
925 3887 1228 3958 προέφερον
1254 3888 1335 3950 είς
1362 3887 1614 3959 ἐτέρους·
1651 3887 1975 3959 παραϐάτης

397 3980 466 4035 ἂν
496 3979 756 4049 ἐγενόμην
779 3978 887 4032 τῶν
915 3978 1156 4033 εὐσεϐῶν
1185 3978 1490 4050 δογμάτων,
1521 3979 1619 4032 καὶ
1651 3981 1748 4042 τὰς
1774 3979 1974 4052 συνθή-

397 4089 500 4137 κας
533 4069 598 4125 ἂν
631 4069 904 4143 παρῆλθον
933 4073 1033 4142 τῆς
1051 4068 1244 4140 γενεᾶς
1270 4071 1380 4126 τῶν
1403 4070 1510 4126 σῶν
1539 4071 1763 4124 τέκνων.
1799 4073 1976 4126 Τέκνα

396 4162 505 4235 γάρ
540 4178 633 4215 σου
690 4161 784 4216 τοῦ
817 4162 952 4215 Θεοῦ
1007 4163 1205 4226 πάντες
1254 4163 1543 4232 γεγόνασιν
1590 4165 1639 4216 οἱ
1688 4163 1832 4232 ἅγιοι
1881 4165 1976 4218 καὶ

399 4252 662 4322 θεοφιλεῖς
687 4253 898 4325 ἄνδρες.
932 4253 1097 4307 Γενεὰ
1118 4253 1175 4307 δέ
1199 4253 1378 4308 αὐτῶν
1403 4255 1436 4326 ἡ
1465 4253 1526 4319 ἐξ
1552 4253 1731 4307 αὐτῶν
1759 4254 1974 4326 διαδοχὴ

397 4344 506 4399 τῶν
525 4344 718 4412 ἁγίων,
766 4339 841 4398 ὧν
877 4343 946 4397 τὰ
983 4343 1281 4416 μαθήματα
1317 4342 1412 4397 καὶ
1433 4343 1502 4397 τὰ
1534 4343 1781 4414 δόγματα
1803 4356 1976 4415 παρε-

400 4434 612 4505 χάραξα
664 4433 751 4495 ἂν,
801 4436 851 4487 εἰ
882 4435 1194 4506 νπροέφερον
1236 4435 1315 4498 είς
1355 4433 1576 4504 ἐτέρους
1618 4436 1744 4498 τοὺς
1778 4435 1973 4506 προλε-

401 4527 626 4598 χθέντας
663 4525 897 4596 ἐμαυτοῦ
931 4526 1243 4598 λογισμούς.
1293 4525 1453 4580 Ἀλλὰ
1483 4527 1577 4580 καὶ
1618 4528 1668 4580 εἰ
1717 4529 1974 4599 παρεῖχον

402 4619 638 4691 ἐμαυτὸν
667 4617 760 4671 τοῦ
791 4617 994 4686 γνῶναι
1019 4618 1117 4681 τὰς
1149 4619 1348 4683 αἰτίας,
1378 4617 1446 4671 δι’
1482 4618 1548 4682 ἃς
1577 4621 1626 4671 οἱ
1661 4619 1976 4692 ἁμαρτωλοὶ

401 4709 626 4782 εὔθυμοι
650 4709 951 4764 διατελοῦσι
981 4710 1076 4763 καὶ
1107 4711 1186 4772 είς
1205 4710 1296 4763 τὸν
1315 4709 1488 4762 αίῶνα
1519 4710 1786 4781 κατέσχον
1814 4710 1977 4764 πλού-

401 4820 517 4866 του,
543 4803 594 4855 οἱ
616 4802 674 4855 δὲ
703 4803 899 4855 δίκαιοι
942 4799 1355 4854 ταπεινοῦνται·
1413 4801 1534 4853 οὐδὲ
1570 4801 1712 4854 οὔτω
1742 4801 1974 4857 κατέλα-

402 4892 496 4946 ϐον
517 4892 583 4946 ἂν
616 4894 715 4957 τὰς
747 4895 1092 4964 ἀπορρήτους
1123 4891 1250 4963 περὶ
1281 4890 1487 4944 τούτων
1512 4891 1742 4964 κρίσεις,
1775 4894 1975 4956 κόπους

401 4985 457 5038 δὲ
507 4985 699 5057 μόνους
751 4983 970 5056 ἐμαυτῷ
1004 4984 1258 5055 συνῆγον,
1285 4985 1366 5048 εἰς
1403 4983 1639 5054 ἀπορίαν
1689 4985 1976 5056 ἐμπίπτων

404 5080 500 5131 καὶ
532 5079 611 5142 εἰς
631 5077 809 5148 ψυχῆς
841 5077 1106 5147 κάματον.
1131 5075 1222 5128 Διό
1251 5091 1418 5146 φησι·
1453 5074 1564 5130 Καὶ
1595 5076 1649 5128 sl
1671 5076 1978 5132 ὑπέλαϐον

403 5167 509 5220 τοῦ
551 5164 766 5237 γνῶναι
811 5167 1007 5232 τοῦτο,
1050 5166 1239 5232 κόπος
1272 5165 1446 5219 ἐστὶν
1470 5163 1728 5219 ἐνώπιόν
1753 5183 1905 5234 μου·
1939 5167 1974 5238 ἢ

405 5256 545 5312 κατὰ
573 5257 664 5310 τόν
697 5257 1014 5328 Σύμμαχον,
1043 5257 1153 5312 Kal
1177 5259 1234 5310 -εί
1275 5255 1621 5326 ἐλογιζόμην
1660 5255 1978 5326 ἐπιγῖνῶναι

402 5351 580 5405 τοῦτο
601 5389 616 5413 ,
643 5351 869 5419 μόχθος
892 5351 1172 5419 ἐφαίνετό
1202 5367 1322 5420 μοι.
1368 5348 1565 5419 Διόπερ
1601 5348 1742 5419 ὁρῶν
1774 5350 1978 5405 ἀκατά-

403 5440 608 5514 ληπτον
642 5439 807 5496 οὖσαν
843 5443 1150 5514 ἀνθρώποις
1173 5443 1272 5513 τὴν
1302 5435 1507 5494 τούτων
1527 5439 1748 5508 γνῶσιν,
1765 5442 1979 5496 εὐσεϐεῖ

406 5533 685 5604 χρώμενος
711 5533 972 5604 λογισμῷ,
1005 5533 1323 5604 διενοούμην
1367 5531 1499 5602 παρ’
1532 5529 1754 5602 ἐμαυτῷ
1793 5536 1978 5605 κρεῖτ-

406 5639 498 5680 τον
534 5622 672 5680 εἶναι
707 5627 922 5696 ἐπέχειν
951 5626 1046 5678 καὶ
1078 5623 1387 5695 ἐκδέχεσθαι
1419 5625 1525 5699 τὸν,
1556 5625 1855 5698 ἐπιτήδειον
1877 5622 1977 5697 τῆς

482 5778 500 5807 ⁸
536 5776 669 5834 Gen.
710 5793 837 5842 xxv,
862 5776 915 5831 8.

687 5871 958 5932 Parnm.
1003 5865 1122 5938 Gn.
1160 5868 1398 5932 XXIII.

2003 4496 2050 4550 Ι)

2072 3243 2342 3298 rationem
2374 3242 2610 3311 ﬁliorum
2640 3251 2854 3296 tuorum
2886 3239 3182 3310 reprobavi.
3220 3237 3289 3292 Et
3335 3238 3648 3307 suspicabar

2080 3350 2162 3388 me
2193 3347 2502 3404 cognoscere
2532 3333 2651 3394 hoc,
2685 3332 2836 3386 labor
2862 3341 2940 3386 est
2972 3343 3093 3384 ante
3127 3346 3238 3395 me;
3274 3328 3437 3384 donec
3457 3332 3646 3385 intrent

2079 3426 2135 3480 in
2179 3426 2548 3479 sanctuarium
2578 3423 2698 3489 Dei,
2723 3433 2780 3478 et
2824 3423 3118 3494 intelligam
3149 3423 3202 3476 in
3228 3422 3527 3476 novissimis
3559 3435 3650 3475 eo-

2077 3534 2220 3572 rum.
2247 3515 2514 3572 Praedicta
2540 3516 2596 3571 in
2619 3515 3042 3586 cogitationibus
3067 3523 3274 3570 tantum
3303 3517 3438 3570 meis
3460 3530 3650 3571 versa-

2077 3607 2228 3672 bam,
2254 3601 2409 3678 quod
2435 3606 2740 3678 periculum
2768 3614 2914 3662 esset
2935 3622 3004 3662 ne
3023 3621 3434 3673 commoverer;
3470 3622 3649 3675 neque

2077 3705 2262 3754 tamen
2305 3699 2427 3754 aliis
2467 3699 2813 3755 enarrabam.
2845 3696 2981 3751 Nam
3014 3697 3062 3752 si
3100 3698 3204 3752 hac
3245 3698 3483 3753 admissa
3528 3699 3650 3768 opi-

2077 3791 2264 3857 nione,
2304 3791 2526 3860 impiam
2547 3789 2862 3859 hujusmodi
2891 3789 3198 3844 doctrinam
3225 3791 3346 3846 aliis
3375 3792 3648 3860 protulis-

2079 3897 2218 3943 sem,
2277 3889 2552 3937 temeratae
2574 3880 2678 3952 pia:
2721 3880 2987 3936 doctrinae
3028 3895 3158 3936 reus
3189 3881 3416 3937 ell‘ectus
3444 3897 3646 3945 essem,

2079 3983 2244 4045 atque
2274 3982 2434 4045 pacta
2481 3973 2852 4046 generationis
2885 3973 3124 4028 ﬁliorum
3180 3982 3400 4028 tuorum
3443 3975 3648 4029 violas-

2079 4082 2215 4122 sem.
2249 4066 2452 4122 Omnes
2483 4067 2685 4138 quippe
2710 4066 2887 4120 sancti
2908 4080 2972 4120 ac
2997 4064 3092 4132 Dei
3126 4073 3374 4120 amantes
3393 4066 3520 4130 viri,
3543 4066 3646 4127 tui.

2078 4156 2246 4224 Deus,
2271 4157 2364 4212 lilii
2391 4166 2540 4214 sunt.
2565 4156 2860 4213 Generatio
2888 4163 3072 4210 autem
3111 4170 3325 4222 eorum,
3365 4159 3648 4212 successio

2062 4258 2396 4305 sanctorum
2449 4256 2556 4314 est,
2609 4261 2843 4319 quorum
2892 4245 3217 4316 disciplinas
3277 4255 3331 4298 et
3393 4247 3647 4316 dogmata

2079 4343 2498 4406 adulterassem,
2551 4342 2597 4398 si
2636 4341 2927 4411 praedictas
2953 4339 3317 4410 cogitationes
3348 4353 3500 4395 meas
3524 4338 3647 4393 aliis

2079 4433 2452 4505 protulissem.
2498 4432 2606 4488 Sed
2660 4434 2708 4489 si
2743 4432 2928 4487 animo
2957 4432 3282 4486 institissent
3330 4430 3400 4485 ad
3446 4445 3649 4500 cogno-

2079 4525 2342 4581 scendum
2373 4541 2496 4596 quae
2525 4541 2692 4581 causa
2733 4528 2808 4582 sit
2859 4541 2960 4581 cur
3016 4533 3336 4595 peccatores
3388 4539 3648 4594 prospere

2078 4625 2264 4688 agant,
2297 4617 2427 4672 etin
2459 4619 2720 4672 sasculmn
2749 4617 2972 4673 divitias
3003 4616 3309 4679 obtineant,
3335 4615 3470 4684 justi
3503 4629 3634 4668 vero

2078 4711 2468 4777 humilientur;
2513 4725 2691 4780 neque
2725 4709 2800 4764 ita
2834 4723 3037 4764 arcana
3069 4707 3173 4761 hac
3217 4705 3286 4760 de
3337 4721 3397 4759 re
3436 4705 3647 4774 judicia

2077 4805 2490 4874 comperissem,
2525 4803 2622 4859 sed
2654 4804 2895 4857 laborem
2943 4801 3209 4855 duntaxat
3259 4798 3389 4851 mihi
3431 4799 3642 4852 intulis-

2079 4908 2193 4949 sem
2227 4913 2241 4949 :
2276 4897 2332 4948 in
2365 4895 2765 4950 dubitationem
2793 4893 2968 4949 solum
3001 4891 3278 4960 animique
3306 4889 3649 4959 defatigatio-

2078 5001 2200 5042 nem
2230 4986 2505 5059 delapsus.
2541 4985 2906 5052 Quamobrem
2941 4985 3018 5038 ait
3077 5002 3090 5038 :
3143 4981 3207 5036 Et
3253 4983 3301 5036 si
3335 4979 3648 5051 suspicabar

2078 5096 2159 5133 me
2178 5093 2488 5151 cognoscere
2519 5079 2635 5145 hoc,
2673 5078 2823 5132 labor
2859 5086 2936 5131 est
2989 5085 3111 5128 ante
3152 5091 3254 5130 me.
3292 5071 3418 5128 Sive
3450 5085 3645 5126 secun-

2078 5172 2207 5227 dum
2256 5171 2666 5243 Symmachum,
2713 5167 2774 5224 Si
2801 5169 3052 5238 putabant
3082 5183 3164 5220 me
3187 5179 3494 5235 cognoscere
3525 5161 3642 5220 hoc.

2080 5263 2231 5318 labor
2264 5262 2536 5318 videbatur
2567 5263 2718 5316 mihi.
2744 5262 3109 5328 Quamobrem
3146 5257 3337 5312 videns
3380 5270 3494 5310 rem
3523 5267 3645 5309 esse

2079 5355 2398 5411 hominibus
2449 5352 3076 5424 incomprehensibilem,
3128 5350 3219 5420 pio
3263 5362 3397 5402 usus
3428 5343 3646 5401 ratioci-

2079 5447 2194 5510 nio,
2233 5461 2447 5501 mecum
2480 5446 2798 5515 reputabam
2830 5445 3004 5499 satius
3031 5457 3154 5500 esse
3181 5448 3240 5494 ut
3274 5454 3362 5494 me
3395 5437 3645 5492 contineo

2079 5551 2217 5602 rem,
2243 5547 2406 5609 atque
2432 5545 2796 5608 opportunum
2830 5536 2960 5590 huic
2991 5532 3288 5606 cognitioni
3312 5539 3525 5600 tempus
3552 5543 3647 5583 ex-

2081 5641 2404 5701 spectarem.
2440 5629 2574 5686 Illud
2603 5638 2784 5686 autem
2818 5639 2958 5694 erat,
3016 5628 3188 5681 Donec
3223 5627 3411 5679 intrem
3440 5623 3494 5676 in
3519 5636 3649 5676 san-

3267 5860 3340 5924 27
