4056 6398
420 326 541 385 ’8Δῦ

1145 327 1414 386 EUSEBII
1451 328 1934 387 CASSARIENSIS
1972 329 2121 390 OPP.
2161 330 2348 387 PARS
2387 331 2470 387 Ill.
2512 361 2580 373 -——
2614 330 3021 388 EXEGETICA.

3571 337 3683 398 844

431 451 693 503 rtuarium
729 449 842 513 Dei,
895 460 942 504 et
990 451 1287 522 intelligam
1340 453 1397 506 in
1448 453 1746 508 novissimis
1780 471 1978 517 eorum,

2097 456 2300 509 τούτων
2335 454 2587 525 γνώσεως
2606 456 2815 528 καιρόν.
2840 450 3009 519 Οὗτος
3029 454 3085 508 δὲ
3115 450 3202 527 ἦν,
3241 456 3395 522 Ἕως
3427 458 3682 515 είσέλθω

429 541 547 596 sive
573 541 873 600 secundum
906 541 1316 613 Symmachum,
1363 543 1541 597 Donec
1579 546 1767 599 intrem
1800 548 1853 599 in
1885 562 2002 600 san-

428 635 639 688 ctuaria
666 633 786 700 Dei,
816 635 1109 705 intelligam
1135 637 1425 690 novissima
1469 653 1673 693 eorum.
1725 639 1860 694 Cum
1895 639 2001 695 hoc

425 724 560 779 mihi
614 726 961 782 commodum
995 726 1256 797 eil‘ugium
1307 726 1376 782 ad
1409 730 1727 799 quaestionis
1772 730 2001 786 solutio-

426 829 551 872 nem
587 816 938 887 reperissem,
978 817 1233 873 videlicet
1273 833 1399 873 eum
1453 820 1520 873 ad
1571 821 1698 876 vita:
1752 822 1998 878 mortalis

423 911 629 964 exitum
681 916 737 964 et
793 909 1102 979 ingressum
1139 909 1192 963 in
1233 912 1628 981 promissiones
1676 913 1769 969 Dei
1809 915 1997 969 remit-

422 999 613 1064 tendo,
638 998 768 1074 hinc
791 1001 1134 1055 curationem
1162 1016 1227 1056 ac
1245 1005 1679 1062 consolationem
1712 1014 1995 1063 mutuatus

420 1104 546 1146 sum
577 1108 593 1145 :
629 1106 834 1162 gnarus
872 1107 960 1147 me
1006 1106 1132 1148 cum
1180 1092 1321 1148 istuc
1352 1094 1643 1162 devenero,
1675 1097 1995 1166 quaestionis

418 1182 689 1236 rationem
720 1183 1150 1251 intellecturum,
1174 1195 1337 1255 atque
1371 1185 1664 1256 impiorum
1694 1187 1994 1243 novissima

418 1276 766 1346 cogniturum
794 1291 937 1332 esse.
961 1275 1081 1332 Non
1099 1276 1355 1333 convenit
1382 1279 1527 1333 enim
1554 1292 1878 1350 praesentem
1903 1295 1994 1333 so-

419 1364 532 1421 lum
563 1369 729 1423 vitam
763 1378 818 1424 et
849 1368 1183 1439 voluptatem
1212 1369 1524 1441 rcSpicere;
1566 1373 1661 1427 sed
1689 1370 1991 1426 novissima

302 1494 317 1514 .
416 1473 609 1516 eorum
642 1461 1042 1517 consideranda
1074 1470 1224 1516 sunt.

488 1642 654 1699 Vens.
716 1641 906 1700 18-20.
953 1643 1321 1699 Verumtamen
1363 1655 1571 1715 propter
1610 1644 1760 1700 dolos
1805 1662 1987 1701 eorum

412 1734 639 1805 posuisti
688 1734 767 1789 eis
807 1734 994 1795 mala;
1045 1733 1283 1804 dejecisti
1333 1752 1420 1791 eos
1454 1735 1583 1791 dum
1611 1737 1982 1795 alienarentur.

2103 544 2191 608 είς
2211 541 2600 610 ἀγιαστήριον
2617 543 2724 597 τοῦ
2751 543 2919 607 Θεοῦ,
2937 544 3035 596 καὶ
3057 545 3225 598 συνῶ
3252 547 3339 611 εὶς
3367 546 3680 617 τὰὲσχατα

2102 633 2328 687 αὐτῶν
2364 634 2397 705 ἢ
2447 634 2588 688 κατὰ
2640 634 2730 689 τὸν
2770 636 3083 707 Σύμμαχον,
3116 638 3269 704 ’Ἑως
3310 638 3562 693 εἰσέλθω
3592 644 3679 708 εις

2101 723 2174 776 τὰ
2221 722 2557 793 ἀτιάσματα
2598 722 2707 777 τοῦ
2757 724 2926 789 Θεοῦ,
2951 724 3292 780 συνετισθῶ
3327 727 3400 782 τὰ
3446 728 3679 796 ἔσχατα

2099 814 2316 869 αὐτῶν.
2353 814 2568 887 Ταύτην
2604 815 2660 868 δὲ
2687 815 2861 887 καλὴν
2892 815 3113 888 ἐμαυτῷ
3150 816 3469 888 καταφυγὴν
3500 818 3680 891 εὑρὼν

2097 905 2198 975 τῆς
2217 906 2323 960 τῶν
2344 906 2731 978 ἀπορουμένων
2763 906 2988 971 λύσεως,
3014 907 3112 979 τὴν
3136 907 3452 981 ἀπαλλαγὴν
3476 909 3679 983 δηλαδὴ

2096 996 2191 1050 τοῦ
2217 996 2412 1067 θνητοῦ
2442 996 2578 1067 βίου,
2609 996 2705 1051 καὶ
2725 997 2821 1069 τὴν
2849 997 3050 1052 εἴσοδον
3080 997 3178 1070 τὴν
3199 998 3291 1051 ἐπὶ
3313 999 3410 1062 τὰς
3436 1000 3674 1070 ἐπαγγε-

2096 1087 2215 1154 λίας
2245 1089 2338 1142 τοῦ
2367 1089 2527 1153 Θεοῦ,
2554 1089 2848 1161 θεραπείας
2867 1088 3161 1160 ἐτύγχανον
3184 1090 3278 1145 καὶ
3302 1091 3674 1163 παραμυθίαςο

2094 1175 2155 1235 εὖ
2180 1179 2354 1245 εἰδὼς,
2395 1181 2472 1245 ὡς
2512 1182 2691 1234 ἐκεῖσε
2719 1181 3026 1252 γενόμενος,
3078 1181 3506 1254 συναισθήσομαι
3548 1183 3679 1248 τοὺς

2094 1274 2285 1343 λόγους
2328 1272 2437 1327 τῶν
2474 1273 2639 1345 ὲζητη
2649 1275 2822 1345 μένων
2842 1313 2856 1339 ,
2902 1272 3180 1345 γνώσομαί
3229 1291 3292 1327 τε
3344 1275 3412 1328 τὰ
3469 1276 3676 1346 ἔσχατα

2092 1361 2200 1415 τῶν
2253 1362 2486 1424 ἀσεϐῶν.
2540 1364 2632 1436 Μὴ
2683 1364 3114 1436 γὰρτπροσήκει
3169 1368 3250 1430 είς
3276 1351 3383 1419 ’τὸν
3425 1365 3677 1438 παρόντα

2093 1453 2253 1524 μόνον
2297 1454 2622 1509 ἀποϐλέπειν
2672 1456 2788 1527 βίον
2839 1457 2935 1511 καὶ
2993 1459 3074 1523 είς
3120 1458 3217 1529 τὴν
3250 1445 3675 1529 παροῦσανάὖ-

2090 1541 2197 1596 τῶν
2225 1544 2457 1615 τρυφὴν,
2482 1544 2620 1599 ἀλλὰ
2649 1546 2745 1598 καὶ
2777 1546 2857 1608 εἰς
2885 1544 2955 1599 τὰ
2994 1545 3196 1618 ἔσχατα
3232 1546 3413 1601 αὐτῶν
3437 1548 3667 1621 ἀφορᾷν.

2157 1635 2334 1706 Πλὴν
2382 1635 2482 1690 διὰ
2539 1637 2648 1704 τὰς
2683 1637 3037 1708 δολιότητας
3067 1639 3267 1695 αὐτῶν
3295 1640 3437 1698 ἔθου
3464 1643 3674 1713 αὐτοῖς

2086 1724 2269 1779 κακά’
2323 1726 2647 1794 κατέϐαλες
2675 1729 2898 1796 αὐτοὺς
2930 1730 3001 1783 ἐν
3035 1730 3117 1796 τῷ
3142 1731 3493 1800 ἐπαρθῆναι.
3534 1733 3671 1803 Πῶς

414 1823 690 1893 Quomodo
736 1825 869 1894 [acti
918 1835 1042 1880 sunt
1073 1825 1127 1879 in
1173 1826 1550 1883 desolationem
1585 1828 1758 1883 subito
1781 1831 1807 1885 ?
1843 1830 1978 1900 defe-

2084 1815 2363 1887 ἐγένοντο
2408 1821 2497 1885 εις
2520 1819 2823 1889 ἐρήμωσιν
2856 1821 3142 1886 ἐξάπινα;
3171 1821 3477 1889 ἐξέλιπον,
3508 1824 3669 1879 ἀπώ-

412 1924 617 1980 cerunt,
662 1915 932 1985 perierunt
980 1923 1194 1985 propter
1243 1917 1780 1974 inconsiderationem
1833 1938 1985 1976 suum

408 2006 548 2062 velut
579 2008 843 2063 somnium
868 2009 1217 2080 surgentium.
1245 2008 1448 2065 Tribus
1479 2009 1736 2067 admissis
1767 2012 1824 2067 in
1843 2027 1987 2083 quae-

408 2100 643 2157 stionem
688 2101 999 2160 ratiociniis
1022 2144 1039 2169 ,
1070 2102 1221 2158 aliud
1252 2103 1479 2175 impium
1507 2114 1561 2160 et
1590 2106 1811 2160 atheum
1862 2121 1987 2163 esse

406 2193 674 2264 comperi,
724 2208 917 2264 nempe
973 2192 1129 2260 illud,
1183 2194 1327 2266 Ergo
1364 2196 1478 2250 sine
1504 2212 1669 2252 causa
1689 2199 1987 2269 justiﬁcavi

407 2300 501 2339 eor
529 2299 738 2348 meum;
768 2282 916 2339 aliud
944 2298 1096 2351 vero,
1130 2299 1325 2357 nempe
1362 2286 1430 2341 de
1462 2286 1810 2359 intelligenda
1839 2304 1986 2359 qua:-

408 2377 610 2441 stione,
643 2376 861 2448 plenum
904 2376 1089 2431 labore
1115 2383 1171 2431 et
1200 2376 1593 2449 defatigatione
1623 2378 1979 2448 deprehendi,

406 2468 482 2524 ob
526 2467 954 2539 profunditatem
987 2469 1201 2524 scilicet
1233 2468 1551 2525 divitiarum
1585 2471 1828 2527 scientiae
1863 2471 1979 2540 Dei,

404 2569 460 2616 et
481 2560 628 2632 quod
646 2560 1223 2631 incomprehensibilia
1242 2561 1353 2617 sint
1370 2562 1577 2633 judicia
1595 2563 1739 2629 eius,
1755 2575 1809 2619 et
1833 2565 1982 2622 inve-

405 2654 688 2726 stigabiles
714 2654 816 2709 viae
846 2654 1003 2725 ejus;
1036 2655 1088 2709 in
1113 2655 1273 2711 tertio
1302 2664 1485 2712 autem
1518 2657 1761 2724 substiti,
1796 2673 1861 2713 ac
1892 2660 1981 2715 de-

403 2748 551 2806 crevi
580 2747 812 2818 gradum
844 2749 1043 2805 sistere
1063 2756 1230 2819 atque
1259 2755 1599 2819 exspectare,
1623 2752 1980 2822 omniumque

400 2835 561 2893 finem
592 2835 963 2893 considerare.
992 2836 1129 2893 Cum
1163 2836 1294 2894 huic
1319 2838 1639 2910 cogitationi
1671 2843 1980 2912 acquievis-

399 2942 538 2993 sem,
573 2937 760 2999 utpote
784 2945 907 3000 qua:
931 2930 1020 3000 pia
1059 2945 1297 3001 veraque
1319 2929 1413 2994 sit,
1440 2946 1507 2987 ex
1529 2930 1635 2986 (ide
1658 2932 1975 3003 hujusmodi

399 3022 689 3078 utilitatem
716 3022 922 3092 accepi.
956 3019 1091 3075 Nam
1127 3020 1333 3091 Spiritu
1369 3030 1564 3079 sancto
1595 3023 1809 3082 amatus
1849 3026 1975 3081 novi

397 3112 676 3187 quomodo
698 3122 922 3184 propter
948 3112 1105 3168 dolos
1136 3128 1327 3169 eorum
1377 3130 1487 3170 non
1520 3116 1613 3171 diu
1655 3126 1845 3186 postea
1878 3117 1973 3173 de-

394 3205 646 3276 iecturus
673 3206 745 3262 sit
776 3204 1066 3268 eoshens,
1122 3213 1411 3275 postquam
1445 3207 1575 3263 elati
1613 3208 1667 3262 in
1714 3209 1974 3265 sublime-

397 3315 508 3371 que
531 3300 707 3355 evecti
746 3298 981 3354 fuerant.
1017 3296 1131 3353 Sub
1160 3297 1274 3352 haec
1308 3307 1491 3354 autem
1517 3299 1878 3365 illuminatus,
1910 3317 1973 3357 ac

396 3391 716 3464 prophetica
748 3391 950 3448 virtute
971 3392 1185 3444 ruinam
1217 3390 1367 3460 ipsos
1398 3391 1453 3445 in
1482 3390 1599 3446 line-
1618 3402 1971 3464 exceptuan

396 3485 762 3556 prospiciens,
800 3484 925 3555 jure
953 3484 1116 3539 dico:
1152 3483 1427 3549 Quomodo
1468 3485 1601 3553 facti
1630 3497 1751 3539 sunt
1781 3486 1836 3540 in
1880 3485 1973 3540 de-

395 3577 713 3633 solationem
744 3576 964 3632 subito?
994 3576 1317 3646 defecerunt,
1344 3581 1613 3647 perierunt
1648 3588 1859 3647 propter
1895 3580 1972 3634 in-

394 3669 868 3725 considerationem
911 3686 1088 3734 suam,
1147 3670 1276 3726 iacti
1311 3679 1440 3727 sunt
1485 3673 1615 3726 item
1659 3671 1798 3725 velut
1828 3688 1972 3727 som-

396 3761 549 3816 nium
577 3762 872 3832 surgentis.
909 3761 1045 3815 Dum
1077 3764 1202 3832 quis
1225 3766 1373 3820 enim
1400 3765 1456 3820 in
1484 3766 1696 3820 somnis
1719 3765 1967 3837 quaedam

391 3841 745 3923 imaginatur,
801 3850 1001 3907 somnii
1035 3852 1324 3920 phantasia
1357 3854 1641 3925 deceptus,
1700 3870 1759 3911 se
1813 3861 1971 3925 putat

393 3944 600 4015 aliquid
625 3959 822 4016 agere;
854 3954 1213 4017 experrectus
1244 3963 1377 4004 vero
1405 3963 1531 4003 cum
1557 3957 1661 4010 est,
1705 3963 1971 4005 excusso-

392 4053 501 4110 que
528 4048 743 4104 somno,
779 4047 1089 4095 commenta
1141 4042 1327 4096 omnia
1377 4042 1699 4099 abscedunt.
1736 4039 1827 4096 Sic
1864 4043 1969 4095 im-

391 4114 609 4202 piorum
638 4130 696 4187 in
725 4132 825 4188 hac
856 4133 967 4188 vita
999 4135 1379 4190 commentitia
1420 4134 1678 4199 felicitas,
1735 4132 1964 4199 divitias,

386 4223 671 4294 superbia,
708 4224 869 4280 ﬁnem
903 4225 1208 4281 sortientur
1259 4226 1496 4282 similem
1539 4226 1965 4293 somniantibus,

379 4317 483 4386 qui
523 4323 713 4386 postea
747 4318 1076 4388 experrecti,
1100 4319 1317 4381 nullam
1344 4334 1459 4375 rem
1491 4335 1683 4375 earum
1713 4335 1852 4391 quas
1883 4320 1966 4375 vi-

384 4405 523 4461 dere
563 4420 625 4461 se
653 4419 718 4461 ac
744 4413 933 4464 tenere
961 4409 1353 4479 opinabantur,
1407 4425 1521 4480 prae
1556 4412 1808 4469 manibus
1836 4415 1968 4468 reli-

378 4503 544 4552 nent.
581 4494 895 4554 Secundum
931 4498 1319 4573 Symmachum
1352 4509 1560 4570 autem,
1592 4503 1742 4560 illius
1792 4506 1916 4561 loco
1946 4525 1959 4561 :
1988 4519 2045 4583 ι)

392 4588 774 4645 Verumtamen
797 4602 1014 4663 propter
1042 4591 1193 4648 dolos
1218 4595 1444 4664 posuisti
1467 4596 1564 4663 eis,
1598 4597 1681 4652 sic
1714 4598 1916 4655 dicitur
1947 4621 1959 4656 :

403 4681 529 4737 Vere
560 4682 791 4752 inlapsu
832 4685 1062 4755 posuisti
1083 4701 1194 4749 eos,
1233 4685 1476 4756 dejecisti
1502 4704 1591 4742 eos
1624 4689 1682 4741 in
1709 4691 1966 4759 perditio-

386 4791 481 4828 nes
514 4790 533 4829 :
572 4773 745 4829 subito
773 4775 1096 4846 defecerunt,
1153 4779 1453 4847 consumpti
1503 4790 1650 4846 sunt,
1688 4799 1750 4836 ac
1779 4784 1829 4837 si
1859 4800 1964 4838 non

384 4866 738 4932 exstitissent,
768 4871 923 4940 quasi
943 4873 1208 4926 somnium
1241 4871 1635 4942 expergiscenti.
1661 4872 1801 4932 Huic
1831 4890 1963 4932 vero

376 4956 536 5022 voci,
575 4966 804 5024 repente,
863 4967 920 5015 et
980 4959 1176 5027 subito,
1222 4959 1365 5016 hanc
1420 4961 1724 5020 Servatoris
1768 4981 1961 5023 vocem

383 5052 643 5111 eorul‘eras
662 5072 677 5107 :
697 5054 717 5084 ²
731 5052 978 5124 Vigilate,
1008 5055 1136 5126 quia
1166 5055 1378 5109 nescitis
1399 5070 1503 5125 qua
1526 5057 1610 5111 die
1629 5066 1680 5111 et
1707 5056 1840 5110 hora
1860 5055 1965 5112 Do-

384 5148 561 5203 minus
598 5156 764 5203 vester
811 5149 1008 5213 veniet;
1058 5163 1124 5202 ac
1171 5164 1394 5204 rursum
1432 5166 1447 5203 :
1488 5147 1666 5205 Veniet
1701 5149 1963 5206 Dominus

383 5241 499 5313 ejus
530 5242 585 5296 in
614 5241 699 5296 die
727 5256 833 5311 qua
872 5256 977 5294 non
1006 5249 1298 5309 exspectat,
1346 5250 1398 5297 et
1453 5242 1510 5295 in
1553 5242 1688 5297 hora
1722 5259 1829 5312 qua
1859 5259 1964 5298 non

382 5332 527 5389 norit
550 5333 592 5387 '.

455 5508 701 5575 Domine,
728 5512 786 5567 in
807 5511 1023 5567 civitate
1052 5521 1147 5567 tua
1174 5513 1471 5585 imaginem
1503 5513 1742 5583 ipsorum
1781 5514 1850 5567 ad
1878 5514 1961 5569 ni-

385 5597 550 5650 Intum
580 5599 802 5671 rediges.
835 5598 1101 5673 Superius
1151 5600 1392 5671 dicebat,
1445 5603 1623 5659 Donec
1659 5606 1852 5660 intrent
1892 5605 1956 5690 in

456 5775 478 5805 ¹¹
508 5773 697 5829 Matth.
736 5792 883 5845 nlv,
912 5776 998 5831 42.
1078 5779 1099 5809 ³
1130 5778 1262 5833 ibid.
1290 5779 1382 5835 50.

2085 1912 2270 1962 λοντο
2318 1908 2417 1964 διὰ
2460 1910 2578 1979 τὴν
2605 1910 2901 1965 ἀϐουλίαν
2937 1910 3138 1966 αὐτῶν
3188 1912 3332 1966 ὡσεὶ
3376 1913 3671 1970 ἐνύπνιον

2085 1999 2562 2070 ἐξεγειρομένων.
2592 2000 2754 2073 Τρισὶ
2786 2002 3066 2072 λογισμοῖς
3106 2000 3379 2056 ἐπιϐαλὼν
3402 2003 3530 2073 περὶ
3553 2004 3668 2058 τῶν

2084 2095 2249 2167 ὲζητη
2258 2094 2456 2166 μένων,
2485 2095 2576 2149 τὸν
2611 2096 2711 2167 μὲν
2735 2095 2923 2167 ἐώρων
2950 2096 3124 2166 ἀσεϐῆ
3154 2097 3249 2151 καὶ
3273 2096 3430 2151 ἄθεον
3452 2097 3543 2153 τὸν
3578 2098 3667 2153 λέ-

2082 2204 2248 2257 γοντα
2265 2204 2278 2218 ·
2319 2188 2459 2257 Ἄρα
2485 2188 2749 2258 ματαίως
2768 2188 3089 2243 ἐδικαίωσα
3111 2187 3228 2257 τὴν
3252 2189 3507 2259 καρδίαν
3521 2208 3663 2260 μου·

2080 2279 2173 2335 τὸν
2199 2280 2258 2334 δὲ
2288 2281 2388 2351 τῆς
2420 2280 2626 2336 τούτων
2644 2281 3021 2355 καταλήψεως,
3039 2282 3471 2354 πεπληρωμένον
3496 2286 3666 2340 κόπου

2081 2372 2175 2425 καὶ
2198 2373 2363 2426 πόνου
2396 2371 2485 2426 διὰ
2514 2373 2582 2427 τὰ
2613 2371 2750 2445 βάθη
2776 2374 2871 2428 τοῦ
2896 2373 3129 2428 πλούτου
3154 2374 3253 2444 τῆς
3282 2373 3539 2443 γνώσεως
3568 2376 3664 2432 τοῦ

2078 2462 2239 2530 Θεοῦ,
2270 2465 2365 2519 καὶ
2389 2465 2478 2520 διὰ
2514 2466 2576 2520 τὸ
2600 2464 2996 2539 ἀνεξερεύνητα
3024 2464 3162 2521 εἶναι
3200 2467 3270 2521 τὰ
3299 2468 3543 2541 κρίματα
3569 2470 3668 2524 αὗ-

2078 2555 2193 2622 τοῦ,
2247 2558 2342 2611 καὶ
2395 2556 2834 2630 ἁνεξιχνιάστους
2867 2558 2971 2623 τὰς
3014 2559 3169 2623 ὁδοὺς
3210 2558 3376 2614 αὐτοῦ
3396 2577 3410 2591 ’
3447 2561 3539 2616 ἐπὶ
3575 2562 3669 2618 τὸν

2076 2648 2256 2724 τρίτον
2279 2645 2372 2704 οὖν
2390 2650 2553 2722 ἔστην
2570 2650 2762 2723 κρίνας
2788 2650 3007 2723 ἐπέχειν
3038 2651 3139 2724 μὲν
3167 2652 3325 2716 τέως,
3348 2652 3666 2725 περιμένειν

2075 2743 2133 2797 δὲ
2158 2743 2252 2798 καὶ
2286 2743 2505 2815 ἀφορᾷν
2527 2744 2609 2807 είς
2641 2742 2703 2797 τὸ
2731 2743 2951 2798 πάντων
2989 2744 3162 2808 τέλος.
3200 2743 3389 2816 Τούτῳ
3419 2744 3465 2798 δ’
3498 2747 3667 2818 ἐμπι-

2075 2834 2310 2900 στεύσας
2344 2834 2581 2907 ἐμαυτὸν
2622 2833 2703 2906 τῷ
2740 2834 2983 2908 λογισμῷ
3012 2837 3228 2891 εὐσεϐεῖ
3265 2838 3380 2892 sm
3408 2839 3503 2893 καὶ
3529 2840 3662 2912 ἀλη-

2076 2927 2181 2992 θεῖ,
2214 2928 2272 2995 ἐξ
2299 2929 2470 2999 αὐτῆς
2496 2926 2724 3000 ὠνάμην
2765 2928 2867 2998 τῆς
2916 2929 3172 2995 πίστεως.
3207 2932 3420 3001 Ἔγνων
3452 2933 3561 3006 γὰρ
3604 2933 3664 3001 ἐξ

2076 3022 2347 3093 ὑποϐολῆς
2387 3022 2483 3075 τοῦ
2538 3020 2881 3093 προφητικοῦ
2937 3018 3274 3093 Πνεύματος,
3317 3023 3393 3088 ὡς
3423 3023 3513 3078 διὰ
3560 3026 3663 3089 τὰς

2073 3114 2382 3185 δολιότητας
2412 3114 2592 3169 αὐτῶν
2615 3113 2915 3169 καταϐαλεῖ
2935 3115 3134 3178 αὐτοὺς
3160 3116 3261 3170 οὐκ
3288 3116 3372 3178 sic
3399 3117 3606 3189 μακρὸν
3634 3120 3664 3170 ὁ

2076 3205 2228 3272 Θεὸς,
2259 3205 2399 3277 μετὰ
2431 3206 2491 3260 τ’)
2527 3206 2831 3277 ἐπαρθῆναι
2862 3207 2957 3260 καὶ
2989 3206 3289 3277 ὑψωθῆναι.
3318 3202 3453 3262 Εἶτα
3489 3226 3655 3278 φωτι-

2077 3298 2243 3363 σθεὶς,
2272 3298 2368 3352 καὶ
2392 3296 2489 3369 τὴν
2521 3297 2726 3352 πτῶσιν
2766 3298 2946 3353 αὐτῶν
2974 3297 3073 3368 τὴν
3110 3300 3204 3351 ἐπὶ
3243 3299 3388 3353 τέλει
3421 3301 3661 3374 καταλη-

2072 3390 2315 3461 ψομένην
2343 3390 2539 3456 αὐτοὺς
2568 3393 2880 3463 προφητικῇ
2914 3391 3142 3462 δυνάμει
3171 3392 3417 3459 συνιδὼν,
3434 3391 3660 3469 εἰκότως

2074 3482 2244 3552 φημί’
2274 3479 2407 3548 Πῶς
2429 3480 2710 3551 ἐγένοντο
2748 3485 2836 3549 εὶς
2879 3482 3182 3553 ἐρήμωσιν
3208 3483 3493 3550 ἐξάπινα;
3527 3483 3658 3550 ἐξε-

2071 3578 2274 3637 λιπον,
2306 3573 2621 3628 ἀπώλοντο
2653 3572 2753 3629 διὰ
2774 3573 2890 3645 τὴν
2921 3576 3216 3630 ἀϐουλίαν
3240 3574 3460 3642 αὐτῶν,
3496 3576 3656 3646 γεγόο

2072 3666 2194 3720 νασί
2221 3683 2281 3720 τε
2301 3665 2443 3720 ὡσεὶ
2467 3667 2758 3721 ἐνύπνιον
2772 3667 3224 3741 ὲξεγηγερμένου.
3262 3670 3404 3733 Ἕως
3429 3677 3526 3742 μέν
3548 3670 3658 3742 γάρ

2070 3774 2155 3821 τις
2212 3758 2546 3828 φαντάζεται
2584 3761 2921 3833 ὀνειρώττων
2957 3764 3016 3816 ἐν
3050 3764 3162 3827 τοῖς
3201 3761 3413 3829 ὕπνοις,
3440 3763 3583 3818 δοκεῖ
3604 3778 3660 3818 τι

2072 3848 2333 3920 πράττειν
2390 3850 2747 3924 ἀπατώμενος
2791 3855 2859 3925 τῇ
2903 3854 2997 3907 τοῦ
3045 3854 3297 3908 ἐνυπνίου
3342 3854 3615 3927 φαντασίᾳ
3638 3872 3656 3889 ·

2070 3941 2286 3995 ἐπειδὰν
2340 3943 2397 3996 δὲ
2451 3943 2703 4015 διεγερθῇ
2736 3949 2829 3998 τὸν
2879 3945 3051 4002 ὕπνον
3086 3947 3551 4019 ψποτριψάμεντς,
3583 3949 3661 4003 οτ-

2070 4050 2225 4104 χεται
2255 4033 2404 4106 αὐτῷ
2429 4034 2497 4088 τὰ
2522 4035 2621 4106 τῆς
2650 4044 2973 4105 φαντασίας.
3012 4037 3169 4091 Οὕτω
3199 4039 3258 4092 δὲ
3281 4038 3375 4091 καὶ
3408 4038 3520 4110 τῶν
3539 4040 3662 4093 ἀσε-

2070 4123 2182 4177 ϐὦν
2229 4124 2263 4195 ἡ
2304 4123 2399 4178 τοῦ
2444 4125 2712 4196 παρόντος
2749 4125 2865 4195 βίου
2898 4125 3133 4181 δοκοῦσα
3173 4116 3478 4199 εὐπραγεῖᾶ
3503 4127 3598 4181 καὶ
3628 4131 3660 4182 ὁ

2070 4215 2298 4280 πλοῦτος
2329 4216 2424 4270 καὶ
2453 4218 2487 4289 ὴ
2522 4218 2869 4290 ὑπερηφανία
2911 4220 3096 4292 ὅμοιον
3146 4219 3258 4286 ἔξει
3279 4218 3341 4273 τὸ
3372 4219 3524 4284 τέλος
3544 4221 3659 4285 τοῖς

2068 4307 2444 4380 ὀνειρώττουσι
2477 4310 2573 4362 καὶ
2598 4310 3096 4381 ὲνυπνιαζομένοις,
3139 4310 3329 4365 ἔπειτα
3362 4310 3658 4383 διεγρηγο-

2072 4398 2222 4471 ροῦσι
2261 4402 2355 4453 καὶ
2382 4401 2609 4472 μηδενὸς
2640 4394 2715 4456 ὧν
2745 4402 2963 4457 ἐδόκουν
2994 4404 3126 4475 όρᾷν
3162 4420 3223 4457 τε
3257 4402 3353 4456 καὶ
3404 4402 3659 4474 κατέχειν

2065 4494 2184 4555 ταῖς
2216 4491 2404 4562 χερσὶν
2462 4491 2905 4563 ὲπειλημμένοις.
2940 4495 3099 4548 Κατὰ
3127 4494 3185 4548 δὲ
3206 4493 3298 4547 τὸν
3330 4492 3658 4565 Σύμμαχον,

2066 4585 2183 4637 ἀντὶ
2230 4583 2346 4648 τοῦ,
2370 4583 2546 4651 Πλὴν
2584 4582 2683 4638 διὰ
2724 4584 2833 4652 τὰς
2864 4585 3221 4655 δολιότητας
3248 4585 3392 4642 ἔθου
3422 4585 3656 4653 αὐτοῖς,

2064 4674 2253 4729 τοῦτον
2271 4674 2461 4747 εἴρηκε
2478 4674 2571 4730 τὸν
2585 4677 2787 4748 τρόπον
2808 4694 2821 4707 ·
2843 4678 3062 4744 Ὄντως
3088 4679 3159 4732 ἐν
3185 4678 3410 4741 όλίσθῳ
3431 4672 3656 4743 ἔταξας

2053 4757 2309 4837 αὐτοὺς,
2339 4770 2664 4838 κατέϐαλες
2684 4771 2907 4839 αὐτοὺς
2930 4773 3019 4838 εὶς
3039 4771 3420 4842 ἀφανισμοὺς
3440 4786 3455 4800 ο
3488 4768 3653 4833 ἐξαί-

2065 4880 2224 4933 φνης
2249 4861 2557 4930 ἐξέλιπον,
2572 4863 2980 4934 ἀνηλώθησαν
3000 4864 3082 4930 ὡς
3106 4865 3219 4934 οὐχ
3244 4860 3649 4932 ὑπάρξαντεςν

2063 4952 2414 5027 ὡς’-ὄνειρον
2443 4955 2857 5022 ἐξυπνισαντι.
2892 4956 2988 5019 Εἰς
3011 4955 3069 5009 δὲ
3097 4954 3178 5021 τὺ,
3206 4954 3521 5024 ἐξαίφνης,
3556 4954 3653 5008 καὶ

2067 5047 2148 5112 τὸ,
2181 5034 2457 5121 ἐξῷτινα,
2490 5048 2834 5122 παραθήσεις
2867 5050 2968 5121 τὴν
2994 5050 3260 5127 σωτήριον
3321 5047 3505 5117 φωνὴν
3550 5047 3656 5116 τὴν

2067 5138 2330 5208 λέγουσαν
2349 5160 2363 5173 ⁸
2393 5141 2767 5214 Γρηγορεῖτε,
2802 5141 2893 5195 ὅτι
2914 5143 3026 5195 οὐκ
3061 5140 3261 5195 οἴδατε
3288 5140 3432 5207 ποίᾳ
3461 5139 3656 5207 ἡμέρᾳ

2066 5234 2165 5288 καί
2186 5231 2308 5304 ὥρᾳ
2334 5237 2367 5289 ό
2398 5237 2612 5305 Κύριος
2646 5232 2816 5304 ὑμῶν
2844 5234 3084 5305 ἔρχεται
3100 5251 3113 5264 ·
3134 5233 3230 5288 καὶ
3264 5233 3457 5289 πάλιν·
3478 5231 3655 5295 ’Ἥξει

2067 5330 2100 5381 ὁ
2132 5327 2347 5397 Κύριος
2380 5327 2567 5382 αὑτοῦ
2598 5328 2669 5382 ἐν
2699 5326 2891 5398 ἡμέρᾳ
2919 5322 2958 5399 ᾗ
2986 5328 3057 5381 οὐ
3087 5324 3418 5396 προσδοκᾷ,
3446 5323 3545 5379 καὶ
3579 5323 3656 5377 ἐν

2064 5419 2188 5489 ὥρα
2213 5416 2254 5492 ᾖ
2285 5423 2357 5476 οὐ
2379 5421 2680 5491 γινώσκει.
3548 5488 3561 5500 _

2139 5513 2336 5581 Κύριε,
2363 5513 2433 5567 ἐν
2463 5512 2541 5581 τῇ
2560 5514 2732 5567 πόλει
2747 5526 2864 5566 σου
2889 5509 3006 5582 τὴν
3029 5510 3234 5566 εἰκόνα
3259 5506 3462 5564 αὐτῶν
3475 5505 3654 5573 ἐξου-

2065 5603 2363 5671 θενήσεις.
2414 5603 2695 5677 Ἀνωτέρω
2722 5604 2822 5676 μὲν
2853 5603 3069 5672 ἔλεγεν,
3101 5604 3257 5667 Ἕως
3283 5600 3536 5656 εἰσέλθω
3562 5598 3656 5668 εὶς
