4056 6380
364 344 486 401 8’45
1510 331 2015 393 COMMENTARIA
2053 333 2121 389 IN
2161 333 2497 391 PSALMOS.
2956 362 2962 367 -
3523 332 3628 388 846

364 465 431 523 τὸ
455 465 845 536 ἁγιαστήριον
860 464 966 518 τοῦ
989 460 1158 518 Θεοῦ⁸
1185 460 1276 514 νῦν
1302 460 1359 513 δὲ
1385 461 1437 513 τί
1470 458 1585 513 ποτ’
1605 454 1673 529 ἦν
1691 459 1751 512 τὸ
1783 460 1940 526 ἁγια-

2046 460 2413 511 sanctuarium
2435 458 2527 511 Dei
2548 476 2564 516 :
2601 472 2747 512 nunc
2764 471 2893 511 vero
2916 454 3192 525 quodnam
3221 456 3291 510 sit
3310 455 3628 523 hujusmmli

365 562 585 632 στήριον
606 559 844 612 διδάσκει
877 556 1069 623 λέγων·
1086 555 1279 623 Κύριε,
1303 553 1374 605 ἐν
1393 550 1468 619 τῇ
1488 552 1658 604 πόλει
1681 566 1797 603 σου
1830 548 1945 616 τὴν

2052 550 2429 603 sanctuarium
2461 550 2655 604 edocet
2682 550 2769 605 his
2801 552 3002 611 verbis,
3036 548 3280 611 Domine,
3322 549 3374 600 in
3414 548 3630 603 civitate

362 652 566 705 εἰκόνα
588 648 788 703 αὐτῶν
810 645 1257 711 ἑξουδενώσεις.
1292 642 1482 696 Ἔνθεν
1510 642 1733 704 εἰκότως
1759 642 1788 693 ὁ
1804 640 1943 703 θεῖος

2051 647 2142 691 tua
2173 639 2456 708 imaginem
2492 641 2726 708 ipsorum
2751 639 2819 694 ad
2845 641 3068 695 nihilum
3089 638 3313 709 redigas.
3339 637 3496 693 Unde
3518 655 3633 694 mc-

377 738 716 802 ’Δπόστολος,
736 740 890 792 πόλιν
908 737 1156 809 οὐράνιον
1175 734 1308 789 Θεοῦ
1328 733 1483 797 εἰδὼς
1505 733 1706 801 ἔλεγεν·
1721 735 1945 799 Προσε-

2050 732 2158 783 rito
2189 730 2348 786 divus
2382 732 2699 802 Apostolus,
2729 733 2897 803 utqui
2929 734 3208 789 cmlestem
3232 730 3325 787 Dei
3349 731 3634 785 civitatem

361 830 709 902 ληλύθαμεν
736 829 889 884 Σιὼν
918 827 1038 898 ὄρει
1076 827 1173 882 καὶ
1209 828 1382 881 πόλει
1418 823 1566 879 Θεοῦ
1604 823 1818 889 ζῶντος
1849 823 1943 877 Ἰε-

2048 838 2257 891 nosset,
2293 826 2511 881 dicebat
2534 846 2550 880 Δ;
2586 826 2916 880 Accessimus
2939 829 3007 880 ad
3043 825 3173 882 Sion
3201 834 3449 888 montem,
3487 834 3537 878 et
3558 825 3635 877 ci-

356 922 681 993 ρουσαλὴμ
708 921 1061 990 ἐπουρανίῳ·
1092 919 1187 973 καὶ
1216 917 1394 972 πάλιν·
1432 914 1577 971 Ἡδὲ
1605 914 1946 982 ἃνωἸερου-

2049 922 2261 975 vitalem
2300 918 2394 973 Dei
2442 919 2659 973 viventis
2689 916 2991 971 Ierusalem
3043 917 3369 981 cwleslem‘;
3405 929 3469 969 ac
3507 929 3636 967 rur-

360 1014 572 1084 σαλὴμ
607 1013 893 1082 ἐλευθέρα
936 1011 1089 1066 ἐστί.
1137 1010 1354 1079 Ταύτην
1386 1003 1479 1063 οὖν
1528 1008 1622 1060 καὶ
1674 1008 1701 1059 ὁ
1754 1004 1944 1075 παρὼν

2048 1026 2202 1067 sum:
2223 1010 2330 1065 Illa
2362 1026 2480 1064 vero
2500 1025 2617 1080 qua:
2648 1026 2860 1063 sursum
2873 1018 2950 1063 est
2967 1007 3287 1072 Jerusalem,
3310 1006 3479 1061 libera
3498 1012 3578 1059 est
3590 1008 3636 1060 ⁸.

363 1108 658 1180 Προφήτης
682 1106 780 1178 τὴν
806 1106 961 1160 πόλιν
981 1103 1075 1158 τοῦ
1097 1102 1231 1157 Θεοῦ
1255 1102 1508 1173 σημαίνει
1527 1100 1722 1168 λέγων·
1744 1099 1941 1166 Κύριε,

2040 1099 2202 1156 'Hanc
2224 1101 2410 1171 itaque
2441 1099 2535 1156 Dei
2558 1100 2833 1154 civitatem
2857 1098 3129 1169 Propheta
3170 1098 3263 1169 qui
3300 1099 3413 1168 jam
3449 1096 3636 1170 loqui-

358 1202 432 1255 ἐν
452 1200 529 1271 τῇ
548 1204 721 1256 πόλει
758 1214 876 1254 σου
913 1199 1029 1267 τὴν
1055 1200 1258 1253 εἰκόνα
1276 1195 1477 1252 αὐτῶν
1496 1193 1940 1259 ἐξουδενώσεις.

2047 1200 2138 1247 tur
2191 1192 2272 1248 sic
2325 1191 2568 1247 indicat:
2608 1191 2847 1256 Domine,
2887 1194 2940 1245 in
2990 1192 3201 1245 civitate
3228 1201 3318 1244 tua
3344 1192 3632 1262 imaginem

362 1293 426 1347 Εἰ
453 1294 550 1365 μὲν
577 1292 685 1363 γὰρ
709 1289 874 1364 ἦσαν,
901 1291 1067 1362 φησὶ,
1112 1288 1445 1360 φυλάξαντες
1478 1287 1575 1359 τὴν
1609 1286 1705 1358 σὴν
1739 1286 1941 1353 εἰκόνα,

2046 1287 2285 1355 ipsorum
2311 1284 2380 1339 ad
2413 1285 2638 1339 nihilum
2676 1284 2897 1355 redigas.
2928 1283 3065 1338 Nam
3101 1285 3170 1351 si,
3196 1284 3392 1355 inquit,
3427 1284 3626 1356 imagi-

361 1385 589 1449 εἰκότως
619 1385 714 1438 καὶ
755 1385 852 1455 τῆς
900 1383 999 1453 σῆς
1043 1382 1252 1447 πόλεως
1284 1378 1637 1453 κατηξιοῦντο
1665 1397 1678 1410 ·
1734 1380 1856 1432 ἐπεὶ
1886 1378 1944 1432 δὲ

2048 1389 2172 1431 ηοω
2205 1381 2627 1431 conservassem
2678 1382 2854 1437 tuam,
2888 1373 3084 1427 merito
3116 1373 3339 1429 civitate
3398 1389 3622 1445 quoque

358 1471 669 1540 ἄνθρωπος
691 1471 763 1525 ἐν
790 1470 928 1541 τιμῇ
956 1469 1041 1524 ὢν
1066 1473 1138 1525 οὐ
1164 1470 1419 1539 συνῆκε,
1448 1468 1942 1539 παρεσυνεόλήθη

2046 1476 2143 1521 tua
2172 1466 2363 1520 donati
2393 1472 2580 1521 essent
2609 1484 2622 1520 :
2658 1471 2714 1518 at
2744 1464 2873 1533 quia
2903 1464 3057 1519 homo
3093 1481 3210 1518 cum
3239 1466 3295 1518 in
3321 1464 3518 1520 honore
3548 1482 3627 1521 es-

358 1564 485 1631 τοῖς
515 1565 763 1634 κτήνεσι
798 1564 924 1630 τοῖς
965 1564 1264 1634 ἀνοήτοις,
1300 1564 1399 1618 καί
1424 1563 1689 1634 ὡμοιώθη
1718 1562 1941 1629 αὐτοῖς,

2046 1567 2145 1625 set,
2181 1575 2286 1613 non
2320 1558 2581 1613 intellexit
2629 1572 2648 1610 :
2703 1569 3044 1624 comparatus
3097 1566 3174 1612 est
3204 1558 3463 1626 jumentis
3493 1559 3624 1614 insi-

357 1653 636 1722 ἀναλόγως
663 1671 723 1707 τε
749 1656 815 1725 τῇ
840 1653 1033 1707 ἑαυτοῦ
1097 1653 1263 1724 κακίᾳ
1300 1652 1490 1708 ἑαυτὸν
1524 1653 1946 1724 μετεμόρφωσεν

2046 1652 2328 1725 pientibus,
2374 1661 2422 1707 et
2465 1652 2657 1707 similis
2693 1651 2867 1719 factus
2917 1662 2994 1708 est
3040 1651 3151 1706 illis
3182 1654 3224 1716 ⁸,
3266 1662 3427 1723 atque
3460 1652 3626 1707 modo

356 1745 443 1809 εἰς
470 1746 664 1818 ἀγρίου
688 1744 855 1818 θηρὸς
886 1746 1085 1817 τρόπον
1113 1762 1194 1810 τε,
1223 1745 1417 1814 γέγονέ
1436 1762 1494 1800 τε
1519 1746 1684 1808 ἵππος
1701 1744 1945 1815 θηλυμα-

2048 1749 2269 1803 malitiae
2321 1763 2435 1803 sua:
2466 1749 2791 1817 congruenti
2820 1760 2944 1803 sese
2975 1748 3031 1800 in
3063 1748 3295 1817 agrestis
3328 1748 3456 1803 fera:
3499 1764 3624 1803 mo-

354 1807 476 1909 νὴς,
507 1807 1124 1911 η’λύκοςάρπακτικὸς.
1232 1807 1356 1907 but;
1384 1839 1479 1892 καὶ
1501 1807 1769 1909 γέννημα.
1797 1807 1938 1908 ἐχιδ-

2046 1856 2163 1895 rem
2178 1840 2592 1904 transmutavit,
2632 1839 2925 1910 factusque
2952 1846 3038 1895 est
3066 1855 3243 1910 equus
3271 1841 3622 1906 emissarius,

356 1929 487 1993 νῶν,
522 1929 556 2000 ἢ
589 1929 718 1984 ἄλλο
756 1947 810 1982 τι
835 1928 1043 1992 τούτοις
1090 1928 1490 2000 παραπλήσιον·
1537 1927 1726 1983 τούτου
1778 1928 1937 2000 χάριν

2046 1943 2139 1989 aut
2165 1933 2330 2003 lupus
2362 1947 2555 2003 rapax,
2611 1940 2706 1987 aut
2755 1947 2983 2002 serpens
3012 1940 3066 1986 et
3102 1931 3359 2003 genimen
3406 1932 3622 2002 vipera-

353 2020 548 2095 ὦσπερ
596 2021 846 2093 κίϐδηλον
890 2022 1133 2094 νόμισμα
1172 2020 1270 2093 τὴν
1316 2020 1570 2093 τοιαύτην
1608 2020 1791 2075 εἰκόνα
1837 2022 1938 2092 τῆς

2043 2040 2189 2090 rum,
2224 2024 2340 2080 sive
2377 2023 2514 2095 quid
2563 2024 2632 2079 iis
2675 2023 2889 2090 simile;
2948 2022 3075 2078 ideo
3130 2023 3294 2077 talem
3328 2023 3623 2095 imaginem

354 2115 553 2170 ἑαυτοῦ
589 2116 797 2181 πόλεως
820 2116 1149 2188 ἀπορρίπτει
1174 2116 1203 2169 ὁ
1228 2113 1384 2178 Θεὸς,
1425 2113 1713 2179 ἐξουδενῶν
1744 2112 1933 2185 αὐτὴν,

2042 2116 2202 2187 quasi
2249 2114 2621 2169 adulterinum
2663 2114 2939 2169 numisma
2990 2129 3055 2168 ex
3091 2114 3311 2169 civitate
3344 2131 3444 2169 sua
3479 2114 3622 2169 Deus

351 2206 478 2261 οὐδὲ
520 2205 678 2274 ἀξίαν
722 2206 924 2280 κρίνων
964 2206 1071 2260 τῶν
1113 2207 1172 2259 ὲν
1221 2207 1289 2278 τῇ
1343 2205 1493 2259 πόλει
1520 2205 1686 2259 αὐτοῦ
1735 2204 1933 2275 μονῶν.

2044 2208 2252 2278 abjicit,
2286 2207 2355 2261 ad
2399 2207 2629 2262 nihilum
2665 2207 2883 2277 redigit,
2927 2221 3104 2275 neque
3140 2206 3359 2277 dignam
3413 2205 3625 2274 judicat

350 2297 558 2351 Πολλαὶ
602 2297 711 2369 γάρ
764 2298 924 2369 μοναί
970 2296 1123 2368 παρὰ
1163 2295 1242 2366 τῷ
1265 2296 1459 2368 Πατρί·
1488 2295 1553 2350 δι’
1586 2296 1615 2349 ὃ
1655 2295 1931 2349 λέλεκται’

2043 2301 2153 2357 illis
2185 2298 2429 2354 civitatis
2461 2314 2575 2354 sum
2608 2298 3009 2353 mansionibus.
3056 2296 3193 2351 Nam
3226 2297 3374 2367 apud
3403 2296 3619 2351 Patrem

350 2391 551 2459 Κύριε,
577 2388 649 2442 ἐν
673 2386 749 2456 τῇ
772 2388 943 2441 πόλει
955 2402 1073 2441 σου
1098 2385 1213 2454 τὴν
1239 2386 1443 2439 εἰκόνα
1469 2385 1667 2439 αὐτῶν
1693 2384 1935 2450 ἐξουθε-

2045 2390 2361 2445 mansiones
2384 2388 2570 2443 multa:
2597 2397 2744 2444 sunt.
2773 2388 2954 2454 Quare
2981 2388 3188 2443 dictum
3220 2394 3307 2443 est
3339 2407 3350 2442 :
3380 2386 3622 2452 Domine,

349 2481 587 2552 νήσεις.
646 2478 817 2533 Τοῦτο
859 2479 957 2549 μὲν
1004 2472 1097 2531 οὖν
1136 2476 1489 2549 προφητικῶς
1525 2478 1555 2528 ὁ
1597 2476 1768 2547 Ἀσάφ
1801 2477 1938 2530 ἀπε-

2042 2481 2098 2534 in
2126 2481 2343 2535 civitate
2375 2489 2468 2533 tua
2500 2480 2787 2550 imaginem
2840 2480 3073 2549 ipsorum
3111 2478 3180 2532 ad
3223 2479 3448 2533 nihilum
3484 2478 3627 2532 redi-

352 2571 648 2644 φθέγξατο,
679 2570 867 2641 ὥσπερ
900 2568 1240 2632 ἐπιθειάσας,
1273 2567 1448 2621 καὶτὸ
1474 2568 1666 2639 μέλλον
1694 2586 1935 2637 πεφωτι-

2042 2587 2153 2643 ges.
2188 2569 2301 2625 Hoc
2332 2570 2515 2639 itaque
2540 2569 2859 2639 prophetice
2882 2570 3064 2639 Asaph
3086 2567 3242 2638 quasi
3284 2566 3496 2621 amatus
3513 2565 3556 2619 Ν
3565 2583 3627 2619 ιι-

353 2664 577 2735 σμένοις
601 2661 782 2733 ψυχῆς
808 2660 1107 2731 ὀφθαλμοῖς
1144 2658 1489 2730 τεθεαμένος.
1528 2659 1639 2729 Τὴν
1667 2657 1723 2712 δὲ
1757 2659 1937 2712 αἰτίαν

2043 2663 2211 2728 mine,
2241 2676 2306 2716 ac
2347 2660 2671 2715 illuminatis
2712 2661 2914 2715 mentis
2952 2661 3129 2714 oculis
3162 2659 3347 2713 futura
3373 2667 3624 2711 contmn-

349 2755 421 2811 δι’
448 2754 519 2824 ἣν
558 2752 831 2825 ἐφωτίσθη
861 2751 959 2825 τὴν
1002 2750 1156 2806 πόλιν
1182 2749 1276 2806 τοῦ
1304 2748 1442 2803 Θεοῦ
1476 2750 1728 2818 συνιδεῖν,
1765 2750 1933 2822 παρί-

2045 2756 2247 2828 platus,
2280 2754 2498 2809 locutus
2532 2760 2641 2808 est.
2669 2752 2906 2808 Causam
2946 2767 3078 2807 vero
3127 2766 3229 2806 cur
3279 2751 3624 2805 illuminatus

352 2862 514 2918 στησι
538 2845 713 2914 λέγων
742 2844 891 2916 ἑξῆς·

2048 2848 2121 2904 sit
2148 2846 2217 2902 ad
2247 2845 2527 2902 civitatem
2565 2843 2654 2900 Dei
2683 2843 3134 2914 conspiciendam
3164 2857 3290 2896 mox
3332 2841 3510 2912 aperit
3538 2839 3624 2893 di-

2047 2954 2225 2995 cens:

427 3029 557 3082 ’Ὅτι
589 3027 882 3096 ἐξεκαύθη
900 3027 940 3095 ἠ
959 3026 1172 3096 καρδία
1196 3044 1338 3096 μου,
1361 3026 1459 3079 καὶ
1499 3029 1553 3081 οἱ
1588 3031 1798 3098 νεφροί
1817 3048 1938 3099 μου

2116 3029 2285 3086 Vsus.
2337 3030 2529 3085 2l—‘24.
2574 3029 2715 3096 Quia
2744 3028 3139 3098 inﬂammatum
3197 3037 3274 3081 est
3303 3043 3395 3080 cor
3428 3041 3622 3091 meum,

344 3117 790 3188 ἠλλοιώθησαν.
809 3117 1023 3189 Ἐπειδὴ
1038 3117 1144 3190 γὰρ
1159 3116 1352 3187 ζηλῶν
1366 3118 1637 3189 ἐζήλωσα
1650 3119 1730 3186 τῷ
1744 3124 1940 3192 Κυρίῳ

2047 3134 2098 3178 et
2126 3140 2273 3179 renes
2302 3123 2403 3177 mei
2425 3121 2735 3177 commutati
2775 3131 2919 3175 sunt.
2952 3118 3090 3186 Quia
3126 3119 3271 3174 enim
3317 3119 3428 3173 zelo
3456 3120 3624 3173 zelavi

348 3207 495 3263 κατά
505 3208 595 3262 τὸν
610 3209 893 3280 προφήτην
913 3207 1120 3270 Ἠλίαν,
1138 3206 1459 3280 ὲξειλκόμην
1470 3226 1530 3262 τε
1538 3212 1649 3274 τοῖς
1665 3215 1941 3284 λογισμοῖς

2045 3217 2273 3272 Domino
2298 3254 2313 3281 ,
2348 3213 2651 3285 secundum
2700 3212 2870 3267 Eliam
2898 3210 3221 3282 prophetam
3249 3211 3293 3274 ",
3338 3215 3627 3283 cogitatio-

346 3295 494 3371 ὀρῶν
506 3296 720 3359 ἀσεϐεῖς
740 3295 1195 3367 εὐθυμουμένους·
1211 3296 1347 3351 ἀλλά
1366 3299 1459 3352 καὶ
1479 3299 1797 3373 ὲπυρούμην
1816 3305 1941 3367 τοὺς

2044 3310 2315 3380 uibusque
2335 3306 2665 3363 detrahehar
2684 3320 2809 3360 cum
2833 3318 3114 3363 cernerem
3140 3306 3338 3377 impios
3365 3320 3624 3377 prospere

347 3386 585 3459 νεφροὺς
606 3387 700 3440 καὶ
715 3385 782 3439 τὰ
805 3384 944 3456 βάθη
967 3387 1037 3440 τὰ
1063 3383 1269 3458 κρύφια
1280 3386 1633 3458 τῆςὲμαυτοῦ
1650 3391 1850 3464 ψυχῆς*
1871 3392 1938 3446 δι’

2045 3415 2243 3472 agere;
2275 3400 2386 3452 imo
2409 3398 2576 3453 etiam
2609 3411 2771 3452 rencs
2814 3398 2924 3452 mei
2954 3411 3172 3452 necnon
3211 3395 3484 3467 profunda
3528 3411 3625 3449 oc-

344 3480 377 3533 ὃ
400 3479 495 3534 καὶ
515 3477 717 3547 ἔλεγον,
751 3478 873 3532 Ὅτι
897 3476 1170 3546 ἐζήλωσα
1199 3478 1299 3532 ἐπὶ
1332 3478 1457 3547 τοῖς
1482 3481 1749 3551 ἀνόμοις,
1784 3483 1942 3553 εἰρή-

2043 3496 2300 3564 cultaque
2344 3492 2539 3547 animae
2588 3506 2724 3547 mea:
2769 3489 3105 3558 urebantur;
3170 3488 3293 3544 ideo
3347 3489 3621 3555 dicebam,

345 3588 470 3641 νην
495 3568 858 3639 ἁμαρτωλῶν
885 3569 1134 3637 θεωρῶν⁴
1171 3569 1360 3624 τούτου
1389 3570 1547 3644 χάριν
1563 3572 1804 3645 ἠξιώθην
1830 3593 1941 3645 φω-

2046 3584 2188 3652 Quia
2211 3584 2377 3639 zelavi
2403 3598 2561 3652 super
2587 3582 2818 3652 iniquos,
2851 3596 3033 3650 pacem
3061 3589 3396 3650 peccatorum
3419 3580 3619 3634 videns.

346 3661 604 3734 τισθῆναι
635 3661 741 3714 ὑπὸ
762 3662 856 3715 τοῦ
884 3660 1201 3732 Πνεύματος
1231 3663 1327 3717 καὶ
1364 3664 1465 3734 τὴν
1500 3664 1653 3718 πόλιν
1687 3666 1814 3721 ἰδεῖν
1845 3667 1939 3721 τοῦ

2042 3673 2224 3740 Quare
2255 3685 2581 3727 concessum
2607 3670 2740 3724 mihi
2783 3669 2883 3724 fuit
2916 3679 2976 3725 ut
3015 3670 3359 3734 illuminarer
3384 3686 3415 3723 a
3441 3670 3620 3740 Spiri-

342 3753 512 3820 Θεοῦ,
554 3752 680 3816 τούς
723 3768 782 3805 τε
814 3751 997 3818 ἀξίους
1046 3753 1217 3824 αὐτῆς
1252 3755 1348 3808 καὶ
1388 3756 1513 3819 τοὺς
1561 3756 1658 3829 μή.
1703 3759 1847 3812 Ἀντὶ
1884 3759 1941 3813 δὲ

2040 3772 2117 3820 tu
2155 3773 2211 3820 et
2241 3763 2480 3819 viderem
2508 3763 2785 3819 civitatem
2835 3763 2950 3829 Dei,
2994 3778 3206 3819 necnon
3239 3780 3336 3821 cos
3383 3765 3478 3836 qui
3529 3765 3619 3819 illa

341 3846 446 3903 τοῦ
465 3845 825 3915 ,Ἐξεκαύθη
861 3845 899 3912 ἡ
931 3844 1146 3914 καρδία
1165 3862 1285 3914 μου
1304 3883 1319 3910 ,
1350 3847 1379 3898 ὁ
1410 3846 1724 3919 Σύμμαχος,
1753 3852 1940 3905 Συνε,

2044 3859 2161 3914 sive
2191 3856 2366 3927 digni,
2400 3855 2516 3911 sive
2545 3855 2756 3926 indigni
2786 3864 2935 3910 sunt.
2967 3853 3075 3911 Pro
3117 3857 3212 3911 illo
3256 3864 3464 3922 autem,
3525 3846 3621 3911 In-

338 3938 661 4004 στέλλετο,
703 3938 887 4009 φησὶν,
916 3937 956 4005 ἡ
990 3937 1202 4006 καρδία
1215 3956 1335 4007 μου
1354 3977 1371 4002 ,
1397 3940 1495 3994 καὶ
1511 3940 1685 4006 ἐντὸς
1704 3941 1822 3996 τῶν
1845 3960 1940 3997 νε.

2041 3949 2378 4018 ﬂammatum
2405 3956 2483 4001 est
2530 3961 2621 4000 cor
2652 3961 2846 4009 meum,
2880 3943 3266 4017 Symmachus,
3324 3947 3617 4005 Contrane-

339 4030 517 4103 φρῶν
542 4047 662 4101 μου
708 4027 1064 4098 διελεγόμην
1100 4028 1449 4100 ἀντιλέγων.
1478 4027 1592 4084 Εἶθ’
1633 4032 1762 4104 ἑξῆς
1790 4032 1940 4105 εῖρη-

2042 4039 2217 4104 batur,
2249 4038 2448 4108 inquit,
2477 4052 2569 4092 cor
2603 4051 2797 4099 meum,
2827 4045 2876 4088 et
2914 4036 3059 4090 intra
3089 4054 3239 4092 renes
3267 4055 3406 4093 meos
3446 4041 3619 4094 ratio-

343 4139 465 4178 ταιο
507 4123 618 4177 Kal
658 4120 774 4192 ἐγώ
814 4120 1318 4189 ἐξουθενημένος,
1368 4121 1466 4175 καί
1511 4124 1624 4177 οὐκ
1668 4124 1880 4196 ἔγνων·
1910 4126 1939 4181 ὃ

2041 4130 2263 4184 cinabar
2294 4128 2680 4183 contradicens.
2714 4126 2921 4182 Deinde
2951 4126 3154 4182 dicitur
3179 4148 3191 4183 :
3214 4128 3283 4182 Et
3303 4146 3395 4202 ego
3436 4131 3505 4203 ad
3538 4114 3636 4186 ni-l

339 4216 411 4288 δὴ
437 4214 770 4285 σαφέστερον
792 4213 1139 4284 ήρμήνευσεν
1161 4214 1191 4265 ὁ
1218 4213 1514 4285 Σύμμαχος
1531 4206 1722 4283 εἰπὼν,
1741 4218 1939 4287 Ἤμην

2040 4224 2209 4279 hilum
2243 4222 2488 4278 redactus
2519 4238 2662 4284 sum,
2691 4230 2740 4276 et
2761 4222 2991 4284 nescivi;
3021 4224 3168 4292 quod
3204 4224 3411 4280 clarius
3448 4227 3619 4279 inter-

340 4307 415 4363 δὲ
443 4305 871 4375 ἀνεπιστήμων
900 4304 1000 4359 καὶ
1025 4303 1112 4374 μὴ
1152 4305 1341 4373 εἰδώς·
1369 4307 1463 4360 καὶ
1491 4307 1670 4361 πάλιν·
1704 4311 1939 4377 Κτηνώ-

2041 4325 2288 4389 pretatus
2330 4314 2695 4388 Symmachus
2747 4324 2833 4370 est
2875 4314 3088 4377 dicens,
3129 4316 3293 4369 liram
3330 4317 3532 4372 inscius
3568 4328 3619 4373 et

338 4399 461 4467 δης
479 4396 772 4467 ἐγενήθην
788 4396 947 4464 παρὰ
971 4397 1096 4450 σοίο
1125 4396 1158 4468 ἢ
1187 4396 1326 4452 κατὰ
1344 4397 1437 4451 τὸν
1462 4398 1776 4471 Σύμμαχον,
1791 4403 1939 4469 Κτη-

2040 4429 2144 4468 non
2172 4426 2504 4481 cognoscens.
2537 4408 2775 4465 Rursum
2809 4426 2823 4463 :
2861 4405 2928 4461 Ut
2947 4407 3247 4477 jumentum
3294 4410 3467 4478 factus
3501 4426 3619 4464 sum

338 4488 553 4555 νωδῶς
580 4487 892 4543 διετέλεσα
927 4487 1087 4557 παρὰ
1120 4489 1243 4544 σοί.
1273 4489 1381 4544 Kal
1422 4490 1556 4560 ἐγὼ,
1590 4492 1775 4563 φησὶν,
1813 4493 1937 4548 δια-

2041 4508 2180 4577 apud
2214 4515 2291 4569 te;
2324 4504 2440 4562 sive
2470 4503 2774 4560 secundum
2807 4500 3217 4573 Symmachum,
3254 4498 3494 4557 Jumenti
3536 4504 3617 4557 in-

340 4579 578 4648 παντὸς
607 4579 757 4650 μετὰ
783 4578 919 4634 σοῦ·
948 4579 1090 4633 κατά
1105 4580 1163 4633 δὲ
1190 4580 1279 4634 τὸν
1306 4580 1623 4652 Σύμμαχον,
1654 4585 1766 4638 Kal
1796 4598 1940 4638 συν-

2039 4602 2155 4648 star
2193 4602 2432 4647 versatus
2461 4608 2578 4647 sum
2605 4592 2745 4660 apud
2779 4600 2846 4646 te.
2894 4591 2963 4644 Et
3004 4608 3116 4663 ego,
3165 4592 3364 4662 inquit,
3417 4608 3618 4662 semper

338 4676 513 4747 ήμην
556 4688 656 4729 σοι
698 4673 1043 4738 διαπαντός.
1082 4674 1148 4726 Εἰ
1205 4673 1314 4746 γὰρ
1358 4673 1450 4728 καὶ
1489 4674 1560 4728 τὰ
1604 4675 1837 4745 μάλιστα
1868 4677 1930 4729 οὐ

2040 4693 2241 4747 tecum;
2272 4683 2573 4741 secundum
2592 4683 2980 4755 Symmachum
3006 4694 3209 4748 autem,
3237 4682 3304 4735 Et
3322 4700 3430 4738 una
3447 4693 3634 4759 tecum.

344 4767 571 4838 συνείην
601 4766 730 4838 πρὶν
755 4765 1087 4837 φωτισθῆναι
1112 4765 1208 4818 καὶ
1239 4765 1444 4834 γνῶναι
1463 4766 1533 4820 τὰ
1559 4769 1687 4837 περὶ
1710 4770 1806 4840 τῆς
1830 4768 1931 4839 σῆς

2032 4792 2181 4828 eram
2203 4791 2425 4844 semper.
2449 4773 2566 4829 Etsi
2588 4774 2733 4829 enim
2770 4790 2880 4828 non
2907 4774 3269 4845 intelligebam
3294 4774 3614 4845 priusquam

344 4858 559 4919 πόλεως
582 4855 901 4928 λελεγμένα,
927 4855 1022 4909 καὶ
1046 4855 1116 4910 τὰ
1148 4856 1278 4927 περὶ
1298 4856 1399 4927 τῆς
1429 4859 1636 4924 εἰκόνος
1667 4859 1775 4914 τῶν
1805 4859 1930 4912 ἀσε-

2034 4867 2373 4922 illuminarer
2392 4882 2458 4921 ac
2501 4881 2564 4921 ea
2591 4881 2979 4938 cognoscerem
3002 4881 3123 4937 quae
3157 4866 3224 4921 de
3247 4868 3475 4924 civitate
3494 4874 3611 4934 tua,

343 4949 483 5005 ϐῶν*
516 4949 611 5002 καὶ
652 4949 702 5001 εἰ
729 4945 887 5019 δίκην
919 4947 1116 5016 ἀλόγου
1160 4948 1393 5018 κτήνους
1418 4950 1695 5004 διετέλεσα
1734 4952 1930 5021 πρότε-

2038 4974 2328 5015 necnonea
2355 4974 2476 5031 qua:
2500 4959 2568 5014 de
2598 4960 2837 5030 imagine
2860 4960 3150 5029 impiorum
3179 4960 3326 5016 dicta
3360 4970 3522 5027 sunt;
3549 4978 3613 5016 ac

345 5061 444 5116 ρον
473 5042 828 5113 ἀνοηταίνων,
851 5041 945 5095 καὶ
974 5040 1049 5114 μὴ
1074 5041 1369 5113 δυνάμενος
1390 5043 1667 5097 ἐπιϐαλεῖν
1693 5047 1804 5109 τοῖς
1832 5045 1933 5116 τῆς

2035 5050 2254 5106 etiamsi
2278 5052 2453 5105 instar
2467 5051 2611 5107 bruti
2626 5051 2857 5119 jumenti
2882 5052 3032 5121 prius
3053 5051 3326 5122 degerem,
3347 5053 3616 5122 insipiens

342 5138 450 5209 σῆς
484 5134 738 5206 προνοίας
771 5133 969 5202 λόγοις⁸
1013 5135 1163 5205 ὅμως
1199 5136 1299 5189 οὐκ
1333 5134 1792 5208 ἀπελιμπανόμην
1834 5155 1928 5191 σου

2034 5152 2137 5192 nec
2157 5138 2509 5208 providentiae
2529 5149 2637 5195 tua:
2657 5142 2920 5196 rationem
2940 5141 3204 5211 attingere
3226 5142 3413 5195 valens
3434 5159 3448 5205 ;
3469 5151 3613 5195 atta-

338 5228 443 5283 τοῦ
463 5226 626 5290 Θεοῦ,
653 5226 774 5280 οὐδὲ
797 5226 1085 5291 ἐξέπιπτον
1098 5228 1194 5298 τῆς
1223 5228 1315 5281 ἐπὶ
1339 5228 1397 5281 σὲ
1420 5227 1655 5291 ἐλπίδος,
1683 5230 1813 5300 συνή
1824 5246 1930 5299 μην

2037 5246 2163 5286 men
2183 5232 2280 5289 abs
2294 5240 2365 5297 te,
2385 5232 2549 5297 Deus,
2578 5250 2687 5288 non
2705 5233 3017 5295 deserehar.
3049 5248 3228 5304 neque
3252 5234 3351 5288 abs
3375 5248 3471 5303 spe
3493 5250 3612 5288 mea

338 5321 400 5375 δέ
430 5335 516 5373 σοι
553 5318 876 5382 διαπαντόςο
919 5319 1015 5372 καὶ
1046 5319 1190 5372 τοῦτ’
1225 5319 1493 5392 ἔπραττον
1524 5321 1624 5373 οὐκ
1665 5319 1725 5386 ἐξ
1763 5322 1933 5391 ἐμαυ-

2040 5323 2093 5380 in
2117 5335 2168 5378 te
2195 5326 2435 5396 reposita
2459 5326 2800 5389 cxcidebam,
2824 5325 3031 5395 tibique
3051 5340 3265 5395 semper
3286 5326 3505 5380 aderam
3524 5346 3538 5382 :
3557 5335 3610 5381 et

340 5410 445 5464 τοῦ
471 5410 772 5481 δυνάμεως,
795 5410 911 5464 ἀλλ’
937 5413 1002 5463 ὲκ
1020 5410 1123 5482 τῆς
1144 5412 1243 5483 σῆς
1272 5412 1513 5484 χάριτος.
1537 5413 1609 5467 Σὺ
1639 5413 1746 5484 γὰρ
1769 5414 1931 5479 αὐτὸς

2040 5412 2142 5470 hoc
2188 5416 2414 5486 agebam
2466 5431 2576 5470 non
2620 5430 2741 5471 mea
2784 5415 3001 5478 virtute,
3038 5416 3131 5471 sed
3164 5417 3339 5486 gratia
3380 5424 3492 5469 tua.
3530 5414 3612 5470 Tu

342 5506 413 5574 τῇ
440 5503 640 5557 σαυτοῦ
667 5498 1072 5577 φιλανθρωπίᾳ,
1098 5508 1196 5577 τῆς
1230 5507 1371 5577 ἐμῆς
1401 5505 1580 5570 δεξιᾶς
1608 5506 1789 5577 χειρὸς
1812 5509 1932 5561 ἐπι-

2036 5525 2273 5580 namque
2296 5509 2636 5563 humanitate
2656 5516 2771 5571 tua,
2796 5516 3010 5576 arrepta
3034 5524 3196 5561 manu
3222 5507 3444 5562 dextera
3466 5522 3606 5568 mea,

345 5590 649 5662 λαϐόμενος
670 5633 685 5657 ,
717 5594 959 5663 συνεῖχες
990 5595 1086 5648 καὶ
1113 5588 1418 5667 δίεκράτεις
1450 5595 1586 5666 πρὸς
1614 5596 1674 5647 τὸ
1717 5594 1791 5667 μὴ
1815 5596 1931 5650 δια-

2038 5617 2124 5657 me
2157 5601 2444 5657 detinehas
2474 5601 2949 5671 astringebasquc,
2984 5608 3042 5654 ut
3086 5615 3154 5654 ne
3201 5599 3640 5673 eﬂ‘underentur_

422 5762 636 5823 ‘iﬂebr.
669 5783 766 5836 xu,
792 5766 881 5822 2‘2.
984 5767 1006 5799 ⁸
1034 5767 1210 5823 Galat.
1248 5784 1317 5832 iv,
1349 5767 1438 5823 26.
1518 5769 1537 5797 “
1565 5766 1708 5824 Psal.
1737 5783 1939 5833 xum,
1975 5769 2065 5823 2|.
2141 5772 2160 5801 "
2185 5770 2226 5825 li
2255 5771 2384 5843 Reg.
2420 5789 2534 5838 xix,
2570 5771 2660 5829 10.
