4056 6390
398 336 506 389 84⁸7

1075 333 1346 394 EUSEBII
1387 332 1876 390 CESARIENSIS
1914 331 2064 389 OPP.
2108 333 2292 387 PARS
2329 331 2418 388 Ill.
2458 359 2530 372 -α-
2567 331 2979 390 EXEGETICA.

3560 338 3665 394 848

397 457 625 527 vestigia
658 471 797 522 mea,
826 471 1004 526 neque
1034 457 1200 526 pedes
1235 463 1585 510 moverentur
1613 470 1642 506 a
1672 469 1790 508 mea
1831 452 1966 524 apud

2080 452 2290 523 χεῖσθαί
2322 470 2424 523 μου
2466 452 2534 506 τά
2566 454 2898 524 διαδήματα,
2937 454 3069 525 μηδέ
3096 473 3219 518 τους
3238 455 3402 522 πόδας
3435 477 3536 530 μου
3567 478 3638 513 σα

394 557 448 602 te
473 549 727 603 statione.
754 548 1104 618 Quapropter
1129 547 1255 600 dico
1293 566 1302 598 :
1348 545 1584 599 Tenuisti
1612 560 1825 597 manum
1846 541 1976 595 dex-

332 673 337 678 ~
395 651 562 696 teram
606 657 798 696 meam.
829 641 1034 695 Bonam
1063 641 1267 710 quippe
1291 638 1568 693 dexteram
1608 636 1805 700 habui,
1835 651 1968 706 pra:-

392 733 630 788 va‘lidam
666 743 718 786 et
751 737 1058 801 paternam,
1092 731 1317 786 dextera
1349 730 1533 783 omnia
1564 737 1617 782 ct
1648 729 1745 782 tibi
1773 729 1973 796 placita

389 829 744 893 peragentem
787 837 1006 890 :quare
1053 828 1270 891 arrepta
1338 821 1452 884 illa,
1496 821 1550 872 in
1585 819 1851 874 voluntate
1883 834 1974 873 tua

390 914 662 968 deduxisti
694 927 811 976 me;
844 913 960 966 sive
980 913 1282 966 secundum
1312 910 1724 982 Symmachum,
1751 912 1974 966 consilio

391 1014 482 1058 tuo
511 1004 714 1057 duxisti
738 1019 838 1066 me,
882 1018 911 1056 a
957 1005 1176 1058 mortali
1207 1020 1291 1057 me
1323 1006 1432 1056 vita
1469 1003 1784 1066 traducens,
1821 1011 1874 1058 et
1904 1005 1972 1058 ad

389 1094 748 1163 tranquillum
783 1101 1072 1162 tutumque
1108 1092 1315 1162 requiei
1371 1099 1475 1145 tua:
1527 1100 1746 1160 portum
1801 1089 1974 1145 dedu-

391 1201 558 1252 cens;
595 1186 669 1238 ita
700 1191 759 1238 ut
793 1185 837 1240 si
863 1183 1147 1237 dexteram
1179 1197 1354 1236 meam
1390 1197 1498 1237 non
1531 1182 1828 1248 tenuisses,
1855 1182 1971 1251 jam

388 1279 520 1330 olim
573 1278 733 1348 quasi
782 1292 810 1329 a
866 1283 1112 1331 torrente
1146 1276 1430 1344 abreptus,
1464 1275 1806 1344 pedibusque
1841 1275 1973 1328 sub-

387 1385 604 1434 versus,
644 1369 698 1422 in
751 1376 1052 1423 extremam
1105 1368 1406 1437 perniciem
1460 1368 1725 1436 delapsus
1766 1383 1967 1421 essent.

389 1459 546 1515 Nunc
581 1475 709 1515 vero
747 1471 803 1514 tu
837 1461 952 1529 ipse
984 1461 1200 1534 tenuisti
1230 1476 1445 1512 manum
1477 1459 1748 1512 dexteram
1776 1474 1968 1522 meam,

385 1561 436 1604 et
468 1552 522 1604 in
552 1551 822 1605 voluntate
853 1561 946 1604 tua
979 1550 1253 1604 deduxisti
1289 1567 1366 1603 me
1408 1565 1425 1602 :
1473 1565 1537 1604 ac
1585 1551 1806 1604 demum
1846 1557 1972 1620 post

387 1655 719 1700 memoratas
775 1645 1104 1700 tentationes
1174 1650 1229 1698 ct
1299 1651 1652 1712 tempestates
1728 1641 1968 1696 animam

387 1739 772 1808 perturbantes
813 1753 1012 1798 meam,
1061 1735 1180 1790 sine
1211 1733 1456 1802 periculo
1485 1748 1582 1804 per
1615 1733 1738 1788 vitae
1770 1731 1970 1787 ﬂuctus

2077 545 2328 599 λεύεσθαι
2351 547 2449 616 τῆς
2470 545 2621 616 παρά
2649 548 2730 599 σοὶ
2755 547 3016 610 στάσεως.
3050 549 3141 600 Διό
3177 567 3336 622 φημι·
3385 550 3638 619 Ἕκράτη

2075 650 2194 701 σας
2226 635 2336 704 τῆς
2359 636 2549 706 χειρὸς
2600 636 2710 705 τῆς
2744 637 2945 703 δεξιᾶς
2978 657 3117 707 μου.
3155 637 3313 710 Εἶχον
3342 642 3452 712 γὰρ
3491 642 3664 714 καλὴν

2074 727 2273 793 δεξιὰν,
2308 729 2625 800 ἐρρωμένην
2655 730 2746 784 καὶ
2775 730 3045 802 πατρικὴν
3075 730 3174 801 (ι),
3210 731 3278 785 τά
3315 732 3464 797 δεξιά
3485 733 3662 787 πάντα

2076 822 2171 875 καὶ
2185 822 2251 875 τά
2273 838 2356 874 σοι
2378 822 2583 892 ἀρεστά
2615 823 2981 894 πράττουσαν·
3011 824 3078 878 δι’
3102 824 3130 876 ὃ
3155 825 3549 896 ἐπιλαϐόμενος
3564 826 3662 880 alia

2076 917 2192 987 τῆς,
2222 913 2297 984 τῇ
2313 915 2518 984 ,βουλῇ
2543 933 2658 969 σου
2698 915 3020 985 ὡδήγησάς
3049 932 3146 985 με’
3183 917 3216 987 ἢ
3244 917 3388 971 κατὰ
3409 918 3500 971 τὸν
3518 917 3664 990 Σύμ-

2077 1027 2272 1081 μαχον,
2303 1007 2376 1077 τῇ
2397 1010 2735 1078 συμϐουλίᾳ
2773 1025 2890 1064 σου
2926 1009 3249 1078 ὡδήγησάς
3273 1027 3352 1080 με
3371 1050 3386 1075 ,
3415 1011 3508 1064 τὸν
3537 1009 3661 1083 θνη-

2074 1099 2165 1154 τὸν
2187 1098 2600 1170 διαπορθμεύων
2623 1097 2758 1168 βίον,
2794 1099 2886 1152 καὶ
2913 1099 2994 1162 εἰς
3013 1097 3188 1152 εὖδιον
3215 1101 3310 1153 καὶ
3338 1100 3552 1171 ἀσφαλῆ
3581 1100 3663 1154 λι-

2079 1194 2213 1265 μένα
2239 1195 2338 1264 τῆς
2373 1193 2522 1264 παρά
2553 1194 2636 1246 σοὶ
2671 1192 3030 1257 ἀναπαύσεως
3053 1193 3410 1266 χειραγωγῶν
3438 1211 3528 1262 με’
3564 1195 3661 1261 ὡς,

2075 1286 2129 1338 εί
2146 1303 2208 1355 γε
2236 1285 2310 1357 μὴ
2339 1286 2436 1356 τῆς
2465 1284 2646 1349 δεξιᾶς
2669 1286 2766 1356 τῆς
2791 1285 2932 1357 ἐμῆς
2958 1287 3342 1358 κεκρατήκεις,
3368 1286 3538 1340 πάλαι
3572 1287 3662 1350 ἂν,

2074 1377 2266 1448 ῶσπερ
2321 1377 2425 1430 ὑπὸ
2477 1378 2780 1449 χειμάρρου
2839 1378 3245 1448 κατασύροντος
3300 1381 3665 1451 περιτραπεὶς

2073 1469 2200 1530 τοὺς
2222 1468 2323 1538 τῆς
2346 1468 2521 1539 ψυχῆς
2543 1469 2731 1531 πόδας,
2750 1468 3006 1540 πτώματι
3029 1471 3392 1540 περιέπιπτον
3415 1472 3655 1545 ἐξαισίῳ.

2074 1559 2188 1612 Νῦν
2209 1559 2267 1612 δέ
2297 1559 2360 1612 σὺ
2389 1560 2551 1623 αὐτὸς
2576 1559 2914 1628 ἐκράτησας
2947 1561 3058 1629 τῆς
3086 1561 3284 1631 χειρὸς
3313 1561 3423 1632 τῆς
3459 1563 3665 1632 δεξιᾶς

2067 1667 2207 1720 μου,
2237 1650 2332 1703 καὶ
2361 1651 2432 1703 ἐν
2453 1648 2528 1717 τῇ
2544 1649 2749 1719 βουλῇ
2777 1666 2892 1705 σου
2914 1651 3234 1721 ὡδήγησάς
3248 1670 3346 1722 με.
3375 1654 3484 1706 Καὶ
3510 1653 3663 1719 τέλος

2075 1741 2214 1811 μετά
2240 1742 2364 1804 τοὺς
2388 1741 2725 1810 δηλωθέντας
2751 1745 3087 1814 πειρασμοὺς
3114 1746 3207 1798 καὶ
3228 1745 3354 1809 τοὺς
3386 1747 3663 1817 χειμῶνας

387 1829 684 1886 deductum
719 1845 834 1881 cum
857 1830 1032 1898 gloria
1067 1827 1346 1894 suscepisti
1379 1842 1481 1889 me,
1512 1825 1650 1880 nihil
1687 1825 1742 1878 in
1768 1832 1851 1879 tot
1880 1840 1966 1878 ca-

2072 1808 2198 1896 τοὺς
2222 1808 2732 1906 ἀναθορυϐήσαντάς
2767 1808 2870 1906 μου
2907 1808 3005 1906 την
3037 1835 3214 1908 ψυχὴν
3234 1878 3249 1902 ,
3279 1808 3553 1908 διαγαγὼν
3592 1808 3659 1912 με

387 1927 540 1980 sibus
604 1925 732 1979 mali
795 1938 1137 1994 perpessum.
1197 1920 1512 1976 Secundum
1579 1918 1969 1991 Symmachum

386 2026 590 2082 autem,
630 2016 924 2089 Postremo,
961 2015 1056 2081 ait,
1079 2013 1247 2069 honor
1264 2029 1343 2066 me
1371 2012 1590 2080 excepit.

457 2307 627 2361 Vens.
659 2301 857 2360 95-98.
905 2300 1046 2368 Quid
1063 2301 1201 2355 enim
1237 2298 1365 2352 mihi
1398 2307 1474 2353 est
1506 2298 1559 2352 in
1595 2297 1747 2364 cwlo,
1777 2308 1826 2351 et
1858 2315 1890 2352 a
1923 2307 1971 2351 te

388 2400 511 2472 quid
539 2398 678 2452 volui
719 2411 874 2464 super
903 2395 1142 2448 terram?
1173 2391 1346 2451 Tuus.
1393 2391 1592 2462 inquit,
1640 2407 1768 2463 erga
1800 2391 1973 2446 homi-

390 2509 490 2550 nes
516 2506 690 2555 amor,
716 2485 1096 2543 misericordia
1131 2486 1256 2539 item
1288 2493 1342 2537 et
1378 2485 1549 2554 gratia
1581 2491 1695 2550 tua,
1722 2485 1970 2539 omnium

389 2586 523 2641 mihi
575 2585 847 2641 bonorum
897 2594 1066 2634 causa
1113 2578 1234 2632 fuit.
1299 2575 1416 2629 Tua
1470 2577 1674 2645 quippe
1729 2576 1971 2630 bonitate

387 2695 542 2741 usus,
583 2673 796 2730 tenuisti
839 2688 1053 2725 manant
1107 2670 1383 2724 dexteram
1418 2683 1611 2733 meam,
1646 2675 1700 2722 ct
1732 2669 1966 2724 servasti

385 2785 493 2834 me,
518 2769 589 2822 ita
621 2775 680 2821 ut
713 2780 813 2820 nec
851 2765 1018 2834 pedes
1051 2762 1158 2818 mei
1189 2755 1562 2824 moverentur,
1607 2775 1708 2815 nec
1743 2774 1968 2831 gressus

384 2863 490 2918 mei
517 2861 955 2917 eli‘underenlur.
984 2856 1090 2911 Sed
1114 2856 1277 2910 etiam
1313 2872 1431 2908 cum
1477 2856 1652 2926 gloria
1690 2857 1969 2925 suscepisti

384 2969 501 3008 me:
539 2953 798 3022 quoniam
833 2950 937 3004 hoc
965 2947 1062 3003 tibi
1093 2956 1280 3017 utpote
1301 2946 1446 3000 bono
1480 2946 1591 3000 Deo
1621 2947 1760 3002 inest
1787 2965 1800 3013 ;
1834 2946 1967 3000 mihi

379 3050 522 3102 enim
550 3045 684 3099 nihil
711 3044 766 3097 in
797 3043 940 3096 cmlo
967 3047 1087 3105 est;
1125 3052 1303 3109 neque
1333 3047 1394 3093 ut
1435 3039 1619 3094 debita
1671 3041 1805 3094 mihi
1851 3041 1968 3094 hac

2073 1924 2370 1989 ἀκινδύνως
2409 1926 2479 1978 τά
2514 1926 2607 1980 τοῦ
2651 1926 2765 1997 βίου
2792 1927 3065 1998 ῥεύματα,
3083 1929 3236 1998 μετὰ
3264 1929 3449 1998 δόξης
3481 1947 3662 2000 προσ-

2072 2015 2292 2070 ελάόου
2308 2034 2405 2085 με,
2431 2017 2594 2089 μηδὲν
2617 2018 2925 2071 πεπονθότα
2942 2020 3048 2072 ὑπὸ
3059 2020 3168 2072 τῶν
3190 2020 3481 2076 τοσούτων.
3501 2023 3660 2076 Κατὰ

2071 2109 2130 2163 δέ
2163 2109 2254 2163 τὸν
2293 2111 2607 2183 Σύμμαχον,
2644 2113 2959 2180 "Temper,
3001 2113 3154 2183 φησὶ,
3186 2113 3324 2183 τιμὴ
3355 2113 3662 2180 διεδέξατό

2068 2215 2165 2268 με.

2149 2313 2212 2369 Τί
2241 2311 2352 2383 γάρ
2397 2333 2498 2384 μοι
2541 2314 2795 2385 ὑπάρχει
2824 2317 2894 2370 ἐν
2937 2315 3016 2382 τῷ
3059 2317 3314 2386 οὐρανῷ,
3365 2317 3464 2372 καὶ
3501 2320 3662 2389 παρὰ

2071 2404 2189 2460 σοῦ
2226 2407 2284 2460 τί
2315 2405 2588 2474 ἠθέλησα
2611 2407 2709 2460 ἐπὶ
2733 2405 2842 2476 τῆς
2873 2398 3023 2476 γῆς
3067 2408 3129 2462 'H
3160 2410 3224 2480 σὴ
3255 2409 3660 2482 φιλανθρωπίαιΔ

2073 2498 2229 2568 φησὶ,
2263 2499 2357 2552 καὶ
2390 2498 2450 2550 τὸ
2485 2498 2576 2551 σὸν
2608 2498 2756 2562 ἔλεος
2797 2501 2890 2552 καὶ
2923 2501 2954 2572 ή
2987 2501 3147 2572 χάρις
3180 2502 3398 2556 πάντων
3437 2520 3525 2573 μοι
3552 2502 3660 2557 τῶν

2069 2589 2293 2658 ἀγαθῶν
2334 2591 2558 2660 γέγονεν
2589 2591 2756 2644 αίτία.
2794 2591 2871 2661 Τῇ
2917 2593 3024 2664 γὰρ
3075 2592 3272 2647 σαυτοῦ
3314 2593 3661 2666 χρησάμενος

2071 2683 2418 2757 ἀγαθωσύνῃ,
2444 2681 2784 2752 ἐκράτησας
2807 2683 2914 2752 τῆς
2935 2687 3132 2755 χειρὸς
3154 2685 3263 2754 τῆς
3287 2685 3491 2752 δεξιᾶς
3516 2704 3658 2755 μου,

2071 2775 2166 2828 καὶ
2207 2773 2471 2837 διέσωσάς
2517 2792 2620 2844 με,
2664 2775 2804 2828 ὥστε
2851 2776 2925 2847 μὴ
2956 2776 3278 2847 σαλευθῆναι
3309 2777 3435 2840 τοὺς
3468 2777 3658 2843 πόδας,

2075 2867 2209 2937 μηδὲ
2239 2867 2558 2939 διαχυθῆναι
2589 2885 2689 2938 μου
2713 2868 2783 2923 τά
2811 2867 3144 2940 διαδήματα.
3195 2869 3359 2923 Ἀλλὰ
3383 2871 3478 2923 καὶ
3510 2869 3662 2939 μετὰ

2069 2956 2253 3025 δόξης
2277 2957 2665 3026 προσελάόου
2674 2974 2752 3027 με
2768 2973 2781 2985 ⁶
2831 2960 3087 3029 ἐπειδήπε
3099 2976 3128 3032 ρ
3151 2961 3233 3013 σοὶ
3253 2960 3411 3014 τοῦτο
3429 2960 3504 3024 ὡς
3523 2963 3662 3029 ἀγα-

2072 3049 2148 3120 θῷ
2173 3049 2292 3121 Θεῷ
2323 3049 2584 3121 πάρεστιν
2604 3066 2617 3078 ·
2646 3049 2768 3120 ἐμοὶ
2794 3050 2902 3122 γάρ
2930 3051 3082 3104 οὐδὲν
3109 3053 3344 3124 ὑπάρχει
3374 3055 3431 3106 ἐν
3455 3053 3533 3124 τῷ
3565 3054 3661 3106 οὐ·

384 3144 778 3195 aecesserunt:
807 3135 992 3191 nullus
1028 3149 1160 3190 sane
1196 3137 1331 3190 mihi
1363 3136 1418 3189 in
1450 3136 1593 3189 caelo
1626 3142 1733 3199 est,
1769 3136 1877 3189 nisi
1907 3145 1962 3188 tu

2072 3139 2219 3211 ρανῷ
2244 3180 2258 3205 ,
2308 3140 2430 3194 οὺδέ
2474 3138 2615 3194 κατά
2665 3139 2886 3211 όφειλήν
2917 3158 3006 3210 μοι
3047 3141 3220 3195 ταῦτα
3250 3142 3506 3211 γέγονεν·
3543 3143 3662 3196 ἀλλ’

381 3233 556 3288 solus.
609 3228 794 3295 Quare
839 3227 980 3281 nihil
1033 3227 1088 3281 iu
1126 3236 1272 3282 terra
1303 3228 1452 3283 volui
1486 3228 1584 3281 abs
1602 3237 1664 3281 te
1691 3227 1963 3290 obtinere,

379 3337 560 3391 neque
590 3318 774 3390 optavi
801 3317 1062 3371 mort-ales
1093 3316 1378 3388 lluxasque
1409 3333 1498 3373 res
1525 3317 1810 3387 consequi.
1837 3315 1968 3373 Jure

381 3421 566 3468 autem
603 3411 738 3466 nihil
773 3425 802 3462 a
827 3415 880 3463 te
905 3408 1050 3463 volui
1091 3409 1145 3462 in
1173 3417 1342 3474 terra,
1375 3409 1504 3479 quia
1527 3410 1780 3464 caelestes
1810 3425 1968 3464 man-

381 3507 565 3562 siones
597 3511 965 3575 peroptarem,
981 3509 1036 3555 et
1057 3501 1200 3555 bona
1224 3501 1315 3555 illa
1340 3501 1602 3571 consequi
1623 3508 1952 3569 expeterent.

380 3595 509 3651 Ideo
541 3593 913 3656 tabescebam,
947 3590 1230 3660 vltamque
1274 3591 1642 3656 macerabam,
1682 3607 1778 3646 cor
1826 3591 1968 3645 allii-

378 3691 597 3764 gebam,
629 3691 759 3762 quia
801 3697 855 3744 te
885 3689 1056 3744 Deum
1085 3691 1144 3742 in
1172 3689 1288 3759 spei
1336 3703 1470 3743 meae
1515 3689 1821 3758 portionem
1859 3704 1964 3759 po-

380 3797 622 3839 sueram.
664 3780 1033 3847 Quamobrem
1077 3779 1203 3834 dico
1230 3799 1242 3833 :
1274 3779 1472 3848 Defecit
1504 3796 1629 3834 caro
1661 3797 1773 3834 mea
1800 3791 1850 3834 et
1873 3797 1964 3834 cor

378 3889 593 3937 meum;
629 3874 771 3928 Deus
822 3872 997 3926 cordis
1032 3872 1135 3925 mei
1163 3881 1212 3926 et
1244 3887 1370 3940 pars
1405 3888 1522 3924 mea
1552 3871 1694 3925 Deus
1724 3872 1778 3925 in
1810 3882 1963 3926 atter-

377 3986 526 4024 num.
560 3967 700 4034 Quia
730 3983 846 4022 ecce
875 3968 964 4037 qui
991 3968 1354 4037 elongantsea
1380 3975 1448 4028 te,
1479 3963 1756 4033 peribunt:
1787 3965 1966 4034 pcrdi-

379 4061 509 4116 disti
541 4077 718 4115 omnes
737 4061 828 4131 qui
855 4061 1193 4130 fornicamur
1213 4059 1307 4113 abs
1331 4069 1398 4112 te.
1419 4057 1556 4111 Mihi
1577 4068 1754 4112 autem
1781 4058 1965 4112 adlue-

379 4166 495 4204 rere
528 4148 632 4203 Deo
669 4148 863 4204 bonum
890 4159 990 4216 est,
1021 4165 1212 4218 ponere
1247 4150 1303 4201 in
1337 4148 1566 4202 Domino
1587 4163 1728 4217 spem
1752 4165 1961 4214 meam;

379 4252 440 4296 ut
474 4244 785 4296 annuntiem
821 4259 1000 4296 omnes
1027 4241 1212 4295 laudes
1247 4249 1368 4294 tuas
1396 4241 1450 4294 in
1466 4243 1633 4310 portis
1663 4242 1792 4311 ﬁlia:
1807 4242 1959 4297 Sion.

380 4337 649 4408 Superius
686 4335 908 4405 quidem
948 4334 1198 4388 dicebam
1228 4353 1241 4387 τ
1280 4333 1348 4386 Et
1384 4351 1477 4403 ego
1524 4349 1726 4402 semper
1754 4345 1963 4398 tecum;

372 4429 493 4484 sive
515 4429 819 4484 secundum
846 4425 1256 4496 Symmachum,
1284 4425 1352 4478 Et
1374 4443 1467 4496 ego
1493 4444 1599 4480 una
1627 4437 1796 4480 tecum
1812 4443 1960 4481 eram

2071 3231 2192 3285 οὐδέ
2218 3231 2332 3285 ἔστι
2365 3231 2455 3303 μοί
2482 3249 2567 3295 τις
2588 3229 2747 3296 ἄλλος
2777 3234 2834 3285 ἐν
2857 3231 2935 3302 τῷ
2961 3231 3174 3304 οὐρανῷ
3200 3232 3234 3304 ἧ
3267 3235 3332 3288 σὺ
3365 3233 3546 3304 μόνος.
3579 3237 3660 3288 Δι’

2070 3325 2098 3378 ὃ
2125 3325 2278 3378 οὐδὲν
2319 3325 2411 3378 ἐπὶ
2440 3325 2540 3396 τῆς
2577 3325 2684 3395 γῆς
2728 3326 2966 3398 ἠθέλησα
3001 3326 3151 3397 παρά
3199 3327 3293 3379 σοῦ
3328 3327 3657 3398 κτήσασθαι,

2068 3416 2191 3469 οὐδέ
2219 3415 2472 3487 ηὐξάμην
2499 3420 2685 3486 τυχεῖν
2715 3416 2926 3487 θνητῶν
2959 3418 3052 3470 καὶ
3083 3419 3362 3490 ἐπικήρων
3390 3419 3650 3490 πραγμά-

2066 3527 2198 3562 των.
2221 3507 2460 3572 Εἰκότως
2479 3509 2535 3562 δὲ
2559 3509 2711 3563 οὐδὲν
2734 3511 2885 3582 παρά
2908 3510 3000 3563 σοῦ
3026 3508 3265 3580 ἠθέλησα
3285 3511 3376 3563 ἐπὶ
3396 3510 3492 3581 τῆς
3515 3512 3617 3581 γῆς
3633 3528 3648 3543 ο

2067 3599 2166 3665 τάς
2189 3601 2297 3672 γάρ
2319 3602 2376 3654 ἐν
2403 3600 2614 3671 οὐρανῷ
2641 3601 2866 3655 ἐπόθουν
2887 3600 3192 3673 διατριϐὰς,
3217 3602 3313 3656 καὶ
3335 3601 3443 3656 τῶν
3467 3603 3654 3657 αὐτόθι

2067 3692 2289 3762 ἀγαθῶν
2321 3694 2503 3763 τυχεῖν
2535 3692 2805 3765 ηὐχόμην.
2859 3695 2935 3746 Δι’
2969 3693 2998 3746 δ
3030 3694 3331 3766 κατέτηκον
3358 3695 3450 3749 τὸν
3482 3697 3654 3765 ἐμαυ-

2067 3783 2161 3838 τοῦ
2196 3783 2306 3854 βίον
2325 3824 2340 3849 ,
2378 3784 2473 3836 καὶ
2499 3783 2599 3855 τὴν
2631 3785 2724 3836 ἐπὶ
2755 3783 2862 3854 γῆς
2893 3782 3036 3855 ζωὴν
3065 3784 3398 3856 κατέτρυχον
3417 3825 3432 3850 ,
3463 3786 3564 3856 τήν
3595 3801 3655 3838 τε

2068 3876 2294 3948 καρδίαν
2324 3882 2423 3946 μου
2450 3875 2802 3939 κατεπόνουν,
2836 3876 2893 3928 σὲ
2922 3875 3080 3946 μόνον
3100 3875 3194 3929 τὸν
3213 3875 3345 3929 Θεὸν
3363 3879 3463 3948 τῆς
3485 3877 3658 3946 ἐμαυο

2065 3965 2159 4021 τοῦ
2195 3965 2406 4030 ἐλπίδος
2440 3965 2634 4037 μερίδα
2659 3965 2959 4037 τιθέμενος.
3015 3964 3177 4019 Ὅθεν
3207 3965 3381 4037 φημίο
3429 3965 3658 4031 Ἐξένίι-

2067 4072 2183 4111 ater
2226 4059 2264 4126 ἡ
2311 4055 2469 4125 σάρξ
2510 4075 2630 4126 μου
2669 4057 2768 4111 καὶ
2801 4057 2840 4124 ἢ
2877 4055 3091 4125 καρδία
3117 4073 3268 4126 μου·
3305 4059 3338 4111 ό
3374 4057 3520 4122 Θεὸς
3545 4055 3658 4124 τῆς

2066 4149 2314 4218 καρδίας
2339 4166 2481 4218 μου,
2508 4148 2605 4201 καὶ
2641 4149 2680 4216 ἠ
2714 4148 2884 4217 μερίς
2899 4165 3017 4216 μου
3035 4150 3067 4202 ό
3098 4147 3242 4214 Θεὸς
3267 4149 3355 4215 εἰς
3382 4148 3490 4201 τὸν
3519 4147 3660 4201 αἰῶ-

2065 4256 2161 4294 να.
2218 4240 2346 4292 Ὅτι
2384 4237 2513 4292 ὶδοὺ
2570 4241 2624 4292 al
2650 4239 3062 4307 μακρύνοντες
3094 4239 3349 4305 ἑαυτοὺς
3373 4238 3495 4293 ἀπὸ
3536 4238 3655 4293 σοῦ

2065 4331 2436 4386 ἀπολοῦνται
2451 4348 2465 4362 ο
2481 4329 2936 4398 ἐξωλόθρευσας
2956 4329 3152 4384 πάντα
3166 4330 3272 4385 τόν
3287 4331 3654 4399 «opu-etiarn;

2067 4424 2185 4477 ἀπὸ
2216 4421 2353 4477 σοῦ.
2385 4423 2542 4492 Ἐμοὶ
2571 4423 2639 4476 δὲ
2657 4421 2724 4476 τὸ
2747 4421 3245 4490 προσκολλᾶσθαι
3272 4421 3354 4489 τῷ
3379 4424 3502 4490 Θεῳ
3519 4421 3659 4494 ἀγα-

375 4533 616 4590 semper;
653 4521 910 4574 nimirum
941 4520 1067 4582 fide,
1101 4519 1384 4574 voluntate
1419 4529 1473 4574 et
1511 4519 1806 4576 dilectione
1832 4536 1961 4591 erga

2070 4519 2177 4572 θόν
2203 4518 2356 4581 ἐστι,
2390 4518 2652 4571 τίθεσθαι
2677 4516 2748 4570 ἐν
2775 4514 2855 4582 τῷ
2877 4516 3075 4586 Κυρίῳ
3108 4515 3223 4585 τὴν
3275 4515 3492 4569 ἐλπίδα
3510 4533 3654 4586 μου,

375 4626 430 4669 te
450 4629 571 4668 mea
599 4633 610 4667 :
641 4627 790 4666 nunc
833 4619 1014 4665 autem
1059 4627 1282 4665 causam
1327 4617 1514 4680 aperte
1544 4611 1766 4681 profero
1795 4627 1968 4683 quare

377 4721 488 4759 una
529 4714 710 4759 tecum
761 4719 977 4773 semper
1008 4704 1225 4766 luerim,
1259 4710 1420 4772 teque
1453 4702 1759 4774 portionem
1785 4718 1962 4758 meam

378 4797 680 4867 posuerim.
715 4796 966 4851 Sciebam
1001 4796 1169 4860 enim,
1199 4811 1262 4849 ac
1288 4795 1447 4865 plane
1482 4810 1806 4866 persuasum
1830 4791 1965 4849 mihi

343 4878 357 4901 ”
377 4895 518 4951 erat,
553 4889 811 4956 quoniam
847 4887 951 4951 Qui
974 4886 1221 4955 elongant
1252 4902 1306 4939 se
1325 4902 1357 4938 a
1391 4895 1459 4952 te,
1487 4886 1728 4956 peribunt
1756 4902 1774 4938 :
1795 4901 1967 4956 quare

378 4995 490 5036 non
537 4994 625 5033 me
659 4978 756 5032 abs
786 4986 838 5031 te
869 4977 1073 5040 amovi,
1107 4977 1322 5032 etiamsi
1378 4977 1700 5030 meonomize
1731 4983 1838 5030 tuae
1874 4991 1966 5030 ra-

379 5074 586 5126 tionem
618 5072 954 5140 ignorarem,
1009 5068 1105 5124 sed
1156 5085 1265 5122 una
1305 5077 1486 5123 tecum
1519 5083 1668 5122 eram
1722 5084 1960 5138 semper.

383 5165 518 5221 Sese
552 5178 717 5235 porro
773 5178 801 5216 a
850 5162 962 5218 Deo
1006 5171 1259 5216 amovent
1317 5169 1589 5232 quotquot
1624 5160 1866 5229 peccatis
1911 5169 1965 5216 et

381 5258 560 5312 atheis
590 5258 885 5327 impiisque
921 5253 1346 5325 cogitationibus
1371 5269 1430 5308 se
1459 5251 1568 5307 Deo
1589 5252 1798 5308 alienos
1828 5268 1965 5306 con-

381 5350 617 5404 stituunt
671 5367 684 5402 :
740 5347 833 5416 qui
885 5354 1092 5416 quanto
1142 5345 1362 5416 longius
1417 5344 1486 5398 ab
1535 5359 1602 5399 eo
1650 5343 1962 5406 discedunt,

382 5452 532 5496 tanto
571 5440 832 5511 perniciei
869 5438 1231 5508 propinquius
1260 5435 1568 5501 accedunt;
1603 5445 1662 5489 ut
1687 5436 1805 5489 vice
1840 5450 1962 5489 ver-

380 5549 463 5597 sa,
499 5531 612 5586 Deo
639 5531 946 5601 conjuncti,
979 5545 1104 5584 cum
1131 5531 1238 5584 vita
1289 5528 1641 5598 copulantur,
1673 5535 1728 5580 et
1777 5541 1807 5580 a
1838 5541 1964 5596 per-

380 5626 523 5680 nicie
558 5643 616 5681 se
650 5634 924 5680 amovent.
950 5621 1102 5679 Finis
1126 5638 1288 5694 porro
1317 5637 1508 5678 eorum
1537 5621 1630 5692 qui
1663 5635 1694 5676 a
1716 5620 1826 5677 Deo
1849 5620 1964 5677 dis-

453 5780 530 5851 (l)
566 5778 668 5834 Ms.
706 5779 1012 5847 πρακτικήν

2067 4608 2174 4662 τοῦ
2219 4608 2560 4677 ἐξαγγεῖλαι
2608 4608 2811 4675 πάσας
2846 4609 2955 4674 τὰς
2981 4610 3246 4675 αἱνέσεις
3274 4626 3390 4663 σου
3419 4608 3490 4662 ἐν
3525 4608 3658 4674 ταῖς

2068 4702 2289 4767 πύλαις
2322 4699 2431 4766 τῆς
2455 4689 2744 4769 θυγατρὸς
2775 4700 2948 4755 Σιών.
3001 4701 3283 4770 Ἀνωτέρω
3317 4701 3415 4771 μὲν
3447 4701 3654 4770 ἐλεγον,

2067 4792 2178 4848 Καὶ
2204 4791 2319 4862 ἐγὼ
2353 4792 2678 4859 διαπαντὸς
2704 4791 2854 4862 μετὰ
2885 4793 3030 4847 σοῦ’
3065 4793 3097 4864 ἦ
3135 4795 3277 4847 κατά
3302 4794 3396 4846 τὸν
3428 4794 3657 4864 Σύμμα-

2067 4902 2182 4955 χον,
2218 4887 2326 4940 Καὶ
2362 4885 2648 4956 συνήμην
2667 4902 2765 4942 σοι
2794 4887 3151 4953 διαρτᾶν-τός’
3180 4890 3246 4958 τῇ
3283 4888 3466 4940 πίστει
3491 4887 3658 4958 δηλα-

2067 4976 2131 5047 δὴ
2163 4977 2256 5031 καὶ
2290 4981 2354 5048 τῇ
2392 4979 2710 5049 προαιρέσει
2741 4980 2835 5033 καὶ
2860 4983 2928 5051 τῇ
2953 4979 3089 5050 πρὸς
3123 4979 3183 5032 σὲ
3213 4981 3399 5050 ἀγάπῃ
3419 4997 3432 5010 ο
3457 4979 3575 5033 νυνὶ
3599 4979 3655 5032 δὲ

2069 5072 2161 5122 καὶ
2185 5070 2282 5140 τὴν
2312 5070 2490 5123 αἰτίαν
2519 5071 2819 5142 καθίστημι
2842 5071 3100 5142 φανερὰν,
3124 5072 3189 5124 δι’
3213 5070 3279 5141 ἣν
3302 5073 3549 5142 συνήμην
3573 5087 3656 5122 σοι

2067 5161 2360 5226 διαπαντὸς
2380 5202 2395 5226 ,
2427 5164 2520 5216 καὶ
2547 5163 2605 5215 σὲ
2643 5163 2834 5233 μερίδα
2867 5162 3123 5234 ἐτιθέμην
3149 5162 3409 5234 ἐμαυτοῦ.
3468 5162 3658 5234 ’ῌδειν

2068 5254 2194 5325 γὰρ,
2216 5254 2310 5307 καὶ
2341 5255 2584 5327 ἀκριϐῶς
2617 5256 2982 5327 ἐπεπείσμην,
3012 5256 3092 5308 ὅτι
3140 5259 3203 5309 01
3242 5254 3658 5324 μακρύνοντες

2067 5347 2322 5414 ἑαυτοὺς
2340 5347 2459 5401 ἀπὸ
2485 5346 2600 5400 σοῦ
2631 5348 3029 5401 ἀπολοῦνταιο
3059 5347 3126 5399 δι’
3153 5346 3182 5399 ὃ
3215 5349 3316 5400 οὐκ
3346 5345 3660 5416 ἐμάκρυνον

2069 5439 2324 5507 ἐμαυτὸν,
2361 5437 2564 5510 καίπερ
2595 5439 2803 5508 ἀγνοῶν
2833 5441 2956 5502 τοὺς
2985 5439 3175 5508 λόγους
3201 5442 3300 5510 τῆς
3333 5441 3431 5509 σῆς
3453 5437 3660 5508 διοική-

2072 5547 2208 5594 σεως
2235 5573 2248 5596 ,
2278 5531 2414 5585 ἀλλά
2454 5532 2702 5604 συνήμην
2734 5549 2813 5586 σοι
2846 5533 3152 5596 διαπαντός.
3215 5529 3570 5602 Μακρύνουσι
3601 5528 3662 5584 δὲ

2071 5622 2299 5687 ἑαυτοὺς
2327 5625 2376 5677 οἱ
2400 5627 2520 5689 ταῖς
2551 5624 2733 5679 αὐτῶν
2761 5627 3055 5696 ἁμαρτίαις
3090 5626 3184 5680 καὶ
3212 5627 3323 5688 τοῖς
3350 5622 3530 5687 ἀθέοις
3562 5619 3660 5676 καὶ
