4056 6376
332 397 438 453 8i9

1463 392 1971 451 COMMENTARlA
2012 397 2079 453 1N
2118 398 2462 459 PSALMOS.

3495 405 3602 463 850

334 513 555 570 ἀσεϐέσι
600 511 881 585 λογισμοῖς
924 509 1236 581 ἀλλοτρίους
1279 509 1506 575 ἑαυτοὺς
1546 511 1915 577 καθιστῶντες

2039 514 2241 581 :edunt,
2278 527 2363 574 est
2408 519 2685 585 intentus,
2722 528 2910 591 utpote
2931 520 3026 591 qui
3055 534 3086 575 a
3142 519 3253 577 Deo
3301 536 3400 576 ceu
3435 520 3606 576 forni-

338 606 435 662 τοὶἱ
462 606 597 661 Θεοῦ
617 623 630 637 ’
663 606 860 668 οἵτινες
900 603 1009 673 ὅσῳ
1044 602 1379 676 πορρωτάτω
1409 602 1575 655 αὑτοῦ
1611 604 1913 673 γίγνονται,

339 699 578 769 τοσούτῳ
601 699 667 768 τῇ
697 695 943 766 ἀπωλείᾳ
973 694 1360 766 πλησιάζουσιν
1377 711 1393 725 ’
1413 692 1489 759 ὡς
1521 694 1775 767 ἔμπαλιν,
1796 713 1917 750 συν-

338 791 633 861 απτόμενοι
680 788 759 860 τῷ
802 787 942 859 Θεῷ,
975 790 1040 859 τῇ
1074 787 1171 859 μὲν
1194 789 1305 859 ζωῇ
1334 789 1713 853 συνάπτονται,
1736 788 1836 860 τῆς
1860 788 1919 842 δὲ

342 878 616 942 ἀπωλείας
645 876 1033 951 μακρύνονται.
1066 876 1229 940 Τέλος
1249 876 1305 929 δὲ
1332 876 1443 931 τῶν
1464 878 1688 941 ἑαυτοὺς
1714 894 1917 950 μακρυ-

342 971 540 1026 νόντων
558 968 777 1042 ὄλεθρος
800 969 1081 1039 τυγχάνει,
1108 969 1202 1023 ac:
1226 968 1289 1040 δὴ
1314 969 1793 1041 ἐκπορνευσάντων
1813 970 1922 1024 ἀπὸ

342 1062 437 1118 τοῦ
470 1060 628 1116 Θεοῦ.
676 1060 740 1117 '0
771 1062 869 1133 μὲν
893 1057 985 1114 οὖν
1018 1060 1151 1125 Θεὸς
1180 1060 1372 1114 οὐδένα
1408 1059 1674 1134 μακρύνει
1700 1060 1919 1126 ἑαυτοῦ,

2021 609 2129 663 cati
2159 609 2384 667 fuerint.
2415 610 2561 668 Deus
2592 627 2829 684 namque
2857 611 3132 668 neminem
3160 620 3397 677 amovet,
3426 628 3603 684 neque

2023 700 2123 756 abs
2151 715 2212 758 se
2240 703 2496 773 repellit;
2546 705 2644 762 sed
2696 703 2932 777 quisque
2980 719 3102 760 sese
3152 703 3390 759 alienum
3426 719 3457 757 a
3494 704 3603 757 Deo

2025 786 2177 854 facit,
2207 788 2337 844 dum
2364 807 2463 846 ceu
2497 791 2822 859 fornicatur,
2856 793 3209 864 animamque
3256 809 3414 849 suam
3444 792 3601 848 dedi-

2024 879 2202 934 titiam
2236 881 2476 939 inimicis
2504 883 2598 940 Dei
2628 884 2815 940 tradit.
2840 884 2943 953 Qui
2969 900 3103 941 vero
3135 886 3358 957 proprio
3387 886 3601 942 delectu

2025 986 2149 1027 sese
2183 982 2461 1038 amovent.
2496 976 2722 1031 exitium
2758 978 2864 1032 sibi
2902 977 3207 1032 attrahunt.
3241 976 3313 1032 lis
3348 993 3478 1033 vero
3506 979 3603 1049 qui

2025 1077 2148 1118 sese
2182 1064 2441 1133 perniciei
2465 1065 2816 1134 dediderunt,
2852 1066 2995 1125 Deus
3026 1068 3172 1139 quod
3225 1077 3480 1141 superest
3512 1069 3608 1123 ad-

342 1155 462 1210 οὐδὲ
488 1153 786 1209 ἀπωθεῖται
801 1170 817 1185 ο
841 1152 957 1207 ἀλλ’
982 1152 1213 1217 ἕκαστος
1238 1152 1431 1207 ἑαυτὸν
1459 1153 1810 1226 ἀπαλλατριοῖ
1827 1152 1923 1208 τοῦ

2039 1152 2164 1209 iicit.
2201 1153 2341 1220 Quid
2385 1156 2519 1210 illud
2569 1158 2693 1213 est?
2720 1142 3036 1223 Perdidisti,
3077 1160 3273 1229 inquit,
3309 1176 3486 1215 omnes
3517 1160 3608 1231 qui

341 1247 501 1313 Θεοῦ,
528 1245 873 1318 ἐκπορνεύων
917 1246 1012 1300 καὶ
1034 1244 1133 1317 τὴν
1159 1244 1353 1298 ἑαυτοῦ
1380 1244 1555 1317 ψυχὴν
1578 1244 1792 1300 ἔκδοτον
1821 1264 1928 1300 πα-

349 1339 593 1412 ραδιδοὺς
618 1341 732 1403 τοῖς
760 1337 855 1391 τοῦ
880 1336 1017 1391 Θεοῦ
1043 1337 1326 1402 ἐναντίοις.
1378 1338 1442 1390 Oi
1473 1338 1530 1391 δὲ
1562 1336 1928 1409 μακρύνοντες

348 1430 574 1494 ἑαυτοὺς
596 1430 655 1494 ἐξ
673 1428 879 1492 οίκείας
903 1427 1277 1500 προαιρέσεως
1296 1427 1637 1482 ἐπισπῶνται
1659 1427 1779 1481 καθ’
1804 1428 1928 1481 ἐαυ-

346 1522 456 1577 τῶν
475 1521 575 1593 τὴν
598 1518 890 1575 ἀπώλειαν.
922 1518 1157 1583 Τούτους
1180 1518 1238 1572 δὲ
1264 1520 1331 1590 τῇ
1353 1517 1598 1590 ἀπωλείᾳ
1616 1516 1927 1572 οἰκειωθέν-

344 1630 448 1678 τας
475 1615 506 1666 ὁ
533 1612 666 1677 Θεὸς
695 1612 858 1675 αὐτὸς
880 1611 943 1665 τὸ
970 1610 1097 1683 ἐξῆς
1127 1610 1418 1682 διατίθησι.
1451 1610 1518 1663 Τί
1544 1610 1601 1664 δὲ
1633 1605 1703 1682 ἦν
1733 1607 1926 1675 τοῦτο;

362 1703 865 1772 Ἐξωόθρευσας,
893 1702 1026 1774 φησὶ
1041 1742 1056 1767 ,
1080 1700 1276 1757 πάντα
1292 1702 1399 1756 τὸν
1419 1703 1788 1771 πορνεύοντα
1810 1703 1928 1757 ἀπὸ

340 1796 488 1852 σοῦ.
531 1795 791 1869 Πορνεύει
822 1795 880 1850 δὲ
905 1794 1014 1849 ἀπὸ
1040 1792 1135 1848 τοῦ
1163 1794 1298 1848 Θεοῦ
1319 1796 1349 1849 ό
1380 1793 1518 1865 μετά
1544 1793 1606 1847 τδ
1634 1793 1930 1864 πλησιάσαι

2026 1244 2364 1314 fornicamur
2388 1246 2481 1302 abs
2518 1258 2583 1303 te.
2612 1248 2941 1305 Fornicatur
2968 1266 2999 1305 a
3036 1250 3166 1317 Deo,
3198 1254 3291 1323 qui
3314 1261 3606 1324 postquam

2026 1340 2094 1395 ad
2124 1355 2247 1396 eum
2282 1341 2512 1413 propius
2537 1353 2874 1408 accesserat,
2897 1345 2967 1401 ab
2990 1346 3111 1417 ipso
3140 1347 3333 1418 procul
3376 1348 3606 1404 recedit.

2026 1427 2147 1500 lpse
2181 1446 2417 1502 namque
2438 1432 2733 1489 humanam
2755 1436 2995 1491 animam
3016 1437 3374 1509 desponsare,
3404 1446 3459 1493 et
3483 1456 3612 1511 pro-

2029 1520 2143 1590 pria
2179 1523 2391 1576 semina
2432 1524 2485 1577 in
2541 1524 2688 1578 illam
2732 1525 2919 1596 jacere
2969 1543 3077 1582 non
3116 1527 3480 1599 dedignatur;
3518 1531 3611 1586 illa

2029 1628 2160 1668 vero
2183 1614 2449 1671 recedens
2476 1616 2545 1671 ab
2585 1633 2672 1683 eo,
2708 1633 2942 1690 seseque
2991 1619 3114 1675 aliis
3166 1620 3467 1678 admovens
3518 1624 3613 1694 qui

2033 1703 2294 1760 fornicari
2334 1721 2461 1762 cum
2503 1723 2566 1763 ea
2599 1709 2850 1779 cupiunt,
2887 1711 3143 1782 malignis
3168 1711 3378 1767 scilicet
3404 1712 3614 1781 spiriti-

2031 1796 2154 1858 hus,
2182 1802 2236 1851 et
2260 1796 2490 1867 impuris
2519 1799 2892 1862 daemonibus,
2929 1807 3024 1853 aut
3055 1801 3237 1871 impiis
3266 1801 3617 1872 cogitationi-

340 1888 500 1961 αὐτῷ
528 1886 810 1961 μακρύνας
835 1887 1047 1943 ἑαυτόν.
1100 1885 1272 1950 Δύτδς
1298 1886 1398 1958 μὲν
1425 1885 1536 1959 γὰρ
1566 1886 1662 1940 καὶ
1686 1885 1929 1957 νυμφεύ-

2039 1889 2156 1950 bus,
2204 1888 2320 1943 sive
2351 1888 2511 1944 fmdis
2555 1882 2899 1960 impurisque
2931 1889 3293 1955 facinoribus,
3334 1891 3460 1962 jure
3498 1906 3618 1961 pcr-

336 1982 505 2038 εσθαι
523 1983 624 2036 οὐκ
640 1979 862 2046 ἀπαξιοί
874 1981 974 2053 τὴν
986 1979 1333 2052 ἀνθρωπίνην
1350 1978 1549 2051 ψυχὴν,
1567 1980 1661 2033 καὶ
1675 1978 1744 2033 τά
1757 1981 1931 2033 οίκεῖα

336 2073 642 2144 σπέρματα
669 2073 727 2125 ἐν
755 2071 892 2142 αὐτῇ
923 2068 1385 2125 καταϐάλλεσθαιο
1435 2071 1469 2141 ή
1496 2069 1552 2122 δέ
1581 2068 1933 2143 μακρύνουσα

337 2163 548 2235 ἑαυτὴν
567 2162 662 2217 καὶ
685 2162 893 2235 ἑτέροις
916 2159 1231 2233 παρέχουσα
1255 2162 1370 2223 τοῖς
1392 2161 1820 2231 καταπορνεύειν
1843 2160 1935 2213 αύ-

341 2255 449 2327 τὴν
480 2253 758 2319 ἐθέλουσι,
806 2251 1079 2324 πνεύμασι
1111 2254 1367 2324 πονηροῖς
1398 2253 1491 2307 καὶ
1518 2252 1769 2323 δαίμοσιν
1799 2252 1935 2306 ἀκα-

345 2345 591 2419 θάρτοις,
618 2345 652 2416 ἢ
687 2344 967 2416 λογισμοῖς
997 2343 1178 2408 ἀθέοις
1207 2345 1301 2399 καὶ
1328 2344 1606 2409 ἀσεϐέσιν,
1637 2343 1671 2415 ἢ
1702 2343 1934 2417 πράξεσι

349 2438 578 2510 μιαραῐς
597 2438 693 2491 καὶ
714 2436 1067 2507 ἀκαθάρτοις,
1084 2437 1308 2500 είκότως
1326 2434 1534 2508 ὀλέθρῳ
1555 2436 1932 2507 παραδίδοται.

345 2527 442 2583 Διὸ
463 2527 711 2582 λέλεκται
729 2544 743 2559 ·
782 2528 1261 2597 Ἐξωλόθρευσας
1282 2526 1480 2581 πάντα
1497 2526 1603 2582 τὸν
1620 2529 1938 2597 πορνεύον-

347 2635 424 2674 ra
449 2618 570 2674 ἀπὸ
588 2619 727 2673 σοῦ.
775 2618 937 2672 Ἀλλά
959 2618 1070 2691 γάρ
1100 2619 1273 2673 ταῦτα
1299 2617 1458 2683 εἰδὼς
1484 2617 1618 2688 ἐγὼ,
1651 2618 1747 2674 καὶ
1777 2620 1936 2691 ἀκρι-

349 2710 464 2775 ϐῶς
487 2711 852 2781 πεπεισμένος
884 2712 1132 2782 περὶτῆς
1162 2712 1264 2782 σῆς
1282 2710 1501 2774 δικαίας
1522 2710 1757 2781 κρίσεως
1776 2751 1792 2771 ,
1838 2711 1938 2783 τὴν

351 2802 602 2856 ἐναντίαν
632 2800 855 2873 εἱλόμην
875 2804 986 2864 τοῖς
1017 2802 1256 2865 ἀσεϐέσι,
1279 2803 1485 2876 καίπερ
1512 2802 1587 2875 μὴ
1610 2801 1747 2856 νοῶν
1774 2801 1842 2857 τά
1868 2801 1939 2855 σά

354 2894 635 2965 μυστήρια
656 2909 670 2925 ⁶
703 2892 840 2948 ἀλλά
872 2893 966 2946 καὶ
1006 2894 1287 2967 κτηνώδης
1322 2896 1612 2967 γενόμενος
1652 2895 1802 2967 παρά
1833 2896 1936 2961 σοὶ,

350 2988 504 3058 ὅμως
528 2990 657 3060 συνή
666 3003 773 3059 μην
796 3003 880 3041 σοι
909 2987 1217 3050 διαπαντός.
1246 2987 1412 3042 Οὐδὲν
1435 2988 1545 3060 γὰρ
1570 2988 1696 3061 ἐμοὶ
1723 2988 1937 3043 κάλλιον

352 3079 606 3149 ἐφαίνετο
628 3078 722 3132 τοῦ
744 3078 1179 3151 προσκολλᾶσθαί
1198 3096 1280 3132 σοι
1302 3077 1381 3150 τῷ
1396 3078 1514 3151 ἐμῷ
1535 3078 1675 3150 Θεῷ,
1696 3080 1789 3133 καὶ
1816 3078 1941 3133 ταῦ-

352 3187 424 3227 τα
445 3171 713 3243 αἱρεῖσθαι
744 3171 885 3241 ἀπερ
937 3171 1105 3235 αὐτὸς
1134 3171 1338 3245 ὥρισας
1359 3173 1455 3226 καὶ
1475 3173 1746 3228 ἐνετείλω.
1781 3172 1940 3227 Οὕτω

352 3262 467 3336 γὰρ
551 3231 930 3333 κολλώμενος
951 3262 1032 3329 τῷ
1058 3231 1254 3332 [ξυρίφ
1374 3265 1613 3336 πνεῦμά
1630 3265 1783 3320 ἐστι.
1818 3267 1939 3320 Διό-
1966 3231 2009 3289 c'

353 3371 464 3427 περ
490 3356 613 3427 ἐμοὶ
635 3354 785 3408 οὐδὲν
813 3354 1030 3409 κάλλιον
1051 3356 1171 3409 οὐδὲ
1198 3357 1444 3429 κρεῖττον
1468 3358 1823 3428 κατεφαίνετο
1845 3357 1940 3412 τοῦ

355 3445 793 3518 προσκολλᾶσθαι
818 3462 922 3500 σοι.
958 3447 1050 3500 Διό
1071 3463 1233 3518 φημι,
1258 3449 1340 3502 ὅτι
1374 3448 1535 3519 Ἐμοὶ
1556 3449 1624 3504 τὸ
1651 3453 1944 3519 προσκολ-

350 3540 579 3596 λᾶσθαι
609 3538 691 3605 τῷ
716 3537 838 3605 Θεῷ
862 3540 1089 3609 ἀγαθόν
1110 3540 1299 3595 ἐστιν.
1323 3541 1388 3594 Et
1417 3541 1528 3613 γάρ
1547 3537 1721 3605 οὐδεὶς
1739 3541 1944 3610 ἀγαθὸς

352 3634 406 3687 εί
438 3632 513 3703 μὴ
543 3626 626 3694 εἷς
654 3631 684 3682 ὁ
714 3631 882 3693 Θεὸς,
920 3630 1083 3684 πόθεν
1118 3631 1184 3685 ἀν
1214 3631 1426 3700 γένοιτο
1456 3634 1628 3705 ἑτέρῳ
1657 3650 1711 3687 τι
1740 3634 1943 3703 ἀγαθὸν

355 3725 390 3795 ἢ
413 3725 481 3777 ἐκ
500 3720 595 3775 τοῦ
625 3721 1063 3793 προσκολλᾶσθαι
1086 3721 1268 3793 αὐτῷ;
1290 3724 1401 3777 Καὶ
1418 3724 1521 3795 ἤδη
1546 3725 1646 3796 μὲν
1664 3725 1946 3798 ἀπήλαυον

355 3807 566 3872 παντὸς
595 3808 831 3877 ἀγαθοῦ,
886 3807 1227 3881 κολλώμενος
1271 3810 1369 3865 καὶ
1420 3813 1821 3884 συναπτόμενος
1868 3813 1948 3886 τῷ

266 3918 317 3945 ,ιι
353 3901 480 3974 θεῷ
498 3918 514 3933 ο
559 3900 697 3955 ὥστε
721 3900 932 3971 λέγειν’
979 3899 1309 3969 Ἐκολλήθη
1335 3902 1529 3956 ὀπίσω
1556 3919 1674 3958 σου
1707 3904 1747 3970 ἡ
1776 3903 1948 3974 ψυχή

348 4012 497 4069 μου.
557 3993 669 4048 Καὶ
705 3995 784 4058 είς
822 3993 915 4047 τὸν
969 3992 1229 4065 μέλλοντα
1256 3993 1316 4047 δέ
1359 3993 1551 4066 χρόνον
1577 3994 1791 4065 ἀγαθὰς
1818 3995 1949 4050 ὑπέσ-

354 4103 573 4161 γραςον
590 4086 810 4150 ἐλπίδας
831 4082 1074 4157 ἐμαυτῷ.
1108 4085 1337 4157 Ἔτερόν
1366 4103 1427 4140 τε
1446 4084 1607 4140 τοῦτο
1626 4087 1829 4156 ἀγαθόν
1856 4103 1948 4159 μοι

351 4176 463 4253 ἦν,
489 4179 554 4233 τὸ
583 4180 847 4235 τίθεσθαι
885 4178 955 4232 ἐν
987 4178 1184 4247 Κυρίῳ
1215 4176 1332 4247 τὴν
1359 4177 1579 4233 ἐλπίδα
1604 4195 1746 4249 μου.
1781 4179 1947 4244 Τέλος

354 4272 472 4345 γάρ
506 4288 597 4344 μοι
619 4272 720 4345 τῆς
747 4272 930 4345 πάσης
955 4271 1171 4338 ἐλπίδος
1197 4269 1266 4346 ἦν
1293 4272 1356 4327 es
1373 4274 1714 4345 ἐξαγγεῖλαι
1741 4274 1946 4342 πάσας

353 4365 469 4431 τὰς
511 4363 776 4431 αίνέσεις
814 4381 933 4420 σου
967 4366 1041 4421 ἐν
1077 4365 1207 4434 ταῖς
1245 4368 1468 4434 πύλαις
1508 4365 1621 4435 τῆς
1656 4366 1946 4437 θυγατρὸς

354 4458 537 4513 Σιών.
586 4456 958 4523 Καταξιωθεὶς
980 4458 1091 4529 γάρ
1118 4459 1222 4531 τῆς
1252 4461 1332 4525 είς
1363 4460 1463 4532 τὴν
1501 4459 1655 4514 πόλιν
1688 4476 1782 4513 σου
1811 4458 1946 4512 είσό-

2033 1982 2193 2037 niciei
2225 1981 2477 2036 traditur.
2518 1980 2699 2047 Quare
2729 1981 2935 2037 dictum
2966 1990 3086 2038 est:
3115 1980 3415 2038 Perdidisti
3436 1999 3613 2037 omnes

2031 2075 2122 2146 qui
2152 2074 2488 2142 fornicamur
2511 2073 2605 2127 abs
2638 2081 2705 2128 te.
2740 2072 2944 2130 Verum
2967 2089 3067 2144 ego
3089 2074 3204 2130 haec
3223 2075 3392 2145 probe
3408 2075 3612 2136 sciens.

2034 2179 2099 2220 ac
2129 2165 2289 2235 plane
2321 2164 2389 2219 de
2415 2163 2569 2233 justo
2594 2163 2805 2233 judicio
2832 2174 2926 2217 tuo
2958 2178 3283 2232 persuasus,
3321 2163 3616 2218 adversam

2034 2254 2220 2326 impiis
2233 2256 2369 2327 elegi
2394 2256 2560 2321 viam,
2585 2253 2801 2310 etiamsi
2824 2254 3080 2325 mysteria
3106 2262 3197 2308 tua
3216 2269 3327 2309 non
3347 2252 3618 2323 intellige-

2034 2364 2181 2416 rem;
2202 2348 2297 2405 sed
2312 2356 2367 2404 et
2394 2347 2650 2419 quamvis
2670 2353 2728 2401 ut
2742 2346 3051 2417 jumentum
3073 2345 3251 2403 factus
3273 2361 3451 2403 essem
3471 2345 3618 2415 apud

2036 2449 2109 2505 te,
2128 2447 2366 2497 attamen
2396 2455 2504 2495 una
2524 2450 2705 2495 tecum
2722 2454 2872 2495 eram
2892 2454 3128 2509 semper.
3154 2438 3298 2493 Nihil
3323 2438 3468 2495 enim
3491 2438 3617 2509 pul—

2035 2532 2224 2588 chrius
2258 2531 2387 2585 mihi
2438 2531 2729 2586 videbatur
2778 2546 2923 2596 esse,
2970 2545 3133 2601 quam
3191 2531 3287 2585 tibi
3337 2529 3448 2586 Deo
3497 2545 3621 2586 meo

2037 2625 2338 2686 adhaerere,
2372 2623 2575 2692 illaque
2617 2622 2845 2692 diligere
2880 2637 3003 2692 quae
3038 2632 3094 2675 tu
3126 2621 3347 2693 jussisti
3384 2636 3448 2675 ac
3477 2636 3618 2691 prae-

2037 2714 2249 2786 cepisti.
2274 2712 2351 2767 lta
2376 2713 2522 2768 enim
2559 2712 2649 2783 qui
2686 2711 2919 2765 adliceret
2952 2710 3180 2764 Domino
3230 2726 3365 2764 unus
3396 2710 3619 2777 spiritus

2036 2818 2113 2863 est
2138 2808 2181 2864 ⁸.
2212 2806 2338 2862 Ideo
2382 2805 2518 2860 nihil
2561 2804 2692 2858 mihi
2730 2803 3032 2875 pulchrius,
3071 2801 3206 2856 nihil
3239 2801 3435 2856 melius
3466 2800 3615 2853 vide-

2038 2902 2222 2962 batur,
2253 2912 2417 2970 quam
2451 2897 2730 2952 adhaerere
2761 2895 2880 2951 tibi.
2930 2895 3275 2965 Quapropter
3298 2892 3446 2954 dico,
3485 2890 3621 2945 Mihi

2040 2993 2311 3047 adliwrere
2339 2990 2445 3045 Deo
2478 2990 2669 3044 bonum
2693 2997 2793 3042 est.
2838 2986 2973 3041 Nam
3003 2986 3050 3041 si
3102 3000 3265 3040 nemo
3303 2985 3482 3040 bonus
3513 2984 3622 3039 nisi

2043 3098 2186 3139 Imus
2234 3081 2402 3141 Deus.
2455 3079 2731 3136 undenam
2791 3078 2885 3133 alii
2944 3078 3185 3148 cuipiam
3233 3075 3363 3130 boni
3414 3076 3625 3145 aliquid

2043 3172 2347 3235 advenerit,
2375 3172 2481 3227 nisi
2531 3186 2595 3226 ex
2644 3186 2709 3225 eo
2742 3169 2886 3239 quod
2918 3166 3031 3223 Deo
3074 3166 3388 3222 adhaereat?
3418 3165 3482 3219 Et
3507 3166 3623 3236 jam

2041 3264 2261 3337 quidem
2283 3264 2432 3320 omni
2463 3261 2685 3318 fruebar
2715 3266 2879 3325 bono,
2908 3260 3193 3316 adhaerens
3213 3267 3266 3314 et
3294 3259 3626 3327 conjunctus

2045 3357 2196 3425 Deo;
2234 3357 2309 3412 ita
2343 3365 2400 3412 ut
2419 3357 2659 3413 dicerem
2693 3374 2705 3410 :
2744 3353 2985 3408 Adhaesit
3012 3354 3195 3407 anima
3224 3368 3341 3407 mea
3362 3359 3481 3420 post
3514 3360 3561 3404 te
3582 3353 3625 3405 ’.

2044 3448 2288 3518 Itemque
2337 3447 2406 3501 ad
2461 3446 2703 3501 futurum
2759 3445 3022 3502 saeculum
3071 3444 3270 3498 bonam
3308 3443 3440 3497 mihi
3473 3456 3625 3512 spem

2045 3540 2303 3612 ascripsi.
2336 3540 2405 3595 Et
2433 3555 2569 3595 sane
2604 3539 2751 3594 aliud
2774 3552 2993 3608 quoque
3015 3535 3147 3590 mihi
3176 3534 3382 3589 bonum
3410 3533 3624 3594 aderat,

2047 3632 2281 3698 scilicet,
2329 3646 2520 3701 ponere
2563 3631 2620 3683 in
2667 3628 2893 3684 Domino
2938 3642 3080 3695 spem
3114 3641 3305 3680 meam.
3335 3622 3468 3677 Nam
3498 3621 3627 3677 ﬁnis

2045 3726 2229 3781 omnis
2260 3721 2379 3794 spei
2426 3722 2559 3777 mihi
2603 3728 2742 3790 erat,
2780 3731 2837 3775 ut
2866 3721 3178 3775 annuntiem
3210 3734 3390 3773 omnes
3445 3715 3631 3770 laudes

2048 3826 2168 3871 tuas
2196 3817 2252 3870 in
2274 3816 2445 3885 portis
2478 3814 2607 3884 filia:
2629 3811 2779 3868 Sion.
2811 3810 3097 3882 Siquidem
3128 3812 3381 3879 ingressu
3412 3809 3467 3863 in
3499 3808 3631 3864 civi-

2044 3911 2214 3960 tatem
2248 3910 2401 3958 tuam
2429 3902 2706 3973 dignatus,
2747 3900 2815 3958 de
2847 3915 2956 3971 qua
3002 3899 3258 3969 superius
3289 3898 3582 3955 dicebatur
3612 3916 3628 3953 :

2047 3996 2292 4059 Domine,
2343 3996 2401 4049 in
2432 3995 2644 4049 civitate
2678 4005 2771 4047 tua
2799 3992 3088 4063 imaginem
3116 3990 3356 4060 ipsarum
3387 3988 3457 4043 ad
3490 3987 3632 4043 nihi-

2050 4086 2160 4140 lum
2188 4084 2392 4156 rediges
2406 4098 2427 4149 ,°
2446 4097 2571 4138 cum
2595 4082 2761 4138 etiam
2785 4081 2853 4138 ad
2876 4079 3132 4136 caelestes
3155 4087 3344 4150 portas
3371 4092 3634 4133 conscen-

2052 4179 2250 4243 derim,
2271 4184 2365 4232 tua
2398 4190 2528 4248 erga
2558 4189 2648 4230 me
2678 4173 2942 4230 beneﬁcia
2986 4171 3245 4227 omnibus
3296 4168 3627 4241 prtedicabo.

2053 4272 2158 4329 Ubi
2189 4272 2521 4329 constitutus
2549 4267 2820 4340 promissa
2846 4278 3157 4336 consequar
3182 4272 3296 4331 tua,
3337 4279 3454 4334 qua:
3505 4278 3634 4315 ocu-

2053 4366 2136 4419 lus
2166 4380 2269 4418 non
2302 4362 2455 4428 vidit,
2487 4377 2580 4416 nec
2611 4360 2759 4415 auris
2789 4356 3014 4420 audivit,
3046 4372 3138 4411 nec
3168 4356 3224 4410 in
3268 4371 3359 4409 cor
3404 4352 3633 4409 hominis

2056 4455 2406 4513 ascenderunt
2430 4455 2496 4510 ⁸⁸.
2543 4451 2698 4508 Talia
2742 4452 2946 4524 quippe
2976 4449 3123 4507 Deus
3154 4448 3479 4521 pra’paravit
3507 4445 3638 4500 diti-

352 4549 473 4613 δου,
511 4547 643 4620 περὶ
665 4543 734 4621 ἧς
756 4548 1012 4621 ἀνωτέρω
1040 4549 1257 4619 ἐλέγετο
1274 4565 1288 4580 ’
1316 4550 1495 4618 Κύριε
1512 4587 1528 4614 ,
1570 4549 1642 4603 ἐν
1668 4547 1744 4618 τῇ
1775 4551 1938 4604 πόλει

2054 4545 2295 4620 gentibus
2328 4562 2403 4602 se.

353 4655 480 4696 σου
513 4638 630 4708 τὴν
646 4642 852 4695 εἰκόνα
870 4639 1069 4694 αὐτῶν
1091 4640 1541 4708 ἐξουθενώσεις,
1570 4640 1665 4695 καὶ
1697 4642 1820 4704 ταῖς
1843 4639 2040 4704 πύλαις
2081 4642 2205 4705 ταῖς
2238 4639 2585 4713 ἐπουρανίοις
2632 4636 2833 4702 ἐπιϐὰς
2860 4681 2879 4708 ,
2946 4634 3276 4707 ἀνακηρύξω
3344 4632 3463 4693 τοῖς
3502 4628 3638 4682 πᾶσι

350 4734 458 4798 τὰς
484 4734 568 4795 είς
589 4733 691 4804 ἐμέ
723 4749 817 4786 σου
838 4731 1176 4803 εὐεργεσίας.
1210 4733 1377 4786 Ἔνθα
1404 4733 1695 4803 γενόμενος
1718 4733 1814 4786 καὶ
1871 4731 1981 4785 τῶν
2017 4732 2361 4803 ἐπαγγελιῶν
2429 4748 2524 4785 σου
2565 4730 2825 4801 τεύξομαι
2848 4769 2862 4793 ,
2899 4727 2973 4794 ἀς
3004 4724 3309 4796 ὀρθαίμὸς
3341 4724 3453 4775 οὐκ
3492 4714 3637 4778 εἶδε,

352 4827 456 4883 καὶ
481 4820 594 4890 οὖς
605 4828 715 4880 οὐκ
736 4824 983 4896 ἤκουσε,
1004 4825 1103 4881 καί
1119 4825 1220 4880 ἐπὶ
1235 4826 1484 4895 καρδίαν
1500 4825 1814 4895 ἀνθρώπου
1829 4827 1941 4881 οὐκ
1975 4827 2182 4883 ἀνέϐη.
2217 4826 2455 4882 Τοιαῦτα
2480 4824 2590 4898 γάρ
2610 4825 2940 4894 ἡτοίμασεν
2962 4825 2994 4876 ό
3019 4819 3163 4885 Θεὸς
3220 4817 3346 4884 τοῖς
3410 4809 3644 4884 ἀγαπῶ·

349 4933 465 4972 σιν
490 4918 701 4972 αὐτόν.

428 5031 529 5103 Μὴ
564 5032 814 5102 κείμενον
841 5032 897 5086 δέ
926 5034 984 5086 ἐν
1007 5032 1086 5105 τῷ
1128 5030 1421 5103 Ἐὁραῖκῷ,
1460 5033 1595 5105 μηδέ
1652 5035 1806 5108 παρά
1837 5038 1950 5099 τοῖς

354 5127 575 5188 λοιποῖς
594 5125 619 5176 ἑ
625 5144 656 5197 ρ
663 5130 952 5197 μηνευταῖς
974 5125 1034 5181 τὸ
1051 5126 1122 5182 ἐν
1142 5126 1273 5193 ταῖς
1286 5127 1507 5193 πύλαις
1526 5126 1637 5197 τῆς
1658 5129 1949 5200 θυγατρὸς

355 5218 540 5282 Σιὼν,
576 5217 726 5288 παρά
762 5217 943 5289 μόνοις
966 5217 1024 5271 δὲ
1050 5219 1163 5282 τοῖς
1202 5217 1599 5289 Ἐὄδομήκοντα
1626 5219 1949 5290 φερόμενον,

354 5309 676 5371 ὠϐέλισται,
704 5307 794 5361 διὰ
820 5308 881 5362 τὸ
910 5310 1002 5363 καὶ
1026 5310 1276 5381 περιττὸν
1304 5304 1463 5364 εἶναι.
1500 5310 1573 5363 Τὸ
1596 5308 1706 5382 γὰρ
1734 5309 1951 5363 πάντων

357 5399 573 5473 ἀγαθὸν
612 5398 763 5464 τέλος
807 5401 893 5454 ἐπ’
927 5401 1097 5472 αὐτὴν
1131 5402 1255 5470 ἀγει
1296 5402 1395 5475 τὴν
1429 5402 1750 5474 ἐπουράνιον
1786 5399 1948 5466 Σιὼν,

356 5495 419 5567 ἧς
436 5512 486 5559 ις
528 5488 599 5563 ἦν
627 5494 662 5564 ἡ
699 5492 1066 5565 ἀποδεδομένη
1086 5494 1181 5547 τοῦ
1218 5494 1352 5548 Θεοῦ
1387 5497 1446 5549 ἐν
1482 5495 1730 5567 οὐρανοῖς
1761 5493 1949 5558 πόλις,

357 5586 639 5657 θυγατρὸς
669 5584 805 5640 Σιὼν
830 5586 1126 5656 νοουμένης
1149 5585 1252 5656 τῆς
1270 5588 1401 5659 παρ’
1428 5587 1562 5659 ἡμῖν
1602 5585 1947 5658 Ἐκκλησίας,

358 5680 438 5745 ὡς
466 5677 562 5733 διὰ
594 5677 802 5759 πολλῶν
833 5678 1110 5744 ἀποδεῖξαι
1137 5680 1336 5751 ῥᾴδιον.

425 5834 450 5866 ⁸
480 5831 501 5885 l
529 5831 658 5888 Cor.
688 5850 764 5899 νι,
799 5834 883 5888 l7.
961 5835 981 5867 ’
1014 5832 1162 5890 Psal.
1202 5849 1336 5904 uti,
1363 5833 1415 5890 9.
1497 5833 1540 5867 ι’
1571 5831 1589 5886 1
1618 5832 1744 5890 Cor.
1779 5847 1839 5900 ll,
1866 5832 1918 5887 9.

2137 5030 2274 5087 Cum
2308 5036 2490 5085 autem
2542 5026 2701 5093 illud,
2736 5028 2789 5082 in
2815 5026 2981 5094 portis
3038 5022 3168 5092 ﬁliw
3191 5018 3340 5085 Sion,
3374 5035 3551 5090 neque
3583 5035 3638 5073 m

2055 5120 2346 5188 Hebraico,
2377 5136 2556 5193 neque
2604 5118 2747 5190 apud
2803 5118 3045 5186 reliquos
3081 5113 3408 5182 interpretes
3429 5110 3634 5179 jaceat,

2057 5215 2153 5270 sed
2170 5212 2314 5284 apud
2333 5213 2482 5270 solos
2500 5210 2858 5282 Septuaginta
2881 5205 3212 5277 lnterprctcs
3230 5203 3461 5265 feratur,
3477 5200 3637 5255 obelo

2057 5311 2302 5369 notatur,
2349 5303 2479 5374 quia
2524 5300 2859 5371 superﬂuum
2900 5304 3006 5353 est.
3059 5295 3243 5350 Bonus
3273 5294 3476 5365 quippe
3518 5306 3637 5345 om-

2058 5398 2210 5453 nium
2244 5397 2369 5454 finis
2421 5396 2489 5451 ad
2521 5396 2695 5466 ipsam
2727 5391 2858 5446 Sion
2891 5390 3171 5445 caelestem
3206 5386 3375 5450 ducit,
3407 5401 3527 5454 qua:
3553 5389 3638 5438 est

2057 5492 2147 5546 illa
2167 5491 2281 5560 jam
2319 5488 2521 5544 tradita
2555 5487 2748 5542 civitas
2770 5483 2865 5539 Dei
2902 5484 2960 5539 in
2982 5481 3159 5537 cmlis.
3198 5477 3335 5533 Nam
3357 5477 3466 5532 tilia
3503 5474 3635 5529 Sion

2058 5581 2302 5638 Ecclesia
2342 5586 2530 5637 nostra
2552 5594 2675 5636 esse
2708 5575 3055 5648 intelligitur,
3087 5581 3145 5631 ut
3181 5570 3433 5642 pluribus
3473 5566 3639 5623 facile

2059 5687 2143 5735 est
2171 5673 2550 5748 comprobare.
