4056 6376
446 430 547 487 831

657 546 712 601 1.
753 545 1235 605 INTELLECTUS
1283 549 1532 606 ASAPH.
1574 549 1808 607 LXXIII.

436 649 439 652 ’
518 656 735 729 thuid,
771 659 936 725 Deus,
987 662 1231 730 repulisti
1281 664 1337 717 in
1383 664 1563 733 ﬁnem,
1595 665 1767 718 iratus
1811 673 1890 718 est
1920 663 2025 729 .fu-

440 769 533 809 ror
593 764 710 808 tuus
746 771 904 824 super
954 771 1072 809 oves
1131 772 1345 825 pascuo:
1399 760 1549 813 tum?
1609 757 1689 810 Ad
1751 756 2022 812 dictorum

441 844 857 915 intelligentiam
908 860 1011 901 nos
1038 846 1242 901 excitat
1292 855 1347 902 et
1385 847 1579 902 invitat
1610 849 1837 919 spiritus
1892 865 2024 920 pro.

440 936 712 1007 pheticus.
784 934 890 1002 Qui
934 953 1111 1004 neque
1152 940 1423 1008 psalmum
1487 940 1555 997 de
1604 956 1778 1009 more,
1844 958 2021 1012 neque

438 1028 742 1091 canticum.
773 1043 951 1098 neque
979 1029 1267 1100 hymnum,
1299 1045 1480 1101 neque
1504 1031 1634 1102 quid
1662 1033 1842 1088 simile
1864 1034 1919 1088 in
1951 1036 2021 1089 ti—

437 1123 556 1178 tulo
589 1123 877 1190 indicavit,
918 1124 1047 1193 quia
1090 1125 1271 1180 tristia
1304 1127 1683 1180 enuntiantur.
1722 1125 1827 1184 Ubi
1867 1128 2020 1186 vide-

435 1220 531 1267 tur
561 1214 892 1285 supplicatio
924 1216 1217 1283 contineri,
1241 1215 1309 1272 de
1332 1231 1443 1287 qua
1476 1217 1696 1272 divinus
1719 1219 2017 1290 Apostolus

436 1317 711 1377 praecepta
745 1307 930 1373 dabat,
983 1309 1179 1365 dicens
1212 1316 1466 1380 oportere
1511 1326 1614 1365 nos
1642 1325 1833 1367 omnes
1856 1313 2017 1368 emit-

436 1410 553 1455 tere
585 1402 1020 1465 obsecrationes,
1067 1417 1281 1473 preces,
1328 1403 1779 1475 supplicationes,
1809 1406 2013 1476 gratia“

436 1508 559 1548 rum
604 1496 849 1550 actiones
878 1497 946 1548 ιι.
977 1495 1077 1551 Hic
1126 1497 1310 1568 itaque
1340 1512 1523 1554 sermo
1566 1496 1733 1552 Deum
1782 1500 2016 1570 alloqui-

437 1592 551 1649 tur,
577 1590 741 1653 atque
772 1584 956 1639 futura
986 1592 1047 1638 ut
1071 1585 1186 1654 jam
1219 1585 1494 1654 praeterita
1519 1586 1837 1656 prophetice
1860 1603 2017 1643 enar-

434 1683 545 1740 rat,
586 1684 917 1746 postremam
959 1677 1085 1732 item
1116 1675 1587 1748 Jerosolymorum
1646 1678 2012 1749 obsidionem,

433 1783 557 1837 qua:
581 1776 706 1837 post
733 1769 1027 1824 salutarem
1051 1767 1361 1824 Adventum
1394 1783 1424 1821 a
1456 1767 1720 1825 Romanis
1749 1769 1891 1825 facta
1905 1781 2012 1838 est,

434 1858 729 1929 signiﬁcat.
766 1860 834 1914 Et
884 1861 998 1916 haec
1042 1876 1168 1915 cum
1206 1862 1452 1917 nondum
1491 1864 1828 1919 constitutus
1861 1865 2014 1920 locus

1127 428 1399 485 EUSEBII
1439 430 1921 489 CAESARIENSIS
1959 432 2109 490 OPP.
2152 433 2332 488 PARS
2369 432 2453 488 111.
2477 463 2548 473 —-
2586 431 2997 489 EXEGETlCA.

2046 562 2103 617 Δ

3604 430 3711 486 352

2465 552 2813 606 ΣΥΝΕΣΕΩΣ
2843 552 2931 623 Tt)
2975 550 3182 604 ἈΣΔΦ.
3231 550 3359 603 Ol".

2210 664 2383 718 Ἰνατί
2401 703 2416 726 ,
2446 666 2481 718 ό
2515 662 2678 729 Θεὸς,
2711 662 2932 718 ἀπώσω
2991 664 3078 729 εὶς
3112 662 3287 728 τέλος
3309 701 3324 725 ,
3361 659 3628 730 ὠργίσθη
3674 664 3709 714 ὁ

2130 758 2316 825 θυμός
2347 771 2464 810 σου
2492 754 2591 809 ἐπὶ
2618 755 2882 822 πρόϐατα
2909 752 3100 824 νομῆς
3123 768 3276 816 σου;
3304 751 3571 825 Διεγείρει
3608 749 3719 823 μὲν·

2130 849 2276 918 ήμᾶς
2302 847 2396 901 καὶ
2424 849 2684 918 παρορμᾷ
2707 846 2799 899 ἐπὶ
2824 844 2922 917 τὴν
2946 845 3054 899 τῶν
3076 845 3383 915 λεγομένων
3408 842 3625 897 σύνεσιν
3644 844 3708 897 τὸ

2130 939 2348 1010 πνεῦμα
2391 938 2454 991 τὸ
2502 937 2855 1009 προφητικὸν.
2912 935 3050 991 Οὔτε
3078 935 3136 990 δὲ
3166 935 3378 1007 ψαλμὸν
3410 933 3705 1007 ἐπιγράφει

2130 1031 2396 1103 συνήθως,
2428 1030 2551 1085 οὔτε
2581 1029 2757 1101 ᾠδὴν,
2790 1027 2913 1083 οὕτε
2943 1026 3130 1099 ὕμνον,
3160 1028 3284 1081 οὺδέ
3308 1046 3362 1082 τι
3391 1028 3501 1081 τῶν
3526 1042 3704 1098 παρα-

2127 1121 2386 1193 πλησίων,
2414 1122 2502 1176 διὰ
2520 1120 2580 1174 τὸ
2604 1117 2922 1192 σκυθρωπὸν
2940 1116 3050 1171 τῶν
3071 1117 3582 1188 ἀπαγγελλομένων.
3614 1116 3701 1170 Ἐν

2124 1210 2205 1280 οἷς
2229 1215 2374 1269 δοκεῖ
2404 1213 2638 1292 ἔντευξις
2666 1210 3011 1283 περιέχεσθαι
3027 1249 3044 1276 ,
3078 1210 3207 1281 περὶ
3233 1206 3303 1282 ἦς
3323 1212 3354 1263 ὁ
3377 1209 3520 1267 θεῖος
3547 1206 3701 1261 Ἀπό-

2127 1308 2311 1371 στολος
2335 1305 2687 1368 διεκελεύετο,
2706 1304 2815 1359 δεῖν
2836 1303 3009 1373 λέγων
3026 1302 3233 1366 πάντας
3254 1303 3402 1374 ἡμᾶς
3429 1300 3698 1355 ποιεῖσθαι
3793 1346 3802 1355 .

2123 1398 2365 1470 δεήσεις,
2396 1395 2732 1468 προσευχὰς,
2761 1394 3049 1461 ἐντεύξεις,
3076 1394 3442 1465 εὐχαριστίας.
3478 1394 3697 1461 Ἐντυγ-

2122 1490 2274 1559 χάνει
2307 1488 2435 1556 γοῦν
2460 1488 2490 1541 ὁ
2518 1487 2675 1557 λόγος
2697 1486 2926 1557 τῷΘεῷ,
2959 1484 3308 1558 προφητικῶς
3338 1482 3409 1537 τὰ
3438 1483 3696 1555 μέλλοντα

2119 1579 2196 1644 ὡς
2227 1579 2595 1651 παρῳχηκότα
2626 1577 2869 1643 διεξιὼν,
2903 1577 2997 1631 καὶ
3023 1577 3121 1648 τὴν
3152 1575 3386 1646 ἐσχάτην
3418 1575 3696 1646 σημαίνων

2122 1673 2436 1746 πολιορκίαν
2462 1672 2563 1741 τῆς
2591 1670 2943 1746 Ἰερουσαλὴμ
2967 1670 3066 1742 τὴν
3091 1669 3196 1725 ὑπὸ
3233 1668 3519 1739 Ῥωμαίων
3546 1684 3696 1737 γενο-

2124 1765 2290 1837 μένην
2321 1764 2459 1836 μετὰ
2485 1764 2584 1835 τὴν
2613 1766 2876 1837 σωτήριον
2893 1762 3223 1837 Παρουσίαν.
3251 1761 3362 1815 Καὶ
3384 1759 3559 1814 ταῦτα
3588 1778 3692 1832 μη-

2119 1857 2177 1912 δὲ
2209 1857 2501 1921 συστάντος
2522 1874 2608 1910 πω
2634 1854 2728 1910 τοῦ
2751 1856 2916 1912 τόπου
2941 1855 3343 1928 προαναφωνετ.
3378 1852 3437 1908 '0
3464 1852 3564 1924 μὲν
3583 1852 3691 1923 γὰρ

431 1959 600 2015 esset,
621 1956 970 2022 praenuntiat.
1007 1953 1217 2010 Etenim
1231 1956 1441 2027 Asaph,
1476 1958 1571 2028 qui
1595 1957 1712 2013 haec
1741 1958 2006 2014 vaticina-

2124 1950 2319 2020 Ἀσὰφ,
2346 1951 2415 2005 δι’
2438 1945 2500 2006 οὗ
2524 1952 2694 2006 ταῦτα
2723 1949 3126 2022 προεφητεύετο
3142 1989 3158 2015 ,
3182 1948 3477 2021 σύγχρονος
3500 1946 3689 2016 γέγονε

429 2048 541 2099 tur.
575 2045 804 2115 aequalis
853 2045 1043 2101 Davidi
1094 2057 1247 2115 erat;
1282 2046 1544 2103 Salomon
1585 2063 1719 2104 vero
1751 2057 1875 2120 post
1906 2049 2012 2105 Da—

428 2135 572 2191 vidis
594 2146 848 2202 mortem,
890 2140 1150 2210 templum
1181 2140 1480 2196 exstruxit.
1510 2140 1648 2195 Cum
1675 2149 1856 2196 autem
1877 2139 2015 2197 duas

430 2228 539 2283 loci
572 2230 911 2285 vastationes
940 2230 1307 2301 praevidisset,
1341 2232 1581 2301 priorem
1608 2232 1820 2288 scilicet
1836 2246 1880 2311 ,τι
1908 2230 2014 2285 Ba-

429 2319 692 2390 byloniis,
723 2328 779 2376 et
808 2322 1106 2377 secundam
1137 2337 1168 2375 a
1210 2320 1476 2379 Romanis
1513 2322 1747 2390 factam;
1774 2323 2011 2393 priorem

430 2411 655 2481 quidem
690 2413 744 2465 in
789 2427 952 2466 Lxxlx
987 2414 1222 2482 psalmo,
1257 2421 1313 2469 et
1362 2414 1419 2469 in
1462 2430 1651 2469 Lxxxn
1703 2414 2007 2487 signiﬁcat;

430 2503 794 2573 posteriorem
826 2519 957 2559 vero
986 2505 1040 2558 in
1079 2505 1337 2571 praesenti
1381 2504 1690 2577 prophetia,
1718 2521 1884 2578 quam
1927 2508 2009 2563 sic

432 2597 690 2650 orditur:
738 2595 956 2667 thuid,
1003 2596 1178 2664 Deus,
1217 2598 1459 2667 repulisti
1508 2599 1566 2652 in
1618 2599 1799 2668 ﬁnem,
1835 2601 2007 2655 iratus

427 2698 507 2742 est
538 2688 691 2758 furor
717 2698 839 2743 tuus
875 2707 1031 2760 super
1077 2707 1194 2746 oues
1239 2706 1451 2760 pascuae
1483 2694 1629 2746 tum?
1659 2691 2005 2748 Postremum

427 2792 668 2849 namque
722 2788 776 2833 et
820 2781 1093 2852 integrum
1147 2780 1369 2836 illorum
1405 2781 1680 2838 excidium
1738 2798 1850 2838 non
1898 2783 2008 2838 alio

424 2878 673 2940 tempore
714 2870 837 2934 fuit,
875 2887 1040 2941 quam
1069 2887 1193 2927 cum
1227 2872 1490 2928 Servator
1517 2882 1574 2929 et
1609 2872 1876 2930 Dominus
1914 2890 2007 2931 no-

426 2968 541 3017 ster
569 2962 899 3016 sententiam
937 2971 1131 3017 contra
1174 2963 1299 3019 illos
1339 2966 1463 3019 tulit
1490 2965 1719 3022 dicens:
1754 2964 1888 3022 Ecce
1914 2983 2003 3022 re-

425 3051 694 3120 linquetur
729 3051 875 3106 uobis
919 3051 1106 3107 domus
1140 3063 1314 3109 vestra
1359 3055 1569 3111 deserta
1591 3057 1655 3112 ¹².
1693 3057 1772 3114 Ac
1815 3073 2005 3116 conse-

423 3151 660 3214 quenter
691 3159 849 3198 sacer
892 3142 1191 3215 Apostolus
1237 3156 1364 3217 post
1403 3163 1589 3204 rerum
1625 3151 1833 3205 exitum
1866 3150 2005 3206 dixit

426 3235 495 3290 de
544 3234 656 3290 illis
700 3235 990 3292 scribens:
1019 3236 1265 3291 Pervenit
1308 3238 1377 3293 ad
1418 3256 1506 3295 eos
1544 3242 1631 3295 ira
1671 3242 1724 3296 in
1757 3242 1998 3311 ﬁnem“.

425 3325 528 3381 lzlic
567 3341 700 3381 vero
747 3328 1013 3397 propheta
1064 3329 1375 3384 minutatim
1429 3347 1515 3396 ea,
1554 3349 1676 3404 quae
1717 3333 1847 3388 huic
1884 3335 2004 3389 loco

422 3418 686 3476 Romana:
712 3420 1021 3477 obsidionis
1053 3430 1301 3493 tempore
1350 3428 1720 3497 contigerunt,
1761 3428 2005 3485 declarat

423 3514 512 3569 his
537 3514 723 3569 verbis
754 3536 767 3569 :
800 3514 971 3581 Quasi
988 3517 1042 3568 in
1076 3515 1212 3570 silva
1255 3516 1519 3588 lignorum
1544 3519 1820 3576 securibus
1860 3524 2006 3577 exci-

421 3607 614 3661 derunt
637 3605 840 3674 januas
861 3606 976 3677 ejus
1019 3608 1076 3662 in
1141 3607 1372 3678 idipsum
1392 3648 1408 3676 ,
1441 3610 1694 3666 videlicet
1729 3611 2005 3686 Jerosoly—

423 3710 638 3760 nisum
670 3697 843 3749 securi
869 3704 919 3750 et
953 3697 1103 3751 ascia
1142 3697 1443 3768 dejecerunt
1479 3717 1617 3754 eam.
1653 3700 2004 3774 Incenderunt

424 3785 544 3853 igne
570 3786 935 3838 sanctuarium
970 3794 1150 3847 tuum;
1180 3788 1235 3841 in
1261 3797 1403 3842 terra
1428 3790 1727 3859 polluerunt
1755 3792 2003 3849 taberna-

423 3872 601 3926 culum
636 3875 865 3928 nominis
908 3876 1006 3932 tui.
1036 3875 1194 3941 Quod
1239 3878 1285 3932 si
1313 3879 1437 3949 quis
1465 3880 1664 3936 dixerit
1685 3881 1802 3937 haec
1837 3883 2003 3938 etiam

418 3974 668 4037 tempore
711 3966 1134 4039 Babyloniorum
1168 3978 1322 4040 gesta
1351 3987 1498 4038 esse,
1543 3974 1797 4032 advertas
1839 3976 2003 4031 velim

419 4073 543 4127 quae
577 4069 906 4129 sequuntur,
931 4060 1097 4132 Signa
1128 4073 1313 4118 nostra
1341 4080 1447 4118 non
1476 4064 1725 4131 uidimus,
1748 4066 1870 4136 jam
1899 4083 2003 4121 non

418 4159 498 4204 est
528 4152 801 4218 propheta,
838 4162 889 4207 et
922 4170 1015 4208 nos
1042 4171 1148 4209 non
1180 4164 1452 4225 cognoscet
1489 4158 1736 4225 arnptius.
1764 4157 1900 4213 Nam
1926 4159 2004 4216 si-

418 4256 524 4310 gna
565 4242 678 4297 haec
706 4253 865 4298 erant
898 4244 1064 4300 Deum
1097 4247 1373 4316 inspicere
1411 4254 1466 4301 et
1499 4262 1692 4304 curare
1712 4248 2000 4304 Judaicam

419 4343 654 4399 gentem,
679 4348 803 4387 cum
830 4335 966 4403 ipsis
989 4336 1283 4405 prophetas
1311 4337 1466 4392 daret
1493 4357 1506 4391 :
1539 4339 1810 4409 siquidem
1834 4341 2002 4396 etiam

419 4439 545 4478 cum
576 4426 720 4480 male
743 4440 802 4481 se
828 4435 1113 4496 gererent,
1136 4428 1434 4498 prophetas
1463 4430 1599 4499 ipsis
1626 4445 1730 4487 ceu
1758 4431 2003 4487 medicos

418 4523 475 4570 et
508 4525 822 4572 servatores
849 4520 1241 4575 constituebat.
1275 4519 1369 4574 Sic
1416 4521 1471 4574 in
1504 4523 1682 4590 prima
1713 4522 2003 4581 obsidione

2116 2042 2194 2113 τῷ
2223 2042 2385 2098 Δαυῖδ
2399 2060 2412 2073 ·
2460 2042 2710 2114 Σολομὼν
2737 2042 2793 2097 δὲ
2822 2042 2960 2114 μετὰ
2988 2042 3091 2114 τὴν
3120 2040 3214 2096 τοῦ
3246 2038 3408 2094 Δαυῖδ
3434 2037 3691 2109 τελευτὴν

2115 2135 2385 2206 οἰκοδομεῖ
2408 2135 2503 2190 τὸν
2538 2134 2694 2191 νεών.
2756 2135 2861 2189 Δύο
2887 2133 2944 2188 δὲ
2977 2131 3268 2205 πορθήσεις
3297 2129 3688 2202 προθεωρήσας

2113 2224 2209 2280 τοῦ
2228 2225 2416 2292 τόπου,
2452 2227 2551 2298 τήν
2577 2242 2639 2280 τε
2665 2224 2936 2297 προτέραν
2954 2223 3057 2295 τὴν
3078 2222 3186 2277 ὑπὸ
3208 2220 3563 2285 Βασυλωνίων
3591 2234 3685 2287 τε-

2113 2319 2345 2390 νομὲνην
2371 2359 2385 2383 ,
2437 2318 2532 2373 καὶ
2556 2317 2654 2388 τὴν
2682 2316 2940 2388 δευτέραν
2969 2314 3070 2387 τὴν
3096 2314 3201 2370 ὑπὸ
3239 2312 3554 2383 Ῥωμαίων·
3588 2309 3688 2382 τὴν

2115 2412 2213 2481 μὲν
2234 2410 2457 2483 πρώτην
2481 2408 2571 2464 διὰ
2609 2407 2702 2463 τοῦ
2725 2408 2800 2463 οϐ’
2846 2406 3062 2480 ψαλμοῦ
3096 2406 3349 2478 σημαίνει
3369 2404 3465 2459 καὶ
3484 2402 3572 2457 διὰ
3591 2400 3687 2455 τοῦ

2112 2503 2231 2568 π6’,
2260 2502 2360 2574 τήν
2389 2503 2446 2557 δέ
2462 2501 2698 2573 ὑστάτην
2721 2499 2808 2555 διὰ
2834 2502 2934 2572 τῆς
2955 2497 3095 2570 μετὰ
3122 2501 3310 2571 χεῖρας
3329 2496 3684 2569 προφητείας,

2108 2591 2177 2668 ἦς
2203 2595 2509 2667 ἀπάρχεται
2541 2593 2714 2663 λέγων
2737 2611 2751 2624 ο
2798 2594 2973 2649 Ἰνατί
2990 2634 3006 2659 ,
3057 2596 3090 2647 ό
3137 2591 3315 2658 Θεὸς,
3353 2590 3575 2645 ἀπώσω
3603 2590 3690 2655 εις

2109 2686 2284 2751 τέλος
2300 2725 2314 2748 ,
2341 2684 2601 2755 ὠργίσθη
2634 2688 2667 2743 ό
2704 2685 2889 2755 θυμός
2928 2700 3047 2739 σου
3075 2683 3174 2738 ἐπὶ
3206 2683 3470 2751 πρόϐατα
3495 2679 3689 2750 νομῆς

2108 2790 2262 2843 σου;
2305 2777 2469 2840 Τέλος
2499 2776 2608 2850 γὰρ
2640 2778 2820 2842 αὐτοῖς
2854 2774 3150 2838 παντελοῦς
3178 2772 3550 2836 ἁποπτώσεως
3576 2771 3686 2825 οὐδ’

2107 2869 2294 2924 ἄλλοτε
2323 2871 2565 2939 γέγονεν,
2594 2870 2629 2941 ἢ
2660 2870 2749 2923 ὅτε
2774 2872 2804 2923 ὁ
2829 2869 3019 2941 Σωτὴρ
3046 2869 3141 2922 καὶ
3169 2867 3375 2940 Κύριος
3403 2864 3561 2936 ἡμῶν
3587 2863 3686 2936 τὴν

2105 2964 2225 3020 κατ’
2248 2962 2426 3017 αὐτῶν
2455 2961 2787 3032 ἐξηνέγκατο
2816 2962 3090 3032 ἀπόφασιν
3116 2958 3285 3014 εἰπών
3303 2976 3317 2993 ν
3359 2957 3506 3014 Ἰδοὺ
3532 2958 3690 3027 ἀφιε-

2105 3073 2199 3111 ται
2219 3055 2361 3126 ὑμῖν
2388 3060 2420 3111 ό
2445 3053 2611 3122 οἶκος
2640 3054 2809 3125 ὑμῶν
2838 3055 3074 3124 ἕρημος.
3128 3046 3224 3117 Οἷς
3252 3049 3561 3113 ἀκολούθως
3592 3049 3689 3103 καὶ

2103 3151 2132 3203 ὁ
2159 3148 2299 3220 ἱερὸς
2327 3147 2644 3212 ’Δπύστολος
2678 3148 2814 3219 μετὰ
2839 3147 2939 3219 τὴν
2961 3146 3071 3199 τῶν
3101 3145 3441 3216 πραγμάτων
3468 3142 3689 3196 ἑκϐασιν

2106 3238 2333 3311 γράφων
2357 3237 2487 3309 περὶ
2513 3237 2694 3292 αὐτῶν
2713 3237 2897 3307 ἔλεγεν
2920 3253 2934 3267 ·
2973 3238 3242 3305 Ἕςοθασε
3264 3234 3333 3288 δὲ
3350 3234 3445 3289 ἐπ’
3466 3232 3689 3299 αὐτοὺς

2106 3333 2145 3401 ή
2173 3330 2319 3401 ὀργὴ
2344 3333 2432 3397 εἰς
2454 3329 2650 3398 τέλος.
2704 3330 2817 3384 Καὶ
2841 3328 2985 3383 κατὰ
3015 3327 3180 3401 μέρος
3205 3326 3262 3381 δὲ
3291 3326 3363 3380 τὰ
3391 3324 3515 3395 ἑξῆς
3550 3341 3687 3395 συμ-

2108 3425 2279 3479 ϐάντα
2318 3422 2399 3494 τῷ
2438 3423 2592 3495 τόπῳ
2632 3423 2727 3476 ἐπὶ
2763 3423 2864 3492 τῆς
2896 3420 3005 3475 τῶν
3042 3419 3333 3491 Ῥωμαίων
3366 3417 3682 3487 πολιορκίας

2105 3516 2485 3587 παρίστησιν’ὁ
2521 3512 2710 3587 παρὼν
2736 3514 3041 3586 προφήτης,
3075 3512 3132 3566 ἐν
3156 3506 3237 3575 οἷς
3259 3525 3448 3581 φησιν·
3489 3507 3582 3572 Ὠς
3609 3506 3681 3560 ἐν

2104 3607 2305 3678 δρυμῷ
2334 3607 2536 3672 ξύλων
2583 3606 2820 3673 ἀξίναις
2854 3604 3092 3674 ἔκοψαν
3121 3604 3229 3669 τὰς
3262 3603 3446 3670 θύρας
3471 3597 3679 3668 αὐτῆς.

2103 3701 2262 3772 δῆλον
2282 3701 2328 3754 δ’
2349 3702 2431 3755 ὅτι
2458 3700 2557 3772 τῆς
2582 3697 2954 3770 Ἰερουσαλὴμ,
2980 3695 3082 3750 ἐπὶ
3096 3695 3164 3751 τὸ
3182 3694 3350 3759 αὐτὸ,
3379 3692 3449 3746 ἐν
3469 3691 3683 3746 zelum

2104 3794 2204 3849 xui
2241 3792 2614 3861 λαξευτηρίῳ
2640 3789 3011 3860 κατέρῤαξαν
3027 3785 3243 3853 αὑτήν.
3288 3784 3687 3851 Ἐνεπύρισαν

2100 3884 2173 3937 ἐν
2193 3882 2335 3951 πυρὶ
2361 3883 2429 3935 τὸ
2449 3880 2839 3952 ἀγιαστήριόν
2860 3893 2999 3945 σου,
3022 3881 3110 3943 εἰς
3126 3876 3242 3946 τὴν
3262 3875 3381 3947 γῆν
3399 3874 3687 3943 ἐόεόήλω-

2103 3991 2227 4030 σαν
2246 3976 2311 4028 τὸ
2330 3973 2621 4043 σκήνωμα
2642 3972 2748 4026 τοῦ
2775 3972 3067 4041 ὀνόματός
3087 3987 3223 4025 σου.
3264 3970 3329 4023 Et
3352 3969 3409 4023 δὲ
3429 3967 3578 4037 λέγοι
3599 3983 3686 4030 τις

2102 4066 2277 4121 ταῦτα
2310 4066 2405 4120 καὶ
2435 4065 2528 4118 ἐπὶ
2552 4063 2664 4119 τῶν
2689 4063 2894 4135 χρόνων
2927 4061 3037 4115 τῶν
3070 4060 3427 4116 Βαϐυλωνίων
3465 4058 3685 4128 γεγονὲ-

2101 4176 2213 4222 ναι,
2242 4155 2571 4229 προσεκτέον
2589 4157 2703 4219 τοῖς
2724 4154 2874 4224 ἑξῆς,
2904 4153 2969 4208 δι’
2990 4147 3065 4208 ὧν
3085 4153 3301 4226 εἴρηται
3320 4169 3334 4184 ⁸
3370 4152 3448 4207 Τὰ
3466 4150 3684 4220 σημεῖα

2102 4249 2271 4319 ἡμῶν
2296 4249 2407 4303 οὐκ
2431 4247 2691 4317 εῖδομεν,
2715 4247 2829 4299 οὐκ
2845 4244 3018 4299 ἐστιν
3040 4244 3129 4299 ἔτι
3149 4242 3478 4313 προφήτης,
3501 4242 3596 4296 καὶ
3620 4239 3686 4307 1}—

2097 4339 2218 4410 μᾶς
2247 4341 2320 4395 οὐ
2347 4338 2639 4409 γνώσεται
2661 4336 2770 4391 ἔτι.
2818 4338 3033 4408 Σημεῖα
3058 4337 3166 4409 γὰρ
3194 4333 3262 4408 ἦν
3296 4336 3388 4390 τοῦ
3428 4335 3519 4389 τὸν
3549 4334 3683 4387 Θεὸν

2103 4433 2305 4504 ἐφορᾷν
2331 4431 2423 4486 καὶ
2443 4431 2760 4484 ἐπισκοπεῖν
2790 4428 2851 4482 τὸ
2882 4427 3148 4481 Ἰουδαίων
3171 4426 3321 4490 ἔθνος
3339 4426 3400 4480 τὸ
3421 4425 3683 4498 παρέχειν

2102 4524 2286 4587 αὐτοῖς
2298 4522 2585 4595 προφήτας
2599 4539 2613 4551 ·
2634 4521 2758 4574 ἐπεὶ
2773 4520 2867 4573 καὶ
2880 4520 2969 4573 ὅτε
2984 4519 3168 4584 κακῶς
3183 4519 3473 4592 ἔπραττον,
3490 4516 3680 4588 ὥσπερ

418 4623 681 4680 magnum
730 4608 820 4665 Dei
866 4611 1188 4680 prophetam
1228 4611 1523 4669 Jeremiam
1575 4614 1908 4683 habuerunt,
1943 4628 2000 4673 et

2110 4616 2323 4687 ἰατροὺς
2353 4614 2449 4669 καὶ
2482 4614 2733 4686 σωτῆρας
2777 4614 2961 4677 αὐτοῖς
3000 4614 3128 4678 τοὺς
3153 4616 3438 4685 προφήτας
3463 4611 3682 4681 ἐφίστη.

421 4698 674 4766 Baruch;
718 4704 852 4772 quin
890 4704 1289 4760 etiammulier
1331 4706 1581 4775 quaedam
1606 4708 1828 4764 nomine
1862 4709 2000 4766 Olda

417 4792 613 4848 eodem
654 4802 902 4864 tempore
929 4795 1298 4866 prophetavit.
1337 4796 1392 4851 In
1424 4801 1544 4869 ipsa
1574 4815 1795 4870 quoque
1824 4800 1968 4872 Baby

418 4885 695 4939 loniorum
728 4886 952 4957 regione
984 4889 1215 4942 aderant
1252 4888 1389 4959 ipsis
1420 4889 1672 4945 Ezechiel
1702 4898 1755 4946 et
1780 4891 1992 4954 Daniel,

415 4979 665 5047 praeclari
694 4992 759 5031 ac
806 4979 1092 5049 conspicui
1127 4981 1423 5051 prophetae.
1476 4980 1716 5051 Postque
1763 4982 1997 5038 reditum

414 5084 482 5122 ex
513 5069 855 5138 captivitate,
887 5070 1230 5139 temporibus
1244 5069 1372 5141 Cyri
1401 5078 1458 5126 et
1494 5069 1663 5135 Darii,
1702 5069 1999 5129 Zacharias

412 5168 468 5214 et
518 5161 752 5232 Aggteus
803 5161 1081 5231 propheta:
1129 5163 1243 5216 noti
1279 5170 1458 5217 erant.
1503 5160 1788 5227 Quomodo
1835 5163 2001 5232 igitur

415 5252 524 5307 illis
547 5252 887 5322 temporibus
919 5253 1097 5323 aptari
1128 5254 1303 5322 possit
1333 5254 1447 5308 haec
1478 5254 1784 5324 prephetia,
1830 5254 1998 5324 Signa

413 5356 597 5400 nostra
620 5364 723 5400 non
752 5347 1003 5411 uidimus,
1026 5356 1074 5400 et
1095 5348 1214 5417 jam
1252 5364 1357 5402 non
1385 5356 1464 5401 est
1495 5348 1771 5416 propheta,
1809 5358 1859 5401 et
1902 5364 1996 5402 nos

414 5455 520 5492 non
557 5447 831 5507 cognoscet
869 5438 1140 5506 amplius?
1174 5437 1374 5494 Verum
1420 5438 1536 5492 haec
1592 5436 1754 5492 ﬁnem
1802 5439 1997 5494 sortita

414 5534 545 5581 sunt
590 5536 714 5597 post
747 5528 1052 5582 Salvatoris
1101 5530 1419 5593 adventum,
1451 5536 1506 5583 et
1548 5538 1837 5599 postquam
1881 5544 1995 5584 me-

412 5629 654 5674 moratas
678 5636 839 5674 voces
867 5622 987 5689 ipse
1008 5621 1309 5689 protulerat
1334 5640 1347 5674 :
1373 5636 1482 5674 non
1512 5620 1605 5674 diu
1632 5621 1775 5676 enim
1806 5630 1995 5692 postea

411 5710 779 5779 irrumpentcs
807 5711 1039 5765 Romani
1072 5713 1250 5765 locum
1271 5714 1610 5768 deleverunt.
1647 5714 1800 5779 Quod
1826 5716 1991 5770 etiam

2100 4705 2258 4760 Οὕτω
2286 4705 2417 4775 γοῦν
2442 4707 2534 4759 ἐπὶ
2555 4706 2653 4776 τῆς
2681 4703 2907 4777 πρώτης
2934 4705 3245 4776 πολιορκίας
3268 4705 3366 4759 τὸν
3394 4705 3568 4775 μέγαν
3586 4702 3683 4757 τοῦ

2100 4796 2234 4851 Θεοῦ
2259 4799 2545 4868 προφήτην
2573 4795 2838 4867 Ἱερεμίαν
2860 4792 3028 4866 εἶχον,
3047 4795 3252 4849 καὶτὸν
3273 4794 3486 4867 Βαρούχ
3507 4811 3519 4824 ’
3544 4792 3683 4847 ἀλλὰ
3778 4858 3781 4861 ν

2102 4888 2197 4942 καὶ
2227 4889 2365 4957 γυνή
2401 4904 2487 4952 τις
2525 4886 2680 4941 Ὀλδᾶ
2705 4885 2943 4957 τοῦνομα
2974 4886 3113 4941 κατὰ
3139 4888 3264 4950 τοὺς
3292 4887 3488 4951 αὐτοὺς
3519 4888 3686 4958 ἐπρο-

2103 4981 2303 5052 φήτευε
2326 4980 2547 5051 χρόνους
2569 4997 2582 5011 -
2610 4981 2671 5032 ἐν
2684 4983 2821 5053 αὐτῇ
2834 4998 2892 5034 τε
2910 4982 2976 5051 τῇ
3001 4979 3353 5034 Βαϐυλωνίων
3373 4978 3529 5053 χώρᾳ
3554 4996 3682 5033 συν-

2108 5070 2175 5142 ῆν
2226 5070 2413 5134 αὐτοῖς
2447 5070 2694 5144 Ἐζεκιὴλ
2724 5072 2819 5125 καὶ
2843 5070 3041 5142 Δανιὴλ
3072 5072 3332 5144 ἐπίσημοι
3365 5072 3459 5125 καὶ
3490 5072 3685 5139 διαφα-

2105 5165 2217 5227 νεῖς
2253 5163 2527 5234 προφῆται
2551 5181 2567 5196 ο
2595 5165 2691 5217 καὶ
2724 5164 2861 5236 μετὰ
2888 5164 2986 5237 τὴν
3022 5165 3231 5219 ἐκεῖθεν
3254 5165 3511 5219 ἐπάνοδον
3540 5167 3684 5220 κατὰ

2102 5257 2229 5320 τοὺς
2257 5255 2439 5328 Κύρου
2474 5259 2569 5312 καὶ
2600 5259 2825 5329 Δαρείου
2855 5262 3096 5331 χρόνους,
3130 5260 3403 5331 Ζαχαρίας
3427 5261 3521 5313 καὶ
3560 5260 3683 5327 ’Δγ-

2103 5350 2256 5416 γαῖος
2278 5350 2551 5420 προφῆται
2572 5349 2944 5422 ἐγνωρίζοντο.
2968 5350 3091 5415 Πῶς
3111 5347 3204 5404 οὖν
3223 5347 3332 5404 οἷόν
3350 5369 3409 5405 τε
3425 5347 3492 5422 ἦν
3514 5353 3686 5422 ἐφαρ-

2105 5439 2287 5510 μόζειν
2323 5443 2438 5505 τοῖς
2474 5442 2594 5495 τότε
2641 5442 2852 5513 χρόνοις
2898 5442 2995 5514 τὴν
3033 5443 3311 5515 παροῦσαν
3344 5442 3683 5514 προφητείαν

2104 5533 2417 5601 φάσκουσαν
2433 5551 2447 5563 ⁸
2490 5534 2566 5588 Τὰ
2589 5535 2806 5604 σημεῖα
2831 5534 2998 5604 ἡμῶν
3020 5537 3132 5589 οὐκ
3158 5535 3415 5604 εἴδομεν,
3439 5535 3535 5587 καὶ
3568 5535 3681 5587 οὐκ

2101 5625 2271 5677 ἔστιν
2300 5624 2386 5678 ἔτι
2416 5622 2727 5694 προφήτης
2753 5665 2765 5689 ,
2803 5625 2901 5679 καὶ
2929 5624 3087 5695 ἡμᾶς
3124 5628 3196 5679 οὐ
3232 5624 3521 5694 ⁴χννώο-εινιιιι
3554 5622 3678 5685 ἔξω

2112 5715 2272 5769 Ἀλλὰ
2302 5715 2405 5787 γὰρ
2432 5716 2602 5770 ταῦτα
2630 5717 2814 5781 τέλους
2847 5719 3104 5788 ἐτύγχανε
3134 5718 3271 5788 μετὰ
3294 5717 3392 5788 τὴν
3418 5717 3679 5789 σωτήριον

486 5863 528 5895 ¹¹
566 5863 760 5919 l’l‘im.
797 5880 869 5922 ιι.
908 5867 955 5919 1.
1039 5868 1079 5898 ³³
1119 5865 1251 5921 Luc.
1291 5884 1422 5934 xui,
1457 5872 1543 5925 55,
1626 5870 1667 5901 ¹³
1710 5869 1727 5923 1
1763 5869 1958 5927 'l'licss.
1996 5887 2055 5938 ιι,
2096 5869 2173 5927 16.
