4056 6398
427 394 539 451 853

1525 389 2029 447 COMMENTARIA
2068 388 2134 445 ΙΝ
2175 388 2493 447 PSALMOS

3546 382 3659 443 854

430 511 745 581 ιιαρουσίαν
773 509 980 573 καὶτὰς
1004 508 1391 581 προλεχθείσας
1424 509 1588 564 αὑτοῦ
1622 510 1804 580 φωνὰς
1823 550 1837 575 ,
1875 508 1974 580 μεθ

2097 509 2213 579 ipse
2240 505 2499 562 Servator
2524 504 2708 559 futura
2743 501 3052 559 vaticinans
3085 500 3411 572 signiﬁcavit
3439 516 3532 570 per
3560 517 3658 573 pa-

425 603 497 667 ᾱς
542 605 644 657 οὐκ
686 606 765 668 είς
807 603 1014 674 μακρὸν
1052 603 1369 668 ἐπιστάντες
1410 603 1666 674 Ῥωμαῖοι
1696 602 1786 656 τὸν
1832 602 1994 657 τόπον

431 692 718 762 ἠφάνισαν.
751 693 814 746 '0
834 690 898 763 δὴ
924 691 1017 743 καὶ
1037 690 1195 754 αὐτὸς
1219 689 1401 762 ἐδήλου
1431 689 1699 754 θεσπίζων
1716 690 1778 742 τὸ
1805 689 1995 760 μέλλον

429 782 460 833 6
482 779 669 850 Σωτὴρ
695 777 781 831 διὰ
808 777 1123 850 παραϐολῆς
1145 779 1244 848 τῆς
1262 777 1434 842 οὕτως
1461 778 1689 851 ἐχούσης
1710 794 1724 808 ·
1765 779 1993 849 Ὡμοιώ-

429 874 504 937 θη
547 870 585 937 ἠ
627 870 912 935 ,ϐασιλεία
954 868 1072 923 τῶν
1114 868 1385 938 οὐρανῶν
1409 870 1694 939 ἀνθρώπῳ
1722 870 1989 935 βασιλεῖ,

429 962 597 1028 ὅστις
621 962 868 1031 ἐποίησε
893 961 1116 1032 γάμους
1134 960 1213 1028 τῷ
1236 962 1342 1028 υὶῷ
1359 963 1544 1018 αὐτοῦ
1559 979 1572 993 ·
1603 963 1700 1018 καὶ
1721 962 1993 1018 ἀπέστει-

426 1055 500 1106 λε
520 1052 661 1118 τοὺς
674 1052 889 1107 ἑαυτοῦ
900 1051 1160 1117 δούλους
1171 1051 1421 1107 καλέσαι
1438 1052 1573 1119 τοὺς
1587 1051 1992 1123 κεκλημένους

425 1145 512 1209 είς
522 1143 664 1209 τοὺς
673 1143 915 1213 γάμους·
933 1146 987 1197 ol
996 1143 1184 1199 δὲούκ
1196 1143 1419 1213 ἤθελον
1426 1143 1640 1199 ἐλθεῖν.
1655 1144 1848 1198 Πάλιν
1857 1143 1993 1198 ἀπέ-

424 1236 665 1287 στειλεν
682 1234 919 1304 ἐτέρους
938 1252 952 1266 ·
973 1238 1027 1290 ol
1049 1234 1137 1301 δὲ,
1162 1235 1312 1304 πρὸς
1332 1236 1395 1289 τὸ
1420 1236 1506 1306 μὴ
1531 1233 1780 1303 θελῆσαι
1804 1235 1991 1290 ἀπαν-

422 1323 628 1393 τῆσαι,
651 1326 735 1380 ἔτι
760 1327 857 1380 καὶ
879 1326 1262 1394 διαλαϐόντες
1286 1327 1428 1394 τοὺς
1456 1326 1715 1394 δούλους
1740 1327 1992 1396 ὕϐρισαν

422 1417 521 1470 καὶ
538 1417 909 1473 ἀπέκτειναν.
927 1412 1021 1483 Οἷς
1036 1419 1275 1489 ἐπιλέγει
1294 1438 1306 1450 ·
1338 1421 1390 1473 '0
1404 1419 1473 1473 δὲ
1486 1420 1805 1488 βασιλεὺς,
1820 1421 1991 1475 ἀκού-

421 1524 560 1575 σας,
583 1510 863 1579 ιίιργίσθη,
887 1511 987 1566 καὶ
1007 1512 1246 1582 πέμψας
1263 1513 1336 1567 τὰ
1356 1515 1763 1583 στρατεύματα
1781 1516 1987 1581 αὐτοῦ,

417 1599 698 1656 ἀπώλεσε
719 1602 858 1669 τοὺς
881 1604 1082 1672 φονεῖς
1105 1604 1396 1672 ἐκείνους,
1428 1605 1526 1660 καὶ
1549 1606 1664 1675 τὴν
1683 1607 1862 1660 πόλιν
1885 1609 1989 1662 αὐ-

416 1691 541 1745 τῶν
559 1692 875 1762 ἐνέπρησε.
934 1695 1115 1751 Ταῦτα
1137 1698 1166 1750 6
1192 1696 1381 1768 Σωτὴρ
1409 1699 1467 1753 ἐν
1487 1697 1635 1770 αὐτῷ
1659 1697 1736 1768 τῷ
1759 1698 1887 1772 ἱερῷ
1908 1697 1987 1753 ἔτι

414 1784 541 1838 τότε
566 1787 856 1840 συνεστῶτι
889 1788 1296 1861 ἀναγέγραπται
1327 1790 1595 1862 εἰρηκώς·
1628 1790 1665 1845 ἃ.
1691 1793 1786 1845 καὶ
1818 1790 1985 1863 ἐπλη-

2094 602 2339 656 rabolam
2373 600 2533 655 istam
2564 595 2793 653 :Simile
2814 596 3015 670 [actum
3046 604 3123 650 est
3160 610 3373 664 regnum
3409 594 3658 651 caelorum

2094 692 2291 746 homini
2318 691 2447 761 regi,
2477 690 2566 759 qui
2594 688 2717 757 fecit
2748 689 2960 757 nuptias
2986 686 3098 757 ﬁlio
3124 702 3220 739 suo
3246 694 3331 739 :et
3366 685 3515 739 misit
3543 700 3658 740 ser-

2093 800 2181 837 vos
2220 798 2342 836 suos
2373 790 2432 834 ut
2470 788 2711 834 vocarent
2754 779 3001 833 inuitatos
3036 776 3104 831 ad
3144 776 3354 845 nuptias
3379 789 3399 829 :
3421 772 3503 829 illi
3537 788 3657 831 vero

2092 873 2373 927 noluerunt
2404 873 2595 927 uenire.
2634 869 2835 925 Iterum
2865 868 3008 923 misit
3041 867 3217 922 alios‘:
3238 867 3320 921 illi
3361 881 3479 921 vero
3519 880 3659 935 prta-

2093 974 2329 1035 terquam
2363 964 2500 1035 quod
2530 964 2809 1017 noluerunt
2850 963 3042 1027 venire,
3065 962 3224 1015 etiam
3262 970 3443 1029 captos
3482 977 3658 1016 servos

2090 1056 2417 1112 contumeliis
2448 1056 2754 1125 olfecerunt,
2787 1064 2837 1107 et
2872 1053 3170 1108 occiderunt
3191 1053 3257 1107 ιι.
3293 1053 3505 1119 Quibus
3531 1052 3657 1108 sub-

2090 1150 2169 1205 dit
2197 1167 2212 1205 :
2239 1148 2351 1203 Rea:
2380 1158 2575 1213 autem,
2598 1147 2838 1213 audiens,
2865 1148 3036 1200 iratus
3059 1154 3157 1210 est,
3180 1154 3251 1211 et,
3268 1145 3444 1199 missis
3463 1144 3659 1199 exerci-

2094 1240 2232 1295 tibus
2276 1240 2387 1295 suis
2407 1278 2422 1303 ,
2446 1238 2673 1308 perdidit
2697 1238 2987 1291 homicidas
3018 1236 3160 1302 illos,
3192 1245 3246 1291 et
3277 1236 3540 1291 civitatem
3565 1252 3655 1290 eo-

2091 1348 2210 1387 rum
2253 1330 2519 1402 succendit
2544 1332 2609 1386 “'.
2642 1329 2769 1384 Haec
2803 1328 3137 1385 Salvatorem
3188 1328 3243 1383 in
3290 1331 3411 1398 ipso
3453 1328 3654 1398 templo

2090 1424 2268 1479 adhuc
2305 1423 2638 1478 consistente
2666 1421 2869 1476 dixisse
2917 1421 3213 1477 scribitur:
3245 1434 3367 1491 quae
3412 1434 3523 1474 non
3559 1418 3655 1475 diu

2090 1523 2275 1585 postea
2306 1515 2528 1585 impleta
2563 1521 2714 1577 sunt,
2751 1511 3087 1583 Vespasiano
3106 1521 3162 1567 et
3195 1512 3318 1566 Tito
3348 1511 3527 1567 locum
3560 1510 3656 1566 οὔ·

2088 1605 2392 1662 sidentibus
2420 1624 2435 1661 :
2465 1619 2698 1675 quorum
2729 1615 2968 1673 tempore
2994 1605 3177 1658 nullus
3203 1603 3467 1673 propheta
3510 1601 3652 1672 apud

2088 1695 2211 1750 illos
2250 1693 2423 1751 fuisse
2473 1704 2750 1749 narratur.
2787 1691 3136 1748 Obsidionem
3188 1692 3372 1762 itaque
3411 1705 3653 1760 praesens

2086 1787 2328 1857 psalmus
2376 1784 2647 1856 signiﬁcat
2676 1804 2689 1839 :
2720 1799 2888 1854 quare
2918 1786 2975 1838 in
3015 1784 3282 1853 principio
3326 1782 3498 1837 dicit:
3545 1779 3646 1835 Ut-

416 1874 579 1947 ροῦτο
590 1878 688 1931 οὐκ
709 1880 787 1942 είς
808 1879 1036 1951 μακρὸν,
1058 1879 1466 1935 Οὐεσπασιανοῦ
1489 1882 1582 1935 καὶ
1593 1882 1752 1935 Τίτου
1772 1882 1978 1955 πολιορ-

2084 1877 2230 1949 quid,
2276 1876 2440 1942 Deus,
2481 1876 2723 1947 repulisti
2765 1878 2819 1930 in
2860 1876 3059 1945 ﬁnem?
3107 1873 3247 1929 Hinc
3295 1887 3423 1929 vero
3462 1872 3651 1927 mirari

410 1970 701 2041 κησάντων
730 1970 821 2024 τὸν
840 1970 1021 2026 τόπον·
1057 1971 1176 2025 καθ’
1203 1971 1295 2037 οὓς
1323 1972 1613 2044 προφητῶν
1639 1973 1811 2036 οὐδεὶς
1839 1989 1986 2042 γεγο-

411 2057 524 2123 νὼς
550 2061 838 2132 ἱστορεῖται
860 2061 1110 2132 γενέσθαι
1135 2064 1275 2118 κατὰ
1290 2063 1531 2127 τούτους.
1565 2062 1863 2134 Τοιγαροῦν
1887 2080 1985 2116 πο-

411 2149 659 2222 λιορκίαν
692 2152 722 2204 6
766 2152 904 2223 μετὰ
935 2155 1123 2224 χεῖρας
1166 2154 1463 2226 παρίστησι
1493 2153 1674 2225 λόγος’
1709 2154 1788 2209 διό
1820 2172 1982 2227 φησιν

408 2242 716 2312 ἀρχόμενος
733 2260 747 2274 ο
772 2242 907 2299 Ἵνα
925 2244 1001 2309 τί,
1024 2247 1058 2300 ό
1079 2246 1240 2311 Θεὸς,
1261 2245 1480 2300 ἀπώσω
1497 2247 1583 2313 είς
1603 2243 1806 2312 τέλος;
1829 2247 1983 2300 Ἔστι

404 2326 472 2379 δέ
500 2329 563 2380 ἐκ
599 2329 803 2384 τούτων
831 2330 930 2402 τὴν
967 2332 1166 2404 ἀρετὴν
1192 2333 1578 2405 ἀποθαυμάσαι
1607 2337 1706 2406 τῆς
1729 2335 1981 2389 θεοπνεύ-

413 2432 541 2469 στου
560 2416 798 2490 Γραφῆς,
824 2419 900 2483 ὡς
924 2420 991 2473 τὰ
1015 2424 1244 2494 μακροῖς
1270 2421 1495 2494 ὕστερον
1519 2422 1831 2495 πραχθέντα
1859 2422 1982 2493 χρό-

410 2524 525 2571 νοις
561 2509 867 2580 προγνώσει
918 2510 1037 2583 θείᾳ
1092 2513 1406 2585 προείληφε.
1464 2514 1537 2568 Τὸ
1564 2514 1655 2579 δὲ,
1700 2516 1897 2581 Ἰνατί,
1949 2518 1981 2568 ό

410 2598 593 2664 θεὸς,
622 2600 841 2655 ἀπώσω
869 2605 955 2669 εὶς
982 2604 1185 2670 τέλος,
1220 2604 1431 2678 εἴρηται
1450 2644 1465 2670 ,
1503 2605 1689 2675 ἐπειδὴ
1725 2605 1980 2671 πολλάκις

409 2689 688 2754 ἀσεϐείαις
719 2693 814 2747 καὶ
847 2695 1245 2765 πλημμελείαις
1270 2698 1332 2750 τὸ
1377 2697 1641 2751 Ἰουδαίων
1666 2697 1818 2762 ἔθνος
1846 2699 1977 2751 ὐπο-

413 2778 610 2833 πίπτον
633 2782 942 2854 παρεδίδοτο
968 2788 1079 2849 τοῖς
1104 2786 1398 2857 περιοίκοις
1426 2787 1739 2857 ἀλλοφύλοις
1772 2787 1973 2841 ἔθνεσι·

413 2873 508 2925 καὶ
551 2875 681 2927 ποτέ
723 2877 819 2947 μὲν
856 2876 1051 2942 αὐτοὺς
1076 2878 1360 2932 Μωαϐῖται
1393 2877 1697 2950 ἐχειροῦντο
1718 2921 1732 2944 ,
1765 2880 1893 2934 ποτέ
1920 2880 1977 2933 δὲ

426 2963 764 3035 Ἀμμανῖται,
790 2966 882 3020 καὶ¹
907 2966 1094 3022 ἄλλοτε
1118 2968 1173 3021 δέ
1199 2968 1536 3040 Μαδιηναῖοι.
1582 2966 1692 3024 Εἶτ’
1722 2971 1973 3042 ἐπιπρέ-

413 3071 529 3123 φων
564 3054 758 3120 αὐτοὺς
801 3055 1168 3129 ἀνελάμϐανεν
1206 3061 1235 3112 6
1278 3060 1437 3124 Θεός·
1505 3061 1597 3114 καὶ
1637 3061 1773 3132 μετὰ
1802 3061 1974 3116 ταῦτα

410 3143 571 3197 πάλιν
590 3146 1034 3217 παρανομοῦντας
1050 3148 1333 3218 παρεδίδου
1352 3149 1624 3221 πολεμίοις
1639 3150 1861 3222 ἑτέροις,
1882 3151 1973 3205 καὶ

2092 1970 2238 2026 subit
2265 1968 2528 2024 divinitus
2574 1968 2851 2038 inspirata:
2905 1967 3200 2037 Scriptura:
3228 1966 3504 2028 virtutem,
3531 1978 3653 2035 qua:

2090 2061 2364 2115 diuturnis
2390 2067 2578 2129 postea
2607 2058 2944 2129 temporibus
2967 2063 3120 2127 gesta
3156 2054 3339 2110 divina
3363 2055 3652 2125 pra‘scien-

2092 2154 2165 2208 lia
2198 2151 2510 2207 antevertit.
2539 2149 2679 2204 Illud
2718 2157 2920 2212 autem,
2985 2146 3202 2218 Ulquid,
3229 2146 3386 2210 Deus,
3412 2146 3651 2215 repulisti

2091 2244 2145 2297 in
2175 2241 2581 2313 ﬁnem,dictum
2612 2250 2720 2304 est,
2757 2240 2882 2309 quia
2907 2237 3133 2293 Iudaica
3165 2254 3299 2309 gens
3329 2238 3383 2291 in
3405 2236 3653 2307 impieta-

2091 2344 2171 2392 tes
2218 2343 2274 2391 et
2325 2335 2383 2390 in
2441 2333 2650 2389 scelera
2696 2332 2979 2394 decidens,
3037 2328 3285 2385 ﬁnitimis
3332 2328 3653 2398 alienigenis

2086 2423 2342 2497 gentibus
2381 2423 2526 2477 tradi
2565 2422 2809 2489 solebat;
2849 2429 2904 2476 et
2942 2420 3102 2475 modo
3140 2418 3358 2489 quidem
3403 2416 3653 2471 Moabitae

2088 2515 2410 2585 subigebant
2441 2513 2611 2578 illam,
2641 2511 2800 2566 modo
2821 2510 3165 2572 Ammonitse,
3201 2508 3364 2563 modo
3385 2505 3649 2561 Madiani-

2086 2613 2174 2662 tae.
2207 2603 2409 2659 Deinde
2448 2610 2629 2658 autem
2663 2602 2732 2656 ad
2763 2601 2971 2671 frugem
3013 2614 3277 2655 revocans
3307 2596 3471 2661 Deus,
3513 2596 3648 2667 ipsis

2085 2697 2563 2766 patrocinabatur;
2605 2692 2838 2751 subinde
2887 2708 3015 2748 vero
3053 2691 3470 2761 praevaricantes
3525 2688 3650 2745 aliis

2084 2788 2323 2843 inimicis
2354 2786 2622 2851 tradebat,
2672 2799 2735 2840 ac
2783 2800 2978 2839 rursus
3021 2784 3075 2837 in
3108 2782 3397 2853 pristinum
3441 2788 3648 2835 statum

2083 2879 2406 2935 reStituebat
2434 2897 2447 2934 :
2472 2886 2525 2934 et
2557 2891 2835 2947 nunquam
2868 2875 2923 2929 in
2959 2874 3118 2929 linem
3149 2888 3325 2943 usque
3352 2870 3645 2953 abjiciebat

2082 2972 2226 3033 illos,
2253 2971 2347 3027 sed
2383 2971 2530 3027 brevi
2565 2979 2689 3041 post
2718 2976 2964 3039 tempore
2988 2969 3044 3022 in
3076 2966 3304 3023 salutem
3332 2952 3641 3019 revocabat.

2081 3061 2151 3116 At
2184 3071 2306 3133 post
2336 3068 2608 3132 patratum
2645 3061 2714 3115 ab
2749 3061 2831 3115 eis
2858 3065 3052 3114 contra
3087 3055 3430 3111 Servatorem
3477 3068 3639 3108 exse-

2080 3152 2342 3208 crandum
2367 3151 2601 3217 facinus,
2632 3149 2856 3217 pervenit
2883 3147 2951 3202 ad
2983 3164 3068 3202 eos
3098 3148 3184 3200 ira
3210 3146 3265 3199 in
3291 3146 3447 3215 ﬁnem
3467 3144 3534 3211 ¹⁶,
3566 3159 3647 3199 se-

407 3231 565 3300 αῦθις
588 3238 877 3292 ἀνεκτᾶτο·
906 3238 1158 3292 οὐδέποτε
1188 3238 1243 3292 δὲ
1276 3242 1471 3305 αὐτοὺς
1497 3242 1765 3296 ἀπωθείτο
1787 3245 1867 3306 είς
1887 3243 1977 3296 τέη

2082 3244 2320 3300 cundum
2350 3242 2703 3314 apostolicam
2739 3241 3110 3310 Scripturam;
3143 3239 3215 3301 ita
3242 3246 3302 3292 ut
3332 3243 3456 3307 post
3492 3235 3640 3290 illam

406 3325 497 3391 λος
514 3368 530 3392 ,
571 3329 707 3400 πρὸς
733 3329 937 3402 βραχὺν
970 3330 1027 3384 δέ
1054 3347 1173 3384 τινα
1200 3332 1388 3404 καιρὸν
1410 3334 1753 3406 ἐπιστρέφων
1780 3334 1973 3406 ἐνῆγεν

406 3419 489 3482 εις
517 3420 805 3492 σωτηρίαν.
842 3423 995 3477 Μετὰ
1022 3422 1079 3476 δέ
1106 3422 1166 3476 τὸ
1191 3423 1330 3478 κατὰ
1360 3424 1453 3478 τοῦ
1488 3425 1737 3497 Σωτῆρος
1771 3424 1973 3496 τολμη-

406 3512 498 3567 θὲν
526 3514 705 3577 αὐτοῖς
731 3514 861 3583 ἄγος
885 3514 1152 3584 ἔφθασεν
1176 3518 1262 3581 είς
1287 3516 1508 3583 αὐτοὺς
1534 3518 1572 3585 ἡ
1600 3517 1743 3587 ὀργὴ
1772 3519 1859 3582 εὶς
1884 3515 1975 3571 τέ-

404 3608 533 3671 λος,
548 3604 687 3659 κατὰ
712 3604 809 3677 τὴν
838 3605 1194 3678 ἀποστολικὴν
1213 3607 1452 3679 Γραφὴν,
1473 3607 1547 3671 ὡς
1568 3608 1626 3671 ἐξ
1646 3607 1850 3662 ἐκείνου
1880 3609 1975 3663 καὶ

404 3697 486 3758 είς
505 3694 661 3765 δεῦρο
678 3695 867 3767 μηκέτ’
888 3697 1089 3768 ἐπᾶραι
1109 3698 1348 3769 κεφαλὴν
1370 3698 1583 3761 αὐτούς.
1618 3700 1682 3751 Ὅ
1698 3699 1761 3771 δὴ
1780 3699 1973 3769 σημαί-

403 3803 568 3839 νουσα
598 3788 631 3856 ή
664 3787 967 3858 προφητεία
1025 3788 1186 3858 φησίν
1204 3805 1218 3818 ο
1278 3789 1470 3852 Ἰνατί,
1498 3793 1531 3843 ό
1552 3790 1688 3854 Θεὸς
1711 3828 1727 3852 ,
1754 3789 1974 3843 ἀπώσω

400 3879 490 3942 είς
519 3876 728 3942 τέλος;
750 3878 1180 3948 Σεσιωπημένως
1212 3878 1267 3933 δὲ
1287 3880 1317 3932 6
1344 3879 1501 3948 λόγος
1527 3879 1614 3933 διὰ
1636 3880 1735 3951 τῆς
1763 3881 1970 3952 ἐρωτή-

402 3986 539 4033 σεως
555 3969 773 4040 ᾐνίξατο
795 3970 892 4040 τὴν
906 3970 1044 4023 κατὰ
1058 3969 1148 4024 τοῦ
1165 3971 1317 4041 Σωτῆ
1326 3988 1415 4042 ρος
1437 3969 1591 4041 ἡμῶν
1612 3969 1828 4043 πρᾶξιν,
1853 3971 1971 4043 μεθ’

398 4061 468 4133 ἢν
499 4062 595 4115 καὶ
617 4063 697 4125 είς
723 4061 874 4125 τέλος
894 4062 1295 4134 ἁπεϐλήθησαν.
1330 4062 1495 4117 Τοῦτο
1522 4062 1578 4115 δέ
1606 4063 1699 4116 καὶ
1728 4065 1756 4117 6
1782 4064 1971 4135 Σωτὴρ

398 4154 562 4219 αὐτὸς
591 4154 826 4226 παρίστη
856 4154 1028 4224 λέγων
1045 4172 1058 4186 ⁸
1096 4155 1358 4222 Ποσὰκις
1386 4155 1657 4224 ἠθέλησα
1681 4157 1970 4211 ἐπισυνα-

399 4247 601 4318 γαγεῖν
629 4248 701 4303 τὰ
742 4248 922 4304 τέκνα
960 4264 1075 4305 σου
1098 4290 1113 4315 ,
1148 4248 1219 4302 ὃν
1243 4250 1464 4318 τρόπον
1492 4248 1654 4317 ὄρνις
1685 4248 1974 4304 ἐπισυνά-

398 4358 487 4409 γει
516 4341 586 4396 τὰ
611 4343 833 4395 νοσσία
861 4340 980 4395 ὑπὸ
1007 4342 1113 4406 τὰς
1142 4342 1454 4410 πτέρυγας,
1491 4342 1590 4395 καὶ
1611 4343 1723 4395 οὐκ
1754 4340 1970 4410 ἠθελή-

396 4448 578 4497 σατε;
613 4432 768 4487 Ἰδοὺ
796 4434 1026 4503 ἀφίεται
1048 4432 1191 4502 ὑμῖν
1209 4435 1242 4487 ό
1262 4433 1425 4499 οἶκος
1442 4431 1608 4503 ὑμῶν
1627 4433 1864 4502 ἕρημος.
1899 4433 1973 4486 Τὸ

397 4526 536 4598 γὰρ,
563 4524 827 4591 Ποσάκις
855 4524 1144 4593 ἠθέλησα,
1170 4524 1319 4595 δηλοῖ
1345 4526 1445 4596 τὴν
1469 4523 1661 4596 μακρῷ
1682 4524 1859 4596 χρόνῳ
1887 4526 1974 4577 ὲν-

2081 3335 2447 3391 calamitatem
2494 3350 2605 3389 non
2642 3334 2907 3388 hactenus
2954 3338 3117 3403 caput
3159 3330 3473 3386 extulerint.
3513 3328 3645 3396 Quae

2082 3426 2394 3497 signiﬁcans
2423 3424 2704 3495 prophetia
2738 3423 2869 3478 dicit
2901 3442 2914 3477 :
2945 3420 3164 3492 thuid,
3212 3421 3374 3484 Deus,
3407 3418 3647 3488 repuliin
3678 3472 3687 3483 _

2081 3521 2136 3575 in
2172 3520 2372 3590 finem?
2400 3517 2505 3574 Per
2546 3516 3028 3587 interrogationem
3070 3529 3201 3569 vero
3246 3512 3545 3567 admissum
3589 3510 3645 3565 in

2083 3609 2426 3665 Servatorem
2484 3616 2732 3664 nostrum
2790 3605 3000 3662 facinus
3055 3604 3477 3668 subindicatur,
3533 3616 3645 3672 quo

2080 3710 2302 3772 peracto
2326 3701 2380 3754 in
2412 3698 2571 3753 ﬁnem
2612 3698 2809 3768 abjecti
2841 3707 2988 3753 sunt.
3022 3697 3081 3752 ld
3111 3711 3244 3752 sane
3276 3695 3393 3767 ipse
3424 3709 3644 3765 quoque

2082 3791 2339 3848 Servator
2373 3792 2614 3848 declarat
2646 3790 2874 3846 dicens:
2907 3790 3121 3858 Quoties
3152 3789 3295 3845 volui
3333 3804 3646 3859 congregare

2080 3884 2223 3953 ﬁlios
2255 3893 2393 3947 tuos,
2436 3880 2877 3953 quemadmodum
2922 3880 3128 3951 gallina
3164 3890 3442 3952 congregat
3471 3879 3646 3949 pullos

2080 3992 2205 4030 suos
2247 3976 2341 4031 sub
2390 3975 2530 4037 alas,
2572 3980 2623 4027 et
2676 3972 2961 4027 noluistis?
2992 3968 3122 4026 Ecce
3152 3974 3477 4044 relinquetur
3502 3971 3644 4027 vobis

2078 4056 2263 4122 domus
2307 4075 2479 4121 uestra
2517 4065 2724 4120 deserta
2749 4064 2814 4119 ¹⁷.
2845 4062 2981 4116 lllud
3021 4062 3188 4128 enim,
3218 4063 3433 4129 Quoties
3479 4063 3644 4131 volui,

2080 4160 2284 4215 indicat
2336 4158 2679 4214 tolerantiam
2718 4155 2867 4209 illam
2914 4153 3175 4208 diuturno
3221 4163 3466 4223 tempore
3507 4154 3645 4227 ipsis

2078 4250 2408 4316 exhibitam;
2459 4247 2593 4304 illud
2625 4262 2774 4313 vero,
2813 4255 2863 4301 et
2908 4244 3175 4309 noluistis,
3210 4251 3540 4315 postremam
3574 4242 3643 4298 il-

2080 4340 2255 4394 lorum
2288 4337 2647 4409 ahjectionem
2672 4337 2960 4408 significat,
2982 4336 3202 4408 quando
3233 4336 3406 4391 iratus
3442 4341 3526 4390 est
3554 4333 3643 4389 fu-

2080 4449 2171 4489 ror
2220 4433 2339 4503 ejus
2367 4447 2531 4504 super
2570 4431 2694 4487 illas
2723 4445 2846 4501 Quae
2886 4430 3015 4484 olim
3064 4437 3224 4485 erant
3264 4444 3395 4484 oves
3427 4444 3643 4499 pascuae

2078 4525 2217 4593 ejus.
2231 4524 2436 4580 Deinde
2452 4540 2579 4580 vero
2600 4525 2925 4596 supplicatio
2947 4524 3215 4581 emittitur
3234 4523 3321 4580 his
3347 4523 3528 4579 verbis
3553 4541 3643 4578 :—

395 4584 640 4672 δοθείσαν
671 4584 853 4681 uia-eoi;
872 4584 1276 4688 μακροθυμίαν·
1308 4616 1370 4671 τὸ
1393 4584 1482 4681 δέξ
1498 4584 1599 4671 καί
1755 4584 1970 4685 ἠθελή-

2082 4584 2239 4674 V'eas.
2263 4617 2315 4672 2.
2348 4616 2553 4673 Memor
2577 4584 2687 4672 esto
2708 4584 3010 4689 ISynagogce
3033 4625 3158 4681 ture,
3186 4632 3343 4684 quam
3363 4614 3643 4684 possedisti

397 4724 577 4772 σατε,
624 4706 1027 4780 παραστατικὸν
1058 4707 1124 4762 ἂν
1156 4708 1362 4777 γένοιτο
1390 4708 1488 4778 τῆς
1520 4707 1754 4779 ὑστάτης
1791 4707 1968 4762 αὐτῶν

397 4797 691 4876 ἀποϐολῆς,
713 4798 802 4851 ὅτε
823 4798 916 4850 καὶ
941 4796 1185 4868 ὠργίσθη
1215 4798 1244 4849 6
1271 4798 1441 4868 θυμὸς
1467 4797 1630 4851 αὑτοῦ
1652 4798 1745 4852 ἐπὶ
1771 4797 1841 4851 τὰ
1863 4797 1967 4851 πά-

394 4889 484 4944 λαι
514 4890 778 4961 γενόμενα
806 4888 1052 4960 πρόϐατα
1081 4888 1249 4959 νομῆς
1278 4887 1462 4940 αὐτοῦ.
1507 4886 1736 4957 Ἑξῆςδέ
1759 4889 1788 4941 6
1810 4886 1967 4957 λόγος

400 4976 679 5047 ἱκετηρίαν
708 4975 970 5047 προσάγει
991 4974 1164 5044 λέγων
1184 4991 1197 5007 '
1224 4974 1535 5043 Μνήσᾶητι
1558 4974 1668 5044 τῆς
1692 4991 1963 5048 συναγω-

395 5067 509 5138 γῆς
551 5083 687 5133 σου,
709 5063 785 5137 ἧς
808 5068 1044 5137 ἐκτήσω
1070 5068 1171 5121 ἀπ’
1199 5064 1412 5136 ἀρχῆς.
1447 5067 1658 5138 Σφόδρα
1688 5067 1747 5121 δέ
1769 5069 1969 5123 καταλ-

395 5158 570 5229 λήλως
607 5160 924 5229 συναγωγῆς
953 5158 1325 5230 ἐμνημόνευσε
1344 5196 1360 5222 ,
1395 5159 1489 5210 καὶ
1528 5159 1743 5230 πρῶτον
1782 5160 1966 5231 κτῆμα

391 5250 487 5305 τοῦ
522 5251 656 5306 Θεοῦ
688 5269 850 5323 φησιν
884 5250 1053 5323 αὐτὴν
1085 5249 1364 5319 γεγονέναι
1389 5267 1403 5281 ·
1434 5250 1529 5304 ἆτε
1560 5249 1713 5314 εἰδὼς
1744 5251 1839 5304 καὶ
1865 5252 1966 5322 τὴν

398 5341 472 5413 μὴ
499 5343 558 5408 ἐξ
584 5343 775 5413 ἀρχῆς,
797 5342 909 5396 ἀλλ’
941 5340 1166 5413 ὕστερον
1193 5340 1330 5412 μετὰ
1356 5341 1455 5413 τὴν
1476 5341 1791 5396 ἀπόπτωσιν
1817 5344 1962 5397 ἐκεί-

392 5450 490 5506 νης
518 5435 578 5502 ἐξ
620 5434 875 5488 ἁπάντων
915 5433 1024 5487 τῶν
1060 5433 1228 5488 ἐθνῶν
1262 5433 1571 5488 ὑποστᾶσαν
1612 5434 1957 5507 Ἐκκλησίαν.

396 5518 502 5591 Ἧς
522 5528 614 5581 καὶ
638 5529 695 5580 ἐν
713 5524 920 5597 ἑτέροις
948 5524 1274 5596 μνημονεύει
1291 5526 1464 5594 λέγων
1483 5542 1496 5555 ·
1537 5526 1632 5578 Ἐν
1643 5524 1811 5594 μέσῳ
1844 5528 1964 5582 Ἐκ-

396 5620 654 5687 κλησίας
682 5617 931 5687 ὑμνήσω
957 5632 1030 5672 σε
1052 5634 1065 5648 ·
1104 5617 1194 5670 καὶ
1222 5618 1383 5673 πάλιν
1408 5634 1421 5647 ·
1465 5617 1963 5690 Εὺηγγελισάιιην
2004 5682 2007 5683 ν

1178 5732 1219 5764 ¹⁵
1259 5732 1389 5787 ibid.
1430 5732 1479 5786 7.

1067 5802 1110 5832 "’
1148 5799 1292 5856 Psal.
1334 5818 1460 5867 xxx,
1491 5802 1579 5856 26.

468 5731 510 5762 “
551 5731 739 5785 Matth.
775 5747 884 5786 χιιι
907 5772 922 5791 .
953 5731 1067 5787 9-6.

400 5798 441 5828 ¹⁹
482 5800 620 5856 Psal.
662 5817 863 5868 xxxix,
902 5802 984 5857 l0.

1587 5732 1628 5763 ¹⁶
1667 5730 1684 5785 1
1723 5731 1896 5791 Thess
1955 5751 2029 5804 ιι,
2078 5737 2161 5792 16.

2075 4711 2140 4765 ab
2160 4710 2327 4764 initio.
2349 4710 2652 4764 Admodum
2669 4715 3032 4780 congruenter
3052 4707 3391 4780 Synagogam
3409 4722 3641 4763 comme-

2074 4807 2250 4856 morat
2275 4801 2458 4870 aitque
2485 4801 2630 4855 illam
2650 4802 2876 4870 primam
2908 4799 3003 4855 Dei
3019 4799 3422 4871 possessionem
3434 4798 3639 4866 fuisse;

2071 4901 2255 4963 utpote
2289 4893 2381 4963 qui
2419 4901 2604 4947 nosset
2646 4892 2971 4959 Ecclesiam,
3008 4908 3076 4948 ex
3104 4892 3358 4947 omnibus
3389 4892 3641 4963 gentibus

2069 4986 2442 5050 constitutam,
2474 5001 2596 5057 quae
2637 5001 2746 5040 non
2777 4986 2846 5040 ab
2884 4985 3061 5052 initio,
3102 4984 3198 5040 sed
3238 4994 3362 5056 post
3395 4983 3640 5057 Synago—

2073 5094 2154 5149 gae
2188 5079 2403 5133 ruinam
2451 5079 2680 5133 exstitit.
2724 5077 2894 5147 Cujus
2938 5075 3199 5132 Ecclesiae
3219 5077 3357 5131 alias
3393 5076 3642 5132 meminit

2070 5166 2299 5222 dicens:
2334 5164 2402 5221 In
2450 5166 2620 5221 medio
2663 5165 2913 5221 Ecclesia:
2962 5164 3192 5219 laudabo
3238 5165 3383 5234 te“;
3416 5172 3472 5220 et
3514 5179 3641 5219 rur-

2068 5273 2164 5313 sus
2194 5276 2207 5312 :
2235 5256 2560 5312 Annuntiaoi
2585 5258 2855 5327 justitiam
2884 5256 2938 5310 in
2970 5253 3209 5310 Ecclesia
3254 5272 3446 5326 magna
3464 5256 3544 5320 ";
3575 5270 3640 5311 ac

2068 5349 2265 5404 iterum
2289 5366 2303 5401 ;
2324 5346 2480 5416 Apud
2505 5357 2552 5401 te
2579 5346 2702 5401 laus
2730 5363 2844 5402 mea
2872 5347 2927 5399 in
2952 5344 3191 5401 Ecclesia
3226 5362 3420 5417 magna
3441 5346 3507 5399 ²⁰.
3540 5344 3639 5401 Ve-

2069 5454 2188 5493 rum
2223 5453 2333 5493 non
2360 5439 2488 5493 talis
2520 5439 2610 5493 illa
2642 5437 2770 5492 olim
2803 5436 3087 5508 Synagoga
3119 5445 3238 5493 erat
3273 5456 3285 5490 :
3321 5419 3638 5507 illa'quippe

2069 5529 2192 5585 ideo
2222 5529 2305 5584 sic
2349 5529 2649 5585 vocabatur
2678 5528 2821 5599 quod
2873 5542 2984 5583 uno
3023 5531 3079 5582 in
3124 5529 3244 5584 loco
3273 5543 3635 5599 congregare-

2068 5631 2186 5688 tur;
2222 5621 2337 5675 haec
2377 5636 2505 5675 vero
2532 5619 2951 5691 pmcellentiam
2984 5620 3266 5675 electionis
3304 5633 3421 5681 sua:
3456 5619 3632 5674 decla-

2258 5737 2297 5769 ¹⁷
2341 5735 2528 5790 Matth.
2573 5753 2745 5803 mn,
2781 5737 2845 5791 57
2870 5777 2884 5802 ,
2922 5736 3008 5792 '58.
3114 5736 3159 5767 ¹⁸
3193 5735 3334 5792 Psal.
3374 5751 3465 5790 xx:
3491 5775 3504 5800 ,
3540 5736 3629 5791 25.
