4056 6376
330 388 432 445 857

1448 367 1948 441 COMMENTARIA
1987 379 2050 436 IN
2089 377 2426 437 PSALMOS.

3452 379 3560 441 858

331 507 614 574 πύρισαν,
651 505 818 572 φησὶ,
847 501 915 555 ἐν
939 499 1079 568 πυρί
1108 500 1172 553 τὸ
1199 499 1583 570 ἀγιαστήριόν
1612 514 1726 553 σου
1746 541 1761 565 ,
1798 499 1896 552 καὶ

2012 499 2130 552 Liam
2173 511 2366 552 eorum
2413 511 2536 566 quae
2582 511 2750 566 supra
2798 495 2947 551 dicta
3008 506 3136 554 sunt
3175 501 3368 570 aperit.
3424 501 3564 568 Quia

333 600 420 663 εις
444 595 559 665 τὴν
591 595 706 668 γῆν
734 592 1113 661 ἐϐεϐήλωσαν
1144 591 1209 645 τὸ
1238 591 1523 660 σκήνωμα
1551 590 1656 645 τοῦ
1683 591 1896 659 ὀνόμα-

337 689 436 754 τός
461 702 596 746 σου.
651 686 736 738 Ἐν
756 679 801 753 ᾧ
825 683 1163 755 διερμηνεύει
1192 684 1288 754 τὴν
1317 683 1554 736 διάνοιαν
1583 682 1674 736 τοῦ
1700 681 1900 736 ἀνωτέ-

339 797 417 849 ρω
445 775 784 847 λελεγμένου.
827 775 1042 839 Ἐπειδὴ
1065 774 1174 845 γὰρ
1197 775 1254 826 ἐν
1281 777 1392 838 τοῖς
1420 774 1725 846 ἔμπροσθεν
1751 775 1898 848 εἴρη-

335 887 395 922 το
416 886 429 899 ο
468 871 633 935 Ὄρος
668 865 820 921 Σιὼν
846 866 1018 919 τοῦτο
1048 865 1080 919 ὃ
1122 865 1589 934 κατεσκήνωσας
1615 867 1683 919 ὲν
1707 859 1896 932 αὐτῷ·

335 962 484 1023 ὅπως
529 958 942 1027 κατεσκήνωσεν
986 957 1044 1009 ἐν
1077 956 1226 1027 αὐτῷ
1273 957 1523 1024 διασαφεῖ
1551 957 1644 1009 νῦν
1691 959 1898 1028 φήσας·

343 1050 410 1103 Τό
438 1049 725 1118 σκήνωμα
757 1048 862 1101 τοῦ
891 1048 1178 1116 ὀνόματός
1209 1063 1326 1104 σου
1349 1065 1362 1078 ⁸
1394 1049 1661 1118 Σκὴνωμα
1692 1049 1799 1119 γὰρ
1834 1045 1902 1119 ἦν

334 1140 364 1191 ὁ
387 1139 546 1202 τόπος
567 1139 665 1191 ούκ
685 1135 848 1190 αὐτοῦ
871 1134 960 1188 τοῦ
983 1134 1138 1199 Θεοῦ,
1158 1135 1293 1189 ἀλλὰ
1312 1134 1404 1188 τοῦ
1423 1134 1683 1205 ὀνόματος
1705 1134 1868 1188 αὐτοῦ
1883 1152 1896 1164 θ

335 1229 582 1286 Δυσωπεῖ
610 1226 666 1278 δὲ
694 1227 777 1294 ἐφ’
801 1225 1012 1294 ἑκάστῳ
1031 1265 1044 1288 ,
1080 1225 1415 1296 προστιθείς-ο
1477 1225 1565 1277 Ἐν
1595 1225 1742 1294 μέσῳ
1772 1224 1899 1294 γὰρ,

338 1316 492 1388 φησὶ,
523 1317 622 1386 τῆς
638 1317 829 1388 ἑορτῆς
856 1333 949 1368 σου
977 1316 1036 1369 τὸ
1064 1316 1414 1387 ἁγιαστὴριόν
1445 1333 1536 1368 σου
1564 1315 1656 1368 καὶ
1683 1313 1743 1366 τὸ
1774 1315 1903 1384 σκή-

335 1427 493 1480 νωμα
522 1408 616 1462 τοῦ
639 1408 896 1478 ὀνόματός
925 1425 1038 1460 σου.
1065 1407 1147 1460 Τὰ
1172 1407 1280 1478 γὰρ
1304 1407 1525 1462 τοιαῦτα
1556 1406 1904 1476 δυσωπητικὰ

258 1543 263 1549 .
335 1497 403 1571 ἦν
436 1502 530 1554 καὶ
575 1499 830 1571 ἐγερτικὰ
866 1499 958 1551 ἐπὶ
992 1497 1268 1569 ἐκδίκησιν
1308 1498 1416 1552 τῶν
1467 1497 1900 1568 τετολμημένων,

336 1593 422 1658 ἐφ’
453 1591 521 1661 ἢν
556 1591 815 1662 παρορμᾷ
852 1589 980 1660 ἑξῆς
1014 1589 1184 1659 λέγων
1203 1607 1216 1620 ·
1270 1590 1538 1658 Ἐπαρον
1566 1589 1674 1655 τὰς
1703 1587 1902 1658 χεῖράς

336 1698 452 1736 σου
481 1681 578 1736 ἐπὶ
609 1685 715 1748 τὰς
740 1684 1152 1752 ὑπερηφανίας
1179 1681 1375 1737 αὐτῶν
1403 1685 1488 1749 είς
1519 1683 1693 1750 τέλος
1711 1701 1724 1713 ο
1762 1684 1904 1738 κατὰ

333 1773 392 1826 δὲ
411 1773 508 1827 τὸν
535 1772 857 1846 Σύμμαχον·
893 1773 961 1828 Td
988 1774 1224 1843 ὕψωμα,
1252 1775 1403 1846 φησι,
1428 1774 1544 1829 τῶν
1563 1773 1764 1828 ποδῶν
1786 1792 1903 1829 σου

1998 588 2142 644 enim
2175 587 2327 656 prius
2357 586 2472 642 haec
2503 585 2718 640 loculus
2746 595 2886 655 erat,
2927 586 3160 643 Montem
3189 589 3316 645 Sion
3347 589 3482 646 hunc
3509 594 3566 647 in

1998 695 2097 750 quo
2125 679 2415 741 habitasti;
2460 679 2736 747 quomodo
2769 678 2826 732 in
2871 694 2938 733 eo
2980 680 3307 735 habitaverit
3336 681 3448 750 jam
3481 679 3570 736 de-

1999 768 2172 823 clarat
2205 767 2414 831 dicens,
2442 765 2864 822 Tabernaculum
2893 769 3122 822 nominis
3157 771 3253 822 tui.
3286 769 3570 824 Taberna-

1999 861 2183 915 culum
2215 860 2418 929 quippe
2447 861 2604 916 locus
2638 867 2776 924 erat,
2808 876 2918 915 non
2949 862 3127 931 ipsius
3165 861 3282 927 Dei,
3329 862 3424 917 sed
3470 877 3571 916 no-

2001 952 2166 1007 minis
2195 950 2336 1020 ejus.
2371 953 2431 1004 ln
2476 951 2708 1022 singulis
2742 961 2924 1008 autem
2950 955 3310 1024 conqueritur
3339 954 3570 1024 adjectis

2003 1044 2090 1100 his
2141 1043 2324 1098 verbis
2362 1061 2374 1096 :
2411 1041 2471 1096 ln
2522 1043 2726 1108 medio,
2785 1044 2982 1114 inquit,
3041 1045 3408 1102 solemnitatis
3464 1053 3573 1101 tute

2002 1133 2376 1188 sanctuarium
2425 1144 2579 1187 tuum
2624 1141 2679 1188 et
2725 1134 3138 1190 tabernaculum
3179 1137 3422 1192 nominis
3466 1137 3567 1190 tui.

1999 1224 2135 1280 Nam
2170 1225 2253 1280 ha:
2287 1225 2642 1295 querimonia:
2683 1233 2812 1280 sunt
2861 1225 2930 1280 ad
2976 1227 3322 1282 excitandam
3359 1225 3571 1280 facino-

2000 1333 2122 1372 rum
2158 1317 2440 1381 ultionem,
2469 1317 2538 1372 ad
2573 1333 2732 1386 quam
2763 1317 2866 1371 sub
2895 1317 3009 1371 haec
3034 1326 3293 1386 provocat
3335 1316 3524 1371 dicens
3551 1331 3566 1365 :

2001 1409 2140 1464 Lena
2188 1426 2379 1464 manus
2409 1417 2529 1463 tuas
2556 1409 2611 1462 in
2645 1407 2921 1476 superbius
2949 1424 3132 1462 eorum
3164 1409 3220 1462 in
3256 1409 3450 1476 ﬁnem;
3486 1421 3570 1462 se-

2003 1500 2240 1555 cundum
2276 1498 2660 1570 Symmachum
2691 1513 2820 1552 vero
2861 1519 2874 1552 :
2922 1497 3220 1562 Exultatio,
3257 1499 3354 1561 ait,
3383 1496 3572 1566 pedum

2005 1602 2211 1645 tuorum
2241 1590 2307 1644 de
2339 1590 2510 1643 medio
2533 1589 2748 1644 sublata
2775 1600 2852 1644 est
2878 1590 2946 1642 ad
2971 1591 3268 1645 victoriam.
3302 1589 3574 1644 Exaltatio

2005 1690 2185 1738 autem
2216 1681 2412 1751 pedum
2437 1682 2578 1751 ejus,
2616 1681 2876 1750 templum
2901 1691 3019 1736 erat
3046 1682 3299 1752 precibus
3326 1680 3574 1736 destina-

2005 1781 2142 1828 tum.
2183 1772 2412 1827 Gloriati
2444 1780 2573 1828 sunt
2599 1773 2691 1842 qui
2720 1772 2953 1828 oderunt
2991 1771 3158 1827 Deum
3185 1774 3242 1827 in
3273 1771 3454 1827 medio
3484 1785 3575 1826 so-

335 1864 641 1932 ἠφανίσθη
675 1866 764 1930 εις
793 1866 979 1931 νῖκος.
1035 1864 1276 1935 ’Υψωμα
1301 1864 1357 1918 δὲ
1396 1865 1502 1918 τῶν
1533 1865 1706 1918 ποδῶν
1737 1865 1899 1919 αὐτοῦ

2012 1863 2302 1944 lemnitatis
2330 1863 2472 1931 ejus,
2517 1870 2573 1918 et
2610 1865 2806 1918 merito
2833 1863 3074 1933 quidem.
3104 1863 3244 1929 Quia
3277 1863 3423 1918 enim
3470 1861 3578 1932 ipsi

333 1958 363 2007 ὁ
386 1953 518 2019 νεὼς
546 1950 613 2026 ἦν
641 1956 670 2007 ό
700 1955 1005 2026 εύκτὴριος.
1060 1957 1520 2038 Ἐνεκαυχὴσαντο
1546 1958 1592 2008 οἱ
1625 1954 1906 2026 μισοῦντες

335 2047 435 2116 τὴν
455 2045 586 2099 Θεὸν
613 2048 670 2098 ἐν
694 2046 842 2116 μέσῳ
866 2047 963 2118 τῆς
995 2047 1188 2118 ἑορτῆς
1210 2047 1372 2108 αὑτοῦ
1403 2048 1645 2110 εἰκότως,
1687 2047 1906 2117 Ἐπειδὴ

335 2136 445 2204 γὰρ
464 2137 616 2190 αὐτοὶ
635 2137 884 2208 πρότεροι
901 2137 992 2190 τὸν
1019 2137 1181 2190 τόπον
1204 2139 1474 2200 οἰκοῦντες
1495 2138 1686 2202 ἀθέους
1707 2139 1909 2210 ἤραντο

335 2229 525 2299 χεῖρας
557 2227 693 2281 κατὰ
718 2228 810 2280 τοῦ
841 2228 1074 2299 Χριστοῦ
1104 2228 1198 2282 τοῦ
1230 2228 1364 2292 Θεοῦ
1391 2229 1450 2282 ἐν
1483 2229 1634 2300 μέσῳ
1669 2229 1766 2300 τῆς
1789 2231 1908 2301 ἐορ-

333 2321 434 2389 τῆς
456 2318 640 2382 αὐτοῦ,
665 2319 810 2388 βοαῖς
833 2337 890 2376 τε
913 2321 1090 2383 ἀθέοις
1119 2319 1212 2373 καὶ
1229 2320 1478 2388 ὲναγέσιν
1503 2321 1821 2392 ἐχρήσαντο,
1847 2322 1905 2374 ἐν

333 2410 473 2480 αὐτῇ
504 2412 569 2480 τῇ
599 2408 690 2462 τοῦ
727 2409 919 2479 Πάσχα
951 2408 1131 2482 ἡμέρᾳ
1160 2409 1220 2462 τὸ
1253 2403 1390 2480 αἷμα
1421 2408 1586 2463 αὐτοῦ
1619 2409 1740 2464 καθ’
1772 2410 1901 2462 έαυ-

332 2501 446 2554 τῶν
473 2502 563 2554 καὶ
589 2501 727 2554 κατὰ
749 2501 858 2554 τῶν
891 2501 1032 2555 ἰδίων
1063 2501 1267 2555 τέκνων
1294 2501 1734 2573 ἐξαιτησάμενοι’
1767 2503 1907 2555 εἰκό-

332 2611 443 2656 τως
481 2593 539 2646 ὲν
585 2593 733 2662 μέσῳ
782 2592 880 2662 τῆς
915 2593 1108 2664 ἑορτῆς
1142 2593 1328 2664 μετὴει
1357 2593 1554 2655 αὐτοὺς
1596 2595 1630 2664 ἡ
1665 2593 1730 2646 ἐκ
1771 2591 1907 2645 Θεοῦ

332 2687 474 2756 ὀργὴ
494 2702 507 2714 ·
539 2685 615 2746 ὼς
643 2685 736 2737 καὶ
762 2684 954 2753 ἑτέραν
983 2685 1317 2754 προφητείαν
1346 2682 1679 2754 πληροῦσθαι
1705 2685 1784 2748 είς
1811 2685 1908 2736 αύ-

2007 1956 2168 2026 primi
2194 1957 2374 2010 locum
2401 1955 2723 2018 incolentes,
2759 1955 2814 2008 in
2846 1955 3022 2008 medio
3054 1953 3418 2009 solemnitatis
3455 1953 3577 2021 ejus

2007 2048 2205 2119 impias
2238 2057 2434 2103 contra
2474 2047 2753 2102 Christum
2787 2045 2882 2100 Dei
2929 2047 3172 2100 extulere
3200 2059 3417 2105 manus.
3460 2043 3578 2097 cla-

2009 2141 2364 2212 moribusque
2403 2138 2585 2208 impiis
2613 2145 2668 2192 et
2702 2137 2926 2192 nefariis
2958 2138 3068 2200 usi,
3099 2138 3152 2191 in
3199 2137 3318 2207 ipso
3355 2134 3580 2190 Pascha:

2008 2231 2096 2288 die
2138 2231 2460 2302 sanguinem
2491 2229 2613 2299 ejus
2647 2244 2812 2300 super
2851 2244 2911 2284 se
2957 2239 3012 2284 et
3061 2245 3226 2299 super
3265 2228 3405 2282 ﬁlios
3449 2243 3581 2284 suos

2007 2321 2452 2393 expetierunt";
2486 2321 2613 2391 jure
2662 2320 2716 2374 in
2748 2319 2929 2374 medio
2968 2318 3332 2374 solemnitatis
3362 2317 3583 2373 invade-

2006 2414 2100 2469 bat
2137 2429 2233 2469 eos
2278 2413 2360 2467 ira
2407 2409 2543 2478 Dei;
2579 2412 2651 2465 ita
2698 2419 2760 2464 ut
2807 2409 2910 2464 alia
2963 2409 3248 2480 prophetia
3291 2407 3584 2479 impleatur

2005 2521 2112 2576 qua
2144 2506 2211 2562 de
2242 2506 2350 2561 illis
2379 2504 2582 2559 dicitur
2615 2521 2628 2557 :
2659 2501 2724 2556 Et
2759 2512 3060 2556 convertam
3100 2501 3462 2556 solemnitates
3496 2513 3582 2554 ω-

2007 2606 2146 2652 stras
2201 2597 2258 2651 in
2295 2597 2513 2662 luctum,
2578 2603 2627 2648 et
2678 2592 3008 2648 celebritates
3062 2603 3262 2648 vestras
3317 2592 3374 2644 in
3427 2589 3584 2660 ptan-

2007 2699 2149 2741 ctum
2165 2688 2232 2740 ".

333 2778 500 2838 τοὺς,
533 2774 599 2826 δι’
639 2771 706 2846 ἦς
738 2773 947 2846 εἴρητο·
984 2774 1094 2829 Καὶ
1135 2775 1526 2844 μεταστρέψω
1557 2776 1663 2841 τὰς
1695 2773 1901 2843 ἑορτὰς
1936 2778 2103 2847 ὑμῶν
2143 2780 2230 2844 είς
2276 2776 2493 2843 πένθος
2516 2817 2531 2842 ,
2579 2776 2677 2830 καί
2743 2776 2850 2842 τὰς
2877 2774 3237 2843 πανηγύρεις
3275 2771 3440 2843 ὑμῶν
3497 2769 3586 2842 εις

336 2863 577 2933 θρῆνον.

409 2973 604 3032 Εἶπαν
629 2979 698 3032 ἐν
724 2978 796 3046 τῇ
819 2979 1028 3048 καρδίᾳ
1057 2980 1254 3034 αὐτῶν
1271 2984 1329 3035 al
1359 2981 1697 3051 συγγένειαι
1719 2983 1915 3037 αὐτων

333 3069 434 3122 ἐπὶ
459 3069 522 3122 τὸ
549 3071 696 3123 αὑτό
716 3089 728 3100 ·
749 3071 1235 3138 Καταπαύσωμεν
1263 3071 1370 3136 τὰς
1398 3071 1606 3138 ἑορτὰς
1635 3072 1738 3126 τοῦ
1766 3073 1913 3127 Θεοῦ

2094 2981 2258 3036 Vens.
2283 2979 2335 3040 8.
2355 2981 2408 3034 9.
2432 2978 2687 3032 Dixerunt
2701 2994 2755 3030 ιιι
2771 2976 2926 3030 corde
2945 2991 3038 3029 suo
3057 2976 3391 3045 cognationes
3405 2993 3585 3031 eorum

2021 3073 2200 3134 simul,
2219 3071 2494 3138 Quiescere
2508 3071 2770 3140 faciamus
2793 3067 2906 3121 dies
2931 3065 3090 3136 festos
3118 3066 3212 3122 Dei
3229 3076 3437 3124 aterra.
3460 3066 3588 3124 Haec

332 3158 457 3213 ὰπὸ
488 3159 597 3227 τῆς
621 3159 749 3229 γῆς.
813 3160 891 3213 Τὰ
917 3159 1278 3232 προλεχθέντα
1306 3162 1481 3218 πάντα
1509 3162 1756 3216 δυσσεϐεῖ
1786 3180 1909 3215 σκο-

2012 3171 2213 3234 omnia,
2240 3170 2436 3240 inquit,
2451 3168 2616 3231 impio
2635 3167 2870 3222 consilio
2888 3163 3094 3220 inimici
3115 3161 3191 3216 tui
3207 3161 3539 3231 peragebant
3571 3182 3584 3216 :

334 3250 445 3321 πῷ,
467 3253 620 3322 φησὶ,
648 3251 1002 3323 διεπράξαντο
1019 3253 1066 3304 οἱ
1096 3251 1278 3323 ἐχθροί
1304 3269 1395 3304 σου
1415 3270 1428 3283 ’
1452 3254 1511 3306 τό
1537 3271 1596 3306 τε
1623 3254 1730 3325 γὰρ
1756 3257 1908 3322 ἁγια-

334 3343 561 3414 στὴριόν
598 3359 690 3395 σου
720 3342 1066 3414 ἐνεπύρισαν,
1099 3343 1193 3396 καὶ
1224 3343 1285 3396 τὸ
1315 3345 1576 3414 σκήνωμα
1599 3345 1692 3399 τοῦ
1715 3345 1913 3415 ὀνόμα-

330 3435 426 3497 τός
455 3451 548 3487 σου
579 3435 943 3506 ἐϐεϐήλωσαν,
977 3436 1071 3490 καὶ
1097 3435 1166 3488 τὰ
1195 3435 1355 3489 λοιπὰ
1379 3439 1553 3497 πάντα
1580 3438 1913 3508 τετολμήκα-

333 3543 422 3580 σιν
438 3543 451 3555 ·
472 3526 572 3579 οὐκ
592 3526 897 3596 ἀνθρώποις
915 3526 1372 3591 ἐπιϐουλεύοντες,
1389 3529 1507 3584 οὐδὲ
1526 3529 1688 3582 τόπον
1707 3529 1913 3600 πολιορ-

331 3621 454 3671 κεῖν
484 3616 834 3688 προθέμενοι·
862 3618 943 3670 σοι
963 3617 1019 3670 δὲ
1038 3616 1117 3688 τῷ
1144 3617 1261 3688 Θεῷ
1289 3618 1670 3688 πολεμοῦντες,
1696 3620 1791 3674 καὶ
1814 3619 1913 3682 τὰς

330 3705 530 3776 ἑορτάς
558 3721 650 3757 σου
673 3705 968 3760 καταλῦσαι
991 3705 1374 3776 διανοούμενοι,
1401 3708 1583 3761 Ταῦτα
1607 3709 1692 3771 δὲ,
1718 3711 1766 3762 εί
1817 3709 1915 3762 καὶ

333 3800 415 3868 μὴ
454 3796 683 3865 στόματι
717 3797 936 3850 ἐλάλουν
957 3837 972 3860 ,
1015 3797 1153 3851 ἀλλὰ
1179 3802 1300 3861 ταῖς
1331 3799 1578 3872 καρδίαις
1611 3801 1792 3854 αὐτῶν
1822 3803 1916 3855 καὶ

330 3892 456 3952 ταῖς
477 3887 802 3957 ἐνθυμήσεσι
831 3887 1147 3956 ἐλογίζοντο.
1187 3890 1344 3942 Ἀλλὰ
1371 3890 1493 3942 τότε
1529 3891 1624 3960 μὲν
1657 3892 1705 3943 οἱ
1733 3891 1918 3962 ἐχθροὶ

331 3979 429 4032 τοῦ
463 3978 598 4032 Θεοῦ
628 3977 798 4031 ταῦτα
828 3977 1161 4048 λογιζόμενοι
1197 3979 1288 4032 τὸν
1323 3979 1490 4032 πάλαι
1520 3979 1598 4049 τῷ
1619 3981 1736 4050 θεῷ
1769 3981 1918 4048 ἀφω-

337 4070 595 4143 ρισμένον
659 4069 813 4122 τόπον
858 4069 1160 4142 καθῄρουν·
1194 4071 1222 4123 ὁ
1255 4071 1310 4123 δὲ
1358 4071 1527 4142 μέγας
1570 4072 1662 4124 καὶ
1698 4071 1917 4136 δυνατὸς

330 4161 470 4223 Θεὸς
494 4161 604 4212 ἀνθ’
631 4160 748 4223 ἐνὸς
783 4159 991 4216 ἐκείνου
1021 4159 1121 4224 τὰς
1161 4162 1254 4214 ἀπ’
1275 4161 1552 4226 ,ἀνατολῶν
1575 4161 1724 4232 ἡλίου
1757 4161 1918 4234 μέχρι

328 4251 558 4322 δυσμῶν
587 4250 706 4304 καθ’
739 4251 865 4322 ὅλης
891 4251 991 4321 τῆς
1023 4254 1347 4324 οἰκουμένης
1379 4252 1671 4324 ἐκκλησίας
1699 4256 1755 4307 ὲν
1788 4257 1919 4308 πᾶσι

333 4343 564 4412 συνίστη
587 4345 696 4406 τοῖς
724 4342 920 4396 ἔθνεσι.
955 4345 1062 4398 Καὶ
1089 4346 1138 4398 oi
1167 4346 1264 4415 μὲν
1297 4345 1482 4416 ἐχθροί
1504 4363 1620 4410 σου,
1649 4348 1800 4416 φησι,
1827 4348 1921 4400 καὶ

330 4434 588 4505 πολέμιοι
633 4435 702 4487 τὰ
755 4435 962 4490 ἑαυτῶν
1009 4439 1208 4506 σημεῖα
1244 4436 1444 4508 ἔθηκαν
1481 4439 1538 4490 ἐν
1586 4438 1774 4510 ὑψηλῷ
1827 4441 1921 4493 καὶ

2009 3277 2134 3316 nam
2155 3262 2552 3325 sanctuarium,
2585 3259 2785 3330 inquit,
2821 3265 2976 3312 tuum
3009 3253 3392 3317 incenderunt,
3423 3261 3478 3308 et
3507 3260 3590 3307 ta-

2011 3355 2370 3410 bernaculum
2449 3352 2689 3408 nominis
2740 3351 2820 3405 tui
2903 3347 3303 3420 profanarum,
3365 3355 3590 3400 catara-

2011 3462 2118 3516 que
2171 3446 2355 3502 omnia
2421 3445 2541 3501 ausi
2596 3451 2769 3506 sunt,
2828 3456 2938 3495 non
3003 3437 3315 3495 hominibus
3357 3435 3591 3491 insidias

2012 3545 2326 3600 struentes,
2385 3552 2496 3591 non
2567 3536 2747 3591 locum
2805 3532 2984 3601 ipsum
3047 3528 3300 3584 obsidere
3377 3534 3588 3581 tantum

2013 3629 2070 3683 in
2128 3629 2310 3682 animo
2369 3626 2676 3688 habentes;
2727 3623 2821 3678 sed
2891 3622 2990 3676 tibi
3047 3619 3159 3675 Deo
3207 3619 3408 3674 bellum
3471 3632 3590 3674 mo-

2011 3727 2224 3783 ventes,
2263 3727 2319 3774 et
2351 3717 2490 3774 festa
2529 3725 2621 3771 tua
2656 3715 2868 3772 solvere
2897 3713 3227 3784 cogitantes.
3261 3710 3388 3766 Haec
3421 3723 3590 3782 porro

2014 3809 2231 3864 etiamsi
2289 3822 2400 3862 non
2453 3822 2550 3862 ore
2601 3804 2954 3876 proferrent,
3003 3801 3099 3857 sed
3163 3800 3331 3856 corde
3375 3806 3588 3854 mente-

2015 3911 2124 3966 que
2145 3893 2684 3965 cogitabant.Verum
2718 3892 2794 3946 illi
2830 3891 2924 3945 Dei
2956 3891 3144 3946 hostes
3178 3890 3310 3944 talia
3343 3889 3592 3959 cogitan-

2017 3995 2099 4041 tes
2134 3987 2312 4040 locum
2348 3985 2478 4042 olim
2520 3983 2632 4039 Dco
2661 3983 2902 4037 dicatum
2946 3980 3162 4036 excidio
3191 3979 3537 4034 tradiderunt
3571 3996 3588 4033 :

2017 4092 2250 4147 magnus
2293 4083 2477 4130 autem
2525 4075 2616 4130 ille
2664 4083 2966 4144 potensque
3007 4069 3170 4133 Deus,
3212 4084 3313 4140 pro
3348 4084 3459 4123 uno
3499 4069 3594 4124 illo

2018 4166 2160 4231 loco,
2184 4165 2252 4222 ab
2279 4165 2490 4219 oriente
2511 4164 2627 4219 sole
2661 4177 2834 4232 usque
2867 4159 2934 4216 ad
2967 4174 3224 4215 occasum
3247 4173 3345 4227 per
3372 4156 3608 4218 unkvers

2023 4273 2144 4312 sum
2180 4256 2367 4311 orbem
2397 4255 2660 4310 ecclesias
2686 4254 2791 4309 sibi
2827 4269 2923 4323 per
2953 4266 3145 4306 omnes
3176 4257 3365 4320 gentes
3385 4249 3594 4304 cdnsti-

2021 4347 2145 4406 luit.
2192 4347 2259 4401 Et
2309 4362 2437 4402 vero
2477 4345 2708 4412 inimici,
2741 4344 2938 4413 inquit,
2972 4351 3026 4399 et
3070 4343 3257 4397 hostes
3307 4341 3386 4395 tui
3438 4339 3590 4410 signa

2023 4455 2121 4493 sua
2162 4438 2215 4491 in
2265 4437 2375 4492 alto
2410 4443 2465 4491 et
2506 4436 2562 4490 in
2607 4434 2921 4504 conspicuis
2975 4433 3112 4487 locis
3153 4438 3475 4502 posuerunt,
3525 4429 3592 4482 ad

330 4525 632 4595 ἐπισήμοις
657 4523 862 4590 τόποις,
889 4527 1016 4595 παρ’
1040 4526 1210 4589 αὑτὰς
1237 4527 1337 4590 τὰς
1361 4527 1598 4592 εἰσόδους
1621 4527 1714 4580 τοῦ
1740 4529 1911 4600 ἱεροῦ·

2024 4529 2174 4598 ipsas
2203 4542 2378 4596 usque
2414 4525 2602 4596 templi
2637 4527 2859 4591 valvas,
2899 4533 2961 4578 ut
2989 4538 3183 4578 omnes
3228 4522 3322 4592 qui
3367 4527 3594 4591 praeter-

327 4615 408 4679 ὡς
439 4613 509 4669 ἂν
551 4615 745 4678 πάντες
773 4616 821 4667 οἱ
849 4615 1068 4680 διιόντες
1106 4617 1276 4688 ὁρῷεν
1313 4617 1492 4670 αὐτῶν
1515 4618 1584 4670 τὰ
1608 4619 1917 4690 νικητήρια

340 4709 502 4781 ἡμεῖς
533 4707 610 4769 δὲ,
646 4699 720 4760 ὧν
768 4708 832 4758 ἐκ
863 4705 1155 4778 προσώπου
1197 4708 1470 4779 ἱκετήριος
1517 4707 1649 4778 εὐχὴ
1681 4708 1926 4779 ἀναπέμ-

334 4818 528 4862 πεται,
559 4799 632 4853 Τὰ
669 4799 891 4867 σημεῖα
932 4797 1100 4867 ἡμῶν
1134 4801 1245 4853 οὐκ
1275 4800 1532 4869 εἴδομεν.
1576 4799 1698 4863 Πῶς
1732 4800 1789 4854 δὲ
1824 4801 1925 4865 οὐκ

332 4890 556 4958 εἴδομεν
587 4887 741 4957 ἡμῶν
787 4887 854 4939 τὰ
897 4891 1128 4957 σημεῖα,
1165 4889 1278 4941 ἀλλ’
1320 4891 1442 4942 ἐπεὶ
1486 4891 1596 4943 οὐκ
1631 4888 1803 4942 ἐστιν
1839 4889 1925 4942 ἔτι

333 4977 674 5051 προφήτης,
706 4978 802 5032 καί
847 4979 1004 5047 ἡμᾶς
1044 4981 1116 5032 οὐ
1147 4982 1438 5048 γνώσεται
1464 4980 1588 5044 ἕτι;
1620 4980 1793 5034 Πάλαι
1826 4980 1925 5051 μὲν

332 5072 451 5144 γὰρ
484 5067 608 5122 καθ’
645 5069 872 5122 ’ἑκαστον
907 5070 1094 5141 καιρὸν
1139 5071 1232 5124 καὶ
1269 5072 1412 5124 κατὰ
1442 5071 1632 5140 γενεὰς
1661 5073 1755 5125 καὶ
1785 5070 1924 5135 κατὰ

329 5159 592 5230 διαδοχὰς
630 5159 737 5212 τῶν
777 5159 1058 5232 ἡμετέρων
1091 5161 1358 5233 πατέρων,
1388 5161 1661 5232 προφῆται
1691 5161 1926 5231 συνῆσαν

337 5256 526 5314 αὐτοῖς
542 5251 1012 5322 πολιορκουμένοις
1039 5253 1130 5306 καὶ
1147 5255 1224 5317 εἰς
1249 5253 1624 5324 αἰχμαλωσίαν
1648 5254 1927 5321 ἀπαγομέ-

355 5361 486 5407 ιοιςο
524 5342 661 5413 ὅπερ
687 5339 753 5413 ἦν
796 5343 1050 5413 μέγιστον
1095 5343 1293 5414 δεῖγμα
1319 5333 1424 5398 καὶ
1466 5347 1689 5414 σημεῖον
1727 5344 1820 5397 τοῦ
1850 5345 1925 5415 μὴ

359 5434 745 5498 ινεπισκόπους
797 5436 994 5499 αὐτοὺς
1033 5437 1326 5508 ύπᾴρχειψ
1368 5440 1402 5508 ἡ
1431 5437 1561 5506 γοῦν
1595 5437 1924 5508 προνοητικὴ

370 5524 450 5580 ὧν
487 5523 626 5578 ὅλων
663 5525 908 5594 δύναμις,
954 5526 1143 5606 ῶσπερ
1179 5529 1392 5598 ἰατροὺς
1432 5531 1489 5581 ἐν
1523 5531 1639 5592 ταῖς
1671 5529 1924 5597 ἐσχάταις

344 5621 651 5692 δυμφοραῖς
703 5618 827 5683 τοὺς
881 5621 1163 5691 προφήτας
1217 5620 1294 5691 τῷ
1333 5621 1452 5674 τότε
1502 5619 1615 5691 λαῷ
1660 5620 1885 5694 καθίστη
1909 5639 1925 5664 ’-

413 5776 460 5814 ’⁸
501 5774 694 5840 Matth.
728 5794 870 5834 um
895 5817 909 5842 ,
942 5777 1030 5838 25.
1110 5778 1157 5809 “
1193 5776 1360 5838 Amos
1402 5791 1526 5841 vm,
1565 5776 1628 5839 ιο

2025 4620 2200 4683 ibant,
2233 4617 2478 4673 victoria:
2510 4618 2728 4673 illorum
2771 4616 3017 4687 symbola
3049 4615 3460 4684 conspicerent;
3491 4627 3594 4666 nos

2025 4719 2228 4775 autem,
2257 4727 2326 4766 ex
2365 4727 2599 4782 quorum
2622 4725 2856 4780 persona
2889 4708 3066 4763 oratio
3101 4705 3370 4769 funditur,
3425 4701 3595 4774 Signa

2025 4812 2209 4859 nostra
2231 4819 2335 4856 non
2366 4801 2611 4856 uidimus.
2637 4800 2922 4867 Quomodo
2955 4799 3109 4869 signa
3148 4803 3338 4849 nostra
3372 4810 3481 4848 non
3515 4795 3594 4849 vi-

2025 4895 2228 4959 dimus,
2264 4893 2372 4950 nisi
2403 4893 2532 4964 quia
2568 4892 2688 4961 jam
2731 4908 2832 4945 non
2857 4899 2932 4945 est
2963 4887 3236 4957 propheta,
3265 4894 3313 4939 et
3361 4901 3454 4940 nos
3489 4901 3596 4939 non

2025 4993 2298 5056 cognoscet
2337 4983 2608 5052 amplius?
2642 4979 2782 5036 Olim
2811 4979 3029 5050 quidem
3066 4976 3297 5047 singulis
3337 4974 3593 5045 tempori-

2027 5079 2150 5139 bus,
2181 5079 2235 5130 in
2284 5073 2730 5147 generationibus
2781 5079 2837 5128 et
2887 5069 3333 5127 successionibus
3378 5074 3595 5137 patrum

2027 5177 2365 5232 nostrorum,
2398 5166 2676 5237 propheta:
2699 5165 2835 5236 ipsis
2867 5161 3113 5218 obsessis
3135 5169 3191 5216 et
3220 5160 3276 5214 in
3305 5158 3596 5228 captivitaq.

2027 5266 2136 5314 tem
2167 5259 2307 5314 actis
2335 5259 2563 5314 aderant
2599 5275 2612 5311 :
2640 5256 2787 5326 quod
2821 5254 3118 5308 maximum
3157 5259 3276 5307 erat
3305 5266 3601 5322 argumen-t

2026 5356 2140 5403 tum
2184 5358 2238 5406 et
2287 5350 2526 5420 signum,
2559 5363 2656 5403 cos
2701 5363 2810 5402 non
2844 5344 3182 5414 providentia
3213 5343 3470 5398 exclusos
3499 5348 3596 5396 tua

2027 5442 2231 5510 fuisse;
2257 5444 2432 5498 virtus
2459 5441 2603 5496 enim
2643 5440 2734 5494 illa
2763 5437 3030 5492 universis
3065 5435 3378 5506 providens,
3415 5434 3472 5488 in
3498 5447 3597 5490 ex-

2028 5535 2216 5590 tremis
2247 5533 2650 5590 calamitatibus
2701 5530 2996 5601 prophetas
3047 5543 3146 5582 ceu
3194 5527 3436 5581 medicos
3487 5525 3593 5595 ipsi

2027 5628 2154 5683 olim
2189 5626 2386 5698 populo
2414 5623 2782 5682 constituebat
2812 5640 2825 5676 :
2856 5630 2909 5675 et
2951 5620 3077 5675 lucc
3106 5626 3262 5676 eram
3290 5617 3380 5673 Dei
3415 5616 3590 5688 sigua.
