  <div class='ocr_page' id='page_1' title='image "/cluster/home/n/w/nwhite01/storage/ocr_20150623/23:no.5/coo.31924054873033/445.png"; bbox 0 0 4056 6386; ppageno 0'>
   <div class='ocr_carea' id='block_1_1' title="bbox 453 385 566 442">
    <p class='ocr_par' dir='ltr' id='par_1_1' title="bbox 453 385 566 442">
     <span class='ocr_line' id='line_1_1' title="bbox 453 385 566 442; baseline 0.018 -1"><span class='ocrx_word' id='word_1_1' title='bbox 453 385 566 442; x_wconf 80' lang='lat'><strong>859</strong></span> 
     </span>
    </p>
   </div>
   <div class='ocr_carea' id='block_1_2' title="bbox 1132 387 2999 453">
    <p class='ocr_par' dir='ltr' id='par_1_2' title="bbox 1132 387 2999 453">
     <span class='ocr_line' id='line_1_2' title="bbox 1132 387 2999 453; baseline 0.006 -12"><span class='ocrx_word' id='word_1_2' title='bbox 1132 387 1397 444; x_wconf 83' lang='lat' dir='ltr'><strong>EUSEBH</strong></span> <span class='ocrx_word' id='word_1_3' title='bbox 1437 389 1912 448; x_wconf 64' lang='lat' dir='ltr'><strong>CAESARIENSIS</strong></span> <span class='ocrx_word' id='word_1_4' title='bbox 1950 391 2102 449; x_wconf 86' lang='lat' dir='ltr'><strong>OPP.</strong></span> <span class='ocrx_word' id='word_1_5' title='bbox 2148 393 2324 451; x_wconf 77' lang='lat' dir='ltr'><strong>PARS</strong></span> <span class='ocrx_word' id='word_1_6' title='bbox 2363 395 2448 450; x_wconf 90' lang='lat' dir='ltr'><strong>Ill.</strong></span> <span class='ocrx_word' id='word_1_7' title='bbox 2480 425 2550 436; x_wconf 95' lang='lat'><strong><em>—</em></strong></span> <span class='ocrx_word' id='word_1_8' title='bbox 2590 393 2999 453; x_wconf 77' lang='lat' dir='ltr'><strong>EXEGETICA.</strong></span> 
     </span>
    </p>
   </div>
   <div class='ocr_carea' id='block_1_3' title="bbox 3599 401 3708 458">
    <p class='ocr_par' dir='ltr' id='par_1_3' title="bbox 3599 401 3708 458">
     <span class='ocr_line' id='line_1_3' title="bbox 3599 401 3708 458; baseline 0.018 -1"><span class='ocrx_word' id='word_1_9' title='bbox 3599 401 3708 458; x_wconf 78' lang='lat'><strong>860</strong></span> 
     </span>
    </p>
   </div>
   <div class='ocr_carea' id='block_1_4' title="bbox 458 499 2023 588">
    <p class='ocr_par' dir='ltr' id='par_1_4' title="bbox 458 499 2023 576">
     <span class='ocr_line' id='line_1_4' title="bbox 458 499 2023 576; baseline 0.005 -22"><span class='ocrx_word' id='word_1_10' title='bbox 458 499 617 556; x_wconf 77' lang='lat' dir='ltr'><strong>Nunc</strong></span> <span class='ocrx_word' id='word_1_11' title='bbox 657 508 836 556; x_wconf 87' lang='lat' dir='ltr'><strong>autem</strong></span> <span class='ocrx_word' id='word_1_12' title='bbox 881 516 1006 556; x_wconf 90' lang='lat' dir='ltr'><strong>cum</strong></span> <span class='ocrx_word' id='word_1_13' title='bbox 1036 503 1294 571; x_wconf 74' lang='lat' dir='ltr'><strong>praedicta</strong></span> <span class='ocrx_word' id='word_1_14' title='bbox 1333 503 1388 559; x_wconf 91' lang='lat' dir='ltr'><strong>in</strong></span> <span class='ocrx_word' id='word_1_15' title='bbox 1417 520 1520 561; x_wconf 88' lang='lat' dir='ltr'><strong>nos</strong></span> <span class='ocrx_word' id='word_1_16' title='bbox 1548 520 1712 576; x_wconf 90' lang='lat' dir='ltr'><strong>opere</strong></span> <span class='ocrx_word' id='word_1_17' title='bbox 1735 507 2023 576; x_wconf 84' lang='lat' dir='ltr'><strong>perﬁciun-</strong></span> 
     </span>
    </p>
   </div>
   <div class='ocr_carea' id='block_1_5' title="bbox 2121 499 3706 588">
    <p class='ocr_par' dir='ltr' id='par_1_5' title="bbox 2132 506 3706 588">
     <span class='ocr_line' id='line_1_5' title="bbox 2132 506 3706 588; baseline 0.004 -25"><span class='ocrx_word' id='word_1_18' title='bbox 2132 511 2226 563; x_wconf 80' lang='grc' dir='ltr'>καὶ</span> <span class='ocrx_word' id='word_1_19' title='bbox 2251 511 2421 566; x_wconf 89' lang='grc' dir='ltr'>ταῦτα</span> <span class='ocrx_word' id='word_1_20' title='bbox 2460 506 2529 584; x_wconf 67' lang='grc' dir='ltr'><strong>ἦ)</strong></span> <span class='ocrx_word' id='word_1_21' title='bbox 2557 513 2654 566; x_wconf 91' lang='grc' dir='ltr'><strong>τοῦ</strong></span> <span class='ocrx_word' id='word_1_22' title='bbox 2687 511 2820 566; x_wconf 91' lang='grc' dir='ltr'>Θεοῦ</span> <span class='ocrx_word' id='word_1_23' title='bbox 2852 512 2920 566; x_wconf 82' lang='grc' dir='ltr'><strong>τὰ</strong></span> <span class='ocrx_word' id='word_1_24' title='bbox 2955 514 3172 585; x_wconf 82' lang='grc' dir='ltr'>σημεῖα.</span> <span class='ocrx_word' id='word_1_25' title='bbox 3208 513 3322 569; x_wconf 86' lang='grc' dir='ltr'>Νῦν</span> <span class='ocrx_word' id='word_1_26' title='bbox 3359 514 3415 568; x_wconf 82' lang='grc' dir='ltr'>δὲ</span> <span class='ocrx_word' id='word_1_27' title='bbox 3447 516 3527 580; x_wconf 83' lang='grc' dir='ltr'><strong>είς</strong></span> <span class='ocrx_word' id='word_1_28' title='bbox 3557 518 3706 588; x_wconf 78' lang='grc' dir='ltr'>ἡμᾶς</span> 
     </span>
    </p>
   </div>
   <div class='ocr_carea' id='block_1_6' title="bbox 460 592 2030 668">
    <p class='ocr_par' dir='ltr' id='par_1_6' title="bbox 460 592 2030 668">
     <span class='ocr_line' id='line_1_6' title="bbox 460 592 2030 668; baseline 0.005 -20"><span class='ocrx_word' id='word_1_29' title='bbox 460 601 572 660; x_wconf 82' lang='lat' dir='ltr'><strong>tur,</strong></span> <span class='ocrx_word' id='word_1_30' title='bbox 631 592 798 665; x_wconf 88' lang='lat' dir='ltr'><strong>Signa</strong></span> <span class='ocrx_word' id='word_1_31' title='bbox 822 604 1006 648; x_wconf 88' lang='lat' dir='ltr'><strong>nostra</strong></span> <span class='ocrx_word' id='word_1_32' title='bbox 1033 611 1138 649; x_wconf 87' lang='lat' dir='ltr'><strong>non</strong></span> <span class='ocrx_word' id='word_1_33' title='bbox 1167 595 1390 652; x_wconf 88' lang='lat' dir='ltr'><strong>vidimus</strong></span> <span class='ocrx_word' id='word_1_34' title='bbox 1418 613 1438 652; x_wconf 91' lang='lat'><strong><em>:</em></strong></span> <span class='ocrx_word' id='word_1_35' title='bbox 1466 613 1638 668; x_wconf 89' lang='lat' dir='ltr'><strong>quare</strong></span> <span class='ocrx_word' id='word_1_36' title='bbox 1673 599 1793 668; x_wconf 87' lang='lat' dir='ltr'><strong>jam</strong></span> <span class='ocrx_word' id='word_1_37' title='bbox 1824 616 1926 654; x_wconf 88' lang='lat' dir='ltr'><strong>non</strong></span> <span class='ocrx_word' id='word_1_38' title='bbox 1953 612 2030 656; x_wconf 85' lang='lat' dir='ltr'><strong>est</strong></span> 
     </span>
    </p>
   </div>
   <div class='ocr_carea' id='block_1_7' title="bbox 455 683 2029 757">
    <p class='ocr_par' dir='ltr' id='par_1_7' title="bbox 455 683 2029 757">
     <span class='ocr_line' id='line_1_7' title="bbox 455 683 2029 757; baseline 0.004 -19"><span class='ocrx_word' id='word_1_39' title='bbox 455 685 729 754; x_wconf 85' lang='lat' dir='ltr'><strong>propheta,</strong></span> <span class='ocrx_word' id='word_1_40' title='bbox 771 693 824 740; x_wconf 87' lang='lat' dir='ltr'><strong>et</strong></span> <span class='ocrx_word' id='word_1_41' title='bbox 856 702 952 740; x_wconf 86' lang='lat' dir='ltr'><strong>nos</strong></span> <span class='ocrx_word' id='word_1_42' title='bbox 989 701 1093 740; x_wconf 83' lang='lat' dir='ltr'><strong>non</strong></span> <span class='ocrx_word' id='word_1_43' title='bbox 1120 697 1394 757; x_wconf 86' lang='lat' dir='ltr'><strong>cognoscet</strong></span> <span class='ocrx_word' id='word_1_44' title='bbox 1421 689 1668 757; x_wconf 76' lang='lat' dir='ltr'><strong>amplius.</strong></span> <span class='ocrx_word' id='word_1_45' title='bbox 1693 683 1829 744; x_wconf 74' lang='lat' dir='ltr'><strong>Nam</strong></span> <span class='ocrx_word' id='word_1_46' title='bbox 1869 690 1916 744; x_wconf 94' lang='lat' dir='ltr'><strong>si</strong></span> <span class='ocrx_word' id='word_1_47' title='bbox 1962 691 2029 745; x_wconf 90' lang='lat' dir='ltr'><strong>ad</strong></span> 
     </span>
    </p>
   </div>
   <div class='ocr_carea' id='block_1_8' title="bbox 453 779 2029 852">
    <p class='ocr_par' dir='ltr' id='par_1_8' title="bbox 453 779 2029 852">
     <span class='ocr_line' id='line_1_8' title="bbox 453 779 2029 852; baseline 0.001 -16"><span class='ocrx_word' id='word_1_48' title='bbox 453 780 620 836; x_wconf 81' lang='lat' dir='ltr'><strong>breve</strong></span> <span class='ocrx_word' id='word_1_49' title='bbox 641 780 818 835; x_wconf 90' lang='lat' dir='ltr'><strong>solum</strong></span> <span class='ocrx_word' id='word_1_50' title='bbox 839 787 1056 850; x_wconf 79' lang='lat' dir='ltr'><strong>tempus</strong></span> <span class='ocrx_word' id='word_1_51' title='bbox 1079 780 1358 852; x_wconf 76' lang='lat' dir='ltr'><strong>prophetae</strong></span> <span class='ocrx_word' id='word_1_52' title='bbox 1381 779 1746 845; x_wconf 82' lang='lat' dir='ltr'><strong>defecissent,</strong></span> <span class='ocrx_word' id='word_1_53' title='bbox 1773 788 1827 836; x_wconf 91' lang='lat' dir='ltr'><strong>et</strong></span> <span class='ocrx_word' id='word_1_54' title='bbox 1843 792 2029 852; x_wconf 88' lang='lat' dir='ltr'><strong>postea</strong></span> 
     </span>
    </p>
   </div>
   <div class='ocr_carea' id='block_1_9' title="bbox 451 870 2029 942">
    <p class='ocr_par' dir='ltr' id='par_1_9' title="bbox 451 870 2029 942">
     <span class='ocr_line' id='line_1_9' title="bbox 451 870 2029 942; baseline 0.001 -18"><span class='ocrx_word' id='word_1_55' title='bbox 451 882 637 926; x_wconf 87' lang='lat' dir='ltr'><strong>tamen</strong></span> <span class='ocrx_word' id='word_1_56' title='bbox 685 870 1094 941; x_wconf 74' lang='lat' dir='ltr'><strong>apparuissent,</strong></span> <span class='ocrx_word' id='word_1_57' title='bbox 1124 886 1468 942; x_wconf 85' lang='lat' dir='ltr'><strong>nequaquam</strong></span> <span class='ocrx_word' id='word_1_58' title='bbox 1516 871 1722 926; x_wconf 90' lang='lat' dir='ltr'><strong>dictum</strong></span> <span class='ocrx_word' id='word_1_59' title='bbox 1771 881 1939 937; x_wconf 90' lang='lat' dir='ltr'><strong>esset,</strong></span> <span class='ocrx_word' id='word_1_60' title='bbox 1979 883 2029 928; x_wconf 88' lang='lat' dir='ltr'><strong>et</strong></span> 
     </span>
    </p>
   </div>
   <div class='ocr_carea' id='block_1_10' title="bbox 453 961 2030 1034">
    <p class='ocr_par' dir='ltr' id='par_1_10' title="bbox 453 961 2030 1034">
     <span class='ocr_line' id='line_1_10' title="bbox 453 961 2030 1034; baseline 0.003 -19"><span class='ocrx_word' id='word_1_61' title='bbox 453 978 549 1016; x_wconf 89' lang='lat' dir='ltr'><strong>nos</strong></span> <span class='ocrx_word' id='word_1_62' title='bbox 607 979 712 1016; x_wconf 87' lang='lat' dir='ltr'><strong>non</strong></span> <span class='ocrx_word' id='word_1_63' title='bbox 759 972 1032 1033; x_wconf 80' lang='lat' dir='ltr'><strong>cognoscet</strong></span> <span class='ocrx_word' id='word_1_64' title='bbox 1094 965 1341 1032; x_wconf 78' lang='lat' dir='ltr'><strong>amplius.</strong></span> <span class='ocrx_word' id='word_1_65' title='bbox 1405 961 1525 1019; x_wconf 83' lang='lat' dir='ltr'><strong>Jam</strong></span> <span class='ocrx_word' id='word_1_66' title='bbox 1565 979 1696 1019; x_wconf 90' lang='lat' dir='ltr'><strong>vero</strong></span> <span class='ocrx_word' id='word_1_67' title='bbox 1739 964 1866 1034; x_wconf 87' lang='lat' dir='ltr'><strong>quia</strong></span> <span class='ocrx_word' id='word_1_68' title='bbox 1906 977 2030 1034; x_wconf 90' lang='lat' dir='ltr'><strong>post</strong></span> 
     </span>
    </p>
   </div>
   <div class='ocr_carea' id='block_1_11' title="bbox 451 1050 2027 1124">
    <p class='ocr_par' dir='ltr' id='par_1_11' title="bbox 451 1050 2027 1124">
     <span class='ocr_line' id='line_1_11' title="bbox 451 1050 2027 1124; baseline 0.002 -18"><span class='ocrx_word' id='word_1_69' title='bbox 451 1053 702 1122; x_wconf 90' lang='lat' dir='ltr'><strong>ipsorum</strong></span> <span class='ocrx_word' id='word_1_70' title='bbox 743 1052 797 1107; x_wconf 92' lang='lat' dir='ltr'><strong>in</strong></span> <span class='ocrx_word' id='word_1_71' title='bbox 835 1050 1182 1108; x_wconf 85' lang='lat' dir='ltr'><strong>Servatorem</strong></span> <span class='ocrx_word' id='word_1_72' title='bbox 1227 1068 1415 1118; x_wconf 89' lang='lat' dir='ltr'><strong>ausus,</strong></span> <span class='ocrx_word' id='word_1_73' title='bbox 1452 1055 1888 1124; x_wconf 76' lang='lat' dir='ltr'><strong>irrumpentibus</strong></span> <span class='ocrx_word' id='word_1_74' title='bbox 1920 1054 2027 1109; x_wconf 80' lang='lat' dir='ltr'><strong>Ro-</strong></span> 
     </span>
    </p>
   </div>
   <div class='ocr_carea' id='block_1_12' title="bbox 451 1145 2024 1216">
    <p class='ocr_par' dir='ltr' id='par_1_12' title="bbox 451 1145 2024 1216">
     <span class='ocr_line' id='line_1_12' title="bbox 451 1145 2024 1216; baseline 0.002 -18"><span class='ocrx_word' id='word_1_75' title='bbox 451 1145 653 1210; x_wconf 82' lang='lat' dir='ltr'><strong>manis,</strong></span> <span class='ocrx_word' id='word_1_76' title='bbox 685 1145 976 1216; x_wconf 89' lang='lat' dir='ltr'><strong>locumque</strong></span> <span class='ocrx_word' id='word_1_77' title='bbox 1017 1162 1048 1200; x_wconf 89' lang='lat' dir='ltr'><strong>a</strong></span> <span class='ocrx_word' id='word_1_78' title='bbox 1095 1145 1450 1201; x_wconf 84' lang='lat' dir='ltr'><strong>fundamento</strong></span> <span class='ocrx_word' id='word_1_79' title='bbox 1480 1145 1848 1210; x_wconf 88' lang='lat' dir='ltr'><strong>diruentibus,</strong></span> <span class='ocrx_word' id='word_1_80' title='bbox 1887 1161 2024 1201; x_wconf 54' lang='lat' dir='ltr'><strong>nus-</strong></span> 
     </span>
    </p>
   </div>
   <div class='ocr_carea' id='block_1_13' title="bbox 450 1236 2027 1308">
    <p class='ocr_par' dir='ltr' id='par_1_13' title="bbox 450 1236 2027 1308">
     <span class='ocr_line' id='line_1_13' title="bbox 450 1236 2027 1308; baseline 0.001 -19"><span class='ocrx_word' id='word_1_81' title='bbox 450 1250 618 1306; x_wconf 89' lang='lat' dir='ltr'><strong>quam</strong></span> <span class='ocrx_word' id='word_1_82' title='bbox 662 1236 940 1307; x_wconf 72' lang='lat' dir='ltr'><strong>prophetae</strong></span> <span class='ocrx_word' id='word_1_83' title='bbox 981 1238 1223 1294; x_wconf 83' lang='lat' dir='ltr'><strong>obsessis</strong></span> <span class='ocrx_word' id='word_1_84' title='bbox 1263 1239 1516 1302; x_wconf 86' lang='lat' dir='ltr'><strong>aderant,</strong></span> <span class='ocrx_word' id='word_1_85' title='bbox 1586 1237 1683 1293; x_wconf 90' lang='lat' dir='ltr'><strong>sed</strong></span> <span class='ocrx_word' id='word_1_86' title='bbox 1731 1252 1908 1308; x_wconf 90' lang='lat' dir='ltr'><strong>neque</strong></span> <span class='ocrx_word' id='word_1_87' title='bbox 1941 1253 2027 1294; x_wconf 76' lang='lat' dir='ltr'><strong>se-</strong></span> 
     </span>
    </p>
   </div>
   <div class='ocr_carea' id='block_1_14' title="bbox 449 1331 2024 1403">
    <p class='ocr_par' dir='ltr' id='par_1_14' title="bbox 449 1331 2024 1403">
     <span class='ocr_line' id='line_1_14' title="bbox 449 1331 2024 1403; baseline 0.001 -18"><span class='ocrx_word' id='word_1_88' title='bbox 449 1331 639 1400; x_wconf 90' lang='lat' dir='ltr'><strong>quenti</strong></span> <span class='ocrx_word' id='word_1_89' title='bbox 667 1339 914 1401; x_wconf 90' lang='lat' dir='ltr'><strong>tempore</strong></span> <span class='ocrx_word' id='word_1_90' title='bbox 943 1332 1258 1397; x_wconf 82' lang='lat' dir='ltr'><strong>adfuerunt,</strong></span> <span class='ocrx_word' id='word_1_91' title='bbox 1287 1347 1388 1386; x_wconf 90' lang='lat' dir='ltr'><strong>nec</strong></span> <span class='ocrx_word' id='word_1_92' title='bbox 1409 1347 1650 1403; x_wconf 86' lang='lat' dir='ltr'><strong>unquam</strong></span> <span class='ocrx_word' id='word_1_93' title='bbox 1683 1340 1870 1403; x_wconf 91' lang='lat' dir='ltr'><strong>postea</strong></span> <span class='ocrx_word' id='word_1_94' title='bbox 1901 1348 2024 1388; x_wconf 80' lang='lat' dir='ltr'><strong>sur-</strong></span> 
     </span>
    </p>
   </div>
   <div class='ocr_carea' id='block_1_15' title="bbox 448 1423 2025 1494">
    <p class='ocr_par' dir='ltr' id='par_1_15' title="bbox 448 1423 2025 1494">
     <span class='ocr_line' id='line_1_15' title="bbox 448 1423 2025 1494; baseline 0.001 -19"><span class='ocrx_word' id='word_1_95' title='bbox 448 1423 656 1478; x_wconf 88' lang='lat' dir='ltr'><strong>recturi</strong></span> <span class='ocrx_word' id='word_1_96' title='bbox 687 1433 846 1491; x_wconf 88' lang='lat' dir='ltr'><strong>sunt;</strong></span> <span class='ocrx_word' id='word_1_97' title='bbox 876 1424 1185 1480; x_wconf 70' lang='lat' dir='ltr'><strong>admirabili</strong></span> <span class='ocrx_word' id='word_1_98' title='bbox 1217 1424 1378 1479; x_wconf 92' lang='lat' dir='ltr'><strong>modo</strong></span> <span class='ocrx_word' id='word_1_99' title='bbox 1414 1424 1700 1494; x_wconf 74' lang='lat' dir='ltr'><strong>prophetia</strong></span> <span class='ocrx_word' id='word_1_100' title='bbox 1736 1431 2025 1494; x_wconf 86' lang='lat' dir='ltr'><strong>postquam</strong></span> 
     </span>
    </p>
   </div>
   <div class='ocr_carea' id='block_1_16' title="bbox 447 1514 2026 1586">
    <p class='ocr_par' dir='ltr' id='par_1_16' title="bbox 447 1514 2026 1586">
     <span class='ocr_line' id='line_1_16' title="bbox 447 1514 2026 1586; baseline 0.002 -18"><span class='ocrx_word' id='word_1_101' title='bbox 447 1514 683 1582; x_wconf 71' lang='lat' dir='ltr'><strong>dxerat,</strong></span> <span class='ocrx_word' id='word_1_102' title='bbox 712 1514 839 1569; x_wconf 74' lang='lat' dir='ltr'><strong>1am</strong></span> <span class='ocrx_word' id='word_1_103' title='bbox 878 1533 982 1570; x_wconf 88' lang='lat' dir='ltr'><strong>non</strong></span> <span class='ocrx_word' id='word_1_104' title='bbox 1012 1526 1090 1570; x_wconf 82' lang='lat' dir='ltr'><strong>est</strong></span> <span class='ocrx_word' id='word_1_105' title='bbox 1133 1518 1404 1586; x_wconf 80' lang='lat' dir='ltr'><strong>propheta,</strong></span> <span class='ocrx_word' id='word_1_106' title='bbox 1431 1516 1660 1582; x_wconf 85' lang='lat' dir='ltr'><strong>addidit,</strong></span> <span class='ocrx_word' id='word_1_107' title='bbox 1693 1527 1744 1570; x_wconf 91' lang='lat' dir='ltr'><strong>et</strong></span> <span class='ocrx_word' id='word_1_108' title='bbox 1787 1534 1882 1571; x_wconf 88' lang='lat' dir='ltr'><strong>nos</strong></span> <span class='ocrx_word' id='word_1_109' title='bbox 1923 1535 2026 1572; x_wconf 81' lang='lat' dir='ltr'><strong>non</strong></span> 
     </span>
    </p>
   </div>
   <div class='ocr_carea' id='block_1_17' title="bbox 447 1607 2024 1680">
    <p class='ocr_par' dir='ltr' id='par_1_17' title="bbox 447 1607 2024 1680">
     <span class='ocr_line' id='line_1_17' title="bbox 447 1607 2024 1680; baseline 0.003 -22"><span class='ocrx_word' id='word_1_110' title='bbox 447 1615 724 1676; x_wconf 76' lang='lat' dir='ltr'><strong>cognoscet</strong></span> <span class='ocrx_word' id='word_1_111' title='bbox 757 1608 1008 1678; x_wconf 80' lang='lat' dir='ltr'><strong>amplius.</strong></span> <span class='ocrx_word' id='word_1_112' title='bbox 1055 1607 1213 1674; x_wconf 81' lang='lat' dir='ltr'><strong>Quod</strong></span> <span class='ocrx_word' id='word_1_113' title='bbox 1269 1624 1400 1664; x_wconf 85' lang='lat' dir='ltr'><strong>sane</strong></span> <span class='ocrx_word' id='word_1_114' title='bbox 1443 1623 1551 1662; x_wconf 92' lang='lat' dir='ltr'><strong>non</strong></span> <span class='ocrx_word' id='word_1_115' title='bbox 1603 1608 2024 1680; x_wconf 86' lang='lat' dir='ltr'><strong>Babyloniorum</strong></span> 
     </span>
    </p>
   </div>
   <div class='ocr_carea' id='block_1_18' title="bbox 447 1696 2023 1768">
    <p class='ocr_par' dir='ltr' id='par_1_18' title="bbox 447 1696 2023 1768">
     <span class='ocr_line' id='line_1_18' title="bbox 447 1696 2023 1768; baseline 0 -19"><span class='ocrx_word' id='word_1_116' title='bbox 447 1704 724 1766; x_wconf 88' lang='lat' dir='ltr'><strong>tempore,</strong></span> <span class='ocrx_word' id='word_1_117' title='bbox 759 1712 934 1768; x_wconf 91' lang='lat' dir='ltr'><strong>neque</strong></span> <span class='ocrx_word' id='word_1_118' title='bbox 978 1697 1251 1768; x_wconf 88' lang='lat' dir='ltr'><strong>superiori</strong></span> <span class='ocrx_word' id='word_1_119' title='bbox 1303 1713 1418 1752; x_wconf 61' lang='grc' dir='ltr'><strong>τεγο</strong></span> <span class='ocrx_word' id='word_1_120' title='bbox 1463 1697 1573 1752; x_wconf 90' lang='lat' dir='ltr'><strong>dici</strong></span> <span class='ocrx_word' id='word_1_121' title='bbox 1625 1706 1854 1768; x_wconf 88' lang='lat' dir='ltr'><strong>poterat.</strong></span> <span class='ocrx_word' id='word_1_122' title='bbox 1889 1696 2023 1750; x_wconf 80' lang='lat' dir='ltr'><strong>Nam</strong></span> 
     </span>
    </p>
   </div>
   <div class='ocr_carea' id='block_1_19' title="bbox 445 1788 2022 1862">
    <p class='ocr_par' dir='ltr' id='par_1_19' title="bbox 445 1788 2022 1862">
     <span class='ocr_line' id='line_1_19' title="bbox 445 1788 2022 1862; baseline 0 -19"><span class='ocrx_word' id='word_1_123' title='bbox 445 1788 680 1859; x_wconf 81' lang='lat' dir='ltr'><strong>singulis</strong></span> <span class='ocrx_word' id='word_1_124' title='bbox 704 1791 760 1844; x_wconf 92' lang='lat' dir='ltr'><strong>in</strong></span> <span class='ocrx_word' id='word_1_125' title='bbox 792 1791 1241 1861; x_wconf 76' lang='lat' dir='ltr'><strong>generationibus</strong></span> <span class='ocrx_word' id='word_1_126' title='bbox 1275 1805 1444 1862; x_wconf 89' lang='lat' dir='ltr'><strong>penes</strong></span> <span class='ocrx_word' id='word_1_127' title='bbox 1468 1791 1595 1846; x_wconf 89' lang='lat' dir='ltr'><strong>illos</strong></span> <span class='ocrx_word' id='word_1_128' title='bbox 1629 1791 2022 1861; x_wconf 90' lang='lat' dir='ltr'><strong>prophetarum</strong></span> 
     </span>
    </p>
   </div>
   <div class='ocr_carea' id='block_1_20' title="bbox 444 1868 2096 1954">
    <p class='ocr_par' dir='ltr' id='par_1_20' title="bbox 444 1868 2096 1954">
     <span class='ocr_line' id='line_1_20' title="bbox 444 1868 2096 1954; baseline -0.001 -18"><span class='ocrx_word' id='word_1_129' title='bbox 444 1881 725 1936; x_wconf 91' lang='lat' dir='ltr'><strong>successio</strong></span> <span class='ocrx_word' id='word_1_130' title='bbox 756 1881 964 1951; x_wconf 89' lang='lat' dir='ltr'><strong>tloruit,</strong></span> <span class='ocrx_word' id='word_1_131' title='bbox 990 1889 1046 1938; x_wconf 90' lang='lat' dir='ltr'><strong>et</strong></span> <span class='ocrx_word' id='word_1_132' title='bbox 1067 1897 1243 1954; x_wconf 90' lang='lat' dir='ltr'><strong>usque</strong></span> <span class='ocrx_word' id='word_1_133' title='bbox 1282 1882 1351 1938; x_wconf 88' lang='lat' dir='ltr'><strong>ad</strong></span> <span class='ocrx_word' id='word_1_134' title='bbox 1379 1880 1647 1937; x_wconf 83' lang='lat' dir='ltr'><strong>Joannem</strong></span> <span class='ocrx_word' id='word_1_135' title='bbox 1700 1881 2020 1952; x_wconf 82' lang='lat' dir='ltr'><strong>prophetam</strong></span> <span class='ocrx_word' id='word_1_136' title='bbox 2055 1868 2096 1926; x_wconf 79' lang='grc' dir='ltr'><strong>Β</strong></span> 
     </span>
    </p>
   </div>
   <div class='ocr_carea' id='block_1_21' title="bbox 444 1974 765 2043">
    <p class='ocr_par' dir='ltr' id='par_1_21' title="bbox 444 1974 765 2043">
     <span class='ocr_line' id='line_1_21' title="bbox 444 1974 765 2043; baseline 0.006 -16"><span class='ocrx_word' id='word_1_137' title='bbox 444 1974 765 2043; x_wconf 89' lang='lat' dir='ltr'><strong>permansit.</strong></span> 
     </span>
    </p>
   </div>
   <div class='ocr_carea' id='block_1_22' title="bbox 512 2167 2019 2240">
    <p class='ocr_par' dir='ltr' id='par_1_22' title="bbox 512 2167 2019 2240">
     <span class='ocr_line' id='line_1_22' title="bbox 512 2167 2019 2240; baseline 0.001 -19"><span class='ocrx_word' id='word_1_138' title='bbox 512 2167 681 2224; x_wconf 75' lang='lat' dir='ltr'><strong>Vens.</strong></span> <span class='ocrx_word' id='word_1_139' title='bbox 722 2170 810 2233; x_wconf 76' lang='grc'><strong>10,</strong></span> <span class='ocrx_word' id='word_1_140' title='bbox 838 2169 926 2225; x_wconf 76' lang='lat' dir='ltr'><strong>ll.</strong></span> <span class='ocrx_word' id='word_1_141' title='bbox 963 2171 1260 2240; x_wconf 85' lang='lat' dir='ltr'><strong>Usquequo,</strong></span> <span class='ocrx_word' id='word_1_142' title='bbox 1294 2167 1455 2234; x_wconf 84' lang='lat' dir='ltr'><strong>Deus,</strong></span> <span class='ocrx_word' id='word_1_143' title='bbox 1487 2169 1806 2238; x_wconf 84' lang='lat' dir='ltr'><strong>improperat</strong></span> <span class='ocrx_word' id='word_1_144' title='bbox 1838 2169 2019 2222; x_wconf 88' lang='lat' dir='ltr'><strong>inimi—</strong></span> 
     </span>
    </p>
   </div>
   <div class='ocr_carea' id='block_1_23' title="bbox 444 2259 2016 2331">
    <p class='ocr_par' dir='ltr' id='par_1_23' title="bbox 444 2259 2016 2331">
     <span class='ocr_line' id='line_1_23' title="bbox 444 2259 2016 2331; baseline -0.001 -15"><span class='ocrx_word' id='word_1_145' title='bbox 444 2263 765 2326; x_wconf 77' lang='lat' dir='ltr'><strong>cus,irritst</strong></span> <span class='ocrx_word' id='word_1_146' title='bbox 796 2263 1138 2317; x_wconf 87' lang='lat' dir='ltr'><strong>adversarius</strong></span> <span class='ocrx_word' id='word_1_147' title='bbox 1185 2278 1374 2317; x_wconf 80' lang='lat' dir='ltr'><strong>nomen</strong></span> <span class='ocrx_word' id='word_1_148' title='bbox 1411 2271 1557 2315; x_wconf 91' lang='lat' dir='ltr'><strong>tuum</strong></span> <span class='ocrx_word' id='word_1_149' title='bbox 1610 2262 1665 2314; x_wconf 87' lang='lat' dir='ltr'><strong>in</strong></span> <span class='ocrx_word' id='word_1_150' title='bbox 1718 2261 1917 2331; x_wconf 81' lang='lat' dir='ltr'><strong>ﬁnem?</strong></span> <span class='ocrx_word' id='word_1_151' title='bbox 1958 2259 2016 2315; x_wconf 69' lang='lat' dir='ltr'><strong>in</strong></span> 
     </span>
    </p>
   </div>
   <div class='ocr_carea' id='block_1_24' title="bbox 443 2353 2020 2425">
    <p class='ocr_par' dir='ltr' id='par_1_24' title="bbox 443 2353 2020 2425">
     <span class='ocr_line' id='line_1_24' title="bbox 443 2353 2020 2425; baseline -0.001 -17"><span class='ocrx_word' id='word_1_152' title='bbox 443 2353 702 2425; x_wconf 72' lang='lat' dir='ltr'><strong>prtesenti</strong></span> <span class='ocrx_word' id='word_1_153' title='bbox 742 2354 1030 2424; x_wconf 87' lang='lat' dir='ltr'><strong>prophetia</strong></span> <span class='ocrx_word' id='word_1_154' title='bbox 1077 2353 1234 2419; x_wconf 87' lang='lat' dir='ltr'><strong>illud,</strong></span> <span class='ocrx_word' id='word_1_155' title='bbox 1270 2355 1326 2407; x_wconf 88' lang='lat' dir='ltr'><strong>in</strong></span> <span class='ocrx_word' id='word_1_156' title='bbox 1356 2355 1534 2424; x_wconf 87' lang='lat' dir='ltr'><strong>ﬁnem,</strong></span> <span class='ocrx_word' id='word_1_157' title='bbox 1576 2354 1898 2424; x_wconf 88' lang='lat' dir='ltr'><strong>plerumque</strong></span> <span class='ocrx_word' id='word_1_158' title='bbox 1933 2353 2020 2407; x_wconf 80' lang='lat' dir='ltr'><strong>di-</strong></span> 
     </span>
    </p>
   </div>
   <div class='ocr_carea' id='block_1_25' title="bbox 442 2443 2014 2517">
    <p class='ocr_par' dir='ltr' id='par_1_25' title="bbox 442 2443 2014 2517">
     <span class='ocr_line' id='line_1_25' title="bbox 442 2443 2014 2517; baseline -0.002 -17"><span class='ocrx_word' id='word_1_159' title='bbox 442 2454 591 2500; x_wconf 89' lang='lat' dir='ltr'><strong>ctum</strong></span> <span class='ocrx_word' id='word_1_160' title='bbox 616 2445 736 2501; x_wconf 80' lang='lat' dir='ltr'><strong>fuit.</strong></span> <span class='ocrx_word' id='word_1_161' title='bbox 770 2447 828 2500; x_wconf 90' lang='lat' dir='ltr'><strong>ln</strong></span> <span class='ocrx_word' id='word_1_162' title='bbox 858 2446 1128 2516; x_wconf 90' lang='lat' dir='ltr'><strong>principio</strong></span> <span class='ocrx_word' id='word_1_163' title='bbox 1157 2460 1395 2516; x_wconf 83' lang='lat' dir='ltr'><strong>namque</strong></span> <span class='ocrx_word' id='word_1_164' title='bbox 1440 2446 1760 2500; x_wconf 82' lang='lat' dir='ltr'><strong>dicebatur:</strong></span> <span class='ocrx_word' id='word_1_165' title='bbox 1799 2443 2014 2517; x_wconf 85' lang='lat' dir='ltr'><strong>thuid,</strong></span> 
     </span>
    </p>
   </div>
   <div class='ocr_carea' id='block_1_26' title="bbox 445 2537 2015 2608">
    <p class='ocr_par' dir='ltr' id='par_1_26' title="bbox 445 2537 2015 2608">
     <span class='ocr_line' id='line_1_26' title="bbox 445 2537 2015 2608; baseline 0.002 -17"><span class='ocrx_word' id='word_1_166' title='bbox 445 2537 608 2601; x_wconf 78' lang='lat' dir='ltr'><strong>Deus,</strong></span> <span class='ocrx_word' id='word_1_167' title='bbox 633 2539 874 2608; x_wconf 87' lang='lat' dir='ltr'><strong>repulisti</strong></span> <span class='ocrx_word' id='word_1_168' title='bbox 912 2539 968 2593; x_wconf 90' lang='lat' dir='ltr'><strong>in</strong></span> <span class='ocrx_word' id='word_1_169' title='bbox 997 2539 1200 2608; x_wconf 78' lang='lat' dir='ltr'><strong>ﬁnem?</strong></span> <span class='ocrx_word' id='word_1_170' title='bbox 1231 2538 1436 2594; x_wconf 89' lang='lat' dir='ltr'><strong>Deinde</strong></span> <span class='ocrx_word' id='word_1_171' title='bbox 1461 2555 1589 2594; x_wconf 85' lang='lat' dir='ltr'><strong>vero</strong></span> <span class='ocrx_word' id='word_1_172' title='bbox 1616 2558 1628 2593; x_wconf 92' lang='lat'>:</span> <span class='ocrx_word' id='word_1_173' title='bbox 1661 2537 1798 2592; x_wconf 91' lang='lat' dir='ltr'><strong>Leva</strong></span> <span class='ocrx_word' id='word_1_174' title='bbox 1828 2555 2015 2594; x_wconf 88' lang='lat' dir='ltr'><strong>manus</strong></span> 
     </span>
    </p>
   </div>
   <div class='ocr_carea' id='block_1_27' title="bbox 444 2629 2016 2701">
    <p class='ocr_par' dir='ltr' id='par_1_27' title="bbox 444 2629 2016 2701">
     <span class='ocr_line' id='line_1_27' title="bbox 444 2629 2016 2701; baseline 0 -17"><span class='ocrx_word' id='word_1_175' title='bbox 444 2641 562 2685; x_wconf 90' lang='lat' dir='ltr'><strong>tuas</strong></span> <span class='ocrx_word' id='word_1_176' title='bbox 597 2632 652 2684; x_wconf 90' lang='lat' dir='ltr'><strong>in</strong></span> <span class='ocrx_word' id='word_1_177' title='bbox 681 2630 953 2700; x_wconf 86' lang='lat' dir='ltr'><strong>superbias</strong></span> <span class='ocrx_word' id='word_1_178' title='bbox 983 2633 1037 2685; x_wconf 90' lang='lat' dir='ltr'><strong>in</strong></span> <span class='ocrx_word' id='word_1_179' title='bbox 1066 2632 1260 2701; x_wconf 85' lang='lat' dir='ltr'><strong>ﬁnem;</strong></span> <span class='ocrx_word' id='word_1_180' title='bbox 1294 2632 1455 2686; x_wconf 87' lang='lat' dir='ltr'><strong>tertio</strong></span> <span class='ocrx_word' id='word_1_181' title='bbox 1495 2651 1507 2686; x_wconf 93' lang='lat'><strong>:</strong></span> <span class='ocrx_word' id='word_1_182' title='bbox 1544 2629 1738 2685; x_wconf 83' lang='lat' dir='ltr'><strong>Irritat</strong></span> <span class='ocrx_word' id='word_1_183' title='bbox 1767 2630 2016 2685; x_wconf 86' lang='lat' dir='ltr'><strong>adversa-</strong></span> 
     </span>
    </p>
   </div>
   <div class='ocr_carea' id='block_1_28' title="bbox 440 2723 2014 2794">
    <p class='ocr_par' dir='ltr' id='par_1_28' title="bbox 440 2723 2014 2794">
     <span class='ocr_line' id='line_1_28' title="bbox 440 2723 2014 2794; baseline 0.001 -18"><span class='ocrx_word' id='word_1_184' title='bbox 440 2725 552 2777; x_wconf 86' lang='lat' dir='ltr'><strong>rius</strong></span> <span class='ocrx_word' id='word_1_185' title='bbox 607 2741 794 2778; x_wconf 88' lang='lat' dir='ltr'><strong>nomen</strong></span> <span class='ocrx_word' id='word_1_186' title='bbox 845 2733 991 2777; x_wconf 87' lang='lat' dir='ltr'><strong>tuum</strong></span> <span class='ocrx_word' id='word_1_187' title='bbox 1037 2725 1092 2778; x_wconf 87' lang='lat' dir='ltr'><strong>in</strong></span> <span class='ocrx_word' id='word_1_188' title='bbox 1140 2725 1332 2792; x_wconf 85' lang='lat' dir='ltr'><strong>ﬁnem;</strong></span> <span class='ocrx_word' id='word_1_189' title='bbox 1390 2739 1720 2794; x_wconf 79' lang='lat' dir='ltr'><strong>rursumque</strong></span> <span class='ocrx_word' id='word_1_190' title='bbox 1765 2743 1778 2779; x_wconf 91' lang='lat'><strong>:</strong></span> <span class='ocrx_word' id='word_1_191' title='bbox 1818 2723 2014 2794; x_wconf 80' lang='lat' dir='ltr'><strong>thuid</strong></span> 
     </span>
    </p>
   </div>
   <div class='ocr_carea' id='block_1_29' title="bbox 439 2815 2011 2872">
    <p class='ocr_par' dir='ltr' id='par_1_29' title="bbox 439 2815 2011 2872">
     <span class='ocr_line' id='line_1_29' title="bbox 439 2815 2011 2872; baseline 0.003 -5"><span class='ocrx_word' id='word_1_192' title='bbox 439 2815 631 2869; x_wconf 78' lang='lat' dir='ltr'><strong>avertis</strong></span> <span class='ocrx_word' id='word_1_193' title='bbox 660 2833 874 2869; x_wconf 87' lang='lat' dir='ltr'><strong>manum</strong></span> <span class='ocrx_word' id='word_1_194' title='bbox 911 2825 1054 2868; x_wconf 90' lang='lat' dir='ltr'><strong>tuam</strong></span> <span class='ocrx_word' id='word_1_195' title='bbox 1081 2825 1131 2870; x_wconf 89' lang='lat' dir='ltr'><strong>et</strong></span> <span class='ocrx_word' id='word_1_196' title='bbox 1160 2815 1431 2870; x_wconf 76' lang='lat' dir='ltr'><strong>dexteram</strong></span> <span class='ocrx_word' id='word_1_197' title='bbox 1463 2830 1610 2870; x_wconf 88' lang='lat' dir='ltr'><strong>tuam</strong></span> <span class='ocrx_word' id='word_1_198' title='bbox 1632 2816 1696 2870; x_wconf 90' lang='lat' dir='ltr'><strong>de</strong></span> <span class='ocrx_word' id='word_1_199' title='bbox 1725 2817 1894 2872; x_wconf 86' lang='lat' dir='ltr'><strong>medio</strong></span> <span class='ocrx_word' id='word_1_200' title='bbox 1933 2820 2011 2872; x_wconf 86' lang='lat' dir='ltr'><strong>si--</strong></span> 
     </span>
    </p>
   </div>
   <div class='ocr_carea' id='block_1_30' title="bbox 437 2907 2015 2980">
    <p class='ocr_par' dir='ltr' id='par_1_30' title="bbox 437 2907 2015 2980">
     <span class='ocr_line' id='line_1_30' title="bbox 437 2907 2015 2980; baseline 0.003 -21"><span class='ocrx_word' id='word_1_201' title='bbox 437 2923 508 2959; x_wconf 86' lang='lat' dir='ltr'><strong>nu</strong></span> <span class='ocrx_word' id='word_1_202' title='bbox 540 2917 628 2960; x_wconf 88' lang='lat' dir='ltr'><strong>tuo</strong></span> <span class='ocrx_word' id='word_1_203' title='bbox 660 2908 714 2960; x_wconf 88' lang='lat' dir='ltr'><strong>in</strong></span> <span class='ocrx_word' id='word_1_204' title='bbox 739 2908 895 2976; x_wconf 89' lang='lat' dir='ltr'><strong>ﬁnem</strong></span> <span class='ocrx_word' id='word_1_205' title='bbox 913 2910 938 2962; x_wconf 68' lang='grc' dir='ltr'>ει</span> <span class='ocrx_word' id='word_1_206' title='bbox 964 2907 1132 2972; x_wconf 82' lang='lat' dir='ltr'><strong>Queis</strong></span> <span class='ocrx_word' id='word_1_207' title='bbox 1166 2918 1445 2977; x_wconf 85' lang='lat' dir='ltr'><strong>postrema</strong></span> <span class='ocrx_word' id='word_1_208' title='bbox 1478 2908 1582 2963; x_wconf 91' lang='lat' dir='ltr'><strong>loci</strong></span> <span class='ocrx_word' id='word_1_209' title='bbox 1611 2909 1826 2964; x_wconf 90' lang='lat' dir='ltr'><strong>obsidio</strong></span> <span class='ocrx_word' id='word_1_210' title='bbox 1843 2910 2015 2980; x_wconf 88' lang='lat' dir='ltr'><strong>signi-</strong></span> 
     </span>
    </p>
   </div>
   <div class='ocr_carea' id='block_1_31' title="bbox 439 2998 2010 3072">
    <p class='ocr_par' dir='ltr' id='par_1_31' title="bbox 439 2998 2010 3072">
     <span class='ocr_line' id='line_1_31' title="bbox 439 2998 2010 3072; baseline 0.004 -21"><span class='ocrx_word' id='word_1_211' title='bbox 439 2998 651 3052; x_wconf 81' lang='lat' dir='ltr'><strong>ﬁcatur.</strong></span> <span class='ocrx_word' id='word_1_212' title='bbox 685 2998 822 3053; x_wconf 90' lang='lat' dir='ltr'><strong>Cum</strong></span> <span class='ocrx_word' id='word_1_213' title='bbox 846 3007 1028 3054; x_wconf 89' lang='lat' dir='ltr'><strong>autem</strong></span> <span class='ocrx_word' id='word_1_214' title='bbox 1059 3007 1416 3069; x_wconf 80' lang='lat' dir='ltr'><strong>percontatur</strong></span> <span class='ocrx_word' id='word_1_215' title='bbox 1435 3007 1490 3054; x_wconf 89' lang='lat' dir='ltr'><strong>et</strong></span> <span class='ocrx_word' id='word_1_216' title='bbox 1512 3000 1646 3056; x_wconf 83' lang='lat' dir='ltr'><strong>dicit</strong></span> <span class='ocrx_word' id='word_1_217' title='bbox 1670 3021 1684 3056; x_wconf 87' lang='lat'><strong>:</strong></span> <span class='ocrx_word' id='word_1_218' title='bbox 1713 2999 2010 3072; x_wconf 85' lang='lat' dir='ltr'><strong>Usquequo,</strong></span> 
     </span>
    </p>
   </div>
   <div class='ocr_carea' id='block_1_32' title="bbox 441 3089 2015 3166">
    <p class='ocr_par' dir='ltr' id='par_1_32' title="bbox 441 3089 2015 3166">
     <span class='ocr_line' id='line_1_32' title="bbox 441 3089 2015 3166; baseline 0.005 -23"><span class='ocrx_word' id='word_1_219' title='bbox 441 3089 601 3153; x_wconf 87' lang='lat' dir='ltr'><strong>Deus,</strong></span> <span class='ocrx_word' id='word_1_220' title='bbox 625 3092 995 3160; x_wconf 87' lang='lat' dir='ltr'><strong>improperabit</strong></span> <span class='ocrx_word' id='word_1_221' title='bbox 1016 3091 1258 3146; x_wconf 84' lang='lat' dir='ltr'><strong>inimicus</strong></span> <span class='ocrx_word' id='word_1_222' title='bbox 1273 3092 1528 3148; x_wconf 62' lang='lat' dir='ltr'><strong>ledoceri</strong></span> <span class='ocrx_word' id='word_1_223' title='bbox 1549 3095 1703 3164; x_wconf 86' lang='lat' dir='ltr'><strong>cupit</strong></span> <span class='ocrx_word' id='word_1_224' title='bbox 1728 3109 2015 3166; x_wconf 85' lang='lat' dir='ltr'><strong>quousque</strong></span> 
     </span>
    </p>
   </div>
   <div class='ocr_carea' id='block_1_33' title="bbox 439 3181 2011 3254">
    <p class='ocr_par' dir='ltr' id='par_1_33' title="bbox 439 3181 2011 3254">
     <span class='ocr_line' id='line_1_33' title="bbox 439 3181 2011 3254; baseline 0.004 -20"><span class='ocrx_word' id='word_1_225' title='bbox 439 3181 628 3236; x_wconf 81' lang='lat' dir='ltr'><strong>istluec</strong></span> <span class='ocrx_word' id='word_1_226' title='bbox 651 3182 1045 3251; x_wconf 86' lang='lat' dir='ltr'><strong>perdurabunt,</strong></span> <span class='ocrx_word' id='word_1_227' title='bbox 1084 3191 1140 3237; x_wconf 90' lang='lat' dir='ltr'><strong>et</strong></span> <span class='ocrx_word' id='word_1_228' title='bbox 1182 3198 1431 3252; x_wconf 64' lang='lat' dir='ltr'><strong>quasnam</strong></span> <span class='ocrx_word' id='word_1_229' title='bbox 1473 3185 1735 3254; x_wconf 86' lang='lat' dir='ltr'><strong>temporis</strong></span> <span class='ocrx_word' id='word_1_230' title='bbox 1771 3186 2011 3241; x_wconf 83' lang='lat' dir='ltr'><strong>circum-</strong></span> 
     </span>
    </p>
   </div>
   <div class='ocr_carea' id='block_1_34' title="bbox 440 3254 2086 3344">
    <p class='ocr_par' dir='ltr' id='par_1_34' title="bbox 440 3254 2086 3344">
     <span class='ocr_line' id='line_1_34' title="bbox 440 3254 2086 3344; baseline 0.003 -18"><span class='ocrx_word' id='word_1_231' title='bbox 440 3272 666 3342; x_wconf 86' lang='lat' dir='ltr'><strong>scriptio</strong></span> <span class='ocrx_word' id='word_1_232' title='bbox 687 3273 813 3340; x_wconf 86' lang='lat' dir='ltr'><strong>erit,</strong></span> <span class='ocrx_word' id='word_1_233' title='bbox 849 3281 905 3328; x_wconf 85' lang='lat' dir='ltr'><strong>et</strong></span> <span class='ocrx_word' id='word_1_234' title='bbox 934 3257 1222 3344; x_wconf 81' lang='lat' dir='ltr'><strong>usquequo</strong></span> <span class='ocrx_word' id='word_1_235' title='bbox 1254 3275 1498 3330; x_wconf 88' lang='lat' dir='ltr'><strong>irritabit</strong></span> <span class='ocrx_word' id='word_1_236' title='bbox 1540 3275 1891 3332; x_wconf 88' lang='lat' dir='ltr'><strong>adversarius</strong></span> <span class='ocrx_word' id='word_1_237' title='bbox 1918 3291 2018 3331; x_wconf 79' lang='lat' dir='ltr'><strong>no-</strong></span> <span class='ocrx_word' id='word_1_238' title='bbox 2044 3254 2086 3310; x_wconf 68' lang='grc' dir='ltr'>ο</span> 
     </span>
    </p>
   </div>
   <div class='ocr_carea' id='block_1_35' title="bbox 440 3366 2017 3438">
    <p class='ocr_par' dir='ltr' id='par_1_35' title="bbox 440 3366 2017 3438">
     <span class='ocr_line' id='line_1_35' title="bbox 440 3366 2017 3438; baseline 0.003 -21"><span class='ocrx_word' id='word_1_239' title='bbox 440 3379 563 3419; x_wconf 83' lang='grc' dir='ltr'>ιιιεη</span> <span class='ocrx_word' id='word_1_240' title='bbox 587 3372 764 3428; x_wconf 86' lang='lat' dir='ltr'><strong>tuum,</strong></span> <span class='ocrx_word' id='word_1_241' title='bbox 794 3379 924 3419; x_wconf 90' lang='lat' dir='ltr'><strong>num</strong></span> <span class='ocrx_word' id='word_1_242' title='bbox 962 3366 1087 3420; x_wconf 87' lang='lat' dir='ltr'><strong>talia</strong></span> <span class='ocrx_word' id='word_1_243' title='bbox 1113 3367 1323 3437; x_wconf 88' lang='lat' dir='ltr'><strong>agendo</strong></span> <span class='ocrx_word' id='word_1_244' title='bbox 1343 3368 1400 3422; x_wconf 92' lang='lat' dir='ltr'><strong>in</strong></span> <span class='ocrx_word' id='word_1_245' title='bbox 1445 3367 1604 3422; x_wconf 87' lang='lat' dir='ltr'><strong>linem</strong></span> <span class='ocrx_word' id='word_1_246' title='bbox 1637 3377 2017 3438; x_wconf 84' lang='lat' dir='ltr'><strong>perseveratu-</strong></span> 
     </span>
    </p>
   </div>
   <div class='ocr_carea' id='block_1_36' title="bbox 439 3456 2016 3529">
    <p class='ocr_par' dir='ltr' id='par_1_36' title="bbox 439 3456 2016 3529">
     <span class='ocr_line' id='line_1_36' title="bbox 439 3456 2016 3529; baseline -0.001 -15"><span class='ocrx_word' id='word_1_247' title='bbox 439 3472 535 3514; x_wconf 84' lang='lat' dir='ltr'><strong>t&#39;us</strong></span> <span class='ocrx_word' id='word_1_248' title='bbox 556 3456 650 3512; x_wconf 89' lang='lat' dir='ltr'><strong>sit.</strong></span> <span class='ocrx_word' id='word_1_249' title='bbox 682 3456 1096 3526; x_wconf 87' lang='lat' dir='ltr'><strong>Consequenter</strong></span> <span class='ocrx_word' id='word_1_250' title='bbox 1119 3458 1312 3512; x_wconf 89' lang='lat' dir='ltr'><strong>horum</strong></span> <span class='ocrx_word' id='word_1_251' title='bbox 1345 3473 1566 3513; x_wconf 86' lang='lat' dir='ltr'><strong>causam</strong></span> <span class='ocrx_word' id='word_1_252' title='bbox 1601 3460 1877 3529; x_wconf 85' lang='lat' dir='ltr'><strong>precando</strong></span> <span class='ocrx_word' id='word_1_253' title='bbox 1907 3461 2016 3516; x_wconf 88' lang='lat' dir='ltr'><strong>sci-</strong></span> 
     </span>
    </p>
   </div>
   <div class='ocr_carea' id='block_1_37' title="bbox 439 3547 2020 3618">
    <p class='ocr_par' dir='ltr' id='par_1_37' title="bbox 439 3547 2020 3618">
     <span class='ocr_line' id='line_1_37' title="bbox 439 3547 2020 3618; baseline 0.002 -17"><span class='ocrx_word' id='word_1_254' title='bbox 439 3549 671 3601; x_wconf 81' lang='lat' dir='ltr'><strong>scitatur</strong></span> <span class='ocrx_word' id='word_1_255' title='bbox 714 3547 844 3602; x_wconf 90' lang='lat' dir='ltr'><strong>dum</strong></span> <span class='ocrx_word' id='word_1_256' title='bbox 881 3548 1016 3601; x_wconf 90' lang='lat' dir='ltr'><strong>dicit</strong></span> <span class='ocrx_word' id='word_1_257' title='bbox 1049 3567 1062 3602; x_wconf 86' lang='lat'><strong>:</strong></span> <span class='ocrx_word' id='word_1_258' title='bbox 1095 3547 1290 3618; x_wconf 82' lang='lat' dir='ltr'><strong>thuid</strong></span> <span class='ocrx_word' id='word_1_259' title='bbox 1315 3549 1508 3604; x_wconf 83' lang='lat' dir='ltr'><strong>avertis</strong></span> <span class='ocrx_word' id='word_1_260' title='bbox 1539 3566 1754 3603; x_wconf 86' lang='lat' dir='ltr'><strong>manum</strong></span> <span class='ocrx_word' id='word_1_261' title='bbox 1791 3560 1938 3604; x_wconf 87' lang='lat' dir='ltr'><strong>tuam</strong></span> <span class='ocrx_word' id='word_1_262' title='bbox 1969 3559 2020 3603; x_wconf 89' lang='lat' dir='ltr'><strong>et</strong></span> 
     </span>
    </p>
   </div>
   <div class='ocr_carea' id='block_1_38' title="bbox 439 3638 2020 3709">
    <p class='ocr_par' dir='ltr' id='par_1_38' title="bbox 439 3638 2020 3709">
     <span class='ocr_line' id='line_1_38' title="bbox 439 3638 2020 3709; baseline 0.004 -19"><span class='ocrx_word' id='word_1_263' title='bbox 439 3640 713 3693; x_wconf 64' lang='lat' dir='ltr'><strong>dexteram</strong></span> <span class='ocrx_word' id='word_1_264' title='bbox 759 3648 905 3692; x_wconf 89' lang='lat' dir='ltr'><strong>tuam</strong></span> <span class='ocrx_word' id='word_1_265' title='bbox 951 3638 1016 3693; x_wconf 87' lang='lat' dir='ltr'><strong>de</strong></span> <span class='ocrx_word' id='word_1_266' title='bbox 1048 3639 1220 3696; x_wconf 86' lang='lat' dir='ltr'><strong>medio</strong></span> <span class='ocrx_word' id='word_1_267' title='bbox 1265 3642 1387 3694; x_wconf 86' lang='lat' dir='ltr'><strong>sinu</strong></span> <span class='ocrx_word' id='word_1_268' title='bbox 1436 3650 1525 3695; x_wconf 89' lang='lat' dir='ltr'><strong>tuo</strong></span> <span class='ocrx_word' id='word_1_269' title='bbox 1571 3642 1627 3695; x_wconf 89' lang='lat' dir='ltr'><strong>in</strong></span> <span class='ocrx_word' id='word_1_270' title='bbox 1666 3642 1868 3709; x_wconf 84' lang='lat' dir='ltr'><strong>ﬁnem?</strong></span> <span class='ocrx_word' id='word_1_271' title='bbox 1894 3641 2020 3696; x_wconf 63' lang='lat' dir='ltr'><strong>Haec</strong></span> 
     </span>
    </p>
   </div>
   <div class='ocr_carea' id='block_1_39' title="bbox 439 3729 2020 3804">
    <p class='ocr_par' dir='ltr' id='par_1_39' title="bbox 439 3729 2020 3804">
     <span class='ocr_line' id='line_1_39' title="bbox 439 3729 2020 3804; baseline 0.005 -22"><span class='ocrx_word' id='word_1_272' title='bbox 439 3744 604 3799; x_wconf 91' lang='lat' dir='ltr'><strong>porro</strong></span> <span class='ocrx_word' id='word_1_273' title='bbox 624 3729 756 3783; x_wconf 90' lang='lat' dir='ltr'><strong>dicti</strong></span> <span class='ocrx_word' id='word_1_274' title='bbox 786 3731 1060 3785; x_wconf 87' lang='lat' dir='ltr'><strong>sententia</strong></span> <span class='ocrx_word' id='word_1_275' title='bbox 1093 3739 1180 3786; x_wconf 89' lang='lat' dir='ltr'><strong>est</strong></span> <span class='ocrx_word' id='word_1_276' title='bbox 1213 3751 1227 3788; x_wconf 88' lang='lat'>:</span> <span class='ocrx_word' id='word_1_277' title='bbox 1267 3734 1424 3787; x_wconf 85' lang='lat' dir='ltr'><strong>sinus</strong></span> <span class='ocrx_word' id='word_1_278' title='bbox 1455 3731 1548 3788; x_wconf 91' lang='lat' dir='ltr'><strong>Dei</strong></span> <span class='ocrx_word' id='word_1_279' title='bbox 1592 3732 1752 3788; x_wconf 86' lang='lat' dir='ltr'><strong>bonis</strong></span> <span class='ocrx_word' id='word_1_280' title='bbox 1781 3734 2020 3804; x_wconf 84' lang='lat' dir='ltr'><strong>repletus</strong></span> 
     </span>
    </p>
   </div>
   <div class='ocr_carea' id='block_1_40' title="bbox 439 3822 2020 3898">
    <p class='ocr_par' dir='ltr' id='par_1_40' title="bbox 439 3822 2020 3898">
     <span class='ocr_line' id='line_1_40' title="bbox 439 3822 2020 3898; baseline 0.005 -24"><span class='ocrx_word' id='word_1_281' title='bbox 439 3829 544 3882; x_wconf 85' lang='lat' dir='ltr'><strong>est,</strong></span> <span class='ocrx_word' id='word_1_282' title='bbox 581 3835 752 3889; x_wconf 87' lang='lat' dir='ltr'><strong>quare</strong></span> <span class='ocrx_word' id='word_1_283' title='bbox 803 3822 1010 3876; x_wconf 88' lang='lat' dir='ltr'><strong>dictum</strong></span> <span class='ocrx_word' id='word_1_284' title='bbox 1058 3833 1142 3878; x_wconf 88' lang='lat' dir='ltr'><strong>est</strong></span> <span class='ocrx_word' id='word_1_285' title='bbox 1180 3843 1194 3878; x_wconf 86' lang='lat'>:</span> <span class='ocrx_word' id='word_1_286' title='bbox 1232 3823 1539 3896; x_wconf 85' lang='lat' dir='ltr'><strong>L’nigenitus</strong></span> <span class='ocrx_word' id='word_1_287' title='bbox 1586 3825 1783 3892; x_wconf 84' lang='lat' dir='ltr'><strong>Filius,</strong></span> <span class='ocrx_word' id='word_1_288' title='bbox 1816 3829 1905 3898; x_wconf 82' lang='lat' dir='ltr'><strong>qui</strong></span> <span class='ocrx_word' id='word_1_289' title='bbox 1941 3838 2020 3884; x_wconf 86' lang='lat' dir='ltr'><strong>est</strong></span> 
     </span>
    </p>
   </div>
   <div class='ocr_carea' id='block_1_41' title="bbox 441 3910 2019 3983">
    <p class='ocr_par' dir='ltr' id='par_1_41' title="bbox 441 3910 2019 3983">
     <span class='ocr_line' id='line_1_41' title="bbox 441 3910 2019 3983; baseline 0.007 -20"><span class='ocrx_word' id='word_1_290' title='bbox 441 3911 493 3962; x_wconf 85' lang='lat' dir='ltr'><strong>in</strong></span> <span class='ocrx_word' id='word_1_291' title='bbox 524 3911 645 3964; x_wconf 86' lang='lat' dir='ltr'><strong>sinu</strong></span> <span class='ocrx_word' id='word_1_292' title='bbox 691 3910 896 3978; x_wconf 86' lang='lat' dir='ltr'><strong>Patris,</strong></span> <span class='ocrx_word' id='word_1_293' title='bbox 915 3915 1028 3983; x_wconf 84' lang='lat' dir='ltr'><strong>ipse</strong></span> <span class='ocrx_word' id='word_1_294' title='bbox 1070 3917 1341 3970; x_wconf 81' lang='lat' dir='ltr'><strong>enarravit</strong></span> <span class='ocrx_word' id='word_1_295' title='bbox 1371 3917 1440 3972; x_wconf 83' lang='lat'><strong>“.</strong></span> <span class='ocrx_word' id='word_1_296' title='bbox 1467 3915 1530 3969; x_wconf 88' lang='lat' dir='ltr'><strong>Et</strong></span> <span class='ocrx_word' id='word_1_297' title='bbox 1556 3924 1642 3972; x_wconf 90' lang='lat' dir='ltr'><strong>est</strong></span> <span class='ocrx_word' id='word_1_298' title='bbox 1670 3917 1759 3972; x_wconf 88' lang='lat' dir='ltr'><strong>hic</strong></span> <span class='ocrx_word' id='word_1_299' title='bbox 1784 3932 2019 3976; x_wconf 86' lang='lat' dir='ltr'><strong>arcanus</strong></span> 
     </span>
    </p>
   </div>
   <div class='ocr_carea' id='block_1_42' title="bbox 440 4005 2020 4082">
    <p class='ocr_par' dir='ltr' id='par_1_42' title="bbox 440 4005 2020 4082">
     <span class='ocr_line' id='line_1_42' title="bbox 440 4005 2020 4082; baseline 0.008 -24"><span class='ocrx_word' id='word_1_300' title='bbox 440 4005 685 4061; x_wconf 61' lang='lat' dir='ltr'><strong>Paterna:</strong></span> <span class='ocrx_word' id='word_1_301' title='bbox 727 4006 1033 4064; x_wconf 85' lang='lat' dir='ltr'><strong>divinitatis</strong></span> <span class='ocrx_word' id='word_1_302' title='bbox 1082 4010 1398 4075; x_wconf 87' lang='lat' dir='ltr'><strong>thesaurus,</strong></span> <span class='ocrx_word' id='word_1_303' title='bbox 1439 4020 1494 4067; x_wconf 89' lang='lat' dir='ltr'><strong>et</strong></span> <span class='ocrx_word' id='word_1_304' title='bbox 1529 4013 1811 4082; x_wconf 90' lang='lat' dir='ltr'><strong>plenitudo</strong></span> <span class='ocrx_word' id='word_1_305' title='bbox 1847 4014 2020 4071; x_wconf 89' lang='lat' dir='ltr'><strong>bono-</strong></span> 
     </span>
    </p>
   </div>
   <div class='ocr_carea' id='block_1_43' title="bbox 441 4101 2020 4177">
    <p class='ocr_par' dir='ltr' id='par_1_43' title="bbox 441 4101 2020 4177">
     <span class='ocr_line' id='line_1_43' title="bbox 441 4101 2020 4177; baseline 0.008 -27"><span class='ocrx_word' id='word_1_306' title='bbox 441 4113 561 4152; x_wconf 90' lang='lat' dir='ltr'><strong>rum</strong></span> <span class='ocrx_word' id='word_1_307' title='bbox 613 4101 880 4163; x_wconf 91' lang='lat' dir='ltr'><strong>omnium,</strong></span> <span class='ocrx_word' id='word_1_308' title='bbox 945 4103 1091 4156; x_wconf 90' lang='lat' dir='ltr'><strong>unde</strong></span> <span class='ocrx_word' id='word_1_309' title='bbox 1151 4105 1448 4172; x_wconf 78' lang='lat' dir='ltr'><strong>gratiarum</strong></span> <span class='ocrx_word' id='word_1_310' title='bbox 1497 4105 1637 4159; x_wconf 90' lang='lat' dir='ltr'><strong>dona</strong></span> <span class='ocrx_word' id='word_1_311' title='bbox 1696 4105 1764 4159; x_wconf 77' lang='lat' dir='ltr'><strong>iis</strong></span> <span class='ocrx_word' id='word_1_312' title='bbox 1806 4107 1898 4177; x_wconf 89' lang='lat' dir='ltr'><strong>qui</strong></span> <span class='ocrx_word' id='word_1_313' title='bbox 1960 4122 2020 4163; x_wconf 90' lang='lat' dir='ltr'><strong>se</strong></span> 
     </span>
    </p>
   </div>
   <div class='ocr_carea' id='block_1_44' title="bbox 438 4189 2017 4264">
    <p class='ocr_par' dir='ltr' id='par_1_44' title="bbox 438 4189 2017 4264">
     <span class='ocr_line' id='line_1_44' title="bbox 438 4189 2017 4264; baseline 0.004 -21"><span class='ocrx_word' id='word_1_314' title='bbox 438 4189 588 4262; x_wconf 88' lang='lat' dir='ltr'><strong>digni</strong></span> <span class='ocrx_word' id='word_1_315' title='bbox 612 4197 741 4245; x_wconf 88' lang='lat' dir='ltr'><strong>sunt</strong></span> <span class='ocrx_word' id='word_1_316' title='bbox 777 4192 1027 4261; x_wconf 87' lang='lat' dir='ltr'><strong>largitur.</strong></span> <span class='ocrx_word' id='word_1_317' title='bbox 1063 4190 1331 4258; x_wconf 86' lang='lat' dir='ltr'><strong>Quoniam</strong></span> <span class='ocrx_word' id='word_1_318' title='bbox 1377 4193 1544 4264; x_wconf 89' lang='lat' dir='ltr'><strong>igitur</strong></span> <span class='ocrx_word' id='word_1_319' title='bbox 1574 4195 1641 4249; x_wconf 92' lang='lat' dir='ltr'><strong>de</strong></span> <span class='ocrx_word' id='word_1_320' title='bbox 1673 4195 1853 4252; x_wconf 91' lang='lat' dir='ltr'><strong>medio</strong></span> <span class='ocrx_word' id='word_1_321' title='bbox 1893 4196 2017 4251; x_wconf 87' lang='lat' dir='ltr'><strong>sinu</strong></span> 
     </span>
    </p>
   </div>
   <div class='ocr_carea' id='block_1_45' title="bbox 439 4282 2015 4354">
    <p class='ocr_par' dir='ltr' id='par_1_45' title="bbox 439 4282 2015 4354">
     <span class='ocr_line' id='line_1_45' title="bbox 439 4282 2015 4354; baseline 0.003 -18"><span class='ocrx_word' id='word_1_322' title='bbox 439 4282 580 4336; x_wconf 89' lang='lat' dir='ltr'><strong>dona</strong></span> <span class='ocrx_word' id='word_1_323' title='bbox 611 4284 909 4351; x_wconf 86' lang='lat' dir='ltr'><strong>gratiarum</strong></span> <span class='ocrx_word' id='word_1_324' title='bbox 957 4284 1139 4353; x_wconf 78' lang='lat' dir='ltr'><strong>dignis</strong></span> <span class='ocrx_word' id='word_1_325' title='bbox 1185 4292 1397 4354; x_wconf 81' lang='lat' dir='ltr'><strong>erogat,</strong></span> <span class='ocrx_word' id='word_1_326' title='bbox 1429 4300 1492 4340; x_wconf 87' lang='lat' dir='ltr'><strong>ac</strong></span> <span class='ocrx_word' id='word_1_327' title='bbox 1536 4286 1817 4340; x_wconf 83' lang='lat' dir='ltr'><strong>dexteram</strong></span> <span class='ocrx_word' id='word_1_328' title='bbox 1861 4301 2015 4342; x_wconf 86' lang='lat' dir='ltr'><strong>suam</strong></span> 
     </span>
    </p>
   </div>
   <div class='ocr_carea' id='block_1_46' title="bbox 441 4371 2016 4445">
    <p class='ocr_par' dir='ltr' id='par_1_46' title="bbox 441 4371 2016 4445">
     <span class='ocr_line' id='line_1_46' title="bbox 441 4371 2016 4445; baseline 0.005 -21"><span class='ocrx_word' id='word_1_329' title='bbox 441 4371 496 4424; x_wconf 90' lang='lat' dir='ltr'><strong>in</strong></span> <span class='ocrx_word' id='word_1_330' title='bbox 549 4371 670 4425; x_wconf 86' lang='lat' dir='ltr'><strong>illos</strong></span> <span class='ocrx_word' id='word_1_331' title='bbox 715 4372 978 4438; x_wconf 84' lang='lat' dir='ltr'><strong>extendit,</strong></span> <span class='ocrx_word' id='word_1_332' title='bbox 1011 4374 1080 4427; x_wconf 86' lang='lat' dir='ltr'><strong>ab</strong></span> <span class='ocrx_word' id='word_1_333' title='bbox 1127 4374 1368 4445; x_wconf 89' lang='lat' dir='ltr'><strong>indignis</strong></span> <span class='ocrx_word' id='word_1_334' title='bbox 1398 4391 1527 4430; x_wconf 92' lang='lat' dir='ltr'><strong>vero</strong></span> <span class='ocrx_word' id='word_1_335' title='bbox 1557 4377 1837 4432; x_wconf 78' lang='lat' dir='ltr'><strong>dexteram</strong></span> <span class='ocrx_word' id='word_1_336' title='bbox 1861 4393 2016 4434; x_wconf 84' lang='lat' dir='ltr'><strong>suam</strong></span> 
     </span>
    </p>
   </div>
   <div class='ocr_carea' id='block_1_47' title="bbox 441 4461 2020 4530">
    <p class='ocr_par' dir='ltr' id='par_1_47' title="bbox 441 4461 2020 4530">
     <span class='ocr_line' id='line_1_47' title="bbox 441 4461 2020 4530; baseline 0.006 -16"><span class='ocrx_word' id='word_1_337' title='bbox 441 4461 658 4522; x_wconf 83' lang='lat' dir='ltr'><strong>avertit,</strong></span> <span class='ocrx_word' id='word_1_338' title='bbox 691 4461 934 4530; x_wconf 88' lang='lat' dir='ltr'><strong>nihilque</strong></span> <span class='ocrx_word' id='word_1_339' title='bbox 967 4478 1031 4516; x_wconf 77' lang='lat' dir='ltr'><strong>ex</strong></span> <span class='ocrx_word' id='word_1_340' title='bbox 1055 4464 1215 4516; x_wconf 86' lang='lat' dir='ltr'><strong>bonis</strong></span> <span class='ocrx_word' id='word_1_341' title='bbox 1237 4466 1292 4518; x_wconf 90' lang='lat' dir='ltr'><strong>in</strong></span> <span class='ocrx_word' id='word_1_342' title='bbox 1327 4474 1630 4520; x_wconf 88' lang='lat' dir='ltr'><strong>memorato</strong></span> <span class='ocrx_word' id='word_1_343' title='bbox 1658 4467 1780 4522; x_wconf 85' lang='lat' dir='ltr'><strong>sinu</strong></span> <span class='ocrx_word' id='word_1_344' title='bbox 1809 4483 1910 4524; x_wconf 92' lang='lat' dir='ltr'><strong>suo</strong></span> <span class='ocrx_word' id='word_1_345' title='bbox 1935 4484 2020 4524; x_wconf 89' lang='lat' dir='ltr'><strong>re-</strong></span> 
     </span>
    </p>
   </div>
   <div class='ocr_carea' id='block_1_48' title="bbox 2131 604 3702 679">
    <p class='ocr_par' dir='ltr' id='par_1_48' title="bbox 2131 604 3702 679">
     <span class='ocr_line' id='line_1_48' title="bbox 2131 604 3702 679; baseline 0.004 -23"><span class='ocrx_word' id='word_1_346' title='bbox 2131 604 2388 674; x_wconf 82' lang='grc' dir='ltr'>γινόμενα</span> <span class='ocrx_word' id='word_1_347' title='bbox 2411 605 2500 658; x_wconf 83' lang='grc' dir='ltr'>ὅτε</span> <span class='ocrx_word' id='word_1_348' title='bbox 2521 606 2587 660; x_wconf 77' lang='grc' dir='ltr'>τὰ</span> <span class='ocrx_word' id='word_1_349' title='bbox 2610 605 2972 677; x_wconf 88' lang='grc' dir='ltr'>προλεχθέντα</span> <span class='ocrx_word' id='word_1_350' title='bbox 2999 606 3066 658; x_wconf 82' lang='grc' dir='ltr'>δι’</span> <span class='ocrx_word' id='word_1_351' title='bbox 3087 607 3261 678; x_wconf 79' lang='grc' dir='ltr'>ἔργων</span> <span class='ocrx_word' id='word_1_352' title='bbox 3277 610 3461 679; x_wconf 86' lang='grc' dir='ltr'>χωρεί,</span> <span class='ocrx_word' id='word_1_353' title='bbox 3492 608 3568 662; x_wconf 84' lang='grc' dir='ltr'><em>Τὰ</em></span> <span class='ocrx_word' id='word_1_354' title='bbox 3589 625 3702 678; x_wconf 87' lang='grc' dir='ltr'>ση-</span> 
     </span>
    </p>
   </div>
   <div class='ocr_carea' id='block_1_49' title="bbox 2125 696 3692 772">
    <p class='ocr_par' dir='ltr' id='par_1_49' title="bbox 2125 696 3692 772">
     <span class='ocr_line' id='line_1_49' title="bbox 2125 696 3692 772; baseline 0.003 -22"><span class='ocrx_word' id='word_1_355' title='bbox 2125 696 2265 767; x_wconf 81' lang='grc' dir='ltr'>μεῖα</span> <span class='ocrx_word' id='word_1_356' title='bbox 2293 697 2461 767; x_wconf 67' lang='grc' dir='ltr'>ἡμῶν</span> <span class='ocrx_word' id='word_1_357' title='bbox 2486 700 2596 752; x_wconf 83' lang='grc' dir='ltr'>οὐκ</span> <span class='ocrx_word' id='word_1_358' title='bbox 2636 698 2904 768; x_wconf 78' lang='grc' dir='ltr'>εἴδομεν·</span> <span class='ocrx_word' id='word_1_359' title='bbox 2932 698 2997 752; x_wconf 90' lang='grc' dir='ltr'>δι’</span> <span class='ocrx_word' id='word_1_360' title='bbox 3033 699 3061 752; x_wconf 81' lang='grc' dir='ltr'><strong>ὃ</strong></span> <span class='ocrx_word' id='word_1_361' title='bbox 3089 702 3200 754; x_wconf 82' lang='grc' dir='ltr'>οὐκ</span> <span class='ocrx_word' id='word_1_362' title='bbox 3239 699 3411 754; x_wconf 71' lang='grc' dir='ltr'>ἔστιν</span> <span class='ocrx_word' id='word_1_363' title='bbox 3440 699 3537 766; x_wconf 55' lang='grc' dir='ltr'>ἔτι,</span> <span class='ocrx_word' id='word_1_364' title='bbox 3558 718 3692 772; x_wconf 79' lang='grc' dir='ltr'>προ-</span> 
     </span>
    </p>
   </div>
   <div class='ocr_carea' id='block_1_50' title="bbox 2129 788 3704 866">
    <p class='ocr_par' dir='ltr' id='par_1_50' title="bbox 2129 788 3704 866">
     <span class='ocr_line' id='line_1_50' title="bbox 2129 788 3704 866; baseline 0.003 -24"><span class='ocrx_word' id='word_1_365' title='bbox 2129 789 2344 860; x_wconf 73' lang='grc' dir='ltr'>φήτης,</span> <span class='ocrx_word' id='word_1_366' title='bbox 2378 791 2475 844; x_wconf 77' lang='grc' dir='ltr'>καὶ</span> <span class='ocrx_word' id='word_1_367' title='bbox 2505 788 2662 860; x_wconf 76' lang='grc' dir='ltr'>ἡμᾶς</span> <span class='ocrx_word' id='word_1_368' title='bbox 2686 792 2757 844; x_wconf 87' lang='grc' dir='ltr'>οὐ</span> <span class='ocrx_word' id='word_1_369' title='bbox 2778 789 3066 860; x_wconf 74' lang='grc' dir='ltr'>γνώσεται</span> <span class='ocrx_word' id='word_1_370' title='bbox 3088 791 3196 844; x_wconf 80' lang='grc' dir='ltr'>ἔτι.</span> <span class='ocrx_word' id='word_1_371' title='bbox 3220 792 3282 845; x_wconf 82' lang='lat' dir='ltr'><strong>El</strong></span> <span class='ocrx_word' id='word_1_372' title='bbox 3311 792 3410 863; x_wconf 86' lang='grc' dir='ltr'><strong>μὲν</strong></span> <span class='ocrx_word' id='word_1_373' title='bbox 3432 792 3542 866; x_wconf 83' lang='grc' dir='ltr'>γὰρ</span> <span class='ocrx_word' id='word_1_374' title='bbox 3567 793 3704 865; x_wconf 83' lang='grc' dir='ltr'>πρὸς</span> 
     </span>
    </p>
   </div>
   <div class='ocr_carea' id='block_1_51' title="bbox 2130 881 3705 957">
    <p class='ocr_par' dir='ltr' id='par_1_51' title="bbox 2130 881 3705 957">
     <span class='ocr_line' id='line_1_51' title="bbox 2130 881 3705 957; baseline 0.003 -21"><span class='ocrx_word' id='word_1_375' title='bbox 2130 883 2317 955; x_wconf 87' lang='grc' dir='ltr'>καιρὸν</span> <span class='ocrx_word' id='word_1_376' title='bbox 2345 884 2547 954; x_wconf 81' lang='grc' dir='ltr'>βραχὺν</span> <span class='ocrx_word' id='word_1_377' title='bbox 2575 883 2808 938; x_wconf 90' lang='grc' dir='ltr'>διέλιπον</span> <span class='ocrx_word' id='word_1_378' title='bbox 2829 885 2878 937; x_wconf 82' lang='grc' dir='ltr'>οι</span> <span class='ocrx_word' id='word_1_379' title='bbox 2909 885 3203 954; x_wconf 85' lang='grc' dir='ltr'><strong>προφῆται,</strong></span> <span class='ocrx_word' id='word_1_380' title='bbox 3227 881 3344 939; x_wconf 76' lang='grc' dir='ltr'>εἷτα</span> <span class='ocrx_word' id='word_1_381' title='bbox 3371 886 3508 957; x_wconf 85' lang='grc' dir='ltr'>μετὰ</span> <span class='ocrx_word' id='word_1_382' title='bbox 3530 885 3705 941; x_wconf 86' lang='grc' dir='ltr'>ταῦτα</span> 
     </span>
    </p>
   </div>
   <div class='ocr_carea' id='block_1_52' title="bbox 2131 975 3706 1048">
    <p class='ocr_par' dir='ltr' id='par_1_52' title="bbox 2131 975 3706 1048">
     <span class='ocr_line' id='line_1_52' title="bbox 2131 975 3706 1048; baseline 0.004 -20"><span class='ocrx_word' id='word_1_383' title='bbox 2131 975 2290 1029; x_wconf 89' lang='grc' dir='ltr'>πάλιν</span> <span class='ocrx_word' id='word_1_384' title='bbox 2333 975 2709 1044; x_wconf 79' lang='grc' dir='ltr'><strong>ἀνεφάνησαν,</strong></span> <span class='ocrx_word' id='word_1_385' title='bbox 2753 976 2855 1029; x_wconf 79' lang='grc' dir='ltr'><strong>οὐκ</strong></span> <span class='ocrx_word' id='word_1_386' title='bbox 2899 975 2965 1030; x_wconf 78' lang='grc' dir='ltr'><strong>ἂν</strong></span> <span class='ocrx_word' id='word_1_387' title='bbox 3006 976 3245 1045; x_wconf 86' lang='grc' dir='ltr'>ὲλέγετο,</span> <span class='ocrx_word' id='word_1_388' title='bbox 3294 978 3391 1031; x_wconf 76' lang='grc' dir='ltr'>καὶ</span> <span class='ocrx_word' id='word_1_389' title='bbox 3436 977 3592 1048; x_wconf 71' lang='grc' dir='ltr'>ἡμᾶς</span> <span class='ocrx_word' id='word_1_390' title='bbox 3631 981 3706 1034; x_wconf 77' lang='grc' dir='ltr'>οὐ</span> 
     </span>
    </p>
   </div>
   <div class='ocr_carea' id='block_1_53' title="bbox 2129 1066 3708 1140">
    <p class='ocr_par' dir='ltr' id='par_1_53' title="bbox 2129 1066 3708 1140">
     <span class='ocr_line' id='line_1_53' title="bbox 2129 1066 3708 1140; baseline 0.002 -20"><span class='ocrx_word' id='word_1_391' title='bbox 2129 1066 2415 1136; x_wconf 82' lang='grc' dir='ltr'>γνώσεται</span> <span class='ocrx_word' id='word_1_392' title='bbox 2445 1067 2559 1120; x_wconf 80' lang='grc' dir='ltr'>ἔτι·</span> <span class='ocrx_word' id='word_1_393' title='bbox 2599 1068 2692 1120; x_wconf 90' lang='grc' dir='ltr'><strong>νῦν</strong></span> <span class='ocrx_word' id='word_1_394' title='bbox 2719 1067 2776 1122; x_wconf 84' lang='grc' dir='ltr'>δὲ</span> <span class='ocrx_word' id='word_1_395' title='bbox 2807 1068 2994 1138; x_wconf 74' lang='grc' dir='ltr'>ἐπειδὴ</span> <span class='ocrx_word' id='word_1_396' title='bbox 3035 1069 3173 1140; x_wconf 83' lang='grc' dir='ltr'>μετὰ</span> <span class='ocrx_word' id='word_1_397' title='bbox 3201 1069 3268 1123; x_wconf 84' lang='grc' dir='ltr'>τὰ</span> <span class='ocrx_word' id='word_1_398' title='bbox 3298 1069 3438 1123; x_wconf 87' lang='grc' dir='ltr'>κατὰ</span> <span class='ocrx_word' id='word_1_399' title='bbox 3471 1070 3564 1123; x_wconf 89' lang='grc' dir='ltr'><strong>τοῦ</strong></span> <span class='ocrx_word' id='word_1_400' title='bbox 3593 1071 3708 1124; x_wconf 80' lang='grc' dir='ltr'>Σω-</span> 
     </span>
    </p>
   </div>
   <div class='ocr_carea' id='block_1_54' title="bbox 2127 1159 3708 1232">
    <p class='ocr_par' dir='ltr' id='par_1_54' title="bbox 2127 1159 3708 1232">
     <span class='ocr_line' id='line_1_54' title="bbox 2127 1159 3708 1232; baseline 0.003 -20"><span class='ocrx_word' id='word_1_401' title='bbox 2127 1159 2294 1232; x_wconf 81' lang='grc' dir='ltr'>τῆρος</span> <span class='ocrx_word' id='word_1_402' title='bbox 2322 1159 2658 1231; x_wconf 80' lang='grc' dir='ltr'><strong>τολμηθέντα</strong></span> <span class='ocrx_word' id='word_1_403' title='bbox 2687 1162 2889 1226; x_wconf 78' lang='grc' dir='ltr'>αὐτοῖς,</span> <span class='ocrx_word' id='word_1_404' title='bbox 2935 1162 3216 1232; x_wconf 85' lang='grc' dir='ltr'>Ῥωμαίων</span> <span class='ocrx_word' id='word_1_405' title='bbox 3247 1163 3581 1216; x_wconf 80' lang='grc' dir='ltr'><strong>ἐπιστάντων</strong></span> <span class='ocrx_word' id='word_1_406' title='bbox 3611 1165 3708 1217; x_wconf 81' lang='grc' dir='ltr'>καὶ</span> 
     </span>
    </p>
   </div>
   <div class='ocr_carea' id='block_1_55' title="bbox 2127 1251 3703 1326">
    <p class='ocr_par' dir='ltr' id='par_1_55' title="bbox 2127 1251 3703 1326">
     <span class='ocr_line' id='line_1_55' title="bbox 2127 1251 3703 1326; baseline 0.004 -23"><span class='ocrx_word' id='word_1_407' title='bbox 2127 1251 2217 1304; x_wconf 80' lang='grc' dir='ltr'><strong>τὸν</strong></span> <span class='ocrx_word' id='word_1_408' title='bbox 2242 1251 2406 1305; x_wconf 86' lang='grc' dir='ltr'>τόπον</span> <span class='ocrx_word' id='word_1_409' title='bbox 2434 1254 2497 1306; x_wconf 79' lang='grc' dir='ltr'>ἐκ</span> <span class='ocrx_word' id='word_1_410' title='bbox 2524 1253 2740 1325; x_wconf 81' lang='grc' dir='ltr'>βάθρων</span> <span class='ocrx_word' id='word_1_411' title='bbox 2773 1254 3192 1326; x_wconf 84' lang='grc' dir='ltr'>ὲρημωσάντων,</span> <span class='ocrx_word' id='word_1_412' title='bbox 3218 1255 3455 1326; x_wconf 81' lang='grc' dir='ltr'>οὐδαμοῦ</span> <span class='ocrx_word' id='word_1_413' title='bbox 3491 1256 3703 1326; x_wconf 82' lang='grc' dir='ltr'>προφῆ-</span> 
     </span>
    </p>
   </div>
   <div class='ocr_carea' id='block_1_56' title="bbox 2126 1344 3703 1416">
    <p class='ocr_par' dir='ltr' id='par_1_56' title="bbox 2126 1344 3703 1416">
     <span class='ocr_line' id='line_1_56' title="bbox 2126 1344 3703 1416; baseline 0.003 -20"><span class='ocrx_word' id='word_1_414' title='bbox 2126 1359 2215 1396; x_wconf 89' lang='grc' dir='ltr'><strong>ται</strong></span> <span class='ocrx_word' id='word_1_415' title='bbox 2247 1344 2502 1416; x_wconf 82' lang='grc' dir='ltr'>παρῆσαν</span> <span class='ocrx_word' id='word_1_416' title='bbox 2531 1348 2643 1408; x_wconf 87' lang='grc' dir='ltr'>τοῖς</span> <span class='ocrx_word' id='word_1_417' title='bbox 2679 1345 3151 1416; x_wconf 81' lang='grc' dir='ltr'>πολιορκουμένοις</span> <span class='ocrx_word' id='word_1_418' title='bbox 3171 1363 3185 1378; x_wconf 86' lang='grc'><strong>·</strong></span> <span class='ocrx_word' id='word_1_419' title='bbox 3221 1347 3335 1400; x_wconf 85' lang='grc' dir='ltr'>ἀλλ’</span> <span class='ocrx_word' id='word_1_420' title='bbox 3364 1347 3483 1400; x_wconf 80' lang='grc' dir='ltr'>οὐδὲ</span> <span class='ocrx_word' id='word_1_421' title='bbox 3513 1349 3570 1401; x_wconf 77' lang='grc' dir='ltr'><strong>ἐν</strong></span> <span class='ocrx_word' id='word_1_422' title='bbox 3593 1349 3703 1411; x_wconf 81' lang='grc' dir='ltr'>τοῖς</span> 
     </span>
    </p>
   </div>
   <div class='ocr_carea' id='block_1_57' title="bbox 2131 1435 3707 1510">
    <p class='ocr_par' dir='ltr' id='par_1_57' title="bbox 2131 1435 3707 1510">
     <span class='ocr_line' id='line_1_57' title="bbox 2131 1435 3707 1510; baseline 0.003 -23"><span class='ocrx_word' id='word_1_423' title='bbox 2131 1435 2267 1505; x_wconf 85' lang='grc' dir='ltr'>μετὰ</span> <span class='ocrx_word' id='word_1_424' title='bbox 2292 1435 2464 1491; x_wconf 89' lang='grc' dir='ltr'>ταῦτα</span> <span class='ocrx_word' id='word_1_425' title='bbox 2489 1438 2700 1509; x_wconf 85' lang='grc' dir='ltr'>χρόνοις</span> <span class='ocrx_word' id='word_1_426' title='bbox 2723 1439 3036 1506; x_wconf 75' lang='grc' dir='ltr'>γεγόνασιν,</span> <span class='ocrx_word' id='word_1_427' title='bbox 3079 1438 3184 1491; x_wconf 74' lang='grc' dir='ltr'>οὐδ’</span> <span class='ocrx_word' id='word_1_428' title='bbox 3205 1439 3436 1510; x_wconf 72' lang='grc' dir='ltr'>ἤμελλον</span> <span class='ocrx_word' id='word_1_429' title='bbox 3463 1438 3707 1502; x_wconf 76' lang='grc' dir='ltr'>εἰσαῦθίς</span> 
     </span>
    </p>
   </div>
   <div class='ocr_carea' id='block_1_58' title="bbox 2129 1526 3706 1602">
    <p class='ocr_par' dir='ltr' id='par_1_58' title="bbox 2129 1526 3706 1602">
     <span class='ocr_line' id='line_1_58' title="bbox 2129 1526 3706 1602; baseline 0.012 -26"><span class='ocrx_word' id='word_1_430' title='bbox 2129 1542 2256 1578; x_wconf 84' lang='grc' dir='ltr'>ποτε</span> <span class='ocrx_word' id='word_1_431' title='bbox 2303 1526 2728 1598; x_wconf 83' lang='grc' dir='ltr'>ἀναστήσεσθαι·</span> <span class='ocrx_word' id='word_1_432' title='bbox 2785 1528 3111 1599; x_wconf 75' lang='grc' dir='ltr'>θαυμαστῶς</span> <span class='ocrx_word' id='word_1_433' title='bbox 3164 1532 3197 1599; x_wconf 86' lang='grc' dir='ltr'><strong>ἡ</strong></span> <span class='ocrx_word' id='word_1_434' title='bbox 3251 1530 3552 1602; x_wconf 81' lang='grc' dir='ltr'>πρὸρῤησις</span> <span class='ocrx_word' id='word_1_435' title='bbox 3609 1531 3706 1600; x_wconf 76' lang='grc' dir='ltr'><strong>φή·</strong></span> 
     </span>
    </p>
   </div>
   <div class='ocr_carea' id='block_1_59' title="bbox 2128 1620 3705 1693">
    <p class='ocr_par' dir='ltr' id='par_1_59' title="bbox 2128 1620 3705 1693">
     <span class='ocr_line' id='line_1_59' title="bbox 2128 1620 3705 1693; baseline 0.005 -23"><span class='ocrx_word' id='word_1_436' title='bbox 2128 1635 2286 1680; x_wconf 87' lang='grc' dir='ltr'>σασα,</span> <span class='ocrx_word' id='word_1_437' title='bbox 2317 1620 2438 1672; x_wconf 83' lang='grc' dir='ltr'><strong>Οὐκ</strong></span> <span class='ocrx_word' id='word_1_438' title='bbox 2467 1621 2638 1673; x_wconf 80' lang='grc' dir='ltr'>ἔστιν</span> <span class='ocrx_word' id='word_1_439' title='bbox 2659 1621 2744 1673; x_wconf 80' lang='grc' dir='ltr'>ἐτι</span> <span class='ocrx_word' id='word_1_440' title='bbox 2771 1621 3099 1690; x_wconf 60' lang='grc' dir='ltr'>προφήτης,</span> <span class='ocrx_word' id='word_1_441' title='bbox 3123 1622 3392 1692; x_wconf 80' lang='grc' dir='ltr'>ἐπήγαγε,</span> <span class='ocrx_word' id='word_1_442' title='bbox 3425 1623 3523 1676; x_wconf 78' lang='grc' dir='ltr'>καὶ</span> <span class='ocrx_word' id='word_1_443' title='bbox 3546 1622 3705 1693; x_wconf 77' lang='grc' dir='ltr'>ἡμᾶς</span> 
     </span>
    </p>
   </div>
   <div class='ocr_carea' id='block_1_60' title="bbox 2126 1707 3705 1776">
    <p class='ocr_par' dir='ltr' id='par_1_60' title="bbox 2126 1707 3705 1776">
     <span class='ocr_line' id='line_1_60' title="bbox 2126 1707 3705 1776; baseline 0.003 -13"><span class='ocrx_word' id='word_1_444' title='bbox 2126 1710 2196 1763; x_wconf 85' lang='grc' dir='ltr'>οὐ</span> <span class='ocrx_word' id='word_1_445' title='bbox 2244 1707 2533 1776; x_wconf 78' lang='grc' dir='ltr'>γνώσεται</span> <span class='ocrx_word' id='word_1_446' title='bbox 2559 1711 2667 1767; x_wconf 81' lang='grc' dir='ltr'>ἔτι.</span> <span class='ocrx_word' id='word_1_447' title='bbox 2711 1711 2832 1764; x_wconf 82' lang='grc' dir='ltr'>Ὀτι</span> <span class='ocrx_word' id='word_1_448' title='bbox 2883 1710 2998 1764; x_wconf 78' lang='grc' dir='ltr'>οὔτ’</span> <span class='ocrx_word' id='word_1_449' title='bbox 3044 1711 3142 1766; x_wconf 75' lang='grc' dir='ltr'><strong>ἐπὶ</strong></span> <span class='ocrx_word' id='word_1_450' title='bbox 3191 1712 3300 1765; x_wconf 88' lang='grc' dir='ltr'><strong>τῶν</strong></span> <span class='ocrx_word' id='word_1_451' title='bbox 3349 1712 3705 1767; x_wconf 76' lang='grc' dir='ltr'>Βαϐυλωνίων</span> 
     </span>
    </p>
   </div>
   <div class='ocr_carea' id='block_1_61' title="bbox 2125 1802 3703 1876">
    <p class='ocr_par' dir='ltr' id='par_1_61' title="bbox 2125 1802 3703 1876">
     <span class='ocr_line' id='line_1_61' title="bbox 2125 1802 3703 1876; baseline 0.003 -22"><span class='ocrx_word' id='word_1_452' title='bbox 2125 1802 2330 1872; x_wconf 83' lang='grc' dir='ltr'>χρόνων</span> <span class='ocrx_word' id='word_1_453' title='bbox 2361 1802 2600 1874; x_wconf 77' lang='grc' dir='ltr'>ἥρμοττε</span> <span class='ocrx_word' id='word_1_454' title='bbox 2629 1803 2902 1872; x_wconf 86' lang='grc' dir='ltr'>λέγεσθαι,</span> <span class='ocrx_word' id='word_1_455' title='bbox 2930 1802 3042 1856; x_wconf 76' lang='grc' dir='ltr'>οὔτ’</span> <span class='ocrx_word' id='word_1_456' title='bbox 3069 1805 3160 1857; x_wconf 76' lang='grc' dir='ltr'>ἐπὶ</span> <span class='ocrx_word' id='word_1_457' title='bbox 3183 1803 3290 1857; x_wconf 86' lang='grc' dir='ltr'><strong>τῶν</strong></span> <span class='ocrx_word' id='word_1_458' title='bbox 3316 1805 3703 1876; x_wconf 87' lang='grc' dir='ltr'>παλαιοτέρων.</span> 
     </span>
    </p>
   </div>
   <div class='ocr_carea' id='block_1_62' title="bbox 2127 1893 3706 1969">
    <p class='ocr_par' dir='ltr' id='par_1_62' title="bbox 2127 1893 3706 1969">
     <span class='ocr_line' id='line_1_62' title="bbox 2127 1893 3706 1969; baseline 0.001 -22"><span class='ocrx_word' id='word_1_459' title='bbox 2127 1893 2378 1965; x_wconf 79' lang='grc' dir='ltr'>Ἤκμαζε</span> <span class='ocrx_word' id='word_1_460' title='bbox 2425 1894 2555 1962; x_wconf 90' lang='grc' dir='ltr'>γοῦν</span> <span class='ocrx_word' id='word_1_461' title='bbox 2608 1894 2728 1947; x_wconf 86' lang='grc' dir='ltr'>καθ’</span> <span class='ocrx_word' id='word_1_462' title='bbox 2777 1895 3012 1965; x_wconf 78' lang='grc' dir='ltr'>ἑκάστην</span> <span class='ocrx_word' id='word_1_463' title='bbox 3059 1895 3250 1964; x_wconf 86' lang='grc' dir='ltr'>γενεὰν</span> <span class='ocrx_word' id='word_1_464' title='bbox 3291 1897 3420 1966; x_wconf 79' lang='grc' dir='ltr'>παρ’</span> <span class='ocrx_word' id='word_1_465' title='bbox 3453 1897 3632 1960; x_wconf 82' lang='grc' dir='ltr'>αὐτοῖς</span> <span class='ocrx_word' id='word_1_466' title='bbox 3674 1898 3706 1969; x_wconf 68' lang='grc' dir='ltr'><strong>η</strong></span> 
     </span>
    </p>
   </div>
   <div class='ocr_carea' id='block_1_63' title="bbox 2119 1984 3704 2059">
    <p class='ocr_par' dir='ltr' id='par_1_63' title="bbox 2119 1984 3704 2059">
     <span class='ocr_line' id='line_1_63' title="bbox 2119 1984 3704 2059; baseline 0.003 -21"><span class='ocrx_word' id='word_1_467' title='bbox 2119 1984 2225 2038; x_wconf 90' lang='grc' dir='ltr'><strong>τῶν</strong></span> <span class='ocrx_word' id='word_1_468' title='bbox 2254 1985 2548 2056; x_wconf 79' lang='grc' dir='ltr'>προφητῶν</span> <span class='ocrx_word' id='word_1_469' title='bbox 2573 1985 2808 2059; x_wconf 82' lang='grc' dir='ltr'>διαδοχὴ,</span> <span class='ocrx_word' id='word_1_470' title='bbox 2838 1987 2872 2056; x_wconf 79' lang='grc' dir='ltr'><strong>ἢ</strong></span> <span class='ocrx_word' id='word_1_471' title='bbox 2903 1986 2998 2040; x_wconf 76' lang='grc' dir='ltr'><strong>καὶ</strong></span> <span class='ocrx_word' id='word_1_472' title='bbox 3023 1986 3274 2059; x_wconf 83' lang='grc' dir='ltr'>διήρκεσε</span> <span class='ocrx_word' id='word_1_473' title='bbox 3303 1987 3495 2059; x_wconf 84' lang='grc' dir='ltr'>μέχρις</span> <span class='ocrx_word' id='word_1_474' title='bbox 3521 1987 3704 2042; x_wconf 83' lang='grc' dir='ltr'>Ἰωάν-</span> 
     </span>
    </p>
   </div>
   <div class='ocr_carea' id='block_1_64' title="bbox 2119 2076 2673 2150">
    <p class='ocr_par' dir='ltr' id='par_1_64' title="bbox 2119 2076 2673 2150">
     <span class='ocr_line' id='line_1_64' title="bbox 2119 2076 2673 2150; baseline 0.002 -20"><span class='ocrx_word' id='word_1_475' title='bbox 2119 2094 2208 2130; x_wconf 85' lang='grc' dir='ltr'><strong>νου</strong></span> <span class='ocrx_word' id='word_1_476' title='bbox 2241 2076 2332 2130; x_wconf 92' lang='grc' dir='ltr'><strong>τοῦ</strong></span> <span class='ocrx_word' id='word_1_477' title='bbox 2372 2078 2673 2150; x_wconf 83' lang='grc' dir='ltr'>προφήτου.</span> 
     </span>
    </p>
   </div>
   <div class='ocr_carea' id='block_1_65' title="bbox 2188 2167 3706 2238">
    <p class='ocr_par' dir='ltr' id='par_1_65' title="bbox 2188 2167 3706 2238">
     <span class='ocr_line' id='line_1_65' title="bbox 2188 2167 3706 2238; baseline 0.003 -18"><span class='ocrx_word' id='word_1_478' title='bbox 2188 2171 2336 2235; x_wconf 84' lang='grc' dir='ltr'>Ἕως</span> <span class='ocrx_word' id='word_1_479' title='bbox 2365 2171 2528 2235; x_wconf 83' lang='grc' dir='ltr'>πότε,</span> <span class='ocrx_word' id='word_1_480' title='bbox 2562 2173 2594 2224; x_wconf 87' lang='grc' dir='ltr'><strong>ό</strong></span> <span class='ocrx_word' id='word_1_481' title='bbox 2627 2169 2792 2236; x_wconf 76' lang='grc' dir='ltr'>Θεὸς,</span> <span class='ocrx_word' id='word_1_482' title='bbox 2819 2167 3083 2230; x_wconf 76' lang='grc' dir='ltr'><strong>ὀνειδίζει</strong></span> <span class='ocrx_word' id='word_1_483' title='bbox 3112 2171 3146 2222; x_wconf 86' lang='grc' dir='ltr'><strong>ό</strong></span> <span class='ocrx_word' id='word_1_484' title='bbox 3181 2169 3413 2238; x_wconf 76' lang='grc' dir='ltr'>ἐχθρὸς,</span> <span class='ocrx_word' id='word_1_485' title='bbox 3449 2169 3706 2238; x_wconf 77' lang='grc' dir='ltr'>παροξύ-</span> 
     </span>
    </p>
   </div>
   <div class='ocr_carea' id='block_1_66' title="bbox 2116 2259 3704 2331">
    <p class='ocr_par' dir='ltr' id='par_1_66' title="bbox 2116 2259 3704 2331">
     <span class='ocr_line' id='line_1_66' title="bbox 2116 2259 3704 2331; baseline 0 -17"><span class='ocrx_word' id='word_1_486' title='bbox 2116 2279 2206 2314; x_wconf 87' lang='grc' dir='ltr'><strong>νει</strong></span> <span class='ocrx_word' id='word_1_487' title='bbox 2239 2262 2598 2328; x_wconf 79' lang='grc' dir='ltr'>ὑπεναντίος</span> <span class='ocrx_word' id='word_1_488' title='bbox 2623 2262 2689 2316; x_wconf 86' lang='grc' dir='ltr'>τὸ</span> <span class='ocrx_word' id='word_1_489' title='bbox 2721 2260 2908 2331; x_wconf 75' lang='grc' dir='ltr'>ὄνομά</span> <span class='ocrx_word' id='word_1_490' title='bbox 2929 2277 3046 2316; x_wconf 90' lang='grc' dir='ltr'><strong>σου</strong></span> <span class='ocrx_word' id='word_1_491' title='bbox 3077 2264 3164 2326; x_wconf 80' lang='grc' dir='ltr'>εὶς</span> <span class='ocrx_word' id='word_1_492' title='bbox 3196 2259 3408 2326; x_wconf 58' lang='lat' dir='ltr'><strong>telae;</strong></span> <span class='ocrx_word' id='word_1_493' title='bbox 3437 2259 3704 2331; x_wconf 80' lang='grc' dir='ltr'>Πολλάκις</span> 
     </span>
    </p>
   </div>
   <div class='ocr_carea' id='block_1_67' title="bbox 2116 2351 3702 2425">
    <p class='ocr_par' dir='ltr' id='par_1_67' title="bbox 2116 2351 3702 2425">
     <span class='ocr_line' id='line_1_67' title="bbox 2116 2351 3702 2425; baseline 0.002 -20"><span class='ocrx_word' id='word_1_494' title='bbox 2116 2351 2332 2424; x_wconf 70' lang='grc' dir='ltr'>εἴρηται</span> <span class='ocrx_word' id='word_1_495' title='bbox 2372 2352 2459 2406; x_wconf 79' lang='grc' dir='ltr'>διὰ</span> <span class='ocrx_word' id='word_1_496' title='bbox 2485 2353 2584 2424; x_wconf 81' lang='grc' dir='ltr'>τῆς</span> <span class='ocrx_word' id='word_1_497' title='bbox 2615 2353 2750 2424; x_wconf 83' lang='grc' dir='ltr'>μετὰ</span> <span class='ocrx_word' id='word_1_498' title='bbox 2792 2356 2979 2425; x_wconf 86' lang='grc' dir='ltr'>χεῖρας</span> <span class='ocrx_word' id='word_1_499' title='bbox 3012 2353 3346 2424; x_wconf 78' lang='grc' dir='ltr'>προφητείας</span> <span class='ocrx_word' id='word_1_500' title='bbox 3378 2355 3459 2420; x_wconf 87' lang='grc' dir='ltr'><strong>τὸ,</strong></span> <span class='ocrx_word' id='word_1_501' title='bbox 3495 2356 3583 2420; x_wconf 80' lang='grc' dir='ltr'><strong>είς</strong></span> <span class='ocrx_word' id='word_1_502' title='bbox 3611 2353 3702 2408; x_wconf 78' lang='grc' dir='ltr'>τέ-</span> 
     </span>
    </p>
   </div>
   <div class='ocr_carea' id='block_1_68' title="bbox 2115 2445 3698 2516">
    <p class='ocr_par' dir='ltr' id='par_1_68' title="bbox 2115 2445 3698 2516">
     <span class='ocr_line' id='line_1_68' title="bbox 2115 2445 3698 2516; baseline 0.001 -18"><span class='ocrx_word' id='word_1_503' title='bbox 2115 2448 2246 2511; x_wconf 77' lang='grc' dir='ltr'>λος.</span> <span class='ocrx_word' id='word_1_504' title='bbox 2305 2445 2393 2498; x_wconf 85' lang='grc' dir='ltr'>Ἐν</span> <span class='ocrx_word' id='word_1_505' title='bbox 2435 2447 2578 2516; x_wconf 83' lang='grc' dir='ltr'>ἀρχῇ</span> <span class='ocrx_word' id='word_1_506' title='bbox 2629 2445 2726 2516; x_wconf 84' lang='grc' dir='ltr'>μὲν</span> <span class='ocrx_word' id='word_1_507' title='bbox 2777 2446 2884 2516; x_wconf 78' lang='grc' dir='ltr'>γὰρ</span> <span class='ocrx_word' id='word_1_508' title='bbox 2932 2445 3176 2515; x_wconf 73' lang='grc' dir='ltr'>ἐλέγετοο</span> <span class='ocrx_word' id='word_1_509' title='bbox 3225 2446 3417 2510; x_wconf 79' lang='grc' dir='ltr'>’1νιιτί,</span> <span class='ocrx_word' id='word_1_510' title='bbox 3467 2449 3500 2500; x_wconf 85' lang='grc' dir='ltr'><strong>ό</strong></span> <span class='ocrx_word' id='word_1_511' title='bbox 3537 2446 3698 2513; x_wconf 83' lang='grc' dir='ltr'>Θεὸς,</span> 
     </span>
    </p>
   </div>
   <div class='ocr_carea' id='block_1_69' title="bbox 2115 2533 3701 2608">
    <p class='ocr_par' dir='ltr' id='par_1_69' title="bbox 2115 2533 3701 2608">
     <span class='ocr_line' id='line_1_69' title="bbox 2115 2533 3701 2608; baseline -0.001 -17"><span class='ocrx_word' id='word_1_512' title='bbox 2115 2536 2334 2591; x_wconf 80' lang='grc' dir='ltr'>ἀπώσω</span> <span class='ocrx_word' id='word_1_513' title='bbox 2356 2540 2443 2604; x_wconf 80' lang='grc' dir='ltr'><strong>είς</strong></span> <span class='ocrx_word' id='word_1_514' title='bbox 2474 2536 2680 2604; x_wconf 74' lang='grc' dir='ltr'>τέλος;</span> <span class='ocrx_word' id='word_1_515' title='bbox 2725 2533 2825 2590; x_wconf 78' lang='grc' dir='ltr'>εἶθ’</span> <span class='ocrx_word' id='word_1_516' title='bbox 2868 2539 2994 2608; x_wconf 80' lang='grc' dir='ltr'>ἑξῆς</span> <span class='ocrx_word' id='word_1_517' title='bbox 3014 2555 3028 2568; x_wconf 71' lang='grc' dir='ltr'><strong>ο</strong></span> <span class='ocrx_word' id='word_1_518' title='bbox 3075 2540 3336 2608; x_wconf 85' lang='grc' dir='ltr'>Ἔπαρον</span> <span class='ocrx_word' id='word_1_519' title='bbox 3361 2538 3470 2606; x_wconf 85' lang='grc' dir='ltr'>τὰς</span> <span class='ocrx_word' id='word_1_520' title='bbox 3502 2537 3701 2608; x_wconf 79' lang='grc' dir='ltr'>χεῖράς</span> 
     </span>
    </p>
   </div>
   <div class='ocr_carea' id='block_1_70' title="bbox 2117 2630 3695 2700">
    <p class='ocr_par' dir='ltr' id='par_1_70' title="bbox 2117 2630 3695 2700">
     <span class='ocr_line' id='line_1_70' title="bbox 2117 2630 3695 2700; baseline -0.001 -16"><span class='ocrx_word' id='word_1_521' title='bbox 2117 2645 2233 2685; x_wconf 90' lang='grc' dir='ltr'><strong>σου</strong></span> <span class='ocrx_word' id='word_1_522' title='bbox 2264 2631 2361 2684; x_wconf 79' lang='grc' dir='ltr'><strong>ἐπὶ</strong></span> <span class='ocrx_word' id='word_1_523' title='bbox 2402 2630 2508 2696; x_wconf 84' lang='grc' dir='ltr'>τὰς</span> <span class='ocrx_word' id='word_1_524' title='bbox 2548 2632 2961 2700; x_wconf 59' lang='grc' dir='ltr'>ὑπερηφανίας</span> <span class='ocrx_word' id='word_1_525' title='bbox 3003 2633 3089 2697; x_wconf 81' lang='grc' dir='ltr'>εὶς</span> <span class='ocrx_word' id='word_1_526' title='bbox 3127 2630 3334 2698; x_wconf 68' lang='grc' dir='ltr'><strong>τέλος⁸</strong></span> <span class='ocrx_word' id='word_1_527' title='bbox 3364 2631 3456 2684; x_wconf 79' lang='grc' dir='ltr'><strong>καὶ</strong></span> <span class='ocrx_word' id='word_1_528' title='bbox 3484 2630 3695 2700; x_wconf 89' lang='grc' dir='ltr'>τρίτον·</span> 
     </span>
    </p>
   </div>
   <div class='ocr_carea' id='block_1_71' title="bbox 2119 2721 3692 2792">
    <p class='ocr_par' dir='ltr' id='par_1_71' title="bbox 2119 2721 3692 2792">
     <span class='ocr_line' id='line_1_71' title="bbox 2119 2721 3692 2792; baseline -0.001 -14"><span class='ocrx_word' id='word_1_529' title='bbox 2119 2723 2445 2792; x_wconf 76' lang='grc' dir='ltr'>Παροξύνει</span> <span class='ocrx_word' id='word_1_530' title='bbox 2485 2728 2518 2778; x_wconf 87' lang='grc' dir='ltr'><strong>ό</strong></span> <span class='ocrx_word' id='word_1_531' title='bbox 2549 2726 2907 2790; x_wconf 80' lang='grc' dir='ltr'>ὑπεναντίος</span> <span class='ocrx_word' id='word_1_532' title='bbox 2939 2724 3002 2778; x_wconf 81' lang='grc' dir='ltr'>τὸ</span> <span class='ocrx_word' id='word_1_533' title='bbox 3028 2721 3211 2792; x_wconf 82' lang='grc' dir='ltr'>ὄνομά</span> <span class='ocrx_word' id='word_1_534' title='bbox 3243 2739 3358 2777; x_wconf 85' lang='grc' dir='ltr'><strong>σου</strong></span> <span class='ocrx_word' id='word_1_535' title='bbox 3385 2725 3472 2789; x_wconf 78' lang='grc' dir='ltr'>εἰς</span> <span class='ocrx_word' id='word_1_536' title='bbox 3492 2723 3692 2790; x_wconf 82' lang='grc' dir='ltr'>τέλος·</span> 
     </span>
    </p>
   </div>
   <div class='ocr_carea' id='block_1_72' title="bbox 2118 2811 3697 2884">
    <p class='ocr_par' dir='ltr' id='par_1_72' title="bbox 2118 2811 3697 2884">
     <span class='ocr_line' id='line_1_72' title="bbox 2118 2811 3697 2884; baseline -0.001 -16"><span class='ocrx_word' id='word_1_537' title='bbox 2118 2817 2212 2868; x_wconf 71' lang='grc' dir='ltr'><strong>καὶ</strong></span> <span class='ocrx_word' id='word_1_538' title='bbox 2237 2811 2421 2878; x_wconf 64' lang='grc' dir='ltr'>αὖθιςδ</span> <span class='ocrx_word' id='word_1_539' title='bbox 2465 2815 2640 2870; x_wconf 83' lang='grc' dir='ltr'>Ἰνατί</span> <span class='ocrx_word' id='word_1_540' title='bbox 2668 2814 3068 2884; x_wconf 74' lang='grc' dir='ltr'>ἀποστρέφεις</span> <span class='ocrx_word' id='word_1_541' title='bbox 3092 2816 3207 2882; x_wconf 78' lang='grc' dir='ltr'><strong>τὴν</strong></span> <span class='ocrx_word' id='word_1_542' title='bbox 3261 2813 3428 2884; x_wconf 79' lang='grc' dir='ltr'>χεῖρά</span> <span class='ocrx_word' id='word_1_543' title='bbox 3455 2829 3572 2868; x_wconf 86' lang='grc' dir='ltr'><strong>σου</strong></span> <span class='ocrx_word' id='word_1_544' title='bbox 3600 2813 3697 2867; x_wconf 70' lang='grc' dir='ltr'>καὶ</span> 
     </span>
    </p>
   </div>
   <div class='ocr_carea' id='block_1_73' title="bbox 2114 2906 3699 2977">
    <p class='ocr_par' dir='ltr' id='par_1_73' title="bbox 2114 2906 3699 2977">
     <span class='ocr_line' id='line_1_73' title="bbox 2114 2906 3699 2977; baseline -0.001 -15"><span class='ocrx_word' id='word_1_545' title='bbox 2114 2907 2230 2974; x_wconf 81' lang='grc' dir='ltr'>τὴν</span> <span class='ocrx_word' id='word_1_546' title='bbox 2246 2907 2452 2972; x_wconf 79' lang='grc' dir='ltr'>δεξιάν</span> <span class='ocrx_word' id='word_1_547' title='bbox 2466 2923 2582 2962; x_wconf 91' lang='grc' dir='ltr'><strong>σου</strong></span> <span class='ocrx_word' id='word_1_548' title='bbox 2595 2909 2662 2962; x_wconf 83' lang='grc' dir='ltr'>ἐκ</span> <span class='ocrx_word' id='word_1_549' title='bbox 2674 2907 2872 2977; x_wconf 79' lang='grc' dir='ltr'>μέσου</span> <span class='ocrx_word' id='word_1_550' title='bbox 2888 2907 2995 2962; x_wconf 85' lang='grc' dir='ltr'><strong>τοῦ</strong></span> <span class='ocrx_word' id='word_1_551' title='bbox 3011 2909 3242 2962; x_wconf 82' lang='grc' dir='ltr'>κόλπου</span> <span class='ocrx_word' id='word_1_552' title='bbox 3255 2924 3372 2962; x_wconf 90' lang='grc' dir='ltr'><strong>σου</strong></span> <span class='ocrx_word' id='word_1_553' title='bbox 3387 2909 3476 2972; x_wconf 82' lang='grc' dir='ltr'><strong>είς</strong></span> <span class='ocrx_word' id='word_1_554' title='bbox 3491 2906 3665 2972; x_wconf 76' lang='grc' dir='ltr'>τέλος</span> <span class='ocrx_word' id='word_1_555' title='bbox 3680 2922 3699 2970; x_wconf 88' lang='grc'><strong><em>;</em></strong></span> 
     </span>
    </p>
   </div>
   <div class='ocr_carea' id='block_1_74' title="bbox 2115 2995 3697 3073">
    <p class='ocr_par' dir='ltr' id='par_1_74' title="bbox 2115 2995 3697 3073">
     <span class='ocr_line' id='line_1_74' title="bbox 2115 2995 3697 3073; baseline -0.003 -18"><span class='ocrx_word' id='word_1_556' title='bbox 2115 3002 2182 3055; x_wconf 78' lang='grc' dir='ltr'>δι’</span> <span class='ocrx_word' id='word_1_557' title='bbox 2209 2995 2282 3054; x_wconf 86' lang='grc' dir='ltr'>ὧν</span> <span class='ocrx_word' id='word_1_558' title='bbox 2314 3004 2343 3055; x_wconf 98' lang='lat'><strong>6</strong></span> <span class='ocrx_word' id='word_1_559' title='bbox 2375 3001 2532 3070; x_wconf 81' lang='grc' dir='ltr'>λόγος</span> <span class='ocrx_word' id='word_1_560' title='bbox 2563 3001 2660 3073; x_wconf 76' lang='grc' dir='ltr'><strong>τὴν</strong></span> <span class='ocrx_word' id='word_1_561' title='bbox 2689 3001 3006 3055; x_wconf 77' lang='grc' dir='ltr'>τελευταίαν</span> <span class='ocrx_word' id='word_1_562' title='bbox 3051 3001 3362 3071; x_wconf 81' lang='grc' dir='ltr'>πολιορκίαν</span> <span class='ocrx_word' id='word_1_563' title='bbox 3407 2999 3501 3053; x_wconf 89' lang='grc' dir='ltr'><strong>τοῦ</strong></span> <span class='ocrx_word' id='word_1_564' title='bbox 3534 3000 3697 3052; x_wconf 87' lang='grc' dir='ltr'>τόπου</span> 
     </span>
    </p>
   </div>
   <div class='ocr_carea' id='block_1_75' title="bbox 2119 3091 3700 3164">
    <p class='ocr_par' dir='ltr' id='par_1_75' title="bbox 2119 3091 3700 3164">
     <span class='ocr_line' id='line_1_75' title="bbox 2119 3091 3700 3164; baseline -0.002 -17"><span class='ocrx_word' id='word_1_565' title='bbox 2119 3093 2392 3164; x_wconf 86' lang='grc' dir='ltr'>σημαίνει.</span> <span class='ocrx_word' id='word_1_566' title='bbox 2432 3092 2838 3164; x_wconf 85' lang='grc' dir='ltr'>Πυνθανόμενος</span> <span class='ocrx_word' id='word_1_567' title='bbox 2873 3093 2929 3146; x_wconf 80' lang='grc' dir='ltr'>δὲ</span> <span class='ocrx_word' id='word_1_568' title='bbox 2969 3094 3062 3146; x_wconf 70' lang='grc' dir='ltr'><strong>καὶ</strong></span> <span class='ocrx_word' id='word_1_569' title='bbox 3100 3091 3305 3161; x_wconf 87' lang='grc' dir='ltr'>λέγων·</span> <span class='ocrx_word' id='word_1_570' title='bbox 3341 3092 3495 3158; x_wconf 85' lang='grc' dir='ltr'>Ἕως</span> <span class='ocrx_word' id='word_1_571' title='bbox 3534 3095 3700 3157; x_wconf 86' lang='grc' dir='ltr'>πότε,</span> 
     </span>
    </p>
   </div>
   <div class='ocr_carea' id='block_1_76' title="bbox 2118 3181 3704 3252">
    <p class='ocr_par' dir='ltr' id='par_1_76' title="bbox 2118 3181 3704 3252">
     <span class='ocr_line' id='line_1_76' title="bbox 2118 3181 3704 3252; baseline 0 -16"><span class='ocrx_word' id='word_1_572' title='bbox 2118 3185 2150 3236; x_wconf 86' lang='grc' dir='ltr'><strong>ό</strong></span> <span class='ocrx_word' id='word_1_573' title='bbox 2212 3181 2375 3247; x_wconf 82' lang='grc' dir='ltr'>Θεὸς,</span> <span class='ocrx_word' id='word_1_574' title='bbox 2420 3181 2661 3235; x_wconf 77' lang='grc' dir='ltr'>ὀνειδιεῖ</span> <span class='ocrx_word' id='word_1_575' title='bbox 2687 3184 2720 3236; x_wconf 84' lang='grc' dir='ltr'><strong>ό</strong></span> <span class='ocrx_word' id='word_1_576' title='bbox 2750 3182 3003 3252; x_wconf 74' lang='grc' dir='ltr'>ἐχθρός;</span> <span class='ocrx_word' id='word_1_577' title='bbox 3051 3181 3359 3252; x_wconf 81' lang='grc' dir='ltr'>διδαχθῆναι</span> <span class='ocrx_word' id='word_1_578' title='bbox 3411 3182 3565 3237; x_wconf 82' lang='grc' dir='ltr'>ποθεῖ</span> <span class='ocrx_word' id='word_1_579' title='bbox 3599 3183 3704 3245; x_wconf 80' lang='grc' dir='ltr'>ἓως</span> 
     </span>
    </p>
   </div>
   <div class='ocr_carea' id='block_1_77' title="bbox 2121 3269 3702 3344">
    <p class='ocr_par' dir='ltr' id='par_1_77' title="bbox 2121 3269 3702 3344">
     <span class='ocr_line' id='line_1_77' title="bbox 2121 3269 3702 3344; baseline 0.003 -23"><span class='ocrx_word' id='word_1_580' title='bbox 2121 3270 2250 3322; x_wconf 84' lang='grc' dir='ltr'>πότε</span> <span class='ocrx_word' id='word_1_581' title='bbox 2297 3269 2448 3323; x_wconf 81' lang='grc' dir='ltr'>ταῦτ’</span> <span class='ocrx_word' id='word_1_582' title='bbox 2487 3270 2661 3334; x_wconf 78' lang='grc' dir='ltr'>ἔσται,</span> <span class='ocrx_word' id='word_1_583' title='bbox 2713 3272 2808 3324; x_wconf 76' lang='grc' dir='ltr'>καὶ</span> <span class='ocrx_word' id='word_1_584' title='bbox 2851 3271 2936 3334; x_wconf 86' lang='grc' dir='ltr'><strong>τίς</strong></span> <span class='ocrx_word' id='word_1_585' title='bbox 2989 3271 3139 3325; x_wconf 70' lang='grc' dir='ltr'>ἔσται</span> <span class='ocrx_word' id='word_1_586' title='bbox 3176 3273 3208 3337; x_wconf 82' lang='grc' dir='ltr'>ἡ</span> <span class='ocrx_word' id='word_1_587' title='bbox 3247 3273 3557 3344; x_wconf 80' lang='grc' dir='ltr'>περιγραφὴ</span> <span class='ocrx_word' id='word_1_588' title='bbox 3603 3273 3702 3326; x_wconf 79' lang='grc' dir='ltr'><strong>τοῦ</strong></span> 
     </span>
    </p>
   </div>
   <div class='ocr_carea' id='block_1_78' title="bbox 2121 3361 3700 3436">
    <p class='ocr_par' dir='ltr' id='par_1_78' title="bbox 2121 3361 3700 3436">
     <span class='ocr_line' id='line_1_78' title="bbox 2121 3361 3700 3436; baseline 0.003 -22"><span class='ocrx_word' id='word_1_589' title='bbox 2121 3361 2334 3433; x_wconf 82' lang='grc' dir='ltr'>χρόνου,</span> <span class='ocrx_word' id='word_1_590' title='bbox 2353 3363 2623 3435; x_wconf 69' lang='grc' dir='ltr'>καὶμέχρι</span> <span class='ocrx_word' id='word_1_591' title='bbox 2657 3364 2798 3427; x_wconf 79' lang='grc' dir='ltr'>τινος</span> <span class='ocrx_word' id='word_1_592' title='bbox 2832 3364 3122 3434; x_wconf 76' lang='grc' dir='ltr'>παροξύνει</span> <span class='ocrx_word' id='word_1_593' title='bbox 3141 3365 3219 3436; x_wconf 83' lang='grc' dir='ltr'><strong>(Ι)</strong></span> <span class='ocrx_word' id='word_1_594' title='bbox 3241 3366 3270 3416; x_wconf 88' lang='lat'><strong>6</strong></span> <span class='ocrx_word' id='word_1_595' title='bbox 3296 3366 3610 3430; x_wconf 85' lang='grc' dir='ltr'>ὑπεναντίος</span> <span class='ocrx_word' id='word_1_596' title='bbox 3637 3366 3700 3419; x_wconf 78' lang='grc' dir='ltr'><strong>τδ</strong></span> 
     </span>
    </p>
   </div>
   <div class='ocr_carea' id='block_1_79' title="bbox 2120 3454 3694 3528">
    <p class='ocr_par' dir='ltr' id='par_1_79' title="bbox 2120 3454 3694 3528">
     <span class='ocr_line' id='line_1_79' title="bbox 2120 3454 3694 3528; baseline 0.002 -22"><span class='ocrx_word' id='word_1_597' title='bbox 2120 3454 2290 3525; x_wconf 79' lang='grc' dir='ltr'>ὄνομά</span> <span class='ocrx_word' id='word_1_598' title='bbox 2326 3471 2438 3517; x_wconf 91' lang='grc' dir='ltr'>σου,</span> <span class='ocrx_word' id='word_1_599' title='bbox 2470 3456 2563 3508; x_wconf 72' lang='grc' dir='ltr'><strong>καὶ</strong></span> <span class='ocrx_word' id='word_1_600' title='bbox 2596 3457 2644 3507; x_wconf 86' lang='grc' dir='ltr'><strong>εί</strong></span> <span class='ocrx_word' id='word_1_601' title='bbox 2680 3455 2920 3526; x_wconf 83' lang='grc' dir='ltr'>διαμένει</span> <span class='ocrx_word' id='word_1_602' title='bbox 2952 3457 3030 3519; x_wconf 82' lang='grc' dir='ltr'><strong>είς</strong></span> <span class='ocrx_word' id='word_1_603' title='bbox 3054 3456 3205 3520; x_wconf 84' lang='grc' dir='ltr'>τέλος</span> <span class='ocrx_word' id='word_1_604' title='bbox 3234 3457 3388 3510; x_wconf 87' lang='grc' dir='ltr'>τοῦτο</span> <span class='ocrx_word' id='word_1_605' title='bbox 3422 3457 3694 3528; x_wconf 82' lang='grc' dir='ltr'>πράττων.</span> 
     </span>
    </p>
   </div>
   <div class='ocr_carea' id='block_1_80' title="bbox 2121 3541 3690 3618">
    <p class='ocr_par' dir='ltr' id='par_1_80' title="bbox 2121 3541 3690 3618">
     <span class='ocr_line' id='line_1_80' title="bbox 2121 3541 3690 3618; baseline 0.001 -20"><span class='ocrx_word' id='word_1_606' title='bbox 2121 3541 2232 3599; x_wconf 76' lang='grc' dir='ltr'><strong>Εἶτ’</strong></span> <span class='ocrx_word' id='word_1_607' title='bbox 2259 3545 2564 3610; x_wconf 84' lang='grc' dir='ltr'>ἀκολούθως</span> <span class='ocrx_word' id='word_1_608' title='bbox 2597 3547 2923 3603; x_wconf 81' lang='grc' dir='ltr'>πυνθάνεται</span> <span class='ocrx_word' id='word_1_609' title='bbox 2950 3547 3047 3618; x_wconf 84' lang='grc' dir='ltr'><strong>τὴν</strong></span> <span class='ocrx_word' id='word_1_610' title='bbox 3072 3546 3276 3601; x_wconf 84' lang='grc' dir='ltr'>τούτων</span> <span class='ocrx_word' id='word_1_611' title='bbox 3299 3549 3473 3602; x_wconf 78' lang='grc' dir='ltr'>αἰτίαν</span> <span class='ocrx_word' id='word_1_612' title='bbox 3499 3546 3690 3612; x_wconf 76' lang='grc' dir='ltr'>ἀξιῶνο</span> 
     </span>
    </p>
   </div>
   <div class='ocr_carea' id='block_1_81' title="bbox 2119 3636 3700 3707">
    <p class='ocr_par' dir='ltr' id='par_1_81' title="bbox 2119 3636 3700 3707">
     <span class='ocr_line' id='line_1_81' title="bbox 2119 3636 3700 3707; baseline 0.002 -20"><span class='ocrx_word' id='word_1_613' title='bbox 2119 3636 2202 3688; x_wconf 84' lang='grc' dir='ltr'><strong>διό</strong></span> <span class='ocrx_word' id='word_1_614' title='bbox 2231 3651 2393 3704; x_wconf 86' lang='grc' dir='ltr'>φησιν</span> <span class='ocrx_word' id='word_1_615' title='bbox 2412 3653 2424 3665; x_wconf 76' lang='grc' dir='ltr'><strong>ο</strong></span> <span class='ocrx_word' id='word_1_616' title='bbox 2473 3636 2647 3690; x_wconf 82' lang='grc' dir='ltr'>Ἰνατί</span> <span class='ocrx_word' id='word_1_617' title='bbox 2679 3637 3074 3706; x_wconf 62' lang='grc' dir='ltr'>ἀποστρέφεις</span> <span class='ocrx_word' id='word_1_618' title='bbox 3101 3637 3214 3705; x_wconf 81' lang='grc' dir='ltr'>τὴν</span> <span class='ocrx_word' id='word_1_619' title='bbox 3270 3638 3436 3707; x_wconf 82' lang='grc' dir='ltr'>χεῖρά</span> <span class='ocrx_word' id='word_1_620' title='bbox 3461 3653 3576 3691; x_wconf 90' lang='grc' dir='ltr'><strong>σου</strong></span> <span class='ocrx_word' id='word_1_621' title='bbox 3600 3638 3700 3691; x_wconf 79' lang='grc' dir='ltr'>καὶ</span> 
     </span>
    </p>
   </div>
   <div class='ocr_carea' id='block_1_82' title="bbox 2119 3726 3704 3798">
    <p class='ocr_par' dir='ltr' id='par_1_82' title="bbox 2119 3726 3704 3798">
     <span class='ocr_line' id='line_1_82' title="bbox 2119 3726 3704 3798; baseline 0.003 -17"><span class='ocrx_word' id='word_1_622' title='bbox 2119 3727 2235 3795; x_wconf 75' lang='grc' dir='ltr'>τὴν</span> <span class='ocrx_word' id='word_1_623' title='bbox 2260 3726 2467 3791; x_wconf 76' lang='grc' dir='ltr'>δεξιάν</span> <span class='ocrx_word' id='word_1_624' title='bbox 2485 3743 2602 3782; x_wconf 88' lang='grc' dir='ltr'><strong>σου</strong></span> <span class='ocrx_word' id='word_1_625' title='bbox 2643 3729 2712 3782; x_wconf 81' lang='grc' dir='ltr'>ἐκ</span> <span class='ocrx_word' id='word_1_626' title='bbox 2747 3729 2943 3798; x_wconf 84' lang='grc' dir='ltr'>μέσου</span> <span class='ocrx_word' id='word_1_627' title='bbox 2974 3731 3078 3784; x_wconf 88' lang='grc' dir='ltr'><strong>τοῦ</strong></span> <span class='ocrx_word' id='word_1_628' title='bbox 3107 3731 3340 3784; x_wconf 77' lang='grc' dir='ltr'>κόλπου</span> <span class='ocrx_word' id='word_1_629' title='bbox 3362 3747 3480 3785; x_wconf 91' lang='grc' dir='ltr'><strong>σου</strong></span> <span class='ocrx_word' id='word_1_630' title='bbox 3503 3734 3591 3798; x_wconf 82' lang='grc' dir='ltr'>εὶς</span> <span class='ocrx_word' id='word_1_631' title='bbox 3613 3731 3704 3785; x_wconf 81' lang='grc' dir='ltr'>τέ-</span> 
     </span>
    </p>
   </div>
   <div class='ocr_carea' id='block_1_83' title="bbox 2119 3820 3701 3892">
    <p class='ocr_par' dir='ltr' id='par_1_83' title="bbox 2119 3820 3701 3892">
     <span class='ocr_line' id='line_1_83' title="bbox 2119 3820 3701 3892; baseline 0.001 -18"><span class='ocrx_word' id='word_1_632' title='bbox 2119 3824 2270 3886; x_wconf 81' lang='grc' dir='ltr'>λος;</span> <span class='ocrx_word' id='word_1_633' title='bbox 2309 3821 2372 3873; x_wconf 82' lang='grc' dir='ltr'>Ἦ</span> <span class='ocrx_word' id='word_1_634' title='bbox 2405 3820 2461 3872; x_wconf 82' lang='grc' dir='ltr'><strong>δὲ</strong></span> <span class='ocrx_word' id='word_1_635' title='bbox 2491 3820 2584 3873; x_wconf 86' lang='grc' dir='ltr'><strong>τοῦ</strong></span> <span class='ocrx_word' id='word_1_636' title='bbox 2629 3820 2786 3890; x_wconf 87' lang='grc' dir='ltr'>λόγου</span> <span class='ocrx_word' id='word_1_637' title='bbox 2819 3821 3023 3875; x_wconf 85' lang='grc' dir='ltr'>διάνοια</span> <span class='ocrx_word' id='word_1_638' title='bbox 3055 3822 3242 3874; x_wconf 90' lang='grc' dir='ltr'>τοῦτον</span> <span class='ocrx_word' id='word_1_639' title='bbox 3277 3821 3389 3892; x_wconf 72' lang='grc' dir='ltr'>ἔχει</span> <span class='ocrx_word' id='word_1_640' title='bbox 3427 3823 3519 3876; x_wconf 86' lang='grc' dir='ltr'><strong>τὸν</strong></span> <span class='ocrx_word' id='word_1_641' title='bbox 3542 3821 3701 3876; x_wconf 80' lang='grc' dir='ltr'>νοῦν’</span> 
     </span>
    </p>
   </div>
   <div class='ocr_carea' id='block_1_84' title="bbox 2121 3913 3701 3986">
    <p class='ocr_par' dir='ltr' id='par_1_84' title="bbox 2121 3913 3701 3986">
     <span class='ocr_line' id='line_1_84' title="bbox 2121 3913 3701 3986; baseline 0.001 -20"><span class='ocrx_word' id='word_1_642' title='bbox 2121 3915 2149 3966; x_wconf 93' lang='lat'><strong>6</strong></span> <span class='ocrx_word' id='word_1_643' title='bbox 2172 3915 2368 3978; x_wconf 84' lang='grc' dir='ltr'>κόλπος</span> <span class='ocrx_word' id='word_1_644' title='bbox 2394 3913 2486 3966; x_wconf 90' lang='grc' dir='ltr'><strong>τοῦ</strong></span> <span class='ocrx_word' id='word_1_645' title='bbox 2519 3913 2653 3966; x_wconf 89' lang='grc' dir='ltr'>Θεοῦ</span> <span class='ocrx_word' id='word_1_646' title='bbox 2679 3914 2896 3982; x_wconf 80' lang='grc' dir='ltr'>ἀγαθῶν</span> <span class='ocrx_word' id='word_1_647' title='bbox 2926 3916 3039 3967; x_wconf 79' lang='grc' dir='ltr'>ἐστι</span> <span class='ocrx_word' id='word_1_648' title='bbox 3066 3914 3298 3986; x_wconf 80' lang='grc' dir='ltr'>πλήρης,</span> <span class='ocrx_word' id='word_1_649' title='bbox 3321 3915 3403 3968; x_wconf 81' lang='grc' dir='ltr'><strong>διὸ</strong></span> <span class='ocrx_word' id='word_1_650' title='bbox 3426 3915 3701 3969; x_wconf 85' lang='grc' dir='ltr'>λέλεκται·</span> 
     </span>
    </p>
   </div>
   <div class='ocr_carea' id='block_1_85' title="bbox 2119 4006 3705 4078">
    <p class='ocr_par' dir='ltr' id='par_1_85' title="bbox 2119 4006 3705 4078">
     <span class='ocr_line' id='line_1_85' title="bbox 2119 4006 3705 4078; baseline 0.001 -19"><span class='ocrx_word' id='word_1_651' title='bbox 2119 4006 2467 4076; x_wconf 79' lang='grc' dir='ltr'>Μονογενὴς</span> <span class='ocrx_word' id='word_1_652' title='bbox 2496 4006 2627 4073; x_wconf 81' lang='grc' dir='ltr'><strong>Υἱὸς</strong></span> <span class='ocrx_word' id='word_1_653' title='bbox 2653 4011 2685 4060; x_wconf 89' lang='grc' dir='ltr'><strong>ό</strong></span> <span class='ocrx_word' id='word_1_654' title='bbox 2712 4007 2798 4060; x_wconf 87' lang='grc' dir='ltr'>ὢν</span> <span class='ocrx_word' id='word_1_655' title='bbox 2823 4009 2909 4072; x_wconf 78' lang='grc' dir='ltr'>εἰς</span> <span class='ocrx_word' id='word_1_656' title='bbox 2936 4006 3043 4060; x_wconf 79' lang='grc' dir='ltr'>τὸν</span> <span class='ocrx_word' id='word_1_657' title='bbox 3062 4008 3294 4061; x_wconf 77' lang='grc' dir='ltr'>κόλπον</span> <span class='ocrx_word' id='word_1_658' title='bbox 3317 4007 3424 4061; x_wconf 88' lang='grc' dir='ltr'><strong>τοῦ</strong></span> <span class='ocrx_word' id='word_1_659' title='bbox 3454 4010 3705 4078; x_wconf 83' lang='grc' dir='ltr'>Πατρὸς,</span> 
     </span>
    </p>
   </div>
   <div class='ocr_carea' id='block_1_86' title="bbox 2120 4093 3708 4172">
    <p class='ocr_par' dir='ltr' id='par_1_86' title="bbox 2120 4093 3708 4172">
     <span class='ocr_line' id='line_1_86' title="bbox 2120 4093 3708 4172; baseline 0.001 -21"><span class='ocrx_word' id='word_1_660' title='bbox 2120 4099 2348 4164; x_wconf 80' lang='grc' dir='ltr'>ἐκεῖνος</span> <span class='ocrx_word' id='word_1_661' title='bbox 2376 4097 2739 4168; x_wconf 78' lang='grc' dir='ltr'>ἐξηγήσατο.</span> <span class='ocrx_word' id='word_1_662' title='bbox 2774 4099 2885 4151; x_wconf 74' lang='grc' dir='ltr'><strong>Καὶ</strong></span> <span class='ocrx_word' id='word_1_663' title='bbox 2910 4097 3056 4151; x_wconf 83' lang='grc' dir='ltr'>ἔστιν</span> <span class='ocrx_word' id='word_1_664' title='bbox 3088 4099 3396 4172; x_wconf 76' lang='grc' dir='ltr'>άπόρῤητος</span> <span class='ocrx_word' id='word_1_665' title='bbox 3426 4093 3579 4162; x_wconf 74' lang='grc' dir='ltr'>οὗτος</span> <span class='ocrx_word' id='word_1_666' title='bbox 3607 4101 3708 4170; x_wconf 80' lang='grc' dir='ltr'><strong>τῆς</strong></span> 
     </span>
    </p>
   </div>
   <div class='ocr_carea' id='block_1_87' title="bbox 2133 4188 3703 4261">
    <p class='ocr_par' dir='ltr' id='par_1_87' title="bbox 2133 4188 3703 4261">
     <span class='ocr_line' id='line_1_87' title="bbox 2133 4188 3703 4261; baseline 0.001 -19"><span class='ocrx_word' id='word_1_667' title='bbox 2133 4191 2414 4261; x_wconf 81' lang='grc' dir='ltr'>Πα-τρικῆς</span> <span class='ocrx_word' id='word_1_668' title='bbox 2431 4189 2683 4259; x_wconf 81' lang='grc' dir='ltr'>θεότητος</span> <span class='ocrx_word' id='word_1_669' title='bbox 2715 4188 2986 4260; x_wconf 84' lang='grc' dir='ltr'>θησαυρὸς</span> <span class='ocrx_word' id='word_1_670' title='bbox 3010 4191 3103 4244; x_wconf 73' lang='grc' dir='ltr'>καὶ</span> <span class='ocrx_word' id='word_1_671' title='bbox 3132 4191 3401 4260; x_wconf 84' lang='grc' dir='ltr'>πλήρωμα</span> <span class='ocrx_word' id='word_1_672' title='bbox 3424 4190 3534 4242; x_wconf 88' lang='grc' dir='ltr'><strong>τῶν</strong></span> <span class='ocrx_word' id='word_1_673' title='bbox 3567 4191 3703 4257; x_wconf 79' lang='grc' dir='ltr'>ἀγα-</span> 
     </span>
    </p>
   </div>
   <div class='ocr_carea' id='block_1_88' title="bbox 2121 4273 3705 4350">
    <p class='ocr_par' dir='ltr' id='par_1_88' title="bbox 2121 4273 3705 4350">
     <span class='ocr_line' id='line_1_88' title="bbox 2121 4273 3705 4350; baseline 0.001 -20"><span class='ocrx_word' id='word_1_674' title='bbox 2121 4277 2227 4330; x_wconf 87' lang='grc' dir='ltr'><strong>θῶν</strong></span> <span class='ocrx_word' id='word_1_675' title='bbox 2258 4279 2530 4339; x_wconf 79' lang='grc' dir='ltr'>ἁπάντων,</span> <span class='ocrx_word' id='word_1_676' title='bbox 2554 4277 2611 4344; x_wconf 77' lang='grc' dir='ltr'>ἐξ</span> <span class='ocrx_word' id='word_1_677' title='bbox 2637 4273 2712 4330; x_wconf 84' lang='grc' dir='ltr'>ὦν</span> <span class='ocrx_word' id='word_1_678' title='bbox 2742 4277 2922 4331; x_wconf 81' lang='grc' dir='ltr'>δίδωσι</span> <span class='ocrx_word' id='word_1_679' title='bbox 2957 4279 3024 4331; x_wconf 74' lang='grc' dir='ltr'><strong>τά</strong></span> <span class='ocrx_word' id='word_1_680' title='bbox 3053 4279 3365 4350; x_wconf 83' lang='grc' dir='ltr'>χαρίσματα</span> <span class='ocrx_word' id='word_1_681' title='bbox 3390 4281 3503 4342; x_wconf 88' lang='grc' dir='ltr'>τοῖς</span> <span class='ocrx_word' id='word_1_682' title='bbox 3534 4279 3705 4345; x_wconf 78' lang='grc' dir='ltr'>ἀξίοις</span> 
     </span>
    </p>
   </div>
   <div class='ocr_carea' id='block_1_89' title="bbox 2119 4369 3705 4442">
    <p class='ocr_par' dir='ltr' id='par_1_89' title="bbox 2119 4369 3705 4442">
     <span class='ocr_line' id='line_1_89' title="bbox 2119 4369 3705 4442; baseline 0.001 -20"><span class='ocrx_word' id='word_1_683' title='bbox 2119 4369 2306 4422; x_wconf 85' lang='grc' dir='ltr'>αὐτοῦ.</span> <span class='ocrx_word' id='word_1_684' title='bbox 2343 4370 2494 4422; x_wconf 76' lang='grc' dir='ltr'>Ἐπεὶ</span> <span class='ocrx_word' id='word_1_685' title='bbox 2537 4369 2715 4422; x_wconf 87' lang='grc' dir='ltr'>τοίνυν</span> <span class='ocrx_word' id='word_1_686' title='bbox 2751 4371 2812 4422; x_wconf 78' lang='grc' dir='ltr'>ἐκ</span> <span class='ocrx_word' id='word_1_687' title='bbox 2853 4371 3017 4440; x_wconf 89' lang='grc' dir='ltr'>μέσου</span> <span class='ocrx_word' id='word_1_688' title='bbox 3062 4370 3156 4423; x_wconf 91' lang='grc' dir='ltr'><strong>τοῦ</strong></span> <span class='ocrx_word' id='word_1_689' title='bbox 3203 4371 3403 4424; x_wconf 87' lang='grc' dir='ltr'>κόλπου</span> <span class='ocrx_word' id='word_1_690' title='bbox 3443 4371 3511 4424; x_wconf 78' lang='grc' dir='ltr'><strong>τά</strong></span> <span class='ocrx_word' id='word_1_691' title='bbox 3546 4371 3705 4442; x_wconf 88' lang='grc' dir='ltr'>χαρί-</span> 
     </span>
    </p>
   </div>
   <div class='ocr_carea' id='block_1_90' title="bbox 2121 4461 3706 4535">
    <p class='ocr_par' dir='ltr' id='par_1_90' title="bbox 2121 4461 3706 4535">
     <span class='ocr_line' id='line_1_90' title="bbox 2121 4461 3706 4535; baseline 0.003 -21"><span class='ocrx_word' id='word_1_692' title='bbox 2121 4478 2305 4531; x_wconf 89' lang='grc' dir='ltr'>σματα</span> <span class='ocrx_word' id='word_1_693' title='bbox 2334 4464 2446 4525; x_wconf 82' lang='grc' dir='ltr'>τοῖς</span> <span class='ocrx_word' id='word_1_694' title='bbox 2496 4461 2665 4526; x_wconf 82' lang='grc' dir='ltr'>ἀξίοις</span> <span class='ocrx_word' id='word_1_695' title='bbox 2695 4463 2948 4533; x_wconf 86' lang='grc' dir='ltr'>δωρεῖται</span> <span class='ocrx_word' id='word_1_696' title='bbox 2993 4463 3246 4516; x_wconf 77' lang='grc' dir='ltr'>ἐκτείνων</span> <span class='ocrx_word' id='word_1_697' title='bbox 3275 4465 3354 4527; x_wconf 87' lang='grc' dir='ltr'><strong>είς</strong></span> <span class='ocrx_word' id='word_1_698' title='bbox 3382 4465 3578 4528; x_wconf 74' lang='grc' dir='ltr'>αὐτοὺς</span> <span class='ocrx_word' id='word_1_699' title='bbox 3605 4465 3706 4535; x_wconf 76' lang='grc' dir='ltr'><strong>τὴν</strong></span> 
     </span>
    </p>
   </div>
   <div class='ocr_carea' id='block_1_91' title="bbox 439 4550 2023 4645">
    <p class='ocr_par' dir='ltr' id='par_1_91' title="bbox 439 4551 2011 4626">
     <span class='ocr_line' id='line_1_91' title="bbox 439 4551 2011 4626; baseline 0.008 -22"><span class='ocrx_word' id='word_1_700' title='bbox 439 4551 680 4608; x_wconf 88' lang='lat' dir='ltr'><strong>conditis</strong></span> <span class='ocrx_word' id='word_1_701' title='bbox 726 4552 860 4622; x_wconf 89' lang='lat' dir='ltr'><strong>ipsis</strong></span> <span class='ocrx_word' id='word_1_702' title='bbox 911 4554 1208 4624; x_wconf 86' lang='lat' dir='ltr'><strong>clargitur;</strong></span> <span class='ocrx_word' id='word_1_703' title='bbox 1236 4556 1360 4624; x_wconf 86' lang='lat' dir='ltr'><strong>jure</strong></span> <span class='ocrx_word' id='word_1_704' title='bbox 1409 4558 1745 4626; x_wconf 89' lang='lat' dir='ltr'><strong>sciscitatur,</strong></span> <span class='ocrx_word' id='word_1_705' title='bbox 1777 4561 1965 4619; x_wconf 87' lang='lat' dir='ltr'><strong>dicens</strong></span> <span class='ocrx_word' id='word_1_706' title='bbox 1999 4583 2011 4617; x_wconf 92' lang='lat'><strong>:</strong></span> 
     </span>
    </p>
   </div>
   <div class='ocr_carea' id='block_1_92' title="bbox 2121 4550 3706 4645">
    <p class='ocr_par' dir='ltr' id='par_1_92' title="bbox 2122 4550 3706 4627">
     <span class='ocr_line' id='line_1_92' title="bbox 2122 4550 3706 4627; baseline 0.003 -25"><span class='ocrx_word' id='word_1_707' title='bbox 2122 4550 2314 4603; x_wconf 78' lang='grc' dir='ltr'>ἑαυτοῦ</span> <span class='ocrx_word' id='word_1_708' title='bbox 2341 4550 2541 4616; x_wconf 80' lang='grc' dir='ltr'>δεξιὰν,</span> <span class='ocrx_word' id='word_1_709' title='bbox 2573 4551 2680 4604; x_wconf 86' lang='grc' dir='ltr'><strong>άπὸ</strong></span> <span class='ocrx_word' id='word_1_710' title='bbox 2707 4551 2762 4604; x_wconf 84' lang='grc' dir='ltr'>δὲ</span> <span class='ocrx_word' id='word_1_711' title='bbox 2791 4552 2898 4604; x_wconf 90' lang='grc' dir='ltr'><strong>τῶν</strong></span> <span class='ocrx_word' id='word_1_712' title='bbox 2929 4551 3004 4622; x_wconf 83' lang='grc' dir='ltr'><strong>μὴ</strong></span> <span class='ocrx_word' id='word_1_713' title='bbox 3043 4551 3208 4617; x_wconf 81' lang='grc' dir='ltr'>ἀξίων</span> <span class='ocrx_word' id='word_1_714' title='bbox 3245 4554 3575 4623; x_wconf 76' lang='grc' dir='ltr'>ἀποστρέφει</span> <span class='ocrx_word' id='word_1_715' title='bbox 3605 4555 3706 4627; x_wconf 83' lang='grc' dir='ltr'>τὴν</span> 
     </span>
    </p>
   </div>
   <div class='ocr_carea' id='block_1_93' title="bbox 445 4639 2023 4718">
    <p class='ocr_par' dir='ltr' id='par_1_93' title="bbox 445 4641 2019 4713">
     <span class='ocr_line' id='line_1_93' title="bbox 445 4641 2019 4713; baseline 0.01 -19"><span class='ocrx_word' id='word_1_716' title='bbox 445 4641 638 4713; x_wconf 83' lang='lat' dir='ltr'><strong>thuid</strong></span> <span class='ocrx_word' id='word_1_717' title='bbox 681 4646 871 4697; x_wconf 85' lang='lat' dir='ltr'><strong>avertis</strong></span> <span class='ocrx_word' id='word_1_718' title='bbox 922 4661 1136 4698; x_wconf 87' lang='lat' dir='ltr'><strong>manum</strong></span> <span class='ocrx_word' id='word_1_719' title='bbox 1189 4656 1332 4700; x_wconf 90' lang='lat' dir='ltr'><strong>tuam</strong></span> <span class='ocrx_word' id='word_1_720' title='bbox 1395 4659 1447 4703; x_wconf 92' lang='lat' dir='ltr'><strong>et</strong></span> <span class='ocrx_word' id='word_1_721' title='bbox 1487 4651 1758 4708; x_wconf 76' lang='lat' dir='ltr'><strong>dexteram</strong></span> <span class='ocrx_word' id='word_1_722' title='bbox 1789 4665 1934 4709; x_wconf 90' lang='lat' dir='ltr'><strong>tuam</strong></span> <span class='ocrx_word' id='word_1_723' title='bbox 1957 4658 2019 4711; x_wconf 92' lang='lat' dir='ltr'><strong>de</strong></span> 
     </span>
    </p>
   </div>
   <div class='ocr_carea' id='block_1_94' title="bbox 2121 4639 3709 4718">
    <p class='ocr_par' dir='ltr' id='par_1_94' title="bbox 2121 4639 3709 4718">
     <span class='ocr_line' id='line_1_94' title="bbox 2121 4639 3709 4718; baseline 0.005 -26"><span class='ocrx_word' id='word_1_724' title='bbox 2121 4645 2278 4712; x_wconf 87' lang='grc' dir='ltr'>χεῖρα</span> <span class='ocrx_word' id='word_1_725' title='bbox 2316 4642 2413 4712; x_wconf 84' lang='grc' dir='ltr'><strong>τὴν</strong></span> <span class='ocrx_word' id='word_1_726' title='bbox 2443 4639 2642 4706; x_wconf 78' lang='grc' dir='ltr'>δεξιὰν,</span> <span class='ocrx_word' id='word_1_727' title='bbox 2677 4642 2840 4713; x_wconf 84' lang='grc' dir='ltr'>μηδὲν</span> <span class='ocrx_word' id='word_1_728' title='bbox 2885 4643 3062 4696; x_wconf 85' lang='grc' dir='ltr'>αὐτῶν</span> <span class='ocrx_word' id='word_1_729' title='bbox 3109 4645 3218 4698; x_wconf 88' lang='grc' dir='ltr'><strong>τῶν</strong></span> <span class='ocrx_word' id='word_1_730' title='bbox 3250 4647 3307 4699; x_wconf 87' lang='grc' dir='ltr'>ὲν</span> <span class='ocrx_word' id='word_1_731' title='bbox 3346 4646 3494 4717; x_wconf 80' lang='grc' dir='ltr'>αὐτῷ</span> <span class='ocrx_word' id='word_1_732' title='bbox 3535 4647 3709 4718; x_wconf 82' lang='grc' dir='ltr'>δηλῶ-</span> 
     </span>
    </p>
   </div>
   <div class='ocr_carea' id='block_1_95' title="bbox 441 4734 2016 4816">
    <p class='ocr_par' dir='ltr' id='par_1_95' title="bbox 441 4734 2016 4816">
     <span class='ocr_line' id='line_1_95' title="bbox 441 4734 2016 4816; baseline 0.011 -32"><span class='ocrx_word' id='word_1_733' title='bbox 441 4734 610 4787; x_wconf 85' lang='lat' dir='ltr'><strong>medio</strong></span> <span class='ocrx_word' id='word_1_734' title='bbox 643 4736 763 4789; x_wconf 90' lang='lat' dir='ltr'><strong>sinu</strong></span> <span class='ocrx_word' id='word_1_735' title='bbox 797 4745 885 4788; x_wconf 89' lang='lat' dir='ltr'><strong>tuo</strong></span> <span class='ocrx_word' id='word_1_736' title='bbox 921 4738 973 4789; x_wconf 90' lang='lat' dir='ltr'><strong>in</strong></span> <span class='ocrx_word' id='word_1_737' title='bbox 1001 4738 1202 4806; x_wconf 83' lang='lat' dir='ltr'><strong>ﬁnem?</strong></span> <span class='ocrx_word' id='word_1_738' title='bbox 1230 4738 1579 4812; x_wconf 79' lang='lat' dir='ltr'><strong>Rursumque</strong></span> <span class='ocrx_word' id='word_1_739' title='bbox 1621 4746 1674 4800; x_wconf 92' lang='lat' dir='ltr'><strong>id</strong></span> <span class='ocrx_word' id='word_1_740' title='bbox 1720 4746 1930 4816; x_wconf 86' lang='lat' dir='ltr'><strong>adjicit,</strong></span> <span class='ocrx_word' id='word_1_741' title='bbox 1961 4749 2016 4802; x_wconf 85' lang='lat' dir='ltr'><strong>in</strong></span> 
     </span>
    </p>
   </div>
   <div class='ocr_carea' id='block_1_96' title="bbox 442 4826 2014 4904">
    <p class='ocr_par' dir='ltr' id='par_1_96' title="bbox 442 4826 2014 4904">
     <span class='ocr_line' id='line_1_96' title="bbox 442 4826 2014 4904; baseline 0.01 -27"><span class='ocrx_word' id='word_1_742' title='bbox 442 4826 622 4894; x_wconf 82' lang='lat' dir='ltr'><strong>ﬁnem,</strong></span> <span class='ocrx_word' id='word_1_743' title='bbox 653 4829 996 4898; x_wconf 80' lang='lat' dir='ltr'><strong>signiﬁcans,</strong></span> <span class='ocrx_word' id='word_1_744' title='bbox 1030 4831 1086 4884; x_wconf 91' lang='lat' dir='ltr'><strong>in</strong></span> <span class='ocrx_word' id='word_1_745' title='bbox 1111 4831 1273 4887; x_wconf 87' lang='lat' dir='ltr'><strong>linem</strong></span> <span class='ocrx_word' id='word_1_746' title='bbox 1308 4833 1442 4904; x_wconf 90' lang='lat' dir='ltr'><strong>ipsis</strong></span> <span class='ocrx_word' id='word_1_747' title='bbox 1473 4837 1711 4892; x_wconf 74' lang='lat' dir='ltr'><strong>dextera:</strong></span> <span class='ocrx_word' id='word_1_748' title='bbox 1735 4838 1828 4895; x_wconf 91' lang='lat' dir='ltr'><strong>Dei</strong></span> <span class='ocrx_word' id='word_1_749' title='bbox 1859 4855 2014 4895; x_wconf 86' lang='lat' dir='ltr'><strong>aver-</strong></span> 
     </span>
    </p>
   </div>
   <div class='ocr_carea' id='block_1_97' title="bbox 443 4917 2013 4997">
    <p class='ocr_par' dir='ltr' id='par_1_97' title="bbox 443 4917 2013 4997">
     <span class='ocr_line' id='line_1_97' title="bbox 443 4917 2013 4997; baseline 0.011 -27"><span class='ocrx_word' id='word_1_750' title='bbox 443 4917 651 4970; x_wconf 91' lang='lat' dir='ltr'><strong>sionem</strong></span> <span class='ocrx_word' id='word_1_751' title='bbox 688 4917 926 4973; x_wconf 82' lang='lat' dir='ltr'><strong>futuram</strong></span> <span class='ocrx_word' id='word_1_752' title='bbox 955 4938 1098 4978; x_wconf 90' lang='lat' dir='ltr'><strong>esse.</strong></span> <span class='ocrx_word' id='word_1_753' title='bbox 1146 4923 1577 4997; x_wconf 85' lang='lat' dir='ltr'><strong>lnterrogatione</strong></span> <span class='ocrx_word' id='word_1_754' title='bbox 1603 4937 1783 4984; x_wconf 89' lang='lat' dir='ltr'><strong>autem</strong></span> <span class='ocrx_word' id='word_1_755' title='bbox 1815 4947 1916 4986; x_wconf 92' lang='lat' dir='ltr'><strong>nos</strong></span> <span class='ocrx_word' id='word_1_756' title='bbox 1946 4934 2013 4987; x_wconf 90' lang='lat' dir='ltr'><strong>ad</strong></span> 
     </span>
    </p>
   </div>
   <div class='ocr_carea' id='block_1_98' title="bbox 439 5011 2015 5092">
    <p class='ocr_par' dir='ltr' id='par_1_98' title="bbox 439 5011 2015 5092">
     <span class='ocr_line' id='line_1_98' title="bbox 439 5011 2015 5092; baseline 0.011 -31"><span class='ocrx_word' id='word_1_757' title='bbox 439 5022 664 5062; x_wconf 87' lang='lat' dir='ltr'><strong>causam</strong></span> <span class='ocrx_word' id='word_1_758' title='bbox 689 5011 1109 5079; x_wconf 86' lang='lat' dir='ltr'><strong>perquirendam</strong></span> <span class='ocrx_word' id='word_1_759' title='bbox 1148 5015 1378 5083; x_wconf 87' lang='lat' dir='ltr'><strong>invitat;</strong></span> <span class='ocrx_word' id='word_1_760' title='bbox 1419 5027 1478 5073; x_wconf 93' lang='lat' dir='ltr'><strong>ut</strong></span> <span class='ocrx_word' id='word_1_761' title='bbox 1507 5036 1818 5089; x_wconf 64' lang='lat' dir='ltr'><strong>quaeramus</strong></span> <span class='ocrx_word' id='word_1_762' title='bbox 1845 5039 2015 5092; x_wconf 89' lang='lat' dir='ltr'><strong>quare</strong></span> 
     </span>
    </p>
   </div>
   <div class='ocr_carea' id='block_1_99' title="bbox 441 5096 2012 5183">
    <p class='ocr_par' dir='ltr' id='par_1_99' title="bbox 441 5096 2012 5183">
     <span class='ocr_line' id='line_1_99' title="bbox 441 5096 2012 5183; baseline 0.012 -33"><span class='ocrx_word' id='word_1_763' title='bbox 441 5096 521 5151; x_wconf 85' lang='lat' dir='ltr'><strong>illi</strong></span> <span class='ocrx_word' id='word_1_764' title='bbox 548 5099 602 5152; x_wconf 89' lang='lat' dir='ltr'><strong>in</strong></span> <span class='ocrx_word' id='word_1_765' title='bbox 636 5100 796 5155; x_wconf 89' lang='lat' dir='ltr'><strong>linem</strong></span> <span class='ocrx_word' id='word_1_766' title='bbox 830 5102 1027 5171; x_wconf 89' lang='lat' dir='ltr'><strong>abjecti</strong></span> <span class='ocrx_word' id='word_1_767' title='bbox 1053 5105 1186 5158; x_wconf 90' lang='lat' dir='ltr'><strong>sint.</strong></span> <span class='ocrx_word' id='word_1_768' title='bbox 1213 5105 1346 5162; x_wconf 88' lang='lat' dir='ltr'><strong>Nam</strong></span> <span class='ocrx_word' id='word_1_769' title='bbox 1383 5109 1428 5163; x_wconf 92' lang='lat' dir='ltr'><strong>si</strong></span> <span class='ocrx_word' id='word_1_770' title='bbox 1464 5111 1590 5179; x_wconf 92' lang='lat' dir='ltr'><strong>quis</strong></span> <span class='ocrx_word' id='word_1_771' title='bbox 1608 5127 1704 5166; x_wconf 92' lang='lat' dir='ltr'><strong>eos</strong></span> <span class='ocrx_word' id='word_1_772' title='bbox 1730 5113 1797 5167; x_wconf 91' lang='lat' dir='ltr'><strong>de</strong></span> <span class='ocrx_word' id='word_1_773' title='bbox 1817 5129 2012 5183; x_wconf 88' lang='lat' dir='ltr'><strong>pecca-</strong></span> 
     </span>
    </p>
   </div>
   <div class='ocr_carea' id='block_1_100' title="bbox 440 5191 2015 5264">
    <p class='ocr_par' dir='ltr' id='par_1_100' title="bbox 440 5191 2015 5264">
     <span class='ocr_line' id='line_1_100' title="bbox 440 5191 2015 5264; baseline 0.01 -22"><span class='ocrx_word' id='word_1_774' title='bbox 440 5197 497 5242; x_wconf 91' lang='lat' dir='ltr'><strong>to</strong></span> <span class='ocrx_word' id='word_1_775' title='bbox 523 5198 579 5244; x_wconf 91' lang='lat' dir='ltr'><strong>et</strong></span> <span class='ocrx_word' id='word_1_776' title='bbox 617 5191 903 5262; x_wconf 88' lang='lat' dir='ltr'><strong>iniquitate</strong></span> <span class='ocrx_word' id='word_1_777' title='bbox 947 5194 1301 5264; x_wconf 88' lang='lat' dir='ltr'><strong>incusavcrit,</strong></span> <span class='ocrx_word' id='word_1_778' title='bbox 1333 5207 1389 5253; x_wconf 90' lang='lat' dir='ltr'><strong>at</strong></span> <span class='ocrx_word' id='word_1_779' title='bbox 1426 5201 1630 5257; x_wconf 89' lang='lat' dir='ltr'><strong>scimus</strong></span> <span class='ocrx_word' id='word_1_780' title='bbox 1651 5203 1778 5258; x_wconf 91' lang='lat' dir='ltr'><strong>olim</strong></span> <span class='ocrx_word' id='word_1_781' title='bbox 1817 5203 2015 5260; x_wconf 90' lang='lat' dir='ltr'><strong>similia</strong></span> 
     </span>
    </p>
   </div>
   <div class='ocr_carea' id='block_1_101' title="bbox 441 5281 2014 5360">
    <p class='ocr_par' dir='ltr' id='par_1_101' title="bbox 441 5281 2014 5360">
     <span class='ocr_line' id='line_1_101' title="bbox 441 5281 2014 5360; baseline 0.01 -24"><span class='ocrx_word' id='word_1_782' title='bbox 441 5297 566 5336; x_wconf 92' lang='lat' dir='ltr'><strong>cum</strong></span> <span class='ocrx_word' id='word_1_783' title='bbox 598 5281 857 5340; x_wconf 77' lang='lat' dir='ltr'><strong>fecissent</strong></span> <span class='ocrx_word' id='word_1_784' title='bbox 878 5301 987 5340; x_wconf 92' lang='lat' dir='ltr'><strong>non</strong></span> <span class='ocrx_word' id='word_1_785' title='bbox 1011 5286 1066 5339; x_wconf 92' lang='lat' dir='ltr'><strong>in</strong></span> <span class='ocrx_word' id='word_1_786' title='bbox 1097 5286 1255 5342; x_wconf 80' lang='lat' dir='ltr'><strong>linem</strong></span> <span class='ocrx_word' id='word_1_787' title='bbox 1283 5291 1528 5360; x_wconf 83' lang='lat' dir='ltr'><strong>abjectos</strong></span> <span class='ocrx_word' id='word_1_788' title='bbox 1557 5292 1726 5349; x_wconf 83' lang='lat' dir='ltr'><strong>fuisse</strong></span> <span class='ocrx_word' id='word_1_789' title='bbox 1757 5313 1770 5350; x_wconf 93' lang='lat'><strong>:</strong></span> <span class='ocrx_word' id='word_1_790' title='bbox 1805 5295 2014 5351; x_wconf 85' lang='lat' dir='ltr'><strong>inﬂnita</strong></span> 
     </span>
    </p>
   </div>
   <div class='ocr_carea' id='block_1_102' title="bbox 460 5373 2016 5452">
    <p class='ocr_par' dir='ltr' id='par_1_102' title="bbox 460 5373 2016 5452">
     <span class='ocr_line' id='line_1_102' title="bbox 460 5373 2016 5452; baseline 0.01 -27"><span class='ocrx_word' id='word_1_791' title='bbox 460 5373 640 5444; x_wconf 76' lang='lat' dir='ltr'><strong>utippe</strong></span> <span class='ocrx_word' id='word_1_792' title='bbox 679 5382 734 5430; x_wconf 89' lang='lat' dir='ltr'><strong>et</strong></span> <span class='ocrx_word' id='word_1_793' title='bbox 764 5376 977 5432; x_wconf 79' lang='lat' dir='ltr'><strong>nefaria</strong></span> <span class='ocrx_word' id='word_1_794' title='bbox 1022 5393 1214 5434; x_wconf 90' lang='lat' dir='ltr'><strong>eorum</strong></span> <span class='ocrx_word' id='word_1_795' title='bbox 1246 5397 1433 5452; x_wconf 88' lang='lat' dir='ltr'><strong>opera,</strong></span> <span class='ocrx_word' id='word_1_796' title='bbox 1467 5383 1754 5448; x_wconf 87' lang='lat' dir='ltr'><strong>adulteria,</strong></span> <span class='ocrx_word' id='word_1_797' title='bbox 1789 5385 2016 5440; x_wconf 89' lang='lat' dir='ltr'><strong>idolola-</strong></span> 
     </span>
    </p>
   </div>
   <div class='ocr_carea' id='block_1_103' title="bbox 441 5465 2012 5546">
    <p class='ocr_par' dir='ltr' id='par_1_103' title="bbox 441 5465 2012 5546">
     <span class='ocr_line' id='line_1_103' title="bbox 441 5465 2012 5546; baseline 0.011 -30"><span class='ocrx_word' id='word_1_798' title='bbox 441 5465 620 5527; x_wconf 85' lang='lat' dir='ltr'><strong>triam,</strong></span> <span class='ocrx_word' id='word_1_799' title='bbox 674 5468 1062 5536; x_wconf 86' lang='lat' dir='ltr'><strong>pr0phetarum</strong></span> <span class='ocrx_word' id='word_1_800' title='bbox 1109 5471 1286 5527; x_wconf 69' lang='lat' dir='ltr'><strong>credes</strong></span> <span class='ocrx_word' id='word_1_801' title='bbox 1345 5483 1668 5531; x_wconf 88' lang='lat' dir='ltr'><strong>enumerant</strong></span> <span class='ocrx_word' id='word_1_802' title='bbox 1711 5479 2012 5546; x_wconf 86' lang='lat' dir='ltr'><strong>prophetici</strong></span> 
     </span>
    </p>
   </div>
   <div class='ocr_carea' id='block_1_104' title="bbox 441 5559 2007 5629">
    <p class='ocr_par' dir='ltr' id='par_1_104' title="bbox 441 5559 2007 5629">
     <span class='ocr_line' id='line_1_104' title="bbox 441 5559 2007 5629; baseline 0.01 -21"><span class='ocrx_word' id='word_1_803' title='bbox 441 5569 753 5624; x_wconf 84' lang='lat' dir='ltr'><strong>sermones;</strong></span> <span class='ocrx_word' id='word_1_804' title='bbox 782 5559 879 5612; x_wconf 88' lang='lat' dir='ltr'><strong>sed</strong></span> <span class='ocrx_word' id='word_1_805' title='bbox 914 5577 1194 5629; x_wconf 89' lang='lat' dir='ltr'><strong>nunquam</strong></span> <span class='ocrx_word' id='word_1_806' title='bbox 1241 5564 1294 5617; x_wconf 92' lang='lat' dir='ltr'><strong>in</strong></span> <span class='ocrx_word' id='word_1_807' title='bbox 1330 5566 1491 5620; x_wconf 85' lang='lat' dir='ltr'><strong>linem</strong></span> <span class='ocrx_word' id='word_1_808' title='bbox 1544 5568 1791 5624; x_wconf 84' lang='lat' dir='ltr'><strong>derelicti</strong></span> <span class='ocrx_word' id='word_1_809' title='bbox 1836 5581 1962 5624; x_wconf 87' lang='lat' dir='ltr'><strong>sunt</strong></span> <span class='ocrx_word' id='word_1_810' title='bbox 1997 5589 2007 5623; x_wconf 91' lang='lat'><strong>:</strong></span> 
     </span>
    </p>
   </div>
   <div class='ocr_carea' id='block_1_105' title="bbox 446 5643 2013 5763">
    <p class='ocr_par' dir='ltr' id='par_1_105' title="bbox 446 5643 2013 5763">
     <span class='ocr_line' id='line_1_105' title="bbox 446 5643 2013 5763; baseline 0.012 -69"><span class='ocrx_word' id='word_1_811' title='bbox 446 5643 717 5763; x_wconf 53' lang='grc' dir='ltr'>ρι’ζξιιιριιε</span> <span class='ocrx_word' id='word_1_812' title='bbox 749 5663 968 5717; x_wconf 84' lang='lat' dir='ltr'><strong>quoque</strong></span> <span class='ocrx_word' id='word_1_813' title='bbox 1010 5651 1142 5719; x_wconf 89' lang='lat' dir='ltr'><strong>ipsis</strong></span> <span class='ocrx_word' id='word_1_814' title='bbox 1169 5693 1180 5716; x_wconf 88' lang='lat'><strong>,</strong></span> <span class='ocrx_word' id='word_1_815' title='bbox 1209 5655 1309 5708; x_wconf 74' lang='lat' dir='ltr'><strong>etsi</strong></span> <span class='ocrx_word' id='word_1_816' title='bbox 1347 5657 1471 5710; x_wconf 88' lang='lat' dir='ltr'><strong>talia</strong></span> <span class='ocrx_word' id='word_1_817' title='bbox 1525 5658 1888 5726; x_wconf 84' lang='lat' dir='ltr'><strong>patrantibus,</strong></span> <span class='ocrx_word' id='word_1_818' title='bbox 1919 5661 2013 5714; x_wconf 87' lang='lat' dir='ltr'><strong>ad-</strong></span> 
     </span>
     <span class='ocr_line' id='line_1_106' title="bbox 603 5735 943 5763; baseline 0 0"><span class='ocrx_word' id='word_1_819' title='bbox 603 5735 726 5763; x_wconf 72' lang='lat' dir='ltr'><strong>Innn</strong></span> <span class='ocrx_word' id='word_1_820' title='bbox 788 5751 803 5763; x_wconf 81' lang='grc' dir='ltr'><strong>Ι</strong></span> <span class='ocrx_word' id='word_1_821' title='bbox 879 5738 943 5763; x_wconf 82' lang='grc' dir='ltr'><strong>ιο</strong></span> 
     </span>
    </p>
   </div>
   <div class='ocr_carea' id='block_1_106' title="bbox 426 5735 964 5799">
    <p class='ocr_par' dir='ltr' id='par_1_106' title="bbox 426 5735 964 5799">
     <span class='ocr_line' id='line_1_107' title="bbox 426 5735 964 5799; baseline 0.019 -17"><span class='ocrx_word' id='word_1_822' title='bbox 426 5740 440 5755; x_wconf 60' lang='grc'><strong>⁵</strong></span> <span class='ocrx_word' id='word_1_823' title='bbox 509 5735 556 5763; x_wconf 79' lang='grc'><strong><em>³⁵</em></strong></span> <span class='ocrx_word' id='word_1_824' title='bbox 591 5735 749 5788; x_wconf 84' lang='lat' dir='ltr'><strong>.loan.</strong></span> <span class='ocrx_word' id='word_1_825' title='bbox 788 5751 842 5799; x_wconf 86' lang='grc' dir='ltr'><strong>ι,</strong></span> <span class='ocrx_word' id='word_1_826' title='bbox 879 5738 964 5791; x_wconf 82' lang='grc'><strong>18.</strong></span> 
     </span>
    </p>
   </div>
   <div class='ocr_carea' id='block_1_107' title="bbox 2119 4734 3703 4810">
    <p class='ocr_par' dir='ltr' id='par_1_107' title="bbox 2119 4734 3703 4810">
     <span class='ocr_line' id='line_1_108' title="bbox 2119 4734 3703 4810; baseline 0.003 -22"><span class='ocrx_word' id='word_1_827' title='bbox 2119 4734 2266 4788; x_wconf 84' lang='grc' dir='ltr'>θέντι</span> <span class='ocrx_word' id='word_1_828' title='bbox 2321 4735 2505 4804; x_wconf 83' lang='grc' dir='ltr'>κόλπῳ</span> <span class='ocrx_word' id='word_1_829' title='bbox 2563 4735 3006 4805; x_wconf 85' lang='grc' dir='ltr'>τεταμιευμένων</span> <span class='ocrx_word' id='word_1_830' title='bbox 3059 4737 3277 4805; x_wconf 83' lang='grc' dir='ltr'>ἀγαθῶν</span> <span class='ocrx_word' id='word_1_831' title='bbox 3332 4739 3703 4810; x_wconf 81' lang='grc' dir='ltr'>δωρούμενος·</span> 
     </span>
    </p>
   </div>
   <div class='ocr_carea' id='block_1_108' title="bbox 2119 4825 3709 4899">
    <p class='ocr_par' dir='ltr' id='par_1_108' title="bbox 2119 4825 3709 4899">
     <span class='ocr_line' id='line_1_109' title="bbox 2119 4825 3709 4899; baseline 0.003 -22"><span class='ocrx_word' id='word_1_832' title='bbox 2119 4825 2340 4888; x_wconf 88' lang='grc' dir='ltr'>εἰκότως</span> <span class='ocrx_word' id='word_1_833' title='bbox 2418 4825 2741 4880; x_wconf 83' lang='grc' dir='ltr'>πυνθάνεται</span> <span class='ocrx_word' id='word_1_834' title='bbox 2791 4826 2990 4894; x_wconf 85' lang='grc' dir='ltr'>λέγων·</span> <span class='ocrx_word' id='word_1_835' title='bbox 3059 4828 3231 4881; x_wconf 85' lang='grc' dir='ltr'>Ἰνατί</span> <span class='ocrx_word' id='word_1_836' title='bbox 3304 4830 3709 4899; x_wconf 56' lang='grc' dir='ltr'>ἀποστρέφεις</span> 
     </span>
    </p>
   </div>
   <div class='ocr_carea' id='block_1_109' title="bbox 2117 4915 3708 4989">
    <p class='ocr_par' dir='ltr' id='par_1_109' title="bbox 2117 4915 3708 4989">
     <span class='ocr_line' id='line_1_110' title="bbox 2117 4915 3708 4989; baseline 0.004 -21"><span class='ocrx_word' id='word_1_837' title='bbox 2117 4915 2234 4983; x_wconf 80' lang='grc' dir='ltr'>τὴν</span> <span class='ocrx_word' id='word_1_838' title='bbox 2257 4916 2424 4985; x_wconf 64' lang='grc' dir='ltr'>χεῖρά</span> <span class='ocrx_word' id='word_1_839' title='bbox 2454 4932 2570 4970; x_wconf 88' lang='grc' dir='ltr'><strong>σου</strong></span> <span class='ocrx_word' id='word_1_840' title='bbox 2599 4918 2693 4970; x_wconf 71' lang='grc' dir='ltr'><strong>καί</strong></span> <span class='ocrx_word' id='word_1_841' title='bbox 2721 4917 2836 4985; x_wconf 84' lang='grc' dir='ltr'>τὴν</span> <span class='ocrx_word' id='word_1_842' title='bbox 2875 4919 3083 4982; x_wconf 76' lang='grc' dir='ltr'>δεξιάν</span> <span class='ocrx_word' id='word_1_843' title='bbox 3121 4935 3239 4973; x_wconf 87' lang='grc' dir='ltr'><strong>σου</strong></span> <span class='ocrx_word' id='word_1_844' title='bbox 3274 4920 3342 4973; x_wconf 83' lang='grc' dir='ltr'>ἐκ</span> <span class='ocrx_word' id='word_1_845' title='bbox 3370 4922 3566 4989; x_wconf 83' lang='grc' dir='ltr'>μέσου</span> <span class='ocrx_word' id='word_1_846' title='bbox 3599 4921 3708 4975; x_wconf 82' lang='grc' dir='ltr'><strong>τοῦ</strong></span> 
     </span>
    </p>
   </div>
   <div class='ocr_carea' id='block_1_110' title="bbox 2119 5011 3704 5084">
    <p class='ocr_par' dir='ltr' id='par_1_110' title="bbox 2119 5011 3704 5084">
     <span class='ocr_line' id='line_1_111' title="bbox 2119 5011 3704 5084; baseline 0.003 -23"><span class='ocrx_word' id='word_1_847' title='bbox 2119 5011 2348 5063; x_wconf 70' lang='grc' dir='ltr'>κόλπου</span> <span class='ocrx_word' id='word_1_848' title='bbox 2390 5023 2505 5064; x_wconf 88' lang='grc' dir='ltr'><strong>σου</strong></span> <span class='ocrx_word' id='word_1_849' title='bbox 2548 5013 2634 5076; x_wconf 83' lang='grc' dir='ltr'>εἰς</span> <span class='ocrx_word' id='word_1_850' title='bbox 2676 5011 2880 5077; x_wconf 49' lang='grc' dir='ltr'>τέλος</span> <span class='ocrx_word' id='word_1_851' title='bbox 2916 5013 3025 5064; x_wconf 74' lang='grc' dir='ltr'>Καὶ</span> <span class='ocrx_word' id='word_1_852' title='bbox 3071 5012 3231 5065; x_wconf 84' lang='grc' dir='ltr'>πάλιν</span> <span class='ocrx_word' id='word_1_853' title='bbox 3268 5013 3589 5084; x_wconf 87' lang='grc' dir='ltr'>προστίθησι</span> <span class='ocrx_word' id='word_1_854' title='bbox 3622 5013 3704 5077; x_wconf 86' lang='grc' dir='ltr'><strong>τὺ,</strong></span> 
     </span>
    </p>
   </div>
   <div class='ocr_carea' id='block_1_111' title="bbox 2117 5101 3705 5176">
    <p class='ocr_par' dir='ltr' id='par_1_111' title="bbox 2117 5101 3705 5176">
     <span class='ocr_line' id='line_1_112' title="bbox 2117 5101 3705 5176; baseline 0.003 -22"><span class='ocrx_word' id='word_1_855' title='bbox 2117 5105 2203 5167; x_wconf 74' lang='grc' dir='ltr'><strong>είς</strong></span> <span class='ocrx_word' id='word_1_856' title='bbox 2244 5101 2437 5166; x_wconf 72' lang='grc' dir='ltr'>τέλος,</span> <span class='ocrx_word' id='word_1_857' title='bbox 2476 5104 2774 5174; x_wconf 85' lang='grc' dir='ltr'>σημαίνων.</span> <span class='ocrx_word' id='word_1_858' title='bbox 2815 5103 2890 5166; x_wconf 86' lang='grc' dir='ltr'>ὡς</span> <span class='ocrx_word' id='word_1_859' title='bbox 2933 5105 3249 5176; x_wconf 79' lang='grc' dir='ltr'>ἀποστροφὴ</span> <span class='ocrx_word' id='word_1_860' title='bbox 3289 5106 3386 5175; x_wconf 84' lang='grc' dir='ltr'>τῆς</span> <span class='ocrx_word' id='word_1_861' title='bbox 3429 5106 3524 5158; x_wconf 85' lang='grc' dir='ltr'><strong>τοῦ</strong></span> <span class='ocrx_word' id='word_1_862' title='bbox 3566 5107 3705 5160; x_wconf 88' lang='grc' dir='ltr'>Θεοῦ</span> 
     </span>
    </p>
   </div>
   <div class='ocr_carea' id='block_1_112' title="bbox 2118 5193 3704 5270">
    <p class='ocr_par' dir='ltr' id='par_1_112' title="bbox 2118 5193 3704 5270">
     <span class='ocr_line' id='line_1_113' title="bbox 2118 5193 3704 5270; baseline 0.003 -24"><span class='ocrx_word' id='word_1_863' title='bbox 2118 5193 2294 5260; x_wconf 77' lang='grc' dir='ltr'>δεξιᾶς</span> <span class='ocrx_word' id='word_1_864' title='bbox 2328 5195 2406 5257; x_wconf 78' lang='grc' dir='ltr'><strong>είς</strong></span> <span class='ocrx_word' id='word_1_865' title='bbox 2431 5194 2580 5258; x_wconf 83' lang='grc' dir='ltr'>τέλος</span> <span class='ocrx_word' id='word_1_866' title='bbox 2613 5194 2761 5248; x_wconf 80' lang='grc' dir='ltr'>ἔσται</span> <span class='ocrx_word' id='word_1_867' title='bbox 2807 5196 3006 5258; x_wconf 74' lang='grc' dir='ltr'>αὐτοῖς.</span> <span class='ocrx_word' id='word_1_868' title='bbox 3044 5196 3142 5249; x_wconf 87' lang='grc' dir='ltr'><strong>Διὰ</strong></span> <span class='ocrx_word' id='word_1_869' title='bbox 3170 5197 3226 5248; x_wconf 81' lang='grc' dir='ltr'>δὲ</span> <span class='ocrx_word' id='word_1_870' title='bbox 3257 5197 3355 5267; x_wconf 84' lang='grc' dir='ltr'><strong>τῆς</strong></span> <span class='ocrx_word' id='word_1_871' title='bbox 3382 5199 3704 5270; x_wconf 77' lang='grc' dir='ltr'>ἐρωτήσεως</span> 
     </span>
    </p>
   </div>
   <div class='ocr_carea' id='block_1_113' title="bbox 2119 5285 3700 5358">
    <p class='ocr_par' dir='ltr' id='par_1_113' title="bbox 2119 5285 3700 5358">
     <span class='ocr_line' id='line_1_114' title="bbox 2119 5285 3700 5358; baseline 0.001 -19"><span class='ocrx_word' id='word_1_872' title='bbox 2119 5285 2210 5339; x_wconf 73' lang='grc' dir='ltr'>ἐπὶ</span> <span class='ocrx_word' id='word_1_873' title='bbox 2251 5285 2347 5357; x_wconf 81' lang='grc' dir='ltr'>τὴν</span> <span class='ocrx_word' id='word_1_874' title='bbox 2389 5285 2615 5356; x_wconf 81' lang='grc' dir='ltr'>ζήτησιν</span> <span class='ocrx_word' id='word_1_875' title='bbox 2662 5286 2759 5356; x_wconf 83' lang='grc' dir='ltr'><strong>τῆς</strong></span> <span class='ocrx_word' id='word_1_876' title='bbox 2805 5286 2982 5350; x_wconf 77' lang='grc' dir='ltr'>αἰτίας</span> <span class='ocrx_word' id='word_1_877' title='bbox 3027 5287 3173 5357; x_wconf 80' lang='grc' dir='ltr'>ἡμᾶς</span> <span class='ocrx_word' id='word_1_878' title='bbox 3217 5287 3492 5358; x_wconf 84' lang='grc' dir='ltr'>διεγείρει,</span> <span class='ocrx_word' id='word_1_879' title='bbox 3526 5288 3600 5352; x_wconf 79' lang='grc' dir='ltr'>ὡς</span> <span class='ocrx_word' id='word_1_880' title='bbox 3633 5288 3700 5342; x_wconf 82' lang='grc' dir='ltr'>ἂν</span> 
     </span>
    </p>
   </div>
   <div class='ocr_carea' id='block_1_114' title="bbox 2119 5375 3700 5447">
    <p class='ocr_par' dir='ltr' id='par_1_114' title="bbox 2119 5375 3700 5447">
     <span class='ocr_line' id='line_1_115' title="bbox 2119 5375 3700 5447; baseline 0.002 -18"><span class='ocrx_word' id='word_1_881' title='bbox 2119 5375 2344 5447; x_wconf 77' lang='grc' dir='ltr'>ζητήσαι</span> <span class='ocrx_word' id='word_1_882' title='bbox 2356 5393 2452 5446; x_wconf 86' lang='grc' dir='ltr'><strong>μεν</strong></span> <span class='ocrx_word' id='word_1_883' title='bbox 2481 5377 2532 5428; x_wconf 87' lang='grc' dir='ltr'><strong>τί</strong></span> <span class='ocrx_word' id='word_1_884' title='bbox 2565 5377 2624 5428; x_wconf 85' lang='grc' dir='ltr'><strong>τὸ</strong></span> <span class='ocrx_word' id='word_1_885' title='bbox 2660 5376 2828 5429; x_wconf 79' lang='grc' dir='ltr'>αἴτιον</span> <span class='ocrx_word' id='word_1_886' title='bbox 2859 5378 3146 5447; x_wconf 81' lang='grc' dir='ltr'>γεγένηται</span> <span class='ocrx_word' id='word_1_887' title='bbox 3173 5377 3267 5430; x_wconf 87' lang='grc' dir='ltr'><strong>τοῦ</strong></span> <span class='ocrx_word' id='word_1_888' title='bbox 3306 5381 3384 5442; x_wconf 83' lang='grc' dir='ltr'>εἰς</span> <span class='ocrx_word' id='word_1_889' title='bbox 3418 5379 3566 5442; x_wconf 83' lang='grc' dir='ltr'>τέλος</span> <span class='ocrx_word' id='word_1_890' title='bbox 3600 5380 3700 5432; x_wconf 79' lang='grc' dir='ltr'><strong>αὖ·</strong></span> 
     </span>
    </p>
   </div>
   <div class='ocr_carea' id='block_1_115' title="bbox 2116 5467 3696 5539">
    <p class='ocr_par' dir='ltr' id='par_1_115' title="bbox 2116 5467 3696 5539">
     <span class='ocr_line' id='line_1_116' title="bbox 2116 5467 3696 5539; baseline 0.002 -21"><span class='ocrx_word' id='word_1_891' title='bbox 2116 5469 2242 5529; x_wconf 80' lang='grc' dir='ltr'>τοὺς</span> <span class='ocrx_word' id='word_1_892' title='bbox 2275 5467 2668 5536; x_wconf 81' lang='grc' dir='ltr'>ἁποϐληθῆναι.</span> <span class='ocrx_word' id='word_1_893' title='bbox 2711 5469 2772 5520; x_wconf 84' lang='grc' dir='ltr'>Εἰ</span> <span class='ocrx_word' id='word_1_894' title='bbox 2821 5467 2918 5538; x_wconf 83' lang='grc' dir='ltr'><strong>μὲν</strong></span> <span class='ocrx_word' id='word_1_895' title='bbox 2947 5469 3057 5538; x_wconf 76' lang='grc' dir='ltr'><strong>γάρ</strong></span> <span class='ocrx_word' id='word_1_896' title='bbox 3095 5469 3363 5539; x_wconf 83' lang='grc' dir='ltr'>ἁμαρτίας</span> <span class='ocrx_word' id='word_1_897' title='bbox 3397 5471 3491 5524; x_wconf 71' lang='grc' dir='ltr'>καὶ</span> <span class='ocrx_word' id='word_1_898' title='bbox 3519 5487 3696 5539; x_wconf 83' lang='grc' dir='ltr'>παρα-</span> 
     </span>
    </p>
   </div>
   <div class='ocr_carea' id='block_1_116' title="bbox 2119 5555 3699 5626">
    <p class='ocr_par' dir='ltr' id='par_1_116' title="bbox 2119 5555 3699 5626">
     <span class='ocr_line' id='line_1_117' title="bbox 2119 5555 3699 5626; baseline 0.001 -18"><span class='ocrx_word' id='word_1_899' title='bbox 2119 5556 2309 5626; x_wconf 78' lang='grc' dir='ltr'>νομίας</span> <span class='ocrx_word' id='word_1_900' title='bbox 2342 5556 2644 5608; x_wconf 85' lang='grc' dir='ltr'>αἰτιάσαιτό</span> <span class='ocrx_word' id='word_1_901' title='bbox 2677 5574 2776 5618; x_wconf 85' lang='grc' dir='ltr'>τις,</span> <span class='ocrx_word' id='word_1_902' title='bbox 2805 5555 2938 5608; x_wconf 69' lang='grc' dir='ltr'>ἀλλὰ</span> <span class='ocrx_word' id='word_1_903' title='bbox 2977 5558 3068 5609; x_wconf 72' lang='grc' dir='ltr'><strong>καὶ</strong></span> <span class='ocrx_word' id='word_1_904' title='bbox 3097 5557 3260 5608; x_wconf 74' lang='grc' dir='ltr'>πάλαι</span> <span class='ocrx_word' id='word_1_905' title='bbox 3294 5556 3515 5608; x_wconf 79' lang='grc' dir='ltr'>τοιαῦτα</span> <span class='ocrx_word' id='word_1_906' title='bbox 3556 5557 3699 5626; x_wconf 82' lang='grc' dir='ltr'>πρά-</span> 
     </span>
    </p>
   </div>
   <div class='ocr_carea' id='block_1_117' title="bbox 2123 5646 3696 5716">
    <p class='ocr_par' dir='ltr' id='par_1_117' title="bbox 2123 5646 3696 5716">
     <span class='ocr_line' id='line_1_118' title="bbox 2123 5646 3696 5716; baseline 0.001 -16"><span class='ocrx_word' id='word_1_907' title='bbox 2123 5648 2315 5712; x_wconf 60' lang='lat' dir='ltr'><strong>invita;</strong></span> <span class='ocrx_word' id='word_1_908' title='bbox 2343 5647 2532 5707; x_wconf 69' lang='grc' dir='ltr'>αὐτοὺς</span> <span class='ocrx_word' id='word_1_909' title='bbox 2563 5646 2802 5716; x_wconf 74' lang='grc' dir='ltr'>ἔγνωμεν</span> <span class='ocrx_word' id='word_1_910' title='bbox 2825 5647 2912 5699; x_wconf 71' lang='grc' dir='ltr'><strong>καὶ</strong></span> <span class='ocrx_word' id='word_1_911' title='bbox 2938 5648 3008 5716; x_wconf 79' lang='grc' dir='ltr'><strong>μὴ</strong></span> <span class='ocrx_word' id='word_1_912' title='bbox 3040 5647 3386 5707; x_wconf 74' lang='grc' dir='ltr'>ἀπωσθέντας</span> <span class='ocrx_word' id='word_1_913' title='bbox 3412 5649 3486 5710; x_wconf 81' lang='grc' dir='ltr'>εἰς</span> <span class='ocrx_word' id='word_1_914' title='bbox 3515 5646 3696 5711; x_wconf 53' lang='grc' dir='ltr'>τέλος</span> 
     </span>
    </p>
   </div>
   <div class='ocr_carea' id='block_1_118' title="bbox 511 5824 2128 5914">
    <p class='ocr_par' dir='ltr' id='par_1_118' title="bbox 511 5824 2128 5914">
     <span class='ocr_line' id='line_1_119' title="bbox 511 5824 2128 5914; baseline 0.014 -37"><span class='ocrx_word' id='word_1_915' title='bbox 511 5825 584 5895; x_wconf 86' lang='lat' dir='ltr'><strong>(l)</strong></span> <span class='ocrx_word' id='word_1_916' title='bbox 606 5824 764 5884; x_wconf 85' lang='lat' dir='ltr'><strong>Forte</strong></span> <span class='ocrx_word' id='word_1_917' title='bbox 784 5828 1061 5898; x_wconf 81' lang='lat' dir='ltr'><strong>legendum</strong></span> <span class='ocrx_word' id='word_1_918' title='bbox 1086 5833 1390 5904; x_wconf 77' lang='grc' dir='ltr'>παροξυνεῖ,</span> <span class='ocrx_word' id='word_1_919' title='bbox 1413 5847 1464 5894; x_wconf 86' lang='lat' dir='ltr'><strong>et</strong></span> <span class='ocrx_word' id='word_1_920' title='bbox 1496 5855 1640 5907; x_wconf 80' lang='lat' dir='ltr'><strong>mox,</strong></span> <span class='ocrx_word' id='word_1_921' title='bbox 1682 5841 1942 5914; x_wconf 71' lang='grc' dir='ltr'>διαμενεῖ.</span> <span class='ocrx_word' id='word_1_922' title='bbox 1975 5843 2128 5901; x_wconf 76' lang='lat' dir='ltr'><strong>Enn.</strong></span> 
     </span>
    </p>
   </div>
  </div>
