4056 6390
395 419 496 475 εσι
1515 415 2017 474 COMMENTARIA
2058 419 2123 474 IN
2160 418 2502 476 PSALMOS.
2949 393 2952 425 ξ
3515 410 3620 468 sua

400 538 621 613 μυρίους
649 537 755 608 γὰρ
775 534 1060 605 ἀθεμίτους
1094 533 1316 605 πράξεις
1344 535 1584 606 μοιχείας
1610 553 1668 589 τε
1697 537 1791 590 καὶ
1823 537 1970 590 είδω-
1999 601 2002 609 ⁴

2027 547 2244 610 terant,
2280 540 2593 609 angelorum
2630 538 2887 599 visiones,
2921 535 3158 608 Spiritus
3186 533 3358 590 sancti
3388 548 3629 603 praesen-

395 630 727 701 λολατρείας,
771 626 1062 700 προφητῶν
1108 645 1167 680 τε
1220 627 1526 697 ἀναιρέσεις
1575 628 1966 697 καταλέγουσιν

2071 631 2164 688 tia.
2201 630 2355 697 Quod
2385 646 2513 700 ergo
2556 636 2766 683 tantum
2813 636 2923 682 tam
2961 627 3262 682 inauditum
3298 625 3509 678 facinus
3537 638 3633 677 eo—

396 722 574 777 αὐτῶν
597 721 646 772 οἱ
670 719 994 791 προφητικοὶ
1024 717 1168 786 λόγοι
1188 735 1200 747 ο
1245 717 1359 770 ἀλλ’
1391 718 1451 773 οὐ
1498 716 1714 771 πώποτε
1741 721 1965 786 ἐγκατε-

2067 738 2212 786 rum,
2247 730 2305 776 ut
2358 722 2412 776 in
2459 722 2620 775 ﬁnem
2667 720 2993 790 abjiciantur
3046 727 3101 774 et
3154 718 3378 772 dextera
3416 714 3509 771 Dei
3567 715 3635 770 ab

397 813 690 882 λείφθησαν
734 812 809 873 είς
855 809 1024 872 τέλος.
1081 810 1322 880 Συνῆσαν
1377 809 1433 861 δὲ
1491 809 1671 873 αὐτοῖς
1697 851 1710 874 ,
1765 811 1964 882 καίπερ

2068 813 2149 868 eis
2186 821 2464 866 avertatur
2512 813 2568 866 in
2616 812 2833 865 tinem?
2888 811 3014 865 Haec
3070 826 3234 880 porro
3293 808 3483 863 dicens
3539 807 3635 862 ad-

396 901 615 955 τοιαῦτα
633 898 979 970 πράττουσιν,
1009 899 1057 951 οἰ
1085 898 1391 969 προφῆταιο
1429 898 1704 966 ἐγίγνοντο
1742 899 1798 951 δὲ
1836 899 1962 970 παρ’

2070 903 2297 958 missum
2337 904 2406 959 ab
2426 905 2508 958 eis
2530 904 2586 957 in
2619 903 2901 958 Christum
2930 901 3024 958 Dei
3057 902 3270 954 facinus
3294 899 3462 953 tacite
3502 897 3635 952 sub-

394 995 575 1055 αὺτοῖς
607 993 698 1046 καὶ
721 991 962 1060 ἀγγέλων
983 991 1312 1058 ἐπιφάνειαι,
1336 991 1428 1044 καὶ
1460 991 1773 1060 Πνεύματος
1805 991 1961 1058 ἁγίου
2069 994 2294 1048 indicat.

396 1085 684 1156 παρουσία.
710 1085 774 1136 Τί
809 1085 982 1138 τοίνυν
1008 1085 1067 1136 τὸ
1106 1083 1272 1151 ξένον,
1311 1085 1405 1138 καὶ
1446 1086 1498 1138 τί
1535 1084 1786 1139 τοσοῦτον
1850 1089 2030 1150 αὐτοῖς
2065 1090 2407 1161 τετόλμηται,
2452 1089 2527 1152 ὡς
2569 1091 2650 1152 εἰς
2695 1089 2846 1153 τέλος
2897 1089 3093 1152 αὐτοὺς
3136 1087 3488 1158 ἀπωσθῆναι,
3544 1083 3639 1135 καὶ

393 1180 490 1246 τὴν
528 1175 704 1240 δεξιὰν
729 1177 822 1228 τοῦ
852 1174 986 1228 Θεοῦ
1017 1176 1422 1246 ἀποστραφῆναι
1454 1177 1648 1239 αὐτοὺς
1703 1177 1781 1240 εἱς
1817 1177 1999 1243 τέλος;
2036 1179 2218 1248 Δέγων
2253 1181 2306 1234 δὲ
2343 1180 2534 1246 ταῦτα,
2596 1181 2887 1233 αἰνίττεται
2934 1179 3355 1250 σεσιωπημένως
3394 1174 3456 1228 τὸ
3499 1191 3640 1246 πρα-

394 1267 520 1338 χθὲν
542 1267 723 1329 αὐτοῖς
749 1265 889 1319 κατὰ
911 1263 1004 1318 τοῦ
1029 1266 1263 1336 Χριστοῦ
1296 1266 1390 1320 τοῦ
1415 1266 1548 1319 Θεοῦ
1569 1268 1840 1339 τόλμημα.

475 1385 530 1437 Ὁ
562 1385 631 1437 δὲ
678 1384 821 1455 Θερς
858 1385 1160 1450 ,ϐασιλεὺς
1179 1384 1350 1454 ’ἡμῶν
1389 1386 1502 1454 πρὸ
1541 1384 1752 1453 αἰῶνος
1779 1387 1969 1456 εἰργά-

2138 1379 2304 1437 Vsns.
2338 1381 2522 1435 12—!8.
2582 1379 2722 1434 Deus
2751 1389 2924 1432 autem
2964 1394 3054 1432 rex
3100 1387 3276 1432 noster
3318 1387 3438 1432 ante
3469 1397 3636 1433 swcu-

394 1488 546 1531 σατο
575 1474 876 1542 σωτηρίαν
897 1474 966 1526 ἐν
987 1473 1150 1542 μέσῳ
1179 1474 1290 1543 τῆς
1322 1474 1454 1545 γῆς.
1484 1475 1712 1529 Διελθὼν
1741 1475 1808 1529 τὰ
1838 1495 1967 1547 προ-

2071 1477 2180 1529 tum
2214 1484 2456 1542 operatus
2485 1483 2560 1526 est
2595 1479 2818 1526 salutent
2847 1473 2901 1526 in
2932 1471 3101 1525 medio
3135 1481 3311 1526 terrm.
3337 1469 3633 1542 Postquam

392 1563 711 1634 λελεγμένα,
749 1564 1188 1635 ἐπαναλαμϐάνει
1233 1565 1360 1631 τοὺς
1399 1566 1526 1636 περὶ
1575 1566 1674 1634 τῆς
1714 1567 1966 1636 προνοίας

2068 1566 2324 1636 praedicta
2357 1565 2648 1626 recensuit,
2673 1578 2957 1619 sermones
3001 1563 3068 1618 de
3107 1563 3448 1633 providentia
3488 1580 3634 1617 resu-

392 1653 601 1723 λόγους,
632 1655 726 1708 καὶ
767 1654 867 1726 τῆς
917 1655 1199 1726 δυνάμεως
1231 1655 1323 1708 τοῦ
1365 1656 1500 1708 Θεοῦ
1540 1657 1834 1728 παρίστησι
1868 1658 1966 1721 τὰς

2068 1656 2185 1721 mit,
2217 1664 2380 1722 atque
2406 1654 2621 1708 virtutis
2644 1651 2738 1707 Dei
2772 1652 3009 1722 ingentia
3031 1668 3194 1720 opera
3215 1652 3479 1716 declarat,
3517 1654 3637 1722 pias

394 1746 811 1816 μεγαλουργίας,
840 1747 1109 1818 εὐκαίρως
1141 1747 1383 1810 εὐσεϐεῖς
1413 1748 1732 1818 προϊέμενος
1760 1749 1962 1817 φωνὰς,

2067 1754 2371 1816 opportune
2411 1761 2574 1800 voces
2604 1744 2924 1812 proferens:
2962 1759 3030 1798 ne
3073 1743 3198 1811 quis
3249 1752 3461 1812 putaret
3516 1744 3636 1798 ideo

387 1836 465 1901 ὡς
517 1837 583 1890 ἂν
627 1839 702 1909 μή
755 1855 838 1900 τις
885 1838 1144 1908 νομίσειε,
1177 1839 1267 1894 διὰ
1312 1839 1372 1892 τὸ
1420 1839 1493 1910 μὴ
1536 1841 1736 1910 ὲφορᾷν
1781 1841 1963 1904 αὐτὸν,

2065 1837 2176 1907 jam
2208 1843 2506 1891 memorata
2557 1843 2706 1904 gesta
2757 1834 2946 1898 fuisse,
2989 1834 3132 1904 quod
3187 1833 3329 1889 Deus
3382 1836 3635 1890 universa

395 1928 530 1998 μηδὲ
574 1901 882 1982 ἐπιστατεῖν
904 1901 1018 1992 τοῖς
1062 1901 1195 1982 πᾱίσι
1235 1929 1302 1982 τὰ
1345 1901 1707 2002 προλεχθέντα
1737 1901 1963 2001 γεγενῇέ

2029 1904 2038 1950 ί
2067 1944 2177 1982 non
2205 1935 2381 1995 curet,
2413 1929 2589 1994 iisque
2614 1943 2722 1981 non
2751 1927 3053 1995 provideat.
3090 1923 3455 1990 Quamobrem
3507 1926 3581 1978 ait
3617 1944 3631 1979 :

395 2017 540 2071 σθαι.
567 2019 657 2071 Διό
688 2035 882 2088 φησιν’
919 2019 982 2071 Ei
1023 2019 1318 2072 καὶταῦτα
1360 2019 1547 2072 τοῦτον
1585 2021 1830 2091 ἐπράχθη
1875 2020 1966 2073 τὸν

2067 2017 2181 2072 Etsi
2224 2019 2339 2073 llaec
2381 2019 2476 2072 tali
2525 2017 2686 2071 modo
2716 2025 2868 2088 gesta
2921 2018 3050 2081 sint,
3083 2032 3402 2086 persuasum
3453 2024 3634 2073 tamen

390 2109 590 2178 τρόπον
609 2126 622 2138 ·
651 2108 765 2162 ἀλλ’
788 2110 936 2178 ὅμως
975 2109 1332 2182 πεπείσμεθα,
1360 2112 1442 2163 ὅτι
1478 2112 1541 2164 σὺ
1573 2111 1602 2162 ὁ
1626 2111 1756 2175 Θεὸς
1789 2111 1964 2182 ἡμῶν,

2059 2112 2225 2188 nobis
2267 2119 2372 2173 est,
2413 2119 2466 2166 te
2514 2110 2683 2164 Duem
2740 2117 3009 2173 nostrum,
3060 2125 3220 2178 quem
3275 2124 3458 2178 regem
3509 2108 3634 2162 item

387 2197 448 2251 ὃν
473 2200 566 2252 καὶ
602 2200 822 2269 βασιλέα
849 2200 1004 2271 ἡμῶν
1028 2197 1166 2254 εἶναι
1205 2201 1561 2273 γνωρίζομεν,
1605 2203 1782 2272 κρίσει
1813 2203 1966 2274 βασι-

2066 2211 2316 2258 nostrum
2352 2218 2474 2258 esse
2505 2201 2736 2265 scimus,
2757 2200 2965 2269 judicio
2990 2200 3138 2268 regio
3168 2214 3231 2252 ac
3249 2199 3435 2253 divino
3454 2198 3637 2252 omnia

387 2287 513 2358 λικῇ
564 2291 657 2342 καὶ
706 2289 826 2360 θείᾳ
864 2290 1040 2342 πάντα
1087 2293 1388 2362 οίκονομεῖς
1441 2292 1535 2345 ἐπὶ
1586 2293 1830 2365 σωτηρίᾳ
1859 2293 1967 2349 τῶν

2055 2297 2134 2360 ad
2163 2297 2542 2350 universorum
2571 2294 2803 2348 salutem
2830 2300 3134 2361 temperare
3167 2310 3179 2344 :
3208 2305 3332 2344 nam
3380 2289 3521 2343 Deus
3545 2305 3638 2342 no-

384 2380 550 2433 ὄλων·
595 2380 656 2432 '0
688 2380 797 2450 γὰρ
857 2380 1000 2446 Θεὸς
1048 2380 1238 2450 ἡμῶν,
1280 2383 1582 2450 ,βασιλεὺς
1634 2383 1803 2452 ἡμῶν
1853 2386 1967 2454 πρὸ

2066 2391 2174 2436 ster
2197 2395 2288 2434 rex
2319 2391 2494 2432 noster
2528 2388 2649 2431 ante
2675 2376 2928 2430 sazculum
2959 2385 3202 2444 operatus
3225 2384 3301 2430 est
3331 2375 3556 2429 salutem
3582 2374 3637 2427 in

383 2469 604 2535 αἰῶνος
643 2470 960 2539 εἰργάσατο
1012 2473 1310 2540 σωτηρίαν
1357 2474 1426 2527 ἐν
1457 2473 1626 2542 μέσῳ
1681 2473 1790 2542 τῆς
1832 2473 1964 2543 γῆς.

2068 2473 2237 2527 medio
2261 2481 2434 2526 teme.
2467 2469 2544 2522 lta
2578 2476 2636 2522 ut
2663 2468 2876 2523 etiamsi
2913 2467 3100 2522 isthaec
3124 2467 3180 2521 in
3206 2481 3316 2520 uno
3347 2474 3508 2522 terra:
3541 2481 3637 2519 an-

374 2563 541 2636 ,‘ﬂat’
572 2563 622 2613 εἰ
673 2562 768 2615 καὶ
808 2564 866 2615 ὲν
903 2563 1003 2633 μιᾷ
1034 2564 1206 2634 γωνίᾳ
1254 2564 1357 2634 γῆς
1398 2564 1620 2618 τοιαῦτα
1662 2566 1967 2636 πραχθῆναι

2067 2563 2193 2631 gulo
2229 2561 2364 2616 ellici
2395 2561 2706 2631 permiseris
2740 2574 2928 2612 eorum
2963 2575 3129 2615 causa
3151 2559 3244 2628 qui
3275 2559 3452 2612 locum
3495 2559 3640 2612 inca-

373 2633 814 2726 ῗσυγκεχὼρηκας
846 2654 933 2706 διὰ
975 2655 1100 2718 τοὺς
1137 2633 1428 2726 οἰκήτορας
1471 2656 1566 2709 τοῦ
1609 2633 1809 2709 τόπουἶ
1853 2633 1966 2710 ἀλλ’

2068 2654 2247 2708 lebant
2267 2693 2281 2716 ,
2313 2666 2638 2722 persuasum
2682 2659 2863 2704 tamen
2907 2651 3207 2706 habeamus
3237 2658 3289 2704 te
3319 2665 3510 2704 omnes
3538 2658 3641 2704 ter-

373 2720 534 2832 ;ὃμως
561 2720 928 2814 πεπείσμεθα,
953 2746 1035 2797 ὅτι
1070 2747 1190 2808 τοὺς
1214 2720 1339 2799 κάθί
1362 2746 1489 2816 ὅλης
1511 2747 1611 2816 τῆς
1639 2746 1960 2818 οἰκουμένης

2117 2760 2182 2798 im
2231 2745 2529 2798 incolentes
2582 2743 2834 2798 homines
2877 2742 3052 2797 salute
3109 2742 3502 2812 dignaturum,
3540 2741 3636 2810 qui
3716 2729 3719 2736 ’

374 2827 672 2896 ῖοὶκοῦντας
711 2834 1028 2905 ἀνθρώπους
1079 2837 1347 2907 σωτηρίας
1367 2838 1636 2905 ἀξιώσεις,
1668 2839 1757 2892 τὸν
1777 2838 1964 2892 ἑαυτοῦ

2065 2832 2340 2888 Christum
2378 2842 2529 2886 tuum
2564 2832 2814 2886 excitasti
2848 2832 3089 2885 omnium
3120 2831 3401 2884 hominum
3437 2827 3635 2884 Serva-

373 2924 620 3001 γΧριστὸν
646 2927 864 2997 ἐγείρας
890 2927 1094 2980 ἅπασιν
1117 2927 1425 2999 ἀνθρώποις
1461 2930 1706 3001 Σωτῆρα.
1743 2913 1849 2982 Κα⁸ί
1878 2948 1966 3000 μοι

2069 2936 2261 2981 torem.
2288 2923 2624 2994 Yideturque
2658 2923 2792 2976 mihi
2825 2922 2928 2976 hoc
2957 2938 3066 2976 uno
3097 2937 3280 2984 versu,
3307 2921 3464 2989 quasi
3489 2936 3637 2990 quaa-

372 2999 532 3103 [δοκεῖ
555 3015 620 3068 δι’
647 3017 764 3079 ἑνὸς
797 3017 889 3070 τοῦ
925 3017 1062 3087 μετὰ
1095 3022 1284 3091 χεῖρας
1319 3021 1498 3090 στίχου
1524 2999 1710 3092 ὥσπερ
1735 2999 1967 3075 ἀνταπό-

2067 3018 2305 3072 stionum
2336 3015 2660 3071 solutionem
2685 3015 2931 3085 praeberi.
2980 3013 3112 3066 Nam
3154 3029 3342 3068 eorum
3374 3013 3491 3067 vice
3518 3029 3639 3083 qua:

383 3105 529 3158 δοσιν
573 3108 839 3160 ποιεῖσθαι
883 3109 991 3162 τῶν
1032 3111 1496 3182 έπηπορημένων·
1543 3113 1662 3166 ἀντὶ
1702 3113 1810 3184 γὰρ
1859 3114 1966 3166 τῶν

2066 3117 2256 3164 contra
2291 3107 2612 3178 pmdictum
2650 3107 2828 3160 locum
2860 3112 3165 3176 perpetrata
3191 3111 3340 3167 sunt,
3373 3102 3538 3165 Deus,
3563 3107 3639 3159 in-

366 3198 810 3276 δσυμϐεϐηκὸτων
857 3202 998 3255 κατὰ
1025 3203 1118 3255 τοῦ
1151 3203 1476 3273 δηλωθέντος
1520 3205 1708 3268 τόπου,
1739 3207 1966 3277 ἐργάσε-

2067 3201 2208 3268 quit,
2244 3198 2559 3267 operabitur
2584 3197 2813 3251 salutem
2848 3197 2900 3249 ir.
2930 3195 3109 3249 medio
3149 3200 3328 3248 terrae.
3387 3192 3461 3248 De
3488 3210 3639 3250 more

368 3285 495 3355 ται,
524 3290 707 3360 φησὶν,
739 3293 768 3343 ὁ
799 3291 928 3354 Θεὸς
973 3293 1244 3364 σωτηρίαν
1277 3293 1334 3346 ἐν
1363 3294 1511 3364 μέσῳ
1534 3296 1632 3366 τῆς
1664 3296 1788 3366 γῆς.
1825 3297 1960 3348 Συν-

2067 3299 2247 3344 autem
2278 3289 2367 3342 hic
2387 3289 2568 3354 futura
2595 3287 2778 3357 utjam
2809 3285 3080 3356 praeterita
3113 3285 3457 3339 vaticinatur.
3479 3284 3640 3340 Dein-

365 3379 532 3454 ‘ﬁﬁwg
555 3380 610 3432 δὲ
641 3381 734 3432 καὶ
770 3379 862 3433 νῦν
893 3381 962 3434 τὰ
997 3381 1228 3453 ἐσόμενα
1271 3382 1346 3446 ὡς
1378 3386 1741 3456 παρῳχηκότα
1773 3386 1961 3440 θεσπί-

2064 3380 2131 3435 de
2166 3395 2295 3434 vero
2323 3380 2502 3442 docet,
2529 3378 2711 3448 qualia
2755 3376 2870 3446 jam
2909 3377 3034 3430 olim
3067 3376 3310 3447 prodigia
3343 3375 3484 3430 Deus
3503 3392 3637 3446 ope-

363 3471 482 3542 ζει.
528 3465 659 3522 Εἶτα
689 3471 927 3525 διδάσκει
951 3471 1077 3543 ἑξῆς
1113 3474 1302 3537 ὁποίας
1329 3475 1428 3546 ἤδη
1461 3476 1627 3530 πάλαι
1653 3477 1911 3550 πρότερον
1935 3482 1963 3531 ὁ

2063 3479 2218 3526 ratus
2249 3472 2340 3534 sit,
2377 3471 2457 3525 sic
2483 3471 2751 3540 loquens:
2789 3467 2867 3521 Tu
2899 3467 3230 3536 conﬁrmasti
3251 3469 3306 3520 in
3331 3469 3519 3521 virtute
3545 3477 3636 3521 tua

380 3563 518 3624 Θεὸς
541 3564 940 3632 κατειργάσατο
974 3563 1410 3637 θαυματουργίας
1439 3567 1642 3636 λέγων·
1682 3570 1763 3623 Σὺ
1793 3571 1963 3640 ἐκρα-

2065 3581 2230 3619 mare.
2266 3563 2373 3617 Pro
2406 3563 2497 3616 illo
2531 3569 2736 3622 autem,
2778 3572 2832 3613 tu
2866 3561 3216 3629 conﬁrmasti,
3254 3559 3634 3630 Symmachus,

378 3653 643 3718 ταίωσας
672 3655 740 3706 ἐν
764 3653 837 3722 τῇ
870 3655 1114 3725 δυνάμει
1141 3673 1258 3712 σου
1298 3658 1412 3726 τὴν
1437 3660 1778 3716 θάλασσαν.
1826 3664 1963 3718 Ἁντί

2068 3653 2145 3707 Tu
2180 3653 2456 3721 dissipasti
2498 3653 2689 3705 virtute
2723 3661 2815 3704 tua
2867 3667 3049 3715 mare,
3090 3650 3477 3721 interpretatus
3527 3660 3633 3707 est.

379 3744 435 3796 δὲ
471 3743 583 3807 τοῦ,
626 3745 707 3797 Σὺ
753 3745 820 3796 δὲ
852 3747 1277 3813 ἐκραταίωσας,
1319 3750 1346 3801 ὁ
1380 3749 1691 3820 Σύμμαχος,
1726 3753 1809 3806 Σὺ
1845 3753 1962 3806 διε-

2064 3741 2130 3795 Ει
2161 3743 2292 3795 mihi
2348 3741 2568 3811 quidem
2623 3741 2840 3795 videtur
2875 3740 3133 3796 historice
3173 3743 3414 3797 indicare
3454 3743 3636 3814 populi

379 3833 692 3899 σκέδασας
741 3834 816 3902 τῇ
868 3837 1040 3904 ἰσχύϊ
1082 3851 1198 3891 σου
1243 3837 1356 3904 τὴν
1402 3839 1740 3906 θάλασσαν,
1779 3844 1961 3914 ἡρμή-

2062 3849 2157 3902 per
2175 3847 2323 3886 mare
2348 3832 2592 3884 Rubrum
2622 3833 2759 3886 duce
2794 3831 2976 3902 Moyse
3001 3833 3314 3889 transitum.
3340 3833 3520 3900 Quare
3551 3852 3637 3890 se-

377 3943 557 3980 νευσε.
589 3927 696 3979 Καί
730 3945 820 3998 μοι
862 3927 1009 3982 δοκεῖ
1048 3928 1136 3982 διὰ
1187 3931 1389 3984 τούτων
1416 3930 1492 3993 ὡς
1516 3933 1651 4001 πρὸς
1679 3933 1779 4003 τὴν
1815 3936 1962 3987 ἱστο-

2063 3923 2302 3976 cundum
2339 3921 2724 3992 Symmachum
2750 3921 2952 3976 dicitur
2983 3938 2996 3976 :
3030 3922 3109 3976 Tu
3147 3925 3422 3993 dissipasti
3447 3927 3637 3980 virtute

383 4020 509 4084 ρίαν
565 4018 848 4087 σημαίνειν
869 4020 967 4090 τὴν
1010 4021 1102 4072 ἐπὶ
1172 4021 1414 4084 Μωσέως
1463 4022 1758 4094 γενομένην
1797 4023 1963 4077 δίοδον

2065 4022 2155 4064 tua
2185 4025 2364 4068 mare:
2391 4012 2692 4065 secundum
2721 4009 3150 4065 Theodotionem
3195 4028 3353 4067 vero:
3385 4013 3462 4065 Tu
3499 4012 3637 4066 divi-

378 4109 476 4162 τοῦ
507 4107 636 4161 λαοῦ
661 4109 750 4162 διὰ
787 4109 890 4178 τῆς,
922 4110 1185 4182 Ἐρυθρᾶς
1215 4111 1505 4182 Θαλάσσης.
1550 4113 1641 4165 Διὸ
1689 4114 1830 4167 κατὰ
1866 4117 1962 4185 μὲν

2061 4103 2180 4156 sisti
2223 4103 2278 4155 in
2328 4103 2562 4170 potentia
2625 4112 2717 4154 tua
2775 4117 2940 4154 mare.
2993 4101 3195 4156 Deinde
3248 4102 3537 4172 Egyptios
3581 4112 3635 4157 et

377 4201 474 4251 τὸν
513 4198 808 4268 Σύμμαχον
850 4200 1088 4272 εἴρηται,
1122 4202 1205 4256 Σὺ
1243 4201 1641 4268 διεσκέδασας
1680 4203 1754 4271 τῇ
1799 4205 1966 4272 ἰσχύϊ

2064 4193 2404 4247 Pharaonem
2457 4193 2785 4248 adumbrare
2835 4194 2967 4246 mihi
3010 4191 3246 4260 videtur,
3269 4193 3506 4250 dicens:
3558 4195 3635 4249 Tu

375 4308 500 4345 σου
537 4297 650 4359 τὴν
682 4294 1031 4347 θάλασσαν’
1067 4295 1204 4348 κατὰ
1257 4295 1314 4349 δὲ
1359 4295 1447 4348 τὸν
1485 4295 1832 4362 Θεοδοτίωνα,
1879 4297 1963 4351 Σὺ

2064 4287 2358 4340 contrivisti
2380 4287 2556 4354 capita
2599 4286 2891 4339 draconum
2920 4286 2976 4338 in
3007 4302 3166 4354 aqua.
3213 4285 3292 4339 Tu
3336 4288 3634 4357 confregisti

376 4383 710 4450 διέστησας
761 4384 832 4437 ἐν
866 4384 938 4453 τῇ
999 4385 1248 4455 δυνάμει
1292 4401 1410 4440 σου
1461 4386 1576 4454 τὴν
1621 4386 1960 4443 θάλασσαν.

2063 4379 2238 4448 capita
2261 4378 2529 4431 draconis.
2558 4376 2663 4431 Per
2691 4378 2986 4433 draconem
3021 4378 3229 4433 scilicet
3272 4379 3632 4444 Pharaonem,

380 4470 513 4529 Εἶτα
563 4476 687 4538 τοὺς
733 4475 1066 4543 Αἰγυπτίους
1115 4477 1209 4530 καὶ
1255 4477 1346 4529 τὸν
1396 4475 1594 4548 Φαραὼ
1637 4478 1963 4532 αἰνίττεσθαί

2064 4483 2159 4537 per
2205 4469 2384 4537 capita
2415 4484 2544 4522 vero
2591 4469 2731 4537 ejus,
2769 4469 3041 4538 principes
3074 4471 3167 4538 qui
3216 4471 3318 4524 sub
3359 4487 3424 4524 eo
3477 4478 3635 4525 erart

378 4580 472 4632 μοι
514 4561 661 4614 δοκεῖ
706 4561 956 4628 φάσκων·
1006 4561 1089 4616 Σὺ
1131 4562 1500 4632 συνέτριψας
1548 4562 1654 4628 τὰς
1693 4563 1963 4633 κεφαλὰς

2031 4569 2036 4604 ν
2067 4560 2416 4626 subindicat;
2450 4561 2564 4616 sive
2600 4576 2696 4630 per
2727 4562 3016 4625 dracones,
3060 4559 3374 4632 (Egyptios;
3407 4577 3502 4630 per
3539 4575 3633 4616 ca-

377 4649 499 4706 τῶν
522 4651 862 4720 δρακόντων
893 4651 992 4704 ἐπὶ
1023 4652 1126 4706 τοῦ
1163 4653 1382 4719 ὕδατος
1401 4669 1416 4686 ο
1455 4653 1536 4707 σὺ
1575 4653 1962 4722 συνέθλασας

2063 4652 2171 4721 pita
2200 4665 2325 4704 vero
2343 4665 2552 4714 eorum,
2587 4650 2860 4720 principes
2899 4659 2953 4705 et
2993 4652 3160 4705 duces
3200 4636 3389 4705 eorum
3424 4651 3633 4722 signiﬁ-

374 4744 485 4808 τὰς
539 4741 805 4812 κεφαλὰς
847 4742 952 4796 τοῦ
997 4741 1354 4812 δράκοντος·
1405 4745 1672 4815 δράκοντα
1725 4747 1822 4816 μὲν
1869 4746 1962 4801 τὸν

2061 4751 2168 4798 cat.
2200 4743 2330 4797 Illud
2358 4752 2560 4805 autem,
2595 4741 2801 4796 Dedisti
2829 4758 2947 4796 eum
2985 4759 3157 4796 escam
3191 4743 3397 4811 populis
3422 4743 3633 4802 zEthio-

373 4832 596 4904 Φαραὼ,
637 4832 875 4900 κεφαλὰς
906 4832 962 4885 δὲ
1006 4832 1169 4884 αὑτοῦ
1221 4835 1346 4896 τοὺς
1380 4835 1470 4887 ὑπ’
1504 4838 1665 4890 αὑτὸν
1697 4836 1961 4908 ἄρχοντας

2059 4835 2234 4903 pibus.
2260 4836 2341 4890 sic
2367 4835 2602 4904 explicet
2641 4834 2935 4904 quispiam,
2965 4835 3109 4903 quod
3136 4847 3399 4891 cadavera
3443 4853 3631 4896 eorum

375 4922 780 4992 αἰνιττόμενος·
817 4923 850 4991 ἦ
899 4923 1198 4992 δράκοντας
1242 4926 1368 4987 τοὺς
1408 4927 1753 4995 Αἰγυπτίους,
1794 4946 1961 4998 κεφα-

2059 4923 2127 4976 ad
2179 4923 2334 4977 littus
2364 4924 2533 4978 maris
2567 4925 2771 4993 rcjecta
2804 4923 2858 4977 in
2911 4939 3097 4979 escam
3145 4928 3458 4983 volatilibus
3507 4931 3627 4984 ρωιί

373 5015 474 5079 λὰς
514 5015 571 5066 δὲ
613 5014 789 5067 αὐτῶν
828 5015 954 5078 τοὺς
985 5017 1275 5083 τριστὰτας
1321 5019 1415 5071 καὶ
1460 5020 1586 5079 τοὺς
1627 5021 1958 5090 ἡγουμένους

2060 5011 2282 5066 fuerint.
2315 5012 2424 5067 Pro
2456 5013 2549 5067 illo
2574 5021 2778 5079 autem,
2812 5013 3174 5083 jEthiopibus,
3204 5020 3395 5087 Aquila
3415 5061 3430 5082 ,
3461 5037 3631 5090 egres-

373 5104 560 5159 αὐτῶν
611 5104 907 5173 ὀνομάζων.
964 5106 1036 5158 Τὸ
1079 5107 1170 5171 δὲ,
1206 5107 1468 5174 Ἔδωκας
1517 5111 1706 5164 αὐτὸν
1747 5109 1958 5180 βρῶμα

2057 5105 2195 5158 suris
2220 5121 2238 5168 ;
2267 5103 2590 5170 Theodotio,
2615 5106 2936 5168 novissimo;
2969 5107 3159 5175 quinta
3192 5109 3379 5174 editio,
3402 5127 3625 5180 egresso,

373 5195 541 5260 λαοῖς
574 5195 696 5260 τοῖς
719 5196 1009 5262 Αἰθίοψιν,
1042 5197 1184 5250 εἴποι
1219 5199 1284 5252 ἄν
1307 5217 1389 5262 τις
1426 5199 1495 5252 τὰ
1527 5199 1695 5272 νεκρὰ
1731 5200 1957 5272 σώματα

2059 5199 2397 5269 interpretati
2429 5206 2577 5254 sunt.
2615 5197 2904 5268 Postquam
2940 5213 3128 5252 eorum
3158 5203 3249 5270 qui
3283 5202 3336 5253 in
3360 5202 3499 5254 mari
3523 5199 3629 5257 Ru-

373 5285 576 5350 αὑτῶν,
609 5285 978 5356 ὲκόρασθέντα
1021 5288 1118 5358 τῆς
1153 5289 1444 5358 θαλάσσης,
1481 5290 1644 5361 βορὰν
1676 5292 1956 5360 γεγονέναι

2056 5291 2156 5344 bro
2179 5290 2411 5345 demersi
2455 5297 2584 5343 sunt
2614 5291 2816 5344 mentio
2847 5291 2985 5345 facta
3015 5300 3120 5353 est,
3147 5291 3249 5345 sub
3294 5291 3405 5344 tunc
3438 5305 3625 5346 eorum

372 5381 486 5440 τοῖς
539 5379 804 5440 πετεινοῖς
850 5377 943 5429 τοῦ
996 5379 1244 5450 οὐρανοῦ.
1290 5381 1433 5434 Ἀντὶ
1474 5381 1532 5434 δὲ
1563 5381 1675 5448 τοῦ,
1709 5382 1832 5449 τοῖς
1859 5387 1954 5438 At.

2055 5400 2175 5452 qua:
2198 5391 2385 5452 postea
2416 5390 2569 5452 gesta
2602 5392 2729 5436 sunt
2763 5383 3081 5435 memoriam
3122 5383 3361 5443 rcfricat,
3393 5381 3621 5438 dicens:

371 5472 597 5536 θιοψιν,
623 5470 652 5520 ὁ
694 5469 792 5538 μὲν
829 5469 1076 5532 Ἀκύλας,
1118 5471 1241 5537 τοῖς
1279 5471 1785 5544 ἐξελευσομένας,
1828 5477 1856 5528 ὁ
1895 5475 1952 5528 δὲ

2058 5476 2135 5529 Ta
2187 5474 2438 5541 dirupisti
2483 5474 2653 5542 fontes
2692 5483 2741 5527 et
2766 5482 3040 5528 torrentes.
3073 5473 3188 5528 Non
3218 5474 3360 5528 enim
3412 5473 3625 5544 Moyses

370 5561 684 5620 Gsoarntwv.
724 5559 802 5625 τῷ
845 5561 1100 5630 ἐσχάτῳ,
1138 5563 1230 5616 καὶ
1345 5565 1566 5636 πέμπτη
1616 5565 1842 5630 ἔκδοσις,
1873 5563 1953 5632 τῷ

2053 5575 2170 5621 erat
2202 5569 2292 5635 qui
2320 5574 2527 5636 petram
2556 5567 2705 5636 virga
2735 5567 3065 5635 percutiens,
3088 5582 3155 5621 ex
3177 5566 3267 5619 illa
3295 5566 3483 5620 eduxit
3504 5565 3624 5621 lon-

369 5651 763 5718 ἐξεληλυθότι
790 5692 802 5714 ,
860 5655 1228 5723 ἠρμήνευσαν.
1278 5655 1399 5708 Τῶν
1453 5657 1551 5726 μὲν
1599 5661 1665 5728 τῇ
1718 5659 1952 5730 Ἐρυθρᾷ

2054 5668 2135 5713 tes
2168 5667 2221 5712 et
2255 5667 2555 5723 torrentes;
2596 5659 2692 5714 sed
2735 5668 2814 5721 tu,
2862 5658 3028 5721 Deus,
3063 5675 3206 5722 eras,
3237 5660 3332 5729 qui
3375 5659 3488 5714 haec
3526 5675 3621 5731 per

370 5738 615 5811 θαλάσσῃ
670 5743 1190 5796 καταποντωθέντων
1249 5748 1626 5818 μνημονεύσας
1682 5750 1710 5801 ὀ
1771 5749 1945 5819 λόγος,

2057 5750 2294 5820 Moyse-ni
2346 5751 2607 5803 miracula
2638 5752 2911 5820 patrabas.
2947 5752 3103 5816 Quod
3153 5752 3370 5807 additur
3415 5760 3615 5814 autem,

371 5827 500 5898 ἑξῆς
555 5833 646 5887 καὶ
680 5834 788 5889 τῶν
837 5836 971 5905 μετᾶ
1023 5838 1192 5892 ταῦτα
1237 5841 1637 5911 πεπραγμένων
1690 5842 1946 5912 ἀναφέρει

2055 5842 2130 5895 Tu
2161 5843 2375 5896 δῆταδίὶ
2411 5843 2596 5911 fi‘urios
2644 5843 2855 5910 Etlcam,
2886 5844 2950 5899 ad
2982 5843 3272 5900 Jordaucm
3326 5847 3617 5903 releratur.
