4056 6378
421 353 533 415 863

1090 347 1363 407 EUSEBll
1401 343 1876 403 CIESARIENSIS
1910 342 2063 401 OPP.
2103 341 2284 399 PARS
2318 341 2410 399 lll.
2450 371 2519 383 —
2551 339 2961 397 EXEGETICA.

3570 334 3681 393 86‘

419 481 584 537 quzm
619 466 715 523 ﬁlii
759 464 926 525 Israel
960 474 1085 538 post
1132 464 1337 535 Moysis
1381 462 1798 530 mortem,duce
1841 459 1988 523 .lesu1

2096 460 2195 530 τὴν
2243 459 2462 530 μνήμην
2493 435 2699 527 λέγων·
2735 457 2819 511 Σὺ
2848 452 3158 525 διέρῤηξας
3187 452 3383 523 πηγὰς
3411 452 3512 508 και
3559 472 3680 524 χει-

415 561 753 623 αωίεοοιιιω
801 559 1033 631 pedibus
1079 561 1440 614 transierunt.
1465 554 1564 611 Est
1596 561 1776 610 autem
1825 551 1998 623 ﬁgura

418 654 744 724 perileptica,
790 669 915 725 qua:
964 668 1064 724 pro
1109 651 1377 723 singulari
1430 648 1697 720 pluralem
1754 642 1995 700 adhibet.

419 744 614 800 Etbam
662 760 795 801 vero
842 744 1063 816 Aquila,
1105 743 1303 799 solidos
1352 740 1582 811 ﬂuvios;
1635 736 1998 809 Symmachus

417 843 624 902 autem,
648 837 919 906 antiquos,
948 835 1140 889 edidit.
1174 832 1302 889 Htec
1326 831 1548 903 quidem
1574 828 1874 885 secundum
1906 827 1999 881 lit-

415 935 590 982 teram
619 925 766 981 dicta
796 927 928 982 sint.
963 925 1195 996 Tropice
1222 931 1403 979 autem
1428 920 1702 992 loquendo
1740 919 1856 974 haec
1878 917 1997 973 loca

416 1016 619 1074 referet
650 1019 924 1088 quispiam
955 1017 1022 1072 ad
1056 1016 1303 1071 occultas
1328 1022 1384 1071 et
1414 1013 1715 1069 invisibiles
1739 1013 1995 1075 virtutes,

413 1107 670 1180 dicetque
689 1125 784 1165 eas
815 1125 942 1166 esse
974 1109 1268 1173 dracones,
1302 1114 1361 1162 ut
1392 1107 1482 1162 hic
1512 1113 1811 1173 vocantur;
1844 1121 1997 1162 mare

293 1246 301 1253 .
415 1205 598 1255 autem
641 1201 853 1272 tropice
896 1210 1201 1272 sumptum,
1229 1215 1420 1257 eorum
1450 1216 1574 1256 esse
1615 1199 1995 1267 domicilium;

415 1308 513 1363 per
522 1292 816 1350 draconem
833 1310 963 1351 vero
975 1296 1143 1351 multa
1158 1293 1341 1365 capita
1359 1293 1674 1356 habentem,
1693 1292 1994 1364 principem

415 1384 781 1456 malignorum
826 1386 1120 1458 spirituum
1168 1385 1442 1442 indicari:
1490 1384 1559 1439 ad
1588 1400 1751 1455 quem
1794 1384 1997 1440 dixerit

414 1476 687 1548 quispiam
720 1477 835 1533 haec
865 1478 1143 1549 pertinere
1175 1497 1189 1533 :
1234 1476 1313 1532 Tu
1344 1477 1650 1548 confregisti
1666 1478 1841 1547 capita
1869 1476 1996 1531 dra-

411 1567 587 1633 conis,
615 1566 812 1624 dediin
847 1585 966 1622 eum
992 1584 1167 1622 escam
1206 1568 1414 1636 populis
1449 1564 1811 1637 ίΕεΙιὶορίῡιιε.
1838 1564 1997 1633 Qua:-

413 1666 500 1714 ret
526 1657 671 1714 idem
693 1659 915 1728 quinam
949 1657 1236 1731 IEtbiopes
1264 1659 1536 1730 allegoria:
1570 1673 1723 1714 more
1768 1656 1992 1724 fuerint,

410 1749 668 1821 dicetque
692 1765 788 1806 eos
811 1766 936 1807 esse
962 1750 1057 1822 qui
1089 1750 1272 1807 anima
1312 1757 1443 1807 sunt
1468 1750 1645 1822 nigra,
1676 1763 1860 1822 quosa
1880 1763 1997 1805 me-

409 1848 625 1896 morato
654 1842 898 1897 dracone
931 1840 1144 1898 comedi
1175 1842 1273 1910 ait,
1293 1841 1593 1913 eademque
1635 1838 1994 1912 proportione

407 1944 519 1997 qua
566 1930 604 1985 ii
647 1931 742 2003 qui
790 1933 1056 1991 salutaris
1084 1932 1252 1991 Verbi
1295 1948 1498 1990 carnes
1533 1931 1872 1989 comedunt:
1902 1929 1992 1987 his

408 2029 814 2091 consequenter
838 2021 1020 2079 fontes
1045 2023 1297 2095 diruptos
1325 2024 1384 2079 in
1424 2032 1701 2078 torrentes
1730 2028 1786 2077 et
1811 2020 1992 2079 sicca-

408 2116 497 2166 tos
544 2109 761 2176 ﬂuvios,
792 2114 1009 2184 tropico
1042 2114 1192 2179 item.
1220 2129 1374 2170 more
1415 2114 1690 2185 explicare
1736 2110 1991 2168 tentabit.

409 2198 515 2255 Sed
547 2216 648 2258 nos
674 2210 962 2275 postquam
994 2219 1059 2262 ea
1101 2204 1168 2259 ad
1192 2205 1429 2260 litteram
1450 2201 1888 2276 explauavimus,
1922 2202 1991 2259 ad

406 2299 606 2349 caetera
635 2303 1005 2353 transeamus.
1036 2296 1173 2352 Cum
1198 2296 1535 2353 declarasset
1564 2295 1827 2368 propheta
1853 2308 1993 2367 qua-

406 2383 482 2439 lia
517 2384 794 2448 ,miracula
846 2386 991 2445 Deus
1021 2398 1151 2444 ante
1200 2389 1399 2444 saecula
1441 2403 1537 2444 rex
1587 2386 1843 2453 ediderit,
1872 2386 1989 2443 baac

405 2476 570 2529 etiam
601 2477 787 2549 adjicit
813 2498 826 2535 :
862 2478 1006 2535 Tuus
1037 2490 1113 2535 est
1141 2481 1276 2546 dies,
1299 2490 1349 2537 et
1380 2490 1474 2535 tua
1495 2489 1573 2536 est
1605 2494 1731 2536 nox.
1756 2478 1985 2535 Tantam

404 2569 608 2639 quippe
664 2586 847 2626 rerum
901 2574 1259 2629 mutationem
1311 2580 1371 2628 tu
1427 2574 1582 2631 solus
1634 2572 1989 2644 omnipotens

403 2669 664 2730 operatus
705 2678 786 2719 es.
831 2663 1301 2731 Quemadmodum
1353 2667 1498 2721 enim
1531 2665 1684 2719 ﬁrma
1732 2672 1888 2736 petra
1929 2664 1985 2720 in

405 2752 628 2808 ﬂuidam
664 2757 951 2811 materiam
986 2773 1279 2822 conversa,
1319 2757 1495 2813 fontes
1525 2765 1579 2813 et
1605 2765 1881 2813 torrentes
1918 2772 1983 2813 ex

402 2845 521 2916 ipsa
550 2846 802 2911 effecisti,
839 2866 903 2904 ac
935 2866 1157 2906 rursum
1202 2850 1497 2905 ﬂuviorum
1539 2850 1751 2905 alveum
1784 2864 1815 2903 e
1851 2864 1985 2904 con-

401 2937 574 2992 trario
621 2939 939 3005 exsiccasti,
987 2941 1063 2995 ita
1096 2947 1151 2995 et
1195 2939 1338 2995 diem
1371 2940 1639 2995 arbitratu
1666 2946 1761 2993 tuo
1796 2939 1851 2993 in
1884 2953 1985 2995 no-

400 3040 543 3084 rtcm
566 3031 766 3097 vertis,
796 3040 959 3102 atque
982 3047 1200 3086 rursum
1236 3041 1453 3086 noctem
1478 3031 1535 3086 in
1561 3031 1704 3087 diem
1737 3047 1983 3087 commu-

400 3130 518 3175 tas:
554 3120 673 3191 ipse
719 3122 1012 3181 luminaria
1054 3132 1109 3178 et
1134 3130 1282 3177 astra
1317 3121 1372 3176 in
1402 3123 1543 3177 caelo
1581 3123 1767 3177 lucere
1802 3121 1978 3177 fecisti
2007 3141 2052 3205 ο

397 3213 512 3278 eis;
540 3214 640 3268 soli
670 3229 894 3270 cursum
931 3230 1092 3270 suum
1127 3215 1444 3287 assignasti,
1485 3215 1850 3285 omnibusque
1872 3223 1983 3270 ter-

400 3304 584 3361 minos
621 3307 979 3372 constituisti,
1026 3315 1083 3363 et
1133 3307 1293 3378 quasi
1339 3306 1577 3363 conﬁnia
1630 3306 1980 3372 distribuisti,

402 3398 643 3468 annique
677 3405 1038 3469 tempestates
1078 3415 1176 3470 per
1206 3414 1370 3456 omne
1415 3399 1674 3455 saeculum
1716 3399 1898 3457 varias
1925 3399 1983 3455 in

399 3490 674 3549 scctiones
706 3491 964 3547 divisisti.
999 3490 1281 3561 Siquidem
1305 3508 1429 3546 cum
1453 3507 1623 3545 unum
1649 3491 1721 3547 sit
1745 3500 1979 3562 tempus,

399 3598 508 3650 una
550 3582 822 3640 eteadem
851 3584 1005 3640 orbis
1046 3584 1341 3651 revolutio,
1365 3592 1445 3648 tu,
1475 3581 1641 3648 Deus,
1673 3584 1765 3655 qui
1798 3583 1982 3637 omnia

399 3680 596 3744 potes,
638 3675 810 3728 variis
861 3674 1322 3731 conversionibus
1373 3681 1547 3729 totum
1602 3673 1977 3729 distribuisti:

397 3769 644 3819 aestatem
678 3765 791 3820 veri
818 3764 1073 3836 iunxisti,
1100 3781 1219 3821 eam
1250 3773 1516 3821 autumno
1544 3764 1983 3836 circumscripsi-

399 3856 494 3919 sti,
526 3856 776 3928 byemem
805 3872 932 3913 vere
957 3857 1266 3914 terminasti
1293 3876 1306 3913 :
1338 3856 1453 3912 haec
1484 3856 1685 3928 quippe
1708 3855 1894 3912 omnia
1921 3863 1980 3910 tu

400 3948 674 4003 formasti.
708 3947 978 4014 Quoniam
1030 3949 1193 4022 igitur
1223 3959 1304 4015 tu,
1332 3950 1426 4022 qui
1455 3965 1485 4004 a
1525 3951 1725 4006 saeculo
1753 3955 1809 4005 et
1854 3954 1982 4005 ante

397 4040 660 4097 saeculum
701 4056 798 4096 rex
845 4051 1030 4098 noster
1063 4058 1145 4107 es,
1168 4043 1298 4097 talia
1347 4042 1612 4096 miracula
1643 4051 1699 4097 et
1736 4040 1981 4112 prodigia

396 4132 582 4198 edere,
608 4142 775 4205 atque
828 4140 925 4191 tuo
970 4142 1108 4190 nutu
1157 4134 1456 4190 constituta
1482 4148 1550 4189 ex
1598 4131 1893 4189 contrariis
1923 4132 1979 4187 in

397 4226 677 4281 contraria
702 4234 918 4283 vertere
948 4227 1130 4291 soles;
1162 4227 1360 4282 merito
1399 4223 1513 4295 jam
1564 4222 1983 4296 supplicationi-

395 4316 502 4375 bus
521 4333 734 4373 annuas
766 4318 974 4373 nostris
1020 4333 1280 4389 rogamus
1306 4335 1321 4373 :
1354 4324 1409 4372 et
1434 4332 1637 4370 memor
1678 4324 1790 4369 esto
1822 4313 1986 4384 hujut'

396 4409 521 4479 (pro
545 4409 637 4463 iilo
664 4408 845 4479 hujus,
866 4408 1250 4482 Symmachus,
1268 4409 1400 4475 Ιιιεσ,
1419 4409 1812 4478 interpretatus
1831 4404 1938 4476 est)
1961 4420 1977 4470 ;

2093 548 2377 619 pdpﬁovc.
2404 549 2481 601 υύ
2525 549 2635 620 γὰρ
2680 548 2916 619 Μωσῆς,
2967 546 3152 617 φησὶν,
3200 542 3269 619 ἦν
3302 548 3333 601 6
3366 548 3433 618 τῇ
3496 545 3677 618 ῥάϐδῳ

2095 639 2272 710 τύψας
2310 640 2410 713 τὴν
2451 640 2656 711 πέτραν
2708 640 2803 694 καὶ
2844 637 3127 708 ἐξαγαγὼν
3168 638 3228 704 ἐξ
3270 639 3442 710 αὐτῆς
3492 638 3677 711 πηγὰς

2098 733 2192 787 καὶ
2223 733 2585 806 χειμάρρους⁹
2623 732 2760 787 ἀλλὰ
2789 733 2854 787 σὺ
2890 728 3055 804 ἦσθα,
3085 731 3281 797 όΘεδς,
3314 733 3344 786 6
3378 731 3551 786 ταῦτα
3586 731 3675 788 διὰ

2104 820 2348 885 Μωσέως
2405 819 2865 891 παραδοξοποιῶν.
2902 823 3011 877 Καὶ
3039 822 3101 876 τὸ
3120 823 3501 894 ἐπιλεγόμενον
3524 823 3582 877 δὲ
3615 825 3676 879 ὲν

2095 910 2194 984 τῷ,
2220 912 2303 968 Σὺ
2331 912 2630 983 ἐξήρανας
2662 914 2964 984 ποταμοὺς
3005 915 3200 986 Ἠθὰμ.
3248 916 3570 989 ἀναφέροιτο
3606 916 3675 971 ἃν

2096 1003 2192 1057 ἐπὶ
2226 1003 2317 1058 τὸν
2354 1005 2645 1077 Ἰορδάνην,
2687 1006 2748 1059 ὃν
2794 1006 3235 1080 ἀποξηρανθέντα
3279 1008 3490 1081 διῆλθον
3546 1009 3675 1065 ποσὶ

2100 1094 2238 1166 μετὰ
2266 1096 2365 1168 τὴν
2390 1098 2633 1163 Μωσέως
2674 1099 2929 1172 τελευτὴν
2959 1103 3007 1154 οἱ
3040 1101 3144 1154 υἱοὶ
3176 1100 3409 1173 Ἰσραὴλ,
3431 1101 3672 1174 ἡγουμέ-

2096 1204 2189 1241 νου
2215 1188 2393 1243 αύτῶν
2436 1190 2633 1263 Ἰησοῦ.
2673 1191 2829 1246 Ἔστι
2861 1193 2917 1246 δὲ
2944 1195 2973 1248 6
2998 1194 3199 1266 τρόπος
3223 1196 3671 1264 περιληπτικὸς,

2094 1279 2218 1334 ἀντὶ
2247 1280 2341 1335 τοῦ
2374 1282 2554 1337 ἑνικοῦ
2590 1283 2966 1356 πληθυντικῶς
2997 1286 3479 1359 προενηνεγμένος.
3514 1287 3589 1341 T6
3617 1288 3675 1343 δὲ

2107 1368 2309 1442 Ὴθὰμ,
2338 1373 2368 1427 6
2416 1375 2515 1445 μὲν
2549 1375 2780 1440 Ἀκύλας
2827 1377 3114 1447 στερεοὺς
3157 1377 3464 1447 ποταμοὺς
3496 1379 3676 1451 ἡρμή-

2093 1479 2303 1529 νευσεν,
2334 1467 2363 1519 6
2391 1465 2449 1519 δὲ
2475 1466 2768 1540 Σύμμαχος
2793 1469 3100 1537 ἀρχαίους.
3136 1470 3242 1523 Καὶ
3270 1470 3445 1525 ταῦτα
3473 1470 3574 1541 μὲν
3599 1472 3677 1538 ὡς

2094 1555 2232 1627 πρὸς
2260 1554 2359 1627 τὴν
2396 1556 2543 1625 λέξιν
2576 1558 2833 1631 εἰρήσθω.
2860 1560 3148 1632 Τροπικῶς
3185 1562 3231 1615 δ’
3266 1562 3333 1616 ἄν
3370 1579 3456 1627 τις
3480 1563 3675 1617 ἐπισα-

2093 1646 2200 1701 λὼν
2227 1650 2340 1713 τοῖς
2363 1640 2550 1715 τόποις
2584 1652 2786 1706 ἀνοίσει
2827 1652 3000 1707 ταῦτα
3036 1654 3129 1707 ἐπὶ
3155 1652 3414 1725 δυνάμεις
3448 1654 3676 1724 ἀφανεῖς

2094 1738 2189 1791 καὶ
2211 1738 2496 1810 ἀοράτους,
2523 1741 2693 1806 αὐτὰς
2711 1737 2850 1797 εἶναι
2875 1743 3047 1813 λέγων
3071 1743 3197 1807 τοὺς
3219 1744 3519 1816 δράκοντας
3548 1746 3674 1810 τοὺς

2093 1830 2328 1887 ἐνταῦθα
2362 1833 2811 1907 ὠνομασμένουςο
2863 1836 3138 1892 θάλασσάν
3185 1856 3246 1892 τε
3290 1838 3568 1912 τροπικῶς
3614 1841 3675 1895 τὸ

2091 1925 2294 1980 τούτων
2325 1927 2658 2001 οἰκητήριον,
2696 1930 2860 1985 αὐτόν
2888 1948 2946 1985 τε
2993 1930 3084 1985 τὸν
3112 1930 3348 2005 ἄρχοντα
3381 1932 3489 1988 τῶν
3512 1950 3675 2007 πονη-

2094 2015 2202 2088 ρῶν
2244 2019 2570 2090 πνευμάτων
2621 2023 2981 2093 σημαίνεσθαι
3028 2024 3118 2078 διὰ
3161 2024 3257 2079 τοῦ
3297 2026 3673 2099 πολυκεφάλου

2085 2108 2413 2181 δράκοντοςο
2454 2112 2581 2184 περί
2607 2107 2669 2167 οὗ
2700 2115 2889 2185 φήσειέ
2912 2132 2993 2179 τις
3026 2116 3272 2188 εἰρῆσθαι
3300 2116 3383 2182 1:6,
3411 2118 3495 2173 Σὺ
3520 2133 3671 2175 συν-

2088 2199 2355 2267 έθλασας
2376 2199 2486 2269 τὰς
2505 2205 2775 2273 κεφαλὰς
2796 2204 2902 2260 τοῦ
2938 2205 3287 2276 δράκοντος,
3314 2208 3542 2278 ἔδωκας
3569 2212 3674 2266 αὐ-

2087 2288 2196 2344 τὸν
2211 2290 2424 2361 ,ϐρῶμα
2453 2293 2627 2360 λαοῖς
2647 2294 2774 2362 τοῖς
2799 2297 3051 2366 Αἰθίοψι.
3093 2299 3327 2371 Ζητήσει
3352 2300 3409 2355 δὲ
3440 2303 3470 2356 6
3499 2300 3674 2357 τοιοῦ-

2088 2398 2179 2446 τος
2204 2384 2299 2437 καὶ
2330 2384 2483 2449 τινὰς
2508 2384 2771 2451 Αἰθίοπας
2812 2387 2889 2461 (1)
2929 2389 3112 2461 νόμοις
3158 2389 3508 2463 ἀλληγορίας,
3548 2394 3673 2459 τεὶσς

2092 2473 2194 2538 τὰς
2224 2474 2401 2547 ψυχὰς
2434 2494 2499 2549 με
2507 2478 2925 2552 μελανωμένους
2955 2481 3180 2551 φάσκων
3207 2478 3366 2538 εἶναι·
3390 2483 3484 2550 οὒς
3505 2485 3563 2538 δὲ
3581 2486 3675 2540 καί

2087 2562 2289 2619 ἐσθίειν
2335 2567 2453 2638 ὲρεῖ
2491 2568 2582 2622 τὸν
2629 2570 2996 2642 προλεχθέντα
3047 2572 3348 2644 δράκοντα,
3394 2576 3675 2646 ἀναλόγως

2085 2658 2198 2720 τοῖς
2223 2657 2459 2713 ἐσθίουσι
2489 2660 2584 2714 τοῦ
2619 2664 2886 2735 σωτηρίου
2929 2664 3102 2734 Λόγου
3137 2664 3236 2730 τὰς
3268 2667 3509 2739 σάρκας·
3545 2668 3675 2722 ἁκο-

2085 2746 2289 2813 λούθως
2319 2750 2377 2804 δὲ
2420 2751 2631 2818 τούτοις
2670 2755 2763 2809 καὶ
2808 2756 2993 2828 πηγὰς
3039 2758 3387 2830 ῥηγνυμένας
3436 2762 3519 2825 εἰς
3562 2778 3675 2831 χει-

2088 2840 2333 2917 μάρῥους
2366 2844 2460 2898 καὶ
2492 2850 2773 2919 ποταμοὺς
2818 2848 3352 2923 ἀποξηραινομένους
3396 2854 3671 2925 τροπικῶς

2084 2930 2374 2987 ἀποδοῦναι
2423 2938 2767 3009 πειράσεται.
2813 2941 2953 2994 Ἀλλ’
2986 2943 3165 3012 ἡμεῖς,
3207 2942 3344 3015 πρὸς
3389 2943 3537 3012 λέξιν
3574 2945 3674 3019 τὴν

2083 3023 2321 3081 διάνοιαν
2366 3028 2801 3096 ἀποδεδωκότες,
2848 3032 2942 3087 ἐπὶ
2992 3032 3060 3086 τὰ
3104 3020 3235 3105 ’ἑξῆς
3278 3036 3667 3110 διαϐησόμεθα.

2084 3117 2451 3192 Παραστήσας
2493 3122 2523 3175 6
2570 3124 2858 3197 προφήτης
2896 3128 3055 3180 ὁποῖα
3093 3127 3377 3201 εἴργασται
3421 3130 3675 3203 θαύματα

2082 3209 2112 3261 6
2156 3209 2264 3278 πρὸ
2307 3211 2519 3267 αἰώνων
2555 3212 2808 3284 βασιλεὺς
2834 3214 2988 3281 Θεὸς,
3026 3216 3108 3272 ἐτι
3153 3219 3248 3273 καὶ
3292 3219 3467 3277 ταῦτα
3501 3240 3672 3295 προσ-

2081 3297 2265 3370 τίθησι
2291 3299 2495 3369 λέγων’
2523 3302 2609 3370 Σή
2645 3305 2820 3358 ἐστιν
2851 3305 2891 3372 ἡ
2938 3304 3149 3375 ἡμέρα,
3174 3307 3269 3361 καὶ
3296 3307 3392 3377 ’σή
3434 3309 3608 3365 ἐστιν
3629 3311 3670 3380 ἡ

2082 3390 2218 3456 νύξ.
2251 3391 2363 3464 Τὴν
2387 3391 2497 3464 γὰρ
2523 3393 2796 3466 τοσαύτην
2834 3394 2945 3448 τῶν
2989 3397 3335 3469 πραγμάτων
3370 3398 3671 3470 μεταϐολὴν

2086 3484 2149 3538 σὺ
2188 3484 2349 3555 μόνος
2380 3486 2409 3537 6
2437 3486 2845 3559 παντοδύναμος
2876 3488 3137 3563 εζργάσω.
3169 3489 3258 3555 Ὦς
3285 3488 3391 3562 γὰρ
3422 3491 3520 3563 τὴν
3548 3507 3669 3545 στε-

2085 3574 2304 3648 ρέμνιον
2327 3576 2532 3648 πέτραν
2553 3579 2634 3642 είς
2650 3579 2882 3652 ῥευστὴν
2905 3580 3094 3634 ούσίαν
3122 3580 3465 3653 μεταϐαλὼν,
3487 3582 3669 3655 πηγὰς

2082 3665 2179 3720 καὶ
2203 3667 2535 3739 χειμάρρους
2574 3669 2634 3736 ἐξ
2677 3669 2849 3742 αὐτῆς
2872 3670 3136 3743 εἰργάσω,
3158 3674 3253 3727 καὶ
3311 3672 3581 3727 ἀνάπαλιν
3602 3674 3673 3732 τὰ

2081 3759 2189 3815 τῶν
2226 3762 2487 3833 ποταμῶν
2523 3762 2767 3835 ῥεύματα
2819 3766 2901 3826 εἰς
2935 3764 2996 3818 τὸ
3041 3764 3282 3819 ἐναντίον
3326 3768 3675 3840 καταστήσας

2083 3852 2386 3927 ὲξήραναςο
2417 3855 2562 3911 οὕτω
2613 3858 2706 3911 καὶ
2746 3857 2846 3930 τὴν
2889 3857 3106 3931 ἡμέραν
3147 3859 3235 3913 ὅτε
3274 3858 3450 3926 θέλεις
3485 3877 3673 3916 νυκτο-

2083 3948 2275 4010 ποιεῖς,
2306 3945 2545 4019 ἔμπαλίν
2574 3965 2635 4002 τε
2678 3947 2776 4020 τὴν
2814 3948 2986 4003 νύκτα
3029 3950 3391 4021 μετατρέπεις
3429 3953 3512 4016 εἰς
3537 3951 3677 4025 ἡμι-

2083 4051 2215 4106 ραν·
2256 4036 2419 4101 αὐτὸς
2448 4037 2544 4092 καὶ
2584 4042 2877 4113 φωστῆρας
2912 4042 2970 4094 ἐν
3006 4040 3223 4114 οὐρανῷ
3272 4042 3677 4114 κατηστέρισας
3748 4102 3753 4105 _

2081 4127 2285 4193 αὐτοῖς,
2313 4130 2408 4183 καὶ
2432 4131 2569 4202 ἡλίῳ
2590 4130 2834 4197 διέταξας
2852 4132 3106 4205 δρόμους,
3137 4134 3297 4205 ὄρους
3318 4151 3380 4188 τε
3402 4133 3481 4207 τῷ
3509 4134 3676 4191 παντὶ

2080 4219 2470 4293 νομοθετήσας,
2497 4222 2686 4295 ὥσπερ
2726 4222 3012 4296 μεθορίους
3040 4223 3240 4290 διεῖλας
3264 4225 3358 4279 τὸν
3380 4224 3674 4297 σύμπαντα

2081 4313 2254 4368 αἰῶνα
2308 4315 2793 4388 κατακερματίσας
2841 4317 2917 4380 εἰς
2961 4316 3193 4389 διάφορα
3238 4319 3504 4391 τμήματα
3543 4320 3676 4385 τοὺς

2081 4402 2176 4459 τοῦ
2223 4405 2423 4470 παντὸς
2452 4405 2703 4460 ἐνιαυτοῦ
2762 4407 3007 4480 καιρούς.
3045 4409 3195 4474 Ἑνὸς
3225 4409 3339 4481 γὰρ
3379 4409 3529 4475 ὄντος
3572 4407 3673 4464 τοῦ

398 4515 797 4572 precamurque
837 4509 899 4556 ut
943 4503 1212 4556 malorum
1264 4516 1387 4573 quae
1444 4500 1605 4555 nobis
1659 4499 1979 4554 acciderunt

2088 4498 2297 4570 κρόνου,
2334 4498 2545 4571 καὶτῆς
2591 4498 2686 4552 τοῦ
2728 4500 2927 4566 παντὸς
2959 4500 3381 4574 ἀνακυκλήσεως
3411 4504 3542 4573 μιᾶς
3576 4504 3676 4558 καὶ

396 4593 757 4649 mutationem
790 4592 1014 4649 cilicias.
1060 4591 1166 4647 Pro
1211 4594 1305 4647 illo
1353 4603 1558 4657 autem,
1590 4589 1670 4646 Tu
1690 4590 1983 4661 fabricatus

2089 4590 2190 4661 τῆς
2221 4588 2391 4662 αὐτῆς
2426 4587 2614 4662 οῦσης,
2655 4591 2720 4644 σὺ
2763 4593 2793 4646 6
2829 4590 3006 4647 πάντα
3030 4593 3255 4659 δυνατὸς
3280 4594 3412 4659 Θεὸς
3442 4597 3676 4667 τροπαῖς

393 4700 450 4739 ω
482 4701 733 4739 auroram
763 4697 815 4740 et
836 4686 1023 4750 solem,
1049 4686 1267 4756 Aquila,
1295 4685 1372 4741 Tu
1395 4684 1714 4756 prazparasti
1742 4683 1976 4738 Iumina-

2088 4680 2357 4751 διαφόροις
2392 4678 2591 4744 διεῖλας
2628 4679 2691 4733 τὺ
2733 4680 2860 4747 πᾶν,
2909 4681 3066 4755 θέρος
3108 4684 3206 4755 μὲν
3237 4683 3360 4757 ἔαρι
3404 4683 3671 4756 συνάψας,

396 4789 452 4829 re
477 4783 527 4828 et
549 4778 736 4841 solem,
767 4775 1158 4848 interpretatus
1192 4787 1295 4833 est.
1378 4834 1383 4839 ,

2088 4772 2249 4844 τούτῳ
2266 4772 2325 4826 δὲ
2347 4770 2664 4844 μετόπωρον
2694 4774 3061 4846 περιγράψας,
3078 4773 3323 4847 χειμῶνά
3342 4792 3401 4829 τε
3424 4792 3581 4847 περιο
3592 4779 3679 4850 ρί-

396 4882 496 4930 σας
518 4865 637 4939 ἔαρι
656 4883 670 4896 ⁸
711 4869 888 4924 πάντα
913 4870 1023 4943 γὰρ
1041 4869 1211 4924 ταῦτα
1245 4872 1309 4925 σὺ
1334 4870 1593 4935 ἔπλασας.
1625 4869 1779 4924 Ἐπεὶ
1801 4870 1980 4943 τοίνυν
2022 4869 2086 4921 σὺ
2114 4869 2142 4920 ὁ
2167 4864 2228 4931 ἐξ
2247 4864 2441 4928 αἰῶνος
2469 4865 2562 4918 καὶ
2587 4864 2692 4937 πρὸ
2713 4865 2908 4931 αἰῶνος
2948 4866 3200 4938 βασιλεὺς
3237 4867 3394 4941 ἡμῶν
3442 4868 3680 4924 τοιαῦτα

394 4959 644 5031 πέφυκας
670 4942 1061 5035 μεγαλουργεῦι
1091 4963 1186 5017 καὶ
1208 4962 1672 5035 παραδοξοποιεῐν,
1712 4942 2066 5034 μεταϐάλλειν
2089 4976 2149 5012 τε
2181 4960 2247 5012 ἐκ
2272 4955 2381 5013 τῶν
2404 4956 2660 5012 ἐναντίων
2696 4960 2778 5023 είς
2814 4958 2882 5013 τὰ
2908 4959 3129 5016 ἐναντία
3155 4960 3226 5015 τὰ
3290 4959 3367 5032 τῷ
3437 4959 3516 5032 σῷ
3550 4967 3680 5013 νευ-

395 5069 523 5124 ματι
551 5054 958 5126 παριστάμενα·
983 5055 1205 5120 εἰκότως
1222 5053 1608 5123 ἀντιϐολοῦμεν
1665 5054 1762 5111 καὶ
1782 5052 1879 5107 νῦν
1915 5054 2040 5115 ταῖς
2076 5049 2370 5123 ἡμετέραις
2415 5049 2717 5122 ἱκετηρίαις
2751 5050 3053 5117 ἐπινεῦσαι,
3096 5050 3405 5126 μνησθῆναί
3436 5069 3497 5105 τε
3536 5045 3678 5106 ταύ-

390 5163 490 5220 της
522 5146 666 5217 (ἀντὶ
691 5145 747 5200 δὲ
776 5146 893 5208 τοῦ.
927 5148 1171 5217 ταύτης,
1201 5147 1391 5203 ταῦτα
1446 5149 1479 5202 6
1541 5148 1839 5220 Σύμμαχος
1875 5142 2243 5217 ὴρμήνευσεν)
2273 5160 2287 5174 ·
2342 5143 2492 5208 ὃπως
2539 5143 2637 5199 καὶ
2682 5143 2769 5214 ἐφ’
2812 5143 2971 5216 ἡμῶν
3026 5144 3328 5217 μεταϐολήν
3380 5144 3672 5217 ποιήσειας

392 5236 498 5292 τῶν
538 5239 1067 5309 προκαταλαϐόντων
1109 5241 1256 5319 ἡμᾶς
1293 5242 1501 5301 κακῶν.
1555 5241 1704 5300 Ἀντὶ
1759 5239 1818 5292 δὲ
1865 5236 1979 5303 τοῦ,
2054 5238 2139 5296 Σὺ
2173 5239 2509 5309 κατηρτίσω
2543 5237 2776 5310 φαῦσιν
2821 5239 2920 5295 καὶ
2976 5240 3174 5309 ἣλιον,
3223 5242 3253 5296 6
3289 5240 3543 5307 Ἀκύλας,
3582 5239 3670 5295 Σὺ
3712 5238 3717 5244 ’

391 5330 726 5401 ἡτοίμασας
754 5333 1042 5403 φωστῆρα
1067 5337 1165 5390 καὶ
1197 5334 1376 5404 ἥλιον
1408 5337 1775 5409 ἡρμήνευσεν.

464 5421 630 5482 Vens.
657 5426 961 5491 18,19-21.
980 5431 1237 5486 Inimicus
1256 5431 1633 5501 improperavit
1656 5428 1907 5493 Domino,
1922 5438 1974 5483 σε

2158 5418 2405 5493 Ἐχθρὸς
2428 5416 2704 5474 ὠνείδισε
2744 5417 2826 5485 τῷ
2870 5419 3086 5489 Κυρίῳ,
3123 5421 3224 5476 καὶ
3266 5422 3419 5491 λαὸς
3460 5423 3668 5495 ἄφρων

392 5514 616 5581 populus
643 5517 896 5585 insipiens
930 5519 1168 5575 incitavit
1196 5538 1385 5576 nomen
1435 5531 1608 5578 tuum.
1650 5518 1734 5573 Ne
1788 5518 1973 5575 tradas

2088 5512 2390 5583 παρώξυνε
2431 5512 2499 5565 τὸ
2541 5509 2729 5581 ὄνομά
2768 5526 2904 5567 σου.
2947 5511 3044 5581 Μὴ
3079 5512 3358 5582 παραδῷς
3400 5516 3526 5584 τοῖς
3561 5522 3666 5587 θηε-

393 5606 576 5660 bestiis
607 5610 849 5662 animam
886 5612 1218 5680 conﬁtentem
1252 5612 1364 5667 tibi.
1398 5610 1552 5667 Talia
1592 5620 1722 5668 sunt
1755 5611 1973 5667 inenar-

2088 5607 2226 5671 βίοις
2262 5602 2477 5673 ψυχὴν
2515 5601 3078 5674 ἑξομολογουμένην
3105 5622 3227 5661 σοι.
3284 5606 3368 5662 Τά
3420 5609 3522 5680 μὲν
3564 5609 3667 5682 τῆς

392 5696 583 5752 rabilis
633 5699 853 5756 virtutis
887 5711 993 5757 tuae
1024 5719 1212 5773 opera,
1247 5704 1429 5774 qualia
1478 5703 1816 5761 declaratum
1865 5708 1971 5756 est.

396 5780 602 5845 Horum
633 5798 692 5859 ut
712 5790 766 5844 in
789 5794 964 5847 nostri
994 5796 1223 5853 gratiam
1247 5797 1555 5853 recorderis
1576 5797 1968 5867 supplicamus.

2079 5699 2179 5767 σῆς
2238 5694 2614 5766 ἀνεκφράστου
2676 5696 2958 5767 δυνάμεως
3021 5697 3159 5772 ἔργα
3217 5701 3441 5759 τοιαῦτά
3498 5719 3620 5757 τινα
3643 5744 3663 5771 ,

2076 5787 2237 5841 ὁποῖα
2280 5783 2571 5858 δεδήλωται
2609 5785 2881 5858 τυγχάνει.
2912 5788 3127 5844 Τούτων
3165 5790 3222 5844 δέ
3259 5808 3318 5845 σε
3356 5789 3664 5867 μνησθῆναι

475 5910 552 5981 Η)
590 5910 671 5965 An
705 5912 992 5987 legendum
1025 5932 1168 5979 τινες
1206 5917 1676 5980 Amica-taque”.
