4056 6388
371 335 478 393 865

1511 335 2016 393 COMMENTARIA
2055 336 2118 392 IN
2157 335 2500 394 PSALMOS.

3526 339 3632 396 εοο

370 457 465 515 καὶ
485 458 569 529 ἐφ’
598 457 755 531 ήμῶν
778 457 1117 530 ἶκετεύομεν.
1153 459 1372 531 Ἐπειδὴ
1414 459 1509 513 καὶ
1543 457 1638 514 νῦν
1673 461 1725 514 οἱ
1770 459 1954 532 ἐχθροὶ

2055 458 2193 526 Quia
2215 460 2326 529 jam
2359 458 2567 514 inimici
2614 458 2913 529 hostesque
2949 458 3144 523 nostri,
3186 472 3297 513 non
3340 456 3502 513 nobis
3541 457 3631 512 de-

369 549 466 604 καὶ
497 550 548 603 οἱ
581 548 849 620 πολέμιοι,
896 549 995 619 οὐχ
1040 550 1186 620 ἡμᾶς
1234 548 1361 612 τοὺς
1413 548 1818 622 πολεμηθέντας
1858 550 1954 603 καὶ

371 640 714 713 ὑποχειρίους
732 641 915 704 αὐτοῖς
934 640 1274 712 γενομένους,
1293 640 1425 694 ἀλλὰ
1457 642 1516 694 σὲ
1536 641 1625 694 τὸν
1644 641 1777 695 Θεὸν
1803 640 1954 713 ήμῶν

368 731 709 797 ὀνειδίζουσι·
746 732 838 787 καὶ
871 732 1000 797 λαὸς
1019 733 1206 805 ἄφρων
1231 733 1258 786 6
1295 732 1355 785 σὲ
1382 731 1473 785 τὸν
1506 731 1638 786 Θεὸν
1672 732 1746 805 μὴ
1774 732 1952 799 εἰδὼς,

370 825 463 879 ἐπὶ
483 824 704 896 δαίμοσι
732 824 789 894 δὲ
821 826 917 879 καὶ
963 824 1209 895 πολυθέῳ
1232 823 1408 897 πλάνῃ
1446 822 1818 895 καυχώμενος,
1857 824 1956 897 ούχ

367 919 535 990 ἡμᾶς,
571 916 706 971 ἀλλὰ
738 916 799 972 σέ
845 916 1023 973 καὶτὸ
1048 917 1140 972 σὺν
1167 917 1339 989 ὄνομα
1377 917 1731 989 παρώξυνεν·
1766 911 1826 973 οὗ
1855 919 1955 989 χά-

369 1023 455 1080 ριν
508 1006 740 1077 δεόμεθα
775 1007 868 1062 καί⁵
904 1005 1289 1078 ἀντιϐολοῦμεν
1311 1046 1326 1073 ,
1374 1007 1449 1079 μὴ
1491 1006 1737 1071 ἐκδότους
1772 1024 1955 1080 παρα-

362 1098 546 1154 δοῦναι
571 1100 687 1164 τοῖς
713 1100 944 1172 ἀπηνέσι
971 1099 1133 1172 θηρσὶ
1155 1100 1254 1164 τὰς
1276 1099 1455 1170 ψυχὰς
1479 1099 1587 1153 τῶν
1612 1099 1957 1171 ἐξομολογου·

368 1191 544 1264 μένων
588 1209 692 1255 σοι,
730 1192 864 1264 μηδὲ
910 1191 1081 1264 λήθην
1125 1191 1451 1263 ποιήσασθαι
1478 1194 1557 1256 εἰς
1587 1191 1648 1246 τὸ
1674 1192 1953 1258 παντελὲς,

367 1280 444 1352 μὴ
474 1279 610 1353 βορά
627 1279 913 1352 γενώμεθα
937 1278 1143 1352 Θηρίων
1168 1278 1347 1351 ψυχὰς
1376 1278 1576 1332 ἐσθίειν
1598 1278 1919 1348 πεφυκότων
1937 1295 1954 1310 .

362 1372 548 1428 ὁποῖαι
593 1374 729 1427 εἰσιν
773 1373 832 1427 αι
875 1371 1247 1443 ἀντικείμεναι
1291 1370 1567 1443 δυνάμεις,
1602 1371 1658 1423 al
1700 1368 1812 1423 τῶν
1860 1368 1958 1438 ψυ-

364 1461 476 1535 χῶν
521 1462 630 1518 τῶν
677 1462 1032 1533 ἀνθρωπίνων
1076 1461 1350 1516 ἐπίϐουλοι
1406 1478 1467 1515 τε
1529 1461 1625 1515 καὶ
1669 1459 1952 1531 πολέμιοι·

362 1553 500 1609 ἀλλὰ
522 1554 631 1625 γὰρ
660 1555 990 1622 ἐπιϐλεψον
1009 1555 1097 1620 εῑς
1110 1553 1227 1622 τὴν
1239 1551 1678 1621 aurarium-0'01),
1698 1551 1794 1607 καὶ
1822 1553 1957 1624 μνή-

363 1644 521 1715 σθητι
560 1643 663 1716 τῆς
700 1644 974 1718 συνθήκης
1005 1661 1123 1713 σου,
1161 1644 1231 1698 δι’
1256 1640 1325 1719 ἧς
1362 1644 1670 1717 ηὐδόκησας
1704 1644 1874 1699 σῶσαι
1895 1645 1956 1699 τὸ

358 1735 470 1790 τῶν
492 1734 796 1808 ἀνθρώπων
819 1736 996 1805 γένος,
1026 1736 1219 1809 καινὴν
1253 1735 1514 1807 διαθήκην
1538 1736 1719 1799 αὐτοῖς
1742 1734 1833 1789 διὰ
1857 1734 1951 1790 τοῦ

2055 552 2273 607 bellatis
2318 552 2535 622 sibique
2569 549 2856 620 subjectis,
2886 548 2982 605 sed
3018 550 3118 614 tibi
3150 549 3265 606 Deo
3305 556 3497 605 nostro
3527 550 3631 604 im—

2055 649 2349 713 properaut
2377 661 2389 697 :
2419 649 2473 696 et
2495 641 2731 712 p0pulus
2762 632 3050 713 insipiens,
3075 641 3168 711 qui
3197 648 3251 695 te
3279 638 3448 694 Deum
3482 638 3629 709 igno-

2055 743 2161 798 rat,
2194 734 2640 803 dmmonibusque
2688 747 2753 788 ac
2792 734 3088 788 multorum
3130 732 3417 790 numinum
3442 745 3632 785 errore

2053 825 2472 897 gloriatur,’non
2504 839 2626 889 nos,
2654 823 2750 879 sed
2779 832 2832 879 te
2859 832 2915 880 et
2942 838 3143 879 nomen
3169 831 3321 879 tuum
3358 821 3627 887 incitavit;

2055 918 2177 973 ideo
2207 916 2580 986 supplicamus
2608 924 2662 971 et
2696 930 2956 986 rogamus
2975 956 2992 982 ,
3026 930 3097 970 ne
3130 914 3343 969 animas
3371 912 3634 969 conﬁten-

2057 1009 2189 1063 tium
2216 1007 2317 1062 tibi
2353 1007 2688 1063 immanibus
2723 1007 2859 1063 feris
2889 1006 3174 1062 dedititias
3209 1005 3419 1069 tradas,
3455 1019 3632 1075 neque

2055 1114 2158 1155 nos
2193 1099 2248 1153 in
2274 1109 2593 1170 perpetuum
2617 1098 2983 1161 obliviscaris,
3011 1114 3081 1154 ne
3106 1098 3403 1154 bestiarum
3420 1097 3634 1152 animas

2053 1191 2322 1246 devorare
2383 1192 2670 1245 solitarum
2721 1206 2849 1246 esca
2894 1191 3192 1247 evadamus
3223 1209 3237 1245 :
3266 1188 3458 1260 quales
3503 1197 3634 1243 sunt

2054 1279 2381 1335 adversariae
2415 1286 2714 1349 potestates
2735 1319 2751 1344 ,
2783 1295 2905 1350 qua:
2938 1279 3198 1336 humanis
3226 1279 3518 1334 animabus
3548 1280 3636 1334 in-

2052 1371 2329 1428 sidiantur
2373 1386 2438 1426 ac
2472 1371 2673 1428 bellum
2706 1372 2950 1428 inferunt
2983 1373 3118 1428 :scd
3162 1375 3361 1443 respice
3388 1373 3442 1426 in
3466 1382 3636 1426 testa-

2055 1471 2288 1516 mentum
2321 1471 2489 1525 tuum,
2521 1470 2576 1518 et
2609 1478 2822 1519 memor
2853 1472 2974 1519 esto
2995 1464 3143 1533 pacti
3169 1465 3273 1529 tui,
3305 1479 3414 1533 quo
3444 1462 3638 1517 buma-

2054 1570 2184 1609 num
2218 1571 2390 1625 genus
2424 1556 2634 1612 salvum
2669 1534 2849 1611 facere
2878 1556 2978 1612 tibi
3000 1558 3356 1628 complacuit,
3380 1571 3504 1611 cum
3530 1570 3633 1610 no-

2053 1659 2180 1699 vum
2210 1644 2346 1715 ipsis
2390 1652 2777 1701 testamentum
2824 1662 2922 1718 per
2949 1647 3225 1703 Christum
3260 1655 3413 1702 tuum
3437 1646 3637 1716 elargi-

2053 1744 2144 1793 tus
2174 1752 2254 1793 es.
2277 1736 2502 1793 Etiamsi
2532 1738 2677 1793 enim
2698 1739 2919 1810 quidam
2946 1748 3096 1807 sunt,
3120 1746 3303 1795 mente
3330 1739 3632 1802 obscurati,

360 1825 598 1899 Χριστοῦ
637 1843 731 1880 σου
774 1827 1166 1899 δεδωρημένος.
1208 1827 1273 1881 Εἰ
1319 1825 1429 1899 γὰρ
1469 1828 1566 1880 καὶ
1605 1825 1676 1880 τὰ
1721 1827 1954 1898 μάλιστα

2054 1828 2147 1899 qui
2191 1828 2347 1883 domo
2386 1830 2729 1901 iniquitatum
2773 1831 2966 1902 repleti
3022 1840 3180 1897 sunt,
3211 1847 3315 1887 nec
3351 1831 3634 1886 Christum

359 1918 620 1988 γεγόνασι
656 1937 803 1985 τινες
842 1920 1216 1994 ἐσκοτωμένοι
1257 1921 1356 1994 τὴν
1397 1921 1638 1975 διάνοιαν
1682 1920 1778 1975 καὶ
1810 1920 1954 1988 οἴκῳ

359 2011 622 2083 ἀνομιῶν
647 2013 1085 2087 πεπληρωμένοι,
1129 2014 1204 2085 μὴ
1228 2012 1661 2086 παραδεξάμενοι
1696 2012 1789 2066 τὸν
1817 2012 1953 2081 Χρι-

361 2102 487 2155 στόν
531 2118 646 2167 σου,
690 2102 825 2157 ἀλλὰ
869 2104 936 2157 σὺ
970 2102 1047 2167 ὡς
1091 2104 1472 2176 φιλάνθρωπος
1518 2103 1650 2167 Θεὸς
1686 2101 1794 2155 τῶν
1844 2100 1955 2155 σῶν

358 2191 594 2263 πτωχῶν
636 2193 710 2265 μὴ
748 2195 1103 2267 ἀποστραφῇς
1136 2195 1237 2259 τὰς
1276 2195 1577 2268 ἱκετηρίας.
1611 2193 1770 2258 Τίνες
1801 2193 1846 2247 δ’
1888 2193 1955 2247 ἂν

357 2277 471 2336 εἷεν
501 2284 551 2337 οἱ
585 2285 791 2355 πτωχοὶ
814 2286 862 2338 οἱ
907 2285 1079 2349 ταῦτα
1127 2287 1267 2359 ὑπὲρ
1307 2286 1508 2351 παντὸς
1546 2287 1830 2357 εὐχόμενοι
1858 2282 1954 2338 τοῦ

356 2370 511 2437 λαοῦ,
538 2373 654 2428 ἀλλ’
681 2375 731 2427 οἱ
758 2374 850 2429 τοῦ
875 2376 1130 2448 Σωτῆρος
1158 2379 1191 2449 ’ή
1200 2376 1314 2449 μῶν
1339 2378 1578 2449 μαθηταὶ
1607 2378 1700 2431 καὶ
1723 2376 1956 2431 ἀπόστο-

355 2461 440 2519 λοι
498 2466 634 2538 πρὸς
683 2465 778 2529 οὓς
828 2466 1083 2536 ἐλέγετο·
1135 2467 1427 2538 Μακάριοι
1487 2472 1542 2523 οἱ
1598 2469 1820 2538 πτωχοὶ
1874 2466 1956 2533 τῷ

357 2558 672 2626 πνεύματι,
703 2558 792 2612 ὅτι
830 2559 1085 2630 ὑμετέρα
1114 2561 1287 2615 ἐστὶν
1319 2561 1674 2629 η’,βασιλεία
1709 2559 1828 2613 τῶν
1850 2561 1952 2615 οὐ·

351 2646 592 2718 ρανῶνς
613 2649 834 2714 Τούτοις
858 2650 965 2724 γὰρ
989 2652 1084 2706 καὶ
1114 2651 1343 2716 Ἡσαΐας
1371 2651 1669 2724 ἐμαρτύρει
1696 2653 1760 2705 ἐκ
1789 2666 1956 2721 προσ-

358 2743 512 2798 ώπου
542 2742 717 2812 λέγων
754 2744 849 2799 τοῦ
888 2744 1154 2818 Χριστοῦ·
1189 2746 1434 2816 Πνεῦμα
1459 2748 1679 2814 Κυρίου
1712 2746 1802 2798 ἐπ’
1828 2744 1952 2815 ἐμὲ,

359 2832 436 2893 οὗ
477 2836 711 2892 εἵνεκεν
754 2837 964 2907 ἐχρισέ
1012 2855 1109 2907 με,
1150 2839 1656 2908 εὐαγγελίσασθαι
1700 2836 1955 2905 πτωχοῖς

357 2927 705 2985 ἁπέσταλκέ
727 2946 826 2998 με.
863 2922 1020 2983 Οὗτοι
1055 2928 1205 2999 γοῦν.
1234 2929 1604 3002 ὑπερηύχοντο
1632 2928 1724 2982 τοῦ
1755 2928 1956 2992 παντὸς

354 3017 513 3082 λαοῦ,
551 3018 833 3095 μονονουχὶ
866 3019 1135 3090 φήσαντες
1162 3019 1231 3075 ἂν
1261 3022 1311 3075 οἱ
1340 3021 1542 3085 πάντες
1572 3021 1726 3075 αὐτοὶ
1755 3020 1956 3091 ὁμοίως

353 3109 559 3182 Παύλῳ
582 3110 646 3164 τό
665 3127 679 3141 ·
701 3112 993 3182 Ηύχόμην
1014 3111 1281 3184 ἀνάθεμα
1301 3109 1455 3167 εἶναι
1482 3112 1634 3181 ὑπὲρ
1652 3112 1771 3167 τῶν
1788 3112 1956 3168 ἀδελ-

2052 1929 2205 1976 tuum
2237 1922 2544 1992 recipiunt;
2578 1930 2632 1975 at
2658 1930 2714 1975 tu
2740 1931 2926 1993 utpote
2958 1922 3102 1979 Deus
3124 1924 3370 1979 clemens
3393 1923 3635 1978 homini-

2052 2012 2177 2075 bus,
2202 2027 2503 2083 pauperum
2527 2021 2748 2068 tuorum
2777 2014 3207 2085 supplicationes
3234 2030 3303 2071 ne
3340 2015 3634 2071 averseris.

2052 2102 2287 2171 Quinam
2326 2120 2456 2162 vero
2499 2120 2772 2175 pauperes
2805 2113 2956 2169 sunt,
2990 2107 3083 2177 qui
3114 2120 3216 2176 pro
3254 2107 3513 2161 universo
3544 2120 3637 2176 po-

2052 2194 2184 2266 pulo
2199 2195 2330 2249 talia
2356 2201 2674 2265 precantur,
2703 2194 2810 2251 nisi
2828 2196 3083 2265 discipuli
3116 2195 3427 2253 Servatoris
3457 2195 3636 2251 nostri

2053 2294 2108 2343 et
2145 2287 2399 2358 apostoli,
2429 2286 2631 2356 quibus
2660 2287 2946 2344 dicebatur
2977 2308 2989 2343 :
3024 2288 3177 2344 Beati
3208 2305 3461 2359 pauperes
3484 2291 3636 2359 spiri-

2053 2385 2132 2441 tu,
2162 2378 2413 2447 quoniam
2441 2386 2672 2432 vestrum
2721 2386 2800 2432 est
2844 2393 3064 2449 regnum
3115 2381 3365 2434 caelorum
3394 2380 3483 2434 "7
3508 2378 3636 2435 Haec

2052 2469 2201 2524 enim
2236 2467 2407 2523 Isaias
2445 2484 2513 2523 ex
2543 2484 2781 2539 persona
2809 2469 3017 2525 Christi
3040 2472 3443 2526 tcstilicabatur
3471 2490 3488 2527 :
3521 2470 3639 2540 Spi-

2052 2562 2191 2615 ritus
2214 2560 2430 2615 Domini
2455 2576 2610 2630 super
2625 2578 2728 2626 me,
2745 2578 2806 2615 eo
2823 2561 2962 2631 quod
2991 2565 3203 2617 unxerit
3231 2580 3313 2617 me
3329 2578 3348 2625 ;
3365 2564 3640 2634 evangeli-

2054 2667 2178 2705 ποτε
2204 2651 2521 2720 pauperibus
2559 2652 2705 2705 misit
2731 2667 2813 2705 me
2834 2653 2899 2705 ".
2928 2651 2993 2705 lli
3022 2652 3208 2722 itaque
3245 2668 3345 2724 pro
3376 2655 3642 2711 universo

2053 2745 2256 2816 populo
2284 2744 2676 2815 precabantur,
2710 2743 2853 2798 idem
2890 2743 3001 2798 fere
3039 2743 3287 2800 dicentes
3314 2745 3462 2815 quod
3492 2744 3631 2801 Pau-

2054 2839 2187 2893 lus:
2238 2836 2501 2905 Optabam
2538 2835 2819 2890 anathema
2860 2850 2972 2890 esse
3021 2850 3118 2904 pro
3172 2835 3430 2905 fratribus
3482 2839 3636 2902 meis,

2054 2930 2292 3001 coqnatis
2314 2928 2443 2983 meis
2461 2926 2747 2983 secundum
2774 2942 3008 2991 carnem,
3027 2928 3117 2998 qui
3141 2937 3264 2982 sunt
3285 2926 3551 2983 Israelita
3565 2930 3634 2981 ".

2055 3020 2163 3090 lpsi
2187 3035 2408 3091 quoque
2434 3018 2713 3090 propheta:
2748 3019 2867 3082 Dei.
2900 3020 2993 3090 qui
3024 3027 3249 3090 propter
3286 3019 3467 3091 ipsum
3506 3036 3642 3092 pau-

2054 3125 2213 3182 peres
2240 3117 2420 3171 erant.
2457 3109 2570 3165 haec
2609 3125 2710 3181 pro
2741 3117 2855 3164 tota
2883 3118 3045 3181 gente
3076 3111 3464 3182 precabantur.

351 3203 489 3276 φῶν
510 3222 652 3277 μου,
681 3204 801 3260 τῶν
831 3205 1144 3277 συγγενῶν
1156 3224 1276 3278 μου
1334 3207 1484 3262 κατὰ
1544 3206 1760 3277 σάρκα,
1787 3207 2005 3273 οἵτινές
2039 3209 2200 3261 εἰσιν
2249 3205 2633 3276 Ἰσραηλῖται.
2674 3206 2786 3260 Καὶ
2833 3205 2988 3260 αὐτοὶ
3032 3205 3091 3260 δέ
3139 3207 3191 3260 οἱ
3228 3207 3506 3279 προφῆται
3539 3207 3641 3263 τοῦ

352 3296 517 3361 Θεοῦ,
547 3296 613 3351 δι’
645 3297 808 3352 αὐτὸν
836 3299 1226 3372 πτωχεύοντες,
1267 3291 1422 3355 ταῦθ’
1447 3300 1587 3374 ὑπὲρ
1615 3300 1708 3355 τοῦ
1747 3301 1947 3365 παντὸς
1983 3300 2335 3355 καθικέτευον
2359 3300 2564 3364 ἔθνους.

445 3390 735 3457 Ἅνάστα,
790 3395 825 3448 ὁ
885 3394 1053 3461 Θεὸς,
1103 3393 1363 3450 δίκασον
1414 3393 1531 3464 τὴν
1578 3394 1760 3465 δίκην
1813 3412 1952 3461 σου,

2127 3392 2296 3450 Vens.
2318 3393 2504 3449 22-25.
2547 3390 2808 3465 Exsurge,
2835 3392 3000 3457 Deus,
3011 3392 3200 3462 judica
3225 3409 3444 3448 causam
3468 3401 3637 3462 tuam,

349 3482 662 3556 μνήσθητι
686 3482 808 3539 τῶν
835 3484 1192 3556 ὀνειδισμῶν
1221 3500 1358 3552 σου,
1392 3487 1509 3544 τῶν
1535 3487 1655 3542 ὑπὸ
1689 3486 1953 3557 ἄφρονος

353 3576 520 3643 ὅλην
555 3573 673 3643 τὴν
710 3574 960 3645 ἡμέραν.
992 3575 1092 3645 Μὴ
1132 3577 1389 3647 ἐπιλάϐῃ
1436 3577 1549 3647 τῆς
1593 3575 1801 3647 φωνῆς
1836 3574 1957 3630 τῶν

350 3663 592 3736 ἐχθρῶν
627 3681 745 3720 σου
770 3704 786 3730 ,
827 3665 866 3733 ἡ
924 3668 1307 3737 ὑπερηφανία
1353 3665 1473 3721 τῶν
1506 3667 1854 3736 μισούντων
1879 3681 1955 3720 σε

353 3755 547 3825 ἀνέϐη
595 3755 946 3822 διαπαντός.
1006 3756 1226 3830 Ἐπειδὴ
1265 3758 1365 3829 οὐχ
1426 3758 1589 3829 ἡμεῖς
1647 3755 1953 3829 ἠδικήμεθα

356 3847 501 3903 ἀλλὰ
534 3847 598 3902 σύ
619 3865 632 3877 ·
663 3848 724 3901 σὲ
751 3846 861 3921 γὰρ
883 3847 1162 3903 ὠνείδισεν
1186 3852 1215 3904 ὁ
1236 3849 1451 3921 ἐχθρὸς,
1481 3850 1577 3903 καὶ
1602 3849 1728 3914 λαὸς
1761 3850 1955 3921 ἄφρων

351 3940 422 3996 τὸ
463 3940 555 3994 σὺν
596 3938 768 4010 ὄνομα
805 3938 1126 4012 παρώξυνε·
1179 3939 1371 3994 τούτου
1408 3940 1567 4014 χάριν
1604 3938 1889 4011 ἀνάστηθι,
1924 3940 1954 3994 6

353 4033 518 4097 Θεὸς,
550 4032 644 4086 καί
674 4033 898 4087 δίκασον
924 4031 1023 4104 τὴν
1059 4031 1216 4106 δίκην
1250 4049 1366 4086 σου.
1411 4032 1570 4087 Κατὰ
1596 4033 1654 4085 δὲ
1684 4031 1776 4087 τὸν
1803 4031 1952 4104 Σύμ-

354 4141 573 4199 μαχον·
614 4123 816 4193 Στῆθι,
849 4127 882 4179 ό
930 4124 1109 4191 Θεὸς,
1153 4124 1551 4195 προμάχησον
1596 4124 1707 4194 τῆς
1749 4122 1954 4195 μάχης

352 4234 502 4281 σου,
544 4217 643 4273 καὶ
688 4218 1128 4288 μνημόνευσον
1182 4216 1288 4273 τοῦ
1340 4217 1614 4283 ὀνείδους
1642 4232 1758 4271 σου
1791 4216 1954 4284 παρὰ

352 4309 627 4381 ἄφρονος
653 4309 760 4365 τοῦ
783 4309 881 4365 διὰ
907 4310 1111 4378 πάσης
1142 4309 1388 4379 ἡμέρας.
1420 4312 1480 4364 Μ
1487 4309 1520 4378 ὴ
1553 4306 1811 4377 ἐπιλάϐῃ
1842 4306 1954 4377 τῆς

351 4400 571 4476 φωνῆς
594 4402 714 4457 τῶν
733 4404 1036 4473 πολεμίων
1055 4416 1194 4465 σου,
1217 4401 1412 4471 ἤγουν
1428 4401 1505 4474 (1)
1523 4400 1640 4455 τῶν
1657 4402 1954 4471 ἀνθεστη-

353 4496 560 4551 κότων
588 4509 709 4558 σοι,
738 4493 952 4563 μέχρις
981 4489 1054 4551 οὗ
1077 4493 1509 4559 ἀναϐαίνοντος
1527 4491 1955 4558 ἀδιαλείπτως

352 4587 474 4642 Και
504 4584 666 4656 μέχρι
684 4584 885 4638 τούτων
903 4585 1117 4639 ἵσταται
1131 4586 1160 4638 6
1176 4585 1332 4654 λόγος
1354 4583 1690 4658 παρακαλῶν
1711 4584 1803 4637 τὸν
1822 4584 1955 4637 Θεὸν

353 4675 714 4746 διαναστῆναι
743 4676 837 4729 καὶ
868 4677 1083 4731 δικάσαι
1110 4677 1208 4748 τὴν
1242 4677 1399 4748 δίκην
1429 4675 1618 4740 αὐτοῦ,
1647 4675 1953 4748 μνησθῆναί

2026 3488 2253 3541 'memor
2281 3493 2393 3539 esto
2416 3484 2818 3554 opprobriorum
2846 3492 3078 3549 tuorum,
3107 3497 3290 3536 eorum
3318 3497 3436 3552 qua
3459 3481 3525 3535 ab
3551 3482 3637 3536 in-

2054 3577 2276 3647 sipiente
2303 3584 2429 3631 sunt
2458 3585 2572 3631 tota
2598 3576 2704 3631 die.
2739 3573 2824 3630 Nc
2854 3559 3186 3632 obliviscaris
3210 3590 3360 3629 voces
3390 3573 3637 3629 inimico-

2056 3686 2173 3722 rum
2205 3677 2442 3733 tuorum,
2474 3667 2725 3737 superbia
2744 3684 2925 3723 eorum
2953 3670 3047 3740 qui
3076 3677 3126 3722 te
3153 3667 3377 3722 oderunt
3399 3667 3638 3722 ascendit

2052 3776 2275 3830 semper.
2308 3759 2448 3827 Quia
2499 3775 2613 3814 non
2664 3775 2767 3816 nos
2823 3760 3024 3832 injuria
3071 3758 3251 3816 affecti
3299 3775 3514 3825 sumus,
3538 3760 3637 3816 sed

2054 3859 2114 3906 tu
2142 3870 2156 3906 :
2190 3866 2316 3906 nam
2341 3851 2442 3907 tibi
2478 3852 2739 3909 inimicus
2766 3852 3179 3924 improperavit,
3206 3860 3262 3908 et
3291 3854 3528 3925 populus
3553 3852 3639 3908 in-

2054 3945 2264 4015 sipiens
2301 3942 2552 3998 incitavit
2582 3958 2781 3999 nomen
2815 3951 3004 4011 tuum;
3035 3944 3161 3999 ideo
3191 3958 3449 4014 exsurge,
3468 3941 3634 4009 Deus,

2053 4042 2109 4091 et
2157 4033 2346 4107 judica
2395 4049 2621 4091 causam
2674 4045 2846 4091 tuam.
2880 4032 3195 4108 Secundum
3245 4032 3635 4105 Symmachum

2054 4135 2236 4182 autem
2273 4146 2287 4183 :
2326 4125 2447 4192 Sta,
2481 4125 2645 4191 Deus,
2675 4141 2946 4196 propugna
2976 4133 3240 4179 certamen
3269 4133 3441 4190 tuum,
3469 4134 3522 4181 et
3553 4141 3638 4181 re-

2054 4216 2276 4272 cordare
2303 4216 2571 4287 opprobrii
2603 4217 2681 4271 tui
2718 4203 2783 4270 ab
2818 4215 3097 4284 insipiente
3124 4231 3218 4285 per
3263 4223 3430 4269 totam
3475 4216 3633 4272 diem.

2057 4306 2140 4363 Ne
2173 4308 2506 4363 obliviscaris
2537 4324 2684 4363 voces
2714 4307 3052 4361 inimicorum
3078 4316 3312 4373 tuorum,
3343 4306 3398 4360 id
3424 4318 3522 4372 est,
3549 4325 3639 4364 eo-

2054 4415 2173 4454 rum
2203 4398 2293 4471 qui
2329 4398 2427 4453 tibi
2472 4399 2757 4454 obsistunt.
2795 4396 3073 4469 Usquequo
3108 4396 3390 4453 ascendent
3436 4397 3637 4453 indesi-

2054 4490 2276 4545 nenter?
2309 4487 2375 4542 Et
2404 4489 2513 4543 huc
2546 4487 2749 4544 desinit
2777 4503 2984 4553 sermo,
3009 4487 3182 4545 Deum
3213 4503 3419 4560 rogans
3451 4496 3511 4543 ut
3536 4505 3637 4544 ex-

2055 4589 2243 4652 surgat
2288 4587 2342 4635 et
2379 4579 2590 4650 judicet
2632 4594 2858 4636 causam
2894 4595 3050 4636 suam
3080 4581 3510 4651 recordeturque
3539 4596 3638 4650 op-

2054 4671 2261 4743 probrii
2294 4671 2363 4725 ab
2391 4670 2781 4743 insipientibus
2808 4671 2968 4737 illati,
3006 4686 3182 4742 neque
3213 4672 3476 4727 oblivioni
3521 4679 3637 4726 tra-

357 4784 422 4823 τε
458 4764 557 4820 τοῦ
585 4765 888 4838 ὀνειδισμοῦ
936 4766 1044 4822 τῶν
1078 4755 1362 4838 ἀφ’ρόνων,
1402 4768 1537 4841 μηδέ
1587 4767 1726 4839 λήθῃ
1770 4781 1950 4839 παρα·

2052 4766 2146 4821 dat
2173 4780 2334 4821 voces
2362 4765 2710 4821 inimicorum
2738 4781 2804 4821 ac
2826 4765 3135 4836 superbiam
3160 4779 3351 4820 eorum
3374 4764 3469 4836 qui
3492 4781 3636 4821 sem—

359 4858 555 4916 δοῦναι
582 4857 682 4922 τὰς
711 4859 895 4928 φωνὰς
920 4858 1028 4913 τῶν
1061 4858 1273 4930 ἐχθρῶν
1305 4861 1400 4914 καὶ
1446 4861 1544 4924 τὰς
1573 4857 1951 4931 ὑπερηφανίας

357 4950 478 5005 τῶν
518 4948 806 5015 διαπαντὸς
853 4950 1249 5023 ἐπαιρομένων.
1306 4952 1380 5004 Οὐ
1440 4951 1548 5023 μὴν
1588 4952 1951 5022 ἐπισυνῆπται

358 5040 583 5106 τούτοις
612 5041 737 5114 ἐξῆς
770 5044 1107 5115 χρηστοτέρα
1130 5060 1214 5107 τις
1243 5043 1556 5116 ἀπόκρισις,
1583 5043 1703 5096 οὐδὲ
1730 5042 1952 5112 ἀγαθῶν

361 5133 678 5203 ἐπαγγελία
734 5137 845 5199 τοῖς
889 5135 1194 5206 δεηθεῖσιν,
1243 5137 1382 5207 ὅπερ
1418 5135 1567 5189 ἔστιν
1614 5136 1699 5205 ἐφ’
1749 5136 1950 5207 ἐτέρων

360 5227 575 5298 εὑρεῖν.
605 5226 802 5298 Διόπερ
834 5227 1135 5298 ἀρχόμενος
1161 5229 1190 5282 6
1215 5226 1370 5296 λόγος
1395 5226 1657 5297 ἀπωσμδν
1694 5229 1774 5290 εις
1801 5226 1954 5290 τέλος

362 5317 633 5373 ἐθέσπισε
657 5320 769 5381 τοῖς
795 5317 1161 5390 δηλουμένοις,
1191 5319 1284 5373 καὶ
1312 5319 1378 5372 δι’
1405 5318 1526 5372 ὅλου
1547 5318 1628 5381 τὸ,
1649 5319 1736 5385 εἰς
1754 5316 1949 5384 τέλος,

364 5407 554 5479 ἐπῆγε
582 5412 650 5481 τῇ
680 5409 789 5462 τῶν
831 5407 1169 5481 σκυθρωπῶν
1199 5412 1524 5484 προρρήσει.
1550 5408 1741 5463 Ἔνθεν
1773 5408 1955 5481 ὁρμώ-

369 5517 545 5574 μενος
586 5488 683 5554 καὶ
718 5502 747 5554 6
789 5500 930 5566 θεῖος
974 5501 1316 5567 Ἀπόστολος,
1357 5501 1583 5573 γράφων
1625 5500 1753 5573 περὶ
1776 5498 1955 5554 αὐτῶν

2028 4856 2153 4929 per
2182 4857 2542 4913 extolluntur.
2579 4857 2764 4930 Neque
2791 4867 2974 4914 tamen
3028 4857 3114 4912 his
3167 4857 3312 4913 bona
3348 4859 3636 4929 responsio

2054 4946 2332 5017 adjicitur,
2356 4963 2532 5019 neque
2559 4949 2865 5004 orationem
2894 4948 3162 5004 bonorum
3189 4949 3483 5019 promissio
3508 4963 3639 5005 con-

2054 5039 2319 5109 sequitur,
2344 5039 2491 5110 quod
2517 5040 2641 5095 aliis
2671 5039 2726 5095 in
2754 5039 2982 5110 psalmis
3010 5040 3251 5110 reperire
3274 5048 3379 5097 est.
3407 5039 3534 5097 Ideo
3564 5041 3635 5096 ab

2052 5133 2279 5187 exordio
2312 5134 2671 5203 abjectionem
2704 5141 3019 5204 perpetuam
3051 5133 3367 5187 memoratis
3402 5131 3635 5188 homini-

2058 5223 2163 5279 bus
2194 5224 2624 5289 vaticinabatur,
2659 5231 2714 5280 et
2746 5224 2801 5279 in
2838 5230 2954 5280 toto
2976 5224 3189 5293 psalmo
3212 5223 3450 5278 tristium
3489 5238 3634 5295 pra:—

2057 5318 2286 5373 dictioni
2337 5318 2493 5386 illud,
2527 5320 2583 5374 in
2635 5319 2813 5388 ﬁnem,
2861 5317 3124 5374 subdidit.
3159 5315 3299 5372 Hinc
3346 5316 3636 5373 occasione

2059 5421 2216 5481 capta
2251 5411 2473 5467 divinus
2498 5412 2814 5483 Apostolus,
2849 5411 2917 5466 de
2946 5410 3140 5466 iisdem
3176 5408 3429 5468 scribens
3452 5409 3631 5468 dixit:

2060 5500 2309 5559 Pervenit
2329 5513 2507 5559 autem
2540 5502 2609 5557 ad
2640 5519 2729 5559 eos
2753 5503 2839 5558 ira
2870 5503 2926 5559 in
2951 5503 3109 5573 ﬁnem
3123 5502 3191 5559 κ.

369 5596 536 5665 ἔλεγε
571 5597 631 5650 τὸ
655 5639 672 5664 ,
713 5598 982 5667 Ἕφθασε
1015 5597 1084 5651 δὲ
1109 5601 1197 5664 εἰς
1234 5597 1457 5664 αὐτοὺς
1490 5597 1529 5665 ἠ
1562 5595 1706 5666 ὁρτὴ
1738 5598 1825 5663 εις
1848 5595 2041 5663 τέλος.

446 5706 495 5738 ³⁷
540 5703 728 5762 Matth.
763 5723 829 5771 ν,
862 5708 916 5763 5.
992 5707 1039 5741 ⁸⁸
1079 5704 1186 5766 lsa.
1223 5723 1349 5777 ui,
1386 5708 1438 5763 1.
1513 5708 1559 5741 ²⁹
1597 5705 1755 5763 Rom.
1790 5723 1878 5775 Ix,
1907 5707 1955 5771 3,

2128 5710 2173 5743 ³ο
2211 5710 2234 5766 l
2268 5709 2459 5769 Thess.
2499 5727 2577 5780 ιι,
2619 5713 2705 5767 16.

449 5797 536 5867 (1)
574 5796 734 5855 Forte
758 5801 915 5871 ἦχον.
