4056 6442
394 294 501 353 887

482 407 537 465 Ι.
569 404 637 463 ΙΝ
676 406 905 475 FINEM,
948 406 1039 461 NE
1075 406 1524 472 CORRUMPAS,
1563 404 1889 462 PSALMUS

924 477 1171 532 ASAPll.
1217 476 1451 533 LXXIV.

1068 292 1338 348 EUSEBII
1375 290 1852 349 CAESARIENSIS
1886 289 2037 346 OPP.
2083 289 2265 347 PARS
2303 292 2389 350 Ill.
2429 323 2499 336 —-
2533 292 2943 351 EXEGETICA.

3547 303 3659 360 868
3674 332 3681 341 -

2084 407 2193 460 ΕΙΣ
2229 407 2319 484 ΤΟ
2352 410 2592 474 ΤΕΛΟΣ,
2633 410 3199 535 ΜῗΣῇιέψὲξθιιᾞΣ,
3240 411 3530 466 ΨΑΛΜΟΣ
3567 417 3656 488 Tt)

462 588 715 647 “135.2.
755 591 1137 659 Conﬁtebimur
1199 592 1317 651 tibi.
1377 589 1542 656 Deus,
1599 591 1957 660 conﬁtebimur

2157 586 2747 661 Ἐξομολοτησόμεθὰ
2773 610 2871 648 σοι
2890 634 2905 659 ,
2939 596 2972 648 ὁ
3001 594 3145 660 Θεὸς
3162 635 3178 660 ,
3206 594 3657 667 ἐξομολογησά-

318 714 323 721 ·
393 682 510 748 tibi,
545 692 594 737 et
640 684 996 739 invocabimus
1026 702 1214 739 nomen
1257 697 1426 738 tuum.
1458 683 1565 738 Pro
1598 685 1690 739 illo
1727 702 1741 738 :
1778 682 1844 736 In
1899 683 1966 752 ﬁ-

391 793 528 842 nem,
561 792 626 830 ne
656 792 988 844 corrumpas,
1019 776 1381 849 Symmachus
1406 776 1486 831 sic
1520 777 1915 846 interpretatur
1946 792 1962 829 :

392 867 753 935 Triumphatis
793 871 857 923 de
886 870 1279 939 incorruptione
1312 868 1550 938 psalmus
1583 866 1803 937 Asaplti.
1836 865 1966 921 Ser-

387 974 481 1015 mo
513 960 680 1030 igitur
710 968 795 1015 est
830 962 899 1017 de
929 962 1357 1031 incorruptione,
1385 975 1507 1030 qua:
1525 959 1690 1029 justis
1711 960 1965 1014 recondi-

386 1060 500 1116 tur,
524 1052 727 1123 quibus
752 1053 916 1108 etiam
948 1054 1191 1108 victoria:
1219 1053 1440 1123 praemia
1469 1067 1569 1107 ceu
1601 1051 1655 1106 in
1688 1051 1967 1107 thesauris

384 1146 630 1214 reposita
661 1153 811 1200 sunt.
848 1146 1209 1212 Quamobrem
1241 1144 1584 1215 triumphalis
1625 1144 1806 1198 dictus
1837 1151 1922 1200 est
1950 1163 1964 1199 :

385 1249 489 1289 nos
516 1246 697 1289 autem
724 1237 954 1291 remittit
987 1236 1041 1291 in
1074 1236 1257 1301 finem,
1290 1236 1358 1291 de
1387 1250 1497 1306 quo
1520 1234 1818 1304 Apostolus
1849 1235 1925 1287 ait
1950 1252 1965 1288 :

388 1323 593 1380 Deinde
634 1327 780 1396 ﬁnis,
816 1344 937 1381 cum
981 1327 1265 1382 tradiderit
1295 1343 1512 1397 regnum
1549 1324 1658 1380 Deo
1702 1334 1752 1379 et
1791 1324 1966 1389 Patri,

387 1433 510 1471 cum
537 1417 855 1471 destruxerit
878 1435 1082 1472 omnem
1112 1418 1466 1487 principatum
1496 1426 1547 1471 et
1574 1424 1885 1486 potestatem
1916 1424 1970 1469 et

2068 676 2222 749 μεθά
2248 695 2368 745 σοι,
2395 681 2496 735 καὶ
2517 682 2995 753 ἐπικαλεσόμεθα
3026 684 3092 737 τὸ
3115 684 3303 753 ὄνομα
3336 702 3475 740 σου.
3513 688 3659 741 ’Δντὶ

2071 773 2197 839 τοῦ,
2233 776 2337 840 Εἰς
2366 773 2433 828 τὸ
2482 774 2678 841 τέλος,
2711 774 2799 844 μὴ
2844 775 3226 844 διαφθείρῃς,
3263 778 3293 830 6
3339 777 3657 850 Σύμμαχος,

2085 867 2404 935 Ἐπινίκιος
2435 867 2570 937 περὶ
2619 867 2958 937 ἀφθαρσίας
3002 868 3246 938 ψαλμὸς
3287 870 3397 925 τοῦ
3450 871 3658 945 Ἆσὰφ,

2074 958 2444 1029 ήρμήνευσεν.
2487 958 2699 1013 Οὐκοῦν
2750 959 2879 1032 περὶ
2928 959 3238 1033 ἀφθαρσίας
3269 962 3298 1015 6
3356 962 3516 1032 λόγος
3559 967 3661 1036 τῆς

2072 1052 2184 1112 τοῖς
2211 1048 2440 1114 δικαίοις
2462 1050 2852 1123 ἀποκειμένης,
2878 1048 2959 1115 οἷς
2986 1052 3081 1105 καὶ
3107 1051 3175 1104 τά
3199 1055 3298 1123 τῆς
3332 1052 3488 1124 νίκης
3518 1055 3655 1109 ἁπο-

2072 1140 2496 1213 τεθησαύρισται
2531 1141 2779 1215 βραδεῖα.
2826 1143 2918 1197 Διὸ
2970 1144 3066 1221 κα).
3104 1138 3369 1209 ἐπινίκιος
3403 1146 3651 1219 εἴρηται·

2074 1231 2393 1304 ἀναπέμπει
2432 1233 2490 1287 δὲ
2520 1235 2667 1305 ἡμᾶς
2694 1235 2790 1313 καὶ
2817 1237 2897 1299 εἰς
2933 1234 2995 1288 τὺ
3021 1235 3193 1301 τέλος,
3229 1238 3357 1309 περὶ
3399 1232 3464 1291 οὗ
3491 1257 3654 1313 φησιν

2073 1323 2103 1374 6
2144 1322 2497 1405 ’Δπόστολοςζ
2530 1320 2677 1378 Εἶτα
2718 1324 2785 1378 τὸ
2831 1324 3037 1392 τέλος,
3069 1326 3215 1381 ὅταν
3257 1329 3499 1396 παραδῷ
3539 1329 3658 1399 τὴν

2068 1411 2398 1476 ,βασιλείαν
2425 1412 2505 1491 τῷ
2545 1413 2667 1480 Θεῷ
2696 1414 2794 1469 καὶ
2837 1416 3022 1485 Πατρὶ
3042 1457 3058 1485 ,
3101 1416 3248 1471 ὅταν
3302 1420 3652 1491 καταργήσῃ

389 1510 654 1563 virtutem.
685 1508 900 1579 Oportet
942 1510 1079 1564 enim
1128 1509 1281 1564 illum
1313 1525 1553 1579 regnare,
1597 1508 1760 1562 donec
1806 1517 1957 1575 ponat

2071 1503 2278 1559 πᾶσαν
2308 1506 2508 1576 ἀρχὴν
2540 1509 2637 1562 καὶ
2668 1507 2875 1564 πᾶσαν
2900 1510 3194 1576 ἐξουσίαν
3230 1513 3328 1567 καὶ
3370 1514 3646 1585 δύναμιν.

389 1617 568 1655 omnes
602 1601 841 1656 inimicos
872 1605 968 1656 sub
995 1601 1213 1670 pedibus
1250 1601 1385 1671 ejus.
1421 1601 1727 1656 Novissima
1750 1599 1957 1653 inimica

2070 1596 2168 1651 Δεῖ
2192 1598 2305 1668 γὰρ
2344 1601 2531 1654 αὐτὸν
2585 1601 2953 1669 Βασιλεύειν,
2992 1603 3167 1674 ἄχρις
3193 1600 3265 1661 οὗ
3297 1604 3373 1675 θῇ
3419 1607 3651 1676 πάντας

388 1691 690 1747 destruetur
722 1709 862 1747 mors
882 1694 951 1749 ³¹.
984 1695 1043 1747 In
1071 1694 1177 1750 ﬁne
1208 1695 1426 1765 quippe.
1457 1700 1726 1779 quotquot
1774 1693 1831 1746 in
1863 1691 1957 1747 hoc

2066 1686 2209 1754 τοὺς
2248 1689 2499 1758 ἐχθροὺς
2530 1693 2650 1747 ὑπὸ
2696 1691 2839 1759 τοὺς
2876 1692 3068 1761 πόδας
3115 1695 3321 1751 αὐτοῦ.
3352 1698 3651 1767 Ἕσχατος

389 1785 612 1847 saculo,
645 1784 702 1838 in
735 1784 880 1839 bono
911 1784 1224 1855 huiusmodi
1253 1785 1556 1840 certamine
1584 1785 1855 1850 vicerunt,
1883 1783 1957 1837 in-

2065 1779 2276 1853 ἐχθρὸς
2307 1783 2681 1852 καταργεῖται
2708 1786 2742 1838 ό
2777 1785 3053 1854 θάνατος.
3099 1786 3197 1850 Εἰς
3237 1788 3414 1841 ἐκεῖνο
3442 1790 3552 1861 γὰρ
3585 1792 3647 1845 τὸ

387 1883 700 1946 corruptam
752 1876 921 1929 vitam
967 1883 1395 1946 consequentur.
1441 1874 1599 1941 Quod
1646 1875 1750 1931 sub
1798 1874 1960 1928 finem

388 1979 626 2035 praesens
647 1967 891 2036 psalmus
915 1966 1156 2039 declarat
1181 1966 1266 2021 his
1294 1966 1473 2022 verbis
1499 1986 1511 2020 :
1540 1965 1609 2019 Et
1638 1967 1818 2019 omnia
1843 1981 1963 2018 cor-

386 2073 494 2114 nua
517 2070 849 2129 peccatorum
880 2060 1231 2129 confringam,
1265 2068 1314 2112 et
1359 2057 1735 2112 exaltabuntur
1762 2072 1963 2111 cornua

378 2151 538 2221 justi.
572 2150 708 2205 Nam
761 2165 889 2204 cum
944 2149 1169 2221 perinde
1219 2155 1384 2218 atque
1412 2149 1709 2220 Apostolus
1754 2163 1962 2203 cornua

384 2241 781 2312 confringenda
810 2256 936 2297 esse
961 2240 1210 2307 dixisset,
1240 2240 1448 2295 addidit
1491 2238 1623 2294 illud
1659 2256 1675 2294 ;
1701 2237 1770 2292 Et
1813 2238 1964 2293 exat-

387 2333 643 2388 tabuntur
673 2349 874 2386 cornua
896 2332 1053 2401 justi,
1084 2338 1248 2402 atque
1271 2330 1375 2386 hoc
1403 2329 1687 2402 praesentis
1727 2329 1964 2400 prophe-

385 2426 478 2481 tia:
500 2425 956 2495 complementum
987 2430 1094 2479 est.
1130 2424 1311 2490 Quare
1347 2433 1404 2479 et
1433 2422 1676 2493 psalmus
1703 2428 1757 2477 et
1786 2421 1965 2475 canti-

385 2529 511 2570 cum
562 2514 725 2569 simul
775 2520 1158 2583 nuncupatur;
1205 2529 1274 2569 ex
1312 2527 1546 2583 persona
1573 2519 1754 2566 autem
1785 2512 1964 2580 justo-

387 2620 508 2660 rum
537 2605 753 2660 initium
799 2605 952 2660 ducit
983 2605 1174 2660 dicens
1205 2621 1219 2658 :
1252 2602 1630 2674 Conﬁtebimur
1665 2600 1960 2667 tibi,Deus,

382 2695 746 2765 conﬁtebimur
768 2695 883 2759 tibi,
911 2704 961 2750 et
989 2693 1344 2749 invocabimus
1389 2710 1578 2748 nomen
1630 2703 1797 2750 tuum.
1823 2690 1963 2762 ipsis

381 2802 618 2856 namque
674 2787 808 2843 solis
860 2786 1118 2841 convenit
1166 2783 1443 2841 confessio
1487 2800 1613 2839 cum
1664 2785 1960 2856 gratiarum

380 2876 620 2941 actione,
644 2890 752 2945 qua
786 2873 1045 2930 Servator
1092 2874 1150 2929 in
1179 2872 1491 2942 Evangeliis
1542 2872 1690 2927 Patri
1735 2871 1963 2928 conﬁte-

380 2967 542 3023 batur
573 2968 764 3023 dicens
790 2987 804 3022 :
838 2966 1110 3036 Conﬁteor
1144 2965 1261 3029 tibi,
1294 2965 1479 3029 Pater,
1510 2964 1734 3018 Domine
1766 2963 1883 3018 caeli
1913 2971 1964 3017 et

381 3070 537 3115 terra:
550 3061 616 3113 ".
653 3058 841 3113 Primo
885 3066 1067 3112 autem
1101 3057 1453 3120 conﬁtentur,
1484 3055 1680 3112 deinde
1707 3055 1965 3111 invocant

2065 1872 2218 1936 τέλος
2235 1874 2283 1927 οἱ
2320 1873 2463 1927 κατὰ
2504 1875 2596 1929 τὸν
2624 1875 2894 1930 ἐνεστῶτα
2924 1877 3098 1932 αίῶνα
3122 1879 3216 1931 τὸν
3258 1879 3422 1934 καλὸν
3460 1882 3645 1951 ἀγῶνα

2066 1964 2409 2036 νενικηκότες
2459 1965 2557 2037 τῆς
2614 1966 2893 2040 ἀφθάρτου
2942 1966 3092 2038 ζωῆς
3140 1968 3455 2035 τεύξονταιο
3506 1974 3535 2026 6
3582 1973 3648 2045 δὴ

2067 2053 2204 2124 πρὸς
2228 2055 2340 2116 τοῖς
2362 2052 2691 2119 τελευταίοις
2728 2057 2822 2109 καὶ
2850 2058 2878 2110 6
2908 2059 3046 2129 μετὰ
3074 2059 3262 2129 χεῖρας
3294 2059 3453 2130 λόγος
3484 2064 3649 2132 παρί-

2068 2160 2228 2213 στησι
2254 2142 2446 2212 λέγων·
2460 2144 2569 2199 Kal
2594 2144 2793 2199 πάντα
2815 2147 2887 2201 τὰ
2904 2146 3124 2217 κέρατα
3144 2148 3261 2202 τῶν
3286 2151 3646 2221 ἁμαρτωλῶν

2067 2234 2396 2289 συνθλάσω
2416 2274 2433 2300 ,
2472 2235 2574 2289 καὶ
2617 2235 3000 2305 ὑψωθήσεται
3043 2238 3115 2292 τὰ
3164 2240 3381 2309 κέρατα
3405 2243 3511 2297 τοῦ
3557 2242 3644 2297 δι-

2068 2325 2262 2379 καίου.
2289 2325 2601 2397 Συμφώνως
2623 2327 2732 2398 γὰρ
2754 2327 2832 2400 τῷ
2871 2329 3174 2403 Ἀποστόλῳ
3197 2333 3227 2384 6
3256 2331 3446 2404 παρὼν
3490 2334 3645 2403 λόγος

2070 2413 2467 2486 κλασθήσεσθαι
2496 2414 2565 2467 τὰ
2585 2414 2793 2486 κέρατα
2813 2414 3002 2481 εἰπὼν,
3025 2418 3271 2488 ἐπήγαγε
3289 2417 3369 2481 τὸ,
3387 2419 3643 2488 Tmari-

2067 2520 2237 2560 σεται
2263 2505 2339 2559 τὰ
2358 2504 2578 2572 κέρατα
2601 2505 2708 2559 τοῦ
2733 2505 2994 2562 δικαίου’
3035 2508 3129 2561 καὶ
3153 2507 3296 2562 τοῦτ’
3326 2508 3439 2563 ἔστι
3465 2508 3527 2562 τὸ
3546 2510 3643 2581 τῆς

2069 2593 2350 2668 παρούσης
2378 2595 2715 2667 προφητείας
2752 2597 3145 2669 συμπέρασμα.
3176 2600 3268 2652 Διὸ
3300 2601 3397 2653 καὶ
3430 2599 3642 2671 ψαλμὸς

2068 2686 2164 2742 καὶ
2198 2687 2309 2759 ᾠδὴ
2346 2687 2489 2741 κατὰ
2520 2688 2583 2741 τὸ
2619 2688 2751 2742 αὐτὸ
2788 2689 3101 2761 ὠνόμασται
3122 2709 3136 2722 θ
3168 2692 3233 2745 ἐκ
3263 2690 3554 2765 προσώπου
3584 2692 3642 2745 δὲ

2066 2779 2175 2833 τῶν
2206 2780 2430 2834 δικαίων
2456 2781 2555 2852 τὴν
2590 2781 2871 2854 καταρχὴν
2894 2786 3125 2839 ποιεῖται
3157 2784 3354 2840 εἰπών·
3400 2786 3641 2857 Ἐξομο-

2067 2870 2448 2941 λογησόμεθά
2472 2888 2593 2937 σοι,
2625 2875 2659 2927 ό
2704 2874 2870 2940 Θεὸς,
2919 2874 3484 2947 ἐξομολογησάμεθά
3518 2893 3639 2945 σοι,

2068 2959 2167 3014 καὶ
2207 2960 2685 3033 ἐπικαλεσόμεθα
2739 2964 2806 3018 τὸ
2854 2965 3044 3035 ὄνομά
3098 2983 3234 3023 σου.
3284 2969 3484 3032 Μόνοις
3531 2971 3642 3041 γάρ

2069 3052 2250 3116 αὐτοῖς
2276 3053 2474 3126 πρέπει
2500 3055 2533 3126 ἡ
2565 3056 2982 3129 εὐχαριστήριος
3002 3056 3405 3132 ἐξομολόγησις,
3431 3059 3534 3114 καθ
3572 3063 3641 3133 ἢν

378 3166 580 3206 nomen
613 3152 755 3220 ejus,
786 3163 895 3219 qua
927 3148 1276 3203 invocatione
1303 3148 1535 3204 salutem
1566 3164 1596 3202 a
1627 3145 1740 3202 Deo
1767 3161 1957 3202 conse-

2070 3143 2163 3196 καὶ
2191 3145 2220 3196 6
2247 3144 2439 3217 Σωτὴρ
2469 3145 2862 3217 ἐξωμολογεῖτο
2885 3148 2944 3203 ἐν
2969 3150 3327 3219 Εὑαγγελίοις
3367 3152 3503 3223 πρὸς
3544 3152 3638 3206 τὸν

375 3247 642 3314 quentur,
670 3247 733 3294 ut
764 3238 867 3294 fert
896 3239 1102 3294 dictum
1134 3238 1267 3291 illud
1295 3257 1309 3292 :
1338 3237 1406 3292 Et
1441 3240 1610 3293 omnis
1661 3239 1957 3310 quicunque

374 3333 693 3388 invocaverit
727 3347 913 3386 nomen
944 3329 1184 3394 Domini,
1207 3328 1385 3384 salvus
1418 3330 1517 3384 erit
1538 3330 1607 3384 ³³.
1625 3328 1813 3385 Potest
1833 3331 1962 3386 item

374 3424 468 3480 hic
502 3438 685 3480 sermo
741 3423 812 3478 ad
864 3420 1269 3478 confessionem
1304 3421 1591 3477 instituere
1622 3435 1737 3486 eos,
1764 3422 1857 3492 qui
1904 3422 1960 3478 in

378 3515 704 3587 praecedenti
752 3514 966 3569 ruinam
1021 3510 1507 3584 Jerosolymorum,
1534 3519 1589 3567 et
1630 3520 1960 3583 postremam

376 3608 499 3679 ejus
544 3605 885 3663 obsidionem
933 3603 1369 3673 deploraverunt.
1402 3603 1536 3658 Nam
1581 3606 1674 3673 qui
1706 3603 1959 3673 superius

376 3697 632 3754 dixerant
680 3715 695 3752 :
744 3693 960 3766 thuid,
994 3693 1160 3761 Deus,
1194 3693 1435 3763 reputisti
1467 3695 1522 3748 in
1552 3694 1733 3765 ﬁnem,
1784 3694 1956 3747 iratus

377 3799 459 3846 est
515 3790 666 3859 furor
700 3798 820 3843 tuus
843 3803 998 3857 super
1030 3804 1146 3841 oves
1174 3801 1386 3855 pascua:
1418 3795 1523 3841 tua:
1539 3786 1611 3841 ιιι
1638 3794 1693 3842 et
1714 3793 1909 3841 caetera
1935 3805 1952 3853 ;

378 3896 530 3939 nunc
576 3880 847 3936 docentur
900 3877 1148 3933 conﬁteri
1184 3876 1317 3943 Deo,
1349 3885 1405 3935 et
1446 3878 1703 3933 invocare
1753 3892 1954 3932 nomen

375 3973 518 4046 ejus.
555 3972 694 4040 Quia
739 3987 856 4039 gero
884 3969 1081 4039 duplex
1107 3968 1476 4027 confessionis
1502 3969 1697 4025 modus
1727 3976 1832 4037 est,
1864 3982 1958 4023 ne-

376 4065 621 4123 cessario
667 4065 758 4119 hic
813 4064 898 4120 bis
929 4064 1152 4134 idicitur
1194 4064 1329 4119 illud
1362 4083 1376 4120 :
1405 4061 1789 4133 Conﬁtebimur
1833 4059 1948 4115 tibi.

373 4157 479 4214 Per
511 4159 745 4229 primum
771 4158 991 4228 quippe,
1023 4164 1080 4212 ut
1111 4171 1210 4227 par
1254 4163 1360 4222 est,
1394 4153 1673 4210 confessio
1696 4168 1795 4224 pro
1822 4166 1952 4223 pec-

371 4251 514 4305 catis
545 4249 913 4321 signiflcatur;
944 4264 1038 4315 per
1072 4248 1373 4304 secundum
1400 4263 1532 4303 vero
1577 4247 1614 4301 ii
1658 4246 1751 4316 qui
1795 4244 1949 4315 prius

371 4342 795 4404 confitebantur,
837 4357 936 4412 pro
966 4341 1125 4396 bonis
1159 4339 1399 4411 acceptis
1427 4339 1730 4411 gratiarum
1776 4335 1948 4391 actio-

371 4449 497 4488 nem
522 4434 796 4489 emittunt.
1783 4418 1796 4433 ’

2065 3233 2287 3305 Πατέρα
2347 3235 2571 3304 φάσκων
2595 3252 2610 3267 ·
2696 3235 3204 3308 Ἐξομολογοῦμαί
3255 3254 3353 3294 σοι
3374 3280 3390 3306 ,
3423 3241 3636 3310 Πάτερ,

2059 3326 2238 3396 Κύριε
2264 3326 2370 3380 τοῦ
2399 3327 2660 3394 οὐρανοῦ
2685 3327 2918 3397 καὶτῆς
2948 3328 3081 3399 γῆς.
3111 3330 3335 3403 Πρῶτον
3360 3332 3415 3386 δὲ
3442 3334 3633 3405 ἐξομο-

2059 3415 2341 3485 λογοῦνται
2362 3456 2378 3481 ,
2408 3412 2526 3471 εἶτα
2572 3416 2956 3474 ἐπικαλοῦνται
2993 3421 3056 3475 τὸ
3087 3422 3257 3493 ὄνομα
3313 3423 3509 3485 αὑτοῦ,
3542 3424 3630 3477 διὰ

2058 3510 2158 3580 τῆς
2195 3509 2406 3562 τοιᾶσδε
2454 3509 2797 3581 ἐπικλήσεως
2849 3512 3002 3583 παρά
3046 3512 3125 3584 τῷ
3168 3512 3287 3584 Θεῷ
3321 3498 3626 3584 τευξόμενοι

2060 3600 2361 3671 σωτηρίας,
2393 3603 2535 3655 κατὰ
2559 3600 2620 3654 τδ
2651 3601 2858 3671 φάσκον
2899 3603 3076 3673 λόγιον
3097 3620 3112 3637 ν
3158 3605 3266 3659 Kal
3322 3602 3437 3672 πᾶς
3462 3604 3529 3672 ὃς
3553 3604 3627 3659 ἂν

2054 3690 2484 3761 ἐπικαλέσηται
2506 3692 2572 3747 τὸ
2596 3692 2784 3764 ὄνομα
2812 3695 3056 3763 Κιιρίου,
3082 3696 3439 3762 σωθήσεται.
3460 3695 3628 3750 Δύνα-

2054 3797 2143 3833 ται
2175 3779 2233 3832 δέ
2256 3782 2285 3834 6
2306 3779 2461 3849 λόγος
2487 3780 2862 3848 διδασκαλικὸς
2894 3781 3031 3840 εἶναι
3063 3785 3503 3857 ἐξομολογήσεως
3523 3786 3632 3841 τῶν

2054 3869 2112 3922 ἐν
2143 3867 2218 3940 τῷ
2264 3868 2372 3940 πρὸ
2401 3869 2592 3924 τούτου
2627 3870 3125 3944 ἀποκλαυσαμένων
3148 3873 3249 3944 τὴν
3295 3874 3506 3928 πτῶσιν
3530 3872 3633 3947 τῆς

2063 3962 2416 4035 Ἰερουσαλὴμ
2441 3964 2536 4016 καὶ
2576 3962 2674 4035 τὴν
2714 3964 2948 4037 ἐσχάτην
2981 3966 3151 4037 αὐτῆς
3196 3965 3533 4039 πολιορκίαν.
3564 3960 3647 4023 οι

2050 4055 2159 4127 γὰρ
2188 4055 2467 4126 εἰρηκότες
2522 4057 2581 4109 ἐν
2621 4057 2735 4120 τοῖς
2779 4056 3108 4128 ἔμπροσθεν,
3155 4058 3350 4124 Ἰνατι,
3388 4062 3422 4114 ὀ
3460 4060 3628 4128 Θεὸς,

2049 4146 2268 4202 ἀπώσω
2298 4149 2386 4212 είς
2407 4145 2601 4213 τέλος,
2631 4146 2892 4217 ὠργίσθη
2922 4151 2956 4202 ὀ
2988 4152 3173 4219 θυμός
3206 4167 3325 4204 σου
3353 4151 3452 4205 ἐπὶ
3479 4154 3626 4221 πρό·

2049 4239 2195 4293 Gaza
2224 4236 2417 4306 νομῆς
2445 4252 2563 4292 σου
2584 4254 2604 4302 ;
2630 4238 2727 4292 καὶ
2754 4238 2823 4292 τὰ
2849 4238 2997 4309 ἑξῆς,
3019 4240 3359 4296 διδάσκονται
3385 4242 3483 4297 νῦν
3509 4242 3628 4311 ἐξο-

2051 4327 2391 4400 μολογεῖσθαι
2443 4327 2522 4399 τῷ
2579 4327 2699 4400 Θεῷ
2756 4331 2851 4384 καὶ
2909 4332 3285 4387 ἐπικαλεῖσθαι
3339 4333 3402 4388 τὸ
3451 4335 3647 4406 ὄνομα·

2047 4420 2231 4474 αὐτοῦ.
2275 4419 2492 4491 Ἐπειδὴ
2541 4419 2717 4484 διττός
2771 4422 2920 4475 ἐστιν
2962 4423 2992 4475 6
3040 4422 3143 4494 τῆς
3187 4424 3626 4499 ἐξομολογήσεως

367 4526 603 4598 τρόπος,
654 4526 966 4595 ἀναγκαίως
1006 4524 1257 4598 δεύτερον
1303 4526 1518 4598 εἴρηται
1562 4523 1655 4578 ἐπὶ
1696 4521 1791 4576 τοῦ
1831 4519 2095 4591 παρόντος
2123 4515 2205 4578 τὸ,
2255 4514 2841 4585 Ἐξομολογησόμεθά
2867 4532 2994 4571 σοι·
3031 4519 3126 4573 τοῦ
3155 4521 3251 4592 μὲν
3271 4520 3508 4593 πρώτου,
3544 4522 3624 4587 ὡς

369 4621 535 4684 εἰκὸς,
558 4622 643 4690 ἐφ’
671 4620 943 4692 ἁμαρτίας
971 4620 1071 4690 τὴν
1102 4617 1485 4693 ἐξομολόγησιν
1523 4608 1827 4690 δηλοῦντος,
1854 4613 1949 4668 τοῦ
1972 4612 2016 4666 δ’
2048 4610 2172 4682 ἐξῆς
2194 4609 2293 4681 τὴν
2318 4608 2403 4678 ἐφ’
2427 4602 2509 4671 οἷς
2549 4603 2608 4661 εὖ
2638 4607 2968 4664 πεπόνθασιν
2995 4612 3045 4664 οἱ
3077 4612 3138 4666 τὺ
3176 4611 3392 4685 πρῶτον
3429 4613 3623 4685 ἐξομο-

370 4710 729 4782 λογησάμενοι
760 4711 1129 4783 εὐχαριστίαν.

440 4830 608 4887 Vsns.
637 4833 692 4896 5,
716 4832 770 4889 4.
813 4831 1060 4889 Narrabo
1082 4834 1355 4889 mirabilia
1389 4844 1502 4899 tua,
1535 4848 1656 4888 cum
1687 4845 1929 4897 accepero

2104 4821 2471 4892 Διητήσομαι
2519 4820 2593 4876 τὰ
2636 4820 2938 4891 θαυμάσια
2988 4837 3104 4876 σου
3124 4860 3142 4887 ,
3191 4821 3338 4877 ὅταν
3382 4824 3619 4878 ἐκλάΰω

371 4934 594 4993 tempus,
625 4939 719 4994 ego
766 4913 1106 4981 rectitu'dines
1124 4926 1403 4995 judicabo.
1432 4923 1607 4980 Hasce
1640 4922 1735 4991 Dei
1772 4937 1938 4978 voces

368 5029 513 5081 esse,
555 5015 825 5070 dictorum
877 5017 1147 5072 sententia
1186 5017 1472 5072 declarat:
1505 5013 1641 5069 illud
1688 5014 1887 5085 quippe
1919 5032 1939 5069 :

371 5108 484 5181 Ego
504 5107 837 5164 rectitudines
854 5108 1136 5179 iudicabo;
1162 5125 1225 5165 ac
1247 5123 1469 5165 rursum
1493 5107 1625 5163 illud
1649 5126 1665 5163 :
1690 5106 1801 5178 Ego
1820 5125 1938 5162 con-

367 5202 576 5272 ﬁrmavi
596 5201 866 5257 columnas
880 5202 1016 5272 ejus,
1031 5202 1288 5258 videlicet
1308 5211 1497 5268 terrae;
1522 5208 1685 5271 atque
1702 5201 1805 5257 sub
1823 5202 1935 5257 haec
1958 5215 1962 5220 '

366 5293 498 5347 illud
506 5333 521 5355 ,
549 5291 621 5345 Et
646 5292 823 5346 omnia
836 5308 1037 5346 cornua
1050 5301 1381 5361 peccatorum
1395 5292 1745 5363 confringam.
1771 5306 1933 5363 quem

365 5379 548 5438 dicere
580 5384 888 5448 conveniat,
920 5382 1030 5438 nisi
1052 5382 1262 5439 Deum?
1294 5382 1352 5438 Si
1394 5384 1579 5455 itaque
1609 5400 1676 5441 ex
1702 5399 1933 5455 persona

368 5472 463 5529 Dei
514 5475 631 5529 haec
678 5474 954 5540 dicantur,
983 5490 1084 5530 cur
1131 5477 1274 5533 alius
1324 5476 1418 5547 qui
1470 5477 1637 5534 Deum
1683 5488 1929 5546 noverat,

365 5562 542 5633 ipsum
574 5565 732 5635 quasi
759 5566 1086 5636 compellare
1134 5569 1216 5622 sic
1264 5569 1476 5625 videtur
1503 5587 1517 5624 :
1545 5568 1796 5624 Narrabo
1829 5572 1931 5625 mi—
1960 5566 1974 5610 θ

2040 4913 2278 4982 καιρὸν,
2329 4912 2444 4981 ἐγὼ
2485 4911 2816 4979 εὐθύτητας
2850 4908 3049 4979 κρινῶ.
3081 4910 3217 4964 Θεοῦ
3257 4913 3440 4982 φωνὰς
3473 4908 3616 4967 εἶναι

2037 5005 2135 5069 τὰς
2165 5002 2533 5076 προκειμένας
2569 5004 2598 5056 6
2638 5002 2762 5067 νοῦς
2796 5003 2907 5056 τῶν
2943 5002 3249 5074 λεγομένων
3291 5004 3612 5077 παρίστησι.

2038 5097 2112 5150 Τὸ
2142 5095 2271 5167 γὰρ,
2306 5093 2452 5164 Ἐγὼ
2474 5094 2801 5161 εὐθύτητας
2825 5093 3026 5163 κρινῶ,
3047 5097 3142 5151 καὶ
3173 5096 3334 5151 πάλιν
3361 5098 3440 5162 τὸ,
3472 5099 3617 5167 Ἐγὼ

2033 5186 2372 5256 ἐστερέωσα
2411 5185 2553 5253 τοὺς
2584 5187 2850 5252 στύλους
2885 5185 3095 5256 αὐτῆς,
3132 5187 3288 5258 δῆλον
3325 5187 3369 5241 δ’
3396 5187 3480 5241 ὅτι
3510 5188 3614 5260 τῆς

2034 5279 2139 5350 γῆς
2160 5320 2178 5347 ,
2218 5278 2316 5332 καὶ
2370 5277 2498 5348 ἑξῆς
2545 5276 2608 5329 τὸ
2630 5315 2647 5340 ,
2700 5275 2810 5331 Καὶ
2857 5276 3055 5332 πάντα
3102 5278 3175 5333 τὰ
3225 5278 3441 5347 κέρατα
3492 5279 3613 5334 τῶν

2032 5369 2396 5441 ἁμαρτωλῶν
2435 5367 2794 5439 συγκλάσω,
2844 5368 2950 5422 τίνι
2998 5368 3065 5424 ἂν
3104 5367 3333 5440 ἁρμόζοι
3362 5369 3543 5438 λέγειν
3571 5369 3609 5442 ἢ

2031 5462 2183 5534 Θεῷ;
2218 5462 2282 5514 Εἰ
2309 5461 2489 5515 τοίνυν
2522 5461 2588 5513 ἐκ
2620 5458 2914 5532 προσώπου
2949 5460 3043 5514 τοῦ
3078 5460 3215 5514 Θεοῦ
3240 5462 3412 5516 ταῦτα
3453 5461 3609 5529 λέγε-

2029 5572 2137 5620 ται,
2167 5553 2284 5618 πῶς
2308 5553 2496 5624 ἕτερος
2525 5551 2680 5616 εἰδὼς
2701 5552 2854 5615 Θεὸν,
2874 5552 2950 5617 ὡς
2979 5554 3117 5619 πρὸς
3147 5553 3309 5608 αὐτὸν
3332 5554 3611 5623 ἀναφωνεῖ

430 5723 473 5756 ³³
514 5721 531 5776 I
564 5723 690 5778 Cor.
727 5740 820 5791 xv,
851 5723 1040 5781 24-26.
1120 5725 1164 5757 ³¹
1202 5723 1390 5782 Matth.
1425 5743 1513 5794 xi,
1548 5726 1637 5784 25.
1713 5728 1757 5763 ³³
1793 5727 1910 5787 Jocl
1943 5746 1957 5786 ι

2059 5730 2150 5798 52;
2191 5729 2310 5786 Act.
2338 5743 2397 5797 ιι,
2427 5727 2487 5783 21
2517 5746 2530 5797 ;
2560 5728 2717 5784 Rom.
2746 5744 2803 5790 ι.
2840 5729 2929 5789 15.
3004 5729 3051 5762 ’⁸
3088 5729 3232 5787 Psal.
3270 5746 3437 5785 Lxxm
3460 5773 3474 5801 ,
3512 5731 3566 5786 l.
3602 5752 3607 5757 ι
