4056 6418
383 373 486 429 869

1398 339 1403 354 ’
1504 365 2008 424 COMMENTARIA
2047 365 2114 424 IN
2153 367 2494 422 PSALMOS.

3511 364 3632 418 870.

379 494 582 562 λέγων’
621 492 984 562 Διηγιήσομαι
1013 490 1085 544 τὰ
1129 489 1429 557 θαυμάσιά
1463 503 1579 542 σου
1610 487 1756 540 ὅταν
1790 484 1928 538 λάϐω

2054 483 2246 538 rabilia
2278 495 2392 550 tua,
2433 501 2550 538 cum
2592 501 2834 554 accepero
2877 494 3097 554 tempus,
3131 500 3194 540 ac
3230 483 3435 539 infert:
3473 485 3614 550 Quo-

377 585 606 654 καιρόν,
643 586 736 638 καὶ
764 585 1035 655 ἐπιφέρει’
1056 583 1183 635 "Ott
1207 585 1238 634 ὀ
1275 582 1416 647 Θεὸς
1443 580 1647 649 κριτής
1673 580 1823 632 ἐστι·
1860 578 1954 631 καὶ⁹

377 677 563 742 πάλιν,
593 678 714 729 Ὅτι
744 676 1028 743 ποτήριον
1047 675 1118 728 ἐν
1145 675 1294 744 χειρὶ
1322 674 1544 742 Κυρίου
1575 673 1744 725 οἴνου
1771 670 1952 740 ἀκρά-

375 784 513 832 του;
543 768 666 831 Πῶς
688 767 745 820 δὲ
776 766 912 836 πρὸς
943 765 1152 830 τούτοις
1176 768 1378 821 ἆπασιν
1401 766 1640 834 ἐπιλέγει
1659 781 1672 794 ·
1713 763 1859 833 Ἐγὼ
1883 763 1953 815 δὲ

374 859 685 930 ἀναγγελῶ
727 861 813 925 εὶς
855 859 960 913 τὸν
986 859 1191 925 αἰῶνα,
1223 859 1400 929 ψαλῶ
1445 860 1526 926 τῷ
1568 858 1689 925 Θεῷ
1730 858 1946 923 Ἰακώϐ,

372 951 472 1004 καὶ
496 950 692 1005 πάντα
712 953 784 1005 τὰ
808 951 1028 1019 κέρατα
1050 951 1168 1004 τῶν
1197 952 1561 1022 ἁμαρτωλῶν
1588 950 1916 1022 συγκλάσω
1928 965 1950 1013 ;

371 1043 513 1113 Ὅρα
548 1040 726 1095 τοίνυν
756 1043 802 1094 εί
830 1042 904 1113 μὴ
949 1043 1035 1096 διά
1060 1043 1264 1096 τούτων
1285 1046 1312 1097 ὁ
1339 1044 1628 1114 μονογενὴς
1670 1042 1764 1095 τοῦ
1813 1040 1947 1094 Θεοῦ

370 1133 539 1201 Λόγος
563 1134 662 1196 τάς
682 1133 887 1197 οἰκείας
917 1135 1200 1205 ἐνεργείας
1222 1135 1463 1189 διδάσκει
1490 1135 1590 1205 τὴν
1615 1133 1710 1186 τοῦ
1737 1133 1948 1205 Πατρὸς

368 1223 579 1290 διεξιὼν
603 1225 896 1294 θεολογίαν.
941 1228 1077 1297 Φησὶ
1100 1226 1230 1295 γοῦν
1253 1245 1265 1257 ·
1308 1226 1671 1297 Διηγήσομαι
1703 1227 1776 1280 τὰ
1807 1229 1948 1280 θαυ-

367 1314 557 1382 μάσιά
607 1331 724 1371 σου
766 1317 911 1371 ὅταν
941 1318 1102 1372 λάϐω
1147 1323 1375 1386 καιρόν.
1436 1321 1494 1373 '0
1547 1319 1646 1390 μὲν
1694 1319 1946 1385 Ἀκύλας,

369 1403 548 1458 Ὅταν
570 1405 731 1459 λάϐω
755 1407 1060 1478 συνταγάς
1077 1425 1090 1438 ⁸
1126 1412 1154 1462 ὁ
1181 1411 1236 1463 δὲ
1257 1410 1567 1480 Σύμμαχος,
1587 1411 1765 1463 Ὅταν
1785 1405 1947 1464 λάϐω

367 1497 483 1566 τὴν
513 1499 893 1570 συναγωγήν.
931 1503 1041 1555 Καί
1071 1508 1165 1573 μοι
1192 1503 1340 1556 δοκεῖ
1361 1503 1634 1574 εὐκαίρως
1663 1501 1942 1574 εἰρηκέναι

365 1589 449 1652 τὸ,
483 1589 662 1642 Ὅταν
714 1591 876 1646 λάϐω
937 1594 1264 1662 συνταγὰς,
1312 1594 1366 1665 ἢ,
1414 1593 1528 1662 τὴν
1560 1593 1940 1664 συναγωγήν.

321 1682 327 1685 ’
379 1678 802 1748 Ἐπαγγέλλεται
859 1682 969 1753 γὰρ
1037 1685 1231 1754 καιροῦ
1287 1684 1582 1755 λαϐόμενος
1633 1685 1810 1739 πάντα
1872 1685 1942 1738 τὰ

2039 578 2186 630 niam
2221 577 2360 632 Deus
2403 579 2572 647 judex
2615 589 2729 640 est;
2783 595 2846 633 ac
2889 595 3108 634 rursum
3139 599 3150 632 :
3179 579 3319 645 Quia
3367 578 3511 632 calix
3560 581 3614 634 in

2040 686 2200 722 manu
2234 670 2446 724 Domini
2480 670 2586 724 viui
2621 672 2791 724 meri?
2831 671 2943 725 Cur
2969 671 3056 726 his
3083 671 3341 724 omnibus
3385 671 3610 739 subjuno

2037 761 2115 832 git
2143 781 2155 814 :
2184 760 2291 832 Ego
2321 772 2492 815 autent
2520 763 2842 816 attnurtliabo
2873 764 2927 816 in
2960 763 3233 824 scr-culum,
3255 762 3479 815 cantabo
3505 761 3613 817 Deo

2036 851 2227 916 Iacob,
2290 865 2340 908 et
2387 857 2567 908 omnia
2619 871 2818 908 cornua
2859 865 3191 923 peccatorum
3238 854 3611 925 confringant?

2035 946 2424 1002 Animadverte
2450 947 2615 1017 igitur
2650 964 2777 1002 num
2815 949 2901 1003 his
2930 949 3109 1003 verbis
3143 949 3482 1018 unigenitum
3511 946 3610 1003 Dei

2036 1034 2296 1098 Verbum,
2320 1053 2440 1108 quae
2469 1041 2534 1093 ad
2565 1039 2744 1095 Patris
2772 1039 3028 1094 deitatem
3051 1047 3297 1108 spectant
3320 1054 3609 1101 enarrans,

2036 1143 2136 1184 sua
2170 1145 2338 1200 opera
2373 1132 2638 1186 enuntiet.
2680 1131 2770 1184 Ait
2797 1133 2978 1202 itaque
3007 1151 3018 1186 :
3049 1132 3300 1186 Narrabo
3336 1131 3608 1184 mirabilia

2035 1230 2127 1274 tua
2164 1239 2282 1276 cum
2316 1239 2557 1291 accepero
2600 1235 2818 1292 tempus.
2850 1225 3044 1294 Aquila
3092 1239 3220 1278 vero
3267 1224 3348 1280 sic
3395 1225 3606 1280 habet:

2036 1311 2170 1367 Cum
2217 1330 2463 1382 accepero
2508 1322 2708 1381 tempus
2760 1323 3050 1379 statutum;
3097 1313 3456 1385 Symmachus
3509 1330 3606 1368 au-

2035 1407 2145 1457 tem
2177 1421 2190 1456 :
2223 1401 2357 1456 Cum
2409 1419 2654 1472 accepero
2701 1420 3041 1475 synagogam.
3075 1403 3412 1474 Videturque
3471 1405 3606 1459 mihi

2033 1490 2148 1547 haec
2192 1501 2496 1562 Opportune
2543 1493 2688 1548 dicta
2733 1510 2856 1550 esse
2895 1514 2908 1549 :
2945 1494 3077 1550 Cum
3129 1499 3606 1564 accepero‘tempus

2031 1593 2312 1648 statutum,
2354 1587 2462 1650 vel,
2511 1604 2852 1658 synagogam.
2904 1586 3200 1644 Pollicetur
3227 1587 3431 1658 quippe
3461 1602 3521 1643 se
3550 1589 3606 1644 in

2033 1681 2280 1747 tempore
2324 1686 2630 1748 opportuno
2677 1680 2860 1734 omnia
2908 1677 3088 1734 Patris
3147 1681 3202 1734 in
3248 1679 3492 1734 Ecclesia
3538 1695 3606 1734 ex

365 1769 646 1840 θαυμάσια
676 1772 768 1825 τοῦ
796 1771 1007 1845 Πατρὸς
1027 1774 1386 1846 διηγήσασθαι
1425 1777 1518 1829 ἐπί
1546 1777 1647 1846 τῆς
1675 1777 1736 1842 ἐξ
1769 1777 1928 1831 ἐθνῶν

2039 1765 2291 1834 gentibus
2325 1777 2475 1836 gesta
2521 1768 2790 1822 mirabilia
2821 1778 3192 1835 narraturum,
3223 1785 3386 1842 quam
3419 1770 3599 1825 Eccle-

377 1861 702 1934 Ἐκκλησίας
725 1905 740 1929 ,
780 1867 844 1936 ἥν
895 1866 1057 1930 αὐτὸς
1098 1868 1127 1919 ὁ
1161 1868 1346 1940 Πατὴρ
1373 1870 1736 1939 ἐπηγγέλλετο
1787 1870 1935 1943 αὐτῷ

361 1956 811 2026 είπὼνἈῑτησαι
860 1961 996 2028 παρ’
1038 1962 1214 2029 ἐμοῦ,
1259 1963 1358 2015 καὶ
1407 1963 1580 2016 δώσω
1627 1979 1726 2017 σοι
1789 1966 1934 2034 ἐθνη

358 2045 479 2114 τὴν
503 2051 911 2119 κληρονομίαν
941 2067 1078 2116 σου,
1121 2052 1220 2106 καὶ
1252 2052 1366 2122 τὴν
1408 2053 1778 2125 κατάσχεσίν
1818 2073 1935 2110 σου

356 2136 434 2190 τὰ
469 2135 693 2205 πέρατα
722 2139 833 2208 τῆς
865 2140 995 2210 γῆς.
1025 2143 1190 2197 Ὅταν
1215 2140 1306 2198 οὖν
1350 2143 1518 2208 λάόω,
1543 2148 1698 2216 φησὶ,
1732 2147 1936 2218 ταύτην

354 2225 458 2296 τὴν
492 2227 782 2300 συνταγὴν,
833 2231 927 2282 καὶ
954 2231 1174 2284 ἐπειδὰν
1209 2231 1354 2301 τύχω
1375 2233 1564 2286 τούτου
1604 2234 1695 2286 τοῦ
1720 2234 1933 2306 καιροῦ,

351 2317 657 2386 τηνικαῦτα
697 2321 826 2391 παρ’
863 2322 1046 2384 αὐτοῖς
1077 2325 1190 2386 τοῖς
1228 2322 1287 2388 ἐξ
1337 2323 1508 2378 ἐθνῶν
1552 2326 1936 2396 ἐπιστρέφουσι

351 2407 691 2480 διηγήσομαι
723 2411 902 2464 πάντα
949 2411 1016 2464 τά
1058 2412 1340 2483 θαυμάσιά
1375 2432 1488 2468 σου.
1518 2410 1613 2480 Οἷς
1656 2416 1929 2484 ἐπιλέγει·

361 2498 515 2568 Ἐγὼ
541 2500 870 2568 εὐθύτητας
904 2501 1104 2571 κρινῶ.
1137 2505 1492 2576 Δικαιοσύνης
1513 2505 1622 2578 γὰρ
1644 2506 1740 2560 καὶ
1770 2506 1934 2560 εὐθύ-ι

347 2606 513 2661 τητος
579 2589 739 2662 ἔργον
792 2592 853 2645 τὸ
889 2594 964 2664 μὴ
1006 2594 1294 2660 Ἰουδαίους
1349 2598 1542 2667 μόνους
1589 2599 1931 2669 προσίεσθαι,

349 2682 491 2754 μηδέ
519 2682 580 2735 τὺ
599 2681 657 2749 ἐξ
690 2683 939 2755 Ἀϐραὰμ
959 2685 1112 2753 γένος
1137 2689 1278 2742 κατά
1293 2689 1391 2760 τὴν
1417 2689 1658 2754 Μωσέως
1710 2692 1927 2763 κλῆσιν.

345 2774 468 2828 ἀλλ’
499 2774 557 2840 ἐξ
589 2775 845 2829 ἁπάντων
881 2777 990 2829 τῶν
1017 2778 1185 2832 ἐθνῶν
1233 2781 1330 2850 τὴν
1373 2782 1603 2854 ἐκλογὴν
1654 2785 1927 2840 ποιεῖσθαι

347 2865 465 2920 τῶν
491 2866 834 2937 σωζομένων.
869 2869 1070 2942 Διόπερ
1119 2872 1147 2924 ὁ
1180 2873 1387 2942 Πέτρος
1416 2876 1474 2927 ἐν
1509 2878 1630 2940 ταῖς
1659 2877 1929 2948 Πράξεσιν

344 2955 765 3027 ἀναγέγραπται
817 2959 1085 3030 εἰρηκώς·
1130 2960 1256 3014 Ἐπ’
1299 2963 1588 3032 ἀληθείας
1633 2963 1798 3033 οἶδα,
1843 2969 1933 3023 ὅτι

343 3051 460 3103 οὐκ
497 3049 630 3103 ἔστι
659 3050 1180 3120 προσωπολήπτης
1208 3056 1240 3108 ό
1273 3057 1447 3122 Θεός’
1479 3058 1617 3112 ἀλλ’
1646 3059 1716 3113 ἐν
1751 3063 1929 3115 παντί

339 3141 504 3196 ἔθνει
535 3143 569 3194 ό
641 3143 1012 3211 φοϐούμενος
1056 3146 1244 3199 αὑτὸν
1293 3146 1506 3216 δεκτός
1547 3151 1717 3205 ἐστιν
1743 3154 1922 3221 αὐτῷ.

339 3234 454 3288 Καὶ
484 3234 513 3285 ὁ
550 3233 761 3298 Παῦλος
782 3235 840 3288 δὲ
881 3236 1122 3308 Ἰουδαίῳ
1148 3255 1208 3291 τε
1253 3239 1470 3310 πρῶτον
1501 3244 1596 3296 καὶ
1621 3245 1842 3318 Ἕλληνι
1867 3248 1928 3301 τὸ

340 3325 675 3394 Εὐαγγέλιον
717 3328 1078 3399 κηρύττεσθαί
1111 3348 1243 3400 φησι
1275 3331 1482 3401 λέγων·
1516 3337 1600 3389 Οὐ
1625 3337 1735 3406 γὰρ
1768 3339 1928 3394 ἐπαι-

337 3419 642 3487 σχύνομαι
667 3418 733 3472 τὸ
749 3420 1120 3490 Εὑαγγέλιον
1136 3439 1149 3452 ο
1168 3422 1422 3490 δύναμις
1451 3426 1560 3494 γὰρ
1583 3427 1733 3482 Θεοῦ
1755 3429 1927 3484 ἐστιν

335 3514 428 3577 εἰς
454 3513 756 3580 σωτηρίαν
784 3514 964 3567 παντὶ
1007 3514 1089 3581 τῷ
1140 3518 1518 3582 πιστεύοντι,
1565 3520 1823 3586 Ἰουδαίῳ
1859 3541 1926 3578 τε

336 3601 578 3671 πρῶτον
628 3602 727 3655 καὶ
754 3605 1036 3672 ”Ελληνι.
1087 3609 1448 3677 Δικαιοσύνη
1490 3611 1601 3679 γὰρ
1653 3613 1801 3667 Θεοῦ
1855 3615 1925 3666 ἐν

333 3691 505 3756 αὐτῷ
567 3691 1073 3748 ἀποκαλύπτεται.
1143 3691 1240 3760 Οἷς
1311 3698 1621 3764 ἀκολούθως
1692 3703 1924 3758 ἐνταῦθα

335 3785 542 3854 φάσκει
573 3784 666 3837 τό·
711 3784 858 3854 Ἐγὼ
888 3787 1223 3854 εὐθύτητος
1263 3789 1467 3856 κρινῶ.
1511 3791 1622 3844 Εἶτ’
1655 3794 1918 3862 ἐπιλέγει⁹

348 3875 568 3943 Ἐτάκη
595 3875 635 3942 ’ἡ
659 3874 734 3945 m'
775 3874 874 3928 καὶ
904 3875 1126 3942 πάντες
1158 3880 1214 3931 οἱ
1239 3881 1662 3948 κατοικοῦντες
1693 3883 1916 3951 αὐτήνο

333 3967 454 4037 ἐγὼ
489 3967 825 4036 ἐστερέωσα
849 3968 992 4034 τοὺς
1014 3969 1283 4037 στύλους
1303 3972 1512 4041 αὐτῆς.
1546 3974 1704 4028 Κατά
1731 3976 1787 4029 δέ
1829 3978 1921 4032 τὸν

336 4057 658 4129 Σύμμαχον,
702 4057 1176 4125 Συσταθήσεται,
1221 4063 1406 4132 φησιν,
1450 4065 1489 4132 ἡ
1523 4064 1599 4134 γῆ
1631 4066 1754 4120 σὺν
1795 4069 1921 4138 τοῖς

334 4151 733 4206 κατοικοῦσιν
782 4152 1010 4218 αὐτήνο
1043 4153 1159 4222 ἐγὼ
1201 4154 1437 4224 ἣδρασα
1465 4158 1608 4226 τοὺς
1651 4162 1919 4228 στύλους

333 4240 545 4308 αὐτῆς.
579 4237 764 4296 Ταῦτα
791 4242 850 4296 δὲ
875 4245 988 4308 τοῖς
1026 4244 1086 4296 ἐν
1107 4242 1188 4315 τῷ
1218 4245 1325 4316 πρὸ
1352 4246 1542 4300 τούτου
1575 4248 1918 4320 λελεγμένοις

332 4334 552 4406 εἴρηται
588 4335 912 4406 συμφώνως.
972 4338 1038 4390 Ἢ
1087 4337 1196 4408 γὰρ
1247 4338 1668 4411 πολιορκηθεῖσα
1719 4343 1792 4413 γῆ
1819 4344 1915 4396 καὶ

2036 1855 2174 1909 siam
2205 1857 2308 1926 ipsi
2335 1857 2492 1912 Pater
2528 1860 2779 1930 promisit
2811 1860 2894 1915 his
2923 1861 3104 1916 verbis
3132 1880 3144 1916 :
3184 1861 3408 1916 Postulo
3442 1879 3474 1916 a
3502 1880 3604 1926 me,

2033 1957 2082 2002 et
2116 1948 2253 2002 dabo
2287 1951 2380 2004 tibi
2412 1961 2585 2020 gentes
2617 1953 2973 2007 Ita'reditatem
3020 1963 3187 2020 tuam,
3222 1963 3272 2008 et
3319 1955 3588 2022 possessio

2035 2057 2151 2095 nem
2183 2051 2328 2096 tuam
2364 2046 2612 2098 terminos
2643 2054 2796 2101 terra:
2811 2047 2878 2101 ³⁵.
2914 2046 3048 2102 Cum
3081 2062 3211 2117 ergo
3243 2047 3348 2102 hoc
3391 2055 3604 2117 tempus

2035 2141 2299 2198 stantum,
2322 2133 2518 2204 inquit,
2537 2149 2815 2206 accepero,
2838 2143 3036 2192 etcum
3061 2137 3204 2192 hanc
3228 2138 3579 2208 opportunita

2035 2231 2142 2279 tem
2162 2233 2493 2280 consecutus
2510 2241 2625 2288 ero,
2655 2236 2784 2282 tunc
2801 2230 3052 2284 omnibus
3071 2230 3321 2299 gentibus
3343 2245 3462 2300 qua:
3482 2245 3604 2286 sese

2035 2319 2408 2372 converterint
2452 2318 2686 2373 narrabo
2735 2319 2916 2374 omnia
2946 2321 3218 2375 mirabilia
3252 2329 3365 2376 tua.
3393 2319 3604 2387 Quibus

2035 2408 2222 2464 subdit
2249 2428 2263 2464 :
2294 2409 2404 2481 Ego
2438 2413 2778 2466 rectitudines
2801 2412 3074 2482 judicabo.
3109 2411 3342 2469 Iustitiae
3368 2429 3607 2486 namque

2035 2507 2089 2554 et
2130 2502 2478 2560 rectitudinis
2511 2519 2650 2576 opus
2681 2512 2785 2571 est,
2813 2521 2921 2560 non
2948 2504 3166 2562 Judaeos
3199 2508 3378 2562 solum
3407 2508 3578 2562 admit

2035 2599 2170 2654 tere.
2203 2609 2380 2665 neque
2422 2594 2715 2652 Abrahami
2770 2612 2941 2668 genus
2991 2599 3254 2654 duntaxat
3306 2599 3604 2654 secundum

2035 2683 2236 2754 Moysis
2280 2687 2620 2741 vocationem
2667 2689 2936 2758 recipere,
2969 2691 3062 2744 sed
3098 2691 3356 2745 omnibus
3386 2706 3453 2746 ex
3481 2706 3586 2761 gen

2033 2775 2184 2831 tibus
2216 2779 2608 2833 servandorum
2658 2781 2978 2837 electionem
3005 2780 3202 2837 facere.
3235 2780 3603 2847 Quamobrem

2033 2866 2229 2923 Petrus
2276 2869 2331 2923 in
2380 2870 2607 2926 Actibus
2657 2870 2864 2927 dixisse
2906 2873 3168 2928 scribitur
3207 2893 3220 2928 :
3269 2873 3337 2928 In
3387 2875 3606 2932 veritate

2035 2964 2280 3032 comperi,
2325 2965 2450 3034 quia
2492 2982 2596 3021 non
2639 2976 2715 3020 est
2756 2983 3100 3036 personarum
3149 2977 3390 3037 acceptor
3433 2969 3570 3025 Deus

2034 3055 2128 3108 sed
2155 3057 2212 3109 in
2250 3058 2392 3110 omni
2422 3067 2571 3126 gente
2606 3059 2698 3128 qui
2740 3060 2886 3112 timet
2918 3075 3037 3113 eum
3071 3069 3312 3129 acceptus
3334 3070 3413 3115 est
3438 3063 3521 3116 illi
3535 3063 3602 3118 ³⁸.

2032 3144 2235 3202 Paulus
2283 3157 2461 3202 autem
2497 3147 2685 3203 Iudaeo
2717 3149 2974 3217 primum,
3013 3157 3197 3219 postea
3241 3151 3430 3208 (Ξῖ-που
3463 3169 3574 3223 ιιι-ω

2027 3238 2321 3293 dicandum
2358 3238 2710 3309 Evangelium
2748 3257 2870 3296 esse
2918 3241 3052 3296 dicit
3094 3241 3180 3297 his
3220 3244 3400 3299 verbis
3432 3262 3446 3298 :
3479 3244 3605 3300 Non

2025 3328 2162 3382 enim
2183 3328 2428 3382 erubesco
2452 3327 2792 3400 Evangelium
2815 3347 2833 3384 :
2863 3332 3029 3386 virtus
3047 3349 3186 3386 enim
3213 3333 3310 3386 Dei
3332 3345 3410 3388 est
3437 3335 3488 3389 in
3516 3353 3585 3390 sa-

2025 3418 2188 3473 lutem
2218 3421 2361 3473 omni
2395 3422 2646 3485 credenti,
2676 3420 2867 3476 Judwo
2895 3425 3145 3491 primum,
3179 3433 3228 3479 et
3261 3424 3466 3482 erco.
3496 3425 3601 3482 Ju-

2023 3509 2175 3562 stitia
2205 3510 2345 3563 enim
2372 3509 2470 3563 Dei
2497 3511 2551 3564 in
2581 3513 2696 3579 ipso
2731 3511 2992 3565 revelatur
3011 3511 3076 3567 ³⁷.
3107 3512 3317 3578 Quibus
3349 3513 3437 3567 hic
3463 3528 3597 3568 con-

2024 3609 2320 3670 sequenter
2343 3601 2545 3656 dicitur
2571 3621 2585 3658 :
2622 3601 2732 3672 Ego
2755 3601 3090 3657 rectitudines
3102 3602 3376 3671 judicabo.
3398 3602 3600 3660 Deinde

2024 3692 2248 3762 subiicit
2286 3711 2298 3746 :
2332 3691 2640 3763 Liquefacta
2671 3705 2748 3748 est
2781 3704 2923 3748 terra
2950 3711 2998 3748 et
3029 3712 3205 3750 omnes
3230 3696 3320 3766 qui
3357 3696 3598 3752 habitant

2023 3803 2055 3839 η
2095 3803 2157 3840 ea
2191 3802 2210 3840 :
2239 3802 2330 3856 ego
2378 3785 2696 3854 conﬁrmavi
2757 3779 3033 3839 columnas
3089 3785 3224 3854 ejus.
3282 3784 3596 3842 Secundum

2025 3877 2412 3948 Symmachum
2445 3892 2575 3932 vero
2603 3895 2615 3928 :
2651 3876 3037 3942 Constituetur,
3069 3879 3266 3948 inquit,
3305 3887 3446 3934 terra
3477 3895 3598 3933 cum

2019 3967 2379 4022 habitantibus
2424 3969 2479 4022 in
2527 3985 2588 4022 ea
2619 3981 2639 4020 :
2667 3984 2760 4036 ego
2786 3969 3095 4045 conﬁrmavi
3141 3969 3414 4025 columnas
3459 3971 3594 4039 ejus.

2020 4056 2147 4111 llaec
2190 4072 2354 4127 porro
2403 4057 2762 4128 praecedentis
2811 4058 3004 4128 psalmi
3046 4059 3208 4114 dictis
3233 4060 3409 4115 allinia
3441 4070 3590 4126 sunt,

2018 4150 2191 4209 Terra
2235 4151 2505 4221 siquidem
2535 4151 2755 4206 obsessa
2789 4158 2842 4205 et
2875 4152 2985 4220 igni
3017 4152 3236 4215 tradita,
3268 4154 3336 4209 de
3369 4171 3474 4225 qua
3506 4156 3594 4210 di-

2017 4243 2241 4298 cebatur
2265 4261 2364 4298 :—
2387 4242 2624 4309 Quasiin
2640 4242 2774 4296 silva
2793 4241 3055 4312 lignorum
3085 4244 3355 4298 securibus
3389 4248 3588 4302 excide-

2017 4344 2140 4389 runt
2158 4335 2358 4405 januas
2392 4335 2507 4405 ejus
2539 4336 2596 4388 in
2629 4334 2879 4402 idipsum,
2911 4337 2965 4390 in
2993 4336 3166 4390 securi
3197 4345 3249 4390 et
3275 4339 3423 4392 ascia
3454 4339 3570 4409 deje

333 4430 472 4501 πυρὶ
491 4428 876 4500 παραδοθεῖσα,
911 4429 1040 4500 περὶ
1062 4424 1130 4501 ἦς
1163 4429 1380 4500 ἐλέγετο
1397 4449 1485 4472 °—
1499 4433 1591 4498 Ὡς
1615 4433 1686 4487 ἐν
1715 4435 1916 4506 δρυμῷ

2027 4435 2354 4482 cerunteam.
2384 4426 2736 4482 Incenderunt
2781 4428 2898 4497 igne
2940 4429 3307 4482 sanctuarium
3335 4439 3504 4495 tuum,
3540 4433 3592 4486 in

331 4520 540 4586 ξύλων
569 4521 806 4589 ἀξίναις
834 4523 1069 4592 ἔκοψαν
1111 4525 1219 4591 τὰς
1261 4526 1445 4593 θύρας
1475 4527 1665 4596 αὐτῆς
1696 4529 1796 4583 ἐπὶ
1847 4529 1914 4584 τὸ

330 4613 508 4676 αὐτὸ,
538 4612 608 4666 ἐν
637 4611 852 4668 πέλυκι
883 4630 958 4668 κα
1006 4615 1378 4683 λαξευτηρίῳ
1406 4617 1778 4686 κατέρῤαξαν
1802 4622 1912 4675 αὐ-

333 4704 471 4770 τήν.
523 4705 888 4772 ἐνεπύρισαν
930 4706 1002 4759 ἐν
1037 4706 1180 4774 πυρὶ
1227 4708 1292 4761 τὸ
1345 4709 1735 4778 ἀγιαστήριόν
1768 4726 1910 4776 σου,

324 4800 417 4862 ἐἰς
442 4796 558 4865 τὴν
577 4796 691 4866 γῆν
703 4797 1086 4864 ἐϐεϐήλωσαν
1105 4799 1170 4851 τὸ
1183 4799 1472 4870 σκήνωμα
1487 4803 1593 4857 τοῦ
1618 4804 1910 4873 ὀνόματός

329 4903 448 4942 σου
470 4889 734 4942 ·-ταῦτα
759 4889 1008 4942 παθοῦσα
1037 4889 1232 4960 ἐτάκη,
1269 4892 1362 4945 καὶ
1410 4893 1611 4958 πάντες
1641 4897 1690 4948 oi
1719 4913 1906 4950 κατοι-

328 4981 554 5044 κοῦντες
580 4981 748 5052 αὐτὴν
780 4982 870 5036 διὰ
910 4982 1009 5046 τὰς
1038 4983 1293 5047 ἀσεϐείας
1340 4984 1518 5038 αὐτῶν
1563 4987 1786 5041 τοιαῦτα
1817 5004 1910 5042 πε-

329 5065 582 5119 πόνθασι.
615 5069 761 5140 Πλὴν
807 5069 1013 5124 τούτων
1041 5070 1430 5141 ἀπολλυμένων
1450 5113 1464 5137 ,
1513 5075 1628 5145 ἐγὼ
1647 5115 1661 5139 ,
1713 5077 1900 5147 φησὶν,

324 5155 666 5224 ἐστερέωσα
690 5158 833 5226 τοὺς
858 5162 1128 5227 στύλους
1146 5161 1357 5230 αὐτῆς.
1379 5163 1544 5226 Τίνας
1567 5164 1611 5216 δ’
1639 5163 1704 5218 ἂν
1728 5166 1905 5230 είποις

324 5246 552 5311 τούτους
589 5248 623 5319 ἢ
651 5251 777 5312 τοὺς
831 5250 1008 5320 ἱεροὺς
1035 5251 1368 5315 ἀποστόλους
1386 5253 1480 5306 καὶ
1531 5254 1741 5319 πάντας
1775 5258 1902 5322 τοὺς

323 5337 418 5389 τοῦ
450 5339 708 5412 Σωτῆρος
742 5341 899 5413 ἡμῶν
946 5343 1196 5413 μαθητάς
1237 5361 1299 5397 τε
1344 5345 1439 5398 καὶ
1468 5341 1898 5415 ἐύαγγελιστάς;

2019 4533 2160 4576 terra
2179 4520 2478 4589 polluerunt
2505 4520 2902 4574 tabernaculum
2923 4524 3146 4575 nominis
3174 4523 3250 4576 tui
3283 4523 3363 4589 ³⁸;
3389 4554 3460 4563 —
3481 4525 3593 4580 haec

2016 4630 2202 4684 passa,
2237 4613 2532 4685 liquefacta
2563 4623 2681 4681 est;
2716 4623 2772 4668 et
2795 4630 2904 4669 una
2930 4630 3120 4670 omnes
3149 4619 3242 4684 qui
3274 4616 3596 4672 habitabant

2014 4709 2070 4762 in
2102 4723 2165 4764 ea
2199 4709 2538 4778 impietatum
2568 4724 2792 4764 suarum
2823 4724 2992 4764 causa
3025 4710 3139 4764 haec
3171 4713 3415 4780 perpessi
3443 4720 3591 4767 sunt.

2015 4798 2282 4854 Caeterum
2328 4801 2413 4855 his
2462 4802 2839 4870 pereuntibus,
2879 4819 2995 4872 ego,
3035 4803 3235 4871 inquit,
3285 4805 3594 4874 conﬁrmavi

2012 4891 2288 4944 columnas
2333 4892 2468 4961 ejus.
2499 4891 2648 4958 Quas
2691 4907 2786 4948 eas
2829 4908 2952 4949 esse
2992 4893 3219 4958 dixeris,
3248 4895 3354 4950 nisi
3401 4912 3591 4953 sacros

2011 4983 2294 5053 apostolos
2337 4990 2391 5038 et
2439 4999 2630 5039 omnes
2665 4981 2973 5039 Servatoris
3007 4985 3179 5040 nostri
3205 4986 3507 5059 discipulos
3536 4998 3592 5045 et

2010 5075 2408 5144 evangelistas?
2460 5073 2596 5128 Nam
2641 5090 2765 5129 cum
2814 5091 2879 5130 ex
2911 5075 3122 5130 readem
3171 5085 3315 5132 terra
3355 5079 3590 5147 prodiis-

2011 5175 2153 5229 sent,
2184 5166 2452 5220 columnae
2475 5173 2530 5220 et
2564 5165 2966 5222 ﬁrmamentum
2998 5167 3254 5223 Ecclesia!
3282 5168 3410 5223 facti
3434 5177 3583 5225 sunt.

2009 5257 2357 5328 Quapropter
2412 5257 2618 5314 Paulus
2661 5259 3036 5328 apostolorum
3078 5260 3397 5331 coryphmos
3431 5263 3586 5317 colu-

2006 5364 2164 5404 mnas
2187 5350 2415 5404 vocabat
2447 5349 2636 5405 dicens
2669 5349 2937 5405 :Jacobus
2963 5359 3015 5404 et
3046 5347 3248 5420 Cephas
3264 5360 3314 5406 et
3328 5350 3585 5418 Joannes,

338 5425 429 5494 Ἐξ
457 5429 630 5501 αὐτῆς
651 5430 759 5502 γάρ
792 5432 1005 5502 ἐκείνης
1033 5433 1392 5505 προελθόντες
1413 5434 1512 5504 τῆς
1549 5436 1672 5506 γῆς,
1715 5441 1896 5494 στῦλοι

2027 5441 2095 5494 mi
2130 5439 2370 5494 videntur
2407 5442 2665 5495 columnw
2690 5457 2802 5495 esse
2824 5441 2890 5497 ³³.

326 5521 419 5571 καὶ
476 5521 759 5594 ἑδραίωμα
813 5526 1070 5593 γεγόνασι
1119 5525 1218 5597 τῆς
1267 5528 1615 5599 Ἐκκλησίας.
1657 5530 1748 5584 Διὸ
1792 5533 1886 5586 καὶ
1934 5533 2147 5598 Παῦλος
2216 5535 2342 5596 τοὺς
2414 5533 2746 5604 κορυφαίους
2815 5531 2924 5587 τῶν
2981 5532 3298 5589 ἀποστόλων
3360 5533 3588 5601 στύλους

327 5610 576 5682 ὠνόμαζε
600 5615 772 5686 λέγων
788 5633 802 5647 °
834 5617 1099 5684 Ἰάκωϐος
1126 5619 1224 5672 καὶ
1250 5619 1461 5689 Κηφᾶς
1486 5620 1584 5675 καὶ
1612 5621 1908 5692 Ἰωάννης,
1937 5627 1992 5679 ol
2025 5626 2354 5692 δοκοῦντες
2381 5625 2594 5679 στῦλοι
2621 5620 2794 5679 εἶναι.

389 5788 432 5818 ³³
471 5789 612 5846 Psal.
653 5811 726 5860 Il,
765 5794 817 5850 8.
897 5797 940 5828 ³⁶
980 5795 1098 5852 Act.
1136 5813 1202 5863 ι,
1238 5797 1324 5853 54.
1406 5799 1448 5832 ³⁷
1485 5797 1646 5856 Rom.
1683 5813 1732 5867 ι’,
1770 5802 1855 5869 16,
1892 5804 1914 5858 1

2056 5805 2099 5838 ³⁸
2137 5803 2282 5861 Psal.
2323 5819 2522 5871 Lxxm,
2563 5804 2676 5861 5-7.
2755 5805 2798 5836 ³³
2839 5801 3014 5857 Galat.
3051 5818 3124 5869 ll,
3160 5803 3194 5857 9
