4056 6368
468 320 570 377 δτι
1144 319 1415 375 unseen
1457 318 1934 374 cmssmsusus
1971 317 2120 374 οριι.
2157 317 2340 375 PARS
2377 314 2462 377 In.
2492 353 2562 362 -
2597 308 3005 380 meamea.
3607 317 3717 388 873i

538 431 705 489 Vens.
730 433 788 498 ὅ,
825 432 880 488 6.
921 432 1049 487 Dixi
1083 435 1275 505 iniquis
1304 449 1323 487 :
1359 433 1537 489 Nolite
1577 434 1753 506 inique
1783 424 1969 506 agere;
1995 442 2046 487 et
2074 438 2120 493 Α

2116 483 2120 492 .
2218 431 2376 489 Εῐπα
2412 437 2537 503 τοῖς
2569 439 3006 510 παρανομοῦσι,
3036 439 3133 509 Μὴ
3162 432 3554 512 παρανομεῗξε
3567 485 3585 509 ,
3614 448 3718 501 καὶ

463 524 881 597 delinquentibus
899 542 918 579 :
936 527 1112 580 Nolite
1130 527 1369 581 exaltare
1392 543 1574 581 cornu.
1592 527 1888 585 Columnas
1915 528 2036 597 qui-

2140 527 2265 593 τοῖς
2306 528 2732 598 ἁμαρτάνωσι.
2774 531 2871 600 Μὴ
2920 532 3151 601 ὑψοῦτε
3194 532 3394 601 κέρας.
3435 534 3577 600 Τοὺς
3617 539 3718 608 μὲν

463 615 586 672 dem
612 624 818 672 sanctae
847 624 902 672 et
924 616 1210 671 catholicae
1237 615 1497 673 Ecclesia:
1518 632 1641 688 ego,
1667 617 1842 687 inquit
1871 614 2035 681 Deus,

2142 618 2366 682 στύλους
2407 620 2507 691 τῆς
2550 622 2716 690 ἀγίας
2760 623 2855 677 καὶ
2892 622 3185 695 ηθολικῆς
3221 625 3546 697 Ἐκκλησίας
3582 626 3716 696 ἐγὼ,

461 707 695 775 ﬁrmavi,
741 717 929 780 utpote
973 711 1066 781 qui
1109 724 1177 765 ex
1225 718 1525 765 memorata
1563 717 1709 766 terra
1749 706 2039 781 liquefacta

2140 709 2304 780 φησιν
2336 710 2367 762 ὁ
2385 709 2537 775 Θεὸς,
2576 711 2883 783 ὲστερέωσα
2903 729 2918 743 ·
2942 713 3025 766 ὅτι
3045 714 3123 784 (l)
3140 714 3499 787 ἐκλεξάμενος
3516 716 3717 782 αὐτοὺς

462 811 590 856 αι-
639 799 1041 857 habitatoribus
1085 801 1223 868 suis,
1260 802 1413 872 ipsos
1455 802 1747 872 elegerim;
1798 802 2039 873 reliquos

2139 802 2205 855 ὲκ
2233 800 2333 871 τῆς
2366 801 2723 874 ἀποδοθείσης
2753 803 2859 873 γῆς
2883 805 3143 877 τακείσης
3187 806 3326 877 μετά
3362 807 3473 861 τῶν
3508 809 3719 864 οἰκούν-

458 905 598 948 veno
627 900 980 949 contestatus
1001 893 1500 963 sum,‘pra3eipiens
1526 893 1635 949 illis
1667 893 1926 964 ipsosque
1946 907 2041 948 co-

2138 910 2247 947 των
2280 893 2451 966 αὐτήν
2472 910 2485 924 ·
2516 897 2629 960 τοῖς
2673 895 2731 950 δὲ
2761 894 2968 959 λοιποῖς
3006 895 3456 970 διεμαρτυράμην
3483 898 3719 955 διαστει-

463 989 697 1045 tonans
745 996 805 1043 ut
854 1004 923 1044 ne
953 990 1135 1059 inique
1163 996 1406 1060 agerent.
1445 985 1756 1042 Secundum
1787 985 2040 1059 Symma-

2139 984 2371 1056 λάμενος
2403 985 2497 1040 καὶ
2529 986 2867 1059 παραινέσας
2896 984 2970 1057 μὴ
2988 992 3343 1059 παρανομεῖν.
3365 989 3522 1045 Κατά
3541 991 3599 1044 δὲ
3625 992 3719 1047 τὸν

455 1079 627 1135 chum
646 1095 777 1135 vero
804 1097 818 1134 :
851 1079 977 1134 Dixi
1003 1079 1289 1148 seditiosis,
1312 1079 1507 1150 inquit,
1531 1077 1613 1133 ll'e
1638 1077 1886 1133 seditiose
1909 1094 2040 1149 aga-

2140 1075 2474 1149 Σύμμαχον·
2518 1078 2710 1143 Εἵπα,
2759 1079 2914 1150 φησι,
2966 1080 3091 1146 τοῖς
3138 1080 3570 1149 στασιάζουσι,
3616 1082 3717 1151 Μὴ

459 1171 633 1235 tis;et
667 1172 885 1242 iniquis,
939 1170 1121 1226 Nolite
1142 1170 1382 1226 exaltare
1407 1186 1591 1225 cornu.
1621 1169 1704 1225 Ne
1733 1169 1968 1225 extollite
1986 1170 2040 1224 in

2140 1161 2487 1229 στασιάζετε
2506 1183 2522 1199 ’
2578 1167 2679 1221 καὶ
2724 1168 2851 1235 τοῖς
2887 1170 3279 1239 παρανόμοις,
3316 1170 3414 1239 Μὴ
3445 1172 3717 1241 armigera

459 1264 634 1318 altum
679 1280 844 1319 cornu
884 1272 1115 1319 vestrum
1159 1263 1426 1334 loquentes
1469 1264 1666 1317 ceruice
1689 1261 2038 1333 iniquitatem.

2141 1256 2339 1325 κέρας.
2400 1257 2498 1328 Μὴ
2532 1258 2805 1328 ἐπαίρετε
2850 1262 2939 1328 είς
2994 1261 3155 1330 ὕψος
3196 1262 3265 1316 τὸ
3314 1263 3493 1332 κέρας
3546 1262 3716 1333 ὑμῶν

463 1352 665 1411 Eadem
695 1371 826 1411 vero
857 1355 976 1426 ipsa
1003 1366 1237 1426 possunt
1268 1356 1335 1410 ad
1358 1355 1526 1409 alium
1551 1355 1822 1419 ordinem,
1851 1370 2040 1411 eorum

2138 1348 2474 1433 λαλοῦντες
2524 1348 2804 1419 τραχήλῳ
2847 1352 3120 1422 ἀνομίαν.
3163 1353 3398 1407 Δύναται
3444 1352 3501 1407 δὲ
3540 1351 3715 1407 ταῦτα

463 1445 716 1502 videlicet
765 1448 855 1517 qui
901 1463 969 1501 ex
1021 1447 1443 1502 circumcisione
1495 1455 1645 1512 sunt,
1689 1447 1902 1508 referri.
1947 1446 2041 1518 qui

2141 1439 2278 1511 πρὸς
2298 1439 2360 1493 τὸ
2382 1440 2569 1512 ἕτερον
2596 1442 2783 1514 τάγμα
2809 1444 2873 1497 τὸ
2893 1447 2957 1498 ἐκ
2983 1444 3283 1519 περιτομῆς
3304 1444 3578 1514 λέγεσθαι,
3604 1443 3714 1498 τῶν

463 1548 658 1594 contra
685 1537 1032 1594 Servatorem
1063 1536 1384 1593 seditionem
1423 1546 1728 1605 moverunt,
1762 1546 1817 1593 et
1849 1538 2043 1594 adver-

2142 1533 2695 1587 καταστασιασάντων
2728 1533 2823 1587 τοῦ
2859 1536 3109 1607 Σωτῆρος
3143 1537 3239 1590 καὶ
3263 1535 3717 1608 κατεπαρθέντω)

462 1639 560 1680 sus
610 1640 735 1680 eum
787 1626 1502 1697 insurrexerunt:quorum
1537 1642 1705 1683 causa
1751 1627 2042 1699 liquefacta

2142 1622 2339 1677 αὐτοῦ·
2388 1624 2455 1678 δι’
2500 1623 2596 1689 οὓς
2650 1625 2819 1697 ὲτάκη
2842 1626 3028 1682 αὐτῶν
3071 1629 3104 1698 ἡ
3165 1630 3236 1698 γῆ
3283 1627 3379 1681 καὶ
3423 1628 3623 1693 πάντες
3662 1629 3713 1681 οι

461 1725 548 1773 est
576 1726 723 1773 terra
751 1733 945 1773 eorum
977 1726 1032 1774 et
1055 1733 1250 1774 omnes
1278 1720 1370 1789 qui
1406 1720 1726 1776 habitabant
1746 1722 1803 1776 in
1822 1720 2044 1776 οξυϐε-

2142 1720 2521 1784 κατοικοῦντες
2572 1722 2763 1795 αὑτήν.
2806 1722 2955 1795 Πλὴν
3004 1722 3238 1786 καὶτοῖς
3283 1722 3406 1776 καθ’
3449 1723 3577 1794 ὅλης
3615 1725 3715 1796 τῆς

460 1818 639 1866 terum
669 1811 927 1867 omnibus
958 1828 1178 1884 quoque
1205 1786 1514 1885 per—orbem
1540 1814 1795 1885 gentibus
1821 1823 2042 1885 aposto-

2113 1796 2117 1834 ί
2140 1811 2466 1883 οἰκουμένης
2499 1811 2675 1867 ἔθνεσι
2697 1786 2793 1868 διὰ
2815 1786 2921 1868 τοῦ,
2938 1813 3047 1868 τῶν
3074 1813 3388 1895 ἀποστόλων
3427 1786 3715 1886 κηρυγμαζ

461 1902 637 1958 lorum
661 1904 1049 1975 przedicatione
1067 1906 1393 1962 testiﬁcatus
1414 1913 1520 1966 est.
1540 1914 1600 1961 ut
1623 1922 1692 1962 ne
1712 1905 1898 1976 inique
1917 1922 2043 1978 age-

2140 1921 2233 1968 τος
2279 1903 2626 1976 ἐμαρτύρατο
2658 1904 2733 1976 μὴ
2778 1906 3138 1977 παρανομεῖν,
3191 1905 3284 1957 καὶ
3323 1908 3435 1968 τοίς
3462 1906 3711 1977 ἁμαρτά-

461 2005 604 2061 rent,
622 2005 677 2052 et
700 1997 1083 2067 peccatoribus
1105 2005 1167 2052 ut
1192 2013 1264 2053 ne
1287 1997 1494 2069 peccati
1522 2012 1693 2052 cornu
1716 1998 2040 2063 exaltareut,

2142 2012 2292 2050 νουσι
2325 1995 2400 2067 μὴ
2441 1995 2608 2065 ὑψοῦν
2634 1995 2694 2049 τὸ
2718 1996 2820 2067 τῆς
2863 1996 3139 2068 ἁμαρτίας
3167 1996 3357 2068 κέρας,
3389 1996 3524 2069 μηδὲ
3558 1998 3714 2052 ἐπαί-

461 2103 640 2169 neque
685 2104 809 2146 sese
847 2089 1108 2146 eﬂerrent
1131 2096 1188 2144 et
1232 2096 1557 2161 arroganter
1602 2100 1843 2159 agerent,
1867 2105 2043 2160 neque

2143 2085 2332 2160 ρεσθαι
2369 2087 2464 2140 καὶ
2507 2087 3012 2160 καταθρασύνεσθαι
3035 2128 3051 2152 ,
3086 2087 3221 2159 μηδὲ
3265 2086 3444 2142 λαλεῖν
3498 2090 3720 2146 ἀδικίαν

461 2180 821 2251 loquerentur
851 2181 1117 2238 adversus
1140 2180 1312 2237 Deum
1338 2182 1712 2253 iniquitatem:
1740 2182 1886 2256 quod
1911 2197 2043 2239 sane

2142 2178 2284 2233 κατὰ
2319 2177 2414 2233 τοῦ
2454 2178 2590 2233 Θεοῦ
2608 2196 2622 2210 ⁸
2664 2180 2801 2252 ὅπερ
2852 2180 3118 2251 πρότερον
3167 2178 3433 2251 ἔπραττον
3468 2183 3713 2255 πολυθέῳ

465 2279 598 2328 ante
641 2272 876 2343 agebant
904 2287 1031 2327 cum
1060 2273 1443 2344 multiplicium
1473 2273 1698 2330 deorum
1721 2275 1896 2329 errori
1921 2275 2042 2329 ani-

2141 2270 2500 2342 προσέχοντες
2555 2270 2730 2343 πλάνῃ
2756 2313 2772 2338 ,
2820 2272 2915 2326 καὶ
2964 2270 3058 2325 τὸν
3104 2270 3214 2324 τῶν
3260 2271 3398 2326 ὅλων
3448 2273 3581 2329 Θεὸν
3635 2278 3711 2348 μὴ

463 2377 613 2419 mum
649 2362 992 2427 adhiberent,
1021 2373 1075 2421 et
1102 2364 1272 2420 Deum
1297 2367 1675 2423 universorum
1705 2367 2039 2438 ignorarent.
2142 2361 2361 2425 εἰδότες.

533 2453 701 2512 Vns.
737 2456 852 2512 7-9.
896 2457 1039 2524 Quia
1067 2473 1231 2529 neque
1271 2458 1335 2511 ab
1372 2458 1588 2522 oriente,
1628 2474 1787 2530 neque
1811 2458 1875 2511 ab
1903 2460 2043 2513 occi-

2215 2454 2335 2508 Ὄτι
2366 2453 2504 2508 οὔτε
2530 2455 2646 2509 ἀπὸ
2672 2455 2921 2523 ἐξόδων,
2953 2458 3091 2514 οὔτε
3119 2460 3238 2515 ά.τὸ
3278 2460 3548 2531 δυσμῶν,
3578 2461 3714 2516 οὔτε

461 2548 633 2615 dente,
656 2567 816 2623 neque
849 2569 881 2606 a
912 2551 1132 2606 desertis
1167 2552 1452 2616 montibus,
1484 2552 1732 2622 quoniam
1775 2549 1919 2607 Deus
1944 2550 2041 2621 ju-

2140 2543 2259 2600 ἀπὸ
2300 2542 2538 2613 ἐρήμων
2571 2544 2774 2613 ὀρέων,
2803 2547 2892 2602 ὅτι
2930 2552 2965 2603 ό
2995 2548 3141 2616 Θεὸς
3180 2550 3387 2619 κριτής
3423 2552 3574 2606 ἐστι.
3606 2554 3716 2607 Kal.

459 2641 563 2695 dea:
604 2649 702 2695 est.
734 2641 796 2696 Et
840 2642 955 2697 haec
994 2656 1236 2713 quoque,
1284 2644 1384 2707 ait,
1424 2659 1521 2714 per
1568 2644 1844 2714 apostolos
1891 2656 2042 2698 meos

2139 2633 2332 2700 ταῦτα,
2350 2634 2505 2706 φησὶ,
2527 2635 2975 2711 διεμαρτυράμην
2999 2640 3088 2696 διὰ
3105 2642 3214 2697 τῶν
3231 2643 3381 2713 ἐμῶν
3404 2644 3715 2699 ἀποστόλων

460 2735 715 2791 omnibus
741 2734 1056 2790 hominibus
1087 2733 1416 2791 testiﬁcatus
1459 2751 1603 2800 sum,
1632 2745 1691 2790 ut
1720 2734 1913 2805 judicii
1947 2733 2041 2790 Dei

2141 2727 2345 2785 ἅπασιν
2395 2731 2702 2813 ἀνθρώποις
2727 2771 2742 2798 ,
2792 2732 3149 2804 μνημονεύειν
3199 2733 3300 2804 τῆς
3338 2736 3572 2806 κρίσεως
3621 2735 3714 2789 τοῦ

459 2825 903 2888 recordarentur,
931 2837 985 2881 et
1024 2826 1207 2881 omnis
1235 2826 1545 2898 iniquitatis
1579 2828 1740 2884 linem
1776 2826 2039 2893 facerent,

2140 2820 2315 2889 Θεοῦ,
2367 2824 2463 2877 καὶ
2505 2824 2819 2880 παύσασθαι
2866 2826 3051 2899 πάσης
3099 2828 3479 2898 παρανομίας,
3529 2845 3717 2882 πεπει-

461 2916 708 2984 persuasi
750 2917 1127 2973 universorum
1154 2917 1397 2987 judicem
1440 2932 1549 2973 non
1580 2919 1769 2989 procul
1804 2918 1998 2975 abesse
2021 2958 2037 2985 ,

2142 2914 2373 2985 σμένους
2417 2918 2500 2971 ὅτι
2549 2918 2609 2971 οὗ
2660 2919 2849 2990 πόρρω
2888 2935 2992 2972 που
3036 2919 3346 2992 ἀφέστηκεν
3389 2912 3556 2976 ὁτῶν
3580 2921 3715 2976 ὅλων

456 3007 556 3063 sed
608 3009 795 3063 omnia
851 3009 1100 3079 implere,
1145 3018 1201 3065 et
1254 3011 1460 3083 ubique
1524 3020 1844 3082 praesentem
1894 3027 2036 3068 esse.

2141 3008 2336 3077 κριτής
2353 3022 2366 3038 ·
2399 3008 2578 3064 πάντα
2602 3009 2661 3062 δὲ
2685 3010 2883 3083 πληροῖ
2900 3012 2998 3066 καὶ
3036 3012 3311 3085 πανταχοῦ
3339 3014 3592 3086 πάρεστι.
3625 3015 3717 3069 Διὸ

460 3099 645 3167 Quare
677 3101 937 3156 convenit
979 3117 1082 3157 nos
1130 3104 1288 3176 quasi
1332 3102 1390 3157 in
1434 3103 1610 3158 oculis
1648 3103 1768 3174 ejus
1796 3104 2042 3161 viventes

2143 3101 2410 3171 προσήκει
2428 3101 2506 3165 ὡς
2534 3103 2592 3155 ὲν
2614 3102 2913 3174 ὀφθαλμοῖς
2934 3103 3099 3157 αὑτοῦ
3139 3104 3350 3170 ζῶντας
3374 3107 3717 3179 ἐπιστρεφῶς

463 3193 653 3247 animo
683 3193 752 3247 ad
781 3209 906 3248 eum
952 3210 1220 3250 converso
1264 3197 1481 3267 degere.
1516 3193 1702 3266 Neque
1740 3196 1886 3251 enim
1912 3211 2039 3267 pro-

2146 3190 2543 3247 πολιτεύεσθαι.
2565 3193 2642 3247 Οὐ
2662 3194 2773 3266 γὰρ
2795 3194 3012 3267 μακρὰν
3043 3195 3373 3269 ἀφέστηκεν,
3398 3198 3475 3262 ὡς
3500 3198 3716 3270 νομίσαι

463 3284 555 3337 cui
586 3284 762 3346 abest.
790 3285 863 3339 ita
897 3295 957 3339 ut
988 3286 1317 3342 arbitremur
1343 3304 1466 3344 eum
1494 3288 1652 3359 longe
1682 3303 1713 3344 a
1743 3289 1903 3345 nobis
1941 3290 2040 3344 ha-

2146 3280 2335 3353 πόῤῥω
2368 3297 2473 3336 που
2506 3283 2818 3354 ἀπῳκίσθαι
2855 3284 3049 3352 αὑτὸν,
3097 3286 3131 3358 ἢ
3180 3277 3318 3359 πρὸς
3351 3288 3543 3353 αὐταῖς
3588 3289 3717 3345 ἀνα-

464 3375 663 3440 bitare,
704 3376 819 3432 sive
862 3377 919 3432 in
967 3377 1201 3441 oriente,
1236 3378 1353 3434 sive
1415 3379 1471 3433 in
1498 3380 1802 3443 occidente,
1844 3381 1958 3436 sive
1984 3381 2040 3436 in

2141 3372 2342 3438 τολαῖς,
2366 3373 2400 3445 ἤ
2426 3374 2569 3429 κατά
2600 3374 2672 3429 τά
2700 3375 2963 3447 δυσμιαῖα
2992 3378 3157 3450 μέρη,
3192 3380 3227 3449 ἦ
3259 3396 3362 3433 που
3390 3381 3447 3434 ἐν
3459 3381 3716 3452 ἐρημίαις

462 3466 699 3524 desertis
727 3478 779 3523 et
813 3469 1111 3525 montibus.
1144 3469 1276 3524 Nam
1318 3471 1529 3527 medius
1560 3480 1616 3525 et
1647 3487 1890 3541 praesens
1916 3470 2040 3527 unl-

2145 3466 2242 3521 καὶ
2265 3466 2438 3537 ὄρεσι.
2482 3467 2660 3532 Mica;
2686 3467 2795 3540 γὰρ
2832 3471 3117 3543 ὲπιπαρὼν
3146 3474 3259 3536 τοῖς
3310 3473 3441 3525 πᾶσι
3462 3510 3479 3536 ,
3520 3473 3711 3544 κριτὴς

461 3561 662 3627 versis,
692 3560 858 3632 jmlex
887 3562 1133 3618 omnium
1163 3570 1268 3619 est.
1297 3562 1496 3619 Judicii
1531 3573 1711 3620 autem
1751 3565 1896 3621 illius
1923 3562 2041 3620 olli-

2141 3558 2253 3612 τῶν
2276 3559 2413 3615 ὅλων
2446 3560 2583 3615 snt.
2620 3562 2821 3633 Ἔργον
2846 3579 2907 3616 τε
2936 3562 3101 3618 αὐτοῦ
3122 3563 3224 3634 τῆς
3252 3565 3482 3636 κρίσεως
3511 3564 3571 3619 τὸ
3591 3566 3708 3619 κατ’

460 3652 614 3706 cium
664 3661 769 3715 cst,
797 3663 859 3707 ιιι
901 3653 1198 3724 unicuique
1245 3670 1343 3726 pro
1390 3654 1588 3710 merito
1631 3656 1857 3719 tribuat,
1890 3656 2038 3712 hunc

2141 3649 2299 3716 ἀξίαν
2325 3652 2620 3723 ἀπονέμειν
2658 3654 2893 3725 ἑκάστῳ,
2928 3654 3022 3708 καὶ
3058 3653 3245 3709 τοῦτον
3286 3656 3387 3727 μὲν
3410 3645 3713 3719 ταπεινοῦν,

462 3742 714 3798 humiliet
740 3753 794 3798 et
826 3744 975 3799 hunc
999 3746 1233 3814 exaltet;
1265 3747 1535 3818 superbos
1562 3746 1780 3818 quidem
1806 3748 2039 3820 illosque

2139 3743 2330 3799 τοῦτον
2376 3742 2434 3798 δὲ
2462 3743 2665 3814 ὁψοῦνο
2706 3745 2995 3801 ταπεινοῦν
3041 3746 3140 3818 μὲν
3164 3748 3293 3811 τοὺς
3337 3747 3719 3820 ὑπερηφάνους

432 3902 435 3905 η
464 3830 559 3901 qui
583 3845 756 3887 cornu
783 3848 945 3889 suum
972 3833 1028 3888 in
1056 3835 1223 3915 altum
1247 3837 1516 3892 extollunt
1546 3837 1826 3904 humiliet,
1859 3840 2034 3895 humi-

2140 3839 2239 3893 καὶ
2287 3840 2415 3905 τοὺς
2469 3840 2795 3913 ἐπαίροντας
2847 3842 2929 3906 εις
2987 3840 3121 3912 ὕψος
3166 3842 3230 3896 τὸ
3275 3842 3445 3915 κέρας
3505 3841 3717 3897 αὐτῶν·

406 3983 411 3989 θ
462 3923 546 3979 les
573 3938 705 3979 vero
732 3925 952 3991 exaltet,
985 3909 1286 3983 secundum
1320 3928 1451 3984 illud
1484 3948 1498 3985 :
1528 3927 1669 3984 Deus
1693 3930 1930 4000 superbis
1957 3948 2008 3986 re

2142 3928 2313 4001 ὑψοῦν
2348 3926 2407 3988 δὲ
2441 3934 2569 3997 τοὺς
2597 3909 2914 3999 ταπεινοὺς,
2942 3909 3088 3991 κατὰ
3113 3924 3176 3989 ad
3194 3950 3208 3965 '
3252 3936 3316 3990 '0
3344 3909 3491 4002 Dede
3535 3932 3718 4004 ὑπερ-

460 4016 628 4081 sistit,
655 4016 941 4074 humilibus
984 4028 1159 4074 autem
1193 4019 1287 4075 dat
1318 4022 1548 4092 gratiam
1566 4022 1633 4075 ⁸⁸.
1669 4023 2036 4089 Quamobrem

2129 4022 2396 4092 ηεράνοις
2434 4022 2855 4079 ἀντιτάσσεται
2874 4064 2891 4091 ,
2939 4025 3242 4093 ταπεινοῖς
3270 4024 3341 4079 δὲ
3379 4024 3587 4080 δίδωσι
3612 4025 3721 4096 κά-

461 4107 542 4161 ait
573 4126 587 4162 :
619 4106 760 4176 Quia
794 4126 956 4181 neque
984 4112 1049 4166 ab
1078 4113 1300 4175 oriente,
1332 4131 1494 4183 neque
1527 4115 1590 4168 ab
1629 4116 1911 4179 occidente,
1941 4131 2036 4169 ne-

2133 4132 2256 4183 ριν.
2302 4116 2394 4170 Διό
2442 4133 2639 4189 φησιν’
2673 4117 2795 4171 ’Ότι
2837 4117 2978 4172 οὔτε
3032 4118 3153 4173 ἀπὸ
3183 4116 3411 4184 ἐξόδων
3462 4117 3563 4171 καὶ
3598 4117 3717 4172 ἀπὸ

458 4215 561 4268 que
611 4216 644 4253 a
693 4200 913 4256 desertis
966 4204 1272 4269 montibus;
1316 4221 1417 4276 pro
1442 4206 1643 4276 quibus
1676 4205 2036 4278 Symmachus

2140 4205 2455 4261 ἀνατολῶν
2470 4206 2672 4273 ήλΙου,
2687 4206 2828 4261 οὔτε
2850 4205 2970 4261 ἀπὸ
2994 4205 3264 4277 δυσμῶν,
3287 4207 3425 4261 οὒτε
3442 4206 3562 4261 ἀπὸ
3578 4206 3719 4277 ἐρή-

461 4289 547 4346 sic
575 4289 965 4361 interpretatus
994 4302 1078 4348 est
1110 4312 1127 4350 :
1160 4293 1283 4348 Non
1314 4297 1451 4349 enim
1486 4294 1550 4349 ab
1581 4297 1797 4363 oriente,
1831 4312 1937 4351 non
1969 4295 2035 4350 ab

2135 4315 2268 4367 μων
2311 4298 2524 4367 ὀρέων·
2550 4300 2666 4353 ἀνθ’
2688 4292 2766 4353 ὧν
2792 4302 2824 4352 ὁ
2861 4301 3157 4373 Σύμμαχος
3182 4297 3371 4353 τοῦτον
3402 4301 3718 4371 ἡρμήνευσε

463 4382 751 4455 occidente,
784 4400 946 4455 neque
977 4403 1010 4438 a
1040 4385 1247 4439 deserto
1273 4387 1530 4439 montium
1556 4400 1575 4438 :
1603 4386 1693 4441 sed
1715 4385 1854 4440 Deus
1868 4385 2036 4457 judea:

2138 4382 2232 4443 τὸν
2254 4391 2484 4462 τρόπονδ
2525 4394 2607 4447 Οὐ
2646 4394 2756 4463 γὰρ
2792 4394 2912 4449 ἀπὸ
2940 4391 3263 4461 ἀνατολῆς,
3291 4391 3435 4447 οὐδὲ
3464 4392 3584 4446 ἀπὸ
3617 4390 3722 4445 δύ-

463 4474 603 4527 hunc
630 4474 839 4545 quidem
869 4474 1135 4543 liumiliat,
1168 4476 1303 4530 hunc
1335 4486 1510 4530 autem
1541 4477 1767 4532 exultat.
1814 4477 1879 4531 Et
1930 4479 2039 4535 hoc

2140 4496 2315 4546 σεως,
2350 4479 2493 4534 οὐδὲ
2519 4482 2640 4537 ἀπὸ
2679 4482 2902 4551 ἐρήμου
2932 4482 3144 4551 ὀρέων·
3176 4482 3316 4536 ἀλλ’
3353 4484 3386 4535 ὁ
3418 4480 3565 4546 Θεὸς
3598 4496 3724 4548 κρι-

464 4581 618 4634 sane,
654 4568 851 4637 inquit,
886 4567 1261 4622 necessarium
1302 4576 1389 4624 est
1433 4583 1621 4623 omnes
1664 4568 1913 4625 homines
1941 4583 2038 4623 co-

2143 4570 2255 4638 τὴς
2289 4567 2507 4624 τοῦτον
2540 4570 2658 4640 μὲν
2703 4570 2987 4636 ταπεινοῖ,
3028 4570 3244 4625 τοῦτον
3289 4568 3359 4623 δὲ
3396 4568 3562 4637 ῠψοῖ.
3607 4568 3722 4623 Καὶ

463 4674 748 4728 gnuscere,
803 4658 949 4726 Quia
997 4658 1141 4712 calia;
1184 4659 1240 4712 in
1283 4675 1447 4713 rnanu
1499 4658 1715 4714 Domini
1756 4661 1863 4715 vini
1905 4659 2038 4714 meri

2140 4660 2299 4715 τοῦτο
2316 4660 2394 4727 δὲ,
2410 4662 2595 4731 φησιν,
2606 4663 2897 4731 ἀναγκαῖον
2919 4657 3115 4716 ειδέναι
3146 4662 3352 4723 πάντας
3378 4658 3717 4731 ἀνθρώπους,

463 4748 647 4817 plenus
677 4750 854 4804 misre.
878 4748 948 4804 Et
981 4749 1253 4804 inclinavit
1295 4762 1361 4804 es
1406 4750 1501 4804 hoc
1527 4751 1582 4805 in
1613 4752 1745 4816 hoc;
1773 4760 2037 4807 verumta-

2144 4753 2267 4805 Ὅτι
2309 4750 2596 4820 ποτήριον
2641 4751 2713 4806 ἐν
2749 4751 2901 4821 χειρὶ
2946 4751 3169 4820 Κυρίου
3214 4751 3385 4804 ala-0v
3432 4747 3719 4817 ἀκράτου,

462 4856 585 4894 men
612 4841 719 4909 fare:
743 4842 856 4912 ejus
883 4859 987 4897 non
1012 4851 1093 4898 est
1111 4841 1408 4911 exinanita,
1440 4841 1610 4898 bibent
1643 4861 1821 4899 omnes
1851 4858 2039 4914 pecca-

2139 4841 2370 4910 πλῆρες
2413 4841 2804 4912 κεράσματος.
2852 4843 2965 4898 Kal
3003 4842 3246 4897 ἔκλινεν
3285 4842 3355 4896 ἐκ
3391 4842 3606 4895 τούτου
3634 4842 3724 4905 εις

465 4944 608 4988 tores
653 4944 826 4988 teme.
880 4934 1188 4989 Secundum
1239 4933 1624 5005 Symmachum
1671 4951 1804 4991 vero
1837 4954 1850 4989 :
1879 4932 2040 4990 Calia:

2139 4932 2347 4988 τοῦτο’
2379 4932 2547 5002 πλὴν
2588 4937 2622 4988 ὁ
2668 4935 2913 5004 τρυτίας
2943 4934 3129 4989 αὐτοῦ
3182 4936 3294 4989 οὐκ
3346 4928 3682 4999 ἐξεκενώθη
3703 4968 3721 4991 ,

464 5024 606 5080 enim
638 5025 693 5078 in
722 5036 883 5080 manu
915 5025 1147 5089 Domini,
1181 5035 1232 5080 et
1260 5027 1437 5079 vinum
1473 5041 1671 5079 merum
1721 5024 1928 5094 replens
1960 5023 2040 5091 ef—

2205 5024 2379 5078 ἷονται
2407 5024 2630 5093 πάντες
2675 5028 2731 5081 ol
2776 5024 3113 5095 ἁμαρτωλοὶ
3143 5025 3255 5093 τῆς
3297 5022 3428 5095 γῆς.
3463 5020 3621 5077 Κατὰ
3662 5020 3724 5073 δὲ
3796 5073 3807 5088 _

466 5118 666 5189 fusum,
693 5120 772 5172 ita
815 5127 874 5171 ut
924 5120 1141 5172 trahant
1187 5118 1251 5172 ab
1298 5119 1431 5186 ipso.
1470 5117 1840 5172 Verumtamen
1887 5113 2040 5183 {loces

2140 5115 2234 5172 τὸν
2258 5117 2550 5189 Σύμμαχον
2570 5134 2585 5150 ·
2621 5117 2917 5187 Ποτήριον
2940 5117 3053 5189 τὰρ
3076 5118 3148 5171 ἐν
3172 5127 3319 5187 χειρι
3352 5115 3595 5183 Κυρίου.
3621 5113 3724 5166 καὶ

463 5213 581 5283 eius
605 5209 853 5282 guttatim
879 5211 1171 5277 expriment
1198 5209 1423 5263 bibentes
1446 5207 1671 5277 improbi
1711 5217 1887 5260 teme.
1915 5202 2041 5258 llasc

2141 5206 2304 5276 οἶνος
2351 5208 2610 5279 ἄκρατος
2662 5208 2912 5277 πληρῶν
2949 5209 3229 5277 ἐκχυθείς
3258 5247 3273 5270 ,
3316 5206 3471 5262 ὥστε
3519 5205 3726 5260 ἕλκειν

463 5306 619 5369 item,
651 5304 752 5368 ait,
779 5318 972 5358 omnes
1003 5302 1250 5357 homines
1289 5294 1474 5364 docui,
1504 5315 1575 5355 ne
1622 5304 1877 5369 Ignorent
1908 5296 2041 5349 cali-

2140 5303 2244 5358 da‘
2278 5301 2487 5357 αὐτοῦ.
2516 5300 2691 5370 Πλὴν
2726 5302 2835 5367 τὰς
2864 5301 3110 5370 τρυτίας
3136 5299 3325 5355 αὑτοῦ
3369 5298 3726 5368 ἐκστραττι-

464 5410 582 5448 cem
632 5394 783 5448 illum
830 5405 1024 5447 omnes
1071 5406 1312 5455 manere,
1338 5405 1499 5462 quem
1549 5388 1750 5457 cuique
1779 5393 2042 5455 temperat

2141 5409 2327 5449 σουσι
2358 5395 2642 5459 πίνοντες
2679 5396 2735 5447 οὶ
2794 5392 3016 5461 φαῦλοι
3047 5390 3157 5461 τῆς
3194 5391 3326 5462 γῆς.
3361 5393 3472 5446 Καὶ
3521 5392 3726 5454 ταῦτα.

463 5499 518 5538 οι
569 5484 891 5539 commiscet
948 5485 1328 5539 universorum
1371 5480 1559 5551 judex.
1595 5478 1709 5534 Hoc
1757 5493 1921 5547 porro
1959 5478 2038 5531 in-

2142 5484 2333 5555 φησὶν,
2355 5483 2574 5552 ἐδίδαξα
2595 5484 2803 5548 πάντας
2831 5482 3173 5555 ἀνθρώπους,
3193 5483 3268 5546 ὡς
3286 5483 3355 5537 ἂν
3384 5484 3459 5555 μὴ
3485 5484 3725 5552 ἀγνοεῖν,

468 5574 684 5643 telligas
727 5589 796 5628 ex
843 5574 937 5638 iis,
966 5588 1090 5643 qua:
1134 5574 1189 5627 in
1235 5573 1533 5644 prophetiis
1562 5571 1631 5627 de
1657 5571 1828 5626 calice
1858 5571 2044 5625 lerun-

2142 5576 2225 5629 ὃτι
2260 5576 2544 5645 περιμένει
2563 5577 2687 5639 τοὺς
2710 5576 2916 5641 πάντας
2941 5575 3004 5628 τὸ
3030 5575 3307 5646 ποτήριον,
3342 5575 3479 5647 ὅπερ
3504 5575 3728 5645 ἑκάστῳ

537 5663 585 5696 ⁸⁸
620 5662 738 5718 Jac.
777 5680 848 5727 Iv,
880 5665 932 5718 6.

530 5754 608 5826 (1)
639 5755 725 5809 Διι
755 5754 1050 5826 legendum
1074 5755 1209 5809 ἆτετ
1234 5756 1393 5809 Eon.
