4056 6372
316 428 420 486 873

1425 423 1929 482 COMMENTARIA
1971 426 2038 482 IN
2076 423 2394 485 PSALMOS

3435 433 3538 491 874

314 544 563 617 κίρνησιν
587 545 617 598 ὁ
655 542 759 597 τῶν
780 541 914 596 ὅλων
946 539 1154 612 κριτής.
1205 538 1436 611 Νοήσεις
1484 540 1542 593 δὲ
1569 538 1726 593 τοῦτο
1767 541 1860 593 ἀπὶ

1973 547 2091 606 tur;
2146 540 2200 594 in
2242 537 2476 595 Jeremia
2509 541 2708 611 quippe
2755 540 3019 612 scriptum
3063 550 3148 598 est
3189 561 3202 597 :
3244 542 3396 600 Dixit
3431 547 3543 601 Do-

311 633 419 687 τῶν
450 635 507 688 ἑν
532 634 650 697 ταῖς
673 631 1026 704 προφητείαις
1054 629 1388 702 λελεγμένων
1412 648 1480 684 πε
1491 632 1542 702 pl.
1581 632 1839 703 ποτηρίου
1858 649 1871 661 ·

310 723 617 796 γέγραπται
656 722 786 791 γοῦν
813 725 871 775 ὲν
906 721 1142 793 Ἱερεμίᾳ
1169 723 1370 785 οὕτως’
1406 718 1552 776 Είπε
1590 724 1802 791 Κύριος
1843 727 1877 778 ό

310 815 456 879 Θεὸς
520 812 754 880 Ἰσραὴλ
801 812 950 880 πρὸς
996 811 1095 882 μέ·
1150 811 1305 867 Λάϐε
1340 814 1406 866 τὸ
1451 812 1733 900 ποτήριον
1768 815 1875 868 τοῦ

307 902 476 958 οΖνου
503 901 608 955 τοῦ
631 901 890 972 ἀκράτου
916 903 984 957 ἐκ
1004 904 1199 972 χειρός
1213 922 1353 974 μου,
1372 904 1466 957 καί
1489 902 1710 970 ποτιεῖς
1728 904 1873 958 αὐτὸ

306 993 501 1047 πάντα
530 991 602 1046 τὰ
629 993 794 1061 ἔθνη,
831 993 979 1060 πρὸς
1007 993 1045 1048 ά
1073 993 1186 1062 ἐγὼ
1217 993 1600 1059 ἐξαποστελῶ
1629 1011 1703 1048 σε
1727 995 1874 1064 πρὸς

303 1083 543 1149 αὐτούς.
578 1083 689 1136 Kal
738 1084 976 1138 πίονται
1011 1083 1109 1138 καὶ
1139 1083 1511 1155 ἐξεμοῦνται,
1557 1084 1656 1139 καὶ
1692 1085 1871 1155 ἐκμα-

298 1172 590 1240 νήσονται
631 1173 750 1229 ἀπὸ
792 1174 1113 1244 προσώπου
1153 1175 1262 1244 τῆς
1295 1176 1611 1245 μαχαίρας,
1647 1173 1722 1247 ἧς
1759 1178 1873 1249 ἐγὼ

297 1263 616 1320 ἀποστελῶ
646 1264 952 1334 άναμέσον
979 1265 1195 1322 αὐτῶν.
1224 1266 1332 1320 Kal
1358 1266 1578 1321 ἔλαϐον
1601 1266 1667 1321 τὸ
1690 1268 1872 1336 ποτή-

291 1372 428 1423 ριον
447 1356 516 1410 ἐκ
540 1357 733 1426 χειρὸς
755 1357 996 1424 Κυρίου,
1022 1356 1121 1411 καὶ
1143 1357 1396 1415 ἐπότισα
1417 1358 1612 1413 πάντα
1637 1359 1707 1413 τὰ
1725 1359 1868 1430 ἔθνη

296 1445 446 1515 πρὸς
473 1445 511 1500 ά
533 1446 852 1502 ἀπέστειλέ
871 1465 948 1518 με
966 1449 1180 1518 Κύριος
1207 1449 1300 1503 ἐπ’
1323 1451 1494 1518 αὐτὰ,
1515 1451 1630 1521 τὴν
1661 1453 1867 1522 Ἰερου-

295 1536 504 1607 σαλὴμ
530 1539 628 1592 καὶ
652 1539 759 1607 τὰς
783 1541 992 1606 πόλεις
1033 1540 1236 1605 Ἰούδα,
1263 1541 1362 1596 καὶ
1378 1543 1658 1610 βασιλεῖς
1681 1545 1868 1599 αὐτοῦ

295 1625 395 1679 καί
423 1626 717 1698 ἄρχοντας
747 1631 956 1695 αὐτοῦ,
988 1631 1093 1686 τοῦ
1123 1631 1308 1686 θεῖναι
1347 1634 1568 1701 αὐτοὺς
1606 1637 1694 1701 είς
1734 1635 1868 1705 ἐρή-

288 1733 503 1786 μωσιν,
542 1719 640 1774 καὶ
663 1723 752 1788 είς
783 1721 1005 1777 άϐατον
1041 1723 1140 1777 xal
1177 1725 1264 1790 εὶς
1289 1727 1602 1796 συριγμόνο
1635 1728 1732 1780 καὶ
1759 1727 1867 1781 τὸν

292 1809 500 1879 Φαραὼ
521 1812 786 1876 βασιλέα
811 1815 1106 1884 Αἰγύπτου
1133 1815 1230 1868 καὶ
1252 1815 1393 1881 τοὺς
1415 1817 1626 1884 παῖδας
1655 1820 1862 1882 αὑτοῦ,

289 1901 390 1955 καὶ
430 1903 570 1969 τοὺς
603 1905 968 1975 μεγιστᾶνας
1011 1906 1216 1962 αὐτοῦ’
1265 1908 1359 1961 καὶ
1402 1907 1528 1979 ἑξῆς
1569 1927 1720 1982 φησι·
1757 1911 1867 1966 Kal
1896 1885 1938 1940 Β

288 1990 524 2060 πάντας
557 1994 698 2060 τοὺς
719 1996 1002 2064 βασιλεῖς
1029 1998 1142 2068 τῆς
1187 1997 1298 2068 γῆς
1335 1998 1454 2054 τῶν
1479 2002 1865 2071 ἀλλοφύλων,

289 2081 406 2152 τὴν
448 2083 808 2152 Ἀσκάλωνα,
849 2088 948 2143 καὶ
983 2093 1098 2158 τὴν
1133 2089 1347 2154 Γάζαν,
1381 2091 1480 2145 καὶ
1515 2091 1630 2160 τὴν
1668 2093 1867 2148 Ἀκκά-

279 2188 431 2243 ρων,
466 2175 561 2228 καὶ
595 2175 709 2244 τὴν
757 2177 1107 2249 Ἰδουμαίαν,
1151 2181 1249 2233 καὶ
1281 2181 1395 2250 τὴν
1421 2184 1736 2250 Μωαϐῖτιν,
1767 2185 1866 2240 καὶ

284 2263 432 2331 τοὺς
461 2267 628 2334 υἱοὺς
665 2269 906 2339 Ἄμμων,
941 2271 1040 2324 καὶ
1075 2271 1306 2340 πάντας
1332 2274 1616 2340 βασιλεῖς
1650 2275 1861 2354 Τύρου,

283 2353 519 2421 πάντας
542 2359 826 2425 βασιλεῖς
848 2359 1128 2426 Σιδῶνος,
1171 2362 1269 2416 καὶ
1317 2364 1548 2430 πάντας
1580 2367 1865 2433 βασιλεῖς

281 2443 484 2511 νήσου
521 2447 664 2512 τοὺς
695 2448 766 2502 ἐν
795 2448 877 2515 τῷ
903 2448 1094 2519 πέραν
1136 2452 1248 2521 τῆς
1286 2453 1622 2524 θαλάσσης.
1662 2457 1796 2510 Μεθ’
1827 2458 1863 2512 ἃ.

280 2536 529 2606 ἐπιλέγει
569 2537 761 2603 οὕτως’
795 2541 944 2597 Elite
969 2545 1185 2614 Κύριος
1218 2544 1637 2615 παντοκράτωρ
1658 2549 1691 2600 ὁ
1719 2547 1863 2612 Θεὸς

292 2628 553 2697 Ἰσραήλο
579 2631 751 2684 Πίετε
775 2633 874 2686 καὶ
895 2636 1256 2705 μεθύσθητε,
1285 2637 1385 2691 καὶ
1406 2637 1740 2706 ἐξεμέσετε,
1763 2640 1860 2691 καὶ

279 2721 542 2785 πεσεῖτε,
576 2723 674 2776 καὶ
707 2726 779 2778 οὐ
803 2724 891 2794 μὴ
929 2727 1231 2797 ἀναστῆτε
1257 2730 1374 2784 ἀπὸ
1401 2729 1720 2798 προσώπου
1753 2731 1861 2798 τῆς

273 2809 597 2880 μαχαίρας,
618 2807 693 2882 ἧς
717 2813 831 2882 ἐγὼ
851 2815 1168 2871 ἀποστελῶ
1200 2817 1506 2888 ἀναμέσον
1539 2819 1723 2890 ὑμῶν.
1748 2822 1860 2874 Kal

275 2900 456 2954 ἔσται
495 2901 642 2955 ὅταν
663 2902 750 2972 μὴ
778 2905 1121 2968 βούλωνται
1146 2907 1432 2974 δέξασθαι
1470 2909 1536 2962 τὸ
1575 2910 1862 2980 ποτήριον

276 2987 351 3044 ἐκ
377 2987 488 3057 τῆς
511 2993 710 3059 χειρός
737 3006 876 3058 σου,
905 2991 1061 3049 ὥστε
1089 2995 1266 3061 πιεῖν,
1292 2997 1389 3052 καὶ
1411 2998 1568 3068 ἐρεῖς
1593 3001 1741 3069 πρὸς
1763 3002 1860 3056 αὐ-

273 3079 444 3143 τούς.
479 3081 675 3148 Οὕτως
697 3079 828 3138 εἷπε
857 3085 1072 3156 Κύριος
1108 3085 1227 3141 τῶν
1249 3088 1576 3160 δυνάμεων·
1613 3093 1859 3158 Πιόντες

273 3168 512 3224 πίεσθε.
560 3173 638 3226 Δι’
670 3165 745 3226 ὧν
790 3173 1028 3228 διδάσκει
1076 3177 1104 3230 ὁ
1136 3176 1292 3246 λόγος
1314 3178 1469 3250 δίκην
1516 3180 1699 3252 ἰατροῦ
1742 3185 1856 3246 τοῖς
1881 3223 1926 3282 c

269 3259 555 3332 δεομένοις
604 3265 808 3335 πικρᾶς
852 3265 1126 3320 ἀντιδότου
1175 3267 1267 3323 τὸν
1318 3267 1450 3323 Θεὸν
1491 3272 1714 3341 ἐπάγειν
1755 3272 1855 3337 τὰς

270 3351 550 3418 κολάσεις,
601 3353 678 3419 ὡς
724 3353 791 3409 ἂν
837 3355 1115 3427 ἑμέσαιεν,
1168 3358 1261 3412 καὶ
1310 3360 1705 3417 ἀποκενιὶωειεν
1755 3364 1856 3438 τὴν

270 3443 654 3502 πλεονάσασαν
681 3446 740 3502 ὲν
769 3448 950 3512 αὐτοῖς
983 3449 1204 3503 κακίαν·
1237 3452 1330 3505 καὶ
1357 3451 1579 3524 πρώτην
1601 3471 1662 3523 γε
1684 3454 1854 3526 αὐτὴν

267 3537 370 3610 τὴν
416 3536 772 3610 Ἰερουσαλὴμ
798 3539 891 3593 τοῦ
924 3540 1204 3612 λεχθέντος
1235 3543 1398 3598 ποτοῦ
1436 3546 1705 3600 πιεῖσθαισ
1733 3543 1852 3601 εἶτα

265 3625 326 3685 δὲ
365 3627 440 3684 τὰ
483 3627 644 3682 λοιπὰ
677 3629 825 3701 ἔθνη,
857 3631 934 3695 ὡς
957 3633 1051 3687 καὶ
1084 3632 1301 3689 πάντων
1323 3635 1422 3708 τῆς
1447 3635 1640 3706 ὁμοίας
1669 3638 1854 3705 τευξο-

269 3717 458 3794 μένων
502 3719 820 3792 καθάρσεως
864 3721 953 3776 διὰ
1000 3723 1110 3777 τῶν
1162 3725 1620 3797 ἑπαχθησομένων
1669 3730 1850 3792 αὐτοῖς

263 3807 578 3884 τιμωριῶν.
620 3811 730 3863 Καὶ
771 3810 832 3864 τὺ
870 3811 1042 3883 παρὸν
1073 3808 1167 3868 οὖν
1200 3812 1375 3882 λόγιον
1410 3815 1759 3887 καταλλήλως
1781 3821 1847 3890 τῇ

263 3901 588 3974 προφητικῇ
639 3898 955 3971 διδασκαλίᾳ
1003 3903 1261 3974 ποτήριον
1310 3897 1448 3957 εἶναι
1499 3903 1736 3958 διδάσκει
1791 3907 1850 3958 ἑν

263 3993 417 4067 χειρὶ
442 3991 672 4063 Κυρίου,
695 3991 753 4044 ὲν
776 3984 820 4059 ᾧ
838 3991 964 4056 τοὺς
986 3993 1214 4046 ἑκάστου
1237 3994 1482 4064 καρποὺς
1506 3986 1845 4064 συναγαγὼν,

263 4083 463 4157 ὥσπερ
499 4083 737 4156 ἄκρατον
778 4080 918 4140 οῐνον
961 4083 1269 4159 ἐργάζεται.
1317 4081 1430 4139 Εἶτ’
1473 4086 1745 4141 ἐπιδίδωσι
1788 4088 1848 4142 τὸ

254 4180 391 4234 ’κατ’
416 4174 578 4241 ἀξίαν
603 4175 754 4247 πόμα
777 4175 1058 4245 ἀναλόγως
1079 4179 1197 4240 ταῖς
1219 4177 1447 4232 ἑκάστου
1479 4178 1709 4252 πράξεσι
1735 4197 1852 4252 κιρ-

261 4268 375 4324 νῶν
427 4266 562 4321 αὐτὸ
599 4267 742 4323 κατὰ
776 4267 868 4321 τὸν
899 4267 995 4322 τοῦ
1026 4267 1234 4322 δικαίου
1278 4267 1454 4338 λόγον.
1493 4269 1587 4344 Μὴ
1615 4270 1723 4344 γὰρ
1747 4274 1847 4338 τὰς

259 4359 480 4431 φαύλας
520 4359 746 4431 πράξεις
784 4359 950 4431 μόνας
999 4360 1254 4426 ἑκάστου,
1289 4360 1428 4416 ἀλλὰ
1460 4361 1680 4427 καὶτὰς
1705 4364 1845 4433 ἀγα-

259 4454 364 4516 θὰς
386 4449 722 4520 λογίζεσθαι,
749 4450 1089 4522 σταθμᾶσθαι
1116 4467 1176 4506 τε
1204 4451 1391 4523 ὥσπερ
1417 4453 1727 4526 συμμετρίᾳ
1751 4455 1847 4510 καὶ

1976 629 2153 682 minus
2192 627 2333 682 Deus
2373 627 2548 683 Israel
2579 630 2646 684 ad
2677 647 2758 685 me
2781 671 2796 696 ,
2830 631 2990 687 Sume
3015 633 3238 688 calicem
3267 637 3376 690 sini
3407 642 3541 694 meri

1977 719 2040 774 de
2084 736 2242 773 manu
2288 737 2424 789 mea,
2493 732 2542 775 et
2579 723 2788 791 potabis
2832 725 2948 792 ipso
2992 741 3170 780 omnes
3213 737 3426 798 gentes,
3469 731 3540 786 ad

1974 828 2104 881 quas
2132 827 2224 881 ego
2255 812 2460 865 mittam
2488 821 2554 868 te.
2586 812 2654 866 Et
2686 812 2860 868 bibent
2885 825 2936 869 et
2967 827 3168 871 voment
3195 827 3246 872 et
3273 820 3540 877 insanient

1974 918 2008 955 a
2029 901 2163 968 [acie
2182 901 2377 972 gladii,
2401 918 2550 973 quem
2574 920 2664 974 ego
2685 905 2894 958 mittam
2916 907 2971 960 in
2993 907 3220 962 medium
3239 927 3439 966 eorum.
3467 911 3540 966 Et

1974 997 2148 1065 accepi
2190 997 2408 1050 calicem
2447 996 2511 1052 de
2554 1013 2716 1051 manu
2759 997 3008 1065 Domini,
3051 1010 3100 1054 et
3139 1005 3316 1070 potavi
3357 1000 3564 1061 omncs'

1971 1095 2143 1156 gentes
2193 1087 2262 1140 ad
2293 1104 2422 1157 quas
2453 1089 2594 1143 misit
2623 1106 2702 1143 me
2735 1088 2989 1146 Dominus
3008 1107 3027 1146 :
3053 1091 3354 1150 Jerusalem
3378 1106 3430 1152 et
3457 1099 3537 1153 ci-

1971 1175 2156 1228 uitates
2180 1174 2216 1228 Ι
2220 1179 2321 1231 uda
2342 1217 2356 1241 ,
2384 1194 2527 1248 reges
2554 1178 2667 1248 ejus
2695 1188 2745 1233 et
2773 1181 3034 1248 principes
3065 1183 3178 1253 ejus
3196 1224 3212 1250 ,
3243 1185 3313 1238 ad
3339 1203 3540 1256 ponen-

1967 1266 2095 1320 dum
2123 1284 2212 1323 eos
2241 1270 2296 1322 in
2326 1269 2663 1325 solitudinem
2686 1311 2700 1336 ,
2731 1272 2787 1324 in
2819 1272 3015 1326 inviam
3033 1314 3047 1338 ,
3077 1286 3126 1329 et
3154 1277 3210 1330 in
3237 1279 3540 1337 subsannao

1972 1359 2161 1412 tionem
2185 1375 2203 1412 :
2229 1368 2280 1414 et
2305 1358 2638 1416 Pharaonem
2665 1378 2834 1433 regem
2859 1362 3079 1435 Egypti
3097 1408 3111 1431 ,
3138 1377 3187 1421 et
3212 1385 3400 1438 pueros
3421 1372 3537 1442 ejus

1967 1459 2018 1504 et
2045 1451 2323 1519 optimates
2353 1453 2466 1522 ejus
2499 1455 2540 1485 “
2569 1470 2584 1519 ;
2613 1469 2675 1508 ac
2706 1454 2964 1526 deinceps
2993 1458 3106 1514 ait:
3143 1458 3213 1514 Et
3241 1479 3418 1518 omnes
3449 1483 3536 1522 re-

1968 1554 2053 1608 ges
2082 1549 2235 1595 terra:
2269 1541 2714 1612 alienigenarum,
2744 1545 3090 1613 Ascalonem,
3120 1550 3323 1606 Gazam
3351 1564 3401 1608 et
3431 1560 3540 1610 Ac-

1966 1648 2210 1687 caronem
2229 1672 2246 1700 ,
2281 1632 2576 1689 Idumwam
2609 1645 2660 1690 et
2697 1635 3043 1694 Moabitidem
3068 1682 3082 1707 ,
3107 1645 3246 1712 filios
3267 1646 3493 1702 Ammon
3516 1687 3534 1714 ,

1965 1733 2015 1777 et
2041 1741 2215 1780 omnes
2243 1742 2384 1796 reges
2413 1727 2576 1798 Tyri,
2604 1737 2656 1782 et
2681 1746 2858 1786 omnes
2889 1750 3032 1804 reges
3058 1734 3274 1791 Sidonis
3293 1778 3309 1802 ,
3337 1748 3388 1792 et
3420 1757 3538 1794 om-

1965 1833 2053 1870 nes
2077 1834 2218 1887 regcs
2243 1815 2440 1873 Insula:
2465 1829 2613 1874 trans
2638 1837 2784 1876 mare
2809 1823 2876 1879 “.
2909 1823 3107 1882 Postea
3133 1844 3264 1883 vero
3291 1831 3372 1886 sic
3399 1847 3538 1887 con-

1965 1907 2136 1962 cludit
2166 1927 2178 1962 :
2210 1907 2359 1962 Dixit
2390 1909 2645 1966 Dominus
2677 1914 3003 1983 omnipotens
3031 1916 3173 1973 Deus
3199 1918 3414 1976 Israel:
3437 1923 3536 1977 Bi-

1966 1997 2069 2052 bite
2093 2007 2144 2052 et
2176 1999 2539 2065 inebriamini,
2571 2011 2620 2054 et
2649 2006 2862 2060 vometis
2888 2044 2902 2069 ,
2933 2016 2982 2060 et
3016 2012 3370 2075 procumbetis
3391 2052 3407 2078 ,
3440 2033 3534 2070 nec

1964 2090 2242 2158 resurgetis
2267 2107 2299 2143 a
2322 2090 2456 2158 facie
2477 2091 2677 2161 gladii,
2702 2110 2854 2164 quem
2874 2111 2968 2166 ego
2991 2100 3198 2153 mittam
3220 2103 3274 2155 in
3302 2105 3531 2160 medium

1963 2181 2139 2234 uestri.
2167 2179 2234 2234 Et
2261 2183 2392 2247 erit,
2418 2183 2466 2237 si
2486 2183 2751 2238 noluerint
2775 2189 3009 2255 accipere
3033 2190 3253 2245 calicem
3278 2193 3343 2249 de
3367 2212 3532 2250 manu

1963 2277 2055 2323 tua
2074 2312 2088 2338 ,
2120 2280 2178 2324 ut
2205 2271 2414 2337 bibant,
2443 2272 2584 2328 dices
2613 2273 2682 2326 ad
2711 2291 2798 2329 eos
2820 2316 2836 2341 ,
2871 2275 2962 2332 Sic
2989 2276 3119 2332 dicit
3143 2279 3404 2338 Dominus
3433 2285 3537 2340 vir-

1964 2369 2162 2428 tutum,
2187 2361 2412 2418 bibentes
2441 2362 2624 2419 bibetis
2649 2365 2714 2421 ⁸³.
2745 2366 2910 2433 Queis
2931 2368 3216 2438 ediscitur,
3249 2372 3418 2430 Deum
3446 2377 3534 2434 in.

1961 2464 2076 2510 star
2113 2455 2346 2519 medici,
2387 2470 2633 2512 amarum
2659 2459 2964 2516 antidotum
2990 2464 3274 2534 egentibus
3301 2466 3530 2535 olierre,

1961 2559 2156 2615 nempe
2195 2545 2614 2616 castigationes,
2647 2555 2706 2602 ut
2736 2559 3023 2617 evomant,
3059 2554 3434 2626 malitiamque
3462 2558 3533 2613 il-

1960 2633 2068 2687 lam
2112 2634 2498 2691 exuberantem
2542 2650 2707 2707 quam
2748 2638 2897 2695 intus
2935 2639 3138 2698 habent
3183 2657 3528 2718 exonerent;

1959 2725 2303 2797 primamque
2333 2724 2636 2782 Jerusalem
2670 2744 2736 2786 eo
2768 2731 2939 2786 calice
2968 2735 3296 2804 potandam;
3331 2737 3531 2796 deinde

1958 2815 2196 2885 reliquas
2234 2827 2422 2888 gentes
2442 2857 2458 2883 ,
2500 2819 2627 2890 quia
2657 2835 2846 2877 omnes
2879 2822 3043 2878 simili
3077 2828 3398 2898 purgatione
3431 2845 3532 2900 per

1957 2907 2137 2963 illatas
2160 2910 2547 2981 castigationes
2572 2915 2872 2969 evacuandi
2894 2909 3043 2973 sunt.
3063 2919 3314 2977 Praesens
3343 2921 3531 2992 itaque

1956 2998 2226 3053 sententia
2265 3000 2490 3070 perinde
2536 3007 2703 3072 atque
2752 3005 3070 3075 prophetica
3118 3008 3208 3062 illa
3243 3008 3527 3076 doctrina,

1956 3088 2179 3144 calicem
2209 3106 2330 3146 esse
2353 3091 2510 3147 docet
2541 3093 2596 3147 in
2630 3109 2795 3150 manu
2823 3094 3040 3152 Domini
3064 3115 3080 3166 ;
3117 3101 3174 3157 in
3201 3117 3311 3173 quo
3339 3107 3530 3176 singu-

1956 3179 2132 3234 lorum
2169 3180 2382 3238 fructus
2434 3185 2734 3253 colligens,
2784 3189 2942 3257 quasi
2972 3204 3186 3246 merum
3220 3193 3403 3250 vinum
3433 3214 3530 3254 ex-

1956 3273 2160 3343 primit.
2203 3272 2408 3330 Deinde
2439 3290 2567 3331 vero
2599 3292 2698 3347 pro
2725 3277 2958 3346 iustitia;
2991 3283 3224 3350 ratione,
3258 3295 3312 3342 et
3337 3289 3530 3357 cujus-

1955 3380 2060 3436 que
2111 3365 2308 3420 merito
2348 3376 2534 3437 potum
2573 3377 2918 3440 temperans,
2943 3373 3212 3447 cujusque
3246 3381 3528 3438 actionum

1956 3456 2306 3525 proportione
2333 3457 2516 3512 habita
2539 3498 2554 3521 ,
2589 3459 2724 3530 ipsis
2756 3461 3050 3518 bibendum
3087 3468 3360 3537 propinat.
3403 3469 3527 3529 Non

1951 3548 2095 3602 enim
2129 3564 2294 3618 prava
2321 3549 2590 3606 duntaxat
2618 3553 2960 3625 singulorum
2990 3573 3158 3627 opera
3182 3598 3198 3624 ,
3229 3561 3325 3616 sed
3353 3565 3521 3621 etiam

1951 3639 2095 3694 bona
2121 3641 2482 3697 examinanda
2510 3651 2564 3697 et
2593 3660 2748 3715 aequa
2781 3647 2938 3706 lance
2968 3652 3319 3721 ponderanda
3347 3667 3479 3712 sunt
3516 3708 3520 3712 .

1951 3738 2114 3800 atque
2136 3740 2528 3802 congruentem
2557 3735 2894 3808 singulorum
2927 3745 3188 3812 operibus
3211 3756 3398 3817 potum
3433 3765 3524 3820 pa-

1951 3835 2073 3876 rare
2114 3836 2253 3892 opus
2302 3832 2406 3879 est.
2435 3823 2592 3890 Quod
2629 3827 2748 3896 ipse
2779 3831 3023 3888 declarat
3052 3836 3138 3891 his
3165 3840 3347 3896 verbis
3375 3859 3388 3896 :
3448 3841 3520 3895 Et

1949 3911 2218 3968 inclinavit
2256 3929 2321 3968 ex
2363 3913 2458 3968 hoc
2498 3915 2553 3968 in
2597 3917 2732 3982 hoc;
2775 3921 2849 3976 ita
2893 3931 2950 3976 ut
2989 3941 3098 3979 una
3139 3931 3519 3988 commistione

1949 4006 2091 4059 mala
2121 4007 2457 4075 singulorum
2486 4022 2650 4077 opera
2680 4011 2839 4068 bonis
2867 4021 3254 4086 temperentur.
3287 4020 3395 4077 Pro
3424 4023 3519 4078 illo

1949 4105 2164 4158 autem,
2201 4096 2488 4152 lnclinavit
2524 4115 2590 4154 ea:
2616 4101 2714 4156 hoc
2743 4104 2799 4156 in
2830 4103 2961 4170 hoc,
3005 4106 3398 4181 Symmachus,
3429 4113 3519 4170 Ita

1947 4199 2004 4242 ut
2034 4189 2246 4244 trahant
2272 4190 2336 4244 ab
2365 4192 2478 4261 ipso
2505 4232 2522 4260 ,
2555 4193 2943 4266 interpretatus
2975 4211 3058 4255 est
3086 4219 3101 4268 ;
3137 4210 3191 4256 et
3231 4212 3289 4258 ut
3325 4206 3516 4263 faecem

1947 4273 2136 4330 bibant
2167 4291 2356 4332 omnes
2387 4287 2710 4348 peccatores
2748 4292 2930 4340 terrae.
2983 4286 3102 4343 Non
3141 4292 3285 4346 enim
3327 4296 3515 4351 mistio

1945 4368 2280 4435 temperata,
2319 4367 2414 4421 sed
2443 4369 2590 4439 quod
2620 4379 2925 4426 extremum
2958 4389 3021 4429 ac
3065 4378 3340 4433 turbidum
3386 4391 3470 4437 est
3495 4423 3514 4450 ,

1944 4455 2190 4524 gravium
2219 4456 2483 4512 scelerum
2511 4459 2619 4514 reis
2645 4471 2974 4519 reservatur.
3005 4463 3184 4533 Quare
3213 4468 3515 4524 secundum

278 4531 604 4612 ιατάλληλον
644 4543 758 4605 τοῖς
811 4543 1041 4597 ἑκάστου
1091 4541 1271 4615 ἑργοις
1313 4543 1732 4615 ἀπεργάσασθαι
1782 4548 1842 4603 τὸ

1957 4540 2331 4614 Symmachum
2355 4547 2563 4603 dictum
2587 4557 2672 4604 est
2692 4569 2705 4604 :
2722 4531 3089 4612 Verumtamen
3104 4557 3256 4626 faces
3267 4560 3381 4629 ejus
3395 4570 3516 4631 gut-

256 4637 479 4708 κρᾶμα.
514 4633 580 4688 '0
599 4632 662 4704 δὴ
690 4632 986 4705 παρίστησι
1012 4631 1186 4702 λέγονο
1213 4633 1325 4687 Kal
1349 4636 1590 4689 ἔκλινεν
1609 4636 1678 4690 ἐκ
1704 4639 1840 4694 τού-

1945 4643 2099 4697 tatim
2127 4646 2418 4714 expriment
2445 4645 2672 4702 bibentes
2702 4650 2926 4718 improbi
2956 4663 3131 4710 terra.

256 4748 369 4785 του
404 4730 498 4796 είς
534 4729 736 4784 τοῦτο·
789 4727 866 4792 ὠς
918 4727 985 4782 ἃν
1033 4726 1134 4800 μία
1169 4726 1382 4796 γένοιτο
1423 4731 1620 4802 κρᾶσις
1655 4731 1767 4787 τῶν
1803 4752 1862 4789 τε
1902 4738 2134 4792 ἑκάστου
2202 4740 2489 4813 μοχθηρῶν
2525 4741 2776 4816 πράξεων
2825 4746 2918 4799 καὶ
2963 4747 3071 4801 τῶν
3112 4750 3516 4822 χρηστοτέρων.

268 4821 423 4878 Ἀντὶ
461 4820 522 4874 δὲ
565 4819 682 4886 τοῦ,
738 4819 1078 4885 Ἐξέκλινεν
1141 4818 1210 4874 ἐκ
1247 4821 1464 4876 τούτου
1507 4826 1596 4889 εὶς
1640 4825 1838 4893 τοῦτο,
1880 4831 1909 4883 ὁ
1946 4830 2259 4902 Σύμμαχος,
2309 4834 2488 4890 Ὥστε
2535 4835 2738 4890 ἕλκειν
2787 4837 2886 4892 ἀπ’
2932 4818 3516 4915 αὑτοῦξῆρμήνευσεο

252 4917 358 4988 τὴν
391 4915 453 4971 δὲ
489 4913 668 4985 τρύγα
707 4915 944 4968 πιεῖσθαι
970 4913 1176 4976 πάντας
1203 4915 1330 4978 τοὺς
1355 4915 1709 4989 ἁμαρτωλοὺς
1739 4921 1836 4992 τῆς
1873 4923 1994 4994 γῆς.
2030 4926 2224 4982 Οὐκέτι
2255 4927 2364 4999 γὰρ
2387 4930 2596 5000 κρᾶμα,
2619 4931 2756 4985 ἀλλὰ
2801 4932 2863 4986 τὸ
2903 4933 3128 5004 ἔσχατον
3165 4913 3267 4991 mli
3297 4913 3518 5011 θολερὸν

253 5011 370 5075 τοῖς
394 5008 468 5062 τὰ
493 5007 704 5077 μεγάλα
730 5006 1102 5081 ἡμαρτηκόσιν
1130 5007 1534 5065 ἀποκείσεσθαι.
1569 5013 1660 5066 Διὸ
1692 5014 1836 5070 κατὰ
1870 5018 1962 5071 τὸν
1989 5019 2280 5092 Σύμμαχον
2305 5023 2540 5095 εἴρηται·
2569 5025 2742 5095 Πλὴν
2790 5025 2898 5092 τὰς
2955 5031 3199 5100 τρυγίας
3225 5006 3517 5104 ἐκστρατ-

256 5103 465 5175 γιοῦσι
499 5102 776 5168 πίνοντες
799 5105 851 5156 οὶ
879 5101 1099 5171 φαῦλοι
1141 5101 1253 5172 τῆς
1284 5103 1417 5173 γῆς.

340 5221 489 5292 Ἐγὼ
519 5220 589 5274 δὲ
609 5219 924 5291 ἀπαγγελῶ
948 5223 1034 5287 εὶς
1061 5223 1167 5277 τὸν
1188 5219 1393 5288 αἰῶνα,
1423 5223 1601 5292 ψαλῶ
1621 5225 1700 5293 τῷ
1719 5225 1840 5292 Θεῷ

264 5311 490 5370 Ἰακώϐ.
528 5311 610 5364 Τὰ
636 5311 734 5382 μὲν
759 5311 1124 5384 προλεχθέντα
1156 5313 1334 5370 πάντα
1362 5310 1490 5368 εἶπα
1517 5319 1630 5379 τοῖς
1663 5334 1840 5389 παρα-

253 5405 487 5476 νομοῦσι
511 5441 529 5467 ,
585 5403 679 5456 καὶ
731 5402 1108 5476 διεστειλάμην
1165 5407 1336 5461 ἅπασι
1400 5408 1834 5479 μαρτυράμενος.

266 5495 414 5565 Ἐγὼ
449 5494 509 5547 δὲ
549 5493 578 5546 ὁ
607 5494 864 5565 ἀνωτέρω
893 5494 1081 5548 εἰπών·
1119 5496 1484 5566 Διηγήσομαι
1512 5497 1585 5551 τὰ
1611 5498 1834 5568 θαυμά-

252 5587 364 5641 σιά
405 5600 550 5650 σου,
599 5585 744 5639 ὅταν
783 5584 945 5640 λάϐω
999 5588 1224 5657 καιρόν·
1285 5588 1375 5641 καὶ
1419 5588 1581 5642 πάλιν
1633 5591 1828 5660 φήσας·

267 5679 414 5749 Ἐγὼ
459 5678 792 5746 εὐθύτητας
834 5677 1030 5748 κρινῶ·
1085 5680 1181 5733 καὶ
1234 5675 1387 5744 αὖθις
1445 5679 1635 5736 εἰπών·
1695 5680 1835 5735 Ἑνὼ

2011 5227 2176 5286 Vens.
2211 5231 2298 5298 10,
2335 5231 2424 5286 Η.
2461 5230 2570 5304 Ego
2593 5243 2768 5287 autem
2791 5235 3117 5290 annuntiabo
3142 5236 3195 5288 in
3217 5239 3473 5294 saculum
3489 5279 3504 5302 .

1939 5317 2162 5372 cantabo
2194 5316 2304 5374 Deo
2333 5319 2523 5374 Jacob.
2559 5320 2732 5391 Supra
2767 5333 3066 5378 memorata
3099 5329 3282 5381 omnia
3314 5328 3503 5399 inique

1937 5410 2222 5479 agentibus
2259 5411 2400 5476 dixi,
2442 5420 2497 5467 et
2542 5420 2883 5468 contestatus
2926 5416 3183 5471 omnibus
3235 5427 3507 5490 praecepta

1935 5497 2082 5554 dedi.
2111 5501 2222 5572 Ego
2244 5514 2373 5556 vero
2395 5501 2487 5570 qui
2511 5500 2764 5573 superius
2786 5501 2899 5556 dixi
2915 5544 2929 5568 ,
2960 5502 3206 5560 Narrabo
3233 5506 3506 5564 mirabilia

1931 5601 2046 5656 tua,
2077 5609 2195 5645 cum
2226 5609 2468 5660 accepero
2504 5603 2704 5663 tempus
2737 5593 2806 5626 "‘
2833 5611 2848 5660 ;
2885 5610 2946 5650 ac
2979 5611 3197 5650 rursum
3225 5616 3240 5652 ι
3278 5597 3390 5671 Ego
3419 5615 3506 5654 re--

1941 5684 2219 5739 ctitudines
2261 5684 2505 5739 iudicabo
2539 5685 2624 5748 “;
2665 5689 3009 5750 iterumque,
3044 5687 3156 5758 Ego
3194 5691 3510 5760 conﬁrmavi

328 5832 373 5866 “
411 5830 507 5886 Jer
563 5845 690 5893 xxv,
727 5831 910 5888 15-19.
987 5832 1030 5865 "
1069 5833 1201 5888 ibid.
1233 5834 1421 5893 20-22.
1500 5838 1544 5872 "
1581 5836 1712 5894 ibid.
1739 5837 1810 5895 ‘37
1864 5837 1956 5897 28.
1997 5839 2094 5912 _"‘
2114 5838 2463 5906 Psal.t.xx1v,
2494 5841 2548 5907 ἓ,
2574 5841 2629 5898 5.
2702 5843 2744 5875 ³⁸
2773 5843 2879 5899 ibid
2936 5845 2971 5899 5
3327 5889 3360 5918 ,

549 5923 816 5990 Parnm"
850 5927 969 5988 Gn.
1003 5929 1235 5992 XXIII.

3063 5941 3144 6004 28
