4056 6442
503 402 609 457 835

1166 399 1432 458 EUSEBII
1471 399 1951 456 CZESARIENSIS
1974 398 2137 455 -0PP.
2181 397 2360 453 PARS
2398 397 2486 454 IIl.
2511 429 2579 439 —
2608 396 3030 452 .EXEGETICA.

3634 391 3734 450 876

502 518 774 573 columnas
805 534 917 588 ejus
953 520 1027 586 ul;
1066 519 1644 590 postquampraedicta
1689 516 2069 588 peccatoribus

2172 517 2508 584 ἐστερέωσα
2539 513 2681 582 τοὺς
2710 515 2976 580 στύλους
3006 508 3212 580 αὐτῆς·
3243 509 3379 581 μετὰ
3413 527 3474 564 το
3502 509 3736 581 κηρῦξαι

501 608 794 679 praedicavi
847 617 902 664 et
954 610 1280 665 testiﬁcatus
1327 625 1484 674 sum,
1517 617 1570 664 et
1601 617 1887 680 postquam
1919 608 2066 679 judi-

499 701 582 756 cis
615 701 880 755 rationem
906 715 1097 755 omnes
1123 700 1312 755 edocui
1341 740 1354 766 ,
1387 700 1516 770 quid
1544 699 1780 754 faciam?
1809 697 1874 753 In
1898 715 2066 754 saecu-

457 792 459 795 ’
499 793 614 846 lunt
647 792 872 846 cantabo
908 792 1018 847 Deo
1048 791 1236 849 Iacob.
1264 791 1400 848 Novi
1429 793 1632 864 quippe
1663 807 1785 847 eum
1818 792 1908 862 qui
1941 791 2067 846 reli-

499 885 639 956 giosi
682 887 784 941 viri
826 887 969 942 Deus
1011 893 1128 952 est,
1175 895 1385 957 patrem
1419 903 1544 943 esse
1576 902 1805 942 meum:
1854 888 2067 959 ipsique

496 976 737 1031 cantabo
757 1019 772 1043 ,
803 977 908 1047 ipsi
940 979 1202 1048 praeclara
1233 986 1384 1047 gesta
1415 991 1534 1032 mea
1567 977 1926 1032 annuntiabo.
1947 977 2066 1032 Deo

501 1067 629 1122 inde
657 1083 788 1122 vero
817 1077 1042 1138 accepta
1074 1084 1101 1122 a
1131 1067 1291 1123 Patre
1312 1067 1594 1138 judicandi
1623 1075 1922 1139 potestate,
1955 1085 2068 1122 om-

499 1158 593 1210 nia
640 1175 842 1212 cornua
890 1168 1222 1228 peccatorum
1263 1160 1634 1230 confringam;
1679 1174 1802 1213 cum
1849 1158 2066 1230 quidem

490 1263 610 1318 quo
638 1259 881 1320 tempore
914 1251 1224 1317 tolerantia,
1262 1250 1526 1321 patientia
1557 1257 1610 1306 et
1643 1251 2068 1306 mansuetudine

490 1339 762 1394 utendum
805 1347 960 1406 erat,
1006 1341 1157 1412 ipsos
1201 1341 1389 1397 extolli
1434 1341 1842 1408 concesserim;
1877 1357 2066 1397 verum

503 1430 560 1486 in
594 1430 700 1488 line
732 1447 938 1488 cornua
981 1449 1170 1489 eorum
1198 1441 1397 1489 contra
1448 1433 1617 1490 Deum
1656 1433 1798 1490 elata
1825 1433 2070 1488 confrin-

500 1543 668 1600 gam;
713 1528 939 1599 viceque
984 1544 1144 1586 versa
1192 1545 1406 1586 cornua
1435 1531 1618 1601 justi,
1653 1530 1779 1601 quia
1827 1530 2067 1586 demissa

500 1627 700 1684 erant,
766 1620 1041 1677 exaltabo.
1095 1621 1250 1677 Tunc
1297 1637 1426 1677 vero
1473 1622 1802 1678 exaltabitur
1846 1622 2064 1692 justus,

501 1710 721 1778 quando
751 1725 856 1764 una
888 1726 1012 1766 cum
1042 1726 1168 1783 rege
1197 1727 1298 1768 suo
1327 1712 1575 1784 regnabit
1601 1711 1899 1768 secundum
1925 1713 2069 1783 Apo-

491 1800 700 1854 stolum
737 1802 830 1871 qui
864 1802 978 1858 ait:
1004 1801 1274 1858 Primitiae
1301 1802 1702 1858 enimChristus
1723 1819 1743 1868 ;
1766 1803 1951 1858 deinde
1977 1804 2067 1874 qui

2170 607 2263 660 καὶ
2300 605 2680 678 μαρτύρασθαι
2710 603 2779 657 τὰ
2819 603 3183 677 προλεχθέντα
3226 605 3338 665 τοῖς
3377 601 3734 673 ἁμαρτωλοῖς,

2170 698 2264 752 καὶ
2299 697 2437 769 μετὰ
2465 697 2524 749 τὸ
2551 696 2755 763 διδάξαι
2783 695 2873 748 τὸν
2901 696 3029 767 περὶ
3055 693 3156 765 τῆς
3177 693 3410 768 κρίσεως
3435 692 3590 762 λόγον
3615 695 3738 758 τοὺς

2170 791 2398 855 πάντας,
2441 789 2492 842 τί
2528 788 2752 860 πράξω;
2798 791 2901 853 Είς
2934 787 3040 842 τὸν
3073 785 3258 840 αἰῶνα
3286 785 3464 855 ψαλῶ
3501 785 3582 851 τῷ
3620 786 3737 852 Θεῷ

2183 883 2394 937 Ἰακώϐ.
2428 879 2559 937 Οἶδα
2587 884 2695 955 γάρ
2720 881 2958 953 ἐμαυτοῦ
2990 881 3199 954 πατέρα
3220 879 3312 933 τὶν
3333 881 3620 950 γενόμενον
3649 881 3736 935 τοῦ

2171 973 2447 1044 θεοφιλοῦς
2477 974 2629 1038 Θεὸν,
2677 973 2912 1043 κάκείνῳ
2952 971 3126 1042 ψαλῶ,
3171 972 3407 1044 κάκείνῳ
3448 973 3739 1044 ἀπαγγελῶ

2169 1065 2237 1118 τὰ
2280 1065 2519 1136 ἐμαυτοῦ
2562 1065 2978 1137 κατορθώματα.
3027 1061 3140 1118 Εἶθ’
3183 1062 3324 1117 οῦτω
3363 1062 3544 1116 λαϐὼν
3592 1065 3739 1136 παρᾶ

2169 1156 2264 1209 τοῦ
2315 1157 2526 1229 Πατρὺς
2570 1157 2669 1229 τὴν
2717 1155 2811 1210 τοῦ
2870 1157 3076 1228 κρίνειν
3122 1155 3390 1222 ἐξουσίαν,
3437 1155 3634 1211 πάντα
3672 1157 3740 1212 τὰ

2171 1248 2388 1318 κέρατα
2431 1249 2548 1302 τῶν
2581 1249 2944 1320 ἁμαρτωλῶν
2986 1249 3333 1320 συγκλάσω·
3380 1251 3740 1321 συγχωρήσας

2175 1337 2273 1410 μὲν
2313 1341 2508 1403 αὐτοῖς
2557 1340 2878 1411 ἐπαίρεσθαι
2927 1339 3070 1394 κατὰ
3119 1339 3309 1411 καιρὸν
3359 1339 3482 1393 καθ’
3530 1340 3590 1393 ὃν
3637 1339 3740 1394 ἔδει

2171 1431 2475 1501 χρήσασθαι
2525 1434 2588 1502 τῇ
2642 1432 2829 1502 ἀνοχῇ,
2884 1431 2979 1484 καὶ
3019 1434 3085 1503 τῇ
3143 1431 3492 1502 μακροθυμίᾳ
3535 1431 3632 1487 καὶ
3670 1434 3735 1505 τῇ

2171 1522 2514 1594 χρηστότητι·
2554 1523 2692 1594 πλὴν
2734 1525 2827 1577 ἐπὶ
2863 1523 3003 1576 τέλει
3033 1522 3100 1577 τὰ
3131 1525 3338 1598 κέρατα
3369 1522 3544 1576 αὐτῶν
3580 1542 3738 1580 κατε.

2171 1613 2451 1684 παρθέντα
2491 1614 2584 1668 τοῦ
2628 1615 2760 1668 Θεοῦ
2811 1616 3121 1686 συγκλάσω·
3164 1617 3431 1671 ἀνάπαλιν
3468 1617 3524 1670 δὲ
3552 1617 3621 1672 τὰ
3647 1618 3735 1672 τοῦ

2169 1702 2374 1757 δικαίου
2408 1705 2616 1776 κέρατα
2649 1704 2868 1773 ὑψώσω,
2914 1705 3142 1775 ἐπείπερ
3177 1700 3245 1776 ἦν
3277 1705 3732 1776 τεταπεινωμένα.

2172 1796 2304 1849 Τότε
2350 1794 2407 1850 δὲ
2444 1797 2807 1868 ὑψωθήσεται,
2850 1797 3066 1852 ἐπειδὰν
3106 1797 3479 1871 συμὸασιλεύῃ
3512 1797 3588 1868 τῷ
3617 1799 3738 1852 ἐαυ-

500 1892 703 1947 Cltristi
732 1903 856 1948 sunt
889 1895 946 1948 in
979 1895 1203 1949 adventu
1232 1896 1344 1966 ejus
1358 1913 1387 1961 .;
1409 1897 1595 1952 deinde
1626 1897 1781 1966 ﬁnis,
1805 1913 1923 1950 cum
1957 1906 2067 1951 tra-

2169 1887 2258 1940 τοῦ
2291 1887 2500 1958 βασιλεῖ
2519 1889 2660 1943 κατὰ
2683 1889 2775 1942 τὸν
2814 1888 3151 1955 Ἀπόστολον,
3177 1890 3236 1953 ὅς
3259 1906 3442 1962 φησιν·
3485 1889 3735 1958 Ἀπαρχὴ

499 1980 695 2036 diderit
733 1998 950 2053 regnum
988 1984 1096 2040 Deo
1127 1993 1177 2039 et
1217 1985 1401 2054 Patri,
1430 2004 1554 2040 cum
1589 1986 1911 2042 destruxerit
1954 2005 2070 2042 om-

497 2089 616 2128 nem
644 2082 956 2143 potestatem
983 2085 1033 2130 et
1069 2078 1314 2132 virtutem
1341 2078 1409 2132 ιθ.
1430 2077 1673 2145 Quando
1699 2079 1912 2134 scilicet
1937 2079 2071 2149 justi

495 2164 625 2220 vitae
658 2167 986 2223 immortalis
1025 2169 1256 2226 calicem
1297 2170 1526 2239 bibent.;
1567 2186 1727 2242 quem
1769 2171 1905 2241 ipsis
1944 2187 2073 2242 pro-

498 2256 653 2312 misit
689 2257 922 2314 dicens:
955 2259 1134 2316 Donec
1173 2261 1352 2316 bibam
1391 2262 1546 2316 illum
1585 2278 1774 2318 novum
1810 2262 2072 2318 vobiscum

499 2346 560 2401 in
588 2363 750 2419 regno
779 2350 1027 2404 caelorum
1053 2353 1122 2407 ‘7.

579 2623 631 2678 1.
674 2622 743 2678 IN
798 2623 1032 2686 FINEM.
1074 2624 1141 2680 IN
1183 2625 1468 2692 HYMNIS,
1511 2627 1837 2686 PSALMUS
1873 2624 2032 2686 IPSI~

818 2693 1068 2761 ASAPH,
1113 2696 1495 2754 CANTICUM.
1539 2698 1750 2754 LXXV.

569 2803 740 2862 Vnus.
776 2806 832 2875 2,
867 2808 921 2864 3.
956 2807 1134 2864 Notus
1160 2810 1216 2864 iu
1240 2809 1438 2882 Iudico
1463 2809 1604 2866 Deus
1623 2851 1638 2877 ,
1664 2813 1719 2866 in
1746 2811 1924 2868 Israel
1953 2828 2071 2866 ma-

495 2913 656 2968 gnum
685 2914 870 2954 nomen
902 2900 1038 2966 eius.
1068 2899 1170 2956 Hic
1202 2903 1448 2972 psalmus
1479 2903 1602 2958 item
1630 2921 1697 2958 ex
1726 2918 2075 2960 numeroeo-

495 2997 731 3045 rumcst
754 2990 846 3058 qui
879 2991 946 3045 ad
967 2991 1173 3047 bonum
1200 2993 1360 3048 ﬁnem
1392 2997 1715 3051 remittunt:
1755 2998 2071 3068 praeceden-

495 3081 854 3152 tique-aﬂinis
875 3123 890 3150 ,
922 3082 988 3138 de
1013 3083 1226 3152 judicio
1253 3083 1348 3141 Dei
1377 3087 1544 3142 verba
1583 3087 1732 3142 facit.
1781 3087 1935 3154 Quod
1977 3088 2074 3143 de-

468 3211 470 3214 μ
500 3173 692 3243 inccps
721 3173 806 3228 bis
839 3174 1022 3230 verbis
1052 3175 1296 3230 declarat
1321 3194 1335 3230 :
1368 3176 1445 3232 De
1471 3180 1598 3234 caelo
1627 3178 1868 3232 auditum
1897 3180 2070 3250 fecisti

493 3261 760 3332 iudicium
776 3307 790 3332 ,
814 3274 957 3320 terra
980 3268 1190 3321 tremuit
1215 3276 1265 3322 et
1293 3270 1484 3340 quievit
1502 3309 1518 3334 ,
1543 3287 1661 3324 cum
1686 3281 1988 3343 exsurgeret
2012 3274 2068 3326 in

494 3356 754 3427 judicium
788 3358 961 3422 Deus,
994 3369 1052 3413 ut
1085 3360 1258 3416 salvos
1311 3362 1507 3431 faceret
1543 3380 1720 3419 omnes
1766 3376 2067 3421 mansuetos

499 3458 675 3504 teme.
721 3449 786 3503 Et
818 3451 874 3505 in
905 3451 1000 3506 illo
1043 3452 1262 3523 quidem
1305 3454 1508 3524 iniquis
1549 3455 1854 3522 dicebatur,
1890 3455 2072 3512 Nolite

495 3541 738 3596 exaltare
761 3559 926 3597 cornu
943 3583 957 3607 ,
981 3553 1033 3598 et
1058 3544 1220 3598 nolite
1241 3546 1494 3601 extollere
1521 3548 1575 3601 in
1603 3547 1771 3601 altum
1797 3565 1961 3603 cornu
1990 3567 2072 3604 re-

497 3641 670 3685 strum
697 3633 782 3699 “3;
811 3634 869 3688 in
894 3635 1156 3705 praesenti
1184 3652 1315 3692 vero
1335 3677 1350 3702 ,
1383 3636 1606 3692 Turbati
1635 3650 1757 3693 sunt
1783 3657 1959 3696 omnes
1991 3642 2073 3695 in-

500 3725 746 3794 sipientes
774 3726 948 3782 corde.
985 3727 1322 3783 Dormierunt
1355 3747 1599 3785 somnum
1627 3749 1782 3786 suum
1803 3773 1818 3798 ,
1853 3743 1903 3787 et
1936 3733 2072 3788 nihil

501 3814 808 3870 invenerunt
841 3833 1016 3872 omnes
1046 3819 1145 3872 viri
1173 3818 1500 3876 divitiarum.
1530 3820 1598 3876 Hi
1626 3837 1754 3878 vero
1785 3831 1944 3878 erant
1973 3823 2071 3893 qui

502 3922 712 3962 cornua
757 3909 1084 3967 extulerant.
1138 3909 1235 3967 His
1282 3927 1446 3982 porro
1497 3912 1830 3969 altissimum
1877 3915 2072 3986 dogma

498 3999 758 4069 traditur,
795 4009 856 4055 ut
898 4003 1138 4058 sciamus
1182 4003 1277 4073 qui
1318 4004 1390 4059 sit
1423 4020 1584 4062 verus
1615 4004 1814 4071 Israel,
1857 4014 1912 4062 et
1937 4020 2073 4076 quae

499 4093 574 4147 sit
601 4093 722 4163 ejus
774 4094 1076 4150 secundum
1117 4103 1320 4150 rectam
1358 4111 1652 4168 veramque
1681 4098 1947 4153 rationem
1980 4113 2070 4154 re-

495 4184 623 4254 gio,
659 4201 780 4255 quae
811 4192 1040 4240 vocatur
1067 4185 1293 4255 Judtea;
1328 4202 1450 4257 quae
1498 4187 1629 4243 item
1683 4203 1811 4244 vera
1844 4187 2074 4245 Jerusa-

503 4293 602 4333 φη
622 4316 636 4342 ,
657 4277 803 4347 quod
821 4277 912 4332 Dei
931 4277 1287 4333 domicilium.
1312 4276 1438 4333 Haec
1461 4277 1696 4349 Spiritus
1722 4281 2071 4350 propheticus

499 4369 834 4440 praecellenti
877 4369 1144 4439 sapientia
1189 4368 1501 4439 dispensat,
1556 4376 1717 4439 atque
1747 4385 1853 4424 una
1882 4370 1949 4427 iis
1978 4371 2072 4441 qui

498 4460 770 4530 abiectius
801 4458 1030 4514 Judaico
1060 4476 1212 4515 more
1233 4476 1346 4515 rem
1373 4460 1720 4530 intelligunt,
1741 4462 2070 4532 voluptatem

2170 1980 2280 2051 τὰρ
2302 1980 2573 2048 Χριστός·
2610 1977 2736 2034 εἶτα
2761 1984 2814 2034 ol
2833 1981 2938 2034 τοῦ
2969 1981 3225 2050 Χριστοῦ
3254 1982 3324 2035 ὲν
3343 1981 3416 2050 τῇ
3441 1982 3739 2050 παρουσίᾳ

2169 2069 2375 2123 αὐτοῦ·
2411 2066 2538 2123 εἶτα
2567 2071 2634 2124 τὸ
2659 2071 2850 2136 τέλος,
2897 2071 3045 2124 ὅταν
3085 2069 3387 2141 παραδιδῷ
3423 2070 3539 2138 τὴν
3558 2072 3738 2136 βασι-

2169 2157 2342 2208 λείαν
2371 2155 2448 2220 τῷ
2479 2155 2599 2221 Θεῷ
2627 2156 2725 2210 καὶ
2752 2157 2954 2227 Πατρὶ,
2991 2157 3136 2212 ὅταν
3159 2159 3509 2230 καταργήσῃ
3536 2158 3740 2215 πᾶσαν

2169 2245 2460 2311 ἐξουσίαν
2488 2247 2585 2300 καὶ
2613 2247 2890 2317 δύναμιν.
2935 2249 3062 2302 Ὀτε
3104 2250 3198 2302 καὶ
3233 2251 3445 2306 πίονται
3469 2251 3517 2303 οἱ
3545 2249 3739 2304 δίκαιοι

2171 2339 2430 2409 ποτήριον
2477 2337 2622 2410 ζωῆς
2663 2340 2952 2394 ἀθανάτου·
2998 2343 3134 2413 ὅπερ
3181 2343 3364 2406 αὐτοῖς
3413 2341 3739 2412 ἐπήγγελται

2171 2428 2358 2482 εἰπών’
2391 2430 2539 2496 Ἕως
2564 2430 2640 2486 ἂν
2666 2433 2780 2485 πίω
2814 2433 2958 2487 αὐτὸ
2989 2434 3199 2488 καινὸν
3228 2437 3359 2504 μεθ’
3382 2433 3549 2504 ὑμῶν
3571 2436 3642 2489 ’ἐν
3668 2435 3741 2505 τῇ

2165 2520 2451 2588 βασιλείᾳ
2481 2521 2600 2575 τῶν
2627 2522 2898 2592 οὐρανῶν

2172 2635 2281 2688 ΕΙΣ
2311 2636 2398 2690 ΤΟ
2425 2635 2664 2704 ἸῈΛΟΣ,
2691 2639 2783 2693 ΕΝ
2803 2640 3094 2780 ἔὲνξὶΝΟᾶἓ,
3119 2641 3410 2695 ΨΑΛΜΟΣ
3436 2642 3523 2712 Τῼ
3544 2642 3740 2707 ΑΣΑΦ,

2244 2813 2526 2878 Γνωστός
2554 2815 2624 2868 ὲν
2652 2814 2730 2884 τῇ
2767 2815 3017 2884 Ἰουδαίᾳ
3041 2819 3074 2870 ὁ
3100 2816 3263 2884 Θεὸς,
3295 2816 3364 2870 ἐν
3385 2816 3470 2882 τῷ
3505 2818 3746 2887 Ἰσραὴλ

2165 2905 2320 2977 μέγα
2342 2905 2408 2959 τὸ
2423 2905 2610 2977 ὄνομα
2631 2907 2840 2962 αὐτοῦ.
2861 2908 2981 2963 Τῶν
2998 2909 3084 2962 ἐπ’
3107 2909 3308 2978 ἀγαθὸν
3328 2909 3478 2974 τέλος
3502 2911 3746 2982 ἀναπεμ-

2171 2997 2378 3051 πόντων
2401 2999 2492 3051 καὶ
2510 3001 2539 3052 ό
2561 2998 2749 3071 παρὼν
2775 2999 3030 3070 τυγχάνει
3060 2999 3296 3072 ψαλμός.
3326 3002 3545 3073 Συνᾴδει
3576 3002 3632 3055 δὲ
3667 3001 3746 3072 τῷ

2173 3089 2279 3160 πρὸ
2313 3089 2499 3156 αὑτοῦ,
2534 3091 2662 3154 τοὺς
2702 3092 2957 3162 περὶτῆς
2986 3091 3218 3161 κρίσεως
3243 3091 3336 3146 τοῦ
3375 3091 3508 3145 Θεοῦ
3555 3093 3748 3159 λόγους

2096 3230 2138 3287 C
2173 3183 2461 3255 περιέχων.
2511 3184 2576 3236 '0
2616 3180 2681 3254 δὴ
2730 3183 3030 3254 παρίστησι
3063 3182 3286 3252 φάσκων
3319 3183 3464 3253 ἑξῆς·
3511 3184 3605 3238 Ἐκ
3631 3183 3746 3238 τοῦ

2171 3274 2432 3344 οὐρανοῦ
2462 3274 2790 3344 ἠκόντισας
2815 3275 3034 3344 κρίσιν,
3070 3273 3145 3344 τῆ
3177 3275 3440 3344 ἐφοϐήθη
3467 3275 3564 3330 καὶ
3591 3275 3750 3343 ἡσύ-

2171 3381 2363 3436 χασεν
2391 3367 2462 3421 ἐν
2490 3366 2569 3432 τῷ
2602 3366 2938 3436 ἀναστῆναι
2968 3368 3056 3433 είς
3081 3368 3288 3437 κρίσιν
3318 3367 3424 3421 τὸν
3458 3367 3607 3421 Θεὸν
3636 3366 3747 3423 τοῦ

2170 3456 2366 3511 σῶσαι
2389 3455 2618 3523 πάντας
2647 3456 2789 3522 τοὺς
2809 3457 3015 3524 πραεῖς
3034 3456 3146 3527 τῆς
3165 3457 3297 3528 τῆς.
3325 3457 3432 3511 Καὶ
3457 3459 3514 3509 ἐν
3543 3458 3746 3529 ἐκείνῳ

2174 3549 2273 3621 μὲν
2308 3549 2524 3619 ἐλέγετο
2555 3551 2674 3613 τοῖς
2703 3549 3114 3620 παρανομοῦσι·
3152 3549 3250 3619 Μὴ
3284 3549 3506 3619 ὐψοῦτε
3535 3548 3739 3618 κέρας,

2171 3643 2269 3696 καὶ
2295 3641 2380 3711 μὴ
2411 3641 2682 3709 ἐπαίρει-ε
2709 3643 2795 3705 είς
2818 3641 2975 3709 ὕψος
2997 3641 3060 3695 τὸ
3088 3642 3260 3711 κέρας
3278 3639 3461 3711 ὑμῶν·
3489 3642 3548 3694 ἐν
3579 3640 3635 3694 δέ
3661 3641 3741 3711 τῷ

2175 3733 2312 3803 μετὰ
2351 3735 2557 3802 χεῖρας·
2620 3730 3084 3800 Ἐταράχθησαν,
3139 3731 3326 3803 φησὶν,
3371 3734 3425 3785 ol
3461 3731 3746 3787 ἀσύνετοι

2169 3822 2245 3892 τῇ
2272 3822 2503 3892 καρδίᾳ·
2532 3822 2824 3876 ὕπνωσαν
2845 3821 3040 3876 ὕπνον
3059 3821 3274 3888 αὐτῶν,
3303 3821 3402 3876 καὶ
3423 3824 3538 3892 οὺχ
3563 3818 3752 3890 εὗρον

2171 3912 2352 3968 οὐδὲν
2395 3911 2618 3979 πάντες
2656 3913 2711 3965 οἱ
2754 3910 2969 3980 ἄνδρες
3003 3910 3113 3964 τοῦ
3151 3911 3440 3966 πλούτου.
3497 3905 3658 3965 Οὗτοι
3689 3911 3752 3964 δὲ

2169 4000 2309 4077 ἦσαν
2351 4007 2400 4060 οἱ
2445 4005 2514 4060 τὰ
2544 4005 2763 4076 κέρατα
2808 4002 3083 4073 ὑψοῦντες.
3119 4004 3374 4058 Παιδεύει
3415 4005 3472 4058 δὲ
3513 4004 3604 4058 διὰ
3639 4004 3752 4058 τῶν

2170 4097 2543 4168 προκειμένων
2577 4096 2606 4149 ὁ
2641 4095 2798 4164 λόγος
2840 4093 3015 4165 δόγμα
3045 4094 3361 4166 βαθύτατον,
3392 4095 3467 4160 ὼς
3497 4095 3563 4149 ἂν
3589 4095 3753 4149 εἰδεί-

2169 4204 2310 4259 ημεν
2352 4187 2436 4252 τίς
2476 4187 2608 4240 ποτέ
2638 4189 2789 4240 ἐστιν
2820 4187 2850 4239 ὁ
2882 4186 3135 4257 ἀληθινὸς
3177 4187 3414 4258 Ἰσραὴλ,
3458 4189 3553 4242 καὶ
3589 4187 3676 4252 τίς
3711 4189 3749 4260 ἡ

2169 4281 2356 4332 τούτου
2393 4277 2536 4331 κατὰ
2563 4278 2654 4333 τὸν
2698 4277 2870 4349 ἀληθῆ
2907 4276 3064 4346 λόγον
3101 4276 3253 4348 χώρα
3299 4279 3332 4350 ή
3366 4275 3748 4350 ὀνομαζομένη

2183 4371 2430 4426 Ἰουδαία·
2461 4371 2545 4434 τίς
2569 4388 2628 4423 τε
2665 4371 2700 4442 ἡ
2733 4369 2959 4440 ἀληθινὴ
3014 4368 3388 4440 Ἰερουσαλὴμ,
3428 4371 3524 4423 καὶ
3563 4372 3755 4424 ὁποῖον

2169 4462 2230 4516 τὸ
2250 4461 2342 4515 τοῦ
2357 4461 2491 4515 Θεοῦ
2512 4462 2843 4532 οἰκητήριον.
2869 4461 3052 4514 Ταῦτα
3077 4461 3137 4515 τὸ
3156 4461 3494 4534 προφητικὸν
3515 4461 3756 4533 Πνεῦμα

496 4550 573 4604 ob
602 4549 885 4604 nominum
924 4550 1340 4605 similitudinem
1381 4550 1537 4605 aﬂert
1561 4568 1592 4618 ;.
1618 4566 1712 4606 eos
1757 4560 1937 4608 autem
1979 4555 2069 4624 qui

2178 4553 2296 4624 μεθ’
2315 4552 2760 4624 ὑπερὸαλλούσης
2788 4553 2978 4621 σοφίας
3001 4554 3292 4625 οἰκονομεῖ·
3324 4551 3460 4624 ὁμοῦ
3500 4553 3596 4606 καὶ
3633 4553 3758 4615 τοῖς

500 4641 827 4712 speculandi
858 4642 908 4696 vi
942 4642 1155 4712 prmd—iti
1188 4651 1316 4698 sunt
1342 4642 1544 4698 divinis
1576 4645 1840 4700 institutis
1867 4645 2069 4702 erudit.

2174 4642 2570 4714 ταπεινώτερον
2595 4643 2689 4696 καὶ⁵
2731 4641 3156 4713 Ἰουδαῖκώτερον
3179 4640 3551 4713 ἀκροωμένοις
3579 4639 3760 4711 θυμηο

489 4730 719 4788 «Ιυιιίευε
743 4733 926 4803 itaque
947 4733 1039 4803 qui
1067 4733 1204 4788 nihil
1229 4733 1375 4788 aliud
1395 4743 1479 4789 est
1497 4773 1512 4798 ,
1535 4750 1696 4805 quam
1719 4751 1847 4791 caro
1867 4743 2069 4792 etsan-

2174 4733 2292 4786 δίαν
2333 4733 2569 4804 παρέχον
2606 4732 2692 4785 διὰ
2734 4733 2833 4802 τῆς
2875 4731 3191 4804 ὁμωνυμίας
3229 4732 3336 4788 τῶν
3378 4731 3756 4802 δηλουμένων,

501 4821 624 4892 guis
646 4864 662 4889 ,
691 4824 900 4877 carnali
925 4831 980 4878 et
1004 4837 1268 4893 corporeo
1297 4839 1449 4879 more
1476 4823 1591 4879 haec
1615 4826 1838 4894 audiet;
1874 4826 2069 4882 deinde

2173 4825 2307 4897 ὁμοῦ
2348 4827 2454 4880 ηκαὶ
2505 4827 2628 4889 τοὺς
2673 4825 3034 4898 θεωρητικοὺς
3098 4823 3438 4906 παιδεύματα
3495 4821 3758 4874 διδάσκον

489 4929 642 4968 vero
663 4914 976 4980 extolletur,
1009 4929 1176 4970 sensu
1194 4916 1391 4971 .carnis
1422 4931 1536 4971 sua:
1579 4925 1782 4972 temere
1810 4917 2029 4973 inﬂatus
2053 4959 2068 4984 ,

496 5023 677 5078 neque
700 5015 862 5077 caput
889 5015 1080 5064 tenens
1103 5007 1489 5064 secundum-8.
1517 5009 1858 5080 Apostolum.
1887 5010 2071 5076 Quare

497 5113 558 5152 sc
589 5096 844 5152 lsraelem
873 5113 1027 5162 esse,
1064 5104 1227 5169 atque
1255 5097 1520 5163 Judzeam,
1557 5099 1693 5153 nihil
1726 5098 1875 5153 aliud
1902 5113 2066 5169 quam

491 5186 910 5244 Palestinorum
947 5191 1224 5261 regionem
1261 5207 1384 5247 esse
1426 5191 1674 5260 putabit;
1719 5189 1903 5244 locum
1937 5205 2069 5245 vero

492 5276 591 5334 Dei
612 5294 724 5350 'pro
758 5286 979 5335 terrena
1015 5278 1324 5336 Jerusalem
1357 5280 1620 5335 habebit:
1662 5280 1918 5349 quoniam
1959 5279 2070 5338 He-

494 5369 683 5424 braica
714 5370 877 5425 lectio
905 5371 958 5425 in
989 5369 1174 5426 Salem
1208 5373 1393 5426 locum
1436 5371 1558 5442 ejus
1590 5369 1803 5424 factum
1833 5386 1957 5428 esse
1989 5374 2072 5427 di-

496 5460 608 5515 cit:
645 5477 754 5532 quo
786 5462 914 5516 item
951 5461 1115 5517 modo
1157 5463 1353 5534 reliqui
1399 5461 1763 5534 interpretes,
1794 5465 1848 5518 in
1888 5463 2067 5520 Salem

497 5551 788 5620 videlicet,
818 5553 1131 5609 ediderunt.
1177 5555 1280 5620 Qui
1312 5570 1444 5610 vero
1483 5555 1667 5609 divi-na
1711 5555 1950 5614 imbutus
1986 5557 2069 5611 di-

495 5643 730 5713 sciplina
772 5651 892 5708 est,
941 5661 1065 5698 cum
1110 5646 1426 5711 edidicerit,
1477 5662 1586 5702 non
1633 5663 1824 5704 omnes
1871 5649 1963 5720 qui
2003 5664 2069 5704 ex

572 5797 617 5828 “
653 5796 800 5853 Psal.
836 5814 1021 5865 Lutv,
1052 5798 1120 5869 ι,
1153 5801 1184 5855 5

2175 4917 2332 4972 θείων
2359 4918 2662 4988 δογμάτων.
2692 4918 2751 4971 '0
2784 4917 2882 4988 μὲν
2915 4910 3007 4970 οὖν
3047 4915 3314 4979 Ἰουδαῖος,
3337 4913 3496 4966 πλέον
3530 4912 3684 4965 οὐδὲν
3715 4911 3755 4982 ﬁ

2173 5009 2312 5080 σὰρξ
2346 5010 2439 5063 καὶ
2475 5006 2613 5080 αἷμα
2646 5009 2947 5079 τυγχάνων,
2994 5007 3260 5078 σαρκίνως
3296 5005 3389 5058 καὶ
3419 5003 3759 5075 σωματικῶς

2169 5101 2459 5156 ἀκούσεται
2493 5101 2600 5155 τῶν
2632 5101 3030 5171 προκειμένων·
3075 5099 3310 5152 κᾶπειτα
3351 5094 3754 5166 ἐπαρθήσεται,

2167 5194 2287 5264 είκῇ
2315 5193 2671 5264 φυσιούμενος
2698 5190 2804 5244 ὕπὸ
2833 5189 2926 5244 τοῦ
2949 5190 3068 5253 νοὸς
3091 5189 3191 5259 τῆς
3219 5186 3418 5258 σαρκὸς
3440 5184 3626 5248 αὑτοῦ,
3650 5187 3760 5238 καὶ

2166 5285 2226 5337 οὐ
2254 5284 2468 5357 κρατῶν
2505 5285 2603 5356 τὴν
2631 5282 2870 5354 κεφαλὴν
2897 5281 3039 5337 κατὰ
3079 5281 3170 5334 τὸν
3209 5279 3350 5351 ἱερὸν
3400 5275 3760 5331 Ἀπόστολον.

2168 5376 2258 5429 Διδ
2298 5376 2489 5429 ἑαυτὸν
2537 5375 2636 5446 μὲν
2673 5371 2809 5427 εῖναι
2847 5373 2941 5427 τὸν
2983 5371 3198 5444 Ἰσραὴλ
3232 5372 3496 5442 οἰήσεται,
3529 5369 3625 5423 καὶ
3645 5366 3764 5440 τὴν

2180 5467 2438 5521 Ἰουδαίαν
2462 5467 2569 5520 οὐδ’
2613 5466 2807 5538 ἑτέραν
2849 5463 2987 5518 εἶναι
3015 5464 3116 5535 τῆς
3147 5463 3520 5517 Παλαιστίνων
3538 5458 3760 5532 χώρας,

2171 5558 2264 5611 καλ¹
2294 5558 2384 5610 τὸν
2424 5559 2586 5612 τόπον
2629 5555 2723 5611 τοῦ
2765 5556 2922 5619 Θεοῦ,
2962 5555 3064 5626 τὴν
3096 5554 3186 5607 ἐπὶ
3211 5556 3315 5626 γῆς
3367 5550 3738 5624 Ἰερουσαλήμ.

2173 5649 2469 5722 ἐπειδήπερ
2497 5652 2531 5721 ή
2571 5648 2832 5721 Ἐὅραϊκὴ
2872 5647 3018 5711 λέξις
3057 5647 3385 5717 περιέχειέν
3422 5646 3612 5716 Σαλὴμ
3653 5663 3766 5714 γε·

1281 5803 1326 5835 “
1365 5801 1382 5855 l
1415 5803 1540 5863 Cor.
1579 5825 1667 5875 xv,
1698 5810 1790 5877 23,
1825 5810 1913 5865 24.
1993 5811 2033 5840 ⁵⁷
2077 5805 2260 5862 Matth.
2302 5822 2460 5876 xxvr,
2494 5807 2583 5863 29.
2661 5807 2706 5842 “
2745 5807 2891 5863 Psal.
2925 5821 3107 5872 unv,
3142 5805 3194 5871 5,
3225 5803 3276 5860 6.
