4056 6372
319 372 422 428 877

1426 369 1928 427 COMMENTARIA
1966 371 2032 426 IN
2068 372 2405 430 PSALMOS.

3438 376 3541 431 878

316 485 528 555 γονέναι
550 484 640 539 τδν
666 482 827 539 τόπον
849 482 1031 538 αὐτοῦ⁹
1062 483 1156 539 καὶ
1176 485 1226 538 οἱ
1255 482 1432 537 λοιποὶ
1466 484 1522 538 δὲ
1553 486 1882 556 ἑρμηνευταὶ

1981 484 2180 543 Israele
2224 494 2380 551 sunt,
2421 484 2586 540 Israel
2618 502 2779 543 esse:
2830 502 3004 558 neque
3046 496 3314 559 quotquot
3355 505 3544 546 semen

315 578 502 632 τοῦτον
530 578 873 650 ήρμήνευσαν
895 577 985 631 τὸν
1010 577 1233 649 τρόπον,
1254 577 1324 630 ἐν
1349 576 1562 646 Σαλὴμ
1587 577 1878 633 ἐκδεδωκό-

314 686 429 734 τες.
480 669 538 722 Ὀ
562 669 619 723 δὲ
640 671 752 733 τοῖς
777 667 940 732 θείοις
960 668 1192 740 δόγμασι
1224 667 1721 739 μεμαθητευμένος,
1755 685 1879 722 παι·-

315 759 542 825 δευθεὶς,
573 761 653 814 ὅτι
679 761 743 813 οὐ
776 760 977 824 πάντες
1011 760 1062 813 οἱ
1091 759 1150 827 ἐξ
1196 759 1412 832 Ἰσραὴλ
1447 752 1591 814 οὗτοι
1636 760 1875 832 Ἰσραὴλ,

317 852 434 906 οὐδὲ
478 853 591 906 ὅσοι
630 851 850 924 σπέρμα
900 852 1150 924 Ἀϐραάμ
1185 854 1313 917 είσι,
1355 852 1554 916 πάντες
1591 852 1773 907 τέκναο
1815 853 1877 906 οὐ

312 940 422 1014 γὰρ
434 941 503 995 τὰ
520 942 684 996 τέκνα
704 942 805 1013 τῆς
831 943 1031 1013 σαρκὸς
1051 942 1221 997 ταῦτα
1240 944 1403 998 τέκνα
1451 944 1545 999 τοῦ
1573 945 1727 1010 Θεοῦ,
1744 944 1879 1000 ἀλλὰ

312 1030 383 1084 τὰ
407 1031 574 1085 τέκνα
613 1032 712 1103 τῆς
749 1031 1080 1101 ἐπαγγελίας
1109 1032 1382 1103 λογίζεται
1424 1036 1503 1097 είς
1533 1034 1770 1107 σπέρμα·
1799 1034 1879 1089 ἔτι

309 1136 371 1176 τε
412 1122 723 1186 ἐπακούσας
765 1121 860 1176 τοῦ
905 1123 1069 1178 αὐτοῦ
1117 1125 1435 1179 Ἀποστόλου
1475 1121 1743 1195 λέγοντος,
1797 1129 1879 1181 Οῠ

311 1210 423 1282 γὰρ
462 1215 495 1267 ό
537 1213 609 1267 ἐν
657 1211 739 1278 τῷ
761 1213 994 1284 φανερῷ
1042 1215 1318 1282 Ἰουδαῖός
1347 1216 1540 1282 ἐστιν,
1572 1217 1713 1272 οὐδὲ
1746 1218 1785 1285 ἡ
1812 1219 1882 1272 ἐν

310 1300 393 1368 τῷ
418 1304 652 1373 φανερῷ
678 1306 749 1358 ἐν
777 1305 955 1374 σαρκὶ
988 1306 1289 1376 περιτομή-
1319 1307 1454 1362 ἀλλ’
1488 1311 1523 1362 ό
1544 1308 1615 1363 ἐν
1637 1307 1717 1374 τῷ
1739 1327 1880 1379 κρυ-

311 1394 439 1459 πτῷ
490 1394 788 1462 Ἰουδαῖος,
840 1396 938 1451 καί
981 1397 1264 1467 περιτομὴ
1316 1397 1563 1467 καρδίας
1601 1398 1672 1454 ἐν
1705 1401 1882 1454 πνεύ-

305 1503 468 1557 ματι,
502 1490 573 1542 οὐ
603 1487 910 1557 πράμματιι
945 1482 1018 1543 οὗ
1052 1490 1087 1543 ό
1122 1488 1368 1554 ἔπαινος
1404 1490 1516 1543 οὐκ
1555 1488 1625 1553 ἐξ
1664 1489 1883 1558 ἀνθρώ-

310 1591 462 1644 πων,
508 1580 641 1634 ἀλλ’
683 1578 752 1632 ἐκ
796 1577 902 1631 τοῦ
950 1578 1117 1633 Θεοῦ’
1164 1580 1257 1633 καὶ
1302 1579 1482 1634 πάλιν·
1538 1579 1727 1649 Ἡμεῖς
1769 1579 1881 1649 γάρ

307 1672 499 1741 ἐσμεν
526 1673 596 1726 ἐν
625 1671 910 1743 περιτομῆ
941 1676 995 1727 οι
1023 1672 1093 1725 ἐν
1125 1671 1415 1741 πνεύματι
1455 1669 1603 1725 Θεοῦ
1631 1672 1880 1740 λατρεύ-

306 1780 502 1831 οντες,
532 1764 629 1818 καὶ
654 1767 765 1820 οὐκ
794 1766 863 1819 ἐν
889 1764 1067 1835 σαρκὶ
1093 1764 1458 1829 πεποιθότεςο
1500 1761 1579 1815 ἔτι
1622 1763 1727 1834 μὴν
1763 1764 1883 1817 ἐπι-

1975 576 2280 644 Abraham,
2319 577 2459 634 ﬁlios
2500 579 2624 648 ejus
2664 593 2787 634 esse
2825 598 2838 633 :
2872 594 2983 633 non
3013 579 3160 633 enim
3193 579 3289 635 ﬁlii
3318 583 3501 638 carnis
3525 622 3542 646 ,

1977 667 2014 722 ii
2046 668 2139 722 lilii
2172 667 2267 724 Dei
2300 675 2460 733 sunt,
2492 667 2588 724 sed
2631 667 2725 722 lilii
2770 668 3188 739 promissionis,
3233 668 3272 722 ii
3315 684 3415 739 pro
3456 685 3544 725 se-

1977 760 2124 815 mine
2156 769 2581 832 computantur;
2612 775 2736 816 cum
2770 761 3004 816 audierit
3044 762 3173 817 item
3217 762 3353 817 illud
3397 764 3545 836 Apo-

1978 847 2103 904 stoli
2134 848 2372 915 dictum,
2407 848 2531 904 Non
2562 849 2700 903 enim
2737 850 2826 919 qui
2867 850 2920 904 in
2966 851 3280 921 manifesto,
3321 853 3553 908 Juda’us-

1977 947 2091 1004 est,
2119 956 2276 1009 neque
2303 956 2419 1010 qua:
2447 941 2502 993 in
2536 939 2817 1008 manifesto
2859 942 2914 993 in
2943 957 3100 996 carne
3138 951 3215 995 est
3264 943 3545 998 circumci—

1978 1030 2094 1093 sio;
2120 1033 2208 1083 sed
2229 1031 2319 1101 qui
2338 1031 2393 1084 in
2415 1030 2742 1094 abscondito,
2762 1031 2983 1087 Judwus
3007 1042 3085 1088 est
3104 1050 3122 1086 :
3143 1043 3193 1088 et
3214 1034 3546 1090 circumcisio

1981 1120 2153 1175 cordis
2182 1122 2239 1175 in
2271 1121 2486 1192 spiritu,
2521 1138 2623 1175 non
2655 1122 2855 1187 littera,
2887 1123 3038 1193 cujus
3073 1125 3193 1179 laus
3223 1142 3328 1180 non
3358 1141 3422 1180 ea:
3450 1126 3544 1181 lto-

1980 1211 2241 1277 minibus,
2274 1212 2364 1265 sed
2397 1227 2462 1265 ea:
2495 1211 2605 1267 Deo
2633 1221 2711 1266 est
2745 1212 2820 1279 "9;
2853 1227 2917 1268 ac
2958 1228 3213 1281 rursum,
3263 1214 3377 1270 Nos
3406 1219 3547 1272 enim

1979 1319 2159 1358 sumus
2185 1302 2242 1357 in
2270 1303 2667 1357 circumcisione
2691 1303 2779 1373 qui
2812 1304 2867 1357 in
2909 1305 3098 1373 spiritu
3131 1304 3229 1359 Dei
3252 1307 3503 1362 servimus
3526 1346 3544 1371 ,

1979 1410 2139 1465 neque
2181 1396 2236 1447 in
2281 1411 2440 1449 carne
2476 1393 2794 1464 conﬁdimus
2824 1396 2912 1462 ⁵⁶;
2951 1412 3075 1451 cum
3118 1397 3548 1454 consideraverit

1979 1486 2142 1541 etiam
2177 1486 2307 1541 illud
2329 1527 2344 1551 ,
2379 1485 2638 1555 Respicite
2680 1484 2857 1541 Israel
2895 1489 3182 1543 secundum
3230 1507 3442 1544 carnem
3472 1490 3542 1553 δι,

1978 1583 2167 1647 utpote
2205 1578 2413 1633 scilicet
2448 1579 2555 1634 alio
2593 1581 2926 1645 exsistente,
2954 1581 3048 1651 qui
3085 1596 3196 1636 non
3240 1583 3542 1638 secundum

1980 1683 2199 1724 carnem
2218 1707 2235 1734 ,
2267 1668 2363 1726 sed
2390 1670 2691 1727 secundum
2722 1671 2975 1742 spiritum
3005 1688 3170 1729 verus
3212 1672 3378 1730 Israel
3415 1684 3499 1730 est
3526 1694 3542 1743 ;

1978 1758 2094 1815 hac
2122 1760 2351 1818 edoctus
2370 1801 2385 1826 ,
2417 1777 2606 1817 verum
2637 1762 2890 1819 Israelem
2920 1763 3178 1819 admittet
3200 1781 3324 1821 eum
3352 1767 3448 1837 qui
3474 1784 3544 1823 ex

309 1856 515 1926 στήσας
540 1857 620 1921 τὸ,
654 1855 914 1911 Βλέπετε
956 1854 1062 1909 τὸν
1104 1854 1339 1925 Ἰσραὴλ
1371 1854 1522 1908 κατὰ
1549 1852 1764 1923 σάρκα,
1803 1856 1879 1920 ὡς

1978 1865 2143 1921 opere
2169 1851 2593 1910 demonstratur.
2622 1853 2829 1911 Nomen
2858 1870 3022 1926 porro
3050 1857 3316 1925 accipitur
3346 1874 3446 1928 pro
3477 1875 3544 1914 eo

306 1947 498 2020 ἑτέρου
529 1947 680 2012 ὄντος
710 1946 804 2001 τοῦ
836 1947 1073 2020 μὴκατὰ
1107 1948 1304 2017 σάρκα,
1337 1946 1474 2001 ἀλλὰ
1495 1945 1636 1999 κατὰ
1662 1946 1879 2018 πνεῦμα

1979 1943 2073 2014 qui
2104 1943 2240 1998 videt
2269 1945 2477 2010 Deum;
2507 1961 2638 2018 ergo
2678 1947 2855 2001 virum
2901 1950 3302 2019 perspicacem,
3345 1951 3546 2006 notitia

303 2040 560 2111 ἀληθινοῦ
604 2041 835 2111 Ἰσραήλ·
860 2040 1069 2105 τούτοις
1101 2038 1602 2111 μεμαθητευμένος,
1631 2038 1721 2090 τὸν
1751 2035 1881 2107 ἀλη-

305 2131 452 2186 θινὸν
495 2131 707 2204 Ἰσραὴλ
737 2131 1010 2197 ἐκδέξεται
1040 2127 1178 2186 εἶναι
1207 2131 1298 2185 τὸν
1329 2132 1394 2185 ὲκ
1428 2130 1523 2184 τοῦ
1558 2131 1881 2203 πράγματος

306 2224 720 2296 σημαινόμενον.
755 2222 1246 2293 Μεταλαμϐάνεται
1268 2221 1398 2293 γοῦν
1424 2221 1659 2293 τοῦνομα
1683 2224 1762 2286 είς
1788 2222 1879 2275 τὸν

301 2317 516 2388 δρῶντα
540 2317 631 2370 τὸν
660 2316 810 2370 Θεόψ
839 2316 931 2369 τὸν
973 2315 1277 2387 διορατικὸν
1318 2314 1497 2368 τοίνυν
1525 2314 1620 2368 καὶ
1647 2331 1877 2385 γνωστι-

300 2408 399 2461 κὸν
425 2408 519 2460 καὶ
550 2405 969 2478 ἐπιστημονικὸν
998 2405 1165 2476 ἄνδρα
1203 2405 1363 2476 μόνον
1400 2400 1537 2459 εἶναι
1575 2404 1663 2457 τὸν
1693 2404 1879 2476 ἀληθι-

298 2500 392 2552 νὸν
428 2499 641 2571 Ἰσραὴλ
661 2499 1036 2568 ἁποφανεῖται·
1062 2496 1119 2551 ὃν
1142 2498 1175 2568 ἡ
1208 2494 1346 2567 μετὰ
1370 2499 1556 2567 χεῖρας
1580 2495 1876 2568 παρίστησι

297 2589 449 2656 λέξις
494 2590 793 2660 φάσκουσα·
845 2591 941 2642 Ἐν
979 2588 1059 2655 τῷ
1103 2587 1343 2657 Ἰσραὴλ
1382 2585 1538 2657 μέγα
1581 2587 1646 2642 τὸ
1692 2588 1879 2658 ὄνομα

296 2680 511 2738 αὐτοῦ.
550 2680 790 2752 Ἐλέγχει
821 2680 879 2733 δὲ
907 2680 997 2733 τὸν
1035 2679 1285 2733 Ἰουδαῖον
1311 2680 1411 2733 οὐκ
1448 2680 1595 2744 ἄξιον
1625 2679 1753 2733 ὄντα
1775 2678 1876 2748 τῆς

298 2772 675 2845 προσηγορίας
706 2770 800 2824 τοῦ
838 2770 1054 2842 Ἰσραὴλ
1099 2773 1128 2825 ό
1173 2772 1507 2843 προφητικδς
1547 2771 1703 2839 λόγος
1743 2770 1876 2823 ἀπο-

296 2864 608 2935 τεινόμενος
628 2863 765 2936 πρὸς
784 2863 980 2927 αὐτοὺς
1003 2864 1097 2916 καὶ
1115 2861 1306 2932 λέγων·
1335 2862 1478 2917 Οὐαὶ
1503 2862 1679 2929 ἔθνος
1702 2863 1877 2932 duap-

296 2953 518 3021 τωλὸν,
558 2954 708 3020 λαὸς
744 2953 983 3023 πλήρης
1022 2938 1335 3031 αμαρτιῶν·
1395 2952 1510 3018 καὶ,
1562 2953 1876 3007 Ἀκούσατε

294 3035 491 3114 λόγον
522 3035 772 3114 Κυρίου,
792 3043 1078 3116 ἄρχοντες
1106 3044 1401 3114 Σοδόμων·
1429 3043 1756 3114 προσέχετε
1777 3044 1877 3098 νό-

288 3154 420 3208 μον
450 3137 616 3201 Θεοῦ,
663 3137 812 3203 λαός
843 3137 1174 3206 Γομόρῤας.
1210 3136 1421 3209 ’Ὠσπερ
1464 3131 1556 3191 οὖν
1591 3138 1619 3190 ὁ
1652 3136 1873 3205 φάσκων

294 3228 432 3300 περὶ
462 3226 568 3280 τῶν
591 3226 779 3281 ἐθνῶν·
808 3226 951 3284 Διότι
978 3226 1074 3280 ἀπ’
1093 3226 1364 3281 ἀνατολῶν
1401 3227 1551 3299 ἡλίου
1595 3226 1754 3299 μέχρι
1782 3227 1874 3279 δυ-

295 3317 458 3389 σμῶν
481 3317 788 3382 δεδόξασται
818 3318 879 3372 τὸ
906 3317 1076 3390 ὄνομα
1107 3318 1270 3372 αὐτοῦ
1307 3320 1369 3372 ὲν
1402 3322 1512 3382 τοῖς
1551 3318 1747 3384 ἔθνεσι,
1778 3317 1876 3374 καὶ

289 3410 367 3463 ὲν
402 3407 583 3461 παντὶ
614 3407 775 3474 τόπῳ
805 3409 1066 3477 θυμίαμα
1110 3407 1470 3478 προσάγεται
1512 3408 1593 3474 τῷ
1632 3409 1878 3478 ὀνόματί

285 3518 438 3571 μου,
478 3499 577 3553 καὶ
614 3501 796 3554 θυσία
836 3499 1081 3568 καθαρά·
1123 3502 1217 3556 καὶ
1247 3501 1426 3554 πάλιν·
1455 3502 1609 3554 Διότι
1627 3499 1782 3570 μέγα
1808 3498 1876 3554 τὸ

291 3590 490 3662 ὄνομά
518 3608 637 3660 μου
667 3592 735 3644 ἐν
766 3591 891 3657 τοῖς
926 3593 1148 3656 ἔθνεσι,
1184 3592 1370 3661 σαφῶς
1397 3593 1689 3662 παρίστησι
1721 3592 1877 3646 δύνα-

292 3686 426 3740 σθαι
454 3682 525 3735 τὰ
547 3682 671 3754 ἔθνη
701 3679 839 3736 εἶναι
856 3682 948 3735 τὸν
985 3683 1218 3754 Ἰσραὴλ,
1252 3683 1409 3755 εἴπερ
1434 3684 1504 3736 ἐν
1525 3682 1603 3748 τῷ
1619 3682 1876 3752 σ’Ῑσραὴλ

281 3774 451 3847 μέγα
479 3771 546 3826 τὸ
573 3772 758 3842 ὄνομα
780 3771 986 3827 αὐτοῦ.
1014 3773 1124 3826 Καὶ
1154 3773 1289 3844 πρὸς
1316 3772 1413 3842 μὲν
1451 3772 1737 3836 Ἰουδαίους
1763 3773 1877 3825 ὲλέ-

285 3882 442 3937 γετο·
462 3863 646 3933 Ὑμεῖς
658 3862 1064 3930 δὲβεϐηλοῦτε
1075 3863 1242 3928 αὐτὸ,
1260 3862 1416 3934 δῆλον
1434 3863 1479 3916 δ’
1505 3863 1588 3916 ὅτι
1601 3862 1663 3916 τὸ
1708 3862 1877 3933 ὄνομα

284 3960 388 4016 τοῦ
418 3957 579 4012 Θεοῦ.
614 3958 723 4012 Καὶ
754 3953 906 4021 αὖθις
941 3957 1155 4029 εἴρηται
1198 3954 1335 4028 πρὸς
1366 3956 1582 4020 αὐτούς*
1618 3958 1697 4009 Δι’
1721 3956 1877 4026 ὑμᾶς

284 4050 629 4117 διαπαντὸς
665 4051 730 4104 τὸ
776 4048 962 4119 ὄνομά
1006 4066 1124 4119 μου
1166 4046 1617 4117 βλασφημεῖται
1651 4047 1722 4100 ἐν
1751 4046 1877 4114 τοῖς

282 4147 560 4201 ἔθνεσιν.
607 4143 670 4215 Et
706 4140 882 4195 τοίνυν
920 4142 954 4212 ὴ
991 4139 1129 4211 μετὰ
1174 4143 1362 4210 χεῖρας
1398 4139 1589 4211 Γραφὴ
1637 4139 1875 4193 διδάσκει

282 4238 507 4291 ὲκεῖνον
534 4228 671 4286 εἶναι
700 4233 789 4286 τὸν
833 4232 1069 4304 Ἰσραὴλ,
1103 4233 1231 4302 παρ’
1257 4224 1301 4298 ᾧ
1329 4230 1390 4283 τὸ
1424 4228 1519 4283 τοῦ
1552 4228 1686 4284 Θεοῦ
1719 4228 1875 4294 δοξά-

282 4331 449 4396 ζεται
478 4326 672 4397 ὄνομα,
704 4328 770 4380 ὲκ
799 4324 907 4380 τῶν
935 4323 1237 4401 εἰρημένων
1263 4322 1455 4392 γένοιτ’
1479 4323 1545 4377 ἂν
1578 4322 1875 4395 κατάδηλος

278 4423 313 4478 ὁ
357 4417 599 4491 ὀφείλων
646 4415 899 4485 λέγεσθαι
931 4415 1133 4487 κυρίως
1186 4413 1420 4486 Ἰσραήλ.
1483 4414 1781 4484 Ἀναλόγως
1817 4412 1875 4468 δὲ

1900 3184 1945 3242 C

1976 2036 2263 2108 praeditum
2295 2044 2349 2093 et
2377 2037 2597 2093 doctum
2619 2078 2636 2103 ,
2679 2040 2855 2095 solum
2893 2054 3016 2096 esse
3059 2055 3247 2097 verum
3286 2041 3543 2098 Israelem

1977 2128 2314 2194 declarabit,
2356 2129 2571 2200 qualem
2618 2129 2734 2184 haec
2773 2130 3045 2187 sententia
3089 2132 3273 2202 prodit
3317 2132 3541 2201 dicens,

1979 2218 2047 2275 In
2071 2219 2245 2276 Israel
2268 2237 2517 2292 magnum
2541 2238 2727 2276 nomen
2748 2221 2884 2291 ejus.
2908 2221 3123 2277 Evincit
3145 2215 3275 2279 vero
3295 2223 3542 2280 Judaeum

1976 2310 2195 2369 lsraelis
2221 2313 2443 2369 nomine
2470 2313 2692 2384 dignum
2723 2330 2833 2369 non
2872 2330 2995 2371 esse
3023 2315 3379 2386 pr0pheticus
3426 2331 3545 2371 ser-

1977 2417 2103 2467 mo,
2132 2403 2227 2473 qui
2258 2403 2408 2474 ipsos
2435 2404 2661 2474 respicit
2692 2412 2747 2459 et
2773 2405 2854 2460 sic
2885 2404 3052 2460 habet
3079 2423 3093 2460 :
3133 2403 3224 2459 Va:
3252 2405 3395 2476 genti
3423 2421 3545 2476 pec-

1977 2491 2165 2546 catrici
2185 2531 2201 2557 ,
2225 2493 2416 2561 populo
2443 2492 2594 2561 pleno
2626 2495 2854 2561 peccatis
2889 2495 2935 2526 ⁸³
2958 2512 2973 2562 ;
3000 2502 3081 2561 et,
3111 2492 3306 2548 Audite
3333 2495 3547 2549 verbum

1975 2581 2213 2653 Domini,
2242 2584 2500 2653 principes
2551 2583 2899 2639 Sodomorum
2921 2601 2940 2639 :
2985 2584 3239 2640 attendite
3272 2584 3375 2656 legi
3404 2585 3543 2653 Dei,

1974 2674 2197 2745 populus
2225 2673 2532 2729 Gomorrhm
2558 2675 2625 2729 ⁸³.
2662 2675 3131 2742 Quemadmodum
3163 2677 3328 2732 etiam
3355 2678 3449 2747 qui
3477 2678 3547 2733 de

1977 2764 2230 2832 gentibus
2254 2764 2420 2830 dicit,
2453 2766 2521 2821 ab
2551 2767 2763 2822 oriente
2825 2766 2940 2820 sole
2991 2781 3164 2836 usque
3191 2766 3255 2821 ad
3283 2767 3545 2823 occiden-

1977 2863 2121 2918 tem,
2154 2854 2325 2924 gloria
2354 2855 2622 2911 celebrari
2658 2871 2854 2912 nomen
2888 2872 3048 2912 suum
3078 2858 3133 2912 in
3163 2859 3416 2927 gentibus
3443 2875 3458 2925 ;
3491 2868 3543 2914 et

1976 2946 2030 3000 in
2063 2946 2206 3000 omni
2235 2945 2346 3001 loco
2368 2986 2384 3011 ,
2414 2947 2518 3012 ait,
2557 2947 2847 3017 thymiama
2876 2949 3095 3018 offertur
3123 2951 3323 3004 nomini
3352 2968 3463 3006 meo
3491 2962 3544 3006 et

1977 3037 2299 3106 sacriﬁcium
2328 3038 2582 3093 mundum
2611 3039 2694 3106 ";
2724 3053 2787 3094 ac
2814 3054 3034 3095 rursum
3055 3078 3071 3104 ,
3113 3039 3254 3107 Quia
3297 3058 3545 3112 magnum

1976 3134 2054 3181 est
2077 3143 2264 3181 nomen
2286 3143 2459 3182 meum
2479 3128 2531 3181 in
2554 3126 2794 3198 gentibus
2811 3128 2893 3194 ⁸⁸;
2920 3134 3104 3197 aperte
3124 3127 3364 3199 declarat
3385 3144 3547 3199 posse

1976 3224 2168 3287 gentes
2196 3217 2364 3273 Israel
2392 3234 2515 3275 esse
2534 3259 2549 3282 ,
2582 3218 2851 3289 siquidem
2881 3218 2937 3272 in
2972 3216 3142 3272 Israel
3170 3236 3418 3291 magnum
3449 3220 3547 3276 no-

1976 3325 2093 3363 men
2122 3309 2257 3379 ejus.
2287 3307 2492 3366 Judzeis
2520 3324 2651 3364 vero
2681 3308 3002 3364 dicebatur:
3038 3306 3141 3362 Vos
3173 3319 3349 3364 autem
3369 3310 3549 3379 profa-

1975 3402 2117 3457 natis
2141 3401 2277 3457 illud
2301 3402 2369 3468 ”,
2400 3402 2654 3457 videlicet
2681 3416 2881 3456 nomen
2911 3397 3024 3455 Dei.
3055 3397 3405 3472 Rursumque
3437 3403 3547 3458 illis

1975 3494 2185 3549 dictum
2228 3503 2348 3550 est:
2376 3492 2600 3562 Propter
2637 3510 2725 3547 vos
2763 3506 2962 3560 semper
2988 3507 3171 3545 nomen
3198 3508 3370 3545 meum
3400 3493 3547 3547 blas-

1975 3583 2252 3654 phematur
2292 3585 2347 3637 in
2388 3586 2628 3654 gentibus
2657 3584 2725 3638 "’.
2763 3582 2821 3638 Si
2864 3584 3048 3652 itaque
3096 3582 3211 3637 haec
3263 3581 3547 3655 Scriptura

1973 3675 2133 3730 docet
2161 3675 2314 3729 illum
2346 3690 2469 3751 esse
2512 3675 2766 3731 lsraclem
2811 3690 2977 3745 penes
3026 3690 3187 3745 quem
3221 3692 3421 3732 nomen
3450 3676 3547 3733 Dei

1977 3768 2309 3831 celebratur,
2360 3782 2427 3822 ex
2462 3766 2575 3836 jam
2623 3765 2788 3822 dictis
2836 3766 3185 3824 manifestum
3237 3771 3403 3825 fuerit
3451 3770 3548 3839 qui

1975 3874 2103 3914 vere
2149 3866 2203 3914 et
2248 3859 2469 3929 proprie
2516 3856 2684 3913 Israel
2726 3861 3006 3915 vocandus
3034 3861 3126 3916 sit.
3183 3860 3548 3931 Proportione

1975 3949 2208 4020 quadam
2244 3948 2313 4004 de
2341 3948 2527 4003 Juda'a
2562 3949 2705 4004 idem
2740 3950 3033 4020 intelligas.
3064 3948 3199 4003 Nam
3235 3951 3326 4005 ubi
3358 3952 3549 4021 cogni-

1976 4039 2054 4093 tio
2099 4037 2194 4094 Dei
2244 4045 2361 4104 est,
2410 4037 2489 4093 ibi
2538 4036 2724 4092 Iudaea
2771 4038 3007 4094 exsistit.
3058 4037 3214 4104 Quod
3250 4038 3336 4094 bis
3362 4039 3548 4095 verbis

1977 4131 2263 4202 Scriptura
2304 4130 2586 4186 declarat:
2624 4128 2800 4184 Notus
2843 4130 2897 4183 in
2942 4128 3136 4183 Judaza
3180 4128 3342 4183 Deus.
3389 4130 3548 4196 Quod

1977 4223 2023 4279 si
2053 4223 2107 4277 id
2139 4238 2250 4277 non
2275 4223 2332 4277 in
2359 4220 2545 4277 Iudaea
2566 4262 2581 4286 ,
2616 4222 2730 4276 sive
2761 4222 2815 4276 in
2844 4220 3257 4278 Palaestinorum
3288 4231 3433 4277 terra
3460 4237 3550 4277 re—

1976 4314 2204 4385 peritur,
2253 4329 2377 4368 cum
2413 4314 2583 4367 multa
2628 4311 2701 4367 ibi
2749 4312 3057 4367 idololatria
3110 4312 3295 4379 fuerit,
3327 4312 3548 4384 quando

1976 4407 2104 4459 olim
2149 4404 2319 4460 Judaei
2370 4404 2515 4459 idola
2557 4402 2847 4471 colebant,
2883 4404 2957 4457 ita
2986 4411 3048 4458 ut
3080 4405 3360 4475 prophetae
3399 4405 3550 4475 ipsos

276 4512 473 4583 τούτῳ
505 4510 719 4580 νοήσεις
746 4508 838 4560 καὶ
864 4505 962 4578 τὴν
1008 4505 1285 4559 Ἰουδαίανο
1330 4503 1458 4558 ἔνθα
1494 4505 1603 4576 γάρ
1649 4507 1794 4558 ὲστιν
1838 4507 1872 4577 η

1979 4505 2339 4570 cosrguerent
2365 4512 2429 4552 ac
2456 4496 2735 4559 dicerent,
2776 4494 2919 4551 Nam
2951 4496 3236 4552 secundum
3273 4515 3549 4553 numerum

278 4604 498 4678 γνῶσις
526 4597 620 4653 τοῦ
655 4596 813 4665 Θεοῦ,
840 4596 981 4669 αὕτη
1015 4597 1161 4651 ἐστὶν
1186 4600 1222 4669 η
1267 4596 1514 4651 Ἰουδαία.
1549 4596 1717 4649 Τοῦτο
1745 4595 1875 4665 γοῦν

280 4699 322 4771 ἡ
361 4696 403 4750 Γ
410 4691 566 4768 ραφὴ
606 4690 902 4763 παρίστησι
934 4688 1183 4756 λέγουσα·
1214 4686 1497 4753 Γνωστὸς
1524 4687 1594 4741 ἐν
1624 4685 1701 4754 τῇ
1739 4688 1878 4741 Ἰου..

279 4790 432 4857 δαίςι
461 4789 496 4841 ό
530 4784 695 4849 Θεός.
727 4783 792 4835 Εἰ
817 4781 874 4835 δὲ
908 4781 984 4853 μὴ
1006 4780 1066 4835 τὸ
1089 4782 1320 4852 πρᾶγμα
1347 4778 1441 4833 ἐπὶ
1464 4782 1562 4850 τῆς
1599 4779 1874 4844 Ἰουδαίας,

280 4880 438 4949 λέγω
457 4877 518 4930 δὲ
536 4876 634 4944 τῆς
657 4873 1028 4927 Παλαιστίνων
1052 4871 1233 4943 χώρας
1259 4871 1582 4941 εὑρίσκοιτο,
1615 4870 1876 4941 πλείστης

281 4971 462 5041 οὔσης
493 4964 931 5037 εἰδωλολατρείας
954 4965 1013 5018 ὲν
1040 4964 1176 5035 αὐτῇ
1201 4963 1517 5035 γενομένης,
1540 4962 1719 5016 αὐτῶν
1751 4964 1875 5015 Ἰου-

280 5066 462 5121 δαίων
491 5058 557 5112 τὸ
581 5058 802 5112 παλαιὸν
826 5056 1377 5128 είδωλολατρευόντων
1399 5056 1456 5107 ὲν
1478 5054 1638 5125 αὐτῇ,
1659 5054 1734 5117 ὡς
1753 5055 1878 5117 τοὺς

283 5155 590 5231 προφήτας
627 5149 948 5219 ἀπελέγχειν
992 5149 1188 5212 αὐτοὺς
1223 5147 1319 5201 καὶ
1355 5146 1556 5215 λέγειν·
1582 5144 1744 5199 Κατὰ
1768 5143 1880 5214 τὰρ

280 5251 397 5304 τὸν
422 5240 683 5315 ἀριθμὸν
709 5238 828 5295 τῶν
853 5238 1091 5293 πόλεών
1118 5252 1234 5293 σου
1259 5233 1422 5307 ἦσαν
1442 5235 1567 5290 θεοί
1587 5249 1703 5290 σου
1743 5235 1878 5288 Ἰού-

281 5341 384 5407 δα,
409 5334 517 5392 καὶ
549 5332 699 5387 κατὰ
716 5330 959 5401 ἀριθμὸν
978 5328 1259 5399 ἀμφόδων
1289 5326 1673 5398 Ἰερουσαλὴμ
1696 5327 1878 5379 ἔθυον

281 5432 361 5501 τῇ
398 5423 745 5486 Βαάλκπῶς
763 5421 985 5475 δυνατὸν
1009 5421 1213 5492 ταύτην
1249 5415 1387 5474 εἶναι
1413 5416 1665 5487 λέγεσθαι
1685 5415 1785 5488 τὴν
1811 5415 1874 5469 τὸ

281 5514 540 5589 γνωστὸν
571 5510 665 5565 τοῦ
694 5508 830 5565 Θεοῦ
861 5509 1201 5579 κεκτημένην
1233 5507 1526 5572 Ἰουδαίαν;
1573 5504 1672 5560 Διὰ
1717 5503 1793 5591 τί.
1812 5503 1869 5558 δὲ

361 5735 409 5768 δ’
448 5732 617 5785 Rom.
672 5730 849 5798 “.28,
884 5729 975 5786 29.
1053 5729 1099 5761 ⁸⁰
1136 5727 1353 5798 Philipp

286 5806 380 5861 Η.
463 5802 511 5834 ⁸⁸
552 5799 688 5858 ibid.
722 5796 729 5798 ⁷
764 5801 810 5833 ³⁸
845 5799 978 5857 ibid.
1015 5800 1099 5855 12.
1176 5799 1221 5830 ⁸⁷
1254 5796 1358 5854 lsa.
1400 5813 1497 5866 LII,
1538 5796 1592 5851 5.

1359 5768 1372 5781 .
1409 5741 1496 5791 ut,
1532 5727 1589 5780 3.
1663 5726 1708 5758 ⁸¹
1748 5724 1925 5782 ICor.
1960 5743 2019 5788 ιι,
2055 5723 2141 5779 18.
2227 5724 2275 5756 ⁸¹
2313 5722 2419 5777 lsa.
2457 5738 2512 5786 ι,
2546 5722 2602 5778 ι.
2695 5723 2742 5756 ³³
2783 5723 2916 5779 ibid.
2951 5722 3037 5780 10.

1695 5795 1878 5869 ”_Jer.
1919 5812 1990 5863 ιι,
2021 5794 2113 5850 28.
2188 5793 2232 5828 ¹⁹
2272 5794 2377 5850 Isa.
2413 5793 2658 5861 1:11.19.

1981 4589 2252 4642 civitatum
2289 4597 2503 4641 tuarum
2534 4595 2685 4640 erant
2717 4584 2796 4640 dii
2836 4588 2934 4653 tui,
2971 4586 3152 4653 Juda,
3185 4598 3238 4643 et
3262 4589 3549 4643 secundum

1982 4695 2257 4733 numerum
2315 4677 2573 4732 biviorum
2647 4675 2947 4732 Jerusalem
3006 4678 3384 4748 sacriﬁcabant
3451 4681 3555 4747 ipsi

1980 4770 2121 4825 Baal
2150 4770 2217 4832 ⁸⁸.
2246 4769 2340 4841 qui
2374 4768 2491 4823 ﬁeri
2519 4779 2699 4839 potest
2726 4768 2869 4824 hanc
2895 4768 3003 4822 dici
3031 4765 3273 4822 Iudaeam
3310 4786 3431 4839 quae
3458 4785 3553 4826 no-

1980 4861 2157 4915 titiam
2189 4860 2284 4915 Dei
2319 4860 2607 4915 obtineat?
2635 4859 2749 4914 Cnr
2775 4861 2906 4915 item
2931 4874 3042 4914 non
3076 4858 3231 4915 dicas
3261 4857 3550 4933 Egyptia-

1978 4969 2099 5008 rum
2131 4954 2406 5023 regionem
2435 4967 2501 5008 eo
2530 4953 2794 5008 vocabulo
2821 4953 3070 5023 dignam,
3102 4952 3169 5007 de
3199 4968 3306 5023 qua
3342 4954 3550 5010 dictum

1978 5054 2095 5111 est,
2138 5042 2209 5097 Et
2235 5044 2336 5098 erit
2365 5043 2534 5098 altare
2565 5043 2788 5098 Domino
2823 5044 2876 5097 in
2910 5052 3051 5096 terra
3093 5041 3318 5113 zEgypti
3344 5044 3429 5111 ”;
3482 5060 3549 5098 ac

1980 5150 2170 5192 rursus
2191 5179 2204 5200 .
2254 5135 2323 5189 Et
2350 5145 2507 5190 notus
2553 5136 2652 5189 erit
2696 5133 2953 5188 Dominus
2981 5132 3252 5203 AEgyptiis
3275 5136 3302 5190 ?
3332 5132 3467 5188 Nam
3500 5137 3549 5190 si

1976 5244 2146 5299 penes
2183 5244 2279 5283 eos
2310 5229 2511 5300 quibus
2546 5235 2708 5283 notus
2744 5234 2829 5283 est
2863 5225 3006 5282 Deus
3034 5224 3222 5281 Iudaea
3250 5225 3545 5295 reperitur,

1977 5317 2109 5389 quid
2155 5318 2414 5388 impediat
2457 5318 2752 5388 quominus
2799 5331 2993 5373 omnes
3040 5316 3136 5387 qui
3178 5315 3546 5386 cognitionem

1978 5408 2073 5466 Dei
2103 5418 2431 5481 acceperunt
2454 5409 2511 5464 in
2530 5408 2865 5469 Judaeaesse
2893 5407 3191 5463 dicantur?
3215 5405 3396 5474 Quare
3421 5422 3549 5462 con-

1977 5512 2266 5574 sequenter
2293 5502 2361 5558 ad
2386 5501 2604 5567 istbaac,
2629 5500 2876 5557 Ecclesia
2905 5499 2998 5555 Dei
3028 5515 3127 5571 per
3151 5506 3329 5556 totum
3357 5500 3546 5556 orbem

3137 5723 3185 5757 “
3224 5721 3450 5780 Malach.
3488 5738 3508 5779 ι
3525 5764 3544 5792 ,
