  <div class='ocr_page' id='page_1' title='image "/cluster/home/n/w/nwhite01/storage/ocr_20150623/23:no.5/coo.31924054873033/455.png"; bbox 0 0 4066 6434; ppageno 0'>
   <div class='ocr_carea' id='block_1_1' title="bbox 509 381 624 438">
    <p class='ocr_par' dir='ltr' id='par_1_1' title="bbox 509 381 624 438">
     <span class='ocr_line' id='line_1_1' title="bbox 509 381 624 438; baseline -0.009 0"><span class='ocrx_word' id='word_1_1' title='bbox 509 381 624 438; x_wconf 60' lang='grc'><strong>879</strong></span> 
     </span>
    </p>
   </div>
   <div class='ocr_carea' id='block_1_2' title="bbox 1209 377 3043 443">
    <p class='ocr_par' dir='ltr' id='par_1_2' title="bbox 1209 377 3043 443">
     <span class='ocr_line' id='line_1_2' title="bbox 1209 377 3043 443; baseline 0.003 -9"><span class='ocrx_word' id='word_1_2' title='bbox 1209 377 1476 434; x_wconf 73' lang='lat' dir='ltr'><strong>EUSEBII</strong></span> <span class='ocrx_word' id='word_1_3' title='bbox 1513 377 1990 435; x_wconf 65' lang='lat' dir='ltr'><strong>CESARIENSIS</strong></span> <span class='ocrx_word' id='word_1_4' title='bbox 2025 379 2170 440; x_wconf 84' lang='lat' dir='ltr'><strong>OPP.</strong></span> <span class='ocrx_word' id='word_1_5' title='bbox 2219 383 2395 441; x_wconf 77' lang='lat' dir='ltr'><strong>PARS</strong></span> <span class='ocrx_word' id='word_1_6' title='bbox 2429 383 2518 443; x_wconf 83' lang='lat' dir='ltr'><strong>Ill.</strong></span> <span class='ocrx_word' id='word_1_7' title='bbox 2545 415 2613 427; x_wconf 93' lang='lat'><em>—</em></span> <span class='ocrx_word' id='word_1_8' title='bbox 2636 381 3043 440; x_wconf 81' lang='lat' dir='ltr'><strong>EXEGETICA.</strong></span> 
     </span>
    </p>
   </div>
   <div class='ocr_carea' id='block_1_3' title="bbox 3637 385 3745 442">
    <p class='ocr_par' dir='ltr' id='par_1_3' title="bbox 3637 385 3745 442">
     <span class='ocr_line' id='line_1_3' title="bbox 3637 385 3745 442; baseline 0.009 -1"><span class='ocrx_word' id='word_1_9' title='bbox 3637 385 3745 442; x_wconf 84' lang='lat'><strong>880</strong></span> 
     </span>
    </p>
   </div>
   <div class='ocr_carea' id='block_1_4' title="bbox 509 495 2043 572">
    <p class='ocr_par' dir='ltr' id='par_1_4' title="bbox 509 495 2040 570">
     <span class='ocr_line' id='line_1_4' title="bbox 509 495 2040 570; baseline -0.004 -12"><span class='ocrx_word' id='word_1_10' title='bbox 509 500 804 558; x_wconf 83' lang='lat' dir='ltr'><strong>constituta</strong></span> <span class='ocrx_word' id='word_1_11' title='bbox 825 541 838 566; x_wconf 90' lang='lat'><strong>,</strong></span> <span class='ocrx_word' id='word_1_12' title='bbox 866 499 924 555; x_wconf 90' lang='lat' dir='ltr'><strong>ln</strong></span> <span class='ocrx_word' id='word_1_13' title='bbox 949 513 1055 570; x_wconf 83' lang='lat' dir='ltr'><strong>qua</strong></span> <span class='ocrx_word' id='word_1_14' title='bbox 1073 497 1178 568; x_wconf 83' lang='lat' dir='ltr'><strong>qui</strong></span> <span class='ocrx_word' id='word_1_15' title='bbox 1210 507 1295 553; x_wconf 90' lang='lat' dir='ltr'><strong>est</strong></span> <span class='ocrx_word' id='word_1_16' title='bbox 1329 513 1494 568; x_wconf 83' lang='lat' dir='ltr'><strong>super</strong></span> <span class='ocrx_word' id='word_1_17' title='bbox 1524 498 1707 553; x_wconf 88' lang='lat' dir='ltr'><strong>omnia</strong></span> <span class='ocrx_word' id='word_1_18' title='bbox 1738 495 1880 553; x_wconf 85' lang='lat' dir='ltr'><strong>Deus</strong></span> <span class='ocrx_word' id='word_1_19' title='bbox 1909 505 2040 553; x_wconf 91' lang='lat' dir='ltr'><strong>notu</strong></span> 
     </span>
    </p>
   </div>
   <div class='ocr_carea' id='block_1_5' title="bbox 2142 495 3745 572">
    <p class='ocr_par' dir='ltr' id='par_1_5' title="bbox 2142 495 3745 572">
     <span class='ocr_line' id='line_1_5' title="bbox 2142 495 3745 572; baseline -0.001 -18"><span class='ocrx_word' id='word_1_20' title='bbox 2142 552 2145 559; x_wconf 83' lang='grc'><strong>,</strong></span> <span class='ocrx_word' id='word_1_21' title='bbox 2174 501 2272 554; x_wconf 81' lang='grc' dir='ltr'><strong>οὐκ</strong></span> <span class='ocrx_word' id='word_1_22' title='bbox 2302 501 2368 555; x_wconf 80' lang='grc' dir='ltr'><strong>ἂν</strong></span> <span class='ocrx_word' id='word_1_23' title='bbox 2393 502 2566 564; x_wconf 87' lang='grc' dir='ltr'><strong>εῐποις</strong></span> <span class='ocrx_word' id='word_1_24' title='bbox 2600 499 2698 571; x_wconf 83' lang='grc' dir='ltr'><strong>τὴν</strong></span> <span class='ocrx_word' id='word_1_25' title='bbox 2726 498 3033 568; x_wconf 74' lang='grc' dir='ltr'><strong>Αἰγυπτίων</strong></span> <span class='ocrx_word' id='word_1_26' title='bbox 3064 496 3245 569; x_wconf 82' lang='grc' dir='ltr'><strong>χώραν</strong></span> <span class='ocrx_word' id='word_1_27' title='bbox 3271 495 3427 562; x_wconf 79' lang='grc' dir='ltr'><strong>ἀξίαν</strong></span> <span class='ocrx_word' id='word_1_28' title='bbox 3449 497 3548 569; x_wconf 83' lang='grc' dir='ltr'><strong>τῆς</strong></span> <span class='ocrx_word' id='word_1_29' title='bbox 3573 516 3745 572; x_wconf 86' lang='grc' dir='ltr'><strong>προσ-</strong></span> 
     </span>
    </p>
   </div>
   <div class='ocr_carea' id='block_1_6' title="bbox 506 586 2043 663">
    <p class='ocr_par' dir='ltr' id='par_1_6' title="bbox 506 587 2041 660">
     <span class='ocr_line' id='line_1_6' title="bbox 506 587 2041 660; baseline -0.004 -11"><span class='ocrx_word' id='word_1_30' title='bbox 506 603 590 650; x_wconf 84' lang='lat' dir='ltr'><strong>est</strong></span> <span class='ocrx_word' id='word_1_31' title='bbox 613 634 627 656; x_wconf 93' lang='lat'><strong>,</strong></span> <span class='ocrx_word' id='word_1_32' title='bbox 661 591 847 647; x_wconf 68' lang='lat' dir='ltr'><strong>Iudaea</strong></span> <span class='ocrx_word' id='word_1_33' title='bbox 880 597 1243 660; x_wconf 72' lang='lat' dir='ltr'><strong>congruenter</strong></span> <span class='ocrx_word' id='word_1_34' title='bbox 1273 589 1384 644; x_wconf 90' lang='lat' dir='ltr'><strong>dici</strong></span> <span class='ocrx_word' id='word_1_35' title='bbox 1413 590 1608 660; x_wconf 77' lang='lat' dir='ltr'><strong>possit.</strong></span> <span class='ocrx_word' id='word_1_36' title='bbox 1641 587 1828 659; x_wconf 84' lang='lat' dir='ltr'><strong>Neque</strong></span> <span class='ocrx_word' id='word_1_37' title='bbox 1853 589 2041 644; x_wconf 90' lang='lat' dir='ltr'><strong>aberre</strong></span> 
     </span>
    </p>
   </div>
   <div class='ocr_carea' id='block_1_7' title="bbox 2142 586 3747 663">
    <p class='ocr_par' dir='ltr' id='par_1_7' title="bbox 2172 586 3747 663">
     <span class='ocr_line' id='line_1_7' title="bbox 2172 586 3747 663; baseline 0.001 -19"><span class='ocrx_word' id='word_1_38' title='bbox 2172 593 2420 663; x_wconf 88' lang='grc' dir='ltr'><strong>ηγορίας,</strong></span> <span class='ocrx_word' id='word_1_39' title='bbox 2449 591 2578 662; x_wconf 82' lang='grc' dir='ltr'><strong>περί</strong></span> <span class='ocrx_word' id='word_1_40' title='bbox 2609 586 2678 662; x_wconf 85' lang='grc' dir='ltr'><strong>ἦς</strong></span> <span class='ocrx_word' id='word_1_41' title='bbox 2704 589 2935 663; x_wconf 80' lang='grc' dir='ltr'><strong>εἴρηται·</strong></span> <span class='ocrx_word' id='word_1_42' title='bbox 2970 589 3080 644; x_wconf 87' lang='lat' dir='ltr'><strong>Kal</strong></span> <span class='ocrx_word' id='word_1_43' title='bbox 3111 588 3282 643; x_wconf 74' lang='grc' dir='ltr'><strong>ἔσται</strong></span> <span class='ocrx_word' id='word_1_44' title='bbox 3309 591 3747 658; x_wconf 71' lang='grc' dir='ltr'><strong>θυσιαστήριον</strong></span> 
     </span>
    </p>
   </div>
   <div class='ocr_carea' id='block_1_8' title="bbox 507 676 2043 752">
    <p class='ocr_par' dir='ltr' id='par_1_8' title="bbox 507 679 2043 750">
     <span class='ocr_line' id='line_1_8' title="bbox 507 679 2043 750; baseline -0.006 -8"><span class='ocrx_word' id='word_1_45' title='bbox 507 690 554 742; x_wconf 88' lang='lat' dir='ltr'><strong>si</strong></span> <span class='ocrx_word' id='word_1_46' title='bbox 586 686 739 742; x_wconf 90' lang='lat' dir='ltr'><strong>dicas</strong></span> <span class='ocrx_word' id='word_1_47' title='bbox 780 683 1025 739; x_wconf 81' lang='lat' dir='ltr'><strong>Judaeam</strong></span> <span class='ocrx_word' id='word_1_48' title='bbox 1049 697 1201 750; x_wconf 83' lang='lat' dir='ltr'><strong>esse,</strong></span> <span class='ocrx_word' id='word_1_49' title='bbox 1235 689 1405 736; x_wconf 90' lang='lat' dir='ltr'><strong>totam</strong></span> <span class='ocrx_word' id='word_1_50' title='bbox 1438 680 1703 736; x_wconf 89' lang='lat' dir='ltr'><strong>divinitus</strong></span> <span class='ocrx_word' id='word_1_51' title='bbox 1746 679 2043 750; x_wconf 89' lang='lat' dir='ltr'><strong>inspiratan</strong></span> 
     </span>
    </p>
   </div>
   <div class='ocr_carea' id='block_1_9' title="bbox 2142 676 3745 752">
    <p class='ocr_par' dir='ltr' id='par_1_9' title="bbox 2168 676 3745 752">
     <span class='ocr_line' id='line_1_9' title="bbox 2168 676 3745 752; baseline -0.001 -16"><span class='ocrx_word' id='word_1_52' title='bbox 2168 681 2249 746; x_wconf 80' lang='grc' dir='ltr'><strong>τῷ</strong></span> <span class='ocrx_word' id='word_1_53' title='bbox 2276 683 2471 752; x_wconf 83' lang='grc' dir='ltr'><strong>Κυρίῳ</strong></span> <span class='ocrx_word' id='word_1_54' title='bbox 2499 683 2568 736; x_wconf 86' lang='grc' dir='ltr'><strong>ἐν</strong></span> <span class='ocrx_word' id='word_1_55' title='bbox 2596 682 2756 752; x_wconf 84' lang='grc' dir='ltr'><strong>χώρᾳ</strong></span> <span class='ocrx_word' id='word_1_56' title='bbox 2783 682 3106 752; x_wconf 76' lang='grc' dir='ltr'><strong>Αἰγύπτου·</strong></span> <span class='ocrx_word' id='word_1_57' title='bbox 3136 681 3230 736; x_wconf 80' lang='grc' dir='ltr'><strong>καὶ</strong></span> <span class='ocrx_word' id='word_1_58' title='bbox 3254 676 3428 744; x_wconf 68' lang='grc' dir='ltr'><strong>αὖθις*</strong></span> <span class='ocrx_word' id='word_1_59' title='bbox 3457 681 3569 734; x_wconf 84' lang='lat' dir='ltr'><strong>Kal</strong></span> <span class='ocrx_word' id='word_1_60' title='bbox 3593 698 3745 750; x_wconf 74' lang='grc' dir='ltr'><strong>γνω-</strong></span> 
     </span>
    </p>
   </div>
   <div class='ocr_carea' id='block_1_10' title="bbox 505 771 2072 844">
    <p class='ocr_par' dir='ltr' id='par_1_10' title="bbox 505 771 2072 844">
     <span class='ocr_line' id='line_1_10' title="bbox 505 771 2072 844; baseline -0.005 -12"><span class='ocrx_word' id='word_1_61' title='bbox 505 787 561 833; x_wconf 89' lang='lat' dir='ltr'><strong>et</strong></span> <span class='ocrx_word' id='word_1_62' title='bbox 590 775 874 832; x_wconf 85' lang='lat' dir='ltr'><strong>Judaicam</strong></span> <span class='ocrx_word' id='word_1_63' title='bbox 907 774 1265 844; x_wconf 76' lang='lat' dir='ltr'><strong>scripturam,</strong></span> <span class='ocrx_word' id='word_1_64' title='bbox 1291 788 1412 844; x_wconf 65' lang='lat' dir='ltr'><strong>qua:</strong></span> <span class='ocrx_word' id='word_1_65' title='bbox 1438 787 1536 828; x_wconf 88' lang='lat' dir='ltr'><strong>ceu</strong></span> <span class='ocrx_word' id='word_1_66' title='bbox 1569 771 1844 842; x_wconf 82' lang='lat' dir='ltr'><strong>possessio</strong></span> <span class='ocrx_word' id='word_1_67' title='bbox 1872 778 1928 825; x_wconf 91' lang='lat' dir='ltr'><strong>et</strong></span> <span class='ocrx_word' id='word_1_68' title='bbox 1954 785 2072 825; x_wconf 89' lang='lat' dir='ltr'><strong>am-</strong></span> 
     </span>
    </p>
   </div>
   <div class='ocr_carea' id='block_1_11' title="bbox 2167 771 3741 845">
    <p class='ocr_par' dir='ltr' id='par_1_11' title="bbox 2167 771 3741 845">
     <span class='ocr_line' id='line_1_11' title="bbox 2167 771 3741 845; baseline 0 -19"><span class='ocrx_word' id='word_1_69' title='bbox 2167 771 2315 839; x_wconf 87' lang='grc' dir='ltr'><strong>στὸς</strong></span> <span class='ocrx_word' id='word_1_70' title='bbox 2339 773 2510 827; x_wconf 72' lang='grc' dir='ltr'><strong>ἔσται</strong></span> <span class='ocrx_word' id='word_1_71' title='bbox 2538 774 2752 844; x_wconf 86' lang='grc' dir='ltr'><strong>Κύριος</strong></span> <span class='ocrx_word' id='word_1_72' title='bbox 2787 773 2912 839; x_wconf 76' lang='grc' dir='ltr'><strong>τοῖς</strong></span> <span class='ocrx_word' id='word_1_73' title='bbox 2951 773 3324 841; x_wconf 74' lang='grc' dir='ltr'><strong>Αἰγυπτίοις;</strong></span> <span class='ocrx_word' id='word_1_74' title='bbox 3353 774 3416 826; x_wconf 87' lang='lat' dir='ltr'><strong>El</strong></span> <span class='ocrx_word' id='word_1_75' title='bbox 3461 772 3571 845; x_wconf 85' lang='grc' dir='ltr'><strong>γὰρ</strong></span> <span class='ocrx_word' id='word_1_76' title='bbox 3610 773 3741 844; x_wconf 81' lang='grc' dir='ltr'><strong>παρ’</strong></span> 
     </span>
    </p>
   </div>
   <div class='ocr_carea' id='block_1_12' title="bbox 503 858 2043 938">
    <p class='ocr_par' dir='ltr' id='par_1_12' title="bbox 503 861 2043 935">
     <span class='ocr_line' id='line_1_12' title="bbox 503 861 2043 935; baseline -0.006 -11"><span class='ocrx_word' id='word_1_77' title='bbox 503 867 654 925; x_wconf 83' lang='lat' dir='ltr'><strong>bitus</strong></span> <span class='ocrx_word' id='word_1_78' title='bbox 687 869 799 924; x_wconf 87' lang='lat' dir='ltr'><strong>veri</strong></span> <span class='ocrx_word' id='word_1_79' title='bbox 831 867 1048 923; x_wconf 88' lang='lat' dir='ltr'><strong>lsraelis</strong></span> <span class='ocrx_word' id='word_1_80' title='bbox 1081 865 1389 935; x_wconf 86' lang='lat' dir='ltr'><strong>nuncupari</strong></span> <span class='ocrx_word' id='word_1_81' title='bbox 1431 871 1643 934; x_wconf 94' lang='lat' dir='ltr'><strong>potest,</strong></span> <span class='ocrx_word' id='word_1_82' title='bbox 1687 863 1817 934; x_wconf 87' lang='lat' dir='ltr'><strong>quia</strong></span> <span class='ocrx_word' id='word_1_83' title='bbox 1858 863 1912 917; x_wconf 91' lang='lat' dir='ltr'><strong>in</strong></span> <span class='ocrx_word' id='word_1_84' title='bbox 1949 861 2043 932; x_wconf 85' lang='lat' dir='ltr'><strong>ips:</strong></span> 
     </span>
    </p>
   </div>
   <div class='ocr_carea' id='block_1_13' title="bbox 2142 858 3820 938">
    <p class='ocr_par' dir='ltr' id='par_1_13' title="bbox 2164 858 3820 938">
     <span class='ocr_line' id='line_1_13' title="bbox 2164 858 3820 938; baseline 0.002 -21"><span class='ocrx_word' id='word_1_85' title='bbox 2164 858 2246 927; x_wconf 77' lang='grc' dir='ltr'><strong>οἷς</strong></span> <span class='ocrx_word' id='word_1_86' title='bbox 2269 865 2508 933; x_wconf 88' lang='grc' dir='ltr'><strong>γνωστός</strong></span> <span class='ocrx_word' id='word_1_87' title='bbox 2536 867 2682 918; x_wconf 79' lang='grc' dir='ltr'><strong>ἐστιν</strong></span> <span class='ocrx_word' id='word_1_88' title='bbox 2702 866 2730 918; x_wconf 99' lang='lat'><strong>6</strong></span> <span class='ocrx_word' id='word_1_89' title='bbox 2752 863 2883 928; x_wconf 83' lang='grc' dir='ltr'><strong>Θεὸς</strong></span> <span class='ocrx_word' id='word_1_90' title='bbox 2911 864 3062 936; x_wconf 87' lang='grc' dir='ltr'><strong>παρά</strong></span> <span class='ocrx_word' id='word_1_91' title='bbox 3081 865 3290 930; x_wconf 82' lang='grc' dir='ltr'><strong>τούτοις</strong></span> <span class='ocrx_word' id='word_1_92' title='bbox 3321 868 3414 921; x_wconf 82' lang='grc' dir='ltr'><strong>καὶ</strong></span> <span class='ocrx_word' id='word_1_93' title='bbox 3438 867 3473 938; x_wconf 79' lang='grc' dir='ltr'><strong>ἡ</strong></span> <span class='ocrx_word' id='word_1_94' title='bbox 3511 867 3742 920; x_wconf 81' lang='grc' dir='ltr'><strong>Ἰουδαία</strong></span> <span class='ocrx_word' id='word_1_95' title='bbox 3817 889 3820 893; x_wconf 94' lang='grc'><strong>·</strong></span> 
     </span>
    </p>
   </div>
   <div class='ocr_carea' id='block_1_14' title="bbox 505 953 2066 1030">
    <p class='ocr_par' dir='ltr' id='par_1_14' title="bbox 505 953 2066 1030">
     <span class='ocr_line' id='line_1_14' title="bbox 505 953 2066 1030; baseline -0.003 -16"><span class='ocrx_word' id='word_1_96' title='bbox 505 960 747 1030; x_wconf 78' lang='lat' dir='ltr'><strong>cognitio</strong></span> <span class='ocrx_word' id='word_1_97' title='bbox 770 957 865 1013; x_wconf 88' lang='lat' dir='ltr'><strong>Dei</strong></span> <span class='ocrx_word' id='word_1_98' title='bbox 892 958 1223 1013; x_wconf 85' lang='lat' dir='ltr'><strong>continetur.</strong></span> <span class='ocrx_word' id='word_1_99' title='bbox 1254 954 1381 1011; x_wconf 88' lang='lat' dir='ltr'><strong>Pari</strong></span> <span class='ocrx_word' id='word_1_100' title='bbox 1410 955 1594 1026; x_wconf 86' lang='lat' dir='ltr'><strong>itaque</strong></span> <span class='ocrx_word' id='word_1_101' title='bbox 1626 954 1786 1009; x_wconf 91' lang='lat' dir='ltr'><strong>modo</strong></span> <span class='ocrx_word' id='word_1_102' title='bbox 1816 969 1941 1010; x_wconf 88' lang='lat' dir='ltr'><strong>vera</strong></span> <span class='ocrx_word' id='word_1_103' title='bbox 1969 953 2066 1009; x_wconf 86' lang='lat' dir='ltr'><strong>Ju-</strong></span> 
     </span>
    </p>
   </div>
   <div class='ocr_carea' id='block_1_15' title="bbox 503 1049 1470 1119">
    <p class='ocr_par' dir='ltr' id='par_1_15' title="bbox 503 1049 1470 1119">
     <span class='ocr_line' id='line_1_15' title="bbox 503 1049 1470 1119; baseline -0.001 -16"><span class='ocrx_word' id='word_1_104' title='bbox 503 1052 618 1105; x_wconf 69' lang='lat' dir='ltr'><strong>daaa</strong></span> <span class='ocrx_word' id='word_1_105' title='bbox 652 1059 706 1106; x_wconf 86' lang='lat' dir='ltr'><strong>et</strong></span> <span class='ocrx_word' id='word_1_106' title='bbox 737 1066 898 1106; x_wconf 86' lang='lat' dir='ltr'><strong>verus</strong></span> <span class='ocrx_word' id='word_1_107' title='bbox 925 1049 1089 1105; x_wconf 90' lang='lat' dir='ltr'><strong>Israel</strong></span> <span class='ocrx_word' id='word_1_108' title='bbox 1119 1049 1470 1119; x_wconf 78' lang='lat' dir='ltr'><strong>intelligatur.</strong></span> 
     </span>
    </p>
   </div>
   <div class='ocr_carea' id='block_1_16' title="bbox 2166 953 3741 1027">
    <p class='ocr_par' dir='ltr' id='par_1_16' title="bbox 2166 953 3741 1027">
     <span class='ocr_line' id='line_1_16' title="bbox 2166 953 3741 1027; baseline 0.003 -21"><span class='ocrx_word' id='word_1_109' title='bbox 2166 956 2440 1026; x_wconf 84' lang='grc' dir='ltr'><strong>τυγχάνει,</strong></span> <span class='ocrx_word' id='word_1_110' title='bbox 2482 955 2534 1009; x_wconf 87' lang='grc' dir='ltr'><strong>τί</strong></span> <span class='ocrx_word' id='word_1_111' title='bbox 2569 953 2630 1008; x_wconf 91' lang='grc' dir='ltr'><strong>τὸ</strong></span> <span class='ocrx_word' id='word_1_112' title='bbox 2673 953 2878 1007; x_wconf 88' lang='grc' dir='ltr'><strong>κωλῦον</strong></span> <span class='ocrx_word' id='word_1_113' title='bbox 2908 954 2982 1025; x_wconf 79' lang='grc' dir='ltr'><strong>μὴ</strong></span> <span class='ocrx_word' id='word_1_114' title='bbox 3021 954 3226 1020; x_wconf 80' lang='grc' dir='ltr'><strong>πάντας</strong></span> <span class='ocrx_word' id='word_1_115' title='bbox 3255 956 3382 1019; x_wconf 81' lang='grc' dir='ltr'><strong>τοὺς</strong></span> <span class='ocrx_word' id='word_1_116' title='bbox 3410 957 3509 1027; x_wconf 80' lang='grc' dir='ltr'><strong>τὴν</strong></span> <span class='ocrx_word' id='word_1_117' title='bbox 3539 957 3741 1025; x_wconf 85' lang='grc' dir='ltr'><strong>γνῶσιν</strong></span> 
     </span>
    </p>
   </div>
   <div class='ocr_carea' id='block_1_17' title="bbox 2168 1045 3738 1121">
    <p class='ocr_par' dir='ltr' id='par_1_17' title="bbox 2168 1045 3738 1121">
     <span class='ocr_line' id='line_1_17' title="bbox 2168 1045 3738 1121; baseline 0.001 -21"><span class='ocrx_word' id='word_1_118' title='bbox 2168 1045 2522 1118; x_wconf 81' lang='grc' dir='ltr'><strong>ἀνειληφότας</strong></span> <span class='ocrx_word' id='word_1_119' title='bbox 2552 1047 2646 1101; x_wconf 91' lang='grc' dir='ltr'>τοῦ</span> <span class='ocrx_word' id='word_1_120' title='bbox 2677 1047 2811 1101; x_wconf 93' lang='grc' dir='ltr'>Θεοῦ</span> <span class='ocrx_word' id='word_1_121' title='bbox 2843 1049 2900 1100; x_wconf 85' lang='grc' dir='ltr'><strong>ὲν</strong></span> <span class='ocrx_word' id='word_1_122' title='bbox 2927 1050 2992 1119; x_wconf 80' lang='grc' dir='ltr'><strong>τῇ</strong></span> <span class='ocrx_word' id='word_1_123' title='bbox 3039 1049 3265 1121; x_wconf 68' lang='grc' dir='ltr'><strong>Ἰουδαία</strong></span> <span class='ocrx_word' id='word_1_124' title='bbox 3286 1045 3424 1103; x_wconf 85' lang='grc' dir='ltr'><strong>εῐναι</strong></span> <span class='ocrx_word' id='word_1_125' title='bbox 3453 1049 3738 1118; x_wconf 87' lang='grc' dir='ltr'><strong>λέγεσθαι;</strong></span> 
     </span>
    </p>
   </div>
   <div class='ocr_carea' id='block_1_18' title="bbox 501 1136 3740 1215">
    <p class='ocr_par' dir='ltr' id='par_1_18' title="bbox 501 1136 3740 1215">
     <span class='ocr_line' id='line_1_18' title="bbox 501 1136 3740 1215; baseline -0.001 -16"><span class='ocrx_word' id='word_1_126' title='bbox 501 1147 724 1210; x_wconf 76' lang='grc' dir='ltr'><strong>Τούτοις</strong></span> <span class='ocrx_word' id='word_1_127' title='bbox 756 1142 847 1200; x_wconf 83' lang='grc' dir='ltr'><strong>οὖν</strong></span> <span class='ocrx_word' id='word_1_128' title='bbox 879 1145 1154 1212; x_wconf 79' lang='grc' dir='ltr'><strong>ἀναλόγως</strong></span> <span class='ocrx_word' id='word_1_129' title='bbox 1185 1144 1280 1198; x_wconf 73' lang='grc' dir='ltr'><strong>καὶ</strong></span> <span class='ocrx_word' id='word_1_130' title='bbox 1315 1146 1349 1214; x_wconf 78' lang='grc' dir='ltr'><strong>ἡ</strong></span> <span class='ocrx_word' id='word_1_131' title='bbox 1383 1143 1504 1197; x_wconf 84' lang='grc' dir='ltr'><strong>καθ’</strong></span> <span class='ocrx_word' id='word_1_132' title='bbox 1527 1142 1655 1214; x_wconf 81' lang='grc' dir='ltr'><strong>ὅλης</strong></span> <span class='ocrx_word' id='word_1_133' title='bbox 1687 1141 1786 1212; x_wconf 82' lang='grc' dir='ltr'><strong>τῆς</strong></span> <span class='ocrx_word' id='word_1_134' title='bbox 1815 1139 2137 1212; x_wconf 78' lang='grc' dir='ltr'><strong>οἰκουμένης</strong></span> <span class='ocrx_word' id='word_1_135' title='bbox 2169 1141 2465 1214; x_wconf 83' lang='grc' dir='ltr'><strong>Ἐκκλησία</strong></span> <span class='ocrx_word' id='word_1_136' title='bbox 2490 1142 2644 1208; x_wconf 87' lang='grc' dir='ltr'>Θεοῦ,</span> <span class='ocrx_word' id='word_1_137' title='bbox 2671 1136 2788 1215; x_wconf 79' lang='grc' dir='ltr'><strong>ένῇ</strong></span> <span class='ocrx_word' id='word_1_138' title='bbox 2849 1143 2879 1194; x_wconf 89' lang='lat'><strong>6</strong></span> <span class='ocrx_word' id='word_1_139' title='bbox 2914 1143 3008 1196; x_wconf 74' lang='grc' dir='ltr'><strong>ἐπὶ</strong></span> <span class='ocrx_word' id='word_1_140' title='bbox 3062 1144 3277 1198; x_wconf 88' lang='grc' dir='ltr'><strong>πάντων</strong></span> <span class='ocrx_word' id='word_1_141' title='bbox 3305 1143 3434 1206; x_wconf 94' lang='grc' dir='ltr'><strong>Θεὸς</strong></span> <span class='ocrx_word' id='word_1_142' title='bbox 3497 1144 3740 1212; x_wconf 78' lang='grc' dir='ltr'><strong>γνωστὸς</strong></span> 
     </span>
    </p>
   </div>
   <div class='ocr_carea' id='block_1_19' title="bbox 500 1232 3740 1310">
    <p class='ocr_par' dir='ltr' id='par_1_19' title="bbox 500 1232 3740 1310">
     <span class='ocr_line' id='line_1_19' title="bbox 500 1232 3740 1310; baseline -0 -19"><span class='ocrx_word' id='word_1_143' title='bbox 500 1237 576 1292; x_wconf 80' lang='grc' dir='ltr'><strong>ὢν</strong></span> <span class='ocrx_word' id='word_1_144' title='bbox 607 1239 881 1310; x_wconf 82' lang='grc' dir='ltr'><strong>τυγχάνει,</strong></span> <span class='ocrx_word' id='word_1_145' title='bbox 924 1237 1152 1292; x_wconf 86' lang='grc' dir='ltr'><strong>Ἰουδαία</strong></span> <span class='ocrx_word' id='word_1_146' title='bbox 1178 1253 1238 1289; x_wconf 87' lang='grc' dir='ltr'><strong>τε</strong></span> <span class='ocrx_word' id='word_1_147' title='bbox 1267 1235 1502 1304; x_wconf 77' lang='grc' dir='ltr'><strong>εὐλόγως</strong></span> <span class='ocrx_word' id='word_1_148' title='bbox 1532 1234 1598 1288; x_wconf 83' lang='grc' dir='ltr'><strong>ἀν</strong></span> <span class='ocrx_word' id='word_1_149' title='bbox 1637 1233 1847 1305; x_wconf 80' lang='grc' dir='ltr'><strong>ῥηθείη.</strong></span> <span class='ocrx_word' id='word_1_150' title='bbox 1910 1233 2021 1288; x_wconf 83' lang='grc' dir='ltr'><strong>οὐκ</strong></span> <span class='ocrx_word' id='word_1_151' title='bbox 2076 1233 2140 1288; x_wconf 81' lang='grc' dir='ltr'><strong>ἂν</strong></span> <span class='ocrx_word' id='word_1_152' title='bbox 2173 1233 2229 1288; x_wconf 84' lang='grc' dir='ltr'><strong>δὲ</strong></span> <span class='ocrx_word' id='word_1_153' title='bbox 2260 1235 2527 1306; x_wconf 83' lang='grc' dir='ltr'><strong>ἁμάρτοις</strong></span> <span class='ocrx_word' id='word_1_154' title='bbox 2571 1235 2830 1291; x_wconf 83' lang='grc' dir='ltr'><strong>Ἰουδαίαν</strong></span> <span class='ocrx_word' id='word_1_155' title='bbox 2865 1232 3003 1291; x_wconf 75' lang='grc' dir='ltr'><strong>εἶναι</strong></span> <span class='ocrx_word' id='word_1_156' title='bbox 3049 1236 3223 1305; x_wconf 91' lang='grc' dir='ltr'><strong>λέγων</strong></span> <span class='ocrx_word' id='word_1_157' title='bbox 3270 1237 3451 1291; x_wconf 78' lang='grc' dir='ltr'><strong>πᾶσαν</strong></span> <span class='ocrx_word' id='word_1_158' title='bbox 3483 1237 3582 1308; x_wconf 82' lang='grc' dir='ltr'><strong>τὴν</strong></span> <span class='ocrx_word' id='word_1_159' title='bbox 3614 1235 3740 1290; x_wconf 83' lang='grc' dir='ltr'><strong>θεό-</strong></span> 
     </span>
    </p>
   </div>
   <div class='ocr_carea' id='block_1_20' title="bbox 499 1321 3740 1401">
    <p class='ocr_par' dir='ltr' id='par_1_20' title="bbox 499 1321 3740 1401">
     <span class='ocr_line' id='line_1_20' title="bbox 499 1321 3740 1401; baseline -0.002 -16"><span class='ocrx_word' id='word_1_160' title='bbox 499 1348 758 1385; x_wconf 83' lang='grc' dir='ltr'><strong>πνευστον</strong></span> <span class='ocrx_word' id='word_1_161' title='bbox 786 1333 880 1384; x_wconf 78' lang='grc' dir='ltr'><strong>καὶ</strong></span> <span class='ocrx_word' id='word_1_162' title='bbox 917 1329 1209 1401; x_wconf 82' lang='grc' dir='ltr'><strong>Ἰουδαῖκὴν</strong></span> <span class='ocrx_word' id='word_1_163' title='bbox 1257 1327 1498 1400; x_wconf 71' lang='grc' dir='ltr'><strong>Γραφὴν,</strong></span> <span class='ocrx_word' id='word_1_164' title='bbox 1548 1329 1732 1397; x_wconf 84' lang='grc' dir='ltr'><strong>κτῆμα</strong></span> <span class='ocrx_word' id='word_1_165' title='bbox 1757 1321 1920 1380; x_wconf 75' lang='grc' dir='ltr'><strong>οὖσαν</strong></span> <span class='ocrx_word' id='word_1_166' title='bbox 1964 1323 2058 1377; x_wconf 75' lang='grc' dir='ltr'><strong>καὶ</strong></span> <span class='ocrx_word' id='word_1_167' title='bbox 2095 1324 2170 1388; x_wconf 86' lang='grc' dir='ltr'><strong>ὡς</strong></span> <span class='ocrx_word' id='word_1_168' title='bbox 2196 1325 2501 1398; x_wconf 85' lang='grc' dir='ltr'><strong>περίχωρον</strong></span> <span class='ocrx_word' id='word_1_169' title='bbox 2525 1325 2618 1379; x_wconf 86' lang='grc' dir='ltr'>τοῦ</span> <span class='ocrx_word' id='word_1_170' title='bbox 2646 1325 2896 1398; x_wconf 79' lang='grc' dir='ltr'><strong>ἀληθινοῦ</strong></span> <span class='ocrx_word' id='word_1_171' title='bbox 2939 1326 3172 1398; x_wconf 83' lang='grc' dir='ltr'><strong>Ἰσραὴλ,</strong></span> <span class='ocrx_word' id='word_1_172' title='bbox 3201 1325 3288 1380; x_wconf 87' lang='grc' dir='ltr'><strong>διά</strong></span> <span class='ocrx_word' id='word_1_173' title='bbox 3325 1326 3398 1388; x_wconf 68' lang='grc' dir='ltr'><strong>ιτὸ</strong></span> <span class='ocrx_word' id='word_1_174' title='bbox 3443 1327 3542 1398; x_wconf 78' lang='grc' dir='ltr'><strong>τὴν</strong></span> <span class='ocrx_word' id='word_1_175' title='bbox 3593 1325 3740 1395; x_wconf 85' lang='grc' dir='ltr'><strong>γνῶ-</strong></span> 
     </span>
    </p>
   </div>
   <div class='ocr_carea' id='block_1_21' title="bbox 499 1414 3734 1497">
    <p class='ocr_par' dir='ltr' id='par_1_21' title="bbox 499 1414 3734 1497">
     <span class='ocr_line' id='line_1_21' title="bbox 499 1414 3734 1497; baseline -0.003 -16"><span class='ocrx_word' id='word_1_176' title='bbox 499 1445 584 1482; x_wconf 92' lang='grc' dir='ltr'><strong>σιν</strong></span> <span class='ocrx_word' id='word_1_177' title='bbox 619 1426 712 1479; x_wconf 87' lang='grc' dir='ltr'>τοῦ</span> <span class='ocrx_word' id='word_1_178' title='bbox 751 1425 882 1479; x_wconf 88' lang='grc' dir='ltr'>Θεοῦ</span> <span class='ocrx_word' id='word_1_179' title='bbox 913 1427 969 1478; x_wconf 83' lang='grc' dir='ltr'><strong>ὲν</strong></span> <span class='ocrx_word' id='word_1_180' title='bbox 1001 1426 1137 1496; x_wconf 80' lang='grc' dir='ltr'><strong>αύτῇ</strong></span> <span class='ocrx_word' id='word_1_181' title='bbox 1177 1422 1540 1497; x_wconf 83' lang='grc' dir='ltr'><strong>περιέχεσθαι.</strong></span> <span class='ocrx_word' id='word_1_182' title='bbox 1584 1421 1740 1475; x_wconf 83' lang='grc' dir='ltr'><strong>Οῦτω</strong></span> <span class='ocrx_word' id='word_1_183' title='bbox 1775 1421 1872 1492; x_wconf 84' lang='grc' dir='ltr'><strong>μὲν</strong></span> <span class='ocrx_word' id='word_1_184' title='bbox 1900 1414 1992 1474; x_wconf 86' lang='grc' dir='ltr'>οῦν</span> <span class='ocrx_word' id='word_1_185' title='bbox 2027 1419 2062 1492; x_wconf 85' lang='grc' dir='ltr'><strong>ἡ</strong></span> <span class='ocrx_word' id='word_1_186' title='bbox 2100 1418 2326 1493; x_wconf 81' lang='grc' dir='ltr'><strong>ἀληθινὴ</strong></span> <span class='ocrx_word' id='word_1_187' title='bbox 2364 1419 2591 1477; x_wconf 85' lang='grc' dir='ltr'><strong>Ἰουδαία</strong></span> <span class='ocrx_word' id='word_1_188' title='bbox 2622 1420 2718 1475; x_wconf 78' lang='grc' dir='ltr'><strong>καὶ</strong></span> <span class='ocrx_word' id='word_1_189' title='bbox 2777 1422 2806 1475; x_wconf 93' lang='lat'><strong>6</strong></span> <span class='ocrx_word' id='word_1_190' title='bbox 2837 1420 3085 1493; x_wconf 86' lang='grc' dir='ltr'><strong>ἀληθινὸς</strong></span> <span class='ocrx_word' id='word_1_191' title='bbox 3133 1419 3348 1492; x_wconf 78' lang='grc' dir='ltr'><strong>Ἰσραὴλ</strong></span> <span class='ocrx_word' id='word_1_192' title='bbox 3408 1420 3734 1493; x_wconf 84' lang='grc' dir='ltr'><strong>νοηθήσεται</strong></span> 
     </span>
    </p>
   </div>
   <div class='ocr_carea' id='block_1_22' title="bbox 496 1516 1206 1590">
    <p class='ocr_par' dir='ltr' id='par_1_22' title="bbox 496 1516 1206 1590">
     <span class='ocr_line' id='line_1_22' title="bbox 496 1516 1206 1590; baseline -0.003 -17"><span class='ocrx_word' id='word_1_193' title='bbox 496 1517 638 1573; x_wconf 85' lang='grc' dir='ltr'><strong>κατά</strong></span> <span class='ocrx_word' id='word_1_194' title='bbox 667 1518 755 1572; x_wconf 86' lang='grc' dir='ltr'><strong>τὸν</strong></span> <span class='ocrx_word' id='word_1_195' title='bbox 779 1518 959 1589; x_wconf 89' lang='grc' dir='ltr'><strong>ὅμοιον</strong></span> <span class='ocrx_word' id='word_1_196' title='bbox 989 1516 1206 1590; x_wconf 83' lang='grc' dir='ltr'><strong>τρόπον.</strong></span> 
     </span>
    </p>
   </div>
   <div class='ocr_carea' id='block_1_23' title="bbox 566 1630 2060 1706">
    <p class='ocr_par' dir='ltr' id='par_1_23' title="bbox 566 1630 2060 1706">
     <span class='ocr_line' id='line_1_23' title="bbox 566 1630 2060 1706; baseline -0.004 -16"><span class='ocrx_word' id='word_1_197' title='bbox 566 1634 735 1691; x_wconf 75' lang='lat' dir='ltr'><strong>Vsus.</strong></span> <span class='ocrx_word' id='word_1_198' title='bbox 766 1634 822 1690; x_wconf 74' lang='lat'><strong>3.</strong></span> <span class='ocrx_word' id='word_1_199' title='bbox 865 1633 1175 1706; x_wconf 88' lang='lat' dir='ltr'><strong>Perpendas</strong></span> <span class='ocrx_word' id='word_1_200' title='bbox 1217 1648 1348 1689; x_wconf 88' lang='lat' dir='ltr'><strong>vero</strong></span> <span class='ocrx_word' id='word_1_201' title='bbox 1390 1633 1662 1704; x_wconf 92' lang='lat' dir='ltr'><strong>quomodo</strong></span> <span class='ocrx_word' id='word_1_202' title='bbox 1690 1631 1862 1702; x_wconf 81' lang='lat' dir='ltr'><strong>factus</strong></span> <span class='ocrx_word' id='word_1_203' title='bbox 1894 1639 1971 1685; x_wconf 86' lang='lat' dir='ltr'><strong>est</strong></span> <span class='ocrx_word' id='word_1_204' title='bbox 2002 1630 2060 1684; x_wconf 84' lang='lat' dir='ltr'><strong>in</strong></span> 
     </span>
    </p>
   </div>
   <div class='ocr_carea' id='block_1_24' title="bbox 492 1718 2059 1798">
    <p class='ocr_par' dir='ltr' id='par_1_24' title="bbox 492 1718 2059 1798">
     <span class='ocr_line' id='line_1_24' title="bbox 492 1718 2059 1798; baseline -0.004 -18"><span class='ocrx_word' id='word_1_205' title='bbox 492 1741 620 1798; x_wconf 72' lang='lat' dir='ltr'><strong>pace</strong></span> <span class='ocrx_word' id='word_1_206' title='bbox 669 1725 814 1779; x_wconf 85' lang='lat' dir='ltr'><strong>locus</strong></span> <span class='ocrx_word' id='word_1_207' title='bbox 860 1723 974 1794; x_wconf 89' lang='lat' dir='ltr'><strong>ejus</strong></span> <span class='ocrx_word' id='word_1_208' title='bbox 995 1763 1010 1788; x_wconf 93' lang='lat'><strong>,</strong></span> <span class='ocrx_word' id='word_1_209' title='bbox 1050 1731 1101 1777; x_wconf 90' lang='lat' dir='ltr'><strong>et</strong></span> <span class='ocrx_word' id='word_1_210' title='bbox 1132 1722 1393 1778; x_wconf 78' lang='lat' dir='ltr'><strong>habitatio</strong></span> <span class='ocrx_word' id='word_1_211' title='bbox 1421 1724 1534 1793; x_wconf 88' lang='lat' dir='ltr'><strong>ejus</strong></span> <span class='ocrx_word' id='word_1_212' title='bbox 1561 1723 1618 1776; x_wconf 85' lang='lat' dir='ltr'><strong>in</strong></span> <span class='ocrx_word' id='word_1_213' title='bbox 1648 1720 1800 1778; x_wconf 85' lang='lat' dir='ltr'><strong>Sion.</strong></span> <span class='ocrx_word' id='word_1_214' title='bbox 1844 1718 1979 1774; x_wconf 87' lang='lat' dir='ltr'><strong>Nam</strong></span> <span class='ocrx_word' id='word_1_215' title='bbox 2009 1718 2059 1774; x_wconf 85' lang='lat' dir='ltr'><strong>si</strong></span> 
     </span>
    </p>
   </div>
   <div class='ocr_carea' id='block_1_25' title="bbox 2229 1623 3732 1700">
    <p class='ocr_par' dir='ltr' id='par_1_25' title="bbox 2229 1623 3732 1700">
     <span class='ocr_line' id='line_1_25' title="bbox 2229 1623 3732 1700; baseline 0.007 -23"><span class='ocrx_word' id='word_1_216' title='bbox 2229 1623 2464 1697; x_wconf 81' lang='grc' dir='ltr'><strong>Νοήσεις</strong></span> <span class='ocrx_word' id='word_1_217' title='bbox 2494 1625 2552 1680; x_wconf 81' lang='grc' dir='ltr'><strong>δὲ</strong></span> <span class='ocrx_word' id='word_1_218' title='bbox 2576 1626 2725 1690; x_wconf 78' lang='grc' dir='ltr'><strong>ὅπως</strong></span> <span class='ocrx_word' id='word_1_219' title='bbox 2751 1626 3002 1697; x_wconf 74' lang='grc' dir='ltr'><strong>ἐγενήθη</strong></span> <span class='ocrx_word' id='word_1_220' title='bbox 3031 1628 3102 1682; x_wconf 81' lang='grc' dir='ltr'><strong>ἐν</strong></span> <span class='ocrx_word' id='word_1_221' title='bbox 3131 1627 3336 1700; x_wconf 80' lang='grc' dir='ltr'><strong>εἰρήνῃ</strong></span> <span class='ocrx_word' id='word_1_222' title='bbox 3365 1631 3400 1684; x_wconf 86' lang='grc' dir='ltr'><strong>ό</strong></span> <span class='ocrx_word' id='word_1_223' title='bbox 3424 1630 3607 1699; x_wconf 80' lang='grc' dir='ltr'><strong>τόπος</strong></span> <span class='ocrx_word' id='word_1_224' title='bbox 3623 1635 3732 1689; x_wconf 84' lang='grc' dir='ltr'><strong>αὐ-</strong></span> 
     </span>
    </p>
   </div>
   <div class='ocr_carea' id='block_1_26' title="bbox 2159 1715 3731 1797">
    <p class='ocr_par' dir='ltr' id='par_1_26' title="bbox 2159 1715 3731 1797">
     <span class='ocr_line' id='line_1_26' title="bbox 2159 1715 3731 1797; baseline 0.007 -28"><span class='ocrx_word' id='word_1_225' title='bbox 2159 1715 2286 1782; x_wconf 84' lang='grc' dir='ltr'><strong>τοῦ,</strong></span> <span class='ocrx_word' id='word_1_226' title='bbox 2319 1715 2418 1770; x_wconf 85' lang='grc' dir='ltr'><strong>καί</strong></span> <span class='ocrx_word' id='word_1_227' title='bbox 2445 1717 2511 1772; x_wconf 88' lang='grc' dir='ltr'><strong>τὸ</strong></span> <span class='ocrx_word' id='word_1_228' title='bbox 2542 1718 2992 1788; x_wconf 76' lang='grc' dir='ltr'><strong>κατοικητήριον</strong></span> <span class='ocrx_word' id='word_1_229' title='bbox 3015 1719 3203 1775; x_wconf 85' lang='grc' dir='ltr'><strong>αὐτοῦ</strong></span> <span class='ocrx_word' id='word_1_230' title='bbox 3232 1721 3303 1774; x_wconf 83' lang='grc' dir='ltr'><strong>ἐν</strong></span> <span class='ocrx_word' id='word_1_231' title='bbox 3335 1721 3504 1776; x_wconf 85' lang='grc' dir='ltr'><strong>Σιών.</strong></span> <span class='ocrx_word' id='word_1_232' title='bbox 3532 1724 3596 1778; x_wconf 86' lang='grc' dir='ltr'><strong>Εἰ</strong></span> <span class='ocrx_word' id='word_1_233' title='bbox 3629 1725 3731 1797; x_wconf 87' lang='grc' dir='ltr'><strong>μὲν</strong></span> 
     </span>
    </p>
   </div>
   <div class='ocr_carea' id='block_1_27' title="bbox 492 1807 2043 1894">
    <p class='ocr_par' dir='ltr' id='par_1_27' title="bbox 492 1810 2043 1884">
     <span class='ocr_line' id='line_1_27' title="bbox 492 1810 2043 1884; baseline -0.004 -12"><span class='ocrx_word' id='word_1_234' title='bbox 492 1818 646 1872; x_wconf 80' lang='lat' dir='ltr'><strong>locus</strong></span> <span class='ocrx_word' id='word_1_235' title='bbox 673 1815 801 1880; x_wconf 83' lang='lat' dir='ltr'><strong>ille,</strong></span> <span class='ocrx_word' id='word_1_236' title='bbox 833 1828 996 1884; x_wconf 90' lang='lat' dir='ltr'><strong>quem</strong></span> <span class='ocrx_word' id='word_1_237' title='bbox 1025 1812 1198 1870; x_wconf 76' lang='lat' dir='ltr'><strong>Judaei</strong></span> <span class='ocrx_word' id='word_1_238' title='bbox 1224 1813 1282 1869; x_wconf 90' lang='lat' dir='ltr'><strong>in</strong></span> <span class='ocrx_word' id='word_1_239' title='bbox 1319 1815 1528 1870; x_wconf 87' lang='lat' dir='ltr'><strong>honore</strong></span> <span class='ocrx_word' id='word_1_240' title='bbox 1555 1813 1868 1879; x_wconf 89' lang='lat' dir='ltr'><strong>habebant,</strong></span> <span class='ocrx_word' id='word_1_241' title='bbox 1899 1810 2043 1867; x_wconf 70' lang='lat' dir='ltr'><strong>belli:</strong></span> 
     </span>
    </p>
   </div>
   <div class='ocr_carea' id='block_1_28' title="bbox 2142 1807 3728 1894">
    <p class='ocr_par' dir='ltr' id='par_1_28' title="bbox 2158 1807 3728 1887">
     <span class='ocr_line' id='line_1_28' title="bbox 2158 1807 3728 1887; baseline 0.006 -27"><span class='ocrx_word' id='word_1_242' title='bbox 2158 1807 2266 1879; x_wconf 80' lang='grc' dir='ltr'><strong>γὰρ</strong></span> <span class='ocrx_word' id='word_1_243' title='bbox 2306 1809 2334 1861; x_wconf 91' lang='lat'><strong>6</strong></span> <span class='ocrx_word' id='word_1_244' title='bbox 2377 1808 2530 1880; x_wconf 87' lang='grc' dir='ltr'><strong>παρά</strong></span> <span class='ocrx_word' id='word_1_245' title='bbox 2577 1807 2850 1873; x_wconf 84' lang='grc' dir='ltr'><strong>Ἰουδαίοις</strong></span> <span class='ocrx_word' id='word_1_246' title='bbox 2887 1808 3196 1882; x_wconf 81' lang='grc' dir='ltr'><strong>τιμώμενος</strong></span> <span class='ocrx_word' id='word_1_247' title='bbox 3235 1813 3395 1877; x_wconf 89' lang='grc' dir='ltr'><strong>τόπος</strong></span> <span class='ocrx_word' id='word_1_248' title='bbox 3422 1813 3728 1887; x_wconf 79' lang='grc' dir='ltr'><strong>ἀπόρθητος</strong></span> 
     </span>
    </p>
   </div>
   <div class='ocr_carea' id='block_1_29' title="bbox 489 1900 2054 1969">
    <p class='ocr_par' dir='ltr' id='par_1_29' title="bbox 489 1900 2054 1969">
     <span class='ocr_line' id='line_1_29' title="bbox 489 1900 2054 1969; baseline -0.003 -6"><span class='ocrx_word' id='word_1_249' title='bbox 489 1904 976 1963; x_wconf 73' lang='lat' dir='ltr'><strong>et&#39;vastationibus</strong></span> <span class='ocrx_word' id='word_1_250' title='bbox 1005 1920 1114 1962; x_wconf 90' lang='lat' dir='ltr'><strong>non</strong></span> <span class='ocrx_word' id='word_1_251' title='bbox 1143 1905 1415 1962; x_wconf 85' lang='lat' dir='ltr'><strong>obnoxius</strong></span> <span class='ocrx_word' id='word_1_252' title='bbox 1463 1903 1688 1969; x_wconf 79' lang='lat' dir='ltr'><strong>fuisset,</strong></span> <span class='ocrx_word' id='word_1_253' title='bbox 1731 1902 1929 1958; x_wconf 90' lang='lat' dir='ltr'><strong>merito</strong></span> <span class='ocrx_word' id='word_1_254' title='bbox 1953 1900 2054 1958; x_wconf 81' lang='lat' dir='ltr'><strong>Ju-</strong></span> 
     </span>
    </p>
   </div>
   <div class='ocr_carea' id='block_1_30' title="bbox 487 1995 2056 2066">
    <p class='ocr_par' dir='ltr' id='par_1_30' title="bbox 487 1995 2056 2066">
     <span class='ocr_line' id='line_1_30' title="bbox 487 1995 2056 2066; baseline -0.003 -14"><span class='ocrx_word' id='word_1_255' title='bbox 487 1997 621 2054; x_wconf 83' lang='lat' dir='ltr'><strong>daeis</strong></span> <span class='ocrx_word' id='word_1_256' title='bbox 671 1996 897 2052; x_wconf 90' lang='lat' dir='ltr'><strong>concedi</strong></span> <span class='ocrx_word' id='word_1_257' title='bbox 948 2006 1136 2066; x_wconf 90' lang='lat' dir='ltr'><strong>posset</strong></span> <span class='ocrx_word' id='word_1_258' title='bbox 1187 2012 1315 2053; x_wconf 91' lang='lat' dir='ltr'><strong>eum</strong></span> <span class='ocrx_word' id='word_1_259' title='bbox 1362 1998 1545 2066; x_wconf 91' lang='lat' dir='ltr'><strong>ipsum</strong></span> <span class='ocrx_word' id='word_1_260' title='bbox 1603 2011 1727 2052; x_wconf 88' lang='lat' dir='ltr'><strong>esse</strong></span> <span class='ocrx_word' id='word_1_261' title='bbox 1782 1995 1964 2049; x_wconf 90' lang='lat' dir='ltr'><strong>locum</strong></span> <span class='ocrx_word' id='word_1_262' title='bbox 2022 2007 2056 2048; x_wconf 86' lang='lat' dir='ltr'><strong>a</strong></span> 
     </span>
    </p>
   </div>
   <div class='ocr_carea' id='block_1_31' title="bbox 490 2083 2056 2157">
    <p class='ocr_par' dir='ltr' id='par_1_31' title="bbox 490 2083 2056 2157">
     <span class='ocr_line' id='line_1_31' title="bbox 490 2083 2056 2157; baseline -0.001 -14"><span class='ocrx_word' id='word_1_263' title='bbox 490 2088 778 2157; x_wconf 87' lang='lat' dir='ltr'><strong>Scriptura</strong></span> <span class='ocrx_word' id='word_1_264' title='bbox 819 2086 1142 2142; x_wconf 87' lang='lat' dir='ltr'><strong>indicatum.</strong></span> <span class='ocrx_word' id='word_1_265' title='bbox 1173 2086 1331 2153; x_wconf 86' lang='lat' dir='ltr'><strong>Quod</strong></span> <span class='ocrx_word' id='word_1_266' title='bbox 1376 2086 1424 2143; x_wconf 90' lang='lat' dir='ltr'><strong>si</strong></span> <span class='ocrx_word' id='word_1_267' title='bbox 1473 2087 1564 2143; x_wconf 90' lang='lat' dir='ltr'><strong>ille</strong></span> <span class='ocrx_word' id='word_1_268' title='bbox 1612 2100 1644 2140; x_wconf 89' lang='lat' dir='ltr'><strong>a</strong></span> <span class='ocrx_word' id='word_1_269' title='bbox 1685 2083 2056 2142; x_wconf 77' lang='lat' dir='ltr'><strong>fundamentis</strong></span> 
     </span>
    </p>
   </div>
   <div class='ocr_carea' id='block_1_32' title="bbox 487 2177 2056 2252">
    <p class='ocr_par' dir='ltr' id='par_1_32' title="bbox 487 2177 2056 2252">
     <span class='ocr_line' id='line_1_32' title="bbox 487 2177 2056 2252; baseline -0.001 -18"><span class='ocrx_word' id='word_1_270' title='bbox 487 2180 705 2234; x_wconf 85' lang='lat' dir='ltr'><strong>dirutus</strong></span> <span class='ocrx_word' id='word_1_271' title='bbox 735 2186 790 2235; x_wconf 87' lang='lat' dir='ltr'><strong>et</strong></span> <span class='ocrx_word' id='word_1_272' title='bbox 818 2193 962 2250; x_wconf 66' lang='lat' dir='ltr'><strong>saepe</strong></span> <span class='ocrx_word' id='word_1_273' title='bbox 990 2189 1183 2252; x_wconf 91' lang='lat' dir='ltr'><strong>captus</strong></span> <span class='ocrx_word' id='word_1_274' title='bbox 1213 2179 1282 2236; x_wconf 90' lang='lat' dir='ltr'><strong>ab</strong></span> <span class='ocrx_word' id='word_1_275' title='bbox 1312 2178 1565 2236; x_wconf 86' lang='lat' dir='ltr'><strong>hostibus</strong></span> <span class='ocrx_word' id='word_1_276' title='bbox 1595 2177 1728 2246; x_wconf 85' lang='lat' dir='ltr'><strong>fuit,</strong></span> <span class='ocrx_word' id='word_1_277' title='bbox 1781 2185 1837 2234; x_wconf 90' lang='lat' dir='ltr'><strong>et</strong></span> <span class='ocrx_word' id='word_1_278' title='bbox 1875 2188 2056 2234; x_wconf 88' lang='lat' dir='ltr'><strong>tamen</strong></span> 
     </span>
    </p>
   </div>
   <div class='ocr_carea' id='block_1_33' title="bbox 493 2271 2056 2343">
    <p class='ocr_par' dir='ltr' id='par_1_33' title="bbox 493 2271 2056 2343">
     <span class='ocr_line' id='line_1_33' title="bbox 493 2271 2056 2343; baseline 0 -17"><span class='ocrx_word' id='word_1_279' title='bbox 493 2272 650 2327; x_wconf 85' lang='lat' dir='ltr'><strong>locus</strong></span> <span class='ocrx_word' id='word_1_280' title='bbox 679 2272 803 2342; x_wconf 86' lang='lat' dir='ltr'><strong>ejus</strong></span> <span class='ocrx_word' id='word_1_281' title='bbox 835 2273 890 2327; x_wconf 89' lang='lat' dir='ltr'><strong>in</strong></span> <span class='ocrx_word' id='word_1_282' title='bbox 917 2285 1051 2343; x_wconf 87' lang='lat' dir='ltr'><strong>pace</strong></span> <span class='ocrx_word' id='word_1_283' title='bbox 1081 2286 1205 2329; x_wconf 90' lang='lat' dir='ltr'><strong>esse</strong></span> <span class='ocrx_word' id='word_1_284' title='bbox 1247 2272 1483 2340; x_wconf 88' lang='lat' dir='ltr'><strong>dicatur,</strong></span> <span class='ocrx_word' id='word_1_285' title='bbox 1551 2288 1663 2328; x_wconf 91' lang='lat' dir='ltr'><strong>non</strong></span> <span class='ocrx_word' id='word_1_286' title='bbox 1707 2287 1840 2330; x_wconf 88' lang='lat' dir='ltr'><strong>sane</strong></span> <span class='ocrx_word' id='word_1_287' title='bbox 1879 2271 2056 2342; x_wconf 91' lang='lat' dir='ltr'><strong>possit</strong></span> 
     </span>
    </p>
   </div>
   <div class='ocr_carea' id='block_1_34' title="bbox 481 2363 2056 2436">
    <p class='ocr_par' dir='ltr' id='par_1_34' title="bbox 481 2363 2056 2436">
     <span class='ocr_line' id='line_1_34' title="bbox 481 2363 2056 2436; baseline -0.002 -15"><span class='ocrx_word' id='word_1_288' title='bbox 481 2380 676 2421; x_wconf 66' lang='lat' dir='ltr'><strong>revera</strong></span> <span class='ocrx_word' id='word_1_289' title='bbox 699 2364 879 2435; x_wconf 89' lang='lat' dir='ltr'><strong>putari</strong></span> <span class='ocrx_word' id='word_1_290' title='bbox 904 2364 1060 2420; x_wconf 89' lang='lat' dir='ltr'><strong>locus</strong></span> <span class='ocrx_word' id='word_1_291' title='bbox 1082 2363 1178 2420; x_wconf 89' lang='lat' dir='ltr'><strong>Dei</strong></span> <span class='ocrx_word' id='word_1_292' title='bbox 1203 2379 1324 2422; x_wconf 88' lang='lat' dir='ltr'><strong>esse</strong></span> <span class='ocrx_word' id='word_1_293' title='bbox 1340 2404 1356 2430; x_wconf 87' lang='lat'><strong>,</strong></span> <span class='ocrx_word' id='word_1_294' title='bbox 1385 2365 1477 2436; x_wconf 89' lang='lat' dir='ltr'><strong>qui</strong></span> <span class='ocrx_word' id='word_1_295' title='bbox 1504 2366 1826 2436; x_wconf 88' lang='lat' dir='ltr'><strong>plerumque</strong></span> <span class='ocrx_word' id='word_1_296' title='bbox 1850 2364 1920 2420; x_wconf 90' lang='lat' dir='ltr'><strong>ab</strong></span> <span class='ocrx_word' id='word_1_297' title='bbox 1947 2363 2056 2418; x_wconf 87' lang='lat' dir='ltr'><strong>ini-</strong></span> 
     </span>
    </p>
   </div>
   <div class='ocr_carea' id='block_1_35' title="bbox 485 2453 2054 2524">
    <p class='ocr_par' dir='ltr' id='par_1_35' title="bbox 485 2453 2054 2524">
     <span class='ocr_line' id='line_1_35' title="bbox 485 2453 2054 2524; baseline 0 -16"><span class='ocrx_word' id='word_1_298' title='bbox 485 2454 646 2518; x_wconf 71' lang='lat' dir='ltr'><strong>micis</strong></span> <span class='ocrx_word' id='word_1_299' title='bbox 675 2453 980 2510; x_wconf 85' lang='lat' dir='ltr'><strong>debellatus</strong></span> <span class='ocrx_word' id='word_1_300' title='bbox 1008 2455 1099 2511; x_wconf 88' lang='lat' dir='ltr'><strong>sit.</strong></span> <span class='ocrx_word' id='word_1_301' title='bbox 1123 2453 1306 2520; x_wconf 85' lang='lat' dir='ltr'><strong>Quare</strong></span> <span class='ocrx_word' id='word_1_302' title='bbox 1330 2453 1442 2524; x_wconf 85' lang='lat' dir='ltr'><strong>jam</strong></span> <span class='ocrx_word' id='word_1_303' title='bbox 1472 2470 1582 2510; x_wconf 90' lang='lat' dir='ltr'><strong>non</strong></span> <span class='ocrx_word' id='word_1_304' title='bbox 1621 2455 1776 2519; x_wconf 88' lang='lat' dir='ltr'><strong>dicit,</strong></span> <span class='ocrx_word' id='word_1_305' title='bbox 1805 2455 1863 2509; x_wconf 86' lang='lat' dir='ltr'><strong>in</strong></span> <span class='ocrx_word' id='word_1_306' title='bbox 1893 2453 2054 2509; x_wconf 82' lang='lat' dir='ltr'><strong>Jeru-</strong></span> 
     </span>
    </p>
   </div>
   <div class='ocr_carea' id='block_1_36' title="bbox 486 2544 2053 2618">
    <p class='ocr_par' dir='ltr' id='par_1_36' title="bbox 486 2544 2053 2618">
     <span class='ocr_line' id='line_1_36' title="bbox 486 2544 2053 2618; baseline 0.001 -17"><span class='ocrx_word' id='word_1_307' title='bbox 486 2546 688 2610; x_wconf 85' lang='lat' dir='ltr'><strong>salem,</strong></span> <span class='ocrx_word' id='word_1_308' title='bbox 740 2561 812 2601; x_wconf 89' lang='lat' dir='ltr'><strong>ne</strong></span> <span class='ocrx_word' id='word_1_309' title='bbox 860 2545 986 2618; x_wconf 91' lang='lat' dir='ltr'><strong>quis</strong></span> <span class='ocrx_word' id='word_1_310' title='bbox 1035 2545 1310 2601; x_wconf 89' lang='lat' dir='ltr'><strong>laberetur</strong></span> <span class='ocrx_word' id='word_1_311' title='bbox 1352 2544 1638 2601; x_wconf 80' lang='lat' dir='ltr'><strong>Judaicam</strong></span> <span class='ocrx_word' id='word_1_312' title='bbox 1687 2546 1878 2601; x_wconf 89' lang='lat' dir='ltr'><strong>urbem</strong></span> <span class='ocrx_word' id='word_1_313' title='bbox 1927 2559 2053 2603; x_wconf 87' lang='lat' dir='ltr'><strong>esse</strong></span> 
     </span>
    </p>
   </div>
   <div class='ocr_carea' id='block_1_37' title="bbox 481 2635 2051 2709">
    <p class='ocr_par' dir='ltr' id='par_1_37' title="bbox 481 2635 2051 2709">
     <span class='ocr_line' id='line_1_37' title="bbox 481 2635 2051 2709; baseline 0 -17"><span class='ocrx_word' id='word_1_314' title='bbox 481 2637 818 2709; x_wconf 84' lang='lat' dir='ltr'><strong>cogitando;</strong></span> <span class='ocrx_word' id='word_1_315' title='bbox 858 2635 954 2693; x_wconf 87' lang='lat' dir='ltr'><strong>sed</strong></span> <span class='ocrx_word' id='word_1_316' title='bbox 1006 2635 1128 2692; x_wconf 91' lang='lat' dir='ltr'><strong>loco</strong></span> <span class='ocrx_word' id='word_1_317' title='bbox 1175 2637 1324 2692; x_wconf 89' lang='lat' dir='ltr'><strong>illius</strong></span> <span class='ocrx_word' id='word_1_318' title='bbox 1368 2651 1556 2692; x_wconf 85' lang='lat' dir='ltr'><strong>veram</strong></span> <span class='ocrx_word' id='word_1_319' title='bbox 1601 2636 1929 2693; x_wconf 90' lang='lat' dir='ltr'><strong>sententiam</strong></span> <span class='ocrx_word' id='word_1_320' title='bbox 1970 2637 2051 2694; x_wconf 91' lang='lat' dir='ltr'><strong>sic</strong></span> 
     </span>
    </p>
   </div>
   <div class='ocr_carea' id='block_1_38' title="bbox 481 2728 2049 2802">
    <p class='ocr_par' dir='ltr' id='par_1_38' title="bbox 481 2728 2049 2802">
     <span class='ocr_line' id='line_1_38' title="bbox 481 2728 2049 2802; baseline -0.001 -14"><span class='ocrx_word' id='word_1_321' title='bbox 481 2731 790 2802; x_wconf 78' lang='lat' dir='ltr'><strong>expressit,</strong></span> <span class='ocrx_word' id='word_1_322' title='bbox 837 2728 1041 2785; x_wconf 81' lang='lat' dir='ltr'><strong>Factus</strong></span> <span class='ocrx_word' id='word_1_323' title='bbox 1067 2739 1146 2785; x_wconf 85' lang='lat' dir='ltr'><strong>est</strong></span> <span class='ocrx_word' id='word_1_324' title='bbox 1185 2731 1242 2784; x_wconf 84' lang='lat' dir='ltr'><strong>in</strong></span> <span class='ocrx_word' id='word_1_325' title='bbox 1268 2729 1450 2785; x_wconf 88' lang='lat' dir='ltr'><strong>Salem</strong></span> <span class='ocrx_word' id='word_1_326' title='bbox 1493 2731 1639 2786; x_wconf 85' lang='lat' dir='ltr'><strong>locus</strong></span> <span class='ocrx_word' id='word_1_327' title='bbox 1686 2730 1820 2801; x_wconf 84' lang='lat' dir='ltr'><strong>ejus.</strong></span> <span class='ocrx_word' id='word_1_328' title='bbox 1868 2730 2049 2787; x_wconf 83' lang='lat' dir='ltr'><strong>Salem</strong></span> 
     </span>
    </p>
   </div>
   <div class='ocr_carea' id='block_1_39' title="bbox 478 2820 2050 2893">
    <p class='ocr_par' dir='ltr' id='par_1_39' title="bbox 478 2820 2050 2893">
     <span class='ocr_line' id='line_1_39' title="bbox 478 2820 2050 2893; baseline -0.003 -12"><span class='ocrx_word' id='word_1_329' title='bbox 478 2838 611 2881; x_wconf 77' lang='lat' dir='ltr'><strong>vero</strong></span> <span class='ocrx_word' id='word_1_330' title='bbox 635 2838 742 2892; x_wconf 77' lang='lat' dir='ltr'><strong>pax</strong></span> <span class='ocrx_word' id='word_1_331' title='bbox 770 2822 1120 2892; x_wconf 80' lang='lat' dir='ltr'><strong>explicatur:</strong></span> <span class='ocrx_word' id='word_1_332' title='bbox 1167 2835 1338 2892; x_wconf 89' lang='lat' dir='ltr'><strong>quare</strong></span> <span class='ocrx_word' id='word_1_333' title='bbox 1381 2821 1525 2892; x_wconf 90' lang='lat' dir='ltr'><strong>apud</strong></span> <span class='ocrx_word' id='word_1_334' title='bbox 1567 2820 1921 2893; x_wconf 80' lang='lat' dir='ltr'><strong>Septuaginta</strong></span> <span class='ocrx_word' id='word_1_335' title='bbox 1958 2821 2050 2878; x_wconf 89' lang='lat' dir='ltr'><strong>ln-</strong></span> 
     </span>
    </p>
   </div>
   <div class='ocr_carea' id='block_1_40' title="bbox 478 2909 2044 2985">
    <p class='ocr_par' dir='ltr' id='par_1_40' title="bbox 478 2909 2044 2985">
     <span class='ocr_line' id='line_1_40' title="bbox 478 2909 2044 2985; baseline 0 -17"><span class='ocrx_word' id='word_1_336' title='bbox 478 2921 750 2985; x_wconf 88' lang='lat' dir='ltr'><strong>terpretes</strong></span> <span class='ocrx_word' id='word_1_337' title='bbox 775 2912 984 2968; x_wconf 86' lang='lat' dir='ltr'><strong>dictum</strong></span> <span class='ocrx_word' id='word_1_338' title='bbox 1011 2919 1096 2969; x_wconf 81' lang='lat' dir='ltr'><strong>est</strong></span> <span class='ocrx_word' id='word_1_339' title='bbox 1113 2952 1130 2976; x_wconf 87' lang='lat'><strong>,</strong></span> <span class='ocrx_word' id='word_1_340' title='bbox 1162 2909 1365 2968; x_wconf 82' lang='lat' dir='ltr'><strong>Factus</strong></span> <span class='ocrx_word' id='word_1_341' title='bbox 1391 2922 1469 2968; x_wconf 85' lang='lat' dir='ltr'><strong>est</strong></span> <span class='ocrx_word' id='word_1_342' title='bbox 1498 2913 1555 2967; x_wconf 84' lang='lat' dir='ltr'><strong>in</strong></span> <span class='ocrx_word' id='word_1_343' title='bbox 1581 2928 1708 2982; x_wconf 84' lang='lat' dir='ltr'><strong>pace</strong></span> <span class='ocrx_word' id='word_1_344' title='bbox 1734 2913 1879 2968; x_wconf 88' lang='lat' dir='ltr'><strong>locus</strong></span> <span class='ocrx_word' id='word_1_345' title='bbox 1907 2915 2044 2978; x_wconf 80' lang='lat' dir='ltr'><strong>eius.</strong></span> 
     </span>
    </p>
   </div>
   <div class='ocr_carea' id='block_1_41' title="bbox 479 3004 2048 3076">
    <p class='ocr_par' dir='ltr' id='par_1_41' title="bbox 479 3004 2048 3076">
     <span class='ocr_line' id='line_1_41' title="bbox 479 3004 2048 3076; baseline -0.001 -15"><span class='ocrx_word' id='word_1_346' title='bbox 479 3004 539 3061; x_wconf 88' lang='lat' dir='ltr'><strong>Si</strong></span> <span class='ocrx_word' id='word_1_347' title='bbox 569 3006 734 3076; x_wconf 80' lang='lat' dir='ltr'><strong>igitur</strong></span> <span class='ocrx_word' id='word_1_348' title='bbox 764 3005 962 3059; x_wconf 87' lang='lat' dir='ltr'><strong>animae</strong></span> <span class='ocrx_word' id='word_1_349' title='bbox 993 3005 1142 3060; x_wconf 90' lang='lat' dir='ltr'><strong>omni</strong></span> <span class='ocrx_word' id='word_1_350' title='bbox 1172 3018 1404 3075; x_wconf 88' lang='lat' dir='ltr'><strong>prorsus</strong></span> <span class='ocrx_word' id='word_1_351' title='bbox 1433 3004 1576 3060; x_wconf 90' lang='lat' dir='ltr'><strong>bello</strong></span> <span class='ocrx_word' id='word_1_352' title='bbox 1609 3004 1796 3060; x_wconf 59' lang='lat' dir='ltr'><strong>liberae</strong></span> <span class='ocrx_word' id='word_1_353' title='bbox 1831 3006 1888 3060; x_wconf 91' lang='lat' dir='ltr'><strong>in</strong></span> <span class='ocrx_word' id='word_1_354' title='bbox 1919 3019 2048 3075; x_wconf 87' lang='lat' dir='ltr'><strong>pro-</strong></span> 
     </span>
    </p>
   </div>
   <div class='ocr_carea' id='block_1_42' title="bbox 475 3095 2042 3169">
    <p class='ocr_par' dir='ltr' id='par_1_42' title="bbox 475 3095 2042 3169">
     <span class='ocr_line' id='line_1_42' title="bbox 475 3095 2042 3169; baseline 0 -16"><span class='ocrx_word' id='word_1_355' title='bbox 475 3097 762 3166; x_wconf 86' lang='lat' dir='ltr'><strong>speritate,</strong></span> <span class='ocrx_word' id='word_1_356' title='bbox 787 3095 970 3167; x_wconf 89' lang='lat' dir='ltr'><strong>quiete</strong></span> <span class='ocrx_word' id='word_1_357' title='bbox 992 3103 1049 3152; x_wconf 88' lang='lat' dir='ltr'><strong>et</strong></span> <span class='ocrx_word' id='word_1_358' title='bbox 1077 3097 1475 3166; x_wconf 81' lang='lat' dir='ltr'><strong>tranquillitate</strong></span> <span class='ocrx_word' id='word_1_359' title='bbox 1499 3096 1780 3169; x_wconf 88' lang='lat' dir='ltr'><strong>degentes,</strong></span> <span class='ocrx_word' id='word_1_360' title='bbox 1810 3097 1866 3151; x_wconf 91' lang='lat' dir='ltr'><strong>in</strong></span> <span class='ocrx_word' id='word_1_361' title='bbox 1896 3105 2042 3154; x_wconf 87' lang='lat' dir='ltr'><strong>terra</strong></span> 
     </span>
    </p>
   </div>
   <div class='ocr_carea' id='block_1_43' title="bbox 2157 1899 3730 1982">
    <p class='ocr_par' dir='ltr' id='par_1_43' title="bbox 2157 1899 3730 1982">
     <span class='ocr_line' id='line_1_43' title="bbox 2157 1899 3730 1982; baseline 0.008 -29"><span class='ocrx_word' id='word_1_362' title='bbox 2157 1899 2251 1954; x_wconf 79' lang='grc' dir='ltr'><strong>καὶ</strong></span> <span class='ocrx_word' id='word_1_363' title='bbox 2301 1900 2642 1974; x_wconf 86' lang='grc' dir='ltr'><strong>ἀπολέμητος</strong></span> <span class='ocrx_word' id='word_1_364' title='bbox 2695 1903 3025 1974; x_wconf 75' lang='grc' dir='ltr'><strong>πεφύλακτο,</strong></span> <span class='ocrx_word' id='word_1_365' title='bbox 3075 1903 3232 1976; x_wconf 89' lang='grc' dir='ltr'><strong>λόγον</strong></span> <span class='ocrx_word' id='word_1_366' title='bbox 3279 1902 3389 1978; x_wconf 76' lang='grc' dir='ltr'><strong>εἶχε</strong></span> <span class='ocrx_word' id='word_1_367' title='bbox 3429 1911 3730 1982; x_wconf 76' lang='grc' dir='ltr'><strong>συγχωρεῖν</strong></span> 
     </span>
    </p>
   </div>
   <div class='ocr_carea' id='block_1_44' title="bbox 2168 1992 3730 2071">
    <p class='ocr_par' dir='ltr' id='par_1_44' title="bbox 2168 1992 3730 2071">
     <span class='ocr_line' id='line_1_44' title="bbox 2168 1992 3730 2071; baseline 0.008 -24"><span class='ocrx_word' id='word_1_368' title='bbox 2168 1993 2429 2048; x_wconf 86' lang='grc' dir='ltr'><strong>Ἰουδαίων</strong></span> <span class='ocrx_word' id='word_1_369' title='bbox 2461 1997 2647 2049; x_wconf 76' lang='grc' dir='ltr'><strong>παισὶν</strong></span> <span class='ocrx_word' id='word_1_370' title='bbox 2683 1997 2845 2051; x_wconf 87' lang='grc' dir='ltr'><strong>αὑτὸν</strong></span> <span class='ocrx_word' id='word_1_371' title='bbox 2885 1992 3022 2053; x_wconf 72' lang='grc' dir='ltr'><strong>εἶναι</strong></span> <span class='ocrx_word' id='word_1_372' title='bbox 3060 1999 3299 2071; x_wconf 79' lang='grc' dir='ltr'><strong>νομίζειν</strong></span> <span class='ocrx_word' id='word_1_373' title='bbox 3339 2001 3432 2056; x_wconf 88' lang='grc' dir='ltr'><strong>τὸν</strong></span> <span class='ocrx_word' id='word_1_374' title='bbox 3476 2003 3581 2057; x_wconf 75' lang='grc' dir='ltr'><strong>ὑπὸ</strong></span> <span class='ocrx_word' id='word_1_375' title='bbox 3617 2002 3730 2060; x_wconf 80' lang='grc' dir='ltr'><strong>τῶν</strong></span> 
     </span>
    </p>
   </div>
   <div class='ocr_carea' id='block_1_45' title="bbox 2154 2083 3728 2168">
    <p class='ocr_par' dir='ltr' id='par_1_45' title="bbox 2154 2083 3728 2168">
     <span class='ocr_line' id='line_1_45' title="bbox 2154 2083 3728 2168; baseline 0.008 -30"><span class='ocrx_word' id='word_1_376' title='bbox 2154 2083 2384 2158; x_wconf 85' lang='grc' dir='ltr'><strong>Γραφῶν</strong></span> <span class='ocrx_word' id='word_1_377' title='bbox 2412 2086 2754 2160; x_wconf 76' lang='grc' dir='ltr'><strong>δηλούμενονο</strong></span> <span class='ocrx_word' id='word_1_378' title='bbox 2789 2092 2839 2144; x_wconf 88' lang='grc' dir='ltr'><strong>εἰ</strong></span> <span class='ocrx_word' id='word_1_379' title='bbox 2868 2091 2913 2145; x_wconf 89' lang='grc' dir='ltr'><strong>δ’</strong></span> <span class='ocrx_word' id='word_1_380' title='bbox 2934 2085 3086 2156; x_wconf 76' lang='grc' dir='ltr'><strong>οὗτος</strong></span> <span class='ocrx_word' id='word_1_381' title='bbox 3112 2091 3209 2163; x_wconf 86' lang='grc' dir='ltr'><strong>μὲν</strong></span> <span class='ocrx_word' id='word_1_382' title='bbox 3231 2093 3296 2146; x_wconf 78' lang='grc' dir='ltr'><strong>ὲκ</strong></span> <span class='ocrx_word' id='word_1_383' title='bbox 3321 2092 3534 2166; x_wconf 83' lang='grc' dir='ltr'><strong>βάθρων</strong></span> <span class='ocrx_word' id='word_1_384' title='bbox 3554 2095 3728 2168; x_wconf 85' lang='grc' dir='ltr'><strong>ἀνῆρ-</strong></span> 
     </span>
    </p>
   </div>
   <div class='ocr_carea' id='block_1_46' title="bbox 2152 2176 3723 2258">
    <p class='ocr_par' dir='ltr' id='par_1_46' title="bbox 2152 2176 3723 2258">
     <span class='ocr_line' id='line_1_46' title="bbox 2152 2176 3723 2258; baseline 0.008 -28"><span class='ocrx_word' id='word_1_385' title='bbox 2152 2193 2243 2230; x_wconf 90' lang='grc' dir='ltr'><strong>ται</strong></span> <span class='ocrx_word' id='word_1_386' title='bbox 2270 2176 2430 2241; x_wconf 82' lang='grc' dir='ltr'><strong>ἁλοὺς</strong></span> <span class='ocrx_word' id='word_1_387' title='bbox 2461 2176 2720 2244; x_wconf 87' lang='grc' dir='ltr'><strong>πολλάκις</strong></span> <span class='ocrx_word' id='word_1_388' title='bbox 2750 2181 2854 2234; x_wconf 82' lang='grc' dir='ltr'><strong>ὑπὸ</strong></span> <span class='ocrx_word' id='word_1_389' title='bbox 2893 2181 3187 2253; x_wconf 87' lang='grc' dir='ltr'><strong>πολεμίων,</strong></span> <span class='ocrx_word' id='word_1_390' title='bbox 3235 2184 3292 2238; x_wconf 84' lang='grc' dir='ltr'><strong>ὲν</strong></span> <span class='ocrx_word' id='word_1_391' title='bbox 3329 2185 3517 2258; x_wconf 78' lang='grc' dir='ltr'><strong>εἰρήνῃ</strong></span> <span class='ocrx_word' id='word_1_392' title='bbox 3550 2185 3605 2240; x_wconf 85' lang='grc' dir='ltr'><strong>δὲ</strong></span> <span class='ocrx_word' id='word_1_393' title='bbox 3631 2185 3723 2242; x_wconf 79' lang='grc' dir='ltr'><strong>λέ-</strong></span> 
     </span>
    </p>
   </div>
   <div class='ocr_carea' id='block_1_47' title="bbox 2152 2268 3727 2348">
    <p class='ocr_par' dir='ltr' id='par_1_47' title="bbox 2152 2268 3727 2348">
     <span class='ocr_line' id='line_1_47' title="bbox 2152 2268 3727 2348; baseline 0.007 -27"><span class='ocrx_word' id='word_1_394' title='bbox 2152 2283 2309 2336; x_wconf 88' lang='grc' dir='ltr'><strong>γεται</strong></span> <span class='ocrx_word' id='word_1_395' title='bbox 2341 2268 2606 2341; x_wconf 80' lang='grc' dir='ltr'><strong>ὑπάρχειν</strong></span> <span class='ocrx_word' id='word_1_396' title='bbox 2633 2271 2662 2324; x_wconf 91' lang='lat'><strong>6</strong></span> <span class='ocrx_word' id='word_1_397' title='bbox 2689 2271 2852 2335; x_wconf 86' lang='grc' dir='ltr'><strong>τόπος</strong></span> <span class='ocrx_word' id='word_1_398' title='bbox 2873 2271 3057 2326; x_wconf 79' lang='grc' dir='ltr'><strong>αὐτοῦ’</strong></span> <span class='ocrx_word' id='word_1_399' title='bbox 3089 2273 3189 2327; x_wconf 89' lang='grc' dir='ltr'><strong>ούκ</strong></span> <span class='ocrx_word' id='word_1_400' title='bbox 3211 2272 3276 2327; x_wconf 81' lang='grc' dir='ltr'><strong>ἂν</strong></span> <span class='ocrx_word' id='word_1_401' title='bbox 3296 2273 3510 2329; x_wconf 87' lang='grc' dir='ltr'><strong>δύναιτο</strong></span> <span class='ocrx_word' id='word_1_402' title='bbox 3534 2277 3727 2348; x_wconf 74' lang='grc' dir='ltr'><strong>ἀληθεῖ</strong></span> 
     </span>
    </p>
   </div>
   <div class='ocr_carea' id='block_1_48' title="bbox 2152 2359 3725 2433">
    <p class='ocr_par' dir='ltr' id='par_1_48' title="bbox 2152 2359 3725 2433">
     <span class='ocr_line' id='line_1_48' title="bbox 2152 2359 3725 2433; baseline 0.006 -20"><span class='ocrx_word' id='word_1_403' title='bbox 2152 2359 2293 2432; x_wconf 89' lang='grc' dir='ltr'><strong>λόγῳ</strong></span> <span class='ocrx_word' id='word_1_404' title='bbox 2319 2362 2634 2433; x_wconf 82' lang='grc' dir='ltr'><strong>νομίζεσθαι</strong></span> <span class='ocrx_word' id='word_1_405' title='bbox 2658 2361 2822 2428; x_wconf 83' lang='grc' dir='ltr'><strong>τόπος</strong></span> <span class='ocrx_word' id='word_1_406' title='bbox 2843 2359 2981 2418; x_wconf 74' lang='grc' dir='ltr'><strong>εἶναι</strong></span> <span class='ocrx_word' id='word_1_407' title='bbox 3008 2364 3102 2418; x_wconf 92' lang='grc' dir='ltr'>τοῦ</span> <span class='ocrx_word' id='word_1_408' title='bbox 3129 2363 3263 2418; x_wconf 91' lang='grc' dir='ltr'>Θεοῦ</span> <span class='ocrx_word' id='word_1_409' title='bbox 3287 2366 3316 2419; x_wconf 98' lang='lat'><strong>6</strong></span> <span class='ocrx_word' id='word_1_410' title='bbox 3337 2364 3596 2431; x_wconf 83' lang='grc' dir='ltr'><strong>πολλάκις</strong></span> <span class='ocrx_word' id='word_1_411' title='bbox 3617 2368 3725 2423; x_wconf 81' lang='grc' dir='ltr'><strong>ὑπὸ</strong></span> 
     </span>
    </p>
   </div>
   <div class='ocr_carea' id='block_1_49' title="bbox 2152 2451 3721 2526">
    <p class='ocr_par' dir='ltr' id='par_1_49' title="bbox 2152 2451 3721 2526">
     <span class='ocr_line' id='line_1_49' title="bbox 2152 2451 3721 2526; baseline 0.005 -23"><span class='ocrx_word' id='word_1_412' title='bbox 2152 2451 2426 2522; x_wconf 82' lang='grc' dir='ltr'><strong>πολεμίων</strong></span> <span class='ocrx_word' id='word_1_413' title='bbox 2459 2451 2640 2516; x_wconf 82' lang='grc' dir='ltr'><strong>ἁλούς.</strong></span> <span class='ocrx_word' id='word_1_414' title='bbox 2673 2453 2764 2506; x_wconf 86' lang='grc' dir='ltr'><strong>Διὸ</strong></span> <span class='ocrx_word' id='word_1_415' title='bbox 2789 2454 2912 2508; x_wconf 83' lang='grc' dir='ltr'><strong>οὐδὲ</strong></span> <span class='ocrx_word' id='word_1_416' title='bbox 2941 2454 3191 2526; x_wconf 86' lang='grc' dir='ltr'><strong>ὠνόμασε</strong></span> <span class='ocrx_word' id='word_1_417' title='bbox 3219 2453 3334 2519; x_wconf 90' lang='grc' dir='ltr'><strong>νῦν,</strong></span> <span class='ocrx_word' id='word_1_418' title='bbox 3363 2455 3462 2509; x_wconf 73' lang='grc' dir='ltr'><strong>ἐπὶ</strong></span> <span class='ocrx_word' id='word_1_419' title='bbox 3482 2455 3721 2524; x_wconf 80' lang='grc' dir='ltr'><strong>τὴνἾε-</strong></span> 
     </span>
    </p>
   </div>
   <div class='ocr_carea' id='block_1_50' title="bbox 2139 2541 3723 2620">
    <p class='ocr_par' dir='ltr' id='par_1_50' title="bbox 2139 2541 3723 2620">
     <span class='ocr_line' id='line_1_50' title="bbox 2139 2541 3723 2620; baseline 0.003 -24"><span class='ocrx_word' id='word_1_420' title='bbox 2139 2541 2496 2620; x_wconf 52' lang='grc' dir='ltr'><strong>,ρουσαλὴμ</strong></span> <span class='ocrx_word' id='word_1_421' title='bbox 2519 2542 2594 2608; x_wconf 85' lang='grc' dir='ltr'><strong>ὡς</strong></span> <span class='ocrx_word' id='word_1_422' title='bbox 2629 2543 2695 2598; x_wconf 83' lang='grc' dir='ltr'><strong>ἀν</strong></span> <span class='ocrx_word' id='word_1_423' title='bbox 2727 2545 2802 2616; x_wconf 80' lang='grc' dir='ltr'><strong>μή</strong></span> <span class='ocrx_word' id='word_1_424' title='bbox 2832 2562 2914 2609; x_wconf 84' lang='grc' dir='ltr'><strong>τις</strong></span> <span class='ocrx_word' id='word_1_425' title='bbox 2942 2545 3162 2600; x_wconf 76' lang='grc' dir='ltr'><strong>ἐκπέσοι</strong></span> <span class='ocrx_word' id='word_1_426' title='bbox 3183 2544 3273 2599; x_wconf 74' lang='grc' dir='ltr'><strong>ἐπὶ</strong></span> <span class='ocrx_word' id='word_1_427' title='bbox 3297 2545 3393 2618; x_wconf 78' lang='grc' dir='ltr'><strong>τὴν</strong></span> <span class='ocrx_word' id='word_1_428' title='bbox 3433 2547 3723 2620; x_wconf 77' lang='grc' dir='ltr'><strong>Ἰουδαῖκὴν</strong></span> 
     </span>
    </p>
   </div>
   <div class='ocr_carea' id='block_1_51' title="bbox 2150 2633 3724 2711">
    <p class='ocr_par' dir='ltr' id='par_1_51' title="bbox 2150 2633 3724 2711">
     <span class='ocr_line' id='line_1_51' title="bbox 2150 2633 3724 2711; baseline 0.004 -24"><span class='ocrx_word' id='word_1_429' title='bbox 2150 2633 2324 2688; x_wconf 89' lang='grc' dir='ltr'><strong>πόλιν·</strong></span> <span class='ocrx_word' id='word_1_430' title='bbox 2362 2635 2482 2688; x_wconf 78' lang='grc' dir='ltr'><strong>ἀντὶ</strong></span> <span class='ocrx_word' id='word_1_431' title='bbox 2520 2635 2576 2689; x_wconf 79' lang='grc' dir='ltr'><strong>δὲ</strong></span> <span class='ocrx_word' id='word_1_432' title='bbox 2613 2635 2816 2708; x_wconf 85' lang='grc' dir='ltr'><strong>ταύτης</strong></span> <span class='ocrx_word' id='word_1_433' title='bbox 2842 2636 2942 2708; x_wconf 82' lang='grc' dir='ltr'><strong>τὴν</strong></span> <span class='ocrx_word' id='word_1_434' title='bbox 2984 2636 3220 2692; x_wconf 89' lang='grc' dir='ltr'><strong>διάνοιαν</strong></span> <span class='ocrx_word' id='word_1_435' title='bbox 3260 2637 3354 2692; x_wconf 89' lang='grc' dir='ltr'>τοῦ</span> <span class='ocrx_word' id='word_1_436' title='bbox 3399 2639 3724 2711; x_wconf 84' lang='grc' dir='ltr'><strong>πράγματος</strong></span> 
     </span>
    </p>
   </div>
   <div class='ocr_carea' id='block_1_52' title="bbox 2150 2726 3720 2800">
    <p class='ocr_par' dir='ltr' id='par_1_52' title="bbox 2150 2726 3720 2800">
     <span class='ocr_line' id='line_1_52' title="bbox 2150 2726 3720 2800; baseline 0.003 -19"><span class='ocrx_word' id='word_1_437' title='bbox 2150 2727 2494 2800; x_wconf 79' lang='grc' dir='ltr'><strong>παρέστησεν</strong></span> <span class='ocrx_word' id='word_1_438' title='bbox 2535 2726 2724 2780; x_wconf 81' lang='grc' dir='ltr'><strong>εἰπών’</strong></span> <span class='ocrx_word' id='word_1_439' title='bbox 2781 2727 3060 2798; x_wconf 82' lang='grc' dir='ltr'><strong>Ἑγενήθη</strong></span> <span class='ocrx_word' id='word_1_440' title='bbox 3102 2728 3172 2783; x_wconf 83' lang='grc' dir='ltr'><strong>ἐν</strong></span> <span class='ocrx_word' id='word_1_441' title='bbox 3214 2728 3425 2800; x_wconf 71' lang='grc' dir='ltr'><strong>Σαλήμ</strong></span> <span class='ocrx_word' id='word_1_442' title='bbox 3461 2733 3496 2784; x_wconf 82' lang='grc' dir='ltr'><em>ὁ</em></span> <span class='ocrx_word' id='word_1_443' title='bbox 3537 2732 3720 2798; x_wconf 79' lang='grc' dir='ltr'><strong>τόπος</strong></span> 
     </span>
    </p>
   </div>
   <div class='ocr_carea' id='block_1_53' title="bbox 2147 2819 3724 2898">
    <p class='ocr_par' dir='ltr' id='par_1_53' title="bbox 2147 2819 3724 2898">
     <span class='ocr_line' id='line_1_53' title="bbox 2147 2819 3724 2898; baseline 0.003 -24"><span class='ocrx_word' id='word_1_444' title='bbox 2147 2819 2356 2875; x_wconf 85' lang='grc' dir='ltr'><strong>αὐτοῦ.</strong></span> <span class='ocrx_word' id='word_1_445' title='bbox 2407 2819 2596 2892; x_wconf 78' lang='grc' dir='ltr'><strong>Σαλὴμ</strong></span> <span class='ocrx_word' id='word_1_446' title='bbox 2659 2819 2717 2873; x_wconf 81' lang='grc' dir='ltr'><strong>δὲ</strong></span> <span class='ocrx_word' id='word_1_447' title='bbox 2772 2820 3134 2892; x_wconf 79' lang='grc' dir='ltr'><strong>ἑρμηνεύεται</strong></span> <span class='ocrx_word' id='word_1_448' title='bbox 3185 2819 3417 2892; x_wconf 82' lang='grc' dir='ltr'><strong>εἰρήνηο</strong></span> <span class='ocrx_word' id='word_1_449' title='bbox 3446 2821 3528 2876; x_wconf 83' lang='grc' dir='ltr'><strong>διὸ</strong></span> <span class='ocrx_word' id='word_1_450' title='bbox 3569 2825 3724 2898; x_wconf 77' lang='grc' dir='ltr'><strong>παρὰ</strong></span> 
     </span>
    </p>
   </div>
   <div class='ocr_carea' id='block_1_54' title="bbox 2145 2909 3725 2984">
    <p class='ocr_par' dir='ltr' id='par_1_54' title="bbox 2145 2909 3725 2984">
     <span class='ocr_line' id='line_1_54' title="bbox 2145 2909 3725 2984; baseline 0.005 -20"><span class='ocrx_word' id='word_1_451' title='bbox 2145 2913 2258 2975; x_wconf 83' lang='grc' dir='ltr'><strong>τοῖς</strong></span> <span class='ocrx_word' id='word_1_452' title='bbox 2313 2909 2713 2984; x_wconf 81' lang='grc' dir='ltr'><strong>Ἐϐδομήκοντα</strong></span> <span class='ocrx_word' id='word_1_453' title='bbox 2755 2912 2988 2984; x_wconf 74' lang='grc' dir='ltr'><strong>εἴρηταιο</strong></span> <span class='ocrx_word' id='word_1_454' title='bbox 3040 2913 3319 2984; x_wconf 80' lang='grc' dir='ltr'><strong>Ἐγ-ενήθη</strong></span> <span class='ocrx_word' id='word_1_455' title='bbox 3351 2914 3422 2968; x_wconf 75' lang='grc' dir='ltr'><strong>ἐν</strong></span> <span class='ocrx_word' id='word_1_456' title='bbox 3451 2914 3659 2984; x_wconf 76' lang='grc' dir='ltr'><strong>εἰρήνῃ</strong></span> <span class='ocrx_word' id='word_1_457' title='bbox 3684 2917 3725 2972; x_wconf 77' lang='grc' dir='ltr'><em>ὀ</em></span> 
     </span>
    </p>
   </div>
   <div class='ocr_carea' id='block_1_55' title="bbox 2145 2999 3723 3079">
    <p class='ocr_par' dir='ltr' id='par_1_55' title="bbox 2145 2999 3723 3079">
     <span class='ocr_line' id='line_1_55' title="bbox 2145 2999 3723 3079; baseline 0.003 -24"><span class='ocrx_word' id='word_1_458' title='bbox 2145 3004 2330 3070; x_wconf 76' lang='grc' dir='ltr'><strong>τόπος</strong></span> <span class='ocrx_word' id='word_1_459' title='bbox 2367 3004 2574 3059; x_wconf 85' lang='grc' dir='ltr'><strong>αὐτοῦ.</strong></span> <span class='ocrx_word' id='word_1_460' title='bbox 2601 3004 2665 3057; x_wconf 88' lang='grc' dir='ltr'><strong>Εἰ</strong></span> <span class='ocrx_word' id='word_1_461' title='bbox 2711 3004 2809 3075; x_wconf 84' lang='grc' dir='ltr'><strong>μὲν</strong></span> <span class='ocrx_word' id='word_1_462' title='bbox 2850 2999 2944 3058; x_wconf 84' lang='grc' dir='ltr'><strong>οὖν</strong></span> <span class='ocrx_word' id='word_1_463' title='bbox 2979 3004 3074 3058; x_wconf 75' lang='grc' dir='ltr'><strong>καὶ</strong></span> <span class='ocrx_word' id='word_1_464' title='bbox 3105 3006 3199 3060; x_wconf 74' lang='grc' dir='ltr'><strong>ἐπὶ</strong></span> <span class='ocrx_word' id='word_1_465' title='bbox 3240 3005 3344 3076; x_wconf 81' lang='grc' dir='ltr'><strong>γῆς</strong></span> <span class='ocrx_word' id='word_1_466' title='bbox 3385 3006 3723 3079; x_wconf 77' lang='grc' dir='ltr'><strong>εύρίσκοιντο</strong></span> 
     </span>
    </p>
   </div>
   <div class='ocr_carea' id='block_1_56' title="bbox 2144 3092 3721 3170">
    <p class='ocr_par' dir='ltr' id='par_1_56' title="bbox 2144 3092 3721 3170">
     <span class='ocr_line' id='line_1_56' title="bbox 2144 3092 3721 3170; baseline 0.003 -23"><span class='ocrx_word' id='word_1_467' title='bbox 2144 3092 2310 3164; x_wconf 76' lang='grc' dir='ltr'><strong>ψυχαὶ</strong></span> <span class='ocrx_word' id='word_1_468' title='bbox 2362 3096 2564 3159; x_wconf 87' lang='grc' dir='ltr'><strong>παντὸς</strong></span> <span class='ocrx_word' id='word_1_469' title='bbox 2606 3095 3044 3169; x_wconf 80' lang='grc' dir='ltr'><strong>ἡλευθερωμέναι</strong></span> <span class='ocrx_word' id='word_1_470' title='bbox 3075 3095 3312 3169; x_wconf 84' lang='grc' dir='ltr'><strong>πολέμου</strong></span> <span class='ocrx_word' id='word_1_471' title='bbox 3341 3098 3400 3152; x_wconf 82' lang='grc' dir='ltr'><strong>ὲν</strong></span> <span class='ocrx_word' id='word_1_472' title='bbox 3430 3098 3721 3170; x_wconf 72' lang='grc' dir='ltr'><strong>εὐσταθείᾳ</strong></span> 
     </span>
    </p>
   </div>
   <div class='ocr_carea' id='block_1_57' title="bbox 477 3167 2043 3260">
    <p class='ocr_par' dir='ltr' id='par_1_57' title="bbox 477 3167 2043 3257">
     <span class='ocr_line' id='line_1_57' title="bbox 477 3167 2043 3257; baseline -0.001 -15"><span class='ocrx_word' id='word_1_473' title='bbox 477 3186 844 3257; x_wconf 86' lang='lat' dir='ltr'><strong>reperiantur,</strong></span> <span class='ocrx_word' id='word_1_474' title='bbox 874 3184 999 3256; x_wconf 85' lang='lat' dir='ltr'><strong>jure</strong></span> <span class='ocrx_word' id='word_1_475' title='bbox 1028 3185 1285 3241; x_wconf 91' lang='lat' dir='ltr'><strong>dicantur</strong></span> <span class='ocrx_word' id='word_1_476' title='bbox 1315 3187 1420 3241; x_wconf 74' lang='lat' dir='ltr'><strong>illae</strong></span> <span class='ocrx_word' id='word_1_477' title='bbox 1450 3167 1605 3245; x_wconf 77' lang='lat' dir='ltr'><strong>locus</strong></span> <span class='ocrx_word' id='word_1_478' title='bbox 1634 3185 1730 3242; x_wconf 90' lang='lat' dir='ltr'><strong>Dei</strong></span> <span class='ocrx_word' id='word_1_479' title='bbox 1770 3202 1924 3250; x_wconf 89' lang='lat' dir='ltr'><strong>esse,</strong></span> <span class='ocrx_word' id='word_1_480' title='bbox 1957 3195 2043 3242; x_wconf 92' lang='lat' dir='ltr'><strong>ut-</strong></span> 
     </span>
    </p>
   </div>
   <div class='ocr_carea' id='block_1_58' title="bbox 2142 3167 3720 3260">
    <p class='ocr_par' dir='ltr' id='par_1_58' title="bbox 2147 3167 3720 3260">
     <span class='ocr_line' id='line_1_58' title="bbox 2147 3167 3720 3260; baseline 0.004 -21"><span class='ocrx_word' id='word_1_481' title='bbox 2147 3187 2241 3240; x_wconf 75' lang='grc' dir='ltr'><strong>καὶ</strong></span> <span class='ocrx_word' id='word_1_482' title='bbox 2295 3186 2562 3259; x_wconf 81' lang='grc' dir='ltr'><strong>ἀταραξίᾳ</strong></span> <span class='ocrx_word' id='word_1_483' title='bbox 2620 3189 2714 3242; x_wconf 74' lang='grc' dir='ltr'><strong>καὶ</strong></span> <span class='ocrx_word' id='word_1_484' title='bbox 2763 3167 2971 3260; x_wconf 81' lang='grc' dir='ltr'><strong>γαλήνῃ</strong></span> <span class='ocrx_word' id='word_1_485' title='bbox 3017 3167 3320 3259; x_wconf 83' lang='grc' dir='ltr'><strong>διάγουσαι,</strong></span> <span class='ocrx_word' id='word_1_486' title='bbox 3377 3193 3604 3256; x_wconf 82' lang='grc' dir='ltr'><strong>εἰκότως</strong></span> <span class='ocrx_word' id='word_1_487' title='bbox 3651 3167 3720 3246; x_wconf 72' lang='grc' dir='ltr'><strong>ἂν</strong></span> 
     </span>
    </p>
   </div>
   <div class='ocr_carea' id='block_1_59' title="bbox 478 3275 2046 3348">
    <p class='ocr_par' dir='ltr' id='par_1_59' title="bbox 478 3275 2046 3348">
     <span class='ocr_line' id='line_1_59' title="bbox 478 3275 2046 3348; baseline 0.003 -16"><span class='ocrx_word' id='word_1_488' title='bbox 478 3285 606 3347; x_wconf 90' lang='lat' dir='ltr'><strong>pote</strong></span> <span class='ocrx_word' id='word_1_489' title='bbox 637 3292 758 3347; x_wconf 86' lang='lat' dir='ltr'><strong>quae</strong></span> <span class='ocrx_word' id='word_1_490' title='bbox 785 3275 1053 3346; x_wconf 86' lang='lat' dir='ltr'><strong>Spiritum</strong></span> <span class='ocrx_word' id='word_1_491' title='bbox 1082 3275 1326 3330; x_wconf 79' lang='lat' dir='ltr'><strong>divinum</strong></span> <span class='ocrx_word' id='word_1_492' title='bbox 1360 3279 1416 3331; x_wconf 89' lang='lat' dir='ltr'><strong>in</strong></span> <span class='ocrx_word' id='word_1_493' title='bbox 1447 3292 1508 3333; x_wconf 90' lang='lat' dir='ltr'><strong>se</strong></span> <span class='ocrx_word' id='word_1_494' title='bbox 1537 3278 1775 3348; x_wconf 88' lang='lat' dir='ltr'><strong>capiant.</strong></span> <span class='ocrx_word' id='word_1_495' title='bbox 1823 3277 1950 3333; x_wconf 88' lang='lat' dir='ltr'><strong>Ideo</strong></span> <span class='ocrx_word' id='word_1_496' title='bbox 1977 3279 2046 3336; x_wconf 88' lang='lat' dir='ltr'><strong>de</strong></span> 
     </span>
    </p>
   </div>
   <div class='ocr_carea' id='block_1_60' title="bbox 476 3365 2043 3432">
    <p class='ocr_par' dir='ltr' id='par_1_60' title="bbox 476 3365 2043 3432">
     <span class='ocr_line' id='line_1_60' title="bbox 476 3365 2043 3432; baseline 0 -10"><span class='ocrx_word' id='word_1_497' title='bbox 476 3367 681 3423; x_wconf 85' lang='lat' dir='ltr'><strong>talibus</strong></span> <span class='ocrx_word' id='word_1_498' title='bbox 709 3365 917 3422; x_wconf 87' lang='lat' dir='ltr'><strong>dictum</strong></span> <span class='ocrx_word' id='word_1_499' title='bbox 945 3373 1065 3432; x_wconf 88' lang='lat' dir='ltr'><strong>est,</strong></span> <span class='ocrx_word' id='word_1_500' title='bbox 1108 3365 1426 3422; x_wconf 81' lang='lat' dir='ltr'><strong>Inhabitabo</strong></span> <span class='ocrx_word' id='word_1_501' title='bbox 1463 3368 1519 3422; x_wconf 81' lang='lat' dir='ltr'><strong>iu</strong></span> <span class='ocrx_word' id='word_1_502' title='bbox 1557 3368 1666 3422; x_wconf 89' lang='lat' dir='ltr'><strong>illis</strong></span> <span class='ocrx_word' id='word_1_503' title='bbox 1704 3379 1758 3423; x_wconf 88' lang='lat' dir='ltr'><strong>et</strong></span> <span class='ocrx_word' id='word_1_504' title='bbox 1794 3367 2043 3423; x_wconf 83' lang='lat' dir='ltr'><strong>inambu-</strong></span> 
     </span>
    </p>
   </div>
   <div class='ocr_carea' id='block_1_61' title="bbox 473 3458 2045 3529">
    <p class='ocr_par' dir='ltr' id='par_1_61' title="bbox 473 3458 2045 3529">
     <span class='ocr_line' id='line_1_61' title="bbox 473 3458 2045 3529; baseline -0.002 -13"><span class='ocrx_word' id='word_1_505' title='bbox 473 3458 596 3516; x_wconf 76' lang='lat' dir='ltr'><strong>labo</strong></span> <span class='ocrx_word' id='word_1_506' title='bbox 617 3500 634 3523; x_wconf 92' lang='lat'><strong>,</strong></span> <span class='ocrx_word' id='word_1_507' title='bbox 664 3468 714 3514; x_wconf 89' lang='lat' dir='ltr'><strong>et</strong></span> <span class='ocrx_word' id='word_1_508' title='bbox 741 3475 832 3514; x_wconf 86' lang='lat' dir='ltr'><strong>ero</strong></span> <span class='ocrx_word' id='word_1_509' title='bbox 863 3459 1080 3513; x_wconf 88' lang='lat' dir='ltr'><strong>illorum</strong></span> <span class='ocrx_word' id='word_1_510' title='bbox 1113 3458 1254 3514; x_wconf 86' lang='lat' dir='ltr'><strong>Deus</strong></span> <span class='ocrx_word' id='word_1_511' title='bbox 1278 3498 1293 3522; x_wconf 89' lang='lat'><strong>,</strong></span> <span class='ocrx_word' id='word_1_512' title='bbox 1323 3467 1374 3516; x_wconf 85' lang='lat' dir='ltr'><strong>et</strong></span> <span class='ocrx_word' id='word_1_513' title='bbox 1403 3459 1507 3528; x_wconf 83' lang='lat' dir='ltr'><strong>ipsi</strong></span> <span class='ocrx_word' id='word_1_514' title='bbox 1535 3467 1689 3513; x_wconf 80' lang='lat' dir='ltr'><strong>erunt</strong></span> <span class='ocrx_word' id='word_1_515' title='bbox 1725 3458 1854 3513; x_wconf 84' lang='lat' dir='ltr'><strong>mihi</strong></span> <span class='ocrx_word' id='word_1_516' title='bbox 1879 3475 2045 3529; x_wconf 84' lang='lat' dir='ltr'><strong>popu-</strong></span> 
     </span>
    </p>
   </div>
   <div class='ocr_carea' id='block_1_62' title="bbox 474 3550 2040 3621">
    <p class='ocr_par' dir='ltr' id='par_1_62' title="bbox 474 3550 2040 3621">
     <span class='ocr_line' id='line_1_62' title="bbox 474 3550 2040 3621; baseline 0.001 -15"><span class='ocrx_word' id='word_1_517' title='bbox 474 3552 559 3606; x_wconf 84' lang='lat' dir='ltr'><strong>lus</strong></span> <span class='ocrx_word' id='word_1_518' title='bbox 588 3553 656 3605; x_wconf 79' lang='lat'><strong>&#39;°.</strong></span> <span class='ocrx_word' id='word_1_519' title='bbox 687 3551 841 3619; x_wconf 85' lang='lat' dir='ltr'><strong>Quod</strong></span> <span class='ocrx_word' id='word_1_520' title='bbox 873 3550 922 3607; x_wconf 88' lang='lat' dir='ltr'><strong>si</strong></span> <span class='ocrx_word' id='word_1_521' title='bbox 967 3551 1106 3606; x_wconf 89' lang='lat' dir='ltr'><strong>tales</strong></span> <span class='ocrx_word' id='word_1_522' title='bbox 1141 3550 1196 3605; x_wconf 91' lang='lat' dir='ltr'><strong>in</strong></span> <span class='ocrx_word' id='word_1_523' title='bbox 1217 3558 1369 3606; x_wconf 85' lang='lat' dir='ltr'><strong>terra</strong></span> <span class='ocrx_word' id='word_1_524' title='bbox 1400 3566 1623 3620; x_wconf 89' lang='lat' dir='ltr'><strong>perraro</strong></span> <span class='ocrx_word' id='word_1_525' title='bbox 1651 3552 2040 3621; x_wconf 86' lang='lat' dir='ltr'><strong>inveniantur;</strong></span> 
     </span>
    </p>
   </div>
   <div class='ocr_carea' id='block_1_63' title="bbox 469 3641 2042 3710">
    <p class='ocr_par' dir='ltr' id='par_1_63' title="bbox 469 3641 2042 3710">
     <span class='ocr_line' id='line_1_63' title="bbox 469 3641 2042 3710; baseline 0.001 -13"><span class='ocrx_word' id='word_1_526' title='bbox 469 3657 601 3698; x_wconf 86' lang='lat' dir='ltr'><strong>cum</strong></span> <span class='ocrx_word' id='word_1_527' title='bbox 627 3651 817 3698; x_wconf 80' lang='lat' dir='ltr'><strong>contra</strong></span> <span class='ocrx_word' id='word_1_528' title='bbox 839 3644 896 3698; x_wconf 88' lang='lat' dir='ltr'><strong>in</strong></span> <span class='ocrx_word' id='word_1_529' title='bbox 917 3642 1138 3699; x_wconf 81' lang='lat' dir='ltr'><strong>civitate</strong></span> <span class='ocrx_word' id='word_1_530' title='bbox 1159 3641 1254 3698; x_wconf 89' lang='lat' dir='ltr'><strong>Dei</strong></span> <span class='ocrx_word' id='word_1_531' title='bbox 1282 3685 1298 3710; x_wconf 89' lang='lat'><strong>,</strong></span> <span class='ocrx_word' id='word_1_532' title='bbox 1327 3642 1538 3698; x_wconf 66' lang='lat' dir='ltr'><strong>caelesti</strong></span> <span class='ocrx_word' id='word_1_533' title='bbox 1571 3641 1667 3698; x_wconf 85' lang='lat' dir='ltr'><strong>Dei</strong></span> <span class='ocrx_word' id='word_1_534' title='bbox 1702 3643 2042 3698; x_wconf 89' lang='lat' dir='ltr'><strong>domicilium</strong></span> 
     </span>
    </p>
   </div>
   <div class='ocr_carea' id='block_1_64' title="bbox 463 3733 2040 3807">
    <p class='ocr_par' dir='ltr' id='par_1_64' title="bbox 463 3733 2040 3807">
     <span class='ocr_line' id='line_1_64' title="bbox 463 3733 2040 3807; baseline 0.001 -19"><span class='ocrx_word' id='word_1_535' title='bbox 463 3734 719 3803; x_wconf 72' lang='lat' dir='ltr'><strong>angelis,</strong></span> <span class='ocrx_word' id='word_1_536' title='bbox 770 3733 1152 3806; x_wconf 80' lang='lat' dir='ltr'><strong>archangelis,</strong></span> <span class='ocrx_word' id='word_1_537' title='bbox 1200 3734 1402 3791; x_wconf 82' lang='lat' dir='ltr'><strong>divinis</strong></span> <span class='ocrx_word' id='word_1_538' title='bbox 1443 3734 1774 3802; x_wconf 87' lang='lat' dir='ltr'><strong>virtutibus,</strong></span> <span class='ocrx_word' id='word_1_539' title='bbox 1826 3735 2040 3807; x_wconf 87' lang='lat' dir='ltr'><strong>spiriti-</strong></span> 
     </span>
    </p>
   </div>
   <div class='ocr_carea' id='block_1_65' title="bbox 462 3824 2038 3899">
    <p class='ocr_par' dir='ltr' id='par_1_65' title="bbox 462 3824 2038 3899">
     <span class='ocr_line' id='line_1_65' title="bbox 462 3824 2038 3899; baseline 0.003 -20"><span class='ocrx_word' id='word_1_540' title='bbox 462 3824 690 3894; x_wconf 76' lang='lat' dir='ltr'><strong>busque</strong></span> <span class='ocrx_word' id='word_1_541' title='bbox 737 3825 945 3882; x_wconf 87' lang='lat' dir='ltr'><strong>sanctis</strong></span> <span class='ocrx_word' id='word_1_542' title='bbox 989 3826 1398 3898; x_wconf 77' lang='lat' dir='ltr'><strong>frequentetur;</strong></span> <span class='ocrx_word' id='word_1_543' title='bbox 1429 3826 1555 3896; x_wconf 88' lang='lat' dir='ltr'><strong>jure</strong></span> <span class='ocrx_word' id='word_1_544' title='bbox 1583 3825 1732 3882; x_wconf 89' lang='lat' dir='ltr'><strong>dicat</strong></span> <span class='ocrx_word' id='word_1_545' title='bbox 1761 3827 2038 3899; x_wconf 85' lang='lat' dir='ltr'><strong>quispiam</strong></span> 
     </span>
    </p>
   </div>
   <div class='ocr_carea' id='block_1_66' title="bbox 460 3916 2037 3991">
    <p class='ocr_par' dir='ltr' id='par_1_66' title="bbox 460 3916 2037 3991">
     <span class='ocr_line' id='line_1_66' title="bbox 460 3916 2037 3991; baseline 0.001 -19"><span class='ocrx_word' id='word_1_546' title='bbox 460 3917 547 3972; x_wconf 79' lang='lat' dir='ltr'><strong>ibi</strong></span> <span class='ocrx_word' id='word_1_547' title='bbox 592 3918 773 3972; x_wconf 87' lang='lat' dir='ltr'><strong>locum</strong></span> <span class='ocrx_word' id='word_1_548' title='bbox 816 3916 911 3973; x_wconf 87' lang='lat' dir='ltr'><strong>Dei</strong></span> <span class='ocrx_word' id='word_1_549' title='bbox 956 3933 1115 3984; x_wconf 90' lang='lat' dir='ltr'><strong>esse,</strong></span> <span class='ocrx_word' id='word_1_550' title='bbox 1158 3929 1212 3975; x_wconf 90' lang='lat' dir='ltr'><strong>et</strong></span> <span class='ocrx_word' id='word_1_551' title='bbox 1254 3918 1404 3973; x_wconf 88' lang='lat' dir='ltr'><strong>illam</strong></span> <span class='ocrx_word' id='word_1_552' title='bbox 1445 3933 1629 3974; x_wconf 80' lang='lat' dir='ltr'><strong>veram</strong></span> <span class='ocrx_word' id='word_1_553' title='bbox 1658 3935 1782 3976; x_wconf 88' lang='lat' dir='ltr'><strong>esse</strong></span> <span class='ocrx_word' id='word_1_554' title='bbox 1810 3935 2037 3991; x_wconf 88' lang='lat' dir='ltr'><strong>pacem,</strong></span> 
     </span>
    </p>
   </div>
   <div class='ocr_carea' id='block_1_67' title="bbox 451 4003 2041 4076">
    <p class='ocr_par' dir='ltr' id='par_1_67' title="bbox 451 4003 2041 4076">
     <span class='ocr_line' id='line_1_67' title="bbox 451 4003 2041 4076; baseline -0.004 -16"><span class='ocrx_word' id='word_1_555' title='bbox 451 4019 590 4074; x_wconf 70' lang='lat' dir='ltr'><strong>=quae</strong></span> <span class='ocrx_word' id='word_1_556' title='bbox 618 4003 808 4062; x_wconf 50' lang='lat' dir='ltr'><strong>&#39;Salem</strong></span> <span class='ocrx_word' id='word_1_557' title='bbox 851 4004 940 4059; x_wconf 88' lang='lat' dir='ltr'><strong>hic</strong></span> <span class='ocrx_word' id='word_1_558' title='bbox 968 4003 1231 4060; x_wconf 87' lang='lat' dir='ltr'><strong>Hebraice</strong></span> <span class='ocrx_word' id='word_1_559' title='bbox 1259 4013 1627 4075; x_wconf 89' lang='lat' dir='ltr'><strong>nuncupatur.</strong></span> <span class='ocrx_word' id='word_1_560' title='bbox 1673 4005 1854 4072; x_wconf 87' lang='lat' dir='ltr'><strong>Quare</strong></span> <span class='ocrx_word' id='word_1_561' title='bbox 1893 4007 2041 4076; x_wconf 80' lang='lat' dir='ltr'><strong>Apo-</strong></span> 
     </span>
    </p>
   </div>
   <div class='ocr_carea' id='block_1_68' title="bbox 454 4095 2040 4168">
    <p class='ocr_par' dir='ltr' id='par_1_68' title="bbox 454 4095 2040 4168">
     <span class='ocr_line' id='line_1_68' title="bbox 454 4095 2040 4168; baseline 0.001 -18"><span class='ocrx_word' id='word_1_562' title='bbox 454 4095 648 4150; x_wconf 79' lang='lat' dir='ltr'><strong>stolus</strong></span> <span class='ocrx_word' id='word_1_563' title='bbox 676 4110 799 4149; x_wconf 92' lang='lat' dir='ltr'><strong>cum</strong></span> <span class='ocrx_word' id='word_1_564' title='bbox 830 4102 1019 4152; x_wconf 84' lang='lat' dir='ltr'><strong>nosset</strong></span> <span class='ocrx_word' id='word_1_565' title='bbox 1045 4111 1166 4152; x_wconf 91' lang='lat' dir='ltr'><strong>eam</strong></span> <span class='ocrx_word' id='word_1_566' title='bbox 1195 4095 1414 4152; x_wconf 88' lang='lat' dir='ltr'><strong>dicebat</strong></span> <span class='ocrx_word' id='word_1_567' title='bbox 1441 4114 1454 4150; x_wconf 89' lang='lat'><strong>:</strong></span> <span class='ocrx_word' id='word_1_568' title='bbox 1491 4095 1600 4151; x_wconf 75' lang='lat' dir='ltr'><strong>Illa</strong></span> <span class='ocrx_word' id='word_1_569' title='bbox 1629 4113 1746 4152; x_wconf 80' lang='lat' dir='ltr'><strong>vero</strong></span> <span class='ocrx_word' id='word_1_570' title='bbox 1773 4114 1889 4168; x_wconf 83' lang='lat' dir='ltr'><strong>quae</strong></span> <span class='ocrx_word' id='word_1_571' title='bbox 1916 4113 2040 4152; x_wconf 83' lang='lat' dir='ltr'><strong>sur-</strong></span> 
     </span>
    </p>
   </div>
   <div class='ocr_carea' id='block_1_69' title="bbox 470 4185 2033 4259">
    <p class='ocr_par' dir='ltr' id='par_1_69' title="bbox 470 4185 2033 4259">
     <span class='ocr_line' id='line_1_69' title="bbox 470 4185 2033 4259; baseline 0.003 -21"><span class='ocrx_word' id='word_1_572' title='bbox 470 4202 588 4239; x_wconf 83' lang='lat' dir='ltr'><strong>sum</strong></span> <span class='ocrx_word' id='word_1_573' title='bbox 615 4195 711 4240; x_wconf 72' lang='lat' dir='ltr'><strong>.est</strong></span> <span class='ocrx_word' id='word_1_574' title='bbox 750 4185 1049 4242; x_wconf 73' lang='lat' dir='ltr'><strong>Jerusalem</strong></span> <span class='ocrx_word' id='word_1_575' title='bbox 1097 4186 1264 4242; x_wconf 83' lang='lat' dir='ltr'><strong>libera</strong></span> <span class='ocrx_word' id='word_1_576' title='bbox 1291 4197 1402 4252; x_wconf 87' lang='lat' dir='ltr'><strong>est,</strong></span> <span class='ocrx_word' id='word_1_577' title='bbox 1447 4205 1564 4259; x_wconf 72' lang='lat' dir='ltr'><strong>qua:</strong></span> <span class='ocrx_word' id='word_1_578' title='bbox 1604 4198 1680 4244; x_wconf 83' lang='lat' dir='ltr'><strong>est</strong></span> <span class='ocrx_word' id='word_1_579' title='bbox 1712 4199 1880 4242; x_wconf 85' lang='lat' dir='ltr'><strong>mater</strong></span> <span class='ocrx_word' id='word_1_580' title='bbox 1935 4205 2033 4243; x_wconf 85' lang='lat' dir='ltr'><strong>no-</strong></span> 
     </span>
    </p>
   </div>
   <div class='ocr_carea' id='block_1_70' title="bbox 467 4277 2034 4350">
    <p class='ocr_par' dir='ltr' id='par_1_70' title="bbox 467 4277 2034 4350">
     <span class='ocr_line' id='line_1_70' title="bbox 467 4277 2034 4350; baseline 0.001 -18"><span class='ocrx_word' id='word_1_581' title='bbox 467 4288 586 4333; x_wconf 85' lang='lat' dir='ltr'><strong>stra</strong></span> <span class='ocrx_word' id='word_1_582' title='bbox 611 4280 678 4334; x_wconf 79' lang='grc'><strong>⁶¹.</strong></span> <span class='ocrx_word' id='word_1_583' title='bbox 704 4277 838 4332; x_wconf 83' lang='lat' dir='ltr'><strong>Nam</strong></span> <span class='ocrx_word' id='word_1_584' title='bbox 865 4278 1047 4334; x_wconf 89' lang='lat' dir='ltr'><strong>Salem</strong></span> <span class='ocrx_word' id='word_1_585' title='bbox 1065 4280 1370 4350; x_wconf 72' lang='lat' dir='ltr'><strong>explicatur</strong></span> <span class='ocrx_word' id='word_1_586' title='bbox 1394 4295 1532 4349; x_wconf 68' lang='lat' dir='ltr'><strong>pars;</strong></span> <span class='ocrx_word' id='word_1_587' title='bbox 1558 4279 1858 4336; x_wconf 88' lang='lat' dir='ltr'><strong>Jerusalem</strong></span> <span class='ocrx_word' id='word_1_588' title='bbox 1883 4295 2034 4346; x_wconf 81' lang='lat' dir='ltr'><strong>vero,</strong></span> 
     </span>
    </p>
   </div>
   <div class='ocr_carea' id='block_1_71' title="bbox 465 4370 2036 4442">
    <p class='ocr_par' dir='ltr' id='par_1_71' title="bbox 465 4370 2036 4442">
     <span class='ocr_line' id='line_1_71' title="bbox 465 4370 2036 4442; baseline 0.002 -19"><span class='ocrx_word' id='word_1_589' title='bbox 465 4371 598 4424; x_wconf 81' lang='lat' dir='ltr'><strong>uisio</strong></span> <span class='ocrx_word' id='word_1_590' title='bbox 639 4370 786 4439; x_wconf 69' lang='lat' dir='ltr'><strong>pacis</strong></span> <span class='ocrx_word' id='word_1_591' title='bbox 811 4385 830 4424; x_wconf 91' lang='lat'><strong><em>:</em></strong></span> <span class='ocrx_word' id='word_1_592' title='bbox 871 4371 1030 4438; x_wconf 89' lang='lat' dir='ltr'><strong>cujus</strong></span> <span class='ocrx_word' id='word_1_593' title='bbox 1077 4373 1219 4428; x_wconf 86' lang='lat' dir='ltr'><strong>lares</strong></span> <span class='ocrx_word' id='word_1_594' title='bbox 1267 4371 1323 4426; x_wconf 91' lang='lat' dir='ltr'><strong>in</strong></span> <span class='ocrx_word' id='word_1_595' title='bbox 1366 4371 1683 4426; x_wconf 64' lang='lat' dir='ltr'><strong>caelestibus</strong></span> <span class='ocrx_word' id='word_1_596' title='bbox 1725 4371 2036 4442; x_wconf 85' lang='lat' dir='ltr'><strong>divinisque</strong></span> 
     </span>
    </p>
   </div>
   <div class='ocr_carea' id='block_1_72' title="bbox 2144 3269 3718 3353">
    <p class='ocr_par' dir='ltr' id='par_1_72' title="bbox 2144 3269 3718 3353">
     <span class='ocr_line' id='line_1_72' title="bbox 2144 3269 3718 3353; baseline 0.005 -23"><span class='ocrx_word' id='word_1_597' title='bbox 2144 3277 2382 3348; x_wconf 84' lang='grc' dir='ltr'><strong>λεχθεῖεν</strong></span> <span class='ocrx_word' id='word_1_598' title='bbox 2411 3278 2506 3331; x_wconf 80' lang='grc' dir='ltr'><strong>καὶ</strong></span> <span class='ocrx_word' id='word_1_599' title='bbox 2534 3269 2695 3333; x_wconf 74' lang='grc' dir='ltr'><strong>αὗται</strong></span> <span class='ocrx_word' id='word_1_600' title='bbox 2720 3278 2884 3343; x_wconf 87' lang='grc' dir='ltr'><strong>τόπος</strong></span> <span class='ocrx_word' id='word_1_601' title='bbox 2910 3279 3003 3332; x_wconf 89' lang='grc' dir='ltr'>τοῦ</span> <span class='ocrx_word' id='word_1_602' title='bbox 3027 3280 3183 3346; x_wconf 87' lang='grc' dir='ltr'>Θεοῦ,</span> <span class='ocrx_word' id='word_1_603' title='bbox 3211 3281 3288 3345; x_wconf 80' lang='grc' dir='ltr'><strong>ὡς</strong></span> <span class='ocrx_word' id='word_1_604' title='bbox 3318 3279 3386 3336; x_wconf 74' lang='grc' dir='ltr'><strong>ἂν</strong></span> <span class='ocrx_word' id='word_1_605' title='bbox 3414 3283 3718 3353; x_wconf 76' lang='grc' dir='ltr'><strong>χωρητικαὶ</strong></span> 
     </span>
    </p>
   </div>
   <div class='ocr_carea' id='block_1_73' title="bbox 2141 3365 3717 3444">
    <p class='ocr_par' dir='ltr' id='par_1_73' title="bbox 2141 3365 3717 3444">
     <span class='ocr_line' id='line_1_73' title="bbox 2141 3365 3717 3444; baseline 0.002 -22"><span class='ocrx_word' id='word_1_606' title='bbox 2141 3365 2298 3424; x_wconf 79' lang='grc' dir='ltr'><strong>οὖσαι</strong></span> <span class='ocrx_word' id='word_1_607' title='bbox 2331 3368 2474 3422; x_wconf 80' lang='grc' dir='ltr'><strong>θείου</strong></span> <span class='ocrx_word' id='word_1_608' title='bbox 2505 3369 2838 3440; x_wconf 88' lang='grc' dir='ltr'><strong>Πνεύματος.</strong></span> <span class='ocrx_word' id='word_1_609' title='bbox 2879 3370 2969 3423; x_wconf 88' lang='grc' dir='ltr'><strong>Διὸ</strong></span> <span class='ocrx_word' id='word_1_610' title='bbox 2989 3373 3115 3443; x_wconf 66' lang='grc' dir='ltr'><strong>περ)⁵</strong></span> <span class='ocrx_word' id='word_1_611' title='bbox 3141 3370 3250 3424; x_wconf 86' lang='grc' dir='ltr'><strong>τῶν</strong></span> <span class='ocrx_word' id='word_1_612' title='bbox 3277 3371 3532 3425; x_wconf 86' lang='grc' dir='ltr'><strong>τοιούτων</strong></span> <span class='ocrx_word' id='word_1_613' title='bbox 3560 3373 3717 3444; x_wconf 81' lang='grc' dir='ltr'><strong>είρη-</strong></span> 
     </span>
    </p>
   </div>
   <div class='ocr_carea' id='block_1_74' title="bbox 2141 3459 3711 3534">
    <p class='ocr_par' dir='ltr' id='par_1_74' title="bbox 2141 3459 3711 3534">
     <span class='ocr_line' id='line_1_74' title="bbox 2141 3459 3711 3534; baseline 0.004 -22"><span class='ocrx_word' id='word_1_614' title='bbox 2141 3476 2231 3514; x_wconf 90' lang='grc' dir='ltr'><strong>ται</strong></span> <span class='ocrx_word' id='word_1_615' title='bbox 2260 3459 2341 3524; x_wconf 89' lang='grc' dir='ltr'><strong>τὸ,</strong></span> <span class='ocrx_word' id='word_1_616' title='bbox 2385 3460 2714 3530; x_wconf 79' lang='grc' dir='ltr'><strong>Ἐνοικήσω</strong></span> <span class='ocrx_word' id='word_1_617' title='bbox 2751 3461 2822 3516; x_wconf 78' lang='grc' dir='ltr'><strong>ἐν</strong></span> <span class='ocrx_word' id='word_1_618' title='bbox 2861 3461 3066 3529; x_wconf 78' lang='grc' dir='ltr'><strong>αὐτοῖς</strong></span> <span class='ocrx_word' id='word_1_619' title='bbox 3101 3462 3200 3517; x_wconf 83' lang='grc' dir='ltr'><strong>καί</strong></span> <span class='ocrx_word' id='word_1_620' title='bbox 3234 3463 3711 3534; x_wconf 76' lang='grc' dir='ltr'><strong>ἐμπεριπατήσω,</strong></span> 
     </span>
    </p>
   </div>
   <div class='ocr_carea' id='block_1_75' title="bbox 2142 3552 3708 3625">
    <p class='ocr_par' dir='ltr' id='par_1_75' title="bbox 2142 3552 3708 3625">
     <span class='ocr_line' id='line_1_75' title="bbox 2142 3552 3708 3625; baseline 0.003 -20"><span class='ocrx_word' id='word_1_621' title='bbox 2142 3552 2242 3606; x_wconf 81' lang='grc' dir='ltr'><strong>καί</strong></span> <span class='ocrx_word' id='word_1_622' title='bbox 2268 3553 2483 3622; x_wconf 75' lang='grc' dir='ltr'><strong>ἔσομαι</strong></span> <span class='ocrx_word' id='word_1_623' title='bbox 2514 3553 2712 3607; x_wconf 84' lang='grc' dir='ltr'><strong>αὐτῶν</strong></span> <span class='ocrx_word' id='word_1_624' title='bbox 2745 3554 2908 3620; x_wconf 86' lang='grc' dir='ltr'><strong>Θεὸς,</strong></span> <span class='ocrx_word' id='word_1_625' title='bbox 2958 3554 3057 3608; x_wconf 83' lang='grc' dir='ltr'><strong>καί</strong></span> <span class='ocrx_word' id='word_1_626' title='bbox 3101 3556 3270 3610; x_wconf 75' lang='grc' dir='ltr'><strong>αὐτοὶ</strong></span> <span class='ocrx_word' id='word_1_627' title='bbox 3320 3555 3562 3610; x_wconf 75' lang='grc' dir='ltr'><strong>ἔσονταί</strong></span> <span class='ocrx_word' id='word_1_628' title='bbox 3602 3573 3708 3625; x_wconf 79' lang='grc' dir='ltr'><strong>μοι</strong></span> 
     </span>
    </p>
   </div>
   <div class='ocr_carea' id='block_1_76' title="bbox 2137 3647 3709 3724">
    <p class='ocr_par' dir='ltr' id='par_1_76' title="bbox 2137 3647 3709 3724">
     <span class='ocr_line' id='line_1_76' title="bbox 2137 3647 3709 3724; baseline 0.003 -22"><span class='ocrx_word' id='word_1_629' title='bbox 2137 3647 2307 3714; x_wconf 73' lang='grc' dir='ltr'><strong>λαός.</strong></span> <span class='ocrx_word' id='word_1_630' title='bbox 2415 3647 2471 3702; x_wconf 87' lang='grc' dir='ltr'><strong>δὲ</strong></span> <span class='ocrx_word' id='word_1_631' title='bbox 2493 3649 2731 3714; x_wconf 84' lang='grc' dir='ltr'><strong>σπανίως</strong></span> <span class='ocrx_word' id='word_1_632' title='bbox 2755 3649 2854 3720; x_wconf 80' lang='grc' dir='ltr'><strong>μὲν</strong></span> <span class='ocrx_word' id='word_1_633' title='bbox 2875 3650 3210 3722; x_wconf 82' lang='grc' dir='ltr'><strong>εὑρίσκοιντο</strong></span> <span class='ocrx_word' id='word_1_634' title='bbox 3228 3652 3321 3706; x_wconf 78' lang='grc' dir='ltr'><strong>ἐπὶ</strong></span> <span class='ocrx_word' id='word_1_635' title='bbox 3341 3652 3441 3724; x_wconf 86' lang='grc' dir='ltr'><strong>γῆς</strong></span> <span class='ocrx_word' id='word_1_636' title='bbox 3456 3651 3709 3718; x_wconf 86' lang='grc' dir='ltr'><strong>τοιοῦτοι,</strong></span> 
     </span>
    </p>
   </div>
   <div class='ocr_carea' id='block_1_77' title="bbox 2139 3723 3714 3816">
    <p class='ocr_par' dir='ltr' id='par_1_77' title="bbox 2139 3723 3714 3816">
     <span class='ocr_line' id='line_1_77' title="bbox 2139 3723 3714 3816; baseline 0.003 -22"><span class='ocrx_word' id='word_1_637' title='bbox 2139 3741 2200 3794; x_wconf 78' lang='grc' dir='ltr'><strong>έν</strong></span> <span class='ocrx_word' id='word_1_638' title='bbox 2244 3739 2302 3795; x_wconf 84' lang='grc' dir='ltr'><strong>δὲ</strong></span> <span class='ocrx_word' id='word_1_639' title='bbox 2473 3741 2589 3793; x_wconf 84' lang='grc' dir='ltr'><strong>κατ’</strong></span> <span class='ocrx_word' id='word_1_640' title='bbox 2637 3741 2864 3813; x_wconf 83' lang='grc' dir='ltr'><strong>οὐρανὸν</strong></span> <span class='ocrx_word' id='word_1_641' title='bbox 2923 3742 3334 3816; x_wconf 80' lang='grc' dir='ltr'><strong>χρηματιζούσῃ</strong></span> <span class='ocrx_word' id='word_1_642' title='bbox 3380 3723 3512 3798; x_wconf 89' lang='grc' dir='ltr'>Θεοῦ</span> <span class='ocrx_word' id='word_1_643' title='bbox 3562 3743 3714 3799; x_wconf 88' lang='grc' dir='ltr'><strong>πόλει</strong></span> 
     </span>
    </p>
   </div>
   <div class='ocr_carea' id='block_1_78' title="bbox 2137 3831 3717 3908">
    <p class='ocr_par' dir='ltr' id='par_1_78' title="bbox 2137 3831 3717 3908">
     <span class='ocr_line' id='line_1_78' title="bbox 2137 3831 3717 3908; baseline 0.003 -24"><span class='ocrx_word' id='word_1_644' title='bbox 2137 3831 2366 3904; x_wconf 87' lang='grc' dir='ltr'><strong>πληθύει</strong></span> <span class='ocrx_word' id='word_1_645' title='bbox 2381 3831 2443 3885; x_wconf 87' lang='grc' dir='ltr'><strong>τὸ</strong></span> <span class='ocrx_word' id='word_1_646' title='bbox 2455 3831 2551 3886; x_wconf 91' lang='grc' dir='ltr'>τοῦ</span> <span class='ocrx_word' id='word_1_647' title='bbox 2573 3831 2707 3886; x_wconf 91' lang='grc' dir='ltr'>Θεοῦ</span> <span class='ocrx_word' id='word_1_648' title='bbox 2733 3835 3066 3906; x_wconf 80' lang='grc' dir='ltr'><strong>οἰκητήριον,</strong></span> <span class='ocrx_word' id='word_1_649' title='bbox 3091 3836 3149 3888; x_wconf 81' lang='grc' dir='ltr'><strong>ὲν</strong></span> <span class='ocrx_word' id='word_1_650' title='bbox 3173 3835 3443 3904; x_wconf 81' lang='grc' dir='ltr'><strong>ἀγγέλοις,</strong></span> <span class='ocrx_word' id='word_1_651' title='bbox 3471 3836 3566 3890; x_wconf 73' lang='grc' dir='ltr'><strong>καὶ</strong></span> <span class='ocrx_word' id='word_1_652' title='bbox 3584 3835 3717 3908; x_wconf 85' lang='grc' dir='ltr'><strong>ἀρχ-</strong></span> 
     </span>
    </p>
   </div>
   <div class='ocr_carea' id='block_1_79' title="bbox 2137 3923 3715 3996">
    <p class='ocr_par' dir='ltr' id='par_1_79' title="bbox 2137 3923 3715 3996">
     <span class='ocr_line' id='line_1_79' title="bbox 2137 3923 3715 3996; baseline 0.003 -20"><span class='ocrx_word' id='word_1_653' title='bbox 2137 3923 2409 3993; x_wconf 87' lang='grc' dir='ltr'><strong>αγγέλοις,</strong></span> <span class='ocrx_word' id='word_1_654' title='bbox 2433 3927 2526 3978; x_wconf 77' lang='grc' dir='ltr'><strong>καὶ</strong></span> <span class='ocrx_word' id='word_1_655' title='bbox 2567 3923 2735 3988; x_wconf 90' lang='grc' dir='ltr'><strong>θείαις</strong></span> <span class='ocrx_word' id='word_1_656' title='bbox 2763 3924 3047 3996; x_wconf 89' lang='grc' dir='ltr'><strong>δυνάμεσι,</strong></span> <span class='ocrx_word' id='word_1_657' title='bbox 3069 3928 3164 3979; x_wconf 74' lang='grc' dir='ltr'><strong>καὶ</strong></span> <span class='ocrx_word' id='word_1_658' title='bbox 3188 3925 3492 3996; x_wconf 84' lang='grc' dir='ltr'><strong>πνεύμασιν</strong></span> <span class='ocrx_word' id='word_1_659' title='bbox 3515 3927 3715 3994; x_wconf 84' lang='grc' dir='ltr'><strong>ἀγίοις⁶</strong></span> 
     </span>
    </p>
   </div>
   <div class='ocr_carea' id='block_1_80' title="bbox 2137 4016 3714 4090">
    <p class='ocr_par' dir='ltr' id='par_1_80' title="bbox 2137 4016 3714 4090">
     <span class='ocr_line' id='line_1_80' title="bbox 2137 4016 3714 4090; baseline 0.002 -21"><span class='ocrx_word' id='word_1_660' title='bbox 2137 4016 2359 4079; x_wconf 80' lang='grc' dir='ltr'><strong>εἰκότως</strong></span> <span class='ocrx_word' id='word_1_661' title='bbox 2387 4017 2490 4070; x_wconf 86' lang='grc' dir='ltr'><strong>τὸν,</strong></span> <span class='ocrx_word' id='word_1_662' title='bbox 2501 4016 2665 4071; x_wconf 88' lang='grc' dir='ltr'><strong>τόπον</strong></span> <span class='ocrx_word' id='word_1_663' title='bbox 2681 4016 2773 4070; x_wconf 89' lang='grc' dir='ltr'>τοῦ</span> <span class='ocrx_word' id='word_1_664' title='bbox 2798 4018 2933 4071; x_wconf 83' lang='grc' dir='ltr'>Θεοῦ</span> <span class='ocrx_word' id='word_1_665' title='bbox 2959 4018 3087 4090; x_wconf 82' lang='grc' dir='ltr'><strong>παρ’</strong></span> <span class='ocrx_word' id='word_1_666' title='bbox 3109 4019 3334 4082; x_wconf 75' lang='grc' dir='ltr'><strong>ἐκείνοις</strong></span> <span class='ocrx_word' id='word_1_667' title='bbox 3356 4018 3499 4073; x_wconf 80' lang='grc' dir='ltr'><strong>είποι</strong></span> <span class='ocrx_word' id='word_1_668' title='bbox 3520 4018 3587 4073; x_wconf 83' lang='grc' dir='ltr'><strong>ἀν</strong></span> <span class='ocrx_word' id='word_1_669' title='bbox 3604 4032 3714 4085; x_wconf 85' lang='grc' dir='ltr'><strong>τις,</strong></span> 
     </span>
    </p>
   </div>
   <div class='ocr_carea' id='block_1_81' title="bbox 2137 4103 3717 4183">
    <p class='ocr_par' dir='ltr' id='par_1_81' title="bbox 2137 4103 3717 4183">
     <span class='ocr_line' id='line_1_81' title="bbox 2137 4103 3717 4183; baseline 0.003 -23"><span class='ocrx_word' id='word_1_670' title='bbox 2137 4106 2395 4178; x_wconf 79' lang='grc' dir='ltr'><strong>κάκείνην</strong></span> <span class='ocrx_word' id='word_1_671' title='bbox 2439 4103 2577 4161; x_wconf 69' lang='grc' dir='ltr'><strong>εἶναι</strong></span> <span class='ocrx_word' id='word_1_672' title='bbox 2616 4109 2716 4180; x_wconf 77' lang='grc' dir='ltr'><strong>τὴν</strong></span> <span class='ocrx_word' id='word_1_673' title='bbox 2758 4108 2981 4181; x_wconf 80' lang='grc' dir='ltr'><strong>εἰρήνην</strong></span> <span class='ocrx_word' id='word_1_674' title='bbox 3022 4107 3237 4178; x_wconf 82' lang='grc' dir='ltr'><strong>ἀληθῶς</strong></span> <span class='ocrx_word' id='word_1_675' title='bbox 3267 4108 3458 4183; x_wconf 79' lang='grc' dir='ltr'><strong>Σαλὴμ</strong></span> <span class='ocrx_word' id='word_1_676' title='bbox 3481 4108 3717 4164; x_wconf 75' lang='grc' dir='ltr'><strong>ἐνταῦθα</strong></span> 
     </span>
    </p>
   </div>
   <div class='ocr_carea' id='block_1_82' title="bbox 2137 4198 3718 4272">
    <p class='ocr_par' dir='ltr' id='par_1_82' title="bbox 2137 4198 3718 4272">
     <span class='ocr_line' id='line_1_82' title="bbox 2137 4198 3718 4272; baseline 0.003 -22"><span class='ocrx_word' id='word_1_677' title='bbox 2137 4199 2281 4253; x_wconf 86' lang='grc' dir='ltr'><strong>κατὰ</strong></span> <span class='ocrx_word' id='word_1_678' title='bbox 2302 4200 2400 4270; x_wconf 79' lang='grc' dir='ltr'><strong>τὴν</strong></span> <span class='ocrx_word' id='word_1_679' title='bbox 2447 4198 2737 4272; x_wconf 79' lang='grc' dir='ltr'><strong>Ἑϐραῖκὴν</strong></span> <span class='ocrx_word' id='word_1_680' title='bbox 2764 4198 2946 4271; x_wconf 83' lang='grc' dir='ltr'><strong>φωνὴν</strong></span> <span class='ocrx_word' id='word_1_681' title='bbox 2977 4199 3390 4272; x_wconf 84' lang='grc' dir='ltr'><strong>ὠνομασμένην.</strong></span> <span class='ocrx_word' id='word_1_682' title='bbox 3434 4199 3526 4254; x_wconf 90' lang='grc' dir='ltr'><strong>Διὸ</strong></span> <span class='ocrx_word' id='word_1_683' title='bbox 3557 4201 3651 4254; x_wconf 79' lang='grc' dir='ltr'><strong>καὶ</strong></span> <span class='ocrx_word' id='word_1_684' title='bbox 3683 4200 3718 4254; x_wconf 84' lang='lat'><strong>6</strong></span> 
     </span>
    </p>
   </div>
   <div class='ocr_carea' id='block_1_83' title="bbox 2136 4289 3715 4361">
    <p class='ocr_par' dir='ltr' id='par_1_83' title="bbox 2136 4289 3715 4361">
     <span class='ocr_line' id='line_1_83' title="bbox 2136 4289 3715 4361; baseline 0.003 -20"><span class='ocrx_word' id='word_1_685' title='bbox 2136 4289 2456 4354; x_wconf 85' lang='grc' dir='ltr'><strong>Ἀπόστολος</strong></span> <span class='ocrx_word' id='word_1_686' title='bbox 2473 4290 2676 4360; x_wconf 87' lang='grc' dir='ltr'><strong>ταύτην</strong></span> <span class='ocrx_word' id='word_1_687' title='bbox 2695 4289 2848 4354; x_wconf 87' lang='grc' dir='ltr'><strong>εἰδὼς</strong></span> <span class='ocrx_word' id='word_1_688' title='bbox 2870 4289 3074 4360; x_wconf 76' lang='grc' dir='ltr'><strong>ἔλεγενο</strong></span> <span class='ocrx_word' id='word_1_689' title='bbox 3112 4293 3172 4350; x_wconf 83' lang='grc' dir='ltr'>Ἡ</span> <span class='ocrx_word' id='word_1_690' title='bbox 3185 4292 3254 4346; x_wconf 69' lang='grc' dir='ltr'><strong>δὲ</strong></span> <span class='ocrx_word' id='word_1_691' title='bbox 3269 4291 3391 4347; x_wconf 81' lang='grc' dir='ltr'><strong>ἄνω</strong></span> <span class='ocrx_word' id='word_1_692' title='bbox 3423 4293 3715 4361; x_wconf 85' lang='grc' dir='ltr'><strong>Ἰερουσα-</strong></span> 
     </span>
    </p>
   </div>
   <div class='ocr_carea' id='block_1_84' title="bbox 2135 4379 3715 4457">
    <p class='ocr_par' dir='ltr' id='par_1_84' title="bbox 2135 4379 3715 4457">
     <span class='ocr_line' id='line_1_84' title="bbox 2135 4379 3715 4457; baseline 0.001 -22"><span class='ocrx_word' id='word_1_693' title='bbox 2135 4379 2262 4450; x_wconf 69' lang='grc' dir='ltr'><strong>λὴμ</strong></span> <span class='ocrx_word' id='word_1_694' title='bbox 2275 4380 2560 4449; x_wconf 72' lang='grc' dir='ltr'><strong>ἐλευθέρα</strong></span> <span class='ocrx_word' id='word_1_695' title='bbox 2582 4381 2771 4448; x_wconf 80' lang='grc' dir='ltr'><strong>ἐστίν,</strong></span> <span class='ocrx_word' id='word_1_696' title='bbox 2796 4381 2927 4450; x_wconf 84' lang='grc' dir='ltr'><strong>ἣτις</strong></span> <span class='ocrx_word' id='word_1_697' title='bbox 2947 4381 3077 4436; x_wconf 71' lang='grc' dir='ltr'><strong>ἐστὶ</strong></span> <span class='ocrx_word' id='word_1_698' title='bbox 3097 4385 3295 4454; x_wconf 78' lang='grc' dir='ltr'><strong>μήτηρ</strong></span> <span class='ocrx_word' id='word_1_699' title='bbox 3317 4383 3503 4454; x_wconf 79' lang='grc' dir='ltr'><strong>ἡμῶν.</strong></span> <span class='ocrx_word' id='word_1_700' title='bbox 3522 4384 3715 4457; x_wconf 78' lang='grc' dir='ltr'><strong>Σαλὴμ</strong></span> 
     </span>
    </p>
   </div>
   <div class='ocr_carea' id='block_1_85' title="bbox 462 4461 2043 4564">
    <p class='ocr_par' dir='ltr' id='par_1_85' title="bbox 462 4461 2030 4535">
     <span class='ocr_line' id='line_1_85' title="bbox 462 4461 2030 4535; baseline -0.001 -19"><span class='ocrx_word' id='word_1_701' title='bbox 462 4461 763 4517; x_wconf 80' lang='lat' dir='ltr'><strong>virtutibus</strong></span> <span class='ocrx_word' id='word_1_702' title='bbox 788 4463 1059 4517; x_wconf 72' lang='lat' dir='ltr'><strong>exsistunt</strong></span> <span class='ocrx_word' id='word_1_703' title='bbox 1084 4480 1098 4517; x_wconf 91' lang='lat'>:</span> <span class='ocrx_word' id='word_1_704' title='bbox 1130 4463 1185 4516; x_wconf 91' lang='lat' dir='ltr'><strong>in</strong></span> <span class='ocrx_word' id='word_1_705' title='bbox 1212 4463 1414 4533; x_wconf 90' lang='lat' dir='ltr'><strong>quibus</strong></span> <span class='ocrx_word' id='word_1_706' title='bbox 1441 4462 1585 4519; x_wconf 91' lang='lat' dir='ltr'><strong>Deus</strong></span> <span class='ocrx_word' id='word_1_707' title='bbox 1611 4465 1728 4535; x_wconf 81' lang='lat' dir='ltr'><strong>ipse</strong></span> <span class='ocrx_word' id='word_1_708' title='bbox 1756 4462 2030 4528; x_wconf 89' lang='lat' dir='ltr'><strong>ambulat,</strong></span> 
     </span>
    </p>
   </div>
   <div class='ocr_carea' id='block_1_86' title="bbox 2142 4461 3715 4564">
    <p class='ocr_par' dir='ltr' id='par_1_86' title="bbox 2142 4472 3715 4550">
     <span class='ocr_line' id='line_1_86' title="bbox 2142 4472 3715 4550; baseline 0.004 -25"><span class='ocrx_word' id='word_1_709' title='bbox 2142 4473 2240 4544; x_wconf 84' lang='grc' dir='ltr'><strong>μὲν</strong></span> <span class='ocrx_word' id='word_1_710' title='bbox 2266 4473 2374 4545; x_wconf 84' lang='grc' dir='ltr'><strong>γὰρ</strong></span> <span class='ocrx_word' id='word_1_711' title='bbox 2406 4472 2765 4544; x_wconf 77' lang='grc' dir='ltr'><strong>ἑρμηνεύεται</strong></span> <span class='ocrx_word' id='word_1_712' title='bbox 2795 4475 3025 4544; x_wconf 79' lang='grc' dir='ltr'><strong>εἰρήνη,</strong></span> <span class='ocrx_word' id='word_1_713' title='bbox 3078 4476 3430 4550; x_wconf 80' lang='grc' dir='ltr'><strong>Ἰερουσαλὴμ</strong></span> <span class='ocrx_word' id='word_1_714' title='bbox 3473 4477 3532 4530; x_wconf 85' lang='grc' dir='ltr'><strong>δὲ</strong></span> <span class='ocrx_word' id='word_1_715' title='bbox 3574 4477 3715 4546; x_wconf 85' lang='grc' dir='ltr'><strong>ὅρα-</strong></span> 
     </span>
    </p>
   </div>
   <div class='ocr_carea' id='block_1_87' title="bbox 459 4551 2034 4624">
    <p class='ocr_par' dir='ltr' id='par_1_87' title="bbox 459 4551 2034 4624">
     <span class='ocr_line' id='line_1_87' title="bbox 459 4551 2034 4624; baseline 0.001 -18"><span class='ocrx_word' id='word_1_716' title='bbox 459 4560 656 4623; x_wconf 78' lang='lat' dir='ltr'><strong>utpote</strong></span> <span class='ocrx_word' id='word_1_717' title='bbox 699 4568 820 4623; x_wconf 73' lang='lat' dir='ltr'><strong>quae</strong></span> <span class='ocrx_word' id='word_1_718' title='bbox 860 4553 979 4618; x_wconf 79' lang='lat' dir='ltr'><strong>eius</strong></span> <span class='ocrx_word' id='word_1_719' title='bbox 1021 4553 1278 4609; x_wconf 89' lang='lat' dir='ltr'><strong>deitatem</strong></span> <span class='ocrx_word' id='word_1_720' title='bbox 1323 4569 1518 4624; x_wconf 86' lang='lat' dir='ltr'><strong>capere</strong></span> <span class='ocrx_word' id='word_1_721' title='bbox 1557 4555 1794 4609; x_wconf 88' lang='lat' dir='ltr'><strong>valeant.</strong></span> <span class='ocrx_word' id='word_1_722' title='bbox 1829 4551 2034 4608; x_wconf 91' lang='lat' dir='ltr'><strong>Deinde</strong></span> 
     </span>
    </p>
   </div>
   <div class='ocr_carea' id='block_1_88' title="bbox 465 4641 2037 4712">
    <p class='ocr_par' dir='ltr' id='par_1_88' title="bbox 465 4641 2037 4712">
     <span class='ocr_line' id='line_1_88' title="bbox 465 4641 2037 4712; baseline -0.001 -14"><span class='ocrx_word' id='word_1_723' title='bbox 465 4645 706 4698; x_wconf 85' lang='lat' dir='ltr'><strong>dicitur:</strong></span> <span class='ocrx_word' id='word_1_724' title='bbox 754 4641 824 4697; x_wconf 87' lang='lat' dir='ltr'><strong>Et</strong></span> <span class='ocrx_word' id='word_1_725' title='bbox 867 4643 1126 4697; x_wconf 79' lang='lat' dir='ltr'><strong>habitatio</strong></span> <span class='ocrx_word' id='word_1_726' title='bbox 1166 4644 1280 4712; x_wconf 87' lang='lat' dir='ltr'><strong>ejus</strong></span> <span class='ocrx_word' id='word_1_727' title='bbox 1310 4645 1366 4697; x_wconf 82' lang='lat' dir='ltr'><strong>in</strong></span> <span class='ocrx_word' id='word_1_728' title='bbox 1395 4642 1546 4699; x_wconf 78' lang='lat' dir='ltr'><strong>Sion.</strong></span> <span class='ocrx_word' id='word_1_729' title='bbox 1579 4643 1777 4698; x_wconf 80' lang='lat' dir='ltr'><strong>Postea</strong></span> <span class='ocrx_word' id='word_1_730' title='bbox 1804 4641 2037 4710; x_wconf 89' lang='lat' dir='ltr'><strong>subjun-</strong></span> 
     </span>
    </p>
   </div>
   <div class='ocr_carea' id='block_1_89' title="bbox 463 4733 2032 4805">
    <p class='ocr_par' dir='ltr' id='par_1_89' title="bbox 463 4733 2032 4805">
     <span class='ocr_line' id='line_1_89' title="bbox 463 4733 2032 4805; baseline -0.001 -17"><span class='ocrx_word' id='word_1_731' title='bbox 463 4736 612 4805; x_wconf 73' lang='lat' dir='ltr'><strong>gitur</strong></span> <span class='ocrx_word' id='word_1_732' title='bbox 639 4754 653 4791; x_wconf 91' lang='lat'>:</span> <span class='ocrx_word' id='word_1_733' title='bbox 679 4765 752 4775; x_wconf 96' lang='lat'><strong>—</strong></span> <span class='ocrx_word' id='word_1_734' title='bbox 777 4733 944 4790; x_wconf 61' lang='grc' dir='ltr'><strong>Ἴης.</strong></span> <span class='ocrx_word' id='word_1_735' title='bbox 970 4736 1024 4788; x_wconf 72' lang='grc'><strong>4.</strong></span> <span class='ocrx_word' id='word_1_736' title='bbox 1071 4733 1156 4788; x_wconf 84' lang='lat' dir='ltr'><strong>Ibi</strong></span> <span class='ocrx_word' id='word_1_737' title='bbox 1194 4735 1450 4805; x_wconf 79' lang='lat' dir='ltr'><strong>confregit</strong></span> <span class='ocrx_word' id='word_1_738' title='bbox 1489 4733 1749 4803; x_wconf 77' lang='lat' dir='ltr'><strong>potentias</strong></span> <span class='ocrx_word' id='word_1_739' title='bbox 1779 4749 1997 4788; x_wconf 85' lang='lat' dir='ltr'><strong>arcuum</strong></span> <span class='ocrx_word' id='word_1_740' title='bbox 2015 4771 2032 4798; x_wconf 88' lang='lat'><strong>,</strong></span> 
     </span>
    </p>
   </div>
   <div class='ocr_carea' id='block_1_90' title="bbox 465 4823 2036 4896">
    <p class='ocr_par' dir='ltr' id='par_1_90' title="bbox 465 4823 2036 4896">
     <span class='ocr_line' id='line_1_90' title="bbox 465 4823 2036 4896; baseline 0 -18"><span class='ocrx_word' id='word_1_741' title='bbox 465 4825 629 4879; x_wconf 86' lang='lat' dir='ltr'><strong>telum</strong></span> <span class='ocrx_word' id='word_1_742' title='bbox 649 4865 664 4887; x_wconf 88' lang='lat'><strong>,</strong></span> <span class='ocrx_word' id='word_1_743' title='bbox 695 4825 931 4896; x_wconf 85' lang='lat' dir='ltr'><strong>gladium</strong></span> <span class='ocrx_word' id='word_1_744' title='bbox 959 4833 1009 4878; x_wconf 87' lang='lat' dir='ltr'><strong>et</strong></span> <span class='ocrx_word' id='word_1_745' title='bbox 1039 4824 1254 4879; x_wconf 77' lang='lat' dir='ltr'><strong>bellum.</strong></span> <span class='ocrx_word' id='word_1_746' title='bbox 1301 4823 1403 4879; x_wconf 84' lang='lat' dir='ltr'><strong>Hic</strong></span> <span class='ocrx_word' id='word_1_747' title='bbox 1433 4839 1654 4879; x_wconf 90' lang='lat' dir='ltr'><strong>rursum</strong></span> <span class='ocrx_word' id='word_1_748' title='bbox 1675 4867 1689 4890; x_wconf 94' lang='lat'><strong>,</strong></span> <span class='ocrx_word' id='word_1_749' title='bbox 1721 4824 1767 4880; x_wconf 92' lang='lat' dir='ltr'><strong>si</strong></span> <span class='ocrx_word' id='word_1_750' title='bbox 1808 4825 1865 4879; x_wconf 91' lang='lat' dir='ltr'><strong>in</strong></span> <span class='ocrx_word' id='word_1_751' title='bbox 1910 4839 2036 4880; x_wconf 89' lang='lat' dir='ltr'><strong>sen-</strong></span> 
     </span>
    </p>
   </div>
   <div class='ocr_carea' id='block_1_91' title="bbox 460 4913 2035 4987">
    <p class='ocr_par' dir='ltr' id='par_1_91' title="bbox 460 4913 2035 4987">
     <span class='ocr_line' id='line_1_91' title="bbox 460 4913 2035 4987; baseline 0.001 -18"><span class='ocrx_word' id='word_1_752' title='bbox 460 4913 614 4970; x_wconf 80' lang='lat' dir='ltr'><strong>sibili</strong></span> <span class='ocrx_word' id='word_1_753' title='bbox 659 4922 713 4969; x_wconf 88' lang='lat' dir='ltr'><strong>et</strong></span> <span class='ocrx_word' id='word_1_754' title='bbox 753 4920 974 4971; x_wconf 90' lang='lat' dir='ltr'><strong>terrena</strong></span> <span class='ocrx_word' id='word_1_755' title='bbox 1029 4913 1163 4969; x_wconf 87' lang='lat' dir='ltr'><strong>Sion</strong></span> <span class='ocrx_word' id='word_1_756' title='bbox 1214 4915 1330 4970; x_wconf 67' lang='lat' dir='ltr'><strong>haec</strong></span> <span class='ocrx_word' id='word_1_757' title='bbox 1371 4923 1522 4987; x_wconf 78' lang='lat' dir='ltr'><strong>gesta</strong></span> <span class='ocrx_word' id='word_1_758' title='bbox 1551 4923 1774 4978; x_wconf 88' lang='lat' dir='ltr'><strong>essent,</strong></span> <span class='ocrx_word' id='word_1_759' title='bbox 1809 4930 1918 4970; x_wconf 93' lang='lat' dir='ltr'><strong>non</strong></span> <span class='ocrx_word' id='word_1_760' title='bbox 1951 4930 2035 4971; x_wconf 84' lang='lat' dir='ltr'><strong>es-</strong></span> 
     </span>
    </p>
   </div>
   <div class='ocr_carea' id='block_1_92' title="bbox 463 5004 2034 5077">
    <p class='ocr_par' dir='ltr' id='par_1_92' title="bbox 463 5004 2034 5077">
     <span class='ocr_line' id='line_1_92' title="bbox 463 5004 2034 5077; baseline -0.002 -13"><span class='ocrx_word' id='word_1_761' title='bbox 463 5013 550 5064; x_wconf 85' lang='lat' dir='ltr'><strong>set</strong></span> <span class='ocrx_word' id='word_1_762' title='bbox 586 5021 752 5062; x_wconf 88' lang='lat' dir='ltr'><strong>causa</strong></span> <span class='ocrx_word' id='word_1_763' title='bbox 797 5005 1071 5062; x_wconf 85' lang='lat' dir='ltr'><strong>invidendi</strong></span> <span class='ocrx_word' id='word_1_764' title='bbox 1112 5004 1316 5062; x_wconf 66' lang='lat' dir='ltr'><strong>Iudaeis</strong></span> <span class='ocrx_word' id='word_1_765' title='bbox 1361 5007 1440 5063; x_wconf 90' lang='lat' dir='ltr'><strong>sic</strong></span> <span class='ocrx_word' id='word_1_766' title='bbox 1477 5006 1753 5077; x_wconf 86' lang='lat' dir='ltr'><strong>explicare</strong></span> <span class='ocrx_word' id='word_1_767' title='bbox 1797 5009 2034 5063; x_wconf 86' lang='lat' dir='ltr'><strong>volenti-</strong></span> 
     </span>
    </p>
   </div>
   <div class='ocr_carea' id='block_1_93' title="bbox 462 5097 2034 5170">
    <p class='ocr_par' dir='ltr' id='par_1_93' title="bbox 462 5097 2034 5170">
     <span class='ocr_line' id='line_1_93' title="bbox 462 5097 2034 5170; baseline 0 -16"><span class='ocrx_word' id='word_1_768' title='bbox 462 5099 605 5166; x_wconf 85' lang='lat' dir='ltr'><strong>bus;</strong></span> <span class='ocrx_word' id='word_1_769' title='bbox 648 5097 794 5168; x_wconf 88' lang='lat' dir='ltr'><strong>quod</strong></span> <span class='ocrx_word' id='word_1_770' title='bbox 828 5097 875 5154; x_wconf 87' lang='lat' dir='ltr'><strong>si</strong></span> <span class='ocrx_word' id='word_1_771' title='bbox 923 5097 1058 5168; x_wconf 88' lang='lat' dir='ltr'><strong>ipsis</strong></span> <span class='ocrx_word' id='word_1_772' title='bbox 1087 5099 1249 5154; x_wconf 91' lang='lat' dir='ltr'><strong>rebus</strong></span> <span class='ocrx_word' id='word_1_773' title='bbox 1277 5099 1445 5169; x_wconf 83' lang='lat' dir='ltr'><strong>gestis</strong></span> <span class='ocrx_word' id='word_1_774' title='bbox 1475 5099 1814 5154; x_wconf 83' lang='lat' dir='ltr'><strong>contrarium</strong></span> <span class='ocrx_word' id='word_1_775' title='bbox 1867 5114 2034 5170; x_wconf 89' lang='lat' dir='ltr'><strong>appa-</strong></span> 
     </span>
    </p>
   </div>
   <div class='ocr_carea' id='block_1_94' title="bbox 460 5189 2029 5261">
    <p class='ocr_par' dir='ltr' id='par_1_94' title="bbox 460 5189 2029 5261">
     <span class='ocr_line' id='line_1_94' title="bbox 460 5189 2029 5261; baseline 0.001 -17"><span class='ocrx_word' id='word_1_776' title='bbox 460 5196 608 5255; x_wconf 87' lang='lat' dir='ltr'><strong>reat,</strong></span> <span class='ocrx_word' id='word_1_777' title='bbox 659 5189 788 5261; x_wconf 90' lang='lat' dir='ltr'><strong>quia</strong></span> <span class='ocrx_word' id='word_1_778' title='bbox 839 5189 895 5243; x_wconf 89' lang='lat' dir='ltr'><strong>in</strong></span> <span class='ocrx_word' id='word_1_779' title='bbox 936 5189 1223 5244; x_wconf 90' lang='lat' dir='ltr'><strong>obsidione</strong></span> <span class='ocrx_word' id='word_1_780' title='bbox 1269 5189 1616 5244; x_wconf 90' lang='lat' dir='ltr'><strong>inimicorum</strong></span> <span class='ocrx_word' id='word_1_781' title='bbox 1662 5189 1844 5245; x_wconf 90' lang='lat' dir='ltr'><strong>diruta</strong></span> <span class='ocrx_word' id='word_1_782' title='bbox 1888 5190 2029 5260; x_wconf 84' lang='lat' dir='ltr'><strong>fuit;</strong></span> 
     </span>
    </p>
   </div>
   <div class='ocr_carea' id='block_1_95' title="bbox 460 5277 2033 5350">
    <p class='ocr_par' dir='ltr' id='par_1_95' title="bbox 460 5277 2033 5350">
     <span class='ocr_line' id='line_1_95' title="bbox 460 5277 2033 5350; baseline 0.003 -18"><span class='ocrx_word' id='word_1_783' title='bbox 460 5278 837 5334; x_wconf 90' lang='lat' dir='ltr'><strong>necessarium</strong></span> <span class='ocrx_word' id='word_1_784' title='bbox 867 5285 952 5334; x_wconf 87' lang='lat' dir='ltr'><strong>est</strong></span> <span class='ocrx_word' id='word_1_785' title='bbox 985 5278 1076 5332; x_wconf 90' lang='lat' dir='ltr'><strong>hic</strong></span> <span class='ocrx_word' id='word_1_786' title='bbox 1112 5277 1366 5341; x_wconf 88' lang='lat' dir='ltr'><strong>Sionem,</strong></span> <span class='ocrx_word' id='word_1_787' title='bbox 1408 5294 1529 5349; x_wconf 70' lang='lat' dir='ltr'><strong>qua:</strong></span> <span class='ocrx_word' id='word_1_788' title='bbox 1567 5293 1690 5333; x_wconf 90' lang='lat' dir='ltr'><strong>cum</strong></span> <span class='ocrx_word' id='word_1_789' title='bbox 1734 5294 1869 5350; x_wconf 90' lang='lat' dir='ltr'><strong>pace</strong></span> <span class='ocrx_word' id='word_1_790' title='bbox 1907 5296 2033 5336; x_wconf 87' lang='lat' dir='ltr'><strong>con-</strong></span> 
     </span>
    </p>
   </div>
   <div class='ocr_carea' id='block_1_96' title="bbox 459 5368 2029 5442">
    <p class='ocr_par' dir='ltr' id='par_1_96' title="bbox 459 5368 2029 5442">
     <span class='ocr_line' id='line_1_96' title="bbox 459 5368 2029 5442; baseline 0.003 -19"><span class='ocrx_word' id='word_1_791' title='bbox 459 5377 642 5440; x_wconf 86' lang='lat' dir='ltr'><strong>gruat,</strong></span> <span class='ocrx_word' id='word_1_792' title='bbox 674 5370 997 5442; x_wconf 80' lang='lat' dir='ltr'><strong>intelligere,</strong></span> <span class='ocrx_word' id='word_1_793' title='bbox 1020 5370 1228 5425; x_wconf 88' lang='lat' dir='ltr'><strong>scilicet</strong></span> <span class='ocrx_word' id='word_1_794' title='bbox 1257 5369 1554 5425; x_wconf 87' lang='lat' dir='ltr'><strong>Ecclesiam</strong></span> <span class='ocrx_word' id='word_1_795' title='bbox 1583 5368 1677 5425; x_wconf 93' lang='lat' dir='ltr'><strong>Dei</strong></span> <span class='ocrx_word' id='word_1_796' title='bbox 1708 5389 1723 5438; x_wconf 92' lang='lat'><strong>;</strong></span> <span class='ocrx_word' id='word_1_797' title='bbox 1753 5372 1836 5426; x_wconf 91' lang='lat' dir='ltr'><strong>vel</strong></span> <span class='ocrx_word' id='word_1_798' title='bbox 1866 5371 2029 5427; x_wconf 86' lang='lat' dir='ltr'><strong>etiam</strong></span> 
     </span>
    </p>
   </div>
   <div class='ocr_carea' id='block_1_97' title="bbox 461 5460 2031 5532">
    <p class='ocr_par' dir='ltr' id='par_1_97' title="bbox 461 5460 2031 5532">
     <span class='ocr_line' id='line_1_97' title="bbox 461 5460 2031 5532; baseline 0.005 -20"><span class='ocrx_word' id='word_1_799' title='bbox 461 5461 738 5516; x_wconf 66' lang='lat' dir='ltr'><strong>caelestem</strong></span> <span class='ocrx_word' id='word_1_800' title='bbox 780 5460 928 5514; x_wconf 88' lang='lat' dir='ltr'><strong>illam</strong></span> <span class='ocrx_word' id='word_1_801' title='bbox 969 5460 1038 5516; x_wconf 91' lang='lat' dir='ltr'><strong>de</strong></span> <span class='ocrx_word' id='word_1_802' title='bbox 1077 5476 1184 5531; x_wconf 90' lang='lat' dir='ltr'><strong>qua</strong></span> <span class='ocrx_word' id='word_1_803' title='bbox 1225 5461 1444 5517; x_wconf 88' lang='lat' dir='ltr'><strong>divinus</strong></span> <span class='ocrx_word' id='word_1_804' title='bbox 1480 5463 1776 5532; x_wconf 83' lang='lat' dir='ltr'><strong>Apostolus</strong></span> <span class='ocrx_word' id='word_1_805' title='bbox 1803 5463 1917 5518; x_wconf 71' lang='lat' dir='ltr'><strong>haec</strong></span> <span class='ocrx_word' id='word_1_806' title='bbox 1941 5464 2031 5520; x_wconf 79' lang='lat' dir='ltr'><strong>de-</strong></span> 
     </span>
    </p>
   </div>
   <div class='ocr_carea' id='block_1_98' title="bbox 461 5550 2028 5619">
    <p class='ocr_par' dir='ltr' id='par_1_98' title="bbox 461 5550 2028 5619">
     <span class='ocr_line' id='line_1_98' title="bbox 461 5550 2028 5619; baseline 0.005 -19"><span class='ocrx_word' id='word_1_807' title='bbox 461 5550 690 5605; x_wconf 71' lang='lat' dir='ltr'><strong>claravit</strong></span> <span class='ocrx_word' id='word_1_808' title='bbox 715 5567 729 5604; x_wconf 90' lang='lat'><strong>:</strong></span> <span class='ocrx_word' id='word_1_809' title='bbox 764 5550 1077 5607; x_wconf 77' lang='lat' dir='ltr'><strong>Accessistis</strong></span> <span class='ocrx_word' id='word_1_810' title='bbox 1108 5551 1178 5606; x_wconf 85' lang='lat' dir='ltr'><strong>ad</strong></span> <span class='ocrx_word' id='word_1_811' title='bbox 1213 5552 1346 5607; x_wconf 85' lang='lat' dir='ltr'><strong>Sion</strong></span> <span class='ocrx_word' id='word_1_812' title='bbox 1377 5561 1604 5606; x_wconf 85' lang='lat' dir='ltr'><strong>montem</strong></span> <span class='ocrx_word' id='word_1_813' title='bbox 1630 5593 1646 5619; x_wconf 89' lang='lat'><strong>,</strong></span> <span class='ocrx_word' id='word_1_814' title='bbox 1677 5563 1729 5608; x_wconf 86' lang='lat' dir='ltr'><strong>et</strong></span> <span class='ocrx_word' id='word_1_815' title='bbox 1763 5555 2028 5610; x_wconf 82' lang='lat' dir='ltr'><strong>civitatem</strong></span> 
     </span>
    </p>
   </div>
   <div class='ocr_carea' id='block_1_99' title="bbox 464 5639 2028 5710">
    <p class='ocr_par' dir='ltr' id='par_1_99' title="bbox 464 5639 2028 5710">
     <span class='ocr_line' id='line_1_99' title="bbox 464 5639 2028 5710; baseline 0.006 -18"><span class='ocrx_word' id='word_1_816' title='bbox 464 5639 559 5693; x_wconf 84' lang='lat' dir='ltr'><strong>Dei</strong></span> <span class='ocrx_word' id='word_1_817' title='bbox 584 5639 819 5709; x_wconf 72' lang='lat' dir='ltr'><strong>visentis,</strong></span> <span class='ocrx_word' id='word_1_818' title='bbox 848 5642 1146 5698; x_wconf 78' lang='lat' dir='ltr'><strong>Jerusalem</strong></span> <span class='ocrx_word' id='word_1_819' title='bbox 1180 5644 1434 5700; x_wconf 69' lang='lat' dir='ltr'><strong>caelestem</strong></span> <span class='ocrx_word' id='word_1_820' title='bbox 1459 5685 1475 5710; x_wconf 96' lang='lat'><strong>,</strong></span> <span class='ocrx_word' id='word_1_821' title='bbox 1506 5655 1555 5700; x_wconf 89' lang='lat' dir='ltr'><strong>et</strong></span> <span class='ocrx_word' id='word_1_822' title='bbox 1578 5647 1874 5702; x_wconf 86' lang='lat' dir='ltr'><strong>multorum</strong></span> <span class='ocrx_word' id='word_1_823' title='bbox 1909 5647 2028 5702; x_wconf 84' lang='lat' dir='ltr'><strong>mil-</strong></span> 
     </span>
    </p>
   </div>
   <div class='ocr_carea' id='block_1_100' title="bbox 535 5791 1696 5865">
    <p class='ocr_par' dir='ltr' id='par_1_100' title="bbox 535 5791 1696 5865">
     <span class='ocr_line' id='line_1_100' title="bbox 535 5791 1696 5865; baseline 0.01 -22"><span class='ocrx_word' id='word_1_824' title='bbox 535 5793 580 5824; x_wconf 74' lang='lat'><strong><em>“</em></strong></span> <span class='ocrx_word' id='word_1_825' title='bbox 619 5791 788 5848; x_wconf 87' lang='lat' dir='ltr'><strong>Levit.</strong></span> <span class='ocrx_word' id='word_1_826' title='bbox 824 5811 954 5854; x_wconf 70' lang='lat' dir='ltr'><strong>xxv:</strong></span> <span class='ocrx_word' id='word_1_827' title='bbox 978 5834 997 5864; x_wconf 84' lang='lat'><strong>,</strong></span> <span class='ocrx_word' id='word_1_828' title='bbox 1036 5797 1120 5851; x_wconf 76' lang='grc'><strong>12.</strong></span> <span class='ocrx_word' id='word_1_829' title='bbox 1197 5801 1238 5831; x_wconf 80' lang='grc'><strong>⁶¹</strong></span> <span class='ocrx_word' id='word_1_830' title='bbox 1277 5799 1461 5856; x_wconf 82' lang='lat' dir='ltr'><strong>Galat.</strong></span> <span class='ocrx_word' id='word_1_831' title='bbox 1503 5817 1575 5865; x_wconf 82' lang='lat' dir='ltr'><strong>Iv,</strong></span> <span class='ocrx_word' id='word_1_832' title='bbox 1607 5802 1696 5855; x_wconf 66' lang='lat'><strong>26.</strong></span> 
     </span>
    </p>
   </div>
   <div class='ocr_carea' id='block_1_101' title="bbox 2135 4559 3715 4640">
    <p class='ocr_par' dir='ltr' id='par_1_101' title="bbox 2135 4559 3715 4640">
     <span class='ocr_line' id='line_1_101' title="bbox 2135 4559 3715 4640; baseline 0.005 -23"><span class='ocrx_word' id='word_1_833' title='bbox 2135 4579 2236 4630; x_wconf 86' lang='grc' dir='ltr'><strong>σις</strong></span> <span class='ocrx_word' id='word_1_834' title='bbox 2278 4563 2539 4634; x_wconf 84' lang='grc' dir='ltr'><strong>εἰρήνης·</strong></span> <span class='ocrx_word' id='word_1_835' title='bbox 2581 4559 2650 4637; x_wconf 82' lang='grc' dir='ltr'><strong>ἧς</strong></span> <span class='ocrx_word' id='word_1_836' title='bbox 2685 4565 2746 4618; x_wconf 89' lang='grc' dir='ltr'><strong>τὸ</strong></span> <span class='ocrx_word' id='word_1_837' title='bbox 2782 4566 3029 4636; x_wconf 75' lang='grc' dir='ltr'><strong>ἐφέστιον</strong></span> <span class='ocrx_word' id='word_1_838' title='bbox 3069 4569 3126 4620; x_wconf 80' lang='grc' dir='ltr'><strong>ὲν</strong></span> <span class='ocrx_word' id='word_1_839' title='bbox 3161 4571 3281 4632; x_wconf 86' lang='grc' dir='ltr'><strong>ταῖς</strong></span> <span class='ocrx_word' id='word_1_840' title='bbox 3327 4569 3446 4622; x_wconf 87' lang='grc' dir='ltr'><strong>κατ’</strong></span> <span class='ocrx_word' id='word_1_841' title='bbox 3481 4568 3715 4640; x_wconf 82' lang='grc' dir='ltr'><strong>οὐρανὸν</strong></span> 
     </span>
    </p>
   </div>
   <div class='ocr_carea' id='block_1_102' title="bbox 2134 4653 3711 4732">
    <p class='ocr_par' dir='ltr' id='par_1_102' title="bbox 2134 4653 3711 4732">
     <span class='ocr_line' id='line_1_102' title="bbox 2134 4653 3711 4732; baseline 0.003 -23"><span class='ocrx_word' id='word_1_842' title='bbox 2134 4655 2304 4720; x_wconf 85' lang='grc' dir='ltr'><strong>θείαις</strong></span> <span class='ocrx_word' id='word_1_843' title='bbox 2332 4656 2586 4728; x_wconf 87' lang='grc' dir='ltr'><strong>τυγχάνει</strong></span> <span class='ocrx_word' id='word_1_844' title='bbox 2615 4656 2924 4728; x_wconf 70' lang='grc' dir='ltr'><strong>δυνάμεσιν*</strong></span> <span class='ocrx_word' id='word_1_845' title='bbox 2957 4659 3014 4712; x_wconf 82' lang='grc' dir='ltr'><strong>έν</strong></span> <span class='ocrx_word' id='word_1_846' title='bbox 3048 4653 3138 4724; x_wconf 82' lang='grc' dir='ltr'><strong>αἷς</strong></span> <span class='ocrx_word' id='word_1_847' title='bbox 3172 4661 3201 4713; x_wconf 90' lang='lat'><strong>6</strong></span> <span class='ocrx_word' id='word_1_848' title='bbox 3241 4659 3371 4723; x_wconf 83' lang='grc' dir='ltr'><strong>Θεὸς</strong></span> <span class='ocrx_word' id='word_1_849' title='bbox 3403 4661 3566 4724; x_wconf 79' lang='grc' dir='ltr'><strong>αὐτὸς</strong></span> <span class='ocrx_word' id='word_1_850' title='bbox 3603 4661 3711 4732; x_wconf 85' lang='grc' dir='ltr'><strong>ὲμ-</strong></span> 
     </span>
    </p>
   </div>
   <div class='ocr_carea' id='block_1_103' title="bbox 2134 4749 3706 4823">
    <p class='ocr_par' dir='ltr' id='par_1_103' title="bbox 2134 4749 3706 4823">
     <span class='ocr_line' id='line_1_103' title="bbox 2134 4749 3706 4823; baseline 0.005 -23"><span class='ocrx_word' id='word_1_851' title='bbox 2134 4751 2444 4818; x_wconf 84' lang='grc' dir='ltr'><strong>περιπατεί,</strong></span> <span class='ocrx_word' id='word_1_852' title='bbox 2485 4751 2819 4820; x_wconf 84' lang='grc' dir='ltr'><strong>χωρητικαῖς</strong></span> <span class='ocrx_word' id='word_1_853' title='bbox 2849 4749 3037 4816; x_wconf 77' lang='grc' dir='ltr'><strong>οὔσαις</strong></span> <span class='ocrx_word' id='word_1_854' title='bbox 3078 4752 3178 4821; x_wconf 81' lang='grc' dir='ltr'><strong>τῆς</strong></span> <span class='ocrx_word' id='word_1_855' title='bbox 3223 4751 3386 4806; x_wconf 81' lang='grc' dir='ltr'><strong>αὑτοῦ</strong></span> <span class='ocrx_word' id='word_1_856' title='bbox 3434 4750 3706 4823; x_wconf 88' lang='grc' dir='ltr'><strong>θεότητος.</strong></span> 
     </span>
    </p>
   </div>
   <div class='ocr_carea' id='block_1_104' title="bbox 2144 4838 3711 4911">
    <p class='ocr_par' dir='ltr' id='par_1_104' title="bbox 2144 4838 3711 4911">
     <span class='ocr_line' id='line_1_104' title="bbox 2144 4838 3711 4911; baseline 0.004 -19"><span class='ocrx_word' id='word_1_857' title='bbox 2144 4838 2302 4909; x_wconf 80' lang='grc' dir='ltr'><strong>Ἑξῆς</strong></span> <span class='ocrx_word' id='word_1_858' title='bbox 2322 4839 2532 4902; x_wconf 88' lang='grc' dir='ltr'><strong>τούτοις</strong></span> <span class='ocrx_word' id='word_1_859' title='bbox 2553 4839 2787 4910; x_wconf 87' lang='grc' dir='ltr'><strong>λέγεται·</strong></span> <span class='ocrx_word' id='word_1_860' title='bbox 2820 4840 2931 4894; x_wconf 80' lang='grc' dir='ltr'><strong>Καὶ</strong></span> <span class='ocrx_word' id='word_1_861' title='bbox 2955 4842 3020 4895; x_wconf 88' lang='grc' dir='ltr'><strong>τὸ</strong></span> <span class='ocrx_word' id='word_1_862' title='bbox 3045 4841 3498 4911; x_wconf 83' lang='grc' dir='ltr'><strong>κατοικητήριον</strong></span> <span class='ocrx_word' id='word_1_863' title='bbox 3520 4844 3711 4898; x_wconf 84' lang='grc' dir='ltr'><strong>αὐτοῦ</strong></span> 
     </span>
    </p>
   </div>
   <div class='ocr_carea' id='block_1_105' title="bbox 2132 4930 3717 5005">
    <p class='ocr_par' dir='ltr' id='par_1_105' title="bbox 2132 4930 3717 5005">
     <span class='ocr_line' id='line_1_105' title="bbox 2132 4930 3717 5005; baseline 0.003 -19"><span class='ocrx_word' id='word_1_864' title='bbox 2132 4933 2202 4986; x_wconf 78' lang='grc' dir='ltr'><strong>ὲν</strong></span> <span class='ocrx_word' id='word_1_865' title='bbox 2250 4933 2420 4987; x_wconf 85' lang='grc' dir='ltr'><strong>Σιών.</strong></span> <span class='ocrx_word' id='word_1_866' title='bbox 2471 4930 2605 4987; x_wconf 77' lang='grc' dir='ltr'><strong>Εἶτα</strong></span> <span class='ocrx_word' id='word_1_867' title='bbox 2654 4935 2912 4989; x_wconf 88' lang='grc' dir='ltr'><strong>συνάπτει</strong></span> <span class='ocrx_word' id='word_1_868' title='bbox 2963 4934 3186 5005; x_wconf 81' lang='grc' dir='ltr'><strong>φάσκων</strong></span> <span class='ocrx_word' id='word_1_869' title='bbox 3236 4937 3267 4988; x_wconf 93' lang='lat'><strong>6</strong></span> <span class='ocrx_word' id='word_1_870' title='bbox 3314 4934 3492 5004; x_wconf 79' lang='grc' dir='ltr'><strong>λόγος’</strong></span> <span class='ocrx_word' id='word_1_871' title='bbox 3555 4933 3717 4990; x_wconf 81' lang='grc' dir='ltr'><strong><em>Ἑκεῖ</em></strong></span> 
     </span>
    </p>
   </div>
   <div class='ocr_carea' id='block_1_106' title="bbox 2131 5021 3712 5095">
    <p class='ocr_par' dir='ltr' id='par_1_106' title="bbox 2131 5021 3712 5095">
     <span class='ocr_line' id='line_1_106' title="bbox 2131 5021 3712 5095; baseline 0.001 -18"><span class='ocrx_word' id='word_1_872' title='bbox 2131 5021 2456 5092; x_wconf 73' lang='grc' dir='ltr'><strong>συνέτριψε</strong></span> <span class='ocrx_word' id='word_1_873' title='bbox 2487 5024 2559 5078; x_wconf 85' lang='grc' dir='ltr'><strong>τὰ</strong></span> <span class='ocrx_word' id='word_1_874' title='bbox 2595 5023 2778 5093; x_wconf 85' lang='grc' dir='ltr'><strong>κράτη</strong></span> <span class='ocrx_word' id='word_1_875' title='bbox 2807 5023 2925 5079; x_wconf 84' lang='grc' dir='ltr'><strong>τῶν</strong></span> <span class='ocrx_word' id='word_1_876' title='bbox 2954 5025 3168 5093; x_wconf 81' lang='grc' dir='ltr'><strong>τόξων,</strong></span> <span class='ocrx_word' id='word_1_877' title='bbox 3212 5025 3406 5079; x_wconf 76' lang='grc' dir='ltr'><strong>ὅπλον</strong></span> <span class='ocrx_word' id='word_1_878' title='bbox 3447 5024 3545 5079; x_wconf 83' lang='grc' dir='ltr'><strong>καί</strong></span> <span class='ocrx_word' id='word_1_879' title='bbox 3561 5027 3712 5095; x_wconf 77' lang='grc' dir='ltr'><strong>ῥομ-</strong></span> 
     </span>
    </p>
   </div>
   <div class='ocr_carea' id='block_1_107' title="bbox 2131 5114 3712 5189">
    <p class='ocr_par' dir='ltr' id='par_1_107' title="bbox 2131 5114 3712 5189">
     <span class='ocr_line' id='line_1_107' title="bbox 2131 5114 3712 5189; baseline 0.001 -21"><span class='ocrx_word' id='word_1_880' title='bbox 2131 5116 2316 5184; x_wconf 71' lang='grc' dir='ltr'><strong>φαίαν</strong></span> <span class='ocrx_word' id='word_1_881' title='bbox 2344 5114 2442 5170; x_wconf 84' lang='grc' dir='ltr'><strong>καί</strong></span> <span class='ocrx_word' id='word_1_882' title='bbox 2480 5116 2764 5185; x_wconf 77' lang='grc' dir='ltr'><strong>πόλεμον.</strong></span> <span class='ocrx_word' id='word_1_883' title='bbox 2808 5118 2918 5170; x_wconf 76' lang='grc' dir='ltr'><strong>Ιίαί⁹</strong></span> <span class='ocrx_word' id='word_1_884' title='bbox 2954 5117 3188 5171; x_wconf 70' lang='grc' dir='ltr'><strong>ἐνταῦθα</strong></span> <span class='ocrx_word' id='word_1_885' title='bbox 3217 5117 3377 5170; x_wconf 84' lang='grc' dir='ltr'><strong>πάλιν</strong></span> <span class='ocrx_word' id='word_1_886' title='bbox 3405 5119 3453 5171; x_wconf 89' lang='grc' dir='ltr'><strong>εἰ</strong></span> <span class='ocrx_word' id='word_1_887' title='bbox 3487 5117 3586 5189; x_wconf 83' lang='grc' dir='ltr'><strong>μὲν</strong></span> <span class='ocrx_word' id='word_1_888' title='bbox 3614 5115 3712 5171; x_wconf 70' lang='grc' dir='ltr'><strong>ἐπὶ</strong></span> 
     </span>
    </p>
   </div>
   <div class='ocr_carea' id='block_1_108' title="bbox 2129 5205 3709 5279">
    <p class='ocr_par' dir='ltr' id='par_1_108' title="bbox 2129 5205 3709 5279">
     <span class='ocr_line' id='line_1_108' title="bbox 2129 5205 3709 5279; baseline 0.002 -21"><span class='ocrx_word' id='word_1_889' title='bbox 2129 5205 2228 5276; x_wconf 83' lang='grc' dir='ltr'><strong>τῆς</strong></span> <span class='ocrx_word' id='word_1_890' title='bbox 2273 5205 2535 5279; x_wconf 78' lang='grc' dir='ltr'><strong>αἰσθητῆς</strong></span> <span class='ocrx_word' id='word_1_891' title='bbox 2578 5209 2674 5262; x_wconf 81' lang='grc' dir='ltr'><strong>καὶ</strong></span> <span class='ocrx_word' id='word_1_892' title='bbox 2714 5208 2952 5276; x_wconf 74' lang='grc' dir='ltr'><strong>ἐπιγείου</strong></span> <span class='ocrx_word' id='word_1_893' title='bbox 2999 5208 3135 5262; x_wconf 86' lang='grc' dir='ltr'><strong>Σιὼν</strong></span> <span class='ocrx_word' id='word_1_894' title='bbox 3175 5209 3347 5262; x_wconf 89' lang='grc' dir='ltr'><strong>ταῦτα</strong></span> <span class='ocrx_word' id='word_1_895' title='bbox 3396 5207 3709 5278; x_wconf 87' lang='grc' dir='ltr'><strong>πέπρακτο,</strong></span> 
     </span>
    </p>
   </div>
   <div class='ocr_carea' id='block_1_109' title="bbox 2128 5295 3708 5368">
    <p class='ocr_par' dir='ltr' id='par_1_109' title="bbox 2128 5295 3708 5368">
     <span class='ocr_line' id='line_1_109' title="bbox 2128 5295 3708 5368; baseline 0.001 -20"><span class='ocrx_word' id='word_1_896' title='bbox 2128 5295 2249 5349; x_wconf 83' lang='grc' dir='ltr'><strong>οὐδὲ</strong></span> <span class='ocrx_word' id='word_1_897' title='bbox 2270 5295 2375 5348; x_wconf 78' lang='grc' dir='ltr'><strong>ἔδει</strong></span> <span class='ocrx_word' id='word_1_898' title='bbox 2407 5297 2619 5366; x_wconf 82' lang='grc' dir='ltr'><strong>φθονεῖν</strong></span> <span class='ocrx_word' id='word_1_899' title='bbox 2662 5297 2933 5360; x_wconf 86' lang='grc' dir='ltr'><strong>Ἰουδαίοις</strong></span> <span class='ocrx_word' id='word_1_900' title='bbox 2964 5297 3137 5361; x_wconf 85' lang='grc' dir='ltr'><strong>οῦτως</strong></span> <span class='ocrx_word' id='word_1_901' title='bbox 3168 5297 3483 5368; x_wconf 79' lang='grc' dir='ltr'><strong>ἐκδέχεσθαι</strong></span> <span class='ocrx_word' id='word_1_902' title='bbox 3515 5297 3708 5368; x_wconf 78' lang='grc' dir='ltr'><strong>βουλοο</strong></span> 
     </span>
    </p>
   </div>
   <div class='ocr_carea' id='block_1_110' title="bbox 2132 5387 3710 5462">
    <p class='ocr_par' dir='ltr' id='par_1_110' title="bbox 2132 5387 3710 5462">
     <span class='ocr_line' id='line_1_110' title="bbox 2132 5387 3710 5462; baseline 0.002 -23"><span class='ocrx_word' id='word_1_903' title='bbox 2132 5387 2336 5456; x_wconf 57' lang='grc' dir='ltr'><strong>μένοις</strong></span> <span class='ocrx_word' id='word_1_904' title='bbox 2383 5389 2431 5440; x_wconf 90' lang='grc' dir='ltr'><strong>εἰ</strong></span> <span class='ocrx_word' id='word_1_905' title='bbox 2474 5388 2530 5441; x_wconf 84' lang='grc' dir='ltr'><strong>δὲ</strong></span> <span class='ocrx_word' id='word_1_906' title='bbox 2576 5390 2685 5442; x_wconf 78' lang='grc' dir='ltr'><strong>πᾶν</strong></span> <span class='ocrx_word' id='word_1_907' title='bbox 2713 5388 3020 5443; x_wconf 83' lang='grc' dir='ltr'><strong>τούναντίον</strong></span> <span class='ocrx_word' id='word_1_908' title='bbox 3059 5389 3118 5452; x_wconf 79' lang='grc' dir='ltr'><strong>ἐξ</strong></span> <span class='ocrx_word' id='word_1_909' title='bbox 3151 5390 3331 5443; x_wconf 78' lang='grc' dir='ltr'><strong>αὐτῶν</strong></span> <span class='ocrx_word' id='word_1_910' title='bbox 3369 5391 3561 5462; x_wconf 79' lang='grc' dir='ltr'><strong>ὁρᾶται</strong></span> <span class='ocrx_word' id='word_1_911' title='bbox 3591 5389 3710 5443; x_wconf 80' lang='grc' dir='ltr'><strong>τῶν</strong></span> 
     </span>
    </p>
   </div>
   <div class='ocr_carea' id='block_1_111' title="bbox 2131 5479 3706 5552">
    <p class='ocr_par' dir='ltr' id='par_1_111' title="bbox 2131 5479 3706 5552">
     <span class='ocr_line' id='line_1_111' title="bbox 2131 5479 3706 5552; baseline 0.002 -20"><span class='ocrx_word' id='word_1_912' title='bbox 2131 5479 2487 5549; x_wconf 85' lang='grc' dir='ltr'><strong>πραγμάτων,</strong></span> <span class='ocrx_word' id='word_1_913' title='bbox 2515 5479 2605 5533; x_wconf 90' lang='grc' dir='ltr'><strong>διά</strong></span> <span class='ocrx_word' id='word_1_914' title='bbox 2631 5479 2691 5533; x_wconf 92' lang='grc' dir='ltr'><strong>τὸ</strong></span> <span class='ocrx_word' id='word_1_915' title='bbox 2717 5480 3046 5552; x_wconf 75' lang='grc' dir='ltr'><strong>ἠρημῶσθαι</strong></span> <span class='ocrx_word' id='word_1_916' title='bbox 3067 5481 3164 5552; x_wconf 82' lang='grc' dir='ltr'><strong>τὴν</strong></span> <span class='ocrx_word' id='word_1_917' title='bbox 3197 5480 3336 5533; x_wconf 88' lang='grc' dir='ltr'><strong>Σιὼν</strong></span> <span class='ocrx_word' id='word_1_918' title='bbox 3366 5484 3430 5535; x_wconf 86' lang='grc' dir='ltr'><strong>ὲκ</strong></span> <span class='ocrx_word' id='word_1_919' title='bbox 3459 5483 3560 5552; x_wconf 82' lang='grc' dir='ltr'><strong>τῆς</strong></span> <span class='ocrx_word' id='word_1_920' title='bbox 3591 5481 3706 5536; x_wconf 83' lang='grc' dir='ltr'><strong>τῶν</strong></span> 
     </span>
    </p>
   </div>
   <div class='ocr_carea' id='block_1_112' title="bbox 2128 5569 3701 5646">
    <p class='ocr_par' dir='ltr' id='par_1_112' title="bbox 2128 5569 3701 5646">
     <span class='ocr_line' id='line_1_112' title="bbox 2128 5569 3701 5646; baseline 0 -24"><span class='ocrx_word' id='word_1_921' title='bbox 2128 5569 2400 5640; x_wconf 87' lang='grc' dir='ltr'><strong>πολεμίων</strong></span> <span class='ocrx_word' id='word_1_922' title='bbox 2432 5570 2764 5644; x_wconf 89' lang='grc' dir='ltr'><strong>πολιορκίας,</strong></span> <span class='ocrx_word' id='word_1_923' title='bbox 2799 5571 3011 5642; x_wconf 89' lang='grc' dir='ltr'><strong>ἀνάγκη</strong></span> <span class='ocrx_word' id='word_1_924' title='bbox 3045 5575 3111 5644; x_wconf 76' lang='grc' dir='ltr'><strong>τῇ</strong></span> <span class='ocrx_word' id='word_1_925' title='bbox 3145 5572 3469 5646; x_wconf 82' lang='grc' dir='ltr'><strong>ἀποδοθείσῃ</strong></span> <span class='ocrx_word' id='word_1_926' title='bbox 3503 5575 3701 5644; x_wconf 78' lang='grc' dir='ltr'><strong>εἰρήνῃ</strong></span> 
     </span>
    </p>
   </div>
   <div class='ocr_carea' id='block_1_113' title="bbox 2129 5660 3709 5735">
    <p class='ocr_par' dir='ltr' id='par_1_113' title="bbox 2129 5660 3709 5735">
     <span class='ocr_line' id='line_1_113' title="bbox 2129 5660 3709 5735; baseline 0.002 -21"><span class='ocrx_word' id='word_1_927' title='bbox 2129 5660 2473 5732; x_wconf 79' lang='grc' dir='ltr'><strong>καταλλήλως</strong></span> <span class='ocrx_word' id='word_1_928' title='bbox 2524 5663 2616 5715; x_wconf 75' lang='grc' dir='ltr'><strong>καὶ</strong></span> <span class='ocrx_word' id='word_1_929' title='bbox 2669 5663 2768 5734; x_wconf 71' lang='grc' dir='ltr'><strong>τὴν</strong></span> <span class='ocrx_word' id='word_1_930' title='bbox 2815 5662 2952 5717; x_wconf 87' lang='grc' dir='ltr'><strong>Σιὼν</strong></span> <span class='ocrx_word' id='word_1_931' title='bbox 2998 5662 3377 5735; x_wconf 77' lang='grc' dir='ltr'><strong>ἐκλαμϐάνειν,</strong></span> <span class='ocrx_word' id='word_1_932' title='bbox 3431 5665 3549 5734; x_wconf 69' lang='grc' dir='ltr'><strong>ἦτοι</strong></span> <span class='ocrx_word' id='word_1_933' title='bbox 3600 5664 3709 5733; x_wconf 73' lang='grc' dir='ltr'><strong>τὴν</strong></span> 
     </span>
    </p>
   </div>
  </div>
