4066 6420
208 5801 226 5863 ἰ

324 429 424 487 881

1444 415 1946 474 COMMENTARIA
1983 416 2046 472 IN
2090 416 2425 474 PSALMOS.

3447 416 3553 470 88'!

335 540 660 612 Ἐκκλησίαν
701 537 796 593 τοῦ
829 534 986 598 Θεοῦ,
1021 534 1054 605 ἢ
1088 531 1184 604 τὴν
1217 531 1555 603 ἐπουράνιον,
1590 524 1657 603 ἢν
1685 530 1714 582 ὁ
1748 529 1886 594 θεῖος

1991 530 2119 584 lium
2149 529 2456 601 angelorum
2485 528 2830 600 frequentiam
2856 569 2871 595 ,
2905 537 2954 585 et
2988 527 3279 584 Ecelesiam
3321 529 3553 596 primiti-

335 633 655 696 ’Δπόστολος
687 629 924 701 παρίστη
972 625 1166 695 λέγων’
1201 624 1700 692 Προσεληλύθατε
1733 621 1886 676 Σιὼν

1985 639 2162 676 uorum
2188 624 2277 693 qui
2303 623 2584 692 conscripti
2608 632 2730 677 sunt
2754 623 2809 677 in
2835 622 2976 676 cretis
3009 623 3074 676 ".
3105 619 3206 676 Hic
3229 621 3374 676 enim
3401 623 3554 676 nullo

321 726 464 796 ὄρει,
493 722 593 780 καὶ
615 723 786 776 πόλει
809 718 954 774 Θεοῦ
982 714 1194 782 ζῶντος
1226 712 1610 784 Ἰερουσαλὴμ
1637 713 1888 781 ἐπουρα-

313 821 448 887 νίῳ,
494 818 590 872 καί
628 813 915 886 μυριάσιν
950 811 1218 880 ἀγγέλων
1253 809 1599 878 πανηγύρει,
1629 806 1727 861 καὶ
1760 809 1885 860 Ἐκ-

321 910 546 978 κλησίᾳ
581 907 964 976 πρωτοτόκων
1008 900 1547 972 ἀπογεγραμμένων
1589 900 1658 953 ἐν
1706 901 1882 967 οῠραο

321 1001 466 1068 νοῖς.
501 997 765 1054 Ἐνταῦθα
794 997 902 1069 γὰρ
933 995 1198 1068 μηδεμιᾶς
1231 993 1500 1064 ἁμαρτίας
1532 991 1880 1062 ἐνεργούσης,

321 1092 453 1164 μηδέ
480 1108 620 1155 τινος
646 1088 950 1160 ὑφεστῶτος
979 1085 1162 1157 ψυχῶν
1193 1084 1472 1156 πολεμίου,
1506 1083 1884 1154 συντέτριπται

1988 724 2214 784 peccato
2241 715 2458 784 vigente
2479 754 2494 779 ,
2528 714 2789 785 nulloque
2817 715 3124 768 animarum
3155 713 3381 772 inimico
3413 714 3554 769 exsi-

1987 815 2163 864 stente
2184 848 2200 874 ,
2249 809 2508 878 potentiae
2550 822 2777 863 arcuum
2817 807 3070 861 contrita:
3100 813 3266 869 sunt,
3299 805 3468 861 telum
3499 811 3553 860 et

1984 899 2196 971 gladius
2242 900 2422 956 ablata
2465 907 2636 964 sunt,
2681 899 2758 953 ita
2803 907 2864 953 ut
2909 899 2976 954 de
3019 898 3087 953 iis
3128 899 3221 968 qui
3264 898 3360 953 illa
3407 913 3557 952 man-

1986 992 2141 1047 sione
2169 992 2376 1062 dignati
2406 999 2534 1047 sunt
2564 990 2800 1057 dicatur,
2844 989 3111 1044 Abscessit
3159 989 3336 1056 dolor,
3393 990 3555 1043 tristi-

1993 1084 2069 1138 tia
2096 1093 2144 1138 et
2178 1085 2402 1154 gemitus
2433 1083 2499 1136 ⁸³.

318 1187 386 1241 τὰ
433 1185 607 1256 κράτη
653 1181 760 1236 τῶν
801 1178 989 1244 τόξων,
1031 1177 1296 1248 ἀνῄρηται
1331 1193 1389 1230 τε
1417 1175 1579 1230 ὅπλον
1622 1173 1714 1227 καὶ
1750 1173 2008 1246 ῥομφαία·
2065 1174 2141 1238 ὡς
2187 1173 2439 1244 λέγεσθαι
2490 1173 2618 1247 περὶ
2669 1171 2779 1228 τῶν
2835 1171 3271 1245 καταξιουμένων
3301 1172 3401 1246 τῆς
3437 1173 3555 1230 ἐκεῖ

318 1277 612 1352 διατριϐῆς·
661 1274 902 1343 Ἀπέδρα
935 1272 1118 1340 ὀδύνη
1151 1269 1250 1326 καὶ
1279 1272 1444 1340 λύπη
1475 1269 1573 1325 καὶ
1604 1271 1958 1340 στεναγμός.

386 1391 654 1460 Φωτίζεις
691 1391 772 1446 σὺ
805 1387 1158 1460 θαυμαστῶς
1202 1388 1320 1444 ἀπὸ
1363 1389 1546 1458 ὀρέων
1595 1390 1878 1452 αἰωνίων,

317 1483 731 1555 ἐταράχθησαν
754 1484 807 1537 οὶ
831 1481 1112 1536 ἁσύνετοι
1139 1479 1215 1549 τῇ
1247 1480 1476 1550 καρδίᾳ.
1511 1481 1724 1552 Σφόδρα
1753 1481 1882 1534 ἁκο-

317 1574 537 1640 λούθως,
575 1573 712 1645 μετὰ
737 1573 798 1626 τὸ
832 1571 1176 1651 παραστῆσαι
1197 1571 1289 1625 τὸν
1319 1572 1482 1627 τόπον
1509 1571 1603 1625 τοῦ
1630 1571 1786 1636 Θεοῦ,
1807 1573 1885 1626 δι-

313 1662 522 1729 δάσκει,
567 1663 649 1717 ὅτι
693 1662 1109 1718 ἀποκέκλεισται
1137 1662 1268 1716 είσω
1299 1662 1390 1716 τοῦ
1414 1663 1580 1717 τόπου
1628 1663 1792 1718 αὐτοῦ
1817 1663 1884 1717 τὰ

315 1755 511 1824 ἀγαθά·
536 1755 758 1819 ἀκτῖνας
779 1754 823 1808 δ’
847 1755 1031 1826 ὥσπερ
1061 1753 1332 1825 ἐκπέμπει
1357 1754 1452 1808 κα)⁸
1476 1755 1568 1810 ἐπὶ
1593 1755 1719 1818 τοὺς
1749 1757 1886 1827 πορ-

315 1844 560 1915 ρωτάτω.
609 1843 700 1898 Διό
741 1861 873 1918 φησι
896 1861 909 1875 ·
945 1845 1210 1910 Φωτιζὶεις
1263 1843 1344 1898 σὺ
1387 1844 1739 1916 θαυμαστῶς
1771 1844 1888 1900 ἀπὸ

314 1936 496 2007 ὀρέων
524 1936 792 1992 αἰωνίων.
837 1935 972 1990 Τίνα
1001 1936 1058 1989 δὲ
1105 1932 1174 2009 ἦν
1213 1937 1281 1992 τὰ
1313 1936 1506 1993 αἰώνια
1540 1938 1672 2010 ιὸρη,
1707 1937 1820 1992 ἀλλ’
1853 1938 1886 2010 ἢ

313 2027 452 2084 Σιὼν
501 2029 594 2083 καὶ
637 2029 670 2100 ἡ
705 2027 912 2100 Σαλήμ,
944 2028 1013 2082 τὰ
1055 2028 1143 2082 διὰ
1183 2030 1291 2084 τῶν
1341 2029 1647 2102 ἔμπροσθεν
1693 2030 1889 2083 ἀποδο-

312 2120 503 2186 θέντας
538 2119 775 2174 Ἀνωθεν
807 2119 936 2190 γοῦν
967 2121 1075 2174 ἀπὸ
1111 2121 1218 2176 τῶν
1257 2121 1520 2191 οὐρανίων
1559 2120 1888 2193 ύψωμάτων,

309 2211 501 2284 ὥσπερ
538 2211 603 2266 ἐκ
638 2211 798 2267 τινῶν
843 2212 1076 2266 αἰωνίων
1101 2211 1264 2285 ὁρῶν,
1301 2211 1402 2276 τὰς
1445 2211 1617 2280 αὐγὰς
1651 2212 1761 2264 τῶν
1791 2213 1890 2284 τῆς

308 2303 566 2375 θεότητος
591 2302 756 2358 αὐτοῦ
789 2304 1190 2377 μαρμαρυγιῖω,
1219 2306 1314 2359 καὶ
1348 2305 1510 2377 μέχρι
1532 2304 1640 2358 τῶν
1671 2304 1766 2358 ἐπὶ
1786 2304 1891 2376 γῆς

305 2393 630 2466 ἐκπέμπων,
668 2395 890 2464 φωτίζει
918 2395 1018 2460 τὰς
1049 2395 1158 2450 τῶν
1188 2395 1352 2463 ἀξίων
1379 2396 1576 2467 ψυχὰς,
1610 2395 1891 2468 καταλάμ-

307 2503 430 2542 πων
463 2486 632 2551 αὐτὰς
655 2486 734 2558 τῷ
757 2486 896 2559 ἁγίῳ
918 2486 1080 2556 αὑτοῦ
1106 2487 1380 2559 Πνεύματι
1395 2505 1409 2518 ·
1442 2489 1647 2550 ταύτας
1681 2488 1778 2560 μὲν
1796 2483 1890 2542 οὖν

303 2577 568 2648 φωτίζειο
603 2579 729 2642 τοὺς
753 2578 1077 2643 δὲάναξίους
1104 2578 1213 2632 τῶν
1245 2577 1437 2648 φώτων
1468 2577 1632 2634 αὐτοῦ
1665 2577 1890 2650 προνοίᾳ

300 2670 412 2740 τῆς
455 2667 847 2740 δικαιοκρισίας
887 2667 1048 2722 αὐτοῦ
1097 2668 1491 2742 μετερχόμενος
1531 2667 1766 2740 θορυϐεῖ.
1797 2669 1890 2722 Διὸ

303 2759 554 2828 ἐπιλέγει
576 2773 592 2789 ⁸
647 2758 1099 2828 Ἔταράχθησαν
1138 2760 1362 2825 πάντες
1404 2763 1459 2814 οἰ
1490 2760 1771 2815 ἁσύνετοι
1811 2758 1888 2828 τῇ

301 2845 545 2915 καρδίᾳ.
593 2845 862 2900 Ἀσύνετοι
905 2847 1015 2919 γὰρ
1045 2847 1259 2920 ἀληθῶς
1293 2849 1446 2914 ὄντες
1489 2853 1556 2922 τῇ
1606 2849 1886 2923 καρδίᾳ,ἣ

300 2937 454 2992 κατὰ
488 2937 578 2990 τδν
610 2937 923 3008 Σύμμαχον,
965 2939 1336 3009 ὑπερήφανοι
1364 2939 1480 3010 τὴν
1521 2940 1790 3010 καρδίαν,
1824 2942 1886 2995 ού

299 3024 670 3097 παρεδέξαντο
714 3025 808 3079 τοῦ
852 3027 1027 3096 φωτὸς
1055 3027 1148 3081 τοῦ
1181 3028 1316 3082 Θεοῦ
1355 3029 1456 3094 τὰς
1497 3028 1884 3102 μαρμαρυγὰς,

2056 1387 2220 1446 Vens.
2252 1390 2305 1445 5.
2327 1388 2609 1444 Illuminas
2631 1401 2687 1444 tu
2707 1389 3021 1445 mirabiliter
3047 1407 3080 1444 a
3110 1389 3375 1444 montibus
3401 1399 3554 1446 teter-

1985 1480 2089 1544 nis,
2126 1479 2326 1535 turbati
2358 1490 2480 1535 sunt
2505 1481 2810 1551 insipientes
2834 1481 3006 1536 corde.
3023 1481 3327 1537 Admodum
3360 1497 3555 1538 conse-

1986 1580 2232 1644 quenter,
2265 1581 2550 1643 postquam
2573 1573 2750 1628 locum
2780 1571 2875 1628 Dei
2913 1572 3232 1636 declaravit,
3251 1571 3409 1628 docet
3444 1587 3554 1628 non

1988 1665 2132 1720 intra
2155 1665 2334 1720 locum
2359 1663 2671 1734 bujusmodi
2699 1661 2954 1718 concludi
2975 1663 3146 1728 bona;
3184 1661 3280 1718 sed
3301 1676 3424 1716 eum
3451 1675 3554 1715 ccu

1988 1755 2173 1811 radios
2208 1754 2404 1811 exinde
2441 1755 2692 1810 emittere
2734 1753 2802 1808 ad
2841 1768 2937 1810 eos
2968 1753 3064 1825 qui
3091 1753 3410 1824 longissime
3461 1751 3553 1807 siti

1991 1855 2142 1905 sunt.
2177 1847 2542 1913 Quamobrem
2572 1846 2650 1900 ait
2680 1862 2694 1899 :
2744 1844 3034 1901 Illuminas
3076 1853 3133 1900 tu
3179 1843 3498 1899 mirabiliter
3520 1860 3554 1897 a

1989 1939 2255 1994 montibus
2295 1939 2528 1994 wternis.
2573 1937 2808 2004 Quinam
2840 1946 3056 1993 montes
3097 1937 3177 1993 illi
3205 1935 3416 2000 aeterni,
3447 1934 3556 1990 nisi

1989 2027 2124 2084 Sion
2157 2037 2212 2084 et
2246 2027 2451 2092 Salem,
2475 2027 2545 2083 de
2586 2028 2788 2098 quibus
2822 2027 3074 2099 superius
3099 2028 3322 2082 actum?
3349 2025 3428 2080 Ex
3460 2040 3556 2081 su-

1987 2120 2172 2192 pernis
2221 2120 2390 2192 igitur
2434 2126 2490 2175 et
2530 2119 2852 2176 coelestibus
2897 2119 3294 2182 cacuminibus.
3348 2132 3450 2173 ceu
3485 2131 3556 2172 ex

1985 2210 2207 2267 aeternis
2239 2208 2545 2276 montibus,
2590 2208 2813 2264 deitatis
2844 2223 2957 2264 suae
2986 2207 3171 2264 radios
3225 2206 3296 2262 ad
3326 2206 3558 2277 terrige-

1987 2319 2090 2361 nas
2118 2303 2293 2375 usque
2328 2303 2607 2367 amittens,
2639 2315 2831 2357 eorum
2867 2300 2963 2371 qui
2992 2300 3141 2372 digni
3188 2305 3316 2356 sunt
3341 2298 3572 2355 animas.

1988 2393 2230 2451 illustrat
2268 2391 2584 2464 Spirituque
2609 2400 2804 2448 sancto
2838 2407 2941 2447 suo
2983 2391 3276 2446 illuminat.
3307 2389 3440 2454 Has,
3465 2390 3554 2445 in-

1988 2499 2178 2555 quam,
2221 2482 2525 2549 illuminat;
2556 2495 2657 2536 suo
2695 2489 2878 2536 autem
2903 2480 3108 2536 lumine
3138 2480 3394 2551 indignos
3419 2479 3572 2550 justi,

1981 2575 2175 2647 iudicii
2205 2576 2288 2630 sui
2306 2573 2647 2645 providentia
2662 2571 2934 2628 invadens
2945 2571 3258 2628 conturbat.
3277 2569 3568 2637 Quamob-

1986 2683 2101 2722 rem
2150 2665 2356 2731 subdit,
2387 2664 2612 2721 Turbati
2647 2673 2770 2718 sunt
2813 2679 2990 2719 omnes
3039 2664 3343 2733 insipientes
3374 2662 3552 2717 corde.

1985 2753 2119 2809 Nam
2154 2769 2281 2809 cum
2310 2768 2500 2810 revera
2529 2752 2856 2823 insipientes
2879 2752 3077 2818 corde;
3105 2753 3222 2809 sive
3250 2753 3554 2808 secundum

1990 2845 2412 2918 Symmachum,
2458 2846 2667 2916 superbi
2695 2845 2871 2912 corde,
2916 2853 3123 2910 essent,
3171 2845 3368 2901 divina:
3411 2845 3575 2900 lucis-

1985 2938 2169 2996 radios
2216 2953 2326 2994 non
2372 2945 2729 3009 exceperunt,
2774 2937 2896 2994 ideo
2945 2937 3153 2993 turbati
3200 2943 3350 2993 sunt.
3383 2934 3553 2990 Iidem

1985 3046 2116 3088 vero
2142 3030 2246 3102 ipsi
2269 3038 2560 3102 postquam
2589 3030 2922 3086 dormierunt
2943 3046 3186 3085 somnum
3215 3045 3389 3092 suum,
3421 3027 3560 3083 nihil

294 3120 386 3175 διὸ
421 3121 818 3191 ἐταράχθησαν.
852 3122 916 3176 Οί
945 3122 992 3175 δ’
1019 3122 1193 3189 αὐτοὶ,
1224 3125 1318 3177 καὶ
1363 3123 1754 3190 ὐπνὼσαντες
1779 3123 1886 3177 τὸν

1987 3124 2289 3179 invenerunt
2334 3125 2389 3178 in
2446 3123 2688 3178 manibus
2735 3124 2870 3189 suis,
2919 3122 3050 3194 quia
3094 3123 3196 3178 viri
3245 3121 3557 3180 divitiarum

292 3213 506 3266 ὕπνον
549 3212 768 3278 αὐτῶν,
798 3216 912 3284 οὐχ
947 3210 1128 3284 εὗρον
1173 3215 1354 3271 οὐδὲν
1391 3216 1462 3270 ἐν
1509 3215 1638 3281 ταῖς
1680 3216 1889 3286 χερσὶν

291 3300 539 3367 αὐτῶν,
577 3291 796 3372 ανδρες
842 3303 994 3367 ὄντες
1043 3305 1329 3360 πλούτου.
1365 3305 1510 3377 Πρὸς
1563 3304 1735 3377 βραχὺ
1777 3305 1888 3378 γὰρ

289 3393 692 3466 ὀνειρώξαντες
720 3397 786 3467 τῇ
815 3394 912 3451 τοῦ
938 3394 1131 3469 θνητοῦ
1165 3397 1279 3468 βίου
1311 3397 1597 3471 φαντασίᾳ,
1619 3399 1714 3453 καὶ
1745 3398 1889 3470 μέγα

290 3487 673 3559 φρονήσαντες
704 3487 798 3541 ἐπὶ
819 3487 1050 3560 πλούτῳ,
1073 3488 1316 3561 ἐνόμιζόν
1341 3507 1485 3555 τινες
1511 3487 1670 3556 εἶναι,
1700 3508 1890 3553 κατεν-

287 3577 622 3651 τρυφῶντες
652 3581 771 3643 ταῖς
801 3580 913 3634 ἀπὸ
955 3579 1050 3634 τοῦ
1097 3581 1325 3635 πλούτου
1375 3583 1757 3656 ποριζομέναις
1787 3586 1888 3640 αὐ-

285 3671 412 3734 τοῖς
463 3668 844 3739 ἡδυπαθείαις·
881 3670 957 3734 ὡς
989 3671 1046 3724 δὲ
1094 3671 1188 3726 τοῦ
1230 3671 1398 3727 ὕπνου
1431 3675 1885 3749 διεγρηγόρησαν,

287 3758 675 3834 μεταστάντες
701 3759 796 3812 τοῦ
836 3760 1100 3831 παρόντος
1134 3760 1270 3832 βίου,
1315 3757 1471 3835 εὖρον
1515 3765 1740 3829 ἑαυτοὺς
1787 3766 1888 3820 οὐκ

282 3852 532 3923 ἔχοντας
573 3846 745 3914 οὐδὲν,
778 3848 900 3902 οὐδὲ
938 3866 994 3903 τι
1041 3853 1159 3914 ταῖς
1191 3853 1350 3923 χερσὶ
1401 3851 1754 3923 κρατοῦντας.
1796 3856 1888 3909 Διὸ

281 3938 560 3998 λέλεκταί
590 3950 724 3992 που’
770 3938 871 4010 Μὴ
906 3941 1092 4010 φοϐοῦ
1126 3941 1273 3996 ὅταν
1309 3945 1631 4016 πλουτήσῃ
1668 3947 1888 4017 ἀνθρω-

280 4048 435 4098 πος,
475 4029 578 4085 καὶ
609 4029 756 4084 ὅταν
796 4030 1118 4102 πληθυνθῇ
1169 4033 1208 4100 η
1239 4032 1388 4100 δόξα
1421 4035 1530 4090 τοῦ
1563 4037 1735 4093 οἴκου
1776 4040 1886 4093 αὐ..

279 4124 435 4181 τοῦθ
469 4122 566 4176 ὅτι
598 4123 710 4176 οὐκ
739 4121 810 4176 ἐν
851 4121 933 4188 τῷ
968 4123 1376 4191 ἀποθνήσκειν
1405 4127 1594 4182 αὑτὸν
1627 4129 1888 4199 λήψεται

275 4219 365 4272 τὰ
414 4213 647 4277 πάντα,
696 4213 840 4268 οὐδὲ
879 4216 1395 4285 συγκαταϐήσεται
1440 4218 1602 4286 αὐτῷ
1651 4221 1690 4290 ἠ
1738 4222 1888 4287 δόξα

276 4305 518 4364 αὑτοῦ.
550 4303 742 4359 Ἔνθεν
776 4305 999 4371 εἰκότως
1039 4309 1092 4361 οἰ
1124 4309 1338 4381 ἀληθῶς
1367 4309 1611 4366 ἀσύνετοι
1641 4317 1708 4386 τῇ
1747 4331 1886 4386 καρ-

274 4401 378 4472 δίᾳ
420 4396 814 4469 ἐταράχθησαν
856 4396 976 4453 ἀπὸ
1015 4399 1406 4472 ἐπιτιμήσεως
1440 4401 1546 4456 τοῦ
1580 4403 1730 4460 Θεοῦ
1774 4406 1887 4461 Ἰα-

1987 3223 2164 3272 erant.
2195 3214 2331 3271 Nam
2371 3230 2497 3271 cum
2529 3216 2596 3272 ad
2635 3217 2801 3272 breve
2831 3223 3047 3286 tempus
3074 3214 3132 3269 in
3153 3215 3404 3272 mortalis
3425 3215 3575 3271 vitas-

1983 3306 2273 3379 phantasia
2301 3305 2716 3371 dormitassent,
2750 3312 2805 3362 et
2836 3306 3007 3360 altum
3057 3305 3126 3361 de
3154 3305 3365 3362 divitiis
3397 3322 3575 3377 sape--

1982 3408 2128 3465 rent,
2162 3398 2267 3455 rati
2313 3413 2374 3456 se
2430 3398 2638 3470 aliquid
2692 3413 2836 3464 esse,
2870 3398 2928 3453 in
2967 3398 3364 3469 voluptatibus,
3413 3415 3554 3470 quas

1983 3491 2088 3548 sibi
2124 3490 2330 3547 divitia:
2355 3491 2747 3554 conciliabant,
2791 3488 3024 3547 demersi
3053 3499 3204 3546 sunt.
3235 3489 3555 3562 Experrecti

1984 3592 2190 3649 autem,
2231 3591 2397 3655 atque
2431 3599 2499 3639 ex
2529 3583 2634 3640 hac
2670 3582 2780 3638 vita
2817 3582 3090 3649 translati,
3121 3599 3243 3639 sese
3283 3584 3421 3638 nihil
3452 3584 3556 3638 ha—

1983 3677 2198 3742 bentes,
2226 3690 2328 3732 nec
2351 3674 2629 3749 quidpiam
2663 3670 2917 3731 manibus
2945 3681 3198 3732 tenentes
3243 3675 3551 3746 deprehen-

1983 3767 2199 3823 derunt.
2215 3767 2395 3834 Quare
2417 3766 2614 3823 alicubi
2634 3765 2838 3822 dictum
2862 3773 2948 3823 est
2968 3766 3015 3798 “
3033 3781 3048 3818 :
3068 3765 3152 3821 Ne
3168 3765 3408 3821 timueris
3432 3783 3554 3821 cum

1983 3857 2122 3913 dives
2145 3858 2318 3928 factus
2350 3858 2512 3928 fuerit
2542 3856 2717 3922 homo,
2757 3866 2808 3911 et
2860 3875 2978 3912 cum
3003 3858 3363 3927 multiplicata
3393 3859 3573 3927 fuerit

1983 3951 2157 4022 gloria
2180 3950 2365 4005 domus
2383 3949 2496 4019 ejus
2510 3964 2530 4013 ;
2559 3949 2809 4019 quoniam
2839 3964 2957 4002 cum
2977 3948 3236 4002 interierit
3258 3965 3362 4002 non
3384 3957 3562 4003 sumet

1985 4042 2183 4110 omnia,
2203 4057 2362 4112 neque
2379 4039 2650 4096 descendet
2679 4056 2797 4094 cum
2829 4055 2887 4095 eo
2908 4040 3078 4111 gloria
3098 4040 3234 4111 ejus.
3273 4039 3424 4096 Unde
3452 4057 3552 4096 nec

1984 4131 2255 4189 immerito
2287 4133 2366 4188 illi
2404 4148 2528 4189 vere
2550 4133 2871 4204 insipientes
2898 4131 3063 4188 corde
3088 4133 3294 4188 turbati
3330 4140 3460 4190 sunt
3486 4134 3568 4188 ab-

1984 4226 2332 4295 increpatione
2352 4225 2446 4280 Dei
2461 4224 2658 4291 Iacob;
2676 4226 2812 4294 sive,
2829 4226 3124 4282 secundum
3141 4226 3566 4299 Symmachum,

1985 4335 2019 4372 a
2054 4317 2264 4389 fremitu
2302 4315 2790 4390 [comminatione].
2828 4315 2984 4372 Tunc
3022 4316 3167 4372 enim
3223 4316 3571 4372 sententiam,

1983 4407 2121 4478 justi
2164 4405 2360 4477 jndicii
2408 4405 2503 4463 Dei
2557 4408 2878 4473 subeuntes,
2913 4409 3111 4463 merito
3161 4408 3552 4473 turbabuntur,

276 4492 420 4547 κώό
432 4506 450 4522 ο
489 4488 527 4560 ἢ
558 4487 699 4542 κατὰ
727 4487 818 4542 τὸν
855 4489 1168 4561 Σύμμαχον,
1209 4492 1329 4548 ἀπὸ
1365 4493 1794 4564 ἑμόριμήσεωςο
1827 4497 1886 4550 τὸ

1985 4499 2116 4571 quia
2143 4499 2575 4555 dormitaverunt
2603 4498 2925 4555 conscensis
2951 4499 3109 4570 equis
3133 4499 3270 4564 suis,
3301 4499 3568 4556 videlicet--

274 4575 612 4652 τηνικαῦτα
627 4576 736 4646 γὰρ
772 4577 876 4630 ὑπὸ
893 4578 1164 4649 ἀπόφασιν
1195 4581 1472 4653 γενόμενοι
1504 4583 1602 4654 τῆς
1630 4583 1725 4638 τοῦ
1751 4585 1884 4639 Θεοῦ

272 4669 738 4741 δικαιοκρισίας,
799 4670 1228 4743 ταραχθήσονται
1282 4675 1538 4742 εἰκότως,
1592 4677 1885 4751 ἐπειδήπερ

273 4761 610 4827 ἐνύσταξαν
638 4761 1023 4833 ἐπιϐεϐηκότες
1047 4765 1158 4827 τοῖς
1193 4765 1401 4820 ἐαυτῶν
1427 4766 1633 4832 ἵπποις,
1683 4767 1884 4842 δηλαδὴ

269 4862 401 4923 τοῖς
418 4853 754 4918 ἀκολάστοις
773 4853 986 4925 σώμασι
1001 4871 1014 4885 ο
1042 4853 1157 4909 δέον
1179 4855 1536 4929 ἐγρηγορέναι
1558 4858 1650 4911 καὶ
1671 4859 1881 4930 νήφειν,

272 4943 750 5026 μνημονεύοντας
783 4944 925 4999 θείου
965 4946 1380 5018 προστάγματος
1410 4948 1689 5018 λέγοντεςο
1727 4953 1882 5021 rm-

268 5040 528 5116 γορεῖτε
548 5075 565 5100 ,
621 5035 709 5089 ὅτι
753 5039 866 5092 οὐκ
914 5037 1112 5092 οιὸατε
1146 5037 1263 5107 τὴν
1308 5037 1536 5108 ἡμέραν
1579 5039 1722 5094 οὐδὲ
1768 5041 1883 5110 τὴν

265 5133 473 5206 ὥραν.
510 5126 584 5182 Oi
609 5125 666 5178 δὲ
707 5127 997 5194 ἐνύσταξον
1029 5129 1123 5184 καὶ
1168 5129 1424 5183 ύπνωσαν
1458 5129 1626 5184 ὕπνον
1663 5131 1878 5198 αὐτῶν,

263 5225 533 5296 ὀνείροις
567 5219 665 5271 καὶ
711 5220 1086 5290 φαντάσμασιν
1119 5219 1444 5289 ἐκδοθέντες,
1481 5223 1666 5286 ἵπποις
1685 5240 1746 5276 τε
1786 5223 1881 5294 θη-

264 5311 568 5389 λυμανέσι
611 5311 722 5373 τοῖς
753 5309 928 5364 αὐτῶν
966 5310 1179 5383 σώμασι
1203 5313 1554 5384 χρησάμενοι.
1581 5308 1741 5368 Οὗτοι
1765 5333 1877 5368 τοι-

260 5405 500 5482 γαροῦν
561 5399 766 5464 πάντες
807 5402 856 5455 οἰ
910 5402 1039 5456 ποτὲ
1071 5403 1168 5474 μὲν
1200 5403 1480 5475 λεγόμενοι
1521 5405 1767 5461 ἁσύνετοι
1810 5409 1875 5480 τῇ

260 5497 517 5571 καρδίᾳ,
552 5492 690 5546 ποτὲ
727 5491 784 5546 δὲ
823 5493 1012 5565 ἄνδρες
1041 5494 1136 5549 τοῦ
1169 5493 1419 5560 πλούτου,
1457 5496 1576 5550 νυνὶ
1611 5496 1670 5551 δὲ
1697 5497 1879 5552 ἐπιϐε-

260 5591 530 5665 6ηκότες
585 5584 716 5648 τοὺς
764 5584 982 5650 ἵππους,
1009 5585 1147 5649 τέως
1196 5586 1297 5658 μὲν
1347 5587 1488 5642 κατὰ
1533 5587 1632 5660 τὴν
1681 5588 1880 5660 θνητὴν

263 5683 433 5756 ζωὴν
487 5675 822 5742 ἐνύσταξαν,
851 5677 886 5750 ἦ
917 5676 1058 5732 κατὰ
1098 5678 1190 5732 τὸν
1231 5679 1541 5751 Σύμμαχον,
1586 5680 1880 5751 ἐκαρώθη-

1987 4593 2204 4649 lascivis
2237 4591 2595 4664 corporibus;
2637 4607 2761 4646 cum
2785 4592 3119 4662 oportuisset
3143 4591 3366 4664 vigilare
3389 4601 3443 4647 et
3463 4609 3563 4648 so--

1984 4685 2102 4740 brie
2129 4699 2311 4755 agere,
2328 4698 2598 4741 memores
2619 4683 2787 4739 divini
2807 4684 3059 4756 praecepti
3090 4684 3324 4740 dicentis
3351 4703 3363 4738 :
3407 4683 3567 4754 Vigi-..

1984 4779 2237 4850 late,quia
2259 4778 2470 4833 nescitis
2493 4777 2650 4842 diem,
2674 4794 2834 4849 neque
2859 4777 3044 4833 horam
3062 4777 3127 4832 “'.
3159 4777 3237 4831 Illi
3269 4792 3398 4832 vero
3431 4777 3532 4833 dor

1986 4867 2270 4931 mitabant,
2307 4876 2361 4924 et
2395 4867 2733 4924 dormierunt
2760 4882 3009 4922 somnum
3036 4882 3218 4930 suum,
3238 4869 3468 4926 somniis
3498 4877 3564 4925 eti

1984 4958 2284 5030 pbantasiis
2330 4957 2541 5025 dediti,
2581 4959 2846 5032 equisque
2901 4959 3174 5026 lascivis,
3221 4963 3567 5032 corporibus-

1984 5065 2180 5121 nempe
2213 5048 2330 5106 suis
2367 5050 2475 5106 usi.
2507 5049 2573 5104 Hi
2607 5051 2793 5122 itaque
2836 5050 3175 5121 omnes-qui,
3222 5053 3385 5108 modo
3408 5053 3556 5108 insi--

1981 5143 2191 5214 pientes
2243 5142 2430 5208 corde,
2486 5143 2648 5199 modo
2676 5144 2779 5200 viri
2813 5143 3160 5208 divitiarum,
3187 5159 3334 5199 nunc
3363 5160 3553 5201 ascen-

1982 5229 2173 5285 dentes
2208 5245 2379 5302 equos
2428 5239 2719 5299 vocantur,
2747 5231 2876 5288 dum
2923 5234 2977 5288 in
3031 5235 3287 5304 praesenti
3323 5235 3433 5289 vita
3464 5236 3570 5290 del

1981 5328 2194 5390 gerent,
2210 5319 2661 5390 dormitaverunt;
2685 5324 2800 5378 sive
2815 5323 3116 5378 secundum
3135 5323 3546 5396 Symmachum,

1982 5415 2216 5481 soporati
2243 5424 2386 5481 sunt,
2432 5430 2629 5486 sopore
2657 5423 2712 5470 et
2757 5415 3022 5471 ebrietate
3052 5417 3246 5472 animae
3281 5417 3549 5488 depressi.

1983 5499 2188 5557 Deinde
2221 5519 2371 5569 vero,
2389 5504 2713 5559 dormierunt
2739 5511 2981 5561 somnum
3001 5525 3178 5574 suum,
3211 5510 3365 5564 vanis
3384 5509 3557 5580 phan‘

1982 5593 2141 5649 tasiis
2177 5594 2380 5662 dediti;
2413 5612 2476 5651 ac
2499 5596 2716 5651 demum
2748 5599 3137 5672 erpergel‘acti,
3183 5601 3387 5657 turbati
3423 5609 3555 5658 sunt

1987 5683 2056 5738 ab
2090 5683 2462 5756 increpatione
2489 5685 2584 5743 Dei
2606 5685 2797 5745 Jacob.
2827 5689 2923 5746 llic
2954 5708 3115 5761 porro
3143 5702 3258 5750 erat
3295 5694 3555 5751 Servator

345 5842 399 5875 “
445 5835 635 5895 Hebr.
672 5850 786 5904 ιιι,
823 5835 912 5892 22.
989 5833 1036 5870 ⁸⁸
1073 5835 1175 5894 lsa.
1214 5853 1296 5909 ιι,
1335 5836 1421 5894 Η.
1501 5839 1544 5873 ⁸⁸
1584 5838 1729 5897 Psal.
1761 5858 1881 5898 τινι

2000 5841 2196 5912 17,18.
2357 5843 2542 5904 Matth.
2578 5864 2702 5914 xxv,
2740 5848 2822 5905 15.
