4066 6400
524 399 631 456 885
1209 406 1473 464 EUSEBII
1513 407 1988 465 CzESARIENSlS
2025 408 2174 464 OPP.
2209 405 2390 463 PARS
2428 404 2518 463 lii.
2558 432 2628 448 -
2666 403 3076 462 EXECETICA.
3645 395 3756 453 884

524 521 732 579 noster,
780 512 874 569 Dei
931 515 1192 576 Verbum,
1233 517 1329 586 qui
1384 517 1486 587 ipsi
1534 516 1703 572 Jacob
1743 517 1884 574 Deus
1930 518 2077 574 visus

2183 535 2324 586 σαν,
2368 516 2520 587 κάρῳ
2548 515 2642 568 καὶ
2674 513 2810 585 μέθῃ
2844 513 3023 583 ψυχῆς
3055 512 3514 584 περιενεχθέντες·
3546 508 3665 568 εἶτα
3692 513 3758 568 δὲ

518 605 693 661 fuisse
722 605 776 659 in
811 605 1096 676 Scriptura
1117 607 1288 662 fertur
1319 627 1332 662 :
1362 611 1563 679 quique
1585 610 1848 680 judicium
1883 611 1937 664 in
1966 625 2077 665 om-

2186 610 2481 662 ὒπνωσαν
2512 605 2707 658 ὕπνον
2753 600 2970 666 αὐτῶν,
3014 601 3329 671 φαντασίαις
3367 602 3619 673 ματαίαις
3663 605 3758 656 ἐκ-

519 711 616 749 ηρε
647 711 676 748 a
707 693 868 751 Patre
911 699 1137 766 accepil.

2187 700 2425 762 δοθέντες
2445 713 2457 725 ο
2489 695 2582 748 καὶ
2610 694 2759 757 τέλος
2797 693 3213 757 διυπνισθέντες,
3245 692 3620 765 ἐταράχθησαν
3646 693 3756 748 ἀπὸ

515 789 884 858 ἐπιτιμήσεως
903 790 998 844 τοῦ
1031 790 1163 844 Θεσῦ
1206 791 1418 846 Ἰακώϐ.
1457 786 1620 857 Οὗτος
1650 794 1705 846 δὲ
1736 790 1804 867 ἦν
1832 797 1860 849 ὀ
1887 795 2150 866 ἡμέτερος
2177 795 2385 866 Σωτὴρ,
2432 793 2460 844 ὁ
2488 789 2580 843 τοῦ
2608 786 2743 841 Θεοῦ
2770 787 2959 856 Λόγος,
2993 790 3021 840 ὁ
3060 787 3140 859 τῷ
3180 786 3370 841 Ἰακὼϐ
3401 788 3755 860 ἀναγεγραμ-

519 880 680 948 μένος
712 875 888 948 ὦφθαι
917 883 1067 946 Θεὺς,
1102 885 1133 935 ὁ
1157 884 1253 954 τὴν
1281 886 1421 939 κατὰ
1455 886 1670 940 πάντων
1695 889 1873 960 κρίσιν
1901 889 2049 960 παρὰ
2072 887 2165 940 τοῦ
2198 886 2413 956 Πατρὸς
2442 880 2883 951 ἀναδεδεγμένος.

487 1017 491 1044 ε
589 993 756 1051 Vens.
777 997 827 1052 8.
848 997 926 1050 Tu
942 999 1190 1053 terribilis
1208 1016 1284 1064 es,
1299 1002 1477 1070 etquis
1495 1003 1697 1057 resistet
1720 1003 1814 1057 tibi
1833 1007 1934 1058 ?ea:
1957 1013 2078 1056 tunc

520 1088 606 1140 ira
632 1097 742 1142 tua.
781 1086 852 1143 lis
876 1091 968 1159 qui
997 1091 1194 1146 divinae
1215 1092 1350 1147 lucis
1384 1094 1566 1150 radios
1588 1095 1836 1166 excipere
1863 1097 2075 1160 nolunt,

517 1177 781 1232 terribilis
816 1193 940 1232 esse
973 1179 1193 1233 dicitur.
1231 1180 1572 1253 Quapropter
1603 1183 1683 1238 sic
1715 1185 1967 1254 superius
1997 1187 2074 1255 ip-

517 1283 638 1322 sum
673 1267 840 1322 Deum
865 1269 1263 1338 alloquebatur,
1297 1270 1580 1327 llluminas
1621 1283 1677 1327 tu
1710 1275 2024 1329 mirabiliter
2045 1293 2079 1329 a
2115 1295 2119 1298 ·

515 1359 780 1412 montibus
798 1361 1042 1423 aeternis;
1081 1376 1229 1416 nunc
1261 1371 1442 1419 autem
1475 1365 1650 1420 eidem
1700 1365 1776 1419 ait
1811 1387 1822 1420 :
1860 1367 1936 1421 Tu
1977 1376 2081 1422 tero

2254 1000 2338 1054 Σὺ
2365 999 2612 1068 φοϐερός
2648 994 2722 1062 εἷ,
2755 994 2853 1050 καὶ
2891 996 2980 1061 τίς
3019 993 3444 1063 ἀντιστήσεται
3463 1008 3599 1056 σοι;
3635 991 3753 1046 ἀπὸ

2182 1092 2313 1144 τότε
2335 1091 2373 1157 ἡ
2405 1091 2546 1160 ὀργή
2581 1107 2716 1144 σου.
2749 1084 2873 1150 Τοῖς
2905 1086 2978 1157 μὴ
3014 1085 3312 1157 βουληθεῖσι
3344 1083 3436 1136 τοῦ
3471 1083 3614 1136 θείου
3636 1091 3752 1151 φοι-

2180 1181 2271 1246 τὸς
2299 1183 2398 1244 τὰς
2427 1181 2596 1250 αὐγάς
2637 1177 3040 1252 παραδέξασθαι
3070 1175 3296 1248 φοϐερὸς
3330 1170 3469 1228 εἶναι
3515 1173 3750 1242 λέγεται.

2181 1273 2272 1325 Διὸ
2295 1273 2548 1344 ἀνωτέρω
2591 1273 2688 1344 μὲν
2729 1269 2878 1342 αὐτῷ
2905 1267 3240 1340 προσεφώνει
3282 1267 3360 1337 τῷ
3389 1265 3508 1337 Θεῷ
3539 1266 3712 1332 λέγων
3740 1284 3749 1290 ·

2177 1363 2444 1428 Φωτίζὲις
2473 1364 2553 1418 σὺ
2582 1361 2937 1434 θαυμαστῶς
2968 1361 3085 1415 ἀπὸ
3130 1361 3312 1428 ὀρέων
3329 1359 3579 1411 αἰωνίων
3596 1374 3609 1386 °
3635 1359 3754 1413 νυνὶ

517 1450 690 1503 ribilis
713 1466 790 1515 es,
814 1461 863 1504 et
892 1453 1010 1522 quis
1049 1454 1252 1508 resistet
1286 1455 1417 1511 tibi?
1449 1453 1570 1526 Ipse
1614 1457 1798 1527 itaque
1842 1466 1896 1513 et
1943 1459 2077 1514 lucis

2176 1456 2234 1510 δὲ
2264 1455 2342 1528 τῷ
2375 1455 2544 1526 αὐτῷ,
2574 1456 2657 1509 Σὺ
2681 1455 2930 1525 φοϐερὸς
2954 1454 3028 1518 εἷ,
3059 1452 3157 1506 καὶ
3191 1452 3283 1517 τίς
3326 1450 3752 1519 ἀντιστήσεται

516 1543 768 1614 largitor,
805 1553 859 1599 et
881 1545 1144 1602 terribilis
1175 1557 1300 1615 est;
1330 1549 1398 1604 iis
1417 1550 1625 1604 scilicet
1654 1551 1745 1620 qui
1773 1551 1828 1605 in
1859 1551 2077 1608 dextera

2179 1560 2315 1610 σοι;
2341 1546 2548 1599 Οὐκοῦν
2575 1548 2603 1598 ὁ
2634 1546 2794 1609 αὐτὸς
2836 1546 2929 1598 καὶ
2961 1543 3136 1613 φωτὸς
3170 1542 3430 1614 πάροχος,
3461 1544 3554 1596 καὶ
3593 1542 3751 1612 φοϐε-

517 1641 667 1698 sunt,
709 1634 849 1690 lucis
881 1635 1326 1705 administrator;
1372 1639 1439 1694 iis
1476 1641 1572 1711 qui
1603 1640 1661 1696 in
1691 1642 1936 1703 sinistra,
1971 1649 2077 1696 ter-

2182 1637 2273 1708 ρὸς
2306 1637 2599 1707 τυγχάνει·
2634 1639 2745 1700 τοῖς
2793 1636 2890 1707 μὲν
2915 1634 3106 1699 δεξιοῖς
3143 1632 3316 1702 φωτὸς
3355 1633 3602 1703 χορηγὸς,
3635 1633 3750 1696 τοίς

516 1722 713 1788 ribilis,
735 1725 934 1794 quibus
961 1727 1121 1780 etiam
1143 1725 1286 1782 dicet
1308 1743 1322 1778 :
1341 1727 1494 1783 Abite
1515 1731 1567 1783 in
1590 1731 1760 1800 ignem
1806 1741 2077 1798 internum,

2183 1727 2239 1781 δὲ
2265 1728 2571 1800 ἀριστεροῖς
2598 1727 2846 1798 φοϐερὸς,
2869 1722 2951 1789 οἷς
2975 1725 3039 1796 δὴ
3068 1724 3161 1778 καὶ
3199 1725 3388 1796 φήσει·
3416 1725 3749 1791 Πορεύεσθε

513 1825 760 1881 paratum
792 1816 1002 1871 diabolo
1021 1834 1069 1872 et
1099 1819 1307 1890 angelis
1322 1821 1435 1890 ejus
1450 1822 1518 1876 ⁸⁸.
1543 1822 1745 1878 Deinde
1766 1823 1970 1888 subdit,
1996 1823 2077 1877 Ea:

2177 1820 2266 1883 είς
2295 1817 2362 1870 τό
2410 1817 2529 1887 πῦρ
2570 1818 2636 1871 τὸ
2665 1817 2904 1871 αἰώνιον
2931 1815 2998 1868 τό
3041 1815 3483 1884 ’ἡτοιμασμένον
3515 1813 3595 1879 τῷ
3625 1814 3749 1868 διαρ

516 1917 638 1960 tunc
673 1908 753 1960 ira
802 1919 914 1964 tua.
947 1909 1028 1964 Ex
1076 1919 1225 1976 tunc,
1258 1927 1290 1966 a
1331 1928 1568 1982 quonam
1617 1921 1878 1984 tempore,
1911 1916 2017 1970 nisi
2047 1930 2077 1969 a

513 2010 622 2065 quo
645 1995 1075 2053 dormilaverunt
1101 2000 1195 2070 qui
1243 2001 1609 2057 ascenderunt
1637 2019 1827 2072 equos,
1859 2011 1912 2059 et
1952 2003 2081 2058 dor-

514 2087 754 2142 mierunt
787 2104 1041 2144 somnum
1078 2105 1237 2145 suum
1286 2091 1608 2162 insipientes
1653 2095 1868 2150 corde?
1909 2093 1988 2149 Ex
2015 2110 2080 2150 eo

516 2194 754 2250 namque
801 2189 1049 2250 tempore
1092 2182 1197 2237 sibi
1238 2183 1376 2254 ipsis
1403 2184 1912 2241 thesaurizaverunt
1943 2186 2078 2240 iram

515 2272 571 2326 in
602 2271 691 2327 die
726 2271 848 2337 irae;
878 2274 952 2327 ita
990 2282 1049 2327 ut
1076 2275 1210 2346 ipsis
1254 2277 1510 2332 dicatur:
1545 2276 1628 2332 Ite
1657 2277 1725 2330 ad
1750 2278 1920 2332 lumen
1942 2279 2079 2348 ignis

511 2363 695 2426 vestri,
724 2374 772 2417 et
813 2363 881 2416 ad
919 2364 1191 2432 ﬂammam
1223 2383 1381 2437 quam
1416 2367 1726 2422 accendistis
1756 2368 1820 2424 ⁸⁷.
1869 2366 2080 2438 Singuli

515 2472 674 2527 naiiiq
684 2473 749 2513 uc
763 2472 873 2528 quo
887 2467 1130 2529 tempore
1147 2466 1396 2530 peccant,
1412 2475 1478 2515 ex
1490 2474 1554 2515 eo
1571 2461 1704 2513 iram
1729 2459 1829 2515 sibi
1859 2459 2082 2516 thesau-

516 2547 690 2602 rizanl
705 2567 719 2602 :
733 2547 1000 2618 siquidem
1017 2565 1112 2621 per
1125 2551 1260 2605 iram
1277 2550 1596 2621 intelligitur
1613 2551 1934 2621 supplicium
1954 2566 2082 2622 pec-

510 2641 761 2697 caelitibus
776 2642 1132 2698 reconditum.
1149 2641 1354 2698 Deinde
1379 2659 1507 2699 vero
1522 2641 1724 2698 dicitur
1742 2658 1754 2693 :
1771 2640 2005 2696 —Vsns.
2021 2639 2076 2694 9.

517 2728 590 2784 De
601 2732 728 2786 caelo
749 2731 990 2786 auditum
1007 2732 1180 2802 fecisti
1192 2732 1477 2802 judicium.
1496 2731 1821 2788 Accuratius
1842 2731 2083 2786 animad-

509 2830 716 2887 vertas,
749 2838 855 2878 non
880 2824 1086 2879 dictum
1126 2823 1316 2890 fuisse,
1350 2825 1551 2894 fecisti,
1588 2825 1704 2890 sed,
1731 2823 1971 2877 auditum
1998 2824 2080 2893 fe-

508 2913 650 2976 cisti.
684 2915 986 2986 Antequam
1016 2917 1160 2970 enim
1188 2915 1386 2984 judicii
1411 2925 1626 2986 tempus
1651 2915 1866 2970 eveniat
1893 2916 1960 2971 iis
1983 2913 2081 2986 qui-

507 3014 637 3062 ante
669 3006 937 3075 judicium
970 3007 1256 3062 mortalem
1289 3008 1453 3062 vitam
1498 3007 1703 3071 obiere,
1731 3023 1828 3077 per
1863 3007 2080 3062 divinas

509 3095 793 3163 lectiones,
825 3111 1109 3152 sermones
1150 3096 1218 3152 de
1246 3097 1439 3152 divino
1459 3097 1672 3167 judicio
1703 3097 1852 3167 ipsos
1887 3097 2078 3153 audire

508 3180 661 3237 fecit.
697 3180 801 3236 Sed
827 3197 974 3237 nunc
1005 3182 1221 3253 quidem
1263 3183 1505 3239 futurum
1531 3184 1800 3254 judicium
1832 3185 1900 3240 de
1935 3186 2077 3242 cmlo
2103 3167 2145 3227 (ἶ

509 3274 762 3329 auditum
801 3274 932 3330 fecit
965 3293 980 3330 :
1025 3276 1445 3345 superveniente
1485 3285 1666 3332 autem
1712 3277 1849 3347 justi
1885 3277 2076 3346 judicii

506 3361 605 3420 Dei
631 3375 871 3436 temporc
888 3364 1076 3437 (Vens.
1098 3367 1208 3439 10),
1249 3377 1409 3433 terra,
1433 3367 1636 3438 inquit,
1651 3369 1860 3423 tremuit
1875 3379 1925 3422 et
1941 3371 2086 3440 quie-

507 3459 603 3520 vit,
631 3473 750 3510 cum
780 3467 1079 3530 exsurgeret
1124 3459 1180 3513 in
1209 3459 1475 3529 judicium
1509 3459 1668 3525 Deus,
1701 3470 1759 3514 ut
1797 3461 1969 3516 salvos
2000 3462 2079 3531 fa-

508 3558 642 3602 ceret
658 3564 834 3604 omnes
863 3560 1164 3605 mansuetos
1186 3553 1564 3622 te.rrte.Aperte
1585 3560 1765 3607 autem
1789 3552 1874 3608 his
1894 3553 2078 3608 decla-

509 3648 614 3702 rat,
635 3655 756 3710 qua:
782 3641 854 3696 sit
886 3641 1078 3710 judicii
1104 3656 1304 3710 causa;
1341 3643 1419 3697 uti
1441 3643 1854 3710 scilicetsalvos
1873 3644 2076 3702 faceret

505 3742 822 3788 mansuetos
840 3743 1014 3788 terrae.
1029 3732 1166 3788 Nam
1180 3735 1247 3791 de
1268 3735 1451 3808 impiis
1472 3738 1677 3793 dictum
1693 3746 1777 3794 est
1795 3755 1809 3789 :
1840 3737 1964 3793 Non
1992 3755 2076 3793 re-

507 3831 720 3891 surgent
743 3822 891 3890 impii
916 3822 969 3876 in
990 3822 1219 3892 judicio,
1261 3842 1422 3896 neque
1441 3838 1740 3896 peccatores
1774 3829 1830 3881 in
1854 3829 2091 3883 concilio

495 3916 788 3986 jastorum.
821 3913 1088 3978 Quoniam
1104 3916 1245 3970 novit
1274 3916 1528 3973 Dominus
1551 3920 1688 3974 viam
1705 3920 1994 3990 justorum,
2025 3928 2076 3974 et

504 4001 607 4052 iter
639 4001 921 4071 impiorum
945 4005 1136 4074 peribit
1163 4007 1230 4060 ⁸⁸.
1249 4005 1386 4062 Cum
1406 4011 1912 4082 surrexeritjtaque
1929 4011 2073 4068 Deus

505 4089 561 4143 in
604 4091 908 4161 judicium,
958 4104 1018 4151 ut
1073 4098 1257 4154 salvos
1305 4098 1468 4155 faciat
1522 4116 1711 4157 omnes
1757 4113 2074 4158 mansuetos

501 4187 682 4250 terrae,
715 4192 865 4241 terra
893 4195 1089 4244 tremet
1119 4202 1171 4245 et
1203 4190 1472 4260 quiescet.
1498 4190 1630 4246 Nam
1665 4196 1935 4250 mansueti
1961 4196 2078 4264 qui,

501 4275 625 4330 dem
659 4278 888 4334 salutem
921 4281 1286 4350 obtinebunt;
1318 4284 1410 4340 alii
1459 4292 1662 4349 autem,
1712 4285 1806 4339 irae
1853 4287 2075 4343 traden-

500 4376 612 4423 tur.
645 4367 881 4440 Reliqua
910 4387 1040 4427 vero
1072 4381 1247 4443 terra,
1271 4382 1324 4430 et
1354 4376 1451 4446 qui
1484 4375 1664 4430 medio
1698 4376 1754 4430 in
1784 4384 1931 4432 statu
1958 4393 2075 4434 ver-

503 4467 718 4525 santur,
743 4471 1026 4533 assumpto
1059 4463 1150 4520 Dei
1177 4467 1371 4522 timore
1409 4482 1440 4520 a
1472 4468 1884 4536 perturbatione
1917 4469 2071 4541 quie—

500 4558 756 4606 scent.-—
792 4552 963 4609 Vens.
999 4557 1088 4610 il.
1110 4556 1372 4623 Quoniam
1416 4559 1665 4630 cogitatio
1694 4559 1919 4616 hominis
1949 4579 2072 4616 con—

501 4643 737 4710 ﬁtebitur
779 4644 896 4710 tibi,
941 4656 992 4701 et
1029 4647 1268 4717 reliquiae
1315 4650 1652 4720 cogitationis
1693 4650 1832 4705 diem
1876 4652 2068 4722 festum

501 4741 655 4800 agent
697 4734 811 4788 tibi.
845 4734 912 4790 Et
943 4735 1048 4792 hoc
1090 4738 1168 4791 ait
1199 4737 1441 4793 futurum
1481 4754 1604 4795 esse
1645 4757 1773 4796 cum
1810 4750 2068 4814 exsurget

502 4820 843 4889 injudicium
879 4825 1043 4894 Deus,
1078 4837 1138 4883 ut
1185 4829 1366 4885 salvos
1393 4828 1558 4884 faciat
1584 4846 1773 4889 omnes
1809 4849 2067 4890 mansue-

502 4919 588 4967 tos
605 4920 763 4969 terra:
786 4934 805 4981 ;,
827 4918 956 4987 quid
989 4919 1137 4974 aliud
1165 4920 1219 4974 id
1243 4920 1424 4988 luerit,
1456 4939 1619 4994 quam
1649 4925 1794 4996 quod
1818 4927 2072 4998 cogitatio

498 5003 728 5061 hominis
760 5011 1091 5079 conﬁtebitur
1115 5013 1255 5070 tibi?
1284 5013 1474 5070 Omnis
1502 5017 1701 5087 quippe
1722 5019 1927 5088 lingua,
1953 5033 2069 5072 om-

500 5097 587 5152 nis
603 5097 882 5153 hominum
901 5103 1160 5172 cogitatio
1190 5105 1497 5176 mentisque
1523 5107 1800 5177 perceptio
1827 5116 2068 5176 tempore

494 5189 686 5259 judicii
715 5191 1062 5248 conﬁtebitur
1102 5193 1232 5258 Deo,
1266 5196 1486 5266 quando
1534 5199 1748 5252 occulta
1787 5197 2066 5252 hominum

498 5283 906 5339 revelabuntur.
941 5283 1012 5338 Et
1055 5288 1309 5357 reliquiis,
1341 5288 1536 5358 inquit,
1570 5288 1900 5359 cogitationis
1929 5288 2067 5343 diem

498 5370 690 5438 festum
726 5383 882 5442 agent
919 5373 1035 5430 tibi.
1073 5375 1213 5443 Quid
1243 5394 1410 5448 porro
1441 5377 1606 5432 fuerit
1643 5378 1802 5441 illud,
1830 5379 2065 5449 reliquiae

501 5462 862 5530 cogitationis,
896 5464 1004 5521 nisi
1051 5468 1400 5523 ratiocinium
1445 5469 1593 5522 omni
1650 5485 1816 5540 prava
1857 5473 2066 5541 cogita-

501 5553 646 5608 tione
677 5557 1002 5626 purgatum?
1039 5559 1218 5614 simile
1248 5561 1317 5616 iis
1354 5560 1421 5615 dc
1451 5560 1654 5630 quibus
1696 5561 1899 5615 dictum
1933 5570 2016 5617 est
2050 5582 2063 5617 :

501 5638 754 5710 Reliquia:
797 5645 1080 5700 secundum
1107 5649 1408 5704 electionem
1439 5652 1628 5720 gratia:
1659 5652 1814 5723 factm
1847 5665 1964 5708 sunt
1996 5654 2059 5709 ".

575 5793 620 5823 ⁸⁸
661 5793 848 5850 Matth.
885 5813 1012 5863 xxv,
1052 5800 1140 5852 Μ.

1219 5804 1260 5834 ⁸⁷
1287 5802 1387 5858 lsa.
1425 5821 1486 5864 L.
1526 5807 1605 5861 ll.
1686 5810 1727 5840 “-
1760 5806 1997 5866 Psal.1.

2181 1909 2337 1975 δόλῳ
2362 1907 2461 1962 καὶ
2486 1909 2609 1974 τοῖς
2645 1907 2920 1979 ἀγγέλοις
2942 1906 3154 1962 αὑτοῦ.
3182 1903 3294 1960 Εἶθ’
3323 1903 3449 1975 ἑξῆς
3476 1905 3743 1976 ἐπιφέρει·

2193 2001 2334 2056 Ἀπὸ
2375 2002 2506 2055 τότε
2543 2001 2583 2069 ἡ
2623 1999 2766 2071 ὀργή
2810 2015 2948 2055 σου.
2993 1999 3124 2052 Ἀπὸ
3157 1997 3277 2051 τότε
3319 1997 3407 2062 δέ,
3442 1997 3594 2059 πότε,
3633 1996 3745 2050 ἀλλ’

2179 2093 2213 2164 ἢ
2249 2095 2337 2162 ἀφ’
2387 2087 2446 2148 οὗ
2483 2093 2777 2160 ἐνύσταξαν
2827 2094 2876 2147 οἱ
2926 2091 3310 2161 ἐπιϐεϐηκότες
3353 2090 3478 2153 τοὺς
3527 2090 3750 2153 ἵππους,

2179 2186 2274 2240 καὶ
2317 2186 2570 2239 ὖπνωσαν
2614 2185 2778 2239 ὕπνον
2825 2183 3002 2239 αὐτῶν
3033 2183 3082 2236 οἱ
3125 2181 3376 2236 ἀσύνετοι
3406 2183 3472 2252 τῇ
3513 2180 3742 2253 καρδία;

2193 2278 2280 2345 Ἐξ
2307 2278 2513 2332 ἐκείνου
2545 2278 2654 2351 γὰρ
2682 2277 2833 2331 αὐτοὶ
2875 2279 3085 2340 ἑαυτοῖς
3119 2275 3479 2347 ἐθησαύρισαν
3500 2275 3664 2346 ὀργὴν
3687 2277 3748 2328 ἐν

2179 2369 2363 2442 ἡμέρᾳ
2390 2370 2556 2441 ὀργῆς
2573 2387 2587 2400 ο
2623 2371 2698 2434 ὡς
2718 2367 2968 2438 λέγεσθαι
3005 2368 3139 2440 πρὸς
3166 2366 3385 2430 αὐτούς’
3416 2366 3750 2433 Πορεύεσθε

2178 2461 2259 2526 τῷ
2303 2461 2450 2531 φωτὶ
2503 2460 2611 2514 τοῦ
2653 2460 2841 2530 πυρός
2867 2459 3051 2530 ὑμῶν,
3087 2457 3183 2513 καὶ
3215 2457 3288 2526 τῇ
3333 2458 3510 2528 φλογί
3545 2451 3586 2530 ᾖ
3645 2457 3750 2524 ἐξ·-

2178 2553 2490 2607 εκαύσατε.
2529 2553 2795 2616 Ἕκαστος
2819 2552 2928 2625 γὰρ
2965 2550 3085 2604 καθ’
3118 2550 3176 2604 ὃν
3209 2550 3397 2621 καιρὸν
3422 2551 3745 2623 ἁμαρτάνει,

2178 2643 2288 2697 ἀπὸ
2317 2643 2439 2696 τότε
2467 2644 2636 2715 ὀργὴν
2664 2642 2840 2714 ἐαυτῷ
2872 2642 3216 2714 θησαυρίζειο
3260 2642 3427 2715 ὀργῆς
3455 2643 3750 2714 νοουμένης

2176 2737 2275 2806 τῆς
2294 2737 2407 2798 τοῖς
2425 2735 2802 2806 πλημμελοῦσι
2824 2751 3076 2804 τεταμιευ
3085 2733 3251 2805 μένης
3275 2733 3558 2804 τιμωρίας.
3591 2733 3750 2804 Ἑξῆς

2177 2825 2234 2879 δὲ
2279 2826 2524 2898 εἴρηται·
2569 2827 2672 2879 Ἐκ
2712 2823 2819 2879 τοῦ
2853 2822 3115 2893 οὐρανοῦ
3156 2823 3482 2890 ἡκούτισας
3522 2825 3749 2892 κρίσιν..

2179 2916 2421 2988 Πρόσχες
2451 2916 2506 2970 δὲ
2557 2915 2850 2987 ἐπιμελῶς,
2893 2915 2969 2978 ὡς
3005 2914 3103 2967 οὐκ
3152 2913 3383 2986 εἴρηται,
3431 2915 3743 2981 ἐποίησας,

2179 3007 2293 3060 ἀλλ’
2320 3008 2668 3076 ἠκούτισας.
2697 3006 2833 3077 Πρὶν
2855 3004 2963 3076 γὰρ
2992 3002 3242 3073 ἐπιϐῆναι
3273 3002 3364 3056 τὸν
3395 3003 3493 3072 τῆς
3515 3002 3745 3074 κρίσεως

2181 3101 2367 3170 καιρὸν
2387 3102 2497 3164 τοῖς
2519 3099 2624 3171 πρὸ
2637 3099 2737 3170 τῆς
2760 3097 2991 3168 κρίσεως
3006 3096 3096 3150 τὸν
3114 3094 3302 3166 θνητὸν
3326 3093 3437 3164 βίον
3452 3095 3746 3159 διανύουσι,

2175 3192 2302 3255 τοὺς
2322 3191 2452 3262 περὶ
2477 3191 2574 3262 τῆς
2604 3189 2833 3262 κρίσεως
2853 3187 3043 3254 λόγους
3065 3184 3395 3254 ἀκουσθῆναι
3422 3185 3642 3256 ἐποίησε
3660 3184 3749 3239 διὰ

2173 3283 2450 3338 τῶνθείων
2465 3283 2921 3352 ἀναγνωσμάτων.
2939 3277 3098 3330 Ἀλλὰ
3110 3275 3203 3330 νῦν
3223 3275 3320 3347 μὲν
3335 3277 3399 3329 ἐκ
3413 3276 3505 3328 τοῦ
3519 3277 3575 3330 οὐ
3584 3274 3747 3348 ρανοῦ

2173 3374 2453 3444 ἀκουστὴν
2475 3372 2697 3442 ἐποίησε
2733 3371 2832 3442 τὴν
2858 3367 3153 3439 μέλλουσαν
3193 3365 3402 3437 κρίσιν·
3426 3365 3748 3429 ἐπιστάντος

2173 3465 2228 3518 δὲ
2259 3462 2362 3517 τοῦ
2384 3461 2576 3535 καιροῦ
2608 3462 2706 3531 τῆς
2739 3459 2833 3513 τοῦ
2877 3456 3011 3512 Θεοῦ
3051 3455 3460 3528 δικαιοκρισίας,
3489 3453 3601 3523 Γῆ,
3637 3472 3746 3526 φη-

2175 3557 2280 3622 σὶν,
2309 3555 2571 3625 ἐφοϐήθη
2607 3553 2704 3606 καὶ
2737 3552 3056 3620 ἡσύχασεν
3081 3549 3151 3602 ἐν
3179 3547 3260 3614 τῷ
3301 3545 3628 3614 ἀναστῆναι
3653 3548 3741 3611 είς

2172 3649 2375 3718 κρίσιν
2399 3647 2505 3702 τὸν
2545 3646 2720 3709 Θεὸν,
2758 3643 2863 3697 τοῦ
2897 3640 3090 3695 σῶσαι
3119 3638 3348 3704 πάντας
3371 3638 3510 3704 τοὺς
3541 3636 3744 3707 πραεῖς

2172 3738 2284 3807 τῆς
2311 3737 2452 3808 γῆς.
2475 3737 2668 3806 Σαφῶς
2700 3735 2756 3789 δὲ
2783 3735 3078 3805 παρίστησι
3111 3731 3199 3784 διὰ
3228 3729 3432 3782 τούτων
3459 3731 3488 3782 ὁ
3507 3728 3660 3797 λόγος
3684 3728 3746 3780 τὸ

2173 3830 2343 3885 αἴτιον
2373 3833 2471 3900 τῆς
2499 3827 2762 3902 κρίσεως·
2789 3826 2927 3896 ὑπὲρ
2955 3824 3062 3894 γὰρ
3086 3820 3179 3875 τοῦ
3211 3819 3382 3877 σῶσαι
3405 3819 3532 3883 τοὺς
3555 3820 3748 3889 πραεῖς

2172 3921 2273 3992 τῆς
2299 3923 2420 3993 γῆς.
2452 3920 2589 3991 Περὶ
2635 3917 2744 3989 γὰρ
2764 3917 2874 3969 τῶν
2911 3913 3121 3968 ἀσεϐῶν
3154 3913 3402 3984 εἴρηται·
3447 3911 3568 3963 Οὐκ
3607 3909 3726 3962 ἀνα

2174 4011 2506 4080 στήσονται
2534 4007 2766 4072 ἀσεϐεῖς
2798 4007 2866 4059 ἐν
2893 4003 3106 4072 κρίσει,
3144 4000 3286 4056 οὐδὲ
3320 3996 3652 4070 ἁμαρτωλοὶ
3678 3996 3735 4051 ἐν

2169 4099 2371 4168 ,ϐουλῇ
2389 4099 2648 4153 δικαίωνι
2663 4097 2752 4150 ὅτι
2779 4095 3052 4166 γινώσκει
3073 4098 3286 4165 Κύριος
3311 4091 3455 4147 ὀδόν
3479 4088 3746 4152 δικαίων,

2173 4193 2270 4248 καὶ
2289 4191 2427 4256 ὁδὸς
2451 4189 2687 4245 ἀσεϐῶν
2719 4188 3043 4244 ἀπολεῖται.
3078 4186 3428 4247 Ἀναστάντος
3451 4182 3633 4236 τοίνυν¹
3653 4177 3748 4233 τοῦ

2172 4285 2312 4340 Θεοῦ
2323 4287 2400 4348 εἰς
2424 4284 2606 4356 κρίσιν
2623 4283 2761 4353 ὑπὲρ
2775 4279 3055 4335 τοῦσῶσαι
3081 4280 3288 4342 πάντας
3300 4277 3427 4338 τοὺς
3443 4273 3635 4346 πραεῖς
3648 4272 3749 4343 τῆς

2172 4379 2293 4449 γῆς.
2311 4378 2380 4446 γῆ
2398 4373 2763 4444 φοϐηθήσεται
2786 4373 2879 4426 καὶ
2907 4371 3200 4443 ἡσυχάσει..
3221 4372 3283 4423 Ui
3309 4367 3406 4439 μὲν
3421 4366 3538 4436 γὰρ
3552 4366 3750 4436 πραεῖς

2172 4465 2450 4530 τεύξονται
2479 4465 2577 4535 τῆς
2613 4461 2901 4534 σωτηρίας,
2930 4463 2981 4514 oi-
3007 4462 3062 4515 δὲ
3080 4464 3146 4533 τῇ
3177 4460 3314 4532 ὀργῇ
3345 4455 3758 4528 παραδοθήσον-

2099 4523 2150 4582 D
2174 4523 2299 4614 rat:
2330 4561 2364 4630 ἠ
2391 4557 2449 4610 δὲ
2479 4523 2873 4627 λοιπὴςγῆΙκαὶ-
2891 4523 2946 4607 ὀξ
2975 4555 3072 4626 τὴν
3334 4523 3612 4620 εἰληφότες
3643 4563 3749 4600 κα-

2169 4653 2428 4707 τάστασιν
2457 4647 2755 4702 παύσονται
2787 4647 2887 4716 τῆς
2912 4645 3154 4717 ταραχῆς
3181 4644 3280 4697 τὸν·
3294 4642 3434 4695 θεῖον
3459 4637 3752 4708 ἀνειληφόο

2167 4762 2260 4809 τες
2293 4741 2474 4812 φόϐον.
2501 4742 2620 4794 Ὅτι
2660 4739 2940 4808 ἐνθύμιον
2961 4737 3270 4808 ἀνθρώπου
3305 4730 3757 4804 ἐξομολογήσει--

2169 4836 2266 4890 ταί
2290 4850 2410 4896 σοι,
2436 4833 2531 4887 καὶ
2550 4829 2987 4902 ἐγκατάλειμμα
3013 4829 3294 4898 ἐνθυμίου
3318 4823 3592 4895 ἑορτάσει
3619 4836 3744 4876 σοι.

2171 4928 2282 4982 Καὶ
2310 4924 2469 4978 τοῦτό
2514 4941 2676 4996 φησιν
2709 4922 2926 4976 ἔσεσθαι
2966 4924 3026 4977 ἐν
3065 4920 3143 4992 τῷ
3175 4919 3476 4987 ἀναστῆναι.
3493 4915 3584 4968 τὸν
3609 4913 3748 4968 Θεὸν

2170 5021 2249 5082 εἰς
2273 5017 2472 5089 κρίσιν,
2492 5015 2586 5069 τοῦ
2613 5015 2782 5068 σῶσαι
2805 5015 3011 5078 πάντας
3029 5015 3154 5076 τοὺς
3182 5011 3374 5083 πραεῖς
3399 5008 3499 5077 τῆς
3532 5007 3652 5077 γῆς.
3675 5004 3746 5059 Τί

2170 5110 2227 5165 δὲ
2280 5108 2436 5166 τοῦτο
2475 5108 2531 5180 ῆ,
2574 5109 2853 5177 ἐνθύμιον
2886 5105 3196 5174 ἀνθρώπου
3240 5096 3757 5171 ἐξομολογήσετωί

2171 5217 2303 5265 σοι;
2330 5200 2485 5255 Πᾶσα
2515 5199 2624 5270 γὰρ
2649 5199 2870 5268 γλῶσσα
2901 5197 2993 5252 καὶ
3019 5199 3125 5260 πᾶς
3167 5193 3423 5264 λογισμὸς
3450 5191 3544 5244 καὶ
3584 5189 3745 5243 ἐνθύ-

2175 5309 2338 5366 μησις
2366 5290 2666 5363 ἀνθρώπων
2712 5288 3157 5360 ἐξομολογήσεται
3199 5284 3277 5354 τῷ
3317 5281 3434 5352 Θεῷ
3474 5279 3614 5334 κατά
3651 5278 3746 5331 τὸν

2168 5384 2267 5454 τῆς
2293 5381 2526 5452 κρίσεως
2566 5379 2774 5450 καιρὸν,
2819 5378 2907 5432 ὅτε
2933 5377 3002 5431 τὰ
3038 5371 3254 5448 κρυπτὰ
3292 5373 3399 5425 τῶν
3441 5367 3747 5441 ἀνθρώπων

2168 5471 2378 5545 φανερὰ
2399 5472 2702 5542 γενήσεται.
2733 5470 2841 5524 Καὶ
2871 5467 3306 5540 ἐγκατάλειμμα
3329 5464 3407 5527 δὲ,
3435 5463 3618 5532 φησὶν,
3645 5461 3748 5514 ἐνί

2167 5567 2305 5634 θυμί
2308 5585 2378 5620 ου
2400 5563 2668 5633 ἑορτάσει
2695 5579 2812 5616 σοι.
2844 5564 2907 5614 Τί
2923 5563 2966 5615 δ’
2990 5560 3055 5614 ἂν
3079 5560 3288 5628 γένοιτο
3306 5553 3746 5626 ἐγκατάλειμμα

2165 5655 2448 5724 ἑννθυμίου
2488 5653 2520 5724 ἥ
2553 5655 2581 5705 ὁ
2609 5653 3013 5724 κεκαθαρμένος
3040 5652 3146 5704 ἀπὸ
3168 5649 3345 5719 πάσης
3375 5646 3613 5717 πονηρᾶς
3649 5646 3740 5698 ἐν·

2237 5809 2278 5838 "
2303 5803 2458 5865 Rom.
2499 5822 2586 5864 χι.
2620 5809 2672 5864 5.
