4066 6372
338 379 446 434 885

1459 378 1960 437 ΟΘΜΜΕΝΤΑΒΙΑ
1998 377 2066 434 IN
2103 377 2436 434 PSALMOS'.

3463 382 3566 438 886

339 499 625 572 θυμήσεως
644 500 926 574 λογισμός;
953 501 1135 572 ὅμοιος
1151 502 1226 558 ὢν
1246 497 1472 567 ἐκείνας
1500 504 1626 575 περὶ
1649 495 1722 559 ὧν
1751 502 1901 574 εἴρη-

2006 499 2094 555 Sic
2116 501 2280 572 igitur
2305 515 2360 556 et
2389 513 2566 570 Ipsum
2606 497 2998 571 [ratiocinium]
3026 497 3266 568 reliquiae
3291 498 3574 570 cogitatio-

337 607 428 644 ται
452 607 466 620 ⁸
497 591 721 661 Λεῖμμα
747 593 872 646 κατ’
899 592 1163 662 ἐκλογὴν
1189 592 1428 663 χάριτος
1453 593 1716 664 γέγονεν.
1748 593 1903 648 Οὕτω

2006 592 2093 648 nis
2116 604 2370 647 vocatum
2405 599 2528 660 est;
2562 598 2895 662 quapropter
2917 598 3047 646 tunc
3075 589 3276 647 festum
3308 599 3451 661 aget,
3487 598 3573 645 ut-

340 682 470 751 γοῦν
511 684 670 746 αὐτὸς
705 683 1117 756 ἐγκατάλειμμα
1151 686 1402 757 ἐνθυμίου
1458 685 1796 757 ὠνόμασται*
1825 685 1904 739 διὸ

2006 691 2130 755 pote
2179 685 2235 737 in
2285 691 2530 752 tempore
2560 695 2662 738 suo
2701 681 3096 752 promissiones
3144 679 3296 752 regni
3335 681 3576 739 caelestis

341 773 587 844 ἐορτάσει
625 775 766 839 τότε,
798 776 892 830 ἅτε
921 777 984 848 δὴ
1027 777 1167 831 κατά
1209 777 1398 848 καιρὸν
1441 777 1538 842 τὰς
1581 777 1906 846 ἐπαγγελίας

341 863 628 918 ἀπολαϐὼν
655 867 753 936 τῆς
782 867 1029 937 οὐρανίου
1063 867 1357 939 βασιλείας.

411 952 686 1016 Εῠξασθε
715 955 811 1008 καὶ
833 955 1086 1010 ἀπόδοτε
1112 958 1308 1027 Κυρίῳ
1333 957 1413 1024 τῷ
1447 957 1567 1023 Θεῷ
1587 957 1694 1024 τὰς
1724 959 1908 1027 εὐχὰς

343 1039 530 1108 ὑμῶν,
565 1041 786 1109 πάντες
833 1047 888 1098 οἱ
935 1045 1138 1112 κύκλῳ
1172 1046 1386 1102 αὑτοῦ·
1421 1046 1500 1112 τῷ
1543 1047 1770 1118 φοϐερῷ
1810 1047 1906 1102 καὶ

341 1131 754 1201 ἀφαιρουμένῳ
805 1135 1110 1204 πνεύματα
1170 1136 1503 1206 ἀρχόντων,
1554 1136 1636 1203 τῷ
1684 1137 1908 1208 φοϐερῷ

340 1223 502 1291 παρὰ
520 1224 643 1290 τοῖς
665 1225 994 1289 ,βασιλεῦσι
1023 1225 1130 1295 τῆς
1154 1227 1290 1297 γῆς.
1314 1229 1640 1293 Συντελέσας
1665 1230 1755 1283 τὸν
1782 1233 1910 1303 περὶ

337 1315 439 1385 τῆς
475 1315 706 1386 κρίσεως
751 1315 846 1370 τοῦ
892 1316 1026 1370 Θεοῦ
1073 1317 1250 1387 λόγον,
1295 1322 1694 1392 παραινετικῶς
1729 1321 1910 1376 λοιπὸν

339 1407 506 1458 πᾶσιν
541 1407 669 1475 ἡμῖν
704 1406 1026 1478 προστάττει
1052 1406 1325 1479 εὔχεσθαι,
1355 1411 1449 1464 καὶ
1477 1411 1782 1464 ἀποδιδόναι
1801 1413 1912 1465 Κυ-

342 1497 444 1568 ρίῳ
465 1495 542 1566 τῷ
569 1495 684 1566 Θεῷ
721 1497 876 1568 ἡμῶν
901 1498 1000 1562 τὰς
1031 1497 1195 1568 εὐχάς
1217 1517 1230 1530 -
1272 1499 1348 1563 ὡς
1386 1499 1465 1553 ἐτι
1498 1500 1554 1553 δὲ
1574 1500 1761 1572 καιρός
1797 1502 1912 1554 ἐστι

338 1587 480 1642 κατά
505 1588 596 1641 τὸν
624 1589 893 1643 ἐνεστῶτα
917 1590 1054 1661 βίον,
1082 1591 1395 1661 ἀναγκαίως
1427 1591 1584 1645 τοῦτο
1608 1595 1778 1646 ποιεῖν
1805 1610 1912 1647 πα-

339 1682 534 1752 ραινεῖ.
568 1681 745 1751 Εὐχάς
777 1683 834 1736 δὲ
867 1683 966 1748 τὰς
999 1683 1326 1753 ἐπαγγελίας
1366 1682 1553 1738 εἴωθεν
1594 1684 1909 1756 ὀνομάζειν·

2007 783 2384 845 accepturum.

2076 947 2242 1004 Vens.
2273 948 2474 1012 12,15.
2514 946 2694 1003 Vovete
2729 959 2777 1002 et
2823 947 3019 1002 reddite
3056 947 3281 1003 Domino
3313 947 3420 1004 Deo
3457 958 3574 1002 vota

2005 1051 2200 1104 vestra,
2231 1057 2405 1094 omnes
2439 1040 2527 1110 qui
2571 1040 2625 1093 in
2672 1039 2894 1092 circuitu
2925 1039 3036 1108 ejus
3066 1040 3190 1094 estis
3225 1055 3243 1094 :
3277 1039 3501 1094 terribili
3524 1044 3575 1094 et

2006 1133 2056 1186 ei
2084 1131 2172 1202 qui
2204 1131 2376 1198 aufert
2403 1131 2622 1199 spiritus
2650 1129 2964 1198 principum,
2997 1130 3222 1183 terribili
3251 1130 3390 1199 apud
3418 1146 3561 1201 reges

2011 1233 2187 1278 terrm.
2221 1222 2486 1278 Absoluto
2513 1221 2581 1276 de
2612 1220 2706 1276 Dei
2746 1220 2954 1291 judicio
2987 1237 3260 1289 sermone,
3296 1221 3572 1278 hortantis

2008 1328 2162 1368 more
2189 1313 2434 1384 praecipit
2483 1312 2642 1368 nobis
2695 1319 2754 1366 ut
2781 1326 3073 1368 voveamus
3107 1319 3161 1367 et
3189 1311 3418 1366 Domino
3458 1311 3575 1368 Deo

2009 1413 2197 1458 nostro
2228 1413 2354 1459 vota
2380 1402 2671 1458 reddamus
2700 1421 2713 1457 :
2749 1401 2878 1456 dum
2903 1401 3080 1458 adhuc
3104 1402 3156 1456 in
3183 1403 3438 1472 praesenti
3465 1402 3580 1458 vita

2009 1501 2224 1564 tempus
2269 1493 2442 1557 adest,
2474 1501 2534 1548 ut
2568 1493 2622 1548 id
2653 1507 2881 1563 agamus
2927 1509 3030 1549 nos
3085 1494 3397 1574 necessario
3424 1507 3584 1548 com--

2010 1595 2215 1644 monet.
2245 1585 2387 1642 Vota
2423 1594 2602 1642 autem
2633 1585 3023 1656 promissiones
3053 1602 3369 1658 nuncupare
3399 1586 3594 1656 solet;

2011 1695 2180 1751 quare
2205 1679 2410 1734 dictum
2442 1686 2527 1734 est
2560 1698 2572 1733 :
2601 1677 2662 1733 Si
2699 1687 2874 1733 votum
2921 1681 3139 1746 noveris,
3163 1696 3227 1734 ne
3254 1679 3428 1734 tardes
3457 1678 3580 1734 red-

337 1768 419 1822 διὸ
443 1769 686 1824 λέλεκται
711 1787 725 1801 ⁸
768 1771 908 1826 Ἐὰν
929 1772 1078 1842 εὔξῃ
1101 1773 1313 1842 εὐχὴν,
1341 1772 1428 1842 μὴ
1467 1773 1907 1843 χρονίσῃςοάπο-

2012 1771 2163 1825 dere:
2197 1770 2379 1825 melius
2410 1771 2546 1824 enim
2565 1779 2641 1825 est
2666 1787 2769 1826 non
2800 1788 2997 1838 vovere,
3021 1789 3178 1843 quam
3200 1788 3377 1827 vovere
3397 1781 3446 1827 et
3473 1788 3578 1828 non

336 1863 576 1919 δοῦναι·
611 1865 836 1935 ἀγαθὸν
866 1865 932 1920 τό
971 1841 1071 1936 μὴ
1105 1841 1584 1936 semesae
1624 1866 1907 1931 εὔξασθαι

2015 1861 2228 1917 reddere
2256 1863 2324 1918 "°.
2352 1862 2743 1934 Unusquisque
2783 1879 2912 1935 ergo
2955 1841 3204 1920 nostrum
3236 1863 3576 1936 propositum

336 1956 439 2008 καὶ
461 1956 547 2026 μὴ
581 1957 930 2015 ἀποδοῦναι.
959 1958 1230 2022 Ἕκαστος
1274 1957 1452 2011 τοίνυν
1485 1957 1592 2010 τῶν
1632 1958 1786 2028 ημῶν
1811 1959 1910 2029 τὴν

335 2049 531 2103 ἑαυτοῦ
577 2049 832 2121 πρόθεσιν
873 2053 968 2106 κα).
997 2051 1096 2122 τὴν
1121 2051 1326 2104 οἰκείαν
1367 2049 1701 2120 ἐπαγγελίαν
1723 2049 1911 2121 ὥσπερ

334 2141 502 2212 εὐχὴν
527 2141 841 2205 ἀποδιδότω,
879 2141 1223 2214 μεμνημένος
1255 2141 1349 2194 τοῦ
1382 2143 1646 2212 φήσαντος
1665 2159 1678 2173 ο
1713 2140 1912 2195 Θῦσον

332 2230 418 2296 τῷ
451 2231 572 2298 Θεῷ
624 2235 844 2289 θυσίαν
873 2236 1178 2302 αἰνέσεως,
1209 2234 1306 2287 καὶ
1347 2233 1569 2300 ἀπόδος
1611 2234 1691 2300 τῷ
1720 2235 1914 2304 Κυρίῳ

331 2325 444 2390 τὰς
466 2324 652 2394 εὐχάς
682 2340 798 2380 σου
817 2343 830 2356 ·
869 2326 967 2380 καὶ
994 2325 1349 2381 ἐπικάλεσαί
1369 2344 1446 2397 με
1474 2325 1543 2380 ἐν
1569 2325 1754 2398 ἡμέρᾳ
1787 2327 1913 2384 θλί-

331 2419 517 2484 ψεως,
549 2417 646 2470 καὶ
660 2417 981 2486 ἐξελοῦμαι
1002 2431 1097 2482 σε,
1125 2418 1222 2472 καὶ
1251 2418 1531 2486 δοξάσεις
1547 2437 1642 2488 με.
1673 2420 1786 2473 Νῦν
1813 2420 1912 2492 μὲν

330 2503 450 2572 οὖν,
483 2508 668 2578 φησὶν,
700 2509 960 2574 εὔξασθε
988 2509 1086 2564 καὶ
1122 2509 1396 2564 ἀπόδοτε.
1437 2512 1629 2566 Ἔσται
1655 2509 1764 2583 γὰρ
1791 2529 1913 2566 και-

333 2598 432 2672 ρὺς
459 2601 517 2653 ἐν
543 2593 587 2668 ᾧ
617 2601 817 2664 πάντες
849 2602 896 2654 oi
924 2600 1106 2672 κύκλῳ
1137 2600 1301 2656 αὑτοῦ
1336 2603 1539 2656 οἴσουσι
1561 2601 1729 2674 δῶρα.
1754 2603 1912 2657 Κατὰ

329 2691 445 2764 γὰρ
475 2691 567 2745 τὸν
595 2692 693 2763 τῆς
729 2691 1000 2762 βασιλείας
1039 2692 1202 2746 αὑτοῦ
1251 2693 1437 2765 καιρὸν
1463 2691 1745 2761 ,ϐασιλεῖς
1776 2696 1913 2764 Θαρ-

332 2781 468 2846 σεῖς
497 2781 594 2835 καὶ
619 2780 800 2850 νῆσοι
817 2780 974 2850 δῶρα
1002 2781 1400 2850 προσάξουσι,
1423 2782 1705 2849 βασιλεῖς
1745 2783 1909 2852 Ἀρά-

333 2873 456 2926 ϐων
488 2871 586 2924 καὶ
614 2872 775 2924 Σαϐὰ
800 2869 958 2939 δῶρα
986 2871 1406 2939 προσοίσουσι,
1440 2871 1538 2925 καὶ
1569 2873 1911 2942 προσκυνή-

330 2975 560 3016 σουσιν
600 2958 760 3026 αὺτῷ
798 2961 1018 3028 πάντες
1046 2964 1100 3016 οἱ
1136 2963 1416 3029 ,βασιλεῖς
1461 2962 1571 3031 τῆς
1607 2963 1738 3033 γῆς.
1777 2964 1908 3016 Τότε

329 3051 466 3120 γοῦν
491 3050 782 3123 καθημένῳ
828 3053 918 3104 ἐπὶ
965 3051 1153 3122 θρόνου
1185 3051 1342 3124 δόξης
1386 3052 1549 3107 αὐτοῦ
1600 3055 1908 3126 προσκυνή-

330 3157 487 3194 σουσι
518 3140 714 3205 πάντες
757 3140 896 3212 μετά
943 3139 1131 3213 δώρων
1153 3158 1166 3172 ο
1215 3143 1478 3207 τουτέστι,
1531 3143 1647 3214 μεθ’
1682 3137 1756 3198 ὧν
1789 3145 1908 3198 ἐπι-
1933 3166 1980 3229 C

329 3231 562 3302 φέρεται
615 3231 842 3295 ἕκαστος
896 3231 1141 3303 καρπῶν.
1203 3233 1402 3305 Διόπερ
1459 3233 1534 3298 ὡς
1583 3234 1662 3288 ἔτι
1718 3234 1905 3306 καιρός

326 3323 502 3387 ἐστιν,
531 3321 777 3376 ἐντεῦθεν
810 3323 908 3394 ἤδη
951 3325 1208 3394 παραινεῖ
1237 3322 1494 3389 εὔξασθαι
1531 3327 1622 3379 καὶ
1664 3326 1907 3380 ἀποδιδό-

327 3429 452 3468 ναι’
487 3411 562 3477 ὡς
603 3411 690 3478 ἂν,
725 3415 849 3476 τοὺς
879 3412 1088 3466 ἑαυτῶν
1125 3412 1428 3484 θησαυροὺς
1461 3417 1903 3487 ταμιευσάμενοι,

324 3505 476 3560 κατὰ
525 3505 712 3578 καιρὸν
744 3505 891 3577 αὐτῷ
930 3507 1403 3578 προσκομίσωμεν,
1448 3506 1585 3574 ἄξιοι
1627 3509 1905 3580 γενόμενοι

323 3595 441 3651 τῶν
464 3595 800 3649 κυκλούντων
822 3597 982 3650 αὐτοῦ
1010 3597 1100 3650 τὸν
1128 3597 1332 3669 θρόνον.
1360 3598 1566 3662 Πάντες
1594 3598 1702 3670 γὰρ
1724 3599 1906 3671 κύκλῳ

327 3684 498 3740 αὑτοῦ
528 3685 904 3755 προσοίσουσιν
933 3685 1081 3756 αὐτῷ
1107 3687 1272 3757 δῶρα,
1301 3687 1513 3758 φοϐερῷ
1542 3688 1652 3742 ὅντι
1680 3692 1790 3754 τοῖς
1827 3691 1903 3761 μὴ

328 3775 724 3849 πλησιάζουσιν
760 3775 942 3847 αὐτῷ,
974 3777 1107 3848 μηδὲ
1139 3777 1208 3830 τὰ
1221 3776 1369 3849 δῶρα
1395 3779 1778 3851 προσφέρουσι.
1815 3781 1906 3834 Διὸ

327 3867 669 3936 ὲπιλέγεταιο
696 3867 782 3934 Τῷ
804 3867 1030 3936 φοϐερῷ
1051 3867 1148 3922 καὶ
1167 3869 1576 3938 ἀφαιρουμένῳ
1599 3873 1904 3941 πνεύματα

323 3958 656 4028 ἀρχόντων,
690 3956 914 4027 φοϐερῷ
939 3957 1097 4028 παρὰ
1126 3958 1248 4026 τοῖς
1269 3960 1601 4024 βασιλεῦσι
1626 3962 1737 4032 τῆς
1767 3963 1900 4034 γῆς.

323 4049 402 4104 Τὸ
423 4047 555 4121 γὰρ,
587 4049 668 4101 Οὐ
689 4047 776 4118 μὴ
807 4049 1127 4118 καταμείνῃ
1160 4050 1224 4103 τὸ
1250 4049 1484 4120 πνεῦμά
1495 4069 1614 4120 μου
1640 4051 1738 4105 ἐπὶ
1764 4052 1905 4119 τοὺς

319 4138 502 4206 υἱοὺς
533 4136 873 4208 ἀνθρώπων,
917 4138 1235 4210 λεχθήσεται
1273 4140 1368 4194 καὶ
1410 4142 1496 4194 ἐπ’
1541 4142 1760 4197 ἐκείνων
1795 4145 1903 4198 τῶν

324 4247 464 4284 ποτε
497 4229 596 4300 μὲν
624 4229 896 4301 ἀρχόντων
939 4231 1032 4284 καὶ
1074 4230 1389 4303 ἡγουμένων
1427 4233 1900 4304 χρηματισάντων,

319 4320 421 4375 καὶ
468 4319 782 4390 Πνεύματος
819 4321 974 4389 ἁγίου
1009 4320 1471 4386 καταξιωθέντων,
1501 4323 1561 4375 οὐ
1595 4324 1702 4395 μὴν
1739 4325 1903 4392 ἀξίως

319 4410 643 4486 βιωσάντων
665 4410 764 4480 τῆς
789 4411 1024 4481 χάριτοςο
1048 4412 1140 4482 ἀφ’
1155 4405 1227 4467 ὧν
1252 4413 1561 4485 ἀφαιρεῖται
1579 4415 1638 4468 τὸ
1663 4415 1897 4488 πνεῦμα,

2009 1959 2064 2008 et
2095 1952 2518 2023 promissionem
2545 1968 2722 2018 suam,
2760 1969 2858 2009 ceu
2902 1961 3087 2009 votum
3121 1953 3335 2019 reddat,
3369 1969 3596 2010 memor.

2010 2042 2138 2097 dicti
2174 2043 2322 2098 illius
2349 2061 2362 2096 :
2398 2041 2628 2098 Immola
2654 2043 2765 2098 Deo
2795 2045 3118 2114 sacriﬁcium
3153 2043 3350 2110 laudis,
3379 2055 3429 2100 et
3461 2045 3581 2101 red-

2009 2133 2074 2187 de
2104 2132 2329 2186 Domino
2359 2142 2479 2187 vota
2509 2145 2602 2187 tua
2631 2148 2651 2187 :
2685 2143 2734 2188 et
2761 2133 2940 2188 invoca
2970 2151 3049 2189 me
3071 2135 3126 2188 in
3157 2136 3242 2190 die
3273 2136 3592 2190 tribulatio-

2010 2223 2115 2288 nis,
2153 2232 2203 2278 et
2234 2239 2416 2278 eruam
2461 2232 2530 2290 te,
2562 2233 2610 2278 et
2655 2223 2979 2295 gloriﬁcabis
3009 2242 3089 2280 me
3112 2227 3178 2282 '“.
3205 2225 3360 2281 Nunc
3391 2227 3600 2297 igitur,

2012 2315 2108 2384 ait,
2142 2314 2329 2373 Vovete
2347 2325 2395 2373 et
2425 2315 2642 2374 reddite.
2669 2315 2907 2390 Tempus
2941 2316 3084 2375 enim
3116 2316 3289 2372 aderit
3316 2333 3424 2388 quo
3457 2333 3580 2372 om-

2009 2425 2109 2465 nes
2137 2409 2229 2480 qui
2259 2411 2315 2465 in
2349 2410 2582 2466 circuitu
2609 2410 2728 2480 ejus
2759 2419 2887 2466 sunt
2909 2409 3136 2466 aderant
3157 2423 3400 2467 munera.
3444 2407 3580 2462 Nam

2009 2509 2254 2572 tempore
2280 2502 2432 2573 regni
2462 2502 2637 2572 ipsius
2658 2519 2800 2574 reges
2833 2503 3053 2558 Tharsis
3076 2513 3123 2558 et
3146 2503 3333 2558 insula:
3361 2519 3582 2558 munera

2011 2593 2250 2661 o/ferent,
2281 2609 2422 2662 reges
2463 2593 2700 2647 Arabum
2741 2602 2789 2648 et
2836 2593 2981 2648 Saba
3027 2594 3172 2648 dona
3211 2593 3492 2660 adducent,
3530 2603 3583 2650 et

2010 2682 2311 2737 adorabunt
2360 2700 2478 2737 eum
2535 2701 2712 2739 omnes
2743 2701 2883 2756 reges
2931 2694 3084 2740 terra:
3115 2685 3183 2741 ".
3211 2683 3366 2740 Tunc
3398 2686 3578 2756 ipsum

2009 2773 2064 2828 in
2101 2774 2297 2830 throno
2329 2775 2516 2845 gloria:
2559 2791 2670 2831 suae
2699 2776 2998 2840 sedentem,
3033 2790 3222 2831 omnes
3255 2790 3379 2830 cum
3419 2775 3580 2832 donis

2011 2864 2335 2931 adorabunt,
2377 2865 2430 2920 id
2461 2874 2564 2932 est,
2590 2881 2714 2921 cum
2746 2867 2883 2932 suis,
2918 2881 3057 2937 quos
3098 2865 3347 2932 allerent,
3387 2865 3582 2921 fructi-

2009 2955 2179 3012 tibus.
2209 2955 2418 3012 Idcirco
2445 2956 2574 3012 dum
2601 2957 2779 3012 adhuc
2807 2965 3022 3028 tempus
3045 2966 3150 3026 est,
3181 2967 3366 3014 monet
3404 2967 3462 3014 ut
3485 2975 3580 3013 vo-

2008 3062 2234 3104 veamus
2280 3059 2335 3104 et
2391 3048 2704 3116 reddamus,
2736 3059 2795 3104 ut
2839 3064 2964 3104 cum
3019 3048 3308 3108 thesauros
3357 3059 3595 3106 nostros.

2009 3139 2438 3205 condiderimus,
2484 3157 2579 3197 eos
2623 3148 2928 3213 opportuno
2961 3149 3205 3213 tempore
3245 3143 3349 3214 ipsi
3385 3142 3578 3198 mera-

2008 3247 2153 3296 mus,
2179 3231 2328 3303 digni
2371 3232 2544 3288 habiti
2585 3241 2648 3289 ut
2678 3236 2821 3288 inter
2847 3248 2942 3289 eos
2973 3234 3066 3304 qui
3095 3235 3355 3290 thronum
3404 3234 3578 3304 ipsius

2005 3321 2350 3378 circumdant
2389 3339 2830 3380 annumeremur.
2863 3321 3066 3380 Omnes
3088 3324 3232 3380 enim
3256 3323 3313 3380 in
3347 3324 3579 3380 circuitu

2005 3411 2124 3482 ejus
2147 3412 2373 3470 afferent
2403 3414 2504 3486 ipsi
2549 3429 2797 3480 munera,
2826 3415 2919 3486 qui
2948 3431 3058 3471 non
3089 3413 3474 3471 accedentibus
3508 3419 3578 3469 ad

2005 3519 2154 3568 eum,
2205 3522 2306 3562 nec
2360 3521 2587 3562 munera
2638 3507 2716 3562 illi
2764 3506 3116 3562 oﬂerentibus
3165 3505 3428 3562 terribilis
3466 3513 3572 3562 est.

2005 3593 2184 3660 Quare
2209 3595 2290 3650 sic
2309 3594 2657 3652 concluditur
2685 3613 2700 3650 :
2734 3594 2980 3650 Terribili
3004 3603 3054 3650 et
3082 3595 3130 3650 ei
3157 3577 3246 3694 [pii
3267 3595 3441 3664 aufert
3468 3595 3578 3664 spi-

2005 3686 2141 3738 ritus
2194 3685 2508 3754 principum,
2563 3684 2783 3739 terribili
2830 3685 2969 3754 apud
3025 3684 3389 3757 reges'terra'.
3437 3687 3576 3742 Illud

2003 3777 2148 3831 enim
2191 3794 2204 3830 :
2237 3775 2360 3831 Non
2387 3775 2711 3846 permanebit
2737 3779 2957 3846 spiritus
2985 3796 3130 3835 meus
3161 3782 3213 3834 in
3244 3781 3372 3850 ﬁliis
3401 3780 3576 3835 homi-

2005 3883 2131 3922 num
2148 3868 2215 3934 7',
2251 3867 2318 3923 de
2347 3867 2455 3923 illis
2484 3883 2703 3938 quoque
2728 3868 2940 3924 dicetur
2983 3871 3077 3942 qui
3120 3872 3251 3926 olim
3298 3872 3576 3943 principes

2004 3965 2059 4014 et
2089 3957 2257 4014 duces
2286 3957 2597 4025 audiebant,
2631 3968 2685 4014 et
2714 3958 2920 4029 Spiritu
2951 3969 3141 4017 sancto
3170 3962 3374 4034 dignati
3401 3974 3530 4019 sunt
3555 3981 3570 4029 ;

2005 4047 2101 4103 sed
2154 4061 2263 4103 non
2298 4047 2461 4118 digno
2511 4054 2732 4118 accepta
2780 4050 2953 4120 gratia
3005 4050 3168 4105 modo
3204 4052 3457 4107 vixerunt
3494 4070 3507 4107 :
3541 4068 3575 4108 a

2003 4137 2204 4207 quibus
2243 4136 2470 4207 spiritus
2508 4135 2806 4203 auferetur,
2841 4145 2901 4192 ut
2929 4153 2996 4194 eo
3021 4140 3249 4210 'privati,
3275 4141 3574 4211 promerito

2004 4229 2274 4300 supplicio
2301 4227 2588 4285 dedantur.
2625 4227 2936 4285 Secundum
2969 4229 3357 4303 Symmachum
3390 4247 3520 4288 vero
3553 4251 3569 4288 :

2003 4320 2342 4392 Legislatori,
2385 4320 2645 4390 auferenti
2668 4321 2874 4392 quidem
2899 4323 3146 4391 spiritum
3173 4321 3384 4390 ducum,
3420 4323 3574 4377 terri-

2011 4418 2107 4472 bili
2123 4426 2299 4472 autem
2317 4416 2522 4488 regibus
2546 4426 2718 4473 terrae.

317 4500 497 4564 ὅπως,
570 4497 918 4569 στερηθέντες
965 4501 1162 4568 αὐτοῦ,
1205 4506 1272 4575 τῇ
1326 4504 1672 4578 προσηκούσῃ
1722 4507 2063 4580 παραδοθῶσι
2093 4509 2350 4580 τιμωρίᾳ.
2419 4507 2576 4562 Κατά
2625 4508 2683 4561 δὲ
2731 4507 2824 4561 τὸν
2874 4507 3202 4580 Σύμμαχον,
3261 4508 3344 4576 Τῷ
3398 4526 3571 4578 νομοφ

314 4594 493 4663 δότῃ,
526 4593 874 4664 ἀφαιροῦντι
899 4594 1016 4664 μὲν
1051 4597 1286 4668 πνεῦμα
1312 4599 1641 4670 ἡγεμόνων,
1673 4603 1901 4672 φοϐερῷ
1939 4602 2006 4657 δὲ
2026 4602 2151 4669 τοῖς
2173 4601 2505 4666 βασιλεῦσι
2530 4601 2639 4671 τῆς
2675 4599 2789 4672 τῆς

313 4711 433 4768 Eu:
484 4709 572 4762 T0
618 4709 840 4764 TEAOZ
875 4710 1093 4792 rage
1116 4714 1428 4792 miserm,
1465 4718 1755 4774 ΨΑΛΜΟΣ
1807 4721 1896 4792 To

2006 4722 2051 4776 ι.
2092 4719 2162 4774 IN
2199 4719 2407 4776 FINEM
2444 4718 2580 4775 eno
2618 4719 2930 4792 lDlIﬂgM,
2968 4720 3295 4777 PSALMUS.
3320 4722 3571 4780 assum

928 4781 1122 4835 ΑΣΑΦ.
1163 4786 1297 4851 oq'.

391 4886 574 4958 Φωνῇ
603 4906 724 4958 μου
769 4889 919 4961 πρὸς
951 4893 1171 4966 Κύριον
1213 4894 1527 4965 ἐκέκραξα,
1575 4899 1746 4969 φωνῇ
1779 4919 1898 4970 μου

312 4979 476 5051 πρὸς
511 4977 619 5032 τὸν
652 4980 827 5044 Θεὸν,
867 4981 965 5035 καὶ
995 4985 1302 5054 προσέσχε
1321 5004 1442 5055 μοι.
1471 4988 1562 5060 Τῷ
1595 4990 1693 5061 μὲν
1727 4991 1898 5060 Ἀσάφ

311 5071 539 5142 εἴρηται
569 5069 599 5122 6
638 5069 868 5140 ψαλμὸς,
922 5073 1208 5143 ἀνήνεκται
1255 5075 1312 5128 δὲ
1353 5078 1433 5140 είς
1476 5079 1761 5150 πρόσωπον
1802 5082 1897 5135 τοῦ

327 5161 590 5232 Ἰδιθοὺμ,
615 5163 753 5236 ὑπὲρ
771 5156 832 5216 οὗ
855 5165 924 5219 τὰ
952 5168 1299 5240 ἐμφερόμενα
1318 5171 1394 5244 τῷ
1421 5172 1620 5246 ψαλμῷ
1648 5177 1899 5232 συνετάτ-

309 5271 464 5310 τετο.
502 5253 662 5308 Ὅθεν
687 5257 715 5308 ὁ
761 5255 1073 5330 Σύμμαχος,
1114 5262 1218 5316 Διὰ
1262 5263 1537 5336 Ἰδιθοὺμ,
1569 5269 1597 5321 6
1636 5269 1693 5322 δὲ
1739 5269 1900 5323 Ἀκύ-

305 5348 434 5410 λας,
504 5345 635 5399 Ἐπὶ
684 5346 949 5419 Ἰδιθοὺμ,
1010 5353 1376 5424 ὴρμήνευσαν.
1427 5359 1539 5412 Καὶ
1593 5359 1687 5414 νῦν
1745 5361 1844 5432 μὲν
1869 5364 1899 5417 6

320 5436 533 5506 Ἀσάφ,
567 5437 691 5502 τοὺς
737 5440 876 5510 μετὰ
917 5445 1104 5515 χεῖρας
1137 5444 1326 5516 λόγους
1375 5449 1658 5516 συντάξας,
1709 5451 1896 5526 ὥσπερ

304 5527 637 5592 διδάσκαλος
667 5530 880 5603 μαθητῇ
902 5534 1206 5608 ἐμμελετᾷν
1229 5536 1305 5608 τῷ
1341 5539 1573 5612 Ἰδιθοὺμ
1597 5543 1897 5614 παραδέδω-

305 5635 405 5671 κεν
427 5635 441 5648 ·
477 5617 512 5687 ἢ
544 5619 728 5693 ὥσπερ
782 5623 963 5695 ἰατρὸς
992 5625 1071 5696 τῷ
1114 5626 1415 5698 θεραπείαςο
1444 5630 1679 5705 δεομένῳ
1721 5635 1894 5706 σωτή-

2665 4789 2902 4846 LXXVI.

2071 4900 2238 4959 Vens.
2266 4902 2322 4957 2.
2377 4902 2512 4957 Voce
2550 4919 2667 4959 mea
2714 4903 2784 4958 ad
2831 4904 3116 4960 Dominum
3170 4905 3416 4974 clamavi,
3451 4925 3590 4964 voce.

1998 5012 2115 5050 mea
2159 4995 2228 5050 ad
2260 4996 2450 5062 Deum,
2479 5005 2529 5050 et
2566 4996 2790 5052 intendit
2847 4997 2994 5053 mihi.
3042 4996 3292 5057 Psalmus
3339 5001 3406 5056 ab
3451 5002 3570 5072 ipso

1996 5087 2180 5158 Asapb
2209 5088 2389 5144 dictus
2416 5097 2535 5155 est,
2559 5087 2796 5144 refertur
2827 5099 3004 5146 autem
3041 5091 3106 5146 ad
3133 5106 3424 5161 personam
3453 5091 3532 5146 ldi
3553 5122 3566 5133 -

1996 5177 2172 5244 thum,
2193 5195 2294 5250 pro
2323 5195 2432 5252 quo
2447 5195 2512 5235 ea
2539 5195 2662 5250 qua:
2686 5181 2740 5235 in
2763 5181 2974 5251 psalmo
2994 5180 3244 5237 feruntur
3265 5182 3569 5253 composita

2005 5279 2154 5326 sunt.
2191 5270 2342 5328 Unde
2395 5270 2788 5343 Symmachus,
2825 5271 3049 5342 People:
3089 5270 3349 5337 [dit/ium,
3371 5273 3567 5342 Aquila

2001 5373 2152 5422 vero,
2183 5358 2352 5430 Super
2383 5359 2624 5416 Idithum
2653 5361 2999 5431 interpretati
3033 5368 3180 5417 sunt.
3204 5359 3271 5415 Et
3300 5359 3411 5430 jam
3453 5362 3569 5430 qui-

2001 5450 2122 5506 dem
2147 5451 2329 5522 Asaph
2353 5451 2454 5510 hos
2478 5467 2759 5509 sermones
2792 5451 2894 5508 abs
2922 5467 2982 5508 se
2997 5452 3176 5509 editos
3197 5451 3354 5522 quasi
3389 5451 3566 5523 magi-

2001 5555 2116 5602 ster
2151 5546 2420 5619 discipulo
2445 5548 2548 5618 ipsi
2586 5546 2820 5602 ldithum
2865 5546 2931 5602 ad
2958 5546 3322 5603 meditandum
3352 5546 3560 5604 tradit:

1999 5636 2083 5691 vel
2135 5639 2292 5707 quasi
2345 5637 2590 5693 medicus
2641 5638 2689 5693 ei
2729 5636 2821 5708 qui
2874 5639 3080 5696 medela
3134 5645 3273 5712 eget,
3329 5639 3566 5699 salutare

387 5774 434 5803 ⁷⁸
476 5771 654 5832 Eccle.
693 5794 744 5844 ν,
781 5780 844 5846 5,
880 5781 930 5835 4.
1009 5783 1049 5815 ⁷¹
1091 5781 1234 5842 Psal.
1270 5802 1422 5855 χιιι,
1463 5787 1543 5857 1-1,
1587 5789 1670 5845 15.
1750 5793 1792 5823 τ’
1832 5789 1901 5846 Ps

2013 5793 2168 5860 uxr,
2209 5791 2292 5856 10,
2335 5793 2415 5848 11.
2495 5793 2539 5826 ⁷³
2576 5792 2709 5850 Gen.
2743 5811 2826 5850 γι.
2859 5794 2912 5849 5.
