4066 6380
479 295 590 358 887

1158 299 1432 364 EUSEBII
1469 300 1955 360 CESARIENSIS
1993 300 2143 360 OPP.
2178 301 2358 359 PARS
2395 299 2996 359 [IL—EXEGETICA.

473 413 829 486 pharmacnm
879 415 948 472 ad
975 416 1224 473 levamen
1254 419 1432 474 morbi
1467 433 1614 491 aegro
1641 417 1818 474 oﬂ‘ert.
1861 416 1922 473 in
1952 435 2038 476 su-

2153 437 2267 492 ριον
2296 418 2585 491 φάρμακον
2617 418 2708 472 ἐπὶ
2735 418 2795 471 τὸ
2833 415 3135 488 χρήσασθαι
3180 415 3466 488 αὒτῷσκαὶ
3497 415 3724 485 ὠφελεῖ-

471 508 780 580 periorihus
807 520 988 567 autem
1019 526 1121 582 pro
1142 512 1332 568 eodem
1370 512 1491 569 viro
1519 514 1637 585 ipse
1679 513 1846 570 David
1891 514 2053 572 modo

470 597 764 668 psalmum,
797 600 966 656 modo
983 600 1258 657 canticum
1289 603 1531 668 scripsit.
1561 603 1742 670 Quare
1764 605 1817 660 in
1843 606 2052 675 psalmo

469 697 680 745 unm
729 689 810 746 sic
837 689 1001 748 habet
1024 693 1310 764 inscriptio
1341 711 1358 752 :
1384 692 1451 748 In
1481 696 1639 764 ﬁnem
1666 711 1760 764 pro
1791 694 2048 757 ldithum,

470 781 740 835 canticum
770 781 874 852 ipsi
900 782 1094 838 David.
1119 784 1276 851 Quod
1305 786 1390 840 vir
1415 785 1517 842 iste
1547 785 1732 843 Davidi
1755 793 1810 843 et
1831 787 2051 860 Asapho

440 871 702 946 aqualis
762 869 951 941 fuerit,
1007 884 1197 929 narrat
1254 873 1535 946 Scriptura
1595 875 2049 950 Paralipomenon

440 955 549 1042 luti
607 961 866 1032 superius
913 965 1492 1022 commonstravimus.
1546 966 1784 1039 Mihique
1832 968 2050 1024 videtur

472 1049 715 1106 ldithum
765 1052 1013 1109 doctrina
1068 1054 1136 1110 de
1183 1053 1531 1112 Providentia
1577 1073 1715 1129 opus
1765 1059 2046 1124 habuisse,

473 1141 604 1212 quia
631 1157 698 1200 ex
730 1140 1050 1202 hominibus
1073 1146 1276 1203 multos
1299 1147 1506 1205 videret
1534 1149 1751 1221 impios,
1783 1153 2053 1223 superbos

470 1238 529 1286 et
556 1240 901 1303 arrogantes,
932 1235 1135 1292 divitiis
1167 1243 1221 1292 et
1263 1238 1534 1322 ampla‘re
1584 1241 1840 1298 familiari
1885 1245 2048 1300 luxu-

464 1326 710 1396 riantes;
745 1345 810 1385 ac
851 1331 969 1387 vice
1011 1346 1167 1387 versa
1199 1331 1383 1403 j-ustos
1418 1333 1665 1404 abiectos
1683 1344 1736 1392 et
1767 1336 1836 1393 ab
1861 1339 2046 1410 impiis

466 1437 783 1494 oppressos.
821 1423 965 1481 Vero
1010 1426 1190 1484 simi-le
1243 1428 1412 1502 igitur
1441 1438 1526 1488 est
1578 1431 1728 1488 illum
1760 1432 1874 1489 haec
1903 1449 2044 1504 aegre

465 1517 682 1582 tulisse,
717 1533 892 1590 eaque
921 1519 989 1576 de
1023 1535 1084 1576 re
1135 1529 1250 1576 tum
1307 1521 1497 1578 Davidi
1543 1531 1658 1579 tum
1711 1525 1815 1596 ipsi
1859 1527 2041 1598 Asaph

463 1608 632 1664 verba
681 1608 900 1676 fecisse,
927 1611 1111 1683 qualia
1137 1627 1205 1669 ex
1251 1615 1494 1686 antiquis
1521 1615 1612 1670 alii
1641 1617 1989 1688 proferebant
2023 1638 2038 1676 :

465 1697 576 1755 Cur
593 1700 744 1771 impii
765 1718 1011 1772 prospere
1027 1714 1211 1775 agunt,
1238 1716 1286 1761 et
1314 1708 1369 1760 in
1396 1706 1596 1763 divitiis
1617 1721 1996 1766 consenuerunt
2013 1713 2050 1770 ?‘

2157 509 2281 564 σθαι
2313 509 2403 562 τὸν
2433 507 2896 580 θεραπευόμενονο
2935 507 2994 560 ἐν
3027 507 3084 560 δέ
3117 509 3230 570 τοῖς
3255 505 3560 577 ἔμπροσθεν
3580 506 3726 577 ὑπὲρ

2151 599 2246 653 τοῦ
2272 598 2437 654 αὐτοῦ
2483 598 2674 671 ἀνδρὸς
2717 600 2746 652 6
2780 597 2942 652 Δαυτδ
2981 598 3112 652 ποτέ
3159 597 3258 670 μὲν
3284 597 3448 670 ᾠδὴν,
3486 596 3618 650 ποτέ
3663 597 3727 651 δὲ

2149 691 2362 764 ψαλμὸν
2385 691 2616 764 ἔγραφε.
2641 690 2734 744 Διὸ
2756 691 2816 743 ἐν
2840 689 2940 761 μὲν
2969 686 3048 762 τῷ
3069 689 3150 762 λη’
3171 689 3372 760 ψαλμῷ
3417 689 3723 758 ἐπεγέγρα-

2151 801 2274 848 πτο,
2291 786 2397 851 Εἰς
2420 784 2487 838 τὸ
2507 783 2683 851 τέλος
2701 781 2852 852 ὑπὲρ
2867 781 3130 851 ἰδιθοὺμ,
3155 779 3276 849 ῲδὴ
3292 778 3372 845 τῷ
3385 779 3583 834 Δαυτδ.
3601 782 3724 835 ὀτι

2147 877 2205 932 δὲ
2231 877 2424 950 όάνὴρ
2449 869 2602 941 οὗτος
2653 874 3004 947 συγχρονίσαι
3043 873 3262 943 λέγεται
3295 874 3374 944 τῷ
3417 873 3578 927 Δαυῖδ
3628 873 3725 928 καὶ

2146 968 2224 1040 τῷ
2257 967 2443 1038 vim,
2466 969 2502 1040 ή
2541 967 2649 1022 τῶν
2669 965 3164 1040 Παραλειπομένων
3192 966 3486 1038 παρίστησι
3505 965 3722 1037 Γραφὴ,

2146 1059 2222 1124 ὡς
2251 1061 2308 1113 ἐν
2333 1062 2444 1124 τοῖς
2485 1058 2792 1131 ἔμπροσθεν
2825 1056 3208 1130 ἀπεδείξαμεν.
3238 1057 3348 1111 Καί
3389 1074 3477 1128 μοι
3517 1055 3663 1110 δοκεῖ
3692 1057 3728 1109 6

2159 1151 2389 1223 Ἰδιθοὺμ
2431 1150 2777 1216 διδασκαλίας
2818 1148 3102 1222 δεδεῆσθαι
3147 1147 3242 1203 τοῦ
3287 1147 3416 1221 περὶ
3458 1147 3726 1219 Προνοίας

2144 1243 2324 1314 λόγου,
2348 1242 2438 1296 διὰ
2466 1243 2528 1297 τὸ
2562 1245 2791 1315 συνορᾷν
2823 1243 2881 1296 ἐν
2909 1239 2995 1314 τῷ
3007 1240 3116 1295 τῶν
3140 1239 3426 1314 ἀνθρώπων
3455 1239 3554 1311 βίῳ
3587 1239 3732 1292 πολ--

2142 1335 2268 1399 λοὺς
2295 1334 2484 1399 ἀθέους
2511 1335 2607 1389 καὶ
2633 1334 2850 1400 ἀσεϐεῖς
2881 1333 3274 1406 ἐπαιρομένους
3318 1332 3413 1386 καὶ
3445 1331 3725 1403 μεγαλαυο

2141 1425 2456 1500 χουμένους,
2498 1425 2712 1498 πλούτῳ
2756 1443 2817 1480 τε
2853 1427 2948 1481 καὶ
2985 1425 3271 1498 περιουσίᾳ
3301 1423 3718 1496 ἐντρυφῶντας·

2140 1517 2378 1581 δικαίους
2412 1517 2475 1570 δέ
2520 1517 2754 1589 ἔμπαλιν
2787 1516 3240 1588 ταπεινουμένους
3285 1515 3381 1570 καὶ
3431 1513 3568 1586 πρὸς
3614 1514 3736 1568 τῶν

2138 1609 2350 1664 ἀσεϐῶν
2381 1609 2905 1681 καταπονουμένους.
2946 1607 3109 1672 Εικὸς
3140 1605 3270 1677 γοῦν
3299 1604 3461 1662 αὑτὸν
3481 1605 3574 1658 ἐπὶ
3599 1603 3724 1659 τού-

2136 1716 2252 1766 τοις
2275 1700 2690 1766 ἀποδυσπετεῖν,
2718 1701 2813 1756 καὶ
2833 1701 3024 1770 λόγους
3045 1697 3198 1763 τινάς
3217 1697 3563 1769 κεκινηκέναι
3584 1695 3724 1767 πρός

389 1789 394 1793 ’
464 1788 652 1844 Semen
680 1808 860 1846 eorum
893 1809 987 1862 pro
1037 1803 1152 1850 voto
1176 1810 1196 1847 .'
1227 1797 1378 1864 pueri
1403 1813 1584 1853 eorum
1607 1799 1862 1871 ludentes,
1883 1819 2038 1858 assu-

2139 1812 2195 1850 τε
2225 1795 2386 1852 αὑτὸν
2409 1796 2500 1850 τὸν
2525 1794 2687 1850 Δαυῒδ
2729 1794 2823 1849 καὶ
2856 1791 2994 1866 πρὸς
3016 1792 3105 1846 τὸν
3141 1790 3340 1862 Ἀσάφ,
3367 1790 3586 1853 ὁποίους
3607 1787 3737 1843 ἐκίσ

462 1891 657 1936 mentes
682 1882 993 1951 psalterium
1023 1894 1072 1940 et
1107 1886 1389 1942 citharam.
1410 1888 1552 1944 Dicit
1575 1899 1750 1946 autem
1772 1892 1998 1948 Domino
2017 1910 2037 1950 :

459 1971 694 2027 Abscede
716 1989 750 2027 a
771 1989 852 2028 me
869 1991 888 2028 :
907 1975 1020 2031 vias
1057 1985 1176 2032 tuas
1198 1980 1334 2034 scire
1357 1980 1478 2034 nolo
1495 1979 1561 2036 7".
1592 1980 1720 2038 Haec
1751 1991 1812 2038 ut
1841 1985 2038 2041 verisi-

457 2064 587 2118 mile
613 2073 698 2120 est
729 2071 787 2119 et
818 2065 1018 2122 similia
1048 2070 1313 2138 quaerenti
1360 2068 1620 2140 ldithum,
1646 2074 1810 2131 modo
1843 2074 2035 2144 David,

457 2156 624 2210 modo
687 2155 894 2228 A-saph,
929 2161 1088 2230 quasi
1127 2161 1378 2233 magistri
1425 2173 1481 2220 et
1542 2166 1763 2231 medici,
1803 2167 1872 2222 ad
1915 2184 2036 2224 eam

457 2247 565 2319 ipsi
602 2247 920 2303 elevandam
955 2250 1292 2320 opinionem,
1342 2253 1606 2312 doctrinae
1634 2258 1799 2313 verba
1850 2259 2037 2315 trade-

455 2336 608 2396 bant.
639 2339 984 2412 Quapropter
1027 2343 1322 2400 in‘xnvm
1354 2362 1480 2402 eum
1531 2347 1600 2404 ad
1639 2349 1770 2405 talia
1805 2349 2035 2406 dicenda

459 2430 829 2488 instituebat:
868 2431 996 2488 Dixi
1026 2449 1044 2488 :
1084 2433 1400 2490 Custodiam
1452 2438 1564 2492 vias
1603 2455 1770 2502 meas,
1818 2448 1884 2493 ut
1931 2457 2037 2494 non

455 2519 762 2592 delinquant
784 2523 838 2577 in
873 2524 1058 2594 lingua
1089 2541 1225 2581 mea.
1254 2524 1425 2581 Posui
1457 2529 1541 2583 ori
1578 2546 1690 2584 meo
1715 2529 2033 2596 custodiam,

456 2629 578 2667 cum
607 2617 916 2672 consisteret
960 2627 1205 2686 peccator
1245 2617 1524 2675 adversum
1552 2639 1634 2676 me
1661 2639 1680 2677 :
1710 2622 1950 2678 obmutui
1985 2632 2037 2678 et

455 2707 767 2764 humiliatus
800 2726 918 2764 sum
966 2719 1016 2765 et
1057 2711 1204 2776 silui,
1233 2721 1286 2767 et
1318 2720 1540 2781 cetera,
1569 2729 1690 2784 qua:
1731 2715 1848 2770 suis
1898 2715 2035 2773 locis

455 2799 873 2870 «explicavimus.
911 2800 969 2856 In
1029 2817 1120 2856 ut
1176 2811 1357 2859 autem
1407 2804 1660 2859 eumdem
1718 2805 1900 2877 ipsum
1946 2806 2035 2863 his

453 2891 641 2948 verbis
672 2892 924 2948 edocuit:
945 2891 1135 2948 Nonne
1163 2893 1272 2948 Deo
1293 2894 1527 2965 subjecta
1547 2897 1647 2950 erit
1674 2897 1854 2952 anima
1881 2901 2038 2955 mea?

453 2981 520 3036 ab
550 2983 663 3052 ipso
690 2984 829 3038 enim
849 2984 1088 3040 salutare
1118 3001 1310 3039 meum.
1343 2984 1487 3040 Nam
1501 2995 1551 3041 et
1588 2987 1697 3055 ipse
1733 2985 1876 3042 Deus
1889 3002 2034 3043 meus

2137 1887 2368 1941 νουνκαὶ
2381 1887 2558 1959 ἕτεροι
2581 1887 2690 1941 τῶν
2713 1885 2977 1949 παλαιῶν,
3012 1885 3088 1948 ὡς
3109 1886 3138 1938 6
3153 1883 3340 1938 εἰπών·
3371 1883 3554 1938 Ἰνατι
3573 1883 3722 1936 ἀσε-

2136 1976 2256 2044 ϐεῖς
2276 1977 2621 2046 εὐθηνοῦσι,
2648 1977 3094 2032 πεπαλαίωνται
3129 1972 3199 2028 δὲ
3219 1973 3317 2028 καί
3345 1975 3416 2028 ἐν
3440 1975 3686 2040 πλούτῳ
3701 2014 3732 2039 ,.

2143 2066 2210 2122 Ὅ
2235 2070 2462 2138 σπόρος
2489 2067 2692 2124 αὐτῶν
2717 2067 2868 2122 κατὰ
2898 2065 3138 2136 ψυχήν·
3169 2065 3241 2119 τὰ
3283 2064 3351 2118 δὲ
3377 2064 3583 2118 παιδία
3621 2066 3727 2119 αὐ-

2134 2160 2254 2216 τῶν
2281 2161 2581 2225 παίζοντα,
2622 2157 3123 2230 ἀναλαμϐάνοντα
3149 2156 3488 2227 ψαλτήριον
3510 2156 3608 2210 καὶ
3630 2173 3729 2210 κιε-

2135 2253 2340 2324 οάραν.
2375 2253 2544 2323 Λέγει
2579 2253 2646 2307 δὲ
2665 2253 2858 2322 Κυρίῳ
2877 2267 2892 2285 ⁸
2936 2251 3199 2308 ’Λπόστα
3228 2249 3328 2304 ἀπ’
3349 2247 3519 2320 ἐμοῦ·
3541 2247 3732 2317 ὁδούς

2134 2360 2250 2400 σου
2283 2342 2503 2400 ειδέναι
2532 2347 2604 2399 οὑ
2630 2345 2952 2414 βούλομαι.
2983 2341 3223 2397 Τοιαῦτά
3261 2358 3403 2406 τινα,
3450 2339 3527 2404 ὡς
3552 2339 3722 2406 εἰκὸς,

2134 2435 2498 2509 ἐπαποροῦντι
2528 2435 2605 2508 τῷ
2649 2434 2904 2506 Ἰδιθοὺμ,
2943 2430 3031 2488 οἷα
3070 2432 3378 2488 διδάσκαλοι
3418 2429 3515 2486 καί
3549 2431 3733 2503 ἰατροὶ

2135 2528 2263 2582 ποτέ
2289 2527 2388 2600 μὲν
2427 2529 2457 2581 6
2487 2525 2666 2591 Δαυῒδ,
2699 2527 2829 2580 ποτέ
2851 2526 2908 2580 δὲ
2935 2527 2964 2580 6
3011 2526 3208 2596 Ἀσάφ,
3235 2522 3583 2587 διδασκαλίας
3615 2539 3726 2576 πα-

2135 2621 2313 2691 ρεῖχον
2345 2617 2446 2688 τῆς
2469 2617 2680 2672 τοιᾶσδε
2710 2617 2868 2688 δόξης
2891 2615 3310 2690 θεραπευτικάς.
3347 2615 3512 2670 Ὅθεν
3535 2615 3594 2669 ἐν
3623 2615 3733 2686 μὲν

2132 2709 2212 2781 τῷ
2235 2708 2318 2780 λη’
2342 2708 2522 2763 τοιάδε
2545 2709 2722 2777 λέγειν
2744 2707 2916 2762 αὑτὸν
2935 2707 3241 2762 ἐδίδασκεν*
3262 2701 3440 2762 Ebur
3468 2705 3738 2772 Φυλάξωι

2133 2800 2242 2868 τὰς
2265 2800 2444 2868 ὁδούς
2465 2819 2584 2870 μου
2607 2800 2714 2856 τοῦ
2731 2799 2818 2871 μὴ
2835 2799 3196 2871 ἁμαρτάνειν
3218 2800 3288 2854 ἐν
3306 2798 3558 2870 γλώσσῃ
3577 2816 3733 2868 μου..

2146 2892 2400 2964 Ἐθέμην
2427 2891 2506 2959 τῷ
2531 2893 2784 2962 στόματί
2804 2909 2936 2961 μου
2958 2890 3247 2961 φυλακῆν
3275 2891 3344 2944 ἐν
3365 2889 3446 2955 τῷ
3487 2889 3729 2959 συστῆ-

2133 3001 2232 3039 ναι
2259 2984 2367 3038 τὸν
2394 2983 2744 3054 ἁμαρτωλὸν
2768 2984 3052 3038 ἐναντιον
3071 3001 3191 3053 μου
3209 2999 3226 3012 '
3256 2980 3582 3051 ἐκωφώθην
3622 2981 3731 3035 καί⁴

451 3086 506 3129 et-
536 3073 787 3130 Salvator
825 3092 992 3142 meus,
1038 3089 1310 3148 susceptor
1351 3095 1496 3133 meus
1521 3095 1626 3134 non
1655 3078 1897 3134 movebar
1927 3096 2035 3133 am-

2139 3073 2534 3144 ἐταπεινώθην
2566 3074 2664 3128 καὶ
2695 3074 2978 3145 ἐσίγησα,
3021 3075 3115 3128 καὶ
3138 3074 3209 3128 τὰ
3248 3073 3460 3137 τούτοις
3494 3073 3623 3144 ἑξῆς
3642 3091 3654 3102 ·
3685 3071 3727 3127 δ.

451 3169 614 3238 ptius.
642 3169 927 3240 Quousque
948 3170 1154 3224 inuitis
1187 3171 1244 3225 in
1273 3171 1559 3237 hominem,
1592 3172 1888 3242 interﬁcitis
1918 3173 2033 3226 uni-

2139 3165 2202 3239 δὴ
2219 3166 2361 3222 κατά
2385 3167 2512 3230 τοὺς
2536 3166 2768 3230 οἰκείους
2782 3165 2979 3230 τόπους
2995 3165 3364 3238 παραθέμενοι
3391 3164 3735 3237 διεσαφήσα--

452 3261 596 3316 versi
616 3278 704 3315 vos
722 3265 748 3318 7
777 3260 1022 3328 Quorum
1045 3263 1208 3318 etiam
1247 3273 1482 3320 mentem
1515 3277 1615 3334 pro
1643 3265 1842 3319 collata
1880 3265 2038 3321 nobis

455 3353 633 3424 gratia
656 3355 1036 3426 exposuimus.
1055 3353 1468 3427 Consequenter
1497 3355 1682 3426 Asaph
1708 3356 1884 3411 eidem
1917 3357 2036 3412 viro

455 3447 562 3503 hoc
596 3447 652 3502 in
681 3448 892 3518 psalmo
921 3446 1267 3518 disciplinam
1305 3446 1494 3514 tradit,
1523 3453 1583 3502 ut
1615 3447 1676 3502 in
1717 3448 2038 3504 tentationi-

452 3541 560 3598 bus
585 3541 818 3611 hujusce
844 3541 992 3607 vitae,
1032 3546 1197 3610 atque
1233 3539 1290 3594 in
1315 3539 1384 3596 iis
1412 3555 1535 3610 quae
1561 3541 1680 3611 ipse
1703 3554 1768 3596 ex
1796 3541 2039 3612 pr0phe-

453 3625 547 3681 tiis
591 3625 691 3682 abs
719 3639 780 3681 se
825 3624 1128 3681 enuntiatis
1156 3623 1226 3680 de
1253 3624 1546 3694 impiorum
1593 3624 1825 3691 insultu,
1859 3625 2037 3697 deque

453 3715 643 3787 populi
683 3714 780 3772 Dei
822 3714 1127 3786 abiectione
1174 3715 1344 3787 probe
1370 3722 1619 3782 noverat,
1654 3731 1762 3771 non
1792 3718 2042 3774 turbare-

453 3813 584 3874 tur,
623 3806 721 3864 sed
752 3807 813 3863 in
844 3807 1160 3878 hujusmodi
1203 3808 1474 3880 angustiis
1513 3808 1582 3863 ad
1607 3808 1800 3878 Deum,
1834 3825 1934 3866 ceu
1966 3811 2036 3866 ad

454 3901 752 3958 salutarem
783 3910 1004 3972 portum
1059 3899 1406 3972 confugeret,
1461 3902 1751 3973 ipsumque
1779 3902 2035 3972 precibus

453 3993 648 4049 sedulo
695 3993 1072 4064 compellaret,
1113 4001 1170 4050 et
1195 4009 1264 4050 ea»
1291 3993 1528 4061 diceret,
1559 4009 1682 4065 qua:
1721 3993 1845 4064 ipsi,
1875 3993 2035 4064 quasi

452 4086 715 4158 magister
744 4083 801 4140 in
834 4087 1088 4156 ιιι-περιιιί
1137 4086 1355 4157 psalmo
1377 4084 1657 4142 oll‘erebat.
1690 4084 1808 4152 Qua
1842 4100 2037 4142 susce-

452 4176 658 4246 ptaille
688 4175 1003 4247 disciplina,
1040 4175 1238 4232 animae
1268 4191 1382 4232 sua:
1408 4176 1556 4232 hanc
1585 4177 1854 4234 medelam
1885 4175 2046 4231 adhi-

449 4265 640 4331 bebat,
669 4265 737 4320 ad
763 4267 1018 4323 solatium
1039 4282 1200 4322 suum
1230 4265 1316 4322 his
1346 4282 1481 4322 usus
1503 4266 1688 4322 verbis
1714 4285 1730 4321 :
1766 4265 1899 4320 Voce
1920 4283 2038 4319 mea

451 4357 526 4410 ad
551 4356 837 4411 Dominum
860 4357 1108 4421 clamavi,
1143 4372 1265 4412 voce
1301 4375 1418 4412 mea
1451 4357 1519 4412 ad
1553 4357 1746 4424 Deum,
1768 4365 1818 4412 et
1859 4358 2034 4411 inten-

2140 3275 2258 3330 μεν.
2301 3259 2389 3314 Ἑν
2431 3259 2489 3313 δὲ
2515 3257 2594 3328 τῷ
2627 3257 2708 3325 Ea.’
2740 3257 2902 3312 πάλιν
2941 3259 2970 3311 6
3007 3257 3166 3321 αὐτὸς
3201 3256 3376 3326 λέγων
3419 3256 3512 3310 τὸν
3559 3258 3722 3310 αὐτὸν

2137 3349 2440 3403 ἐδίδασκεν·
2491 3348 2638 3418 Οὐχὶ
2674 3346 2754 3414 τῷ
2793 3346 2916 3413 Θεῷ
2979 3347 3418 3418 ὑποταγήσεται
3461 3345 3504 3413 ἦ
3543 3344 3726 3415 ψυχή.

2129 3457 2250 3510 μου
2261 3456 2280 3504 ;
2315 3439 2454 3509 παρ’
2477 3437 2664 3494 αὐτοῦ
2699 3438 2822 3510 γὰρ
2853 3439 2920 3494 τὸ
2955 3439 3251 3508 σωτήριόν
3287 3425 3560 3510 μουσιέαι

2134 3533 2318 3600 αὐτὸς
2342 3535 2487 3601 Θεός
2509 3551 2629 3604 μου
2657 3532 2754 3587 καὶ
2783 3530 2987 3602 Σωτήρ
3005 3550 3147 3602 μου,
3177 3531 3550 3602 ἀντιλήπτωρ
3570 3547 3721 3600 μου,-

2135 3625 2208 3680 οὐ
2233 3624 2319 3694 μὴ
2348 3624 2626 3681 σαλευθῶ
2651 3624 2984 3679 ἐπιπλεῒον.
3018 3623 3172 3691 Ἕως
3204 3625 3350 3679 πότε
3377 3624 3722 3680 ἐπιτίθεσθε

2135 3715 2229 3769 ἐπ’
2251 3715 2586 3784 ἄνθρωπον,
2615 3716 2902 3785 φονεύετε
2937 3714 3162 3781 πάντες
3186 3714 3389 3784 ὑμεῖς;
3411 3715 3522 3770 Καὶ
3544 3715 3722 3768 ταῦτα

2135 3806 2195 3861 δὲ
2222 3809 2404 3861 ὁποῖον
2434 3808 2546 3879 ἔχει
2577 3807 2702 3862 νοῦν
2744 3807 2886 3862 κατά
2925 3807 3026 3878 τὴν
3054 3807 3299 3861 δοθεῖσαν
3333 3808 3494 3878 χάριν
3541 3808 3724 3879 ἡρμή-

2135 3918 2338 3955 νευται.
2384 3895 2478 3964 Οἷς
2527 3900 2834 3964 ἀκολούθως
2879 3899 2975 3952 καὶ
3015 3900 3044 3953 6
3085 3898 3256 3968 Ἀσάφ
3306 3897 3395 3952 διά
3441 3897 3551 3951 τῶν
3581 3897 3726 3968 μετά

2136 3994 2324 4064 χεῖρας
2345 3991 2422 4062 τῷ
2466 3990 2614 4064 αὐτῷ
2653 3991 2808 4063 ἀνδρὶ
2853 3990 3190 4063 παραδίδωσι
3227 3987 3577 4044 διδασκαλίαν
3621 3987 3721 4042 τοῦ

2139 4084 2214 4158 μὴ
2238 4083 2596 4154 ταράττεσθαι
2625 4084 2683 4136 ἐν
2724 4085 2839 4146 τοῖς
2869 4082 2964 4136 τοῦ
2995 4081 3111 4153 βίου
3160 4081 3553 4153 πειρατηρίοις,
3581 4078 3718 4151 μηδι

2133 4179 2192 4230 ἐν
2220 4171 2301 4240 οἷς
2348 4174 2492 4244 ἔγνω
2531 4177 2598 4228 ἐκ
2634 4175 2742 4228 τῶν
2800 4175 3106 4246 ἔμπροσθεν
3155 4174 3321 4229 αὐτοῦ
3371 4173 3730 4247 προφητειιῖη

2133 4267 2262 4340 περὶ
2291 4269 2388 4339 τῆς
2416 4266 2522 4320 τῶν
2553 4266 2765 4321 ἀσεϐῶν
2791 4267 3231 4332 ἐπαναστάσεως,
3257 4266 3356 4338 τῆς
3379 4283 3440 4319 τε
3464 4264 3560 4320 τοῦ
3585 4263 3726 4319 λαοῦ»

2132 4361 2228 4412 τοῦ
2253 4357 2386 4412 Θεοῦ
2410 4357 2810 4423 ταπεινώσεως·
2840 4360 3204 4430 καταφεύγειν
3227 4359 3283 4412 δέ
3308 4359 3383 4422 ὡς
3406 4359 3498 4411 ἐπὶ
3522 4357 3724 4429 λιμένα

451 4445 534 4500 dit
571 4445 719 4501 mihi.
757 4446 856 4511 Eo,
887 4447 1089 4518 inquit,
1112 4446 1275 4503 modo
1306 4463 1393 4503 me
1418 4447 1723 4517 composui,
1753 4460 1806 4500 ut
1833 4446 2030 4516 dignus

2139 4451 2401 4522 σωτήριον
2429 4451 2487 4505 ὲν
2517 4452 2637 4514 ταῖς
2673 4451 2908 4506 τοιαῖσδε
2952 4451 3282 4524 ἀμηχανίαις
3309 4450 3396 4503 ἐπ’
3432 4449 3596 4504 αὑτὸν
3627 4448 3732 4504 τὸν

451 4537 754 4593 attentione
784 4537 885 4593 Dei
911 4553 1111 4601 essem,
1138 4553 1308 4610 quare
1334 4537 1559 4592 intendit
1589 4537 1739 4592 mihi.
1763 4534 2033 4607 Talesque

448 4643 616 4685 voces
647 4637 702 4685 et
732 4630 1005 4686 clamores
1033 4630 1215 4695 emisi,
1247 4630 1341 4701 qui
1384 4629 1533 4701 digni
1585 4628 1774 4683 auditu
1821 4627 1915 4683 Dei
1942 4643 2028 4684 es-

451 4729 596 4778 sent.
631 4722 1000 4788 Quamobrem
1022 4723 1326 4779 secundum
1356 4720 1748 4794 Symmachum
1779 4719 1979 4774 dicitur
2014 4739 2028 4775 :

459 4813 596 4868 Voce
634 4831 750 4868 mea
779 4814 848 4868 ad
885 4814 1080 4880 Deum,
1113 4824 1165 4869 et
1191 4815 1458 4870 clamante
1489 4829 1572 4867 me
1605 4811 1675 4866 ad
1715 4810 1906 4877 Deum,
1928 4829 2031 4867 au-

447 4924 535 4963 res
563 4925 689 4964 suas
715 4907 958 4978 praebuit.
983 4907 1082 4964 His
1113 4907 1418 4963 docebatur
1452 4905 1690 4960 ldithum
1726 4919 1794 4959 ne
1815 4913 2032 4976 putaret

448 4995 621 5054 Deum
661 5000 853 5071 procul
885 5015 1007 5056 esse
1055 4998 1428 5054 clamantibus
1480 4996 1549 5050 ad
1601 5012 1680 5051 se.
1720 4994 1854 5050 Nam
1887 4996 1932 5052 si
1962 4997 2031 5052 ad

449 5089 684 5161 primam
741 5107 930 5148 vocem
985 5091 1104 5163 ipse
1144 5091 1442 5162 propitium
1477 5089 1790 5175 sibi'Deum
1826 5089 2031 5146 factum

448 5197 571 5238 csse
619 5183 875 5249 senserit,
904 5185 1022 5254 ipsa
1078 5198 1139 5240 re
1182 5183 1484 5240 docebatur
1531 5181 1779 5236 divinum
1828 5197 2032 5239 numen

449 5273 652 5345 ubique
679 5275 893 5343 adesse,
917 5285 972 5332 et
1003 5273 1367 5332 Providentiae
1390 5273 1587 5330 oculos
1612 5272 1794 5346 dignis
1817 5289 2034 5345 semper

447 5377 786 5434 prospicere.

2138 4541 2291 4606 Θεὸν,
2327 4543 2444 4604 ταῖς
2475 4558 2538 4594 τε
2566 4541 2701 4613 πρὸς
2734 4542 2896 4596 αὐτὸν
2943 4542 3244 4615 ἱκετηρίαις
3289 4543 3590 4613 σχολάζειν,
3625 4543 3724 4598 καὶ

2137 4633 2312 4688 ταῦτα
2351 4633 2559 4703 λέγειν,
2589 4634 2731 4705 ἅπερ
2763 4634 2914 4706 αὐτῷ
2953 4635 3042 4688 διὰ
3067 4633 3162 4688 τοῦ
3202 4634 3563 4706 προκειμένου
3591 4633 3728 4705 ψαλ-

2142 4724 2269 4796 μοῦ,
2303 4720 2390 4779 οἷα
2436 4725 2776 4789 διδάσκαλος,
2810 4725 3115 4798 παρεδίδου.
3154 4725 3266 4778 Kal:
3301 4725 3441 4796 δῆτα·
3468 4724 3726 4798 παραλα-

2140 4816 2253 4870 ϐὼν
2269 4816 2330 4870 τὸ
2360 4816 2588 4888 μάθημα
2616 4817 2793 4881 τοῦτο,
2826 4817 2926 4888 τὴν
2968 4815 3162 4870 ἐαυτοῦ
3194 4815 3370 4887 ψυχὴν
3394 4816 3721 4890 ἐθεράπευε,

2137 4908 2456 4979 κατεπᾴδων
2480 4908 2641 4972 αὐτὸς
2670 4908 2847 4979 ἐαυτῷ
2874 4909 2966 4962 καὶ
2994 4907 3167 4977 λέγων
3185 4925 3201 4940 ·
3226 4907 3400 4976 Φωνῇ
3423 4925 3543 4977 μου
3571 4909 3728 4977 πρὸς

2137 4999 2356 5069 Κύριον
2399 4997 2712 5071 ἐκέκραξα,
2745 4999 2917 5069 φωνῇ
2945 5017 3065 5070 μου
3101 5000 3250 5070 πρὸς
3281 4999 3387 5053 τὸν
3411 4999 3583 5063 Θεὸν,
3621 4997 3736 5053 καῖ

2139 5091 2449 5164 προσέσχε
2470 5112 2590 5164 μοι.
2617 5092 2870 5148 Τοιοῦτον
2898 5093 3028 5166 γὰρ,
3066 5094 3252 5163 φησὶν,
3309 5091 3549 5164 ἐμαυτὸν
3588 5108 3706 5162 παρ

2135 5182 2453 5250 εσκεύαζον,
2485 5187 2564 5250 ὠς
2580 5185 2727 5250 ἀξιον
2753 5179 2890 5239 εἶναι
2910 5185 3010 5257 τῆς
3031 5185 3304 5257 προσοχῆς
3325 5183 3419 5238 τοῦ
3448 5182 3609 5238 Θεοῦ·
3639 5183 3726 5238 διδ

2137 5275 2444 5347 ⁴περοσέονκε
2473 5294 2611 5347 μοι’·
2641 5276 2739 5331 καὶ
2776 5275 3030 5341 τοιαύτας
3076 5293 3136 5330 τε
3170 5274 3354 5347 ἠφίειν
3389 5274 3576 5346 φωνάς
3626 5273 3733 5328 καν

2141 5367 2290 5438 βοάς,
2323 5367 2398 5434 ὼς
2425 5369 2581 5435 ἀξίας
2614 5365 2753 5425 εἶναι
2781 5371 2951 5435 αὐτὰς
2977 5369 3079 5440 τῆς
3105 5367 3203 5423 τοῦ
3234 5367 3371 5422 Θεοῦ
3405 5367 3596 5438 ἀκοῆς.
3629 5365 3735 5420 Διὸ·

453 5459 595 5513 κατά
621 5460 713 5513 τὸν
756 5459 1054 5531 Σύμμαχον
1097 5460 1337 5532 εἴρηται·
1368 5459 1544 5529 Φωνῇ
1587 5477 1708 5530 μου
1739 5459 1886 5530 πρὸς
1930 5462 2038 5514 τὸν
2077 5461 2247 5527 Θεὸν,
2274 5463 2740 5533 καὶβοήσαντός
2757 5481 2874 5535 μου
2899 5464 3050 5534 πρὸς
3087 5463 3195 5518 τὸν
3221 5461 3391 5529 Θεὸν,
3445 5461 3721 5532 παρέσχε

449 5551 558 5616 τὰς
579 5551 764 5614 ακοὰς
791 5551 1000 5607 αὑτοῦ.
1033 5551 1134 5606 Διά
1159 5552 1362 5608 τούτων
1391 5551 1499 5624 γὰρ
1524 5553 1831 5608 ὲδιὸάσκετο
1861 5556 1889 5608 ὁ
1923 5552 2156 5626 Ἰδιθοὺμ
2219 5555 2301 5627 μὴ
2342 5554 2583 5628 νομίζειν
2603 5557 2795 5632 τιόρρω
2827 5576 2930 5612 που
2957 5556 3258 5629 ἀφεστάναι
3300 5555 3393 5610 τὸν
3443 5553 3578 5608 Θεὸν
3605 5553 3720 5606 τῶν

534 5728 575 5763 ’δ
617 5730 712 5785 iob
744 5748 832 5786 xxI
856 5771 874 5793 ,λ
904 5732 1058 5786 ἶ-Η.
