4066 6370
379 309 486 371 889

1505 300 2009 363 COMMENTARIA
2042 300 2107 358 IN
2144 302 2490 361 PSALMOSL

3514 307 3636 363 89οτ

379 420 763 495 ἐπιϐοωμένων
792 418 973 475 αὐτόν.
1006 420 1077 473 El.
1096 418 1203 493 γὰρ
1257 420 1372 491 ἅμα
1432 416 1511 489 τῷ
1542 418 1641 489 τὴν
1687 416 1869 489 φωνὴν
1896 416 2214 490 ἀναπέμψαι
2243 417 2439 489 ᾔσθετο
2482 417 2719 489 ἐπηκόου
2769 416 2939 471 αὑτοῦ
2969 417 3277 490 γενομένου
3300 418 3394 472 τοῦ
3464 418 3637 500 Genii,

379 517 560 579 αὐτοῖς
583 514 763 586 ἔργοις
788 510 1095 565 ἐδιδάσκετε
1129 509 1405 583 πανταχοῦ
1436 510 1687 581 παρεῖναι
1707 507 1769 561 τὸ
1824 507 1997 575 Θεῖον,
2040 511 2135 563 καὶ
2192 509 2317 572 τοὺς
2364 508 2465 580 τῆς
2531 508 2794 579 Προνοίας
2848 508 3160 582 ὀφθαλμοὺς
3227 511 3429 580 ἐφορᾷν
3496 510 3627 576 τοὺς

378 605 581 673 ἀξίους.

463 719 624 773 Ἀλλὰ
680 720 772 774 καὶ
822 720 892 775 ἐν
945 718 1134 790 ἡμέρᾳ
1189 718 1449 790 θλίψεως
1492 736 1635 789 μου,
1665 717 1818 791 φησὶ,
1853 716 1960 771 τὸν

2131 711 2295 770 Vsus.
2330 714 2387 768 3.
2429 711 2535 767 Sed
2562 712 2723 767 etiam
2754 711 2809 765 in
2847 711 2931 766 die
2959 710 3321 767 tribulationis
3357 730 3507 782 mete,
3541 717 3635 775 in-

384 814 533 869 Θεὸν
561 810 887 882 ἐξεζτιὶτησα
916 812 1044 879 ταῖς
1075 812 1247 880 χερσί
1276 830 1395 882 μου
1422 811 1643 876 νυκτὸς
1678 808 1957 863 ἐναντίον

382 903 587 968 αὐτοῦ,
622 902 719 957 καί
767 904 841 957 οὐ
884 902 970 972 μὴ
1021 902 1355 972 ήπατήθην.
1385 902 1499 956 Καὶ
1523 903 1602 955 ὅτι
1637 900 1735 973 μὲν
1766 900 1959 953 πολλαὶ

384 996 440 1050 αί
488 994 695 1066 θλίψεις
740 995 847 1049 τῶν
895 994 1119 1049 δικαίων
1170 994 1396 1066 (ἐπειδὴ
1442 994 1771 1065 ἀπείραστος
1818 993 1967 1064 ἀνὴρ

384 1088 684 1159 ἀδόκιμος),
704 1086 971 1151 παντοίως
993 1086 1332 1141 διδάσκουσιν
1365 1088 1411 1140 οἱ
1436 1086 1567 1140 θεῖοι
1592 1085 1740 1155 λόγοι
1758 1102 1771 1115 ⁵
1800 1085 1874 1149 ὼς
1903 1086 1960 1139 δὲ.

384 1179 690 1251 θλιϐόμενοι
734 1178 1015 1251 κρείττους
1056 1178 1263 1233 ἐάυτῶν
1290 1178 1591 1248 ἐγίγνοντο,
1609 1175 1834 1249 δοκιμὴν
1860 1176 1961 1248 τῆς

384 1270 593 1325 ἑαυτῶν
616 1271 945 1343 παρέχοντες
971 1271 1268 1342 ὑπομονῆς,
1297 1272 1356 1324 ού
1383 1272 1490 1343 μὴν
1516 1271 1867 1342 συγχεόμενοι
1886 1269 1962 1332 ὡς

387 1363 653 1435 είλιγγιᾷν
682 1364 774 1416 καὶ
796 1360 1165 1435 θορυϐεῖσθαι,
1194 1362 1437 1417 διδάσκει
1459 1364 1488 1416 ὁ
1510 1362 1699 1428 εἰπὼν,
1717 1363 1813 1415 Ἐν
1838 1363 1964 1416 θλί-

386 1457 488 1522 ψει
520 1453 865 1520 enititur-dy
897 1471 995 1524 με,
1029 1454 1124 1508 καί¹
1163 1457 1192 1508 ὁ
1232 1454 1375 1518 θεῖος
1407 1455 1726 1518 ’Δπόστολος
1753 1453 1958 1522 λέγων’

388 1546 752 1614 Θλισόμενοι,
784 1545 923 1599 ἀλλ’
956 1547 1028 1600 οὺ
1057 1546 1601 1616 στενοχωρούμενοι
1620 1563 1633 1576 ·
1669 1547 1969 1599 καταϐολα-

383 1635 647 1705 λόμενοι,
671 1636 808 1690 ἀλλ’
824 1638 935 1691 οὐκ
958 1637 1368 1707 ἀπολλύμενοι
1387 1656 1399 1669 ⁸
1429 1638 1797 1708 διωκόμενοι,
1824 1636 1969 1693 tua”

385 1724 498 1777 οὐκ
523 1727 1105 1796 ετκπαλειπόμωόι.
1144 1724 1331 1792 Οὕτως
1357 1722 1450 1783 οὖν
1475 1729 1570 1781 καὶ
1601 1727 1836 1782 ἐνταῦθά
1858 1744 1964 1798 φη-

386 1830 473 1868 σιν
495 1828 509 1843 ⁶
545 1816 647 1870 Ἕν
675 1816 864 1885 ἡμέρᾳ
887 1818 1145 1887 θλίψεως
1166 1836 1286 1889 μου
1313 1819 1420 1873 τὸν
1444 1819 1593 1874 Θεὸν
1616 1819 1971 1888 ἐξεζήτησαν

385 1906 447 1961 οὐ
474 1906 582 1977 γὰρ
612 1907 918 1961 ἀπέϐλεπον
959 1909 1055 1962 ἐπὶ
1089 1912 1215 1974 τοὺς
1250 1910 1550 1975 θλίϐοντας,
1583 1912 1693 1964 οὐδ’
1725 1913 1815 1965 ἐπὶ
1840 1913 1964 1976 τοὺς

385 1999 779 2071 ἐπαιρομένους
799 2016 817 2030 '
845 2001 1186 2073 ἐπιστρέφων
1214 2002 1271 2056 δὲ
1299 2001 1538 2073 ἐμαυτοῦ
1567 2003 1628 2055 τὸ
1659 2003 1757 2074 τῆς
1788 2002 1966 2076 ψυχῆς

386 2090 541 2162 δμμα
590 2092 728 2163 πρὸς
768 2092 861 2146 τδν
907 2091 1039 2145 Θεὸν
1086 2093 1206 2147 κατ’
1238 2093 1401 2148 αὐτὸν
1429 2093 1520 2147 τὸν
1549 2092 1661 2162 τῆς
1704 2095 1967 2164 θλίψεως

386 2183 598 2255 καιρὸν,
619 2183 779 2236 αὑτδν
805 2182 1110 2255 ἐξεξήτουν.
1128 2184 1384 2254 Ἐζήτουν
1413 2184 1473 2237 δὲ
1502 2184 1663 2238 αὐτδν
1688 2187 1808 2248 ταῖς
1842 2202 1967 2257 χερ-

387 2275 443 2329 σί
473 2293 596 2347 μου,
622 2275 1000 2347 δεδιδαγμένος
1024 2276 1270 2348 ἐπαίρειν
1295 2277 1474 2341 ὁσίους
1501 2280 1689 2349 χεῖρας
1714 2277 1856 2332 κατὰ
1873 2278 1966 2333 τδν

386 2368 668 2438 φάσκοντα
685 2368 840 2436 λόγον
855 2385 872 2400 σ
892 2369 1191 2438 Βούλομαι
1214 2368 1283 2421 δὲ
1304 2368 1445 2436 τοὺς
1471 2368 1694 2438 ἄνδρας
1714 2371 1969 2438 προσεύ-

385 2462 601 2528 ῖεσθαι
624 2500 639 2525 ,
691 2459 1050 2529 ἐπαίροντας
1104 2460 1316 2528 ὁσίους
1371 2460 1595 2530 χεῖρας.
1658 2462 1768 2515 Καὶ
1821 2460 1968 2515 τοῦτ’

386 2549 660 2621 ἔπραττον
690 2549 751 2603 ού
777 2550 848 2604 δι’
878 2550 1093 2622 ἡμέρας
1128 2551 1309 2623 μόνον,
1345 2551 1484 2605 ἀλλὰ
1514 2552 1608 2607 καὶ
1637 2552 1725 2607 διὰ
1752 2553 1971 2621 νυκτὸς,

385 2640 490 2705 τὰς
517 2641 703 2713 χεῖράς
736 2660 841 2715 μου
868 2643 1109 2716 ἐπαίρων
1142 2644 1381 2699 ἐναντίον
1421 2643 1609 2710 αὐτοῦ,
1640 2645 1734 2697 καὶ
1762 2644 1850 2699 διὰ
1870 2646 1969 2716 τῆς

386 2735 719 2804 προσευχῆς,
752 2734 846 2786 καὶ
874 2732 962 2787 διὰ
984 2734 1097 2788 τῶν
1124 2734 1261 2805 πρὸς
1289 2733 1449 2787 αὐτὸν
1477 2733 1668 2804 φωνῶν
1696 2735 1971 2805 ἐπιζητῶν

387 2824 571 2878 αὐτόν.
600 2824 713 2888 Διὸ,
739 2823 914 2879 ταῦτα
959 2825 1241 2897 πράττων,
1270 2828 1393 2879 Οὐκ
1431 2825 1781 2894 ﬂammian
1823 2824 1971 2898 εὑρί-

389 2932 552 2968 σκετο
583 2916 689 2987 γάρ
741 2934 831 2989 μοι
871 2916 1233 2988 ζητούμενος·
1269 2917 1349 2971 διδ
1374 2916 1682 2987 προσέσχε
1714 2935 1840 2988 μοι,
1874 2918 1969 2973 καὶ

384 3005 488 3070 τὰς
517 3006 711 3060 ἐαυτοῦ
737 3006 907 3071 ἀκοὰς
949 3008 1072 3079 ὲμοὶ
1105 3008 1394 3080 παρέσχεν.
1417 3008 1560 3062 'Avrl
1591 3008 1648 3062 δὲ
1685 3008 1801 3073 τοῦ,
1837 3010 1969 3076 Ταῖς

386 3100 563 3168 χερσί
585 3117 704 3170 μου
728 3100 949 3167 νυκτὸς
977 3100 1255 3156 ἐναντίον
1285 3101 1494 3167 αὑτοῦ,
1530 3100 1629 3155 καί
1675 3103 1785 3157 οὐκ
1812 3103 1968 3171 ἠπα-

385 3191 600 3259 τήθην,
629 3192 658 3244 ὁ
686 3192 983 3262 Σύμμαχος
1019 3190 1207 3245 τοῦτον
1239 3193 1554 3263 ἡρμήνευσε
1595 3193 1686 3249 τὸν
1729 3194 1931 3264 τρόπον
1950 3210 1967 3226 ⁸

396 3279 465 3337 Ἡ
490 3279 619 3349 χείρ
658 3297 779 3349 μου
828 3278 1051 3347 νυκτὸς
1087 3278 1363 3334 ἐκτέτειτο
1396 3280 1704 3351 διηνεκῶς.
1752 3282 1970 3355 Ταύτην

2056 804 2197 876 quit,
2222 804 2388 859 Deum
2413 804 2668 874 exquisivi
2693 802 2937 858 manibus
2960 804 3088 857 meis
3111 814 3259 859 nocte
3281 816 3468 861 contra
3487 826 3640 879 eum,

2055 904 2105 951 et
2143 913 2247 950 non
2297 912 2415 950 sum
2453 896 2717 965 deceptus.
2752 894 2909 961 Quod
2944 879 3130 950 multa
3176 896 3289 953 sint
3333 900 3629 970 proborum

2057 988 2396 1044 calamitates
2427 988 2574 1058 (nam
2622 988 2707 1041 vir
2756 1002 2866 1041 non
2913 995 3157 1045 tentatus
3190 988 3453 1061 inglorius
3500 994 3629 1064 est),

2057 1080 2371 1136 omnimode
2410 1080 2608 1135 docent
2647 1078 2843 1134 divina:
2887 1077 3187 1151 Scriptura:
3218 1100 3231 1136 :
3260 1082 3405 1153 quod
3446 1094 3631 1141 autem

2059 1171 2114 1226 in
2134 1172 2403 1228 aerumnis
2416 1171 2681 1243 degentes
2702 1171 2808 1228 sibi
2832 1172 2968 1242 ipsis
2993 1174 3306 1244 superiores
3334 1178 3631 1242 evaserint,

2058 1264 2597 1336 experimentumque
2624 1264 2900 1334 patientiae
2920 1280 3034 1321 sua:
3065 1265 3339 1333 dederint,
3374 1284 3485 1324 non
3508 1284 3634 1324 con-

2060 1355 2169 1411 fusi
2197 1356 2271 1410 ita
2304 1362 2364 1410 ut
2396 1354 2663 1425 vertigine
2697 1356 3009 1411 laborarent
3039 1367 3093 1412 et
3139 1360 3513 1427 turbarentur,
3558 1362 3647 1418 ita

2060 1447 2224 1503 docet
2247 1448 2359 1510 ille,
2402 1445 2470 1501 In
2504 1446 2848 1502 tribulatione
2875 1448 3123 1504 dilatasti
3152 1452 3380 1520 mihi";
3415 1452 3646 1510 divinus

2061 1538 2187 1594 item
2219 1539 2516 1611 Apostolus
2547 1540 2663 1595 haec
2698 1540 2884 1606 tradit,
2922 1540 3338 1599 Tribulationem
3376 1547 3633 1615 patimur,

2061 1632 2152 1685 sed
2190 1647 2294 1685 non
2323 1632 2729 1701 angustiamur;
2768 1630 3073 1702 dejicimur,
3105 1635 3196 1689 sed
3231 1651 3333 1690 non
3363 1638 3633 1704 perimus;

2060 1724 2470 1793 persecutionem
2522 1725 2788 1793 patimur,
2836 1723 2928 1780 sed
2974 1742 3080 1781 non
3127 1726 3641 1799 derelinquimur".

2065 1812 2155 1869 Sic
2187 1815 2355 1885 igitur
2380 1814 2473 1869 hic
2515 1816 2629 1871 ait:
2658 1815 2725 1871 In
2761 1814 2846 1871 die
2899 1816 3256 1872 tribulationis
3301 1835 3430 1873 mea:
3468 1818 3647 1873 Deum,

2062 1908 2340 1978 exquisivi.
2399 1905 2519 1962 Non
2563 1908 2708 1963 enim
2772 1907 2840 1962 ad
2879 1909 3288 1965 tribulationem
3315 1910 3641 1980 inferentes,

2065 2012 2176 2054 non
2204 1997 2272 2052 ad
2307 1997 2549 2053 tumidos
2586 1998 2710 2055 illos
2738 1999 3130 2069 respiciebam;
3162 2001 3256 2057 sed
3285 2003 3448 2058 oculo
3479 2018 3635 2059 men-

2066 2084 2149 2145 tis
2168 2104 2302 2145 mea:
2346 2089 2415 2145 ad
2449 2087 2620 2146 Deum
2672 2089 3030 2146 tribulationis
3075 2098 3318 2162 tempore
3346 2107 3647 2160 converso,

2066 2180 2245 2252 ipsum
2279 2181 2657 2253 exquirebam.
2698 2180 2954 2239 Manibus
2986 2198 3117 2239 vero
3153 2184 3293 2239 meis
3324 2186 3638 2255 quaerebam

2065 2287 2214 2337 eun,
2244 2272 2530 2330 institutus
2562 2272 2627 2329 ad
2659 2272 2919 2329 levandas
2964 2281 3187 2331 sanctas
3210 2290 3408 2331 manus
3442 2290 3644 2332 secul-

2065 2363 2197 2419 dum
2227 2364 2446 2420 eﬂ‘atum
2477 2364 2611 2421 illud
2636 2384 2653 2421 :
2684 2364 2814 2421 Volo
2837 2376 3014 2421 autem
3041 2368 3179 2421 viros
3208 2383 3383 2435 orare,
3413 2367 3653 2425 levantes

2066 2466 2280 2512 sanctas
2320 2474 2508 2512 manus
2530 2458 2598 2513 ⁷⁷.
2624 2456 2793 2529 quue
2829 2470 2938 2513 non
2981 2457 3071 2514 die
3105 2459 3306 2524 solum,
3344 2459 3440 2516 sed
3476 2461 3658 2515 etiam-

2067 2556 2227 2605 nocte
2269 2563 2467 2605 manus
2508 2563 2662 2605 meas
2713 2557 2907 2607 contra
2946 2564 3072 2606 eum
3105 2551 3416 2623 eripebam;
3469 2553 3542 2607 ita
3585 2562 3653 2607 ut-

2068 2645 2177 2695 tam
2206 2642 2456 2697 oratione
2480 2658 2643 2713 quam
2686 2643 2916 2700 vocibus
2938 2643 3161 2701 emissis
3192 2644 3345 2699 illum
3388 2646 3651 2714 exquire-

2068 2747 2205 2788 rem.
2264 2731 2607 2805 Quapropter
2640 2734 2757 2791 basc
2809 2750 2977 2805 agens
3030 2752 3135 2790 non
3182 2752 3300 2791 sum
3348 2736 3591 2805 deceptus
3624 2752 3644 2789 .-

2068 2838 2196 2881 nam
2221 2826 2557 2897 perquisitus
2588 2826 2679 2881 ille
2711 2828 2966 2882 inventus
2996 2841 3029 2881 a
3057 2842 3145 2881 me
3169 2826 3291 2892 fuit,
3334 2837 3383 2882 et
3416 2828 3647 2882 intendit

2069 2918 2220 2985 mihi,
2252 2932 2522 2988 auresque
2556 2917 2689 2973 mihi
2721 2917 2970 2988 praebuit.
3003 2918 3110 2972 Pro
3146 2918 3240 2974 illo
3267 2926 3471 2984 autem,
3516 2918 3643 2972 Ha-

2069 3007 2223 3063 nibus
2253 3008 2382 3062 meis
2412 3021 2562 3062 nocte
2589 3017 2776 3062 contra
2812 3024 2952 3073 eum,
2995 3016 3046 3062 et
3094 3025 3199 3062 non
3231 3024 3349 3063 sum
3370 3011 3647 3078 deceptus,

2072 3097 2432 3170 Symmachus
2476 3100 2582 3155 hoc
2625 3099 2789 3155 modo
2835 3100 3227 3171 interpretatus
3277 3109 3396 3168 est,
3450 3101 3647 3157 Manus

2070 3207 2188 3246 mea
2215 3199 2366 3246 nocte
2389 3199 2605 3246 extensa
2642 3200 2759 3246 erat
2795 3192 3029 3247 assidue.
3064 3191 3217 3248 Hanc
3250 3193 3435 3266 itaque
3472 3195 3647 3247 maxi-

2069 3299 2217 3340 mam
2251 3292 2305 3341 et
2328 3285 2501 3340 solam
2533 3292 2737 3341 nactus
2760 3300 2883 3340 sum
2917 3285 3373 3341 consolationem.
3406 3283 3514 3340 Seu
3536 3285 3654 3341 alio

385 3370 488 3443 μέν
519 3368 613 3426 οὖν
641 3368 787 3443 εἶχον
815 3371 1078 3443 μεγίστην
1110 3371 1205 3426 καὶ
1248 3372 1417 3443 μόνην
1462 3373 1970 3446 παραμυθίαν.”Λλ-

2075 3376 2260 3442 modo,
2292 3376 2604 3433 atllictionis
2636 3394 2770 3434 mea:
2793 3388 3035 3448 tempore
3070 3378 3345 3433 neminem
3372 3393 3440 3433 ex
3469 3377 3648 3433 homi-

381 3463 494 3528 λως
526 3463 607 3529 δὲ,
631 3464 841 3530 οὐδενὸς
866 3464 1167 3536 ἠνειχόμην
1206 3464 1539 3537 παρακαλεὲν
1582 3484 1649 3538 με
1688 3468 1782 3523 καὶ
1809 3467 1969 3541 θερα-

381 3555 577 3610 πεύειν
625 3553 902 3618 ἐθέλοντος
950 3555 1237 3626 ἀνθρώπου
1270 3557 1328 3610 ἐν
1355 3556 1432 3628 τῷ
1468 3558 1567 3628 τῆς
1598 3557 1829 3629 θλίψεως
1864 3576 1966 3630 μου

382 3645 583 3717 καιρῷ.
614 3642 706 3698 Διό
733 3645 973 3717 ἐπιλέγει
992 3664 1005 3676 ·
1050 3644 1421 3715 Ἀπηνήνατο
1446 3649 1899 3718 παρακληθῆναι
1925 3651 1966 3719 ἡ

380 3736 559 3807 ψυχή
589 3754 710 3807 μου
734 3752 749 3767 ·
790 3736 825 3808 ἢ
856 3737 998 3792 κατά
1046 3736 1139 3791 τδν
1181 3737 1497 3809 Σύμμαχον,
1531 3743 1652 3795 Οὐκ
1703 3741 1969 3798 ἐπείθετο

381 3827 850 3898 παρηγορεῖσθαι
892 3828 932 3896 ἠ
970 3828 1142 3898 ψυχή
1170 3844 1290 3898 μου
1310 3844 1323 3857 ·
1356 3830 1472 3883 ἀλλ’
1506 3830 1817 3900 ἀνθρώποις
1872 3832 1970 3903 μὲν

379 3923 488 3977 οὐκ
513 3920 832 3994 ἐπειθόμην,
863 3922 973 3986 τοῖς
1003 3921 1176 3984 ἄλλως
1207 3938 1275 3992 με
1303 3924 1641 3994 παρηγορεῖν
1672 3924 1766 3977 καί⁵
1793 3940 1969 3994 παρα-

378 4013 573 4068 καλεῖν
591 4029 607 4044 ⁶
648 3993 961 4083 ἐμνήσθην
1003 4012 1058 4065 δέ
1107 4013 1215 4068 τοῦ
1261 4014 1409 4069 Θεοῦ
1447 3993 1546 4068 καί
1578 3993 1933 4083 ηὐφράνθην
1951 4031 1969 4046 ο

380 4104 633 4176 ἀπήρκει
660 4104 767 4176 γάρ
804 4121 893 4175 μοι
935 4106 969 4176 ή
1006 4102 1101 4158 τοῦ
1126 4103 1261 4159 Θεοῦ
1304 4106 1494 4178 μνήμη
1534 4106 1671 4179 πρὸς
1709 4106 1972 4181 εὐφροσύ-

377 4213 519 4270 νην
550 4195 687 4250 ἀλλὰ
719 4195 813 4250 καὶ
838 4195 1251 4267 ἠδολέσχησα,
1280 4199 1434 4270 φησὶ,
1466 4199 1564 4253 καὶ
1590 4198 1974 4269 ὠλιγοψύχη-

377 4304 503 4346 σα·
540 4287 656 4341 ἀνθ’
688 4281 747 4342 οὗ
787 4289 816 4340 ὁ
856 4286 1149 4359 Σύμμαχος
1177 4290 1511 4361 ἡρμήνευσε,
1547 4289 1876 4345 Διελάλουν
1900 4291 1973 4346 εν

375 4379 622 4453 ἐμαυτῷ
670 4380 767 4434 καί
809 4380 1393 4451 ἐλειποθύμουν.”οτι
1429 4381 1546 4453 μὲν,
1575 4381 1727 4452 φησι,
1753 4379 1973 4453 ἐμαυτῷ

376 4472 685 4539 διελάλουν,
719 4471 1108 4545 ἐλετποθύμουν
1132 4488 1145 4501 ·
1193 4475 1288 4528 καί⁴
1332 4474 1421 4528 ὅτε
1473 4473 1795 4545 ήδολέσχουν
1841 4474 1972 4545 παρ’

378 4562 634 4635 ἐμαυτῷ,
668 4561 972 4634 τηνικαῦτα
1004 4563 1329 4635 ὠλιγοψύχει
1366 4563 1425 4618 τὸ
1457 4562 1675 4635 πνεῦμά
1703 4582 1806 4635 μου
1826 4579 1840 4594 ’
1879 4565 1972 4619 ὅτε

377 4655 439 4711 δὲ
468 4653 960 4726 ἀνεμιμνησκόμην
996 4653 1091 4709 τοῦ
1140 4654 1297 4719 Θεοῦ,
1330 4654 1669 4727 εὐφροσύνης
1705 4654 1973 4727 ἐπληρού-

2071 3468 2235 3524 nibus
2269 3467 2620 3525 admittebam
2652 3469 2745 3539 qui
2778 3469 2939 3525 vellet
2982 3483 3073 3525 me
3096 3468 3389 3530 consolari,
3436 3482 3500 3521 ac
3526 3482 3648 3524 me-

2068 3558 2186 3614 deri
2224 3558 2399 3613 dolori
2429 3573 2572 3615 meo.
2599 3556 2781 3624 Quare
2806 3558 2992 3615 subdit
3018 3576 3031 3613 :
3058 3587 3129 3598 -—
3156 3556 3324 3614 Vens.
3354 3558 3410 3613 4.
3453 3556 3652 3613 Renuie

2068 3649 2337 3705 consolari
2360 3651 2540 3705 anima
2569 3651 2875 3716 mea;sive,
2903 3650 3203 3707 secundum
3232 3649 3644 3722 Symmachum,

2073 3740 2196 3796 Non
2238 3741 2655 3811 persuadebatur
2687 3743 3100 3798 consolationem
3145 3742 3420 3798 admittere
3464 3746 3652 3799 anima

2069 3849 2226 3897 mea;
2273 3832 2369 3889 sed
2406 3832 2722 3888 hominibus
2761 3833 2981 3903 quidem
3023 3834 3297 3891 consolari
3345 3841 3399 3890 et
3434 3834 3646 3889 hortari

2069 3924 2381 3980 volentibus
2416 3938 2529 3980 non
2571 3924 3054 3994 obtemperabam;
3096 3941 3287 3981 verum
3335 3942 3533 3980 memor
3566 3927 3656 3995 fui

2072 4016 2169 4072 Dei
2196 4026 2246 4071 et
2275 4016 2564 4071 delectatus
2610 4032 2729 4071 sum
2754 4031 2774 4070 :
2802 4030 2929 4070 nam
2969 4015 3064 4071 Dei
3095 4017 3358 4072 memoria
3408 4017 3477 4071 ad
3512 4018 3653 4073 laeti-

2071 4108 2203 4162 tiam
2247 4108 2381 4163 mihi
2433 4108 2568 4164 satis
2606 4115 2760 4173 erat;
2802 4106 2936 4178 quin
2967 4106 3128 4162 etiam
3173 4106 3269 4169 ait,
3324 4108 3654 4163 exercitatus

2071 4215 2211 4265 sum,
2245 4210 2295 4254 et
2328 4198 2520 4269 defecit
2552 4200 2771 4267 spiritus
2809 4214 2991 4262 meus;
3016 4212 3115 4268 pro
3142 4213 3252 4268 quo
3282 4196 3649 4270 Symmachus

2072 4291 2464 4363 interpretatus
2492 4299 2599 4357 est,
2628 4290 2906 4363 Loquebar
2934 4293 2989 4345 in
3034 4291 3233 4360 meipso
3260 4300 3309 4344 et
3347 4290 3524 4345 animo
3553 4292 3646 4346 de-

2074 4385 2335 4454 ﬁciebant.
2396 4384 2703 4453 Quoniam,
2762 4386 2960 4457 inquit,
3022 4386 3285 4457 loquebar
3322 4385 3454 4440 mihi
3504 4386 3646 4458 ipsi,

2073 4475 2257 4529 animo
2306 4473 2626 4530 deﬁciebam
2653 4494 2668 4531 :
2696 4484 2749 4531 et
2788 4490 2913 4530 cum
2956 4478 3293 4532 exercitarer
3338 4477 3479 4547 apud
3525 4493 3653 4533 tne-

2073 4566 2275 4636 ipsum,
2321 4573 2455 4622 tunc
2499 4565 2790 4623 deﬁciebat
2834 4567 3063 4638 spiritus
3099 4584 3290 4634 meus;
3339 4584 3463 4623 cum
3514 4583 3657 4625 vero

2074 4657 2171 4715 Dei
2216 4659 2559 4725 recordarer,
2596 4660 2781 4716 laetitia
2824 4661 3115 4731 replebar;
3169 4659 3265 4716 sed
3317 4660 3479 4715 etiam
3519 4677 3651 4718 cum

382 4767 501 4822 μην
519 4762 541 4779 ⁸
565 4747 701 4801 ἀλλὰ
725 4748 820 4802 καὶ
848 4746 1026 4819 ζητῶν
1055 4746 1217 4803 αὑτὸν
1238 4750 1361 4812 ταῖς
1405 4748 1563 4821 χερσί
1610 4766 1711 4819 μου
1760 4747 1970 4814 νυκτδς,

2077 4764 2201 4804 eum
2232 4749 2484 4806 manibus
2510 4751 2648 4807 meis
2677 4758 2841 4806 noctu
2869 4751 3235 4821 exquirerem,
3277 4766 3387 4806 non
3418 4752 3649 4809 aberra-

376 4842 489 4896 οὐκ
522 4837 867 4910 ήπατῶμηνο
897 4838 1150 4913 εὕρισκον
1175 4840 1283 4909 γὰρ
1325 4840 1514 4912 ὥσπερ
1556 4840 1783 4913 πλησίον
1835 4858 1975 4914 παρ-

378 4930 606 4989 εστῶτά
641 4949 751 5003 μοι,
788 4932 881 4985 καὶ
906 4931 1005 5003 τῆς
1036 4932 1220 5003 φωνῆς
1241 4949 1343 5003 μου
1368 4933 1601 5004 ἐπήκοον
1631 4934 1971 5007 γιγνόμενον.

455 5022 986 5093 Προκατελᾰὸοντο
1033 5023 1313 5093 φυλακὰς
1364 5026 1420 5077 οὶ
1476 5025 1774 5094 ὀφθαλμοί
1828 5043 1970 5095 μου,

377 5112 751 5182 ἐταράχθην,
778 5113 875 5168 καί
931 5114 1044 5167 οὐκ
1100 5111 1398 5179 ἐλάλησα.
1448 5112 1512 5166 0E
1562 5111 1833 5177 θλίϐοντές
1881 5130 1971 5183 με,

380 5206 549 5280 φησὶ,
572 5204 821 5275 λογισμοὶ
846 5203 1079 5258 τοιοῦτοι
1100 5199 1261 5275 ἦσαν.
1280 5202 1498 5275 Ἐπειδὴ
1529 5203 1638 5275 γὰρ
1669 5202 1855 5275 ἑώρων
1874 5203 1974 5277 τὴν

379 5296 663 5369 ἀποϐολὴν
717 5296 811 5351 τοῦ
856 5297 1006 5362 λαοῦ,
1033 5296 1105 5368 ἢν·
1145 5296 1438 5350 ὲθέσπισαν
1484 5296 1535 5350 οί
1583 5295 1975 5369 προλεχθέντες

380 5391 723 5464 προφητικοὶ
750 5389 1312 5462 λόγοι,ἐθορυ6ούμην
1343 5389 1586 5454 εἰκότως.
1610 5388 1705 5443 καὶ
1732 5387 1972 5444 ἐνενόουν

382 5480 531 5554 πρὸς
578 5480 812 5551 ἐμαυτὸν
857 5480 906 5534 εί
948 5479 1316 5550 ἀθεράπευτον
1357 5480 1538 5543 αὐτοῖς
1583 5479 1736 5533 ἔσται
1778 5479 1841 5533 τὸ
1872 5497 1971 5534 κα-

384 5574 509 5629 κόν.
540 5572 613 5626 Τὸ
643 5572 741 5646 μὲν
763 5571 872 5643 γὰρ
901 5570 1274 5643 ἀποϐληθῆναι
1298 5572 1495 5636 αὐτοὺς
1521 5570 1697 5645 καιρῷ
1738 5588 1844 5627 τινι
1877 5573 1970 5627 καὶ

2076 4836 2202 4893 bam
2227 4857 2240 4893 :
2276 4853 2401 4893 nam
2426 4838 2607 4911 ipsum
2630 4854 2732 4895 ceu
2757 4838 3020 4904 vicinum,
3057 4846 3380 4908 praesentem
3406 4838 3561 4906 mihi,
3592 4849 3659 4896 et

2073 4928 2195 4984 voci
2224 4944 2360 4985 meae
2388 4931 2681 5002 propitium
2705 4929 3195 5001 deprehendebam.

2143 5019 2311 5079 Vens.
2350 5022 2401 5078 5.
2443 5022 2873 5093 Anticipauerunt
2902 5023 3109 5094 vigilias
3139 5022 3277 5078 oculi
3302 5022 3423 5086 mei,
3460 5020 3647 5074 turba»

2073 5118 2159 5168 tus
2184 5131 2302 5169 sum
2320 5123 2499 5171 etnon
2521 5133 2639 5170 sum
2681 5116 2905 5171 locutus.
2939 5116 3317 5186 Cogitationes
3359 5129 3486 5184 quas
3509 5112 3657 5169 mihi»

2073 5206 2421 5265 atllictionem
2446 5209 2733 5280 pariebant
2764 5209 2901 5265 tales
2935 5214 3113 5264 erant.
3145 5206 3285 5274 Quia
3324 5208 3470 5262 enim
3494 5205 3657 5275 abie-

2074 5302 2311 5357 ctionem
2341 5302 2549 5373 populi,
2582 5317 2747 5373 quam
2782 5299 3067 5355 memorati
3098 5297 3403 5369 prophetici
3437 5309 3657 5352 sermo-

2074 5407 2176 5448 nes
2226 5392 2509 5449 vaticinati
2534 5402 2681 5459 sunt,
2728 5390 3150 5462 prospiciebam,
3187 5389 3313 5459 jure
3352 5384 3649 5451 turbabar,

2076 5498 2401 5557 mecumque
2452 5484 2812 5556 reputabam,
2881 5498 3011 5538 num
3068 5482 3312 5552 ipsorum
3363 5478 3649 5535 calamitas

2077 5575 2196 5632 sine
2226 5575 2467 5633 remedio
2516 5574 2699 5633 futura
2743 5574 2836 5631 sit.
2882 5572 3021 5629 Nam
3040 5572 3186 5647 quod
3216 5583 3464 5635 tempore
3506 5584 3649 5643 quo-

465 5728 514 5761 "
557 5726 701 5785 Psal.
731 5736 804 5795 ιν,
835 5727 893 5785 2.
969 5728 1014 5762 ⁷⁸
1033 5726 1076 5784 ιι
1106 5728 1233 5787 Cor.
1274 5745 1347 5800 tv,
1380 5726 1441 5795 8,
1468 5727 1522 5785 9.
1597 5728 1687 5785 "l
1721 5726 1860 5784 Tim.
1896 5743 1979 5797 ιι,
2010 5727 2065 5786 8.
