4066 6384
457 347 559 404 891

1205 344 1472 404 EUSEBII
1512 348 1991 407 CASSARIENSIS
2027 348 2178 408 OPP.
2211 351 2391 408 PARS
2423 351 2511 408 Ili.
2547 383 2617 394 —
2653 349 3057 409 EXEGETICA.

3586 348 3704 406 899'

457 457 584 516 dam
619 454 928 527 abiiciendi,
972 463 1028 510 et
1069 458 1214 528 quod
1256 459 1312 514 in
1339 459 1496 517 ﬁnem
1531 462 1764 534 idipsum
1799 463 2019 534 passuri

2125 464 2204 526 εἰς
2244 463 2395 527 τέλος
2426 463 2619 527 αὐτοὺς
2649 462 2805 518 τοῦτο
2834 462 3025 518 παθεῖν
3057 461 3341 516 ἐπίστευον
3372 462 3438 534 τῇ
3473 479 3691 536 προφη-

457 559 662 614 essent,
695 549 752 603 id
800 564 933 605 sane
978 549 1268 604 credebam
1307 551 1691 623 obtemperans
1727 554 2022 624 prophetia

457 641 660 697 dicenti
700 659 713 696 :
752 638 976 712 thuid,
1034 641 1198 706 Deus,
1248 647 1490 710 repuliin
1534 646 1588 699 in
1623 647 1802 715 ﬁnem,
1852 648 2021 702 iratus

455 741 534 786 est
563 733 717 802 [uror
760 741 881 786 tuus
915 747 1070 800 super
1101 749 1214 787 oves
1246 749 1456 802 pascua:
1481 745 1582 790 tua:
1603 738 1690 790 ⁷⁸⁸3
1715 753 1776 792 ac
1808 738 1861 792 in
1905 755 2023 794 me-

457 825 580 895 ipso
614 824 814 879 dubius
844 825 1134 896 haerebam,
1169 826 1357 881 isthac
1397 829 1680 884 revolvens
1713 846 1726 884 :
1769 828 2023 900 Nunquid

457 917 514 970 in
550 926 802 969 reternum
845 917 1081 986 projiciet
1132 917 1405 983 Dominus,
1440 930 1532 973 aut
1576 937 1679 974 non
1715 932 1937 989 apponet
1967 930 2024 974 ut

459 1011 782 1076 complaceat
813 1009 1021 1066 adhuc?
1053 1018 1105 1065 et
1141 1019 1356 1064 catera.
1399 1011 1524 1067 Hac
1563 1012 1809 1082 cogitans
1845 1015 2026 1068 turba-

457 1097 596 1166 bar;
631 1101 724 1155 sed
755 1101 806 1153 in
840 1102 1156 1155 memoriam
1191 1103 1499 1172 repetebam
1525 1102 1642 1158 dies
1673 1105 1942 1176 antiquos,
1972 1112 2026 1160 et

459 1201 635 1243 annos
675 1198 908 1243 aternos
940 1205 1003 1243 ex
1028 1192 1197 1243 veteri
1244 1189 1525 1259 Scriptura
1560 1205 1772 1244 mecum
1804 1198 2024 1261 reputa-

457 1275 609 1341 bam,
643 1279 862 1347 quoties
892 1279 1142 1333 videlicet
1167 1294 1290 1332 cum
1323 1280 1472 1348 ipsos
1493 1280 1700 1350 peccati
1731 1295 1896 1336 causa
1925 1281 2024 1335 ab-

452 1367 699 1436 jecisset,
727 1369 944 1423 reduxit
979 1377 1192 1436 tamen;
1226 1381 1277 1424 ct
1314 1385 1437 1424 cum
1468 1371 1634 1441 impie
1673 1382 1894 1442 agentes
1922 1373 2023 1427 ho-

457 1459 640 1514 stibus
680 1461 1020 1526 tradidisset,
1078 1463 1274 1516 iterum
1326 1463 1550 1532 recepit.
1595 1463 1705 1517 Cur
1737 1478 1864 1534 ergo
1900 1478 2024 1518 cum

456 1552 587 1606 olim
623 1561 747 1624 post
789 1555 972 1624 gravia
1015 1555 1220 1609 scelera
1251 1563 1530 1610 revocaret
1561 1569 1676 1620 eos,
1713 1569 1889 1625 neque
1933 1570 2022 1610 re-

455 1644 684 1713 pelleret
733 1645 788 1698 in
831 1645 992 1700 ﬁnem
1046 1660 1149 1700 nec
1202 1645 1550 1700 abscinderet
1593 1646 2024 1702 misericordiam

457 1751 648 1804 suam;
688 1737 825 1792 nihil
850 1739 959 1794 tale
986 1739 1099 1809 jam
1129 1738 1310 1804 faciet,
1360 1749 1414 1798 et
1446 1742 1798 1800 humanitatis
1836 1743 2025 1815 pristi-

2117 553 2237 624 τείᾳ
2276 553 2538 626 λεγούσῃ·
2585 554 2778 618 Ἰνατί,
2828 557 2860 608 ό
2906 553 3070 619 Θεὸς,
3103 554 3323 608 ἀπώσω
3366 555 3453 620 εις
3490 552 3690 622 τέλος,

2121 644 2383 714 ὠργίσθη
2435 647 2468 698 ὀ
2517 646 2702 714 θυμός
2744 660 2860 698 σου
2891 645 2988 698 ἐπὶ
3019 646 3280 714 πρόϐατα
3306 643 3498 714 νομῆς
3539 661 3694 711 σονς

2121 736 2421 808 ἐνηπόρουν
2456 735 2512 790 δέ
2542 737 2678 808 πρὸς
2709 737 2942 808 ἐμαυτὸν
2965 735 3338 808 διανοούμενος
3361 736 3535 790 ταῦτα
3553 755 3566 768 ·
3595 739 3693 808 Μὴ

2120 830 2207 896 εὶς
2226 827 2366 895 τοὺς
2380 827 2598 896 αἰῶνας
2621 827 2917 883 ἀπώσεται
2940 830 3173 898 Κύριος.
3191 827 3229 897 ἢ
3264 831 3335 883 οὐ
3361 829 3696 898 προσθήσει

2121 921 2230 974 τοῦ
2258 918 2579 988 εὐδοκῆσαι
2607 921 2725 983 En;
2751 920 2845 974 καὶ
2867 919 2933 972 τά
2966 919 3110 989 ἐξῆς.
3142 919 3326 974 Ταῦτα
3347 919 3696 992 λογιζόμενος

2123 1010 2495 1082 ἐταραττόμην
2517 1028 2529 1040 ·
2568 1011 2685 1065 ἀλλ’
2710 1011 2902 1082 ἔφερόν
2939 1028 2996 1064 τε
3018 1013 3083 1082 τῇ
3113 1013 3300 1084 μνήμῃ
3330 1012 3428 1076 τὰς
3459 1011 3694 1076 παλαιάς

2123 1101 2336 1172 ἡμέρας
2356 1102 2449 1154 καὶ
2476 1101 2544 1154 τά
2562 1101 2619 1167 ἐξ
2643 1101 2834 1164 αἰῶνος
2861 1100 2954 1172 ἐτη
2981 1101 3088 1154 ἀπὸ
3113 1101 3221 1153 τῶν
3247 1101 3491 1155 παλαιῶν
3515 1101 3696 1173 Γραμ-

2129 1193 2311 1263 μάτων
2344 1193 2756 1263 ἀναλεγόμενος,
2791 1194 2978 1256 ὁσάκις
3025 1193 3450 1263 ἁμαρτήσαντας
3495 1193 3694 1257 αὐτοὺς

2123 1282 2430 1346 ἀποϐαλὼν,
2462 1284 2826 1355 ἐπανήγαγεν,
2853 1284 2944 1338 καὶ
2967 1283 3242 1354 πολεμίοις
3267 1283 3538 1354 παραδοὺς
3561 1283 3691 1335 ἀσε-

2124 1374 2370 1438 ϐοῦντας,
2407 1371 2562 1439 αὖθις
2592 1377 2949 1447 ἀνεκτήσατο.
2972 1375 3036 1429 Τί
3064 1371 3154 1429 οὖν
3179 1374 3345 1428 πάλαι
3368 1375 3466 1445 μὲν
3495 1375 3694 1439 αὐτοὺς

2125 1466 2220 1520 καὶ
2257 1467 2394 1536 μετὰ
2424 1467 2601 1531 δεινὰς
2631 1467 3013 1538 πλημμηλείας
3040 1469 3369 1532 ἀνεκαλεῖτο,
3408 1467 3481 1539 μὴ
3505 1470 3582 1529 εἰς
3605 1465 3695 1518 τέ-

2123 1556 2212 1620 λος
2246 1557 2648 1629 ἀπωθούμενος,
2683 1558 2816 1629 μηδέ
2858 1559 3180 1612 ἀποκόπτων
3211 1559 3272 1612 τὸ
3302 1558 3450 1622 ἔλεος
3491 1555 3652 1611 αύτοῦ
3675 1571 3690 1586 °

2123 1645 2220 1700 νῦν
2245 1646 2300 1700 δὲ
2332 1646 2481 1701 οὐδὲν
2503 1647 2707 1701 τούτων
2735 1647 2968 1718 ποιήσει,
2991 1646 3159 1719 λήθην
3182 1647 3238 1701 δὲ
3266 1647 3376 1714 ἐξει
3407 1647 3505 1718 τῆς
3530 1643 3692 1700 αὐτοῦ

2125 1736 2530 1808 φιλανθρωπίας
2561 1738 2655 1791 καί¹
2692 1739 3005 1809 ἐπιλήσεται
3038 1737 3128 1790 τοῦ
3162 1738 3500 1809 οἱκτειρῆσαι
3532 1739 3560 1791 ὁ
3593 1754 3696 1807 μα-

456 1842 541 1881 na
586 1828 1084 1900 misericordiaque
1130 1831 1510 1896 obliviscetur,
1563 1834 1656 1904 qui
1705 1813 1918 1903 patiens
1969 1841 2023 1890 et

2125 1827 2393 1898 κρόθυμος
2425 1828 2518 1880 καὶ
2557 1827 2840 1891 πολυέλειλς
2886 1827 2980 1880 καὶ
3031 1827 3455 1898 φιλοικτίρμων;
3505 1825 3718 1880 Ταῢτιιι⁴

455 1919 639 1973 multa
676 1919 1083 1985 misericordia,
1133 1928 1187 1977 et
1234 1923 1647 1978 miserationum
1689 1939 1879 1981 amans
1906 1925 2026 1980 est?

456 2008 582 2066 Hac
616 2020 774 2066 nocte
817 2029 1029 2068 mecum
1064 2015 1406 2084 reputabam,
1441 2023 1495 2071 et
1543 2017 1832 2085 scopebam
1865 2017 2028 2088 spiri-

455 2106 574 2153 tum
599 2114 799 2164 meum,
831 2116 982 2157 meas
1011 2102 1224 2158 scilicet
1247 2105 1606 2174 cogitationes
1628 2106 1944 2161 examinans
1973 2115 2027 2162 et

455 2191 776 2260 explorans,
827 2191 1258 2263 discernensque
1307 2196 1581 2266 spiritum,
1627 2214 1757 2253 num
1791 2199 1919 2269 quid
1958 2199 2025 2252 ad

458 2281 753 2336 dubiorum
803 2284 1131 2340 solutionem
1179 2285 1495 2356 subiiceret.
1540 2286 1646 2343 Pro
1668 2289 1787 2343 villo
1821 2298 2022 2357 autem,

460 2374 879 2441 anticipaverunt
903 2377 1111 2447 vigilias
1136 2379 1274 2431 oculi
1304 2379 1426 2443 mei,
1457 2379 1838 2449 Symmachus,
1866 2382 2026 2450 impe-

459 2465 696 2532 diebant,
727 2469 924 2539 inquit,
967 2487 1178 2525 sursum
1217 2472 1446 2538 aspicere
1487 2474 1624 2527 oculi
1672 2475 1792 2528 mei.
1843 2475 1902 2528 In
1941 2491 2028 2531 me

460 2574 698 2630 namque
734 2567 812 2614 tot
840 2563 1197 2630 cogitationes
1225 2567 1488 2636 colligens
1517 2563 1869 2620 occludeham
1891 2582 2027 2622 ocu~

460 2652 546 2708 los
584 2667 756 2717 meos,
801 2661 858 2707 ut
905 2671 974 2710 ne
1007 2655 1061 2708 in
1111 2657 1393 2712 sensibilia
1433 2657 1736 2728 impingens
1769 2673 1799 2712 a
1830 2673 2028 2730 propo-

461 2745 569 2800 sito
599 2745 917 2802 abducerer.
953 2745 1170 2804 Clausis
1219 2749 1402 2820 itaque
1449 2751 1695 2820 corporis
1728 2750 1925 2815 oculis,
1972 2751 2027 2805 in

459 2837 673 2909 meipso
712 2839 912 2894 dubius
951 2840 1241 2906 harebam,
1284 2857 1393 2896 non
1442 2856 1576 2897 voce
1621 2842 1870 2913 loquens,
1917 2857 2028 2898 non

461 2929 628 2983 alium
689 2931 1055 3001 compellans,
1119 2934 1214 2988 sed
1269 2934 1387 3004 ipse
1439 2950 1652 2990 mecum
1701 2938 2024 3008 cogitabam.

459 3019 641 3086 Quare
677 3037 776 3091 pro
809 3022 926 3085 illo,
970 3022 1239 3077 Turbatus
1269 3041 1406 3091 sum,
1441 3035 1491 3079 et
1522 3043 1626 3080 non
1657 3043 1773 3080 sum
1801 3028 2024 3092 locutus,

2130 1916 2319 1979 νυκτὸς
2362 1916 2497 1988 πρὸς
2541 1917 2773 1987 ἐμαυτὸν
2816 1916 3208 1988 διελογιζόμην,
3243 1917 3336 1970 καὶ
3368 1917 3429 1969 τὸ
3478 1914 3697 1986 πνεῦμά

2129 2023 2230 2076 μου
2273 2008 2554 2073 ἐσκαλλον,
2580 2007 2868 2080 διερευνῶν
2901 2009 2993 2062 καὶ
3021 2007 3324 2078 βασανίζων
3362 2009 3488 2070 τοὺς
3522 2009 3697 2078 ἐμαυ-

2125 2099 2219 2152 τοῦ
2263 2099 2572 2170 λογισμοὺς,
2609 2100 2912 2173 ἀνακρίνων
2963 2117 3022 2154 τε
3054 2098 3114 2153 τὸ
3143 2099 3378 2171 πνεῦμα,
3410 2099 3465 2152 εῐ
3491 2117 3542 2152 τι
3591 2100 3699 2172 ἄρα

2127 2190 2385 2244 ύποϐάλοι
2427 2191 2562 2261 πρὸς
2601 2190 2898 2263 θεραπείαν
2926 2191 3032 2245 τῶν
3065 2190 3445 2263 ἠπορημένων.
3465 2191 3609 2244 Ἀντὶ
3639 2191 3698 2245 δὲ

2127 2209 2385 2244 υποοαλοι
2427 2209 2562 2261 προς
2601 2209 2898 2263 υεραπειαν
2926 2209 3032 2245 των
3065 2209 3445 2336 ηποργὲμενων.
3470 2209 3609 2244 ταντι
3639 2209 3696 2245 οε

2125 2283 2242 2346 τοῦ,
2270 2281 2789 2353 Προκατελάϐοντο
2817 2284 3093 2353 φυλακὰς
3135 2285 3188 2338 ol
3253 2283 3516 2352 φθαλμοί
3554 2301 3696 2352 μου,

2125 2377 2154 2429 ὁ
2195 2374 2508 2446 Σύμμαχος,
2526 2375 2840 2439 Ἐκώλυον,
2891 2376 3042 2445 φησὶ,
3088 2376 3194 2443 τὰς
3241 2375 3603 2445 ἀναϐλέψεις
3641 2377 3697 2431 οι

2127 2467 2420 2536 ὀφθαλμοί
2441 2485 2579 2536 μου.
2611 2467 2865 2535 Συνάγων
2897 2466 3002 2538 γὰρ
3023 2467 3103 2531 εἰς
3128 2469 3362 2539 ἐμαυτὸν
3383 2469 3509 2532 τοὺς
3531 2471 3698 2540 ἐμαυο

2125 2559 2219 2613 τοῦ
2257 2559 2569 2630 λογισμοὺς,
2601 2559 2764 2631 ἐμυον
2791 2560 2863 2614 τὰ
2891 2561 3132 2632 ὄμματα,
3159 2559 3234 2623 ὡς
3258 2559 3323 2615 ἂν
3357 2561 3432 2632 μὴ
3468 2564 3582 2626 τοῖς
3614 2562 3698 2616 αἱ·

2129 2652 2344 2723 σθητοίς
2384 2651 2722 2722 προϐάλλων,
2753 2653 3140 2726 περιελκοίμην
3185 2651 3276 2706 τοῦ
3311 2652 3690 2724 προκειμένου.

2127 2745 2293 2798 Μύων
2324 2740 2418 2798 οὖν
2442 2746 2568 2808 τοὺς
2600 2744 2912 2817 ὀφθαλμοὺς
2939 2744 3034 2798 τοῦ
3062 2743 3332 2816 σώματος,
3365 2744 3503 2816 πρὸς
3525 2746 3694 2816 ἐμαυ-

2126 2835 2216 2888 τὸν
2241 2835 2548 2907 διηπόρουν,
2577 2835 2637 2889 οὐ
2664 2839 2816 2908 φωνῇ
2839 2835 3224 2908 φθεγγόμενος,
3258 2835 3376 2889 οὐδὲ
3409 2835 3545 2906 πρὸς
3581 2836 3698 2889 ἐτε-

2132 2945 2221 3000 ρον
2250 2928 2445 2993 λαλῶν,
2473 2927 2637 2992 αὐτὸς
2666 2928 2723 2982 δὲ
2765 2930 2900 3001 πρὸς
2935 2928 3168 3000 ἐμαυτὸν
3196 2928 3410 2983 ἐννοῶν.
3441 2927 3532 2981 Διὸ
3578 2929 3695 2982 ἀντὶ

2127 3020 2644 3092 τοῦ,Ἐτιιράχθην,
2671 3021 2770 3075 καὶ
2812 3024 2923 3077 οὐκ
2953 3020 3248 3089 ἐλάλησα,
3277 3021 3373 3076 καὶ
3411 3021 3518 3076 τῶν
3549 3021 3692 3092 ἐξῆς,

459 3120 514 3168 et
533 3113 768 3176 cateris,
814 3113 956 3183 apud
993 3113 1376 3183 Symmachum
1421 3117 1642 3180 dicitur,
1686 3118 2025 3187 Dubitabam,

2129 3113 2277 3182 παρά
2296 3112 2372 3183 τῷ
2387 3113 2458 3165 Συ
2466 3112 2666 3184 μμάχῳ
2687 3111 2898 3183 εἴρηται
2915 3129 2926 3141 ·
2947 3112 3298 3179 Διηπόρουν,
3319 3111 3415 3166 καὶ
3432 3113 3540 3166 οὐκ
3560 3110 3696 3165 ἐλάα

459 3213 510 3259 et
534 3220 639 3257 non
665 3203 868 3257 locutus
896 3221 1031 3258 sum.
1059 3235 1130 3245 —-
1153 3205 1321 3261 Vsus.
1355 3206 1410 3273 6,
1445 3207 1494 3259 7.
1526 3207 1895 3278 Recogitabam
1915 3209 2025 3264 dies

2127 3207 2310 3270 λησα.
2333 3233 2405 3243 -—
2436 3202 2878 3274 Ἆνελογιζόμην
2919 3204 3024 3268 τὰς
3051 3201 3273 3271 ἡμέρας
3307 3203 3412 3268 τὰς
3444 3202 3694 3270 πρώτας,

459 3295 732 3366 pristinos,
769 3312 934 3349 annos
971 3296 1060 3367 qui
1091 3315 1122 3350 a
1156 3299 1350 3351 sazculo
1375 3308 1496 3352 sunt
1525 3300 1580 3353 in
1611 3301 1916 3355 memoriam
1945 3319 2028 3357 re-

458 3388 734 3444 pocabam.
769 3387 872 3444 Sed
918 3389 1151 3458 psalmos
1193 3406 1334 3444 meos
1369 3400 1525 3445 noctu
1571 3409 1690 3446 cum
1719 3393 1874 3449 corde
1915 3412 2027 3450 meo

458 3479 784 3536 recitabam:
812 3490 862 3535 et
887 3482 964 3536 uir
997 3496 1227 3548 prasens
1259 3491 1372 3535 erat
1415 3484 1634 3553 spiritus
1683 3501 1848 3541 meus.
1885 3485 2023 3542 Cum

459 3573 536 3629 ita
574 3573 800 3644 pervigil
829 3574 1100 3644 degerem,
1130 3581 1186 3630 et
1221 3582 1406 3631 noctes
1440 3575 1717 3634 insomnes
1747 3579 2022 3646 ducerem,

458 3677 524 3717 ea
567 3663 802 3718 sollicite
846 3664 1128 3718 volveham
1178 3664 1382 3730 animo,
1413 3682 1534 3736 qua
1583 3669 1839 3738 superius
1882 3670 2028 3725 dicta

459 3758 590 3807 sunt
619 3771 632 3805 :
657 3751 824 3817 Quasi
862 3754 915 3805 in
952 3752 1086 3806 silva
1117 3754 1377 3824 lignorum
1417 3757 1682 3810 securibus
1723 3759 2027 3813 exciderunt

450 3841 653 3911 januas
674 3841 788 3910 ejus
819 3841 870 3894 in
901 3841 1146 3909 idipsum,
1173 3843 1228 3896 in
1257 3845 1427 3897 securi
1465 3854 1514 3898 et
1547 3846 1692 3900 ascia
1713 3848 2025 3916 diruperunt

459 3949 596 3988 eam.
635 3931 704 3986 In
737 3942 877 3986 terra
904 3932 1203 4000 polluerunt
1241 3934 1641 3990 tabernaculum
1671 3939 1898 3994 nominis
1925 3941 2025 3994 tui.

456 4025 716 4080 Dixerunt
773 4027 827 4080 in
871 4025 1026 4080 corde
1067 4042 1163 4080 suo
1210 4028 1544 4097 cognationes
1596 4046 1778 4084 eorum
1835 4033 2028 4086 simul:

459 4118 737 4185 Quiescere
787 4120 1047 4189 faciamus
1095 4119 1204 4174 dies
1248 4120 1408 4188 festos
1457 4121 1552 4176 Dei
1594 4140 1626 4176 a
1659 4132 1821 4178 terra.
1867 4123 2030 4195 Signa

454 4221 639 4266 nostra
665 4229 768 4265 non
801 4211 1046 4275 vidimus,
1067 4211 1184 4280 jam
1207 4229 1310 4266 non
1328 4213 1694 4282 estpropheta,
1716 4222 1766 4268 et
1798 4232 1891 4270 nos
1926 4232 2030 4269 non

2127 3297 2198 3349 τὰ
2217 3295 2322 3364 ἔτη
2342 3297 2414 3350 τὰ
2432 3295 2532 3349 ἀπ’
2548 3293 2761 3361 αἰῶνος
2789 3294 3337 3363 ἀνεμιμνησκόμην.
3355 3295 3528 3347 Ἀλλά
3549 3297 3697 3361 ψαλ-

2121 3389 2276 3457 μούς
2301 3405 2420 3456 μου
2453 3385 2673 3452 νυκτὸς
2708 3385 2856 3456 πρὸς
2904 3386 3017 3456 τὴν
3058 3385 3308 3454 καρδίαν
3340 3403 3458 3455 μου
3495 3383 3694 3438 διελά-

2127 3485 2318 3536 λουν·
2369 3478 2468 3533 καὶ
2517 3479 2669 3548 ἀνὴρ
2716 3478 2923 3535 συνὼν
2963 3477 3030 3531 τὸ
3078 3477 3314 3547 πνεῦμά
3343 3494 3472 3547 μου.
3507 3472 3692 3540 Οὕτως

2127 3573 2490 3646 ἐπαγρύπνως
2524 3572 2882 3644 διακείμενος,
2924 3571 3018 3625 καὶ
3056 3570 3154 3633 τάς
3184 3568 3385 3632 νύκτας
3411 3567 3695 3639 διαγρηγο-

2130 3664 2259 3737 ρῶν,
2297 3662 2607 3734 ἐφρόντιζον
2641 3661 2768 3733 περὶ
2801 3661 2908 3714 τῶν
2940 3659 3245 3730 ἔμπροσθεν
3273 3658 3341 3711 δι’
3367 3652 3441 3712 ὧν
3472 3657 3654 3728 εἴρητο
3675 3673 3692 3690 ⁸

2139 3758 2232 3822 Ὠς
2271 3756 2339 3809 ἐν
2381 3753 2580 3825 δρυμῷ
2613 3754 2817 3819 ξύλων
2847 3753 3082 3818 ἀξίναις
3108 3751 3343 3820 ἔκοψαν
3379 3750 3486 3817 τὰς
3521 3751 3702 3818 θύρας

2127 3847 2317 3915 αὐτῆς
2349 3846 2445 3900 ἐπὶ
2479 3847 2544 3899 τὸ
2574 3844 2741 3910 αὐτὸ,
2775 3844 2992 3898 πέλυκι
3038 3843 3137 3897 καὶ
3185 3842 3553 3911 λαξευτηρίῳ
3597 3856 3701 3893 κα-

2127 3938 2420 4007 τέρῤαξαν
2473 3937 2686 4003 αὑτήν.
2732 3939 2837 4002 Εὶς
2879 3935 2992 4002 τὴν
3037 3934 3154 4005 γῆν
3207 3934 3591 4000 ἐϐεϐήλωσαν
3635 3932 3701 3987 τὸ

2127 4029 2418 4099 σκήνωμα
2458 4028 2558 4083 τοῦ
2587 4027 2876 4096 ὀνόματός
2916 4039 3052 4080 σου.
3085 4021 3278 4080 Εἶπαν
3300 4025 3370 4078 ἐν
3389 4024 3464 4093 τῇ
3491 4024 3705 4094 καρδίᾳ

2126 4119 2326 4176 αὐτῶν
2356 4123 2414 4174 al
2447 4118 2788 4189 συγγένειαι
2834 4115 3032 4170 αὐτῶν
3057 4115 3155 4170 ἐπὶ
3201 4113 3269 4168 τὸ
3319 4115 3487 4168 αὑτό·
3515 4116 3706 4167 Κατα-

2129 4213 2452 4282 παύσωμεν
2479 4211 2583 4277 τὰς
2621 4209 2830 4278 ἑορτὰς
2861 4207 2966 4262 τοῦ
2997 4207 3144 4261 Θεοῦ
3177 4205 3294 4260 ἀπὸ
3324 4204 3436 4273 τῆς
3455 4204 3589 4275 γῆς.
3628 4205 3706 4258 Τὰ

454 4309 726 4372 cognoscet
764 4303 989 4369 amplius
1023 4303 1084 4354 ⁷⁸.
1125 4303 1184 4356 In
1213 4303 1298 4359 his
1322 4303 1484 4373 igitur
1525 4303 1864 4369 dubitabam,
1897 4320 2025 4358 num

2128 4300 2345 4371 σημεῖα
2386 4299 2556 4370 ’ἡμῶν
2593 4301 2704 4354 οὐκ
2729 4298 2986 4367 εἴδομεν,
3014 4299 3123 4351 οὐκ
3157 4296 3326 4351 ἔστιν
3354 4295 3443 4349 ἔτι.
3474 4293 3704 4364 προφή-

453 4391 598 4446 mala
629 4390 940 4460 hujusmodi
983 4392 1260 4462 perpessis
1290 4395 1590 4449 remedium
1639 4394 1883 4449 futurum
1932 4397 2025 4451 sit.

2130 4411 2258 4460 της,
2289 4392 2386 4445 καὶ
2435 4389 2590 4460 ἡμᾶς
2625 4393 2696 4445 οὐ
2739 4389 3024 4460 γνώσεται
3068 4389 3313 4444 ἐτι.Ἐπὶ
3356 4387 3568 4450 τούτοις
3609 4383 3709 4441 οὖν

454 4478 871 4550 Verisimileque
891 4488 975 4536 est
1004 4481 1260 4547 ldithum,
1296 4498 1419 4538 cum
1447 4483 1653 4554 Asaphi
1686 4485 2020 4555 prophetiam

2129 4482 2441 4554 διηπόρουν,
2458 4483 2505 4534 εἰ
2534 4479 2795 4551 θεραπεία
2821 4479 2972 4534 ἔσται
2999 4481 3111 4543 τοῖς
3135 4478 3309 4533 ταῦτα
3329 4476 3722 4532 πεπονθόσιῖτάο

453 4571 720 4634 audisset,
751 4577 804 4624 et
824 4570 952 4624 talia
982 4586 1166 4626 secum
1199 4581 1496 4645 reputaret,
1521 4575 1840 4644 prophetam
1864 4579 2022 4648 quasi

2129 4575 2294 4630 κακά.
2319 4574 2432 4628 Καὶ
2461 4573 2608 4636 εἰκός
2627 4589 2691 4642 γε
2719 4568 2788 4643 ἦν
2816 4571 2909 4626 τὸν
2935 4570 3168 4642 ’Ῑδιθοὺμ
3197 4570 3577 4624 ἐπακούσαντα
3602 4570 3718 4641 τῆς»

452 4667 775 4736 magistrum
839 4666 1242 4738 interrogasse.
1308 4685 1373 4725 ac
1422 4669 1810 4741 interrogantis
1873 4689 2025 4730 more

2127 4667 2222 4721 τοῦ
2263 4666 2433 4734 Ἀσάφ
2461 4664 2815 4736 προφητείας,
2842 4665 2934 4719 καὶ
2959 4662 3132 4718 ταῦτα
3172 4661 3307 4734 πρὸς
3338 4661 3527 4715 ἐαυτὸν
3559 4661 3704 4731 λογι-

451 4758 596 4812 hanc
646 4759 883 4814 movisse
937 4759 1289 4828 quastionem
1331 4761 1514 4826 :Quid
1556 4761 1759 4834 igitur,
1817 4780 1849 4820 o
1897 4781 2025 4838 pro.

2129 4759 2382 4828 σάμενον,
2419 4755 2766 4826 ἐπαπορῆσαι
2804 4755 2942 4827 πρὸς
2991 4753 3083 4808 τὸν
3137 4753 3418 4826 προφήτην
3449 4752 3525 4816 ὡς
3566 4752 3703 4825 πρὸς

452 4849 657 4922 pheta?
693 4863 816 4902 cum
855 4848 966 4903 hac
1002 4850 1317 4919 prophetica
1351 4851 1578 4917 dixeris,
1621 4854 1866 4913 ediscere
1895 4873 2024 4912 nos-

2125 4848 2460 4912 διδάσκαλον,
2512 4847 2776 4918 ἐρώτησιν
2835 4865 2896 4900 τε
2952 4843 3102 4916 αύτῷ
3168 4846 3555 4916 προσαγαγεῖν,
3608 4843 3702 4896 καὶ

453 4956 621 5010 seque
650 4941 808 4995 velim
837 4959 850 4994 :
885 4971 957 4982 ——
988 4941 1156 4996 Vsus.
1190 4943 1340 4998 8-i0.
1376 4943 1630 5016 Nunquid
1664 4948 1721 5002 in
1767 4959 2022 5004 aternum

2126 4941 2314 5011 ῶσπερ
2357 4941 2478 4992 τινὰ
2513 4939 2859 5011 προτείνοντα
2892 4937 3153 5008 πρότασιν
3195 4935 3384 5005 φάναι’
3418 4934 3483 4986 Τί
3515 4929 3627 5000 οὗν,
3657 4927 3701 4985 ὦ

449 5033 691 5104 projiciet
735 5033 1014 5098 Dominus,
1035 5045 1084 5089 et
1113 5052 1218 5089 non
1250 5046 1470 5104 apponet
1497 5047 1554 5091 ut
1574 5040 1898 5110 complaceat
1920 5040 2020 5094 adv

2129 5033 2412 5105 προφῆτα;
2435 5034 2618 5105 ἐπειδὴ
2635 5034 2808 5088 ταῦτα
2831 5032 3262 5104 προεφήτευσας,
3286 5028 3546 5100 βούλομαι
3572 5028 3704 5098 γνῶ-

450 5127 591 5182 huc?
618 5135 710 5180 aut
740 5127 794 5180 in
825 5127 982 5196 ﬁnem
1025 5127 1443 5183 misericordiam
1489 5147 1643 5184 suam
1681 5132 1955 5186 abscindet
1987 5147 2020 5184 a

2129 5143 2215 5179 ναι
2245 5125 2337 5179 καὶ⁸
2367 5125 2579 5196 μαθεῖν,
2611 5125 2707 5193 Μὴ
2736 5127 2823 5191 εἰς
2848 5123 2989 5188 τοὺς
3015 5120 3232 5186 αἰῶνας
3267 5119 3566 5174 ἀπώσεται
3588 5121 3706 5174 Κύ-

451 5218 784 5286 generatione
828 5218 884 5270 in
912 5217 1338 5286 generationem?
1376 5228 1468 5273 aut
1498 5219 1831 5274 obliuiscetur
1864 5219 2022 5273 mise-

2125 5236 2272 5286 ριος,
2301 5217 2401 5272 καὶ
2431 5219 2502 5272 οὐ
2524 5215 2857 5286 προσθήσει
2888 5214 2994 5268 τοῦ
3027 5211 3354 5280 εὑδοκῆσαι
3386 5213 3508 5310 ἔξω
3531 5211 3580 5310 ¹ἦ
3617 5213 3728 5310 εΙςι

451 5308 558 5361 reri
587 5307 746 5373 Deus,
797 5316 889 5362 aut
918 5307 1197 5360 continebit
1224 5309 1280 5362 in
1308 5310 1391 5362 ira
1425 5310 1816 5365 misericonlias
1850 5312 2020 5366 suas?

2125 5309 2300 5375 τέλος
2321 5310 2384 5364 τὸ
2411 5309 2582 5375 ἕλεος
2601 5307 2788 5362 αὑτοῦ
2807 5306 3100 5372 ἀποκόψει
3123 5306 3240 5359 ἀπὸ
3262 5302 3469 5374 γενεᾶς
3493 5304 3583 5366 εὶς
3607 5319 3702 5370 τε-

453 5397 533 5454 Ad
563 5399 700 5455 tales
732 5398 1132 5469 propositiones
1169 5399 1350 5472 Asaph
1380 5402 1684 5456 doctrinam
1739 5416 1892 5456 suam
1929 5418 2025 5472 pa-

2125 5400 2305 5462 νεὰν;
2347 5401 2384 5468 ἢ
2428 5400 2782 5468 ἐπιλήσεται
2823 5397 2930 5453 τοῦ
2974 5394 3338 5465 είκτειρῆσαι
3384 5396 3417 5446 δ
3465 5394 3628 5458 Θεὸς,
3661 5392 3700 5458 ἢ

454 5494 614 5553 ravit,
645 5496 913 5559 psalmum
942 5504 1037 5558 pro
1059 5489 1176 5560 ipso
1199 5491 1434 5546 ldithum
1463 5492 1839 5556 conscribens,
1867 5509 2023 5548 eum-

457 5594 563 5648 que
595 5579 662 5633 ad
709 5579 837 5633 talia
866 5579 1094 5635 dicenda
1127 5581 1459 5638 instituens:
1497 5582 1629 5637 Voce
1667 5599 1780 5638 mea
1811 5584 1880 5639 ad
1916 5585 2021 5640 Do-

2123 5493 2368 5558 συνέξει
2399 5494 2468 5546 ἐν
2507 5492 2581 5559 τῇ
2618 5491 2765 5560 ὀργῇ
2802 5489 2945 5555 τοὺς
2971 5487 3310 5556 οὶκτιρμοὺς
3341 5483 3558 5547 αὐτοῦ;
3591 5483 3704 5536 Καὶ

2121 5585 2186 5656 δὴ
2241 5585 2376 5656 πρὸς
2417 5583 2620 5647 ταύτας
2665 5581 2771 5646 τὰς
2814 5581 3104 5653 προτάσεις
3146 5579 3246 5650 τὴν
3295 5574 3641 5630 διδασκαλίαν
3673 5575 3704 5626 ὁ

533 5733 554 5749 ’
616 5731 760 5788 Psul.
797 5749 1004 5799 mult,
1040 5737 1088 5789 1.
1165 5737 1207 5768 ⁷⁸
1250 5735 1407 5803 ibid.,
1440 5735 1557 5790 5-9.
