4066 6436
425 369 557 466 ’895
1568 411 2068 470 connnnmnm
2107 413 2176 470 IN
2212 411 2552 470 PSALMOS.
3573 405 3680 462 sat

460 523 634 596 ’Δσὰφ
684 515 934 594 ἐποιεῖτο,
980 527 1119 600 ὐπέρ
1167 527 1332 584 αὐτοῦ
1377 528 1470 583 τοῦ
1516 530 1746 603 ἰδιθοὺμ
1790 533 1999 605 γράφωη

2117 534 2315 588 minum
2337 533 2585 599 clamavi,
2614 548 2736 586 voce
2761 549 2874 587 mea
2895 533 2962 587 ad
2985 533 3173 597 Deum,
3201 541 3250 587 et
3276 527 3497 586 intendit
3518 527 3675 594 mihi,

449 617 540 671 τὸν
569 618 798 690 ψαλμὸν,
832 620 1093 674 διδάσκων
1129 639 1189 675 τε
1224 622 1383 677 αὐτὸν
1429 623 1642 692 λέγειν·
1691 625 1862 694 Φωνῇ
1894 645 1999 696 μοι

2116 633 2416 696 auctorque
2448 625 2524 679 illi
2558 633 2661 689 est,
2700 635 2756 678 ut
2790 640 2860 679 ne
2893 626 2985 681 Dei
3014 625 3243 681 consilia
3274 622 3549 677 curiosius
3581 635 3678 675 ex-

448 708 598 776 πρὸς
645 709 752 762 τὸν
797 712 1010 779 Κύριον
1031 713 1339 782 ἐκέκραξα,
1369 714 1537 784 φωνῇ
1575 733 1694 783 μου
1735 717 1882 784 πρὸς
1911 718 1999 770 τὸν

2115 719 2308 789 ploret,
2365 718 2459 774 sed
2486 717 2824 772 orationibus
2852 726 3025 781 vacet,
3065 719 3242 787 iisque
3270 716 3402 771 solis
3433 711 3681 767 intendat

450 797 617 862 Θεὸν,
644 799 740 852 καί
767 803 1070 872 προσέσχε
1085 821 1187 872 μοι
1203 821 1216 834 ο
1249 804 1516 858 παιδεύων
1535 805 1608 876 μὴ
1630 804 1999 876 πολυπραγμο

2116 807 2377 873 animum,
2415 805 2601 878 pietati
2643 807 2878 860 deditum
2934 814 2987 861 et
3019 806 3221 876 judicia
3261 805 3352 859 Dei
3402 803 3680 859 celebran-

447 892 553 942 νεῖν
580 890 680 952 τὰς
711 893 802 945 τοῦ
837 893 972 946 Θεοῦ
1001 894 1195 964 βουλάς
1215 912 1228 925 °
1277 897 1462 967 εὐχαῖς
1492 897 1548 950 δὲ
1583 896 1878 966 σχολάζειν,
1923 898 1999 950 καί

2116 905 2246 953 tem.
2295 896 2430 951 Nam
2474 897 3017 964 incomprehensibilia
3056 905 3177 951 sunt
3206 895 3412 965 judicia
3443 893 3577 961 ejus,
3625 899 3677 946 et

444 979 666 1045 ταύταις
709 985 894 1052 μόναις
941 987 1223 1058 προσέχειν
1273 989 1363 1041 τὸν
1413 989 1535 1042 νοῦν
1562 987 1883 1042 εὐσεϐοῦντα
1922 989 2017 1042 καὶ

2116 990 2500 1060 inuestigabiles
2529 992 2625 1044 vim
2647 991 2759 1060 ejus
2780 991 2845 1042 3°.

441 1072 790 1142 εὐφημοῦντα
834 1075 928 1127 τοῦ
979 1075 1113 1129 Θεοῦ
1165 1077 1265 1140 τὰς
1310 1077 1536 1148 κρίσεις.
1569 1077 2016 1147 Ἁνεξερεύνητα
2047 1075 2152 1148 γὰρ
2181 1079 2253 1132 τὰ
2276 1080 2526 1148 κρίματα
2552 1080 2756 1143 αὐτοῦ,
2820 1078 2916 1132 καὶ
2947 1079 3384 1148 ἀνεξιχνίαστοι
3435 1079 3496 1130 al
3549 1073 3678 1130 ὁδοὶ

438 1183 646 1221 αυτου.

511 1261 621 1315 Καὶ
675 1258 832 1328 εἶπα,
877 1263 1004 1319 Νῦν
1053 1265 1363 1335 ἠρξάμην’
1402 1267 1552 1335 αὕτη
1593 1267 1631 1334 ἠ
1685 1268 2006 1332 ἀλλοίωσις

443 1349 554 1419 τῆς
584 1351 783 1418 δεξιᾶς
816 1355 922 1408 τοῦ
953 1356 1253 1424 Ὑψίστου.
1272 1359 1415 1412 Ἀντὶ
1445 1361 1633 1414 τούτου
1669 1361 1697 1412 ὁ
1733 1360 1830 1430 μὲν
1860 1360 2010 1412 Ἀκύ-

441 1441 559 1507 λας,
606 1445 716 1501 Καὶ
765 1442 921 1510 εἶπα,
969 1449 1455 1520 φησὶν,ἀῤῥωστία
1499 1470 1652 1522 μου·
1697 1452 1848 1519 αὕτη
1896 1452 2007 1505 ἀλ-

440 1535 686 1602 λοίωσις
711 1537 909 1603 δεξιᾶς
951 1539 1229 1608 Ὑψίστου
1248 1559 1262 1572 ⁸
1291 1545 1320 1595 ὁ
1351 1543 1406 1596 δέ
1439 1543 1749 1615 Σύμμαχος,
1790 1542 2008 1612 Τρῶσίς

435 1644 556 1696 μου
587 1628 756 1682 ἐστίν
787 1630 1236 1701 ἐπιδευτέρωσις
1268 1633 1468 1700 δεξιᾶς
1490 1636 1596 1689 τοῦ
1639 1636 1914 1704 Ὑψίστου
1933 1638 2001 1707 ’ἡ

439 1713 496 1769 δὲ
546 1716 769 1788 πέμπτη
821 1717 1048 1783 ἕκδοσις,
1089 1721 1199 1775 Καὶ
1242 1718 1398 1786 εἶπα,
1435 1725 1615 1793 φησὶν,
1649 1723 1854 1788 ὼὸἷνές
1886 1743 2004 1793 μου

435 1803 596 1858 εἰσὶν
649 1807 974 1873 ἀλλοίωσις
1015 1809 1216 1876 δεξιᾶς
1246 1812 1353 1866 τοῦ
1387 1813 1685 1882 Ὑψίστου.
1715 1814 1858 1884 Πρὸς
1894 1818 2005 1878 τοῖς

2181 1262 2352 1318 Vens.
2385 1263 2474 1316 11.
2519 1262 2588 1315 Et
2609 1261 2742 1326 dixi,
2780 1261 2936 1315 Nunc
2968 1261 3117 1330 capi,
3153 1260 3263 1315 haec
3289 1258 3513 1313 mutatio
3547 1254 3677 1310 dea:-

2109 1365 2234 1408 terw
2259 1353 2545 1408 Altissimi.
2579 1352 2686 1406 Pro
2716 1353 2808 1407 illo
2838 1362 3018 1407 autem
3053 1353 3132 1407 sic
3165 1351 3359 1421 Aquila
3404 1350 3557 1413 dicit,
3603 1345 3675 1401 Et

2104 1446 2240 1509 dixi,
2302 1447 2592 1514 inﬁrmitas
2641 1463 2754 1499 mea
2780 1461 2798 1498 :
2827 1445 2936 1499 hwc
2982 1445 3205 1498 mutatio
3239 1443 3465 1497 dextera:
3499 1440 3673 1494 Altis-

2107 1538 2266 1601 simi;
2299 1537 2658 1606 Symmachus
2702 1551 2850 1599 vero,
2887 1535 3088 1590 Vulnus
3133 1546 3303 1588 meum
3337 1541 3414 1587 est
3461 1530 3674 1587 iteratio

2107 1627 2333 1682 dexterae
2385 1628 2682 1692 Altissimi;
2723 1629 2913 1698 quinta
2952 1634 3131 1682 autem
3183 1625 3391 1682 editio:
3423 1623 3491 1677 Et
3533 1622 3670 1686 disi,

2108 1715 2306 1785 inquit,
2338 1715 2543 1769 dolores
2586 1715 2687 1768 mei
2715 1724 2836 1769 sunt
2866 1717 3089 1769 mutatio
3122 1714 3351 1769 dexterae
3385 1712 3671 1767 Altissimi.

2108 1807 2186 1861 Ad
2219 1807 2497 1876 proposita
2529 1807 2641 1876 jam
2671 1807 2856 1872 dubia,
2887 1809 3002 1863 haec
3046 1809 3196 1870 item,
3231 1807 3430 1876 inquit,
3459 1818 3672 1859 mecum

435 1896 912 1978 προηπρημένοις
937 1901 1029 1952 καὶ
1059 1901 1248 1967 ταῦτα,
1283 1903 1435 1975 φησὶ,
1461 1905 1596 1975 πρὸς
1625 1905 1860 1974 ἐμαυτὸν
1923 1907 1999 1958 ἐν·

2107 1899 2447 1969 reputabam,
2478 1899 2836 1970 cogitationes
2864 1901 3073 1955 scilicet
3100 1901 3222 1956 illas
3251 1900 3406 1970 queis
3429 1899 3543 1968 jam
3571 1897 3674 1952 du-

448 1984 656 2050 ενόουν,
689 1986 770 2040 ὅτι
810 1988 860 2040 οἱ
897 1988 1126 2042 τοιοῦτοι
1165 1991 1437 2061 λογισμοὶ,
1476 1993 1546 2047 δι’
1582 1987 1657 2048 ὧν
1672 1995 1875 2066 ἀρτίως
1908 1996 2006 2048 ἐπ-

435 2076 699 2147 ηπόρουν,
731 2080 1010 2151 ἀρρωστία
1051 2100 1151 2152 μου
1177 2085 1334 2149 εἰσὶν,
1365 2085 1397 2156 ἢ
1427 2085 1611 2150 ὠδῖνες
1638 2088 1791 2152 εἰσὶν,
1817 2087 2004 2159 ἢτρώ-

433 2181 550 2230 σεις
585 2168 684 2238 μού
723 2172 983 2237 εἰσιν.Ἐξ
1011 2173 1292 2239 ἀσθενείας
1320 2175 1428 2248 γὰρ
1456 2177 1633 2249 ψυχῆς
1664 2179 1790 2242 τοὺς
1827 2179 2004 2241 τοιούέ

433 2271 565 2320 τους
593 2261 912 2331 προήκαμεν
938 2263 1146 2331 λόγους,
1168 2265 1264 2319 καὶ
1292 2267 1398 2321 άπὸ
1422 2268 1672 2341 τρώσεως
1693 2269 1895 2342 ψυχῆςο
1923 2290 2004 2326 τε-

427 2349 711 2418 τρωμένος
744 2352 850 2424 γὰρ
877 2356 971 2408 καὶ
997 2355 1274 2424 συναλγῶν
1299 2358 1376 2422 ὡς
1408 2361 1546 2433 ὑπὲρ
1582 2363 1775 2416 ἑαυτοῦ
1801 2365 1996 2435 μελῶν·

425 2439 567 2492 ἀλλὰ
595 2443 688 2494 καὶ
707 2441 910 2497 ὠδίνων
928 2446 1003 2509 ὡς
1028 2448 1167 2519 ὑπὲρ
1195 2449 1515 2522 σπλάγχνων
1539 2454 1753 2507 οἰκείων
1779 2455 2000 2510 τοιαῦτα

427 2529 795 2604 ἐφθεγξάμην.
824 2535 1008 2590 Ταῦτα
1043 2538 1392 2605 δὲπέπονθα,
1427 2543 1721 2615 ἐπειδήπερ
1752 2541 1890 2598 εἶδον
1907 2547 2000 2600 άλ⁴

426 2620 644 2676 λοίωσιν
694 2627 988 2698 γενομένην
1037 2630 1137 2700 τῆς
1184 2632 1364 2698 δεξιᾶς
1391 2631 1485 2686 τοῦ
1527 2634 1798 2703 Ὑψίστου.
1825 2635 1997 2690 Πάλαι

433 2712 536 2782 μὲν
576 2713 685 2786 γάρ
725 2715 861 2787 αὕτη
896 2720 1282 2790 κατειργάζετο
1315 2725 1486 2778 πολλά
1531 2742 1590 2777 τε
1623 2725 1873 2797 θαύματα
1904 2728 1997 2782 καὶ

428 2803 763 2874 παραδόξους
789 2809 1115 2880 ,εὐεργεσίας
1138 2813 1216 2882 τῷ
1245 2813 1358 2884 λαῷ
1385 2816 1698 2886 παρέχουσα
1717 2834 1730 2848 ·
1781 2819 1895 2871 νυνὶ⁹
1938 2819 1996 2872 δὲ

431 2891 717 2958 ἀλλοίωσις
743 2898 1029 2969 γεγένηται
1051 2902 1150 2972 τῆς
1176 2902 1354 2967 δεξιᾶς
1375 2905 1467 2958 τοῦ
1494 2906 1763 2975 Ὑψίστου.
1793 2909 1883 2962 Διὸ
1903 2911 1996 2964 καί¹

431 2983 620 3050 ὠδῖνές
660 3005 728 3057 με
763 2989 1023 3062 κατέσχον
1043 3010 1056 3022 ο
1089 2993 1332 3063 ὁμολογῶ
1360 2996 1660 3066 τετρῶσθαι
1694 2999 1794 3070 τὴν
1818 2999 1994 3073 ψυχὴν

425 3074 710 3149 ἀρρωστίᾳ
758 3082 850 3134 καὶ
898 3082 1150 3156 ἀσθενείᾳ
1179 3086 1448 3153 γνώσεως.
1481 3089 1591 3161 Τὴν
1621 3090 1678 3143 δὲ
1711 3091 1992 3146 ἀλλοίωσιν

423 3167 528 3237 τῆς
567 3167 745 3235 δεξιᾶς
791 3171 883 3225 τοῦ
923 3174 1056 3226 Θεοῦ
1087 3176 1293 3247 ἐώρων,
1319 3180 1862 3253 ἀναμιμνησκόμενος
1885 3184 1992 3239 τῶν

423 3259 672 3315 παλαιῶν
711 3263 887 3334 ἔργων
913 3267 1111 3322 ἀύτοῦ.
1142 3269 1232 3321 Διό
1267 3286 1456 3341 φησιν·
1507 3252 1852 3344 Ἐμνήσθην
1880 3275 1998 3330 τῶν
2023 3252 2065 3308 C

419 3350 843 3423 ἔργων-,Κυρίου
865 3357 981 3412 ἀπὸ
1004 3358 1114 3427 τῆς
1132 3360 1324 3430 ἀρχῆς
1343 3363 1461 3418 τῶν
1481 3368 1828 3435 θαυμασίων
1857 3384 1990 3425 σου.

419 3442 533 3495 Καὶ
580 3446 887 3514 μελετήσω
935 3450 1006 3502 ἐν
1044 3450 1194 3506 πᾶσι
1218 3453 1342 3520 τοῖς
1373 3455 1568 3526 ἔργοις
1593 3474 1710 3513 σου
1731 3499 1747 3525 ,
1795 3461 1893 3514 καὶ
1927 3463 1997 3516 ἐν

418 3532 548 3597 τοῖς
593 3534 1022 3607 ἐπιτηδεύμασί
1066 3555 1182 3596 σου
1228 3543 1642 3615 ἁδολεσχήσω.
1662 3548 1800 3604 ’Ᾱνθ’
1841 3544 1915 3604 ὧν
1965 3553 1995 3605 ὁ

420 3623 722 3694 Σύμμαχος
767 3627 957 3683 τοῦτον
1005 3633 1316 3702 ἡρμήνευσε
1361 3635 1452 3689 τὸν
1496 3639 1727 3709 τρόπον·
1784 3641 1996 3711 Ἀνεμι-

412 3717 785 3785 μνησκόμην
822 3718 928 3783 τὰς
966 3725 1268 3790 περινοίας
1295 3728 1536 3794 Κυρίου,
1571 3729 1892 3784 ἀναπολῶν
1920 3733 1994 3786 τὰ

417 3804 639 3874 ἀρχαῖα
664 3807 946 3876 τεράστιά
987 3827 1104 3866 σου
1142 3814 1240 3868 καὶ
1282 3815 1634 3885 διεμελέτων
1661 3819 1863 3886 πάσας
1887 3823 1993 3890 τὰς

417 3896 667 3968 πράξεις
690 3917 828 3966 σου,
858 3903 1055 3972 καὶ,ξτὰ
1071 3909 1469 3977 μηχανήματά
1494 3925 1611 3965 σου
1640 3911 1987 3983 διηγούμην,

415 3988 591 4042 ταῦτα
620 3991 904 4063 ἀναφέρων
943 3997 1007 4064 τῇ
1059 3997 1162 4067 μνή
1173 3999 1507 4069 μῃ.¹Έπειτα
1535 4000 1631 4055 νῦν
1657 4004 1890 4069 ἀκούων,
1914 4005 1990 4070 ὡς

413 4081 505 4145 εἰς
537 4079 711 4146 τέλος
740 4081 980 4150 ἀπώσω,
1011 4085 1107 4138 καὶ
1135 4086 1392 4157 ὠργίσθη
1439 4092 1473 4144 ὁ
1517 4091 1704 4160 θυμός
1743 4107 1861 4147 σου
1891 4094 1990 4147 ἐπὶ

415 4173 682 4241 πρόϐατα
710 4174 900 4245 νομῆς
926 4192 1064 4244 σου,
1101 4181 1323 4244 εἰκότως
1348 4182 1621 4255 ἐνενόησα,
1655 4187 1735 4238 ὅτι
1763 4186 1988 4240 ἀλλοίω-

416 4264 504 4326 σίς
553 4265 666 4318 ἐστι
709 4266 808 4336 τῆς
854 4267 1033 4334 δεξιᾶς
1080 4270 1174 4324 τοῦ
1212 4271 1484 4341 Ὑψίστου.
1525 4276 1842 4347 Μεταϐολῆς
1879 4278 1988 4351 γὰρ

413 4352 588 4406 ταῦτα
642 4359 842 4425 σημεῖα
892 4359 985 4412 καὶ
1037 4358 1370 4426 ἀλλοιώσεως
1394 4363 1494 4435 τῆς
1530 4364 1696 4419 πάλαι
1725 4365 1817 4419 τοῦ
1853 4367 1986 4421 Θεοῦ

414 4445 546 4516 περὶ
569 4446 659 4498 τὸν
694 4447 819 4501 λαὸν
855 4451 1197 4522 κηδεμονίας.

496 4537 550 4588 Ὀ
582 4537 744 4603 Θεὸς,
778 4539 848 4592 ἐν
876 4540 954 4605 τῷ
982 4543 1127 4613 ἁγίῳ
1151 4546 1190 4614 ἡ
1219 4545 1356 4611 ὁδὸς
1375 4547 1562 4602 αὐτοῦ
1585 4563 1603 4582 ⁶
1628 4548 1719 4616 τίς
1733 4549 1868 4616 θεὸς
1888 4550 1987 4619 μέ-

411 4644 524 4696 γας
544 4627 625 4694 ὠς
648 4631 681 4680 d
713 4628 858 4695 Θεὸς
883 4629 1087 4698 ἡμῶν;
1111 4634 1195 4688 Σὺ
1220 4631 1277 4689 εἷ
1298 4639 1331 4689 ό
1361 4637 1504 4703 Θεὸς
1532 4640 1566 4691 ὁ
1612 4637 1798 4692 ποιῶν
1845 4643 1986 4694 θαυ-

290 4737 302 4749 ο
409 4718 622 4788 μάσια.
649 4718 760 4790 Τὴν
789 4719 1071 4776 ἀλλοίωσιν
1106 4725 1205 4794 τῆς
1247 4725 1426 4791 δεξιᾶς
1450 4727 1543 4782 τοῦ
1581 4728 1832 4800 Ὑψίστου
1864 4748 1989 4786 συν-

417 4804 542 4858 ιδὼν
570 4809 730 4860 ὁποῖα
759 4808 1053 4880 εἰργάσατο
1073 4822 1087 4835 ⁶
1121 4811 1241 4865 ἀντὶ
1274 4814 1382 4886 γὰρ
1413 4816 1531 4880 ἐνὸς
1562 4816 1744 4882 ἔθνους
1771 4820 1988 4874 πάντων

415 4897 524 4952 τῶν
552 4898 718 4952 ἐθνῶν
757 4900 1074 4972 εὐεργετικὴ
1114 4905 1350 4975 κατέστη
1374 4924 1390 4939 ο
1425 4909 1605 4962 οὐκέτι
1631 4909 1739 4981 γὰρ
1762 4911 1842 4964 ἐνὶ
1873 4910 1987 4980 λαῷ

413 4986 514 5057 τὴν
541 4985 769 5059 δύναμιν
791 4990 977 5056 αὐτοῦ,
1003 4991 1138 5044 ἀλλὰ
1161 4993 1255 5046 καὶ
1285 4996 1417 5048 πᾶσι
1437 5000 1548 5060 τοῖς
1567 4997 1742 5052 ἔθνεσι
1769 5001 1860 5052 καὶ
1881 5003 1986 5055 πᾶ-

416 5093 470 5129 σι
506 5079 616 5140 τοῖς
645 5077 792 5143 λαοῖς
838 5080 1129 5152 ἐγνώρισεο
1181 5083 1370 5154 διόπερ
1407 5087 1840 5160 ἐκπληττόμενος
1888 5091 1983 5144 καὶ

411 5167 1027 5243 ἀποθαυμάζων,φημί⁶
1063 5177 1096 5228 ό
1143 5175 1302 5241 Θεὸς,
1335 5177 1404 5230 ἐν
1449 5177 1528 5243 τῷ
1571 5180 1716 5248 ἁγίῳ
1756 5181 1795 5248 ἠ
1843 5181 1981 5247 ὁδός

413 5275 527 5313 σου
553 5278 566 5291 ·
593 5261 847 5315 ἐπέκεινα
873 5264 980 5335 γάρ
1017 5266 1132 5320 ἐστι
1165 5267 1265 5338 τῆς
1291 5267 1488 5340 θνητῆς
1519 5270 1783 5343 φύσεωςή
1814 5276 1980 5329 κατά-

411 5349 570 5420 ληψις
602 5352 702 5423 τῆς
739 5354 858 5407 ὁδοῦ
902 5371 1023 5409 σου’
1054 5357 1182 5412 ὥστ’
1216 5361 1283 5416 ἂν
1311 5362 1545 5430 εὐλόγως
1577 5363 1742 5432 φάναι
1788 5365 1876 5420 τό·
1913 5369 1974 5422 Ὢ

405 5440 595 5528 ,βάθος
626 5448 890 5502 πλούτου
918 5450 1017 5503 καὶ
1045 5453 1264 5520 σοφίας
1285 5455 1383 5508 καί
1407 5455 1681 5524 γνώσεως
1709 5460 1877 5525 Θεοῦ,
1895 5461 1975 5528 ὡς

412 5527 843 5601 ἀνεξερεύνητα
870 5537 942 5591 τὰ
972 5539 1224 5609 κρίματα
1262 5544 1470 5609 αὐτοῦ,
1505 5547 1601 5599 καί
1634 5527 1975 5618 ἁνεξιχνίαζ

409 5630 542 5677 στοι
572 5627 633 5680 αἱ
667 5625 793 5682 όδοί
834 5629 1039 5685 αὐτοῦ.
1075 5633 1266 5688 οὐκέτ’
1291 5629 1382 5690 οὖν
1412 5638 1675 5712 προσήκει
1699 5640 1976 5712 πολυπρα-

2109 1989 2238 2044 hius
2273 1989 2442 2044 animi
2490 2004 2662 2054 eram,
2703 1998 2796 2044 aut
2847 1989 3235 2055 inﬁrmitatem,
3282 1995 3377 2042 aut
3429 1988 3670 2054 dolores,

2109 2089 2203 2135 aut
2239 2083 2463 2137 vulnera
2509 2097 2629 2138 mea
2669 2097 2806 2138 esse.
2841 2081 2977 2136 Nam
3024 2097 3090 2137 ex
3135 2082 3330 2135 animae.
3358 2080 3672 2134 inﬁrmitate

2109 2172 2246 2227 tales
2269 2188 2550 2229 sermones
2581 2174 2803 2243 protuli,
2835 2188 3047 2229 necnon
3079 2188 3146 2227 ex
3173 2172 3394 2228 vulnere
3431 2170 3626 2225 animae
3651 2186 3666 2224 :

2106 2267 2426 2322 vulneratus
2455 2281 2646 2335 nempe
2676 2273 2730 2320 et
2759 2265 2946 2320 dolore
2975 2264 3200 2320 allectus
3229 2279 3349 2319 sum
3381 2261 3539 2333 quasi
3566 2275 3669 2331 pro

2105 2357 2366 2412 membris
2410 2357 2576 2423 meis;
2617 2372 2807 2411 verum
2855 2357 3017 2412 etiam
3069 2355 3228 2426 quasi
3261 2353 3448 2408 dolore
3481 2360 3669 2422 partu-

2104 2448 2254 2504 riens
2293 2463 2392 2519 pro
2432 2448 2732 2506 visceribus
2784 2449 2940 2504 meis'
2969 2448 3096 2501 talia
3143 2446 3336 2502 effatus
3367 2459 3507 2500 sum.
3541 2442 3669 2497 Hasc

2103 2554 2266 2609 porro
2295 2554 2415 2594 sum
2447 2555 2762 2609 perpessus,
2789 2539 2916 2608 quia
2941 2539 3051 2594 vidi
3079 2538 3278 2592 factam
3309 2537 3543 2592 dextera:
3572 2532 3668 2587 Al-

2104 2629 2302 2685 tissimi
2331 2632 2709 2687 mutationem.
2750 2630 2891 2686 Olim
2915 2631 3115 2700 quippe
3169 2629 3388 2684 dextera
3430 2627 3521 2682 illa
3565 2626 3669 2681 mi-

2102 2719 2295 2774 rabilia
2324 2723 2494 2774 multa
2522 2721 2871 2792 operabatur,
2908 2718 3170 2774 beneﬁcia
3201 2716 3538 2772 incredibilia
3567 2729 3669 2785 po-

2101 2811 2229 2882 pulo
2255 2813 2577 2880 conferens;
2607 2827 2753 2867 nunc
2783 2826 2911 2866 vero
2933 2810 3169 2865 dextera:
3193 2807 3408 2863 Excelsi
3435 2806 3666 2862 mutatio

2099 2900 2243 2956 facta
2285 2909 2388 2959 est.
2437 2902 2798 2968 Quamobrem
2829 2902 3046 2956 dolores
3087 2916 3172 2954 me
3203 2898 3538 2961 detinebant,
3589 2895 3668 2950 fa-

2098 2998 2322 3063 teorque
2343 3009 2429 3048 me
2449 2995 2632 3048 animo
2661 2994 3002 3049 vulneratum
3023 3008 3086 3048 ex
3121 2990 3312 3045 morbo
3343 2998 3397 3044 et
3433 2987 3666 3043 inﬁrmi-

2099 3091 2210 3140 tate
2275 3085 2626 3156 cognitionis.
2678 3084 3034 3140 Mutationem
3090 3099 3218 3138 vero
3275 3083 3512 3136 dextera:
3567 3079 3662 3134 Dei

2097 3177 2522 3246 conspiciebam,
2573 3175 2894 3232 recordatus
2945 3175 3162 3228 illorum
3210 3174 3487 3244 quondam
3535 3186 3666 3242 ope-

2097 3283 2217 3322 rum
2247 3269 2388 3338 ejus.
2420 3268 2762 3339 Quapropter
2784 3267 2860 3321 ait
2885 3286 2898 3321 :
2935 3295 2999 3306 ——
3025 3265 3190 3320 Vens.
3224 3263 3312 3327 12,
3347 3264 3431 3317 15.
3461 3261 3664 3315 Memor

2096 3361 2176 3430 fui
2201 3375 2413 3429 operum
2442 3360 2678 3422 Domini,
2703 3359 2768 3413 ab
2801 3360 2950 3413 initio
2977 3358 3302 3412 mirabilium
3331 3365 3538 3410 tuorum
3565 3371 3583 3409 :
3613 3363 3661 3408 et

2095 3452 2384 3507 meditabor
2411 3453 2466 3508 in
2496 3451 2734 3507 omnibus
2755 3451 2995 3520 operibus
3029 3452 3154 3515 tuis,
3187 3459 3235 3504 et
3260 3451 3314 3503 in
3338 3448 3662 3502 adinventio-

2093 3545 2244 3601 nibus
2295 3547 2401 3600 tuis
2446 3547 2741 3602 exercebar.
2777 3544 2885 3600 Pro
2919 3545 3118 3615 quibus
3162 3543 3522 3614 Symmachus
3558 3542 3659 3595 hoc

2093 3637 2255 3692 modo
2297 3637 2690 3707 interpretatus
2735 3646 2822 3694 est
2855 3655 2870 3692 :
2898 3635 3234 3690 Recordabar
3281 3633 3659 3703 cogitationum

2092 3727 2326 3796 Domini,
2354 3729 2530 3782 animo
2561 3729 2765 3784 volvens
2789 3731 3006 3799 antiqua
3031 3727 3271 3797 prodigia
3305 3734 3418 3780 tua.
3455 3723 3520 3777 Et
3549 3740 3658 3778 me-

2091 3819 2305 3872 ditabar
2350 3836 2526 3874 omnes
2566 3820 2793 3874 actiones
2837 3829 2978 3884 tuas,
3016 3829 3065 3874 et
3112 3818 3532 3872 machinamenta
3564 3826 3657 3870 tua

2091 3911 2399 3975 narrabam,
2428 3911 2542 3969 haec
2568 3912 2827 3966 memoria
2850 3919 3122 3981 repetens.
3146 3910 3348 3965 Deinde
3379 3925 3506 3964 vero
3529 3925 3656 3963 cum

2085 4001 2199 4069 jam
2228 4001 2466 4066 audiam,
2509 4001 2782 4072 quomodo
2828 4003 3070 4071 repulisti
3099 4004 3154 4055 in
3187 4003 3364 4070 ﬁnem,
3405 4010 3453 4054 et
3484 4002 3655 4052 iratus

2089 4101 2165 4147 est
2195 4093 2348 4161 furor
2387 4103 2508 4148 tuus
2557 4109 2711 4162 super
2754 4110 2870 4147 oues
2899 4108 3109 4162 pascua:
3160 4101 3262 4146 tua:
3283 4093 3361 4158 ⁸¹;
3387 4092 3510 4160 jure
3545 4091 3655 4160 Opi-

2088 4191 2250 4240 natus
2283 4200 2402 4241 sum
2426 4200 2548 4241 esse
2569 4185 2925 4238 mutationem
2951 4184 3188 4238 dextera:
3213 4182 3501 4238 Altissimi.
3528 4181 3654 4237 Haec

2087 4275 2286 4345 quippe
2338 4274 2493 4345 signa
2539 4283 2666 4330 sunt
2714 4275 3029 4329 mutationis
3081 4272 3199 4338 Dei,
3254 4288 3319 4328 ac
3361 4272 3653 4326 amotionis

2086 4367 2208 4434 ejus
2229 4367 2296 4422 ab
2324 4367 2438 4431 illa,
2468 4381 2631 4438 quam
2669 4366 2796 4421 olim
2835 4366 2902 4422 de
2930 4366 3131 4436 populo
3155 4365 3399 4436 gerebat,
3449 4363 3652 4419 sollici-

2086 4456 2294 4514 tudine.

2159 4551 2324 4607 Vnns.
2355 4550 2441 4613 M,
2480 4551 2567 4604 15.
2608 4548 2772 4615 Deus,
2814 4549 2870 4604 in
2898 4559 3083 4604 sancto
3105 4552 3190 4605 via
3215 4551 3327 4619 ejus
3349 4550 3498 4619 :quis
3522 4547 3650 4603 deus

2091 4658 2314 4712 magnus
2341 4643 2479 4696 sicut
2511 4641 2652 4696 Deus
2684 4645 2896 4697 noster?
2925 4651 2979 4695 tu
3007 4659 3060 4697 es
3093 4643 3234 4697 Deus
3273 4643 3360 4712 qui
3387 4642 3520 4710 facis
3544 4641 3648 4694 mi-

2088 4733 2304 4789 rabilia.
2349 4733 2485 4789 Cum
2536 4734 2749 4796 videam
2800 4735 3150 4790 mutationem
3204 4733 3436 4788 dexterae
3476 4732 3646 4786 Altis-

2088 4826 2233 4892 simi,
2259 4833 2314 4882 et
2343 4827 2524 4896 qualia
2550 4835 2772 4898 operata
2803 4826 2908 4893 sit;
2947 4839 3072 4879 nam
3104 4825 3265 4880 unius
3318 4825 3493 4895 gentis
3524 4824 3646 4877 loco

2082 4916 2195 4986 jam
2227 4919 2484 4974 omnibus
2517 4919 2770 4988 gentibus
2803 4916 3042 4972 beneﬁca
3074 4924 3189 4982 est;
3222 4931 3328 4969 non
3372 4914 3515 4969 enim
3549 4911 3644 4966 uni

2086 5009 2287 5080 populo
2318 5017 2379 5064 ut
2425 5010 2575 5073 olim,
2626 5009 2723 5064 sed
2767 5008 3020 5064 omnibus
3049 5006 3300 5076 gentibus
3334 5013 3387 5060 et
3431 5003 3647 5075 populis

2086 5100 2340 5154 virtutem
2368 5113 2522 5153 suam
2559 5105 2743 5153 mtem
2777 5097 2942 5164 fecit;
2973 5096 3095 5151 ideo
3130 5103 3355 5165 stupens
3395 5103 3449 5148 et
3477 5094 3616 5147 mira

2085 5188 2302 5245 bundus
2349 5189 2476 5243 aio:
2505 5188 2668 5254 Deus,
2719 5191 2773 5243 in
2816 5197 2999 5244 sancto
3020 5188 3104 5241 via
3147 5196 3269 5249 tua;
3304 5187 3503 5240 etenim
3543 5183 3645 5239 viae

2084 5287 2190 5336 tute
2231 5281 2644 5351 comprehensio
2695 5281 2986 5334 humanam
3028 5286 3280 5333 naturam
3321 5283 3641 5344 exsuperat;

2080 5372 2156 5426 ita
2184 5379 2243 5427 ut
2274 5373 2366 5428 hic
2413 5373 2657 5443 apposite
2691 5371 2906 5426 dicatur
2936 5389 2949 5425 :
2985 5370 3028 5425 0
3063 5368 3288 5424 altitudo
3312 5367 3637 5429 divitiarum,

2077 5463 2352 5532 sapientia
2401 5471 2451 5517 et
2495 5462 2726 5516 scientia:
2769 5460 2882 5525 Dei,
2919 5477 3076 5530 quam
3101 5453 3640 5527 incomprehensibilia

2079 5563 2202 5609 sunt
2219 5553 2426 5623 judicia
2447 5555 2582 5624 ejus,
2625 5563 2673 5608 et
2706 5551 3096 5622 investigabiles
3128 5551 3224 5604 vite
3267 5547 3381 5618 ejus
3407 5547 3486 5601 "1
3516 5545 3637 5601 Non

2082 5644 2225 5699 ultra
2253 5660 2381 5717 ergo
2409 5645 2625 5701 curiose
2665 5645 2962 5715 inquirere,
2992 5650 3083 5697 aut
3115 5651 3323 5698 secreta
3349 5639 3640 5712 explorare

499 5781 544 5812 ⁸⁸
583 5779 740 5838 Rom.
779 5800 866 5852 ιι,
900 5787 987 5843 55.
1014 5864 1033 5872 κ
1065 5789 1106 5822 ⁸¹
1149 5788 1294 5848 Psal.
1330 5806 1524 5862 Lxxm,
1565 5795 1615 5850 1.
1690 5796 1735 5828 ³¹
1774 5794 1932 5851 Rom.
1966 5813 2020 5851 si
2044 5837 2058 5862 ,
2093 5797 2183 5852 53.
