4066 6418
445 372 552 430 895

1149 363 1420 422 EUSEBll
1450 361 1925 420 CESA’RIENSIS
1959 360 2111 418 OPP.
2148 358 2326 415 PARS
2353 357 2441 416 Ill.
2483 385 2551 399 -
2577 355 2985 414 EXEGETICA.

3576 356 3684 413 898

446 490 699 549 convenit
729 505 889 546 :nam
922 488 1036 558 quis
1084 489 1223 543 novit
1252 504 1460 542 sensum
1497 487 1734 552 Domini,
1766 495 1856 540 aut
1887 486 2004 556 quis

2108 481 2493 554 γμονεῖν,οὑδέ
2535 481 2605 534 τὰ
2644 481 2932 552 ἀπόρρητα
2980 475 3384 551 διερευνᾶσθαι³
3434 478 3527 545 τις
3572 478 3686 552 γὰρ

445 584 781 640 consiliarius
828 585 942 650 ejus
973 581 1168 650 fuit”?
1200 579 1408 636 Idcirco
1451 580 1580 637 dum
1630 580 1746 635 haec
1784 580 2006 650 cogitat,

443 674 856 747 obstupefactus
889 675 957 730 de
1003 673 1373 745 profunditate
1419 673 1698 744 sapientia:
1746 671 1841 728 Dei
1889 674 2006 730 ait:

445 769 606 834 Deus,
632 769 686 821 in
713 775 894 822 sancto
918 766 1003 821 uia
1032 775 1123 818 tua
1140 767 1286 835 :quis
1314 764 1439 819 deus
1462 781 1683 835 magnus
1705 764 1841 817 sicut
1873 763 2010 818 Deus

442 862 662 915 noster?
697 869 752 912 tu
779 875 832 913 es
855 857 996 912 Deus
1019 858 1108 928 qui
1131 856 1267 928 facis
1302 856 1587 910 mirabilia.
1624 856 1754 923 Quae
1782 857 1893 912 sint
1922 857 2013 911 illa

445 951 715 1004 mirabilia
758 949 861 1006 sub
887 949 1001 1004 haec
1031 950 1420 1018 interpretatur
1449 947 1636 1004 dicens
1662 968 1674 1002 :
1703 946 1902 1002 Notam
1939 946 2015 1017 fe-

442 1043 566 1096 cisti
601 1043 653 1096 in
686 1042 892 1110 populis
918 1044 1160 1096 virtutem
1185 1051 1330 1094 tuam
1350 1056 1368 1104 ;
1391 1056 1487 1111 pro
1511 1055 1619 1111 quo
1651 1039 2014 1112 Symmachus

442 1132 636 1198 edidit,
670 1131 866 1186 Notam
891 1133 1062 1202 fecisti
1089 1133 1145 1186 in
1181 1130 1419 1203 gentibus
1452 1132 1818 1201 fortitudinem
1843 1142 2011 1186 tuam.

443 1222 581 1278 Nam
630 1223 1088 1294 quemadmodum
1131 1223 1259 1278 olim
1293 1222 1479 1294 (Vens.
1514 1223 1600 1295 16)
1651 1223 1918 1279 redemisti
1959 1227 2014 1280 in

445 1311 661 1368 brachio
703 1322 791 1366 tuo
825 1315 1075 1382 populum
1113 1324 1284 1377 tuum,
1322 1314 1462 1382 ﬁlios
1499 1311 1668 1368 Jacob
1707 1321 1758 1368 et
1785 1312 2012 1383 Joseph,

443 1403 664 1474 quando
706 1403 908 1460 liberos
948 1418 1042 1459 eos
1087 1403 1326 1460 eduxisti
1376 1419 1443 1459 ex
1475 1411 1622 1460 terra
1661 1404 1902 1476 Egypti,
1946 1421 2014 1462 ex

444 1493 612 1549 domo
662 1495 980 1562 servitutis;
1027 1495 1218 1550 eodem
1247 1510 1465 1565 quoque
1519 1495 1677 1552 modo
1703 1497 1840 1566 jam,
1889 1513 2014 1552 cum

445 1584 590 1641 facta
619 1593 703 1642 est
750 1589 980 1642 mutatio
1010 1588 1246 1644 dexterae
1280 1588 1572 1655 Altissimi,
1617 1599 1800 1645 notam
1840 1590 2014 1647 fecisti

443 1677 500 1732 in
531 1678 746 1749 populis
770 1681 1025 1736 virtutem
1061 1688 1231 1747 tuam,
1263 1687 1319 1738 et
1366 1683 1422 1738 in
1453 1683 1704 1754 gentibus
1733 1682 2014 1740 fortitudi-

443 1785 568 1826 nem
597 1781 770 1829 tuam.

519 1966 680 2026 Vens.
724 1970 811 2026 i7.
862 1971 1116 2027 Viderunt
1167 1982 1216 2029 te
1272 1991 1445 2045 aqum,
1484 1976 1646 2040 Deus,
1682 1973 1921 2029 viderunt
1964 1983 2014 2029 te

442 2078 613 2132 aqua,
653 2071 704 2117 et
738 2063 1048 2132 timuerunt,
1075 2074 1125 2120 et
1159 2066 1386 2122 turbata:
1405 2076 1529 2121 sunt
1571 2065 1771 2137 abyssi.
1809 2065 2012 2121 Admo-

439 2155 568 2209 dum
596 2168 994 2228 consequenter
1046 2169 1332 2232 postquam
1385 2163 1619 2227 dixerat,
1681 2159 1880 2215 Notam
1933 2160 2012 2230 fe-

438 2247 556 2302 cisti
587 2249 645 2302 in
663 2251 871 2319 populis
894 2253 1140 2308 virtutem
1173 2263 1342 2321 tuam,
1374 2256 1510 2320 sive,
1535 2256 1834 2312 secundum
1863 2252 2013 2326 Sym-

441 2339 724 2404 machum,
779 2340 984 2398 Notam
1036 2345 1208 2415 fecisti
1250 2349 1307 2402 in
1356 2347 1593 2420 gentibus
1649 2346 2010 2418 fortitudinem

441 2436 610 2492 tuam,
634 2429 814 2487 futura
852 2437 1180 2507 vaticinans,
1210 2439 1466 2495 virtutem
1499 2437 1636 2494 Novi
1676 2436 2010 2497 Testamenti

440 2519 758 2604 prophetice
787 2523 1048 2580 declarat.
1067 2527 1248 2593 Quare
1275 2529 1354 2582 ait
1405 2546 1420 2584 :
1465 2527 1722 2583 Viderunt
1751 2537 1799 2583 te
1831 2544 2006 2600 aquae,

445 2605 606 2674 Deus,
631 2611 868 2667 viderunt
897 2624 944 2670 te
973 2633 1143 2686 aqua,
1171 2626 1222 2672 et
1263 2620 1571 2674 timuerunt.
1601 2619 1757 2675 Sicut
1781 2619 1924 2675 enim
1953 2620 2010 2676 in

440 2699 497 2754 in
527 2702 676 2757 exitu
699 2705 826 2759 olim
861 2706 1093 2762 ﬁliorum
1118 2707 1286 2765 Israel
1311 2726 1376 2766 ex
1418 2710 1672 2782 Egypto,
1704 2727 1850 2764 mare
1881 2709 2008 2764 vidit

436 2803 489 2850 et
516 2799 674 2867 fugit,
696 2796 953 2856 Iordanis
985 2818 1261 2858 conversus
1296 2813 1374 2858 est
1396 2813 1686 2858 retrorsum
1708 2802 1786 2868 lu‘;
1816 2802 2007 2857 eodem

438 2887 602 2943 modo
637 2889 691 2944 in
723 2890 956 2947 adventu
1000 2893 1390 2960 Emmanuelis,
1453 2895 1529 2965 (id
1583 2901 1688 2959 est,
1737 2893 2008 2950 nobiscum

437 2975 627 3052 Deus,)
651 2995 774 3037 eum
799 2985 1034 3040 accessit
1055 2986 1122 3040 ad
1150 2984 1444 3042 Iordanem
1471 2984 1716 3050 ﬂuvium,
1751 3000 1904 3055 aqua:
1925 2987 2007 3040 vi-

435 3067 630 3125 dentes
650 3085 773 3125 eum
803 3080 1028 3142 stupore
1062 3077 1326 3146 perculsae
1345 3085 1493 3132 sunt.
1519 3077 1661 3144 Quin
1685 3078 1846 3132 etiam
1865 3078 2006 3132 mul-

2107 576 2259 644 ἐγνω
2289 573 2443 628 νοῦν
2477 573 2721 641 Κυρίου,
2747 571 2785 640 ἢ
2826 571 2917 638 τίς
2959 570 3301 641 σύμϐουλος
3326 569 3512 624 αὐτοῦ
3558 570 3687 640 ἐγέ-

2107 681 2284 732 νετος
2315 665 2406 719 Διὸ
2435 664 2573 718 κατὰ
2599 664 2788 736 καιρὸν
2809 661 2976 717 ταῦτα
2996 663 3273 734 ἐννοήσας,
3304 662 3687 734 ὑπερεκπλήτ-

2106 773 2258 810 τεται
2303 755 2364 809 τὸ
2395 755 2558 826 βάθος
2587 754 2687 825 τῆς
2735 754 2926 823 σοφίας
2958 753 3049 806 τοῦ
3083 751 3238 818 Θεοῦ,
3274 752 3367 806 καί
3398 769 3589 824 φησιν·
3629 753 3686 806 '0

2111 845 2275 912 Θεὸς,
2314 845 2384 900 ἐν
2415 844 2493 910 τῷ
2521 845 2665 915 ἁγίῳ
2692 843 2729 912 ἡ
2759 843 2898 910 ὁδός
2925 858 3042 898 σου
3063 859 3078 873 ο
3111 842 3202 909 τίς
3247 842 3381 909 θεὸς
3394 842 3582 912 μέγας
3603 841 3688 908 ὡς

2110 944 2144 996 ό
2175 943 2319 1007 Θεὸς
2354 938 2561 1010 ημῶν;
2605 937 2685 993 σὺ
2719 933 2778 992 εἷ
2810 939 2843 991 ό
2883 936 3028 1002 Θεὸς
3070 937 3101 989 ό
3148 931 3335 986 ποιῶν
3359 931 3684 1001 θαυμάσια.

2109 1034 2246 1088 Ποῖα
2275 1034 2332 1088 δὲ
2359 1033 2635 1104 θαυμάσια
2658 1029 3004 1102 διερμηνεύει
3032 1026 3160 1098 ἑξῆς
3183 1025 3381 1080 εἰπών’
3417 1026 3689 1096 Ἐγνάξρι-

2111 1139 2228 1190 σας
2273 1123 2343 1177 ἐν
2387 1124 2512 1190 τοῖς
2565 1121 2736 1188 λαοῖς
2784 1120 2900 1189 τὴν
2944 1119 3202 1188 δύναμιν
3251 1133 3398 1172 σουο
3424 1116 3541 1171 ἀνθ’
3568 1110 3628 1170 οὗ
3657 1119 3691 1173 ό

2114 1215 2408 1286 Σύμμαχος
2463 1215 2723 1280 ἐξέδωκε·
2760 1209 3057 1278 Γνωστὴν
3103 1210 3396 1278 ἐποίησας
3437 1207 3506 1262 ἐν
3561 1209 3688 1276 τοῖς

2111 1307 2314 1363 ἔθνεσι
2339 1307 2453 1376 τὴν
2482 1309 2664 1376 ἰσχύν
2700 1305 3052 1376 σου.Ὦσπερ
3086 1301 3195 1374 γὰρ
3228 1299 3542 1370 ἐλυτρώσω
3578 1300 3687 1353 πά-

2111 1401 2198 1454 λαι
2232 1400 2362 1454 ποτέ
2384 1400 2454 1453 ἐν
2475 1397 2554 1465 τῷ
2581 1398 2856 1469 βραχίονι
2900 1412 3016 1451 σου
3059 1393 3165 1448 τὸν
3195 1394 3349 1449 λαόν
3387 1409 3525 1459 σου,
3547 1393 3693 1460 τοὺς

2112 1489 2280 1556 υἱοὺς
2314 1488 2512 1544 Ἰακὼϐ
2537 1489 2633 1543 καὶ
2671 1487 2904 1558 Ἰωσὴφ,
2937 1485 3013 1539 ὅτ’
3039 1484 3364 1557 ἡλευθέρους
3401 1484 3597 1548 αὐτοὺς
3622 1483 3691 1536 ἐκ

2113 1583 2213 1654 γῆς
2242 1580 2539 1651 Αἰγύπτου,
2574 1581 2632 1649 ἐξ
2674 1580 2822 1635 οἴκου
2870 1578 3113 1643 δουλείας
3151 1578 3242 1632 τὸν
3282 1577 3441 1631 αὑτὸν
3487 1576 3689 1648 τρόπον

2112 1674 2207 1726 καὶ
2235 1672 2350 1736 νῦν,
2379 1673 2468 1726 ὅτε
2497 1672 2719 1742 γέγονεν
2752 1671 3035 1734 ἀλλοίωσις
3064 1670 3162 1742 τῆς
3193 1669 3373 1736 δεξιᾶς
3402 1668 3494 1724 τοῦ
3532 1667 3690 1738 Ὑψί-

2115 1781 2263 1829 στου,
2295 1763 2598 1836 ἐγνώρισας
2644 1766 2702 1817 ἐν
2744 1767 2855 1829 τοῖς
2887 1763 3034 1828 λαοῖς
3058 1761 3156 1835 τὴν
3187 1760 3415 1834 δύναμίν
3443 1778 3556 1827 σου,
3591 1760 3689 1814 καὶ

2042 1831 2085 1887 Β
2113 1858 2173 1910 ἐν
2201 1858 2312 1920 τοῖς
2338 1831 2519 1909 -ἐθνεσι
2548 1857 2645 1927 τὴν
2681 1853 2834 1926 ἰσχύν
2868 1871 2983 1908 σου.

2181 1967 2449 2024 Εῑδοσάν
2472 1982 2545 2022 σε
2573 1967 2784 2033 ὕδατα,
2806 1971 2839 2022 ὁ
2873 1968 3016 2032 Θεὸς
3035 2008 3050 2032 ,
3081 1965 3330 2021 ετδοσάν
3356 1980 3431 2022 σε
3461 1965 3650 2021 ὕδατα
3669 2006 3689 2030 ,

2108 2057 2207 2113 καὶ
2243 2056 2665 2127 ἐφοϐήθησαν,
2700 2057 2800 2110 καὶ
2845 2056 3267 2127 ἐταράχθησαν
3304 2059 3364 2110 αὶ
3405 2056 3684 2111 ἄϐυσσοι.

2109 2150 2321 2222 Σφόδρα
2351 2149 2657 2215 ἀκολούθως
2684 2149 2982 2223 προειπὼν,
3051 2148 3408 2219 Ἐγνώρισας
3448 2147 3518 2202 ἐν
3560 2148 3690 2215 τοῖς

2108 2241 2278 2308 λαοῖς
2324 2241 2439 2310 τὴν
2463 2241 2744 2312 ’δύναμιν
2773 2257 2918 2297 σου·
2979 2242 3012 2314 ἢ
3049 2242 3192 2297 κατά
3221 2243 3313 2297 τὸν
3363 2242 3684 2315 Σύμμαχον,

2107 2332 2404 2402 Γνωστὴν
2423 2334 2716 2402 ἐποίησας
2735 2334 2806 2389 ἐν
2823 2333 2947 2400 τοῖς
2967 2334 3171 2390 ἔθνεσι
3195 2333 3312 2402 τὴν
3335 2335 3522 2404 ἰσχύν
3543 2350 3686 2400 σου,

2108 2425 2404 2498 παρίστησι
2431 2426 2528 2497 τὴν
2560 2424 2786 2497 δύναμιν
2810 2426 2909 2498 τῆς
2937 2426 3145 2496 Καινῆς
3163 2425 3443 2498 Διαθήκης
3476 2443 3691 2497 προφη-

2107 2517 2274 2581 τικῶς
2291 2517 2359 2570 τὰ
2382 2517 2640 2588 μέλλοντα
2662 2518 2954 2583 θεσπίζων.
2985 2519 3077 2575 Διό
3105 2536 3297 2591 φησιν⁹
3327 2517 3593 2573 Ε’ίδοσάν
3611 2533 3689 2573 σε

2107 2609 2317 2678 ὕδατα,
2335 2613 2367 2664 ὀ
2385 2610 2547 2677 Θεὸς,
2569 2610 2818 2665 εἶδοσάν
2835 2626 2910 2665 σε
2931 2610 3136 2676 ὕδατα,
3161 2610 3258 2664 καί
3277 2608 3684 2680 ἐφοϐήθησαν.

2109 2702 2321 2775 Ὠσπερ
2349 2702 2457 2774 γὰρ
2491 2703 2656 2757 πάλαι
2680 2704 2809 2757 ποτέ
2832 2703 2924 2756 ἐπὶ
2951 2703 3051 2775 τῆς
3076 2703 3135 2768 ἐξ
3152 2703 3426 2772 Αἰγύπτου
3459 2701 3688 2774 πορείας

2105 2793 2215 2846 τῶν
2245 2793 2376 2847 υἱῶν
2419 2794 2634 2866 Ἰσραὴλ
2657 2833 2672 2858 ,
2722 2795 2760 2861 ὴ
2796 2793 3079 2850 θάλασσα
3108 2790 3262 2859 εἶδε,
3312 2793 3408 2848 καί
3439 2792 3685 2863 ἔφυγεν,

2108 2888 2142 2940 ὁ
2178 2884 2475 2954 Ἰορδάνης
2496 2885 2763 2955 ἐστράφη
2786 2888 2874 2951 είς
2901 2887 2974 2940 τὰ
2995 2886 3188 2940 ὀπίσω
3203 2903 3216 2915 ·
3251 2885 3344 2938 τὸν
3371 2885 3536 2938 αὐτὸν
3559 2883 3682 2955 τρό-

2107 2994 2207 3030 πον
2249 2977 2342 3030 καὶ
2387 2976 2529 3031 κατὰ
2567 2977 2666 3049 τὴν
2712 2977 3014 3050 παρουσίαν
3057 2976 3151 3030 τοῦ
3200 2975 3567 3048 Ἑμμανουὴλ,
3589 2975 3684 3046 δη-

2106 3069 2240 3142 λαδὴ
2275 3069 2370 3124 τοῦ
2407 3069 2525 3140 μεθ’
2555 3069 2711 3142 ἡμῶν
2753 3069 2888 3123 Θεοῦ
2909 3109 2924 3133 ,
2967 3069 3203 3142 ὁπηνίκα
3234 3069 3436 3141 παρῄει
3464 3068 3559 3122 ἐπὶ
3588 3067 3683 3122 τὸν

434 3159 614 3216 titudo
645 3165 973 3234 populorum
1013 3167 1064 3220 in
1098 3166 1362 3224 Ecclesiis
1409 3167 1506 3224 Dei
1539 3167 1801 3233 collecta,
1847 3171 2004 3240 aquis

2117 3159 2386 3232 Ἰορδάνην
2418 3160 2680 3230 ποταμὸν,
2711 3160 2888 3214 ἰδόντα
2911 3161 3074 3215 αὑτὸν
3097 3160 3164 3215 τά
3194 3159 3361 3214 ὕδατα
3386 3159 3680 3230 ἐξεπλάγη.

433 3249 745 3307 consimilis
776 3251 966 3323 (Vens.
1005 3254 1088 3325 18)
1123 3257 1425 3314 secundum
1473 3260 1852 3330 propheticum
1892 3275 2010 3314 ser-

437 3354 678 3406 monem,
723 3342 836 3398 Vox
864 3348 1098 3417 gentium
1124 3349 1439 3415 multarum,
1475 3351 1668 3406 similis
1700 3353 1852 3424 aquis
1879 3352 2009 3406 mul-

435 3430 506 3484 tis
529 3431 597 3497 ⁸⁵,
635 3431 803 3490 Deum
861 3435 1008 3492 inter
1042 3437 1292 3497 homines
1336 3441 1770 3512 peregrinantem
1810 3445 2006 3500 mentis

435 3523 611 3580 oculis
633 3525 848 3593 videns,
878 3529 1107 3584 salutari
1136 3531 1332 3587 timore
1367 3540 1618 3603 correpta
1650 3541 1757 3598 est,
1800 3533 1868 3589 de
1895 3550 2005 3606 quo

433 3612 658 3683 dicitur,
703 3616 927 3674 Initium
974 3622 1251 3690 sapientia:
1303 3624 1461 3678 timor
1513 3623 1610 3678 Dei
1647 3624 1713 3682 ⁸⁸.
1749 3623 2004 3692 Quandiu

431 3707 583 3762 enim
609 3724 763 3779 aqua;
793 3711 897 3766 illae
947 3727 1104 3768 caecae
1148 3722 1324 3780 erant,
1367 3714 1537 3772 Deum
1569 3731 1678 3772 non
1721 3718 1999 3784 videbant,

432 3813 539 3855 nec
563 3801 760 3858 timore
784 3803 904 3871 ejus
926 3802 1131 3860 atiectae
1156 3816 1343 3876 erant;
1366 3823 1515 3865 nunc
1539 3818 1718 3866 autem
1747 3825 2000 3881 magnam

434 3891 728 3948 utilitatem
759 3910 823 3950 ex
855 3899 1316 3969 contemplatione
1369 3909 1424 3957 et
1473 3901 1791 3973 cognitione
1835 3901 2000 3958 Verbi

434 3981 578 4051 apud
612 3997 672 4039 se
700 3987 1105 4056 peregrinantis
1133 4002 1484 4062 acceperunt.
1515 3991 1866 4065 Rursumque
1911 4009 2001 4050 se-

431 4073 673 4128 cundum
706 4074 1013 4143 historiam,
1048 4095 1172 4134 cum
1214 4079 1472 4138 Servator
1503 4083 1803 4154 discipulos
1830 4083 2000 4154 jussit

432 4167 729 4224 ascendere
772 4171 827 4225 in
855 4173 1166 4229 naviculam
1199 4185 1253 4230 et
1285 4176 1672 4244 transfretare;
1717 4183 1773 4232 et
1801 4184 2000 4248 quarta

432 4258 616 4328 vigilia
646 4263 825 4318 noctis
866 4264 1014 4319 venit
1045 4265 1114 4319 ad
1162 4281 1258 4322 eos
1289 4267 1576 4322 ambulans
1604 4283 1772 4337 supra
1807 4282 1994 4334 mare;

2108 3251 2184 3304 οὐ
2208 3250 2312 3322 μὴν
2344 3251 2478 3305 ἀλλὰ
2508 3251 2602 3305 καὶ
2627 3251 2697 3304 τὰ
2722 3249 2903 3321 πλήθη
2935 3251 3043 3305 τῶν
3075 3252 3133 3303 ἐν
3165 3253 3286 3313 ταῖς
3333 3250 3682 3322 Ἐκκλησίαις

2105 3341 2199 3394 τοῦ
2216 3340 2350 3394 Θεοῦ
2378 3359 2671 3414 συγκροτου
2679 3344 2854 3415 μένων
2875 3344 3039 3409 λαῶν,
3063 3342 3216 3397 ὕδασι
3237 3342 3683 3414 παρωμοιωμένα

2106 3433 2249 3487 κατὰ
2272 3431 2364 3486 τὸν
2395 3435 2672 3503 φάσκοντα
2695 3435 3029 3508 προφητικὸν
3056 3435 3212 3504 λόγον
3230 3475 3245 3500 ,
3286 3433 3453 3502 Φωνὴ
3484 3433 3678 3489 ἐθνῶν

2103 3524 2352 3580 πολλῶν
2408 3527 2582 3595 ὁμοία
2604 3527 2841 3583 ὑδάτων
2871 3527 3146 3583 πολλῶν·
3179 3528 3351 3582 ίδόντα
3373 3528 3547 3599 ψυχῆς
3575 3527 3674 3598 όφ-

2103 3615 2328 3687 θαλμοῖς
2353 3616 2444 3670 τὸν
2477 3619 2556 3682 είς
2585 3617 2902 3690 ἀνθρώπους
2932 3619 3362 3692 ἐπιδεδημηκότα
3387 3619 3516 3674 Θεὸν
3538 3660 3554 3685 ,
3589 3619 3677 3690 φό-

2102 3707 2196 3760 ϐον
2225 3708 2485 3764 ἀνέλαϐον
2516 3711 2804 3784 σωτήριον,
2836 3712 2964 3784 περὶ
2992 3704 3054 3766 οὗ
3081 3714 3322 3784 εἴρηται·
3367 3712 3550 3782 Ἀρχὴ
3577 3728 3680 3766 σο-

2099 3801 2242 3870 φίας
2278 3803 2462 3870 φόϐος
2515 3802 2683 3858 Θεοῦ.
2744 3805 2888 3868 Ἕως
2923 3805 3021 3874 μὲν
3063 3805 3169 3876 γὰρ
3201 3804 3579 3873 τυφλώττοντα
3607 3801 3681 3877 ἦν

2098 3890 2273 3944 ταῦτα
2295 3891 2365 3945 τά
2396 3891 2582 3958 ὕδατα,
2607 3894 2707 3965 οὐχ
2733 3893 2879 3966 ἐώρα
2902 3894 2992 3948 τὸν
3017 3894 3172 3958 Θεὸν,
3188 3897 3310 3950 οὐδὲ
3342 3896 3507 3966 φόϐον
3535 3892 3682 3968 εἶχεν

2099 3979 2265 4034 αὑτοῦ
2285 3997 2301 4012 ·
2331 3983 2450 4038 νυνὶ
2467 3983 2524 4036 δὲ
2547 3984 2614 4039 τά
2639 3984 2850 4054 μεγάλα
2871 3985 3146 4056 ὠφέληται
3169 3985 3277 4040 ἀπὸ
3302 3987 3402 4056 τῆς
3428 3987 3557 4053 θέας
3584 3989 3682 4043 καὶ

2097 4071 2198 4141 τῆς
2229 4071 2483 4142 γνώσεως
2512 4074 2606 4128 τοῦ
2641 4077 3078 4148 ἐπιδημήσαντος
3111 4078 3294 4142 αὐτοῖς
3328 4079 3509 4149 λόγου.
3567 4081 3679 4134 Καὶ

2097 4157 2250 4228 αὖθις
2275 4164 2413 4228 κατά
2442 4165 2539 4236 τὴν
2571 4167 2831 4239 ἱστορίαν,
2859 4168 3096 4238 ὁπηνίκα
3127 4171 3155 4222 ὁ
3181 4169 3370 4242 Σωτὴρ
3398 4172 3678 4240 ἠνάγκασε

2095 4255 2224 4318 τοὺς
2248 4256 2496 4329 μαθητὰς
2523 4258 2768 4313 ἀνελθεῖν
2789 4260 2869 4324 είς
2895 4260 2956 4314 τὸ
2975 4261 3160 4316 πλοῖον
3188 4263 3283 4316 καὶ
3306 4265 3569 4336 προάγειν
3597 4269 3678 4332 εἰς

429 4356 566 4404 tunc
595 4351 762 4406 etiam
791 4353 1044 4409 viderunt
1079 4371 1203 4411 eum
1236 4372 1390 4428 aquae
1417 4365 1471 4412 et
1492 4358 1814 4413 timuerunt.
1865 4359 1997 4414 Item

2106 4346 2158 4400 τὸ
2198 4347 2402 4420 πέραψ
2438 4346 2558 4404 εἶτα
2583 4351 2832 4424 ,τετάρτῃ
2876 4353 3089 4426 φυλακῇ
3124 4354 3224 4424 τῆς
3255 4356 3448 4421 νυκτὸς
3480 4358 3681 4430 ἤρχετο

429 4440 652 4510 quando
712 4442 1015 4514 increpavit
1063 4455 1258 4504 ventos
1313 4456 1367 4503 et
1405 4465 1574 4512 mare,
1621 4457 1675 4505 et
1726 4448 1870 4504 facta
1912 4457 1997 4505 est

2106 4438 2234 4508 πρὸς
2260 4439 2457 4506 αὐτοὺς
2485 4441 2802 4511 περιπατῶν
2832 4443 2925 4496 ἐπὶ
2951 4445 3050 4516 τῆς
3077 4446 3380 4520 θαλάσσης*
3427 4450 3523 4504 καὶ
3553 4451 3678 4504 τότε

429 4531 805 4601 tranquillitas
827 4549 1044 4605 magna,
1071 4538 1302 4592 turbatae
1325 4546 1456 4594 sunt
1483 4538 1689 4609 abyssi,
1723 4544 1779 4594 et
1811 4539 1997 4593 multi-

2106 4524 2242 4585 εῑδον
2261 4532 2423 4586 αὐτὸν
2446 4530 2632 4597 ὕδατα,
2655 4535 2749 4588 καὶ
2769 4514 3133 4608 ἐφοϐήθησαν.
3172 4514 3341 4595 Ἀλλά
3353 4543 3448 4595 καὶ
3464 4544 3552 4597 ὅτε
3577 4545 3680 4598 ἐπ-

426 4620 566 4676 tudo
603 4624 816 4680 sonitus
869 4641 1154 4694 aquarum.
1183 4626 1310 4684 Haec
1348 4645 1512 4699 porro
1543 4629 1846 4684 secundum
1879 4645 2003 4701 pro-

2106 4624 2334 4696 ετίμησε
2353 4627 2462 4690 τοῖς
2492 4625 2713 4698 ἀνέμοις
2741 4629 2910 4702 καὶτῇ
2936 4629 3198 4704 θαλάσσῃ,
3217 4635 3311 4688 καὶ
3337 4636 3550 4704 ἐγένετο
3575 4652 3680 4705 γα-

429 4713 673 4786 phetiam
720 4717 787 4772 ad
820 4715 1058 4773 litteram
1089 4719 1487 4792 implebantur;
1536 4721 1840 4777 secundum
1867 4737 1997 4778 vero

2106 4714 2232 4788 λήνη
2269 4716 2476 4787 μεγάλη
2496 4757 2511 4783 ,
2540 4718 2920 4792 ἐταράχθησαν
2951 4724 3008 4777 αἱ
3039 4723 3284 4788 ἄϐυσσοι,
3334 4727 3428 4780 καὶ
3471 4728 3678 4800 πλῆθος

430 4807 752 4876 penitiorem
808 4818 1064 4876 mentem,
1117 4828 1272 4884 aqua!
1299 4853 1315 4877 ,
1383 4829 1578 4884 nempe
1624 4815 1998 4872 ecclesiastica

2106 4807 2264 4878 ἤχους
2293 4807 2500 4872 ὕδατος.
2534 4809 2644 4863 Καὶ
2671 4810 2844 4866 ταῦτα
2877 4813 2974 4884 μὲν
3011 4815 3244 4871 ἐτελεῖτο
3277 4819 3582 4892 συμφώνως
3603 4824 3674 4896 τῇ

429 4896 724 4952 multitudo
753 4900 1009 4959 omnibus
1052 4918 1117 4958 ex
1154 4905 1408 4974 gentibus
1465 4905 1717 4971 collecta,
1779 4906 1997 4962 initium

2106 4898 2405 4970 προφητείᾳ
2431 4899 2566 4971 πρὸς
2592 4900 2756 4970 λέξιν,
2783 4904 2920 4976 πρὸς
2945 4904 3003 4959 δὲ
3023 4905 3280 4974 διάνοιαν,
3315 4909 3384 4964 τά
3415 4910 3513 4981 μὲν
3541 4911 3673 4965 ὓδαη

427 4986 711 5056 sapientiae
753 4988 956 5046 ell‘ectze
1009 5001 1157 5057 sunt,
1195 5000 1378 5064 utpote
1428 5010 1548 5064 quae
1580 4994 1765 5050 divino
1797 4995 1999 5049 timore

2106 5007 2187 5056 ra,
2219 4991 2363 5060 λέγω
2383 4993 2442 5046 δὲ
2468 4993 2537 5047 τά
2566 4995 2744 5067 πλήθη
2775 4997 2844 5050 τά
2869 4999 3299 5071 ἐκκλησιαστικά
3329 5002 3390 5068 ἐξ
3413 5005 3674 5062 ἁπάντων

427 5074 636 5131 affecta:
667 5076 890 5146 fuerint,
918 5083 1219 5138 secundum
1250 5084 1404 5149 illud.
1449 5085 1672 5139 Initium
1719 5084 1994 5154 sapientiae

2106 5082 2210 5137 τῶν
2235 5081 2404 5138 ἐθνῶν
2429 5087 2764 5160 συνηγμένα,
2791 5089 2931 5162 ἀρχὴ
2957 5092 3144 5159 σοφίας
3169 5093 3381 5163 γέγονε,
3409 5095 3502 5149 τὸν
3529 5096 3672 5152 θεῖον

426 5165 587 5219 timor
615 5165 824 5222 Domini
845 5170 911 5223 ⁸⁷.
948 5171 1146 5242 Abyssi
1181 5188 1330 5238 vero,
1352 5189 1472 5245 quae
1497 5176 1728 5231 diversae
1743 5174 1814 5228 ab
1837 5174 1996 5244 aquis

2106 5176 2435 5232 ἀναλαϐόντα
2483 5179 2644 5248 φόϐον
2687 5179 2832 5234 κατά
2872 5181 2932 5234 τὸ
2952 5222 2967 5248 ,
3008 5183 3188 5253 Ἀρχὴ
3237 5186 3458 5256 σοφίας
3485 5189 3671 5257 φόϐος

425 5269 603 5323 erant,
638 5263 869 5318 turbatae
903 5271 1054 5330 sunt,
1107 5266 1179 5320 ita
1221 5273 1281 5320 ut
1333 5270 1572 5323 sonitum
1599 5283 1664 5322 ac
1698 5265 1993 5320 tumultum

2106 5271 2349 5338 Kvplov'
2379 5273 2437 5325 αἱ
2461 5272 2520 5326 δέ
2551 5271 2796 5342 ἄϐυσσοι,
2829 5275 3008 5348 ἕτεραι
3036 5273 3191 5332 οὖσαι
3219 5279 3370 5350 παρὰ
3397 5280 3467 5333 τὰ
3500 5281 3669 5336 ὕδατα

425 5345 692 5408 facerent.
715 5353 926 5410 Dixeris
955 5371 1118 5424 porro
1141 5357 1369 5430 abyssos
1399 5375 1521 5414 esse
1541 5358 1782 5430 gentium
1809 5357 1991 5410 incre-

2106 5362 2486 5434 ιταράχθησαν,
2510 5363 2585 5427 ὡς
2603 5359 2735 5436 ἦχον
2763 5365 2856 5418 καὶ
2877 5345 3103 5438 θόρυϐον
3127 5345 3446 5440 παρασχεῖν.
3480 5370 3668 5434 Εῐποις

426 5436 680 5497 dularum
727 5443 971 5509 ordines,
1026 5462 1146 5515 quae
1191 5448 1362 5503 variis
1415 5448 1751 5520 temporibus
1802 5455 1994 5503 contra

2106 5451 2136 5507 ς’
2174 5451 2240 5506 ἂν
2279 5453 2379 5518 τὰς
2411 5454 2677 5519 ἀϐύσσους
2704 5453 2841 5511 εῖναι
2885 5436 2954 5511 τά
2989 5436 3243 5528 τάγματα
3276 5436 3386 5513 των
3419 5462 3694 5515 ἀπίστωνι

432 5527 732 5588 Ecclesiam
768 5536 1134 5607 insurgentes,
1170 5540 1581 5610 persecutiones
1621 5538 1990 5594 concitarunt.

2106 5541 2263 5596 ἐθνῶν
2291 5543 2399 5599 τῶν
2425 5547 2491 5615 τῇ
2538 5545 2833 5618 Ἐκκλησία
2860 5546 3004 5602 κατά
3043 5527 3268 5620 καιροὺς
3292 5548 3664 5621 ἐπανισταμὲ-

438 5619 544 5677 Sed
575 5624 750 5694 primo
775 5627 994 5698 quidem
1041 5645 1197 5702 aqua:
1227 5629 1398 5688 Deum
1437 5631 1755 5697 timuerunt,
1807 5637 1994 5703 postea

2106 5649 2234 5698 νων,
2280 5633 2375 5687 καὶ
2416 5635 2544 5698 τοὺς
2581 5636 2701 5690 κατ’
2734 5635 2901 5708 αὐτῆς
2940 5619 3212 5708 διωγμοὺς
3249 5619 3662 5710 ἐπεγειρόντων*

523 5795 568 5832 ⁸³
607 5799 712 5855 lsa.
748 5818 844 5870 ιι,
883 5806 968 5859 13.
1045 5807 1088 5841 ⁸³
1128 5808 1273 5865 Psai.
1310 5826 1473 5877 cxm,
1507 5813 1558 5868 3.
1635 5814 1681 5848 ⁸³
1724 5814 1912 5872 Ezea-h.
1951 5829 2007 5869 ιι

2136 5815 2191 5870 2.
2267 5815 2313 5848 ⁸⁸
2351 5813 2494 5870 Psal.
2530 5830 2626 5879 cx,
2666 5815 2752 5871 10.
2829 5816 2872 5850 ⁸⁷
2911 5815 3056 5876 Psal.
3089 5832 3178 5888 cx,
3214 5817 3300 5874 l0.
