4066 6414
388 391 498 450 897

1500 385 2003 445 COMMENTARIA
2042 391 2112 447 1N
2151 392 2486 453 PSALMOS.

3518 409 3626 467 898

404 513 564 568 Ἀλλά
595 512 694 585 μὲν
721 509 912 583 πρῶτα
938 508 1106 568 ὕδατα
1136 505 1378 578 ἐφοϐεῖτο
1403 506 1493 561 τὸν
1517 507 1671 574 Θεὸν,
1699 510 1754 562 αἱ
1779 508 1835 562 δὲ
1862 509 1948 582 δη-

2057 521 2368 570 ωοωοηῑεε
2415 516 2599 588 abyssi
2631 517 2859 574 turbatae
2905 527 3035 576 sunt
3091 539 3104 578 :
3147 529 3343 592 praeter
3371 524 3462 579 illa
3492 541 3624 584 vero

386 607 644 661 -λωθεϊσαι
659 605 879 660 άόυσσοι
898 601 1250 672 ἐταράττοντο
1263 616 1276 630 ⁸
1296 598 1475 670 τρίτον
1494 601 1550 654 δὲ
1567 599 1752 672 τάγμα
1768 602 1961 670 τυγχά-

383 717 468 755 νει
502 699 654 771 παρά
682 698 749 752 τὰ
775 695 1071 766 λελεγμένα
1097 694 1158 748 τὸ
1179 693 1287 747 τῶν
1315 692 1551 763 νεφελῶν
1573 735 1588 760 ,
1623 693 1652 746 ὃ
1677 694 1740 766 δὴ
1777 695 1960 766 φωνὴν

384 794 576 848 ἔδωκε.
606 792 761 855 Τίνες
785 791 839 844 δὲ
864 785 1003 861 ἦσαν
1028 789 1083 843 αἱ
1109 786 1359 856 νεφέλαι,
1385 785 1498 841 ἀλλ’
1523 785 1556 858 ἢ
1581 788 1636 840 αἱ
1658 786 1961 840 κελευσθεῖ-

389 897 478 934 σαι
510 879 582 952 μὴ
615 878 823 951 βρέχειν
853 878 945 932 ἐπὶ
972 878 1063 931 τὸν
1093 877 1355 950 πρότερον
1375 874 1695 948 ἀμπελῶνα,
1727 876 1870 930 κατὰ
1897 875 1959 930 τὸ

378 973 562 1042 φῆσαν
596 971 775 1041 λόγιον
797 988 810 1001 ·
844 971 953 1024 Καὶ
993 970 1125 1036 ταῖς
1147 969 1430 1039 νεφέλαις
1457 967 1807 1038 ἐντελοῦμαι
1849 969 1957 1022 τοῦ

369 1064 463 1133 μὴ
491 1063 705 1132 ,βρέξαι
735 1063 827 1116 ἐπ’
861 1060 1049 1116 αὐτὸν
1069 1101 1084 1128 ,
1118 1059 1276 1130 δῆλον
1307 1059 1384 1124 δὲ,
1415 1059 1496 1114 ὅτι
1529 1059 1620 1114 τὸν
1645 1060 1710 1112 ὲκ
1739 1077 1958 1132 περιτο-

382 1154 494 1224 μῆς
517 1152 676 1219 λαόν;
707 1151 944 1222 Νεφέλαι
965 1151 1020 1204 δὲ
1046 1149 1468 1221 πεπληρωμέναι
1499 1149 1707 1204 ὑδάτων
1736 1148 1810 1220 μὴ
1836 1147 1957 1202 dou-

386 1260 475 1297 σαι
507 1243 597 1296 ἐπὶ
626 1243 716 1297 τὸν
748 1242 970 1296 παλαιὸν
996 1240 1292 1312 ἀμπελῶνα
1319 1241 1465 1304 τίνες
1487 1239 1552 1294 ἂν
1578 1238 1686 1294 εἶεν
1716 1240 1748 1312 ἢ
1782 1241 1830 1294 oi
1861 1239 1954 1294 τοῦ

376 1336 635 1408 Σωτῆρος
664 1334 900 1406 μαθηταὶ
920 1335 1013 1387 καλ¹
1037 1332 1321 1388 ἀπόστολοι
1348 1332 1442 1386 καὶ
1465 1331 1842 1402 εύαγγελισταὶ
1857 1371 1872 1396 ,
1903 1333 1952 1386 οἳ

373 1426 502 1480 καθ’
523 1425 647 1499 ὅλης
679 1426 777 1497 τῆς
789 1425 1109 1497 οἰκουμένης
1138 1424 1228 1478 τὸν
1260 1423 1578 1495 ἐπουράνιον
1609 1423 1762 1478 ύετὺν
1780 1423 1953 1478 διαδε-

368 1515 630 1580 τόωκότες,
650 1518 829 1588 φωνὴν
857 1517 1083 1582 ἔδωκαν,
1105 1516 1245 1570 ῶστε
1260 1519 1340 1579 εἰς
1369 1516 1549 1572 πᾶσαν
1568 1516 1667 1588 τὴν
1683 1516 1786 1588 γῆν
1802 1515 1950 1582 εξελ-

373 1609 494 1663 θεῖν
515 1610 606 1663 τὸν
629 1609 863 1679 φθόγγον
883 1609 1085 1677 αὐτῶν,
1116 1610 1210 1664 καὶ
1229 1611 1308 1673 εἰς
1329 1608 1396 1662 τά
1416 1608 1628 1682 πέρατα
1651 1608 1753 1677 τῆς
1774 1608 1953 1660 οἰκου-

377 1701 550 1773 μένης
571 1702 638 1755 τά
669 1702 886 1774 ῥήματα
916 1700 1243 1768 αύτῶν;’Διὸ
1265 1701 1512 1756 λέλεκται
1530 1718 1544 1732 ο
1573 1700 1784 1771 Φωνὴν
1811 1701 1952 1755 ἐδω-

368 1803 493 1848 οιαν
522 1795 580 1847 αἱ
604 1793 850 1863 νεφέλαι
867 1811 881 1824 ⁸
919 1794 1017 1847 καὶ
1049 1794 1159 1864 γὰρ
1192 1793 1265 1848 τὰ
1285 1793 1441 1861 βέλη
1475 1808 1591 1849 σου
1641 1793 1951 1861 διαπορεύ-

375 1903 562 1942 ονται.
591 1888 724 1941 Ποῖα
751 1887 807 1940 δὲ
835 1887 903 1940 τά
927 1886 1055 1958 βέλη
1083 1887 1115 1958 ἢ
1145 1886 1211 1940 τὰ
1233 1888 1473 1959 σωτήρια
1500 1885 1596 1939 καὶ
1619 1884 1688 1940 τά
1717 1882 1950 1938 ὲκλεκτά

371 1978 447 2034 ’τά
478 1978 842 2050 τιτρώσκοντα
873 1978 974 2042 τάς
999 1977 1110 2031 τῶν
1145 1977 1465 2049 σωζομένων
1517 1976 1694 2047 ψυχὰς
1713 2015 1729 2041 ,
1774 1975 1840 2028 δι’
1873 1969 1950 2029 ὧν

369 2075 411 2146 ἡ
455 2076 641 2144 νύμφη
686 2071 922 2141 Χριστοῦ
964 2072 998 2142 ἡ
1042 2070 1338 2141 Ἐκκλησία
1366 2069 1669 2142 τετρῶσθαι
1700 2070 1951 2141 ὁμολογεῖ

371 2164 660 2233 φάσκουσα
678 2179 692 2192 ·
723 2162 843 2215 Ὅτι
867 2160 1196 2230 τετρωμένη
1221 2159 1456 2231 ἀγάπης
1475 2161 1590 2230 ἐγώ
1604 2176 1624 2224 ;
1647 2160 1757 2214 Καὶ
1788 2160 1950 2224 αὐτὸς

367 2255 430 2310 δὲ
459 2257 488 2309 6
516 2254 706 2326 Σωτὴρ
737 2253 887 2324 βέλος
914 2252 1198 2322 ὠνόμαστο
1230 2252 1372 2306 κατὰ
1401 2251 1495 2306 τὸν
1543 2251 1768 2306 εἰπόντα
1814 2267 1951 2324 προ-

359 2347 549 2420 φήτην
564 2363 579 2378 ’
631 2344 852 2412 Ἔθηκέ
872 2361 950 2414 με
974 2345 1054 2410 ὼς
1076 2343 1264 2409 βέλος
1293 2341 1611 2406 ἐκλεκτὸν,
1655 2343 1754 2424 και
1781 2342 1852 2397 έν
1874 2341 1978 2414 τῇ.

356 2437 630 2508 φαρέτρα
657 2435 842 2492 αὑτοῦ
866 2435 1094 2506 ἔκρυψὲ
1120 2453 1198 2506 με
1222 2451 1238 2468 ο
1301 2435 1459 2490 Ἀλλὰ
1483 2435 1577 2488 τοῦ
1613 2435 1710 2507 μὲν
1736 2435 1951 2506 Πατρδς

367 2531 526 2602 βέλος
559 2525 628 2601 ἦν
659 2531 688 2583 6
722 2529 1020 2603 μονογενὴς
1038 2528 1202 2582 αὐτοῦ
1227 2529 1397 2598 Λόγος
1416 2545 1428 2557 ο
1453 2525 1546 2581 τοῦ
1577 2526 1634 2581 δὲ
1667 2524 1798 2580 Υἱοῦ
1821 2525 1949 2598 βέλη

361 2621 664 2693 ἐτύγχανον
691 2624 738 2675 οἱ
766 2621 1072 2684 ἀπόστολοι,
1101 2622 1195 2675 καλ⁵
1220 2621 1289 2674 τὰ
1308 2619 1426 2673 θεῖα
1452 2619 1548 2673 καὶ
1575 2619 1948 2690 πεπυρωμένα

358 2713 536 2767 αὑτοῦ
562 2713 736 2781 λόγια.
794 2715 884 2766 Διὸ
914 2713 1161 2766 λέλεκται
1189 2714 1248 2765 ὲν
1273 2712 1353 2782 τῷ
1387 2713 1518 2783 περὶ
1543 2711 1636 2765 τοῦ
1662 2709 1945 2781 ἀγαπητοῦ

360 2800 568 2872 ψαλμῷ
590 2818 604 2831 ο
660 2800 742 2854 Τὰ
767 2801 927 2869 ,βέλη
961 2817 1078 2856 σου
1109 2800 1476 2871 ἠκονημένα,
1510 2801 1646 2856 λαοὶ
1669 2799 1948 2856 ὑποκάτω

363 2910 486 2947 σου
518 2892 863 2946 πεσοῦνται.
923 2891 1078 2945 Οὕτω
1103 2892 1145 2945 δ’
1177 2888 1272 2947 οὖν
1302 2893 1396 2946 καὶ
1425 2892 1660 2946 ἐνταῦθα
1696 2894 1908 2967 εἴρηται
1928 2911 1944 2926 ο

363 2983 480 3039 Καὶ
503 2983 612 3054 γὰρ
631 2983 702 3039 τὰ
714 2982 870 3052 βέλη
890 2999 1008 3038 σου
1031 2984 1502 3053 διαετορεύονται.
1526 2985 1944 3058 Περιτρέχονται

361 3071 477 3143 γὰρ
500 3071 812 3144 ἁπανταχοῦ
838 3074 907 3126 τά
936 3073 1030 3126 τοῦ
1058 3074 1293 3145 Χριστοῦ
1321 3073 1448 3145 βέλη
1476 3074 1816 3147 διεπορεύετο
1844 3093 1944 3148 κη-

2061 604 2256 662 tertius
2286 607 2420 663 ordo
2455 617 2724 680 superest,
2757 626 2950 681 nempe
3001 612 3251 679 nubium,
3283 629 3404 685 quae
3434 631 3624 672 vocem

2059 694 2346 755 dederunt.
2378 700 2510 766 Quae
2555 702 2729 757 nubes
2755 703 2860 758 illa:
2888 711 3066 770 erant,
3096 704 3202 759 nisi
3245 705 3444 775 quibus
3483 721 3624 776 pra:-

2059 795 2274 860 ceptum
2297 790 2472 846 fuerat
2501 809 2570 848 ne
2597 794 2846 864 pluerent
2891 809 3055 865 super
3089 795 3302 850 vineam
3339 796 3486 851 illam
3512 797 3627 868 pri-

2057 882 2293 948 Stinam;
2326 883 2627 939 secundum
2657 885 2811 948 illud,
2849 885 2920 938 Et
2985 885 3206 941 nubibus
3251 887 3512 943 mandabo
3565 907 3628 945 ne

2055 971 2242 1041 pluant
2270 988 2427 1042 super
2455 991 2572 1028 eam
2600 975 2821 1030 imbrem
2854 977 2899 1009 ⁸⁸
2920 994 2934 1044 ;
2957 977 3211 1033 videlicet
3249 995 3416 1050 super
3452 996 3628 1051 popu-

2057 1063 2168 1119 lum
2199 1080 2264 1120 ex
2306 1065 2767 1124 circumcisione?
2811 1067 2997 1124 Nubes
3024 1077 3204 1124 autem
3238 1071 3397 1140 aquis
3428 1072 3623 1142 plenae,

2054 1172 2156 1212 nec
2191 1173 2356 1228 super
2379 1159 2594 1214 vineam
2645 1159 2793 1214 illam
2841 1160 3128 1230 pristinam
3172 1164 3441 1232 pluentes,
3474 1180 3624 1234 (μιξε-

2054 1263 2182 1302 nam
2231 1247 2434 1304 fuerint
2472 1250 2577 1306 nisi
2628 1248 2932 1306 Salvatoris
2986 1251 3264 1324 discipuli.
3302 1255 3534 1324 apostoli
3567 1265 3623 1310 et

2052 1340 2417 1411 evangelistaa,
2452 1341 2545 1412 qui
2582 1357 2679 1413 per
2714 1351 2888 1397 totum
2934 1344 3122 1399 orbem
3167 1347 3444 1402 caelestem
3501 1347 3622 1417 plu-

2050 1432 2198 1488 viam
2219 1433 2616 1502 impertientes,
2652 1449 2840 1489 vocem
2876 1435 3168 1500 dederunt,
3200 1438 3275 1491 ita
3312 1446 3370 1492 ut
3398 1439 3452 1492 in
3487 1455 3620 1492 om-

2051 1540 2178 1581 nem
2196 1531 2403 1581 terram
2425 1527 2617 1581 exierit
2642 1541 2810 1583 sonus
2831 1541 3041 1591 eorum,
3095 1537 3150 1583 et
3181 1529 3236 1583 in
3286 1527 3422 1585 lines
3466 1529 3620 1586 orbis

2050 1624 2213 1672 terrae
2249 1617 2414 1672 verba
2455 1617 2684 1673 eorum?
2710 1615 2836 1672 ideo
2873 1617 3080 1672 dictum
3113 1628 3196 1673 est
3227 1637 3240 1672 :
3271 1617 3462 1690 (Vsus.
3501 1618 3618 1691 l9.)

2059 1707 2249 1762 Vocem
2271 1705 2526 1761 dederunt
2544 1706 2726 1772 nubes,
2753 1709 2940 1762 etenim
2957 1709 3164 1778 sagitta:
3187 1719 3292 1763 tua:
3317 1719 3616 1765 transeunt.

2051 1799 2313 1867 Quaenam
2337 1800 2568 1871 sagittae,
2601 1801 2707 1856 nisi
2749 1801 3018 1856 salutares
3054 1808 3108 1856 et
3135 1801 3321 1857 electa
3346 1803 3471 1870 illae,
3498 1817 3618 1874 quae

2051 1886 2262 1947 animas
2300 1891 2535 1948 salutem
2570 1901 2960 1948 consecuturas
3010 1892 3321 1955 vulnerant,
3354 1895 3510 1964 queis
3557 1909 3620 1950 se

2051 1983 2255 2040 Christi
2277 1997 2480 2053 sponsa
2500 1981 2746 2038 Ecclesia
2775 1983 3117 2039 vulneratam
3140 1984 3344 2040 tatetur
3374 1985 3459 2040 his
3487 2001 3615 2040 ver-

2051 2073 2158 2137 bis,
2192 2072 2333 2139 Quia
2361 2074 2636 2128 vulnerata
2665 2091 2843 2129 amore
2869 2093 2988 2130 sum
3010 2075 3094 2129 ‘9?
3117 2075 3342 2148 Ipseque
3367 2077 3621 2133 Salvator

2052 2165 2248 2236 sagitta
2282 2173 2511 2220 vocatur
2550 2166 2692 2237 apud
2749 2167 3068 2238 praphetam
3098 2168 3390 2234 dicentem,
3424 2169 3616 2225 Posuit

2051 2273 2132 2312 me
2159 2258 2313 2328 quasi
2341 2259 2584 2329 sagittam
2635 2258 2876 2322 electam,
2908 2267 2958 2312 et
2998 2259 3053 2314 in
3081 2261 3329 2329 pharetra
3359 2278 3460 2316 sua
3492 2261 3620 2316 abs-

2050 2350 2227 2405 condit
2259 2367 2340 2405 me
2361 2351 2429 2407 '°.
2479 2350 2585 2406 Sed
2613 2348 2792 2404 Patris
2817 2349 3035 2421 quidem
3059 2352 3254 2422 sagitta
3277 2353 3619 2424 unigenitum

2049 2439 2170 2510 ejus
2215 2438 2456 2495 Verbum
2505 2447 2658 2507 erat;
2699 2438 2824 2495 Filii
2861 2454 2991 2495 vero
3039 2443 3246 2512 sagittae
3289 2450 3446 2496 erant
3487 2458 3620 2515 apo-

2049 2533 2198 2598 stoli,
2230 2547 2446 2587 necnon
2472 2532 2654 2587 divina
2683 2539 2738 2588 et
2786 2533 2957 2603 ignita
2989 2533 3111 2603 ejus
3139 2535 3378 2604 eloquia.
3409 2534 3616 2601 Quam-

2048 2622 2235 2678 obrem
2269 2621 2325 2675 in
2357 2621 2569 2692 psalmo
2595 2622 2662 2676 de
2693 2621 2892 2676 dilecto
2915 2622 3118 2677 dicitur
3171 2642 3185 2678 :
3243 2622 3468 2694 Sagittae
3515 2633 3620 2679 tute

2048 2721 2239 2776 acum,
2293 2711 2477 2782 populi
2502 2711 2596 2766 sub
2633 2721 2680 2766 te
2704 2711 2893 2766 cadent
2913 2714 2982 2768 ⁹¹.
3018 2713 3110 2768 Sic
3143 2715 3326 2784 itaque
3370 2712 3426 2769 in
3473 2730 3617 2785 prae-

2047 2801 2189 2858 senti
2215 2800 2420 2856 dictum
2447 2807 2532 2857 est
2575 2819 2589 2856 :
2633 2799 2843 2856 Etenim
2893 2804 3105 2873 sagitta:
3166 2813 3270 2858 tuw
3319 2814 3616 2860 transeunt.

2045 2883 2182 2939 Nam
2209 2886 2420 2956 sagittae
2443 2886 2645 2944 Christi
2685 2888 2887 2958 ubique
2935 2888 3297 2959 praedicantes
3329 2906 3616 2960 percurre-

2043 2979 2210 3047 bant;
2244 2978 2366 3033 ideo
2397 2994 2573 3033 vocem
2603 2977 2858 3033 dederunt
2888 2980 3080 3042 nubes;
3133 2979 3230 3036 sed
3272 2983 3460 3048 etiam,
3518 2982 3622 3036 ii-

2045 3070 2184 3144 quit,
2214 3085 2314 3125 vox
2345 3071 2564 3125 tonitrui
2587 3071 2666 3124 tui
2695 3071 2752 3125 in
2776 3081 2914 3127 rota.
2935 3069 3266 3126 Tonitruum
3316 3072 3407 3126 hic
3445 3087 3618 3128 evan-

367 3163 630 3236 ρύττοντα
650 3180 664 3195 ο
695 3164 775 3218 διδ
802 3163 1012 3234 φωνὴν
1040 3165 1272 3220 ἔδωκαν
1297 3169 1356 3219 αἱ
1381 3167 1631 3236 νεφέλαι
1650 3185 1664 3199 ο
1691 3167 1825 3222 ἀλλά
1850 3166 1944 3222 καὶ

2047 3163 2276 3236 gelicam
2305 3162 2748 3234 praedicationem
2778 3163 3110 3219 subindicat.
3142 3163 3296 3220 Sicut
3326 3165 3473 3220 enim
3512 3180 3618 3221 vox

357 3255 540 3324 φωνὴ
565 3255 675 3324 τῆς
704 3253 1117 3326 βροντῆςσου,
1150 3257 1332 3330 φησὶν,
1357 3259 1428 3313 ἐν
1447 3258 1527 3325 τῷ
1548 3259 1760 3328 τροχῷ·
1789 3259 1944 3332 βρον-

355 3347 467 3422 τὴν
493 3349 555 3404 δὲ
583 3348 817 3404 ἐνταῦθα
843 3349 907 3404 τὸ
937 3350 1200 3424 κήρυγμα
1235 3350 1296 3405 τὸ
1335 3351 1687 3422 εύαγγελικδν
1713 3353 1945 3408 αἰνίττε-

358 3459 476 3497 ται.
546 3441 636 3505 Ὧς
669 3441 777 3512 γάρ
817 3442 970 3513 φωνὴ
1000 3441 1228 3516 βροντῆς
1256 3443 1506 3516 οὐράνιος
1534 3445 1792 3515 τυγχάνει
1823 3443 1941 3516 βοὴ,

361 3535 463 3591 καὶ
499 3537 676 3590 πᾶσαν
723 3535 1068 3608 ἀνθρωπίνην
1111 3537 1521 3607 ύπερόάλλουσα
1552 3537 1780 3610 δύναμιν
1803 3578 1818 3603 ,
1851 3538 1942 3592 τὸν

361 3626 532 3680 αὐτὸν
554 3626 754 3697 τρόπον
780 3627 874 3681 καὶ
898 3627 959 3679 τὸ
989 3627 1340 3696 εύαγγελικδν
1367 3630 1630 3701 κήρυγμα
1651 3671 1666 3697 ,
1694 3628 1943 3702 οὐράνιον

359 3717 650 3790 τυγχάνον,
678 3719 779 3772 ούκ
803 3719 1148 3791 ἀνθρωπίνην
1180 3723 1453 3792 περιεῖχεν
1479 3720 1652 3794 ἰσχύν.
1679 3721 1810 3774 Ούδὲ
1835 3723 1942 3793 γὰρ

361 3811 431 3866 ὲκ
464 3810 666 3882 θνητῆς
694 3809 888 3881 βουλῆς
914 3810 1166 3882 ὡρμᾶτο-
1215 3811 1310 3865 σὺν
1336 3811 1489 3883 θεῖκῇ
1520 3810 1578 3865 δὲ
1609 3810 1828 3882 δυνάμει
1851 3811 1943 3865 τὸν

364 3904 659 3975 σύμπαντα
685 3901 922 3974 ἐπλήρου
953 3901 1174 3974 κόσμον.
1215 3902 1306 3955 Διὸ
1334 3901 1430 3956 καὶ
1457 3902 1583 3966 τοὺς
1613 3902 1943 3968 ἀποστόλους

359 3995 531 4051 αὐτοῦ
551 3996 580 4047 6
601 3995 791 4066 Σωτὴρ
809 3993 1146 4065 βοανῆργτς
1166 3992 1465 4065 ὠνόμαζεν,
1495 3994 1630 4065 ὅπερ
1651 3994 1943 4066 ἑρμηνεύε-

361 4105 456 4145 ται
481 4087 899 4156 υἱοὶβροντῆς.
915 4086 1121 4141 Ούκοῦν
1138 4086 1234 4140 καὶ
1254 4083 1486 4139 ἐνταῦθα
1503 4085 1810 4150 ἀκολούθως
1828 4087 1942 4150 τοῖς

361 4178 675 4252 ἔμπροσθεν
707 4179 916 4250 εἴρηται
935 4191 948 4207 ·
982 4176 1154 4245 Φωνὴ
1187 4176 1298 4245 τῆς
1321 4173 1589 4244 βροντῆς
1619 4191 1736 4230 σου
1762 4175 1832 4228 ἐν
1861 4171 1943 4241 τῷ

358 4268 577 4340 τροχῷ.
608 4269 812 4341 Τροχδν
835 4269 894 4322 δὲ
923 4268 1175 4341 σημαίνει
1199 4267 1291 4321 τὸν
1318 4265 1607 4337 σύμπαντα
1638 4265 1750 4336 βίον
1767 4281 1782 4295 ο
1818 4263 1944 4318 ἐπεὶ

359 4365 460 4418 καὶ
485 4364 544 4415 ὲν
569 4361 648 4432 τῷ
689 4360 935 4433 Ἐζεκιὴλ
964 4359 1156 4432 τροχὸς
1185 4362 1242 4413 ὲν
1269 4357 1448 4430 τροχῷ
1479 4357 1725 4411 λέλεκται
1750 4358 1779 4410 6
1806 4355 1943 4427 σύμ-

360 4471 477 4519 ⁶ι’τας
494 4453 604 4507 τῶν
631 4452 931 4525 ἀνθρώπων
966 4452 1097 4524 βίος.
1127 4452 1282 4506 Ἔστι
1313 4451 1413 4523 μὲν
1436 4445 1529 4505 οὖν
1562 4449 1755 4521 τροχὸς
1775 4449 1804 4501 ὁ
1847 4447 1941 4502 κό-

2045 3255 2274 3310 tonitrui
2318 3255 2559 3312 caelestis
2593 3256 2808 3311 sonitus
2845 3250 3378 3328 est,'humanamque
3399 3271 3618 3312 omnem

2043 3349 2302 3404 virtutem
2323 3354 2650 3418 exsuperat;
2686 3347 2768 3404 sic
2816 3353 2871 3402 et
2919 3349 3236 3420 evangelica
3279 3349 3616 3420 praedicatio,

2044 3441 2286 3497 caelestis
2309 3455 2437 3496 cum
2462 3439 2554 3508 sit,
2590 3453 2702 3494 non
2735 3437 2972 3493 humana
3001 3440 3200 3495 virtute
3231 3437 3456 3510 praedita
3477 3445 3616 3494 erat.

2043 3530 2230 3604 Neque
2263 3533 2410 3588 enim
2443 3547 2511 3586 ex
2534 3528 2750 3585 mortali
2788 3528 3068 3584 voluntate
3087 3529 3362 3600 prodibat,
3393 3527 3488 3584 sed
3527 3528 3618 3583 di-

2042 3627 2170 3681 vina
2200 3632 2472 3697 potestate
2501 3633 2676 3679 totum
2708 3624 2966 3695 implebat
2994 3621 3202 3678 orbem.
3240 3619 3448 3675 idcirco
3479 3634 3616 3688 apo-

2044 3718 2215 3774 stolos
2263 3733 2395 3774 suos
2441 3714 2700 3771 Servator
2749 3717 3043 3785 Boanerges
3077 3714 3433 3783 nuncupavit,
3471 3710 3620 3782 quod

2045 3809 2319 3883 signiﬁcat
2352 3807 2495 3878 ﬁlios
2546 3808 2788 3863 tonitrui.
2838 3806 2938 3863 Hic
2985 3811 3171 3877 itaque
3219 3815 3623 3877 consequenter

2043 3903 2114 3957 ad
2151 3901 2337 3974 priora
2361 3901 2569 3956 dictum
2589 3909 2694 3966 est,
2743 3899 2856 3955 Vox
2881 3901 3103 3954 tonitrui
3137 3901 3215 3955 tui
3241 3901 3297 3954 in
3330 3909 3470 3954 rota.
3505 3895 3621 3952 Ro-

2043 3999 2153 4045 tam
2183 3989 2337 4055 dicit,
2372 3997 2544 4044 totam
2573 3990 2738 4044 vitam
2784 3990 3101 4061 signiﬁcans
3139 4008 3154 4044 :
3204 4004 3332 4043 nam
3386 3989 3442 4044 in
3489 3986 3622 4042 Eze-

2043 4085 2218 4141 chiele
2253 4085 2300 4117 "
2331 4092 2444 4140 tota
2476 4083 2759 4138 hominum
2803 4083 2914 4136 vita
2954 4089 3073 4134 rota
3117 4079 3171 4134 in
3214 4086 3336 4134 rota
3388 4078 3615 4134 dicitur.

2043 4175 2184 4232 Rota
2211 4177 2342 4232 item
2370 4184 2456 4232 est
2480 4173 2717 4230 mundus
2759 4173 2854 4245 qui
2897 4170 3163 4244 sphaerica
3198 4169 3373 4224 forma
3394 4176 3500 4231 est,
3533 4176 3617 4223 at-

2042 4287 2151 4343 que
2173 4270 2229 4324 in
2258 4268 2527 4324 circulum
2549 4273 2818 4322 movetur.
2851 4263 2950 4318 Hic
2979 4268 3160 4317 autem
3185 4269 3305 4316 rota
3326 4267 3409 4316 est
3438 4262 3617 4317 homi-

2044 4379 2175 4419 num
2203 4361 2337 4426 vita,
2371 4375 2493 4432 quae
2541 4356 2870 4415 indesinenti
2916 4355 3275 4412 conversione
3307 4360 3556 4409 movetur
3592 4371 3612 4412 :

2044 4471 2166 4526 quae
2187 4468 2356 4510 causa
2384 4461 2468 4508 est
2496 4458 2557 4507 ut
2591 4457 2713 4506 rota
2753 4451 2808 4505 in
2841 4455 2960 4504 rota
2989 4447 3136 4506 dicta
3181 4446 3365 4502 fuerit.
3414 4443 3619 4500 Secun-

363 4565 504 4619 σμος
532 4545 872 4617 σφαιροειδὴς
885 4543 980 4611 ὣν,
1010 4543 1486 4618 κυκλοφορητικῶς
1513 4561 1573 4598 τε
1604 4542 1940 4614 κινούμενος.

2047 4525 2178 4601 dum
2206 4542 2458 4613 Aquilam
2489 4555 2642 4605 vero,
2679 4538 2795 4594 νοω
2817 4538 3037 4593 tonitrui
3062 4537 3139 4590 tui
3167 4536 3220 4590 in
3251 4543 3402 4599 rota;
3425 4549 3616 4589 secun-

376 4636 640 4692 Ἐνταῦθα
662 4637 720 4691 δὲ
742 4636 934 4708 τροχὸς
953 4637 982 4690 ό
999 4636 1109 4690 τῶν
1130 4635 1432 4708 ἀνθρώπων
1457 4636 1574 4689 ἐστὶ
1599 4635 1732 4707 βίος,
1763 4635 1942 4690 ἀπαυ-

364 4748 491 4786 στον
519 4729 618 4803 τὴν
652 4729 888 4802 στροφὴν
919 4727 1263 4800 ποιούμενος·
1319 4728 1398 4782 διὸ
1430 4729 1524 4782 καὶ
1550 4726 1745 4799 τροχὸς
1778 4728 1836 4780 ὲν
1864 4725 1944 4798 τῷ

361 4821 546 4896 τροχῷ
568 4822 800 4893 εἴρηται.
823 4820 980 4874 Κατά
1003 4819 1058 4873 δὲ
1075 4819 1167 4872 τὸν
1201 4819 1449 4884 Ἀκύλαν,
1478 4818 1649 4888 Φωνὴ
1675 4817 1946 4887 βροντῆς

362 4929 484 4968 σου
516 4912 588 4966 ἐν
617 4911 698 4976 τῷ
735 4909 924 4981 τροχῷ
944 4929 960 4943 ο
994 4909 1135 4966 κατά
1162 4911 1220 4965 δὲ
1245 4911 1334 4964 τὸν
1367 4909 1662 4981 Σύμμαχον
1684 4949 1698 4972 ,
1753 4905 1944 4977 Ἦχος

355 5001 626 5072 ,βροντῆς
648 5016 764 5057 σου
794 5003 864 5057 ἐν
883 5000 962 5066 τῷ
980 5001 1171 5071 τροχῷ
1189 5018 1202 5033 ο
1227 5002 1367 5056 κατά
1394 5001 1450 5055 δὲ
1479 5001 1570 5055 τὸν
1595 5000 1940 5065 Θεοδοτίωνα,

361 5092 538 5161 Φωνὴ
561 5092 828 5162 ,βροντῆς
852 5107 969 5146 σου
987 5093 1057 5148 ἐν
1079 5090 1158 5158 τῷ
1179 5089 1386 5162 τροχῷ.
1419 5092 1530 5146 Καὶ
1553 5091 1650 5145 θέα
1671 5092 1818 5155 ὅπως
1844 5107 1942 5143 κα·-

361 5187 432 5241 τά
461 5185 671 5248 πάντας
690 5186 817 5248 τοὺς
844 5184 1180 5256 ἐρμηνευτάς
1201 5182 1415 5253 τροχὸς
1440 5182 1751 5254 ὠνόμασται
1771 5200 1783 5212 ·
1821 5181 1943 5234 ἐπεὶ

362 5276 459 5329 καὶ
487 5277 522 5347 ἡ
565 5273 828 5346 Ἐὁραῖκὴ
854 5273 1001 5340 λέξις
1020 5272 1326 5343 ,βατελγὲλ
1353 5271 1615 5344 περιέχει,
1633 5273 1770 5342 ὅπερ
1794 5269 1941 5322 ἐστὶν

362 5367 432 5419 ἐν
464 5365 546 5431 τῷ
570 5363 788 5434 τροχῷο
848 5364 989 5418 οὕτω
1021 5364 1079 5418 δὲ
1119 5363 1435 5435 ὠνόμασται
1467 5363 1560 5416 καὶ
1591 5363 1650 5416 ὲν
1685 5361 1762 5433 τῷ
1795 5360 1941 5425 Ἐζε-

363 5458 509 5530 κιήλ.
540 5458 709 5512 Ἔνθα
733 5457 1040 5528 γενόμενος,
1064 5455 1518 5531 παρασημειὼσῃ,
1549 5456 1623 5520 ὡς
1645 5454 1741 5509 καὶ
1764 5456 1797 5526 ἡ
1822 5454 1943 5508 θεία

368 5550 558 5621 Γραφὴ
581 5549 642 5603 τὸ
673 5548 927 5620 περιέχον
949 5548 1143 5620 τροχὸς
1162 5543 1291 5602 οἶδε.
1335 5548 1425 5600 Διὸ
1444 5545 1756 5616 σφαιροειδῆ
1781 5561 1944 5616 φασιν

362 5634 503 5699 εἶναι
549 5641 644 5695 τὸν
688 5639 910 5712 κόσμον.
978 5639 1131 5697 Ἐπεὶ
1171 5640 1266 5694 καὶ
1297 5641 1356 5692 ὲν
1382 5637 1458 5709 τῷ
1490 5636 1693 5709 Ἕσδρα
1721 5637 1750 5689 6
1779 5636 1944 5708 Zopo-

2039 4638 2170 4693 dum
2210 4633 2621 4707 Symmachum,
2655 4629 2876 4688 Sonitus
2903 4630 3125 4686 tonitrui
3148 4628 3225 4682 tui
3249 4629 3302 4682 in
3345 4636 3496 4692 rota;
3523 4641 3613 4682 se-

2039 4728 2286 4784 cundum
2319 4725 2775 4790 Theodotionem,
2810 4723 2924 4779 Vox
2957 4722 3178 4777 tonitrui
3236 4719 3313 4774 tui
3360 4719 3415 4771 in
3469 4727 3612 4774 rota.

2039 4818 2107 4873 Et
2135 4818 2548 4874 animadvertas
2595 4816 2758 4872 velim
2793 4811 3094 4871 secundum
3128 4825 3320 4866 omnes
3347 4807 3616 4879 interpre-

2043 4917 2147 4975 tes,
2179 4916 2318 4968 rota.
2353 4907 2563 4962 dictum
2587 4906 2757 4962 fuisse
2792 4905 2958 4976 :quia
2992 4901 3258 4959 Hebraica
3285 4901 3472 4968 lectio,
3500 4901 3608 4955 Ba-

2042 4999 2228 5072 getget,
2254 4996 2594 5064 circumfert,
2627 4998 2683 5052 id
2706 5006 2790 5053 est
2817 4997 2871 5050 in
2891 5003 3047 5058 rota;
3073 4993 3154 5048 sic
3182 4999 3360 5048 autem
3388 4993 3443 5046 in
3470 4990 3607 5046 Eze-

2041 5092 2216 5148 chiele
2244 5106 2462 5162 quoque
2481 5097 2727 5145 vocatur.
2749 5086 3002 5142 Huccum
3023 5084 3330 5152 deveneris,
3352 5083 3613 5138 observes

2039 5184 2200 5239 velim
2242 5183 2483 5238 divinam
2519 5180 2859 5252 Scripturam
2890 5177 2944 5233 id
2968 5176 3113 5248 quod
3159 5175 3612 5246 circumpositum

2038 5281 2122 5332 est
2141 5288 2241 5344 pro
2261 5279 2382 5328 rota
2417 5271 2639 5327 habere.
2663 5268 2845 5336 Quare
2887 5267 3150 5323 mundum
3184 5265 3250 5320 ad
3282 5266 3508 5336 Spirat-ae
3535 5264 3614 5320 si-

2049 5361 2411 5418 militudinem
2445 5359 2805 5415 constitutum
2838 5356 3012 5411 aiunt.
3041 5353 3176 5408 Nam
3212 5352 3266 5407 in
3295 5352 3468 5407 Esdra
3504 5351 3614 5407 Zo-

2048 5451 2274 5509 robabel
2301 5450 2550 5507 victoria:
2579 5447 2860 5520 praemium
2889 5461 2920 5501 a
2961 5461 3089 5518 rege
3115 5444 3432 5515 reportavit,
3462 5453 3616 5515 post-

2049 5557 2214 5615 quam
2245 5542 2456 5597 dixerat
2486 5558 2500 5596 :
2538 5539 2791 5611 Magnum
2811 5546 2889 5592 est
2921 5538 3126 5605 caelum,
3161 5547 3208 5591 et
3251 5552 3468 5606 magnus
3509 5537 3610 5602 sol,

2048 5636 2175 5706 quia
2202 5634 2419 5688 vertitur
2439 5633 2490 5686 in
2503 5632 2724 5686 circuitu
2740 5631 2875 5693 casti,
2896 5638 2947 5684 et
2963 5630 3236 5685 revertitur
3259 5627 3315 5683 in
3341 5629 3616 5705 proprium

435 5815 484 5848 ⁸⁸
522 5816 626 5874 lsa.
657 5833 712 5883 v,
748 5816 802 5872 6.
877 5813 1122 5892 "*Cant.
1163 5815 1296 5883 ",5.
1370 5817 1416 5849 ”
1461 5831 1561 5872 .sa.
1606 5831 1752 5879 xux,
1779 5813 1845 5885 ξε.
1922 5796 1943 5847 ί

2047 5812 2154 5867 'sal.
2197 5826 2343 5876 κων,
2377 5808 2432 5864 6.
2511 5811 2554 5842 "
2599 5807 2791 5864 Ezech.
2829 5823 2886 5877 ι,
2924 5806 3007 5863 16.
