4066 6388
439 376 546 436 899

1172 368 1442 426 EUSEBH
1493 362 1969 424 CAESARIENSIS
2003 360 2158 418 OPP.
2201 357 2382 414 PARS
2409 356 2494 413 Ill.
2532 387 2599 398 —
2627 351 3037 410 EXEGETICA.

3570 347 3678 408 900

441 495 613 549 locum
641 494 697 548 in
721 508 832 546 uno
863 490 950 545 die
973 490 1041 543 ”.
1077 490 1208 555 Quae
1234 487 1534 543 secundum
1566 484 1846 556 physicam
1875 496 2003 536 con-

2115 477 2271 532 ΰάὸελ
2286 476 2355 529 τὰ
2375 475 2662 558 νικητήρια
2681 471 3027 544 ἀπηνέγκατο
3044 467 3193 540 παρὰ
3211 467 3288 539 τῷ
3310 466 3517 538 βασιλεῖ
3537 469 3681 540 είρη·

441 585 824 640 sidcrationem
857 583 1001 637 dicta
1029 581 1160 637 sint.
1188 579 1313 634 Haec
1334 595 1519 650 porro,
1537 593 1658 648 quae
1682 583 2001 638 tractamus,

440 676 737 746 evangelici
778 673 872 729 Dei
920 673 1185 728 adventus
1213 671 1469 726 virtutem
1503 670 1898 732 vaticinautur;
1949 673 2006 718 ut

442 771 693 823 videlicet
724 769 844 837 ejus
901 782 1066 837 opera
1119 754 1418 818 multitudo.
1441 763 1680 833 gentium
1716 761 1881 813 Deum
1912 774 2006 812 co-

441 858 708 925 gnoverit,
744 857 930 928 abyssi
960 856 1192 909 turbata:
1229 853 1449 916 fuerint,
1492 857 1806 906 memorata:
1834 848 2006 901 nubes

441 966 628 1004 vocem
667 949 945 1014 dederint;
983 948 1193 1017 sagittae
1208 945 1327 1014 ejus
1355 944 1694 1007 transierint,
1713 949 1884 1010 utque
1903 954 2007 992 vox

443 1041 674 1094 tonitrui
710 1039 829 1107 ejus
855 1039 1017 1093 fuerit
1040 1039 1094 1091 in
1121 1044 1268 1104 rota;
1309 1036 1374 1090 ad
1413 1037 1526 1089 haec
1554 1048 1684 1088 vero
1714 1031 1918 1096 omnia,
1947 1038 2006 1082 ut

444 1131 659 1200 fulgura
691 1130 810 1198 ejus
843 1130 897 1183 in
929 1128 1060 1183 orbe
1082 1127 1452 1198 apparuerint.
1483 1125 1615 1191 Quae
1646 1123 1858 1193 fulgura
1888 1121 2007 1190 ejus

443 1239 566 1277 esse
590 1222 814 1284 dixeris,
850 1221 957 1275 nisi
1015 1219 1358 1289 splendorem
1410 1218 1803 1272 charismatum
1837 1213 2007 1268 sancti

446 1315 687 1384 Spiritus
717 1316 808 1384 qui
844 1328 938 1382 per
971 1320 1143 1365 totum
1171 1313 1359 1366 orbem
1390 1309 1667 1381 fulgurat?
1708 1306 1852 1360 Nam
1883 1307 2011 1360 divi-

444 1406 616 1458 siones
644 1407 938 1475 gratiarum
984 1414 1128 1468 sunt,
1186 1405 1323 1457 idem
1356 1420 1472 1457 vero
1506 1402 1754 1471 Spiritus.
1806 1399 1874 1453 Et
1912 1400 2008 1453 alii

445 1497 652 1566 quidem
714 1511 804 1563 per
852 1493 1110 1563 Spiritum
1152 1493 1312 1547 datur
1349 1509 1519 1547 sermo
1574 1491 1868 1560 sapientiae,
1912 1489 2010 1542 alii

445 1603 617 1640 sermo
651 1587 904 1650 scientiae,
940 1587 1038 1639 alii
1066 1587 1196 1654 ﬁdes
1227 1586 1293 1652 ⁸⁸,
1340 1595 1394 1640 et
1447 1592 1664 1639 caetera.
1719 1582 1850 1648 Quae
1885 1597 2008 1636 cum

445 1680 760 1750 pmstantia
790 1680 977 1750 gratiae
1003 1679 1098 1734 Dei
1127 1680 1270 1734 dona
1304 1680 1436 1743 sint,
1463 1694 1562 1734 ceu
1587 1677 1800 1748 fulgura
1823 1675 2012 1730 Eccle-

445 1775 581 1828 siam
618 1773 738 1841 ejus
769 1773 1068 1827 illustrant.

2107 569 2234 632 κὼς·
2260 567 2459 637 Μέγας
2474 570 2505 620 ὁ
2519 564 2794 633 οὐρανὸς,
2814 563 2909 616 καί
2931 560 3120 630 μέγας
3135 563 3168 614 ό
3185 560 3376 628 ἣλιος,
3395 559 3486 612 ὅτι
3509 561 3681 627 στρέ-

2106 678 2274 732 φεται
2302 660 2372 713 ἐν
2401 657 2480 723 τῷ
2508 658 2710 722 κύκλῳ
2731 655 2836 708 τοῦ
2856 653 3136 723 οὐρανοῦ,
3165 652 3262 704 καὶ
3289 651 3683 719 ἐπανέρχεται

2105 757 2191 821 εις
2218 751 2325 805 τὸν
2350 749 2504 802 ἴδιον
2533 748 2718 801 τόπον
2745 746 2813 798 ἐν
2845 743 3033 814 ἡμέρᾳ
3059 740 3183 812 μιᾷ.
3233 741 3419 794 Ταῦτα
3457 742 3554 811 μὲν
3587 737 3683 794 οὖν

2106 845 2247 900 κατὰ
2289 841 2519 914 φυσικὴν
2550 839 2799 911 θεωρίαν.
2861 836 2943 889 Τὰ
2971 836 3026 889 δέ
3065 835 3398 905 προκείμενα
3434 831 3681 896 θεσπίζει

2106 939 2205 1009 τῆς
2232 935 2584 1005 εὐαγγελικῆς
2613 929 2932 1001 Θεοφανείας
2962 929 3060 998 τὴν
3093 927 3316 998 δύναμιν
3342 944 3355 956 ο
3389 927 3481 978 καὶ
3503 926 3583 989 ὡς
3611 925 3680 978 δι’

2107 1031 2274 1101 αὐτῆς
2298 1030 2366 1081 τὰ
2395 1026 2571 1097 πλήθη
2609 1025 2703 1096 μὲν
2740 1023 2846 1077 τῶν
2874 1019 3040 1074 ἐθνῶν
3063 1020 3152 1073 τὸν
3180 1019 3310 1072 Θεὸν
3339 1017 3551 1086 ἐπέγνω
3576 1059 3592 1083 ,
3622 1019 3682 1071 αἱ

2107 1124 2161 1176 δὲ
2189 1121 2411 1177 ἄϐυσσοι
2440 1117 2817 1190 ἐταράχθησαν
2840 1156 2854 1180 ,
2888 1115 2943 1166 αἱ
2970 1113 3026 1166 δὲ
3060 1111 3439 1184 προλεχθεῖσαι
3463 1109 3687 1180 νεφέλαι

2109 1215 2312 1268 ἔδωκαν
2337 1214 2516 1284 φωνὴν
2535 1254 2550 1278 ,
2587 1212 2681 1264 καὶ
2713 1211 2851 1264 ὥστε
2878 1209 2947 1263 τὰ
2976 1206 3100 1278 βέλη
3135 1205 3300 1260 αὐτοῦ
3334 1202 3684 1276 διεπορεύθη,

2110 1306 2204 1360 καὶ¹
2244 1306 2319 1368 ὼς
2350 1305 2498 1376 φωνὴ
2533 1304 2634 1374 τῆς
2661 1303 2885 1373 βροντῆς
2913 1299 3076 1354 αὑτοῦ
3112 1298 3332 1367 γέγονεν
3365 1298 3422 1348 ἐν
3454 1293 3532 1365 τῷ
3558 1309 3688 1365 τρο-

2110 1395 2216 1466 χῷο
2258 1395 2351 1448 καὶ
2400 1395 2493 1446 ἐπὶ
2540 1394 2673 1446 πᾶσι
2712 1391 2923 1453 τούτοις
2965 1391 3039 1450 ὡς
3077 1389 3276 1457 ἐφαναν
3310 1387 3365 1438 αί
3407 1384 3686 1456 ἀστραπαὶ

2109 1487 2270 1542 αὐτοῦ
2289 1489 2354 1557 τῇ
2378 1484 2686 1558 οἰκουμένῃ.
2721 1485 2884 1545 Τίνας
2908 1482 2951 1534 δ’
2984 1481 3050 1534 ἂν
3084 1483 3258 1542 εῐποις
3279 1477 3378 1542 τὰς
3397 1475 3686 1548 ἀστραπὰς

2110 1579 2271 1635 αὑτοῦ
2296 1580 2328 1651 ἢ
2355 1577 2424 1630 τὰ
2446 1577 2622 1647 φέγγη
2644 1575 2752 1628 τῶν
2773 1573 2865 1626 τοῦ
2893 1573 3048 1640 ἁγίου
3071 1570 3210 1623 Πνεύ
3221 1585 3386 1640 ματος
3407 1565 3685 1638 χαρισμά-

2109 1692 2216 1728 των
2239 1671 2306 1724 τὰ
2331 1669 2707 1740 ἀστράπτοντα
2732 1665 2852 1720 καθ’
2877 1664 3006 1735 ὅλης
3031 1663 3130 1732 τῆς
3155 1661 3509 1731 οἰκουμένης;
3541 1660 3689 1710 Διαι-

2103 1762 2306 1832 ρέσεις
2336 1759 2445 1829 γὰρ
2475 1754 2854 1826 χαρισμάτων
2875 1752 3030 1816 εισι,
3065 1751 3130 1804 τὸ
3153 1749 3221 1802 δὲ
3244 1748 3388 1802 αὑτὸ
3421 1743 3682 1814 Πνεῦμα.

441 1864 554 1918 Καὶ
581 1863 626 1928 ᾧ
647 1864 764 1934 μὲν
791 1865 887 1918 διὰ
919 1864 1026 1918 τοῦ
1056 1867 1400 1935 Πνεύματος
1433 1865 1659 1921 δίδοται
1685 1865 1866 1933 λόγος
1907 1861 2144 1930 σοφίας,
2168 1857 2267 1910 καὶ
2302 1855 2469 1920 ἄλλῳ
2516 1852 2698 1920 λόγος
2743 1847 3036 1918 γνώσεως,
3089 1845 3188 1900 καὶ
3236 1844 3407 1912 ἄλλο)
3459 1843 3686 1935 πίστις.

443 1956 623 2010 καὶτὰ
644 1957 840 2010 λοιπά·
863 1956 1044 2021 ἅτινα,
1103 1933 1356 2026 ἐξαίρετα
1382 1957 1523 2012 ὄντα
1551 1956 1646 2010 τοῦ
1687 1955 1822 2010 Θεοῦ
1870 1953 2179 2026 χαρίσματα
2201 1991 2217 2015 ,
2269 1947 2630 2018 ἐξαστράπτει
2673 1942 2770 1996 καὶ
2819 1940 3164 2010 καταλάμπει
3215 1938 3314 2010 τὴν
3362 1933 3689 2008 Ἐκκλησίαν

441 2055 622 2110 αὑτοῦ.

515 2171 683 2229 Vens.
705 2174 796 2228 20.
840 2173 905 2228 In
939 2175 1078 2228 mari
1102 2174 1186 2228 via
1222 2182 1314 2226 tua
1337 2182 1388 2228 et
1431 2175 1632 2229 semita:
1653 2183 1756 2236 tuae
1787 2175 1842 2227 in
1866 2171 2014 2242 aquis
2047 2171 2090 2231 Β

436 2265 648 2328 multis,
672 2275 721 2318 et
751 2267 970 2336 vestigia
1004 2275 1095 2318 tua
1126 2282 1228 2319 non
1264 2275 1659 2337 cognoscentur.
1693 2262 2009 2334 Congruen-

437 2364 530 2411 ter
553 2355 668 2425 jam
691 2356 926 2423 traditis,
956 2372 1226 2412 concussa
1241 2365 1295 2412 et
1319 2365 1592 2412 commota
1615 2363 1697 2412 est
1720 2364 1885 2410 terra.
1905 2353 2010 2409 Pro

440 2451 545 2505 illo
576 2450 743 2516 enim,
796 2461 848 2506 et
901 2452 1233 2514 contremuit,
1281 2450 1584 2505 secundum
1627 2464 1817 2504 omnes
1849 2448 2012 2501 inter-

439 2551 652 2613 pretes,
700 2551 749 2596 et
795 2552 1056 2597 commota
1086 2551 1185 2607 est,
1238 2542 1462 2598 dicitur.
1501 2541 1578 2595 Eo
1633 2552 1811 2598 autem
1848 2540 2012 2594 modo

447 2639 720 2687 commota
748 2641 832 2686 est
865 2642 1030 2699 terra,
1081 2650 1190 2704 quo
1252 2633 1452 2688 dicitur
1489 2633 1543 2687 in
1589 2631 1896 2703 Evangeliis
1926 2631 2009 2684 πε

447 2719 519 2776 Et
544 2723 862 2792 ingrediente
888 2723 1164 2778 Saluatore
1192 2724 1914 2794 Hierosolymam,commota
1936 2731 2012 2776 est

440 2815 620 2869 omnis
658 2816 843 2869 civitas
873 2814 1072 2881 dicens,
1103 2815 1234 2882 Quis
1257 2826 1335 2871 est
1360 2816 1484 2872 hic?
1525 2815 1677 2870 Sicut
1721 2815 1866 2871 enim
1916 2829 2016 2884 per

442 2905 632 2960 locum
688 2907 790 2977 ipsi
827 2907 1064 2963 civitatis
1098 2908 1290 2963 incolas
1320 2908 1698 2980 designantur,
1726 2908 1807 2961 ita
1829 2915 1885 2961 et
1913 2907 2015 2961 hoc

441 2995 573 3050 'loco
633 2997 780 3066 ipsos
814 3007 988 3070 terrae
1034 2998 1244 3052 incolas
1289 3005 1592 3053 commotos
1624 3006 1678 3052 et
1715 3011 2016 3052 concussos

441 3102 572 3142 esse
603 3087 828 3142 dicitur.
880 3087 1062 3153 Quare
1115 3103 1182 3143 ex
1232 3088 1550 3158 evangelica
1600 3088 2014 3158 praedicatione,

443 3179 508 3232 in
542 3177 914 3232 testimonium
943 3179 1198 3234 omnibus
1228 3179 1482 3249 gentibus
1529 3179 1873 3247 annuntiata,
1899 3195 2018 3234 om-

445 3267 605 3320 nium
652 3281 822 3321 aures
855 3274 1142 3322 commotae
1196 3276 1348 3321 sunt.
1384 3267 1796 3338 Consequenter
1835 3277 2016 3324 autem

441 3371 723 3413 concussa
775 3365 830 3412 et
879 3366 1150 3412 commota
1203 3370 1290 3415 est
1336 3366 1484 3414 terra
1535 3367 1851 3431 propterea
1898 3377 2020 3430 qua:

451 3447 606 3520 prius
640 3448 836 3501 tradita
854 3455 1011 3503 sunt.
1046 3447 1178 3502 Nam
1209 3450 1255 3504 si
1299 3449 1598 3504 illuxerunt
1644 3451 1860 3522 fulgura
1898 3452 2017 3521 ejus

2190 2162 2295 2214 Ἔν
2325 2159 2401 2229 τῇ
2433 2158 2713 2225 θαλάσσῃ
2746 2157 2784 2222 ἡ
2821 2153 2960 2219 ὁδός
2992 2167 3109 2207 σου
3147 2152 3246 2206 καὶ
3273 2169 3333 2208 αι
3359 2153 3543 2222 τρίόοι
3565 2168 3691 2209 σου

2108 2257 2177 2310 ἐν
2201 2253 2381 2308 ὕδασι
2425 2247 2696 2314 πολλοῖς,
2733 2245 2928 2300 καὶτὰ
2972 2245 3110 2315 ἴχνη
3149 2260 3266 2298 σου
3301 2246 3372 2298 οὐ
3421 2244 3691 2314 γνωσθή-

2110 2361 2338 2400 σοντιιι.
2394 2339 2726 2404 Ἀκολούθως
2775 2343 2890 2403 τοῖς
2948 2337 3360 2408 ἀποδεδομένοις
3423 2337 3687 2411 ἐσαλεύθη

2111 2439 2203 2492 καὶ
2247 2434 2463 2506 ἐσείσθη
2516 2436 2550 2505 ἡ
2583 2432 2678 2503 γῆ.
2723 2430 2869 2484 Ἀντὶ
2915 2430 3024 2501 γὰρ
3076 2428 3193 2494 τοῦ,
3242 2429 3337 2482 καί
3382 2429 3687 2499 ἔντρομος,

2112 2531 2253 2584 κατὰ
2285 2529 2490 2592 πάντας
2510 2527 2636 2590 τοὺς
2667 2522 3026 2597 ἐρμηνευτὰς,
3056 2523 3153 2576 καὶ
3180 2522 3426 2590 ἐσείσθη
3453 2521 3685 2594 εὕρηται.

2113 2622 2269 2677 Οῦτω
2297 2621 2354 2674 δέ
2385 2618 2604 2689 ἐσείσθη
2646 2621 2679 2688 ὴ
2719 2618 2813 2687 γῆ,
2839 2616 2921 2681 ὡς
2958 2615 3171 2687 εἴρηται
3218 2617 3274 2667 ἐν
3298 2613 3686 2682 Εὑαγγελίοις,

2112 2718 2222 2774 Καὶ
2288 2716 2670 2778 εἰσελθόντος
2713 2711 2818 2766 τοῦ
2871 2709 3141 2779 Σωτῆρος
3181 2711 3268 2774 εις
3313 2707 3692 2778 Ἱεροσόλυμα

2113 2811 2359 2879 ἐσείσθη
2391 2807 2557 2862 πᾶσα
2579 2807 2618 2873 ἠ
2649 2806 2827 2870 πόλις
2851 2802 3117 2872 λέγουσα
3135 2820 3148 2833 ·
3181 2802 3279 2868 Τίς
3297 2801 3468 2854 ἐστιν
3491 2796 3690 2866 οὗτος-ς

2127 2906 2212 2969 Ὠς
2253 2903 2361 2975 γὰρ
2388 2904 2435 2956 οἱ
2480 2900 2579 2972 τὴν
2626 2900 2778 2954 πόλιν
2825 2897 3100 2960 οἰκοῦντες
3135 2894 3425 2967 ἐδηλοῦντο
3470 2894 3560 2948 διὰ
3595 2891 3690 2948 τοῦ

2115 2998 2300 3061 τόπου,
2329 2993 2468 3050 κατὰ
2505 2994 2596 3047 τὸν
2628 2992 2789 3047 αὐτὸν
2816 2991 3019 3064 τρόπον
3057 2990 3152 3044 καὶ
3182 2989 3276 3043 νῦν
3305 2989 3432 3052 τοὺς
3463 2988 3562 3059 τὴν
3589 2987 3692 3059 γῆν

2117 3087 2397 3150 οἰκοῦντας
2431 3083 2756 3154 κλονηθῆναί
2785 3098 2916 3154 φησι
2955 3082 3050 3135 καὶ
3085 3081 3359 3152 σεισθῆναι
3391 3079 3452 3133 τδ
3491 3079 3689 3148 λόγιον.

2119 3178 2210 3231 Διὸ
2244 3178 2394 3231 πᾶσα
2425 3175 2560 3247 ἀκοὴ
2585 3174 2867 3244 κεκίνηται
2900 3173 2964 3225 ἐκ
3002 3170 3094 3224 τοῦ
3127 3168 3483 3239 εὐαγγελικώ
3515 3167 3692 3242 κηρύ-

2119 3288 2326 3342 γματος
2351 3272 2430 3333 είς
2477 3266 2773 3339 μαρτύριον
2822 3267 2954 3319 πᾶσι
2984 3267 3097 3328 τοῖς
3142 3262 3319 3317 ἔθνεσι
3354 3264 3696 3342 κεκηρυγμέ-

2121 3339 2232 3418 νου.
2271 3361 2601 3424 Ἀκολούθως
2642 3359 2698 3412 δὲ
2740 3358 3005 3428 ἐσαλεύθη
3047 3359 3142 3411 xui.
3191 3356 3406 3427 ἐσείσθη
3456 3357 3489 3426 ἡ
3535 3339 3690 3428 γῆίῆ

2121 3451 2384 3522 ἐκλονήθη
2425 3449 2513 3503 διὰ
2539 3450 2608 3503 τὰ
2640 3447 2946 3520 ἔμπροσθεν
2970 3447 3291 3520 λελεγμένα.
3327 3448 3387 3500 Ei
3420 3447 3528 3517 γὰρ
3557 3445 3692 3514 ἐφα-

449 3538 571 3593 orbi
593 3545 773 3603 terrae,
803 3538 850 3592 si
885 3554 986 3594 vox
1015 3541 1242 3594 tonitrui
1273 3540 1395 3610 ejus
1430 3542 1673 3596 insonuit
1708 3542 1764 3597 in
1800 3553 1939 3610 rota,
1973 3545 2016 3599 si

2124 3561 2221 3597 ναν
2260 3545 2316 3596 αι
2355 3541 2629 3612 ἀστραπαὶ
2669 3539 2834 3594 αὐτοῦ
2871 3542 2938 3612 τῇ
2981 3541 3292 3614 οἰκουμένῃ,
3323 3541 3356 3611 ἡ
3395 3537 3549 3608 φωνὴ
3590 3536 3689 3608 τῆς

444 3628 665 3696 sagittae
699 3627 818 3696 ejus
865 3629 921 3682 in
943 3643 1142 3684 omnes
1171 3632 1526 3696 transierunt,
1572 3633 1619 3688 si
1650 3633 1825 3688 nubes
1856 3635 2020 3690 dede—

447 3724 584 3770 runt
607 3733 795 3772 vocem
831 3734 1009 3782 suam,
1032 3734 1098 3773 ex
1127 3719 1212 3775 his
1237 3721 1491 3778 omnibus
1525 3724 1774 3793 sequitur
1795 3741 2024 3781 concus-

456 3823 574 3864 sam
621 3816 676 3862 et
700 3817 1026 3865 commotam
1057 3809 1226 3867 fuisse
1257 3820 1480 3869 terram.
1509 3814 1793 3881 Quomodo
1838 3825 2022 3872 autem

446 3897 510 3956 in
562 3899 703 3952 mari
735 3901 821 3954 via
855 3900 976 3970 ejus
1027 3902 1210 3969 fuerit,
1262 3914 1318 3962 et
1365 3907 1571 3963 semitae
1615 3908 1735 3979 ejus
1770 3909 1826 3964 in
1864 3910 2022 3979 aquis

455 3989 666 4054 multis,
693 4005 757 4043 ac
793 3993 1065 4061 quomodo
1098 3997 1326 4068 vestigia
1377 3999 1497 4067 ejus
1529 4014 1640 4054 non
1680 4015 2014 4071 cognoscan-

447 4085 568 4146 tur,
601 4095 664 4135 ex
696 4081 871 4150 ipsius
901 4084 966 4138 ad
1001 4086 1304 4157 discipulos
1336 4089 1699 4159 promissione
1726 4090 2018 4162 intelligas,

450 4185 579 4242 qua:
612 4170 692 4226 sic
722 4172 882 4227 habet
917 4193 930 4228 :
959 4174 1164 4231 ’Euntes
1203 4177 1380 4233 docete
1417 4196 1591 4235 omnes
1628 4191 1812 4252 gentes
1841 4184 1895 4237 in
1927 4200 2023 4237 no-

455 4261 596 4315 mine
624 4279 736 4317 meo
766 4264 842 4331 9°;
876 4272 929 4319 et
968 4284 983 4320 :
1019 4265 1153 4321 Ecce
1183 4285 1275 4339 ego
1305 4269 1569 4326 vobiscum
1621 4291 1736 4327 sum
1778 4276 2018 4331 omnibus

448 4349 641 4405 diebus
684 4368 846 4421 usque
899 4347 979 4406 ad'
1000 4361 1501 4414 consummationem
1539 4364 1722 4416 seculi
1762 4365 1828 4420 ⁵⁷⁷.
1884 4363 2019 4418 Nam

452 4439 663 4509 ubique
714 4449 984 4495 terrarum
1029 4444 1315 4516 discipulis
1363 4451 1478 4506 suis
1504 4452 1857 4510 invisibiliter
1882 4471 2019 4526 pra:-

449 4549 606 4598 eens,
638 4534 692 4588 in
723 4535 860 4589 mari
894 4537 1038 4600 vitze,
1069 4547 1122 4593 et
1147 4540 1202 4594 in
1236 4543 1422 4599 multis
1459 4546 1697 4614 gentium
1727 4547 1885 4617 aquis
1907 4561 2022 4599 am-

451 4620 718 4681 bulabat:
750 4626 915 4696 idque
939 4630 1153 4683 occulta
1182 4639 1235 4685 et
1261 4633 1518 4690 invisibili
1551 4637 1753 4691 virtute
1797 4651 2021 4706 perage-

449 4717 550 4772 bat
588 4736 600 4770 :
639 4732 810 4786 quare
841 4719 1064 4785 dicitur,
1101 4721 1169 4775 Et
1198 4725 1416 4795 vestigia
1453 4736 1544 4782 tua
1571 4746 1674 4782 non
1703 4744 2020 4799 cognoscen-

449 4816 563 4860 tur.
600 4805 725 4863 Haec
773 4809 956 4880 itaque
985 4811 1038 4865 in
1067 4813 1291 4869 salutari
1321 4814 1417 4872 Dei
1449 4818 1682 4874 adventu
1716 4819 2018 4890 impleban-

2126 3634 2350 3707 βροντῆς
2378 3632 2537 3688 αὑτοῦ
2561 3632 2823 3704 ἐξήχησεν
2861 3633 2918 3686 ἐν
2942 3632 3020 3704 τῷ
3043 3631 3238 3704 τροχῷ,
3271 3633 3323 3684 εί
3347 3631 3415 3685 τὰ
3445 3630 3572 3701 βέλη
3595 3629 3692 3684 αὐ»

2121 3727 2215 3780 τοῦ
2255 3727 2347 3779 ἐπὶ
2372 3725 2579 3788 πάντας
2610 3723 3016 3796 διαπορεύηται,
3043 3727 3091 3778 εί
3133 3727 3189 3777 αἱ
3219 3724 3436 3794 νεφέλαι
3459 3724 3558 3795 τὴν
3599 3722 3694 3775 αὖ·

2121 3821 2229 3875 τῶν
2253 3820 2456 3874 ἔδωκαν
2489 3819 2691 3891 φωνὴν,
2718 3819 3004 3873 ἀκόλουθον
3028 3815 3096 3891 ἦν
3123 3819 3188 3872 ἐκ
3206 3817 3412 3872 τούτων
3436 3817 3695 3870 ἁπάντων

2121 3910 2444 3982 κλονηθῆναι
2469 3909 2563 3962 καὶ
2599 3909 2921 3981 σαλευθῆναι
2948 3909 3046 3980 τὴν
3075 3908 3200 3978 γῆν.
3236 3908 3425 3970 Ὅπως
3461 3907 3519 3961 δὲ
3545 3907 3602 3958 ἐν
3625 3908 3692 3978 τῇ

2121 4001 2362 4072 θαλάσσῃ
2398 4002 2432 4071 ή
2462 3999 2579 4062 ὁδὸς
2597 3998 2767 4052 αὐτοῦ
2794 3999 3006 4068 γέγονε,
3032 3997 3125 4051 καὶ
3152 3998 3206 4049 αἱ
3245 3995 3419 4065 τνρίόοι
3445 3993 3610 4048 αὑτοῦ
3637 3995 3695 4046 ἐν

2123 4091 2278 4144 ῦδασι
2312 4091 2544 4155 πολλοῖς,
2589 4092 2684 4144 καὶ
2711 4089 2785 4152 ὡς
2810 4089 2878 4142 τὰ
2907 4088 3025 4160 ἴχνη
3057 4086 3219 4141 αὑτοῦ
3243 4087 3310 4139 οὐ
3343 4083 3694 4156 γινώσκεται,

2121 4184 2240 4254 εἴσῃ
2267 4184 2564 4252 ἐπιστήσας
2587 4185 2652 4253 τῇ
2682 4181 2817 4254 πρὸς
2847 4181 2970 4244 τοὺς
3001 4177 3245 4250 μαθητὰς
3268 4177 3572 4249 ἐπαγγελίᾳ
3598 4177 3698 4230 αὑ-

2121 4275 2214 4328 τοῦ
2245 4276 2493 4347 φησάσησ
2520 4273 2917 4344 Πορευθέντες
2949 4272 3368 4343 μαθητεύσατε
3400 4270 3596 4324 πάντα
3623 4269 3699 4323 τὰ

2121 4367 2264 4434 ἔθνη
2312 4369 2381 4421 ὲν
2424 4366 2504 4431 τῷ
2553 4365 2798 4435 ὀνόματί
2846 4381 3000 4434 μου*
3042 4364 3155 4428 καὶ,
3208 4362 3353 4417 ἰδοὺ
3403 4361 3520 4430 ἐγὼ
3565 4363 3695 4430 μεθ’

2121 4455 2288 4526 ὑμῶν
2317 4459 2434 4526 εἰμι
2463 4455 2664 4520 πάσας
2691 4457 2800 4521 τὰς
2820 4453 3045 4525 ἡμέρας
3066 4453 3178 4520 ἕως
3203 4451 3314 4522 τῆς
3336 4453 3696 4516 συντελείας

2123 4549 2230 4603 τοῦ
2288 4547 2524 4615 αἰῶνος.
2583 4547 2855 4620 Ἀοράτως
2903 4547 3013 4620 γὰρ
3063 4544 3373 4616 ἁπανταχοῦ
3432 4545 3532 4615 τῆς
3591 4544 3698 4615 γῆς

2125 4637 2297 4692 συνὼν
2337 4643 2450 4703 τοῖς
2481 4638 2642 4693 αὑτοῦ
2681 4639 2946 4712 μαθηταῖς
2984 4643 3041 4692 ἐν
3078 4642 3145 4711 τῇ
3172 4637 3267 4692 τοῦ
3303 4637 3417 4708 βίου
3450 4636 3695 4707 θαλάσσῃ

2124 4733 2357 4796 καὶτοῖς
2389 4733 2602 4796 πολλοῖς
2631 4733 2737 4786 τῶν
2780 4732 2950 4786 ἐθνῶν
3001 4732 3188 4787 ῦδασιν
3234 4731 3553 4804 ἐπορεύετο·
3601 4733 3696 4784 καὶ

2123 4823 2266 4876 τοῦτ’
2295 4824 2559 4896 ἔπραττεν
2592 4826 2808 4898 ἀοράτῳ
2843 4827 2935 4879 καὶ⁵
2966 4826 3161 4896 ἀφανεῖ
3191 4824 3415 4895 δυνάμει
3435 4839 3448 4853 ’
3490 4823 3570 4877 διὸ
3609 4822 3698 4876 λέ-

449 4904 566 4952 tur.
601 4895 727 4952 Haec
758 4910 959 4965 autem,
992 4903 1186 4974 inquit,
1213 4907 1267 4961 in
1299 4910 1522 4964 salutari
1548 4910 1668 4980 ejus
1684 4911 1752 4964 ad
1771 4888 2016 4964 homines

2124 4915 2308 4969 λεκται
2341 4888 2378 4948 ’-
2418 4917 2529 4972 Καὶ
2587 4888 2671 4972 τὰ.
2712 4888 2850 4988 ἴχνη
2911 4888 3028 4973 σου
3091 4920 3162 4972 οὐ
3214 4888 3692 4987 τνιοσθήσονται.

452 4989 693 5044 adventu
731 5007 827 5060 per
852 4996 1205 5050 mutationem
1239 4998 1476 5055 dexterae
1501 5001 1768 5057 Altissimi
1804 5002 1884 5057 sic
1914 4999 2020 5052 im-

454 5078 599 5149 pleta
625 5092 786 5149 sunt;
819 5085 1274 5152 quemadmodum
1328 5091 1455 5144 olim
1484 5093 1540 5146 in
1587 5094 1770 5164 priore
1799 5091 2018 5163 populo,

454 5172 675 5241 quando
717 5174 930 5231 eductis
977 5177 1086 5232 illis
1138 5194 1206 5233 ex
1250 5188 1397 5236 terra
1450 5183 1672 5255 AEgypti
1720 5199 1818 5255 per
1870 5198 2022 5239 mare

454 5263 748 5319 transitum
773 5268 1004 5322 munivit
1035 5287 1048 5323 :
1086 5277 1216 5325 tunc
1249 5273 1392 5327 enim
1423 5282 1849 5330 commonstrata
1905 5275 2018 5329 vir-

453 5357 570 5407 tute
608 5369 726 5418 sua,
751 5355 894 5409 viam
921 5364 973 5411 et
1014 5359 1239 5434 semitas
1267 5363 1323 5416 in
1353 5364 1512 5433 aquis
1548 5364 1734 5419 multis
1768 5365 2016 5436 paravit;

454 5442 531 5496 ita
571 5453 627 5497 ut
661 5454 995 5514 praeeuntem
1048 5450 1227 5520 ipsum
1279 5460 1427 5508 totus
1477 5453 1645 5510 Israel
1684 5455 1740 5509 in
1781 5455 2019 5510 transitu

457 5538 626 5594 maris
648 5549 987 5607 seqUeretur,
1017 5541 1378 5616 incessusque
1409 5547 1527 5616 ejus
1559 5547 1777 5618 ignotus
1812 5549 2020 5602 incom-

457 5625 944 5700 prehensibilisque
973 5631 1286 5690 hominibus
1323 5643 1490 5703 esset,
1520 5636 1741 5708 quando
1791 5637 2018 5694 deduxit

2123 5005 2310 5060 Ταῦτα
2352 5007 2451 5078 μὲν
2481 5004 2572 5062 οὖν
2607 5010 2908 5083 ἐπληροῦτο
2957 5010 3097 5065 κατὰ
3128 5011 3227 5082 τὴν
3267 5011 3534 5081 σωτήριον
3575 5008 3694 5062 θεο-

2124 5095 2349 5165 φάνειαν
2374 5115 2387 5127 ο
2422 5097 2578 5152 Οῦτω
2605 5099 2662 5153 δὲ
2693 5100 2886 5165 ταῦτα,
2915 5101 3099 5172 φησὶν,
3133 5101 3339 5169 ἐγίνετο
3363 5101 3456 5153 ἐπὶ
3480 5099 3583 5170 τῆς
3614 5101 3695 5163 είς

2121 5184 2440 5257 ἀνθρώπους
2462 5191 2762 5261 παρουσίας
2784 5192 2967 5257 αὑτοῦ,
2996 5192 3137 5245 κατὰ
3167 5192 3266 5262 τὴν
3290 5191 3571 5245 ἀλλοίωσιν
3594 5193 3694 5262 τῆς

2117 5277 2296 5343 δεξιᾶς
2319 5279 2412 5332 τοῦ
2449 5281 2704 5351 Ὑψίστου
2724 5300 2738 5312 ·
2769 5282 2955 5357 ὥσπερ
2987 5285 3081 5338 καὶ
3109 5283 3280 5338 πάλαι
3309 5284 3402 5337 ἐπὶ
3432 5284 3529 5338 τοῦ
3557 5301 3694 5356 προ-

2116 5370 2274 5440 τέρου
2312 5369 2439 5426 λαοῦ
2478 5374 2712 5443 ὁπηνίκα
2745 5374 3028 5444 ἐξαγαγὼν
3063 5376 3260 5440 αὐτοὺς
3298 5377 3362 5430 ἐκ
3393 5380 3500 5448 γῆς
3522 5375 3694 5445 Αίγύ-

2119 5477 2253 5513 πτου
2286 5461 2510 5533 διήγαγε
2543 5463 2634 5518 διὰ
2660 5465 2760 5536 τῆς
2791 5465 3065 5538 Θαλάσσης
3089 5487 3100 5498 ·
3135 5469 3230 5522 καὶ
3265 5469 3387 5522 τότε
3429 5470 3539 5542 γὰρ
3579 5469 3694 5524 δει-

2120 5552 2250 5616 κνὺς
2283 5554 2393 5618 τὰς¹
2429 5555 2627 5628 ἀρετὰς
2676 5558 2839 5612 αὑτοῦ
2880 5560 2996 5614 ὁδὸν
3044 5562 3217 5615 ἐποίει
3249 5563 3342 5639 καὶ
3391 5562 3609 5634 τρίϐους
3635 5565 3693 5616 ἐν

2122 5641 2275 5696 ὕδασι
2313 5645 2544 5713 πολλοῖς,
2579 5649 2655 5714 ὡς
2700 5652 3095 5724 προηγουμένῳ
3141 5653 3288 5726 αὐτῷ
3313 5655 3693 5711 ἐπακολουθεῖν

541 5780 585 5813 ’³
622 5782 683 5836 111
718 5783 875 5837 Esdr.
911 5802 985 5853 iv,
1022 5789 1112 5845 Μ.
1185 5792 1232 5825 ’³
1271 5792 1445 5850 lCor.
1483 5810 1596 5863 xu,
1632 5796 1686 5865 4,
1723 5797 1776 5866 8,
1809 5799 1862 5856 9.
1936 5801 1982 5834 "

2115 5802 2212 5857 lth.
2246 5817 2369 5871 xxI,
2407 5803 2492 5860 10.
2569 5807 2614 5838 ’⁸
2653 5805 2841 5867 Matth.
2880 5827 3080 5879 xxvul,
3117 5815 3202 5875 19.
3279 5817 3321 5850 ’τ
3367 5817 3475 5873 ibid
3532 5819 3622 5875 το.
