4066 6430
398 383 516 442 “901

1504 380 2021 440 COMMENTARIA
2053 382 2121 439 IN
2160 383 2502 440 PSALMOS.

3561 384 3672 441 903

386 497 468 550 ς’ὲν
489 498 554 567 τῇ
583 510 776 568 πσρειᾳ
800 495 899 566 τῆς
919 493 1197 566 θαλάσσης
1223 493 1518 550 τδνπάντα
1551 496 1785 567 Ἰσραὴλ,
1810 496 1978 565 ἀγνω-

2088 494 2277 567 (νειιε.
2298 495 2389 567 21)
2429 495 2565 550 εἷεν.
2607 510 2721 550 oves
2765 495 3014 566 populum
3037 509 3190 548 suum
3217 494 3270 548 in
3304 511 3463 550 manu
3492 493 3670 566 Moysi

409 587 535 640 στόν
566 603 626 639 τε
660 581 798 641 εἴναι
837 584 931 639 καὶ
976 584 1362 656 ἀκατάληπτον
1405 584 1712 657 ἀνθρώποις
1750 585 1848 658 τὴν
1889 604 1989 639 που

411 678 564 751 ρείαν
596 676 784 741 αὐτοῦ,
833 677 922 729 ὅτε
976 676 1070 730 καλ⁸
1110 676 1394 748 ὡδήγησεν
1443 677 1523 744 ὠς
1572 679 1836 746 πρόϐατα
1883 677 1992 731 τὸν

408 764 563 825 λαὸν
609 766 794 823 αὐτοῦ
834 768 904 820 ἐν
946 767 1093 838 χειρὶ
1129 766 1359 839 Ηωῢσῆ
1389 769 1487 823 καὶ
1512 768 1759 838 Ἆαρών.
1799 769 1992 834 Ἄλλος

417 862 518 934 μὲν
548 857 642 915 οὖν
674 860 742 913 τά
786 861 1121 932 προκείμενα
1165 861 1382 916 ἅπαντα
1407 862 1514 915 ’ἐπὶ
1542 863 1640 934 τὴν
1684 862 1856 929 ἔξοδον
1889 864 1990 936 τὴν

406 953 501 1006 ἀπ’
530 951 805 1021 Αἰγύπτου
832 952 1056 1018 ἀνοίσει,
1083 953 1202 1006 τότε
1229 953 1616 1026 πεπληρῶσθαι
1653 955 1877 1025 φάσκων
1902 955 1984 1020 τὸ,

402 1043 672 1098 Εῖδοσάν
697 1060 771 1098 σε
795 1044 1004 1109 ὕδατα,
1033 1046 1066 1098 ό
1093 1043 1255 1111 Θεὸς,
1277 1043 1527 1099 ετδοσᾶν
1549 1061 1625 1100 σε
1650 1046 1859 1112 ὕδατα,
1889 1047 1987 1101 καὶ

401 1129 838 1201 ἐφοϐήθησαν,
899 1134 1324 1202 ἐταράχθησαν
1386 1133 1686 1202 ἄϐυσσοι,
1755 1135 1986 1206 πλῆθος

401 1220 598 1293 ἤχους
618 1225 846 1293 ’ὕδατος
867 1243 881 1258 ο
917 1227 1097 1282 πᾶσάν
1123 1245 1185 1280 τε
1217 1229 1316 1300 τὴν
1349 1229 1651 1301 περικοπὴν
1682 1230 1988 1294 ἀκολούθως

401 1315 498 1370 ἐπὶ
530 1316 626 1388 τὴν
665 1319 788 1371 τότε
831 1319 1167 1390 πραχθεῖσαν
1211 1319 1452 1392 ἱστορίαν
1481 1321 1825 1392 ἀναπέμψεν
1873 1321 1986 1391 ἐγὼ

375 1406 482 1473 -δὲ,
623 1409 796 1482 εὑρὼν
822 1411 969 1474 ὅπως
999 1410 1066 1464 τὰ
1093 1411 1216 1485 ἑξῆς
1246 1414 1515 1484 εἰρημένα
1548 1414 1688 1468 κατά
1717 1413 1815 1485 τὴν
1839 1413 1986 1479 λέξιν

377 1499 708 1573 ἐπληροῦτο
731 1519 744 1532 ·
791 1503 851 1556 οὐ
882 1502 989 1573 γὰρ
1027 1504 1296 1575 μέμνηται
1323 1507 1350 1558 6
1378 1505 1654 1568 Mwiioéto;
1696 1505 1878 1576 νόμος,
1911 1506 1986 1570 ῶς

379 1591 625 1660 ’νεφέλαι
657 1594 799 1657 τινὲς
833 1593 973 1647 κατά
1011 1595 1102 1648 τὸν
1137 1596 1325 1669 καιρὸν
1379 1598 1583 1651 ἐκεῖνον
1634 1598 1815 1669 φωνὴν
1861 1598 1987 1652 ἔδω-

399 1699 505 1736 καν
542 1684 892 1755 σωματικῶς,
925 1685 1045 1739 οὐδὲ
1077 1686 1153 1748 ὡς
1196 1687 1322 1758 βέλη
1362 1687 1596 1760 αἰσθητὰ
1622 1689 1983 1760 διεπορεύετο,

399 1770 524 1825 οὐδὲ
557 1773 632 1838 ὼς
659 1774 756 1848 ὅλῃ
784 1775 1077 1849 οἰκουμένῃ
1124 1776 1326 1846 ἔφαναν
1370 1778 1425 1830 αἱ
1471 1778 1748 1849 ἀστραπαὶ
1793 1779 1981 1843 αὐτοῦ,

2093 597 2143 641 et
2169 587 2373 643 Aaron.
2404 587 2561 643 Alius
2592 602 2707 643 eam
2733 587 2917 641 omnia
2971 587 3039 642 ad
3081 588 3290 642 exitum
3320 601 3387 641 ex
3430 586 3667 658 Egypto

2091 676 2311 742 referet,
2353 679 2607 748 dicetque
2646 677 2764 732 haec
2819 677 3009 741 verba,
3073 675 3331 731 Viderunt
3397 686 3446 731 te
3493 693 3666 747 aqua,

2092 767 2257 834 Deus,
2292 769 2535 823 viderunt
2586 777 2637 823 te
2677 784 2845 838 aquas,
2877 779 2927 822 et
2955 769 3261 834 timuerunt,
3290 767 3518 822 turbata:
3544 775 3668 821 sunt

2092 862 2295 933 abyssi,
2348 859 2635 915 multitudo
2684 861 2889 915 sonitus
2940 876 3220 931 aquarum,
3264 867 3395 914 tunc
3445 860 3668 929 impleta

2089 951 2264 1010 fuisse
2298 973 2311 1008 :
2338 959 2618 1022 totamque
2640 952 2945 1008 clausulam
2966 951 3034 1005 ad
3066 952 3216 1005 illam
3248 951 3535 1005 historiam
3581 965 3668 1005 re-

2091 1048 2285 1114 ducet;
2315 1063 2416 1117 ego
2439 1062 2568 1102 vero
2599 1061 2723 1100 cum
2747 1045 3445 1115 nusquam'deprehcndam
3466 1059 3528 1099 ea
3547 1060 3668 1114 quae

2091 1149 2398 1214 sequuntur
2422 1139 2488 1194 ad
2517 1140 2753 1194 litteram
2788 1145 2941 1209 gesta
2970 1136 3171 1204 fuisse;
3219 1137 3419 1208 Moysis
3464 1137 3668 1207 quippe

2090 1233 2176 1288 lex
2205 1247 2314 1286 non
2345 1229 2613 1295 meminit,
2649 1230 2822 1283 nubes
2857 1228 3121 1298 quasdam
3151 1228 3243 1281 illo
3275 1235 3518 1297 tempore
3544 1243 3662 1281 cor-

2089 1339 2261 1396 poreo
2295 1337 2448 1378 more
2479 1337 2668 1378 vocem
2700 1321 2937 1385 dedisse,
2965 1336 3144 1390 neque.
3179 1320 3409 1374 sensiles
3435 1319 3667 1389 sagittas

2089 1416 2400 1480 transiisse,
2427 1431 2602 1485 neque
2633 1431 2729 1484 per
2759 1422 2930 1467 totum
2967 1415 3155 1467 orbem
3191 1413 3406 1484 fulgura
3449 1412 3570 1482 ejus
3601 1413 3668 1465 il-

2088 1508 2315 1571 luxisse,
2349 1523 2458 1579 quo
2487 1515 2734 1577 tempore
2793 1505 2868 1559 illi
2919 1506 2974 1559 in
3029 1505 3246 1560 deserto
3299 1512 3475 1570 erant,
3517 1520 3666 1570 eam,

2086 1617 2207 1674 quae
2234 1601 2366 1656 mihi
2403 1607 2518 1654 tum
2553 1598 2929 1662 succurrebat,
2973 1598 3038 1650 ad
3079 1597 3296 1667 singula
3325 1598 3442 1651 loca
3496 1597 3668 1651 inter-

2085 1693 2443 1765 pretationem
2472 1689 2677 1745 addidi.
2722 1690 2896 1754 Quam
2933 1703 3064 1743 vero
3096 1705 3161 1744 ex
3208 1689 3293 1743 his
3333 1688 3668 1757 interpreta-

2087 1786 2294 1840 tionem
2336 1781 2586 1854 amplecti
2626 1781 2840 1846 debeat,
2891 1795 2957 1834 ει
3001 1779 3225 1850 proprio
3254 1779 3465 1849 judicio
3496 1779 3668 1834 lector

381 1862 524 1915 καθ’
550 1863 607 1917 ὃν
637 1867 827 1937 χρόνον
856 1861 997 1936 ἦσαν
1033 1868 1088 1918 ὲν
1118 1870 1182 1938 τῇ
1212 1868 1404 1938 ἐρήμῳ
1425 1908 1439 1931 ,
1472 1867 1569 1939 τῂν
1602 1869 1978 1923 ὑποπεσοῦσαν

2084 1875 2365 1947 intelliget.

399 1957 484 2017 εἰς
521 1955 648 2018 τοὺς
694 1955 892 2019 τόπους
931 1957 1228 2028 ἑρμηνείαν
1273 1957 1608 2031 παρεθέμην.
1665 1959 1883 2012 ὐποίαν
1920 1960 1975 2013 δὲ
2012 1966 2118 2038 χρὴ
2147 1964 2256 2018 τῶν
2295 1963 2600 2036 εἰρημένων
2653 1959 2884 2031 ὲκδοχῶν
2923 1959 3195 2034 αἱρεῖσθαι
3225 1959 3344 2032 θείᾳ
3373 1959 3448 2030 (1)
3489 1953 3668 2029 κρίσει

393 2045 430 2097 6
461 2044 802 2116 ἐντυγχάνων
834 2046 1058 2100 εἴσεται.

788 2141 1145 2195 ΣΥΝΕΣΕΩΣ
1174 2143 1261 2213 Τῼ
1291 2143 1486 2197 ΑΣΑΦ.
1508 2143 1638 2197 ’οΖ’.

471 2235 828 2302 Προσέχετε,
854 2235 1004 2301 λαός
1029 2253 1169 2303 μου,
1199 2234 1309 2289 τὸν
1332 2236 1521 2305 νόμον
1543 2253 1665 2305 μου
1689 2252 1704 2266 ⁸
1739 2236 1983 2290 κλίνατε

391 2323 468 2378 τὸ
513 2319 622 2390 οὖς
650 2323 821 2393 ὑμῶν
848 2326 935 2390 είς
967 2327 1041 2378 τὰ
1064 2324 1305 2394 ῥήματα
1351 2325 1459 2380 τοῦ
1504 2326 1802 2396 στόματός
1838 2345 1977 2396 μου.

392 2414 711 2488 Παρορμῶν
739 2419 885 2488 ἡμᾶς
914 2418 942 2469 6
966 2415 1122 2484 λόγος
1152 2417 1245 2470 ἐπὶ
1285 2417 1384 2488 τὴν
1420 2416 1630 2472 σύνεσιν
1670 2417 1780 2471 τῶν
1816 2419 1984 2489 ἐμφε-

381 2505 664 2579 ρομένων,
701 2507 1012 2574 Συνέσεως
1037 2507 1135 2580 τὴν
1163 2507 1478 2582 ἐπιγραφὴν
1504 2509 1823 2581 ἐποιήσατο·
1851 2509 1982 2563 ταύ-

387 2616 498 2670 της
522 2597 883 2672 γᾴρδεόμεθα
908 2601 988 2663 είς
1016 2599 1189 2671 θήραν
1208 2601 1307 2673 τῆς
1334 2602 1703 2673 προκειμένης
1724 2602 1984 2666 διανοίας.

391 2690 623 2761 Πρῶτον
685 2690 783 2762 μὲν
827 2685 920 2745 οὖν
980 2692 1265 2763 ζητήσειεν
1317 2693 1382 2747 ἄν
1423 2711 1508 2757 τις
1540 2693 1796 2762 εὐλόγως,
1843 2695 1986 2758 τίνος

393 2782 691 2853 πρόσωπον
721 2781 982 2854 τυγχάνει
1017 2783 1079 2835 τὸ
1112 2784 1319 2852 φάσκον
1351 2786 1409 2838 ὲν
1437 2786 1602 2855 ἀρχῇ,
1630 2783 1983 2854 Προσέχετε,

391 2873 548 2937 λαός
567 2890 707 2942 μου,
737 2873 844 2926 τὸν
881 2875 1069 2942 νόμον
1095 2893 1215 2944 μου
1243 2893 1256 2905 ·
1299 2878 1545 2930 κλίνατε
1574 2876 1638 2929 τὸ
1683 2872 1793 2943 οὖς
1817 2875 1986 2946 ὑμῶν

389 2964 486 3028 εὶς
518 2965 589 3017 τὰ
626 2963 866 3034 ῥήματα
908 2964 1014 3020 τοῦ
1063 2968 1358 3036 στόματός
1387 2986 1531 3037 μου.
1586 2967 1722 3021 Οὔτε
1762 2968 1870 3040 γὰρ
1902 2968 1980 3040 τῷ

409 3053 583 3124 Ἀσάφ
627 3054 750 3108 οὔτε
801 3055 879 3128 τῷ
917 3057 1080 3110 Δαυῒδ
1116 3057 1344 3130 ἁρμόζει
1395 3057 1565 3114 ταῦτα
1609 3059 1820 3128 λέγειν·
1857 3061 1980 3114 ἐπεὶ

398 3144 478 3216 μὴ
511 3146 798 3218 νομοθέται
826 3149 1121 3216 ,γεγόνασιν
1162 3142 1340 3202 οὗτοι·
1388 3149 1509 3203 οὔτε
1551 3151 1632 3215 τὸ,
1669 3147 1789 3216 Οὖς
1816 3151 1981 3221 ὑμῶν

2329 2139 2814 2197 INTELLECTUS
2868 2139 3111 2196 ASAPH.
3153 2138 3392 2194 LXXVII

2161 2234 2448 2299 Attendite,
2483 2232 2673 2302 popule
2729 2247 2895 2298 meus,
2949 2231 3111 2301 legem
3145 2248 3316 2286 meam
3357 2249 3374 2284 :
3417 2232 3670 2288 inminuto

2091 2345 2271 2383 aurem
2300 2337 2529 2382 vestram
2556 2327 2610 2380 in
2644 2325 2801 2380 verba
2833 2324 2942 2378 oris
2976 2325 3097 2378 mei.
3125 2322 3260 2379 Cum
3287 2323 3354 2377 ad
3393 2321 3667 2379 dictorum

2087 2418 2509 2489 intelligentiam
2539 2432 2641 2472 nos
2691 2429 2873 2470 sermo
2919 2422 3198 2485 provocet,
3260 2410 3564 2468 Intellectus
3610 2414 3669 2470 in

2087 2512 2248 2565 titulo
2284 2509 2499 2576 fertur;
2541 2524 2606 2565 eo
2632 2509 2831 2578 quippe
2861 2507 3172 2578 indigemus
3205 2505 3269 2560 ad
3303 2506 3423 2576 ejus
3446 2513 3671 2562 senten~

2093 2602 2704 2674 tiaminvestigandam.
2752 2602 2818 2656 Et
2865 2602 3042 2672 primo
3092 2599 3312 2670 quidem
3365 2608 3671 2670 opportune

2094 2705 2390 2767 quaeratur,
2422 2712 2543 2767 quae
2567 2711 2800 2766 persona
2842 2695 2960 2750 haec
2991 2691 3151 2747 initio
3180 2693 3352 2756 dicat,
3386 2693 3664 2757 attendite,

2093 2785 2280 2855 popule
2306 2802 2472 2851 meus,
2505 2785 2668 2856 legem
2698 2801 2904 2848 meam;
2957 2784 3209 2837 inclinate
3231 2799 3411 2837 aurem
3441 2793 3668 2838 vestram

2091 2878 2146 2932 in
2174 2877 2331 2932 verba
2379 2879 2487 2930 oris
2548 2879 2668 2931 mei.
2719 2875 2842 2930 Non
2894 2875 3038 2931 enim
3092 2873 3282 2928 Davidi
3327 2873 3412 2928 vel
3446 2873 3667 2944 Asapho

2087 2970 2202 3024 haec
2233 2971 2414 3026 dicere
2443 2971 2731 3024 conveniat
2766 2987 2779 3024 :
2816 2969 2894 3022 illi
2929 2967 3128 3038 quippe
3172 2967 3516 3037 legislatores
3549 2981 3664 3020 non

2087 3061 2268 3129 fuere;
2302 3077 2480 3133 neque
2523 3062 2682 3127 illud,
2734 3062 2930 3116 Aurem
2975 3068 3197 3114 vestram
3249 3059 3305 3112 in
3356 3056 3511 3112 verba
3557 3057 3665 3111 oris

2088 3153 2210 3215 mei,
2255 3152 2339 3206 vel
2381 3150 2638 3206 Davidem
2673 3151 2755 3206 vel
2783 3149 3065 3220 Asaphum
3121 3147 3306 3203 dicere
3357 3160 3456 3218 par
3502 3153 3665 3200 erat:

391 3239 487 3305 εὶς
515 3239 588 3292 τὰ
604 3239 846 3309 ῥήματα
891 3240 998 3294 τοῦ
1044 3241 1340 3310 στόματός
1378 3259 1520 3311 μου,
1555 3241 1760 3314 ἔπρεπε
1810 3241 1978 3311 λέγειν

2089 3258 2266 3312 neque
2306 3242 2453 3297 enim
2480 3242 2702 3313 propria
2741 3241 2906 3296 verba
2941 3238 3330 3310 proferebant,
3368 3235 3461 3292 sed
3497 3235 3666 3290 divini

391 3328 516 3401 ἦτοι
549 3329 640 3382 τὸν
685 3329 879 3400 Ἀσάφ,
921 3329 952 3401 ἢ
979 3331 1070 3383 τὸν
1097 3331 1291 3383 Δαυΐδ·
1323 3331 1384 3383 οὐ
1417 3331 1524 3401 γὰρ
1560 3333 1732 3385 οἰκεῖα
1763 3333 1984 3403 ῥήματα

392 3422 756 3493 προσέφερον,
787 3426 852 3495 τῇ
897 3423 953 3475 δὲ
994 3423 1087 3477 τοῦ
1136 3423 1282 3477 θείου
1315 3424 1632 3495 Πνεύματος
1663 3423 1824 3497 βουλῇ
1869 3425 1984 3497 διη-

393 3513 670 3567 κονοῦντο.
698 3513 788 3567 Διὸ
821 3512 1129 3580 συνέσεως
1158 3515 1582 3586 ἐπιγέγραπται,
1611 3514 1686 3579 ὼς
1731 3515 1797 3568 ἂν
1854 3532 1983 3568 συν-

391 3604 549 3674 ῶμεν
580 3605 665 3667 τίς
689 3604 748 3657 τέ
782 3606 930 3658 ἐστιν
953 3606 982 3656 6
1015 3604 1188 3659 ταῦτα
1210 3605 1404 3675 λέγων,
1437 3606 1534 3659 καὶ
1564 3607 1646 3668 τίς
1667 3607 1694 3658 6
1721 3605 1848 3670 λαὸς
1881 3608 1981 3661 αὺ-

387 3693 512 3759 τοῦ,
541 3694 634 3746 καὶ
669 3694 752 3756 τίς
794 3697 822 3747 6
851 3694 1047 3764 νόμος·
1081 3695 1269 3767 ἕτερος
1308 3695 1416 3766 γὰρ
1441 3696 1617 3749 ἔοικεν
1655 3693 1795 3750 εἶναι
1831 3698 1982 3770 παρά

382 3783 488 3836 τὸν
523 3784 822 3846 Μωῦσέως.
858 3783 1043 3838 Ταῦτα
1070 3785 1114 3838 δ’
1149 3785 1425 3839 ὲπιλύεται
1449 3787 1509 3839 τὸ
1537 3787 1886 3856 Εὑαγγέλιον,
1923 3791 1981 3843 ὲν

473 3877 716 3950 εἴρηταιο
768 3879 962 3934 Ταῦτα
1007 3879 1205 3934 πάντα
1239 3879 1550 3947 ’ἐλάλησεν
1583 3883 1616 3934 ὀ
1653 3881 1883 3949 Ἰησοῦς
1911 3882 1981 3936 ἐν

382 3971 760 4039 παραϐολαῖς
814 3971 938 4038 τοῖς
970 3971 1199 4042 ὄχλοις,
1254 3973 1352 4027 καὶ
1405 3973 1584 4040 χωρὶς
1632 3973 1980 4042 παραϐολῆς

381 4064 508 4117 οὐκ
541 4063 745 4116 ἐλάλει
770 4063 976 4131 αὐτοῖς
997 4079 1010 4092 ·
1045 4065 1205 4131 ὅπως
1243 4064 1528 4134 πληρωθῇ
1556 4064 1624 4118 τὸ
1659 4065 1851 4133 ,ῥηθὲν
1880 4064 1980 4120 διὰ

385 4155 500 4210 τοῦ
527 4154 840 4224 προφήτου
882 4155 1200 4227 λέγοντος·
1246 4155 1480 4221 Ἀνοίξω
1511 4158 1581 4210 ἐν
1613 4157 1980 4224 παραϐολαῖς

385 4248 457 4303 τὸ
487 4249 682 4318 στόμα
703 4265 823 4317 μου
847 4265 861 4279 ο
889 4247 1206 4318 ἐρεύξομαι
1235 4247 1614 4316 κεκρυμμένα
1641 4247 1762 4302 ἀπὸ
1800 4264 1979 4302 καταο-

387 4337 597 4408 σολῆς.
628 4341 727 4395 Διὰ
757 4340 911 4394 ποίου
945 4341 1002 4394 δὲ
1044 4341 1322 4412 προφήτου
1366 4340 1539 4393 ταῦτα
1581 4341 1765 4412 εἴρητο
1810 4341 1842 4412 ἢ
1888 4340 1976 4394 διὰ

386 4435 486 4489 τοῦ
550 4435 911 4507 προκειμένου
969 4435 1178 4505 ’Δσάφ;
1231 4437 1296 4488 Ὀ
1359 4434 1432 4506 μὴ
1491 4433 1762 4497 συνιέντες
1808 4433 1971 4499 τινὲς,

388 4527 737 4600 προσέθηκαν
778 4529 835 4581 ὲν
874 4528 952 4598 τῷ
985 4526 1303 4598 Εὐαγγελίῳ
1333 4526 1414 4588 τὸ,
1457 4525 1555 4580 διὰ
1592 4525 1830 4580 Ἡσαΐου
1862 4526 1970 4580 τοῦ

2089 3331 2326 3404 Spiritus
2378 3332 2646 3386 voluntati
2705 3330 3120 3385 ministrabant.
3171 3326 3299 3382 Ideo
3358 3325 3666 3381 Intellectus

2085 3426 2427 3489 inscribitur,
2459 3431 2546 3492 ,ιιι
2579 3423 2954 3494 intelligamus
2997 3424 3122 3492 quis
3154 3419 3272 3475 haec
3323 3419 3492 3482 dicat,
3538 3417 3665 3488 quis

2083 3517 2321 3585 populus
2372 3513 2517 3584 ejus,
2557 3531 2682 3585 quae
2736 3514 2853 3581 lex;
2914 3528 3042 3566 nam
3091 3510 3309 3565 videtur
3347 3509 3450 3563 alia
3483 3523 3513 3562 a
3549 3509 3665 3579 lege

2083 3606 2286 3680 Moysis
2319 3623 2463 3663 esse.
2508 3607 2633 3662 Haec
2662 3621 2829 3677 porro
2853 3603 3018 3660 solvit
3050 3600 3405 3672 Evangelium
3433 3600 3500 3662 ’°,
3533 3613 3662 3653 cum

2082 3699 2200 3752 ait:
2246 3697 2374 3750 Herc
2406 3697 2585 3750 omnia
2623 3696 2831 3750 locutus
2870 3704 2948 3749 est
2978 3691 3136 3746 Iesus
3177 3692 3233 3744 in
3280 3688 3550 3759 parabolis
3592 3687 3661 3740 ad

2082 3788 2286 3852 turbas,
2323 3798 2373 3844 et
2394 3791 2506 3843 sine
2529 3787 2790 3857 parabola
2824 3804 2930 3842 non
2975 3783 3287 3856 loquebatur
3309 3784 3416 3846 eis;
3446 3791 3504 3835 ut
3556 3781 3660 3834 im-

2078 3879 2310 3946 pleretur
2343 3877 2480 3950 quod
2503 3879 2699 3931 dictum
2729 3887 2846 3933 erat
2889 3893 2981 3942 per
3023 3876 3330 3946 prophetam
3377 3873 3656 3929 dicentem.

2077 3971 2328 4039 Aperiam
2370 3973 2424 4026 in
2450 3970 2724 4042 parabolis
2759 3986 2816 4024 os
2846 3985 3038 4031 meum,
3069 3965 3319 4020 eructabo
3349 3964 3662 4020 abscondita

2079 4079 2111 4115 a
2169 4062 2564 4118 constitutione.
2621 4059 2726 4115 Per
2773 4074 2937 4130 quem
2983 4057 3306 4128 prOphetam
3351 4054 3465 4107 haec
3513 4053 3660 4108 dicta

2078 4159 2230 4218 sunt,
2262 4153 2368 4207 nisi
2401 4167 2497 4223 per
2527 4153 2675 4205 hunc
2714 4147 3033 4218 Asaphum?
3089 4143 3247 4211 Quod
3305 4158 3414 4198 non
3455 4141 3660 4196 intelli-

2077 4251 2269 4314 gentes
2316 4243 2539 4313 quidam
2577 4240 2898 4310 adjecerunt
2941 4235 3254 4305 Evangelio,
3307 4249 3413 4303 per.
3449 4230 3658 4286 Isaiam

2075 4336 2382 4407 prophetam
2440 4349 2459 4387 :
2512 4331 2608 4388 sed
2664 4332 2718 4385 in
2754 4327 3029 4384 accuratis
3063 4325 3491 4395 exemplaribus,
3535 4322 3658 4379 sine

2075 4429 2444 4483 additamento
2484 4425 2602 4489 illo,
2633 4439 2726 4494 per
2777 4419 3007 4486 Isaiam,
3045 4418 3120 4473 ita
3151 4415 3478 4488 simpliciter
3510 4413 3652 4468 dici-

2073 4529 2185 4586 tur,
2215 4531 2272 4574 ut
2297 4519 2603 4588 impleretur
2633 4514 2772 4586 quod
2803 4513 3006 4566 dictum
3039 4519 3156 4565 erat
3200 4524 3292 4577 per
3346 4507 3654 4578 prophetam

382 4597 733 4688 προφήτου·
792 4620 851 4671 ὲν
903 4597 959 4671 δέ
1008 4637 1072 4688 γε
1125 4622 1238 4683 τοῖς
1274 4597 1561 4691 ἀκριϐέσιν
1616 4617 1974 4689 ἀντιγράφοις

2081 4615 2354 4676 dicentem,
2396 4611 2645 4680 Aperiam
2677 4608 2732 4660 in
2761 4602 3038 4676 parabolis
3075 4619 3131 4656 os
3174 4616 3367 4665 meum,
3404 4597 3654 4653 eructabo

385 4712 518 4766 ἄνευ
540 4713 642 4782 τῆς
668 4710 985 4782 προσθήκης
1018 4710 1120 4781 τῆς
1155 4710 1254 4764 διὰ
1290 4711 1550 4774 Ἡσαΐου,
1580 4709 1766 4774 ἁπλῶς
1797 4708 1970 4773 οὕτως

387 4804 633 4874 εἴρηταιο
673 4805 866 4869 Ὅπως
893 4800 1183 4872 πληρωθῇ
1206 4802 1274 4855 τὸ
1313 4800 1505 4871 ῥηθὲν
1547 4801 1646 4855 διὰ
1683 4800 1789 4855 τοῦ
1831 4816 1972 4868 προ-

384 4894 584 4964 φήτου
603 4893 890 4964 λέγοντος
905 4912 918 4925 ·
955 4894 1190 4958 Ἀνοίξω
1209 4894 1279 4947 ἐν
1299 4893 1665 4962 παραϐολαῖς
1686 4893 1751 4947 τὸ
1778 4894 1971 4963 στόμα

381 5003 537 5057 μου·
587 4986 902 5057 ἐρεύξομαι
958 4985 1339 5056 κεκρυμμένα
1373 4986 1493 5041 ἀπὸ
1544 4984 1901 5055 καταϐολῆς,
1933 4985 1969 5040 ἃ

383 5078 451 5149 δὴ
482 5077 707 5150 φέρεται
737 5081 795 5134 ὲν
823 5080 936 5142 τοῖς
977 5077 1382 5151 προκειμένοις,
1418 5080 1478 5132 οὐ
1529 5079 1632 5151 μὴν
1677 5079 1736 5132 ὲν
1766 5081 1834 5150 τῇ
1867 5076 1962 5131 τοῦ

399 5167 620 5221 Ἡσαΐου
677 5166 1002 5239 προφητείᾳ.
1063 5165 1270 5221 Οὐκοῦν
1332 5167 1398 5220 ὲκ
1450 5169 1550 5239 τῆς
1604 5167 1965 5238 εὐαγγελικῆς

384 5259 743 5332 παραθέσεως
787 5262 816 5314 6
851 5259 1042 5332 Σωτὴρ
1075 5258 1142 5313 ἂν
1187 5260 1292 5330 εἴη,
1328 5260 1423 5312 καὶ¹
1467 5259 1587 5313 οὐδὲ
1622 5259 1798 5326 ἄλλος,
1829 5261 1858 5314 6
1903 5258 1963 5325 ἐξ

384 5348 588 5404 οικείου
650 5347 941 5423 προσώπου
994 5348 1220 5418 φάσκων
1271 5349 1364 5402 ἐπὶ
1411 5349 1504 5402 τοῦ
1560 5349 1826 5421 παρόντος
1866 5349 1928 5403 τό
1948 5365 1961 5376 ’

386 5440 741 5508 Προσέχετε,
790 5439 939 5504 λαός
977 5456 1117 5508 μου,
1168 5439 1274 5494 τὸν
1324 5441 1513 5510 νόμον
1557 5458 1695 5510 μου.
1743 5441 1859 5494 Ἵνα
1906 5440 1964 5493 δὲ

385 5531 634 5602 συνῶμεν
677 5530 860 5598 αὑτὸν,
901 5529 1210 5597 συνέσεως
1253 5531 1354 5603 τὴν
1406 5526 1732 5605 προγραφὴν
1771 5533 1960 5603 ἐποιή-

388 5636 548 5676 σατο·
577 5623 654 5686 ὡς
684 5623 821 5695 μήτε
852 5621 1067 5694 ψαλμὸν
1103 5623 1238 5696 μήτε
1279 5624 1422 5698 ᾠδὴν
1457 5627 1595 5700 μήτε
1639 5643 1693 5681 τι
1723 5624 1961 5681 τοιοῦτον

457 5739 502 5772 ’⁸
537 5739 727 5794 Matth.
764 5756 899 5808 xm,
931 5740 1027 5806 54,
1065 5742 1156 5800 55.

461 5830 537 5902 (1)
573 5830 758 5898 Forte,
789 5833 984 5905 οἰκείᾳ.

2078 4705 2390 4762 abscondita
2421 4721 2453 4757 a
2485 4700 2880 4764 constitutione,
2915 4711 3039 4767 qua:
3071 4694 3162 4748 hic
3193 4693 3488 4756 habentur,
3541 4705 3654 4745 non

2073 4810 2256 4854 autem
2283 4797 2340 4852 in
2375 4794 2665 4868 praphetia
2699 4792 2876 4847 lsaite.
2913 4788 2993 4842 Ex
3025 4785 3341 4854 evangelico
3375 4783 3544 4853 igitur
3577 4789 3655 4837 te-

2073 4888 2332 4946 stimonio
2355 4885 2614 4942 Servator
2637 4891 2691 4939 et
2720 4897 2830 4937 non
2850 4880 2990 4934 alius
3023 4875 3206 4942 fuerit,
3225 4873 3318 4946 qui
3338 4888 3404 4928 ex
3432 4872 3653 4943 propria

2071 4994 2304 5051 persona
2326 4979 2381 5032 in
2399 4975 2655 5047 praesenti
2676 4972 2832 5038 dicit,
2857 4966 3146 5031 Attendite,
3169 4964 3357 5034 popula
3382 4979 3548 5025 meus,
3576 4960 3654 5016 le-

2068 5090 2183 5144 gem
2204 5088 2395 5126 meam.
2424 5068 2491 5125 Ut
2512 5075 2693 5123 autem
2713 5062 3082 5134 intelligamus
3104 5059 3280 5129 ipsam
3298 5071 3440 5118 esse,
3458 5052 3652 5109 inscri-

2070 5166 2310 5238 ptionem
2330 5161 2660 5222 Intellectus,
2678 5157 2891 5230 posuit;
2911 5155 2988 5208 ita
3007 5160 3064 5206 ut
3085 5164 3261 5220 neque
3273 5147 3538 5238 psalmus,
3552 5158 3650 5198 ne-

2069 5235 2176 5327 que
2203 5255 2504 5318 canticum,
2535 5265 2712 5320 neque
2735 5245 2868 5318 quid
2901 5241 3077 5298 simile
3108 5238 3223 5293 haec
3262 5235 3649 5291 existimentur

2069 5323 2224 5412 esse,
2259 5347 2353 5404 sed
2387 5344 2593 5402 Christi
2625 5341 2692 5396 ad
2732 5335 2997 5409 populum
3048 5345 3231 5395 suum,
3259 5327 3375 5384 sive
3421 5325 3488 5379 ad
3541 5323 3649 5378 Ec-

2071 5439 2291 5495 clesiam
2339 5452 2495 5493 suam
2558 5430 2889 5492 doctrinam,
2925 5440 3034 5498 qua
3091 5423 3159 5478 de
3215 5418 3428 5476 Judaici
3458 5416 3646 5488 populi

2069 5531 2370 5588 sceleribus
2403 5529 2567 5583 verba
2602 5523 2753 5579 facit.
2805 5519 3077 5592 Populum
3114 5527 3280 5587 porro
3308 5510 3427 5582 ejus
3476 5508 3646 5562 alium

2038 5638 2190 5685 .esse
2234 5622 2302 5678 ab
2334 5637 2399 5678 eo
2428 5620 2519 5692 qui
2554 5618 2609 5674 in
2639 5611 2996 5688 sequentibus
3026 5613 3322 5665 accusatur
3345 5599 3646 5672 intelliges,
