4066 6386
370 325 476 380 9θὸ

1461 316 1963 374 COMMENTARIA
2004 317 2069 372 IN
2108 317 2446 376 PSALMOS.

3504 308 3616 389 sos

369 441 653 512 ταὸολῆς·
694 444 810 498 ἀνθ’
838 437 898 499 οὗ
943 445 971 498 ό
1020 442 1117 514 μὲν
1156 441 1402 505 Ἀκύλας,
1445 440 1740 510 Ὀμὸρήσω
1790 441 1922 494 alr!-

2041 446 2216 495 cetur.
2268 440 2406 496 Cum
2464 440 2693 498 dixisset
2740 458 2753 495 :
2807 443 3056 512 Aperiam
3113 444 3165 497 in
3237 447 3492 512 parabola
3551 467 3610 505 os

369 552 560 608 γιιατα
599 534 668 600 ἐξ
722 533 1005 605 ἀρχῆθεν,
1058 532 1389 586 ἐκδέδωκεν⁸
1435 532 1464 584 ὁ
1506 532 1563 585 δὲ
1622 530 1935 602 Σύμμαχος,

385 628 726 682 Ἀναϐλύσω
765 623 1150 694 προϐλήματα
1178 623 1412 692 ἀρχαῖα.
1441 622 1664 678 Μέλλων
1700 622 1756 675 δὲ
1785 622 1813 673 ὁ
1844 620 1938 674 τοῦ

368 717 504 772 Θεοῦ
540 718 708 785 Λόγος
729 716 827 779 τὰς
872 715 1204 787 κατηγορίας
1233 714 1326 768 τοῦ
1364 715 1629 786 προτέρου
1670 710 1938 765 ποιεῖσθαι

368 810 517 873 λαοῦ,
548 809 641 862 καὶ
676 807 776 872 τάς
818 807 1000 871 αἰτίας
1030 807 1097 861 δι’
1134 807 1201 872 ἃς
1242 805 1610 878 ἀποϐέϐληται
1644 804 1938 875 παρατίθε-

369 901 510 965 σθαι,
542 900 852 967 ἀναγκαίως
891 902 956 971 τῇ
1001 899 1193 954 ἑαυτοῦ
1234 898 1531 970 Ἐκκλησία
1573 896 1940 969 παρακελεύε-

366 1009 454 1045 ται
484 992 768 1064 προσέχειν
795 993 906 1054 τοῖς
931 990 1261 1061 λεγομένοις,
1297 990 1390 1043 καὶ
1423 989 1661 1043 συνιέναι
1686 987 1786 1052 τὰς
1830 1006 1936 1043 πα-

366 1081 615 1153 ραθέσεις
657 1082 757 1153 τῆς
795 1081 905 1135 τῶν
949 1081 1194 1134 παλαιῶν
1239 1080 1590 1152 κατηγορίας,
1630 1078 1704 1141 ὡς
1749 1077 1814 1131 ἂν
1860 1079 1936 1152 μὴ

362 1175 475 1236 τοῖς
512 1175 691 1238 αὐτοῖς
718 1172 1024 1244 περιπέσοι,
1056 1169 1301 1243 μαθοῦσα
1326 1171 1383 1224 δὲ
1414 1172 1478 1225 ὲκ
1511 1171 1609 1242 τῆς
1639 1174 1767 1242 περὶ
1793 1169 1936 1222 ὲκεί-

363 1280 470 1318 νων
509 1264 809 1336 διηγήσεως
853 1265 1035 1316 ὁποῖον
1077 1263 1273 1326 αὐτοὺς
1317 1260 1583 1326 διεδέξατο
1622 1260 1790 1323 τέλος,
1834 1278 1936 1313 σω-

364 1356 667 1427 φρονίζοιτο
691 1358 755 1409 ὲκ
781 1354 875 1408 τοῦ
905 1353 1363 1427 παραδείγματος.
1410 1350 1591 1406 Εἰπών
1609 1369 1622 1381 ·
1651 1351 1933 1414 Διανοίξω

361 1447 432 1500 ἐν
458 1446 772 1516 παραϐολῇ
805 1447 870 1501 τὸ
915 1447 1107 1516 στόμα
1146 1464 1282 1513 μου,
1318 1443 1643 1515 φθέγξομαι
1675 1442 1933 1511 προσλή-

356 1553 515 1607 ματα
542 1537 641 1599 ἀπ’
688 1523 901 1606 ἀρχῆς,
934 1537 1182 1607 ἐπιφέρει
1219 1537 1317 1592 τὰς
1361 1535 1455 1588 τοῦ
1496 1534 1760 1609 προτέρου
1801 1526 1930 1589 λαοῦ

360 1629 711 1700 κατηγορίας.
760 1628 1043 1699 Παραϐολῇ
1082 1628 1191 1699 γὰρ
1242 1627 1469 1691 ἐκείνοις
1512 1626 1777 1696 κέχρηται
1809 1625 1931 1679 ἀντὶ

361 1719 756 1791 ύποδείγματος
792 1722 870 1783 είς
895 1720 1168 1792 ἡμετέραν
1202 1718 1501 1773 νουθεσίαν.
1526 1718 1636 1772 Καὶ
1661 1715 1782 1770 καθ’
1815 1717 1929 1771 ἑτέ-

2040 548 2233 594 meum,
2268 532 2459 603 loquar
2486 533 2870 603 propositiones
2901 532 2965 587 ab
2992 534 3163 598 initio,
3196 535 3395 604 prioris
3427 539 3610 610 populi

2040 624 2423 681 accusationes
2449 624 2660 695 adjicit.
2688 622 2955 680 Parabola
2980 625 3181 697 quippe
3210 629 3442 699 exempli
3486 620 3606 685 loco

2042 717 2210 773 utitur
2235 715 2301 770 ad
2333 722 2577 775 nostram
2630 717 3055 774 institutionem.
3100 717 3411 774 Secundum
3446 722 3608 778 aliam

2040 824 2170 864 vero
2192 809 2502 881 explicandi
2535 808 2803 865 rationem
2842 810 2935 866 hic
2978 827 3181 874 sermo,
3229 812 3354 867 ideo
3393 810 3609 869 Judaici

2039 901 2221 973 populi
2258 899 2500 956 facinora
2544 909 2849 966 enumerat,
2890 904 3019 975 quia
3062 905 3316 975 superius
3344 905 3561 962 dixerat
3587 922 3615 963 :-

2043 993 2262 1065 thuid,
2326 992 2489 1056 Deus,
2528 994 2772 1063 repulisti
2812 994 2869 1047 in
2905 996 3085 1064 ﬁnem,
3124 996 3295 1051 iratus
3327 1006 3405 1052 est
3456 998 3608 1067 furor

2037 1096 2159 1140 tuus
2205 1100 2360 1154 super
2380 1100 2497 1139 oves
2539 1100 2751 1154 pascua:
2778 1096 2884 1140 tum
2926 1087 2989 1140 δῖ’
3021 1094 3074 1142 et
3126 1089 3328 1143 similia
3378 1104 3501 1160 quae
3538 1090 3608 1146 de

2034 1177 2252 1237 illorum
2282 1174 2568 1233 obsidione
2593 1175 2743 1229 dicta
2781 1182 2933 1232 sunt.
2967 1175 3104 1231 Nam
3136 1177 3225 1249 hic
3253 1194 3441 1234 eorum
3472 1195 3606 1235 cau-

2034 1280 2128 1320 sas
2149 1265 2344 1334 aperit.
2380 1262 2445 1317 Et
2475 1263 2602 1335 quia
2649 1264 2706 1320 in
2754 1265 3084 1338 praecedenti
3143 1256 3361 1338 psalmo
3397 1267 3606 1323 dictum

2030 1365 2158 1413 est:
2214 1354 2471 1425 Nunquid
2528 1356 2584 1408 in
2637 1364 2893 1413 wternum
2946 1358 3190 1427 projiciet
3243 1358 3520 1421 Dominus,
3546 1369 3596 1414 et

2034 1464 2137 1503 non
2165 1456 2387 1517 apponet
2422 1455 2480 1500 ut
2512 1448 2835 1518 complaceat
2875 1449 3087 1506 adhuc?
3110 1460 3204 1504 aut
3233 1452 3289 1505 in
3315 1452 3473 1521 ﬁnem
3500 1454 3604 1506 mi-

2030 1533 2378 1590 sericordiam
2407 1551 2560 1590 suam
2599 1537 2892 1603 abscindat,
2923 1556 2956 1593 a
2995 1540 3330 1610 generatione
3362 1541 3415 1594 in
3448 1558 3603 1612 gene-

2030 1628 2328 1683 rationem?
2370 1612 2462 1681 aut
2506 1626 2839 1682 obliviscetur
2883 1630 3121 1684 misereri
3167 1629 3329 1694 Deus,
3357 1641 3449 1684 aut
3483 1648 3607 1687 con-

2032 1716 2213 1789 tinebit
2243 1718 2297 1772 in
2324 1718 2406 1773 ira
2434 1734 2533 1773 sua
2555 1719 2947 1773 misericordias
2975 1737 3101 1775 suas
3119 1723 3145 1776 2
3176 1720 3300 1792 jure
3321 1729 3445 1792 post
3486 1721 3602 1777 hzec

362 1831 460 1884 ραν
484 1814 539 1865 δὲ
583 1812 819 1866 διάνοιαν
857 1815 885 1866 ό
914 1811 1102 1883 παρὼν
1136 1811 1289 1881 λόγος
1324 1811 1426 1876 τὰς
1468 1810 1808 1883 παρανομίας
1835 1809 1922 1865 τοῦ

2032 1810 2317 1883 proposita
2371 1808 2559 1879 dubia,
2620 1825 2820 1867 causas
2858 1820 3108 1867 recenset
3166 1828 3265 1866 cur
3312 1810 3600 1867 Judaicam

371 1904 637 1971 Ἰουδαίων
683 1904 867 1967 ἔθνους
918 1903 1437 1976 συγκαταριθμεῖται
1461 1944 1477 1969 ,
1527 1901 1823 1975 ἐπειδήπερ
1872 1903 1922 1955 ὲν

2034 1911 2244 1970 gentem
2268 1900 2349 1954 ira
2376 1900 2430 1955 in
2461 1901 2619 1957 linem
2655 1902 2935 1977 invaserit.
2978 1903 3206 1973 Ipseque
3235 1902 3494 1959 Servatur
3535 1905 3592 1959 in

356 1998 468 2058 τοῖς
500 1994 805 2067 ἔμπροσθεν
846 1994 1090 2064 ἐλέγετο·
1133 1996 1255 2048 Ἵνα
1303 1994 1379 2061 τί,
1431 1997 1464 2049 ὁ
1492 1992 1662 2059 Θεὸς,
1712 1991 1922 2047 ἀπώσω

2033 1993 2364 2063 Evangeliis,
2420 1993 2690 2050 similibus
2755 2010 2852 2050 eos
2916 1993 3076 2051 dictis
3134 1996 3595 2066 alloquebatur“:

354 2088 442 2152 sic
468 2087 660 2152 τέλος,
695 2087 954 2155 ὠργίσθη
983 2090 1016 2140 d
1038 2088 1225 2155 θυμός
1253 2101 1370 2140 σου
1411 2085 1509 2139 ἐπὶ
1541 2086 1805 2156 πρόϐατα
1831 2101 1922 2137 νο-

2034 2083 2247 2149 Quoties
2269 2084 2409 2137 valui
2460 2100 2772 2156 congregare
2801 2085 2941 2155 ﬁlios
2974 2095 3113 2149 tuos,
3159 2084 3601 2155 quemadmodum

350 2177 473 2248 μῆς
500 2193 617 2234 σου
638 2194 658 2242 ;
687 2180 781 2233 καὶ
813 2179 912 2231 ὅσα
939 2177 1075 2233 ἄλλα
1113 2178 1239 2248 περί
1272 2180 1371 2248 τῆς
1394 2175 1807 2246 καταλαϐούσης
1832 2176 1922 2228 αύ-

2027 2176 2234 2246 gallina
2261 2185 2538 2248 congregat
2569 2176 2743 2245 pullos
2778 2193 2898 2232 suos
2930 2176 3027 2232 sub
3081 2178 3221 2245 alas,
3243 2186 3292 2232 et
3315 2176 3602 2233 noluistis!

351 2270 479 2332 τοὺς
524 2269 836 2339 πολιορκίας
884 2269 1118 2338 ἐλέγετο.
1170 2268 1281 2332 Τὰς
1331 2267 1441 2340 γὰρ
1493 2267 1698 2322 τούτων
1746 2267 1922 2332 αἰτίας

2030 2264 2168 2320 Ecce
2189 2267 2514 2337 relinquetur
2542 2267 2684 2322 vobis
2714 2266 2902 2322 domus
2936 2276 3111 2323 vestra
3139 2268 3368 2324 deserta.

350 2360 642 2432 παρίστησι
687 2360 778 2415 διὰ
807 2360 915 2414 τῶν
948 2359 1342 2432 προκειμένων.
1395 2360 1501 2414 Καὶ
1567 2358 1756 2431 ἐπειδὴ
1798 2361 1855 2412 ὲν
1923 2355 2001 2428 τῷ
2032 2357 2140 2430 πρὸ
2182 2357 2370 2412 τούτου
2415 2358 2630 2428 ἐλέγετο
2666 2358 2894 2431 ψαλμῷ·
2933 2359 3030 2428 Μὴ
3074 2362 3156 2427 είς
3195 2361 3338 2427 τοὺς
3381 2359 3601 2427 αίῶνας

347 2456 647 2511 ἀπώσεται
681 2457 915 2526 Κύριος,
945 2456 1041 2510 καί
1071 2457 1144 2510 οὺ
1170 2453 1503 2524 προσθήσει
1527 2455 1635 2510 τοῦ
1659 2454 1985 2522 εὐδοκῆσαι
2014 2453 2133 2519 En;
2156 2452 2196 2523 ἢ
2221 2456 2309 2520 εἰς
2336 2453 2513 2521 τέλος
2558 2454 2626 2508 τὸ
2650 2453 2825 2521 ἔλεος
2883 2440 3067 2511 αὺτόῦ
3124 2456 3421 2525 ἀποκόψει
3477 2456 3597 2513 ἀπὸ

349 2552 560 2621 γενεᾶς
634 2554 721 2619 εὶς
762 2551 1012 2621 γενεάν;
1042 2550 1079 2619 ἣ
1127 2550 1478 2617 ἐπιλήσεται
1558 2549 1665 2604 τοῦ
1705 2546 2074 2617 οὶκτειρῆοάι
2120 2550 2154 2603 ό
2203 2548 2367 2615 Θεὸς,
2408 2548 2449 2618 ἢ
2497 2548 2743 2615 συνέξει
2783 2550 2855 2603 ἐν
2889 2549 2965 2619 τῇ
3028 2548 3177 2627 ὀργῇ
3219 2551 3406 2606 αὐτοῦ
3454 2552 3600 2620 τοὺς

348 2644 685 2712 οίκτιρμοὺς
711 2645 932 2708 αὑτοῦ;
961 2643 1184 2706 εἰκότως
1216 2641 1401 2713 ἐπειδὴ
1422 2641 1648 2696 τοιαῦτα
1678 2641 2041 2712 ὲπηπόρηται,
2102 2640 2203 2703 τὰς
2235 2642 2414 2705 αἰτίας
2452 2641 2547 2695 ἐ.πί
2603 2641 2697 2695 τοῦ
2730 2642 2997 2713 παρόντος
3047 2641 3339 2712 καταλέγει
3376 2642 3477 2715 τῆς
3515 2643 3599 2708 τίς

347 2734 410 2788 τὸ
445 2734 597 2796 τέλος
631 2733 986 2806 μετελθούσης
1010 2733 1070 2786 τὸ
1110 2732 1375 2787 Ἰουδαίων
1405 2732 1554 2795 εθνος
1581 2732 1769 2804 ὀργῆς.
1801 2733 1912 2786 Καὶ
1950 2732 2113 2796 αὐτὸς
2145 2733 2202 2787 δὲ
2230 2735 2304 2805 μὲν
2342 2734 2692 2805 Εὑαγγελίοις
2724 2736 2752 2789 ό
2782 2733 2975 2807 Σωτὴρ
3022 2720 3414 2807 παραπλησίως
3483 2738 3597 2799 τοῖς

349 2823 726 2895 προκειμένοις
798 2825 934 2894 πρὸς
1004 2825 1132 2888 τοὺς
1175 2824 1371 2888 αὐτοὺς
1417 2823 1732 2878 ἀπετείνετο
1775 2824 1948 2894 λέγων
1967 2841 1981 2854 ο
2018 2825 2282 2892 Ποσάκις
2304 2825 2577 2896 ἠθέλησα
2614 2824 3079 2896 ἐπισυναγαγεῖν
3123 2826 3194 2881 τὰ
3231 2827 3419 2882 τέκνα
3454 2843 3593 2893 σου,

348 2915 424 2969 ὃν
458 2917 681 2984 τρόπον
724 2918 886 2987 ὄρνις
912 2917 1264 2990 ἐπισυνάγει
1298 2918 1367 2972 τὸ
1401 2919 1624 2974 νοσσία
1653 2918 1771 2975 ὑπὸ
1810 2919 1915 2985 τὰς
1955 2918 2269 2991 πτέρυγας,
2296 2921 2395 2976 καί
2421 2923 2533 2976 οὐκ
2558 2919 2928 2990 ἡθελήσατες
2962 2921 3104 2977 Ἰδοὺ
3163 2922 3397 2992 ἀφίεται
3450 2919 3595 2991 ὑμῖν

347 3014 382 3066 ό
405 3006 568 3079 οἶκος
603 3012 769 3081 ὑμῶν
794 3012 1029 3083 ἕρημος.

419 3127 567 3180 Ὅσα
603 3128 950 3199 ἠκούσαμεν
974 3127 1075 3184 καὶ
1101 3129 1367 3199 ἔγνωμεν
1393 3129 1565 3195 αὐτὰ,
1595 3131 1692 3186 καὶ
1722 3133 1777 3185 οι
1804 3143 1916 3185 πα-

2100 3130 2266 3186 Vens.
2287 3131 2340 3186 5.
2389 3130 2605 3197 Quanta
2649 3127 2947 3183 audivimus
2976 3136 3027 3182 et
3066 3128 3405 3200 cognovimus
3426 3146 3508 3197 ea,
3538 3138 3596 3186 et

345 3216 510 3286 τέρες
555 3216 723 3287 ήμῶν
763 3217 1130 3288 διηγήσαντο
1171 3219 1335 3291 ἡμῖν.
1377 3219 1459 3274 Τὰ
1494 3220 1592 3292 μὲν
1632 3221 1823 3294 πρῶτα
1859 3220 1919 3288 ἐξ

345 3311 463 3373 ἐνὸς
495 3309 710 3378 ἐλέγετο
742 3310 1057 3382 προσώπου,
1091 3312 1229 3383 ὅπερ
1257 3313 1401 3378 τίνος
1432 3308 1502 3384 ἦν
1543 3312 1919 3368 ἀποδέδεικται

348 3401 448 3472 μὲν
499 3402 564 3455 ὲκ
593 3400 688 3454 τοῦ
731 3402 917 3457 αὐτοῦ.
964 3403 1503 3475 Συμπαραλαμὸἀνει
1535 3404 1592 3458 δὲ
1633 3404 1727 3458 καί
1756 3404 1920 3476 ἕτερα

345 3490 694 3555 ὑποκαταϐὰς
735 3492 837 3563 τῆς
873 3491 1037 3547 αὐτοῦ
1067 3492 1340 3566 θεότητος,
1372 3495 1466 3550 καὶ
1505 3494 1918 3568 ἀνθρωπινώτε-

345 3598 437 3653 ρον
477 3581 865 3652 φθεγγόμενος,
898 3584 975 3647 ὡς
1004 3584 1070 3638 ἂν
1104 3586 1167 3638 ὲκ
1213 3584 1505 3657 προσώπου
1538 3579 1599 3640 οὗ
1633 3586 1920 3657 ἀνείληφεν

324 3670 628 3742 ,ἀνθρώπου
663 3670 755 3724 τοῦ
785 3671 1077 3743 γενομένου
1117 3673 1181 3726 ὲκ
1225 3675 1538 3746 σπέρματος
1581 3673 1741 3727 Δαυῒδ
1779 3676 1921 3728 κατὰ

345 3764 555 3835 σάρκα·
600 3755 661 3817 οὗ
697 3763 796 3834 τὴν
843 3762 1055 3833 γένεσιν
1107 3764 1308 3836 ἱστορεῖ
1351 3766 1413 3819 τὸ
1445 3763 1773 3833 Εὐαγγέλιον
1813 3766 1919 3835 φά-

346 3873 473 3910 σκον
501 3872 515 3884 ’
571 3856 787 3924 Βίϐλος
846 3855 1141 3929 γενέσεως
1212 3857 1417 3925 Ἰησοῦ
1464 3856 1722 3926 Χριστοῦ
1783 3856 1919 3912 υἱοῦ

341 3948 544 4013 Δαυῒδ,
588 3948 723 4004 υἱοῦ
781 3948 1046 4018 Ἁϐραάμ.
1100 3948 1300 4020 Διόπερ
1363 3948 1920 4020 συμπαραλαμϐάνων

340 4043 467 4105 τοὺς
500 4039 642 4093 κατὰ
670 4039 847 4111 σάρκα
876 4039 1155 4110 ὁμογενεῖς
1195 4037 1359 4092 αὑτοῦ
1389 4038 1711 4109 γενομένους
1745 4038 1919 4109 μαθη-

341 4131 440 4195 τὰς
486 4132 580 4184 καὶ
640 4130 991 4193 ἀποστόλους,
1039 4128 1413 4201 πληθυντικῶς
1464 4129 1795 4201 διεξέρχεται
1848 4130 1920 4185 τὰ

344 4221 483 4291 μετὰ
515 4224 701 4293 χεῖρας
731 4219 933 4289 λέγων⁸
974 4221 1120 4273 Ὅσα
1147 4220 1495 4289 ἠκούσαμεν
1531 4218 1629 4273 καὶ
1653 4220 1918 4290 ἔγνωμεν

341 4311 518 4367 αὐτά.
550 4313 676 4367 Ὅτε
704 4312 801 4385 μὲν
834 4313 942 4386 γὰρ
971 4314 1063 4369 τὸν
1084 4314 1211 4367 λαὸν
1238 4313 1430 4367 ἑαυτοῦ
1454 4314 1787 4379 ἀνεκαλεῖτο,
1822 4314 1916 4368 καὶ

340 4407 539 4460 οἰκεῖον
561 4405 723 4476 νόμον
742 4405 929 4470 αὐτοῖς
958 4404 1348 4477 προύϐάλλετο,
1374 4405 1603 4477 παρῄνει
1628 4421 1689 4458 τε
1717 4404 1916 4459 κλίνειν

2022 3234 2199 3291 patres
2233 3221 2403 3275 nostri
2450 3225 2800 3274 narraverunt
2837 3216 3009 3272 nobis.
3045 3215 3237 3272 Priora
3265 3216 3483 3288 quidem
3519 3233 3590 3273 ex

2022 3313 2189 3368 unius
2211 3326 2445 3381 persona
2477 3309 2817 3374 dicebantur,
2852 3322 3100 3378 quasnam
3132 3321 3265 3362 vero
3309 3322 3374 3363 ea
3419 3317 3590 3375 esset,

2022 3424 2091 3467 ex
2117 3406 2308 3464 iisdem
2348 3405 2511 3462 dictis
2555 3404 2989 3461 demonstratum
3022 3408 3127 3458 est.
3155 3399 3275 3457 Alia
3317 3416 3447 3458 vero
3473 3400 3589 3472 jam

2023 3496 2255 3556 assumit
2301 3510 2330 3550 ιι
2379 3496 2580 3552 deitate
2636 3510 2761 3553 sese
2809 3492 3126 3557 demittens,
3167 3500 3217 3547 et
3265 3491 3589 3549 humaniore

2020 3593 2251 3662 loquens
2299 3602 2472 3652 more,
2499 3585 2657 3657 quasi
2717 3599 2786 3640 ex
2838 3597 3072 3654 persona
3116 3582 3377 3643 hominis,
3423 3596 3585 3653 quem

2024 3676 2326 3748 assumpsit
2369 3692 2434 3732 ex
2488 3676 2697 3731 semine
2750 3671 2921 3728 David
2966 3669 3269 3729 secundum
3314 3686 3583 3728 carnem:

2021 3769 2182 3840 cujus
2212 3767 2615 3839 generationem
2633 3772 2822 3821 narrat
2839 3763 3191 3836 Evangelium
3215 3763 3303 3820 his
3322 3762 3502 3819 verbis
3521 3762 3541 3795 τ
3569 3780 3583 3816 :

2020 3860 2178 3916 Liber
2194 3859 2542 3930 generationis
2574 3855 2705 3912 Iesu
2728 3854 2932 3911 Christi
2948 3856 3051 3925 ﬁlii
3073 3854 3264 3924 David,
3286 3856 3388 3926 ﬁlii
3414 3854 3589 3910 Abra-

2020 3951 2165 4005 ham.
2199 3948 2570 4016 Quamobrem
2625 3946 2925 4016 assumptis
2975 3960 3160 4002 secum
3217 3945 3503 4016 discipulis
3531 3955 3587 4001 et

2022 4040 2308 4113 apostolis,
2349 4037 2443 4109 qui
2499 4036 2803 4094 secundum
2851 4050 3074 4095 carnem
3127 4034 3372 4105 ejusdem
3427 4036 3585 4107 cujus

2020 4132 2137 4203 ipse
2158 4130 2375 4202 generis
2398 4137 2577 4195 erant,
2606 4126 2890 4199 pluraliter
2921 4126 3038 4181 hac
3069 4125 3324 4182 edisserit
3351 4125 3541 4183 dicens
3567 4147 3581 4181 :

2021 4225 2237 4292 Quanta
2268 4222 2565 4276 audivimus
2591 4229 2641 4276 et
2664 4220 3001 4290 cognovimus
3031 4234 3117 4273 ea.
3152 4215 3431 4287 Siquidem
3456 4232 3581 4274 cum

2021 4315 2280 4386 populum
2326 4328 2485 4370 suum
2521 4312 2835 4377 advocaret,
2867 4324 2932 4366 ac
2977 4308 3253 4381 propriam
3276 4309 3379 4380 ipsi
3410 4308 3584 4380 legem

2022 4410 2371 4478 proponeret,
2421 4404 2785 4473 invitaretque
2827 4407 2890 4457 ut
2929 4400 3257 4456 inclinarent
3302 4413 3490 4454 aurem
3515 4398 3585 4453 ad

338 4498 400 4553 τὸ
427 4494 521 4563 οὖς
545 4501 658 4562 τοῖς
682 4496 842 4553 αὑτοῦ
876 4499 1102 4571 ῥήμασι,
1141 4497 1239 4551 σὺν
1268 4495 1549 4568 αύθεντείᾳ
1579 4496 1830 4569 βασιλικῇ
1859 4495 1919 4561 ἐξ

2025 4497 2187 4554 verba
2221 4510 2344 4560 sua,
2373 4495 2701 4551 auctoritate
2738 4492 2886 4565 regia
2929 4508 2998 4549 ex
3037 4491 3201 4547 unius
3232 4504 3466 4561 persona
3486 4490 3584 4544 ad-

340 4589 459 4655 ένὺς
488 4574 779 4662 προσώπου
808 4587 1139 4661 προεφέρετο
1160 4588 1260 4661 τὴν
1288 4586 1660 4659 παραγγελίαν
1677 4604 1691 4619 ⁶
1716 4586 1811 4642 νῦν
1831 4586 1910 4653 δὲ,

339 4682 428 4735 ὅτε
447 4681 557 4736 τῶν
580 4680 821 4735 παλαιῶν
838 4680 1289 4752 ἀναγνωσμάτων
1312 4683 1660 4754 ἐπιτέμνεται
1683 4680 1782 4753 τὴν
1805 4680 1915 4751 διή-

340 4790 522 4845 γησιν,
559 4776 851 4828 κοινοποιεί
878 4774 967 4827 τὸν
997 4772 1151 4842 λόγον
1180 4775 1609 4848 ὑπομιμνήσκων
1638 4773 1709 4827 τὰ
1746 4770 1912 4826 πάλαι

341 4867 729 4941 πεπραγμένα,
749 4867 844 4922 καὶ
862 4866 937 4933 ὡς
956 4866 1022 4921 ἃν
1048 4870 1158 4932 τοῖς
1182 4870 1315 4921 πᾶσι
1333 4867 1583 4940 γνώριμα
1604 4864 1914 4936 ἐπαναλαμ-

341 4959 517 5015 ϐάνων
544 4961 614 5015 τὰ
645 4960 754 5015 ἀπὸ
780 4961 877 5032 τῆς
913 4959 1188 5029 ἱστορικῆς
1215 4958 1436 5030 Γραφῆς
1469 4957 1786 5031 δηλούμενα.
1822 4955 1916 5010 Διό

341 5069 506 5123 φησιν
518 5069 531 5082 ·
553 5052 702 5106 Ὅσα
721 5051 1069 5119 ἠκούσαμεν
1082 5049 1180 5103 καὶ
1203 5049 1468 5121 ἔγνωμεν
1486 5047 1658 5106 αὐτά.
1674 5047 1748 5102 Οὐ
1781 5046 1913 5102 πάν-

338 5153 449 5193 των
479 5138 535 5193 δέ
570 5141 686 5193 ἐστι
710 5138 771 5191 τὸ
799 5136 1018 5192 ἀκούειν
1056 5138 1149 5192 καὶ
1182 5136 1487 5216 γινώσκειν,
1515 5136 1629 5190 ἀλλ’
1660 5134 1696 5207 ἢ
1737 5135 1912 5208 μόνων

339 5232 446 5285 τῶν
477 5231 765 5287 συνιέντων
800 5231 926 5295 τοὺς
975 5229 1186 5300 λόγους.
1218 5229 1315 5284 Διὸ
1355 5230 1452 5284 καὶ
1489 5231 1518 5282 ὸ
1541 5228 1804 5292 Φίλιππος
1834 5226 1913 5300 τῷ

338 5324 576 5395 εὐνούχῳ
605 5323 787 5392 ἔλεγεν
805 5340 819 5354 ο
848 5316 1002 5390 Ἀρα
1040 5319 1353 5393 γινώσκεις
1379 5320 1420 5376 d
1445 5320 1913 5391 ἀναγινώσκεις

351 5414 489 5469 Ἀλλ’
514 5416 639 5481 οὐδὲ
671 5417 834 5470 πᾶσιν
861 5416 909 5468 οἱ
932 5413 1167 5487 πατέρες
1198 5412 1544 5485 διηγήσαντο.
1577 5411 1695 5466 Ούκ
1716 5409 1915 5482 ἔχομεν

338 5507 468 5574 γοῦν
501 5511 664 5583 ἡμεῖς
694 5509 744 5562 oi
783 5507 843 5575 ἐξ
874 5500 1042 5560 ἐθνῶν
1078 5505 1158 5578 τῷ
1183 5506 1313 5577 θείῳ
1350 5490 1495 5576 λόγῳ
1525 5501 1910 5575 προσελθόντες

338 5598 685 5667 διδασκάλους
751 5599 1159 5674 ὲπιγράψασθαι
1202 5598 1311 5653 τῶν
1357 5593 1516 5653 θείων
1574 5594 1910 5667 μαθημάτων

2018 4588 2373 4645 monitionem
2406 4574 2757 4658 proferebat;
2797 4598 2943 4641 nunc
2973 4598 3102 4640 vero
3148 4597 3273 4639 cum
3328 4581 3582 4652 antiqua-

2020 4693 2143 4733 rum
2161 4678 2455 4734 lectionum
2485 4676 2857 4735 narrationem
2889 4673 3212 4746 compendio
3245 4672 3433 4738 rel‘ert,
3464 4688 3593 4728 sera

2018 4784 2239 4833 mortem
2289 4768 2449 4840 quasi
2508 4767 2565 4822 in
2643 4764 2922 4822 communi
2982 4764 3248 4830 enuntiat,
3305 4763 3397 4817 illa
3451 4762 3581 4817 olim

2021 4867 2175 4931 gesta
2205 4872 2661 4922 commemorans,
2687 4863 2744 4912 et
2771 4869 2893 4926 quae
2922 4853 2979 4909 in
3012 4852 3243 4908 historia
3286 4850 3588 4922 Scripturae

2021 4946 2272 5003 feruntur
2325 4960 2427 5003 ceu
2492 4944 2750 5001 omnibus
2826 4952 2955 4999 nota
2990 4998 2993 5003 ι
3029 4956 3337 4998 resumens.
3403 4940 3586 5009 Quare

2019 5037 2094 5092 ait
2136 5054 2152 5092 :
2203 5037 2419 5105 Quanta
2485 5035 2783 5090 audivimus
2843 5042 2893 5089 et
2958 5033 3293 5105 cognouimus
3346 5049 3429 5088 ea.
3463 5030 3585 5088 Non

2015 5126 2259 5186 omnium
2283 5144 2449 5202 porro
2479 5135 2566 5184 est
2587 5127 2776 5184 audire
2807 5133 2863 5183 et
2894 5139 3246 5197 cognoscere,
3269 5124 3363 5181 sed
3393 5139 3585 5179 eorum

2013 5229 2226 5278 tantum
2259 5221 2355 5292 qui
2394 5232 2701 5276 sermonem
2751 5212 3083 5288 intelligunt.
3113 5215 3324 5271 Idcirco
3366 5214 3583 5270 dicebat

2014 5314 2266 5372 eunucho
2290 5312 2574 5384 Philippus
2605 5329 2619 5366 :
2657 5309 2894 5364 Putasne
2932 5307 3187 5380 intelligis
3217 5323 3335 5379 qua:
3371 5306 3501 5377 legis
3526 5306 3585 5358 '?

2016 5406 2123 5464 Sed
2153 5421 2263 5462 non
2291 5405 2547 5462 omnibus
2575 5417 2868 5460 narravere
2900 5409 3105 5473 patres.
3136 5400 3250 5457 Nos
3279 5400 3461 5472 itaque
3488 5400 3585 5479 qui

2014 5512 2081 5553 ex
2103 5497 2356 5570 gentibus
2378 5495 2449 5551 ad
2477 5494 2721 5551 divinum
2752 5493 2981 5550 verbum
3022 5492 3378 5559 accessimus,
3399 5502 3582 5564 patres

2011 5601 2230 5649 nostros
2255 5588 2556 5646 secundum
2593 5603 2817 5646 carnem
2853 5587 3164 5646 divinarum
3207 5585 3387 5678 nobis"
3413 5585 3583 5645 disti-

407 5756 430 5788 '
464 5756 609 5815 Psal.
644 5772 849 5822 LXXIII,
889 5758 940 5811 L
1016 5754 1038 5786 ⁸
1076 5753 1266 5808 Matth.
1300 5770 1466 5822 χχιιι,
1497 5755 1588 5808 '57.
1662 5754 1682 5786 ⁷
1720 5748 1912 5807 Matth.

2025 5748 2097 5821 ι.
2126 5748 2170 5821 _'
2195 5745 2314 5803 Act.
2345 5759 2467 5814 vm,
2498 5744 2588 5801 50.

659 5848 932 5910 ΡΑτιιοι..
969 5842 1087 5908 GI.
1123 5843 1359 5913 XXIII.

3181 5834 3371 5903 29.
