4066 6388
471 338 579 395 9οἹ

1105 331 1378 390 EL'SEBll
1416 330 1897 388 CESARIENSIS
1932 330 2081 388 OPP.
2123 327 2307 386 PARS
2343 329 2428 386 Ill.
2468 359 2539 371 —-—
2575 328 2984 387 EXECETICA.

3618 336 3730 392 908

467 462 737 535 plinarum
759 458 1049 529 magistros
1074 455 1350 511 ascribere
1374 469 1483 509 non
1507 469 1832 526 possumus;
1858 469 2039 509 verum

2147 452 2273 516 reb;
2303 450 2444 505 κατὰ
2468 449 2647 522 σάρκα
2680 449 2955 520 πατέρας*
2983 449 3095 502 ἀλλ’
3120 449 3148 503 ὅ
3179 467 3239 519 γε
3266 451 3457 523 Σωτὴρ
3483 451 3543 517 ἐξ
3564 454 3731 509 αὐτοῦ

471 546 728 605 Servator
753 563 877 604 cum
915 562 979 603 es
1013 561 1111 601 sua
1148 553 1261 600 tum
1284 561 1350 600 ex
1373 546 1769 617 apostolorum,
1800 545 2042 615 discipu-

470 641 641 695 lorum
664 646 718 695 et
747 637 1207 709 evangelistarum
1242 652 1490 701 suorum,
1509 638 1601 707 qui
1629 636 1821 693 iisdem
1846 621 2043 708 quibus

468 730 586 802 ipse
603 730 851 801 patribus
873 720 1172 784 secundum
1196 743 1418 783 carnem
1441 729 1709 799 progeniti
1740 736 1889 792 sunt,
1915 744 2043 799 per-

469 836 627 883 sona,
660 820 761 876 has
798 818 1002 891 profert
1044 834 1247 875 voces:
1275 818 1493 886 Quanta
1526 818 1824 873 audivimus
1866 826 1915 872 et
1955 833 2043 871 co-

465 912 740 983 gnovimus
757 926 840 976 ea,
861 920 909 965 et
933 920 1109 980 patres
1136 910 1306 965 nostri
1332 919 1680 963 narraverunt
1704 908 1897 964 nobis?
1921 908 2047 965 Haec

465 1003 611 1059 enim
661 1002 765 1074 ipsi
798 1018 829 1057 a
855 1003 1105 1073 patribus
1139 1008 1363 1073 accepta
1392 1001 1552 1057 nobis
1589 1017 1656 1054 ex
1683 1000 1925 1072 gentium
1957 1014 2042 1055 se-

466 1095 613 1151 mine
636 1094 794 1157 ortis,
814 1102 874 1147 ut
897 1093 1122 1165 ignaris,
1140 1092 1568 1155 annuntiabunt,
1585 1092 1966 1162 docebuntque
1980 1106 2044 1146 ea

466 1200 588 1256 qua:
637 1184 879 1255 antiquis
923 1183 1031 1239 illis
1060 1183 1438 1253 contigerunt;
1463 1197 1584 1253 quae
1614 1196 1644 1235 a
1670 1181 1920 1251 patribus
1951 1196 2045 1251 per

466 1277 872 1333 successionem
898 1275 1023 1333 {iliis
1055 1273 1274 1340 tradita,
1312 1283 1366 1331 et
1392 1289 1614 1331 rursum
1647 1289 1769 1345 qua:
1804 1274 1873 1329 ab
1892 1274 2045 1329 hisce

465 1370 531 1425 ad
569 1379 816 1441 posteros
833 1368 1261 1433 transmissa,ex
1292 1368 1487 1439 hisque
1509 1367 1707 1422 iterum
1741 1366 1809 1422 ad
1828 1366 1968 1421 filios
1990 1364 2046 1419 fi-

466 1464 662 1519 liorum
693 1462 970 1517 memoriae
988 1461 1237 1516 mandata
1269 1470 1417 1516 sunt.
1437 1460 1779 1532 Quapropter
1802 1459 2041 1514 dicitur:

463 1582 533 1593 —-
553 1551 722 1607 Vens.
743 1551 792 1605 4.
819 1551 942 1605 Νοη
962 1561 1082 1607 sunt
1107 1552 1375 1607 occultata
1395 1569 1425 1605 a
1452 1553 1489 1620 ﬁ
1497 1550 1581 1604 liis
1600 1567 1785 1605 eorum
1806 1550 1860 1603 in
1886 1564 2043 1620 gene-

464 1646 669 1700 ratione
722 1644 912 1699 altera.
948 1642 1249 1699 Narrantes
1281 1641 1464 1697 laudes
1499 1640 1713 1697 Domini
1738 1650 1789 1696 et
1826 1641 2042 1695 virtutes

465 1736 604 1807 ejus,
632 1748 680 1794 et
704 1737 980 1791 mirabilia
1008 1736 1123 1807 ejus
1156 1752 1275 1809 quia
1304 1736 1447 1807 fecit.
1480 1733 1647 1789 Multa
1692 1733 1913 1805 quidem
1942 1747 2043 1787 no-

462 1832 547 1887 bis
577 1845 609 1886 a
640 1830 886 1902 patribus
918 1828 1120 1884 tradita
1149 1836 1298 1892 sunt,
1326 1828 1393 1883 de
1420 1825 1699 1883 beneflciis
1728 1840 1759 1880 a
1788 1824 1899 1881 Deo
1938 1825 2041 1881 sibi
2075 1808 2115 1863 Β

461 1924 704 1992 collatis;
737 1939 907 1978 unum
964 1929 1146 1977 autem
1200 1921 1447 1977 omnium
1496 1919 1733 1976 maxime
1790 1933 2044 1975 necessa-

465 2014 630 2079 rium,
660 2020 745 2070 est
770 2012 1173 2075 testimonium,
1204 2012 1402 2082 lexque
1426 2011 1479 2065 in
1503 2009 1815 2067 testimonio
1844 2010 2039 2080 posita,

463 2119 628 2175 quam
668 2103 801 2174 ipsis
834 2102 1044 2173 scripto
1075 2100 1322 2165 tradidit,
1362 2100 1685 2171 praecipiens
1713 2108 1771 2154 ut
1811 2098 2044 2155 medita—

463 2203 654 2251 rentur
691 2196 887 2267 ipsam,
920 2201 974 2249 et
1003 2192 1125 2263 ejus
1148 2191 1552 2247 meditationem
1586 2191 1731 2253 filiis,
1750 2190 2041 2261 nepotibus

458 2296 515 2343 et
541 2287 775 2359 posteris
796 2299 892 2356 per
913 2283 1318 2339 successionem
1356 2281 1647 2363 traderent.
1676 2279 2040 2347 Quamobrem

463 2380 543 2434 ait
568 2398 580 2432 :
605 2375 861 2432 —Vsns.
892 2374 946 2432 5.
974 2374 1042 2428 Et
1070 2375 1345 2430 suscitavit
1379 2374 1735 2429 testimonium
1762 2373 1819 2427 in
1848 2371 2036 2437 Iacob,

463 2482 515 2527 et
553 2472 715 2542 legem
747 2469 922 2540 posuit
950 2469 1005 2523 in
1053 2466 1247 2524 Israel.
1289 2466 1684 2522 Testimonium
1744 2466 2043 2521 vocabatur

469 2564 883 2620 tabernaculum
922 2560 1245 2625 testimonii,
1264 2559 1317 2614 in
1347 2577 1457 2631 quo
1483 2559 1728 2631 deposita
1758 2568 1877 2613 erat
1907 2572 2036 2613 arca

453 2653 822 2718 'Testamenti,
857 2652 945 2707 lex
984 2652 1040 2706 in
1081 2665 1209 2706 arca
1248 2651 1449 2721 posita,
1479 2665 1690 2705 necnon
1754 2649 2037 2704 cherubim

460 2753 513 2802 et
540 2743 1006 2816 propitiatorium,
1038 2740 1455 2803 candelabrum,
1487 2756 1676 2796 mensa
1711 2748 1764 2795 et
1788 2741 2034 2811 proposi-

458 2836 537 2891 tio
559 2849 758 2907 panum
796 2823 971 2904 :‘quaa
1013 2833 1206 2903 jussus
1240 2831 1420 2888 facere
1469 2830 1704 2904 Moyses,
1735 2831 2037 2886 secundum

462 2925 740 2997 exemplar
769 2925 911 2996 quod
949 2925 1053 2995 ipsi
1086 2927 1142 2979 in
1166 2932 1351 2979 monte
1381 2932 1665 2979 ostensum
1706 2921 1884 2978 fuerat
1912 2938 2042 2977 con-

460 3017 683 3073 struxit.
716 3013 823 3070 Sed
852 3015 983 3069 olim
1015 3013 1234 3084 quidem
1288 3015 1373 3069 lex
1414 3014 1503 3068 illa
1555 3021 1611 3069 et
1663 3014 2037 3070 testimonium

2148 540 2438 612 προσώπου
2474 542 2566 595 καὶ
2598 541 2705 595 τῶν
2738 540 2880 594 κατὰ
2914 539 3093 614 σάρκα
3124 543 3189 594 έκ
3217 541 3325 595 τῶν
3351 542 3532 599 αὐτῶν
3561 546 3730 600 πατέ-

2152 651 2258 704 ρων
2299 632 2605 704 γενομένων
2652 634 2968 699 ἀποστόλων
3008 633 3174 689 αὑτοῦ
3223 635 3319 687 καὶ
3351 634 3606 707 μαθητῶν
3636 637 3733 691 καὶ

2146 723 2547 794 εύαγγελιστῶν
2576 725 2785 791 ταύτας
2816 726 3150 800 προφέρεται
3176 726 3277 791 τὰς
3309 728 3492 797 φωνὰς
3521 725 3729 799 λέγων*

2150 818 2298 872 Ὀσα
2326 818 2679 887 ἠκούσαμεν
2708 818 2804 885 καί
2835 818 3102 888 ἔγνωμεν
3125 818 3298 883 αὐτὰ,
3331 820 3429 873 καὶ
3461 822 3518 874 οἱ
3552 819 3734 876 πατέ-

2140 924 2247 976 ρες
2264 906 2432 978 ἡμῶν
2458 907 2828 979 διηγήσαντο
2854 909 2999 978 ἡμῖν
3013 927 3032 975 ;
3053 910 3234 965 Ταῦτα
3257 911 3365 985 γὰρ
3391 915 3458 968 ὲκ
3478 915 3732 988 πατέρων

2146 997 2301 1049 αὐτοὶ
2329 997 2744 1070 παρειληφότες,
2781 998 2913 1070 ἡμῖν
2949 1002 3060 1063 τοῖς
3096 998 3156 1065 ἐξ
3188 1000 3358 1055 ἐθνῶν
3391 1003 3468 1066 ὡς
3502 1004 3576 1077 μὴ
3611 1006 3732 1059 ἐπι-

2149 1089 2435 1161 σταμένοις
2472 1090 2878 1161 ἀπαγγελοῦσι,
2923 1091 3266 1158 διδάσκοντες
3321 1096 3468 1166 ἡμᾶς
3498 1095 3567 1150 τὰ
3614 1099 3731 1162 τοίς

2148 1181 2396 1245 παλαιοῖς
2430 1182 2814 1254 συμϐεϐηκότα
2834 1200 2846 1213 ·
2881 1182 2917 1237 ἃ
2950 1180 3023 1253 ’δὴ
3054 1184 3195 1238 κατὰ
3242 1185 3493 1258 διαδοχὴν
3525 1189 3591 1242 ὲκ
3624 1206 3731 1243 πα-

2143 1270 2319 1343 τέρων
2345 1271 2584 1343 ἠκούσθη
2618 1276 2733 1337 τοῖς
2768 1273 2944 1335 παισὶ,
2975 1275 3070 1327 καὶ
3109 1274 3269 1330 πάλιν
3298 1275 3357 1342 ἐξ
3392 1277 3617 1331 ἐκείνων
3647 1280 3731 1343 εἰς

2144 1364 2270 1428 τοὺς
2305 1364 2794 1436 μεταγενεστέρους
2827 1363 3106 1437 ἐλήλυθεν,
3141 1368 3204 1420 ὲκ
3238 1366 3444 1421 τούτων
3474 1385 3533 1421 τε
3572 1364 3730 1433 αὖθις

2145 1457 2225 1521 εἰς
2250 1456 2443 1519 παῖδας
2466 1455 2670 1510 παίδων
2691 1459 2758 1529 τῇ
2788 1462 2973 1530 μνήμῃ
3006 1458 3299 1531 παρεδόθη.
3327 1460 3418 1515 Διὸ
3442 1461 3692 1516 λέλεκται
3711 1479 3727 1495 ·

2149 1549 2270 1601 Οὐκ
2316 1547 2535 1615 ἐκρύϐη
2572 1547 2692 1601 ἀπὸ
2738 1547 2856 1601 τῶν
2907 1548 3132 1604 τέκνων
3157 1535 3359 1604 αὐτῶν
3399 1554 3488 1618 εις
3517 1552 3731 1623 γενεὰν

2144 1632 2373 1706 ἑτέραν.
2410 1638 2922 1715 Ἀπαγγέλλοιτες
2952 1640 3059 1708 τὰς
3083 1640 3346 1709 αίνέσεις
3369 1642 3476 1697 τοῦ
3504 1645 3732 1712 Κυρίου

2146 1731 2243 1785 καὶ
2267 1730 2375 1797 τὰς
2411 1731 2774 1799 δυναστείας
2811 1733 3019 1798 αὐτοῦ,
3049 1734 3143 1789 καὶ
3182 1734 3257 1789 τὰ
3283 1736 3587 1806 θαυμάσια
3618 1738 3732 1791 αὐ-

2143 1821 2250 1877 τοῦ
2270 1822 2309 1876 d
2328 1816 2599 1890 ἐποίησε.
2624 1823 2801 1878 Πολλὰ
2833 1825 2933 1896 μέν
2964 1828 3080 1880 ἐστι
3104 1825 3173 1881 τὰ
3201 1828 3573 1901 παραδοθέντα
3595 1832 3733 1902 ἡμῖν

2143 1912 2248 1966 ὑπὸ
2285 1911 2395 1967 τῶν
2446 1914 2719 1985 πατέρων,
2761 1915 2906 1986 ἅπερ
2951 1917 3149 1981 αὐτοὺς
3192 1920 3221 1971 6
3263 1918 3395 1983 Θεὸς
3425 1920 3734 1991 εὐεργετῶν

2141 2004 2465 2077 διεπράξατο
2481 2023 2496 2036 ·
2519 2003 2577 2059 ἒν
2601 2005 2658 2060 δὲ
2681 2006 2738 2060 τὸ
2759 2007 2975 2061 πάντων
2996 2009 3420 2082 ἀναγκαιότερον
3444 2012 3618 2066 έκεῖνο
3638 2007 3731 2085 ἦν,

2141 2094 2287 2165 λέγω
2303 2095 2359 2149 δὲ
2388 2094 2450 2148 τὸ
2473 2094 2790 2168 μαρτύριον,
2814 2096 2909 2151 καὶ
2938 2098 2968 2151 ό
3003 2100 3062 2152 ὲν
3100 2098 3179 2171 τῷ
3220 2102 3506 2174 μαρτυρίῳ
3541 2102 3731 2174 νόμος,

2141 2188 2202 2241 δν
2238 2189 2530 2260 ἐγγράφως
2591 2190 2777 2255 αὐτοῖς
2822 2190 3174 2263 παρέδωκεν,
3214 2193 3592 2267 ἐντειλάμενος
3629 2213 3732 2268 μι-

2141 2278 2304 2351 λετᾷν
2336 2282 2387 2332 ὲκ
2423 2280 2591 2353 αὐτῷ,
2618 2284 2710 2336 καὶ
2751 2287 2859 2348 τοῖς
2891 2284 3072 2338 αὐτῶν
3114 2287 3272 2339 παισί
3303 2304 3364 2340 τε
3392 2288 3486 2341 καὶ
3527 2288 3734 2359 ἀπογό-

2141 2389 2252 2436 νοις
2279 2376 2391 2436 τοῖς
2417 2373 2558 2426 κατὰ
2578 2374 2827 2447 διαδοχὴν
2852 2377 3234 2447 γενησομένοις
3255 2370 3606 2451 παραδιδόναι
3631 2380 3732 2453 τὴν

2141 2464 2331 2518 τούτου
2369 2464 2617 2536 μελέτην.
2648 2466 2739 2519 Διό
2760 2483 2921 2539 φησι·
2951 2468 3061 2522 Kal
3086 2469 3393 2537 ἀνέστησε
3405 2474 3733 2541 μαρτύριον

2140 2559 2212 2612 ἐν
2251 2558 2464 2621 Ἰακὼϐ,
2497 2559 2595 2613 καὶ
2620 2560 2809 2630 νόμον
2837 2564 3002 2616 ἔθετο
3028 2562 3100 2616 ἐν
3128 2562 3384 2631 Ἰσραήλ.
3413 2566 3731 2640 Μαρτύριον

2139 2649 2197 2703 δὲ
2228 2650 2475 2703 ἐκαλεῖτο
2500 2652 2533 2722 ἡ
2564 2652 2737 2723 σκηνὴ
2766 2652 2860 2705 τοῦ
2887 2654 3211 2725 μαρτυρίου,
3242 2656 3299 2708 ὲν
3332 2650 3365 2730 ᾖ
3392 2656 3651 2711 ἀπέκειτο
3693 2661 3727 2731 ἠ

2140 2742 2373 2806 κιϐωτὸς
2418 2743 2519 2813 τῆς
2551 2745 2859 2816 Διαθήκης,
2899 2747 2993 2800 καὶ
3024 2749 3051 2799 6
3080 2749 3138 2801 ἐν
3166 2751 3234 2820 τῇ
3287 2748 3512 2821 κιϐωτῷ
3544 2749 3729 2823 νόμος,

2139 2833 2209 2887 τά
2232 2850 2291 2885 τε
2321 2834 2587 2906 χερουϐὶμ
2612 2836 2706 2889 καὶ
2734 2835 2795 2889 τὸ
2833 2836 3164 2909 ἱλαστήριον,
3202 2840 3296 2893 καὶ
3323 2840 3356 2910 ἡ
3386 2839 3600 2911 λυχνία,
3635 2840 3731 2895 καὶ

2140 2928 2174 2999 ἡ
2206 2926 2475 2999 τράπεζα,
2507 2928 2602 2982 καὶ
2624 2929 2659 3000 ἡ
2685 2928 2943 3002 πρόθεσις
2976 2929 3086 2983 τῶν
3112 2931 3292 3002 ἄρτων
3312 2949 3325 2962 ·
3359 2932 3505 3004 ἅπερ
3545 2932 3731 2986 κελευ-

2142 3019 2291 3084 σθεὶς
2316 3021 2539 3092 ποιῆσαι
2566 3021 2801 3093 Μωσῆς,
2831 3022 2974 3075 κατὰ
3005 3022 3098 3077 τὸν
3124 3023 3295 3078 τύπον
3322 3024 3414 3078 τὸν
3451 3024 3728 3095 δειχθέντα

455 3109 595 3165 illud
647 3107 856 3163 Jacobs
889 3115 945 3162 et
974 3106 1093 3161 .lsra
1132 3107 1164 3160 li
1221 3108 1420 3162 tradita
1473 3105 1708 3162 fuerant.
1767 3104 2037 3172 Quoniam

2142 3112 2289 3185 αὑτῷ
2332 3114 2390 3167 ὲν
2440 3111 2520 3184 τῷ
2565 3112 2684 3185 ὄρει
2730 3113 3154 3169 κατεσκεύασεν.
3201 3114 3365 3169 Ἀλλὰ
3417 3116 3586 3170 πάλαι
3632 3118 3731 3187 μὲν

460 3215 591 3257 vero
629 3200 697 3254 iis
752 3200 992 3269 acceptis
1051 3199 1129 3252 illi
1186 3199 1520 3270 transgvessi
1558 3205 1706 3261 sunt,
1739 3198 1865 3268 jure
1919 3199 2037 3267 ipse

2145 3205 2352 3268 ἐκεῖνος
2380 3204 2409 3256 ό
2442 3203 2605 3275 νόμος
2640 3203 2821 3257 καὶτὸ
2866 3205 3163 3278 μαρτύριον
3202 3208 3382 3262 έκεῖνο
3421 3208 3498 3280 τῷ
3535 3207 3730 3263 ἰαπυϐ
3806 3199 3811 3202 ’

459 3309 586 3349 cum
624 3292 789 3347 alium
836 3291 940 3346 sibi
976 3298 1225 3360 parasset
1277 3290 1559 3361 populum,
1596 3288 1851 3358 aliudque
1880 3291 2037 3345 testi-

463 3386 730 3450 monium,
766 3383 1020 3440 videlicet
1049 3398 1252 3453 corpus
1297 3381 1527 3446 Christi,
1566 3380 1712 3452 quod
1745 3380 1839 3436 Dci
1875 3380 2036 3436 Verbi

463 3483 517 3536 in
546 3480 666 3551 ipso
699 3477 997 3534 habitantis
1027 3477 1291 3547 templum
1330 3466 1492 3542 erat,'
1515 3484 1574 3530 ut
1610 3480 1726 3546 ipse
1758 3477 1833 3530 ait
1864 3495 1877 3531 :
1915 3476 2038 3532 Sol-

455 3573 563 3627 uite
592 3571 843 3641 templum
873 3570 992 3634 hoc,
1018 3579 1068 3624 et
1087 3570 1140 3623 in
1173 3568 1337 3624 tribus
1368 3567 1550 3624 diebus
1571 3569 1812 3624 excitabo
1834 3569 1969 3623 illud
1992 3570 2034 3636 ’ς

461 3665 530 3720 ad
565 3665 681 3719 haec
716 3663 883 3719 etiam
918 3663 1119 3733 populo
1146 3677 1252 3717 suo
1298 3663 1470 3734 legem
1525 3664 1721 3727 aliam,
1761 3664 2037 3734 evangeli-

456 3740 584 3813 cam
610 3752 1086 3820 videlicet,tradit.
1126 3752 1248 3809 Ideo
1275 3753 1329 3808 in
1350 3754 1624 3825 principio
1650 3753 1815 3824 hujus
1841 3753 2036 3824 psalmi

450 3846 537 3903 ait
572 3864 586 3901 :
617 3843 902 3909 Attendite,
934 3845 1120 3915 popule
1154 3861 1319 3911 meus,
1358 3844 1521 3915 legem
1549 3860 1751 3909 meam;
1779 3853 2036 3900 caeterum

448 3942 632 4015 legem
661 3938 959 4007 .antiquam
992 3943 1044 3992 et
1101 3945 1340 3992 veterem
1399 3935 1873 4005 testificationem)
1911 3952 2036 3990 nam

464 4036 545 4089 sic
578 4035 968 4105 interpretatus
1016 4031 1380 4104 Symmachus
1416 4038 1522 4096 est,
1544 4030 1777 4087 dicens:
1818 4029 1886 4084 Et
1921 4039 2036 4085 sta-

452 4126 559 4180 ~tuit
590 4126 1009 4197 testiﬁcationem
1036 4122 1228 4195 Iacob)
1254 4138 1384 4177 cum
1412 4124 1596 4193 priore
1622 4121 1829 4193 populo
1858 4121 2039 4190 dispo-

450 4220 588 4287 suit,
608 4218 929 4290 praecipiens
959 4217 1094 4288 ipsis
1116 4225 1179 4272 ut
1200 4222 1325 4270 nota
1349 4214 1589 4271 facerent
1610 4228 1675 4270 ea
1709 4215 1831 4269 ﬁliis
1861 4220 1915 4268 et
1942 4230 2040 4269 ne-

455 4314 678 4384 potibus
704 4312 842 4377 suis,
880 4319 939 4365 ut
959 4310 1240 4382 generatio
1272 4308 1423 4363 nulla
1449 4311 1745 4380 ignoraret,
1774 4306 1870 4362 sed
1903 4307 2037 4377 legis

450 4403 705 4459 doctrina
750 4403 807 4458 in
848 4403 1085 4475 posteris
1138 4417 1357 4473 quoque
1414 4407 1677 4456 maneret.
1711 4397 1922 4454 Idcirco
1950 4398 2036 4451 di-

2144 3296 2237 3349 καὶ
2265 3294 2344 3366 τῷ
2357 3295 2572 3367 Ἰσραὴλ
2596 3295 2775 3350 δέδοτο
2813 3297 3032 3370 Ἐπειδὴ
3057 3298 3113 3351 δὲ
3148 3299 3471 3371 παρέϐησαν
3497 3302 3547 3355 οἱ
3580 3318 3728 3374 παρ-

2148 3384 2466 3456 ειληφότες,
2520 3384 2745 3449 εἰκότως
2806 3383 2992 3457 ἕτερον
3042 3386 3220 3456 ἐαυτῷ
3264 3386 3727 3459 καταρασάμενος

2143 3476 2271 3530 λαὸν
2297 3476 2390 3530 καὶ
2420 3475 2714 3548 μαρτύριον
2744 3475 2953 3548 ἕτερον,
2999 3478 3061 3530 τὸ
3106 3477 3344 3549 Χριστοῦ
3366 3476 3523 3548 σῶμα
3542 3516 3559 3540 ,
3593 3475 3725 3532 ναὸν

2143 3565 2203 3619 δν
2229 3565 2323 3620 τοῦ
2359 3565 2636 3630 οἰκοῦντος
2667 3567 2724 3619 ὲν
2755 3566 2904 3638 αὐτῷ
2930 3566 3065 3621 Θεοῦ
3099 3567 3295 3637 Λόγου,
3323 3565 3397 3630 ὡς
3424 3564 3584 3629 αὐτὸς
3613 3565 3720 3619 ἑδε-

2142 3657 2299 3723 δαξεν
2339 3658 2537 3712 εἰπών·
2575 3659 2812 3714 Λύσατε
2864 3658 2971 3713 τὸν
3016 3659 3167 3713 ναόν
3208 3658 3460 3724 τοῦτον,
3510 3658 3606 3713 καί
3655 3659 3725 3713 ἐν

2143 3751 2343 3820 τρισὶν
2369 3750 2619 3821 ἡμέραις
2643 3750 2829 3821 ,ἐγερῶ
2862 3752 3051 3806 αὐτόν
3068 3769 3080 3781 ·
3118 3752 3210 3806 καὶ
3241 3751 3379 3823 πρὸς
3403 3752 3611 3818 τούτοις
3636 3755 3729 3808 καὶ

2141 3844 2305 3915 νόμον
2323 3843 2511 3916 ἓτερον
2538 3846 2629 3899 τὸν
2669 3844 3023 3914 εύαγγελικὺν
3048 3844 3127 3916 τῷ
3160 3846 3355 3900 ἑαυτοῦ
3388 3846 3504 3918 λαῷ
3549 3865 3729 3918 παρα-

2142 3936 2343 3992 δίδωσι.
2385 3940 2473 3993 Διὸ
2509 3940 2568 3992 ὲν
2595 3939 2739 4011 ἀρχῇ
2768 3937 2877 3992 τῶν
2909 3940 3286 4013 προκειμένων
3320 3940 3473 4009 ἔλεγε
3492 3958 3506 3971 ·
3537 3944 3731 4009 Προσ-

2143 4031 2329 4101 έχετε,
2355 4032 2504 4098 λαός
2525 4050 2667 4102 μου,
2712 4032 2821 4086 τὸν
2862 4032 3050 4102 νόμον
3071 4050 3222 4102 μου·
3259 4032 3401 4104 πλὴν
3450 4032 3586 4086 ἀλλὰ
3635 4033 3731 4088 τὸν

2145 4123 2375 4178 παλαιὸν
2403 4122 2572 4195 νόμον
2596 4122 2690 4176 καὶ
2710 4123 2809 4194 τὴν
2839 4123 3076 4177 παλαιὰν
3120 4123 3522 4197 διαμαρτυρίαν
3564 4122 3730 4191 (οὕτω

2143 4214 2251 4286 γὰρ
2292 4217 2637 4287 ήρμήνευσεν
2677 4215 2704 4267 6
2755 4215 3051 4286 Σύμμαχος
3084 4218 3286 4269 εἰπών’
3337 4217 3449 4270 Καὶ
3500 4216 3730 4286 ἔστησε

2140 4306 2571 4375 διαμαρτυρίαν
2602 4305 2683 4371 τῷ
2721 4305 2949 4376 Ἰακώϐ)
2976 4305 3053 4377 τῷ
3086 4306 3337 4379 προτέρῳ
3365 4306 3479 4378 λαῷ
3497 4308 3728 4372 διέθετο,

2143 4397 2515 4468 ἐντειλάμενος
2548 4397 2731 4460 αὐτοῖς
2768 4396 3034 4469 γνωρίσαι
3068 4397 3206 4451 αὐτὰ
3235 4401 3350 4464 τοῖς
3382 4400 3519 4462 υἱοῖς
3544 4398 3730 4453 αὐτῶν

450 4505 602 4554 ctum
636 4504 755 4554 est:
784 4526 865 4537 -—
903 4494 1071 4549 Vens.
1097 4492 1150 4550 6.
1185 4496 1252 4548 Ut
1303 4477 1586 4564 cognoscat
1632 4490 1899 4560 generatio
1944 4488 2026 4543 αι-

2148 4489 2243 4546 καὶ
2265 4487 2572 4556 ἀπογόνοις,
2616 4485 2691 4550 ὠς
2734 4486 2800 4541 ἂν
2836 4486 3107 4559 μηδεμίαν
3149 4487 3303 4542 λάθοι
3349 4488 3566 4557 γενεὰν,
3604 4488 3723 4541 δια-

452 4600 592 4656 tera,
621 4591 723 4662 ﬁlii
750 4590 840 4661 qui
886 4597 1189 4651 nascentur,
1223 4596 1274 4641 et
1310 4593 1615 4655 exsurgent,
1655 4594 1706 4639 et
1740 4581 2035 4637 narrabant

442 4682 519 4740 ea
536 4685 662 4755 [iliis
690 4684 824 4738 suis.
850 4682 1321 4752 Complementum
1354 4687 1533 4733 autem
1557 4683 1613 4733 et
1638 4691 1840 4747 scopus
1864 4674 2033 4731 medi-

446 4777 680 4832 tationis
727 4776 862 4847 legis
916 4774 1007 4829 hic
1040 4783 1158 4828 erat
1192 4791 1301 4825 ε-
1333 4768 1497 4823 Vsus.
1529 4768 1579 4822 7.
1617 4765 1684 4822 Ut
1732 4779 1928 4833 ponant
1983 4768 2036 4820 in

460 4867 568 4922 Deo
597 4884 760 4939 spem,
789 4879 837 4921 ιιι
872 4884 975 4920 non
1009 4866 1390 4919 obliviscantur
1424 4877 1633 4931 operum
1662 4860 1778 4925 Dei,
1804 4870 1854 4915 et
1882 4877 2035 4914 man-

446 4975 585 5026 data
614 4971 728 5042 ejus
753 4972 1072 5042 exquirant;
1100 4977 1158 5022 ut
1186 4984 1289 5021 non
1322 4966 1455 5035 ﬁant
1484 4966 1619 5020 sicut
1634 4976 1809 5036 patres
1830 4979 2033 5022 eorum,

454 5069 723 5141 generatio
758 5082 923 5137 prava
969 5073 1018 5118 et
1064 5077 1388 5132 exasperans
1418 5077 1435 5115 :
1465 5062 1732 5133 generatio
1765 5075 1883 5130 quis
1932 5074 2036 5112 non

455 5173 653 5230 direxit
686 5188 778 5227 cor
807 5186 978 5236 suum,
1008 5177 1058 5223 et
1091 5183 1194 5222 non
1223 5165 1396 5237 ﬁdelis
1435 5164 1536 5234 fuit
1581 5181 1700 5219 cum
1729 5163 1838 5217 Deo
1871 5162 2033 5231 spirio

460 5292 544 5337 tus
570 5280 705 5350 ejus.
739 5276 870 5344 Quae
917 5276 1020 5331 illa
1052 5273 1203 5346 prior
1246 5281 1459 5343 patrum
1486 5269 1786 5343 generatio,
1816 5268 1921 5323 nisi
1972 5283 2034 5322 ea

457 5402 583 5458 qua;
623 5396 869 5455 tempore
911 5379 1114 5453 Moysis
1153 5377 1303 5435 erat?
1328 5386 1547 5449 propter
1602 5389 1763 5446 quam
1822 5372 2033 5445 Moyses

461 5495 714 5559 acceptas
760 5486 897 5557 legis
929 5483 1143 5539 tabulas
1176 5482 1464 5546 contrivit;
1509 5480 1591 5535 sic
1624 5479 1770 5534 enim
1823 5476 2033 5549 Moyses

461 5586 588 5643 illos
618 5586 1023 5658 generationem
1075 5598 1299 5654 pravam
1330 5589 1729 5651 ettperversam
1774 5577 2030 5639 vocabat,

467 5685 586 5741 hac
622 5684 676 5737 in
707 5684 826 5737 illos
855 5681 1219 5753 pronuntians
1250 5699 1263 5735 :
1293 5677 1421 5734 Filii
1457 5675 1845 5750 vituperabiles,
1868 5691 2030 5749 gene-

527 5842 557 5873 ’
598 5837 756 5893 Joan.
795 5853 860 5902 ιι,
892 5837 981 5893 19.

2143 4581 2293 4653 μένοι
2319 4578 2376 4632 δὲ
2405 4581 2438 4649 ἡ
2464 4576 2558 4631 τοῦ
2600 4578 2767 4648 νόμου
2810 4577 3127 4634 διδασκαλία
3157 4580 3251 4635 καὶ
3288 4580 3365 4644 εἰς
3408 4580 3537 4643 τοὺς
3586 4580 3728 4652 μετὰ

2137 4670 2312 4725 ταῦτα
2348 4668 2763 4739 γενησομένους.
2805 4670 2896 4722 Διὸ
2943 4669 3229 4724 λέλεκται·
3264 4671 3458 4737 Ὅπως
3491 4669 3571 4723 ἂν
3604 4669 3728 4739 γνῷ

2138 4761 2313 4831 γενεὰ
2340 4762 2547 4829 ἑτέρα,
2581 4759 2699 4814 υίοὶ
2736 4762 3165 4832 τεχθησόμενοι
3206 4763 3302 4817 καὶ
3340 4761 3726 4829 ἀναστήσον-

2137 4871 2253 4917 ται,
2286 4852 2382 4906 καὶ
2411 4852 2855 4923 ἀναγγελοῦσιν
2877 4854 3028 4909 αὐτὰ
3065 4854 3191 4921 τοῖς
3214 4855 3366 4921 υἱοῖς
3401 4854 3618 4909 αὐτῶν.
3653 4855 3727 4907 T6

2134 4944 2194 4997 δὲ
2219 4943 2591 5017 συμπέρασμα
2622 4945 2720 5016 τῆς
2751 4945 2846 4999 τοῦ
2870 4946 3038 5017 νόμου
3073 4947 3303 5019 μελέτης
3334 4948 3428 5001 καὶ
3464 4950 3493 5000 6
3523 4949 3725 5013 σκοπὸς

2133 5029 2289 5101 οὗτος
2325 5032 2414 5105 ἦν,
2447 5035 2582 5091 Ἵνα
2623 5036 2838 5092 θῶνται
2869 5039 2967 5093 ἐπὶ
3014 5039 3123 5095 τόν
3152 5039 3301 5095 Θεὸν
3321 5040 3438 5107 τὴν
3482 5039 3722 5101 ἐλπίδα.

2136 5128 2235 5181 καὶ
2262 5127 2351 5198 μὴ
2374 5128 2771 5185 ἐπιλάθωνται
2807 5129 2925 5185 τῶν
2949 5131 3140 5202 ἔργων
3167 5132 3275 5187 τοῦ
3302 5133 3473 5198 Θεοῦ,
3496 5132 3727 5197 καὶτὰς

2126 5220 2399 5288 ἐντολὰς
2440 5221 2623 5276 αὐτοῦ
2655 5220 3066 5292 ἐκζητήσωσιν
3087 5240 3102 5254 ·
3150 5225 3253 5279 ἵνα
3304 5223 3392 5293 μὴ
3431 5224 3725 5294 γένωνται

2135 5313 2216 5379 ὼς
2252 5317 2308 5367 ot
2349 5313 2602 5383 πατέρες
2633 5313 2865 5379 αὐτῶν,
2906 5316 3082 5386 γενεὰ
3126 5316 3350 5371 σκολιὰ
3399 5317 3499 5369 καὶ
3532 5331 3723 5385 παραο

2135 5406 2567 5475 πικραίνουσαο
2599 5407 2773 5477 γενεὰ
2809 5407 2942 5475 ἣτις
2966 5410 3039 5463 οὐ
3069 5410 3407 5477 κατηύθυνε
3443 5409 3559 5477 τὴν
3580 5424 3726 5477 καρ-

2135 5494 2274 5550 δίαν
2295 5494 2516 5564 αὐτῆς,
2549 5496 2648 5550 καὶ
2692 5498 2804 5552 οὐκ
2832 5497 3131 5568 ἐπιστώθη
3157 5498 3308 5568 μετὰ
3342 5497 3448 5552 τοῦ
3481 5496 3629 5551 Θεοῦ
3655 5496 3724 5549 τὸ

2133 5587 2373 5659 πνεῦμα
2424 5588 2633 5658 αὐτῆς.
2671 5590 2769 5654 Τίς
2820 5590 2877 5644 δὲ
2929 5586 2998 5662 ἦν
3046 5592 3078 5662 ἡ
3128 5590 3369 5663 προτέρα
3415 5591 3578 5660 γενεά
3613 5587 3726 5642 τῶν

2136 5680 2387 5755 πατέρων
2418 5678 2532 5734 ἀλλ’
2565 5681 2598 5753 ἢ
2632 5682 2718 5736 ἐπ’
2753 5681 2915 5737 αὑτοῦ
2957 5683 3201 5749 Μωσέως
3233 5686 3537 5757 γενομένης
3562 5682 3629 5738 δι’
3656 5684 3728 5754 ἢν

2647 5872 2791 5915 .¹·ἓ.τ
2828 5906 2845 5919 .
2942 5890 2975 5923 ,ι
