4066 6372
353 328 478 399 ’909

1452 348 1953 406 COMMENTARIA
1993 351 2057 405 IN
2089 351 2423 409 PSALMOS.

3497 362 3600 417 εει)

373 460 660 531 δεξάμενος
689 464 890 535 Μωσῆς
918 464 1015 530 τὰς
1061 464 1271 530 πλάκας
1312 468 1409 539 τῆς
1454 468 1769 541 νομοθεσίας
1815 488 1931 524 συν-

2042 474 2179 526 ratio
2223 489 2389 543 prava
2442 483 2491 529 et
2523 489 2783 544 perversa,
2828 473 3055 529 hteccine
3087 473 3309 529 Domino
3346 476 3604 534 redditis!

348 552 624 625 Aécpttlrev'
659 555 828 621 οὕτως
851 556 980 626 γοῦν
1019 557 1111 611 καὶ
1153 559 1313 624 αὐτὸς
1342 562 1545 633 Μωσῆς
1586 564 1776 634 γενεὰν
1811 580 1937 618 σκο-

373 645 495 699 λιὰν
537 647 632 699 καὶ
662 647 1092 721 διεστραμμένην
1139 650 1336 715 αὐτοὺς
1388 651 1601 716 ἐκάλει,
1648 656 1728 718 εἰς
1761 655 1938 709 αὐτῶν

342 780 347 785 .
376 736 662 811 πρόσωπον
702 739 1111 811 ἀποτεινόμενος
1156 743 1248 795 καὶ
1278 742 1449 811 λέγων
1467 760 1480 773 ·
1524 743 1707 798 Τέκνα
1742 763 1941 815 μωμη-

373 827 465 892 τὰ,
491 827 665 897 γενεὰ
698 830 916 884 σκολιὰ
942 832 1038 885 καὶ
1064 831 1516 903 διεστραμμένη,
1540 836 1722 890 ταῦτα
1748 838 1941 905 Κυρίῳ

374 918 830 986 ἀνταποδίδοτε;
853 923 1004 976 οὕτω
1034 924 1185 990 λαὸς
1201 925 1398 994 μωρὸς
1418 927 1515 981 καὶ
1545 928 1680 997 οὐχὶ
1709 931 1937 999 σοφός;

386 1008 524 1063 Ἀλλ’
555 1010 642 1065 ἵνα
687 1012 762 1084 μὴ
795 1013 845 1067 οί
892 1015 1028 1085 μετὰ
1076 1015 1249 1070 ταῦτα
1299 1017 1648 1090 γενησόμενοι
1679 1021 1789 1083 τοῖς
1833 1038 1938 1073 πα-

371 1101 562 1172 τράσιν
592 1103 1022 1160 ἀποτελεσθῶσιν
1048 1107 1241 1178 ὅμοιοι,
1274 1106 1551 1180 ἔγγραφον
1581 1109 1763 1172 αὐτοῖς
1796 1128 1936 1183 παρ-

371 1192 538 1247 έδωκε
582 1194 670 1248 τὸν
706 1195 887 1266 νόμον,
907 1198 1002 1251 καὶ
1022 1198 1122 1271 τὴν
1154 1199 1569 1273 διαμαρτυρίαν,
1589 1201 1654 1254 δι’
1677 1194 1745 1273 ἦς
1764 1219 1935 1273 κατη-

369 1287 524 1356 γορεῖ
560 1285 659 1358 μὲν
688 1286 794 1340 τῶν
833 1289 1100 1361 πατέρων,
1134 1290 1465 1347 διεστείλατο
1494 1292 1550 1346 δὲ
1590 1292 1683 1346 καὶ
1715 1292 1937 1363 διεμαρ-

369 1374 571 1445 τύρατο
606 1380 719 1442 τοῖς
749 1378 959 1444 τέκνοις
989 1381 1063 1453 μὴ
1097 1381 1472 1454 ἐξομοιοῦσθαι
1524 1387 1634 1449 τοῖς
1675 1385 1931 1456 πατράσι,

373 1466 508 1536 μηδὲ
544 1469 610 1539 τῇ
643 1468 883 1542 προτέρᾳ
919 1474 1101 1543 γενεᾷ,
1152 1473 1283 1542 ἥτις
1331 1477 1404 1528 οὐ
1450 1476 1783 1544 κατηύθυνε
1820 1475 1935 1543 τὴν

367 1556 620 1625 καρδίαν
646 1558 856 1629 αὐτῆς,
891 1560 989 1615 καὶ
1009 1564 1120 1616 οὐκ
1145 1563 1444 1633 ἐπιστώθη
1472 1565 1622 1634 μετὰ
1652 1564 1758 1619 τοῦ
1790 1564 1937 1619 Θεοῦ

366 1647 435 1702 τό
464 1649 698 1718 πνεῦμα
727 1651 936 1721 αὐτῆς.
973 1653 1046 1708 Ού
1082 1653 1191 1726 γὰρ
1231 1654 1442 1725 φύσεως
1469 1656 1675 1728 φαύλης
1700 1652 1786 1728 ἦν,
1813 1657 1937 1710 οὐδὲ

2039 565 2229 620 siccine
2253 576 2474 636 populus
2504 566 2699 621 stultus
2729 575 2779 621 et
2807 583 2911 621 non
2925 569 3132 637 sapiens
3160 568 3245 622 "‘l
3273 567 3379 624 Sed
3408 578 3468 625 ut
3507 588 3604 626 eo-

2039 668 2163 710 rum
2205 664 2430 726 nepotes
2472 657 2721 728 patribus
2752 657 2958 713 similes
2989 672 3098 712 non
3127 658 3440 726 evaderent,
3467 662 3606 718 scri-

2041 753 2190 815 ptam
2230 746 2366 817 ipsis
2415 747 2585 818 legem
2625 747 2872 812 tradidit,
2908 756 2964 805 et
3005 748 3467 818 testillcationem,
3496 767 3604 822 qua

2039 845 2223 907 patres
2263 837 2480 909 quidem
2508 839 2800 905 incusavit,
2825 842 3082 912 pracepit
3112 849 3292 898 autem
3323 851 3379 898 et
3415 844 3605 901 testifi-

2041 937 2198 984 catus
2226 929 2351 985 [iliis
2371 937 2479 996 est,
2516 938 2575 985 ut
2605 946 2673 986 ne
2698 931 2944 1002 patribus
2968 931 3176 989 similes
3199 942 3405 1000 essent,
3427 950 3606 1006 neque

2044 1019 2212 1089 priori
2243 1019 2319 1074 illi
2350 1020 2708 1092 generationi.
2731 1037 2848 1093 qua:
2874 1039 2978 1076 non
3004 1020 3199 1076 direxit
3228 1039 3320 1077 cor
3352 1041 3529 1093 suum,
3555 1038 3604 1081 et

2041 1124 2144 1163 non
2191 1107 2364 1179 ﬁdelis
2409 1109 2511 1180 fuit
2542 1126 2671 1163 .cum
2702 1109 2811 1165 Deo
2839 1111 3058 1182 spiritus
3081 1112 3218 1183 ejus.
3246 1111 3431 1184 Neque
3458 1116 3605 1169 enim

2040 1216 2218 1272 pravae
2254 1210 2462 1257 naturae
2490 1210 2627 1268 erat,
2657 1218 2834 1273 neque
2861 1203 3016 1258 mala:
3041 1205 3480 1273 constitutionis;
3510 1207 3606 1263 sed

2042 1310 2108 1349 ex
2148 1294 2426 1349 voluntate
2454 1292 2562 1349 Deo
2586 1294 2997 1365 obsequentiam
3019 1294 3354 1365 detrectans,
3384 1313 3604 1354 exacer-

2041 1385 2189 1439 bavit
2212 1401 2359 1455 eum,
2390 1394 2552 1455 atque
2573 1402 2639 1441 ex
2669 1388 3013 1456 perversione
3032 1396 3276 1445 tortuosa
3292 1390 3478 1465 eﬂecta
3499 1401 3602 1445 est.

2040 1472 2402 1541 Quamobrem
2455 1476 2751 1533 secundum
2794 1474 3178 1548 Symmachum
3228 1480 3435 1535 dictum
3473 1492 3603 1537 est:

2044 1562 2321 1620 Generatio
2350 1566 2520 1621 invita
2550 1565 2727 1633 corde,
2761 1577 2810 1622 et
2833 1569 3050 1639 inﬁrma
3073 1586 3198 1643 erga
3221 1571 3389 1626 Deum
3417 1573 3606 1641 spiritu

2042 1672 2159 1712 suo.

365 1742 709 1815 κατασκευῆς
736 1750 995 1818 πονηρᾶς,
1025 1749 1088 1802 ὲκ
1120 1749 1489 1821 προαιρέσεως
1551 1751 1606 1804 δὲ
1676 1751 2006 1805 ἀνανεύουσα
2044 1751 2180 1824 πρὸς
2217 1751 2316 1823 τὴν
2364 1752 2460 1807 τοῦ
2495 1751 2630 1807 Θεοῦ
2668 1754 2914 1827 ὑπακοὴν
2959 1758 3333 1830 παοεπίκρανε
3353 1797 3368 1823 ,
3406 1759 3499 1812 καὶ
3542 1761 3607 1813 ἐκ

363 1830 696 1905 διαστροφῆς
736 1836 923 1892 σκολιὰ
957 1839 1143 1908 γέγονε
1166 1858 1178 1871 ·
1216 1841 1296 1895 διὸ
1334 1843 1474 1897 κατὰ
1519 1844 1608 1898 τὸν
1645 1844 1937 1916 Σύμμαχον
1977 1848 2217 1917 εἴρηται·
2274 1847 2465 1901 Γενεὰ
2506 1847 2892 1918 ἀπροαίρετος
2930 1849 3006 1919 τῇ
3063 1851 3296 1921 καρδίᾳ,
3335 1853 3433 1906 καὶ
3475 1850 3608 1907 ἀϐέ-

364 1924 530 1992 ϐαιος
556 1927 706 1996 πρὸς
731 1929 837 1983 τὸν
857 1931 1006 1986 Θεὸν
1030 1933 1110 1999 τῷ
1143 1938 1436 2006 πνεύματι
1480 1938 1561 2006 τῷ
1588 1937 1828 2009 ἑαυτῆς.

448 2042 566 2095 Υἱοὶ
614 2044 855 2116 Ἐφραῒμ
874 2086 889 2112 ,
926 2050 1297 2121 ἐντείνοντες
1334 2056 1432 2109 καί
1459 2054 1801 2124 βάλλοντες
1837 2059 1931 2111 τό-

2108 2052 2274 2110 Vens.
2328 2054 2383 2109 9.
2416 2053 2549 2109 Filii
2595 2055 2851 2126 Ephraim
2884 2056 3206 2113 intendentes
3237 2066 3287 2113 et
3315 2061 3605 2117 amittentes

359 2130 515 2199 ξοις,
543 2134 935 2207 ἐστράφησαν
958 2140 1029 2193 ἐν
1052 2143 1242 2212 ἡμέρᾳ
1269 2146 1552 2217 πολέμου.
1587 2148 1646 2203 '0
1680 2148 1778 2220 μὲν
1803 2150 1937 2219 ἀγα-

360 2221 461 2287 θὸς
486 2225 579 2279 καὶ
594 2226 967 2300 φιλάνθρωπος
987 2233 1189 2305 Κύριος
1207 2239 1321 2301 τοῖς
1343 2237 1579 2310 πρώτοις
1600 2242 1936 2315 προπάτορσι

358 2316 460 2372 τοῦ
505 2319 771 2397 Ἰουδαίων
811 2320 994 2388 ἔθνους
1046 2325 1182 2396 ἔργα
1224 2329 1424 2392 παντὸς
1468 2329 1623 2400 λόγου
1658 2335 1939 2404 κρείττονα

359 2409 700 2499 ἐνεδείκνυτο
733 2413 803 2468 τὰ
842 2415 928 2469 διὰ
970 2419 1210 2484 Μωσέως
1230 2439 1242 2452 ·
1284 2422 1334 2475 οἱ
1370 2422 1428 2476 δὲ
1457 2422 1698 2493 ἐγίνοντο
1731 2426 1935 2499 σκληρ-

360 2495 591 2569 αύχενες
631 2501 724 2555 καὶ
756 2503 832 2567 ὡς
863 2505 1075 2577 ἀληθῶς
1122 2508 1248 2574 λαὸς
1276 2516 1456 2583 μωρὸς
1480 2516 1575 2567 καὶ⁵
1605 2515 1724 2584 ούχὶ
1754 2495 1934 2585 σοφός,

360 2589 462 2642 καὶ
513 2592 675 2660 γενεὰ
726 2595 916 2650 σκολιὰ
964 2599 1056 2651 καὶ
1110 2600 1540 2676 διεστραμμένη.
1619 2607 1778 2661 Ἀλλὰ
1828 2608 1936 2661 τῶν

379 2678 596 2770 τριῦτων
631 2685 884 2740 τοιούτων
910 2688 1352 2761 ἁπελεγχθέντων
1376 2734 1391 2758 ,
1441 2697 1603 2768 νόμον
1651 2702 1765 2761 τοῖς
1798 2700 1935 2770 μετὰ

360 2769 538 2825 ταῦτα
567 2774 853 2843 παρεδίδου
875 2818 890 2837 ,
926 2779 1365 2854 διαστειλάμενος
1416 2790 1510 2842 καί
1564 2769 1936 2864 διαμαρτυρά-

365 2873 527 2952 μενος
563 2862 621 2915 ὲν
647 2863 796 2935 αύτῷ
816 2867 885 2921 τά
910 2883 971 2920 τε
1000 2871 1249 2940 πρακτέα
1278 2875 1371 2927 καὶ
1404 2877 1471 2930 τὰ
1513 2879 1587 2949 μή
1608 2895 1621 2909 ·
1658 2862 1936 2952 παραινῶν

360 2961 423 3004 τε
456 2950 537 3043 μὴ*
563 2954 843 3024 μιμεῖσθαι
874 2959 1002 3021 τοὺς
1027 2960 1288 3033 πατέρας,
1316 2965 1448 3036 μηδὲ
1478 2967 1578 3040 τὴν
1613 2950 1807 3039 γενεὰν
1836 2973 1936 3043 τὴν

364 3038 603 3107 σκολιὰν,
641 3043 773 3114 μηδὲ
816 3047 913 3120 τὴν
946 3053 1505 3126 παραπικραίνουσαν,
1532 3038 1669 3127 ἥτις
1694 3064 1769 3117 οὐ
1799 3038 1937 3119 κατ-

358 3131 589 3225 ηύθονε
634 3135 750 3205 τὴν
793 3140 1045 3208 καρδίαν
1085 3145 1309 3214 αὐτῆς,
1344 3149 1442 3203 καὶ
1481 3153 1594 3206 οὐκ
1637 3154 1935 3225 ἐπιστώθη

354 3223 510 3319 μετὰ
552 3226 659 3319 τοῦ
709 3230 856 3284 Θεοῦ
887 3233 951 3286 τὸ
980 3236 1215 3306 πνεῦμα
1251 3238 1457 3309 αὐτῆς.
1500 3245 1561 3297 Ol
1609 3244 1684 3309 δὲ,
1719 3223 1936 3319 χείρους

359 3313 473 3412 των
507 3318 756 3390 πατέρων
788 3324 1103 3394 γενόμενοι,
1136 3329 1286 3385 οὐδὲν
1329 3332 1427 3402 μὲν
1470 3334 1578 3388 ἀπὸ
1609 3313 1932 3412 τῆς-’παρα-

2036 2145 2288 2212 arcubus,
2320 2146 2455 2200 uersi
2493 2156 2615 2201 sunt
2660 2148 2716 2202 in
2768 2147 2853 2202 die
2889 2147 3032 2203 belli.
3063 2147 3247 2205 Bonus
3288 2150 3507 2219 quidem
3551 2164 3608 2208 et

2035 2238 2277 2296 clemens
2311 2238 2577 2295 Dominus
2607 2241 2799 2311 primis
2827 2239 3068 2297 Judaicaa
3105 2243 3281 2313 gentis
3304 2244 3476 2301 atavis
3509 2262 3606 2318 per

2036 2328 2273 2401 Moysem
2291 2332 2674 2388 inenarrabilis
2689 2347 2853 2403 opera
2868 2333 3058 2405 edidit:
3078 2333 3178 2405 ipsi
3191 2349 3318 2390 vero
3332 2335 3468 2391 dura
3485 2352 3602 2393 cer-

2035 2421 2155 2475 vice
2179 2420 2475 2487 fuerunt,et
2491 2438 2675 2478 revera
2694 2403 2934 2494 populus
2944 2403 3145 2480 stultus
3159 2436 3211 2482 et
3228 2440 3338 2481 non
3365 2429 3602 2497 sapiens.

2035 2519 2089 2565 et
2122 2521 2404 2581 generatio
2434 2523 2675 2569 tortuosa
2705 2521 2759 2568 et
2800 2529 3075 2584 perversa.
3110 2514 3217 2571 Sed
3241 2532 3363 2583 cum
3391 2521 3603 2590 priores

2036 2600 2158 2658 illos
2190 2604 2327 2658 tales
2357 2602 2526 2661 fuisse
2554 2607 2966 2677 comprobatum
3022 2605 3207 2674 fuerit,
3244 2612 3480 2681 posteris
3508 2626 3606 2668 eo~

2036 2708 2156 2747 rum
2194 2694 2365 2764 legem
2398 2695 2642 2759 tradidit,
2680 2707 2953 2768 praecepta
2990 2699 3129 2755 dans
3172 2701 3301 2762 illis.
3340 2710 3394 2757 et
3418 2704 3607 2759 testiﬁ-

2035 2791 2192 2840 catus
2222 2800 2474 2856 quienam
2521 2789 2753 2858 agenda,
2797 2804 2827 2843 a
2866 2790 3064 2860 quibus
3098 2790 3481 2848 abstinendum
3510 2808 3605 2850 es-

2038 2883 2120 2931 set
2147 2895 2160 2931 :
2190 2878 2488 2933 cohortans
2516 2893 2733 2950 quoque
2769 2895 2838 2935 ne
2880 2890 3064 2950 patres
3096 2897 3271 2952 neque
3296 2885 3609 2953 generatio-

2037 2983 2161 3024 nem
2196 2968 2341 3023 illam
2372 2978 2677 3025 tortuosam
2709 2979 2762 3026 et
2790 2982 3205 3043 exasperantem
3231 2974 3602 3043 imitarentur,

2035 3076 2151 3130 qua
2194 3077 2298 3115 non
2346 3061 2541 3117 direxit
2570 3079 2661 3118 cor
2689 3080 2863 3128 suum,
2895 3074 2945 3119 et
2993 3082 3097 3120 non
3129 3066 3301 3136 ﬁdelis
3348 3068 3447 3139 fuit
3484 3086 3606 3124 cum

2036 3149 2146 3207 Deo
2175 3153 2396 3221 spiritus
2424 3154 2560 3222 ejus.
2591 3154 2670 3209 Illi
2714 3170 2844 3211 vero
2863 3196 2879 3221 ,
2905 3159 3152 3227 patribus
3183 3158 3508 3229 deteriores,
3536 3165 3606 3219 ab

2037 3247 2141 3303 sibi
2172 3248 2373 3304 tradita
2412 3248 2548 3321 legis
2579 3251 2856 3321 scriptura
2887 3254 3136 3312 utilitatis
3162 3255 3299 3310 nihil
3342 3273 3602 3329 percepe-

2036 3348 2205 3407 runt;
2238 3341 2334 3396 sed
2363 3341 2419 3395 in
2462 3340 2794 3411 profundum
2829 3344 3094 3400 malorum
3143 3346 3281 3418 lapsi
3326 3356 3473 3405 sunt.
3501 3346 3586 3404 Ηο

356 3404 608 3508 δοθείσης
621 3411 741 3508 Δτού
791 3415 955 3485 νόμου
1004 3421 1219 3492 γραφῆς
1290 3399 1592 3495 ὠτφελοῦντο
1647 3399 1725 3494 είς
1768 3399 1931 3502 βάθος

2034 3450 2155 3489 rum
2187 3399 2351 3505 primi
2384 3399 2541 3490 erant
2571 3434 2667 3490 lilii
2695 3434 2978 3506 prraim,
3009 3438 3104 3508 qui
3498 3399 3603 3495 bo-

358 3499 559 3564 κακίας
592 3502 922 3571 ἐλαύνοντες.
949 3510 1059 3565 Καὶ
1096 3513 1302 3583 πρῶτοί
1339 3534 1401 3586 γε
1451 3519 1654 3575 τούτων
1700 3499 1841 3594 ἦσαν
1881 3527 1930 3578 οἱ

356 3590 468 3685 υίοὶ
509 3593 766 3685 ᾞςρραῒμ,
793 3599 1111 3669 τιμηθέντες
1145 3606 1244 3675 μὲν
1275 3605 1537 3682 ἐξαιρετῷ
1557 3615 1687 3685 τιμῇ
1717 3590 1807 3667 διὰ
1837 3614 1930 3670 τοῦ

354 3681 460 3776 τὴν
487 3682 664 3738 αὐτῶν
702 3687 871 3758 φυλὴν
898 3690 990 3743 καὶ
1022 3691 1112 3744 τὸν
1140 3694 1316 3750 αὐτῶν
1349 3681 1547 3771 κλῆρον
1572 3681 1931 3776 προκριθῆναι

353 3772 456 3827 τοῦ
483 3776 684 3841 παντὸς
706 3778 911 3844 ἔθνους,
937 3782 1032 3835 καὶ
1052 3782 1150 3855 τὴν
1176 3787 1408 3845 κιϐωτὸν
1437 3793 1531 3847 τοῦ
1558 3772 1693 3849 Θεοῦ
1717 3772 1812 3851 καὶ

303 3913 307 3917 ,
355 3864 568 3937 σκηνὴν
588 3866 681 3920 τοῦ
707 3871 1001 3944 μαρτυρίου
1025 3876 1124 3948 τὴν
1155 3878 1259 3931 ὑπὸ
1289 3881 1530 3947 Μωσέως
1556 3886 1614 3938 ἐν
1642 3889 1708 3958 τῇ
1737 3864 1931 3961 ἐρήμη)

352 3960 896 4018 κατασκευασθεῖσαν
961 3967 1317 4035 ὑποδέξασθαι
1373 3974 1654 4046 πρώτουψ
1712 3981 1742 4034 ό
1799 3960 1929 4051 γοῦν

349 4050 525 4145 τόπος
550 4051 579 4104 ό
602 4053 660 4106 ὲν
688 4052 864 4124 Σηλῶ,
895 4056 1020 4113 ἔνθα
1052 4061 1085 4132 ἡ
1120 4063 1292 4137 σκηνὴ
1321 4066 1414 4120 καὶ
1450 4066 1510 4120 τὸ
1535 4050 1930 4145 ἀγίασμα,πρὺ

506 4143 889 4219 Ἰερουσαλὴμ,
938 4150 1039 4222 τῆς
1087 4153 1256 4226 φυλῆς
1314 4157 1549 4231 Ἐφρατμ
1602 4143 1923 4234 ἐτύγχανεν

347 4232 496 4289 ἀλλά
538 4234 745 4307 πρῶτοι
790 4237 990 4312 ταύτης
1018 4244 1270 4313 τυχόντες
1309 4248 1408 4319 τῆς
1459 4250 1624 4321 τιμῆς
1652 4290 1668 4317 ,
1720 4232 1933 4310 είδωλο-

347 4325 552 4398 λάτραι
615 4329 885 4397 γεγόνασι.
935 4332 1046 4386 Καὶ
1092 4334 1207 4389 ἐστι
1255 4353 1318 4406 γε
1378 4339 1476 4411 τὴν
1544 4342 1784 4415 ἱστορίαν
1820 4346 1927 4400 τῶν

300 4446 303 4449 -
342 4416 763 4506 πεπραγμένων
807 4420 990 4486 αὐτοῖς
1039 4423 1148 4478 ἀπὸ
1183 4425 1282 4495 τῆς
1324 4426 1505 4497 βίϐλου
1556 4429 1667 4484 τῶν
1708 4434 1927 4506 Κριτῶν

342 4502 733 4597 ἀναλέξασθαι.
763 4509 1004 4582 Ἑλέγχει
1027 4512 1085 4565 δὲ
1113 4516 1253 4571 καὶὸ
1276 4518 1467 4593 παρὼν
1485 4520 1694 4594 ψαλμδς
1722 4502 1927 4597 προῖὼν

343 4595 483 4668 ἑξῆς
508 4597 603 4650 καὶ
632 4597 802 4667 λέγων
830 4602 959 4674 περὶ
984 4604 1160 4660 αὐτῶν
1175 4621 1189 4636 ’
1231 4608 1522 4666 Ἁπώσατο
1548 4613 1614 4668 τὸ
1635 4595 1928 4687 σκήνωμα

356 4689 602 4793 Ἰωσὴφ,
635 4693 732 4747 καὶ
766 4694 881 4765 τὴν
910 4696 1120 4767 φυλὴν
1155 4699 1394 4775 Ἐφραῒμ
1425 4708 1536 4761 οὐκ
1570 4708 1918 4775 ἐξελέξατοο

2033 4720 2358 4786 hominibus;
2393 4736 2727 4793 causamque
2764 4722 2969 4793 profert
2996 4723 3082 4781 bis
3105 4725 3321 4791 verbis;
3348 4727 3599 4786 Conversi
3716 4756 3729 4763 κ

341 4784 448 4839 καὶ
504 4783 696 4838 πάλιν
730 4788 859 4875 ,Και
907 4789 1187 4848 ἀπώσατο
1230 4795 1346 4864 τὴν
1389 4799 1630 4871 σκηνὴν
1665 4803 1880 4875 Σηλὼμ
1902 4847 1918 4871 .

340 4875 642 4946 σκήνωμα
669 4873 743 4934 οὗ
772 4885 1233 4951 κατεσκήνωσεν
1256 4887 1327 4941 ἐν
1349 4889 1699 4962 ἀνθρώποις·
1715 4897 1807 4951 καὶ
1825 4873 1923 4970 τὴν

337 4967 530 5024 σίτίαν
584 4971 910 5044 παρίστησιν
978 4975 1146 5030 εἰπών
1182 4994 1196 5008 ο
1266 4982 1777 5055 Μετεστράερησαν
1835 4967 1925 5057 είς

335 5059 534 5126 τόξον
559 5066 868 5132 στρεϐλόν.
904 5069 1015 5123 Καὶ
1051 5069 1433 5143 παρώργισαν
1475 5076 1662 5132 αὐτόν
1702 5080 1774 5135 ἐν
1798 5084 1923 5150 τοῖς

331 5155 598 5223 βουνοῖς
634 5159 853 5225 αὐτῶν,
874 5162 975 5233 καὶ
1003 5163 1074 5218 ὲν
1101 5163 1224 5231 τοῖς
1246 5167 1534 5235 γλυπτοῖς
1560 5170 1757 5225 αὐτῶν
1772 5189 1920 5244 παρα

331 5248 658 5317 εζῆλωσαν
705 5252 933 5307 αὐτόν.·
960 5255 1200 5320 Εἰκότως
1243 5250 1334 5311 οὖν
1377 5258 1470 5312 καὶ
1515 5260 1603 5315 διὰ
1633 5261 1741 5317 τῶν
1788 5281 1918 5336 προ-

288 5370 296 5375 ·
330 5340 614 5413 κειμένων
651 5343 895 5415 εἴρηται*
942 5348 1057 5402 Υἱοὶ
1107 5350 1380 5422 Ἑφραῒμ,
1424 5353 1790 5423 ἐντείνοντες
1823 5357 1920 5413 καὶ

330 5434 683 5501 βάλλοντες
707 5434 907 5501 τόξον,
921 5437 1314 5510 ἐστράφησαν
1333 5444 1404 5497 ἐν
1424 5443 1613 5515 ἡμέρᾳ
1632 5446 1917 5517 πολέμου.

331 5525 466 5588 Πῶς
493 5524 553 5578 δὲ
583 5525 933 5609 ἐστράφησαν
982 5531 1310 5606 σαφέστερον
1356 5536 1682 5609 παρίστησιν
1716 5538 1914 5593 είπών·

294 5615 444 5695 ⁸Καὶ
487 5613 765 5699 ἐγένοντο
806 5621 892 5685 είς
923 5620 1101 5684 τόξον
1129 5627 1439 5693 στρεϐλόν.
1489 5626 1615 5682 Δέον
1642 5627 1752 5701 γὰρ
1793 5628 1919 5700 βάλ-

414 5770 462 5801 ¹⁰
499 5768 656 5827 Deut.
685 5788 857 5840 xutt,
890 5772 946 5829 6.

2033 3543 2168 3584 nore
2196 3528 2406 3594 donati,
2440 3529 2583 3599 quod
2611 3529 2791 3585 tribus
2832 3538 2886 3584 et
2922 3545 3043 3586 sors
3080 3546 3271 3586 eorum
3316 3532 3414 3586 toti
3454 3535 3604 3605 genti

2031 3618 2328 3691 prtehabita
2388 3619 2572 3684 fuerit,
2603 3628 2658 3677 et
2703 3636 2883 3676 aream
2933 3621 3026 3677 Dei
3085 3622 3603 3697 tabernaculumquo

2031 3712 2329 3768 testimonii
2383 3712 2452 3767 ab
2489 3711 2675 3783 Moyse
2718 3715 2772 3768 in
2812 3719 3029 3770 deserto
3069 3724 3445 3773 constructum
3496 3719 3603 3791 ipsi

2032 3801 2192 3870 primi
2216 3804 2530 3873 acceperint
2560 3820 2573 3855 :
2607 3818 2734 3858 nam
2760 3804 2916 3860 locus
2938 3805 3029 3860 ille
3058 3805 3115 3861 in
3137 3804 3274 3873 Silo,
3297 3809 3389 3865 ubi
3419 3811 3603 3867 taber-

2033 3892 2290 3946 naculum
2344 3901 2399 3948 et
2431 3893 2794 3949 sanctiﬁcatio
2833 3894 3145 3966 (antequam
3195 3898 3251 3953 in
3296 3897 3601 3958 Jerusalem

2029 3982 2198 4054 esset)
2228 3983 2476 4054 degebat,
2518 3985 2695 4041 tribus
2737 3984 2993 4057 prraim
3039 3994 3176 4043 erat.
3239 3988 3435 4046 Verum
3471 4008 3600 4048 cum

2030 4073 2136 4144 ipsi
2165 4074 2326 4146 primi
2379 4083 2534 4132 tanto
2562 4076 2770 4133 honore
2795 4076 3005 4148 dignati
3039 4088 3225 4134 essent
3250 4118 3266 4145 ,
3293 4079 3597 4138 idololatrae

2028 4165 2206 4222 ell‘ecti
2239 4175 2388 4223 sunt.
2417 4168 2495 4224 Ac
2516 4168 2716 4239 cuique
2747 4169 2876 4225 licet
2904 4169 3189 4227 historiam
3219 4187 3402 4228 rerum
3435 4175 3505 4231 ab
3527 4174 3598 4230 il-

2030 4259 2097 4315 lis
2145 4268 2422 4329 gestarum
2451 4274 2519 4316 ex
2547 4260 2688 4316 libro
2714 4259 2969 4317 Judicum
3005 4261 3282 4334 colligere.
3317 4262 3472 4335 Ipsos
3499 4281 3600 4321 au-

2029 4363 2137 4412 tem
2168 4371 2409 4427 praesens
2440 4357 2687 4427 psalmus
2721 4358 2778 4413 in
2812 4358 3167 4430 sequentibus
3200 4375 3416 4432 quoque
3437 4377 3598 4418 coar-

2027 4449 2165 4521 guit,
2207 4446 2397 4503 dicens
2423 4462 2440 4502 :
2466 4445 2676 4518 Repulit
2709 4449 3108 4505 tabernaculum
3155 4450 3374 4523 Ioseph,
3406 4464 3457 4508 et
3496 4457 3597 4509 tri-

2029 4537 2151 4593 bum
2182 4536 2438 4608 Epliraim
2454 4556 2560 4595 non
2588 4540 2777 4611 elegit;
2807 4550 2861 4597 et
2889 4556 3109 4598 rursum
3148 4562 3161 4598 :
3193 4543 3264 4598 Et
3291 4545 3482 4614 repulit
3517 4560 3598 4602 tuo

2027 4629 2369 4685 bernaculum
2397 4629 2535 4696 Silo,
2560 4630 2957 4687 tabernaculum
2983 4649 3135 4688 suum
3155 4634 3245 4690 ubi
3269 4634 3521 4692 habitavit
3543 4640 3598 4694 in

2023 4822 2145 4867 sunt
2182 4814 2237 4868 in
2264 4830 2448 4868 arcum
2465 4831 2703 4885 pravum.
2737 4814 2807 4869 Et
2846 4816 3183 4870 irritaverunt
3210 4833 3329 4872 eum
3360 4820 3414 4875 in
3443 4824 3598 4879 colli-

2024 4904 2118 4960 bus
2140 4907 2272 4971 suis,
2298 4915 2348 4961 et
2381 4907 2438 4962 in
2464 4906 2796 4978 sculptilibus
2825 4908 2937 4963 suis
2967 4908 3038 4962 ad
3068 4909 3452 4968 temulationem
3475 4933 3595 4971 eum

2022 5008 2452 5064 prouocauerunt.
2478 4996 2509 5053 J
2513 5014 2610 5055 ure
2632 5014 2765 5070 ergo
2791 4997 2848 5054 in
2873 5000 3229 5070 praesentibus
3242 5001 3445 5059 dictum
3473 5015 3553 5062 est
3577 5028 3590 5062 :

2026 5085 2162 5141 Filii
2191 5087 2442 5157 Ephraim
2470 5089 2793 5145 intendentes
2840 5099 2890 5145 et
2917 5090 3182 5146 mittentes
3232 5109 3437 5158 arcum,
3460 5097 3596 5151 versi

2025 5187 2148 5233 sunt
2179 5180 2234 5232 in
2256 5178 2341 5234 die
2371 5178 2517 5236 belli.
2544 5178 2666 5246 Quo
2696 5186 2856 5250 pacto
2886 5186 3069 5235 autem
3108 5184 3360 5240 conversi
3392 5183 3596 5242 fuerint

2025 5267 2227 5325 clarius
2281 5269 2522 5325 ostendit
2576 5269 2807 5325 dicens:
2843 5267 2913 5323 Et
2969 5268 3101 5338 facti
3143 5280 3267 5326 sunt
3316 5272 3372 5327 in
3408 5290 3593 5329 arcum

2023 5374 2263 5428 pravum.
2320 5357 2455 5426 Nam
2506 5374 2630 5415 cum
2683 5360 3014 5429 oportuisset
3051 5360 3157 5415 tela
3192 5361 3485 5419 immittere
3537 5373 3595 5421 et

2026 5448 2227 5504 bellum
2273 5446 2477 5506 inferre
2508 5448 2749 5505 inimicis
2799 5448 2916 5515 Dei,
2954 5448 3260 5506 idololatria
3322 5452 3401 5507 illi
3453 5469 3594 5524 prte-

2026 5547 2287 5610 optarunt
2309 5539 2509 5596 bellum
2526 5555 2745 5597 movere
2772 5538 2902 5596 Deo.
2928 5539 3108 5608 Quare
3122 5542 3304 5598 subdit
3329 5544 3589 5607 z—Vsas.

2026 5634 2112 5690 19.
2150 5630 2272 5692 Non
2307 5632 2665 5689 custodierunt
2722 5642 3089 5691 testamentum
3125 5634 3239 5705 Dei,
3269 5644 3322 5694 el
3373 5635 3432 5696 iu
3480 5639 3593 5713 loga
