4066 6400
509 382 605 438 9i!

1233 387 1502 444 EUSEBll
1533 387 2017 447 CAESARIENSIS
2054 391 2204 448 ΟΡΡ.
2245 392 2426 448 PARS
2469 395 2556 450 Ill.
2597 428 2666 437 -—
2706 397 3118 455 EXEGETICA.

3560 428 3578 447 ο
3647 405 3752 460 912

504 501 617 568 ejus
648 499 924 554 noluerunt
960 501 1252 556 ambulare.
1285 501 1388 556 Per
1425 501 1563 560 ﬁlios
1604 505 2051 576 porro'Ephrain

2176 504 2286 558 λειν
2332 507 2426 559 καὶ
2459 507 2712 579 πολεμεῖν
2767 512 2891 575 τοὺς
2945 511 3022 582 τῷ
3073 511 3190 581 Θεῳ
3251 512 3565 584 πολεμίους,
3598 519 3644 569 οἰ
3691 519 3750 573 δὲ

505 592 744 661 reliquos
779 607 968 649 omnes
999 597 1163 650 totius
1199 596 1374 663 gentis
1425 597 1655 666 populos
1701 599 2075 667 metaphoriee

503 685 806 754 signiﬁcat,
850 685 961 739 imo
1007 687 1167 740 etiam
1224 687 1495 757 quoslibet
1539 689 1786 744 moribus
1845 691 2071 755 similes,

501 775 719 830 etiamsi
769 791 876 830 non
931 792 998 831 ex
1030 777 1218 832 eadem
1255 778 1397 834 tribu
1431 778 1652 834 fuerint.
1707 779 1841 836 Nam
1891 781 1986 851 qui
2018 781 2071 836 in

501 867 856 938 sequentibus
882 870 1218 940 temporibus
1253 886 1312 926 se
1347 871 1443 926 abs
1483 871 1782 928 Jerusalem
1815 889 2070 946 segrega-

501 973 650 1024 runt,
684 969 737 1014 et
769 962 823 1015 in
855 961 1102 1017 Samaria
1143 965 1286 1019 idola
1331 967 1634 1029 coluerunt,
1673 966 1766 1021 lilii
1814 967 2071 1038 Ephraim

499 1060 675 1106 erant.
711 1051 902 1109 Merito
923 1071 1052 1127 ergo
1078 1073 1200 1111 cum
1234 1057 1402 1112 totius
1431 1061 1606 1129 gentis
1637 1065 2072 1130 transgressores

498 1141 640 1199 ﬁlios
669 1145 941 1201 Abraham
989 1157 1257 1216 vocasset,
1291 1149 1577 1208 confertim
1608 1163 1798 1210 omnes
1833 1154 2066 1221 incusat,

497 1235 687 1293 dicens
719 1257 731 1292 :
772 1271 840 1279 ——
888 1237 1056 1296 Vens.
1099 1240 1188 1308 ll,
1222 1242 1308 1297 l2.
1345 1242 1412 1296 Et
1439 1243 1587 1298 obliti
1618 1257 1736 1299 sunt
1773 1245 2068 1315 benefacto-

495 1343 612 1380 rum
629 1329 762 1397 ejus.
793 1339 842 1384 et
870 1332 1192 1385 mirabilium
1221 1334 1335 1403 ejus
1366 1352 1482 1406 quae
1515 1337 1741 1389 ostendit
1759 1339 1854 1390 eis.
1874 1336 2067 1392 Coram

483 1420 730 1487 patribus
773 1441 954 1476 eorum
991 1424 1114 1494 fecit
1162 1425 1430 1479 mirabilia
1480 1426 1534 1479 in
1572 1435 1713 1480 terra
1742 1426 1980 1498 Egypti,
2013 1429 2066 1483 in

491 1530 677 1583 campo
714 1515 938 1572 Taneos.
968 1515 1104 1572 Nam
1132 1518 1376 1572 omnium
1401 1534 1588 1572 eorum
1623 1519 1777 1574 obliti
1817 1523 1936 1590 Quae
1971 1537 2064 1592 pa-

493 1604 664 1660 tribus
685 1608 800 1661 suis
815 1617 1034 1664 ostensa
1061 1619 1210 1674 sunt,
1229 1625 1379 1664 arma
1401 1611 1644 1666 tulerunt
1661 1619 1849 1666 contra
1873 1611 2061 1678 Deum,

490 1711 614 1750 cum
644 1699 850 1754 nollent
881 1699 935 1752 in
984 1700 1100 1770 lege
1125 1699 1244 1770 ejus
1290 1699 1570 1755 ambulare
1599 1720 1610 1754 :
1647 1701 1859 1756 etiamsi
1898 1717 2062 1772 penes

491 1786 638 1858 ipsos
666 1799 812 1847 esset
847 1800 905 1846 ut
953 1801 1178 1862 possent
1223 1800 1277 1848 et
1305 1792 1526 1849 vellent.
1553 1791 1635 1847 llli
1674 1809 1802 1849 vero
1823 1793 1926 1850 etsi
1960 1796 2061 1848 hac

2176 597 2684 670 εἰδωλολατροῦντες
2736 601 2968 672 πόλεμον
3010 603 3209 673 ήραντο
3257 602 3397 656 κατὰ
3447 604 3541 658 τοῦ
3591 606 3748 663 Θεοῦ.

2176 687 2264 740 Διὸ
2320 689 2594 757 ἐπιλέγειο
2641 693 2763 744 Οὐκ
2815 692 3123 762 ἐφύλαξαν
3161 693 3276 761 τὴν
3319 693 3613 765 διαθήκην
3643 701 3750 754 τοῦ

2177 779 2346 842 Θεοῦ,
2385 780 2482 833 καί
2513 782 2582 834 ἐν
2613 779 2691 847 τῷ
2741 783 2901 852 νόμῳ
2941 783 3126 838 αὐτοῦ
3180 785 3288 838 οὐκ
3319 785 3752 856 ἠϐουλήθησαν

2175 871 2546 936 πορεύεσθαι.
2591 872 2700 926 Καὶ
2727 876 2848 936 τοὺς
2870 873 3088 937 λοιποὺς
3118 874 3173 927 δὲ
3207 875 3297 928 τοῦ
3327 877 3529 940 παντὸς
3563 877 3748 944 ἔθνους

2175 959 2327 1032 δηλοί
2360 965 2738 1035 μεταφορικῶς
2767 964 2852 1017 διὰ
2893 965 2998 1018 τῶν
3032 965 3164 1019 υίῶν
3209 964 3468 1038 Ἑφραῒμ,
3497 969 3590 1022 καὶ
3622 969 3747 1033 τοὺς

2170 1053 2385 1123 ὁμοίους
2415 1057 2523 1118 τοῖς
2547 1057 2785 1127 τρόποις,
2816 1059 2863 1110 εἰ
2897 1058 2989 1111 καὶ
3021 1057 3093 1129 μὴ
3117 1057 3217 1127 τῆς
3243 1057 3421 1128 ἀὐτῆς
3450 1059 3747 1132 ἐτύγχανον

2169 1141 2321 1206 ὄντες
2353 1143 2546 1213 φυλῆς,
2573 1146 2871 1215 σημαίνων.
2914 1147 3064 1198 Ἐπεὶ
3109 1147 3201 1200 καὶ
3250 1147 3298 1199 οἰ
3353 1149 3410 1200 ὲν
3461 1151 3574 1212 τοῖς
3607 1150 3747 1220 μετὰ

2170 1234 2338 1288 ταῦτα
2369 1235 2582 1306 χρόνοις
2611 1237 3003 1308 ἀποσχίσαντες
3037 1237 3134 1308 τῆς
3177 1238 3530 1310 Ἰερουσαλὴμ
3561 1241 3657 1294 καὶ
3685 1242 3748 1295 ὲν

2169 1329 2233 1396 τῇ
2268 1326 2546 1400 Σαμαρείᾳ
2580 1329 3132 1401 είδωλολατρήσαντες
3167 1331 3270 1382 υἰοί
3300 1325 3440 1401 ἦσαν
3481 1332 3745 1404 Ἐφραίμ.

2167 1416 2405 1481 Εἰκότως
2429 1414 2520 1472 οὖν
2550 1421 2672 1483 τοὺς
2699 1420 3018 1492 παραϐάτας
3039 1421 3131 1474 τοῦ
3159 1422 3358 1485 παντὸς
3387 1421 3570 1487 ἔθνους
3595 1425 3745 1490 υἱοὺς

2179 1509 2427 1580 Ἀϐραὰμ
2460 1511 2749 1582 ὀνομάσας,
2801 1513 3011 1583 ἀθρόως
3059 1512 3332 1566 διαϐάλλει
3379 1515 3505 1578 τοὺς
3537 1515 3746 1581 πάντας

2165 1599 2336 1670 λέγων
2357 1618 2370 1631 ·
2411 1603 2519 1657 Kal
2563 1603 2928 1660 ἐπελάθοντο
2981 1605 3099 1658 τῶν
3153 1606 3507 1675 εὐεργεσιῶν
3557 1609 3744 1664 αὑτοῦ

2163 1692 2262 1744 καί
2321 1691 2441 1745 τῶν
2488 1696 2834 1764 θαυμασίων
2863 1697 3048 1751 αὐτοῦ
3071 1737 3084 1761 ,
3124 1691 3211 1751 ὧν
3255 1697 3487 1762 ἔδειξεν
3515 1699 3743 1768 αὐτοῖς.

2176 1782 2480 1839 Ἐναντίον
2511 1787 2628 1840 τῶν
2670 1787 2938 1858 πατέρων
2974 1789 3191 1856 αὐτῶν,
3235 1790 3274 1846 ἃ
3309 1792 3560 1859 ἐποίησε
3599 1795 3742 1848 θαυ-

487 1891 757 1953 potestate
790 1884 1064 1949 instructi,
1107 1894 1257 1940 recto
1292 1886 1572 1956 proposito
1609 1886 1689 1939 uti
1728 1886 2051 1952 noluerunt;

2153 1871 2342 1941 μάσια
2371 1873 2440 1926 ἐν
2467 1874 2545 1946 γῇ
2572 1878 2872 1946 Αἰγύπτου
2897 1879 2966 1931 ἐν
2993 1879 3175 1945 πεδίῳ
3233 1881 3480 1948 Τάνεως.
3513 1884 3741 1938 Πάντων

485 1975 581 2031 sed
614 1974 725 2030 Deo
769 1984 919 2047 terga
949 1976 1144 2032 dantes
1192 1978 1248 2032 in
1293 1977 1511 2032 illorum
1544 1977 1675 2032 olim
1727 1977 2056 2031 mirabilium

481 2068 604 2137 ejus
625 2067 951 2122 oblivionem
989 2078 1276 2124 venerunt.
1312 2069 1569 2136 Qualium
1620 2076 1800 2124 autem
1833 2069 2058 2124 mirabi-

484 2159 638 2224 lium,
670 2159 776 2214 nisi
809 2175 997 2215 eorum
1033 2177 1156 2231 qua:
1194 2161 1324 2216 olim
1377 2161 1431 2216 in
1453 2160 1696 2232 Egypto
1729 2168 1878 2233 εοεαε
1908 2171 2056 2226 sunt,

483 2265 661 2318 neque
688 2249 744 2303 in
767 2256 878 2304 tota
900 2248 1159 2320 Egypto,
1191 2248 1287 2304 sed
1323 2249 1376 2303 in
1399 2262 1594 2319 campo
1616 2247 1864 2304 Taneosl
1900 2247 2055 2315 Quod

483 2348 668 2396 tamen
689 2337 906 2413 Moyses
942 2341 996 2394 in
1033 2341 1315 2410 Scriptura
1346 2355 1444 2396 sua
1481 2355 1586 2394 non
1608 2340 2055 2406 declaravit;sed

485 2433 692 2504 Asaph,
715 2434 806 2503 qui
833 2434 1096 2503 propheta
1141 2441 1278 2499 erat,
1306 2433 1361 2487 in
1395 2433 1645 2503 praesenti
1673 2431 1852 2497 docet,
1883 2431 2054 2486 adrni-

482 2525 655 2579 randa
687 2526 778 2579 illa
808 2526 860 2579 in
885 2523 1121 2595 Egypto
1155 2532 1327 2595 gesta,
1361 2541 1390 2578 a
1431 2524 1614 2594 Moyse
1652 2524 1707 2578 in
1735 2538 1928 2594 campo
1951 2521 2057 2576 Ta-

479 2632 615 2672 neos
644 2615 787 2671 edita
821 2616 1005 2672 fuisse.
1031 2616 1269 2672 Rursum
1309 2617 1453 2671 enim
1486 2617 1542 2670 in
1569 2615 1924 2686 sequentibus
1947 2615 2049 2668 ait:

475 2707 628 2764 Sicut
677 2710 850 2779 posuit
901 2710 954 2762 in
995 2707 1228 2779 Egypto
1262 2709 1415 2778 signa
1444 2725 1563 2774 sua,
1591 2718 1640 2762 et
1669 2708 1908 2777 prodigia
1955 2724 2053 2761 sua

475 2801 531 2856 in
559 2818 740 2871 campo
795 2801 1020 2855 Taneos.
1054 2801 1166 2855 Cur
1205 2801 1260 2856 in
1305 2815 1499 2871 campo
1547 2798 1800 2854 Taneos?
1827 2798 1964 2867 Quia
1998 2799 2050 2852 in

473 2890 578 2946 hoc
608 2893 844 2946 maxime
870 2891 1206 2947 daemoniaci)
1230 2892 1311 2947 vis
1350 2891 1632 2946 obtinebat
1671 2910 1682 2945 :
1721 2898 1853 2945 tunc
1881 2891 2049 2944 multa

472 2993 723 3055 poterant
762 2984 1039 3040 daemones
1085 2984 1141 3038 in
1173 2999 1366 3054 campo
1400 2983 1617 3038 Taneos
1650 2984 1956 3039 constituti.
1993 2983 2049 3037 Id

471 3093 599 3132 vero
629 3075 795 3131 Isaias
830 3077 1092 3146 propheta
1125 3076 1367 3130 declarat
1398 3077 1453 3130 in
1485 3076 1694 3130 visione
1712 3075 1950 3147 Egypti,
1972 3077 2050 3130 di-

2161 1963 2270 2037 γάρ
2298 1966 2500 2020 τούτων
2539 1967 2708 2039 λήθην
2753 1971 3108 2042 πεποιημένοι
3147 1972 3257 2024 τῶν
3305 1974 3441 2044 πρὸς
3478 1978 3602 2040 τοὺς
3636 1994 3744 2031 πα-

2158 2055 2322 2128 τέρας
2353 2057 2533 2110 αὐτῶν
2566 2059 3036 2132 ὲπιδεδειγμένων,
3068 2062 3205 2115 ὅπλα
3232 2064 3430 2135 ήραντο
3470 2067 3608 2120 κατὰ
3638 2068 3737 2122 τοῦ

2159 2147 2314 2211 Θεοῦ,
2349 2149 2406 2200 οὐ
2435 2147 2787 2221 βουληθέντες
2811 2151 2914 2224 [ὲν]
2941 2152 3016 2223 τῷ
3033 2155 3181 2225 νόμῳ
3202 2156 3365 2209 αὑτοῦ
3388 2159 3737 2230 πορεύεσθαι,

2158 2241 2332 2294 καίτοι
2383 2244 2467 2294 ἐπ’
2513 2243 2706 2307 αὐτοὺς
2757 2249 3007 2316 κειμένου
3062 2246 3155 2300 τοῦ
3205 2248 3462 2304 δύνασθαι
3517 2254 3611 2306 καὶ
3641 2255 3738 2308 τοῦ

2160 2331 2462 2402 βούλεσθαι.
2500 2336 2563 2387 Οἱ
2592 2337 2648 2389 δὲ
2694 2337 2792 2409 τὴν
2825 2337 3052 2410 δύναμιν
3080 2340 3323 2412 ἔχοντες,
3364 2345 3464 2397 οὐκ
3505 2346 3739 2417 ἠϐουλή-

2159 2424 2328 2494 θησαν
2356 2425 2489 2497 ὀρθῇ
2524 2427 2832 2497 χρήσασθαι
2880 2431 3230 2501 προαιρέσει·
3273 2432 3418 2487 νῶτα
3448 2434 3505 2487 δὲ
3553 2434 3738 2499 δόντες

2156 2515 2232 2585 τῷ
2265 2514 2411 2584 Θεῷ,
2451 2515 2621 2588 λήθην
2676 2519 2999 2589 ἐποιήσαντο
3045 2521 3154 2573 τῶν
3201 2522 3365 2576 πάλαι
3414 2524 3736 2596 θαυμασίων

2155 2605 2342 2660 αὑτοῦ.
2381 2607 2555 2660 Ποίων
2597 2607 2653 2660 δὲ
2699 2608 3018 2681 θαυμασίων
3071 2611 3104 2682 ἢ
3147 2612 3255 2664 τῶν
3294 2614 3352 2666 ὲν
3401 2615 3538 2686 αὐτῇ
3585 2631 3736 2683 γενο-

2158 2697 2335 2768 μένων
2391 2701 2453 2768 τῇ
2513 2698 2804 2771 Αἰγύπτῳ,
2854 2702 2947 2754 καὶ
2991 2702 3090 2754 οὐκ
3141 2703 3200 2754 ὲν
3247 2704 3394 2778 πάσῃ
3434 2707 3732 2779 Αἰγύπτῳ,

2152 2789 2267 2842 ἀλλ’
2308 2792 2364 2842 ὲν
2396 2789 2472 2859 τῷ
2531 2791 2628 2862 τῆς
2662 2793 2878 2856 Τάνεως
2914 2793 3108 2864 πεδίῳ;
3147 2796 3320 2868 Ὅπερ
3365 2799 3572 2869 Μωσῆς
3631 2802 3734 2871 μὲν

2151 2880 2252 2933 οὐκ
2284 2880 2516 2952 ἐδήλωσε
2551 2882 2637 2935 διὰ
2673 2884 2770 2954 τῆς
2819 2884 3010 2938 ἑαυτοῦ
3043 2887 3260 2959 Γραφῆς
3283 2907 3295 2918 ·
3346 2891 3376 2942 ό
3419 2890 3476 2945 δὲ
3529 2893 3724 2965 Ἀσάφ,

2154 2974 2439 3044 προφήτης
2472 2974 2572 3037 ῶν,
2595 2974 2835 3029 διδάσκει
2865 2975 2955 3030 διὰ
2988 2976 3095 3031 τῶν
3135 2982 3537 3051 προκειμένων,
3567 2986 3642 3048 ὡς
3672 2988 3734 3040 ἐν

2149 3066 2229 3137 τῷ
2262 3065 2429 3136 πεδίῳ
2458 3067 2675 3130 Τάνεως
2717 3068 2786 3121 τὰ
2831 3071 2887 3122 ἐν
2938 3071 3196 3142 Αἰγύπτῳ
3241 3073 3550 3144 πραχθέντα
3599 3077 3731 3130 θαύ-

473 3180 605 3220 cens
641 3185 654 3218 :
693 3165 760 3218 Et
789 3166 940 3218 stulti
990 3176 1142 3218 erant
1199 3166 1458 3234 principes
1519 3165 1746 3232 Taneos,
1791 3166 2047 3234 sapientes

2157 3176 2301 3230 ματα
2339 3159 2428 3213 διὰ
2470 3161 2715 3224 Μωσέως
2761 3161 3108 3235 ἐπετελέσθη.
3165 3165 3325 3232 Λέγει
3358 3167 3403 3219 δ’
3447 3165 3539 3222 οὖν
3574 3166 3730 3234 αὖθις

475 3259 772 3311 consiliarii
807 3260 968 3327 regis,
998 3260 1280 3312 consilium
1309 3269 1487 3313 eorum
1513 3258 1735 3312 stultum
1766 3259 1875 3328 /iet.
1905 3259 2050 3324 Quo-

472 3350 625 3403 modo
651 3349 835 3404 dicetis
859 3353 964 3420 regi
983 3367 1001 3404 :
1020 3351 1150 3402 Filii
1173 3350 1489 3414 sapientium
1517 3365 1610 3402 nos
1632 3365 1834 3413 sumus,
1851 3348 2051 3417 ﬁliire-

468 3458 591 3510 gum
618 3442 708 3511 qui
737 3458 768 3492 a
798 3442 1058 3509 principio
1090 3440 1346 3510 fuerunt?
1379 3437 1478 3492 Ubi
1510 3448 1631 3491 sunt
1658 3439 1922 3504 sapientes
1947 3439 2045 3501 tui,

467 3541 517 3586 et
544 3533 853 3584 annuntient
881 3531 995 3594 tibi,
1021 3543 1068 3585 et
1100 3531 1282 3584 dicant
1327 3530 1444 3594 tibi,
1469 3529 1594 3598 quid
1625 3529 1833 3582 consilii
1857 3527 2047 3582 Domi-

469 3641 568 3676 nus
603 3625 794 3692 ceperit
847 3639 1005 3686 super
1054 3622 1383 3694 zEgyptum?
1430 3621 1744 3690 Defecerunt
1787 3622 2043 3689 principes

471 3713 699 3776 Taneos,
731 3724 778 3767 et
807 3716 1072 3784 perierunt
1118 3715 1375 3783 principes
1409 3711 1710 3782 Mempheos
1733 3713 1797 3767 ¹¹.
1832 3711 2043 3766 Daemo-

467 3818 565 3856 nes
595 3813 775 3858 autem
812 3803 1032 3872 maligni
1067 3813 1243 3869 erant,
1273 3814 1332 3856 ut
1364 3802 1660 3858 verisimile
1699 3812 1804 3867 est,
1828 3807 1916 3869 qui
1947 3819 2042 3872 per

461 3896 683 3948 oracula
733 3905 786 3948 et
831 3894 1200 3949 divinationes
1249 3897 1541 3964 quamdam
1588 3894 1866 3964 sapientia:
1911 3909 2035 3962 spe-

461 3985 599 4039 ciem
629 3986 1045 4054 proﬁtebantur,
1081 3997 1137 4040 et
1164 3986 1233 4040 ob
1260 3986 1407 4040 illam
1437 4001 1626 4042 eorum
1652 3986 1742 4056 qui
1774 3985 1828 4038 in
1861 3987 2036 4040 diven-

459 4078 538 4131 sis
575 4075 797 4148 IEgypti
834 4078 969 4131 locis
997 4077 1272 4147 principes
1304 4085 1462 4132 erant
1499 4077 1799 4132 consiliarii
1851 4075 2026 4131 eﬂ‘ecti

459 4177 608 4223 sunt.
639 4169 777 4223 Num
815 4169 952 4225 forte
979 4172 1073 4241 qui
1119 4170 1409 4241 praestigiis
1434 4169 1770 4241 Egyptiacis
1811 4183 2032 4238 cperam

457 4263 679 4328 dabant,
711 4272 767 4316 et
794 4263 830 4316 ii
883 4264 974 4332 qui
1004 4263 1280 4318 veneﬁciis
1327 4263 1442 4317 suis
1473 4261 1645 4333 Moysi
1678 4261 2028 4324 obstiterunt,

455 4356 732 4425 principes
753 4355 968 4410 'l‘aneos
989 4363 1044 4410 et
1060 4357 1336 4424 sapientes
1358 4354 1660 4410 consiliarii
1689 4355 1832 4425 regis
1853 4354 2033 4408 erant?

454 4446 820 4512 Quamobrqn
848 4447 972 4516 jure
1000 4457 1124 4518 qua:
1154 4463 1252 4516 per
1283 4446 1519 4518 Moysem
1545 4446 1600 4499 in
1631 4444 1864 4517 [Egypto
1891 4444 2030 4499 facta

452 4549 600 4603 sunt,
633 4538 687 4592 in
710 4551 905 4609 campo
942 4537 1156 4594 Taneos
1191 4539 1332 4594 edita
1369 4553 1492 4593 esse
1519 4537 1609 4592 hic
1641 4537 1954 4592 edocemur.

2152 3251 2354 3324 προῖὼν
2387 3253 2475 3306 διὰ
2514 3253 2624 3307 τῶν
2656 3253 2815 3326 ὲξῆςο
2870 3255 2968 3322 Ὠς
3018 3256 3184 3311 ἔθετο
3227 3260 3296 3312 ἐν
3333 3263 3608 3330 Αἰγύπτῳ
3655 3263 3728 3316 τὰ

2147 3345 2368 3414 σημεῖα
2411 3346 2596 3401 αὐτοῦ
2659 3347 2756 3400 καί
2818 3349 2890 3401 τὰ
2945 3348 3156 3417 τέρατα
3200 3353 3385 3406 αὑτοῦ
3421 3354 3490 3406 ἐν
3543 3356 3726 3423 πεδίῳ

2155 3437 2400 3505 Τάνεως.
2435 3439 2535 3492 Διὰ
2559 3440 2611 3492 τί
2646 3440 2703 3492 δὲ
2732 3443 2789 3494 ὲν
2821 3440 2897 3511 τῷ
2919 3441 3020 3512 τῆς
3052 3443 3266 3508 Τάνεως
3312 3445 3507 3514 πεδίῳ;
3546 3447 3723 3500 Ἐπει-

2147 3530 2319 3602 δήπερ
2347 3532 2404 3583 ὲν
2434 3529 2608 3602 τούτῳ
2640 3531 2872 3602 μάλιστα
2897 3534 2964 3585 τὰ
2988 3534 3084 3603 τῆς
3104 3533 3418 3604 δαιμονικῆς
3442 3536 3718 3605 ἐνεργείας

2147 3621 2441 3693 ἐπεκράτει
2464 3639 2476 3650 ·
2507 3623 2630 3676 τότε
2660 3621 2831 3676 πολλά
2864 3639 2921 3676 τε
2955 3623 3136 3693 ἴσχυον
3168 3626 3286 3678 κατ’
3315 3627 3488 3680 ἐκεῖνο
3525 3627 3715 3699 καιροῦ

2144 3715 2192 3767 οἱ
2225 3715 2283 3767 ὲν
2310 3717 2375 3786 τῇ
2428 3715 2592 3768 Τάνει
2643 3714 2918 3786 ἱδρυμένοι
2952 3714 3223 3787 δαίμονες.
3257 3716 3428 3770 Τοῦτο
3473 3718 3529 3772 δὲ
3572 3719 3720 3790 δηλοῖ

2155 3807 2381 3869 Ἡσαΐας
2432 3808 2460 3859 ὁ
2513 3807 2796 3877 προφήτης
2847 3807 2905 3858 ἐν
2953 3808 3020 3877 τῇ
3074 3807 3259 3878 ὁράσει
3305 3807 3407 3879 τῆς
3446 3809 3720 3876 Αἰγύπτου

2142 3897 2314 3967 λέγων
2337 3914 2349 3927 ·
2395 3898 2504 3952 Kal
2551 3898 2731 3968 μωροί
2763 3898 3008 3952 ἔσονται
3050 3901 3104 3952 οἰ
3139 3898 3424 3969 ἄρχοντες
3474 3902 3721 3971 Τὰνεως,

2141 3991 2195 4042 al
2221 3988 2398 4057 σοφοὶ
2419 3989 2748 4057 σύμϐουλοι
2771 3988 2875 4042 τοῦ
2898 3988 3274 4058 βασιλέως,τὶ
3292 3991 3494 4060 βουλὴ
3523 3992 3720 4048 αὐτῶν

2139 4079 2606 4149 μωρανθήσεται.
2639 4078 2772 4144 Πῶς
2795 4079 2979 4147 ἐρεῖτε
3006 4079 3086 4146 τῷ
3111 4081 3378 4145 βασιλεῖ,
3423 4085 3536 4138 1⁸ίοί
3567 4102 3717 4138 συν-

2139 4169 2290 4223 ετῶν
2334 4169 2525 4239 ἡμεῖς,
2569 4169 2685 4223 vlol
2719 4168 3028 4233 βασιλέων
3070 4170 3188 4224 τῶν
3219 4173 3288 4237 ἐξ
3327 4173 3554 4242 ἀρχῆς;
3589 4177 3713 4230 Ποῦ

2137 4262 2296 4316 εἰσ-ἰν
2331 4264 2385 4315 οἰ
2413 4262 2595 4330 σοφοί
2623 4276 2759 4327 σου,
2785 4261 2880 4315 καί
2913 4262 3437 4333 ἀναγγειλάτωσάν
3461 4281 3580 4328 σοι,
3616 4267 3716 4320 καί

2135 4351 2474 4407 εἰπάτωσάν
2499 4368 2597 4406 σοι
2641 4353 2699 4406 τί
2737 4353 3132 4418 βεϐούλευται
3173 4355 3386 4422 Κύριος
3409 4357 3503 4409 ἐπ’
3532 4360 3712 4427 Αἴγυ-

2136 4457 2320 4507 πτον;
2362 4443 2671 4508 Ἑξέλιπον
2708 4447 2760 4497 οἰ
2799 4444 3086 4512 ἄρχοντες
3129 4445 3384 4512 Τάνεως,
3415 4450 3513 4501 καί
3555 4449 3715 4503 ἀπώ-

2063 4516 2106 4570 D
2133 4540 2316 4590 λοντο
2347 4539 2400 4590 οὶ
2427 4536 2714 4605 ἄρχοντες
2747 4535 3344 4609 ΜέμφεωςρΔαίμονες
3363 4539 3420 4592 δὲ
3443 4535 3604 4611 ἦσαν,
3633 4542 3711 4605 ὡς

453 4635 616 4697 εἰκὸς,
651 4635 874 4705 πονηροὶ
905 4634 993 4687 διὰ
1045 4634 1308 4706 χρησμῶν
1369 4633 1462 4687 καὶ
1517 4633 1781 4704 μαντειῶν
1839 4633 2029 4702 σοφίαν
2069 4632 2190 4685 τινὰ
2253 4631 2728 4700 ἐπαγγελλόμενοι,
2753 4632 2848 4684 καὶ
2875 4635 2931 4686 ὲν
2964 4633 3162 4714 ταύτῃ.
3198 4635 3306 4688 τῶν
3340 4635 3480 4704 κατὰ
3513 4638 3711 4701 τόπους

454 4726 794 4795 κρατούντων
856 4727 956 4797 τῆς
1019 4726 1295 4796 Αἰγύπτου
1333 4725 1624 4796 σύμϐουλοι
1688 4727 1983 4796 γινόμενοι.
2036 4725 2261 4794 Μήποτε
2311 4724 2367 4777 δὲ
2419 4725 2512 4776 καὶ
2561 4725 2610 4776 οἰ
2660 4728 2776 4787 ταῖς
2824 4725 3096 4791 γοητείαις
3140 4730 3260 4790 τοῖς
3309 4729 3708 4795 Αἰγυπτιακοῖς

452 4822 895 4894 προσανέχοντες,
926 4824 1061 4876 οἵτε
1088 4824 1436 4885 ἀντιστάντες
1463 4825 1651 4876 Μωσεῖ
1670 4825 1789 4884 ταῖς
1813 4821 2184 4893 φαρμακείαις
2213 4819 2412 4883 αὐτῶν,
2430 4821 2481 4872 οἰ
2512 4821 2772 4890 ἄρχοντες
2798 4816 2937 4891 ἦσαν
3000 4822 3238 4884 Τάνεως,
3271 4823 3363 4877 καὶ
3427 4825 3477 4876 οἱ
3544 4826 3699 4892 σοφοὶ

455 4917 737 4988 σύμϐουλοι
781 4919 873 4972 τοῦ
909 4918 1197 4990 βασιλέωςς
1273 4919 1468 4989 Διόπερ
1515 4919 1740 4980 εἰκότως
1788 4919 1846 4970 ὲν
1893 4916 2060 4986 πεδίῳ
2127 4916 2343 4979 Τάνεως
2373 4917 2400 4967 ὁ
2433 4914 2618 4986 παρὼν
2652 4915 2807 4982 λόγος
2861 4915 3099 4970 διδάσκει
3146 4916 3460 4988 πεπρᾶχθαι
3505 4917 3572 4972 τὰ
3619 4918 3706 4969 διὰ

421 5015 426 5018 ’
449 5013 690 5078 Μωσέως
723 5017 780 5067 ὲν
799 5015 1058 5086 Αἰγύπτῳ
1088 5017 1446 5088 γεγενημένα.

2194 5125 2470 5195 Διέγῦρηξε
2507 5125 2828 5180 θάλασσαν
2849 5127 2945 5179 καί
2976 5125 3256 5196 διήγαγεν
3281 5125 3522 5191 αὐτοὺς,
3557 5137 3705 5193 παρ-

2125 5218 2389 5286 έστησεν
2438 5218 2626 5274 ὕδατα
2677 5216 2820 5271 ὠσεί
2861 5216 3077 5274 ἀσκόν.
3106 5218 3186 5271 Τὰ
3223 5218 3320 5288 μὲν
3349 5219 3407 5271 ὲν
3437 5218 3574 5288 αὐτῇ
3604 5235 3702 5270 πε-

2127 5310 2419 5381 πραγμένα
2455 5313 2518 5380 τῇ
2567 5307 2823 5378 Αἰγύπτῳ
2859 5307 2946 5362 διὰ
2995 5311 3123 5381 μιᾶς
3168 5309 3464 5379 ὲπετέμετο
3505 5308 3702 5373 λέξεως

455 5413 593 5456 terra
619 5401 862 5472 zEgypti,
895 5411 949 5458 et
979 5403 1167 5473 adjicit
1212 5418 1276 5458 ea
1305 5417 1427 5473 quae
1451 5418 1559 5456 non
1593 5410 1940 5466 noveramus,
1965 5402 2018 5453 in

2159 5401 2293 5455 ἰπών
2312 5418 2325 5430 ”
2361 5403 2419 5455 Ἃ
2442 5400 2692 5467 ἐποίησε
2721 5398 3021 5468 θαυμάσια
3046 5401 3116 5454 ὲν
3142 5398 3218 5469 γῆ
3245 5399 3568 5468 Αἰγύπτου,
3605 5399 3700 5451 καὶ

447 5487 879 5564 εαηιροταηεοδ.
905 5496 1166 5562 Quzenam
1192 5497 1281 5550 illa
1309 5496 1578 5550 mirabilia
1607 5502 1791 5550 essent
1819 5492 2018 5564 Moysis

2153 5493 2383 5566 προσθεὶς
2409 5493 2546 5563 ὅπερ
2580 5492 2678 5545 οὐκ
2707 5492 2949 5563 ᾔδειμεν,
2973 5492 3044 5546 ὲν
3078 5491 3260 5556 πεδίῳ
3289 5490 3534 5557 Τάνεως.
3564 5489 3697 5541 Τίνα

447 5582 728 5655 Scriptura
783 5587 962 5642 fusius
993 5597 1229 5644 enarrat.
1268 5587 1378 5643 Sed
1413 5603 1651 5659 praesens
1685 5587 1925 5658 psalmus
1951 5601 2014 5640 ea

2153 5587 2178 5639 ὲ
2209 5581 2276 5656 ἦν
2304 5585 2371 5637 τὰ
2393 5583 2694 5655 θαυμάσια,
2729 5586 2808 5646 εἰς
2841 5582 3041 5646 πλάτος
3074 5585 3173 5653 μὲν
3197 5585 3230 5652 ἡ
3262 5581 3504 5644 Μωσέως
3541 5597 3697 5651 περι-

442 5678 795 5746 paucioribus
845 5677 987 5734 inira
1030 5687 1300 5747 recenset,
1342 5680 1531 5736 dicens
1576 5697 1589 5735 :
1649 5679 1912 5736 Convertit
1953 5679 2006 5732 in

2153 5695 2229 5748 χει
2267 5677 2480 5748 Γραφή·
2520 5676 2864 5747 ἐπιτέμνεται
2902 5675 2957 5729 δὲ
2995 5674 3167 5730 ταῦτα
3195 5678 3222 5728 ό
3263 5673 3454 5748 παρὼν
3485 5671 3696 5744 ψαλμὸς

522 5127 686 5185 Vens.
724 5131 808 5184 l5.
846 5130 1134 5201 Interrupit
1154 5148 1296 5185 mare
1325 5141 1375 5185 et
1414 5130 1658 5201 perduxit
1684 5145 1792 5193 eos,
1825 5139 1873 5182 et
1908 5136 2018 5181 sta-

456 5223 552 5276 tuit
584 5239 745 5292 aquas
779 5225 932 5292 quasi
976 5236 1160 5276 utrem.
1193 5223 1326 5288 Quae
1353 5224 1404 5276 in
1438 5221 1672 5292 Egyplo
1704 5219 1843 5274 facta
1867 5227 2016 5281 sunt,

455 5329 563 5367 uno
595 5314 760 5368 verbo
777 5314 1092 5381 complexus
1122 5312 1295 5366 dixit:
1332 5312 1464 5377 Qua:
1504 5314 1624 5379 fecit
1666 5308 1937 5363 mirabilia
1967 5311 2019 5362 in

515 5831 555 5860 “
589 5829 691 5882 lsa.
716 5847 828 5897 xxx,
864 5831 1046 5888 ll-lS.
