4066 6394
395 436 498 492 913

1469 424 1967 484 COMMENTARIA
2009 422 2076 478 ΙΝ
2116 423 2458 481 PSALMOS.

3515 434 3618 491 9H

391 559 451 610 δν
486 559 597 620 τοῖς
641 556 775 627 μετά
804 555 971 608 ταῦτα
1008 554 1208 621 λέγων⁹
1247 549 1662 617 Μετέστρεψεν
1702 549 1786 614 είς
1813 541 1939 615 αἷμα

2055 546 2362 616 sanguinem
2399 545 2621 612 [lumina
2641 561 2842 611 eorum,
2878 555 2926 600 et
2953 547 3143 613 imbres
3166 566 3345 604 eorum
3387 570 3446 608 ne
3479 554 3619 607 bibe-

391 647 533 712 τοὺς
558 644 860 713 ποταμοὺς
879 640 1092 702 αὐτῶν.
1108 695 1113 701 ,
1131 642 1229 698 καί
1246 640 1318 698 τὰ
1334 638 1670 709 όμὸρήματα
1693 635 1847 702 ὅπως
1861 635 1948 705 μὴ

390 738 629 790 πίωσιν.
669 733 1118 800 Ἐξαπέστειηλεν
1140 735 1226 799 εὶς
1249 731 1468 797 αὐτοὺς
1490 731 1834 798 κοινόμυιαν
1854 729 1950 782 καὶ

391 828 720 897 κατέφαγεν
761 826 1016 893 αὐτοὺς,
1058 828 1153 879 καὶ
1203 825 1270 878 τὰ
1315 824 1522 886 τούτοις
1572 821 1946 892 ἐπιλεγόμενα.

390 919 572 975 Ταῦτα
623 919 718 989 μὲν
757 913 846 971 οὖν
908 919 1026 970 κατ’
1074 915 1382 985 Αἰγυπτίων
1430 915 1638 983 ἐγίνετο
1682 915 1738 966 ὲν
1784 910 1950 984 πεδίῳ

389 1011 602 1074 Τάνεως
628 1027 640 1040 ⁸
674 1009 710 1063 ἃ.
740 1009 803 1081 δὴ
841 1008 1122 1080 παρελθὼν
1157 1008 1250 1060 ἐπὶ
1295 1005 1387 1058 τοῦ
1417 1005 1680 1076 παρόντος
1714 1005 1741 1055 ὁ
1776 1003 1948 1071 λόγος,

388 1103 484 1167 τὰς
516 1105 595 1166 είς
638 1103 728 1155 τὸν
765 1101 891 1154 λαὸν
922 1102 1238 1171 εὐεργεσίας
1287 1098 1603 1171 προτάττειο
1629 1096 1702 1158 ὡς
1737 1094 1952 1166 διῆλθον

387 1193 484 1266 τὴν
531 1193 836 1258 Θάλασσαν,
881 1195 959 1256 είς
1007 1192 1175 1246 πολλά
1231 1191 1370 1263 μέρη
1419 1187 1790 1261 διαιρεθέντων
1845 1186 1952 1240 τῶν

389 1287 625 1341 ὑδάτων·
661 1285 689 1338 δ
728 1285 792 1356 δὴ
834 1284 1160 1356 παρίσταται
1189 1284 1276 1337 διὰ
1309 1283 1399 1336 τοῦ
1432 1283 1725 1350 φάσκοντος
1757 1280 1912 1349 λόγου
1933 1296 1947 1309 ·

388 1378 472 1444 Τῷ
494 1376 897 1432 καταδιελόντι
927 1375 1039 1444 τὴν
1067 1373 1341 1442 Ἐρυθρὰν
1366 1373 1679 1427 θάλασσαν
1702 1374 1787 1436 είς
1808 1370 1952 1425 διαι-

378 1469 612 1537 ρέσεις,
667 1469 767 1523 καί
807 1469 1144 1538 διαγαγόντι
1183 1467 1289 1521 τὸν
1347 1465 1580 1535 Ἰσραὴλ
1616 1464 1714 1520 διὰ
1758 1463 1950 1534 μέσου

385 1560 592 1628 αὐτῆς.
623 1561 758 1614 Φασὶ
795 1561 923 1628 γοῦν
965 1559 1229 1629 Ἐϐραίων
1262 1559 1450 1621 παῖδες
1481 1559 1560 1621 είς
1589 1555 1656 1609 ιϐ’
1690 1556 1951 1626 τμήματα

384 1651 674 1724 διῃρῆσθαι
714 1653 883 1723 αὐτὴν
941 1652 1057 1704 κατ’
1085 1649 1314 1722 ἀριθμὸν
1358 1649 1464 1711 τῶν
1515 1649 1582 1702 ιϐ’
1632 1646 1812 1716 φυλῶν
1857 1646 1950 1699 τοῦ

382 1741 545 1798 λαοῦ·
591 1743 731 1798 ὥστε
781 1743 1174 1815 ἀφωρισμένως
1217 1741 1452 1813 ἑκάστην
1499 1739 1722 1796 διελθεῖν
1755 1739 1946 1810 φυλὴν,

379 1833 528 1886 κατὰ
559 1834 657 1904 τὴν
679 1833 1113 1904 ἀπονεμηθεῖσαν
1144 1833 1279 1903 αὐτῇ
1308 1829 1550 1904 πορείαν.
1584 1830 1948 1898 Διισταμένων

2054 645 2188 694 rent.
2225 635 2370 693 Misit
2408 639 2462 690 in
2493 653 2579 690 eos
2611 640 2954 708 cantomyiam
2986 651 3036 694 et
3058 644 3278 698 comedit
3295 661 3401 708 eos,
3435 656 3489 699 et
3510 663 3616 701 ca:-

2055 738 2192 782 tera.
2222 727 2345 782 lla-0
2375 730 2555 798 itaque
2592 737 2781 790 contra
2799 729 3084 801 Egyptios
3105 734 3157 790 in
3182 751 3372 806 campo
3401 737 3612 794 Taneos

2051 819 2554 888 contigerunt,qu;e
2582 827 2966 878 transcurrens
2993 823 3046 877 in
3076 830 3327 894 praesenti
3357 829 3618 885 beneﬁcia

2051 909 2107 963 in
2139 910 2393 980 populum
2444 911 2760 979 pra-emittit:
2797 921 2855 966 ut
2889 914 3099 970 scilicet
3151 919 3306 988 aquis
3348 920 3532 990 plures
3561 921 3617 976 in

2053 1014 2232 1074 partes
2267 1001 2478 1070 divisis,
2504 1020 2652 1061 mare
2698 1009 3094 1075 pertransierit,
3123 1012 3270 1078 quod
3309 1013 3396 1069 liis
3438 1016 3616 1071 verbis

2050 1095 2358 1150 declaratur
2391 1114 2404 1149 :
2441 1094 2544 1162 Qui
2569 1096 2752 1160 divisit
2786 1114 2931 1152 mare
2960 1097 3192 1155 Rubrum
3222 1102 3276 1156 in
3315 1102 3613 1169 divisiones,

2049 1197 2100 1240 et
2140 1186 2322 1242 eduxit
2362 1185 2535 1242 Israel
2565 1205 2656 1259 per
2691 1191 2919 1245 medium
2969 1192 3083 1261 ejus
3119 1194 3184 1249 “.
3219 1193 3386 1250 Aiunt
3435 1197 3644 1268 itaque.

2052 1275 2260 1331 Hebraei
2293 1277 2346 1332 in
2379 1278 2662 1334 duodecim
2695 1282 2965 1336 sectiones
3001 1282 3236 1339 divisum
3267 1284 3439 1342 fuisse
3468 1303 3617 1344 mare

2051 1369 2350 1424 secundum
2373 1387 2655 1426 numerum
2684 1372 2969 1430 duodecim
3007 1377 3190 1446 populi
3223 1379 3464 1434 tribuum
3491 1400 3505 1447 ;
3542 1383 3616 1434 ita

2053 1467 2110 1513 ut
2133 1462 2358 1532 singulae
2385 1464 2559 1530 tribus
2587 1466 2876 1536 separatim
2909 1467 2963 1520 in
2992 1458 3268 1539 assignato
3299 1469 3404 1530 sibi
3435 1479 3616 1523 meatu

2049 1556 2464 1623 pertransircnt.
2497 1556 2629 1612 Cum
2679 1574 2840 1628 porro
2879 1574 3032 1630 aqua:
3089 1561 3409 1628 intermedio
3441 1562 3617 1631 spatio

2050 1646 2310 1716 sejunctaa
2333 1658 2538 1712 essent,
2571 1658 2626 1703 et
2654 1651 2805 1704 arida
2830 1665 2971 1706 terra
3005 1653 3059 1706 in
3093 1653 3272 1706 medio
3297 1653 3611 1714 haberetur,

2048 1752 2388 1808 consequens
2422 1747 2725 1810 erataquas
2752 1741 2804 1795 in
2829 1742 3104 1798 cumulum
3139 1753 3356 1799 evectas
3371 1743 3616 1808 contine—

2048 1832 2115 1895 ri,
2155 1832 2210 1886 in
2257 1847 2383 1888 aere
2428 1833 2665 1888 tumidas
2703 1833 2899 1888 elevari
2939 1842 2992 1888 et
3030 1835 3228 1897 attolli,
3276 1835 3332 1888 in
3385 1836 3616 1904 ipsoque

375 1921 440 1975 δὲ
464 1921 572 1976 τῶν
606 1923 831 1986 ὑδάτων,
877 1923 972 1974 καὶ
1019 1920 1188 1992 ξηρᾶς
1217 1921 1319 1990 γῆς
1350 1922 1407 1972 ὲν
1445 1919 1522 1990 τῷ
1567 1916 1768 1989 μεταξὺ
1821 1935 1939 1971 συν-

2046 1938 2171 1978 aere
2207 1925 2362 1995 quasi
2425 1925 2480 1978 in
2529 1932 2650 1979 utre
2684 1925 2965 1993 concludi;
3016 1937 3344 1996 quapropter
3373 1925 3608 1983 dicitur:

370 2015 694 2086 ιινταμένης,
722 2012 1010 2067 ἀκόλουθον
1041 2009 1108 2085 ἦν
1140 2011 1366 2081 συνοχὴν
1393 2009 1632 2078 γίνεσθαι
1663 2010 1768 2064 τῶν
1811 2009 1936 2063 ὑδά-

2046 2011 2113 2064 Et
2147 2015 2327 2066 statuit
2385 2031 2544 2083 aquas
2595 2015 2745 2078 quasi
2780 2022 2964 2070 utrem.

364 2129 506 2176 των,
559 2113 632 2176 ὡς
686 2110 1012 2183 κυρτοῦσθαι
1057 2108 1194 2164 αὐτὰ
1253 2107 1584 2178 συνεχόμενα
1631 2107 1767 2180 πρὸς
1818 2107 2017 2178 ἄλληλα
2068 2110 2161 2162 καὶ
2224 2112 2282 2163 ἐν
2343 2109 2492 2180 αὐτῷ
2556 2109 2631 2179 τῷ
2677 2109 2798 2180 ἀέρι
2842 2108 3156 2181 ἐπαίρεσθαι
3218 2110 3311 2162 καὶ
3370 2109 3617 2178 ὑψοῦσθα.

365 2206 716 2279 κωρτούμενα
747 2209 839 2261 καὶ
871 2205 1325 2278 μετεωριζόμενα,
1369 2205 1463 2258 καὶ
1485 2204 1672 2277 ὥσπερ
1724 2206 1784 2258 ἐν
1835 2205 1990 2276 ἁσκῷ
2029 2205 2104 2276 τῷ
2134 2209 2252 2278 ἀέρι
2295 2207 2708 2279 περικλειόμενα
2731 2224 2743 2236 ·
2775 2207 2854 2260 διὸ
2899 2206 3170 2260 λέλεκταιο
3200 2207 3610 2275 Παρέστησενι

360 2299 566 2354 ὕδατα
591 2299 734 2353 ὡσεί
765 2299 978 2354 ἀσκόν.

445 2394 597 2448 Μετὰ
639 2395 697 2446 δὲ
726 2393 786 2447 τὺ
840 2393 1154 2466 τηλικοῦτον
1200 2391 1400 2465 θαῦμα,
1457 2392 1775 2462 ὡδήγησεν
1827 2396 1937 2448 αὐ-

375 2485 537 2550 τοὺς,
568 2484 750 2555 φησιν,
822 2483 891 2536 ἐν
942 2483 1162 2553 νεφέλῃ
1213 2482 1454 2554 ἡμέρας,
1516 2482 1937 2554 ὲπισκιαζούσης

376 2575 470 2628 καὶ
504 2573 710 2644 σκέπην
772 2573 953 2635 αὐτοῖς
1005 2570 1346 2644 παρεχούσης
1401 2575 1498 2643 τῆς
1544 2572 1792 2642 νεφέλης,
1860 2571 1935 2636 ὡς

377 2665 442 2720 ἂν
475 2664 548 2735 μὴ
572 2665 676 2716 ὑπὸ
694 2664 786 2717 τοῦ
819 2664 1057 2733 φλογμοῦ
1106 2664 1198 2717 τοῦ
1247 2662 1473 2733 ἡλιακοῦ
1530 2665 1930 2717 καταπονοῖντο.

2100 2395 2262 2450 Vens.
2291 2395 2356 2449 14
2417 2393 2546 2450 Post
2567 2404 2784 2448 ιειηῑιιω.
2802 2393 3121 2448 miraculum
3143 2394 3360 2455 deduxit
3389 2409 3498 2457 eos,
3531 2393 3614 2447 in-

2040 2489 2179 2559 quit,
2224 2489 2278 2540 in
2307 2487 2437 2541 nube
2479 2488 2604 2555 diei,
2624 2488 3006 2552 adumbrante,
3042 2494 3205 2558 atque
3235 2496 3608 2557 tegumentum

2039 2578 2314 2648 praebente
2331 2578 2494 2642 nube,
2527 2587 2674 2632 utne
2695 2577 2829 2634 solis
2853 2585 2988 2633 testu
3018 2577 3347 2653 laborarent.
3369 2574 3434 2632 Ut
3452 2593 3614 2645 porro

2040 2670 2181 2724 nube
2199 2669 2303 2724 diei
2326 2670 2661 2740 tegebantur,
2695 2669 2775 2724 sic
2803 2675 3164 2739 congruenter
3196 2668 3448 2746 columna
3472 2668 3612 2736 ignis

378 2755 740 2825 Καταλλήλως
800 2756 856 2808 δὲ
913 2759 979 2827 τῇ
1043 2757 1139 2826 τῆς
1191 2757 1400 2827 ἡμέρας
1447 2755 1670 2827 νεφέλῃ,
1743 2755 1930 2819 στύλος

2048 2761 2158 2830 psis
2194 2767 2354 2814 noctu
2371 2761 2593 2829 praeibat
2621 2760 2824 2814 claram
2857 2759 2999 2814 diem
3033 2758 3271 2814 elﬁciens
3293 2778 3304 2812 :
3327 2774 3497 2828 quare
3525 2759 3609 2813 di-

377 2847 547 2919 πυρὸς
603 2847 691 2901 διὰ
754 2847 850 2920 τῆς
907 2849 1099 2912 νυκτὸς
1171 2848 1408 2918 προῆγεν
1477 2849 1669 2910 αὐτοὺς
1697 2887 1711 2911 ,
1791 2848 1932 2919 ὴμέ-

2040 2851 2198 2906 :itur:
2219 2849 2286 2903 Et
2301 2859 2412 2904 tota
2438 2860 2584 2904 nocte
2603 2851 2657 2904 in
2689 2849 3075 2903 illuminatione
3096 2848 3254 2918 ignis.
3277 2847 3353 2902 Ad
3387 2847 3500 2902 haec
3529 2847 3613 2900 di-

384 2956 482 3009 ραν
543 2939 722 3002 αὐτοῖς
776 2941 1041 3008 φωτεινὴν
1117 2939 1585 3010 ἀπεργαζόμενος·
1649 2938 1729 2992 διὸ
1783 2939 1931 2992 λέλε-

2040 2942 2208 2997 3itur:
2241 2940 2404 2996 Vens.
2444 2942 2527 2996 15.
2567 2940 2858 3008 Interrupit
2893 2949 3093 3008 petram
3130 2939 3181 2991 in
3209 2947 3470 3004 eremo,et
3493 2945 3612 3007 pot-

378 3043 523 3092 κται,
558 3028 666 3083 Καὶ
713 3027 864 3096 ὅλην
911 3028 1024 3096 τὴν
1066 3029 1258 3083 νύκτα
1291 3029 1361 3082 ἐν
1398 3026 1673 3098 φωτισμῷ
1722 3030 1930 3097 πυρός.

2040 3034 2135 3088 nuit
2163 3050 2249 3088 eos
2271 3031 2406 3087 velut
2431 3034 2484 3087 in
2523 3032 2712 3103 abysso
2750 3031 2939 3086 multa.
2963 3030 3229 3086 Observes
3255 3045 3419 3100 porro
3454 3031 3610 3083 velim

387 3119 510 3170 Ἐπὶ
568 3117 778 3181 τούτοις
834 3119 1076 3187 λέγεται·
1117 3118 1392 3187 Διέῤῥηξε
1449 3118 1670 3187 πέτραν
1720 3119 1790 3173 ἐν
1815 3117 1934 3189 ε’τῇ

2040 3125 2127 3179 hic
2151 3126 2314 3180 etiam
2342 3126 2552 3196 capiam
2575 3138 2836 3195 aquarum
2870 3122 3116 3192 abyssum
3150 3121 3356 3175 vocari.
3383 3119 3488 3174 Pro
3520 3122 3611 3174 illo

373 3210 568 3281 ἐρήμῳ
595 3251 610 3276 ,
670 3213 764 3266 καί
811 3212 1088 3266 ἐπότισεν
1143 3211 1364 3277 αὐτοὺς
1420 3212 1500 3277 ὡς
1553 3211 1622 3265 ἐν
1689 3213 1936 3280 ἀϐύσσῳ

2040 3224 2240 3279 autem,
2273 3217 2552 3285 interrupit
2605 3224 2830 3284 petram,
2864 3213 3080 3282 Aquila,
3111 3211 3290 3268 divisit
3334 3222 3508 3284 petras
3557 3215 3611 3267 in

375 3305 595 3373 πολλῇ.
626 3306 790 3376 Τήρει
825 3305 880 3358 δὲ
909 3306 1056 3368 ὅπως
1085 3306 1180 3358 καὶ
1227 3303 1459 3358 ἐνταῦθα
1499 3304 1560 3356 τὸ
1600 3303 1799 3374 πλῆθος
1829 3304 1937 3358 τῶν

2040 3325 2231 3372 eremo,
2260 3307 2452 3372 edidit,
2486 3305 2764 3361 Hebraicze
2811 3302 3062 3358 videlicet
3110 3303 3305 3360 litterae
3342 3304 3626 3367 serviens...

375 3395 580 3449 ὑδάτων
614 3395 888 3449 ἄϐυσσον
927 3396 1237 3467 ὠνόμασεν.
1273 3396 1416 3448 Ἀντὶ
1445 3395 1501 3449 δὲ
1533 3394 1648 3461 τοῦ,
1671 3395 1939 3464 διέρρηξε

2040 3415 2145 3470 qua
2175 3397 2485 3453 declaratur
2527 3413 2640 3451 non
2675 3411 2860 3460 unam,
2897 3396 2991 3452 sed
3020 3397 3206 3467 plures
3258 3401 3442 3466 petras
3476 3393 3620 3463 ipsis.

372 3484 617 3554 πέτραν,
661 3488 690 3539 ὁ
744 3487 991 3552 Ἀκύλας,
1029 3489 1241 3556 ἔσχισε
1308 3485 1562 3556 πέτρους
1602 3488 1672 3540 ἐν
1718 3485 1933 3557 ἐρήμῳ,

373 3577 622 3644 ἐξέδωκε,
650 3578 937 3642 δουλεύσας
954 3583 1020 3650 τῇ
1066 3580 1322 3651 Ἐΰραῖκῇ
1353 3582 1559 3652 γραφῇ,
1590 3579 1655 3632 δι’
1692 3574 1758 3650 ἦς
1790 3597 1933 3650 παρ-

375 3669 608 3732 ίσταται,
645 3671 718 3731 ὡς
777 3671 844 3723 ού
875 3671 972 3741 μία
1005 3673 1178 3741 πέτρα
1211 3667 1278 3741 ἦν
1302 3674 1335 3742 ή
1371 3671 1717 3724 ἀναὸλύσασα
1754 3673 1935 3734 αὐτοῖς

370 3759 442 3813 τὰ
476 3759 673 3824 ὕδατα,
733 3759 871 3813 ἀλλὰ
913 3760 1119 3814 πολλαί.
1158 3761 1319 3813 ’Ὀθεν
1365 3761 1396 3811 ό
1427 3761 1568 3822 θεῖος
1619 3760 1934 3824 Ἁπόστολος

372 3851 790 3921 ἐπισημαίνεται
838 3851 1040 3920 λέγων·
1090 3853 1333 3904 "Enn-or
1389 3851 1500 3920 γὰρ
1553 3851 1620 3904 ἐκ
1675 3867 1941 3920 πνευμα-

370 3940 546 4011 τικῆς
593 3942 1048 4009 ἀκολουθούσης
1069 3942 1290 4008 αὐτοὺς
1313 3943 1329 3962 ”
1363 3942 1615 4012 πέτρας·
1667 3943 1706 4010 ἡ
1749 3941 1939 4016 πέτρα

368 4033 439 4092 δὲ
485 4033 560 4102 ἦν
612 4036 645 4088 ό
704 4031 988 4102 Χριστός-⁸
1045 4035 1120 4098 ὡς
1176 4034 1488 4106 ἁπανταχοῦ
1551 4034 1935 4107 παρεπομένης

371 4126 567 4188 αὐτοὺς
594 4125 797 4197 πέτρας
817 4167 832 4191 ,
869 4126 959 4178 καὶ
999 4125 1139 4180 κατά
1170 4125 1440 4197 σταθμοὺς
1465 4126 1558 4180 καὶ
1596 4125 1736 4180 κατὰ
1769 4125 1937 4197 μονὰς

373 4211 470 4267 καὶ
538 4212 678 4267 κατά
732 4213 909 4268 πάντα
968 4214 1132 4269 τόπον
1201 4215 1499 4288 παρούσης.
1567 4217 1934 4288 Ἐπιτηρήσας

369 4303 430 4362 δὲ
456 4304 612 4358 τοῦτο
633 4305 726 4358 καὶ
757 4309 814 4360 ὲν
834 4311 898 4377 τῇ
925 4309 1162 4372 Μωσέως
1193 4309 1443 4380 εὑρήσεις
1495 4309 1684 4380 Γραφῇ
1709 4329 1721 4342 -
1757 4311 1813 4361 ὲν
1838 4309 1933 4378 μὲν

371 4397 480 4471 γὰρ
513 4401 580 4470 τῇ
621 4397 814 4470 Ἐξόδῳ
857 4400 1068 4471 εἴρηται
1088 4420 1101 4433 ο
1135 4401 1242 4457 Καὶ
1272 4401 1678 4469 παρενέϐαλον
1714 4402 1784 4458 ἐν
1811 4403 1934 4455 Ῥατ-

370 4488 566 4558 ςοιδεῖν
610 4488 710 4543 καὶ
745 4492 855 4544 οὐκ
893 4487 971 4561 ἦν
999 4491 1152 4561 ὕδωρ
1185 4492 1343 4546 πιεῖν
1369 4491 1447 4559 τῷ
1473 4492 1616 4558 λαῷ.
1645 4493 1753 4547 Καὶ
1782 4493 1934 4550 ἐλοι-

2038 3507 2208 3562 aquas
2234 3491 2504 3546 emisisse.
2541 3487 2695 3544 Unde
2719 3489 2938 3544 divinus
2962 3489 3258 3559 Apostolus
3287 3489 3403 3542 haec
3435 3487 3610 3540 adno-

2041 3588 2154 3634 tat:
2182 3579 2438 3637 Bibebaut
2457 3588 2631 3633 autem
2653 3593 2717 3632 ex
2742 3577 3015 3648 spirituali
3042 3585 3386 3647 consequente
3416 3592 3502 3630 eos
3523 3593 3610 3646 pc-

2035 3678 2151 3726 tra:
2171 3680 2320 3739 petra
2336 3678 2633 3728 antemerat
2651 3665 2889 3723 Christus
2911 3666 3149 3734 ".Quasi
3167 3667 3371 3721 scilicet
3387 3681 3482 3721 eos
3499 3666 3609 3719 ubi-

2034 3778 2138 3833 que
2155 3771 2308 3833 petra
2340 3771 2755 3832 scqueretur,ac
2775 3760 2832 3815 in
2853 3759 3202 3822 stationibus,
3228 3759 3282 3812 in
3314 3758 3610 3822 mansioni-

2034 3857 2158 3920 bus,
2202 3857 2260 3910 in
2297 3856 2551 3924 omnique
2583 3855 2700 3908 loco
2743 3868 2984 3924 praesens
3019 3852 3254 3906 adesset.
3319 3849 3453 3906 lllud
3470 3866 3616 3920 quo-

2033 3965 2137 4017 que
2158 3949 2210 4004 in
2231 3947 2427 4019 Moysis
2440 3946 2719 4016 Scriptura
2739 3944 3029 4000 observare
3042 3945 3166 3998 licet
3182 3960 3197 4010 ;
3214 3958 3337 3996 nam
3355 3941 3610 4020 inExodo

2033 4040 2278 4102 dicitur:
2320 4040 2388 4092 Et
2441 4037 2802 4098 castrantetati
2830 4045 2951 4090 sunt
2994 4037 3047 4090 in
3076 4021 3362 4102 Rapbidin,
3412 4042 3461 4087 et
3503 4051 3607 4088 non

2032 4140 2147 4186 erat
2165 4130 2356 4201 populo
2385 4147 2518 4201 aqua
2553 4129 2621 4183 ad
2645 4127 2940 4182 bibendum.
2973 4126 3042 4178 Et
3054 4126 3303 4196 jurgatus
3335 4135 3411 4177 est
3441 4140 3607 4193 popu-

2036 4225 2115 4278 lus
2147 4241 2264 4279 cum
2293 4223 2518 4296 Moyse;
2549 4238 2612 4276 ac
2642 4221 2872 4276 deinde:
2903 4218 3050 4272 Dixit
3077 4217 3333 4271 Dominus
3364 4217 3432 4270 ad
3452 4217 3607 4287 Moy-

2034 4335 2142 4372 sem
2168 4331 2186 4369 :
2217 4314 2473 4368 Antecede
2503 4313 2750 4384 populum
2778 4321 2826 4365 et
2857 4326 3002 4366 sume
3020 4319 3183 4362 lecunt
3214 4324 3285 4362 ex.
3314 4309 3606 4362 senioribus

2031 4403 2230 4472 populi,
2251 4411 2299 4454 et
2322 4391 2518 4471 virgam
2530 4415 2631 4468 qua
2653 4397 2956 4467 percussisti
2973 4411 3136 4461 mare,
3153 4405 3202 4448 et
3218 4393 3392 4448 vades.
3421 4393 3495 4447 En
3514 4411 3605 4463 ego

2033 4471 2290 4546 stetiante
2310 4499 2358 4543 te
2384 4488 2456 4541 ibi
2476 4504 2633 4556 supra
2649 4495 2848 4555 petram
2881 4486 2935 4538 in
2967 4485 3168 4539 Choreb
3201 4500 3218 4538 :
3247 4493 3296 4538 et
3316 4484 3606 4552 percutiant

371 4579 595 4648 δορεῖτο
633 4583 666 4634 ὀ
689 4581 838 4645 λαὸς
865 4580 1011 4649 πρὸς
1036 4583 1262 4652 Μωσῆν
1283 4599 1296 4611 ·
1330 4585 1423 4640 καὶ
1454 4585 1582 4654 ἑξῆς
1605 4601 1617 4615 ·
1643 4581 1792 4639 Eine
1812 4584 1928 4638 Κύι-

2040 4593 2227 4642 oetram
2250 4595 2294 4636 et
2317 4581 2474 4636 exibit
2496 4595 2559 4634 ea:
2582 4597 2645 4634 ea
2673 4595 2834 4642 aqua,
2863 4587 2910 4632 et
2944 4577 3077 4632 bibet
3100 4577 3358 4645 populus;
3385 4577 3606 4646 fecitque

363 4690 498 4742 ριος
527 4671 674 4740 πρὸς
700 4671 924 4738 Μωσῆν
961 4689 973 4702 ·
1002 4675 1383 4742 Προπορεύου
1413 4675 1517 4730 τοῦ
1551 4675 1705 4736 λαοῦ
1732 4714 1746 4738 ,
1780 4673 1938 4730 λάϐε

368 4763 438 4819 δὲ
463 4763 613 4833 μετὰ
635 4763 891 4819 σεαυτοῦ
907 4763 1024 4818 ἀπὸ
1053 4765 1170 4828 τῶν
1193 4766 1607 4838 πρεσϐυτέριον
1619 4768 1726 4823 τοῦ
1753 4770 1865 4822 .lao
1875 4766 1944 4832 ῦς

368 4857 467 4913 καὶ
525 4855 639 4924 τὴν
686 4855 912 4924 ῥάϐδον
946 4859 1015 4912 ἐν
1123 4859 1422 4926 excitat-jac
1451 4860 1566 4930 τὴν
1587 4861 1942 4926 θάλασσαν,,

369 4945 470 5003 καί
509 4949 794 5018 πορεύσῃ.
841 4949 964 5016 Ἱδὲ,
997 4951 1111 5019 ἐγὼ
1136 4951 1372 5020 ἕστηκα.
1404 4953 1520 5021 πρὸ
1558 4952 1665 5012 τοῦ
1703 4968 1777 5007 σε
1808 4951 1937 5007 ἐκεῖ

367 5038 469 5094 ἐπὶ
517 5037 629 5106 τῆς
679 5040 894 5109 πέτρας
917 5042 986 5097 ἐν
1009 5043 1235 5112 Χωρέϐ·
1272 5045 1370 5101 καί
1408 5044 1648 5110 πατάξω
1683 5044 1796 5114 τὴν
1825 5045 1942 5100 πέι

369 5148 534 5199 τραν,
562 5132 658 5186 καὶ
682 5132 1062 5198 ἐξελεύσεται
1094 5137 1165 5201 ἐξ
1193 5136 1378 5204 αὐτῆς
1405 5136 1580 5206 ὕδωρ,
1611 5139 1708 5192 καὶ
1737 5138 1930 5192 πίεται

370 5225 588 5289 ἀλαός.
621 5226 733 5283 Καὶ
783 5226 1068 5295 ἐποίησεν
1099 5229 1283 5296 οὕτως
1320 5227 1562 5296 Μωσῆς.
1616 5228 1798 5283 Ταῦτα
1832 5229 1930 5300 μὲν

367 5308 460 5368 οὖν
486 5315 752 5386 ὲνἘξόδῳ
770 5334 782 5346 ’
814 5319 871 5370 ὲν
895 5317 952 5370 δὲ
963 5322 1072 5383 τοῖς
1100 5320 1245 5391 Ἀριθ
1255 5323 1372 5390 μοῖς
1387 5321 1631 5373 λέλεκται
1651 5337 1663 5348 ·
1679 5321 1787 5374 Kal
1822 5317 1938 5389 ἦλ-

368 5411 476 5463 θον
523 5411 577 5462 ol
609 5409 726 5462 υἱοί
773 5409 1009 5477 Ἰσραὴλ
1054 5409 1219 5466 πᾶσα
1253 5413 1298 5480 ἠ·
1326 5412 1647 5482 συναγωγὴ
1697 5415 1784 5478 εἰς
1815 5412 1929 5480 τὴν

367 5497 593 5566 ἔρημον
617 5499 774 5563 Σεῑν,
809 5502 906 5554 καὶ
934 5504 1044 5556 οὑκ
1073 5499 1152 5572 ἦν
1190 5503 1342 5572 ’ὕδωρ
1371 5503 1442 5573 τῇ
1468 5503 1806 5574 συναγωγῇ,
1831 5506 1929 5560 καί

367 5590 775 5658 ἠθροίσθησαν
795 5592 893 5645 ἐπὶ
920 5592 1145 5662 Μωσῆν
1169 5595 1267 5648 καὶ
1305 5595 1533 5662 Ἀαρών.
1565 5596 1674 5650 Kal
1703 5596 1930 5651 ἐλοιδο-

364 5680 521 5748 ρεῖτο
551 5685 583 5736 o'
621 5683 768 5750 λαὸς
794 5684 943 5752 πρὸς
983 5685 1230 5748 Μωσῆν.
1279 5686 1386 5742 Καὶ
1431 5685 1587 5757 ἑξῆς·
1633 5686 1931 5750 ἘλάῙῃσε

2037 4676 2245 4747 Moyses
2269 4675 2345 4728 ita
2371 4673 2434 4726 “.
2467 4671 2592 4726 Haec
2620 4672 2673 4725 in
2698 4670 2918 4736 Exodo;
2951 4670 3008 4724 in
3034 4669 3287 4725 Numeris
3308 4675 3489 4722 autem
3518 4666 3604 4721 di-

2036 4769 2176 4822 citur
2209 4787 2221 4822 :
2265 4766 2621 4835 Veneruntque
2672 4763 2774 4833 filii
2807 4761 2986 4816 Israel.
3020 4761 3186 4815 omnis
3226 4758 3511 4814 multitudo
3549 4763 3616 4813 in,
3716 4749 3718 4751 ’

2035 4861 2292 4914 desertum
2321 4857 2437 4924 Sin,
2476 4865 2524 4910 et
2568 4871 2670 4909 non
2703 4862 2816 4916 erat
2851 4869 2991 4922 aqua
3024 4850 3375 4918 multitudini,
3409 4861 3458 4905 et
3480 4867 3605 4904 cono

2034 4959 2279 5006 venerunt
2317 4947 2384 5001 ad
2409 4947 2460 5001 Μ
2469 4963 2640 5017 oysem
2663 4954 2711 5000 et
2737 4945 2916 4997 Aaron
2944 4955 2961 4994 :
2988 4949 3037 4995 et
3057 4941 3306 5012 jurgatus
3337 4952 3412 4996 est
3439 4958 3603 5011 popu-

2035 5043 2116 5097 lus
2141 5051 2323 5096 contra
2350 5039 2586 5112 Moysem
2606 5057 2622 5102 ;
2645 5055 2708 5093 ac
2735 5038 2928 5094 deinde
2948 5035 3219 5091 :‘Locutns
3247 5047 3319 5089 est
3347 5033 3635 5108 Dominus,

2036 5133 2104 5188 ad
2152 5133 2383 5205 Moysem
2419 5111 2596 5189 dicens
2616 5149 2650 5186 :-
2670 5130 2816 5185 Tolle
2847 5133 3068 5200 uirgam,
3101 5138 3151 5182 et
3180 5143 3434 5196 congrega
3464 5111 3602 5178 inul-

2036 5227 2331 5290 titudinem,
2368 5234 2503 5280 ιιι.ίί
2537 5225 2717 5277 Aaron
2759 5223 2927 5292 frater
2967 5233 3107 5284 tuus,
3138 5229 3186 5273 et
3225 5217 3504 5288 loquemini
3533 5215 3600 5267 ad

2033 5328 2231 5387 petram
2274 5332 2451 5369 coram
2482 5317 2577 5378 eis,
2604 5325 2653 5368 et
2681 5314 2829 5368 dabit
2874 5330 3038 5382 aquas
3074 5327 3227 5366 suas.
3265 5308 3330 5363 Et
3359 5309 3600 5377 eﬂeretur

2035 5411 2159 5478 ipsis
2191 5427 2328 5479 aqua
2359 5408 2423 5462 de
2451 5417 2617 5476 petra,
2654 5417 2701 5460 et
2740 5405 2987 5476 potabilis
3019 5403 3411 5457 multitudinem
3436 5410 3484 5454 et
3505 5401 3601 5469 ju-

2036 5512 2210 5556 menta
2246 5517 2424 5556 eorum
2454 5502 2514 5556 ’³.
2545 5499 2674 5563 Jurc
2717 5514 2846 5568 ergo
2875 5498 3001 5568 quia
3030 5497 3198 5552 variis
3225 5496 3282 5549 in
3324 5493 3457 5548 locis
3482 5494 3598 5548 visa

2035 5601 2119 5649 est
2154 5605 2306 5663 petra
2337 5607 2530 5660 aquam
2583 5590 3020 5652 subministrare,
3057 5586 3124 5642 de
3162 5587 3344 5657 priore
3382 5584 3599 5654 quidem

2038 5687 2092 5740 in
2125 5685 2375 5756 μηδεμιιί
2399 5683 2597 5738 dicitur
2631 5701 2644 5713 ο
2687 5680 2972 5744 Interrupit
3014 5691 3213 5746 petram
3244 5679 3299 5732 in
3325 5694 3516 5741 eremo,
3549 5684 3619 5732 et;

441 5793 482 5825 ³³
515 5792 661 5849 Psal.
697 5813 892 5862 σχειν,
926 5797 1011 5864 l5,
1044 5799 1134 5854 ιι.
1207 5801 1248 5830 ¹³
1289 5799 1462 5855 I.Cor.
1497 5816 1549 5866 κ,
1586 5801 1636 5856 4.
1717 5801 1764 5834 ίδ
1789 5799 1938 5864 Exod

2040 5815 2130 5866 vn,
2164 5799 2216 5863 l,
2251 5797 2308 5863 2,
2339 5797 2392 5864 5,
2426 5794 2480 5853 6.
2561 5797 2604 5827 "
2635 5789 2793 5849 Num.
2829 5810 2920 5858 xx,
2954 5792 3007 5858 1,
3036 5791 3092 5858 2,
3125 5790 3176 5857 7,
3197 5789 3252 5845 8.
