4066 6384
392 425 497 482 915

1109 420 1377 478 EUSEBII
1415 419 1894 476 CAESARIENSIS
1931 419 2084 476 OPP.
2127 419 2306 476 PARS
2340 419 2430 476 1η.
2464 453 2536 466 --
2574 421 2974 481 EXEGETICA.

3541 428 3644 484 9|6

391 543 678 612 adaquavit
725 559 811 597 eos
848 543 982 598 velut
1025 543 1079 595 in
1112 545 1303 614 abysso
1357 543 1560 607 multa;
1593 543 1661 598 dc
1699 544 1801 598 alia
1842 557 1966 598 vero

2073 543 2289 610 Κύριος
2333 543 2480 611 πρὸς
2529 543 2756 612 Μωσ-ῆν
2797 545 3025 615 λέγων’
3062 544 3214 600 Λάϐε
3259 545 3371 612 τὴν
3401 545 3645 614 ῥάϐδον,

389 631 586 688 deinde
611 631 1007 703 subjungit:—
1039 629 1206 684 Vsus.
1240 631 1328 688 16.
1359 629 1426 684 Et
1449 629 1664 684 deduxit
1690 645 1878 700 aquam
1909 627 1973 682 de

388 723 845 792 petra,etdeduxit
863 732 1117 793 tanquam
1143 723 1366 792 ﬂumina
1384 739 1568 791 aquas.
1591 720 1971 775 Verumtamen

387 829 513 869 cum
534 821 611 869 tot
633 814 740 869 illis
757 813 1169 869 subministrata
1190 814 1332 867 bona
1347 811 1596 874 fuissent,
1617 811 1973 866 nihilominus

393 913 766 975 apposuerunt
824 919 1054 975 peccare
1113 904 1301 973 (Vens.
1351 904 1462 974 17),
1517 919 1747 975 peccare
1791 911 1972 957 autem

398 1014 510 1052 non
540 996 670 1062 sibi,
702 997 795 1052 sed
849 997 974 1067 ipsi.
1004 994 1065 1051 In
1099 996 1280 1067 ipsum
1347 996 1491 1050 enim
1556 995 1724 1050 Deum
1771 1009 1974 1066 pecca-

391 1098 505 1143 tum
535 1104 723 1144 eorum
761 1087 1027 1148 vertebat,
1077 1085 1206 1142 dum
1254 1101 1351 1156 per
1386 1085 1878 1140 contradictionem
1916 1085 1970 1139 in

389 1183 567 1252 ipsum
622 1179 787 1250 impie
844 1185 1089 1250 agerent.
1141 1177 1321 1243 Quare
1353 1176 1580 1246 subiicit
1614 1197 1627 1232 :
1667 1176 1972 1232 Exacerba-

389 1281 571 1326 rerum
609 1270 888 1324 Excelsum
921 1270 974 1323 in
996 1271 1250 1340 inaquoso
1268 1284 1287 1332 ;
1319 1269 1435 1324 sive
1479 1269 1780 1324 secundum
1804 1268 1974 1340 Aqui-

389 1366 520 1429 lam,
569 1362 636 1417 Ut
671 1361 982 1417 rebellarent
1022 1370 1207 1416 contra
1246 1359 1529 1415 Excelsum
1563 1361 1619 1414 in
1656 1363 1826 1426 invio;
1857 1362 1973 1418 sive

387 1455 688 1512 secundum
726 1454 1138 1526 Symmachum,
1180 1452 1248 1506 Ut
1297 1452 1665 1508 contenderent
1702 1469 1819 1509 cum
1858 1452 1972 1507 Ea:-

389 1545 526 1599 celso
563 1545 614 1598 in
640 1545 731 1599 siti
771 1546 823 1598 in
867 1546 1025 1599 invio.
1067 1543 1247 1610 Quare
1290 1551 1469 1598 autem
1505 1543 1972 1599 exacerbaveruut

388 1637 680 1694 lixcelsum
731 1637 786 1691 in
837 1637 1102 1706 inaquoso
1154 1637 1340 1691 docuit
1381 1636 1628 1708 Moyses;
1680 1645 1968 1708 postquam

385 1730 531 1786 enim
584 1728 987 1800 suppeditasset
1021 1729 1103 1784 eis
1151 1743 1348 1796 aquam
1383 1728 1451 1784 de
1486 1738 1658 1799 petra,
1694 1729 1808 1784 haec
1842 1745 1971 1783 nar-

385 1829 472 1877 rat
503 1821 582 1889 ".z
621 1820 684 1873 Et
715 1822 915 1874 vocavit
945 1835 1133 1873 nomen
1169 1821 1272 1874 loci
1298 1819 1464 1884 illius,
1505 1819 1748 1874 Tentatio
1781 1833 1829 1874 et
1853 1819 1969 1886 iur-

2075 635 2171 689 xal
2209 637 2623 703 ἐκκλησιάσον
2650 637 2766 707 τὴν
2791 639 3150 710 συναγωγὴν
3169 640 3250 693 σὺ
3289 644 3386 693 καὶ
3427 641 3650 710 Ἀαρὼν

2075 728 2108 778 ό
2133 726 2397 795 ἀδελφός
2429 743 2565 794 σου,
2592 730 2690 782 καὶ
2739 729 3042 797 λαλήσετε
3083 732 3230 800 πρὸς
3271 731 3386 799 τὴν
3426 734 3652 802 πέτραν

2073 816 2350 870 ἐναντίον
2395 818 2611 882 αὐτῶν,
2654 821 2750 874 καὶ
2793 821 2970 876 δώσει
2999 825 3068 877 τὰ
3091 823 3278 878 ὕδατα
3307 824 3516 893 αὐτῆς.
3538 825 3649 878 Kal

2072 909 2369 974 ἐξοίσεται
2382 912 2585 978 αὐτοῖς
2599 911 2767 981 αὔδωρ
2791 913 2860 968 ἐκ
2879 913 2989 983 τῆς
3008 915 3247 984 πέτρας,
3273 917 3367 971 καὶ
3397 917 3651 972 ποτιεῖτε

2074 1001 2188 1071 τὴν
2237 1003 2599 1073 συναγωγὴν
2651 1006 2749 1059 καί
2797 1008 2868 1060 τὰ
2930 1007 3120 1076 κτήνη
3154 1007 3371 1064 αὐτῶν.
3412 1009 3651 1074 Εἰκότως

2072 1088 2166 1146 οὖν
2195 1093 2490 1166 ἐπειδήπερ
2520 1097 2576 1148 ὲν
2606 1095 2885 1168 διαφόροις
2921 1098 3106 1162 τόποις
3129 1099 3375 1169 φαίνεται
3402 1103 3435 1172 ἡ
3476 1101 3650 1171 πέτρα

2073 1188 2424 1258 χορηγήσασα
2446 1187 2506 1240 τὸ
2533 1186 2696 1260 ὕδωρ,
2721 1190 2849 1261 περὶ
2886 1190 2984 1260 μὲν
3009 1191 3106 1262 τῆς
3136 1193 3406 1264 προτέρας
3434 1191 3520 1245 διὰ
3542 1191 3651 1246 τῶν

2073 1277 2454 1349 προκειμένων
2488 1280 2732 1352 εἷρηται’
2766 1280 3043 1350 Διέρῤηξε
3075 1283 3298 1351 πέτραν
3334 1284 3404 1337 ἐν
3433 1282 3648 1354 ἐρήμῳ,

2073 1369 2169 1422 καὶ
2203 1370 2483 1424 ἐπότισεν
2507 1373 2729 1440 αὐτοὺς
2757 1373 2837 1440 ὡς
2865 1375 2934 1426 ὲν
2965 1375 3215 1442 ἀϐύσσφ
3247 1375 3449 1444 πολλῇ
3468 1393 3482 1406 ⁸
3517 1377 3652 1448 περὶ

2072 1460 2128 1513 δὲ
2155 1461 2252 1532 τῆς
2275 1461 2465 1534 ἑτέρας
2499 1463 2626 1535 ἑξῆς
2657 1465 2850 1533 ἐπάγει
2871 1481 2884 1496 ο
2909 1466 3017 1520 Καὶ
3048 1465 3343 1537 ἐξήγαγεν
3389 1467 3542 1536 ὕδωρ
3579 1469 3650 1522 ἐκ

2073 1551 2313 1620 πέτρας,
2344 1555 2440 1608 καὶ
2471 1556 2806 1626 κατήγαγεν
2828 1557 2908 1624 ὡς
2934 1559 3239 1628 ποταμοὺς
3265 1557 3470 1612 ὕδατα.
3505 1560 3653 1632 Πλὴν

2072 1644 2207 1699 ἀλλὰ
2231 1646 2498 1700 τοσούτων
2516 1649 2697 1714 αὐτοῖς
2708 1650 3142 1722 χορηγηθέντων,
3160 1653 3309 1722 ὅμως
3325 1651 3655 1724 προσέθεντο

2072 1737 2166 1791 τοῦ
2196 1739 2551 1811 ἁμαρτάνειν,
2585 1743 2678 1796 καὶ
2711 1741 3042 1814 ἁμαρτάνειν
3101 1745 3199 1815 οὐχ
3257 1745 3489 1810 ἑαυτοῖς,
3539 1745 3653 1798 ἀλλ’

2073 1831 2236 1903 αὐτῷ.
2258 1834 2562 1890 Κατάύτοῦ
2587 1835 2694 1908 γὰρ
2724 1837 2816 1890 τοῦ
2848 1835 2983 1889 Θεοῦ
3006 1836 3102 1909 τὴν
3123 1839 3394 1910 ἁμαρτίαν
3410 1838 3656 1910 ἡμάρτα-

383 1915 547 1983 gium,
571 1923 784 1983 propter
814 1913 1051 1985 jurgium
1073 1914 1309 1984 ﬁliorum
1343 1911 1534 1976 Israel,
1565 1921 1614 1966 et
1641 1914 1766 1982 quia
1797 1922 1966 1968 tenta-

2070 1938 2176 1986 νον,
2230 1922 2553 1988 ἀσεϐοῦντες
2605 1925 2695 1978 διὰ
2733 1925 2834 1996 τῆς
2864 1926 2998 1998 πρὸς
3023 1926 3182 1980 αὐτὸν
3203 1927 3531 1995 ἀντιλογίας.
3565 1927 3659 1979 Διδ

383 2011 564 2060 verant
585 2005 871 2060 Dominum
888 2005 1184 2068 dicentes,A
1197 2023 1227 2059 n
1247 2015 1324 2059 est
1344 2003 1479 2059 Deus
1496 2006 1552 2058 in
1576 2005 1746 2071 nobis,
1765 2010 1963 2063 necne?

2073 2011 2331 2082 ἐπιλέγει·
2361 2017 2818 2085 Παρεπίκραναν
2832 2017 2939 2070 τὸν
2957 2017 3245 2086 Ὕψιστον
3257 2018 3327 2070 ἐν
3343 2018 3598 2086 ἀνύδρφο
3623 2018 3654 2086 ἦ

382 2099 525 2154 κατὰ
539 2102 629 2155 τὸν
645 2101 898 2165 Ἀκύλαν,
933 2101 1042 2155 Τοῦ
1066 2102 1412 2170 προτερίσαι
1441 2100 1774 2170 ’Υψίστῳέν
1797 2102 1991 2169 ἀϐάτῳ
2011 2123 2023 2135 ο
2079 2107 2112 2178 ἢ
2147 2110 2286 2163 κατὰ
2309 2110 2398 2164 τὸν
2438 2111 2756 2183 Σύμμαχον,
2791 2111 3157 2166 Φιλονεικεῖν
3180 2111 3260 2177 τῷ
3289 2112 3544 2180 Ὑψίστῳ
3587 2111 3656 2162 ἐν

381 2194 633 2262 δίψειὲν
672 2194 886 2260 ἀϐάτῳ.
923 2193 1022 2247 Διά
1047 2193 1099 2247 τι
1137 2194 1194 2248 δὲ
1220 2193 1635 2264 παρεπίκραναν
1675 2195 1764 2247 τὸν
1797 2195 2057 2265 "nl/terrosi
2117 2201 2175 2252 ὲν
2209 2201 2441 2276 ἀνύδρῳ,
2499 2203 2700 2269 ἐδίδαξε
2756 2205 2960 2274 Μωσῆς
2986 2219 3000 2234 ο
3041 2204 3178 2274 μετὰ
3209 2203 3317 2274 γὰρ
3360 2201 3422 2256 τὸ
3474 2219 3653 2274 παρα-

383 2291 534 2358 σχεῖν
554 2291 736 2353 αὑτοῖς
766 2289 830 2342 ὲκ
856 2286 1063 2358 πέτρας
1098 2286 1156 2340 τὸ
1187 2286 1349 2358 ὕδωρ,
1386 2287 1585 2358 ἱστορεῖ
1613 2285 1784 2355 λέγων
1802 2304 1816 2317 ο
1843 2287 1952 2340 Kal
1978 2288 2328 2360 ἐπωνόμασε
2360 2293 2422 2348 τὸ
2451 2293 2635 2362 ὄνομα
2668 2293 2774 2348 τοῦ
2806 2294 2992 2347 τόπου
3023 2293 3282 2357 ἐκείνου,
3322 2293 3658 2361 Πειρασμὸς

384 2379 484 2433 καὶ
532 2377 914 2445 λοιδόρησις,
971 2375 1069 2429 διὰ
1124 2374 1238 2444 τὴν
1273 2375 1580 2444 λοιδορίαν
1633 2377 1748 2430 τῶν
1795 2376 1940 2431 υἱῶν
2011 2378 2269 2451 Ἰσραὴλ,
2303 2385 2399 2438 καὶ
2451 2386 2548 2439 διὰ
2576 2385 2643 2441 τὸ
2685 2385 2974 2455 πειράζειν
3017 2384 3239 2451 αὐτοὺς
3281 2386 3500 2452 Κύριον
3555 2387 3657 2442 λέ-

381 2487 631 2543 τοντας·
666 2471 733 2524 El
771 2470 902 2523 ἐστι
926 2468 1071 2535 Θεὸς
1100 2469 1170 2522 ἐν
1197 2468 1360 2538 ἡμῖν,
1391 2470 1429 2538 ἣ
1467 2472 1538 2523 οὗ
1565 2487 1581 2532 ;

455 2561 617 2618 Vens.
653 2562 860 2628 18,19.
913 2561 982 2617 Et
1030 2572 1357 2618 tentaverunt
1403 2563 1571 2618 Deum
1612 2583 1665 2619 in
1721 2565 1966 2620 cordibus

2146 2565 2255 2619 Kal
2285 2564 2685 2632 ἐξεπείρασαν
2723 2563 2830 2616 τὸν
2864 2563 3013 2618 Θεὸν
3040 2563 3110 2618 ἐν
3137 2564 3406 2633 καρδίαις
3434 2563 3656 2630 αὐτῶν,

380 2656 513 2720 suis,
550 2666 608 2709 ut
635 2664 867 2725 peterent
894 2672 1070 2710 escam
1117 2655 1398 2711 animabus
1420 2659 1553 2713 suis.
1597 2659 1664 2711 1ιί
1700 2659 1840 2712 male
1897 2660 1966 2713 lo-

2084 2659 2190 2712 τοῦ
2215 2655 2455 2725 αἰτῆσαι
2474 2655 2685 2726 βρῶμα
2707 2655 2834 2721 ταῖς
2860 2656 3087 2725 ψυχαῖς
3116 2655 3333 2710 αὐτῶν.
3362 2657 3472 2711 Καὶ
3498 2675 3660 2714 κατε-

379 2747 489 2801 cuti
510 2757 630 2801 sunt
657 2747 720 2802 de
757 2745 883 2802 Deo.
914 2746 1203 2813 Quomodo
1233 2750 1374 2804 male
1417 2749 1586 2804 locuti
1623 2752 1733 2804 sint
1765 2749 1832 2806 de
1865 2750 1966 2806 Deo

2081 2751 2364 2819 λάλησαν
2402 2749 2506 2802 τοῦ
2561 2748 2730 2803 Θεοῦ.
2765 2749 2953 2812 ’Ὀπως
2987 2748 3359 2820 κατελάλησαν
3399 2752 3491 2805 τοῦ
3523 2753 3660 2807 Θεοῦ

378 2849 566 2894 narrat
579 2837 793 2912 Moyses
804 2839 996 2896 dicens
1016 2840 1056 2873 "
1086 2859 1100 2895 :
1121 2839 1190 2894 Et
1216 2843 1565 2896 murmuravit
1581 2844 1749 2896 omnis
1764 2859 1966 2912 congre~

2080 2844 2174 2897 xui.
2201 2842 2408 2912 Μωσῆς
2435 2841 2676 2895 διδάσκει
2725 2839 2931 2910 λέγων·
2985 2838 3099 2894 Kal
3136 2841 3454 2911 ἐγόγγυζον
3491 2842 3660 2899 πᾶσα

377 2933 521 3004 gatio
551 2933 786 3003 ﬁliorum
800 2931 976 2986 Israel
1005 2941 1192 2986 contra
1207 2931 1439 3004 Moysem
1455 2944 1506 2988 et
1534 2935 1734 3000 Aaron,
1754 2945 1802 2989 et
1821 2935 1966 2990 dixe-

2077 2930 2398 3003 συναγωγὴ
2421 2931 2566 2986 υἱῶν
2612 2930 2858 3000 Ἰσραὴλ
2885 2931 2984 2984 ἐπὶ
3017 2931 3244 3000 Μωσῆν
3265 2932 3375 2986 .xal
3412 2932 3656 3003 Ἀαρὼν,

379 3035 501 3079 runt
525 3025 594 3078 ad
605 3042 692 3082 eos
711 3041 729 3078 :
751 3023 966 3079 Utinam
985 3025 1182 3078 mortui
1195 3043 1424 3080 essemus
1441 3029 1678 3096 percussi
1694 3047 1726 3083 a
1743 3029 1966 3084 Domino

2077 3026 2176 3080 καὶ
2230 3025 2407 3079 εἶπαν
2456 3023 2606 3092 πρὸς
2665 3023 2890 3089 αὐτούς
2911 3041 2925 3053 ·
2978 3025 3232 3092 Ὄφελον
3279 3025 3658 3096 ἀπεθάνομεν

378 3120 434 3174 in
469 3127 612 3173 terra
634 3116 876 3188 Egypti,
909 3116 1120 3188 quando
1159 3117 1469 3172 sedebamus
1495 3136 1650 3188 super
1683 3121 1892 3186 lebetes,
1919 3133 1966 3176 et

2073 3117 2407 3186 πληγέντες
2457 3117 2574 3171 ὑπὸ
2637 3117 2860 3185 Κυρίου
2915 3117 2984 3169 ἐν
3022 3115 3101 3185 τῇ
3139 3118 3460 3186 Αἰγύπτου,
3509 3119 3654 3172 ὅταν

378 3210 775 3266 eomedebamus
811 3225 971 3279 panes
1023 3210 1090 3264 ad
1119 3211 1490 3265 saturitatem!
1526 3212 1666 3278 Quia
1708 3213 1966 3268 eduxistis

2073 3210 2438 3279 ἐκαθίσαμεν
2465 3209 2564 3262 ἐπὶ
2614 3208 2730 3262 τῶν
2767 3208 3057 3273 λεϐήτων,
3094 3208 3193 3262 καὶ
3229 3209 3529 3280 ἐφάγομεν
3555 3211 3656 3280 ἆρ-

379 3321 496 3370 nos,
548 3313 606 3357 ut
640 3301 942 3361 occideretis
977 3309 1141 3354 tatam
1187 3301 1324 3355 hanc
1374 3303 1765 3357 multitudinem
1805 3303 1965 3373 fame.

380 3397 577 3451 Postea
596 3410 727 3450 vero
771 3394 846 3449 ait
894 3393 1108 3467 Moyses
1150 3395 1218 3449 ad
1271 3395 1529 3466 populum
1557 3395 1642 3450 ηε
1685 3393 1799 3450 Nos
1850 3414 1968 3453 vero

377 3486 503 3557 quid
540 3503 723 3542 sumus
753 3500 772 3539 :
803 3502 905 3540 non
949 3486 1087 3539 enim
1118 3495 1307 3540 contra
1328 3503 1422 3540 nos
1462 3502 1702 3539 murmur
1737 3497 1966 3544 vestrum

377 3590 478 3644 est,
505 3579 594 3634 sed
627 3588 814 3634 contra
851 3577 1042 3633 Deum.
1075 3578 1321 3634 Accedite
1359 3595 1539 3633 coram
1570 3579 1677 3635 Deo
1701 3597 1720 3633 :
1763 3582 1965 3636 audivit

377 3672 518 3726 enim
547 3687 786 3724 murmur
814 3680 1064 3725 vestrum.
1110 3669 1242 3725 Post
1272 3670 1383 3725 haec
1419 3678 1599 3725 autem
1632 3673 1698 3737 ‘9,
1731 3670 1965 3729 Locutus

377 3772 468 3818 est
490 3761 747 3821 Dominus
772 3761 840 3817 ad
870 3759 1105 3836 Moysem
1121 3761 1297 3816 dicens
1335 3778 1352 3816 :
1387 3779 1479 3834 ego
1515 3763 1695 3818 audivi
1725 3782 1968 3818 murmur

381 3855 619 3924 ﬁliorum
671 3853 870 3918 Israel,
911 3861 1018 3909 etc.
1071 3852 1198 3909 Hinc
1245 3855 1412 3924 igitur
1461 3865 1730 3911 memorat
1785 3872 1966 3913 sermo

381 3962 622 4018 praesens
653 3946 738 4003 his
775 3947 956 4004 verbis
987 3965 1003 4002 :
1038 3948 1106 4002 Et
1145 3955 1470 4002 tentaverunt
1512 3947 1674 4003 Deum
1704 3950 1759 4003 in
1790 3950 1967 4004 cordi-

381 4041 476 4095 bus
509 4039 643 4103 suis,
685 4048 744 4093 ut
772 4047 1004 4111 peterent
1041 4055 1217 4094 escam
1248 4038 1529 4092 animabus
1555 4041 1685 4094 suis.
1720 4038 1789 4094 Et
1829 4040 1968 4094 male

380 4129 544 4186 locuti
585 4141 707 4186 sunt
751 4131 815 4186 de
868 4132 998 4200 Deo,
1041 4141 1091 4188 et
1133 4129 1413 4197 dixerunt,
1460 4131 1734 4205 Numquid
1773 4135 1965 4202 poterit

377 4223 520 4282 Deus
548 4239 742 4292 parare
772 4240 1007 4281 mensam
1042 4224 1098 4276 in
1132 4223 1340 4277 deserto
1361 4226 1385 4279 .9
1403 4253 1474 4262 —
1496 4221 1666 4281 Vens.
1701 4223 1792 4279 20.
1819 4223 1962 4290 Quo-

377 4317 521 4373 niam
542 4317 797 4386 percussit
827 4326 1030 4385 petram
1062 4330 1112 4371 et
1142 4316 1410 4385 [luxerunt
1440 4333 1610 4386 aquae,
1631 4327 1680 4371 et
1709 4326 1963 4371 torrentes

377 4406 804 4472 inundaverant;
835 4407 1088 4480 numquid
1127 4418 1176 4462 et
1207 4424 1396 4476 panem
1435 4410 1624 4480 poterit
1671 4409 1822 4474 dare,
1871 4398 1964 4465 aut

2081 3321 2225 3371 τους
2303 3305 2390 3370 εἰς
2461 3300 2872 3371 πλησμονήν]
2933 3303 3051 3355 Ὅτι
3115 3301 3435 3372 ἐξηγάγετε
3501 3303 3656 3374 ἡμᾶς

2074 3393 2418 3448 ἀποκτεῖναι
2473 3392 2680 3447 πᾶσαν
2734 3390 2848 3459 τὴν
2903 3389 3267 3460 συναγωγὴν
3309 3394 3528 3459 ταύτην
3580 3394 3652 3445 ἐν

2074 3485 2246 3555 λιμῷ.
2275 3485 2386 3540 Καὶ
2417 3484 2555 3556 μετὰ
2596 3483 2771 3538 ταῦτα
2801 3478 2921 3538 εἷπε
2951 3485 3152 3555 Μωσῆς
3177 3470 3321 3557 ’πρὸς
3358 3487 3445 3541 τὸν
3482 3486 3605 3540 λαόν
3630 3506 3645 3520 ·

2087 3579 2276 3648 Ἡμεῖς
2314 3577 2382 3631 δὲ
2431 3579 2488 3631 τί
2534 3576 2756 3648 eapse-ﬂ;
2786 3579 2857 3631 οὺ
2891 3577 3001 3646 γὰρ
3035 3582 3162 3632 καθ’
3184 3578 3353 3648 ήμῶν
3376 3582 3406 3633 ὁ
3442 3597 3648 3650 rom-

2074 3671 2230 3742 σμὸς
2258 3669 2426 3740 ὑμῶν
2457 3670 2648 3731 ἐστιν,
2685 3669 2844 3724 ἀλλὰ
2886 3669 3035 3723 κατὰ
3063 3670 3167 3724 τοῦ
3203 3670 3650 3740 Θεοῦ.Προσέλ-

2074 3765 2205 3817 θετε
2231 3763 2508 3817 ἐναντίον
2544 3761 2651 3816 τοῦ
2683 3761 2851 3824 Θεοῦ,
2886 3760 3206 3827 εὶσακήκοε
3247 3764 3359 3832 γὰρ
3389 3763 3492 3817 τοῦ
3523 3781 3655 3834 γογ-

2074 3855 2310 3926 γυσμοῦ
2351 3854 2535 3924 ὑμῶν.
2604 3855 2713 3908 Καὶ
2762 3855 2900 3926 μετὰ
2952 3856 3153 3909 ταῦτα’
3210 3857 3507 3925 Ἐλάλησε
3537 3858 3656 3911 Κύ-

2067 3965 2197 4016 ριος
2255 3946 2407 4017 πρὸς
2466 3944 2694 4013 Μωσῆν
2754 3945 2976 4015 λέγων’
3048 3946 3198 4016 Ἐγὼ
3257 3945 3491 4014 ἀκήκοα
3546 3946 3656 4000 τὸν

2074 4039 2422 4111 γογγυσμὸν
2469 4038 2616 4094 υἱῶν
2649 4036 2917 4107 Ἰσραὴλ,
2978 4039 3072 4092 καὶ
3120 4038 3188 4092 τὰ
3226 4037 3374 4109 ἑξῆς.
3435 4037 3654 4095 Τούτων

2071 4129 2165 4186 οὖν
2205 4139 2554 4203 μεμνημένος
2582 4129 2678 4184 καὶ
2711 4132 2740 4184 ὁ
2771 4128 2962 4202 παρὼν
2994 4130 3167 4199 λόγος,
3196 4125 3316 4185 εἷπε
3340 4148 3354 4162 °
3389 4130 3497 4186 Kal
3526 4131 3657 4196 ἐξε-

2073 4224 2375 4292 πείρασαν
2408 4221 2514 4276 τὸν
2537 4222 2688 4277 Θεὸν
2711 4222 2782 4276 ἐν
2812 4221 3083 4290 καρδίαις
3111 4221 3330 4286 αὐτῶν,
3360 4223 3466 4276 τοῦ
3497 4221 3657 4292 alti}-

2073 4328 2176 4368 σαι
2195 4312 2409 4383 ,βρῶμα
2429 4312 2558 4378 ταῖς
2579 4311 2806 4382 ψυχαῖς
2835 4310 3048 4366 αὐτῶν.
3085 4313 3193 4368 Kal
3225 4312 3656 4380 κατελάλησαν

2073 4407 2178 4462 τοῦ
2209 4407 2377 4472 Θεοῦ,
2419 4401 2746 4460 καὶεῒπαν·
2792 4405 2889 4474 Μὴ
2928 4406 3252 4474 δυνήσεται
3277 4410 3310 4461 ό
3331 4407 3475 4472 Θεὸς
3499 4409 3654 4461 ἐτοιο

376 4515 570 4568 parare
597 4516 831 4556 mensam
859 4500 1050 4571 populo
1081 4503 1216 4557 suo?
1239 4501 1364 4557 Haec
1417 4502 1636 4572 quidem
1694 4503 1749 4560 in
1794 4503 1966 4558 histo-

2070 4499 2256 4569 μᾶσαι
2281 4497 2574 4567 τράπεζαν
2603 4499 2672 4552 ἐν
2693 4497 2921 4569 ἐρήμῳ;
2958 4500 3119 4554 Ἐπεὶ
3143 4499 3403 4566 ἐπάταξε
3429 4499 3655 4568 πέτραν

376 4591 459 4646 ria
516 4608 627 4648 non
672 4591 958 4658 feruntur,
993 4593 1089 4648 sed
1131 4594 1219 4648 hic
1254 4594 1581 4650 observatur
1630 4611 1726 4653 eos
1772 4595 1961 4652 istlmc

374 4689 665 4756 cogitasse.
732 4687 1104 4752 Tentarerunt,
1153 4690 1352 4760 inquit,
1401 4689 1570 4744 Deum
1615 4690 1669 4743 in
1715 4690 1962 4747 cordibus

373 4778 507 4842 suis,
533 4785 610 4844 et,
656 4777 801 4833 Male
851 4779 1016 4835 locuti
1045 4790 1168 4834 sunt
1217 4780 1281 4835 de
1321 4779 1450 4836 Deo.
1482 4779 1769 4852 Quomodo
1820 4782 1963 4838 male

373 4869 543 4924 locuti
583 4877 734 4934 sunt,
765 4871 871 4930 nisi
904 4871 1020 4930 haec
1051 4871 1366 4943 cogitando,
1395 4871 1498 4928 etsi
1532 4872 1584 4927 id
1616 4873 1839 4928 minime
1877 4874 1957 4928 la-

372 4961 481 5016 biis
529 4963 881 5032 protulerint,
930 4965 1026 5021 sed
1083 4974 1264 5020 mente
1306 4965 1661 5030 revolverint,
1705 4981 1826 5037 quae
1871 4966 1962 5022 ille

369 5053 619 5113 cordium
649 5055 897 5128 cognitor
934 5059 1073 5114 bene
1112 5058 1266 5114 novit
1298 5059 1653 5130 audivitque?
1680 5058 1961 5134 Quamob-

369 5163 484 5202 rem
521 5147 725 5208 dicitur
769 5169 877 5205 ε-
911 5149 1077 5212 Vens.
1107 5151 1198 5209 21.
1229 5151 1445 5208 Audiuit
1478 5151 1735 5214 Dominus
1775 5163 1823 5208 et
1854 5153 1966 5209 dis-

371 5237 516 5294 tulit.
557 5237 664 5295 Pro
721 5257 831 5312 quo
879 5241 1094 5312 Aquila,
1124 5251 1173 5296 et
1212 5260 1316 5297 non
1347 5243 1660 5313 supersedit,
1690 5244 1964 5315 interpre-

367 5339 517 5389 tatus
548 5341 656 5398 est,
706 5334 761 5389 id
810 5342 917 5399 est,
948 5351 1056 5391 non
1101 5336 1357 5402 distulit;
1410 5335 1774 5407 Symmachus
1806 5351 1958 5402 vero,

367 5435 417 5478 et
465 5425 638 5480 iratus
669 5434 769 5482 est.
808 5425 1014 5484 Deinde
1049 5426 1145 5492 ait,
1207 5425 1276 5487 Et
1323 5427 1458 5498 ignis
1494 5444 1743 5484 accensus
1785 5437 1860 5482 est
1906 5429 1961 5481 in

366 5515 557 5582 Iacob,
587 5528 635 5575 et
664 5519 745 5573 ira
771 5519 1009 5576 ascendit
1045 5521 1097 5575 in
1136 5519 1333 5575 Israel.
1362 5520 1517 5590 Apud
1555 5519 1792 5594 Moysem
1822 5537 1963 5594 quo-

366 5595 475 5676 due
510 5611 771 5670 scribitur
797 5613 880 5668 '°:
911 5604 979 5666 Et
1005 5621 1120 5668 erat
1149 5613 1372 5682 populus
1399 5631 1742 5670 murmurans
1775 5624 1962 5668 contra

369 5699 678 5763 Dominum,
714 5710 764 5755 et
807 5701 1009 5763 audiuit
1053 5703 1316 5758 Dominus
1344 5714 1396 5758 et
1436 5705 1608 5759 iratus
1637 5715 1754 5761 est:
1803 5716 1852 5760 et
1884 5707 1962 5758 in-

362 5804 552 5847 census
579 5799 656 5843 est
685 5791 739 5843 in
769 5793 844 5845 eis
879 5793 1013 5862 ignis
1041 5811 1075 5847 a
1103 5793 1352 5860 Domino,
1386 5805 1436 5848 et
1462 5795 1729 5851 devoravit
1751 5805 1958 5866 partem

443 5904 484 5940 "
519 5903 691 5965 Exod.
721 5922 854 5972 xvu,
884 5907 936 5961 7.

1019 5909 1058 5940 ιτ
1092 5905 1264 5966 Exod.
1296 5925 1406 5974 xw,
1438 5909 1494 5977 2,
1525 5911 1578 5968 5.
1658 5913 1704 5945 ¹⁸
1734 5912 1864 5969 ibid.
1897 5911 2020 5978 7,9.

2066 4591 2166 4644 καὶ
2194 4591 2501 4660 ἐρρύησαν
2527 4589 2737 4656 ὕδατα,
2779 4590 2877 4644 καὶ
2898 4593 3204 4661 χείμαρῤοι
3237 4594 3650 4662 scammonea-

2066 4696 2219 4735 σαν·
2243 4681 2329 4752 μὴ
2378 4682 2478 4737 καὶ
2515 4682 2700 4750 ἄρτον
2747 4681 2996 4737 δύναται
3021 4684 3308 4753 δοῦναι,ἣ
3341 4685 3650 4755 ἑτοιμάσω

2064 4773 2359 4842 τράπεζαν
2373 4772 2455 4840 τῷ
2483 4773 2608 4840 λαῷ
2649 4773 2860 4838 αὐτοῦ;
2892 4776 2980 4828 Ἐν
3001 4777 3099 4848 μὲν
3121 4773 3214 4831 οὖν
3246 4781 3313 4848 τῇ
3350 4779 3560 4850 ἱστορίᾳ
3587 4779 3648 4832 ού

2067 4866 2292 4937 φέρεται
2321 4869 2492 4922 ταῦτα
2519 4885 2531 4899 ·
2558 4865 2791 4921 ἐνταῦθα
2823 4867 2881 4921 δὲ
2905 4870 3220 4940 τετήρηται,
3248 4870 3320 4934 ὼς
3345 4871 3452 4942 ἄρα
3477 4871 3649 4925 ταῦτα

2063 4957 2417 5029 διενοήθησαν
2440 4971 2454 4986 ·
2494 4956 2939 5024 Ἐξεπείρασαν,
2971 4957 3078 5030 γάρ
3095 4975 3248 5028 φησι,
3273 4957 3382 5011 τὸν
3411 4959 3560 5012 Θεὸν
3580 4959 3650 5012 ἐν

2064 5049 2337 5117 καρδίαις
2377 5047 2608 5112 αὐτῶν,
2654 5049 2768 5113 καὶ,
2834 5049 3275 5118 Κατελάλησαν
3315 5048 3421 5103 τοῦ
3474 5047 3644 5102 Θεοῦ.

2063 5143 2189 5208 Πῶς
2210 5142 2268 5196 δὲ
2302 5143 2675 5217 κατελάλησαν
2715 5143 2748 5215 ἢ
2789 5142 2913 5197 τάδε
2941 5143 3332 5215 διανοηθέντες,
3372 5145 3421 5196 εἰ
3449 5142 3543 5195 καὶ
3571 5142 3644 5212 μὴ

2062 5234 2264 5304 χείλεσι
2310 5233 2694 5306 φθεγξάμενοι,
2728 5233 2864 5287 ἀλλὰ
2890 5237 3010 5297 ταῖς
3038 5233 3235 5304 ψυχαῖς
3277 5233 3642 5303 λογισάμενοι,

2059 5330 2096 5384 ἃ
2121 5331 2184 5411 δὴ
2238 5333 2266 5386 ὁ
2311 5330 2751 5403 καρδιογνώστης
2785 5326 2941 5391 εἰδὼς
2987 5328 3186 5399 ἤκουσε
3214 5344 3228 5393 ;
3265 5325 3356 5379 At?)
3385 5324 3600 5396 εἴρηται
3628 5341 3640 5353 °

2065 5424 2321 5478 Ἤκουσε
2361 5426 2576 5492 Κύριος
2631 5425 2730 5477 καὶ
2787 5420 3134 5478 ἀνεϐάλετο.
3198 5418 3339 5473 Ἀνθ“
3373 5413 3435 5473 οὗ
3467 5420 3496 5470 ὁ
3547 5418 3644 5490 μὲν

2073 5514 2322 5582 Ἀκύλας,
2342 5517 2446 5570 Kal
2463 5516 2969 5584 ἁνυπερθέτησεν,
2996 5515 3328 5586 ἡρμήνευσε,
3347 5511 3642 5574 τουτέστιν,

2059 5613 2157 5680 οὐχ
2187 5607 2486 5680 ὑπερέθετο
2508 5624 2522 5637 ·
2548 5607 2576 5659 ὁ
2603 5606 2659 5659 δὲ
2691 5605 3003 5676 Σύμμαχος,
3042 5602 3436 5672 Καὶέχολὼθη
3460 5619 3474 5633 ·
3505 5597 3643 5664 εἶτα,

2065 5703 2174 5758 Καὶ
2204 5703 2323 5770 πῦρ
2349 5698 2608 5768 ἀνήφθη,
2642 5700 2828 5767 φησιν,
2847 5696 3146 5759 ἑνἸακὼό,
3174 5697 3272 5750 καὶ
3300 5693 3643 5766 ὀργὴάνέϐη

2061 5796 2160 5849 ἐπὶ
2191 5794 2297 5848 τὸν
2338 5792 2594 5860 Ἰσραήλ.
2643 5791 2756 5844 Καὶ
2803 5790 2950 5860 παρὰ
2991 5790 3180 5885 Musei
3205 5788 3264 5842 δὲ
3294 5789 3636 5858 γέγραπται·

2134 5911 2174 5942 ¹⁹
2205 5909 2337 5979 ibid,
2387 5906 2584 5977 11,12.
2664 5907 2708 5939 ’⁸
2736 5905 2898 5962 Num.
2931 5922 3008 5974 an,
3050 5904 3168 5960 1-5.
