4066 6382
398 410 505 467 919

1065 409 1334 471 rusum]
1370 414 1848 473 cmsemmsus
1886 415 2035 475 OPP.
2080 398 2264 476 psus
2301 414 2388 474 ιιι.
2426 450 2498 461 -
2535 408 2944 477 exsomnes.

3558 418 3663 479 920

400 526 529 581 caelo
561 524 854 590 descendit,
886 526 978 598 qui
1005 527 1099 582 dat
1129 530 1290 585 vitam
1330 532 1528 587 mundo
1550 536 1617 589 “.
1651 533 1707 589 Id
1730 535 1858 591 item
1893 534 1975 592 de-

2081 536 2217 600 ςλους
2248 536 2416 601 εἰκὸς,
2447 536 2559 590 οὐδ’
2587 536 2654 591 ἂν
2686 537 2959 591 ἀπέθανον
2989 537 3037 590 οἱ
3066 537 3125 589 ἐν
3156 538 3221 608 τῇ
3260 535 3451 608 ἐρήμῳ
3493 552 3651 608 μετα-

398 617 574 672 clarat
595 616 785 691 dicens
814 638 824 672 :
862 616 974 689 Ego
1000 636 1118 674 sum
1145 622 1298 690 panis
1330 625 1449 677 vitae
1473 638 1491 676 :
1526 625 1615 695 qui
1647 627 1783 680 venit
1810 624 1880 680 ad
1902 642 1983 680 me

398 724 503 761 non
523 709 738 772 esuriet,
774 717 823 762 et
842 708 931 779 qui
961 710 1127 764 credit
1148 712 1202 764 in
1227 728 1307 766 me
1331 729 1433 767 non
1460 714 1601 768 sitiet
1630 730 1857 786 unquam
1884 718 1929 748 ’⁸
1961 736 1975 784 ;

397 813 463 853 ac
496 813 719 854 rursum
756 818 769 854 :
805 798 918 871 Ego
956 818 1076 855 sum
1105 804 1258 871 panis
1306 806 1448 859 vivus
1479 804 1568 876 qui
1615 806 1679 861 de
1716 808 1844 862 caelo
1890 808 1982 862 de-

394 891 596 949 scendi.
635 888 695 947 Si
723 893 839 963 quis
884 893 1282 950 manducauerit
1336 913 1403 951 ex
1441 914 1576 967 pane
1602 914 1735 965 meo,
1767 900 1897 955 vivet
1924 901 1980 954 in

400 991 654 1037 arternum
675 985 739 1039 ".
768 982 952 1057 Itaque
968 988 1225 1059 angelica:
1241 1003 1462 1067 quoque
1488 990 1720 1047 virtutes
1752 1006 1820 1046 ex
1851 1006 1979 1062 par-

395 1078 713 1149 ticipatione
752 1079 910 1138 Verbi
939 1083 1050 1138 vita
1101 1082 1361 1157 fruuntur
1387 1092 1611 1141 aeterna.
1637 1085 1772 1139 Nam
1798 1087 1976 1141 solum

396 1168 734 1241 unigenitum
775 1170 868 1228 Dci
905 1168 1166 1238 Verbum,
1220 1175 1567 1233 rationabilis
1612 1177 1800 1233 omnis‘
1842 1179 1975 1234 sub-

397 1261 614 1317 stantia:
656 1263 975 1319 alimentum
1026 1274 1133 1324 est.
1174 1266 1539 1333 Quamobrem
1584 1270 1832 1341 apposite
1874 1268 1979 1325 He-

399 1351 587 1408 braica
618 1354 779 1409 lectio
823 1355 877 1409 in
910 1358 1164 1427 praesenti
1193 1373 1302 1413 non
1359 1357 1525 1415 habet
1575 1360 1733 1425 illud,
1782 1359 1978 1416 Panem

398 1448 707 1518 angelorum
735 1450 1071 1504 manducavit
1103 1450 1278 1505 homo.

2087 626 2309 697 σχόντες
2355 623 2519 699 ἄρτου
2540 644 2556 659 ο
2586 627 2681 682 νῦν
2710 626 2781 682 -δέ
2834 627 2956 680 ἐπεὶ
2980 627 3082 681 οὐκ
3117 622 3189 698 ἦν
3233 628 3503 699 οὐράνιος,
3541 627 3664 681 οὐδὲ

2083 714 2153 791 ἦν
2181 717 2394 790 ἀληθῶς
2419 719 2580 791 ἄρτος
2607 717 2874 787 ἀγγέλων,
2896 717 2984 771 διὰ
3005 716 3161 771 τοῦτο
3186 716 3474 772 ἀπέθανον.
3495 712 3663 781 Οὗτος

2082 809 2140 862 δέ
2173 812 2321 881 ἐστιν
2352 808 2567 879 ἀληθῶς
2582 808 2832 880 οὐράνιος
2858 792 3045 878 άρτος,
3074 798 3181 860 οὔὸ
3208 805 3537 878 μεταλαϐὼν.
3562 806 3663 860 οὐκ

2084 899 2150 953 ἂν
2172 897 2430 954 ἀποθάνοι
2474 900 2624 953 ποτέ.
2642 898 2772 953 ’Καὶ
2792 899 2878 963 τίς
2909 891 3063 962 οὗτος
3086 893 3156 970 ἦν
3181 897 3422 953 διδάσκει
3453 898 3628 967 λέγων
3644 916 3658 929 ·

2098 995 2150 1048 ’0
2198 994 2308 1063 γὰρ
2345 993 2523 1062 ἄρτος
2552 993 2659 1048 τοῦ
2708 993 2857 1047 Θεοῦ
2918 991 3090 1046 ἐστιν
3117 993 3150 1047 ὁ
3182 991 3555 1046 καταϐαίνων
3591 991 3662 1045 ἐκ

2081 1084 2187 1139 τοῦ
2236 1084 2496 1152 οίφανοῦ
2543 1084 2641 1138 καὶ
2702 1081 2857 1152 ζωὴν
2908 1082 3115 1150 διδοὺς
3146 1082 3227 1149 τῷ
3251 1084 3489 1152 κόσμον
3517 1090 3661 1154 παρ-

2093 1176 2274 1249 ίστησι
2300 1194 2361 1231 τε
2380 1175 2540 1231 αὐτὸν
2557 1176 2758 1245 λέγων’
2776 1173 2921 1246 Ἐγώ
2943 1178 3059 1246 ειμι
3082 1178 3113 1229 δ
3133 1174 3309 1244 ἄρτος
3336 1172 3449 1243 τῆς
3478 1172 3657 1243 ζωῆς.

2084 1272 2117 1324 ό
2143 1269 2464 1340 ἐρχόμενος
2498 1267 2646 1338 πρὸς
2671 1266 2751 1338 μὲ
2788 1270 2860 1322 οὐ
2890 1266 2977 1338 μὴ
3020 1265 3312 1329 πεινάσει,
3352 1265 3451 1320 καὶ
3495 1268 3533 1320 ό
3576 1270 3665 1321 τι·

2080 1363 2314 1415 στεύων
2337 1363 2424 1427 εἱς
2453 1360 2579 1431 ἐμὲ,
2610 1361 2682 1415 οὐ
2722 1359 2808 1430 μὴ
2842 1359 3090 1430 διψήσει
3144 1358 3409 1413 πώποτε’
3446 1358 3541 1412 καὶ

2082 1453 2166 1517 Θις
2194 1470 2209 1484 ο
2261 1452 2408 1522 Ἐγώ
2431 1455 2546 1522 εἰμι
2568 1454 2601 1507 ό
2631 1450 2811 1521 ἄρτος
2856 1455 2889 1506 ὀ
2931 1449 3043 1514 ζῶν
3072 1454 3104 1506 ὁ
3137 1451 3205 1505 ἐκ
3248 1449 3355 1504 τοῦ
3403 1446 3666 1518 οὐρανοῦ

394 1532 674 1611 καταϐάς.
715 1544 855 1600 Ἐάν
901 1564 990 1614 τις
1019 1545 1178 1616 φάγῃ
1219 1547 1289 1600 ἐκ
1322 1546 1430 1601 τοῦ
1462 1548 1609 1618 ἐμοῦ
1630 1549 1810 1617 ἄρτου
1831 1589 1845 1615 ,
1876 1548 2114 1616 ζήσεται
2139 1552 2227 1617 εὶς
2254 1548 2361 1603 τὸν
2384 1547 2588 1603 αἰῶνα.
2610 1546 2820 1603 οὐκοῦν
2845 1549 2940 1602 καὶ
2962 1549 3018 1603 αἱ
3071 1547 3358 1618 άγγελικαὶ
3407 1545 3667 1617 δυνάμεις

393 1639 460 1691 ὲκ
474 1640 570 1711 τῆς
596 1639 688 1694 τοῦ
722 1640 894 1711 Λόγου
924 1642 1277 1714 μεταλήψεως
1333 1641 1547 1697 αἰώνιον
1610 1644 1755 1716 ζωὴν
1810 1644 2167 1717 καρποῦνται.
2216 1644 2390 1708 Μόνος
2419 1645 2529 1716 γάρ
2560 1644 2589 1697 ὁ
2614 1644 2909 1718 μονογενὴς
2949 1643 3044 1699 τοῦ
3074 1643 3209 1697 Θεοῦ
3268 1644 3440 1713 Λόγος
3484 1642 3665 1715 πάσης

393 1733 613 1807 λογικῆς
658 1735 843 1801 οὐσίας
894 1736 1181 1810 θρεπτικὸς
1231 1738 1506 1809 τυγχάνει.
1565 1739 1763 1810 Διόπερ
1820 1740 2064 1812 ἀκριϐῶς
2126 1741 2160 1812 ἡ
2229 1739 2490 1811 Ἐὄραῖκὴ
2544 1740 2851 1810 ἀνάγνωσις
2919 1740 2980 1793 ὲν
3018 1740 3130 1804 τοῖς
3186 1735 3566 1811 προκειμένοις
3601 1736 3665 1789 οὐ

395 1827 632 1900 περιέχει
648 1827 728 1893 τὸ,
766 1831 973 1898 Ἄρτον
1000 1830 1273 1901 ἀγγέλων
1298 1831 1521 1903 ἔφαγεν
1538 1831 1869 1901 ἄνθρωπος.

466 1944 632 2002 Vens.
680 1946 870 2003 26-51.
910 1948 1132 2004 Cibaria
1185 1950 1333 2004 misit
1380 1951 1455 2005 eis
1510 1949 1579 2004 ad
1622 1951 1975 2005 saturitatem.

2104 2020 2109 2027 ι
2165 1950 2576 2023 Ἑπισιτισμὸν
2625 1949 2985 2004 ἀπέστειλεν
3027 1949 3233 2016 αὐτοῖς
3272 1951 3358 2016 είς
3394 1951 3665 2017 πλησμο-

394 2041 692 2097 Transtulit
717 2042 972 2098 Austrum
994 2043 1059 2099 de
1090 2044 1239 2109 caelo,
1262 2055 1313 2100 et
1336 2044 1548 2100 induxit
1585 2046 1642 2099 in
1668 2045 1861 2100 virtute
1882 2062 1981 2100 sua

392 2134 657 2202 Africum.
698 2132 768 2187 Et
792 2136 925 2203 ptuit
970 2151 1126 2205 super
1166 2153 1256 2192 eos
1302 2137 1441 2191 sicut
1477 2137 1739 2205 pulverem
1770 2154 1978 2202 carnes,

395 2235 445 2278 et
475 2225 609 2278 sicut
638 2242 860 2280 arenam
882 2228 1115 2282 marium
1133 2228 1379 2284 volatilia
1404 2238 1634 2299 pennata
1659 2244 1679 2283 :
1703 2238 1752 2284 et
1779 2230 1981 2285 cecide-

393 2326 518 2370 runt
553 2317 606 2370 in
657 2316 831 2371 medio
861 2326 1163 2372 castrorum
1211 2335 1416 2381 eorum,
1458 2320 1600 2374 circa
1635 2319 1980 2374 tabernacula

391 2422 594 2460 eorum.
633 2404 700 2459 Et
738 2406 1185 2462 manducaverunt
1218 2419 1266 2464 et
1291 2410 1524 2465 saturati
1563 2420 1685 2465 sunt
1725 2409 1904 2473 nimis,
1928 2419 1978 2465 et

392 2497 714 2554 desiderium
758 2516 939 2572 eorum
973 2504 1156 2558 attulit
1198 2507 1313 2569 eis,
1366 2521 1469 2559 non
1508 2516 1631 2560 sunt
1668 2505 1913 2576 fraudati
1944 2523 1980 2562 ι

393 2589 651 2646 desiderio
684 2609 801 2647 suo.
818 2593 1001 2649 Adhuc
1021 2612 1141 2651 esca
1175 2612 1355 2651 eorum
1380 2606 1495 2651 erat
1516 2599 1570 2650 in
1592 2614 1681 2653 ore
1716 2598 1974 2666 ipsorum,

393 2693 444 2737 et
481 2683 565 2736 ira
599 2682 696 2738 Dei
738 2684 973 2739 ascendit
1002 2700 1159 2754 super
1186 2701 1313 2742 eos:
1353 2696 1402 2742 et
1437 2686 1630 2742 occidit
1669 2687 1849 2757 plures
1888 2704 1977 2743 eo-

395 2789 533 2859 rum,
570 2784 619 2827 et
665 2774 855 2830 electos
900 2774 1077 2830 Israel
1125 2777 1413 2847 impedivit.
1445 2775 1604 2845 Quod
1652 2793 1762 2833 non
1813 2777 1977 2834 modo

390 2880 610 2938 panem,
646 2868 744 2924 sed
770 2869 936 2925 etiam
964 2869 1255 2939 opsonium
1284 2869 1667 2941 procuraverit
1697 2870 1780 2926 eis
1817 2869 1978 2927 docet

391 2960 596 3032 Moysis
637 2960 949 3033 Scriptura,
982 2961 1041 3016 in
1073 2961 1263 3024 Exodo
1304 2962 1525 3032 quidem
1555 2963 1746 3020 dicens
1777 2964 1823 2995 "
1857 2982 1869 3019 :
1908 2957 1975 3017 Et

387 3051 637 3107 dixerunt
672 3051 884 3123 Moyses
919 3061 970 3108 et
1002 3053 1182 3108 Aaron
1211 3053 1281 3109 ad
1315 3062 1483 3109 totum
1511 3063 1708 3110 coetum
1737 3054 1977 3125 ﬁliorum

390 3141 601 3198 Israel:
630 3143 847 3212 Vespere
876 3144 1053 3200 scietis
1076 3147 1214 3215 quod
1246 3144 1504 3200 Dominus
1530 3144 1770 3200 eduxerit
1802 3162 1890 3199 vos
1912 3143 1977 3199 de

392 3244 462 3288 ter
475 3250 537 3287 ra
562 3231 815 3303 Aigypti;
844 3250 999 3290 mane
1021 3243 1196 3291 autem
1221 3235 1462 3290 videbitis
1485 3235 1714 3307 gloriam
1741 3235 1972 3298 Domini,

2081 2043 2214 2112 νήν.
2287 2044 2535 2115 Ἁπῆρεν
2582 2044 2778 2099 Νότον
2802 2042 2871 2108 ἐξ
2919 2042 3201 2112 οὐρανοῦ,
3231 2043 3330 2097 καὶ
3364 2040 3666 2113 ἐπήγαγεν

2078 2136 2149 2189 ἐν
2180 2135 2255 2206 τῇ
2291 2136 2541 2207 δυνάμει
2576 2135 2763 2191 αὐτοῦ
2798 2135 2970 2190 Λίϐα.
2999 2135 3111 2189 Kal
3154 2134 3397 2203 ἔϐρεξεν
3434 2132 3527 2188 ἐπ’
3553 2135 3667 2189 αὺ-

2078 2214 2219 2292 τοὺς
2249 2225 2392 2281 ὡσεὶ
2439 2227 2592 2297 χοῦν
2622 2222 2878 2295 σάρκας,
2911 2224 3011 2281 καὶ
3036 2225 3179 2280 ὡσεὶ
3217 2222 3415 2295 ἄμμον
3440 2226 3665 2281 θαλασ-

2078 2317 2208 2373 σῶν
2234 2319 2475 2374 πετεινὰ
2502 2317 2768 2387 πτερωτά
2785 2335 2798 2349 ο
2828 2319 2926 2373 καὶ
2946 2318 3245 2374 ἐπέπεσεν
3271 2319 3342 2373 ὲν
3360 2317 3530 2388 μέσῳ
3554 2314 3665 2386 τῆς

2078 2409 2458 2482 παρεμϐολῆς
2488 2407 2707 2473 αὐτῶν,
2740 2410 2944 2478 κύκλῳ
2972 2409 3093 2465 τῶν
3121 2406 3530 2481 σκηνωμάτων
3561 2413 3664 2466 αὑ-

2079 2502 2215 2559 τῶν.
2240 2504 2350 2558 Kal
2369 2503 2597 2573 ἔφατον
2627 2502 2727 2558 καὶ
2756 2501 3233 2572 ἐνεπλήσθησαν
3270 2502 3529 2573 σφόδρα,
3569 2504 3665 2558 καὶ

2077 2597 2193 2664 τὴν
2217 2597 2538 2667 ἐπιθυμίαν
2578 2594 2778 2651 αὐτῶν
2814 2595 3069 2666 ἤνεγκεν
3101 2595 3327 2663 αὐτοῖς,
3357 2598 3471 2651 οὐκ
3499 2596 3664 2650 ἐστε-

2069 2686 2355 2755 ρήθησαν
2419 2684 2540 2741 ἀπὸ
2592 2684 2707 2754 τῆς
2755 2686 3073 2756 ἐπιθυμίας
3116 2684 3335 2739 αὐτῶν.
3381 2686 3504 2739 Ἔτι
3554 2683 3665 2753 τῆς

2071 2778 2354 2847 βρώσεως
2380 2777 2573 2846 οὔσης
2598 2777 2669 2832 ἐν
2693 2776 2775 2843 τῷ
2805 2777 3057 2846 στόματι
3079 2773 3277 2831 αὐτῶν
3305 2774 3404 2829 καὶ
3432 2778 3471 2845 ἠ
3516 2776 3660 2846 ὀργὴ

2075 2871 2183 2927 τοῦ
2237 2870 2386 2928 Θεοῦ
2444 2870 2628 2938 ἀνέϐη
2673 2870 2769 2924 ἐπ’
2810 2869 3063 2937 αὐτούς·
3091 2868 3187 2923 καὶ
3213 2868 3570 2923 ἀπέκτεινεν
3593 2868 3665 2924 ἐν

2076 2962 2204 3030 τοῖς
2250 2963 2534 3019 πλείοσιν
2594 2961 2815 3025 αὐτῶν,
2853 2960 2953 3015 καὶ
2993 2959 3136 3027 τοὺς
3189 2959 3512 3027 ἐκλεκτοὺς
3555 2959 3663 3014 τοῦ

2092 3056 2342 3126 Ἰσραὴλ
2374 3055 2803 3111 συνεπόδισεν.
2841 3054 2965 3108 ’Ότι
2998 3053 3074 3126 μὴ
3107 3052 3267 3125 μόνου
3311 3054 3500 3124 ἄρτου,
3528 3052 3664 3108 ἀλλὰ

2077 3150 2173 3206 καὶ
2198 3150 2329 3221 ὄψου
2350 3149 2678 3223 προενόησεν
2710 3150 2914 3212 αὐτοῖς,
2945 3148 3187 3203 διδάσκει
3201 3148 3293 3202 καὶ
3328 3150 3362 3218 ὴ
3420 3149 3664 3214 Μωσέως

2079 3243 2361 3315 Γραφὴ,ὲν
2390 3241 2487 3312 μὲν
2515 3240 2709 3311 Ἐξόδῳ
2737 3240 2988 3309 λέγουσα·
3025 3239 3138 3294 Kal
3173 3236 3303 3294 εἶπε
3316 3237 3537 3307 Μωσῆς
3562 3241 3661 3297 καὶ

390 3326 518 3396 quia
550 3299 755 3379 audivit
794 3340 947 3380 omne
995 3341 1236 3380 murmur
1279 3299 1528 3382 uestrum.
1583 3325 1745 3380 Dabit
1790 3327 1975 3398 quippe

2337 3299 2479 3403 πρὸς
2536 3299 2744 3388 πιῑσαν
2774 3299 3136 3404 συναγωγὴν
3188 3330 3337 3387 υἱῶν
3389 3299 3621 3399 Ἰσραήλ
3640 3349 3655 3362 ·

392 3417 537 3472 vobis
582 3417 840 3473 Dominus
882 3431 1086 3486 uespere
1126 3432 1309 3472 carnes
1345 3417 1414 3471 ad
1455 3416 1899 3482 manducandum,
1931 3427 1981 3471 et

396 3520 739 3577 mane'panes
760 3507 830 3561 ad
850 3508 1209 3562 saturitatem.
1235 3506 1430 3563 Postea
1450 3523 1580 3563 vero
1596 3507 1876 3579 subjungit
1897 3508 1941 3538 "
1963 3525 1976 3561 :

394 3599 465 3653 Et
488 3600 691 3669 factum
733 3609 812 3655 est
842 3615 1069 3669 vespere,
1100 3608 1152 3656 et
1176 3599 1411 3655 ascendit
1457 3601 1723 3665 coturnix,
1763 3609 1812 3654 et
1861 3616 1980 3669 ope-

395 3692 502 3745 ruit
530 3702 714 3747 castra
742 3707 760 3745 :
784 3708 937 3747 mane
963 3707 1079 3747 vero
1119 3708 1207 3747 ros
1227 3692 1399 3762 jacuit
1427 3692 1483 3747 in
1521 3691 1745 3745 circuitu
1771 3702 1979 3747 castro-

390 3765 619 3840 rumtet
646 3801 763 3840 ecce
787 3785 845 3839 in
889 3784 1022 3855 facie
1037 3783 1360 3849 solitudinis,
1405 3785 1575 3839 tenuis
1616 3783 1752 3837 sicut
1784 3784 1977 3853 pulvis,

391 3875 547 3929 albus
575 3875 711 3930 sicut
759 3876 954 3945 pruina
976 3889 1133 3944 super
1156 3884 1371 3931 terram.
1408 3872 1514 3929 Sed
1547 3873 1674 3945 quia
1697 3881 1887 3944 postea
1921 3872 1978 3928 in

388 3967 642 4024 Numeris
669 3967 873 4025 dictum
903 3968 1042 4025 est”
1060 3987 1149 4023 τα·-
1161 3967 1357 4039 Vulgus
1384 3982 1584 4038 quoque
1622 3967 1980 4036 promiscuum

388 4061 634 4131 ﬂagravit
652 4059 953 4124 desideria;
983 4067 1034 4114 et
1068 4059 1304 4115 sedentes
1331 4057 1531 4127 ﬂebant
1558 4058 1661 4128 ﬁlii
1701 4056 1898 4125 Israel,
1928 4068 1976 4111 et

387 4152 633 4207 dixerunt
665 4167 684 4207 :
718 4151 851 4219 Quis
872 4150 1022 4206 dabit
1050 4151 1201 4207 nobis
1232 4152 1460 4206 carnes?
1505 4142 1867 4225 Recordamur
1895 4150 1979 4221 pi-

389 4245 559 4298 scium
594 4260 724 4313 quos
754 4242 1153 4298 comedebamus
1178 4244 1236 4298 in
1262 4240 1495 4314 Egypte
1523 4243 1716 4314 gratis,
1743 4251 1793 4298 et
1816 4258 1979 4297 cucu-

390 4351 554 4389 meres
576 4345 625 4389 et
654 4349 872 4403 pepones
895 4344 947 4390 et
966 4350 1156 4405 porros
1185 4343 1234 4389 et
1253 4349 1391 4404 cepe.
1418 4333 1576 4389 Nunc
1597 4343 1772 4389 autem
1795 4334 1977 4388 anima

387 4435 573 4479 nostra
599 4423 852 4493 peranda
903 4422 1110 4479 Deinde
1138 4423 1432 4496 subjicitur
1454 4425 1499 4457 ³⁰
1532 4443 1546 4479 :
1577 4424 1641 4479 Et
1669 4424 1802 4480 abiit
1828 4423 1979 4495 Moy-

389 4530 469 4570 ses
500 4515 557 4567 in
580 4522 759 4568 castra
782 4514 891 4582 ipse
919 4521 968 4567 et
989 4514 1218 4569 seniores
1240 4512 1434 4570 Israel.
1461 4514 1528 4568 Et
1554 4516 1775 4593 spiritus
1801 4531 1978 4587 egres-

2091 3423 2388 3493 Ἑσπέραν
2428 3422 2754 3495 γνώσεσθε,
2788 3422 2879 3477 ὅτι
2913 3424 3130 3492 Κύριος
3182 3422 3471 3492 ἐξήγαγεν
3498 3419 3655 3490 ὑμᾶς

2079 3518 2149 3572 ἐκ
2180 3516 2287 3588 τῆς
2310 3516 2616 3587 Αἰγύπτου
2632 3533 2646 3547 ·
2671 3516 2822 3585 πρωῒ
2845 3514 2914 3569 δὲ
2935 3515 3162 3585 ὄψεσθε
3193 3510 3307 3583 τὴν
3329 3513 3510 3577 δόξαν
3539 3514 3627 3566 Κυ
3642 3541 3656 3553 -

2070 3609 2231 3678 plov,
2254 3611 2325 3664 ἐν
2350 3607 2431 3675 τῷ
2459 3609 2816 3663 εἰσακοῦσαι
2851 3606 3039 3663 αὑτὸν
3064 3606 3262 3661 πάντα
3309 3606 3416 3661 τὸν
3457 3622 3658 3675 rem

2079 3701 2238 3771 σμύν
2262 3690 2452 3772 ὑμῶν,
2473 3702 2546 3755 ἐν
2568 3699 2649 3767 τῷ
2672 3692 2903 3755 διδόναι
2930 3698 3038 3754 τὸν
3069 3700 3292 3767 Κύριον
3313 3697 3456 3769 ύμῖν
3479 3694 3660 3752 ἐσπέ-

2071 3810 2188 3862 ρας
2216 3792 2363 3863 κρέα
2397 3791 2629 3863 φαγεῖν,
2685 3790 2785 3845 καὶ
2830 3789 3052 3860 ἄρτους
3099 3789 3165 3843 τὸ
3188 3788 3343 3858 πρωϊ
3384 3789 3473 3853 εις
3509 3790 3662 3855 πλη-

2079 3887 2462 3958 σμονήν.Καὶ
2486 3884 2725 3954 ἐπιλέγει
2742 3883 2886 3955 ἑξῆς·
2916 3882 3027 3938 Kal
3047 3881 3283 3953 ἐγένετο
3311 3878 3664 3948 ἐσπέρα,κιιι

2078 3976 2260 4047 ἀνέϐη
2286 3976 2710 4049 ὀρτυγομήτρα,
2726 3977 2824 4030 καί
2837 3974 3106 4043 ἐκάλυψε
3125 3971 3240 4042 τὴν
3255 3970 3661 4042 παρεμϐολήν-

2078 4068 2146 4123 τὸ
2170 4069 2318 4137 πρωῒ
2329 4066 2398 4120 δὲ
2415 4066 2653 4139 ἐγένετο
2670 4064 3164 4135 καταπαυομένης
3178 4061 3287 4132 τῆς
3308 4062 3536 4131 δρόσου
3558 4061 3663 4116 κύ-

2080 4156 2205 4232 κλῳ
2222 4160 2335 4230 τῆς
2365 4158 2771 4230 παρεμϐολῆςο
2809 4161 2907 4213 καὶ
2934 4158 3061 4213 ίδοὺ
3076 4159 3174 4213 ἐπὶ
3198 4156 3524 4226 προσώπου
3554 4154 3662 4225 τῆς

2078 4246 2322 4322 ἐρήμου,
2350 4251 2581 4307 λεπτὸν
2604 4251 2747 4305 ὡσεὶ
2779 4251 3005 4312 κόνιον.
3044 4249 3271 4305 λευκὸν
3297 4249 3441 4303 ὡσεὶ
3472 4246 3663 4320 πάγος

2066 4345 2178 4404 ,ἐπὶ
2206 4343 2316 4413 τῆς
2371 4344 2505 4415 γῆς.
2553 4344 2690 4398 Ἀλλ’
2719 4343 2906 4416 ἐπειδὴ
2948 4343 3089 4415 μετὰ
3131 4343 3304 4397 ταῦτα
3337 4341 3551 4417 εἴρηται
3604 4342 3662 4394 ὲν

2093 4438 2151 4509 Ἃ
2161 4436 2580 4510 ριθμοίςο-Καὶ
2598 4441 2630 4492 ό
2643 4438 2745 4492 ἐπί
2742 4454 2950 4508 μικτος
2972 4436 3042 4490 ἐν
3064 4439 3141 4490 αὐ
3150 4434 3269 4502 τοῖς
3283 4432 3661 4503 ἐπεθύμησεν

2079 4524 2415 4597 ἐπιθυμίαν,
2448 4524 2544 4579 καὶ
2559 4528 2919 4593 καθίσαντες
2944 4526 3169 4580 ἔκλαον
3197 4529 3249 4580 οἱ
3265 4524 3376 4580 vlol
3394 4521 3661 4592 Ἰσραὴλ,

389 4615 589 4669 ειιεεει
637 4624 672 4662 a
705 4606 958 4673 Domino,
987 4615 1039 4662 et
1085 4608 1260 4664 emisit
1296 4609 1625 4689 coturnicem
1656 4626 1687 4662 a
1734 4608 1892 4675 mari,
1923 4615 1974 4663 et

2080 4617 2179 4693 καὶ
2200 4613 2399 4681 εἶπαν,
2437 4618 2531 4684 Τίς
2563 4619 2821 4689 ψωμίσει
2848 4618 2993 4689 ἡμῖν
3015 4617 3197 4686 κρέα;
3243 4615 3659 4688 Ἐμνήσθημεν

386 4700 570 4769 injecit
599 4699 656 4754 in
685 4708 868 4754 castra
895 4700 1082 4755 itinere
1106 4700 1263 4756 unius
1292 4701 1397 4756 diei
1432 4701 1487 4755 in
1510 4702 1734 4761 circuitu
1764 4709 1972 4755 castro-

387 4807 528 4853 rum.
558 4793 715 4862 quasi
746 4791 951 4847 duobus
989 4792 1179 4848 cubitis
1209 4809 1366 4863 super
1395 4802 1613 4848 terram.
1639 4792 1708 4847 Et
1752 4810 1970 4864 surgens

385 4882 609 4953 populus
632 4892 740 4937 toto
764 4884 849 4938 die
874 4883 970 4939 illo
991 4893 1044 4940 et
1067 4895 1236 4960 nocte,
1259 4902 1534 4957 congregaz
1551 4886 1591 4939 it
1618 4886 1972 4957 unusquisque

386 4972 525 5044 quod
553 4973 836 5043 suﬂiciebat
868 4990 886 5027 :
920 4975 1011 5047 qui
1057 4975 1302 5039 multum,
1348 4993 1453 5030 non
1481 4975 1969 5047 superabundavit;

383 5075 433 5129 et
451 5066 543 5137 qui
571 5080 784 5136 parum,
801 5082 906 5120 non
930 5066 1176 5138 indiguit.
1195 5067 1300 5136 Qui
1330 5084 1541 5139 parum,
1561 5069 1764 5140 collegit
1792 5068 1969 5123 decem

384 5146 557 5214 coras.
582 5157 651 5212 Et
674 5159 887 5213 siccaue
918 5170 1040 5215 sunt
1065 5162 1121 5214 in
1137 5161 1276 5215 vasis
1312 5162 1363 5214 in
1397 5161 1620 5215 circuitu
1647 5173 1966 5226 castrorum,

384 5268 501 5321 quia
530 5250 753 5306 aderant
786 5268 993 5317 carnes,
1046 5262 1322 5322 antequam
1351 5254 1654 5323 deﬁcerent.
1679 5254 1748 5309 Et
1795 5255 1967 5310 iratus

383 5347 462 5391 est
494 5336 754 5395 Dominus
779 5356 798 5394 :
827 5351 889 5394 et.
929 5350 1168 5395 uocatum
1206 5351 1283 5396 est
1323 5359 1509 5397 nomen
1541 5344 1642 5398 loci
1673 5344 1841 5411 illius,
1874 5344 1969 5399 Se-

382 5430 571 5496 pulcra
611 5433 1066 5503 concupiscentia,
1090 5434 1217 5504 quia
1253 5435 1330 5489 ibi
1374 5435 1686 5505 sepelierunt
1716 5437 1969 5509 populum

383 5524 471 5587 qui
519 5527 882 5593 concupiverat
898 5538 1297 5597 ;-—-opportuue
1324 5528 1491 5599 igitur
1507 5516 1773 5595 clausula,
1802 5545 1967 5601 quam

386 5623 710 5678 tractamus,
744 5617 858 5673 haec
890 5617 1049 5674 docet
1072 5620 1158 5675 his
1195 5622 1377 5678 verbis
1411 5640 1423 5676 :
1461 5621 1682 5678 Cibaria
1711 5624 1857 5677 misit
1891 5623 1965 5678 eis

386 5706 454 5758 ad
484 5709 845 5774 saturitatem,
870 5718 926 5766 et
953 5722 1167 5767 cmtcra.
1203 5712 1371 5771 Docet
1392 5723 1575 5770 autem
1602 5716 1840 5771 volatilia
1874 5718 1965 5772 illa

527 5823 685 5905 donli:
718 5827 904 5905 vl,_53.
982 5831 1026 5862 "
1061 5830 1285 5886 ibid.55.
1393 5834 1439 5867 "
1464 5832 1598 5905 ibid:
1626 5834 1820 5905 51,52.

389 5894 434 5926 ³⁸
465 5894 595 5948 ibid.
624 5894 711 5952 30.
742 5896 830 5950 δι.
1585 5899 1598 5912 ’

1935 5838 1977 5869 ’⁷
2001 5836 2174 5893 Exod.
2207 5851 2319 5904 xvt,
2360 5835 2478 5893 6-8.

2076 4705 2219 4771 τοὺς
2248 4707 2477 4776 ἰχθύας,
2526 4706 2635 4773 οὓς
2668 4707 2963 4777 ήσθίομεν
2993 4707 3064 4760 ἐν
3094 4706 3372 4775 Αἰγύπτῳ
3410 4702 3660 4772 δωρεὰν,

2077 4797 2175 4851 καὶ
2203 4797 2347 4864 τοὺς
2371 4797 2643 4864 σικυοὺς,
2658 4797 2757 4852 καὶ
2786 4797 2929 4865 τοὺς
2967 4797 3257 4864 πέπονας,
3280 4796 3380 4851 καὶ
3409 4796 3483 4850 τὰ
3516 4795 3659 4863 πρά·

2075 4903 2179 4954 σα,
2208 4889 2307 4943 καὶ
2336 4891 2410 4944 τὰ
2430 4890 2676 4961 κρόμυα.
2692 4888 2845 4945 Νυνὶ
2866 4889 2936 4944 δὲ
2961 4892 2999 4959 ή
3017 4887 3189 4960 ψυχὴ
3221 4887 3391 4961 ήμῶν
3403 4886 3659 4956 κατάξῃ·

2066 4999 2194 5051 ρος.
2222 4978 2356 5034 Εἶτα
2372 4982 2680 5053 ὲπιλέγεται
2713 4983 2865 5057 ἑξῆς·
2899 4985 3012 5039 Kal
3043 4981 3280 5053 ἀπῆλθε
3300 4976 3526 5051 Μωσῆς
3573 4982 3661 5047 είς

2074 5074 2190 5144 τὴν
2217 5076 2622 5145 παρεμϐολὴν,
2660 5074 2843 5144 αὐτὸς
2881 5077 2981 5131 καὶ
3030 5079 3087 5131 οί
3130 5076 3519 5146 πρεσϐύτεροι
3551 5071 3660 5128 τοῦ

2084 5166 2353 5237 Ἰσραήλ.
2371 5168 2481 5223 Καὶ
2496 5170 2729 5239 πνεῦμα
2754 5169 2975 5239 ἐξῆλθε
2985 5169 3145 5240 παρὰ
3159 5170 3403 5239 Κυρίου,
3421 5168 3519 5224 καὶ
3534 5167 3661 5234 ἐξευ-

2076 5260 2299 5328 ϐρασεν
2314 5260 2757 5331 ὀρτυγομήτραν
2769 5261 2886 5316 ἀπὸ
2905 5260 3015 5331 τῆς
3033 5260 3373 5328 θαλάσσης,
3408 5258 3508 5312 καὶ
3521 5256 3658 5311 ἐκέ-

2074 5351 2259 5405 ϐαλεν
2284 5351 2380 5405 ἐπὶ
2406 5351 2521 5421 τὴν
2540 5352 2926 5422 παρεμϐολὴν
2936 5352 3081 5407 ὁδὸν
3110 5352 3357 5423 ἡμέρας,
3378 5351 3658 5406 ἐντεῦθεν

2075 5442 2279 5511 κύκλῳ
2307 5441 2417 5511 τῆς
2444 5444 2822 5513 παρεμϐολῆς
2841 5444 2983 5499 ὡσεὶ
2998 5444 3226 5513 δίπηχυ
3253 5445 3370 5500 ἀπὸ
3387 5443 3499 5512 τῆς
3521 5443 3651 5514 γῆς.

2074 5532 2183 5587 Kal
2209 5533 2478 5602 ἀναστὰς
2501 5537 2534 5588 ὁ
2552 5534 2699 5601 λαὸς
2733 5536 2889 5605 ὅλην
2903 5534 3020 5604 τὴν
3037 5535 3265 5605 ἡμέραν
3295 5535 3538 5603 ἐκείνην
3557 5532 3654 5588 καί

2075 5624 2229 5690 ὅλην
2252 5623 2366 5692 τὴν
2391 5626 2604 5693 νύκτα,
2641 5627 2741 5681 καὶ
2782 5626 3130 5697 συνήγαγεν
3161 5627 3421 5694 ἕκαστος
3453 5627 3520 5680 τὸ
3549 5627 3652 5694 ἁρ-

2074 5716 2254 5771 κοῦν*
2288 5720 2322 5772 ό
2352 5716 2418 5771 τὸ
2445 5717 2603 5772 πολὺ
2631 5720 2739 5771 οὐκ
2769 5718 3129 5782 ἐπλεόνασε,
3158 5718 3254 5772 κινῑ
3288 5722 3321 5773 ό
3353 5718 3416 5773 τὸ
3448 5719 3654 5787 ὀλίγον

2584 5834 2806 5908 "ibid,
2841 5836 2927 5901 l3,
2967 5836 3123 5891 14-6.
3236 5835 3280 5869 "
3302 5834 3466 5892 Num.
3494 5851 3573 5902 XI,
3596 5834 3647 5890 4.
