4066 6384
456 423 563 481 925

1188 416 1458 477 EUSEBII
1494 387 1975 473 CESKRIENSIS
2009 411 2162 472 OPP.
2195 411 2376 469 PARS
2410 411 2501 471 Ill.
2537 443 2607 455 —-
2643 406 3051 467 EXEGETICA.

3613 400 3719 456 οξι

456 534 714 590 occideret
734 549 822 589 eos
845 532 1151 604 qurerebant
1171 548 1313 597 eum,
1336 540 1385 586 et
1408 529 1798 585 revertebantur
1820 538 1870 583 et
1893 528 2034 582 dilu-

2139 526 2338 596 γεσιῶν
2367 526 2517 581 οὐδὲν
2557 522 2719 580 πλέον
2770 521 3007 577 ἐκτῶντο
3043 518 3179 592 πρὸς
3227 516 3515 587 ὠφέλειαν,
3547 516 3637 571 διὰ
3657 518 3717 572 δέ

454 627 574 683 culo
596 625 867 680 veniebant
900 624 970 678 ad
996 622 1478 680 Deum.Verberati
1508 622 1709 692 quippe
1737 629 1792 676 et
1830 621 2039 691 suppli-

454 716 542 771 cio
582 715 758 770 alTecti
792 714 1078 770 brutorum
1106 714 1479 783 iumentorum
1513 714 1687 766 instar
1732 712 1799 765 ad
1845 712 2032 767 verbe-

451 801 628 857 rantis
660 815 884 857 sensum
917 798 1319 855 revocabantur
1347 795 1538 866 (Vsas.
1572 795 1684 867 55),
1714 810 1837 850 cum
1859 812 1926 850 ex
1950 811 2037 851 re-

454 899 543 946 cta
577 891 789 947 ratione
821 889 891 945 ad
921 890 1199 944 meliorem
1233 902 1293 942 se
1320 886 1529 957 frugem
1564 903 1671 941 non
1705 887 2036 957 reciperent.

453 983 606 1053 Quos
657 984 738 1041 sic
795 983 1096 1054 alloquitur
1145 980 1474 1050 Scriptura:
1510 978 1691 1034 Nolite
1736 980 1855 1050 ﬁeri
1898 980 2035 1035 sicut

453 1093 617 1147 equus
665 1087 716 1131 et
764 1075 961 1139 mulus,
993 1071 1180 1145 quibus
1204 1087 1308 1125 non
1330 1080 1409 1125 est
1442 1070 1758 1125 intellectus.
1789 1069 1855 1125 In
1884 1088 2035 1126 canto

454 1177 505 1223 et
542 1168 691 1238 freno
724 1166 977 1221 maxillas
1014 1179 1197 1218 eorum
1227 1162 1523 1231 constringe
1541 1162 1631 1232 qui
1663 1178 1761 1215 non
1785 1163 2037 1231 approxi-

453 1271 602 1315 mant
632 1260 702 1313 ad
735 1269 802 1314 te.
832 1257 1008 1313 Multa
1033 1256 1246 1327 ﬂagella
1268 1264 1624 1325 peccatorum,
1650 1264 1916 1323 sperantes
1937 1272 2035 1310 au-

457 1362 560 1407 tem
594 1353 649 1405 in
683 1351 910 1406 Domino
937 1345 1765 1404 misericordia‘circumdabit".

2138 620 2238 691 τῆς
2263 617 2665 690 μετερχομένης
2696 615 2894 677 αὐτοὺς
2922 613 3091 684 ὀργῆς
3117 610 3397 683 κρείττους
3417 609 3712 679 ἐγίγνοντο.

2139 710 2229 763 Διὸ
2259 708 2385 781 ἐξῆς
2416 707 2694 776 ἐπιλέγει·
2733 706 2917 759 Ὅταν
2943 703 3294 758 ἀπέκτεινεν
3324 701 3566 781 αὐτοὺς,
3590 702 3717 769 ἐξε-

2138 799 2352 867 ζίήτουν
2377 798 2581 862 αὑτὸν,
2618 796 2718 851 καὶ
2740 795 3111 862 ἐπέστρεφον
3133 792 3233 847 καὶ
3258 790 3536 861 ὥρθριζον
3567 795 3717 863 πρὸς

2138 890 2247 945 τὸν
2277 890 2444 945 Θεόν.
2480 886 2883 956 Μαστιζόμενοι
2929 885 3038 955 γὰρ
3063 885 3156 937 καὶ
3188 882 3558 955 κολαζόμενοι,
3586 904 3716 959 κτη-

2140 981 2246 1036 νῶν
2274 980 2481 1049 ἀλόγων
2505 979 2662 1050 δίκην
2694 977 2944 1049 αἴσθησιν
2978 974 3346 1047 ἀνελάμϐανον
3372 976 3472 1030 τοῦ
3488 977 3718 1034 τύπτον-

2139 1092 2250 1139 τος,
2275 1075 2416 1145 λόγῳ
2448 1074 2545 1145 μὲν
2571 1070 2715 1143 ὀρθῷ
2741 1070 2817 1143 μὴ
2845 1070 3297 1143 σωφρονιζόμενοι
3314 1086 3327 1099 ο
3357 1069 3494 1141 πρὸς
3517 1069 3612 1134 οὓς
3641 1067 3719 1125 εἷ-

2139 1184 2244 1223 πεν
2269 1165 2337 1221 ἂν
2359 1169 2387 1220 ὁ
2418 1165 2574 1235 λόγος
2589 1181 2603 1196 ·
2626 1162 2724 1233 Μὴ
2750 1163 2990 1235 γίνεσθε
3010 1162 3090 1229 ὡς
3106 1162 3289 1228 ἵππος
3316 1161 3414 1216 καί
3443 1163 3715 1233 ἡμίονος,

2138 1256 2229 1329 οἷς
2258 1262 2371 1316 οὐκ
2404 1258 2535 1312 ἐστι
2569 1258 2842 1339 σύνεσις.
2860 1256 2963 1310 Ἐν
2995 1254 3162 1324 κημῷ
3208 1253 3309 1308 καὶ
3351 1254 3581 1323 χαλινῷ
3607 1259 3716 1325 τὰς

2139 1353 2426 1423 σιαγόνας
2451 1348 2651 1405 αὐτῶν
2696 1347 2870 1419 ἇγξαι
2916 1347 3036 1403 τῶν
3078 1348 3165 1419 μὴ
3193 1347 3540 1418 ἐγγιζόντων
3564 1348 3717 1419 πρὸς

452 1447 546 1502 σέ.
562 1447 790 1501 Πολλοὶ
818 1450 877 1501 al
898 1444 1188 1515 μάστιγες
1212 1440 1330 1496 τῶν
1357 1440 1748 1512 ἁμαρτωλῶνο
1785 1444 1926 1513 τοὺς
1953 1447 2024 1503 δὲ
2049 1448 2397 1512 ἐλπίζοντας
2427 1444 2525 1499 ἐπὶ
2555 1444 2774 1512 Κύριον
2798 1442 2972 1508 ἕλεος
3004 1440 3318 1497 κυκλώσει.

533 1538 701 1596 Vsns.
735 1539 825 1608 56,
860 1539 951 1594 57.
994 1537 1064 1592 Et
1111 1537 1407 1592 dilexerunt
1449 1553 1569 1591 eum
1609 1538 1666 1592 in
1706 1555 1795 1594 ore
1835 1557 1952 1609 suo,
1990 1555 2041 1599 et

2204 1543 2314 1600 Kal
2339 1539 2666 1612 ἠγάπησαν
2687 1537 2875 1592 αὐτόν
2896 1537 2967 1592 ἐν
2986 1535 3066 1603 τῷ
3093 1538 3343 1607 στόματι
3373 1535 3592 1604 αὐτῶν,
3614 1553 3716 1592 και

452 1631 638 1702 lingua
689 1648 788 1686 sua
823 1630 1027 1686 mentiti
1072 1639 1196 1685 sunt
1239 1631 1307 1685 ei.
1335 1628 1442 1685 Cor
1485 1639 1663 1685 autem
1702 1648 1885 1689 eorum
1933 1653 2034 1693 non

2136 1637 2211 1707 τῇ
2238 1635 2491 1708 γλώσσῃ
2521 1630 2721 1688 αὐτῶν
2747 1631 3090 1700 ἐψεύσαντο
3115 1628 3294 1695 αὐτῷ.
3313 1631 3375 1685 Ἡ
3403 1629 3473 1684 δὲ
3504 1630 3718 1699 καρδία

450 1732 567 1778 erat
593 1730 793 1777 rectum
819 1738 937 1776 cum
965 1738 1048 1787 eo,
1077 1738 1168 1776 nec
1198 1720 1379 1791 ﬁdeles
1409 1719 1579 1776 habiti
1605 1734 1729 1778 sunt
1776 1726 1833 1780 in
1875 1737 2034 1783 testa-

2136 1726 2332 1785 αὐτῶν
2350 1727 2463 1781 οὐκ
2493 1723 2694 1780 εὐθεῖα
2726 1725 2852 1794 μετ’
2881 1721 3090 1787 αὐτοῦ,
3121 1721 3265 1777 οὐδὲ
3293 1720 3721 1790 ἐπιστώθησαν

449 1824 623 1870 mento
650 1814 785 1885 ejus.
818 1814 956 1870 Cum
1003 1831 1059 1869 in
1093 1814 1180 1871 sui
1211 1814 1449 1885 gratiam
1493 1815 1758 1871 miracula
1808 1819 2034 1875 ederen-

2136 1821 2203 1876 ἐν
2245 1818 2321 1889 τῇ
2365 1815 2618 1886 διαθήκῃ
2674 1814 2880 1870 αὑτοῦ.
2913 1813 3034 1869 Τῶν
3084 1814 3183 1885 μὲν
3227 1813 3548 1886 παραδόξων
3582 1815 3720 1868 ἀπο·

450 1914 561 1973 tur,
589 1922 700 1962 non
749 1905 1046 1962 credebant
1079 1925 1094 1962 :
1124 1906 1397 1962 verberati
1451 1913 1634 1961 autem
1668 1914 1725 1962 et
1758 1908 2031 1967 interfecti

2136 1894 2393 1976 λαύοντες
2439 1911 2541 1965 οὐκ
2586 1907 2899 1962 ἐπίστευονο
2951 1904 3336 1979 μαστιζόμενοι
3365 1906 3422 1960 δὲ
3458 1906 3553 1960 καὶ
3581 1907 3720 1959 ἀπο-

448 1999 865 2055 revertebantur
892 1998 962 2054 ad
993 1998 1186 2055 Deum.
1205 1996 1406 2055 Verum
1436 1998 1490 2053 id
1519 2014 1630 2054 non
1661 2001 1872 2057 sincere
1892 2019 2033 2074 prte-

2136 2000 2493 2072 κτεινόμενοι,
2537 1996 2873 2069 ἐπέστρεφον
2921 1995 3058 2068 πρὸς
3107 1996 3197 2050 τὸν
3244 1995 3398 2051 Θεόν.
3428 1995 3569 2049 Ἀλλ’
3597 1996 3720 2050 οὑδέ

450 2091 692 2155 stabant,
731 2091 829 2146 sed
875 2091 1133 2147 simulate
1184 2097 1397 2145 tantum
1453 2098 1504 2147 et
1555 2091 1827 2149 labiorum
1869 2102 2034 2152 tenus

2136 2091 2294 2147 τοῦτο
2324 2088 2564 2163 γνησίως
2591 2088 2828 2152 ἐποίουν,
2860 2086 3222 2159 προσποιήσει
3250 2085 3317 2142 δὲ.
3335 2087 3430 2142 καὶ
3467 2084 3724 2159 είρωνείᾳ

445 2179 544 2238 Dei
598 2181 792 2237 laudes
839 2182 1213 2246 celebrabant,
1246 2198 1349 2238 nec
1380 2197 1518 2252 puro
1554 2199 1686 2239 sane
1717 2186 1932 2253 animo;
1963 2188 2034 2243 ita

2141 2184 2304 2260 μέχρι
2331 2182 2553 2254 χειλέων
2584 2181 2853 2251 εὐφημεῖν
2883 2179 3121 2244 ἐδόκουν,
3147 2178 3209 2232 ob
3246 2179 3353 2250 μὴν
3378 2176 3606 2251 καθαρῷ
3630 2176 3722 2230 λο-

446 2282 510 2328 ut
553 2273 663 2330 illis
714 2273 820 2328 hoc
873 2273 1076 2328 dictum
1109 2274 1442 2330 conveniat:
1479 2274 1715 2346 Populus
1750 2277 1835 2332 hic
1875 2278 2039 2335 labiis

449 2381 533 2420 me
558 2364 806 2429 honorat,
842 2382 934 2419 cor
966 2374 1143 2419 autem
1189 2382 1370 2420 eorum
1408 2366 1559 2438 longe
1588 2379 1665 2422 est
1700 2386 1734 2422 a
1763 2386 1864 2427 me.
1892 2369 2040 2425 Fru-

451 2471 570 2513 stra
604 2467 781 2512 autem
816 2458 995 2513 colunt
1021 2476 1102 2514 me
1117 2459 1183 2512 ³².
1236 2459 1304 2513 Et
1346 2460 1449 2531 ipsi
1484 2461 1707 2532 quidem
1732 2462 1801 2517 ad
1830 2471 2037 2519 tantam

451 2548 857 2621 improbitatem
891 2550 1263 2620 devenerunt;
1290 2551 1383 2607 ille
1409 2567 1541 2608 vero
1575 2552 1705 2608 boni
1753 2555 1927 2625 patris
1959 2555 2040 2610 in-

447 2650 586 2706 star.
642 2643 846 2713 majore
895 2658 1023 2714 erga
1084 2643 1206 2698 illos
1261 2643 1641 2699 misericordia
1704 2653 2036 2706 commotus.

453 2734 727 2804 pr0pitius
776 2743 893 2788 erat
938 2735 1177 2802 peccatis
1207 2749 1420 2796 eorum,
1455 2750 1633 2806 neque
1656 2736 1910 2791 tradebat
1940 2751 2037 2792 eos

448 2825 505 2879 in
538 2831 836 2879 extremam
867 2824 1197 2894 perniciem;
1225 2825 1335 2879 imo
1362 2841 1491 2881 vero
1522 2825 1824 2881 daemonem
1854 2835 2037 2883 exter-

455 2915 803 2979 minatorcm,
833 2925 886 2971 et
928 2916 1021 2969 irae
1066 2931 1177 2971 suae
1217 2916 1527 2972 ministrum
1568 2918 1907 2989 ultoremque
1937 2935 2035 2973 aa-

448 3004 651 3074 gelum,
678 3005 772 3075 qui
805 3007 959 3059 l'uror
976 3006 1097 3076 ejus
1128 3007 1449 3072 vocabatur,
1475 3010 1692 3079 placato
1722 3008 1885 3067 Patre
1908 3028 2031 3072 suo.

445 3096 517 3150 ab
543 3095 736 3151 iisdem
761 3097 1058 3153 avertebat.
1085 3097 1264 3162 Quare
1289 3097 1495 3153 dictum
1531 3107 1615 3155 est
1649 3099 1910 3157 :—Vens.
1939 3102 2008 3157 '58

449 3184 570 3254 Ipse
617 3196 792 3241 autem
839 3196 916 3242 est
966 3189 1285 3253 misericors,
1316 3198 1367 3244 et
1390 3191 1651 3259 propitius
1684 3192 1773 3261 ﬁet
1803 3193 2033 3262 peccatis

449 3297 656 3347 eorum,
702 3291 752 3336 et
807 3299 905 3336 non
944 3282 1224 3351 disperdet.
1272 3281 1339 3336 Et
1386 3281 1672 3338 abundabit
1721 3292 1778 3337 ut
1830 3294 2034 3340 avertat

446 3375 586 3429 iram
617 3391 793 3440 suam,
824 3384 874 3428 et
904 3392 1007 3429 non
1033 3374 1276 3430 accendet
1313 3392 1517 3430 omnem
1541 3377 1679 3430 iram
1704 3394 1873 3433 suam.
1892 3376 2028 3433 Nam

444 3482 571 3523 cum
622 3482 717 3522 eos
772 3468 1041 3538 patienter
1091 3464 1280 3531 ferret,
1319 3468 1558 3523 nondum
1615 3469 1666 3523 in
1718 3469 1877 3524 linem
1907 3470 2031 3528 illos

450 3556 795 3626 repudiabat.
824 3553 1139 3612 Secundum
1166 3555 1554 3627 Symmachum
1580 3563 1759 3610 autem
1786 3556 1987 3611 dicitur
2016 3575 2029 3612 :

451 3645 574 3715 Ipse
606 3649 931 3711 misericors,
951 3648 1212 3718 propitius
1233 3656 1466 3716 peccato,
1490 3657 1539 3700 et
1575 3664 1679 3701 non
1705 3646 2030 3716 disperdens.

450 3737 520 3792 Et
553 3740 779 3793 multum
809 3740 998 3794 avertit
1053 3740 1192 3793 iram
1227 3755 1402 3803 suam,
1439 3746 1490 3793 et
1523 3756 1627 3793 non
1666 3740 1912 3794 excitavit
1956 3749 2035 3793 to-

449 3840 561 3883 tum
591 3830 824 3899 furorem
859 3848 1036 3889 suum.
1059 3829 1143 3886 Ad
1178 3831 1294 3885 haec
1327 3831 1487 3885 aliam
1522 3831 1578 3886 in
1606 3847 1702 3887 eos
1730 3833 2036 3890 accusatio-

374 3917 379 3922 ’
447 3937 573 3978 nem
632 3921 870 3979 instituit
919 3922 1110 3980 dicens
1151 3943 1266 3980 :—
1305 3922 1471 3981 Vens.
1506 3926 1592 3982 '59.
1632 3923 1700 3979 Et
1728 3926 2034 3981 recordatus

445 4022 526 4068 est
563 4006 691 4087 quia
731 4031 855 4069 caro
891 4025 1038 4083 sunt,
1074 4016 1295 4085 spiritus
1356 4016 1550 4071 vadens
1589 4026 1639 4071 et
1672 4034 1774 4071 non
1804 4018 2032 4073 rediens.

452 4106 594 4176 Quia
614 4109 759 4163 enim
794 4108 884 4178 qui
908 4106 1143 4163 adhaeret
1170 4107 1416 4174 Domino,
1438 4126 1573 4164 unus
1597 4110 1815 4180 spiritus
1841 4120 1939 4175 est,
1960 4119 2035 4175 et,

449 4201 540 4271 qui
581 4198 814 4257 adliceret
844 4202 1019 4266 carni,
1042 4186 1213 4256 unum
1238 4217 1426 4273 corpus
1446 4203 1607 4270 est”;
1635 4202 1761 4277 jure
1786 4202 2038 4259 carnales

446 4302 501 4350 et
527 4310 825 4366 corporeos
854 4294 979 4351 illos
1010 4309 1134 4352 esse
1178 4294 1252 4351 ob
1295 4296 1547 4365 corporis
1591 4303 1647 4351 et
1688 4296 2035 4367 voluptatum

455 4401 723 4448 amorem,
754 4395 808 4442 et
833 4401 1057 4441 carnem
1087 4401 1212 4443 esse
1244 4386 1423 4444 factos
1454 4386 1551 4443 ait.
1583 4385 1709 4442 Ideo
1736 4386 1871 4442 dicit
1901 4385 2038 4442 :Re-

445 4476 696 4533 cordatus
745 4486 826 4533 est
870 4478 997 4549 quia
1041 4495 1170 4535 caro
1200 4487 1342 4535 sunt.
1378 4477 1665 4547 Quomodo
1694 4485 1874 4534 autem
1906 4493 2039 4534 caro

447 4569 558 4626 sint
590 4569 693 4625 sub
719 4568 836 4625 hare
868 4570 1108 4641 explicat
1137 4570 1226 4628 bis
1252 4571 1436 4628 verbis
1466 4591 1479 4626 :
1509 4569 1958 4642 Spiritus,uadens
1988 4579 2039 4626 et

454 4676 560 4715 non
598 4659 827 4718 rediens.
859 4658 997 4716 Nam
1050 4662 1280 4734 spiritus
1309 4664 1493 4720 carnis
1523 4672 1800 4728 terrenus,
1830 4672 2040 4718 morta-

2136 2274 2318 2347 γισμῷ
2348 2273 2493 2327 τοῦτ’
2523 2272 2792 2342 ἔπραττον
2810 2287 2823 2299 ·
2854 2269 2931 2334 ὡς
2969 2270 3065 2323 καὶ
3102 2270 3188 2323 ἐπ’
3219 2267 3398 2331 αὐτῶν
3428 2268 3722 2341 ἁρμόττειν

2135 2368 2197 2422 τὸ
2243 2366 2420 2437 φῆσαν
2461 2364 2675 2434 λόγιον·
2716 2363 2770 2415 '0
2801 2361 2949 2427 λαὸς
2981 2357 3159 2428 οὗτος
3200 2359 3325 2427 τοῖς
3367 2360 3603 2429 χείλεσι
3641 2376 3722 2429 με

2136 2456 2276 2529 τιμᾷ
2294 2475 2308 2488 ·
2336 2457 2376 2525 ἠ
2401 2455 2469 2510 δὲ
2498 2455 2715 2524 καρδία
2746 2452 2944 2508 αὐτῶν
2964 2454 3163 2523 πόρρω
3190 2451 3402 2522 ἀπέχει
3424 2450 3526 2507 ἀπ’
3549 2450 3720 2522 ἐμοῦ.

2138 2548 2348 2618 Μάτην
2383 2547 2453 2601 δὲ
2487 2546 2770 2602 σέϐονταί
2793 2563 2888 2616 με.
2916 2544 3028 2598 Καὶ
3056 2545 3207 2598 αὐτοὶ
3235 2545 3332 2617 μὲν
3360 2545 3441 2608 είς
3467 2543 3720 2599 τοσοῦτον

2134 2640 2363 2712 ἤλαυνον
2413 2638 2745 2712 μοχθηρίας·
2794 2640 2822 2691 ὁ
2854 2637 2935 2703 δὲ,
2971 2635 3176 2709 πατρὸς
3215 2634 3420 2705 ἀγαθοῦ
3453 2635 3609 2705 δίκην
3641 2630 3722 2689 οἶ-

2134 2750 2263 2787 κτον
2291 2730 2466 2786 αὐτῶν
2503 2729 2727 2785 πλείονα
2754 2729 3069 2801 λαμϐάνων,
3102 2727 3351 2782 ἱλάσκετο
3378 2729 3499 2790 ταῖς
3537 2728 3723 2799 ἅμαρ-

2133 2824 2274 2890 τίαις
2321 2822 2520 2889 αὐτῶν,
2555 2824 2649 2878 καὶ
2693 2823 2754 2877 ob
2804 2822 3086 2895 παρεδίδου
3146 2822 3342 2884 αὐτοὺς
3380 2822 3459 2884 είς
3487 2819 3724 2891 ἐσχάτην

2132 2917 2429 2990 διαφθοράν
2448 2933 2461 2947 ο
2494 2915 2631 2971 ἀλλὰ
2657 2917 2753 2970 καὶ
2784 2914 2876 2969 τὸν
2912 2912 3234 2985 φθοροποιὸν
3254 2913 3486 2984 δαίμονα
3515 2913 3610 2966 καὶ
3638 2913 3723 2966 τὸν

2129 3012 2232 3082 τῆς
2271 3011 2443 3083 ὀργῆς
2475 3009 2759 3081 ὑπηρέτην.
2795 3006 3023 3077 ἄγγελον
3054 3006 3317 3079 τιμωρὸν,
3351 3004 3521 3077 θυμὸν
3556 3005 3723 3060 αὑτοῦ

2131 3100 2553 3172 ὀνομαζόμενον,
2579 3099 2923 3171 ἀπέστρεφεν
2950 3098 3008 3165 ἐξ
3030 3098 3229 3163 αὐτῶν,
3265 3098 3354 3153 τὸν
3384 3097 3580 3153 ἑαυτοῦ
3607 3100 3725 3152 Πα-

2134 3193 2265 3265 τέρα
2312 3191 2451 3263 ὑπὲρ
2492 3192 2670 3247 αὐτῶν
2703 3190 3074 3260 ἱλασκόμενος.
3116 3190 3208 3243 Διὸ
3248 3192 3493 3264 εἴρηται·
3528 3189 3723 3257 Αὐτὸς

2131 3285 2199 3339 δέ
2230 3286 2402 3339 ἐστιν
2440 3285 2754 3353 οἰκτίρμων
2807 3282 2905 3336 καὶ
2946 3281 3215 3337 ίλιίσεται
3250 3283 3378 3349 ταῖς
3410 3282 3722 3352 ἁμαρτίαις

2132 3376 2349 3442 αὐτῶν,
2377 3378 2477 3432 καὶ
2505 3378 2579 3431 οὐ
2613 3373 2929 3444 διαφθερεῖ.
2962 3375 3069 3430 Καὶ
3100 3374 3402 3444 πληθυνεῖ
3433 3375 3539 3429 τοῦ
3564 3375 3718 3429 ἀπο-

2134 3467 2391 3539 στρέψαι
2419 3469 2525 3522 τόν
2548 3466 2739 3536 θυμὸν
2759 3466 2969 3533 αὑτοῦ,
2999 3466 3099 3521 καὶ
3126 3466 3263 3536 οὐχί
3291 3466 3570 3521 ἐκκαύσει
3596 3463 3713 3520 πᾶ-

2134 3577 2257 3616 σαν
2289 3559 2404 3630 τὴν
2437 3559 2624 3629 ὀργὴν
2650 3558 2986 3613 αὺτοῦ.Ἔτι
3032 3557 3145 3630 γὰρ
3185 3558 3308 3612 τότε
3355 3555 3714 3630 μακροθύμως

2134 3653 2332 3717 αὐτοὺς
2361 3652 2554 3721 ἔφερεν
2586 3651 2739 3703 οὔπω
2762 3651 2841 3713 εἰς
2864 3648 3017 3714 τέλος
3064 3648 3261 3714 αὐτοὺς
3309 3647 3718 3720 ἀπωθούμενος.

2135 3744 2292 3798 Κατὰ
2336 3744 2392 3798 δὲ
2442 3743 2534 3798 τὸν
2576 3741 2898 3813 Σύμμαχον·
2934 3741 3147 3808 Αὐτὸς,
3191 3742 3377 3813 φησιν,
3423 3739 3717 3810 ἐλεήμων,

2134 3835 2479 3901 ἑξιλάσκων
2510 3835 2819 3906 ἁμαρτίας,
2846 3834 2942 3889 καὶ
2967 3832 3053 3904 μὴ
3087 3833 3463 3904 διαφθείρων.
3486 3832 3599 3887 Καὶ
3617 3824 3721 3885 ἐπὶ

2136 3929 2296 3984 πολὺ
2325 3928 2710 3999 ἀπέστρεψεν
2737 3926 2852 3996 τὴν
2880 3927 3069 3997 ὀργὴν
3095 3926 3302 3992 αὑτοῦ,
3336 3928 3437 3982 καὶ
3488 3928 3562 3981 οὐ
3593 3924 3724 3995 διή-

2136 4037 2331 4091 γειρεν
2376 4020 2524 4075 ὅλον
2569 4020 2679 4075 τὸν
2709 4018 2901 4090 θυμὸν
2925 4019 3131 4076 αὑτοῦ.
3149 4020 3275 4073 Ἐπὶ
3305 4018 3516 4083 τούτοις
3541 4017 3724 4073 sum

2137 4114 2317 4170 αὐτῶν
2365 4116 2663 4188 κατηγορεῖ
2702 4113 2877 4183 λέγων
2896 4130 2911 4146 ·
2947 4112 3059 4167 Καὶ
3103 4112 3398 4184 ἐμνήσθη,
3424 4112 3516 4167 ὅτι
3564 4110 3725 4181 σάρξ

2136 4205 2276 4267 εἱσι,
2324 4203 2566 4274 πνεῦμα
2614 4203 3020 4274 πορευόμενον
3063 4202 3162 4257 καὶ
3193 4205 3306 4258 οὐκ
3332 4200 3721 4272 ἐπιστρέφον.

2148 4294 2365 4366 Ἐπειδὴ
2407 4296 2516 4366 γὰρ
2559 4297 2593 4349 ὁ
2636 4292 3014 4364 κολλώμενος
3051 4292 3130 4360 τῷ
3161 4295 3359 4363 Κυρίῳ
3388 4292 3458 4349 ἓν
3483 4291 3725 4365 πνεῦμὰ

2137 4386 2289 4453 ἐστι,
2332 4386 2431 4440 καὶ
2472 4389 2506 4440 ὁ
2536 4384 2918 4457 κολλώμενος
2943 4383 3018 4455 τῇ
3046 4386 3227 4455 σαρκὶ
3256 4384 3324 4440 ἓν
3362 4386 3541 4456 σῶμα
3566 4386 3726 4456 τίνε-

2138 4495 2253 4545 ται,
2278 4479 2503 4543 εἰκότως
2536 4478 2795 4550 κρεώδεις
2827 4478 2979 4543 τινὰς
3004 4479 3096 4533 καὶ
3122 4478 3421 4552 σαρκώδεις
3443 4479 3607 4550 φησὶν
3626 4479 3726 4536 ab-

2137 4573 2265 4636 τοὺς
2293 4570 2573 4641 γεγονέναι
2618 4571 2708 4627 διὰ
2748 4571 2810 4625 τὸ
2856 4570 3133 4643 φιλήδονον
3179 4573 3274 4626 καὶ
3322 4569 3722 4645 φιλοσώματον,

2140 4663 2234 4719 καὶ
2252 4662 2425 4728 οὕτως
2450 4664 2648 4728 αὐτοὺς
2671 4663 2923 4733 γενέσθαι
2947 4664 3172 4736 σάρκας.
3192 4664 3280 4717 Διό
3299 4681 3489 4735 φησιν·
3523 4664 3727 4734 Ἐμνή-

446 4750 538 4814 lis,
566 4758 620 4807 et
650 4752 825 4809 ruinae
851 4754 1149 4811 obnoxius.
1184 4753 1347 4811 Tales
1378 4762 1538 4812 erant
1569 4755 1646 4810 illi
1676 4764 1923 4826 tempore
1951 4755 2034 4810 di-

2140 4755 2259 4820 σθη
2308 4753 2397 4806 ὅτι
2442 4751 2601 4821 σάρξ
2646 4754 2786 4807 εἱσι.
2819 4752 2943 4817 Πῶς
2968 4753 3025 4807 δὲ
3056 4753 3255 4825 σάρκες
3282 4749 3423 4825 ἦσαν
3469 4754 3726 4824 διασαφεῖ

447 4843 583 4899 luvii
641 4845 709 4902 de
749 4847 952 4916 quibus
999 4845 1202 4904 dicitur
1234 4866 1248 4902 :
1284 4847 1408 4903 Non
1439 4849 1766 4918 permanebit
1819 4850 2035 4919 spiritus

448 4952 594 4991 meus
622 4937 676 4992 in
702 4936 1023 5007 hominibus,
1048 4940 1175 5012 quia
1217 4956 1405 4995 carnes
1439 4950 1562 4994 sunt
1583 4938 1670 5005 ³δ;
1702 4940 1778 4995 ita
1807 4949 1865 4995 ut
1891 4940 2031 4995 alius

447 5028 524 5085 sit
552 5029 785 5100 spiritus
813 5028 1035 5087 divinus
1061 5030 1223 5086 initio
1254 5030 1573 5088 hominibus
1605 5030 1849 5094 inditus;
1889 5031 2031 5087 alius

446 5135 579 5175 vero
603 5120 833 5191 spiritus
862 5122 1067 5180 carnis.
1098 5121 1238 5177 Nam
1279 5123 1508 5193 spiritus
1538 5124 1722 5179 carnis
1752 5125 1877 5179 talis
1910 5124 2030 5180 lue,

451 5214 525 5267 rit
554 5215 733 5284 qualis
768 5214 858 5270 ille
889 5215 983 5286 qui
1013 5214 1069 5270 in
1097 5216 1275 5272 brutis
1305 5224 1409 5281 est,
1441 5216 1670 5287 spiritus
1696 5216 1906 5273 scilicet
1934 5233 2031 5272 va-

449 5303 587 5360 dens
635 5315 689 5361 et
734 5321 846 5361 non
895 5306 1133 5363 rediens.
1167 5307 1352 5378 Ipsum
1389 5323 1519 5363 vero
1549 5308 1772 5379 proprio
1813 5307 2035 5362 nomine

452 5396 790 5463 prudentiam
817 5398 995 5453 carnis
1026 5405 1186 5454 vocat
1216 5399 1536 5470 Apostolus,
1570 5417 1694 5455 cum
1729 5400 1806 5455 ait
1842 5420 1854 5455 :
1892 5399 2036 5453 Nam

453 5486 734 5555 prudentia
776 5490 952 5543 carnis
985 5489 1268 5544 inimicitia
1297 5499 1375 5545 est
1426 5492 1481 5545 in
1528 5491 1693 5545 Deum
1723 5506 1740 5543 :
1770 5492 1869 5561 legi
1899 5491 2037 5544 enim

455 5575 553 5630 Dei
577 5594 681 5631 non
702 5577 1005 5649 subjicitur,
1035 5595 1193 5649 neque
1221 5580 1355 5635 enim
1377 5591 1566 5650 potest.
1605 5580 1895 5637 Prudentia
1922 5598 2038 5634 vero

453 5665 693 5734 spiritus,
727 5668 833 5721 vita
861 5678 910 5723 et
938 5683 1045 5737 pax
1061 5668 1128 5724 ³⁸.
1156 5666 1249 5724 Sic
1278 5686 1442 5740 porro
1471 5672 1562 5742 qui
1594 5677 1918 5727 incusantur
1941 5686 2037 5725 ca-

529 5786 570 5816 ³¹
605 5786 748 5841 Psal.
780 5804 930 5845 χχιι.
965 5790 1019 5853 9,
1056 5791 1140 5845 lli.

458 5856 502 5886 "
536 5854 693 5911 Boni.
726 5873 840 5922 γιιι,
871 5858 926 5921 6,
962 5859 1009 5909 7.

2140 4844 2313 4914 λέγων
2365 4844 2522 4915 ἑξῆς
2560 4844 2804 4913 Πνεῦμα
2845 4846 3252 4914 πορευόμενον
3297 4845 3394 4897 καὶ
3436 4846 3549 4898 οὐκ
3599 4843 3726 4901 ἐπι-

2140 4933 2424 5003 στρέφον.
2459 4933 2532 4988 Τὸ
2559 4934 2668 5006 γὰρ
2697 4933 2915 5006 πνεῦμα
2938 4933 3038 5004 τῆς
3068 4934 3267 5006 σαρκὸς
3302 4933 3565 4998 τοιοῦτον,
3594 4932 3727 5002 γεῶ-

2134 5025 2224 5091 δες
2257 5028 2351 5080 καὶ
2396 5024 2588 5098 θνητὸν
2636 5027 2731 5080 καὶ
2775 5026 3164 5098 ἀπολλύμενον.
3197 5025 3441 5080 Τοιοῦτοι
3487 5026 3547 5080 δέ
3578 5043 3726 5088 τινες

2132 5119 2451 5189 γεγόνεισαν
2500 5120 2595 5177 καὶ
2645 5120 2695 5173 oi
2747 5119 2840 5172 ἐπὶ
2890 5118 2987 5173 τοῦ
3041 5116 3455 5189 κατακλυσμοῦ,
3485 5118 3616 5189 περὶ
3647 5109 3725 5171 ὧν

2131 5212 2318 5285 εἴρητο
2340 5226 2356 5243 ’
2398 5213 2480 5267 υὺ
2506 5210 2595 5282 μὴ
2628 5199 2953 5282 καταμείνῃ
2993 5210 3060 5265 τὸ
3094 5210 3332 5281 πνεῦμά
3356 5228 3478 5281 μου
3504 5211 3574 5265 έν
3600 5209 3726 5277 τοῖς

2135 5305 2487 5374 ἀνθρώποις,
2515 5305 2614 5359 διὰ
2635 5304 2699 5359 τὸ
2721 5300 2874 5360 εἶναι
2896 5304 3118 5371 αὐτοὺς
3139 5304 3371 5374 σάρκας
3391 5320 3403 5334 ο
3434 5304 3509 5369 ὡς
3534 5303 3725 5377 ἐτέρου

2142 5398 2241 5469 μὲν
2282 5398 2433 5461 ὄντος
2480 5398 2575 5452 τοῦ
2607 5397 2751 5451 θείου
2788 5398 3099 5469 πνεύματος
3129 5399 3222 5452 τοῦ
3264 5398 3386 5452 κατ’
3417 5397 3591 5471 ἀρχὰς
3637 5397 3730 5449 ἁν-

2140 5487 2378 5561 θρώποις
2408 5488 2861 5561 ἐμπνευσθέντος,
2891 5488 3079 5562 ἐτέρου
3134 5490 3192 5545 δέ
3236 5489 3331 5544 τοῦ
3380 5489 3482 5560 τῆς
3526 5487 3728 5562 σαρκὸς

2142 5580 2467 5651 πνεύματος.
2495 5581 2567 5634 Τό
2594 5580 2660 5651 γέ
2690 5599 2772 5636 τοι
2797 5581 2896 5652 τῆς
2926 5581 3124 5653 σαρκὸς
3155 5586 3371 5653 πνεῦμα
3394 5581 3630 5635 τοιοῦτον
3660 5580 3729 5635 ἂν

2139 5672 2249 5743 εἴη,
2281 5667 2392 5727 οἷον
2446 5673 2539 5727 καὶ
2583 5672 2646 5726 τὸ
2697 5673 2754 5727 ἐν
2800 5675 2913 5739 τοίς
2955 5674 3168 5744 ἀλόγοις
3213 5673 3392 5742 ζώοις,
3422 5674 3558 5743 ὅπερ
3605 5672 3729 5725 ἐστὶ

1222 5780 1292 5821 ’³⁸
1327 5791 1514 5845 Matth.
1553 5808 1640 5856 xv,
1671 5792 1725 5857 8,
1758 5790 1813 5849 9.
1843 5810 1858 5858 ;
1918 5791 2021 5849 lsa.

2136 5810 2220 5881 In,
2283 5795 2361 5848 ιζ’).
2468 5794 2717 5850 “lCor.
2778 5810 2852 5859 τι,
2914 5794 3131 5856 16.17.
3244 5797 3290 5828 “
3326 5796 3462 5855 Geni.
3519 5811 3607 5858 νι,
3668 5792 3727 5862 3.
