4066 6388
368 416 474 475 925
1453 412 1957 472 COMMENTARIA
1990 412 2055 468 IN
2093 412 2435 472 PSALMOS.
3513 416 3619 473 926

367 534 583 606 πνεῦμα
613 536 970 608 πορευόμενον
1012 534 1105 589 καὶ
1150 533 1248 587 οὐκ
1293 533 1935 606 ὲπιστρέφον.’ονομὰζει

2055 551 2103 590 ’0
2137 535 2268 590 facti
2301 533 2620 604 sunt,quod
2651 548 2854 604 corpus
2887 532 3212 605 diligerent;
3237 540 3296 586 ut
3319 532 3623 602 iustissime

365 626 424 680 δὲ
447 626 577 680 αὐτὸ
604 626 787 698 οἰκείῳ
812 626 1035 697 ὀνόματι
1066 629 1094 680 δ
1129 626 1468 693 Ἀπόστολος,
1495 628 1769 696 φρόνημα
1793 641 1939 696 σαρ-

2055 626 2109 681 le
2140 626 2249 682 illis
2276 625 2492 680 dicatur
2518 644 2532 680 :
2562 623 2733 679 Homo
2762 640 2880 677 cum
2909 625 2963 678 in
2992 624 3185 677 honore
3210 632 3365 685 esset,
3401 640 3503 677 non
3533 624 3620 676 in-

368 719 574 785 κώς,ὲν
614 712 695 781 οἷς
738 734 898 788 φησι’
960 721 1029 772 Τὸ
1082 718 1193 788 γὰρ
1242 719 1516 788 φρόνημα
1568 717 1677 786 τῆς
1716 722 1940 787 σαρκὸς

2055 719 2263 782 ῐείίεπὶι,
2290 726 2628 787 comparatus
2654 725 2732 769 est
2753 715 3009 785 jumentis
3037 712 3427 780 insipientibus,
3460 722 3510 767 et
3542 713 3621 766 si—

368 811 553 879 ἐχθρα
572 811 660 875 είς
688 811 835 863 Θεόν
853 828 866 841 ·
898 809 978 873 τῷ
1013 811 1123 879 γὰρ
1152 811 1312 880 νόμῳ
1335 810 1442 865 τοῦ
1477 810 1624 865 Θεοῦ
1649 812 1765 881 οὐχ
1792 813 1941 867 ὐπο-

2055 812 2188 866 milis
2220 810 2393 879 factus
2420 818 2498 863 est
2528 809 2638 863 illis
2653 809 2714 862 ³⁸.
3402 844 3407 849 ο

367 902 672 969 τάσσεται,
701 903 843 958 οὐδὲ
877 903 986 972 τὰρ
1018 903 1265 958 δύναται
1286 920 1298 933 ⁸
1335 903 1400 957 τὸ
1438 904 1508 957 δὲ
1534 905 1809 974 φρόνημα
1839 905 1946 961 τοῦ
1983 906 2320 975 πνεύματος
2354 903 2464 972 ζωὴ
2504 904 2600 956 καὶ
2633 902 2863 971 εἰρήνη.
2893 899 3048 954 Οὕτω
3073 899 3130 953 δὲ
3160 898 3361 971 σάρκες
3397 900 3446 952 οἱ
3501 916 3624 952 κατ·

368 995 721 1068 ηγορούμενοι
765 997 1076 1065 γεγόνεισαν
1122 999 1186 1051 ἐκ
1231 996 1325 1050 τοῦ
1373 997 1770 1068 φιλοσωματεῖν
1789 1015 1804 1029 ·
1832 998 1909 1063 ὡς
1944 1000 2038 1052 καὶ
2098 998 2225 1068 περ)⁵
2278 995 2456 1051 αὐτῶν
2523 994 2834 1048 δικαιότατα
2861 991 2926 1046 ἂν
2954 990 3206 1063 εἰρῆσθαι
3237 991 3331 1044 τόο
3370 992 3620 1059 Ἄνθρω-

368 1099 480 1152 πος
514 1087 587 1141 ἐν
614 1086 753 1156 τιμῇ
787 1085 874 1141 ὢν
899 1089 966 1141 οὐ
997 1087 1248 1157 συνῆκε,
1275 1088 1781 1158 παρασυνεϐλήθη
1812 1088 1940 1157 τοῖς
1975 1089 2223 1159 κτήνεσι
2250 1087 2372 1154 τοῖς
2399 1086 2696 1156 ἀνοήτοις,
2733 1084 2833 1139 καὶ
2862 1082 3125 1154 ὠμοιώοη
3150 1079 3373 1148 αὐτοῖς.

442 1198 706 1267 Ποσάκις
752 1202 1202 1271 παρεπίκραναν
1252 1203 1439 1257 αὑτὸν
1486 1202 1556 1257 ἐν
1600 1201 1677 1272 τῇ
1723 1202 1940 1272 ἐρήμῳ,

2116 1201 2283 1258 Vens.
2311 1200 2380 1256 40
2406 1230 2426 1241 -
2446 1200 2537 1255 48.
2582 1200 2798 1266 Quoties
2826 1195 3265 1252 exacerbaverunt
3302 1210 3420 1249 eum
3455 1195 3508 1249 in
3532 1195 3622 1247 de-

368 1288 750 1361 παρώργισαν
777 1292 964 1347 αὐτὸν
993 1292 1063 1347 ἐν
1088 1292 1165 1364 τῇ
1203 1294 1440 1363 ἀνύδρῳ
1467 1295 1488 1348 .'
1526 1295 1637 1349 Kal
1662 1293 1944 1364 ἐπέστρε-

2055 1307 2207 1361 ιενιο,
2238 1296 2292 1350 in
2319 1296 2455 1349 iram
2491 1293 2884 1348 concitaverunt
2912 1306 3029 1343 eum
3059 1290 3112 1343 in
3146 1299 3285 1343 terra
3321 1287 3624 1358 inaquosa!

365 1382 495 1448 ψαν
515 1380 612 1434 καὶ
642 1381 968 1451 ἐπείρασαν
996 1384 1103 1439 τὸν
1137 1384 1303 1452 Θεὸν,
1334 1386 1433 1441 καὶ
1461 1385 1571 1440 τὸν
1602 1386 1809 1456 Ἀτιον
1834 1385 1942 1441 τοῦ

2055 1390 2115 1444 Et
2162 1390 2399 1444 conversi
2449 1396 2571 1442 sunt
2617 1396 2668 1442 et
2713 1393 3042 1440 tentarerunt
3072 1382 3262 1447 Deum,
3291 1393 3339 1437 et
3367 1381 3622 1438 Sanctum

380 1470 620 1541 Ἰσραὴλ
648 1472 1028 1542 παρώξυναν.
1067 1477 1188 1530 Οὐκ
1229 1475 1629 1546 ἐμνήσθησαν
1675 1474 1784 1545 τῆς
1824 1493 1944 1547 κει·

2055 1480 2224 1536 (srael
2260 1477 2728 1535 exacerbaverant.
2771 1473 2895 1531 Non
2940 1483 3064 1530 sunt
3115 1475 3380 1528 recordati
3434 1489 3623 1526 manus

365 1563 471 1631 ρός
499 1563 706 1627 αὐτοῦ,
737 1563 962 1634 ἡμέρας
985 1561 1063 1637 ἧς
1086 1566 1462 1638 ἐλυτρώσατο
1495 1567 1717 1635 αὐτοὺς
1739 1568 1808 1622 ἐκ
1831 1585 1948 1637 χει-

2055 1574 2176 1643 :jus,
2210 1572 2315 1627 diei
2342 1588 2445 1642 qua
2475 1568 2692 1624 redemit
2717 1585 2804 1624 eos
2834 1566 2898 1622 de
2925 1582 3088 1621 manu
3116 1564 3444 1619 tribulantis.
3475 1563 3624 1619 Sicut

365 1654 471 1722 ρὸς
499 1658 829 1725 θλίϐοντος.
847 1658 944 1725 Ὠς
984 1660 1149 1714 ἔθετο
1186 1662 1256 1715 ἐν
1285 1662 1559 1731 Αἰγύπτῳ
1601 1660 1674 1715 τὰ
1720 1660 1944 1731 σημεῖα

2055 1665 2219 1722 oosuit
2242 1664 2297 1718 in
2325 1661 2559 1733 Egypto
2589 1662 2742 1732 signa
2770 1677 2892 1725 sua,
2915 1668 2965 1714 et
2988 1657 3236 1728 prodigia
3263 1674 3361 1710 sua
3396 1657 3451 1710 in
3481 1672 3627 1710 cam-

367 1749 576 1814 αὐτοῦ,
610 1750 711 1805 καὶ
761 1751 833 1807 τὰ
872 1751 1088 1821 τέρατα
1131 1753 1318 1807 αὐτοῦ
1360 1752 1422 1805 ὲν
1485 1752 1669 1817 πεδίῳ
1698 1750 1943 1819 Τάνεως.

2055 1775 2111 1824 po
2137 1756 2361 1812 Tantos.
2394 1754 2662 1810 Convertit
2700 1754 2756 1808 in
2790 1754 3103 1824 sanguinem
3147 1750 3373 1820 ﬂumina
3420 1764 3623 1812 eorum,

368 1842 785 1912 Μετέστρεψεν
814 1846 901 1910 εὶς
931 1839 1075 1914 αἷμα
1100 1844 1240 1911 τοὺς
1268 1845 1573 1915 ποταμοὺς
1598 1842 1814 1906 αὐτῶν,
1846 1842 1944 1898 καὶ

2055 1858 2095 1903 ιι
2118 1847 2309 1901 imbres
2337 1862 2518 1901 eorum
2548 1861 2611 1900 ne
2633 1844 2885 1899 biberent.
2917 1842 3068 1897 Misit
3095 1842 3149 1895 in
3173 1858 3259 1895 eos
3283 1840 3627 1910 canomyiam

369 1933 442 1988 τὰ
489 1935 830 2005 ὀμϐρήματα
877 1935 1074 1991 αὐτῶν
1110 1936 1270 2004 ὅπως
1308 1936 1390 2005 μὴ
1436 1938 1676 1991 πίωσιν.
1706 1934 1948 2002 Ἐξαπέοσ

2055 1950 2097 1995 ει
2130 1939 2352 1994 comedit
2383 1955 2495 2003 eos,
2522 1948 2570 1992 et
2599 1953 2792 1991 ranam
2821 1945 2871 1991 et
2893 1933 3211 2005 disperdidit
3240 1949 3348 1988 eos.
3382 1931 3450 1985 Et
3484 1931 3628 1985 dedit

369 2030 613 2080 στειλεν
638 2030 718 2095 εὶς
750 2028 973 2096 αὐτοὺς
1001 2030 1336 2099 κυνόμυιαν
1362 2029 1460 2082 καὶ
1484 2029 1818 2099 κατέφαγεν
1840 2028 1948 2081 αὑ-

2055 2032 2273 2104 wrugini
2316 2031 2548 2101 fructum
2578 2046 2783 2095 eorum,
2818 2036 2868 2083 et
2909 2027 3115 2082 labores
3158 2043 3339 2081 eorum
3390 2026 3624 2079 locusta‘.

371 2117 537 2184 τοὺς,
566 2119 664 2173 καὶ
706 2118 1020 2190 βάτραχον
1051 2120 1147 2175 καὶ
1181 2120 1511 2191 διέφθειρεν
1554 2122 1798 2187 αὐτούς.
1834 2119 1946 2177 Kal

2055 2123 2119 2178 Et
2163 2123 2356 2178 occidit
2395 2123 2451 2176 in
2480 2121 2739 2194 grandine
2783 2121 2986 2175 vineam
3016 2136 3221 2183 eorum,
3258 2129 3308 2173 et
3336 2135 3512 2173 moros
3540 2134 3631 2172 eo-

366 2210 553 2265 ἐδωκε
600 2208 677 2279 τῇ
723 2211 972 2281 ἐρυσίϐῃ
1015 2211 1122 2265 τὸν
1164 2213 1394 2280 καρπὸν
1422 2209 1640 2278 αὐτῶν,
1667 2209 1768 2265 καὶ
1806 2210 1949 2278 τοὺς

2055 2232 2168 2271 rum
2194 2216 2251 2270 in
2272 2218 2487 2287 pruina.
2523 2214 2593 2269 Et
2624 2213 2846 2267 tradidit
2885 2212 3134 2283 grnndini
3154 2212 3397 2282 jumenta
3425 2228 3627 2274 eorum,
3702 2280 3705 2285 η

369 2302 594 2370 πόνους
624 2300 822 2356 αὐτῶν
854 2301 929 2371 τῇ
965 2302 1184 2371 ἁκρίδι.
1217 2304 1328 2358 Καὶ
1353 2302 1706 2358 ἀπέκτεινεν
1744 2304 1815 2358 ἐν
1842 2321 1951 2374 χα-

368 2392 514 2463 λάζῃ
558 2394 673 2463 τὴν
711 2393 983 2464 ἄμπελον
1019 2393 1249 2462 αὐτῶν,
1284 2396 1382 2450 καὶ
1423 2396 1531 2462 τὰς
1577 2396 1952 2467 συκαμίνους

368 2478 567 2545 αὐτῷν
593 2486 663 2540 ἐν
690 2484 764 2555 τῇ
790 2485 1012 2557 πάχνη.
1056 2486 1165 2544 Καὶ
1196 2487 1538 2555 παρέδωκεν
1573 2490 1660 2554 είς
1685 2487 1952 2558 χάλαζαν

369 2583 444 2638 τὰ
469 2584 658 2653 κτήνη
679 2586 896 2652 αὐτῶν,
917 2587 1017 2641 καὶ
1042 2586 1157 2653 τὴν
1174 2586 1433 2656 ὕπαρξιν
1456 2585 1656 2641 αὐτῶν
1678 2584 1760 2652 τῷ
1783 2586 1947 2655 πυρί.

369 2674 526 2729 Μετὰ
557 2677 627 2730 τὰ
652 2677 1012 2748 πφλεχθέντα
1043 2679 1221 2732 πάντα
1240 2677 1544 2749 παρέμενον
1574 2678 1950 2749 παραπικραί-

370 2781 569 2830 νοντες,
604 2766 846 2819 τουτέστι
882 2768 1077 2839 πικρὸν
1102 2770 1314 2832 ἑαυτοῖς
1340 2769 1432 2822 τὸν
1477 2768 1610 2822 Θεὸν
1656 2767 1955 2822 καθιστῶν-

370 2873 482 2923 τες,
518 2857 753 2929 χρηστὸν
780 2858 909 2913 δντα
948 2862 1014 2931 τῇ
1047 2859 1204 2929 φύσει
1239 2860 1333 2913 καὶ
1377 2860 1578 2928 ἀγαθὸν
1608 2858 1701 2914 καὶ
1728 2859 1950 2928 γλυκὺν,

370 2949 482 3011 τοῖς
531 2947 589 3001 δὲ
629 2949 898 3021 τιμωρίας
937 2949 1107 3015 ἀξίοις
1152 2951 1346 3022 πικρὸν
1390 2949 1762 3023 νομιζόμενον.
1794 2944 1953 3006 Οὗτοι

370 3031 502 3101 γοῦν
535 3035 584 3088 oi
620 3035 675 3089 ἒν
699 3038 765 3107 τῇ
801 3038 993 3109 ἐρήμῳ
1024 3037 1381 3109 παρώργισαν
1410 3040 1590 3102 αὐτὸν,
1618 3041 1831 3104 ἑαυτοῖς
1855 3039 1954 3112 τὴν

369 3125 540 3197 ὀργὴν
571 3125 962 3206 ἐπισπώμενοι.
992 3131 1100 3184 Καὶ
1123 3132 1283 3186 πάλιν
1316 3131 1651 3201 ἐπέστρεφον
1684 3132 1780 3185 καὶ
1801 3131 1953 3186 ἐπεί-

373 3220 536 3290 ραζον
568 3218 659 3273 τὸν
690 3220 840 3286 Θεὸν,
881 3222 974 3276 καὶ
1008 3222 1099 3276 τὸν
1126 3224 1309 3294 ’Ἁγιον
1344 3224 1436 3280 τοῦ
1454 3224 1668 3297 Ἰσραὴλ
1699 3222 1954 3297 παρώξυ-

2047 2322 2095 2366 ει
2135 2309 2516 2381 possessionem
2565 2321 2745 2360 eorum
2793 2305 2921 2375 igni.
2955 2302 3084 2359 Post
3137 2303 3397 2374 prmdicta
3421 2303 3628 2364 omnia.

2049 2401 2462 2462 exacerbantes,
2501 2398 2696 2468 inquit,
2734 2403 3179 2468 permanserunt,
3214 2395 3266 2449 id
3318 2404 3423 2458 est,
3460 2392 3630 2448 Deum

2050 2497 2157 2552 sibi
2205 2494 2463 2549 acerbum
2509 2491 2929 2555 constituentes,
2963 2488 3058 2559 qui
3094 2495 3278 2541 tamen
3312 2492 3633 2541 mansuetus

2049 2597 2269 2652 natura,
2304 2588 2482 2643 bonus
2523 2593 2577 2640 et
2603 2583 2782 2639 dulcis
2812 2592 2934 2650 est;
2970 2582 3064 2637 sed
3093 2582 3162 2636 ab
3197 2582 3264 2636 iis
3297 2580 3390 2651 qui
3424 2579 3635 2649 suppli-

2050 2684 2134 2738 cio
2158 2679 2310 2751 digni
2343 2685 2474 2733 sunt
2503 2676 2736 2731 acerbus
2764 2675 3133 2730 existimatur.
3168 2671 3232 2726 lli
3266 2672 3431 2742 igitur
3456 2672 3549 2741 qui
3576 2671 3632 2723 in

2049 2771 2271 2827 deserto
2315 2768 2673 2822 irritaverunt
2717 2780 2865 2831 eum,
2912 2762 3019 2819 sibi
3069 2763 3205 2817 iram
3260 2770 3628 2815 attraxerunt.

2051 2862 2400 2932 Rursumque
2430 2861 2785 2915 vertebantur
2819 2865 2878 2913 ut
2904 2862 3180 2912 tentarent
3203 2853 3392 2917 Deum,
3420 2864 3473 2907 et
3496 2851 3636 2909 San-

2051 2962 2202 3009 ctum
2224 2953 2394 3008 lsrael
2420 2952 2832 3009 exacerbarent.
2858 2948 2987 3005 liaac
3011 2962 3178 3019 porro
3194 2946 3377 3002 omnia
3401 2944 3637 3015 agebant

2051 3046 2198 3118 quod
2229 3045 2509 3101 mirabiles
2529 3044 2650 3098 illas
2680 3042 2785 3098 sibi
2807 3041 2939 3096 olim
2967 3037 3243 3095 exhibitas
3270 3036 3500 3090 virtutes
3521 3050 3636 3090 me-

2053 3139 2225 3193 moria
2252 3152 2362 3192 non
2393 3142 2704 3207 repeterent
2731 3152 2747 3190 :
2782 3147 2893 3204 quo
2927 3141 3173 3203 tempore
3203 3127 3272 3185 de
3307 3142 3472 3183 manu
3496 3126 3639 3181 Pha«

2053 3231 2240 3286 raonis
2273 3245 2332 3285 se
2357 3228 2718 3300 opprimentis
2747 3225 2982 3282 redemit
3009 3239 3127 3289 eos,
3161 3231 3216 3278 et
3248 3221 3316 3276 ab
3348 3220 3638 3292 Egyptio-

371 3322 481 3363 νον.
501 3310 612 3363 Καὶ
630 3309 804 3366 ταῦτα
826 3312 1003 3368 πάντα
1028 3313 1348 3386 διέπραττον
1379 3317 1454 3389 μὴ
1484 3315 1954 3388 ἀναλαμϐάνοντες

2055 3336 2174 3374 rum
2208 3320 2491 3375 dominatu
2526 3319 2795 3384 liberavit,
2825 3317 3120 3386 variasque
3164 3311 3402 3368 inimicis
3447 3326 3639 3367 eorum

372 3403 439 3473 τῇ
485 3404 674 3474 μνήμῃ
704 3403 802 3468 τὰς
849 3404 1013 3460 πάλαι
1040 3384 1345 3479 δειχθείσας
1380 3384 1571 3473 ἀύτοῖς
1617 3384 1954 3482 παραδόξους

2055 3416 2254 3473 inﬂixit
2280 3417 2469 3488 plagas
2498 3419 2553 3469 in
2588 3429 2784 3485 campo
2817 3384 3077 3468 Taneos‘:
3116 3409 3208 3464 ubi
3250 3408 3427 3480 primo
3459 3407 3640 3461 conti-

372 3493 660 3565 δυνάμεις*
683 3496 804 3550 καθ’
831 3495 890 3552 ὃν
920 3499 1110 3570 καιρὸν
1131 3499 1496 3571 λυτρούμενος
1522 3500 1720 3565 αὐτοὺς
1750 3502 1816 3553 ὲκ
1837 3517 1953 3570 χει-

375 3587 468 3660 ρὸς
510 3587 784 3652 θλίϐοντος
826 3589 919 3643 τοῦ
969 3591 1189 3661 Φαραὼ,
1216 3591 1510 3664 ἠλευθέρου
1532 3593 1633 3663 τῆς
1661 3591 1769 3645 τῶν
1793 3592 1957 3662 Αιγυ-

374 3678 545 3732 πτίων
577 3678 916 3744 δυναστείας,
946 3680 1217 3753 διαφόρως
1244 3684 1370 3747 τοὺς
1410 3683 1642 3755 ἐχθροὺς
1667 3682 1847 3737 αὐτῶν
1873 3684 1957 3736 al—

373 3768 656 3842 κιξόμενος
679 3775 736 3826 ὲν
759 3773 838 3843 τῲ
859 3773 1077 3839 Τάνεως
1103 3775 1269 3846 πεδίῳ
1289 3794 1301 3806 ·
1328 3777 1386 3829 ὲν
1405 3768 1450 3843 ᾧ
1476 3774 1693 3847 πρῶτον
1713 3774 1958 3844 ἐγίγνετο

371 3862 406 3933 ὴ
453 3862 547 3916 τοῦ
587 3864 832 3935 ποταμοῦ
864 3866 944 3931 εἰς
980 3860 1118 3937 αἷμα
1149 3865 1436 3937 μεταϐολὴ,
1475 3866 1794 3936 Αἰγυπτίοις
1821 3862 1958 3921 οὖσα

373 3954 618 4028 τοιαύτη,
646 3956 705 4008 ού
737 3955 842 4027 μὴν
881 3957 1112 4022 καὶτοῖς
1144 3956 1718 4028 βοηθουμένοις.’06εν
1752 3957 1847 4011 καὶ
1886 3955 1958 4010 τὰ

372 4045 706 4120 ὀμϐρήματα
744 4047 1003 4120 αύτῶν,ἦ
1051 4048 1194 4104 κατὰ
1238 4049 1329 4104 τὸν
1365 4047 1616 4113 Ἀκύλαν,
1648 4051 1709 4102 αἱ
1737 4046 1958 4117 κατάρο

373 4139 527 4205 ῥοιαι
553 4137 769 4204 αὐτῶν,
799 4138 832 4209 ἢ
860 4140 999 4194 κατὰ
1027 4139 1119 4195 τὸν
1144 4140 1460 4212 Σύμμαχον,
1497 4140 1571 4196 τὰ
1601 4140 1808 4210 ,ῥεῖθρα
1853 4141 1958 4196 αὐ-

375 4226 531 4292 τῶν,
579 4229 936 4300 μετεϐάλλετο
984 4233 1067 4296 εἰς
1119 4227 1277 4303 αἷμα.
1338 4233 1497 4286 Πᾶσα
1544 4231 1654 4303 γὰρ
1701 4230 1957 4295 σύστασις

377 4319 587 4375 ὑδάτων
616 4322 685 4375 τὰ
721 4322 881 4393 ὃμοια
908 4322 985 4395 τῷ
1011 4323 1240 4396 ποταμῷ
1283 4324 1539 4396 ἔπασχεν.
1559 4321 1722 4377 Ἀλλὰ
1753 4322 1957 4378 τούτων

374 4413 629 4485 οὐδεμίαν
671 4415 950 4470 ἐποιοῦντο
983 4418 1201 4489 μνήμην
1243 4418 1292 4470 οἱ
1319 4415 1805 4488 κατηγορούμενοι,
1838 4414 1960 4469 οὐδὲ

374 4507 442 4576 τῇ
466 4504 554 4558 διὰ
578 4505 677 4577 τῆς
708 4506 1004 4578 κυνομυίας
1031 4509 1153 4561 κατ’
1178 4509 1493 4578 Αἰγυπτίων
1523 4508 1705 4582 πληγῇ
1744 4512 1957 4581 προσεῖ-

375 4613 470 4668 χον
493 4596 585 4650 τὺν
609 4597 755 4663 νοῦν,
777 4598 896 4651 οὐδὲ
920 4600 986 4670 τῇ
1007 4598 1095 4653 διὰ
1124 4599 1232 4656 τῶν
1255 4600 1541 4673 βατράχων
1568 4601 1813 4673 μάστιγι,
1834 4601 1956 4655 οὐδὲ

373 4691 444 4760 τῇ
461 4688 552 4743 διὰ
577 4689 679 4761 τῆς
705 4690 963 4764 ἐρυσίϐης
1000 4692 1097 4763 (1)·
1134 4692 1248 4746 ἀλλ’
1280 4694 1390 4747 οὐδ’
1420 4695 1569 4758 ὅπως
1600 4694 1669 4748 δι’
1691 4694 1888 4758 αὐτοὺς
1906 4694 1956 4748 οἱ

2056 3511 2134 3583 git
2183 3510 2424 3566 ﬂuminis
2474 3509 2529 3563 in
2585 3507 2908 3579 sanguinem
2960 3503 3213 3566 mutatio,
3245 3516 3367 3571 quae
3416 3499 3638 3570 quidem

2058 3601 2331 3675 Egyptiis
2377 3600 2506 3656 talis
2552 3609 2691 3665 erat,
2721 3614 2829 3653 non
2851 3604 3034 3652 autem
3064 3595 3133 3651 iis
3163 3593 3255 3664 qui
3279 3593 3636 3662 iuvabantur.

2057 3692 2238 3760 Quare
2272 3692 2477 3748 imbres
2509 3705 2731 3761 quoque
2758 3704 2970 3756 eorum,
3004 3686 3119 3744 sive
3144 3683 3446 3742 secundum
3470 3683 3643 3755 Aqui~

2056 3781 2187 3847 lam,
2221 3781 2401 3850 ﬂuxus
2421 3794 2635 3843 eorum;
2654 3778 2770 3833 sive
2793 3776 3095 3833 secundum
3123 3774 3535 3848 Symmachum,
3558 3774 3644 3828 al-

2057 3875 2136 3928 uei
2162 3888 2366 3936 eorum,
2396 3871 2451 3925 in
2481 3871 2803 3942 sanguinem
2839 3866 3419 3925 vertebantur.0mnis
3444 3867 3643 3938 quippe

2057 3979 2325 4036 aquarum
2374 3962 2650 4027 collectio,
2684 3961 2837 4032 paria
2877 3960 3089 4016 ﬂumini
3138 3974 3302 4031 passa
3348 3966 3455 4015 est.
3488 3956 3558 4015 At
3602 3959 3641 4014 ii

2056 4057 2151 4128 qui
2196 4062 2548 4120 accusantur,
2568 4054 2775 4109 nullam
2826 4067 3016 4113 eorum
3069 4051 3390 4108 memoriam
3438 4052 3643 4107 retine-

2056 4147 2211 4211 bant,
2241 4160 2419 4216 neque
2468 4145 2651 4200 animo
2704 4142 3024 4214 repetebant
3058 4141 3384 4213 cmnomyim
3426 4141 3640 4213 plagam

2058 4237 2331 4312 Egyptiis
2365 4236 2693 4301 immissam,
2731 4252 2838 4293 non
2870 4249 3130 4290 ranarum
3160 4248 3340 4304 neque
3382 4234 3641 4305 aeruginis

2057 4329 2366 4399 ﬂagellum;
2416 4327 2512 4385 sed
2573 4342 2752 4399 neque
2799 4341 2908 4398 qua
2959 4323 3175 4381 ratione
3217 4324 3437 4378 illorum
3467 4322 3641 4395 gratia

2059 4420 2299 4494 Egyptii
2347 4421 2595 4483 locustae,
2627 4415 3140 4490 grandini,pruin:e
3189 4422 3247 4470 et
3293 4414 3405 4486 igni
3459 4413 3641 4470 traditi

2057 4514 2492 4586 castigabantur.
2512 4509 2717 4565 Horum
2752 4509 3187 4581 experimentum
3208 4522 3334 4563 cum
3354 4521 3520 4578 opere
3547 4521 3642 4562 ce-

2059 4608 2290 4679 pissent,
2323 4607 2673 4661 immemores
2723 4615 2906 4659 tamen
2955 4600 3201 4656 omnium
3246 4606 3425 4654 erant.
3461 4598 3644 4665 Quare

2062 4697 2364 4754 secundum
2404 4692 2796 4767 Symmachum
2842 4690 3054 4747 dictum
3084 4701 3169 4746 est
3202 4708 3218 4746 :
3257 4687 3382 4743 Non
3410 4697 3532 4743 sunt
3560 4703 3646 4745 re-

374 4780 663 4851 Αἰγύπτιοι
701 4783 884 4856 ἀκρίδι
929 4784 1023 4838 καὶ
1073 4784 1305 4859 χαλάζῃ,
1335 4788 1431 4842 καὶ
1471 4787 1653 4860 πάχνῃ
1682 4789 1777 4842 καὶ
1821 4787 1955 4860 πυρὶ

2062 4787 2271 4842 cordati
2312 4803 2501 4841 manus
2546 4787 2682 4855 ejus,
2717 4785 2822 4839 diei
2844 4800 2948 4857 qua
2978 4783 3218 4839 liberauit
3259 4797 3347 4837 eos
3375 4780 3440 4836 de
3467 4780 3643 4835 tribu-

374 4875 773 4947 παραδοθέντες
802 4876 1136 4943 ἐκολάζοντο.
1171 4879 1389 4934 Τούτων
1420 4880 1465 4934 δ’
1494 4881 1677 4954 ἔργοις
1711 4879 1808 4952 τὴν
1838 4881 1957 4933 πεῖ-

377 4981 481 5039 ραν
528 4966 828 5039 εἰληφότες,
858 4971 1170 5043 ἀμνήμονες
1209 4971 1468 5026 ἁπάντων
1520 4972 1815 5043 ἐγίγνοντο.
1865 4972 1957 5027 Διὸ

375 5057 518 5113 κατὰ
545 5057 636 5112 τὸν
664 5060 959 5132 Σύμμαχον
1001 5061 1216 5134 εἴρηται
1232 5064 1408 5139 {013m
1440 5064 1957 5135 ἀνεμιμνήσκοντο

376 5149 494 5219 τὴν
540 5151 708 5221 χεῖρα
746 5152 949 5217 αὐτοῦ,
971 5153 1086 5223 τὴν
1110 5154 1340 5226 ἡμέραν
1362 5154 1433 5211 ἐν
1456 5151 1497 5228 ᾖ
1526 5156 1821 5225 ἐρρύσατο
1850 5156 1958 5210 αὐα-

375 5240 521 5308 τοὺς
552 5242 621 5295 ἐκ
654 5243 760 5297 τοῦ
789 5245 1131 5313 θλίϐοντοςθ
1173 5245 1278 5301 τοῦ
1321 5246 1689 5315 ποιήσαντος
1732 5248 1804 5302 τὰ
1842 5262 1956 5315 ση-

378 5331 512 5400 μεῖα
547 5332 732 5388 αὐτοῦ
765 5333 865 5388 καὶ
896 5335 969 5390 τὰ
997 5335 1210 5406 τέρατα
1240 5338 1428 5394 αὐτοῦ
1454 5338 1525 5393 ἐν
1546 5340 1843 5410 Αἰγύπτῳ,
1886 5340 1977 5395 ἐν

376 5423 561 5490 πεδίῳ
614 5424 865 5494 ΐάνεως-
898 5427 1005 5483 τοῦ
1044 5432 1484 5499 μεταϐαλόντος
1523 5434 1612 5499 εὶς
1648 5427 1792 5502 αἷμα
1818 5432 1959 5500 τοὺς

378 5517 683 5586 ποταμοὺς
731 5519 951 5588 αὐτῶν,
976 5522 1076 5577 καὶ
1124 5523 1198 5579 τὰ
1234 5523 1441 5592 ῥεῖθρα
1487 5521 1704 5590 αὐτῶν,
1734 5524 1835 5580 ἵνα
1867 5525 1955 5596 μὴ

381 5609 561 5665 πίωσι
585 5628 599 5641 ο
624 5610 733 5666 τοῦ
760 5610 1208 5685 ἐπιπέμψαντος
1244 5613 1449 5682 αὐτοῖς
1479 5616 1813 5686 κυνόμυιαν
1844 5630 1956 5683 φα-

452 5724 496 5756 ³⁸
520 5724 665 5781 Psal.
695 5742 886 5792 xum,
909 5728 999 5789 2|.

456 5838 530 5909 ('I)
564 5837 663 5894 Ms.
696 5838 972 5914 ὲρισύϐης..

2062 4883 2229 4946 tante,
2255 4881 2371 4951 ejus
2423 4880 2514 4951 qui
2567 4878 2690 4948 fecit
2741 4879 2895 4950 signa
2938 4892 3041 4931 sua
3080 4883 3131 4930 et
3178 4873 3421 4946 prodigia
3448 4891 3548 4930 sua
3588 4875 3645 4928 in

2062 4974 2317 5045 (Egypto,
2351 4973 2407 5026 in
2433 4987 2618 5040 campo
2639 4970 2841 5026 Toneos
2860 4985 2878 5032 ;
2900 4969 2991 5041 qui
3019 4967 3316 5022 irnmutaoit
3348 4967 3402 5020 in
3436 4958 3648 5036 sangui-

2061 5082 2178 5122 nem
2205 5065 2432 5135 ﬂumina
2462 5080 2666 5131 eorum,
2697 5073 2745 5117 et
2776 5063 2948 5117 alveos
2983 5077 3164 5116 eorum
3186 5069 3364 5114 utnon
3382 5058 3643 5121 biberent;

2061 5156 2154 5229 qui
2192 5157 2337 5211 misit
2365 5157 2493 5225 ipsis
2538 5154 2886 5225 canomyiam
2933 5151 3002 5205 ad
3034 5148 3408 5205 comedendum
3449 5163 3560 5209 eos,
3593 5159 3644 5199 et

2061 5262 2254 5301 ranam
2287 5246 2357 5300 ad
2390 5236 2795 5315 disperdendum
2823 5257 2948 5305 eos;
2992 5241 3082 5311 qui
3108 5238 3254 5293 dedit
3280 5237 3501 5307 (ει-ας]ὶηὶ
3525 5236 3645 5304 [τοι

2059 5348 2176 5392 ctus
2205 5353 2390 5392 eorum
2407 5345 2468 5392 et
2501 5336 2706 5390 labores
2734 5349 2916 5389 eorum
2947 5332 3196 5393 locusta;
3226 5329 3318 5400 qui
3370 5327 3556 5380 occidit
3589 5329 3645 5379 in

2057 5431 2316 5501 grandine
2355 5430 2559 5485 vineam
2605 5444 2807 5494 eorum,
2839 5437 2888 5480 et
2911 5441 3211 5496 sycomoros
3236 5437 3417 5477 eorum
3444 5421 3497 5472 in
3526 5435 3643 5473 rer-

2060 5537 2176 5587 me;
2205 5522 2296 5591 qui
2326 5520 2547 5576 tradidit
2569 5519 2704 5589 pesti
2721 5517 2967 5587 jumenta
2994 5530 3196 5579 eorum,
3219 5523 3269 5567 et
3292 5513 3643 5581 possessiones

2059 5631 2238 5672 eorum
2271 5613 2474 5671 avibus.
2508 5613 2612 5669 Pro
2636 5612 2728 5670 illo
2772 5619 2975 5676 autem,
3008 5608 3251 5680 aerugini,
3284 5604 3645 5681 Symmachus
