  <div class='ocr_page' id='page_1' title='image "/cluster/home/n/w/nwhite01/storage/ocr_20150623/23:no.5/coo.31924054873033/479.png"; bbox 0 0 4066 6396; ppageno 0'>
   <div class='ocr_carea' id='block_1_1' title="bbox 445 376 550 436">
    <p class='ocr_par' dir='ltr' id='par_1_1' title="bbox 445 376 550 436">
     <span class='ocr_line' id='line_1_1' title="bbox 445 376 550 436; baseline -0.019 0"><span class='ocrx_word' id='word_1_1' title='bbox 445 376 550 436; x_wconf 72' lang='grc'><strong>927</strong></span> 
     </span>
    </p>
   </div>
   <div class='ocr_carea' id='block_1_2' title="bbox 1096 373 2995 436">
    <p class='ocr_par' dir='ltr' id='par_1_2' title="bbox 1096 373 2995 436">
     <span class='ocr_line' id='line_1_2' title="bbox 1096 373 2995 436; baseline -0.001 -4"><span class='ocrx_word' id='word_1_2' title='bbox 1096 373 1367 434; x_wconf 82' lang='lat' dir='ltr'><strong>EUSEBII</strong></span> <span class='ocrx_word' id='word_1_3' title='bbox 1425 373 1912 433; x_wconf 68' lang='lat' dir='ltr'><strong>CASSARIENSIS</strong></span> <span class='ocrx_word' id='word_1_4' title='bbox 1948 375 2099 433; x_wconf 80' lang='lat' dir='ltr'><strong>OPP.</strong></span> <span class='ocrx_word' id='word_1_5' title='bbox 2148 375 2326 436; x_wconf 78' lang='lat' dir='ltr'><strong>PARS</strong></span> <span class='ocrx_word' id='word_1_6' title='bbox 2366 376 2453 434; x_wconf 85' lang='lat' dir='ltr'><strong>Ill.</strong></span> <span class='ocrx_word' id='word_1_7' title='bbox 2482 408 2546 419; x_wconf 90' lang='lat'><strong>—</strong></span> <span class='ocrx_word' id='word_1_8' title='bbox 2586 375 2995 433; x_wconf 75' lang='lat' dir='ltr'><strong>EXEGETICA.</strong></span> 
     </span>
    </p>
   </div>
   <div class='ocr_carea' id='block_1_3' title="bbox 3603 372 3712 430">
    <p class='ocr_par' dir='ltr' id='par_1_3' title="bbox 3603 372 3712 430">
     <span class='ocr_line' id='line_1_3' title="bbox 3603 372 3712 430; baseline -0.009 0"><span class='ocrx_word' id='word_1_9' title='bbox 3603 372 3712 430; x_wconf 77' lang='lat'><strong>9‘28</strong></span> 
     </span>
    </p>
   </div>
   <div class='ocr_carea' id='block_1_4' title="bbox 447 515 2037 591">
    <p class='ocr_par' dir='ltr' id='par_1_4' title="bbox 447 517 2035 589">
     <span class='ocr_line' id='line_1_4' title="bbox 447 517 2035 589; baseline -0.002 -14"><span class='ocrx_word' id='word_1_10' title='bbox 447 519 704 576; x_wconf 78' lang='lat' dir='ltr'><strong>similiter</strong></span> <span class='ocrx_word' id='word_1_11' title='bbox 730 527 974 588; x_wconf 76' lang='lat' dir='ltr'><strong>mgzetce,</strong></span> <span class='ocrx_word' id='word_1_12' title='bbox 1009 517 1126 574; x_wconf 83' lang='lat' dir='ltr'><strong>sive</strong></span> <span class='ocrx_word' id='word_1_13' title='bbox 1151 519 1377 589; x_wconf 76' lang='lat' dir='ltr'><strong>terugini</strong></span> <span class='ocrx_word' id='word_1_14' title='bbox 1401 534 1420 582; x_wconf 88' lang='lat'><strong><em>;</em></strong></span> <span class='ocrx_word' id='word_1_15' title='bbox 1450 517 1648 589; x_wconf 82' lang='lat' dir='ltr'><strong>Aquila</strong></span> <span class='ocrx_word' id='word_1_16' title='bbox 1677 527 1881 584; x_wconf 91' lang='lat' dir='ltr'><strong>autem,</strong></span> <span class='ocrx_word' id='word_1_17' title='bbox 1914 518 2035 573; x_wconf 87' lang='lat' dir='ltr'><strong>bru-</strong></span> 
     </span>
    </p>
   </div>
   <div class='ocr_carea' id='block_1_5' title="bbox 2137 515 3710 591">
    <p class='ocr_par' dir='ltr' id='par_1_5' title="bbox 2137 515 3710 591">
     <span class='ocr_line' id='line_1_5' title="bbox 2137 515 3710 591; baseline -0.003 -18"><span class='ocrx_word' id='word_1_18' title='bbox 2137 520 2262 591; x_wconf 74' lang='grc' dir='ltr'><em>γεῖν</em></span> <span class='ocrx_word' id='word_1_19' title='bbox 2296 521 2538 588; x_wconf 81' lang='grc' dir='ltr'><em>αὐτοὺς,</em></span> <span class='ocrx_word' id='word_1_20' title='bbox 2582 520 2682 576; x_wconf 73' lang='grc' dir='ltr'><em>καὶ</em></span> <span class='ocrx_word' id='word_1_21' title='bbox 2720 519 3030 588; x_wconf 78' lang='grc' dir='ltr'><strong>βάτραχον</strong></span> <span class='ocrx_word' id='word_1_22' title='bbox 3073 515 3398 586; x_wconf 73' lang='grc' dir='ltr'><em>διαφθεῖραι</em></span> <span class='ocrx_word' id='word_1_23' title='bbox 3446 515 3663 580; x_wconf 82' lang='grc' dir='ltr'><em>αὐτούς</em></span> <span class='ocrx_word' id='word_1_24' title='bbox 3692 530 3710 547; x_wconf 79' lang='grc' dir='ltr'><strong>ο</strong></span> 
     </span>
    </p>
   </div>
   <div class='ocr_carea' id='block_1_6' title="bbox 443 611 2024 682">
    <p class='ocr_par' dir='ltr' id='par_1_6' title="bbox 443 611 2024 682">
     <span class='ocr_line' id='line_1_6' title="bbox 443 611 2024 682; baseline -0.001 -15"><span class='ocrx_word' id='word_1_25' title='bbox 443 611 560 680; x_wconf 72' lang='lat' dir='ltr'><strong>cito,</strong></span> <span class='ocrx_word' id='word_1_26' title='bbox 595 611 939 681; x_wconf 88' lang='lat' dir='ltr'><strong>interpretati</strong></span> <span class='ocrx_word' id='word_1_27' title='bbox 971 618 1138 678; x_wconf 86' lang='lat' dir='ltr'><strong>sunt;</strong></span> <span class='ocrx_word' id='word_1_28' title='bbox 1166 628 1231 665; x_wconf 90' lang='lat' dir='ltr'><strong>ac</strong></span> <span class='ocrx_word' id='word_1_29' title='bbox 1259 627 1479 667; x_wconf 86' lang='lat' dir='ltr'><strong>rursum</strong></span> <span class='ocrx_word' id='word_1_30' title='bbox 1511 627 1609 682; x_wconf 91' lang='lat' dir='ltr'><strong>pro</strong></span> <span class='ocrx_word' id='word_1_31' title='bbox 1643 612 1758 675; x_wconf 92' lang='lat' dir='ltr'><strong>illo,</strong></span> <span class='ocrx_word' id='word_1_32' title='bbox 1793 612 2024 680; x_wconf 71' lang='lat' dir='ltr'><strong>pruinar,</strong></span> 
     </span>
    </p>
   </div>
   <div class='ocr_carea' id='block_1_7' title="bbox 447 702 2030 779">
    <p class='ocr_par' dir='ltr' id='par_1_7' title="bbox 447 702 2030 779">
     <span class='ocr_line' id='line_1_7' title="bbox 447 702 2030 779; baseline -0.001 -20"><span class='ocrx_word' id='word_1_33' title='bbox 447 705 830 779; x_wconf 85' lang='lat' dir='ltr'><strong>Symmachus,</strong></span> <span class='ocrx_word' id='word_1_34' title='bbox 869 705 1048 771; x_wconf 85' lang='lat' dir='ltr'><strong>vermi,</strong></span> <span class='ocrx_word' id='word_1_35' title='bbox 1085 705 1304 775; x_wconf 78' lang='lat' dir='ltr'><strong>Aquila,</strong></span> <span class='ocrx_word' id='word_1_36' title='bbox 1340 705 1394 758; x_wconf 88' lang='lat' dir='ltr'><strong>in</strong></span> <span class='ocrx_word' id='word_1_37' title='bbox 1437 705 1627 774; x_wconf 82' lang='lat' dir='ltr'><strong>glacie,</strong></span> <span class='ocrx_word' id='word_1_38' title='bbox 1661 703 1851 758; x_wconf 88' lang='lat' dir='ltr'><strong>edidit.</strong></span> <span class='ocrx_word' id='word_1_39' title='bbox 1905 702 2030 758; x_wconf 62' lang='lat' dir='ltr'><strong>Hac</strong></span> 
     </span>
    </p>
   </div>
   <div class='ocr_carea' id='block_1_8' title="bbox 446 795 2030 868">
    <p class='ocr_par' dir='ltr' id='par_1_8' title="bbox 446 795 2030 868">
     <span class='ocr_line' id='line_1_8' title="bbox 446 795 2030 868; baseline -0.001 -17"><span class='ocrx_word' id='word_1_40' title='bbox 446 811 611 868; x_wconf 91' lang='lat' dir='ltr'><strong>porro</strong></span> <span class='ocrx_word' id='word_1_41' title='bbox 657 811 688 850; x_wconf 91' lang='lat' dir='ltr'><strong>a</strong></span> <span class='ocrx_word' id='word_1_42' title='bbox 736 795 921 868; x_wconf 80' lang='lat' dir='ltr'><strong>Moyse</strong></span> <span class='ocrx_word' id='word_1_43' title='bbox 952 797 1321 866; x_wconf 66' lang='lat' dir='ltr'><strong>praatcrmissa</strong></span> <span class='ocrx_word' id='word_1_44' title='bbox 1352 797 1441 850; x_wconf 85' lang='lat' dir='ltr'><strong>hic</strong></span> <span class='ocrx_word' id='word_1_45' title='bbox 1471 805 1802 851; x_wconf 80' lang='lat' dir='ltr'><strong>enarrantur</strong></span> <span class='ocrx_word' id='word_1_46' title='bbox 1835 816 1846 851; x_wconf 92' lang='lat'>:</span> <span class='ocrx_word' id='word_1_47' title='bbox 1884 795 2030 850; x_wconf 81' lang='lat' dir='ltr'><strong>vide-</strong></span> 
     </span>
    </p>
   </div>
   <div class='ocr_carea' id='block_1_9' title="bbox 445 887 2030 959">
    <p class='ocr_par' dir='ltr' id='par_1_9' title="bbox 445 887 2030 959">
     <span class='ocr_line' id='line_1_9' title="bbox 445 887 2030 959; baseline -0.001 -15"><span class='ocrx_word' id='word_1_48' title='bbox 445 897 538 944; x_wconf 81' lang='lat' dir='ltr'><strong>tur</strong></span> <span class='ocrx_word' id='word_1_49' title='bbox 566 896 744 943; x_wconf 84' lang='lat' dir='ltr'><strong>autem</strong></span> <span class='ocrx_word' id='word_1_50' title='bbox 775 903 959 958; x_wconf 70' lang='lat' dir='ltr'><strong>aerugo</strong></span> <span class='ocrx_word' id='word_1_51' title='bbox 977 895 1031 942; x_wconf 87' lang='lat' dir='ltr'><strong>et</strong></span> <span class='ocrx_word' id='word_1_52' title='bbox 1053 898 1311 958; x_wconf 85' lang='lat' dir='ltr'><strong>myzetes.</strong></span> <span class='ocrx_word' id='word_1_53' title='bbox 1345 887 1486 943; x_wconf 89' lang='lat' dir='ltr'><strong>idem</strong></span> <span class='ocrx_word' id='word_1_54' title='bbox 1519 904 1642 943; x_wconf 84' lang='lat' dir='ltr'><strong>esse</strong></span> <span class='ocrx_word' id='word_1_55' title='bbox 1665 889 1758 956; x_wconf 90' lang='lat' dir='ltr'><strong>qui</strong></span> <span class='ocrx_word' id='word_1_56' title='bbox 1791 905 1820 942; x_wconf 92' lang='lat' dir='ltr'><strong>a</strong></span> <span class='ocrx_word' id='word_1_57' title='bbox 1847 888 2030 959; x_wconf 79' lang='lat' dir='ltr'><strong>Moyse</strong></span> 
     </span>
    </p>
   </div>
   <div class='ocr_carea' id='block_1_10' title="bbox 2132 606 3714 682">
    <p class='ocr_par' dir='ltr' id='par_1_10' title="bbox 2132 606 3714 682">
     <span class='ocr_line' id='line_1_10' title="bbox 2132 606 3714 682; baseline -0.004 -15"><span class='ocrx_word' id='word_1_58' title='bbox 2132 613 2240 667; x_wconf 88' lang='grc' dir='ltr'><strong>τοῦ</strong></span> <span class='ocrx_word' id='word_1_59' title='bbox 2266 613 2478 681; x_wconf 80' lang='grc' dir='ltr'><strong>δόντος</strong></span> <span class='ocrx_word' id='word_1_60' title='bbox 2511 613 2592 679; x_wconf 87' lang='grc' dir='ltr'><em>τῷ</em></span> <span class='ocrx_word' id='word_1_61' title='bbox 2628 610 2855 682; x_wconf 78' lang='grc' dir='ltr'><em>μυζήτῃ</em></span> <span class='ocrx_word' id='word_1_62' title='bbox 2892 611 2966 666; x_wconf 85' lang='grc' dir='ltr'><em>τὰ</em></span> <span class='ocrx_word' id='word_1_63' title='bbox 2995 610 3331 681; x_wconf 74' lang='grc' dir='ltr'><em>γεννήματα</em></span> <span class='ocrx_word' id='word_1_64' title='bbox 3356 607 3574 673; x_wconf 78' lang='grc' dir='ltr'><em>αὐτῶν,</em></span> <span class='ocrx_word' id='word_1_65' title='bbox 3610 606 3714 661; x_wconf 70' lang='grc' dir='ltr'><em>καὶ</em></span> 
     </span>
    </p>
   </div>
   <div class='ocr_carea' id='block_1_11' title="bbox 2133 701 3705 773">
    <p class='ocr_par' dir='ltr' id='par_1_11' title="bbox 2133 701 3705 773">
     <span class='ocr_line' id='line_1_11' title="bbox 2133 701 3705 773; baseline -0.003 -15"><span class='ocrx_word' id='word_1_66' title='bbox 2133 704 2272 771; x_wconf 77' lang='grc' dir='ltr'><em>τοὺς</em></span> <span class='ocrx_word' id='word_1_67' title='bbox 2301 705 2525 770; x_wconf 78' lang='grc' dir='ltr'><em>κόπους</em></span> <span class='ocrx_word' id='word_1_68' title='bbox 2551 703 2751 760; x_wconf 81' lang='grc' dir='ltr'><em>αὐτῶν</em></span> <span class='ocrx_word' id='word_1_69' title='bbox 2794 704 2868 773; x_wconf 79' lang='grc' dir='ltr'><em>τῇ</em></span> <span class='ocrx_word' id='word_1_70' title='bbox 2899 703 3094 772; x_wconf 82' lang='grc' dir='ltr'><em>ἀκρίδι</em></span> <span class='ocrx_word' id='word_1_71' title='bbox 3117 721 3132 735; x_wconf 87' lang='grc'><strong>·</strong></span> <span class='ocrx_word' id='word_1_72' title='bbox 3181 701 3287 756; x_wconf 90' lang='grc' dir='ltr'><strong>τοῦ</strong></span> <span class='ocrx_word' id='word_1_73' title='bbox 3315 701 3705 756; x_wconf 82' lang='grc' dir='ltr'><em>ἀποκτείναν-</em></span> 
     </span>
    </p>
   </div>
   <div class='ocr_carea' id='block_1_12' title="bbox 2128 793 3712 867">
    <p class='ocr_par' dir='ltr' id='par_1_12' title="bbox 2128 793 3712 867">
     <span class='ocr_line' id='line_1_12' title="bbox 2128 793 3712 867; baseline -0.003 -17"><span class='ocrx_word' id='word_1_74' title='bbox 2128 803 2231 862; x_wconf 83' lang='grc' dir='ltr'><strong>τος</strong></span> <span class='ocrx_word' id='word_1_75' title='bbox 2253 799 2322 850; x_wconf 84' lang='grc' dir='ltr'><em>ἐν</em></span> <span class='ocrx_word' id='word_1_76' title='bbox 2351 796 2576 867; x_wconf 75' lang='grc' dir='ltr'><em>χαλάζῃ</em></span> <span class='ocrx_word' id='word_1_77' title='bbox 2603 797 2718 867; x_wconf 81' lang='grc' dir='ltr'><em>τὴν</em></span> <span class='ocrx_word' id='word_1_78' title='bbox 2741 797 3013 867; x_wconf 75' lang='grc' dir='ltr'><strong>ἄμπελον</strong></span> <span class='ocrx_word' id='word_1_79' title='bbox 3041 793 3236 853; x_wconf 83' lang='grc' dir='ltr'><em>αὐτῶν</em></span> <span class='ocrx_word' id='word_1_80' title='bbox 3257 793 3357 848; x_wconf 75' lang='grc' dir='ltr'><em>καὶ</em></span> <span class='ocrx_word' id='word_1_81' title='bbox 3387 793 3494 860; x_wconf 80' lang='grc' dir='ltr'><em>τὰς</em></span> <span class='ocrx_word' id='word_1_82' title='bbox 3524 810 3712 848; x_wconf 84' lang='grc' dir='ltr'><em>συκο-</em></span> 
     </span>
    </p>
   </div>
   <div class='ocr_carea' id='block_1_13' title="bbox 2124 884 3712 960">
    <p class='ocr_par' dir='ltr' id='par_1_13' title="bbox 2124 884 3712 960">
     <span class='ocr_line' id='line_1_13' title="bbox 2124 884 3712 960; baseline -0.005 -15"><span class='ocrx_word' id='word_1_83' title='bbox 2124 892 2347 960; x_wconf 84' lang='grc' dir='ltr'><em>μόρους</em></span> <span class='ocrx_word' id='word_1_84' title='bbox 2394 890 2592 946; x_wconf 80' lang='grc' dir='ltr'><em>αὐτῶν</em></span> <span class='ocrx_word' id='word_1_85' title='bbox 2633 891 2703 944; x_wconf 81' lang='grc' dir='ltr'><em>ἐν</em></span> <span class='ocrx_word' id='word_1_86' title='bbox 2747 890 3042 958; x_wconf 85' lang='grc' dir='ltr'><em>σκώληκι·</em></span> <span class='ocrx_word' id='word_1_87' title='bbox 3073 887 3180 942; x_wconf 85' lang='grc' dir='ltr'><strong>τοῦ</strong></span> <span class='ocrx_word' id='word_1_88' title='bbox 3210 885 3496 951; x_wconf 80' lang='grc' dir='ltr'><strong>ἐκδόντος</strong></span> <span class='ocrx_word' id='word_1_89' title='bbox 3522 884 3712 954; x_wconf 82' lang='grc' dir='ltr'><em>λοιμῷ</em></span> 
     </span>
    </p>
   </div>
   <div class='ocr_carea' id='block_1_14' title="bbox 445 974 2037 1051">
    <p class='ocr_par' dir='ltr' id='par_1_14' title="bbox 445 977 2028 1051">
     <span class='ocr_line' id='line_1_14' title="bbox 445 977 2028 1051; baseline -0.003 -15"><span class='ocrx_word' id='word_1_90' title='bbox 445 979 625 1051; x_wconf 83' lang='lat' dir='ltr'><strong>cinips</strong></span> <span class='ocrx_word' id='word_1_91' title='bbox 656 987 902 1035; x_wconf 83' lang='lat' dir='ltr'><strong>vocatur.</strong></span> <span class='ocrx_word' id='word_1_92' title='bbox 935 977 1072 1033; x_wconf 86' lang='lat' dir='ltr'><strong>Nam</strong></span> <span class='ocrx_word' id='word_1_93' title='bbox 1119 994 1244 1033; x_wconf 92' lang='lat' dir='ltr'><strong>cum</strong></span> <span class='ocrx_word' id='word_1_94' title='bbox 1280 978 1480 1051; x_wconf 82' lang='lat' dir='ltr'><strong>Moysis</strong></span> <span class='ocrx_word' id='word_1_95' title='bbox 1517 978 1801 1050; x_wconf 79' lang='lat' dir='ltr'><strong>Scriptura</strong></span> <span class='ocrx_word' id='word_1_96' title='bbox 1841 981 2028 1036; x_wconf 88' lang='lat' dir='ltr'><strong>decem</strong></span> 
     </span>
    </p>
   </div>
   <div class='ocr_carea' id='block_1_15' title="bbox 2137 974 3708 1051">
    <p class='ocr_par' dir='ltr' id='par_1_15' title="bbox 2137 974 3708 1049">
     <span class='ocr_line' id='line_1_15' title="bbox 2137 974 3708 1049; baseline -0.004 -15"><span class='ocrx_word' id='word_1_97' title='bbox 2137 983 2203 1034; x_wconf 78' lang='grc' dir='ltr'><strong>τὰ</strong></span> <span class='ocrx_word' id='word_1_98' title='bbox 2231 979 2421 1049; x_wconf 78' lang='grc' dir='ltr'><em>κτήνη</em></span> <span class='ocrx_word' id='word_1_99' title='bbox 2452 981 2668 1047; x_wconf 77' lang='grc' dir='ltr'><em>αὐτῶν,</em></span> <span class='ocrx_word' id='word_1_100' title='bbox 2695 981 2793 1035; x_wconf 79' lang='grc' dir='ltr'><em>καὶ</em></span> <span class='ocrx_word' id='word_1_101' title='bbox 2839 981 2910 1034; x_wconf 82' lang='grc' dir='ltr'><em>τὰ</em></span> <span class='ocrx_word' id='word_1_102' title='bbox 2941 977 3209 1048; x_wconf 82' lang='grc' dir='ltr'><em>κτήματα</em></span> <span class='ocrx_word' id='word_1_103' title='bbox 3235 974 3433 1031; x_wconf 84' lang='grc' dir='ltr'><em>αὐτῶν</em></span> <span class='ocrx_word' id='word_1_104' title='bbox 3455 974 3708 1040; x_wconf 84' lang='grc' dir='ltr'><em>οίωνοῒς.</em></span> 
     </span>
    </p>
   </div>
   <div class='ocr_carea' id='block_1_16' title="bbox 443 1071 2028 1144">
    <p class='ocr_par' dir='ltr' id='par_1_16' title="bbox 443 1071 2028 1144">
     <span class='ocr_line' id='line_1_16' title="bbox 443 1071 2028 1144; baseline -0.001 -18"><span class='ocrx_word' id='word_1_105' title='bbox 443 1072 636 1144; x_wconf 78' lang='lat' dir='ltr'><strong>plagas</strong></span> <span class='ocrx_word' id='word_1_106' title='bbox 663 1081 960 1138; x_wconf 86' lang='lat' dir='ltr'><strong>memoret;</strong></span> <span class='ocrx_word' id='word_1_107' title='bbox 995 1071 1080 1126; x_wconf 87' lang='lat' dir='ltr'><strong>hic</strong></span> <span class='ocrx_word' id='word_1_108' title='bbox 1108 1087 1310 1134; x_wconf 84' lang='lat' dir='ltr'><strong>sermo,</strong></span> <span class='ocrx_word' id='word_1_109' title='bbox 1336 1072 1678 1142; x_wconf 90' lang='lat' dir='ltr'><strong>sanguinem,</strong></span> <span class='ocrx_word' id='word_1_110' title='bbox 1709 1086 1891 1134; x_wconf 85' lang='lat' dir='ltr'><strong>ranas,</strong></span> <span class='ocrx_word' id='word_1_111' title='bbox 1909 1085 2028 1125; x_wconf 76' lang='lat' dir='ltr'><strong>ete-</strong></span> 
     </span>
    </p>
   </div>
   <div class='ocr_carea' id='block_1_17' title="bbox 449 1166 2030 1238">
    <p class='ocr_par' dir='ltr' id='par_1_17' title="bbox 449 1166 2030 1238">
     <span class='ocr_line' id='line_1_17' title="bbox 449 1166 2030 1238; baseline -0.001 -15"><span class='ocrx_word' id='word_1_112' title='bbox 449 1166 745 1238; x_wconf 89' lang='lat' dir='ltr'><strong>nomyiam,</strong></span> <span class='ocrx_word' id='word_1_113' title='bbox 768 1167 1059 1230; x_wconf 86' lang='lat' dir='ltr'><strong>locustam,</strong></span> <span class='ocrx_word' id='word_1_114' title='bbox 1104 1166 1447 1238; x_wconf 74' lang='lat' dir='ltr'><strong>grandinem,</strong></span> <span class='ocrx_word' id='word_1_115' title='bbox 1481 1166 1852 1236; x_wconf 81' lang='lat' dir='ltr'><strong>jumentorum</strong></span> <span class='ocrx_word' id='word_1_116' title='bbox 1885 1182 2030 1221; x_wconf 89' lang='lat' dir='ltr'><strong>mor-</strong></span> 
     </span>
    </p>
   </div>
   <div class='ocr_carea' id='block_1_18' title="bbox 447 1259 2028 1330">
    <p class='ocr_par' dir='ltr' id='par_1_18' title="bbox 447 1259 2028 1330">
     <span class='ocr_line' id='line_1_18' title="bbox 447 1259 2028 1330; baseline -0.003 -16"><span class='ocrx_word' id='word_1_117' title='bbox 447 1265 578 1325; x_wconf 76' lang='lat' dir='ltr'><strong>tem,</strong></span> <span class='ocrx_word' id='word_1_118' title='bbox 607 1259 1098 1330; x_wconf 88' lang='lat' dir='ltr'><strong>primogenitorum</strong></span> <span class='ocrx_word' id='word_1_119' title='bbox 1121 1259 1350 1324; x_wconf 90' lang='lat' dir='ltr'><strong>obitum,</strong></span> <span class='ocrx_word' id='word_1_120' title='bbox 1381 1259 1654 1314; x_wconf 85' lang='lat' dir='ltr'><strong>recensuit</strong></span> <span class='ocrx_word' id='word_1_121' title='bbox 1677 1275 1691 1324; x_wconf 91' lang='lat'><strong>;</strong></span> <span class='ocrx_word' id='word_1_122' title='bbox 1718 1274 1825 1312; x_wconf 91' lang='lat' dir='ltr'><strong>non</strong></span> <span class='ocrx_word' id='word_1_123' title='bbox 1851 1267 2028 1313; x_wconf 88' lang='lat' dir='ltr'><strong>autem</strong></span> 
     </span>
    </p>
   </div>
   <div class='ocr_carea' id='block_1_19' title="bbox 448 1348 2032 1420">
    <p class='ocr_par' dir='ltr' id='par_1_19' title="bbox 448 1348 2032 1420">
     <span class='ocr_line' id='line_1_19' title="bbox 448 1348 2032 1420; baseline -0.004 -14"><span class='ocrx_word' id='word_1_124' title='bbox 448 1350 714 1420; x_wconf 78' lang='lat' dir='ltr'><strong>ciniphes,</strong></span> <span class='ocrx_word' id='word_1_125' title='bbox 750 1365 856 1404; x_wconf 90' lang='lat' dir='ltr'><strong>non</strong></span> <span class='ocrx_word' id='word_1_126' title='bbox 911 1360 1177 1416; x_wconf 87' lang='lat' dir='ltr'><strong>tumores,</strong></span> <span class='ocrx_word' id='word_1_127' title='bbox 1213 1366 1321 1404; x_wconf 85' lang='lat' dir='ltr'><strong>non</strong></span> <span class='ocrx_word' id='word_1_128' title='bbox 1353 1349 1642 1413; x_wconf 88' lang='lat' dir='ltr'><strong>tenebras;</strong></span> <span class='ocrx_word' id='word_1_129' title='bbox 1673 1363 1772 1418; x_wconf 82' lang='lat' dir='ltr'><strong>pro</strong></span> <span class='ocrx_word' id='word_1_130' title='bbox 1801 1348 1906 1403; x_wconf 88' lang='lat' dir='ltr'><strong>illis</strong></span> <span class='ocrx_word' id='word_1_131' title='bbox 1933 1361 2032 1401; x_wconf 83' lang='lat' dir='ltr'><strong>au-</strong></span> 
     </span>
    </p>
   </div>
   <div class='ocr_carea' id='block_1_20' title="bbox 448 1439 2027 1512">
    <p class='ocr_par' dir='ltr' id='par_1_20' title="bbox 448 1439 2027 1512">
     <span class='ocr_line' id='line_1_20' title="bbox 448 1439 2027 1512; baseline -0.004 -15"><span class='ocrx_word' id='word_1_132' title='bbox 448 1450 557 1498; x_wconf 85' lang='lat' dir='ltr'><strong>tem</strong></span> <span class='ocrx_word' id='word_1_133' title='bbox 583 1441 880 1512; x_wconf 68' lang='lat' dir='ltr'><strong>aeruginem</strong></span> <span class='ocrx_word' id='word_1_134' title='bbox 911 1440 1048 1494; x_wconf 77' lang='lat' dir='ltr'><strong>dixit</strong></span> <span class='ocrx_word' id='word_1_135' title='bbox 1077 1450 1130 1496; x_wconf 87' lang='lat' dir='ltr'><strong>et</strong></span> <span class='ocrx_word' id='word_1_136' title='bbox 1163 1442 1449 1510; x_wconf 89' lang='lat' dir='ltr'><strong>pruinam;</strong></span> <span class='ocrx_word' id='word_1_137' title='bbox 1481 1454 1711 1508; x_wconf 87' lang='lat' dir='ltr'><strong>quorum</strong></span> <span class='ocrx_word' id='word_1_138' title='bbox 1747 1439 1886 1502; x_wconf 89' lang='lat' dir='ltr'><strong>loco,</strong></span> <span class='ocrx_word' id='word_1_139' title='bbox 1907 1454 2027 1508; x_wconf 78' lang='lat' dir='ltr'><strong>my-</strong></span> 
     </span>
    </p>
   </div>
   <div class='ocr_carea' id='block_1_21' title="bbox 449 1531 2030 1604">
    <p class='ocr_par' dir='ltr' id='par_1_21' title="bbox 449 1531 2030 1604">
     <span class='ocr_line' id='line_1_21' title="bbox 449 1531 2030 1604; baseline -0.003 -15"><span class='ocrx_word' id='word_1_140' title='bbox 449 1542 603 1590; x_wconf 85' lang='lat' dir='ltr'><strong>zeten</strong></span> <span class='ocrx_word' id='word_1_141' title='bbox 636 1542 728 1589; x_wconf 90' lang='lat' dir='ltr'><strong>aut</strong></span> <span class='ocrx_word' id='word_1_142' title='bbox 757 1535 1047 1598; x_wconf 87' lang='lat' dir='ltr'><strong>bruchum,</strong></span> <span class='ocrx_word' id='word_1_143' title='bbox 1081 1550 1318 1590; x_wconf 77' lang='lat' dir='ltr'><strong>vermem</strong></span> <span class='ocrx_word' id='word_1_144' title='bbox 1352 1544 1444 1588; x_wconf 87' lang='lat' dir='ltr'><strong>aut</strong></span> <span class='ocrx_word' id='word_1_145' title='bbox 1468 1533 1696 1604; x_wconf 79' lang='lat' dir='ltr'><strong>glaciem</strong></span> <span class='ocrx_word' id='word_1_146' title='bbox 1727 1531 1921 1602; x_wconf 89' lang='lat' dir='ltr'><strong>reliqui</strong></span> <span class='ocrx_word' id='word_1_147' title='bbox 1953 1531 2030 1585; x_wconf 79' lang='lat' dir='ltr'><strong>in-</strong></span> 
     </span>
    </p>
   </div>
   <div class='ocr_carea' id='block_1_22' title="bbox 451 1623 910 1694">
    <p class='ocr_par' dir='ltr' id='par_1_22' title="bbox 451 1623 910 1694">
     <span class='ocr_line' id='line_1_22' title="bbox 451 1623 910 1694; baseline 0.002 -18"><span class='ocrx_word' id='word_1_148' title='bbox 451 1623 734 1694; x_wconf 83' lang='lat' dir='ltr'><strong>terpretati</strong></span> <span class='ocrx_word' id='word_1_149' title='bbox 760 1633 910 1677; x_wconf 87' lang='lat' dir='ltr'><strong>sunt.</strong></span> 
     </span>
    </p>
   </div>
   <div class='ocr_carea' id='block_1_23' title="bbox 2144 1065 3712 1142">
    <p class='ocr_par' dir='ltr' id='par_1_23' title="bbox 2144 1065 3712 1142">
     <span class='ocr_line' id='line_1_23' title="bbox 2144 1065 3712 1142; baseline -0.005 -16"><span class='ocrx_word' id='word_1_150' title='bbox 2144 1073 2286 1126; x_wconf 78' lang='grc' dir='ltr'><em>’Δντὶ</em></span> <span class='ocrx_word' id='word_1_151' title='bbox 2337 1073 2394 1127; x_wconf 86' lang='grc' dir='ltr'><em>δὲ</em></span> <span class='ocrx_word' id='word_1_152' title='bbox 2440 1072 2555 1137; x_wconf 89' lang='grc' dir='ltr'><em>τοῦ,</em></span> <span class='ocrx_word' id='word_1_153' title='bbox 2613 1071 2687 1142; x_wconf 78' lang='grc' dir='ltr'><strong>τῇ</strong></span> <span class='ocrx_word' id='word_1_154' title='bbox 2733 1072 2976 1141; x_wconf 78' lang='grc' dir='ltr'><em>ἐρυσίσῃ</em></span> <span class='ocrx_word' id='word_1_155' title='bbox 3030 1071 3106 1140; x_wconf 81' lang='lat' dir='ltr'><strong>(i)</strong></span> <span class='ocrx_word' id='word_1_156' title='bbox 3132 1109 3146 1133; x_wconf 96' lang='lat'><strong>,</strong></span> <span class='ocrx_word' id='word_1_157' title='bbox 3193 1070 3222 1122; x_wconf 98' lang='lat'><strong>6</strong></span> <span class='ocrx_word' id='word_1_158' title='bbox 3275 1067 3372 1138; x_wconf 79' lang='grc' dir='ltr'><em>μὲν</em></span> <span class='ocrx_word' id='word_1_159' title='bbox 3417 1065 3712 1138; x_wconf 79' lang='grc' dir='ltr'><strong>Σύμμαχος</strong></span> 
     </span>
    </p>
   </div>
   <div class='ocr_carea' id='block_1_24' title="bbox 2129 1158 3714 1236">
    <p class='ocr_par' dir='ltr' id='par_1_24' title="bbox 2129 1158 3714 1236">
     <span class='ocr_line' id='line_1_24' title="bbox 2129 1158 3714 1236; baseline -0.006 -17"><span class='ocrx_word' id='word_1_160' title='bbox 2129 1164 2332 1236; x_wconf 84' lang='grc' dir='ltr'><em>ὁμοίως</em></span> <span class='ocrx_word' id='word_1_161' title='bbox 2363 1163 2444 1231; x_wconf 84' lang='grc' dir='ltr'><em>τῷ</em></span> <span class='ocrx_word' id='word_1_162' title='bbox 2468 1163 2716 1234; x_wconf 77' lang='grc' dir='ltr'><em>μυζήτῃ,</em></span> <span class='ocrx_word' id='word_1_163' title='bbox 2750 1167 2779 1219; x_wconf 91' lang='lat'><strong>6</strong></span> <span class='ocrx_word' id='word_1_164' title='bbox 2823 1164 2878 1217; x_wconf 80' lang='grc' dir='ltr'><em>δὲ</em></span> <span class='ocrx_word' id='word_1_165' title='bbox 2925 1162 3154 1225; x_wconf 79' lang='grc' dir='ltr'><em>Ἀκύλας</em></span> <span class='ocrx_word' id='word_1_166' title='bbox 3185 1158 3265 1227; x_wconf 81' lang='grc' dir='ltr'><em>τῷ</em></span> <span class='ocrx_word' id='word_1_167' title='bbox 3311 1159 3579 1227; x_wconf 75' lang='grc' dir='ltr'><em>βρούχφ,</em></span> <span class='ocrx_word' id='word_1_168' title='bbox 3611 1158 3714 1228; x_wconf 79' lang='grc' dir='ltr'><strong>ἡρ-</strong></span> 
     </span>
    </p>
   </div>
   <div class='ocr_carea' id='block_1_25' title="bbox 2135 1248 3714 1328">
    <p class='ocr_par' dir='ltr' id='par_1_25' title="bbox 2135 1248 3714 1328">
     <span class='ocr_line' id='line_1_25' title="bbox 2135 1248 3714 1328; baseline -0.008 -18"><span class='ocrx_word' id='word_1_169' title='bbox 2135 1259 2399 1328; x_wconf 76' lang='grc' dir='ltr'><em>μήνευσεο</em></span> <span class='ocrx_word' id='word_1_170' title='bbox 2457 1258 2551 1311; x_wconf 80' lang='grc' dir='ltr'><em>καὶ</em></span> <span class='ocrx_word' id='word_1_171' title='bbox 2601 1256 2763 1310; x_wconf 77' lang='grc' dir='ltr'><em>πάλιν</em></span> <span class='ocrx_word' id='word_1_172' title='bbox 2813 1255 2933 1316; x_wconf 79' lang='grc' dir='ltr'><em>ἀντὶ</em></span> <span class='ocrx_word' id='word_1_173' title='bbox 2983 1253 3099 1318; x_wconf 87' lang='grc' dir='ltr'><em>τοῦ,</em></span> <span class='ocrx_word' id='word_1_174' title='bbox 3137 1251 3213 1321; x_wconf 77' lang='grc' dir='ltr'><em>τῇ</em></span> <span class='ocrx_word' id='word_1_175' title='bbox 3264 1250 3491 1321; x_wconf 74' lang='grc' dir='ltr'><em>πάχνη,</em></span> <span class='ocrx_word' id='word_1_176' title='bbox 3535 1251 3562 1302; x_wconf 83' lang='grc'>6</span> <span class='ocrx_word' id='word_1_177' title='bbox 3611 1248 3714 1318; x_wconf 83' lang='grc' dir='ltr'><em>μὲν</em></span> 
     </span>
    </p>
   </div>
   <div class='ocr_carea' id='block_1_26' title="bbox 2133 1340 3714 1418">
    <p class='ocr_par' dir='ltr' id='par_1_26' title="bbox 2133 1340 3714 1418">
     <span class='ocr_line' id='line_1_26' title="bbox 2133 1340 3714 1418; baseline -0.006 -18"><span class='ocrx_word' id='word_1_178' title='bbox 2133 1346 2425 1418; x_wconf 79' lang='grc' dir='ltr'><strong>Σύμμαχος</strong></span> <span class='ocrx_word' id='word_1_179' title='bbox 2448 1346 2528 1412; x_wconf 85' lang='grc' dir='ltr'><em>τῷ</em></span> <span class='ocrx_word' id='word_1_180' title='bbox 2556 1347 2843 1415; x_wconf 80' lang='grc' dir='ltr'><em>σκώληκι,</em></span> <span class='ocrx_word' id='word_1_181' title='bbox 2879 1347 2908 1398; x_wconf 85' lang='grc' dir='ltr'>ὁ</span> <span class='ocrx_word' id='word_1_182' title='bbox 2938 1346 2995 1398; x_wconf 76' lang='grc' dir='ltr'><em>δὲ</em></span> <span class='ocrx_word' id='word_1_183' title='bbox 3042 1344 3267 1408; x_wconf 81' lang='grc' dir='ltr'><strong>Ἀκύλας</strong></span> <span class='ocrx_word' id='word_1_184' title='bbox 3298 1343 3368 1395; x_wconf 83' lang='grc' dir='ltr'><em>ὲν</em></span> <span class='ocrx_word' id='word_1_185' title='bbox 3414 1340 3598 1410; x_wconf 80' lang='grc' dir='ltr'><strong>κρύει,</strong></span> <span class='ocrx_word' id='word_1_186' title='bbox 3622 1341 3714 1392; x_wconf 78' lang='grc' dir='ltr'><strong>ὲκ-</strong></span> 
     </span>
    </p>
   </div>
   <div class='ocr_carea' id='block_1_27' title="bbox 2132 1429 3713 1510">
    <p class='ocr_par' dir='ltr' id='par_1_27' title="bbox 2132 1429 3713 1510">
     <span class='ocr_line' id='line_1_27' title="bbox 2132 1429 3713 1510; baseline -0.006 -18"><span class='ocrx_word' id='word_1_187' title='bbox 2132 1437 2415 1492; x_wconf 87' lang='grc' dir='ltr'><em>δεδώκασι.</em></span> <span class='ocrx_word' id='word_1_188' title='bbox 2452 1439 2847 1510; x_wconf 64' lang='grc' dir='ltr'><em>Σεσιωπημένα</em></span> <span class='ocrx_word' id='word_1_189' title='bbox 2897 1439 2954 1494; x_wconf 82' lang='grc' dir='ltr'><em>δὲ</em></span> <span class='ocrx_word' id='word_1_190' title='bbox 2998 1437 3173 1494; x_wconf 83' lang='grc' dir='ltr'><em>ταῦτα</em></span> <span class='ocrx_word' id='word_1_191' title='bbox 3208 1432 3359 1506; x_wconf 87' lang='grc' dir='ltr'><em>παρὰ</em></span> <span class='ocrx_word' id='word_1_192' title='bbox 3407 1432 3598 1487; x_wconf 84' lang='grc' dir='ltr'><strong>Μωσεί</strong></span> <span class='ocrx_word' id='word_1_193' title='bbox 3651 1429 3713 1483; x_wconf 78' lang='grc' dir='ltr'><em>τὸ</em></span> 
     </span>
    </p>
   </div>
   <div class='ocr_carea' id='block_1_28' title="bbox 2134 1526 3712 1603">
    <p class='ocr_par' dir='ltr' id='par_1_28' title="bbox 2134 1526 3712 1603">
     <span class='ocr_line' id='line_1_28' title="bbox 2134 1526 3712 1603; baseline -0.004 -20"><span class='ocrx_word' id='word_1_194' title='bbox 2134 1531 2308 1603; x_wconf 69' lang='grc' dir='ltr'><em>παρὸν</em></span> <span class='ocrx_word' id='word_1_195' title='bbox 2333 1531 2512 1601; x_wconf 77' lang='grc' dir='ltr'><em>λόγιον</em></span> <span class='ocrx_word' id='word_1_196' title='bbox 2540 1532 2987 1597; x_wconf 80' lang='grc' dir='ltr'><em>ἐδίδαξεν.Ἔοικε</em></span> <span class='ocrx_word' id='word_1_197' title='bbox 3011 1531 3067 1584; x_wconf 83' lang='grc' dir='ltr'><em>δὲ</em></span> <span class='ocrx_word' id='word_1_198' title='bbox 3100 1532 3134 1600; x_wconf 82' lang='grc' dir='ltr'><strong>ἡ</strong></span> <span class='ocrx_word' id='word_1_199' title='bbox 3164 1527 3392 1601; x_wconf 80' lang='grc' dir='ltr'><em>ὲρυσίὸη</em></span> <span class='ocrx_word' id='word_1_200' title='bbox 3407 1526 3521 1580; x_wconf 73' lang='grc' dir='ltr'><em>’καὶ</em></span> <span class='ocrx_word' id='word_1_201' title='bbox 3554 1526 3583 1578; x_wconf 90' lang='lat'><strong>6</strong></span> <span class='ocrx_word' id='word_1_202' title='bbox 3612 1541 3712 1593; x_wconf 88' lang='grc' dir='ltr'><em>μυ-</em></span> 
     </span>
    </p>
   </div>
   <div class='ocr_carea' id='block_1_29' title="bbox 2134 1614 3710 1694">
    <p class='ocr_par' dir='ltr' id='par_1_29' title="bbox 2134 1614 3710 1694">
     <span class='ocr_line' id='line_1_29' title="bbox 2134 1614 3710 1694; baseline -0.014 -6"><span class='ocrx_word' id='word_1_203' title='bbox 2134 1619 2303 1693; x_wconf 79' lang='grc' dir='ltr'><em>ζήτης</em></span> <span class='ocrx_word' id='word_1_204' title='bbox 2336 1623 2496 1687; x_wconf 73' lang='grc' dir='ltr'><em>αὑτὸς</em></span> <span class='ocrx_word' id='word_1_205' title='bbox 2529 1619 2663 1679; x_wconf 77' lang='grc' dir='ltr'><em>εἶναι</em></span> <span class='ocrx_word' id='word_1_206' title='bbox 2697 1625 2725 1676; x_wconf 83' lang='grc' dir='ltr'>ὁ</span> <span class='ocrx_word' id='word_1_207' title='bbox 2759 1624 2908 1694; x_wconf 80' lang='grc' dir='ltr'><em>παρὰ</em></span> <span class='ocrx_word' id='word_1_208' title='bbox 2955 1624 3143 1678; x_wconf 88' lang='grc' dir='ltr'><strong>Μωσεί</strong></span> <span class='ocrx_word' id='word_1_209' title='bbox 3179 1618 3516 1690; x_wconf 83' lang='grc' dir='ltr'><strong>κεκλημένος</strong></span> <span class='ocrx_word' id='word_1_210' title='bbox 3560 1614 3710 1684; x_wconf 77' lang='grc' dir='ltr'><em>κνίψ.</em></span> 
     </span>
    </p>
   </div>
   <div class='ocr_carea' id='block_1_30' title="bbox 451 1713 3720 1794">
    <p class='ocr_par' dir='ltr' id='par_1_30' title="bbox 451 1713 3720 1794">
     <span class='ocr_line' id='line_1_30' title="bbox 451 1713 3720 1794; baseline -0.002 -22"><span class='ocrx_word' id='word_1_211' title='bbox 451 1720 563 1790; x_wconf 83' lang='grc' dir='ltr'><strong>Τῆς</strong></span> <span class='ocrx_word' id='word_1_212' title='bbox 596 1718 704 1790; x_wconf 71' lang='grc' dir='ltr'><em>γὰρ</em></span> <span class='ocrx_word' id='word_1_213' title='bbox 737 1718 980 1782; x_wconf 86' lang='grc' dir='ltr'><em>Μωσέως</em></span> <span class='ocrx_word' id='word_1_214' title='bbox 1012 1718 1238 1790; x_wconf 82' lang='grc' dir='ltr'><em>Γραφῆς</em></span> <span class='ocrx_word' id='word_1_215' title='bbox 1277 1718 1720 1789; x_wconf 83' lang='grc' dir='ltr'><em>μνημονευούσης</em></span> <span class='ocrx_word' id='word_1_216' title='bbox 1778 1717 1910 1773; x_wconf 83' lang='grc' dir='ltr'><strong>δέκα</strong></span> <span class='ocrx_word' id='word_1_217' title='bbox 1969 1718 2211 1789; x_wconf 80' lang='grc' dir='ltr'><strong>πληγῶν,</strong></span> <span class='ocrx_word' id='word_1_218' title='bbox 2281 1721 2310 1774; x_wconf 89' lang='lat'><strong>6</strong></span> <span class='ocrx_word' id='word_1_219' title='bbox 2346 1720 2532 1794; x_wconf 85' lang='grc' dir='ltr'><em>παρὼν</em></span> <span class='ocrx_word' id='word_1_220' title='bbox 2599 1720 2755 1792; x_wconf 81' lang='grc' dir='ltr'><em>λόγος</em></span> <span class='ocrx_word' id='word_1_221' title='bbox 2797 1721 2891 1775; x_wconf 89' lang='grc' dir='ltr'><strong>τοῦ</strong></span> <span class='ocrx_word' id='word_1_222' title='bbox 2934 1721 3163 1792; x_wconf 78' lang='grc' dir='ltr'><em>αἵματος</em></span> <span class='ocrx_word' id='word_1_223' title='bbox 3207 1717 3576 1790; x_wconf 76' lang='grc' dir='ltr'><em>ἐμνημόνευσε</em></span> <span class='ocrx_word' id='word_1_224' title='bbox 3620 1713 3720 1766; x_wconf 78' lang='grc' dir='ltr'><em>καὶ</em></span> 
     </span>
    </p>
   </div>
   <div class='ocr_carea' id='block_1_31' title="bbox 449 1803 3720 1884">
    <p class='ocr_par' dir='ltr' id='par_1_31' title="bbox 449 1803 3720 1884">
     <span class='ocr_line' id='line_1_31' title="bbox 449 1803 3720 1884; baseline -0.002 -20"><span class='ocrx_word' id='word_1_225' title='bbox 449 1810 558 1864; x_wconf 75' lang='grc' dir='ltr'><em>τῶν</em></span> <span class='ocrx_word' id='word_1_226' title='bbox 589 1810 876 1881; x_wconf 81' lang='grc' dir='ltr'><strong>βατράχων</strong></span> <span class='ocrx_word' id='word_1_227' title='bbox 923 1811 1017 1863; x_wconf 80' lang='grc' dir='ltr'><em>καὶ</em></span> <span class='ocrx_word' id='word_1_228' title='bbox 1047 1810 1148 1880; x_wconf 86' lang='grc' dir='ltr'><em>τῆς</em></span> <span class='ocrx_word' id='word_1_229' title='bbox 1189 1812 1485 1882; x_wconf 86' lang='grc' dir='ltr'><em>κυνομυίας</em></span> <span class='ocrx_word' id='word_1_230' title='bbox 1519 1812 1614 1864; x_wconf 80' lang='grc' dir='ltr'><em>καὶ</em></span> <span class='ocrx_word' id='word_1_231' title='bbox 1663 1812 1762 1882; x_wconf 84' lang='grc' dir='ltr'><em>τῆς</em></span> <span class='ocrx_word' id='word_1_232' title='bbox 1817 1811 2036 1884; x_wconf 86' lang='grc' dir='ltr'><em>ἀκρίδος</em></span> <span class='ocrx_word' id='word_1_233' title='bbox 2073 1812 2290 1880; x_wconf 77' lang='grc' dir='ltr'><em>καὶτῆς</em></span> <span class='ocrx_word' id='word_1_234' title='bbox 2323 1814 2581 1884; x_wconf 75' lang='grc' dir='ltr'><strong>χαλάζης,</strong></span> <span class='ocrx_word' id='word_1_235' title='bbox 2650 1815 2742 1869; x_wconf 75' lang='grc' dir='ltr'><em>καὶ</em></span> <span class='ocrx_word' id='word_1_236' title='bbox 2777 1814 2872 1868; x_wconf 85' lang='grc' dir='ltr'><strong>τοῦ</strong></span> <span class='ocrx_word' id='word_1_237' title='bbox 2921 1813 3149 1867; x_wconf 81' lang='grc' dir='ltr'><em>θανάτου</em></span> <span class='ocrx_word' id='word_1_238' title='bbox 3177 1812 3286 1865; x_wconf 84' lang='grc' dir='ltr'><strong>τῶν</strong></span> <span class='ocrx_word' id='word_1_239' title='bbox 3318 1807 3554 1880; x_wconf 83' lang='grc' dir='ltr'><strong>κτηνῶν,</strong></span> <span class='ocrx_word' id='word_1_240' title='bbox 3622 1803 3720 1858; x_wconf 60' lang='grc' dir='ltr'><strong>καὶ⁵</strong></span> 
     </span>
    </p>
   </div>
   <div class='ocr_carea' id='block_1_32' title="bbox 451 1899 3719 1976">
    <p class='ocr_par' dir='ltr' id='par_1_32' title="bbox 451 1899 3719 1976">
     <span class='ocr_line' id='line_1_32' title="bbox 451 1899 3719 1976; baseline -0.002 -21"><span class='ocrx_word' id='word_1_241' title='bbox 451 1903 545 1956; x_wconf 87' lang='grc' dir='ltr'><strong>τοῦ</strong></span> <span class='ocrx_word' id='word_1_242' title='bbox 577 1903 805 1956; x_wconf 75' lang='grc' dir='ltr'><strong>Θανάτου</strong></span> <span class='ocrx_word' id='word_1_243' title='bbox 839 1901 948 1956; x_wconf 82' lang='grc' dir='ltr'><em>τῶν</em></span> <span class='ocrx_word' id='word_1_244' title='bbox 1015 1903 1400 1974; x_wconf 80' lang='grc' dir='ltr'><em>πρωτοτόκων·</em></span> <span class='ocrx_word' id='word_1_245' title='bbox 1445 1903 1686 1958; x_wconf 84' lang='grc' dir='ltr'><em>σκνιπῶν</em></span> <span class='ocrx_word' id='word_1_246' title='bbox 1731 1921 1789 1956; x_wconf 89' lang='grc' dir='ltr'><strong>τε</strong></span> <span class='ocrx_word' id='word_1_247' title='bbox 1827 1904 1946 1973; x_wconf 89' lang='lat' dir='ltr'><strong>(sic)</strong></span> <span class='ocrx_word' id='word_1_248' title='bbox 1976 1905 2076 1956; x_wconf 84' lang='grc' dir='ltr'><em>οὐκ</em></span> <span class='ocrx_word' id='word_1_249' title='bbox 2113 1906 2379 1976; x_wconf 78' lang='grc' dir='ltr'><em>ἐμνήσθη,</em></span> <span class='ocrx_word' id='word_1_250' title='bbox 2447 1907 2567 1960; x_wconf 78' lang='grc' dir='ltr'><em>οὐδὲ</em></span> <span class='ocrx_word' id='word_1_251' title='bbox 2616 1906 2726 1960; x_wconf 85' lang='grc' dir='ltr'><strong>τῶν</strong></span> <span class='ocrx_word' id='word_1_252' title='bbox 2775 1905 3112 1976; x_wconf 74' lang='grc' dir='ltr'><em>φλυκτανῶν,</em></span> <span class='ocrx_word' id='word_1_253' title='bbox 3147 1903 3267 1958; x_wconf 80' lang='grc' dir='ltr'><em>οὐδὲ</em></span> <span class='ocrx_word' id='word_1_254' title='bbox 3310 1901 3406 1957; x_wconf 89' lang='grc' dir='ltr'><strong>τοῦ</strong></span> <span class='ocrx_word' id='word_1_255' title='bbox 3449 1899 3675 1961; x_wconf 83' lang='grc' dir='ltr'><em>σκότους</em></span> <span class='ocrx_word' id='word_1_256' title='bbox 3701 1917 3719 1932; x_wconf 77' lang='grc' dir='ltr'><strong>ο</strong></span> 
     </span>
    </p>
   </div>
   <div class='ocr_carea' id='block_1_33' title="bbox 451 1991 3720 2072">
    <p class='ocr_par' dir='ltr' id='par_1_33' title="bbox 451 1991 3720 2072">
     <span class='ocr_line' id='line_1_33' title="bbox 451 1991 3720 2072; baseline -0.002 -20"><span class='ocrx_word' id='word_1_257' title='bbox 451 1999 570 2052; x_wconf 79' lang='grc' dir='ltr'><strong>ἀντὶ</strong></span> <span class='ocrx_word' id='word_1_258' title='bbox 615 1999 670 2052; x_wconf 79' lang='grc' dir='ltr'><em>δὲ</em></span> <span class='ocrx_word' id='word_1_259' title='bbox 716 1999 919 2051; x_wconf 85' lang='grc' dir='ltr'><em>τούτων</em></span> <span class='ocrx_word' id='word_1_260' title='bbox 966 1997 1225 2070; x_wconf 75' lang='grc' dir='ltr'><em>ἐρυσίϐην</em></span> <span class='ocrx_word' id='word_1_261' title='bbox 1249 1993 1370 2051; x_wconf 73' lang='grc' dir='ltr'><em>εἷπε</em></span> <span class='ocrx_word' id='word_1_262' title='bbox 1405 1999 1497 2052; x_wconf 81' lang='grc' dir='ltr'><em>καὶ</em></span> <span class='ocrx_word' id='word_1_263' title='bbox 1532 1998 1777 2070; x_wconf 83' lang='grc' dir='ltr'><em>πάχνην⁶</em></span> <span class='ocrx_word' id='word_1_264' title='bbox 1811 1997 1927 2052; x_wconf 83' lang='grc' dir='ltr'><strong>ἀνθ’</strong></span> <span class='ocrx_word' id='word_1_265' title='bbox 1959 1991 2033 2054; x_wconf 81' lang='grc' dir='ltr'><strong>ὧν</strong></span> <span class='ocrx_word' id='word_1_266' title='bbox 2073 1997 2318 2072; x_wconf 74' lang='grc' dir='ltr'><em>μυξήτην</em></span> <span class='ocrx_word' id='word_1_267' title='bbox 2389 2002 2423 2071; x_wconf 82' lang='grc' dir='ltr'>ἢ</span> <span class='ocrx_word' id='word_1_268' title='bbox 2461 1999 2710 2072; x_wconf 78' lang='grc' dir='ltr'><em>βροῦχον,</em></span> <span class='ocrx_word' id='word_1_269' title='bbox 2746 2000 2780 2072; x_wconf 82' lang='grc' dir='ltr'>ἢ</span> <span class='ocrx_word' id='word_1_270' title='bbox 2852 1997 3128 2071; x_wconf 80' lang='grc' dir='ltr'><strong>σκώληκα,</strong></span> <span class='ocrx_word' id='word_1_271' title='bbox 3163 1998 3198 2070; x_wconf 80' lang='grc' dir='ltr'>ἢ</span> <span class='ocrx_word' id='word_1_272' title='bbox 3240 1995 3406 2068; x_wconf 84' lang='grc' dir='ltr'><em>κρύος</em></span> <span class='ocrx_word' id='word_1_273' title='bbox 3448 1994 3499 2048; x_wconf 84' lang='grc' dir='ltr'><em>οἱ</em></span> <span class='ocrx_word' id='word_1_274' title='bbox 3542 1991 3720 2045; x_wconf 79' lang='grc' dir='ltr'><em>λοιποὶ</em></span> 
     </span>
    </p>
   </div>
   <div class='ocr_carea' id='block_1_34' title="bbox 449 2096 826 2168">
    <p class='ocr_par' dir='ltr' id='par_1_34' title="bbox 449 2096 826 2168">
     <span class='ocr_line' id='line_1_34' title="bbox 449 2096 826 2168; baseline -0.011 -20"><span class='ocrx_word' id='word_1_275' title='bbox 449 2097 484 2166; x_wconf 84' lang='grc' dir='ltr'><strong>ὴ</strong></span> <span class='ocrx_word' id='word_1_276' title='bbox 495 2096 826 2168; x_wconf 77' lang='grc' dir='ltr'><em>ρμήνευσαν.</em></span> 
     </span>
    </p>
   </div>
   <div class='ocr_carea' id='block_1_35' title="bbox 518 2196 2105 2271">
    <p class='ocr_par' dir='ltr' id='par_1_35' title="bbox 518 2196 2105 2271">
     <span class='ocr_line' id='line_1_35' title="bbox 518 2196 2105 2271; baseline 0.004 -20"><span class='ocrx_word' id='word_1_277' title='bbox 518 2196 685 2254; x_wconf 74' lang='lat' dir='ltr'><strong>Vens.</strong></span> <span class='ocrx_word' id='word_1_278' title='bbox 718 2197 910 2253; x_wconf 67' lang='lat'><strong>49-51.</strong></span> <span class='ocrx_word' id='word_1_279' title='bbox 953 2197 1102 2252; x_wconf 79' lang='lat' dir='ltr'><strong>Misit</strong></span> <span class='ocrx_word' id='word_1_280' title='bbox 1125 2199 1181 2253; x_wconf 89' lang='lat' dir='ltr'><strong>in</strong></span> <span class='ocrx_word' id='word_1_281' title='bbox 1211 2216 1299 2254; x_wconf 85' lang='lat' dir='ltr'><strong>eos</strong></span> <span class='ocrx_word' id='word_1_282' title='bbox 1322 2200 1459 2254; x_wconf 85' lang='lat' dir='ltr'><strong>iram</strong></span> <span class='ocrx_word' id='word_1_283' title='bbox 1487 2199 1868 2271; x_wconf 83' lang='lat' dir='ltr'><strong>indignationis</strong></span> <span class='ocrx_word' id='word_1_284' title='bbox 1894 2216 2028 2260; x_wconf 68' lang='lat' dir='ltr'><strong>suae.</strong></span> <span class='ocrx_word' id='word_1_285' title='bbox 2065 2203 2105 2258; x_wconf 87' lang='grc' dir='ltr'><strong>Β</strong></span> 
     </span>
    </p>
   </div>
   <div class='ocr_carea' id='block_1_36' title="bbox 445 2287 2034 2356">
    <p class='ocr_par' dir='ltr' id='par_1_36' title="bbox 445 2287 2034 2356">
     <span class='ocr_line' id='line_1_36' title="bbox 445 2287 2034 2356; baseline 0.002 -15"><span class='ocrx_word' id='word_1_286' title='bbox 445 2287 863 2356; x_wconf 82' lang='lat' dir='ltr'><strong>indignationem</strong></span> <span class='ocrx_word' id='word_1_287' title='bbox 896 2297 944 2342; x_wconf 89' lang='lat' dir='ltr'><strong>et</strong></span> <span class='ocrx_word' id='word_1_288' title='bbox 978 2288 1117 2340; x_wconf 90' lang='lat' dir='ltr'><strong>iram</strong></span> <span class='ocrx_word' id='word_1_289' title='bbox 1140 2297 1190 2342; x_wconf 88' lang='lat' dir='ltr'><strong>et</strong></span> <span class='ocrx_word' id='word_1_290' title='bbox 1213 2287 1629 2352; x_wconf 78' lang='lat' dir='ltr'><strong>tribulationem,</strong></span> <span class='ocrx_word' id='word_1_291' title='bbox 1654 2289 2034 2344; x_wconf 80' lang='lat' dir='ltr'><strong>immissionem</strong></span> 
     </span>
    </p>
   </div>
   <div class='ocr_carea' id='block_1_37' title="bbox 451 2381 2033 2452">
    <p class='ocr_par' dir='ltr' id='par_1_37' title="bbox 451 2381 2033 2452">
     <span class='ocr_line' id='line_1_37' title="bbox 451 2381 2033 2452; baseline -0.001 -16"><span class='ocrx_word' id='word_1_292' title='bbox 451 2398 548 2452; x_wconf 89' lang='lat' dir='ltr'><strong>per</strong></span> <span class='ocrx_word' id='word_1_293' title='bbox 563 2382 774 2450; x_wconf 87' lang='lat' dir='ltr'><strong>angelos</strong></span> <span class='ocrx_word' id='word_1_294' title='bbox 792 2381 980 2436; x_wconf 87' lang='lat' dir='ltr'><strong>malos.</strong></span> <span class='ocrx_word' id='word_1_295' title='bbox 997 2381 1148 2435; x_wconf 85' lang='lat' dir='ltr'><strong>Viam</strong></span> <span class='ocrx_word' id='word_1_296' title='bbox 1165 2381 1288 2451; x_wconf 78' lang='lat' dir='ltr'><strong>fecit</strong></span> <span class='ocrx_word' id='word_1_297' title='bbox 1317 2382 1517 2436; x_wconf 80' lang='lat' dir='ltr'><strong>semita:</strong></span> <span class='ocrx_word' id='word_1_298' title='bbox 1554 2383 1650 2435; x_wconf 78' lang='lat' dir='ltr'><strong>ira:</strong></span> <span class='ocrx_word' id='word_1_299' title='bbox 1667 2399 1798 2446; x_wconf 64' lang='lat' dir='ltr'><strong>suae,</strong></span> <span class='ocrx_word' id='word_1_300' title='bbox 1814 2398 1916 2435; x_wconf 89' lang='lat' dir='ltr'><strong>non</strong></span> <span class='ocrx_word' id='word_1_301' title='bbox 1943 2398 2033 2451; x_wconf 84' lang='lat' dir='ltr'><strong>pe-</strong></span> 
     </span>
    </p>
   </div>
   <div class='ocr_carea' id='block_1_38' title="bbox 452 2473 2033 2545">
    <p class='ocr_par' dir='ltr' id='par_1_38' title="bbox 452 2473 2033 2545">
     <span class='ocr_line' id='line_1_38' title="bbox 452 2473 2033 2545; baseline 0.001 -17"><span class='ocrx_word' id='word_1_302' title='bbox 452 2474 617 2544; x_wconf 75' lang='lat' dir='ltr'><strong>percit</strong></span> <span class='ocrx_word' id='word_1_303' title='bbox 647 2491 678 2527; x_wconf 91' lang='lat' dir='ltr'><strong>a</strong></span> <span class='ocrx_word' id='word_1_304' title='bbox 705 2485 869 2528; x_wconf 87' lang='lat' dir='ltr'><strong>morte</strong></span> <span class='ocrx_word' id='word_1_305' title='bbox 889 2473 1168 2528; x_wconf 78' lang='lat' dir='ltr'><strong>animabus</strong></span> <span class='ocrx_word' id='word_1_306' title='bbox 1198 2490 1402 2539; x_wconf 85' lang='lat' dir='ltr'><strong>eorum,</strong></span> <span class='ocrx_word' id='word_1_307' title='bbox 1436 2485 1485 2528; x_wconf 90' lang='lat' dir='ltr'><strong>et</strong></span> <span class='ocrx_word' id='word_1_308' title='bbox 1503 2474 1746 2545; x_wconf 87' lang='lat' dir='ltr'><strong>jumenta</strong></span> <span class='ocrx_word' id='word_1_309' title='bbox 1767 2490 1949 2528; x_wconf 88' lang='lat' dir='ltr'><strong>eorum</strong></span> <span class='ocrx_word' id='word_1_310' title='bbox 1979 2475 2033 2529; x_wconf 82' lang='lat' dir='ltr'><strong>in</strong></span> 
     </span>
    </p>
   </div>
   <div class='ocr_carea' id='block_1_39' title="bbox 451 2566 2033 2639">
    <p class='ocr_par' dir='ltr' id='par_1_39' title="bbox 451 2566 2033 2639">
     <span class='ocr_line' id='line_1_39' title="bbox 451 2566 2033 2639; baseline 0 -19"><span class='ocrx_word' id='word_1_311' title='bbox 451 2578 616 2622; x_wconf 88' lang='lat' dir='ltr'><strong>morte</strong></span> <span class='ocrx_word' id='word_1_312' title='bbox 652 2567 928 2622; x_wconf 83' lang='lat' dir='ltr'><strong>conclusit.</strong></span> <span class='ocrx_word' id='word_1_313' title='bbox 968 2566 1037 2620; x_wconf 86' lang='lat' dir='ltr'><strong>Et</strong></span> <span class='ocrx_word' id='word_1_314' title='bbox 1060 2569 1320 2636; x_wconf 76' lang='lat' dir='ltr'><strong>percussit</strong></span> <span class='ocrx_word' id='word_1_315' title='bbox 1351 2584 1501 2622; x_wconf 87' lang='lat' dir='ltr'><strong>omne</strong></span> <span class='ocrx_word' id='word_1_316' title='bbox 1525 2569 1932 2639; x_wconf 80' lang='lat' dir='ltr'><strong>primogenitum</strong></span> <span class='ocrx_word' id='word_1_317' title='bbox 1978 2567 2033 2620; x_wconf 84' lang='lat' dir='ltr'><strong>in</strong></span> 
     </span>
    </p>
   </div>
   <div class='ocr_carea' id='block_1_40' title="bbox 453 2659 2034 2731">
    <p class='ocr_par' dir='ltr' id='par_1_40' title="bbox 453 2659 2034 2731">
     <span class='ocr_line' id='line_1_40' title="bbox 453 2659 2034 2731; baseline -0.002 -17"><span class='ocrx_word' id='word_1_318' title='bbox 453 2659 840 2731; x_wconf 53' lang='lat' dir='ltr'><strong>terranggpti,</strong></span> <span class='ocrx_word' id='word_1_319' title='bbox 857 2661 1124 2727; x_wconf 83' lang='lat' dir='ltr'><strong>primitias</strong></span> <span class='ocrx_word' id='word_1_320' title='bbox 1145 2662 1313 2713; x_wconf 85' lang='lat' dir='ltr'><strong>omnis</strong></span> <span class='ocrx_word' id='word_1_321' title='bbox 1337 2660 1538 2714; x_wconf 86' lang='lat' dir='ltr'><strong>laboris</strong></span> <span class='ocrx_word' id='word_1_322' title='bbox 1558 2677 1739 2714; x_wconf 91' lang='lat' dir='ltr'><strong>eorum</strong></span> <span class='ocrx_word' id='word_1_323' title='bbox 1772 2661 1826 2713; x_wconf 90' lang='lat' dir='ltr'><strong>in</strong></span> <span class='ocrx_word' id='word_1_324' title='bbox 1858 2659 1945 2712; x_wconf 85' lang='lat' dir='ltr'><strong>tab</strong></span> <span class='ocrx_word' id='word_1_325' title='bbox 1956 2675 2034 2712; x_wconf 91' lang='lat' dir='ltr'><strong>er-</strong></span> 
     </span>
    </p>
   </div>
   <div class='ocr_carea' id='block_1_41' title="bbox 449 2751 2033 2823">
    <p class='ocr_par' dir='ltr' id='par_1_41' title="bbox 449 2751 2033 2823">
     <span class='ocr_line' id='line_1_41' title="bbox 449 2751 2033 2823; baseline -0.001 -17"><span class='ocrx_word' id='word_1_326' title='bbox 449 2753 654 2807; x_wconf 84' lang='lat' dir='ltr'><strong>naculis</strong></span> <span class='ocrx_word' id='word_1_327' title='bbox 667 2752 855 2809; x_wconf 80' lang='lat' dir='ltr'><strong>Citam.</strong></span> <span class='ocrx_word' id='word_1_328' title='bbox 878 2751 1084 2808; x_wconf 59' lang='lat' dir='ltr'><strong>Praeter</strong></span> <span class='ocrx_word' id='word_1_329' title='bbox 1098 2767 1160 2807; x_wconf 87' lang='lat' dir='ltr'><strong>ea</strong></span> <span class='ocrx_word' id='word_1_330' title='bbox 1173 2768 1298 2823; x_wconf 63' lang='lat' dir='ltr'><strong>quae</strong></span> <span class='ocrx_word' id='word_1_331' title='bbox 1315 2753 1566 2822; x_wconf 78' lang='lat' dir='ltr'><strong>superius</strong></span> <span class='ocrx_word' id='word_1_332' title='bbox 1581 2755 1726 2807; x_wconf 90' lang='lat' dir='ltr'><strong>dicta</strong></span> <span class='ocrx_word' id='word_1_333' title='bbox 1743 2760 1894 2814; x_wconf 85' lang='lat' dir='ltr'><strong>sunt,</strong></span> <span class='ocrx_word' id='word_1_334' title='bbox 1918 2752 2033 2806; x_wconf 59' lang='lat' dir='ltr'><strong>hac</strong></span> 
     </span>
    </p>
   </div>
   <div class='ocr_carea' id='block_1_42' title="bbox 450 2843 2030 2915">
    <p class='ocr_par' dir='ltr' id='par_1_42' title="bbox 450 2843 2030 2915">
     <span class='ocr_line' id='line_1_42' title="bbox 450 2843 2030 2915; baseline -0.001 -17"><span class='ocrx_word' id='word_1_335' title='bbox 450 2845 614 2898; x_wconf 87' lang='lat' dir='ltr'><strong>etiam</strong></span> <span class='ocrx_word' id='word_1_336' title='bbox 639 2852 833 2898; x_wconf 89' lang='lat' dir='ltr'><strong>contra</strong></span> <span class='ocrx_word' id='word_1_337' title='bbox 867 2843 1157 2915; x_wconf 62' lang='lat' dir='ltr'><strong>Egyptios</strong></span> <span class='ocrx_word' id='word_1_338' title='bbox 1183 2858 1282 2912; x_wconf 88' lang='lat' dir='ltr'><strong>pro</strong></span> <span class='ocrx_word' id='word_1_339' title='bbox 1327 2845 1504 2899; x_wconf 88' lang='lat' dir='ltr'><strong>salute</strong></span> <span class='ocrx_word' id='word_1_340' title='bbox 1538 2843 1722 2914; x_wconf 86' lang='lat' dir='ltr'><strong>populi</strong></span> <span class='ocrx_word' id='word_1_341' title='bbox 1768 2850 2030 2912; x_wconf 83' lang='lat' dir='ltr'><strong>operatus</strong></span> 
     </span>
    </p>
   </div>
   <div class='ocr_carea' id='block_1_43' title="bbox 450 2933 2033 3006">
    <p class='ocr_par' dir='ltr' id='par_1_43' title="bbox 450 2933 2033 3006">
     <span class='ocr_line' id='line_1_43' title="bbox 450 2933 2033 3006; baseline 0 -18"><span class='ocrx_word' id='word_1_342' title='bbox 450 2935 595 2991; x_wconf 81' lang='lat' dir='ltr'><strong>Deus</strong></span> <span class='ocrx_word' id='word_1_343' title='bbox 624 2933 910 2991; x_wconf 80' lang='lat' dir='ltr'><strong>est:Misit</strong></span> <span class='ocrx_word' id='word_1_344' title='bbox 933 2937 988 2989; x_wconf 85' lang='lat' dir='ltr'><strong>in</strong></span> <span class='ocrx_word' id='word_1_345' title='bbox 1017 2952 1104 2990; x_wconf 82' lang='lat' dir='ltr'><strong>eos</strong></span> <span class='ocrx_word' id='word_1_346' title='bbox 1129 2937 1268 2990; x_wconf 86' lang='lat' dir='ltr'><strong>iram</strong></span> <span class='ocrx_word' id='word_1_347' title='bbox 1289 2935 1674 3006; x_wconf 83' lang='lat' dir='ltr'><strong>indignationis</strong></span> <span class='ocrx_word' id='word_1_348' title='bbox 1719 2951 1850 2994; x_wconf 66' lang='lat' dir='ltr'><strong>sure.</strong></span> <span class='ocrx_word' id='word_1_349' title='bbox 1894 2935 2033 2988; x_wconf 86' lang='lat' dir='ltr'><strong>indi—</strong></span> 
     </span>
    </p>
   </div>
   <div class='ocr_carea' id='block_1_44' title="bbox 449 3027 2032 3097">
    <p class='ocr_par' dir='ltr' id='par_1_44' title="bbox 449 3027 2032 3097">
     <span class='ocr_line' id='line_1_44' title="bbox 449 3027 2032 3097; baseline 0 -17"><span class='ocrx_word' id='word_1_350' title='bbox 449 3027 754 3097; x_wconf 78' lang='lat' dir='ltr'><strong>gnationem</strong></span> <span class='ocrx_word' id='word_1_351' title='bbox 795 3036 844 3081; x_wconf 90' lang='lat' dir='ltr'><strong>et</strong></span> <span class='ocrx_word' id='word_1_352' title='bbox 876 3028 1015 3080; x_wconf 88' lang='lat' dir='ltr'><strong>iram</strong></span> <span class='ocrx_word' id='word_1_353' title='bbox 1039 3036 1089 3082; x_wconf 77' lang='lat' dir='ltr'><strong>et</strong></span> <span class='ocrx_word' id='word_1_354' title='bbox 1117 3027 1535 3082; x_wconf 85' lang='lat' dir='ltr'><strong>tribulationem.</strong></span> <span class='ocrx_word' id='word_1_355' title='bbox 1577 3027 1713 3082; x_wconf 91' lang='lat' dir='ltr'><strong>Cum</strong></span> <span class='ocrx_word' id='word_1_356' title='bbox 1733 3035 1913 3082; x_wconf 88' lang='lat' dir='ltr'><strong>autem</strong></span> <span class='ocrx_word' id='word_1_357' title='bbox 1951 3027 2032 3080; x_wconf 85' lang='lat' dir='ltr'><strong>ira</strong></span> 
     </span>
    </p>
   </div>
   <div class='ocr_carea' id='block_1_45' title="bbox 449 3115 2033 3188">
    <p class='ocr_par' dir='ltr' id='par_1_45' title="bbox 449 3115 2033 3188">
     <span class='ocr_line' id='line_1_45' title="bbox 449 3115 2033 3188; baseline 0 -16"><span class='ocrx_word' id='word_1_358' title='bbox 449 3127 504 3172; x_wconf 91' lang='lat' dir='ltr'><strong>et</strong></span> <span class='ocrx_word' id='word_1_359' title='bbox 535 3115 838 3188; x_wconf 70' lang='lat' dir='ltr'><strong>indignatio</strong></span> <span class='ocrx_word' id='word_1_360' title='bbox 866 3116 1186 3187; x_wconf 75' lang='lat' dir='ltr'><strong>frequenter</strong></span> <span class='ocrx_word' id='word_1_361' title='bbox 1209 3126 1565 3183; x_wconf 80' lang='lat' dir='ltr'><strong>memoretur,</strong></span> <span class='ocrx_word' id='word_1_362' title='bbox 1600 3119 1692 3172; x_wconf 88' lang='lat' dir='ltr'><strong>hic</strong></span> <span class='ocrx_word' id='word_1_363' title='bbox 1716 3133 1899 3174; x_wconf 88' lang='lat' dir='ltr'><strong>sermo</strong></span> <span class='ocrx_word' id='word_1_364' title='bbox 1929 3119 2033 3172; x_wconf 87' lang='lat' dir='ltr'><strong>hu-</strong></span> 
     </span>
    </p>
   </div>
   <div class='ocr_carea' id='block_1_46' title="bbox 449 3205 2033 3278">
    <p class='ocr_par' dir='ltr' id='par_1_46' title="bbox 449 3205 2033 3278">
     <span class='ocr_line' id='line_1_46' title="bbox 449 3205 2033 3278; baseline 0.001 -18"><span class='ocrx_word' id='word_1_365' title='bbox 449 3207 546 3277; x_wconf 72' lang='lat' dir='ltr'><strong>jus</strong></span> <span class='ocrx_word' id='word_1_366' title='bbox 592 3207 745 3262; x_wconf 80' lang='lat' dir='ltr'><strong>vocis</strong></span> <span class='ocrx_word' id='word_1_367' title='bbox 801 3205 1260 3276; x_wconf 82' lang='lat' dir='ltr'><strong>signiﬁcationem</strong></span> <span class='ocrx_word' id='word_1_368' title='bbox 1317 3206 1375 3262; x_wconf 86' lang='lat' dir='ltr'><strong>in</strong></span> <span class='ocrx_word' id='word_1_369' title='bbox 1428 3207 1788 3278; x_wconf 83' lang='lat' dir='ltr'><strong>sequentibus</strong></span> <span class='ocrx_word' id='word_1_370' title='bbox 1857 3208 2033 3277; x_wconf 84' lang='lat' dir='ltr'><strong>aperit</strong></span> 
     </span>
    </p>
   </div>
   <div class='ocr_carea' id='block_1_47' title="bbox 453 3297 2030 3370">
    <p class='ocr_par' dir='ltr' id='par_1_47' title="bbox 453 3297 2030 3370">
     <span class='ocr_line' id='line_1_47' title="bbox 453 3297 2030 3370; baseline 0.002 -18"><span class='ocrx_word' id='word_1_371' title='bbox 453 3298 665 3365; x_wconf 84' lang='lat' dir='ltr'><strong>dicens,</strong></span> <span class='ocrx_word' id='word_1_372' title='bbox 697 3297 1090 3354; x_wconf 85' lang='lat' dir='ltr'><strong>Immissionem</strong></span> <span class='ocrx_word' id='word_1_373' title='bbox 1119 3315 1211 3368; x_wconf 79' lang='lat' dir='ltr'><strong>per</strong></span> <span class='ocrx_word' id='word_1_374' title='bbox 1267 3300 1482 3370; x_wconf 77' lang='lat' dir='ltr'><strong>angelos</strong></span> <span class='ocrx_word' id='word_1_375' title='bbox 1525 3299 1729 3360; x_wconf 82' lang='lat' dir='ltr'><strong>malos;</strong></span> <span class='ocrx_word' id='word_1_376' title='bbox 1775 3301 1889 3355; x_wconf 84' lang='lat' dir='ltr'><strong>sive</strong></span> <span class='ocrx_word' id='word_1_377' title='bbox 1942 3317 2030 3355; x_wconf 89' lang='lat' dir='ltr'><strong>se-</strong></span> 
     </span>
    </p>
   </div>
   <div class='ocr_carea' id='block_1_48' title="bbox 454 3391 2031 3464">
    <p class='ocr_par' dir='ltr' id='par_1_48' title="bbox 454 3391 2031 3464">
     <span class='ocr_line' id='line_1_48' title="bbox 454 3391 2031 3464; baseline 0 -18"><span class='ocrx_word' id='word_1_378' title='bbox 454 3392 694 3446; x_wconf 90' lang='lat' dir='ltr'><strong>cundum</strong></span> <span class='ocrx_word' id='word_1_379' title='bbox 718 3392 1130 3464; x_wconf 83' lang='lat' dir='ltr'><strong>Symmachum,</strong></span> <span class='ocrx_word' id='word_1_380' title='bbox 1149 3391 1536 3449; x_wconf 84' lang='lat' dir='ltr'><strong>Immissionem</strong></span> <span class='ocrx_word' id='word_1_381' title='bbox 1559 3393 1863 3461; x_wconf 84' lang='lat' dir='ltr'><strong>angelorum</strong></span> <span class='ocrx_word' id='word_1_382' title='bbox 1886 3393 2031 3446; x_wconf 90' lang='lat' dir='ltr'><strong>mala</strong></span> 
     </span>
    </p>
   </div>
   <div class='ocr_carea' id='block_1_49' title="bbox 453 3483 2031 3556">
    <p class='ocr_par' dir='ltr' id='par_1_49' title="bbox 453 3483 2031 3556">
     <span class='ocr_line' id='line_1_49' title="bbox 453 3483 2031 3556; baseline 0 -18"><span class='ocrx_word' id='word_1_383' title='bbox 453 3484 808 3554; x_wconf 74' lang='lat' dir='ltr'><strong>inferentium.</strong></span> <span class='ocrx_word' id='word_1_384' title='bbox 837 3483 976 3538; x_wconf 88' lang='lat' dir='ltr'><strong>Nam</strong></span> <span class='ocrx_word' id='word_1_385' title='bbox 1007 3485 1326 3556; x_wconf 76' lang='lat' dir='ltr'><strong>angelorum</strong></span> <span class='ocrx_word' id='word_1_386' title='bbox 1366 3485 1511 3539; x_wconf 90' lang='lat' dir='ltr'><strong>mala</strong></span> <span class='ocrx_word' id='word_1_387' title='bbox 1548 3484 1899 3540; x_wconf 81' lang='lat' dir='ltr'><strong>inferentium</strong></span> <span class='ocrx_word' id='word_1_388' title='bbox 1927 3488 2031 3538; x_wconf 86' lang='lat' dir='ltr'><strong>im-</strong></span> 
     </span>
    </p>
   </div>
   <div class='ocr_carea' id='block_1_50' title="bbox 453 3566 2104 3648">
    <p class='ocr_par' dir='ltr' id='par_1_50' title="bbox 453 3566 2104 3648">
     <span class='ocr_line' id='line_1_50' title="bbox 453 3566 2104 3648; baseline 0.001 -18"><span class='ocrx_word' id='word_1_389' title='bbox 453 3577 666 3643; x_wconf 89' lang='lat' dir='ltr'><strong>missio,</strong></span> <span class='ocrx_word' id='word_1_390' title='bbox 701 3577 1001 3633; x_wconf 84' lang='lat' dir='ltr'><strong>secundum</strong></span> <span class='ocrx_word' id='word_1_391' title='bbox 1034 3577 1334 3633; x_wconf 84' lang='lat' dir='ltr'><strong>humanum</strong></span> <span class='ocrx_word' id='word_1_392' title='bbox 1384 3577 1662 3648; x_wconf 86' lang='lat' dir='ltr'><strong>cogitandi</strong></span> <span class='ocrx_word' id='word_1_393' title='bbox 1708 3593 1915 3632; x_wconf 90' lang='lat' dir='ltr'><strong>morem</strong></span> <span class='ocrx_word' id='word_1_394' title='bbox 1952 3577 2031 3632; x_wconf 90' lang='lat' dir='ltr'><strong>ira</strong></span> <span class='ocrx_word' id='word_1_395' title='bbox 2062 3566 2104 3622; x_wconf 71' lang='grc' dir='ltr'><strong>(ἶ</strong></span> 
     </span>
    </p>
   </div>
   <div class='ocr_carea' id='block_1_51' title="bbox 453 3667 2038 3740">
    <p class='ocr_par' dir='ltr' id='par_1_51' title="bbox 453 3667 2038 3740">
     <span class='ocr_line' id='line_1_51' title="bbox 453 3667 2038 3740; baseline 0 -16"><span class='ocrx_word' id='word_1_396' title='bbox 453 3676 509 3724; x_wconf 88' lang='lat' dir='ltr'><strong>et</strong></span> <span class='ocrx_word' id='word_1_397' title='bbox 540 3668 842 3739; x_wconf 87' lang='lat' dir='ltr'><strong>indignatio</strong></span> <span class='ocrx_word' id='word_1_398' title='bbox 871 3669 962 3724; x_wconf 88' lang='lat' dir='ltr'><strong>Dei</strong></span> <span class='ocrx_word' id='word_1_399' title='bbox 990 3685 1113 3725; x_wconf 90' lang='lat' dir='ltr'><strong>esse</strong></span> <span class='ocrx_word' id='word_1_400' title='bbox 1140 3677 1382 3740; x_wconf 87' lang='lat' dir='ltr'><strong>putatur.</strong></span> <span class='ocrx_word' id='word_1_401' title='bbox 1410 3667 1532 3724; x_wconf 82' lang='lat' dir='ltr'><strong>Non</strong></span> <span class='ocrx_word' id='word_1_402' title='bbox 1573 3670 1723 3725; x_wconf 91' lang='lat' dir='ltr'><strong>enim</strong></span> <span class='ocrx_word' id='word_1_403' title='bbox 1761 3668 1857 3725; x_wconf 71' lang='lat' dir='ltr'><strong>ira:</strong></span> <span class='ocrx_word' id='word_1_404' title='bbox 1883 3685 2038 3724; x_wconf 86' lang='lat' dir='ltr'><strong>com-</strong></span> 
     </span>
    </p>
   </div>
   <div class='ocr_carea' id='block_1_52' title="bbox 455 3761 2034 3832">
    <p class='ocr_par' dir='ltr' id='par_1_52' title="bbox 455 3761 2034 3832">
     <span class='ocr_line' id='line_1_52' title="bbox 455 3761 2034 3832; baseline 0.002 -17"><span class='ocrx_word' id='word_1_405' title='bbox 455 3761 754 3815; x_wconf 84' lang='lat' dir='ltr'><strong>motionem</strong></span> <span class='ocrx_word' id='word_1_406' title='bbox 801 3761 858 3816; x_wconf 89' lang='lat' dir='ltr'><strong>in</strong></span> <span class='ocrx_word' id='word_1_407' title='bbox 916 3761 1030 3818; x_wconf 88' lang='lat' dir='ltr'><strong>Deo</strong></span> <span class='ocrx_word' id='word_1_408' title='bbox 1077 3764 1391 3823; x_wconf 70' lang='lat' dir='ltr'><strong>existimem</strong></span> <span class='ocrx_word' id='word_1_409' title='bbox 1442 3773 1874 3820; x_wconf 84' lang='lat' dir='ltr'><strong>consentaneum</strong></span> <span class='ocrx_word' id='word_1_410' title='bbox 1909 3774 2034 3832; x_wconf 88' lang='lat' dir='ltr'><strong>est;</strong></span> 
     </span>
    </p>
   </div>
   <div class='ocr_carea' id='block_1_53' title="bbox 454 3853 2038 3928">
    <p class='ocr_par' dir='ltr' id='par_1_53' title="bbox 454 3853 2038 3928">
     <span class='ocr_line' id='line_1_53' title="bbox 454 3853 2038 3928; baseline 0.002 -18"><span class='ocrx_word' id='word_1_411' title='bbox 454 3855 552 3910; x_wconf 81' lang='lat' dir='ltr'><strong>sed</strong></span> <span class='ocrx_word' id='word_1_412' title='bbox 599 3853 867 3925; x_wconf 87' lang='lat' dir='ltr'><strong>supplicia</strong></span> <span class='ocrx_word' id='word_1_413' title='bbox 912 3855 1098 3926; x_wconf 83' lang='lat' dir='ltr'><strong>impiis</strong></span> <span class='ocrx_word' id='word_1_414' title='bbox 1125 3857 1276 3926; x_wconf 87' lang='lat' dir='ltr'><strong>justo</strong></span> <span class='ocrx_word' id='word_1_415' title='bbox 1319 3856 1414 3912; x_wconf 88' lang='lat' dir='ltr'><strong>Dei</strong></span> <span class='ocrx_word' id='word_1_416' title='bbox 1457 3857 1671 3928; x_wconf 84' lang='lat' dir='ltr'><strong>judicio</strong></span> <span class='ocrx_word' id='word_1_417' title='bbox 1699 3873 1797 3928; x_wconf 88' lang='lat' dir='ltr'><strong>per</strong></span> <span class='ocrx_word' id='word_1_418' title='bbox 1825 3859 2038 3913; x_wconf 79' lang='lat' dir='ltr'><strong>immis-</strong></span> 
     </span>
    </p>
   </div>
   <div class='ocr_carea' id='block_1_54' title="bbox 457 3947 2036 4020">
    <p class='ocr_par' dir='ltr' id='par_1_54' title="bbox 457 3947 2036 4020">
     <span class='ocr_line' id='line_1_54' title="bbox 457 3947 2036 4020; baseline 0.001 -18"><span class='ocrx_word' id='word_1_419' title='bbox 457 3947 668 4002; x_wconf 87' lang='lat' dir='ltr'><strong>sionem</strong></span> <span class='ocrx_word' id='word_1_420' title='bbox 695 3947 1038 4018; x_wconf 82' lang='lat' dir='ltr'><strong>angelorum,</strong></span> <span class='ocrx_word' id='word_1_421' title='bbox 1060 3951 1153 4020; x_wconf 89' lang='lat' dir='ltr'><strong>qui</strong></span> <span class='ocrx_word' id='word_1_422' title='bbox 1170 3950 1234 4004; x_wconf 89' lang='lat' dir='ltr'><strong>ad</strong></span> <span class='ocrx_word' id='word_1_423' title='bbox 1257 3950 1359 4005; x_wconf 81' lang='lat' dir='ltr'><strong>hoc</strong></span> <span class='ocrx_word' id='word_1_424' title='bbox 1375 3949 1616 4020; x_wconf 85' lang='lat' dir='ltr'><strong>deputati</strong></span> <span class='ocrx_word' id='word_1_425' title='bbox 1637 3957 1787 4013; x_wconf 86' lang='lat' dir='ltr'><strong>sunt,</strong></span> <span class='ocrx_word' id='word_1_426' title='bbox 1812 3949 2036 4018; x_wconf 78' lang='lat' dir='ltr'><strong>inﬂicta,</strong></span> 
     </span>
    </p>
   </div>
   <div class='ocr_carea' id='block_1_55' title="bbox 457 4037 2042 4115">
    <p class='ocr_par' dir='ltr' id='par_1_55' title="bbox 457 4037 2042 4115">
     <span class='ocr_line' id='line_1_55' title="bbox 457 4037 2042 4115; baseline 0.005 -23"><span class='ocrx_word' id='word_1_427' title='bbox 457 4039 538 4092; x_wconf 81' lang='lat' dir='ltr'><strong>ira</strong></span> <span class='ocrx_word' id='word_1_428' title='bbox 568 4047 621 4093; x_wconf 85' lang='lat' dir='ltr'><strong>et</strong></span> <span class='ocrx_word' id='word_1_429' title='bbox 648 4037 954 4110; x_wconf 82' lang='lat' dir='ltr'><strong>indignatio</strong></span> <span class='ocrx_word' id='word_1_430' title='bbox 982 4049 1272 4096; x_wconf 77' lang='lat' dir='ltr'><strong>vocantur.</strong></span> <span class='ocrx_word' id='word_1_431' title='bbox 1300 4041 1569 4097; x_wconf 68' lang='lat' dir='ltr'><strong>Caeterum</strong></span> <span class='ocrx_word' id='word_1_432' title='bbox 1599 4058 1724 4097; x_wconf 92' lang='lat' dir='ltr'><strong>cum</strong></span> <span class='ocrx_word' id='word_1_433' title='bbox 1767 4043 2042 4115; x_wconf 64' lang='lat' dir='ltr'><strong>Egyptiis-</strong></span> 
     </span>
    </p>
   </div>
   <div class='ocr_carea' id='block_1_56' title="bbox 458 4131 2040 4202">
    <p class='ocr_par' dir='ltr' id='par_1_56' title="bbox 458 4131 2040 4202">
     <span class='ocr_line' id='line_1_56' title="bbox 458 4131 2040 4202; baseline 0.003 -17"><span class='ocrx_word' id='word_1_434' title='bbox 458 4131 834 4186; x_wconf 88' lang='lat' dir='ltr'><strong>immissiones</strong></span> <span class='ocrx_word' id='word_1_435' title='bbox 895 4133 1216 4202; x_wconf 78' lang='lat' dir='ltr'><strong>angelorum</strong></span> <span class='ocrx_word' id='word_1_436' title='bbox 1269 4134 1412 4187; x_wconf 88' lang='lat' dir='ltr'><strong>mala</strong></span> <span class='ocrx_word' id='word_1_437' title='bbox 1471 4133 1824 4189; x_wconf 82' lang='lat' dir='ltr'><strong>inferentium</strong></span> <span class='ocrx_word' id='word_1_438' title='bbox 1883 4135 2040 4190; x_wconf 67' lang='lat' dir='ltr'><strong>factae</strong></span> 
     </span>
    </p>
   </div>
   <div class='ocr_carea' id='block_1_57' title="bbox 459 4222 2038 4293">
    <p class='ocr_par' dir='ltr' id='par_1_57' title="bbox 459 4222 2038 4293">
     <span class='ocr_line' id='line_1_57' title="bbox 459 4222 2038 4293; baseline 0.004 -19"><span class='ocrx_word' id='word_1_439' title='bbox 459 4222 712 4286; x_wconf 82' lang='lat' dir='ltr'><strong>fuissent,</strong></span> <span class='ocrx_word' id='word_1_440' title='bbox 744 4223 862 4293; x_wconf 84' lang='lat' dir='ltr'><strong>ipse</strong></span> <span class='ocrx_word' id='word_1_441' title='bbox 888 4224 1027 4277; x_wconf 70' lang='lat' dir='ltr'><strong>viam</strong></span> <span class='ocrx_word' id='word_1_442' title='bbox 1059 4223 1189 4280; x_wconf 77' lang='lat' dir='ltr'><strong>fecit</strong></span> <span class='ocrx_word' id='word_1_443' title='bbox 1211 4227 1421 4280; x_wconf 70' lang='lat' dir='ltr'><strong>semita:</strong></span> <span class='ocrx_word' id='word_1_444' title='bbox 1448 4227 1544 4280; x_wconf 65' lang='lat' dir='ltr'><strong>irae</strong></span> <span class='ocrx_word' id='word_1_445' title='bbox 1572 4241 1705 4290; x_wconf 66' lang='lat' dir='ltr'><strong>suae,</strong></span> <span class='ocrx_word' id='word_1_446' title='bbox 1738 4227 2038 4282; x_wconf 90' lang='lat' dir='ltr'><strong>secundum</strong></span> 
     </span>
    </p>
   </div>
   <div class='ocr_carea' id='block_1_58' title="bbox 461 4313 2039 4388">
    <p class='ocr_par' dir='ltr' id='par_1_58' title="bbox 461 4313 2039 4388">
     <span class='ocr_line' id='line_1_58' title="bbox 461 4313 2039 4388; baseline 0.004 -20"><span class='ocrx_word' id='word_1_447' title='bbox 461 4313 848 4385; x_wconf 81' lang='lat' dir='ltr'><strong>Symmachum</strong></span> <span class='ocrx_word' id='word_1_448' title='bbox 891 4331 1040 4379; x_wconf 77' lang='lat' dir='ltr'><strong>vero,</strong></span> <span class='ocrx_word' id='word_1_449' title='bbox 1070 4317 1260 4371; x_wconf 75' lang='lat' dir='ltr'><strong>stravit</strong></span> <span class='ocrx_word' id='word_1_450' title='bbox 1304 4317 1493 4372; x_wconf 87' lang='lat' dir='ltr'><strong>callem</strong></span> <span class='ocrx_word' id='word_1_451' title='bbox 1527 4319 1624 4372; x_wconf 75' lang='lat' dir='ltr'><strong>ira:</strong></span> <span class='ocrx_word' id='word_1_452' title='bbox 1665 4334 1795 4374; x_wconf 74' lang='lat' dir='ltr'><strong>aute.</strong></span> <span class='ocrx_word' id='word_1_453' title='bbox 1833 4317 2039 4388; x_wconf 73' lang='lat' dir='ltr'><strong>[lisque</strong></span> 
     </span>
    </p>
   </div>
   <div class='ocr_carea' id='block_1_59' title="bbox 461 4405 2040 4481">
    <p class='ocr_par' dir='ltr' id='par_1_59' title="bbox 461 4405 2040 4481">
     <span class='ocr_line' id='line_1_59' title="bbox 461 4405 2040 4481; baseline 0.005 -23"><span class='ocrx_word' id='word_1_454' title='bbox 461 4405 722 4461; x_wconf 90' lang='lat' dir='ltr'><strong>traditum</strong></span> <span class='ocrx_word' id='word_1_455' title='bbox 773 4407 975 4477; x_wconf 82' lang='lat' dir='ltr'><strong>populo</strong></span> <span class='ocrx_word' id='word_1_456' title='bbox 1004 4417 1251 4478; x_wconf 84' lang='lat' dir='ltr'><strong>tempore</strong></span> <span class='ocrx_word' id='word_1_457' title='bbox 1285 4409 1447 4465; x_wconf 70' lang='lat' dir='ltr'><strong>illata:</strong></span> <span class='ocrx_word' id='word_1_458' title='bbox 1481 4409 1754 4481; x_wconf 65' lang='lat' dir='ltr'><strong>Egyptiis</strong></span> <span class='ocrx_word' id='word_1_459' title='bbox 1778 4411 2040 4466; x_wconf 72' lang='lat' dir='ltr'><strong>vindicta:</strong></span> 
     </span>
    </p>
   </div>
   <div class='ocr_carea' id='block_1_60' title="bbox 459 4498 2040 4568">
    <p class='ocr_par' dir='ltr' id='par_1_60' title="bbox 459 4498 2040 4568">
     <span class='ocr_line' id='line_1_60' title="bbox 459 4498 2040 4568; baseline 0.004 -16"><span class='ocrx_word' id='word_1_460' title='bbox 459 4498 754 4568; x_wconf 69' lang='lat' dir='ltr'><strong>mysticum</strong></span> <span class='ocrx_word' id='word_1_461' title='bbox 786 4499 993 4553; x_wconf 80' lang='lat' dir='ltr'><strong>cultum</strong></span> <span class='ocrx_word' id='word_1_462' title='bbox 1040 4500 1393 4556; x_wconf 85' lang='lat' dir='ltr'><strong>subindicare</strong></span> <span class='ocrx_word' id='word_1_463' title='bbox 1434 4503 1566 4556; x_wconf 87' lang='lat' dir='ltr'><strong>mihi</strong></span> <span class='ocrx_word' id='word_1_464' title='bbox 1615 4502 1849 4558; x_wconf 84' lang='lat' dir='ltr'><strong>videtur.</strong></span> <span class='ocrx_word' id='word_1_465' title='bbox 1883 4501 2040 4558; x_wconf 86' lang='lat' dir='ltr'><strong>Tunc</strong></span> 
     </span>
    </p>
   </div>
   <div class='ocr_carea' id='block_1_61' title="bbox 458 4589 2040 4660">
    <p class='ocr_par' dir='ltr' id='par_1_61' title="bbox 458 4589 2040 4660">
     <span class='ocr_line' id='line_1_61' title="bbox 458 4589 2040 4660; baseline 0.001 -12"><span class='ocrx_word' id='word_1_466' title='bbox 458 4591 606 4648; x_wconf 83' lang='lat' dir='ltr'><strong>enim</strong></span> <span class='ocrx_word' id='word_1_467' title='bbox 627 4591 854 4660; x_wconf 86' lang='lat' dir='ltr'><strong>jubetur</strong></span> <span class='ocrx_word' id='word_1_468' title='bbox 877 4589 1101 4648; x_wconf 59' lang='lat' dir='ltr'><strong>Pascha;</strong></span> <span class='ocrx_word' id='word_1_469' title='bbox 1139 4591 1335 4648; x_wconf 76' lang='lat' dir='ltr'><strong>festum</strong></span> <span class='ocrx_word' id='word_1_470' title='bbox 1375 4594 1663 4658; x_wconf 88' lang='lat' dir='ltr'><strong>celebrari,</strong></span> <span class='ocrx_word' id='word_1_471' title='bbox 1685 4601 1740 4649; x_wconf 89' lang='lat' dir='ltr'><strong>et</strong></span> <span class='ocrx_word' id='word_1_472' title='bbox 1766 4595 2040 4650; x_wconf 86' lang='lat' dir='ltr'><strong>immolari</strong></span> 
     </span>
    </p>
   </div>
   <div class='ocr_carea' id='block_1_62' title="bbox 461 4684 2040 4756">
    <p class='ocr_par' dir='ltr' id='par_1_62' title="bbox 461 4684 2040 4756">
     <span class='ocr_line' id='line_1_62' title="bbox 461 4684 2040 4756; baseline 0.003 -19"><span class='ocrx_word' id='word_1_473' title='bbox 461 4699 662 4753; x_wconf 84' lang='lat' dir='ltr'><strong>agnum</strong></span> <span class='ocrx_word' id='word_1_474' title='bbox 703 4684 770 4740; x_wconf 90' lang='lat' dir='ltr'><strong>ad</strong></span> <span class='ocrx_word' id='word_1_475' title='bbox 815 4684 1126 4756; x_wconf 85' lang='lat' dir='ltr'><strong>symbolum</strong></span> <span class='ocrx_word' id='word_1_476' title='bbox 1151 4684 1288 4756; x_wconf 71' lang='grc' dir='ltr'><strong>Δειιί</strong></span> <span class='ocrx_word' id='word_1_477' title='bbox 1323 4684 1416 4742; x_wconf 86' lang='lat' dir='ltr'><strong>Dei</strong></span> <span class='ocrx_word' id='word_1_478' title='bbox 1457 4701 1555 4756; x_wconf 90' lang='lat' dir='ltr'><strong>pro</strong></span> <span class='ocrx_word' id='word_1_479' title='bbox 1581 4685 1898 4742; x_wconf 87' lang='lat' dir='ltr'><strong>hominibus</strong></span> <span class='ocrx_word' id='word_1_480' title='bbox 1940 4686 2040 4741; x_wconf 88' lang='lat' dir='ltr'><strong>im-</strong></span> 
     </span>
    </p>
   </div>
   <div class='ocr_carea' id='block_1_63' title="bbox 461 4774 2040 4850">
    <p class='ocr_par' dir='ltr' id='par_1_63' title="bbox 461 4774 2040 4850">
     <span class='ocr_line' id='line_1_63' title="bbox 461 4774 2040 4850; baseline 0.003 -21"><span class='ocrx_word' id='word_1_481' title='bbox 461 4774 724 4840; x_wconf 87' lang='lat' dir='ltr'><strong>molandi,</strong></span> <span class='ocrx_word' id='word_1_482' title='bbox 751 4775 1053 4847; x_wconf 86' lang='lat' dir='ltr'><strong>inungique</strong></span> <span class='ocrx_word' id='word_1_483' title='bbox 1082 4777 1350 4849; x_wconf 82' lang='lat' dir='ltr'><strong>sanguine</strong></span> <span class='ocrx_word' id='word_1_484' title='bbox 1383 4777 1821 4850; x_wconf 87' lang='lat' dir='ltr'><strong>superliminaria</strong></span> <span class='ocrx_word' id='word_1_485' title='bbox 1849 4778 2040 4834; x_wconf 82' lang='lat' dir='ltr'><strong>domo-</strong></span> 
     </span>
    </p>
   </div>
   <div class='ocr_carea' id='block_1_64' title="bbox 2216 2195 3714 2268">
    <p class='ocr_par' dir='ltr' id='par_1_64' title="bbox 2216 2195 3714 2268">
     <span class='ocr_line' id='line_1_64' title="bbox 2216 2195 3714 2268; baseline 0.003 -20"><span class='ocrx_word' id='word_1_486' title='bbox 2216 2195 2672 2261; x_wconf 77' lang='grc' dir='ltr'><em>Ἐξαπέστειλεν</em></span> <span class='ocrx_word' id='word_1_487' title='bbox 2697 2199 2784 2264; x_wconf 77' lang='grc' dir='ltr'><strong>εις</strong></span> <span class='ocrx_word' id='word_1_488' title='bbox 2810 2197 3032 2265; x_wconf 86' lang='grc' dir='ltr'><em>αὐτοὺς</em></span> <span class='ocrx_word' id='word_1_489' title='bbox 3057 2198 3244 2268; x_wconf 78' lang='grc' dir='ltr'><em>ὀργὴν</em></span> <span class='ocrx_word' id='word_1_490' title='bbox 3275 2198 3466 2268; x_wconf 79' lang='grc' dir='ltr'><em>θυμοῦ</em></span> <span class='ocrx_word' id='word_1_491' title='bbox 3506 2198 3714 2263; x_wconf 82' lang='grc' dir='ltr'><em>αὑτοῦ,</em></span> 
     </span>
    </p>
   </div>
   <div class='ocr_carea' id='block_1_65' title="bbox 2137 2287 3722 2360">
    <p class='ocr_par' dir='ltr' id='par_1_65' title="bbox 2137 2287 3722 2360">
     <span class='ocr_line' id='line_1_65' title="bbox 2137 2287 3722 2360; baseline 0.002 -19"><span class='ocrx_word' id='word_1_492' title='bbox 2137 2288 2329 2357; x_wconf 81' lang='grc' dir='ltr'><em>θυμὸν</em></span> <span class='ocrx_word' id='word_1_493' title='bbox 2355 2289 2454 2342; x_wconf 71' lang='grc' dir='ltr'><em>καὶ</em></span> <span class='ocrx_word' id='word_1_494' title='bbox 2494 2288 2681 2359; x_wconf 76' lang='grc' dir='ltr'><em>ὀργὴν</em></span> <span class='ocrx_word' id='word_1_495' title='bbox 2717 2289 2818 2344; x_wconf 82' lang='grc' dir='ltr'><em>καὶ</em></span> <span class='ocrx_word' id='word_1_496' title='bbox 2849 2290 3080 2358; x_wconf 80' lang='grc' dir='ltr'><em>θλίψιν,</em></span> <span class='ocrx_word' id='word_1_497' title='bbox 3121 2287 3476 2358; x_wconf 78' lang='grc' dir='ltr'><em>ἀποστολὴν</em></span> <span class='ocrx_word' id='word_1_498' title='bbox 3516 2289 3592 2342; x_wconf 85' lang='grc' dir='ltr'><em>δι’</em></span> <span class='ocrx_word' id='word_1_499' title='bbox 3617 2291 3722 2360; x_wconf 66' lang='grc' dir='ltr'><strong>ἀτ-</strong></span> 
     </span>
    </p>
   </div>
   <div class='ocr_carea' id='block_1_66' title="bbox 2139 2381 3723 2454">
    <p class='ocr_par' dir='ltr' id='par_1_66' title="bbox 2139 2381 3723 2454">
     <span class='ocr_line' id='line_1_66' title="bbox 2139 2381 3723 2454; baseline 0.003 -20"><span class='ocrx_word' id='word_1_500' title='bbox 2139 2381 2331 2450; x_wconf 62' lang='lat' dir='ltr'><strong>Tum</strong></span> <span class='ocrx_word' id='word_1_501' title='bbox 2367 2383 3036 2451; x_wconf 82' lang='grc' dir='ltr'><em>πονηρῶν.Ὧδοποίησε</em></span> <span class='ocrx_word' id='word_1_502' title='bbox 3069 2384 3269 2452; x_wconf 76' lang='grc' dir='ltr'><em>τρίϐον</em></span> <span class='ocrx_word' id='word_1_503' title='bbox 3315 2383 3383 2453; x_wconf 81' lang='grc' dir='ltr'><em>τῇ</em></span> <span class='ocrx_word' id='word_1_504' title='bbox 3429 2382 3579 2454; x_wconf 77' lang='grc' dir='ltr'><em>ὀργῇ</em></span> <span class='ocrx_word' id='word_1_505' title='bbox 3615 2387 3723 2440; x_wconf 65' lang='lat' dir='ltr'><strong>ai)-</strong></span> 
     </span>
    </p>
   </div>
   <div class='ocr_carea' id='block_1_67' title="bbox 2138 2472 3723 2548">
    <p class='ocr_par' dir='ltr' id='par_1_67' title="bbox 2138 2472 3723 2548">
     <span class='ocr_line' id='line_1_67' title="bbox 2138 2472 3723 2548; baseline 0.003 -22"><span class='ocrx_word' id='word_1_506' title='bbox 2138 2472 2266 2538; x_wconf 85' lang='grc' dir='ltr'><em>τοῦ,</em></span> <span class='ocrx_word' id='word_1_507' title='bbox 2293 2476 2404 2528; x_wconf 87' lang='grc' dir='ltr'><em>οὐκ</em></span> <span class='ocrx_word' id='word_1_508' title='bbox 2432 2475 2714 2544; x_wconf 64' lang='grc' dir='ltr'><em>ἐφείσατο</em></span> <span class='ocrx_word' id='word_1_509' title='bbox 2743 2475 2862 2530; x_wconf 84' lang='grc' dir='ltr'><strong>ἀπὸ</strong></span> <span class='ocrx_word' id='word_1_510' title='bbox 2892 2474 3152 2531; x_wconf 82' lang='grc' dir='ltr'><em>θανάτου</em></span> <span class='ocrx_word' id='word_1_511' title='bbox 3194 2476 3312 2530; x_wconf 83' lang='grc' dir='ltr'><em>τῶν</em></span> <span class='ocrx_word' id='word_1_512' title='bbox 3360 2477 3577 2548; x_wconf 71' lang='grc' dir='ltr'><em>ψυχῶν</em></span> <span class='ocrx_word' id='word_1_513' title='bbox 3616 2479 3723 2531; x_wconf 87' lang='grc' dir='ltr'><strong>αὐ-</strong></span> 
     </span>
    </p>
   </div>
   <div class='ocr_carea' id='block_1_68' title="bbox 2139 2566 3724 2639">
    <p class='ocr_par' dir='ltr' id='par_1_68' title="bbox 2139 2566 3724 2639">
     <span class='ocr_line' id='line_1_68' title="bbox 2139 2566 3724 2639; baseline 0.001 -19"><span class='ocrx_word' id='word_1_514' title='bbox 2139 2566 2277 2630; x_wconf 81' lang='grc' dir='ltr'><em>τῶν,</em></span> <span class='ocrx_word' id='word_1_515' title='bbox 2306 2568 2406 2624; x_wconf 74' lang='grc' dir='ltr'><strong>καί</strong></span> <span class='ocrx_word' id='word_1_516' title='bbox 2426 2568 2497 2622; x_wconf 83' lang='grc' dir='ltr'><em>τὰ</em></span> <span class='ocrx_word' id='word_1_517' title='bbox 2527 2568 2718 2639; x_wconf 79' lang='grc' dir='ltr'><em>κτηνὴ</em></span> <span class='ocrx_word' id='word_1_518' title='bbox 2748 2568 2948 2624; x_wconf 74' lang='grc' dir='ltr'><em>αὐτῶν</em></span> <span class='ocrx_word' id='word_1_519' title='bbox 2986 2571 3075 2636; x_wconf 82' lang='grc' dir='ltr'><em>εις</em></span> <span class='ocrx_word' id='word_1_520' title='bbox 3117 2568 3384 2626; x_wconf 82' lang='grc' dir='ltr'><em>θάνατον</em></span> <span class='ocrx_word' id='word_1_521' title='bbox 3415 2571 3724 2624; x_wconf 79' lang='grc' dir='ltr'><em>συνέκλει-</em></span> 
     </span>
    </p>
   </div>
   <div class='ocr_carea' id='block_1_69' title="bbox 2138 2659 3724 2732">
    <p class='ocr_par' dir='ltr' id='par_1_69' title="bbox 2138 2659 3724 2732">
     <span class='ocr_line' id='line_1_69' title="bbox 2138 2659 3724 2732; baseline 0.001 -18"><span class='ocrx_word' id='word_1_522' title='bbox 2138 2677 2231 2716; x_wconf 87' lang='grc' dir='ltr'><strong>σε.</strong></span> <span class='ocrx_word' id='word_1_523' title='bbox 2268 2659 2382 2716; x_wconf 83' lang='grc' dir='ltr'><strong>Καὶ</strong></span> <span class='ocrx_word' id='word_1_524' title='bbox 2431 2660 2692 2726; x_wconf 75' lang='grc' dir='ltr'><em>ἐπάταξε</em></span> <span class='ocrx_word' id='word_1_525' title='bbox 2723 2661 2846 2717; x_wconf 85' lang='grc' dir='ltr'><em>πᾶν</em></span> <span class='ocrx_word' id='word_1_526' title='bbox 2896 2664 3272 2731; x_wconf 77' lang='grc' dir='ltr'><em>πρωτότοκον</em></span> <span class='ocrx_word' id='word_1_527' title='bbox 3313 2662 3385 2715; x_wconf 80' lang='grc' dir='ltr'><em>ἐν</em></span> <span class='ocrx_word' id='word_1_528' title='bbox 3426 2661 3506 2732; x_wconf 76' lang='grc' dir='ltr'><strong>γῇ</strong></span> <span class='ocrx_word' id='word_1_529' title='bbox 3547 2664 3724 2732; x_wconf 77' lang='grc' dir='ltr'><em>Αίγύ-</em></span> 
     </span>
    </p>
   </div>
   <div class='ocr_carea' id='block_1_70' title="bbox 2139 2753 3727 2823">
    <p class='ocr_par' dir='ltr' id='par_1_70' title="bbox 2139 2753 3727 2823">
     <span class='ocr_line' id='line_1_70' title="bbox 2139 2753 3727 2823; baseline 0 -17"><span class='ocrx_word' id='word_1_530' title='bbox 2139 2770 2284 2818; x_wconf 86' lang='grc' dir='ltr'><em>πτῳ,</em></span> <span class='ocrx_word' id='word_1_531' title='bbox 2316 2753 2603 2823; x_wconf 73' lang='grc' dir='ltr'><em>ἀπαρχὴν</em></span> <span class='ocrx_word' id='word_1_532' title='bbox 2638 2754 2867 2821; x_wconf 83' lang='grc' dir='ltr'><em>παντὸς</em></span> <span class='ocrx_word' id='word_1_533' title='bbox 2889 2755 3080 2808; x_wconf 84' lang='grc' dir='ltr'><em>πόνου</em></span> <span class='ocrx_word' id='word_1_534' title='bbox 3106 2753 3306 2808; x_wconf 81' lang='grc' dir='ltr'><em>αὐτῶν</em></span> <span class='ocrx_word' id='word_1_535' title='bbox 3329 2755 3400 2808; x_wconf 83' lang='grc' dir='ltr'><em>ἐν</em></span> <span class='ocrx_word' id='word_1_536' title='bbox 3423 2754 3547 2820; x_wconf 85' lang='grc' dir='ltr'><em>τοῖς</em></span> <span class='ocrx_word' id='word_1_537' title='bbox 3576 2770 3727 2820; x_wconf 79' lang='grc' dir='ltr'><em>σκη-</em></span> 
     </span>
    </p>
   </div>
   <div class='ocr_carea' id='block_1_71' title="bbox 2139 2845 3722 2918">
    <p class='ocr_par' dir='ltr' id='par_1_71' title="bbox 2139 2845 3722 2918">
     <span class='ocr_line' id='line_1_71' title="bbox 2139 2845 3722 2918; baseline 0.001 -20"><span class='ocrx_word' id='word_1_538' title='bbox 2139 2846 2367 2915; x_wconf 83' lang='grc' dir='ltr'><em>νώμασι</em></span> <span class='ocrx_word' id='word_1_539' title='bbox 2400 2846 2548 2916; x_wconf 83' lang='grc' dir='ltr'><em>Χάμ.</em></span> <span class='ocrx_word' id='word_1_540' title='bbox 2589 2847 2734 2918; x_wconf 83' lang='grc' dir='ltr'><em>Πρὸς</em></span> <span class='ocrx_word' id='word_1_541' title='bbox 2785 2849 2900 2909; x_wconf 87' lang='grc' dir='ltr'><em>τοῖς</em></span> <span class='ocrx_word' id='word_1_542' title='bbox 2947 2845 3184 2916; x_wconf 86' lang='grc' dir='ltr'><em>λεχθεῖσι</em></span> <span class='ocrx_word' id='word_1_543' title='bbox 3233 2847 3328 2899; x_wconf 69' lang='grc' dir='ltr'><em>καὶ</em></span> <span class='ocrx_word' id='word_1_544' title='bbox 3369 2845 3546 2898; x_wconf 85' lang='grc' dir='ltr'><em>ταῦτα</em></span> <span class='ocrx_word' id='word_1_545' title='bbox 3580 2846 3722 2900; x_wconf 64' lang='grc' dir='ltr'><em>κατὰ</em></span> 
     </span>
    </p>
   </div>
   <div class='ocr_carea' id='block_1_72' title="bbox 2139 2937 3724 3010">
    <p class='ocr_par' dir='ltr' id='par_1_72' title="bbox 2139 2937 3724 3010">
     <span class='ocr_line' id='line_1_72' title="bbox 2139 2937 3724 3010; baseline -0.001 -18"><span class='ocrx_word' id='word_1_546' title='bbox 2139 2940 2247 2992; x_wconf 83' lang='grc' dir='ltr'><strong>τῶν</strong></span> <span class='ocrx_word' id='word_1_547' title='bbox 2280 2940 2594 3008; x_wconf 82' lang='grc' dir='ltr'><strong>Αἰγυπτίων</strong></span> <span class='ocrx_word' id='word_1_548' title='bbox 2637 2939 2778 3010; x_wconf 81' lang='grc' dir='ltr'><em>ὑπὲρ</em></span> <span class='ocrx_word' id='word_1_549' title='bbox 2809 2938 2910 3009; x_wconf 79' lang='grc' dir='ltr'><em>τῆς</em></span> <span class='ocrx_word' id='word_1_550' title='bbox 2949 2939 3224 3010; x_wconf 81' lang='grc' dir='ltr'><em>σωτηρίας</em></span> <span class='ocrx_word' id='word_1_551' title='bbox 3247 2937 3342 2991; x_wconf 89' lang='grc' dir='ltr'><strong>τοῦ</strong></span> <span class='ocrx_word' id='word_1_552' title='bbox 3371 2937 3500 2990; x_wconf 84' lang='grc' dir='ltr'><em>λαοῦ</em></span> <span class='ocrx_word' id='word_1_553' title='bbox 3536 2941 3564 2991; x_wconf 86' lang='grc' dir='ltr'>ὁ</span> <span class='ocrx_word' id='word_1_554' title='bbox 3591 2937 3724 3002; x_wconf 80' lang='grc' dir='ltr'><em>Θεὸς</em></span> 
     </span>
    </p>
   </div>
   <div class='ocr_carea' id='block_1_73' title="bbox 2140 3027 3724 3107">
    <p class='ocr_par' dir='ltr' id='par_1_73' title="bbox 2140 3027 3724 3107">
     <span class='ocr_line' id='line_1_73' title="bbox 2140 3027 3724 3107; baseline -0.001 -25"><span class='ocrx_word' id='word_1_555' title='bbox 2140 3030 2454 3102; x_wconf 74' lang='grc' dir='ltr'><em>εἰργάζετο·</em></span> <span class='ocrx_word' id='word_1_556' title='bbox 2503 3030 2958 3095; x_wconf 83' lang='grc' dir='ltr'><em>Ἐξαπέστειλεν</em></span> <span class='ocrx_word' id='word_1_557' title='bbox 3001 3031 3090 3096; x_wconf 77' lang='grc' dir='ltr'><em>εις</em></span> <span class='ocrx_word' id='word_1_558' title='bbox 3130 3028 3353 3095; x_wconf 84' lang='grc' dir='ltr'><em>αὐτοὺς</em></span> <span class='ocrx_word' id='word_1_559' title='bbox 3405 3027 3590 3098; x_wconf 78' lang='grc' dir='ltr'><em>ὀργὴν</em></span> <span class='ocrx_word' id='word_1_560' title='bbox 3615 3031 3724 3107; x_wconf 39' lang='grc' dir='ltr'><em>,θιν-</em></span> 
     </span>
    </p>
   </div>
   <div class='ocr_carea' id='block_1_74' title="bbox 2135 3123 3727 3196">
    <p class='ocr_par' dir='ltr' id='par_1_74' title="bbox 2135 3123 3727 3196">
     <span class='ocr_line' id='line_1_74' title="bbox 2135 3123 3727 3196; baseline 0.001 -18"><span class='ocrx_word' id='word_1_561' title='bbox 2135 3125 2253 3194; x_wconf 79' lang='grc' dir='ltr'><strong>μοῦ</strong></span> <span class='ocrx_word' id='word_1_562' title='bbox 2296 3125 2502 3190; x_wconf 79' lang='grc' dir='ltr'><em>αὑτοῦ,</em></span> <span class='ocrx_word' id='word_1_563' title='bbox 2529 3124 2722 3195; x_wconf 81' lang='grc' dir='ltr'><em>θυμόν</em></span> <span class='ocrx_word' id='word_1_564' title='bbox 2763 3124 2862 3178; x_wconf 76' lang='grc' dir='ltr'><em>καὶ</em></span> <span class='ocrx_word' id='word_1_565' title='bbox 2897 3124 3086 3196; x_wconf 72' lang='grc' dir='ltr'><em>ὀργὴν</em></span> <span class='ocrx_word' id='word_1_566' title='bbox 3127 3124 3227 3178; x_wconf 79' lang='grc' dir='ltr'><em>καὶ</em></span> <span class='ocrx_word' id='word_1_567' title='bbox 3257 3125 3488 3192; x_wconf 69' lang='grc' dir='ltr'><em>θλίψιν.</em></span> <span class='ocrx_word' id='word_1_568' title='bbox 3521 3123 3727 3180; x_wconf 75' lang='grc' dir='ltr'><em>Πολλαο</em></span> 
     </span>
    </p>
   </div>
   <div class='ocr_carea' id='block_1_75' title="bbox 2139 3214 3726 3289">
    <p class='ocr_par' dir='ltr' id='par_1_75' title="bbox 2139 3214 3726 3289">
     <span class='ocr_line' id='line_1_75' title="bbox 2139 3214 3726 3289; baseline -0.002 -18"><span class='ocrx_word' id='word_1_569' title='bbox 2139 3217 2233 3289; x_wconf 83' lang='grc' dir='ltr'><strong>χοῦ</strong></span> <span class='ocrx_word' id='word_1_570' title='bbox 2263 3217 2318 3269; x_wconf 81' lang='grc' dir='ltr'><em>δὲ</em></span> <span class='ocrx_word' id='word_1_571' title='bbox 2343 3219 2441 3287; x_wconf 82' lang='grc' dir='ltr'><em>τῆς</em></span> <span class='ocrx_word' id='word_1_572' title='bbox 2458 3218 2627 3288; x_wconf 81' lang='grc' dir='ltr'><em>ὀργῆς</em></span> <span class='ocrx_word' id='word_1_573' title='bbox 2646 3215 3052 3288; x_wconf 73' lang='grc' dir='ltr'><strong>ὀνομαζομένης</strong></span> <span class='ocrx_word' id='word_1_574' title='bbox 3080 3216 3172 3270; x_wconf 76' lang='grc' dir='ltr'><em>καὶ</em></span> <span class='ocrx_word' id='word_1_575' title='bbox 3198 3214 3290 3268; x_wconf 85' lang='grc' dir='ltr'><strong>τοῦ</strong></span> <span class='ocrx_word' id='word_1_576' title='bbox 3318 3215 3511 3286; x_wconf 83' lang='grc' dir='ltr'><em>θυμοῦ,</em></span> <span class='ocrx_word' id='word_1_577' title='bbox 3529 3217 3558 3268; x_wconf 92' lang='lat'><strong>6</strong></span> <span class='ocrx_word' id='word_1_578' title='bbox 3588 3231 3726 3288; x_wconf 86' lang='grc' dir='ltr'><em>παρ-</em></span> 
     </span>
    </p>
   </div>
   <div class='ocr_carea' id='block_1_76' title="bbox 2139 3309 3722 3382">
    <p class='ocr_par' dir='ltr' id='par_1_76' title="bbox 2139 3309 3722 3382">
     <span class='ocr_line' id='line_1_76' title="bbox 2139 3309 3722 3382; baseline -0.001 -20"><span class='ocrx_word' id='word_1_579' title='bbox 2139 3309 2215 3362; x_wconf 85' lang='grc' dir='ltr'>ὼν</span> <span class='ocrx_word' id='word_1_580' title='bbox 2249 3309 2404 3377; x_wconf 88' lang='grc' dir='ltr'><em>λόγος</em></span> <span class='ocrx_word' id='word_1_581' title='bbox 2435 3309 2536 3380; x_wconf 85' lang='grc' dir='ltr'><strong>τὴν</strong></span> <span class='ocrx_word' id='word_1_582' title='bbox 2593 3310 2832 3364; x_wconf 83' lang='grc' dir='ltr'><em>διάνοιαν</em></span> <span class='ocrx_word' id='word_1_583' title='bbox 2863 3309 3155 3382; x_wconf 76' lang='grc' dir='ltr'><em>ἑρμηνεύει</em></span> <span class='ocrx_word' id='word_1_584' title='bbox 3189 3309 3287 3380; x_wconf 82' lang='grc' dir='ltr'><em>τῆς</em></span> <span class='ocrx_word' id='word_1_585' title='bbox 3323 3309 3579 3378; x_wconf 85' lang='grc' dir='ltr'><em>τοιαύτης</em></span> <span class='ocrx_word' id='word_1_586' title='bbox 3608 3327 3722 3378; x_wconf 72' lang='grc' dir='ltr'><em>(ρω-</em></span> 
     </span>
    </p>
   </div>
   <div class='ocr_carea' id='block_1_77' title="bbox 2139 3398 3721 3472">
    <p class='ocr_par' dir='ltr' id='par_1_77' title="bbox 2139 3398 3721 3472">
     <span class='ocr_line' id='line_1_77' title="bbox 2139 3398 3721 3472; baseline 0 -20"><span class='ocrx_word' id='word_1_587' title='bbox 2139 3401 2235 3472; x_wconf 82' lang='grc' dir='ltr'><em>νῆς</em></span> <span class='ocrx_word' id='word_1_588' title='bbox 2271 3398 2399 3469; x_wconf 82' lang='grc' dir='ltr'><strong>ἑξῆς</strong></span> <span class='ocrx_word' id='word_1_589' title='bbox 2433 3400 2731 3469; x_wconf 79' lang='grc' dir='ltr'><em>ἐπιλέγων·</em></span> <span class='ocrx_word' id='word_1_590' title='bbox 2781 3399 3152 3468; x_wconf 79' lang='grc' dir='ltr'><em>Ἀποστολὴν</em></span> <span class='ocrx_word' id='word_1_591' title='bbox 3209 3401 3283 3454; x_wconf 82' lang='grc' dir='ltr'><em>δι’</em></span> <span class='ocrx_word' id='word_1_592' title='bbox 3316 3398 3580 3468; x_wconf 66' lang='grc' dir='ltr'><em>ἀγγέλων</em></span> <span class='ocrx_word' id='word_1_593' title='bbox 3610 3414 3721 3452; x_wconf 81' lang='grc' dir='ltr'><em>πο-</em></span> 
     </span>
    </p>
   </div>
   <div class='ocr_carea' id='block_1_78' title="bbox 2139 3489 3715 3564">
    <p class='ocr_par' dir='ltr' id='par_1_78' title="bbox 2139 3489 3715 3564">
     <span class='ocr_line' id='line_1_78' title="bbox 2139 3489 3715 3564; baseline 0.001 -20"><span class='ocrx_word' id='word_1_594' title='bbox 2139 3491 2372 3560; x_wconf 78' lang='grc' dir='ltr'><em>νηρῶνο</em></span> <span class='ocrx_word' id='word_1_595' title='bbox 2404 3493 2438 3562; x_wconf 83' lang='grc' dir='ltr'>ἢ</span> <span class='ocrx_word' id='word_1_596' title='bbox 2465 3491 2607 3545; x_wconf 85' lang='grc' dir='ltr'><em>κατὰ</em></span> <span class='ocrx_word' id='word_1_597' title='bbox 2632 3492 2722 3545; x_wconf 81' lang='grc' dir='ltr'><em>τὸν</em></span> <span class='ocrx_word' id='word_1_598' title='bbox 2753 3492 3076 3564; x_wconf 88' lang='grc' dir='ltr'><em>Σύμμαχον,</em></span> <span class='ocrx_word' id='word_1_599' title='bbox 3125 3489 3576 3559; x_wconf 80' lang='grc' dir='ltr'><em>Ἐπαποστολὴν</em></span> <span class='ocrx_word' id='word_1_600' title='bbox 3608 3491 3715 3561; x_wconf 64' lang='grc' dir='ltr'><strong>ἀγ-</strong></span> 
     </span>
    </p>
   </div>
   <div class='ocr_carea' id='block_1_79' title="bbox 2137 3581 3718 3655">
    <p class='ocr_par' dir='ltr' id='par_1_79' title="bbox 2137 3581 3718 3655">
     <span class='ocr_line' id='line_1_79' title="bbox 2137 3581 3718 3655; baseline 0 -19"><span class='ocrx_word' id='word_1_601' title='bbox 2137 3583 2334 3651; x_wconf 72' lang='grc' dir='ltr'><em>γέλων</em></span> <span class='ocrx_word' id='word_1_602' title='bbox 2363 3583 2728 3636; x_wconf 80' lang='grc' dir='ltr'><em>κακούντων.</em></span> <span class='ocrx_word' id='word_1_603' title='bbox 2749 3583 2812 3635; x_wconf 85' lang='lat' dir='ltr'><strong>&#39;H</strong></span> <span class='ocrx_word' id='word_1_604' title='bbox 2846 3583 2953 3655; x_wconf 83' lang='grc' dir='ltr'><em>γὰρ</em></span> <span class='ocrx_word' id='word_1_605' title='bbox 2986 3583 3094 3636; x_wconf 83' lang='grc' dir='ltr'><strong>τῶν</strong></span> <span class='ocrx_word' id='word_1_606' title='bbox 3135 3583 3444 3636; x_wconf 87' lang='grc' dir='ltr'><em>κακούντων</em></span> <span class='ocrx_word' id='word_1_607' title='bbox 3470 3581 3718 3651; x_wconf 80' lang='grc' dir='ltr'><em>ἀγγέλων</em></span> 
     </span>
    </p>
   </div>
   <div class='ocr_carea' id='block_1_80' title="bbox 2138 3672 3722 3744">
    <p class='ocr_par' dir='ltr' id='par_1_80' title="bbox 2138 3672 3722 3744">
     <span class='ocr_line' id='line_1_80' title="bbox 2138 3672 3722 3744; baseline 0 -18"><span class='ocrx_word' id='word_1_608' title='bbox 2138 3673 2480 3744; x_wconf 79' lang='grc' dir='ltr'><em>ὲπαποστολὴ</em></span> <span class='ocrx_word' id='word_1_609' title='bbox 2535 3673 2612 3737; x_wconf 80' lang='grc' dir='ltr'><em>ὼς</em></span> <span class='ocrx_word' id='word_1_610' title='bbox 2660 3673 2798 3744; x_wconf 86' lang='grc' dir='ltr'><em>πρὸς</em></span> <span class='ocrx_word' id='word_1_611' title='bbox 2846 3673 3170 3744; x_wconf 78' lang='grc' dir='ltr'><em>ἀνθρώπους</em></span> <span class='ocrx_word' id='word_1_612' title='bbox 3217 3673 3503 3742; x_wconf 79' lang='grc' dir='ltr'><em>ἐνομίζετο</em></span> <span class='ocrx_word' id='word_1_613' title='bbox 3553 3672 3722 3744; x_wconf 80' lang='grc' dir='ltr'><em>θυμὸς</em></span> 
     </span>
    </p>
   </div>
   <div class='ocr_carea' id='block_1_81' title="bbox 2138 3761 3725 3838">
    <p class='ocr_par' dir='ltr' id='par_1_81' title="bbox 2138 3761 3725 3838">
     <span class='ocr_line' id='line_1_81' title="bbox 2138 3761 3725 3838; baseline -0.004 -18"><span class='ocrx_word' id='word_1_614' title='bbox 2138 3762 2276 3820; x_wconf 72' lang='grc' dir='ltr'><em>εἶναι</em></span> <span class='ocrx_word' id='word_1_615' title='bbox 2324 3767 2416 3821; x_wconf 71' lang='grc' dir='ltr'><em>καὶ</em></span> <span class='ocrx_word' id='word_1_616' title='bbox 2462 3767 2598 3838; x_wconf 83' lang='grc' dir='ltr'><em>ὀργὴ</em></span> <span class='ocrx_word' id='word_1_617' title='bbox 2645 3765 2800 3820; x_wconf 89' lang='grc' dir='ltr'><em>Θεοῦ.</em></span> <span class='ocrx_word' id='word_1_618' title='bbox 2838 3767 2911 3820; x_wconf 84' lang='grc' dir='ltr'><em>Ού</em></span> <span class='ocrx_word' id='word_1_619' title='bbox 2947 3766 3055 3836; x_wconf 81' lang='grc' dir='ltr'><em>γὰρ</em></span> <span class='ocrx_word' id='word_1_620' title='bbox 3082 3766 3146 3836; x_wconf 85' lang='grc' dir='ltr'><em>δὴ</em></span> <span class='ocrx_word' id='word_1_621' title='bbox 3180 3765 3350 3829; x_wconf 81' lang='grc' dir='ltr'><em>πάθος</em></span> <span class='ocrx_word' id='word_1_622' title='bbox 3384 3761 3523 3818; x_wconf 84' lang='grc' dir='ltr'><em>εἶναι</em></span> <span class='ocrx_word' id='word_1_623' title='bbox 3555 3765 3725 3836; x_wconf 74' lang='grc' dir='ltr'><em>ὀργῆς</em></span> 
     </span>
    </p>
   </div>
   <div class='ocr_carea' id='block_1_82' title="bbox 2140 3853 3725 3928">
    <p class='ocr_par' dir='ltr' id='par_1_82' title="bbox 2140 3853 3725 3928">
     <span class='ocr_line' id='line_1_82' title="bbox 2140 3853 3725 3928; baseline -0.001 -20"><span class='ocrx_word' id='word_1_624' title='bbox 2140 3857 2269 3927; x_wconf 77' lang='grc' dir='ltr'><em>περὶ</em></span> <span class='ocrx_word' id='word_1_625' title='bbox 2317 3856 2408 3909; x_wconf 82' lang='grc' dir='ltr'><em>τὸν</em></span> <span class='ocrx_word' id='word_1_626' title='bbox 2452 3853 2585 3908; x_wconf 79' lang='grc' dir='ltr'><em>Θεὸν</em></span> <span class='ocrx_word' id='word_1_627' title='bbox 2623 3857 2886 3928; x_wconf 79' lang='grc' dir='ltr'><em>προσήκει</em></span> <span class='ocrx_word' id='word_1_628' title='bbox 2914 3853 3157 3926; x_wconf 74' lang='grc' dir='ltr'><em>νομίζειν</em></span> <span class='ocrx_word' id='word_1_629' title='bbox 3177 3873 3190 3886; x_wconf 86' lang='grc'><strong>·</strong></span> <span class='ocrx_word' id='word_1_630' title='bbox 3221 3855 3321 3918; x_wconf 83' lang='grc' dir='ltr'><em>τὰς</em></span> <span class='ocrx_word' id='word_1_631' title='bbox 3357 3856 3415 3908; x_wconf 83' lang='grc' dir='ltr'><em>δὲ</em></span> <span class='ocrx_word' id='word_1_632' title='bbox 3445 3855 3586 3908; x_wconf 71' lang='grc' dir='ltr'><em>κατὰ</em></span> <span class='ocrx_word' id='word_1_633' title='bbox 3618 3855 3725 3907; x_wconf 80' lang='grc' dir='ltr'><strong>τῶν</strong></span> 
     </span>
    </p>
   </div>
   <div class='ocr_carea' id='block_1_83' title="bbox 2138 3945 3725 4018">
    <p class='ocr_par' dir='ltr' id='par_1_83' title="bbox 2138 3945 3725 4018">
     <span class='ocr_line' id='line_1_83' title="bbox 2138 3945 3725 4018; baseline -0.003 -17"><span class='ocrx_word' id='word_1_634' title='bbox 2138 3946 2350 4001; x_wconf 74' lang='grc' dir='ltr'><em>ἀσεϐῶν</em></span> <span class='ocrx_word' id='word_1_635' title='bbox 2386 3947 2660 4018; x_wconf 81' lang='grc' dir='ltr'><em>τιμωρίας</em></span> <span class='ocrx_word' id='word_1_636' title='bbox 2703 3947 2881 4017; x_wconf 87' lang='grc' dir='ltr'><em>κρίσει</em></span> <span class='ocrx_word' id='word_1_637' title='bbox 2922 3947 3106 4018; x_wconf 85' lang='grc' dir='ltr'><em>δικαίᾳ</em></span> <span class='ocrx_word' id='word_1_638' title='bbox 3150 3945 3285 3999; x_wconf 88' lang='grc' dir='ltr'><em>Θεοῦ</em></span> <span class='ocrx_word' id='word_1_639' title='bbox 3329 3947 3394 3999; x_wconf 84' lang='grc' dir='ltr'><em>δι’</em></span> <span class='ocrx_word' id='word_1_640' title='bbox 3423 3945 3725 4013; x_wconf 66' lang='grc' dir='ltr'><em>ἀποστολὴν</em></span> 
     </span>
    </p>
   </div>
   <div class='ocr_carea' id='block_1_84' title="bbox 2137 4037 3726 4109">
    <p class='ocr_par' dir='ltr' id='par_1_84' title="bbox 2137 4037 3726 4109">
     <span class='ocr_line' id='line_1_84' title="bbox 2137 4037 3726 4109; baseline -0.004 -15"><span class='ocrx_word' id='word_1_641' title='bbox 2137 4039 2384 4108; x_wconf 83' lang='grc' dir='ltr'><em>ἀγγέλων</em></span> <span class='ocrx_word' id='word_1_642' title='bbox 2406 4039 2516 4093; x_wconf 84' lang='grc' dir='ltr'><strong>τῶν</strong></span> <span class='ocrx_word' id='word_1_643' title='bbox 2543 4040 2624 4102; x_wconf 80' lang='grc' dir='ltr'><em>εις</em></span> <span class='ocrx_word' id='word_1_644' title='bbox 2650 4037 2808 4092; x_wconf 88' lang='grc' dir='ltr'><em>τοῦτο</em></span> <span class='ocrx_word' id='word_1_645' title='bbox 2827 4039 3175 4109; x_wconf 85' lang='grc' dir='ltr'><em>τεταγμένων</em></span> <span class='ocrx_word' id='word_1_646' title='bbox 3207 4038 3532 4107; x_wconf 81' lang='grc' dir='ltr'><em>γιγνομένας</em></span> <span class='ocrx_word' id='word_1_647' title='bbox 3556 4037 3726 4108; x_wconf 77' lang='grc' dir='ltr'><em>ὀργὴν</em></span> 
     </span>
    </p>
   </div>
   <div class='ocr_carea' id='block_1_85' title="bbox 2139 4128 3725 4204">
    <p class='ocr_par' dir='ltr' id='par_1_85' title="bbox 2139 4128 3725 4204">
     <span class='ocr_line' id='line_1_85' title="bbox 2139 4128 3725 4204; baseline -0.004 -18"><span class='ocrx_word' id='word_1_648' title='bbox 2139 4133 2234 4186; x_wconf 73' lang='grc' dir='ltr'><em>καὶ</em></span> <span class='ocrx_word' id='word_1_649' title='bbox 2292 4132 2461 4204; x_wconf 83' lang='grc' dir='ltr'><em>θυμὸν</em></span> <span class='ocrx_word' id='word_1_650' title='bbox 2513 4131 2815 4186; x_wconf 86' lang='grc' dir='ltr'><em>καλεῖσθαι.</em></span> <span class='ocrx_word' id='word_1_651' title='bbox 2872 4130 3018 4202; x_wconf 87' lang='grc' dir='ltr'><strong>Πλὴν</strong></span> <span class='ocrx_word' id='word_1_652' title='bbox 3063 4130 3200 4184; x_wconf 73' lang='grc' dir='ltr'><em>ἀλλὰ</em></span> <span class='ocrx_word' id='word_1_653' title='bbox 3255 4132 3367 4193; x_wconf 87' lang='grc' dir='ltr'><em>τοῖς</em></span> <span class='ocrx_word' id='word_1_654' title='bbox 3409 4128 3725 4197; x_wconf 79' lang='grc' dir='ltr'><em>Αἰγυπτίοις</em></span> 
     </span>
    </p>
   </div>
   <div class='ocr_carea' id='block_1_86' title="bbox 2139 4222 3726 4298">
    <p class='ocr_par' dir='ltr' id='par_1_86' title="bbox 2139 4222 3726 4298">
     <span class='ocr_line' id='line_1_86' title="bbox 2139 4222 3726 4298; baseline -0.005 -17"><span class='ocrx_word' id='word_1_655' title='bbox 2139 4227 2514 4298; x_wconf 76' lang='grc' dir='ltr'><em>ὲπαποστολῆς</em></span> <span class='ocrx_word' id='word_1_656' title='bbox 2562 4225 2811 4296; x_wconf 84' lang='grc' dir='ltr'><em>ἀγγέλων</em></span> <span class='ocrx_word' id='word_1_657' title='bbox 2853 4224 3164 4278; x_wconf 86' lang='grc' dir='ltr'><em>κακούντων</em></span> <span class='ocrx_word' id='word_1_658' title='bbox 3209 4223 3526 4294; x_wconf 79' lang='grc' dir='ltr'><em>γενομένης,</em></span> <span class='ocrx_word' id='word_1_659' title='bbox 3563 4222 3726 4285; x_wconf 72' lang='grc' dir='ltr'><em>αὐτὸς</em></span> 
     </span>
    </p>
   </div>
   <div class='ocr_carea' id='block_1_87' title="bbox 2138 4311 3728 4393">
    <p class='ocr_par' dir='ltr' id='par_1_87' title="bbox 2138 4311 3728 4393">
     <span class='ocr_line' id='line_1_87' title="bbox 2138 4311 3728 4393; baseline -0.006 -18"><span class='ocrx_word' id='word_1_660' title='bbox 2138 4322 2441 4393; x_wconf 79' lang='grc' dir='ltr'><em>ὡδοποίησε</em></span> <span class='ocrx_word' id='word_1_661' title='bbox 2473 4319 2659 4392; x_wconf 78' lang='grc' dir='ltr'><em>τρίϐον</em></span> <span class='ocrx_word' id='word_1_662' title='bbox 2687 4321 2751 4390; x_wconf 83' lang='grc' dir='ltr'><em>τῇ</em></span> <span class='ocrx_word' id='word_1_663' title='bbox 2783 4319 2918 4391; x_wconf 82' lang='grc' dir='ltr'><em>ὀργῇ</em></span> <span class='ocrx_word' id='word_1_664' title='bbox 2951 4317 3114 4371; x_wconf 83' lang='grc' dir='ltr'><em>αὐτοῦ</em></span> <span class='ocrx_word' id='word_1_665' title='bbox 3136 4335 3152 4350; x_wconf 77' lang='grc' dir='ltr'><strong>ο</strong></span> <span class='ocrx_word' id='word_1_666' title='bbox 3201 4318 3342 4371; x_wconf 84' lang='grc' dir='ltr'><em>κατὰ</em></span> <span class='ocrx_word' id='word_1_667' title='bbox 3375 4317 3432 4370; x_wconf 79' lang='grc' dir='ltr'><em>δὲ</em></span> <span class='ocrx_word' id='word_1_668' title='bbox 3452 4311 3547 4368; x_wconf 63' lang='grc' dir='ltr'><strong>τεὸν</strong></span> <span class='ocrx_word' id='word_1_669' title='bbox 3582 4315 3728 4386; x_wconf 85' lang='grc' dir='ltr'><em>Σύμ-</em></span> 
     </span>
    </p>
   </div>
   <div class='ocr_carea' id='block_1_88' title="bbox 2143 4403 3726 4483">
    <p class='ocr_par' dir='ltr' id='par_1_88' title="bbox 2143 4403 3726 4483">
     <span class='ocr_line' id='line_1_88' title="bbox 2143 4403 3726 4483; baseline -0.006 -18"><span class='ocrx_word' id='word_1_670' title='bbox 2143 4429 2336 4483; x_wconf 87' lang='grc' dir='ltr'><em>μαχον,</em></span> <span class='ocrx_word' id='word_1_671' title='bbox 2381 4410 2710 4479; x_wconf 82' lang='grc' dir='ltr'><em>διέστρωσε</em></span> <span class='ocrx_word' id='word_1_672' title='bbox 2753 4407 3022 4476; x_wconf 79' lang='grc' dir='ltr'><em>ἀτραπὸν</em></span> <span class='ocrx_word' id='word_1_673' title='bbox 3065 4406 3142 4477; x_wconf 72' lang='grc' dir='ltr'><em>τῇ</em></span> <span class='ocrx_word' id='word_1_674' title='bbox 3189 4405 3336 4476; x_wconf 76' lang='grc' dir='ltr'><em>ὀργῇ</em></span> <span class='ocrx_word' id='word_1_675' title='bbox 3365 4403 3572 4458; x_wconf 78' lang='grc' dir='ltr'><em>αὐτοῦ.</em></span> <span class='ocrx_word' id='word_1_676' title='bbox 3613 4403 3726 4456; x_wconf 84' lang='grc' dir='ltr'><em>Καί</em></span> 
     </span>
    </p>
   </div>
   <div class='ocr_carea' id='block_1_89' title="bbox 2143 4493 3725 4574">
    <p class='ocr_par' dir='ltr' id='par_1_89' title="bbox 2143 4493 3725 4574">
     <span class='ocr_line' id='line_1_89' title="bbox 2143 4493 3725 4574; baseline -0.009 -16"><span class='ocrx_word' id='word_1_677' title='bbox 2143 4521 2231 4574; x_wconf 84' lang='grc' dir='ltr'><strong>μοι</strong></span> <span class='ocrx_word' id='word_1_678' title='bbox 2277 4503 2423 4557; x_wconf 87' lang='grc' dir='ltr'><strong>δοκεῖ</strong></span> <span class='ocrx_word' id='word_1_679' title='bbox 2469 4501 2559 4556; x_wconf 87' lang='grc' dir='ltr'><em>διὰ</em></span> <span class='ocrx_word' id='word_1_680' title='bbox 2597 4500 2803 4554; x_wconf 88' lang='grc' dir='ltr'><em>τούτων</em></span> <span class='ocrx_word' id='word_1_681' title='bbox 2830 4498 3162 4553; x_wconf 78' lang='grc' dir='ltr'><em>αἰνίττεσθαι</em></span> <span class='ocrx_word' id='word_1_682' title='bbox 3193 4497 3293 4566; x_wconf 83' lang='grc' dir='ltr'><strong>τὴν</strong></span> <span class='ocrx_word' id='word_1_683' title='bbox 3325 4493 3725 4565; x_wconf 76' lang='grc' dir='ltr'><em>παραδοθεῖσαν</em></span> 
     </span>
    </p>
   </div>
   <div class='ocr_carea' id='block_1_90' title="bbox 2138 4582 3725 4667">
    <p class='ocr_par' dir='ltr' id='par_1_90' title="bbox 2138 4582 3725 4667">
     <span class='ocr_line' id='line_1_90' title="bbox 2138 4582 3725 4667; baseline -0.009 -18"><span class='ocrx_word' id='word_1_684' title='bbox 2138 4595 2217 4665; x_wconf 83' lang='grc' dir='ltr'><em>τῷ</em></span> <span class='ocrx_word' id='word_1_685' title='bbox 2243 4593 2358 4665; x_wconf 82' lang='grc' dir='ltr'><em>λαῷ</em></span> <span class='ocrx_word' id='word_1_686' title='bbox 2380 4593 2645 4667; x_wconf 81' lang='grc' dir='ltr'><em>μυστικὴν</em></span> <span class='ocrx_word' id='word_1_687' title='bbox 2675 4591 2934 4663; x_wconf 85' lang='grc' dir='ltr'><em>λατρείαν</em></span> <span class='ocrx_word' id='word_1_688' title='bbox 2956 4588 3096 4644; x_wconf 82' lang='grc' dir='ltr'><em>κατὰ</em></span> <span class='ocrx_word' id='word_1_689' title='bbox 3113 4588 3204 4642; x_wconf 82' lang='grc' dir='ltr'><em>τὸν</em></span> <span class='ocrx_word' id='word_1_690' title='bbox 3228 4587 3418 4660; x_wconf 84' lang='grc' dir='ltr'><em>καιρὸν</em></span> <span class='ocrx_word' id='word_1_691' title='bbox 3435 4585 3539 4655; x_wconf 76' lang='grc' dir='ltr'><em>τῆς</em></span> <span class='ocrx_word' id='word_1_692' title='bbox 3562 4582 3725 4636; x_wconf 81' lang='grc' dir='ltr'><em>ὲπελ-</em></span> 
     </span>
    </p>
   </div>
   <div class='ocr_carea' id='block_1_91' title="bbox 2141 4676 3724 4756">
    <p class='ocr_par' dir='ltr' id='par_1_91' title="bbox 2141 4676 3724 4756">
     <span class='ocr_line' id='line_1_91' title="bbox 2141 4676 3724 4756; baseline -0.008 -18"><span class='ocrx_word' id='word_1_693' title='bbox 2141 4685 2336 4756; x_wconf 88' lang='grc' dir='ltr'><em>θούσης</em></span> <span class='ocrx_word' id='word_1_694' title='bbox 2385 4687 2497 4748; x_wconf 79' lang='grc' dir='ltr'><em>τοῖς</em></span> <span class='ocrx_word' id='word_1_695' title='bbox 2531 4681 2848 4752; x_wconf 75' lang='grc' dir='ltr'><em>Αἰγυπτίοις</em></span> <span class='ocrx_word' id='word_1_696' title='bbox 2871 4681 3055 4752; x_wconf 80' lang='grc' dir='ltr'><em>ὀργῆς.</em></span> <span class='ocrx_word' id='word_1_697' title='bbox 3073 4679 3206 4732; x_wconf 89' lang='grc' dir='ltr'><em>Τότε</em></span> <span class='ocrx_word' id='word_1_698' title='bbox 3237 4677 3347 4749; x_wconf 82' lang='grc' dir='ltr'><em>γὰρ</em></span> <span class='ocrx_word' id='word_1_699' title='bbox 3378 4676 3724 4730; x_wconf 84' lang='grc' dir='ltr'><em>διάταττεται</em></span> 
     </span>
    </p>
   </div>
   <div class='ocr_carea' id='block_1_92' title="bbox 2139 4767 3732 4850">
    <p class='ocr_par' dir='ltr' id='par_1_92' title="bbox 2139 4767 3732 4850">
     <span class='ocr_line' id='line_1_92' title="bbox 2139 4767 3732 4850; baseline -0.008 -20"><span class='ocrx_word' id='word_1_700' title='bbox 2139 4777 2238 4850; x_wconf 74' lang='grc' dir='ltr'><strong>τὴν</strong></span> <span class='ocrx_word' id='word_1_701' title='bbox 2265 4777 2359 4830; x_wconf 88' lang='grc' dir='ltr'><strong>τοῦ</strong></span> <span class='ocrx_word' id='word_1_702' title='bbox 2385 4776 2580 4847; x_wconf 85' lang='grc' dir='ltr'><em>Πάσχα</em></span> <span class='ocrx_word' id='word_1_703' title='bbox 2609 4775 2804 4846; x_wconf 80' lang='grc' dir='ltr'><em>ἑορτὴν</em></span> <span class='ocrx_word' id='word_1_704' title='bbox 2831 4773 3159 4835; x_wconf 74' lang='grc' dir='ltr'><em>ἐπιτελέσαι,</em></span> <span class='ocrx_word' id='word_1_705' title='bbox 3183 4771 3453 4832; x_wconf 87' lang='grc' dir='ltr'><em>θύσαντας</em></span> <span class='ocrx_word' id='word_1_706' title='bbox 3479 4768 3578 4840; x_wconf 79' lang='grc' dir='ltr'><strong>μὲν</strong></span> <span class='ocrx_word' id='word_1_707' title='bbox 3599 4767 3732 4838; x_wconf 80' lang='grc' dir='ltr'><em>πρό-</em></span> 
     </span>
    </p>
   </div>
   <div class='ocr_carea' id='block_1_93' title="bbox 459 4860 2037 4968">
    <p class='ocr_par' dir='ltr' id='par_1_93' title="bbox 459 4869 2037 4942">
     <span class='ocr_line' id='line_1_93' title="bbox 459 4869 2037 4942; baseline 0.003 -20"><span class='ocrx_word' id='word_1_708' title='bbox 459 4879 613 4932; x_wconf 80' lang='lat' dir='ltr'><strong>rum,</strong></span> <span class='ocrx_word' id='word_1_709' title='bbox 659 4873 718 4921; x_wconf 89' lang='lat' dir='ltr'><strong>ut</strong></span> <span class='ocrx_word' id='word_1_710' title='bbox 771 4869 877 4925; x_wconf 86' lang='lat' dir='ltr'><strong>hoc</strong></span> <span class='ocrx_word' id='word_1_711' title='bbox 929 4880 1249 4942; x_wconf 85' lang='lat' dir='ltr'><strong>conspecto,</strong></span> <span class='ocrx_word' id='word_1_712' title='bbox 1299 4869 1695 4926; x_wconf 83' lang='lat' dir='ltr'><strong>exterminator</strong></span> <span class='ocrx_word' id='word_1_713' title='bbox 1743 4870 2037 4927; x_wconf 88' lang='lat' dir='ltr'><strong>abstineret</strong></span> 
     </span>
    </p>
   </div>
   <div class='ocr_carea' id='block_1_94' title="bbox 2137 4860 3720 4968">
    <p class='ocr_par' dir='ltr' id='par_1_94' title="bbox 2143 4860 3720 4940">
     <span class='ocr_line' id='line_1_94' title="bbox 2143 4860 3720 4940; baseline -0.006 -18"><span class='ocrx_word' id='word_1_714' title='bbox 2143 4869 2306 4922; x_wconf 80' lang='grc' dir='ltr'><em>ϐατον</em></span> <span class='ocrx_word' id='word_1_715' title='bbox 2339 4869 2480 4922; x_wconf 81' lang='grc' dir='ltr'><em>κατὰ</em></span> <span class='ocrx_word' id='word_1_716' title='bbox 2513 4868 2780 4940; x_wconf 82' lang='grc' dir='ltr'><em>σύμϐολον</em></span> <span class='ocrx_word' id='word_1_717' title='bbox 2803 4867 2895 4922; x_wconf 88' lang='grc' dir='ltr'><strong>τοῦ</strong></span> <span class='ocrx_word' id='word_1_718' title='bbox 2934 4866 3216 4939; x_wconf 85' lang='grc' dir='ltr'><em>μέλλοντος</em></span> <span class='ocrx_word' id='word_1_719' title='bbox 3242 4863 3384 4935; x_wconf 84' lang='grc' dir='ltr'><em>ὑπὲρ</em></span> <span class='ocrx_word' id='word_1_720' title='bbox 3415 4860 3720 4933; x_wconf 81' lang='grc' dir='ltr'><em>ἀνθρώπων</em></span> 
     </span>
    </p>
   </div>
   <div class='ocr_carea' id='block_1_95' title="bbox 460 4954 2037 5033">
    <p class='ocr_par' dir='ltr' id='par_1_95' title="bbox 460 4958 2037 5033">
     <span class='ocr_line' id='line_1_95' title="bbox 460 4958 2037 5033; baseline 0.004 -21"><span class='ocrx_word' id='word_1_721' title='bbox 460 4972 493 5013; x_wconf 75' lang='lat' dir='ltr'><strong>a</strong></span> <span class='ocrx_word' id='word_1_722' title='bbox 549 4958 752 5014; x_wconf 86' lang='lat' dir='ltr'><strong>damno</strong></span> <span class='ocrx_word' id='word_1_723' title='bbox 789 4960 893 5015; x_wconf 87' lang='lat' dir='ltr'><strong>hoc</strong></span> <span class='ocrx_word' id='word_1_724' title='bbox 953 4961 1244 5030; x_wconf 87' lang='lat' dir='ltr'><strong>agentibus</strong></span> <span class='ocrx_word' id='word_1_725' title='bbox 1299 4961 1594 5018; x_wconf 82' lang='lat' dir='ltr'><strong>inferendo.</strong></span> <span class='ocrx_word' id='word_1_726' title='bbox 1652 4959 1922 5033; x_wconf 87' lang='lat' dir='ltr'><strong>Scriptum</strong></span> <span class='ocrx_word' id='word_1_727' title='bbox 1956 4975 2037 5018; x_wconf 90' lang='lat' dir='ltr'><strong>est</strong></span> 
     </span>
    </p>
   </div>
   <div class='ocr_carea' id='block_1_96' title="bbox 2137 4954 3734 5033">
    <p class='ocr_par' dir='ltr' id='par_1_96' title="bbox 2144 4954 3734 5032">
     <span class='ocr_line' id='line_1_96' title="bbox 2144 4954 3734 5032; baseline -0.007 -16"><span class='ocrx_word' id='word_1_728' title='bbox 2144 4960 2468 5032; x_wconf 84' lang='grc' dir='ltr'><em>τυθήσεσθαι</em></span> <span class='ocrx_word' id='word_1_729' title='bbox 2525 4962 2722 5032; x_wconf 83' lang='grc' dir='ltr'><em>Ἀμνοῦ</em></span> <span class='ocrx_word' id='word_1_730' title='bbox 2768 4962 2862 5016; x_wconf 86' lang='grc' dir='ltr'><strong>τοῦ</strong></span> <span class='ocrx_word' id='word_1_731' title='bbox 2883 4960 3041 5027; x_wconf 84' lang='grc' dir='ltr'><em>Θεοῦ,</em></span> <span class='ocrx_word' id='word_1_732' title='bbox 3076 4959 3370 5032; x_wconf 83' lang='grc' dir='ltr'><em>χρίσαντας</em></span> <span class='ocrx_word' id='word_1_733' title='bbox 3415 4955 3470 5009; x_wconf 81' lang='grc' dir='ltr'><em>δὲ</em></span> <span class='ocrx_word' id='word_1_734' title='bbox 3515 4954 3734 5008; x_wconf 80' lang='grc' dir='ltr'><em>ἑαυτῶν-</em></span> 
     </span>
    </p>
   </div>
   <div class='ocr_carea' id='block_1_97' title="bbox 457 5051 2038 5126">
    <p class='ocr_par' dir='ltr' id='par_1_97' title="bbox 457 5051 2038 5126">
     <span class='ocr_line' id='line_1_97' title="bbox 457 5051 2038 5126; baseline 0.001 -18"><span class='ocrx_word' id='word_1_735' title='bbox 457 5053 602 5108; x_wconf 87' lang='lat' dir='ltr'><strong>enim</strong></span> <span class='ocrx_word' id='word_1_736' title='bbox 629 5068 642 5104; x_wconf 90' lang='lat'><strong>:</strong></span> <span class='ocrx_word' id='word_1_737' title='bbox 673 5051 744 5106; x_wconf 86' lang='lat' dir='ltr'><strong>Et</strong></span> <span class='ocrx_word' id='word_1_738' title='bbox 765 5055 1016 5109; x_wconf 87' lang='lat' dir='ltr'><strong>transibit</strong></span> <span class='ocrx_word' id='word_1_739' title='bbox 1035 5054 1297 5110; x_wconf 83' lang='lat' dir='ltr'><strong>Dominus</strong></span> <span class='ocrx_word' id='word_1_740' title='bbox 1348 5055 1418 5108; x_wconf 88' lang='lat' dir='ltr'><strong>ad</strong></span> <span class='ocrx_word' id='word_1_741' title='bbox 1445 5054 1845 5126; x_wconf 79' lang='lat' dir='ltr'><strong>percutiendum</strong></span> <span class='ocrx_word' id='word_1_742' title='bbox 1869 5055 2038 5126; x_wconf 61' lang='lat' dir='ltr'><strong>digg-</strong></span> 
     </span>
    </p>
   </div>
   <div class='ocr_carea' id='block_1_98' title="bbox 459 5145 2040 5218">
    <p class='ocr_par' dir='ltr' id='par_1_98' title="bbox 459 5145 2040 5218">
     <span class='ocr_line' id='line_1_98' title="bbox 459 5145 2040 5218; baseline 0.003 -21"><span class='ocrx_word' id='word_1_743' title='bbox 459 5147 622 5213; x_wconf 79' lang='lat' dir='ltr'><strong>ptios,</strong></span> <span class='ocrx_word' id='word_1_744' title='bbox 643 5154 692 5200; x_wconf 86' lang='lat' dir='ltr'><strong>et</strong></span> <span class='ocrx_word' id='word_1_745' title='bbox 709 5145 904 5200; x_wconf 82' lang='lat' dir='ltr'><strong>videbit</strong></span> <span class='ocrx_word' id='word_1_746' title='bbox 931 5148 1239 5218; x_wconf 85' lang='lat' dir='ltr'><strong>sanguinem</strong></span> <span class='ocrx_word' id='word_1_747' title='bbox 1260 5147 1312 5200; x_wconf 87' lang='lat' dir='ltr'><strong>in</strong></span> <span class='ocrx_word' id='word_1_748' title='bbox 1341 5147 1738 5217; x_wconf 88' lang='lat' dir='ltr'><strong>superliminari</strong></span> <span class='ocrx_word' id='word_1_749' title='bbox 1749 5158 1796 5201; x_wconf 90' lang='lat' dir='ltr'><strong>et</strong></span> <span class='ocrx_word' id='word_1_750' title='bbox 1822 5149 1874 5200; x_wconf 87' lang='lat' dir='ltr'><strong>in</strong></span> <span class='ocrx_word' id='word_1_751' title='bbox 1892 5159 2040 5202; x_wconf 86' lang='lat' dir='ltr'><strong>utro-</strong></span> 
     </span>
    </p>
   </div>
   <div class='ocr_carea' id='block_1_99' title="bbox 458 5235 2035 5306">
    <p class='ocr_par' dir='ltr' id='par_1_99' title="bbox 458 5235 2035 5306">
     <span class='ocr_line' id='line_1_99' title="bbox 458 5235 2035 5306; baseline 0.002 -17"><span class='ocrx_word' id='word_1_752' title='bbox 458 5253 556 5306; x_wconf 76' lang='lat' dir='ltr'><strong>que</strong></span> <span class='ocrx_word' id='word_1_753' title='bbox 579 5246 748 5306; x_wconf 82' lang='lat' dir='ltr'><strong>poste.</strong></span> <span class='ocrx_word' id='word_1_754' title='bbox 776 5235 843 5290; x_wconf 84' lang='lat' dir='ltr'><strong>Et</strong></span> <span class='ocrx_word' id='word_1_755' title='bbox 883 5237 1228 5306; x_wconf 88' lang='lat' dir='ltr'><strong>pertransibit</strong></span> <span class='ocrx_word' id='word_1_756' title='bbox 1279 5237 1537 5292; x_wconf 88' lang='lat' dir='ltr'><strong>Dominus</strong></span> <span class='ocrx_word' id='word_1_757' title='bbox 1570 5239 1824 5305; x_wconf 81' lang='lat' dir='ltr'><strong>januam,</strong></span> <span class='ocrx_word' id='word_1_758' title='bbox 1858 5248 2035 5293; x_wconf 84' lang='lat' dir='ltr'><strong>etnon</strong></span> 
     </span>
    </p>
   </div>
   <div class='ocr_carea' id='block_1_100' title="bbox 460 5331 2033 5401">
    <p class='ocr_par' dir='ltr' id='par_1_100' title="bbox 460 5331 2033 5401">
     <span class='ocr_line' id='line_1_100' title="bbox 460 5331 2033 5401; baseline 0.002 -18"><span class='ocrx_word' id='word_1_759' title='bbox 460 5332 721 5397; x_wconf 84' lang='lat' dir='ltr'><strong>permittet</strong></span> <span class='ocrx_word' id='word_1_760' title='bbox 763 5331 966 5401; x_wconf 81' lang='lat' dir='ltr'><strong>ingredi</strong></span> <span class='ocrx_word' id='word_1_761' title='bbox 1009 5333 1470 5388; x_wconf 76' lang='lat' dir='ltr'><strong>exterminatorem</strong></span> <span class='ocrx_word' id='word_1_762' title='bbox 1515 5332 1570 5384; x_wconf 84' lang='lat' dir='ltr'><strong>in</strong></span> <span class='ocrx_word' id='word_1_763' title='bbox 1599 5331 1783 5386; x_wconf 85' lang='lat' dir='ltr'><strong>domos</strong></span> <span class='ocrx_word' id='word_1_764' title='bbox 1832 5341 2033 5387; x_wconf 81' lang='lat' dir='ltr'><strong>vestras</strong></span> 
     </span>
    </p>
   </div>
   <div class='ocr_carea' id='block_1_101' title="bbox 462 5421 1040 5491">
    <p class='ocr_par' dir='ltr' id='par_1_101' title="bbox 462 5421 1040 5491">
     <span class='ocr_line' id='line_1_101' title="bbox 462 5421 1040 5491; baseline 0.012 -17"><span class='ocrx_word' id='word_1_765' title='bbox 462 5421 531 5474; x_wconf 80' lang='lat' dir='ltr'><strong>ad</strong></span> <span class='ocrx_word' id='word_1_766' title='bbox 556 5423 953 5491; x_wconf 85' lang='lat' dir='ltr'><strong>percutiendum</strong></span> <span class='ocrx_word' id='word_1_767' title='bbox 972 5424 1040 5481; x_wconf 84' lang='grc'><strong>⁸⁷.</strong></span> 
     </span>
    </p>
   </div>
   <div class='ocr_carea' id='block_1_102' title="bbox 2144 5043 3724 5123">
    <p class='ocr_par' dir='ltr' id='par_1_102' title="bbox 2144 5043 3724 5123">
     <span class='ocr_line' id='line_1_102' title="bbox 2144 5043 3724 5123; baseline -0.008 -16"><span class='ocrx_word' id='word_1_768' title='bbox 2144 5053 2243 5116; x_wconf 80' lang='grc' dir='ltr'><em>τὰς</em></span> <span class='ocrx_word' id='word_1_769' title='bbox 2278 5052 2437 5122; x_wconf 84' lang='grc' dir='ltr'><em>φλιὰς</em></span> <span class='ocrx_word' id='word_1_770' title='bbox 2474 5051 2584 5106; x_wconf 84' lang='grc' dir='ltr'><strong>τῶν</strong></span> <span class='ocrx_word' id='word_1_771' title='bbox 2611 5051 2775 5106; x_wconf 72' lang='grc' dir='ltr'><em>οἴκων</em></span> <span class='ocrx_word' id='word_1_772' title='bbox 2799 5051 2877 5123; x_wconf 82' lang='grc' dir='ltr'><em>τῷ</em></span> <span class='ocrx_word' id='word_1_773' title='bbox 2919 5051 3137 5122; x_wconf 78' lang='grc' dir='ltr'><em>αἴματι’</em></span> <span class='ocrx_word' id='word_1_774' title='bbox 3171 5049 3247 5112; x_wconf 86' lang='grc' dir='ltr'><em>ὼς</em></span> <span class='ocrx_word' id='word_1_775' title='bbox 3278 5047 3365 5111; x_wconf 84' lang='grc' dir='ltr'>ἂν,</span> <span class='ocrx_word' id='word_1_776' title='bbox 3399 5045 3556 5100; x_wconf 87' lang='grc' dir='ltr'><em>τοῦτο</em></span> <span class='ocrx_word' id='word_1_777' title='bbox 3599 5043 3724 5096; x_wconf 86' lang='grc' dir='ltr'><em>θεα-</em></span> 
     </span>
    </p>
   </div>
   <div class='ocr_carea' id='block_1_103' title="bbox 2144 5133 3726 5216">
    <p class='ocr_par' dir='ltr' id='par_1_103' title="bbox 2144 5133 3726 5216">
     <span class='ocr_line' id='line_1_103' title="bbox 2144 5133 3726 5216; baseline -0.008 -16"><span class='ocrx_word' id='word_1_778' title='bbox 2144 5147 2376 5216; x_wconf 82' lang='grc' dir='ltr'><em>σάμενος</em></span> <span class='ocrx_word' id='word_1_779' title='bbox 2427 5146 2457 5197; x_wconf 88' lang='lat'><strong>6</strong></span> <span class='ocrx_word' id='word_1_780' title='bbox 2505 5143 2847 5216; x_wconf 83' lang='grc' dir='ltr'><em>ὀλοθρευτὴς,</em></span> <span class='ocrx_word' id='word_1_781' title='bbox 2893 5142 3265 5214; x_wconf 82' lang='grc' dir='ltr'><em>ἀναχωρήσειε</em></span> <span class='ocrx_word' id='word_1_782' title='bbox 3310 5138 3412 5209; x_wconf 80' lang='grc' dir='ltr'><em>τῆς</em></span> <span class='ocrx_word' id='word_1_783' title='bbox 3445 5136 3585 5190; x_wconf 82' lang='grc' dir='ltr'><em>κατὰ</em></span> <span class='ocrx_word' id='word_1_784' title='bbox 3615 5133 3726 5188; x_wconf 83' lang='grc' dir='ltr'><em>τῶν</em></span> 
     </span>
    </p>
   </div>
   <div class='ocr_carea' id='block_1_104' title="bbox 2140 5229 3726 5310">
    <p class='ocr_par' dir='ltr' id='par_1_104' title="bbox 2140 5229 3726 5310">
     <span class='ocr_line' id='line_1_104' title="bbox 2140 5229 3726 5310; baseline -0.006 -19"><span class='ocrx_word' id='word_1_785' title='bbox 2140 5238 2296 5292; x_wconf 85' lang='grc' dir='ltr'><em>τοῦτο</em></span> <span class='ocrx_word' id='word_1_786' title='bbox 2336 5237 2657 5310; x_wconf 76' lang='grc' dir='ltr'><em>πραξάντων</em></span> <span class='ocrx_word' id='word_1_787' title='bbox 2707 5235 2985 5307; x_wconf 81' lang='grc' dir='ltr'><em>ὲπιὸολῆς.</em></span> <span class='ocrx_word' id='word_1_788' title='bbox 3039 5235 3355 5306; x_wconf 78' lang='grc' dir='ltr'><em>Γέγραπται</em></span> <span class='ocrx_word' id='word_1_789' title='bbox 3400 5232 3556 5302; x_wconf 74' lang='grc' dir='ltr'><em>γοῦψ</em></span> <span class='ocrx_word' id='word_1_790' title='bbox 3613 5229 3726 5283; x_wconf 80' lang='lat' dir='ltr'><strong>Kal</strong></span> 
     </span>
    </p>
   </div>
   <div class='ocr_carea' id='block_1_105' title="bbox 2139 5324 3721 5400">
    <p class='ocr_par' dir='ltr' id='par_1_105' title="bbox 2139 5324 3721 5400">
     <span class='ocr_line' id='line_1_105' title="bbox 2139 5324 3721 5400; baseline -0.006 -16"><span class='ocrx_word' id='word_1_791' title='bbox 2139 5333 2571 5400; x_wconf 82' lang='grc' dir='ltr'><em>παρελεύσεται</em></span> <span class='ocrx_word' id='word_1_792' title='bbox 2617 5331 2832 5398; x_wconf 80' lang='grc' dir='ltr'><em>Κύριος</em></span> <span class='ocrx_word' id='word_1_793' title='bbox 2862 5328 3120 5393; x_wconf 74' lang='grc' dir='ltr'><em>πατάξαι</em></span> <span class='ocrx_word' id='word_1_794' title='bbox 3149 5328 3291 5394; x_wconf 79' lang='grc' dir='ltr'><em>τοὺς</em></span> <span class='ocrx_word' id='word_1_795' title='bbox 3318 5324 3680 5394; x_wconf 73' lang='grc' dir='ltr'><em>Αἰγυπτίους</em></span> <span class='ocrx_word' id='word_1_796' title='bbox 3703 5335 3721 5351; x_wconf 83' lang='grc'>⁶</span> 
     </span>
    </p>
   </div>
   <div class='ocr_carea' id='block_1_106' title="bbox 2139 5419 3724 5494">
    <p class='ocr_par' dir='ltr' id='par_1_106' title="bbox 2139 5419 3724 5494">
     <span class='ocr_line' id='line_1_106' title="bbox 2139 5419 3724 5494; baseline -0.007 -15"><span class='ocrx_word' id='word_1_797' title='bbox 2139 5427 2236 5479; x_wconf 78' lang='grc' dir='ltr'><strong>καί</strong></span> <span class='ocrx_word' id='word_1_798' title='bbox 2264 5426 2472 5494; x_wconf 72' lang='grc' dir='ltr'><em>ὄψεται</em></span> <span class='ocrx_word' id='word_1_799' title='bbox 2499 5425 2563 5478; x_wconf 86' lang='grc' dir='ltr'><em>τὸ</em></span> <span class='ocrx_word' id='word_1_800' title='bbox 2593 5420 2735 5494; x_wconf 81' lang='grc' dir='ltr'><em>αἷμα</em></span> <span class='ocrx_word' id='word_1_801' title='bbox 2779 5424 2877 5476; x_wconf 78' lang='grc' dir='ltr'><strong>ἐπὶ</strong></span> <span class='ocrx_word' id='word_1_802' title='bbox 2905 5423 3012 5491; x_wconf 80' lang='grc' dir='ltr'><em>τῆς</em></span> <span class='ocrx_word' id='word_1_803' title='bbox 3044 5421 3250 5493; x_wconf 70' lang='grc' dir='ltr'><em>φλιᾶς,</em></span> <span class='ocrx_word' id='word_1_804' title='bbox 3281 5422 3377 5474; x_wconf 80' lang='grc' dir='ltr'><em>καὶ</em></span> <span class='ocrx_word' id='word_1_805' title='bbox 3413 5419 3504 5473; x_wconf 83' lang='grc' dir='ltr'><strong>ἐπ’</strong></span> <span class='ocrx_word' id='word_1_806' title='bbox 3532 5419 3724 5486; x_wconf 64' lang='grc' dir='ltr'><em>ἀμέσο-</em></span> 
     </span>
    </p>
   </div>
   <div class='ocr_carea' id='block_1_107' title="bbox 463 5510 3724 5587">
    <p class='ocr_par' dir='ltr' id='par_1_107' title="bbox 463 5510 3724 5587">
     <span class='ocr_line' id='line_1_107' title="bbox 463 5510 3724 5587; baseline -0.002 -21"><span class='ocrx_word' id='word_1_807' title='bbox 463 5513 645 5582; x_wconf 70' lang='grc' dir='ltr'><em>τέρων</em></span> <span class='ocrx_word' id='word_1_808' title='bbox 693 5515 812 5569; x_wconf 84' lang='grc' dir='ltr'><strong>τῶν</strong></span> <span class='ocrx_word' id='word_1_809' title='bbox 855 5515 1152 5586; x_wconf 75' lang='grc' dir='ltr'><em>σταθμῶν.</em></span> <span class='ocrx_word' id='word_1_810' title='bbox 1201 5516 1310 5571; x_wconf 78' lang='grc' dir='ltr'><em>Καὶ</em></span> <span class='ocrx_word' id='word_1_811' title='bbox 1356 5519 1782 5587; x_wconf 79' lang='grc' dir='ltr'><em>παρελεύσεται</em></span> <span class='ocrx_word' id='word_1_812' title='bbox 1826 5516 2038 5586; x_wconf 77' lang='grc' dir='ltr'><em>Κύριος</em></span> <span class='ocrx_word' id='word_1_813' title='bbox 2075 5519 2190 5574; x_wconf 60' lang='grc' dir='ltr'><em>τὴν</em></span> <span class='ocrx_word' id='word_1_814' title='bbox 2218 5521 2404 5587; x_wconf 82' lang='grc' dir='ltr'><em>θύραν</em></span> <span class='ocrx_word' id='word_1_815' title='bbox 2426 5536 2440 5550; x_wconf 75' lang='grc' dir='ltr'><strong>ο</strong></span> <span class='ocrx_word' id='word_1_816' title='bbox 2473 5519 2568 5572; x_wconf 77' lang='grc' dir='ltr'><em>καὶ</em></span> <span class='ocrx_word' id='word_1_817' title='bbox 2594 5520 2703 5571; x_wconf 86' lang='grc' dir='ltr'><em>οὐκ</em></span> <span class='ocrx_word' id='word_1_818' title='bbox 2733 5515 2955 5586; x_wconf 63' lang='grc' dir='ltr'><em>ἀφήσει</em></span> <span class='ocrx_word' id='word_1_819' title='bbox 2977 5518 3085 5569; x_wconf 84' lang='grc' dir='ltr'><em>τὸν</em></span> <span class='ocrx_word' id='word_1_820' title='bbox 3141 5514 3537 5582; x_wconf 67' lang='grc' dir='ltr'><em>ὀλοθρεύοντα</em></span> <span class='ocrx_word' id='word_1_821' title='bbox 3596 5510 3724 5561; x_wconf 79' lang='grc' dir='ltr'><em>εἱσ-</em></span> 
     </span>
    </p>
   </div>
   <div class='ocr_carea' id='block_1_108' title="bbox 464 5607 1632 5678">
    <p class='ocr_par' dir='ltr' id='par_1_108' title="bbox 464 5607 1632 5678">
     <span class='ocr_line' id='line_1_108' title="bbox 464 5607 1632 5678; baseline 0.004 -19"><span class='ocrx_word' id='word_1_822' title='bbox 464 5607 665 5661; x_wconf 79' lang='grc' dir='ltr'><em>ελθεῐν</em></span> <span class='ocrx_word' id='word_1_823' title='bbox 689 5609 777 5674; x_wconf 82' lang='grc' dir='ltr'><strong>είς</strong></span> <span class='ocrx_word' id='word_1_824' title='bbox 799 5609 907 5675; x_wconf 89' lang='grc' dir='ltr'><strong>τὰς</strong></span> <span class='ocrx_word' id='word_1_825' title='bbox 938 5609 1132 5675; x_wconf 79' lang='grc' dir='ltr'><em>οἰκίας</em></span> <span class='ocrx_word' id='word_1_826' title='bbox 1156 5607 1325 5678; x_wconf 81' lang='grc' dir='ltr'><em>ὑμῶν</em></span> <span class='ocrx_word' id='word_1_827' title='bbox 1353 5609 1632 5675; x_wconf 79' lang='grc' dir='ltr'><em>πατάξαι.</em></span> 
     </span>
    </p>
   </div>
   <div class='ocr_carea' id='block_1_109' title="bbox 539 5719 2040 5802">
    <p class='ocr_par' dir='ltr' id='par_1_109' title="bbox 539 5719 2040 5802">
     <span class='ocr_line' id='line_1_109' title="bbox 539 5719 2040 5802; baseline 0.005 -26"><span class='ocrx_word' id='word_1_828' title='bbox 539 5719 646 5776; x_wconf 88' lang='lat' dir='ltr'><strong>Sed</strong></span> <span class='ocrx_word' id='word_1_829' title='bbox 682 5721 791 5778; x_wconf 89' lang='lat' dir='ltr'><strong>illis</strong></span> <span class='ocrx_word' id='word_1_830' title='bbox 819 5722 1038 5792; x_wconf 90' lang='lat' dir='ltr'><strong>quidem</strong></span> <span class='ocrx_word' id='word_1_831' title='bbox 1069 5723 1211 5780; x_wconf 79' lang='lat' dir='ltr'><strong>viam</strong></span> <span class='ocrx_word' id='word_1_832' title='bbox 1245 5727 1457 5798; x_wconf 78' lang='lat' dir='ltr'><strong>paravit</strong></span> <span class='ocrx_word' id='word_1_833' title='bbox 1487 5735 1543 5783; x_wconf 90' lang='lat' dir='ltr'><strong>ut</strong></span> <span class='ocrx_word' id='word_1_834' title='bbox 1576 5727 1872 5802; x_wconf 79' lang='lat' dir='ltr'><strong>effugerent</strong></span> <span class='ocrx_word' id='word_1_835' title='bbox 1904 5729 2040 5786; x_wconf 87' lang='lat' dir='ltr'><strong>iram</strong></span> 
     </span>
    </p>
   </div>
   <div class='ocr_carea' id='block_1_110' title="bbox 551 5875 1044 5941">
    <p class='ocr_par' dir='ltr' id='par_1_110' title="bbox 551 5875 1044 5941">
     <span class='ocr_line' id='line_1_110' title="bbox 551 5875 1044 5941; baseline 0 -9"><span class='ocrx_word' id='word_1_836' title='bbox 551 5877 593 5908; x_wconf 80' lang='lat'><strong>&quot;</strong></span> <span class='ocrx_word' id='word_1_837' title='bbox 621 5875 792 5932; x_wconf 77' lang='lat' dir='ltr'><strong>Exod.</strong></span> <span class='ocrx_word' id='word_1_838' title='bbox 828 5893 922 5941; x_wconf 79' lang='lat' dir='ltr'><strong>xu,</strong></span> <span class='ocrx_word' id='word_1_839' title='bbox 953 5877 1044 5932; x_wconf 68' lang='lat'><strong>2&#39;5.</strong></span> 
     </span>
    </p>
   </div>
   <div class='ocr_carea' id='block_1_111' title="bbox 2232 5716 3727 5792">
    <p class='ocr_par' dir='ltr' id='par_1_111' title="bbox 2232 5716 3727 5792">
     <span class='ocr_line' id='line_1_111' title="bbox 2232 5716 3727 5792; baseline -0.003 -14"><span class='ocrx_word' id='word_1_840' title='bbox 2232 5723 2393 5778; x_wconf 76' lang='grc' dir='ltr'><em>Ἀλλὰ</em></span> <span class='ocrx_word' id='word_1_841' title='bbox 2433 5720 2642 5786; x_wconf 84' lang='grc' dir='ltr'><em>τούτοις</em></span> <span class='ocrx_word' id='word_1_842' title='bbox 2695 5722 2790 5792; x_wconf 76' lang='grc' dir='ltr'><em>μὲν</em></span> <span class='ocrx_word' id='word_1_843' title='bbox 2838 5720 3135 5790; x_wconf 82' lang='grc' dir='ltr'><em>ὡδοποίησε</em></span> <span class='ocrx_word' id='word_1_844' title='bbox 3169 5720 3352 5792; x_wconf 75' lang='grc' dir='ltr'><em>τρίϐον</em></span> <span class='ocrx_word' id='word_1_845' title='bbox 3381 5718 3514 5790; x_wconf 74' lang='grc' dir='ltr'><em>πρὸς</em></span> <span class='ocrx_word' id='word_1_846' title='bbox 3537 5717 3600 5772; x_wconf 77' lang='grc' dir='ltr'><em>τὸ</em></span> <span class='ocrx_word' id='word_1_847' title='bbox 3630 5716 3727 5773; x_wconf 71' lang='grc' dir='ltr'><strong>ἐκ·</strong></span> 
     </span>
    </p>
   </div>
   <div class='ocr_carea' id='block_1_112' title="bbox 2208 5877 2704 5951">
    <p class='ocr_par' dir='ltr' id='par_1_112' title="bbox 2208 5877 2704 5951">
     <span class='ocr_line' id='line_1_112' title="bbox 2208 5877 2704 5951; baseline -0.006 -17"><span class='ocrx_word' id='word_1_848' title='bbox 2208 5882 2285 5950; x_wconf 77' lang='lat' dir='ltr'><strong>(i)</strong></span> <span class='ocrx_word' id='word_1_849' title='bbox 2320 5879 2418 5938; x_wconf 83' lang='lat' dir='ltr'><strong>Ms.</strong></span> <span class='ocrx_word' id='word_1_850' title='bbox 2457 5877 2704 5951; x_wconf 72' lang='grc' dir='ltr'><em>ὲρισύῦη.</em></span> 
     </span>
    </p>
   </div>
  </div>
