4066 6406
394 374 500 431 9ἓ9

1481 368 1991 429 COMMENTARIA
2025 370 2091 425 IN
2130 369 2468 427 PSALMOS.

3542 377 3647 433 0'50

395 490 586 559 φυγεῖν
613 486 709 560 τὴν
725 487 891 560 ὀργὴν
917 484 1081 539 αύτοῦ
1101 499 1116 515 ο
1149 482 1259 539 τῶν
1283 483 1341 539 δὲ
1361 485 1671 554 Αἰγυπτίων
1696 486 1794 541 οὐκ
1820 485 1962 556 ἐφεί-

2074 500 2228 542 suam
2256 504 2270 542 :
2306 483 2580 558 Egyptiis
2605 501 2734 543 vero
2754 502 2864 544 non
2888 488 3163 560 pepercit;
3191 501 3376 544 rerum
3415 489 3469 544 in
3505 505 3650 544 mor-

395 590 560 636 σατο·
594 577 876 652 παρεδίδου
924 577 983 632 δὲ
1027 576 1108 642 είς
1152 576 1389 631 ’θάνατον
1420 575 1520 641 τὰς
1563 575 1739 648 ψυχάς
1767 577 1966 643 αὐτῶν,

393 673 560 741 ἀξίων
590 672 757 726 ὄντων
779 671 878 742 τῆς
904 670 1156 741 τοιαύτης
1176 669 1447 742 τιμωρίας
1466 688 1480 703 ο
1514 670 1829 742 ἐπειδήπερ,
1853 671 1971 723 ἀσε-

392 766 568 830 ϐείαις
608 762 949 836 ὲκδεδομένοι
987 762 1080 816 καὶ
1134 765 1201 833 τῇ
1231 761 1476 833 πολυθέῳ
1501 762 1596 816 καὶ
1628 764 1967 835 Δίγυπτιακῇ

367 856 795 928 δεισιδαιμονίᾳ,
847 853 990 925 ἄλλῳ
1026 853 1247 920 θανάτῳ
1304 854 1403 919 τὰς
1454 854 1633 926 ψυχὰς
1676 854 1969 925 ἐτύγχανον
2014 900 2025 911 .

394 948 831 1021 βεϐαπτισμένοι.
860 946 1060 1019 Διόπερ
1084 949 1112 1000 6
1140 945 1331 1019 παρὼν
1369 947 1526 1016 λόγος
1553 948 1614 1000 οὐ
1644 947 1821 1001 κοινὸν
1873 946 1970 1000 θά-

390 1061 548 1097 νατον
584 1042 971 1117 ἐπεληλυθέναι
1002 1043 1183 1106 αὐτοῖς
1213 1041 1471 1108 διδάσκει,
1504 1040 1636 1095 ἀλλὰ
1661 1040 1844 1112 ψυχῶν
1874 1040 1969 1094 θά-

392 1152 567 1189 νατον.
585 1135 643 1189 '0
684 1134 793 1207 γὰρ
839 1133 1179 1207 ὀλοθρευτὴς,
1216 1124 1261 1202 ᾧ
1314 1133 1707 1205 παρεδόθησαν,
1741 1134 1857 1203 ἅμα
1901 1135 1965 1205 τῇ

391 1224 488 1282 τοῦ
519 1226 770 1299 σώματος
800 1225 1057 1292 διαλύσει,
1082 1225 1182 1289 τὰς
1209 1223 1387 1296 ψυχὰς
1411 1225 1590 1278 αὐτῶν
1611 1224 1966 1298 παρελάμὸα-

392 1335 502 1383 νεν,
529 1320 608 1383 είς
636 1317 855 1390 ὄλεθρον
887 1317 1054 1380 αὑτὰς
1075 1316 1324 1385 ἀπάγων.
1353 1317 1442 1370 Διὸ
1463 1317 1566 1371 ικαὶ
1592 1311 1749 1380 αὖθις
1769 1317 1969 1388 γέγρα-

390 1426 558 1464 πται·
593 1413 715 1466 οὐκ
769 1410 1052 1480 ἐφείσατο
1103 1409 1224 1464 ἀπὸ
1283 1408 1544 1466 θανάτου
1592 1406 1712 1463 τῶν
1752 1408 1968 1479 ’ψηιχῶν

386 1502 603 1557 αὐτῶν.
649 1497 781 1556 Εἶτα
823 1502 1075 1571 διασαφεῖ
1118 1500 1292 1571 λέγων
1342 1501 1469 1574 ἑξῆς
1491 1517 1506 1533 ⁸
1547 1500 1662 1559 Kal
1708 1500 1966 1566 ἐπάταξε

382 1593 509 1650 πᾶν
555 1596 930 1665 πρωτότοκον
972 1595 1042 1648 ὲν
1193 1595 1487 1664 Αἰγύπτῳ,
1528 1592 1809 1664 ἀπαρχὴν
1848 1591 1967 1648 τῶν

379 1689 588 1743 πόνων
636 1684 852 1741 αὐτῶν.
888 1686 1033 1740 Ἀντὶ
1080 1687 1137 1741 δὲ
1184 1685 1301 1752 τοῦ,
1351 1685 1635 1755 ἀπαρχὴν
1696 1683 1814 1740 τῶν
1850 1686 1966 1739 πό-

374 1798 506 1836 νων
558 1778 755 1837 αὐτῶν
824 1779 895 1833 ἐν
955 1779 1080 1847 τοῖς
1129 1776 1483 1849 σκηνώμασι
1534 1778 1690 1848 Χάμ’
1740 1780 1769 1832 6
1816 1777 1962 1851 Σύμ-

374 1889 592 1943 μαχοςο
645 1869 939 1939 Πρωτεῒον
986 1869 1302 1940 δυνάμεων
1366 1868 1584 1933 αὐτῶν,
1631 1869 1960 1941 ἡρμήνευσε.

376 1961 471 2018 Τὰ
531 1962 640 2036 γὰρ
693 1962 1014 2035 πρωτότοκα
1075 1961 1172 2018 καὶ
1230 1963 1494 2035 πρωτεῖον
1542 1955 1610 2032 ἦν
1663 1960 1762 2031 τῆς
1810 1960 1967 2016 δυνά-

368 2074 533 2129 μεως
593 2055 703 2110 τῶν
754 2054 1152 2126 γεννησάντων.
1215 2053 1314 2108 Διά
1376 2053 1475 2126 μὲν
1512 2047 1605 2107 οὖν
1644 2052 1751 2107 τῶν
1812 2051 1956 2125 πρώ-

360 2166 490 2203 των
515 2146 758 2220 πληγῶν,
778 2145 967 2220 ῶσπερ
991 2148 1071 2211 εἰς
1098 2146 1386 2219 μετάνοιαν
1410 2146 1607 2210 αὐτοὺς
1630 2144 1967 2217 προσκαλού-

364 2258 544 2315 μενος
568 2240 655 2295 διὰ
675 2241 773 2313 τῆς
801 2239 1002 2311 ἀνοχῆς
1028 2240 1124 2293 καὶ
1153 2238 1557 2312 μακροθυμίας,
1590 2238 1965 2311 πεφεισμένως

360 2332 563 2397 αῶτοῖς
595 2331 767 2404 ἐπῆγε
794 2331 895 2395 τὰς
919 2330 1209 2404 τιμωρίας.
1227 2332 1351 2385 Ἐπὶ
1386 2331 1530 2385 τέλει
1574 2331 1631 2384 δὲ
1674 2332 1774 2386 οὐκ
1815 2331 1965 2402 ἐφεί-

295 2467 305 2477 .
369 2442 512 2480 σατο
565 2424 675 2478 ἀπὸ
723 2422 954 2479 θανάτου
999 2422 1107 2477 τῶν
1143 2421 1333 2495 ψυχῶν
1373 2421 1584 2479 αύτῶψ
1614 2421 1749 2480 ἀλλὰ
1776 2422 1871 2479 καὶ
1896 2422 1968 2477 τὰ

374 2521 554 2592 κτήνη
585 2517 764 2573 αὐτῶν
792 2519 874 2583 είς
905 2517 1133 2573 θάνατον
1174 2517 1536 2574 συνέκλεισεν.
1554 2516 1708 2570 Ἐπεὶ
1738 2517 1832 2570 καὶ
1856 2517 1964 2570 πᾶν

377 2611 722 2684 πρωτότοκον
754 2611 813 2665 ὲν
837 2612 908 2682 γῇ
936 2609 1199 2681 Αἰγύπτῳ
1230 2611 1504 2683 ἀνῃρεῖτο,
1540 2608 1752 2681 κτηνῶν
1776 2626 1837 2663 τε
1869 2610 1963 2663 καὶ

374 2702 604 2775 ἀνδρῶν.
633 2701 845 2774 Σφόδρα
889 2701 944 2755 δὲ
992 2701 1233 2774 ἀκριϐῶς
1267 2703 1360 2755 ἐπὶ
1395 2703 1495 2773 μὲν
1523 2700 1633 2755 τῶν
1661 2700 1966 2774 ἀνθρώπων

375 2794 595 2864 θανάτῳ
626 2793 760 2866 φησὶ
778 2793 877 2858 τὰς
907 2793 1083 2865 ψυχὰς
1106 2794 1283 2848 αὐτῶν
1314 2793 1739 2864 παραδεδόσθαι·
1768 2790 1836 2867 ἦν
1856 2794 1965 2867 γὰρ

374 2889 406 2940 6
434 2886 755 2961 ὀλοθρευτὴς
783 2887 1015 2958 δαίμων,
1050 2889 1079 2942 6
1117 2889 1217 2953 τὰς
1248 2887 1426 2959 ψυχὰς
1458 2888 1639 2942 αὐτῶν
1689 2889 1784 2942 καὶ
1826 2888 1967 2961 μετὰ

377 2977 608 3032 θάνατον
658 2979 1132 3050 παραλαμϐάνων·
1168 2980 1259 3035 ἐπὶ
1291 2979 1347 3033 δὲ
1377 2979 1485 3033 τῶν
1525 2980 1964 3050 κτηνῶννοὺκέτι

374 3069 564 3141 ψυχῶν
598 3071 1024 3142 ἐμνημόνευσεν,
1057 3070 1192 3125 ἀλλὰ
1221 3071 1381 3142 μόνου
1416 3071 1507 3126 τοῦ
1537 3072 1715 3127 κοινοῦ
1744 3074 1838 3128 καὶ
1861 3090 1966 3128 σω-

378 3160 609 3232 ματικοῦ
642 3161 872 3216 θανάτου
898 3175 912 3188 ’
951 3165 1013 3218 οὐ
1056 3163 1166 3237 γὰρ
1212 3164 1428 3236 μετέχει
1476 3164 1656 3237 ψυχῆς
1695 3164 1768 3220 τὰ
1794 3166 1961 3239 κτήνη

2075 584 2183 633 tem
2239 577 2465 633 tradidit
2511 578 2725 635 animas
2778 595 2992 648 eorum,
3047 581 3337 651 dignorum
3391 596 3523 638 sane
3554 582 3651 636 tali

2071 669 2363 740 supplicio,
2409 669 2539 741 quia
2576 670 2953 741 impietatibus
2983 682 3036 727 et
3066 672 3402 745 Egyptiacae
3446 674 3652 728 multo-

2068 775 2190 816 rum
2237 762 2463 817 deorum
2504 763 2885 834 superstitioni
2928 764 3094 820 dediti
3122 805 3138 830 ,
3187 765 3294 820 alia
3343 764 3400 820 in
3452 772 3650 832 morte,

2070 853 2266 909 animae
2286 853 2520 920 scilicet,
2552 855 2788 912 demersi
2823 864 3001 912 erant.
3033 856 3216 923 Quare
3240 857 3329 912 hic
3358 872 3469 912 non
3497 874 3650 913 com-

2068 960 2288 1002 munem
2335 952 2568 1001 mortem
2620 945 2760 1018 ipsis
2808 947 3019 1002 illatam
3066 963 3192 1009 esse
3241 948 3512 1018 docetur;
3555 951 3650 1007 sed

2068 1045 2301 1092 mortem
2336 1038 2663 1094 animarum.
2688 1038 2825 1095 Nam
2858 1041 3252 1096 exterminator
3277 1043 3387 1109 ille,
3420 1043 3508 1098 cui
3540 1053 3653 1097 tra-

2067 1123 2171 1181 diti
2202 1132 2355 1193 sunt,
2385 1127 2570 1183 statim
2595 1135 2759 1199 atque
2790 1144 3022 1201 corpora
3049 1130 3319 1187 dissoluta
3347 1143 3498 1200 sunt,
3531 1135 3655 1189 ani~

2067 1231 2187 1273 mas
2224 1218 2488 1290 abripuit,
2527 1220 2583 1275 in
2630 1221 2936 1291 perniciem
2997 1223 3278 1281 abducens
3311 1241 3426 1282 eas.
3471 1225 3652 1293 Quare

2064 1325 2287 1368 rursum
2325 1312 2605 1380 scribitur,
2644 1313 2766 1369 Non
2813 1315 3042 1385 pepercit
3087 1333 3120 1370 a
3159 1327 3326 1372 morte
3370 1319 3649 1377 animabus

2065 1419 2267 1459 eorum.
2299 1401 2495 1461 Postea
2523 1418 2655 1461 vero
2679 1406 2795 1463 haec
2821 1407 3062 1465 declarat
3090 1427 3102 1462 :
3140 1408 3205 1464 Et
3239 1412 3500 1480 percussit
3534 1428 3651 1466 om~

2066 1487 2129 1549 ne
2157 1494 2564 1567 primogenitum
2595 1497 2649 1551 in
2691 1507 2835 1553 terra
2883 1499 3128 1572 Egypti,
3167 1502 3435 1570 primitias
3478 1503 3651 1559 omnis

2067 1585 2265 1643 laboris
2292 1602 2496 1643 eorum.
2529 1586 2636 1643 Pro
2666 1588 2761 1644 illo
2799 1598 3003 1654 autem,
3030 1593 3297 1661 primitias
3331 1593 3526 1648 laboris
3556 1609 3643 1649 eo-

2064 1694 2181 1733 rum
2212 1679 2268 1733 in
2295 1679 2672 1746 ,ta‘bernaculis
2723 1678 2912 1746 Cham,
2946 1681 3340 1757 Symmachus,
3382 1686 3650 1754 primitias

2064 1773 2271 1828 virtutis
2304 1789 2506 1837 eorum,
2534 1775 2929 1845 interpretatus
2957 1783 3061 1833 est.
3094 1775 3230 1831 Nam
3262 1777 3648 1850 primogenita,

2063 1864 2320 1933 primitiae
2342 1866 2561 1922 virtutis
2594 1867 2936 1938 gignentium
2964 1875 3142 1925 erant.
3175 1870 3284 1926 Per
3310 1869 3519 1942 primas
3546 1872 3653 1926 ita-

1999 1940 2040 1994 8
2067 1972 2175 2028 que
2214 1957 2403 2029 plagas
2444 1958 2605 2030 quasi
2644 1959 2713 2014 ad
2759 1961 3141 2043 paenitentiam
3186 1940 3336 2033 ipsos
3375 1978 3649 2029 evocans,

2067 2064 2162 2121 per
2199 2049 2606 2121 patientiam'et
2634 2051 2980 2108 tolerantiam
3016 2068 3195 2119 suam,
3223 2053 3486 2124 paulatim
3515 2053 3652 2125 ipsis

2067 2146 2334 2218 supplicia
2392 2146 2683 2203 inferebat.
2734 2145 2794 2203 in
2825 2147 2934 2204 ﬁne
2975 2164 3107 2204 vero
3155 2164 3268 2204 non
3320 2150 3563 2220 pepercit
3620 2163 3652 2203 a

2066 2245 2242 2293 morte
2294 2235 2585 2294 animabus
2632 2252 2856 2304 eorum;
2898 2238 2996 2295 sed
3039 2238 3204 2294 etiam
3254 2238 3506 2308 iumenta
3554 2256 3653 2295 eo-

2068 2343 2189 2383 rum
2229 2328 2285 2383 in
2324 2336 2501 2385 morte
2551 2328 2847 2386 conclusit.
2902 2327 3039 2384 Nam
3092 2346 3255 2386 omne
3314 2332 3654 2403 primogeni-

2069 2427 2183 2474 tum
2224 2419 2282 2475 in
2328 2426 2475 2475 terra
2530 2418 2752 2492 Egypti
2796 2418 3173 2485 occidebatur,
3223 2430 3332 2478 tam
3371 2422 3653 2493 jumento-

2068 2523 2213 2576 rum,
2264 2522 2428 2581 quam
2465 2510 2771 2567 hominum.
2822 2509 2931 2566 Sed
2977 2521 3234 2567 accurate
3263 2512 3557 2568 admodum
3588 2514 3657 2569 de

2066 2600 2382 2658 hominibus
2404 2602 2627 2673 quidem
2662 2603 2740 2657 ait
2764 2603 2979 2659 animas
3008 2617 3199 2659 eorum
3225 2604 3388 2659 morti
3418 2604 3655 2661 traditas

2066 2693 2240 2749 fuisse
2278 2710 2292 2747 :
2338 2691 2529 2748 aderat
2575 2693 2778 2764 quippe
2824 2693 3038 2749 daemon
3087 2696 3505 2762 exlerminator,
3557 2698 3653 2768 qui

2066 2784 2279 2841 animas
2302 2785 2465 2839 etiam
2495 2800 2684 2840 eorum
2733 2793 2855 2856 post
2899 2796 3132 2841 mortem
3179 2786 3476 2857 abriperet.
3515 2788 3660 2848 Cum

2066 2878 2134 2935 de
2159 2877 2426 2949 jumentis
2459 2893 2625 2948 porro
2660 2879 2863 2949 agitur,
2912 2893 3023 2933 non
3071 2878 3216 2933 ultra
3262 2879 3474 2936 animas
3500 2895 3653 2936 com-

2066 2977 2365 3038 memorat;
2425 2971 2521 3025 sed
2575 2970 2753 3026 solum
2803 2984 3149 3026 communem
3206 2978 3261 3027 et
3311 2974 3650 3043 corporalem

2065 3069 2347 3118 mortem:
2380 3062 2635 3133 jumenta
2690 3064 2961 3134 siquidem
3010 3079 3121 3120 non
3168 3065 3382 3121 animas
3428 3067 3651 3132 habent,

2066 3169 2187 3225 quae
2224 3162 2353 3225 post
2400 3156 2649 3226 corporis
2703 3155 3033 3212 solutionem
3095 3165 3374 3223 maneant,
3428 3158 3656 3229 perinde

372 3249 477 3320 τῆς
545 3250 683 3322 μετὰ
746 3251 846 3324 τὴν
898 3251 991 3306 τοῦ
1042 3252 1291 3324 σώματος
1341 3252 1492 3308 λύσιν
1540 3254 1962 3327 παραμενούσης

2068 3257 2229 3318 atque
2271 3247 2556 3304 hominum
2605 3248 2821 3304 animae.
2872 3246 3026 3321 Hanc
3078 3264 3209 3305 vero
3262 3251 3437 3321 ipsam
3480 3252 3655 3307 histo-

370 3343 576 3415 ὁμοίως
626 3346 747 3409 ταῖς
778 3343 887 3399 τῶν
937 3344 1241 3417 ἀνθρώπων
1272 3345 1493 3418 ψυχαῖς.
1524 3345 1634 3418 Τὴν
1684 3347 1741 3402 δὲ
1794 3346 1963 3420 αὐτὴν

378 3434 624 3506 ἱστορίαν
674 3435 949 3509 διαφόρως
996 3436 1205 3509 Μωσῆς
1251 3452 1311 3489 τε
1362 3437 1458 3490 καὶ
1489 3439 1518 3492 6
1565 3436 1758 3508 παρὼν
1806 3436 1963 3507 λόγος

373 3526 719 3597 ήρμήνευσεν
738 3543 752 3558 ο
776 3527 805 3579 6
839 3527 938 3598 μὲν
966 3527 1288 3601 ὀλοθρευτὴν
1320 3527 1503 3584 εἰπὼν·
1526 3527 1840 3601 διακονῆσαι
1872 3528 1963 3583 τδν

373 3617 606 3671 θάνατον
638 3617 746 3673 τῶν
792 3620 1153 3691 πρωτοτόκων
1174 3638 1186 3652 ·
1223 3622 1252 3675 ὁ
1278 3621 1334 3675 δὲ
1367 3620 1558 3693 παρὼν
1590 3620 1747 3690 λόγος
1769 3622 1838 3675 δι’
1865 3623 1962 3693 ἀγ-

373 3707 549 3776 γέλων
581 3707 830 3781 πονηρῶν
860 3708 1034 3763 ταῦτα
1066 3711 1363 3781 γεγονέναι.
1394 3713 1571 3766 Κάκεῖ
1617 3712 1715 3784 μὲν
1758 3714 1787 3766 6
1833 3713 1964 3767 Μω-

375 3799 477 3869 σῆς
517 3796 595 3870 τῷ
637 3799 828 3870 αἵματι
862 3799 1144 3871 κεχρῖσθαι
1177 3801 1277 3866 τὰς
1308 3800 1490 3872 φλιὰς,
1525 3803 1801 3857 καὶτοῦτο
1862 3820 1962 3874 φυ-

373 3888 665 3961 λακτήριον
699 3889 980 3959 γεγονέναι
1028 3890 1138 3945 τῶν
1179 3891 1554 3962 διαφυγόντων
1580 3892 1675 3947 τὸν
1706 3893 1949 3965 ὀλοθρευ-

372 3981 507 4051 τήν·
540 3978 774 4034 ἐνταῦθα
804 3979 861 4033 δὲ
891 3979 1283 4053 ὡδοωιηκέναι
1316 3981 1501 4054 τρίϐον
1531 3983 1746 4055 εἴρηται
1774 3985 1803 4037 6
1830 3983 1962 4048 Θεὸς

374 4071 515 4144 πρὸς
544 4071 605 4124 τὸ
645 4071 948 4141 ἀποφυγεῖν
980 4070 1277 4147 τὴνόργὴν
1307 4072 1493 4128 αὐτοῦ.
1530 4073 1717 4129 Ταῦτα
1747 4073 1823 4139 δὲ,
1859 4091 1962 4146 φη-

374 4164 451 4227 σὶ,
484 4162 816 4216 συνετελεϊτο
846 4165 904 4217 ὲν
938 4166 1050 4229 τοῖς
1088 4164 1413 4237 σκηνώμασι
1458 4165 1588 4237 Χάμ
1611 4183 1624 4196 ·
1655 4165 1711 4238 ἢ,
1734 4166 1804 4220 ἐν
1830 4165 1960 4233 ταῖς

373 4254 725 4322 σκηνώσεσι
757 4257 903 4327 Χὰμ,
950 4255 1094 4311 κατὰ
1136 4257 1227 4311 τὸν
1275 4257 1603 4330 Σύμμαχονο
1643 4256 1701 4329 ἦ,
1729 4258 1800 4311 ἐν
1830 4257 1959 4324 ταῖς

372 4347 636 4412 σκέπαις
681 4347 830 4418 Χὰμ,
878 4348 1022 4403 κατὰ
1070 4350 1160 4403 τὸν
1203 4352 1450 4405 Ἀκύλαν.
1488 4354 1569 4405 Δι’
1593 4345 1668 4406 ὧν
1714 4352 1960 4407 διδασκό-

377 4436 517 4508 μεθα
549 4436 646 4509 τὴν
678 4437 952 4507 Αἴγυπτον
981 4442 1259 4510 γεγονέναι
1296 4441 1627 4515 σκηνώματα
1671 4441 1765 4497 τοῦ
1806 4443 1954 4514 Χάμ.

372 4524 556 4601 Τριῶν
595 4531 705 4601 γὰρ
746 4532 952 4586 παίδων
983 4533 1076 4587 τοῦ
1106 4534 1230 4588 Νῶε
1266 4536 1593 4607 γενομένων,
1628 4536 1769 4607 Σὴμ,
1802 4535 1954 4607 Χὰμ,

2066 3340 2204 3395 riam
2251 3338 2472 3397 diverso
2514 3340 2681 3396 modo
2722 3339 2938 3414 Moyses
2988 3351 3044 3396 et
3081 3341 3172 3397 hic
3214 3344 3459 3414 psalmus
3491 3359 3657 3402 enar-

2064 3437 2210 3487 raut.
2236 3428 2370 3487 Nam
2400 3432 2492 3488 ille
2512 3433 2732 3503 quidem
2767 3433 2906 3489 dixit
2935 3435 3421 3493 exterminatorem
3447 3437 3655 3508 primo-

2063 3524 2375 3595 genitorum
2414 3525 2581 3580 morti
2626 3526 3018 3593 ministrasse;
3061 3526 3150 3581 hic
3188 3542 3320 3582 vero
3349 3543 3531 3584 sermo
3558 3545 3655 3600 per

2064 3618 2291 3689 angelos
2320 3616 2496 3672 malos
2532 3617 2648 3672 haec
2680 3618 2828 3673 facta
2863 3619 3039 3675 fuisse
3078 3629 3286 3674 narrat.
3333 3620 3512 3693 Atque
3541 3622 3653 3676 illic

2062 3710 2282 3778 quidem
2334 3708 2551 3782 Moyses
2623 3710 2894 3782 sanguine
2976 3713 3419 3782 superliminaria
3484 3722 3653 3769 uncta

2063 3796 2239 3855 fuisse
2255 3806 2465 3866 narrat,
2490 3798 2660 3855 ethoc
2686 3803 2902 3870 signum
2922 3801 3092 3858 fuisse
3114 3802 3184 3856 ad
3220 3804 3439 3859 tutelam
3462 3818 3651 3859 eorum

2060 3886 2154 3955 qui
2187 3886 2257 3941 ab
2302 3889 2729 3943 exterminatore
2788 3888 3132 3961 effugerunt;
3183 3893 3272 3948 hic
3327 3909 3458 3952 vero
3505 3894 3652 3951 Deus

2058 3974 2203 4029 viam
2236 3974 2433 4032 fecisse
2465 3976 2669 4032 dicitur
2698 3984 2752 4031 et
2783 3980 3058 4043 semitam,
3096 3990 3154 4035 ut
3184 3974 3649 4053 etiugerent'iram

2062 4080 2240 4121 suam.
2277 4065 2406 4123 Haec
2436 4083 2624 4138 porro,
2652 4068 2852 4138 inquit,
2879 4070 2933 4123 in
2968 4071 3339 4128 tabernaculis
3366 4072 3537 4127 Cham
3568 4074 3651 4129 ef-

2032 4174 2035 4177 λ
2061 4159 2203 4215 lecta
2230 4168 2381 4227 sunt,
2427 4162 2543 4216 sive
2568 4162 2872 4217 secundum
2910 4161 3324 4234 Symmachum,
3355 4169 3411 4218 in
3439 4164 3650 4220 habita-

2061 4252 2294 4308 tionibus
2330 4252 2536 4314 Cham;
2569 4254 2684 4310 sive
2730 4255 3035 4311 semndum
3080 4255 3357 4327 Aquilam,
3407 4257 3463 4311 in
3499 4260 3645 4314 tectis

2060 4343 2247 4401 Cham.
2290 4345 2458 4413 Queis
2506 4346 2801 4402 edocemur
2846 4346 3143 4420 Egyptum
3187 4348 3358 4406 fuisse
3391 4348 3646 4407 taberna-

2059 4436 2183 4490 cula
2219 4435 2413 4492 Cham.
2446 4437 2584 4492 Cum
2617 4439 2761 4494 enim
2793 4438 2921 4495 Non:
2951 4447 3066 4495 tres
3097 4439 3191 4495 lilii
3227 4440 3450 4506 fuerint,
3491 4439 3642 4508 Sem,

2060 4527 2253 4594 Cham.
2278 4529 2505 4600 laphet;
2534 4530 2705 4586 Cham
2740 4531 2844 4587 fuit
2875 4540 3028 4603 pater
3056 4531 3353 4599 Chanaan;
3382 4534 3644 4591 Chanaan

378 4612 588 4693 Ἶάφεθ,
614 4624 642 4676 6
674 4623 804 4694 Χὰμ
833 4624 1022 4693 γέγονε
1053 4627 1233 4698 πατὴρ
1260 4627 1353 4681 τοῦ
1382 4628 1624 4694 Χαναὰν,
1651 4629 1873 4682 Χαναὰν
1901 4628 1957 4682 δὲ

2063 4639 2192 4678 vero
2251 4632 2404 4693 pater
2440 4622 2725 4689 Mesraim,
2778 4625 2874 4695 qui
2937 4632 3057 4680 erat
3102 4624 3405 4697 Egyptus;
3457 4641 3488 4680 a
3535 4641 3643 4698 quo

373 4716 560 4788 πατὴρ
612 4714 706 4769 τοῦ
736 4715 1018 4788 Μεσραῒμ,
1047 4717 1106 4782 ὃς
1144 4713 1213 4789 ἦν
1251 4719 1547 4790 Αἴγυπτος,
1581 4721 1675 4790 ἀφ’
1709 4714 1770 4775 οὗ
1795 4718 1960 4787 Αἰγύ-

372 4825 521 4861 πτιοι
549 4807 751 4872 πάντες
770 4825 783 4839 ·
818 4808 947 4861 ὥστ’
979 4809 1206 4874 εἰκότως
1236 4811 1339 4883 τὴν
1374 4810 1483 4865 τῶν
1515 4810 1825 4880 Αἰγυπτίων
1849 4809 1960 4880 χώ-

376 4914 477 4972 ραν
525 4899 861 4973 σκηνώματα
909 4899 1004 4954 τοῦ
1042 4902 1400 4974 προπάτορος
1453 4902 1555 4957 τοῦ·
1583 4900 1845 4975 Μεσραῒμ
1878 4902 1959 4954 ei-

2057 4712 2298 4786 Egyptii
2328 4730 2557 4782 omnes;
2602 4716 2677 4772 ita
2702 4724 2767 4772 ut
2793 4718 2919 4786 jure
2956 4716 3335 4788 Egyptiorum
3375 4719 3529 4791 regio
3554 4726 3642 4773 ta-

2055 4807 2352 4863 bernacula
2407 4809 2494 4864 avi
2520 4808 2797 4866 less-aint
2850 4824 2975 4865 esse
3023 4810 3261 4866 dicatur.
3324 4808 3427 4865 ilic
3473 4827 3639 4881 porro

2054 4897 2233 4954 Cham
2257 4907 2396 4967 erat,
2433 4902 2525 4972 qui
2555 4903 2767 4973 primus
2798 4900 3091 4974 Egyptum
3120 4900 3372 4956 incoluit.

375 4995 596 5067 ρῆσθαι.
627 4992 795 5062 Οὗτος
834 4993 1011 5070 δὲ’ἦν
1039 5000 1069 5053 6
1100 4997 1234 5069 Χὰμ
1276 4997 1377 5070 τὴν
1432 4998 1702 5069 Αιγυπτον
1743 4996 1965 5069 πρῶτος
1991 4994 2239 5064 οἰκήσας.

441 5093 551 5148 Kal
586 5093 921 5163 ἁπῆρενώς
952 5098 1239 5165 πρόϐατα
1276 5096 1386 5150 τὸν
1419 5097 1577 5151 λαόν
1602 5095 1838 5169 αὐτοῦ,
1860 5094 1955 5149 καὶ

370 5186 438 5241 τὰ
485 5184 632 5259 ἑξῆς.
684 5186 841 5241 Μετὰ
881 5189 983 5259 τὴν
1018 5188 1161 5243 κατὰ
1209 5206 1319 5243 των
1369 5189 1693 5259 Αἰγυπτίων-
1716 5189 1955 5261 δεκάτην

360 5277 608 5351 πληγὴν,
637 5278 787 5343 ὅπως
811 5279 909 5351 τὴν
946 5281 1347 5352 ἀπ’·Αίγύπτου
1374 5280 1600 5354 πορείαν
1630 5281 1954 5352 πεποίηνται

366 5365 609 5423 διδάσκει
652 5370 913 5439 φάσκων·
968 5372 1080 5427 Καὶ
1132 5373 1366 5443 ἀπῆρεν
1410 5373 1492 5439 ὡς
1535 5374 1800 5442 πρόϐατα
1844 5371 1954 5426 τὸν

2129 5090 2303 5149 Vens.
2336 5091 2432 5160 5‘2,
2469 5092 2558 5150 53.
2608 5091 2677 5147 Et
2736 5091 2960 5147 abstulit
3021 5092 3160 5145 sicut
3222 5107 3341 5146 oves
3387 5092 3635 5160 populum

2038 5201 2233 5252 suum,
2268 5195 2386 5243 etc.
2438 5185 2583 5243 'Post
2641 5186 2908 5242 decimam
2948 5183 3334 5256 Egyptiorum
3393 5185 3631 5254 plagam,

2032 5281 2331 5351 quomodo
2374 5280 2556 5336 exitus
2595 5294 2664 5335 ex
2699 5277 2937 5350 Egypto
2978 5276 3271 5347 contigerit
3320 5276 3409 5332 his
3451 5276 3634 5331 verbis

2052 5372 2213 5428 docet
2265 5391 2280 5427 :
2330 5371 2400 5427 Et
2453 5372 2673 5427 abstulit
2720 5372 2858 5425 sicut
2898 5386 3015 5425 oves
3063 5369 3313 5439 populum
3361 5386 3538 5436 suum,
3582 5381 3632 5424 et

348 5458 522 5514 ’λαὸν
569 5461 757 5516 αὐτοῦ
784 5503 799 5528 ,
860 5463 960 5517 καὶ
1016 5463 1319 5536 ἀνήγαγεν
1370 5462 1593 5529 αὐτοὺς
1644 5462 1749 5516 οιαὶ
1803 5462 1949 5518 ὡσεὶ

2060 5464 2300 5534 perduxit
2328 5482 2416 5521 eos
2447 5477 2707 5536 tanquam
2732 5479 2949 5534 gregem
2972 5461 3260 5518 iit-deserto
3287 5471 3384 5518 set
3413 5461 3632 5518 deduxit

354 5553 651 5623 ’ποίμνιον
696 5556 765 5610 ἐν
808 5556 1024 5627 ἐρήμῳ.
1075 5557 1189 5612 Καὶ
1239 5557 1558 5628 ὡδήγησεν
1601 5557 1825 5623 αὐτοὺς
1879 5556 1950 5611 ὲν

370 5642 587 5711 ἑλπίδι,
633 5646 731 5702 καί
786 5650 895 5703 οὐκ
941 5649 1309 5705 ἐδειλίασαν.
1364 5648 1522 5704 Κατὰ
1553 5648 1611 5704 δὲ
1660 5648 1753 5702 τὸν
1786 5647 1947 5703 ’Δκύ-

373 5742 464 5786 tau
477 5753 491 5766 ο
540 5738 653 5793 Kal
694 5739 1125 5812 καθωδήγησεν
1163 5742 1385 5810 αὐτοὺς
1430 5745 1520 5810 εις
1564 5743 1945 5812 πεποίθησιν.

374 5828 468 5883 καὶ
495 5832 605 5886 οὐκ
629 5832 1044 5904 ἐπτοήθησανο
1079 5835 1219 5891 κατά
1247 5835 1303 5891 δὲ
1325 5836 1417 5892 τὸν
1444 5836 1758 5908 Σύμμαχον,
1775 5834 1944 5905 Ὠϐή-

2053 5574 2141 5614 eos
2182 5559 2243 5612 in
2288 5565 2460 5627 speet
2494 5572 2599 5611 non
2649 5558 2969 5620 tinmerunt;
3023 5555 3322 5611 secundum
3378 5555 3631 5626 Aquilam

2052 5666 2183 5707 vero
2216 5669 2229 5705 :
2256 5649 2329 5704 Et
2352 5649 2570 5704 dedita-it
2594 5663 2683 5703 eos
2710 5649 2769 5702 in
2799 5647 3020 5718 ﬁducia,
3049 5656 3101 5701 et
3137 5662 3239 5701 non
3273 5647 3445 5701 territi
3462 5657 3629 5708 sum;

2054 5743 2358 5801 secundum
2410 5741 2823 5814 Symmachum,
2878 5739 3110 5794 Deduxit
3158 5755 3246 5794 eos
3290 5740 3405 5795 sine
3441 5741 3633 5811 timore

2053 5844 2103 5891 et
2133 5844 2372 5899 terrore;
2408 5843 2459 5890 et
2490 5832 2736 5890 inimicos
2764 5848 2946 5887 eorum
2978 5829 3181 5902 operuit
3212 5845 3378 5887 mare.
3416 5827 3481 5883 Et
3513 5828 3632 5883 haec
