4066 6412
447 325 547 382 931

1123 330 1391 387 EUSEBII
1429 330 1907 388 CASSARIENSIS
1945 330 2095 386 OPP.
2139 330 2319 386 PARS
2359 330 2449 386 Ill.
2488 362 2557 373 —-
2598 328 3012 386 EXEGETICA.

3588 319 3699 376 οδε
3729 297 3740 307 ’

447 438 669 511 quidem
728 447 855 495 ante
910 455 1097 496 eorum
1157 442 1212 496 in
1268 442 1485 499 deserto
1544 444 2025 499 commorationem

2130 457 2322 515 γησεν
2359 441 2581 509 αὐτοὺς
2602 443 2864 511 ἀφόϐους
2893 439 2989 493 καὶ
3021 435 3386 503 ἀπτοήτουςο
3420 434 3517 488 καὶ
3552 434 3698 501 τοὺς

448 538 601 601 gesta
627 540 785 597 sunt;
821 546 999 603 neque
1028 534 1172 589 enim
1205 551 1386 590 sermo
1414 536 1555 590 serie
1598 552 1778 591 rerum
1816 537 2017 602 utitur;

449 620 545 675 sed
596 629 784 692 utpote
839 622 897 678 in
954 625 1157 695 bymno
1204 634 1257 680 et
1302 628 1517 682 cantico
1552 634 1883 697 praepostere
1934 644 2020 683 res

445 721 690 767 enarrat.
730 713 914 781 Quare
943 731 1067 768 cum
1098 731 1162 770 ea
1185 733 1306 787 qua:
1351 717 1485 788 ipsis
1514 718 1569 772 in
1603 719 1820 775 deserto
1848 719 2023 775 conti-

446 813 661 874 gerant,
709 813 763 861 et
816 815 1038 877 peccata
1087 824 1209 879 quae
1251 810 1304 863 in
1343 798 1638 867 solitudine
1666 812 2019 881 admiserant,

444 899 772 969 quotiesque
801 897 981 971 ipsum
1016 902 1478 958 exacerbaverant
1503 900 1853 974 enarrasset;
1883 915 2027 976 post-

444 1001 509 1041 ea
539 987 785 1056 priorum
814 989 1145 1046 mentionem
1179 990 1332 1056 facit,
1365 1003 1424 1048 ut
1452 1010 1758 1052 sermonem
1790 1011 1899 1052 non
1930 998 2020 1052 tri-

447 1078 645 1145 stibus,
669 1081 764 1136 sed
795 1079 889 1137 Dei
914 1082 1194 1140 beneficiis
1216 1085 1661 1143 circumscribat.
1684 1088 2025 1160 Quapropter

448 1168 550 1224 sub
578 1168 695 1225 hazc
732 1171 895 1226 rebus
940 1187 972 1226 a
1021 1171 1130 1226 Deo
1174 1174 1226 1227 in
1270 1173 1503 1246 )Egypto
1535 1177 1729 1247 gestis,
1769 1186 1823 1233 et
1856 1180 2023 1234 maris

448 1259 618 1317 Rubri
632 1263 889 1319 transitui
909 1263 1061 1319 addit
1081 1265 1212 1320 illud
1239 1265 1497 1324 :—Vens.
1524 1268 1794 1335 54,551.?
1817 1271 2023 1325 induxit

449 1368 533 1407 eos
585 1353 641 1407 in
684 1364 913 1425 montem
955 1358 1393 1427 sanctiﬁcationis
1439 1376 1572 1426 suta,
1611 1371 1838 1416 montem
1888 1362 2023 1417 hunc

448 1461 598 1514 quem
623 1449 904 1518 acquisivit
940 1448 1162 1504 dextera
1187 1450 1322 1519 ejus.
1356 1450 1457 1506 llic
1484 1467 1547 1508 ea
1575 1468 1698 1524 qua:
1725 1453 1779 1508 in
1807 1453 2024 1512 deserto

447 1538 1027 1609 contigerantsilentio
1056 1542 1246 1609 mittit,
1277 1545 1404 1615 quia
1432 1560 1621 1600 eorum
1648 1549 2021 1605 recensionem

447 1630 806 1699 praemiserat.
859 1631 1013 1688 Mons
1063 1641 1240 1689 autem
1280 1637 1529 1705 quinam,
1580 1636 1688 1691 nisi
1737 1635 1944 1702 Sionis,
1968 1639 2022 1694 in

445 1736 558 1792 quo
604 1720 907 1777 Jerusalem
962 1724 1066 1778 sub
1110 1724 1225 1780 haec
1274 1733 1399 1796 post
1446 1727 1652 1799 Asapbi
1700 1734 1756 1783 et
1801 1726 2024 1785 Davidis

2124 535 2373 605 ἐχθροὺς
2406 533 2605 588 αὐτῶν
2638 532 2946 602 ἐκάλυψεν
2973 530 3010 597 ἡ
3045 528 3346 584 θάλασσα.
3386 527 3496 580 Καὶ
3524 525 3695 580 ταῦτα

2130 626 2231 698 μὲν
2274 626 2513 699 πρότερα
2553 620 2621 696 ἦν
2644 625 2745 697 τῆς
2794 624 2935 678 κατὰ
2977 623 3077 694 τὴν
3110 621 3314 693 ἔρημον
3372 617 3695 690 διατριϐῆς·

2127 719 2187 771 ού
2220 718 2324 790 μὴν
2365 718 2460 772 καὶ
2506 718 2534 771 ὁ
2566 717 2721 786 λόγος
2750 719 2818 790 τῇ
2850 715 2999 781 τάξει
3030 714 3294 786 κέχρηται
3325 710 3433 765 τῶν
3480 727 3697 783 πεπρα-

2127 811 2343 881 γμένων
2364 827 2376 840 ·
2421 811 2496 874 ὡς
2523 813 2580 864 ἐν
2609 810 2762 882 ὕμνῳ
2795 809 2852 863 δέ
2880 809 2973 863 καὶ
3004 807 3116 879 ᾠδῇ
3144 805 3212 859 τὰ
3240 804 3471 876 δεύτερα
3502 802 3697 876 πρῶτα

2127 903 2308 975 τίθησι
2346 904 2439 958 καὶ
2468 902 2537 957 τὰ
2567 902 2755 975 πρῶτα
2781 901 3026 974 δεύτερα.
3055 899 3145 954 Διὸ
3172 898 3241 952 τὰ
3270 897 3410 953 κατὰ
3437 895 3535 968 τὴν
3566 894 3697 967 ἐρη-

2133 1014 2231 1068 μον
2274 996 2572 1068 συμϐάντα,
2607 995 2700 1050 καὶ
2730 997 2830 1050 ὅσα
2860 995 3102 1066 ἥμαρτον
3142 992 3202 1046 ἐν
3232 994 3298 1064 τῇ
3346 991 3559 1062 ἐρήμῳ,
3604 988 3699 1042 καὶ

2130 1089 2316 1153 ὁσάκις
2350 1091 2773 1161 παρεπίκραινον
2808 1085 3330 1159 προδιηγησάμενος,
3361 1082 3499 1154 μετὰ
3526 1080 3700 1135 ταῦτα

2130 1181 2227 1254 τήν
2267 1182 2375 1235 τῶν
2408 1184 2639 1255 πρώτων
2676 1181 2892 1253 μνήμην
2921 1181 3175 1243 ποιεῖται,
3212 1176 3289 1239 ὡς
3321 1176 3385 1229 ἂν
3418 1175 3509 1227 τὸν
3542 1172 3701 1241 λόγον

2132 1272 2485 1346 περιγράψειε
2519 1274 2594 1346 μὴ
2619 1274 2699 1337 είς
2726 1271 2963 1344 λυπηρὰ,
2992 1269 3106 1326 ἀλλ’
3137 1270 3230 1323 ἐπὶ
3272 1269 3386 1330 ταῖς
3425 1264 3520 1320 τοῦ
3563 1262 3701 1317 Θεοῦ

2132 1364 2489 1435 εὐεργεσίαις.
2520 1364 2719 1437 Διόπερ
2749 1361 2876 1434 ἐξῆς
2908 1362 3261 1417 ἐπισυνάπτει
3288 1361 3400 1422 τοῖς
3431 1356 3573 1411 κατὰ
3601 1354 3703 1426 τὴν

2132 1451 2401 1522 Αἴγυπτον
2430 1453 2535 1506 ὑπὸ
2553 1452 2653 1515 ,τοῦ
2696 1452 2830 1505 Θεοῦ
2859 1451 3283 1524 πεπραγμένοις,
3326 1447 3423 1502 καὶ
3451 1449 3517 1518 τῇ
3546 1445 3703 1515 διόδῳ

2115 1545 2517 1617 ,τῆςἙρυθράς
2548 1544 2845 1615 θαλάσσης,
2869 1543 2951 1608 τὸ,
2968 1544 3075 1598 Καὶ
3115 1539 3440 1610 εισήγαγεν
3482 1534 3703 1601 αὐτοὺς

2129 1644 2216 1708 εἰς
2256 1638 2391 1709 ὄρος
2427 1639 2790 1714 ἁγιάσματος
2843 1637 3050 1701 αὐτοῦ,
3080 1633 3217 1704 ὄρος
3259 1632 3435 1687 τοῦτο
3468 1629 3500 1684 ὃ
3531 1626 3705 1694 ἐκτή-

2129 1749 2279 1788 σατο
2307 1733 2344 1801 ὴ
2378 1731 2546 1797 δεξιὰ
2582 1729 2797 1784 αὐτοῦ’
2828 1728 2897 1783 τὰ
2941 1726 3082 1783 κατὰ
3106 1726 3205 1798 τὴν
3229 1725 3434 1798 ἔρημον
3471 1722 3705 1776 ἐνταῦθα

448 1822 691 1884 tempora
737 1819 947 1868 structa
993 1815 1113 1871 est?
1175 1814 1383 1873 Deinde
1450 1819 1821 1875 narrationem
1865 1836 2021 1876 resu-

2129 1825 2541 1896 ἀποσιωπήσας,
2569 1824 2656 1878 διὰ
2678 1822 2740 1876 τὸ
2766 1820 3149 1894 προειληφέναι
3177 1818 3361 1873 αὐτῶν
3390 1817 3488 1890 τὴν
3513 1817 3705 1888 διήγη-

451 1904 550 1957 ηιίι
579 1904 652 1958 ita
715 1905 943 1975 loquens
979 1925 993 1960 :
1048 1905 1116 1959 Et
1166 1907 1318 1977 ejecit
1360 1925 1393 1963 α
1430 1908 1566 1979 facie
1595 1926 1774 1963 eorum
1830 1920 2026 1982 gentes.

449 2006 502 2052 et
572 2008 713 2053 sorte
766 2000 943 2053 divisit
992 2000 1067 2054 eis
1138 1990 1330 2056 terram
1371 2003 1425 2056 in
1481 2002 1718 2072 funiculo
1776 2002 2029 2059 distribu-

444 2090 625 2144 tionis.
682 2089 749 2143 Et
796 2090 1039 2147 habitare
1068 2093 1193 2162 fecit
1248 2095 1301 2147 in
1337 2094 1696 2149 tabernaculis
1723 2112 1905 2150 eorum
1931 2097 2028 2150 tri-

446 2180 542 2237 bus
579 2180 776 2239 Israel.
806 2184 1104 2257 Postquam
1137 2187 1446 2257 ingressum
1474 2187 1531 2241 in
1563 2196 1762 2243 terram
1794 2189 2027 2259 promis-

446 2276 622 2331 sionis
663 2278 1012 2344 memoravit,
1056 2284 1111 2333 et
1138 2278 1416 2349 quomodo
1451 2280 1841 2349 occupaverint
1875 2295 2029 2334 mon-

446 2374 557 2421 tem
603 2365 757 2428 Sion.
800 2384 962 2439 quem
998 2368 1178 2440 longis
1222 2376 1413 2439 postea
1453 2371 1793 2440 temporibus
1833 2369 2024 2435 David,

445 2460 619 2530 pulsis
650 2460 831 2532 gladio
859 2460 1128 2517 Jebusmis
1158 2462 1431 2530 obtinuit;
1467 2461 1752 2519 historiam
1777 2464 2026 2531 resumit,

447 2554 772 2623 compendio
799 2568 1058 2618 narrans,
1091 2554 1368 2624 quomodo
1397 2563 1523 2624 post
1546 2564 1778 2610 mortem
1802 2555 2025 2627 Moysis,

446 2647 584 2701 duce
608 2643 738 2701 Jesu
773 2646 883 2702 ﬁlio
906 2645 1073 2711 Nave,
1105 2647 1429 2702 transierint
1468 2648 1523 2702 in
1553 2655 1756 2703 terram
1793 2651 2027 2718 promis-

444 2739 640 2805 sionis,
672 2746 726 2793 et
757 2736 1094 2808 alienigenas
1118 2738 1261 2793 bello
1284 2738 1353 2793 ab
1381 2754 1442 2794 se
1473 2738 1718 2795 devictos
1756 2754 1784 2793 a
1809 2740 2028 2808 regione

446 2829 749 2901 exegerint,
778 2837 832 2884 et
866 2828 1112 2883 funiculo
1138 2829 1441 2884 dimensam
1474 2839 1674 2886 terram
1708 2837 1855 2887 sorte
1884 2831 2027 2886 divi-

443 2921 633 2976 serint.
665 2920 870 2976 Deinde
890 2920 1040 2991 ipsos
1070 2921 1264 2977 iterum
1284 2925 1532 2994 coarguit
1586 2920 1775 2993 (Vens.
1811 2922 2025 2995 56-58),

445 3014 639 3070 dicens
694 3029 790 3069 eos
827 3014 1105 3084 prioribus
1139 3014 1197 3068 in
1231 3014 1451 3071 deserto
1484 3014 1742 3070 admissis
1788 3016 2028 3086 peccatis

443 3120 584 3159 nova
631 3105 770 3159 mala
825 3105 1101 3160 addidisse
1153 3123 1167 3159 :

2131 1935 2236 1971 σιν.
2269 1918 2430 1989 Ὄρος
2456 1916 2513 1970 δέ
2548 1918 2699 1970 ποῖον
2728 1914 2762 1986 ἢ
2793 1914 2853 1967 τὸ
2877 1912 3034 1976 Σιὼν,
3065 1912 3150 1980 ἐφ’
3171 1905 3216 1980 ᾧ
3248 1908 3599 1983 Ἰερουσαλὴμ
3627 1906 3706 1981 (1)

2128 2012 2351 2083 ὕστερον
2380 2009 2520 2082 μετὰ
2550 2009 2675 2073 τοὺς
2696 2007 2919 2080 χρόνους
2952 2005 3044 2059 τοῦ
3084 2004 3256 2074 Ἀσάφ
3296 2005 3392 2058 καὶ
3421 2000 3516 2055 τοῦ
3543 2000 3707 2054 Δαυῖΰ

2127 2100 2477 2173 ιξ›κοδομήθη;
2531 2094 2628 2154 εἶτ’
2673 2095 3117 2168 ἐπαναλαμϐάνει
3167 2093 3267 2167 τὴν
3319 2093 3570 2165 διήγησιν
3616 2091 3706 2145 διὰ

2126 2195 2233 2248 τῶν
2261 2194 2385 2265 ἑξῆς
2412 2193 2585 2261 λέγων
2603 2209 2617 2222 ·
2656 2190 2767 2247 Kal
2793 2189 3081 2256 ἐξέϐαλεν
3103 2186 3221 2242 ἀπὸ
3250 2183 3576 2255 προσώπου
3599 2184 3709 2239 ai:-

2126 2285 2246 2340 τῶν
2269 2286 2437 2352 ἔθνη,
2466 2285 2565 2338 καὶ
2597 2280 3079 2351 ἐκληροδότησεν
3103 2277 3324 2344 αὐτοὺς
3353 2277 3424 2340 ὲκ
3458 2275 3708 2345 σχοινίφ

2129 2375 2549 2445 κληροδοσίας.
2598 2376 2707 2430 Kal
2754 2372 3216 2439 κατεσκήνωσεν
3265 2370 3336 2424 ἐν
3378 2367 3505 2435 τοῖς
3553 2382 3707 2435 σκη-

2126 2467 2394 2538 νώμασιν
2420 2466 2619 2521 αὐτῶν
2663 2466 2768 2533 τὰς
2804 2467 3004 2534 φυλὰς
3034 2461 3140 2516 τοῦ
3186 2460 3452 2529 Ἰσραήλ.
3480 2459 3707 2528 Μνημο-

2129 2560 2321 2624 νεύσας
2367 2559 2465 2629 τῆς
2521 2556 2723 2611 εἰσόδου
2765 2557 2865 2627 τῆς
2909 2555 2988 2618 εἰς
3021 2551 3120 2625 τὴν
3172 2551 3276 2622 γῆν
3325 2550 3426 2621 τῆς
3467 2552 3705 2618 ἐπαγγε-

2126 2651 2266 2717 λίας,
2296 2652 2389 2706 καὶ
2423 2651 2498 2714 ὡς
2537 2647 2866 2718 ἀπειλήφασι
2890 2646 2950 2700 τὸ
2976 2645 3100 2716 ὅρος
3151 2644 3204 2697 τὸ
3244 2643 3403 2706 Σιὼν,
3432 2643 3570 2714 ὅπερ
3611 2659 3710 2713 μαι

2127 2748 2280 2817 κροίς
2330 2743 2554 2815 ὕστερον
2599 2741 2812 2813 χρόνοις
2853 2739 3120 2809 ἐκτήσατο
3164 2734 3323 2790 Δαυῖδ
3366 2735 3424 2787 ἐν
3461 2733 3707 2807 ῥομφαία

2125 2838 2216 2891 τὸν
2261 2835 2581 2890 ἰεϐουσαῖον
2613 2832 2831 2898 ἐλάσας,
2860 2829 3302 2901 ἐπαναλαμϐάνει
3333 2828 3432 2901 τὴν
3465 2826 3707 2899 ἱστορίαν

2127 2931 2278 2984 ἐπιτε
2288 2929 2571 3001 μνόμενος,
2597 2926 2672 2990 ὡς
2701 2926 2837 2997 μετὰ
2860 2922 2956 2996 τὴν
2980 2921 3236 2992 τελευτὴν
3259 2919 3523 2984 Μωσέως,
3546 2919 3709 2990 ήγου·

2132 3016 2293 3091 μένου
2318 3015 2501 3069 αὐτῶν
2535 3012 2710 3087 Ἰησοῦ
2748 3011 2842 3067 τοῦ
2867 3011 3049 3081 Ναυῆ,
3076 3007 3352 3082 παρῆλθον
3381 3009 3461 3071 εἰς
3483 3007 3581 3079 τὴν
3607 3007 3709 3077 γῆν

1224 3121 1287 3160 ac
1317 3114 1608 3176 postquam
1647 3112 1847 3160 terram
1883 3107 2025 3161 obti-

2129 3110 2229 3181 τῆς
2271 3106 2625 3177 ἐπαγγελίας,
2670 3106 2761 3161 καὶ
2810 3105 2884 3168 ὡς
2925 3102 3176 3168 ἐξέϐαλον
3220 3102 3346 3165 τοὺς
3381 3098 3710 3170 ἀλλοφύλους

449 3197 724 3260 nuissent,
756 3195 924 3251 Deum
979 3197 1258 3252 excelsum
1306 3197 1383 3252 ibi
1430 3197 1627 3251 iterum
1682 3205 1925 3254 tentasse
1972 3204 2025 3251 et

2132 3202 2351 3274 πολέμῳ
2376 3200 2743 3272 κρατήσαντες
2785 3199 2885 3270 τῆς
2914 3197 3115 3269 χώρας,
3143 3196 3235 3250 καὶ
3257 3196 3330 3261 ὡς
3364 3194 3553 3267 κλήρῳ
3584 3193 3713 3247 διείσ

443 3286 823 3350 exacerbasse,
873 3294 927 3341 et
977 3286 1293 3341 testimonia
1348 3287 1470 3357 ejus
1518 3302 1616 3358 per
1642 3285 1887 3359 Moysem
1919 3288 2026 3343 sibi

444 3375 653 3430 tradlta
685 3389 796 3429 non
821 3375 1169 3444 custodisse;
1204 3374 1297 3432 sed
1317 3391 1437 3432 sese
1455 3376 1720 3432 avertisse
1758 3391 1822 3431 ac
1837 3378 2030 3448 despe-

445 3467 594 3525 xisse
622 3468 1081 3541 quemadmodum
1108 3475 1290 3539 patres
1318 3483 1532 3536 eorum,
1565 3477 1616 3523 et
1640 3484 1830 3525 versos
1861 3470 2030 3526 fuisse

445 3561 503 3617 in
534 3577 723 3617 arcum
758 3577 1009 3633 pravum.
1051 3560 1189 3616 Nam
1230 3577 1354 3616 cum
1390 3562 1727 3632 oportuisset
1774 3563 2028 3620 inimicos

445 3653 544 3711 Dei
572 3663 626 3710 et
659 3655 1005 3712 adversarias
1046 3655 1151 3710 sibi
1194 3662 1495 3726 potestates
1532 3656 1653 3712 telis
1688 3656 1949 3727 impetere
1974 3665 2028 3712 et

446 3748 776 3815 confodere;
825 3749 931 3819 ipsi
974 3747 1137 3803 idolis
1180 3748 1347 3803 dediti
1399 3748 1568 3807 Deum
1602 3749 1941 3819 blaSphemis
1977 3758 2031 3804 et

448 3840 678 3895 nefariis
706 3841 888 3896 verbis
922 3841 1263 3911 impclivere.
1306 3841 1487 3907 Quare
1526 3842 1657 3896 lacti
1693 3850 1822 3898 sunt
1855 3842 1910 3897 in
1940 3858 2030 3896 ar-

415 3918 574 3989 'cum
629 3949 856 4006 pravum
892 3955 905 3989 :
937 3934 1081 4006 quod
1133 3935 1236 3989 sub
1288 3935 1503 3990 initium
1554 3933 1892 3990 declaratum
1939 3934 2029 3991 bis

445 4028 632 4084 verbis
662 4036 747 4084 est
786 4047 799 4082 :
837 4025 969 4082 Filii
1014 4025 1271 4097 Ephraim
1313 4026 1639 4082 intendentes
1681 4036 1732 4081 et
1762 4028 2027 4082 mittentes

447 4120 701 4186 arcubus,
729 4121 963 4176 conversi
993 4130 1116 4175 sunt
1145 4121 1200 4174 in
1228 4118 1313 4174 die
1347 4118 1491 4175 belli.
1523 4119 1810 4187 Quomodo
1842 4128 2025 4173 autem

446 4212 703 4268 conversi
740 4211 943 4267 fuerint
984 4212 1040 4268 in
1100 4227 1289 4267 areum
1349 4226 1578 4282 pravum
1641 4211 1882 4267 declarat
1936 4225 2030 4281 po-

445 4312 564 4361 .Btea
593 4305 783 4360 dicens
826 4322 841 4359 :
889 4303 959 4357 Et
1009 4304 1353 4358 irritaverunt
1405 4319 1523 4356 eum
1573 4302 1628 4356 in
1679 4301 1923 4369 collibus,
1980 4311 2029 4355 et

446 4400 503 4454 in
523 4399 856 4470 sculptilibus
920 4400 1032 4454 suis
1062 4399 1129 4453 ad
1189 4397 1581 4454 temulationem
1616 4404 2028 4468 prouocauerunt

444 4508 587 4548 eum.

2129 3295 2289 3349 λαντο
2320 3294 2515 3366 σχοίνῳ
2548 3292 2914 3364 μετρήσαντες
2935 3290 3034 3361 τὴν
3064 3290 3185 3361 γῆν.
3214 3285 3325 3342 Εἶτ’
3351 3284 3506 3351 αὖθις
3531 3285 3710 3340 αὐτῶν

2132 3386 2453 3458 κατηγορεῖ,
2509 3384 2798 3448 διδάσκων,
2831 3382 2907 3447 ὡς
2965 3381 3101 3453 πρὸς
3144 3383 3257 3446 τοῖς
3303 3377 3709 3453 ἡμαρτημένοις

2130 3476 2273 3531 κατὰ
2311 3475 2409 3547 τὴν
2441 3474 2645 3547 ἔρημον
2676 3472 2994 3546 προσθήκας
3026 3471 3208 3524 κακῶν
3239 3471 3581 3542 ἐποιήσαντοο
3612 3471 3709 3523 καὶ

2135 3567 2272 3640 μετὰ
2318 3568 2379 3621 τὸ
2420 3565 2723 3640 κτήσασθαι
2773 3565 2870 3637 τήν
2907 3564 3032 3635 γῆν,
3077 3564 3371 3636 ἐπείρασαν
3418 3562 3576 3617 πάλιν
3622 3563 3709 3615 ἐν-

2129 3659 2303 3714 ταῦθα
2332 3660 2427 3713 καὶ
2465 3658 2878 3730 παρεπίκραναν
2905 3657 2996 3711 τὸν
3043 3656 3175 3711 Θεὸν
3204 3658 3296 3711 τὸν
3329 3657 3574 3728 ὕψιστον,
3615 3657 3713 3710 καὶ

2130 3751 2197 3805 τὰ
2226 3752 2498 3824 μαρτύρια
2526 3751 2690 3805 αὐτοῦ
2729 3753 2798 3806 τὰ
2827 3751 2914 3806 διὰ
2938 3751 3184 3815 Μωσέως
3210 3751 3393 3815 αὐτοῖς
3417 3749 3714 3823 παραδεδο-

2134 3842 2271 3915 μένα
2296 3843 2395 3897 ούκ
2426 3842 2698 3914 ἐφύλαξαν
2717 3860 2731 3875 ο
2769 3843 2883 3897 ἀλλ’
2908 3842 3259 3914 ἀπέστρεψαν
3292 3842 3385 3896 καὶ
3416 3840 3712 3914 ἠθέτησαν,

2130 3936 2312 4002 καθὼς
2335 3940 2386 3992 οἱ
2414 3938 2646 4011 πατέρες
2671 3937 2869 4003 αὐτῶν,
2911 3937 3007 3991 καὶ
3046 3935 3417 4009 μετετέθησαν
3450 3938 3529 4000 είς
3558 3935 3714 4011 τόξον

2133 4029 2407 4103 στρεϐλόν.
2450 4030 2578 4083 Δέον
2603 4030 2712 4102 γὰρ
2750 4030 2877 4093 τοὺς
2902 4027 3129 4100 ἐχθροὺς
3172 4026 3267 4080 τοῦ
3301 4026 3437 4080 Θεοῦ
3481 4026 3576 4090 καὶ
3612 4026 3715 4091 τας

2131 4122 2421 4194 πολεμίους
2451 4122 2629 4176 αὐτῶν
2658 4121 2913 4192 δυνάμεις
2939 4119 3039 4184 τὰς
3068 4118 3447 4190 ἀντικειμένας
3477 4116 3715 4183 τοξεύειν

2131 4216 2225 4269 καὶ
2258 4213 2488 4285 βάλλειν,
2515 4214 2564 4266 οἱ
2592 4212 2649 4267 δὲ
2677 4210 3234 4283 είδωλολατρήσαντες
3267 4209 3358 4263 τὸν
3398 4209 3531 4262 Θεὸν
3565 4208 3718 4261 ἐϐαλ-

2129 4307 2219 4360 λον
2250 4306 2589 4377 βλασφήμοις
2633 4304 2727 4357 καὶ
2759 4301 3036 4374 ἀθεμίτοις
3064 4299 3261 4368 λόγοις.
3297 4299 3388 4353 Διὸ
3424 4298 3716 4368 γεγόνασιν

2131 4400 2211 4463 είς
2235 4398 2386 4464 τόξον
2413 4395 2668 4469 στρεϐλόν
2693 4412 2707 4425 °
2735 4394 2763 4448 ὸ
2794 4394 2858 4465 δή
2891 4394 3008 4447 κατ’
3040 4391 3213 4463 ἀρχὰς
3242 4390 3428 4462 ἐδήλου
3450 4390 3512 4443 τὸ
3533 4390 3715 4460 λόγιον

2136 4485 2312 4556 φῆσαν
2335 4503 2349 4516 ο
2387 4485 2506 4539 Υἱοὶ
2547 4484 2789 4554 Ἐφραῒμ
2832 4483 3202 4548 ἐντείνοντες
3229 4483 3328 4537 καὶ
3370 4480 3716 4572 ﬁdum-{sc

445 4587 666 4653 τόξοις,
703 4583 1096 4655 ἐστράφησαν
1138 4585 1207 4639 ἐν
1235 4586 1427 4656 ἡμέρᾳ
1458 4587 1745 4657 πολέμου.
1793 4587 1918 4649 Πῶς
1963 4585 2018 4637 δὲ
2057 4582 2406 4655 ἐστράφησαν
2429 4581 2509 4644 είς
2534 4580 2685 4645 τόξον
2716 4578 2972 4650 στρεϐλὸν
3030 4578 3285 4647 διασαφεῖ
3320 4577 3494 4647 λέγων
3554 4576 3710 4652 ἐξῆς·

443 4681 556 4738 Kal
599 4678 982 4750 παρώργισαν
1008 4680 1194 4737 αὐτὸν
1229 4681 1300 4734 ἐν
1342 4681 1464 4748 τοῖς
1493 4682 1745 4749 ,ϐουνοῖς
1773 4680 1851 4754 (2)
1892 4679 1988 4733 καὶ
2030 4677 2100 4730 ἐν
2135 4675 2258 4741 τοῖς
2286 4677 2572 4741 γλυπτοῖς
2608 4672 2808 4728 αὐτῶν
2839 4670 3271 4741 παρεῷἦλωσαν
3299 4673 3508 4726 αὐτόν.

517 4795 683 4852 Vens.
719 4797 808 4852 59.
842 4796 1058 4851 Audiuit
1095 4796 1230 4853 Deus
1270 4805 1321 4851 et
1349 4798 1564 4868 sprevit,
1602 4808 1652 4852 et
1689 4798 1757 4852 ad
1798 4796 2024 4852 nihilum

2204 4793 2504 4845 Ἤκουσεν
2529 4791 2563 4843 d
2593 4787 2740 4854 Θεὸς
2763 4787 2863 4842 καὶ
2911 4785 3176 4854 ὑπερίδε,
3205 4786 3307 4840 καὶ
3337 4783 3717 4848 ἐξουδένωσε

445 4885 644 4958 redegit
678 4885 825 4942 ualde
858 4886 1051 4942 Israel.
1084 4885 1382 4957 Postquam
1413 4888 1554 4944 mala
1591 4888 1659 4943 ab
1688 4888 1823 4958 ipsis
1858 4887 2023 4942 etiam

445 4979 506 5037 in
538 4986 685 5035 terra
728 4980 1110 5049 promissionis
1142 4988 1452 5050 perpetrata
1478 4982 1780 5046 recensuit,
1807 4979 2023 5049 justum

446 5068 543 5126 Dei
570 5070 838 5140 judicium
882 5078 1073 5142 postea
1117 5069 1378 5135 deciarat,
1424 5070 1854 5142 comprobatque
1895 5067 2024 5137 jure

444 5175 543 5216 eos
592 5168 715 5230 post
757 5161 1017 5231 praedicta
1064 5161 1246 5215 omnia
1294 5161 1376 5215 ira
1421 5159 1516 5216 Dei
1563 5161 1784 5217 invasos
1828 5157 2020 5213 fuisse.

446 5252 582 5308 Nam
611 5270 736 5309 cum
774 5254 921 5309 versi
956 5260 1085 5309 sunt
1120 5253 1177 5308 in
1210 5269 1396 5309 arcum
1427 5270 1680 5324 pravum,
1710 5261 1765 5310 et
1794 5270 1920 5309 cum
1945 5253 2025 5304 ir-

2130 4884 2365 4955 0'5;de
2400 4881 2508 4936 τὸν
2550 4880 2806 4949 Ἰσραήλ.
2854 4876 3172 4942 Καταλέξας
3203 4878 3296 4931 καὶ
3342 4877 3411 4930 τὰ
3446 4879 3504 4931 ἐν
3532 4878 3600 4948 τῇ
3639 4876 3713 4945 τῇ

2125 4983 2224 5052 τῆς
2245 4974 2575 5046 ἐπαγγελίας
2596 4971 2963 5044 πεπραγμένα
2990 4970 3173 5035 αὐτοῖς
3192 4969 3358 5032 κακὰ,
3381 4968 3714 5041 παρίστησιν

2128 5073 2254 5143 ἐξῆς
2281 5070 2378 5141 τὴν
2406 5068 2799 5139 δικαιοκρισίαν
2840 5063 2935 5118 τοῦ
2976 5062 3135 5129 Θεοῦ,
3177 5063 3413 5125 δεικνὺς.
3445 5062 3522 5126 ὼς
3556 5060 3712 5115 εύλόο

2126 5181 2240 5236 γως
2276 5159 2414 5233 μετὰ
2459 5158 2636 5214 πάντα
2666 5157 2734 5211 τὰ
2772 5154 3177 5229 προλελεγμένα
3212 5152 3475 5225 μετῆλθεν
3516 5151 3713 5215 αὐτοὺς

2130 5256 2164 5325 ή
2188 5254 2346 5327 ὀργή.
2369 5252 2497 5305 Ὅτε
2518 5249 2627 5322 γὰρ
2658 5248 3007 5319 ἐστράφησαν
3037 5248 3116 5310 εἰς
3137 5245 3291 5311 τόξον
3323 5244 3599 5316 στρεϐλὸν,
3619 5243 3716 5297 καὶ

447 5349 741 5402 ritaveruut
772 5364 891 5401 eum
919 5348 975 5400 in
1002 5345 1224 5401 collibus
1245 5348 1379 5412 suis,
1403 5357 1453 5400 et
1476 5347 1529 5400 in
1549 5346 1881 5415 sculptilibus
1907 5343 2018 5399 suis

2129 5348 2214 5401 ὅτε
2240 5343 2622 5414 παρώργισαν
2641 5341 2831 5396 αὐτὸν
2852 5341 2923 5394 ἐν
2944 5339 3069 5406 τοῖς
3089 5339 3334 5405 ,βουνοις
3365 5336 3585 5394 αὐτῶν.
3612 5334 3715 5390 καὶ

448 5439 518 5491 ad
552 5437 941 5494 wmulationem
969 5449 1383 5507 prouocauerunt
1403 5454 1560 5503 eum;
1594 5448 1725 5493 tunc
1753 5437 1898 5493 Deus
1922 5450 2024 5492 nec

2133 5437 2203 5491 ὲν
2230 5435 2352 5501 τοῖς
2391 5431 2681 5505 γλυπτοῖς
2706 5429 2906 5485 αὐτῶν
2940 5427 3373 5498 παρεζήλωσαν
3409 5428 3619 5499 αὐτὰς,
3652 5425 3714 5480 τὸ

448 5530 598 5599 ipsos
630 5530 855 5593 intueri,
889 5530 1027 5584 tales
1062 5530 1277 5586 scilicet
1305 5546 1429 5585 cum
1463 5538 1669 5597 essent,
1708 5545 1809 5585 nec
1839 5530 1894 5584 in
1928 5542 2022 5585 eos

2129 5526 2433 5599 τηνικαῦτα
2476 5525 2598 5579 οὐδὲ
2643 5522 2936 5593 ἐμϐλέπειν
2962 5521 3157 5584 αὐτοὺς
3202 5523 3232 5574 ὁ
3265 5520 3398 5584 Θεὸς
3424 5518 3712 5582 τοιούτους

446 5621 752 5689 εεευίεετες
791 5622 902 5676 imo
947 5636 1076 5676 vero
1127 5636 1304 5694 neque
1347 5623 1570 5693 impiam
1610 5638 1798 5677 eorum
1828 5636 2018 5678 vocem

2129 5621 2307 5682 ὄντας,
2331 5619 2446 5672 ἀλλ’
2471 5615 2593 5669 οὐδὲ
2618 5617 2749 5685 ὁρᾷν
2774 5612 2922 5681 ἠξίου
2949 5631 2963 5644 ι
2994 5611 3109 5666 ἀλλ’
3134 5612 3254 5667 οὐδὲ
3283 5612 3501 5667 ἀκούειν
3527 5608 3712 5668 αὐτῶν

640 5768 703 5824 F.
744 5772 807 5826 τὸ
841 5773 1003 5846 ἱερόν.

2195 5772 2270 5845 (Ξ)
2310 5776 2419 5841 I'p.
2454 5770 2676 5844 βωμοῖς.
