4066 6388
415 321 521 379 953

1546 310 2048 367 COMMENTARIA
2087 310 2155 367 IN
2194 311 2533 371 PSALMOS.

3564 313 3667 368 9M

414 439 512 511 τῆς
541 437 771 503 ἀσεϐοῦς
803 436 1006 507 φωνῆς.
1037 435 1128 489 Διὸ
1161 432 1401 503 ἐπιλέγει
1423 448 1435 461 ⁸
1469 433 1765 489 Ἤκουσεν
1786 434 1819 486 ὁ
1846 431 1991 497 Θεὸς

2099 432 2282 489 audire
2335 434 2687 509 dignabatur.
2746 432 3112 501 Quamobrem
3180 430 3385 497 subdit,
3447 432 3668 485 Audiri:

415 533 512 588 καί
588 531 852 600 ὑπερίδε,
902 528 1044 585 κατά
1082 528 1175 582 τὸν
1220 525 1473 590 Ἀκύλαν,
1521 526 1621 580 καί
1674 521 1999 593 ἀνυπερθέ-

415 639 561 691 thas
582 642 596 654 ·
636 623 831 697 μηκέτι
876 620 1142 692 ἀναϐολὴν
1174 620 1306 692 μηδὲ
1352 618 1644 691 ὑπέρθεσιν
1682 618 1866 680 αὑτοῖς
1906 617 1995 669 ὲν-

416 716 573 781 δούςσ
613 716 752 772 κατὰ
802 714 858 769 δὲ
910 714 1003 768 τὸν
1059 712 1370 784 Σύμμαχον,
1423 713 1531 768 Καὶ
1583 711 1998 780 ἀπεδοκίμασε

418 808 653 878 σφόδρα
684 807 792 861 τὸν
833 802 1085 874 Ἰσραήλ.
1118 804 1303 868 Οῦτως
1326 805 1384 857 δὲ
1411 804 1640 875 ἡκουσεν
1681 804 1710 855 ὁ
1741 801 1894 866 Θεὸς,
1920 802 1996 866 ὡς

394 900 514 955 ’καὶ
540 899 632 953 ἐπὶ
656 898 960 969 Σοδομιτῶν
988 896 1174 969 εἴρητο
1193 913 1208 926 ·
1245 894 1418 965 Φωνὴ
1447 895 1729 965 Σοδόμων
1759 894 1856 948 καὶ
1884 895 1998 947 Γο-

415 993 640 1063 Μρῤας
666 989 789 1058 ,βοᾷ
833 989 984 1059 πρὸς
1015 988 1113 1060 μέ.
1156 988 1278 1042 Τῶν
1312 988 1422 1062 γὰρ
1458 987 1671 1043 ἀσεϐῶν
1719 987 1858 1040 αὑτά
1905 986 1997 1041 κέ-

416 1101 589 1157 κραγε
619 1083 712 1138 καὶ
746 1083 844 1155 βοᾷ
870 1081 941 1136 τὰ
974 1083 1073 1154 τῆς
1097 1080 1351 1145 ἀσεϐείας
1372 1081 1700 1154 πράγματα*
1733 1074 1809 1134 ὧν
1835 1079 1997 1134 ἀκού-

417 1195 517 1243 σας
533 1179 562 1232 ὁ
582 1175 714 1241 Θεὸς
738 1175 1021 1231 ἀπώσατο
1046 1174 1161 1244 thr
1183 1173 1426 1243 σκηνὴν
1450 1173 1685 1243 Σηλὼμ,
1708 1171 1998 1241 σκήνωμα

421 1259 498 1322 οὗ
526 1263 991 1331 κατεσκήνωσεν
1019 1264 1090 1317 ὲν
1121 1263 1469 1331 ἀνθρώποις.
1521 1263 1607 1317 Ἐν
1639 1262 1749 1335 γὰρ
1794 1265 1860 1333 τῇ
1895 1262 1997 1332 Ση-

415 1353 540 1427 λὼμ
584 1352 799 1426 πρῶτον
831 1353 960 1425 ἔστη
1003 1355 1036 1424 ἡ
1081 1353 1272 1425 σκηνὴ,
1322 1352 1450 1407 ἔνθα
1487 1353 1670 1425 ίερᾶτο
1705 1352 1854 1405 Ἠλεὶ
1905 1352 1997 1404 καὶ

416 1446 692 1519 Σαμουὴλ,
736 1445 813 1511 ὡς
860 1446 1185 1518 παρίστησιν
1229 1448 1261 1517 ἡ
1304 1445 1495 1517 Γραφὴ
1534 1444 1643 1499 τῶν
1676 1442 1992 1497 Βασιλειῶν.

415 1538 631 1609 Ταύτην
656 1532 748 1592 οὖν
777 1535 1034 1592 ἀπώσατο
1074 1535 1298 1609 πρώτην
1322 1536 1421 1607 τὴν
1462 1537 1520 1589 ὲν
1549 1533 1748 1607 Σηλὼμ
1790 1534 1998 1606 σκήνω-

417 1647 501 1684 σιν
525 1630 611 1685 διὰ
641 1629 741 1693 τάς
763 1629 1018 1693 ἀσεϐείας
1044 1629 1244 1684 αὐτῶν.
1272 1629 1365 1682 Διὸ
1394 1628 1535 1683 κατά
1571 1629 1662 1682 τὸν
1701 1627 1996 1701 Σύμμαχον

414 1718 630 1795 εἴρηται
651 1739 665 1753 ο
692 1721 803 1777 Καὶ
827 1720 1118 1790 ἀπέρῤιψε
1146 1720 1262 1790 τὴν
1284 1720 1600 1788 σκήνωσιν
1621 1719 1737 1787 τὴν
1759 1720 1993 1790 Σηλὼμ,

414 1813 515 1867 καί
541 1812 656 1883 τὴν
690 1812 1006 1880 σκήνωσιν
1031 1811 1150 1881 τὴν
1182 1811 1526 1881 ἱδρυθεῖσαν
1552 1811 1624 1865 ἐν
1643 1810 1992 1881 ἀνθρώποις.

416 1905 605 1970 Ὅπως
645 1905 701 1959 δὲ
745 1907 858 1969 τοῖς
900 1903 1210 1977 ἀνθρώποις
1240 1904 1513 1976 παρεδόθη
1558 1906 1592 1975 ἡ
1639 1902 1872 1968 κιϐωτὸς
1911 1902 1998 1956 διὰ

412 1996 484 2050 τά
514 1997 835 2068 ἀσεϐήματα
857 1995 951 2050 τοῦ
993 1996 1144 2061 λαοῦ,
1171 1997 1264 2051 καὶ
1288 1996 1363 2060 ὡς
1397 1993 1708 2068 ἐκράτησαν
1736 1995 1905 2066 αὐτῆς
1947 1996 1997 2049 al

414 2088 684 2162 πολέμιοι,
714 2090 1001 2162 ἀπήγαγόν
1033 2106 1091 2144 τε
1133 2090 1263 2160 παρ’
1307 2090 1539 2152 ἑαυτοῖς,
1567 2087 1661 2142 καὶ
1704 2085 1780 2151 ὼς
1804 2088 1854 2139 οί
1893 2087 2000 2140 υἱοὶ

427 2181 640 2255 Ἰσραὴλ
673 2182 1083 2255 ἓτροπώθησαν,
1118 2183 1214 2236 καὶ
1254 2181 1331 2246 ὡς
1365 2183 1413 2234 οἱ
1451 2180 1558 2235 υίοὶ
1591 2179 1737 2233 Ἦλεὶ
1783 2177 2000 2233 πεπτώ-

413 2292 595 2339 κασιν,
619 2277 668 2329 ol
696 2278 861 2348 ἱερεῖς
887 2276 1060 2341 ὄντες,
1089 2276 1117 2329 ὅ
1139 2292 1201 2327 τε
1222 2274 1426 2327 τούτων
1455 2272 1638 2344 πατὴρ
1658 2270 1735 2335 ὡς
1755 2268 2000 2324 ἀπώλετο

413 2369 509 2422 ἐπὶ
530 2371 598 2440 τῇ
631 2369 740 2423 τῶν
764 2369 969 2423 παίδων
1002 2367 1252 2439 ἀγγελίᾳ,
1282 2369 1314 2438 ή
1348 2364 1540 2438 πρώτη
1572 2363 1867 2436 παρίστησι
1892 2362 1999 2417 τῶν

414 2458 727 2513 Βασιλειῶν.
761 2458 852 2513 Διὸ
876 2459 1089 2530 εἴρηται
1122 2456 1385 2512 ἐνταῦθα’
1420 2457 1531 2510 Kal
1570 2456 1853 2510 ἀπώσατο
1884 2454 1999 2523 thr

413 2552 658 2622 σκηνὴν
706 2551 901 2620 Σηλῶ,
947 2551 1241 2622 σκήνωμα
1292 2546 1365 2606 οὗ
1420 2548 1887 2617 κατεσκήνωσεν
1932 2549 2000 2602 ἐν

413 2642 769 2712 ἀνθρώποις.
813 2644 921 2698 Καὶ
952 2641 1296 2711 παρέδωκεν
1323 2644 1408 2707 εἰς
1441 2641 1857 2710 αἰχμαλωσίαν
1886 2640 2001 2708 τὴν

416 2734 603 2804 ἰσχὺν
641 2733 859 2789 αὐτῶν.
905 2735 1049 2788 Ἀντί
1086 2733 1141 2786 δὲ
1168 2732 1284 2796 τοῦ,
1320 2732 1436 2801 τὴν
1474 2733 1652 2803 ἰσχὺν
1685 2730 1901 2796 αὐτῶν,
1934 2731 2000 2785 τὸ

336 2836 339 2841 ’
415 2825 636 2895 κράτος
679 2826 879 2881 αὐτῶν
936 2827 1279 2898 ἡρμήνευσεν
1323 2828 1350 2878 ὁ
1388 2824 1637 2889 Ἀκύλας.
1680 2826 1897 2899 Κράτος
1943 2826 1999 2880 δὲ

413 2917 596 2972 αὑτῶν
627 2921 722 2972 καὶ
752 2920 903 2989 ίσχῦν
946 2920 1040 2972 καὶ
1072 2917 1353 2990 καλλονὴν,
1383 2923 1463 2983 είς
1493 2918 1867 2989 αἰχμαλωσίαν
1907 2921 2001 2973 καὶ

413 3011 498 3075 είς
535 3013 724 3082 χεῖρας
771 3009 1044 3074 θλίϐοντος
1088 3012 1465 3084 παραδοθέντα
1499 3010 1621 3065 τίνα
1657 3010 1722 3065 ἂν
1764 3011 1998 3083 εἴποις

413 3101 513 3173 τὴν
543 3102 796 3166 κιϐωτὸν,
831 3102 899 3175 ἢν
940 3105 970 3156 ὁ
1006 3102 1198 3177 παρὼν
1229 3103 1525 3157 αἰνίττεται
1556 3104 1713 3173 λόγος
1743 3105 1995 3175 φάσκων
2027 3142 2071 3198 C

414 3191 524 3246 Kal
571 3191 917 3260 παρέδωκεν
953 3195 1042 3258 εἰς
1075 3193 1496 3263 αἰχμαλωσίαν
1539 3192 1651 3262 τὴν
1680 3192 1865 3262 ἰσχὺν
1894 3194 2003 3246 αὐ-

414 3281 553 3346 τῶν,
580 3282 678 3335 καί
706 3282 824 3351 τὴν
845 3282 1159 3352 καλλονὴν
1182 3283 1383 3338 αὐτῶν
1406 3287 1494 3350 εἰς
1520 3282 1722 3354 χεῖρας
1747 3284 2002 3354 ἐχθροῦ;

428 3374 589 3429 Ἀλλά
616 3374 790 3430 ταῦτα
836 3377 936 3448 μὲν
979 3376 1297 3448 παρέδωκεν
1330 3379 1409 3441 είς
1437 3382 1626 3449 χεῖρας
1660 3376 1876 3449 ἐχθροῦ,
1910 3377 2002 3431 τὸν

411 3467 471 3522 δὲ
499 3467 627 3522 λαὸν
675 3468 991 3547 συνέτριψεν
1028 3470 1086 3522 ὲν
1131 3468 1397 3542 ῥομφαία.
1448 3468 1538 3523 Διὸ
1570 3468 1816 3523 λέλεκται
1864 3470 2005 3525 κατὰ

414 3559 505 3612 τὸν
556 3559 880 3631 Σύμμαχον·
931 3559 1043 3615 Kal
1080 3560 1373 3626 ἐξέδωκεν
1416 3562 1505 3628 εἰς
1552 3561 1858 3633 μάχαιραν
1897 3562 2005 3616 τὸν

413 3649 570 3707 λαὸν
590 3651 802 3714 αὐτοῦ,
830 3651 927 3704 καί
960 3650 1076 3719 τὴν
1128 3654 1536 3723 κληρονομίαν
1573 3654 1761 3709 αὐτοῦ
1797 3656 2003 3724 ὑπερί-

411 3743 555 3818 ᾷεν·
589 3744 683 3796 καὶ
724 3743 787 3815 δὴ
826 3742 1173 3815 ὑπεριδόντας
1213 3744 1411 3808 αὐτοὺς
1458 3743 1553 3798 τοῦ
1587 3744 1744 3811 Θεοῦ,
1775 3746 1844 3800 τά
1877 3746 2004 3818 ἑξῆς

416 3810 648 3904 ὲξίνετο.
692 3810 828 3889 Τίνα
870 3810 948 3887 δὲ’
969 3835 1143 3887 ταῦτα
1165 3846 1189 3901 ;‘
1228 3834 1373 3901 Τοὺς
1408 3810 1773 3905 νεανίσκους
1805 3810 2004 3894 αὐτῶν

415 3926 713 3998 κατέφαγε
737 3926 879 3996 πῦρ,
924 3928 1021 3982 καὶ
1066 3930 1127 3982 αἰ
1155 3926 1437 3996 παρθένοι
1469 3928 1668 3983 αὐτῶν
1697 3932 1808 3985 οὐκ
1831 3931 2004 3985 ἐπεν-

416 4020 713 4090 οήθησαν.
754 4018 912 4074 Κατά
932 4020 989 4074 δὲ
1028 4020 1119 4073 τὸν
1157 4019 1413 4086 Ἀκύλαν,
1449 4023 1574 4090 Οὐχ
1612 4022 2003 4092 ὑπεμνήσθη-

411 4125 571 4166 σαν·
623 4110 766 4166 κατά
804 4108 873 4165 δὲ’
905 4111 995 4164 τὸν
1044 4111 1362 4182 Σύμμαχον,
1425 4113 1545 4165 Οὐκ
1591 4112 2035 4183 satureo-40am,

417 4201 614 4255 Οὐκέτι
642 4201 752 4273 γὰρ
797 4200 937 4273 μετά
981 4200 1166 4273 ὕμνων
1205 4203 1301 4255 καὶ
1340 4203 1577 4256 ἐπαίνων
1615 4202 1858 4276 συνήθως
1881 4209 2003 4271 ταῖς

416 4293 792 4365 γαμουμέναις
816 4293 1166 4365 παρεδίδοντο
1189 4293 1437 4364 ἀνδράσι,
1465 4294 1607 4350 κατά
1625 4295 1722 4369 τὴν
1748 4296 1859 4352 τῶν
1890 4297 2001 4352 λοι-

416 4385 537 4439 πῶν
555 4384 874 4456 ἑρμηνείαν,
902 4385 991 4439 sua
1010 4385 1107 4457 τὴν
1131 4384 1542 4440 καταλαϐοῦσαν
1567 4388 1751 4453 αὐτοῖς
1776 4388 1852 4460 (1)
1880 4389 2000 4445 τότε

2100 524 2241 580 Deut
2269 536 2318 581 et
2346 528 2561 596 spreuit,
2614 527 2917 582 secundum
2971 526 3226 597 Aquilam
3269 540 3419 591 vero,
3454 523 3525 579 Et
3565 542 3670 582 non

2096 616 2328 682 distulit,
2354 619 2562 673 nullum
2591 619 2832 690 spatium
2864 634 3039 690 neque
3060 619 3380 674 dilationem
3405 617 3514 673 illis
3538 633 3670 674 con-

2096 708 2335 777 cedens;
2381 710 2682 765 secundum
2718 709 3105 782 Symmachum
3136 725 3288 777 vero,
3321 708 3389 764 Et
3418 709 3670 780 reproba-

2096 800 2170 854 oit
2199 801 2350 855 valde
2378 799 2572 858 Israel.
2607 801 2698 857 Sic
2727 811 2910 858 autem
2945 802 3157 858 audivit
3182 801 3349 867 Deus,
3379 810 3440 857 ut
3471 802 3539 859 de
3569 801 3672 857 So-

2095 889 2321 947 domitis
2362 892 2567 949 dicitur
2612 912 2624 948 :
2687 893 2801 948 Voa:
2861 891 3213 949 Sodomorum
3267 902 3317 947 et
3366 891 3671 962 (ἔστησεν-ἠῶ

2096 981 2296 1035 clamat
2343 982 2412 1037 ad
2460 1000 2542 1038 me
2564 983 2630 1039 ³⁸.
2690 982 2980 1054 [inpiorum
3033 984 3180 1038 enim
3224 984 3309 1039 vel
3353 984 3470 1054 ipsa
3508 983 3672 1053 impia

2094 1083 2245 1144 gesta
2295 1074 2534 1130 clamant
2573 1084 2628 1132 et
2664 1075 3056 1132 vociferantur.
3088 1108 3158 1118 -—
3187 1075 3355 1134 Vens.
3399 1076 3490 1134 60.
3543 1076 3672 1143 Qua:

2097 1165 2326 1221 audiens
2358 1166 2498 1222 Deus
2528 1168 2719 1237 repulit
2748 1166 3148 1222 tabernaculum
3184 1166 3376 1233 Silam,
3429 1166 3673 1222 taberna-

2094 1259 2272 1314 culum
2318 1258 2408 1313 ubi
2456 1258 2711 1314 habitavit
2757 1260 2813 1313 in
2858 1257 3181 1314 hominibus.
3230 1257 3369 1313 Nam
3414 1258 3467 1314 in
3504 1257 3673 1314 Silam

2096 1353 2331 1421 primum
2364 1349 2517 1406 stetit
2555 1349 2992 1412 tabernaculum.
3038 1351 3096 1406 in
3122 1365 3230 1421 qua
3258 1365 3542 1406 sacrorum
3575 1364 3668 1405 an-

2097 1446 2298 1502 tislites
2328 1451 2487 1499 erant
2513 1442 2629 1498 lleli
2658 1450 2713 1497 et
2745 1440 2987 1502 Samuel.
3024 1449 3082 1497 ut
3114 1442 3359 1498 declarat
3388 1440 3673 1513 Scriptura

2097 1537 2486 1609 Regnorum“.
2512 1536 2625 1592 Hoc
2653 1537 2834 1608 itaque
2855 1537 3091 1607 primum
3120 1536 3175 1590 in
3202 1534 3373 1590 Silom
3405 1542 3673 1591 statutum

2098 1631 2514 1686 tabernaculum
2567 1638 2790 1702 prepter
2845 1629 3155 1701 impietates
3214 1643 3404 1684 eorum
3455 1627 3674 1698 repulit.

2098 1720 2277 1787 Quare
2323 1721 2621 1777 secundum
2664 1719 3049 1793 Symmachum
3097 1719 3298 1774 dicitur
3328 1739 3341 1775 :
3375 1717 3445 1773 Et
3484 1718 3675 1789 abjecit

2103 1810 2497 1866 tabernaculum
2545 1808 2739 1874 Silam,
2783 1818 2832 1863 et
2870 1807 3272 1865 tabernaculum
3311 1808 3586 1878 ﬁrmatum
3623 1808 3675 1861 in

2097 1903 2418 1960 hominibus.
2449 1903 2734 1972 Quomodo
2766 1912 2947 1959 autem
2978 1901 3294 1957 hominibus
3327 1901 3526 1957 tradita
3556 1900 3646 1956 lue

2100 1997 2173 2053 rit
2207 2012 2335 2051 arca
2379 1997 2449 2052 ob
2486 1996 2794 2067 impietates
2829 1995 3038 2068 populi,
3069 2002 3124 2051 et
3155 1994 3432 2066 quomodo
3463 1993 3674 2049 inimici

2098 2086 2348 2157 ceperint
2404 2086 2575 2150 illam,
2630 2086 3069 2156 abduxerintque
3123 2099 3351 2151 secum;
3408 2082 3503 2139 lilii
3546 2098 3676 2138 vero

2098 2179 2268 2236 Israel
2294 2179 2348 2233 in
2376 2177 2558 2250 fugam
2587 2179 2731 2235 versi
2773 2178 2905 2245 sint,
2938 2177 3033 2232 ﬁlii
3073 2175 3193 2231 Heli
3237 2176 3332 2247 qui
3367 2173 3677 2230 sacerdotes

2099 2278 2255 2327 erant
2299 2272 2618 2338 ceciderint,
2666 2286 2967 2343 eorumque
3010 2280 3182 2340 pater,
3205 2277 3432 2339 accepto
3457 2268 3525 2323 de
3554 2267 3677 2324 tiliis

2103 2364 2313 2430 nuntio,
2360 2363 2607 2434 perierit,
2664 2371 2854 2417 narrat
2903 2360 3117 2435 primus
3166 2358 3479 2432 Regnorum
3521 2358 3677 2414 liber.

2101 2456 2447 2527 Quapropter
2484 2456 2571 2510 hic
2617 2455 2862 2512 dicitur:
2916 2453 2985 2508 Et
3037 2453 3227 2522 repulit
3279 2451 3678 2507 tabernaculum

2102 2546 2237 2612 Silo,
2284 2544 2683 2600 tabernaculum
2731 2545 2820 2600 ubi
2864 2544 3122 2598 habitavit
3161 2545 3216 2597 in
3260 2542 3580 2597 hominibus.
3612 2571 3666 2584 -

2102 2639 2270 2695 Vsus.
2296 2638 2387 2693 61.
2415 2637 2483 2693 Et
2509 2638 2735 2693 tradidit
2757 2639 2810 2692 in
2838 2638 3196 2707 captivitatem
3215 2637 3453 2691 virtutem
3476 2651 3678 2689 eorum.

2100 2731 2206 2787 Pro
2241 2732 2335 2786 illo
2370 2740 2576 2797 autem,
2602 2733 2847 2786 virtutem
2890 2748 3094 2795 eorum,
3139 2730 3360 2801 Aquila,
3399 2727 3560 2781 robur
3594 2743 3676 2782 eo-

2101 2836 2240 2886 rum,
2286 2820 2674 2891 interpretatus
2721 2829 2824 2877 est.
2851 2818 3041 2876 Robur
3081 2828 3291 2885 autem,
3329 2820 3583 2873 virtutem
3627 2827 3677 2873 et

2102 2913 2585 2985 pulchritudinem,
2635 2914 2689 2969 in
2738 2914 3107 2985 captivitatem
3150 2921 3206 2969 et
3250 2913 3307 2968 in
3343 2928 3541 2967 manus
3571 2911 3678 2965 iui-

2100 3007 2228 3063 mici
2269 3007 2494 3073 tradita,
2525 3023 2647 3079 qua:
2675 3006 2880 3064 dixeris
2919 3023 3066 3073 esse,
3113 3007 3221 3061 nisi
3263 3020 3469 3071 arcam,
3516 3022 3679 3076 quam

2102 3088 2205 3155 hic.
2237 3116 2420 3157 sermo
2470 3101 2787 3157 subiudicat
2824 3102 3035 3166 dicens,
3072 3100 3138 3154 Et
3170 3098 3390 3153 tradidit
3426 3100 3483 3153 in
3513 3108 3669 3169 capt:-

2104 3195 2316 3248 vitatem
2346 3194 2589 3249 uirtutem
2631 3212 2836 3259 eorum,
2870 3202 2920 3250 et
2947 3193 3389 3263 pulchritudinem
3417 3209 3599 3248 eorum
3628 3193 3681 3246 in

2103 3305 2295 3344 manus
2316 3289 2519 3345 inimici
2535 3287 2799 3346 l—VEns.
2825 3289 3006 3345 62-64.
3024 3288 3129 3344 Sed
3151 3291 3264 3344 haec
3281 3288 3498 3360 quidem
3518 3286 3662 3342 tradi

2103 3383 2255 3439 ditin
2269 3399 2467 3440 manus
2494 3384 2727 3451 inimici,
2746 3385 3005 3456 populqu
3027 3400 3156 3440 vero
3183 3383 3440 3439 contrivit
3476 3382 3680 3454 gladio.

2103 3472 2231 3531 Ideo
2257 3475 2558 3531 secundum
2593 3473 2981 3545 Symmachum
3014 3472 3255 3528 dicitur:
3286 3469 3357 3524 Et
3381 3468 3606 3524 tradidit
3629 3471 3681 3524 in

2104 3566 2425 3621 macltmram
2470 3566 2723 3636 populum
2781 3582 2937 3621 suum
2997 3573 3045 3619 et
3106 3564 3471 3618 hwreditatem
3528 3577 3680 3616 suam

2104 3659 2317 3729 sprevit.
2380 3657 2494 3713 Deo
2548 3666 2731 3713 autem
2798 3656 2949 3727 ipsos
2984 3663 3299 3726 spernente,
3333 3669 3394 3710 ea
3430 3670 3552 3726 qua:
3583 3670 3673 3710 se-

2103 3756 2351 3819 quuntur
2401 3755 2722 3803 evenerunt.
2766 3745 2899 3813 Quae
2924 3746 3052 3801 illa?
3077 3744 3301 3801 Iuvenes
3323 3762 3506 3800 eorum
3538 3760 3679 3799 com-

2102 3836 2209 3891 edit
2263 3838 2422 3908 ignis,
2479 3845 2530 3891 et
2576 3836 2801 3907 uirgines
2831 3853 3013 3891 eorum
3055 3852 3159 3890 non
3194 3846 3317 3891 sunt
3346 3839 3681 3900 lamentata;

2078 3929 2406 3987 secundum
2438 3929 2691 4001 Aquilam
2723 3945 2857 3986 vero
2878 3970 2894 3995 ,
2922 3947 3023 3983 non
3051 3940 3175 3984 sunt
3200 3930 3565 3999 desponsam;
3596 3946 3676 3986 se-

2103 4021 2341 4077 cundum
2395 4017 2785 4093 Symmachum
2832 4028 3041 4084 autem,
3092 4037 3198 4074 non
3247 4030 3371 4075 sunt
3424 4020 3677 4078 laudatae.

2102 4111 2223 4169 Non
2248 4113 2389 4168 ultra
2420 4112 2905 4174 enim,secundum
2932 4110 3175 4182 reliquos
3192 4111 3681 4182 interpretes,cum

2105 4204 2323 4277 hymnis
2355 4213 2410 4259 et
2437 4202 2716 4270 laudibus,
2752 4210 2813 4259 ut
2836 4208 3162 4258 consuetum
3194 4200 3546 4271 desponsatis
3575 4210 3681 4266 est,

2102 4297 2239 4353 viris
2274 4296 2654 4362 tradebantur,
2685 4298 2757 4353 ob
2792 4295 3095 4351 immissam
3125 4301 3259 4349 tunc
3295 4294 3430 4364 ipsis
3459 4292 3674 4347 calami-

2106 4395 2294 4443 tatem.
2330 4385 2640 4443 Secundum
2669 4384 2812 4441 LXX
2834 4385 3167 4456 Interpretes
3193 4390 3395 4450 autem,
3430 4383 3485 4436 in
3506 4383 3680 4454 capti--

416 4476 722 4549 συμφοράν.
764 4475 923 4529 Κατὰ
952 4476 1009 4529 δὲ
1040 4477 1138 4548 τὴν
1169 4475 1276 4531 τῶν
1320 4477 1721 4551 Ἐϐδομήκοντα
1766 4480 1995 4544 ἔκδοσιν,

2103 4479 2320 4535 vitatem
2346 4487 2501 4544 actae,
2525 4495 2649 4534 cum
2673 4486 3039 4543 morerentur,
3057 4494 3168 4533 non
3196 4484 3314 4533 erat
3339 4477 3432 4548 qui
3450 4477 3677 4546 lugeret,

416 4568 752 4641 αἰχμάλωτοι
785 4567 1133 4640 ἀπαχθεῖσαι,
1167 4570 1226 4624 ὲν
1263 4570 1341 4643 τῷ
1383 4571 1636 4644 θνήσκειν
1681 4574 1851 4639 αὑτὰς
1897 4572 1999 4630 οὑκ

414 4651 563 4733 εἰχον
599 4663 726 4727 τοὺς
768 4660 1120 4727 πενθοῦντας,
1163 4663 1251 4718 διά
1283 4664 1344 4718 τδ
1398 4665 1473 4737 μὴ
1521 4668 1775 4738 παρεῖναι
1814 4669 1998 4732 αὑτοῖς

413 4753 543 4817 τοὺς
586 4753 958 4826 προσήκοντας
982 4771 996 4785 ·
1046 4753 1183 4810 ἀλλὰ
1225 4756 1321 4810 καὶ
1374 4760 1429 4812 al
1466 4760 1643 4827 ἱερεῖς
1686 4759 1887 4815 αὐτῶν
1927 4761 1998 4815 ἐν

411 4844 676 4915 ῥομφαίᾳ
703 4845 937 4899 ἔπεσαν
976 4837 1143 4917 (οὗτοι
1175 4846 1220 4900 δ’
1255 4842 1395 4918 ἦσαν
1430 4850 1481 4902 οἱ
1514 4848 1609 4904 τοῦ
1651 4850 1800 4904 Ἠλεὶ
1835 4850 1939 4905 υἰοί
1950 4850 1993 4922 ),

413 4936 514 4990 καί
549 4938 613 4991 αλ
655 4934 830 5006 χῆραι
862 4935 932 4991 δὲ
967 4937 1165 4992 αὐτῶν
1205 4940 1277 4992 οὐ
1324 4940 1839 5011 κλαυσθήσονται.
1886 4943 1997 4997 Καὶ

408 5028 563 5084 ἐστιν
591 5029 771 5101 εὑρεῖν
794 5030 852 5082 ἐν
874 5032 939 5102 τῇ
974 5029 1164 5103 πρώτῃ
1196 5030 1305 5086 τῶν
1330 5031 1645 5100 Βασιλειῶν,
1680 5035 1847 5101 ὅπως,
1886 5035 1996 5091 τῶν

415 5119 547 5175 υἱῶν
580 5122 730 5176 Ἠλεὶ
760 5123 1035 5178 πεσόντων
1063 5125 1121 5176 ὲν
1160 5124 1239 5194 τῷ
1280 5124 1521 5197 πολέμῳ,
1566 5127 1621 5180 αἱ
1658 5127 1863 5181 τούτων
1893 5144 1995 5197 γυ-

415 5214 620 5276 ναῖκες,
650 5211 816 5284 χῆραι
863 5213 1327 5285 καταλειφθεῖσαι,
1355 5214 1527 5269 δεινὸν
1566 5216 1866 5288 ὑπέμειναν
1902 5215 1998 5273 θά-

415 5303 613 5360 νατονῖ
647 5305 737 5359 Διὸ
773 5305 1022 5360 λέλεκται
1068 5307 1216 5361 κατὰ
1267 5307 1358 5361 τὸν
1410 5306 1728 5381 Σύμμαχον,
1778 5309 1891 5366 Καὶ
1937 5315 1998 5366 αἰ

415 5395 796 5465 χηρευθεῖσαι
823 5395 1024 5452 αὐτῶν
1050 5399 1163 5451 οὐκ
1186 5398 1501 5453 ἔκλαυσαν
1526 5396 1691 5453 ὀὑδὲ
1729 5400 1836 5475 γάρ
1862 5401 1996 5456 ὑπέ-

417 5505 643 5561 στησαν,
683 5488 821 5543 ὥστε
860 5488 1125 5543 κλαῦσαι·
1179 5488 1558 5544 συναπώλοντο
1602 5491 1658 5546 δὲ
1705 5493 1798 5547 καὶ
1837 5484 1997 5550 αὗται

414 5584 527 5647 τοῖς
578 5582 918 5655 τικτομένοις
980 5581 1122 5636 κατὰ
1179 5582 1277 5655 τὴν
1339 5581 1652 5652 φάσκουσαν
1711 5585 1952 5659 ἱστορίαν
1977 5606 1990 5619 ·

2102 4571 2250 4643 quod
2282 4586 2392 4628 non
2430 4570 2683 4627 adessent
2732 4571 3022 4642 propinqui
3078 4587 3301 4638 earum;
3358 4571 3467 4625 imo
3510 4568 3674 4623 etiam

2103 4665 2403 4720 sacerdotes
2457 4681 2640 4720 eorum
2705 4666 2759 4719 in
2806 4664 2985 4737 gladio
3030 4663 3325 4720 ceciderunt
3378 4662 3455 4735 (hi
3510 4677 3674 4733 porro

2103 4766 2264 4813 erant
2320 4756 2417 4812 ﬁlii
2481 4756 2643 4826 Heli),
2679 4768 2729 4812 et
2783 4757 2957 4813 vidua:
2990 4775 3173 4814 eorum
3217 4774 3322 4812 non
3386 4757 3678 4827 plorabun-

2106 4858 2212 4905 tur.
2246 4848 2304 4905 In
2362 4851 2536 4923 primo
2588 4849 2902 4924 Regnorum
2959 4852 3102 4907 libro
3153 4851 3369 4923 legitur,
3409 4866 3532 4907 cum
3582 4850 3677 4906 lilii

2105 4942 2224 5000 Heli
2257 4945 2314 5000 in
2351 4945 2495 5003 bello
2522 4946 2874 5012 cecidissent,
2915 4961 3105 5003 eorum
3140 4960 3341 5001 uxores
3373 4945 3568 5003 viduas
3595 4962 3678 5002 re-

2105 5035 2288 5102 lictas,
2316 5052 2536 5109 gravem
2589 5040 2925 5096 sustinuisse
2969 5052 3227 5096 mortem.
3268 5040 3449 5108 Quare
3477 5040 3678 5095 dicitur

2106 5128 2408 5188 secundum
2437 5129 2848 5204 Symmachum,
2882 5130 2951 5185 Et
2978 5132 3210 5188 viduatae
3235 5150 3417 5188 eorum
3437 5150 3540 5189 non
3562 5135 3678 5203 plo-

2083 5231 2354 5277 raverunt
2381 5238 2400 5277 :
2428 5239 2608 5295 neque
2636 5225 2779 5279 enim
2813 5224 3154 5281 exsistebant
3181 5236 3238 5281 ut
3263 5225 3393 5282 ﬂere
3422 5234 3677 5297 possent;

2102 5328 2229 5369 nam
2253 5328 2362 5369 una
2393 5330 2518 5370 cum
2546 5322 2704 5387 partu
2735 5331 2838 5371 suo
2865 5316 3153 5371 exstinctae
3182 5325 3331 5380 sunt,
3359 5324 3418 5371 ut
3443 5301 3547 5373 fert
3564 5316 3678 5372 hac

2101 5404 2373 5463 historia:
2402 5405 2473 5461 Et
2514 5408 2717 5478 factum
2757 5419 2835 5464 est
2878 5410 2930 5463 in
2968 5407 3151 5464 diebus
3190 5410 3300 5465 illis
3331 5422 3678 5465 conuenerunt

2098 5497 2360 5571 allophyli
2407 5501 2461 5555 in
2513 5501 2706 5556 bellum
2750 5511 2940 5556 contra
2988 5500 3167 5558 Israel
3190 5504 3269 5569 *°;
3306 5503 3504 5560 deinde
3548 5518 3678 5557 vero

2101 5604 2227 5647 cum
2260 5594 2462 5651 exisset
2489 5595 2722 5668 populus
2750 5593 2817 5650 ad
2845 5610 3106 5667 pugnam,
3142 5596 3325 5651 Casus
3352 5605 3450 5663 est,
3476 5596 3674 5667 inquit,

487 5702 532 5735 ³⁸
559 5701 694 5759 Gen.
724 5720 879 5770 mu,
908 5703 1000 5761 20.
1076 5704 1118 5738 "
1146 5702 1167 5758 ῐ
1200 5703 1332 5773 Reg.
1367 5720 1441 5767 tv,
1466 5722 1565 5761 vn.
1643 5707 1689 5739 “
1727 5711 1748 5764 ι
1776 5707 1908 5784 Reg.
1940 5724 2018 5780 Iv,
2045 5711 2099 5767 1.

488 5795 564 5869 (1)
597 5795 858 5883 Syntaxis
885 5800 1126 5872 postulat
1150 5799 1370 5867 αὐτούς.
1413 5799 1573 5857 Eutr.
