4066 6388
462 309 566 369 953

1124 308 1390 367 EUSEBll
1423 307 1906 366 CESARIENSIS
1940 306 2091 365 OPP.
2134 305 2316 364 PARS
2356 304 2440 363 Ill.
2474 338 2543 348 —
2579 306 2986 364 EXEGETICA.

3598 310 3705 366 956

462 431 638 488 Israel
666 447 684 485 :
710 439 760 487 et
790 430 938 501 facta
979 438 1059 485 est
1092 430 1253 502 plaga
1293 445 1487 500 magna
1516 428 1668 484 ralde
1698 444 1717 482 :
1746 438 1798 484 et
1834 429 2025 485 cecide-

2131 425 2242 483 Kal
2280 422 2537 496 ἐγενήθη
2569 424 2641 479 ἐν
2667 423 2797 491 ταῖς
2835 423 3085 495 ἡμέραις
3110 425 3387 490 ἐκείναις,
3422 424 3518 477 καὶ
3555 439 3707 479 συν-

457 534 585 579 runt
612 524 677 580 de
705 524 878 579 Israel
911 524 1133 595 triginta
1162 523 1335 577 millia
1362 538 1428 577 ex
1462 522 1735 578 ordinibus
1772 539 1789 577 :
1819 531 1870 575 et
1902 538 2036 576 arca

461 617 558 672 Dei
585 627 743 687 capta
778 627 881 682 est,
911 626 963 673 et
991 615 1147 671 ambo
1183 616 1285 681 ﬁlii
1316 614 1440 670 Heli
1464 616 1661 671 mortui
1686 624 1832 681 sunt,
1860 614 2033 686 Opimi

453 719 508 763 et
543 708 787 764 Phineas.
825 707 893 761 Et
930 708 1166 762 cucurrit
1196 708 1277 762 uir
1314 704 1605 765 Jemina'us
1647 723 1713 761 ex
1739 707 1951 772 castris,
1981 715 2035 762 et

457 803 594 856 venit
624 803 682 855 iu
707 800 878 856 Silam
898 801 962 854 in
991 799 1090 853 illa
1117 798 1224 863 die,
1255 799 1427 853 scissa
1456 809 1614 862 veste,
1640 808 1694 854 et
1722 815 2032 869 conspersus

453 892 662 959 puluere
684 901 860 961 caput.
892 890 961 944 Et
984 907 1103 946 ecce
1133 889 1256 945 Heli
1288 891 1343 943 in
1366 890 1499 944 sella
1520 890 1592 944 ad
1610 900 1818 961 portam
1847 901 2034 946 contra

457 982 655 1041 bivium
692 992 958 1054 spectans.
974 983 1126 1038 Erat
1147 984 1289 1039 enim
1320 1000 1413 1037 cor
1439 984 1554 1054 ejus
1579 998 1767 1053 pauens
1788 974 1884 1054 pro
1904 1001 2032 1038 area

457 1073 576 1132 Dei.
611 1073 726 1131 Sub
760 1076 885 1131 [haec
928 1075 1133 1131 dicitur
1165 1093 1180 1130 :
1215 1073 1353 1129 Erat
1392 1083 1569 1131 autem
1604 1074 1726 1129 Heli
1751 1076 1908 1146 quasi
1936 1092 2032 1132 ue-

448 1167 677 1237 naginta
709 1175 823 1221 octo
852 1182 1133 1229 annorum,
1164 1176 1217 1221 et
1241 1166 1389 1221 oculi
1424 1166 1540 1236 ejus
1573 1166 1950 1237 caligauerant,
1980 1176 2031 1222 et

455 1273 560 1311 non
580 1255 819 1313 ridebat.
867 1256 931 1311 Et
965 1257 1043 1311 uir
1071 1257 1163 1311 ille
1189 1256 1441 1312 accedens
1463 1256 1637 1312 dixit:
1662 1255 1774 1328 Ego
1802 1274 1920 1312 sum
1941 1261 2032 1328 qui

452 1350 568 1405 ueni
591 1365 660 1404 ea:
679 1351 892 1413 castris,
914 1358 965 1404 et
985 1366 1077 1420 ego
1100 1364 1169 1404 ex
1184 1349 1302 1404 acie
1327 1349 1441 1420 fugi
1462 1348 1635 1404 hodie.
1660 1348 1728 1402 Et
1759 1350 1858 1415 ait,
1890 1350 2031 1417 Quid

455 1451 632 1501 actum
662 1452 760 1508 est,
805 1442 887 1512 ﬁli
924 1443 1041 1499 mi?
1085 1440 1155 1496 Et
1180 1443 1447 1511 respondit
1466 1457 1602 1510 puer
1632 1450 1683 1496 et
1708 1441 1843 1497 dixit
1868 1459 1886 1496 :
1920 1441 2032 1495 Fu-

452 1529 549 1600 git,
581 1529 780 1600 inquit,
813 1527 986 1583 Israel
1019 1547 1052 1583 a
1078 1530 1218 1599 facie
1261 1529 1673 1600 allophylorum,
1700 1540 1751 1585 et
1779 1531 1925 1599 facta
1952 1541 2031 1586 est

452 1618 612 1688 plaga
635 1635 827 1689 magna
856 1618 912 1672 in
936 1619 1154 1689 populo,
1178 1628 1227 1673 et
1252 1618 1407 1673 ambo
1430 1618 1535 1687 lilii
1559 1618 1638 1672 tui
1666 1621 1862 1674 mortui
1883 1629 2026 1685 sunt,

449 1718 501 1761 et
529 1725 657 1764 arca
684 1710 785 1765 Dei
808 1721 972 1779 capta
1002 1719 1102 1766 est.
1141 1710 1211 1765 Et
1238 1711 1442 1781 factum
1475 1722 1554 1768 est
1586 1729 1706 1767 cum
1736 1729 2028 1768 memoras-

2128 520 2495 589 αθροίζονται
2520 520 2857 588 ἀλλόφυλοι
2885 519 2973 584 εὶς
3002 517 3268 586 πόλεμον
3302 515 3399 570 ἐπὶ
3431 515 3667 584 Ἰσραήλ
3685 532 3701 547 ·

2134 607 2234 667 εἷθ’
2277 611 2403 684 ἑξῆς
2440 611 2789 686 προελθόντος
2834 610 2929 664 τοῦ
2985 608 3115 664 λαοῦ
3166 611 3245 673 εἰς
3294 608 3385 662 τὸν
3434 607 3668 678 πόλεμον
3685 647 3702 671 ,

2131 705 2352 769 Πταίει,
2383 705 2567 777 φησὶν,
2596 703 2752 772 ἀνὴρ
2789 700 3024 771 Ἰσραήλ
3043 719 3057 732 ο
3096 701 3193 755 καὶ
3227 701 3463 770 ἐγένετο
3498 701 3703 770 πληγὴ

2124 796 2358 869 μεγάλη
2388 798 2657 867 σφόδρα⁸
2692 796 2789 851 καὶ
2815 794 3046 849 ἔπεσαν
3067 792 3137 860 ἐξ
3178 793 3422 862 Ἰσραὴλ
3442 793 3705 861 τριακον-

2130 905 2205 942 τα
2251 887 2516 958 χιλιάδες
2567 886 2876 958 ταγμάτων
2899 903 2913 917 ·
2961 886 3063 941 καὶ
3120 885 3160 953 ή
3208 885 3453 950 κιϐωτὸς
3488 882 3558 937 δὲ
3594 884 3704 939 τοῦ

2132 978 2281 1034 Θεοῦ
2305 978 2558 1048 ἐλήφθη,
2583 978 2685 1033 καὶ
2718 978 3040 1048 ἀμφότεροι
3074 980 3129 1032 oi
3150 976 3268 1032 υἱοὶ
3305 975 3459 1030 Ἠλεὶ
3484 974 3704 1030 ἀπέθα-

2129 1089 2260 1135 νον,
2303 1071 2494 1141 ὀφνεὶ
2666 1069 2891 1137 Φινεέςο
2918 1069 3029 1125 Καὶ
3060 1069 3313 1138 ἔδραμεν
3355 1068 3511 1137 ἀνὴρ
3547 1068 3710 1139 ἰεμί

2130 1162 2298 1229 ναῒος
2322 1163 2392 1217 ἐκ
2431 1160 2540 1231 τῆς
2586 1161 2991 1232 παρατάξεως,
3027 1162 3125 1215 καὶ
3154 1160 3343 1229 ἦλθεν
3379 1162 3466 1227 εις
3488 1159 3705 1230 Σηλὼμ

2129 1255 2200 1309 ἐν
2232 1253 2307 1323 τῇ
2334 1253 2525 1323 ήμέρᾳ
2544 1255 2771 1324 ἐκείνῃ,
2795 1254 2868 1309 τὰ
2892 1252 3089 1323 ἱμάτια
3116 1252 3303 1306 αὐτοῦ
3327 1251 3699 1322 διερρωγότα,

2130 1345 2227 1400 καὶ
2262 1346 2336 1416 γῆ
2382 1346 2480 1400 ἐπὶ
2525 1343 2632 1414 τῆς
2679 1344 2949 1415 κεφαλῆς
2978 1342 3186 1399 αὑτοῦ.
3231 1343 3340 1399 Kal
3387 1342 3516 1399 ιᾶοὺ
3549 1344 3701 1401 Ἠλεὶ

2130 1438 2229 1491 ἐπὶ
2258 1438 2363 1492 τοῦ
2393 1437 2606 1508 δίφρου
2636 1437 2795 1507 παρὰ
2833 1438 2950 1507 τὴν
2982 1439 3188 1506 πύλην
3227 1436 3545 1493 σκοπεύων
3590 1434 3704 1504 τὴν

2127 1529 2334 1584 δίοδον
2353 1546 2367 1560 ·
2404 1530 2494 1583 ὅτι
2528 1526 2608 1600 ἦν
2646 1530 2685 1596 ή
2718 1529 2930 1599 καρδία
2968 1530 3154 1584 αὑτοῦ
3177 1528 3537 1599 ἐξεστηκυᾶι
3569 1529 3699 1597 περὶ

2129 1619 2518 1689 τῆς-,κιϐωτοῦ
2565 1619 2671 1675 τοῦ
2726 1619 2894 1675 Θεοῦ.
2943 1615 3058 1674 Εἴθ’
3110 1618 3239 1691 ἑξῆς
3291 1619 3538 1692 εἴρηται’
3591 1622 3701 1676 Kal

2141 1713 2292 1769 Ἠλεὶ
2322 1713 2399 1780 ὡς
2425 1718 2512 1784 ιιην
2542 1712 2695 1767 ἐτῶν
2717 1728 2732 1744 ⁸
2768 1700 2870 1768 καὶ
2907 1716 2959 1767 ol
2984 1712 3277 1783 ὀφθαλμοὶ
3307 1712 3494 1767 αὐτοῦ
3519 1711 3706 1767 ἐπαν-

450 1811 529 1855 set
571 1819 755 1857 arcam
814 1803 929 1866 Dei,
986 1804 1176 1858 cecidit
1231 1805 1295 1860 de
1342 1805 1478 1861 sella
1528 1816 1821 1861 retrorsum
1860 1805 2023 1875 juxta

2125 1809 2414 1877 ἔστησαν,
2445 1810 2545 1866 καὶ
2585 1811 2696 1865 οὐκ
2732 1810 2974 1865 ἐϐλεπε.
3022 1808 3132 1863 Kal
3171 1811 3205 1862 ὁ
3241 1807 3399 1878 ἀνὴρ
3446 1810 3704 1878 προσελ-

448 1897 664 1962 ostium,
686 1909 739 1952 et
763 1899 1048 1952 contritum
1076 1907 1155 1954 est
1184 1897 1403 1954 dorsum
1426 1899 1565 1968 ejus,
1587 1909 1639 1957 et
1665 1908 1904 1955 mortuus
1927 1889 2025 1968 est,

446 1992 575 2060 quia
617 2006 776 2046 senes:
816 1991 970 2049 homo
997 2002 1114 2047 erat
1154 2001 1205 2047 et
1232 1994 1431 2064 gravis.
1466 1991 1651 2047 Nurus
1692 2003 1867 2047 autem
1912 1992 2028 2062 ejus

2126 1901 2246 1958 θὼν
2285 1893 2485 1956 εἶπεν·
2531 1900 2672 1971 Ἐγώ
2703 1903 2822 1971 ειμι
2868 1904 2902 1957 ό
2953 1901 3119 1968 ἥκων
3151 1902 3220 1956 ἐκ
3260 1899 3368 1970 τῆς
3407 1901 3701 1970 παρεμϐο-

2124 1992 2262 2063 λῆς,
2303 1992 2400 2047 καὶ
2428 1993 2543 2062 ἐγὼ
2572 1994 2640 2047 ἐκ
2670 1992 2774 2061 τῆς
2804 1992 3187 2062 παρατάξεως
3223 1994 3493 2063 πέφευγα
3511 1993 3701 2063 σήμε-

446 2097 585 2137 mr
610 2082 829 2139 Phinees
851 2100 1133 2154 praegnans
1156 2094 1271 2138 erat
1301 2085 1575 2155 uicinaque
1604 2087 1823 2153 partui:
1847 2095 1900 2140 et
1933 2102 2028 2139 au-

2125 2101 2251 2152 ρον.
2278 2084 2387 2139 Kal
2416 2080 2544 2137 εἶπε
2569 2098 2585 2114 ο
2623 2084 2681 2137 Τί
2696 2084 2828 2137 ἐστι
2860 2083 2928 2138 τὸ
2962 2084 3210 2154 γεγονὸς
3224 2081 3409 2152 ῥῆμα,
3442 2083 3702 2146 censor;

449 2171 781 2228 ditonuntio
808 2175 948 2242 quod
979 2183 1136 2242 capta
1171 2183 1305 2229 esset
1350 2191 1480 2229 arca
1528 2174 1647 2241 Dei,
1693 2184 1744 2231 et
1790 2186 2028 2231 mortuus

448 2276 589 2322 esset
615 2282 765 2321 socer
792 2282 942 2333 suus,
984 2276 1038 2321 et
1073 2267 1335 2331 virsuus,
1366 2268 1510 2338 ﬂevit
1545 2276 1597 2322 et
1637 2269 1856 2337 peperit,
1904 2269 2030 2339 quia

448 2359 720 2415 irruerent
748 2360 959 2415 dolores
988 2362 1045 2415 in
1068 2377 1207 2429 eam,
1242 2370 1291 2415 et
1320 2362 1378 2416 in
1408 2370 1636 2432 tempore
1664 2380 1760 2419 suo
1783 2364 1861 2435 (l)
1886 2379 2030 2417 mor-

449 2460 664 2507 tuaest.
700 2451 768 2506 Et
805 2452 1056 2507 dixerunt
1088 2454 1336 2509 mulieres
1384 2471 1501 2526 qua:
1544 2455 1794 2510 astabant
1834 2457 1905 2519 ei,
1951 2454 2030 2509 Ne

449 2544 669 2612 timeas,
716 2544 841 2614 quia
885 2545 1059 2615 ﬁlium
1103 2545 1350 2614 peperisti
1387 2562 1406 2599 :
1441 2562 1558 2616 quin
1595 2564 1698 2600 non
1736 2545 2025 2617 respondit,

440 2651 610 2706 neque
639 2635 1031 2691 animadvertit.
1066 2634 1262 2693 Postea
1304 2637 1588 2709 subiungit
1616 2657 1627 2692 :
1662 2635 1733 2692 Et
1771 2637 2029 2709 altophgli

448 2739 758 2799 acceperunt
790 2746 971 2784 arcam
999 2728 1118 2795 Dei,
1146 2738 1197 2784 et
1227 2739 1629 2801 asportaverunt
1660 2747 1777 2785 eam
1808 2732 1863 2786 in
1892 2733 2028 2785 Azo-

450 2826 583 2872 tum.
618 2818 687 2873 Et
717 2828 1028 2889 acceperunt
1061 2820 1326 2891 allophyli
1353 2837 1537 2874 arcam
1575 2820 1816 2886 Domini,
1856 2830 1907 2876 et
1938 2825 2026 2876 in-

449 2912 680 2967 tulerunt
706 2930 824 2967 eam
854 2914 908 2967 in
943 2914 1159 2968 domum
1190 2911 1378 2984 Dagon
1400 2912 1467 2967 δι.
1504 2911 1629 2967 Hinc
1653 2927 1820 2983 porro
1843 2913 2025 2973 omnia

449 3001 539 3057 hic
564 3002 889 3072 compendio
926 3012 1300 3058 memorantur
1332 3023 1347 3059 :
1376 3018 1504 3058 nam
1539 3002 1927 3073 subjungitur:
1957 3035 2026 3044 —

447 3091 615 3150 Vsus.
632 3094 721 3149 65.
744 3093 808 3147 Et
823 3096 1086 3149 excitatus
1101 3104 1178 3150 est
1198 3104 1449 3167 tanquam
1463 3096 1730 3151 dormiens
1744 3096 2021 3161 Dominus,

449 3195 702 3257 tanquam
734 3194 916 3256 potens
928 3196 980 3241 et
998 3163 1314 3255 crapulatus-
1336 3206 1369 3243 α
1388 3189 1533 3245 .vino.
1566 3188 1861 3258 Postquam
1892 3206 2021 3245 arca
2052 3163 2096 3226 θ

448 3286 611 3350 capta
651 3277 755 3334 fuit
805 3279 875 3332 ab
913 3277 1222 3349 allophylis.
1257 3290 1311 3334 et
1346 3287 1639 3350 postquam
1680 3297 1846 3351 supra
1876 3282 2021 3336 dicta

445 3376 639 3426 contra
666 3368 929 3440 populum
968 3378 1122 3442 gesta
1168 3377 1318 3435 sunt,
1361 3385 1516 3426 suam
1549 3370 1694 3427 Deus
1734 3372 2024 3442 providen-

449 3462 579 3518 tiam
624 3470 1106 3529 commonstrans,
1152 3456 1416 3519 invisibili
1467 3465 1669 3521 virtute
1722 3466 2023 3537 allophylos

447 3556 677 3612 incessit
711 3563 765 3611 et
798 3555 1101 3611 ulciscitur.
1152 3554 1335 3622 Quare
1368 3554 1575 3610 dictum
1613 3564 1698 3611 est
1728 3575 1742 3610 :
1782 3554 1852 3610 Et
1885 3556 2026 3610 exci-

448 3657 591 3703 tatus
617 3658 695 3702 est
740 3658 990 3720 tanquam
1028 3648 1296 3703 dormiens
1323 3646 1606 3710 Dominus,
1645 3656 1895 3716 tanquam
1924 3663 2023 3716 po-

420 3750 560 3795 steris
588 3752 636 3794 et
670 3740 977 3809 crapulatus
1019 3757 1053 3793 a
1099 3741 1249 3802 vino;
1286 3739 1609 3801 secundum,
1637 3737 2021 3810 Symmachum

446 3846 599 3898 vero,
637 3831 911 3903 Tanquam
955 3841 1137 3901 potens
1186 3832 1403 3901 loquens
1435 3846 1501 3886 ea:
1538 3831 1699 3896 vino;
1723 3829 2025 3887 secundum

450 3924 723 3994 Aquilam,
778 3924 1053 3996 Tanquam
1101 3922 1617 3993 potenscrapulatus
1642 3939 1707 3978 ex
1733 3923 1873 3977 vino.
1917 3922 2021 3978 De-

447 4013 575 4069 inde
609 4013 850 4084 seipsum
884 4014 1153 4079 excitans,
1191 4013 1446 4070 inimicos
1480 4028 1613 4068 suos
1640 4012 1900 4084 percutit,
1940 4012 2024 4066 vi-

447 4104 643 4160 delicet
677 4105 769 4175 qui
801 4121 985 4160 arcam
1026 4105 1339 4162 testamenti
1373 4111 1633 4175 ceperant
1680 4102 1868 4173 (Vsus.
1906 4102 2020 4173 66),

446 4205 502 4252 et
527 4198 761 4266 percutit
782 4212 878 4252 eos
899 4197 955 4251 in
984 4199 1307 4268 posteriora,
1330 4196 1537 4266 datque
1563 4195 1644 4251 eis
1671 4195 2023 4266 opprobrium

445 4288 861 4358 sempiternum.
910 4286 1195 4354 Quomodo
1228 4287 1563 4359 percusserit
1599 4301 1695 4343 eos
1736 4286 1792 4342 in
1833 4294 2019 4357 poste-

446 4380 597 4433 riora
635 4378 865 4435 historia
895 4377 1159 4442 declarat,
1194 4393 1317 4449 quaz
1349 4378 1432 4435 sic
1477 4377 1641 4433 habet
1669 4377 1725 4431 in
1754 4378 1932 4447 primo
1961 4377 2025 4430 li-

447 4469 549 4526 bro
594 4469 912 4541 Regnorum
933 4469 978 4502 δ’
1009 4487 1022 4524 :
1060 4469 1129 4523 Et
1160 4478 1449 4541 aggravata
1477 4476 1556 4523 est
1587 4485 1774 4523 manus
1806 4467 2021 4523 Domini
2053 4509 2098 4568 ο

446 4577 605 4631 super
632 4564 873 4628 Azotios,
909 4575 959 4619 et
993 4565 1180 4636 afflixit
1205 4581 1317 4630 eos,
1345 4573 1394 4620 et
1429 4564 1688 4634 percussit
1721 4579 1808 4618 eos
1843 4564 1898 4616 in
1927 4578 2023 4633 pa-

444 4656 652 4713 dicibus
675 4673 883 4722 eorum,
909 4656 1137 4713 Azotum
1164 4665 1215 4711 et
1241 4656 1370 4726 ﬁnes
1400 4656 1626 4726 ejus;;et
1653 4670 1873 4713 rursum
1905 4674 1918 4711 :
1950 4654 2022 4710 Et

448 4750 712 4806 translata
761 4759 862 4813 est,
912 4750 1112 4820 inquit,
1161 4764 1289 4803 arca
1340 4747 1554 4803 Domini
1584 4765 1640 4802 in
1671 4747 1934 4812 Gettham,
1968 4755 2019 4803 et

446 4841 752 4911 factumrest
784 4849 1062 4911 postquam
1103 4840 1374 4899 translata
1416 4849 1516 4904 est,
1549 4839 1694 4910 facta
1718 4849 1800 4907 est
1828 4854 2017 4897 manus

447 4935 668 4990 Domini
702 4937 759 4990 in
783 4934 929 4999 urbe,
961 4934 1271 5005 fortitudine
1295 4951 1488 5005 magna
1509 4931 1680 4993 valde.
1713 4931 1791 4994 Et,
1803 4949 2018 5003 percus-

449 5032 518 5086 sit
548 5029 686 5085 niros
716 5028 864 5083 urbis
895 5046 928 5084 a
954 5045 1117 5099 paruo.
1140 5045 1302 5100 usque
1330 5027 1399 5084 ad
1420 5044 1700 5099 magnum,
1727 5036 1778 5082 et
1806 5042 2020 5097 percus-

447 5127 520 5180 sit
545 5125 721 5181 eosin
736 5123 1018 5194 podicibus
1046 5139 1250 5181 eorum.
1283 5121 1354 5177 Et
1382 5122 1597 5179 mittunt
1624 5136 1810 5177 arcam
1836 5119 1935 5175 Dei
1964 5120 2021 5175 in

422 5216 764 5273 -Ascalouem
804 5231 824 5270 :
864 5225 914 5271 et
954 5216 1318 5272 clamauerunt
1366 5213 1692 5269 Ascalonita
1742 5210 1970 5269 dicentes
2001 5226 2020 5263 :

450 5308 596 5376 Quid
616 5366 617 5369 η
640 5308 911 5363 auertistis
954 5321 1136 5360 arcam
1178 5304 1281 5359 Dei
1327 5303 1396 5358 ad
1436 5299 1851 5372 interﬁciendum
1881 5303 2019 5357 nos?

454 5398 594 5456 lliuc
631 5397 911 5470 subiungit
941 5416 955 5453 :
992 5396 1134 5464 Quia
1164 5394 1309 5466 facta
1356 5402 1434 5450 est
1474 5393 1715 5463 confusio
1752 5394 1935 5451 mortis
1964 5393 2020 5448 in

525 5552 565 5584 ⁸¹
595 5551 614 5605 l
641 5553 774 5624 Reg.
804 5569 855 5617 ν,
893 5552 1018 5618 1,2.
1096 5550 1141 5583 δ’
1173 5549 1330 5615 ibid.,
1361 5549 1415 5604 6.

533 5731 613 5802 (Α)
647 5728 708 5783 ld
738 5736 823 5786 est
856 5729 940 5783 sui
967 5734 1176 5794 partus.

2122 2178 2237 2233 Καὶ
2269 2178 2557 2248 ἀπεκρίθη
2589 2178 2651 2234 τὸ
2679 2177 3014 2247 παιδάριον,
3063 2178 3161 2232 καὶ
3191 2173 3355 2232 alar
3395 2177 3703 2247 Πέφευγεν

2125 2269 2282 2339 ἀνὴρ
2344 2270 2587 2339 Ἰσραὴλ
2639 2270 2710 2325 ἐκ
2765 2270 3088 2338 προσώπου
3128 2270 3503 2339 ἀλλοφύλων
3524 2310 3540 2334 ,
3597 2268 3701 2323 καὶ

2126 2361 2330 2433 πληγὴ
2358 2361 2591 2432 μεγάλη
2623 2363 2869 2434 γέγονεν
2887 2362 2958 2416 ἐν
2977 2360 3057 2429 τῷ
3078 2360 3230 2428 λαῷ,
3258 2360 3357 2416 καὶ
3380 2361 3701 2432 ἀμφότεροι

2124 2457 2180 2508 οι
2205 2455 2323 2508 υἱοί
2351 2471 2469 2508 σου
2496 2453 2841 2520 τεθνήκασι,
2889 2454 2989 2508 καὶ
3035 2454 3075 2523 ή
3110 2446 3352 2520 κιϐωτὸς
3390 2453 3499 2509 τοῦ
3551 2452 3700 2509 Θεοῦ

2124 2547 2378 2615 ἐλήφθη.
2418 2545 2529 2601 Kal
2577 2545 2836 2616 ἐγένετο,
2860 2546 2943 2612 ὡς
2985 2544 3258 2615 ἐμνήσθη
3300 2544 3410 2614 τῆς
3448 2545 3699 2601 κιϐωτοῦ

2124 2638 2231 2693 τοῦ
2261 2638 2430 2701 Θεοῦ,
2470 2638 2568 2693 καὶ
2612 2637 2836 2693 ἔπεσεν
2860 2637 2981 2692 ἀπὸ
3021 2638 3129 2692 τοῦ
3163 2637 3378 2706 δίφρου
3414 2637 3701 2705 ὀπισθίως

2123 2728 2408 2798 ἐχόμενος
2432 2727 2541 2797 τῆς
2572 2729 2791 2797 πύλης,
2835 2729 2933 2783 καὶ
2961 2729 3281 2799 συνετρίϐη
3319 2732 3353 2783 ὀ
3382 2727 3573 2796 νῶτος
3593 2729 3704 2785 αὐ-

2124 2817 2252 2885 τοῦ,
2298 2817 2397 2871 καὶ
2437 2817 2765 2873 ἀπέθανεν·
2797 2817 2887 2872 ὅτι
2932 2819 3276 2887 πρεσϐύτης
3321 2822 3356 2873 ὀ
3388 2818 3699 2888 ἄνθρωπος

2123 2908 2221 2962 καὶ
2247 2909 2464 2976 βαρύς.
2493 2907 2606 2961 Kal
2640 2910 2846 2978 νύμφη
2878 2909 3063 2963 αὐτοῦ
3103 2908 3258 2979 γυνὴ
3307 2910 3510 2977 Φινεὲς
3546 2928 3697 2966 συν-

2124 3001 2406 3070 ειληφυῖα
2448 3000 2554 3055 τοῦ
2595 3002 2790 3056 τεκεῖν
2815 3019 2828 3032 ·
2875 3002 2973 3055 καὶ
3012 3001 3245 3071 ἢκουσε
3292 3002 3409 3073 τὴν
3438 3005 3699 3077 ἀπαγγε-

2124 3095 2287 3157 λίαν,
2333 3092 2423 3148 ὅτι
2466 3093 2703 3164 ἐλήφθη
2731 3096 2770 3164 ή
2815 3095 3056 3162 κιϐωτὸς
3093 3096 3201 3151 τοῦ
3248 3096 3428 3163 Θεοῦ,
3466 3099 3566 3153 καὶ
3610 3099 3701 3154 ὅτι

2124 3183 2412 3253 τέθνηκεν
2456 3187 2489 3239 ό
2536 3185 2821 3253 πενθερὸς
2853 3184 3044 3254 αὐτῆς
3083 3187 3183 3240 καὶ
3215 3190 3249 3242 ὁ
3292 3186 3447 3256 ἀνὴρ
3487 3188 3697 3259 αὐτῆς.

2125 3276 2223 3331 καὶ
2273 3276 2539 3331 ἕκλαυσε
2592 3276 2691 3333 καὶ
2733 3276 2957 3340 ἔτεκεν,
3001 3278 3090 3331 ὅτι
3135 3279 3604 3349 ἐπεστράφησαν
3637 3284 3699 3335 al

2122 3365 2331 3431 ὠδῖνες
2357 3363 2545 3434 αὐτῆς
2575 3367 2668 3420 ἐπ’
2695 3365 2918 3434 αὑτήν
2952 3368 3051 3422 καὶ
3087 3369 3159 3423 ἐν
3186 3367 3267 3434 τῷ
3305 3369 3481 3437 καιρῷ
3504 3369 3698 3440 αὐτῆς

2123 3456 2513 3525 ἀποθνήσκει.
2537 3458 2646 3514 Kal
2673 3456 2852 3527 εἶπαν
2878 3458 3034 3529 αὐτῇ
3062 3464 3122 3514 al
3149 3460 3422 3528 γυναῖκες
3442 3463 3502 3514 αἱ
3539 3476 3691 3530 παρ-

2123 3548 2435 3617 εστηκυῒαι
2475 3547 2632 3618 αὐτῇ
2650 3565 2663 3579 ’
2704 3548 2801 3618 Μὴ
2843 3550 3051 3618 φοϐοῦ,
3100 3549 3190 3604 ὅτι
3239 3548 3371 3605 υίὸν
3416 3548 3687 3617 τέτοκας·

2124 3639 2223 3693 καὶ
2266 3641 2378 3695 οὐκ
2420 3640 2750 3709 ἀπεκρίθη,
2796 3641 2896 3695 καὶ
2940 3643 3053 3696 οὐκ
3095 3642 3357 3711 ἐνόησεν
3398 3641 3438 3709 ἠ
3486 3641 3697 3710 καρδία

2123 3734 2332 3804 αὐτῆς.
2365 3736 2475 3789 Καὶ
2506 3734 2633 3806 ἑξῆς
2664 3735 2972 3805 ὲπιλὲγεται
3001 3734 3213 3800 τούτοις
3232 3751 3246 3767 ’
3278 3735 3389 3790 Καὶ
3437 3735 3700 3805 ἀλλόφυ-

2122 3832 2219 3883 λοι
2258 3828 2480 3884 ἔλαϐον
2515 3828 2631 3897 τὴν
2673 3828 2921 3891 κιϐωτὸν
2951 3828 3058 3883 τοῦ
3105 3828 3275 3894 Θεοῦ,
3297 3828 3400 3882 καὶ
3429 3826 3702 3898 εἰσήνεγ-

2124 3939 2242 3980 καν
2288 3921 2486 3989 αὐτὴν
2524 3924 2612 3988 εἰς
2641 3921 2904 3982 Ἄζωτον.
2945 3920 3057 3975 Kal
3084 3920 3306 3976 ἔλαϐον
3342 3924 3397 3975 οἱ
3428 3921 3701 3988 ἀλλόφυ-

2122 4016 2221 4068 λοι
2256 4012 2372 4081 τὴν
2414 4013 2662 4068 κιϐωτὸν
2693 4012 2936 4081 Κυρίου,
2976 4011 3075 4066 καὶ
3112 4011 3476 4083 εἰσήνεγκαν
3505 4010 3703 4079 αὐτὴν

2122 4109 2211 4174 είς
2252 4102 2422 4162 οἶκον
2460 4104 2682 4177 Δαγὼν.
2725 4104 2942 4159 Τούτων
2987 4105 3053 4175 δὴ
3102 4106 3319 4160 πάντων
3351 4105 3700 4177 ἐπιτέμνεται

2122 4199 2224 4270 τὴν
2254 4200 2472 4271 μνήμην
2497 4201 2527 4252 ὁ
2558 4196 2750 4270 παρὼν
2772 4196 2948 4265 λόγος,
2980 4197 3074 4250 καὶ
3111 4195 3386 4264 ἐπιλέγειο
3420 4197 3531 4251 Kal
3567 4195 3702 4263 ἐξη·

2122 4290 2300 4361 γέρθη
2343 4291 2426 4358 ὡς
2465 4293 2498 4344 ό
2536 4289 2747 4345 ὑπνῶν
2786 4290 3021 4359 Κύριος,
3060 4290 3142 4356 ὡς
3172 4288 3432 4359 δυνατὸς
3464 4288 3562 4343 καὶ
3611 4304 3702 4343 κε-

2123 4381 2544 4451 κραιπαληκὼς
2570 4382 2640 4446 ἐξ
2671 4382 2858 4436 οἴνου.
2892 4382 3046 4435 Μετὰ
3088 4382 3148 4435 τὸ
3180 4381 3447 4452 ληφθῆναι
3483 4383 3584 4452 τὴν
3614 4399 3701 4435 κι-

2123 4473 2294 4529 ϐωτὸν
2326 4474 2431 4527 ὑπὸ
2471 4473 2582 4527 τῶν
2613 4472 2944 4541 ἀλλοφύλων,
2975 4474 3069 4526 καὶ
3105 4473 3241 4544 μετὰ
3284 4473 3345 4526 τὸ
3387 4470 3699 4543 πραχθῆναι

2125 4566 2196 4623 τὰ
2227 4566 2635 4639 προλελεγμένα
2662 4566 2803 4621 κατὰ
2829 4565 2922 4619 τοῦ
2950 4564 3103 4629 λαοῦ,
3130 4564 3227 4634 τὴν
3257 4562 3561 4635 ἐπισκοπὴν
3602 4564 3702 4616 αὐ-
3755 4589 3760 4592 -

2124 4660 2219 4716 τοῦ
2266 4661 2478 4725 δεικνὺς
2525 4661 2556 4714 ὁ
2607 4658 2739 4723 Θεὸς
2758 4699 2773 4724 ,
2825 4658 3144 4730 μετέρχεται
3193 4659 3318 4720 τοὺς
3371 4655 3702 4725 ἀλλοφύλους

2123 4753 2340 4824 ἀοράτῳ
2370 4751 2595 4823 δυνάμει
2624 4751 2866 4817 κολάζων
2896 4749 3111 4814 αὐτούς.
3147 4749 3238 4803 Διὸ
3273 4748 3520 4802 λέλεκται
3542 4766 3557 4779 ·
3589 4747 3702 4801 Kal

2124 4842 2413 4913 ἐξηγέρθη
2436 4843 2517 4909 ὠς
2541 4846 2574 4897 ό
2598 4841 2808 4897 ὑπνῶν
2830 4842 3066 4911 Κύριος,
3087 4842 3168 4907 ὡς
3189 4840 3447 4906 δυνατὸς
3471 4854 3703 4907 κεκραι-

2126 4931 2409 5000 παληκὼς
2458 4931 2530 4996 ἐξ
2573 4931 2777 4986 οἴνου⁸
2814 4931 2957 4987 κατὰ
3000 4930 3059 4984 δὲ
3100 4930 3193 4985 τὸν
3242 4929 3557 5001 Σύμμαχον,
3606 4929 3702 4995 Ὠς

2123 5023 2381 5091 δυνατὸς
2401 5024 2703 5081 suam
2733 5025 2803 5090 ἐξ
2826 5024 3026 5080 οῑνου·
3053 5022 3198 5079 κατὰ
3226 5024 3282 5077 δὲ
3315 5024 3407 5078 τὸν
3448 5022 3699 5087 Ἀκύλαν,

2135 5118 2230 5184 Ὧς
2266 5116 2523 5185 δυνατὸς
2566 5115 3059 5187 κεκραιπαληκὼς
3100 5117 3173 5183 ἐξ
3204 5118 3395 5172 olm.
3424 5113 3561 5171 Εἶτα
3595 5115 3704 5169 διε-

2125 5211 2317 5284 γείρας
2359 5211 2520 5275 αὐτὸς
2552 5211 2763 5273 ἑαυτὸν,
2799 5211 3069 5265 πατάσσει
3097 5211 3223 5274 τοὺς
3256 5208 3487 5283 ἐχθροὺς
3511 5206 3700 5273 αὑτοῦ,

2123 5301 2322 5374 δηλαδὴ
2356 5302 2479 5365 τοὺς
2522 5301 2620 5373 τὴν
2669 5300 2898 5355 κιϐωτὸν
2936 5300 3039 5371 τῆς
3081 5300 3356 5370 Διαῡήκης
3399 5296 3703 5354 ἀπόλαϐόν-

2102 5408 2253 5457 τας·
2306 5392 2402 5450 καὶ
2435 5394 2698 5448 πατάσσει
2747 5391 2944 5457 αὐτοὺς
2972 5392 3052 5456 εἰς
3086 5390 3158 5446 τὰ
3183 5389 3379 5457 ὀπίσω,
3419 5385 3604 5447 δίδωσι
3639 5402 3705 5440 τι
