4066 6376
415 358 520 416 957

1538 356 2042 415 COMMENTARIA
2082 354 2149 412 IN
2187 354 2529 411 PSALMOS.

3561 355 3675 414 958

413 474 595 540 αὐτοῖς
624 476 822 540 ὄνειδος
851 474 1086 532 αἰώνιον.
1120 474 1244 540 Πῶς
1273 475 1331 529 δὲ
1370 475 1449 539 είς
1478 476 1547 530 τὰ
1571 475 1747 530 ὀπίσω
1788 475 1981 530 ἐπάτα-

2087 483 2199 528 tota
2221 479 2348 528 urbe
2368 473 2547 544 gravis
2586 471 2759 538 valde,
2800 482 2857 527 ut
2889 473 3109 528 intrauit
3133 487 3260 526 arca
3296 470 3395 525 Dei
3426 470 3590 525 illuc:
3620 483 3672 526 et

415 564 504 633 ξεν
533 567 749 632 αὐτοὺς,
783 564 1022 620 διδάσκει
1067 566 1102 638 ή
1139 564 1351 636 ἱστορία
1392 562 1582 620 τοῦτον
1616 567 1674 618 ὲν
1700 567 1768 637 τῇ
1797 563 1991 636 πρώτῃ

412 656 522 712 τῶν
563 657 858 712 Βασιλειῶν
905 657 1101 728 ἔχουσα
1144 655 1237 711 τὸν
1283 655 1483 728 τρόπον
1501 673 1516 688 ·
1557 656 1666 711 Καὶ
1697 656 1991 725 ἐϐαρύνθη

412 749 541 820 χεὶρ
570 750 791 818 Κυρίου
813 747 913 803 ἐπὶ
953 749 1097 817 τοὺς
1135 747 1453 815 Ἆζωτίους,
1483 748 1582 802 καὶ
1627 747 1993 802 ἐϐασάνισεν

410 839 650 906 αὐτοὺς,
691 838 789 894 καὶ
829 838 1129 904 ἐπάταξεν
1157 838 1381 906 αὐτοὺς
1409 840 1497 905 είς
1529 837 1636 904 τὰς
1667 836 1844 905 ἔδρας
1878 839 1990 892 αὐ-

410 928 546 995 τῶν,
581 928 697 998 τὴν
724 929 968 991 Ἄζωτον
997 930 1098 985 καὶ
1128 930 1204 985 τὰ
1235 930 1369 999 ὅρια
1409 926 1600 998 αὐτῆς
1618 945 1634 961 ’
1672 928 1767 982 καὶ
1799 924 1953 992 αὖθις
1972 944 1989 961 ·

405 1019 521 1076 Kal
559 1018 841 1090 μετῆλθε,
884 1021 1069 1092 φησὶν,
1107 1021 1148 1090 ἡ
1189 1021 1437 1088 κιϐωτὸς
1479 1020 1586 1074 τοῦ
1628 1019 1852 1088 Κυρίου
1902 1020 1992 1085 είς

406 1112 618 1170 Γεθθά.
652 1112 766 1169 Kal
793 1112 1029 1183 ἐγένετο
1043 1112 1196 1184 μετὰ
1222 1113 1291 1168 τὸ
1314 1111 1626 1183 μετελθεῖν
1650 1110 1865 1181 αὐτὴν,
1890 1110 1990 1165 καί

404 1205 630 1274 γίνεται
679 1204 811 1274 χεὶρ
856 1205 1079 1274 Κυρίου
1122 1204 1194 1259 ἐν
1238 1202 1317 1274 τῇ
1357 1206 1532 1259 πόλει
1583 1203 1799 1273 κράτος
1834 1203 1992 1274 μέγα

406 1295 662 1365 σφόδρα.
708 1294 821 1350 Kal
857 1294 1118 1359 ἐπάταξε
1158 1294 1303 1363 τοὺς
1339 1295 1567 1365 ἄνδρας
1602 1293 1715 1364 τῆς
1756 1297 1989 1363 πόλεως

404 1385 525 1440 ἀπὸ
563 1384 780 1454 μικροῦ
805 1384 917 1451 ἔως
952 1383 1240 1456 μεγάλου,
1291 1384 1391 1439 καὶ
1425 1383 1725 1449 ἐπάταξεν
1764 1384 1990 1453 αὐτοὺς

403 1479 493 1544 είς
530 1476 638 1543 τὰς
682 1476 862 1546 ἔδρας
901 1476 1120 1533 αὐτῶν.
1153 1477 1263 1533 Kal
1301 1476 1827 1543 ἐξαποστέλλουσι
1872 1476 1990 1545 τὴν

403 1567 656 1623 κιϐωτὸν
695 1567 802 1623 τοῦ
842 1570 992 1625 Θεοῦ
1023 1571 1113 1637 εὶς
1157 1568 1500 1624 Ἀσκάλωνα
1521 1585 1534 1598 ο
1583 1568 1683 1623 καὶ
1723 1568 1989 1637 ἐϐόησαν

401 1663 458 1715 οι
500 1659 919 1716 Ἀσκαλωνῖται
961 1661 1245 1732 λέγοντες
1262 1677 1277 1691 ·
1318 1662 1380 1717 Τί
1411 1660 1829 1730 ἀπεστρέψατε
1872 1658 1988 1729 τὴν

400 1753 649 1807 κιϐωτὸν
684 1753 793 1810 τοῦ
824 1753 971 1810 Θεοῦ
1015 1756 1354 1812 θανατῶσαι
1381 1751 1540 1825 ἡμᾶς
1553 1770 1573 1819 ;
1603 1755 1714 1809 Καὶ
1745 1754 1983 1823 ἐπιλέγει

2091 562 2314 616 viventes
2364 569 2415 616 et
2455 561 2651 615 mortui
2694 560 2931 629 percussi
2979 568 3133 613 erant
3171 560 3227 612 in
3272 558 3578 627 podicibus;
3622 568 3674 613 et

2093 654 2327 709 ascendit
2380 654 2585 709 clamor
2622 653 2770 707 urbis
2817 655 2873 707 in
2915 653 3124 707 caelum.
3170 649 3295 707 Ideo
3332 652 3387 706 in
3418 652 3675 722 praesenti

2091 746 2303 816 psalmo
2348 744 2555 800 dictum
2602 752 2689 799 est
2718 762 2733 798 :
2764 741 2833 797 Et
2869 743 3128 812 percussit
3170 742 3413 797 inimicos
3460 758 3585 796 suos
3618 743 3676 797 iu

2091 837 2406 904 posteriora,
2455 836 2793 904 opprobrium
2839 835 3216 903 sempiternum
3262 833 3406 887 dedit
3433 835 3530 890 eis.
3558 832 3674 904 0p.

2092 927 2373 999 probrium
2406 929 2609 999 quippe
2645 934 2765 983 erat
2808 929 2864 981 in
2899 925 3188 997 podicibus
3226 940 3522 996 percussos
3548 926 3673 980 illos

2090 1018 2285 1083 fuisse,
2335 1028 2526 1090 utpote
2568 1018 2663 1090 qui
2701 1018 2770 1073 iis
2809 1018 2863 1072 in
2900 1017 3151 1089 partibus
3186 1016 3376 1073 lascivi
3410 1018 3669 1073 fuissent.

2090 1110 2347 1168 Inimicos
2379 1112 2602 1185 quidem
2633 1127 2764 1168 suos
2811 1111 2894 1168 sic
2932 1112 3082 1168 ultus
3108 1120 3228 1179 est;
3265 1111 3516 1182 proprios
3542 1125 3674 1167 vero

2089 1207 2196 1264 sibi
2233 1207 2342 1262 alio
2392 1207 2557 1262 modo
2591 1206 2904 1277 castigavit.
2955 1204 3140 1272 Quare
3186 1206 3396 1260 dictum
3449 1214 3534 1262 est
3563 1224 3675 1259 :—

2092 1297 2256 1355 Vens.
2282 1298 2375 1353 67.
2411 1297 2478 1352 Et
2504 1299 2696 1367 repulit
2728 1297 3127 1353 tabernaculum
3146 1287 3361 1365 Ioseph.
3384 1295 3672 1362 Quodnam

2090 1390 2222 1446 illud
2256 1390 2361 1446 nisi
2394 1390 2607 1445 Silom?
2644 1389 2774 1445 Erat
2802 1390 2949 1445 enim
2983 1404 3046 1445 ea
3083 1405 3148 1445 es
3180 1397 3332 1445 sorte
3368 1383 3625 1459 Ephraim
3654 1408 3670 1443 :

2093 1482 2353 1554 Ephraim
2382 1491 2563 1539 autem
2599 1477 2743 1540 illius
2772 1481 2971 1552 Ioseph
3006 1490 3141 1537 erat.
3178 1480 3305 1537 ldco
3340 1481 3567 1539 subdit:
3602 1480 3674 1535 Et

2088 1574 2280 1643 repulit
2306 1573 2706 1628 tabernaculum
2732 1572 2948 1643 Ioseph,
2978 1581 3028 1628 et
3059 1573 3250 1627 tribum
3285 1572 3540 1641 Ephraim
3567 1588 3673 1626 non

2086 1666 2278 1736 elegit;
2324 1665 2541 1721 etiamsi
2581 1665 2818 1736 primum
2861 1678 2983 1719 eam
3027 1664 3300 1735 elegisset,
3333 1674 3389 1719 et
3415 1663 3656 1719 taberna-

2087 1759 2267 1812 culum
2291 1756 2494 1827 .Ioseph
2519 1756 2674 1827 prius
2702 1754 2980 1813 affecisset
3003 1757 3240 1813 honore.
3267 1756 3449 1825 Quare
3498 1756 3668 1812 Silom

398 1845 556 1916 ἑξῆς·
598 1847 719 1901 Ὅτι
752 1846 1006 1918 ἐγενήθη
1039 1847 1345 1918 σύγχυσις
1373 1848 1637 1902 θανάτου
1666 1847 1736 1901 ἐν
1766 1846 1880 1915 ὅλῃ
1904 1845 1981 1916 τῇ

2085 1850 2140 1904 in
2174 1856 2473 1904 extremam
2503 1848 2855 1904 solitudinem
2885 1848 3107 1903 redacta
3134 1856 3242 1905 est.
3268 1846 3339 1903 lis
3355 1864 3488 1905 vero
3510 1849 3674 1905 docet

396 1939 574 1992 πόλει
592 1938 807 2007 βαρεῖα
830 1939 1088 2009 σφόδρα,
1112 1939 1193 2006 ὡς
1219 1938 1509 2008 εἰσῆλθεν
1539 1939 1579 2008 ἡ
1609 1939 1854 2005 κιϐωτὸς
1873 1937 1981 1992 τοῦ

2085 1941 2337 2011 exemplo
2390 1939 2538 1995 illius
2587 1938 2780 2003 Silom,
2829 1946 2891 1994 ut
2934 1955 3006 1996 ne
3034 1939 3204 1994 altum
3243 1941 3460 2011 sapiant
3487 1940 3580 2011 qui
3612 1942 3670 1996 in

398 2030 551 2085 Θεοῦ
597 2030 753 2085 ἐκεῖ’
805 2032 908 2086 και
958 2034 1014 2086 οἱ
1059 2030 1270 2099 ζῶντες
1317 2031 1419 2087 καὶ
1467 2035 1522 2087 οἱ
1574 2033 1981 2099 ἀποθανόντες

2084 2026 2388 2085 Jerusalem
2434 2029 2704 2096 habitant,
2750 2030 2896 2101 quod
2942 2031 3357 2087 tabernaculum
3389 2039 3445 2086 et
3483 2046 3666 2085 arcam

391 2119 798 2191 ἐπλήχθησαν
829 2124 916 2189 εἰς
940 2125 1047 2189 τὰς
1067 2121 1246 2191 ἕδρας
1266 2139 1281 2153 ·
1322 2122 1423 2177 καὶ
1462 2122 1646 2191 ἀνέϐη
1679 2123 1719 2192 η
1751 2121 1981 2191 κραυγὴ

2086 2121 2400 2192 acceperint
2429 2139 2443 2175 :
2474 2121 2678 2192 quippe
2706 2120 2906 2176 similia
2938 2121 3131 2192 primis
3156 2121 3397 2193 passuri,
3421 2122 3526 2177 nisi
3558 2121 3670 2177 Deo

396 2208 516 2278 τῆς
531 2211 761 2279 πόλεως
775 2214 862 2279 είς
887 2212 995 2267 τὸν
1019 2214 1302 2283 οὐρανόν.
1326 2201 1425 2268 Διᾶ
1449 2213 1513 2286 δὴ
1537 2213 1711 2269 ταῦτα
1736 2213 1981 2269 λέλεκται

2086 2211 2238 2284 digni
2264 2210 2593 2279 ciliciantur,
2629 2211 2778 2285 quod
2815 2228 2951 2269 sane
2979 2214 3230 2284 sequenti
3259 2222 3506 2284 tempore
3537 2229 3673 2269 con-

392 2303 457 2354 ὲν
487 2300 567 2373 τῷ
598 2302 826 2376 παρόντι
854 2302 1084 2376 ψαλμῷ’
1121 2304 1231 2359 Kal
1270 2304 1533 2370 ἐπάταξε
1559 2304 1704 2372 τοὺς
1733 2303 1988 2374 ἐχθροὺς
2089 2305 2233 2375 tigit.

390 2393 582 2448 αὑτοῦ
617 2396 704 2461 εἰς
740 2395 813 2450 τὰ
837 2396 1029 2451 ὀπίσω
1048 2413 1062 2428 ο
1093 2396 1324 2464 ὄνειδος
1382 2397 1625 2452 αἰώνιον
1684 2396 1909 2452 ἔδωκεν
1967 2395 2191 2463 αὐτοῖς.
2230 2397 2473 2461 Ὀνειδος
2523 2397 2631 2469 γὰρ
2666 2394 2735 2468 ἦν
2800 2397 2861 2451 τὸ
2909 2399 2968 2451 ὲν
2998 2414 3122 2461 ταις
3168 2402 3355 2470 εδραις
3395 2397 3671 2471 πληγῆναι

392 2489 614 2554 αὐτοὺς,
648 2491 724 2556 ὡς
787 2491 856 2547 ἂν
888 2493 1371 2559 ἀκολασταίνοντας
1415 2496 1475 2549 ἐν
1535 2494 1765 2558 ἐκείνοις
1798 2495 1913 2559 τοῖς
1951 2493 2163 2567 μέρεσι.
2231 2493 2373 2558 Τοὺς
2421 2494 2524 2563 μὲν
2570 2492 2799 2565 ἐχθροὺς
2839 2492 3014 2558 οὕτως
3063 2495 3475 2567 ἐτιμωρήσατο*
3544 2497 3673 2559 τοὺς

391 2581 456 2636 δὲ
492 2583 721 2649 οἰκείους
789 2585 961 2659 ἑτέρῳ
996 2588 1315 2660 μετήρχετο.
1349 2587 1442 2642 Διὸ
1487 2588 1701 2662 εἴρητοο
1727 2587 1839 2643 Kal
1900 2586 2184 2642 ἀπώσατο
2229 2587 2299 2642 τὸ
2336 2587 2630 2658 σκήνωμα
2701 2584 2934 2655 Ἰωσήφ.
2983 2585 3143 2640 Ποῖον
3177 2586 3236 2640 δὲ
3276 2585 3435 2641 τοῦτο
3485 2586 3602 2641 ἀλλ’
3634 2587 3670 2659 ἢ

392 2675 498 2747 τὴν
522 2676 720 2749 Σηλὼμ
741 2694 757 2744 ;
779 2675 887 2733 Ἦν
907 2680 1017 2752 γὰρ
1041 2680 1179 2752 αὐτὴ
1202 2682 1303 2752 τῆς
1329 2681 1693 2753 κληρονομίας
1740 2680 2012 2753 Ἐφρατμ·
2062 2679 2300 2755 Ἐφρατμ
2331 2680 2388 2749 δὲ
2436 2679 2532 2735 τοῦ
2572 2680 2771 2751 Ἰωσὴφ
2836 2679 2952 2744 υἱὺς
2979 2675 3070 2751 ἦν.
3104 2677 3199 2733 Διὸ
3242 2678 3486 2749 ἐπιλέγει
3506 2695 3521 2710 ·
3556 2676 3673 2733 Kal

392 2769 679 2826 ἀπώσατο
752 2773 821 2827 τὸ
858 2773 1149 2844 σκήνωμα
1192 2775 1412 2845 Ἰωσὴφ
1433 2814 1450 2841 ,
1499 2776 1599 2830 καὶ
1647 2775 1765 2846 τὴν
1805 2776 2013 2847 φυλὴν
2061 2776 2306 2846 Ἐφραῒμ
2356 2778 2468 2831 οὐκ
2557 2774 2878 2841 ἐξελέξατο
2900 2790 2918 2806 ο
2966 2773 3174 2845 καίπερ
3226 2770 3398 2843 αὐτὴν
3444 2771 3675 2843 πρώτην

395 2861 775 2933 ἐκλεξάμενος,
809 2866 902 2918 καὶ
942 2862 1004 2918 τὸ
1040 2869 1300 2938 σκήνωμα
1337 2867 1539 2939 Ἰωσὴφ
1568 2867 1785 2940 πρῶτον
1841 2871 2102 2940 τιμήσας.
2123 2868 2214 2922 Διδ
2246 2870 2343 2923 καὶ
2370 2869 2405 2939 ἡ
2434 2866 2636 2940 Σηλὼμ
2692 2868 2774 2930 εἰς
2810 2864 3048 2937 ἐσχάτην
3107 2865 3346 2937 ἐρημίαν
3403 2863 3667 2935 κατέστη.

395 2952 651 3006 Παιδεύει
670 2953 727 3007 δὲ
748 2954 838 3009 διὰ
872 2957 1077 3011 τούτων
1104 2961 1133 3013 ὸ
1160 2959 1317 3028 λόγος
1378 2959 1467 3013 διὰ
1497 2958 1590 3014 τοῦ
1658 2960 2105 3033 παραδείγματος
2164 2963 2265 3034 τῆς
2306 2960 2508 3034 Σηλὼμ
2553 2961 2631 3033 μὴ
2701 2959 2844 3031 μέγα
2875 2959 3093 3029 φρονεῖν
3122 2956 3251 3020 τοὺς
3277 2957 3337 3010 δν
3364 2957 3432 3027 τῇ
3471 2955 3674 3027 Ἰερου-

396 3046 599 3118 σαλὴμ,
628 3047 725 3120 τὴν
751 3051 957 3123 σκηνὴν
985 3052 1078 3106 καὶ
1111 3054 1212 3125 τὴν
1246 3053 1477 3108 κιϐωτὸν
1539 3053 2000 3127 ὑποδεξαμένους·
2039 3056 2325 3111 πείσεσθαι
2367 3056 2478 3129 γὰρ
2524 3054 2595 3110 τὰ
2634 3054 2798 3126 ὃμοια
2835 3054 2949 3116 τοῖς
2990 3047 3250 3123 πρώτοις,
3294 3049 3345 3103 εί
3390 3046 3466 3119 μὴ
3529 3045 3671 3112 ἄξιοι

393 3138 628 3208 γίνοιντο
674 3142 771 3196 τοῦ
821 3143 957 3197 Θεοῦ
977 3161 992 3175 ο
1025 3144 1056 3199 ὃ
1095 3145 1160 3219 δὴ
1206 3147 1301 3201 καὶ
1350 3147 1531 3218 ἀπέϐη
1574 3149 1632 3202 ὲν
1663 3150 1777 3213 τοῖς
1833 3148 1974 3220 μετὰ
2007 3149 2180 3204 ταῦτα
2212 3150 2444 3222 χρόνοις.

465 3261 573 3316 Kal
606 3261 926 3328 ἐξελέξατο
952 3262 1069 3334 τὴν
1098 3264 1307 3336 φυλὴν
1331 3265 1540 3331 Ἰούδα,
1564 3266 1632 3320 τὸ
1661 3265 1797 3336 ὅρος
1827 3266 1980 3322 Σιὼν

2153 3266 2321 3325 Vens.
2367 3266 2459 3331 68,
2507 3264 2597 3323 69.
2658 3262 2726 3319 Et
2765 3262 2919 3334 elegit
2970 3260 3166 3315 tribum
3205 3255 3388 3322 Iuda,
3438 3266 3669 3311 montem

391 3351 427 3405 ὃ
453 3351 754 3423 ἠγάπησε.
789 3354 900 3410 Kal
936 3355 1323 3427 ᾠκοδόμησεν
1350 3361 1431 3426 ὠς
1452 3358 1875 3429 μονοκερὼτων
1910 3360 1978 3414 τὸ

390 3442 661 3513 ἁτίασμα
696 3444 883 3501 αὐτοῦ
907 3446 977 3500 ἐν
1002 3445 1078 3518 τῇ
1110 3446 1209 3520 τῇ,
1246 3449 1644 3520 ἐθεμελίωσεν
1668 3448 1863 3520 αὐτὴν
1890 3452 1980 3517 εις

387 3535 503 3588 τὸν
530 3534 737 3592 αἰῶνα.
770 3537 947 3609 Φυλὴν
987 3539 1086 3611 μὲν
1127 3540 1301 3612 φυλῆς
1334 3538 1848 3612 ἀντικατηλλάξατο,
1878 3540 1979 3613 τὴν

389 3626 567 3698 φυλὴν
584 3628 840 3700 Βενιαμὶν
861 3630 983 3683 ἀντὶ
1006 3630 1106 3699 τῆς
1131 3630 1303 3703 φυλῆς
1334 3633 1563 3704 Ἰωσήφ·
1599 3632 1695 3686 καὶ
1723 3632 1887 3687 τόπον
1918 3633 1977 3687 δὲ

387 3716 516 3772 ἀντὶ
536 3716 701 3770 τόπου
736 3717 938 3785 εἵλατο,
972 3720 1072 3791 τῆς
1092 3720 1291 3792 Σηλὼμ
1327 3722 1427 3794 τὴν
1460 3722 1816 3794 Ἰερουσαλὴμ
1842 3739 1979 3795 προ-

387 3810 586 3883 κρίνας
608 3828 623 3843 ο
654 3810 789 3865 ἀλλὰ
816 3812 911 3866 καὶ
945 3811 1071 3884 ὅρος
1104 3813 1224 3866 ἀντὶ
1254 3813 1414 3886 ὅρους
1436 3815 1713 3885 ⁴ἠγάπησε,
1750 3814 1812 3868 τὸ
1838 3812 1976 3867 Σιὼν

382 3900 590 3973 δηλαδὴ
632 3902 752 3956 ἀντὶ
803 3901 894 3956 τοῦ
928 3902 1088 3975 ὅρους
1134 3902 1230 3957 τοῦ
1278 3905 1337 3956 ὲν
1369 3903 1589 3977 Σηλώμ.
1638 3901 1777 3959 Εἶτά
1808 3920 1975 3975 φησι⁸

383 3992 500 4049 Kal
537 3991 925 4063 ᾠκοδόμησεν
972 3995 1055 4062 ὡς
1105 3994 1529 4064 μονοκερώτων
1582 3995 1651 4050 τὸ
1713 3995 1979 4066 ἁγίασμα

381 4084 578 4141 αὐτοῦ
597 4100 611 4114 ⁵
652 4084 790 4139 κατὰ
835 4084 894 4139 δὲ
941 4084 1034 4139 τὸν
1090 4084 1320 4139 ’Δκύλαν
1343 4124 1359 4149 ,
1421 4086 1531 4141 Kal
1584 4083 1978 4155 ᾠκοδόμησεν

382 4177 606 4248 ὁμοίως
626 4176 890 4246 ὑψηλοῖς
919 4177 1185 4248 ἀτίασμα
1210 4176 1396 4232 αὐτοῦ
1415 4195 1428 4208 ·
1462 4176 1603 4232 κατὰ
1633 4175 1691 4230 δὲ
1713 4177 1804 4230 τὸν
1826 4175 1897 4230 Σύ
1906 4193 1975 4247 μ-

385 4285 586 4342 μαχον,
617 4267 729 4321 Kal
755 4267 1146 4339 ᾠκοδόμησεν
1172 4268 1255 4335 ὡς
1274 4266 1348 4321 τὰ
1377 4267 1589 4337 ὑψηλὰ
1618 4266 1687 4321 τὸ
1709 4266 1977 4336 ἁγίασμα

381 4357 599 4417 αὐτοῦ.
646 4359 877 4430 Ὁμοίως
909 4356 1002 4415 οὖν
1031 4359 1259 4433 ὑψηλοῖς
1291 4359 1388 4414 καὶ
1426 4360 1504 4424 ὠς
1526 4357 1596 4414 τὰ
1629 4358 1738 4433 ὕψη
1770 4358 1975 4431 ᾠκοδό-

384 4464 534 4520 μησε
558 4446 620 4501 τδ
643 4449 890 4521 ἀγίασμα
920 4448 1108 4506 αὐτοῦ.
1147 4449 1485 4522 ’Δναπέμπει
1517 4450 1562 4504 δ’
1585 4451 1733 4522 ἡμᾶς
1762 4452 1791 4504 ό
1816 4449 1977 4519 λόγος

381 4542 466 4604 είς
502 4539 638 4611 βαθὺ
669 4541 763 4595 καὶ
794 4542 1106 4615 ἀπόρρητον
1143 4542 1288 4611 νοῦν,
1331 4542 1626 4609 διδάσκων,
1654 4542 1729 4608 ὡς
1777 4542 1841 4596 τὸ
1878 4542 1975 4596 ἐπὶ

2085 3360 2238 3423 Sion,
2288 3377 2441 3425 quem
2484 3358 2692 3413 dilexit.
2740 3353 2810 3409 Et
2840 3353 3129 3423 a'di/icavit
3164 3351 3301 3406 sicut
3331 3350 3670 3404 unicornium

2080 3456 2436 3526 sanctiﬁcium
2475 3469 2633 3509 suum
2670 3453 2725 3507 in
2760 3461 2924 3513 terra,
2966 3448 3212 3520 fundauit
3239 3464 3357 3502 eam
3394 3446 3451 3501 in
3493 3461 3670 3499 stt-cu-

2079 3548 2215 3605 lum.
2239 3545 2469 3601 Tribum
2515 3560 2617 3617 pro
2651 3544 2797 3600 tribu
2828 3541 3206 3604 commutavit,
3232 3539 3436 3594 tribum
3466 3536 3668 3605 Benja-

2078 3641 2193 3696 min
2216 3655 2316 3712 pro
2337 3638 2485 3694 tribu
2504 3636 2707 3708 Ioseph
2732 3655 2746 3691 :
2768 3642 2824 3691 et
2857 3635 3035 3689 locum
3061 3646 3161 3703 pro
3178 3631 3298 3685 loco
3313 3628 3513 3701 elegit;
3535 3627 3668 3683 Hie-

2079 3731 2414 3803 rosolymam
2461 3727 2578 3782 Silo
2626 3737 3001 3796 anteponens;
3047 3723 3159 3778 imo
3205 3722 3369 3777 etiam
3423 3729 3663 3776 montem

2078 3838 2181 3895 pro
2214 3828 2400 3876 monte
2423 3819 2636 3883 dilexit,
2670 3816 2803 3872 Sion
2833 3814 3109 3879 videlicet,
3139 3828 3239 3885 pro
3264 3820 3450 3868 monte
3483 3812 3577 3882 qui
3608 3812 3662 3866 in

2081 3906 2198 3961 Silo
2233 3912 2373 3961 erat.
2422 3902 2627 3958 Deinde
2682 3901 2799 3955 ait:
2827 3899 2896 3953 Et
2935 3897 3221 3967 aediﬁcavit
3267 3896 3405 3950 sicut
3449 3896 3668 3949 amicor-

2079 3998 2229 4052 nium
2272 3994 2631 4063 sancti/icium
2665 4005 2859 4053 suum;
2889 3987 3191 4046 secundum
3235 3986 3484 4057 Aquilam
3510 4000 3663 4049 vero,

2079 4089 2151 4145 Et
2180 4087 2463 4157 wdiﬁcauit
2503 4083 2677 4139 simile
2719 4082 2941 4137 excelsis
2974 4078 3331 4147 sanctiﬁcium
3353 4092 3545 4141 suum;
3576 4091 3666 4133 se-

2078 4181 2320 4237 cundum
2370 4174 2763 4249 Symmachum
2814 4182 3018 4235 autem,
3062 4168 3132 4224 Et
3162 4167 3445 4233 adiﬁcavit
3474 4176 3530 4221 ut
3561 4183 3662 4223 ex.-

2078 4272 2222 4328 celsa
2250 4267 2605 4339 sancti/icium
2640 4279 2817 4320 suum.
2863 4261 3241 4318 Sanctiﬁcinm
3272 4260 3458 4328 itaque
3494 4270 3658 4312 suum

2079 4362 2260 4420 simile
2297 4358 2554 4418 excelsis,
2589 4367 2685 4411 aut
2717 4362 2779 4409 ut
2807 4353 3026 4414 excelsa
3073 4349 3385 4406 aediﬁcavit.
3416 4346 3529 4402 Nos
3560 4361 3661 4399 au-

2077 4463 2189 4510 tem
2217 4452 2285 4507 ad
2318 4439 2651 4522 profundum
2683 4453 2738 4503 et
2777 4458 3041 4500 arcanum
3087 4456 3310 4498 sensum
3360 4454 3542 4495 sermo
3574 4453 3663 4491 re.

2078 4545 2270 4609 mittit,
2311 4543 2517 4599 docens
2545 4538 2912 4596 sanetillcium
2949 4533 3082 4589 illud
3117 4534 3172 4588 in
3200 4541 3367 4595 terra,
3403 4530 3459 4585 in
3493 4529 3659 4584 Jeru-

380 4632 494 4702 τῆς
537 4631 782 4704 ἀγίασμα
820 4631 883 4687 τὸ
912 4632 1008 4686 ἐπὶ
1048 4634 1147 4704 τῆς
1182 4634 1538 4706 Ἰερουσαλὴμ.
1585 4635 1680 4689 καὶ
1729 4633 1808 4705 τῷ
1857 4634 1974 4705 δρει

2083 4636 2252 4693 salem
2274 4641 2330 4689 et
2358 4634 2414 4689 in
2445 4640 2627 4687 monte
2653 4628 2785 4695 Sion
2814 4627 3203 4687 constitutum,
3240 4622 3656 4678 similitudinem

382 4722 531 4780 Σιὼν
557 4723 832 4779 καταστὰν
879 4725 1142 4795 ὁμοίωσιν
1185 4719 1302 4797 εἶχε
1328 4724 1438 4780 τῶν
1481 4726 1540 4779 ὲν
1581 4727 1697 4789 τοῖς
1731 4724 1977 4796 ὑψηλοῖς,

385 4816 486 4870 καὶ
508 4815 821 4888 ᾠκοδόμητο
850 4817 926 4879 ὡς
956 4816 1027 4872 τὰ
1055 4816 1165 4889 ὕψη
1190 4819 1311 4873 κατ’
1340 4818 1525 4873 εἰκόνα
1552 4818 1648 4872 καὶ
1680 4818 1806 4871 καθ’
1828 4816 1980 4888 δμοί-

382 4922 526 4960 ωσιν
555 4906 843 4977 γενόμενον
868 4905 977 4960 τῶν
1003 4907 1062 4961 ὲν
1101 4906 1352 4981 οὐρανοῖς
1391 4907 1641 4979 ὑψηλῶν·
1670 4907 1706 4962 ἃ.
1732 4905 1798 4979 δὴ
1830 4906 1926 4961 καὶ
1948 4905 1978 4960 ὁ

397 4996 725 5062 ’Λπόστολος
744 4998 983 5071 παρίστη
1008 4998 1183 5069 λέγων
1200 5016 1216 5031 ο
1248 4999 1311 5054 Ἠ
1327 4998 1396 5052 δέ
1425 4999 1549 5053 ἀνω
1584 4997 1977 5068 Ἰερουσαλὴμ

382 5087 676 5157 ἐλευθέρα
725 5089 897 5143 ἐστίν
915 5108 930 5121 ο
971 5092 1085 5155 καὶ,
1132 5090 1634 5160 Προσεληλύθατε
1675 5089 1829 5145 Σιὼν
1853 5091 1977 5159 ὄρει

384 5179 492 5237 καὶ
526 5181 697 5235 πόλει
734 5181 884 5236 Θεοῦ
929 5180 1147 5250 ζῶντος
1194 5180 1583 5251 Ἰερουσαλὴμ
1615 5181 1971 5250 ἐπουρανίῳ.

384 5271 483 5324 Διὸ
528 5271 667 5325 κατὰ
712 5272 803 5325 τὸν
853 5273 1084 5327 Ἀκύλαν
1131 5275 1343 5345 εἴρηται
1364 5313 1380 5337 ,
1426 5274 1535 5329 Kal
1583 5271 1979 5342 ᾠκοδόμησεν

385 5361 608 5431 ὁμοίως
631 5362 894 5431 ὑψηλοῖς
922 5365 1187 5434 ἀγίασμα
1218 5365 1406 5420 αὑτοῦ
1422 5381 1436 5395 ·
1460 5365 1602 5420 κατὰ
1627 5365 1684 5419 δὲ
1713 5364 1804 5418 τὸν
1830 5363 1977 5434 Σύμ-

389 5469 590 5524 μαχον,
617 5455 725 5507 Kal
751 5453 1136 5523 ᾠκοδόμησεν
1169 5457 1250 5522 ὠς
1278 5457 1352 5511 τὰ
1379 5457 1589 5526 ὑψηλὰ
1610 5456 1675 5511 τὸ
1709 5456 1974 5528 ἁγίασμα

385 5541 612 5595 αὐτοῦ·
645 5541 788 5595 κατὰ
809 5542 867 5595 δὲ
902 5544 1029 5608 τοὺς
1061 5545 1483 5618 Ἑϐδομήκοντα,
1519 5547 1615 5614 Ὠς
1640 5545 1971 5617 μονοκερώ-

387 5645 514 5683 των
530 5629 879 5702 ᾠκοδόμησε
904 5631 972 5686 τὸ
992 5633 1257 5703 ἀγίασμα
1282 5635 1470 5691 αὐτοῦ
1485 5653 1497 5665 ·
1527 5636 1789 5691 νοούντων
1814 5636 1974 5707 ἡμῶν

467 5781 515 5814 ⁵³
545 5782 664 5841 Gal.
693 5803 766 5851 Iv,
800 5784 894 5841 26.
966 5787 1013 5817 “
1046 5785 1181 5841 lleb.
1214 5803 1312 5850 xu,
1342 5787 1432 5845 22.

680 5883 949 5942 Ρηιιοι..
984 5882 1102 5944 Gn.
1140 5881 1375 5951 XXIII.

2080 4725 2343 4785 habuisse
2373 4736 2499 4777 cum
2524 4735 2590 4776 eo
2614 4717 2763 4790 quod
2796 4718 2852 4772 in
2885 4714 3120 4771 excelsis
3147 4721 3253 4776 est,
3302 4718 3357 4766 et
3382 4710 3452 4766 ad
3478 4712 3659 4766 excel-

2081 4832 2271 4873 sorum
2302 4814 2523 4869 modum
2552 4817 2933 4867 constructum
2956 4806 3152 4868 fuisse,
3188 4804 3257 4859 ad
3283 4804 3572 4875 imaginem
3604 4810 3662 4858 et

2080 4905 2496 4963 similitudinem
2552 4903 2896 4957 excelsorum
2952 4897 3295 4964 ctelestium;
3344 4910 3468 4966 quae
3528 4894 3657 4948 item

2077 4998 2374 5070 Apostolus
2406 4994 2705 5052 declaravit
2735 4993 2927 5048 dicens
2954 5009 2967 5045 :
2996 4989 3106 5043 Illa
3134 5004 3253 5044 vero
3291 5003 3410 5058 qua
3442 5002 3655 5042 sursum

2076 5098 2156 5145 est
2192 5087 2491 5143 Jerusalem
2544 5087 2710 5141 libera
2738 5093 2819 5139 est
2842 5082 2922 5150 υς
2948 5089 3024 5145 et,
3059 5080 3365 5135 decessisti:
3419 5077 3488 5132 ad
3526 5076 3658 5132 Sion

2076 5190 2307 5234 montem
2350 5188 2400 5233 et
2448 5178 2713 5232 ciuitatem
2754 5173 2855 5228 Dei
2888 5173 3131 5236 uiuentis,
3157 5169 3457 5224 Ierusalem
3502 5167 3658 5221 caele-

2076 5280 2210 5325 stem
2229 5269 2296 5324 “.
2329 5270 2510 5336 Quare
2538 5267 2840 5324 secundum
2870 5264 3124 5334 Aquilam
3153 5261 3377 5321 dicitur,
3419 5258 3490 5312 Et
3516 5257 3654 5312 tedi-

2080 5363 2259 5432 ﬁcauit
2293 5361 2465 5415 simile
2493 5358 2715 5414 excelsis
2743 5356 3102 5426 sanctiﬁcium
3127 5367 3313 5411 suum;
3350 5350 3653 5407 secundum

2081 5451 2469 5524 Symmachum
2494 5465 2646 5512 vero,
2682 5448 2752 5503 Et
2778 5447 3063 5516 aedificavit
3086 5454 3145 5499 ut
3165 5442 3376 5498 excelsa
3412 5440 3656 5508 sanctiﬁ-

2079 5546 2217 5600 cium
2240 5560 2428 5608 suum;
2453 5541 2755 5599 secundum
2788 5537 2929 5593 LXX
2959 5552 3088 5592 vero
3115 5536 3466 5603 lnterpretes,
3490 5529 3656 5585 Aldi-

2081 5637 2255 5707 ﬁcarit
2310 5636 2444 5690 sicut
2505 5632 2839 5688 unicornium
2888 5629 3242 5699 sancti/icium
3310 5640 3485 5679 suum.
3541 5620 3656 5678 Non

3319 5873 3399 5932 30
