4066 6386
391 315 505 376 939

1075 311 1348 370 EUSEBII
1385 311 1874 369 CAESARIENSIS
1907 311 2063 370 OPP.
2108 312 2288 371 PARS
2325 314 2416 371 III.
2446 346 2515 358 υ-
2544 316 2961 374 EXEGETICA.

3556 317 3663 375 950

396 457 569 518 porro
619 437 974 509 intelligimus
1031 436 1327 493 unicomes
1390 450 1513 493 esse
1564 451 1682 501 eos,
1745 451 1965 507 quorum

2085 440 2465 509 μονοκέρωτας
2486 434 2624 493 εἶναι
2652 438 2778 502 τοὺς
2808 439 2869 492 τὸ
2893 438 2952 492 ἓν
2983 437 3151 509 κέρας
3184 438 3660 508 ἐπιγραφομένους

398 548 570 590 unum
597 546 766 585 cornu
807 527 1144 598 descriptum
1177 528 1233 582 in
1260 527 1402 583 cmlo
1432 535 1540 592 est,
1568 542 1709 598 quos
1737 528 1976 598 Aposto—

397 626 484 681 lus
509 626 594 680 his
623 622 808 678 verbis
841 620 1159 675 declarabat
1187 638 1203 674 :
1241 618 1311 672 Et
1338 619 1407 673 ad
1435 619 1723 674 multorum
1750 619 1978 674 millium

396 718 702 789 angelorum
747 714 1126 779 celebritatem,
1170 722 1221 767 et
1261 710 1559 767 Ecclesium
1601 712 1980 783 primogenita-

393 829 537 879 rum,
578 812 668 883 qui
699 807 948 878 descripti
994 815 1117 861 sunt
1145 807 1202 860 in
1251 806 1396 861 caelis
1421 806 1489 861 “.
1524 804 1631 862 Sed
1672 806 1860 872 etiam,
1892 807 1981 861 in-

394 905 535 976 quit,
574 904 630 957 in
660 911 806 955 terra
842 898 1082 969 fundarit
1114 914 1231 952 eam
1254 898 1310 951 in
1347 898 1625 952 saeculum.
1663 896 1977 953 Secundum

395 993 786 1069 Symmachum
818 998 1022 1052 autem,
1055 990 1189 1044 sicut
1220 998 1438 1053 terram,
1468 1006 1627 1059 quam
1647 988 1887 1059 [undavit
1920 991 1977 1045 in

396 1088 672 1143 sa’culum.
708 1084 843 1139 Nam
875 1083 1241 1139 sanctiﬁcium
1276 1082 1411 1137 illud
1454 1082 1603 1153 quod
1630 1083 1687 1138 in
1727 1081 1977 1139 sensibili

392 1191 447 1237 et
481 1190 700 1237 terrena
729 1178 1039 1235 Jerusalem
1091 1184 1196 1240 est,
1239 1176 1319 1231 sic
1364 1175 1654 1232 aediﬁcavit
1696 1178 1755 1232 in
1804 1185 1973 1232 terra.

395 1272 552 1327 Sicut
578 1272 725 1327 enim
757 1279 901 1326 terra
957 1267 1138 1322 media
1170 1267 1314 1323 inter
1341 1282 1514 1338 aquas
1558 1268 1977 1338 comprehendi-

392 1375 484 1419 tur
518 1363 819 1437 secundum
865 1358 1231 1431 Scripturam,
1264 1360 1338 1414 ita
1368 1367 1423 1414 et
1449 1358 1751 1416 Jerusalem
1795 1359 1975 1416 media

392 1457 538 1511 inter
567 1454 903 1524 alienigenas
933 1458 1126 1523 gentes
1166 1448 1347 1520 posita
1385 1457 1525 1506 erat.
1556 1448 1738 1516 Quare
1763 1450 1971 1507 dictum

391 1556 477 1603 est
509 1548 564 1603 in
588 1545 891 1618 prophetiis
920 1565 933 1599 :
965 1543 1094 1598 Haec
1121 1551 1198 1598 est
1223 1540 1546 1609 Jerusalem,
1573 1544 1627 1599 in
1655 1543 1827 1598 medio
1849 1560 1974 1614 gen-

390 1643 523 1695 tium
548 1640 702 1709 posui
722 1638 876 1692 illam
896 1638 962 1692 ⁸⁸.
985 1636 1101 1693 Sub
1121 1637 1237 1692 haec
1254 1644 1436 1692 autem
1463 1635 1567 1692 ait:
1586 1666 1657 1676 —-—
1685 1634 1849 1691 Vens.
1881 1636 1968 1692 70.

386 1730 565 1803 Elegit
594 1730 763 1785 David
795 1746 1002 1785 servum
1023 1746 1204 1797 suum,
1234 1728 1303 1785 de
1330 1744 1443 1800 quo
1471 1728 1679 1785 dictum
1717 1735 1803 1784 est
1830 1747 1843 1783 :
1872 1727 1969 1782 In-

2079 532 2200 586 κατ’
2227 531 2457 603 οὐρανὸν
2475 571 2490 596 ,
2519 531 2615 595 οὓς
2642 531 2830 604 ἐδήλου
2868 532 3042 599 λέγων
3076 532 3107 584 ὁ
3145 530 3467 595 Ἀπόστολος
3485 547 3499 561 ’
3549 529 3661 589 Καὶ

2071 625 2362 697 μυριάσιν
2421 625 2692 697 ἀγγέλων
2742 626 3072 695 πανηγύρει
3094 663 3112 689 ,
3165 625 3266 679 καὶ
3334 624 3664 693 Ἐκκλησία

2077 720 2466 789 πρωτοτόκων
2501 717 3041 790 ἀπογεγραμμένων
3070 718 3141 772 ἐν
3165 716 3463 786 οὐρανοῖς.
3498 715 3661 772 Ἀλλὰ

2078 813 2172 867 καὶ
2190 812 2262 865 ἐν
2283 809 2359 880 τῇ
2397 809 2496 881 γῆ,
2546 810 2731 883 φησὶν,
2778 809 3178 879 ἐθεμελίωσεν
3202 808 3399 877 αὐτὴν
3432 810 3522 874 είς
3551 807 3662 862 τὸν

2075 896 2281 953 αἰῶνα.
2317 899 2475 952 Κατὰ
2511 897 2569 952 δὲ
2602 897 2695 951 τὸν
2741 897 3059 969 Σύμμαχον,
3107 898 3203 963 Ὠς
3244 897 3362 966 τὴν
3392 895 3530 969 γῆν,
3577 894 3661 966 ἣν

2076 991 2471 1061 ἐθεμελίωσεν
2494 992 2584 1057 είς
2618 990 2728 1046 τὸν
2752 991 2956 1046 αίῶνα.
2997 991 3073 1044 Τὸ
3098 992 3208 1063 γὰρ
3233 992 3485 1062 ἁγίασμα
3511 992 3572 1044 τὸ
3596 992 3658 1046 ἐν

2074 1087 2141 1156 τῇ
2180 1085 2413 1156 αἱσθητῇ
2457 1085 2553 1138 καὶ
2591 1085 2820 1156 ὲπιγείῳ
2867 1085 3224 1158 Ἰερουσαλὴμ
3259 1085 3432 1150 οὓτως
3455 1084 3656 1155 ᾠκοδό-

2080 1193 2251 1251 μησεν
2298 1178 2379 1241 ei;
2405 1175 2504 1249 τὴν
2539 1176 2665 1247 γῆν.
2697 1177 2909 1249 ’Ὠσπερ
2935 1178 3046 1249 γὰρ
3089 1179 3123 1248 ἡ
3147 1178 3223 1248 γῆ
3259 1178 3400 1249 μέση
3426 1177 3657 1249 ἀπείλη-

2077 1288 2209 1325 πται
2238 1269 2447 1325 ὑδάτων
2473 1270 2614 1324 κατὰ
2643 1270 2744 1341 τὴν
2775 1271 3030 1343 Γραφήν’
3065 1270 3209 1325 οὕτω
3251 1270 3348 1323 καὶ
3391 1272 3425 1342 ἡ
3460 1271 3657 1343 Ἰερου-

2076 1361 2261 1435 σαλὴμ
2296 1362 2436 1435 μέση
2463 1362 2574 1417 τῶν
2605 1362 2920 1433 ἀλλοφύλων
2952 1361 3123 1418 ἐθνῶν
3155 1364 3519 1435 συνειστήκει,
3562 1364 3656 1418 Διὸ

2073 1453 2322 1508 λέλεκται
2357 1455 2415 1509 ὲν
2447 1454 2838 1527 προφητείαις·
2872 1455 3035 1523 Αὕτη
3063 1456 3102 1522 ἠ
3136 1455 3553 1524 Ἰερουσαλὴμ,
3584 1456 3658 1509 ἐν

2067 1548 2237 1619 μέσῳ
2268 1546 2388 1601 τῶν
2414 1547 2607 1602 ἐθνῶν
2639 1550 2875 1603 τέθεικα
2902 1548 3117 1615 αὑτήν.
3144 1546 3257 1603 Εἶτ’
3281 1549 3377 1602 ἐπὶ
3406 1548 3616 1612 τούτοις
3636 1565 3650 1577 ο

2084 1641 2452 1707 Ἐξελέξατο,
2484 1641 2640 1714 φησὶ,
2670 1640 2853 1695 Δαυῒδ
2878 1640 2987 1695 τὸν
3021 1639 3249 1695 δοῦλον
3268 1640 3458 1696 αὑτοῦ
3476 1681 3492 1705 ,
3521 1642 3653 1711 περὶ

2070 1729 2132 1790 οὗ
2168 1734 2386 1807 εἴρηται
2405 1751 2419 1765 ·
2463 1729 2662 1803 Εὗρον
2690 1732 2875 1789 Δαυτδ
2898 1732 3006 1787 τὸν
3031 1732 3259 1787 δοῦλόν
3291 1750 3432 1802 μου,
3460 1732 3655 1801 ἄνδρα

388 1829 501 1883 ueni
563 1828 735 1883 David
791 1844 1000 1882 servum
1054 1843 1259 1893 meum,
1308 1827 1479 1881 uirum
1536 1827 1824 1881 secundum
1876 1841 1965 1880 cor

2070 1826 2222 1883 κατὰ
2266 1825 2383 1895 τὴν
2421 1825 2673 1893 καρδίαν
2709 1843 2829 1894 μου
2852 1839 2865 1852 ·
2915 1823 2978 1878 δν
3015 1823 3331 1890 ἐξελέξατο,
3368 1824 3467 1895 οὐχ
3506 1825 3649 1880 ὥστε

386 1935 592 1982 meum;
613 1934 773 1989 quem
799 1918 987 1989 elegit,
1015 1932 1125 1972 non
1151 1925 1365 1973 tantum
1396 1925 1456 1971 ut
1482 1916 1699 1988 primus
1721 1932 1789 1971 ex
1819 1917 1967 1972 tribu
2000 1909 2008 1917 ’

384 2009 525 2067 Juda
556 2019 848 2082 regnaret,
900 2010 998 2066 sed
1040 2011 1115 2064 ita
1145 2016 1205 2064 ut
1249 2008 1450 2079 dignus
1495 2006 1856 2079 judicaretur,
1899 2024 1968 2063 ex

385 2102 553 2171 cujus
589 2101 799 2158 semine
839 2101 1095 2156 Christus
1125 2100 1221 2155 Dei
1271 2099 1535 2171 prodiret.
1568 2098 1743 2171 Elegit
1785 2107 1967 2155 autem

384 2211 508 2250 cum
538 2194 789 2265 pluribus
816 2194 995 2264 ipsum
1028 2192 1295 2248 fratribus
1320 2194 1438 2249 suis
1463 2200 1826 2263 anteponens.
1861 2192 1967 2247 Ac-

382 2286 640 2356 cepitque
670 2301 794 2341 eum
825 2302 892 2341 ex
934 2286 1191 2357 gregibus
1225 2286 1420 2352 ovium,
1462 2295 1513 2339 et
1552 2284 1616 2339 de
1643 2294 1760 2354 post
1792 2284 1967 2354 fetan-

383 2387 481 2433 tes.
514 2378 649 2433 Nam
683 2379 777 2449 qui
810 2378 1043 2434 suscitat
1085 2379 1153 2434 de
1187 2388 1333 2434 terra
1372 2379 1615 2450 inopem,
1650 2388 1704 2435 et
1728 2380 1795 2435 de
1824 2386 1967 2435 ster-

384 2485 514 2525 core
549 2471 710 2541 erigit
748 2484 1065 2541 pauperem,
1115 2468 1376 2524 Davidem
1422 2470 1683 2524 humilem
1715 2477 1771 2525 et
1814 2469 1966 2539 abje-

384 2569 559 2628 ctum,
591 2563 666 2615 ita
706 2567 765 2614 ut
792 2574 893 2616 nec
930 2574 1057 2614 cum
1093 2559 1357 2615 fratribus
1389 2560 1506 2615 suis
1543 2575 1966 2616 connumerare—

385 2664 504 2721 tur,
553 2670 734 2725 neque
772 2668 872 2723 pro
907 2653 1028 2708 viro
1084 2653 1401 2717 haberetur,
1458 2653 1657 2725 elegit,
1700 2654 1853 2723 prius
1905 2653 1962 2707 in

382 2747 647 2818 pastorali
684 2747 1018 2811 institutum,
1056 2754 1113 2802 et
1139 2762 1205 2801 ex
1234 2760 1368 2800 cura
1389 2745 1626 2801 fetarum
1655 2762 1819 2818 quam
1841 2762 1965 2817 ges-

382 2849 553 2906 serat,
588 2841 843 2895 edoctum
882 2855 1049 2911 quam
1092 2849 1355 2895 accurata
1404 2840 1720 2897 sollicitudo
1746 2840 1961 2908 egenti-

380 2933 484 2988 bus
515 2932 825 2987 adhibenda
856 2938 1026 2988 esset.
1060 2929 1193 2987 Inde
1234 2940 1554 3002 susceptum
1587 2933 1741 2987 illum
1775 2947 1842 2986 ex
1886 2931 1964 2985 ir-

379 3025 790 3081 rationabilium
832 3023 1018 3079 ovium
1041 3023 1309 3093 pastorali
1344 3038 1499 3088 cura,
1532 3023 1790 3092 produxit
1815 3022 1961 3079 Deus

2068 1918 2284 1991 πρῶτον
2309 1919 2375 1972 ὲκ
2408 1917 2582 1988 φυλῆς
2617 1916 2789 1971 Ἰούδα
2821 1914 3139 1987 βασιλεῦσαι
3173 1916 3353 1987 μόνον,
3382 1915 3521 1970 ἀλλὰ
3554 1916 3651 1971 καὶ

2067 2012 2208 2067 ὥστε
2250 2012 2401 2079 ἀξιον
2441 2010 2696 2084 κριθῆναι
2740 2009 2836 2065 τοῦ
2894 2009 3179 2082 προελθεῖν
3218 2011 3283 2064 ὲκ
3335 2009 3650 2082 σπέρματος

2066 2103 2235 2161 αὐτοῦ
2264 2103 2357 2158 τὸν
2378 2102 2614 2175 Χριστὸν
2636 2099 2733 2155 τοῦ
2754 2098 2911 2155 Θεοῦ.
2944 2097 3255 2166 Ἐξελέξατο
3277 2098 3335 2153 δὲ
3359 2099 3522 2152 αὐτὸν
3541 2097 3652 2154 τῶν

2066 2197 2314 2269 ἀδελφῶν
2371 2196 2634 2251 πλειόνων
2661 2184 2857 2249 ’ὄντων
2912 2193 3233 2266 προκρίνας.
3292 2193 3546 2247 Ἀνέλαῦέ
3589 2209 3649 2247 τε

2065 2293 2229 2347 αὑτὸν
2257 2293 2323 2346 ὲκ
2358 2290 2468 2346 τῶν
2497 2290 2763 2363 ποιμνίων
2793 2285 2913 2344 τῶν
2935 2288 3265 2357 προϐάτων,
3299 2288 3401 2342 καὶ
3445 2288 3649 2353 ἐξόπι-

2065 2388 2215 2438 σθεν
2244 2381 2362 2437 τῶν
2399 2383 2839 2454 λοχευομένων.
2889 2383 2949 2436 '0
2982 2380 3092 2450 γὰρ
3138 2381 3371 2453 ἐγείρων
3405 2381 3514 2436 ἀπὸ
3544 2382 3649 2452 γῆς

2065 2476 2282 2548 πτωχὸν
2330 2478 2424 2531 καὶ
2455 2476 2565 2531 ἀπὸ
2613 2476 2847 2548 κοπρίας
2871 2473 3105 2529 ἀνιστῶν
3151 2474 3379 2545 πένητα,
3421 2475 3516 2528 καὶ
3555 2475 3648 2528 τὸν

2063 2567 2225 2621 Δαυῒδ
2271 2567 2526 2621 ταπεινὸν
2586 2565 2715 2621 ὄντα
2765 2566 2862 2620 καὶ
2894 2564 3308 2637 ἀπερριμμένον
3330 2606 3346 2629 ,
3394 2565 3471 2629 ὡς
3509 2566 3646 2637 μηδὲ

2064 2657 2629 2730 συγκαταριθμεῖσθαι
2677 2660 2790 2723 τοῖς
2835 2656 3000 2712 αὐτοῦ
3048 2656 3326 2727 ἀδελφοῖς,
3376 2656 3512 2729 μηδὲ
3567 2659 3649 2722 είς

2062 2750 2232 2824 ἄνδρα
2257 2750 2587 2820 λογίζεσθαι,
2623 2749 2904 2818 ἐξελέξατο
2934 2748 3561 2822 προπαιδαγωγούμενον
3588 2751 3649 2804 ὲν

2062 2846 2129 2915 τῇ
2168 2845 2530 2914 ποιμαντικῇ,
2564 2842 2660 2896 καὶ
2690 2842 2778 2896 διὰ
2804 2843 2903 2913 τῆς
2936 2843 3044 2897 τῶν
3083 2842 3453 2912 λοχευομένων
3480 2842 3649 2914 θρεμ-

2065 2935 2250 3006 μάτων
2283 2932 2539 3002 προνοίας
2576 2932 2639 2986 τὸ
2674 2932 2935 3002 ἐπιμελὲς
2966 2932 3074 2985 τῶν
3106 2931 3377 3001 δεομένων
3416 2931 3650 3003 κηδεμο-

2061 3027 2181 3093 νίας
2202 3024 2671 3096 ὲκδιδασκόμενον.
2709 3024 2903 3079 Ἔνθεν
2935 3025 3097 3080 αὐτὸν
3133 3023 3421 3079 ἀναλαϐὼν
3444 3027 3510 3079 ὲκ
3546 3025 3647 3095 τῆς

377 3125 433 3173 et
480 3116 766 3172 constituit
809 3122 872 3170 ut
898 3114 1090 3187 (Vens.
1117 3115 1206 3184 7i)
1258 3124 1494 3184 pasceret
1534 3115 1704 3169 Iacob
1754 3131 1960 3170 servum

2066 3118 2172 3172 τῶν
2215 3117 2424 3188 ἀλόγων
2471 3117 2760 3191 προϐάτων
2808 3118 3205 3189 ποιμαντικῆς,
3264 3119 3576 3188 προήγαγεν
3615 3119 3648 3171 ὁ

377 3225 559 3271 suum,
580 3217 630 3263 et
666 3205 841 3262 Israel
871 3206 1230 3261 Itwreditalem
1247 3223 1422 3261 suam.
1459 3205 1527 3261 Ut
1563 3208 1708 3262 enim
1745 3207 1961 3277 experi-

377 3306 625 3357 mentum
681 3300 767 3355 sui
814 3297 1041 3353 dederat
1092 3298 1147 3352 in
1188 3299 1450 3369 pastorali
1497 3299 1960 3353 irrationabilium

377 3394 564 3449 ovium
594 3407 750 3457 cura,
784 3392 1185 3449 rationabiliori
1219 3392 1347 3448 ovili
1387 3389 1677 3461 praefectus
1702 3398 1805 3446 est.
1837 3389 1958 3456 Quo

376 3492 538 3556 pacto
572 3494 753 3541 autem
790 3501 990 3558 pecora
1028 3491 1280 3557 pasceret
1311 3482 1610 3539 declaravit
1638 3483 1756 3553 ipse
1808 3480 1959 3536 Sauli

375 3580 601 3636 dicens:
628 3579 825 3634 Pastor
850 3578 1037 3650 agebat
1067 3594 1246 3632 seruus
1270 3587 1392 3632 tuus
1416 3576 1559 3647 patri
1584 3592 1681 3630 suo
1702 3575 1760 3629 in
1797 3573 1957 3629 ovili:

374 3682 427 3727 et
460 3670 673 3741 quando
701 3671 937 3726 ueniebat
974 3670 1052 3726 leo
1082 3679 1175 3723 aut
1206 3687 1385 3736 ursus,
1413 3680 1462 3724 et
1493 3668 1785 3738 arripiebat
1814 3684 1959 3722 ovem

374 3778 441 3818 ea:
463 3779 637 3834 grege,
663 3773 783 3833 post
810 3762 966 3816 illum
991 3761 1227 3827 adibant,
1256 3770 1307 3816 et
1335 3762 1575 3830 percussi
1603 3760 1756 3815 illum
1787 3769 1837 3814 et
1864 3774 1959 3815 ea:-

376 3856 522 3910 traxi
561 3870 627 3909 ea:
655 3871 745 3910 ore
781 3854 919 3925 ejus.
965 3852 1032 3908 Et
1062 3855 1351 3908 insurrexil
1388 3855 1447 3908 in
1490 3870 1592 3918 me,
1625 3862 1675 3908 et
1716 3868 1957 3923 compre-

375 3948 534 4004 Itendi
558 3949 736 4019 fauces
780 3948 917 4020 ejus,
948 3955 998 4002 et
1029 3949 1269 4018 percussi
1298 3946 1568 4019 occidique
1596 3947 1776 4003 illum.
1814 3945 1957 4003 Leo-

375 4058 493 4096 nem
528 4052 580 4097 et
620 4059 807 4098 ursum
847 4043 1109 4112 percussit
1141 4059 1319 4098 servus
1356 4051 1498 4096 tuus.
1530 4040 1601 4095 Et
1628 4042 1729 4096 erit
1768 4041 1958 4097 alieni-

372 4152 505 4206 gena
519 4144 567 4190 et
598 4135 998 4190 incircumcisus
1026 4144 1085 4188 ut
1106 4151 1243 4189 unus
1263 4149 1329 4189 ea:
1348 4133 1479 4196 illis,
1501 4134 1592 4204 qui
1620 4133 1957 4202 exprobravit

373 4229 508 4282 aciei
531 4227 627 4282 Dei
655 4228 891 4285 viventis.
927 4226 995 4280 Et
1021 4228 1099 4280 ait
1125 4226 1330 4281 David:
1353 4224 1616 4281 Dominus
1643 4226 1735 4297 qui
1762 4225 1957 4296 eripuit

373 4336 454 4373 me
476 4319 542 4373 de
570 4335 732 4373 manu
755 4319 921 4374 leonis
948 4327 1001 4374 et
1026 4318 1092 4374 de
1116 4335 1280 4374 manu
1300 4319 1438 4385 ursi,
1461 4318 1551 4373 ille
1577 4334 1657 4372 me
1683 4318 1867 4387 eripiet
1891 4316 1956 4372 de

371 4427 535 4465 manu
592 4411 901 4481 alienigena:
948 4409 1309 4467 incircumcisi
1355 4410 1512 4464 istius
1533 4410 1601 4465 ⁸⁷.
1662 4407 1759 4464 His
1808 4409 1953 4463 enim

2068 3208 2202 3273 Θεὸς
2232 3211 2327 3264 καὶ
2359 3209 2659 3280 κατέστησε
2699 3210 3035 3279 ποιμαίνειν
3072 3206 3276 3264 Ἰακὼϐ
3292 3208 3400 3262 τὸν
3421 3207 3648 3262 δοῦλον

2065 3301 2254 3356 αὐτοῦ
2293 3301 2392 3356 καὶ
2425 3301 2664 3370 Ἰσραὴλ
2705 3300 2820 3370 τὴν
2859 3299 3267 3370 κληρονομίαν
3305 3300 3512 3355 αὑτοῦ.
3556 3298 3657 3364 Ὧς,

2066 3395 2176 3469 γὰρ
2203 3395 2432 3467 δοκιμὴν
2465 3393 2735 3448 δεδωκότα
2759 3393 2818 3446 ὲν
2847 3395 2914 3464 τῇ
2937 3392 3046 3445 τῶν
3079 3393 3288 3462 ἀλόγων
3311 3390 3642 3463 θρεμμάτων

2066 3489 2421 3559 ποιμαντικῇ,
2459 3486 2554 3540 ἐπὶ
2580 3485 2680 3557 τὴν
2719 3484 3087 3555 λογικωτέραν
3115 3484 3344 3557 καθίστη
3380 3483 3635 3554 ποίμνην.

2068 3580 2257 3644 Ὅπως
2303 3579 2347 3633 δ’
2386 3578 2672 3649 ὲποίμαινε
2718 3575 2789 3630 τὰ
2835 3574 3129 3648 θρέμματα
3184 3576 3422 3647 παρίστη
3464 3573 3637 3644 λέγων

2066 3669 2227 3734 αὐτὸς
2249 3669 2383 3740 πρὸς
2404 3668 2494 3722 τὸν
2521 3666 2695 3723 Σαούλ
2718 3685 2733 3698 ο
2759 3667 3098 3738 Ποιμαίνων
3115 3663 3197 3739 ἦν
3223 3670 3257 3721 ό
3278 3665 3500 3732 δοῦλός
3525 3680 3641 3720 σου

2064 3761 2147 3829 τῷ
2177 3761 2354 3830 πατρὶ
2382 3758 2568 3817 αὐτοῦ
2593 3760 2665 3814 ἐν
2696 3758 2777 3826 τῷ
2807 3759 3062 3829 ποιμνίῳ
3081 3774 3094 3787 ·
3128 3757 3225 3813 καί
3259 3757 3407 3813 ὅταν
3425 3757 3645 3828 ἦρχετο

2065 3857 2100 3908 ὀ
2122 3852 2279 3909 λέων
2298 3854 2337 3924 ἢ
2367 3848 2777 3923 ἅρκος(1),,καὶ
2800 3847 3097 3919 ἐλάμϐανε
3119 3848 3418 3916 πρόϐατον
3440 3848 3509 3901 ἐκ
3531 3845 3645 3916 τῆς

2063 3945 2309 4017 ἀγέλης,
2338 3944 2434 3999 καὶ
2460 3942 2905 4013 ἐξεπορευόμην
2924 3942 3116 3995 ὀπίσω
3134 3939 3345 4007 αὑτοῦ,
3372 3939 3470 3993 καὶ
3496 3939 3615 3993 ἐπά

2062 4036 2216 4102 ταξα
2232 4035 2440 4100 αὐτὸν,
2456 4035 2554 4090 καὶ
2575 4035 2893 4100 ἐξέσπασα
2910 4033 2979 4087 ἐκ
3001 4031 3106 4086 τοῦ
3121 4032 3418 4101 στόματος
3432 4029 3641 4085 αὐτοῦ.

2062 4130 2175 4186 Kal
2202 4129 2568 4184 ἐπανίστατο
2597 4127 2690 4181 ἐπ’
2728 4125 2855 4197 ἐμὲ,
2881 4125 2980 4181 καί
3030 4125 3337 4194 ἐκράτησα
3380 4123 3488 4178 τοῦ
3529 4121 3645 4192 φά-

2054 4239 2282 4293 ρυγνγος
2304 4220 2513 4286 αὐτοῦ,
2531 4220 2630 4273 καὶ
2651 4217 2920 4283 ἐπάταξα
2942 4216 3036 4271 καὶ
3065 4213 3415 4269 ὲθανάτωσα
3433 4213 3643 4275 αὐτὸν,

2063 4312 2295 4369 καὶτὸν
2321 4312 2541 4367 λέοντα
2572 4309 2672 4364 καὶ
2709 4308 2826 4377 τὴν
2863 4307 3049 4377 ἄρκον
3073 4305 3331 4360 ἔτυπτεν
3356 4306 3389 4359 ὁ
3422 4301 3647 4369 δοῦλός

2062 4419 2200 4459 σου.
2226 4401 2338 4457 Kal
2368 4402 2539 4456 ἐσται
2562 4401 2596 4453 ὁ
2615 4397 2965 4466 ἀλλόφυλος
2987 4397 3020 4448 ό
3035 4392 3431 4461 ἀπερίτμητος
3454 4389 3534 4454 ὡς
3555 4383 3646 4453 εἷς

370 4517 500 4559 eum
530 4500 654 4557 ﬁdei
691 4510 745 4556 et
778 4499 1003 4572 pietatis
1044 4513 1160 4554 suae
1211 4498 1651 4569 experimentum
1687 4496 1953 4563 dedisset,

2066 4496 2307 4561 τούτων,
2346 4494 2415 4560 ὃς
2435 4492 2710 4548 ὠνείδισε
2735 4486 3060 4558 παρατάξει
3091 4483 3239 4540 Θεοῦ
3275 4483 3510 4549 ζῶντος.
3532 4480 3645 4572 καὶ

370 4609 590 4651 necnon
631 4592 990 4664 providentia:
1026 4605 1191 4662 quam
1224 4590 1293 4648 de
1336 4591 1630 4660 pecoribus
1665 4587 1769 4643 sibi
1805 4602 1957 4642 com-

373 4686 559 4741 missis
586 4686 828 4757 gerebat,
862 4683 1006 4741 Deus
1039 4684 1204 4754 elegit
1231 4698 1356 4739 eum
1387 4692 1442 4737 et
1484 4681 1553 4736 ad
1583 4679 1870 4752 imperium
1897 4678 1955 4734 in

372 4777 786 4833 rationabiliora
818 4791 1018 4848 pecora
1049 4775 1319 4847 provexit.
1353 4775 1450 4830 llle
1485 4787 1616 4829 vero
1655 4758 1956 4829 sibi'coml

372 4870 573 4926 missos
599 4870 834 4941 populos
871 4886 981 4925 non
1013 4868 1332 4934 crudeliter,
1380 4882 1488 4922 non
1517 4865 1674 4928 dure,
1716 4879 1826 4920 non
1861 4879 1957 4920 su—

374 4962 580 5033 perbe,
649 4960 747 5016 sed
803 4960 861 5016 in
929 4961 1247 5019 innocentia
1311 4959 1498 5014 cordis
1555 4958 1643 5014 sui
1699 4957 1959 5027 pascebat

374 5054 567 5126 (Vsus.
600 5053 720 5123 7'2);
765 5055 904 5119 sive,
930 5055 1236 5113 secundum
1282 5050 1547 5122 Aquilam
1583 5057 1658 5106 .et
1704 5047 1956 5121 Symma-

373 5147 559 5211 chum,
595 5147 882 5201 secundum
914 5145 1309 5215 simplicitatem
1340 5143 1518 5207 cordis
1553 5143 1660 5198 sui.
1694 5140 1763 5194 Et
1796 5142 1847 5193 in
1873 5140 1957 5193 in-

255 5292 258 5296 .
373 5242 666 5297 tellectibus
694 5258 950 5296 manuum
988 5257 1217 5297 suarum
1253 5239 1469 5295 deduxit
1496 5256 1606 5295 eos.
1642 5236 1957 5293 Secundum

372 5333 625 5403 Aquilam
667 5349 820 5399 vero,
857 5333 925 5387 Et
966 5334 1022 5387 in
1067 5332 1350 5402 prudentia
1388 5331 1689 5402 palmarum
1732 5344 1955 5384 suarum

370 5420 588 5476 deduxit
620 5439 744 5488 eos;
774 5423 1078 5478 secundum
1104 5420 1518 5494 Symmachum,
1553 5422 1621 5475 Et
1663 5418 1952 5477 secundum

370 5515 657 5581 puritatem
705 5531 963 5569 manuum
1007 5531 1230 5570 suarum
1259 5513 1479 5570 deduxit
1524 5531 1633 5569 eos.
1684 5511 1952 5567 Pascebat

372 5604 557 5673 itaque
602 5605 769 5659 David
806 5607 1108 5660 humanum
1159 5606 1598 5675 rationabileque
1637 5605 1817 5670 ovile;
1853 5602 1950 5658 sed

444 5699 488 5730 ⁸³
518 5698 654 5751 lleb.
690 5714 790 5761 xu,
818 5697 906 5751 2‘2.
950 5700 995 5731 “
1021 5697 1218 5757 Ezech.
1254 5716 1307 5766 v,
1340 5698 1393 5754 5.
1474 5699 1517 5731 ⁴⁷
1550 5699 1568 5752 l
1600 5695 1734 5768 Reg.
1776 5711 1912 5762 xvu,
1944 5694 2033 5749 54.

450 5796 525 5865 (ι)
568 5795 820 5865 Ἄρκτος.

2062 4586 2191 4643 εἷπε
2217 4585 2400 4641 Δαυΐδ
2416 4602 2431 4616 ·
2459 4585 2695 4652 Κύριος,
2725 4580 2795 4648 ὃς
2820 4578 3095 4645 ἐξείλατό
3115 4593 3197 4648 με,
3219 4577 3288 4630 ἐκ
3314 4572 3512 4645 χειρὸς
3536 4570 3645 4626 τοῦ

2060 4678 2310 4744 λέοντος
2336 4676 2438 4731 καὶ
2459 4676 2530 4731 ἐκ
2551 4672 2751 4746 χειρὸς
2780 4670 2891 4741 τῆς
2913 4670 3125 4740 ἄρκου,
3148 4664 3327 4734 οὗτος
3349 4663 3648 4731 ἐξελεῖταί

2055 4784 2135 4838 με
2165 4767 2235 4821 ἐκ
2283 4764 2482 4837 χειρός
2525 4764 2633 4819 τοῦ
2680 4762 3039 4831 ἀλλοφύλου
3085 4757 3194 4813 τοῦ
3239 4754 3646 4827 ἀπεριτμήτου

2061 4859 2299 4913 τούτου.
2330 4856 2430 4911 Διὰ
2458 4855 2568 4929 γὰρ
2604 4853 2809 4908 τούτων
2839 4853 3068 4923 δοκιμὴν
3104 4849 3375 4905 δεδωκότα
3408 4847 3647 4908 πίστεως

2063 4951 2159 5006 καὶ
2180 4948 2481 5013 εὐσεϐείας,
2510 4949 2611 5019 τῆς
2631 4964 2693 5001 τε
2720 4946 2830 4999 τῶν
2857 4945 2948 4997 ὑπ’
2974 4943 3136 4996 αὑτὸν
3163 4940 3496 5013 θρεμμάτων
3521 4936 3648 4991 ἀλό-

2062 5061 2176 5117 γων
2204 5043 2482 5115 προνοίας,
2504 5040 2787 5109 ἐξελέξατο
2809 5037 2944 5101 Θεὸς
2966 5037 3060 5091 καὶ
3086 5036 3401 5108 προήγαγεν
3426 5030 3521 5084 ἐπὶ
3542 5029 3669 5105 τὴν

2061 5139 2170 5193 τῶν
2200 5135 2575 5207 λογικωτέρων
2607 5131 2942 5206 θρεμμάτων
2986 5130 3182 5201 ἀρχὴν.
3225 5128 3282 5180 '0
3326 5126 3414 5190 δὲ,
3449 5123 3647 5178 ὑποδε-

2065 5231 2295 5303 ξάμενος
2313 5229 2440 5292 τοὺς
2469 5225 2874 5298 παραδοθέντας
2907 5220 3080 5292 αὐτῷ,
3101 5222 3203 5275 οὐκ
3236 5215 3484 5289 ἀπηνῶς,
3519 5213 3646 5268 οὐδὲ

2064 5323 2335 5399 σκληρῶς,
2358 5322 2480 5377 οὑδὲ
2508 5319 2896 5392 ὑπερηφάνως,
2923 5315 3037 5369 ἀλλ’
3064 5316 3121 5368 ὲν
3141 5312 3348 5383 ἀκακία
3373 5311 3474 5380 τῆς
3508 5323 3646 5399 παρέ

2060 5419 2180 5482 δίας
2194 5398 2366 5473 αὑτοῦ
2387 5414 2706 5486 ἐποίμαινεν
2727 5408 2943 5473 αὐτούς·
2962 5408 2997 5480 ἢ
3014 5407 3156 5462 κατὰ
3178 5407 3269 5460 τὸν
3285 5403 3517 5458 Ἀκύλαν
3548 5398 3645 5454 καὶ

2059 5511 2377 5583 Σύμμαχον,
2392 5505 2674 5575 κατὰτὴν
2694 5504 3005 5571 ἁπλότητα
3026 5499 3137 5570 τῆς
3158 5496 3408 5569 καρδίας
3426 5489 3639 5583 αὐτοῦ.

2061 5582 2169 5658 Kal
2200 5603 2268 5656 ἐν
2295 5599 2422 5667 ταῖς
2458 5597 2754 5656 συνέσεσι
2785 5593 2904 5650 τῶν
2936 5592 3153 5665 χειρῶν
3186 5587 3374 5645 αὐτοῦ
3406 5582 3643 5656 ὡδήγησ-
