4066 6376
452 352 551 409 9-H

1582 340 2087 400 COMMENTARIA
2128 340 2193 395 IN
2234 336 2576 394 PSALMOS.

3596 342 3703 397 942

448 478 564 519 σεν
586 462 826 527 αὐτούς.
858 460 1016 514 Κατὰ
1043 460 1098 513 δὲ
1126 460 1215 512 τὸν
1252 459 1506 522 Ἀκύλαν,
1550 459 1657 512 Καὶ
1693 458 1763 511 ἐν
1803 455 2023 525 φρονή-

2132 469 2242 508 non
2276 454 2331 507 in
2377 451 2646 521 sapientia
2674 451 2938 517 humana,
2980 469 3090 507 non
3131 454 3417 525 prudentia
3446 458 3665 528 propria
3687 500 3704 522 ,

447 567 589 607 σεσι
622 550 860 619 ταρσῶν
900 550 1087 604 αὐτοῦ
1125 548 1556 620 καθωδήγιησεν
1598 550 1841 615 αὐτούς.
1870 548 2027 601 Κατὰ

448 645 505 698 δὲ
528 644 619 698 τὸν
655 643 970 714 Σύμμαχον,
994 643 1102 696 Καὶ
1131 642 1284 695 κατὰ
1328 642 1445 709 τὴν
1473 642 1870 709 καθαριότητα
1909 639 2030 693 τῶν

450 736 662 808 χειρῶν
686 736 872 790 αὑτοῦ
897 734 1218 804 ὡδήγησεν
1237 734 1476 799 αὐτούς.
1508 732 1824 803 Ἐποίμαινε
1850 730 2029 785 τοίνυν

452 830 482 881 ὁ
507 827 666 881 Δαυτδ
696 828 797 898 τὴν
831 825 1178 897 ἀνθρωπίνην
1224 826 1317 879 καὶ
1353 825 1577 896 λογικὴν
1611 824 1879 896 ποίμνην’
1912 822 2029 877 ἀλλ’

448 922 548 974 οὑκ
578 922 636 973 ἐν
670 919 835 991 σοφίᾳ.
872 918 1211 992 ἀνθρωπίνῃ,
1239 917 1360 971 οὐδὲ
1384 918 1442 970 ὲν
1464 919 1531 987 τῇ
1566 914 1760 970 ἑαυτοῦ
1796 913 2031 976 συνέσει,

448 1011 561 1065 ἀλλ’
586 1013 644 1064 ἑν
669 1009 872 1082 ἀκακία
902 1011 995 1064 κα)⁸
1025 1009 1311 1080 ἁπλότητι,
1349 1009 1447 1080 τὴν
1481 1008 1662 1061 πᾶσαν
1702 1005 2025 1078 ἐγχειρίζων

445 1101 524 1173 τῷ
551 1101 671 1173 Θεῷ
705 1101 981 1173 φροντίδα.
1030 1102 1143 1172 Τήν
1171 1117 1236 1170 γε
1272 1099 1379 1172 μὴν
1430 1097 1624 1153 ἑαυτοῦ
1674 1097 1889 1152 σύνεσιν
1936 1095 2025 1150 διὰ

446 1194 556 1246 τῶν
592 1192 794 1264 χειρῶν
820 1192 1188 1257 ἐπεδείκνυτο,
1220 1191 1468 1246 τουτέστι
1508 1189 1595 1244 διὰ
1629 1188 1740 1245 τῶν
1773 1188 2027 1263 πράξεων

446 1285 542 1339 καὶ
561 1284 650 1338 διὰ
673 1284 767 1338 τοῦ
794 1284 933 1354 βίου,
957 1284 1051 1337 καὶ
1074 1283 1175 1354 τῆς
1200 1282 1393 1353 λοιπῆς
1415 1280 1710 1345 πολιτείας.
1729 1281 1840 1334 Καὶ
1865 1281 2026 1352 μέχρι

445 1373 636 1427 τούτου
680 1374 893 1426 ἵσταται
940 1374 1008 1427 τά
1046 1374 1146 1444 τῆς
1176 1371 1457 1444 παρούσης
1497 1370 1826 1435 ὑποθέσεως,
1859 1387 2027 1441 κατη-

447 1467 638 1536 γορίαν
661 1467 986 1539 περιέχοντα
1003 1466 1103 1536 τῆς
1122 1464 1216 1519 τοῦ
1254 1464 1521 1519 Ἰουδαίων
1544 1462 1675 1519 λαοῦ
1700 1461 2020 1535 μοχθηρίας,

443 1558 790 1612 διδασκαλίαν
816 1577 877 1612 τε
906 1558 1006 1630 τῆς
1036 1559 1132 1613 τοῦ
1157 1558 1293 1612 Θεοῦ
1322 1557 1701 1630 μακροθυμίας
1726 1557 1815 1611 διὰ
1840 1556 1940 1620 τὰς
1963 1556 2021 1608 ἐν

2134 543 2230 599 Sed
2265 545 2321 598 in
2357 541 2669 596 innocentia
2704 549 2760 595 et
2787 542 3156 611 simplicitate,
3193 552 3362 599 totam
3387 562 3573 600 curam
3594 545 3716 601 Deo

2134 633 2508 697 committens,
2548 647 2704 687 suam
2727 647 2858 687 vero
2886 633 3300 705 intelligentiam
3331 638 3618 702 manibus,
3652 639 3707 694 id

2134 734 2220 782 est
2258 725 2539 796 operibus.
2567 726 2692 780 vitae
2732 740 2931 795 genere
2955 733 3010 781 et
3036 727 3247 797 reliquo
3285 728 3536 784 instituto
3559 745 3709 785 com-

2132 818 2494 873 nionstrahat.
2528 816 2597 870 Et
2627 817 2734 871 huc
2763 816 2966 873 desinit
3008 833 3248 889 praesens
3301 823 3705 890 argumentum,

2134 909 2503 980 improbitatis
2546 908 2761 964 Judaici
2808 910 2994 980 populi
3036 912 3443 967 accusationem
3481 913 3710 969 divinato

2132 1017 2238 1073 que
2266 1002 2540 1071 patientiae
2569 1000 2876 1056 doctrinam
2898 1003 3289 1073 complectens,
3320 1007 3707 1061 concinnatum

2133 1096 2200 1146 ad
2234 1092 2555 1162 praepositas
2590 1092 2858 1161 quasdam
2902 1093 3101 1149 dubias
3129 1111 3316 1161 voces,
3340 1096 3405 1151 ad
3440 1113 3579 1167 quas
3605 1113 3709 1153 ceu

2128 1183 2378 1239 defensio
2406 1185 2654 1254 quaadam
2680 1184 2816 1252 justi
2850 1184 2942 1241 Dei
2966 1185 3161 1256 judicii
3198 1191 3514 1244 necessario
3551 1191 3710 1245 insti-

2130 1278 2321 1333 tuitur.
2362 1276 2490 1331 Hzec
2517 1292 2681 1348 porro
2706 1279 2891 1332 omnia
2940 1293 3063 1343 nos,
3094 1280 3188 1350 qui
3218 1296 3285 1335 ex
3322 1282 3578 1351 gentibus
3616 1299 3710 1339 su-
3756 1290 3759 1293 ’

2132 1386 2276 1433 mus,
2304 1370 2558 1427 Christus
2592 1369 2688 1425 Dei
2728 1371 2941 1435 edocet,
2968 1371 3165 1441 priscis
3200 1375 3467 1444 exemplis
3508 1391 3610 1431 nos
3638 1376 3711 1431 ad

2130 1460 2339 1532 frugem
2372 1476 2660 1526 revocans,
2694 1469 2754 1515 ut
2786 1461 2942 1516 initio
2971 1464 3246 1518 sermonis
3274 1464 3482 1518 dictum
3530 1480 3562 1519 a
3602 1481 3709 1523 no-

2128 1556 2215 1611 bis
2246 1560 2350 1611 est.

446 1650 560 1712 τοῖς
599 1650 908 1722 ἔμπροσθεν
948 1650 1380 1723 ὲπηπορημένας
1420 1651 1625 1721 φωνὰς,
1659 1649 1796 1721 πρὸς
1826 1648 1892 1713 ἃς
1914 1648 2103 1721 ὥσπερ
2141 1647 2405 1717 ἀπολογία
2436 1665 2521 1712 τις
2586 1648 2897 1717 ἀναγκαίως
2930 1650 3286 1721 ὲπενήνεκται
3318 1651 3417 1722 τῆς
3446 1651 3540 1706 τοῦ
3572 1652 3710 1708 Θεοῦ

447 1742 862 1816 δικαιοκρισίας.
895 1744 1081 1798 Ταῦτα
1113 1745 1170 1798 δὲ
1209 1746 1389 1800 πάντα
1424 1747 1571 1817 ἡμᾶς
1615 1744 1742 1807 τοὺς
1789 1742 1848 1810 ἐξ
1889 1744 2059 1798 ἐθνῶν
2095 1746 2124 1797 ὁ
2166 1743 2401 1815 Χριστὸς
2445 1743 2543 1797 τοῦ
2576 1743 2712 1797 Θεοῦ
2751 1742 3013 1807 παιδεύει,
3063 1744 3409 1815 σωφρονίζων
3445 1747 3592 1816 ἡμᾶς
3620 1746 3712 1802 διὰ

444 1836 555 1890 τῶν
587 1836 830 1892 παλαιῶν
862 1837 1343 1910 παραδειγμάτων,
1376 1836 1564 1907 ὥσπερ
1585 1832 1679 1891 οῦν
1703 1836 2027 1907 ἀρχομένοις
2064 1837 2196 1907 ἡμῖν
2228 1833 2445 1906 εἴρηται
2471 1835 2563 1888 τοῦ
2596 1835 2778 1903 λόγου.

821 1951 1113 2004 ΨΑΑΜΟΣ
1150 1951 1237 2022 τᾳ
1276 1950 1470 2003 um.
1513 1951 1640 2004 OH'.

526 2040 588 2094 Ὀ
633 2042 797 2109 Θεὸς,
830 2042 1104 2112 ἢλθοσιιν
1144 2042 1291 2112 ἔθνη
1328 2045 1416 2109 είς
1460 2041 1576 2111 τὴν
1618 2042 2026 2111 κληρονομίαν

442 2149 581 2200 σου,
620 2134 872 2204 ἐμίαναν
921 2134 1029 2188 τὸν
1076 2135 1230 2188 ναὸν
1271 2135 1380 2189 τὸν
1408 2135 1581 2206 ἅγιόν
1633 2150 1750 2188 σου
1775 2174 1790 2199 ,
1823 2134 2028 2189 ἔθεντο

453 2222 844 2293 Ἰερουσιιίἡμ
869 2226 957 2289 εἱς
978 2224 1496 2293 ὀπωροφυλάκιον.
1526 2226 1648 2279 ’Ὁτι
1674 2225 1781 2297 πρὸ
1813 2224 1908 2278 τοῦ
1934 2223 2027 2278 τὸν

441 2315 568 2369 ναὸν
611 2314 1028 2388 οἰκοδομηθῆναι
1085 2316 1175 2369 τὸν
1220 2318 1278 2372 ὲν
1319 2317 1694 2390 Ἰερουσαλὴμ,
1728 2318 1950 2387 γέγονεν
1999 2319 2029 2373 ὁ

454 2404 625 2476 Ἀσάφ
657 2406 735 2478 τῷ
764 2406 925 2460 Δαυῒὸ
955 2408 1328 2479 συνακμάσας,
1360 2408 1516 2480 δῆλον
1547 2412 1612 2463 ὲκ
1631 2410 1732 2481 τῆς
1767 2409 2023 2481 ἱστορίας.

442 2496 800 2569 Προφητικῶς
832 2494 926 2552 οὖν
963 2499 1031 2552 τά
1067 2499 1327 2571 μέλλοντα
1372 2503 1601 2572 μακροῖς
1647 2499 1871 2573 ὕστερον
1903 2501 2027 2573 χρό-

440 2605 552 2649 νοις
598 2588 972 2660 συμϐήσεσθαι
1017 2591 1112 2643 καὶ
1153 2590 1242 2645 διὰ
1294 2591 1404 2644 τῶν
1439 2593 1727 2665 παρόντων
1756 2592 2022 2659 θεσπίζει.

454 2678 615 2731 Ἀλλά
634 2678 721 2731 διὰ
753 2680 850 2749 μὲν
882 2679 976 2733 τοῦ
1013 2687 1054 2731 ο¹
1090 2680 1185 2733 καὶ
1215 2680 1262 2751 γ’
1298 2683 1395 2753 τὴν
1421 2682 1658 2754 ὑστάτην
1686 2683 1787 2753 τῆς
1819 2683 2027 2751 πόλεως

442 2769 642 2824 ἅλωσιν
670 2772 764 2824 καὶ
785 2773 875 2825 τὸν
905 2772 1133 2842 ἔσχατον
1164 2775 1476 2847 ἀφανισμὸν
1509 2775 1602 2829 τοῦ
1634 2776 1786 2841 ναοῦ,
1815 2778 1908 2831 τὸν
1932 2779 2025 2833 ἐπὶ

453 2859 741 2931 Ῥωμαίων
768 2863 1058 2934 γενόμενον
1115 2865 1253 2933 μετὰ
1303 2867 1402 2937 τὴν
1443 2867 1585 2921 κατὰ
1632 2867 1726 2921 τοῦ
1774 2870 2025 2942 Σωτῆρος

443 2951 600 3022 ἡμῶν
627 2952 828 3025 τόλμαν
864 2954 973 3009 τῶν
999 2958 1322 3030 οἰκητόρων,
1352 2960 1748 3030 πρωνεφώνει,
1779 2962 1855 3026 ὡς
1887 2981 2024 3034 προ-

443 3045 814 3100 αποδέδεικται
834 3063 849 3078 ·
875 3047 964 3103 διὰ
1008 3049 1064 3103 δὲ
1094 3050 1203 3104 τῶν
1236 3050 1376 3122 μετὰ
1417 3038 1603 3124 χεῖρας
1636 3053 2024 3126 ἐπεληλυθέναι

445 3141 544 3211 μὲν
574 3139 699 3211 ἔθνη
743 3143 808 3213 τῇ
840 3142 1174 3216 κληρονομίᾳ
1211 3143 1308 3198 τοῦ
1351 3145 1507 3211 Θεοῦ,
1546 3147 1640 3200 καὶ
1680 3147 1770 3202 τὸν
1796 3150 1853 3201 ὲν
1883 3149 2020 3221 αὑτῇ

442 3230 578 3285 νεὼν
605 3234 990 3303 μεμιαγκέναι,
1029 3236 1200 3306 αὑτήν
1230 3254 1290 3290 τε
1323 3238 1421 3309 τὴν
1449 3238 1603 3292 πόλιν
1634 3241 1714 3304 είς
1735 3240 2024 3314 ὁπωροφυ-

2317 1947 2368 2004 1.
2409 1946 2734 2002 PSALMUS
2771 1946 2903 2003 lPSl
2941 1947 3192 2004 ASAPH.
3231 1947 3520 2005 LXXVIII.

2205 2036 2373 2105 Deus,
2399 2048 2647 2092 venerunt
2685 2048 2862 2109 gentes
2893 2041 2948 2093 in
2975 2039 3335 2095 ha'reditatem
3376 2050 3555 2105 tuam,
3594 2041 3712 2111 pol-

2133 2128 2343 2184 luerunt
2375 2130 2626 2201 templum
2659 2140 2903 2184 sanctum
2937 2142 3115 2195 tuum,
3148 2143 3434 2203 posuerunt
3482 2132 3711 2187 Jerusa-

2131 2221 2232 2274 lem
2280 2223 2335 2276 in
2379 2238 2657 2292 pomorum
2707 2222 3031 2279 custodiam.
3085 2224 3242 2291 Quod
3281 2236 3408 2281 ante
3437 2225 3621 2295 templi
3657 2227 3712 2278 in

2129 2308 2472 2382 Jerosolyma
2517 2313 2987 2369 constnuniouem
3017 2313 3201 2384 Asaph
3231 2314 3457 2388 aequalis
3490 2323 3544 2369 et
3573 2329 3713 2370 coae-

2129 2409 2329 2457 taneus
2363 2401 2549 2456 Davidi
2584 2401 2787 2469 fuerit,
2820 2420 2886 2459 ex
2921 2405 3149 2460 historia
3185 2406 3408 2476 planum
3437 2415 3543 2461 est.
3576 2404 3713 2460 Pro-

2130 2492 2346 2563 phetice
2396 2507 2528 2564 ergo
2569 2510 2692 2566 quae
2721 2494 2988 2551 diuturno
3017 2504 3144 2567 post-
3171 2508 3417 2567 tempore
3445 2494 3712 2552 eventura

2127 2591 2285 2638 erant
2328 2585 2384 2638 in
2431 2586 2688 2655 praesenti
2734 2587 3090 2643 vaticinatur.
3136 2588 3245 2643 Sed
3282 2589 3336 2642 in
3374 2604 3547 2643 uxm
3581 2588 3709 2660 qui-

2127 2676 2282 2742 dem,
2310 2684 2652 2747 postremum
2686 2678 2843 2735 urbis
2871 2679 3185 2745 excidium,
3217 2689 3271 2735 et
3302 2682 3550 2735 ultimam
3580 2689 3715 2737 tem-

2127 2768 2200 2840 pli
2248 2771 2462 2824 ruinam
2491 2786 2613 2842 quae
2641 2772 2743 2827 sub
2784 2770 3048 2827 Romanis
3097 2783 3221 2843 post
3270 2774 3471 2828 civium
3504 2775 3628 2843 ejus
3654 2773 3711 2827 in

2138 2859 2477 2917 Salvatorem
2512 2870 2763 2918 nostrum
2793 2879 2963 2919 ausus
2986 2865 3253 2937 contigit,
3280 2866 3713 2936 praenuntiabat,

2128 2961 2187 3008 ut
2213 2956 2473 3026 superius
2501 2957 2918 3028 comprobatum
2945 2969 3048 3013 cst.
3081 2957 3140 3012 In
3171 2961 3426 3030 praesenti
3457 2975 3590 3014 vero
3617 2975 3713 3014 ve-

2125 3046 2276 3101 nisse
2300 3047 2520 3117 quidem
2552 3058 2743 3119 gentes
2777 3050 2831 3103 in
2865 3050 3242 3106 [nereditatem
3277 3050 3409 3116 Dei,
3444 3051 3713 3121 templum

2125 3139 2269 3209 quod
2296 3139 2352 3194 in
2379 3154 2442 3194 ea
2465 3149 2583 3195 erat
2610 3141 2894 3211 polluisse,
2923 3143 3209 3214 ipsamque
3229 3144 3419 3199 urbem
3448 3146 3503 3200 in
3532 3159 3718 3215 pomo-

2126 3245 2247 3283 rum
2268 3230 2576 3286 custodiam
2598 3233 2854 3303 posuisse
2877 3233 3154 3303 signiﬁcat
3178 3252 3192 3301 ;
3222 3250 3397 3306 neque
3422 3242 3610 3292 tamen
3637 3236 3715 3290 ait

437 3297 625 3377 λάκιον
656 3297 958 3380 τεθείκὲναι
977 3297 1242 3399 ’σημαίνει
1266 3346 1281 3360 ο
1316 3297 1388 3383 οὑ.
1423 3328 1528 3402 μὴν
1558 3297 1710 3403 πυρὶ⁷
1735 3297 2023 3404 παραδεδό-

2128 3321 2240 3394 igni
2292 3324 2555 3379 traditum
2600 3297 2784 3380 locum
2838 3325 3041 3395 fuisse,
3074 3343 3252 3398 neque
3294 3328 3422 3383 talia
3450 3344 3712 3399 passum,

443 3413 566 3467 σθαι
588 3415 679 3470 τὸν
705 3416 891 3482 τόπον,
908 3417 1030 3473 οὑδὲ
1054 3419 1278 3474 τοιαῦτα
1300 3421 1628 3477 πεπονθέναι
1651 3425 1812 3477 ὁποῖα
1840 3424 2026 3497 ἐδήλου

438 3504 526 3558 διά
547 3504 641 3558 τοῦ
666 3508 1201 3578 προλεχθέντος.Ἔτι
1220 3511 1276 3566 δὲ
1298 3512 1386 3567 διὰ
1405 3513 1501 3568 τοῦ
1521 3516 1787 3587 παρόντος
1808 3518 2029 3590 προστί-

424 3593 619 3663 θησιν,
639 3596 715 3660 ὡς
742 3597 850 3669 άρα
871 3601 921 3653 οί
947 3600 1035 3654 τὸν
1054 3601 1221 3655 τόπον
1247 3605 1537 3676 μιάναντες
1566 3607 1793 3672 πολλοὺς
1817 3609 2026 3664 ἀνεῖλον

437 3684 619 3748 ὁσίους
639 3685 834 3758 ἄνδρας
857 3689 950 3741 καὶ
969 3688 1104 3742 Θεοῦ
1127 3690 1346 3756 δούλους
1364 3711 1378 3724 ⁸
1402 3687 1477 3750 ὧν
1505 3694 1574 3749 τὰ
1597 3696 1767 3769 νεκρὰ
1796 3698 2026 3769 σώματα

442 3773 519 3846 μὴ
542 3778 995 3849 συγχωρήσαντες
1013 3782 1079 3851 τῇ
1112 3780 1253 3834 κατὰ
1277 3781 1438 3851 φύσιν
1460 3784 1834 3857 παραδοθῆναι
1855 3791 2022 3861 ταφῇ,

435 3868 550 3930 τοῖς
583 3871 846 3932 πετεινοῖς
898 3869 992 3923 τοῦ
1035 3871 1265 3943 οὑρανοῦ
1301 3871 1466 3944 βορὰν
1511 3875 1712 3931 ἔθεντο.
1740 3879 1922 3933 Ταῦτα
1967 3880 2026 3933 δὲ

437 3956 540 4009 οὑκ
584 3956 650 4010 ἂν
683 3958 865 4030 εὕροις
918 3961 1233 4033 πραχθέντα
1279 3965 1403 4021 οὔτε
1451 3966 1593 4021 κατὰ
1638 3969 1741 4041 τὴν
1787 3970 2026 4045 ὑστάτην

439 4048 757 4120 πολιορκίαν
794 4049 888 4104 τοῦ
917 4052 1084 4107 τόπου
1106 4071 1118 4084 ·
1152 4056 1277 4110 ἐπεὶ⁸
1312 4057 1449 4129 μηδὲ
1488 4060 1733 4133 ὑπῆρχεν
1762 4064 1875 4128 τοῖς
1902 4064 2023 4118 τότε

441 4140 572 4211 παρ’
592 4142 775 4206 αὐτοῖς
800 4143 989 4210 ὁσίοις,
1019 4145 1128 4200 τῶν
1155 4147 1251 4221 τὴν
1285 4151 1438 4205 πόλιν
1460 4153 1773 4220 οἰκούντων,
1796 4157 2024 4213 ἀνοσίων

391 4282 399 4292 ,
437 4230 532 4283 καὶ
560 4231 772 4287 ἀσεϐῶν
805 4233 1059 4289 ἁπάντων
1089 4239 1388 4307 γεγονότων
1416 4240 1502 4295 διά
1533 4243 1601 4297 τὰ
1626 4243 1767 4298 κατὰ
1790 4246 1884 4303 τοῦ
1912 4248 2024 4302 Σω-

438 4320 605 4392 τῆρος
638 4323 795 4394 ἡμῶν
845 4326 985 4380 κατά
1029 4345 1087 4381 τε
1119 4330 1227 4384 τῶν
1277 4332 1589 4388 ἀποστόλων
1633 4336 1799 4391 αὑτοῦ
1840 4337 2022 4393 τετολ-

442 4416 660 4485 μημένα
714 4418 917 4482 αὐτοῖς.
958 4419 1096 4474 Ἀλλ’
1132 4423 1252 4477 οὑδὲ
1305 4424 1399 4478 ἐπὶ
1439 4428 1537 4499 τῆς
1589 4428 1671 4493 είς
1723 4430 2022 4488 Βαϐυλῶνα

437 4504 816 4573 αἰχμαλωσίας
865 4507 1048 4581 εὕροις
1076 4511 1144 4566 ἂν
1188 4513 1257 4568 τὰ
1305 4514 1444 4586 μετὰ
1492 4520 1681 4591 χεῖρας
1717 4523 2017 4593 γενόμενα·

2131 3416 2315 3486 qualia
2351 3417 2405 3471 in
2444 3416 2709 3487 praedicto
2741 3418 2957 3488 psalmo
2987 3420 3267 3475 narrabat.
3298 3420 3464 3477 Addit
3489 3422 3717 3493 insuper

2132 3506 2186 3561 in
2216 3510 2505 3577 praesenti,
2539 3523 2635 3564 eos
2667 3507 2761 3579 qui
2791 3509 2976 3563 locum
3007 3510 3353 3579 polluerunt,
3388 3513 3591 3569 multos
3620 3527 3717 3570 oc—

2129 3598 2333 3655 cidisse
2371 3599 2518 3654 viros
2550 3606 2777 3655 sanctos
2806 3609 2861 3657 et
2890 3600 2988 3657 Dei
3017 3617 3246 3658 servos:
3285 3619 3518 3674 quorum
3563 3619 3715 3662 mor-

2129 3698 2224 3745 tua
2252 3705 2480 3761 corpora
2512 3705 2623 3744 non
2650 3691 2897 3749 sinentes
2929 3694 3172 3749 naturali
3204 3697 3503 3767 sepulturae
3527 3698 3709 3764 tradi,

2128 3782 2184 3837 in
2210 3797 2392 3838 escam
2418 3782 2735 3839 volatilibus
2763 3785 2889 3840 coeli
2923 3796 3248 3857 posuerunt.
3283 3786 3406 3846 Haec
3428 3807 3592 3862 porro
3618 3808 3716 3864 ge-

2129 3882 2214 3931 sta
2257 3890 2366 3928 non
2406 3874 2799 3943 deprehendas
2837 3879 2894 3933 in
2926 3888 3207 3950 postrema
3241 3882 3347 3939 loci
3378 3886 3708 3943 obsidione:

2128 3965 2263 4036 quia
2303 3966 2418 4021 haec
2448 3983 2555 4021 non
2581 3968 2836 4025 accidere
2861 3972 2994 4028 viris
3027 3974 3240 4030 sanctis
3264 3977 3360 4046 qui
3390 3992 3557 4047 penes
3586 3980 3712 4038 illos

2125 4065 2305 4113 erant.
2364 4056 2402 4112 li
2461 4074 2701 4130 namque
2754 4062 2848 4133 qui
2877 4064 3065 4119 urbem
3121 4067 3435 4124 incolebant
3491 4072 3710 4129 scelesti

2124 4163 2316 4205 omnes
2345 4159 2400 4206 et
2435 4151 2586 4221 impii
2628 4162 2824 4218 erant,
2858 4155 2930 4210 ob
2974 4171 3106 4213 suos
3134 4159 3187 4213 in
3229 4158 3573 4219 Servatorem
3611 4182 3713 4221 no-

2125 4248 2298 4299 strum
2330 4250 2385 4298 et
2413 4243 2468 4298 in
2499 4244 2619 4313 ejus
2645 4249 2924 4315 apostolos
2955 4264 3142 4306 ausus.
3179 4250 3286 4308 Sed
3320 4270 3497 4325 neque
3527 4258 3583 4314 in
3606 4259 3712 4314 Ba-

2123 4328 2377 4402 bylonica
2426 4333 2747 4402 captivitate
2792 4335 2910 4391 haec
2957 4336 3097 4393 facta
3142 4344 3425 4412 reperias,
3473 4349 3603 4417 quia
3640 4366 3711 4406 ne

2123 4430 2257 4478 tunc
2296 4423 2517 4494 quidem
2556 4426 2737 4481 sancti
2779 4435 2834 4484 et
2878 4430 3126 4501 religiosi
3165 4434 3266 4488 viri
3320 4451 3350 4490 a
3394 4436 3711 4511 Babyloniis

2123 4512 2386 4567 trucidati
2430 4514 2487 4569 in
2532 4515 2766 4573 historia
2815 4519 3089 4579 feruntur.
3138 4522 3498 4590 Quandonam
3540 4531 3711 4601 igitur

437 4596 559 4700 ista}
587 4595 720 4699 μηδὲ
758 4599 879 4652 τότε
911 4602 1090 4666 ὁσίους
1115 4603 1316 4677 ἄνδρας
1345 4607 1440 4661 καὶ
1478 4608 1745 4681 θεοφιλεῖς
1774 4613 1878 4667 ὑπὸ
1909 4614 2019 4670 τῶν

2127 4603 2241 4658 haec
2272 4605 2493 4676 impleta
2531 4607 2727 4664 fuere?
2766 4608 2885 4667 Non
2917 4623 3095 4685 potest
3131 4616 3279 4672 aliud
3308 4619 3539 4676 indicari
3563 4595 3708 4679 lem-

325 4735 329 4739 .
438 4682 793 4742 Βαϐυλωνίων
836 4691 1203 4767 ἀνῃρῆσθαιή
1240 4698 1450 4770 ἱστορία
1492 4703 1848 4774 παραδίδωσι.
1883 4706 2019 4760 Πότε

432 4774 616 4830 τοίνυν
666 4778 968 4851 ἐπληροῦτο
992 4782 1200 4852 ταῦτα;
1255 4786 1369 4842 Οὐκ
1424 4787 1570 4844 ἔστιν
1610 4792 1797 4865 ἕτερον
1846 4797 2021 4850 είπεῖν

436 4866 650 4937 χρόνον,
682 4869 715 4938 ἦ
750 4870 842 4924 τὸν
865 4872 960 4925 ἐπὶ
995 4875 1288 4947 Ἀντιόχου,
1323 4879 1444 4934 καθ’
1483 4882 1599 4955 ovi)
1644 4885 1754 4939 τῶν
1793 4887 2022 4943 Μακκα-

436 4956 605 5010 ϐαίων
634 4962 819 5033 γραφὴ
852 4965 920 5019 τά
944 4966 1081 5036 μετὰ
1118 4972 1307 5040 χεῖρας
1344 4972 1718 5047 προλεγόμενα
1748 4978 1815 5032 δι’
1842 4978 2020 5052 ἔργων

435 5051 791 5140 κεχωρηκότα
816 5053 1075 5113 δείκνυσι.
1096 5058 1410 5129 Γέγραπται
1435 5062 1565 5130 γοῦν
1596 5066 1653 5118 ὲν
1673 5068 1810 5140 αὑτῇ
1832 5051 2020 5124 τοῦτον

432 5138 525 5192 τὸν
566 5141 796 5211 τρόπον⁸
830 5147 941 5200 Kal
988 5149 1376 5221 ὑπέστρεψεν
1432 5156 1729 5227 Ἀντίοχος
1761 5138 1915 5229 μετὰ
1950 5152 2017 5215 τό

435 5231 693 5323 πατάξαι
727 5236 843 5305 τὴν
872 5239 1178 5309 Αιγυπτον
1201 5244 1274 5297 ἐν
1296 5244 1378 5311 τῷ
1392 5244 1449 5317 ρ’
1473 5247 1572 5305 καὶ
1597 5256 1657 5323 μή
1681 5252 1779 5305 καὶ
1806 5259 1855 5321 γ’
1876 5254 2017 5322 ἔτει,

433 5322 533 5375 καὶ
561 5324 746 5394 ἀνέϐη
767 5327 867 5381 ἐπὶ
897 5330 1139 5401 Ἰσραὴλ
1162 5335 1233 5387 ἐν
1259 5335 1421 5404 ὄχλῳ
1440 5338 1650 5408 βαρεῖ·
1680 5342 1782 5396 καὶ
1810 5342 2018 5413 εἰσῆλ-

431 5415 536 5466 θεν
562 5417 650 5481 είς
682 5418 748 5470 τὸ
782 5420 1049 5491 ἁγίασμα
1073 5423 1146 5478 ἐν
1172 5427 1573 5499 ὑπερηφανίᾳ.
1599 5434 1711 5488 Καὶ
1743 5434 1922 5491 ἔλαϐε
1951 5437 2019 5492 τὸ

430 5504 819 5575 θυμιατήριον
869 5511 938 5565 τὸ
980 5517 1278 5584 χρυσοῦν,
1303 5519 1403 5573 καὶ
1452 5520 1569 5590 τὴν
1604 5526 1868 5594 λυχνίαν
1908 5528 2018 5584 τοῦ

428 5596 644 5689 φωτὸς,
677 5600 778 5653 καὶ
812 5601 1012 5658 πάντα
1047 5607 1120 5662 τὰ
1141 5611 1332 5679 σκεύη
1355 5611 1567 5682 αὐτῆς,
1608 5616 1707 5670 καὶ
1734 5617 1847 5687 τὴν
1874 5619 2010 5689 τρά-

428 5685 612 5780 πεζαν
640 5692 751 5763 τῆς
782 5696 1123 5766 προθέσεως
1139 5740 1153 5761 ,
1185 5704 1282 5758 καὶ
1316 5704 1390 5758 τὰ
1435 5708 1699 5763 σπονδιά
1718 5750 1733 5773 ,
1766 5685 1866 5765 καὶ
1898 5685 2004 5780 τὰς

429 5776 681 5852 φιάλας,
733 5786 831 5840 καὶ
884 5789 991 5858 τὰς
1045 5793 1301 5864 θυΐσκας
1329 5794 1435 5865 τὰς
1479 5798 1716 5870 χρυσᾶς
1739 5842 1753 5870 ,
1804 5802 1903 5859 καί
1941 5776 2012 5860 τό

2125 4709 2257 4764 pus,
2310 4697 2415 4751 nisi
2458 4696 2756 4766 Antiochi,
2800 4704 2906 4759 sub
2928 4720 3039 4775 quo
3083 4706 3522 4767 Machabaeorum
3569 4716 3710 4770 scri-

2120 4794 2279 4856 ptura
2308 4827 2323 4850 ,
2375 4804 2497 4858 qum
2543 4790 2633 4847 hic
2682 4799 3124 4863 praenuntiantur
3164 4804 3465 4874 contigisse
3495 4815 3704 4864 narrat.

2121 4877 2396 4950 Scriptum
2429 4883 2617 4954 itaque
2647 4886 2722 4941 ibi
2753 4889 2990 4960 legitur:
3030 4896 3102 4947 Et
3134 4911 3371 4953 reversus
3403 4910 3484 4955 est
3510 4902 3706 4955 Antio-

2118 4972 2277 5041 chus,
2319 4986 2601 5046 postquam
2652 4986 2915 5048 percussit
2948 4983 3278 5059 .Egyptum,
3311 4993 3367 5046 in
3411 4997 3704 5050 centesimo

2117 5075 2168 5118 et
2196 5067 2611 5140 quadragesimo
2660 5076 2814 5129 tertio
2850 5095 3025 5141 anno;
3074 5090 3126 5134 et
3164 5085 3401 5140 ascendit
3444 5088 3500 5141 in
3534 5087 3709 5145 Israel

2120 5173 2239 5211 cum
2270 5160 2611 5220 multitudine
2640 5168 2790 5234 gravi
2816 5183 2834 5232 ;
2865 5179 2914 5223 et
2944 5171 3220 5242 ingressus
3256 5180 3410 5232 estin
3452 5192 3709 5237 sanctua-

2121 5250 2263 5303 rium
2310 5268 2430 5306 cum
2482 5256 2754 5324 superbia,
2805 5271 2855 5315 et
2903 5266 3105 5332 accepit
3149 5268 3325 5323 altare
3360 5287 3583 5326 aureum
3609 5314 3624 5338 ,
3653 5282 3709 5330 et

2120 5342 2502 5400 candelabrum
2533 5348 2774 5417 luminis,
2817 5363 2867 5408 et
2893 5357 3138 5413 universa
3169 5377 3295 5416 vasa
3327 5363 3463 5433 ejus,
3489 5374 3539 5419 et
3570 5382 3712 5421 merr-

2120 5450 2237 5488 sam
2267 5440 2648 5507 propositionis
2667 5484 2684 5508 ,
2715 5455 2766 5499 et
2798 5446 3054 5504 libatoria
3073 5491 3089 5515 ,
3122 5462 3172 5506 et
3205 5454 3415 5522 phialas
3437 5497 3451 5521 ,
3481 5466 3533 5510 et
3561 5473 3710 5511 mor-

2122 5526 2319 5583 tariola
2353 5546 2555 5595 aurea,
2587 5543 2638 5590 et
2691 5537 2896 5604 celum,
2948 5550 3000 5595 et
3055 5559 3314 5611 coronas,
3360 5558 3413 5602 et
3452 5559 3708 5604 ornatum

2117 5620 2215 5688 qui
2251 5621 2305 5674 in
2346 5622 2484 5692 facie
2523 5628 2703 5696 templi
2745 5641 2883 5688 erat.
2929 5633 3001 5688 Et
3039 5641 3352 5694 comminuit
3396 5643 3619 5697 omnia:
3652 5653 3707 5698 ct

2119 5720 2317 5786 accepit
2350 5720 2628 5780 thesauros
2658 5729 2928 5796 occultos,
2954 5749 3086 5803 quos
3115 5737 3331 5791 invenit.
3365 5735 3437 5792 Et
3471 5738 3702 5792 sublatis

2120 5810 2384 5883 omnibus,
2410 5830 2645 5873 reversus
2667 5818 2800 5876 abiit
2826 5823 2878 5879 in
2905 5834 3100 5883 terram
3130 5845 3304 5887 suam.
3342 5829 3410 5886 Et
3439 5830 3562 5901 fecit
3593 5845 3703 5885 ca:-
