4066 6370
379 306 482 361 9ιὸ

942 310 947 315 ’
1046 300 1313 358 EUSEBll
1348 299 1830 358 CESARIENSIS
1870 300 2021 356 ΟῬΡ.
2065 302 2245 390 PARS
2269 302 2356 359 Ill.
2391 330 2460 344 --
2497 300 2911 358 EXEGETICA.

3520 307 3624 364 9M

377 424 493 476 dem
557 435 847 490 magnam:
895 428 945 474 et
993 419 1169 488 factus
1223 428 1301 473 est
1342 420 1588 488 planctus
1631 435 1851 489 magnus
1898 419 1952 472 in

2054 417 2500 487 καταπέτασμα,
2540 417 2812 485 καὶτοὺς
2838 417 3197 487 στεφάνους,
3234 415 3332 470 καί
3376 417 3483 472 τὸν
3521 421 3623 475 κό-

383 511 574 566 lsrael.
615 510 682 565 Et
722 512 937 581 scripsit
972 527 1069 566 rex
1105 513 1250 566 omni
1288 528 1448 582 regno
1486 528 1583 566 suo
1606 552 1623 578 ,
1672 520 1731 565 ut
1776 521 1948 567 essent

377 619 553 657 omnes
580 603 803 671 populus
833 619 969 657 unus
996 643 1012 667 ,
1043 612 1094 658 et
1122 603 1439 675 relinqueret
1477 605 1837 674 unusquisque
1875 604 1950 658 le-

374 712 487 766 gem
513 710 667 748 suam
686 693 754 748 “.
778 692 847 747 Et
878 694 1136 761 amplexa:
1163 707 1287 749 sunt
1313 710 1491 749 omnes
1532 703 1709 764 gentes
1734 693 1947 748 verbum

376 789 511 857 regis
535 804 554 842 :
591 796 642 840 et
680 786 839 839 multi
873 801 940 840 ea:
977 787 1108 856 ﬁliis
1148 785 1326 842 Israel
1362 795 1741 841 consenserunt
1778 786 1948 840 cultui

375 880 527 942 eius,
584 888 636 933 et
695 879 1127 947 sacriﬁcaverunt
1165 877 1358 943 idolis,
1397 887 1447 933 et
1484 878 1950 945 coinquinaverunt

376 969 673 1025 Sabbatum
697 970 763 1024 δ’.
794 969 926 1025 Post
955 969 1071 1024 haec
1093 977 1272 1025 autem
1304 969 1539 1041 dicitur:
1565 966 1634 1022 Et
1663 968 1950 1038 aediﬁcavit

376 1059 821 1114 abominationem
858 1058 1201 1113 desolationis
1231 1058 1287 1112 in
1315 1058 1503 1114 altari.
1532 1057 1601 1112 Et
1629 1059 1683 1113 in
1715 1059 1952 1114 civitati-

378 1152 473 1206 bus
508 1150 655 1205 Iuda
703 1152 759 1205 in
805 1151 1033 1205 circuitu
1080 1149 1477 1220 wdiﬁcaverunt
1527 1149 1767 1215 altaria,
1806 1158 1857 1205 et
1895 1150 1952 1204 in

374 1243 542 1311 portis
581 1244 733 1308 suis,
772 1251 821 1297 et
862 1244 917 1296 in
955 1243 1145 1310 plateis
1188 1240 1482 1313 thymiama
1527 1241 1834 1297 adolebant.
1881 1239 1952 1296 Et

377 1334 541 1388 libros
576 1331 652 1406 (1)
699 1333 894 1402 psalmi
946 1350 1077 1404 quos
1114 1335 1418 1389 invenerunt
1473 1334 1804 1399 scindentes,
1836 1337 1954 1403 igne

376 1425 771 1480 combusserunt
803 1425 873 1480 ⁸⁰.
911 1424 1335 1496 Adjiciturque:
1372 1423 1441 1479 Et
1481 1426 1638 1480 multi
1675 1427 1731 1481 in
1773 1425 1950 1482 Israel

375 1515 693 1586 deﬁnierunt
722 1517 777 1570 in
804 1532 860 1570 se
878 1555 893 1581 ,
925 1524 984 1569 ut
1012 1533 1115 1570 non
1139 1516 1524 1571 manducarent
1554 1517 1850 1574 immunda.
1883 1516 1952 1572 Et

375 1610 640 1680 elegerunt
675 1610 839 1673 mori,
886 1620 947 1663 ut
991 1627 1097 1665 non
1141 1612 1629 1667 contaminarentur
1674 1612 1841 1678 cibis,
1901 1621 1953 1668 et

377 1702 572 1754 mortui
617 1710 762 1757 sunt.
813 1701 881 1755 Et
926 1701 1072 1770 facta
1099 1712 1178 1757 est
1204 1703 1290 1757 ira
1318 1720 1514 1774 magna
1543 1704 1599 1758 in
1629 1703 1809 1759 Israel
1838 1704 1954 1759 val-

2051 528 2211 581 σμον
2239 511 2348 564 τὸν
2367 514 2517 564 κατὰ
2541 511 2869 578 πρόσωπον
2912 510 3020 564 τοῦ
3045 509 3213 564 ναοῦ.
3246 509 3360 564 Kal
3380 510 3625 568 mst

2048 601 2273 656 πάντα·
2303 603 2401 656 καί
2430 604 2612 657 ἔλαϐε
2650 604 2794 671 τοὺς
2817 602 3163 672 θησαυροὺς
3192 602 3335 669 τοὺς
3365 603 3626 672 ἀποκρύ-

2047 710 2221 762 φους,
2256 689 2369 759 οὖς
2394 690 2552 762 εὗρε.
2587 694 2702 747 Kal
2741 694 2945 750 λαϐὼν
2975 694 3326 764 σύμπαντα,
3354 694 3626 763 ἐπιστρέο

2047 788 2172 855 ψιας
2204 784 2480 853 ἀπῆλθεν
2526 788 2614 852 είς
2644 785 2761 854 τὴν
2794 785 2913 856 γῆν
2960 784 3167 841 αὐτοῦ.
3215 784 3328 839 Kal
3375 785 3626 855 ἐποίησε

2048 879 2449 948 φονοκτονίαν
2468 878 2775 949 μεγάλην·
2818 878 2915 932 καί
2941 877 3179 947 ἐγένετο
3220 876 3445 943 πένθος
3472 877 3627 948 μέγα

2047 970 2146 1024 ἐπὶ
2186 969 2444 1038 Ἰσραήλ.
2494 970 2603 1025 Kal
2649 970 2915 1041 ἔγραψεν
2940 971 2976 1023 ὁ
3005 969 3307 1035 ,βασιλεὺς
3343 967 3514 1037 πάσῃ
3551 967 3627 1037 τῇ

2043 1062 2332 1130 ,βασιλείᾳ
2358 1062 2550 1117 αὑτοῦ
2575 1058 2728 1117 εἶναι
2752 1062 2984 1128 πάντας
3004 1061 3160 1116 λαὸν
3178 1061 3307 1126 ἕνα,
3325 1060 3426 1115 καί
3455 1061 3628 1131 ἐγκα-

2049 1152 2324 1208 ταλιπεῖν
2353 1154 2611 1221 ἕκαστος
2646 1154 2719 1210 τὰ
2751 1155 2974 1224 νόμιμα
3024 1152 3235 1207 αὑτοῦ.
3272 1152 3383 1208 Kal
3417 1151 3630 1207 ἀπεδέ-

2051 1244 2232 1309 ξαντο
2260 1244 2457 1300 πάντα
2489 1246 2560 1300 τὰ
2594 1246 2740 1315 ἔθνη
2788 1249 2896 1300 τὸν
2936 1246 3124 1316 λόγον
3148 1243 3257 1298 τοῦ
3283 1242 3592 1311 ,βασιλέως
3609 1261 3625 1276 ο

2050 1338 2151 1391 καί
2180 1353 2249 1406 γε
2280 1336 2497 1391 πολλοὶ
2532 1336 2658 1392 ἀπὸ
2702 1337 2851 1392 υίῶν
2891 1336 3131 1405 Ἰσραὴλ
3181 1335 3526 1404 εὐδόκησαν
3551 1332 3629 1405 τῇ

2049 1429 2294 1498 λατρεία
2341 1429 2528 1485 αὑτοῦ
2545 1468 2561 1495 ,
2605 1430 2705 1483 καὶ
2752 1430 2984 1486 ἔθυσαν
3013 1428 3138 1495 τοῖς
3179 1426 3448 1493 ειδὼλοις
3464 1465 3482 1493 ,
3527 1427 3631 1482 καὶ

2050 1522 2432 1589 ἐϐεόήλωσαν
2449 1520 2517 1576 τὸ
2549 1521 2871 1577 Σάϐϐατον.
2889 1522 2997 1575 Καὶ
3021 1520 3159 1593 μετὰ
3180 1518 3354 1574 ταῦτα
3379 1518 3595 1592 εἴρηται
3610 1535 3625 1551 ο

2051 1613 2163 1670 Καὶ
2187 1612 2534 1683 ᾠκοδόμησε
2574 1611 2894 1682 βδέλυγμα
2931 1609 3281 1680 ἐρημώσεως
3296 1608 3399 1663 ἐπὶ
3433 1608 3502 1662 τὸ
3528 1612 3630 1664 θυ-

2052 1704 2426 1773 σιαστήριον.
2450 1705 2562 1758 Καί
2585 1719 2652 1774 γε
2677 1703 2748 1757 ἐν
2782 1704 3001 1757 πόλεσι
3040 1700 3226 1756 Ἰούδα
3246 1700 3452 1768 κύκλῳ
3481 1700 3629 1767 ᾠκο-

375 1792 440 1847 de
468 1794 535 1848 δι.
569 1793 693 1848 Haec
722 1808 887 1866 porro
914 1793 1193 1849 diuturnis
1221 1804 1410 1865 postea
1436 1797 1804 1867 temporibus,
1828 1803 1952 1866 post

2054 1794 2329 1865 δόμησαν
2339 1794 2583 1865 βωμούς
2599 1813 2613 1828 ·
2642 1794 2740 1849 καὶ
2760 1793 2858 1849 διὰ
2879 1793 2998 1848 τῶν
3019 1790 3215 1862 θυρῶν
3234 1790 3354 1845 τῶν
3372 1791 3627 1853 οικείων,

375 1887 665 1959 Assyriaca
696 1896 753 1942 et
786 1886 1026 1952 Medica,
1062 1895 1187 1959 post
1214 1887 1439 1943 Persica
1467 1894 1522 1943 et
1557 1894 1680 1957 post
1708 1887 1948 1943 Alexan-

374 1980 459 2038 dri
492 1978 801 2035 Macedonis
844 1990 1077 2036 mortem
1121 1986 1274 2050 gesta
1308 1988 1456 2035 sunt.
1497 1978 1568 2032 At
1602 1978 1838 2050 Spiritus
1866 1979 1952 2035 di-

376 2072 537 2126 vinus
587 2085 686 2141 per
729 2070 877 2125 hunc
924 2072 1248 2142 prophetam
1298 2071 1415 2126 haec
1464 2070 1583 2141 ipsa
1620 2070 1953 2126 vaticinatur

376 2164 567 2219 dicens
594 2182 608 2218 :
635 2162 797 2227 Deus,
824 2175 1071 2219 venerunt
1093 2174 1270 2235 gentes
1292 2166 1347 2218 in
1376 2163 1738 2220 Iuvreditatem
1766 2174 1913 2220 tuam
1932 2205 1949 2232 ,

374 2253 675 2322 palluerunt
708 2254 958 2323 templum
985 2264 1230 2308 sanctum
1261 2266 1409 2308 tuum
1428 2293 1443 2318 ,
1476 2265 1763 2324 posuerunt
1795 2255 1956 2310 Jeru-

377 2345 544 2399 salem
574 2346 628 2399 in
654 2360 931 2413 pomorum
961 2346 1280 2401 custodiam.
1309 2344 1565 2401 -Vr.ns.
1593 2345 1711 2404 2-4.
1759 2346 1955 2403 Posue-

377 2447 503 2491 runt
550 2439 831 2494 morticina
879 2454 1145 2493 servorum
1192 2447 1403 2492 tuorum
1445 2454 1595 2492 escas
1645 2438 1952 2495 volatilibus

377 2528 495 2581 caeli
515 2569 530 2589 ,
563 2544 747 2583 carnes
777 2538 1084 2584 sanctorum
1114 2538 1328 2582 tuorum
1366 2528 1545 2583 bestiis
1582 2536 1757 2584 terras.
1799 2527 1954 2600 Eiu-

376 2618 567 2673 derunt
588 2622 892 2692 sanguinem
931 2636 1113 2675 eorum
1147 2631 1400 2690 tanquam
1429 2635 1622 2688 aquam
1645 2619 1702 2674 in
1726 2620 1951 2676 circuitu

376 2709 705 2779 Jerusalem,
738 2722 788 2768 et
816 2729 921 2767 non
965 2722 1079 2767 erat
1126 2714 1215 2784 qui
1257 2712 1522 2781 sepeliret.
1553 2709 1716 2765 Facti
1765 2729 1950 2769 sumus

377 2804 713 2872 opprobrium
759 2805 941 2861 vicinis
993 2805 1226 2867 nostris,
1271 2802 1623 2857 subsannatio
1662 2812 1712 2857 et
1754 2801 1952 2858 derisio

374 2895 443 2948 iis
487 2896 577 2965 qui
616 2897 673 2950 in
714 2897 942 2951 circuitu
984 2906 1169 2952 nostro
1202 2904 1347 2950 sunt.
1382 2893 1489 2949 Pro
1522 2894 1617 2949 illo
1646 2901 1827 2949 autem
1850 2934 1866 2959 ,
1897 2896 1952 2949 in

374 3002 649 3055 pomorum
678 2987 979 3043 custodiam
999 3028 1014 3053 ,
1046 2987 1246 3058 Aquila
1264 3028 1278 3054 ,
1308 2987 1364 3042 in
1396 3002 1640 3041 acervum
1668 2985 1907 3053 lapidum
1930 3002 1950 3052 ;

378 3076 742 3148 Symmachus
770 3093 902 3133 vero
920 3117 937 3143 ,
967 3078 1021 3133 in
1049 3078 1221 3132 saltus
1242 3119 1258 3143 ,
1284 3076 1595 3133 ediderunt.

2056 1887 2153 1942 καὶ
2185 1887 2255 1942 ἐν
2285 1887 2416 1955 ταῖς
2463 1888 2772 1955 πλατείαις
2799 1886 3058 1957 ἐθυμίων
3102 1884 3195 1939 ἐπ’
3227 1883 3470 1950 αὐτούς.
3520 1884 3631 1937 Kal

2056 1980 2129 2035 τὰ
2170 1981 2380 2045 βιϐλία
2421 1980 2527 2035 τοῦ
2565 1979 2811 2051 ψαλμοῦ
2855 1977 2895 2033 ἀ
2923 1973 3105 2046 εὖρον
3128 1975 3629 2046 κατασχίσαντες,

2054 2071 2420 2140 ἐνεπύρισαν
2440 2071 2511 2126 ἐν
2546 2071 2711 2140 πυρί.
2743 2069 2853 2123 Καὶ
2875 2067 3187 2137 ἐπιλέγεται
3206 2084 3221 2100 ·
3252 2067 3362 2121 Kal
3415 2064 3630 2119 πολλοὶ

2056 2163 2126 2217 ἐν
2165 2163 2403 2233 Ἰσραὴλ
2427 2161 2832 2232 ὠχυρώθησαν
2849 2161 2921 2216 ὲν
2952 2159 3152 2227 αὐτοῖς
3178 2159 3286 2215 τοῦ
3308 2158 3395 2229 μὴ
3421 2156 3633 2228 φαγεῖν

2057 2253 2249 2310 κοινά.
2291 2254 2402 2310 Kal
2427 2253 2799 2320 ἀπεδέξαηο
2829 2251 3175 2319 ἀποθανεῖν,
3211 2252 3312 2306 ἵνα
3348 2251 3435 2321 μὴ
3463 2265 3634 2319 μιαν-

2058 2346 2205 2402 θῶσι
2242 2346 2368 2415 τοῖς
2397 2346 2696 2415 βρώμασι,
2739 2345 2839 2400 καί
2869 2344 3191 2402 ἀπέθανον.
3243 2343 3355 2397 Kal
3397 2342 3633 2412 ἐγένετο

2057 2438 2203 2510 ὀργὴ
2237 2438 2471 2511 μεγάλη
2514 2438 2613 2492 ἐπὶ
2644 2437 2883 2507 Ἰσραὴλ
2916 2436 3174 2506 σφόδρα.
3213 2434 3399 2489 Ταῦτα
3437 2434 3493 2487 δὲ
3525 2451 3631 2505 μα-

2058 2533 2209 2602 κροῑς
2248 2529 2472 2600 ὕστερον
2514 2527 2816 2600 ἐπληροῦτο
2853 2526 3065 2599 χρόνοις
3097 2524 3235 2597 μετὰ
3269 2523 3337 2579 τὰ
3374 2522 3632 2593 Ἀσσύρια

2058 2620 2151 2692 καὶ
2181 2618 2422 2689 Μηδικὰ,
2471 2619 2567 2672 καὶ
2617 2617 2756 2689 μετὰ
2797 2616 2867 2671 τὰ
2914 2615 3160 2688 Περσικὰ
3205 2616 3300 2669 καὶ
3348 2613 3488 2686 μετὰ
3532 2614 3633 2685 τὴν

2071 2707 2416 2783 Ἀλεξάνδρου
2467 2709 2563 2764 τοῦ
2609 2709 2914 2774 Μακέδονος
2970 2708 3250 2781 τελευτήν.
3295 2707 3370 2762 Τό
3414 2723 3479 2775 γε
3526 2705 3634 2777 μὴν

2058 2801 2284 2875 Πνεῦμα
2329 2802 2391 2856 τὸ
2439 2801 2581 2856 θεῖον
2626 2801 2715 2856 διὰ
2764 2801 2861 2855 τοῦ
2918 2800 3055 2873 μετὰ
3109 2801 3298 2871 χεῖρας
3347 2799 3635 2869 προφήτου

2057 2896 2198 2950 αὐτὰ
2229 2895 2293 2968 δὴ
2333 2895 2506 2949 ταῦτα
2538 2894 2786 2958 θεσπίζει
2813 2893 3000 2963 λέγον-
3048 2894 3103 2945 Ὁ
3140 2891 3312 2959 Θεὸς,
3352 2890 3634 2959 εἰσήλθο-

2057 3000 2180 3040 σαν
2208 2985 2352 3054 ἔθνη
2383 2987 2471 3051 είς
2497 2984 2615 3052 τὴν
2640 2986 3044 3054 κληρονομίαν
3078 3001 3218 3050 σου,
3247 2983 3500 3053 ἐμίαναν
3529 2978 3637 3033 τὸν

2056 3078 2210 3133 ναὸν
2263 3079 2372 3133 τὸν
2428 3077 2599 3149 ἅγιόν
2645 3093 2762 3131 σου
2781 3118 2798 3145 ,
2850 3078 3055 3132 ἔθεντο
3110 3073 3498 3145 Ἰερουσαλὴμ
3549 3073 3635 3137 είς

376 3172 892 3242 ὀπωροφυλάκιον.
925 3173 1167 3227 Ἕθεντο
1195 3172 1269 3226 τὰ
1305 3172 1631 3241 θνησιμαῒα
1670 3171 1791 3227 τῶν
1854 3171 2091 3226 δούλων
2121 3187 2239 3227 σου
2266 3170 2477 3243 βρῶμα
2517 3171 2642 3239 τοῖς
2681 3171 2974 3240 πετεινοῖς
3021 3171 3130 3226 τοῦ
3188 3169 3470 3239 ονίφανοῦ,
3528 3169 3635 3232 τὰς

377 3264 611 3332 ινάρκας
659 3263 778 3317 τῶν
804 3264 991 3318 ὁσίων
1020 3279 1138 3318 σου
1193 3262 1320 3329 τοῖς
1377 3265 1603 3332 θηρίοις
1663 3263 1776 3333 τῆς
1821 3262 1951 3334 γῆς.
2003 3263 2283 3334 Ἐξέχεαν
2324 3266 2390 3317 τὸ
2422 3258 2565 3333 αἷμα
2592 3264 2792 3318 αὐτῶν
2826 3265 2907 3331 ὡς
2936 3264 3094 3333 ὕδωρ
3156 3263 3361 3328 κύκλῳ
3418 3262 3632 3330 Ἰερου-

376 3355 605 3426 σαλὴμ,
632 3355 730 3410 καί
777 3359 890 3411 οὐκ
926 3350 1008 3426 ἦν
1041 3358 1074 3410 ὀ
1121 3355 1379 3411 θάπτων.
1417 3356 1814 3426 Ἐτενήθημεν
1862 3356 2093 3425 ὄνειδος
2136 3358 2262 3424 τοῖς
2296 3358 2560 3429 γείτοσιν
2591 3357 2779 3428 ἡμῶν,
2816 3355 3227 3428 μυκτηρισμὸς
3264 3356 3361 3410 καί
3408 3357 3627 3424 χλευα-

376 3446 532 3516 σμὸς
575 3446 699 3513 τοῖς
736 3448 940 3512 κύκλῳ
984 3448 1174 3518 ἡμῶν.
1228 3448 1378 3502 Ἀντὶ
1423 3449 1481 3503 δὲ
1523 3448 1640 3514 τοῦ,
1685 3451 1772 3515 είς
1821 3449 2337 3523 ὀπωροφυλάκιον,
2397 3452 2426 3505 ὁ
2468 3450 2567 3523 μὲν
2612 3449 2865 3516 Ἀκύλας,
2912 3451 3001 3517 είς
3054 3449 3435 3519 λιθολογίαν,
3471 3445 3500 3496 ὁ
3566 3442 3621 3496 δὲ

375 3539 689 3611 Σύμμαχος,
716 3541 802 3606 εις
832 3539 1096 3611 δρυμοὺς
1128 3538 1480 3595 ἐκδεδώκασι.

446 3628 616 3685 Vens.
648 3630 680 3684 5
729 3628 1022 3701 Usquequo,
1042 3628 1283 3696 Domine,
1311 3631 1559 3686 irasceris
1579 3632 1635 3685 in
1654 3631 1844 3702 ﬁnem,
1870 3647 1955 3685 ae-
1980 3633 2027 3696 (ζ

376 3721 626 3776 cendetur
669 3721 807 3775 velut
847 3721 987 3792 ignis
1018 3721 1162 3775 zelus
1193 3729 1315 3776 tuus
1344 3724 1370 3777 ?
1404 3720 1635 3778 Videtur
1661 3722 1792 3777 mihi
1822 3737 1951 3793 pro-

377 3814 540 3883 pheta
591 3798 775 3882 Asapb
825 3819 950 3884 post
995 3812 1407 3870 accusationem
1456 3812 1673 3870 Judaici
1725 3814 1947 3885 populi,

334 3944 343 3959 .
377 3918 540 3974 quam
578 3903 630 3958 in
663 3902 991 3974 praecedenti
1020 3903 1293 3967 instituit,
1325 3904 1442 3959 haec
1484 3904 1736 3976 apposite
1785 3902 1951 3958 indu-

376 4012 539 4060 cere,
585 4011 706 4067 quzc
752 3995 912 4066 quasi
960 3994 1029 4051 ad
1065 3994 1430 4065 placationem
1475 4006 1526 4052 et
1567 3995 1635 4051 ad
1680 3995 1947 4051 medelam

375 4103 563 4145 eorum
597 4103 718 4159 quae
751 4088 904 4158 prius
931 4089 1261 4160 reprehensa
1292 4086 1445 4144 fuere
1468 4088 1767 4158 composita
1798 4095 1947 4143 sunt.

376 4179 644 4237 Recenset
669 4180 853 4251 itaque
882 4181 1031 4235 varia
1062 4182 1256 4236 mortis
1279 4197 1478 4253 genera
1508 4179 1821 4237 Judaaorum
1853 4181 1949 4253 qui

374 4288 476 4344 pro
523 4274 725 4343 pietate
769 4273 1091 4346 martyrium
1144 4279 1281 4329 tunc
1333 4274 1642 4330 subierunt.
1702 4273 1949 4340 Quorum

376 4364 670 4419 morticina
734 4364 939 4420 inimici
990 4364 1085 4420 Dei
1137 4365 1194 4420 in
1243 4380 1400 4422 escas
1460 4366 1776 4423 volatilibus
1819 4363 1950 4420 οωιί

376 4455 684 4521 dederunt,
715 4465 770 4511 et
805 4471 1003 4511 carnes
1046 4463 1369 4511 sanctorum
1404 4456 1496 4512 Dei
1538 4457 1732 4513 bestiis
1767 4463 1947 4511 terraa.

2129 3629 2283 3695 Ἕως
2304 3628 2467 3691 πότε,
2492 3627 2686 3697 Κύριε,
2713 3626 3046 3698 ὀργισθήσῃ
3080 3627 3166 3693 είς
3190 3623 3383 3693 τέλος,
3412 3627 3626 3684 ἐκκαυ-

2056 3716 2301 3787 θήσεται
2318 3717 2398 3783 ὡς
2419 3716 2538 3787 πῦρ
2566 3720 2599 3771 ό
2631 3715 2808 3786 ζῆλος
2829 3732 2945 3771 σου
2964 3733 2983 3780 ;
3005 3718 3162 3769 Δοκεῖ
3187 3717 3325 3788 μοιὸ
3351 3718 3632 3791 προφήτης
3748 3775 3765 3786 α

2069 3807 2241 3879 Ἀσάφ
2264 3809 2402 3880 μετὰ
2428 3807 2526 3881 τὴν
2553 3809 2649 3863 τοῦ
2684 3806 2949 3864 Ἰουδαίων
2975 3808 3160 3874 ἔθνους
3186 3810 3540 3882 κατηγορίαν,
3565 3810 3634 3881 ἢν

2057 3900 2350 3971 πεποίηται
2381 3901 2441 3955 ἐν
2488 3899 2570 3971 τῷ
2614 3900 2722 3972 πρὸ
2777 3901 3000 3963 τούτου,
3048 3899 3118 3954 τὰ
3173 3900 3508 3972 προκείμενα
3541 3901 3636 3955 καὶ

2054 3991 2364 4056 ἀκολούθως
2418 3992 2669 4062 ἐπάγειν,
2711 3991 3059 4064 ἐξιλεούμενα
3107 3989 3295 4063 ὥσπερ
3333 3994 3429 4046 καὶ
3473 3991 3637 4064 θερα-

2058 4082 2291 4136 πεύοντα
2334 4082 2404 4137 τὰ
2429 4083 2519 4138 διὰ
2564 4084 2673 4137 τῶν
2714 4083 3021 4157 ἔμπροσθεν
3059 4082 3420 4156 ἐληλεγμένα.
3451 4086 3638 4140 Κατα-

2058 4173 2205 4244 λέγει
2233 4174 2364 4244 γοῦν
2398 4176 2524 4240 τοὺς
2553 4175 2692 4249 ὑπὲρ
2734 4175 3014 4241 εύσεὸείας
3056 4175 3316 4240 θανάτους
3348 4176 3456 4231 τῶν
3501 4177 3635 4249 παρ’

2060 4269 2243 4332 αὐτοῖς
2270 4267 2544 4333 Ἰουδαίοις
2580 4268 3081 4340 μεμαρτυρηκότων
3098 4285 3112 4299 '
3140 4262 3216 4324 ὧν
3236 4270 3305 4323 τὰ
3335 4270 3637 4343 θνησιμαία

2053 4361 2104 4413 οἱ
2130 4358 2316 4433 ἐχθροὶ
2359 4357 2454 4413 τοῦ
2484 4358 2620 4413 Θεοῦ
2667 4358 2847 4413 ἔθεντο
2880 4358 3143 4432 βρώματα
3201 4363 3314 4425 τοῖς
3361 4363 3637 4425 πετεινοῖς

2056 4448 2150 4502 τοῦ
2193 4449 2424 4521 ούρανοῦ
2444 4488 2460 4513 ,
2488 4449 2584 4503 καὶ
2614 4450 2714 4513 τὰς
2756 4448 2966 4519 σάρκας
3006 4448 3114 4503 τῶν
3154 4449 3318 4504 ὁσίων
3361 4449 3455 4503 τοῦ
3495 4448 3633 4503 Θεοῦ

2057 4541 2169 4604 τοῖς
2201 4539 2408 4611 θηρίοις
2445 4539 2546 4609 τῆς
2577 4539 2699 4610 γῆς.
2740 4540 3025 4612 Εύκαίρως
3066 4537 3243 4593 τοίνυν
3292 4538 3387 4594 ἐπὶ
3421 4538 3634 4603 τούτοις

2061 4631 2338 4686 ἱλάσκεται
2367 4632 2461 4686 τὸν
2503 4630 2636 4685 Θεὸν
2658 4671 2676 4697 ,
2713 4631 2916 4688 ὡσανεὶ
2941 4632 3130 4696 θυσίας
3172 4630 3321 4704 αύτῷ
3360 4648 3636 4704 προσενη-

377 4726 740 4795 Quamobrem
782 4727 897 4783 ait:
931 4725 1227 4798 Usquequo,
1261 4727 1502 4793 Domine,
1530 4728 1781 4781 irasceris
1808 4727 1862 4781 in
1888 4727 1952 4796 ﬁ-

2057 4725 2325 4797 νεγμένης
2360 4725 2456 4779 τοῦ
2490 4725 2720 4779 θανάτου
2742 4724 2853 4780 τῶν
2900 4725 3063 4780 ὁσίων
3093 4723 3279 4780 αὐτοῦ.
3315 4725 3408 4778 Διό
3429 4740 3592 4797 φησιν
3613 4739 3633 4758 ·

376 4821 537 4875 nem?
562 4819 628 4872 ad
661 4818 905 4889 priorum
941 4820 1256 4886 memoriam
1287 4812 1598 4875 sermonem
1630 4818 1904 4875 reducens
1925 4859 1940 4884 ,

2059 4816 2207 4882 Ἕως
2248 4816 2420 4881 πότε,
2456 4816 2667 4885 Κύριε,
2699 4816 3032 4887 ὀργισθήσῃ
3077 4818 3165 4884 είς
3216 4815 3426 4883 τέλος;
3476 4816 3637 4870 Ἀνα-

376 4912 536 4983 queis
589 4910 873 4966 ditmbatur
909 4930 923 4967 :
966 4909 1180 4983 thuid,
1243 4909 1410 4976 Deus,
1468 4910 1714 4981 repulisti
1769 4911 1825 4965 in
1876 4913 1946 4982 ﬁ-

2055 4905 2290 4976 πέμπων
2325 4906 2416 4961 τὸν
2446 4906 2600 4976 λόγον
2639 4908 2732 4962 ἐπὶ
2770 4906 2868 4980 τὴν
2903 4908 3124 4980 μνήμην
3162 4906 3271 4962 τῶν
3302 4905 3633 4979 ἔμπροσθεν,

376 5017 493 5055 nem
522 5000 606 5055 "'l
629 4997 762 5055 Vult
793 4999 939 5055 enim
971 5009 1272 5056 extremam
1304 5000 1451 5054 illam
1485 4999 1671 5070 populi
1724 5000 1938 5055 ruinam

2054 4997 2119 5052 δι’
2145 4990 2220 5053 ὧν
2251 4999 2462 5072 εῐρητο·
2504 4999 2696 5065 ἰν-ατί,
2742 5001 2776 5054 ὁ
2817 4999 2980 5067 Θεὸς,
3033 4998 3254 5054 ἀπώσω
3294 5000 3382 5065 είς
3421 4997 3634 5065 τέλος;

373 5101 429 5147 et
453 5092 813 5163 abjectionem
838 5091 1103 5152 cohiberi.
1122 5098 1177 5146 et
1200 5106 1296 5163 per
1321 5091 1606 5162 sanguinis
1624 5100 1947 5147 sanctorum

2054 5088 2309 5143 Βούλεται
2340 5088 2448 5162 γὰρ
2487 5091 2585 5164 τὴν
2628 5092 2708 5156 εἰς
2752 5090 2905 5156 τέλος
2944 5091 3261 5146 ἀπόπτωσιν
3300 5090 3393 5145 καὶ
3431 5089 3636 5144 ἀποδο-

376 5200 601 5239 suorum
639 5184 957 5239 memoriam
1013 5183 1151 5237 iram
1208 5183 1411 5239 sedari.
1462 5181 1770 5253 Utrumque
1816 5198 1949 5238 vero

2055 5181 2152 5255 λὴν
2182 5180 2275 5235 τοῦ
2312 5181 2443 5237 λαοῦ
2480 5182 2854 5254 ἐπισχεθῆναι,
2879 5184 2973 5237 καὶ
3005 5183 3072 5237 τά
3100 5182 3199 5254 τῆς
3230 5181 3399 5254 ὀργῆς
3420 5181 3636 5236 παύσα-

374 5272 605 5339 dictum,
642 5287 856 5342 nempe,
897 5271 1197 5344 Usqueqno,
1234 5272 1480 5337 Domine,
1525 5273 1774 5328 irasceris
1805 5273 1860 5326 in
1889 5272 1952 5341 [i-

2059 5272 2182 5327 σθαι
2207 5271 2294 5327 διὰ
2322 5272 2422 5344 τῆς
2463 5274 2683 5345 μνήμης
2723 5274 2818 5328 τοῦ
2845 5274 3076 5346 αἵματος
3106 5273 3214 5327 τῶν
3248 5274 3412 5327 ὁσίων
3443 5268 3635 5327 αὐτοῦ.

376 5368 531 5423 nem?
556 5375 611 5421 et
630 5366 777 5437 quod
801 5365 1072 5436 sequitur,
1111 5365 1435 5421 Exardescet
1465 5365 1600 5420 sicut
1629 5366 1763 5437 ignis
1799 5365 1948 5425 zelus

2058 5367 2194 5421 Κατ’
2238 5365 2543 5437 ἀμφότερον
2584 5365 2641 5418 δὲ
2675 5366 2885 5442 ἀκούσῃ
2925 5368 3007 5433 τὸ,
3036 5368 3182 5434 Ἕως
3226 5366 3392 5434 πότε,
3431 5366 3637 5434 Κύριε,

375 4544 692 4619 Opportune
720 4547 887 4617 igitur
911 4561 1012 4618 pro
1038 4547 1106 4603 iis
1133 4545 1303 4602 Deum
1338 4548 1521 4619 placat
1548 4587 1565 4611 ,
1598 4562 1662 4602 ac
1694 4546 1738 4603 si
1774 4546 1952 4602 sacri-

376 4636 561 4691 ﬁcium
620 4635 725 4707 ipsi
777 4643 954 4691 morte
1005 4642 1324 4691 sanctorum
1380 4650 1608 4691 suorum
1660 4633 1946 4691 offeratur.

450 5542 495 5579 ⁸⁸
528 5544 551 5599 Ι
588 5545 763 5602 Much.
796 5562 847 5612 ι,
877 5545 967 5601 21.
1046 5545 1089 5578 ⁸⁸
1129 5546 1259 5602 ibid.
1296 5545 1388 5602 Η.
1466 5545 1513 5577 ⁵⁸
1553 5545 1683 5601 ibid.
1715 5546 1804 5602 57.
1884 5544 1945 5627 ²ξ⁸Δ

2054 5545 2103 5601 [1.
2137 5544 2226 5601 εδ.
2309 5547 2351 5581 ε’
2389 5547 2534 5604 Psat.
2573 5562 2778 5616 ωιιιιι,
2818 5548 2871 5602 1.

451 5698 524 5767 (ι)
556 5698 681 5754 ιιεεε
698 5701 755 5756 in
775 5700 963 5756 Bibliis
987 5701 1206 5771 paulum
1230 5702 1448 5760 diversa
1480 5710 1630 5759 sunt.
