4066 6380
469 407 575 460 935

1594 406 2101 465 ΟΟΜΜΕΝΤΔΒΙΛ
2141 408 2209 463 ΙΝ
2253 402 2587 462 PSALMOS.

3615 402 3723 459 9A6

467 521 794 594 ὀργισθιξσῃ
822 525 910 588 είς
947 522 1153 589 τέλος
1181 523 1275 576 καὶ
1317 521 1460 576 κατὰ
1486 523 1611 587 τοὺς
1643 524 1770 595 ἑξῆς
1804 523 2049 593 ἐπιλεγο-

2159 532 2283 577 tuus
2307 525 2331 578 .9
2356 522 2438 577 sic
2471 519 2782 590 intelligas:
2819 518 3118 587 Quousque
3151 516 3266 573 haec
3295 520 3490 574 erunt?
3518 518 3729 576 Dicitur

470 617 682 689 μένους,
722 611 1186 681 Ἐκκαυθήσεται
1209 613 1291 679 ὡς
1312 612 1433 681 πῦρ
1461 615 1494 666 ό
1522 610 1699 680 ζῆλός
1720 629 1873 675 σους
1905 613 2050 678 Ἕως

470 707 597 761 πότε
626 705 734 777 γὰρ
766 706 860 760 καὶ
882 702 1042 758 τοῦτο
1065 704 1250 769 ἔσταις
1283 704 1545 759 Λέλεκται
1573 704 1631 759 δὲ
1662 707 1691 760 ό
1716 705 1875 776 ζῆλος
1910 705 2052 759 κατὰ

466 797 780 871 παραδολήν
816 796 927 850 τῶν
969 797 1038 851 δι’
1067 796 1373 869 ὑπερϐολὴν
1409 796 1700 861 διαθέσεως
1747 796 2052 867 ζηλούντων

464 889 564 954 τὰς
592 889 798 943 ἑαυτῶν
828 888 1096 961 γαμετὰς,
1118 889 1167 942 εἰ
1192 887 1509 960 προσέχοιεν
1529 888 1736 958 ὲτεροις
1759 886 2013 959 ἀνδράσιν
2031 903 2045 917 ⁸

466 979 611 1035 οὕτω
634 980 763 1050 γοῦν
794 981 889 1034 καὶ
920 980 1015 1034 ἐπὶ
1051 980 1145 1034 τοῦ
1186 979 1320 1034 Θεοῦ
1373 980 1473 1050 τὴν
1510 978 1790 1050 ἐκδίκησιν
1820 979 1928 1033 τῶν
1954 979 2051 1043 τὰς

468 1072 608 1144 πρὸς
645 1071 808 1125 αὐτὸν
875 1070 1152 1142 συνθήκας
1197 1070 1642 1143 παραὸαινόντων
1686 1068 1847 1143 ζῆλον
1892 1070 2050 1125 είωθε

467 1163 651 1218 καλεῖν
702 1164 734 1218 ό
779 1162 955 1232 λόγος.
1002 1162 1258 1217 Ἱκετεύει
1301 1162 1487 1216 τοίνυν
1524 1164 1554 1216 ό
1599 1163 1889 1235 Προφήτης
1932 1163 2051 1232 ήτοι

465 1253 525 1321 ἐξ
561 1251 692 1308 ίδίου
722 1251 1038 1327 προσώπου,
1067 1253 1101 1325 ἢ
1132 1254 1227 1308 καὶ
1257 1252 1333 1317 ὡς
1371 1255 1439 1307 ἐκ
1462 1252 1571 1306 τῶν
1597 1252 1739 1307 κατά
1764 1256 1891 1318 τοὺς
1930 1255 2050 1309 Ἀν-

464 1346 644 1417 τιόχου
694 1346 919 1420 χράνους
972 1345 1365 1411 διασωθέντων,
1417 1345 1555 1417 μετὰ
1596 1345 1697 1418 τὴν
1748 1346 2053 1419 πρόρρησιν

460 1435 573 1492 τῶν
603 1437 906 1510 μελλόντων
939 1438 1161 1492 ἔσεσθαι
1195 1439 1336 1493 κατὰ
1375 1438 1641 1509 ’Δντίοχον
1676 1437 1769 1493 τὸν
1805 1439 1906 1510 τῆς
1949 1440 2052 1493 Συ-

467 1527 587 1599 ρίας
610 1529 853 1599 βασιλέα,
888 1528 1007 1584 καθ’
1036 1530 1096 1584 ὃν
1123 1531 1173 1584 oi
1198 1531 1337 1585 ὅσιοι
1371 1529 1466 1586 τοῦ
1492 1529 1629 1585 Θεοῦ
1663 1530 1755 1584 τὸν
1794 1531 1934 1604 ὑπὲρ
1961 1532 2052 1587 εύ-

464 1620 679 1685 σεϐείας
724 1610 955 1677 θάνατον
987 1623 1459 1695 ὅπομεμενήκασι,
1500 1622 1811 1677 παύσασθαι
1850 1622 1953 1694 μὲν
1982 1624 2052 1679 τὰ

460 1710 559 1781 τῆς
590 1712 762 1784 όργῆς
788 1712 888 1785 τῆς
923 1713 1068 1768 κατὰ
1093 1713 1189 1767 τοῦ
1228 1714 1381 1780 λαοῦ,
1415 1714 1690 1787 μετελθεῖν
1718 1715 1776 1770 δὲ
1829 1715 1954 1781 τοὺς
2000 1717 2057 1769 ὲ-

460 1800 659 1871 χθροὺς
681 1802 973 1859 minimo
997 1820 1183 1875 φησιν·
1213 1806 1463 1876 Ἕκχεον
1483 1806 1600 1875 τὴν
1618 1807 1804 1877 ὀργήν
1821 1824 1938 1863 σου
1956 1808 2056 1864 ἐπὶ

2151 623 2336 669 autem
2365 615 2539 681 zelus,
2564 612 2633 668 ad
2662 612 2977 683 exemplum
3007 625 3199 667 eorum
3231 612 3324 681 qui
3359 611 3540 666 nimia:
3582 615 3730 668 zelo-

2151 706 2313 779 typize
2339 706 2533 761 all'ectu
2565 711 2825 761 tenentur
2841 719 2971 775 erga
2992 718 3215 769 uxores,
3239 703 3286 760 si
3319 704 3386 759 ad
3415 705 3554 761 alios
3582 706 3732 764 viros

2153 797 2450 864 accedant;
2485 798 2569 853 sic
2599 797 2748 853 enim
2775 804 2831 852 et
2862 796 2918 851 in
2942 795 3055 851 Deo
3087 796 3352 852 ultionem
3408 812 3599 852 eorum
3633 797 3729 868 qui

2152 899 2311 963 pacta
2336 906 2462 947 cum
2493 906 2562 947 eo
2596 890 2734 945 inita
2768 889 3099 961 transgressi
3155 899 3309 947 sunt.
3346 890 3525 944 zelum
3580 890 3732 945 Scri-

2152 992 2312 1054 ptura
2335 970 2476 1038 solet
2505 981 2808 1052 appellare.-
2831 980 3118 1052 Supplicat
3135 996 3267 1052 ergo
3292 980 3590 1052 Propheta,
3613 983 3731 1037 sive

2151 1091 2216 1131 ex
2248 1074 2466 1145 propria
2498 1088 2754 1145 persona,
2775 1072 2892 1129 sive
2914 1087 3104 1129 eorum
3133 1073 3352 1128 nomine
3369 1073 3462 1144 qui
3486 1080 3732 1142 tempore

2154 1163 2412 1219 Antiochi
2444 1164 2581 1220 salvi
2617 1163 2748 1218 lacti
2770 1170 2923 1225 sunt,
2958 1172 3081 1232 post
3109 1161 3520 1234 praedictionem
3538 1176 3731 1217 eorum

2153 1273 2274 1330 quae
2301 1266 2548 1329 tempore
2580 1257 2838 1313 Antiochi
2869 1256 3043 1328 Syriae
3078 1257 3225 1326 regis
3255 1263 3520 1310 eventura
3547 1264 3728 1318 erant,

2153 1348 2377 1421 quando
2400 1348 2577 1403 sancti
2611 1346 2702 1403 Dei
2742 1362 2843 1419 pro
2870 1347 3072 1417 pietate
3108 1354 3341 1400 mortem
3375 1344 3630 1407 subiere,
3671 1350 3729 1398 ut

2153 1449 2334 1498 cesset
2387 1441 2468 1495 ira
2534 1439 2737 1511 populo
2790 1438 3063 1503 immissa,
3098 1445 3153 1493 et
3206 1435 3429 1491 invadat
3481 1436 3735 1491 inimicos

2153 1529 2297 1599 ejus.
2328 1527 2695 1595 Quamobrem
2719 1528 2795 1583 ait
2826 1546 2840 1583 :
2872 1526 3128 1583 —Vsns.
3163 1526 3220 1589 6.
3250 1527 3301 1582 7.
3338 1524 3565 1595 [tl/funde
3594 1526 3732 1580 iram

2157 1631 2306 1676 tuam
2333 1622 2387 1676 in
2408 1631 2584 1692 gentes
2615 1636 2733 1691 qua:
2755 1630 2807 1677 te
2832 1637 2935 1675 non
2970 1630 3250 1683 noverunt,
3270 1628 3320 1674 et
3350 1619 3403 1673 in
3428 1635 3590 1689 regna
3616 1633 3733 1688 qua:

2157 1730 2345 1769 nomen
2405 1722 2552 1766 tuum
2603 1729 2707 1768 non
2761 1713 3151 1768 invocaverunt.
3209 1712 3350 1778 Quia
3399 1709 3734 1765 comederunt

2155 1804 2345 1869 Iacob,
2380 1815 2431 1860 et
2453 1805 2627 1859 locum
2654 1806 2769 1875 ejus
2825 1804 3215 1869 desolarerunt.
3247 1804 3566 1874 Opportune
3615 1803 3736 1859 exi-

422 1890 425 1893 ’
462 1891 535 1945 τὰ
565 1892 711 1961 ἔθνη
743 1893 816 1947 τὰ
838 1892 926 1963 μὴ
957 1894 1329 1964 γινώσκω-τά
1352 1911 1449 1960 σε,
1480 1897 1579 1952 καί
1610 1898 1711 1952 ἐπὶ
1729 1899 2049 1966 ,βασιλείας

2154 1897 2320 1954 stimo
2344 1897 2437 1953 hic
2495 1896 2683 1952 Jacobi
2739 1897 3075 1953 mentionem
3132 1897 3274 1963 lleri,
3304 1897 3377 1951 ob
3409 1896 3732 1965 religionem

460 1980 524 2038 at
568 1977 640 2037 τό
681 1982 870 2053 ὄνομά
905 2000 1023 2040 σου
1062 1987 1174 2040 οὐκ
1207 1985 1678 2045 ἐπεκαλέσαντο.
1722 1990 1842 2045 Ὅτι
1885 1988 2054 2044 κατέ-

460 2091 657 2145 φαγον
692 2076 802 2129 τὸν
838 2075 1056 2141 Ἰακὼϐ,
1088 2078 1191 2132 καὶ
1228 2078 1337 2132 τὸν
1374 2080 1561 2134 τόπον
1590 2082 1779 2136 αὐτοῦ
1820 2080 2054 2151 ἠρήμω-

458 2180 604 2220 σαν.
636 2167 794 2221 Κατὰ
837 2168 1029 2239 καιρόν
1075 2168 1132 2222 δὲ
1179 2171 1238 2223 ὲν
1280 2170 1490 2236 τούτοις
1525 2172 1621 2226 τοῦ
1666 2171 1861 2227 Ἰακὼὸ
1896 2168 2052 2245 οἶμαι

461 2257 789 2331 πεποιῆσθαι
817 2259 916 2332 τὴν
950 2261 1170 2332 μνήμην
1194 2261 1293 2333 τῆς
1318 2262 1413 2317 τοῦ
1443 2262 1673 2318 παλαιοῦ
1707 2266 2052 2337 προπάτορος

461 2348 773 2415 θεοσεϐείας
812 2351 994 2406 ἕνεκα.
1032 2353 1122 2418 Ὣς
1152 2354 1261 2426 γὰρ
1306 2356 1740 2429 ὑπομιμνήσκων
1787 2357 1878 2412 τὸν
1920 2357 2053 2412 Θεὸν

460 2439 556 2494 τοῦ
596 2440 875 2513 θεοφιλοῦς
901 2445 1095 2519 ἀνδρὸς
1126 2446 1221 2500 καὶ
1250 2446 1351 2518 τῆς
1379 2448 1589 2503 ἐκείνου
1618 2449 1839 2522 ἀρετῆς,
1879 2450 2052 2504 δυσω-

464 2534 560 2586 πεῖ
602 2533 692 2589 διὰ
741 2535 841 2606 τῆς
889 2538 1099 2592 ἐκείνου
1135 2539 1377 2611 μνήμης,
1425 2540 1521 2594 καὶ
1573 2540 1806 2596 ίλεοῦται
1847 2541 1917 2596 τὰ
1947 2558 2053 2595 πα-

465 2623 642 2696 ρόντα.
688 2627 776 2681 Ἐν
803 2629 902 2699 μὲν
942 2629 1021 2701 τῷ
1058 2631 1165 2702 πρὸ
1206 2631 1399 2699 τούτου
1436 2632 1658 2706 ψαλμῷ,
1690 2633 1929 2706 ὁπηνίκα
1954 2635 2050 2690 τοῦ

471 2713 670 2791 Ἰωσὴφ
699 2718 1105 2790 ἐμνημόνευεν,
1142 2724 1205 2777 οὐ
1254 2723 1345 2777 τὸν
1387 2724 1607 2795 Ἰωσὴφ,
1636 2720 1775 2780 ἀλλὰ
1810 2726 1873 2780 τὸ
1918 2727 2052 2798 σκή-

460 2819 622 2880 νωμα
652 2806 816 2861 αὐτοῦ
846 2808 1249 2883 ἀποόεσλῆσθαι
1279 2812 1432 2882 ἔλεγε
1475 2813 1562 2869 διὰ
1589 2814 1682 2870 τοῦ
1702 2833 1719 2847 ο
1745 2816 1858 2871 Καὶ
1888 2817 2048 2872 ἀπώ-

461 2907 614 2949 σατο
641 2897 708 2950 τὸ
735 2897 1028 2971 σκήνωμα
1051 2902 1295 2973 Ἰωσὴφ,
1319 2905 1425 2959 καὶ
1447 2906 1563 2975 τὴν
1579 2908 1786 2978 φυλὴν
1808 2911 2049 2981 Ἐφραῖμ

461 2988 574 3041 οὐκ
611 2987 954 3056 ἐξελέξατο,
986 2992 1079 3048 τοῦ
1124 2994 1283 3065 λόγου
1335 2997 1690 3068 σημαίνοντος
1724 3000 1817 3055 τὸν
1851 3002 1910 3056 εν
1947 3003 2051 3074 Ση-

462 3075 584 3167 λὼμ
629 3078 826 3135 τόπον
862 3083 1092 3157 ἐπείπερ
1140 3086 1198 3139 ἐν
1250 3085 1434 3159 κλήρῳ
1476 3089 1577 3161 τῆς
1623 3091 1799 3160 φυλῆς
1854 3091 2049 3167 Ἰωσήφ

461 3166 640 3222 ἔκειτο
670 3171 705 3242 ή
734 3171 933 3244 Σηλὼμ
952 3190 970 3205 ι
994 3175 1054 3228 εν
1086 3175 1294 3243 τούτοις
1321 3178 1378 3233 δὲ
1408 3179 1502 3233 τοῦ
1548 3179 1744 3235 Ἰακὼὸ
1775 3166 2049 3255 μέμνηται

2155 1988 2320 2059 prisci
2354 1988 2501 2044 illius
2534 1988 2698 2043 atavi.
2748 1985 2883 2042 Nam
2926 1988 3088 2043 talem
3122 1987 3301 2042 virum
3331 1985 3444 2042 Deo
3472 1986 3733 2041 dilectum

2151 2082 2384 2152 ejusque
2407 2079 2668 2135 virtutem
2711 2078 2817 2149 ipsi
2872 2077 2985 2133 Deo
3019 2091 3485 2141 commemorans,
3514 2076 3734 2132 videtur

2152 2171 2275 2243 ejus
2303 2172 2580 2228 mentione
2611 2169 2753 2225 facta
2784 2170 2964 2240 ipsum
2996 2170 3380 2240 deprecari,et
3404 2169 3458 2223 in
3474 2168 3732 2239 praesenti

2152 2280 2285 2322 casu
2342 2264 2639 2336 propitium
2703 2262 2954 2319 reddere.
3011 2261 3068 2317 ln
3124 2261 3457 2333 praecedenti
3510 2261 3731 2332 quidem
3848 2334 3857 2337 _

2152 2358 2386 2427 psalmo,
2424 2356 2649 2427 quando
2682 2353 2984 2425 Josepbum
3012 2356 3361 2420 memoravit,
3392 2370 3502 2409 non
3553 2356 3732 2425 ipsum

2151 2448 2473 2520 losephum.
2497 2449 2595 2505 sed
2625 2448 3046 2505 tabernaculum
3075 2447 3199 2518 ejus
3248 2449 3530 2519 repulsum
3564 2447 3734 2502 fuisse

2152 2542 2292 2599 dixit
2324 2542 2412 2596 his
2441 2542 2625 2597 verbis
2659 2561 2677 2597 :,
2722 2540 2789 2595 Et
2826 2540 3021 2610 repulit
3063 2539 3462 2594 tabernaculum
3509 2537 3727 2607 Ioseph,

2151 2643 2200 2689 et
2239 2633 2433 2688 tribum
2466 2632 2721 2704 Ephraim
2753 2650 2856 2688 non
2904 2633 3057 2703 elegit
3092 2632 3164 2697 ",
3207 2632 3407 2700 hisque
3454 2630 3733 2703 signiﬁcat

2154 2725 2331 2781 locum
2368 2724 2521 2779 illum
2554 2725 2611 2779 in
2657 2723 2772 2779 Silo
2802 2724 3008 2791 situm;
3041 2722 3172 2794 quia
3220 2723 3276 2777 in
3329 2723 3473 2778 tribu
3529 2720 3734 2794 Joseph

2154 2817 2268 2873 Silo
2292 2816 2532 2887 jacebat.
2566 2816 2667 2871 llic
2694 2832 2827 2873 vero
2856 2815 3122 2871 Jacobum
3156 2814 3407 2870 meminit
3440 2821 3497 2869 et
3545 2814 3728 2868 locum

2150 2907 2275 2977 ejus
2305 2924 2320 2962 :
2355 2922 2451 2977 per
2481 2904 3033 2977 Jacobum,.religiosi
3068 2904 3217 2960 illius
3242 2904 3342 2959 viri
3368 2913 3617 2975 posteros
3642 2903 3728 2958 in-

2150 3000 2373 3066 dicaris;
2403 3016 2498 3071 per
2524 3000 2703 3054 locum
2728 3014 2858 3055 vero
2876 2997 3021 3072 ejps,
3054 2996 3519 3069 Hierosolymam,
3563 3010 3731 3067 quam

2150 3093 2205 3147 in
2239 3093 2593 3152 solitudinem
2622 3093 2757 3147 verti
2791 3099 3038 3163 tempore
3061 3091 3317 3145 Antiochi
3339 3090 3589 3160 contigit.
3617 3088 3733 3145 Sub

2154 3185 2269 3241 haec
2297 3183 2494 3253 adjicit:
2519 3203 2531 3239 :
2559 3214 2629 3223 —
2661 3182 2825 3239 Vens.
2861 3182 2928 3238 8.
2949 3180 3031 3239 Ne
3059 3181 3356 3241 memineris
3384 3181 3726 3253 iniquitatum

461 3257 557 3310 καὶ
582 3257 681 3314 τοῦ
709 3260 878 3314 τόπου
926 3263 1120 3317 αὑτοῦ·
1155 3264 1242 3319 διὰ
1277 3268 1377 3338 μὲν
1412 3269 1507 3323 τοῦ
1548 3271 1741 3325 Ἰακὼὸ
1760 3272 1888 3337 τοὺς
1917 3272 2049 3327 ἀπο-

2155 3283 2461 3333 nostrarum
2505 3274 2868 3344 antiquarum.
2918 3272 3024 3328 Eos
3070 3272 3168 3344 qui
3202 3288 3303 3344 pro
3340 3270 3591 3344 pristinis
3621 3271 3732 3328 illis

459 3346 649 3417 γόνους
689 3348 784 3404 τοῦ
822 3350 1100 3423 θεοφιλοῦς
1150 3357 1343 3431 ἀνδρὸς
1381 3359 1578 3432 δηλῶν,
1611 3361 1700 3417 διὰ
1736 3363 1795 3418 δὲ
1833 3363 1926 3417 106
1953 3366 2047 3420 τό-

459 3458 563 3495 που
591 3442 765 3497 αὐτού
786 3445 889 3517 τὴν
918 3446 1272 3521 Ἰερουσαλήμ
1299 3451 1602 3524 σημαίνων,
1624 3454 1692 3525 ῆν
1733 3456 1814 3520 είς
1844 3455 2051 3529 ἔρημον

459 3533 637 3590 ἐλθεῖν
660 3536 809 3590 κατὰ.
824 3540 949 3602 τοὺς
991 3539 1261 3612 Ἀντιόχου
1288 3542 1489 3615 συνέϐη
1514 3545 1758 3618 χρόνους.
1783 3542 1899 3601 Εἶθ’
1921 3547 2051 3620 ἑξῆς

458 3626 729 3696 ἐπιλέγει*
779 3627 878 3697 Μὴ
925 3632 1208 3701 μνησθῇς
1249 3634 1421 3703 ἡμῶν
1462 3637 1725 3706 ἀνομιῶν
1763 3639 2049 3708 ἀρχαίων-τ

459 3717 526 3771 οι
556 3718 602 3771 δ’
640 3718 782 3791 ὕπερ
826 3720 1068 3792 ἀρχαίων
1112 3723 1526 3796 ἁμαρτημάτων
1569 3729 1861 3800 εὐχόμενοιι
1897 3731 2045 3801 δῆλοι

458 3806 528 3864 ἂν
566 3804 681 3863 εῐεν
713 3809 789 3882 μή
832 3812 1115 3884 νεωτέροις
1160 3816 1467 3887 ὲνεχόμενοι
1505 3819 1857 3891 πταίσμασιν.
1906 3822 2049 3877 “Aw!

458 3895 520 3953 δι
548 3899 666 3966 τοῦ,
696 3899 853 3969 Ταχὺ
890 3905 1507 3970 προκαταλαϐέτωσαν
1536 3907 1694 3977 ἡμᾶς
1733 3913 1788 3964 ol
1833 3914 2048 3981 οἰκτιρ-

460 3990 560 4061 μοί
585 4005 728 4056 σου,
759 3991 852 4047 ὅτι
882 3993 1346 4067 ἐπτωχεύοναμεν
1372 3998 1629 4067 σφόδρα,
1655 4003 1684 4053 ό
1716 4001 2043 4073 Σύμμαχος,

465 4082 756 4153 Τάχυνον,
782 4086 1280 4154 προκαταλαῦἳίτω
1310 4089 1469 4159 ἡμᾶς
1498 4092 1570 4145 τὰ
1609 4091 1749 4161 ἀλέη
1779 4108 1919 4153 σου.
1955 4095 2045 4149 ὅτι

459 4174 844 4248 ήτονήσαμεν
868 4181 1123 4250 σφόδρα.
1152 4183 1516 4255 ήρμήνευσενπ.
1544 4187 1756 4258 Ὥσπερ
1788 4187 1846 4242 δὲ
1878 4188 2046 4262 ἀθλη-

458 4266 580 4338 τής,
610 4268 838 4336 πολλοὺς
870 4272 1111 4337 ὑποστὰς
1135 4274 1351 4343 ἀγῶνας
1393 4276 1487 4329 καὶ
1519 4276 1714 4342 ἄθλους
1745 4279 2044 4351 ὑπομείνας
2090 4331 2102 4342 ,

459 4358 690 4425 πολλοὺς
730 4361 791 4416 ιν
828 4364 1066 4434 φροντίδι
1111 4365 1436 4439 καθέστηκε,
1477 4370 1553 4441 μή
1598 4387 1674 4441 πη
1719 4371 2046 4446 ἐξατονήσας

459 4448 636 4523 πιέσῃ⁸
667 4449 760 4504 τὸν
792 4452 1177 4526 αὐτὸντρόπον
1215 4456 1309 4511 καὶ
1337 4457 1447 4511 οἶδε
1510 4460 1809 4515 ἱκετεύουσι
1835 4480 2045 4533 προκα-

458 4538 796 4612 ταληφθῆναι
845 4545 944 4597 καὶ
987 4542 1241 4617 βοηθείας
1282 4550 1484 4620 τυχεῖν.
1534 4552 1626 4605 Διό
1668 4569 1831 4623 φασν
1885 4554 2043 4623 Ταχὺ

2152 3368 2397 3438 peccatis
2451 3368 2805 3439 supplicant..
2832 3368 3013 3437 palam
3052 3374 3139 3422 est
3181 3380 3292 3420 non
3326 3380 3452 3423 esse
3503 3364 3733 3436 nuperis

2150 3459 2363 3521 delictis
2406 3460 2698 3516 obnoxios.
2751 3457 2857 3514 Pro
2895 3458 2989 3514 illo
3016 3465 3197 3515 autem
3232 3492 3249 3524 ,
3287 3457 3408 3514 Cito
3447 3458 3733 3526 anticipat

2151 3568 2245 3608 nos
2293 3550 2675 3607 misericordia:
2732 3550 2858 3617 tum,
2899 3550 3027 3620 quia
3060 3564 3315 3619 pauperes
3364 3548 3496 3619 facti
3547 3563 3732 3603 sumus

2149 3643 2344 3707 nimis,
2381 3642 2769 3714 Symmachus,
2795 3640 3066 3705 Accelera,
3088 3640 3411 3710 prwveniant
3446 3654 3540 3694 nos
3575 3639 3733 3692 mise-

2151 3732 2401 3786 ricordia:
2427 3740 2554 3794 tum,
2587 3732 2714 3800 quia
2749 3730 3014 3799 inﬁrmati
3043 3746 3226 3788 sumus
3256 3728 3429 3795 valde,
3461 3729 3730 3800 interpre-

2150 3826 2299 3876 tatus
2330 3828 2435 3873 cst.
2470 3816 2943 3885 Quemadmodum
2974 3819 3118 3874 enim
3151 3819 3357 3876 athleta
3407 3820 3503 3892 qui
3560 3817 3732 3873 multa

2150 3910 2319 3964 subiit
2352 3909 2680 3975 certamina,
2718 3917 2773 3964 et
2827 3925 3042 3987 pugnas
3089 3910 3294 3967 multas
3340 3911 3633 3973 sustinuit,
3673 3910 3731 3963 in

2148 4000 2527 4057 sollicitudine
2553 3998 2721 4071 degit,
2758 4015 2825 4055 ne
2852 3999 3086 4054 debilior
3133 3999 3312 4056 factus
3365 4001 3622 4067 labatur;
3656 4001 3731 4054 ita

2150 4090 2205 4143 hi
2243 4104 2463 4160 quoque
2519 4095 2820 4159 precantur.
2872 4102 2932 4144 se
2982 4088 3296 4158 praemuniri
3356 4077 3411 4143 et
3463 4088 3728 4143 auxilium

2148 4182 2438 4253 consequi.
2469 4180 2650 4248 Quare
2682 4181 2837 4236 aiunt
2865 4199 2881 4237 :
2913 4179 3034 4237 Cito
3067 4179 3358 4249 anticipant
3390 4198 3487 4235 nos
3519 4182 3730 4236 miseri-

2147 4274 2345 4328 cordia:
2398 4283 2523 4337 tuae,
2578 4289 2704 4343 quia
2747 4286 3005 4341 pauperes
3058 4269 3191 4340 facti
3236 4287 3420 4326 sumus
3448 4272 3628 4327 nimis.
3655 4302 3725 4311 —

2149 4363 2317 4420 Vsus.
2351 4364 2406 4421 9.
2451 4363 2665 4433 Adjuva
2692 4379 2812 4429 nos,
2843 4361 2983 4417 Deus
3011 4363 3247 4418 salvator
3279 4372 3478 4429 noster,
3510 4373 3725 4433 propter

2146 4457 2376 4528 gloriam
2404 4455 2636 4509 nominis
2667 4453 2746 4507 tui
2772 4469 2803 4517 ;-
2821 4452 3065 4518 Domine,
3103 4452 3269 4507 libera
3298 4469 3415 4515 nos,
3464 4462 3514 4507 et
3545 4453 3730 4520 propi-

2150 4548 2257 4602 tius
2285 4556 2397 4602 esto
2426 4545 2655 4617 peccatis
2688 4544 2890 4598 nostris
2919 4553 3137 4613 propter
3167 4560 3355 4598 nomen
3397 4552 3567 4597 tuum.
3601 4540 3739 4597 Haec;

459 4634 1072 4702 προκαταλαϐἐτωσαν
1119 4636 1278 4709 ἡμᾶς
1326 4643 1381 4696 οἱ
1440 4643 1729 4713 οἰκτιρμοί
1778 4661 1917 4709 σου.
1951 4647 2044 4702 ὅτι

2150 4638 2420 4708 Propheta
2457 4652 2526 4692 ex
2555 4650 2791 4707 persona
2830 4650 3020 4690 eorum
3053 4635 3146 4705 qui
3183 4642 3427 4704 tempore
3471 4633 3728 4717 Antiochi

456 4721 920 4795 tnwzsda'tmsr
944 4727 1198 4798 σφόδρα.
1235 4731 1551 4802 Βοήθησον
1575 4736 1739 4805 ἡμῖν,
1769 4740 1803 4792 ὀ
1832 4737 1979 4805 Θεὸς
2009 4742 2044 4795 ὁ

460 4815 661 4886 σωτὴρ
708 4817 899 4888 ἡμῶν,
953 4820 1163 4875 ἕνεκεν
1206 4821 1316 4891 τῆς
1363 4824 1548 4895 ὄοξῆς
1594 4829 1701 4884 τοῦ
1748 4830 2042 4901 ὀνόματός

458 4921 576 4961 σου
600 4926 613 4939 ·
644 4911 842 4979 Κύριε,
864 4911 1051 4980 ῥῦσαι
1071 4913 1255 4984 ἡμᾶς,
1279 4917 1379 4971 καὶ
1403 4918 1681 4991 advena
1698 4921 1828 4990 ταῖς
1854 4926 2041 4994 ἁμαρ-

460 4999 614 5067 τίαις
654 5000 823 5071 ἡμῶν
862 5003 1072 5059 ἕνεκεν
1103 5006 1210 5062 τοῦ
1246 5008 1537 5078 ὀνόματός
1558 5027 1695 5069 σου.
1729 5016 2043 5072 Καὶταῦτα

458 5089 490 5142 ὁ
526 5089 816 5161 Προφήτης
838 5091 904 5147 ὲκ
932 5092 1227 5165 προσώπου
1269 5096 1380 5150 τῶν
1411 5099 1553 5153 κατὰ
1592 5102 2047 5173 Ἀντίοχονβασι-

458 5177 556 5233 ua
580 5177 952 5251 δεδιωγμένων
977 5184 1310 5257 προφέρεται
1324 5203 1347 5231 ι·
1380 5190 1733 5261 προφητικῶς
1758 5192 1860 5263 τὴν
1884 5193 2048 5266 εὐχὴν

457 5269 550 5326 διὰ
575 5271 676 5343 τῆς
707 5273 926 5345 γραφῆς
955 5278 1069 5339 τοῖς
1092 5276 1346 5348 μέλλουσι
1372 5278 1662 5335 διώκεσθαι
1700 5282 2037 5354 καταλιπὼν,

456 5361 536 5427 ὡς
578 5361 646 5416 ἂν
683 5361 855 5433 ἔχοιεν
892 5363 951 5431 ἐξ
1002 5366 1223 5438 ἑτοίμου
1258 5368 1479 5434 ειδέναι,
1525 5370 1729 5436 ὁποίοις
1774 5375 2039 5446 προσήκει

458 5452 758 5526 κεχρῆσθαι
798 5453 995 5520 αὐτοὺς
1031 5456 1209 5526 λόγοις
1248 5458 1307 5513 ὲν
1349 5462 1469 5525 ταῖς
1498 5460 1633 5533 πρὸς
1660 5460 1752 5515 τὸν
1784 5462 1919 5518 Θεὸν
1938 5464 2040 5518 εύ-

463 5546 603 5614 rate.
632 5543 708 5597 οὐ
756 5543 863 5616 μὴν
903 5546 984 5610 είς
1025 5547 1267 5613 ἐκείνους
1320 5549 1515 5621 μόνους
1548 5551 1862 5609 ἵσταταιιτὰ
1888 5553 2043 5625 λεγό-

465 5652 633 5706 ιιενα⁸
684 5634 945 5708 ἁρμόσειε
989 5639 1059 5699 δὲ,
1102 5641 1195 5695 καὶ
1240 5643 1375 5697 πᾶσι
1423 5646 1536 5710 τοῖς
1566 5643 1637 5699 τὰ
1681 5647 2037 5720 παραπλήσια

468 5725 748 5781 τεπονθόσι
769 5766 787 5793 ,
814 5728 936 5783 ἐπεὶ
959 5731 1052 5785 καὶ
1082 5732 1141 5785 ὲν
1165 5735 1276 5799 τοῖς
1304 5736 1423 5791 καθ’
1452 5738 1595 5809 ἡμᾶς
1625 5737 1899 5812 διωγμοῖς,
1939 5757 2038 5813 μυ-

530 5881 576 5912 ’³
618 5881 761 5937 Psal.
794 5900 975 5941 uxvn
1005 5928 1017 5951 ,
1052 5889 1144 5947 ϐλ

2150 4730 2298 4801 regis
2350 4727 2716 4795 vexabantur,
2759 4724 3112 4797 pronuntiat;
3165 4726 3470 4780 orationem
3530 4724 3598 4779 iis
3632 4723 3729 4795 qui

2150 4821 2591 4893 persecutionem
2630 4821 2849 4893 passuri
2896 4828 3054 4876 erant
3109 4819 3373 4888 scriptam
3412 4818 3735 4889 prophetico

2149 4915 2507 4984 relinquens,
2559 4922 2621 4967 ut
2674 4913 2728 4967 in
2791 4922 3045 4984 promptu
3091 4925 3430 4981 cognoscere
3476 4917 3725 4981 possent,

2150 5005 2352 5077 quibus
2380 5005 2458 5060 uti
2492 5004 2678 5061 verbis
2711 5004 2765 5058 in
2819 5005 2938 5061 suis
2984 5002 3053 5057 ad
3094 5001 3264 5058 Deum
3295 5001 3554 5072 precibus
3585 5017 3728 5072 opus

2149 5104 2318 5153 esset.
2348 5094 2538 5167 Neque
2570 5095 2641 5151 iis
2668 5095 2846 5151 solum
2886 5095 3002 5150 haec
3027 5093 3229 5149 tradita
3266 5102 3432 5160 sunt;
3466 5077 3728 5148 omnibus

2144 5189 2350 5259 quippe
2371 5187 2583 5243 similia
2599 5186 2938 5257 patientibus
2974 5192 3316 5255 competunt,
3349 5183 3479 5253 quia
3515 5182 3572 5237 in
3603 5197 3729 5252 per-

2146 5281 2662 5351 secutionibusqute
2694 5288 2882 5337 nostra
2908 5288 3067 5335 attate
3084 5278 3458 5347 contigerunt,
3479 5273 3724 5332 sexcenti

2145 5389 2323 5446 supra
2343 5372 2630 5429 recensitis
2663 5371 2863 5427 similia
2894 5378 3025 5427 sunt
3055 5369 3325 5441 perpessi,
3380 5368 3475 5439 qui
3519 5381 3728 5437 oppor-

2145 5472 2278 5521 tune
2308 5465 2499 5535 utique
2520 5464 2723 5519 talibus
2752 5462 2918 5519 dictis
2950 5462 3037 5517 usi
3068 5460 3296 5525 fuerint,
3333 5460 3494 5531 queis
3539 5458 3610 5513 ad
3644 5458 3720 5512 ita

2146 5555 2476 5628 loquendum
2518 5554 2862 5611 instituimur
2892 5572 2907 5609 :
2958 5553 3183 5622 Propter
3209 5553 3437 5624 gloriam
3474 5551 3722 5606 nominis

2147 5648 2246 5711 tui,
2276 5645 2523 5709 Domine.
2567 5644 2736 5699 libera
2779 5661 2894 5700 nos.
2927 5642 3160 5699 Etiamsi
3197 5643 3343 5699 enim
3374 5656 3479 5698 nos
3507 5641 3719 5697 auxilio

2147 5739 2293 5811 digni
2323 5754 2435 5795 non
2479 5737 2687 5806 simus,
2720 5746 2774 5795 at
2822 5752 3024 5794 nomen
3074 5738 3266 5809 gloria:
3315 5744 3422 5793 tua:
3468 5750 3537 5791 ne
3576 5733 3721 5805 apud
