4066 6384
375 391 480 447 947

1049 390 1321 449 EUSEBII
1358 382 1842 446 C/ESARIENSIS
1879 385 2032 441 OPP.
2074 383 2256 440 PARS
2288 384 2376 441 ΙΙΙ.
2407 412 2479 423 —
2502 379 2913 439 EXEGETICA.

3521 374 3628 432 948

369 511 559 575 {entes
589 504 1021 576 blasphematur,
1046 521 1111 562 ac
1133 511 1180 563 si
1206 522 1317 561 non
1344 507 1521 561 valeat
1537 520 1640 560 nos
1665 504 1926 559 liberare:

2046 503 2152 572 ρίοι
2187 501 2256 555 τὰ
2294 503 2455 574 ὃμοια
2483 503 2596 564 τοῖς
2626 495 2998 570 προλεχθεῖσιν
3043 491 3553 565 ὐπομεμενήκασιν·
3577 489 3626 543 οἳ

369 596 443 651 Et
480 599 762 668 propitius,
799 599 1000 670 inquit,
1038 609 1150 653 esto
1204 601 1431 668 peccatis
1482 598 1678 651 nostris
1725 605 1934 666 propter

365 702 556 741 nomen
582 697 750 744 tuum.
780 686 1047 759 Superius
1083 688 1303 758 quidem
1329 687 1613 742 dicebatur
1650 704 1666 740 :
1702 684 1784 739 Ne
1823 700 1934 738 me-

365 779 581 833 mineris
636 781 979 851 iniquitatum
1034 790 1344 834 nostrarum
1386 781 1726 849 antiquarunt
1775 793 1794 832 :
1837 778 1933 832 sed

362 868 475 922 illic
506 871 749 940 quidem,
773 873 1139 942 iniquitatum,
1177 871 1401 926 dicitur.
1453 870 1774 940 lniquitates
1801 885 1932 925 sane

360 963 490 1016 olim
524 964 924 1020 admiseramus
955 977 1248 1036 antequam
1273 967 1476 1022 divinis
1517 957 1729 1037 legibus
1770 966 1931 1022 obse-

360 1068 656 1122 queremur
679 1073 695 1122 ;
728 1071 859 1126 qua:
873 1057 1068 1112 merito
1083 1057 1320 1126 antiqua:
1341 1057 1622 1112 dicuntur.
1647 1056 1782 1111 Nam
1804 1064 1932 1112 ante

362 1142 456 1199 Dei
489 1147 856 1216 cognitionem
889 1147 1096 1202 scelera
1127 1154 1316 1201 nostra
1347 1146 1664 1216 iniquitates
1693 1149 1930 1218 antiqua:

357 1243 545 1300 erant;
582 1253 729 1291 nunc
762 1252 892 1292 vero
916 1253 1038 1292 cum
1064 1237 1178 1292 haec
1206 1252 1496 1307 precamur
1524 1253 1632 1292 non
1669 1238 1929 1308 iniquita-

358 1329 473 1380 tui’n
501 1329 754 1392 ulterius,
783 1329 878 1382 sed
906 1337 1255 1398 peccatorum
1289 1328 1448 1383 nobis
1471 1328 1681 1383 conscii
1704 1343 1924 1396 sumus;

357 1427 412 1473 at
447 1419 514 1474 iis
539 1435 758 1490 quoque
789 1419 1058 1489 propitius
1085 1426 1207 1476 esto
1236 1433 1518 1488 rogamus,
1553 1428 1776 1489 propter
1828 1434 1928 1473 no-

354 1525 480 1564 men
515 1519 666 1563 tuum
696 1509 843 1580 quod
878 1509 1193 1562 invocatum
1241 1516 1326 1564 est
1371 1524 1538 1580 super
1572 1525 1692 1564 nos.
1743 1510 1926 1578 Siqui-

351 1600 475 1656 dem
509 1602 717 1655 nomini
770 1601 1066 1656 consulens
1113 1608 1209 1654 tuo
1257 1615 1366 1670 quo
1420 1616 1521 1655 nos
1569 1615 1920 1664 exornamur,

2038 593 2129 645 καὶ
2149 593 2418 666 εὐκαίρως
2454 593 2749 665 χρήσαιντο
2767 589 2888 650 ταῖς
2912 584 3299 657 προκειμέναις
3324 584 3545 651 φωναῖς,
3571 580 3628 633 ὲν

2035 680 2122 749 αἶς
2168 685 2530 757 διδασκόμεθα
2577 682 2785 750 λέγειν’
2846 681 3091 732 Ἕνεκεν
3131 674 3241 742 τῆς
3294 672 3480 739 δόξης
3522 668 3627 724 τοῦ

2033 776 2324 844 ὀνόματός
2347 792 2484 840 σου,
2505 774 2703 842 Κύριε,
2715 770 2898 839 ῥῦσαι
2917 766 3093 838 ἡμᾶς.
3114 765 3232 818 Κᾶν
3251 764 3527 834 γὰρὴμεῖς
3552 762 3626 834 μὴ

2032 867 2171 935 ἄξιοι
2201 861 2350 938 ὦμεν
2380 866 2649 938 βοηθείας,
2679 863 2814 918 ἁλλὰ
2837 861 2898 914 τό
2927 877 2990 929 γε
3023 859 3192 929 δνομα
3212 857 3311 926 τῆς
3337 855 3437 924 σῆς
3468 855 3626 925 δόξης

2035 960 2110 1032 μὴ
2145 959 2568 1030 βλασφημείσθω
2599 955 2752 1026 παρὰ
2781 957 2895 1018 τοῖς
2927 952 3156 1014 ἔθνεσιν,
3190 948 3265 1012 ὼς
3289 948 3366 1018 μὴ
3400 947 3625 1016 ἰσχῦσαν

2031 1054 2180 1124 ἡμᾶς
2207 1051 2476 1124 ῥύσασθαι
2495 1067 2508 1081 ⁸
2539 1049 2647 1105 Καὶ
2682 1047 2980 1113 ἱλάσθητι,
3014 1043 3070 1096 δέ
3102 1059 3255 1113 φησι,
3286 1039 3416 1104 ταῖς
3441 1040 3628 1107 ἁμαρ-

2030 1143 2182 1207 τίαις
2215 1139 2382 1210 ἡμῶν
2416 1140 2625 1194 ἕνεκεν
2667 1138 2772 1192 τοῦ
2822 1134 3113 1204 ὀνόματός
3156 1148 3292 1186 σου.
3343 1128 3623 1200 Ἀνωτέρω

2032 1233 2132 1304 μὲν
2167 1228 2259 1286 οῦν
2291 1232 2534 1301 ὲλέγετο’
2569 1232 2666 1298 Μὴ
2700 1225 2982 1299 μνησθῇς
3016 1222 3185 1294 ἡμῶν
3220 1219 3481 1291 ἀνομιῶν
3513 1221 3622 1287 ἀρ-

2028 1325 2246 1393 χαίων·
2279 1322 2394 1377 ἀλλ’
2427 1323 2544 1376 ἐκεῖ
2574 1321 2674 1392 μὲν
2703 1315 2992 1388 ἀνομιῶνο
3021 1315 3242 1385 ἀνομίαι
3266 1312 3322 1366 δὲ
3348 1307 3489 1383 ἦσαν
3511 1311 3620 1363 πὰ-

2027 1415 2114 1468 λαι
2142 1417 2272 1486 ἡμῖν
2305 1412 2690 1485 πεπραγμέναι
2723 1408 2831 1482 πρὸ
2856 1409 2955 1479 τῆς
3005 1406 3101 1460 τοῦ
3150 1405 3296 1459 θείου
3327 1404 3492 1476 νόμου
3519 1404 3623 1456 ὐπ-

2029 1509 2224 1578 ακοῆς,
2257 1508 2461 1571 αἵτινες
2515 1505 2740 1569 εἰκότως
2777 1505 3001 1576 ἀρχαῖαι
3045 1502 3307 1572 είρηνται.
3331 1497 3475 1569 Πρὸς
3512 1497 3625 1570 γὰρ

2023 1600 2127 1669 τῆς
2159 1598 2253 1653 τοῦ
2286 1599 2421 1653 Θεοῦ
2456 1597 2711 1667 γνώσεως
2741 1597 2812 1651 τὰ
2850 1594 3318 1666 πλημμελούμενα
3345 1591 3476 1661 ἡμῖν
3500 1591 3623 1644 ἁνο-

352 1693 626 1762 propitius
655 1700 774 1747 esto
805 1691 1049 1761 peccatis
1070 1691 1280 1746 nostris
1317 1711 1329 1746 :
1361 1707 1428 1746 ne
1452 1689 1592 1746 forte
1614 1690 1772 1746 nobis
1792 1691 1922 1745 sub—

2027 1694 2252 1764 μήματα
2277 1691 2345 1763 ἦν
2377 1693 2608 1763 ἀρχαῖασ
2653 1689 2746 1744 νῦν
2791 1689 2870 1753 δὲ,
2905 1689 2994 1741 ὅτε
3040 1685 3108 1740 τὰ
3152 1688 3253 1757 τῆς
3284 1685 3450 1755 εὐχῆς
3481 1683 3617 1736 ἀνα-

344 1783 571 1854 jugatis,
628 1783 834 1838 inimici
880 1782 1199 1852 blasphema
1241 1782 1387 1837 dicta
1421 1783 1476 1836 in
1515 1797 1716 1836 nomen
1766 1788 1918 1834 tuum

2024 1785 2337 1856 πέμπομεν,
2366 1784 2548 1838 οὐκέτι
2583 1785 2682 1854 μὲν
2722 1783 2974 1853 ἀνομίας,
3010 1777 3285 1850 ἁμαρτίας
3315 1777 3372 1830 δὲ
3405 1777 3620 1838 ἑαυτοῖς

347 1875 628 1945 proferant
655 1875 903 1930 dicentes
935 1890 1046 1926 :——-
1069 1871 1238 1929 Vens.
1283 1873 1371 1930 10.
1410 1873 1511 1928 Ubi
1544 1882 1622 1928 est
1653 1872 1796 1926 Deus
1833 1890 1920 1926 eo-

2026 1876 2373 1947 συνοίδαμενο
2427 1875 2562 1930 ἀλλὰ
2614 1875 2707 1928 καὶ
2765 1872 2967 1936 ταύτας
3019 1868 3301 1940 ίλασθῆναι
3355 1865 3617 1935 ἀξιοῦμεν

346 1971 507 2024 rum?
535 1969 604 2021 At
637 1967 793 2032 illud,
819 1965 933 2030 ubi.
974 1966 1161 2021 dicere
1181 1981 1463 2036 nunquam
1492 1965 1915 2036 permittuntur;

2021 1969 2108 2022 διὰ
2137 1969 2199 2022 τὸ
2230 1967 2490 2037 ἐπικεκλη
2501 1966 2658 2038 μένον
2689 1967 2821 2037 ἡμῖν
2855 1965 2948 2017 σὺν
2977 1962 3168 2033 ὄνομα.
3197 1959 3302 2013 Τοῦ
3342 1959 3452 2030 γὰρ
3480 1975 3614 2011 σαυ-

345 2061 438 2117 sed
463 2072 517 2116 tu
542 2059 801 2116 Servator
821 2067 1009 2115 noster
1032 2060 1370 2128 conspicuus
1382 2057 1631 2118 eifectus.
1652 2057 1920 2111 ulciscere

2019 2060 2112 2114 τοῦ
2143 2059 2456 2130 φειδόμενος
2495 2060 2760 2130 ὀνόματος
2802 2055 2896 2108 τοῦ
2930 2054 3263 2125 κοσμοῦντος
3294 2053 3461 2123 ἡμᾶς,
3503 2049 3617 2105 ἱλάσ-

344 2154 670 2224 sanguinem
702 2167 987 2208 servorum
1030 2159 1275 2218 tuorum,
1309 2151 1405 2222 qui
1444 2149 1652 2206 ell'usus
1694 2160 1799 2206 est.
1836 2151 1917 2204 Ad

2023 2152 2177 2226 σθητι
2208 2156 2328 2216 ταῖς
2359 2152 2660 2224 ἁμαρτίαις
2697 2149 2879 2221 ἡμῶν,
2914 2148 3144 2218 μήποτε,
3186 2143 3440 2208 λαϐόντες
3467 2144 3618 2214 ἡμᾶς

344 2247 460 2301 lizec
483 2245 538 2299 in
571 2244 828 2314 precibus
855 2253 1101 2315 tempore
1135 2243 1540 2315 persecutionis
1569 2243 1800 2299 dicenda
1829 2244 1913 2297 in-

2021 2243 2368 2314 ὐποχειρίους
2402 2243 2450 2296 οἱ
2485 2241 2690 2312 ἐχθροὶ,
2720 2239 3158 2310 βλαὰφημήσωσι
3198 2235 3260 2288 τὸ
3312 2235 3402 2289 σὺν
3445 2233 3620 2305 ὄνομα

341 2336 659 2401 Stituimur,
691 2335 997 2390 hostiarum
1046 2343 1102 2390 et
1160 2335 1611 2390 bolocaustorum
1647 2337 1768 2390 loco
1797 2351 1918 2391 san-

339 2429 559 2497 guinem
597 2435 916 2482 sanctorum
949 2435 1252 2497 martyrum
1285 2438 1675 2498 proponentes,
1721 2443 1787 2482 ac
1821 2428 1916 2482 hu-

338 2540 584 2610 iusmodi
637 2540 1070 2611 supplicationes
1111 2542 1446 2598 emittentes.
1510 2541 1636 2598 Haec
1695 2557 1916 2613 quoque

338 2643 465 2689 ante
487 2649 590 2689 nos
624 2634 717 2704 qui
766 2635 820 2688 in
848 2633 1080 2690 Judaico
1134 2636 1339 2705 populo
1380 2635 1580 2689 similia
1638 2643 1768 2691 sunt
1804 2650 1916 2704 per-

338 2727 504 2796 pessi,
541 2734 845 2782 memorato
875 2736 1121 2796 tempore
1148 2729 1332 2784 dicere
1355 2728 1731 2783 edocebantur
1765 2749 1777 2782 :
1807 2744 1916 2797 quo

332 2827 387 2873 ct
420 2821 562 2888 apud
587 2821 712 2875 illos
734 2820 990 2891 generosi
1023 2829 1292 2892 martyres
1321 2821 1739 2876 commonstrati
1765 2831 1911 2878 sunt.

333 2910 539 2966 llorum
579 2913 830 2967 meminit
889 2911 1329 2968 Machabaeorum
1383 2915 1656 2984 scriptura
1708 2915 1802 2971 “z
1857 2916 1912 2970 in

329 3004 506 3073 isque
528 3012 649 3058 erat
680 3003 977 3061 Eleazarus
1007 3007 1093 3060 vir
1115 3007 1374 3070 illustris,
1406 3014 1564 3062 aetate
1595 3019 1912 3078 provectus,

328 3096 420 3164 qui
450 3112 772 3166 generosam
799 3105 1030 3153 mortem
1063 3113 1164 3169 pro
1195 3101 1398 3170 pietate
1431 3115 1558 3171 erga
1597 3103 1764 3156 Deum
1787 3106 1913 3159 vita:

329 3191 584 3259 praetulit.
619 3189 725 3246 Sed
748 3192 910 3246 etiam
939 3193 1187 3263 quaedam
1213 3195 1478 3250 mirabilis
1513 3205 1717 3265 septem
1754 3197 1909 3250 lilio-
1937 3196 1983 3256 C

327 3298 450 3336 rum
485 3291 682 3349 mater,
715 3285 1016 3340 certamine
1064 3289 1310 3358 martyrii
1356 3289 1505 3342 omni
1536 3289 1697 3344 laude
1728 3305 1906 3359 supe—

327 3380 443 3431 rior
494 3377 780 3448 perfuncta
813 3387 927 3447 est;
985 3380 1082 3435 ﬁlii
1130 3397 1350 3452 quoque
1400 3381 1546 3437 illius
1579 3391 1786 3453 septem
1814 3399 1906 3437 va-

327 3470 439 3525 rias
473 3487 682 3542 pugnas
710 3473 1033 3537 subeuntes,
1066 3472 1301 3548 faustam
1327 3479 1749 3546 perseverantiae
1794 3478 1906 3532 vir-

326 3571 493 3620 tutem
524 3565 822 3621 exhibuere
848 3567 916 3620 ⁸⁵.
951 3565 1058 3621 Alii
1091 3583 1313 3637 quoque
1342 3568 1564 3638 plurimi
1599 3570 1778 3624 sancti
1802 3569 1902 3624 viri

325 3658 494 3720 fuere.
510 3674 740 3728 quorum
759 3667 986 3714 mortem
1000 3668 1054 3714 et
1071 3662 1357 3730 sanguinis
1375 3661 1694 3717 eilusionem
1715 3663 1769 3716 in
1787 3678 1905 3717 ora-

323 3753 474 3805 tione
503 3766 685 3806 sermo
705 3760 1101 3806 commemorat
1133 3753 1223 3809 his
1251 3754 1434 3810 verbis
1472 3772 1486 3809 :
1517 3753 1585 3807 Et
1609 3755 1903 3810 innotescat

324 3845 378 3896 in
402 3843 706 3897 nationibus
734 3861 914 3897 coram
935 3845 1104 3899 oculis
1130 3848 1327 3901 nostris
1348 3848 1482 3902 ultio
1499 3850 1774 3918 sanguinis
1790 3867 1903 3904 ser-

323 3953 503 3989 vorum
521 3945 750 4002 tuorum,
774 3937 864 4010 qui
880 3938 1080 4008 eﬂ'usus
1095 3949 1195 3994 est.
1216 3940 1322 3996 Alii
1338 3941 1557 4011 quidem
1580 3943 1902 4013 sanguinem

324 4046 484 4084 suum
514 4031 670 4102 quasi
705 4030 966 4088 libamina
998 4049 1098 4103 pro
1129 4041 1243 4088 tota
1268 4043 1429 4104 gente
1456 4034 1763 4102 tradidere;
1808 4035 1901 4089 alii

321 4137 450 4176 vero
481 4137 591 4176 non
627 4122 828 4178 similia
862 4125 1033 4194 passi,
1067 4126 1176 4181 alio
1217 4127 1381 4182 modo
1413 4143 1512 4198 pro
1557 4128 1758 4199 pietate
1786 4144 1901 4183 cer-

327 4220 507 4269 tamen
546 4214 792 4271 inierunt
840 4218 1157 4274 carceribus
1211 4221 1535 4290 mancipati,
1573 4221 1900 4291 etvinculis

318 4326 626 4384 constricti.
660 4329 905 4396 Quorum
938 4330 1070 4386 item
1121 4335 1360 4403 gemitus
1393 4344 1447 4389 et
1485 4335 1704 4391 dolores
1733 4337 1903 4392 labo-

318 4434 517 4490 resque
543 4430 852 4492 opportune
879 4422 934 4476 in
965 4424 1218 4479 oratione
1247 4438 1644 4483 commemorat
1669 4429 1897 4484 dicens:

314 4541 385 4552 —-—
416 4513 584 4570 Vens.
612 4515 701 4570 ll.
738 4513 980 4570 Introeat
1004 4518 1059 4571 in
1077 4529 1359 4588 conspectu
1385 4531 1478 4576 tuo
1497 4524 1724 4591 gemitus
1753 4540 1900 4578 com-

314 4606 633 4672 pcditorum.
660 4608 1016 4680 Compeditos
1037 4627 1189 4680 vero,
1221 4629 1330 4668 non
1356 4615 1540 4671 labere
1561 4617 1608 4671 si
1633 4617 1788 4674 dicas
1803 4634 1900 4675 eos

316 4715 440 4756 esse
470 4701 562 4771 qui
620 4701 677 4757 in
723 4702 1052 4760 mortalibus
1101 4707 1432 4776 corporibus
1479 4715 1598 4762 toto
1627 4709 1752 4764 vitae
1784 4726 1898 4766 sua:

316 4800 566 4862 tempore
590 4795 852 4857 macerati
887 4803 1038 4852 sunt.
1070 4796 1262 4862 Qualis
1281 4807 1400 4853 erat
1429 4797 1636 4855 Paulus
1667 4801 1893 4858 dicens:

319 4881 434 4938 Nos
485 4894 664 4938 autem
704 4888 929 4943 uiuentes
985 4889 1041 4942 in
1088 4889 1454 4959 tabernaculo,
1504 4893 1896 4963 ingemiscimus

312 4978 522 5046 gravati
545 4979 627 5044 ³⁶;
663 4987 717 5034 et
740 4996 960 5036 rursum
986 5002 997 5036 :
1033 4981 1232 5052 Infelix
1253 5001 1344 5055 ego
1378 4986 1554 5049 homo,
1582 4989 1698 5056 quis
1730 5006 1810 5043 nae
1832 4990 1899 5044 li-

315 5072 515 5126 berabit
535 5070 600 5125 de
627 5089 846 5141 corpore
875 5077 1062 5130 mortis
1092 5077 1250 5146 hujus
1276 5079 1366 5133 “7?
1415 5078 1578 5135 Tales
1604 5089 1764 5136 erant
1797 5081 1894 5138 Dei

315 5165 617 5234 prophetat,
664 5182 970 5237 omnesque
1025 5168 1120 5240 qui
1169 5169 1225 5224 in
1259 5171 1592 5240 corporibus
1643 5173 1760 5230 suis
1795 5191 1896 5230 nec

314 5250 528 5308 deliciis
559 5267 661 5308 nec
684 5253 1061 5324 voluptatibus
1089 5256 1261 5312 dediti
1297 5257 1540 5317 fuerunt.
1585 5263 1680 5317 sed
1707 5274 1899 5318 contra

316 5342 479 5396 vitam
519 5353 677 5400 suam
717 5346 961 5404 alllixere
1007 5349 1261 5419 jejuniis,
1310 5350 1618 5416 laboribus,
1663 5355 1896 5425 aliisque

316 5436 571 5490 asceticis
597 5439 1100 5506 macerationibus;
1141 5442 1234 5513 qui
1281 5459 1390 5498 non
1419 5459 1521 5513 pro
1549 5461 1610 5500 se
1656 5456 1894 5512 tantum,

314 5524 410 5579 sed
437 5528 603 5580 etiam
628 5544 730 5597 pro
757 5538 876 5586 toto
907 5533 1110 5602 pepulo
1145 5534 1256 5588 imo
1278 5544 1500 5604 pectore
1519 5537 1586 5591 ad
1613 5536 1781 5594 Deum
1810 5539 1894 5592 in-

319 5617 707 5685 gemiscebant.
735 5621 917 5688 Quare
960 5625 1164 5680 dicitur
1201 5646 1212 5678 :
1252 5625 1491 5683 lntroeat
1527 5629 1580 5684 in
1615 5642 1895 5699 conspectu

379 5772 427 5803 εδ
466 5772 508 5826 ΙΙ
541 5772 717 5826 Much.
756 5793 841 5832 γι.
883 5779 948 5830 l8

392 5865 469 5936 εἴ)
507 5868 614 5933 Γρ.
653 5869 917 5939 εἱργμυῐς.

2018 2336 2297 2404 λέγοντες·
2353 2333 2480 2389 Ποῦ
2523 2335 2695 2388 ἐστιν
2739 2336 2772 2387 ό
2821 2332 2966 2398 Θεὸς
3013 2327 3251 2392 αὐτῶν;
3298 2327 3458 2381 Ἀλλὰ
3503 2326 3614 2398 γὰρ

2017 2426 2176 2479 τοῦτο
2211 2425 2331 2495 μὲν,
2362 2423 2501 2490 ποῦ,
2531 2425 2707 2476 εἰπεῖν
2736 2422 2920 2484 αὐτοῖς
2953 2419 3026 2490 μὴ
3062 2417 3441 2489 συγχωρηθείη
3461 2433 3474 2444 '
3515 2418 3615 2487 ἐμ-

2019 2515 2190 2587 φανὴς
2218 2516 2276 2569 δὲ
2303 2515 2592 2585 γενόμενος
2627 2516 2691 2566 σὺ
2723 2513 2886 2576 αὐτὸς
2919 2514 2946 2566 ὁ
2982 2511 3172 2582 Σωτὴρ
3199 2509 3358 2581 ἡμῶν
3399 2508 3499 2580 τὴν
3524 2509 3616 2560 ὲκ-

2016 2605 2230 2676 δίκησιν
2260 2604 2481 2673 ποίησαι
2513 2603 2605 2656 τοῦ
2639 2603 2869 2674 αἵματος
2914 2601 3021 2654 τῶν
3047 2600 3247 2655 δούλων
3280 2616 3372 2651 σου
3402 2596 3498 2651 τοῦ
3523 2599 3615 2650 ὲκ-

2017 2695 2332 2766 κεχυμένου.
2363 2695 2548 2748 Ταῦτα
2566 2693 2746 2761 λέγειν
2784 2694 2843 2746 ὲν
2868 2692 3052 2761 εὐχαῖς
3075 2688 3446 2760 παιδευόμεθα
3473 2687 3615 2742 κατὰ

2017 2788 2142 2850 τούς
2176 2787 2284 2840 τῶν
2310 2786 2565 2856 διωγμῶν
2593 2785 2839 2856 καιροὺς,
2874 2783 2995 2837 ἀντὶ
3029 2782 3220 2846 θυσίας
3253 2784 3350 2836 καὶ
3394 2781 3618 2834 ὁλοκαυο

2015 2880 2284 2951 τωμάτων
2329 2879 2398 2933 τὰ
2443 2879 2650 2949 αἵματα
2685 2877 2794 2930 τῶν
2834 2876 3005 2944 ἁγίων
3040 2873 3332 2946 μαρτύρων
3375 2873 3617 2946 προϐαλο-

2017 2970 2231 3042 λόμενοι
2261 3011 2276 3034 ,
2344 2971 2438 3024 καὶ⁵
2499 2969 2756 3032 τοιαύτας
2815 2966 3233 3038 ἀναπέμποντες
3307 2966 3610 3038 ἱκετηρίας.

2019 3062 2205 3116 Ταῦτα
2232 3063 2290 3116 δὲ
2323 3064 2414 3116 καὶ
2448 3063 2555 3134 πρὸ
2581 3062 2738 3132 ἡμῶν
2779 3063 2828 3114 οί
2871 3062 2930 3114 ὲν
2961 3060 3041 3131 τῷ
3078 3059 3345 3113 Ἰουδαίων
3370 3060 3514 3113 ἔθνει
3547 3062 3615 3116 τὰ

2018 3157 2179 3226 ὅμοια
2207 3156 2536 3218 πεπονθότες
2563 3155 2702 3208 κατὰ
2741 3155 2832 3209 τὸν
2873 3153 3181 3225 δηλωθέντα
3211 3153 3402 3224 καιρὸν
3434 3153 3613 3222 λέγειν

2014 3246 2387 3300 ἐδιδάσκοντο’
2432 3245 2554 3299 καθ’
2596 3246 2654 3299 ὃν
2692 3247 2821 3317 παρ’
2863 3246 3046 3309 αὐτοῖς
3074 3247 3310 3313 γενναῖοι
3339 3244 3612 3317 μάρτυρες

2012 3339 2432 3409 ἀπεδείχθησαν.
2457 3332 2558 3392 ’Ὧν
2591 3337 2863 3410 μέμνηται
2903 3341 2936 3409 ὴ
2976 3338 3165 3409 γραφὴ
3202 3337 3312 3390 τῶν
3340 3336 3608 3406 καλουμέ-

2012 3432 2116 3486 νῶν
2144 3430 2519 3486 Μακκαϐαίων
2539 3449 2558 3508 ’1
2589 3434 2648 3484 ἐν
2679 3427 2760 3497 οἷς
2801 3427 2868 3505 ἦν
2905 3431 3230 3503 Ἐλεὰζαρός
3268 3448 3367 3494 τις,
3401 3431 3603 3498 ἐπιφα-

2011 3522 2106 3594 νὴς
2150 3524 2311 3595 ἁνὴρ,
2352 3521 2708 3594 προϐεϐηκὼς
2753 3524 2851 3594 μὲν
2896 3522 2994 3595 τὴν
3029 3523 3264 3595 ἠλικίαν,
3303 3521 3362 3576 τὸ
3400 3521 3457 3574 δὲ
3485 3521 3599 3592 μετ’

2011 3615 2256 3679 εὐκλείας
2305 3614 2533 3669 θάνατον
2572 3619 2670 3687 τῆς
2702 3616 2848 3688 ζωῆς
2879 3616 3048 3687 αὐτῆς
3090 3616 3436 3687 προτιμήσας
3464 3613 3604 3685 ὑπὲρ

2009 3708 2108 3779 τῆς
2135 3709 2214 3772 είς
2245 3708 2335 3762 τὸν
2373 3709 2506 3762 Θεὸν
2550 3709 2851 3773 εὐσεϐείας.
2896 3708 3057 3762 Ἀλλὰ
3104 3708 3198 3762 καὶ
3241 3709 3425 3778 μήτηρ
3471 3705 3610 3760 ἑπτὰ

2010 3804 2215 3856 παίδων
2248 3803 2528 3874 θαυμασία
2575 3822 2658 3868 τις
2691 3805 2784 3859 καὶ⁵
2815 3805 2956 3875 ὐπὲρ
2991 3804 3169 3858 πάντα
3195 3803 3352 3870 λόγον
3383 3801 3610 3872 ὲναθλή-

2010 3914 2150 3951 σασα
2169 3896 2247 3968 τῷ
2275 3898 2570 3969 μαρτυρίῳ
2591 3914 2606 3929 ο
2636 3898 2822 3961 παῖδές
2851 3915 2910 3950 τε
2932 3896 3137 3968 ταύτης
3159 3896 3302 3949 ἑπτὰ
3325 3895 3606 3966 διαφόροις

2009 3988 2343 4052 ὑποστάντες
2383 3989 2599 4054 ἄθλοις,
2645 3988 2882 4055 ἐξαίσιον
2925 3989 3128 4060 ἀρετὴν
3173 3987 3473 4059 καρτερίας
3516 3988 3605 4039 ὲν-

2009 4078 2297 4143 εδείξαντο.
2330 4079 2514 4133 Ἄλλοι
2544 4097 2605 4132 τε
2644 4078 2796 4150 παρὰ
2826 4079 3032 4143 τούτοις
3068 4078 3311 4131 πλεῖστοι
3341 4079 3499 4142 ὅσιοι,
3527 4071 3606 4130 ῶν

2006 4170 2108 4240 τῆς
2128 4171 2388 4240 τελευτῆς
2419 4171 2513 4225 καὶ
2537 4171 2645 4224 τῶν
2675 4171 2922 4241 αἱμάτων
2947 4171 3049 4240 τῆς
3088 4170 3364 4241 ὲκχύσεως
3395 4169 3484 4224 διὰ
3505 4169 3606 4239 τῆς

2008 4263 2170 4333 εὐχῆς
2199 4262 2552 4334 μνημονεύων
2583 4265 2613 4318 ὁ
2637 4263 2793 4332 λόγος
2833 4262 2996 4333 φησί’
3025 4263 3134 4317 Καὶ
3177 4261 3505 4331 γνωσθήτω
3531 4261 3605 4314 ἐν

2007 4353 2130 4419 τοῖς
2158 4353 2402 4408 ἔθνεσιν
2428 4353 2687 4408 ἐνώπιον
2717 4353 2837 4408 τῶν
2869 4352 3197 4423 ὀφθαλμῶν
3227 4353 3398 4423 ἡμῶν
3425 4355 3464 4421 ἡ
3496 4353 3599 4407 ἐκ·

2007 4443 2248 4512 δίκησις
2277 4445 2385 4499 τοῦ
2410 4445 2660 4512 αἵματος
2692 4443 2814 4498 τῶν
2850 4444 3088 4499 δούλων
3120 4459 3238 4498 σου
3296 4444 3404 4498 τοῦ
3440 4446 3601 4498 ἐκκε-

1935 4561 1977 4616 D
2009 4535 2291 4605 γυμένου.
2321 4537 2382 4590 Oi
2411 4536 2509 4607 μὲν
2542 4535 2612 4591 τὰ
2655 4537 2863 4607 αἵματα
2899 4535 3106 4591 ἑαυτῶν
3143 4536 3331 4608 ὥσπερ
3367 4536 3602 4599 σπονδὰς

2005 4629 2150 4699 ὑπὲρ
2191 4627 2286 4682 τοῦ
2318 4629 2520 4693 παντὸς
2560 4629 2744 4693 ἔθνους
2784 4627 3178 4684 ἐκδεδώκασιν·
3224 4631 3273 4683 oi
3314 4629 3394 4693 δὲ,
3427 4628 3502 4700 μὴ
3529 4627 3602 4682 τὰ

2011 4723 2164 4791 ἶμοια
2195 4719 2402 4785 τούτοις
2421 4721 2768 4786 πεπονθότες,
2785 4721 2929 4793 ἁλλῳ
2946 4723 3134 4794 τρόπῳ
3155 4721 3248 4775 τὸν
3281 4722 3424 4789 ὑπὲρ
3442 4722 3602 4774 εὐσε-

2007 4805 2160 4875 ὅέίας
2182 4812 2480 4883 ὑπέμειναν
2505 4813 2711 4882 ἀγῶνα,
2729 4813 2912 4885 ἔργοις
2935 4815 3009 4884 (Ι)
3038 4813 3132 4868 καὶ
3156 4814 3374 4884 δεσμοῖς
3405 4812 3600 4866 πεδούο

2009 4919 2184 4971 μενοι.
2217 4896 2317 4956 Ὧν
2349 4903 2442 4956 καὶ
2473 4903 2652 4956 αὐτῶν
2685 4904 2813 4967 τοὺς
2855 4905 3191 4975 στεναγμοὺς
3230 4905 3324 4959 καὶ
3353 4905 3452 4969 τὰς
3485 4903 3600 4958 ὀδύ-

2005 5011 2104 5058 νας
2134 4994 2228 5046 καὶ
2256 4993 2384 5057 τούς
2420 4994 2616 5058 πόνους
2644 4995 2916 5067 εὐκαίρως
2951 4995 3040 5049 διὰ
3065 4996 3167 5066 τῆς
3205 4996 3371 5066 εὐχῆς
3395 4997 3598 5067 ἀναμι-

2006 5089 2235 5158 μνήσκει
2268 5085 2443 5155 λέγων
2461 5106 2474 5118 ·
2523 5089 2858 5144 Είσελθέτω
2904 5088 3161 5143 ἐνώπιόν
3216 5107 3333 5144 σου
3372 5093 3406 5144 ό
3455 5105 3595 5143 στε-

1997 5179 2225 5248 ναγμὸς
2251 5177 2382 5233 ’τῶν
2413 5179 2859 5250 πεπεδημένων.
2932 5181 3348 5252 Πεπεδημένους
3389 5181 3446 5234 δὲ
3493 5182 3596 5235 οὐκ

1999 5268 2064 5325 ἂν
2098 5271 2364 5342 ἁμάρτοις
2394 5270 2563 5327 εἰπὼν
2591 5272 2685 5326 καὶ
2713 5273 2842 5335 τοὺς
2877 5273 2937 5324 ὲν
2979 5275 3094 5336 τοῖς
3127 5272 3340 5344 θνητοῖς
3375 5271 3595 5342 σώμασι

2003 5361 2180 5415 πάντα
2227 5355 2321 5414 τὸν
2347 5360 2446 5431 τῆς
2492 5361 2637 5432 ζωῆς
2671 5362 2854 5415 αὐτῶν
2898 5362 3012 5432 βίον
3062 5363 3592 5433 κατατρυχομένους.

2011 5449 2226 5512 Ὃποῖος
2250 5445 2318 5520 ἦν
2345 5450 2555 5514 Παῦλος
2598 5451 2799 5518 λέγων’
2831 5452 3029 5521 Ἡμεῖς
3065 5455 3121 5507 οι
3143 5451 3356 5519 ζῶντες
3395 5453 3466 5506 ἐν
3508 5453 3595 5520 τῷ

2004 5543 2220 5610 σκήνει
2266 5542 2625 5612 στενάζομεν
2647 5545 3013 5615 ,βαρούμενοι
3031 5562 3046 5575 -
3103 5546 3199 5598 καὶ
3243 5545 3435 5598 πάλιν·
3482 5549 3590 5600 Ta-

2001 5633 2300 5701 λαίπωρος
2343 5634 2457 5705 ἐγὼ
2501 5633 2827 5704 ἄνθρωπος,
2869 5636 2958 5703 τίς
2991 5654 3064 5706 με
3096 5637 3348 5705 ῥύσεται
3383 5637 3453 5690 ἐκ
3479 5633 3590 5692 τοῦ

1047 5784 1090 5812 λε’
1136 5781 1177 5835 ll
1212 5785 1383 5841 Much.
1422 5801 1516 5839 ut.
1598 5788 1641 5818 ⁸⁸
1682 5786 1725 5842 ΙΙ
1759 5787 1887 5844 Cor.
1925 5807 1976 5852 γ,
2013 5791 2066 5846 4.
2145 5792 2187 5821 ⁵⁷
2230 5788 2386 5848 Rom.
2427 5807 2534 5846 vn.
2571 5791 2658 5846 “25.
