4066 6398
458 434 564 490 9l9

1590 423 2097 482 COMMENTARIA
2134 424 2201 479 IN
2242 422 2578 480 PSALMOS.

3613 432 3719 489 950

454 548 725 619 σώματος
770 546 875 601 τοῦ
920 544 1179 600 θανάτου
1219 544 1465 608 τούτου;
1514 542 1756 596 Τοιοῦτοι
1799 541 1857 594 δὲ
1903 534 2040 612 ἦσαν

2149 550 2243 594 tuo
2285 540 2508 610 gemitus
2550 536 2981 605 compeditorum.
3017 536 3251 604 Quinam
3290 554 3456 610 porro
3483 542 3593 598 sint
3622 548 3718 615 qui

376 646 380 667 λ
453 639 547 692 καὶ
582 639 630 691 ot
653 635 747 689 τοῦ
780 635 915 690 Θεοῦ
944 636 1237 707 προφῆται,
1270 632 1363 687 καὶ
1391 634 1592 696 πάντες
1620 634 1669 685 oi.
1705 632 1779 703 μὴ
1808 630 2043 700 καθηδυ-

454 726 749 791 παθοῦντες
782 729 840 779 ἐν
871 728 983 788 τοῖς
1022 725 1226 779 ἑαυτῶν
1258 724 1471 796 σώμασι
1494 765 1509 788 ,
1556 724 1691 796 μηδὲ
1728 726 1906 795 τρυφῇ
1949 724 2041 777 καὶ

450 818 611 891 ἡδονῇ
645 817 1022 889 σχολάζοντες·
1077 816 1380 889 τοῦμπαλιν
1426 818 1484 870 δὲ
1524 816 1804 880 πιέζοντες
1831 814 2037 868 ἑαυτῶν

449 911 548 982 τὴν
581 910 725 982 ζωὴν
755 911 991 975 ἀσιτίαις
1030 912 1124 965 καὶ
1166 910 1348 974 πόνοις
1375 911 1470 964 καὶ
1498 912 1617 973 ταῖς
1647 907 1833 972 ἄλλαις
1859 909 2035 977 ἀσκη-

450 1006 626 1066 τικαῖς
653 1003 1072 1067 κακοπαθείαις
1103 1004 1152 1057 οἳ
1184 1003 1277 1057 καὶ
1308 1003 1407 1073 οὐχ
1440 1002 1581 1073 ὑπὲρ
1613 1000 1820 1054 ἑαυτῶν
1851 1000 2032 1071 μόνον,

448 1093 584 1150 ἀλλὰ
624 1096 719 1148 καὶ
765 1094 904 1166 ὑπὲρ
946 1093 1040 1147 τοῦ
1085 1094 1282 1157 παντὸς
1306 1092 1435 1146 λαοῦ
1478 1095 1543 1147 ὲκ
1583 1091 1780 1164 βάθους
1811 1090 2035 1163 καρδίας

451 1184 588 1255 πρὸς
614 1184 705 1237 τὸν
729 1184 858 1238 Θεὸν
885 1182 1116 1237 ἔστενον.
1152 1183 1243 1235 Διὸ
1263 1181 1537 1235 λέλεκται’
1575 1181 1909 1235 Είσελθέτω
1935 1178 2033 1231 ἐν·

447 1254 635 1330 ώπιόν
670 1291 786 1331 σου
822 1280 854 1330 ό
883 1275 1218 1345 στεναγμὸς
1253 1272 1373 1328 τῶν
1403 1271 1845 1343 πεπεδημένων.
1880 1270 2036 1333 Τίνες
2088 1254 2093 1261 ’

2149 632 2217 685 atl
2253 631 2369 685 haec
2402 630 2635 685 dicenda
2675 629 2905 685 instituti
2942 638 3069 684 sunt
3104 629 3209 685 sul)
3261 630 3378 685 haec
3428 634 3601 702 aperit
3630 635 3718 692 his

2148 720 2333 775 verbis
2359 740 2372 774 :
2411 719 2755 773 Patrocinare
2784 719 2913 791 ﬁliis
2949 721 3262 774 occisorum.
3293 720 3405 777 Nos
3437 723 3713 793 siquidem

2145 826 2254 865 non
2286 810 2432 880 digni
2464 810 2632 864 habiti
2657 825 2848 865 sumus
2876 811 2970 880 qui
2994 810 3061 864 ad
3090 820 3318 866 mortem
3345 828 3519 882 usque
3539 823 3719 870 certa-

2142 916 2350 965 remus,
2396 914 2459 954 ac
2503 916 2603 971 pro
2654 899 2764 956 Deo
2809 901 3133 970 sanguinem
3170 899 3566 971 funderemus;
3620 897 3717 959 sed

2143 994 2271 1065 quia
2303 993 2396 1047 ﬁlii
2423 1008 2614 1049 sumus
2639 1008 2828 1049 eorum
2852 992 2947 1064 qui
2979 993 3092 1048 haec
3127 1002 3255 1048 sunt
3295 996 3561 1064 perpessi,
3600 995 3713 1050 vir.-

2145 1094 2260 1139 tute
2286 1091 2502 1155 patrum
2531 1092 2847 1140 nostrorum
2869 1085 3072 1149 ornati,
3105 1100 3394 1155 precamur
3413 1094 3474 1140 ut
3501 1078 3715 1141 illorum

2142 1177 2316 1247 gratia
2335 1175 2772 1232 misericordiam
2793 1190 3220 1247 consequamur.
3247 1176 3430 1243 Quare
3450 1177 3714 1234 dicimus:

2148 1266 2500 1321 Patrocinare
2530 1266 2661 1334 ﬁliis
2682 1266 2996 1320 occisorum.

449 1370 507 1423 δέ
536 1372 641 1423 είσι
669 1371 719 1425 οί
748 1370 918 1423 ταῦτα
959 1368 1332 1440 διδασκόμενοι
1374 1368 1575 1438 λέγειν,
1626 1366 1751 1438 ἑξῆς
1778 1365 2070 1438 παρίστησι
2134 1362 2392 1431 φάσκων·
2435 1360 2824 1429 Περιποίησαι
2856 1360 3003 1427 τοὺς
3046 1360 3216 1427 υἱοὺς
3244 1359 3363 1415 τῶν
3394 1363 3721 1415 τεθανατω-

444 1458 660 1531 μένων.
706 1461 895 1533 Ἡμεῖς
927 1460 1024 1532 μὲν
1073 1460 1181 1532 γὰρ
1241 1460 1303 1513 ού
1360 1459 1744 1531 κατηξιὼμεθα
1781 1458 1940 1530 μέχρι
2000 1455 2234 1509 θανάτου
2266 1452 2659 1521 ἀγωνίσασθαι,
2698 1452 2820 1505 οὐδὲ
2860 1452 3000 1523 ὑπὲρ
3043 1452 3179 1505 Θεοῦ
3217 1452 3453 1507 κενῶσαι
3482 1451 3550 1507 τὰ
3590 1454 3719 1507 εαυ-

449 1556 558 1611 τῶν
583 1558 787 1629 αἵματα
806 1576 819 1588 ·
850 1557 963 1611 ἀλλ’
995 1556 1178 1627 ἐπειδὴ
1206 1557 1311 1610 τῶν
1332 1556 1503 1609 ταῦτα
1531 1555 1875 1609 πεπονθότων
1901 1550 2069 1623 ἐσμὲν
2107 1550 2231 1613 υἱοὶ,
2263 1546 2649 1618 σεμνυνόμενοι
2694 1546 2785 1599 ἐπὶ
2819 1548 2884 1617 τῇ
2931 1546 3039 1600 τῶν
3082 1546 3333 1601 πατέοων
3389 1546 3579 1619 ἀρετῇ,
3606 1545 3719 1602 δεό..

452 1650 592 1719 μεθα
618 1651 684 1703 δι’
720 1649 959 1713 ἐκείνους
1010 1647 1316 1719 ἐλεηθῆναι.
1364 1646 1456 1699 Διό
1489 1664 1668 1717 φαμεν
1688 1664 1700 1677 -
1734 1643 2121 1714 Περιποίησαι
2147 1637 2291 1704 τοὺς
2307 1637 2482 1703 υἱοὺς
2512 1636 2632 1690 τῶν
2657 1634 3167 1705 τεθανατωμένων.

516 1741 757 1808 Ἀπόδος
768 1743 889 1808 τοῖς
903 1742 1167 1810 γείτοσιν
1179 1742 1348 1811 ήμῶν
1362 1740 1815 1797 ἑπταπλασίονα
1828 1740 1915 1804 εὶς
1928 1735 2037 1789 τὸν

451 1836 683 1890 κόλπον
698 1837 772 1888 αὑ
779 1834 914 1898 τῶν,
928 1833 1034 1888 τὸν
1045 1834 1388 1905 ὀνειδισμὸν
1396 1833 1614 1898 αὐτῶν,
1635 1832 1707 1886 ὃν
1718 1828 2037 1885 ὠνείδισάν

2212 1728 2379 1784 Vens.
2428 1728 2612 1782 12-14.
2656 1726 2830 1783 Redde
2864 1728 3045 1781 vicinis
3083 1728 3280 1781 nostris
3322 1730 3618 1797 septuptum
3660 1731 3719 1785 in

2143 1823 2263 1878 sinu
2290 1837 2494 1886 eorum,
2518 1822 2898 1890 improperium
2939 1820 3194 1887 ipsorum,
3218 1819 3356 1889 quod
3379 1821 3722 1890 exprobrare.

450 1947 545 1995 σε,
578 1933 771 2001 Κύριε.
802 1931 991 2002 Ἡμεῖς
1017 1931 1085 1986 δὲ
1113 1933 1264 1999 λαός
1292 1949 1411 1986 σου
1431 1932 1530 1987 καὶ
1560 1930 1824 1998 πρόϐατα
1847 1924 2040 1998 νομῆς

2144 1924 2264 1968 runt
2292 1915 2406 1979 tibi,
2449 1912 2691 1967 Domine.
2730 1912 2848 1967 Nos
2882 1922 3057 1966 autem
3096 1911 3321 1981 populus
3359 1923 3479 1968 tuus
3523 1924 3574 1969 et
3603 1931 3720 1971 oves

450 2037 588 2088 σου,
604 2022 1207 2093 ἁνθομολογησόμεθά
1228 2039 1328 2078 σοι
1353 2026 1441 2089 εὶς
1460 2021 1566 2077 τὸν
1586 2021 1789 2076 αἰῶνα.
1817 2024 1920 2088 Είς
1943 2038 2037 2091 γε·

451 2114 598 2169 νεὰν
626 2114 725 2167 καὶ
757 2116 972 2186 γενεὰν
1005 2116 1451 2186 ἐξαγγελοῦμεν
1475 2116 1589 2183 τὴν
1615 2115 1858 2169 αῖνεσίν
1892 2129 2031 2169 σου.

463 2205 638 2275 Ἦμᾶς
657 2205 757 2276 μὲν
799 2204 1172 2277 περιποίησαι,
1199 2206 1247 2258 εί
1280 2206 1373 2259 καὶ
1407 2204 1482 2276 μὴ
1518 2204 1586 2257 δι’
1612 2204 1779 2275 ἡμᾶς,
1804 2203 1937 2257 ἀλλὰ
1950 2202 2039 2258 διὰ

451 2298 577 2359 τοὺς
606 2296 867 2368 πατέρας.
898 2297 1024 2360 Τοῖς
1064 2297 1122 2351 δὲ
1162 2296 1398 2367 γείτοσιν
1441 2296 1618 2368 ἡμῶν,
1659 2296 1902 2350 τουτέστι
1926 2299 2039 2362 τοῖς

454 2391 718 2441 ἐπανιστα
725 2389 906 2460 μένοις
926 2390 1057 2461 ἡμῖν
1072 2389 1272 2444 καὶτὸν
1286 2388 1407 2443 καθ’
1423 2390 1579 2461 ἡμῶν
1596 2389 1830 2462 πόλεμον
1845 2390 2041 2460 διεγεί-

453 2496 657 2551 ρουσιν,
706 2481 904 2545 ἀπόδος
959 2480 1027 2534 τά
1082 2481 1376 2552 ἀμοιϐαῖα,
1426 2482 1874 2548 πολυπλασιπων
1939 2483 2039 2554 τὴν

449 2573 806 2645 ὀφειλομένην
829 2575 1014 2637 αὐτοῖς
1062 2575 1204 2645 ὑπὲρ
1255 2566 1331 2628 ὧν
1362 2574 1596 2646 ἔδρασαν
1626 2574 1916 2646 τιμωρίαν,
1961 2577 2038 2648 μὴ

450 2668 564 2729 τοῖς
592 2665 714 2719 καθ’
744 2666 900 2737 ἡμῶν
928 2667 1292 2738 ἀρκεσθέντες
1321 2670 1530 2732 κακοῖς,
1566 2666 1680 2721 ἀλλ’
1710 2669 1811 2739 ἤδη
1849 2668 1946 2722 καὶ
1979 2668 2038 2721 σὲ

450 2755 543 2809 τὸν
572 2756 665 2809 ἐπὶ
693 2757 911 2811 πάντων
934 2757 1138 2828 Κύριον
1167 2758 1509 2830 βλασφήμοις
1540 2760 1637 2812 καὶ
1668 2759 2041 2825 ὀνειδιπικοῖς

452 2849 867 2920 περιϐάλλοντες
898 2849 1098 2918 λόγοις.
1136 2850 1276 2904 Ἀλλ’
1306 2850 1533 2914 ἐκείνοις
1554 2850 1677 2923 μὲν,
1706 2853 1891 2924 φησιν,
1915 2854 2041 2906 ἀπό-

449 2940 539 3003 δος
560 2932 675 3012 ’τὴν
707 2940 864 3007 ἀξίαν
905 2942 1175 3013 τιμωρίαν
1203 2939 1340 3012 πρὸς
1368 2940 1634 3010 ὠφελείας
1675 2943 1854 2996 αὐτῶν
1881 2960 2041 3015 γενη-

454 3030 707 3103 σομένην,
726 3032 1201 3105 ἐπιστρεφομένων
1226 3033 1320 3087 καὶ
1355 3032 1836 3106 σωφρονιζομένων
1858 3034 1925 3088 δι’
1951 3036 2042 3090 αύο

450 3121 569 3192 τῆς·
600 3123 747 3193 ἡμᾶς
771 3123 827 3176 δὲ
858 3123 1019 3188 σῶζε,
1055 3125 1181 3187 τοὺς
1210 3125 1360 3188 υἱοὺς
1396 3122 1506 3178 τῶν
1533 3125 1995 3197 τεθανατωμένων
2019 3143 2035 3159 ’

450 3213 523 3278 οἳ,
570 3215 619 3267 εί
661 3213 756 3267 καὶ
794 3215 872 3285 μὴ
915 3217 1025 3277 τοῖς
1070 3215 1308 3286 πατράσι
1340 3216 1643 3288 γεγόναμεν
1683 3216 1881 3289 ὅμοιοι,
1921 3216 2035 3271 ἀλλ’

450 3306 599 3376 ὅμως
629 3322 722 3359 σου
771 3307 1110 3379 τυγχάνομεν
1142 3307 1270 3373 λαὸς
1302 3310 1396 3363 καὶ
1434 3307 1536 3380 τῆς
1575 3309 1673 3381 σῆς
1701 3308 1873 3382 νομῆς
1905 3311 2039 3382 πρό-

452 3394 619 3450 tiaran
665 3394 747 3449 διὸ
788 3396 1398 3467 ἀνθομολογησόμεθά
1433 3414 1531 3453 σοι
1568 3401 1656 3465 είς
1685 3399 1791 3452 τὸν
1821 3397 2035 3466 αἰῶνα,

451 3485 899 3558 εὐχαριστοῦντες
914 3488 1112 3561 δηλαδὴ
1133 3490 1372 3555 καὶτοὺς
1394 3491 1701 3564 πρέποντας
1726 3490 1927 3562 ὕμνους
1943 3490 2038 3544 καὶ

449 3578 753 3646 δοξολογίας
773 3580 912 3651 ὑπὲρ
929 3573 1002 3634 ὧν
1021 3576 1078 3634 εὖ
1104 3581 1451 3654 πεπόνθαμεν
1470 3582 1551 3636 σοὶ
1572 3581 1648 3653 τῷ
1664 3582 1879 3635 πάντων
1899 3583 2036 3651 ἀγα-

452 3670 562 3723 θῶν
595 3671 781 3742 δοτῆρι
818 3671 938 3741 Θεῷ
960 3672 1394 3743 ἀναπέμποντες.
1427 3674 1655 3744 Ἐφεξῆς
1687 3691 1745 3725 τε
1765 3674 1914 3728 κατὰ
1942 3691 2037 3745 γε·

451 3762 598 3817 νεὰν
630 3763 727 3816 καὶ
765 3763 978 3832 γενεὰν
1010 3764 1455 3834 ἐξαγγελοῦμεν
1497 3765 1614 3832 τὴν
1649 3765 1888 3820 αῖνεσίν
1919 3782 2037 3821 σου

454 3853 640 3907 παισὶν
658 3854 951 3925 ἡμετέροις
966 3855 1059 3908 καὶ
1079 3854 1283 3908 παίδων
1300 3854 1477 3918 παισὶ,
1494 3854 1760 3926 διαδόχοις
1778 3874 1839 3908 τε
1857 3855 2037 3909 αὐτῶν

452 3947 565 4009 τοῖς
592 3945 731 4016 μετά
767 3944 939 3998 ταῦτα
960 3946 1365 4017 γενησομένοις,
1389 3945 1579 4017 ὥσπερ
1600 3946 1802 4014 ἀγαθὸν
1836 3947 2039 4019 κλῆρον

453 4032 867 4104 παραδώσοντες
898 4029 999 4104 τῆς
1032 4033 1292 4098 αἰνέσεως
1331 4034 1401 4088 τὰ
1439 4036 1683 4107 σωτήρια
1716 4036 2031 4108 μαθήματα.

454 4146 563 4202 ΕΙΣ
590 4147 679 4202 ΤΟ
703 4147 942 4210 ΤΕΛΟΣ,
969 4147 1151 4218 ΥΠΕΡ
1177 4147 1313 4201 ΤΩΝ
1335 4149 2035 4218 ΑΛΛΟΙΩΘΗΣΟΜΕΝΩΝ,

898 4217 1305 4271 ΜΑΡΤΥΡιυΝ
1335 4219 1427 4290 τᾳ
1449 4220 1649 4272 ama».

1215 4312 1334 4366 06'.

536 4420 591 4475 '0
614 4424 943 4494 ποιμαίνων
977 4425 1083 4480 τὸν
1122 4410 1383 4503 Ἰσραὴλ,
1417 4429 1704 4498 πρόσχες,
1738 4430 1771 4482 ό
1805 4427 2042 4499 ὁδηγῶν

451 4511 596 4569 ὡσεὶ
626 4517 925 4583 πρόϐατον
949 4517 1057 4571 τὸν
1096 4517 1329 4590 Ἰωσήφ.
1359 4519 1634 4591 Τέσσαρές
1664 4521 1802 4575 είσιν
1833 4522 1880 4575 οἱ
1919 4523 2040 4575 ἐπι-

2142 2021 2356 2074 pascua:
2377 2016 2500 2071 tum,
2526 2005 2894 2075 conﬁtebimur
2919 2004 3013 2058 tibi
3032 2004 3087 2057 in
3114 2005 3389 2059 saeculum.
3408 2003 3475 2062 In
3502 2022 3720 2077 genera-

2142 2102 2337 2155 tionem
2356 2109 2406 2154 et
2428 2100 2818 2171 generationem
2847 2097 3285 2152 annuntiabimus
3310 2098 3519 2153 laudem
3550 2109 3718 2156 tuam.

2142 2190 2310 2247 Nobis
2341 2191 2705 2263 patrocinare,
2739 2189 2843 2246 etsi
2875 2204 2983 2243 non
3023 2189 3197 2244 nostri
3239 2204 3432 2256 causa,
3468 2191 3564 2247 sed
3594 2207 3723 2262 pro-

2142 2292 2265 2356 pter
2294 2292 2479 2355 patres
2513 2282 2755 2340 nostros.
2783 2280 2990 2338 Vicinis
3017 2298 3147 2339 vero
3175 2283 3403 2347 nostris,
3440 2282 3495 2337 id
3518 2291 3603 2339 est
3650 2285 3720 2338 iis

2140 2378 2236 2448 qui
2265 2377 2559 2447 insurgunt
2583 2376 2637 2430 in
2669 2392 2793 2440 nos,
2826 2375 3095 2446 nobisque
3124 2375 3325 2431 bellum
3358 2385 3602 2444 movent,
3637 2377 3723 2430 vi-

2141 2484 2234 2525 ces
2272 2469 2567 2531 retribuas,
2602 2468 2974 2540 multiplicans
3027 2468 3159 2523 illud
3189 2469 3494 2525 sceleribus
3534 2484 3723 2539 eorum

2143 2560 2386 2643 debitum
2426 2561 2779 2632 snpplicium.
2828 2559 2947 2616 Non
2998 2569 3083 2617 sat
3138 2561 3247 2617 illis
3303 2562 3404 2616 fuit
3452 2564 3593 2618 mala
3638 2565 3724 2618 in—

2143 2652 2351 2711 ﬁixisse
2396 2654 2591 2721 nobis;
2624 2653 2720 2710 sed
2766 2663 2818 2708 te
2858 2669 3079 2724 quoque
3109 2655 3494 2710 universorum
3549 2655 3725 2709 Domi-

2142 2762 2275 2801 num
2306 2745 2644 2816 blasphemis
2688 2753 2742 2800 et
2787 2745 3202 2802 contumeliosis
3231 2746 3396 2802 dictis
3441 2748 3727 2817 impetive-

2144 2848 2294 2894 runt.
2323 2837 2525 2893 Verum
2567 2837 2677 2893 illis
2724 2837 2793 2893 ad
2836 2837 3127 2892 utilitatem
3177 2852 3334 2893 suam
3366 2838 3725 2909 promeritum

2141 2933 2311 2988 redde
2362 2931 2734 3003 supplicium;
2785 2931 2861 2987 ita
2908 2940 2970 2986 ut
3012 2947 3081 2987 eo
3121 2939 3518 2987 convertantur
3557 2942 3612 2988 et
3657 2933 3727 2986 atl

2143 3025 2426 3079 meliorem
2467 3039 2526 3079 se
2564 3024 2774 3092 frugem
2808 3023 3111 3094 recipiant;
3145 3041 3246 3082 nos
3284 3032 3463 3081 autem
3512 3025 3726 3079 occiso-

2141 3132 2263 3172 rum
2304 3117 2465 3184 ﬁlios,
2491 3117 2667 3173 salute
2706 3116 2870 3180 dona,
2910 3117 3030 3188 qui,
3068 3116 3282 3173 etiamsi
3320 3133 3429 3171 non
3476 3116 3728 3189 patribus

2145 3213 2355 3267 similes
2388 3212 2676 3279 fuerimus,
2724 3218 2967 3267 attamen
2999 3213 3236 3283 populus
3277 3219 3406 3268 tuus
3448 3228 3640 3268 sumus
3673 3220 3728 3267 et

2146 3323 2276 3364 oves
2309 3323 2526 3378 pascuae
2560 3314 2701 3373 tum;
2733 3322 2901 3378 quare
2944 3306 3313 3377 conﬁtebimur
3346 3307 3441 3360 tibi
3474 3308 3528 3359 in
3556 3321 3729 3360 stetu-

2147 3397 2286 3464 tum,
2330 3399 2537 3470 gratias
2594 3400 2806 3455 scilicet
2858 3407 3087 3470 agentes
3123 3399 3446 3470 debitosque
3497 3399 3732 3471 hymnos

2144 3496 2200 3545 et
2222 3489 2413 3546 laudes
2442 3505 2541 3561 pro
2571 3491 2813 3560 acceptis
2836 3489 3121 3546 beneﬁciis
3152 3490 3251 3544 tibi
3278 3491 3522 3545 omnium
3559 3489 3730 3545 bono.

2146 3596 2268 3638 rum
2298 3582 2547 3653 largitori
2586 3581 2698 3643 Deo
2731 3570 3068 3639 emittentcs.
3108 3582 3376 3653 Deinceps
3409 3597 3536 3637 vero
3566 3583 3621 3634 in
3646 3599 3729 3653 ge-

2146 3676 2470 3728 nerationem
2512 3684 2563 3729 et
2600 3676 2991 3745 generationem
3042 3676 3483 3731 annuntiabimus
3518 3674 3729 3730 laudem

2145 3775 2290 3820 tuam
2326 3768 2452 3823 ﬁliis
2479 3769 2710 3832 nostris,
2743 3767 2868 3824 ﬁliis
2894 3768 3129 3824 ﬁliorum
3164 3779 3219 3824 et
3241 3783 3434 3825 eorum
3466 3769 3725 3839 posteris,

2145 3859 2443 3914 salutarem
2498 3859 2676 3915 laudis
2730 3867 2836 3915 tute
2890 3861 3261 3933 disciplinam,
3313 3878 3414 3919 ceu
3467 3864 3729 3934 optimam

2144 3960 2373 4017 sortem,
2403 3952 2704 4007 tradentes.

2145 4149 2199 4205 ι.
2233 4147 2303 4204 ΙΝ
2346 4144 2578 4213 FINEM.
2618 4147 2754 4203 PRO
2791 4146 2878 4202 IIS
2911 4148 3030 4215 QUI
3072 4149 3726 4217 COMMUTABUNTUR,

2547 4217 3033 4277 TESTIMONIUM
3064 4220 3313 4275 ASAPll.

2818 4308 3058 4368 LXXIX.

2216 4426 2386 4483 Vens.
2424 4427 2480 4482 2.
2523 4426 2628 4495 Qui
2651 4428 2829 4497 pascis
2872 4427 3070 4495 Israel,
3105 4428 3339 4496 intende,
3379 4432 3470 4502 qui
3513 4430 3729 4486 deducis

2145 4519 2282 4576 velut
2327 4537 2470 4574 ovem
2499 4515 2717 4591 Joseph.
2748 4520 2994 4589 Quatuor
3035 4531 3166 4578 sunt
3196 4522 3470 4594 inscripti,
3501 4524 3612 4579 Pro
3661 4527 3729 4581 iis

454 4607 862 4679 γεγραμμένοι,
902 4608 1069 4678 ’Υπὲρ
1126 4607 1243 4664 τῶν
1286 4612 1894 4683 ἀλλοιωθησομένωνο
1949 4612 2040 4666 δύο

2144 4614 2235 4682 qui
2272 4613 2773 4678 commutabantur;
2825 4615 2936 4670 duo
2973 4615 3195 4687 quidem
3246 4615 3491 4682 Davidis,
3542 4633 3635 4672 Lux
3677 4626 3733 4673 ct

457 4696 558 4767 μὲν
584 4696 679 4752 τοῦ
703 4698 890 4763 Δαυῒδ,
913 4702 942 4754 6
966 4700 1042 4754 νϐ’
1069 4702 1163 4755 καὶ
1193 4704 1221 4755 6
1246 4703 1351 4775 ξην,
1370 4698 1480 4758 τῶν
1516 4705 1573 4758 δὲ
1602 4704 1734 4760 υἱῶν
1765 4706 1912 4779 Κορὲ
1939 4701 2043 4772 εἷς,

454 4792 485 4844 6
519 4790 623 4861 μδ,
658 4791 753 4845 καὶ
800 4791 894 4845 τοῦ
940 4792 1110 4863 Ἀσάφ
1161 4794 1422 4859 ὡσαύτως
1452 4798 1481 4850 6
1549 4796 1688 4868 μετὰ
1740 4801 1945 4871 χεῖρας.
1983 4799 2044 4855 Ὀ

459 4880 558 4951 μὲν
588 4875 680 4934 οὖν
708 4881 784 4934 νϐ’
824 4883 1140 4937 ἀπόπτωσιν
1169 4884 1263 4939 τοῦ
1310 4887 1580 4941 Ἰουδαίων
1622 4887 1808 4955 ἔθνους
1855 4890 2043 4962 ἐδήλου

458 4973 551 5027 καὶ
596 4974 786 5048 κλῆσιν
822 4976 1016 5031 ἐθνῶν⁸
1053 4976 1206 5047 ἔλεγε
1236 4976 1280 5030 δ’
1310 4975 1403 5032 οὖν
1436 4981 1758 5053 ἀρχόμενος,
1795 4981 1850 5037 Ὁ
1877 4982 2042 5050 Θεὸς,

456 5067 677 5122 ἀπώσω
713 5068 891 5138 ἡμᾶς,
938 5071 1036 5124 καὶ
1075 5070 1349 5138 καθεῖλες
1378 5072 1560 5142 ἡμᾶς,
1596 5073 1916 5144 ὠργίσθης,
1950 5073 2046 5128 καὶ

457 5159 528 5214 τὰ
556 5160 767 5223 τούτοις
792 5160 936 5232 έξῆς.
970 5157 1105 5215 Εἶτα
1150 5162 1375 5235 προῖὼν,
1423 5165 1626 5243 ἐπῆγε*
1656 5165 1836 5220 Μωὰϐ
1862 5166 2047 5234 λέϐης

458 5251 570 5320 τῆς
606 5252 855 5320 ἐλπίδος
879 5272 1021 5323 μου.
1060 5255 1184 5310 Ἐπὶ
1218 5256 1334 5325 τὴν
1373 5256 1704 5327 Ἰδουμαίαν
1725 5257 1945 5312 ἐκτενῶ
1977 5258 2046 5313 τὸ

457 5344 740 5415 ὑπόδημα
757 5364 899 5416 μου,
919 5346 1049 5416 ἐμοὶ
1075 5347 1417 5425 ἀλλόφυλοι
1445 5349 1772 5418 ἑφιλίασαν
1789 5367 1803 5380 ·
1831 5349 1887 5420 ἢ,
1911 5353 2048 5406 ὑπε-

459 5439 751 5508 τάγησαν.
770 5438 1041 5504 Ὡσαύτως
1074 5441 1170 5497 καὶ
1200 5440 1229 5493 6
1258 5438 1360 5513 ἔνι’,
1377 5441 1557 5510 Ὑπὲρ
1581 5430 1698 5496 τῶν
1711 5443 2043 5513 ἀλλοιωθη-

460 5529 736 5599 σομένων
763 5531 1261 5604 ἐπιγεγραμμένος,
1281 5532 1348 5585 τὰ
1380 5533 1527 5605 πάθη
1554 5532 1648 5586 τοῦ
1673 5535 1923 5607 Σωτῆρος
1951 5537 2045 5589 καὶ

459 5617 556 5689 τὴν
590 5619 686 5674 τοῦ
725 5619 940 5693 Ἰσραὴλ
969 5623 1240 5694 ἀποϐολὴν
1276 5624 1572 5696 παρίστησι
1609 5623 1814 5695 λέγων’
1858 5628 2049 5696 Γενη-

462 5709 619 5777 θήτω
648 5712 686 5780 ἡ
716 5712 968 5782 τράπεᾷῑ
990 5716 1191 5770 αὐτῶν
1213 5715 1468 5770 ἐνώπιον
1491 5716 1690 5771 αὐτῶν
1712 5720 1799 5784 εὶς
1825 5719 2047 5789 παγίδα

464 5802 563 5854 καὶ
600 5805 685 5868 είς
724 5806 1128 5875 ἀνταπόδοσιν
1161 5809 1258 5861 καὶ
1298 5811 1385 5875 είς
1427 5808 1798 5865 σκάνδιαιον.
1853 5815 2045 5864 Σκοτι-

466 5890 787 5959 σθήτωσαν
838 5900 892 5952 ot
930 5899 1221 5970 ὀφθαλμοὶ
1270 5898 1468 5956 αὐτῶν
1508 5899 1609 5955 τοῦ
1638 5899 1724 5971 μὴ
1763 5899 2051 5971 βλέπειν,

2146 4720 2338 4771 vaut,
2380 4704 2615 4761 ﬁliorum
2646 4705 2787 4762 Core
2838 4722 3002 4772 unus,
3037 4723 3185 4770 xmv,
3224 4707 3429 4779 Asaphi
3467 4709 3596 4765 item
3640 4709 3731 4765 hic

2145 4814 2306 4869 quem
2354 4806 2678 4855 tractamus.
2727 4799 3227 4871 Quinquagesimus
3284 4816 3464 4858 nonus
3516 4802 3731 4872 lapsum

2145 4889 2355 4946 Judaici
2394 4893 2576 4962 populi
2607 4900 2662 4947 et
2691 4893 3032 4948 vocationem
3071 4891 3317 4962 gentium
3353 4892 3729 4964 signiﬁcabat,

2147 4984 2238 5039 his
2263 4985 2445 5040 verbis
2486 4999 2651 5040 orsus
2680 5004 2692 5038 :
2731 4983 2890 5050 Dens,
2932 4984 3174 5053 repulisti
3216 5001 3311 5041 nos
3336 4996 3385 5040 et
3419 4984 3731 5041 destruxistt'

2146 5093 2265 5140 nos,
2302 5077 2472 5131 iratus
2512 5093 2588 5139 es,
2625 5086 2680 5131 ct
2711 5086 2907 5132 caetera
2933 5093 3054 5147 quae
3088 5086 3415 5148 sequuntur.
3456 5077 3571 5132 Sub
3615 5077 3731 5132 hzec

2147 5183 2328 5224 autem
2366 5188 2381 5224 :
2419 5168 2579 5223 Moab
2618 5169 2754 5224 lebes
2786 5170 2894 5238 spei
2920 5186 3064 5225 mete.
3103 5171 3175 5225 In
3208 5169 3508 5225 Idumaeam
3549 5181 3730 5224 exten-

2146 5261 2270 5315 dam
2315 5261 2725 5315 calceamentum
2758 5275 2966 5325 meum;
3003 5260 3133 5313 mihi
3157 5260 3411 5330 allopltyli
3449 5261 3610 5315 amici
3642 5260 3730 5329 fa-

2148 5347 2220 5400 cti
2241 5354 2394 5410 sunt,
2425 5346 2559 5407 sive,
2594 5345 2792 5399 subditi
2814 5356 2958 5402 sunt.
2993 5343 3257 5400 Similiter
3285 5361 3479 5410 vam,
3513 5344 3620 5397 Pro
3661 5345 3731 5401 iis

2145 5440 2235 5508 qui
2265 5438 2732 5492 commutabantur
2767 5439 3084 5509 inscriptus,
3135 5437 3415 5492 cruciatus
3467 5434 3731 5491 Servato-

2147 5532 2227 5587 ris
2279 5543 2334 5587 et
2392 5529 2609 5586 lsraelis
2654 5530 3015 5600 abjectionem
3067 5530 3327 5585 declarat
3369 5528 3454 5584 his
3500 5528 3724 5583 verbis;

2148 5624 2276 5681 Fiat
2307 5642 2486 5680 mensa
2516 5642 2697 5680 eorum
2731 5641 2909 5678 coram
2940 5625 3069 5694 ipsis
3104 5624 3156 5678 in
3191 5624 3459 5694 laqueum,
3491 5632 3540 5677 et
3573 5623 3627 5676 in
3657 5638 3732 5677 re-

2148 5719 2487 5774 tributionem
2525 5726 2574 5772 et
2603 5719 2656 5771 in
2700 5717 3038 5773 scandalum.
3080 5716 3441 5793 Obseurentur
3466 5715 3605 5768 oculi
3641 5729 3732 5768 eo-

2149 5829 2265 5866 rum
2308 5828 2372 5865 ne
2412 5811 2644 5877 videant,
2684 5821 2733 5865 et
2781 5812 3001 5865 dorsum
3032 5825 3214 5864 eorum
3253 5823 3455 5876 semper
3491 5807 3731 5860 incurvo.

2149 5902 2378 5974 Eﬂuude
2399 5918 2552 5973 super
2581 5921 2666 5959 eos
2699 5905 2835 5960 iram
2872 5914 3038 5969 tuam,
3072 5912 3122 5957 et
3154 5903 3304 5973 [uror
3328 5903 3423 5957 ira:
3454 5911 3557 5955 tuw
3586 5914 3726 5952 cotsv
