4066 6380
143 496 172 528 υ
212 519 220 528 .

377 345 478 404 931
1058 346 1330 402 EUSEBII
1380 344 1870 401 CIESARIENSIS
1907 341 2058 400 OPP.
2107 341 2286 399 PARS
2323 343 2410 402 ΙΙΙ.
2451 379 2520 388 --
2559 345 2965 404 EXEGETICA.
3535 349 3640 405 952

372 458 661 531 preliendat
710 477 818 516 eos.
855 459 982 516 Fiat
1020 461 1283 518 habitatio
1321 479 1503 518 eorum
1546 462 1777 528 deserta,
1813 471 1864 516 et
1897 461 1922 513 i2

2021 458 2150 519 ,καὶ
2205 458 2313 514 τὸν
2373 461 2567 517 νῶτον
2618 462 2806 518 αὺτὸν
2869 464 3192 532 διαπαντὸς
3251 467 3635 536 σύγκαμψον.

373 552 732 608 tabernaculis
775 571 957 610 eorum
995 572 1099 610 non
1147 557 1217 611 sit
1247 558 1338 628 qui
1378 556 1954 624 inhabitet.‘Quoniam

367 660 521 717 quem
555 654 611 698 tu
635 649 945 715 percussisti
972 650 1232 717 persecuti
1261 659 1406 712 sunt,
1451 659 1500 704 et
1531 667 1687 720 super
1716 649 1952 703 dolorem

368 737 648 790 uulnerum
699 755 936 794 meorum
976 739 1318 796 addiderunt.
1355 742 1420 796 lli
1466 743 1685 814 quidem
1731 742 1952 798 Davidls

366 837 518 886 sunt.
552 829 815 887 Filiorum
847 850 977 889 vero
1020 833 1161 890 Core
1204 850 1351 900 κων,
1386 835 1476 891 cui
1508 837 1719 898 titulus,
1751 834 1859 891 Pro
1883 836 1949 890 iis

365 922 458 987 qui
510 925 1018 995 commutabuntur,
1074 929 1348 984 canticum
1403 945 1504 1000 pro
1561 928 1769 984 Dilecto
1813 929 1950 985 emi-

366 1012 461 1076 sit,
515 1015 675 1084 cujus
732 1017 1025 1073 adventum
1079 1021 1406 1090 vaticinans,
1455 1022 1796 1077 vocationem
1848 1022 1950 1076 Ec-

364 1104 549 1160 clesiae
584 1123 648 1160 ex
684 1110 942 1179 gentibus
984 1109 1214 1179 addidit,
1244 1112 1348 1168 hoc
1370 1128 1490 1168 eam
1515 1112 1678 1168 modo
1707 1113 1950 1168 subinth-
2016 1162 2020 1167 .

363 1211 500 1253 cans
530 1218 542 1253 :
568 1200 733 1266 Audi,
777 1203 919 1271 ﬁlia,
953 1213 1002 1257 et
1036 1203 1171 1270 ride,
1220 1216 1270 1260 et
1306 1206 1507 1260 inclina
1561 1223 1743 1262 aurem
1776 1217 1943 1270 tuam,

359 1298 410 1341 et
440 1288 746 1348 obliviscere
763 1296 1016 1365 populum
1051 1307 1194 1352 tuum
1221 1308 1269 1354 et
1301 1298 1518 1354 domum
1539 1301 1707 1370 patris
1739 1302 1835 1356 tui.
1876 1299 1943 1354 Et

358 1386 690 1454 concupiscet
722 1403 816 1441 rea:
843 1388 1084 1444 decorem
1111 1401 1280 1457 tuum,
1303 1395 1552 1463 quoniam
1588 1396 1698 1464 ipse
1724 1404 1802 1450 est
1831 1394 1945 1449 Do-

357 1479 533 1534 minus
563 1489 706 1544 tuus,
737 1490 787 1534 et
826 1481 1127 1536 adorabunt
1147 1499 1286 1549 eum,
1317 1486 1433 1549 lilia
1471 1485 1598 1555 Tyri
1623 1487 1679 1542 in
1712 1488 1945 1541 muneri-

246 1640 253 1648 _
355 1572 474 1628 bus.
507 1573 709 1628 Eodem
741 1575 926 1645 itaque
966 1576 1128 1630 modo
1160 1577 1248 1632 hic
1286 1594 1450 1649 quem
1476 1586 1802 1646 tractamus,
1830 1580 1938 1635 Pro

352 1665 421 1720 iis
457 1666 550 1736 qui
585 1665 1054 1721 commutabuntur
1099 1668 1421 1740 inscriptus,
1459 1685 1526 1725 ac
1555 1671 1611 1726 in
1650 1670 1812 1726 linem
1854 1688 1939 1728 re-

351 1759 596 1820 mittens,
634 1757 841 1814 Christi
871 1761 1190 1826 adventum,
1219 1761 1434 1818 Judaici
1485 1765 1672 1835 populi
1703 1767 1931 1837 captivi-

351 1857 520 1904 tatem
556 1857 612 1904 et
647 1847 1151 1921 Hierosolymorum
1195 1852 1510 1909 incendium
1533 1855 1680 1926 quod
1701 1872 1729 1910 a
1765 1857 1931 1929 Baby-

348 1940 516 1997 loniis
547 1941 750 1997 factum
783 1953 869 1999 est
915 1946 1267 2013 praenuntiat.
1302 1944 1488 2001 Primo
1515 1947 1737 2018 quidem
1784 1949 1934 2004 ordi-

348 2039 439 2086 tur
467 2033 536 2088 ab
563 2033 713 2089 exitu
748 2033 1064 2092 Iudaeorum
1105 2054 1172 2093 ex
1209 2037 1468 2110 Egypto,
1509 2051 1561 2096 et
1598 2040 1932 2099 habitatione

343 2140 535 2180 eorum
583 2127 638 2181 in
694 2128 982 2187 Palmstina
1030 2150 1043 2185 :
1090 2131 1290 2186 deinde
1343 2133 1531 2202 adjicit
1589 2134 1930 2190 obsidionem

345 2225 468 2286 post
527 2218 644 2275 haec
698 2221 768 2275 ab
815 2221 1057 2292 Assyriis
1106 2231 1159 2277 et
1208 2221 1524 2294 Babyloniis
1575 2224 1774 2280 factam
1815 2228 1928 2281 :ad

343 2309 461 2365 haec
522 2319 705 2367 autem
764 2314 1222 2384 supplicationem
1276 2313 1509 2372 eﬂundit
1564 2332 1664 2387 pro
1722 2317 1928 2374 Christi

341 2402 580 2458 adventu
634 2421 650 2460 :
703 2419 824 2475 quae
881 2405 1196 2476 singulatim
1262 2406 1319 2462 in
1388 2408 1554 2480 hujus
1628 2411 1928 2482 prophetia:

340 2493 796 2564 interpretatione
851 2497 1297 2568 explicabuntur.
1353 2498 1514 2556 Initio
1563 2510 1745 2558 autem
1799 2520 1923 2558 eum

339 2585 432 2655 qui
479 2587 652 2654 pascit
697 2584 859 2643 Israel
905 2589 1152 2658 psalmus
1197 2596 1388 2645 evocat
1419 2609 1432 2646 :
1461 2591 1549 2646 hic
1598 2608 1761 2663 porro
1807 2602 1924 2648 erat

337 2675 434 2731 Dei
474 2675 737 2743 Verbum,
789 2679 870 2734 uti
910 2682 1232 2752 plerumque
1279 2683 1778 2756 comprobavimus,
1830 2687 1923 2740 de-

336 2768 614 2826 clarantcs
667 2785 778 2826 non
827 2769 995 2826 Deum
1049 2774 1142 2844 qui
1197 2789 1364 2846 snper
1409 2776 1594 2830 omnia
1643 2785 1767 2840 est,
1817 2778 1922 2834 sub

336 2860 575 2917 hominis
637 2862 807 2934 ligura
865 2865 1046 2918 visum
1105 2865 1420 2921 Abrahamo
1477 2867 1688 2936 fuisse;
1745 2886 1921 2940 neque

334 2949 506 3024 Moysi
551 2955 778 3010 oracula
817 2955 1046 3023 fudisse,
1085 2973 1187 3013 nec
1238 2958 1293 3014 in
1326 2958 1540 3017 deserto
1569 2964 1920 3032 praecessisse

334 3045 631 3114 populum;
657 3046 752 3102 sed
788 3046 934 3102 hunc
969 3065 1081 3105 non
1109 3051 1275 3105 alium
1299 3067 1443 3118 esse,
1467 3069 1632 3124 quam
1663 3070 1786 3110 eum
1822 3057 1916 3127 qui

329 3133 386 3190 in
415 3131 706 3206 Evangelio
749 3137 884 3192 dicit
914 3155 926 3190 :
966 3141 1260 3213 Antequam
1307 3143 1579 3200 Abraham
1605 3148 1786 3215 ﬁeret,
1823 3165 1916 3219 ego
1945 3165 1987 3222 ο

330 3239 450 3280 sum
465 3224 548 3290 '5;
579 3236 654 3292 et,
687 3227 958 3283 Abraham
979 3239 1132 3301 pater
1169 3242 1336 3288 uester
1365 3235 1650 3292 exsultavit
1685 3248 1741 3291 ut
1771 3240 1916 3295 ride-

329 3325 408 3371 ret
431 3315 571 3371 diem
602 3335 798 3384 meum,
824 3329 874 3376 et
902 3321 1117 3384 ridit,et
1139 3327 1350 3396 gavisus
1381 3338 1457 3382 est
1475 3329 1565 3384 “3'.
1587 3331 1764 3399 Ipsum
1787 3348 1918 3404 ergo

323 3409 438 3476 jam
470 3421 664 3465 evocat
689 3413 880 3469 dicens
915 3433 929 3468 :
966 3414 1071 3482 Qui
1089 3419 1264 3484 pascis
1300 3417 1497 3487 Israel,
1515 3421 1744 3486 intende,
1780 3433 1914 3491 etc.,

329 3510 594 3572 rogatque
629 3513 688 3558 ut
739 3506 993 3562 ostendat
1034 3507 1227 3564 faciem
1273 3526 1428 3566 suam
1482 3528 1581 3582 pro
1637 3519 1914 3574 communi

328 3597 574 3650 omnium
622 3599 833 3665 salute,
883 3601 1291 3674 adventumque
1341 3604 1462 3674 ejus
1505 3609 1912 3678 quamprimum

327 3687 646 3757 contingere
684 3691 958 3762 supplicat
1005 3693 1090 3750 his
1126 3695 1310 3752 verbis
1343 3713 1354 3747 :
1391 3696 1583 3753 Excita
1623 3703 1912 3770 potentiam

325 3787 496 3842 tuam,
529 3790 578 3834 et
631 3784 746 3837 veni
776 3795 833 3836 ut
883 3787 1058 3841 salvos
1110 3787 1284 3858 facias
1316 3807 1410 3844 nos
1436 3807 1454 3854 ;
1485 3806 1550 3846 ac
1584 3795 1746 3849 tertio
1783 3810 1908 3851 cum

321 3870 478 3932 dicit,
507 3870 741 3926 Ostende
772 3874 963 3943 facient
994 3887 1140 3932 tuam
1164 3919 1180 3944 ,
1209 3890 1260 3935 et
1283 3882 1420 3942 salvi
1447 3885 1666 3942 erimus.
1709 3885 1911 3944 Deinde

321 3975 454 4014 vero
488 3963 758 4020 adventus
789 3968 1008 4022 modum
1037 3969 1282 4026 declarat
1304 3973 1496 4031 dicens
1522 3991 1536 4028 :
1573 3976 1698 4032 Fiat
1720 3996 1909 4035 manus

321 4061 417 4106 tua
462 4070 618 4122 super
658 4057 827 4111 virum
857 4058 1088 4116 dextera
1117 4073 1241 4129 tuae,
1272 4075 1322 4118 et
1346 4083 1504 4136 super
1534 4069 1706 4139 ﬁlium
1737 4071 1912 4126 homi-

320 4145 426 4209 nis,
451 4163 601 4214 quem
641 4151 974 4230 con/irjnasti
1004 4154 1121 4213 tibi.
1147 4156 1530 4234 lncorporeum
1562 4176 1798 4233 namque
1817 4163 1908 4219 Dei

320 4233 561 4292 Verbum
607 4253 785 4311 rogat,
825 4252 882 4296 ut
917 4260 1015 4315 per
1063 4247 1240 4302 virum
1273 4250 1516 4307 dextera:
1549 4269 1685 4319 suae,
1729 4265 1784 4310 et
1813 4272 1909 4326 per

317 4327 518 4386 Filium
548 4334 786 4392 hominis
820 4339 1119 4400 beneﬁcam
1157 4344 1415 4404 virtutem
1456 4364 1614 4413 suam
1645 4353 1904 4408 omnibus

316 4423 601 4494 largiatur.
650 4427 832 4489 Divini
881 4433 1067 4504 itaque
1105 4443 1158 4490 et
1187 4439 1446 4496 salutaris
1502 4443 1774 4500 adventus
1803 4445 1906 4500 hac

315 4516 528 4572 ratione
577 4523 911 4578 mentionem
947 4523 1109 4594 fecit;
1146 4527 1364 4587 lsraelis
1397 4549 1530 4589 vero
1578 4537 1793 4592 ruinam
1827 4537 1901 4593 ita

312 4609 646 4666 vaticinatur
680 4628 695 4666 :
725 4611 922 4688 thuid
948 4617 1262 4676 destruxisti
1293 4627 1581 4681 maceriam
1604 4629 1718 4697 ejus
1738 4633 1764 4687 ?
1793 4632 1902 4686 sci-

314 4700 442 4755 licet
463 4704 654 4766 vineze.
689 4721 852 4776 quam
896 4724 963 4764 ex
1013 4711 1250 4784 JEgypto
1283 4719 1587 4784 transtulit,
1623 4731 1674 4775 et
1722 4722 1903 4778 vinde-

311 4793 483 4847 miant
513 4812 628 4850 eam
660 4814 840 4854 omnes
859 4803 951 4872 qui
977 4807 1486 4876 prsetergrediuntur
1512 4811 1674 4868 uiam.
1701 4811 1897 4870 Exter?

311 4886 535 4940 minavit
556 4905 673 4942 eam
699 4907 824 4959 aper
861 4893 926 4948 de
951 4896 1086 4950 silva
1110 4936 1126 4961 ,
1155 4908 1204 4952 et
1233 4900 1526 4972 singularis
1555 4903 1700 4974 ferus
1736 4906 1899 4977 depa-

309 4985 424 5029 stus
457 4987 536 5030 est
563 4994 701 5034 eam.
729 4978 957 5037 Incensa
985 4985 1096 5055 igni
1123 4997 1173 5040 et
1198 4990 1454 5058 suffossa.
1489 4990 1616 5048 Harc
1641 4995 1709 5050 de
1740 4996 1897 5052 vinea

309 5083 662 5138 percurrens,
685 5070 926 5131 Iudaica:
950 5081 1128 5148 gentis
1157 5083 1522 5140 vastationem
1553 5089 1895 5158 praenuntia-

305 5163 417 5217 hat.
447 5163 579 5221 Jure
623 5168 810 5238 itaque
852 5169 908 5224 in
964 5171 1126 5228 titulo
1161 5173 1278 5229 hare
1326 5175 1473 5230 dicta
1517 5179 1894 5236 testimonium

308 5268 574 5314 vocantur
607 5280 620 5314 :
647 5277 772 5316 nam
821 5264 1197 5322 testimonium
1229 5269 1346 5326 haec
1379 5271 1564 5327 futura
1589 5289 1713 5330 esse
1732 5275 1890 5334 dixit.

307 5348 464 5404 Unde
506 5353 649 5422 apud
700 5352 1092 5426 Symmachum
1135 5369 1192 5415 et
1251 5363 1544 5434 Aquilam,
1587 5367 1893 5434 testificatio

303 5439 531 5496 dicitur.
567 5443 719 5501 Illius
750 5453 933 5502 autem
958 5447 1102 5513 loco,
1129 5466 1225 5518 pro
1273 5453 1342 5508 iis
1366 5455 1458 5526 qui
1489 5459 1894 5515 commutaban-

300 5538 424 5596 tur,
466 5530 851 5604 Symmachus,
879 5554 975 5607 pro
1007 5539 1230 5609 floribus
1248 5560 1269 5610 ;
1301 5547 1498 5617 Aquila
1528 5565 1679 5618 vero,
1708 5567 1803 5620 pro
1825 5553 1890 5608 li-

323 5624 412 5689 iis,
451 5624 796 5698 interpretati
829 5641 978 5688 sunt.
1030 5633 1460 5708 Prosperitatem
1491 5643 1760 5715 siquidem
1789 5645 1887 5704 Ju-

377 5781 422 5812 "
460 5780 615 5839 Joan.
654 5800 782 5852 vui,
824 5788 912 5843 58.
992 5791 1056 5822 ⁸⁸⁸
1102 5793 1235 5850 ibid.
1266 5795 1354 5850 56.

2059 551 2311 621 Ἕκχεον
2334 555 2426 608 ἐπ’
2451 557 2674 624 αὐτοὺς
2720 558 2834 625 τὴν
2870 558 3056 630 ὀργήν
3087 575 3224 624 σου,
3260 560 3358 614 καὶ
3388 564 3421 615 ὁ
3453 561 3638 630 θυμὸς

2054 645 2164 713 τῆς
2205 645 2388 717 ὀργῆς
2429 663 2546 704 σου
2592 649 2913 705 καταλάϐοι
2960 653 3203 719 αὐτούς.
3243 652 3564 722 Γενηθήτω
3597 656 3635 724 ἠ

2052 735 2308 804 ἔπαυλις
2333 737 2532 794 αὐτῶν
2560 741 2940 812 ἠρημωμένη,
2987 743 3084 797 καί
3122 725 3192 797 ἐν
3236 745 3360 812 τοῖς
3395 745 3654 814 σκηνώ-,

2045 841 2236 896 μασιν
2259 826 2458 883 αὐτῶν
2472 829 2559 899 μὴ
2580 831 2736 885 ἔστω
2769 836 2802 887 ό
2824 833 3114 888 κατοικῶν
3135 853 3150 868 ·
3173 834 3262 889 ὅτι
3288 835 3361 890 ὃν
3381 836 3467 890 ’σὺ
3491 835 3636 892 ἐπά-

2051 917 2236 986 ταξας
2266 920 2652 988 κατεδίωξαν,
2686 925 2782 978 καί
2825 925 2922 979 ἐπὶ
2968 926 3036 981 τὸ
3079 926 3266 998 ἄλγος
3295 926 3415 982 τῶν
3454 930 3643 997 τραυ-’

2043 1008 2249 1079 μάτων
2300 1030 2421 1082 μου
2468 1015 2870 1085 προσέθηκαν.
2925 1011 3083 1072 Οῦτοι
3135 1019 3234 1090 μὲν
3287 1015 3380 1073 οῦν
3436 1021 3486 1074 οἱ
3537 1019 3629 1074 τοῦ

2048 1103 2227 1156 Δαυῖδ.
2246 1103 2367 1158 Τῶν
2394 1105 2450 1158 δὲ
2480 1106 2610 1160 υἱῶν
2627 1109 2769 1180 Κορὲ
2795 1110 2822 1162 ό
2845 1109 2948 1181 μδ’,
2965 1109 3142 1179 ’Υπὲρ
3172 1109 3288 1164 τῶν
3307 1113 3631 1181 ἀλλοιωθη-

2046 1192 2320 1263 σομένων
2346 1196 2444 1268 τὴν
2473 1198 2780 1272 ἐπιγραφὴν
2812 1199 2971 1270 ἔχων,
3003 1200 3144 1274 ᾠδὴν
3180 1201 3462 1272 ἀνέπεμπε
3489 1202 3630 1275 ὑπὲρ

2043 1285 2139 1339 τοῦ
2179 1287 2509 1358 Ἀγαπητοῦ,
2537 1286 2596 1346 οὗ
2634 1291 2732 1364 τὴν
2773 1292 3072 1362 παρουσίαν
3107 1291 3367 1358 θεσπίσας
3409 1293 3632 1347 ἐπισυν-

2042 1378 2183 1450 ῆπτε
2231 1379 2329 1452 τὴν
2371 1380 2561 1452 κλῆσιν
2607 1382 2707 1453 τῆς
2753 1382 2813 1448 ἐξ
2854 1383 3022 1436 ὲθνῶν
3069 1383 3393 1455 Ἐκκλησίας
3440 1383 3630 1440 τοῦτον

2043 1471 2411 1542 αἰνιττόμενος
2461 1473 2551 1528 τὸν
2602 1476 2833 1547 τρόπον’
2864 1477 3176 1542 Ἄκουσον,
3223 1478 3494 1547 θύγατερ,
3529 1479 3627 1532 καὶ

2040 1564 2255 1618 κλῖνον
2295 1565 2362 1619 τὸ
2405 1561 2514 1633 οὖς
2549 1582 2687 1632 σου,
2729 1567 2829 1622 καί
2860 1568 3149 1624 ἐπιλάθου
3183 1569 3290 1623 τοῦ
3324 1569 3478 1624 λαοῦ
3510 1586 3628 1625 σου

2040 1656 2140 1710 καὶ
2163 1657 2269 1712 τοῦ
2292 1658 2464 1713 οἴκου
2490 1659 2598 1714 τοῦ
2626 1661 2848 1729 πατρός
2875 1677 3012 1716 σου.
3058 1663 3167 1717 Καὶ
3212 1661 3564 1732 ἐπιθυμήσει
3592 1667 3627 1718 δ

2032 1749 2335 1816 ,βασιλεὺς
2373 1751 2480 1806 τοῦ
2521 1749 2788 1818 κάλλους
2825 1768 2962 1817 σου,
2999 1753 3089 1806 ὅτι
3120 1755 3302 1820 αὐτός
3333 1753 3464 1807 ἐστι
3512 1754 3625 1807 Κύ-

2027 1842 2161 1910 ριός
2207 1857 2346 1907 σου,
2388 1843 2485 1897 καὶ
2532 1843 3079 1913 προσκυνήσουσιν
3127 1845 3317 1912 αὐτῷ,
3362 1845 3626 1916 θυγάτηρ

2039 1934 2228 2002 Τύρου
2259 1935 2329 1989 ἐν
2358 1934 2585 2004 δώροις.
2620 1936 2776 1991 Κατὰ
2821 1937 2912 1991 τὸν
2957 1937 3119 1992 αὑτὸν
3158 1933 3250 1992 οῦν
3286 1938 3485 2010 τρόπον
3530 1939 3626 1992 καὶ

2032 2028 2060 2078 ό
2091 2027 2227 2097 μετὰ
2253 2029 2634 2100 χεῖρας⁹Υπὲρ
2675 2029 2792 2084 τῶν
2812 2031 3388 2100 ἀλλοιωθησομένων
3435 2033 3623 2101 ἐπιγε‹

2031 2120 2370 2191 γραμμένος,
2421 2123 2517 2175 καὶ
2561 2125 2640 2186 είς
2691 2123 2752 2176 τὸ
2790 2123 2942 2187 τέλος
2985 2124 3344 2196 ἀναπέμπων,
3385 2122 3622 2195 Χριστοῦ

2031 2212 2350 2282 παρουσίαν,
2383 2213 2476 2266 τοῦ
2505 2231 2563 2266 τε
2606 2215 2870 2268 Ἰουδαίων
2892 2215 3076 2280 ἔθνους
3117 2217 3216 2286 τὴν
3248 2215 3620 2286 αἰχμαλωσίαν

2029 2304 2122 2357 καὶ
2151 2304 2242 2357 τὸν
2271 2307 2596 2378 ἐμπρησμὸν
2622 2309 2719 2378 τῆς
2757 2309 3106 2380 Ἰερουσαλὴμ
3132 2309 3189 2362 ὃν
3217 2308 3482 2362 πέπονθεν
3515 2308 3621 2361 ὑπὸ

2027 2395 2383 2452 Βαϐυλωνίων
2425 2403 2820 2470 προαναφωνεῖ.
2873 2400 3097 2472 Πρῶτον
3129 2403 3226 2471 μὲν
3269 2397 3361 2454 οῦν
3411 2400 3619 2473 διεξέρ-

2026 2507 2180 2560 χεται
2226 2491 2326 2564 τὴν
2379 2493 2474 2546 ἀπ’
2515 2492 2793 2563 Αἰγύπτου
2837 2493 2945 2547 τῶν
2985 2494 3256 2547 Ἰουδαίων
3292 2492 3490 2558 ἔξοδον,
3523 2491 3618 2546 καὶ

2024 2583 2122 2656 τὴν
2155 2584 2470 2656 κατοίκησιν
2497 2584 2678 2639 αὐτῶν
2705 2585 2802 2655 τὴν
2826 2585 2919 2638 ἐπὶ
2964 2585 3064 2656 τῆς
3091 2585 3199 2638 τῶν
3228 2583 3616 2654 ,Παλαιστίνων

2024 2679 2161 2750 γῆς’
2201 2677 2394 2733 ἔπειτα
2441 2679 2704 2734 συνάπτει
2735 2679 2832 2750 τὴν
2869 2678 3006 2752 μετὰ
3047 2678 3222 2732 ταῦτα
3265 2676 3616 2730 εἰσελθοῦσαν

2023 2771 2204 2834 αὐτοῖς
2225 2771 2540 2838 πολιορκίαν
2557 2771 2663 2825 ὑπὸ
2691 2771 2989 2842 Ἀσσυρίων
3013 2771 3108 2824 καὶ
3125 2769 3480 2824 Βαΰυλωνίων
3522 2770 3615 2822 καὶ

2023 2860 2160 2931 πρὸς
2189 2859 2398 2924 τούτοις
2424 2861 2704 2932 ἱκετηρίαν
2742 2861 3015 2915 ἐκτίθεται
3043 2861 3184 2932 ὑπὲρ
3215 2863 3313 2933 τῆς
3348 2859 3442 2913 τοῦ
3478 2862 3614 2932 Χρι-

2023 2951 2149 3006 στοῦ
2177 2951 2522 3022 ἐπιφανείας·
2549 2953 2721 3008 ταῦτα
2746 2953 2802 3007 δὲ
2829 2953 2971 3008 κατὰ
2998 2954 3160 3025 μέρος
3186 2953 3526 3024 δειχθήσεται
3555 2957 3616 3006 ὲν

2020 3049 2088 3122 τῇ
2109 3047 2214 3104 τῶν
2235 3048 2727 3122 προφητευομένων
2760 3049 3025 3121 ἑρμηνείᾳ
3040 3066 3053 3080 ο
3077 3048 3218 3102 κατὰ
3244 3048 3299 3103 δὲ
3317 3047 3417 3120 τὴν
3438 3047 3615 3119 ἀρχὴν

2021 3139 2369 3198 ἀνακαλεῖται
2414 3143 2442 3195 ὁ
2475 3141 2686 3217 ψαλμὸς
2726 3141 2818 3194 τὸν
2856 3139 3210 3212 ποιμαίνοντα
3243 3139 3333 3193 τὸν
3371 3140 3607 3211 Ἰσραήλ·

2020 3224 2174 3298 οὗτος
2201 3232 2257 3288 δὲ
2285 3229 2353 3311 ἦν
2386 3235 2415 3287 ὁ
2443 3233 2536 3288 τοῦ
2567 3233 2700 3287 Θεοῦ
2724 3233 2914 3302 Λόγος,
2941 3233 3018 3297 ὡς
3051 3233 3308 3296 πολλάκις
3328 3232 3612 3299 ἀπεδείξα-

2021 3341 2121 3396 μεν
2142 3325 2535 3397 παριστῶντες,
2555 3325 2629 3397 μὴ
2651 3325 2742 3378 τὸν
2767 3325 3024 3378 ἐπέκεινα
3047 3325 3140 3379 τὸν
3163 3325 3300 3380 ὅλων
3313 3323 3446 3378 Θεὸν
3465 3322 3604 3380 εἶναι

2016 3417 2108 3471 τὸν
2128 3411 2312 3487 ὦφθαι.
2327 3417 2407 3490 τῷ
2439 3417 2687 3490 ’Δὸραὰμ
2707 3422 2764 3472 ὲν
2786 3418 2977 3490 ἀνδρὸς
3008 3419 3245 3490 σχήματι
3267 3418 3602 3488 ἀναγεγραμ-

2019 3509 2201 3581 μένον,
2225 3511 2318 3566 καὶ
2334 3509 2412 3580 τῷ
2433 3511 2657 3564 Μωῡσεῖ
2678 3510 3158 3581 κεχρηματικέναι,
3190 3509 3283 3562 καὶ
3309 3510 3364 3562 ὲν
3389 3509 3455 3578 τῇ
3475 3509 3599 3579 ἐρή-

2020 3619 2106 3673 μῳ
2138 3601 2538 3674 προωδευκέναι
2563 3601 2657 3655 τοῦ
2676 3601 2825 3655 λαοῦο
2858 3597 2996 3656 εἶναι
3027 3602 3085 3655 δὲ
3116 3601 3299 3655 τοῦτον
3325 3600 3600 3673 οὐδέτερον

2015 3693 2110 3746 τοῦ
2155 3695 2214 3748 ὲν
2269 3693 2626 3763 Εὑαγγελίοις
2679 3693 2989 3770 εἰρηκότος·
3035 3693 3184 3761 Πρὶν
3224 3693 3478 3762 Ἀϐραὰμ
3507 3708 3601 3760 γε-

2014 3785 2225 3841 νέσθαι
2248 3786 2362 3856 ἐγώ
2382 3789 2496 3856 ειμι
2519 3803 2531 3817 ·
2553 3787 2668 3850 καὶ,
2697 3786 2952 3858 Ἀϐραὰμ
2975 3789 3007 3840 ό
3025 3785 3220 3853 πατὴρ
3239 3785 3405 3854 ὑμῶν
3425 3785 3604 3854 ἠγαλ-

2012 3877 2268 3933 λιάσατο
2289 3881 2388 3934 ἵνα
2412 3879 2509 3949 ἴδῃ
2533 3878 2649 3948 τὴν
2673 3879 2901 3950 ἡμέραν
2928 3879 3043 3948 τὴν
3065 3879 3241 3948 ἐμὴν,
3267 3879 3364 3931 καὶ
3388 3874 3478 3931 ἴδε
3503 3877 3603 3930 καὶ

2011 3971 2220 4042 ἐχάρη.
2279 3973 2452 4026 Αὑτὸν
2480 3971 2544 4044 δὴ
2573 3968 2666 4026 οῦν
2697 3973 2796 4032 ἐπὶ
2823 3971 2917 4026 τοῦ
2949 3973 3218 4043 παρόντος
3246 3969 3599 4034 ἀνακαλεῖται

2013 4064 2238 4132 φάσκων
2257 4081 2269 4093 ·
2288 4065 2350 4118 '0
2365 4065 2696 4135 ποιμαίνων
2711 4063 2817 4118 τὸν
2840 4063 3100 4132 Ἰσραὴλ,
3118 4065 3406 4132 πρόσχες,
3426 4063 3518 4115 καὶ
3532 4061 3602 4114 τὰ

2011 4156 2138 4228 ἑξῆς
2159 4195 2173 4221 ,
2201 4155 2465 4226 ὲπιφάναι
2482 4173 2542 4210 τε
2565 4157 2628 4210 τὸ
2645 4157 2934 4228 πρόσωπον
2958 4155 3122 4218 αὐτοῦ
3141 4155 3279 4227 ὑπὲρ
3299 4155 3397 4226 τῆς
3416 4155 3602 4227 κοινῆς

2010 4251 2268 4304 ἁπάντων
2287 4250 2560 4322 σωτηρίας
2575 4249 2862 4316 ἀντιϐολεῖ,
2876 4251 2974 4321 τήν
2988 4267 3048 4302 τε
3066 4249 3368 4321 παρουσίαν
3383 4243 3598 4322 αὐτοῦ

2009 4341 2174 4412 τάχος
2217 4339 2469 4410 γενέσθαι
2511 4341 2654 4407 ἀξιοῖ
2680 4340 2852 4409 λέιων
2872 4359 2885 4372 °
2916 4341 3248 4411 Ἐξέγειρον
3273 4339 3387 4410 τὴν
3412 4341 3597 4394 δυνα-

2011 4434 2223 4488 στείαν
2242 4451 2358 4487 σου
2373 4472 2389 4497 ,
2411 4433 2505 4486 καί
2528 4433 2667 4487 ἐλθὲ
2684 4473 2698 4498 ,
2716 4435 2803 4499 εὶς
2822 4433 2889 4486 τὸ
2906 4433 3103 4490 σῶσαι
3121 4431 3297 4504 ἡμᾶς.
3324 4434 3520 4505 Τρίτον
3539 4433 3599 4488 δὲ

1941 4515 1982 4569 Ι)
2011 4524 2204 4592 εἰπὼν,
2233 4527 2562 4596 Ἐπίφανον
2589 4525 2655 4579 τὸ
2681 4527 3008 4594 πρόσωπόν
3029 4542 3144 4580 σου
3163 4566 3178 4592 ,
3210 4527 3307 4579 καὶ
3325 4527 3597 4594 σωθησόά

2007 4623 2181 4686 μεθα,
2202 4617 2294 4672 τὸν
2311 4618 2509 4690 τρόπον
2524 4619 2623 4690 τῆς
2645 4618 2964 4688 ἐπιφανείας
2985 4619 3314 4690 παρίστησιν
3333 4617 3462 4689 ἑξῆς
3482 4619 3596 4670 ἐπι-

2007 4710 2184 4780 λέγων
2203 4727 2218 4746 ο
2236 4711 2556 4779 Γενηθήτω
2571 4713 2611 4779 τι
2636 4712 2766 4782 χείρ
2782 4728 2898 4768 σου
2916 4712 3008 4764 ἐπ’
3029 4711 3218 4782 ἄνδρα
3233 4711 3437 4778 δεξιᾶς
3451 4725 3592 4776 σου,

2005 4805 2103 4857 καὶ
2133 4804 2232 4858 ἐπὶ
2258 4804 2396 4858 υἱὸν
2424 4805 2760 4873 ἀνθρώπου,
2796 4803 2868 4858 ὃν
2897 4805 3303 4878 ἐκραταίωσας
3333 4801 3588 4868 σεαυτῷ.

2005 4895 2110 4948 Τὸν
2153 4895 2263 4967 γὰρ
2290 4896 2581 4967 ἀσώματον
2611 4897 2706 4950 τοῦ
2748 4897 2884 4951 Θεοῦ
2926 4898 3096 4964 Λόγον
3125 4897 3266 4971 ἁξιοί
3297 4897 3364 4950 δι’
3397 4895 3592 4973 (buxeo;

2002 4984 2183 5054 δεξιᾶς
2206 4987 2372 5042 αὐτοῦ
2401 4989 2496 5042 καὶ
2519 4989 2609 5043 διὰ
2633 4989 2764 5042 Υἰοῦ
2795 4988 3082 5061 ἀνθρώπου
3113 4990 3213 5060 τὴν
3237 4987 3591 5065 εὐεργετικὴν

2004 5079 2170 5134 αὑτοῦ
2209 5080 2438 5154 δύναμιν
2476 5083 2823 5156 δωρήσασθαι
2852 5087 2966 5147 τοῖς
3005 5085 3159 5137 πᾶσι.
3216 5083 3330 5153 Τῆς
3367 5082 3465 5161 μὲν
3493 5077 3590 5136 οῦν

2005 5174 2273 5246 σωτηρίου
2323 5175 2643 5245 θεοφανείας
2674 5175 2773 5246 τὴν
2810 5178 3032 5248 μνήμην
3072 5175 3258 5230 τοῦτον
3289 5176 3589 5246 ἐποιήσατο

2000 5268 2092 5322 τὸν
2121 5269 2344 5340 τρόπον,
2377 5270 2475 5342 τὴν
2501 5270 2557 5323 δὲ
2579 5270 2671 5324 τοῦ
2709 5271 2924 5342 Ἰσραὴλ
2946 5272 3264 5326 ἀπόπτωσιν
3295 5271 3481 5341 ὼδέτιη
3504 5269 3588 5323 θε-

2003 5363 2183 5429 σπίζει
2207 5364 2380 5433 λέγων
2399 5383 2413 5396 ⁸
2449 5365 2622 5420 Ἰνατι
2657 5365 2928 5433 καθεῖλες
2943 5365 3049 5420 τὸν
3069 5365 3339 5435 φραγμὸν
3361 5363 3585 5432 αὑτῆς;

1998 5455 2237 5529 δηλονότι
2256 5459 2356 5530 τῆς
2385 5457 2650 5529 ἀμπέλου,
2677 5458 2746 5531 ἢν
2773 5456 2832 5524 ἐξ
2848 5459 3123 5529 Αἰγύπτου
3151 5462 3454 5531 μετήγαγε,
3484 5459 3580 5512 καί

1998 5551 2294 5623 τρυγῶσιν
2321 5554 2518 5623 αὐτὴν
2540 5552 2764 5621 πάντες
2795 5556 2851 5608 οι
2889 5557 3443 5626 παραπορευόμενοι
3467 5556 3584 5623 τὴν

1998 5646 2160 5702 ὀδόν.
2210 5647 2584 5718 Ἐλυμήνατο
2617 5647 2812 5718 αὐτὴν
2860 5645 2932 5716 ὗς
2967 5650 3034 5705 ἐκ
3062 5649 3309 5720 δρυμοῦ,
3345 5651 3443 5706 καί
3470 5668 3580 5723 μο-
