4066 6402
351 413 460 471 933

1515 407 2025 469 COMMENTARIA
2067 408 2132 463 IN
2172 408 2507 470 PSALMOS.

3507 413 3612 467 954

350 531 482 596 γιὸς
496 531 698 599 ἆνρισς
712 526 1151 598 κατενεμήσατο
1168 525 1380 595 αὐτήν.
1428 525 1930 597 Ἐμπεπυρισμένη

2043 523 2286 578 dmorum
2323 526 2540 581 brevem
2588 533 2643 581 ct
2674 534 3103 597 temporaneam,
3138 524 3364 579 ﬂoribus
3394 534 3448 579 et
3485 527 3614 581 liliis

350 623 423 676 ἐν
450 621 593 690 πυρί
622 624 720 676 καὶ
752 619 1233 689 κατεσκαμμένη.
1263 616 1450 673 Ταῦτα
1470 617 1598 687 περὶ
1623 616 1723 688 τῆς
1746 616 1925 686 ἀμπέο

352 714 448 770 λου
473 713 715 777 διελθὼν,
736 715 835 784 τὴν
854 712 949 766 τοῦ
982 711 1253 766 Ἰουδαίων
1277 710 1463 773 ἔθνους
1495 708 1677 763 ἐθέσππ
1688 708 1778 773 ζεν
1807 709 1929 779 ἐρη-

359 803 507 877 μίαν.
564 803 801 867 Εἰκότως
842 798 934 857 οὖν
968 803 1027 857 ἐν
1057 804 1125 872 τῇ
1172 802 1463 873 προγραφῇ
1506 797 1599 853 καὶ
1633 796 1928 869 μαρτύριον

355 896 615 969 κέκληται
632 896 703 951 τὰ
723 895 1018 967 λεγόμενα·
1047 894 1343 966 μαρτύριον
1363 891 1470 965 γὰρ
1496 891 1667 945 ταῦτα
1688 888 1926 955 ἔσεσθαι,

356 984 447 1038 καὶ
468 984 886 1057 διεμαρτύρατο.
912 983 1071 1039 Ὅθεν
1098 982 1249 1054 παρὰ
1267 981 1344 1053 τῷ
1362 981 1642 1053 Συμμάχῳ
1665 980 1761 1033 καὶ
1779 979 1930 1051 παρὰ

355 1070 432 1142 τῷ
462 1071 661 1143 ’Λκύλᾳ
674 1074 969 1143 μαρτυρία
987 1072 1222 1144 εἴρηται.
1262 1072 1407 1126 ’Λντὶ
1422 1073 1479 1126 δὲ
1498 1072 1614 1136 τοῦ,
1641 1071 1793 1139 ὑπὲρ
1811 1069 1929 1125 τῶν

356 1162 950 1234 ἀλλοιωθησομένων,
978 1166 1007 1218 6
1039 1165 1138 1234 μὲν
1168 1164 1483 1235 Σύμμαχος,
1510 1163 1663 1233 ὑπὲρ
1688 1162 1807 1218 τῶν
1832 1162 1931 1218 ἀν-

359 1254 498 1321 θῶν,
527 1256 556 1308 ὁ
576 1257 634 1311 δὲ
670 1256 917 1322 ’Δκύλας,
950 1256 1104 1327 ὑπὲρ
1126 1256 1246 1311 τῶν
1272 1258 1510 1326 κρίνων,
1550 1257 1925 1329 ἡρμήνευσαν·

356 1349 541 1405 ἄνθεσι
569 1350 663 1403 καὶ
688 1348 891 1421 κρίνοις
917 1348 1014 1420 τὴν
1043 1349 1374 1421 πρόσκαιρον
1405 1349 1611 1420 βραχὺν
1631 1348 1930 1421 γενομένην

356 1443 489 1496 ποτὲ
526 1441 620 1496 τοῦ
653 1440 918 1496 Ἰουδαίων
942 1440 1127 1504 ἔθνους
1159 1440 1465 1512 εὐπραγίαν
1489 1437 1930 1511 παραϐάλλοντος

351 1534 449 1589 τοῦ
487 1534 666 1604 λόγου.
713 1535 1052 1605 ’Δναπέμπει
1082 1533 1218 1605 δῆτα
1258 1535 1287 1588 6
1327 1534 1621 1605 Προφήτης
1650 1531 1930 1604 ἱκετηρίαν

352 1625 493 1698 πρὸς
521 1627 614 1680 τὸν
646 1626 812 1680 πάλαι
844 1624 1123 1697 ἐφορῶντα
1150 1626 1245 1679 καὶ
1278 1624 1679 1679 ἐπισκοποῦντα
1703 1623 1794 1677 τὸν
1832 1624 1932 1677 Ἰσ-

351 1717 498 1789 ραὴλ
515 1716 611 1771 τοῦ
626 1717 762 1771 Θεοῦ
788 1718 959 1786 Λόγον
981 1757 996 1778 ,
1022 1718 1117 1771 καὶ
1145 1716 1335 1772 τοῦτον
1363 1716 1799 1788 ἁνακαλούμενός
1829 1734 1931 1788 φη-

347 1827 441 1863 σιν
459 1827 474 1841 ο
513 1811 565 1864 '0
595 1811 921 1880 ποιμαίνων
943 1809 1050 1864 τὸν
1078 1810 1347 1878 Ἰσραὴλ,
1371 1809 1667 1879 πρόσχες·
1701 1806 1844 1862 οὕτω
1873 1807 1930 1861 δὲ

341 1903 591 1958 δυσωπεῖ
622 1904 1051 1975 ὑπομιμνήσκων
1079 1902 1177 1973 τῆς
1212 1903 1378 1956 πάλαι
1411 1902 1573 1957 αὑτοῦ
1602 1901 1926 1971 ἐπισκοπῆς.

340 1994 479 2059 Τοῖς
502 1995 612 2064 γὰρ
646 1997 780 2062 σοῖς,
804 1995 971 2066 φησὶ,
1003 1994 1285 2068 θρέμμασι
1315 1995 1408 2048 καὶ
1435 1997 1546 2058 τοῖς
1580 1996 1692 2058 σοῖς
1725 1992 1932 2065 προϐά-

335 2105 465 2151 τοις
496 2089 750 2160 πρόσχες,
780 2089 809 2141 6
831 2088 960 2141 ποτέ
983 2088 1253 2158 ποιμάνας
1277 2087 1437 2147 αὐτά.
1467 2089 1531 2141 Ei
1554 2086 1663 2157 γὰρ
1685 2085 1779 2141 καί
1801 2103 1930 2139 ποτε

332 2180 539 2236 ἄλλοτε
570 2181 668 2253 τὴν
700 2182 1061 2252 ποιμαντικὴν
1090 2180 1389 2251 ὑπέμεινας
1431 2178 1735 2250 ἀνθρώπων
1766 2195 1931 2249 φρον⁹

330 2273 389 2328 τί
398 2272 469 2325 δα
493 2313 508 2338 ,
541 2272 826 2344 ὡδήγησάς
862 2290 922 2327 τε
963 2272 1056 2327 τὸν
1096 2275 1155 2327 ἐν
1181 2272 1488 2345 ἀνθρώποις
1520 2271 1810 2343 γενόμενόν
1837 2287 1930 2324 σου

327 2364 508 2429 λαὸν,
538 2365 743 2419 τούτων
787 2364 965 2420 αὐτῶν
1000 2365 1301 2438 μνήσθητιο
1339 2365 1434 2419 καὶ
1470 2365 1547 2438 μὴ
1576 2364 1810 2438 παρίδῃς
1839 2364 1931 2429 οὓς

337 2456 619 2528 τοσαύτης
646 2457 884 2528 ἠξίωσας
912 2458 1187 2530 προνοίας.
1214 2458 1460 2531 Πρόσχες
1488 2453 1580 2512 οὖν
1600 2498 1614 2524 ,
1647 2458 1808 2528 φησὶ,
1839 2457 1932 2509 καὶ

344 2550 682 2622 κατανόησον
710 2553 870 2606 ὁποῖα
904 2552 1170 2607 πέπονθεν
1194 2553 1229 2623 ἡ
1253 2552 1320 2624 σὴ
1343 2552 1565 2622 ποίμνη,
1596 2550 1690 2603 καὶ
1711 2548 1787 2612 ὡς
1812 2548 1933 2603 ἐλυ-

349 2644 558 2714 μήνατο
594 2644 790 2708 αὐτοὺς
817 2639 880 2708 ὗς
916 2646 980 2698 ἐκ
1011 2645 1239 2717 δρυμοῦ,
1267 2645 1362 2698 καὶ
1394 2644 1574 2715 μονιὸς
1603 2642 1794 2713 ἄγριος
1826 2657 1928 2694 κα-

344 2734 684 2805 τενεμήσατο
730 2734 927 2805 αὐτὴν,
963 2734 1057 2789 καὶ
1093 2735 1169 2798 ὼς
1208 2735 1431 2803 γέγονεν
1471 2733 1926 2805 ἐμπεπυρισμένη

346 2824 484 2897 πυρὶ
515 2825 610 2879 καὶ
639 2825 1028 2897 ἀνεσκαμμένη
1060 2826 1170 2879 ἀπὸ
1203 2826 1573 2897 ἐπιτιμήσεως
1600 2824 1694 2879 τοῦ
1722 2824 1931 2898 προσώ-

346 2931 453 2970 που
491 2933 606 2971 σου.
638 2914 887 2969 Διδάσκει
912 2915 968 2968 δὲ
990 2914 1163 2969 ταῦτα
1190 2916 1248 2968 ἐν
1272 2913 1550 2985 Πνεύματι
1578 2915 1720 2986 ἁγίῳ
1748 2915 1777 2967 6
1798 2915 1931 2986 Προ-

348 3007 529 3077 φήτης
556 3006 617 3059 τὸ
660 3006 927 3060 Ἰουδαίων
957 3006 1109 3071 ἔθνος
1129 3050 1145 3075 ,
1183 3007 1411 3078 μελετᾷν
1439 3008 1534 3061 καὶ
1564 3007 1928 3077 ἀπαγγέλλειν

346 3096 635 3168 προλαϐὼν
655 3098 779 3161 τοὺς
800 3098 1023 3170 χρόνους
1045 3098 1139 3152 καί⁵
1166 3097 1236 3151 τὰ
1264 3100 1566 3170 πράγματα
1584 3115 1600 3131 ο
1626 3099 1692 3152 ἵν’
1708 3100 1929 3153 ἐπειδὰν

344 3180 542 3288 ἐπιστῇ
587 3188 680 3241 καὶ
711 3187 777 3241 δι’
809 3188 986 3258 ἔργων
1028 3189 1252 3260 χωρήσῃ
1293 3187 1362 3241 τὰ
1408 3188 1924 3260 προπεφητευμένα,
1955 3229 2000 3288 c

343 3275 550 3347 δέχοιεν
582 3278 640 3344 ἐξ
678 3278 897 3347 ἑτοίμου
938 3278 1037 3349 τῆς
1070 3279 1208 3349 πρὸς
1234 3279 1325 3333 τὸν
1351 3277 1485 3332 Θεὸν
1517 3279 1799 3351 ἱκετηρίας
1829 3280 1929 3350 τὴν

343 3369 567 3440 γνῶσιν.
603 3370 698 3430 Τίς
725 3371 782 3424 δέ
812 3373 958 3425 ἐστιν
991 3372 1019 3425 6
1044 3372 1347 3442 ποιμαίνων
1374 3371 1466 3426 τὸν
1504 3371 1738 3444 Ἰσραὴλ,
1768 3372 1931 3438 αὐτὸς

344 3464 677 3535 παρίστησιν
700 3464 729 3516 6
759 3463 960 3518 εἰπών’
1033 3464 1173 3533 Ἐπκὶ)
1196 3467 1312 3534 εἰμι
1345 3467 1378 3519 ό
1407 3465 1633 3536 ποιμὴν
1662 3468 1695 3519 d
1723 3464 1928 3530 καλὸς,

343 3550 444 3604 καὶ
470 3550 743 3620 γινώσκω
779 3553 851 3606 τὰ
868 3552 1002 3621 ἐμὰ,
1040 3553 1141 3607 καί
1174 3552 1545 3624 γινώσκουσί
1570 3572 1649 3625 με
1675 3555 1747 3609 τὰ
1783 3554 1927 3624 ἐμά·

346 3640 441 3703 καὶ
470 3635 657 3704 αὖθις·
718 3642 864 3712 Ἐγώ
889 3646 1007 3712 ειμι
1039 3647 1075 3698 ό
1104 3644 1330 3713 ποιμὴν
1359 3648 1393 3700 ό
1420 3646 1607 3713 καλὸς
1627 3686 1643 3713 ,
1688 3646 1785 3700 καὶ
1816 3644 1932 3715 τὴν

344 3730 558 3800 ψυχήν
583 3748 701 3802 μου
731 3734 926 3802 τίθημι
959 3733 1112 3802 ὑπὲρ
1133 3735 1252 3787 τῶν
1277 3736 1607 3804 προϐάτων.
1670 3738 1843 3800 Αὐτὸς
1872 3737 1929 3790 δὲ

340 3815 412 3893 ἦν
444 3820 593 3875 καὶὸ
625 3821 715 3875 τὸν
751 3822 945 3893 Ἰωσὴφ
979 3822 1112 3877 ὡσεὶ
1138 3825 1411 3896 πρόϐατον
1437 3826 1650 3897 ὁδηγῶν
1682 3828 1803 3898 ἧτοι
1830 3828 1931 3900 τὴν

342 3913 554 3986 φυλὴν,
609 3914 641 3985 ἢ
670 3914 731 3967 τὸ
764 3916 872 3968 πᾶν
917 3915 1184 3970 Ἰουδαίων
1217 3917 1370 3981 ἔθνος
1404 3918 1789 3990 μεταφορικῶς
1821 3920 1930 3972 ἀπὸ

344 4011 481 4081 μιᾶς
511 4008 793 4078 ὀνομάζων
826 4009 998 4081 φυλῆς
1020 4010 1121 4081 τῆς
1142 4010 1235 4064 τοῦ
1277 4012 1521 4082 Ἰωσήφ⁶⁷
1548 4011 1581 4083 ἢ
1605 4012 1699 4065 καὶ
1730 4012 1930 4083 μᾶλλον

340 4099 508 4165 αὑτὸν
533 4100 625 4153 τὸν
657 4100 824 4172 ἄνδρα
855 4100 946 4154 τὸν
973 4101 1075 4171 τῆς
1102 4102 1276 4173 φυλῆς
1305 4102 1649 4174 προπάτορα.
1712 4103 1928 4175 Ἐπειδὴ

344 4193 512 4264 συνῆν
545 4192 692 4264 αὐτῴ
738 4191 1209 4265 ἐπιϐουλευομένῳ
1243 4194 1347 4247 ὑπὸ
1386 4192 1495 4247 τῶν
1524 4193 1768 4264 ἀδελφῶν
1791 4234 1806 4259 ,
1838 4196 1930 4249 καὶ

342 4285 775 4357 πιπρασκομένῳ
817 4289 930 4350 τοῖς
967 4285 1363 4358 Ἰσμαηλίταις,
1406 4286 1503 4340 καὶ
1540 4288 1620 4351 είς
1658 4289 1929 4358 Αἴγυπτον

341 4376 725 4448 καταγομὲνῳ,
756 4378 849 4430 καὶ
876 4377 953 4449 τῷ
973 4379 1225 4449 Πετεφρῇ
1250 4377 1575 4445 δουλεύοντι,
1600 4381 1699 4453 τήν
1719 4398 1779 4435 τε
1808 4381 1930 4436 ἀκό-

340 4467 536 4522 λαστον
550 4469 836 4523 δέσποιναν
863 4470 1345 4542 ὰποστρεφομένῳ,
1365 4471 1441 4535 ὡς
1463 4474 1542 4537 εἰς
1561 4473 1929 4546 δεσμωτήριόν

2030 627 2337 687 comparat.
2391 616 2859 689 Supplicationem
2890 619 3058 688 igitur
3100 617 3301 673 emittit
3339 616 3611 687 Propheta

2030 710 2097 764 ad
2139 725 2262 763 eum
2302 710 2397 781 qui
2428 712 2558 767 olim
2600 710 2856 766 Israelem
2904 710 3134 765 curabat
3171 717 3227 764 et
3265 710 3610 781 inspiciebat,

2030 799 2125 856 Dei
2156 800 2370 857 scilicet
2392 800 2655 867 Verbum,
2681 802 2827 872 quod
2861 803 3125 857 invocans
3150 802 3227 854 ait
3262 816 3277 853 :
3310 801 3415 868 Qui
3434 804 3611 871 pascis

2032 891 2228 960 Israel,
2258 894 2487 951 intende.
2520 892 2613 950 Sic
2654 903 2837 950 autem
2876 893 3054 963 ipsum
3100 892 3319 947 ﬂectere
3356 902 3608 958 conatur,

2030 990 2309 1059 antiquam
2333 990 2455 1060 ejus
2487 991 2542 1044 in
2570 990 2830 1061 populum
2857 987 3252 1057 inspectionem
3277 1001 3613 1041 commemo-

2030 1096 2183 1137 rans.
2214 1080 2354 1146 Tua,
2387 1082 2587 1153 inquit,
2621 1097 2843 1153 pecora,
2870 1095 3111 1150 ovesque
3142 1088 3271 1135 tuas
3302 1094 3485 1143 cures,
3517 1080 3610 1149 qui

2030 1174 2159 1228 olim
2198 1174 2462 1244 poscebas
2504 1175 2648 1230 illas.
2700 1173 2833 1228 Nam
2877 1174 2923 1228 si
2958 1172 3233 1243 quondam
3282 1172 3610 1242 pastoralem

2032 1262 2314 1318 hominum
2356 1263 2780 1339 sollicitudinem
2829 1262 3071 1327 subiisti,
3105 1262 3152 1317 si
3200 1262 3481 1331 populum,
3514 1261 3609 1331 qui

2030 1354 2176 1409 inter
2192 1354 2445 1410 homines
2464 1355 2602 1409 alios
2618 1364 2747 1410 tuus
2775 1353 3082 1417 dicebatur,
3098 1351 3398 1416 deduxisti,
3417 1353 3608 1406 horum

2032 1453 2328 1510 memento,
2348 1461 2525 1517 neque
2552 1445 2827 1517 despicias
2849 1459 2945 1501 eos
2972 1459 3112 1516 quos
3149 1452 3303 1499 tanta
3327 1444 3611 1514 providen-

2031 1537 2107 1590 tia
2136 1537 2392 1609 dignatus
2420 1553 2503 1594 es.
2534 1535 2761 1593 Intende
2791 1536 2976 1607 igitur,
3010 1534 3209 1606 inquit,
3234 1542 3289 1590 et
3320 1535 3608 1590 considera

2031 1638 2237 1698 quanta
2285 1644 2417 1700 grex
2449 1629 2540 1684 ille
2592 1636 2721 1700 tuus
2770 1628 3033 1697 patiatur,
3074 1625 3350 1697 quomodo
3392 1627 3607 1681 vineam

2032 1722 2180 1777 illam
2239 1723 2682 1779 exterminaverit
2742 1736 2875 1792 aper
2902 1721 2970 1776 de
3015 1721 3175 1786 silva,
3219 1729 3276 1776 et
3316 1720 3610 1790 singularis

2034 1813 2186 1870 ferus
2230 1815 2495 1884 depastus
2531 1815 2603 1871 sit
2654 1829 2798 1878 cam,
2842 1813 3119 1885 quomodo
3174 1811 3339 1868 fuerit
3387 1813 3610 1867 incensa

2033 1906 2147 1977 igni
2174 1914 2228 1963 et
2270 1907 2504 1963 sull‘ossa
2562 1908 2632 1962 ab
2682 1907 3059 1976 increpatione
3107 1906 3294 1960 vultus
3340 1904 3440 1958 tui.
3486 1902 3611 1958 Ilzec

2029 2011 2195 2068 porro
2228 1998 2283 2052 in
2310 1998 2518 2067 Spiritu
2548 2005 2740 2054 sancto
2775 1996 3055 2052 Iudaicam
3088 2004 3300 2066 gentem
3340 1993 3613 2065 Propheta

2031 2091 2211 2155 docet,
2244 2099 2493 2161 tempora
2519 2098 2574 2146 et
2599 2097 2830 2146 eventus
2868 2105 3055 2145 rerqu
3091 2086 3345 2143 meditari
3370 2101 3433 2141 ac
3472 2099 3611 2156 prte-

2029 2184 2287 2239 nuntiare
2338 2197 2652 2253 occupans;
2680 2188 2739 2235 ut
2766 2196 2890 2236 cum
2937 2195 3025 2235 res
3053 2193 3175 2249 quae
3209 2178 3265 2231 in
3326 2175 3610 2253 prophetia

2031 2274 2287 2330 feruntur
2318 2252 2664 2339 advenerim,
2702 2274 2756 2327 in
2796 2278 3051 2342 promptu
3085 2252 3348 2324 notitiam.
3371 2269 3518 2324 illius
3542 2269 3610 2322 ad

2031 2366 2201 2423 Deum
2239 2368 2455 2424 emissa:
2487 2366 2908 2437 supplicationis
2955 2364 3292 2434 exciperent.
3323 2360 3459 2428 Quis
3480 2376 3612 2417 vero

2031 2458 2105 2514 sit
2128 2459 2222 2529 qui
2248 2459 2424 2529 pascit
2457 2456 2645 2523 Israel,
2670 2457 2915 2513 declarat
2944 2456 3062 2527 ipse
3083 2455 3175 2526 qui
3206 2455 3282 2509 ait
3311 2474 3324 2509 :
3352 2454 3464 2525 Ego
3492 2471 3611 2509 sum

2029 2560 2217 2623 pastor
2260 2550 2448 2615 bonus,
2494 2560 2543 2605 et
2580 2568 2839 2621 cognosco
2873 2566 3039 2613 meas,
3069 2556 3119 2604 et
3159 2556 3478 2618 cognoscunt
3529 2564 3613 2602 me

2031 2662 2161 2700 mea:
2186 2646 2265 2713 ⁸⁹;
2292 2651 2347 2699 et
2376 2658 2597 2698 rursum
2631 2660 2645 2697 :
2680 2641 2791 2713 Ego
2833 2658 2951 2697 sum
2992 2650 3175 2711 pastor
3192 2639 3378 2703 bonus,
3407 2648 3456 2692 et
3492 2640 3611 2692 ani-

2028 2754 2171 2792 mam
2204 2753 2374 2791 meam
2401 2751 2537 2804 pono
2558 2749 2653 2804 pro
2682 2733 2860 2788 ovibus
2882 2733 2948 2787 ⁸ο.
2979 2732 3097 2802 Ipse
3118 2745 3246 2785 vero
3267 2737 3385 2785 erat
3399 2730 3492 2800 qui
3518 2727 3611 2785 Jo-

2029 2829 2284 2899 sephum,
2314 2828 2398 2883 vel
2426 2826 2627 2881 tribum
2656 2825 2799 2895 ejus,
2835 2832 2893 2879 ut
2924 2838 3079 2878 ovem
3119 2821 3456 2887 deducebat;
3494 2822 3611 2876 sive

2030 2922 2195 2978 etiam
2228 2928 2398 2973 totam
2424 2917 2711 2973 Judaicam
2747 2923 2963 2988 gentem
3001 2914 3376 2984 metaphorice
3399 2913 3468 2967 ab
3502 2928 3610 2967 una

2029 3012 2174 3067 tribu
2200 3009 2400 3081 Josepb
2433 3008 2831 3073 subindicans;
2865 3006 2980 3061 sive
3011 3005 3194 3075 potius
3217 3004 3397 3074 ipsum
3432 3003 3611 3058 virum

2032 3102 2212 3156 tribus
2237 3099 2660 3171 progenitorem.
2692 3095 2966 3163 Quoniam
2999 3094 3105 3166 ipsi
3130 3092 3348 3147 insidiis
3380 3091 3612 3145 fratrum

2034 3193 2303 3265 impetito,
2339 3190 2631 3247 Ismaelitis
2661 3188 2905 3251 vendito,
2938 3186 2994 3240 in
3022 3184 3317 3257 Egyptum
3352 3184 3609 3247 deducto,

2031 3285 2317 3356 Petcphrae
2347 3282 2629 3349 servienti,
2653 3279 2983 3351 impudicam
3013 3278 3292 3333 dominam
3314 3277 3610 3341 aversanti,

2031 3379 2088 3434 in
2117 3392 2395 3434 carcerem
2433 3376 2561 3431 item
2612 3373 2884 3443 conjecto,
2914 3370 3126 3425 aderat.
3161 3367 3297 3423 Nam
3344 3368 3398 3422 in
3431 3367 3614 3423 omni~

2030 3472 2134 3527 bus
2164 3470 2249 3525 his
2285 3468 2531 3523 adfuisse
2552 3465 2756 3538 Moysis
2793 3464 3071 3534 scriptura
3108 3469 3505 3517 commemorat
3528 3460 3609 3515 di-

2030 3577 2163 3618 cens
2191 3578 2205 3613 :
2238 3560 2307 3613 Et
2338 3569 2454 3615 erat
2484 3558 2744 3613 Dominus
2793 3574 2913 3611 cum
2952 3554 3147 3621 Ioseph
3167 3556 3232 3609 ⁶¹.
3270 3551 3426 3608 Unde
3456 3567 3611 3607 com-

2030 3654 2250 3710 modius
2298 3653 2530 3709 vertisse
2553 3650 2687 3704 mihi
2725 3650 2942 3704 videtur
2994 3646 3321 3709 Theodotio,
3354 3646 3447 3716 qui
3479 3645 3556 3698 ait
3592 3664 3605 3700 :

2031 3745 2138 3812 Qui
2163 3744 2377 3800 deducis
2406 3744 2560 3814 quasi
2592 3759 2736 3797 ovem
2779 3740 2995 3810 Ioseph.
3029 3740 3105 3794 Ita
3136 3756 3356 3812 quoque
3405 3738 3612 3794 dixeris

2031 3837 2214 3907 ipsum
2243 3836 2524 3899 Israelem,
2547 3836 2640 3905 qui
2677 3836 2888 3905 primus
2920 3835 3024 3889 hoc
3054 3834 3277 3891 nomine
3306 3833 3612 3903 appellatus

2030 3938 2137 3993 est,
2166 3944 2196 3983 a
2234 3936 2453 3998 pastore
2492 3929 2717 3982 ductum
2750 3925 2942 3982 fuisse.
2978 3924 3078 3981 Hic
3109 3941 3236 3980 vero
3264 3922 3433 3977 Jacob
3468 3929 3608 3982 erat,

2032 4021 2177 4076 illius
2225 4021 2397 4075 Isaac.
2443 4019 2577 4073 Nam
2607 4019 2697 4072 ille
2727 4030 2852 4071 cum
2884 4016 3035 4071 solus
3074 4017 3131 4069 in
3162 4012 3610 4084 Mesopotamiam

2031 4127 2128 4182 spe
2150 4112 2205 4167 in
2232 4110 2402 4165 Deum
2428 4111 2598 4165 fultus
2625 4108 3008 4172 descenderet,
3030 4113 3307 4177 pastorem
3337 4117 3498 4158 suum
3528 4103 3614 4155 in—

2030 4205 2181 4259 venit
2224 4203 2318 4274 qui
2368 4203 2558 4258 aderat
2584 4202 2711 4265 sibi,
2756 4200 2993 4255 Verbum
3039 4198 3248 4255 scilicet
3298 4196 3415 4259 Dei,
3465 4192 3611 4264 quod

2032 4294 2133 4365 ipsi
2159 4308 2425 4365 apparere
2449 4294 2679 4348 solebat.
2711 4291 3035 4362 Opportune
3057 4289 3241 4359 itaque
3272 4286 3382 4341 Deo
3405 4283 3613 4353 suppli-

2031 4400 2188 4450 cans,
2212 4401 2322 4440 non
2373 4385 2588 4439 turbam
2639 4383 2932 4454 impiorum
2986 4387 3273 4445 memorat,
3312 4378 3406 4435 sed
3445 4376 3612 4431 unius

2032 4486 2245 4534 tantum
2277 4487 2331 4533 et
2360 4478 2589 4532 alterius
2611 4492 2675 4531 ex
2699 4475 2976 4545 religiosis
2995 4475 3105 4531 illis
3134 4474 3264 4529 olim
3296 4471 3430 4527 viris
3461 4485 3613 4524 men-

339 4576 401 4614 τε
425 4559 824 4635 καθειργμένῳ.
864 4561 949 4614 Ἑν
976 4564 1110 4615 πᾶσι
1131 4562 1260 4631 γοῦν
1280 4562 1491 4627 τούτοις
1512 4564 1928 4635 ἐπισημαίνεται

2035 4571 2237 4625 tionem
2274 4568 2427 4634 facit,
2469 4583 2534 4623 ex
2570 4567 2983 4638 progenitorum
3031 4567 3232 4619 virtute
3270 4569 3322 4616 et
3353 4559 3614 4630 religione

339 4648 379 4731 ἡ
412 4650 693 4712 Μωῦσέως
730 4649 917 4727 γραφὴ
954 4649 1219 4717 λέγουσα⁸
1258 4652 1370 4706 Καὶ
1404 4648 1484 4723 ἦν
1527 4654 1747 4721 Κύριος
1775 4657 1930 4725 μετὰ

354 4741 598 4811 Ἰωσήφ.
616 4742 775 4796 Ὅθεν
812 4760 899 4817 μοι
917 4742 1064 4796 δοκεί
1094 4742 1428 4815 κυριώτερον
1460 4747 1865 4817 ὴρμηνευκέναι
1899 4749 1928 4801 6

339 4829 633 4884 Θεοδοτίων
674 4832 874 4902 φήσας⁸
933 4832 999 4885 Ὀ»
1029 4832 1379 4902 καθοδηγῶν
1420 4836 1566 4889 ὠσιεί
1630 4838 1930 4903 πρόϐατον

341 4924 449 4974 τὸν
489 4922 721 4993 Ἰωσήφ.
757 4923 913 4978 Οῦτω
943 4925 987 4978 δ’
1014 4926 1082 4978 ἂν
1109 4925 1283 4990 εἴποις
1311 4926 1407 4981 καὶ
1436 4928 1805 5000 πεποιμάνθαι
1833 4931 1931 4984 αὐ-

340 5015 433 5076 τὸν
462 5016 555 5069 τὸν
604 5018 820 5089 Ἰσραὴλ
848 5018 939 5072 τὸν
968 5019 1185 5090 πρῶτον
1212 5021 1631 5090 χρηματίσαντα
1656 5021 1830 5095 ταύτῃ
1860 5024 1927 5095 τῇ

340 5110 701 5181 προσηγορία.
729 5106 838 5164 Ἦν
863 5112 920 5164 δὲ
952 5105 1107 5185 οὗτος
1148 5110 1362 5175 Ἰακὼϐ,
1386 5114 1414 5166 6
1440 5117 1566 5177 παῖς
1587 5113 1681 5167 τοῦ
1716 5115 1921 5170 Ἰσαάκ.

353 5202 506 5263 Ἐπεὶ
531 5204 780 5268 κάκεῖνος
807 5205 964 5275 μόνος
985 5207 1063 5270 είς
1089 5206 1189 5278 τὴν
1217 5208 1387 5279 μέσην
1403 5207 1511 5261 τῶν
1539 5210 1800 5280 ποταμῶν
1827 5228 1925 5263 κα-

340 5292 513 5357 ταϐὰς
549 5294 686 5365 μετὰ
725 5297 825 5368 τῆς
867 5298 947 5361 είς
973 5297 1066 5351 τὸν
1096 5298 1228 5352 Θεὸν
1260 5299 1471 5362 ἐλπίδος
1491 5340 1505 5363 ,
1537 5298 1698 5353 αὐτὸν
1726 5299 1926 5373 εὕρατο

340 5384 576 5465 ποιμένα
610 5386 702 5440 τὸν
740 5387 967 5441 συνόντα
998 5388 1147 5459 αὐτῷ
1174 5389 1268 5443 τοῦ
1309 5388 1445 5444 Θεοῦ
1472 5390 1672 5459 Λόγον,
1701 5389 1794 5443 τὸν
1825 5390 1924 5456 τὰς

340 5476 660 5544 ἐπιφανείας
687 5478 835 5551 αὐτῷ
868 5482 1255 5553 πεποιημένον.
1318 5481 1606 5555 Εὐκαίρως
1632 5478 1724 5536 οὗν
1751 5485 1924 5538 δυσω-

342 5565 461 5620 πῶν
490 5569 519 5620 6
546 5569 701 5637 λόγος
739 5570 830 5626 τὸν
858 5570 1021 5637 Θεὸν,
1065 5573 1128 5626 οὐ
1158 5572 1405 5645 βούλεται
1439 5573 1537 5645 μὲν
1567 5574 1658 5627 τοῦ
1690 5575 1925 5647 πλήθους

412 5814 457 5850 ³⁹
494 5818 653 5879 Joan.
694 5839 755 5890 χ,
801 5826 881 5881 Ii.
958 5827 1004 5857 °°
1042 5826 1199 5891 ibid.,
1242 5827 1323 5883 lt.
1403 5829 1443 5861 ⁶¹
1484 5828 1618 5887 Gen.
1660 5844 1858 5897 xxxix,
1895 5832 1947 5883 2.

2032 4672 2282 4732 posteros
2314 4676 2505 4713 eorum
2533 4656 2961 4714 misericordiam
2994 4655 3256 4725 consequi
3288 4653 3609 4723 deprecans.

2031 4783 2102 4795 —
2140 4751 2301 4807 Vsus.
2352 4752 2407 4807 5.
2467 4750 2567 4804 IIic
2623 4765 2752 4805 vero
2802 4749 2918 4819 ipse
2956 4749 3049 4818 qui
3110 4754 3424 4802 sanctorum
3481 4743 3611 4796 olim

2033 4844 2278 4897 virorum
2312 4851 2498 4913 pastor
2524 4842 2648 4905 fuit,
2682 4842 2731 4896 is
2751 4843 2844 4911 qui
2877 4838 3196 4895 cberubinis
3226 4836 3442 4892 vehitur
3470 4842 3610 4889 erat.

2034 4936 2376 5002 Quibusnam
2438 4933 2784 4995 cherubinis,
2833 4931 2941 4986 nisi
2976 4931 3045 4985 iis
3079 4929 3172 4999 qui
3225 4928 3293 4981 ab
3332 4923 3617 4979 Ezechielis

2032 5029 2136 5084 visi
2187 5038 2347 5091 sunt,
2399 5041 2636 5097 quorum
2689 5024 2955 5094 imagines
2999 5028 3054 5074 et
3120 5019 3365 5090 symbola
3424 5017 3615 5085 jussus

2030 5118 2245 5191 Moyses
2284 5135 2446 5189 supra
2477 5133 2663 5172 arcam
2695 5133 2760 5171 ex
2788 5130 2921 5169 auro
2943 5114 3157 5184 posuit?
3185 5109 3479 5166 Cherubim
3512 5121 3614 5159 au—

2031 5218 2140 5264 tem
2180 5210 2428 5265 meminit
2463 5209 2711 5265 Ezechiel
2739 5209 2843 5261 hoc
2884 5214 3046 5276 pacto
3076 5206 3304 5273 loquens
3332 5220 3345 5254 :
3382 5198 3449 5252 Et
3480 5198 3612 5261 vidi,

2030 5310 2081 5357 et
2103 5319 2219 5357 ecce
2259 5318 2414 5371 super
2449 5303 2877 5371 ﬁrmamentum,
2916 5298 3054 5368 quod
3096 5304 3211 5350 erat
3258 5307 3413 5362 super
3456 5300 3612 5358 caput

2033 5393 2323 5457 cherubim,
2355 5395 2511 5466 quasi
2542 5394 2680 5463 lapis
2724 5391 2983 5460 sapphiri,
3020 5388 3320 5443 similitudo
3354 5382 3529 5436 throni
3556 5382 3615 5435 in

2030 5487 2144 5555 ipso
2159 5488 2225 5539 θ’.
2257 5486 2452 5542 POslea
2485 5502 2614 5540 vero
2647 5484 2724 5537 ait
2759 5499 2771 5533 :
2811 5482 2878 5535 Et
2912 5497 3122 5552 egressa
3162 5487 3239 5533 est
3276 5475 3452 5546 gloria
3496 5471 3613 5527 Dc"—

2032 5580 2166 5632 mini
2206 5596 2239 5633 a
2279 5580 2460 5633 limine
2494 5579 2731 5643 domus,
2771 5586 2819 5632 et
2855 5574 3093 5630 ascendit
3117 5587 3271 5641 super
3301 5567 3613 5624 cherubim.“

2029 5829 2071 5861 "
2110 5828 2308 5885 Ezech.
2352 5818 2401 5893 ι,
2433 5824 2522 5879 '20.
