2033 3196
235 180 289 206 955

574 179 708 207 EUSEBH
726 179 967 208 C/ESARIENSIS
985 181 1060 210 OPP.
1081 182 1173 210 PARS
1191 181 1237 209 III.
1251 197 1286 202 —
1298 181 1503 211 EXEGETICA.

1804 184 1858 212 956

234 241 257 262 et
272 241 469 270 assumpserunt
481 236 613 263 cherubim
627 238 685 264 alas
699 246 773 269 suos,
783 242 808 265 et
818 238 916 265 eleuata
927 243 987 265 sunt
1002 248 1013 265 α

1071 239 1125 266 τῶν
1141 239 1245 266 ἀσεϐῶν
1262 240 1455 275 μνημονεύειν·
1485 240 1545 272 ἐνὸς
1558 241 1587 267 δὲ
1602 242 1647 268 καὶ
1662 241 1787 277 δευτέρου
1802 241 1857 268 τῶν

235 285 304 307 terra
319 281 345 307 in
358 286 498 315 conspectu
521 290 577 309 meo
591 282 654 308 dum
669 283 788 310 exirent:
810 287 835 309 et
853 287 920 310 rota:
938 283 1020 310 ha're-

234 324 297 351 bant
309 325 383 359 ipsis.
395 324 565 352 Etsleterunt
578 326 613 352 ad
620 327 815 360 prmliminaria
829 332 912 360 porto:
925 327 1019 354 domu:

232 378 247 397 ε
269 371 373 405 regione
397 371 503 405 positio,
526 377 550 398 et
573 372 659 406 gloria
681 371 730 398 Dei
752 371 840 399 Israel
860 376 917 398 erat
938 380 1020 406 supra

232 423 276 442 eos
285 416 317 441 ⁸³.
333 415 428 443 Viden’
440 424 493 451 quo
510 420 589 451 pacto
611 417 654 443 hic
667 424 767 444 currus
783 416 830 443 Dei
846 417 1019 444 describatur

233 462 267 489 de
288 470 342 497 quo
366 463 431 490 alibi
457 463 569 495 dicitur,
595 462 696 490 Curru:
718 463 768 490 Dei
794 463 880 491 decem
900 463 1018 490 millibus

234 508 371 542 multiplex
393 510 479 536 millia
495 509 662 536 lwtunliunt?
679 509 825 536 Cherubim
842 516 908 536 vero
920 517 1018 538 currus

232 559 329 587 erant,
343 555 380 582 ita
389 559 418 582 ut
432 563 514 590 supra
530 559 612 590 caput
627 555 748 589 ipsorum
760 555 852 582 throni
868 555 1018 583 similitudo

232 605 317 632 esset,
344 606 371 628 et
392 609 475 636 supra
500 602 628 628 thronum
643 601 729 636 gloria
752 601 869 628 Domini.
888 601 1018 634 Quanam

232 651 307 674 esset
323 647 409 682 gloria
425 646 531 674 Domini
548 647 627 674 initio
649 647 711 674 libri
725 647 893 680 declaratur,
908 647 953 674 ubi
976 647 1018 674 di-

232 693 305 720 citur
319 701 324 718 :
337 692 423 727 Super
433 693 565 720 cherubin:
580 694 656 728 quasi
669 693 765 727 species
776 696 834 720 erat
846 693 942 727 lapidis
957 700 1019 727 sap-

232 739 312 771 phiri,
328 739 475 766 similitudo
493 740 579 766 throni
595 748 671 774 super
685 740 771 773 ipsum
786 746 794 765 :
809 742 834 766 et
852 746 929 772 super
944 739 1019 766 simi-

233 785 369 811 litudinem
386 785 473 812 throni
492 785 639 812 similitudo
650 785 727 820 quasi
742 785 837 819 species
853 784 965 811 hominis
973 785 1019 811 de-

1071 285 1153 311 πάλαι
1168 284 1299 319 θεοφιλῶν
1311 286 1414 321 ἀνδρῶν
1430 287 1538 322 μνήμην
1550 289 1676 320 ποιεῖται,
1687 288 1730 314 διὰ
1741 288 1792 322 τῆς
1803 288 1857 315 τῶν

1070 329 1248 365 προπατόρων
1259 330 1359 365 ἀρετῆς
1373 331 1419 364 καὶ
1429 331 1582 363 θεοσεϐείας
1591 332 1654 363 τοὺς
1667 332 1696 364 ἐξ
1709 332 1797 358 αὐτῶν
1811 340 1858 365 γε-

1069 374 1196 409 νομένους
1208 375 1281 402 ἐλέου
1293 376 1384 410 τυχεῖν
1395 376 1585 411 ποτνιώμενος.
1604 376 1633 403 Ὀ
1645 377 1674 404 δὲ
1686 376 1766 408 αὐτὸς
1779 373 1856 408 οὗτος

1068 421 1082 447 ὁ
1095 421 1149 448 τῶν
1163 421 1248 456 ἁγίων
1259 422 1364 457 ἀνδρῶν
1379 431 1444 449 ποτε
1456 422 1600 457 γενόμενος
1613 422 1726 458 ποιμὴν,
1740 423 1787 449 καὶ
1799 423 1856 453 τοῖς

1068 467 1200 502 χερουεὶμ
1215 467 1394 503 ἐποχούμενος
1410 465 1453 503 ἦν.
1473 468 1564 499 Ποίοις
1579 468 1606 494 δὲ
1622 468 1755 503 χερουϐῒμ
1768 467 1785 502 ἢ
1798 469 1855 500 τοῖς

1068 512 1144 547 παρὰ
1151 512 1189 547 τῷ
1204 513 1326 549 Ἐζεκιὴλ
1337 514 1560 549 τεθεωρημένοις,
1572 510 1609 539 ὧν
1619 514 1723 545 εἰκόνας
1735 513 1781 539 καὶ
1791 512 1856 548 σύμ-

1068 557 1136 584 ϐολα
1146 558 1214 584 Μωῡ
1219 558 1268 592 σῆς
1278 558 1322 585 διὰ
1333 559 1433 594 χρυσοῦ
1445 559 1571 593 ὑαράνω
1582 558 1630 593 τῆς
1638 557 1754 584 κιϐωτοῦ
1763 557 1855 583 κελευ-

1069 602 1141 633 σθεὶς
1157 602 1260 635 ὲποίει;
1277 603 1421 639 Μέμνηται
1436 603 1465 630 δὲ
1478 603 1532 630 τῶν
1548 603 1702 638 χερουὸὶμὸ
1720 601 1852 637 Ἐζεκιὴλ,

1066 646 1163 673 τοῦτον
1177 647 1262 682 λέγων
1273 648 1317 675 τὸν
1327 649 1436 683 τρόπον’
1449 648 1503 675 Kal
1515 646 1606 679 εἶδον.
1618 648 1667 675 καὶ
1677 647 1740 674 ἰδοὺ
1755 646 1855 673 ἐπάνω

1067 692 1120 720 τοῦ
1134 693 1336 727 στερεώματος
1346 693 1398 720 τοῦ
1409 694 1485 727 ὑπὲρ
1499 693 1635 728 κεφαλῆς
1651 693 1704 720 τοῦ
1715 693 1853 728 χερουόὶμ

1067 739 1107 772 ὠς
1116 740 1201 772 λίθος
1212 740 1379 774 σαπερείρου
1389 741 1518 775 ὁμοίωμα
1529 740 1635 774 θρόνου
1645 739 1690 765 ἐπ’
1699 738 1788 771 αὐτῷ.
1800 739 1854 765 Καὶ

1069 786 1127 821 μεθ’
1144 786 1224 822 ἕτερά
1240 795 1321 823 φησι·
1332 787 1388 814 Kal
1398 786 1508 821 ἐξῆλθε
1517 786 1591 818 δόξα
1603 786 1713 820 Κυρίου
1728 785 1787 813 ἀπὸ
1800 785 1854 812 τοῦ

232 839 318 865 super.
334 831 369 858 Et
388 832 442 859 vidi
454 832 532 867 quasi
549 832 662 866 formam
677 832 768 858 electri
783 840 799 858 a
820 831 903 865 specie
917 831 1013 858 lumbo-

1066 833 1180 866 αἰθρίου
1204 834 1257 861 τοῦ
1273 834 1358 861 οἶκου
1369 853 1377 866 ,
1404 834 1453 860 καὶ
1473 833 1563 868 ἐπέϐη
1580 833 1628 860 ἐπὶ
1644 833 1681 859 τὰ
1696 833 1851 867 χερουϐίμ·

231 886 290 904 rum
302 882 327 904 et
340 877 471 912 desuper;
491 882 516 904 et
539 887 555 904 a
576 878 658 912 specie
675 877 824 904 lumborum
844 877 1013 912 usquetdeor-

1067 878 1116 905 καὶ
1127 878 1254 906 ἀνέλαϐε
1264 879 1299 906 τὰ
1308 880 1450 914 χερουϐὶμ
1463 879 1516 912 τὰς
1525 878 1673 913 πτέρυγας
1684 877 1792 908 αὐτῶν,
1804 877 1853 903 καὶ

231 932 299 955 sum,
317 925 395 959 quasi
411 924 510 958 species
521 924 602 959 ignis.
617 928 641 950 et
655 923 701 950 lus:
718 923 775 958 ejus
789 923 816 950 in
829 923 956 955 circuitu;
971 923 1013 950 ad-

1067 923 1323 960 ἐμετεωρίσθησαν
1335 925 1395 952 ἀπὸ
1411 924 1467 959 τῆς
1479 924 1536 959 γῆς
1545 924 1673 951 ἐνώπιον
1685 923 1757 958 ἐμοῦ
1768 923 1802 949 ὲν
1815 923 1854 955 τῷ

229 969 363 1004 jicitque:
382 969 445 996 Hice
467 970 533 997 visio
550 970 735 997 similitudinis
753 970 847 1005 gloria:
866 970 1013 998 Domini“.

1068 970 1202 1002 ἐξελθεῖν
1212 969 1298 1001 αὐτὰ,
1312 969 1361 996 καὶ
1374 971 1400 996 ol
1413 969 1512 1004 τροχοὶ
1523 969 1658 1003 ἐχόμενοι
1670 967 1778 995 αὐτῶν.
1798 969 1853 994 Kal

229 1017 365 1049 ἔστησαν
375 1017 424 1043 ἐπὶ
437 1017 472 1044 τὰ
483 1018 614 1051 πρόθυρα
627 1017 681 1051 τῆς
693 1018 793 1050 πύλης
803 1017 856 1044 τοῦ
885 1017 970 1044 οἷκου
999 1017 1054 1051 τῆς
1071 1017 1214 1044 ἀπέναντι
1224 1036 1232 1049 ,
1249 1016 1298 1043 καὶ
1317 1016 1392 1048 δόξα
1406 1015 1480 1042 Θεοῦ
1503 1015 1625 1049 Ἰσραὴλ
1641 1012 1681 1050 ἦν
1694 1014 1740 1040 ἐπ’
1756 1013 1855 1040 αὐτῶν

229 1062 376 1096 ὑπεράνω.
399 1062 480 1098 Ὁρᾷς
496 1063 569 1094 ὅπως
584 1063 613 1089 ἐν
628 1062 733 1094 τούτοις
748 1063 778 1089 τὸ
797 1062 873 1098 ἆρμα
886 1062 933 1088 τοῦ
949 1061 1016 1088 Θεοῦ
1035 1061 1221 1097 διαγράφεται,
1252 1061 1315 1097 περὶ
1326 1055 1359 1087 οὗ
1370 1061 1492 1088 λέλεκται
1509 1062 1537 1087 ὲν
1552 1061 1651 1096 ἑτέρῳ,
1667 1060 1700 1087 Τὸ
1714 1060 1791 1094 ἅρμα
1800 1058 1854 1085 τοῦ

231 1110 304 1137 Θεοῦ
311 1109 534 1144 μιψιοπλάσιον
557 1110 690 1144 χιλιάδες
713 1110 937 1143 εὐθηνούντων;
948 1109 1086 1145 Χερουϐὶμ
1106 1110 1134 1136 δὲ
1146 1107 1180 1145 ἦν
1194 1109 1225 1135 τὸ
1238 1109 1330 1145 ἅρμα,
1347 1108 1384 1140 ὡς
1398 1108 1467 1144 ὑπὲρ
1494 1107 1612 1142 κεφαλῆς
1628 1104 1722 1143 θρόνου
1754 1105 1853 1140 ὁμοιω-

231 1164 279 1191 μα,
295 1157 340 1182 καὶ
351 1156 397 1182 ἐπὶ
407 1156 492 1192 τούτῳ
502 1156 564 1188 δόξα
578 1157 693 1193 Κυρίου.
709 1157 757 1189 Τίς
784 1158 813 1184 δὲ
842 1159 858 1193 ἡ
872 1156 934 1189 δόξα
947 1156 1050 1192 Κυρίου
1068 1154 1101 1191 ἦν
1128 1157 1187 1183 κατ’
1203 1156 1289 1191 ἀρχὰς
1308 1155 1356 1190 τῆς
1379 1154 1469 1190 βίϐλου
1485 1153 1612 1188 δηλοῦται
1625 1173 1632 1185 ,
1647 1152 1711 1179 ἔνθα
1729 1152 1835 1187 εἴρηται
1845 1160 1852 1167 ·

235 1202 380 1235 Ὑπερὰνω
392 1203 451 1229 τῶν
465 1203 605 1237 χερουϐὶμ
625 1203 664 1236 ὡς
678 1203 779 1237 ὅρασις
794 1201 834 1238 ἦν
857 1204 944 1230 λίθου
970 1203 1156 1237 σαπερειρυυ,
1173 1202 1303 1236 ὁμοίωμα
1334 1202 1441 1235 θρόνου
1457 1200 1502 1227 ἐπ’
1520 1199 1629 1227 αὑτοῦ·
1648 1199 1698 1225 καὶ
1715 1198 1764 1225 ἐπὶ
1800 1197 1853 1224 τοῦ

229 1248 409 1283 ὁμοιώματος
422 1248 476 1275 τοῦ
493 1250 600 1283 θρόνου
614 1249 743 1283 ὁμοίωμα
761 1250 800 1282 ὡς
830 1247 910 1282 εἶδος
924 1248 1081 1283 ἀνθρώπου
1107 1248 1229 1275 ἄνωθεν.
1243 1248 1297 1274 Kal
1307 1245 1388 1274 εἶδον
1399 1247 1439 1280 ὠς
1450 1246 1521 1281 ὄψιν
1549 1246 1695 1280 ἠλέκτρου
1707 1244 1766 1271 ἀπὸ
1791 1243 1855 1277 όρά.

228 1300 305 1328 σεως
319 1295 434 1329 ὀσφύος
452 1294 507 1328 ἓως
535 1295 614 1322 ἀνω·
636 1295 686 1323 καὶ
702 1296 762 1323 ἀπὸ
774 1296 907 1330 ὁράσεως
932 1296 1048 1330 ὀσφύος
1067 1296 1122 1329 ἓως
1138 1294 1233 1327 κάτω,
1260 1294 1300 1327 ὡς
1316 1294 1420 1328 ὅρασις
1439 1292 1550 1328 πυρὸς,
1567 1292 1616 1319 καὶ
1639 1291 1748 1326 φέγγος
1761 1289 1852 1324 αὑτοῦ

228 1343 346 1376 κύκλῳ·
361 1343 409 1369 καὶ
424 1343 560 1377 ἐπιλέγει·
573 1343 653 1377 Αὕτη
669 1344 688 1377 ἠ
701 1343 806 1377 ὅρασις
820 1342 1002 1378 ὁμοιώματα*
1021 1343 1114 1376 δόξης
1126 1342 1246 1376 Κυρίου.

265 1388 347 1415 Vides
375 1389 512 1424 quomodo
536 1389 650 1423 gloriam
681 1389 728 1417 Dei
757 1390 784 1416 in
801 1390 900 1417 throno
915 1389 1013 1416 seden-

227 1440 280 1463 tem
293 1435 443 1469 explicans,
459 1435 573 1462 formam
591 1435 709 1462 hominis
724 1435 921 1471 descripserit?
934 1434 1014 1469 Quae-

228 1487 291 1506 nam
323 1480 376 1506 alia
408 1480 490 1507 fuerit
513 1480 559 1506 illa
585 1479 704 1508 hominis
730 1480 837 1514 forma,
865 1487 925 1515 quae
957 1487 1012 1507 non

228 1525 287 1560 ipse
308 1524 396 1557 Deus,
422 1526 470 1552 sed
491 1526 578 1560 gloria
604 1526 651 1553 Dei
674 1526 746 1553 dicta
767 1530 821 1559 est,
847 1534 929 1561 quam
951 1526 1013 1553 uni-

228 1571 348 1605 genitum
368 1570 415 1598 Dei
430 1570 549 1598 Verbum
563 1591 570 1604 ,
587 1572 661 1606 quod
676 1572 824 1607 aliquando
838 1573 953 1608 gloriam
965 1572 1012 1600 Dei

229 1615 328 1648 Patris,
345 1617 493 1651 aliquando
516 1618 634 1652 speciem
657 1618 777 1646 hominis
799 1623 910 1654 propter
925 1618 1013 1646 homi-

1107 1389 1188 1424 Ὁρᾷς
1204 1388 1278 1419 ὅπως
1288 1387 1303 1413 ὁ
1317 1386 1394 1421 λόγος
1409 1385 1457 1422 τὴν
1472 1384 1518 1412 ἐπὶ
1531 1384 1577 1411 τοῦ
1593 1384 1687 1420 θρόνου
1702 1383 1853 1419 ὀχουμένην

1064 1436 1142 1469 δόξαν
1165 1436 1232 1463 Θεοῦ
1250 1435 1435 1471 διερμηνεύων
1455 1431 1522 1465 εἶδος
1542 1432 1685 1468 ἀνθρώπου
1708 1431 1851 1466 διέγραψε;

1066 1482 1098 1508 Τί
1114 1482 1136 1508 δ’
1150 1482 1183 1508 ἂν
1196 1482 1301 1516 γένοιτο
1316 1481 1394 1507 τοῦτο
1406 1480 1436 1506 τὸ
1452 1477 1520 1510 εῐδος
1534 1478 1579 1505 τοῦ
1597 1477 1742 1513 ἀνθρώπου
1753 1497 1761 1509 ,
1786 1478 1853 1511 ὅπερ

1065 1527 1116 1554 οὐκ
1130 1527 1210 1558 αὐτὸς
1238 1527 1252 1553 ὁ
1267 1526 1343 1558 Θεὸς,
1360 1525 1428 1552 ἀλλὰ
1441 1524 1503 1556 δόξα
1518 1524 1564 1550 τοῦ
1579 1523 1646 1550 Θεοῦ
1664 1523 1786 1558 εἴρηται,
1802 1523 1818 1558 ἢ
1839 1524 1853 1549 ὁ

1066 1571 1212 1607 μονογενὴς
1232 1570 1279 1598 τοῦ
1299 1569 1365 1597 Θεοῦ
1385 1570 1484 1603 Λόγος·
1505 1569 1535 1596 ὃν
1550 1568 1613 1595 ποτὲ
1631 1569 1679 1603 μὲν
1693 1567 1771 1601 δόξαν
1786 1566 1853 1593 Θεοῦ

1065 1616 1111 1643 τοῦ
1134 1616 1240 1651 Πατρδς
1252 1615 1378 1650 ὀνομάζει
1389 1634 1397 1646 ,
1421 1613 1486 1640 ποτὲ
1498 1612 1525 1640 δὲ
1539 1611 1608 1644 εἶδος
1624 1611 1768 1648 ἀνθρώπου
1780 1612 1812 1638 δι’
1824 1612 1853 1638 ὃν

227 1669 289 1690 nem
306 1669 387 1697 quem
403 1663 563 1697 assumpsit.
573 1664 731 1698 nuncupat?
745 1664 826 1698 cujus
839 1671 899 1698 quae
909 1664 942 1691 ad
957 1663 1013 1691 dei-

1065 1662 1207 1697 ἁνείληφεν
1215 1661 1356 1696 ἄνθρωπον
1367 1669 1374 1693 ;
1386 1656 1416 1687 οὗ
1423 1660 1458 1686 τὰ
1469 1660 1518 1695 μὲν
1525 1659 1574 1694 τῆς
1585 1658 1722 1692 θεολογίας
1730 1658 1853 1693 ἠλέκτρῳ

227 1713 310 1737 tatem
326 1710 488 1745 spectabant
499 1710 611 1742 electro,
630 1710 720 1738 omnis
736 1710 857 1738 materiae
871 1709 1015 1744 pretiosis-

225 1755 306 1787 simo,
321 1755 410 1782 simile
431 1755 590 1789 dicebatur;
605 1763 664 1791 quae
686 1763 753 1784 vero
775 1764 791 1783 a
807 1756 907 1783 lumbis
929 1763 1014 1790 usque

225 1801 353 1830 deorsum
382 1805 470 1834 erant,
498 1802 580 1829 modo
609 1802 709 1836 speciei
729 1802 811 1837 ignis,
840 1801 921 1829 modo
944 1801 1013 1829 lucis

225 1848 382 1883 splendori;
393 1848 458 1882 quia
475 1847 573 1883 quaain
587 1852 693 1875 natura:
706 1848 876 1875 consortium
888 1848 1012 1880 veniunt,

226 1894 350 1922 homines
379 1895 485 1922 scilicet
507 1894 535 1921 in
560 1898 634 1921 terra
662 1894 816 1927 constituti,
832 1893 908 1921 vario
932 1894 1012 1921 modo

225 1941 285 1975 ejus
296 1942 443 1969 virtutibus
458 1949 528 1976 opus
540 1941 641 1968 habent
657 1950 663 1967 :
684 1948 746 1967 nam
763 1941 781 1968 ii
798 1941 845 1976 qui
861 1941 921 1968 luce
930 1940 1013 1975 digna

225 1986 339 2019 faciunt,
349 1987 519 2014 illuminante
530 1986 556 2013 vi
571 1986 708 2022 indigent;
724 1986 770 2021 qui
785 1993 851 2013 vero
861 1985 922 2020 igne
930 1985 1011 2026 digna

223 2035 391 2067 perpetrant,
408 2031 586 2059 comburente
611 2035 638 2058 et
662 2030 761 2058 ultrice
787 2030 898 2058 virtute.
925 2030 1012 2057 Guile-

223 2078 306 2104 stium
323 2084 404 2112 porro
427 2076 558 2111 imagines
579 2079 606 2104 et
622 2076 744 2112 symbolo
768 2075 903 2103 adornare
915 2076 1012 2111 jussus

223 2121 341 2157 Moyses,
353 2122 494 2150 cherubim
508 2130 540 2149 ex
557 2129 625 2149 auro
642 2121 759 2149 coniecit
776 2131 783 2149 :
798 2121 855 2149 haec
865 2129 930 2149 vero
941 2128 1011 2148 arca:

222 2168 389 2199 insidebant,
417 2168 444 2194 in
464 2175 581 2202 quorum
613 2167 702 2193 medio
728 2167 950 2201 propitiatorium
977 2175 1010 2193 ex

221 2220 290 2240 auro
320 2213 420 2240 factum
447 2213 764 2247 consistebatzcratque
791 2212 1009 2247 propitiatotium

222 2259 250 2286 in
266 2259 355 2286 medio
368 2259 509 2286 cherubim
528 2258 628 2293 aurigzr.
643 2259 730 2286 instar
748 2259 815 2293 ipsis
830 2257 988 2293 impositum
1001 2266 1008 2290 ;

222 2304 260 2332 ita
286 2309 316 2332 ut
332 2305 553 2340 propitiatorium
571 2304 637 2331 illud
657 2313 689 2332 ex
706 2312 772 2331 auro
788 2304 901 2336 factum,
921 2303 1009 2337 imago

221 2354 249 2378 et
263 2350 403 2385 exemplar
419 2354 492 2377 esset
507 2350 566 2385 cjus
582 2351 628 2384 qui
645 2358 728 2385 super
743 2349 884 2377 cherubim
904 2349 931 2375 in
946 2348 1009 2375 Eze-

221 2396 308 2424 chiele
328 2397 459 2431 propheta
475 2397 551 2424 visus
567 2401 624 2429 cst;
640 2404 720 2431 quem
738 2395 858 2422 Verbum
876 2403 937 2422 esse
960 2395 1005 2421 Dei

220 2442 506 2468 commonstravimus.
523 2441 613 2474 Quare
633 2442 741 2468 divinus
753 2440 901 2476 Apostolus
918 2440 1007 2474 ipsum

221 2486 339 2515 Verbum
365 2488 584 2522 propitiatorium
608 2492 696 2519 vocat,
713 2487 807 2514 dicens
827 2495 833 2512 :
850 2486 932 2519 Quem
950 2493 1008 2518 pro-

218 2533 307 2567 posuit
331 2532 400 2559 Deus
424 2533 637 2566 propitiutorium
661 2541 706 2566 per
729 2532 807 2566 ﬁdem
833 2531 859 2557 in
882 2531 1007 2565 smiguinc

218 2579 276 2613 ejus
291 2578 325 2605 ".
346 2577 408 2605 Haec
425 2582 514 2604 autem
539 2585 553 2603 a
571 2578 661 2613 Moyse
685 2586 717 2604 rx
733 2585 799 2604 auro
817 2577 931 2611 ﬁgurate
945 2584 1007 2602 con-

221 2624 308 2657 fecta,
336 2625 477 2652 cherubim
505 2624 566 2651 dico
586 2631 612 2651 et
636 2625 856 2659 propitiatorinm
871 2643 878 2653 ,
906 2623 1006 2657 popqu

219 2671 351 2705 pratibanl.
367 2671 394 2698 in
415 2670 573 2702 solitudine,
592 2678 684 2697 coram
703 2670 842 2705 Ephraim,
864 2669 1005 2704 Bcnjamin

219 2719 249 2743 et
263 2707 398 2744 Ilanasse.
414 2716 481 2743 Nam
495 2717 522 2743 in
544 2717 617 2743 exitu
635 2716 779 2744 duodecim
794 2716 926 2746 tribuum,
944 2719 1007 2742 ante

220 2766 311 2787 arcam
330 2764 386 2788 tres
402 2761 490 2788 tribus
512 2760 796 2791 castramctabantur,
815 2767 912 2792 nempe
925 2758 1005 2790 .luda,

220 2805 345 2833 Issachar
359 2810 386 2833 ct
396 2806 517 2834 Zabulon
530 2815 537 2839 ;
553 2815 644 2833 arcam
660 2807 723 2834 item
740 2811 794 2833 tres
808 2805 895 2832 tribus
910 2813 1007 2839 seque-

221 2850 330 2882 bantur,
352 2860 446 2886 nempe
462 2852 600 2886 liphraim,
620 2851 760 2886 Benjamin
781 2855 808 2878 et
833 2850 969 2883 Manasse,
991 2859 1006 2878 a

1063 1707 1102 1743 τῷ
1113 1708 1202 1742 πάσης
1214 1706 1279 1741 ὖλης
1287 1705 1496 1742 τιμαλφεστέρῳ
1505 1705 1694 1741 Μρεικάζετο,
1709 1703 1743 1730 τὰ
1755 1703 1782 1729 δὲ
1795 1703 1852 1729 ἀπὸ

1062 1752 1162 1787 ὀσφύος
1176 1752 1223 1778 καὶ
1238 1752 1322 1783 κάτω,
1339 1751 1376 1787 πὴ
1389 1750 1436 1786 μὲν
1451 1750 1545 1787 ὁράσει
1559 1751 1653 1786 πυρὸς,
1668 1749 1706 1785 πὴ
1718 1749 1747 1775 δὲ
1761 1749 1849 1783 φωτὸς

1064 1798 1176 1832 φέγγει·
1189 1798 1280 1833 ἐπειδὴ
1294 1797 1327 1823 τὰ
1339 1798 1371 1824 ὲκ
1385 1797 1518 1832 γενέσεως
1532 1797 1643 1832 μέτοχα,
1654 1796 1700 1822 καί
1710 1795 1734 1822 οἱ
1744 1795 1788 1821 ἐπὶ
1799 1794 1849 1829 γῆς

1062 1843 1201 1880 ἄνθρωποι
1218 1844 1354 1880 διαφόρων
1377 1843 1459 1870 αὐτοῦ
1476 1842 1615 1879 δυνάμεως
1633 1842 1781 1869 ὲπιδέονται
1792 1850 1798 1856 ·
1827 1841 1851 1867 οἱ

1064 1890 1113 1925 μὲν
1125 1890 1213 1925 φωτὸς
1225 1889 1288 1922 ἄξια
1302 1889 1454 1925 πράξαντες
1465 1889 1514 1924 τῆς
1528 1888 1693 1923 φωτιστικῆς
1703 1887 1851 1924 ἐνεργείας,

1061 1936 1086 1962 οἱ
1097 1936 1125 1962 δὲ
1135 1935 1169 1962 τὰ
1182 1935 1267 1971 πυρὸς
1282 1935 1345 1967 ἄξια
1356 1935 1406 1970 τῆς
1418 1934 1570 1970 καυστικῆς
1580 1934 1628 1960 καὶ
1640 1933 1763 1969 τιμωροῦ
1774 1932 1853 1960 δυνά-

1064 1989 1144 2016 μεως.
1179 1981 1239 2008 Τῶν
1255 1981 1278 2008 δ’
1295 1980 1430 2017 οὐρανίων
1444 1979 1551 2011 εἰκόνας
1568 1980 1614 2006 καὶ
1631 1979 1753 2014 σύμϐολα
1767 1987 1852 2005 κατα-

1063 2027 1193 2054 σκευάσαι
1201 2020 1321 2063 Μωῡσῆς
1329 2026 1495 2058 κελευσθεὶς,
1502 2026 1536 2053 τὰ
1546 2025 1678 2062 χεῳυσὶμ
1685 2025 1739 2052 ἀπὸ
1750 2024 1852 2060 χρυσοῦ

1061 2072 1262 2099 κατεσκεύασεν
1272 2080 1279 2087 ο
1296 2071 1422 2098 ἐπέκειτό
1434 2079 1464 2097 τε
1476 2070 1563 2097 ταῦτα
1579 2072 1611 2106 τῇ
1628 2069 1753 2105 κιϐωτῷ,
1771 2069 1852 2104 μέσον

1061 2118 1156 2153 ἔχοντα
1169 2118 1200 2144 τὸ
1215 2118 1369 2154 ἱλαστήριον
1380 2118 1412 2144 ὲκ
1423 2117 1524 2153 χρυσοῦ
1538 2117 1720 2152 πεποιημένον
1731 2124 1737 2130 ·
1756 2115 1802 2142 καὶ
1817 2113 1852 2151 ἦν

1061 2166 1091 2191 τὸ
1103 2165 1258 2201 ἱλαστήριον
1272 2164 1355 2200 μέσον
1370 2164 1423 2191 τῶν
1436 2163 1569 2200 χερουϐὶμ
1584 2163 1689 2199 ἡνιόχου
1701 2161 1778 2196 δίκην
1790 2161 1851 2187 ἐπι-

1062 2211 1187 2246 κείμενον
1203 2210 1294 2242 αὑτοίς
1303 2219 1309 2226 ·
1326 2210 1391 2237 ὥστ’
1405 2210 1475 2238 εἶναι
1491 2212 1584 2238 εἰκόνα
1598 2210 1643 2237 καὶ
1658 2209 1742 2235 τύπον
1754 2208 1784 2234 τὸ
1797 2207 1852 2234 ἀπὸ

1061 2256 1162 2292 χρυσοῦ
1180 2256 1363 2293 πεποιημένον
1379 2257 1534 2293 ἱλαστήριον
1557 2256 1606 2284 τοῦ
1625 2256 1654 2282 ὲν
1670 2255 1709 2290 τῷ
1723 2254 1851 2289 προφήτῃ

1068 2301 1192 2337 Ἐζεκιὴλ
1205 2301 1275 2336 ὑπὲρ
1287 2301 1321 2328 τὰ
1338 2302 1473 2338 χερουΰὶμ
1488 2301 1631 2337 ὀφθέντος·
1647 2300 1676 2327 ὃν
1693 2296 1852 2327 ἀποδείκνυ-

1063 2355 1112 2381 μεν
1125 2345 1194 2373 εἶναι
1207 2347 1253 2373 τὸν
1266 2348 1352 2382 Λόγον
1367 2348 1413 2374 τοῦ
1427 2348 1506 2375 Θεοῦ.
1516 2347 1596 2374 Ὅθεν
1609 2348 1623 2374 ὁ
1633 2346 1703 2377 Θείος
1721 2345 1851 2372 Ἀπόστο-

1060 2392 1104 2423 λος
1123 2392 1275 2428 ἱλαστήριον
1289 2393 1370 2420 αὐτὸν
1385 2393 1464 2421 καλεῖ
1477 2393 1579 2428 λέγων·
1602 2392 1657 2418 Ὀν
1679 2390 1819 2426 προέθετο
1835 2391 1851 2417 ὀ

1062 2439 1134 2471 Θεὸς
1148 2439 1324 2473 ἱλαστήριον
1335 2439 1385 2467 διὰ
1395 2440 1525 2472 πίστεως
1536 2439 1570 2465 ὲν
1581 2437 1621 2470 τῷ
1633 2437 1726 2465 αὐτοῦ
1738 2437 1849 2471 αἵματι.

1061 2483 1152 2511 Ταῦτα
1171 2484 1199 2511 δὲ
1214 2485 1336 2517 τυπικῶς
1348 2485 1424 2521 παρὰ
1435 2486 1548 2512 Μωῦσεῖ
1556 2484 1600 2511 διὰ
1615 2483 1717 2519 χρυσοῦ
1733 2491 1850 2518 πεποιη-

1063 2528 1140 2562 μένα,
1155 2528 1226 2564 λέγω
1239 2530 1267 2556 δὲ
1280 2529 1314 2557 τὰ
1329 2530 1462 2566 χερουὸὶμ
1475 2530 1521 2557 καὶ
1535 2529 1565 2557 τὸ
1580 2529 1745 2565 ἱλαστήριον,
1762 2536 1849 2564 προη-

1060 2576 1134 2609 γεῖτο
1146 2576 1192 2603 τοῦ
1205 2577 1234 2603 ὲν
1249 2578 1283 2612 τῇ
1300 2577 1348 2613 ὲρή
1354 2586 1395 2613 μῳ
1409 2576 1475 2604 λαοῦ
1490 2576 1559 2604 κατὰ
1572 2576 1716 2612 πρόσωπον
1733 2574 1851 2611 Ἐφραῒμ

1060 2622 1107 2648 καὶ
1123 2622 1251 2658 Βενιαμὶν
1267 2624 1314 2650 καὶ
1328 2623 1472 2659 Μανασσῆ.
1506 2624 1551 2650 Ἐν
1564 2623 1619 2658 γὰρ
1632 2624 1665 2658 τῇ
1683 2622 1780 2657 πορείᾳ
1795 2620 1849 2648 τῶν

1061 2667 1099 2693 ιϐ’
1112 2668 1202 2703 φυλῶν
1217 2668 1370 2704 ἔμπροσθεν
1388 2670 1438 2705 μὲν
1450 2670 1500 2705 τῆς
1523 2669 1641 2696 κιϐωτοῦ
1663 2668 1850 2704 παρενέϐαλον

1060 2714 1141 2750 φυλαὶ
1154 2717 1239 2749 τρεῖς,
1263 2715 1358 2747 Ἰούδα,
1373 2716 1420 2743 καὶ
1440 2715 1561 2751 Ἰσάχαρ,
1575 2715 1622 2742 καὶ
1635 2714 1776 2742 Ζαϐουλὼν
1788 2722 1794 2728 ”
1807 2714 1848 2740 εἴ·

1060 2769 1141 2787 ποντο
1151 2761 1180 2787 δὲ
1190 2762 1222 2796 τῇ
1235 2761 1344 2797 κιϐωτῷ
1354 2761 1454 2797 ὁμοίως
1466 2761 1546 2796 φυλαὶ
1556 2762 1642 2796 τρεῖς,
1660 2759 1790 2795 Ἐφραῖμ,
1801 2758 1850 2785 καὶ

1058 2807 1203 2842 Βενιαμὶν,
1227 2808 1274 2834 καὶ
1296 2808 1429 2844 Μανασσῆ
1440 2829 1447 2841 ,
1465 2809 1536 2836 κατὰ
1552 2808 1637 2835 νώτου
1654 2807 1850 2834 ἀκολουθοῦσαι

1058 2853 1111 2884 τοῖς
1125 2853 1265 2888 χερουῦἕμ.
1275 2853 1318 2880 Διὸ
1329 2853 1451 2881 λέλεκται
1463 2853 1592 2881 ἐνταῦθα·
1603 2853 1765 2888 Ἐλιφάνηθι
1779 2854 1849 2879 καθ-

261 2906 282 2921 ”
300 2907 397 2935 Ezech.
414 2917 440 2940 Χ,
456 2909 487 2935 18
536 2909 557 2924 δι
578 2909 674 2936 Ezech.
693 2918 715 2941 ι,
733 2910 777 2937 26.
817 2911 838 2926 ⁵⁵
853 2909 931 2937 Rom.
952 2918 992 2943 ill,
1010 2911 1055 2939 25.
