4066 6410
355 418 463 477 957

1519 419 2026 478 COMMENTARIA
2060 419 2129 476 IN
2166 419 2507 477 PSALMOS.

3512 429 3621 488 958

355 533 577 604 ήμενος
606 532 704 587 ἐπὶ
735 532 855 588 τῶν
907 532 1189 604 κερουῶμ
1227 544 1509 592 εναντιον
1547 538 1810 607 Ἑφραΐμ,
1843 555 1920 592 κα

2046 544 2202 606 tergo
2223 536 2510 593 cherubim
2536 544 2852 607 sequentes.
2878 535 3243 605 Quamobrem
3265 540 3355 596 hic
3375 539 3578 596 dicitur
3604 563 3617 598 :

360 625 665 695 Βενιαμὶν,
699 626 797 679 καὶ
823 625 1149 695 Μανασσῆ.
1184 627 1277 681 Διὸ
1311 628 1453 682 κατά
1479 629 1570 683 τὸν
1613 630 1842 684 Ἀκύλαν
1865 632 1941 685 εῖ-

360 733 557 792 ρηται·
605 717 913 787 Καθήμενε
956 717 1080 785 τοῖς
1113 719 1396 789 χερουόὶμ
1419 758 1435 785 ,
1483 719 1806 790 ἐπιφάνηθι
1852 722 1940 787 εὶς

356 812 683 880 πρόσωπον
719 810 988 879 Ἐφραϊμ,
1020 809 1121 864 καὶ
1152 810 1455 881 Βενιαμὶν,
1483 812 1582 866 καὶ
1613 811 1935 882 Μανασσῆ.

355 902 429 956 Σὺ
456 902 585 974 γάρ,
612 902 797 973 φησὶν,
827 903 857 955 ό
877 904 959 966 εἰς
978 902 1272 975 πρόσωπον
1295 901 1392 957 καὶ
1412 903 1644 958 ἐνώπιον
1677 904 1935 977 Ἐφραῖμ,

355 991 451 1045 καὶ
467 992 742 1065 Βενιαμὶν,
774 993 869 1048 καὶ
891 995 1158 1065 Μανασσῆ
1189 995 1661 1067 προπορευόμενος
1687 997 1935 1070 ὲμφάνη-

355 1081 429 1137 θι.
476 1084 849 1139 ’Δνακαλεῖται
886 1085 943 1138 δὲ
972 1087 1031 1139 ἐν
1062 1085 1274 1150 τούτοις
1297 1087 1390 1141 τὸν
1425 1087 1521 1141 τοῦ
1550 1087 1686 1142 Θεοῦ
1714 1088 1938 1157 Λόγονό

352 1172 645 1247 Προφήτης
670 1175 777 1229 ἀπὸ
794 1175 904 1230 τῶν
921 1176 1335 1250 γνωριζομένων
1356 1178 1432 1251 τῷ
1455 1178 1568 1250 λαῷ
1588 1179 1687 1252 τὴν
1711 1181 1937 1253 ἐπικλη-

353 1280 441 1318 σιν
466 1268 821 1340 ποιούμενος·
851 1267 969 1323 ἀλλ’
1000 1270 1104 1323 οὐκ
1145 1269 1255 1324 ἀπὸ
1278 1269 1382 1341 τῆς
1410 1270 1687 1337 θεοπτίας,
1720 1272 1828 1342 τῆς
1858 1273 1936 1346 τῷ

350 1359 616 1433 Προφήτη
648 1360 898 1433 Ἐζεκιὴλ
917 1361 1275 1434 τεθεαμένης.
1297 1365 1550 1417 Δυσωπεῖ
1569 1363 1626 1417 δὲ
1653 1364 1742 1420 τὸν
1765 1383 1937 1438 παρα-

348 1448 684 1522 καλούμενον
709 1451 799 1506 διά
823 1451 926 1523 τῆς
950 1453 1118 1525 εὐχῆς
1134 1471 1147 1484 ·
1190 1455 1257 1509 El
1280 1453 1389 1527 γάρ
1418 1455 1742 1527 ὑπέμεινας,
1778 1459 1931 1529 φησὶ,

346 1540 528 1614 καιρῷ
546 1559 655 1598 τινι
676 1544 1000 1617 πρωδεῦσαι
1023 1546 1120 1601 ἀνθ
1129 1545 1346 1619 ρώπων,
1372 1549 1468 1603 καὶ
1486 1547 1594 1603 τῶν
1618 1549 1935 1622 προλεχθει-

342 1634 460 1687 σῶν
492 1635 801 1707 ἡγήσασθαι
828 1638 1011 1709 φυλῶν
1033 1679 1048 1705 ,
1073 1640 1168 1693 καὶ¹
1197 1639 1293 1695 νῦν
1324 1643 1438 1706 τοῖς
1464 1641 1650 1707 αὐτοῖς
1677 1642 1932 1715 χειμαζο-

339 1723 532 1796 μένοις
562 1722 656 1781 καῖ
676 1728 1072 1801 ἀπολλυμένοις
1100 1730 1377 1804 ὲμφάνηθι
1400 1750 1414 1764 ι
1435 1732 1533 1787 καὶ
1561 1733 1625 1787 σύ
1649 1749 1714 1803 γε
1746 1733 1930 1799 αὐτὸς,

333 1817 367 1870 ό
402 1817 502 1871 καὶ
532 1818 654 1874 τότε
698 1821 973 1893 ποιμάνας
1008 1822 1102 1876 καὶ
1148 1826 1606 1898 προηγησάμενος
1642 1826 1737 1881 τοῦ
1777 1826 1928 1892 λαοῦ,

331 1908 646 1980 ἐξέγειρον
682 1912 797 1982 τὴν
838 1913 1207 1971 δυναστείαν
1248 1934 1365 1973 σου
1385 1960 1401 1983 ,
1432 1918 1529 1973 καὶ
1566 1919 1708 1976 ἐλθὲ
1743 1923 1830 1987 εις
1859 1919 1928 1975 τὸ

329 1998 540 2055 σῶσαι
570 2001 747 2072 ἡμᾶς.
796 2004 1048 2059 Ἱκετεύει
1073 2023 1135 2060 τε
1172 2008 1231 2062 ὲν
1258 2007 1470 2073 τούτοις
1491 2009 1590 2082 τὴν
1617 2012 1696 2074 εἰς
1718 2010 1928 2083 ἀνθρώ-

324 2107 481 2157 πους
511 2094 675 2149 αὐτοῦ
702 2095 884 2167 ἄφιξιν
916 2100 1245 2171 ποιήσασθαι
1276 2102 1371 2157 καὶ
1397 2104 1524 2167 τοὺς
1546 2104 1926 2176 ἀποστραφέν-

319 2200 442 2249 τας
472 2187 569 2239 καὶ
618 2189 677 2242 ὲν
709 2189 1025 2244 ἀποπτώσει
1054 2193 1379 2264 γενομένους
1412 2194 1573 2250 πάλιν
1614 2195 1923 2264 ἀναλαϐεῖν,

319 2277 504 2333 πᾶλιν
532 2280 625 2334 καὶ
657 2281 739 2342 εἰς
771 2282 933 2337 αὐτὸν
957 2285 1283 2357 ἐπιπρέψαι
1317 2287 1561 2358 ποιῆσαι.
1618 2288 1711 2342 Διὸ
1735 2288 1882 2359 λέγει
1905 2306 1921 2321 ·

332 2369 390 2424 Ὁ
447 2372 614 2439 Θεὸς,
647 2374 1018 2445 ἐπέστρεψαν
1050 2375 1208 2448 ἡμᾶς
1232 2377 1331 2432 καὶ
1359 2379 1660 2450 ἐπίκρανον
1686 2380 1756 2435 τὸ
1783 2382 1925 2451 πρό-

327 2462 547 2517 σωπόν
582 2478 700 2519 σου
719 2504 734 2528 ,
766 2466 865 2519 καὶ
894 2468 1312 2539 σωθησόμεθα.
1360 2472 1540 2541 Κύριε
1567 2475 1601 2528 ό
1629 2471 1774 2541 Θεὸς
1804 2472 1925 2528 τῶν

333 2551 654 2623 δυνάμεων
674 2595 691 2622 ,
742 2557 855 2624 ἕως
893 2559 1038 2613 πότε
1068 2559 1266 2631 ὀργίζῃ
1292 2562 1391 2617 ἐπὶ
1419 2562 1534 2632 τὴν
1568 2564 1919 2634 προσευχὴν

329 2645 456 2700 τῶν
496 2646 735 2703 δούλων
775 2651 930 2717 σοῦ;
990 2652 1047 2705 '0
1077 2651 1370 2725 λεγόμενος
1398 2656 1491 2709 ἐπὶ
1519 2656 1614 2711 τοῦ
1655 2658 1921 2728 παρόντος

332 2738 542 2810 Κύριος
573 2741 668 2795 καὶ
698 2742 831 2807 Θεὸς
854 2742 963 2797 τῶν
992 2743 1304 2817 δυνάμεων,
1338 2748 1500 2813 αὐτὸς
1540 2744 1610 2820 ἦν
1652 2752 1860 2815 ἐκεῖνος
1888 2751 1919 2802 ὁ

334 2829 640 2901 ποιμαίνων
667 2832 757 2887 τὸν
789 2834 1042 2906 ἀληθινὸν
1086 2837 1302 2910 Ἰσραὴλ
1319 2878 1335 2904 ,
1370 2841 1466 2893 καὶ
1489 2840 1762 2913 ὁδηγήσας
1787 2845 1920 2897 ὡσεὶ

334 2920 605 2994 πρόϐατον
625 2926 717 2980 τὸν
745 2927 961 3000 Ἰωσὴφ,
990 2931 1084 2985 καὶ
1105 2932 1135 2984 ὁ
1155 2932 1462 3004 καθήμενος
1484 2935 1576 2988 ἐπὶ
1600 2935 1710 2990 τῶν
1731 2953 1921 3008 χερου-

332 3010 436 3081 ϐίμ
453 3028 468 3041 ο
492 3012 798 3084 προοδεύων
815 3033 873 3070 τε
898 3018 1137 3075 ἐναντίον
1166 3021 1406 3095 Ἐφραῖμ
1427 3024 1521 3078 καὶ
1545 3024 1802 3097 Βενιαμὶν
1824 3028 1917 3082 καὶ

330 3102 626 3175 Μανασσῆ.
657 3105 861 3178 Κύριος
890 3109 943 3164 δὲ
967 3113 1063 3166 καὶ
1093 3113 1227 3180 Θεὸς
1249 3115 1355 3170 τῶν
1374 3117 1656 3189 δυνάμεων
1677 3118 1914 3191 εἴρηται,

2042 626 2440 696 Manifestum,
2506 631 2595 701 qui
2662 629 2809 685 sedes
2866 646 3020 699 super
3080 630 3389 696 cherubim,
3442 649 3621 686 coram

2042 718 2325 790 Ephraint,
2366 721 2650 790 Benjamiu
2700 733 2750 777 et
2802 721 3073 777 Manasse.
3139 722 3264 778 Ideo
3319 723 3630 778 secundum

2039 810 2295 882 Aquilam
2341 812 2549 868 dicitur
2585 833 2600 869 :
2635 814 2885 869 Insidens
2929 829 3084 883 super
3119 814 3407 881 cherubim,
3443 820 3620 872 mani-

2039 905 2238 976 {astare
2267 907 2321 960 in
2350 907 2489 976 facie
2523 905 2803 977 Epitraim,
2837 906 3120 975 Benjamin
3150 916 3199 960 et
3240 905 3512 963 Manasse.
3534 906 3578 962 Τ
3584 926 3618 963 ιι

2037 999 2206 1065 enim,
2243 999 2442 1070 inquit,
2481 1000 2576 1070 qui
2617 999 2670 1053 in
2713 997 2854 1053 facie
2893 999 3172 1069 lipbraim,
3228 997 3509 1068 Benjamin
3566 1009 3620 1055 et

2036 1087 2292 1144 Manasse
2339 1087 2614 1158 procedis,
2648 1085 3025 1143 manifestare.
3070 1085 3127 1139 In
3163 1086 3250 1142 his
3270 1096 3450 1140 autem
3482 1084 3618 1140 Pro-

2037 1179 2198 1252 pheta
2232 1178 2328 1234 Dei
2357 1178 2594 1234 Verbum
2643 1186 2857 1243 evocat,
2881 1178 2951 1233 ab
2990 1178 3060 1233 iis
3100 1194 3222 1248 qua:
3260 1179 3459 1248 populo
3489 1185 3616 1232 nota

2034 1278 2195 1326 erant
2221 1286 2419 1325 nomen
2453 1271 2575 1341 ejus
2603 1279 2887 1335 mutuans,
2923 1269 3017 1324 sed
3052 1285 3161 1343 non
3191 1286 3222 1324 a
3272 1270 3455 1325 divina
3486 1268 3616 1325 Eze-

2035 1364 2229 1420 chielis
2251 1363 2485 1419 visione.
2518 1360 2701 1434 Ipsum
2734 1369 2916 1417 autem
2948 1362 3033 1417 his
3052 1362 3232 1417 verbis
3260 1361 3616 1431 supplicando

2034 1456 2329 1527 compellat
2370 1474 2385 1512 :
2417 1454 2474 1511 Si
2498 1455 2738 1526 quodam
2773 1463 3037 1526 tempore,
3062 1456 3261 1527 inquit,
3302 1455 3615 1512 hominibus

2035 1550 2247 1606 anteire
2293 1550 2551 1621 dignatus
2596 1564 2680 1613 es,
2712 1556 3156 1619 memoi-atasque
3178 1548 3356 1605 tribus
3392 1549 3612 1614 ducere,

2034 1656 2184 1698 nunc
2215 1642 2351 1713 ipsis
2371 1640 2774 1697 ﬂuctuantibus
2797 1646 2857 1696 et
2891 1640 3251 1712 pereuntibus
3278 1655 3509 1711 appare;
3530 1647 3611 1707 tu,

2032 1733 2280 1805 inquam,
2313 1733 2433 1805 ipse
2474 1733 2569 1804 qui
2601 1733 2733 1788 olim
2783 1733 3046 1804 populum
3088 1732 3352 1802 pascebas
3400 1731 3614 1802 ipsique

2032 1827 2302 1894 anteibas,
2338 1827 2514 1881 excita
2540 1826 2833 1895 potentiam
2866 1835 3014 1879 tuam
3058 1835 3107 1879 et
3153 1826 3291 1891 veni,
3336 1834 3393 1878 ut
3439 1824 3613 1880 salvos

1961 1883 2004 1945 Β
2030 1916 2204 1986 facias
2237 1932 2355 1971 nos.
2389 1914 2488 1972 His
2516 1928 2649 1970 vero
2691 1914 2964 1985 supplicat
2993 1920 3053 1968 ut
3084 1913 3151 1968 ad
3184 1912 3437 1969 homines
3467 1927 3616 1969 acce-

2028 2007 2143 2072 dat,
2166 2015 2223 2062 et
2273 2022 2371 2062 eos
2397 2005 2495 2076 qui
2532 2004 2712 2061 aversi
2745 2011 2800 2059 et
2843 2003 2981 2074 lapsi
3018 2012 3195 2068 erant,
3229 2002 3425 2058 iterum
3457 2017 3614 2057 resu-

2028 2103 2165 2162 mat,
2199 2094 2398 2151 iterum
2431 2094 2500 2150 ad
2555 2109 2617 2151 se
2668 2101 2978 2149 convertat.
3031 2091 3378 2164 Quapropter
3424 2092 3558 2147 dicit
3596 2112 3609 2148 :

2025 2188 2193 2254 Deus,
2217 2198 2457 2243 converte
2482 2204 2600 2251 nos,
2629 2196 2681 2241 et
2732 2189 2948 2241 ostende
2976 2186 3169 2255 [aciem
3198 2196 3365 2253 tuam,
3397 2196 3447 2240 et
3477 2187 3614 2241 salvi

2024 2279 2320 2333 erimus.—
2336 2276 2503 2334 Vens.
2537 2276 2590 2331 5.
2616 2275 2841 2330 Domine
2861 2274 3003 2330 Deus
3046 2276 3323 2340 uirtutum,
3349 2292 3615 2347 quousque

2024 2369 2276 2423 irasceris
2311 2383 2469 2437 super
2501 2367 2797 2420 orationem
2835 2380 3107 2420 servorum
3139 2368 3394 2421 tuorum?
3425 2365 3528 2432 Qui
3557 2366 3614 2421 in

2024 2460 2283 2533 praesenti
2304 2459 2510 2517 dicitur
2558 2457 2824 2514 Dominus
2856 2464 2911 2513 et
2938 2456 3084 2513 Deus
3106 2457 3397 2525 virtutum,
3431 2458 3479 2513 is
3498 2459 3615 2529 ipse

2022 2563 2142 2611 erat
2186 2553 2282 2624 qui
2345 2552 2609 2625 pascebat
2663 2565 2853 2606 verum
2890 2547 3176 2614 lsraelem,
3226 2559 3282 2604 et
3311 2550 3590 2611 dedui-eba

2022 2648 2169 2703 sicut
2205 2660 2360 2700 ovem
2385 2642 2611 2714 Ioseph,
2634 2651 2689 2698 et
2710 2641 2813 2713 “qui
2844 2641 3072 2698 sedebat
3103 2656 3271 2712 super
3302 2641 3612 2711 cherubim,

2019 2749 2075 2797 et
2105 2741 2199 2812 qui
2227 2737 2517 2794 incedebat
2545 2751 2732 2791 coram
2760 2733 3045 2805 Ephraim,
3083 2732 3370 2803 Benjamin
3408 2742 3462 2789 et
3490 2733 3610 2789 Ma-

2021 2850 2203 2891 nasse.
2250 2831 2518 2887 Dominus
2548 2836 2728 2884 autem
2774 2836 2828 2885 et
2887 2826 3032 2884 Deus
3070 2828 3333 2903 virtutum
3383 2827 3608 2894 dicitur,

2021 2936 2081 2982 ut
2108 2926 2239 2981 alibi
2279 2925 2390 2980 dux
2419 2922 2695 2979 exercitus
2724 2929 2781 2977 ct
2814 2920 3039 2976 virtutis
3064 2918 3305 2981 Domini,
3329 2934 3394 2974 ac
3424 2921 3608 2991 magni

2022 3019 2241 3075 consilii
2274 3016 2539 3089 Angelus.
2564 3013 2693 3071 Jesu
2726 3014 2911 3084 itaque
2957 3011 3164 3084 Moysis
3185 3013 3519 3078 successori,
3552 3014 3610 3068 in

2021 3110 2198 3168 forma
2241 3109 2483 3166 hominis
2512 3122 2783 3179 apparens
2824 3105 2950 3177 quis
2985 3106 3103 3175 ipse
3130 3111 3278 3175 esset
3307 3103 3609 3160 conﬁteba-

329 3195 409 3259 ὡς
539 3197 747 3270 ἑτέροις
778 3201 1216 3276 ἀρχιστράτηγος
1255 3209 1538 3281 δυνάμεως
1571 3210 1778 3283 Κυρίου
1825 3213 1919 3266 καὶ

2025 3212 2137 3267 tur,
2178 3204 2370 3260 dicens
2403 3222 2416 3257 :
2457 3200 2568 3273 Ego
2600 3217 2719 3255 sum
2765 3199 2877 3253 dua:
2919 3198 3246 3253 exercituum
3300 3206 3352 3251 et
3399 3198 3609 3253 virtutis

332 3288 578 3362 μεγάλης
590 3290 1072 3366 βουλῆςἈγγελος.
1086 3299 1177 3371 Τῷ
1196 3301 1292 3372 μὲν
1307 3297 1401 3355 οὖν
1414 3303 1921 3373 διαῶχῳΜωῦσὲως

343 3379 518 3453 Ἰησοῦ
538 3423 553 3449 ,
588 3383 647 3437 ἐν
682 3386 922 3457 σχήματι
955 3389 1147 3461 ἀνδρὸς
1180 3393 1403 3462 φανεὶς,
1438 3395 1629 3449 ἑαυτὸν
1652 3396 1919 3467 ὡμολόγει

327 3473 476 3539 ὅστις
489 3468 558 3545 ἦν
578 3474 751 3545 λέγων
769 3493 781 3505 ·
817 3477 963 3548 Ἐγώ
983 3483 1102 3551 εἰμι
1115 3483 1593 3556 ἀρχιστράτηγος
1614 3486 1921 3559 δυνάμεως

326 3565 574 3635 Κυρίου.
608 3567 694 3621 Ἐν
718 3568 776 3622 δὲ
797 3568 874 3639 τῷ
900 3570 1099 3643 Ἡσαΐᾳ.
1122 3572 1407 3643 λέλεκται,
1424 3577 1506 3630 ὅτι
1526 3578 1772 3632 Παιδίον
1793 3581 1921 3649 ἐτε-

326 3657 485 3727 mon
517 3658 664 3729 ἡμῖν
686 3697 703 3725 ,
732 3660 864 3727 υἱὸς
888 3664 988 3719 καὶ
1017 3665 1195 3735 ἐδόθη
1228 3668 1393 3738 ἡμῖν.
1451 3666 1534 3726 οὗ
1563 3670 1602 3737 ἡ
1633 3671 1791 3742 ἀρχὴ
1816 3672 1917 3727 ἐπὶ

326 3750 438 3804 τοῦ
461 3749 623 3820 ὤμου
644 3754 853 3821 αὐτοῦ,
884 3756 982 3811 καὶ
1007 3758 1275 3815 καλεῖται
1304 3760 1374 3814 τὸ
1396 3761 1590 3831 ὄνομα
1620 3765 1806 3819 αὑτοῦ
1821 3784 1919 3837 μευ

325 3840 523 3910 νάλης
538 3842 1081 3917 βουλῆς-Ἄγγελος.
1107 3850 1267 3906 Κατὰ
1285 3852 1343 3905 δὲ
1357 3854 1482 3917 τοὺς
1506 3853 1724 3920 λοιποὺς
1747 3857 1918 3929 ἑρμη-

323 3933 551 3998 νευτάς·
584 3936 729 4004 Θεὸς
761 3937 1038 4008 δυνατὸς,
1061 3942 1498 4015 ἐξουσιαστὴς,
1532 3948 1733 4018 ἄρχων
1752 3952 1914 4023 εἰρή-

323 4042 441 4094 νης
469 4065 485 4091 ,
519 4026 717 4097 πατὴρ
754 4030 988 4100 αἰῶνος.
1057 4034 1230 4089 Τοῦτο
1258 4037 1436 4092 τοίνυν
1465 4038 1774 4097 διδάσκεται
1809 4044 1915 4098 ὑπὸ

323 4118 421 4171 τοῦ
453 4116 773 4189 Πνεύματος
806 4121 906 4176 τοῦ
942 4125 1283 4196 προφητικοῦ
1314 4128 1481 4201 εὐχὴν
1510 4131 1854 4205 ἀναπέμπειν
1884 4137 1914 4191 ὁ

325 4208 708 4279 καταλειφθεὶς
741 4212 948 4286 ἔρημος
976 4215 1104 4283 λαὸς
1126 4259 1141 4283 ,
1177 4221 1272 4274 καὶ
1297 4221 1448 4293 αὐτῷ
1477 4222 1685 4292 λέγειν·
1734 4228 1912 4296 Κύριε

322 4302 360 4355 ό
393 4300 539 4368 Θεὸς
564 4301 685 4356 τῶν
715 4303 1062 4376 δυνάμεων,
1115 4309 1227 4378 ἕως
1257 4312 1404 4367 πότε
1439 4312 1638 4385 ὀργίζῃ
1670 4316 1770 4371 ἐπὶ
1797 4317 1914 4387 τὴν

320 4393 682 4465 προσευχὴν
698 4397 805 4452 τοῦ
829 4398 1056 4456 δούλου
1080 4417 1231 4469 σου;
1269 4400 1487 4461 ’Δνθόὒ
1507 4407 1558 4460 οἱ
1582 4407 1759 4464 λοιποὶ
1783 4411 1910 4466 πάν-

322 4502 417 4551 τες
454 4487 790 4559 ἑρμηνευταὶ
810 4529 827 4555 ,
860 4493 967 4547 τοῦ
998 4494 1155 4550 λαοῦ
1202 4512 1351 4565 σου,
1380 4499 1754 4572 ἡρμήνευσαν.
1817 4504 1909 4557 Δι-

320 4576 613 4634 summ:
654 4580 713 4635 δὲ
743 4583 839 4637 καὶ
866 4583 1032 4656 ἄρτον
1061 4585 1314 4661 δακρύων
1354 4591 1557 4648 ἐσθίειν
1586 4595 1671 4665 ἐφ’
1710 4590 1790 4660 οἷς
1822 4614 1911 4650 τε-

322 4668 660 4742 τολμήκασιν
682 4688 695 4703 ·
741 4673 832 4739 ἶν’,
879 4676 1358 4751 ἀποκλαυσάμενοι
1407 4682 1478 4738 τά
1522 4685 1732 4741 ἑαυτῶν
1764 4687 1911 4743 κακὰ

323 4760 422 4814 καὶ
449 4760 839 4833 πενθήσαντες,
864 4765 1079 4839 τύχοιεν
1101 4773 1500 4845 παρακλήσεως
1526 4777 1668 4833 κατά
1695 4780 1787 4833 τὸν
1808 4781 1913 4853 φή-

325 4869 497 4943 σαντα
527 4860 905 4930 μακαρισμόψ
933 4863 1225 4932 Μακάριοι
1250 4870 1306 4922 οἱ
1337 4869 1672 4939 κλαίοντες,
1706 4872 1797 4927 ὅτι
1816 4889 1910 4943 τε·

321 4942 641 5000 λάσονται·
666 4950 951 5020 μακάριοι
972 4956 1028 5007 οι
1062 4957 1426 5027 πενθοῦντες
1444 5001 1459 5027 ,
1480 4961 1574 5019 ὅτι
1599 4942 1910 5032 παρακλη-

321 5033 632 5104 θήσονται.
654 5041 812 5097 xm
830 5042 888 5097 δὲ
907 5045 1001 5100 τὸν
1019 5046 1317 5120 Σύμμαχον
1334 5068 1348 5081 ·
1379 5052 1714 5124 Ἐψώμισας
1728 5056 1905 5127 ἡμᾶς,

321 5127 491 5219 φησιν
507 5169 525 5195 ,
563 5130 746 5200 ἄρτον
785 5134 1061 5206 δακρύων
1077 5178 1094 5205 ,
1143 5142 1244 5196 καὶ
1266 5143 1555 5213 ἐπότισας
1579 5148 1738 5219 ἡμᾶς
1758 5153 1910 5219 μετὰ

319 5216 597 5312 δακρύων
624 5224 839 5294 μέτρῳ.
908 5229 973 5283 El
1003 5230 1114 5304 γάρ
1141 5234 1237 5287 καὶ
1266 5234 1334 5289 τὰ
1367 5216 1907 5312 μάλισταὴ-κλαυθμοῦ

321 5309 417 5362 καὶ
436 5311 697 5403 -δακρύων
719 5317 861 5383 ἄξιοι
889 5322 1223 5396 γεγόναμεν,
1267 5326 1410 5384 ὥστε
1434 5329 1558 5383 ἀντὶ
1579 5330 1746 5402 ἄρτου
1780 5309 1907 5403 τρέ-

322 5401 520 5488 φεσθαι
566 5405 864 5479 κλαυθμοῖς
913 5414 1010 5468 καὶ
1060 5421 1388 5488 στεναγμοῖς
1409 5458 1426 5484 ,
1460 5420 1557 5481 καὶ
1590 5401 1902 5488 ποτιζεσθαι

321 5487 552 5585 δάκρυσι
586 5497 688 5585 καὶ
732 5499 913 5569 γόοις·
969 5504 1086 5558 ἀλλ’
1128 5487 1279 5563 αύτάί
1305 5509 1478 5564 ταῦτα
1511 5514 1903 5585 μεμετρημένα

324 5579 453 5650 ἡμῖν
480 5584 733 5654 γινέσθω,
766 5586 907 5645 ὥστε
942 5593 1019 5666 μὴ
1051 5596 1133 5660 εἰς
1164 5597 1391 5669 ἄπειρον
1423 5579 1554 5671 ἡμῖν
1587 5579 1904 5678 Ῑπαραταθῆ-

327 5688 411 5727 ναι
433 5692 448 5708 ο
476 5678 636 5753 λῆξαι
665 5683 722 5738 δέ
758 5685 908 5754 ποτε,
943 5689 1036 5743 καὶ
1064 5691 1389 5762 μεταϐαλεῖν
1420 5694 1514 5748 ἐπὶ
1536 5694 1598 5749 τὸ
1626 5696 1904 5765 φαιδρότε-

399 5830 443 5860 ⁶³
479 5831 595 5892 los.
630 5853 680 5907 ν,
716 5841 799 5896 14.
879 5845 922 5876 θ’
960 5843 1063 5903 lsa.
1104 5864 1157 5904 ix
1183 5889 1197 5915 ,
1233 5848 1284 5905 6.
1366 5852 1408 5883 εο
1443 5849 1637 5909 Matth.
1679 5872 1729 5921 ν,
1764 5856 1819 5911 5.

2023 3296 2242 3352 Domini
2269 3295 2335 3350 “.
2373 3294 2431 3349 in
2453 3293 2589 3350 Isaia
2614 3308 2743 3349 vero
2772 3290 2978 3347 dictum
3005 3300 3092 3346 est
3116 3309 3129 3344 :
3173 3289 3317 3344 Puer
3344 3301 3499 3344 natus
3530 3300 3611 3345 est

2023 3390 2196 3455 nobis,
2247 3399 2298 3444 et
2337 3388 2484 3458 [ilius
2533 3386 2693 3441 datus
2736 3395 2816 3440 est
2860 3384 3030 3440 nobis.
3064 3382 3233 3454 Cujus
3279 3384 3608 3454 principatus

2020 3500 2178 3555 super
2214 3482 2488 3536 humerum
2516 3480 2654 3550 ejus,
2679 3487 2731 3534 et
2757 3476 3030 3533 vocabitur
3057 3492 3243 3530 nomen
3271 3475 3385 3545 ejus
3428 3479 3609 3547 magni

2020 3576 2228 3633 consilii
2260 3574 2475 3645 angelus
2497 3575 2564 3628 "’.
2599 3570 2911 3629 Secundum
2939 3568 3183 3639 reliquos
3229 3568 3554 3640 interpretes
3589 3589 3603 3626 :

2018 3668 2163 3725 Deus
2211 3668 2392 3738 fortis,
2434 3676 2645 3736 potens,
2688 3665 2929 3734 princeps
2985 3663 3158 3732 pacis,
3209 3672 3361 3730 pater
3400 3664 3602 3719 swculi.

2019 3761 2136 3817 Hoc
2167 3760 2355 3831 itaque
2388 3758 2618 3815 docetur
2674 3772 2706 3811 a
2765 3755 2970 3827 Spiritu
3022 3754 3343 3827 prophetico
3372 3756 3606 3826 populus

2017 3854 2112 3923 qui
2169 3852 2470 3908 derelictus
2519 3859 2625 3915 est.
2655 3859 2715 3904 ut
2733 3850 2959 3922 emittat
2999 3849 3308 3903 orationem
3355 3862 3410 3903 et
3458 3849 3606 3905 dicat

2018 3943 2153 4015 ipsi:
2179 3943 2404 3997 Domine
2432 3942 2569 3997 Deus
2595 3944 2873 4008 uirtutum,
2891 3958 3162 4012 quousque
3184 3942 3433 4004 irasceris
3449 3959 3606 4012 super

2017 4036 2310 4090 orationem
2354 4036 2489 4089 servi
2528 4035 2645 4091 tui?
2687 4032 2796 4089 Pro
2819 4049 2929 4104 quo
2960 4034 3159 4104 reliqui
3202 4050 3395 4090 omnes
3430 4035 3602 4091 inter-

2016 4135 2220 4199 pretes,
2240 4129 2423 4198 populi
2453 4128 2552 4192 tui,
2590 4126 2931 4197 interpretati
2956 4135 3108 4182 sunt.
3132 4126 3410 4182 Docentur
3436 4144 3602 4199 porro

2014 4236 2210 4291 panem
2238 4221 2601 4292 lacrymarum
2632 4219 2921 4275 comedere
2955 4234 3056 4289 pro
3086 4217 3314 4274 ausibus
3350 4221 3500 4287 suis,
3540 4230 3601 4278 ut

2013 4313 2158 4368 mala
2191 4328 2293 4370 sua
2342 4311 2538 4369 ﬂentes
2572 4326 2637 4367 ac
2691 4312 2961 4382 lugentes,
2997 4311 3431 4367 consolationem
3454 4313 3597 4370 obti~

2012 4414 2199 4470 neant,
2232 4413 2291 4460 ut
2322 4406 2375 4460 in
2408 4404 2844 4460 beatitudinibus
2867 4404 3071 4458 dicitur
3101 4423 3115 4460 :
3152 4404 3307 4459 Beati
3326 4406 3418 4478 qui
3443 4406 3594 4475 ﬂent,

2010 4500 2263 4569 quoniam
2283 4496 2546 4552 ridebunt.
2587 4497 2740 4552 Beati
2762 4498 2854 4563 qui
2896 4498 3091 4569 lugent,
3119 4500 3370 4569 quoniam
3412 4516 3598 4555 conso-

1941 4571 1987 4631 θ
2014 4589 2265 4646 labuntur
2309 4591 2374 4647 ⁸⁸.
2437 4589 2751 4646 Secundum
2821 4590 3212 4663 Symmachum
3264 4600 3444 4648 autem
3478 4612 3491 4648 :
3528 4626 3592 4639 -

2010 4681 2180 4741 Vsus.
2235 4684 2289 4740 6.
2335 4683 2541 4740 Cibasti
2573 4701 2691 4750 nos,
2726 4683 2925 4755 inquit,
2957 4699 3093 4753 pane
3125 4684 3505 4755 lacrymarum,
3544 4696 3593 4740 et

2006 4778 2203 4846 potasti
2232 4793 2328 4832 nos
2355 4793 2474 4831 cum
2493 4776 2745 4848 lacrymis
2761 4792 3031 4832 mensura.
3054 4775 3170 4832 Etsi
3197 4791 3433 4849 namque
3463 4778 3592 4834 ﬂetu

2006 4877 2062 4924 et
2096 4870 2354 4941 lacrymis
2379 4870 2528 4943 digni
2560 4870 2738 4927 simus
2760 4911 2777 4937 ,
2812 4877 2872 4924 ut
2902 4870 3023 4924 loco
3050 4869 3235 4941 panis,
3276 4870 3496 4928 ﬂetibus
3529 4887 3595 4928 ac

2005 4961 2302 5032 gemitibus
2328 4962 2564 5029 alamur,
2599 4963 2864 5035 lacrymis
2889 4971 2944 5016 et
2977 4963 3466 5021 lamentationibus
3497 4980 3596 5036 po-

2011 5061 2233 5122 temur;
2264 5062 2322 5110 at
2344 5055 2459 5111 haec
2489 5056 2609 5127 ipsa
2637 5064 2953 5113 mensurate
2982 5055 3144 5110 nobis
3172 5056 3478 5124 tradantur,
3517 5058 3598 5112 ita

2011 5153 2072 5201 ut
2101 5162 2214 5203 non
2237 5151 2293 5203 in
2333 5148 2610 5205 inﬁnitum
2651 5147 2992 5220 procedant,
3027 5146 3125 5203 sed
3153 5148 3449 5220 aliquando
3469 5163 3591 5205 ces-

2006 5247 2153 5303 sent,
2185 5254 2250 5295 ac
2270 5242 2327 5297 in
2352 5241 2684 5312 jucundiora
2717 5245 3020 5295 mutentur.
3049 5238 3131 5294 Tu
3155 5240 3301 5294 enim
3329 5239 3519 5311 (Vens.
3538 5241 3598 5313 7)

2006 5333 2236 5400 posuisti
2282 5352 2377 5390 nos
2420 5336 2474 5389 in
2517 5333 2994 5389 contradictionem
3029 5333 3215 5388 vicinis
3262 5335 3479 5397 nostris,
3541 5344 3592 5389 et

2006 5425 2212 5481 inimici
2240 5428 2411 5483 nostri
2439 5427 2898 5483 subsannaverunt
2927 5443 3023 5481 nos
3052 5441 3072 5481 :
3098 5426 3196 5497 qui
3249 5441 3363 5482 non
3413 5426 3592 5483 simile

2009 5519 2288 5591 quidpiam
2317 5520 2447 5576 olim
2470 5521 2591 5575 ausi
2630 5531 2820 5575 contra
2858 5535 2960 5575 nos
2982 5526 3132 5586 sunt,
3156 5534 3281 5573 cum
3324 5526 3378 5575 te
3414 5525 3597 5589 patro-

2008 5626 2151 5666 num
2174 5612 2521 5669 haberemus.
2552 5612 2920 5678 Quamobrem
2966 5613 3156 5684 (Vens.
3186 5612 3242 5680 8)
3276 5625 3591 5682 precamur,

2008 5712 2066 5761 et
2104 5714 2158 5762 te
2196 5704 2364 5767 Deum
2419 5705 2682 5769 virtutum
2726 5707 3066 5773 invocamus,
3104 5706 3477 5777 supplicantes
3529 5709 3597 5762 ut
