4066 6404
459 395 570 454 959
1137 395 1409 451 EUSEBII
1449 393 1929 452 CASSARIENSIS
1969 395 2121 452 OPP.
2163 395 2345 452 PARS
2384 395 2472 450 lll.
2504 427 2569 437 —
2600 393 3011 451 EXEGETICA.
3617 396 3729 454 960

463 529 563 569 nos
591 518 897 568 convertas.
954 510 1110 578 Quod
1161 528 1296 567 sane
1347 513 1561 568 eveniet
1608 513 1655 568 si
1713 513 2045 583 conspicuus

2150 532 2257 586 ρον.
2297 515 2370 567 Σὺ
2399 513 2508 586 γὰρ
2539 515 2680 568 ἔθου
2713 512 2868 582 ἡμᾶς
2893 515 2980 578 εἰς
3007 511 3354 581 ἀντιλογίαν
3385 509 3510 576 τοῖς
3542 509 3732 580 γειτο-

463 606 562 661 [ias
591 613 644 660 ct
666 605 876 658 vultum
903 613 1056 658 tuum
1086 604 1348 661 ostendas
1371 605 1553 660 nobis.
1577 603 1712 659 Nam
1743 606 1792 659 si
1823 605 1874 659 id
1903 620 2037 659 con-

2150 622 2252 662 σιν
2275 605 2463 676 ἡμῶν,
2498 607 2596 659 καὶ
2621 609 2675 659 ol
2702 605 2901 675 ἐχθροὶ
2928 604 3095 674 ἡμῶν
3117 601 3528 673 ἐμυκτήρισαν
3549 603 3730 673 ἡμᾶς,

459 697 714 760 cedatur,
752 697 890 751 salvi
936 697 1165 760 erimus,
1218 713 1283 752 ac
1335 713 1436 754 nos
1491 713 1711 768 quoque
1745 697 2039 754 dicemus:

2151 699 2316 770 μηδὲν
2359 698 2564 753 τούτων
2601 699 2768 752 πάλαι
2798 698 2919 752 καθ’
2959 697 3113 768 ἡμῶν
3151 696 3458 768 τολμῶντες
3477 737 3491 762 ,
3526 697 3616 750 ὅτε
3667 714 3731 750 σε

462 790 743 860 Signatum
800 804 880 844 est
933 807 1090 859 super
1123 807 1219 846 uos
1269 791 1445 844 lumen
1498 790 1673 846 vultus
1723 791 1824 856 tui,
1854 789 2043 846 Domi-

2150 791 2459 862 προστάτην
2484 792 2726 863 εἴχομεν.
2755 791 2845 845 Διὸ
2863 791 3114 861 δεόμεθα,
3135 791 3230 844 καὶ
3252 789 3344 843 τὸν
3365 790 3499 844 Θεὸν
3521 790 3632 842 τῶν
3648 788 3722 842 δυ-

459 899 524 937 ne
560 885 625 936 “.
2152 882 2370 954 νάμεων
2382 883 2653 936 ἀνακαλού
2663 882 2822 953 μεθα,
2837 882 3164 955 ἐπιπρέψαι
3176 882 3325 953 ἡμᾶς
3350 879 3734 935 καθικετεύον-

458 991 570 1037 τες.
607 975 776 1028 Τοῦτο
793 974 850 1028 δὲ
873 974 1024 1029 ἔσται
1049 975 1096 1027 εἰ
1119 975 1388 1047 ἐπιφανὴς
1412 975 1609 1045 γένοιο,
1640 977 1817 1031 καὶτὸ
1878 974 2073 1031 σαυτοῦ
2113 975 2403 1046 πρόσωπον
2437 973 2758 1039 ὲπιδείξειας
2797 977 2948 1046 ἡμῖν.
3010 973 3212 1028 Τούτου
3271 972 3381 1043 γὰρ
3413 971 3732 1042 γενομένου,

460 1066 818 1137 σωθησόμεθα
843 1066 1084 1133 λέξοντες
1107 1066 1173 1121 ἄν
1203 1068 1298 1120 καί
1325 1069 1485 1139 ἡμεῖς
1503 1085 1519 1102 ο
1561 1068 1918 1140 Ἐσημειώθη
1949 1068 2042 1138 ἐφ’
2081 1067 2241 1138 ἡμᾶς
2272 1067 2339 1121 τὸ
2371 1066 2499 1137 φῶς
2526 1067 2634 1122 τοῦ
2665 1067 2989 1136 προσώπου
3021 1081 3160 1130 σου,
3188 1066 3387 1134 Κύριε.

531 1175 696 1232 Vens.
728 1179 782 1234 9.
822 1177 1037 1233 Vineam
1070 1178 1134 1233 de
1155 1178 1390 1251 Egypto
1440 1183 1765 1238 transtulisti
1793 1199 1811 1238 :
1844 1184 2046 1254 ejecisti

2217 1184 2524 1253 Ἀμπελον
2537 1185 2607 1250 ἐξ
2627 1185 2927 1254 Αἰγύπτου
2941 1183 3204 1254 μεγήρας
3222 1201 3234 1213 ’
3257 1182 3542 1248 ἐξέϐαλες
3562 1181 3732 1249 ἔθνη,

459 1279 636 1341 gentes
671 1278 722 1324 et
757 1271 1019 1340 plantasti
1046 1288 1186 1326 eam.
1231 1273 1355 1326 Dux
1399 1275 1604 1330 itineris
1645 1275 1796 1344 fuisti
1829 1277 1884 1329 in
1921 1291 2046 1330 con-

2150 1275 2242 1327 καὶ
2259 1277 2710 1345 κατεφύτευσας
2729 1274 2943 1344 αὐτήν.
2974 1274 3374 1342 Ὥδοποίησας
3392 1271 3736 1341 ἔμπροσθεν

459 1372 638 1431 spectu
663 1361 798 1431 ejus,
829 1372 875 1416 et
907 1363 1166 1431 plantasti
1197 1364 1402 1420 radices
1433 1366 1572 1435 ejus,
1597 1375 1646 1421 et
1682 1366 1913 1435 implevit
1947 1377 2045 1420 ter:

2150 1364 2453 1434 αὐτῆς,καί
2470 1369 2921 1438 κατεφύτευσας
2937 1368 3046 1429 τὰς
3051 1366 3219 1436 ῥίζας
3234 1363 3545 1432 aenigma!
3555 1361 3735 1428 ἐπλή-

460 1471 598 1510 ram.
618 1454 1085 1527 Supplicationem
1114 1458 1337 1514 ordiens
1363 1458 1655 1530 Propheta,
1679 1474 1802 1514 cum
1833 1458 1925 1529 qui
1950 1474 2042 1528 pa-

2150 1470 2295 1510 οωσε
2316 1456 2430 1526 τὴν
2445 1458 2581 1528 γῆν.
2601 1459 2926 1531 Ἀρχόμενος
2945 1458 3042 1530 τῆς
3067 1457 3348 1528 ἱκετηρίας
3367 1457 3396 1508 ό
3415 1453 3734 1524 Προφήτης.

460 1551 565 1606 scit
594 1550 762 1604 Israel
787 1550 1073 1608 evocabat.
1107 1549 1237 1606 Erat
1267 1560 1451 1607 autem
1482 1552 1647 1609 Israel
1678 1569 1708 1607 a
1740 1561 2040 1606 memorata

2150 1548 2229 1601 τὸν
2247 1551 2599 1620 ποιμαίνοντα
2613 1552 2702 1605 τὸν
2715 1552 2789 1605 Ἰσ
2797 1551 2932 1624 ραὴ).
2945 1545 3392 1604 ἀνεκαλεῖτοΪΗν
3407 1547 3464 1600 δὲ
3474 1548 3502 1598 ὁ
3513 1543 3734 1616 Ἰσραὴλ

459 1642 550 1696 hic
575 1643 732 1698 vinea
766 1641 1041 1699 diversus.
1073 1643 1210 1699 Nam
1252 1645 1344 1701 ille
1371 1647 1590 1716 quidem
1625 1660 1842 1716 semper
1869 1661 1901 1699 a
1935 1644 2039 1699 Do—

2150 1641 2332 1714 ἒτερος
2360 1643 2455 1714 τῆς
2488 1643 2723 1698 ἐνταῦθα
2761 1645 3060 1716 λεγομένης
3097 1643 3362 1715 ἀμπέλου.
3415 1641 3474 1694 '0
3500 1642 3598 1711 μὲν
3625 1641 3734 1711 γὰρ

459 1736 612 1790 mino
642 1735 923 1806 pascitur;
960 1737 1074 1792 haec
1103 1749 1285 1794 autem
1319 1740 1477 1794 vinea
1508 1740 1561 1793 in
1602 1738 1840 1809 pejorem
1869 1738 2040 1792 multo

2150 1733 2233 1786 ἀεὶ
2255 1734 2596 1803 ποιμαίνεται
2615 1735 2719 1789 ὑπὸ
2733 1735 2826 1790 τοῦ
2844 1737 3048 1808 Κυρίου
3069 1753 3084 1769 ο
3103 1739 3136 1809 ἡ
3155 1735 3212 1789 δὲ
3229 1734 3477 1808 παροῦσα
3492 1733 3737 1805 ἄμπελος

459 1828 831 1883 conditionem
897 1828 1219 1886 declinavit.
1299 1829 1406 1886 Per
1469 1831 1795 1900 religiosum
1858 1838 2040 1885 autem

2150 1828 2343 1900 πολλὴν
2367 1829 2626 1900 ὑπέμεινε
2649 1829 2748 1901 τὴν
2779 1831 2872 1884 ἐπὶ
2895 1830 2964 1884 τὰ
2985 1831 3150 1902 χείρω
3174 1831 3367 1902 ῥοπήν.
3400 1831 3652 1882 Δυσωπεί
3679 1828 3738 1882 δὲ

459 1922 672 1988 virum,
728 1921 881 1976 illum
935 1938 1132 1993 nempe
1189 1923 1320 1979 olim
1373 1921 1632 1979 lsraelem
1663 1964 1678 1988 ,
1739 1921 1848 1978 Deo
1913 1938 2042 1993 sup-

458 2015 625 2082 plicat
661 2020 718 2068 ut
753 2015 992 2085 posteris
1027 2015 1146 2074 suis
1186 2016 1330 2071 male
1375 2015 1663 2087 agentibus
1716 2016 2040 2086 prospiciat.

457 2103 649 2160 Fuerit
683 2120 814 2161 vero
853 2104 1044 2171 Israel,
1072 2108 1362 2179 perspicax
1404 2108 1585 2162 omnis
1622 2108 1826 2170 anima,
1857 2125 1980 2179 qua:
2016 2121 2045 2159 a

457 2195 602 2252 bono
645 2207 866 2269 pastore
910 2215 1128 2270 semper
1179 2200 1446 2272 pascitur.
1501 2200 1672 2255 Vinea
1727 2208 1906 2254 autem
1951 2197 2044 2254 Dei

461 2290 701 2353 dicatur,
754 2306 876 2361 quae
915 2291 1212 2364 imaginem
1237 2303 1422 2350 servat
1447 2295 1569 2364 ejus
1593 2295 1685 2365 qui
1717 2296 1774 2349 in
1805 2293 2048 2362 Evange-

462 2383 536 2436 lio
574 2380 759 2436 dixit:
807 2381 916 2453 Ego
968 2400 1087 2438 sum
1137 2384 1260 2438 uitis
1317 2386 1543 2452 uera";
1601 2387 1758 2439 vinea
1810 2399 1938 2438 vero
1979 2401 2045 2440 ex

459 2468 695 2542 [Egypto
726 2474 1016 2539 translata,
1043 2480 1129 2529 est
1161 2475 1344 2530 anima
1377 2476 1793 2531 subversionem
1828 2491 1989 2545 passa
2027 2495 2039 2530 :

459 2568 638 2636 qualis
692 2567 793 2623 fuit
842 2567 1110 2626 Judaicus
1160 2571 1398 2642 populus
1449 2572 1543 2642 qui
1595 2571 1728 2625 olim
1777 2570 2044 2626 diuturno

457 2664 704 2728 tempore
738 2659 880 2714 idola
913 2658 970 2713 in
1006 2657 1244 2732 Egypto
1277 2661 1473 2724 coluit.
1507 2676 1574 2716 ac
1623 2676 1749 2716 cum
1796 2661 2045 2716 modicos

460 2747 674 2804 fructus
706 2750 1051 2820 protulisset,
1082 2759 1143 2804 ut
1165 2750 1234 2806 de
1259 2751 1367 2806 illis
1394 2751 1723 2806 testiﬁcatur
1751 2750 1967 2824 Moyses
1990 2753 2045 2808 in

459 2854 659 2910 magno
690 2840 908 2895 cantico
941 2840 1057 2895 haec
1091 2841 1342 2898 scribens
1373 2861 1387 2896 :
1419 2839 1562 2894 Nam
1593 2858 1658 2895 ex
1689 2843 1838 2896 vinea
1872 2841 2046 2897 Sodo-

463 2947 670 2984 morum
698 2932 849 2986 vinea
875 2949 1079 2996 eorum,
1112 2943 1162 2987 et
1192 2934 1393 3003 palmes
1421 2950 1601 2987 eorum
1630 2951 1696 2988 ex
1727 2933 2042 2992 Gomorrha.

467 3018 581 3075 Usa
607 3037 786 3076 eorum
818 3039 919 3078 uva
966 3023 1131 3092 fellis,
1179 3024 1362 3079 botrus
1413 3025 1790 3079 amaritudinis
1837 3043 2042 3081 eorum.

466 3111 645 3168 Furor
673 3115 969 3171 draconum
996 3119 1173 3174 vinum
1206 3135 1408 3182 eorum,
1437 3128 1487 3173 et
1519 3118 1672 3188 furor
1693 3121 1937 3190 aspidum
1964 3122 2048 3174 in-

464 3205 726 3260 sanabilis
748 3206 828 3274 ";
861 3210 1076 3264 etiamsi
1105 3210 1422 3280 bujusmodi
1446 3221 1652 3275 essent,
1680 3212 1814 3281 ipsis
1839 3211 2049 3282 prospi-

464 3297 617 3354 ciens
662 3297 806 3355 Deus
849 3302 1274 3373 transplantavit
1316 3319 1435 3368 eos,
1484 3305 1701 3360 radices
1746 3320 1935 3359 eorum
1979 3321 2047 3359 ex
2075 3275 2118 3332 θ

465 3387 791 3461 Egyptiaco
821 3400 944 3448 satu
975 3394 1248 3458 evellens,
1287 3395 1341 3449 in
1375 3396 1648 3465 aliamque
1692 3403 1896 3451 terram
1931 3396 2050 3466 pin-

464 3499 733 3554 guemque
786 3485 963 3541 locum
1024 3486 1393 3550 transferens,
1445 3495 1504 3542 ut
1548 3489 1709 3543 docet
1752 3488 1924 3544 lsaias
1963 3488 2050 3543 bis

464 3576 648 3632 verbis
682 3597 694 3631 :
739 3577 904 3632 Vinea
935 3579 1081 3648 facta
1111 3589 1188 3632 est
1225 3579 1416 3634 dilecto
1439 3581 1495 3633 in
1527 3580 1773 3634 cornuin
1800 3580 1912 3635 loco
1932 3582 2051 3650 pin-

463 3672 574 3740 gui.
621 3669 689 3724 Et
737 3687 907 3738 sepem
951 3672 1336 3740 circumposui,
1377 3681 1426 3726 et
1464 3672 1680 3740 vallavi,
1723 3680 1772 3727 et
1811 3673 2051 3741 plantari

466 3764 672 3816 vineam
719 3764 934 3819 Sorech.
987 3763 1056 3818 Et
1088 3765 1348 3833 a'diﬁcavi
1391 3767 1580 3819 turrim
1623 3767 1678 3820 in
1714 3765 1886 3820 medio
1911 3766 2048 3835 ejus,

465 3863 515 3909 et
553 3856 888 3924 protorcular
920 3856 1034 3926 fodi
1063 3858 1116 3911 in
1142 3874 1204 3911 ea
1222 3859 1287 3911 7’.
1313 3857 1376 3912 Et
1401 3875 1533 3914 sane
1563 3875 1687 3914 cum
1719 3861 1772 3914 in
1797 3860 2050 3931 pinguio-

465 3963 580 4002 rem
622 3960 676 4004 et
710 3951 881 4005 multo
914 3950 1192 4005 meliorem
1241 3950 1478 4022 Aﬂgyplo
1524 3953 1800 4023 regionem
1854 3953 2050 4022 przedi-

464 4045 609 4093 ctam
652 4040 868 4098 vineam
919 4043 1323 4108 transtulisset,
1361 4059 1481 4101 eam
1516 4045 1590 4098 ibi
1624 4045 1912 4115 plantavit.
1946 4044 2049 4098 De-

466 4128 614 4193 inde,
641 4139 830 4202 utpote
878 4134 1120 4203 optimus
1151 4134 1416 4202 agritcis,
1461 4146 1585 4205 post
1627 4136 1859 4206 primam
1903 4137 2048 4189 illam

466 4222 908 4289 translationem,
949 4224 1058 4280 dux
1092 4225 1304 4282 itineris
1336 4225 1438 4280 fuit
1469 4244 1523 4280 In
1563 4236 1862 4298 conspectu
1903 4228 2046 4297 ejus,

467 4310 759 4371 fruticibus
802 4317 1024 4382 amotis,
1061 4318 1319 4388 omnique
1359 4319 1535 4373 aliena
1573 4321 1800 4376 materia
1840 4321 2047 4382 excisa,

465 4413 528 4458 ut
557 4405 660 4476 ipsi
698 4407 884 4465 nullus
927 4409 1065 4464 obex
1093 4411 1159 4464 ad
1192 4410 1470 4466 fructuum
1503 4414 1854 4468 emissionem
1887 4413 2049 4468 ades-

465 4507 568 4554 set.
615 4499 722 4555 Pro
753 4501 844 4555 illo
871 4510 1072 4566 autem,
1106 4502 1226 4556 Dux
1258 4505 1462 4559 itineris
1496 4505 1649 4574 fuisti
1687 4507 1742 4559 in
1773 4515 2050 4572 conspectu

2148 1921 2236 1975 διὰ
2258 1921 2353 1976 τοῦ
2378 1922 2660 1994 θεοφιλοῦς
2677 1924 2870 1996 ἀνδρὸς
2895 1924 2989 1978 τοῦ
3033 1923 3201 1977 πάλαι
3241 1922 3460 1996 Ἰσραὴλ
3487 1923 3578 1976 τὸν
3599 1921 3738 1976 Θεὸν

2148 2018 2228 2079 εἰς
2259 2015 2319 2070 τὸ
2351 2016 2641 2087 ἐπιϐλέψαι
2671 2017 2856 2080 κακῶς
2889 2017 3190 2088 πράττουσι
3219 2017 3330 2080 τοῖς
3365 2015 3574 2068 ἐκείνου
3599 2015 3736 2068 ἀπο-

2147 2110 2342 2179 γόνοις.
2379 2109 2476 2180 Εἴη
2509 2111 2555 2164 δ’
2583 2109 2649 2164 ἂν
2689 2109 2904 2181 Ἰσραὴλ
2950 2111 3044 2164 καὶ
3073 2111 3222 2163 πᾶσα
3262 2107 3544 2180 διορατικὴ
3587 2107 3740 2178 ψυχὴ

2148 2200 2254 2253 ὑπὸ
2297 2199 2389 2253 τοῦ
2434 2199 2598 2253 καλοῦ
2637 2199 2894 2271 ποιμένος
2935 2198 3023 2252 διὰ
3064 2198 3265 2263 παντὸς
3312 2196 3733 2268 ποιμαινομένη.

2149 2291 2376 2362 Λεχθείη
2408 2291 2453 2343 δ’
2493 2291 2560 2344 ἂν
2593 2292 2686 2345 καὶ
2719 2290 2962 2361 ἄμπελος
3004 2289 3140 2343 Θεοῦ
3186 2291 3219 2361 ή
3271 2290 3368 2360 τὴν
3408 2289 3590 2342 εἰκόνα
3631 2287 3737 2340 σώο

2149 2381 2315 2445 ζουσα
2358 2381 2452 2434 τοῦ
2483 2385 2754 2453 φήσαντος
2797 2384 2855 2436 ὲν
2901 2382 3290 2452 Εύαγγελίοις·
3343 2381 3485 2451 Ἐγώ
3527 2383 3642 2449 εἰμι
3693 2381 3736 2448 ἡ

2148 2469 2417 2538 ἄμπελος
2451 2472 2488 2538 ἡ
2538 2473 2814 2542 ἀληθινὴ.
2861 2474 2928 2526 Ἢ
2960 2473 3004 2526 δ’
3033 2472 3093 2538 ἐξ
3126 2472 3402 2542 Αἰγύπτου
3451 2487 3739 2543 μετενηνε-

2149 2561 2325 2634 γμένη
2379 2564 2622 2634 ἄμπελος
2689 2568 2722 2638 ἡ
2779 2565 3027 2620 παθοῦσα
3082 2567 3417 2640 διαστροφὴν
3478 2566 3739 2636 τυγχάνει

2147 2656 2293 2729 ψυχή
2325 2673 2338 2686 °
2380 2659 2562 2721 ὁποῖος
2601 2658 2823 2728 γέγονεν
2877 2661 2906 2714 ὁ
2963 2661 3234 2714 Ἰουδαίων
3285 2660 3412 2726 λαὸς
3457 2658 3733 2713 εἰδωλολα-

2148 2750 2360 2820 τρήσας
2411 2753 2470 2804 ὲν
2515 2751 2775 2822 Αἰγύπτῳ
2827 2755 3056 2825 μακροῖς
3105 2751 3340 2826 χρόνοις,
3391 2752 3623 2825 μικρούς
3673 2768 3735 2806 τε

2149 2843 2617 2914 προενεγκάμενος
2663 2845 2908 2916 καρποὺς
2948 2843 3024 2908 ὡς
3073 2848 3344 2917 μαρτυρεί
3390 2845 3633 2916 Μωῦσῆς
3679 2845 3740 2899 Et“

2153 2935 2361 3008 μεγάλῃ
2387 2937 2495 3008 ᾠδῇ
2513 2937 2738 3008 γράφων
2763 2937 2934 2992 ταῦτα
2955 2937 3084 3008 περί¹
3105 2937 3283 2991 αὐτῶν
3303 2955 3316 2969 ·
3358 2937 3462 2992 Ἐκ
3489 2939 3598 3007 γὰρ
3625 2939 3739 3008 ἀμ-

2152 3029 2342 3083 πέλου
2375 3029 2652 3098 Σοδόμων
2680 3030 2717 3096 ἡ
2749 3030 3016 3100 ἄμπελος
3042 3030 3262 3096 αὐτῶν,
3293 3031 3395 3085 καὶ
3439 3033 3477 3100 ή
3505 3035 3739 3101 κλημα-

2153 3121 2244 3186 τίς
2275 3121 2474 3176 αὐτῶν
2497 3122 2566 3175 ἐκ
2596 3123 2922 3192 Γομόῤῥας.
2970 3123 3032 3178 Ἡ
3057 3123 3346 3192 σταφυλὴ
3377 3123 3576 3177 αὐτῶν
3598 3138 3741 3177 στα-

2154 3211 2320 3280 φυλὴ
2356 3212 2566 3282 χολῆς,
2597 3213 2823 3280 βότρυς
2855 3214 3100 3282 πικρίας
3136 3211 3357 3269 αὐτῶν.
3385 3213 3583 3282 Θυμὸς
3602 3212 3742 3280 δρα-

2153 3304 2384 3357 κόντων
2417 3307 2449 3357 d
2481 3300 2642 3370 οἶνος
2673 3303 2891 3368 αὐτῶν,
2927 3304 3024 3358 καί
3053 3305 3240 3373 θυμὸς
3261 3304 3536 3359 ἀσπίδων
3565 3305 3737 3358 ἁνία-

2151 3412 2254 3462 τος
2276 3411 2290 3425 ⁸
2328 3395 2461 3448 ἀλλὰ
2487 3395 2594 3466 γὰρ
2625 3396 2718 3448 καὶ
2746 3393 2920 3459 οὕτως
2949 3395 3172 3466 ἔχοντας
3203 3396 3399 3459 αὐτοὺς
3427 3394 3732 3464 ἐπισκεψά-

2156 3505 2315 3559 μενος
2369 3490 2397 3542 ό
2452 3488 2584 3550 Θεὸς
2642 3487 3058 3558 μετεφύτευσεν,
3111 3486 3415 3560 ὲκριζὼσας
3471 3487 3568 3557 μὲν
3630 3487 3732 3558 τῆς

2154 3579 2528 3650 Αἰγυπτιακῆς
2575 3579 2882 3649 συμφυΐας,
2925 3579 3339 3650 μεταφυτεύσας
3376 3578 3433 3631 δὲ
3471 3580 3528 3632 ὲν
3571 3578 3734 3650 ἑτέρᾳ

2151 3668 2307 3739 χώρᾳ
2341 3668 2434 3721 καὶ
2470 3667 2621 3738 τόπῳ
2655 3666 2821 3731 πίονι,
2851 3667 2928 3732 ὡς
2972 3666 3212 3721 διδάσκει
3255 3666 3431 3737 λέγων
3473 3665 3697 3729 Ἡσαΐας
3716 3679 3731 3695 ⁸

2165 3760 2462 3830 Ἆμπελὼν
2494 3759 2746 3831 ἐγενήθη
2783 3759 2864 3826 τῷ
2895 3758 3260 3830 ἠγαπημένῳ
3307 3760 3378 3814 ἐν
3421 3758 3618 3827 κέρατι
3666 3757 3738 3811 ἐν·

2150 3857 2311 3916 τόπῳ
2348 3855 2531 3908 πίονι.
2567 3853 2676 3906 Καὶ
2709 3851 2982 3922 φραγμὸν
3010 3852 3355 3920 περιέθηκα,
3393 3850 3494 3906 καὶ
3523 3847 3742 3920 ἐχαρά-

2151 3962 2338 4011 κωσα,
2374 3947 2471 4000 καὶ
2509 3947 2815 4016 ἐφύτευσα
2842 3944 3115 4014 ἄμπελον
3160 3943 3390 4012 Σωρήχ.
3433 3943 3543 3997 Καὶ
3588 3943 3738 4008 ᾠκο-

2150 4037 2388 4106 δόμησα
2433 4039 2663 4108 πύργον
2699 4037 2770 4089 ἐν
2805 4037 2974 4107 μέσῳ
3005 4035 3214 4102 αὐτοῦ,
3259 4036 3358 4089 καὶ
3409 4033 3742 4103 προλήνιον

2149 4129 2350 4197 ὠρυξα
2395 4129 2465 4183 ἐν
2503 4128 2684 4194 αὐτῷ.
2715 4129 2825 4182 Καὶ
2867 4128 2932 4200 δὴ
2979 4129 3036 4182 ὲν
3069 4129 3222 4199 τόπῳ
3276 4126 3422 4180 πίονι
3475 4126 3569 4180 καὶ
3603 4123 3740 4177 πολὺ

2151 4222 2419 4292 κρείττονι
2441 4223 2540 4294 τῆς
2586 4220 2864 4290 Αἰγύπτου
2899 4219 3080 4293 χώρας
3113 4219 3442 4292 μεταγαγὼν
3470 4219 3569 4290 τὴν
3607 4234 3742 4289 προ-

2150 4314 2431 4384 λεχθεῖσαν
2463 4314 2705 4385 ἄμπελον
2735 4313 3156 4382 κατεφύτευσεν.
3189 4309 3325 4378 Εἴθ’,
3363 4306 3452 4365 οἷα
3491 4310 3742 4383 γεωργὸς

2151 4407 2392 4478 ἄριστος,
2427 4407 2565 4478 μετὰ
2593 4407 2690 4479 τὴν
2709 4405 2931 4480 πρώτην
2963 4407 3417 4478 μεταμόσχευσιν,
3435 4405 3740 4474 ὡδοποίησε

2152 4499 2462 4570 ἔμπροσθεν
2508 4500 2699 4569 αὐτῆς,
2741 4500 2850 4552 πᾶν
2893 4499 2954 4552 τὸ
2999 4499 3287 4570 βλαστικδν
3328 4496 3738 4558 ἀποσκευάσας,

462 4591 600 4660 ejus,
634 4593 1020 4664 Symmachus,
1050 4598 1308 4651 Amovisti
1337 4599 1391 4651 in
1415 4607 1693 4666 conspectu
1710 4597 1847 4666 ejus.
1873 4597 2046 4650 inter-

2153 4593 2245 4646 καὶ
2271 4594 2450 4647 πᾶσαν
2480 4592 2762 4665 ἀλλοτρίαν
2785 4591 2917 4662 ὓλην
2935 4591 3204 4663 ἐκτεμὼν,
3231 4591 3308 4655 ὠς
3339 4590 3412 4662 μή
3436 4607 3487 4642 τι
3510 4587 3744 4659 κώλυμα

464 4691 712 4753 pretatus
744 4693 849 4742 est.
897 4686 1102 4743 Deinde
1136 4688 1440 4759 subjungit,
1477 4689 1721 4743 radicare
1751 4689 1923 4758 fecisti
1955 4706 2046 4742 ra-

464 4776 604 4832 dices
625 4778 763 4843 eius.
804 4779 942 4833 Cum
969 4787 1123 4835 tanta
1157 4779 1252 4835 Dei
1278 4779 1440 4836 Verbi
1473 4795 1606 4834 cura
1641 4789 1940 4834 memorata
1962 4779 2047 4833 vi-

467 4883 570 4921 nea
618 4869 838 4939 dignata
889 4869 1076 4936 fuerit,
1125 4871 1252 4941 jure
1302 4872 1546 4942 implevit
1590 4881 1813 4934 terram,
1862 4871 1936 4924 ita
1987 4880 2043 4925 ut

465 4967 680 5016 montes
713 4961 930 5032 quidem
979 4963 1342 5027 inumbraret,
1386 4964 1582 5018 cedros
1625 4978 1754 5017 vero
1804 4965 2046 5018 arbustis

462 5053 582 5108 suis
610 5055 848 5124 operiret
879 5053 1067 5127 (Vens.
1105 5056 1213 5128 ll),
1238 5056 1490 5126 palmites
1521 5056 1840 5111 extenderet
1871 5072 2046 5126 usque

461 5147 530 5200 ad
555 5162 724 5212 mare,
747 5155 803 5202 et
824 5164 997 5220 usque
1017 5148 1084 5203 ad
1108 5149 1333 5204 ﬂumina
1357 5149 1689 5220 propagines
1713 5147 1903 5217 (Vens.
1933 5148 2040 5207 12).

463 5238 599 5305 ll.ec_
628 5241 812 5296 omnia
853 5242 956 5312 ipsi
1005 5250 1328 5297 evenerunt.
1381 5242 1444 5296 Et
1487 5243 1617 5312 quia
1650 5250 1731 5296 tot
1767 5243 2046 5313 tantisque

463 5331 663 5386 donata
697 5339 812 5396 est,
843 5332 969 5404 jure
999 5350 1184 5389 sermo
1214 5333 1473 5404 precandi
1505 5334 1614 5388 ritu
1647 5333 1794 5387 hunc
1826 5332 2044 5403 agrico-

464 5421 570 5475 lam
603 5438 943 5489 memorans,
979 5425 1067 5481 his
1095 5441 1218 5481 eum
1252 5437 1412 5497 rogat
1439 5433 1494 5480 et
1536 5425 1827 5495 compellat
1859 5443 1870 5478 :
1909 5424 2045 5490 Quia

461 5519 616 5569 tanta
651 5518 994 5585 providentia
1025 5527 1080 5574 et
1100 5535 1234 5574 cura
1260 5520 1575 5589 praedictam
1608 5518 1826 5573 vineam
1855 5516 2047 5588 digna-

464 5610 554 5658 tus
583 5622 665 5668 es,
695 5624 796 5678 pro
820 5610 1167 5667 humanitate
1196 5620 1250 5666 ct
1279 5613 1454 5683 gratia
1496 5620 1588 5666 tua
1630 5612 1745 5666 haec
1772 5611 1955 5666 omnia
1989 5611 2044 5665 in

466 5693 564 5751 illa
590 5708 881 5769 operatus;
917 5700 1043 5771 quis
1075 5718 1182 5756 non
1217 5701 1272 5755 in
1318 5702 1714 5760 lmsitationcm
1741 5708 1798 5756 et
1818 5700 2043 5756 dubium

2151 4684 2402 4755 ἐμποδὼν
2434 4686 2573 4756 αὐτῇ
2598 4683 2808 4752 γένοιτο
2836 4683 2972 4755 πρὸς
2995 4683 3091 4756 τὴν
3116 4681 3226 4737 τῶν
3249 4683 3480 4755 καρπῶν
3506 4682 3738 4751 ὲκφυήν.

2165 4779 2310 4831 Ἀντὶ
2349 4777 2406 4830 δὲ
2451 4775 2546 4830 τοῦ
2564 4794 2577 4808 -
2623 4775 3019 4844 Ὠδοποιησας
3061 4776 3405 4846 ἔμπροσθεν
3447 4773 3643 4842 αὐτῆς
3661 4816 3675 4838 ,
3707 4773 3740 4826 ό

2152 4868 2480 4939 Σύμμαχος·
2521 4869 2966 4933 Ἀπεσκεύασας
3010 4867 3353 4936 ἔμπροσθεν
3394 4864 3610 4933 αὐτῆς.
3635 4865 3739 4935 ἡρ-

2151 4963 2439 5032 μήνευσεν.
2476 4956 2590 5014 Εἶτ’
2613 4960 2883 5031 ἐπήγαγε,
2932 4959 3032 5012 καὶ
3067 4957 3491 5027 ἐριζοϐόλησας
3519 4955 3626 5022 τὰς
3644 4958 3740 5024 ῥί-

2147 5052 2244 5119 ζας
2280 5051 2491 5121 αὐτῆς.
2523 5053 2789 5124 Τοιαύτης
2821 5053 2866 5106 δ’
2908 5051 3227 5122 ἐπιμελείας
3277 5051 3429 5122 παρὰ
3470 5049 3566 5102 τοῦ
3599 5048 3738 5102 Θεοῦ

2146 5147 2321 5216 Λόγου
2348 5146 2586 5218 τυχοῦσα
2617 5148 2651 5218 ἡ
2683 5145 2983 5217 δηλωθεῖσα
3011 5145 3274 5217 ἄμπελος,
3310 5144 3540 5207 εἰκότως
3568 5142 3738 5212 ἐπλή-

2149 5257 2290 5312 ρωσε
2321 5240 2421 5312 τὴν
2453 5240 2579 5310 γῆν,
2621 5240 2698 5304 ὼς
2729 5239 2831 5311 ὅρη
2883 5238 2980 5310 μὲν
3032 5236 3371 5297 ὲπισκιάσαι,
3422 5235 3646 5305 κέδρους
3678 5232 3734 5284 δὲ

2147 5332 2385 5403 καλύψαι
2422 5335 2542 5398 ταῖς
2587 5332 2758 5402 αὐτῆς
2809 5330 3219 5402 ἀναδενδράσιν.
3274 5329 3512 5381 ἐκτεῖναι
3561 5327 3616 5378 δὲ
3665 5327 3737 5378 τὰ

2148 5425 2404 5498 κλήματα
2435 5425 2540 5490 ἓως
2574 5424 2870 5495 θαλάσσης,
2898 5422 2995 5476 καὶ
3017 5421 3116 5485 τὰς
3147 5419 3354 5491 φυάδας
3383 5419 3543 5490 μέχρι
3569 5433 3739 5473 ποτα-

2152 5519 2285 5591 μῶν.
2311 5519 2499 5573 Ταῦτα
2525 5519 2703 5572 πάντα
2741 5517 2984 5588 ὑπῆρξεν
3012 5517 3171 5586 αὐτῇ.
3199 5514 3308 5568 Καὶ
3336 5512 3521 5582 ἐπειδὴ
3546 5509 3740 5564 τοσού-

2146 5625 2255 5662 των
2275 5609 2504 5680 ὴξιώθη,
2535 5609 2760 5671 εἰκότως
2791 5610 2820 5663 ὁ
2851 5607 3008 5676 λόγος
3032 5608 3108 5672 ὡς
3139 5607 3198 5660 ὲν
3225 5605 3356 5675 εὐχῇ
3390 5603 3578 5656 τοῦτον
3605 5603 3738 5656 ὑπο-

2149 5705 2357 5774 μνήσας
2391 5701 2480 5756 τὸν
2510 5702 2776 5775 γεωργὸν,
2801 5701 3042 5757 δυσωπεῖ
3071 5700 3158 5755 διὰ
3190 5699 3288 5770 τῆς
3324 5697 3604 5767 ἱκετηρίας
3642 5695 3735 5748 καί

535 5869 582 5902 ⁸³
619 5868 762 5925 Psal.
806 5887 878 5928 ιν.
917 5874 968 5927 7.
1049 5877 1091 5909 ⁷⁰
1131 5873 1287 5933 Joan.
1329 5894 1414 5946 xv,
1456 5881 1505 5935 l.
1583 5884 1623 5914 "
1671 5881 1824 5941 Deut.
1867 5899 2047 5952 xxx”,

2150 5887 2178 5937 ι.
2245 5885 2301 5958 ,τι
2345 5880 2442 5939 ιη.
2494 5899 2543 5948 v,
2591 5884 2636 5937 ι.
