4066 6400
320 377 421 435 961
1489 362 1922 423 (ΖΟΜΜΕΝΤᾹΒ

1978 375 1993 415 ι
2031 359 2099 416 IN
2135 356 2476 415 PSALMOS.
3479 354 3584 410 962

326 514 461 568 φησι
517 497 652 569 πρὸς
699 493 898 550 αὐτόν·
954 491 1172 564 Ἐπειδὴ
1228 490 1498 562 τοσαύτης
1560 487 1902 559 κατηξίωσας

1975 535 1977 543 ,
2006 483 2255 538 incidens
2301 481 2406 534 hoc
2438 479 2742 549 perquirat,
2781 477 2969 550 (Vsus.
3012 473 3102 545 l3)
3137 469 3333 542 thuid
3367 471 3581 526 destru-

328 565 585 661 προνοίας
619 590 712 643 καὶ
738 586 1051 659 ἐπιμελείας
1074 586 1173 657 τὴν
1201 585 1499 656 εἰρημένην
1526 582 1787 652 ἄμπελον,
1822 598 1902 650 φι-

2094 575 2131 628 ti
2164 573 2450 627 maceriam
2482 572 2618 640 ejus,
2653 579 2708 626 et
2745 585 2864 626 eam
2896 567 3153 623 omnibus
3186 565 3441 636 gentibus
3471 571 3586 619 cal-
3696 566 3700 572 ’

327 657 645 754 λανθρωπίᾳ
673 681 766 734 καὶ
790 657 970 750 χάριτι
1010 680 1187 733 πάντα
1215 676 1389 732 ταῦτα
1428 677 1507 739 εἰς
1533 675 1703 746 αὐτὴν
1734 673 1901 727 ὲνδει-

2003 665 2236 721 candam
2267 664 2582 734 praebuisti;
2616 664 2690 717 ita
2720 671 2780 717 ut
2816 661 3031 717 nemine
3067 657 3579 719 circummunicnte.

330 745 580 843 ξάμενος,
610 745 696 836 τίς
715 745 821 825 οὐκ
838 745 903 825 άν
930 773 1299 844 ἀμηχανήσειε
1328 769 1420 822 καὶ
1443 770 1522 832 είς
1549 745 1778 840 ἀπορίαν
1807 768 1903 836 ἐμ-

2004 756 2205 825 cuique
2229 755 2433 808 volenti
2469 753 2644 823 ipsam
2687 751 3027 806 vindemiare
3066 749 3266 812 liceat;
3312 762 3378 801 ac
3419 745 3585 800 modo

331 837 487 918 πέσοι
512 865 710 935 ζητῶν,
740 863 915 917 ἰνατί
1265 862 1374 915 τὸν
1397 837 1673 928 φραγμὸν⁷
1693 856 1902 926 αὐτῆς,

2006 863 2138 918 aper
2163 846 2231 901 de
2260 845 2398 900 silva
2425 843 2761 916 pessumdet,
2791 840 2952 896 modo
2982 839 3280 910 singularis
3307 837 3461 894 ferus
3489 839 3584 892 de-

330 957 663 1010 καταπατεῖν
691 973 752 1010 τε
779 956 950 1026 αὐτὴν
982 956 1153 1009 ὄιπασι
1185 955 1297 1014 τοῖς
1329 951 1568 1005 ἐθέλουσι
1607 949 1907 1021 συνεχώρη-

2006 947 2197 1012 pascat
2228 937 2413 993 illam?
2462 937 2664 993 Verum
2718 937 2849 991 huic
2892 936 3060 990 dubio
3090 949 3188 1005 per
3226 934 3423 989 Isaiam
3458 948 3584 1004 pro-

331 1068 431 1111 σας
457 1067 468 1080 ·
501 1049 575 1114 ὡς
597 1049 805 1120 τρυγᾷν
831 1025 999 1118 αὐτὴν
1030 1049 1156 1109 τοὺς
1184 1044 1557 1116 βουλομένους,
1592 1041 1816 1114 μηδενός
1845 1058 1905 1093 τε

2009 1033 2226 1102 pbetam
2249 1030 2545 1100 respondet
2576 1029 2841 1099 agricola,
2869 1027 3026 1097 quasi
3051 1028 3137 1081 sui
3167 1025 3434 1096 purgandi
3461 1040 3587 1094 gra-

331 1115 810 1210 περιφράττοντος,
1001 1136 1098 1207 μὲν
1131 1115 1194 1189 ὗν
1221 1136 1285 1187 ἐκ
1313 1133 1519 1204 δρυμοῦ
1553 1130 1906 1203 λυμαίνεσθαι

2007 1126 2104 1188 tia,
2157 1123 2427 1194 bujusque
2471 1123 2548 1176 rei
2583 1137 2802 1176 causam
2837 1121 2922 1176 bis
2952 1121 3133 1175 verbis
3163 1118 3367 1189 profert
3400 1137 3412 1172 :
3447 1115 3586 1182 Quia

331 1207 518 1302 αὐτὴν,
548 1231 734 1284 ἄλλοτε
759 1230 815 1283 δὲ
845 1228 1024 1300 μονιδν
1046 1228 1235 1299 ἄγριον
1257 1223 1691 1280 καταϐόσκεσθαι
1715 1224 1904 1294 αύτήν;

2007 1215 2300 1283 exspectavi
2337 1223 2396 1266 ut
2445 1213 2638 1282 faceret
2679 1227 2856 1277 uvam,
2903 1210 3021 1278 fecit
3060 1217 3232 1261 autem
3281 1207 3489 1276 spinas,
3536 1215 3586 1258 et

345 1294 512 1375 Ἀλλᾶ
533 1321 641 1393 γὰρ
674 1321 809 1393 πρὸς
839 1294 1044 1390 ταύτην
1063 1294 1160 1389 την
1187 1318 1527 1389 ἐπαπόρησιν
1555 1314 1907 1387 ἀποκρίνεται

2009 1324 2114 1361 non
2147 1305 2442 1376 justitiam,
2488 1303 2578 1358 sed
2618 1303 2900 1357 clamorem
2924 1302 2990 1353 ⁷³.
3039 1299 3166 1354 Haec
3196 1314 3362 1370 porro
3391 1299 3459 1351 de
3493 1294 3589 1350 Juo

328 1410 420 1464 διὰ
455 1387 679 1464 Ἡσαΐου
719 1387 822 1463 ⁷τοῦ
863 1387 1165 1480 προφήτου,
1199 1387 1387 1476 ὥσπερ
1417 1387 1850 1474 ἀπολογούμενος
1880 1403 1910 1454 ὁ

2010 1395 2168 1450 daico
2215 1397 2418 1466 populo
2463 1395 2608 1450 dicta
2657 1409 2778 1449 esse
2829 1406 2990 1448 nemo
3039 1390 3390 1447 dubitaverit.
3439 1387 3587 1455 Quo-

328 1505 596 1576 γεωργὸς,
649 1503 743 1556 καὶ⁵
791 1501 890 1572 τὴν
940 1499 1118 1554 αἰτίαν
1171 1498 1472 1571 παρίστησι
1513 1497 1716 1566 λέγων·
1754 1498 1910 1552 Διότι

2011 1487 2176 1542 modo
2202 1494 2384 1541 autem
2413 1487 2608 1542 umbra
2635 1485 2808 1540 vineae
2840 1491 3058 1539 montes
3103 1482 3384 1554 operuerit
3427 1480 3588 1534 intel-

329 1572 540 1666 ἔμεινα
572 1597 672 1648 ἵνα
702 1593 930 1662 ποιήσῃ
977 1593 1326 1662 σταφυλὴν,
1357 1590 1608 1658 ἐποίησε
1635 1589 1702 1642 δὲ
1729 1587 1911 1643 ἀκάν-

2012 1577 2170 1648 liges,
2220 1575 2268 1632 si
2317 1575 2624 1646 perpendas
2667 1590 2791 1629 cum
2838 1575 2926 1630 lex
2973 1573 3283 1630 futurorum
3319 1572 3585 1626 bonorum

327 1663 474 1753 θας·
511 1685 607 1739 καί
646 1687 718 1740 οὐ
751 1684 1167 1752 δικαιοσύνην,
1203 1683 1365 1737 ἀλλὰ
1396 1681 1688 1751 κραυγήν.
1725 1679 1912 1733 Ταῦτα

2015 1670 2288 1734 umbram,
2336 1683 2445 1724 non
2489 1675 2672 1724 autem
2719 1667 2892 1738 ipsam
2942 1681 3124 1721 rerum
3158 1664 3450 1734 imaginem
3492 1663 3589 1716 ba—

323 1778 372 1831 δ’
428 1779 508 1831 ὅτι
549 1777 680 1846 περὶ
725 1775 820 1828 τοῦ
865 1775 1132 1829 Ἰουδαίων
1163 1774 1413 1828 λέλεκται
1444 1772 1597 1835 λαοῦ,
1639 1771 1810 1834 οὐδεὶς
1843 1770 1912 1824 ἂν

2013 1758 2177 1826 beat;
2205 1773 2325 1815 eam
2359 1759 2524 1814 modo
2561 1757 2618 1812 in
2657 1765 2843 1812 monte
2878 1757 3014 1820 Silo,
3045 1755 3138 1811 ubi
3163 1758 3318 1826 prius
3345 1762 3586 1810 erectum

323 1834 651 1940 ἅμφιϐάλοι.
698 1867 930 1939 Νοήσεις
977 1866 1035 1920 δὲ
1085 1867 1233 1931 ὅπως
1264 1865 1532 1936 ἐκάλυψεν
1571 1865 1672 1938 ὅρη
1705 1865 1740 1937 ἡ
1785 1863 1910 1918 σκιὰ

1981 1844 2191 1908 λΐιιθιιιιι
2235 1851 2686 1918 tabernaculum;
2735 1849 2897 1905 modo
2939 1849 2996 1904 in
3039 1855 3224 1903 monte
3272 1845 3405 1901 Sion
3451 1855 3505 1902 et
3533 1847 3587 1901 in

322 1939 435 2033 τῆς
460 1959 725 2031 ἀμπέλου,
763 1957 1080 2029 ἐπιστήσας,
1109 1958 1186 2022 ὼς
1218 1958 1379 2012 σκιὰν
1402 1957 1540 2028 ἔχων
1563 1959 1592 2011 ό
1617 1957 1780 2028 νόμος
1805 1956 1913 2010 τῶν

2013 1943 2320 2000 Jerusalem
2368 1943 2692 2013 completam
2735 1957 2877 2007 esse,
2908 1949 2964 1997 et
2992 1941 3216 1997 arbusta
3245 1941 3366 2010 ejus
3395 1939 3591 1996 cedi-os

323 2031 638 2122 μὲλλόντων
667 2047 908 2117 ἀγαθῶν,
953 2049 1055 2102 ούκ
1083 2049 1252 2120 αὐτὴν
1290 2049 1392 2120 τὴν
1423 2047 1604 2101 εἰκόνα
1633 2047 1744 2100 τῶν
1773 2063 1916 2118 πρα-

2013 2035 2108 2090 Dei
2133 2035 2441 2107 operuisse.
2466 2033 2724 2100 Quaenam
2751 2049 2874 2089 esse
2901 2034 3073 2088 vineae
3101 2033 3325 2089 arbusta
3357 2031 3588 2095 dixeris,

319 2144 585 2213 γμάτων,
617 2141 748 2196 ποτέ
784 2140 882 2211 μὲν
911 2141 1002 2193 ἐπὶ
1029 2139 1124 2193 τοῦ
1163 2140 1326 2212 ὅρους
1359 2139 1692 2194 συνετελεϊτο
1727 2138 1822 2191 τοῦ
1856 2137 1917 2190 ἐν

2013 2129 2120 2185 nisi
2153 2129 2366 2182 animas
2395 2125 2765 2197 propheticas,
2803 2139 2868 2178 ac
2907 2139 3005 2179 eos
3039 2125 3132 2194 qui
3159 2124 3286 2178 olim
3320 2123 3374 2178 in
3409 2124 3590 2194 priore

319 2234 556 2305 Σηλὼμ,
590 2234 717 2287 ἔνθα
758 2236 819 2289 τὸ
861 2235 1123 2307 πρότερον
1168 2234 1412 2306 ἴδρυτοὴ
1462 2232 1653 2304 σκηνὴ,
1701 2231 1830 2284 ποτὲ
1859 2231 1917 2286 δὲ

2019 2219 2226 2292 popqu
2254 2217 2626 2288 erigebantur,
2655 2223 2710 2271 et
2750 2215 2845 2285 qui
2890 2215 3054 2286 digne
3094 2214 3203 2269 Deo
3229 2215 3394 2269 vitam
3435 2215 3593 2270 insti-

319 2325 434 2380 ἐπὶ
470 2326 564 2380 τοῦ
588 2326 725 2381 Σιὼν
750 2327 910 2400 ὅρους
938 2328 1032 2382 καὶ
1057 2327 1158 2398 τῆς
1191 2327 1562 2398 Ἰερουσαλὴμ,
1587 2327 1682 2381 καὶ
1707 2326 1762 2379 αί
1790 2326 1920 2380 ἀνα-

2013 2320 2262 2375 tuerunt,
2293 2311 2387 2382 qui
2417 2311 2585 2366 etiam
2626 2309 2684 2365 in
2715 2308 2895 2366 cedris
2923 2308 3038 2375 Dei,
3072 2310 3124 2363 id
3151 2317 3257 2373 est,
3298 2309 3354 2362 in
3399 2309 3591 2364 invisi-

325 2416 619 2488 δενδράδες
653 2417 711 2470 δὲ
740 2418 908 2489 αύτῆς
941 2417 1215 2487 ἐκάλυψαν
1242 2416 1340 2479 τὰς
1372 2416 1595 2487 κέδρους
1633 2415 1728 2470 τοῦ
1757 2415 1915 2472 Θεοῦ.

2015 2406 2218 2463 bilibus
2235 2404 2542 2473 divinisque
2561 2402 2876 2466 virtutibus,
2893 2401 3346 2473 requiescebant?
3373 2400 3509 2456 Nam
3526 2416 3593 2457 eo

336 2507 508 2572 Τίνας
533 2507 577 2560 δ’
610 2507 677 2562 ἂν
709 2508 885 2573 εἴποις
912 2508 1012 2573 τὰς
1035 2508 1430 2579 ἀναδενδράδας
1456 2507 1556 2578 τῆς
1587 2506 1850 2578 ἀμπέλου,
1883 2505 1917 2578 ἢ

2017 2513 2194 2569 usque
2224 2504 2492 2568 provecta:
2524 2502 2654 2551 sunt
2696 2497 2892 2550 animat
2927 2509 3050 2566 qua
3077 2495 3132 2549 in
3163 2494 3348 2564 priore
3375 2494 3469 2548 illo
3496 2509 3591 2564 po—

337 2598 442 2663 τὰς
467 2601 809 2670 προφητικὰς
839 2600 1018 2671 ψυχάς
1047 2601 1144 2654 καὶ
1171 2601 1300 2663 τοὺς
1332 2601 1390 2654 ἐν
1418 2599 1498 2670 τῷ
1524 2599 1778 2671 προτέρῳ
1806 2598 1920 2670 λαῷ

2019 2591 2150 2664 pulo
2179 2595 2374 2644 ornate
2397 2596 2453 2643 et
2480 2587 2647 2657 probe
2670 2586 2944 2653 vixerunt,
2977 2595 3038 2642 ut
3065 2595 3119 2641 et
3146 2587 3385 2656 Spiritus
3416 2591 3591 2642 sancti

340 2695 423 2755 εἰς
449 2691 582 2761 ὕψος
606 2693 967 2763 ἐπηρμένους,
989 2691 1124 2746 Θεοῦ
1147 2709 1206 2745 τε
1227 2690 1391 2758 ἀξίως
1410 2690 1918 2761 πολιτευσαμένους,

2020 2683 2315 2755 participes
2343 2687 2549 2743 essent,
2592 2688 2648 2734 et
2689 2694 2863 2749 usque
2890 2679 2959 2733 ad
2991 2680 3267 2751 angelicas
3297 2686 3595 2750 potestates

341 2784 394 2837 οἳ
423 2783 516 2837 καὶ
541 2783 635 2837 ἐπὶ
676 2784 774 2849 τὰς
819 2784 1044 2856 κέδρους
1085 2784 1178 2837 τοῦ
1209 2783 1346 2836 Θεοῦ
1391 2782 1794 2846 διανεπαύοντο,
1824 2782 1923 2845 τὰς

2021 2776 2238 2831 fructus
2269 2787 2401 2828 suos
2429 2771 2805 2828 extenderent.
2836 2769 3096 2828 Palmites
3124 2786 3286 2842 porro
3313 2771 3505 2838 vineae,
3527 2771 3595 2824 ab

343 2874 604 2944 δυνάμεις
634 2874 698 2945 δὴ
724 2874 820 2938 τὰς
846 2874 1111 2946 ἀοράτους
1139 2875 1232 2928 καὶ
1260 2874 1442 2939 θείας;
1468 2875 1643 2946 Μέχρι
1666 2874 1774 2947 γὰρ
1801 2873 1925 2928 τού-

2022 2868 2213 2923 umbra
2261 2881 2396 2923 sane
2439 2879 2652 2920 necnon
2696 2863 2766 2919 ab
2811 2864 3050 2921 arbustis
3099 2863 3323 2928 diversi,
3381 2865 3593 2918 extensi

344 2981 456 3016 των
485 2964 814 3036 ἐξετάθησαν
840 2965 898 3017 αἱ
925 2965 1294 3036 διαπρέψασαι
1327 2967 1386 3020 ἐν
1427 2963 1505 3036 τῷ
1533 2967 1782 3038 προτέρῳ
1810 2965 1924 3038 λαῷ

2023 2969 2154 3018 sunt
2182 2975 2357 3030 usque
2387 2957 2454 3012 ad
2485 2973 2656 3012 mare.
2698 2955 3060 3028 Symmachus
3106 2964 3286 3010 autem
3331 2970 3432 3025 pro
3477 2955 3593 3020 illo,

343 3055 536 3125 ψυχαὶ,
562 3056 637 3120 ὡς
677 3057 772 3110 καὶ
803 3057 1118 3128 Πνεύματος
1153 3058 1308 3126 ἁγίου
1355 3058 1623 3129 μετέχειν,
1670 3057 1765 3112 καὶ
1799 3059 1925 3122 τοὺς

2022 3056 2288 3126 palmites,
2331 3054 2494 3123 jubas
2533 3068 2681 3116 suas,
2725 3051 2824 3115 ait,
2860 3051 3092 3105 extendit
3130 3066 3291 3121 usque
3331 3049 3400 3102 ad
3428 3066 3593 3106 mare.

343 3150 594 3218 καρποὺς
641 3149 900 3203 ἐκτείνειν
941 3151 1101 3221 μέχρι
1143 3152 1245 3221 τῆς
1274 3151 1572 3222 άγγελικῆς
1613 3151 1920 3223 δυνάμεως.

1989 3196 1992 3213 ,
2025 3145 2179 3202 Jubtr
2207 3150 2388 3199 autem
2421 3151 2476 3197 et
2506 3156 2699 3206 comae,
2745 3155 2846 3196 ceu
2891 3140 3165 3195 innumeri
3214 3140 3394 3210 capilli
3441 3153 3595 3208 sunt;

344 3241 390 3293 Τ
392 3240 428 3292 ά
457 3240 514 3293 δὲ
543 3241 798 3310 κλήματα
826 3241 924 3313 τῆς
948 3243 1216 3313 ἀμπέλου,
1246 3243 1412 3314 ἕτερα
1453 3243 1586 3298 ὅντα
1631 3245 1784 3315 παρὰ
1821 3245 1924 3316 τὴν

1992 3233 1996 3248 ’
2030 3244 2146 3294 sive
2176 3237 2342 3292 etiam
2374 3234 2628 3306 palmites
2658 3235 2736 3288 illi
2781 3233 3129 3304 multiplicati
3173 3233 3475 3290 secundum
3517 3237 3598 3290 vi-

346 3332 506 3386 σκιὰν
537 3333 631 3386 κα)⁸
665 3333 816 3404 παρὰ
843 3335 940 3398 τὰς
983 3336 1399 3408 ἀναδενδράδας,
1435 3337 1662 3410 ἐξετάθη
1695 3338 1800 3403 ἕως
1829 3337 1924 3392 θα-

2031 3345 2146 3385 ιιοιιε
2177 3330 2512 3398 exemplum,
2552 3341 2783 3397 magnus
2816 3326 2907 3382 ille
2933 3325 3177 3381 Iudaicae
3203 3328 3382 3396 gentis
3409 3343 3601 3382 nume-

345 3424 573 3495 λάσσης.
610 3425 669 3477 '0
697 3425 754 3477 δὲ
785 3424 1082 3496 Σύμμαχος
1113 3427 1234 3480 ἀντὶ
1267 3426 1382 3494 τοῦ,
1409 3429 1480 3482 τὰ
1502 3428 1796 3498 κλήματα,
1817 3429 1925 3495 τὰς

2030 3437 2127 3477 rus
2157 3427 2264 3486 est,
2300 3420 2393 3490 qui
2431 3434 2566 3475 sane
2609 3428 2784 3474 totum
2835 3419 3114 3474 hominum
3165 3434 3338 3491 genus
3383 3421 3601 3490 replens

346 3515 560 3584 χαίτας
604 3514 815 3583 αὐτῆς,
866 3516 1052 3586 φησὶν,
1101 3516 1398 3582 ἐξέτεινεν
1432 3518 1543 3586 ἕως
1585 3519 1922 3587 θαλάσσης.

2055 3513 2277 3570 ιονγοιιίι
2316 3527 2490 3583 usque
2523 3512 2591 3566 ad
2625 3527 2796 3566 mare.
2826 3510 3188 3577 Quamobrem
3217 3514 3270 3566 in
3305 3510 3442 3568 Osca
3475 3529 3603 3583 pro-
3653 3580 3661 3590 ο

347 3602 476 3660 Εἶεν
503 3605 548 3658 δ’
571 3605 638 3658 ἂν
661 3608 845 3675 χαῖται
877 3607 972 3660 καὶ
999 3609 1184 3678 κόμαι,
1212 3609 1398 3682 ὥσπερ
1424 3609 1782 3682 ἀναρίθμητοι
1809 3611 1928 3682 τρί-

2031 3607 2192 3676 pheta
2221 3605 2426 3660 dictum
2455 3613 2538 3660 est
2569 3622 2584 3659 :
2618 3603 2690 3658 Et
2721 3613 2834 3659 erat
2869 3621 3116 3659 numerus
3160 3605 3398 3673 ﬁliorum
3429 3603 3602 3660 Israel

347 3714 465 3768 χες,
499 3697 534 3768 ἢ
561 3697 658 3751 καὶ
684 3697 936 3768 κλήματα
967 3698 1325 3770 πληθύνοντα,
1358 3701 1500 3755 κατὰ
1531 3701 1594 3754 τὸ
1618 3704 1716 3773 τῆς
1746 3702 1927 3772 ἀμπέ-

2030 3697 2184 3767 quasi
2213 3713 2376 3750 arena
2405 3697 2593 3763 maris,
2619 3713 2737 3766 quae
2754 3714 2858 3751 non
2886 3699 3279 3751 mensurabitur
3302 3707 3351 3752 et
3377 3715 3482 3753 non
3507 3717 3603 3754 nu-

347 3787 443 3840 λου
483 3785 852 3858 παράδειγμα,
878 3789 908 3841 ὁ
935 3787 1100 3851 πολὺς
1140 3788 1235 3841 τοῦ
1278 3788 1548 3842 Ἰουδαίων
1582 3787 1767 3852 ἔθνους
1802 3789 1926 3860 ἀρι-

2031 3787 2324 3843 merabitur
2344 3789 2410 3843 ⁷⁸.
2443 3787 2776 3859 Propagines
2806 3805 2937 3846 vero
2964 3790 3083 3845 alia}
3116 3791 3346 3856 adnatat,
3369 3792 3604 3862 palmiti-

349 3878 508 3951 θμὸς,
533 3879 592 3942 ὃς
614 3878 678 3949 δὴ
702 3877 901 3948 ἔφθασε
931 3879 1090 3950 μέχρι
1113 3877 1408 3951 θαλάσσης,
1433 3878 1725 3952 πληρώσας
1749 3879 1926 3934 πάντα

2031 3881 2135 3938 bus
2169 3882 2500 3937 recentiores
2538 3896 2601 3934 ac
2631 3897 2805 3951 nuper
2837 3889 3059 3947 exortae,
3092 3898 3268 3953 usque
3298 3883 3364 3938 ad
3404 3883 3601 3940 ﬂumen

346 3969 441 4022 τὸν
481 3968 591 4023 τῶν
627 3967 928 4042 ἀνθρώπων
967 3970 1100 4040 βίον.
1147 3971 1238 4024 Διὸ
1269 3970 1518 4025 λέλεκται
1559 3972 1618 4025 ἐν
1658 3971 1817 4042 Ὠσηὲ
1848 3970 1928 4042 τῷ

2032 3981 2272 4030 extensa:
2297 3981 2447 4038 sunt,
2479 3973 2733 4028 videlicet
2762 3971 2899 4027 Novi
2930 3972 3266 4030 Testamenti
3301 3990 3600 4045 praecones,

349 4063 608 4136 προφήτῃ
629 4079 642 4092 ’
692 4064 801 4117 Καὶ
839 4059 918 4133 ἦν
961 4066 995 4116 ό
1035 4063 1278 4133 ἀριθμὸς
1328 4064 1446 4117 τῶν
1493 4062 1642 4118 υἱῶν
1690 4063 1928 4134 Ἰσραὴλ

2035 4065 2311 4136 apostolos
2352 4065 2478 4119 dico
2510 4075 2565 4120 et
2590 4063 2892 4135 discipulos
2929 4063 3242 4121 Servatoris
3281 4067 3480 4131 nostri,
3510 4069 3602 4136 qui

351 4153 495 4208 ὡσεὶ
531 4153 722 4224 ἄμμος
748 4153 860 4223 τῆς
904 4154 1242 4222 θαλάσσης,
1275 4153 1314 4223 ἢ
1353 4155 1466 4210 οὐκ
1496 4155 1930 4225 ἐκμετρηθήσε-

2035 4172 2207 4229 geuus
2234 4166 2289 4213 et
2309 4156 2574 4228 originem
2608 4171 2676 4212 ex
2702 4155 2958 4227 pra-dicta
2986 4157 3143 4212 vinea
3171 4157 3398 4221 ducunt,
3428 4167 3482 4214 et
3504 4175 3603 4214 ceu

355 4263 470 4310 ται,
505 4246 648 4300 οὐδὲ
677 4247 1231 4317 ἐξαριθμηθήσεται.
1267 4248 1625 4320 Παραφυάδες
1671 4249 1728 4303 δὲ
1772 4249 1930 4304 ἄλλαι

2036 4250 2364 4321 propagines
2386 4249 2634 4320 quaedam
2659 4250 2779 4321 ejus
2803 4256 2952 4306 sunt.
2975 4247 3161 4320 Neque
3180 4257 3361 4306 tamen
3383 4250 3607 4320 perinde

354 4337 502 4402 τινὲς
542 4338 692 4408 παρὰ
721 4339 789 4393 τὰ
820 4339 1075 4411 κλήματα
1103 4338 1363 4412 νεώτεραι
1393 4340 1487 4394 καὶ
1515 4341 1800 4413 άρτιφυεϊς
1826 4341 1931 4406 ἕως

2037 4352 2202 4414 atque
2241 4343 2388 4413 iubae
2421 4353 2477 4399 et
2517 4343 2766 4413 palmites
2797 4343 2866 4398 ad
2890 4357 3064 4414 usque
3093 4356 3244 4398 mare
3272 4342 3606 4413 protendun-

356 4427 603 4499 ποταμοῦ
635 4430 1038 4500 παρετάθησαν,
1056 4431 1105 4483 οί
1126 4430 1224 4500 τῆς
1249 4431 1454 4502 Καινῆς
1479 4431 1750 4504 Διαθὴκης
1772 4433 1934 4502 κήρυ-

2039 4441 2150 4497 tur,
2181 4432 2277 4490 sed
2310 4449 2487 4504 usque
2518 4433 2585 4488 ad
2620 4431 2842 4497 ﬂumen,
2877 4433 2948 4488 ob
2977 4433 3296 4504 mysterium
3328 4445 3609 4502 regenera-

357 4537 484 4584 κες·
515 4519 660 4588 λέγω
685 4520 741 4573 δὲ
764 4521 814 4573 οἱ
839 4521 1124 4575 ἀπόστολοι
1146 4523 1242 4576 καὶ
1269 4524 1319 4576 oi
1351 4523 1588 4594 μαθηταὶ
1615 4525 1710 4578 τοῦ
1745 4523 1931 4594 Σωτῆ-

2002 4525 2207 4599 ,tionis
2255 4525 2310 4580 in
2350 4525 2572 4581 Christo
2620 4525 2690 4580 ab
2730 4525 2799 4582 iis
2836 4525 3282 4582 subministrata.
3327 4524 3506 4592 Quare
3541 4524 3608 4579 de

363 4629 454 4682 ρος
482 4613 666 4684 ἡμῶν
697 4612 796 4685 τὴν
832 4613 932 4683 μὲν
965 4614 1106 4685 φυὴν
1144 4616 1240 4668 καὶ
1268 4615 1368 4686 τὴν
1402 4615 1616 4684 γένεσιν
1643 4617 1938 4687 ἐσχηκότες

2041 4616 2324 4672 Salvatore
2352 4616 2474 4687 ipso
2505 4617 2561 4672 in
2593 4617 2804 4688 psalmo
2833 4632 2960 4671 Lut
2979 4615 3236 4674 .dicitur:
3264 4613 3332 4668 Et
3363 4614 3609 4668 domina-

360 4704 426 4758 ἐκ
444 4705 544 4774 τῆς
570 4703 961 4777 προλεχθείσης
985 4705 1251 4776 ἀμπέλου,
1276 4707 1369 4760 καὶ
1391 4706 1582 4778 ὥσπερ
1601 4707 1746 4771 τινὲς
1767 4725 1918 4781 παρα

2040 4708 2181 4761 bitur
2210 4725 2244 4761 a
2273 4709 2411 4762 mari
2438 4725 2600 4781 usque
2646 4708 2715 4763 ad
2749 4725 2916 4771 mare,
2955 4718 3006 4763 et
3030 4725 3063 4762 a
3089 4709 3307 4778 ﬂumine
3346 4723 3509 4777 usque
3540 4707 3609 4760 ad

361 4795 563 4864 φυάδες
595 4797 766 4866 αύτῆς
806 4797 1107 4867 γενόμενοι,
1133 4797 1315 4850 οὐκέτι
1345 4797 1401 4851 δὲ
1433 4799 1636 4869 ὁμοίως
1665 4802 1782 4863 ταῖς
1813 4799 1937 4871 χαί-

2040 4800 2289 4854 terminos
2312 4799 2453 4855 orbis
2486 4810 2773 4855 terrarum.
2797 4799 2934 4856 Nam
2957 4816 3081 4856 cum
3104 4801 3413 4870 baptismus
3441 4815 3470 4853 a
3495 4799 3614 4855 Jor-

359 4900 484 4946 ταις
530 4884 626 4938 καὶ
665 4887 780 4949 τοῖς
815 4886 1056 4957 κλήμασι
1104 4887 1208 4950 ἕως
1249 4887 1525 4958 θαλάσσης
1561 4888 1935 4959 προελθόντες,

2038 4889 2180 4946 dane
2221 4891 2386 4947 ﬂuvio
2425 4893 2639 4948 initium
2671 4894 2912 4958 duxerit,
2942 4901 3116 4948 totum
3146 4893 3374 4964 replevit
3398 4893 3609 4948 orb.‘m.

362 4975 478 5029 ἀλλ’
508 4975 613 5040 ἓως
645 4978 889 5047 ποταμοῦ
925 4978 1016 5032 διὰ
1056 4979 1118 5032 τὸ
1163 4979 1459 5050 μυστήριον
1503 4980 1600 5051 τῆς
1641 4980 1709 5033 δι’
1757 4981 1938 5036 αὐτῶν

2039 4981 2288 5048 Quatuor
2332 4998 2497 5053 porro
2550 4984 2822 5055 praedictae
2869 4985 3041 5040 vineae
3099 4985 3322 5040 ordines
3373 4999 3613 5054 prasens

361 5067 773 5139 χορηγουμένης
809 5071 868 5122 ἐν
904 5069 1124 5141 Χριστῷ
1153 5069 1588 5139 παλιγγενεσίας.
1625 5073 1818 5127 Ἔνθεν
1844 5075 1934 5128 κα“·

2039 5089 2220 5130 sermo
2249 5075 2547 5140 describit,
2580 5077 2828 5131 umbram
2855 5077 3066 5132 scilicet
3096 5075 3218 5146 ejus
3244 5086 3459 5131 montes
3485 5091 3615 5145 ope-

361 5162 392 5212 ό
423 5159 614 5232 Σωτὴρ
655 5161 819 5225 αὐτὸς
853 5162 911 5214 ὲν
958 5168 1035 5214 οα¹
1071 5161 1270 5233 ψαλμῷ
1298 5161 1576 5216 λέλεκταιο
1607 5164 1718 5219 Καὶ
1759 5182 1938 5220 κατα-

2039 5166 2304 5233 rientem;
2358 5169 2584 5224 arbusta
2633 5169 2752 5239 ejus
2795 5169 2850 5224 in
2891 5169 3061 5223 altum
3107 5169 3272 5235 elata,
3307 5169 3382 5222 ita
3412 5174 3472 5222 ut
3504 5183 3614 5222 non

365 5249 668 5315 κυριεύσει
699 5248 816 5302 ἀπὸ
843 5248 1160 5317 θαλάσσης
1192 5249 1303 5316 ἕως
1324 5247 1663 5316 θαλάσσης,
1699 5251 1796 5303 καὶ
1819 5250 1939 5305 ἀπὸ

2041 5259 2366 5329 simpliciter
2413 5261 2629 5329 cedros,
2683 5262 2779 5317 sed
2830 5263 3026 5317 cedros
3067 5259 3162 5316 Dei
3207 5261 3489 5332 operiant;
3546 5260 3613 5314 ad

364 5337 637 5407 ποταμοῦ
663 5337 773 5404 ἕως
805 5337 924 5392 τῶν
951 5337 1232 5405 ’περάτων
1267 5338 1376 5407 τῆς
1405 5338 1778 5408 οἰκουμένης.
1818 5342 1942 5412 Ἀρ-

2043 5350 2158 5405 haec
2201 5352 2452 5421 palmites
2499 5353 2621 5423 ejus
2667 5369 2843 5424 usque
2879 5353 2948 5408 ad
2987 5369 3138 5409 mare
3169 5362 3456 5415 extensos;
3481 5367 3618 5423 pra}-

367 5426 601 5499 ξαμένου
647 5429 758 5500 γὰρ
788 5429 897 5483 άπὸ
926 5429 1021 5482 τοῦ
1063 5430 1204 5483 κατὰ
1245 5430 1336 5482 τὸν
1379 5430 1648 5501 Ἰορδάνην
1689 5431 1936 5502 ποταμοῦ

2043 5447 2128 5494 ter
2169 5439 2284 5493 haec
2321 5441 2505 5495 omnia
2535 5451 2714 5497 autem
2746 5443 3071 5514 propagines
3103 5443 3244 5513 ejus,
3269 5458 3388 5514 quae
3414 5444 3482 5498 ad
3504 5444 3615 5497 llu-

366 5521 460 5574 τοῦ
501 5523 899 5594 βαπτίσματος,
932 5523 1031 5594 τὴν
1078 5522 1370 5592 σύμπασαν
1405 5523 1721 5595 ἐπλήρωσεν
1761 5525 1939 5577 οἰκου-

2049 5547 2173 5586 men
2212 5547 2386 5601 usque
2421 5535 2755 5605 perlingunt.
2812 5533 3059 5600 Quorum
3114 5535 3614 5606 interpretationem

373 5613 558 5685 μένην.
592 5614 843 5669 Τέσσαρα
873 5615 930 5668 δὲ
960 5615 1217 5684 τάγματα
1250 5614 1347 5685 τῆς
1373 5615 1668 5688 εἰρημένης
1696 5616 1940 5687 ἀμπέλου

2050 5635 2149 5690 pro
2177 5621 2374 5676 collata
2404 5623 2564 5680 nobis
2595 5623 2768 5695 gratia
2797 5623 3075 5692 dedimus,
3109 5626 3355 5682 umbram
3394 5623 3615 5698 quidem

447 5787 490 5818 "
532 5789 631 5844 lsa.
672 5813 720 5855 ν,
753 5796 803 5849 5.
883 5795 926 5826 ⁷⁸
968 5793 1095 5850 Osc.
1136 5811 1189 5860 ι,
1225 5794 1311 5847 10.
