4066 6416
458 352 561 410 963

1135 350 1404 409 EUSEBII
1443 349 1925 408 CAESARIENSIS
1960 349 2115 409 ουρ.
2160 349 2345 406 PARS
2376 350 2472 411 ill.
2502 381 2573 393 -
2597 351 3012 431 EXEGETICA,

3617 356 3728 413 964

454 484 558 542 pro
587 467 817 539 ﬁgurato
858 468 954 524 illo
997 475 1054 525 et
1102 469 1364 524 umbroso
1409 468 1563 523 cultu
1610 467 1909 530 tradentes,
1944 467 2030 538 qui

2141 469 2169 521 ὁ
2195 466 2334 539 μετά
2361 471 2549 541 χεῖρας
2575 455 2864 542 διαγράφει
2887 470 3075 540 λόγος⁸
3102 471 3262 525 σκιάν
3295 473 3396 543 μὲν
3426 472 3598 544 αὐτῆς
3626 490 3728 527 κα-

456 579 515 618 m
558 562 913 620 sensibilibus
955 572 1012 619 et
1059 563 1344 632 corporeis
1387 561 1669 617 montibus
1718 560 2039 631 perﬁcieba-

457 665 577 721 tur;
618 656 876 721 arbusta,
918 670 1020 726 pro
1068 654 1359 710 animabus
1405 653 1759 723 propheticis,
1811 667 1934 723 qum
1981 652 2040 710 in

453 749 637 804 cedris
682 747 816 813 Dei,
860 748 1127 820 angelicis
1183 746 1439 802 videlicet
1487 760 1552 800 ac
1601 745 1804 801 divinis
1862 747 2041 799 virtu-

451 841 606 899 tibus
660 842 1065 907 tinmabantur;
1100 839 1358 912 palmites
1420 849 1515 893 aut
1561 852 1772 903 comas,
1818 852 1917 894 seu
1950 836 2043 908 ju-

456 936 580 1002 bas,
623 953 725 1008 pro
773 944 888 992 tota
929 934 1244 990 Judaeorum
1287 930 1672 995 multitudine,
1705 930 1778 985 ob
1808 929 2037 986 instabi-

456 1029 566 1084 lem
592 1038 648 1084 et
676 1027 1030 1084 ﬂuctuantem
1056 1026 1342 1082 hominum
1383 1024 1553 1078 vitam
1592 1037 1766 1094 usque
1786 1023 1857 1077 ad
1890 1036 2043 1079 mare

452 1127 721 1187 extensa;
756 1120 976 1175 demum
1021 1117 1353 1189 propagines
1400 1131 1504 1186 pro
1547 1115 1813 1186 apostolis
1844 1112 2043 1170 Serva-

455 1212 593 1270 toris
625 1212 799 1267 nostri
819 1211 915 1280 qui
946 1210 1003 1266 in
1027 1208 1253 1265 ﬂumine
1290 1216 1584 1265 versantur
1610 1207 1680 1264 de
1701 1222 1813 1278 quo
1832 1207 2041 1263 dictum

452 1311 540 1360 est
569 1323 581 1358 :
616 1302 885 1357 Fluminis
933 1302 1158 1371 impetus
1194 1300 1477 1371 laeti/anm
1521 1301 1790 1354 civitatem
1840 1298 1939 1353 Dei
1967 1299 2037 1354 ".

452 1393 653 1452 Verum
685 1395 814 1466 quia
850 1402 1152 1451 memorata
1192 1393 1354 1449 vinea
1393 1400 1474 1447 tot
1507 1394 1785 1463 tantisque
1815 1392 1977 1449 bonis
2007 1406 2040 1446 a

453 1487 565 1544 Deo
594 1486 795 1552 Verbo,
823 1486 919 1557 qui
952 1486 1106 1556 prius
1127 1485 1232 1556 ipsi
1262 1486 1655 1557 prospiciebat,
1693 1486 1893 1540 donata
1930 1491 2038 1548 est.

451 1585 855 1649 consequenter
903 1594 1030 1634 eum
1083 1578 1179 1650 qui
1239 1578 1410 1634 tantis
1454 1592 1577 1637 eam
1612 1577 1773 1631 donis
1799 1577 2038 1642 ornavit,

451 1671 610 1741 quasi
664 1670 968 1726 dubitando
1034 1670 1331 1741 compellat
1376 1669 1622 1726 dicens:
1685 1665 1883 1738 thuid
1929 1668 2025 1725 de-

450 1763 697 1817 struxiin
714 1764 999 1817 maceriam
1020 1761 1136 1832 ejus
1154 1763 1181 1817 .9
1206 1760 1304 1817 llle
1320 1776 1450 1817 vero
1478 1760 1771 1832 respondet
1800 1760 1886 1817 his
1914 1774 2039 1815 ver-

2142 562 2448 615 λύπτουσαν
2480 562 2612 633 ὅρη·
2646 546 3039 635 ἀναδενδράδας
3066 563 3124 618 δὲ
3153 564 3326 635 αὐτῆς
3353 565 3432 628 εἰς
3459 564 3591 637 ὕψος
3627 583 3728 637 με-

2140 652 2562 726 τεωριζομένας,
2606 655 2683 718 ὼς
2734 655 3029 710 καλύπτειν
3077 658 3179 729 οὐχ
3232 656 3423 721 ἁπλῶς
3474 658 3724 730 κέδρους,

2141 744 2278 799 ἀλλά
2302 747 2403 809 τὰς
2430 745 2655 818 κέδρους
2680 746 2775 800 τοῦ
2800 744 2934 801 Θεοῦ
2952 764 2969 780 ’
2997 748 3093 803 καὶ
3120 749 3214 802 ἐπὶ
3235 748 3447 811 τούτοις
3468 748 3726 821 κλήματα

2141 839 2489 909 ἐκτεινόμενα
2518 839 2623 903 ἕως
2657 839 2962 911 θαλάσσης’
3008 842 3104 894 καὶ
3144 841 3284 912 μετά
3318 841 3499 896 πάντα
3539 859 3725 914 παρα-

2142 930 2348 1001 φυάδας
2375 930 2473 995 τάς
2508 933 2671 1005 μέχρι
2713 932 2962 1003 ποταμοῦ
3004 933 3318 1004 διηκούσας.
3351 929 3453 989 Ὧν
3482 934 3582 1008 τὴν
3608 935 3726 989 διά-

2140 1041 2288 1078 νοιαν
2320 1025 2462 1079 κατά
2492 1025 2590 1097 τὴν
2620 1025 2863 1080 δοθεῖσαν
2891 1025 3319 1099 ἡρμηνεύσαμεν
3351 1027 3531 1101 χάριν,
3563 1031 3724 1086 σκιὰν

2144 1114 2244 1187 μὲν
2264 1115 2550 1180 ἀποδόντες
2573 1116 2673 1189 τὴν
2698 1118 2934 1190 τυπικὴν
2956 1118 3050 1171 καὶ
3074 1118 3275 1193 σκιώδη
3299 1120 3578 1193 λατρείαν,
3598 1122 3724 1192 ἥτις

2141 1208 2199 1261 ὲν
2241 1210 2356 1272 τοῖς
2394 1208 2674 1281 αἰσθητοῖς
2717 1212 2814 1264 καὶ
2854 1213 3187 1283 σωματικοῖς
3229 1212 3413 1284 ὄρεσιν
3454 1214 3717 1268 ἐτελεῖτο’

2139 1300 2532 1373 ἀναδενδράδας
2559 1302 2615 1355 δὲ
2646 1302 2747 1368 τὰς
2775 1305 3119 1375 προφητικάς
3158 1304 3358 1376 ψυχὰς,
3398 1306 3600 1371 αἵτινες
3625 1308 3723 1362 ἐπὶ

2139 1391 2237 1458 τὰς
2263 1393 2487 1466 κέδρους
2513 1395 2607 1448 τοῦ
2641 1395 2797 1462 Θεοῦ,
2832 1397 2934 1459 τὰς
2965 1396 3263 1466 ἀγγελικὲκ
3302 1396 3398 1451 καὶ
3444 1396 3596 1461 θείας
3634 1398 3721 1452 δυο

2139 1486 2331 1557 νάμεις
2360 1487 2811 1560 ὲπεστηρίζοντο·
2844 1488 3100 1559 κλήματα
3132 1488 3189 1540 δὲ
3221 1488 3255 1560 ἢ
3299 1488 3499 1558 κόμας,
3529 1489 3565 1560 ἢ
3604 1489 3720 1559 χαί-

2136 1595 2237 1643 τας
2258 1579 2320 1633 τὺ
2352 1580 2460 1634 πᾶν
2494 1579 2761 1634 Ἰουδαίων
2795 1579 3000 1651 πλῆθος
3025 1580 3129 1642 ἕως
3171 1579 3450 1650 θαλάσσης
3485 1582 3722 1635 ἐκτεινό-

2140 1688 2300 1742 μενον
2321 1670 2409 1725 διά
2430 1671 2523 1725 τὸν
2555 1673 2789 1728 ἄστατον
2817 1674 2913 1727 καὶ
2941 1673 3344 1744 κυμαινόμενον
3373 1673 3483 1727 τῶν
3509 1672 3722 1745 ἀνθρώ-

2137 1780 2257 1816 πων
2286 1761 2433 1833 βίον·
2463 1764 2559 1817 καὶ
2601 1763 2753 1828 τέλος
2790 1764 3173 1835 παραφυάδας,
3211 1766 3339 1829 τοὺς
3384 1765 3721 1829 ἀποστόλους

453 1853 576 1908 bis:
610 1853 751 1918 Quia
804 1852 1103 1923 exspectaui
1145 1862 1206 1907 ut
1245 1853 1446 1922 faceret
1488 1868 1669 1916 uvam,
1702 1851 1825 1921 fecit
1857 1860 2030 1907 autem

2137 1853 2235 1908 τοῦ
2260 1854 2512 1933 Σωτῆρος
2546 1855 2703 1927 ἡμῶν
2726 1856 2803 1928 τῷ
2832 1832 3061 1928 ποταμῷ
3094 1856 3370 1921 συνόντας,
3398 1857 3528 1928 περὶ
3553 1851 3614 1913 οὗ
3640 1857 3721 1908 εἷο

449 1948 629 2015 spinas
650 1948 726 2015 '°;
746 1963 811 2003 ac
838 1962 1064 2003 rursum
1085 1944 1503 2015 :Ezspectaviut
1532 1945 1728 2016 faceret
1746 1945 2033 2015 judicium,

453 2042 573 2111 fecit
624 2051 801 2095 autem
856 2038 1226 2110 iniquitatem;
1271 2054 1377 2092 non
1392 2036 1690 2103 justitiam,
1717 2035 1806 2091 sed
1844 2038 2038 2090 clamo-

449 2150 562 2189 rem
590 2135 656 2187 7'.
710 2131 771 2187 In
825 2129 1060 2186 Jeremia
1084 2143 1304 2199 quoque
1326 2128 1544 2183 vineam
1602 2128 1722 2198 ipse
1752 2128 2032 2198 coarguit,

449 2223 802 2280 rationabilis
857 2222 1061 2294 quippe
1120 2228 1263 2287 erat,
1316 2219 1405 2275 bis
1452 2220 1675 2275 verbis:
1713 2220 1827 2291 Ego
1859 2231 2036 2275 autem

447 2317 690 2388 ptantavi
721 2316 927 2370 vineam
952 2312 1310 2384 fructiferam,
1342 2321 1507 2368 totam
1534 2329 1731 2368 veram.
1757 2313 2033 2379 Quomodo

450 2426 699 2466 conversa
727 2418 804 2464 est
829 2408 887 2463 in
913 2406 1324 2462 amaritudinem
1348 2407 1469 2461 vitis
1507 2406 1683 2461 aliena
1715 2406 1802 2461 ται
1829 2407 2034 2476 Adjicit

451 2511 635 2557 autem
673 2515 773 2572 per
801 2499 1002 2556 Isaiam
1030 2516 1044 2554 :
1077 2497 1336 2568 Auferam
1383 2512 1554 2567 sepem
1579 2498 1717 2567 ejus,
1760 2507 1811 2551 et
1855 2499 1957 2552 erit
1978 2499 2032 2554 in

449 2593 836 2662 direptionem;
868 2599 920 2647 et
948 2589 1193 2660 auferam
1219 2605 1431 2643 murum
1457 2588 1594 2659 ejus,
1623 2598 1673 2643 et
1701 2590 1801 2643 erit
1832 2589 1885 2642 in
1907 2605 2031 2644 con—

448 2686 816 2740 culcationem.
846 2683 917 2739 Et
961 2682 1230 2737 dimittam
1256 2682 1460 2738 vineam
1500 2697 1692 2745 meum,
1724 2692 1773 2735 et
1813 2698 1917 2736 non
1947 2681 2025 2750 fo-

447 2779 643 2843 dietur,
667 2793 831 2848 neque
869 2774 1167 2845 putabitur.
1218 2773 1288 2830 Et
1334 2772 1579 2828 ascendet
1612 2774 1668 2827 in
1706 2790 1823 2828 eam
1874 2774 2028 2844 quasi

448 2871 659 2927 aridam
698 2873 877 2941 spina,
909 2881 960 2926 et
1006 2870 1235 2925 nubibus
1269 2866 1534 2922 mandabo
1558 2882 1621 2922 ne
1652 2865 1844 2935 pluant
1872 2881 2029 2935 super

445 2981 563 3021 eam
588 2965 806 3019 imbrem
829 2965 898 3018 τ’.
929 2962 1126 3019 Ahlata
1158 2969 1345 3016 autem
1389 2975 1539 3031 sepe,
1570 2959 1775 3013 virtute
1815 2958 2028 3016 scilicet

445 3072 569 3129 quae
597 3056 840 3112 custodit
861 3063 917 3111 et
943 3053 1339 3111 circummunit
1378 3053 1590 3123 ipsam;
1624 3060 2028 3122 consequenter

2141 1963 2330 2018 ρηται·
2372 1948 2484 2003 Τοῦ
2534 1949 2804 2019 ποταμοῦ
2849 1949 2923 2004 τὰ
2971 1949 3280 2020 ὁρμήματα
3323 1951 3722 2018 εὐφραίνουσι

2136 2038 2250 2106 τὴν
2272 2038 2454 2093 πόλιν
2480 2039 2587 2093 τοῦ
2611 2038 2779 2095 Θεοῦ.
2832 2039 2971 2093 Ἀλλ’
2997 2041 3184 2112 ἐπειδὴ
3210 2039 3481 2094 τοσούτων
3510 2039 3721 2111 ἠξιώθη

2136 2130 2173 2200 ἠ
2214 2130 2554 2202 δεδηλωμένη
2594 2130 2839 2200 ἄμπελος
2885 2130 2992 2184 ὑπὸ
3034 2129 3130 2184 τοῦ
3175 2131 3447 2203 πρότερον
3495 2133 3722 2186 ἐπισκο-

2135 2220 2366 2286 ποῦντας
2404 2222 2572 2294 αὐτὴν
2599 2222 2736 2277 Θεοῦ
2766 2222 2962 2291 Λόγου,
3006 2222 3316 2286 ἀκολούθως
3342 2222 3371 2273 ὁ
3404 2221 3561 2292 λόγος
3586 2223 3721 2295 ἑξῆς

2134 2315 2210 2380 ὡς
2235 2315 2370 2387 πρὸς
2397 2316 2559 2369 αὐτὸν
2580 2315 2670 2368 τὸν
2695 2313 2764 2368 τὰ
2789 2314 3028 2369 τοσαῦτα
3051 2315 3424 2387 δεδωρημένον
3445 2317 3722 2389 ἐπαπορεί

2134 2409 2307 2478 λέγων
2334 2427 2347 2441 ·
2398 2409 2581 2463 Ἰνατι
2638 2408 2912 2476 καθεῖλες
2944 2409 3051 2466 τὸν
3076 2410 3348 2479 φραγμὸν
3390 2410 3615 2479 aonie;
3656 2412 3721 2467 '0

2131 2502 2188 2556 δὲ
2229 2502 2583 2574 ἀποκρίνεται
2627 2501 2802 2571 λέγων
2824 2519 2839 2535 °
2891 2503 3046 2558 Διότι
3085 2505 3290 2573 ἔμεινα
3329 2505 3433 2560 ἵνα
3486 2505 3716 2575 ποιήσῃ

2131 2596 2459 2665 σταφυλὴν
2483 2635 2500 2661 ,
2550 2595 2805 2663 ἐποίησε
2859 2595 2929 2651 δὲ
2973 2594 3239 2662 ἀκάνθας
3267 2614 3284 2631 ’
3343 2598 3439 2653 καὶ
3502 2597 3665 2652 πάλιν
3695 2614 3713 2629 ο

2136 2688 2377 2757 Ἔμεινα
2414 2688 2516 2741 ἵνα
2550 2689 2779 2757 ποιήσῃ
2808 2688 3036 2756 κρίσιν,
3063 2688 3319 2757 ἐποίησε
3343 2689 3413 2743 δὲ
3434 2690 3713 2761 ἀνομίαν,

2130 2779 2230 2834 καὶ
2254 2781 2327 2834 οὐ
2350 2780 2765 2847 δικαιοσύνην,
2788 2778 2948 2834 ἀλλὰ
2973 2779 3263 2850 κραυγήν.
3290 2782 3403 2835 Καὶ
3431 2782 3493 2835 ἑν
3523 2781 3604 2854 τῷ
3627 2782 3718 2836 ἰε-

2133 2871 2299 2943 ρεμιᾳ
2332 2870 2390 2924 δὲ
2420 2872 2450 2924 ὁ
2481 2871 2647 2934 αὐτὸς
2689 2869 2903 2941 ἐλέγχει
2937 2870 3037 2943 τὴν
3070 2871 3338 2942 ἄμπελον,
3374 2870 3567 2945 λογικὴ
3606 2872 3714 2945 γὰρ

2127 2958 2218 3034 ἦν,
2247 2963 2469 3032 φάσκων
2488 2980 2504 2996 ο
2540 2963 2683 3034 Ἐγὼ
2705 2962 2775 3017 δὲ
2795 2963 3103 3032 ἐφύτευσα
3123 2963 3397 3033 ἄμπελον
3416 2968 3717 3036 καρποφό-

2121 3070 2238 3122 ρον
2272 3054 2480 3110 πᾶσαν
2514 3052 2832 3123 ἀληθινήν.
2863 3052 2999 3121 Πῶς
3038 3052 3311 3124 ἐστράφη
3344 3057 3433 3121 εὶς
3473 3057 3718 3125 πικρίαν

447 3164 638 3205 omnes
691 3148 891 3203 deinde
913 3146 1123 3202 inimici
1163 3145 1469 3201 invisibiles
1523 3151 1579 3200 et
1618 3144 1849 3205 occulti,
1895 3142 2026 3198 t‘eris

2132 3144 2169 3212 ἠ
2221 3143 2491 3214 ἄμπελος
2532 3145 2571 3212 ἡ
2624 3145 2950 3213 ἀλλοτρίω
3000 3144 3334 3218 Προστιθησι
3382 3147 3440 3201 δὲ
3482 3149 3580 3202 καὶ
3627 3149 3718 3204 διὰ

447 3238 756 3309 agrestibus
779 3236 1131 3292 immaniores
1155 3234 1349 3306 (Vens.
1380 3234 1496 3305 li),
1516 3235 2028 3290 cxterminaverunt

446 3343 565 3394 eos,
620 3327 872 3383 videlicet
921 3326 1013 3397 qui
1070 3341 1101 3381 a
1152 3323 1440 3394 Scriptura
1491 3323 1915 3379 accusabantur.
1963 3322 2029 3376 Et

445 3417 670 3492 quidam
702 3419 952 3488 impurus
984 3430 1139 3486 aper,
1170 3430 1369 3486 nempe
1398 3415 1683 3485 Assyrius,
1716 3415 1871 3486 prior
1899 3429 2025 3469 cum

448 3506 766 3564 fortitudine
797 3505 1081 3571 invadens,
1129 3503 1413 3576 praefatam
1458 3504 1678 3561 vineam
1708 3505 2030 3576 pessumda-

443 3600 552 3665 dit,
580 3600 652 3654 ita
677 3607 736 3653 ut
769 3597 1177 3654 multitudinem
1219 3598 1407 3670 p0puli
1441 3597 1715 3669 captivam
1754 3598 1810 3653 in
1859 3597 2022 3670 Assy-

444 3692 560 3747 rios
581 3691 900 3747 abduceret.
954 3689 1161 3746 Deinde
1187 3706 1320 3748 vero
1351 3690 1492 3746 alter
1522 3690 1782 3748 inimicus
1815 3691 2030 3762 ingres-

445 3799 564 3849 sus,
588 3800 710 3854 quae
742 3799 772 3838 a
808 3785 993 3854 priore
1025 3784 1219 3840 relicta
1274 3783 1493 3840 fuerant
1537 3783 1795 3849 vastavit,
1837 3782 2025 3839 Nabu-

444 3875 793 3933 chodonosor
814 3877 1085 3944 videlicet,
1113 3877 1207 3951 qui
1239 3877 1500 3945 templum
1530 3876 1795 3942 incendit,
1831 3883 1887 3932 et
1909 3876 2028 3933 solo

441 3968 699 4039 aequavit.
723 3967 905 4035 Quare
948 3970 1253 4025 secundum
1306 3968 1697 4041 Symmachum
1732 3969 1899 4024 etiam
1941 3967 2029 4023 di-

442 4070 591 4117 ctum
616 4070 702 4119 est
734 4079 747 4116 :
789 4062 1027 4118 Vastavit
1046 4080 1166 4118 eam
1207 4079 1335 4133 aper
1357 4062 1422 4118 de
1454 4062 1615 4128 silva,
1663 4070 1714 4119 et
1736 4062 2026 4133 singularis

443 4154 586 4220 [erus
606 4156 858 4226 depastus
910 4167 989 4213 est
1021 4174 1160 4212 eam.
1185 4155 1296 4211 Pro
1348 4156 1447 4212 illo
1496 4162 1703 4221 autem,
1733 4154 2027 4226 singularis

442 4246 611 4312 ferus,
636 4247 856 4318 Aquila,
889 4249 1226 4319 amnigenam
1250 4257 1470 4313 terram,
1502 4247 1894 4319 interpretatus
1916 4255 2023 4302 est.

445 4339 758 4396 Secundum
794 4340 958 4395 aliam
986 4355 1118 4396 vero
1154 4339 1685 4410 interpretationem,
1723 4337 2027 4409 pessumda-

441 4432 521 4487 dit
546 4449 665 4487 eam
690 4447 708 4497 ;
736 4432 791 4486 id
819 4440 927 4499 est,
980 4441 1339 4487 memoratam
1370 4432 1607 4497 vineam,
1645 4431 1823 4501 primo
1852 4429 2027 4501 Baby—

2124 3236 2365 3307 ,Ἢσαῖου
2399 3237 2572 3306 λέγων
2589 3253 2604 3267 ·
2639 3234 2886 3293 Καθελῶ
2914 3236 3022 3291 τὸν
3053 3238 3328 3307 φραγμὸν
3361 3239 3574 3308 αὐτῆς,
3612 3242 3713 3295 καὶ

2126 3330 2299 3384 ἐσται
2332 3331 2420 3396 εις
2443 3328 2779 3400 διαρπαγήν
2801 3344 2815 3358 ⁸
2843 3329 2942 3383 καὶ
2968 3328 3201 3386 καθελῶ
3229 3330 3339 3385 τὸν
3372 3330 3579 3401 τοῖχον
3598 3333 3703 3388 αὐ·

2126 3421 2257 3491 τῆς,
2286 3423 2385 3476 καὶ
2407 3422 2578 3477 ἔσται
2608 3425 2697 3490 εὶς
2734 3422 3172 3492 καταπάτησιν.
3225 3423 3331 3479 Kal
3362 3422 3572 3493 ἀνήσω
3601 3424 3713 3478 τὸν

2127 3514 2452 3586 ἀμπελῶνά
2469 3532 2611 3584 μου,
2638 3516 2736 3571 καὶ
2763 3518 2837 3572 οὐ
2854 3516 2942 3587 μὴ
2968 3516 3201 3587 unum},
3220 3515 3363 3572 οὐδὲ
3382 3515 3465 3587 μὴ
3487 3516 3706 3587 τμηθῇ.

2126 3606 2239 3663 Καὶ
2277 3605 2644 3673 ἀναϐήσεται
2671 3609 2762 3676 εις
2793 3609 2981 3664 αὐτὸν
3013 3609 3157 3664 ὡσεὶ
3185 3607 3410 3678 χέρσον
3452 3607 3705 3672 ἄκανθα,

2126 3700 2227 3756 καὶ
2288 3700 2421 3767 ταῖς
2469 3698 2759 3769 νεφέλαις
2811 3700 3169 3770 ἐντελοῦμαι
3210 3701 3321 3755 τοῦ
3361 3698 3447 3770 μὴ
3497 3698 3714 3767 ,βρέξαι

2125 3797 2215 3862 εὶς
2246 3794 2434 3849 αὑτὸν
2474 3794 2671 3850 ὑετόν.
2711 3793 3146 3866 Καθαιρεθέντος
3187 3794 3246 3849 δὲ
3288 3793 3387 3847 τοῦ
3434 3791 3714 3865 φραγμοῦ,

2127 3885 2371 3940 τουτέστι
2396 3885 2497 3956 τῆς
2528 3885 2903 3956 φυλαττούσης
2934 3886 3132 3949 αὐτοὺς
3170 3885 3267 3940 καὶ
3310 3883 3717 3957 περιφραττού-

2129 3995 2231 4051 σης
2259 3977 2562 4049 δυνάμεως,
2586 3978 2811 4041 εἰκότως
2835 3977 3031 4040 πάντες
3065 3976 3250 4033 λοιπὸν
3275 3975 3526 4046 πολέμιοι
3549 3974 3717 4043 ἀόρα-

2126 4072 2209 4125 τοι
2241 4088 2299 4125 τε
2328 4070 2423 4125 καὶ
2447 4071 2693 4140 ἀφανεῖς,
2725 4068 2907 4141 θηρῶν
2935 4068 3146 4140 ἀγρίων
3174 4066 3326 4132 ὄντες
3360 4063 3718 4138 ἀνημερώτε-

2131 4180 2234 4236 ροι,
2263 4162 2604 4233 ἐλυμήναντο
2644 4162 2863 4225 αὐτοὺς,
2894 4160 3094 4231 δηλαδὴ
3137 4161 3266 4224 τοὺς
3291 4159 3397 4213 ὑπὸ
3430 4157 3524 4213 τού
3553 4157 3716 4225 λόγου

2128 4242 2657 4326 κατηγορουμένους.
2694 4252 2804 4307 Καί
2848 4269 2930 4316 τις
2964 4252 3180 4324 πρῶτος
3212 4251 3524 4322 ἀκάθαρτος
3567 4243 3653 4312 ὗς,
3686 4248 3718 4300 δ

2141 4345 2440 4414 Ἀσσύριος,
2466 4342 2722 4398 εἰσελθὼν
2756 4342 3013 4415 ἰσχυρῶς,
3042 4342 3142 4414 τὴν
3173 4342 3509 4414 δηλωθεῖσαν
3530 4342 3716 4412 ἀμπε-

2128 4437 2221 4491 λον
2268 4437 2589 4508 διέφθειρεν,
2637 4436 2713 4499 ὡς
2763 4436 2856 4491 καὶ
2914 4437 3223 4504 ἀπαγαγεῖν
3268 4433 3613 4505 αἰχμάλωτον
3655 4431 3720 4486 τὸ

442 4524 647 4587 Ionius,
673 4524 767 4595 qui
796 4523 946 4594 prior
973 4523 1346 4595 Hierosolyma
1358 4524 1605 4587 obsessa,
1627 4521 1834 4578 excidit
1858 4520 2026 4586 illam;

2134 4528 2336 4599 πλῆθος
2368 4529 2446 4591 εἰς
2472 4528 2601 4591 τοὺς
2627 4526 2964 4599 Ἀσσυρίους.
2996 4522 3130 4581 Εἶτα
3160 4526 3411 4599 δεύτερος
3434 4525 3715 4595 πολέμιος,

445 4625 567 4689 post
604 4619 757 4674 illum
781 4632 914 4673 vero
941 4617 1229 4676 Romanus
1257 4620 1592 4683 excercitus,
1614 4616 1708 4686 qui
1741 4624 1865 4686 post
1892 4614 2022 4671 Ser-

441 4713 651 4767 vatoris
683 4711 861 4767 nostri
909 4710 1229 4785 adventum,
1264 4711 1578 4781 irrumpens
1602 4710 1839 4764 vastavit
1877 4722 2019 4762 eam.

442 4801 569 4858 Haec
619 4820 785 4874 porro
841 4806 1027 4862 omnia
1053 4805 1386 4861 vaticinatur
1414 4804 1623 4876 Asaph,
1650 4805 1741 4875 qui
1777 4811 2024 4872 tempore

441 4893 663 4951 Davidis
690 4905 816 4953 ante
836 4896 1225 4973 liierosolyma:
1247 4896 1715 4953 constructionem
1745 4904 2025 4965 erat,qu&

441 4986 719 5045 adnotatis
753 4991 1093 5061 temporibus
1119 4997 1387 5047 eventura
1422 4989 1526 5060 ipsi
1569 4995 1728 5045 erant
1762 5003 2020 5059 praenun—

440 5080 607 5135 tians.
643 5078 710 5135 Et
735 5081 954 5151 quidem
985 5083 1040 5137 in
1075 5082 1332 5152 presenti
1366 5081 1584 5137 videtur
1633 5094 1741 5135 una
1789 5080 2020 5150 primam

438 5169 782 5228 obsidionem
832 5186 864 5226 a
903 5172 1238 5244 Babyloniis,
1282 5182 1339 5229 et
1365 5172 1663 5229 secundam
1697 5186 1728 5225 a
1758 5169 2024 5226 Romanis

440 5259 643 5317 factam
662 5262 953 5319 vaticinari
987 5283 1002 5320 :
1035 5279 1135 5334 per
1168 5263 1566 5335 praecedentem
1596 5278 1727 5318 vero
1752 5262 2021 5332 psalmum

439 5369 563 5426 qua:
589 5356 694 5412 sub
722 5354 996 5413 Antiocho
1018 5356 1305 5427 Epiphane
1331 5358 1682 5428 contigerunt
1702 5372 1718 5421 ;
1740 5371 1836 5425 per
1851 5369 2026 5409 LXXIII

442 5455 624 5504 autem
662 5465 727 5506 ea
755 5451 935 5507 solum
960 5466 1083 5521 qua:
1127 5450 1197 5505 ad
1223 5462 1555 5522 postremam
1587 5463 1618 5503 a
1655 5446 2025 5503 Romanis’fa-

440 5543 587 5593 ctam
614 5539 960 5597 obsidionem
1008 5540 1305 5611 pertinent,
1332 5547 1394 5596 ut
1424 5537 1493 5593 ad
1527 5552 1700 5593 sum
1734 5552 2023 5593 common-

441 5637 676 5688 stratum
706 5643 815 5691 est.

2126 4618 2406 4683 εἰσελθὼν,
2428 4618 2499 4672 τά
2528 4618 2634 4672 ὑπὸ
2658 4617 2752 4671 τοῦ
2779 4616 2998 4688 πρώτου
3031 4614 3464 4685 καταλειφθέντα
3496 4630 3719 4668 κατενε-

2132 4713 2407 4785 μήσατο,ό
2440 4710 2930 4783 Ναϐουχοδονόσορ,
2961 4713 2992 4764 ὁ
3017 4710 3115 4765 καὶ
3142 4710 3206 4763 τὸ
3239 4708 3384 4781 ἱερὸν
3430 4707 3716 4780 πυρπολή-

2129 4822 2227 4871 σας
2254 4807 2347 4860 καὶ
2378 4807 2458 4869 εἰς
2504 4805 2701 4875 ἔδαφος
2739 4803 2985 4876 ἀγαγών.
3020 4803 3114 4857 Διὸ
3150 4802 3400 4857 λέλεκται
3447 4802 3543 4856 καὶ
3573 4800 3721 4854 κατά

2127 4898 2220 4953 τὸν
2261 4898 2584 4970 Σύμμαχον⁸
2619 4897 3082 4967 Κατενεμήσατο
3119 4896 3318 4964 αὐτὴν
3347 4892 3425 4962 ὗς
3469 4895 3538 4948 ἐκ
3585 4894 3720 4961 ὅρι’·

2119 4987 2262 5058 μοῦ,
2310 4989 2408 5041 καὶ
2448 4988 2659 5058 μονιὸς
2707 4988 2912 5058 ἄπριος
2958 4986 3452 5051 κατεσοσκήσατο
3494 4982 3716 5053 αὑτήν.

2140 5078 2285 5133 Ἀντὶ
2327 5079 2385 5133 δὲ
2417 5079 2535 5144 τοῦ,
2585 5080 2685 5133 καὶ
2724 5079 2939 5149 μονιὸς
2984 5081 3209 5151 ᾶτζριος,
3242 5081 3272 5133 ὁ
3310 5078 3563 5141 Ἀκύλας,
3612 5076 3719 5130 καὶ

2126 5172 2526 5242 παντοδαπὴν
2552 5173 2770 5242 χώραν,
2798 5174 3132 5245 ἡρμήνευσε.
3170 5173 3306 5226 Καθ’
3328 5173 3520 5245 ἑτέραν
3547 5169 3605 5223 δὲ
3634 5171 3722 5240 ἐρ-

2129 5266 2379 5337 μηνείαν,
2410 5266 2755 5335 ἐλυμήνατο
2800 5264 3018 5334 αὐτὴν,
3047 5258 3249 5338 δηλαδὴ
3294 5264 3396 5335 τὴν
3437 5260 3721 5317 ἀποδοθεῖ-

2126 5375 2227 5412 σαν
2259 5358 2523 5429 ἄμπελον,
2570 5359 2787 5431 πρῶτος
2818 5362 2849 5413 ό
2892 5358 3257 5424 Βαϐυλώνιος,
3289 5359 3317 5411 ὁ
3357 5357 3452 5410 καὶ
3497 5353 3721 5426 πρῶτος

2123 5452 2225 5524 τὴν
2283 5450 2643 5523 Ἰερουσαλὴμ
2695 5451 2984 5524 πολιορκίᾳ
3039 5450 3294 5525 δῃώσας
3348 5449 3542 5503 ἔπειτα
3601 5447 3723 5518 μετ’

2125 5542 2334 5595 ἐκεῖνον
2354 5542 2386 5593 ὁ
2426 5541 2732 5612 Ῥωμαῖκῦς
2756 5542 3007 5614 στρατὸς,
3040 5541 3178 5613 μετά
3215 5541 3317 5611 τὴν
3337 5538 3433 5594 τοῦ
3466 5537 3726 5608 Σωτῆρος

2128 5630 2283 5703 ἡμῶν
2340 5632 2646 5703 παρουσίαν
2710 5630 2987 5696 ἐπελθὼν,
3046 5633 3459 5702 κατενεμήσατο
3525 5628 3718 5697 αὐτήν.

443 5723 629 5777 Ταῦτα
655 5725 714 5778 δὲ
765 5726 946 5781 πάντα
974 5726 1306 5799 προφητεύει
1344 5725 1517 5797 Ἀσὰφ
1563 5724 1706 5779 κατά
1756 5725 1884 5786 τοὺς
1931 5723 2154 5796 χρόνους
2182 5721 2421 5790 γεγονὼς
2455 5721 2547 5775 τοῦ
2578 5722 2760 5788 Δαυῒδ,
2794 5724 2900 5787 πρὸ
2931 5724 3031 5781 τῆς
3064 5723 3353 5795 οἰκοδομῆς
3378 5722 3478 5792 τῆς
3522 5721 3721 5787 Ἱερουι

515 5837 562 5869 ⁷⁸
603 5836 746 5893 Psal.
780 5852 908 5907 XLV,
940 5840 993 5895 5.
1068 5843 1115 5874 ⁷⁵
1149 5841 1251 5898 lsa.
1290 5859 1341 5901 v.
1377 5843 1429 5898 5.

1504 5844 1547 5876 ⁷⁷
1591 5843 1727 5903 ibid.
1763 5842 1818 5898 7.
1896 5846 1941 5883 ⁷⁸
1980 5841 2095 5898 Jer.
2133 5856 2209 5910 ιι,
2245 5840 2339 5895 21.
2414 5840 2461 5872 ⁷⁸
2502 5838 2674 5906 lsa.v,
2710 5840 2743 5893 5
