4066 6386
471 322 572 376 967

1203 326 1470 384 EUSEBII
1508 331 1986 390 CAESARIENSIS
2018 334 2170 391 OPP.
2212 335 2392 394 PARS
2430 337 2516 395 lll.
2543 371 2612 381 -—
2640 339 3050 400 EXEGETICA.

3618 348 3724 405 968

466 452 614 492 nunc
644 437 861 494 tandem
906 454 1102 497 manus
1133 451 1226 498 tua
1257 446 1471 500 occulta
1513 448 1603 501 illa
1630 456 1686 503 et
1733 449 2023 506 invisibilis

2153 453 2251 506 ἐπὶ
2281 454 2414 508 υἱὸν
2440 457 2775 525 ἀνθρώπου,
2803 459 2876 512 ὃν
2892 458 3298 528 ἐκραταιωσας
3331 460 3587 526 σεαυτῷ.
3609 463 3726 521 Καὶ

466 526 749 582 illucescat
767 528 822 583 in
852 530 967 585 viro
991 531 1228 590 dexterae
1249 543 1356 590 tua:
1385 538 1660 602 ministro,
1689 548 1744 596 et
1778 541 1833 595 in
1861 557 1926 598 eo
1948 544 2042 613 qui

466 615 637 672 l-‘ilius
671 619 910 678 hominis
930 625 1212 681 vocandus
1233 634 1319 681 est
1347 647 1360 682 :
1392 645 1553 699 quem
1589 638 1646 684 tu
1679 631 1774 686 tibi
1813 637 2040 704 parasti,

2144 546 2216 597 οὐ
2239 544 2326 614 μὴ
2355 545 2710 617 ἀποστῶμεν
2730 547 2849 602 ἀπὸ
2864 549 3002 603 σοῦ.
3039 549 3104 602 Ἦ
3122 549 3180 603 δὲ
3195 549 3424 620 δύναμις
3442 550 3537 604 τοῦ
3563 551 3725 621 λόγου

2141 636 2329 692 τοῦτον
2359 637 2473 710 ἔχει
2493 640 2586 694 τὸν
2616 640 2772 696 νοῦν·
2806 642 2942 714 Ἤδη
2982 643 3114 697 ποτὲ
3145 643 3334 732 ὴοχείρ
3378 660 3472 696 σου
3519 645 3554 715 η
3591 645 3707 714 ἀφα

426 707 428 709 ’
461 716 627 780 atque
657 722 715 767 ut
754 714 1177 772 instrumentum
1218 721 1442 778 virtutis
1470 730 1578 779 tuae
1605 725 1967 792 conﬁrmasti,
1988 747 2020 784 e

2143 727 2239 800 νὴς
2271 732 2365 784 καὶ
2389 707 2630 804 γᾶόρατος
2664 707 3026 805 ἐπιλαμψέιτω
3061 707 3278 790 ἔπιτον
3303 707 3598 810 ’ὑπηρέτην
3622 707 3723 810 τῆς

460 804 620 873 quasi
651 805 871 862 deitatis
913 815 1018 863 tua:
1056 810 1414 868 simulacrum
1449 817 1722 873 excitasti.
1756 817 1893 874 Nam
1939 820 2043 877 hoc

460 904 780 965 apparente,
814 915 924 954 non
969 901 1202 957 ulterius
1233 902 1376 958 idola
1407 906 1686 964 colemus:
1737 909 1835 966 sed
1865 927 2042 983 neque

460 987 755 1042 multorum
803 992 1088 1047 numinum
1117 996 1292 1050 errori
1348 999 1670 1067 serviemus,
1707 1017 1888 1072 neque
1923 1018 2043 1058 am-

458 1079 602 1149 plius
634 1096 664 1135 a
695 1089 748 1138 te
776 1084 1118 1142 recedemus.
1146 1086 1442 1159 Postquam
1463 1097 1646 1146 autem
1669 1093 1738 1148 ab
1756 1109 1822 1150 eo
1848 1095 2036 1160 vitam,

455 1181 510 1224 et
548 1175 781 1230 salutem
809 1193 929 1247 quae
948 1177 1004 1233 in
1031 1186 1086 1235 te
1117 1191 1201 1236 est
1225 1183 1623 1253 acceperimus,
1655 1201 1853 1241 nomen
1883 1195 2038 1243 tuum

456 1259 872 1322 invocabimus:
933 1284 1112 1339 neque
1161 1271 1395 1328 ulterius
1449 1274 1758 1345 cujuspiam
1819 1278 2040 1334 nomine

454 1356 870 1423 appellabimur,
928 1375 1037 1414 non
1073 1361 1142 1418 ab
1194 1362 1396 1420 lsraele
1441 1364 1722 1434 Israelita,
1781 1383 1959 1439 neque
2005 1384 2039 1424 a

451 1443 590 1498 Juda
617 1445 823 1515 Judaai;
862 1450 956 1504 sed
984 1464 1014 1504 a
1048 1457 1165 1516 tuo,
1196 1451 1436 1518 Christe,
1473 1457 1696 1513 nomine
1739 1455 2037 1514 Christiani

450 1540 787 1595 vocabimur.
819 1541 1161 1613 Quapmpter
1198 1549 1499 1600 secundum
1533 1546 1921 1619 Symmachum
1952 1551 2036 1606 di-

451 1630 592 1684 citur
617 1650 630 1685 :
678 1631 980 1702 Viviﬁcabis
1004 1651 1121 1700 nos,
1147 1645 1196 1688 et
1233 1636 1444 1691 nomine
1469 1647 1562 1692 tuo
1589 1639 1911 1694 vocabimur.
1943 1640 2037 1695 Mi-

450 1723 558 1776 rari
584 1739 748 1794 porro
779 1726 946 1790 subit,
973 1743 1074 1782 cur
1103 1725 1274 1783 Judaei
1315 1730 1430 1785 haec
1459 1731 1723 1803 legentes,
1753 1743 1859 1789 et.a
1892 1741 2035 1790 tene-

448 1817 528 1872 ris
554 1819 867 1888 unguiculis
911 1822 1260 1889 meditantes,
1288 1839 1399 1880 non
1434 1834 1685 1897 quaerant
1718 1827 1844 1897 quis
1871 1827 2036 1884 fuerit

449 1909 542 1965 ille
576 1911 661 1965 vir
685 1911 925 1969 dexterae
949 1914 1065 1980 Dei,
1099 1932 1278 1988 neque
1305 1932 1432 1973 eum
1462 1920 1556 1989 qui
1589 1917 1763 1976 Filius
1795 1920 2035 1978 hominis

445 2013 670 2058 vocatur
703 2014 1042 2076 cognoscant
1075 2027 1090 2064 :
1128 2024 1300 2080 quare
1333 2011 1389 2065 in
1419 2012 1735 2069 calamitate
1771 2029 1870 2069 sua
1905 2030 2034 2086 per-

445 2107 717 2152 severant.
752 2100 856 2166 Qui
892 2103 939 2156 si
983 2102 1163 2172 ipsum
1212 2105 1498 2162 novissent
1542 2121 1607 2162 ac
1650 2109 2031 2178 edidicissent,

442 2191 646 2245 scirent
691 2193 881 2263 utique
915 2192 1011 2250 Dei
1044 2195 1308 2264 Verbum,
1333 2200 1480 2269 quod
1521 2204 1779 2272 prmsenti
1825 2205 2034 2276 suppli-

441 2283 659 2338 catione
691 2285 1071 2353 invocabatur,
1097 2289 1153 2344 in
1184 2291 1305 2361 ipso
1343 2292 1642 2350 habitasse.
1677 2294 1782 2353 Sed
1814 2313 1915 2354 nos
1935 2301 2032 2370 qui

440 2374 620 2442 ipsum
669 2379 1056 2446 praecxsistens
1101 2397 1244 2448 esse,
1279 2399 1346 2440 ac
1384 2385 1453 2442 de
1487 2386 1805 2446 hominibus
1847 2392 2032 2463 provi-

440 2465 680 2526 dentiam
723 2472 946 2528 omnino
976 2488 1164 2546 gerere
1216 2480 1503 2547 novimus;
1553 2497 1680 2536 nam
1715 2483 1782 2538 In
1833 2485 2029 2542 mundo

436 2573 573 2628 erat,
607 2575 655 2619 et
682 2567 907 2622 mundus
942 2584 1034 2638 per
1054 2570 1227 2638 ipsum
1250 2571 1424 2641 factus
1451 2584 1549 2642 est,
1577 2587 1628 2631 et
1659 2578 1886 2636 mundus
1908 2599 2028 2638 eum

434 2674 541 2711 non
578 2661 815 2730 cognovit
844 2660 927 2726 ⁸¹;
961 2663 1170 2720 scimus
1201 2664 1379 2736 ipsum
1429 2667 1484 2722 in
1530 2672 1749 2741 propria
1788 2675 2024 2742 venisse,

435 2752 655 2820 quando
686 2768 880 2810 manus
907 2754 1030 2825 ejus
1056 2756 1172 2814 sive
1191 2759 1276 2814 vis
1302 2774 1539 2830 operans
1574 2763 1719 2818 facta
1741 2776 1826 2822 est
1861 2783 2028 2839 super

432 2845 611 2898 virum
635 2844 874 2903 dexterae
895 2848 1038 2919 ejus,
1064 2851 1158 2920 qui
1181 2851 1236 2906 in
1256 2852 1563 2926 Evangeliis
1585 2857 1755 2915 Filius
1787 2859 2026 2920 hominis

431 2947 659 2993 vocatur
689 2959 703 2995 :
735 2957 897 3011 quem
944 2944 1051 2998 sibi
1087 2945 1190 3016 ipsi
1235 2946 1353 3016 ipse
1384 2964 1451 3002 ex
1487 2947 1693 3019 Spiritu
1727 2962 1921 3010 sancto
1941 2954 2026 3012 ei-

431 3028 688 3087 formavit
715 3052 727 3086 :
752 3051 913 3104 quem
946 3037 997 3092 si
1026 3038 1365 3105 noverimus,
1401 3039 1695 3098 defectioni
1739 3061 2021 3117 nunquam

2143 820 2245 890 σῆς
2269 820 2449 886 δεξιᾶς
2477 824 2665 897 ἄνδρα,
2691 826 2784 880 καὶ
2827 827 2919 882 ἐπὶ
2942 827 3036 880 τὸν
3067 825 3330 897 μέλλοντα
3361 828 3722 900 χρηματίζειν

2142 913 2272 967 Υἱὸν
2311 905 2597 987 ἀνθρώπου
2620 935 2633 948 ·
2659 919 2720 972 ὃν
2749 919 2814 973 σὺ
2844 919 3028 991 σαυτῷ
3080 919 3513 985 κατεσκεύασας,
3557 923 3723 993 ἐκρα-

2139 994 2380 1071 ταίωσιίς
2428 1009 2658 1081 ὄργανον
2699 1012 2801 1083 τῆς
2860 1013 2960 1084 σῆς
3013 1013 3297 1082 δυνάμεως
3319 1053 3334 1077 ,
3379 1014 3474 1066 καὶ
3528 1013 3722 1086 ῶσπερ

2139 1101 2361 1175 ἄγαλμα
2389 1104 2487 1176 τῆς
2527 1105 2723 1158 σαυτοῦ
2769 1104 3024 1177 θεότητος
3063 1107 3254 1162 τοῦτον
3284 1107 3450 1161 αὐτὸν
3481 1108 3720 1178 ἀναστή-

2141 1211 2258 1260 σας.
2288 1195 2490 1249 Τούτου
2532 1197 2642 1268 γὰρ
2667 1197 2960 1266 φανέντος,
2995 1198 3236 1264 εἰδώλοις
3265 1199 3448 1254 οὐκέτι
3488 1199 3720 1270 λατρεύ-

2141 1303 2342 1359 σομεν·
2401 1289 2517 1342 ἀλλ’
2565 1289 2685 1343 οὐδὲ
2727 1292 2794 1361 τῇ
2829 1289 3074 1362 πολυθέῳ
3119 1292 3294 1364 πλάνῃ
3339 1291 3716 1363 δουλεύσομεν,

2137 1381 2260 1437 οὐδὲ
2307 1382 2734 1454 ἀναχωρήσομέν
2775 1400 2868 1437 σου
2921 1383 3016 1438 τοῦ
3075 1383 3266 1439 λοιποῦ
3290 1401 3304 1415 ·
3357 1384 3425 1438 δι’
3457 1384 3627 1438 αὑτοῦ
3658 1384 3716 1438 δὲ

2137 1473 2446 1540 ζωωθέντες
2469 1477 2565 1530 καὶ
2598 1476 2698 1545 τῆς
2736 1477 2888 1547 παρὰ
2924 1477 3007 1530 σοὶ
3038 1477 3310 1548 σωτηρίας
3341 1477 3614 1546 τυχόντες,
3655 1477 3718 1531 τὸ

2137 1567 2310 1638 ὄνομά
2333 1584 2425 1620 σου
2457 1567 2916 1638 ἐπικαλεσόμεθα,
2955 1569 3133 1622 οὐκέτ’
3165 1567 3225 1633 ἐξ
3249 1568 3537 1638 ἀνθρώπου
3571 1569 3717 1632 τινος

2135 1658 2596 1730 χρηματίζοντες,
2643 1659 2774 1713 οὐδ”
2809 1659 3134 1731 Ἰσραηλῖται
3180 1660 3288 1714 ἀπὸ
3341 1659 3435 1714 τοῦ
3501 1659 3716 1732 Ἰσραὴλ

2137 1751 2479 1823 καλούμενοι,
2512 1751 2629 1807 ἀλλ’
2657 1752 2780 1806 οὐδὲ
2812 1753 2920 1806 ἀπὸ
2945 1753 3039 1806 τοῦ
3078 1752 3248 1806 Ἰούδα
3289 1753 3529 1808 Ἰουδαῖοι
3552 1770 3568 1786 ·
3605 1753 3716 1807 ἀπὸ

2135 1843 2192 1897 δὲ
2221 1842 2316 1898 τοῦ
2351 1843 2445 1898 σοῦ
2467 1844 2730 1916 ὀνόματος
2760 1843 2855 1898 τοῦ
2890 1844 3127 1917 Χριστοῦ
3158 1845 3474 1916 Χριστιανοὶ
3499 1863 3717 1917 χρημα-

2133 1936 2374 2008 τίσομεν.
2415 1937 2504 1990 Διὸ
2535 1937 2784 1992 λέλεκται
2812 1937 2953 1991 κατὰ
2971 1937 3064 1991 τὸν
3083 1937 3377 2008 Σύμμαχον
3401 1954 3414 1967 ·
3444 1937 3716 2003 Ζωὼσεις
3821 1990 3830 1995 .

2133 2028 2310 2098 ἡμᾶς,
2337 2029 2434 2083 καὶ
2463 2027 2541 2096 τῷ
2579 2030 2826 2100 ὀνόματι
2856 2046 2972 2084 σου
3004 2031 3445 2099 κληθησόμεθα.
3489 2029 3716 2098 Θαυμά-

2136 2137 2226 2174 σαι
2249 2121 2306 2175 δὲ
2338 2122 2450 2175 ἔστι
2478 2123 2600 2176 τίνα
2621 2123 2822 2192 τρόπον
2866 2121 3076 2186 τούτοις
3116 2121 3535 2192 ἐντυγχάνοντες
3582 2121 3714 2175 ’1ου-

2132 2212 2296 2267 δαίων
2328 2214 2534 2278 παῖδες,
2555 2213 2614 2279 ἐξ
2647 2213 2871 2268 ἁπαλῶν
2895 2230 2955 2266 τε
3004 2212 3212 2283 ὀνύχων
3255 2211 3429 2265 ταῦτα
3464 2229 3712 2283 καταμε-

2133 2306 2414 2370 λετῶντες,
2440 2306 2502 2360 ού
2545 2306 2767 2378 ζητοῦσι
2791 2305 2883 2358 τὸν
2916 2305 3085 2377 ἄνδρα
3119 2305 3219 2376 τῆς
3244 2305 3423 2372 δεξιᾶς
3454 2304 3550 2358 τοῦ
3572 2303 3711 2358 Θεοῦ

2129 2399 2216 2462 τίς
2247 2416 2378 2452 ποτε
2410 2394 2500 2470 ἦν,
2527 2400 2647 2453 οὐδὲ
2675 2399 2767 2454 τὸν
2799 2397 3091 2468 λεγόμενον
3125 2398 3251 2451 Υἱον
3275 2396 3564 2468 ἀνθρώπου
3597 2398 3714 2451 ἑπι-

2129 2493 2486 2566 γινώσκουσι·
2507 2493 2586 2547 διὸ
2607 2494 2701 2547 καὶ
2723 2491 3096 2566 παραμένουσι
3121 2493 3186 2562 τῇ
3203 2490 3411 2544 ἑαυτῶν
3431 2489 3706 2560 συμφορᾷ.

2140 2588 2228 2652 Ὧς
2280 2587 2439 2659 εἴπερ
2515 2587 2834 2656 ἐπέγνωσαν
2886 2585 2982 2639 καὶ
3041 2581 3453 2655 μεμαθήκεισαν
3506 2581 3707 2644 αὑτὸν,

2128 2679 2370 2749 ἔγνωσαν
2401 2678 2466 2734 ἂν
2496 2677 2591 2732 καὶ
2620 2678 2711 2731 τὸν
2748 2677 2807 2730 ὲν
2844 2675 2993 2746 αὐτῷ
3017 2675 3421 2744 κατοικήσαντα
3449 2671 3583 2724 Θεοῦ
3614 2671 3710 2724 Δό-

2127 2789 2222 2840 γον
2261 2771 2321 2826 ὃν
2363 2773 2396 2842 ή
2447 2770 2696 2842 παροῦσα
2747 2769 2934 2839 δέησις
2975 2766 3310 2820 ἀνεκαλεῖτο.
3366 2762 3504 2816 Ἀλλ’
3547 2764 3708 2833 ἡμεῖς

2125 2866 2288 2921 αὐτὸν
2309 2867 2510 2930 εἰδότες
2541 2864 2800 2938 προόντα,
2837 2862 2932 2915 καὶ
2965 2862 3029 2913 ὲκ
3049 2859 3144 2914 τοῦ
3170 2859 3372 2921 παντος
3403 2855 3706 2928 ἀνθρώπων

2125 2955 2516 3027 ἐπιμελόμενον
2541 2971 2556 2986 ·
2587 2955 2684 3007 Ἐν
2697 2953 2805 3024 γὰρ
2820 2953 2900 3020 τῷ
2922 2953 3128 3020 κόσμῳ
3151 2945 3250 3020 ἦν,
3286 2949 3385 3003 καὶ
3414 2952 3448 3003 ό
3477 2949 3708 3018 κόσμος

2123 3049 2200 3105 δι’
2228 3048 2415 3106 αὑτοῦ
2445 3048 2701 3120 ἐγένετο,
2731 3045 2826 3100 καὶ
2850 3050 2882 3101 ὀ
2909 3045 3137 3113 κόσμος
3167 3042 3356 3096 αὑτὸν
3379 3043 3491 3096 οὐκ
3516 3041 3668 3111 ἕτνω
3687 3057 3703 3071 ·

429 3121 654 3179 obnoxii
697 3128 925 3191 erimus,
969 3129 1037 3184 ab
1065 3146 1132 3186 eo
1166 3132 1332 3186 vitam
1378 3134 1733 3205 accipientes,
1762 3139 1884 3208 ejus
1920 3157 2019 3196 no-

2125 3142 2282 3214 ίσμεν
2310 3142 2468 3196 αὐτὸν
2491 3142 2586 3195 καὶ
2619 3141 2698 3204 εἰς
2729 3137 2798 3192 τὰ
2827 3137 2932 3192 ἴδια
2963 3136 3207 3200 ἐλθόντα,
3243 3135 3331 3188 ὅτε
3362 3133 3458 3188 καὶ
3485 3133 3707 3202 γέγονεν

429 3215 579 3272 mine
617 3219 895 3290 appellati.
927 3219 1038 3278 Nos
1081 3225 1265 3296 itaque
1293 3226 1386 3297 qui
1443 3226 1638 3283 Filium
1671 3231 1906 3287 hominis
1934 3249 2022 3289 ex-

431 3321 770 3382 spectamus,
798 3325 853 3372 et
876 3333 1029 3388 spem
1071 3329 1315 3375 nostram
1363 3321 1418 3375 in
1445 3322 1622 3392 ipsum
1658 3324 2016 3394 coniecimus,

429 3407 546 3461 haec
579 3407 647 3463 de
680 3409 836 3466 nobis
869 3410 1005 3482 ipsis
1036 3411 1314 3482 loquimur
1339 3428 1475 3482 :pro
1489 3414 1750 3472 membris
1778 3432 1908 3472 vero
1928 3434 2022 3473 no-

428 3501 560 3555 stris
609 3503 875 3574 reliquam
941 3505 1248 3561 orationem
1307 3505 1588 3562 fundimus
1639 3507 1726 3564 bis
1784 3510 2014 3566 verbis:

426 3623 495 3632 —
523 3593 691 3650 Vens.
729 3596 818 3653 20.
851 3597 993 3653 Deus
1017 3599 1293 3663 virtutum,
1329 3610 1568 3656 converte
1596 3618 1712 3667 nos,
1733 3612 1784 3657 et
1803 3603 2015 3658 ostende

2123 3231 2289 3287 αὐτοῦ
2319 3235 2352 3304 ἡ
2379 3232 2519 3302 χεὶρ,
2551 3231 2828 3284 τουτέστιν
2851 3232 2884 3300 ὴ
2916 3226 3197 3299 πρακτικὴ
3221 3226 3452 3296 δύναμις
3483 3225 3576 3278 ἐπὶ
3613 3223 3706 3277 τδν

2123 3325 2292 3397 ἄνδρα
2311 3325 2408 3396 τῆς
2435 3323 2616 3388 δεξιᾶς
2637 3322 2802 3376 αὐτοῦ
2821 3363 2836 3384 ,
2865 3322 2955 3375 τὸν
2986 3321 3080 3375 καὶ
3107 3319 3196 3373 διὰ
3220 3319 3328 3371 τῶν
3356 3315 3703 3385 Εὑαγγελίων

2123 3417 2251 3471 Υίὸν
2278 3414 2568 3487 ἀνθρώπου
2597 3413 3014 3485 χρηματίσαντα
3034 3428 3048 3441 ·
3079 3410 3138 3464 ὃν
3159 3409 3323 3472 αὐτὸς
3349 3404 3523 3474 ἑαυτῷ
3543 3418 3699 3457 συνε-

2122 3510 2359 3581 στήσατο
2402 3509 2460 3576 ἐξ
2494 3508 2650 3577 ἁγίου
2700 3505 3016 3577 Πνεύματος
3067 3503 3394 3596 καταρτίσας
3414 3514 3445 3596 Ἀ
3471 3495 3532 3596 όν
3575 3494 3696 3596 Ihm-

2118 3602 2340 3671 γνόντες
2387 3601 2749 3655 ἀναπόστατοι
2797 3598 2984 3652 λοιπὸν
3028 3591 3370 3666 γενησόμεθα
3421 3589 3486 3643 δι’
3532 3588 3692 3641 αὑτοῦ

429 3686 620 3754 faciem
643 3698 788 3742 tuam
816 3700 865 3745 et
893 3693 1028 3746 salvi
1065 3693 1282 3758 erimus,
1324 3707 1631 3749 sermonem
1655 3695 1708 3748 in
1733 3696 2011 3751 communi

2125 3694 2450 3765 ζωούμενοι,
2502 3692 2580 3764 τῷ
2641 3709 2702 3745 τε
2747 3691 2972 3761 ὀνόματι
3023 3686 3190 3742 αὐτοῦ
3247 3681 3695 3793 χρηματίζοντες.

426 3779 772 3849 proferentes
797 3799 898 3853 pro
929 3785 1016 3850 iis,
1043 3786 1138 3857 qui
1168 3785 1408 3840 nondum
1436 3787 1691 3842 conversi
1715 3797 1866 3853 sunt,
1889 3804 2014 3844 nec-

2128 3787 2319 3858 Ἡμεῖς
2369 3785 2468 3856 μὲν
2518 3779 2612 3838 οὖν
2643 3783 2692 3836 οἱ
2725 3782 2818 3836 τὸν
2845 3781 2974 3834 Υίδν
3007 3778 3103 3832 τοῦ
3136 3775 3426 3872 ἀνθρώπου
3472 3772 3697 3872 προσξο-

427 3871 558 3926 dum
588 3873 880 3930 adventum
907 3877 1027 3946 ejus
1058 3888 1365 3947 noverunt;
1400 3879 1632 3953 ideoque
1660 3881 1903 3937 nondum
1928 3896 2009 3938 sa-

2125 3877 2318 3940 ιιῶντες
2338 3875 2432 3930 καὶ
2457 3875 2556 3938 τὰς
2583 3873 2804 3936 ἐλπίδας
2820 3873 2900 3936 εἰς
2915 3871 3078 3924 αὑτὸν
3105 3865 3498 3966 ἀνηρτημένοι,
3526 3865 3702 3966 ταῦτα

426 3961 592 4018 lutem
623 3979 654 4018 a
689 3964 797 4022 Deo
827 3980 956 4023 sunt
988 3971 1293 4026 consecuti.

2125 3971 2242 4043 περὶ
2282 3967 2490 4022 ἑαυτῶν
2531 3983 2714 4038 φαμεν
2736 3982 2750 3996 ·
2781 3965 2908 4037 περὶ
2931 3963 2989 4018 δὲ
3030 3962 3138 4016 τῶν
3174 3959 3461 4033 ἡμετέρων
3497 3955 3696 4028 μελῶν,

422 4057 520 4129 τὴν
543 4059 732 4133 λοιπὴν
772 4063 1050 4136 ἱκετηρίαν
1080 4065 1480 4138 ἀναπέμπομεν
1505 4066 1835 4137 φάσκοντες·
1867 4065 1922 4119 '0
1961 4066 2107 4132 Θεὸς
2133 4063 2254 4119 τῶν
2280 4062 2612 4133 δυνάμεων,
2644 4059 3016 4128 ἐπίστρεψον
3059 4055 3235 4126 ἡμᾶς,
3275 4054 3375 4108 καὶ
3401 4052 3699 4120 ἐπίφανον

422 4149 491 4204 τὸ
518 4155 842 4219 πρόσωπόν
864 4171 1000 4221 σου,
1032 4157 1130 4211 καὶ
1164 4159 1581 4229 σωθησόμεθα,
1603 4157 2033 4222 κοινοποιοῦντες
2063 4157 2155 4211 τὸν
2181 4157 2336 4226 λόγον
2360 4155 2502 4226 ὑπὲρ
2533 4153 2643 4207 τῶν
2679 4152 2904 4224 μηδέπω
2929 4147 3394 4219 ἐπιστρεψάντων,
3426 4143 3560 4215 μηδὲ
3596 4141 3698 4213 τὴν

423 4243 740 4312 ἐπιφάνειαν
787 4247 1174 4317 ὲπεγνωκότων
1227 4251 1414 4316 αὑτοῦ,
1447 4253 1543 4306 καὶ
1577 4251 1667 4307 διὰ
1689 4251 1848 4306 τοῦτο
1873 4251 2097 4323 μηδέπω
2131 4250 2231 4320 τῆς
2262 4247 2414 4318 παρά
2449 4245 2527 4316 τῷ
2554 4244 2674 4316 Θεῷ
2713 4243 2988 4316 σωτηρίας
3033 4238 3427 4311 τετυχηκότων.

530 4399 580 4453 1.
619 4398 686 4454 ΙΝ
724 4398 933 4456 FINEM
979 4401 1117 4457 PRO
1167 4403 1708 4464 TORCULARIBUS
1763 4407 1894 4464 IPSI

950 4473 1198 4530 ASAPH.
1241 4475 1455 4533 LXXX.

492 4605 659 4664 Vsus.
689 4608 744 4666 2.
790 4609 1070 4667 Exsultale
1114 4612 1223 4668 Deo
1269 4614 1508 4684 adjutori
1549 4626 1752 4681 nostro,
1774 4617 2004 4687 jubilate

423 4696 534 4754 Deo
558 4699 746 4757 Iacob.
790 4700 993 4759 Psalmi
1036 4704 1145 4759 Pro
1186 4708 1540 4763 torcularibus
1581 4709 1830 4780 inscripti
1887 4719 2002 4767 tres

423 4807 653 4848 numero
683 4802 849 4852 sunt:
884 4812 1028 4852 unus
1061 4797 1302 4865 Davidis,
1337 4816 1530 4872 nempe
1561 4811 1819 4870 octavus;
1856 4819 2000 4860 unus

421 4883 647 4954 Asaphi,
674 4902 833 4954 quem
853 4888 965 4958 jam
989 4899 1322 4958 tractamus;
1351 4893 1586 4948 ﬁliorum
1621 4904 1803 4949 autem
1837 4895 2002 4960 Core,

422 4988 654 5032 uuln.
684 4977 922 5035 Octavus
951 4981 1136 5052 itaque
1168 4984 1510 5040 vocationem
1543 4987 1784 5056 gentium
1819 4997 2005 5056 aperte

422 5067 842 5132 vaticinabatur,
875 5087 1038 5142 quam
1074 5072 1282 5143 Spiritu
1311 5075 1499 5130 divino
1530 5076 1889 5144 praevidentes
1910 5077 2004 5132 Dei

422 5160 700 5231 pr0phetae
773 5169 996 5234 stupore
1043 5164 1474 5222 afﬁciebantur:
1528 5183 1700 5237 quare
1751 5170 2005 5226 mirantis

421 5267 572 5306 more
620 5253 998 5310 exclamabant
1047 5257 1314 5322 dicentes,
1369 5259 1591 5315 Domine
1620 5261 1760 5316 Deus
1799 5275 1996 5327 noster,

421 5361 578 5408 quam
606 5345 921 5402 admirabile
939 5359 1017 5403 est
1057 5367 1244 5405 nomen
1277 5362 1428 5406 tuum
1457 5355 1514 5407 in.
1541 5357 1786 5410 universa
1817 5359 2000 5411 terra!

421 5433 799 5506 Octogesimus
827 5456 956 5495 vero
991 5443 1188 5499 tertius
1217 5446 1388 5498 multa
1426 5446 1801 5515 tabernacula,
1830 5452 1997 5505 multa

423 5527 636 5593 altaria,
693 5535 827 5587 atria
871 5534 1105 5603 plurima
1156 5534 1272 5591 fore
1326 5539 1690 5609 prtevidebat;
1747 5542 1999 5598 videlicet

425 5615 694 5675 Esclesias
725 5622 816 5678 Dei
850 5641 946 5694 per
977 5633 1148 5680 totum
1182 5629 1370 5684 orbem
1419 5633 1767 5699 constitutas,
1804 5635 1994 5691 altaria

494 5752 536 5841 δ”
568 5752 723 5807 Joau.
757 5772 805 5822 ι,
840 5759 922 5812 10.

2253 4362 2361 4415 ΕΙΣ
2401 4361 2490 4414 ΤΟ
2531 4361 2774 4426 ΤΕΔΟΣ,
2815 4358 2993 4412 ΥΠΕΡ
3022 4356 3158 4410 ΤΩΝ
3201 4352 3438 4437 ΔΗΝΩΝ
3463 4352 3550 4423 Τῼ

2734 4519 2943 4573 ἈΣΑΦ.
2966 4519 3026 4570 Π¹

2191 4613 2578 4686 Ἄγειῖνῖιᾶσθε
2591 4610 2670 4677 τῷ
2685 4611 2805 4676 Θεῷ
2823 4609 2900 4675 τῷ
2919 4605 3126 4675 βοηθῷ
3144 4605 3329 4676 ἡμῶν,
3348 4602 3696 4667 (Limam

2109 4706 2188 4772 τῷ
2209 4706 2330 4771 Θεῷ
2374 4705 2600 4760 Ἰακώϐ.
2619 4705 2682 4757 ΟΞ
2713 4699 3181 4773 ἐπιγεγραμμένοι
3215 4699 3323 4752 τῶν
3360 4695 3536 4768 ληνῶν
3557 4694 3695 4765 ψαλ-

2112 4800 2204 4869 μοὶ
2254 4800 2402 4869 τρεῖς
2438 4796 2530 4849 τὸν
2588 4794 2822 4867 ἀριθμὸν
2861 4793 3249 4863 τυγχάνουσιν·
3313 4784 3393 4852 εἷς
3453 4788 3553 4859 μὲν
3594 4785 3692 4840 τοῦ

2107 4889 2290 4952 Δαυῒδ,
2331 4890 2359 4942 ὁ
2392 4888 2598 4956 ὄγδοος,
2658 4881 2738 4950 εἷς
2786 4886 2843 4939 ὣὲ
2871 4885 2968 4939 τοῦ
3013 4885 3204 4953 Ἄονας),
3241 4883 3269 4934 ὁ
3305 4880 3445 4952 μετὰ
3479 4882 3688 4951 χεῖρας,

2108 4982 2204 5037 καὶ
2240 4981 2348 5034 τῶν
2381 4983 2512 5035 υἱῶν
2539 4982 2683 5053 Κορὲ
2713 4983 2742 5033 ό
2773 4987 2827 5033 π’
2861 4980 2956 5033 καὶ
2979 4985 3046 5047 γ’.
3084 4979 3142 5029 Ὀ
3177 4976 3274 5048 μὲν
3306 4969 3399 5027 οῦν
3425 4979 3473 5044 η’
3503 4971 3690 5040 σαφῶς

2107 5072 2217 5126 τῶν
2242 5073 2411 5128 ὲθνῶν
2433 5073 2530 5145 τὴν
2551 5074 2743 5142 κλῆσιν
2776 5071 3077 5135 ὲθέσπιζεν,
3113 5070 3179 5139 ῆν
3207 5065 3284 5138 τῷ
3307 5064 3584 5135 Πνεύματι
3613 5061 3691 5132 τῷ

2108 5161 2240 5233 θείῳ
2298 5161 2737 5234 προθεωροῦντες
2769 5161 2821 5214 οἱ
2863 5159 2957 5214 τοῦ
2997 5157 3135 5212 Θεοῦ
3195 5156 3494 5226 προφῆται,
3521 5154 3693 5223 ύπερο

2107 5251 2516 5325 εξεπλήττοντο·
2539 5252 2619 5305 διὸ
2647 5253 2741 5305 καὶ
2756 5248 3254 5323 ἀποθαυμαστικῶς
3273 5244 3580 5316 ἀνεφώνουν
3596 5244 3657 5297 τό
3674 5260 3688 5274 ·

2103 5346 2280 5412 Κύριε
2315 5348 2348 5399 ὀ
2381 5345 2524 5411 Θεὸς
2561 5345 2751 5413 ἡμῶν,
2782 5347 2862 5409 ὡς
2897 5342 3247 5412 θαυμαστὸν
3275 5340 3341 5393 τὸ
3369 5336 3550 5406 ὄνομά
3575 5352 3692 5389 σου

2102 5434 2171 5488 ἐν
2197 5433 2364 5503 πάσῃ
2385 5435 2459 5503 τῇ
2486 5434 2564 5505 γῇ
2580 5435 2599 5487 !
2625 5435 2734 5486 Καὶ
2761 5435 2789 5486 ὀ
2811 5440 2856 5501 γ’
2881 5433 2938 5486 δὲ
2966 5431 3061 5485 καὶ
3082 5437 3134 5484 π’
3161 5429 3330 5483 πολλὰ
3355 5425 3694 5498 σκηνώματα

2101 5526 2196 5577 καὶ
2226 5525 2394 5580 πολλὰ
2415 5526 2776 5598 θυσιαστήρια
2809 5526 2902 5579 καὶ
2931 5524 3133 5587 πολλὰς
3177 5521 3348 5584 αὐλὰς
3402 5518 3686 5591 προεώρα·

2102 5615 2302 5688 δηλαδὴ
2323 5617 2419 5681 τὰς
2453 5618 2573 5670 καθ’
2591 5619 2716 5691 ὅλης
2746 5618 2843 5689 τῆς
2872 5617 3196 5688 οἰκουμένης
3233 5613 3560 5683 Ἐκκλησεας
3591 5609 3690 5665 τθδ
