4066 6370
354 385 460 444 969

1465 374 1975 434 COMMENTARH
2013 373 2078 430 IN
2115 373 2450 432 ‘PSALMOS.

3484 368 3592 423 970

355 499 513 567 Θεοῦ,
568 517 664 555 και
706 516 775 554 τα
825 515 890 553 εν
933 499 1119 563 αὑταῖς
1161 497 1327 552 πολλὰ
1371 496 1766 567 θυσιαστήρια·
1796 494 1920 564 ἃδὴ

2050 507 2131 562 [ue
2171 491 2228 547 in
2258 492 2365 548 illis
2399 494 2536 547 bene
2573 499 2739 545 multa
2767 509 2779 544 :
2822 503 2942 559 qua:
2980 487 3067 540 liis
3099 484 3278 540 verbis
3303 484 3544 539 declarat
3574 498 3591 538 :

358 593 598 665 παρίστη
621 591 796 660 λέγων
821 607 834 619 ·
881 590 975 657 Ὠς
999 591 1274 661 ἀγαπητὰ
1309 589 1380 642 τὰ
1401 585 1764 656 σκηνώματα
1787 583 1928 652 σου,

361 686 538 753 Κύριε
584 683 702 737 τῶν
756 682 1103 753 δυνᾶμεωνί
1134 683 1228 736 καὶ
1268 678 1456 744 αὖθις·
1502 679 1802 736 Ἐπιποθεῖ
1834 678 1931 731 καὶ

363 775 626 831 ἐκλείπει
645 774 683 841 ἡ
710 774 878 844 ψυχή
904 793 1020 844 μου
1048 776 1134 840 εις
1170 773 1276 839 τὰς
1318 773 1510 838 αὐλὰς
1536 771 1643 825 τοῦ
1672 771 1892 839 Κυρίου
1914 788 1928 801 ·

2034 584 2207 649 Quam
2235 584 2427 638 dilecta
2455 581 2794 637 tabernacula
2822 590 2936 644 tua,
2971 578 3192 632 Domine
3219 577 3508 632 virtutum!
3532 591 3596 629 ac

2033 688 2296 728 rursum:
2330 673 2727 741 Concupiscitet
2754 670 2930 739 deﬁcit
2971 670 3150 722 anima
3197 683 3315 721 mea
3361 667 3417 720 in
3458 665 3598 718 atria

2033 765 2283 829 Domini;
2311 773 2367 822 et
2389 766 2586 820 iterum
2612 763 2873 820 :Altaria.
2904 772 3012 824 tua,
3060 759 3278 814 Domine
3320 759 3596 812 virtutum.

365 867 458 919 καὶ
488 865 614 935 ἑξῆς
638 882 652 895 ο
693 865 769 919 Τὰ
809 863 1206 932 θυσιαστήριά
1245 880 1385 930 σου,
1419 864 1596 932 Κύριε
1620 862 1740 916 τῶν
1763 861 1935 916 δυνά-

2050 857 2284 917 Psalmus
2309 873 2442 912 vero
2470 871 2730 926 praesens,
2760 857 2897 935 alios
2929 853 3148 925 quidem
3189 852 3486 918 exsultare,
3511 850 3600 918 ju-

357 975 535 1029 μεων.
579 958 638 1010 '0
680 956 737 1009 δὲ
780 957 918 1028 μετὰ
944 959 1128 1028 χεῖρας
1156 956 1363 1028 ἑτέροις
1397 955 1496 1025 μὲν
1543 952 1803 1023 ἀγαλλιᾷν
1841 953 1935 1005 καὶ

334 1047 651 1115 ’ἀλαλάζειν
697 1050 791 1104 καὶ
830 1047 1052 1118 ψάλλειν
1083 1046 1529 1120 παρακελεύεται,
1566 1045 1660 1098 τοῦ
1704 1045 1761 1098 δὲ
1803 1046 1934 1097 Ἰου-

359 1141 525 1197 δαίων
579 1143 765 1206 ἔθνους
813 1142 914 1211 τὴν
968 1139 1237 1211 ἀποϐολὴν
1267 1139 1360 1192 καὶ
1397 1138 1492 1210 τὴν
1527 1139 1734 1208 ταύτης
1759 1136 1935 1190 αἰτίαν

364 1235 680 1307 παρίστησι,
729 1235 822 1288 καὶ
847 1233 1028 1304 σφόδρ’
1075 1231 1379 1296 ἀκολούθως
1422 1235 1541 1296 ταῖς
1580 1230 1668 1284 διὰ
1699 1229 1806 1282 τῶν
1839 1228 1937 1299 έμ-

363 1326 600 1397 προσθεν
626 1324 1003 1400 προφητείαις.
1042 1323 1256 1395 Ἐπειδὴ
1287 1323 1394 1394 γὰρ
1429 1324 1486 1375 ἐν
1508 1322 1586 1393 τῷ
1618 1321 1725 1393 πρὸ
1745 1320 1935 1374 τούτου

359 1417 550 1489 ἠρώτα
575 1416 768 1485 λέγων·
813 1416 933 1470 Ἵνα
974 1416 1031 1470 τί
1056 1416 1327 1482 καθεῖλες
1368 1415 1474 1469 τὸν
1521 1415 1791 1485 φραγμὸν
1827 1414 1937 1466 αὑ-

361 1508 492 1577 τῆς,
525 1509 622 1563 καὶ
649 1507 946 1578 τρυγῶσιν
967 1507 1160 1577 αὐτὴν
1190 1509 1412 1574 πάντες
1451 1510 1504 1561 ol
1532 1505 1940 1575 παραπορευό-

353 1618 530 1671 gerat
561 1601 675 1668 τὴν
697 1601 873 1666 όὸόν;
902 1601 1180 1656 ὲπιλύεται
1211 1602 1310 1673 τὴν
1341 1601 1702 1672 ὲπαπόρησιν,
1729 1599 1815 1652 διὰ
1843 1596 1937 1652 τοῦ

361 1692 509 1764 μετά
539 1695 726 1764 χεῖρας
756 1693 978 1762 φάσκων
996 1709 1010 1722 ·
1037 1695 1108 1747 El
1133 1696 1165 1748 ὁ
1213 1693 1361 1757 λαός
1391 1710 1510 1761 μου
1541 1688 1770 1761 ἤκουσέ
1795 1707 1936 1758 μου,

2034 950 2209 1004 bilare
2238 958 2291 1004 et
2343 950 2575 1020 psallere
2612 949 2785 1018 jubet,
2805 930 3029 1002 iudairi
3065 960 3192 1001 vero
3235 944 3419 1015 populi
3453 944 3600 1011 abjc-

2035 1042 2268 1097 ctionem
2312 1041 2539 1110 ejusque
2573 1055 2797 1094 causam
2829 1040 3088 1098 declarat.
3118 1046 3173 1094 et
3198 1036 3416 1108 quidem
3449 1035 3604 1090 valde

2035 1141 2430 1201 consequenter
2473 1133 2538 1185 ad
2570 1132 2786 1202 priores
2824 1130 3159 1201 propltetias.
3204 1128 3338 1183 Nam
3369 1129 3498 1200 quia
3547 1130 3600 1182 in

2035 1221 2358 1291 pra-cedenti
2386 1221 2753 1292 interrogabat
2779 1221 2972 1276 dicens
3007 1241 3022 1275 :
3064 1220 3259 1292 thuid
3289 1221 3605 1275 destruxiin

2037 1316 2322 1369 maceriam
2351 1315 2486 1384 ejus,
2514 1324 2562 1368 et
2585 1315 2904 1368 vindemiant
2925 1330 3044 1368 eam
3077 1331 3257 1368 omnes
3291 1314 3381 1383 qui
3399 1323 3608 1382 praster-

1998 1413 2006 1422 '
2037 1406 2347 1477 gradiuntur
2379 1408 2558 1462 viam?
2588 1407 2677 1460 hic
2706 1405 2929 1461 dubium
2962 1407 3124 1460 solvit
3163 1404 3249 1460 his
3286 1406 3471 1461 verbis
3503 1425 3514 1459 :
3547 1405 3608 1460 Si

2035 1498 2257 1567 populus
2285 1514 2428 1552 meus
2445 1496 2680 1552 audisset
2701 1514 2803 1561 me,
2836 1495 3010 1552 Israel
3037 1499 3085 1552 si
3115 1498 3170 1551 in
3204 1498 3300 1552 viis
3332 1498 3461 1552 meis
3490 1514 3607 1551 am-

2037 1588 2294 1654 bulasset,
2323 1605 2418 1658 pro
2441 1589 2604 1645 nihilo
2635 1590 2879 1644 inimicos
2919 1606 3099 1644 eorum
3122 1590 3518 1655 lentrtiliassem;
3545 1605 3608 1644 ac

2041 1679 2348 1751 sabjungit:
2376 1679 2446 1734 Et
2474 1697 2576 1734 non
2595 1680 2796 1734 audivit
2815 1681 3038 1750 populus
3059 1697 3202 1735 meus
3223 1696 3395 1734 vocem
3419 1697 3608 1744 meam,

372 1773 618 1852 Ἶσραὴλ
659 1787 714 1838 εἰ
752 1784 882 1851 ταῖς
913 1783 1074 1851 ὁδοῖς
1100 1802 1220 1854 μου
1267 1785 1556 1852 ἐπορεύθη
1576 1803 1590 1816 ⁸
1617 1785 1685 1838 ἐν
1713 1781 1792 1849 τῷ
1822 1799 1938 1850 μη-

2050 1784 2090 1828 et
2125 1773 2298 1829 Israel
2326 1792 2431 1830 non
2457 1776 2680 1831 intendit
2707 1775 2856 1830 mihi.
2889 1775 2958 1829 Et
2987 1776 3168 1830 dimisi
3201 1792 3292 1830 eos
3324 1776 3610 1830 secundum

349 1836 680 1939 ssres,‘
698 1836 957 1942 seu;
987 1836 1579 1928 scema.
1599 1836 1731 1927 οςιαι
1760 1836 1944 1925 issi.

2050 1864 2309 1920 desideria
2353 1866 2532 1922 cordis
2586 1882 2795 1933 eorum,
2845 1865 2993 1920 ibunt
3049 1866 3104 1919 in
3151 1864 3613 1920 adinventionibus

357 1980 453 2031 γει
474 1979 487 1992 ·
520 1963 629 2018 Καὶ
648 1963 1038 2036 conﬁxova
1062 1967 1094 2018 ό
1121 1966 1272 2030 λαός
1293 1983 1410 2034 μου
1440 1965 1551 2035 τῆς
1579 1963 1780 2033 φωνῆς
1800 1981 1939 2033 μου,

349 2055 469 2108 seat
509 2053 748 2123 Ἰσραὴλ
786 2055 856 2108 οὐ
894 2053 1200 2124 προσέσχε
1234 2074 1354 2125 μοι.
1392 2055 1505 2109 Kal
1546 2054 1943 2120 ἐξαπέστειλα

345 2145 589 2211 αὐτοὺς
621 2147 772 2200 κατὰ
812 2145 886 2200 τὰ
913 2146 1348 2217 ἐπιτηδεύματα
1395 2147 1512 2200 τῶν
1561 2145 1817 2214 καρδιῶν
1846 2147 1946 2200 αὐ-

339 2233 507 2297 τῶν,
545 2235 944 2302 πορεύσονται
975 2234 1045 2287 ἐν
1070 2235 1194 2301 τοῖς
1221 2233 1688 2302 ἐπιτηδεύμασιν
1723 2230 1942 2288 αὐτῶν.

355 2323 532 2379 ’Ἐπεὶ
551 2324 727 2378 τοίνυν
768 2325 828 2378 τὸ
863 2326 1091 2398 ἀνήκοον
1118 2325 1215 2378 καὶ
1249 2323 1310 2377 τὸ
1352 2323 1575 2386 ἀπειθὲς
1603 2321 1780 2375 αὐτῶν
1805 2339 1947 2392 παρ-

354 2415 571 2486 ξστησι,
618 2417 939 2488 μεταϐάλλει
980 2417 1070 2470 τδν
1102 2416 1256 2484 λόγον
1290 2415 1535 2479 εἰκότως,
1570 2414 1663 2468 καὶ
1693 2413 1793 2483 τὴν
1837 2412 1946 2466 τῶν

367 2507 540 2562 ἐθνῶν
600 2507 793 2577 κλῆσιν
848 2506 1255 2576 εὐαγγελίζεται
1309 2505 1371 2558 τὸ
1418 2503 1643 2574 Πνεῦμα
1670 2504 1732 2556 τὸ
1769 2503 1944 2570 ἅγιον,

363 2596 537 2649 πᾶσιν
591 2595 899 2666 ἀνθρώποις
957 2594 1309 2666 προσφωνοῦν
1363 2594 1458 2648 καὶ
1503 2593 1689 2661 λέγονο
1749 2594 1947 2663 Ἀπηλ-

367 2684 586 2742 λιᾶσθε
629 2686 708 2752 τῷ
750 2685 871 2752 Θεῷ
903 2685 984 2752 τῷ
1019 2685 1225 2754 ,Βοηθῷ
1264 2684 1450 2756 ἡμῶν.
1486 2686 1648 2755 Λέγει
1692 2685 1750 2738 δὲ
1776 2686 1948 2750 ταῦτα

367 2777 440 2829 ὲκ
465 2775 754 2848 προσώπου
781 2776 874 2831 τοῦ
896 2775 1056 2849 χοροῦ
1079 2777 1173 2830 τοῦ
1206 2777 1567 2848 προφητικοῦ.
1616 2777 1702 2840 Ὡς
1741 2776 1849 2848 γὰρ
1890 2779 1947 2829 ὲν

367 2865 450 2935 τῷ
481 2871 531 2936 η’
577 2865 753 2934 ἔλεγε⁴
785 2866 959 2933 Κύριε
986 2868 1021 2920 ό
1045 2865 1257 2932 Κύριος
1285 2864 1473 2934 ἡμῶν,
1511 2862 1948 2934 ίδιοποιουμένων

372 2959 466 3012 τὸν
487 2958 620 3012 Θεὸν
646 2958 756 3012 τῶν
787 2958 959 3012 ταῦτα
986 2956 1272 3025 λεγόντων,
1295 2955 1381 3010 διὰ
1412 2954 1472 3008 τδ
1503 2953 1733 3030 πρώτων
1767 2953 1947 3007 αὐτῶν

369 3048 653 3117 γεγονέναι
682 3049 772 3102 τ’δν
803 3048 934 3102 Θεόν
953 3065 966 3078 ⁸
998 3048 1138 3102 οὕτω
1168 3050 1262 3100 καὶ
1292 3047 1524 3100 ἐνταῦθα
1553 3048 1601 3100 ol
1623 3047 1799 3114 αὐτοὶ,
1821 3048 1948 3111 τοὺς

2044 1955 2177 2010 suis.
2205 1955 2342 2022 Quia
2374 1955 2539 2026 igitur
2568 1955 3038 2026 inobsequentiam
3064 1970 3253 2012 eorum
3285 1962 3340 2011 et
3369 1947 3633 2010 immori-'

2042 2059 2235 2114 gerum
2283 2045 2526 2100 animum
2561 2045 2829 2111 declarat,
2875 2059 3179 2101 sermonem
3212 2046 3410 2100 merito
3440 2042 3618 2114 Spiri-

2046 2145 2137 2191 tus
2169 2144 2400 2192 sanctus
2439 2136 2720 2203 transfert,
2756 2145 2811 2192 et
2851 2137 3090 2208 gentium
3132 2136 3475 2193 vocationem
3501 2153 3617 2204 an.

2048 2227 2262 2281 nuntiat
2301 2227 2556 2282 omnibus
2611 2227 2949 2292 hominibus,
3001 2229 3082 2283 sic
3125 2245 3223 2284 eos
3274 2227 3560 2299 alloquens
3600 2247 3613 2281 :

2047 2316 2330 2372 Exsultate
2358 2317 2467 2372 Deo
2504 2317 2741 2388 adjutori
2782 2328 2984 2375 nostra.
3019 2319 3135 2375 Hoc
3170 2335 3335 2391 porro
3381 2320 3516 2375 dicit
3552 2337 3618 2375 ex

2047 2422 2281 2478 persona
2324 2407 2478 2462 chori
2513 2408 2836 2478 prophetici.
2869 2407 2942 2464 Ut
2968 2411 3113 2466 enim
3147 2409 3204 2466 in
3254 2419 3449 2465 octavo
3473 2412 3620 2480 psal-

2049 2514 2139 2554 mo
2161 2497 2374 2553 dicebat
2401 2515 2414 2550 :
2443 2499 2668 2554 Domine
2691 2500 2951 2557 Dominus
2979 2513 3180 2568 noster,
3206 2503 3278 2556 ita
3311 2509 3370 2557 ut
3393 2504 3483 2573 qui
3508 2503 3623 2557 haec

2049 2589 2315 2654 dicerent,
2352 2589 2523 2645 Deum
2563 2593 2719 2662 quasi
2761 2593 2866 2648 sibi
2912 2594 3194 2664 proprium
3238 2594 3619 2662 praedicarent,

2047 2680 2176 2749 quia
2208 2694 2400 2735 eorum
2449 2681 2686 2751 primum
2736 2680 2880 2737 Deus
2911 2685 3124 2751 fuerat;
3159 2687 3236 2737 ita
3276 2684 3461 2740 ethoc
3504 2667 3624 2739 loco

2050 2771 2215 2826 iidem
2248 2786 2366 2835 eos,
2410 2772 2505 2843 qui
2545 2773 2792 2828 extranei
2838 2783 2894 2829 et
2931 2774 3097 2829 alieni
3129 2774 3256 2830 facti
3293 2783 3445 2839 sunt,
3491 2792 3623 2831 evo-

2051 2871 2260 2929 cantes,
2275 2863 2467 2920 dicunt
2489 2882 2506 2918 ι
2529 2863 2679 2922 Heus
2701 2881 2819 2930 vos,
2849 2867 3056 2922 relictis
3075 2867 3143 2923 iis
3166 2883 3306 2938 quos
3324 2883 3513 2924 errore
3528 2869 3626 2924 du-

2049 2955 2124 3010 cti
2155 2954 2285 3012 deos
2304 2956 2875 3021 aastimabatis,venite
2897 2957 3218 3015 festinanter
3243 2960 3308 3015 ad
3339 2959 3508 3016 Deum
3527 2976 3628 3014 no-

2053 3056 2248 3112 strum,
2266 3049 2483 3120 ipsique
2496 3051 2801 3118 exsultetis,
2820 3053 2912 3122 qui
2938 3067 3153 3124 semper
3175 3053 3336 3109 nobis
3351 3054 3455 3124 ipsi
3471 3054 3646 3128 addi--

370 3139 818 3212 ἀπεξενωμένους
836 3141 930 3194 καὶ
945 3140 1254 3212 ἀλλοτρίους
1274 3139 1547 3194 ἀνακαλού
1555 3157 1726 3209 μενοι,
1761 3139 1946 3208 φασίνο

2054 3140 2159 3195 ctis
2176 3140 2398 3211 adiutor
2421 3141 2544 3196 fuit.
2575 3141 2710 3209 Quis
2727 3158 2890 3213 porro
2918 3144 3008 3198 hic
3025 3143 3209 3208 fuerit,
3225 3145 3424 3201 deinde
3443 3145 3628 3201 (ωειλ-

368 3227 443 3285 Ὦ
468 3225 643 3296 οὗτοι,
695 3232 1111 3297 καταλείποντες
1157 3233 1285 3296 τοὺς
1321 3230 1752 3302 πεπλανημένως
1796 3247 1949 3301 νομι-

371 3325 634 3395 ζομένους
688 3325 817 3396 ὑμῖν
862 3323 1038 3388 θεοὺς,
1099 3325 1266 3396 ⁴ἣκετε
1315 3323 1636 3387 σπεύδοντες
1681 3322 1816 3394 πρὸς
1860 3322 1953 3377 τὸν

371 3417 642 3488 ἡμέτερον
686 3417 840 3484 Θεὸν,
891 3417 988 3471 καὶ
1035 3416 1210 3488 τούτῳ
1239 3415 1570 3485 ἀγαλλιᾶσθε
1613 3413 1691 3485 τῷ
1721 3414 1954 3472 πάντοτε

376 3508 536 3576 ἡμῶν
565 3509 670 3562 τῶν
699 3509 848 3579 αὑτῷ
893 3509 1266 3580 ἀνακειμένων
1313 3508 1495 3580 βοηθῷ
1531 3507 1826 3578 γενομένῳ.
1857 3505 1955 3570 Τίς

372 3597 422 3649 δ’
454 3593 521 3668 ἦν
551 3596 723 3666 οὗτος,
753 3601 880 3670 ἑξῆς
927 3601 1228 3674 παριστῶσι
1268 3601 1516 3670 λέγοντες
1535 3618 1548 3631 ’
1598 3598 1956 3665 Ἀλαλάξατε

375 3687 458 3750 τῷ
480 3688 602 3754 Θεῷ
615 3691 838 3746 Ἰακώϐο
867 3692 947 3762 τῷ
983 3691 1093 3764 γὰρ
1135 3691 1304 3746 πάλαι
1341 3692 1558 3762 ὀφθέντι
1590 3690 1670 3763 τῷ
1698 3691 1955 3763 ἡμετέρῳ

372 3778 684 3851 προπάτορι
736 3783 855 3854 Θεῷ
892 3785 1156 3848 ἐλθόντες,
1196 3783 1518 3850 ἁλαλάξατε,
1549 3783 1692 3838 κατά
1718 3784 1780 3836 τὸ
1808 3785 1957 3854 εἰρη-

373 3871 543 3944 μένον
569 3873 662 3926 καὶ
681 3875 739 3926 ὲν
770 3877 860 3940 Es“
909 3875 1269 3940 Ἀλαλάξατε
1309 3875 1388 3940 τῷ
1421 3873 1564 3940 Θεῷ,
1591 3873 1758 3929 πᾶσα
1785 3876 1823 3942 ἡ
1855 3872 1952 3944 γῆ.

372 3965 478 4030 Τις
507 3965 565 4019 δὲ
600 3961 669 4037 ἦν
706 3969 740 4038 ἡ
789 3968 1028 4038 πᾶσαγῆ
1065 3971 1362 4038 διασαφεῖό
1403 3967 1594 4022 εἰπών·
1637 3967 1842 4023 Πάντα
1883 3967 1959 4022 τὰ

372 4059 545 4128 ἔθνη,
601 4059 932 4128 κροτήσατε
972 4060 1170 4130 χεῖρας
1189 4102 1204 4126 ,
1242 4062 1586 4127 ἀλαλάξατε
1613 4061 1694 4128 τῷ
1732 4060 1854 4128 Θεῷ
1887 4063 1960 4115 ἐν

371 4151 553 4222 φωνῇ
605 4152 1035 4224 ἀγαλλιάσεως.
1089 4156 1214 4219 Τοῖς
1245 4153 1339 4210 οὖν
1389 4157 1591 4221 αὐτοῖς,
1609 4154 1704 4210 καὶ
1735 4155 1824 4209 διὰ
1849 4154 1960 4208 τῶν

375 4238 522 4309 μετά
551 4242 740 4312 χεῖρας
755 4246 1066 4312 προσφωνεῖ
1086 4243 1258 4312 λέγων
1273 4247 1301 4298 ό
1326 4237 1486 4318 χορὸς
1504 4246 1612 4298 τῶν
1628 4244 1920 4317 προφητῶν
1940 4260 1956 4276 ·

389 4329 779 4400 Ἇβλλιᾶσθε
798 4331 878 4398 τῷ
902 4332 1026 4400 Θεῷ
1044 4334 1124 4401 τῷ
1139 4334 1346 4404 ,ϐοηθῷ
1379 4335 1568 4406 ἡμῶν,
1615 4334 1959 4400 ἀλαλάξατε

373 4419 461 4486 τῷ
489 4420 612 4486 Θεῷ
650 4423 869 4478 Ἰακώϐ.
900 4424 1032 4478 Θεὸν
1064 4426 1119 4480 δὲ
1163 4426 1355 4482 Ἰακὼϐ
1387 4426 1482 4480 τὸν
1504 4428 1734 4498 Σωτῆρα
1759 4426 1960 4496 σημαί-

2057 3240 2184 3287 rant
2204 3233 2452 3290 dicentes
2473 3252 2486 3288 :
2508 3232 2746 3290 Jubilate
2770 3235 2880 3290 Deo
2908 3235 3076 3292 Iacob
3093 3253 3114 3291 :
3133 3236 3200 3292 ad
3226 3236 3395 3294 Deum
3415 3238 3630 3295 scilicet

2053 3324 2149 3396 qui
2170 3326 2305 3382 olim
2331 3335 2492 3384 atavo
2507 3337 2698 3387 nostro
2728 3330 2881 3387 visus
2896 3339 2981 3387 est
3009 3332 3353 3396 accedentes,
3377 3331 3629 3401 jubilate,

2054 3419 2356 3477 secundum
2375 3419 2430 3476 id
2447 3421 2596 3492 quod
2609 3422 2664 3477 in
2675 3439 2779 3477 va
2797 3425 3006 3494 psalmo
3022 3424 3226 3480 dictum
3237 3434 3326 3482 est
3341 3445 3356 3479 :
3371 3427 3628 3493 Jubilate,

2055 3512 2227 3566 omnis
2262 3525 2424 3566 terra.
2485 3511 2618 3578 Quae
2655 3522 2804 3569 esset
2851 3515 3030 3570 omnis
3060 3522 3230 3578 terra,
3263 3515 3500 3584 explicat
3534 3517 3628 3587 qui

2052 3603 2174 3657 ait:
2213 3601 2406 3658 Omnes
2437 3612 2637 3670 gentes,
2673 3602 2912 3672 plaudite
2956 3605 3221 3670 manibus,
3261 3605 3499 3676 jubilate
3521 3605 3632 3661 Deo

2056 3694 2110 3746 in
2139 3709 2259 3748 uoce
2290 3693 2662 3748 exsultationis
2679 3694 2746 3746 ⁸³.
2784 3693 3013 3751 Eosdem
3036 3697 3220 3766 itaque
3247 3698 3396 3768 ipsos
3428 3697 3634 3754 chorus

2057 3783 2412 3853 propheticus
2462 3785 2516 3838 in
2550 3787 2804 3854 praesenti
2837 3787 3132 3857 alloquitur
3161 3788 3352 3845 dicens
3381 3808 3395 3845 :
3429 3789 3632 3844 Exsul—

2059 3883 2167 3929 tate
2203 3873 2312 3928 Deo
2361 3874 2599 3944 adjutori
2621 3885 2821 3942 nostro,
2854 3878 3086 3946 jubilate
3100 3880 3209 3935 Deo
3235 3879 3424 3936 Iacob.
3462 3879 3632 3936 Deum

2059 3981 2188 4022 vero
2218 3965 2389 4022 Jacob
2413 3965 2756 4021 Senatorem
2782 3978 2957 4035 vocat,
2991 3971 3086 4039 qui
3109 3973 3162 4025 in
3191 3970 3365 4025 forma
3393 3970 3634 4026 hominis

2056 4057 2266 4114 Jacobo
2291 4059 2440 4115 visus
2469 4065 2575 4126 est,
2609 4057 2830 4130 quando
2866 4063 3080 4115 vocavit
3102 4059 3271 4118 Jacob
3297 4076 3493 4116 nomen
3525 4061 3634 4117 loci

2061 4151 2115 4205 in
2145 4166 2254 4221 quo
2290 4151 2445 4207 visus
2475 4151 2578 4222 ipsi
2606 4159 2693 4207 est
2722 4150 2888 4217 Deus,
2921 4152 3158 4222 Speciem
3187 4153 3284 4207 Dei
3313 4169 3334 4207 :
3362 4168 3487 4207 nam
3517 4154 3634 4209 hac

2060 4242 2258 4297 addit:
2294 4241 2416 4297 Vidi
2448 4244 2588 4297 enim
2639 4243 2806 4298 Deum
2844 4244 2979 4314 [acie
3001 4231 3096 4300 ‘ad
3133 4246 3346 4316 faciem,
3383 4254 3436 4300 et
3481 4245 3636 4300 salua

2062 4333 2208 4402 facta
2238 4345 2318 4388 est
2371 4335 2558 4388 anima
2603 4350 2738 4388 mea.
2795 4333 2936 4390 Huic
2987 4337 3157 4400 enim,
3195 4343 3382 4406 utpote
3401 4335 3496 4406 qui
3537 4349 3637 4390 rex

2063 4435 2251 4482 noster
2279 4428 2373 4492 sit,
2399 4427 2637 4497 jubilare
2657 4429 2920 4499 praecipit,
2953 4428 3446 4499 triumphalemque
3481 4427 3638 4498 hym-

374 4529 461 4566 νει
496 4511 586 4566 τὸν
633 4513 692 4566 ὲν
746 4512 1031 4585 ἀνθρώπου
1086 4519 1325 4589 σχήματι
1348 4516 1585 4587 ὀφθέντα
1628 4517 1705 4588 τῷ
1727 4515 1948 4570 Ἰακώϐ·

2064 4535 2192 4573 num
2251 4519 2356 4589 ipsi
2403 4519 2675 4575 emittere.
2724 4518 3008 4586 Quomodo
3038 4529 3220 4576 autem
3259 4536 3352 4576 rex
3399 4535 3433 4576 a
3473 4517 3639 4575 Patre

371 4605 469 4658 ὅτε
531 4602 626 4657 καὶ
672 4603 897 4658 ἐκάλεσε
958 4605 1152 4660 Ἰακὼϐ
1196 4609 1257 4662 τὸ
1299 4608 1470 4681 ὄνομα
1504 4608 1597 4662 τοῦ
1624 4609 1789 4662 τόπου
1826 4607 1884 4660 ὲν
1912 4601 1957 4676 ᾧ

375 4694 538 4766 ὤφθη
565 4694 714 4768 αὐτῷ
739 4700 768 4751 ὁ
785 4697 934 4763 Θεὸς,
952 4695 1131 4766 Εἶδος
1155 4700 1325 4769 Θεοῦ,
1354 4701 1596 4756 ἐπειπών
1615 4719 1627 4732 ’
1651 4698 1957 4771 Εἶδον-τὰρ

380 4787 537 4842 Θεὸν
560 4789 884 4856 πρόσωπον
909 4789 1066 4859 πρὸς
1105 4793 1450 4861 πρόσωπον,
1485 4793 1584 4849 καὶ
1609 4792 1805 4861 ἐσώθη
1834 4809 1955 4862 μου

375 4879 420 4945 ἡ
459 4878 650 4947 ψυχή.
686 4881 871 4955 Τούτῳ
922 4879 1036 4948 οὖν,
1067 4883 1142 4947 ὡς
1179 4883 1247 4939 ἂν
1282 4885 1430 4956 αύτῷ
1477 4885 1592 4940 ὄντι
1631 4885 1709 4956 τῷ
1749 4885 1960 4954 βασιλεῖ

375 4966 562 5042 ήμῶν,
590 4970 874 5036 ἀλαλάζειν
915 4976 1261 5047 προστάττει,
1297 4979 1608 5049 νικητήριον
1635 4978 1800 5050 ’ύμνον
1830 4979 1961 5032 ἀναν-

376 5059 702 5128 πέμποντας
729 5062 897 5134 αὐτῷ.
935 5065 1121 5130 Ὅπως
1161 5067 1219 5119 δὲ
1273 5066 1524 5136 βασιλεὺς
1558 5069 1663 5122 ὑπὸ
1710 5067 1804 5121 τοῦ
1854 5068 1960 5120 Πα-

375 5150 512 5222 τρδς
561 5151 904 5221 καθίσταται,
942 5157 1107 5220 αὐτὸς
1156 5159 1399 5224 ,διδάσκει
1449 5159 1652 5228 λέγων·
1701 5160 1844 5229 Ἐγὼ
1891 5159 1959 5212 δὲ

377 5241 760 5310 κατεστάθην
774 5247 1075 5315 ,βασιλεὺς
1099 5251 1198 5303 ὑπ’
1225 5251 1411 5306 αὐτοῦ
1435 5252 1534 5305 ἐπὶ
1556 5254 1709 5306 Σιὼν
1731 5253 1866 5320 ὅρος
1891 5253 1958 5306 τὸ

375 5336 558 5408 ἄτιον
594 5334 803 5390 αὐτοῦ.
832 5340 906 5388 υο
937 5341 1096 5406 μόνον
1120 5342 1177 5394 δὲ
1200 5341 1483 5407 ἀλαλάζειν
1497 5343 1576 5414 τῷ
1603 5343 1721 5416 Θεῷ
1762 5343 1958 5398 Ἰακὼϐ

379 5428 638 5501 βούλεται
667 5429 792 5491 τοὺς
825 5427 1212 5499 κεκλημένους,
1233 5434 1366 5487 ἀλλὰ
1390 5436 1484 5489 καὶ
1515 5436 1811 5508 λαμϐάνειν
1825 5436 1961 5507 ψαλ-

381 5523 487 5593 μὸν
539 5519 633 5573 καὶ
671 5518 866 5574 διδόναι
910 5519 1210 5590 τύμπανον,
1255 5523 1349 5575 καὶ
1392 5523 1689 5596 ψαλτήριον
1729 5528 1959 5598 τερπνὸν

383 5611 530 5682 μετὰ
557 5611 806 5684 κιθάρας.
839 5611 996 5665 Κατά
1023 5611 1080 5664 δε
1105 5612 1196 5666 τὸν
1239 5613 1486 5669 Ἀκύλαν·
1525 5618 1747 5685 Ἄρατε,
1800 5621 1956 5688 φησὶ,

456 5787 506 5818 ⁸³
545 5786 690 5844 Psal.
723 5803 880 5845 xcvr.
916 5787 971 5842 2.

754 5877 1024 5938 ΡΑτιιυι..
1057 5879 1174 5942 Gn.
1225 5859 1458 5946 xxni.

2065 4612 2454 4677 constituatur,
2492 4612 2608 4682 ipse
2664 4613 2827 4669 docet
2877 4613 2965 4669 his
3015 4614 3200 4670 verbis
3243 4632 3258 4668 :
3301 4613 3416 4683 Ego
3459 4623 3636 4666 autem

2065 4705 2382 4758 constitutus
2401 4721 2519 4758 sunt
2544 4720 2640 4760 res:
2667 4705 2731 4760 ab
2754 4722 2818 4761 eo
2837 4718 2992 4774 super
3008 4704 3133 4760 Sion
3152 4713 3377 4759 montem
3394 4713 3640 4759 sanctum

2064 4795 2200 4864 ejus.
2225 4795 2343 4853 Non
2363 4796 2538 4852 solum
2568 4805 2750 4852 autem
2777 4799 2891 4852 vult
2912 4796 3381 4865 vocatosjubilare
3413 4795 3524 4853 Deo
3545 4795 3641 4850 Ja-

2066 4888 2191 4953 cob,
2212 4888 2306 4945 sed
2344 4891 2507 4944 etiam
2523 4891 2775 4961 accipere
2788 4889 3057 4959 psalmum
3070 4897 3128 4943 et
3148 4887 3280 4944 dare
3295 4896 3638 4960 tympanum,

2065 4987 2120 5035 et
2168 4981 2489 5049 psalterium
2533 4981 2839 5052 jucundum
2885 4997 3010 5035 cum
3051 4981 3282 5037 cithara.
3322 4979 3638 5037 Secundum

2064 5070 2318 5142 Aquilam
2341 5089 2502 5130 vero:
2526 5074 2732 5141 Leonte,
2757 5073 2962 5144 inquit,
2980 5072 3266 5128 melodiam
3291 5081 3347 5128 et
3367 5073 3490 5128 date
3506 5082 3637 5143 lym-

2067 5177 2286 5232 pauum,
2329 5164 2598 5220 citharam
2628 5164 2890 5220 decentem
2917 5179 3036 5216 cum
3088 5163 3284 5226 nabla;
3335 5161 3634 5219 secundum

2069 5252 2456 5326 Symmachum
2509 5266 2688 5312 autem
2731 5255 3041 5323 :Suscipite
3087 5255 3390 5318 canticum,
3434 5261 3485 5306 et
3515 5250 3636 5304 date

2069 5355 2395 5416 tympanum,
2430 5349 2600 5420 lyram
2627 5345 2833 5402 dulcem
2863 5363 2984 5400 cum
3013 5345 3195 5401 nulla.
3225 5344 3443 5416 Aliquid
3474 5343 3639 5413 igitur

2065 5438 2335 5508 accipere,
2368 5438 2573 5508 aliquid
2600 5439 2900 5493 retribuere
2928 5436 3206 5506 praecipit;
3240 5434 3489 5503 accipere
3517 5437 3640 5503 qui-

2066 5531 2211 5598 dem,
2251 5531 2550 5588 secundum
2631 5531 2906 5600 Aquilam,
2945 5530 3275 5592 melodiam;
3335 5530 3634 5583 secundum

2013 5678 2018 5682 .
2068 5622 2454 5693 Symmachum
2513 5639 2675 5689 vero,
2725 5625 3040 5680 canticum:
3099 5621 3401 5678 retribuere
3456 5631 3633 5675 autem

3203 5892 3277 5948 3i
