4066 6402
435 381 532 441 971

1131 377 1402 437 EUSEBII
1441 376 1919 461 CESARiENSIS
1958 377 2109 434 OPP.
2152 377 2330 433 PARS
2371 375 2458 434 ΙΙΙ.
2499 410 2568 420 -
2598 373 3012 433 EXEGETICA.

3573 373 3680 428 972

434 511 770 572 tympanum,
820 505 914 552 aut
945 497 1116 568 lyram
1165 495 1380 551 dulcem
1427 512 1552 551 cum
1610 498 1793 553 nabla.
1840 497 1992 563 Quei:

2104 499 2426 570 μελῳδίαν,
2451 495 2551 550 καὶ
2591 495 2726 548 δότε
2763 493 3093 562 τύμπανον,
3127 489 3374 559 κιθάραν
3408 488 3681 558 εὐπρεπῆ

431 593 762 665 praecipitur,
801 597 861 644 ιιι
892 588 1118 643 auribus
1148 587 1368 658 quidem
1397 588 1550 642 verbi
1583 587 1830 643 doctrina
1862 588 2007 642 exci-

430 687 646 755 piatur;
681 681 825 737 actio
869 688 1050 735 autem
1103 694 1332 749 corpore
1389 679 1680 734 tribuatur.
1719 680 2003 733 Canticum

427 774 573 829 enim
601 779 658 828 et
685 770 919 826 melodia
951 768 1176 824 auribus
1193 767 1360 822 verbo
1394 765 1629 820 traditur
1661 785 1673 819 :
1700 781 1869 835 quare
1891 766 2001 819 ait:

430 863 705 934 Suscipite
729 862 1002 917 canticum
1015 869 1069 915 et
1091 858 1400 922 melodiam,
1433 855 1732 912 secundum
1751 855 2004 926 Aquilam

427 964 482 1009 et
518 954 924 1026 Symmachum.
959 951 1056 1007 His
1084 967 1212 1006 vero
1250 950 1511 1019 acceptis,
1535 948 1823 1003 retribuite
1853 948 2002 1019 psal-

429 1047 629 1101 terium
654 1045 957 1115 jucundum
991 1059 1117 1098 cum
1164 1043 1395 1106 cithara,
1446 1043 1559 1097 sive
1595 1041 1767 1113 lyram
1790 1041 2003 1096 dulcem

427 1153 553 1194 cum
576 1139 760 1194 nabla.
786 1137 1129 1210 Tympanum
1162 1144 1342 1190 autem
1371 1142 1453 1190 est
1488 1135 1911 1190 instrumentum
1936 1149 2004 1188 ex

428 1246 692 1303 corporea
713 1231 853 1302 pelle
878 1229 1302 1294 concinnatum;
1334 1227 1655 1296 psalterium
1688 1236 1890 1291 autem,
1927 1224 2005 1279 ci-

426 1322 601 1378 thara:
648 1321 880 1392 species,
911 1319 1131 1375 chordis
1169 1317 1478 1374 confectum
1510 1327 1616 1384 est,
1651 1317 1854 1390 quibus
1881 1332 2005 1373 cor-

424 1429 534 1486 pus
563 1421 811 1470 nostrum
847 1411 1247 1468 subindicatur.
1284 1408 1414 1464 Vult
1445 1411 1630 1482 itaque
1664 1411 1800 1482 ipsis
1823 1410 2004 1481 operi-

427 1507 532 1563 bus
580 1521 646 1561 ac
673 1505 840 1576 gestis
876 1511 1147 1575 praecepta
1195 1501 1374 1558 verbis
1420 1503 1621 1558 tradita
1664 1503 1916 1573 impleri;
1948 1508 2004 1557 et

425 1596 542 1650 haec
574 1610 735 1666 agere
781 1594 1044 1664 iubentur
1069 1600 1339 1662 quotquot
1390 1592 1447 1647 in
1481 1593 1731 1648 ecclesiis
1766 1593 1861 1647 Dei
1905 1606 2002 1662 per

423 1696 598 1742 totum
624 1686 813 1741 orbem
845 1684 1164 1756 congregati
1191 1693 1338 1739 sunt.
1373 1683 1715 1754 Quapropter
1745 1682 1812 1737 In
1840 1683 1998 1751 ﬁnem

421 1789 469 1834 et
491 1778 599 1832 Pro
633 1776 988 1833 torcularibus
1007 1776 1122 1830 hac
1137 1789 1259 1844 qua:
1283 1773 1525 1831 diximus
1547 1774 1811 1844 inscripta
1843 1784 1993 1829 sunt.

2102 589 2254 660 μετὰ
2289 587 2522 654 νάϐλης
2543 603 2556 616 ·
2587 585 2727 639 κατά
2769 585 2825 637 δὲ
2852 583 2943 637 τὸν
2990 582 3303 653 Σύμμαχον’
3337 579 3683 634 Ἁναλάϐετε

2106 681 2292 750 ᾠδὴν,
2337 679 2436 734 καὶ
2477 678 2672 732 δίδοτε
2701 679 3030 747 τύμπανον,
3064 676 3267 742 λύραν
3300 671 3510 742 ἡδεῖαν
3532 671 3685 740 μετά

2106 773 2354 840 νάϐλης.
2384 771 2590 825 Οὐκοῦν
2610 771 2672 824 τδ
2711 770 2807 840 μέν
2833 786 2885 821 τι
2913 767 3236 841 προστάττει
3268 764 3588 836 λαμϐάνειν,
3617 764 3685 817 τὸ

2105 867 2162 919 δέ
2186 865 2418 919 διδόναι·
2450 863 2748 934 λαμϐάνειν
2781 862 2902 933 μὲν,
2938 860 3080 914 κατά
3111 859 3201 912 τὸν
3216 858 3468 922 ’Δκύλαν,
3505 857 3681 929 μελῳ-

2105 958 2244 1021 δίαν,
2282 957 2422 1012 κατὰ
2475 957 2533 1010 δέ
2573 957 2664 1009 τὸν
2695 955 3007 1027 Σύμμαχον,
3042 951 3219 1023 ᾠδήνο
3255 949 3574 1005 ἀντιδιδόναι
3624 948 3685 1002 δέ

2104 1050 2381 1122 τύμπανον
2411 1048 2443 1119 ἢ
2470 1047 2639 1120 λύραν
2671 1047 2855 1117 ήδεῖαν
2888 1043 3029 1117 μετά
3051 1042 3271 1114 νάὸλης.
3317 1041 3395 1095 Δι’
3427 1033 3502 1095 ῶν
3524 1043 3553 1094 6
3596 1039 3690 1092 λό-

2103 1158 2200 1210 γος
2233 1140 2555 1212 προστάττει
2587 1138 2835 1210 δέχεσθαι
2868 1137 2966 1209 μὲν
3006 1137 3198 1200 ἀκοαῖς
3237 1134 3334 1206 τὴν
3367 1132 3476 1188 τῶν
3507 1133 3685 1201 λόγων

2103 1232 2468 1296 διδασκαλίαν,
2490 1231 2688 1284 διδόναι
2713 1230 2768 1284 δὲ
2805 1229 2902 1300 τὴν
2928 1227 3019 1283 διά
3045 1225 3141 1280 τοῦ
3173 1226 3424 1297 σώματος
3455 1224 3679 1297 πρᾶξινο

2117 1325 2240 1396 ᾮδὴ
2274 1324 2372 1395 μὲν
2403 1323 2513 1395 γάρ
2539 1323 2634 1376 καὶ
2657 1321 2889 1393 μελῳδία
2916 1319 3059 1390 λόγῳ
3079 1319 3271 1381 ἀκοαῖς
3300 1315 3674 1388 παραδίδοται·

2066 1403 2077 1416 ’
2102 1416 2180 1470 διό
2215 1434 2348 1488 φησι
2368 1434 2382 1445 ·
2405 1416 2611 1470 Λάϐετε
2634 1415 2778 1486 ᾠδὴν
2798 1414 2891 1467 καὶ
2916 1413 3200 1485 μελῳδίαν,
3233 1411 3376 1464 κατά
3398 1411 3490 1464 τὸν
3530 1410 3686 1464 Ἀκύρ

2101 1506 2199 1562 λαν
2255 1508 2348 1561 καὶ
2406 1505 2718 1578 Σύμμαχον.
2768 1503 2953 1557 Ταῦτα
2988 1502 3046 1555 δὲ
3090 1501 3455 1572 λαμϐάνοντες
3499 1500 3680 1569 ὑμεῖς,

2101 1597 2339 1652 ἀντίδοτε
2373 1595 2668 1667 ψαλτήριον
2703 1593 2933 1664 τερπνὸν
2987 1589 3124 1662 μετά
3164 1588 3414 1660 κιθάρας,
3444 1585 3478 1657 ἢ
3510 1585 3682 1656 λύραν

2100 1693 2281 1764 ἡδεῖαν
2309 1688 2688 1764 μετάνάὁλης.
2729 1687 3020 1758 Τύμπανον
3057 1682 3115 1735 δὲ
3147 1680 3377 1754 ὄργανόν
3427 1680 3576 1732 ἐστιν
3614 1679 3681 1732 ἐκ

2098 1763 2260 1855 δορᾶς
2283 1763 2598 1853 σωματικῆς
2632 1777 3159 1846 κατεσκευασμένον,
3180 1773 3274 1825 καὶ
3297 1771 3356 1824 τὸ
3378 1770 3678 1841 ψαλτήριον

421 1870 740 1927 Torcularia
766 1868 911 1924 enim
929 1883 997 1922 ne
1021 1865 1169 1920 aliud
1193 1866 1472 1936 quidpiam
1498 1865 1606 1920 dici
1622 1875 1802 1934 putes,
1832 1879 1992 1935 quam

2100 1874 2331 1946 κιθάρας
2359 1868 2500 1935 εἶδος
2517 1864 2618 1926 ὦδέ
2651 1887 2727 1941 πη
2746 1867 2836 1922 διὰ
2885 1865 3087 1938 χορδῶν
3127 1861 3580 1934 κατηρτισμένον,
3609 1859 3679 1912 δι’

420 1960 685 2016 ecclesias
738 1958 856 2024 Dei,
886 1958 942 2012 in
987 1957 1190 2028 quibus
1236 1956 1437 2022 coacti,
1477 1957 1834 2026 collectisque
1885 1969 1996 2010 una

420 2052 688 2108 fructibus
707 2051 934 2115 nostris,
963 2064 1129 2104 unam
1161 2048 1603 2105 commixtionem
1637 2045 1899 2102 edicimus
1927 2045 1996 2099 ad

418 2145 646 2216 gloriam
693 2150 749 2199 et
792 2141 1033 2198 laetitiam
1082 2139 1246 2195 Verbi
1292 2139 1409 2194 Dei.
1469 2138 1662 2193 Mirum
1695 2152 1860 2208 porro
1887 2152 1996 2208 quo

418 2245 581 2306 pacto
630 2233 942 2305 praecedens
974 2234 1218 2304 psalmus
1269 2231 1581 2287 incendium
1610 2230 1993 2297 declaraverit,

419 2341 635 2382 necnon
688 2325 862 2380 vinea:
907 2341 973 2380 ex
1023 2323 1259 2396 Egypto
1282 2323 1563 2377 translata:
1593 2321 1903 2378 vastitatem
1941 2328 1996 2376 ct

419 2421 633 2474 ruinam
662 2419 962 2490 integram;
1017 2419 1107 2474 hic
1133 2432 1263 2473 vero
1308 2417 1572 2488 psalmus,
1603 2415 1760 2487 quasi
1785 2417 1888 2470 alia
1914 2416 1995 2470 vi-

421 2513 513 2576 tis,
542 2511 646 2566 alia
675 2511 832 2566 vinea
862 2511 954 2577 sit,
987 2511 1096 2566 imo
1114 2524 1242 2564 vero
1275 2509 1456 2563 multae
1485 2508 1672 2572 vincte,
1699 2508 1993 2563 torcularia

418 2604 625 2660 inducit
651 2604 884 2675 plurima
918 2623 930 2659 :
970 2603 1149 2658 fausta
1183 2617 1315 2657 vero
1343 2602 1630 2656 denuntiat
1665 2602 1773 2656 illis
1799 2602 1893 2671 qui
1925 2602 1991 2656 ad

415 2711 480 2750 ea
514 2696 688 2750 vocati
727 2701 875 2748 sunt.
934 2691 1042 2747 Pro
1088 2693 1266 2762 primo
1324 2690 1491 2762 igitur
1536 2691 1738 2761 populo
1776 2691 1990 2746 vineam

418 2802 602 2854 unam,
636 2786 880 2841 torcular
908 2802 1104 2850 unum,
1129 2799 1407 2854 unamque
1446 2784 1610 2838 vitem
1653 2781 1869 2837 induxit
1897 2782 1990 2852 qui

416 2882 491 2932 ait
519 2897 532 2934 :
567 2877 728 2933 Vinea
753 2877 899 2947 facta
922 2886 998 2931 est
1021 2875 1214 2931 dilecto
1235 2878 1289 2929 in
1312 2891 1496 2938 cornu,
1515 2875 1695 2929 inloco
1717 2875 1900 2944 pingui
1922 2874 1987 2926 ⁸⁸.

415 2967 620 3023 Deinde
653 2969 728 3021 ait
760 2987 773 3022 :
809 2966 876 3020 Et
898 2967 1235 3036 protorcular
1259 2966 1372 3036 fodi
1389 2967 1444 3020 in
1473 2982 1562 3030 ea,
1587 2975 1637 3021 et
1657 2965 1894 3035 plantavi
1917 2965 1993 3019 vi-

412 3077 568 3115 neam
592 3060 768 3114 Sorec.
805 3056 868 3112 ln
898 3059 1225 3129 praecedenti
1258 3073 1388 3114 vero
1402 3059 1580 3112 'unam
1625 3059 1791 3113 vitem
1823 3057 1988 3114 deno-

414 3150 566 3204 tabat
625 3149 852 3203 dicens:
894 3147 1111 3201 Vineam
1152 3147 1216 3202 de
1257 3148 1490 3219 ﬂgypto
1547 3150 1893 3205 transtulisti.
1929 3148 1990 3203 In

2099 1961 2176 2021 ὧν
2206 1965 2265 2018 τὸ
2279 1964 2436 2036 σῶμα
2458 1962 2521 2016 τὸ
2550 1960 2818 2034 ἡμέτερον
2842 1959 3077 2032 ᾐνίξατο.
3111 1955 3366 2008 Βούλεται
3377 1953 3557 2007 τοίνυν
3581 1952 3682 2005 αύ-

2100 2061 2212 2122 τοῖς
2243 2057 2424 2128 ἔργοις
2471 2054 2568 2108 καὶ
2621 2051 2852 2125 πράξεσι
2886 2051 2952 2104 τά
2987 2048 3075 2102 διά
3112 2047 3222 2101 τῶν
3263 2045 3436 2114 λόγων
3461 2059 3681 2116 παραγ-

2101 2151 2343 2222 γέλματα
2407 2145 2788 2219 ἀποπληροῦν·
2825 2144 2920 2198 καὶ
2947 2143 3118 2196 ταῦτα
3159 2139 3417 2212 πράττειν
3459 2139 3489 2191 6
3520 2137 3680 2206 λόγος

2100 2246 2214 2307 τοῖς
2245 2244 2302 2296 ἐν
2340 2243 2457 2304 ταῖς
2480 2238 2796 2310 ἐκκλησίαις
2828 2234 2920 2289 τοῦ
2952 2232 3086 2288 Θεοῦ
3119 2232 3237 2285 καθ’
3289 2230 3418 2301 ὅλης
3459 2227 3560 2298 τῆς
3596 2229 3678 2281 ol-

2100 2333 2373 2406 κουμένης
2441 2329 2928 2403 συγκροτουμένοις
2980 2324 3325 2399 προστάττει.
3359 2323 3450 2376 Διὸ
3478 2324 3583 2388 Εἰς
3609 2321 3676 2373 τὸ

2100 2423 2275 2488 τέλος
2299 2422 2392 2476 καὶ
2461 2419 2631 2488 ’Υπὲρ
2653 2417 2772 2472 τῶν
2790 2413 2996 2485 ληνῶν
3027 2413 3440 2485 προγέγραπται
3482 2410 3551 2465 τά
3593 2410 3678 2463 λε-

2099 2517 2356 2587 λεγμένα.
2394 2514 2603 2585 Δηνοὺς
2637 2511 2746 2583 γὰρ
2787 2509 2919 2582 μηδέ
2962 2507 3088 2562 ἀλλο
3113 2525 3168 2560 τι
3200 2503 3388 2577 νόμιζε
3425 2501 3678 2572 λέγεσθαι

2097 2609 2131 2680 ἢ
2188 2609 2287 2673 τάς
2331 2606 2622 2678 ἐκκλησίας
2667 2603 2762 2657 τοῦ
2796 2600 2951 2668 Θεοῦ,
2997 2603 3054 2654 ἐν
3098 2594 3184 2664 αῖς
3218 2595 3679 2672 συγκροτούμενοι

2099 2703 2191 2756 καὶ
2218 2702 2341 2765 τοὺς
2367 2699 2569 2752 ἑαυτῶν
2610 2697 2854 2768 καρποὺς
2880 2693 3020 2748 κατά
3052 2693 3111 2746 τὸ
3141 2691 3272 2747 αὐτὸ
3298 2688 3676 2761 συμϐαλλόμε-

2097 2813 2198 2861 νοι,
2237 2794 2362 2866 μίαν
2392 2794 2589 2866 κρᾶσιν
2631 2787 2932 2859 ποιούμεθα
2978 2789 3058 2850 εἰς
3091 2784 3246 2850 δόξαν
3293 2785 3387 2838 καὶ
3413 2779 3679 2852 εὐφροσύ-

2097 2904 2195 2958 νην
2250 2885 2345 2939 τοῦ
2397 2885 2570 2954 Λόγου
2616 2882 2710 2936 τοῦ
2748 2880 2904 2934 Θεοῦ.
2945 2879 3233 2950 Θαυμάσαι
3266 2876 3322 2929 δὲ
3344 2875 3490 2928 ἐστιν
3528 2874 3678 2934 ὅπως

2095 2983 2125 3035 6
2171 2981 2266 3051 μὲν
2325 2979 2432 3050 πρὸ
2488 2977 2679 3032 τούτου
2705 2975 2919 3047 ψαλμδς
2953 2971 3298 3046 ἐμπυρισμὸν
3339 2970 3548 3042 ἐδήλου,
3583 2967 3680 3022 καὶ

2095 3072 2333 3144 παντελῆ
2382 3071 2617 3143 ἐρημίαν
2673 3069 2768 3123 καὶ
2813 3066 3117 3138 ἀφανισμὸν
3153 3065 3256 3135 τῆς
3296 3063 3355 3130 ἐξ
3402 3061 3678 3131 Αἰγύπτου

2100 3161 2566 3235 μετενηνεγμένης
2597 3156 2844 3229 ἀμπέλου
2868 3169 2883 3184 ⁸
2916 3156 2944 3207 6
2981 3153 3036 3208 δὲ
3075 3151 3212 3224 μετὰ
3252 3153 3460 3222 χεῖρας,
3487 3149 3679 3218 ὥσπερ

415 3238 643 3309 psalmis
697 3248 900 3301 autem,
921 3239 1013 3308 qui
1046 3238 1152 3291 Pro
1181 3239 1534 3292 torcularibus
1569 3239 1821 3309 inscripti
1846 3246 1992 3308 sunt,

2100 3251 2292 3323 ἐτέρας
2317 3247 2629 3318 ὑποστάσης
2676 3246 2919 3318 ἀμπέλου
2974 3245 3068 3298 καὶ
3101 3240 3422 3314 ἀμπελῶνος
3462 3237 3671 3308 ἐτέρου,

414 3330 586 3384 multa
624 3329 867 3384 declarat
899 3329 1218 3395 toreularia,
1267 3331 1630 3399 plurimarum
1667 3332 1879 3387 scilicet
1904 3331 1990 3386 vi-

414 3436 662 3477 nearum.
713 3420 870 3486 Quod
910 3421 958 3476 si
1004 3436 1199 3475 novam
1249 3421 1461 3477 vineam
1492 3437 1655 3478 nosse
1686 3424 1842 3491 velis,
1872 3438 1994 3494 qua:

413 3522 537 3583 post
589 3514 792 3580 prioris
824 3513 1043 3568 ruinam
1099 3512 1157 3568 in
1197 3512 1512 3569 hominibus
1553 3523 1749 3569 exorta
1797 3522 1916 3581 est,
1959 3531 1992 3570 a

412 3604 524 3659 Deo
578 3603 756 3660 Verbo
815 3604 1032 3660 ediscas
1091 3605 1205 3660 hac
1235 3605 1302 3660 de
1337 3619 1396 3661 se
1419 3605 1648 3661 docente
1687 3625 1700 3661 :
1735 3605 1848 3678 Ego
1873 3624 1991 3662 sum

412 3695 534 3748 vitis
563 3710 704 3760 uera,
731 3693 892 3748 Pater
939 3709 1083 3747 meus
1124 3693 1358 3764 agricola
1388 3703 1488 3749 est.
1528 3695 1748 3751 Omnem
1793 3697 1990 3767 palmi-

414 3796 517 3840 tem
537 3802 640 3839 non
669 3785 917 3855 ferentem
946 3785 1177 3854 fructum
1207 3787 1262 3840 in
1291 3803 1393 3851 me,
1422 3787 1561 3841 tollit
1582 3804 1737 3852 eum;
1780 3798 1829 3842 et
1865 3792 1990 3858 {om-

412 3893 530 3932 nem
550 3876 797 3947 ferentem
828 3877 1081 3946 fructum,
1102 3886 1293 3947 purgat
1315 3893 1455 3943 eum,
1485 3890 1542 3932 ut
1571 3878 1840 3948 fructuum
1867 3881 1989 3950 plus

411 3971 570 4041 ferat.
600 3968 726 4025 Jam
750 3987 838 4025 vos
866 3968 1049 4024 mundi
1081 3972 1206 4025 estis
1248 3981 1461 4042 propter
1493 3987 1803 4038 sermonem,
1835 3990 1989 4045 quem

413 4061 618 4116 locutus
657 4078 775 4116 sum
809 4062 952 4116 vobis
979 4077 998 4116 :
1035 4071 1239 4115 manete
1271 4063 1326 4116 in
1369 4079 1471 4128 me,
1514 4072 1563 4118 et
1605 4081 1698 4136 ego
1727 4067 1783 4120 in
1816 4065 1984 4120 vobis.

411 4153 560 4209 Sicut
598 4155 797 4223 palntes
833 4171 934 4208 non
969 4163 1138 4224 potest
1187 4154 1322 4223 ferre
1354 4155 1587 4222 fructum
1619 4174 1651 4210 a
1684 4159 1983 4228 semetipso,

411 4247 514 4301 nisi
539 4248 791 4301 manserit
829 4246 884 4299 in
919 4247 1022 4300 vite
1042 4261 1061 4309 ;
1085 4246 1162 4299 sic
1193 4261 1284 4299 nec
1315 4261 1403 4300 vos
1444 4247 1550 4302 nisi
1577 4249 1633 4302 in
1663 4265 1743 4303 me
1778 4267 1987 4304 manse-

410 4336 552 4390 ritis.
593 4333 706 4406 Ego
737 4351 852 4388 sum
882 4335 1023 4399 uitis,
1050 4351 1140 4390 vos
1173 4335 1440 4404 palmites.
1485 4336 1592 4403 Qui
1617 4347 1790 4391 manet
1829 4340 1882 4393 in
1904 4356 1984 4394 me

407 4436 458 4481 et
486 4443 577 4496 ego
601 4427 656 4479 in
696 4441 780 4490 eo,
815 4435 864 4479 et
893 4425 976 4478 hic
1015 4424 1117 4493 fert
1149 4425 1385 4494 fructum
1430 4427 1655 4480 multum
1684 4443 1702 4480 :
1723 4431 1848 4498 quia
1870 4430 1985 4484 sine

408 4534 491 4572 me
516 4517 650 4572 nihil
694 4518 913 4586 potestis
955 4517 1092 4586 ferre
1113 4517 1182 4572 ⁸⁵.
1218 4515 1422 4572 Priscae
1462 4533 1593 4590 ergo
1635 4519 1783 4576 illius
1812 4521 1982 4578 vineae

2094 3341 2295 3413 μᾶλλον
2337 3339 2394 3393 δὲ
2447 3339 2711 3392 πλειόνων
2777 3333 3118 3407 ἀμπελώνων
3170 3333 3364 3404 ληνοὺς
3415 3328 3672 3398 ὑφίστησι

2091 3433 2332 3497 πλείους,
2387 3432 2589 3503 φαιδρά
2634 3449 2693 3484 τε
2734 3427 3142 3497 εὐαγγελίζεται
3198 3428 3310 3488 τοῖς
3347 3423 3436 3476 ἐπὶ
3467 3418 3675 3481 ταύτας

2091 3506 2466 3597 κεκλημένοις.
2516 3524 2639 3576 Ἐπὶ
2684 3523 2780 3594 μὲν
2812 3517 2904 3574 οὖν
2939 3519 3034 3573 τοῦ
3079 3519 3344 3590 προτέρου
3387 3514 3516 3568 λαοῦ
3573 3511 3674 3563 ἕνα

2090 3616 2389 3690 ἀμπελῶνα
2417 3616 2508 3670 καλ¹
2552 3615 2676 3687 μίαν
2707 3612 2888 3686 ληνὸν,
2917 3613 3044 3684 μίαν
3083 3628 3143 3664 τε
3175 3608 3416 3678 ἄμπελον
3442 3605 3670 3672 εισήγα-

2089 3725 2186 3778 γεν
2216 3710 2245 3761 6
2277 3709 2454 3778 φήσας
2473 3725 2486 3738 ·
2527 3704 2835 3774 Ἀμπελὼν
2870 3702 3125 3773 ἐγενήθη
3184 3698 3266 3765 τῷ
3311 3693 3674 3768 ἠγαπημένῳ

2089 3801 2159 3856 ὲν
2194 3800 2416 3869 κέρατι,
2450 3800 2520 3853 ἐν
2544 3800 2704 3864 τόπῳ
2745 3799 2926 3850 πίονι.
2964 3791 3079 3849 Εἶθ’
3112 3794 3268 3864 ἑξῆς·
3301 3790 3409 3846 Καὶ
3445 3780 3674 3850 προλή-

2087 3911 2240 3956 νιον,
2286 3893 2481 3963 φησὶν,
2517 3890 2717 3959 ὥρυξα
2752 3890 2822 3943 ἐν
2864 3885 3043 3952 αὐτῷ,
3083 3887 3181 3940 καὶ
3223 3884 3525 3949 ἐφύτευσα
3563 3875 3672 3944 ἄμ-

2089 3988 2281 4038 πελον
2316 3983 2548 4053 Σωρήκ.
2581 3982 2692 4037 Καὶ
2723 3983 2782 4035 ἐν
2811 3980 2888 4052 τῷ
2913 3981 3019 4048 πρὸ
3038 3975 3229 4029 τούτου
3265 3972 3395 4043 μίαν
3422 3969 3669 4042 ἄμπελον

2089 4077 2276 4149 ἐδήλου
2306 4077 2478 4146 λέγων
2495 4093 2508 4106 ·
2547 4076 2852 4145 ’Ἄμπελον
2869 4073 2937 4136 ἐξ
2961 4069 3260 4139 Αἰγύπτου
3270 4060 3551 4134 μετῆρας.
3581 4062 3672 4115 Ἐν

2087 4168 2145 4222 δέ
2165 4170 2274 4232 τοῖς
2309 4165 2482 4235 Ὑπὲρ
2510 4164 2628 4220 τῶν
2653 4165 2860 4234 ληνῶν
2893 4162 3109 4224 πλείους
3151 4158 3300 4230 δηλοῖ
3330 4156 3544 4227 ληνοὺς,
3571 4153 3673 4226 δη-

2087 4257 2217 4330 λαδή
2248 4258 2508 4314 πλειόνων
2553 4255 2907 4328 ἀμπελώνων.
2939 4255 3004 4308 Εἰ
3031 4252 3089 4307 δέ
3134 4253 3229 4307 καὶ
3255 4250 3354 4321 τὴν
3421 4246 3672 4318 ἄμπελον

2085 4351 2186 4422 τὴν
2214 4350 2408 4422 καινὴν
2448 4349 2647 4419 γνῶναι
2695 4346 3033 4420 βουληθείης,
3086 4345 3184 4416 τὴν
3231 4341 3368 4415 μετά
3399 4341 3492 4394 τὸν
3523 4340 3671 4408 ἀφα-

2084 4440 2274 4511 νισμὸν
2303 4441 2402 4510 τῆς
2419 4439 2690 4511 προτέρας
2727 4441 2782 4492 ἐν
2809 4435 3117 4508 ἀνθρώποις
3147 4437 3393 4506 (ρυεῖσαν,
3429 4430 3671 4503 μάνθανε

2085 4531 2238 4604 παρὰ
2275 4531 2368 4584 τοῦ
2396 4531 2528 4584 Θεοῦ
2559 4533 2734 4600 Λόγου
2763 4531 2892 4602 περ).
2913 4527 3079 4583 αὑτοῦ
3104 4526 3276 4580 ταῦτα
3303 4525 3666 4584 διδάσκοντος

410 4611 572 4665 llnem
604 4608 898 4680 descripsit
951 4607 1266 4678 praecedens
1311 4611 1590 4681 psalmus;
1630 4627 1761 4668 vera
1801 4622 1981 4671 autem

2100 4623 2241 4695 Ἐγώ
2291 4627 2406 4695 ειμι
2452 4627 2492 4692 ἡ
2535 4625 2804 4693 ἄμπελος
2852 4624 2891 4690 ἠ
2935 4619 3216 4690 ἀληθινὴ,
3257 4622 3290 4673 ό
3321 4616 3524 4686 Πατήρ
3549 4633 3670 4685 μου

408 4703 570 4757 vinea
625 4716 788 4773 quem
839 4700 1039 4756 habeat
1081 4701 1348 4757 cultorem
1396 4711 1450 4760 et
1494 4706 1812 4776 agricolam,
1842 4726 1982 4782 quos

407 4793 682 4864 palmites,
721 4808 862 4864 quas
889 4793 1102 4860 botrus,
1137 4794 1399 4851 salutaris
1438 4796 1686 4854 doctrina
1717 4801 1980 4858 declarat.

408 4885 488 4939 Ex
515 4884 680 4953 hujus
729 4885 913 4954 itaque
963 4884 1280 4954 palmitibus
1309 4902 1405 4956 per
1455 4896 1629 4944 totum
1653 4893 1841 4949 orbem
1874 4895 1987 4949 dis-

407 4977 654 5040 tributis,
683 4977 856 5031 vincte
883 4977 1197 5031 constitutae
1238 4986 1386 5044 sunt,
1419 4996 1650 5050 quarum
1677 4983 1892 5042 fructus
1928 4986 1984 5040 in

409 5087 577 5125 unum
603 5070 818 5125 collecti
854 5069 907 5124 in
929 5070 1183 5127 ecclesiis
1206 5085 1302 5141 per
1323 5073 1513 5129 orbem
1544 5074 1809 5142 fundatis,
1842 5079 1986 5132 mul-

408 5160 696 5216 titudinem
749 5161 1106 5216 torcularium
1159 5161 1500 5220 invexerunt.
1549 5166 1666 5232 Qua
1703 5167 1774 5223 de
1815 5183 1985 5224 causa

409 5256 608 5328 psalmi
637 5255 746 5310 Pro
779 5254 1131 5311 torcularibus
1163 5257 1410 5326 inscripti
1436 5274 1534 5328 per
1557 5258 1824 5330 Spiritum
1853 5275 1986 5316 sana

409 5361 558 5406 ctum
587 5349 902 5422 praphetice
934 5349 1275 5419 pronuntiati
1307 5359 1456 5405 sunt.

2092 4721 2125 4773 ὁ
2152 4719 2424 4788 γεωργός.
2452 4716 2582 4772 Πᾶν
2607 4715 2812 4787 κλῆμα
2837 4714 2923 4785 μὴ
2951 4713 3137 4784 φέρον
3166 4711 3400 4780 καρπὸν
3427 4710 3498 4763 ἐν
3515 4707 3668 4778 ἐμοὶ,

2091 4809 2242 4876 alpis;
2267 4811 2418 4863 αὐτό
2441 4825 2455 4839 ο
2507 4808 2606 4861 καὶ
2642 4807 2764 4863 πᾶν
2789 4807 2857 4861 τὸ
2899 4806 3132 4876 καρπὸν
3167 4805 3371 4876 φέρον,
3404 4802 3670 4867 καθαίρει

2092 4900 2239 4954 αὐτὸ
2259 4940 2273 4959 .
2316 4901 2417 4954 ἵνα
2481 4900 2714 4969 καρπὸν
2763 4901 3016 4954 πλείονα
3056 4898 3206 4968 φέρῃ
3281 4894 3431 4958 Ἤδη
3498 4889 3668 4960 ὑμεῖς

2089 4992 2336 5059 καθαροί
2365 4992 2506 5045 ἐστε
2541 4993 2638 5046 διὰ
2674 4991 2780 5046 τὸν
2831 4993 3018 5061 λόγον
3055 4989 3128 5043 ὃν
3155 4986 3466 5052 λελάληκα
3501 4981 3666 5051 ὐμῖνο

2083 5082 2343 5152 μείνατε⁴
2394 5083 2465 5136 ἐν
2525 5081 2694 5152 ἐμοὶ,
2768 5081 2928 5152 κάγὼ
2993 5081 3064 5134 ἐν
3118 5077 3278 5148 ὑμῖν.
3351 5073 3557 5138 Καθὼς
3599 5068 3668 5123 τὸ

2090 5173 2294 5243 κλῆμα
2350 5176 2420 5229 οὐ
2472 5174 2721 5229 δύναται
2766 5173 2971 5242 φέρειν
2993 5170 3228 5240 καρπὸν
3279 5167 3379 5236 ἀφ’
3423 5159 3662 5224 ἑαυτοῦ,

2088 5265 2197 5319 ἐὰν
2223 5265 2313 5335 μὴ
2349 5267 2526 5335 μείνῃ
2573 5267 2644 5320 ἐν
2683 5264 2758 5334 τῇ
2793 5263 3040 5342 ἀμπέλῳ
3060 5279 3073 5293 °
3121 5262 3272 5316 οὕτω
3319 5254 3419 5308 καὶ
3471 5250 3662 5322 ὑμεῖς,

2087 5357 2196 5410 ἐὰν
2233 5357 2319 5426 μὴ
2373 5358 2444 5410 ἐν
2481 5357 2611 5426 ἐμοὶ
2641 5357 2904 5425 μείνητε.
2962 5354 3100 5425 Ἐγώ
3128 5355 3246 5418 εἰμι
3284 5347 3324 5414 ἠ
3370 5345 3662 5413 ἄμπελος.

409 5443 578 5511 ὑμεῖς
618 5442 690 5496 τὰ
742 5441 1036 5510 κλήματα.
1081 5441 1133 5493 '0
1153 5443 1354 5509 μένων
1403 5444 1472 5497 ἐν
1517 5445 1668 5514 ἐμοὶ,
1707 5449 1866 5518 κάγὼ
1905 5449 1976 5502 ἐν·
2011 5449 2190 5514 αὐτῷ,
2227 5452 2326 5504 καὶ
2388 5447 2566 5516 οὗτος
2595 5450 2755 5518 φέρει
2789 5445 3019 5514 καρπὸν
3039 5444 3236 5497 πολύν
3260 5458 3274 5471 '
3335 5439 3425 5494 ὅτι
3482 5437 3663 5509 χωρὶς

411 5534 554 5603 ἐμοῦ
609 5535 679 5586 οὑ
720 5532 984 5588 δύνασθε
1035 5533 1254 5601 φέρειν.
1300 5535 1412 5606 Τῆς
1451 5537 1547 5606 μὲν
1593 5534 1685 5593 οὖν
1714 5541 1983 5614 προτέρας
2020 5543 2264 5613 ἀμπέλου
2291 5543 2359 5596 τὰ
2383 5541 2508 5612 τέλη
2549 5537 2887 5611 διέγραψενδ
2920 5536 3024 5608 πρὸ
3085 5534 3275 5588 τούτου
3339 5531 3584 5604 ψαλμόςο
3618 5533 3657 5606 ἠ

411 5622 729 5694 δὲίὰληθινὴ
759 5621 998 5694 ἄμτέελοίιῖ
1021 5626 1201 5678 ὁποῖον
1225 5625 1660 5702 εχειφυτουργδν
1695 5633 1788 5686 καὶ
1812 5635 2074 5708 γεωργὸν,
2113 5636 2206 5689 καὶ
2238 5636 2397 5688 ὁποῖα
2435 5632 2719 5704 κλήματα,
2765 5630 2859 5683 καὶ
2906 5627 3126 5692 ὁποίους
3182 5627 3414 5699 βότρυς
3442 5626 3479 5696 ή
3541 5639 3656 5679 σω-

489 5802 536 5836 “
570 5799 672 5856 lsa.
707 5817 760 5866 v,
794 5802 844 5857 l.
921 5803 966 5834 ⁸³
1005 5801 1163 5858 Joan.
1203 5822 1290 5872 xv,
1333 5809 1355 5862 l
1395 5817 1450 5863 ct
1478 5825 1621 5888 seqq
