4066 6370
375 395 478 450 973

1495 387 1997 447 COMMENTARIA
2040 387 2104 443 IN
2142 386 2476 443 PSALMOS.

3514 385 3618 440 Ἧι

373 514 560 585 τὴριος
598 511 893 584 παρίστησι
951 508 1287 564 διδασκαλία.
1331 505 1424 562 Ἐκ
1481 508 1588 562 τῶν
1615 508 1818 578 ταύτης
1878 505 2163 578 τοιγαροῦν
2197 506 2495 576 κλημάτων
2535 502 2882 556 διαδοθέντων
2915 501 3035 556 καθ’
3079 501 3206 573 ὅλης
3248 520 3342 574 της
3371 506 3624 575 οἰκουμέ-

375 620 473 674 νης
523 603 853 673 συνέστησαν
887 600 1238 672 ἀμπελῶνες·
1278 601 1370 653 καὶ
1418 600 1622 653 τούτων
1651 602 1701 652 οἱ
1750 601 1952 672 καρποὶ
1991 599 2133 654 κατὰ
2151 601 2212 653 τὸ
2267 599 2400 652 αὐτὸ
2466 596 2821 668 συναγόμενοι
2845 600 2901 650 ὲν
2927 599 3045 660 ταῖς
3085 597 3206 652 καθ’
3239 598 3366 670 ὅλης
3415 601 3512 670 τῆς
3552 603 3630 654 οἰ-

378 695 647 766 κουμένης
666 695 980 766 ἐκκλησίαις
1025 694 1156 747 πολὺ
1186 692 1388 765 πλῆθος
1422 693 1828 764 ἀπειργάσαντο
1857 693 2060 766 ληνῶν·
2094 686 2167 747 ὧν
2192 693 2352 745 ἕνεκα
2414 691 2499 744 διὰ
2541 689 2634 744 τοῦ
2677 691 2833 757 ἁγίου
2873 689 3187 765 Πνεύματος
3217 691 3266 740 οἱ
3298 690 3630 759 Ἐπιιιήνιοι

378 786 579 859 ψαλμοὶ
613 787 962 860 προφητικῶς
988 786 1431 859 ἀνεφωνήθηνσαν.

453 903 794 957 Σαλπίσατε
817 902 887 955 ἐν
929 903 1214 972 νεομηνίᾳ
1249 901 1554 973 σάλπιγγι,
1596 905 1665 957 ἐν
1708 904 1952 975 εὐσήμῳ

2129 900 2293 956 Vens.
2328 901 2381 954 4.
2409 899 2693 952 Buccmale
2737 913 2792 951 tn
2843 898 3116 952 neomenia
3143 895 3294 960 tuba,
3331 897 3385 949 in
3435 896 3630 966 insigni

381 993 572 1064 ἡμέρᾳ
592 993 803 1062 ἑορτῆς
826 994 1010 1062 ὑμῶν.
1048 993 1260 1048 Ἐκάλει
1280 995 1386 1060 μὲν
1411 997 1440 1048 6
1471 995 1627 1063 λόγος
1658 997 1955 1068 ἀρχόμενος

382 1085 477 1138 ἰπὶ
503 1083 850 1154 ἀγαλλίασιν·
893 1083 1214 1156 προσέταττε
1237 1083 1296 1137 δὲ
1326 1082 1613 1148 ἀλαλάζειν
1633 1124 1649 1149 ,
1682 1087 1958 1139 τουτέστιν

384 1176 552 1250 ὕμνον
621 1177 886 1231 ἐπινίκιον
953 1177 1300 1248 ἀναπέμπειν
1357 1177 1434 1249 τῷ
1485 1178 1780 1248 δηλωθέντι
1840 1179 1960 1249 Θεῷ

395 1266 618 1322 Ἰακώϐ·
652 1264 768 1321 εἶτα
806 1267 999 1336 λόγους
1048 1267 1461 1333 διδασκαλικοὺς
1510 1269 1961 1340 παραλαμϐάνον-

381 1353 502 1423 τας,
531 1358 711 1431 ἔργοις
738 1359 959 1422 τούτους
979 1358 1326 1431 ἀποπληροῦν
1351 1378 1364 1392 ·
1398 1359 1690 1430 πληρωτὰς
1725 1361 1781 1414 δὲ
1810 1378 1962 1428 γενο-

385 1449 594 1523 μένους
612 1449 720 1502 τῶν
742 1448 936 1520 ἔργων,
966 1448 1065 1519 ἤδη
1088 1447 1272 1503 λοιπὸν
1298 1448 1393 1502 καὶ
1415 1451 1494 1513 είς
1523 1450 1729 1513 πάντας
1754 1449 1850 1505 ἀνθ
1861 1449 1963 1522 ρώ-

385 1557 522 1604 πους
573 1538 862 1611 κηρύττειν
900 1538 992 1591 καὶ
1030 1536 1312 1601 σαλπίζειν
1335 1576 1351 1602 ,
1393 1535 1605 1609 ὲξηχεῖν
1638 1554 1697 1590 τε
1749 1537 1842 1590 καὶ
1879 1536 1964 1602 ιε-

384 1629 650 1685 άκουστον
687 1633 799 1694 τοῖς
831 1631 967 1684 πᾶσι
987 1634 1161 1683 ποιεῖν
1179 1630 1241 1683 τὸ
1271 1629 1622 1699 Εὑαγγέλιον·
1656 1629 1842 1701 ὥσπερ
1871 1625 1964 1682 οὖν

386 1721 480 1776 καὶ
508 1725 537 1776 6
574 1723 764 1794 Σωτὴρ
789 1721 1184 1794 παρεκελεύετο
1229 1723 1402 1791 λέγων
1433 1725 1547 1786 τοῖς
1588 1723 1752 1777 αὐτοῦ
1790 1723 1965 1794 μαθη-

382 1817 508 1880 ταῖς
527 1832 542 1846 ·
582 1817 643 1867 Ὃ
664 1817 754 1881 εἱς
785 1814 851 1868 τὸ
887 1811 996 1882 οὖς
1031 1816 1280 1872 ἀκούετε
1299 1857 1313 1880 ,
1357 1817 1696 1884 κηρύσσετε
1725 1816 1823 1869 ἐπὶ
1848 1816 1966 1868 τῶν

380 1907 690 1978 δωμάτων.
726 1908 817 1962 Διὸ
842 1908 1088 1962 λέλεκται
1109 1911 1220 1973 τοῖς
1244 1908 1311 1962 τά
1339 1908 1532 1983 πρῶτα
1555 1909 1962 1980 κατωρθωκὸσι·

385 2003 753 2056 Σαλπισατε.
791 2000 914 2062 Πῶς
966 2001 1022 2054 δὲ
1067 2002 1266 2064 αὐτοὺς
1312 2000 1560 2072 βούλεται
1603 2000 1963 2072 σαλπίζειν,ἢ

384 2094 465 2156 ὡς
505 2092 792 2158 ὲσάλπιζον
827 2091 992 2145 πάλαι
1033 2093 1296 2164 πρότερον
1325 2093 1374 2144 οἱ
1407 2093 1504 2156 τὰς
1525 2094 1740 2157 εἰκόνας
1784 2095 1964 2146 ἐπιτε-

388 2183 629 2251 λοῦντες,
659 2186 756 2238 κα)⁸
784 2184 853 2240 τὰ
887 2183 1134 2255 σύμϐολα
1183 2185 1422 2250 καὶτοὺς
1448 2185 1654 2249 τύπους
1691 2185 1798 2240 τῶν
1835 2186 1967 2256 ἀλη-

387 2276 531 2342 θῶν;
560 2276 880 2340 Ἐσάλπιζον
925 2277 982 2330 δὲ
1031 2277 1229 2329 ἐκεῖνοι
1270 2277 1327 2328 ὲν
1357 2276 1620 2348 νεομηνία
1664 2278 1757 2331 καὶ
1785 2278 1844 2332 ὲν
1876 2277 1988 2339 εὑ-Δ

390 2367 554 2439 σήμῳ
575 2369 754 2440 ἡμέρᾳ
779 2368 994 2440 ἑορτῆς.
1025 2368 1138 2422 Καὶ
1187 2367 1330 2420 τοῦτ’
1373 2368 1640 2440 ἔπραττον
1687 2369 1826 2423 κατά
1881 2370 1971 2423 τὸν

389 2459 618 2531 ἕϐδομον
663 2462 826 2533 μῆνα,
881 2463 940 2515 ὲν
987 2455 1032 2529 ᾦ
1074 2461 1479 2534 συνερχόμενοι,
1508 2463 1606 2533 τὴν
1636 2462 1827 2534 ἑορτὴν
1863 2463 1972 2516 τῶν

389 2551 713 2623 Σαλπίγγων
743 2553 1049 2618 ἐπετέλουν,
1073 2551 1220 2619 ἅπαξ
1243 2551 1333 2606 τοῦ
1349 2553 1598 2608 ἐνιαυτοῦ
1622 2553 1780 2608 τοῦτο
1801 2554 1973 2627 πράτ-

390 2664 595 2712 τοντες.
631 2651 793 2719 Λέγει
822 2651 865 2704 δ’
899 2647 991 2705 οὖν
1025 2654 1058 2724 ἡ
1085 2654 1271 2725 γραφὴ
1289 2652 1382 2708 τοῦ
1403 2653 1568 2724 νόμου
1593 2669 1606 2683 ·
1635 2651 1746 2707 Τοῦ
1778 2652 1972 2720 μηνὸς

393 2739 502 2793 τοῦ
527 2739 798 2810 ἑϐδόμου,
821 2742 932 2811 μιᾷ
949 2744 1056 2798 τοῦ
1078 2745 1292 2814 μηνὸς,
1326 2744 1499 2798 ἔσται
1534 2744 1678 2813 ὑμῖν
1701 2742 1972 2798 ἀνάπαυ-

391 2847 516 2898 σις,
541 2834 939 2902 μνημόσυνον
968 2837 1339 2906 σαλπίγγων·
1381 2837 1575 2905 animi;
1617 2837 1758 2906 ἁγία
1800 2835 1973 2891 ἔσται

393 2923 555 2992 ὑμῖν.
605 2923 790 2988 Οὕτως
841 2920 932 2979 οὖν
979 2925 1172 3000 ὥσπερ
1229 2927 1290 2981 ἒν
1339 2930 1404 2999 τῇ
1428 2928 1688 2999 νεομηνία
1730 2931 1796 3000 τῇ
1851 2928 1972 2981 τότε

393 3015 707 3081 ὲσάλπιζον,
751 3016 996 3087 βούλεται
1027 3020 1122 3073 καὶ
1149 3017 1246 3072 νῦν
1275 3019 1402 3083 τοὺς
1431 3021 1801 3091 κεκλημένους
1839 3020 1970 3075 σαλ-

395 3105 593 3172 πίζειν.
621 3104 728 3162 Ἦν
751 3109 809 3162 δὲ
833 3111 866 3180 ή
886 3109 1070 3180 ἡμέρα
1093 3110 1320 3183 ἐκείνηή
1344 3114 1444 3183 τῆς
1475 3113 1668 3184 ἑορτῆς
1700 3112 1806 3166 τῶν
1835 3113 1971 3167 Σαλ-

396 3195 613 3265 πίγγων
653 3195 889 3270 εὔσημος
920 3198 1133 3271 ἠμέρα-
1177 3198 1325 3267 λέγει
1370 3199 1415 3252 δ’
1457 3196 1551 3254 οὖν
1591 3201 1798 3271 Μωσῆς
1845 3201 1974 3273 περὶ

394 3288 572 3360 αὐτῆς
589 3306 604 3320 ·
636 3287 767 3344 Πᾶν
794 3291 978 3360 ἔργον
1005 3291 1337 3360 λατρευτόν
1360 3294 1432 3346 οὐ
1457 3291 1762 3361 ποιήσετε.
1812 3291 1974 3363 Ἡμέ-

289 3431 292 3435 .
384 3396 473 3449 ρα
493 3378 804 3448 σημασίας
827 3379 1000 3434 ἔσται
1019 3380 1181 3450 ὑμῖν.
1202 3381 1294 3436 Διὸ
1316 3383 1410 3437 καί¹
1438 3383 1670 3438 ἐνταῦθα
1690 3383 1936 3438 λέλεκται
1957 3398 1972 3416 ·

410 3472 508 3524 Ἑν
536 3469 784 3542 εὐσήμφ
813 3470 1005 3541 ἡμέρᾳ.
1053 3473 1268 3542 ἑορτῆς
1309 3473 1495 3544 ὑμῶν.
1538 3471 1646 3529 Ἦν
1665 3471 1758 3530 οὖν
1793 3476 1976 3548 ἡμέρα

396 3561 657 3635 εὔσημος.
695 3565 790 3618 καὶ
837 3565 998 3636 ἑορτὴ
1056 3565 1270 3630 οὐδενὸς
1316 3567 1506 3640 ἐτέρου
1544 3569 1578 3639 ἢ
1620 3569 1970 3638 σαλπίγγων·
2002 3592 2046 3652 C

398 3654 557 3707 ἐνθεν
582 3655 679 3708 καὶ
701 3655 1023 3724 Σαλπίγγων
1043 3656 1204 3727 ἑορτὴ
1231 3657 1482 3729 κέκλητο.
1507 3659 1687 3730 Τριῶν
1712 3660 1770 3714 δὲ
1804 3660 1979 3714 οὐσῶν

399 3745 605 3814 ἑορτῶν
639 3747 782 3802 κατὰ
811 3749 905 3802 τὸν
949 3749 1113 3803 αὑτὸν
1151 3751 1326 3822 μῆνα·
1361 3750 1586 3823 πρώτης
1617 3752 1715 3822 μὲν
1740 3753 1840 3822 τῆς
1870 3751 1978 3806 τῶν

400 3833 726 3904 Σαλπίγγων
765 3840 822 3892 ὲν
873 3842 938 3910 τῇ
972 3840 1234 3912 νεομηνία
1281 3842 1705 3914 συντελουμένης
1727 3859 1741 3874 ·
1787 3844 1980 3915 ἑτέρας

397 3928 462 3982 δὲ
488 3928 586 3998 τῆς
613 3928 708 3982 τοῦ
747 3928 992 4002 Ἱλασμοῦ
1025 3935 1084 3988 ὲν
1112 3937 1178 4005 τῇ
1216 3934 1420 4008 δεκάτῃ
1453 3934 1636 4007 ἡμέρα
1671 3935 1762 3989 τοῦ
1811 3937 1981 4006 μηνὸς

397 4017 754 4089 γιγνομένης·
793 4017 888 4072 καὶ
918 4020 1106 4091 τρίτης
1130 4023 1228 4093 τῆς
1260 4023 1368 4076 τῶν
1399 4023 1621 4094 Σκηνῶν
1640 4042 1654 4055 ·
1694 4024 1860 4097 μόνην
1881 4025 1981 4095 τὴν

398 4105 514 4160 τῶν
555 4106 877 4176 Σαλπίγγων
909 4110 1192 4181 μιμεῖσθαι
1230 4112 1440 4167 κελεύει
1470 4114 1694 4185 φάσκων
1714 4133 1727 4146 ·
1759 4117 1983 4171 Σαλπι-

398 4213 554 4253 σατε
578 4197 648 4250 ἐν
688 4200 974 4268 νεομηνΙᾳ
1007 4199 1321 4274 σάλπιγγι·
1361 4207 1692 4277 σαφέστερον
1726 4207 1782 4261 δὲ
1811 4207 1984 4271 οὕτως

400 4289 474 4343 ἂν
504 4285 678 4342 εἶπεν.
700 4291 910 4363 Ὥσπερ
939 4294 997 4346 ὲν
1028 4296 1093 4366 τῇ
1116 4297 1377 4369 νεομηνία
1403 4298 1691 4364 έσάλπιζόν
1730 4319 1860 4354 ποτε
1887 4318 1982 4354 πε·-

400 4379 750 4453 ριτρέχοντες
774 4383 955 4438 πάντα
981 4385 1144 4440 τόπον
1172 4389 1252 4453 εἰς
1283 4388 1343 4442 τὸ
1372 4390 1615 4460 σημῆναι
1638 4392 1740 4464 τὴν
1768 4391 1982 4463 ἑορτὴν,

395 4471 497 4525 τὸν
525 4472 684 4525 αὑτὸν
717 4473 914 4544 τρόπον
945 4475 1040 4528 καὶ
1073 4477 1252 4548 ὑμεῖς,
1282 4474 1363 4543 οἷς
1382 4481 1411 4532 6
1441 4479 1596 4549 λόγος
1634 4480 1983 4552 προστάττει,

397 4566 770 4619 casia/Gate.
805 4565 1061 4622 Βούλεται
1100 4569 1158 4622 δὲ
1193 4571 1320 4634 τοὺς
1367 4572 1615 4642 κήρυκας
1661 4572 1770 4627 τῶν
1815 4571 1986 4626 ἐθνῶν

402 4656 486 4729 μὴ
512 4657 630 4718 ταῖς
648 4655 861 4719 λοιπαῖς
890 4656 1178 4728 προσέχειν
1208 4659 1525 4725 Ἰουδαῖκαῖς
1547 4663 1985 4734 παρατηρήσεσι,

401 4748 561 4821 μόνῳ
593 4748 649 4802 δὲ
677 4749 915 4820 χρῆσθαι
962 4747 1038 4819 τῷ
1077 4751 1430 4824 κηρύγματι,
1465 4755 1560 4808 καὶ⁸
1597 4754 1874 4820 σαλπίζειν
1908 4757 1988 4820 εἰς

403 4837 660 4902 ἅπαντας
705 4839 1025 4914 ἀνθρώπους
1065 4843 1158 4896 τὸν
1197 4845 1460 4918 σωτήριον
1498 4845 1592 4900 καὶ
1635 4846 1988 4916 εὐαγγελικὸν

2059 991 2142 1047 die
2169 991 2518 1046 solemuitatis
2545 1000 2748 1044 vestrm.
2795 987 2910 1042 Sub
2949 987 3164 1042 initium
3197 987 3415 1058 quidem
3449 1002 3632 1042 sermo

2061 1084 2129 1139 ad
2160 1083 2581 1138 exsultationem
2611 1080 2863 1144 vocabat,
2895 1095 2961 1135 ac
2977 1079 3214 1150 jubilare
3258 1078 3628 1150 pracipiebat,

2061 1175 2166 1230 hoc
2192 1183 2297 1238 est,
2330 1173 2712 1243 triumphalem
2766 1172 3028 1243 hymnum
3060 1179 3363 1226 memorato
3404 1170 3517 1226 Deo
3537 1155 3633 1225 Ja-J

2061 1268 2165 1322 cob
2191 1267 2472 1333 emittere;
2498 1265 2693 1321 deinde
2720 1272 2974 1334 suscepta
3019 1264 3282 1318 doctrina:
3308 1263 3472 1318 verba
3502 1278 3632 1334 ope-

2062 1360 2216 1415 ribus
2247 1360 2474 1430 implere
2505 1377 2520 1413 :
2552 1357 2820 1413 absolutis
2860 1365 3042 1412 autem
3077 1357 3355 1426 Operibus,
3384 1364 3498 1410 tum
3532 1356 3630 1411 de-

2064 1465 2212 1504 mum
2243 1447 2558 1503 hominibus
2585 1447 2886 1517 praedicare
2918 1454 2972 1502 et
2995 1446 3312 1512 buccinare,
3343 1445 3634 1502 vociferari

2065 1542 2194 1596 item
2221 1548 2279 1596 et
2303 1541 2358 1594 in
2385 1540 2628 1595 omnium
2671 1539 2898 1594 auribus
2929 1538 3285 1609 Evangelium
3335 1539 3590 1594 nuntiare
3616 1557 3632 1605 ;

2064 1630 2523 1703 quemadmodum
2571 1628 2834 1686 Servator
2885 1630 3174 1700 discipulis
3229 1631 3476 1701 praecipit
3518 1631 3635 1686 suis

2065 1723 2253 1778 dicens
2273 1740 2286 1776 :
2307 1720 2460 1788 Quod
2477 1722 2530 1774 in
2548 1737 2676 1776 aure
2696 1721 2919 1785 auditis,
2937 1723 3223 1789 prwdicate
3239 1739 3394 1792 super
3407 1732 3545 1778 tecta
3564 1724 3634 1780 ".

2067 1814 2429 1881 Quamobrem
2450 1813 2518 1868 iis
2528 1813 2620 1884 qui
2637 1812 2819 1882 priora
2835 1821 2980 1868 recte
2993 1824 3298 1884 gesserant,
3313 1814 3518 1874 dictum
3529 1825 3633 1871 est:

2067 1907 2372 1960 Bucciaate.
2409 1904 2527 1972 Qua
2573 1914 2754 1961 autem
2786 1906 3000 1962 ratione
3044 1907 3195 1976 ipsas
3220 1907 3514 1964 buccinare
3539 1924 3639 1962 vo-

2069 1997 2250 2059 luerit,
2287 1996 2395 2051 nisi
2442 2013 2550 2066 qua
2589 1997 2718 2052 olim
2749 2004 2804 2052 et
2834 1998 3148 2068 antiquitus
3175 1997 3271 2069 qui
3303 1999 3420 2055 veri
3446 1998 3641 2071 imagi-

2069 2106 2213 2154 nem,
2236 2089 2481 2160 symbola
2509 2097 2563 2144 et
2591 2089 3064 2159 signagerebant?
3089 2088 3461 2145 Buccinabant
3476 2104 3640 2161 porrc

2070 2182 2150 2237 illi
2191 2182 2250 2236 in
2303 2180 2614 2244 neomenia,
2663 2191 2718 2237 et
2769 2183 2827 2236 in
2869 2182 3072 2253 insigni
3100 2182 3190 2238 die
3230 2183 3594 2239 solemnitatis
3619 2224 3640 2237 .

2072 2272 2234 2343 idque
2263 2271 2495 2342 agebant
2517 2271 2751 2340 septimo
2786 2286 2995 2336 mense,
3023 2286 3132 2341 quo
3167 2271 3504 2341 congregati,
3531 2268 3643 2325 Tu-

2071 2365 2266 2421 barum
2291 2362 2691 2420 solemnitatem
2722 2361 3074 2418 celebrabant
3107 2379 3123 2418 :
3153 2361 3318 2433 idque
3346 2361 3514 2418 semel
3545 2376 3642 2432 per

2072 2473 2275 2512 annum
2312 2455 2664 2526 praestabant.
2688 2453 2780 2508 Ait
2805 2470 2937 2524 ergo
2966 2455 3100 2526 legis
3127 2455 3432 2526 scriptura;
3468 2453 3644 2508 Mense

2071 2551 2312 2619 septimo,
2343 2549 2518 2618 prima
2545 2547 2738 2602 mensis
2771 2547 2875 2601 erit
2904 2547 3046 2604 vobis
3069 2548 3297 2620 requies,
3343 2547 3647 2602 memoriala

2075 2642 2320 2696 tubarum
2342 2657 2359 2695 :
2385 2640 2656 2695 vocabitur
2690 2651 2881 2695 sancta
2903 2639 3046 2694 vobis
3068 2639 3135 2693 ⁸⁷.
3165 2637 3234 2693 Ut
3256 2638 3421 2709 igitur
3436 2637 3494 2692 in
3513 2653 3647 2693 neo-

2072 2735 2254 2790 menia
2286 2734 2378 2788 illa
2408 2735 2755 2806 clangebant,
2788 2733 2863 2787 ita
2879 2734 3195 2788 etiamnunc
3210 2739 3435 2788 vocatos
3464 2730 3644 2786 bucci~

2071 2842 2205 2882 nare
2219 2825 2526 2898 cupit.Erat
2536 2835 2716 2882 autem
2734 2825 2852 2881 dies
2870 2825 2958 2878 illa
2974 2822 3335 2880 solemnitatis
3347 2821 3645 2887 Tubarum,

2071 2916 2190 2974 dies
2224 2919 2557 2988 conspicua;
2588 2916 2769 2987 aitque
2802 2915 2870 2971 de
2903 2915 2996 2970 illa
3024 2913 3280 2986 Moyses:
3314 2911 3479 2968 Omne
3517 2928 3648 2982 Opus

2073 3009 2259 3064 servile
2296 3026 2400 3063 non
2439 3009 2682 3078 facietis:
2722 3007 2833 3063 dies
2886 3007 3205 3062 celebritatis
3258 3010 3360 3064 erit
3396 3010 3541 3066 vobis
3575 3012 3645 3066 ⁸⁸.

2073 3102 2418 3174 Quapropter
2449 3102 2542 3157 hic
2580 3117 2799 3172 quoque
2836 3100 3080 3156 dicitur:
3117 3099 3186 3155 In
3214 3101 3415 3173 insigni
3441 3101 3527 3157 die
3555 3118 3645 3156 so-

2076 3195 2367 3250 lemnitatis
2401 3204 2608 3250 vestra.
2643 3193 2775 3249 Erat
2811 3209 2942 3266 ergo
2972 3194 3210 3264 insignis
3237 3194 3358 3249 dies
3390 3202 3445 3251 et
3475 3194 3650 3251 festus

2075 3286 2228 3356 dies,
2272 3303 2381 3343 non
2422 3288 2565 3346 alius
2603 3288 2680 3343 rei
2726 3303 2892 3359 quam
2933 3287 3234 3343 tubarum:
3267 3303 3439 3358 quare
3469 3286 3655 3344 Tuba-

2077 3396 2199 3436 rum
2232 3379 2432 3438 festum
2455 3380 2776 3436 vocabatur.
2805 3379 2942 3437 Cum
2972 3389 3160 3434 autem
3184 3385 3298 3436 tres
3328 3388 3514 3436 essent
3555 3397 3656 3438 eo-

2077 3471 2203 3528 dem
2233 3487 2422 3528 mense
2467 3472 2862 3538 solemnitates,
2907 3472 3085 3543 prima
3111 3469 3410 3537 Tubarum,
3444 3487 3566 3542 qua
3595 3473 3653 3529 in

2079 3561 2365 3617 neomenia
2383 3560 2794 3627 celebrabatur;
2830 3557 3071 3616 secunda
3101 3556 3537 3628 Propitiationis,
3565 3557 3655 3612 de-

2082 3651 2224 3706 cima
2248 3651 2335 3707 die
2356 3650 2582 3716 mensis;
2602 3649 2761 3705 tertia
2777 3647 3284 3705 Tabernaculorum
3307 3666 3323 3716 ;
3353 3649 3527 3704 solam
3543 3647 3656 3704 Tu-

2080 3744 2272 3799 barum
2305 3744 2450 3800 diem
2483 3743 2684 3798 imitari
2718 3742 2966 3813 praecipit
2993 3741 3185 3798 dicens
3220 3760 3232 3796 :
3269 3741 3556 3797 Bucciaate
3599 3743 3655 3797 in

2082 3837 2356 3891 neomenia
2392 3834 2557 3898 tuba;
2587 3835 2734 3905 quod
2762 3833 2967 3889 clarius
2998 3834 3073 3887 ita
3105 3833 3425 3904 protulisset
3453 3851 3467 3887 :
3503 3831 3657 3899 Sicut

2081 3927 2214 3982 olim
2247 3926 2304 3980 in
2333 3925 2625 3981 neomenia
2644 3965 2660 3992 ,
2692 3925 2874 3979 locum
2902 3939 3120 3979 omnem
3151 3924 3656 3980 circumcursantcs

2082 4015 2482 4080 buccinabant,
2515 4022 2575 4069 ut
2597 4013 2794 4070 festum
2822 4013 3168 4080 indicarent;
3199 4014 3450 4070 similiter
3474 4023 3530 4070 et
3553 4029 3654 4071 vos

2081 4108 2177 4180 qui
2215 4106 2484 4177 jubemini
2505 4145 2522 4172 ,
2568 4106 2860 4161 buccinate.
2892 4104 3018 4160 Vult
3049 4120 3215 4176 porro
3245 4104 3486 4176 gentium
3518 4120 3661 4176 pra:-

2082 4212 2282 4260 cones,
2325 4212 2436 4250 non
2469 4196 2682 4252 caeteris
2723 4193 2972 4250 Judaieis
3018 4193 3495 4251 observationibus
3538 4195 3623 4251 an’
3647 4226 3663 4240 ο

2083 4304 2235 4344 mum
2275 4288 2576 4354 adhibere,
2623 4287 2722 4343 sed
2749 4287 2867 4344 sola
2899 4285 3289 4357 praedicatione
3314 4286 3427 4351 uti,
3457 4292 3512 4340 et
3541 4300 3657 4342 om-

2084 4382 2246 4438 nibus
2289 4379 2604 4436 hominibus
2646 4380 2889 4434 salutare
2917 4386 2972 4434 et
3009 4379 3383 4449 evangelicum
3427 4377 3659 4434 verbum

2084 4473 2400 4539 buccinare.
2443 4471 2652 4527 Horum
2681 4487 2920 4543 namque
2971 4471 3218 4542 symbola
3259 4469 3472 4542 Moyses
3507 4470 3662 4525 insti-

2085 4564 2273 4620 tuebat
2292 4604 2308 4629 ,
2332 4571 2561 4636 eratque
2588 4573 2916 4635 praeceptum
2943 4564 2998 4618 in
3021 4561 3187 4619 Israel
3234 4560 3424 4634 (Vens.
3459 4561 3515 4632 5)
3544 4561 3661 4631 lege

2085 4657 2358 4714 sancitum
2389 4656 2538 4728 quod
2584 4655 2883 4712 buccinare
2923 4661 3228 4725 oporteret,
3266 4651 3484 4722 dieique
3531 4651 3662 4708 festi

2087 4755 2308 4821 tempus
2337 4749 2468 4804 tuba
2498 4749 2758 4804 omnibus
2791 4747 3121 4819 signiﬁcare.
3159 4744 3274 4800 Hoc
3302 4760 3432 4800 vero
3462 4759 3663 4815 praece-

2090 4849 2244 4912 ptum
2275 4857 2342 4896 ex
2365 4840 2577 4912 judicio
2601 4880 2616 4906 ,
2662 4839 2946 4895 voluntate
2989 4845 3044 4892 et
3091 4836 3313 4892 decreto
3361 4833 3456 4890 Dei
3486 4833 3658 4890 Jacob

400 4925 592 4992 ὶόγον.
625 4926 843 4982 Τούτων
874 4928 984 5001 γὰρ
1017 4929 1197 4984 αὐτῶν
1235 4931 1305 4984 τὰ
1353 4933 1599 5004 σύμϐολα
1642 4937 1736 4990 καὶ
1779 4937 1974 5008 Μωσῆς

2088 4933 2372 4989 edebatur.
2422 4933 2542 5002 Ipse
2581 4947 2820 5002 namque
2850 4930 3030 4994 Deus,
3063 4928 3158 5000 qui
3205 4927 3413 4983 Jacobo
3440 4927 3571 4986 olim
3601 4927 3660 4981 in

400 5013 622 5080 ἐποίει,
657 5019 750 5072 καὶ
797 5015 867 5092 ἦν
905 5022 1232 5094 πρόσταγμα
1261 5022 1342 5094 τῷ
1376 5026 1591 5099 Ἰσραὴλ
1639 5028 1784 5092 ἰδίως
1827 5027 1974 5083 τοῦτο

2087 5025 2190 5080 Vtri
2207 5025 2389 5096 specie
2435 5033 2490 5080 et
2534 5022 2710 5080 forma
2755 5024 2908 5079 visus
2946 5029 3064 5088 est,
3114 5021 3206 5076 hic
3259 5028 3377 5076 erat
3401 5019 3494 5090 qui
3528 5017 3660 5072 olim

400 5108 935 5182 νενομοθετημένον,
974 5115 1036 5167 τὸ
1079 5113 1188 5168 δεῖν
1228 5115 1546 5184 σαλπίζειν,
1603 5121 1697 5174 καὶ
1751 5119 1840 5174 διὰ
1887 5121 1974 5191 τῆς

2099 5116 2291 5172 istbaec
2312 5117 2574 5187 populum
2595 5116 2774 5171 facere
2784 5114 3021 5186 ﬁgurate
3044 5128 3140 5183 per
3161 5111 3398 5184 Moysem
3411 5107 3656 5188 iubebat.

402 5196 711 5265 σάλπιγγος
747 5203 1033 5272 σημαίνειν
1067 5207 1181 5269 τοῖς
1211 5207 1347 5260 πᾶσι
1383 5207 1484 5278 τὴν
1507 5207 1604 5261 τοῦ
1638 5209 1830 5280 καιροῦ
1866 5211 1974 5281 ὲορι

2089 5207 2244 5275 Quod
2273 5217 2455 5264 autem
2475 5208 2771 5264 buccinare
2799 5206 2918 5270 hic,
2943 5207 3183 5260 clamare
3212 5212 3266 5259 et
3295 5201 3548 5277 omnibus
3569 5214 3662 5254 an-

399 5289 534 5361 τήν.
559 5284 632 5339 Τδ
662 5285 719 5340 δὲ
759 5291 1087 5363 πρόσταγμα
1131 5293 1290 5348 τοῦτο
1329 5295 1469 5350 κατά
1523 5297 1705 5370 κρίσιν
1746 5297 1974 5367 ἐγένετο,

2089 5300 2366 5366 nuntiare,
2391 5299 2683 5370 signiﬁcet,
2705 5297 2866 5353 docet
2890 5297 3147 5352 Servator
3165 5295 3253 5367 his
3281 5293 3498 5348 verbis:
3526 5290 3660 5347 Cum

399 5381 507 5440 καὶ
536 5378 676 5432 κατὰ
707 5378 950 5451 βούλημα
969 5385 1064 5437 καὶ
1089 5389 1262 5457 κρῖμα
1291 5387 1385 5443 τοῦ
1409 5389 1544 5443 Θεοῦ
1580 5390 1794 5447 Ἰακώϐ.
1815 5391 1974 5456 Αὐτὸς

2091 5392 2226 5462 facis
2262 5393 2647 5463 eleemosyuam
2667 5430 2684 5455 ,
2716 5389 2827 5445 noli
2865 5386 2991 5443 tuba
3030 5404 3212 5442 canere
3244 5395 3366 5442 ante
3403 5394 3451 5440 te
3485 5383 3551 5438 ”.

399 5476 522 5548 γὰρ
570 5473 648 5545 τῷ
685 5472 879 5529 Ἰακὼϐ
919 5475 1107 5546 ὀφθεὶς
1141 5479 1306 5534 πάλαι
1338 5481 1470 5547 Θεὸς
1508 5485 1568 5536 ἐν
1613 5484 1805 5556 ἀνδρὸς
1842 5485 1972 5539 εῖδει
2010 5487 2104 5540 καὶ
2133 5488 2395 5560 σχήματι,
2420 5479 2574 5549 οὗτος
2600 5480 2668 5556 ἦν
2694 5485 2722 5536 6
2751 5483 2921 5537 ταῦτα
2945 5483 3037 5537 καὶ
3073 5481 3162 5536 διὰ
3191 5479 3432 5541 Μωσέως
3469 5479 3660 5531 εἰκονι-

397 5571 527 5650 κῶς
566 5568 647 5641 τῷ
699 5568 813 5641 λαῷ
866 5570 1126 5643 πράττειν
1160 5571 1570 5645 διαταξάμενος.
1613 5577 1734 5632 ’Ὁτι
1777 5577 1834 5632 δὲ
1881 5577 1944 5631 τὸ
1981 5576 2259 5642 σαλπίζειν
2299 5579 2421 5632 ἀντὶ
2473 5576 2569 5631 τοῦ
2609 5577 2734 5648 βοᾷν
2767 5575 2860 5639 καὶ
2895 5577 2974 5640 εἰς
3036 5575 3244 5636 πάντας
3273 5569 3663 5640 καταγγέλλειν

370 5661 693 5752 λέλεκται,
725 5660 962 5717 διδάσκει
1009 5665 1040 5718 6
1088 5664 1280 5738 Σωτὴρ
1321 5665 1493 5736 λέγων
1517 5685 1530 5698 ·
1577 5669 1751 5724 Ὅταν
1787 5668 1963 5739 ποιῇς
1997 5671 2437 5740 ἐλεημοσύνην,
2468 5669 2555 5740 μὴ
2594 5671 2906 5738 σαλπίσῃς
2930 5665 3266 5738 ἔμπροσθέν
3301 5680 3437 5722 σου.

477 5817 530 5850 ³·
569 5817 754 5877 Matth.
791 5835 858 5887 ι,
891 5819 981 5878 27.
1057 5825 1102 5856 ιτ
1141 5823 1642 5895 chit.xxm,21.
1721 5810 1974 5885 διἰιρνη

2073 5846 2134 5896 ιι,
2177 5831 2226 5886 7.
2301 5830 2345 5862 ⁸⁸
2389 5827 2576 5885 Matth.
2617 5847 2700 5894 γι,
2734 5829 2788 5882 ‘2.
