4066 6388
375 362 481 419 975

1091 358 1354 412 EUSEBII
1395 356 1872 414 CAESARIENSIS
1912 355 2062 412 ΟΡΡ.
2107 357 2287 413 PARS
2328 357 2414 413 Ill.
2456 390 2523 400 —-
2564 356 2977 413 EXEGETICA.

3515 356 3625 412 975

450 477 613 531 Vens.
650 476 704 531 6.
763 475 1138 529 Testimonium
1195 477 1249 529 in
1301 474 1498 545 Ioseph
1541 476 1717 546 posuit
1769 472 1945 536 illud,

2122 475 2458 543 Μαρτύριον
2493 474 2564 526 ἐν
2606 471 2689 539 τῷ
2744 472 2957 542 Ἰωσὴφ
3006 471 3174 525 ἔθετο
3227 470 3397 533 αὐτὸ,
3432 471 3503 524 ἐν
3547 470 3632 536 τῷ

377 587 493 623 cum
534 569 697 622 exiret
749 565 813 620 de
863 576 1003 619 terra
1053 566 1307 638 Egypti,
1362 568 1595 638 linguam
1637 582 1797 637 quam
1843 580 1945 618 non

377 669 590 715 noverat
632 658 855 713 audivit.
892 656 1256 714 Memoratum
1292 658 1361 715 de
1389 659 1541 714 tubis
1574 663 1904 729 praeceptum
1929 694 1945 720 ,

379 751 790 816 testimonium,
853 750 1074 821 inquit,
1125 751 1311 821 posuit
1355 750 1412 805 in
1460 747 1684 820 Ioseph.
1742 747 1949 803 Secun-

378 844 506 897 dum
543 841 931 914 Symmachum
958 858 1119 898 vero:
1162 842 1608 912 Testiﬁcationem
1635 857 1727 911 per
1754 839 1949 911 Ioseph

379 936 555 1004 posuit
601 933 781 988 illud:
825 934 1204 990 testimonium
1246 949 1380 990 vero
1421 933 1581 1005 quasi
1621 933 1952 989 testiﬁcatus

378 1024 583 1078 dabat:
615 1032 845 1095 eratque
872 1024 1005 1079 illud
1054 1024 1271 1096 signum
1317 1024 1543 1080 alterius
1584 1024 1683 1079 rei.
1722 1023 1951 1094 Aliquas

379 1118 524 1172 enim
577 1117 738 1172 tubas
790 1117 1206 1180 subindicabat,
1262 1133 1492 1186 quarum
1541 1117 1774 1172 ollicium
1823 1132 1948 1172 cum

380 1209 611 1281 apostoli
670 1208 978 1264 Servatoris
1033 1208 1243 1275 nostri,
1295 1216 1411 1262 tum
1456 1209 1753 1279 evangelici
1800 1209 1951 1263 verbi

378 1314 661 1371 prmeones
707 1300 907 1371 partim
957 1299 1281 1369 capiebant.
1334 1314 1434 1370 per
1483 1313 1701 1355 omnem
1746 1306 1951 1355 terram

378 1392 737 1463 clangentes,
795 1391 1162 1461 omnibusque
1217 1392 1475 1463 gentibus
1536 1391 1795 1448 salutaris
1855 1389 1951 1446 Dei

381 1482 649 1539 adventus
709 1482 910 1539 festum
970 1483 1355 1553 praedicantes.
1418 1482 1764 1538 Arcanorum
1823 1496 1952 1538 vero

379 1576 911 1629 consummationem
960 1589 1059 1643 per
1106 1573 1332 1645 angelos
1382 1572 1621 1628 futuram
1664 1574 1827 1629 docet
1859 1574 1952 1644 qui

380 1664 499 1718 ait:
532 1663 680 1718 Tuba
710 1674 864 1718 canet
893 1665 1067 1730 enim,
1108 1674 1158 1718 et
1196 1666 1394 1719 mortui
1430 1666 1485 1719 in
1524 1664 1736 1721 Christo
1774 1681 1953 1720 resur-

377 1762 500 1826 gent
548 1755 708 1824 primi
750 1755 796 1786 ⁹⁰
833 1771 847 1822 ;
904 1771 968 1811 ac
1012 1771 1231 1810 rursum
1263 1775 1276 1810 :
1309 1755 1377 1810 In
1418 1766 1713 1823 momento,
1749 1757 1803 1810 in
1845 1759 1951 1811 ictu

2048 566 2318 631 ἐξελθεῖν
2352 568 2542 621 αὐτὸν
2571 566 2642 618 ἐκ
2678 564 2791 635 τῆς
2831 564 3173 634 Αἰγύπτου,
3223 559 3517 631 γλῶσσαν
3549 560 3633 629 ῆν

2047 660 2157 712 οὐκ
2188 661 2340 729 ἔγνω
2386 658 2635 726 ἤκουσε.
2674 658 2748 711 Τὸ
2781 654 3075 728 προλεχθὲν
3124 652 3255 725 περὶ
3311 651 3633 721 σαλπίγγων

2049 751 2377 821 πρόσταγμα
2416 748 2736 821 μαρτύριον,
2777 749 2963 819 φησὶν,
2993 746 3146 800 ἔθετο
3186 746 3245 798 ὲν
3285 743 3365 815 τῷ
3406 745 3630 816 Ἰωσήφ·

2051 845 2189 899 κατὰ
2218 845 2386 898 δὲστὸν
2402 846 2697 917 Σύμμαχον
2717 885 2732 908 ,
2772 842 3120 912 Μαρτυρίαν
3148 839 3244 894 διὰ
3270 840 3376 894 τοῦ
3409 838 3633 908 Ἰωσὴφ

2051 938 2265 1004 ἔταξεν
2290 941 2466 994 αὐτόο
2500 939 2562 993 τὸ
2593 938 2649 991 δὲ
2685 934 2983 1009 μαρτύριον
3026 934 3215 1005 ὥσπερ
3259 932 3632 1004 διαμαρτυρό-

2054 1048 2218 1101 μενος
2255 1031 2446 1085 ὲδίδου’
2479 1033 2574 1085 καὶ
2610 1027 2679 1103 ἦν
2709 1029 2869 1082 τοῦτο
2900 1030 3123 1101 σημεῖον
3144 1028 3330 1099 ἐτέρου
3370 1028 3633 1099 πράγμα-

2050 1139 2174 1186 τος·
2220 1123 2471 1193 ᾐνίττετο
2503 1124 2612 1194 γὰρ
2664 1123 2794 1193 περί
2839 1138 3001 1175 τινων
3057 1118 3406 1187 σαλπίγγων,
3447 1111 3524 1172 ὧν
3567 1118 3638 1170 ὲκ

2054 1215 2255 1287 μέρους
2291 1215 2388 1286 μὲν
2413 1218 2461 1268 οί
2499 1216 2790 1270 ἀπόστολοι
2830 1214 2924 1267 τοῦ
2965 1212 3219 1283 Σωτῆρος
3247 1210 3425 1282 ἡμῶν,
3458 1208 3554 1264 καὶ
3584 1208 3637 1263 οἱ

2050 1305 2145 1359 τοῦ
2172 1306 2529 1375 εὐαγγελικοῦ
2553 1307 2712 1377 λόγου
2734 1309 2974 1379 κήρυκες
2997 1304 3349 1376 ἀπεπλήρουν
3376 1301 3447 1355 τὰ
3473 1301 3638 1374 ἔργα,

2052 1399 2132 1462 είς
2182 1401 2365 1453 πᾶσαν
2395 1398 2494 1471 τὴν
2540 1400 2646 1470 γῆν
2700 1397 3072 1463 σαλπίζοντες,
3108 1396 3203 1449 καὶ
3242 1396 3408 1449 πᾶσιν
3459 1393 3638 1448 ἔθνεσι

2052 1488 2413 1561 κηρύττοντες
2460 1489 2559 1562 τὴν
2596 1490 2695 1561 τῆς
2749 1489 3018 1561 σωτηρίου
3060 1487 3380 1557 θεοφανείας
3419 1486 3661 1557 sapt-sfw;

2054 1577 2136 1631 Τὰ
2162 1578 2217 1632 δὲ
2244 1578 2662 1651 ἀποτελέσματα
2684 1577 2796 1631 τῶν
2818 1576 3275 1650 ἀπορῤητοτέρων
3298 1575 3365 1628 δι’
3390 1574 3641 1644 ἀγγέλων

2054 1673 2274 1728 ἔσεσθαι
2307 1672 2548 1726 διδάσκει
2599 1674 2628 1725 ό
2678 1669 2851 1724 είπών
2876 1687 2892 1700 ⁸
2939 1670 3235 1724 Σαλπίσει
3266 1666 3397 1737 γὰρ,
3445 1667 3545 1723 καὶ
3582 1667 3647 1720 οἱ

2053 1764 2249 1835 νεκροί
2263 1765 2334 1819 ἐν
2350 1760 2579 1833 Χριστῷ
2593 1760 3020 1833 ἐγερθήσονται
3054 1760 3272 1830 πρῶτοι
3290 1777 3304 1790 ο
3323 1759 3419 1813 καὶ
3434 1757 3597 1811 πάλιν
3620 1774 3634 1786 α

380 1825 549 1906 oeuli.
582 1846 637 1899 in
665 1845 951 1900 novissima
985 1845 1113 1899 tuba
1133 1846 1175 1878 ⁹¹
1207 1861 1223 1912 ;
1260 1845 1742 1916 iterumquezlpse
1769 1845 1953 1901 Domi-

2066 1825 2172 1911 Ἐν.
2193 1825 2411 1926 ἀτόμιιῇ
2440 1825 2670 1923 ἐνριπῇ
2685 1825 3021 1923 οφθαλμοῦ,
3042 1825 3112 1905 ἐν
3135 1849 3209 1919 τῇ
3231 1848 3462 1919 ἐσχάτῃ
3490 1846 3645 1903 σάλ-

378 1954 478 1992 uus
507 1939 563 1992 in
590 1938 748 2008 jussu
775 1947 827 1993 et
860 1939 915 1992 in
945 1954 1065 1993 uoce
1105 1938 1447 2009 archangeli,
1492 1947 1543 1992 et
1591 1939 1649 1992 in
1689 1938 1815 1993 tuba
1855 1937 1955 1992 Dei

381 2028 660 2088 descendet
692 2031 761 2085 “.
809 2029 908 2085 His
951 2045 1116 2100 porro
1166 2027 1428 2085 Servator
1472 2029 1778 2098 discipulos
1824 2045 1956 2085 suos

382 2119 875 2178 initiabatdicens:
899 2120 967 2176 Et
990 2120 1240 2175 videbunt
1269 2119 1474 2174 Filium
1501 2120 1727 2176 hominis
1755 2123 1959 2178 venien-

380 2222 485 2268 tem
514 2214 570 2267 in
605 2214 831 2268 nubibus
867 2214 983 2267 ειείὶ
1015 2230 1131 2267 cum
1166 2221 1423 2283 potestate
1450 2222 1499 2267 et
1530 2213 1810 2284 majestate
1837 2232 1957 2269 rua-

379 2322 505 2377 gna.
555 2304 626 2360 Et
666 2306 836 2360 mittet
882 2306 1096 2376 angelos
1146 2323 1270 2361 suos
1322 2323 1440 2361 cum
1476 2307 1604 2361 tuba
1637 2323 1865 2379 magna,
1909 2317 1959 2362 et

382 2397 770 2468 congregabunt
798 2396 991 2452 electos
1020 2397 1134 2468 ejus
1162 2414 1228 2452 ea:
1256 2408 1486 2469 quatuor
1516 2400 1683 2451 ventis
1701 2440 1715 2461 ,
1747 2416 1779 2452 a
1815 2414 1960 2453 sum-

386 2490 488 2545 mis
532 2489 781 2545 calorum
825 2507 988 2562 usque
1037 2491 1106 2545 ad
1151 2500 1444 2546 extremum
1489 2507 1672 2546 eorum
1720 2490 1787 2543 ”.
1851 2489 1961 2547 Sed

392 2588 733 2639 mortuorum
776 2582 1013 2654 quidem
1048 2584 1414 2649 resurrectio,
1473 2599 1572 2653 per
1615 2583 1962 2654 evangelicas

388 2673 550 2729 tubas
583 2676 977 2731 annuntiantes
1021 2674 1315 2732 adventum
1347 2675 1501 2748 regni
1531 2673 1655 2730 Filii
1706 2674 1823 2743 Dei,
1855 2674 1963 2731 elli-

388 2764 565 2818 cietur
592 2782 608 2820 :
643 2765 875 2835 apostoli
904 2773 1088 2821 autem
1111 2767 1225 2835 jam
1258 2768 1316 2821 in
1344 2767 1524 2838 primo
1555 2767 1794 2824 adventu
1840 2767 1962 2836 ejus

385 2857 566 2922 tubis,
598 2857 813 2930 magnis
856 2858 1069 2915 scilicet
1116 2858 1358 2930 Spiritus
1401 2860 1579 2916 sancti
1619 2858 1965 2916 vociferatio-

384 2948 551 3005 nibus
581 2957 801 3006 utentes
828 2990 844 3016 ,
893 2959 1163 3023 quotquot
1206 2952 1337 3007 olim
1377 2951 1679 3009 secundum
1722 2952 1962 3008 animam

396 3040 595 3095 mortui
627 3051 818 3106 erant,
851 3041 919 3096 ad
942 3043 1107 3096 vitam
1129 3059 1250 3113 qua:
1278 3043 1336 3097 in
1363 3043 1474 3100 Deo
1494 3051 1580 3099 est
1606 3050 1961 3099 revocarunt.

2054 1963 2213 2019 πιγγι
2235 1965 2248 1978 ’
2269 1948 2363 2000 καὶ
2380 1946 2541 2000 πάλιν
2560 1964 2572 1975 ·
2589 1944 2784 2011 Αὐτὸς
2802 1949 2835 1999 ό
2848 1945 3064 2012 Κύριος
3080 1942 3149 1996 ἐν
3162 1944 3524 2011 κελεύσματι
3542 1936 3641 1995 καί

2054 2040 2125 2092 ἐν
2141 2038 2311 2109 φωνῇ’
2327 2037 2705 2108 ἀρχαγγέλου
2722 2037 2819 2090 καὶ
2834 2037 2902 2090 ὲν
2916 2035 3206 2105 σάλπιγγι
3225 2035 3371 2089 Θεοῦ
3388 2034 3611 2102 natam}
3629 2064 3642 2074 -

2055 2147 2246 2185 σεται.
2272 2129 2459 2183 Ταῦτα
2475 2129 2531 2181 δὲ
2555 2128 2649 2181 καὶ
2672 2130 2700 2179 ὁ
2727 2126 2918 2198 Σωτὴρ
2938 2123 3317 2197 ὲμυσταγώγει
3333 2125 3459 2187 τοὺς
3473 2123 3648 2179 αὐτοῦ

2061 2221 2326 2295 μαθητὰς,
2372 2220 2545 2289 λέγων
2569 2236 2582 2249 ·
2628 2218 2740 2272 Καὶ
2781 2219 3033 2287 ὄψονται
3060 2217 3169 2271 τὸν
3226 2216 3364 2270 Υίὸν
3389 2217 3498 2271 τοῦ
3537 2217 3644 2271 ἀν-

2058 2310 2291 2380 θρώπου
2318 2310 2647 2379 ἐρχόμενον
2670 2309 2768 2362 ἐπὶ
2795 2306 2917 2361 τῶν
2939 2306 3213 2377 νεφελῶν
3237 2306 3343 2360 τοῦ
3375 2305 3640 2374 οὐρανοῦ

2054 2402 2204 2473 μετὰ
2225 2400 2534 2471 δυνάμεως
2571 2399 2669 2452 καί
2696 2398 2882 2465 δόξης
2902 2396 3165 2466 πολλῆς.
3188 2399 3297 2452 Καὶ
3317 2395 3651 2452 ἀποστελεῖ

2058 2493 2200 2558 τοὺς
2236 2491 2534 2561 ἀγγέλους
2571 2489 2758 2543 αὑτοῦ
2788 2489 2939 2558 μετὰ
2978 2488 3318 2559 σάλπιγγος
3347 2489 3645 2558 μεγάλης,

2060 2585 2157 2638 καὶ
2195 2562 2639 2648 ἐπισυνάξουσι
2672 2580 2817 2648 τοὺς
2846 2580 3175 2648 ἐκλεκτοὺς
3201 2579 3389 2637 αὑτοῦ
3420 2580 3489 2633 ἐκ
3525 2579 3652 2634 τῶν

2059 2675 2374 2744 τεσσάρων
2396 2673 2652 2744 ἀνέμων,
2673 2673 2775 2728 ἀπ’
2801 2673 3002 2743 ἄκρων
3023 2672 3299 2743 οὐρανῶν
3321 2673 3434 2740 ἕως
3455 2673 3649 2743 ἄκρον

2059 2766 2279 2821 αὐτῶν.
2322 2764 2461 2818 Ἀλλ’
2503 2767 2537 2836 ή
2590 2765 2688 2837 μὲν
2740 2765 2851 2819 τῶν
2895 2765 3106 2838 νεκρῶν
3146 2765 3445 2829 ἀνάστασις
3492 2764 3648 2821 ἔσται

2061 2861 2193 2914 ποτὲ
2231 2858 2320 2914 διὰ
2359 2858 2678 2928 σαλπίγγων
2721 2857 3098 2928 εὐαγγελικῶν
3145 2855 3649 2927 εὐαγγελιζομένων

2062 2953 2160 3025 τὴν
2188 2951 2375 3022 ἄφιξιν
2408 2952 2508 3023 τῆς
2540 2949 2821 3023 βασιλείας
2858 2949 2953 3003 τοῦ
2981 2947 3114 3003 Υίοῦ
3141 2947 3240 3003 τοῦ
3271 2948 3409 3002 Θεοῦ
3428 2966 3441 2980 ·
3473 2948 3567 3004 καὶ
3594 2949 3652 3002 οι

2063 3043 2353 3099 ἀπόστολοι
2384 3043 2442 3096 δὲ
2472 3042 2724 3097 ἐντεῦθεν
2765 3042 2865 3114 ήδη
2900 3041 3052 3101 ,κατὰ
3090 3041 3189 3112 τὴν
3226 3039 3451 3114 πρώτην
3479 3040 3652 3095 αὐτοῦ

387 3128 629 3195 Quorum
664 3131 911 3201 symbola
941 3131 1166 3187 tradens
1192 3132 1425 3204 Moyses,
1456 3132 1737 3188 Tubarum
1762 3132 1958 3190 festum

2067 3134 2370 3206 παρουσίαν
2397 3131 2653 3203 σάλπιγξι
2687 3132 2981 3205 χρώμενοι,
3008 3133 3129 3195 ταῖς
3158 3131 3254 3185 τοῦ
3278 3133 3438 3201 ἁγίου
3479 3130 3652 3186 Πνεύ-

388 3220 507 3290 lege
544 3221 799 3276 sancivit.
830 3220 1175 3293 Quapropter
1204 3223 1408 3278 dicitur
1437 3243 1452 3279 :
1489 3224 1874 3279 Testimonium
1903 3226 1958 3278 in

2068 3244 2237 3299 ματος
2285 3225 2717 3297 μεγαλοφωνίαις
2756 3226 2966 3289 πάντας
2997 3224 3358 3280 ἀνεκαλοῦντο
3386 3226 3513 3289 τοὺς
3538 3224 3647 3295 ψυ-

385 3311 578 3383 Ioseph
599 3314 774 3382 posuit
796 3312 955 3369 illud.
979 3312 1268 3380 Quodnam
1293 3315 1429 3369 illud
1452 3325 1782 3387 praeceptum
1807 3316 1964 3373 erat?

387 3403 458 3460 de
485 3404 634 3460 tubis
664 3404 919 3460 scilicet:
956 3404 1025 3459 ah
1068 3420 1177 3460 una
1208 3414 1394 3461 autem
1431 3407 1580 3462 tribu
1625 3405 1836 3479 Ioseph
1877 3417 1963 3463 to-

389 3504 499 3551 tam
531 3504 749 3568 gentem
776 3496 1065 3551 indicavit.
1092 3496 1205 3551 Cur
1230 3504 1412 3554 autem
1439 3499 1494 3553 in
1522 3500 1609 3554 his
1638 3508 1811 3555 totam
1835 3516 1966 3571 gen-

388 3595 498 3643 tem
518 3584 723 3659 Ioseph
751 3587 1006 3643 vocavit?
1030 3588 1169 3654 Quia
1191 3587 1416 3660 Iosephi
1448 3591 1741 3647 occasione
1770 3607 1965 3650 omnes

391 3680 446 3734 in
474 3678 767 3761 Egyptum
793 3679 1220 3736 descenderunt.
1255 3680 1620 3748 Quandonam
1649 3699 1783 3739 vero
1815 3684 1968 3739 testi-

393 3770 636 3826 monium
657 3812 673 3837 ,
714 3773 965 3828 videlicet
1012 3773 1265 3829 tubarum
1302 3774 1473 3846 legem
1504 3776 1707 3847 p0pulo
1738 3776 1924 3848 posuit
1948 3817 1964 3841 ,

391 3861 499 3918 nisi
548 3878 658 3935 quo
702 3871 948 3936 tempore
985 3866 1175 3923 eduxit
1217 3882 1342 3923 eum
1383 3867 1452 3923 de
1500 3874 1646 3923 terra
1696 3867 1962 3940 Egypti,

393 3955 616 4026 quando
645 3957 884 4029 linguam
919 3972 1081 4029 quam
1126 3973 1238 4013 non
1266 3966 1498 4014 noverat
1538 3958 1791 4016 audivit?
1826 3960 1963 4016 Cum

390 4050 537 4105 enim
565 4049 618 4103 in
640 4048 862 4105 deserto
884 4058 1258 4116 versarentur,
1283 4065 1418 4106 voce
1444 4049 1539 4106 Dei
1566 4051 1774 4123 dignati
1798 4061 1928 4108 sunt
1946 4092 1962 4117 ,

392 4141 822 4214 quiDecalogum
853 4144 1097 4215 ipsorum
1125 4145 1351 4199 auribus
1378 4151 1664 4215 exceptum
1685 4186 1700 4209 ,
1735 4158 1966 4201 servan—

388 4231 522 4287 dum
555 4232 801 4288 tradidit.
834 4231 1106 4304 Tempore
1144 4242 1329 4289 autem
1377 4234 1472 4289 illo
1518 4233 1588 4289 ab
1639 4232 1967 4306 Egyptiaca

394 4327 660 4382 servitute
703 4335 757 4382 et
801 4325 1111 4382 calamitate
1149 4326 1369 4381 liberati
1411 4333 1564 4382 sunt.
1593 4326 1967 4394 Quamobrem

391 4416 600 4473 dictum
630 4425 745 4472 est:
769 4443 836 4455 -—-
853 4414 1041 4488 (Vens.
1059 4416 1458 4487 7.)Divertitab
1484 4418 1726 4474 oneribus
1749 4417 1967 4474 dorsum

2060 3320 2161 3388 χὰς
2211 3318 2650 3391 νενεκρωμένους
2691 3318 2783 3371 ἐπὶ
2838 3317 2938 3389 τὴν
2983 3319 3041 3373 ὲν
3081 3318 3202 3389 Θεῷ
3239 3318 3413 3391 ζωήψ
3444 3311 3522 3372 ὧν
3572 3315 3650 3371 τὰ

2062 3409 2311 3482 σύμϐολα
2351 3409 2561 3480 Μωσῆς
2592 3408 2957 3481 παραδιδοὺς,
3008 3408 3110 3480 τὴν
3157 3409 3287 3480 περὶ
3330 3406 3650 3477 σαλπίγγων

2062 3502 2370 3573 ἐνομοθέτει
2400 3502 2616 3574 ἑορτήν.
2648 3500 2741 3554 Διὸ
2772 3494 3023 3554 λέλεκται
3042 3517 3058 3531 ο
3095 3500 3434 3570 Μαρτύριον
3468 3498 3540 3552 ἐν
3564 3497 3651 3562 τῷ

2077 3595 2292 3664 Ἰωσὴφ
2318 3595 2483 3650 ἔθετο
2515 3594 2683 3648 αὐτό.
2711 3593 2777 3647 Τί
2802 3592 2859 3647 δὲ
2902 3593 3035 3647 αὐτὸ
3075 3589 3145 3665 ἦν
3189 3594 3252 3646 τὸ
3285 3593 3649 3664 made-canta;

2062 3687 2125 3740 τὸ
2155 3686 2421 3759 περὶτῶν
2447 3685 2763 3755 σαλπίγγων
2784 3701 2799 3716 ·
2832 3686 2941 3739 ἀπὸ
2969 3687 3100 3756 μιᾶς
3132 3683 3191 3738 δὲ
3222 3683 3397 3754 φυλῆς
3429 3683 3533 3752 τῆς
3552 3677 3647 3733 τοῦ

2076 3781 2273 3854 Ἰωσὴφ
2304 3781 2368 3835 τὸ
2396 3782 2503 3835 πᾶν
2539 3780 2730 3851 ὲδήλου
2754 3777 2923 3842 ἔθνος.
2960 3776 3063 3832 Διὰ
3084 3776 3139 3831 τί
3168 3777 3228 3831 δὲ
3254 3777 3314 3830 ἐν
3339 3775 3550 3835 τούτοις
3584 3770 3655 3823 τὸ

2064 3877 2174 3930 πᾶν
2197 3874 2350 3939 ἔθνος
2391 3874 2589 3946 Ἰωσὴφ
2623 3874 2948 3946 ὠνόμασεν;
3007 3869 3331 3942 Ἑπειδήπερ
3372 3864 3653 3938 προφάσει

2063 3966 2158 4021 τοῦ
2199 3965 2398 4038 Ἰωσὴφ
2434 3967 2485 4019 οί
2507 3966 2709 4029 πάντες
2746 3963 3203 4035 κατεληλύθεισαν
3234 3961 3314 4023 είς
3346 3957 3649 4027 Αἴγυπτον.

2064 4059 2205 4112 Πότε
2232 4057 2290 4110 δὲ
2324 4054 2622 4128 μαρτύριον
2652 4055 2745 4109 τὸν
2784 4054 2915 4126 περὶ
2959 4049 3274 4121 σαλπίγγων
3304 4048 3469 4120 νόμον
3496 4047 3656 4101 ἔθετο

2065 4149 2143 4221 τῷ
2170 4148 2307 4220 λαῷ,
2333 4148 2367 4219 ἦ
2396 4148 2517 4202 κατ’
2543 4147 2753 4201 ἐκεῖνον
2784 4146 2876 4200 τὸν
2898 4145 3111 4217 χρόνον,
3146 4142 3269 4196 καθ’
3288 4139 3347 4194 δν
3378 4140 3653 4212 ἐξήγαγεν

2065 4240 2264 4303 αὐτοὺς
2305 4240 2369 4292 ὲκ
2405 4238 2509 4309 γῆς
2535 4235 2838 4306 Αἰγύπτου,
2871 4236 3108 4308 ὁπηνίκα
3132 4231 3384 4302 γλῶσσαν
3431 4229 3504 4301 ἠν
3547 4228 3655 4283 οὐκ

2066 4332 2211 4401 ἔγνω
2234 4331 2508 4402 ἦκουσεν;
2544 4330 2666 4383 Ἐπὶ
2710 4329 2812 4399 τῆς
2843 4328 3052 4400 ἐρήμου
3097 4324 3211 4397 γὰρ
3246 4322 3652 4394 διατρίϐοντες,

2068 4424 2254 4495 φωνῆς
2304 4422 2440 4476 Θεοῦ
2484 4419 2900 4493 κατηξιώθησαν
2919 4461 2936 4485 ,
2981 4419 3081 4491 τὴν
3123 4416 3429 4485 Δεκάλογον·
3466 4415 3653 4477 αὐτοῖς

390 4509 537 4580 ejus,
568 4526 759 4564 manus
793 4509 907 4579 ejus
945 4510 999 4562 in
1033 4507 1254 4578 cophino
1292 4511 1585 4565 servierunt
1604 4528 1627 4577 ;
1662 4510 1958 4567 secundum

2071 4512 2396 4579 ἐξάκουστον
2420 4509 2859 4581 διαταττομένου.
2888 4509 3025 4562 Κατ’
3048 4508 3226 4561 ὲκεϊνο
3251 4504 3309 4558 δὲ
3333 4502 3526 4576 καιροῦ
3556 4502 3655 4556 καὶ

396 4600 788 4674 Symmachum
819 4616 950 4656 vero
975 4619 989 4657 :
1021 4600 1374 4657 Abstulerunt
1405 4602 1471 4656 ab
1498 4618 1655 4657 onere
1690 4601 1958 4657 humerum

2066 4602 2167 4673 τῆς
2208 4602 2338 4672 παρ’
2380 4599 2701 4669 Αίγυπτίοις
2741 4598 2986 4662 δουλείας
3025 4615 3087 4650 τε
3135 4596 3232 4651 καὶ
3279 4592 3656 4655 κακοπαθείας

392 4693 508 4762 ejus
531 4707 549 4746 :
572 4709 760 4766 manus
788 4691 903 4756 eius
933 4709 965 4744 a
993 4690 1213 4762 cophino
1239 4691 1473 4747 liberata:
1502 4700 1647 4747 sunt.
1677 4690 1813 4746 Nam
1841 4706 1958 4747 cuin

2068 4692 2476 4765 ἠλευθεροῦντο.
2492 4693 2583 4746 Διὸ
2602 4691 2872 4746 λέλεκται·
2905 4692 3271 4760 Ἀπέστησεν
3283 4689 3404 4745 ἀπὸ
3419 4688 3656 4758 ἄρσεων

394 4781 671 4838 Pharaoni
711 4784 1017 4848 servirent,
1049 4799 1114 4838 ac
1139 4785 1254 4838 luto
1285 4784 1660 4854 lateribusque
1696 4784 1958 4856 astringe-

2070 4785 2178 4841 τὸν
2202 4784 2399 4839 νῶτον
2426 4783 2638 4838 αὑτοῦ·
2679 4786 2738 4838 αἱ
2764 4784 2960 4853 χεῖρες
2989 4782 3177 4838 αὑτοῦ
3218 4781 3290 4835 ἐν
3312 4779 3393 4846 τῷ
3426 4770 3658 4850 κοφίνφ

395 4879 608 4940 rentur,
631 4873 879 4929 civitates
904 4872 1008 4944 ipsi
1028 4872 1386 4939 aediﬁcantes,
1410 4879 1542 4929 tunc
1564 4887 1701 4929 sane
1718 4875 1958 4944 cophinis

2071 4876 2446 4931 ἐδούλευσαν
2465 4894 2481 4907 ο
2500 4874 2642 4929 κατὰ
2660 4875 2719 4927 δὲ
2746 4875 2838 4929 τὸν
2865 4874 3160 4946 Σύμμαχον
3177 4889 3194 4903 ·
3217 4870 3516 4941 Παρεῒλον
3533 4866 3655 4924 ἀπὸ

397 4981 631 5031 manus,
662 4966 925 5022 oneribus
956 4965 1173 5021 humeri
1201 4964 1667 5036 defatigabantur.
1701 4964 1958 5021 Caeterum

2069 4965 2428 5035 ,ϐασταγμοῦ
2455 4966 2564 5019 τὸν
2598 4961 2761 5035 ὦμον
2790 4964 2999 5030 αὐτοῦ,
3025 4967 3084 5018 al
3103 4963 3295 5033 χεῖρες
3334 4959 3520 5015 αὑτοῦ
3553 4976 3656 5013 κο-

395 5058 712 5136 visitatione
755 5057 850 5114 Dei
890 5058 1252 5119 adveniente.
1303 5055 1463 5112 liberi
1500 5070 1743 5112 evasere.
1791 5055 1958 5123 Quart

2077 5059 2258 5128 φίνου
2280 5055 2748 5128 ἀπηλλάγησαν.
2757 5056 2885 5112 Ὅτε
2904 5055 3014 5128 γὰρ
3038 5054 3314 5121 ἐδούλευον
3338 5051 3419 5124 τῷ
3431 5048 3654 5124 Φαραὼ,

399 5149 516 5208 ait:
562 5150 789 5205 Divertit
830 5148 895 5203 ab
941 5148 1190 5204 oneribus
1216 5145 1439 5202 dorsum
1468 5146 1607 5217 ejus.
1656 5145 1793 5213 Quis
1842 5160 1958 5201 νει-ί

2077 5146 2236 5219 πηλῷ
2260 5164 2318 5201 τε
2355 5147 2451 5202 καὶ
2491 5147 2740 5219 πλινθεία
2770 5144 3211 5217 κατειργάζοντο,
3248 5139 3656 5213 οίκοδομοῦντες

399 5242 657 5309 divertit,
698 5242 807 5299 nisi
844 5241 940 5314 qui
979 5240 1234 5297 liberavit
1285 5248 1382 5297 eos
1420 5238 1616 5296 Deus?
1668 5237 1766 5294 llis
1805 5252 1958 5309 pom

2070 5236 2225 5307 ἀὐτῷ
2254 5237 2354 5299 τὰς
2385 5235 2588 5300 πόλεις,
2609 5235 2671 5289 τὸ
2690 5235 2993 5307 τηνικαῦτα
3018 5233 3257 5304 κοφίνοις
3286 5233 3387 5304 μὲν
3421 5231 3518 5292 τὰς
3539 5230 3654 5299 χεῖ-

402 5333 655 5405 dignatus
698 5350 795 5390 eos
829 5343 946 5399 est,
999 5333 1129 5403 quia
1171 5332 1228 5387 in
1268 5331 1625 5386 tribulatione
1665 5331 1844 5401 ipsum
1897 5328 1958 5383 ins

2078 5344 2200 5401 ρας,
2231 5327 2577 5398 βαστάγμασι
2611 5327 2667 5381 δὲ
2696 5326 2823 5390 τοῦς
2855 5324 3039 5398 ὤμους
3068 5318 3484 5380 κατεπονοῦντο.
3505 5319 3654 5389 Πλὴν

401 5426 687 5483 vocabant.
749 5424 905 5492 Quod
951 5425 1118 5480 etiam
1168 5420 1370 5495 Moysis
1403 5421 1688 5493 Scriptura
1732 5420 1958 5477 declaral

2073 5419 2214 5474 ἀλλὰ
2245 5420 2450 5473 τούτων
2475 5419 2732 5475 ἁπάντων
2749 5417 3022 5487 ἐλεύθεροι
3049 5414 3388 5485 κατέστησαν
3415 5411 3516 5482 τῆς
3537 5413 3659 5464 ἐπι-

403 5514 592 5573 dicens
628 5535 644 5571 :
680 5515 750 5569 Et
804 5517 1165 5587 ingemuerunt
1230 5513 1333 5585 ﬁlii
1392 5510 1592 5578 Israel,
1659 5521 1709 5568 et
1769 5511 1958 5566 clama-

2082 5498 2307 5581 σκοπῆς
2330 5512 2513 5574 αὐτοῖς
2546 5508 2865 5580 γενομένης.
2909 5506 3001 5560 Διό
3033 5522 3226 5577 φησιν·
3287 5503 3660 5571 Ἀπέστησεν

396 5616 585 5662 perunt
618 5608 687 5662 ad
711 5605 1032 5673 Dominum,
1066 5615 1117 5661 et
1155 5605 1391 5662 ascendit
1430 5604 1636 5660 clamor
1676 5619 1861 5659 eorum
1905 5619 1958 5657 ac

2080 5602 2199 5657 ἀπὸ
2240 5601 2472 5672 ἅρσεων
2494 5602 2602 5657 τὸν
2631 5600 2826 5656 νῶτον
2862 5599 3071 5655 αὐτοῦ.
3106 5599 3205 5663 Τίς
3232 5597 3291 5652 δὲ
3324 5595 3656 5666 ἀπέστησεν,

478 5784 525 5817 ’⁸
558 5780 583 5835 ὶ
614 5781 808 5840 Thess.
844 5800 919 5851 tv,
954 5785 1046 5840 i5.
1120 5785 1166 5819 ἰ
1206 5784 1383 5841 lCor.
1416 5801 1507 5851 xv,
1542 5785 1632 5843 52.
1707 5787 1753 5819 "
1792 5783 1812 5837 l
1847 5782 1958 5841 The

2083 5799 2158 5848 tv,
2190 5782 2278 5836 15.
2353 5782 2401 5815 ’³
2440 5780 2608 5836 Matth
2668 5796 2818 5849 ulv,
2853 5781 2938 5837 '50.
