4066 6368
385 387 489 441 97ῗ

1507 376 2017 434 COMMENTABIA
2058 376 2123 431 IN
2162 371 2500 432 PSALMOS.
2560 362 2565 365 Α

3523 338 3628 430 οτέ

381 500 496 555 ἀλλ’
519 502 553 572 ἢ
579 501 607 553 ὀ
636 497 1007 572 ἐλευθερώσας
1027 499 1225 563 αύτοὺς
1253 498 1416 564 Θεός;
1441 499 1658 552 Τούτων
1682 498 1740 553 δὲ
1766 497 1962 561 αὐτοὺς

2071 496 2231 551 Deum
2257 490 2326 551 “.
2371 493 2583 561 Quibus
2630 490 2833 547 accinit
2874 490 2979 544 hoc
3020 487 3225 543 dictum
3264 483 3344 539 sic
3372 482 3626 539 habens:

382 590 556 659 ἠξίου,
596 592 891 664 ἐπειδήπερ
918 593 978 645 ἐν
1017 591 1195 661 θλίψει
1237 591 1399 645 αὐτὸν
1432 588 1827 644 ἐπεκαλοῦντο·
1863 590 1957 644 καὶ

383 683 544 735 τοῦτο
576 683 634 736 δὲ
661 684 694 754 ἡ
725 683 968 748 Μωσέως
996 683 1293 755 παρίστησι
1323 682 1515 754 Γραφὴ
1549 682 1783 751 λέγουσα
1801 699 1815 713 ο
1847 681 1958 737 Kal

384 773 834 839 κατεστέναξαν
880 778 936 830 οι
983 760 1103 830 vlol
1158 774 1405 844 Ἰσραὴλ
1428 816 1443 839 ,
1484 775 1583 830 καί
1620 775 1963 843 ἀνεϐόησαν

386 864 538 932 πρὸς
584 867 835 935 Κύριον,
882 868 983 922 καὶ
1031 866 1216 935 ἀνέϐη
1261 867 1383 935 ,ϐοὴ
1429 867 1629 923 αὐτῶν
1670 866 1821 936 πρὸς
1856 865 1963 920 τὸν

386 954 557 1007 Θεόν.
584 951 681 1018 Οἷς
705 955 1012 1020 ἀκολούθως
1035 956 1132 1010 καὶ
1154 955 1215 1009 τὸ
1242 958 1414 1029 παρόν
1446 974 1580 1028 φησι
1609 957 1791 1026 λόγιον
1816 974 1827 984 ·
1867 958 1968 1011 Ἐν

383 1045 592 1113 θλίψει
621 1047 971 1102 ἐπεκαλέσω
1003 1064 1102 1117 με,
1145 1048 1243 1101 καί
1286 1048 1635 1120 ἐρρυσάμην
1663 1063 1738 1103 σε
1755 1064 1772 1080 ⁸
1819 1048 1966 1116 ἐπή-

384 1135 585 1189 κουσά
620 1151 737 1191 σου
768 1138 840 1192 ἐν
865 1138 1195 1207 ἀποκρύφῳ
1231 1138 1594 1209 καταιγιδος,
1636 1139 1967 1210 ἐδοκίμασά

386 1239 463 1293 σε
487 1225 587 1278 ἐπὶ
616 1225 836 1295 ὕδατος
854 1229 1220 1300 ἀντιλογίας.
1240 1229 1386 1282 Ἀντί
1407 1228 1464 1282 δέ
1493 1229 1607 1283 τοῦ·
1626 1228 1969 1297 Ἐπήκουσά

385 1329 504 1370 σου
536 1315 608 1371 ἐν
664 1318 992 1390 ἀποκρύφῳ
1055 1320 1415 1394 καταιγίδος,
1456 1324 1486 1376 ὁ
1544 1322 1644 1394 μὲν
1702 1323 1961 1387 Ἀκύλας

398 1410 748 1466 Ἐπακούσω
772 1427 904 1469 κσου
945 1415 1019 1468 ἐν
1070 1416 1398 1485 ἀποκρύφῳ
1443 1415 1747 1485 βροντῆς·
1798 1416 1892 1469 καὶ
1931 1417 1966 1487 ἡ

387 1500 614 1573 πέμπτη
640 1502 852 1568 ἐκδοσις
878 1505 1098 1576 ὁμοίως.
1125 1506 1261 1561 Εἶτα
1293 1507 1534 1577 ἐπιλέγει
1552 1526 1568 1537 ’
1611 1504 1969 1575 Ἐδοκίμασά

376 1605 461 1645 ’σε
491 1592 591 1646 ἐπὶ
621 1592 842 1660 ὕδατος
872 1596 1235 1665 ἀντιλογίας.
1271 1598 1338 1651 Ὀ
1379 1596 1444 1668 δὴ
1477 1598 1572 1651 καὶ
1610 1597 1743 1650 αὐτὸ
1781 1595 1967 1666 σαφῶς

386 1684 421 1755 ἡ
456 1685 700 1751 Μωσέως
732 1688 1030 1760 παρίστησι
1061 1689 1253 1762 Γραφὴ
1302 1689 1563 1759 λέγουσα*
1613 1691 1736 1744 οὐκ
1781 1686 1860 1760 ἦν
1899 1687 1971 1741 δὲ

386 1775 545 1846 ὕδωρ
571 1777 730 1832 πιεῖν
759 1778 839 1846 τῷ
872 1778 1018 1846 λαῷ·
1058 1781 1157 1836 καί
1187 1781 1545 1851 ἐλοιδορεῖτο
1575 1785 1608 1837 ό
1635 1780 1783 1849 λαὸς
1817 1780 1970 1850 πρὸς

385 1867 636 1938 Μωσῆν,
654 1868 754 1925 καὶ
776 1868 1008 1939 ἔλεγον·
1026 1870 1140 1938 Δὸς
1156 1870 1300 1941 ἡμῖν
1313 1871 1491 1942 ὕδωρ,
1515 1872 1616 1926 ἵνα
1636 1872 1883 1941 πίωμεν.
1915 1871 1968 1922 '0
2000 1852 2041 1907 Β

381 1957 456 2012 δὲ
487 1958 679 2030 ἔλεγε·
709 1962 772 2015 Τί
793 1960 1167 2030 λοιδορεῖσθέ
1192 1980 1317 2033 μοι,
1342 1961 1381 2031 ἢ
1409 1964 1464 2017 τί
1511 1960 1812 2032 πειράζετε
1852 1962 1969 2016 Κύ-

374 2068 552 2121 ριον;
577 2053 686 2106 Καὶ
719 2053 867 2124 ἑξῆς
897 2051 1049 2110 Eine
1076 2054 1302 2125 Μωσῆς
1333 2055 1484 2125 πρὸς
1505 2057 1725 2125 Κύριον
1744 2054 1969 2125 λέγων·

392 2142 456 2196 Τί
483 2144 715 2211 ποίησω
741 2142 823 2208 τῷ
856 2143 985 2210 λαῷ
1012 2146 1341 2210 τούτφ;ἕτι
1359 2144 1598 2215 μικρὸν,
1620 2142 1719 2197 καὶ
1738 2144 1971 2197 λιθοϐο-

379 2229 664 2300 λήσουσί
691 2252 789 2305 με.
832 2232 958 2291 Εἶθ’
993 2239 1027 2291 ό
1062 2238 1282 2305 Κύριος
1322 2236 1472 2306 πρὸς
1502 2236 1688 2291 αὐτόν
1744 2249 1971 2305 φησιν’

381 2318 532 2378 τοδε
557 2324 674 2394 ἐγὼ
692 2325 923 2396 ἕστηκα
954 2326 1067 2397 πρὸ
1097 2327 1206 2381 τοῦ
1233 2327 1309 2382 σὲ
1331 2325 1593 2392 ἐκεῖ,ἐπὶ
1621 2324 1732 2396 τῆς
1754 2325 1974 2394 πέτρας

382 2414 459 2471 ἐν
482 2415 707 2485 Χωρήσ.
739 2417 849 2471 Kal
881 2416 1126 2484 πατάξω
1167 2417 1283 2488 τὴν
1306 2419 1551 2487 πέτραν,
1588 2418 1689 2472 καί
1727 2417 1970 2483 ἐξελεύ-

382 2518 558 2557 σεται
580 2503 760 2575 ὕδωρ,
789 2505 889 2561 καὶ
916 2508 1113 2562 πίεται
1145 2510 1179 2564 ό
1206 2510 1379 2575 λαός.
1410 2509 1517 2564 Kal
1543 2507 1830 2575 ἐποίησεν
1868 2507 1970 2560 οῦ-

387 2612 504 2661 we
535 2597 783 2666 Μωσῆς.
823 2600 930 2655 Kal
960 2601 1316 2671 ἐπωνόμασε
1347 2601 1415 2655 τὸ
1446 2599 1633 2672 ὄνομα
1656 2598 1763 2655 τοῦ
1782 2602 1973 2653 τόπου

386 2685 625 2741 ἐκείνου
661 2686 1001 2758 Πειρασμὸς
1032 2692 1132 2746 καί
1159 2692 1534 2760 Λοιδόρησις,
1567 2692 1667 2747 διὰ
1694 2692 1812 2761 τὴν
1842 2693 1972 2744 λοι-

386 2776 600 2846 δορίαν
619 2779 738 2833 τῶν
765 2780 916 2835 υἱῶν
960 2781 1231 2851 Ἰσραὴλ,
1266 2785 1367 2838 καί
1407 2782 1506 2838 διὰ
1544 2783 1651 2839 τοῦ
1681 2780 1975 2853 πειράζειν

386 2870 613 2938 αὐτοὺς
635 2873 874 2940 Κύριον,
889 2872 1201 2944 λέγοντας·
1225 2877 1296 2929 El
1317 2873 1450 2929 ἐστι
1466 2875 1681 2943 Κύριος
1708 2875 1778 2929 ἐν
1802 2875 1968 2945 ἡμῖν,

387 2961 431 3032 ἣ
469 2963 574 3029 οὕ;
614 2964 803 3018 Ταῦτα
836 2965 1013 3020 πάντα
1035 2966 1130 3020 τὸν
1173 2966 1233 3034 ἐξ
1278 2965 1447 3020 ἐθνῶν
1478 2966 1607 3021 λαὸν
1648 2967 1888 3022 διδάσκει
1934 2969 1970 3041 ἡ

392 3054 535 3126 μετὰ
559 3059 749 3129 χεῖρας
769 3057 1099 3128 προφητεία,
1122 3057 1198 3122 ὡς
1224 3057 1290 3113 ἂν
1325 3058 1515 3129 μάθοιο
1544 3060 1712 3114 ποίων
1733 3059 1920 3132 ἔτυχεν
1942 3061 1973 3114 ὁ

652 3148 933 3249 ialm-nul
966 3152 1046 3249 εἰς
1075 3143 1190 3249 οἷον
1238 3151 1463 3222 ἐλήλυθε
1500 3152 1672 3216 τέλος,
1707 3152 1972 3224 σωφρονί-
1996 3191 2040 3249 c

390 3236 539 3301 ζοιτὸ
561 3255 618 3291 τε
648 3240 714 3292 ἐκ
743 3239 839 3293 τοῦ
864 3240 1323 3312 παραδείγματος.
1348 3242 1439 3294 Διὸ
1465 3245 1580 3307 τοῖς
1600 3242 1970 3315 προλεχθεῖσιν

389 3330 751 3384 ἐπισυνάπτει
778 3330 845 3385 τὰ
903 3330 1032 3402 ἐξῆς
1095 3332 1431 3401 ἀναγκαίως,
1478 3334 1538 3387 ἐν
1586 3328 1668 3397 οἷς
1721 3333 1969 3407 εἴρηται⁸

384 3421 714 3488 η’Δκουσον,
762 3425 914 3490 λαός
953 3442 1074 3494 μου
1091 3465 1110 3491 ,
1155 3426 1253 3480 καὶ
1296 3424 1799 3495 διαμαρτυροῦμαι
1831 3440 1930 3480 σοι
1952 3443 1969 3457 ·

404 3512 677 3581 Ἰσραὴλ,
719 3514 831 3568 ἐὰν
870 3515 1143 3585 ἀκούσῃς
1183 3535 1324 3586 μου,
1351 3519 1463 3571 οὐκ
1494 3516 1666 3571 ἔσται
1704 3531 1803 3571 σοι
1830 3517 1973 3584 Θεὸς

388 3602 763 3670 πρόσφατος,
810 3601 952 3657 οὐδὲ
996 3606 1451 3678 προσκυνήσεις
1489 3606 1611 3674 Θεῷ
1654 3607 1967 3678 ἀλλοτρίῳ.

404 3689 549 3759 Ἐγὼ
575 3691 688 3761 γάρ
718 3693 834 3761 ειμι
865 3695 1079 3762 Κύριος
1105 3698 1139 3749 ό
1162 3697 1306 3762 Θεός
1341 3711 1459 3751 σου
1487 3700 1520 3751 ό
1551 3696 1864 3767 ἀναγαγών
1898 3714 1973 3752 σε

389 3779 464 3833 ἐκ
493 3779 610 3848 γῆς
640 3783 979 3853 Αἰγύπτου,⁹
1024 3785 1340 3841 πλάτυνον
1372 3787 1442 3841 τὸ
1478 3790 1673 3858 στόμα
1696 3804 1835 3856 σου,
1874 3791 1973 3846 καὶ

391 3870 697 3938 πληρώσω
717 3872 884 3927 αὐτό.
906 3875 1018 3929 Kal
1047 3876 1158 3930 οὐκ
1187 3876 1458 3945 ἤκουσεν
1482 3882 1516 3933 ό
1538 3881 1686 3947 λαός
1717 3899 1836 3951 μου
1861 3881 1973 3951 τῆς

378 3962 603 4034 ’φωνῆς
633 3983 775 4034 μου,
803 3967 903 4021 καὶ
958 3969 1208 4037 Ἰσραὴλ
1244 3972 1316 4025 οὐ
1368 3972 1677 4042 προσέσχε
1707 3992 1830 4044 μοι.
1861 3976 1970 4030 Kal

387 4054 797 4120 ἑξαπέστειλα
837 4059 1061 4125 αὐτοὺς
1093 4061 1243 4115 κατὰ
1285 4060 1358 4115 τὰ
1394 4063 1827 4134 ἐπιτηδεύματα
1854 4064 1975 4120 τῶν

386 4146 656 4218 καρδιῶν
679 4151 897 4205 αὐτῶν·
926 4152 1321 4221 πορεύσονται
1342 4154 1412 4209 ἐν
1440 4155 1565 4224 τοῖς
1588 4157 1975 4229 ἐπιτηδεύμα-

388 4255 504 4296 σιν
523 4240 740 4296 αὐτῶν.
764 4243 846 4298 Τὰ
871 4245 968 4316 μὲν
996 4247 1129 4317 παρ’
1153 4246 1310 4318 ἐμοῦ,
1342 4248 1497 4320 φησὶ,
1529 4249 1733 4323 δεδωρη
1743 4251 1877 4322 μένα
1894 4251 1974 4324 τῷ

388 4332 510 4405 λαῷ
538 4334 763 4389 τοιαῦτα
799 4332 867 4407 ἦν
888 4379 903 4403 ,
934 4338 1094 4391 ὁποῖα
1124 4338 1400 4411 διεξῆλθεν
1437 4342 1466 4395 ὁ
1507 4341 1664 4411 λόγος
1683 4360 1696 4372 ·
1737 4342 1807 4396 τὰ
1841 4342 1884 4396 δ’
1913 4344 1975 4409 ἐξ

388 4423 576 4480 αὐτῶν
604 4427 682 4489 είς
717 4427 818 4498 ἐμὲ
850 4430 947 4499 οὐχ
976 4430 1158 4501 ὅμοια,
1192 4431 1312 4485 ούδέ
1342 4430 1470 4497 ἄξια
1510 4424 1584 4486 ὧν
1611 4432 1798 4504 ἔτυχον
1840 4435 1972 4505 παρ’

2059 620 2123 630 -
2146 587 2335 658 (Vens.
2370 587 2449 656 8.)
2473 584 2538 639 In
2580 580 2921 639 tribulatione
2948 578 3321 642 inuocastime,
3352 583 3400 630 et
3414 572 3632 628 liberavi

2063 690 2141 745 te,
2171 678 2416 734 exaudiui
2445 687 2492 731 te
2519 677 2575 730 in
2606 671 2916 730 abscondito
2945 668 3300 739 tempestatis,
3332 663 3549 735 probavi
3581 669 3631 716 te

2061 771 2201 842 apud
2232 787 2423 842 aquam
2454 765 2909 824 contradictionis.
2938 763 3047 818 Pro
3076 761 3169 816 illo
3199 769 3414 814 autem:
3446 755 3631 809 Exau-

2062 863 2170 918 divi
2201 871 2248 918 te
2277 864 2333 918 in
2361 858 2669 917 abscondito
2700 857 3026 927 tempestatis
3048 895 3064 918 ,
3092 851 3290 925 Aquila
3318 850 3399 906 sic
3423 847 3586 903 habet
3610 864 3630 904 :

2065 955 2367 1011 Exaudiant
2392 963 2440 1009 te
2472 954 2530 1008 in
2558 950 2864 1008 abscondito
2887 947 3107 1004 tonitrui
3128 987 3142 1012 ,
3165 955 3219 1001 et
3247 944 3438 1014 quinta
3465 941 3633 996 editio

2064 1048 2334 1103 similiter.
2376 1044 2581 1103 Deinde
2616 1043 2802 1100 subdit
2852 1060 2865 1097 :
2918 1039 3150 1096 Probaui
3181 1045 3227 1115 te
3261 1033 3400 1106 apud
3437 1047 3627 1102 aquam

2064 1138 2523 1196 contradictionis.
2554 1135 2708 1203 Quod
2736 1135 2915 1206 ipsum
2947 1133 3096 1187 clare
3120 1127 3322 1201 Moysis
3348 1124 3635 1195 Scriptura

2063 1240 2284 1287 enarrat
2312 1230 2400 1286 his
2426 1227 2610 1284 verbis
2634 1246 2648 1283 :
2683 1225 2809 1281 Non
2832 1232 2951 1281 erat
2977 1232 3153 1278 autem
3182 1237 3320 1292 aqua
3351 1218 3419 1272 ad
3458 1215 3635 1271 biben-

2065 1322 2192 1376 dum
2230 1321 2423 1392 populo
2447 1334 2467 1375 :
2498 1330 2549 1375 et
2579 1320 2829 1390 jurgatus
2861 1325 2941 1371 est
2988 1316 3214 1385 populus
3254 1319 3439 1366 contra
3482 1306 3637 1377 Moy-

2066 1432 2174 1471 sem
2205 1415 2384 1470 dicens
2409 1432 2422 1469 :
2445 1413 2528 1467 Da
2563 1413 2712 1466 nobis
2752 1426 2967 1481 aquam,
3001 1418 3058 1462 ut
3089 1407 3353 1461 bibamus.
3387 1402 3487 1458 Ille
3516 1416 3635 1455 vero

2067 1507 2270 1562 dicebat
2300 1521 2320 1560 :
2342 1506 2520 1574 Quare
2545 1503 2840 1576 jurgamini
2877 1516 3113 1565 mecum,
3147 1508 3240 1552 aut
3282 1512 3378 1550 cur
3423 1491 3637 1548 tentatis

2068 1598 2353 1653 Dominum
2379 1596 2462 1650 οη
2486 1594 2685 1651 Postea
2713 1608 2880 1648 vero:
2910 1590 3062 1645 Dixit
3086 1588 3297 1661 Moyses
3330 1585 3400 1645 ad
3445 1581 3637 1638 Domi-

2068 1706 2189 1743 num
2208 1703 2231 1745 :
2262 1686 2401 1755 Quid
2438 1685 2636 1753 faciam
2667 1682 2862 1754 populo
2892 1682 3061 1736 huic?
3087 1694 3276 1755 parum
3311 1674 3480 1729 aberit
3509 1672 3637 1744 quin

2073 1753 2309 1850 lapident
2336 1794 2437 1832 me.
2470 1753 2675 1831 Deinde
2700 1775 2776 1828 ait
2806 1772 3066 1839 Dominus
3095 1769 3162 1823 ad
3211 1753 3330 1822 eum
3356 1782 3375 1820 :
3406 1763 3508 1819 Hic
3544 1778 3638 1834 ego

2071 1884 2154 1930 sto
2184 1882 2306 1927 ante
2334 1882 2381 1927 te
2406 1872 2465 1925 in
2486 1879 2636 1941 petra
2657 1870 2715 1923 in
2739 1867 2964 1924 Choreb.
2994 1858 3057 1919 Et
3082 1862 3374 1932 percutiam
3400 1866 3634 1926 petram,

2069 1975 2119 2022 et
2147 1963 2311 2021 exibit
2342 1980 2503 2034 aqua,
2532 1971 2580 2017 et
2616 1960 2752 2015 bibet
2779 1960 3024 2029 populus.
3052 1955 3120 2011 Et
3153 1954 3276 2025 fecit
3291 1954 3368 2006 ita
3401 1948 3633 2020 Moyses.

2070 2056 2143 2112 Et
2170 2055 2368 2110 uocauit
2392 2068 2577 2107 nomen
2613 2052 2714 2105 loci
2737 2049 2904 2115 illius,
2920 2046 3283 2102 Tentationem
3300 2051 3350 2097 et
3366 2038 3636 2108 Iurgium,

2069 2155 2280 2216 propter
2308 2143 2551 2214 jurgium
2580 2140 2814 2201 ﬁliorum
2865 2136 3079 2204 Israel,
3133 2146 3183 2191 et
3233 2134 3360 2205 quia
3410 2139 3642 2186 tentave-

2069 2246 2194 2293 runt
2230 2235 2512 2289 Dominum
2543 2233 2814 2288 dicentes:
2847 2230 2926 2283 An
2960 2236 3039 2284 est
3076 2225 3333 2280 Dominus
3363 2224 3419 2276 in
3442 2219 3637 2284 'nobis,

2069 2342 2228 2383 necne
2258 2325 2303 2357 "
2319 2325 2344 2366 ν
2368 2323 2496 2379 Haec
2526 2322 2845 2377 universum
2873 2333 2941 2374 ex
2965 2315 3220 2389 gentibus
3243 2310 3505 2384 populum
3539 2307 3642 2361 do-

2070 2428 2157 2477 cet
2211 2431 2455 2488 pratseus
2501 2413 2822 2485 prophetia,
2857 2417 2918 2465 ut
2962 2407 3143 2465 sciant
3180 2419 3303 2479 quae
3344 2402 3526 2476 prisco
3561 2398 3642 2455 illi

2070 2509 2272 2582 populo
2300 2506 2621 2573 acciderint,
2643 2512 2700 2561 et
2725 2502 2820 2576 qui
2851 2501 2977 2557 linis
3006 2499 3129 2572 ejus
3152 2497 3351 2562 fuerit;
3384 2502 3548 2566 atque
3572 2506 3639 2547 es

2069 2601 2189 2671 ejus
2214 2597 2465 2669 exemplo
2490 2597 2559 2651 ad
2586 2594 2858 2651 cautelam
2884 2599 3129 2647 vocetur.
3163 2586 3344 2655 Quare
3366 2582 3644 2656 przndictis
3748 2638 3751 2643 ς

2072 2692 2186 2746 haec
2222 2704 2345 2762 quae
2380 2696 2687 2760 sequuntur
2732 2681 3047 2740 necessario
3086 2679 3275 2751 adjicit
3304 2696 3319 2732 :
3347 2706 3419 2718 ——
3472 2672 3640 2731 Vsus.

2071 2781 2229 2839 9-13.
2273 2781 2437 2845 Audi,
2472 2778 2695 2851 populus
2712 2793 2877 2841 meus,
2896 2784 2947 2832 et
2960 2772 3285 2843 testiﬁcabor
3301 2771 3430 2826 tibi:
3445 2766 3639 2836 Israel,

2069 2876 2119 2930 si
2147 2876 2381 2931 audieris
2410 2891 2512 2942 me,
2536 2890 2637 2928 non
2664 2874 2763 2928 erit
2792 2873 2848 2926 in
2870 2882 2918 2926 te
2934 2869 3075 2925 Deus
3092 2882 3291 2932 recens,
3318 2879 3478 2937 neque
3505 2861 3640 2915 ado-

2070 2969 2216 3024 rabis
2248 2967 2416 3022 Deum
2444 2965 2696 3020 alienum.
2729 2963 2844 3035 Ego
2880 2964 3019 3018 enim
3066 2977 3183 3016 sum
3211 2957 3470 3012 Dominus
3501 2953 3642 3009 Deus

2071 3059 2318 3131 tuus,qui
2343 3057 2505 3112 eduxi
2524 3065 2571 3111 te
2588 3056 2649 3111 de
2676 3064 2819 3110 terra
2838 3050 3092 3124 Egypti;
3111 3049 3283 3104 dilata
3309 3064 3366 3101 os
3395 3054 3565 3111 tuum,
3592 3053 3642 3097 et

2071 3152 2298 3224 implebo
2323 3149 2483 3206 illud.
2517 3148 2587 3203 Et
2638 3163 2742 3201 non
2790 3145 2993 3200 audivit
3023 3141 3248 3214 populus
3276 3154 3420 3194 meus
3470 3152 3644 3193 uocem

2072 3265 2265 3315 meam,
2289 3254 2338 3301 et
2370 3241 2544 3298 Israel
2570 3258 2674 3296 non
2712 3238 2941 3293 intendit
2970 3236 3122 3290 mihi.
3162 3232 3231 3288 Et
3254 3231 3435 3287 dimisi
3452 3245 3538 3284 eos
3563 3244 3646 3283 se-

2072 3339 2304 3394 cundum
2337 3335 2606 3392 desideria
2628 3332 2800 3390 cordis
2824 3345 3038 3395 eorum;
3063 3326 3212 3383 ibunt
3234 3326 3286 3380 in
3317 3322 3647 3379 adiacentia—

2071 3431 2226 3487 nibus
2251 3431 2384 3485 suis.
2415 3427 2571 3484 Talia
2602 3431 2780 3488 erant.
2815 3423 3015 3494 inquit,
3060 3434 3289 3475 munera
3328 3416 3528 3488 populo
3548 3428 3647 3484 per

2071 3538 2161 3578 me
2187 3522 2412 3587 collata,
2432 3506 2614 3591 qualia
2642 3529 2825 3574 sermo
2871 3511 3170 3570 enarravit.
3200 3508 3307 3565 Sed
3330 3522 3452 3579 quas
3480 3506 3535 3561 in
3562 3520 3649 3560 me

2072 3615 2180 3687 ipsi
2208 3627 2489 3685 peregere,
2514 3625 2626 3665 non
2658 3606 2883 3672 similia,
2931 3619 3109 3675 neque
3154 3602 3317 3674 digna
3367 3598 3437 3655 iis
3488 3603 3649 3653 erant

2073 3722 2195 3779 qua:
2222 3720 2253 3759 a
2280 3719 2368 3760 me
2401 3698 2689 3758 consecuti
2718 3705 2866 3755 sunt.
2898 3693 3177 3767 Siquidem
3200 3709 3301 3764 ego
3336 3698 3418 3748 tot
3464 3696 3648 3745 tanto-

2071 3811 2305 3868 rumque
2338 3795 2474 3867 ipsis
2505 3793 2733 3864 largitor
2788 3793 3079 3855 bonorum,
3112 3789 3217 3845 hoc
3248 3801 3417 3841 unum
3444 3783 3514 3839 ab
3566 3782 3649 3840 eis

2071 3895 2357 3960 expetens,
2395 3886 2541 3956 quod
2576 3900 2711 3942 sane
2753 3885 2932 3954 legum
2981 3895 3194 3938 summa
3243 3885 3298 3934 et
3346 3883 3511 3949 caput
3539 3883 3646 3941 est,

2072 3989 2135 4035 ut
2158 3994 2265 4034 non
2289 3978 2453 4043 idola,
2471 3977 2568 4033 sed
2593 3992 2680 4032 me
2709 3977 2886 4032 solum
2907 3972 3079 4028 Deum
3101 3972 3364 4035 colerent,
3390 3965 3647 4039 praecepi,

2073 4066 2161 4121 his
2193 4063 2319 4120 illos
2349 4076 2705 4119 commoneas
2733 4059 2943 4115 verbis:
2966 4057 3128 4120 Audi,
3152 4053 3376 4126 populus
3404 4067 3571 4120 meus,
3594 4058 3647 4105 et

2075 4156 2399 4226 testiﬁcabor
2431 4154 2526 4209 tibi
2554 4168 2575 4208 :
2602 4151 2801 4219 Israel,
2823 4151 2869 4205 si
2897 4149 3131 4205 audieris
3169 4163 3271 4213 me,
3320 4161 3424 4199 non
3456 4143 3556 4198 erit
3587 4143 3645 4196 in

2076 4261 2124 4306 te
2161 4249 2302 4304 Deus
2326 4264 2525 4314 recens,
2557 4261 2719 4318 neque
2746 4243 2997 4298 adorabis
3047 4239 3215 4295 Deum
3246 4236 3499 4291 alienum.
3533 4231 3646 4304 Ego

2072 4344 2210 4400 enim
2235 4358 2351 4396 sum
2373 4340 2632 4395 Dominus
2668 4336 2808 4392 Deus
2847 4345 2989 4398 tuus,
3021 4334 3111 4405 qui
3134 4331 3292 4386 eduxi
3320 4339 3368 4384 te
3388 4329 3452 4382 de
3504 4336 3649 4381 terra

2075 4434 2319 4506 Egypti.
2350 4431 2478 4487 Haec
2507 4430 2716 4493 monui,
2751 4428 2867 4483 haec
2913 4425 3151 4500 praecepi
3182 4440 3197 4476 :
3228 4423 3343 4477 haec
3394 4427 3512 4474 erat
3559 4424 3646 4472 to-

388 4515 554 4587 ἐμοῦ.
593 4516 737 4585 Ἐγὼ
776 4519 874 4589 μὲν
901 4520 1010 4592 γὰρ
1033 4523 1061 4574 ὁ
1082 4521 1191 4575 τῶν
1222 4523 1493 4577 τοσούτων
1527 4524 1710 4589 αὐτοῖς
1736 4526 1972 4597 χορηγὸς

2078 4528 2189 4581 tius
2221 4524 2359 4597 legis
2386 4537 2520 4578 meae
2552 4536 2706 4577 mens
2729 4527 2783 4575 et
2830 4515 3124 4573 sententia.
3175 4509 3471 4581 Praeceptis
3516 4520 3650 4563 vero

386 4604 639 4675 ἀγαθῶν,
656 4606 717 4661 ἓν
738 4607 885 4662 τοῦτ’
912 4611 1193 4676 αὑτοῖς,τδ
1210 4612 1275 4685 δὴ
1302 4613 1413 4668 τῶν
1444 4615 1625 4686 νόμων
1654 4617 1970 4685 κεφάλαιον,

387 4697 540 4766 λέγω
564 4696 622 4751 δὲ
647 4698 709 4751 τὸ
731 4699 806 4771 μὴ
833 4699 1258 4774 είδωλολατρεῑν,
1289 4705 1390 4776 ἐμὲ
1407 4704 1463 4759 δέ
1494 4707 1653 4778 μόνον
1678 4706 1810 4760 Θεὸν
1839 4709 1975 4761 είδέ-

388 4807 507 4856 ναι,
537 4791 1045 4865 παρεκελευσάμην,
1074 4795 1216 4849 αὐτὰ
1244 4797 1309 4869 δὴ
1341 4796 1515 4853 ταῦτα
1553 4801 1838 4872 παραινῶν
1881 4802 1976 4855 καὶ

380 4882 592 4950 λέγων·
629 4884 945 4948 Ἄκουσον,
975 4887 1126 4953 λαός
1153 4905 1294 4956 μου,
1338 4891 1437 4945 καί
1468 4891 1978 4963 διαμαρτυροῦμαί

380 4986 496 5024 σοι
516 4988 530 5002 ν
574 4972 833 5041 Ἰσραὴλ,
862 4975 973 5029 ἐὰν
995 4978 1267 5046 ἀκούσῃς
1282 4997 1423 5048 μου,
1448 4985 1560 5036 οὐκ
1576 4983 1747 5037 ἔσται
1771 4984 1844 5037 ἐν
1871 4983 1969 5038 σοί

390 5063 544 5128 Θεὸς
572 5064 938 5134 πρόσφατος,
968 5069 1112 5124 οὐδὲ
1149 5071 1602 5139 προσκυνήσεις
1626 5072 1749 5140 Θεῷ
1782 5075 1969 5128 ἀλλο-

387 5156 567 5226 τρίῳ⁶
592 5155 708 5227 ἐγὼ
734 5158 846 5228 γάρ
881 5162 998 5229 ειμι
1029 5163 1245 5231 Κύριος
1275 5168 1308 5218 ό
1344 5166 1491 5233 Θεός
1533 5180 1651 5220 σου
1675 5169 1711 5221 ὁ
1747 5167 1970 5237 ἀναγα-

386 5246 519 5317 γών
550 5259 625 5300 σε
646 5247 714 5302 ἐκ
743 5248 857 5319 τῆς
881 5253 1202 5322 Αἰγύπτου.
1243 5256 1427 5309 Ταῦτα
1461 5257 1757 5328 παρῄνουν,
1799 5256 1972 5311 ταῦτα

388 5334 873 5411 παρεκελευόμην,
915 5342 1088 5396 ταῦτα
1110 5347 1139 5397 ὁ
1184 5347 1294 5410 πᾶς
1328 5346 1428 5417 τῆς
1482 5346 1623 5417 ἐμῆς
1656 5347 1977 5418 νομοθεσίας

380 5426 651 5483 ἐϐούλετο
676 5428 823 5495 νοῦς.
852 5433 1101 5505 Συνῆπτό
1125 5453 1185 5489 τε
1212 5440 1326 5501 τοῖς
1354 5439 1807 5511 παραγγέλμασιν
1838 5440 1975 5509 ἀγα-

380 5520 507 5574 θῶν
529 5520 850 5591 ἐπαγγελία,
875 5523 947 5577 δι’
964 5515 1040 5579 ὧν
1061 5526 1298 5596 ἔφασκον
1318 5544 1330 5558 '
1356 5526 1675 5583 Πλάτυνον
1696 5528 1762 5582 τὸ
1780 5533 1975 5600 στόμα

388 5628 537 5679 σου,
566 5612 666 5666 καί
702 5616 1000 5684 πληρώσω
1027 5621 1195 5674 αὐτό.
1226 5620 1290 5672 El
1329 5619 1441 5691 γὰρ
1475 5619 1650 5676 ταῦτα
1685 5621 1969 5692 φυλάξετε,

475 5792 523 5825 ’δ
561 5793 728 5849 bxod.
772 5811 832 5861 ιι,
863 5797 953 5852 2‘2.
1031 5799 1076 5831 ⁸⁸
1114 5797 1284 5856 Exod.
1322 5817 1456 5871 xvu,
1496 5804 1544 5857 Ι.
1620 5802 1666 5833 ’⁸
1705 5799 1834 5856 ibid.
1874 5801 1928 5856 4.

2077 4619 2350 4674 bonorum
2404 4613 2697 4687 promissio
2740 4610 3138 4682 copulabatur,
3181 4619 3307 4661 cum
3361 4602 3645 4656 dicerem:

2076 4708 2265 4763 Dilata
2296 4725 2353 4762 os
2380 4717 2550 4771 tuum,
2579 4714 2629 4761 et
2656 4703 2881 4772 implebo
2914 4701 3071 4755 illud.
3111 4696 3247 4752 Nam
3300 4696 3414 4749 haec
3445 4692 3490 4748 si
3525 4706 3648 4747 ser-

2075 4801 2237 4867 vetis,
2274 4797 2475 4854 affatim
2509 4797 2857 4867 ubertimque
2880 4793 2985 4847 cibi
3017 4790 3172 4846 vobis
3218 4783 3647 4858 suppeditabun—

2079 4902 2190 4957 tur,
2221 4890 2336 4947 sive
2359 4888 2631 4961 corporei,
2664 4889 2781 4943 sive
2813 4887 2853 4941 ii
2876 4884 2971 4956 qui
3011 4897 3110 4953 per
3139 4881 3352 4936 divinas
3402 4876 3649 4946 disCipli-

2078 5000 2180 5039 nas
2206 4983 2403 5038 animae
2431 4980 2943 5037 subministrantur.
2976 4973 3091 5043 Ego
3141 4970 3360 5043 quidem
3389 4969 3504 5023 haec
3531 4980 3649 5020 mo-

2078 5075 2297 5138 nebam,
2330 5074 2447 5129 haec
2465 5071 2886 5144 promittebam;
2922 5048 3001 5121 illi
3036 5050 3219 5120 autem
3249 5075 3440 5116 vocem
3470 5072 3648 5112 meam

2080 5181 2188 5221 non
2221 5165 2513 5220 audierunt
2545 5182 2561 5218 :
2589 5169 2642 5218 et
2655 5161 2845 5224 lsrael,
2872 5159 2964 5230 qui
2987 5156 3155 5211 tantis
3181 5149 3461 5209 beneficiis
3483 5160 3647 5203 oma-

2078 5266 2177 5313 tus
2202 5265 2309 5326 est,
2362 5272 2475 5311 non
2522 5253 2755 5309 intendit
2804 5250 2978 5305 mihi:
3011 5246 3133 5302 ideo
3174 5245 3299 5313 jure
3340 5239 3521 5294 dimisi
3557 5253 3643 5292 eos

2081 5348 2369 5404 secundum
2410 5347 2676 5401 desideria
2723 5342 2896 5398 cordis
2933 5354 3132 5395 eorum.
3181 5337 3289 5390 Pro
3341 5347 3449 5404 quo
3489 5329 3647 5401 Sym-

2080 5437 2313 5491 machus
2338 5436 2730 5505 interpretatus
2757 5440 2880 5487 est:
2920 5428 3044 5484 Non
3076 5427 3278 5481 audivit
3337 5430 3509 5476 autem
3546 5435 3643 5489 po-

2078 5524 2236 5598 pulus
2260 5543 2406 5582 meus
2428 5542 2601 5581 vocem
2623 5539 2815 5590 meam,
2863 5532 2912 5577 et
2946 5520 3113 5576 Israel
3139 5535 3239 5572 non
3271 5512 3646 5584 obtemperavit

2080 5622 2227 5677 mihi.
2268 5621 2463 5675 Dimisi
2501 5635 2624 5689 ergo
2671 5616 2795 5672 illos
2839 5614 3159 5687 beneplacito
3207 5610 3381 5668 cordis
3427 5606 3533 5671 sui,
3585 5611 3644 5659 ω
