4066 6396
361 365 467 420 979
1058 366 1328 424 EUSEBII
1363 365 1849 425 CESARlENSlS
1890 365 2042 424 OPP.
2086 366 2272 424 PARS
2309 366 2399 426 ιιι.
2425 367 2925 428 —EXEGETICA.
3522 366 3630 424 980

361 478 630 534 ambitis/nt
663 481 714 534 iu
747 482 988 537 cmisiliis
1018 485 1153 538 suis.
1209 483 1350 540 Hinc
1378 483 1604 540 divinus
1651 483 1947 554 Apostolus
1977 510 1990 546 Α

2095 483 2365 549 κοπιάτως
2387 484 2539 552 ἕξετε
2563 487 2660 540 καὶ
2678 482 3122 560 πεπληρωμένους
3146 482 3246 549 τὰς
3264 483 3492 558 τροφὰς,
3517 485 3630 538 εἴτε

361 571 430 629 de
464 574 793 644 quibusdam
819 575 981 632 docet
1017 593 1030 627 :
1070 575 1302 646 Propter
1352 579 1495 650 quod
1548 576 1772 631 tradidit
1824 576 1946 630 illos

2095 575 2146 639 '1;
2170 575 2266 629 τοῦ
2298 575 2569 648 σώματος,
2599 578 2710 632 εἴτε
2750 579 2844 633 καὶ
2873 578 2973 643 τὰς
2997 579 3084 632 διὰ
3105 577 3268 632 θείων
3294 577 3632 650 μαθημάτων

367 663 506 720 Deus
537 667 593 719 in
627 667 892 722 desideria
922 669 1100 724 cordis
1129 687 1313 724 eorum
1345 671 1412 726 ⁸⁷.
1437 668 1550 725 Pro
1596 671 1688 725 illo
1739 677 1944 732 autem,

2095 667 2116 740 ᾗ
2147 667 2294 739 ψυχῇ
2329 668 2760 740 χορηγουμένας.
2809 669 2950 739 Ἐγὼ
2984 671 3082 741 μὲν
3110 664 3202 724 οὖν
3240 667 3418 722 ταῦτα
3458 667 3636 740 παρῄ-

369 757 490 813 Νοη
516 761 618 813 erit
641 760 696 813 in
723 769 772 814 te
794 760 936 817 Deus
971 779 1148 816 recens
1169 780 1188 816 :
1221 763 1440 832 Aquila,
1499 761 1622 816 Non
1665 764 1764 818 erit
1812 765 1868 817 in
1901 771 1950 817 te

2095 777 2174 813 >υν
2207 761 2302 813 καὶ
2335 760 2779 833 ἐπηγγελλόμην·
2808 762 2858 814 οἱ
2893 757 2950 815 δὲ
2982 762 3083 814 οὐκ
3126 761 3323 832 ἢκουον
3351 760 3449 831 τῆς
3491 758 3637 828 ἐμῆς

364 851 520 919 fortis
541 851 786 916 alienus;
812 852 1174 925 Symmachus
1201 870 1329 909 vero
1356 853 1516 910 :Non
1541 857 1610 909 sit
1642 856 1698 910 in
1727 866 1777 910 te
1806 857 1948 911 Deus

2095 851 2272 922 ωνῆςο
2324 851 2418 904 καὶ
2458 853 2487 904 6
2531 851 2801 907 τοσούτων
2851 851 3256 924 κατηξιωμένος
3306 849 3638 921 εὐεργεσιῶν

361 953 645 999 extraneas
683 986 701 1012 ,
758 947 1100 1016 interpretati
1153 955 1282 1002 sunt
1348 947 1682 1004 Extraneum
1715 958 1895 1004 autem
1933 968 1945 1004 :

2095 944 2284 1016 [σραὴλ
2325 944 2386 997 ού
2460 944 2730 1016 προσέσχε
2791 962 2909 1016 μοι·
2973 945 3094 998 ὅθεν
3143 943 3370 1007 εἰκότως
3417 941 3637 1008 ἐξαπέ-

365 1037 606 1092 alienum
633 1047 687 1094 et
721 1047 999 1094 recentem
1028 1037 1222 1104 Deum,
1260 1043 1354 1110 qui
1402 1040 1528 1096 talis
1560 1040 1705 1112 apud
1761 1048 1952 1112 gentes

2095 1040 2267 1093 teda
2304 1038 2527 1104 αὐτοὺς
2557 1039 2706 1091 κατὰ
2733 1037 2806 1091 τὰ
2851 1035 3291 1106 ἐπιτηδεύματα
3326 1033 3447 1089 τῶν
3493 1051 3632 1102 scapo

366 1128 509 1185 falso
558 1136 886 1201 reputatur,
937 1131 1266 1200 nominavit,
1309 1131 1612 1187 multorum
1662 1133 1951 1188 numinum

2095 1127 2200 1184 ιῶν
2220 1130 2437 1184 αὐτῶν.
2455 1130 2596 1183 Ἀνθ’
2613 1123 2672 1184 οὗ
2693 1131 2721 1182 6
2743 1129 3037 1201 Σύμμαχος
3067 1130 3412 1201 ἡρμήνευσεν
3437 1126 3639 1180 εἰπών’

369 1221 736 1278 idololatriam
764 1224 845 1278 sic
877 1223 1109 1294 carptim
1135 1239 1468 1280 memorans.
1494 1223 1707 1292 Quibus
1729 1225 1950 1282 subdit:

2101 1225 2176 1294 ὺχ
2208 1224 2527 1294 ὑπήκουσε
2563 1223 2632 1278 δὲ
2671 1228 2705 1278 ό
2753 1225 2905 1289 λαός
2943 1240 3064 1294 μου
3095 1223 3209 1290 τῆς
3249 1219 3458 1291 φωνῆς
3495 1237 3638 1290 μου,

369 1312 484 1385 Ego
518 1315 660 1370 enim
693 1331 811 1368 sum
870 1314 1129 1370 Dominus
1162 1314 1303 1370 Deus
1351 1325 1500 1382 tuus,
1544 1317 1836 1373 declarans
1897 1333 1956 1374 se

2098 1318 2159 1373 αὶ
2195 1321 2434 1389 Ἰσραὴλ
2458 1323 2569 1375 οὐκ
2601 1320 2852 1387 ἐπείσθη
2879 1336 3002 1389 μοι.
3043 1315 3266 1386 Ἀφῆκα
3285 1309 3398 1369 οὖν
3417 1311 3644 1380 αὐτοὺς

369 1423 548 1478 neque
573 1415 919 1472 extraneum,
953 1423 1132 1478 neque
1181 1408 1448 1474 alienum,
1481 1423 1660 1480 neque
1680 1417 1956 1466 recentem

2099 1410 2134 1481 ᾗ
2161 1413 2445 1482 ἀρεσκείᾳ
2507 1412 2619 1483 τῆς
2660 1412 2910 1481 καρδίας
2953 1409 3154 1464 αὐτῶν
3177 1449 3194 1473 ,
3238 1408 3471 1462 ὁδεύειν
3512 1404 3646 1472 ταῖς

371 1500 541 1556 Deum
565 1516 708 1556 esse.
743 1498 872 1555 Erat
903 1501 1108 1573 quippe
1141 1517 1310 1555 unum
1361 1511 1415 1557 et
1465 1501 1608 1558 idem
1671 1501 1766 1558 Dei
1817 1501 1957 1559 Ver-

2095 1507 2314 1573 ῗουλαῖς
2343 1505 2559 1561 αὐτῶν.
2609 1505 2892 1560 Ἐντεῦθεν
2924 1508 2953 1560 6
2981 1504 3124 1568 θεῖος
3141 1500 3462 1565 Ἀπόστολος
3494 1500 3644 1554 διδά-

372 1593 524 1656 bum,
554 1592 698 1663 quod
730 1592 862 1648 olim
886 1593 1258 1650 diversimode
1297 1595 1541 1667 antiquis
1590 1595 1701 1650 illis
1735 1596 1959 1651 oracula

371 1685 662 1752 fundebat,
689 1686 949 1757 quodque
979 1685 1126 1744 Deus
1146 1685 1320 1744 Jacob
1344 1697 1594 1752 vocatur,
1629 1690 1775 1761 quod
1828 1689 1958 1745 item

373 1779 428 1832 in
456 1778 932 1834 consummatione
986 1780 1312 1834 saeculorum
1345 1781 1402 1834 in
1450 1787 1596 1836 terra
1619 1779 1796 1836 visum
1853 1787 1956 1836 est.

2063 1616 2183 1653 σκει
2229 1599 2355 1672 περί
2382 1617 2544 1654 τινων
2574 1599 2749 1669 λέγων
2773 1616 2787 1630 ⁸
2835 1597 2930 1654 Διὸ
2964 1595 3311 1667 παρέδωκεν
3351 1593 3576 1660 αὐτοὺς
3614 1594 3650 1647 d

2065 1691 2209 1758 Θεὸς
2261 1691 2330 1744 ἐν
2387 1691 2517 1759 ταῖς
2563 1691 2902 1762 ἐπιθυμίαις
2949 1689 3070 1743 τῶν
3120 1685 3380 1756 καρδιῶν
3425 1681 3646 1738 αὐτῶν.

2076 1784 2222 1836 Ἀντὶ
2253 1782 2310 1838 δὲ
2340 1783 2456 1837 τοῦ·
2496 1785 2618 1838 Οὐκ
2648 1783 2820 1838 ἕσται
2852 1783 2922 1836 ἐν
2961 1783 3059 1837 σοὶ
3096 1781 3240 1846 Θεὸς
3277 1780 3650 1848 πρόσφατος.

372 1857 508 1924 Nam
531 1870 696 1926 etiam
721 1878 848 1926 ante
883 1870 1128 1926 divinum
1161 1889 1319 1928 suum
1343 1872 1638 1929 adventum
1668 1873 1723 1928 in
1753 1872 1958 1928 mundo

2135 1875 2366 1940 Ἀκύλας
2384 1893 2398 1906 ·
2425 1879 2548 1931 Οὐκ
2577 1876 2751 1930 ἔσται
2771 1877 2842 1930 ἐν
2862 1877 2962 1930 σοι
3007 1874 3260 1945 ἰσχυρὸς
3291 1872 3612 1938 ἀλλότριος
3629 1881 3650 1900 ⁶

373 1971 512 2028 erat,
538 1973 592 2020 et
627 1964 867 2020 mundus
890 1981 987 2036 per
1009 1966 1187 2037 ipsum
1217 1965 1396 2022 factus
1427 1973 1532 2021 est.
1588 1963 1956 2032 Quamobrem

2095 1999 2098 2011 τ
2121 1969 2177 2022 δὲ
2207 1969 2517 2041 Σύμμαχος·
2545 1969 2642 2038 Μὴ
2667 1970 2823 2024 ἔστω
2851 1969 2922 2022 ἐν
2949 1967 3048 2023 σοὶ
3072 1965 3218 2032 Θεὸς
3247 1963 3444 2030 ξένος,
3467 1962 3657 2035 ἡρμή-

374 2057 489 2112 hazc
523 2057 776 2113 instituta
807 2058 977 2112 tradit
1008 2078 1020 2112 :
1048 2056 1162 2129 Ego
1191 2061 1332 2113 enim
1362 2074 1481 2112 sum
1536 2057 1794 2111 Dominus
1818 2057 1958 2112 Deus

2095 2079 2247 2117 ευσε.
2283 2062 2447 2117 Ξένον
2484 2064 2540 2117 δὲ
2574 2065 2670 2118 καὶ
2701 2062 2980 2136 ἀλλότριον
3012 2059 3146 2115 θεὸν
3187 2057 3281 2113 καὶ
3315 2057 3655 2130 πρόσφατον,

377 2161 519 2214 tuus,
545 2152 634 2220 qui
660 2151 823 2205 eduxi
849 2160 898 2204 te
922 2151 984 2204 de
1011 2159 1154 2204 terra
1182 2151 1425 2221 zEgypti.

2095 2155 2161 2207 τὸν
2211 2154 2645 2226 πεπλανημένως
2691 2153 2845 2226 παρὰ
2889 2155 3000 2216 τοῖς
3047 2150 3225 2204 ἔθνεσι
3271 2145 3660 2218 νενομισμένον

375 2247 647 2320 ὠνόμασε,
679 2247 780 2318 τὴν
809 2245 1070 2300 πολύθεον
1110 2247 1556 2320 εἰδωλολατρείαν
1597 2247 1742 2302 οὕτω
1783 2249 2307 2320 παραπεμπόμενος.
2337 2246 2432 2314 Οἷς
2459 2249 2728 2318 ὲπιλέγειο
2781 2247 2922 2318 Ἐγὼ
2991 2243 3102 2317 γάρ
3160 2246 3278 2314 εἰμι
3342 2242 3558 2309 Κύριος
3626 2241 3660 2293 δ

379 2344 526 2410 Θεός
557 2359 706 2409 σου,
749 2342 1020 2414 παριστὰς
1051 2340 1241 2396 ἑαυτὸν
1272 2341 1394 2395 οὔτε
1428 2342 1598 2410 ξένον,
1641 2342 1764 2396 οὔτε
1796 2345 2096 2416 ἀλλότριον,
2119 2343 2244 2398 οὔτε
2278 2346 2591 2418 πρόσφατον
2627 2345 2758 2398 δντα
2786 2343 2940 2398 Θεόν.
2999 2337 3110 2395 Ἦν
3169 2339 3280 2413 γὰρ
3320 2335 3404 2402 εἷς
3473 2337 3570 2390 καὶ
3629 2336 3661 2388 ὁ

378 2436 543 2500 αὐτὸς
563 2437 594 2489 6
624 2433 720 2488 τοῦ
751 2433 887 2489 Θεοῦ
919 2435 1114 2503 Λόγος,
1155 2435 1252 2488 καὶ
1281 2436 1310 2489 6
1348 2435 1516 2490 πάλαι
1549 2437 1824 2509 διαφόρως
1850 2439 1964 2502 τοῖς
2002 2437 2253 2502 παλαιοῖς
2293 2437 2668 2510 χρηματίζων,
2701 2439 2729 2491 6
2749 2437 2812 2508 δὴ
2835 2436 2930 2490 καὶ
2966 2433 3099 2498 Θεὸς
3133 2430 3329 2486 Ἰακὼὸ
3363 2428 3661 2500 ἐπικεκλη-

384 2530 574 2602 μένος,
603 2530 635 2582 6
680 2528 775 2582 καὶ
826 2527 920 2580 ὲπὶ
968 2527 1249 2600 συντελείᾳ
1299 2527 1409 2582 τῶν
1448 2528 1658 2583 αἰώνων
1709 2531 1802 2583 ἐπὶ
1853 2529 1958 2600 γῆς
1996 2531 2203 2600 ὀφθείς.
2233 2531 2322 2583 Ἐν
2343 2530 2450 2602 γὰρ
2472 2529 2551 2601 τῷ
2573 2530 2764 2601 κόσμῳ
2785 2525 2854 2600 ἦν
2878 2528 2970 2582 καὶ
3031 2525 3259 2598 πρὸτῆς
3319 2520 3662 2592 θεοφανείας,

382 2625 476 2681 καὶ
495 2626 523 2677 6
543 2625 746 2695 κόσμος
763 2623 831 2678 δι’
854 2623 1019 2679 αὑτοῦ
1046 2623 1282 2693 ἐγένετο.
1309 2624 1509 2697 Διόπερ
1533 2625 1965 2697 παρακελεύεται
2003 2626 2176 2696 λέγων
2196 2643 2208 2655 ·
2257 2628 2397 2697 Ἐγὼ
2431 2626 2544 2696 γάρ
2582 2628 2698 2695 εἰμι
2722 2625 2937 2694 Κύριος
2969 2625 3002 2677 ό
3033 2621 3177 2688 Θεός
3219 2633 3358 2682 σου,
3419 2619 3454 2672 ό
3515 2615 3665 2672 ἀνα-

382 2719 580 2789 γαγών
604 2736 678 2775 σε
703 2721 782 2774 ἐκ·
809 2719 1279 2790 γῆςεΑὶγύπτου.

456 2835 622 2893 Vens.
655 2837 858 2901 16,15.
887 2836 948 2892 Si
975 2838 1200 2908 populus
1226 2856 1368 2895 meus
1391 2841 1626 2896 audisset
1655 2859 1758 2905 me,
1798 2838 1972 2896 Israel

385 2933 430 2988 si
454 2933 506 2986 in
532 2933 630 2987 viis
663 2933 791 2986 meis
815 2932 1142 2986 ambulasset
1160 2975 1175 3001 ,
1206 2949 1301 3003 pro
1329 2934 1494 2989 nihifo
1526 2937 1757 3002 forsitan
1786 2936 1973 2990 inimi-

386 3041 475 3080 eos
529 3041 713 3079 eorum
756 3025 1144 3092 Izumiliassem,
1199 3036 1250 3080 et
1302 3045 1460 3098 super
1511 3029 1827 3085 tribulantes
1885 3047 1973 3085 eos

387 3118 652 3171 misissem
682 3133 898 3170 nianum
928 3133 1121 3172 meam.
1146 3118 1288 3174 Iram
1320 3121 1522 3192 quippe
1563 3121 1660 3178 Dei
1687 3138 1803 3179 non
1830 3121 1977 3191 inju-

390 3209 473 3263 ria
497 3224 598 3263 nec
626 3209 747 3264 sine
769 3223 936 3264 causa
967 3207 1254 3264 Iudaicam
1304 3211 1575 3268 invasisse
1602 3221 1819 3282 gentem
1855 3213 1976 3268 suf-

391 3299 642 3355 ﬁcienter
677 3298 945 3356 defendit.
982 3299 1322 3373 Videturque
1349 3303 1482 3358 mihi
1517 3303 1585 3358 ad
1607 3305 1982 3376 praecedentes

394 3391 887 3463 interrogationes:
916 3389 1138 3462 thuid,
1156 3392 1320 3461 Deus,
1341 3393 1586 3464 repulisti
1603 3397 1658 3449 in
1672 3397 1854 3467 ﬁnem,
1872 3399 1985 3450 ira-

396 3496 482 3540 tus
508 3493 584 3540 est
613 3485 768 3555 furor
791 3493 913 3540 tuus
940 3501 1098 3555 super
1126 3502 1242 3540 oves
1293 3503 1507 3557 pascua:
1531 3497 1636 3542 tua:
1659 3489 1744 3542 "‘l
1777 3503 1841 3543 ac
1862 3505 1987 3543 rur-

394 3589 516 3630 sum
543 3593 556 3629 :
584 3573 782 3646 thuid
795 3574 1113 3630 destruxisti
1137 3577 1425 3630 maceriam
1438 3576 1577 3646 ejus,
1594 3586 1644 3631 et
1662 3578 1986 3632 vindemiant

394 3683 513 3720 eam
541 3683 719 3722 omnes
746 3669 838 3738 qui
877 3668 1392 3739 pi'wtergred‘iuntur
1444 3669 1586 3723 viam
1615 3669 1705 3722 ”?
1757 3685 1987 3742 respon-

398 3761 610 3816 sionem
665 3760 976 3817 instituere.
1010 3760 1145 3816 Nam
1179 3777 1288 3831 qua
1320 3763 1388 3818 de
1437 3777 1604 3819 causa
1660 3763 1778 3819 haec
1837 3764 1988 3835 passi

399 3852 551 3918 sint,
575 3851 820 3908 declarat
847 3852 937 3910 his
961 3854 1146 3910 verbis
1176 3875 1188 3909 :
1230 3853 1370 3921 Quia
1391 3871 1498 3910 non
1530 3856 1743 3910 audivit
1757 3856 1988 3928 populus

400 3961 548 3999 meus
571 3961 746 4000 vocem
779 3963 972 4015 meam,
998 3956 1048 4001 et
1097 3946 1273 4003 Israel
1304 3965 1407 4002 non
1437 3949 1667 4004 intendit
1698 3951 1858 4015 mihi;
1891 3961 1945 4006 et
1973 3971 1984 4005 :

401 4040 462 4096 Si
491 4041 717 4112 populus
745 4059 888 4096 meus
920 4041 1158 4097 audisset
1199 4057 1302 4107 me,
1334 4039 1509 4095 Israel
1545 4043 1593 4096 si
1621 4042 1677 4096 in
1708 4044 1809 4096 viis
1863 4045 1991 4098 meis

401 4135 750 4202 ambulasset,
780 4153 876 4206 pro
911 4135 1081 4190 nihilo
1132 4136 1366 4206 forsitan
1415 4135 1659 4192 inimicos
1689 4153 1872 4190 eorum
1901 4139 1995 4190 Im-

400 4226 716 4283 mitiassem.
763 4227 872 4284 Pro
902 4244 1012 4299 quo
1054 4226 1418 4300 Symmachus
1445 4229 1840 4298 interpretatus
1858 4241 1943 4285 est
1975 4249 1987 4283 ε

402 4316 473 4372 In
507 4321 731 4374 minimo
763 4321 996 4391 forsitan
1018 4321 1267 4376 inimicos
1286 4337 1471 4375 eorum
1511 4321 1778 4388 vicissem,
1817 4331 1867 4376 et
1897 4338 1994 4376 sn-

401 4427 496 4480 per
525 4411 862 4466 adversarios
897 4428 1080 4466 eorum
1107 4413 1478 4467 convertissem
1528 4429 1746 4467 manum
1800 4431 1992 4468 meam.

403 4501 532 4557 Eme
566 4519 699 4558 sane
732 4501 1012 4568 fecissem,
1035 4503 1234 4573 inquit.
1261 4511 1455 4558 contra
1498 4503 1756 4560 inimicos
1785 4505 1993 4576 populi,

2151 2843 2224 2894 Et
2259 2841 2292 2892 ὀ
2317 2838 2469 2904 λαός
2490 2853 2610 2906 μου
2640 2831 2872 2903 ἤκουσέ
2891 2849 3033 2902 μου,
3072 2827 3321 2898 Ἰσραὴλ
3340 2828 3472 2895 ταῖς
3505 2827 3670 2896 ὁδοῖς

2074 2951 2195 3005 μου
2229 2933 2280 2986 εὶ
2305 2931 2601 2999 ἐπορεύθη
2623 2943 2636 2957 °
2663 2927 2733 2980 ἑνν
2765 2924 2844 2991 τῷ
2883 2923 3099 2995 μηδενὶ
3131 2919 3208 2976 ἂν
3237 2921 3380 2989 τοὺς
3415 2921 3670 2992 ἐχθροὺς

2079 3025 2280 3082 αὐτῶν
2299 3024 2694 3084 ἐταπείνωσα,
2714 3019 2813 3072 καὶ
2829 3019 2929 3073 ἐπὶ
2951 3017 3092 3084 τοὺς
3115 3017 3433 3082 θλίϐοντας
3449 3016 3674 3082 αὐτοὺς

2082 3121 2384 3174 ἐπέϐαλον
2405 3117 2481 3171 ἂν
2506 3119 2622 3185 τὴν
2650 3113 2819 3185 χεῖρά
2836 3131 2977 3184 μου.
3009 3111 3232 3176 Ίκανῶς
3253 3110 3670 3180 ἀπολελόγηται,

2081 3215 2163 3267 ὅτι
2197 3213 2271 3285 μὴ
2304 3211 2542 3284 ἀκρίτως
2579 3209 2716 3280 μήτε
2745 3207 2822 3271 ὡς
2847 3206 3004 3277 ἔτυχε
3042 3204 3275 3277 μετῆλθε
3302 3204 3366 3258 τὸ
3404 3201 3669 3256 Ἰουδαίων

2086 3307 2238 3370 ἔθνος
2266 3309 2299 3377 ἡ
2337 3307 2402 3358 ὲκ
2439 3302 2576 3356 θεοῦ
2607 3303 2765 3373 ὀργή.
2798 3300 2911 3355 Καί
2945 3317 3035 3371 μοι
3059 3299 3207 3352 δοκεῖ
3237 3298 3374 3371 πρὸς
3403 3297 3500 3359 τὰς
3521 3295 3666 3349 ἀνω-

2087 3398 2230 3470 τέρω
2272 3396 2602 3468 λελεγμένας
2647 3393 2893 3457 πεύσεις,
2933 3393 2992 3446 ὲν
3033 3391 3112 3462 τῷ
3153 3391 3280 3446 Ἵνα
3327 3391 3382 3444 τί
3426 3392 3460 3443 ὀ
3502 3389 3672 3453 Θεὸς,

2087 3487 2309 3544 ἀπώσω
2341 3490 2429 3554 εὶς
2462 3486 2657 3552 τέλος,
2684 3485 2946 3555 ὠργίσθη
2973 3485 3006 3537 o'
3029 3483 3216 3553 θυμός
3247 3497 3362 3537 σου
3389 3479 3487 3532 ἐπὶ
3527 3480 3680 3548 πρό-

2090 3584 2236 3638 ϐατα
2262 3579 2452 3650 νομῆς
2471 3595 2623 3642 σου;
2665 3578 2762 3632 καὶ
2788 3577 2950 3631 πάλιν
2970 3593 2984 3606 ν
3017 3577 3144 3631 Ἵνα
3178 3575 3236 3628 τι
3273 3573 3548 3639 καθεῖλες
3572 3569 3678 3624 τὸν

2089 3674 2364 3744 φραῃιιῖν
2402 3670 2612 3740 αὐτῆς,
2643 3671 2742 3726 καὶ
2788 3669 3092 3740 τρυγῶσιν
3136 3667 3334 3736 αὐτὴν
3366 3666 3594 3730 πάντες
3623 3663 3678 3718 οι

2091 3766 2644 3835 παραπορευόμενοι
2689 3762 2804 3833 τὴν
2844 3763 3024 3825 όδόν;
3066 3762 3166 3832 τὴν
3225 3759 3522 3831 ἀπόκρισιν
3583 3770 3681 3808 πε-

2091 3859 2373 3932 ποιῆσθαι.
2395 3861 2513 3913 Ἵνα
2541 3859 2594 3913 τί
2621 3858 2732 3932 γὰρ
2759 3856 2829 3910 τὰ
2852 3855 3077 3910 τοιαῦτα
3098 3853 3401 3908 πεπόνθασι
3439 3849 3682 3904 διδάσκει

2093 3952 2268 4022 λέγων
2290 3970 2303 3983 ο
2331 3952 2456 4006 Ὀτι
2489 3935 2601 4006 οὐκ
2640 3950 2912 4018 ἤκουσεν
2944 3951 2977 4001 ὀ
3009 3947 3160 4012 λαός
3189 3961 3308 4015 μου
3335 3941 3446 4010 τῆς
3475 3936 3684 4011 φωνῆς

2087 4064 2229 4117 μου,
2269 4045 2370 4099 καὶ
2391 4044 2640 4113 Ἰσραὴλ
2669 4044 2741 4096 οὑ
2765 4039 3071 4110 προσέσχε
3090 4056 3212 4108 μοι.
3241 4035 3357 4100 καὶ,
3380 4036 3451 4088 Ei
3477 4035 3510 4087 ό
3533 4031 3686 4097 λαός

2090 4156 2211 4208 μου
2238 4136 2469 4206 ἤκουσέ
2493 4154 2638 4205 μου,
2677 4132 2928 4202 Ἰσραὴλ
2956 4133 3087 4198 ταῖς
3115 4129 3280 4195 ὁδοῖς
3305 4144 3428 4198 μου
3455 4126 3510 4178 ει
3550 4123 3689 4176 ἐπο-

2089 4230 2311 4298 ρεύθη·
2352 4229 2424 4282 ἐν
2469 4227 2548 4293 τῷ
2601 4224 2821 4296 μηδενὶ
2865 4223 2942 4278 ἂν
2991 4221 3133 4288 τοὺς
3178 4217 3432 4289 ἐχθροὺς
3487 4213 3690 4271 αὐτῶν

2097 4323 2492 4377 ἐταπείνωσα.
2531 4319 2674 4374 Ἀνθ’
2705 4313 2767 4373 οὗ
2794 4320 2822 4372 6
2846 4317 3144 4388 Σύμμαχος
3167 4314 3515 4385 ήρμήνευσεν
3537 4325 3552 4339 ·
3591 4306 3690 4360 Ἐν

2099 4417 2387 4487 ὀλιγίστῳ
2409 4414 2487 4470 ἂν
2513 4411 2766 4484 ἐχθροὺς
2791 4411 2990 4465 αὐτῶν
3015 4409 3274 4477 ἧττησα.
3297 4403 3395 4459 καὶ
3420 4401 3524 4457 ἐπὶ
3547 4399 3692 4467 τοὺς

2101 4508 2417 4574 ἐναντίους
2449 4504 2650 4560 αὐτῶν
2692 4502 3042 4572 ἀνέστρεψα
3088 4499 3166 4556 ἂν
3197 4499 3312 4568 τὴν
3345 4495 3514 4568 χεῖρὰ
3547 4512 3690 4565 μου.

405 4595 454 4649 si
479 4595 782 4667 morigeros
808 4594 936 4650 illos
957 4593 1302 4662 habuissem,
1320 4605 1375 4652 et
1404 4596 1452 4651 si
1475 4597 1534 4652 in
1551 4595 1657 4652 viis
1680 4597 1840 4664 meis,
1859 4615 1990 4670 quas

2105 4596 2292 4652 Ταῦτα
2314 4569 2646 4667 ἂννέπραξα,
2675 4593 2831 4665 φησὶ,
3040 4590 3151 4646 τῶν
3182 4588 3391 4662 ὲχθρῶν
3419 4585 3514 4640 τοῦ
3538 4584 3694 4650 λαοῦ,

405 4690 852 4759 praescripseram
885 4687 1046 4760 ipsis,
1080 4688 1463 4744 incessissent.
1510 4687 1671 4744 Nunc
1704 4705 1837 4747 vero
1870 4707 1996 4748 cum

407 4781 836 4851 inobsequentes
866 4790 921 4838 et
979 4780 1317 4853 immorigeri
1367 4781 1494 4837 facti
1535 4783 1679 4849 sint,
1718 4799 1840 4840 sese
1890 4784 1998 4855 ipsi

408 4871 664 4926 inimicos
685 4870 785 4927 Dei
810 4871 1241 4927 constituerunt.
1278 4869 1485 4927 Deinde
1532 4871 1798 4941 quoniam
1822 4871 1998 4944 Spiri-

409 4974 499 5020 tus
530 4972 760 5021 sanctus
815 4965 1200 5036 immorigeros
1247 4973 1304 5020 et
1359 4965 1792 5036 inobsequentes
1854 4965 2002 5028 illos,

409 5059 673 5131 populum
705 5075 866 5116 suum
897 5075 995 5131 per
1027 5060 1389 5116 humanitatis
1423 5059 1872 5130 exsuperantiam
1903 5075 2006 5114 vo-

411 5155 579 5218 cavit,
611 5153 774 5210 docet
798 5154 1098 5222 neminem,
1121 5154 1214 5225 qui
1245 5170 1372 5209 vere
1403 5153 1641 5226 populus
1659 5151 1752 5208 Dei
1774 5155 1868 5218 sit,
1903 5151 2010 5224 ipsi

416 5255 872 5318 repugnaturum.
924 5245 1290 5314 Quamobrem
1356 5246 1860 5304 infertz—Vens.
1917 5246 2009 5302 16.

417 5337 634 5394 Inimici
663 5339 881 5396 Domini
907 5342 1114 5394 mentiti
1136 5352 1260 5395 sunt
1293 5341 1378 5400 ei;
1412 5341 1717 5396 secundum
1756 5338 2008 5412 Symma-

417 5431 580 5487 chum
613 5418 839 5490 autem}
877 5433 1167 5489 Dominum
1209 5450 1430 5488 exosum
1471 5433 1812 5505 faciunt,qui
1862 5449 2008 5488 men-

420 5526 630 5578 tiuntur
656 5528 779 5595 ipsi.
832 5527 1106 5600 Additque
1144 5548 1156 5582 :
1189 5527 1258 5582 Et
1301 5529 1401 5582 erit
1456 5538 1659 5596 tempus
1709 5543 1894 5581 eorum
1955 5527 2011 5580 in

420 5619 696 5674 saxulum.
729 5619 959 5678 Etiamsi
991 5622 1138 5678 enim
1185 5621 1315 5675 talia
1337 5621 1457 5678 ausi
1508 5620 1735 5686 fuerint,
1765 5628 2008 5676 attamen

420 5722 666 5778 praesens
693 5712 957 5765 saeculum
1007 5713 1356 5769 obtinebunt.
1393 5715 1459 5771 Et
1493 5717 1598 5770 hoc
1647 5728 1838 5769 eorum
1873 5722 2013 5768 temo

498 5864 534 5891 ’ἰ
584 5860 737 5915 llom.
777 5879 823 5926 ι,
861 5863 951 5917 Ἡ.
1031 5867 1074 5897 ³⁸
1115 5865 1259 5920 Psal.
1298 5884 1502 5935 L.\.\lll,
1548 5879 1590 5925 ι.

2106 4691 2155 4743 εί
2185 4689 2344 4759 ἔσχον
2377 4686 2577 4750 αὐτοὺς
2612 4685 2907 4758 ὑπηκόους,
2940 4683 3036 4738 καὶ
3066 4684 3117 4737 εἰ
3148 4684 3266 4745 ταῖς
3294 4681 3436 4743 ὁδοῖς
3471 4695 3575 4750 μου
3606 4670 3695 4740 αἷς

2104 4781 2440 4852 διεταξάμην
2469 4779 2654 4842 αὐτοῖς
2687 4776 3084 4850 ἐπορεύθησαν.
3108 4775 3223 4828 Νῦν
3249 4773 3307 4826 δὲ
3343 4773 3568 4844 ἀνήκοοι
3601 4768 3697 4823 καὶ

2106 4875 2355 4936 ἀπειθεῖς
2376 4871 2679 4943 γενόμενοι,
2712 4870 2866 4926 αὐτοὶ
2903 4869 3131 4931 ἑαυτοὺς
3169 4866 3399 4938 ἐχθροὺς
3422 4863 3518 4918 τοῦ
3559 4860 3698 4916 Θεοῦ

2113 4966 2482 5038 κατέστησαν.
2533 4961 2646 5018 Εἶτ’
2694 4962 2996 5034 ἐπειδήπερ
3049 4960 3178 5014 λαὸν
3235 4956 3403 5012 αὐτοῦ
3444 4956 3701 5027 ὠνόμασε

2114 5061 2238 5124 τοὺς
2275 5059 2518 5123 ἀπειθεῖς
2552 5058 2645 5112 καὶ
2697 5055 2961 5127 ἀνηκόους
3002 5053 3123 5109 καθ’
3169 5049 3476 5124 ὑπερϐολὴν
3516 5047 3704 5120 φιλαν-

2113 5154 2362 5226 θρωπίας
2391 5153 2452 5206 τὸ
2503 5151 2730 5223 Πνεῦμα
2765 5149 2827 5207 τὸ
2864 5149 3057 5218 ἅγιον,
3103 5145 3346 5201 διδάσκει
3396 5144 3481 5197 ὃτι
3529 5141 3705 5226 οὐδεὶς

2114 5225 2235 5316 Θεῷ
2261 5243 2579 5315 ἀπειθήσειε
2613 5240 2742 5303 λαὸς
2767 5237 2956 5292 αὐτοῦ.
2982 5235 3074 5290 Διὸ
3097 5233 3340 5302 ἐπιλέγει
3364 5247 3376 5261 ⁸
3405 5233 3469 5283 Oi
3499 5225 3704 5296 ἐχθροὶ

2114 5315 2336 5405 Κυρίου
2363 5335 2708 5404 ἐψεύσαντο
2753 5330 2916 5397 αὐτῷ
2935 5348 2948 5360 ·
2989 5327 3143 5385 κατὰ,
3161 5327 3218 5379 δὲ
3244 5325 3336 5378 τὸν
3368 5321 3668 5393 Σύμμαχον
3687 5333 3704 5349 ο

2113 5429 2434 5485 Μισοποιοὶ
2455 5429 2678 5496 Κυρίου
2705 5428 2759 5480 oi
2787 5421 3162 5494 ψευσάμενοι
3195 5414 3375 5481 αὐτῷ.
3395 5415 3508 5470 Καὶ
3530 5428 3706 5484 προσ‹⁵

2114 5523 2332 5596 τίθησιο
2365 5521 2477 5577 Καὶ
2508 5520 2681 5575 ἔσται
2707 5521 2740 5573 ό
2775 5516 2981 5585 καιρὸς
3013 5509 3215 5568 αὐτῶν
3243 5511 3332 5577 εὶς
3356 5506 3466 5561 τὸν
3496 5505 3708 5560 αιὼνα.

2117 5619 2181 5670 Εἰ
2202 5617 2312 5688 γὰρ
2340 5616 2434 5670 καὶ
2458 5612 2683 5670 τοιαῦτα
2711 5610 3132 5681 τετολμήκασιν,
3155 5605 3306 5674 ὅμως
3333 5601 3426 5657 τὸν
3462 5597 3712 5688 παρόντα

2119 5687 2293 5764 αἰῶνα
2316 5707 2518 5772 ἕξουσι.
2562 5705 2676 5760 Καὶ
2729 5696 2887 5764 οὗτος
2929 5702 3077 5753 ἐστιν
3115 5694 3296 5750 αὐτῶν
3327 5693 3356 5746 6
3386 5688 3599 5760 καιρὸς,
3649 5687 3710 5738 ὲν

1671 5875 1713 5903 9“
1759 5871 1902 5926 Ινδοὶ.
1943 5885 2131 5933 tum,
2175 5867 2257 5922 ιδ.
