4066 6394
382 354 488 414 881

1555 348 2065 407 COMMENTARIA
2105 347 2171 404 IN
2211 346 2550 405 PSALMOS}.

3559 347 3665 405 981

389 470 436 545 ᾧ
464 472 560 528 καὶ
604 469 746 542 μετὰ
776 467 1016 523 τοσαῦτα
1051 465 1502 537 πλημμελήματα
1532 464 1840 534 ἐψώμισεν
1871 465 1978 517 air-

2084 478 2187 533 pus
2215 469 2321 526 est,
2355 477 2466 532 quo
2499 467 2626 531 post
2665 466 2745 514 tot
2804 468 3063 530 tantaque
3113 461 3320 517 scelera
3353 459 3544 534 (Vens.
3573 461 3664 532 l7)

387 566 530 632 τοὺς
579 565 649 618 ἐκ
707 562 963 628 στέατος
1023 559 1238 630 πυροῦ,
1279 558 1380 612 καὶ
1430 558 1500 611 ἐκ
1563 555 1784 625 πέτρας
1834 555 1975 626 μέλι

384 660 719 729 ἐχόρτασεν
771 655 1011 721 αὐτούς.
1050 651 1210 706 Κατὰ
1248 650 1408 706 τοῦτο
1446 651 1503 704 δέ
1548 649 1786 722 ἐπλήρου
1849 666 1977 703 κατ-

263 758 279 768 ”
387 750 627 818 αξιὼσας
676 750 878 812 αὐτοὺς
918 749 1019 818 τῆς
1061 745 1272 808 οἰκείας
1307 744 1533 817 τροφῆς,
1589 743 1651 795 οὐ
1690 741 1850 813 μόνον
1877 741 1976 810 τῆς

389 840 732 913 σωματικῆς,
765 837 902 893 ἀλλὰ
935 838 1031 891 καὶ
1062 836 1163 907 τῆς
1211 833 1538 906 ἐπουρανίου
1589 832 1684 886 καὶ
1734 847 1977 900 πνευμα-

388 934 578 1004 τικῆς,
615 932 852 1005 ὁπηνίκα
887 930 1124 1002 πρώτοις
1156 929 1342 991 αὐτοῖς
1381 927 1648 998 ἐπεδήμει
1682 928 1711 980 ὁ
1741 924 1976 996 Χριστὸς

388 1024 482 1079 τοῦ
536 1023 695 1091 Θεοῦ,
730 1024 934 1097 τροφήν
991 1023 1176 1084 αὐτοῖς
1237 1021 1466 1091 παρεῖχε
1516 1018 1608 1072 τὸν
1652 1015 1976 1088 ἐποοράνιον

387 1119 555 1190 ἄρτον
587 1118 750 1182 αὐτὸς
785 1115 996 1170 ἐαυτόν.
1031 1114 1106 1167 Οὐ
1149 1113 1254 1185 μὴν
1281 1110 1419 1166 ἀλλὰ
1456 1110 1560 1164 καὶε
1577 1109 1852 1181 ἐψώμισεν
1881 1107 1977 1161 αὐ-

387 1213 516 1273 τοὺς
553 1214 617 1265 ἐκ
650 1213 812 1265 πέντε
860 1210 1041 1282 ἄρτων
1075 1203 1393 1279 παραδόξως
1439 1204 1533 1257 ἐπὶ
1588 1202 1686 1274 τῆς
1733 1202 1971 1273 ἐρήμουο

385 1305 581 1376 ὥσπερ
612 1303 782 1358 πάλαι
816 1301 906 1355 διὰ
926 1301 1174 1365 Μωσέως
1207 1299 1269 1352 τὸ
1309 1299 1498 1368 μάννα.
1539 1296 1661 1349 Ἔτι
1693 1294 1750 1348 δὲ
1787 1293 1884 1347 καὶ
1905 1292 1976 1346 ἐκ

386 1398 612 1467 πέτρας
639 1395 780 1466 μέλι
815 1395 1144 1464 ἐχόρτασεν
1174 1391 1428 1451 αὐτούς’
1468 1389 1644 1461 πέτρα
1681 1387 1737 1440 δέ
1774 1382 1842 1457 ἦν
1876 1384 1976 1440 αὐ-

385 1491 499 1556 τὸς,
533 1487 786 1561 χορηγῶν
839 1488 1021 1550 αὐτοῖς
1067 1485 1135 1539 τὰ
1177 1484 1360 1554 πάσης
1405 1481 1598 1554 ἡδονῆς
1647 1480 1743 1534 καὶ
1775 1476 1976 1542 παντὸς

389 1580 605 1652 μέλιτος
638 1577 948 1647 γλυκύτερα
999 1576 1297 1647 μαθήματα
1319 1614 1334 1640 ,
1371 1574 1498 1644 περὶ
1547 1566 1622 1626 ὧν
1661 1567 1728 1642 ἢν
1762 1569 1936 1623 εἰπεῖν
1959 1585 1972 1598 ·

399 1675 500 1738 Ὠς
523 1672 752 1742 γλυκέα
774 1670 847 1725 τὰ
872 1670 1047 1741 λόγιά
1089 1685 1206 1723 σου
1237 1666 1318 1733 τῷ
1357 1665 1620 1737 φάρυγγι
1649 1662 1807 1733 μου]
1824 1659 1977 1728 ὑπὲρ

381 1764 525 1836 μέλι
573 1762 654 1830 τῷ
693 1763 949 1833 στόματί
979 1780 1119 1832 μου.
1171 1760 1282 1814 Καὶ
1317 1759 1482 1813 πάλαι
1528 1757 1584 1810 δέ
1617 1755 1705 1809 διὰ
1731 1752 1977 1816 Μωσέως

2084 555 2278 610 cibavit
2293 572 2381 610 eos
2414 571 2481 609 ea:
2510 553 2663 623 adipe
2689 554 2966 622 frumenti,
2994 562 3044 608 et
3067 553 3311 624 de-petra
3337 554 3490 609 melle
3515 565 3666 610 satu-

2085 651 2222 703 ravit
2250 664 2361 702 eos.
2405 646 2563 702 Tunc
2592 661 2758 718 porro
2788 647 2916 702 illos
2943 646 3314 717 proprio-cibo
3342 649 3553 718 replere
3579 647 3666 703 di-

2083 749 2293 811 gnatus.
2313 749 2421 805 est,
2454 754 2566 795 non
2592 755 2860 811 corporeo
2891 740 3093 806 solum,
3124 739 3218 794 sed
3242 739 3409 794 etiam
3455 740 3666 796 caelesti

2083 841 2137 889 et
2155 833 2447 902 spirituali,
2471 848 2594 887 cum
2625 831 2694 886 ad
2714 833 2860 902 ipsos
2878 832 3086 903 primos
3109 830 3366 887 Christus
3387 830 3479 887 Dei
3509 848 3668 903 pere-

2085 927 2336 998 grinatus
2382 933 2466 981 est
2515 932 2681 997 atque
2724 925 2778 980 in
2820 925 3004 980 cibum
3055 925 3211 993 ipsis,
3241 924 3520 980 caelestem
3569 939 3668 994 pa~

2083 1033 2231 1083 nem,
2257 1017 2470 1073 scilicet
2498 1017 2765 1086 seipsum,
2792 1015 2960 1071 dedit.
3003 1013 3151 1081 Quin
3170 1016 3332 1070 etiam
3367 1013 3424 1068 in
3447 1013 3664 1069 deserto

2081 1125 2149 1165 ex
2169 1111 2412 1181 quinque
2440 1109 2674 1180 panibus
2703 1108 3029 1164 mirabiliter
3071 1107 3280 1164 cibavit
3335 1121 3467 1173 eos;
3522 1106 3666 1162 sicut

2082 1203 2212 1258 olim
2243 1217 2340 1273 per
2394 1201 2634 1273 Moysem
2673 1215 2875 1256 manna
2911 1199 3198 1271 impertiit.
3232 1197 3572 1269 lnsuperque
3601 1212 3670 1253 ea

2082 1305 2233 1366 petra
2262 1295 2416 1350 melle
2444 1294 2707 1349 saturavit
2760 1311 2848 1348 eos
2881 1310 2899 1348 :
2937 1301 3091 1364 petra
3144 1299 3328 1349 autem
3383 1292 3499 1361 ipse
3523 1298 3668 1356 erat,

2083 1387 2409 1458 disciplinas
2435 1403 2588 1454 suas,
2623 1386 2868 1457 qualibet
2917 1385 3197 1456 voluptate
3222 1399 3287 1439 ac
3339 1383 3498 1439 melle
3545 1382 3669 1438 dul-

2084 1483 2284 1546 ciores,
2312 1481 2448 1552 ipsis
2472 1481 2855 1553 suppeditans,
2891 1477 2959 1534 de
2990 1478 3194 1549 quibus
3234 1477 3420 1533 dicere
3449 1477 3613 1532 liceat
3648 1491 3666 1530 :

2086 1576 2260 1642 Quam
2291 1575 2473 1629 dulcia
2496 1573 2742 1643 faucibus
2795 1574 2924 1627 meis
2956 1572 3167 1643 eloquia
3213 1571 3346 1624 tua!
3379 1585 3538 1639 super
3562 1567 3668 1622 mel

2083 1667 2165 1722 ori
2194 1683 2306 1720 meo
2338 1666 2378 1720 ¹.
2407 1665 2548 1721 Olim
2580 1668 2712 1720 item
2767 1679 2864 1735 per
2908 1663 3144 1736 Moysem
3172 1679 3240 1720 ex
3278 1669 3430 1733 petra
3459 1661 3670 1732 potavit

2082 1774 2200 1816 eos.
2242 1759 2345 1816 Mel
2366 1767 2544 1814 autem
2577 1757 2646 1813 de
2679 1766 2854 1829 petra,
2885 1757 2977 1813 hic
3006 1772 3116 1812 non
3163 1757 3272 1811 alio
3299 1769 3464 1826 quam
3505 1752 3669 1808 intel-

385 1861 454 1912 ἐκ
480 1857 688 1931 πέτρας
713 1859 897 1922 αὐτοῖς
929 1858 1158 1929 παρεῖχε
1185 1854 1369 1908 ποτόν.
1402 1851 1534 1906 Μέλι
1559 1851 1619 1905 δέ
1651 1848 1887 1903 ἐνταῦθα
1917 1847 1978 1901 τὸ

2082 1849 2281 1923 ligendi
2333 1862 2488 1907 more
2538 1851 2830 1920 excipias:
2869 1848 3131 1920 quoniam
3179 1849 3299 1919 ipse
3335 1846 3550 1919 Moyses
3608 1846 3666 1900 in

385 1952 454 2004 ἐκ
495 1950 703 2022 πέτρας
740 1950 852 2003 οὐδ’
885 1949 1061 2014 ἄλλως
1114 1948 1148 2019 ἦ
1189 1946 1333 2000 κατὰ
1379 1945 1618 1999 διάνοιαν
1657 1940 1972 1996 ἐκδεκτέον·

384 2042 512 2094 ἐπεὶ
541 2042 635 2095 καὶ
661 2041 822 2105 αὐτὸς
858 2041 1062 2112 Μωσῆς
1099 2039 1196 2111 τὴν
1242 2037 1410 2109 αὐτὴν
1438 2036 1618 2106 τίθησι
1646 2031 1975 2107 μαρτυρίαν,

384 2132 563 2202 λέγων
593 2134 652 2186 ἐν
682 2132 892 2204 μεγάλῃ
927 2131 1070 2203 ᾠδῇ·
1109 2129 1454 2198 Ἐθήλασαν
1470 2127 1612 2198 μέλι
1636 2127 1706 2180 ἑκ
1733 2122 1974 2193 πέτρας,

384 2225 489 2281 καὶ
528 2225 736 2280 ἔλαιον
771 2225 842 2279 ἐκ
889 2222 1142 2293 στερεᾶς
1185 2222 1426 2291 πέτρας.
1455 2221 1635 2291 "Amp
1691 2217 1829 2290 πρὸς
1881 2216 1979 2288 μὲν

380 2313 550 2385 ψιλήν
573 2313 671 2386 τὴν
698 2314 846 2380 λέξιν
871 2315 971 2385 οὐχ
994 2313 1321 2384 ὑφέστηκεν,
1346 2307 1728 2383 ἁλληγορικῶς
1747 2309 1805 2362 δέ
1835 2305 1979 2361 κατὰ

387 2406 562 2478 μόνην
590 2405 686 2478 τὴν
707 2405 946 2459 διάνοιαν
968 2403 1313 2472 ἐξακούεται.
1345 2403 1517 2465 Αὐτὸς
1553 2401 1662 2471 γὰρ
1691 2401 1720 2453 ὁ
1744 2399 1979 2470 Χριστὸς

384 2501 647 2574 ή-πέτρα,
671 2500 844 2554 ταῦτα
866 2499 1045 2554 πάντα
1073 2498 1330 2570 παρέχων
1358 2497 1542 2559 αὐτοῖς
1573 2495 1661 2548 διὰ
1684 2493 1784 2563 τῆς
1813 2493 1978 2547 αὐτοῦ

385 2591 761 2657 διδασκαλίας,
785 2591 849 2644 οὐ
879 2588 1004 2644 καθ’
1032 2589 1092 2643 ὃν
1119 2588 1310 2660 χρόνον
1341 2586 1602 2657 ἐπεδήμει
1636 2583 1816 2655 μόνον,
1844 2580 1981 2635 ἀλλὰ

388 2685 488 2739 καὶ
515 2684 623 2755 πρὸ
647 2684 746 2755 τῆς
777 2684 1043 2754 ἐνσάρκου
1076 2681 1372 2752 ἐπιδημίας
1395 2677 1588 2732 αὐτοῦ’
1617 2677 1694 2740 ὼς
1723 2675 1783 2740 ἐξ
1809 2675 1980 2729 ᾶπαν-

387 2792 482 2838 τος
517 2775 715 2838 αὐτοὺς
743 2776 840 2844 μὲν
877 2771 1014 2828 εἶναι
1044 2772 1504 2843 ἀναπολογήτους,
1533 2767 1749 2822 δικαίαν
1791 2766 1846 2820 δὲ
1880 2764 1980 2837 τὴν

392 2863 488 2919 τοῦ
506 2865 640 2919 Θεοῦ
661 2866 842 2937 κρίσιν
873 2865 1012 2936 μετὰ
1039 2864 1106 2918 τὰ
1129 2863 1368 2917 τοσαῦτα
1390 2863 1489 2933 τὴν
1507 2858 1780 2930 ἀποϐολὴν
1801 2857 1980 2912 αὐτῶν

390 2957 795 3027 ἐργασαμένην.
831 2953 994 3008 Ἀλλὰ
1023 2953 1134 3026 γὰρ
1162 2952 1334 3006 ταῦτα
1373 2952 1520 3022 ἡμᾶς
1543 2950 1669 3014 τοὺς
1707 2948 1767 3016 ἐξ
1812 2947 1982 3002 ἐθνῶν

387 3049 484 3100 ἐπὶ
525 3047 626 3120 τὴν
658 3047 838 3102 ἔνθεον
891 3046 1212 3116 ὰγαλλίασιν
1243 3044 1332 3099 διὰ
1379 3043 1488 3099 τῶν
1521 3041 1753 3116 πρώτων
1785 3040 1984 3112 κεκλη-

391 3139 588 3210 μένους
612 3141 641 3194 ό
685 3139 843 3210 λόγος
882 3139 1122 3193 διδάσκει
1165 3135 1713 3209 προφυλαττομένους
1733 3175 1749 3201 ,
1793 3134 1868 3207 μή
1901 3150 1978 3205 πη

387 3234 504 3296 τοῖς
528 3233 736 3304 ὁμοίοις
772 3233 865 3286 καὶ
898 3231 1052 3287 αὐτοί
1081 3247 1214 3284 ποτε
1248 3228 1664 3301 περιπέσοιμεν.

778 3383 1071 3438 ΨΑΛΜΟΣ
1110 3383 1197 3453 Τῼ
1241 3383 1436 3436 ΑΣΑΦ.
1479 3381 1604 3434 IIA'.

470 3519 525 3570 '0
561 3518 704 3585 Θεὸς
743 3517 896 3586 ἔστη
945 3519 1016 3572 ὲν
1057 3516 1383 3588 συναγωγῇ
1412 3515 1582 3582 θεῶν,
1609 3517 1681 3570 ἐν
1705 3515 1874 3586 μέσῳ
1910 3516 1982 3572 δὲ

382 3609 564 3676 θεοὺς
592 3609 901 3679 διακρίνει.
919 3611 978 3663 ’0
1015 3610 1115 3681 μὲν
1139 3612 1244 3683 πρὸ
1271 3611 1463 3665 τούτου
1493 3611 1654 3678 λόγος
1681 3613 1991 3682 κατηγορεῖ-

382 3703 482 3758 τοῦ
515 3703 716 3768 παντὸς
753 3703 1024 3756 Ἰουδαίων
1054 3703 1206 3768 λαοῦ,
1235 3703 1423 3772 σαφῶς
1450 3702 1544 3756 τοῦ
1573 3701 1710 3756 Θεοῦ
1739 3705 1978 3772 φάσκον-

382 3811 513 3859 τοςο
564 3796 685 3848 οὐκ
716 3793 987 3863 ἤκουσεν
1026 3796 1059 3848 ὀ
1102 3795 1254 3859 λαός
1289 3811 1411 3863 μου
1454 3792 1566 3861 τῆς
1598 3791 1807 3862 φωνῆς
1831 3811 1974 3863 μου,

384 3887 488 3943 καί
531 3886 770 3955 Ἰσραὴλ
807 3887 880 3940 οὐ
913 3884 1221 3955 προσέσχε
1263 3902 1385 3954 μοι.
1428 3883 1540 3937 Καί
1577 3882 1980 3949 ἐξαπέστειλα

382 3977 612 4044 αὐτοὺς
634 3977 784 4031 κατὰ
819 3976 891 4032 τὰ
941 3975 1380 4045 ἐπιτηδεύματα
1415 3974 1528 4044 τῆς
1575 3973 1827 4043 καρδίας
1871 3975 1978 4028 αὐ-

381 4069 537 4126 τῶν
597 4070 692 4124 καὶ
731 4069 932 4124 πάλινο
983 4070 1056 4123 Et
1109 4071 1141 4122 ὁ
1194 4070 1345 4135 λαός
1383 4086 1498 4136 μου
1542 4067 1791 4134 ἢκουσέ·
1817 4085 1976 4139 μου,

396 4162 642 4232 Ἰσραὴλ
668 4162 796 4230 ταῖς
822 4161 984 4229 ὁδοῖς
1003 4180 1122 4254 μρυ
1151 4164 1204 4216 εὶ
1232 4163 1548 4238 ἐπορεύθη*
1581 4161 1744 4229 ἐντῷ
1761 4161 1978 4232 μηδενὶ

381 4257 464 4312 ἂν
511 4257 654 4322 τοὺς
699 4257 951 4327 ἐχθροὺς
992 4253 1192 4310 αὐτῶν
1232 4254 1639 4308 ἐταπείνωσαο
1683 4256 1711 4308 ὁ
1756 4254 1814 4307 δέ
1843 4253 1982 4324 μετὰ

381 4349 575 4421 χεῖρας
627 4348 936 4413 ἀκολούθως
981 4348 1210 4411 ἐκείνοις
1253 4345 1362 4401 τῶν
1410 4347 1689 4419 προέδρων
1720 4344 1814 4400 τοῦ
1847 4344 1991 4400 λαοῦ·

381 4439 719 4510 κατηγορεῖ·
768 4437 846 4502 ὡς
878 4438 1016 4510 πρὸς
1060 4438 1295 4510 ἄρχοντα
1336 4436 1467 4506 γοῦν
1495 4437 1588 4490 καὶ
1615 4436 1808 4508 κριτὰς
1841 4438 1980 4490 ἀπο-

380 4533 623 4586 τείνεται
673 4530 852 4599 λέγων
875 4547 890 4561 ·
929 4531 1082 4597 Ἕως
1120 4533 1266 4585 πότε
1307 4532 1540 4600 κρίνετε
1580 4529 1840 4592 ἀδικίαν,
1880 4528 1979 4584 καὶ

381 4625 681 4694 πρόσωπα
713 4620 1079 4692 ἁμαρτωλῶν
1113 4621 1447 4692 λαμϐάνετε
1465 4640 1490 4687 ;-
1540 4623 1794 4691 Κρίνατε
1825 4633 1978 4675 πτων

380 4715 500 4787 χόν
543 4713 644 4768 καὶ
686 4713 991 4779 ταπεινὸν,
1021 4715 1287 4784 ὀρφανὸν
1317 4715 1415 4768 καὶ
1465 4713 1706 4781 πένητα
1741 4712 1977 4767 δικαιώ-

378 4825 553 4863 σατε.
591 4805 726 4863 Εἶτα
767 4806 1011 4876 ἐπιλέγει
1031 4825 1046 4841 ο
1095 4806 1237 4878 Ἐγὼ
1268 4808 1442 4862 ταῦτα
1490 4805 1937 4880 παρεκελευόμην
1959 4822 1973 4836 ·

378 4899 432 4951 οἱ
465 4896 522 4949 δὲ
547 4899 661 4951 οὐκ
697 4896 974 4968 ἐντωσαν
997 4896 1141 4951 οὐδὲ
1173 4897 1476 4967 συνῆκαν,
1521 4899 1591 4952 ὲν
1616 4899 1821 4952 σκότει
1847 4897 1974 4951 δια-

379 4990 762 5057 πορεύονται.
790 4989 959 5055 Θεοὺς
985 4990 1043 5042 δὲ
1075 4990 1274 5053 αὐτοὺς
1302 4990 1589 5054 ἀποκαλεῖ,
1621 4991 1740 5062 ήτοι
1757 4989 1845 5044 διὰ
1875 4990 1974 5062 τὴν

377 5079 553 5154 τιμὴν
580 5082 646 5154 ήν
679 5082 954 5154 ἀπένεμεν
987 5083 1172 5148 αὐτοῖς
1201 5085 1230 5137 ὁ
1253 5083 1382 5148 λαός
1401 5103 1412 5116 ·
1463 5084 1605 5138 οὕτω
1640 5085 1779 5154 μετὰ
1825 5084 1977 5138 πλεί-

379 5189 514 5227 στου
549 5173 713 5243 φόσου
739 5177 836 5228 καὶ
863 5175 1031 5246 τιμῆς
1060 5174 1298 5247 προσιὼν
1333 5176 1522 5240 αὐτοῖς
1547 5176 1679 5228 ὡσεὶ
1701 5176 1794 5230 καὶ
1825 5176 1976 5248 αὐτῷ

376 5265 460 5336 τῷ
495 5261 648 5337 Θεῷ’
694 5265 728 5337 ἢ
775 5267 1073 5339 ἐπειδήπερ
1105 5266 1286 5340 χώραν
1332 5267 1466 5345 Θεοῦ
1506 5269 1724 5339 ἐπεῖχον
1754 5267 1816 5320 τὸ
1853 5270 1978 5341 κρί-

375 5374 496 5413 νειν
521 5357 961 5430 ἁναδεδεγμένοι,
996 5360 1317 5424 κολάζοντές
1351 5377 1412 5412 τε
1450 5361 1545 5415 καὶ
1575 5359 1976 5432 τιμωρούμενοι

377 5452 515 5514 τοὺς
543 5447 868 5515 ἀδικοῦντας
902 5450 1043 5505 κατὰ
1071 5451 1162 5504 τὸν
1197 5454 1325 5524 παρ’
1360 5453 1546 5515 αὐτοῖς
1582 5451 1745 5523 νόμον
1765 5470 1777 5482 ·
1809 5452 1842 5524 ἢ
1890 5453 1976 5508 διὰ

375 5541 440 5596 τὺ
467 5539 799 5612 τετιμῆσθαι
828 5541 1026 5606 αὐτοὺς
1051 5542 1158 5595 ὑπὸ
1185 5542 1280 5595 τοῦ
1315 5541 1448 5595 Θεοῦ
1476 5542 1554 5614 τῷ
1577 5542 1679 5613 τῆς
1707 5543 2000 5610 υἱοθεσίας

377 5631 612 5702 ὀνόματι
632 5673 646 5698 ,
673 5632 749 5696 ὡς
782 5631 1035 5702 λέγεσθαι
1061 5633 1189 5706 περὶ
1216 5633 1396 5687 αὐτῶν
1417 5649 1431 5664 ·
1471 5633 1640 5699 Υίοὺς
1673 5632 1986 5706 ἐγέννησα·

461 5787 478 5818 ¹
521 5785 665 5844 Psal.
702 5804 872 5845 cxvm
899 5829 912 5855 ,
950 5791 1071 5847 103.
1148 5794 1168 5824 ¹
1207 5789 1363 5847 Deut.
1403 5806 1588 5858 xxxii,
1631 5792 1714 5848 l8.

2004 3214 2051 3278 C

2079 1958 2278 2015 magno
2307 1944 2527 1998 cantico
2555 1943 2698 1998 idem
2733 1941 3109 1998 testimonium
3162 1939 3371 2013 profert
3420 1939 3614 1995 dicens
3648 1953 3665 1992 :

2080 2035 2369 2096 Sameram.
2391 2035 2496 2090 mel
2539 2035 2602 2089 de
2634 2046 2808 2106 petra,
2849 2044 2900 2089 et
2948 2035 3123 2089 oleum
3171 2048 3238 2088 ea:
3266 2033 3402 2088 duro
3443 2047 3576 2086 saxo
3618 2032 3662 2086 ⁸.

2079 2129 2212 2196 Quae
2244 2129 2465 2200 quidem
2501 2144 2612 2185 non
2647 2129 2952 2185 secundum
2986 2129 3190 2184 nudam
3220 2128 3513 2184 lectionem
3535 2141 3667 2183 eve-

2080 2231 2317 2290 nerunt;
2352 2221 2448 2280 sed
2473 2221 2770 2293 allegorice
2793 2221 2972 2276 solum
3006 2228 3062 2277 et
3083 2219 3364 2292 cogitandi
3395 2219 3561 2275 modo
3582 2218 3671 2276 in-

2081 2316 2421 2385 telliguntur.
2458 2315 2594 2370 Nam
2632 2315 2750 2386 ipse
2771 2314 3030 2372 Christus
3084 2323 3240 2387 petra
3265 2325 3368 2378 est,
3403 2313 3497 2385 qui
3551 2313 3670 2370 hac

2080 2410 2266 2464 omnia
2302 2407 2411 2463 illis
2437 2423 2534 2478 per
2560 2407 2870 2463 doctrinam
2897 2422 3052 2463 suam
3079 2407 3441 2476 impertiebat,
3466 2422 3576 2462 non
3602 2423 3668 2461 eo

2081 2502 2258 2558 solum
2289 2509 2537 2571 tempore
2568 2516 2681 2570 quo
2707 2501 3182 2571 peregrinabatur,
3219 2498 3316 2555 sed
3339 2500 3503 2555 etiam
3541 2507 3669 2554 ante

2081 2592 2358 2648 carnalem
2419 2607 2579 2646 suum
2633 2593 2966 2660 adventum;
3027 2591 3102 2646 ita
3157 2598 3218 2646 ut
3265 2590 3372 2662 ipsi
3437 2606 3670 2662 prorsus

2083 2682 2522 2746 inexcusabiles;
2573 2681 2670 2737 Dei
2723 2697 2857 2738 vero
2908 2681 3203 2752 judicium,
3257 2695 3369 2752 quo
3416 2681 3522 2736 sub
3553 2681 3670 2736 haec

2081 2771 2233 2842 ipsos
2264 2771 2596 2841 repudiavit,
2624 2772 2837 2840 justum
2878 2771 2972 2827 sit.
3017 2769 3289 2827 Caeterum
3342 2771 3458 2827 haec
3509 2769 3671 2826 nobis

2083 2862 2178 2932 qui
2235 2877 2302 2917 ex
2357 2863 2612 2933 gentibus
2668 2862 2739 2918 ad
2792 2862 3034 2918 divinam
3092 2863 3520 2919 exsultationem
3571 2875 3672 2932 per

2083 2957 2270 3027 priora
2293 2956 2463 3010 verba
2487 2955 2668 3010 vocati
2698 2970 2912 3020 sumus,
2943 2955 3008 3010 ad
3037 2956 3307 3012 cautelam
3334 2956 3680 3022 traduntur,

2084 3064 2154 3105 ne
2185 3049 2242 3106 in
2268 3048 2421 3120 paria
2453 3048 2559 3121 ipsi
2589 3063 2810 3121 quoque
2841 3049 3158 3106 incidamus

2312 3386 2366 3442 i.
2400 3384 2726 3444 PSALMUS
2756 3384 2890 3443 IPSl
2920 3385 3169 3444 ASAPH.
3213 3384 3454 3446 LXXXI.

2155 3521 2296 3577 Deus
2327 3524 2478 3578 stetit
2503 3524 2559 3577 in
2587 3539 2860 3595 synagoga
2900 3523 3139 3587 deorum,
3189 3523 3245 3576 in
3282 3521 3456 3575 medio
3493 3529 3671 3575 autem

2081 3614 2206 3669 deos
2235 3615 2521 3685 dijudicat.
2555 3615 2663 3682 Qui
2707 3616 2855 3670 hunc
2888 3614 3145 3686 praecedit
3169 3629 3352 3669 sermo
3373 3621 3547 3667 totum
3572 3611 3673 3668 Ju-

2082 3705 2326 3761 daeorum
2373 3707 2638 3778 populum
2699 3706 2918 3763 incusat
2950 3727 2962 3762 :
2999 3722 3124 3761 nam
3168 3705 3242 3764 ibi
3271 3694 3442 3762 'Dcus
3485 3715 3673 3776 aperte

2082 3797 2218 3852 dicit
2251 3816 2264 3853 :
2295 3796 2419 3853 Non
2470 3799 2677 3854 audivit
2727 3799 2953 3868 populus
2982 3816 3128 3854 meus
3170 3815 3344 3854 vocem
3383 3815 3575 3864 meam,
3621 3806 3673 3852 et

2084 3889 2260 3944 Israel
2310 3905 2413 3944 non
2460 3891 2689 3944 intendit
2725 3891 2876 3945 mihi.
2933 3890 3004 3944 Et
3053 3891 3235 3945 dimisi
3265 3909 3352 3946 eos
3385 3891 3672 3945 secundum

2083 3980 2351 4034 desideria
2381 3980 2558 4034 cordis
2613 3997 2840 4044 eorum;
2905 3996 2970 4036 ac
3020 3998 3241 4037 rursum
3281 3999 3294 4034 :
3341 3981 3400 4036 Si
3444 3981 3672 4052 populus

2085 4088 2232 4127 meus
2263 4071 2500 4127 audisset
2536 4089 2636 4140 me,
2663 4071 2838 4127 Israel
2859 4075 2905 4128 si
2941 4075 2997 4127 in
3019 4075 3117 4128 viis
3161 4076 3292 4128 meis
3323 4073 3670 4141 ambulasset,

2083 4178 2179 4232 pro
2223 4163 2392 4218 nihilo
2433 4163 2669 4233 forsitan
2711 4165 2959 4218 inimicos
3008 4181 3193 4219 eorum
3241 4165 3610 4222 humiliassem
3651 4184 3670 4221 :

2084 4252 2175 4308 hic
2206 4267 2339 4309 vero
2373 4254 2624 4324 psalmus
2655 4263 3060 4325 consequenter
3085 4256 3153 4311 ad
3186 4255 3278 4310 illa
3313 4257 3497 4327 populi
3528 4274 3670 4328 prae-

2085 4343 2234 4402 sides
2266 4353 2513 4409 accusat,
2543 4346 2848 4417 principem
2879 4349 3026 4402 enim
3059 4356 3112 4402 et
3134 4347 3351 4416 judiccs
3375 4349 3672 4418 compellat

2086 4438 2172 4494 his
2199 4438 2382 4493 verbis
2425 4453 2438 4489 :
2479 4436 2756 4509 Usquequo
2795 4440 3061 4509 judicatis
3104 4441 3464 4511 iniquitatem,
3504 4451 3553 4496 et
3587 4444 3676 4512 [au

2087 4534 2191 4586 cies
2215 4540 2554 4602 peccatorum
2605 4532 2861 4607 sumitis?
2884 4533 3128 4602 ju-dicate
3165 4550 3448 4604 pauperem
3489 4543 3542 4589 et
3575 4535 3675 4588 hu-

2085 4624 2285 4689 milem,
2313 4621 2578 4694 pupillum
2623 4633 2672 4676 et
2700 4623 2907 4698 inopem
2927 4625 3242 4694 justiﬁcate.
3295 4625 3500 4681 Deinde
3537 4628 3674 4682 sub-

2081 4715 2211 4772 d'it:
2262 4713 2390 4770 Haec
2449 4731 2550 4786 ego
2599 4716 3010 4786 praecipiebant,
3061 4717 3140 4771 illi
3188 4733 3317 4773 vero
3347 4719 3670 4783 nescierunt,

2083 4824 2245 4878 neque
2275 4807 2672 4875 intellexerunt,
2702 4808 2762 4861 in.
2801 4808 3026 4862 tenebris
3075 4807 3373 4865 ambulant.
3411 4809 3554 4868 Deos
3578 4828 3668 4866 au-

2082 4909 2193 4956 tem
2233 4909 2394 4957 vocat
2423 4916 2542 4966 eos,
2569 4901 2686 4956 sive
2716 4901 2943 4957 honoris
2976 4917 3086 4972 quo
3115 4903 3354 4974 p0pulus
3401 4903 3554 4975 ipsos
3589 4903 3676 4957 af-

2083 4993 2301 5049 ﬁciebat
2328 5008 2519 5058 causa,
2552 5009 2677 5050 cum
2715 4993 2911 5049 timore
2942 5001 3108 5064 atque
3132 4995 3486 5051 veneratione
3520 4997 3673 5065 ipsos

2085 5084 2314 5155 perinde
2345 5095 2511 5156 atque
2559 5086 2731 5142 Deum
2765 5086 2994 5154 adiens;
3028 5088 3145 5142 sive
3172 5087 3303 5158 quia
3355 5087 3536 5142 locum
3576 5084 3674 5140 Dei

2083 5188 2439 5247 occuparent.
2493 5171 2784 5249 iudicandi
2837 5194 3065 5235 munere
3113 5190 3392 5250 suscepto,
3451 5180 3671 5251 iniquos

2086 5267 2390 5322 secundum
2416 5269 2590 5341 legem
2623 5269 2726 5323 sibi
2766 5268 3023 5322 traditam
3073 5269 3344 5339 supplicio
3381 5269 3669 5341 paenisque

2086 5358 2434 5428 allicientes;
2496 5362 2582 5417 vel
2632 5363 2757 5432 quia
2821 5375 2852 5416 a
2914 5359 3027 5417 Deo
3091 5361 3401 5432 adoptionis
3447 5362 3670 5417 nomine

2083 5453 2334 5508 exornati
2367 5463 2530 5521 sunt;
2567 5455 2641 5508 ita
2673 5461 2732 5508 ut
2758 5453 2825 5510 de
2848 5454 2984 5524 ipsis
3034 5454 3253 5510 dicatur
3276 5473 3288 5508 :
3310 5452 3483 5508 Filios
3512 5454 3670 5525 genui

2083 5556 2132 5600 et
2159 5547 2425 5612 exaltari;
2449 5547 2534 5601 vel
2561 5547 2690 5618 quia
2714 5547 2781 5602 ad
2817 5547 3109 5618 imaginem
3155 5555 3210 5601 ct
3255 5545 3669 5602 similitudinem

2084 5633 2200 5701 Dei,
2237 5651 2333 5707 per
2353 5636 2696 5707 spiritualem
2721 5645 2776 5693 et
2804 5637 3186 5694 rationabilem
3238 5638 3384 5692 illam
3408 5638 3462 5692 in
3495 5637 3684 5691 homio.
