  <div class='ocr_page' id='page_1' title='image "/cluster/home/n/w/nwhite01/storage/ocr_20150623/23:no.5/coo.31924054873033/507.png"; bbox 0 0 4066 6394; ppageno 0'>
   <div class='ocr_carea' id='block_1_1' title="bbox 399 300 507 366">
    <p class='ocr_par' dir='ltr' id='par_1_1' title="bbox 399 300 507 366">
     <span class='ocr_line' id='line_1_1' title="bbox 399 300 507 366; baseline 0.065 -7"><span class='ocrx_word' id='word_1_1' title='bbox 399 300 507 366; x_wconf 73' lang='lat'><strong>933</strong></span> 
     </span>
    </p>
   </div>
   <div class='ocr_carea' id='block_1_2' title="bbox 1128 311 1957 390">
    <p class='ocr_par' dir='ltr' id='par_1_2' title="bbox 1128 311 1957 375">
     <span class='ocr_line' id='line_1_2' title="bbox 1128 311 1957 375; baseline 0.012 -10"><span class='ocrx_word' id='word_1_2' title='bbox 1128 311 1398 368; x_wconf 82' lang='lat' dir='ltr'><strong>EUSEBII</strong></span> <span class='ocrx_word' id='word_1_3' title='bbox 1434 315 1915 375; x_wconf 66' lang='grc' dir='ltr'><strong>(ΣιΕδΑῐίΙΕΝδιὸ</strong></span> <span class='ocrx_word' id='word_1_4' title='bbox 1954 333 1957 364; x_wconf 63' lang='lat'><strong><em>4</em></strong></span> 
     </span>
    </p>
   </div>
   <div class='ocr_carea' id='block_1_3' title="bbox 2057 311 2978 390">
    <p class='ocr_par' dir='ltr' id='par_1_3' title="bbox 2057 325 2978 390">
     <span class='ocr_line' id='line_1_3' title="bbox 2057 325 2978 390; baseline 0.014 -14"><span class='ocrx_word' id='word_1_5' title='bbox 2057 325 2100 377; x_wconf 82' lang='grc' dir='ltr'>Ρ.</span> <span class='ocrx_word' id='word_1_6' title='bbox 2147 325 2326 382; x_wconf 69' lang='lat' dir='ltr'><strong>PARS</strong></span> <span class='ocrx_word' id='word_1_7' title='bbox 2359 326 2530 381; x_wconf 75' lang='lat' dir='ltr'><strong>lll—</strong></span> <span class='ocrx_word' id='word_1_8' title='bbox 2567 330 2978 390; x_wconf 67' lang='lat' dir='ltr'><strong>EXEGETICA.</strong></span> 
     </span>
    </p>
   </div>
   <div class='ocr_carea' id='block_1_4' title="bbox 3551 342 3652 396">
    <p class='ocr_par' dir='ltr' id='par_1_4' title="bbox 3551 342 3652 396">
     <span class='ocr_line' id='line_1_4' title="bbox 3551 342 3652 396; baseline 0 0"><span class='ocrx_word' id='word_1_9' title='bbox 3551 342 3652 396; x_wconf 76' lang='grc'><strong>981</strong></span> 
     </span>
    </p>
   </div>
   <div class='ocr_carea' id='block_1_5' title="bbox 395 425 1957 527">
    <p class='ocr_par' dir='ltr' id='par_1_5' title="bbox 395 425 1957 512">
     <span class='ocr_line' id='line_1_5' title="bbox 395 425 1957 512; baseline 0.01 -32"><span class='ocrx_word' id='word_1_10' title='bbox 395 425 562 481; x_wconf 80' lang='lat' dir='ltr'><strong>nibus</strong></span> <span class='ocrx_word' id='word_1_11' title='bbox 611 426 1011 496; x_wconf 78' lang='lat' dir='ltr'><strong>substantiam,</strong></span> <span class='ocrx_word' id='word_1_12' title='bbox 1064 430 1238 487; x_wconf 77' lang='lat' dir='ltr'><strong>clTecti</strong></span> <span class='ocrx_word' id='word_1_13' title='bbox 1297 443 1452 490; x_wconf 87' lang='lat' dir='ltr'><strong>sunt.</strong></span> <span class='ocrx_word' id='word_1_14' title='bbox 1507 435 1565 490; x_wconf 89' lang='lat' dir='ltr'><strong>In</strong></span> <span class='ocrx_word' id='word_1_15' title='bbox 1635 437 1740 494; x_wconf 89' lang='lat' dir='ltr'><strong>hoc</strong></span> <span class='ocrx_word' id='word_1_16' title='bbox 1789 442 1957 512; x_wconf 63' lang='lat' dir='ltr'><strong>itaque</strong></span> 
     </span>
    </p>
   </div>
   <div class='ocr_carea' id='block_1_6' title="bbox 2057 425 3656 527">
    <p class='ocr_par' dir='ltr' id='par_1_6' title="bbox 2076 447 3656 527">
     <span class='ocr_line' id='line_1_6' title="bbox 2076 447 3656 527; baseline 0.008 -28"><span class='ocrx_word' id='word_1_17' title='bbox 2076 447 2173 500; x_wconf 79' lang='grc' dir='ltr'>καὶ</span> <span class='ocrx_word' id='word_1_18' title='bbox 2201 447 2447 516; x_wconf 70' lang='grc' dir='ltr'>ὕψωσα·</span> <span class='ocrx_word' id='word_1_19' title='bbox 2478 449 2511 521; x_wconf 80' lang='grc' dir='ltr'>ἢ</span> <span class='ocrx_word' id='word_1_20' title='bbox 2545 450 2635 504; x_wconf 81' lang='grc' dir='ltr'>διὰ</span> <span class='ocrx_word' id='word_1_21' title='bbox 2658 452 2720 505; x_wconf 82' lang='grc' dir='ltr'>τὸ</span> <span class='ocrx_word' id='word_1_22' title='bbox 2752 453 2876 506; x_wconf 80' lang='grc' dir='ltr'>κατ’</span> <span class='ocrx_word' id='word_1_23' title='bbox 2899 454 3084 508; x_wconf 60' lang='grc' dir='ltr'>είκόνα</span> <span class='ocrx_word' id='word_1_24' title='bbox 3109 456 3201 508; x_wconf 74' lang='grc' dir='ltr'><strong>καὶ</strong></span> <span class='ocrx_word' id='word_1_25' title='bbox 3231 456 3490 527; x_wconf 84' lang='grc' dir='ltr'>ὁμοίωσιν</span> <span class='ocrx_word' id='word_1_26' title='bbox 3516 457 3656 514; x_wconf 74' lang='grc' dir='ltr'>Θεοῦ</span> 
     </span>
    </p>
   </div>
   <div class='ocr_carea' id='block_1_7' title="bbox 399 519 1974 600">
    <p class='ocr_par' dir='ltr' id='par_1_7' title="bbox 399 519 1974 600">
     <span class='ocr_line' id='line_1_7' title="bbox 399 519 1974 600; baseline 0.011 -28"><span class='ocrx_word' id='word_1_27' title='bbox 399 519 611 588; x_wconf 82' lang='lat' dir='ltr'><strong>psalmo</strong></span> <span class='ocrx_word' id='word_1_28' title='bbox 653 520 840 574; x_wconf 73' lang='lat' dir='ltr'><strong>Statim</strong></span> <span class='ocrx_word' id='word_1_29' title='bbox 885 530 1009 592; x_wconf 89' lang='lat' dir='ltr'><strong>post</strong></span> <span class='ocrx_word' id='word_1_30' title='bbox 1051 525 1332 594; x_wconf 71' lang='lat' dir='ltr'><strong>praedicta,</strong></span> <span class='ocrx_word' id='word_1_31' title='bbox 1375 544 1474 584; x_wconf 88' lang='lat' dir='ltr'><strong>eos</strong></span> <span class='ocrx_word' id='word_1_32' title='bbox 1513 531 1608 600; x_wconf 90' lang='lat' dir='ltr'><strong>qui</strong></span> <span class='ocrx_word' id='word_1_33' title='bbox 1641 545 1974 590; x_wconf 72' lang='lat' dir='ltr'><strong>accusantur</strong></span> 
     </span>
    </p>
   </div>
   <div class='ocr_carea' id='block_1_8' title="bbox 395 609 1972 692">
    <p class='ocr_par' dir='ltr' id='par_1_8' title="bbox 395 609 1972 692">
     <span class='ocr_line' id='line_1_8' title="bbox 395 609 1972 692; baseline 0.011 -29"><span class='ocrx_word' id='word_1_34' title='bbox 395 611 483 664; x_wconf 78' lang='lat' dir='ltr'><strong>his</strong></span> <span class='ocrx_word' id='word_1_35' title='bbox 523 609 722 665; x_wconf 84' lang='lat' dir='ltr'><strong>ali&#39;atur</strong></span> <span class='ocrx_word' id='word_1_36' title='bbox 749 627 761 663; x_wconf 89' lang='lat'><strong>:</strong></span> <span class='ocrx_word' id='word_1_37' title='bbox 788 611 902 680; x_wconf 77' lang='lat' dir='ltr'><strong>Ego</strong></span> <span class='ocrx_word' id='word_1_38' title='bbox 929 614 1044 668; x_wconf 75' lang='lat' dir='ltr'><strong>dixi</strong></span> <span class='ocrx_word' id='word_1_39' title='bbox 1071 632 1089 668; x_wconf 90' lang='lat'><em>:</em></span> <span class='ocrx_word' id='word_1_40' title='bbox 1129 616 1222 672; x_wconf 88' lang='lat' dir='ltr'><strong>Dii</strong></span> <span class='ocrx_word' id='word_1_41' title='bbox 1271 622 1399 675; x_wconf 87' lang='lat' dir='ltr'><strong>estis</strong></span> <span class='ocrx_word' id='word_1_42' title='bbox 1453 631 1505 676; x_wconf 86' lang='lat' dir='ltr'><strong>et</strong></span> <span class='ocrx_word' id='word_1_43' title='bbox 1555 622 1662 692; x_wconf 72' lang='lat' dir='ltr'><strong>ﬁlii</strong></span> <span class='ocrx_word' id='word_1_44' title='bbox 1706 626 1972 682; x_wconf 74' lang='lat' dir='ltr'><strong>Altissimi</strong></span> 
     </span>
    </p>
   </div>
   <div class='ocr_carea' id='block_1_9' title="bbox 393 699 1971 779">
    <p class='ocr_par' dir='ltr' id='par_1_9' title="bbox 393 699 1971 779">
     <span class='ocr_line' id='line_1_9' title="bbox 393 699 1971 779; baseline 0.013 -26"><span class='ocrx_word' id='word_1_45' title='bbox 393 716 590 755; x_wconf 82' lang='lat' dir='ltr'><strong>omnes.</strong></span> <span class='ocrx_word' id='word_1_46' title='bbox 657 699 758 755; x_wconf 80' lang='lat' dir='ltr'><strong>Vos</strong></span> <span class='ocrx_word' id='word_1_47' title='bbox 809 713 988 758; x_wconf 86' lang='lat' dir='ltr'><strong>autem</strong></span> <span class='ocrx_word' id='word_1_48' title='bbox 1042 707 1178 761; x_wconf 91' lang='lat' dir='ltr'><strong>sicut</strong></span> <span class='ocrx_word' id='word_1_49' title='bbox 1226 711 1462 766; x_wconf 80' lang='lat' dir='ltr'><strong>homines</strong></span> <span class='ocrx_word' id='word_1_50' title='bbox 1514 714 1814 769; x_wconf 73' lang='lat' dir='ltr'><strong>moriemini</strong></span> <span class='ocrx_word' id='word_1_51' title='bbox 1844 757 1858 779; x_wconf 84' lang='lat'><strong>,</strong></span> <span class='ocrx_word' id='word_1_52' title='bbox 1920 731 1971 773; x_wconf 86' lang='lat' dir='ltr'><strong>et</strong></span> 
     </span>
    </p>
   </div>
   <div class='ocr_carea' id='block_1_10' title="bbox 389 792 1971 868">
    <p class='ocr_par' dir='ltr' id='par_1_10' title="bbox 389 792 1971 868">
     <span class='ocr_line' id='line_1_10' title="bbox 389 792 1971 868; baseline 0.013 -24"><span class='ocrx_word' id='word_1_53' title='bbox 389 792 527 844; x_wconf 88' lang='lat' dir='ltr'><strong>sicut</strong></span> <span class='ocrx_word' id='word_1_54' title='bbox 590 808 727 846; x_wconf 87' lang='lat' dir='ltr'><strong>unus</strong></span> <span class='ocrx_word' id='word_1_55' title='bbox 778 809 844 848; x_wconf 81' lang='lat' dir='ltr'><strong>ea:</strong></span> <span class='ocrx_word' id='word_1_56' title='bbox 889 797 1216 868; x_wconf 74' lang='lat' dir='ltr'><strong>principibus</strong></span> <span class='ocrx_word' id='word_1_57' title='bbox 1279 803 1499 858; x_wconf 89' lang='lat' dir='ltr'><strong>cadetis.</strong></span> <span class='ocrx_word' id='word_1_58' title='bbox 1556 804 1820 864; x_wconf 62' lang='lat' dir='ltr'><strong>Praasides</strong></span> <span class='ocrx_word' id='word_1_59' title='bbox 1870 810 1971 864; x_wconf 89' lang='lat' dir='ltr'><strong>ita-</strong></span> 
     </span>
    </p>
   </div>
   <div class='ocr_carea' id='block_1_11' title="bbox 391 883 1972 954">
    <p class='ocr_par' dir='ltr' id='par_1_11' title="bbox 391 883 1972 954">
     <span class='ocr_line' id='line_1_11' title="bbox 391 883 1972 954; baseline 0.014 -21"><span class='ocrx_word' id='word_1_60' title='bbox 391 895 498 949; x_wconf 82' lang='lat' dir='ltr'><strong>que</strong></span> <span class='ocrx_word' id='word_1_61' title='bbox 545 883 755 952; x_wconf 83' lang='lat' dir='ltr'><strong>populi,</strong></span> <span class='ocrx_word' id='word_1_62' title='bbox 787 885 1103 944; x_wconf 82' lang='lat' dir='ltr'><strong>sacerdotes</strong></span> <span class='ocrx_word' id='word_1_63' title='bbox 1157 889 1409 947; x_wconf 82' lang='lat' dir='ltr'><strong>videlicet</strong></span> <span class='ocrx_word' id='word_1_64' title='bbox 1442 906 1501 950; x_wconf 71' lang='lat' dir='ltr'><strong>es</strong></span> <span class='ocrx_word' id='word_1_65' title='bbox 1554 895 1830 954; x_wconf 85' lang='lat' dir='ltr'><strong>antistites</strong></span> <span class='ocrx_word' id='word_1_66' title='bbox 1881 915 1972 954; x_wconf 85' lang='lat' dir='ltr'><strong>sa-</strong></span> 
     </span>
    </p>
   </div>
   <div class='ocr_carea' id='block_1_12' title="bbox 388 976 1977 1054">
    <p class='ocr_par' dir='ltr' id='par_1_12' title="bbox 388 976 1977 1054">
     <span class='ocr_line' id='line_1_12' title="bbox 388 976 1977 1054; baseline 0.014 -31"><span class='ocrx_word' id='word_1_67' title='bbox 388 986 611 1025; x_wconf 83' lang='lat' dir='ltr'><strong>crorum</strong></span> <span class='ocrx_word' id='word_1_68' title='bbox 676 988 741 1028; x_wconf 86' lang='lat' dir='ltr'><strong>ac</strong></span> <span class='ocrx_word' id='word_1_69' title='bbox 816 976 1057 1048; x_wconf 86' lang='lat' dir='ltr'><strong>reliquos</strong></span> <span class='ocrx_word' id='word_1_70' title='bbox 1125 981 1402 1052; x_wconf 80' lang='lat' dir='ltr'><strong>principes</strong></span> <span class='ocrx_word' id='word_1_71' title='bbox 1455 984 1766 1054; x_wconf 84' lang='lat' dir='ltr'><strong>dijudicans</strong></span> <span class='ocrx_word' id='word_1_72' title='bbox 1825 988 1977 1045; x_wconf 82' lang='lat' dir='ltr'><strong>Deus</strong></span> 
     </span>
    </p>
   </div>
   <div class='ocr_carea' id='block_1_13' title="bbox 390 1060 1968 1150">
    <p class='ocr_par' dir='ltr' id='par_1_13' title="bbox 390 1060 1968 1150">
     <span class='ocr_line' id='line_1_13' title="bbox 390 1060 1968 1150; baseline 0.016 -35"><span class='ocrx_word' id='word_1_73' title='bbox 390 1060 649 1127; x_wconf 73' lang='lat' dir='ltr'><strong>Verbum,</strong></span> <span class='ocrx_word' id='word_1_74' title='bbox 720 1066 836 1122; x_wconf 65' lang='lat' dir='ltr'><strong>haec</strong></span> <span class='ocrx_word' id='word_1_75' title='bbox 885 1085 1008 1139; x_wconf 73' lang='lat' dir='ltr'><strong>qua:</strong></span> <span class='ocrx_word' id='word_1_76' title='bbox 1063 1073 1176 1141; x_wconf 89' lang='lat' dir='ltr'><strong>jam</strong></span> <span class='ocrx_word' id='word_1_77' title='bbox 1227 1082 1530 1134; x_wconf 79' lang='lat' dir='ltr'><strong>tractamus</strong></span> <span class='ocrx_word' id='word_1_78' title='bbox 1553 1091 1792 1138; x_wconf 88' lang='lat' dir='ltr'><strong>enarrat.</strong></span> <span class='ocrx_word' id='word_1_79' title='bbox 1817 1085 1968 1150; x_wconf 79' lang='lat' dir='ltr'><strong>Qua-</strong></span> 
     </span>
    </p>
   </div>
   <div class='ocr_carea' id='block_1_14' title="bbox 389 1155 1966 1241">
    <p class='ocr_par' dir='ltr' id='par_1_14' title="bbox 389 1155 1966 1241">
     <span class='ocr_line' id='line_1_14' title="bbox 389 1155 1966 1241; baseline 0.015 -33"><span class='ocrx_word' id='word_1_80' title='bbox 389 1161 448 1208; x_wconf 80' lang='lat' dir='ltr'><strong>re</strong></span> <span class='ocrx_word' id='word_1_81' title='bbox 504 1155 707 1210; x_wconf 84' lang='lat' dir='ltr'><strong>dicitur</strong></span> <span class='ocrx_word' id='word_1_82' title='bbox 757 1173 769 1208; x_wconf 94' lang='lat'><strong>:</strong></span> <span class='ocrx_word' id='word_1_83' title='bbox 815 1158 956 1213; x_wconf 77' lang='lat' dir='ltr'><strong>Deus</strong></span> <span class='ocrx_word' id='word_1_84' title='bbox 1003 1163 1145 1216; x_wconf 78' lang='lat' dir='ltr'><strong>stetit</strong></span> <span class='ocrx_word' id='word_1_85' title='bbox 1189 1166 1245 1218; x_wconf 87' lang='lat' dir='ltr'><strong>in</strong></span> <span class='ocrx_word' id='word_1_86' title='bbox 1292 1184 1560 1241; x_wconf 71' lang='lat' dir='ltr'><strong>synagoga</strong></span> <span class='ocrx_word' id='word_1_87' title='bbox 1611 1174 1854 1240; x_wconf 82' lang='lat' dir='ltr'><strong>deorum,</strong></span> <span class='ocrx_word' id='word_1_88' title='bbox 1910 1179 1966 1230; x_wconf 82' lang='lat' dir='ltr'><strong>in</strong></span> 
     </span>
    </p>
   </div>
   <div class='ocr_carea' id='block_1_15' title="bbox 389 1243 1964 1336">
    <p class='ocr_par' dir='ltr' id='par_1_15' title="bbox 389 1243 1964 1336">
     <span class='ocr_line' id='line_1_15' title="bbox 389 1243 1964 1336; baseline 0.015 -40"><span class='ocrx_word' id='word_1_89' title='bbox 389 1243 560 1299; x_wconf 86' lang='lat' dir='ltr'><strong>medio</strong></span> <span class='ocrx_word' id='word_1_90' title='bbox 606 1261 780 1301; x_wconf 84' lang='lat' dir='ltr'><strong>autem</strong></span> <span class='ocrx_word' id='word_1_91' title='bbox 823 1249 947 1304; x_wconf 88' lang='lat' dir='ltr'><strong>deos</strong></span> <span class='ocrx_word' id='word_1_92' title='bbox 1001 1251 1312 1323; x_wconf 84' lang='lat' dir='ltr'><strong>dijudicat;</strong></span> <span class='ocrx_word' id='word_1_93' title='bbox 1359 1261 1664 1318; x_wconf 90' lang='lat' dir='ltr'><strong>secundum</strong></span> <span class='ocrx_word' id='word_1_94' title='bbox 1711 1264 1964 1336; x_wconf 82' lang='lat' dir='ltr'><strong>Aquilam</strong></span> 
     </span>
    </p>
   </div>
   <div class='ocr_carea' id='block_1_16' title="bbox 386 1341 1966 1425">
    <p class='ocr_par' dir='ltr' id='par_1_16' title="bbox 386 1341 1966 1425">
     <span class='ocr_line' id='line_1_16' title="bbox 386 1341 1966 1425; baseline 0.012 -31"><span class='ocrx_word' id='word_1_95' title='bbox 386 1348 608 1395; x_wconf 81' lang='lat' dir='ltr'><strong>autem:</strong></span> <span class='ocrx_word' id='word_1_96' title='bbox 655 1341 795 1398; x_wconf 84' lang='lat' dir='ltr'><strong>Deus</strong></span> <span class='ocrx_word' id='word_1_97' title='bbox 837 1348 991 1400; x_wconf 79' lang='lat' dir='ltr'><strong>stetit</strong></span> <span class='ocrx_word' id='word_1_98' title='bbox 1041 1347 1096 1400; x_wconf 89' lang='lat' dir='ltr'><strong>in</strong></span> <span class='ocrx_word' id='word_1_99' title='bbox 1151 1367 1418 1422; x_wconf 78' lang='lat' dir='ltr'><strong>synagoga</strong></span> <span class='ocrx_word' id='word_1_100' title='bbox 1493 1354 1738 1425; x_wconf 81' lang='lat' dir='ltr'><strong>fortium,</strong></span> <span class='ocrx_word' id='word_1_101' title='bbox 1787 1358 1843 1411; x_wconf 85' lang='lat' dir='ltr'><strong>in</strong></span> <span class='ocrx_word' id='word_1_102' title='bbox 1890 1360 1966 1412; x_wconf 86' lang='lat' dir='ltr'><strong>vi-</strong></span> 
     </span>
    </p>
   </div>
   <div class='ocr_carea' id='block_1_17' title="bbox 386 1432 1968 1520">
    <p class='ocr_par' dir='ltr' id='par_1_17' title="bbox 386 1432 1968 1520">
     <span class='ocr_line' id='line_1_17' title="bbox 386 1432 1968 1520; baseline 0.016 -37"><span class='ocrx_word' id='word_1_103' title='bbox 386 1432 622 1487; x_wconf 88' lang='lat' dir='ltr'><strong>sceribus</strong></span> <span class='ocrx_word' id='word_1_104' title='bbox 654 1433 910 1492; x_wconf 84' lang='lat' dir='ltr'><strong>Dominus</strong></span> <span class='ocrx_word' id='word_1_105' title='bbox 960 1439 1204 1510; x_wconf 87' lang='lat' dir='ltr'><strong>judicat;</strong></span> <span class='ocrx_word' id='word_1_106' title='bbox 1235 1446 1539 1501; x_wconf 89' lang='lat' dir='ltr'><strong>secundum</strong></span> <span class='ocrx_word' id='word_1_107' title='bbox 1573 1447 1968 1520; x_wconf 84' lang='lat' dir='ltr'><strong>Symmachum</strong></span> 
     </span>
    </p>
   </div>
   <div class='ocr_carea' id='block_1_18' title="bbox 383 1523 1966 1603">
    <p class='ocr_par' dir='ltr' id='par_1_18' title="bbox 383 1523 1966 1603">
     <span class='ocr_line' id='line_1_18' title="bbox 383 1523 1966 1603; baseline 0.016 -28"><span class='ocrx_word' id='word_1_108' title='bbox 383 1537 556 1577; x_wconf 86' lang='lat' dir='ltr'><strong>vero:</strong></span> <span class='ocrx_word' id='word_1_109' title='bbox 588 1523 732 1581; x_wconf 80' lang='lat' dir='ltr'><strong>Deus</strong></span> <span class='ocrx_word' id='word_1_110' title='bbox 779 1530 924 1584; x_wconf 85' lang='lat' dir='ltr'><strong>stetit</strong></span> <span class='ocrx_word' id='word_1_111' title='bbox 975 1534 1029 1586; x_wconf 88' lang='lat' dir='ltr'><strong>in</strong></span> <span class='ocrx_word' id='word_1_112' title='bbox 1069 1543 1202 1586; x_wconf 68' lang='lat' dir='ltr'><strong>coetu</strong></span> <span class='ocrx_word' id='word_1_113' title='bbox 1255 1533 1403 1603; x_wconf 85' lang='lat' dir='ltr'><strong>Dei,</strong></span> <span class='ocrx_word' id='word_1_114' title='bbox 1461 1540 1521 1594; x_wconf 79' lang='lat' dir='ltr'><strong>in</strong></span> <span class='ocrx_word' id='word_1_115' title='bbox 1573 1543 1763 1597; x_wconf 84' lang='lat' dir='ltr'><strong>mediis</strong></span> <span class='ocrx_word' id='word_1_116' title='bbox 1823 1543 1966 1600; x_wconf 85' lang='lat' dir='ltr'><strong>Deus</strong></span> 
     </span>
    </p>
   </div>
   <div class='ocr_carea' id='block_1_19' title="bbox 377 1613 1962 1704">
    <p class='ocr_par' dir='ltr' id='par_1_19' title="bbox 377 1613 1962 1704">
     <span class='ocr_line' id='line_1_19' title="bbox 377 1613 1962 1704; baseline 0.018 -39"><span class='ocrx_word' id='word_1_117' title='bbox 377 1613 645 1682; x_wconf 77' lang='lat' dir='ltr'><strong>judicans.</strong></span> <span class='ocrx_word' id='word_1_118' title='bbox 714 1614 816 1676; x_wconf 85' lang='lat' dir='ltr'><strong>Hie</strong></span> <span class='ocrx_word' id='word_1_119' title='bbox 874 1638 1003 1678; x_wconf 88' lang='lat' dir='ltr'><strong>vero</strong></span> <span class='ocrx_word' id='word_1_120' title='bbox 1055 1625 1240 1696; x_wconf 87' lang='lat' dir='ltr'><strong>Deus,</strong></span> <span class='ocrx_word' id='word_1_121' title='bbox 1288 1631 1500 1688; x_wconf 90' lang='lat' dir='ltr'><strong>scilicet</strong></span> <span class='ocrx_word' id='word_1_122' title='bbox 1557 1633 1650 1690; x_wconf 89' lang='lat' dir='ltr'><strong>Dei</strong></span> <span class='ocrx_word' id='word_1_123' title='bbox 1701 1635 1962 1704; x_wconf 71' lang='lat' dir='ltr'><strong>Verbum,</strong></span> 
     </span>
    </p>
   </div>
   <div class='ocr_carea' id='block_1_20' title="bbox 384 1713 1963 1801">
    <p class='ocr_par' dir='ltr' id='par_1_20' title="bbox 384 1713 1963 1801">
     <span class='ocr_line' id='line_1_20' title="bbox 384 1713 1963 1801; baseline 0.016 -40"><span class='ocrx_word' id='word_1_124' title='bbox 384 1719 742 1765; x_wconf 84' lang='lat' dir='ltr'><strong>memoratam</strong></span> <span class='ocrx_word' id='word_1_125' title='bbox 770 1713 998 1770; x_wconf 88' lang='lat' dir='ltr'><strong>deorum</strong></span> <span class='ocrx_word' id='word_1_126' title='bbox 1023 1733 1354 1792; x_wconf 79' lang='lat' dir='ltr'><strong>synagogam</strong></span> <span class='ocrx_word' id='word_1_127' title='bbox 1394 1723 1652 1793; x_wconf 81' lang='lat' dir='ltr'><strong>judicans</strong></span> <span class='ocrx_word' id='word_1_128' title='bbox 1680 1739 1734 1784; x_wconf 89' lang='lat' dir='ltr'><strong>et</strong></span> <span class='ocrx_word' id='word_1_129' title='bbox 1758 1729 1963 1801; x_wconf 80' lang='lat' dir='ltr'><strong>dijudi-</strong></span> 
     </span>
    </p>
   </div>
   <div class='ocr_carea' id='block_1_21' title="bbox 381 1807 1956 1894">
    <p class='ocr_par' dir='ltr' id='par_1_21' title="bbox 381 1807 1956 1894">
     <span class='ocr_line' id='line_1_21' title="bbox 381 1807 1956 1894; baseline 0.02 -42"><span class='ocrx_word' id='word_1_130' title='bbox 381 1813 536 1865; x_wconf 85' lang='lat' dir='ltr'><strong>cans,</strong></span> <span class='ocrx_word' id='word_1_131' title='bbox 576 1807 962 1862; x_wconf 82' lang='lat' dir='ltr'><strong>accusationes</strong></span> <span class='ocrx_word' id='word_1_132' title='bbox 995 1812 1104 1869; x_wconf 88' lang='lat' dir='ltr'><strong>reis</strong></span> <span class='ocrx_word' id='word_1_133' title='bbox 1136 1813 1368 1872; x_wconf 87' lang='lat' dir='ltr'><strong>inducit.</strong></span> <span class='ocrx_word' id='word_1_134' title='bbox 1417 1818 1484 1872; x_wconf 89' lang='lat' dir='ltr'><strong>Et</strong></span> <span class='ocrx_word' id='word_1_135' title='bbox 1522 1823 1651 1890; x_wconf 88' lang='lat' dir='ltr'><strong>quia</strong></span> <span class='ocrx_word' id='word_1_136' title='bbox 1705 1833 1956 1894; x_wconf 86' lang='lat' dir='ltr'><strong>potentes</strong></span> 
     </span>
    </p>
   </div>
   <div class='ocr_carea' id='block_1_22' title="bbox 381 1897 1955 1979">
    <p class='ocr_par' dir='ltr' id='par_1_22' title="bbox 381 1897 1955 1979">
     <span class='ocr_line' id='line_1_22' title="bbox 381 1897 1955 1979; baseline 0.02 -37"><span class='ocrx_word' id='word_1_137' title='bbox 381 1897 632 1958; x_wconf 78' lang='lat' dir='ltr'><strong>potenter</strong></span> <span class='ocrx_word' id='word_1_138' title='bbox 655 1899 1119 1958; x_wconf 80' lang='lat' dir='ltr'><strong>examinabuntur</strong></span> <span class='ocrx_word' id='word_1_139' title='bbox 1137 1923 1152 1974; x_wconf 92' lang='lat'><strong>;</strong></span> <span class='ocrx_word' id='word_1_140' title='bbox 1171 1907 1297 1976; x_wconf 84' lang='lat' dir='ltr'><strong>jure</strong></span> <span class='ocrx_word' id='word_1_141' title='bbox 1314 1910 1701 1979; x_wconf 69' lang='lat' dir='ltr'><strong>praedictorum</strong></span> <span class='ocrx_word' id='word_1_142' title='bbox 1726 1915 1955 1972; x_wconf 84' lang='lat' dir='ltr'><strong>deorum</strong></span> 
     </span>
    </p>
   </div>
   <div class='ocr_carea' id='block_1_23' title="bbox 378 1982 1955 2078">
    <p class='ocr_par' dir='ltr' id='par_1_23' title="bbox 378 1982 1955 2078">
     <span class='ocr_line' id='line_1_23' title="bbox 378 1982 1955 2078; baseline 0.019 -43"><span class='ocrx_word' id='word_1_143' title='bbox 378 1982 626 2040; x_wconf 86' lang='lat' dir='ltr'><strong>ordinem</strong></span> <span class='ocrx_word' id='word_1_144' title='bbox 651 2004 904 2064; x_wconf 75' lang='lat' dir='ltr'><strong>segregat</strong></span> <span class='ocrx_word' id='word_1_145' title='bbox 937 2002 993 2050; x_wconf 88' lang='lat' dir='ltr'><strong>et</strong></span> <span class='ocrx_word' id='word_1_146' title='bbox 1024 1999 1257 2053; x_wconf 86' lang='lat' dir='ltr'><strong>seorsim</strong></span> <span class='ocrx_word' id='word_1_147' title='bbox 1285 2001 1533 2070; x_wconf 87' lang='lat' dir='ltr'><strong>judicat;</strong></span> <span class='ocrx_word' id='word_1_148' title='bbox 1584 2021 1710 2061; x_wconf 91' lang='lat' dir='ltr'><strong>cum</strong></span> <span class='ocrx_word' id='word_1_149' title='bbox 1754 2007 1867 2078; x_wconf 85' lang='lat' dir='ltr'><strong>jam</strong></span> <span class='ocrx_word' id='word_1_150' title='bbox 1900 2010 1955 2065; x_wconf 88' lang='lat' dir='ltr'><strong>in</strong></span> 
     </span>
    </p>
   </div>
   <div class='ocr_carea' id='block_1_24' title="bbox 375 2080 1956 2167">
    <p class='ocr_par' dir='ltr' id='par_1_24' title="bbox 375 2080 1956 2167">
     <span class='ocr_line' id='line_1_24' title="bbox 375 2080 1956 2167; baseline 0.018 -36"><span class='ocrx_word' id='word_1_151' title='bbox 375 2080 702 2145; x_wconf 66' lang='lat' dir='ltr'><strong>praecedenti</strong></span> <span class='ocrx_word' id='word_1_152' title='bbox 735 2086 947 2154; x_wconf 90' lang='lat' dir='ltr'><strong>psalmo</strong></span> <span class='ocrx_word' id='word_1_153' title='bbox 971 2092 1298 2158; x_wconf 66' lang='lat' dir='ltr'><strong>promiscuae</strong></span> <span class='ocrx_word' id='word_1_154' title='bbox 1313 2097 1499 2167; x_wconf 80' lang='lat' dir='ltr'><strong>populi</strong></span> <span class='ocrx_word' id='word_1_155' title='bbox 1529 2100 1704 2156; x_wconf 58' lang='lat' dir='ltr'><strong>turbae</strong></span> <span class='ocrx_word' id='word_1_156' title='bbox 1723 2117 1956 2158; x_wconf 84' lang='lat' dir='ltr'><strong>accusa-</strong></span> 
     </span>
    </p>
   </div>
   <div class='ocr_carea' id='block_1_25' title="bbox 373 2169 1954 2267">
    <p class='ocr_par' dir='ltr' id='par_1_25' title="bbox 373 2169 1954 2267">
     <span class='ocr_line' id='line_1_25' title="bbox 373 2169 1954 2267; baseline 0.02 -46"><span class='ocrx_word' id='word_1_157' title='bbox 373 2169 582 2226; x_wconf 83' lang='lat' dir='ltr'><strong>tionem</strong></span> <span class='ocrx_word' id='word_1_158' title='bbox 611 2176 919 2244; x_wconf 81' lang='lat' dir='ltr'><strong>protulerit.</strong></span> <span class='ocrx_word' id='word_1_159' title='bbox 948 2177 1059 2236; x_wconf 83' lang='lat' dir='ltr'><strong>lmo</strong></span> <span class='ocrx_word' id='word_1_160' title='bbox 1088 2183 1254 2240; x_wconf 84' lang='lat' dir='ltr'><strong>etiam</strong></span> <span class='ocrx_word' id='word_1_161' title='bbox 1283 2185 1550 2256; x_wconf 85' lang='lat' dir='ltr'><strong>dijudicat</strong></span> <span class='ocrx_word' id='word_1_162' title='bbox 1574 2232 1594 2257; x_wconf 89' lang='lat'><strong>,</strong></span> <span class='ocrx_word' id='word_1_163' title='bbox 1637 2192 1705 2250; x_wconf 84' lang='lat' dir='ltr'><strong>de</strong></span> <span class='ocrx_word' id='word_1_164' title='bbox 1739 2196 1814 2252; x_wconf 80' lang='lat' dir='ltr'><strong>iis</strong></span> <span class='ocrx_word' id='word_1_165' title='bbox 1858 2197 1954 2267; x_wconf 86' lang='lat' dir='ltr'><strong>qui</strong></span> 
     </span>
    </p>
   </div>
   <div class='ocr_carea' id='block_1_26' title="bbox 374 2263 1950 2358">
    <p class='ocr_par' dir='ltr' id='par_1_26' title="bbox 374 2263 1950 2358">
     <span class='ocr_line' id='line_1_26' title="bbox 374 2263 1950 2358; baseline 0.02 -42"><span class='ocrx_word' id='word_1_166' title='bbox 374 2263 523 2336; x_wconf 89' lang='lat' dir='ltr'><strong>digni</strong></span> <span class='ocrx_word' id='word_1_167' title='bbox 556 2268 732 2324; x_wconf 86' lang='lat' dir='ltr'><strong>salute</strong></span> <span class='ocrx_word' id='word_1_168' title='bbox 757 2282 905 2339; x_wconf 85' lang='lat' dir='ltr'><strong>sunt,</strong></span> <span class='ocrx_word' id='word_1_169' title='bbox 938 2289 1003 2329; x_wconf 91' lang='lat' dir='ltr'><strong>ac</strong></span> <span class='ocrx_word' id='word_1_170' title='bbox 1041 2277 1109 2332; x_wconf 90' lang='lat' dir='ltr'><strong>de</strong></span> <span class='ocrx_word' id='word_1_171' title='bbox 1159 2279 1230 2335; x_wconf 89' lang='lat' dir='ltr'><strong>iis</strong></span> <span class='ocrx_word' id='word_1_172' title='bbox 1255 2281 1348 2350; x_wconf 87' lang='lat' dir='ltr'><strong>qui</strong></span> <span class='ocrx_word' id='word_1_173' title='bbox 1400 2297 1564 2341; x_wconf 86' lang='lat' dir='ltr'><strong>secus</strong></span> <span class='ocrx_word' id='word_1_174' title='bbox 1618 2303 1678 2344; x_wconf 91' lang='lat' dir='ltr'><strong>se</strong></span> <span class='ocrx_word' id='word_1_175' title='bbox 1723 2263 1950 2358; x_wconf 82' lang='lat' dir='ltr'><strong>habent,</strong></span> 
     </span>
    </p>
   </div>
   <div class='ocr_carea' id='block_1_27' title="bbox 374 2358 1948 2450">
    <p class='ocr_par' dir='ltr' id='par_1_27' title="bbox 374 2358 1948 2450">
     <span class='ocr_line' id='line_1_27' title="bbox 374 2358 1948 2450; baseline 0.018 -41"><span class='ocrx_word' id='word_1_176' title='bbox 374 2358 704 2413; x_wconf 82' lang='lat' dir='ltr'><strong>sententiam</strong></span> <span class='ocrx_word' id='word_1_177' title='bbox 735 2359 938 2419; x_wconf 78' lang='lat' dir='ltr'><strong>ferens.</strong></span> <span class='ocrx_word' id='word_1_178' title='bbox 989 2365 1107 2424; x_wconf 78' lang='lat' dir='ltr'><strong>Non</strong></span> <span class='ocrx_word' id='word_1_179' title='bbox 1169 2372 1427 2441; x_wconf 80' lang='lat' dir='ltr'><strong>superbe,</strong></span> <span class='ocrx_word' id='word_1_180' title='bbox 1481 2391 1591 2432; x_wconf 89' lang='lat' dir='ltr'><strong>non</strong></span> <span class='ocrx_word' id='word_1_181' title='bbox 1637 2383 1948 2450; x_wconf 86' lang='lat' dir='ltr'><strong>tyranuice,</strong></span> 
     </span>
    </p>
   </div>
   <div class='ocr_carea' id='block_1_28' title="bbox 372 2449 1952 2537">
    <p class='ocr_par' dir='ltr' id='par_1_28' title="bbox 372 2449 1952 2537">
     <span class='ocr_line' id='line_1_28' title="bbox 372 2449 1952 2537; baseline 0.02 -39"><span class='ocrx_word' id='word_1_182' title='bbox 372 2461 485 2502; x_wconf 80' lang='lat' dir='ltr'><strong>non</strong></span> <span class='ocrx_word' id='word_1_183' title='bbox 516 2450 572 2502; x_wconf 87' lang='lat' dir='ltr'><strong>in</strong></span> <span class='ocrx_word' id='word_1_184' title='bbox 604 2449 714 2506; x_wconf 80' lang='lat' dir='ltr'><strong>alto</strong></span> <span class='ocrx_word' id='word_1_185' title='bbox 733 2455 1068 2514; x_wconf 77' lang='lat' dir='ltr'><strong>constitutus</strong></span> <span class='ocrx_word' id='word_1_186' title='bbox 1085 2459 1333 2532; x_wconf 86' lang='lat' dir='ltr'><strong>judicat;</strong></span> <span class='ocrx_word' id='word_1_187' title='bbox 1371 2466 1468 2522; x_wconf 83' lang='lat' dir='ltr'><strong>sed</strong></span> <span class='ocrx_word' id='word_1_188' title='bbox 1489 2449 1804 2537; x_wconf 70' lang='lat' dir='ltr'><strong>iudicandis</strong></span> <span class='ocrx_word' id='word_1_189' title='bbox 1827 2487 1952 2529; x_wconf 86' lang='lat' dir='ltr'><strong>sese</strong></span> 
     </span>
    </p>
   </div>
   <div class='ocr_carea' id='block_1_29' title="bbox 370 2544 1950 2631">
    <p class='ocr_par' dir='ltr' id='par_1_29' title="bbox 370 2544 1950 2631">
     <span class='ocr_line' id='line_1_29' title="bbox 370 2544 1950 2631; baseline 0.018 -40"><span class='ocrx_word' id='word_1_190' title='bbox 370 2544 766 2613; x_wconf 85' lang='lat' dir='ltr'><strong>attemperans,</strong></span> <span class='ocrx_word' id='word_1_191' title='bbox 793 2549 1009 2606; x_wconf 91' lang='lat' dir='ltr'><strong>medius</strong></span> <span class='ocrx_word' id='word_1_192' title='bbox 1032 2559 1142 2608; x_wconf 86' lang='lat' dir='ltr'><strong>stat</strong></span> <span class='ocrx_word' id='word_1_193' title='bbox 1187 2553 1330 2610; x_wconf 88' lang='lat' dir='ltr'><strong>inter</strong></span> <span class='ocrx_word' id='word_1_194' title='bbox 1359 2556 1506 2625; x_wconf 86' lang='lat' dir='ltr'><strong>illos,</strong></span> <span class='ocrx_word' id='word_1_195' title='bbox 1543 2577 1640 2631; x_wconf 88' lang='lat' dir='ltr'><strong>per</strong></span> <span class='ocrx_word' id='word_1_196' title='bbox 1672 2561 1950 2618; x_wconf 81' lang='lat' dir='ltr'><strong>hominem</strong></span> 
     </span>
    </p>
   </div>
   <div class='ocr_carea' id='block_1_30' title="bbox 371 2640 1948 2712">
    <p class='ocr_par' dir='ltr' id='par_1_30' title="bbox 371 2640 1948 2712">
     <span class='ocr_line' id='line_1_30' title="bbox 371 2640 1948 2712; baseline 0.018 -29"><span class='ocrx_word' id='word_1_197' title='bbox 371 2647 534 2698; x_wconf 79' lang='lat' dir='ltr'><strong>quem</strong></span> <span class='ocrx_word' id='word_1_198' title='bbox 572 2640 814 2710; x_wconf 86' lang='lat' dir='ltr'><strong>suscepit</strong></span> <span class='ocrx_word' id='word_1_199' title='bbox 844 2641 1196 2711; x_wconf 82' lang='lat' dir='ltr'><strong>ipsishabitu</strong></span> <span class='ocrx_word' id='word_1_200' title='bbox 1245 2648 1447 2707; x_wconf 86' lang='lat' dir='ltr'><strong>similis</strong></span> <span class='ocrx_word' id='word_1_201' title='bbox 1499 2651 1747 2711; x_wconf 76' lang='lat' dir='ltr'><strong>effectus.</strong></span> <span class='ocrx_word' id='word_1_202' title='bbox 1807 2655 1948 2712; x_wconf 90' lang='lat' dir='ltr'><strong>Hinc</strong></span> 
     </span>
    </p>
   </div>
   <div class='ocr_carea' id='block_1_31' title="bbox 369 2727 1950 2814">
    <p class='ocr_par' dir='ltr' id='par_1_31' title="bbox 369 2727 1950 2814">
     <span class='ocr_line' id='line_1_31' title="bbox 369 2727 1950 2814; baseline 0.02 -42"><span class='ocrx_word' id='word_1_203' title='bbox 369 2735 502 2777; x_wconf 82' lang='lat' dir='ltr'><strong>vero</strong></span> <span class='ocrx_word' id='word_1_204' title='bbox 530 2738 626 2781; x_wconf 92' lang='lat' dir='ltr'><strong>eos</strong></span> <span class='ocrx_word' id='word_1_205' title='bbox 652 2727 745 2796; x_wconf 92' lang='lat' dir='ltr'><strong>qui</strong></span> <span class='ocrx_word' id='word_1_206' title='bbox 769 2728 1040 2798; x_wconf 90' lang='lat' dir='ltr'><strong>judicium</strong></span> <span class='ocrx_word' id='word_1_207' title='bbox 1065 2737 1303 2794; x_wconf 87' lang='lat' dir='ltr'><strong>subituri</strong></span> <span class='ocrx_word' id='word_1_208' title='bbox 1333 2749 1482 2808; x_wconf 89' lang='lat' dir='ltr'><strong>sunt,</strong></span> <span class='ocrx_word' id='word_1_209' title='bbox 1519 2745 1741 2814; x_wconf 71' lang='lat' dir='ltr'><strong>praeviis</strong></span> <span class='ocrx_word' id='word_1_210' title='bbox 1770 2749 1950 2803; x_wconf 83' lang='lat' dir='ltr'><strong>moui-</strong></span> 
     </span>
    </p>
   </div>
   <div class='ocr_carea' id='block_1_32' title="bbox 369 2813 1948 2908">
    <p class='ocr_par' dir='ltr' id='par_1_32' title="bbox 369 2813 1948 2908">
     <span class='ocr_line' id='line_1_32' title="bbox 369 2813 1948 2908; baseline 0.018 -42"><span class='ocrx_word' id='word_1_211' title='bbox 369 2813 440 2869; x_wconf 88' lang='lat' dir='ltr'><strong>tis</strong></span> <span class='ocrx_word' id='word_1_212' title='bbox 474 2815 541 2870; x_wconf 88' lang='lat' dir='ltr'><strong>ad</strong></span> <span class='ocrx_word' id='word_1_213' title='bbox 570 2819 1004 2889; x_wconf 86' lang='lat' dir='ltr'><strong>resipiscentiam</strong></span> <span class='ocrx_word' id='word_1_214' title='bbox 1033 2838 1194 2884; x_wconf 83' lang='lat' dir='ltr'><strong>vocat</strong></span> <span class='ocrx_word' id='word_1_215' title='bbox 1214 2848 1240 2898; x_wconf 82' lang='grc'>;.</span> <span class='ocrx_word' id='word_1_216' title='bbox 1267 2832 1514 2906; x_wconf 88' lang='lat' dir='ltr'><strong>ipsisque</strong></span> <span class='ocrx_word' id='word_1_217' title='bbox 1561 2841 1848 2908; x_wconf 84' lang='lat' dir='ltr'><strong>prospicit,</strong></span> <span class='ocrx_word' id='word_1_218' title='bbox 1887 2848 1948 2894; x_wconf 93' lang='lat' dir='ltr'><strong>ut</strong></span> 
     </span>
    </p>
   </div>
   <div class='ocr_carea' id='block_1_33' title="bbox 371 2907 1946 3002">
    <p class='ocr_par' dir='ltr' id='par_1_33' title="bbox 371 2907 1946 3002">
     <span class='ocr_line' id='line_1_33' title="bbox 371 2907 1946 3002; baseline 0.02 -43"><span class='ocrx_word' id='word_1_219' title='bbox 371 2921 442 2990; x_wconf 87' lang='lat' dir='ltr'><strong>ne</strong></span> <span class='ocrx_word' id='word_1_220' title='bbox 477 2907 531 2961; x_wconf 94' lang='lat' dir='ltr'><strong>in</strong></span> <span class='ocrx_word' id='word_1_221' title='bbox 557 2907 751 2978; x_wconf 85' lang='lat' dir='ltr'><strong>judicii</strong></span> <span class='ocrx_word' id='word_1_222' title='bbox 800 2917 1131 2988; x_wconf 88' lang='lat' dir='ltr'><strong>supplicium</strong></span> <span class='ocrx_word' id='word_1_223' title='bbox 1169 2921 1454 2994; x_wconf 79' lang='lat' dir='ltr'><strong>incidant;</strong></span> <span class='ocrx_word' id='word_1_224' title='bbox 1494 2929 1591 2985; x_wconf 84' lang='lat' dir='ltr'><strong>sed</strong></span> <span class='ocrx_word' id='word_1_225' title='bbox 1625 2907 1748 2986; x_wconf 83' lang='lat' dir='ltr'><strong>sese</strong></span> <span class='ocrx_word' id='word_1_226' title='bbox 1792 2933 1946 3002; x_wconf 88' lang='lat' dir='ltr'><strong>prius</strong></span> 
     </span>
    </p>
   </div>
   <div class='ocr_carea' id='block_1_34' title="bbox 367 2988 1945 3086">
    <p class='ocr_par' dir='ltr' id='par_1_34' title="bbox 367 2988 1945 3086">
     <span class='ocr_line' id='line_1_34' title="bbox 367 2988 1945 3086; baseline 0.017 -35"><span class='ocrx_word' id='word_1_227' title='bbox 367 2988 699 3067; x_wconf 83' lang='lat' dir='ltr'><strong>emendem,</strong></span> <span class='ocrx_word' id='word_1_228' title='bbox 760 3005 974 3077; x_wconf 83' lang='lat' dir='ltr'><strong>sibique</strong></span> <span class='ocrx_word' id='word_1_229' title='bbox 1042 3023 1272 3067; x_wconf 86' lang='lat' dir='ltr'><strong>caveant</strong></span> <span class='ocrx_word' id='word_1_230' title='bbox 1335 3031 1405 3070; x_wconf 80' lang='lat' dir='ltr'><strong>ex</strong></span> <span class='ocrx_word' id='word_1_231' title='bbox 1477 3017 1678 3086; x_wconf 82' lang='lat' dir='ltr'><strong>oblatis</strong></span> <span class='ocrx_word' id='word_1_232' title='bbox 1755 3023 1945 3078; x_wconf 90' lang='lat' dir='ltr'><strong>crimi-</strong></span> 
     </span>
    </p>
   </div>
   <div class='ocr_carea' id='block_1_35' title="bbox 367 3091 551 3147">
    <p class='ocr_par' dir='ltr' id='par_1_35' title="bbox 367 3091 551 3147">
     <span class='ocr_line' id='line_1_35' title="bbox 367 3091 551 3147; baseline 0.016 -3"><span class='ocrx_word' id='word_1_233' title='bbox 367 3091 498 3145; x_wconf 77' lang='lat' dir='ltr'><strong>n-ibu</strong></span> <span class='ocrx_word' id='word_1_234' title='bbox 506 3108 551 3147; x_wconf 93' lang='lat' dir='ltr'><strong>s-.</strong></span> 
     </span>
    </p>
   </div>
   <div class='ocr_carea' id='block_1_36' title="bbox 443 3176 2016 3272">
    <p class='ocr_par' dir='ltr' id='par_1_36' title="bbox 443 3176 2016 3272">
     <span class='ocr_line' id='line_1_36' title="bbox 443 3176 2016 3272; baseline 0.016 -38"><span class='ocrx_word' id='word_1_235' title='bbox 443 3180 714 3248; x_wconf 85' lang='lat' dir='ltr'><strong>Quocirca</strong></span> <span class='ocrx_word' id='word_1_236' title='bbox 732 3187 868 3243; x_wconf 91' lang='lat' dir='ltr'><strong>dicit</strong></span> <span class='ocrx_word' id='word_1_237' title='bbox 897 3210 917 3244; x_wconf 78' lang='grc' dir='ltr'><strong>ε·</strong></span> <span class='ocrx_word' id='word_1_238' title='bbox 937 3223 1004 3232; x_wconf 89' lang='lat'><strong>——</strong></span> <span class='ocrx_word' id='word_1_239' title='bbox 1041 3192 1209 3250; x_wconf 81' lang='lat' dir='ltr'><strong>Vens.</strong></span> <span class='ocrx_word' id='word_1_240' title='bbox 1239 3197 1298 3262; x_wconf 65' lang='grc' dir='ltr'><strong>ἓ,</strong></span> <span class='ocrx_word' id='word_1_241' title='bbox 1325 3199 1378 3253; x_wconf 86' lang='grc'>5.</span> <span class='ocrx_word' id='word_1_242' title='bbox 1405 3198 1683 3271; x_wconf 87' lang='lat' dir='ltr'><strong>Usquequo</strong></span> <span class='ocrx_word' id='word_1_243' title='bbox 1722 3202 1943 3272; x_wconf 84' lang='lat' dir='ltr'><strong>judica-</strong></span> <span class='ocrx_word' id='word_1_244' title='bbox 1974 3176 2016 3233; x_wconf 66' lang='grc' dir='ltr'><strong>θ</strong></span> 
     </span>
    </p>
   </div>
   <div class='ocr_carea' id='block_1_37' title="bbox 373 3273 1950 3356">
    <p class='ocr_par' dir='ltr' id='par_1_37' title="bbox 373 3273 1950 3356">
     <span class='ocr_line' id='line_1_37' title="bbox 373 3273 1950 3356; baseline 0.015 -30"><span class='ocrx_word' id='word_1_245' title='bbox 373 3273 440 3328; x_wconf 73' lang='lat' dir='ltr'><strong>tis</strong></span> <span class='ocrx_word' id='word_1_246' title='bbox 475 3276 831 3345; x_wconf 79' lang='lat' dir='ltr'><strong>iniquitatem,</strong></span> <span class='ocrx_word' id='word_1_247' title='bbox 861 3293 910 3336; x_wconf 91' lang='lat' dir='ltr'><strong>et</strong></span> <span class='ocrx_word' id='word_1_248' title='bbox 943 3283 1107 3352; x_wconf 82' lang='lat' dir='ltr'><strong>facies</strong></span> <span class='ocrx_word' id='word_1_249' title='bbox 1146 3299 1481 3356; x_wconf 85' lang='lat' dir='ltr'><strong>peccatorum</strong></span> <span class='ocrx_word' id='word_1_250' title='bbox 1504 3295 1760 3354; x_wconf 84' lang='lat' dir='ltr'><strong>sumitis?</strong></span> <span class='ocrx_word' id='word_1_251' title='bbox 1788 3293 1950 3349; x_wconf 74' lang='lat' dir='ltr'><strong>ludi-</strong></span> 
     </span>
    </p>
   </div>
   <div class='ocr_carea' id='block_1_38' title="bbox 366 3373 1948 3453">
    <p class='ocr_par' dir='ltr' id='par_1_38' title="bbox 366 3373 1948 3453">
     <span class='ocr_line' id='line_1_38' title="bbox 366 3373 1948 3453; baseline 0.016 -38"><span class='ocrx_word' id='word_1_252' title='bbox 366 3373 484 3418; x_wconf 79' lang='lat' dir='ltr'><strong>cate</strong></span> <span class='ocrx_word' id='word_1_253' title='bbox 522 3382 682 3437; x_wconf 85' lang='lat' dir='ltr'><strong>egeno</strong></span> <span class='ocrx_word' id='word_1_254' title='bbox 715 3379 764 3423; x_wconf 84' lang='lat' dir='ltr'><strong>et</strong></span> <span class='ocrx_word' id='word_1_255' title='bbox 793 3373 1016 3442; x_wconf 82' lang='lat' dir='ltr'><strong>pupillo.</strong></span> <span class='ocrx_word' id='word_1_256' title='bbox 1065 3374 1162 3432; x_wconf 84' lang='lat' dir='ltr'><strong>His</strong></span> <span class='ocrx_word' id='word_1_257' title='bbox 1201 3393 1369 3448; x_wconf 87' lang='lat' dir='ltr'><strong>porro</strong></span> <span class='ocrx_word' id='word_1_258' title='bbox 1400 3381 1600 3436; x_wconf 88' lang='lat' dir='ltr'><strong>similia</strong></span> <span class='ocrx_word' id='word_1_259' title='bbox 1623 3399 1720 3453; x_wconf 87' lang='lat' dir='ltr'><strong>per</strong></span> <span class='ocrx_word' id='word_1_260' title='bbox 1751 3383 1948 3442; x_wconf 85' lang='lat' dir='ltr'><strong>Isaiam</strong></span> 
     </span>
    </p>
   </div>
   <div class='ocr_carea' id='block_1_39' title="bbox 367 3465 1956 3541">
    <p class='ocr_par' dir='ltr' id='par_1_39' title="bbox 367 3465 1956 3541">
     <span class='ocr_line' id='line_1_39' title="bbox 367 3465 1956 3541; baseline 0.016 -30"><span class='ocrx_word' id='word_1_261' title='bbox 367 3473 594 3530; x_wconf 82' lang='lat' dir='ltr'><strong>quoque</strong></span> <span class='ocrx_word' id='word_1_262' title='bbox 616 3465 969 3534; x_wconf 86' lang='lat' dir='ltr'><strong>propheticus</strong></span> <span class='ocrx_word' id='word_1_263' title='bbox 987 3467 1228 3541; x_wconf 82' lang='lat' dir='ltr'><strong>Spiritus</strong></span> <span class='ocrx_word' id='word_1_264' title='bbox 1250 3474 1583 3533; x_wconf 80' lang='lat' dir='ltr'><strong>vociferatus</strong></span> <span class='ocrx_word' id='word_1_265' title='bbox 1599 3486 1684 3534; x_wconf 91' lang='lat' dir='ltr'><strong>est</strong></span> <span class='ocrx_word' id='word_1_266' title='bbox 1703 3495 1716 3532; x_wconf 86' lang='lat'><strong>:</strong></span> <span class='ocrx_word' id='word_1_267' title='bbox 1743 3479 1956 3536; x_wconf 84' lang='lat' dir='ltr'><strong>Discite</strong></span> 
     </span>
    </p>
   </div>
   <div class='ocr_carea' id='block_1_40' title="bbox 367 3548 1943 3642">
    <p class='ocr_par' dir='ltr' id='par_1_40' title="bbox 367 3548 1943 3642">
     <span class='ocr_line' id='line_1_40' title="bbox 367 3548 1943 3642; baseline 0.016 -39"><span class='ocrx_word' id='word_1_268' title='bbox 367 3548 559 3606; x_wconf 83' lang='lat' dir='ltr'><strong>bonum</strong></span> <span class='ocrx_word' id='word_1_269' title='bbox 581 3554 776 3623; x_wconf 83' lang='lat' dir='ltr'><strong>facere,</strong></span> <span class='ocrx_word' id='word_1_270' title='bbox 801 3561 1022 3627; x_wconf 66' lang='lat' dir='ltr'><strong>quierite</strong></span> <span class='ocrx_word' id='word_1_271' title='bbox 1043 3563 1336 3631; x_wconf 84' lang='lat' dir='ltr'><strong>judicium,</strong></span> <span class='ocrx_word' id='word_1_272' title='bbox 1367 3567 1610 3635; x_wconf 84' lang='lat' dir='ltr'><strong>judicate</strong></span> <span class='ocrx_word' id='word_1_273' title='bbox 1651 3573 1855 3642; x_wconf 81' lang='lat' dir='ltr'><strong>pupillo</strong></span> <span class='ocrx_word' id='word_1_274' title='bbox 1893 3584 1943 3628; x_wconf 89' lang='lat' dir='ltr'><strong>et</strong></span> 
     </span>
    </p>
   </div>
   <div class='ocr_carea' id='block_1_41' title="bbox 365 3642 1945 3729">
    <p class='ocr_par' dir='ltr' id='par_1_41' title="bbox 365 3642 1945 3729">
     <span class='ocr_line' id='line_1_41' title="bbox 365 3642 1945 3729; baseline 0.016 -35"><span class='ocrx_word' id='word_1_275' title='bbox 365 3642 627 3713; x_wconf 80' lang='lat' dir='ltr'><strong>defendite</strong></span> <span class='ocrx_word' id='word_1_276' title='bbox 638 3648 876 3713; x_wconf 85' lang='lat' dir='ltr'><strong>viduam;</strong></span> <span class='ocrx_word' id='word_1_277' title='bbox 893 3659 944 3705; x_wconf 91' lang='lat' dir='ltr'><strong>et</strong></span> <span class='ocrx_word' id='word_1_278' title='bbox 959 3654 1145 3721; x_wconf 85' lang='lat' dir='ltr'><strong>venite,</strong></span> <span class='ocrx_word' id='word_1_279' title='bbox 1158 3665 1206 3710; x_wconf 90' lang='lat' dir='ltr'><strong>et</strong></span> <span class='ocrx_word' id='word_1_280' title='bbox 1223 3657 1602 3729; x_wconf 83' lang='lat' dir='ltr'><strong>d‘isceptemus,</strong></span> <span class='ocrx_word' id='word_1_281' title='bbox 1621 3663 1747 3717; x_wconf 86' lang='lat' dir='ltr'><strong>dicit</strong></span> <span class='ocrx_word' id='word_1_282' title='bbox 1769 3664 1945 3720; x_wconf 88' lang='lat' dir='ltr'><strong>Domi-</strong></span> 
     </span>
    </p>
   </div>
   <div class='ocr_carea' id='block_1_42' title="bbox 367 3734 1946 3828">
    <p class='ocr_par' dir='ltr' id='par_1_42' title="bbox 367 3734 1946 3828">
     <span class='ocr_line' id='line_1_42' title="bbox 367 3734 1946 3828; baseline 0.016 -42"><span class='ocrx_word' id='word_1_283' title='bbox 367 3750 489 3788; x_wconf 84' lang='lat' dir='ltr'><strong>nus.</strong></span> <span class='ocrx_word' id='word_1_284' title='bbox 542 3734 660 3791; x_wconf 86' lang='lat' dir='ltr'><strong>Etsi</strong></span> <span class='ocrx_word' id='word_1_285' title='bbox 691 3738 891 3807; x_wconf 70' lang='lat' dir='ltr'><strong>[crerint</strong></span> <span class='ocrx_word' id='word_1_286' title='bbox 910 3753 1126 3810; x_wconf 80' lang='lat' dir='ltr'><strong>peccata</strong></span> <span class='ocrx_word' id='word_1_287' title='bbox 1151 3757 1326 3803; x_wconf 83' lang='lat' dir='ltr'><strong>vestra</strong></span> <span class='ocrx_word' id='word_1_288' title='bbox 1347 3751 1484 3806; x_wconf 80' lang='lat' dir='ltr'><strong>sicut</strong></span> <span class='ocrx_word' id='word_1_289' title='bbox 1514 3769 1772 3824; x_wconf 81' lang='lat' dir='ltr'><strong>purpura,</strong></span> <span class='ocrx_word' id='word_1_290' title='bbox 1813 3774 1946 3828; x_wconf 88' lang='lat' dir='ltr'><strong>qua-</strong></span> 
     </span>
    </p>
   </div>
   <div class='ocr_carea' id='block_1_43' title="bbox 365 3825 1945 3916">
    <p class='ocr_par' dir='ltr' id='par_1_43' title="bbox 365 3825 1945 3916">
     <span class='ocr_line' id='line_1_43' title="bbox 365 3825 1945 3916; baseline 0.017 -37"><span class='ocrx_word' id='word_1_291' title='bbox 365 3825 414 3879; x_wconf 84' lang='lat' dir='ltr'><strong>si</strong></span> <span class='ocrx_word' id='word_1_292' title='bbox 437 3827 604 3882; x_wconf 84' lang='lat' dir='ltr'><strong>nivem</strong></span> <span class='ocrx_word' id='word_1_293' title='bbox 629 3829 886 3886; x_wconf 80' lang='lat' dir='ltr'><strong>dealbabo</strong></span> <span class='ocrx_word' id='word_1_294' title='bbox 912 3835 954 3888; x_wconf 90' lang='grc'><strong>³.</strong></span> <span class='ocrx_word' id='word_1_295' title='bbox 985 3833 1092 3892; x_wconf 90' lang='lat' dir='ltr'><strong>Sed</strong></span> <span class='ocrx_word' id='word_1_296' title='bbox 1122 3838 1228 3895; x_wconf 87' lang='lat' dir='ltr'><strong>hoc</strong></span> <span class='ocrx_word' id='word_1_297' title='bbox 1251 3841 1473 3912; x_wconf 90' lang='lat' dir='ltr'><strong>quidem</strong></span> <span class='ocrx_word' id='word_1_298' title='bbox 1523 3854 1744 3916; x_wconf 84' lang='lat' dir='ltr'><strong>pactum</strong></span> <span class='ocrx_word' id='word_1_299' title='bbox 1791 3825 1945 3906; x_wconf 73' lang='lat' dir='ltr'><strong>Scri-</strong></span> 
     </span>
    </p>
   </div>
   <div class='ocr_carea' id='block_1_44' title="bbox 365 3926 1947 4004">
    <p class='ocr_par' dir='ltr' id='par_1_44' title="bbox 365 3926 1947 4004">
     <span class='ocr_line' id='line_1_44' title="bbox 365 3926 1947 4004; baseline 0.017 -33"><span class='ocrx_word' id='word_1_300' title='bbox 365 3926 524 3988; x_wconf 85' lang='lat' dir='ltr'><strong>ptura</strong></span> <span class='ocrx_word' id='word_1_301' title='bbox 545 3937 849 3992; x_wconf 70' lang='lat' dir='ltr'><strong>prominere</strong></span> <span class='ocrx_word' id='word_1_302' title='bbox 878 3932 1169 3984; x_wconf 83' lang='lat' dir='ltr'><strong>antevertit</strong></span> <span class='ocrx_word' id='word_1_303' title='bbox 1187 3950 1210 3997; x_wconf 83' lang='lat'><strong>;.</strong></span> <span class='ocrx_word' id='word_1_304' title='bbox 1232 3933 1326 4004; x_wconf 91' lang='lat' dir='ltr'><strong>qui</strong></span> <span class='ocrx_word' id='word_1_305' title='bbox 1365 3943 1549 3990; x_wconf 89' lang='lat' dir='ltr'><strong>autem</strong></span> <span class='ocrx_word' id='word_1_306' title='bbox 1576 3937 1804 3994; x_wconf 91' lang='lat' dir='ltr'><strong>deorum</strong></span> <span class='ocrx_word' id='word_1_307' title='bbox 1842 3958 1947 3998; x_wconf 53' lang='lat' dir='ltr'><strong>noq</strong></span> 
     </span>
    </p>
   </div>
   <div class='ocr_carea' id='block_1_45' title="bbox 363 4011 1942 4097">
    <p class='ocr_par' dir='ltr' id='par_1_45' title="bbox 363 4011 1942 4097">
     <span class='ocr_line' id='line_1_45' title="bbox 363 4011 1942 4097; baseline 0.018 -35"><span class='ocrx_word' id='word_1_308' title='bbox 363 4011 511 4068; x_wconf 89' lang='lat' dir='ltr'><strong>mine</strong></span> <span class='ocrx_word' id='word_1_309' title='bbox 531 4016 733 4081; x_wconf 85' lang='lat' dir='ltr'><strong>ornati,</strong></span> <span class='ocrx_word' id='word_1_310' title='bbox 757 4024 986 4072; x_wconf 86' lang='lat' dir='ltr'><strong>ettanta</strong></span> <span class='ocrx_word' id='word_1_311' title='bbox 1015 4020 1268 4078; x_wconf 89' lang='lat' dir='ltr'><strong>doctrina</strong></span> <span class='ocrx_word' id='word_1_312' title='bbox 1300 4024 1510 4097; x_wconf 77' lang='lat' dir='ltr'><strong>dignati</strong></span> <span class='ocrx_word' id='word_1_313' title='bbox 1540 4037 1691 4096; x_wconf 89' lang='lat' dir='ltr'><strong>sunt,</strong></span> <span class='ocrx_word' id='word_1_314' title='bbox 1743 4035 1942 4089; x_wconf 81' lang='lat' dir='ltr'><strong>nescie-</strong></span> 
     </span>
    </p>
   </div>
   <div class='ocr_carea' id='block_1_46' title="bbox 362 4111 1941 4183">
    <p class='ocr_par' dir='ltr' id='par_1_46' title="bbox 362 4111 1941 4183">
     <span class='ocr_line' id='line_1_46' title="bbox 362 4111 1941 4183; baseline 0.017 -26"><span class='ocrx_word' id='word_1_315' title='bbox 362 4116 508 4173; x_wconf 78' lang='lat' dir='ltr'><strong>runt,</strong></span> <span class='ocrx_word' id='word_1_316' title='bbox 536 4123 696 4180; x_wconf 84' lang='lat' dir='ltr'><strong>neque</strong></span> <span class='ocrx_word' id='word_1_317' title='bbox 725 4111 1114 4181; x_wconf 69' lang='lat' dir='ltr'><strong>intellexerunt,</strong></span> <span class='ocrx_word' id='word_1_318' title='bbox 1147 4117 1201 4170; x_wconf 87' lang='lat' dir='ltr'><strong>in</strong></span> <span class='ocrx_word' id='word_1_319' title='bbox 1229 4118 1456 4176; x_wconf 70' lang='lat' dir='ltr'><strong>tenebris</strong></span> <span class='ocrx_word' id='word_1_320' title='bbox 1488 4123 1792 4180; x_wconf 83' lang='lat' dir='ltr'><strong>ambulant.</strong></span> <span class='ocrx_word' id='word_1_321' title='bbox 1814 4126 1941 4183; x_wconf 66' lang='lat' dir='ltr'><strong>Haec</strong></span> 
     </span>
    </p>
   </div>
   <div class='ocr_carea' id='block_1_47' title="bbox 361 4196 1937 4288">
    <p class='ocr_par' dir='ltr' id='par_1_47' title="bbox 361 4196 1937 4288">
     <span class='ocr_line' id='line_1_47' title="bbox 361 4196 1937 4288; baseline 0.018 -42"><span class='ocrx_word' id='word_1_322' title='bbox 361 4209 527 4263; x_wconf 87' lang='lat' dir='ltr'><strong>porro</strong></span> <span class='ocrx_word' id='word_1_323' title='bbox 554 4196 620 4251; x_wconf 92' lang='lat' dir='ltr'><strong>ad</strong></span> <span class='ocrx_word' id='word_1_324' title='bbox 647 4207 863 4272; x_wconf 84' lang='lat' dir='ltr'><strong>tempus</strong></span> <span class='ocrx_word' id='word_1_325' title='bbox 884 4202 1011 4258; x_wconf 91' lang='lat' dir='ltr'><strong>item</strong></span> <span class='ocrx_word' id='word_1_326' title='bbox 1037 4206 1228 4275; x_wconf 77' lang='lat' dir='ltr'><strong>prima:</strong></span> <span class='ocrx_word' id='word_1_327' title='bbox 1259 4206 1570 4266; x_wconf 75' lang='lat' dir='ltr'><strong>Serva-toris</strong></span> <span class='ocrx_word' id='word_1_328' title='bbox 1618 4215 1795 4272; x_wconf 83' lang='lat' dir='ltr'><strong>nostri</strong></span> <span class='ocrx_word' id='word_1_329' title='bbox 1840 4233 1937 4288; x_wconf 89' lang='lat' dir='ltr'><strong>pe-</strong></span> 
     </span>
    </p>
   </div>
   <div class='ocr_carea' id='block_1_48' title="bbox 2075 541 3654 621">
    <p class='ocr_par' dir='ltr' id='par_1_48' title="bbox 2075 541 3654 621">
     <span class='ocr_line' id='line_1_48' title="bbox 2075 541 3654 621; baseline 0.006 -28"><span class='ocrx_word' id='word_1_330' title='bbox 2075 544 2356 610; x_wconf 83' lang='grc' dir='ltr'>γεγονέναι</span> <span class='ocrx_word' id='word_1_331' title='bbox 2388 541 2476 596; x_wconf 81' lang='grc' dir='ltr'>διὰ</span> <span class='ocrx_word' id='word_1_332' title='bbox 2502 544 2604 615; x_wconf 84' lang='grc' dir='ltr'>τὴν</span> <span class='ocrx_word' id='word_1_333' title='bbox 2644 547 2703 598; x_wconf 82' lang='grc' dir='ltr'>ὲν</span> <span class='ocrx_word' id='word_1_334' title='bbox 2740 545 3048 617; x_wconf 84' lang='grc' dir='ltr'>ἀνθρώποις</span> <span class='ocrx_word' id='word_1_335' title='bbox 3079 547 3272 619; x_wconf 89' lang='grc' dir='ltr'>νοεράν</span> <span class='ocrx_word' id='word_1_336' title='bbox 3303 550 3397 603; x_wconf 69' lang='grc' dir='ltr'><strong>καὶ</strong></span> <span class='ocrx_word' id='word_1_337' title='bbox 3430 549 3654 621; x_wconf 75' lang='grc' dir='ltr'>λογικὴν</span> 
     </span>
    </p>
   </div>
   <div class='ocr_carea' id='block_1_49' title="bbox 2075 632 3653 714">
    <p class='ocr_par' dir='ltr' id='par_1_49' title="bbox 2075 632 3653 714">
     <span class='ocr_line' id='line_1_49' title="bbox 2075 632 3653 714; baseline 0.008 -28"><span class='ocrx_word' id='word_1_338' title='bbox 2075 632 2282 686; x_wconf 90' lang='grc' dir='ltr'>ούσίαν.</span> <span class='ocrx_word' id='word_1_339' title='bbox 2305 633 2514 688; x_wconf 78' lang='grc' dir='ltr'>Αὐτίκα</span> <span class='ocrx_word' id='word_1_340' title='bbox 2542 635 2676 704; x_wconf 81' lang='grc' dir='ltr'>γοῦν</span> <span class='ocrx_word' id='word_1_341' title='bbox 2709 639 2766 692; x_wconf 85' lang='grc' dir='ltr'>ὲν</span> <span class='ocrx_word' id='word_1_342' title='bbox 2801 638 2948 710; x_wconf 83' lang='grc' dir='ltr'><strong>αύτῷ</strong></span> <span class='ocrx_word' id='word_1_343' title='bbox 2979 639 3057 710; x_wconf 87' lang='grc' dir='ltr'>τῷ</span> <span class='ocrx_word' id='word_1_344' title='bbox 3083 642 3428 713; x_wconf 80' lang='grc' dir='ltr'><strong>προκειμένῳ</strong></span> <span class='ocrx_word' id='word_1_345' title='bbox 3454 641 3653 714; x_wconf 74' lang='grc' dir='ltr'>ψαλμῶ</span> 
     </span>
    </p>
   </div>
   <div class='ocr_carea' id='block_1_50' title="bbox 2073 724 3652 807">
    <p class='ocr_par' dir='ltr' id='par_1_50' title="bbox 2073 724 3652 807">
     <span class='ocr_line' id='line_1_50' title="bbox 2073 724 3652 807; baseline 0.008 -30"><span class='ocrx_word' id='word_1_346' title='bbox 2073 724 2296 797; x_wconf 86' lang='grc' dir='ltr'>προῖὼν,</span> <span class='ocrx_word' id='word_1_347' title='bbox 2342 727 2371 780; x_wconf 92' lang='lat'><strong>6</strong></span> <span class='ocrx_word' id='word_1_348' title='bbox 2417 727 2573 796; x_wconf 82' lang='grc' dir='ltr'><strong>λόγος</strong></span> <span class='ocrx_word' id='word_1_349' title='bbox 2606 729 2740 802; x_wconf 76' lang='grc' dir='ltr'>φησὶ</span> <span class='ocrx_word' id='word_1_350' title='bbox 2786 731 2923 802; x_wconf 70' lang='grc' dir='ltr'>πρὸς</span> <span class='ocrx_word' id='word_1_351' title='bbox 2953 734 3081 796; x_wconf 81' lang='grc' dir='ltr'>τοὺς</span> <span class='ocrx_word' id='word_1_352' title='bbox 3109 735 3614 807; x_wconf 85' lang='grc' dir='ltr'>κατηγορουμένους</span> <span class='ocrx_word' id='word_1_353' title='bbox 3635 752 3652 767; x_wconf 74' lang='grc' dir='ltr'><strong><em>ο</em></strong></span> 
     </span>
    </p>
   </div>
   <div class='ocr_carea' id='block_1_51' title="bbox 2085 815 3652 895">
    <p class='ocr_par' dir='ltr' id='par_1_51' title="bbox 2085 815 3652 895">
     <span class='ocr_line' id='line_1_51' title="bbox 2085 815 3652 895; baseline 0.008 -25"><span class='ocrx_word' id='word_1_354' title='bbox 2085 817 2225 888; x_wconf 72' lang='grc' dir='ltr'><strong>Ἐγὼ</strong></span> <span class='ocrx_word' id='word_1_355' title='bbox 2252 815 2392 874; x_wconf 65' lang='lat' dir='ltr'><strong>clam</strong></span> <span class='ocrx_word' id='word_1_356' title='bbox 2409 838 2424 853; x_wconf 80' lang='grc' dir='ltr'><strong>ο</strong></span> <span class='ocrx_word' id='word_1_357' title='bbox 2453 822 2590 875; x_wconf 87' lang='grc' dir='ltr'>Θεοί</span> <span class='ocrx_word' id='word_1_358' title='bbox 2593 823 2598 827; x_wconf 76' lang='grc'>’</span> <span class='ocrx_word' id='word_1_359' title='bbox 2629 822 2769 878; x_wconf 82' lang='grc' dir='ltr'>ἐστε</span> <span class='ocrx_word' id='word_1_360' title='bbox 2810 825 2910 879; x_wconf 75' lang='grc' dir='ltr'>καὶ</span> <span class='ocrx_word' id='word_1_361' title='bbox 2939 825 3057 880; x_wconf 78' lang='grc' dir='ltr'><strong>υἱοὶ</strong></span> <span class='ocrx_word' id='word_1_362' title='bbox 3093 826 3373 895; x_wconf 67' lang='grc' dir='ltr'><strong>Ὑψίστου</strong></span> <span class='ocrx_word' id='word_1_363' title='bbox 3405 827 3652 894; x_wconf 81' lang='grc' dir='ltr'>πάντες.</span> 
     </span>
    </p>
   </div>
   <div class='ocr_carea' id='block_1_52' title="bbox 2083 910 3662 988">
    <p class='ocr_par' dir='ltr' id='par_1_52' title="bbox 2083 910 3662 988">
     <span class='ocr_line' id='line_1_52' title="bbox 2083 910 3662 988; baseline 0.008 -27"><span class='ocrx_word' id='word_1_364' title='bbox 2083 910 2267 979; x_wconf 84' lang='grc' dir='ltr'>Ὑμεῖς</span> <span class='ocrx_word' id='word_1_365' title='bbox 2293 912 2361 966; x_wconf 82' lang='grc' dir='ltr'>δὲ</span> <span class='ocrx_word' id='word_1_366' title='bbox 2395 914 2476 981; x_wconf 87' lang='grc' dir='ltr'>ὡς</span> <span class='ocrx_word' id='word_1_367' title='bbox 2513 915 2811 983; x_wconf 78' lang='grc' dir='ltr'>ἄνθρωποι</span> <span class='ocrx_word' id='word_1_368' title='bbox 2835 917 3274 986; x_wconf 58' lang='lat' dir='ltr'><strong>(iaces-riam,</strong></span> <span class='ocrx_word' id='word_1_369' title='bbox 3316 920 3416 975; x_wconf 75' lang='grc' dir='ltr'>καὶ</span> <span class='ocrx_word' id='word_1_370' title='bbox 3452 920 3534 987; x_wconf 85' lang='grc' dir='ltr'><strong>ὡς</strong></span> <span class='ocrx_word' id='word_1_371' title='bbox 3563 918 3662 988; x_wconf 72' lang='grc' dir='ltr'>εἷς</span> 
     </span>
    </p>
   </div>
   <div class='ocr_carea' id='block_1_53' title="bbox 2069 1000 3648 1082">
    <p class='ocr_par' dir='ltr' id='par_1_53' title="bbox 2069 1000 3648 1082">
     <span class='ocr_line' id='line_1_53' title="bbox 2069 1000 3648 1082; baseline 0.007 -28"><span class='ocrx_word' id='word_1_372' title='bbox 2069 1000 2190 1054; x_wconf 80' lang='grc' dir='ltr'><strong>τῶν</strong></span> <span class='ocrx_word' id='word_1_373' title='bbox 2216 1003 2526 1074; x_wconf 76' lang='grc' dir='ltr'>ἀρχόντων</span> <span class='ocrx_word' id='word_1_374' title='bbox 2553 1007 2817 1061; x_wconf 73' lang='grc' dir='ltr'>πίπτετε.</span> <span class='ocrx_word' id='word_1_375' title='bbox 2849 1009 2990 1072; x_wconf 80' lang='grc' dir='ltr'><strong>Τοὺς</strong></span> <span class='ocrx_word' id='word_1_376' title='bbox 3011 1009 3074 1080; x_wconf 87' lang='grc' dir='ltr'>δὴ</span> <span class='ocrx_word' id='word_1_377' title='bbox 3107 1005 3318 1064; x_wconf 79' lang='grc' dir='ltr'>οὖντοῦ</span> <span class='ocrx_word' id='word_1_378' title='bbox 3347 1009 3482 1064; x_wconf 76' lang='grc' dir='ltr'>λαοῦ</span> <span class='ocrx_word' id='word_1_379' title='bbox 3518 1028 3648 1082; x_wconf 88' lang='grc' dir='ltr'>προ-</span> 
     </span>
    </p>
   </div>
   <div class='ocr_carea' id='block_1_54' title="bbox 2071 1092 3658 1171">
    <p class='ocr_par' dir='ltr' id='par_1_54' title="bbox 2071 1092 3658 1171">
     <span class='ocr_line' id='line_1_54' title="bbox 2071 1092 3658 1171; baseline 0.008 -27"><span class='ocrx_word' id='word_1_380' title='bbox 2071 1092 2330 1158; x_wconf 81' lang='grc' dir='ltr'>εστῶτας,</span> <span class='ocrx_word' id='word_1_381' title='bbox 2363 1093 2544 1167; x_wconf 79' lang='grc' dir='ltr'><strong>ἱερέας</strong></span> <span class='ocrx_word' id='word_1_382' title='bbox 2569 1095 2770 1169; x_wconf 85' lang='grc' dir='ltr'>δηλαδὴ</span> <span class='ocrx_word' id='word_1_383' title='bbox 2807 1099 2902 1152; x_wconf 78' lang='grc' dir='ltr'>καὶ</span> <span class='ocrx_word' id='word_1_384' title='bbox 2943 1099 3258 1171; x_wconf 83' lang='grc' dir='ltr'>ἀρχιερέας,</span> <span class='ocrx_word' id='word_1_385' title='bbox 3283 1099 3411 1164; x_wconf 90' lang='grc' dir='ltr'>τούς</span> <span class='ocrx_word' id='word_1_386' title='bbox 3452 1117 3513 1155; x_wconf 87' lang='grc' dir='ltr'>τε</span> <span class='ocrx_word' id='word_1_387' title='bbox 3541 1101 3658 1156; x_wconf 70' lang='grc' dir='ltr'>λοιο·</span> 
     </span>
    </p>
   </div>
   <div class='ocr_carea' id='block_1_55' title="bbox 2069 1183 3653 1263">
    <p class='ocr_par' dir='ltr' id='par_1_55' title="bbox 2069 1183 3653 1263">
     <span class='ocr_line' id='line_1_55' title="bbox 2069 1183 3653 1263; baseline 0.006 -27"><span class='ocrx_word' id='word_1_388' title='bbox 2069 1185 2206 1247; x_wconf 82' lang='grc' dir='ltr'>ποὺς</span> <span class='ocrx_word' id='word_1_389' title='bbox 2238 1183 2503 1256; x_wconf 80' lang='grc' dir='ltr'>ἄρχοντας</span> <span class='ocrx_word' id='word_1_390' title='bbox 2525 1186 2831 1260; x_wconf 81' lang='grc' dir='ltr'><strong>ἀνακρίνων</strong></span> <span class='ocrx_word' id='word_1_391' title='bbox 2856 1189 2886 1241; x_wconf 92' lang='lat'><strong>6</strong></span> <span class='ocrx_word' id='word_1_392' title='bbox 2911 1188 3043 1253; x_wconf 83' lang='grc' dir='ltr'><strong>Θεὸς</strong></span> <span class='ocrx_word' id='word_1_393' title='bbox 3064 1189 3254 1259; x_wconf 77' lang='grc' dir='ltr'>Λόγος,</span> <span class='ocrx_word' id='word_1_394' title='bbox 3274 1189 3345 1244; x_wconf 89' lang='grc' dir='ltr'><strong>τά</strong></span> <span class='ocrx_word' id='word_1_395' title='bbox 3371 1192 3510 1262; x_wconf 85' lang='grc' dir='ltr'><strong>μετά</strong></span> <span class='ocrx_word' id='word_1_396' title='bbox 3533 1195 3653 1263; x_wconf 84' lang='grc' dir='ltr'><strong>χεῖ-</strong></span> 
     </span>
    </p>
   </div>
   <div class='ocr_carea' id='block_1_56' title="bbox 2069 1276 3660 1351">
    <p class='ocr_par' dir='ltr' id='par_1_56' title="bbox 2069 1276 3660 1351">
     <span class='ocr_line' id='line_1_56' title="bbox 2069 1276 3660 1351; baseline 0.006 -23"><span class='ocrx_word' id='word_1_397' title='bbox 2069 1292 2168 1347; x_wconf 85' lang='grc' dir='ltr'>ρας</span> <span class='ocrx_word' id='word_1_398' title='bbox 2196 1276 2548 1348; x_wconf 77' lang='grc' dir='ltr'>διεξέρχεται.</span> <span class='ocrx_word' id='word_1_399' title='bbox 2577 1278 2669 1332; x_wconf 83' lang='grc' dir='ltr'>Διδ</span> <span class='ocrx_word' id='word_1_400' title='bbox 2699 1279 2940 1351; x_wconf 74' lang='grc' dir='ltr'>εἴρηται·</span> <span class='ocrx_word' id='word_1_401' title='bbox 2981 1280 3034 1332; x_wconf 89' lang='grc' dir='ltr'><strong><em>Ὀ</em></strong></span> <span class='ocrx_word' id='word_1_402' title='bbox 3064 1279 3206 1347; x_wconf 76' lang='grc' dir='ltr'><strong>Θεὸς</strong></span> <span class='ocrx_word' id='word_1_403' title='bbox 3226 1281 3379 1350; x_wconf 76' lang='grc' dir='ltr'>ἔστη</span> <span class='ocrx_word' id='word_1_404' title='bbox 3403 1282 3474 1336; x_wconf 86' lang='grc' dir='ltr'>ἐν</span> <span class='ocrx_word' id='word_1_405' title='bbox 3500 1299 3660 1337; x_wconf 59' lang='grc' dir='ltr'>συν*</span> 
     </span>
    </p>
   </div>
   <div class='ocr_carea' id='block_1_57' title="bbox 2065 1366 3650 1440">
    <p class='ocr_par' dir='ltr' id='par_1_57' title="bbox 2065 1366 3650 1440">
     <span class='ocr_line' id='line_1_57' title="bbox 2065 1366 3650 1440; baseline 0.006 -20"><span class='ocrx_word' id='word_1_406' title='bbox 2065 1367 2267 1438; x_wconf 62' lang='lat' dir='ltr'><strong>arcani</strong></span> <span class='ocrx_word' id='word_1_407' title='bbox 2308 1366 2481 1434; x_wconf 85' lang='grc' dir='ltr'>θεῶν,</span> <span class='ocrx_word' id='word_1_408' title='bbox 2517 1369 2776 1439; x_wconf 82' lang='grc' dir='ltr'>ἐνμέσῳ</span> <span class='ocrx_word' id='word_1_409' title='bbox 2820 1369 2889 1424; x_wconf 77' lang='grc' dir='ltr'>δὲ</span> <span class='ocrx_word' id='word_1_410' title='bbox 2935 1371 3109 1438; x_wconf 82' lang='grc' dir='ltr'>θεοὺς</span> <span class='ocrx_word' id='word_1_411' title='bbox 3148 1374 3472 1440; x_wconf 67' lang='grc' dir='ltr'>διακρίνειν</span> <span class='ocrx_word' id='word_1_412' title='bbox 3505 1375 3650 1430; x_wconf 78' lang='grc' dir='ltr'>κατὰ</span> 
     </span>
    </p>
   </div>
   <div class='ocr_carea' id='block_1_58' title="bbox 2064 1457 3648 1532">
    <p class='ocr_par' dir='ltr' id='par_1_58' title="bbox 2064 1457 3648 1532">
     <span class='ocr_line' id='line_1_58' title="bbox 2064 1457 3648 1532; baseline -0.002 -22"><span class='ocrx_word' id='word_1_413' title='bbox 2064 1457 2120 1510; x_wconf 83' lang='grc' dir='ltr'>δὲ</span> <span class='ocrx_word' id='word_1_414' title='bbox 2149 1457 2240 1510; x_wconf 75' lang='grc' dir='ltr'><strong>τὸν</strong></span> <span class='ocrx_word' id='word_1_415' title='bbox 2267 1457 2495 1512; x_wconf 78' lang='grc' dir='ltr'><strong>Ἀκύλαν</strong></span> <span class='ocrx_word' id='word_1_416' title='bbox 2514 1475 2529 1489; x_wconf 85' lang='lat'><strong><em>°</em></strong></span> <span class='ocrx_word' id='word_1_417' title='bbox 2565 1458 2711 1526; x_wconf 80' lang='grc' dir='ltr'>Θεὸς</span> <span class='ocrx_word' id='word_1_418' title='bbox 2731 1460 2879 1528; x_wconf 74' lang='grc' dir='ltr'>ἔστη</span> <span class='ocrx_word' id='word_1_419' title='bbox 2907 1459 2978 1513; x_wconf 82' lang='grc' dir='ltr'>ἐν</span> <span class='ocrx_word' id='word_1_420' title='bbox 3001 1459 3329 1530; x_wconf 74' lang='grc' dir='ltr'><strong>συναγωγῇ</strong></span> <span class='ocrx_word' id='word_1_421' title='bbox 3359 1461 3648 1532; x_wconf 66' lang='grc' dir='ltr'><strong>ισχυρῷνν</strong></span> 
     </span>
    </p>
   </div>
   <div class='ocr_carea' id='block_1_59' title="bbox 2062 1546 3644 1620">
    <p class='ocr_par' dir='ltr' id='par_1_59' title="bbox 2062 1546 3644 1620">
     <span class='ocr_line' id='line_1_59' title="bbox 2062 1546 3644 1620; baseline 0.001 -20"><span class='ocrx_word' id='word_1_422' title='bbox 2062 1547 2133 1600; x_wconf 84' lang='grc' dir='ltr'>ἐν</span> <span class='ocrx_word' id='word_1_423' title='bbox 2155 1546 2385 1616; x_wconf 65' lang='lat' dir='ltr'><strong>eratcitth</strong></span> <span class='ocrx_word' id='word_1_424' title='bbox 2422 1547 2641 1616; x_wconf 85' lang='grc' dir='ltr'>Κύριος</span> <span class='ocrx_word' id='word_1_425' title='bbox 2667 1547 2855 1616; x_wconf 85' lang='grc' dir='ltr'>κρίνει</span> <span class='ocrx_word' id='word_1_426' title='bbox 2882 1563 2898 1578; x_wconf 90' lang='grc'><strong>·</strong></span> <span class='ocrx_word' id='word_1_427' title='bbox 2928 1547 3074 1602; x_wconf 81' lang='grc' dir='ltr'><strong>κατά</strong></span> <span class='ocrx_word' id='word_1_428' title='bbox 3106 1547 3164 1600; x_wconf 75' lang='grc' dir='ltr'>δὲ</span> <span class='ocrx_word' id='word_1_429' title='bbox 3192 1548 3282 1602; x_wconf 81' lang='grc' dir='ltr'>τὸν</span> <span class='ocrx_word' id='word_1_430' title='bbox 3316 1549 3610 1620; x_wconf 80' lang='grc' dir='ltr'>Σύμμαχον</span> <span class='ocrx_word' id='word_1_431' title='bbox 3630 1567 3644 1579; x_wconf 89' lang='grc'><strong>·</strong></span> 
     </span>
    </p>
   </div>
   <div class='ocr_carea' id='block_1_60' title="bbox 2076 1635 3662 1706">
    <p class='ocr_par' dir='ltr' id='par_1_60' title="bbox 2076 1635 3662 1706">
     <span class='ocr_line' id='line_1_60' title="bbox 2076 1635 3662 1706; baseline -0.001 -16"><span class='ocrx_word' id='word_1_432' title='bbox 2076 1637 2130 1690; x_wconf 88' lang='grc' dir='ltr'><strong><em>Ὁ</em></strong></span> <span class='ocrx_word' id='word_1_433' title='bbox 2159 1636 2304 1703; x_wconf 86' lang='grc' dir='ltr'><strong>Θεὸς</strong></span> <span class='ocrx_word' id='word_1_434' title='bbox 2329 1636 2588 1705; x_wconf 80' lang='grc' dir='ltr'><strong>κατέστη</strong></span> <span class='ocrx_word' id='word_1_435' title='bbox 2619 1636 2689 1690; x_wconf 82' lang='grc' dir='ltr'>ἐν</span> <span class='ocrx_word' id='word_1_436' title='bbox 2720 1635 2962 1702; x_wconf 78' lang='grc' dir='ltr'><strong>συνόδῳ</strong></span> <span class='ocrx_word' id='word_1_437' title='bbox 2985 1635 3155 1702; x_wconf 82' lang='grc' dir='ltr'>Θεοῦ,</span> <span class='ocrx_word' id='word_1_438' title='bbox 3185 1636 3252 1690; x_wconf 85' lang='grc' dir='ltr'>ἐν</span> <span class='ocrx_word' id='word_1_439' title='bbox 3270 1635 3483 1706; x_wconf 81' lang='grc' dir='ltr'><strong>μέσοις</strong></span> <span class='ocrx_word' id='word_1_440' title='bbox 3503 1636 3662 1702; x_wconf 78' lang='grc' dir='ltr'>Θεὸς</span> 
     </span>
    </p>
   </div>
   <div class='ocr_carea' id='block_1_61' title="bbox 2063 1725 3656 1800">
    <p class='ocr_par' dir='ltr' id='par_1_61' title="bbox 2063 1725 3656 1800">
     <span class='ocr_line' id='line_1_61' title="bbox 2063 1725 3656 1800; baseline -0.001 -17"><span class='ocrx_word' id='word_1_441' title='bbox 2063 1730 2302 1798; x_wconf 82' lang='grc' dir='ltr'>κρίνων.</span> <span class='ocrx_word' id='word_1_442' title='bbox 2336 1730 2384 1782; x_wconf 82' lang='grc' dir='ltr'>Κ</span> <span class='ocrx_word' id='word_1_443' title='bbox 2394 1729 2556 1800; x_wconf 87' lang='grc' dir='ltr'>ρίνων</span> <span class='ocrx_word' id='word_1_444' title='bbox 2596 1729 2652 1782; x_wconf 82' lang='grc' dir='ltr'>δὲ</span> <span class='ocrx_word' id='word_1_445' title='bbox 2681 1725 2834 1794; x_wconf 80' lang='grc' dir='ltr'>οὗτος</span> <span class='ocrx_word' id='word_1_446' title='bbox 2865 1731 2892 1783; x_wconf 90' lang='lat'><strong>6</strong></span> <span class='ocrx_word' id='word_1_447' title='bbox 2915 1729 3069 1796; x_wconf 77' lang='grc' dir='ltr'>Θεὸς,</span> <span class='ocrx_word' id='word_1_448' title='bbox 3096 1729 3298 1800; x_wconf 80' lang='grc' dir='ltr'>δηλαδὴ</span> <span class='ocrx_word' id='word_1_449' title='bbox 3326 1731 3357 1782; x_wconf 98' lang='lat'><strong>6</strong></span> <span class='ocrx_word' id='word_1_450' title='bbox 3386 1728 3481 1782; x_wconf 80' lang='grc' dir='ltr'><strong>τοῦ</strong></span> <span class='ocrx_word' id='word_1_451' title='bbox 3509 1729 3656 1783; x_wconf 72' lang='grc' dir='ltr'>Θεοῦ-</span> 
     </span>
    </p>
   </div>
   <div class='ocr_carea' id='block_1_62' title="bbox 1990 1810 3654 1895">
    <p class='ocr_par' dir='ltr' id='par_1_62' title="bbox 1990 1810 3654 1895">
     <span class='ocr_line' id='line_1_62' title="bbox 1990 1810 3654 1895; baseline 0.001 -20"><span class='ocrx_word' id='word_1_452' title='bbox 1990 1810 2032 1864; x_wconf 78' lang='grc' dir='ltr'><strong><em>Β</em></strong></span> <span class='ocrx_word' id='word_1_453' title='bbox 2059 1822 2250 1890; x_wconf 82' lang='grc' dir='ltr'>Λόγος,</span> <span class='ocrx_word' id='word_1_454' title='bbox 2282 1821 2378 1876; x_wconf 78' lang='grc' dir='ltr'>καὶ</span> <span class='ocrx_word' id='word_1_455' title='bbox 2414 1822 2706 1895; x_wconf 90' lang='grc' dir='ltr'>διακρίνων</span> <span class='ocrx_word' id='word_1_456' title='bbox 2732 1823 2833 1894; x_wconf 81' lang='grc' dir='ltr'><strong>τὴν</strong></span> <span class='ocrx_word' id='word_1_457' title='bbox 2860 1821 3156 1894; x_wconf 76' lang='grc' dir='ltr'><strong>λεγομένην</strong></span> <span class='ocrx_word' id='word_1_458' title='bbox 3185 1823 3506 1893; x_wconf 85' lang='grc' dir='ltr'>συναγωγὴν</span> <span class='ocrx_word' id='word_1_459' title='bbox 3533 1823 3654 1877; x_wconf 67' lang='grc' dir='ltr'><strong>τῶν</strong></span> 
     </span>
    </p>
   </div>
   <div class='ocr_carea' id='block_1_63' title="bbox 2063 1916 3652 1988">
    <p class='ocr_par' dir='ltr' id='par_1_63' title="bbox 2063 1916 3652 1988">
     <span class='ocr_line' id='line_1_63' title="bbox 2063 1916 3652 1988; baseline 0 -18"><span class='ocrx_word' id='word_1_460' title='bbox 2063 1916 2221 1981; x_wconf 90' lang='grc' dir='ltr'>θεῶν,</span> <span class='ocrx_word' id='word_1_461' title='bbox 2248 1916 2503 1987; x_wconf 76' lang='grc' dir='ltr'><strong>ἐλέγχους</strong></span> <span class='ocrx_word' id='word_1_462' title='bbox 2536 1918 2803 1988; x_wconf 79' lang='grc' dir='ltr'><strong>προσάγει</strong></span> <span class='ocrx_word' id='word_1_463' title='bbox 2834 1918 2946 1980; x_wconf 85' lang='grc' dir='ltr'>τοῖς</span> <span class='ocrx_word' id='word_1_464' title='bbox 2980 1917 3338 1988; x_wconf 72' lang='grc' dir='ltr'><strong>κρινομένοις.</strong></span> <span class='ocrx_word' id='word_1_465' title='bbox 3368 1916 3479 1970; x_wconf 81' lang='grc' dir='ltr'><strong>Καὶ</strong></span> <span class='ocrx_word' id='word_1_466' title='bbox 3520 1918 3652 1970; x_wconf 59' lang='grc' dir='ltr'>ἐπεὶ</span> 
     </span>
    </p>
   </div>
   <div class='ocr_carea' id='block_1_64' title="bbox 2060 2008 3646 2080">
    <p class='ocr_par' dir='ltr' id='par_1_64' title="bbox 2060 2008 3646 2080">
     <span class='ocr_line' id='line_1_64' title="bbox 2060 2008 3646 2080; baseline -0.002 -16"><span class='ocrx_word' id='word_1_467' title='bbox 2060 2010 2275 2064; x_wconf 84' lang='grc' dir='ltr'>δυνατοὶ</span> <span class='ocrx_word' id='word_1_468' title='bbox 2294 2010 2534 2071; x_wconf 84' lang='grc' dir='ltr'><strong>δυνατῶς</strong></span> <span class='ocrx_word' id='word_1_469' title='bbox 2559 2009 2971 2080; x_wconf 82' lang='grc' dir='ltr'>ὲτασθήσονται,</span> <span class='ocrx_word' id='word_1_470' title='bbox 2994 2009 3218 2074; x_wconf 80' lang='grc' dir='ltr'><strong>εἰκότως</strong></span> <span class='ocrx_word' id='word_1_471' title='bbox 3238 2009 3300 2062; x_wconf 79' lang='grc' dir='ltr'>τὸ</span> <span class='ocrx_word' id='word_1_472' title='bbox 3321 2009 3510 2080; x_wconf 81' lang='grc' dir='ltr'>τάγμα</span> <span class='ocrx_word' id='word_1_473' title='bbox 3533 2008 3646 2062; x_wconf 88' lang='grc' dir='ltr'><strong>τῶν</strong></span> 
     </span>
    </p>
   </div>
   <div class='ocr_carea' id='block_1_65' title="bbox 2062 2101 3636 2174">
    <p class='ocr_par' dir='ltr' id='par_1_65' title="bbox 2062 2101 3636 2174">
     <span class='ocr_line' id='line_1_65' title="bbox 2062 2101 3636 2174; baseline -0.001 -20"><span class='ocrx_word' id='word_1_474' title='bbox 2062 2101 2507 2174; x_wconf 80' lang='grc' dir='ltr'><strong>προλελεγμένων</strong></span> <span class='ocrx_word' id='word_1_475' title='bbox 2541 2101 2678 2155; x_wconf 90' lang='grc' dir='ltr'>θεῶν</span> <span class='ocrx_word' id='word_1_476' title='bbox 2703 2101 2952 2173; x_wconf 80' lang='grc' dir='ltr'><strong>ἀφορίζει</strong></span> <span class='ocrx_word' id='word_1_477' title='bbox 2987 2103 3132 2164; x_wconf 80' lang='grc' dir='ltr'><strong>ἰδίως</strong></span> <span class='ocrx_word' id='word_1_478' title='bbox 3159 2102 3254 2156; x_wconf 79' lang='grc' dir='ltr'>καὶ</span> <span class='ocrx_word' id='word_1_479' title='bbox 3284 2101 3481 2174; x_wconf 87' lang='grc' dir='ltr'>κρίνει,</span> <span class='ocrx_word' id='word_1_480' title='bbox 3507 2118 3636 2172; x_wconf 74' lang='grc' dir='ltr'>προ-</span> 
     </span>
    </p>
   </div>
   <div class='ocr_carea' id='block_1_66' title="bbox 2059 2193 3644 2267">
    <p class='ocr_par' dir='ltr' id='par_1_66' title="bbox 2059 2193 3644 2267">
     <span class='ocr_line' id='line_1_66' title="bbox 2059 2193 3644 2267; baseline -0.001 -19"><span class='ocrx_word' id='word_1_481' title='bbox 2059 2194 2280 2249; x_wconf 81' lang='grc' dir='ltr'>διελθὼν</span> <span class='ocrx_word' id='word_1_482' title='bbox 2315 2197 2372 2250; x_wconf 73' lang='grc' dir='ltr'>ὲν</span> <span class='ocrx_word' id='word_1_483' title='bbox 2407 2195 2486 2267; x_wconf 81' lang='grc' dir='ltr'><strong>τῷ</strong></span> <span class='ocrx_word' id='word_1_484' title='bbox 2510 2198 2617 2267; x_wconf 80' lang='grc' dir='ltr'>πρὸ</span> <span class='ocrx_word' id='word_1_485' title='bbox 2647 2197 2836 2250; x_wconf 88' lang='grc' dir='ltr'>τούτου</span> <span class='ocrx_word' id='word_1_486' title='bbox 2859 2196 3003 2267; x_wconf 81' lang='grc' dir='ltr'>λόγῳ</span> <span class='ocrx_word' id='word_1_487' title='bbox 3023 2197 3114 2250; x_wconf 87' lang='grc' dir='ltr'>τὸν</span> <span class='ocrx_word' id='word_1_488' title='bbox 3143 2196 3362 2266; x_wconf 72' lang='grc' dir='ltr'>ἔλεγχον</span> <span class='ocrx_word' id='word_1_489' title='bbox 3385 2193 3480 2248; x_wconf 82' lang='grc' dir='ltr'>τοῦ</span> <span class='ocrx_word' id='word_1_490' title='bbox 3508 2194 3644 2266; x_wconf 80' lang='grc' dir='ltr'>πλή-</span> 
     </span>
    </p>
   </div>
   <div class='ocr_carea' id='block_1_67' title="bbox 2062 2285 3645 2360">
    <p class='ocr_par' dir='ltr' id='par_1_67' title="bbox 2062 2285 3645 2360">
     <span class='ocr_line' id='line_1_67' title="bbox 2062 2285 3645 2360; baseline -0.003 -18"><span class='ocrx_word' id='word_1_491' title='bbox 2062 2287 2184 2350; x_wconf 88' lang='grc' dir='ltr'>θους</span> <span class='ocrx_word' id='word_1_492' title='bbox 2203 2286 2298 2341; x_wconf 79' lang='grc' dir='ltr'><strong>τοῦ</strong></span> <span class='ocrx_word' id='word_1_493' title='bbox 2321 2287 2474 2341; x_wconf 82' lang='grc' dir='ltr'>λαοῦ.</span> <span class='ocrx_word' id='word_1_494' title='bbox 2493 2287 2653 2341; x_wconf 84' lang='grc' dir='ltr'>Ἀλλά</span> <span class='ocrx_word' id='word_1_495' title='bbox 2673 2289 2767 2342; x_wconf 71' lang='grc' dir='ltr'>καὶ</span> <span class='ocrx_word' id='word_1_496' title='bbox 2788 2287 3074 2360; x_wconf 87' lang='grc' dir='ltr'>διακρίνει,</span> <span class='ocrx_word' id='word_1_497' title='bbox 3092 2285 3294 2359; x_wconf 90' lang='grc' dir='ltr'>κρίνων</span> <span class='ocrx_word' id='word_1_498' title='bbox 3309 2286 3435 2350; x_wconf 78' lang='grc' dir='ltr'>τοὺς</span> <span class='ocrx_word' id='word_1_499' title='bbox 3457 2285 3645 2351; x_wconf 79' lang='grc' dir='ltr'><strong>ἀξίους</strong></span> 
     </span>
    </p>
   </div>
   <div class='ocr_carea' id='block_1_68' title="bbox 2060 2380 3640 2453">
    <p class='ocr_par' dir='ltr' id='par_1_68' title="bbox 2060 2380 3640 2453">
     <span class='ocr_line' id='line_1_68' title="bbox 2060 2380 3640 2453; baseline -0.001 -19"><span class='ocrx_word' id='word_1_500' title='bbox 2060 2380 2335 2452; x_wconf 77' lang='grc' dir='ltr'><strong>σωτηρίας</strong></span> <span class='ocrx_word' id='word_1_501' title='bbox 2359 2381 2453 2436; x_wconf 80' lang='grc' dir='ltr'>καὶ</span> <span class='ocrx_word' id='word_1_502' title='bbox 2472 2383 2598 2445; x_wconf 81' lang='grc' dir='ltr'>τοὺς</span> <span class='ocrx_word' id='word_1_503' title='bbox 2630 2381 2704 2453; x_wconf 85' lang='grc' dir='ltr'>μὴ</span> <span class='ocrx_word' id='word_1_504' title='bbox 2731 2381 3022 2445; x_wconf 79' lang='grc' dir='ltr'><strong>τοιούτους.</strong></span> <span class='ocrx_word' id='word_1_505' title='bbox 3048 2381 3239 2452; x_wconf 84' lang='grc' dir='ltr'>Κρίνει</span> <span class='ocrx_word' id='word_1_506' title='bbox 3261 2381 3318 2434; x_wconf 83' lang='grc' dir='ltr'>δὲ</span> <span class='ocrx_word' id='word_1_507' title='bbox 3337 2381 3438 2433; x_wconf 81' lang='grc' dir='ltr'>οὐκ</span> <span class='ocrx_word' id='word_1_508' title='bbox 3464 2382 3640 2451; x_wconf 78' lang='grc' dir='ltr'>ἐπηρ-</span> 
     </span>
    </p>
   </div>
   <div class='ocr_carea' id='block_1_69' title="bbox 2061 2471 3637 2544">
    <p class='ocr_par' dir='ltr' id='par_1_69' title="bbox 2061 2471 3637 2544">
     <span class='ocr_line' id='line_1_69' title="bbox 2061 2471 3637 2544; baseline -0.001 -19"><span class='ocrx_word' id='word_1_509' title='bbox 2061 2471 2258 2541; x_wconf 83' lang='grc' dir='ltr'>μένως,</span> <span class='ocrx_word' id='word_1_510' title='bbox 2286 2471 2777 2544; x_wconf 80' lang='grc' dir='ltr'>ούδὲτυραννικῶς,</span> <span class='ocrx_word' id='word_1_511' title='bbox 2807 2475 2864 2525; x_wconf 83' lang='grc' dir='ltr'>ὲν</span> <span class='ocrx_word' id='word_1_512' title='bbox 2898 2471 3023 2542; x_wconf 79' lang='grc' dir='ltr'>ὕψει</span> <span class='ocrx_word' id='word_1_513' title='bbox 3051 2489 3112 2524; x_wconf 85' lang='grc' dir='ltr'>τε</span> <span class='ocrx_word' id='word_1_514' title='bbox 3142 2471 3637 2544; x_wconf 76' lang='grc' dir='ltr'><strong>προκαθεζόμενος,</strong></span> 
     </span>
    </p>
   </div>
   <div class='ocr_carea' id='block_1_70' title="bbox 2055 2563 3641 2636">
    <p class='ocr_par' dir='ltr' id='par_1_70' title="bbox 2055 2563 3641 2636">
     <span class='ocr_line' id='line_1_70' title="bbox 2055 2563 3641 2636; baseline 0.001 -19"><span class='ocrx_word' id='word_1_515' title='bbox 2055 2564 2192 2618; x_wconf 85' lang='grc' dir='ltr'><strong>ἀλλά</strong></span> <span class='ocrx_word' id='word_1_516' title='bbox 2226 2565 2675 2635; x_wconf 71' lang='grc' dir='ltr'>συγκαταϐαίνων</span> <span class='ocrx_word' id='word_1_517' title='bbox 2712 2567 2824 2630; x_wconf 82' lang='grc' dir='ltr'>τοῖς</span> <span class='ocrx_word' id='word_1_518' title='bbox 2857 2566 3217 2636; x_wconf 80' lang='grc' dir='ltr'>κρινομένοις,</span> <span class='ocrx_word' id='word_1_519' title='bbox 3251 2564 3418 2635; x_wconf 77' lang='grc' dir='ltr'>μέσος</span> <span class='ocrx_word' id='word_1_520' title='bbox 3459 2563 3641 2618; x_wconf 80' lang='grc' dir='ltr'>αὐτῶν</span> 
     </span>
    </p>
   </div>
   <div class='ocr_carea' id='block_1_71' title="bbox 2057 2649 3642 2730">
    <p class='ocr_par' dir='ltr' id='par_1_71' title="bbox 2057 2649 3642 2730">
     <span class='ocr_line' id='line_1_71' title="bbox 2057 2649 3642 2730; baseline -0.001 -19"><span class='ocrx_word' id='word_1_521' title='bbox 2057 2658 2292 2722; x_wconf 80' lang='grc' dir='ltr'>ἵσταται,</span> <span class='ocrx_word' id='word_1_522' title='bbox 2329 2657 2685 2730; x_wconf 81' lang='grc' dir='ltr'>ὁμοιούμενος</span> <span class='ocrx_word' id='word_1_523' title='bbox 2715 2658 2899 2722; x_wconf 81' lang='grc' dir='ltr'>αὐτοῖς</span> <span class='ocrx_word' id='word_1_524' title='bbox 2921 2657 3000 2728; x_wconf 85' lang='grc' dir='ltr'><strong>τῷ</strong></span> <span class='ocrx_word' id='word_1_525' title='bbox 3029 2659 3266 2729; x_wconf 80' lang='grc' dir='ltr'>σχήματι</span> <span class='ocrx_word' id='word_1_526' title='bbox 3298 2657 3365 2710; x_wconf 88' lang='grc' dir='ltr'><strong>δι’</strong></span> <span class='ocrx_word' id='word_1_527' title='bbox 3397 2649 3459 2710; x_wconf 68' lang='grc' dir='ltr'><strong>οὗ</strong></span> <span class='ocrx_word' id='word_1_528' title='bbox 3492 2655 3642 2710; x_wconf 80' lang='grc' dir='ltr'>ἀνεί-</span> 
     </span>
    </p>
   </div>
   <div class='ocr_carea' id='block_1_72' title="bbox 2055 2748 3650 2824">
    <p class='ocr_par' dir='ltr' id='par_1_72' title="bbox 2055 2748 3650 2824">
     <span class='ocr_line' id='line_1_72' title="bbox 2055 2748 3650 2824; baseline 0 -20"><span class='ocrx_word' id='word_1_529' title='bbox 2055 2751 2223 2822; x_wconf 81' lang='grc' dir='ltr'>ληφεν</span> <span class='ocrx_word' id='word_1_530' title='bbox 2250 2750 2560 2824; x_wconf 74' lang='grc' dir='ltr'>ἀνθρώπω.</span> <span class='ocrx_word' id='word_1_531' title='bbox 2581 2751 2862 2806; x_wconf 80' lang='grc' dir='ltr'>Ἐντεῦθέν</span> <span class='ocrx_word' id='word_1_532' title='bbox 2889 2767 2950 2804; x_wconf 91' lang='grc' dir='ltr'>τε</span> <span class='ocrx_word' id='word_1_533' title='bbox 2974 2750 3077 2821; x_wconf 71' lang='grc' dir='ltr'>ἤδη</span> <span class='ocrx_word' id='word_1_534' title='bbox 3109 2749 3397 2822; x_wconf 80' lang='grc' dir='ltr'>προλαϐὼν</span> <span class='ocrx_word' id='word_1_535' title='bbox 3426 2748 3650 2805; x_wconf 64' lang='lat' dir='ltr'><strong>ams!-</strong></span> 
     </span>
    </p>
   </div>
   <div class='ocr_carea' id='block_1_73' title="bbox 2053 2841 3644 2915">
    <p class='ocr_par' dir='ltr' id='par_1_73' title="bbox 2053 2841 3644 2915">
     <span class='ocr_line' id='line_1_73' title="bbox 2053 2841 3644 2915; baseline -0.003 -17"><span class='ocrx_word' id='word_1_536' title='bbox 2053 2861 2204 2898; x_wconf 87' lang='grc' dir='ltr'>νεται</span> <span class='ocrx_word' id='word_1_537' title='bbox 2233 2843 2582 2915; x_wconf 74' lang='grc' dir='ltr'>σωφρονίζων</span> <span class='ocrx_word' id='word_1_538' title='bbox 2608 2844 2734 2907; x_wconf 81' lang='grc' dir='ltr'>τοὺς</span> <span class='ocrx_word' id='word_1_539' title='bbox 2753 2841 3042 2914; x_wconf 87' lang='grc' dir='ltr'>μέλλοντας</span> <span class='ocrx_word' id='word_1_540' title='bbox 3063 2841 3366 2913; x_wconf 82' lang='grc' dir='ltr'>κρίνεσθαι,</span> <span class='ocrx_word' id='word_1_541' title='bbox 3383 2842 3480 2894; x_wconf 76' lang='grc' dir='ltr'><strong>καὶ</strong></span> <span class='ocrx_word' id='word_1_542' title='bbox 3503 2857 3644 2911; x_wconf 83' lang='grc' dir='ltr'>προ-</span> 
     </span>
    </p>
   </div>
   <div class='ocr_carea' id='block_1_74' title="bbox 2054 2929 3641 3006">
    <p class='ocr_par' dir='ltr' id='par_1_74' title="bbox 2054 2929 3641 3006">
     <span class='ocr_line' id='line_1_74' title="bbox 2054 2929 3641 3006; baseline -0.003 -18"><span class='ocrx_word' id='word_1_543' title='bbox 2054 2936 2454 3006; x_wconf 87' lang='grc' dir='ltr'>φυλαττόμενος</span> <span class='ocrx_word' id='word_1_544' title='bbox 2495 2934 2692 2998; x_wconf 77' lang='grc' dir='ltr'>αὐτοὺς</span> <span class='ocrx_word' id='word_1_545' title='bbox 2715 2933 2853 3006; x_wconf 80' lang='grc' dir='ltr'>πρὸς</span> <span class='ocrx_word' id='word_1_546' title='bbox 2877 2932 2938 2986; x_wconf 78' lang='grc' dir='ltr'>τὸ</span> <span class='ocrx_word' id='word_1_547' title='bbox 2971 2931 3044 3004; x_wconf 81' lang='grc' dir='ltr'>μὴ</span> <span class='ocrx_word' id='word_1_548' title='bbox 3075 2932 3392 3001; x_wconf 84' lang='grc' dir='ltr'>περιπεσεῖν</span> <span class='ocrx_word' id='word_1_549' title='bbox 3441 2931 3506 3001; x_wconf 81' lang='grc' dir='ltr'><strong>τῇ</strong></span> <span class='ocrx_word' id='word_1_550' title='bbox 3539 2929 3641 3000; x_wconf 82' lang='grc' dir='ltr'><strong>τῆς</strong></span> 
     </span>
    </p>
   </div>
   <div class='ocr_carea' id='block_1_75' title="bbox 2053 3019 3644 3097">
    <p class='ocr_par' dir='ltr' id='par_1_75' title="bbox 2053 3019 3644 3097">
     <span class='ocr_line' id='line_1_75' title="bbox 2053 3019 3644 3097; baseline -0.004 -17"><span class='ocrx_word' id='word_1_551' title='bbox 2053 3026 2288 3097; x_wconf 84' lang='grc' dir='ltr'>κρίσεως</span> <span class='ocrx_word' id='word_1_552' title='bbox 2335 3026 2594 3096; x_wconf 78' lang='grc' dir='ltr'>τιμωρίᾳ,</span> <span class='ocrx_word' id='word_1_553' title='bbox 2629 3023 3082 3097; x_wconf 84' lang='grc' dir='ltr'>προκατορθῶσαι</span> <span class='ocrx_word' id='word_1_554' title='bbox 3129 3022 3186 3075; x_wconf 85' lang='grc' dir='ltr'>δὲ</span> <span class='ocrx_word' id='word_1_555' title='bbox 3234 3021 3331 3075; x_wconf 74' lang='grc' dir='ltr'>καὶ</span> <span class='ocrx_word' id='word_1_556' title='bbox 3361 3019 3644 3092; x_wconf 70' lang='grc' dir='ltr'>προφυλάο</span> 
     </span>
    </p>
   </div>
   <div class='ocr_carea' id='block_1_76' title="bbox 2055 3111 3456 3188">
    <p class='ocr_par' dir='ltr' id='par_1_76' title="bbox 2055 3111 3456 3188">
     <span class='ocr_line' id='line_1_76' title="bbox 2055 3111 3456 3188; baseline -0.004 -18"><span class='ocrx_word' id='word_1_557' title='bbox 2055 3114 2249 3182; x_wconf 76' lang='grc' dir='ltr'>ξασθαι</span> <span class='ocrx_word' id='word_1_558' title='bbox 2280 3117 2372 3170; x_wconf 84' lang='grc' dir='ltr'><strong>διὰ</strong></span> <span class='ocrx_word' id='word_1_559' title='bbox 2397 3117 2507 3170; x_wconf 88' lang='grc' dir='ltr'><strong>τῶν</strong></span> <span class='ocrx_word' id='word_1_560' title='bbox 2536 3115 2961 3188; x_wconf 86' lang='grc' dir='ltr'>προσαγομένων</span> <span class='ocrx_word' id='word_1_561' title='bbox 2983 3115 3165 3179; x_wconf 75' lang='grc' dir='ltr'>αὐτοῖς</span> <span class='ocrx_word' id='word_1_562' title='bbox 3198 3111 3456 3184; x_wconf 75' lang='grc' dir='ltr'>ἐλέγχων.</span> 
     </span>
    </p>
   </div>
   <div class='ocr_carea' id='block_1_77' title="bbox 2122 3203 3632 3301">
    <p class='ocr_par' dir='ltr' id='par_1_77' title="bbox 2122 3203 3632 3301">
     <span class='ocr_line' id='line_1_77' title="bbox 2122 3203 3632 3301; baseline -0.003 -37"><span class='ocrx_word' id='word_1_563' title='bbox 2122 3211 2214 3264; x_wconf 82' lang='grc' dir='ltr'><strong>Διὸ</strong></span> <span class='ocrx_word' id='word_1_564' title='bbox 2270 3211 2504 3280; x_wconf 83' lang='grc' dir='ltr'>φάσκει·</span> <span class='ocrx_word' id='word_1_565' title='bbox 2550 3210 2698 3274; x_wconf 84' lang='grc' dir='ltr'>Ἕως</span> <span class='ocrx_word' id='word_1_566' title='bbox 2739 3208 2886 3261; x_wconf 81' lang='grc' dir='ltr'>πότε</span> <span class='ocrx_word' id='word_1_567' title='bbox 2929 3207 3161 3275; x_wconf 79' lang='grc' dir='ltr'>κρίνετε</span> <span class='ocrx_word' id='word_1_568' title='bbox 3201 3205 3441 3301; x_wconf 77' lang='grc' dir='ltr'>ἀδικίαν</span> <span class='ocrx_word' id='word_1_569' title='bbox 3467 3245 3483 3270; x_wconf 93' lang='grc'><strong>,</strong></span> <span class='ocrx_word' id='word_1_570' title='bbox 3532 3203 3632 3301; x_wconf 48' lang='grc' dir='ltr'>καὶ</span> 
     </span>
    </p>
   </div>
   <div class='ocr_carea' id='block_1_78' title="bbox 2052 3295 3632 3370">
    <p class='ocr_par' dir='ltr' id='par_1_78' title="bbox 2052 3295 3632 3370">
     <span class='ocr_line' id='line_1_78' title="bbox 2052 3295 3632 3370; baseline -0.005 -16"><span class='ocrx_word' id='word_1_571' title='bbox 2052 3302 2346 3370; x_wconf 81' lang='grc' dir='ltr'>πρόσωπα</span> <span class='ocrx_word' id='word_1_572' title='bbox 2366 3297 2733 3370; x_wconf 75' lang='grc' dir='ltr'>ἁμαρτωλῶν</span> <span class='ocrx_word' id='word_1_573' title='bbox 2747 3297 3114 3366; x_wconf 78' lang='grc' dir='ltr'>λαμϐάνετε;</span> <span class='ocrx_word' id='word_1_574' title='bbox 3145 3295 3394 3364; x_wconf 83' lang='grc' dir='ltr'>Κρίνατε</span> <span class='ocrx_word' id='word_1_575' title='bbox 3417 3295 3632 3362; x_wconf 81' lang='grc' dir='ltr'>πτωχῷ</span> 
     </span>
    </p>
   </div>
   <div class='ocr_carea' id='block_1_79' title="bbox 2049 3385 3632 3464">
    <p class='ocr_par' dir='ltr' id='par_1_79' title="bbox 2049 3385 3632 3464">
     <span class='ocr_line' id='line_1_79' title="bbox 2049 3385 3632 3464; baseline -0.007 -15"><span class='ocrx_word' id='word_1_576' title='bbox 2049 3394 2151 3450; x_wconf 78' lang='grc' dir='ltr'>καὶ</span> <span class='ocrx_word' id='word_1_577' title='bbox 2175 3392 2434 3464; x_wconf 69' lang='grc' dir='ltr'>ὀρφανῷ.</span> <span class='ocrx_word' id='word_1_578' title='bbox 2463 3393 2546 3446; x_wconf 90' lang='grc' dir='ltr'><strong>Τά</strong></span> <span class='ocrx_word' id='word_1_579' title='bbox 2572 3393 2734 3463; x_wconf 83' lang='grc' dir='ltr'>ὃμοια</span> <span class='ocrx_word' id='word_1_580' title='bbox 2760 3391 2816 3445; x_wconf 81' lang='grc' dir='ltr'>δὲ</span> <span class='ocrx_word' id='word_1_581' title='bbox 2839 3390 3050 3455; x_wconf 87' lang='grc' dir='ltr'>τούτοις</span> <span class='ocrx_word' id='word_1_582' title='bbox 3081 3389 3178 3445; x_wconf 68' lang='grc' dir='ltr'>καὶ</span> <span class='ocrx_word' id='word_1_583' title='bbox 3199 3389 3289 3442; x_wconf 89' lang='grc' dir='ltr'><strong>διά</strong></span> <span class='ocrx_word' id='word_1_584' title='bbox 3323 3389 3540 3441; x_wconf 81' lang='grc' dir='ltr'>Ἡσαΐου</span> <span class='ocrx_word' id='word_1_585' title='bbox 3566 3385 3632 3439; x_wconf 80' lang='grc' dir='ltr'>τὸ</span> 
     </span>
    </p>
   </div>
   <div class='ocr_carea' id='block_1_80' title="bbox 2050 3479 3644 3560">
    <p class='ocr_par' dir='ltr' id='par_1_80' title="bbox 2050 3479 3644 3560">
     <span class='ocr_line' id='line_1_80' title="bbox 2050 3479 3644 3560; baseline -0.005 -20"><span class='ocrx_word' id='word_1_586' title='bbox 2050 3487 2389 3560; x_wconf 80' lang='grc' dir='ltr'>προφητικὸν</span> <span class='ocrx_word' id='word_1_587' title='bbox 2430 3483 2658 3556; x_wconf 76' lang='grc' dir='ltr'>Πνεῦμα</span> <span class='ocrx_word' id='word_1_588' title='bbox 2683 3484 2926 3555; x_wconf 82' lang='grc' dir='ltr'>κέκραγε</span> <span class='ocrx_word' id='word_1_589' title='bbox 2958 3482 3112 3552; x_wconf 87' lang='grc' dir='ltr'>λέγον</span> <span class='ocrx_word' id='word_1_590' title='bbox 3132 3497 3148 3514; x_wconf 80' lang='grc'><strong><em>⁸</em></strong></span> <span class='ocrx_word' id='word_1_591' title='bbox 3179 3481 3408 3537; x_wconf 80' lang='grc' dir='ltr'>Μάθετε</span> <span class='ocrx_word' id='word_1_592' title='bbox 3435 3479 3644 3534; x_wconf 70' lang='grc' dir='ltr'>καλὸν</span> 
     </span>
    </p>
   </div>
   <div class='ocr_carea' id='block_1_81' title="bbox 2049 3570 3634 3649">
    <p class='ocr_par' dir='ltr' id='par_1_81' title="bbox 2049 3570 3634 3649">
     <span class='ocr_line' id='line_1_81' title="bbox 2049 3570 3634 3649; baseline -0.006 -14"><span class='ocrx_word' id='word_1_593' title='bbox 2049 3581 2265 3647; x_wconf 80' lang='grc' dir='ltr'>ποιεῖν,</span> <span class='ocrx_word' id='word_1_594' title='bbox 2296 3579 2665 3649; x_wconf 79' lang='grc' dir='ltr'>ἐκζητήσατε</span> <span class='ocrx_word' id='word_1_595' title='bbox 2705 3579 2931 3646; x_wconf 80' lang='grc' dir='ltr'>κρίσιν,</span> <span class='ocrx_word' id='word_1_596' title='bbox 2962 3577 3203 3646; x_wconf 81' lang='grc' dir='ltr'>κρίνατε</span> <span class='ocrx_word' id='word_1_597' title='bbox 3247 3570 3486 3644; x_wconf 65' lang='grc' dir='ltr'>ὀρφανῷ</span> <span class='ocrx_word' id='word_1_598' title='bbox 3529 3571 3634 3625; x_wconf 71' lang='grc' dir='ltr'>καὶ</span> 
     </span>
    </p>
   </div>
   <div class='ocr_carea' id='block_1_82' title="bbox 2047 3664 3635 3743">
    <p class='ocr_par' dir='ltr' id='par_1_82' title="bbox 2047 3664 3635 3743">
     <span class='ocr_line' id='line_1_82' title="bbox 2047 3664 3635 3743; baseline -0.004 -17"><span class='ocrx_word' id='word_1_599' title='bbox 2047 3671 2404 3728; x_wconf 81' lang='grc' dir='ltr'>δικαιώσατε</span> <span class='ocrx_word' id='word_1_600' title='bbox 2450 3671 2607 3743; x_wconf 81' lang='grc' dir='ltr'><strong>χήρᾳ</strong></span> <span class='ocrx_word' id='word_1_601' title='bbox 2629 3686 2645 3703; x_wconf 78' lang='grc' dir='ltr'><strong>ο</strong></span> <span class='ocrx_word' id='word_1_602' title='bbox 2683 3670 2781 3724; x_wconf 76' lang='grc' dir='ltr'>καὶ</span> <span class='ocrx_word' id='word_1_603' title='bbox 2816 3669 3009 3737; x_wconf 82' lang='grc' dir='ltr'>δεῦτε,</span> <span class='ocrx_word' id='word_1_604' title='bbox 3054 3669 3152 3723; x_wconf 81' lang='grc' dir='ltr'>καὶ</span> <span class='ocrx_word' id='word_1_605' title='bbox 3199 3664 3635 3736; x_wconf 73' lang='grc' dir='ltr'>διαλεχθῶμεν,</span> 
     </span>
    </p>
   </div>
   <div class='ocr_carea' id='block_1_83' title="bbox 2045 3757 3630 3835">
    <p class='ocr_par' dir='ltr' id='par_1_83' title="bbox 2045 3757 3630 3835">
     <span class='ocr_line' id='line_1_83' title="bbox 2045 3757 3630 3835; baseline -0.006 -16"><span class='ocrx_word' id='word_1_606' title='bbox 2045 3765 2208 3835; x_wconf 76' lang='grc' dir='ltr'>λέγει</span> <span class='ocrx_word' id='word_1_607' title='bbox 2255 3766 2490 3834; x_wconf 82' lang='grc' dir='ltr'>Κύριος.</span> <span class='ocrx_word' id='word_1_608' title='bbox 2521 3763 2632 3820; x_wconf 76' lang='grc' dir='ltr'><strong>Καὶ</strong></span> <span class='ocrx_word' id='word_1_609' title='bbox 2663 3764 2772 3818; x_wconf 80' lang='grc' dir='ltr'><strong>ἐὰν</strong></span> <span class='ocrx_word' id='word_1_610' title='bbox 2800 3758 2948 3817; x_wconf 84' lang='grc' dir='ltr'>ὦσιν</span> <span class='ocrx_word' id='word_1_611' title='bbox 2975 3765 3034 3816; x_wconf 80' lang='grc' dir='ltr'>αἱ</span> <span class='ocrx_word' id='word_1_612' title='bbox 3059 3760 3337 3832; x_wconf 81' lang='grc' dir='ltr'>ἁμαρτίαι</span> <span class='ocrx_word' id='word_1_613' title='bbox 3360 3757 3529 3828; x_wconf 83' lang='grc' dir='ltr'>ὑμῶν</span> <span class='ocrx_word' id='word_1_614' title='bbox 3551 3757 3630 3823; x_wconf 84' lang='grc' dir='ltr'><strong>ὡς</strong></span> 
     </span>
    </p>
   </div>
   <div class='ocr_carea' id='block_1_84' title="bbox 2045 3848 3638 3954">
    <p class='ocr_par' dir='ltr' id='par_1_84' title="bbox 2045 3848 3638 3954">
     <span class='ocr_line' id='line_1_84' title="bbox 2045 3848 3638 3954; baseline -0.006 -42"><span class='ocrx_word' id='word_1_615' title='bbox 2045 3856 2380 3927; x_wconf 70' lang='grc' dir='ltr'>φοινικοῦν,</span> <span class='ocrx_word' id='word_1_616' title='bbox 2417 3858 2495 3923; x_wconf 85' lang='grc' dir='ltr'>ὡς</span> <span class='ocrx_word' id='word_1_617' title='bbox 2543 3857 2720 3926; x_wconf 88' lang='grc' dir='ltr'>χιόνα</span> <span class='ocrx_word' id='word_1_618' title='bbox 2762 3853 3237 3954; x_wconf 51' lang='grc' dir='ltr'>λευκανῶΩΔλὶίὶ</span> <span class='ocrx_word' id='word_1_619' title='bbox 3261 3851 3443 3954; x_wconf 42' lang='lat' dir='ltr'><strong>fair-1a</strong></span> <span class='ocrx_word' id='word_1_620' title='bbox 3474 3848 3638 3954; x_wconf 42' lang='lat' dir='ltr'><strong>pév&#39;6z</strong></span> 
     </span>
    </p>
   </div>
   <div class='ocr_carea' id='block_1_85' title="bbox 2043 3942 3634 4022">
    <p class='ocr_par' dir='ltr' id='par_1_85' title="bbox 2043 3942 3634 4022">
     <span class='ocr_line' id='line_1_85' title="bbox 2043 3942 3634 4022; baseline -0.006 -22"><span class='ocrx_word' id='word_1_621' title='bbox 2043 3947 2199 4017; x_wconf 87' lang='grc' dir='ltr'>λόγος</span> <span class='ocrx_word' id='word_1_622' title='bbox 2242 3946 2720 4022; x_wconf 69' lang='grc' dir='ltr'>πρώιαστέλλεται</span> <span class='ocrx_word' id='word_1_623' title='bbox 2743 3965 2756 3979; x_wconf 78' lang='grc' dir='ltr'><strong><em>ο</em></strong></span> <span class='ocrx_word' id='word_1_624' title='bbox 2780 3947 2829 3999; x_wconf 79' lang='grc' dir='ltr'>οἱ</span> <span class='ocrx_word' id='word_1_625' title='bbox 2857 3946 2913 4000; x_wconf 82' lang='grc' dir='ltr'>δὲ</span> <span class='ocrx_word' id='word_1_626' title='bbox 2943 3948 3010 4017; x_wconf 79' lang='grc' dir='ltr'>τῇ</span> <span class='ocrx_word' id='word_1_627' title='bbox 3056 3945 3163 3998; x_wconf 90' lang='grc' dir='ltr'><strong>τῶν</strong></span> <span class='ocrx_word' id='word_1_628' title='bbox 3191 3942 3329 3997; x_wconf 88' lang='grc' dir='ltr'>θεῶν</span> <span class='ocrx_word' id='word_1_629' title='bbox 3359 3942 3634 4012; x_wconf 79' lang='grc' dir='ltr'>ὲπηγορίᾳ</span> 
     </span>
    </p>
   </div>
   <div class='ocr_carea' id='block_1_86' title="bbox 2041 4034 3630 4111">
    <p class='ocr_par' dir='ltr' id='par_1_86' title="bbox 2041 4034 3630 4111">
     <span class='ocr_line' id='line_1_86' title="bbox 2041 4034 3630 4111; baseline -0.005 -17"><span class='ocrx_word' id='word_1_630' title='bbox 2041 4039 2384 4111; x_wconf 86' lang='grc' dir='ltr'>τιμηθέντες,</span> <span class='ocrx_word' id='word_1_631' title='bbox 2433 4041 2528 4094; x_wconf 62' lang='grc' dir='ltr'><strong>καὶ¹</strong></span> <span class='ocrx_word' id='word_1_632' title='bbox 2577 4039 2846 4111; x_wconf 87' lang='grc' dir='ltr'>τοσαύτης</span> <span class='ocrx_word' id='word_1_633' title='bbox 2887 4037 3234 4100; x_wconf 82' lang='grc' dir='ltr'>διδασκαλίας</span> <span class='ocrx_word' id='word_1_634' title='bbox 3284 4034 3630 4102; x_wconf 81' lang='grc' dir='ltr'>ἀξιωθέντες,</span> 
     </span>
    </p>
   </div>
   <div class='ocr_carea' id='block_1_87' title="bbox 2042 4124 3629 4198">
    <p class='ocr_par' dir='ltr' id='par_1_87' title="bbox 2042 4124 3629 4198">
     <span class='ocr_line' id='line_1_87' title="bbox 2042 4124 3629 4198; baseline -0.005 -16"><span class='ocrx_word' id='word_1_635' title='bbox 2042 4131 2154 4183; x_wconf 76' lang='grc' dir='ltr'>οὐκ</span> <span class='ocrx_word' id='word_1_636' title='bbox 2194 4129 2489 4198; x_wconf 75' lang='grc' dir='ltr'>ἔγνωσαν,</span> <span class='ocrx_word' id='word_1_637' title='bbox 2526 4129 2669 4184; x_wconf 80' lang='grc' dir='ltr'>οὐδὲ</span> <span class='ocrx_word' id='word_1_638' title='bbox 2717 4127 3021 4198; x_wconf 80' lang='grc' dir='ltr'>συνῆκαν,</span> <span class='ocrx_word' id='word_1_639' title='bbox 3053 4127 3124 4182; x_wconf 82' lang='grc' dir='ltr'>ἐν</span> <span class='ocrx_word' id='word_1_640' title='bbox 3161 4128 3366 4181; x_wconf 82' lang='grc' dir='ltr'>σκότει</span> <span class='ocrx_word' id='word_1_641' title='bbox 3417 4124 3629 4177; x_wconf 77' lang='grc' dir='ltr'>διαπο-</span> 
     </span>
    </p>
   </div>
   <div class='ocr_carea' id='block_1_88' title="bbox 2031 4215 3634 4292">
    <p class='ocr_par' dir='ltr' id='par_1_88' title="bbox 2031 4215 3634 4292">
     <span class='ocr_line' id='line_1_88' title="bbox 2031 4215 3634 4292; baseline 0.002 -17"><span class='ocrx_word' id='word_1_642' title='bbox 2031 4222 2331 4288; x_wconf 84' lang='grc' dir='ltr'>ρεύονται.</span> <span class='ocrx_word' id='word_1_643' title='bbox 2363 4223 2549 4277; x_wconf 83' lang='grc' dir='ltr'>Ταῦτα</span> <span class='ocrx_word' id='word_1_644' title='bbox 2580 4223 2638 4277; x_wconf 85' lang='grc' dir='ltr'>δὲ</span> <span class='ocrx_word' id='word_1_645' title='bbox 2669 4222 2766 4277; x_wconf 78' lang='grc' dir='ltr'>καὶ</span> <span class='ocrx_word' id='word_1_646' title='bbox 2811 4224 2891 4286; x_wconf 79' lang='grc' dir='ltr'>εἰς</span> <span class='ocrx_word' id='word_1_647' title='bbox 2923 4221 3014 4276; x_wconf 59' lang='grc' dir='ltr'><strong>τῶ</strong></span> <span class='ocrx_word' id='word_1_648' title='bbox 3050 4220 3240 4292; x_wconf 80' lang='grc' dir='ltr'>καιρὸν</span> <span class='ocrx_word' id='word_1_649' title='bbox 3272 4219 3369 4290; x_wconf 85' lang='grc' dir='ltr'><strong>τῆς</strong></span> <span class='ocrx_word' id='word_1_650' title='bbox 3402 4215 3634 4289; x_wconf 83' lang='grc' dir='ltr'>πρώτης</span> 
     </span>
    </p>
   </div>
   <div class='ocr_carea' id='block_1_89' title="bbox 360 4287 1957 4388">
    <p class='ocr_par' dir='ltr' id='par_1_89' title="bbox 360 4287 1940 4378">
     <span class='ocr_line' id='line_1_89' title="bbox 360 4287 1940 4378; baseline 0.018 -40"><span class='ocrx_word' id='word_1_651' title='bbox 360 4287 749 4358; x_wconf 74' lang='lat' dir='ltr'><strong>regrinationis</strong></span> <span class='ocrx_word' id='word_1_652' title='bbox 782 4293 1110 4362; x_wconf 78' lang='lat' dir='ltr'><strong>referantur,</strong></span> <span class='ocrx_word' id='word_1_653' title='bbox 1139 4316 1249 4370; x_wconf 88' lang='lat' dir='ltr'><strong>quo</strong></span> <span class='ocrx_word' id='word_1_654' title='bbox 1291 4303 1359 4358; x_wconf 90' lang='lat' dir='ltr'><strong>ad</strong></span> <span class='ocrx_word' id='word_1_655' title='bbox 1391 4320 1699 4378; x_wconf 80' lang='lat' dir='ltr'><strong>synagogas</strong></span> <span class='ocrx_word' id='word_1_656' title='bbox 1721 4287 1940 4366; x_wconf 69' lang='lat' dir='ltr'><strong>Judzeo-</strong></span> 
     </span>
    </p>
   </div>
   <div class='ocr_carea' id='block_1_90' title="bbox 2057 4287 3632 4388">
    <p class='ocr_par' dir='ltr' id='par_1_90' title="bbox 2057 4287 3632 4388">
     <span class='ocr_line' id='line_1_90' title="bbox 2057 4287 3632 4388; baseline -0.003 -22"><span class='ocrx_word' id='word_1_657' title='bbox 2057 4312 2132 4366; x_wconf 74' lang='grc' dir='ltr'>τοῦ</span> <span class='ocrx_word' id='word_1_658' title='bbox 2167 4313 2417 4386; x_wconf 83' lang='grc' dir='ltr'>Σωτῆρος</span> <span class='ocrx_word' id='word_1_659' title='bbox 2447 4314 2605 4386; x_wconf 86' lang='grc' dir='ltr'>ήμῶν</span> <span class='ocrx_word' id='word_1_660' title='bbox 2639 4315 2932 4388; x_wconf 80' lang='grc' dir='ltr'>ἐπιδημίας</span> <span class='ocrx_word' id='word_1_661' title='bbox 2956 4287 3280 4385; x_wconf 78' lang='grc' dir='ltr'>ἀναφέροιτο</span> <span class='ocrx_word' id='word_1_662' title='bbox 3303 4287 3390 4377; x_wconf 74' lang='grc' dir='ltr'><strong>ἀν,</strong></span> <span class='ocrx_word' id='word_1_663' title='bbox 3425 4287 3548 4363; x_wconf 82' lang='grc' dir='ltr'>καθ’</span> <span class='ocrx_word' id='word_1_664' title='bbox 3567 4309 3632 4362; x_wconf 84' lang='grc' dir='ltr'>ὃν</span> 
     </span>
    </p>
   </div>
   <div class='ocr_carea' id='block_1_91' title="bbox 359 4380 1957 4485">
    <p class='ocr_par' dir='ltr' id='par_1_91' title="bbox 359 4380 1932 4466">
     <span class='ocr_line' id='line_1_91' title="bbox 359 4380 1932 4466; baseline 0.02 -39"><span class='ocrx_word' id='word_1_665' title='bbox 359 4388 480 4428; x_wconf 85' lang='lat' dir='ltr'><strong>rum</strong></span> <span class='ocrx_word' id='word_1_666' title='bbox 509 4380 802 4449; x_wconf 87' lang='lat' dir='ltr'><strong>accedens,</strong></span> <span class='ocrx_word' id='word_1_667' title='bbox 831 4393 886 4438; x_wconf 90' lang='lat' dir='ltr'><strong>et</strong></span> <span class='ocrx_word' id='word_1_668' title='bbox 926 4385 981 4440; x_wconf 93' lang='lat' dir='ltr'><strong>in</strong></span> <span class='ocrx_word' id='word_1_669' title='bbox 1035 4391 1275 4446; x_wconf 90' lang='lat' dir='ltr'><strong>medium</strong></span> <span class='ocrx_word' id='word_1_670' title='bbox 1328 4396 1636 4466; x_wconf 82' lang='lat' dir='ltr'><strong>principum</strong></span> <span class='ocrx_word' id='word_1_671' title='bbox 1684 4399 1932 4466; x_wconf 78' lang='lat' dir='ltr'><strong>veniens.</strong></span> 
     </span>
    </p>
   </div>
   <div class='ocr_carea' id='block_1_92' title="bbox 2057 4380 3635 4485">
    <p class='ocr_par' dir='ltr' id='par_1_92' title="bbox 2057 4380 3635 4485">
     <span class='ocr_line' id='line_1_92' title="bbox 2057 4380 3635 4485; baseline 0 -24"><span class='ocrx_word' id='word_1_672' title='bbox 2057 4425 2098 4463; x_wconf 77' lang='lat' dir='ltr'><strong>:v</strong></span> <span class='ocrx_word' id='word_1_673' title='bbox 2116 4412 2234 4473; x_wconf 81' lang='grc' dir='ltr'>ταῖς</span> <span class='ocrx_word' id='word_1_674' title='bbox 2255 4380 2600 4481; x_wconf 41' lang='grc' dir='ltr'>σύναγω-γαῖς</span> <span class='ocrx_word' id='word_1_675' title='bbox 2625 4380 2989 4485; x_wconf 64' lang='grc' dir='ltr'>παραέάλλων</span> <span class='ocrx_word' id='word_1_676' title='bbox 3008 4380 3103 4466; x_wconf 69' lang='grc' dir='ltr'><strong>τού</strong></span> <span class='ocrx_word' id='word_1_677' title='bbox 3133 4380 3400 4466; x_wconf 43' lang='grc' dir='ltr'>ζῐουδαίων</span> <span class='ocrx_word' id='word_1_678' title='bbox 3415 4408 3635 4479; x_wconf 58' lang='grc' dir='ltr'>ἔθνους,</span> 
     </span>
    </p>
   </div>
   <div class='ocr_carea' id='block_1_93' title="bbox 357 4467 1957 4576">
    <p class='ocr_par' dir='ltr' id='par_1_93' title="bbox 357 4467 1936 4558">
     <span class='ocr_line' id='line_1_93' title="bbox 357 4467 1936 4558; baseline 0.019 -41"><span class='ocrx_word' id='word_1_679' title='bbox 357 4477 483 4518; x_wconf 90' lang='lat' dir='ltr'><strong>cum</strong></span> <span class='ocrx_word' id='word_1_680' title='bbox 517 4467 654 4536; x_wconf 87' lang='lat' dir='ltr'><strong>ipsis</strong></span> <span class='ocrx_word' id='word_1_681' title='bbox 679 4470 1017 4542; x_wconf 80' lang='lat' dir='ltr'><strong>disputabat,</strong></span> <span class='ocrx_word' id='word_1_682' title='bbox 1057 4479 1318 4552; x_wconf 85' lang='lat' dir='ltr'><strong>ipsosque</strong></span> <span class='ocrx_word' id='word_1_683' title='bbox 1359 4488 1716 4558; x_wconf 83' lang='lat' dir='ltr'><strong>coarguebat,</strong></span> <span class='ocrx_word' id='word_1_684' title='bbox 1744 4491 1936 4546; x_wconf 83' lang='lat' dir='ltr'><strong>testiﬁ-</strong></span> 
     </span>
    </p>
   </div>
   <div class='ocr_carea' id='block_1_94' title="bbox 2057 4467 3627 4576">
    <p class='ocr_par' dir='ltr' id='par_1_94' title="bbox 2057 4467 3627 4576">
     <span class='ocr_line' id='line_1_94' title="bbox 2057 4467 3627 4576; baseline 0 -22"><span class='ocrx_word' id='word_1_685' title='bbox 2057 4501 2133 4554; x_wconf 78' lang='lat' dir='ltr'><strong>ta‘t</strong></span> <span class='ocrx_word' id='word_1_686' title='bbox 2183 4467 2344 4573; x_wconf 74' lang='grc' dir='ltr'>μέσος</span> <span class='ocrx_word' id='word_1_687' title='bbox 2539 4467 2818 4576; x_wconf 60' lang='grc' dir='ltr'>ἀρχόντων</span> <span class='ocrx_word' id='word_1_688' title='bbox 2867 4502 3101 4576; x_wconf 85' lang='grc' dir='ltr'>παριὼν,</span> <span class='ocrx_word' id='word_1_689' title='bbox 3131 4503 3230 4566; x_wconf 88' lang='grc' dir='ltr'><strong>τάς</strong></span> <span class='ocrx_word' id='word_1_690' title='bbox 3260 4503 3398 4574; x_wconf 87' lang='grc' dir='ltr'>πρὸς</span> <span class='ocrx_word' id='word_1_691' title='bbox 3427 4501 3627 4564; x_wconf 80' lang='grc' dir='ltr'>αὐτοὺς</span> 
     </span>
    </p>
   </div>
   <div class='ocr_carea' id='block_1_95' title="bbox 353 4557 1957 4667">
    <p class='ocr_par' dir='ltr' id='par_1_95' title="bbox 353 4557 1933 4653">
     <span class='ocr_line' id='line_1_95' title="bbox 353 4557 1933 4653; baseline 0.02 -46"><span class='ocrx_word' id='word_1_692' title='bbox 353 4567 489 4610; x_wconf 88' lang='lat' dir='ltr'><strong>cans</strong></span> <span class='ocrx_word' id='word_1_693' title='bbox 533 4557 868 4632; x_wconf 84' lang='lat' dir='ltr'><strong>ediceusque</strong></span> <span class='ocrx_word' id='word_1_694' title='bbox 914 4581 978 4620; x_wconf 90' lang='lat' dir='ltr'><strong>ea</strong></span> <span class='ocrx_word' id='word_1_695' title='bbox 1029 4583 1152 4638; x_wconf 66' lang='lat' dir='ltr'><strong>qua:</strong></span> <span class='ocrx_word' id='word_1_696' title='bbox 1198 4571 1252 4626; x_wconf 89' lang='lat' dir='ltr'><strong>in</strong></span> <span class='ocrx_word' id='word_1_697' title='bbox 1311 4557 1518 4632; x_wconf 16' lang='lat' dir='ltr'><strong>futuro,</strong></span> <span class='ocrx_word' id='word_1_698' title='bbox 1539 4577 1750 4647; x_wconf 89' lang='lat' dir='ltr'><strong>judicio</strong></span> <span class='ocrx_word' id='word_1_699' title='bbox 1795 4583 1933 4653; x_wconf 88' lang='lat' dir='ltr'><strong>ipsis</strong></span> 
     </span>
    </p>
   </div>
   <div class='ocr_carea' id='block_1_96' title="bbox 2057 4557 3628 4667">
    <p class='ocr_par' dir='ltr' id='par_1_96' title="bbox 2057 4557 3628 4667">
     <span class='ocr_line' id='line_1_96' title="bbox 2057 4557 3628 4667; baseline 0.001 -22"><span class='ocrx_word' id='word_1_700' title='bbox 2057 4557 2273 4648; x_wconf 56' lang='lat' dir='ltr'><strong>monito</strong></span> <span class='ocrx_word' id='word_1_701' title='bbox 2298 4557 2861 4667; x_wconf 51' lang='lat' dir='ltr'><strong>ﬁtaléﬁstc,|£léyxouq</strong></span> <span class='ocrx_word' id='word_1_702' title='bbox 2884 4615 2944 4650; x_wconf 89' lang='grc' dir='ltr'><strong>τε</strong></span> <span class='ocrx_word' id='word_1_703' title='bbox 2973 4597 3158 4660; x_wconf 79' lang='grc' dir='ltr'>αὐτοῖς</span> <span class='ocrx_word' id='word_1_704' title='bbox 3178 4595 3352 4666; x_wconf 78' lang='grc' dir='ltr'>ἐπῆγε</span> <span class='ocrx_word' id='word_1_705' title='bbox 3367 4636 3384 4662; x_wconf 93' lang='grc'><strong>,</strong></span> <span class='ocrx_word' id='word_1_706' title='bbox 3418 4611 3628 4667; x_wconf 85' lang='grc' dir='ltr'>μαρτυ-</span> 
     </span>
    </p>
   </div>
   <div class='ocr_carea' id='block_1_97' title="bbox 351 4655 1957 4760">
    <p class='ocr_par' dir='ltr' id='par_1_97' title="bbox 351 4655 1932 4743">
     <span class='ocr_line' id='line_1_97' title="bbox 351 4655 1932 4743; baseline 0.022 -45"><span class='ocrx_word' id='word_1_707' title='bbox 351 4655 622 4704; x_wconf 78' lang='lat' dir='ltr'><strong>eventura</strong></span> <span class='ocrx_word' id='word_1_708' title='bbox 642 4665 821 4712; x_wconf 88' lang='lat' dir='ltr'><strong>erant.</strong></span> <span class='ocrx_word' id='word_1_709' title='bbox 855 4655 946 4712; x_wconf 87' lang='lat' dir='ltr'><strong>Sic</strong></span> <span class='ocrx_word' id='word_1_710' title='bbox 973 4660 1157 4731; x_wconf 90' lang='lat' dir='ltr'><strong>itaque</strong></span> <span class='ocrx_word' id='word_1_711' title='bbox 1187 4663 1331 4722; x_wconf 89' lang='lat' dir='ltr'><strong>Deus</strong></span> <span class='ocrx_word' id='word_1_712' title='bbox 1366 4669 1458 4724; x_wconf 91' lang='lat' dir='ltr'><strong>illo</strong></span> <span class='ocrx_word' id='word_1_713' title='bbox 1480 4680 1726 4743; x_wconf 89' lang='lat' dir='ltr'><strong>tempore</strong></span> <span class='ocrx_word' id='word_1_714' title='bbox 1749 4676 1932 4733; x_wconf 85' lang='lat' dir='ltr'><strong>stabat</strong></span> 
     </span>
    </p>
   </div>
   <div class='ocr_carea' id='block_1_98' title="bbox 2057 4655 3627 4760">
    <p class='ocr_par' dir='ltr' id='par_1_98' title="bbox 2057 4655 3627 4760">
     <span class='ocr_line' id='line_1_98' title="bbox 2057 4655 3627 4760; baseline 0.003 -24"><span class='ocrx_word' id='word_1_715' title='bbox 2057 4683 2271 4754; x_wconf 67' lang='grc' dir='ltr'>οόμενος</span> <span class='ocrx_word' id='word_1_716' title='bbox 2321 4686 2412 4738; x_wconf 77' lang='grc' dir='ltr'>καὶ</span> <span class='ocrx_word' id='word_1_717' title='bbox 2455 4655 2898 4758; x_wconf 62' lang='grc' dir='ltr'>διαστελλδμενος</span> <span class='ocrx_word' id='word_1_718' title='bbox 2923 4686 2993 4741; x_wconf 77' lang='grc' dir='ltr'>τὰ</span> <span class='ocrx_word' id='word_1_719' title='bbox 3020 4655 3151 4760; x_wconf 56' lang='grc' dir='ltr'>περί</span> <span class='ocrx_word' id='word_1_720' title='bbox 3174 4655 3627 4758; x_wconf 49' lang='grc' dir='ltr'>τῆςημελλούσης</span> 
     </span>
    </p>
   </div>
   <div class='ocr_carea' id='block_1_99' title="bbox 355 4737 1957 4850">
    <p class='ocr_par' dir='ltr' id='par_1_99' title="bbox 355 4737 1931 4826">
     <span class='ocr_line' id='line_1_99' title="bbox 355 4737 1931 4826; baseline 0.023 -35"><span class='ocrx_word' id='word_1_721' title='bbox 355 4737 412 4792; x_wconf 82' lang='lat' dir='ltr'><strong>in</strong></span> <span class='ocrx_word' id='word_1_722' title='bbox 441 4755 714 4818; x_wconf 76' lang='lat' dir='ltr'><strong>synagoga</strong></span> <span class='ocrx_word' id='word_1_723' title='bbox 743 4748 992 4818; x_wconf 85' lang='lat' dir='ltr'><strong>deorum,</strong></span> <span class='ocrx_word' id='word_1_724' title='bbox 1029 4763 1086 4810; x_wconf 91' lang='lat' dir='ltr'><strong>et</strong></span> <span class='ocrx_word' id='word_1_725' title='bbox 1111 4759 1166 4812; x_wconf 90' lang='lat' dir='ltr'><strong>in</strong></span> <span class='ocrx_word' id='word_1_726' title='bbox 1211 4761 1391 4816; x_wconf 90' lang='lat' dir='ltr'><strong>medio</strong></span> <span class='ocrx_word' id='word_1_727' title='bbox 1419 4776 1752 4825; x_wconf 86' lang='lat' dir='ltr'><strong>memoratos</strong></span> <span class='ocrx_word' id='word_1_728' title='bbox 1795 4770 1931 4826; x_wconf 88' lang='lat' dir='ltr'><strong>deos</strong></span> 
     </span>
    </p>
   </div>
   <div class='ocr_carea' id='block_1_100' title="bbox 2057 4737 3625 4850">
    <p class='ocr_par' dir='ltr' id='par_1_100' title="bbox 2057 4737 3625 4850">
     <span class='ocr_line' id='line_1_100' title="bbox 2057 4737 3625 4850; baseline 0 -21"><span class='ocrx_word' id='word_1_729' title='bbox 2057 4737 2642 4848; x_wconf 47' lang='lat' dir='ltr'><strong>tuaobg&#39;malﬁdaeaﬂat</strong></span> <span class='ocrx_word' id='word_1_730' title='bbox 2693 4737 2948 4850; x_wconf 71' lang='grc' dir='ltr'>κρίσεως.</span> <span class='ocrx_word' id='word_1_731' title='bbox 2982 4737 3168 4844; x_wconf 69' lang='grc' dir='ltr'>Οὖτῶς</span> <span class='ocrx_word' id='word_1_732' title='bbox 3202 4774 3297 4832; x_wconf 76' lang='grc' dir='ltr'>οὖν</span> <span class='ocrx_word' id='word_1_733' title='bbox 3322 4781 3350 4833; x_wconf 86' lang='lat'><strong>6</strong></span> <span class='ocrx_word' id='word_1_734' title='bbox 3379 4779 3512 4841; x_wconf 81' lang='grc' dir='ltr'><strong>Θεὸς</strong></span> <span class='ocrx_word' id='word_1_735' title='bbox 3554 4773 3625 4849; x_wconf 77' lang='grc' dir='ltr'>ἦν</span> 
     </span>
    </p>
   </div>
   <div class='ocr_carea' id='block_1_101' title="bbox 347 4829 1957 4944">
    <p class='ocr_par' dir='ltr' id='par_1_101' title="bbox 347 4829 1930 4944">
     <span class='ocr_line' id='line_1_101' title="bbox 347 4829 1930 4944; baseline 0.023 -60"><span class='ocrx_word' id='word_1_736' title='bbox 347 4829 649 4944; x_wconf 57' lang='lat' dir='ltr'><strong>judicabat.</strong></span> <span class='ocrx_word' id='word_1_737' title='bbox 685 4838 793 4898; x_wconf 85' lang='lat' dir='ltr'><strong>Pro</strong></span> <span class='ocrx_word' id='word_1_738' title='bbox 817 4843 912 4898; x_wconf 91' lang='lat' dir='ltr'><strong>illo</strong></span> <span class='ocrx_word' id='word_1_739' title='bbox 935 4862 1190 4920; x_wconf 84' lang='lat' dir='ltr'><strong>namque,</strong></span> <span class='ocrx_word' id='word_1_740' title='bbox 1227 4851 1514 4922; x_wconf 78' lang='lat' dir='ltr'><strong>dijudicat,</strong></span> <span class='ocrx_word' id='word_1_741' title='bbox 1565 4857 1930 4932; x_wconf 84' lang='lat' dir='ltr'><strong>Symmachus</strong></span> 
     </span>
    </p>
   </div>
   <div class='ocr_carea' id='block_1_102' title="bbox 2057 4829 3626 4944">
    <p class='ocr_par' dir='ltr' id='par_1_102' title="bbox 2057 4829 3626 4944">
     <span class='ocr_line' id='line_1_102' title="bbox 2088 4829 3590 4850; baseline 0.001 -2"><span class='ocrx_word' id='word_1_742' title='bbox 2088 4829 2093 4830; x_wconf 52' lang='grc' dir='ltr'><strong>ν</strong></span> <span class='ocrx_word' id='word_1_743' title='bbox 2326 4829 2356 4831; x_wconf 51' lang='grc' dir='ltr'><strong><em>η</em></strong></span> <span class='ocrx_word' id='word_1_744' title='bbox 2430 4829 2537 4848; x_wconf 56' lang='grc' dir='ltr'><strong>..η</strong></span> <span class='ocrx_word' id='word_1_745' title='bbox 2696 4829 2946 4850; x_wconf 63' lang='grc' dir='ltr'>-τη-πντ</span> <span class='ocrx_word' id='word_1_746' title='bbox 2990 4829 3165 4844; x_wconf 50' lang='lat' dir='ltr'><strong>&quot;mw</strong></span> <span class='ocrx_word' id='word_1_747' title='bbox 3327 4829 3345 4833; x_wconf 63' lang='grc' dir='ltr'>ν</span> <span class='ocrx_word' id='word_1_748' title='bbox 3562 4829 3590 4849; x_wconf 83' lang='grc' dir='ltr'>-ι</span> 
     </span>
     <span class='ocr_line' id='line_1_103' title="bbox 2057 4867 3626 4944; baseline 0.001 -25"><span class='ocrx_word' id='word_1_749' title='bbox 2057 4868 2157 4921; x_wconf 84' lang='grc' dir='ltr'>ιατ’</span> <span class='ocrx_word' id='word_1_750' title='bbox 2180 4868 2354 4920; x_wconf 78' lang='grc' dir='ltr'>ἐκεῖνο</span> <span class='ocrx_word' id='word_1_751' title='bbox 2386 4867 2580 4940; x_wconf 83' lang='grc' dir='ltr'>καιροῦ</span> <span class='ocrx_word' id='word_1_752' title='bbox 2609 4869 2779 4934; x_wconf 78' lang='grc' dir='ltr'>ἑστὼς</span> <span class='ocrx_word' id='word_1_753' title='bbox 2799 4871 2857 4926; x_wconf 84' lang='grc' dir='ltr'>ὲν</span> <span class='ocrx_word' id='word_1_754' title='bbox 2890 4874 3178 4944; x_wconf 77' lang='grc' dir='ltr'>συναγωγῇ</span> <span class='ocrx_word' id='word_1_755' title='bbox 3203 4870 3361 4934; x_wconf 90' lang='grc' dir='ltr'>θεῶν,</span> <span class='ocrx_word' id='word_1_756' title='bbox 3392 4871 3449 4924; x_wconf 81' lang='grc' dir='ltr'>ὲν</span> <span class='ocrx_word' id='word_1_757' title='bbox 3475 4869 3626 4941; x_wconf 80' lang='grc' dir='ltr'>μέσῳ</span> 
     </span>
    </p>
   </div>
   <div class='ocr_carea' id='block_1_103' title="bbox 351 4923 1957 5034">
    <p class='ocr_par' dir='ltr' id='par_1_103' title="bbox 351 4923 1928 5026">
     <span class='ocr_line' id='line_1_104' title="bbox 351 4923 1928 5026; baseline 0.025 -50"><span class='ocrx_word' id='word_1_758' title='bbox 351 4930 406 4978; x_wconf 85' lang='lat' dir='ltr'><strong>et</strong></span> <span class='ocrx_word' id='word_1_759' title='bbox 426 4923 642 4997; x_wconf 78' lang='lat' dir='ltr'><strong>Aquila,</strong></span> <span class='ocrx_word' id='word_1_760' title='bbox 663 4931 942 5006; x_wconf 87' lang='lat' dir='ltr'><strong>judicans,</strong></span> <span class='ocrx_word' id='word_1_761' title='bbox 999 4942 1450 5016; x_wconf 85' lang='lat' dir='ltr'><strong>interpretantur.</strong></span> <span class='ocrx_word' id='word_1_762' title='bbox 1511 4951 1575 5005; x_wconf 82' lang='lat' dir='ltr'><strong>Et</strong></span> <span class='ocrx_word' id='word_1_763' title='bbox 1605 4923 1928 5026; x_wconf 36' lang='lat' dir='ltr'><strong>vperpende,</strong></span> 
     </span>
    </p>
   </div>
   <div class='ocr_carea' id='block_1_104' title="bbox 2057 4923 3622 5034">
    <p class='ocr_par' dir='ltr' id='par_1_104' title="bbox 2057 4923 3622 5034">
     <span class='ocr_line' id='line_1_105' title="bbox 2057 4923 3622 5034; baseline 0.01 -24"><span class='ocrx_word' id='word_1_764' title='bbox 2057 4976 2096 5011; x_wconf 79' lang='lat' dir='ltr'><strong>:s</strong></span> <span class='ocrx_word' id='word_1_765' title='bbox 2141 4958 2267 5021; x_wconf 86' lang='grc' dir='ltr'>τοὺς</span> <span class='ocrx_word' id='word_1_766' title='bbox 2303 4923 2695 5031; x_wconf 48' lang='grc' dir='ltr'>προλεγθὼτας</span> <span class='ocrx_word' id='word_1_767' title='bbox 2726 4923 3300 5034; x_wconf 22' lang='grc' dir='ltr'>κρίνωννθεούςσοήάντὶ</span> <span class='ocrx_word' id='word_1_768' title='bbox 3345 4965 3454 5034; x_wconf 79' lang='grc' dir='ltr'><strong>γὰρ</strong></span> <span class='ocrx_word' id='word_1_769' title='bbox 3475 4923 3622 5025; x_wconf 48' lang='grc' dir='ltr'><strong>ιτοῦ.»</strong></span> 
     </span>
    </p>
   </div>
   <div class='ocr_carea' id='block_1_105' title="bbox 353 5031 1957 5124">
    <p class='ocr_par' dir='ltr' id='par_1_105' title="bbox 353 5031 1941 5117">
     <span class='ocr_line' id='line_1_106' title="bbox 353 5031 1941 5117; baseline 0.022 -47"><span class='ocrx_word' id='word_1_770' title='bbox 353 5034 560 5090; x_wconf 74' lang='lat' dir='ltr'><strong>quaeso,</strong></span> <span class='ocrx_word' id='word_1_771' title='bbox 597 5037 706 5092; x_wconf 90' lang='lat' dir='ltr'><strong>quo</strong></span> <span class='ocrx_word' id='word_1_772' title='bbox 735 5036 898 5098; x_wconf 87' lang='lat' dir='ltr'><strong>pacto</strong></span> <span class='ocrx_word' id='word_1_773' title='bbox 925 5031 1059 5090; x_wconf 88' lang='lat' dir='ltr'><strong>deos</strong></span> <span class='ocrx_word' id='word_1_774' title='bbox 1087 5039 1457 5096; x_wconf 80' lang='lat' dir='ltr'><strong>nominaverit</strong></span> <span class='ocrx_word' id='word_1_775' title='bbox 1499 5058 1594 5100; x_wconf 91' lang='lat' dir='ltr'><strong>eos</strong></span> <span class='ocrx_word' id='word_1_776' title='bbox 1616 5046 1684 5101; x_wconf 90' lang='lat' dir='ltr'><strong>de</strong></span> <span class='ocrx_word' id='word_1_777' title='bbox 1728 5049 1941 5117; x_wconf 77' lang='lat' dir='ltr'><strong>quibus</strong></span> 
     </span>
    </p>
   </div>
   <div class='ocr_carea' id='block_1_106' title="bbox 2057 5031 3668 5124">
    <p class='ocr_par' dir='ltr' id='par_1_106' title="bbox 2057 5031 3668 5124">
     <span class='ocr_line' id='line_1_107' title="bbox 2057 5031 3668 5124; baseline 0.001 -22"><span class='ocrx_word' id='word_1_778' title='bbox 2057 5049 2343 5118; x_wconf 70' lang='grc' dir='ltr'>ῖιακρίνει,</span> <span class='ocrx_word' id='word_1_779' title='bbox 2371 5047 2400 5105; x_wconf 89' lang='lat'><strong>6</strong></span> <span class='ocrx_word' id='word_1_780' title='bbox 2430 5052 2732 5124; x_wconf 80' lang='grc' dir='ltr'>Σύμμαχος</span> <span class='ocrx_word' id='word_1_781' title='bbox 2765 5031 2861 5106; x_wconf 73' lang='grc' dir='ltr'><strong>καὶ</strong></span> <span class='ocrx_word' id='word_1_782' title='bbox 2898 5056 2927 5108; x_wconf 93' lang='lat'><strong>6</strong></span> <span class='ocrx_word' id='word_1_783' title='bbox 2967 5054 3218 5119; x_wconf 82' lang='grc' dir='ltr'>Ἀκύλας,</span> <span class='ocrx_word' id='word_1_784' title='bbox 3254 5031 3497 5122; x_wconf 80' lang='grc' dir='ltr'>κρίνων,</span> <span class='ocrx_word' id='word_1_785' title='bbox 3531 5053 3621 5104; x_wconf 79' lang='grc' dir='ltr'><strong>ὲκ-</strong></span> <span class='ocrx_word' id='word_1_786' title='bbox 3664 5055 3668 5058; x_wconf 84' lang='grc'><em>’</em></span> 
     </span>
    </p>
   </div>
   <div class='ocr_carea' id='block_1_107' title="bbox 346 5113 1957 5218">
    <p class='ocr_par' dir='ltr' id='par_1_107' title="bbox 346 5113 1926 5200">
     <span class='ocr_line' id='line_1_108' title="bbox 346 5113 1926 5200; baseline 0.02 -32"><span class='ocrx_word' id='word_1_787' title='bbox 346 5113 645 5186; x_wconf 83' lang='lat' dir='ltr'><strong>judicatur,</strong></span> <span class='ocrx_word' id='word_1_788' title='bbox 678 5137 778 5178; x_wconf 90' lang='lat' dir='ltr'><strong>nec</strong></span> <span class='ocrx_word' id='word_1_789' title='bbox 805 5141 1136 5200; x_wconf 73' lang='lat' dir='ltr'><strong>synagogam</strong></span> <span class='ocrx_word' id='word_1_790' title='bbox 1165 5131 1393 5189; x_wconf 90' lang='lat' dir='ltr'><strong>deorum</strong></span> <span class='ocrx_word' id='word_1_791' title='bbox 1437 5113 1926 5198; x_wconf 52' lang='lat' dir='ltr'><strong>memorare—dubi.-</strong></span> 
     </span>
    </p>
   </div>
   <div class='ocr_carea' id='block_1_108' title="bbox 2057 5113 3618 5218">
    <p class='ocr_par' dir='ltr' id='par_1_108' title="bbox 2057 5113 3618 5218">
     <span class='ocr_line' id='line_1_109' title="bbox 2057 5113 3618 5218; baseline 0.004 -25"><span class='ocrx_word' id='word_1_792' title='bbox 2057 5113 2454 5198; x_wconf 67' lang='grc' dir='ltr'>ῖεδώκασι.Καὶ</span> <span class='ocrx_word' id='word_1_793' title='bbox 2487 5113 2592 5218; x_wconf 50' lang='grc' dir='ltr'>δ’ρζι</span> <span class='ocrx_word' id='word_1_794' title='bbox 2622 5113 2770 5212; x_wconf 69' lang='grc' dir='ltr'>δπως</span> <span class='ocrx_word' id='word_1_795' title='bbox 2797 5147 2952 5211; x_wconf 77' lang='grc' dir='ltr'>θεοὺς</span> <span class='ocrx_word' id='word_1_796' title='bbox 2982 5147 3232 5217; x_wconf 84' lang='grc' dir='ltr'>ὠνόμασε</span> <span class='ocrx_word' id='word_1_797' title='bbox 3278 5145 3405 5209; x_wconf 84' lang='grc' dir='ltr'>τοὺς</span> <span class='ocrx_word' id='word_1_798' title='bbox 3433 5159 3618 5214; x_wconf 80' lang='grc' dir='ltr'>κρινο-</span> 
     </span>
    </p>
   </div>
   <div class='ocr_carea' id='block_1_109' title="bbox 347 5205 1957 5311">
    <p class='ocr_par' dir='ltr' id='par_1_109' title="bbox 347 5205 1928 5298">
     <span class='ocr_line' id='line_1_110' title="bbox 347 5205 1928 5298; baseline 0.021 -40"><span class='ocrx_word' id='word_1_799' title='bbox 347 5207 562 5275; x_wconf 87' lang='lat' dir='ltr'><strong>taverit,</strong></span> <span class='ocrx_word' id='word_1_800' title='bbox 588 5205 654 5265; x_wconf 90' lang='lat' dir='ltr'><strong>ad</strong></span> <span class='ocrx_word' id='word_1_801' title='bbox 676 5213 1057 5276; x_wconf 81' lang='lat' dir='ltr'><strong>confusionem</strong></span> <span class='ocrx_word' id='word_1_802' title='bbox 1089 5237 1282 5287; x_wconf 83' lang='lat' dir='ltr'><strong>eorum</strong></span> <span class='ocrx_word' id='word_1_803' title='bbox 1319 5227 1410 5298; x_wconf 92' lang='lat' dir='ltr'><strong>qui</strong></span> <span class='ocrx_word' id='word_1_804' title='bbox 1465 5227 1768 5288; x_wconf 86' lang='lat' dir='ltr'><strong>Salvatoris</strong></span> <span class='ocrx_word' id='word_1_805' title='bbox 1796 5234 1928 5290; x_wconf 90' lang='lat' dir='ltr'><strong>dei-</strong></span> 
     </span>
    </p>
   </div>
   <div class='ocr_carea' id='block_1_110' title="bbox 2057 5205 3621 5311">
    <p class='ocr_par' dir='ltr' id='par_1_110' title="bbox 2057 5233 3621 5311">
     <span class='ocr_line' id='line_1_111' title="bbox 2057 5233 3621 5311; baseline 0.001 -24"><span class='ocrx_word' id='word_1_806' title='bbox 2057 5236 2259 5302; x_wconf 84' lang='grc' dir='ltr'>ιένους,</span> <span class='ocrx_word' id='word_1_807' title='bbox 2278 5237 2373 5292; x_wconf 78' lang='grc' dir='ltr'>καὶ</span> <span class='ocrx_word' id='word_1_808' title='bbox 2410 5238 2549 5292; x_wconf 88' lang='grc' dir='ltr'>θεῶν</span> <span class='ocrx_word' id='word_1_809' title='bbox 2595 5243 2918 5311; x_wconf 81' lang='grc' dir='ltr'>συναγωγὴν</span> <span class='ocrx_word' id='word_1_810' title='bbox 2947 5240 3047 5293; x_wconf 82' lang='grc' dir='ltr'>οὐκ</span> <span class='ocrx_word' id='word_1_811' title='bbox 3075 5237 3320 5310; x_wconf 76' lang='grc' dir='ltr'>ὤκνησεν</span> <span class='ocrx_word' id='word_1_812' title='bbox 3352 5233 3621 5290; x_wconf 81' lang='grc' dir='ltr'>ἀποκαλέ-</span> 
     </span>
    </p>
   </div>
   <div class='ocr_carea' id='block_1_111' title="bbox 350 5301 1957 5403">
    <p class='ocr_par' dir='ltr' id='par_1_111' title="bbox 350 5301 1926 5392">
     <span class='ocr_line' id='line_1_112' title="bbox 350 5301 1926 5392; baseline 0.02 -43"><span class='ocrx_word' id='word_1_813' title='bbox 350 5303 511 5352; x_wconf 91' lang='lat' dir='ltr'><strong>tatem</strong></span> <span class='ocrx_word' id='word_1_814' title='bbox 549 5301 842 5376; x_wconf 87' lang='lat' dir='ltr'><strong>abnegant.</strong></span> <span class='ocrx_word' id='word_1_815' title='bbox 875 5305 1010 5363; x_wconf 88' lang='lat' dir='ltr'><strong>Nam</strong></span> <span class='ocrx_word' id='word_1_816' title='bbox 1043 5312 1089 5366; x_wconf 85' lang='lat' dir='ltr'><strong>si</strong></span> <span class='ocrx_word' id='word_1_817' title='bbox 1118 5329 1215 5370; x_wconf 89' lang='lat' dir='ltr'><strong>eos</strong></span> <span class='ocrx_word' id='word_1_818' title='bbox 1245 5318 1338 5387; x_wconf 85' lang='lat' dir='ltr'><strong>qui</strong></span> <span class='ocrx_word' id='word_1_819' title='bbox 1393 5319 1632 5375; x_wconf 85' lang='lat' dir='ltr'><strong>convicti</strong></span> <span class='ocrx_word' id='word_1_820' title='bbox 1685 5321 1926 5392; x_wconf 77' lang='lat' dir='ltr'><strong>fuerant,</strong></span> 
     </span>
    </p>
   </div>
   <div class='ocr_carea' id='block_1_112' title="bbox 2057 5301 3618 5403">
    <p class='ocr_par' dir='ltr' id='par_1_112' title="bbox 2057 5301 3618 5403">
     <span class='ocr_line' id='line_1_113' title="bbox 2057 5301 3618 5403; baseline 0 -23"><span class='ocrx_word' id='word_1_821' title='bbox 2057 5345 2144 5393; x_wconf 75' lang='lat' dir='ltr'><strong>rat,</strong></span> <span class='ocrx_word' id='word_1_822' title='bbox 2179 5330 2258 5392; x_wconf 85' lang='grc' dir='ltr'><strong>είς</strong></span> <span class='ocrx_word' id='word_1_823' title='bbox 2284 5329 2597 5402; x_wconf 85' lang='grc' dir='ltr'>δυσώπησιν</span> <span class='ocrx_word' id='word_1_824' title='bbox 2626 5331 2747 5384; x_wconf 72' lang='grc' dir='ltr'>τῶνι</span> <span class='ocrx_word' id='word_1_825' title='bbox 2763 5301 3113 5403; x_wconf 80' lang='grc' dir='ltr'>ἀρνουμένων</span> <span class='ocrx_word' id='word_1_826' title='bbox 3137 5330 3230 5383; x_wconf 78' lang='grc' dir='ltr'>τοῦ</span> <span class='ocrx_word' id='word_1_827' title='bbox 3253 5329 3502 5400; x_wconf 81' lang='grc' dir='ltr'>Σωτῆρος</span> <span class='ocrx_word' id='word_1_828' title='bbox 3520 5327 3618 5398; x_wconf 81' lang='grc' dir='ltr'>τὴν</span> 
     </span>
    </p>
   </div>
   <div class='ocr_carea' id='block_1_113' title="bbox 347 5394 1957 5495">
    <p class='ocr_par' dir='ltr' id='par_1_113' title="bbox 347 5394 1923 5473">
     <span class='ocr_line' id='line_1_114' title="bbox 347 5394 1923 5473; baseline 0.02 -33"><span class='ocrx_word' id='word_1_829' title='bbox 347 5394 401 5439; x_wconf 80' lang='lat' dir='ltr'><strong>et</strong></span> <span class='ocrx_word' id='word_1_830' title='bbox 448 5400 670 5460; x_wconf 86' lang='lat' dir='ltr'><strong>propter</strong></span> <span class='ocrx_word' id='word_1_831' title='bbox 715 5398 1017 5467; x_wconf 86' lang='lat' dir='ltr'><strong>nequitiam</strong></span> <span class='ocrx_word' id='word_1_832' title='bbox 1065 5405 1207 5461; x_wconf 85' lang='lat' dir='ltr'><strong>male</strong></span> <span class='ocrx_word' id='word_1_833' title='bbox 1250 5409 1570 5473; x_wconf 83' lang='lat' dir='ltr'><strong>audiebant,</strong></span> <span class='ocrx_word' id='word_1_834' title='bbox 1629 5411 1761 5470; x_wconf 89' lang='lat' dir='ltr'><strong>deos</strong></span> <span class='ocrx_word' id='word_1_835' title='bbox 1825 5433 1923 5472; x_wconf 90' lang='lat' dir='ltr'><strong>vo-</strong></span> 
     </span>
    </p>
   </div>
   <div class='ocr_carea' id='block_1_114' title="bbox 2057 5394 3617 5495">
    <p class='ocr_par' dir='ltr' id='par_1_114' title="bbox 2057 5394 3617 5495">
     <span class='ocr_line' id='line_1_115' title="bbox 2057 5394 3617 5495; baseline -0.002 -22"><span class='ocrx_word' id='word_1_836' title='bbox 2057 5422 2280 5491; x_wconf 80' lang='grc' dir='ltr'>ιεότητα.</span> <span class='ocrx_word' id='word_1_837' title='bbox 2315 5423 2379 5475; x_wconf 77' lang='grc' dir='ltr'><strong>Εἰ</strong></span> <span class='ocrx_word' id='word_1_838' title='bbox 2421 5394 2531 5495; x_wconf 79' lang='grc' dir='ltr'>γὰρ</span> <span class='ocrx_word' id='word_1_839' title='bbox 2562 5423 2692 5486; x_wconf 82' lang='grc' dir='ltr'>τοὺς</span> <span class='ocrx_word' id='word_1_840' title='bbox 2732 5394 3124 5494; x_wconf 74' lang='grc' dir='ltr'>ἐλεγχομένους</span> <span class='ocrx_word' id='word_1_841' title='bbox 3170 5421 3262 5476; x_wconf 82' lang='grc' dir='ltr'>καὶ</span> <span class='ocrx_word' id='word_1_842' title='bbox 3311 5394 3423 5475; x_wconf 40' lang='grc' dir='ltr'>ἐπί-</span> <span class='ocrx_word' id='word_1_843' title='bbox 3451 5394 3617 5488; x_wconf 69' lang='grc' dir='ltr'>κακίᾳ</span> 
     </span>
    </p>
   </div>
   <div class='ocr_carea' id='block_1_115' title="bbox 345 5495 1957 5584">
    <p class='ocr_par' dir='ltr' id='par_1_115' title="bbox 345 5495 1923 5580">
     <span class='ocr_line' id='line_1_116' title="bbox 345 5495 1923 5580; baseline 0.02 -48"><span class='ocrx_word' id='word_1_844' title='bbox 345 5495 471 5535; x_wconf 87' lang='lat' dir='ltr'><strong>care</strong></span> <span class='ocrx_word' id='word_1_845' title='bbox 527 5495 817 5544; x_wconf 89' lang='lat' dir='ltr'><strong>cunctatus</strong></span> <span class='ocrx_word' id='word_1_846' title='bbox 866 5505 974 5545; x_wconf 89' lang='lat' dir='ltr'><strong>non</strong></span> <span class='ocrx_word' id='word_1_847' title='bbox 1026 5502 1167 5563; x_wconf 89' lang='lat' dir='ltr'><strong>est;</strong></span> <span class='ocrx_word' id='word_1_848' title='bbox 1225 5506 1309 5554; x_wconf 85' lang='lat' dir='ltr'><strong>tot</strong></span> <span class='ocrx_word' id='word_1_849' title='bbox 1370 5501 1706 5559; x_wconf 90' lang='lat' dir='ltr'><strong>mirabilium</strong></span> <span class='ocrx_word' id='word_1_850' title='bbox 1763 5507 1923 5580; x_wconf 86' lang='lat' dir='ltr'><strong>opili-</strong></span> 
     </span>
    </p>
   </div>
   <div class='ocr_carea' id='block_1_116' title="bbox 2057 5495 3616 5584">
    <p class='ocr_par' dir='ltr' id='par_1_116' title="bbox 2057 5508 3616 5584">
     <span class='ocr_line' id='line_1_117' title="bbox 2057 5508 3616 5584; baseline -0.001 -21"><span class='ocrx_word' id='word_1_851' title='bbox 2057 5511 2482 5583; x_wconf 81' lang='grc' dir='ltr'>ιαὸαλλομένους</span> <span class='ocrx_word' id='word_1_852' title='bbox 2523 5515 2644 5567; x_wconf 77' lang='grc' dir='ltr'>οὐκ·</span> <span class='ocrx_word' id='word_1_853' title='bbox 2671 5513 2835 5568; x_wconf 84' lang='grc' dir='ltr'>ῶκνει</span> <span class='ocrx_word' id='word_1_854' title='bbox 2867 5515 3023 5578; x_wconf 81' lang='grc' dir='ltr'>θεοὺς</span> <span class='ocrx_word' id='word_1_855' title='bbox 3055 5513 3362 5584; x_wconf 79' lang='grc' dir='ltr'>ὀνομάζειν,</span> <span class='ocrx_word' id='word_1_856' title='bbox 3393 5511 3483 5564; x_wconf 85' lang='grc' dir='ltr'>τὸν</span> <span class='ocrx_word' id='word_1_857' title='bbox 3509 5508 3616 5562; x_wconf 89' lang='grc' dir='ltr'><strong>τῶν</strong></span> 
     </span>
    </p>
   </div>
   <div class='ocr_carea' id='block_1_117' title="bbox 343 5583 1957 5680">
    <p class='ocr_par' dir='ltr' id='par_1_117' title="bbox 343 5583 1922 5673">
     <span class='ocr_line' id='line_1_118' title="bbox 343 5583 1922 5673; baseline 0.022 -50"><span class='ocrx_word' id='word_1_858' title='bbox 343 5585 460 5627; x_wconf 84' lang='lat' dir='ltr'><strong>cem</strong></span> <span class='ocrx_word' id='word_1_859' title='bbox 510 5589 758 5644; x_wconf 89' lang='lat' dir='ltr'><strong>operum,</strong></span> <span class='ocrx_word' id='word_1_860' title='bbox 807 5583 902 5651; x_wconf 89' lang='lat' dir='ltr'><strong>qui</strong></span> <span class='ocrx_word' id='word_1_861' title='bbox 944 5584 1214 5656; x_wconf 88' lang='lat' dir='ltr'><strong>judicium</strong></span> <span class='ocrx_word' id='word_1_862' title='bbox 1274 5607 1302 5645; x_wconf 90' lang='lat' dir='ltr'><strong>a</strong></span> <span class='ocrx_word' id='word_1_863' title='bbox 1344 5592 1508 5651; x_wconf 86' lang='lat' dir='ltr'><strong>Patre</strong></span> <span class='ocrx_word' id='word_1_864' title='bbox 1545 5599 1780 5672; x_wconf 88' lang='lat' dir='ltr'><strong>accepit,</strong></span> <span class='ocrx_word' id='word_1_865' title='bbox 1826 5601 1922 5673; x_wconf 90' lang='lat' dir='ltr'><strong>qui</strong></span> 
     </span>
    </p>
   </div>
   <div class='ocr_carea' id='block_1_118' title="bbox 2057 5583 3618 5680">
    <p class='ocr_par' dir='ltr' id='par_1_118' title="bbox 2061 5583 3618 5680">
     <span class='ocr_line' id='line_1_119' title="bbox 2061 5583 3618 5680; baseline -0.003 -22"><span class='ocrx_word' id='word_1_866' title='bbox 2061 5604 2298 5661; x_wconf 82' lang='grc' dir='ltr'>οσούτων</span> <span class='ocrx_word' id='word_1_867' title='bbox 2335 5606 2654 5679; x_wconf 80' lang='grc' dir='ltr'>παραδόξων</span> <span class='ocrx_word' id='word_1_868' title='bbox 2687 5606 2865 5679; x_wconf 72' lang='grc' dir='ltr'>ἔργων</span> <span class='ocrx_word' id='word_1_869' title='bbox 2893 5605 3265 5680; x_wconf 83' lang='grc' dir='ltr'>ποιητὴν,τὺν</span> <span class='ocrx_word' id='word_1_870' title='bbox 3298 5604 3399 5675; x_wconf 86' lang='grc' dir='ltr'>τὴν</span> <span class='ocrx_word' id='word_1_871' title='bbox 3434 5602 3618 5674; x_wconf 80' lang='grc' dir='ltr'>κρίσιν</span> 
     </span>
    </p>
   </div>
   <div class='ocr_carea' id='block_1_119' title="bbox 418 5755 798 5824">
    <p class='ocr_par' dir='ltr' id='par_1_119' title="bbox 418 5755 798 5824">
     <span class='ocr_line' id='line_1_120' title="bbox 418 5755 798 5824; baseline 0.026 -18"><span class='ocrx_word' id='word_1_872' title='bbox 418 5755 442 5785; x_wconf 83' lang='grc'><strong><em>⁹</em></strong></span> <span class='ocrx_word' id='word_1_873' title='bbox 481 5755 581 5811; x_wconf 66' lang='lat' dir='ltr'><strong>in.</strong></span> <span class='ocrx_word' id='word_1_874' title='bbox 621 5774 672 5824; x_wconf 83' lang='grc' dir='ltr'><strong>ι,</strong></span> <span class='ocrx_word' id='word_1_875' title='bbox 713 5761 798 5817; x_wconf 81' lang='lat' dir='ltr'><strong>l7.</strong></span> 
     </span>
    </p>
   </div>
  </div>
