4066 6390
391 340 497 399 983

1555 332 2066 394 COMMENTARIA
2105 336 2171 391 lN
2223 336 2567 396 PSALMOS;

3539 343 3647 401 986

389 455 540 528 παρὰ
585 453 680 509 τοῦ
713 453 927 526 Πατρός
957 452 1237 523 εἰληφότα,
1265 450 1384 516 πῶς
1431 452 1493 505 ού
1536 452 1871 508 δικαιότατον
1902 455 1969 523 τῇ

2077 466 2183 507 non
2214 454 2586 523 aequissimum
2621 453 2785 510 fuerit
2812 456 3105 512 venerabili
3136 456 3234 513 Dei
3265 458 3474 517 honore
3501 460 3648 516 cele—

389 538 502 602 τοῦ⁹
531 545 668 601 Θεοῦ
722 544 1002 617 σεδασμίῳ
1040 547 1174 616 τιμῇ
1209 544 1531 615 σεμνύνειν;
1560 544 1731 599 Τοῦτό
1760 562 1843 598 τοι
1873 547 1968 600 καὶ⁸

390 638 552 704 αὐτὸς
578 640 608 693 ό
636 636 826 710 Σωτὴρ
850 635 1245 707 δυσωπητικῶς
1272 636 1410 707 πρὸς
1448 636 1645 698 αὐτοὺς
1670 638 1798 701 τοὺς
1838 638 1971 691 Ἰου-

392 732 559 786 δαίων
597 731 863 803 άρχοντας
912 729 1249 800 προῦτεινεν,
1280 728 1473 793 αὐταῖς
1518 728 1576 781 δὲ
1624 728 1849 793 ταύταις
1876 746 1972 783 κε-

391 820 661 895 χρημένος
701 822 822 883 ταῖς
872 819 1175 891 παρούσαις
1218 818 1447 885 λέξεσιν.
1498 819 1814 891 Εἰρηκότων
1861 820 1971 891 γὰρ

392 911 570 966 αὐτῶν
585 929 599 942 ·
634 911 774 980 Περὶ
807 910 995 965 καλοῦ
1023 910 1200 981 ἔργου
1231 913 1304 966 οὐ
1338 907 1650 981 λιθάζομέν
1684 926 1780 974 σε,
1810 910 1972 965 ἀλλὰ

392 1004 526 1073 περὶ
564 1004 984 1073 βλασφημίας,
1024 1002 1114 1057 ὅτι
1157 1002 1262 1067 σὺ,
1297 1001 1606 1070 ἄνθρωπος
1649 1001 1755 1071 ὢν,
1785 1001 1973 1067 ποιεῖς

392 1097 653 1151 σεαυτόν
703 1097 853 1151 Θεόν
873 1113 887 1127 ·
923 1095 1328 1164 ἀνταπεκρίθη
1374 1096 1580 1163 αὐτοῖς
1627 1099 1661 1150 ό
1702 1096 1934 1165 Ἰησοῦς·
1954 1112 1968 1125 ’

393 1189 516 1241 Οὐκ
544 1189 675 1242 ἔστι
696 1187 1102 1259 γεγφαμμένον
1118 1188 1190 1242 ἐν
1207 1185 1286 1253 τῷ
1311 1188 1473 1256 νόμῳ
1498 1185 1683 1258 ὑμῶν,
1703 1187 1814 1255 ὅτι,
1832 1187 1975 1258 Ἐγὼ

388 1274 547 1333 εἶπα·
568 1280 702 1334 Θεοί
731 1280 911 1345 dare;
944 1282 1013 1334 Ei
1038 1280 1312 1346 ἐκείνους
1333 1275 1463 1333 εἷπε
1490 1279 1686 1347 θεοὺς,
1698 1278 1847 1348 πρὸς
1863 1278 1974 1345 οὓς

389 1370 425 1424 ό
453 1370 634 1439 λόγος
665 1368 902 1439 ἐγένετο
931 1370 1036 1425 τοῦ
1072 1370 1243 1436 Θεοῦ,
1275 1370 1376 1426 καὶ
1401 1371 1473 1424 οὐ
1498 1368 1747 1423 δύναται
1786 1367 1976 1438 λυθῆ-

387 1477 487 1516 ναι
512 1460 551 1529 ή
579 1460 817 1531 Γραφᾶδ
844 1460 919 1515 ὃν
950 1463 983 1516 ό
1015 1460 1221 1531 Πατὴρ
1242 1461 1461 1533 ήγίασε
1483 1461 1583 1515 καὶ
1615 1460 1978 1516 ἀπέστειλεν

388 1554 477 1619 εὶς
506 1552 616 1608 τὸν
637 1553 889 1623 κόσμον,
918 1552 1087 1621 ὑμεῖς
1113 1553 1341 1624 λέγετε,
1367 1552 1457 1607 ὅτι
1484 1553 1857 1624 βλασφημεῖ,
1887 1552 1978 1607 ὅτι

2069 543 2270 599 hrare?
2300 542 2457 610 Quod
2490 546 2608 616 ipse
2639 545 2900 602 Servatur
2925 548 3133 618 pudore
3152 547 3461 605 Iudaeorum
3493 552 3649 622 prin-

2068 634 2218 704 cipes
2242 634 2504 698 alliciens.
2526 635 2858 708 eosdemque
2890 637 2979 693 bis
3010 638 3146 709 ipsis
3180 639 3362 695 verbis
3400 641 3645 710 compel-

2070 725 2213 792 lans,
2252 726 2565 797 objiciebat.
2604 727 2739 783 Nam
2781 744 2910 785 eum
2949 729 3026 784 illi
3053 731 3321 788 dixissent
3352 751 3365 786 :
3397 732 3474 787 De
3512 731 3647 787 bono

2071 833 2225 887 opere
2252 835 2357 874 non
2384 818 2687 890 lapidamus
2720 830 2788 887 te,
2822 820 2914 875 sed
2933 822 2997 876 de
3026 821 3381 891 blasphemia;
3409 825 3535 893 quia
3565 833 3658 888 tu,

2072 909 2231 964 homo
2270 927 2389 965 cum
2421 914 2518 978 sis,
2565 912 2701 982 facis
2743 915 2964 983 teipsum
3006 914 3223 969 Deum:
3256 915 3523 985 respondit
3571 918 3647 971 eis

2071 996 2230 1054 Iesus
2258 1013 2276 1053 :
2311 998 2503 1055 Nonne
2538 1003 2792 1071 scriptum
2817 1014 2898 1058 est
2929 1004 2983 1058 in
3012 1002 3121 1074 lege
3152 1013 3321 1060 vestra
3339 1022 3357 1058 :
3378 1004 3649 1075 Ego-dixi,

2073 1089 2166 1145 Dii
2185 1094 2309 1147 estis
2326 1096 2352 1148 Ζ)
2370 1091 2433 1148 Si
2459 1094 2581 1150 illos
2611 1095 2748 1149 dixit
2774 1094 2899 1151 deos
2923 1097 2993 1149 ad
3019 1114 3149 1167 quos
3171 1114 3340 1152 sermo
3364 1096 3459 1151 Dei
3477 1098 3663 1167 factus.

2073 1194 2174 1247 est,
2205 1193 2255 1238 et
2293 1201 2398 1239 non
2424 1195 2595 1255 potest
2640 1185 2772 1242 solvi
2804 1187 3115 1255 Scriptura;
3153 1204 3306 1258 quem
3333 1187 3499 1243 Pater
3527 1207 3661 1243 san-

2075 1276 2326 1346 ctificavit
2348 1286 2399 1333 et
2426 1280 2573 1334 misit
2605 1280 2661 1333 in
2691 1278 2969 1342 mundum,
3007 1297 3096 1335 vos
3134 1280 3314 1335 dicitis
3352 1282 3479 1351 quia
3508 1281 3657 1336 blas-

2075 1370 2309 1438 phemat,
2341 1373 2469 1442 quia
2497 1371 2613 1432 dixi
2636 1388 2656 1427 :
2688 1370 2865 1427 Filius
2890 1371 2990 1427 Dei
3023 1390 3142 1428 sum
3171 1373 3216 1429 ’⁵.
3244 1374 3401 1441 Quod
3437 1375 3486 1429 si
3525 1374 3657 1429 Ser-

2075 1470 2232 1519 vator
2259 1462 2409 1519 dicat
2439 1484 2452 1519 ε
2490 1462 2680 1519 Nonne
2704 1474 2787 1518 est
2824 1465 3083 1535 scriptum
3112 1466 3167 1519 in
3208 1466 3316 1537 tege
3341 1468 3365 1522 ?
3390 1482 3459 1521 ne
3489 1468 3658 1521 mire-

2077 1552 2188 1620 ris;
2224 1555 2486 1623 quoniam
2518 1554 2816 1625 quemlibet
2855 1569 3167 1611 sermonem
3191 1555 3308 1619 Dei.
3331 1572 3441 1612 non
3475 1557 3657 1613 solum

389 1641 581 1700 εἶπονο
615 1645 749 1712 nec
773 1645 921 1701 Θεοῦ
947 1648 1085 1715 εὶμι.
1111 1647 1175 1700 Εἰ
1204 1646 1262 1700 δὲ
1284 1645 1435 1713 λέγοι
1453 1647 1482 1699 ό
1498 1645 1707 1717 Σωτὴρ,
1737 1647 1977 1712 ὃτι,οὺκ

2078 1647 2170 1716 qui
2196 1662 2293 1717 per
2326 1646 2588 1718 Moysem,
2624 1646 2722 1702 sed
2750 1647 2914 1703 etiam
2948 1663 3045 1717 per
3083 1649 3382 1719 prophetas
3414 1650 3659 1719 prolatus

388 1735 523 1791 ἔστι
535 1736 943 1807 γεγραμμένον
965 1737 1036 1793 ἐν
1061 1736 1143 1804 τῷ
1161 1737 1364 1808 νόμῳ;
1390 1737 1466 1810 μὴ
1500 1737 1790 1811 θαυμάσῃς
1806 1755 1820 1768 ·
1852 1734 1976 1791 ἐπεὶ

2081 1736 2174 1802 sit,
2200 1737 2359 1807 quasi
2385 1737 2589 1807 regiam
2620 1737 2913 1807 quamdam
2948 1736 3120 1808 legem
3159 1738 3536 1808 accipiendum
3561 1741 3660 1794 do-

392 1806 570 1883 πάντα
611 1806 765 1898 λόγον
798 1826 958 1892 Θεοῦ,
989 1828 1051 1882 06
1087 1806 1246 1900 μόνον
1271 1828 1363 1883 τὸν
1389 1806 1478 1881 διά
1508 1806 1791 1893 Μωσέως,
1839 1828 1975 1882 ἀλλά

2078 1806 2231 1891 cet;
2256 1829 2332 1883 ita
2378 1806 2750 1900 utipra‘cepta
2796 1846 2892 1901 per
2927 1806 3223 1902 prophetas
3257 1806 3490 1897 tradita,
3532 1832 3660 1901 jure

390 1921 484 1974 καὶ
512 1921 604 1975 τὸν
632 1921 722 1975 διὰ
746 1920 856 1977 τῶν
898 1920 1197 1994 προφητῶν
1240 1921 1587 1992 λελεγμένον,
1617 1921 1808 1995 ὥσπερ
1854 1922 1977 1977 τινὰ

391 2011 669 2083 βασιλικὸν
696 2012 860 2085 νόμον
885 2012 1244 2084 ἀποδέχεσθαι
1283 2014 1524 2068 διδάσκει
1543 2030 1557 2044 ’
1602 2013 1744 2068 ὥστε
1781 2014 1877 2067 καὶ
1907 2013 1979 2067 τά

387 2105 478 2160 διὰ
532 2104 641 2160 τῶν
694 2105 993 2179 προφητῶν
1045 2105 1476 2179 παρηγγελμένα
1501 2105 1737 2176 εὐλόγως
1761 2106 1827 2161 ἄν
1856 2122 1979 2159 τινα

387 2195 531 2252 εἶναι
562 2197 727 2269 φάναι
759 2199 959 2266 νόμους
1004 2199 1170 2253 Θεοῦ·
1202 2201 1298 2254 καὶ
1325 2199 1389 2253 τὸ
1412 2181 1501 2253 διὰ
1525 2199 1624 2271 τῆς
1655 2197 1978 2270 ψαλμφδίας

385 2291 612 2363 ὁμοίως.
647 2292 819 2356 Αὐτὸς
846 2288 939 2347 οὖν
972 2294 1001 2346 ό
1028 2291 1122 2345 τοῦ
1148 2291 1284 2346 Θεοῦ
1312 2291 1505 2361 Λόγος,
1545 2290 1759 2363 μορφὴν
1789 2290 1978 2345 δούλου

389 2382 594 2449 λαϐὼν,
627 2385 721 2438 καὶ
751 2386 994 2457 σχήματι
1018 2385 1264 2457 εὑρεθεὶς
1306 2385 1383 2450 ὠς
1427 2385 1735 2458 ἄνθρωπος,
1761 2385 1891 2458 ἔστη
1918 2386 1979 2438 ἐν

389 2480 682 2549 συναγωγῇ
722 2476 880 2540 Θεῶν,
913 2478 1009 2532 καὶ
1040 2478 1204 2549 μέσος
1225 2477 1335 2531 τῶν
1358 2479 1416 2532 ὲν
1437 2476 1746 2550 ἀνθρώποις
1767 2477 1982 2549 ὠνομα-

388 2570 626 2626 comm
655 2569 793 2624 θεῶν
813 2569 1075 2639 γεγονὼς,
1099 2570 1312 2643 ἔκρινεν
1339 2570 1556 2636 αὐτοὺς,
1579 2569 1818 2641 ὁπηνίκα
1842 2569 1980 2641 πρὸς

388 2664 587 2727 αὐτοὺς
608 2663 825 2731 ἔλεγεν·
874 2662 928 2714 '0
967 2664 1153 2732 λόγος
1186 2662 1260 2717 ὃν
1298 2660 1582 2732 ἐλάλησα
1620 2661 1771 2731 πρὸς
1798 2659 1978 2731 ὑμᾶς,

385 2753 571 2818 αὐτὸς
612 2752 770 2823 ὑμᾶς
806 2753 1015 2822 κρίνει.
1059 2753 1171 2806 Kal
1224 2753 1425 2824 μᾶλλον
1467 2752 1612 2807 οὕτω
1664 2753 1866 2826 πρέποι
1912 2753 1979 2809 ἂν

391 2841 709 2914 ἐκδέχεσθαι
757 2842 858 2915 τὴν
903 2841 1185 2914 παροῦσαν
1235 2842 1549 2916 Γραφὴν,ἢ
1601 2843 1844 2914 νομίζειν
1888 2843 1980 2899 τὸν

389 2937 649 2990 ἐπέκεινα
684 2935 792 2989 τῶν
824 2935 961 2990 ὅλων
1001 2935 1155 3000 Θεὸν,
1189 2936 1352 2990 αὑτὸν
1377 2936 1469 2990 τὸν
1497 2936 1737 3009 Πατέρα,
1771 2939 1831 2991 ὲν
1853 2936 1980 2990 τού-

388 3045 502 3093 τοις
550 3027 864 3097 εἰσάγεσθαι
910 3028 1113 3101 μεταξὺ
1167 3027 1306 3082 θεῶν
1339 3028 1544 3102 ἐτέρων
1573 3029 1805 3084 ἑστῶτα.
1839 3028 1978 3084 Οὔτε

385 3121 495 3193 γὰρ
533 3121 809 3192 ἰσοτίμους
847 3121 997 3193 αύτῷ
1022 3138 1175 3186 τινας
1203 3118 1344 3176 εἶναι
1369 3123 1619 3177 ὑπονοεῖν
1647 3122 1826 3194 Θέμις,
1854 3122 1978 3176 οὔτε
2006 3153 2049 3211 c

387 3213 553 3267 αὐτὸν
589 3215 669 3277 εἰς
691 3213 948 3268 τοσοῦτον
978 3217 1336 3283 καταγαγεῖν,
1370 3214 1447 3280 ὡς
1477 3215 1640 3286 μέσον
1676 3215 1774 3271 ἀνθ
1783 3215 1978 3288 ρώπων

386 3307 645 3377 παρεῖναι
695 3306 792 3360 καὶ
836 3305 1060 3361 ἑστάναι
1101 3306 1476 3361 ὑποτίθεσθαι.
1501 3308 1688 3363 Ταῦτα
1713 3309 1773 3362 δὲ
1800 3308 1981 3364 πάντα

382 3395 452 3453 ἂν
504 3397 734 3471 ἁρμόζοι
778 3397 859 3469 τῷ
903 3397 1127 3470 Χριστῷ
1169 3398 1265 3454 τοῦ
1315 3399 1484 3454 Θεοῦ*
1515 3400 1576 3465 ὃς
1616 3400 1683 3473 δὴ
1712 3401 1937 3471 φάσκων
1961 3419 1978 3433 ·

384 3488 539 3557 Ἕως
578 3491 722 3545 πότε
753 3492 986 3559 κρίνετε
1027 3490 1287 3555 ἀδικίαν,
1318 3491 1416 3546 καὶ
1464 3494 1758 3562 πρόσωπα
1792 3494 1981 3564 ἀμαρ-

380 3580 595 3636 τωλῶν
639 3581 1012 3651 laudante;
1058 3583 1119 3636 οὐ
1176 3583 1316 3655 πρὸς
1357 3585 1601 3649 ἐκείνους
1649 3587 1845 3657 μόνους
1897 3581 1981 3653 οἷς

387 3672 581 3746 παρὼν
609 3673 829 3745 ὡμίλει,
858 3673 997 3728 ἀλλὰ
1021 3675 1116 3728 καὶ
1142 3675 1278 3747 πρὸς
1299 3677 1509 3741 πάντας
1526 3675 1671 3731 εἴποι
1697 3677 1763 3731 ἂν
1784 3677 1978 3744 ταῦτα,

386 3765 517 3828 τοὺς
565 3763 666 3837 τὴν
709 3763 960 3829 ἐξουσίαν
1008 3765 1102 3819 τοῦ
1154 3767 1363 3837 κρίνειν
1404 3767 1629 3839 ἑτέρους
1671 3768 1977 3840 εἰληφότας.

386 3854 682 3925 Μέμφεται
731 3853 791 3907 δὲ
843 3854 1070 3927 εἰκότως
1111 3856 1238 3918 τοὺς
1283 3854 1853 3928 καθυποκρινομένους
1883 3859 1981 3929 μὲν

382 3945 456 3999 τὰ
502 3945 613 3998 τῶν
659 3943 931 3999 πλουσίων
977 3945 1270 4017 πρόσωπα,
1302 3945 1747 4011 καταπονοῦντας
1772 3948 1831 4002 δὲ
1853 3950 1983 4014 τοὺς

384 4036 663 4107 πένηταςο
697 4036 816 4090 δέον
864 4034 945 4107 τῷ
986 4036 1089 4108 τῆς
1129 4034 1480 4107 δικαιοσύνης
1521 4034 1672 4109 ζυγῷ
1715 4038 1979 4106 δικάζειν,

391 4126 836 4197 μνημονεύοντας
873 4127 1175 4196 φάσκοντος
1214 4126 1381 4198 νόμου
1404 4144 1418 4156 ·
1453 4131 1539 4183 Οὐ
1583 4127 1755 4199 λήψῃ
1796 4131 1984 4199 πρόσ-

399 4232 570 4274 ωπον
600 4220 672 4274 ἐν
691 4219 903 4289 κρίσει.
933 4218 1072 4273 Νυνὶ
1096 4219 1155 4273 δε
1188 4220 1449 4287 πολλάκις
1470 4221 1565 4276 καὶ
1585 4224 1745 4294 ἡμεῖς
1768 4224 1862 4277 ἐπὶ
1883 4224 1983 4296 μὲν

396 4309 510 4364 τῶν
536 4311 781 4381 πενήτων
810 4310 1111 4365 πταιόντων
1143 4310 1354 4382 σμικρά
1375 4327 1497 4365 τινα
1519 4313 1782 4385 άπότομοι
1803 4314 1985 4384 γιγνό-

397 4403 540 4473 μεθα
574 4404 782 4476 κριταὶ,
816 4405 912 4458 καὶ
960 4403 1328 4477 ἀπαραίτητοι
1375 4405 1434 4459 ὲν
1483 4407 1604 4468 ταῖς
1647 4405 1768 4460 κατ’
1801 4405 1982 4460 αὐτῶν

2080 1921 2226 2003 leges
2262 1919 2355 1975 Dei
2382 1937 2504 1978 esse
2536 1921 2823 1989 dicantur;
2853 1930 2908 1978 et
2940 1925 3192 1980 similiter
3221 1940 3344 1995 quae
3397 1925 3454 1979 in
3498 1922 3658 1980 Psal-

2079 2014 2185 2069 mis
2214 2012 2485 2071 l‘eruntur.
2523 2012 2705 2084 Ipsum
2734 2016 2918 2086 itaque
2944 2014 3038 2072 Dei
3070 2015 3335 2083 Verbum,
3360 2016 3507 2091 quod
3542 2016 3662 2072 for-

2079 2121 2223 2162 mam
2252 2107 2397 2163 servi
2430 2107 2643 2179 accepit
2663 2117 2719 2163 et
2741 2108 2933 2164 habitu
2958 2109 3236 2164 inventum
3268 2116 3354 2167 est
3384 2117 3446 2164 ut
3470 2109 3656 2175 homo,

2078 2197 2231 2252 stetit
2253 2197 2309 2252 in
2339 2212 2613 2270 synagoga
2640 2198 2867 2255 deorum
2887 2238 2904 2265 ,
2939 2207 2995 2255 et
3026 2202 3264 2256 medium
3314 2208 3469 2257 stans
3516 2200 3660 2258 inter

2078 2288 2351 2357 homines,
2383 2289 2478 2361 qui
2506 2289 2582 2345 tlii
2617 2301 2906 2351 vocantur.
2938 2290 3223 2361 judicabat
3250 2308 3383 2356 eos.
3420 2307 3547 2346 cum
3576 2291 3663 2352 di-

2079 2388 2227 2436 ceret
2256 2381 2364 2436 illis
2394 2400 2411 2436 :
2435 2379 2622 2437 Sermo
2659 2398 2812 2452 quem
2842 2384 3048 2437 locutus
3081 2398 3200 2437 sum
3228 2382 3392 2447 vobis,
3432 2383 3543 2452 ipse
3569 2398 3661 2437 vos

2069 2472 2282 2542 judicat
2296 2472 2499 2530 '.Ha'ne
2516 2488 2684 2544 porro
2705 2472 3047 2544 Scripturam
3070 2474 3441 2545 praestabilius
3461 2483 3545 2531 est
3557 2474 3662 2529 hoc

2079 2566 2328 2636 accipere
2364 2565 2550 2631 modo,
2583 2583 2746 2637 quam
2780 2574 2976 2638 putare
3017 2566 3188 2623 Deum
3220 2568 3315 2638 qui
3346 2581 3513 2637 super
3544 2582 3667 2621 om-

2080 2659 2171 2713 nia
2202 2665 2310 2723 est,
2338 2659 2520 2729 ipsum
2561 2657 2799 2723 Patrem,
2835 2658 2925 2714 hic
2966 2658 3153 2715 induci
3186 2659 3328 2714 inter
3358 2659 3498 2715 alios
3527 2659 3663 2715 deos

2081 2757 2340 2806 stantem.
2366 2749 2552 2820 Neque
2584 2751 2729 2805 enim
2763 2751 2891 2806 licet
2921 2750 3063 2806 alios
3094 2750 3198 2820 ipsi
3240 2750 3450 2805 honore
3479 2764 3662 2819 arqua-

2082 2844 2160 2898 les
2193 2858 2316 2898 esse
2351 2843 2646 2913 suspicari,
2692 2857 2872 2912 neque
2922 2842 3103 2913 ipsum
3132 2844 3208 2897 ita
3237 2842 3564 2913 deprimere,
3603 2850 3668 2897 ut

2082 2936 2296 2991 medius
2348 2935 2492 2990 inter
2538 2935 2791 2991 homines
2833 2950 2959 2991 esse
2995 2944 3051 2991 et
3100 2943 3247 2992 stare
3298 2947 3661 3007 supponatur.

2082 3026 2209 3084 Haec
2232 3043 2399 3100 porro
2426 3029 2612 3083 omnia
2640 3026 2866 3083 Christo
2897 3025 2992 3082 Dei
3021 3034 3335 3098 competant
3368 3046 3382 3083 :
3407 3028 3501 3098 qui
3528 3041 3666 3082 sane

2083 3135 2208 3175 eum
2242 3119 2358 3174 haec
2389 3117 2525 3174 dicit
2555 3137 2568 3173 :
2620 3115 2896 3187 Usquequo
2921 3116 3181 3186 iudicatis
3217 3118 3570 3188 iniquitatem,
3611 3126 3664 3173 et

2081 3212 2245 3281 [acies
2268 3220 2604 3280 peccatorum
2625 3210 2881 3266 sumitis?
2908 3224 3017 3264 non
3040 3223 3137 3269 eos
3161 3210 3338 3265 solum
3363 3225 3503 3280 quos
3524 3224 3667 3280 prat-

2081 3319 2210 3360 sens
2239 3302 2654 3373 alloquebatur;
2686 3300 2784 3356 sed
2811 3300 2977 3355 etiam
3005 3316 3199 3356 omnes
3219 3307 3491 3372 quotquot
3509 3307 3668 3370 pute-

2081 3403 2281 3451 etatem
2309 3396 2379 3451 de
2411 3395 2537 3452 aliis
2564 3394 2851 3465 iudicandi
2874 3395 3210 3464 acceperint,
3242 3395 3323 3449 sic
3349 3394 3662 3464 compellat.

2082 3488 2276 3544 Merito
2308 3495 2490 3543 autem
2526 3489 2708 3558 arguit
2739 3502 2857 3555 eos,
2900 3488 2993 3557 qui
3023 3486 3255 3542 divitum
3283 3500 3575 3557 personam
3604 3486 3666 3543 in

2082 3582 2301 3638 occulto
2322 3581 2623 3652 accipiunt,
2652 3594 2922 3651 pauperes
2943 3587 3126 3635 autem
3149 3579 3465 3649 opprimunt
3491 3596 3508 3646 ;
3533 3594 3671 3634 cum

2081 3681 2331 3745 Oporteat
2363 3689 2489 3729 cum
2515 3673 2745 3744 justitia:
2782 3673 2997 3730 bilance
3027 3672 3295 3743 judicium
3343 3670 3508 3737 ferre,
3556 3686 3672 3727 me—

2081 3782 2264 3823 mores
2296 3767 2433 3837 legis
2464 3781 2586 3837 quaa
2609 3766 2687 3819 ait
2719 3782 2734 3817 :
2768 3764 2892 3819 Non
2919 3765 3144 3836 accipies
3180 3780 3463 3835 personam
3484 3763 3537 3816 in
3569 3762 3671 3832 ju-

2080 3856 2221 3912 dicio
2249 3857 2291 3912 ⁶.
2330 3855 2489 3913 Nune
2520 3864 2703 3912 autem
2735 3857 3059 3927 plerumque
3086 3871 3190 3910 nos
3236 3869 3365 3926 erga
3394 3869 3676 3925 pauperes

2081 3948 2138 4003 in
2170 3947 2387 4003 modica
2418 3949 2624 4018 lapsos,
2674 3947 2943 4001 immanes
2987 3962 3182 4002 sumus
3219 3946 3457 4017 judiees,
3499 3955 3675 4017 atque

2081 4037 2138 4092 in
2167 4036 2440 4093 sententia
2478 4044 2671 4092 contra
2698 4050 2796 4091 eos
2831 4033 3052 4091 ferenda
3096 4036 3492 4104 inexorabiles;
3522 4037 3673 4091 divi—

2081 4138 2197 4186 tum
2239 4145 2370 4185 vero
2402 4130 2495 4200 qui
2535 4127 2875 4200 gravissima
2929 4127 3161 4183 crimina
3213 4134 3549 4198 perpetrant,
3597 4143 3673 4185 ae

2080 4220 2276 4279 deinde
2303 4222 2358 4276 in
2394 4221 2695 4277 Ecclesiam
2725 4218 2821 4277 Dei
2870 4220 3159 4283 accedunt,
3196 4234 3486 4291 personam
3517 4221 3666 4275 acci-

2081 4318 2284 4390 pimus,
2312 4316 2386 4370 ita
2415 4323 2477 4369 ut
2503 4314 2664 4370 nobis
2684 4315 2848 4370 etiam
2873 4321 3148 4383 competat
3175 4313 3307 4368 illud
3341 4331 3356 4367 :
3386 4312 3664 4385 Usquequo

2075 4406 2335 4478 judicatis
2367 4405 2723 4476 iniquitatem,
2761 4411 2811 4457 et
2846 4402 3009 4473 [acies
3046 4412 3380 4472 peccatorum
3412 4402 3670 4459 sumitis?

386 4493 702 4565 ἀποφάσεσι
725 4511 741 4525 ο
794 4493 1066 4550 πλουσίων
1110 4494 1170 4548 δὲ
1209 4495 1280 4551 τὰ
1314 4495 1547 4566 μέγιστα
1575 4496 1980 4570 ἐξαμαρτανόν-

2079 4499 2216 4556 Cum
2248 4505 2444 4575 autem
2479 4497 2634 4561 dicit,
2667 4512 2952 4567 usquequo,
2985 4495 3053 4551 de
3095 4495 3221 4551 vitae
3250 4494 3399 4550 exitu
3434 4509 3536 4549 nos
3564 4492 3668 4549 ad-

384 4599 519 4649 των,
549 4584 740 4638 ἔπειτα
781 4585 1240 4657 παραϐαλλόντων
1278 4587 1360 4651 εἰς
1387 4586 1485 4658 τὴν
1529 4588 1852 4661 Ἐκκλησίαν
1878 4588 1974 4644 τοῦ

383 4670 547 4741 Θεοῦ,
585 4676 854 4748 πρόσωπα
902 4673 1279 4748 λαμϐάνομεν·
1332 4676 1475 4733 ὥστε
1527 4679 1623 4733 καί⁵
1656 4679 1793 4751 πρὸς
1826 4682 1977 4751 ἡμᾶς

383 4769 648 4841 ἁρμόττει
672 4771 734 4826 τό
751 4787 766 4800 ·
799 4772 949 4839 Ἕως
968 4772 1114 4826 πότε
1133 4774 1369 4842 κρίνετε
1387 4773 1650 4840 ἀδικίαν,
1668 4776 1767 4830 καὶ
1787 4778 1973 4845 πρόσ-

2082 4598 2289 4649 monet.
2334 4591 2635 4657 Quantum,
2701 4589 2902 4660 inquit,
2961 4588 3223 4659 temporis
3276 4586 3433 4643 vobis
3461 4585 3661 4654 aderit,

2080 4700 2191 4756 quo
2221 4683 2359 4740 tales
2393 4681 2558 4739 sitis?
2594 4696 2659 4737 ae
2689 4680 2909 4737 demum
2939 4696 3038 4737 vos
3076 4678 3172 4736 Dei
3215 4678 3479 4750 judicium
3507 4679 3675 4733 inva‘

2081 4778 2194 4834 det.

380 4877 521 4918 ωπα
557 4866 925 4936 ἁμαρτωλῶν
969 4867 1343 4938 λαμϐάνετε;
1386 4871 1474 4925 Ἔν
1521 4872 1581 4926 δὲ
1619 4873 1700 4945 τῷ
1745 4875 1925 4947 λέγειν
1946 4916 1965 4943 ,
2004 4876 2116 4943 ἕως
2167 4874 2331 4936 πότε,
2388 4871 2800 4944 ὑπομιμνήσκει
2855 4864 2957 4942 τῆς
3009 4866 3107 4922 τοῦ
3172 4867 3287 4939 βίου
3320 4866 3671 4939 ἀπαλλαγῆς.

382 4958 561 5014 Πόσον
587 4961 717 5034 γὰρ,
738 4964 925 5034 φησιν,
945 4963 1097 5029 ἕξετε
1122 4964 1314 5037 χρόνον
1342 4967 1402 5019 ὲν
1427 4959 1474 5036 ᾧ
1499 4968 1730 5024 τοιοῦτοι
1750 4971 1973 5039 ἐσεσθε;
2010 4972 2105 5027 καὶ
2133 4968 2319 5023 λοιπὸν
2342 4967 2661 5040 διαλήψεται
2694 4966 2839 5037 ὑμᾶς
2866 4967 2900 5037 ή
2924 4962 3020 5017 τοῦ
3045 4962 3181 5015 Θεοῦ
3207 4961 3408 5034 κρίσις.

455 5075 549 5129 Διὸ
572 5077 815 5146 ἐπιλέγει
832 5094 848 5108 ’
883 5080 1138 5148 Κρίνατε
1164 5081 1407 5151 πτωχὸν
1426 5083 1525 5137 καὶ
1555 5086 1840 5157 ὀρφανόν,
1871 5104 1972 5143 τα-

380 5167 600 5221 πεινὸν
622 5168 722 5222 καὶ
742 5169 973 5237 πένητα
987 5169 1362 5227 δικαιώσατε.
1380 5173 1695 5238 Ἑξέλεσθε
1719 5175 1968 5246 πένητα,

380 5257 486 5311 καὶ
517 5260 767 5329 πτωχὸν
784 5260 854 5315 ἐκ
893 5262 1097 5331 χειρὸς
1137 5261 1489 5332 ἀμαρτωλοῦ
1529 5266 1825 5335 ῥύσασθε.
1843 5268 1969 5323 Ἐὰν

385 5348 489 5418 μὲν
520 5347 613 5407 οὖν
628 5353 833 5407 τούτων
856 5352 1197 5427 ἀκροώμενοι
1224 5356 1610 5430 παιδευώμεθα
1632 5358 1817 5413 καὶτὰ
1835 5378 1975 5434 παρ-

382 5443 713 5515 αγγέλματα
748 5436 1133 5516 φυλάττοιμεν,
1165 5446 1269 5517 τῆς
1299 5449 1366 5502 ὲκ
1392 5448 1501 5503 τῶν
1519 5449 1691 5520 λόγων
1715 5450 1974 5523 ὠνάμεθα

381 5525 677 5601 ὠφελείας.
694 5534 847 5589 Ἐπεὶ
870 5534 964 5589 καὶ
982 5538 1112 5608 ἡμῖν
1133 5537 1457 5610 λεχθήσεται
1475 5556 1490 5570 ·
1525 5544 1647 5596 Οὐκ
1675 5541 1971 5613 ἔγνωσαν,

383 5620 532 5678 οὐδὲ
557 5626 862 5697 συνῆκαν,
888 5627 960 5681 ἐν
976 5629 1179 5683 σκότει
1205 5628 1681 5700 διαπορεύονται.
1698 5633 1765 5686 Τί
1791 5633 1847 5687 δὲ
1873 5630 1999 5689 ούκ’

475 5779 496 5810 ⁸
526 5781 689 5841 Joan.
722 5803 790 5852 ι,
827 5786 915 5842 53.
995 5788 1014 5819 ⁵
1055 5785 1213 5843 loau.
1250 5802 1360 5854 su,
1394 5787 1483 5843 48.
1527 5788 1583 5847 ,⁸
1621 5787 1778 5845 Deut.
1815 5805 1938 5859 xw,
1981 5789 2063 5846 l9.

2148 5084 2323 5141 Vens.
2358 5084 2412 5140 4.
2448 5082 2631 5150 Quare
2676 5081 2863 5138 subdit
2897 5099 2913 5136 :
2942 5077 3193 5133 Judicate
3236 5093 3453 5149 egenum
3481 5086 3532 5130 et
3559 5091 3661 5144 pu-

2074 5177 2284 5248 pillum,
2307 5177 2555 5231 humilem
2585 5184 2636 5230 et
2656 5189 2936 5246 pauperem
2955 5171 3270 5240 justi/irate.
3305 5168 3505 5239 Eripite
3524 5184 3659 5236 pau-

2072 5286 2268 5339 perem,
2298 5279 2348 5324 et
2385 5285 2603 5339 egenum
2645 5267 2710 5322 de
2764 5281 2926 5320 manu
2981 5264 3271 5335 peccatoris
3323 5262 3558 5316 liberate.
3599 5258 3657 5315 Si

2078 5363 2266 5434 itaque
2290 5362 2376 5418 his
2402 5362 2606 5418 auditis
2630 5360 2699 5415 ad
2729 5356 3078 5428 disciplinam
3100 5356 3427 5411 accedamus
3446 5362 3500 5408 et
3525 5368 3661 5423 pra:-

2077 5465 2234 5525 cepta
2272 5469 2586 5518 servemus,
2630 5468 2701 5508 ex
2743 5447 3092 5507 sermonibus
3136 5446 3426 5500 utilitatem
3473 5442 3656 5514 perci-

2076 5547 2308 5617 piemus.
2328 5544 2542 5602 Etenim
2568 5545 2730 5601 nobis
2765 5557 2983 5614 quoque
3027 5541 3239 5596 dicetur
3267 5536 3555 5593 :—-Vsns.
3598 5536 3654 5593 5.

2080 5636 2418 5705 Nescierunt,
2449 5656 2611 5709 neque
2660 5637 3053 5703 intellexerunt,
3106 5635 3166 5688 in
3213 5631 3436 5689 tenebris
3469 5626 3659 5685 ambu-
