4066 6404
387 355 495 411 987

1097 313 1366 405 susum
1399 343 1884 404 cmsamsnsns
1911 343 2061 400 opp.
2105 341 2287 398 rans
2319 340 2404 397 ιιι.
2443 367 2514 381 -
2542 339 2952 397 EXEGETICA.

3535 339 3646 396 988

388 470 523 526 lant.
567 466 706 536 Quid
745 477 922 521 autem
957 464 1276 520 neseicrunt
1328 479 1507 534 neque
1559 463 1958 526 intellexerunt,

2067 461 2311 530 ἔγνωσαν
2357 457 2477 514 οὐδὲ
2528 456 2787 526 συνῆκαν,
2813 455 2848 527 ἥ
2881 456 2962 510 ὅτι
3011 455 3134 510 ὅσον
3169 452 3320 508 οὔπω
3361 453 3458 508 καὶ
3488 455 3647 510 αὑτοὶ

388 559 496 613 nisi
530 574 590 613 se
623 557 1026 628 quamprimum
1079 553 1338 608 tribunali
1373 552 1469 608 Dei
1512 551 1786 608 sistendos
1816 565 1960 614 esse,

386 651 654 705 rationem
693 649 760 704 de
799 648 1024 718 judiciis
1063 647 1268 715 injuste
1317 645 1446 699 latis
1493 643 1841 700 reddituros?
1881 641 1963 696 Illi

386 757 517 796 vero
542 740 811 811 judicium
854 737 948 793 Dei
984 754 1094 808 pra:
1128 737 1305 792 oculis
1339 752 1450 791 non
1479 742 1764 806 ponentes,
1794 734 1851 787 in
1880 739 1964 786 te-

387 834 577 888 nebris
603 832 903 896 ambulant,
943 831 1264 902 ignorantiae
1291 830 1524 899 caligine
1551 827 1750 882 mentis
1774 825 1963 880 oculos

386 926 698 996 opplentes.
723 923 1090 989 Quamobrem
1121 936 1221 992 par
1254 928 1338 976 est
1367 934 1463 975 eos
1489 917 1639 973 verbi
1673 915 1964 987 splendore

387 1016 713 1081 illustratos,
774 1027 867 1070 aut
914 1031 1024 1070 non
1064 1013 1338 1084 judicare,
1385 1026 1655 1066 memores
1702 1009 1822 1078 ejus
1869 1006 1962 1077 qui

387 1108 526 1162 dixit
561 1125 575 1161 :
605 1105 786 1161 Nolite
812 1105 1076 1176 judicare,
1105 1112 1164 1156 ut
1202 1120 1305 1157 non
1339 1098 1652 1171 judicemini
1678 1099 1698 1130 '
1725 1116 1740 1165 ;
1772 1104 1865 1150 aut
1915 1094 1962 1150 si

389 1199 444 1253 id
493 1197 788 1268 aliquando
821 1210 1046 1251 necesse
1076 1193 1258 1257 fuerit,
1293 1191 1666 1262 justissimum
1694 1186 1962 1258 judicium

388 1289 554 1354 ferre,
591 1305 654 1344 ac
693 1295 1010 1360 peccatores
1033 1287 1389 1350 convincere;
1413 1283 1628 1338 etiamsi
1662 1278 1963 1351 oportuerit

387 1397 488 1451 pro
516 1381 743 1436 veritate
773 1380 912 1433 mori
955 1398 967 1433 :
1004 1379 1056 1433 in
1094 1377 1334 1430 animum
1370 1374 1712 1436 inducentes,
1755 1371 1810 1425 in
1839 1371 1964 1422 uni-

386 1473 590 1528 versali
621 1472 714 1527 Dei
746 1471 978 1542 judicio,
1013 1469 1159 1540 quod
1194 1484 1290 1540 per
1319 1467 1599 1523 Christum
1628 1480 1786 1522 suum
1821 1463 1963 1516 latu-

387 1579 487 1619 rus
515 1574 618 1627 est,
647 1565 888 1618 omnium
921 1562 1037 1617 fore
1070 1560 1597 1616 consummationem
1625 1565 1680 1612 et
1699 1556 1961 1610 mutatio-

388 1672 533 1711 nem.
587 1656 742 1722 Quod
795 1653 1063 1724 judicium
1098 1654 1342 1709 declarat
1386 1653 1440 1708 id
1469 1651 1616 1723 quod
1665 1649 1958 1720 sequitur:

386 1746 630 1802 —Vans.
656 1747 711 1811 ﬁ,
746 1748 799 1801 7.
832 1746 1186 1802 Movebuntur
1209 1747 1388 1801 omnia
1420 1743 1956 1815 fundamentaterrw.

387 1837 500 1908 Ego
527 1838 777 1893 dixi:Dii
799 1841 946 1903 estis,
971 1851 1019 1894 et
1047 1841 1148 1910 [itii
1180 1839 1443 1893 Altissimi
1468 1852 1668 1892 omnes.
1716 1835 1820 1889 Vos
1861 1850 1960 1888 au-
1991 1817 2033 1872 Β

388 1939 487 1983 tem
515 1931 650 1984 sicut
679 1931 914 1986 homines
950 1933 1266 1998 moriemini,
1292 1940 1340 1986 et
1376 1930 1512 1984 sicut
1538 1945 1675 1982 unus
1703 1927 1768 1982 de
1807 1929 1958 1997 prin—

383 2021 586 2089 cipibus
613 2022 832 2079 cadetis.
866 2022 1180 2079 Memoratis
1215 2024 1340 2085 diis,
1372 2020 1607 2075 ducibus
1638 2019 1887 2074 videlicet
1909 2027 1963 2073 et

386 2111 726 2181 principibus
775 2113 984 2182 populi,
1033 2113 1126 2181 qui
1176 2113 1231 2166 in
1276 2110 1516 2166 medium
1569 2124 1764 2164 eorum
1811 2108 1961 2163 venit

385 2200 549 2267 Deus,
577 2202 691 2256 haec
718 2201 885 2257 etiam
907 2202 1169 2272 loquitur,
1187 2201 1414 2265 docens,
1450 2215 1509 2256 se
1535 2199 1754 2270 quidem
1780 2197 1960 2254 Patris

383 2293 767 2348 liberalitatem
824 2294 1120 2360 imitatum,
1172 2293 1324 2347 nulla
1377 2292 1582 2348 invidia
1631 2291 1954 2350 cohibitum.

383 2385 642 2440 deitatem
673 2386 1082 2440 communicare
1114 2399 1301 2452 suam;
1337 2384 1412 2438 ita
1459 2391 1521 2438 ut
1568 2383 1693 2438 illos
1742 2395 1960 2452 quoque

383 2493 574 2533 omnes
603 2478 737 2533 deos
766 2485 820 2533 et
857 2476 999 2532 ﬁlios
1032 2476 1302 2532 Altissimi
1328 2481 1569 2540 vocaret,
1598 2473 1745 2545 quod
1775 2483 1955 2528 tamen

383 2570 490 2626 sibi
524 2571 628 2626 soli
661 2573 866 2638 inerat;
898 2570 975 2623 illi
1005 2584 1137 2624 vero
1183 2571 1413 2640 gratiam
1448 2567 1781 2624 contumelia
1834 2566 1958 2622 alle-

381 2669 596 2716 cerunt.
628 2659 749 2726 Quo
778 2668 941 2732 pacto
967 2667 1148 2715 autem
1179 2660 1274 2730 qui
1305 2675 1335 2713 a
1365 2658 1475 2716 Deo
1493 2659 1779 2729 imperium
1803 2673 1960 2713 acce-

379 2769 531 2823 pere,
562 2753 789 2808 deorum
836 2753 1095 2810 honorem
1159 2753 1302 2824 apud
1355 2751 1604 2808 subditos
1649 2751 1952 2816 obtineant,

379 2845 668 2917 intelliges,
700 2845 746 2900 si
777 2845 960 2900 animo
1003 2845 1258 2899 advertas
1290 2843 1497 2898 dictum
1529 2841 1700 2913 Moysi
1731 2841 1902 2897 fuisse
1938 2860 1951 2895 :

380 2935 515 2991 Ecce
547 2937 797 2991 constitui
838 2945 884 2990 te
929 2935 1082 2990 hodie
1113 2935 1268 2989 deum
1311 2934 1632 2995 Pharaonis,
1678 2934 1953 3013 et_Aaron

378 3031 548 3098 frater
587 3038 707 3082 tuus
741 3029 842 3080 erit
885 3027 978 3081 tibi
1008 3027 1262 3096 propheta
1288 3027 1330 3081 ⁸.
1361 3026 1516 3080 Sicut
1545 3027 1691 3081 enim
1715 3025 1951 3096 Moyses,

377 3136 503 3176 cum
533 3120 697 3174 homo
728 3118 826 3174 Dei
853 3127 1022 3182 esset,
1043 3126 1096 3173 et
1131 3121 1200 3174 ab
1233 3134 1300 3174 eo
1329 3119 1592 3174 honorem
1624 3119 1948 3189 accepisset,

377 3211 514 3267 deus
551 3209 857 3264 Pharaonis
883 3211 1194 3281 appellatus
1230 3219 1355 3277 est;
1383 3213 1571 3266 eodem
1605 3211 1768 3265 modo
1795 3220 1953 3280 quot-

377 3307 514 3372 quot
543 3316 573 3354 a
608 3300 719 3355 Deo
753 3299 1016 3356 honorem
1049 3301 1381 3371 acceperint,
1420 3301 1646 3357 deorum
1675 3303 1793 3355 loco
1821 3301 1954 3356 sub-

377 3393 509 3447 ditis
541 3391 832 3446 habentur.
875 3391 1243 3458 Quamobrem
1302 3392 1466 3446 iidem
1506 3392 1707 3448 subditi
1749 3391 1817 3445 ad
1859 3407 1955 3448 eos

377 3499 504 3538 cum
532 3484 837 3538 reverentia
870 3491 925 3538 et
949 3483 1142 3537 timore
1165 3483 1454 3547 accedunt,
1480 3497 1590 3536 non
1621 3483 1692 3537 ob
1719 3482 1956 3536 militare

377 3576 722 3640 satellitium,
759 3590 868 3630 non
899 3575 970 3630 ob
1011 3575 1229 3629 divitias
1257 3581 1312 3630 et
1360 3581 1715 3644 potestatem;
1755 3573 1848 3629 sed
1882 3573 1953 3628 ob

374 3666 640 3720 honorem
670 3665 808 3735 ipsis
835 3679 865 3717 a
887 3663 998 3720 Deo
1021 3663 1274 3719 inditum.
1308 3662 1401 3718 Sic
1429 3665 1574 3718 enim
1605 3663 1806 3734 Moysis
1834 3663 1953 3718 vul—

375 3762 468 3810 tus
499 3757 672 3824 gloria
704 3755 1040 3825 replebatur,
1093 3755 1175 3810 sic
1226 3755 1599 3825 apostolorum
1652 3753 1952 3810 Salvatoris

374 3846 573 3909 nostri,
602 3846 682 3901 sic
716 3847 846 3901 olim
879 3845 976 3901 Dei
1019 3846 1432 3918 prophetarum,
1467 3846 1547 3900 sic
1579 3846 1824 3900 omnium
1857 3845 1951 3915 qui

373 3951 501 3991 vere
536 3936 680 3991 servi
714 3935 807 3992 Dei
833 3944 1024 4004 erant;
1057 3937 1152 4007 qui
1185 3936 1314 3994 dum
1345 3936 1464 3992 sine
1492 3936 1783 4007 splendore
1816 3951 1954 4006 pau-

371 4043 640 4098 pcresque
671 4028 839 4082 vitam
872 4028 1150 4099 degerent,
1177 4043 1208 4082 a
1246 4029 1518 4100 religiosis
1558 4037 1738 4083 tamen
1773 4027 1952 4082 homi-

373 4121 535 4175 nibus
560 4120 631 4174 ob
651 4119 876 4174 inditam
911 4119 1017 4174 sibi
1063 4118 1294 4188 gratiam
1338 4119 1394 4173 in
1436 4118 1644 4174 honore
1670 4117 1952 4172 habeban-

371 4220 484 4267 tur.
516 4211 628 4282 Ego
651 4211 892 4282 quidem,
928 4210 1025 4272 ait,
1055 4211 1138 4265 sic
1175 4210 1346 4273 volui,
1379 4210 1461 4264 sic
1492 4209 1603 4264 dixi
1635 4224 1648 4262 :
1683 4208 1775 4263 Dii
1799 4211 1947 4264 estis.

372 4305 533 4360 Volui
562 4319 696 4360 sane
726 4320 826 4358 vos
851 4303 1078 4373 perinde
1114 4311 1276 4373 atque
1298 4317 1384 4356 me
1416 4303 1471 4355 in
1498 4301 1678 4357 medio
1702 4307 1948 4356 vestrum

370 4402 609 4451 Stantem
663 4392 857 4455 Deum,
909 4391 1175 4446 Altissimi
1223 4389 1365 4447 ﬁlios
1397 4389 1574 4457 elIici;
1625 4405 1722 4445 vos
1763 4397 1946 4445 autem

2065 549 2508 621 παραστήσονται
2533 544 2610 616 τῷ
2639 545 2840 615 βήματι
2875 543 2969 598 τοῦ
2995 543 3150 608 Θεοῦ,
3187 543 3342 611 λόγον
3383 540 3646 606 δώσοντες

2062 641 2192 713 περὶ
2243 633 2318 693 ὧν
2367 639 2426 692 οὑ
2477 636 2704 699 δικαίως
2730 636 2946 709 ἔκριναν
2971 654 2985 703 ;
3006 637 3083 689 Ui
3117 636 3174 689 δὲ
3212 635 3285 708 μὴ
3312 633 3418 706 πρὸ
3445 634 3648 704 ὀφθαλ-

2065 731 2183 802 μῶν
2215 730 2430 802 θέμενοι
2460 728 2559 800 τὴν
2594 728 2774 800 κρίσιν
2810 728 2905 781 τοῦ
2960 726 3093 781 Θεοῦ
3147 729 3204 780 ὲν
3241 726 3419 779 σκότει
3457 725 3647 780 διαπο-

2066 821 2333 890 ρεύονται,
2364 818 2443 890 τῷ
2463 819 2566 890 τῆς
2592 819 2813 886 ἀγνοίας
2836 817 3011 888 σκότῳ
3037 816 3106 870 τά
3131 816 3230 887 τῆς
3257 815 3433 886 ψυχῆς
3461 815 3644 869 αὑτῶν

2060 911 2283 982 ὄμματα
2332 910 2740 983 πληρώσαντες.
2775 909 2866 962 Διὸ
2917 909 3201 981 προσήκει,
3231 908 3309 979 τῷ
3355 907 3448 961 τοῦ
3481 907 3642 976 λόγου

2063 1005 2254 1075 φέγγει
2289 1004 2713 1076 φωτιζομένους,
2745 1002 2778 1074 ἢ
2832 1002 2906 1074 μὴ
2946 1001 3172 1074 κρίνειν,
3205 999 3646 1073 μνημονεύοντας

2061 1097 2155 1150 τοῦ
2188 1097 2468 1171 εἰρηκότος
2491 1115 2504 1128 ·
2537 1097 2636 1166 Μὴ
2679 1095 2930 1164 κρίνετε,
2967 1095 3067 1148 ἵνα
3091 1093 3176 1163 μὴ
3211 1092 3445 1163 κριθῆτε
3469 1109 3483 1123 ·
3518 1093 3551 1165 ἢ
3592 1095 3644 1146 εἰ

2062 1190 2274 1260 ἀνάγκη
2337 1190 2467 1242 ποτὲ
2518 1189 2760 1261 κρίνειν,
2813 1185 2954 1241 κατά
2997 1187 3058 1238 τὸ
3101 1185 3436 1240 δικαιότατον
3480 1183 3648 1238 τοῦτο

2063 1284 2236 1336 ποιεῖν
2263 1282 2356 1335 καὶ
2378 1281 2618 1352 ἐλέγχειν
2639 1282 2768 1346 τοὺς
2791 1279 3219 1350 ἁμαρτάνοντας,
3245 1277 3347 1331 κάν
3369 1277 3478 1331 δέοι
3499 1276 3648 1350 ὑπὲρ

2063 1372 2320 1444 ἀληθείας
2348 1371 2622 1444 θνήσκειν,
2655 1371 3057 1443 πεπεισμένους
3088 1369 3352 1442 ἀκριϐῶς,
3395 1371 3478 1423 ὅτι
3508 1370 3648 1424 πάν-

2063 1479 2170 1516 των
2202 1463 2354 1516 ἔσται
2381 1462 2658 1516 συντέλεια
2702 1465 2796 1518 καὶ
2832 1461 3100 1534 μεταϐολὴ
3133 1462 3225 1514 ἐπὶ
3267 1465 3334 1532 τῇ
3381 1461 3644 1534 καθολικῇ

2063 1552 2242 1626 κρίσει
2287 1553 2382 1607 τοῦ
2414 1555 2569 1621 Θεοῦ,
2597 1555 2663 1627 ην
2689 1557 2971 1627 ποιήσεται
3019 1553 3108 1607 διά
3149 1553 3242 1606 τοῦ
3273 1552 3510 1625 Χριστοῦ
3537 1555 3643 1608 αὑ-

2061 1644 2156 1698 τοῦ
2177 1662 2190 1676 ·
2217 1645 2284 1717 ἢν
2313 1647 2406 1700 καὶ
2438 1647 2466 1699 ὁ
2508 1645 2698 1719 παρὼν
2739 1648 3038 1719 παρίστησι
3075 1646 3229 1715 λόγος
3259 1646 3646 1701 ὲπισυνάπτων

2065 1737 2190 1808 egi;
2227 1737 2287 1790 τό
2306 1753 2320 1768 ·
2347 1738 2834 1805 Σαλευθήσονται
2875 1736 3071 1792 πάντα
3119 1737 3192 1791 τὰ
3239 1736 3480 1806 θεμέλια
3529 1735 3643 1804 τῆς

2059 1825 2191 1897 τῆς.
2235 1830 2379 1898 Ἐγὼ
2431 1824 2595 1882 εἶπεν
2649 1831 2780 1884 Θεοί
2833 1829 3013 1895 ἐστε,
3053 1830 3152 1883 καὶ
3195 1831 3312 1884 υἱοί
3356 1829 3642 1898 Ὑψίστου

2060 1916 2284 1985 πάντες
2305 1937 2320 1950 ·
2343 1920 2512 1989 ὑμεῖς
2545 1920 2612 1974 δὲ
2639 1922 2721 1987 ὡς
2761 1920 3057 1990 ἄνθρωποι
3081 1921 3515 1991 ἀποθνήσκετε,
3540 1920 3642 1974 καὶ

2059 2010 2140 2076 ὠς
2195 2006 2282 2078 εἷς
2336 2011 2456 2066 τῶν
2504 2013 2813 2082 ἀρχόντων
2875 2015 3138 2068 πίπτετε.
3169 2014 3290 2067 Ἔτι
3335 2013 3473 2086 πρὸς
3512 2013 3642 2078 τοὺς

2060 2103 2453 2175 προλεχθέντας
2486 2104 2661 2172 θεοὺς,
2695 2103 3032 2176 ἡγουμένους
3055 2105 3256 2177 δηλαδὴ
3305 2106 3400 2159 καὶ
3441 2104 3639 2176 ἄρχον-

2059 2210 2156 2257 τας
2180 2194 2276 2247 τοῦ
2318 2195 2471 2262 λαοῦ,
2501 2197 2531 2249 ό
2559 2195 2720 2266 μέσος
2757 2196 2936 2250 αὐτῶν
2960 2197 3249 2268 γενόμενος
3277 2196 3409 2260 Θεὸς
3444 2196 3540 2250 καὶ
3567 2196 3640 2250 τὰ

2060 2287 2303 2359 παρόντα
2343 2289 2704 2355 ἀποτείνεται,
2741 2289 3026 2354 διδάσκων,
3066 2289 3143 2353 ὼς
3184 2288 3346 2352 αὐτὸς
3391 2289 3511 2358 μὲν,
3538 2287 3639 2360 τὴν

2058 2376 2150 2430 τοῦ
2179 2378 2390 2450 Πατρὺς
2431 2379 2692 2448 ἀφθονίαν
2741 2379 3096 2452 μιμούμενος,
3125 2380 3290 2433 πᾶσιν
3323 2379 3504 2442 αὐτοῖς
3537 2381 3636 2450 τῆς

2059 2468 2223 2522 αὑτοῦ
2245 2468 2497 2540 θεότητος
2515 2471 2616 2523 οὑκ
2632 2470 2896 2541 ἐφθόνησε
2916 2469 3258 2542 μεταδοῦναι,
3271 2468 3346 2533 ὡς
3365 2469 3459 2523 καὶ
3481 2468 3636 2534 θεοὺς

2057 2560 2419 2632 ἀναγορεῦσαι
2470 2563 2667 2626 αὐτοὺς
2713 2563 2810 2617 καὶ
2857 2564 3005 2627 υίοὺς
3045 2562 3297 2631 Ὑψίστου
3327 2562 3535 2625 πάντας
3567 2560 3640 2616 ἂν

2057 2653 2252 2717 εἰπεῖν,
2286 2653 2421 2723 ὅπερ
2441 2653 2589 2725 αὑτῷ
2614 2654 2759 2725 μόνῳ
2791 2655 2999 2725 προσῆν
3020 2671 3034 2684 ο
3065 2657 3114 2707 οἰ
3141 2653 3197 2706 δὲ
3229 2653 3327 2724 τὴν
3356 2652 3517 2725 χάριν
3551 2654 3637 2706 ὲν-

2058 2747 2302 2819 ύϐρισαν.
2333 2749 2565 2820 Νοήσεις
2591 2749 2647 2802 δὲ
2675 2749 2790 2814 πῶς
2818 2749 2981 2820 τιμὴν
3008 2748 3146 2803 θεῶν
3173 2750 3222 2801 οἰ
3256 2747 3363 2802 ὑπὸ
3383 2747 3478 2801 τοῦ
3499 2745 3634 2800 Θεοῦ

2055 2841 2156 2912 τὴν
2181 2841 2357 2914 ἀρχὴν
2386 2842 2671 2914 εἰληφότες
2696 2841 2846 2914 παρὰ
2873 2846 2983 2906 τοῖς
3016 2842 3340 2913 ἀρχομένοις
3378 2842 3637 2912 ἐκτήσαν-

2055 2951 2160 3000 το,
2219 2935 2519 3007 ἐπιστήσας
2564 2937 2712 3000 ὅπως
2775 2937 2989 3007 εἴρηται
3039 2935 3118 3006 τῷ
3173 2935 3363 2988 Μωσεῖ
3397 2951 3411 2964 ·
3485 2933 3638 2987 Ἰδοὺ

2055 3026 2396 3096 καθέστηκά
2459 3042 2534 3082 σε
2592 3028 2859 3098 σήμερον
2923 3029 3062 3090 θεὸν
3117 3027 3198 3093 τῷ
3245 3027 3453 3096 Φαραὼ
3473 3069 3489 3093 ,
3535 3025 3633 3079 καὶ

2071 3118 2283 3187 Ἀαρὼν
2327 3123 2361 3174 ό
2415 3120 2679 3191 ἀδελφός
2734 3135 2852 3175 σου
2902 3121 3074 3175 ἔσται
3134 3133 3235 3173 σοι
3298 3117 3629 3187 προφήτης.

2059 3211 2270 3282 Ὥσπερ
2315 3211 2422 3283 γὰρ
2463 3213 2690 3284 Μωσῆς,
2738 3213 3024 3284 ἄνθρωπος
3070 3211 3145 3265 ὣν
3175 3211 3311 3265 Θεοῦ
3355 3212 3448 3265 καὶ
3497 3209 3629 3282 παρ’

2055 3300 2220 3355 αὐτοῦ
2249 3302 2349 3373 τὴν
2368 3303 2533 3374 τιμὴν
2551 3301 2750 3366 λαϐὼν,
2783 3303 2901 3366 θεὸς
2926 3302 3264 3374 ἀνηγορεύθη
3295 3301 3385 3355 τοῦ
3405 3297 3626 3373 “patir

2053 3392 2144 3445 τὸν
2164 3393 2326 3446 αὑτὸν
2344 3393 2546 3464 τρόπον
2566 3394 2661 3448 καὶ
2687 3395 2886 3458 πάντες
2910 3393 3004 3457 οὓς
3029 3393 3095 3448 ἂν
3113 3396 3388 3465 τιμήσειεν
3418 3391 3448 3444 ό
3469 3391 3628 3456 Θεὸς,

2055 3479 2193 3534 θεῶν
2242 3481 2426 3554 χώραν
2475 3482 2626 3555 παρὰ
2672 3485 2786 3547 τοῖς
2831 3482 3290 3553 ὑποτεταγμένοις
3326 3481 3630 3552 εἰλήφασιν.

2057 3572 2247 3627 Ἔνθεν
2285 3574 2379 3626 καὶ
2410 3575 2461 3627 οἰ
2491 3575 2785 3646 ἀρχόμενοι
2825 3575 3114 3646 προσίασιν
3144 3573 3325 3636 αὐτοῖς
3361 3573 3497 3644 μετὰ
3536 3572 3634 3626 εὑ-

2051 3661 2274 3728 λαϐείας
2308 3665 2401 3718 καί¹
2427 3664 2600 3729 δέους,
2635 3665 2695 3718 οὐ
2729 3665 2820 3718 διά
2858 3682 2978 3718 τινα
3003 3664 3326 3736 δορυφορίαν
3364 3680 3629 3736 στρατιω-

2051 3755 2230 3827 τικὴν,
2261 3755 2322 3808 οὑ
2351 3755 2438 3808 διὰ
2461 3755 2690 3810 πλοῦτον
2729 3757 2823 3810 καὶ
2843 3756 3182 3821 δυναστείαν,
3207 3757 3294 3810 διὰ
3321 3757 3378 3810 δὲ
3404 3757 3504 3822 τὴν
3527 3754 3633 3809 ὑπὸ

2050 3845 2187 3898 Θεοῦ
2219 3846 2536 3917 περιθεῖσαν
2569 3847 2753 3911 αὐτοῖς
2797 3849 2983 3920 τιμήν.
3024 3847 3196 3926 Οὕτω.
3224 3848 3332 3920 γὰρ
3375 3849 3470 3901 καί⁵
3501 3849 3634 3902 Μω-

2053 3938 2189 4001 σέως
2215 3934 2284 4010 ἦν
2313 3939 2700 4009 δεδοξασμένον
2729 3940 2792 3993 τὸ
2824 3939 3148 4012 πρόσωπονο
3181 3939 3325 3993 οὑτω
3371 3940 3465 3994 καὶ
3515 3939 3628 3992 τῶν

2049 4032 2360 4086 ἀποστόλων
2385 4032 2480 4086 τοῦ
2510 4033 2762 4104 Σωτῆρος
2791 4033 2973 4104 ἡμῶν,
3001 4033 3144 4087 οῦτω
3186 4034 3280 4087 καὶ
3319 4031 3429 4086 τῶν
3459 4032 3632 4086 πάλαι

2049 4124 2142 4177 τοῦ
2171 4124 2306 4178 Θεοῦ
2339 4127 2653 4196 προφητῶν,
2696 4124 2839 4179 οὕτω
2882 4127 2976 4178 καὶ
3011 4125 3225 4179 πάντων
3260 4125 3370 4178 τῶν
3412 4124 3632 4196 ἀληθῶς

2047 4216 2142 4271 τοῦ
2169 4217 2305 4271 Θεοῦ
2331 4218 2552 4281 δούλων,
2584 4219 2785 4285 ἀδόξως
2819 4219 3089 4290 μενόντων
3109 4217 3204 4270 καὶ
3227 4216 3460 4288 πτωχῶν
3486 4215 3632 4271 κατά

2047 4306 2138 4359 τὸν
2173 4307 2305 4378 βίον,
2333 4308 2714 4380 τετιμημένων
2731 4308 2791 4361 δὲ.
2815 4307 2968 4378 παρά
2984 4310 3098 4372 τοῖς
3123 4307 3395 4361 θεοσεϐέσι
3422 4305 3510 4361 διά
3530 4305 3633 4378 τὴν

2049 4400 2114 4452 ὲκ
2144 4399 2280 4452 Θεοῦ
2309 4399 2599 4469 δεδομένην
2645 4399 2832 4464 αὐτοῖς
2863 4399 3041 4472 χάριν.
3059 4398 3201 4468 Ἐγὼ
3233 4400 3331 4471 μὲν
3373 4396 3488 4463 οὖν,
3519 4416 3630 4469 φη·-

369 4487 603 4558 gratiam
654 4482 1088 4554 contempsistis.
1133 4484 1195 4536 In
1248 4489 1427 4538 vestra
1478 4482 1659 4552 itaque
1709 4481 1948 4536 humana

2055 4492 2126 4555 σὶ,
2162 4493 2256 4546 καὶ
2305 4491 2564 4562 ἠθέλησα,
2604 4491 2699 4546 καὶ
2744 4487 2896 4546 εἶπον
2914 4509 2928 4522 ·
2967 4493 3100 4547 Θεοί
3136 4493 3276 4547 ἐστε
3294 4510 3308 4524 ⁸
3347 4491 3631 4563 βουληθεὶς

369 4579 601 4642 malitia,
646 4585 702 4633 et
747 4577 803 4631 in
855 4575 1096 4646 peccatis
1133 4574 1332 4630 vestris
1377 4573 1707 4632 moriemini.
1755 4573 1952 4628 Anima

368 4673 515 4726 enim
556 4686 670 4740 qua:
710 4668 1023 4738 peccaverit,
1071 4667 1190 4734 ipsa
1233 4667 1486 4720 morietur
1513 4667 1556 4722 ’.
1598 4665 1944 4737 Quapropter

368 4777 457 4814 vos
505 4762 640 4814 sicut
699 4761 933 4813 homines
989 4758 1315 4820 moriemini,
1378 4766 1427 4810 et
1493 4758 1630 4811 sicut
1683 4775 1819 4812 unus
1880 4757 1944 4813 de

366 4852 688 4922 principibus
706 4850 928 4906 cadetis.
946 4847 1417 4916 Quemadmodum
1438 4853 1582 4904 enim
1604 4850 1734 4906 olim
1751 4849 1942 4905 diabo-

368 4947 457 5000 lus
501 4944 710 4998 honore
759 4943 984 4998 aliectus
1015 4941 1118 4998 fuit
1146 4941 1292 5012 apud
1319 4941 1512 5008 Deum,
1545 4951 1601 4998 et
1631 4943 1940 5013 principum

367 5040 423 5093 in
453 5037 610 5092 cmlis
635 5036 952 5107 angelorum
985 5052 1128 5091 unus
1153 5035 1294 5104 luit;
1327 5036 1527 5108 deinde
1557 5051 1729 5106 pravo
1758 5036 1945 5090 consi-

368 5133 442 5185 lio
479 5144 636 5192 usus,
654 5143 722 5183 ex
754 5128 874 5182 loco
903 5144 1004 5184 suo
1033 5127 1256 5194 decidit,
1275 5129 1350 5182 ita
1383 5136 1442 5182 ut
1471 5128 1540 5183 de
1569 5128 1663 5183 illo
1691 5127 1906 5182 dicatur
1930 5147 1942 5182 :

370 5220 642 5287 Quomodo
659 5218 845 5273 cecidit
857 5218 919 5272 de
935 5220 1061 5273 caelo
1079 5218 1402 5290 Lucifer,qui
1421 5235 1574 5273 mane
1591 5217 1860 5272 oriebatur
1879 5217 1948 5271 ὀἳ

367 5312 506 5366 tales
533 5320 588 5366 et
616 5328 712 5366 vos
736 5323 956 5382 quoque
995 5311 1180 5367 fuistis
1207 5331 1220 5367 :
1253 5327 1364 5366 non
1408 5311 1556 5381 quod
1582 5320 1780 5364 natura
1811 5309 1941 5364 mali

368 5404 526 5470 sitis;
565 5405 658 5459 sed
689 5404 958 5459 electione
982 5413 1165 5459 vestra
1194 5419 1301 5458 non
1337 5404 1479 5458 bona
1504 5404 1610 5458 usi.
1647 5401 1791 5457 Sane
1815 5418 1943 5458 vero

368 5510 432 5549 ea
461 5509 581 5564 qua:
609 5510 639 5548 a
687 5511 772 5550 me
803 5496 1252 5566 proﬁciscuntur,
1287 5496 1354 5550 ad
1396 5496 1490 5551 Dei
1528 5497 1792 5551 honorem
1844 5512 1969 5566 vos.

367 5586 686 5642 evocabant.
707 5587 817 5645 Vos
840 5597 1021 5645 autem
1041 5590 1229 5660 lapsus
1251 5591 1549 5661 principem
1575 5589 1791 5658 imitati,
1807 5589 1942 5644 sicut

501 5765 690 5820 Matth.
727 5786 800 5824 vu
827 5809 840 5836 ,
883 5771 934 5825 1.
1009 5773 1032 5804 ³
1073 5768 1242 5824 Exod.
1284 5787 1389 5836 vn,
1430 5772 1477 5825 Ι.
1554 5776 1574 5807 ⁸
1619 5773 1813 5831 Ezcch.
1848 5772 2100 5840 xvm,./i.

2049 4585 2194 4655 ὑμᾶς
2223 4583 2421 4655 ὁμοίως
2465 4584 2589 4654 ἐμοὶ
2630 4583 2710 4653 τῷ
2760 4584 2910 4654 μέσῳ
2937 4583 3089 4655 ὑμῶν
3111 4583 3305 4638 ἑστῶτι
3333 4583 3454 4654 Θεῷ
3480 4583 3632 4646 υἱοὺς

2050 4677 2300 4746 γενέσθαι
2319 4675 2412 4729 τοῦ
2443 4676 2700 4744 Ὑψίστου
2716 4693 2730 4706 ·
2755 4677 2911 4748 ὑμεῖς
2926 4677 2983 4730 δὲ
3001 4677 3102 4748 τὴν
3121 4677 3279 4748 χάριν
3303 4677 3626 4747 ήθετήσατε.

2050 4769 2184 4832 Ταῖς
2229 4767 2359 4836 γοῦν
2391 4767 2760 4838 ἀνθρωπίναις
2802 4768 3023 4832 κακίαις
3061 4770 3167 4822 καὶ·
3187 4771 3308 4832 ταῖς
3337 4769 3632 4838 ὑμετέραις

2047 4859 2348 4929 ἁμαρτίαις
2401 4859 2851 4931 ὲναποθνήσκετε.
2907 4859 3081 4930 Ψυχὴ
3122 4860 3230 4933 γάρ
3285 4860 3325 4928 ἠ
3370 4858 3633 4930 ἁμαρτὰ-

2045 4963 2261 5012 νουσα,
2290 4949 2443 5017 αὑτὴ
2490 4951 2890 5006 ἀποθανεῖται.
2922 4952 3014 5005 Διὸ
3061 4953 3155 5006 καὶ
3190 4953 3360 5022 ὑμεῖς
3397 4953 3481 5017 ὡς
3523 4950 3632 5006 ἇν-

2051 5042 2269 5108 θρωποι
2313 5039 2726 5107 ἀποθνήσκετε
2755 5085 2771 5109 ,
2823 5043 2920 5097 καί
2969 5043 3050 5108 ὡς
3103 5037 3192 5107 εἷς
3235 5040 3355 5095 τῶι)⁴
3403 5041 3628 5111 ἀρχόν-

2047 5144 2167 5181 των
2185 5128 2446 5182 πίπτετε.
2465 5131 2552 5194 Ὧς
2578 5131 2685 5204 γὰρ
2703 5129 2770 5202 ἦν
2799 5149 2926 5185 ποτε
2953 5133 2982 5184 ό
3002 5131 3248 5194 διάϐολος
3273 5133 3436 5203 τιμῆς
3462 5129 3627 5200 ἠξιωτ

2051 5219 2208 5290 μένος
2237 5220 2385 5293 παρά
2417 5221 2494 5293 τῷ
2527 5221 2644 5292 Θεῷ
2674 5223 2896 5277 καὶτῶν
2930 5225 2987 5276 ὲν
3013 5224 3258 5295 οὐρανοῖς
3287 5222 3625 5294 ἀρχοντικῶν

2047 5313 2294 5382 ἀγγέλων
2330 5308 2443 5376 εἷς·
2489 5311 2606 5368 εἶτα
2651 5315 2900 5388 μοχθηρᾷ
2931 5315 3245 5388 προαιρέσει
3278 5315 3623 5386 χρησάμενος

2049 5404 2414 5458 ἀποπέπτωκε
2438 5409 2537 5477 τῆς
2561 5407 2725 5460 αὑτοῦ
2755 5407 2958 5479 χώρας,
2995 5409 3070 5471 ὼς
3095 5408 3348 5478 εἰρῆσθαι
3377 5407 3505 5479 περὶ
3527 5409 3624 5460 αὐ·-

2047 5497 2173 5550 τοῦ·
2210 5499 2342 5564 Πῶς
2381 5499 2672 5563 ἐξέπεσεν
2697 5499 2765 5553 ἐκ
2784 5499 2891 5552 τοῦ
2916 5501 3175 5568 οὐρανοῦ
3209 5505 3242 5554 ό
3285 5499 3626 5568 Ἐωσςρόρος
3661 5565 3664 5576 Ι

2049 5593 2083 5643 ό
2110 5590 2254 5657 πρωί
2290 5589 2672 5655 ἀνατέλλωνς
2703 5591 2933 5645 τοιοῦτοί
2965 5610 3106 5658 τινες
3149 5593 3243 5646 καὶ
3279 5591 3435 5661 ὑμεῖς
3463 5587 3625 5659 γετό-
3657 5581 3660 5584 ’

2183 5772 2224 5804 ιο
2266 5769 2368 5826 Isa.
2409 5786 2530 5841 xiv,
2572 5771 2653 5826 12.
