4066 6414
385 386 488 441 ὂδθ

1522 376 2032 434 COMMENTARIA
2075 374 2144 429 1N
2182 371 2522 431 PSALMOS.

3543 365 3649 421 990

382 526 533 570 νατε,
561 508 660 561 οὐκ
685 507 750 560 ὲκ
775 505 987 575 φύσεως
1013 505 1165 567 ὄντες
1200 502 1380 566 κακοὶ,
1411 501 1746 573 χρησάμενοι
1780 500 1838 553 δὲ
1869 500 1966 552 οὐκ

2071 515 2207 552 unus
2231 497 2296 552 de
2322 493 2648 566 princioibus
2679 491 2976 545 cad‘etis.-—
3001 487 3164 543 Vens.
3184 489 3238 542 8.
3259 485 3448 558 Surge,
3483 487 3646 548 Deus.

383 601 560 671 ἀγαθῇ
583 601 650 669 τῄ
684 596 1021 668 προαιρέσει.
1048 594 1139 646 Διὸ
1165 594 1233 646 τά
1264 593 1362 664 μὲν
1397 591 1525 663 παρ’
1554 590 1686 662 ἐμοῦ
1718 591 1798 652 εἰς
1828 587 1964 642 Θεοῦ

383 694 550 764 τιμὴν
582 693 726 762 ὑμᾶς
760 689 942 742 ἐκάλει
965 706 977 719 ο
1010 689 1167 758 ὑμεῖς
1200 686 1257 738 δὲ
1287 683 1380 737 τὸν
1412 682 1651 754 ἄρχοντα
1677 682 1776 752 τῆς
1821 678 1967 734 πτώ-

387 804 527 850 σεως
548 783 939 856 μιμησάμενοι,
966 782 1046 847 ὡς
1078 774 1166 845 εἷς
1191 777 1309 832 τῶν
1333 776 1644 845 ἀρχόντων
1669 773 1767 826 κιιί
1797 771 1965 829 αὐτοὶ

385 881 649 935 πίπτετε.
697 874 966 940 Ἀνάστα,
997 876 1031 928 ὸ
1083 872 1249 938 Θεὸς,
1279 870 1490 939 κρῖνον
1535 867 1651 936 thr
1692 866 1832 938 γῆν,
1876 865 1966 919 ὅτι

385 973 468 1028 σὺ
513 969 990 1040 κληρονομήσας
1033 967 1102 1020 ἐν
1146 964 1299 1024 πᾶσι
1334 963 1459 1028 τοῖς
1495 962 1718 1017 ἔθνεσι.
1756 960 1968 1032 Σφόδρα

384 1061 692 1124 ἀκολούθως
731 1059 818 1112 διά
844 1057 939 1112 τοῦ
971 1057 1077 1129 πρὸ
1105 1054 1294 1109 τούτου
1325 1051 1542 1126 ψαλμοῦ
1577 1050 1966 1122 κατηγορήσας

384 1159 416 1210 ὁ
456 1155 614 1222 λόγος
659 1151 754 1206 τοῦ
802 1149 1002 1214 παντὸς
1049 1149 1318 1203 Ἰουδαίων
1368 1147 1572 1210 ἔθνους,
1601 1144 1697 1198 καὶ
1738 1143 1827 1196 διὰ
1869 1140 1966 1194 τοῦ

389 1242 529 1314 μιτά
578 1244 766 1314 χεῖρας
809 1239 867 1292 δὲ
909 1237 1171 1301 ὡσαύτως
1215 1236 1325 1290 τῶν
1363 1235 1642 1308 ἀρχόντων
1689 1232 1784 1286 τοῦ
1833 1230 1967 1286 λαοῦ

385 1327 722 1399 κατηγορίαν
751 1326 1138 1396 πεποιημένος,
1165 1323 1456 1396 διαλλαγὴν
1481 1325 1624 1378 αἰτεῖ
1652 1322 1746 1376 καὶ
1768 1321 1967 1390 ἐπιφά-

385 1433 536 1470 νειαν
579 1414 796 1486 εὔχεται
836 1413 1085 1484 γενέσθαι
1130 1413 1314 1467 οὐκέτι
1361 1414 1440 1484 τῷ
1475 1412 1742 1466 Ἰουδαίων
1790 1410 1965 1473 ἔθνει,

384 1507 525 1562 ἀλλά
577 1510 711 1562 πᾶσι
757 1511 872 1571 τοῖς
922 1507 1120 1561 ἔθνεσι.
1168 1506 1261 1559 Διὸ
1307 1505 1582 1574 ἐπιλέγει·
1619 1502 1892 1568 Ἀνάστα,
1935 1503 1968 1554 ὀ

387 1599 554 1666 Θεὸς,
584 1597 791 1667 κρῖνον
826 1597 942 1666 τὴν
972 1595 1110 1668 γῆν,
1150 1596 1240 1650 ὅτι
1267 1597 1348 1652 σὺ
1383 1593 1864 1664 κληρονομήσεις
1899 1591 1969 1643 ἐν

383 1689 539 1746 πᾶσι
569 1690 693 1756 τοῖς
737 1690 963 1745 ἔθνεσι.
995 1689 1092 1752 Τίς
1119 1688 1178 1743 δέ
1214 1691 1362 1743 ἐστιν
1400 1691 1429 1742 ὁ
1466 1685 1877 1758 κληρονομήσας
1910 1683 1968 1734 ὲν

384 1786 523 1838 πᾶσι
551 1786 664 1847 τοῖς
693 1783 890 1847 ἔθνεσι,
925 1782 1000 1854 μὴ
1029 1780 1230 1854 ἐρώτα,
1275 1782 1335 1835 τὸ
1373 1781 1429 1834 δὲ
1464 1782 1696 1852 πρᾶγμα
1725 1773 1965 1843 ἐξέταζε,

2058 591 2248 659 judica
2267 599 2488 655 terram,
2507 587 2756 659 quoniam
2780 593 2833 637 tu
2851 580 3186 636 hareditabis
3208 581 3259 634 in
3278 579 3518 634 omnibus
3532 597 3654 652 gen-

2068 681 2225 736 tibus.
2259 681 2397 735 Cum
2443 681 2498 734 in
2532 675 2858 750 praecedenti
2909 674 3120 745 psalmo
3167 680 3334 725 totam
3364 669 3645 725 Iudaicam

2066 783 2282 845 gentem
2311 779 2652 834 accusasset,
2671 777 2726 825 et
2757 769 2813 822 in
2843 767 3100 838 praesenti
3128 765 3436 835 principum
3462 762 3652 834 populi

2069 867 2474 922 accusationem
2522 863 2880 925 instituisset,
2905 856 3198 913 admodum
3249 861 3650 925 consequenter

2063 958 2176 1029 jam
2207 957 2714 1013 reconciliationem
2740 963 2795 1010 et
2821 953 3113 1008 adventum
3144 949 3349 1005 Christi
3380 948 3650 1018 postulat,

2067 1068 2178 1108 non
2208 1052 2522 1108 Judaeorum
2554 1049 2724 1121 genti,
2763 1047 2860 1105 sed
2896 1047 3153 1102 omnibus
3198 1045 3435 1116 populis.
3467 1042 3648 1109 Quare

2067 1146 2150 1202 sic
2201 1144 2482 1200 concludit
2516 1161 2530 1198 :
2564 1142 2755 1212 Surge,
2789 1139 2954 1204 Deus,
3000 1139 3189 1209 judica
3238 1148 3455 1201 terram,
3511 1152 3648 1206 quo-

2069 1241 2212 1296 niam
2244 1248 2298 1291 tu
2326 1234 2663 1290 hwreditabis
2699 1235 2753 1287 in
2801 1231 3042 1286 omnibus
3071 1229 3331 1302 gentibus.
3377 1228 3514 1296 Quis
3549 1243 3651 1284 au-

2067 1341 2177 1386 tem
2218 1331 2288 1385 sit
2343 1329 2438 1400 qui
2473 1324 2817 1382 haereditabit
2874 1325 2928 1379 in
2986 1323 3244 1378 omnibus
3271 1322 3547 1393 gentibus,
3579 1336 3652 1377 ne

2067 1425 2398 1493 interroges,
2435 1419 2534 1476 sed
2561 1434 2676 1475 rem
2712 1417 3002 1489 perquire;
3046 1423 3101 1472 et
3138 1415 3514 1485 deprehendes
3537 1429 3650 1470 non

2069 1515 2238 1570 alium
2253 1530 2396 1577 esse,
2421 1527 2584 1584 quam
2611 1510 2892 1566 Christum
2925 1507 3051 1574 Dei;
3077 1509 3165 1562 cui
3197 1522 3228 1560 a
3260 1505 3422 1562 Patre
3443 1507 3652 1562 dictum

2067 1614 2153 1662 est
2183 1625 2197 1661 :
2235 1604 2412 1659 Filius
2449 1620 2594 1657 meus
2617 1620 2670 1658 es
2705 1612 2760 1656 tu
2784 1617 2802 1654 :
2824 1617 2917 1669 ego
2945 1599 3098 1653 hodie
3125 1599 3280 1668 genui
3321 1607 3386 1653 te.
3422 1597 3650 1656 Postulo

2071 1714 2105 1750 a
2133 1713 2233 1760 me,
2269 1705 2319 1750 et
2347 1693 2486 1748 dabo
2513 1693 2608 1746 tibi
2637 1701 2814 1761 gentes
2851 1688 3212 1743 [nereditatem
3245 1695 3412 1748 tuam,
3450 1694 3500 1739 et
3527 1699 3651 1753 pos-

2070 1789 2351 1844 sessionem
2379 1796 2524 1839 tuam
2573 1784 2822 1838 terminos
2855 1781 3082 1835 terrae“.
3117 1777 3275 1832 Hunc
3311 1792 3441 1847 ergo
3466 1776 3560 1847 qui
3593 1775 3648 1829 in

383 1874 483 1928 καὶ
519 1875 773 1946 εὑρήσεις
800 1853 937 1926 οὐδὲν
965 1853 1125 1927 ἀλλον
1167 1874 1200 1944 ἢ
1242 1873 1334 1927 τὸν
1381 1871 1615 1944 Χριστὸν
1657 1867 1752 1923 τοῦ
1797 1867 1965 1921 Θεοῦ·

2072 1879 2252 1936 medio
2281 1878 2511 1933 deorum
2539 1875 2682 1930 Deus
2699 1871 2976 1935 consistit,
2998 1878 3053 1926 et
3072 1868 3324 1924 homines
3355 1867 3478 1922 illos
3495 1881 3653 1920 coar-

383 1965 526 2029 πρὸς
557 1965 618 2020 ὃν
655 1963 874 2018 λέλεκτο
903 1965 1008 2017 ὑπὸ
1039 1964 1132 2018 τοῦ
1169 1965 1381 2034 Πατρός
1399 1981 1413 1995 ο
1462 1964 1594 2030 Υἱός
1616 1979 1738 2031 μου
1769 1957 1828 2014 εἴ
1847 1961 1927 2014 σύ
1947 1976 1960 1990 ⁸

380 2056 500 2128 ἐγὼ
538 2056 808 2126 σήμερον
841 2056 1172 2128 γεγέννηκά
1209 2073 1304 2114 σε.
1344 2057 1601 2126 Αἷτησαι
1631 2054 1768 2123 παρ’
1795 2052 1964 2124 ἐμοῦ,

381 2149 485 2202 καὶ
515 2147 688 2202 δώσω
740 2166 840 2203 σοι
885 2149 1030 2219 ἔθνη
1073 2149 1189 2218 τὴν
1231 2150 1637 2218 κληρονομίαν
1681 2166 1818 2211 σου,
1867 2145 1968 2201 καί

377 2240 503 2307 τὴν
538 2239 917 2310 κατάσχεσιν
953 2256 1071 2296 σου
1100 2241 1173 2296 τὰ
1201 2240 1424 2310 πέρατα
1452 2240 1562 2309 τῆς
1597 2239 1730 2309 τῆς.
1766 2236 1966 2292 Τοῦτον

377 2326 478 2385 οὖν
508 2331 788 2403 διεγείρων
812 2333 905 2385 τὸν
937 2335 996 2385 ὲν
1024 2333 1175 2404 μέσῳ
1197 2332 1304 2386 τῶν
1331 2331 1467 2386 θεῶν
1487 2331 1619 2384 Θεὸν
1649 2330 1846 2384 στάντα
1873 2329 1967 2383 καὶ

376 2422 735 2491 διελέγξαντα
767 2424 895 2488 τοὺς
924 2423 1337 2496 προλεχθέντας,
1372 2423 1470 2496 ήδη
1508 2423 1638 2477 ποτὲ
1670 2424 1762 2476 ἐπὶ
1795 2421 1968 2494 πέρας

377 2513 686 2582 ἐπαγαγεῖν
711 2512 809 2584 τὴν
843 2513 980 2584 πρὸς
1005 2514 1168 2567 αὐτὸν
1199 2514 1530 2583 ἐπαγγελίαν
1555 2517 1583 2568 ὁ
1611 2512 1800 2585 παρὼν
1826 2511 1969 2578 ἀξιοί

375 2606 542 2678 λίγος
587 2607 767 2678 φήσας
789 2623 802 2637 ³
852 2606 1131 2672 Ἀνάστα,
1165 2610 1199 2661 ό
1233 2606 1397 2672 Θεὸς,
1436 2605 1643 2674 κρῖνον
1671 2605 1785 2673 τὴν
1825 2605 1964 2674 γῆν,

376 2701 475 2755 ἔτι
513 2699 595 2753 σὺ
625 2698 1255 2767 κατακληρονομήσεις
1280 2699 1350 2751 ἐν
1372 2696 1521 2752 πᾶσι
1551 2697 1674 2762 τοῖς
1699 2698 1962 2751 ἔθνεσιν.

378 2791 450 2845 Oi
483 2791 582 2861 μὲν
607 2789 716 2861 γάρ
745 2789 1343 2862 προκατηγορηθέντες,
1376 2792 1529 2861 φησι,
1557 2788 1718 2843 κακοὶ
1747 2789 1968 2859 γενόμε-

380 2901 466 2937 νοι
509 2883 717 2954 κριταὶ,
765 2883 822 2934 ὲν
876 2883 1052 2952 σκότῳ
1099 2881 1527 2954 διεπορεύθησαν
1556 2900 1569 2912 ο
1615 2881 1738 2935 ἐπεὶ
1781 2881 1838 2934 δέ
1885 2899 1966 2935 σοι

380 2974 587 3046 πρέπει
633 2973 694 3027 τὸ
723 2973 947 3036 δικαίως
978 2973 1184 3045 κρίνειν
1210 2990 1224 3004 ·
1261 2973 1407 3044 μόνῳ
1449 2973 1556 3044 γὰρ
1600 2971 1697 3044 τὴν
1733 2971 1912 3043 κρίσιν
1938 2973 1968 3025 ὁ

380 3064 577 3136 Πατὴρ
608 3065 776 3118 ἔδωκε
810 3064 885 3136 τῷ
912 3064 1026 3137 Υἱῷ
1047 3081 1062 3095 ο
1093 3065 1196 3137 ἤδη
1225 3065 1355 3118 ποτὲ
1387 3066 1450 3118 σὺ
1486 3064 1646 3127 αὐτὸς
1680 3063 1963 3134 ἀνάστηθι,

377 3157 474 3211 διὰ
508 3158 609 3228 τῆς
653 3156 852 3212 σαυτοῦ
894 3157 1246 3221 ἀναστάσεως
1281 3157 1381 3228 τὴν
1413 3156 1597 3228 κοινὴν
1631 3156 1847 3209 πάντων
1873 3157 1968 3209 ἀν-

381 3249 412 3302 θ
419 3247 621 3321 ρώπων
645 3249 941 3302 ἀνάστασιν
973 3249 1330 3319 ποιησόμενος
1350 3266 1362 3278 ·
1393 3251 1487 3303 καὶ
1512 3252 1694 3322 κρῖνον
1716 3250 1815 3322 τὴν
1842 3253 1966 3322 γῆν,

382 3339 598 3403 πάντας
625 3339 827 3412 δηλαδὴ
855 3341 983 3404 τοὺς
1007 3341 1107 3412 τὴν
1152 3341 1256 3410 γῆν
1298 3337 1584 3404 οἰκοῦντας
1627 3340 1964 3414 ἀνθρώπους.

380 3431 596 3503 Πρέπει
639 3431 698 3485 δέ
744 3449 828 3486 σοι
879 3431 1089 3496 πάντας
1134 3431 1454 3503 ἀνθρώπους
1487 3432 1724 3504 κρίνειν,
1760 3433 1967 3503 ἐπειδὴ

2068 1973 2186 2043 guit
2237 1971 2509 2034 excitans,
2560 1974 2717 2038 rogat
2750 1975 2812 2020 ut
2857 1964 2970 2034 jam
3029 1961 3248 2016 demum
3296 1958 3496 2013 factam
3545 1957 3652 2012 sibi

2069 2063 2491 2134 promissionem
2534 2059 2602 2114 ad
2647 2059 2811 2114 ﬁnem
2863 2056 3133 2121 deducat,
3169 2052 3362 2108 dicens
3400 2070 3412 2105 :
3459 2049 3650 2121 Surge,

2067 2155 2232 2218 Deus,
2275 2153 2466 2224 judica
2518 2162 2737 2216 terram,
2796 2151 3046 2222 quoniam
3113 2157 3171 2201 tu
3215 2144 3554 2201 hereditabis
3594 2143 3654 2198 in

2068 2247 2312 2302 omnibus
2340 2247 2604 2318 gentibus.
2640 2245 2775 2300 Nam
2807 2246 2841 2299 ii
2875 2245 2968 2316 qui
3018 2244 3173 2314 prius
3207 2240 3452 2296 accusati
3499 2244 3651 2302 sunt,

2069 2336 2267 2406 inquit,
2292 2336 2439 2405 quod
2469 2335 2641 2406 iniqui
2672 2334 2892 2404 judices
2931 2334 3159 2399 fuerint,
3178 2333 3233 2386 in
3266 2329 3509 2387 tenebris
3536 2343 3654 2383 am-

2068 2427 2349 2482 buvlarunt.
2382 2427 2654 2493 Quoniam
2696 2441 2829 2483 vero
2877 2433 2932 2480 te
2953 2428 3106 2496 juste
3157 2423 3409 2494 judicare
3464 2421 3654 2488 decet,

2069 2521 2172 2575 soli
2193 2520 2393 2590 quippe
2415 2518 2555 2573 Filio
2580 2517 2744 2572 Pater
2773 2517 3044 2588 judicium
3073 2515 3254 2570 dedit:
3287 2515 3399 2584 jam
3431 2512 3653 2568 demum

2069 2620 2129 2667 tu
2177 2613 2293 2683 ipse
2345 2627 2530 2682 surge,
2562 2611 2968 2667 resurrectione
3015 2617 3110 2663 tua
3153 2621 3501 2662 communem
3536 2618 3654 2659 om-

2069 2703 2221 2758 nium
2269 2702 2731 2759 resurrectionem
2791 2701 3072 2766 facturus;
3101 2707 3156 2754 et
3205 2697 3392 2767 judica
3422 2703 3651 2757 terram,

2070 2809 2262 2851 omnes
2317 2795 2572 2850 homines
2599 2792 2854 2848 videlicet
2891 2793 2984 2862 qui
3040 2792 3096 2845 in
3141 2797 3288 2845 terra
3334 2794 3650 2843 versantur.

2072 2887 2194 2943 'l'ibi
2224 2903 2391 2959 porro
2423 2887 2683 2942 convenit
2713 2900 2906 2941 omnes
2935 2885 3182 2938 homines
3222 2881 3493 2950 judicare,
3523 2893 3649 2948 quae
3705 2872 3720 2884 ”

2070 2977 2214 3031 niam
2239 2985 2294 3028 tu
2314 2974 2651 3031 bwreditabis
2674 2975 2730 3028 in
2763 2973 3005 3028 omnibus
3021 2970 3280 3042 gentibus.
3312 2968 3378 3024 Et
3410 2982 3656 3040 pi'azsens

2070 3066 2292 3138 quidem
2331 3067 2576 3138 psalmus
2636 3080 2971 3137 synagogam
3021 3065 3249 3119 deorum
3304 3060 3651 3123 memoravit,

2071 3176 2136 3216 ac
2167 3159 2339 3215 Deum
2368 3160 2426 3215 in
2461 3159 2642 3215 medio
2669 3167 2930 3223 stantem,
2950 3157 3194 3227 deosque
3231 3153 3650 3224 dijudicantem,

2073 3262 2356 3325 totamque
2381 3253 2686 3310 doctrinam
2728 3267 2884 3308 suam
2921 3251 2989 3306 de
3029 3249 3239 3319 judicio
3291 3247 3566 3316 instituit;
3595 3246 3651 3300 in

2070 3343 2177 3400 ﬁne
2218 3359 2349 3400 vero
2398 3343 2599 3415 adjecit
2633 3344 2767 3400 illud
2809 3341 3042 3413 :Surge,
3096 3339 3262 3405 Deus,
3312 3338 3500 3409 judica
3546 3345 3652 3391 ter-

2069 3451 2209 3490 ram.

377 3525 466 3581 σὺ
495 3525 1126 3595 κατακληρονομήσεις
1155 3526 1224 3580 ἐν
1257 3525 1407 3582 πᾶσι
1437 3527 1562 3593 τοῖς
1596 3528 1817 3583 ἔθνεσι.
1853 3531 1963 3583 Καὶ
1998 3530 2028 3583 ό
2055 3530 2154 3601 μὲν
2190 3529 2382 3601 παρὼν
2422 3529 2636 3602 ψαλμὸς
2670 3527 2991 3600 συναγωγὴν
3053 3527 3192 3580 θεῶν
3260 3525 3532 3596 ὠνόμασε,
3559 3523 3654 3576 καὶ

377 3625 515 3680 Θεὸν
557 3626 719 3696 μέσον
760 3623 993 3688 ἑστῶτα,
1065 3623 1161 3677 καὶ
1212 3622 1366 3688 θεοὺς
1410 3623 1776 3695 διακρίνοντα,
1821 3625 2000 3680 πᾶσάν
2035 3644 2098 3680 τε
2139 3626 2240 3698 τὴν
2283 3626 2631 3681 διδασκαλίαν
2673 3628 2802 3698 περὶ
2844 3625 3078 3697 κρίσεως
3118 3623 3441 3694 ὲποιήσατου
3513 3620 3653 3689 ἐπή-

377 3717 523 3788 γαγέ
543 3734 602 3770 τε
637 3718 729 3770 ἐπὶ
751 3716 892 3769 τέλει
925 3715 1005 3781 τὸ,
1053 3714 1323 3784 Ἀνάστα,
1357 3719 1390 3770 ό
1420 3716 1584 3784 Θεὸς,
1611 3718 1818 3786 κρῖνον
1848 3719 1964 3787 τὴν
1998 3718 2136 3789 γῆν.

451 3831 646 3886 Ταῦτά
676 3847 736 3883 τε
759 3830 939 3884 πάντα
971 3830 1032 3884 τὸ
1063 3829 1287 3900 Πνεῦμα
1316 3830 1378 3884 τὸ
1406 3831 1561 3899 ἆγιον
1596 3831 1684 3886 διά
1713 3831 1806 3886 τοῦ
1833 3850 1966 3905 προ-

2138 3833 2265 3889 Haec
2295 3849 2462 3905 porro
2483 3834 2666 3890 omnia
2700 3833 2939 3905 Spiritus
2962 3841 3190 3888 sanctus
3209 3845 3304 3900 per
3332 3825 3652 3900 prophetam

381 3922 559 3996 φήτου
599 3920 772 3995 Ἀσάφ
808 3919 1175 3993 ἐξενήνεκται.
1211 3920 1362 3973 Ἐπεὶ
1387 3920 1446 3973 δὲ
1481 3920 1714 3992 εὕρομεν
1747 3923 1839 3976 καὶ
1873 3923 1965 3977 τὸν
2015 3960 2018 3964 η

384 4011 471 4084 μθ¹
519 4011 732 4083 ψαλμὸν
776 4013 871 4065 καὶ
911 4011 1073 4065 αὑτὸν
1119 4010 1593 4083 ἐπιγεγραμμένον
1625 4012 1732 4066 Τοῦ
1758 4013 1962 4082 Ἀσὰφ,

380 4106 478 4159 καὶ
511 4103 583 4157 τὰ
608 4104 737 4177 περὶ
767 4103 1000 4174 κρίσεως
1033 4101 1344 4173 διειληφότα
1366 4103 1571 4173 ὁμοίως
1594 4106 1708 4166 τοῖς
1747 4121 1967 4175 προκει-

384 4197 602 4268 μένοιςο
632 4195 859 4261 εἰκότως
895 4195 1222 4269 ἡγησάμεθα
1256 4195 1548 4249 ἀκόλουθον
1577 4193 1717 4250 εἶναι
1758 4198 1964 4252 ἐκεῖνον

379 4288 579 4358 τούτῳ,
611 4288 739 4342 ὄντα
776 4289 875 4360 μὲν
919 4287 1119 4361 ὁμοίως
1151 4285 1245 4340 τοῦ
1281 4287 1476 4356 Ἀσάφ,
1497 4287 1597 4359 τὴν
1629 4287 1796 4360 αὐτὴν
1836 4289 1966 4342 ὑπό-

382 4381 534 4436 θεσιν
557 4381 969 4452 εἰσηγούμενον.
995 4383 1224 4454 Εἴρηται
1246 4381 1376 4450 γοῦν
1401 4380 1496 4434 καὶ
1528 4382 1586 4434 ὲν
1610 4381 1758 4452 αὐτῷ
1777 4399 1793 4414 ο
1822 4381 1964 4448 Θεὸς

381 4474 538 4553 θεῶν
571 4475 787 4542 Κύριος
823 4474 1112 4543 ἐλάλησε,
1144 4473 1242 4528 καὶ
1271 4473 1528 4529 ἐκάλεσε
1560 4474 1677 4542 τὴν
1704 4473 1822 4544 γῆν
1844 4475 1962 4530 ἀπὸ

381 4563 698 4621 ἀνατολῶν
723 4566 903 4633 ἡλίου
922 4565 1099 4634 μέχρι
1131 4564 1400 4635 δυσμῶν.
1429 4565 1538 4618 Θέα
1575 4565 1685 4637 γάρ
1716 4566 1865 4630 ὅπως
1904 4566 1964 4619 τὸ

385 4656 485 4728 μὲν
514 4655 666 4719 τέλος
695 4655 788 4710 τοῦ
815 4656 954 4727 μετά
975 4659 1162 4728 χεῖρας
1190 4657 1415 4728 φάσκεν
1446 4657 1715 4722 Ἀνάστα,
1737 4662 1769 4712 ό
1797 4659 1961 4724 Θεὸς,

382 4748 592 4815 κρῖνον
619 4747 736 4816 thr
775 4747 925 4818 τῆν’
965 4749 998 4820 ὴ
1042 4750 1097 4802 δὲ
1157 4749 1252 4803 τοῦ
1303 4749 1389 4821 μθ⁹
1417 4751 1558 4823 ἀρχή
1591 4767 1604 4782 ·
1649 4750 1792 4817 Θεὸς
1816 4751 1965 4805 θεῶν

384 4841 600 4907 Κύριος
624 4839 913 4908 ἐλάλησε,
955 4840 1054 4894 καὶ
1095 4841 1352 4895 ἐκάλεσε
1398 4841 1514 4910 thr
1561 4841 1695 4911 ῆν.
1741 4844 1850 4896 Καὶ
1879 4844 1964 4897 ὲν-

383 4931 560 4987 ταῦθα
588 4932 686 5003 μὲν
713 4933 951 5004 εἴρηται·
980 4934 1102 4987 Ὅτι
1136 4933 1219 4988 σὺ
1248 4935 1877 5005 κατακληρονομήσεις
1895 4937 1966 4989 ἐν

386 5023 538 5078 πᾶσι
571 5023 696 5091 τοῖς
728 5024 972 5080 ἔθνεσιν
991 5043 1005 5057 ·
1033 5027 1092 5080 ὲν
1123 5026 1315 5098 ἐκείνῳ
1363 5027 1441 5093 δὲ,
1490 5028 1609 5082 ἀπὸ
1655 5027 1966 5083 ἀνατολῶν

385 5114 764 5200 ἡλιουμέχρι
794 5114 1044 5186 δυσμῶν
1063 5131 1075 5144 '
1105 5117 1200 5170 καὶ
1233 5116 1394 5171 πάλιν
1425 5118 1484 5170 ὲν
1520 5117 1620 5188 μὲν
1648 5117 1727 5188 τῷ
1764 5117 1847 5188 μθ¹
1879 5117 1966 5170 λέ-

2067 3924 2249 3996 Asaph
2285 3925 2500 3982 extulit.
2533 3926 2674 3992 Quia
2703 3940 2832 3980 vero
2863 3924 3132 3993 psalmum
3162 3936 3312 3984 κως,
3333 3921 3427 3990 qui
3453 3926 3507 3973 et
3535 3918 3652 3988 ipse

2065 4017 2263 4086 Asaplii
2316 4018 2671 4082 inscribitur,
2703 4016 2772 4070 de
2822 4015 3036 4086 judicio
3077 4015 3206 4068 item
3252 4013 3648 4068 edisserentem

2066 4107 2530 4180 deprehendimus
2562 4106 2789 4179 perinde
2816 4114 2980 4175 atque
2999 4110 3326 4174 praesentem
3352 4119 3367 4168 ;
3389 4102 3514 4171 jure
3539 4098 3651 4154 exi-

2067 4202 2356 4258 stimamus
2397 4201 2548 4254 illum
2596 4199 2724 4254 huic
2769 4195 3205 4253 subnectendum
3256 4208 3398 4255 esse,
3461 4197 3649 4259 utpote

2066 4294 2160 4366 qui
2186 4293 2444 4348 similiter
2475 4290 2683 4362 Asaphi
2715 4290 2808 4355 sit,
2842 4299 2896 4345 et
2927 4287 3068 4343 idem
3108 4293 3489 4357 argumentum
3520 4299 3646 4354 per-

2066 4391 2281 4439 tractet.
2314 4382 2450 4438 Nam
2496 4378 2568 4438 ibi
2591 4398 2808 4454 quoque
2835 4381 3040 4436 dictum
3077 4379 3216 4432 fuit:
3255 4375 3396 4430 Deus
3427 4375 3647 4429 deorum

2065 4476 2324 4531 Dominus
2354 4477 2561 4532 locutus
2601 4485 2701 4543 est,
2731 4485 2781 4532 et
2814 4476 3014 4532 vocavit
3052 4467 3249 4529 terram
3288 4490 3320 4526 a
3363 4472 3492 4527 solis
3527 4480 3648 4526 ortu

2065 4585 2226 4638 usque
2277 4566 2345 4621 ad
2397 4585 2664 4622 occasum.
2725 4565 3149 4622 Animadvertas
3205 4565 3408 4635 quippe
3459 4561 3645 4624 velim,

2064 4659 2351 4730 prmsentis
2404 4659 2566 4714 tinem
2619 4658 2701 4714 sic
2747 4658 2957 4713 habere
2991 4675 3003 4709 :
3033 4655 3218 4725 Surge,
3275 4653 3439 4717 Deus,
3459 4651 3647 4722 judiea

2068 4762 2295 4818 terram;
2335 4759 2392 4807 et
2438 4751 2846 4823 quadragesimi
2895 4749 3024 4805 noni
3078 4748 3293 4803 initium
3328 4747 3432 4800 hoc
3475 4761 3645 4802 esse:

2063 4845 2210 4903 Deus
2238 4845 2457 4900 deorum
2477 4844 2736 4899 Dominus
2767 4843 2972 4898 locutus
2999 4851 3098 4905 est,
3131 4850 3180 4894 et
3206 4839 3404 4893 vocavit
3425 4847 3644 4894 terram.

2065 4934 2167 4991 llic
2190 4937 2355 4992 etiam
2388 4936 2614 4998 dicitur,
2649 4934 2912 4999 Quoniam
2939 4941 2993 4985 tu
3028 4928 3365 4984 ha'reditabis
3393 4931 3446 4981 in
3470 4912 3646 4981 omni;

2067 5027 2160 5082 bus
2191 5027 2466 5099 gentibus;
2500 5027 2574 5081 ibi
2619 5041 2770 5090 vero,
2806 5043 2840 5079 a
2869 5023 2999 5078 satis
3028 5032 3149 5076 ortu
3183 5037 3346 5092 usque
3379 5020 3449 5072 ad
3489 5035 3645 5072 occa-

2066 5137 2202 5175 sum.
2240 5121 2319 5174 Ac
2360 5135 2583 5174 rursum
2620 5119 2674 5173 in
2716 5133 2845 5171 xux
2875 5114 3083 5169 dictum
3127 5121 3211 5168 est
3254 5131 3268 5167 :
3303 5111 3444 5164 Deus
3474 5109 3635 5163 mani-

387 5195 606 5263 lextar."
646 5206 700 5259 Ὁ
737 5206 882 5274 Θεὸς
910 5207 1188 5277 ἐμφανῶς
1217 5208 1370 5277 ἣξει,
1397 5212 1431 5264 ό
1461 5210 1606 5276 Θεὸς
1641 5209 1831 5280 ἡμῶν,
1858 5210 1956 5264 καί

2067 5213 2193 5282 {este
2221 5213 2408 5276 veniet,
2443 5210 2585 5265 Deus
2617 5218 2880 5276 noster,et
2910 5224 3014 5262 non
3045 5205 3238 5262 silebit.
3271 5203 3408 5257 Cum
3435 5199 3644 5256 venerit

386 5300 458 5352 οὐ
488 5299 1020 5369 παρασιωπήσεται
1040 5317 1057 5334 ο
1098 5301 1271 5356 ἐλθὼν
1310 5303 1368 5356 δὲ
1404 5303 1457 5356 τί
1490 5303 1728 5375 ποιήσει,
1763 5303 1792 5356 ὁ
1821 5303 1960 5374 μετά

388 5394 571 5464 χεῖρας
597 5391 844 5450 διδάσκει⁹
868 5393 1040 5462 λέγων
1058 5410 1072 5424 ’
1111 5395 1165 5447 '0
1197 5395 1341 5462 Θεὸς
1372 5396 1518 5456 ἐστη
1542 5395 1612 5449 ἐν
1638 5395 1960 5466 συναγωγῇ

389 5479 564 5536 θεῶν·
597 5483 667 5539 ἐν
698 5484 870 5552 μέσῳ
909 5483 977 5538 δὲ
1016 5487 1189 5553 θεοὺς
1218 5486 1525 5556 διακρίνει.
1575 5485 1699 5551 Πῶς
1747 5487 1802 5541 δὲ
1847 5487 1960 5541 δια-

389 5573 580 5643 κρίνει,
623 5574 653 5627 ὁ
687 5574 773 5644 μθ¹
804 5576 1059 5647 διασαφεῖ
1090 5580 1312 5648 φάσκων
1335 5596 1347 5608 ·
1389 5579 1517 5647 Πῦρ
1551 5579 1829 5633 ἐναντίον
1854 5581 1960 5635 αὺ-

391 5665 493 5722 τοῦ
514 5667 881 5737 καυθήσεται
899 5687 912 5700 ο
945 5671 1151 5738 κύκλῳ
1181 5671 1368 5726 αὑτοῦ
1397 5671 1662 5743 καταιγίς
1699 5671 1957 5742 σφόδρα.

464 5821 504 5854 ¹¹
543 5821 686 5882 Psal.
726 5842 784 5894 ιι,
826 5829 874 5882 7.

2066 5320 2270 5377 autem,
2299 5312 2428 5382 quid
2461 5318 2687 5366 acturus
2716 5309 2807 5372 sit,
2838 5307 2996 5362 docet
3016 5319 3256 5376 praesens
3281 5301 3526 5373 psalmus
3555 5297 3643 5355 bis

2064 5405 2247 5459 verbis
2278 5422 2290 5457 :
2328 5403 2469 5458 Deus
2517 5403 2662 5456 stetit
2717 5401 2775 5454 in
2806 5415 3077 5469 synagoga
3122 5397 3360 5459 deorum,
3387 5394 3443 5448 in
3471 5391 3641 5446 medio

2068 5501 2245 5545 autem
2271 5490 2395 5545 deos
2446 5489 2726 5559 dijudicat.
2765 5485 3050 5554 Quomodo
3081 5483 3427 5555 dijudicabit,
3461 5483 3644 5538 decla-

2067 5591 2154 5637 rat
2188 5597 2340 5649 χιιι,
2367 5581 2452 5635 his
2479 5579 2663 5635 verbis
2702 5597 2716 5634 :
2752 5578 2900 5650 Ignis
2937 5578 2995 5631 in
3025 5585 3301 5646 conspectu
3325 5575 3438 5645 ejus
3481 5590 3641 5628 exar-

2065 5672 2258 5741 descet,
2290 5673 2342 5726 in
2369 5671 2595 5726 circuitu
2640 5670 2756 5741 ejus
2807 5678 3084 5737 tempestas
3113 5665 3311 5722 valida.
3346 5663 3637 5721 Advocabit
