4066 6388
427 357 526 411 991

1092 363 1360 420 EUSEBU
1397 365 1876 423 CeESARlENSlS
1914 370 2064 427 OPP.
2105 370 2284 426 PARS
2316 371 2406 428 III.
2450 376 2525 416 -Α
2552 373 2959 431 EXEGETICA.

3574 379 3688 432 902

426 471 610 524 cwlum
668 472 946 529 desursum
981 515 996 540 ,
1041 488 1090 532 et
1141 489 1338 532 terram
1394 479 1689 548 dijudicare
1753 481 1971 551 populat

2070 485 2590 552 ,Προσκαλέσεται
2638 487 2745 539 τὸν
2783 485 3042 555 οὐρανὸν
3086 486 3209 540 ἅνω
3267 487 3365 542 καὶ
3407 488 3523 557 τὴν
3563 489 3686 558 γῆν

423 578 597 617 suum.
631 561 838 618 Horum
861 581 1028 620 causa
1059 569 1257 623 merito
1286 569 1624 622 arbitramur
1643 569 1998 640 quadragesi-

421 669 570 708 mum
601 672 805 710 nonum
839 657 967 712 huic
1005 661 1215 729 psalmo
1253 661 1695 733 sulijungendum
1743 677 1886 718 esse.
1928 660 1998 716 ll-

422 744 623 815 ludque
650 747 776 802 item
806 749 1230 815 observandum,
1249 751 1467 808 eosdem
1501 756 1741 822 psalmos
1771 755 1996 824 perinde

419 843 582 905 atque
612 839 1031 910 subsequentes,
1053 843 1148 912 qui
1171 843 1300 898 item
1327 843 1529 914 Asaphi
1559 857 1706 911 sunt,
1734 846 1996 916 abjectio-

419 943 543 980 nem
576 927 889 985 Iudaeorum
920 933 1149 1003 ejusque
1185 951 1382 992 causas
1406 938 1714 1008 complecti.
1745 937 1995 1005 Quadra-

418 1019 659 1086 pesimus
692 1037 822 1076 vero
852 1039 1051 1088 nonus,
1085 1027 1154 1080 ab
1180 1026 1370 1082 eodem
1419 1030 1684 1099 propheta
1728 1032 1989 1100 scriptus,

415 1125 515 1179 per
568 1113 964 1169 sacriﬁciorum
1017 1118 1472 1187 repudiationem,
1541 1121 1794 1178 Mosaicae
1857 1124 1992 1194 legis

416 1200 826 1271 abrogationem
859 1205 1101 1274 inducit;
1127 1207 1202 1263 ita
1233 1219 1289 1264 ut
1316 1211 1371 1265 in
1425 1212 1518 1268 illo
1560 1215 1805 1284 ejusdem
1830 1232 1993 1287 argu-

415 1287 587 1340 menti
611 1289 791 1350 series
835 1296 1218 1366 sententiaque
1250 1301 1594 1356 exhibeatur.
1623 1303 1741 1370 Qua
1769 1321 1897 1360 vero
1923 1306 1990 1362 de

413 1390 582 1430 causa
607 1393 734 1432 xux
767 1397 795 1434 a
826 1387 1190 1451 praasentibus
1221 1391 1445 1447 avulsus
1483 1403 1536 1448 et
1568 1403 1693 1450 ante
1719 1398 1991 1467 quinqua-

411 1470 603 1538 gesimi
630 1474 820 1541 psalmi
850 1478 1251 1535 confessionem
1284 1484 1498 1552 positus
1525 1486 1614 1552 sit,
1641 1488 1753 1558 jam
1788 1490 1842 1543 in
1869 1492 1989 1561 ejus

410 1566 804 1621 commentario
825 1567 1159 1640 disputatum
1188 1579 1292 1628 est.

471 1837 517 1888 1.
554 1835 904 1893 CANTICUM
938 1837 1189 1897 PSALMI
1227 1842 1356 1900 lPSl
1389 1844 1638 1900 ASAPH.
1679 1845 1943 1903 LXXXII.
2017 1838 2060 1893 Β

477 1983 643 2042 Vens.
688 1988 742 2042 2.
776 1989 940 2058 Deus,
975 1995 1093 2062 quis
1117 1995 1310 2050 similis
1359 1999 1464 2053 erit
1517 1999 1655 2055 tibi?
1687 2017 1749 2055 ne
1779 2011 1981 2067 taceas,

401 2095 562 2149 neque
583 2085 950 2150 compescaris,
968 2085 1130 2141 Deus.
1149 2087 1600 2162 Septuagesimus
1629 2109 1810 2149 nonus
1834 2097 1983 2164 psal-

399 2186 522 2226 mus
553 2173 987 2231 destructionem
1021 2179 1194 2235 vinea:
1214 2220 1230 2246 ,
1261 2179 1501 2238 Iudaica:
1528 2184 1705 2254 gentis
1740 2185 1978 2252 ruinam,

398 2263 503 2320 loci
535 2267 627 2336 qui
663 2282 832 2338 penes
882 2285 979 2327 eos
1020 2272 1075 2326 in
1120 2275 1300 2344 pretio
1327 2285 1381 2330 et
1410 2277 1620 2332 honore
1671 2278 1980 2334 habebatur

397 2353 712 2410 incendium
771 2367 824 2413 et
861 2362 1174 2419 vastitatem
1233 2368 1672 2437 praenuntiabat;
1727 2371 1838 2426 duo
1890 2389 1980 2428 se-

393 2453 628 2513 quentes
661 2463 886 2505 causam
920 2453 1086 2525 hujus
1115 2457 1451 2515 calamitatis
1477 2463 1849 2531 enarrabant;
1887 2465 1976 2520 hic

395 2550 525 2590 vero
555 2538 624 2594 iis
659 2542 1010 2612 conjunctus,
1045 2548 1501 2617 supplicationem
1547 2560 1604 2607 et
1636 2554 1978 2612 obsecratio-

394 2641 518 2681 nem
580 2645 678 2700 pro
724 2637 924 2704 populo
971 2637 1147 2692 etl‘ert.
1195 2637 1325 2696 Post
1369 2642 1550 2698 tristia
1613 2647 1812 2716 quippe
1883 2648 1974 2703 illa

392 2720 550 2787 quasi
579 2723 848 2780 medelam
879 2729 1176 2798 quamdam
1208 2731 1487 2802 praedictis
1513 2735 1805 2794 admovere
1836 2755 1966 2794 con-

330 2808 344 2820 '
391 2817 712 2902 sentaneum
771 2817 896 2887 fuit,
931 2823 1371 2893 quandoquidem
1433 2830 1628 2898 psalmi
1687 2832 1870 2902 Asaph
1917 2834 1974 2888 in

389 2901 495 2958 hoc
515 2906 1064 2969 circumscribentur.
1081 2913 1450 2981 Quamobrem
1474 2919 1756 2976 Canticum
1776 2901 1973 2992 psalmi

390 2991 693 3066 inscriptus
708 3009 815 3068 est,
835 3004 963 3072 quia
981 3005 1124 3060 bona
1154 3008 1358 3077 populo
1376 3018 1650 3080 precatur.
1679 2991 1783 3069 Est
1804 3030 1972 3084 porro

391 3086 717 3145 undecimus
750 3106 940 3149 eorum
991 3099 1087 3166 qui
1135 3097 1338 3169 Asaplti
1383 3100 1796 3170 inscribuntur,
1832 3123 1971 3176 quo-

2099 575 2206 628 τοῦ
2237 576 2530 644 διακρῖναι
2568 578 2676 632 τὸν
2711 579 2866 634 λαὸν
2907 580 3113 634 αὐτοῦ.
3145 579 3362 634 Τούτων
3393 583 3684 652 τοιγαροῦν

2097 663 2258 717 ἕνεκα
2301 665 2526 730 εἰκότως
2553 667 2781 722 ἕπεσθαι
2821 668 2900 739 τῷ
2942 669 3079 740 μετά
3123 673 3308 740 χεῖρας
3353 671 3684 742 ἡγησάμεθα

2095 754 2186 807 τὸν
2234 754 2339 825 μθ’.
2376 757 2612 810 Κάκείνο
2657 757 2714 810 δὲ
2761 759 3043 830 τηρητέον,
3074 759 3149 823 ὡς
3190 761 3390 830 ὁμοίως
3433 765 3547 825 τοῖς
3593 765 3684 816 ἐν-

2094 845 2268 898 ταῦθα
2304 849 2670 918 συνημμένοις
2703 850 2796 903 τοῦ
2854 850 3028 920 Ἀσάφ
3073 851 3306 922 ψαλμοῖς
3345 852 3445 924 τὴν
3475 853 3683 908 ἀποϐο-

2094 937 2192 1009 λὴν
2244 935 2337 992 τοῦ
2390 940 2660 995 Ἰουδαίων
2708 942 2914 1007 ἔθνους,
2964 944 3058 996 καὶ
3100 943 3306 1016 ταύτης
3349 943 3449 1009 τὰς
3495 946 3681 1010 αἰτίας

2094 1030 2423 1100 περιέχουσι.
2467 1033 2578 1086 Καὶ
2617 1036 2645 1087 6
2687 1032 2772 1104 μθ⁹
2807 1035 2902 1088 τοῦ
2935 1035 3101 1088 αὑτοῦ
3138 1035 3422 1106 τυγχάνων
3457 1041 3676 1108 προφή-

2091 1139 2207 1188 του,
2237 1125 2551 1197 ἀνατροπὴν
2589 1126 2684 1178 τοῦ
2715 1127 2959 1190 Μωσέως
2991 1127 3156 1198 νόμου
3196 1129 3406 1198 εἰσάγει
3443 1129 3531 1184 διά
3572 1131 3677 1201 τῆς

2090 1211 2199 1267 τῶν
2234 1215 2433 1268 θυσιῶν
2470 1218 2887 1288 παραιτήσεως·
2923 1217 3064 1271 ῶστε
3115 1221 3209 1272 καὶ
3259 1221 3316 1273 ἐν
3359 1221 3541 1292 ταύτῷ
3573 1222 3676 1293 τὴν

2090 1304 2412 1359 ἀκολουθίαν
2457 1307 2767 1361 δείκνυσθαι
2816 1309 2916 1379 τῆς
2961 1308 3069 1361 τῶν
3119 1311 3509 1382 ἐμφερομένων
3558 1312 3678 1366 δια-

2090 1397 2258 1461 νοίας.
2294 1399 2392 1452 Διά
2430 1399 2484 1452 τί
2507 1399 2562 1453 δὲ
2590 1400 2963 1470 μετατέθειται
2994 1404 3023 1455 6
3063 1402 3148 1474 μθ¹
3177 1407 3241 1458 ἐκ
3268 1405 3366 1476 τῆς
3397 1405 3504 1458 τῶν
3544 1423 3678 1476 προ-

2091 1487 2356 1556 κειμένων
2393 1490 2711 1559 συναφείας,
2758 1492 3123 1561 προτέτακται
3167 1494 3223 1546 δέ
3265 1494 3364 1564 τῆς
3407 1496 3464 1548 ἐν
3504 1495 3584 1566 τῷ
3627 1502 3674 1548 ν’

2087 1576 2287 1648 ψαλμῷ
2321 1579 2781 1650 ἐξομολογήσεως,
2811 1581 2868 1632 ἐν
2896 1583 3008 1646 τοῖς
3033 1583 3114 1646 είς
3140 1583 3300 1636 αὐτὸν
3326 1583 3676 1658 τεθεωρημέ-

2089 1687 2200 1732 νοις
2225 1672 2354 1740 ἡμῖν
2386 1672 2818 1744 προδιείληπται.

2395 1850 2528 1919 ῼΔΗ
2559 1850 2860 1905 ΨΑΛΜΟΥ
2891 1853 2978 1921 Τῼ
3008 1853 3204 1908 ΑΣΔΦ.
3232 1853 3356 1908 ΠΒ’.

2165 1999 2225 2052 Ὁ
2257 2000 2420 2067 Θεὸς,
2457 2003 2548 2068 τίς
2593 2003 3024 2072 ὁμοιωθήσεται
3056 2021 3154 2060 σοι
3174 2022 3194 2070 ;
3232 2007 3328 2076 Μὴ
3377 2008 3667 2079 σιγήσῃς,

2077 2088 2234 2156 μηδὲ
2280 2095 2726 2162 καταπραΰνῃς,
2776 2099 2808 2149 ὁ
2860 2099 3026 2163 Θεός.
3070 2099 3126 2151 '0
3184 2099 3282 2169 μὲν
3334 2100 3408 2152 οϐ’
3449 2100 3666 2171 ψαλμὺς

2082 2180 2452 2250 προανεφώνει
2481 2184 2573 2237 τὸν
2614 2186 2920 2258 ἀφανισμὸν
2948 2189 3042 2242 τοῦ
3076 2191 3399 2261 ἀμπελῶνος
3427 2195 3520 2246 καὶ
3559 2195 3662 2265 τὴν

2082 2272 2290 2325 πτῶσιν
2320 2273 2414 2327 τοῦ
2453 2274 2719 2330 Ἰουδαίων
2759 2277 2963 2343 ἔθνους,
2989 2281 3083 2334 τοῦ
3115 2300 3175 2335 τε
3207 2286 3336 2354 παρ’
3364 2285 3548 2348 αὐτοῖς
3581 2303 3664 2339 τε·

2078 2366 2383 2436 τιμημένου
2425 2369 2591 2422 τόπου
2620 2371 2711 2424 τὸν
2742 2373 3072 2443 ἐμπρησμὸν
3120 2376 3215 2428 καὶ
3255 2376 3351 2446 τὴν
3385 2379 3617 2448 ἐρημίαν
3641 2397 3655 2410 ι

2077 2460 2125 2511 οἱ
2170 2459 2214 2513 δ’
2260 2458 2389 2530 ἑξῆς
2417 2461 2567 2533 αὑτῷ
2594 2463 2686 2516 δύο
2715 2465 2814 2534 τὴν
2845 2465 3027 2520 αἰτίαν
3062 2467 3338 2522 ἐδίδασκον
3372 2470 3441 2523 δι’
3473 2470 3540 2542 ην
3573 2489 3663 2524 περ

2077 2551 2304 2605 πόνθασι
2341 2552 2546 2606 ταῦτα’
2594 2557 2622 2608 6
2666 2555 2723 2608 δὲ
2767 2556 2977 2626 παρὼν,
3026 2560 3367 2630 συνημμένος
3408 2563 3656 2627 ἐκείνοις,

2077 2643 2358 2715 ἱκετηρίαν
2395 2646 2491 2698 καὶ
2533 2646 2717 2716 δέησιν
2758 2648 2899 2716 ὑπὲρ
2929 2649 3025 2702 τοῦ
3060 2649 3190 2704 λαοῦ
3226 2656 3480 2708 ποιεῖται.
3513 2653 3659 2708 Ἔδει

2071 2732 2180 2804 γὰρ
2210 2735 2347 2805 μετά
2377 2735 2446 2790 τά
2475 2738 2775 2808 σκυθρωπά
2803 2738 2994 2812 ὥσπερ
3017 2741 3140 2795 τινὰ
3166 2739 3461 2815 θεραπείαν
3488 2763 3654 2816 προσ-

2073 2825 2225 2894 ἀγειν
2245 2830 2358 2890 τοῖς
2387 2829 2753 2899 προλεχθεῖσι,
2789 2831 3080 2901 μέλλοντας
3107 2835 3164 2887 ἐν
3191 2834 3365 2904 τούτῳ
3393 2838 3653 2908 περιγρόμ

2071 2936 2136 2987 φε
2145 2919 2264 2972 σθαι
2283 2921 2408 2984 τοὺς
2425 2921 2534 2976 Τοῦ
2550 2922 2741 2990 Ἀσὰερ
2759 2923 3025 2994 ψαλμούς.
3044 2925 3134 2978 Διὸ
3151 2927 3242 2978 καὶ
3258 2925 3393 2998 ᾨόὴ
3409 2927 3654 2996 ψαλμοῦ

2069 3007 2472 3078 ἐπιγέγραπται
2493 3012 2521 3063 ό
2543 3010 2732 3082 παρὼν
2753 3011 2929 3080 λόγος,
2957 3012 3047 3065 διά
3067 3013 3128 3066 τὸ
3159 3015 3225 3067 τὰ
3254 3015 3468 3086 χρηστά
3495 3018 3654 3088 ὑπερ-

2069 3095 2322 3166 εύχεσθαι
2355 3098 2448 3152 τοῦ
2478 3098 2630 3154 λαοῦ.
2659 3101 2814 3153 Ἔστι
2839 3102 2895 3155 δὲ
2916 3103 2944 3155 ὁ
2972 3102 3161 3174 παρὼν
3186 3102 3295 3155 τῶν
3321 3109 3653 3177 ἐπιγεγραμ-

389 3191 510 3230 rum
557 3181 765 3248 primus
795 3192 912 3239 erat
952 3203 1123 3254 Lxxu,
1157 3189 1234 3244 ita
1296 3198 1355 3245 ut
1395 3192 1450 3246 in
1507 3209 1697 3248 eorum
1753 3212 1969 3267 quoque

2075 3190 2249 3255 μένων
2271 3187 2382 3242 Τοῦ
2399 3189 2580 3258 Ἀσάφ
2603 3197 2690 3254 ια’,
2720 3185 2794 3244 ὧν
2826 3191 3043 3262 πρῶτος
3073 3188 3140 3262 ἦν
3166 3194 3196 3244 6
3228 3193 3326 3258 οϐ’,
3365 3212 3650 3265 συμπαρα-

389 3282 621 3323 numero
649 3281 939 3328 censeatur
969 3292 1120 3341 xux,
1157 3279 1286 3349 quia
1326 3280 1372 3335 is
1406 3281 1570 3336 etiam
1608 3291 1694 3337 est
1721 3285 1963 3356 Asaphi:

387 3366 551 3428 atque
572 3360 644 3415 ita
674 3377 866 3420 omnes
888 3366 1178 3422 duodecim
1199 3385 1428 3426 numero
1459 3381 1606 3427 sunt.
1634 3373 1692 3428 ln
1717 3380 1966 3445 przesenti

387 3449 554 3519 igitur
595 3455 865 3524 propheta
925 3457 1036 3514 Deo
1091 3462 1410 3531 supplicans
1459 3464 1581 3521 ait:
1625 3465 1790 3532 Deus,
1849 3471 1966 3539 quis

383 3541 577 3596 similis
645 3545 745 3598 erit
795 3546 932 3604 tibi?
970 3566 1033 3605 ne
1101 3561 1301 3618 taceas,
1371 3572 1534 3626 neque
1595 3562 1964 3626 compesearis,

383 3630 548 3688 Deus.
591 3636 683 3688 Ait
719 3638 960 3708 quippe:
1005 3640 1423 3713 Deopatienti,
1465 3648 1721 3703 toleranti
1753 3690 1767 3715 ,
1811 3653 1962 3708 ideo-

383 3739 491 3790 que
545 3740 737 3783 omnes
811 3729 1050 3798 ferenti,
1115 3751 1276 3791 nemo
1348 3739 1568 3795 similis.
1639 3740 1774 3796 Nam
1839 3745 1964 3814 quis

381 3815 609 3885 perinde
653 3827 816 3890 atque
869 3833 924 3878 tu
994 3827 1281 3881 atheorum
1339 3837 1394 3885 et
1463 3833 1754 3903 impiorum
1816 3836 1964 3893 blas-

381 3906 577 3976 phema
639 3910 782 3967 dicta
843 3924 898 3970 et
964 3921 1278 3988 superbiam
1341 3921 1484 3979 ferre
1521 3927 1756 3982 valeat?
1815 3928 1964 3995 Qua-

378 4010 439 4051 re
473 3999 569 4054 tibi
601 4004 819 4072 quidem
854 4006 965 4064 Deo
1001 4027 1162 4066 nemo
1195 4013 1394 4071 similis
1425 4017 1548 4073 erit.
1588 4018 1702 4090 Ego
1737 4036 1866 4076 vero
1902 4029 1962 4076 ut

379 4087 563 4156 homo,
602 4095 918 4155 inﬁrmitate
970 4113 1261 4173 superatus
1292 4123 1432 4170 mea.
1483 4110 1597 4165 haec
1650 4113 1962 4184 supplicare

377 4181 573 4248 audeo,
609 4186 818 4258 tibique
839 4188 952 4247 Deo
975 4210 1100 4248 cum
1136 4198 1388 4266 precibus
1413 4199 1627 4256 dicere:
1653 4181 1734 4257 Ne
1758 4181 1956 4270 taceas,

379 4289 538 4344 neque
587 4283 961 4348 compescaris,
1025 4285 1189 4342 Deus.
1226 4287 1382 4345 Tunc
1423 4307 1554 4346 vero
1605 4300 1787 4350 tacere
1814 4293 1958 4352 Deus

375 4365 600 4433 dicitur,
642 4386 766 4424 cum
811 4373 1223 4445 insurgentibus
1273 4381 1451 4438 atheis
1492 4391 1548 4439 et
1579 4383 1762 4454 impiis
1797 4386 1953 4454 viris,

2070 3276 2483 3348 λαμϐανομένου
2521 3282 2636 3343 τοῖς
2679 3282 3062 3353 προκειμένοις
3097 3282 3194 3336 τοῦ
3239 3292 3289 3355 μ’
3322 3287 3412 3337 καὶ
3455 3284 3519 3349 θ’,
3554 3286 3643 3340 διὰ

2066 3369 2128 3422 τὸ
2167 3369 2261 3422 καὶ
2293 3369 2454 3422 αὐτὸν
2479 3366 2620 3423 εἶναι
2648 3372 2742 3425 τοῦ
2784 3373 2976 3443 Ἀσάφ.
3014 3375 3245 3429 Γένοιντ’
3275 3376 3337 3430 ἂν
3364 3379 3412 3430 οί
3441 3379 3643 3443 πάντες

2065 3461 2156 3515 τὸν
2181 3460 2414 3532 ἀριθμὸν
2446 3461 2536 3516 ιϐ’.
2565 3463 2727 3532 Λέγει
2756 3465 2810 3518 δέ
2842 3465 2930 3520 διὰ
2958 3465 3050 3520 τοῦ
3079 3469 3343 3541 παρόντος
3374 3471 3402 3522 6
3426 3473 3650 3542 Προφή-

2064 3568 2164 3622 της
2210 3554 2268 3607 ἐν
2313 3555 2379 3623 τῇ
2424 3553 2563 3625 πρὸς
2595 3555 2685 3608 τὸν
2727 3556 2858 3612 Θεὸν
2906 3559 3191 3632 ἱκετηρίᾳο
3240 3563 3303 3615 '0
3349 3563 3511 3630 Θεὸς,
3557 3567 3650 3631 τίς

2064 3641 2495 3710 ὁμοιωθήσεται
2527 3659 2664 3708 o‘oc;
2694 3646 2791 3715 Μὴ
2824 3647 3108 3718 σιγήσῃς,
3123 3651 3277 3718 μηδὲ
3308 3655 3643 3722 καταπραΰ-

2061 3753 2199 3804 νῃς.
2222 3738 2256 3791 ὁ
2292 3739 2454 3803 Θεός.
2493 3737 2553 3790 '0
2583 3739 2681 3809 μὲν
2705 3742 2832 3811 γὰρ,
2859 3744 3012 3812 φησὶ,
3039 3743 3117 3814 τῷ
3147 3745 3266 3814 Θεῷ
3305 3747 3644 3819 μακροθύμῳ

2062 3827 2173 3882 δντι
2213 3829 2304 3881 καὶ
2351 3829 2676 3902 ἀνεξικάκῳ,
2713 3833 2808 3884 καὶ
2855 3831 2943 3885 διὰ
2982 3834 3139 3887 τοῦτο
3186 3837 3406 3888 πάντων
3453 3839 3645 3909 ἀνεχο-

2066 3919 2232 3991 μένῳ,
2261 3920 2436 3984 οὐδεὶς
2473 3922 2678 3991 ὅμοιος.
2711 3924 2808 3987 Τίς
2847 3924 2956 3995 γάρ
2997 3942 3076 3978 σοι
3118 3927 3513 3999 παραπλησίως
3547 3930 3647 3993 τὰς

2061 4011 2169 4065 τῶν
2195 4011 2369 4066 ἀθέων
2396 4013 2492 4065 καὶ
2515 4013 2727 4068 ἀσεϐῶν
2754 4015 2964 4086 ἀνδρῶν
2994 4018 3307 4089 δυσφημίας
3343 4022 3436 4074 καὶ
3477 4023 3647 4093 ὑπερ-

2059 4104 2296 4173 ηφανίας
2331 4101 2442 4167 οἷός
2469 4107 2519 4157 τ’
2552 4105 2620 4159 ἂν
2661 4104 2746 4176 εἴη
2788 4107 3002 4178 φέρειν;
3039 4110 3130 4162 Διὸ
3165 4111 3246 4163 σοὶ
3287 4111 3406 4182 μὲν,
3439 4112 3642 4176 όΘεὸς,

2058 4193 2233 4257 οὐδεὶς
2253 4195 2650 4266 ὁμοιωθήσεται
2671 4213 2683 4225 ·
2725 4195 2836 4265 ἐγὼ
2863 4197 2918 4250 δὲ
2952 4197 3027 4262 ὡς
3056 4199 3362 4270 ἄνθρωπος,
3393 4201 3645 4274 ἡττώμε-

2059 4301 2148 4348 νος
2183 4285 2289 4338 ὑπὸ
2320 4286 2422 4355 τῆς
2451 4286 2690 4356 ἐμαυτοῦ
2729 4287 3034 4352 ἀσθενείας,
3067 4290 3249 4362 τολμῶ
3289 4293 3514 4356 δεῖσθαι,
3545 4294 3643 4347 καὶ

2060 4377 2143 4428 σοὶ
2191 4375 2270 4447 τῷ
2318 4376 2438 4447 Θεῷ
2485 4378 2604 4449 μεθ’
2644 4381 2921 4453 ἱκετηρίας
2961 4381 3164 4451 λέγειν’
3205 4384 3304 4452 Μὴ
3353 4385 3637 4454 σιτήσῃς,

375 4457 534 4524 quasi
593 4475 702 4514 non
737 4462 1027 4521 advertens
1065 4468 1157 4523 ille
1194 4478 1398 4535 manet,
1432 4488 1609 4542 neque
1664 4474 1952 4529 confestim

2070 4465 2207 4533 μηδὲ
2263 4471 2708 4536 καταπραΰνῃς,
2754 4473 2788 4522 ὁ
2847 4473 3010 4537 Θεός.
3063 4474 3226 4545 Σιγᾷν
3260 4474 3315 4527 δὲ
3353 4476 3568 4544 λέγεται
3609 4480 3639 4531 6

376 4548 637 4604 ultionem
664 4553 854 4617 sumit,
874 4571 974 4611 nec
1000 4561 1310 4628 promeritis
1332 4579 1427 4618 eos
1450 4565 1736 4635 suppliciis
1763 4581 1956 4636 aggre-

2070 4555 2209 4619 Θεὸς,
2246 4534 2467 4612 ἐπειδὰν
2492 4534 2872 4632 ἐπαιρομένων
2903 4534 3012 4616 τῶν
3036 4534 3212 4620 ἀθέων
3241 4571 3334 4620 καὶ
3359 4534 3638 4623 δυσσεὸῶν

374 4640 540 4694 ditur.
565 4641 930 4708 Quamobrem
960 4649 1077 4718 ipse
1101 4649 1283 4721 Asaph
1311 4653 1363 4706 in
1391 4670 1516 4708 χιιι
1541 4655 1754 4725 psalmo
1781 4656 1952 4712 Deum

2070 4647 2287 4720 ὶνδρῶν,
2315 4649 2716 4722 ἀπροσποίητος
2745 4653 2917 4724 μένει,
2949 4656 3023 4727 μὴ
3047 4658 3266 4726 ἐπάγων
3296 4663 3638 4733 παραχρῆμα

376 4728 491 4783 haec
531 4736 887 4798 peccantibus
929 4737 1203 4795 dicentem
1236 4743 1448 4798 inducit
1483 4764 1494 4799 :
1528 4747 1658 4800 Haec
1686 4747 1878 4816 fecisti,
1902 4759 1953 4802 et

375 4826 515 4873 tacui
547 4839 564 4875 :
590 4827 914 4882 existimasti
946 4830 1122 4901 inique
1148 4835 1286 4902 quod
1326 4851 1416 4889 ero
1447 4838 1523 4890 tui
1556 4837 1772 4893 similis.
1805 4839 1952 4895 Cau-

373 4927 492 4965 sam
528 4931 654 4970 vero
679 4918 904 4984 silentii,
939 4922 1218 4991 patientiae
1245 4935 1298 4981 et
1328 4927 1630 4984 tolerantiae
1665 4929 1758 4985 Dei
1792 4932 1953 4986 docet

371 5004 690 5073 Apostolus,
724 5009 838 5063 haec
874 5014 1123 5070 scribens
1153 5034 1164 5068 :
1191 5017 1273 5070 An
1304 5016 1520 5074 divitias
1554 5023 1806 5077 bonitatis
1837 5023 1951 5094 ejus

371 5102 422 5145 et
464 5095 738 5162 patientiae
781 5109 832 5154 et
873 5103 1290 5174 longanimitatis
1334 5112 1647 5177 contemnis,
1699 5115 1949 5184 ignorans

371 5182 509 5248 quod
555 5183 848 5256 benignitas
896 5190 994 5246 Dei
1031 5195 1099 5247 ad
1134 5197 1494 5264 paenitentiam
1537 5209 1585 5252 te
1626 5182 1843 5255 adducit
1869 5203 1953 5257 "?

373 5274 479 5327 Sed
508 5283 567 5328 tu
601 5278 845 5347 quidem,
888 5283 984 5347 ait,
1021 5295 1077 5339 ut
1108 5285 1273 5354 Deus,
1313 5303 1504 5359 omnes
1543 5291 1801 5356 sustines,
1834 5307 1952 5346 om-

372 5380 470 5421 nes
517 5370 816 5426 clementer
840 5375 1067 5441 toleras,
1101 5393 1166 5434 ac
1193 5379 1260 5436 de
1293 5381 1362 5435 iis
1394 5378 1525 5436 siles
1552 5382 1649 5452 qui
1698 5384 1863 5453 impie
1895 5390 1951 5438 et

372 5459 578 5514 nefarie
606 5473 856 5530 peccant,
885 5474 940 5521 et
989 5477 1181 5523 contra
1212 5478 1265 5526 te
1306 5470 1476 5526 Deum
1511 5473 1834 5544 blasphema
1862 5475 1949 5529 di-

372 5557 457 5600 cta
487 5551 792 5618 proferunt.
827 5556 942 5625 Ego
979 5575 1110 5615 vero
1153 5577 1276 5617 cum
1307 5564 1424 5618 haec
1452 5565 1640 5620 videre
1680 5581 1791 5620 non
1821 5578 1948 5636 pos-

376 5639 500 5706 sim,
531 5645 778 5711 supplico
806 5649 1181 5723 dcprccorque
1213 5657 1420 5711 veniam
1469 5659 1754 5730 consequi,
1801 5659 1945 5730 quod

452 5792 491 5823 "
533 5792 688 5847 Rom.
731 5813 797 5862 ll,
833 5801 886 5854 εί.

2053 4741 2150 4811 τὴν
2184 4743 2303 4794 κατ’
2346 4741 2522 4795 αὐτῶν
2551 4743 2741 4816 ὀργὴν,
2777 4746 2910 4816 μηδὲ
2953 4751 3071 4813 ταῖς
3103 4753 3224 4803 κατ’
3258 4753 3437 4808 αὐτῶν
3465 4771 3637 4824 τιμω-

2059 4831 2202 4902 ρίαις
2230 4831 2527 4904 χρώμενος.
2569 4835 2659 4888 Διὸ
2695 4837 2790 4890 καὶ
2829 4841 2942 4901 τοῖς
2977 4840 3380 4911 ἁμαρτάνουσιν
3412 4847 3441 4897 6
3472 4846 3636 4908 αὐτὸς

2067 4922 2237 4992 Ἀσάφ
2282 4927 2340 4978 ἐν
2375 4924 2452 4995 τῷ
2493 4932 2548 4995 μ’
2579 4927 2673 4981 καὶ
2722 4928 2765 4981 θ’
2804 4929 2896 4982 τὸν
2936 4930 3067 4985 Θεὸν
3113 4934 3324 5004 εἰσάγει
3367 4936 3627 5006 λέγοντα·

2058 5011 2248 5067 Ταῦτα
2287 5015 2610 5083 ἐποίησας,
2647 5019 2748 5072 καὶ
2791 5021 3080 5090 ἐσίγησα·
3139 5025 3438 5093 ὑπέλαϐες
3488 5030 3632 5084 ἀνο-

2045 5106 2215 5175 μίαν,
2243 5107 2334 5161 ὅτι
2360 5109 2576 5179 ἔσομαί
2598 5123 2698 5164 σοι
2721 5110 2942 5180 ὅμοιος.
2973 5114 3052 5167 Τά
3074 5114 3130 5168 δὲ
3160 5116 3308 5188 αἴτια
3341 5121 3444 5191 τῆς
3472 5120 3631 5190 σιγῆς

2051 5197 2144 5251 τοῦ
2177 5198 2311 5252 Θεοῦ
2347 5201 2567 5272 καὶτῆς
2600 5201 2800 5272 ἀνοχῆς
2833 5205 2926 5257 καὶ
2955 5206 3053 5275 τῆς
3089 5208 3472 5279 μακροθυμίας
3502 5227 3628 5266 παι-

2048 5288 2190 5342 δεύει
2230 5293 2258 5343 6
2296 5293 2617 5356 Ἀπόστολος
2655 5295 2881 5363 γράφων
2904 5311 2917 5325 °
2959 5296 3029 5349 Ἦ
3065 5298 3172 5351 τοῦ
3218 5303 3483 5356 πλούτου
3522 5299 3628 5369 τῆς

2048 5383 2455 5451 χρηστότητος
2489 5385 2675 5439 αὑτοῦ
2718 5389 2816 5442 καὶ
2847 5388 2955 5458 τῆς
2991 5391 3222 5460 ἀνοχῆς
3253 5394 3352 5447 καὶ
3381 5393 3490 5462 τῆς
3511 5413 3624 5464 μσ-

2049 5473 2372 5539 κροθυμίας
2398 5477 2808 5543 καταφρονεῖς,
2849 5480 3105 5550 ἀγνοῶν,
3129 5483 3218 5536 ὅτι
3261 5484 3328 5536 τό
3355 5488 3623 5553 χρηστὸν

2049 5562 2156 5615 τοῦ
2199 5563 2346 5617 Θεοῦ
2394 5567 2481 5631 εὶς
2507 5567 2830 5634 μετάνοιάν
2866 5587 2940 5625 σε
2977 5573 3142 5643 tiret;
3194 5576 3354 5630 Ἀλλά
3389 5579 3452 5630 σὺ
3499 5578 3619 5648 μὲν,

2050 5653 2232 5722 φησὶν,
2262 5655 2337 5719 ὡς
2368 5655 2499 5720 Θεὸς
2539 5657 2755 5715 πάντων
2791 5662 3134 5735 ἀνεχόμενος,
3182 5668 3394 5732 πάντας
3437 5670 3620 5744 φέρεις
