4066 6388
359 397 467 453 993

1457 390 1958 449 COMMENTARIA
1998 391 2064 446 IN
2106 389 2444 449 PSALMOS.

3506 394 3616 450 994

358 507 573 578 πράως,
607 506 704 561 καὶ
749 505 842 558 ἐπὶ
882 507 993 568 τοῖς
1021 504 1194 574 ἀσεϐῆ
1227 503 1320 558 καὶ
1365 503 1502 558 ἄθεα
1538 503 1933 575 ἁμαρτάνουσι,

2039 518 2148 557 non
2187 505 2351 559 simili
2400 509 2564 572 atque
2605 508 2664 555 tu
2715 500 2880 555 modo
2922 502 3159 556 tolerare
3189 503 3442 558 valeam:
3483 520 3614 558 nam

357 601 453 654 καὶ
479 597 622 652 κατὰ
641 596 733 650 σοῦ
751 595 846 649 τοῦ
867 595 1001 648 Θεοῦ
1023 594 1423 666 βλασφημοῦσι,
1451 596 1662 666 σιωπᾷς
1679 612 1693 624 ·
1722 594 1832 662 ἐγὼ
1857 594 1933 661 δὲ,

361 691 436 764 μὴ
461 690 759 761 δυνάμενος
802 686 974 741 ταῦτα
999 689 1153 759 ὁρᾷν,
1187 687 1378 756 δέομαι
1405 687 1500 740 καὶ
1541 685 1766 739 ἱκετεύω
1808 703 1938 752 συγ-

355 783 581 854 γνώμης
606 784 788 851 τυχεῖν
809 782 901 834 ὲπὶ
925 780 987 834 τὺ
1020 782 1096 852 μὴ
1120 780 1379 834 δύνασθαι
1403 780 1588 851 φέρειν
1611 796 1694 832 σοι
1723 778 1801 848 τῷ
1819 777 1937 848 Θεῷ

355 871 781 943 παραπλησίως·
829 870 912 934 τίς
955 870 1064 941 γάρ
1099 887 1180 923 σοι
1226 868 1665 939 ὁμοιωθήσεται;
1717 869 1808 920 Διὸ
1861 855 1976 932 ὡς’

354 965 658 1034 ἄνθρωπος.
704 962 863 1034 ζῆλον
895 961 1030 1032 ἔχων
1059 962 1151 1015 τὸν
1186 962 1324 1032 ὑπὲρ
1355 961 1454 1031 τῆς
1490 961 1590 1030 σῆς
1633 961 1933 1025 εὐσεϐείας,

353 1053 534 1124 τολμῶ
587 1052 874 1124 ἱκετηρίαν
928 1069 1010 1106 σοι
1059 1053 1390 1122 προσάγειν·
1439 1050 1578 1103 ὥστε
1625 1051 1936 1104 παύσασθαι

355 1147 454 1216 μὲν
497 1147 595 1216 τῆς
648 1147 854 1215 ἀφάτου
909 1143 1286 1216 μακροθυμίας
1332 1143 1427 1198 καὶ⁵
1471 1144 1568 1212 τῆς
1615 1143 1934 1209 ἀνεξικάκου

356 1240 566 1308 σιωπῆς
582 1257 594 1268 ·
619 1239 719 1309 ήδη
742 1237 799 1290 δέ
825 1254 955 1289 ποτε
977 1236 1260 1306 κινηθῆναι
1284 1235 1423 1287 κατὰ
1446 1235 1553 1288 τῶν
1569 1236 1935 1307 τὰ.ἀνήκεστα

351 1325 781 1398 τετολμηκότων,
813 1326 902 1378 Διὸ
930 1341 1106 1394 φημι·
1144 1323 1238 1391 Μὴ
1268 1322 1550 1392 σιγήσῃς,
1576 1323 1730 1392 μηδὲ
1763 1340 1937 1377 κατα-

353 1420 657 1486 πραΰνῃς·
689 1417 802 1470 ἀνθ’
845 1408 906 1469 οὗ
946 1418 974 1468 ὁ
1021 1415 1120 1485 μὲν
1165 1414 1417 1478 Ἀκύλας,
1445 1415 1541 1484 Μὴ
1583 1415 1930 1484 καθησυχά-

352 1527 494 1579 σῃς,
551 1511 580 1562 ὁ
611 1510 667 1562 δὲ
720 1510 1035 1582 Σύμμαχος,
1083 1507 1180 1577 Μὴ
1232 1508 1570 1576 ἐρημάσῃς,
1626 1509 1931 1578 εἰρήκασιν.

352 1599 464 1656 Εἶτ’
499 1597 740 1668 ἐπιλέγει
769 1601 926 1672 ἑξῆς·
964 1602 1080 1653 Ὅτι
1128 1599 1257 1652 ἰδοὺ
1306 1601 1361 1652 οἱ
1401 1600 1602 1668 ἐχθροί
1629 1614 1744 1651 σου
1786 1599 1937 1667 ἤχη-

352 1710 494 1758 σαν,
521 1692 619 1746 καὶ
657 1695 712 1746 οἱ
740 1692 1062 1760 μισοῦντές
1089 1709 1164 1744 σε
1189 1688 1343 1761 ἦραν
1366 1691 1658 1760 κεφαλήν.
1695 1691 1852 1743 Κατὰ
1880 1691 1935 1743 δὲ

351 1785 444 1838 τὸν
483 1783 733 1837 ’Δκύλαν-
795 1785 916 1838 ’Ότι
961 1783 1088 1837 ἰδοὺ
1127 1786 1182 1837 οἱ
1217 1783 1419 1852 ἐχθροί
1439 1798 1582 1850 ,σου
1623 1781 1932 1853 ὧχλασαν,

2041 598 2162 667 quis
2192 598 2390 652 similis
2430 596 2538 651 erit
2579 595 2716 649 tibi?
2742 593 3086 664 Quapropter
3121 604 3180 648 ut
3210 597 3394 660 homo,
3431 595 3616 651 studio

2037 689 2260 758 pietatis
2283 704 2412 759 erga
2445 696 2500 743 te
2529 688 2812 751 incensus,
2846 685 3157 756 supplicare
3187 687 3285 742 tibi
3322 687 3519 754 audeo,
3554 694 3615 742 ut

2038 777 2199 831 ﬁnem
2236 775 2409 831 facias
2451 775 2755 830 tolerantia:
2784 782 2838 830 et
2879 776 3109 838 silentii,
3144 791 3208 830 ac
3239 777 3350 847 jam
3390 779 3612 832 demum

2037 882 2290 922 moveare
2333 866 2600 923 adversus
2639 883 2734 922 eos
2767 867 2859 938 qui
2896 867 3263 922 intolerabilia
3307 869 3426 923 ausi
3459 876 3607 923 sunt.

2037 957 2165 1013 Ideo
2205 957 2332 1013 dico
2360 977 2372 1012 ε
2396 957 2478 1013 Ne
2511 969 2709 1024 taceas,
2737 975 2897 1028 neque
2943 960 3314 1028 compescaris.
3356 957 3464 1013 Pro
3501 975 3612 1030 quo

2035 1049 2250 1118 Aquila,
2274 1048 2356 1102 Ne
2382 1049 2642 1126 quiescas,
2691 1048 3056 1119 Symmachus
3098 1065 3250 1112 vero,
3297 1048 3381 1103 Ne
3417 1066 3610 1113 cesses,

2037 1142 2378 1211 interpretati
2397 1149 2547 1196 sunt.
2574 1140 2780 1198 Deinde
2812 1140 2998 1195 subdit
3022 1160 3035 1195 :
3057 1174 3124 1185 -
3157 1139 3324 1196 νειιε.
3361 1142 3419 1195 ’5.
3475 1140 3616 1206 Quo-

2037 1235 2181 1287 niam
2211 1250 2327 1288 ecce
2372 1234 2572 1288 inimici
2622 1234 2699 1286 tui
2739 1243 3048 1298 sonuerunt,
3081 1242 3131 1287 et
3183 1235 3270 1304 qui
3311 1233 3533 1287 oderunt
3565 1241 3617 1287 te

2035 1326 2335 1380 extulerunt
2379 1336 2558 1396 caput.
2615 1325 2933 1381 Secundum
2970 1327 3227 1397 Aquilam
3261 1343 3426 1381 vero:
3467 1326 3614 1392 Quo—

2035 1420 2179 1473 niam
2221 1436 2336 1473 ecce
2362 1420 2565 1473 inimici
2597 1419 2674 1472 tui
2717 1418 2903 1473 turbas
2941 1427 3235 1484 moverunt,
3283 1429 3332 1472 et
3363 1419 3455 1489 qui
3489 1419 3616 1472 ode-

2037 1517 2164 1562 runt
2208 1519 2256 1562 te
2292 1509 2596 1563 extulerunt
2633 1519 2824 1578 caput;
2873 1510 3176 1564 secundum
3221 1509 3614 1582 Symmachum

2035 1617 2168 1657 vero
2202 1621 2215 1658 :
2248 1603 2382 1656 Ecce
2409 1604 2548 1656 enim
2580 1603 2779 1656 inimici
2814 1603 2911 1667 tui,
2945 1602 3144 1673 inquit,
3177 1618 3286 1656 una
3319 1612 3532 1666 sonant,
3565 1611 3615 1656 et

2035 1695 2125 1764 qui
2145 1693 2369 1748 oderunt
2405 1704 2453 1748 te
2483 1694 2707 1762 efferunt
2738 1702 2915 1762 caput.
2959 1692 3170 1748 Sonant
3201 1703 3382 1749 autem
3416 1700 3470 1747 et
3497 1702 3616 1748 tur—

2036 1785 2136 1841 bas
2179 1795 2398 1841 movent
2445 1787 2651 1841 inimici
2688 1785 2805 1853 Dei,
2856 1801 2980 1840 cum
3015 1802 3126 1841 non
3173 1787 3402 1842 latenter
3436 1801 3616 1856 neque

353 1877 452 1930 καὶ
477 1875 944 1946 μισοποιοῦντές
971 1892 1044 1929 σε
1077 1875 1232 1943 ἦραν
1257 1874 1532 1944 κεφαλήν
1550 1893 1564 1907 ·
1595 1874 1738 1928 κατὰ
1758 1873 1813 1926 δὲ
1840 1873 1932 1927 τὸν

2036 1876 2264 1931 remisse
2293 1876 2612 1946 blasphema
2641 1877 2784 1930 dicta
2812 1883 3006 1931 contra
3038 1875 3206 1930 Deum
3236 1875 3484 1945 proferre
3515 1892 3615 1930 au-

353 1967 681 2038 Σύμμαχον·
723 1968 867 2021 Ἰδοὺ
915 1968 1025 2038 γὰρ
1063 1971 1115 2021 οὶ
1159 1967 1360 2036 ἐχθροί
1401 1981 1538 2032 σου,
1584 1967 1737 2037 φησι,
1785 1983 1934 2020 συν-

354 2060 597 2128 ηχοῦσι,
639 2061 738 2114 καὶ
763 2063 815 2114 οἱ
835 2058 1162 2130 μισοῦντές
1199 2074 1273 2114 σε
1297 2059 1610 2127 ἐπαίρουσι
1636 2055 1932 2126 κεφαλήν.

367 2151 588 2220 Ἦχοῦσι
624 2153 680 2204 δὲ
713 2153 806 2205 καὶ
852 2151 1169 2222 ὀχλάζουσιν
1211 2153 1259 2204 οἱ
1307 2151 1491 2222 ἐχθροὶ
1527 2150 1624 2205 τεῦ
1664 2149 1820 2214 Θεοῦ,
1845 2149 1934 2202 ὅτε

353 2241 538 2294 οὐκέτι
582 2242 844 2313 κρύϐδην,
890 2242 1012 2295 οὐδὲ
1055 2242 1435 2313 πεφεισμένως
1476 2240 1716 2313 τολμῶσι
1759 2257 1936 2313 παρα-

355 2333 687 2402 φθέγγεσθαι
729 2335 825 2398 τὰς
859 2334 998 2388 κατὰ
1027 2335 1120 2388 τοῦ
1152 2334 1287 2389 Θεοῦ
1322 2333 1699 2405 βλασφημίας·
1733 2334 1835 2404 ἤδη
1878 2333 1935 2386 δὲ

351 2425 420 2478 ὲκ
462 2425 554 2478 τοῦ
592 2426 901 2497 προφανοῦς
932 2428 1022 2481 καὶ
1059 2426 1271 2500 ἀθρόως
1316 2428 1367 2479 οἱ
1411 2427 1612 2489 πάντες
1657 2425 1798 2478 κατὰ
1838 2423 1933 2478 τοῦ

351 2516 488 2570 Θεοῦ
532 2517 601 2570 τὰ
639 2517 773 2572 ἄθεα
817 2519 1180 2590 προφέρονται
1226 2520 1465 2591 ῥήματα,
1509 2519 1665 2570 ὁποῖα
1694 2515 1934 2587 τολμῶσι

352 2609 614 2678 πράττειν
653 2606 796 2660 κατὰ
827 2607 954 2670 τοὺς
987 2607 1095 2661 τῶν
1128 2605 1383 2678 διωγμῶν
1429 2607 1675 2679 καιρούς.
1714 2602 1846 2659 Εἶτα
1877 2606 1933 2658 δὲ

348 2698 448 2752 καὶ
497 2697 924 2767 ὑψαυχενοῦντες
965 2700 1061 2752 καὶ
1111 2699 1502 2770 φρυαττόμενοι
1550 2700 1650 2771 τὴν
1691 2697 1933 2770 κεφαλὴν

349 2787 691 2857 ἐπαίρουσιν,
721 2788 808 2840 ὅτε
854 2788 1086 2858 μάλιστα
1127 2788 1414 2862 ἐπιτριϐὴν
1453 2790 1638 2852 αὐτοῖς
1677 2792 1712 2859 ἡ
1755 2789 1933 2862 σιωπὴ

2035 1966 2193 2034 dent;
2231 1967 2328 2021 sed
2365 1969 2543 2038 palam
2577 1975 2632 2023 et
2661 1967 2950 2023 confertim
2979 1983 3170 2022 omnes
3204 1967 3260 2022 in
3300 1966 3471 2023 Deum
3511 1969 3617 2022 ini-

2033 2059 2124 2129 pia
2149 2059 2313 2114 verba
2347 2071 2630 2122 evomunt,
2662 2059 2846 2128 qualia
2879 2059 3322 2128 persecutionum
3365 2068 3613 2129 tempore

2035 2151 2238 2206 audent
2264 2149 2478 2206 efferre.
2513 2150 2719 2206 Deinde
2744 2158 2925 2206 erecta
2953 2151 3169 2206 cervice
3195 2151 3492 2208 frementes
3519 2168 3614 2206 ca-

2036 2251 2135 2314 put
2167 2244 2432 2308 exaltant,
2467 2244 2688 2314 quando
2727 2244 2968 2298 maxime
3012 2243 3293 2298 silentium
3323 2243 3418 2298 Dei
3454 2244 3613 2298 indu-

2036 2335 2152 2391 cias
2198 2335 2333 2405 ipsis
2392 2337 2619 2406 praebet.
2673 2335 2771 2392 His
2829 2352 2962 2390 vero
3011 2345 3177 2406 caput
3225 2335 3613 2401 eﬂ'erentibus,

2038 2423 2134 2478 Dei
2193 2423 2444 2482 homines
2508 2424 2691 2479 alllicti
2747 2424 3141 2492 humiliantur;
3193 2433 3252 2478 ut
3295 2425 3413 2480 vice
3459 2440 3616 2480 versa

2039 2515 2317 2586 depressis
2350 2517 2592 2572 inimicis
2617 2515 2735 2579 Dei,
2771 2524 3088 2571 sanctorum
3122 2517 3618 2588 religiosorumque

2038 2607 2281 2661 virorum
2299 2609 2490 2678 capita
2511 2610 2847 2664 exaltantur.
2878 2608 3058 2676 Quare
3079 2624 3150 2679 ex.
3166 2624 3356 2662 eorum
3380 2623 3618 2680 persona

2038 2697 2239 2753 alicubi
2283 2697 2492 2754 dictum
2541 2707 2625 2755 est
2654 2717 2667 2754 :
2693 2697 2763 2752 Et
2795 2715 2940 2774 nunc.
2957 2701 3209 2752 exultavit
3245 2712 3401 2768 caput
3445 2716 3618 2753 meum

2038 2807 2193 2860 super
2216 2792 2458 2847 inimicos
2493 2810 2631 2848 meos
2659 2794 2723 2848 ¹³.

253 3405 260 3412 .
345 3372 496 3425 μην,
525 3355 624 3409 καὶ
653 3357 1096 3416 ἐϐουλεύσαντο
1120 3361 1270 3413 κατὰ
1293 3359 1413 3415 τῶν
1444 3360 1628 3430 ἁγίων
1653 3375 1790 3416 σου.
1833 3358 1934 3416 Εἷ-

350 2875 444 2930 τοῦ
504 2876 638 2930 Θεοῦ
697 2877 1115 2949 κατεργάζεται.
1189 2880 1403 2934 Τούτων
1435 2881 1493 2934 δὲ
1555 2881 1655 2952 τὴν
1691 2881 1936 2953 κεφαλὴν
1994 2884 2294 2956 αίρόντων,
2360 2888 2409 2939 οἱ
2467 2883 2561 2938 τοῦ
2626 2883 2762 2938 Θεοῦ
2817 2883 3093 2956 ἄνθρωποι
3153 2883 3617 2954 καταπονούμενοι

349 2968 759 3022 ταπεινοῦνται·
822 2969 898 3032 ὡς
957 2969 1190 3041 ἔμπαλιν
1254 2973 1691 3044 ταπεινουμένων
1753 2973 1863 3028 τῶν
1906 2975 2117 3047 ἐχθρῶν
2154 2977 2250 3030 τοῦ
2279 2978 2415 3032 Θεοῦ
2459 2980 2516 3032 al
2560 2978 2671 3034 τῶν
2715 2977 2886 3047 ἁγίων
2938 2978 3033 3030 καὶ
3080 2977 3342 3047 θεοφιλῶν
3404 2976 3617 3048 ἀνδρῶν

349 3057 584 3126 κεφαλαὶ
622 3058 902 3149 ὑψοῦνται.
951 3063 1041 3116 Διὸ
1080 3064 1294 3137 εἴρηταί
1333 3081 1437 3118 που
1482 3065 1539 3122 es
1584 3063 1762 3120 αὐτῶν
1801 3067 2095 3140 προσώπου
2122 3069 2202 3122 τό·
2266 3071 2378 3125 Καὶ
2456 3070 2575 3126 νῦν
2622 3071 2834 3140 ὕψωσε
2883 3068 3161 3141 κεφαλήν
3216 3087 3335 3139 μου
3385 3069 3477 3123 ἐπ’
3521 3068 3621 3137 ἐχ-

350 3151 533 3217 θρούς
559 3169 702 3221 μου.

434 3262 561 3316 Ἐπὶ
595 3264 703 3318 τὸν
731 3268 886 3322 λαόν
913 3283 1030 3322 σου
1071 3269 1750 3338 κατεπανουργεύσαντο
1784 3268 1932 3340 γνώ-

2104 3267 2274 3324 VEas.
2306 3267 2363 3334 4,
2396 3266 2451 3322 5.
2495 3266 2666 3337 Super
2703 3267 2957 3336 populum
3003 3276 3154 3320 tuum
3191 3265 3619 3334 malignaverunt

2038 3361 2344 3425 consilium,
2395 3369 2447 3413 et
2496 3361 2857 3430 cogitaverunt
2909 3358 3160 3414 adversus
3213 3367 3425 3413 sanctos
3477 3366 3617 3411 tuos.

347 3461 474 3500 παν
497 3464 511 3478 ·
575 3449 773 3513 Δεῦτε,
833 3451 932 3505 καὶ
993 3451 1522 3522 ἐξολοθρεύσωμεν
1580 3453 1804 3520 αὐτοὺς
1863 3452 1935 3518 ἐξ

2037 3455 2302 3510 Dixerunt
2327 3469 2346 3508 :
2371 3453 2554 3507 Venite
2573 3461 2623 3506 et
2650 3451 3018 3522 disperdamus
3039 3469 3127 3506 eos
3159 3451 3224 3505 de
3243 3459 3412 3520 gente,
3442 3457 3492 3502 et
3515 3434 3620 3503 non

347 3539 588 3604 ἔθνους,
618 3540 716 3595 καὶ
742 3543 814 3594 οὐ
837 3540 923 3610 μὴ
948 3541 1196 3611 μνησθῇ
1225 3543 1292 3596 τὸ
1327 3543 1514 3614 ὄνομα
1551 3545 1790 3614 Ἰσραὴλ
1825 3546 1930 3600 ἔτι.

350 3632 608 3682 Δυσωπεῖ
635 3629 724 3683 τὸν
750 3630 882 3683 Θεὸν
912 3633 940 3683 ὁ
958 3633 1251 3704 Προφήτης
1280 3634 1338 3687 ὲν
1363 3633 1503 3705 ἁγίῳ
1532 3635 1828 3706 Πνεύματι,
1847 3636 1937 3690 διὰ

353 3721 450 3775 τοῦ
477 3721 932 3792 ὑπομιμνήσκειν,
957 3721 1032 3786 ὡς
1063 3723 1170 3792 ἄρα
1202 3724 1328 3787 λαὸς
1347 3723 1532 3796 ἀὐτοῦ
1550 3727 1792 3794 γεγόνοιο
1813 3726 1934 3798 (sic)

351 3814 422 3865 τὰ
472 3809 710 3864 τοσαῦτα
758 3811 1061 3877 πεπονθώς.
1117 3809 1252 3868 Εἶτα
1285 3815 1379 3868 καὶ
1427 3815 1538 3868 τῶν
1586 3819 1645 3871 ὲν
1688 3816 1765 3887 τῷ
1821 3817 1936 3890 λαῷ

350 3901 768 3972 διαλαμψάντων
813 3902 980 3956 πάλαι
1013 3903 1276 3975 πρότερον
1316 3904 1485 3974 ἁγίων
1525 3905 1621 3959 τοῦ
1655 3906 1790 3961 Θεοῦ
1839 3907 1936 3979 μὲ-

354 4012 577 4067 μνηται,
621 3994 873 4066 δεόμενος
918 3995 1013 4048 καὶ
1044 3995 1336 4048 ἀντιϐολῶν
1379 3997 1453 4068 μὴ
1498 3995 1606 4050 τῶν
1641 3999 1708 4050 ἐν
1750 3999 1935 4063 αὐτοῖς

350 4087 568 4142 ἀσεϐῶν
604 4088 699 4141 καὶ
734 4087 1086 4159 παρανόμων,
1132 4089 1308 4159 μόνων
1347 4089 1403 4142 δὲ
1429 4089 1536 4143 τῶν
1568 4089 1740 4158 ἁγίων
1768 4091 1934 4146 αὑτοῦ

353 4177 684 4250 μνησθῆναι,
719 4179 811 4232 καὶ
851 4179 916 4232 δι’
951 4180 1148 4244 αὐτοὺς
1178 4179 1240 4232 τὸ
1273 4181 1380 4234 πᾶν
1406 4181 1728 4253 κατελεῆσαι
1760 4183 1930 4248 ἔθνος.

365 4268 660 4322 Ἀκόλουθα
689 4269 745 4322 δὲ
784 4270 967 4333 αὐτοῖς
1009 4270 1288 4335 ποιοῦντες
1329 4274 1378 4326 οἱ
1415 4273 1599 4344 ἐχθροὶ
1637 4275 1732 4328 τοῦ
1773 4275 1932 4343 Θεοῦ,

351 4360 447 4413 τὸν
477 4358 608 4413 λαὸν
651 4361 816 4414 αὑτοῦ
846 4361 1164 4432 πολεμοῦσι,
1202 4365 1510 4437 πανουργίᾳ
1540 4363 1809 4437 χρώμενοι
1841 4369 1936 4422 καὶ

353 4452 512 4524 δόλῳ,
549 4453 684 4525 πρὸς
716 4454 777 4506 τὸ
805 4455 1130 4509 καταϐαλεῖν
1169 4456 1333 4510 αὑτὸν
1361 4457 1456 4511 καὶ
1495 4458 1802 4530 ἀποστῆσαι
1834 4461 1935 4532 τῆς

352 4543 449 4597 τοῦ
502 4543 637 4596 Θεοῦ
667 4545 966 4608 εὐσεϐείας.
1000 4547 1091 4599 Διὸ
1129 4546 1404 4602 λέλεκται·
1455 4550 1578 4603 Ἐπὶ
1623 4550 1732 4604 τὸν
1780 4553 1936 4607 λαόν

353 4650 472 4695 σου
519 4638 1191 4707 κατεπαγουργεύσαντο
1225 4641 1485 4710 γνώμην,
1529 4642 1628 4696 καὶ
1657 4643 1936 4697 ἐϐουλεύ-
1965 4623 2009 4678 D

353 4742 544 4781 σαντο
575 4729 724 4782 κατὰ
751 4728 869 4782 τῶν
895 4729 1078 4797 ἁγίων
1102 4745 1238 4784 σου.
1263 4732 1672 4804 Μεμελημένως
1706 4732 1814 4802 γὰρ
1841 4733 1935 4786 καὶ

355 4820 834 4890 πεφροντισμένως
873 4821 1120 4891 μηχανάς
1150 4839 1300 4887 τινας
1349 4825 1612 4896 κρυφίους
1657 4825 1798 4879 κατὰ
1835 4825 1931 4879 τοῦ

353 4907 485 4960 λαοῦ
519 4907 611 4961 τοῦ
641 4908 776 4962 Θεοῦ
809 4911 1120 4974 καττύουσι,
1153 4914 1295 4966 κατά
1332 4931 1390 4967 τε
1429 4914 1538 4970 τῶν
1567 4916 1740 4984 ἁγίων
1766 4916 1933 4970 αὑτοῦ

354 4995 647 5061 ἐπιϐουλὰς
697 5001 1213 5066 κατασκευάζονται,
1258 5003 1325 5056 δι’
1374 5005 1470 5059 ἕνα
1518 5009 1720 5062 σκοπὸν
1762 5008 1822 5062 ὃν
1871 5011 1930 5064 ὲν

355 5086 568 5150 ἑαυτοῖς
604 5088 926 5158 προθέμενοί
953 5107 1107 5158 φασι·
1141 5090 1338 5158 Δεῦτε,
1373 5092 1472 5146 καὶ
1491 5093 1933 5163 ἐξολοθρεύσω-

349 5194 466 5246 μεν
485 5178 705 5252 αὐτοὺς
728 5178 796 5244 ἐξ
820 5180 1052 5246 ἔθνους,
1074 5183 1171 5234 καὶ
1194 5184 1265 5236 οὐ
1286 5183 1371 5251 μὴ
1391 5183 1638 5252 μνησθῇ
1656 5184 1723 5237 τὸ
1746 5183 1934 5254 ὄνομα

352 5268 459 5321 τοῦ
501 5269 736 5338 Ἰσραὴλ
761 5270 866 5325 ἔτι.
903 5273 966 5325 Οἱ
1001 5274 1099 5343 μὲν
1135 5271 1232 5328 οὖν
1258 5275 1514 5347 θεομάχοι
1555 5277 1617 5330 οὐ
1653 5276 1930 5346 βούλονται

356 5359 413 5409 ὲν
459 5356 764 5430 ἀνθρώποις
806 5359 958 5424 ἔθνος
989 5362 1123 5416 Θεοῦ
1177 5365 1501 5433 ὑφεστάναι·
1555 5364 1690 5419 ἀλλὰ
1734 5366 1827 5420 καὶ
1869 5368 1930 5420 τὸ

353 5447 524 5528 ὄνομα
543 5451 637 5504 τοῦ
674 5453 890 5526 Ἰσραὴλ
918 5454 1302 5528 ἐξαλειφθῆναι
1340 5458 1750 5523 σπουδάζουσιν.
1784 5460 1841 5512 Ὀ
1873 5459 1930 5513 δὲ

356 5539 506 5609 Θεὸς,
542 5543 628 5597 ἀεὶ
655 5543 805 5608 ἔθνος
835 5546 1012 5618 ἐαυτῷ
1035 5549 1128 5601 ἐπὶ
1154 5549 1255 5620 γῆς
1276 5550 1635 5622 καταρτίζων,
1666 5549 1802 5622 μετὰ
1832 5551 1931 5621 τὴν

357 5631 450 5685 τοῦ
483 5635 747 5707 προτέρου
769 5636 898 5690 λαοῦ
923 5640 1127 5695 πτῶσιν
1155 5641 1250 5714 τὴν
1279 5640 1338 5706 ἐξ
1370 5641 1539 5697 ἐθνῶν
1565 5643 1931 5714 συνεστήσατο

436 5786 481 5820 ³³
515 5787 656 5848 Psal.
696 5809 842 5859 nrt,
878 5795 931 5848 ϐ.

2037 3555 2358 3602 memoratur
2380 3561 2569 3598 nomen
2601 3543 2774 3599 Israel
2799 3549 2966 3596 ultra.
3003 3542 3170 3598 Deum
3199 3542 3456 3597 obsecrat
3482 3534 3623 3596 Pro-

2035 3639 2198 3710 pheta
2231 3638 2286 3692 in
2314 3635 2524 3706 Spiritu
2551 3642 2764 3698 sancto,
2790 3649 3020 3689 monens
3049 3648 3196 3699 eum,
3229 3633 3324 3704 qui
3354 3633 3485 3686 talia
3519 3648 3619 3703 pa-

2037 3731 2193 3795 titur,
2231 3729 2493 3800 populum
2532 3725 2656 3797 ejus
2705 3741 2852 3781 esse.
2881 3723 2996 3780 Sub
3030 3724 3146 3780 haec
3193 3733 3376 3778 autem
3404 3739 3618 3788 eorum,

2034 3823 2130 3893 qui
2159 3821 2214 3876 in
2249 3819 2450 3890 populo
2475 3817 2590 3887 jam
2617 3818 2746 3871 olim
2791 3816 3075 3886 conspicui
3108 3815 3353 3879 fuerunt,
3393 3823 3618 3869 sancto-

2036 3929 2158 3969 rum
2190 3911 2287 3966 Dei
2321 3909 2592 3973 meminit,
2636 3909 2956 3978 supplicans
2985 3909 3417 3975 obsecransque,
3460 3912 3522 3959 ut
3550 3920 3620 3959 ne

2037 4003 2333 4075 impiorum
2369 4001 2874 4068 sceleratorumque
2914 3999 2971 4052 in
3003 3998 3225 4068 populo,
3267 3997 3364 4053 sed
3395 4004 3619 4051 sancto-

2035 4112 2158 4153 rum
2201 4109 2428 4152 suorum
2477 4091 2840 4148 recordetur:
2871 4103 3172 4158 eorumque
3221 4087 3398 4158 gratia
3445 4093 3616 4141 totam

2035 4194 2248 4258 gentem
2271 4181 2652 4238 misericordia
2673 4180 2857 4235 donet.
2891 4177 3083 4233 Aﬁinia
3111 4184 3292 4232 autem
3325 4177 3618 4246 impiorum

2035 4277 2207 4350 gestis
2255 4281 2637 4346 perpetrantes
2666 4271 2873 4327 inimici
2912 4270 3029 4334 Dei,
3067 4269 3328 4342 populum
3373 4268 3496 4338 ejus
3525 4283 3620 4340 op-

2036 4377 2306 4442 pugnant,
2350 4367 2592 4423 versutia
2627 4373 2844 4421 utentes
2886 4372 2942 4421 et
2984 4364 3132 4431 dolo,
3166 4370 3225 4418 ut
3263 4363 3440 4432 ipsum
3479 4361 3618 4430 deji-

2036 4463 2184 4517 ciant
2218 4467 2273 4516 et
2321 4474 2355 4513 a
2399 4459 2601 4530 pietate
2649 4471 2778 4528 erga
2823 4455 2993 4512 Deum
3048 4460 3316 4510 avertant.
3347 4451 3617 4518 Quocirca

2037 4552 2244 4607 dictum
2301 4547 2633 4618 est:Super
2679 4547 2932 4618 populum
2989 4554 3137 4600 tuum
3197 4544 3617 4614 malignaverunt

2039 4641 2343 4709 consilium,
2385 4650 2436 4694 et
2492 4641 2855 4711 cogitaverunt
2907 4639 3156 4693 adversus
3208 4643 3422 4690 sanctos
3472 4642 3616 4686 tuos.

2039 4727 2285 4784 Meditati
2314 4727 2462 4783 enim
2489 4743 2616 4783 cum
2660 4726 3032 4783 sollicitudine
3057 4725 3324 4794 quasdam
3367 4723 3620 4778 occultas

2039 4819 2324 4874 machinas
2352 4827 2545 4873 contra
2573 4819 2833 4889 pepulum
2866 4816 2962 4872 Dei
2989 4817 3293 4878 instruunt,
3318 4824 3373 4870 et
3405 4813 3619 4870 sanctis

2038 4911 2160 4980 ejus
2185 4910 2418 4966 insidias
2462 4917 2678 4980 parant,
2711 4923 2796 4974 ac,
2826 4907 2897 4964 ob
2924 4921 3092 4962 unum
3121 4920 3282 4976 quem
3332 4905 3388 4960 in
3429 4905 3618 4958 animo

2039 5009 2352 5072 preponunt
2397 5016 2649 5071 scopum,
2701 4999 2854 5054 aiunt
2891 5018 2902 5053 :
2950 4997 3126 5052 Venite
3163 5005 3212 5051 et
3239 4994 3612 5066 disperdamus

2039 5111 2126 5150 eos
2156 5097 2220 5149 de
2259 5104 2428 5166 gente,
2468 5105 2515 5148 et
2548 5111 2654 5150 non
2687 5101 3004 5146 memoretur
3027 5107 3215 5144 nomen
3241 5088 3416 5143 Israel
3441 5087 3608 5142 ultra.

2038 5186 2251 5241 Inimici
2288 5188 2472 5257 itaque
2502 5186 2598 5241 Dei
2639 5185 2898 5255 populum
2928 5181 3024 5238 Dei
3053 5183 3109 5236 in
3141 5181 3454 5236 hominibus
3476 5193 3611 5233 con-

2038 5281 2234 5336 sistere
2288 5280 2483 5334 nolunt
2521 5298 2535 5333 :
2574 5277 2706 5348 quin
2733 5277 2896 5332 etiam
2927 5275 3145 5331 lsraelis
3183 5289 3382 5328 nomen
3429 5273 3613 5328 delere

2037 5378 2316 5443 satagunt.
2349 5371 2496 5428 Deus
2519 5385 2648 5426 vero
2674 5377 2800 5440 post
2831 5369 3031 5439 prioris
3060 5366 3245 5436 populi
3276 5365 3491 5418 ruinam
3514 5377 3611 5432 po-

2033 5465 2223 5534 pulum
2276 5465 2379 5520 sibi
2421 5477 2636 5532 semper
2670 5463 2726 5515 in
2776 5469 2920 5516 terra
2967 5475 3188 5530 parans,
3241 5473 3307 5513 ex
3354 5455 3610 5526 gentibus

2034 5551 2333 5607 Ecclesiam
2373 5549 2684 5613 constituit,
2731 5565 2926 5604 novam
2959 5561 3333 5618 nuperamque
3366 5551 3606 5615 gentem,

2034 5659 2098 5699 ex
2140 5641 2396 5713 gentibus
2427 5655 2524 5711 per
2555 5648 2730 5695 totum
2763 5639 2950 5696 orbem
2992 5637 3268 5696 selectam.
3304 5635 3515 5692 Idcirco
3551 5637 3610 5689 et
