4066 6420
454 409 560 464 395
1127 405 1398 464 EUSEBII
1429 403 1910 462 CASSARIENSIS
1948 403 2098 461 OPI’.
2145 403 2341 462 PARS.
2384 405 2558 462 ll|.-—
2595 406 2997 464 EXEGETICA.
3611 411 3725 465 996

458 527 675 584 lsraelis
710 542 940 593 nomen,
980 536 1035 583 et
1058 528 1315 583 omnium
1353 527 1738 598 religiosorum
1781 527 2016 581 virorum

2141 525 2488 596 Ἐκκλησίαν,
2533 527 2628 581 καὶ
2663 527 2723 581 τὸ
2766 529 2948 582 καινὸν
2979 528 3072 582 καὶ
3119 529 3240 581 νέον
3285 527 3458 594 ἔθνος,
3493 529 3555 582 τὸ
3585 531 3720 584 καθ’

453 619 718 674 memoria
759 619 935 690 magis
978 620 1265 691 magisque
1298 620 1627 685 celebratur,
1666 629 1720 674 et
1767 619 1870 688 piae
1895 617 2016 672 reli-

2135 619 2264 691 ὅλης
2293 621 2392 690 τῆς
2421 621 2742 691 οἰκουμένης
2769 623 2832 673 ἐκ
2860 622 2958 691 τῆς
2983 621 3088 674 τῶν
3123 620 3290 674 ὲθνῶν
3322 620 3554 691 ἐκλογῆς
3579 622 3723 674 ὐπο-

452 710 633 778 gionis
659 717 812 780 gesta
844 711 1215 780 resplendent.

2140 711 2289 764 στάν.
2338 711 2429 764 Διὸ
2476 711 2737 782 μειζόνως
2777 714 2871 766 καὶ
2914 712 2974 764 τὸ
3014 711 3183 781 ὄνομα
3215 711 3308 764 τοῦ
3350 712 3588 784 Ἰσραὴλ,
3621 714 3719 766 καὶ

453 800 672 854 πάντων
702 800 811 853 τῶν
839 800 1100 871 θεοφιλῶν
1128 800 1338 872 ἀνδρῶν
1377 802 1411 872 ἡ
1456 803 1644 874 μνήμη
1687 800 2033 870 ἀνυμνείται,
2057 799 2127 853 τά
2156 817 2216 853 τε
2238 799 2341 871 τῆς
2373 800 2686 865 θεοσεϐείας
2713 800 3112 872 κατορθώματα
3135 800 3448 872 διαλάμπει.

2204 912 2322 964 Ὅτι
2367 912 2810 966 ἐϐουλεύσαντο
2860 911 2928 964 ὲν
2973 911 3219 980 ὁμονοίᾳ
3269 911 3368 965 ἐπὶ
3417 911 3485 965 τὸ
3528 915 3709 968 αὐτόο

2131 1005 2281 1058 κατὰ
2325 1003 2442 1057 σοῦ
2473 1003 2765 1072 διαθήκην
2791 1003 3054 1085 διέςῖεντο
3088 1003 3158 1057 τὰ
3189 1004 3551 1073 σκηνώματα
3593 1006 3716 1060 τῶν

2141 1095 2508 1166 Ἰδουμαίων,
2559 1096 2657 1150 καὶ
2693 1099 2747 1151 al
2807 1095 3195 1166 Ἰσμαηλῖται,
3255 1096 3436 1150 Μωὰϐ
3487 1096 3586 1150 καί
3655 1101 3715 1151 οι

2140 1187 2461 1257 Ἀγαρηνοί,
2492 1190 2689 1243 Γεϐὰλ
2739 1189 2838 1244 καὶ
2881 1188 3104 1259 Ἀμμὼν
3139 1189 3238 1242 καὶ
3282 1189 3559 1259 Ἀμαλὴκ,
3599 1191 3714 1245 ἀλ-

520 911 688 968 Vcns.
722 912 776 978 6,
809 914 862 979 8,
889 914 943 968 9.
986 913 1252 980 Quoniam
1295 913 1659 983 cogitaverunt
1701 913 2027 966 unanimiter

451 1005 614 1059 simul
638 1019 656 1058 :
683 1004 960 1060 adversum
991 1015 1039 1060 te
1062 1014 1432 1060 testamentum
1457 1004 1827 1073 disposuerunt
1851 1004 2027 1058 taber-

451 1097 647 1150 nacula
677 1096 1060 1163 ldumwarum,
1090 1109 1140 1152 et
1166 1097 1482 1162 Ismaelitaa,
1514 1095 1675 1150 Moab
1699 1106 1750 1152 et
1771 1097 2025 1168 Agareni,

451 1187 620 1242 Gebal
661 1197 710 1242 et
747 1191 972 1244 Ammon
1009 1200 1058 1244 et
1093 1190 1330 1256 Amalec,
1367 1191 1676 1262 alienigenae
1719 1206 1837 1244 cum
1871 1188 2027 1242 habi-

451 1282 684 1336 tantibus
717 1282 937 1352 Tyrum.
974 1285 1183 1338 Etenim
1222 1284 1394 1338 Assur
1424 1285 1561 1339 venit
1589 1300 1708 1337 cum
1732 1285 1868 1346 illis,
1897 1283 2016 1352 fact:

2126 1280 2387 1348 λόφυλοι
2413 1280 2564 1350 μετὰ
2593 1279 2712 1335 τῶν
2739 1281 3177 1335 κατοικούντων
3218 1282 3420 1349 Τύρον.
3459 1283 3570 1336 Καὶ
3596 1283 3714 1353 γὰρ

449 1379 573 1423 sunt
626 1371 681 1424 in
730 1371 1058 1440 adjutorium
1108 1373 1236 1443 ﬁliis
1287 1372 1407 1427 Lot.
1464 1372 1799 1441 Diapsalma.
1860 1372 2016 1438 Quasi

2127 1372 2227 1424 καὶ
2275 1371 2525 1440 Ἀσσοὺρ
2562 1362 3046 1445 συμὰιαρεγένετο
3085 1373 3211 1440 μετ’
3256 1371 3472 1438 αὐτῶν,
3502 1373 3710 1442 ἐγενή-

448 1459 622 1516 Deum
653 1464 901 1520 excitans
929 1464 1260 1536 irritansque
1292 1463 1564 1536 Propheta
1598 1466 1652 1520 in
1687 1480 1785 1520 sua
1808 1479 1906 1535 pro
1933 1479 2016 1535 po-

2131 1467 2328 1531 θησαν
2358 1466 2445 1530 εἰς
2483 1463 2814 1530 ἀντίληψιν
2837 1461 2962 1528 τοῖς
2993 1462 3145 1528 υἱοῖς
3185 1461 3334 1516 Λώτ.
3371 1460 3706 1531 Διάψαλμα.

443 1555 576 1633 pale
605 1557 1004 1633 supplicatione
1029 1559 1125 1629 ait,
1154 1559 1430 1617 adversum
1458 1568 1525 1614 te.
1560 1557 1680 1613 Non
1712 1557 1857 1614 enim
1891 1572 2016 1612 con-

2131 1557 2339 1627 Ὥσπερ
2370 1556 2650 1628 διεγείρων
2687 1556 2780 1608 καὶ
2810 1554 3124 1625 παροξύνων
3149 1553 3240 1607 τδν
3267 1553 3399 1607 Θεὸν
3429 1556 3457 1606 ὁ
3491 1554 3711 1626 Προφή-

446 1667 533 1711 tra
565 1658 849 1728 populum,
885 1655 1084 1726 inquit,
1112 1655 1206 1711 sed
1238 1653 1530 1708 adversum
1563 1658 1638 1715 te,
1670 1656 1724 1705 et
1759 1650 2016 1704 adversus

2125 1663 2226 1715 της
2254 1647 2313 1698 έν
2357 1649 2423 1716 τῇ
2467 1645 2715 1722 ἱκετηρία
2756 1647 2823 1733 τῇ
2869 1645 3009 1715 ὑπὲρ
3055 1643 3148 1697 τοῦ
3198 1643 3328 1696 λαοῦ
3377 1643 3576 1714 φάσκει
3621 1645 3708 1710 τὸ,

447 1735 836 1804 testamentum
877 1757 1029 1802 tuum
1060 1746 1272 1802 inimici
1297 1745 1480 1817 populi
1505 1743 1582 1798 tui
1612 1742 2016 1798 machinantur.

2129 1737 2278 1790 κατὰ
2297 1736 2435 1792 σοῦ.
2473 1738 2545 1790 Οὐ
2581 1738 2690 1808 γὰρ
2722 1737 2861 1790 κατὰ
2890 1735 2982 1788 τοῦ
3003 1736 3156 1800 λαοῦ,
3192 1735 3376 1806 φησὶν,
3400 1734 3534 1789 ἀλλὰ
3564 1737 3711 1789 κατὰ

447 1838 586 1893 llinc
619 1847 807 1892 narrat
833 1854 956 1910 quae
998 1839 1051 1893 in
1083 1838 1436 1911 Assyriorum
1482 1835 1784 1906 lrruptione
1828 1840 2016 1888 contra

2130 1829 2223 1882 σοῦ
2263 1831 2356 1882 καὶ
2387 1831 2527 1884 κατὰ
2563 1831 2659 1902 τῆς
2696 1831 2792 1900 σῆς
2821 1829 3080 1901 διαθήκης
3109 1828 3504 1900 τετολμήκασιν
3530 1830 3578 1880 oi
3611 1827 3709 1880 τοῦ

443 1928 734 1986 Iudaicum
763 1931 1023 2002 populum
1055 1938 1209 2002 gesta
1239 1937 1390 1986 sunt.
1430 1928 1495 1982 Et
1523 1928 1638 1982 haec
1664 1926 2016 1989 vaticinatur,

2125 1919 2254 1973 λαοῦ
2273 1939 2366 1974 σου
2384 1921 2649 1993 πολέμιοι.
2674 1918 2786 1975 Εἶθ’
2817 1921 2944 1992 ἑξῆς
2968 1922 3298 1995 διεξέρχεται
3331 1923 3399 1977 τὰ
3419 1926 3477 1978 ὲν
3499 1926 3566 1996 τῇ
3593 1923 3710 1977 τῶν

445 2031 740 2094 postquam
786 2025 987 2094 quibus
1027 2022 1096 2079 de
1145 2023 1337 2079 causis
1385 2021 1639 2076 hostibus
1684 2018 1874 2074 traditi
1916 2019 2026 2072 sint

443 2122 820 2170 enarraverat.
859 2113 996 2168 Nam
1027 2114 1088 2168 in
1134 2111 1463 2186 praecedenti
1495 2111 1709 2182 psalmo
1751 2109 2025 2181 principes

444 2206 632 2275 populi
681 2206 1016 2276 coarguebat
1063 2205 1295 2260 dicens:
1326 2202 1604 2275 Usquequo
1629 2203 1890 2273 judicatis
1930 2203 2027 2256 ini-

443 2297 738 2364 quitatem:
778 2312 844 2350 ac
889 2311 1134 2357 rursum,
1183 2294 1521 2360 Nescierunt,
1549 2311 1710 2366 neque
1753 2295 2026 2349 intellexe-

445 2397 592 2453 runt,
622 2390 678 2442 in
709 2386 934 2442 tenebris
962 2387 1256 2442 ambulant.
1297 2387 1356 2442 In
1393 2387 1664 2457 superiori
1697 2401 1828 2442 vero
1855 2394 2024 2440 totam

444 2488 662 2550 gentem
706 2481 1003 2536 accusabat
1043 2481 1233 2538 dicens
1265 2502 1276 2536 :
1309 2481 1373 2536 Et
1420 2499 1524 2536 non
1559 2483 1761 2536 audivit
1802 2483 2024 2551 populus

2140 2013 2436 2084 Ἀσσυρίων
2459 2013 2705 2068 ὲπιθέσει
2727 2013 2868 2068 κατὰ
2882 2015 3150 2069 Ἰουδαίων
3168 2014 3354 2078 ἔθνους
3372 2016 3709 2087 πραχθέντα.

2126 2105 2236 2156 Kal.
2280 2105 2454 2158 ταῦτα
2504 2105 2748 2171 θεσπίζει
2798 2105 3125 2178 προδιελθὼν
3150 2107 3249 2170 τὰς
3296 2107 3494 2172 αἰτίας,
3530 2109 3598 2162 δι’
3636 2109 3710 2172 ἃς

2125 2198 2243 2258 τοῖς
2280 2197 2561 2267 πολεμίοις
2601 2198 2995 2268 παρεδόθησαν.
3033 2198 3121 2252 Ἐν
3173 2198 3271 2269 μὲν
3312 2199 3420 2272 γὰρ
3470 2199 3549 2271 τῷ
3597 2200 3706 2272 πρὸ

2124 2287 2313 2340 τούτου
2342 2288 2540 2360 ψαλμῷ
2566 2291 2692 2353 τοὺς
2717 2290 2980 2361 ἄρχοντας
3008 2291 3288 2362 ἀπήλεγχε
3320 2289 3413 2344 τοῦ
3437 2290 3566 2344 λαοῦ
3599 2293 3707 2362 φή⁹

2128 2397 2256 2444 σαςο
2297 2381 2444 2446 Ἕως
2467 2382 2612 2434 πότε
2647 2382 2878 2450 κρίνετε
2914 2381 3188 2446 ἀδικίαν;
3219 2383 3314 2438 καὶ
3349 2383 3538 2437 πάλιν·
3579 2386 3702 2437 οὐκ

2124 2473 2418 2541 ἔγνωσαν,
2452 2473 2594 2528 οὐδὲ
2631 2474 2933 2544 συνῆκαν,
2963 2475 3032 2528 ἐν
3071 2476 3275 2529 σκότει
3317 2475 3701 2544 διαπορεύον-

447 2587 593 2625 meus
616 2588 786 2626 vocem
819 2589 1010 2638 meam,
1045 2583 1094 2628 et
1119 2573 1294 2629 Israel
1321 2592 1426 2630 non
1457 2574 1687 2630 intendit
1716 2575 1867 2631 mihi.
1912 2573 2016 2629 Sed

2125 2582 2240 2619 ται.
2284 2567 2371 2620 Ἐν
2403 2567 2459 2620 δὲ
2491 2566 2569 2637 τῷ
2602 2567 2859 2639 ἀνωτέρω
2888 2568 2949 2621 τὸ
2992 2570 3099 2622 πᾶν
3127 2568 3400 2622 διέϐαλλεν
3437 2570 3588 2635 ἔθνος
3624 2572 3703 2624 εί-

444 2661 611 2717 etiam
641 2664 695 2716 in
726 2678 912 2717 Lxxvu
950 2663 1254 2720 facinorum
1282 2665 1526 2736 ipsorum
1557 2666 1780 2736 longum
1813 2665 2016 2722 catalo-

2125 2656 2242 2710 πών
2266 2675 2280 2690 ’
2314 2657 2423 2712 Καὶ
2465 2659 2579 2712 οὐκ
2619 2657 2888 2726 ἤκουσεν
2935 2661 2968 2713 ὁ
3017 2661 3167 2726 λαός
3207 2678 3327 2730 μου
3369 2660 3476 2728 τῆς
3504 2661 3705 2731 φωνῆς

442 2767 570 2822 gum
602 2753 794 2808 texuit.
825 2752 1238 2824 Consequonter
1267 2755 1436 2826 igitur
1466 2770 1588 2825 qua:
1616 2755 1878 2810 diuturno
1898 2763 2016 2828 post

2123 2767 2259 2820 μου,
2297 2750 2395 2803 καὶ
2444 2748 2682 2817 Ἰσραὴλ
2727 2751 2797 2803 οὐ
2825 2748 3131 2819 προσέσχε
3171 2768 3292 2820 μοι.
3336 2751 3496 2805 Ἀλλὰ
3529 2753 3621 2806 καὶ
3646 2755 3704 2807 ὲν

443 2857 692 2916 tempore
735 2847 870 2917 ipsis
917 2847 1272 2919 contigerunt
1303 2849 1375 2904 ob
1408 2849 1604 2904 allatas
1642 2864 1841 2904 causas
1880 2848 2016 2904 vati-

2123 2841 2200 2912 τῷ
2228 2840 2302 2905 of,"
2331 2839 2539 2912 μακρὸν
2559 2841 2857 2910 κατάλογον
2880 2840 2988 2895 τῶν
3014 2843 3499 2914 παρανομημάτων
3529 2845 3705 2902 αὐτῶν

441 2939 680 2994 cinatur.
747 2938 864 2995 Illic
925 2948 1108 3008 autem
1169 2944 1339 2997 variis
1406 2943 1746 3014 temporibus
1806 2942 2016 3000 obsessi

2123 2931 2416 3004 διεξῆλθεν.
2457 2931 2789 2997 Ἀκολούθως
2830 2927 2924 2986 οὖν
2973 2932 3042 2986 τὰ
3091 2932 3476 3003 συμϐεϐηκότα
3520 2935 3705 2999 αὐτοῖς

443 3038 593 3095 sunt,
629 3033 865 3102 primum
917 3047 947 3086 a
982 3031 1335 3104 Babyloniis;
1373 3034 1618 3089 secundo
1651 3034 1721 3088 ab
1750 3032 2016 3088 Antiocho

2126 3027 2353 3098 μακροῖς
2384 3023 2609 3096 ὕστερον
2638 3016 2850 3096 χρόνοις
2874 3025 2961 3078 διὰ
2986 3024 3083 3088 τὰς
3115 3025 3504 3098 προλεχθείσας
3527 3027 3705 3092 αἰτίας

443 3139 571 3194 rege
622 3121 826 3195 Syriae;
889 3132 1170 3195 postremo
1236 3141 1268 3180 a
1330 3125 1595 3181 Romanis
1655 3132 1781 3195 post
1839 3132 2016 3195 patra-

2124 3115 2474 3190 προφητεύει.
2506 3118 2614 3170 Kal.
2638 3119 2753 3171 ἐκεῖ
2791 3119 2933 3172 κατὰ
2959 3119 3251 3189 διαφόρους
3279 3117 3504 3190 χρόνους
3530 3136 3702 3173 πεπο-

442 3223 560 3270 tum
609 3215 665 3270 in
723 3214 1068 3272 Servatorem
1127 3225 1378 3272 nostrum
1440 3217 1644 3274 scelus.
1703 3214 2016 3287 Opportune

2123 3210 2467 3280 λιόρκηνται·
2517 3208 2779 3280 πρότερον
2823 3210 2920 3280 μὲν
2964 3209 3070 3262 ὑπὸ
3109 3209 3483 3274 Βαϐυλωνίων,
3519 3210 3700 3264 δεύτε-

442 3320 510 3359 ex
542 3302 779 3374 Spiritus
817 3306 1159 3375 prmscientia
1205 3315 1320 3362 tres
1345 3307 1468 3363 illas
1513 3280 1832 3362 obsidiones
1871 3306 2014 3362 idem

2128 3321 2216 3375 ρον
2243 3305 2301 3357 δὲ
2337 3303 2427 3356 ὑπ’
2467 3302 2738 3373 Ἀντιόχου
2783 3301 2878 3354 τοῦ
2912 3303 3010 3373 τῆς
3051 3302 3251 3372 Συρίας
3285 3301 3562 3372 βασιλέως,
3601 3302 3699 3354 καὶ

447 3394 710 3464 propheta
747 3395 1130 3464 praenuntiat:
1174 3409 1301 3450 nam
1360 3395 1416 3449 in
1472 3409 1626 3449 Lxxu
1681 3401 2014 3466 postremam

445 3483 754 3555 signiﬁcat,
808 3493 868 3539 ut
909 3486 1144 3556 propriis
1177 3486 1232 3540 in
1276 3485 1411 3541 locis
1463 3484 1910 3551 declaravimus;
1954 3485 2013 3538 in

443 3589 649 3629 ικινιιι
679 3615 694 3640 ,
738 3591 858 3631 eam
904 3590 1028 3646 qua
1069 3577 1173 3631 sub
1225 3575 1497 3630 Antiocho
1557 3574 1697 3647 Syro
1749 3575 2012 3646 contigit,

443 3665 526 3718 uti
556 3673 1046 3722 commonstratum
1061 3675 1146 3722 est
1167 3685 1183 3735 ;
1207 3666 1263 3720 in
1286 3665 1538 3736 praesenti
1574 3673 1753 3720 autem
1781 3665 2015 3736 primam

444 3754 693 3808 meminit
713 3794 728 3817 ,
755 3755 966 3812 scilicet
997 3757 1349 3828 Assyriorum
1369 3795 1385 3821 ,
1421 3771 1586 3827 quam
1635 3759 1802 3810 etiam
1846 3769 2014 3811 LXXIX

442 3843 777 3901 vaticinatus
833 3855 951 3911 est,
1007 3847 1180 3903 vincat
1231 3847 1544 3904 incendium
1593 3855 1649 3903 et
1699 3849 2015 3905 vastitatem

441 3933 782 4004 signiﬁcans.
819 3935 898 3991 Ex
929 3937 1159 3993 historia
1205 3938 1372 4009 igitur
1401 3939 1575 3995 edisci
1621 3947 1840 4010 potest,
1883 3947 2016 4011 quot

443 4031 634 4095 gentes
675 4025 732 4080 in
773 4042 942 4081 unum
972 4035 1164 4084 contra
1195 4027 1486 4084 Judaicum
1516 4030 1779 4100 populum
1810 4038 2016 4084 coacta:

443 4116 558 4170 sint
584 4116 640 4171 in
667 4117 839 4188 prima
865 4118 1216 4192 Assyriorum
1242 4121 1551 4194 irruptione
1568 4161 1583 4187 ,
1607 4137 1746 4192 quas
1774 4137 2015 4192 prasens

445 4208 733 4278 prophetia
756 4221 1007 4267 recenset
1032 4229 1046 4266 :
1071 4227 1194 4282 qua:
1219 4213 1430 4282 primos
1452 4221 1705 4268 numerat
1727 4212 2014 4280 Idumaeos,

441 4300 643 4356 deinde
671 4299 977 4359 lsmaelitas
995 4342 1010 4368 ,
1038 4305 1202 4359 tertio
1233 4303 1501 4359 Moabitas
1521 4345 1536 4369 ,
1573 4313 1772 4375 quarto
1805 4304 2014 4376 Agare-

444 4405 548 4446 nos
569 4429 585 4456 ,
611 4392 741 4447 hinc
760 4391 1066 4449 Gebalenos
1090 4403 1145 4450 et
1169 4397 1515 4452 Ammonitas
1535 4435 1550 4462 ,
1579 4405 1634 4452 et
1659 4396 2011 4452 Amalecitas.

442 4478 646 4535 Praeter
669 4480 771 4535 hos
787 4489 968 4536 autem
991 4482 1146 4548 dicit,
1162 4482 1483 4552 Alienigena:
1509 4501 1630 4538 cum
1654 4484 2015 4539 habitantibus

443 4570 667 4642 Tyrum.
692 4569 801 4626 Pro
830 4572 926 4626 illo
948 4584 1129 4628 autem
1151 4613 1167 4637 ,
1187 4575 1498 4646 alienigenae
1514 4614 1530 4641 ,
1553 4576 1752 4647 Aquila
1775 4585 1830 4630 et
1855 4575 2015 4648 Sym-

441 4663 695 4728 machus,
732 4663 1082 4734 Phytiuaram
1113 4666 1416 4744 ediderunt.
1456 4667 1568 4724 Hoc
1601 4684 1769 4740 porro
1798 4671 2016 4725 nomine

443 4753 704 4822 appellari
745 4756 926 4810 solent
953 4755 1048 4827 qui
1084 4755 1323 4822 Gazam,
1371 4759 1701 4815 Ascalonem
1751 4768 1806 4816 et
1851 4762 2016 4816 mari-

442 4842 631 4896 timam
673 4844 938 4900 incolunt.
975 4846 1042 4901 Hi
1069 4847 1253 4918 itaque
1280 4850 1541 4905 maritimi
1587 4853 1844 4924 allophyli
1887 4868 2012 4908 cum

443 4930 820 4990 habitantibus
841 4934 1045 5006 Tyrum
1075 4936 1358 4992 irruerunt
1379 4977 1395 5003 ,
1422 4939 1634 5010 inquit,
1665 4941 1720 4995 in
1751 4943 2010 5012 populum

441 5028 640 5089 tuum;
675 5031 730 5078 et
755 5033 950 5094 praeter
979 5027 1078 5082 hos
1109 5043 1300 5084 omnes
1342 5029 1641 5102 Assyrius,
1685 5033 1834 5102 quod
1877 5047 2012 5088 sane

440 5121 606 5186 caput
629 5115 895 5170 malorum
925 5125 1009 5173 est
1029 5158 1044 5183 ,
1074 5134 1199 5174 cum
1227 5120 1296 5175 iis
1328 5121 1590 5192 impetum
1616 5123 1848 5186 faciens,
1873 5123 2011 5178 illis-

439 5221 547 5275 que
579 5206 1045 5264 commilitonibus
1077 5227 1211 5267 usus
1236 5221 1420 5267 castra
1447 5214 1671 5284 posuit:
1707 5228 2011 5285 omnesque

442 5295 684 5366 praadicti
719 5299 884 5354 simul
924 5300 1057 5368 facti
1104 5313 1224 5356 sunt
1253 5304 1308 5356 in
1345 5304 1679 5374 adjutarium
1719 5305 1850 5374 [iliis
1884 5305 2005 5359 Lat.

438 5385 544 5441 Pro
570 5401 682 5456 quo
733 5389 964 5458 Aquila,
1026 5390 1186 5446 Facti
1217 5404 1372 5459 sunt,
1403 5395 1610 5465 inquit,
1639 5395 1914 5450 brachium
1942 5399 2011 5468 ﬁ-

441 5477 526 5530 liis
560 5477 703 5542 Lat;
735 5479 1098 5551 Symmachus
1124 5500 1284 5551 vero,
1331 5483 1490 5540 Facti
1530 5495 1653 5541 sunt
1691 5490 2011 5544 commilita-

439 5579 528 5619 nes
557 5565 688 5636 ﬁliis
719 5565 838 5622 Lat.
887 5568 1012 5626 Filii
1055 5581 1238 5628 autem
1281 5573 1383 5630 Lot
1415 5583 1573 5632 erant
1599 5574 1925 5635 Ammanitae
1956 5587 2011 5637 et

514 5808 560 5844 ³⁸
595 5806 743 5864 Psal.
777 5825 939 5884 Lux,
976 5815 1064 5871 l2.

2121 3396 2184 3450 τὸ
2231 3397 2448 3450 πάντων
2499 3394 2727 3448 ὕστατον
2761 3394 2866 3447 ὑπὸ
2903 3394 3190 3465 Ῥωμαίων
3246 3395 3378 3466 μετὰ
3419 3395 3517 3465 τὴν
3555 3393 3705 3448 κατὰ

2121 3484 2216 3540 τοῦ
2266 3485 2518 3556 Σωτῆρος
2550 3483 2710 3555 ἡμῶν
2745 3484 2972 3555 τόλμαν.
3009 3484 3249 3548 Εἰκότως
3293 3488 3357 3555 τῇ
3394 3483 3705 3555 προγνώσει

2120 3577 2214 3630 τοῦ
2266 3576 2582 3648 Πνεύματος
2632 3574 2731 3639 τὰς
2783 3577 2931 3647 τρεῖς
2970 3575 3174 3638 ταύτας
3216 3575 3245 3628 ὁ
3291 3575 3452 3637 αὐτὸς
3483 3576 3698 3647 προφή-

2119 3684 2220 3738 της
2269 3669 2651 3738 προαναφωνεί
2695 3665 3006 3738 πολιορκίας
3028 3684 3041 3697 ·
3093 3667 3150 3719 ὲν
3207 3667 3305 3738 μὲν
3355 3666 3434 3738 τῷ
3480 3673 3560 3734 ογ¹
3606 3665 3702 3736 τὴν

2123 3757 2361 3828 ὑστάτην
2413 3758 2713 3830 σημαίνων,
2773 3758 2848 3821 ώς
2891 3757 3035 3812 κατὰ
3060 3759 3187 3821 τοὺς
3239 3758 3476 3821 οἰκείους
3506 3757 3704 3820 τόπους

2120 3849 2550 3921 παρεστήκαμεν
2573 3865 2588 3879 ο
2629 3850 2686 3901 ὲν
2713 3848 2771 3901 δὲ
2793 3849 2870 3918 τῷ
2897 3855 2978 3920 οη’
3018 3848 3116 3920 τὴν
3163 3849 3256 3902 ἐπὶ
3297 3849 3568 3919 Ἀντιόχου
3609 3848 3703 3902 τοῦ

2121 3941 2316 4012 Σύρου,
2363 3938 2548 4004 καθὼς
2596 3939 3009 3994 ἀποδέδεικται·
3038 3942 3097 3994 ὲν
3137 3939 3194 3993 δὲ
3221 3939 3299 4011 τῷ
3337 3940 3478 4009 μετὰ
3515 3943 3704 4010 χεῖρας

2119 4034 2220 4104 τῆς
2251 4031 2474 4104 πρώτης
2519 4033 2812 4104 μέμνηται,
2863 4032 3006 4102 λέγω
3036 4033 3094 4086 δὲ
3125 4033 3224 4104 τῆς
3274 4033 3598 4105 Ἀσσυρίων,
3635 4033 3704 4105 ἣν

2120 4123 2215 4178 καὶ
2240 4123 2270 4175 ό
2313 4123 2389 4176 οθ¹
2440 4123 2717 4189 ἐθέσπισε,
2745 4125 2838 4179 τὸν
2887 4125 3216 4197 ἐμπρησμὸν
3251 4123 3348 4179 τοῦ
3381 4125 3706 4195 ἀμπελῶνος

2121 4213 2215 4267 καὶ
2233 4213 2329 4284 τὴν
2357 4215 2590 4285 ἐρημίαν
2618 4215 2782 4269 αὑτοῦ
2808 4219 3077 4288 σημήνας.
3110 4218 3267 4269 Ἔστι
3287 4216 3330 4269 δ’
3351 4201 3446 4270 οὗν
3475 4217 3568 4269 καὶ
3593 4215 3706 4269 ἀπὸ

2119 4305 2218 4375 τῆς
2271 4306 2513 4377 ἱστορίας
2568 4307 2778 4377 μαθεῖν,
2833 4309 2934 4362 ὅσα
2979 4309 3121 4363 κατὰ
3161 4309 3224 4362 τὸ
3267 4307 3400 4362 αὐτὸ
3441 4307 3704 4379 συνῆλθον

2121 4395 2248 4467 ἔθνη
2279 4397 2421 4450 κατὰ
2443 4397 2538 4451 τοῦ
2572 4399 2841 4454 Ἰουδαίων
2866 4400 2994 4455 λαοῦ
3027 4403 3085 4454 ὲν
3107 4405 3171 4473 τῇ
3204 4401 3392 4473 πρώτῃ
3427 4401 3535 4455 τῶν
3577 4402 3702 4452 Ἀσ-

2123 4488 2322 4557 συρίων
2351 4489 2611 4554 ὲπιθέσει,
2636 4491 2674 4544 ἃ
2709 4492 2805 4546 καὶ
2831 4494 2863 4564 ἡ
2898 4492 3034 4563 μετὰ
3069 4497 3257 4565 χεῖρας
3279 4492 3702 4566 καταριθμεῖται

2122 4581 2456 4652 προφητεία’
2487 4581 2738 4654 πρώτους
2793 4585 3124 4658 Ἰδουμαίους
3183 4585 3546 4657 ὀνομάζουσα,
3580 4581 3703 4640 εἶτα

2133 4673 2500 4743 Ἰσμαηλίτας,
2535 4675 2628 4728 καὶ
2666 4677 2881 4747 τρίτους
2923 4678 3240 4742 Μωαϐίτας,
3275 4678 3368 4732 καὶ
3406 4678 3702 4748 τετάρτους

2133 4761 2485 4834 Ἀγαρηνοὺς,
2525 4761 2644 4818 εἶτα
2674 4765 3036 4838 Γεϐαληνοὺς,
3068 4770 3160 4822 καὶ
3206 4769 3571 4840 Ἀμμανίτας,
3605 4769 3703 4822 καὶ

2131 4850 2521 4925 Ἀμαληκίτας.
2553 4857 2664 4908 Kal.
2708 4857 2798 4910 ἐπὶ
2846 4857 3075 4926 τούτοις,
3118 4859 3492 4928 Ἁλλόφυλοι,
3545 4862 3698 4931 φησὶ,

2114 4943 2267 5011 μετὰ
2285 4943 2406 4997 τῶν
2424 4947 2857 5002 κατοικούντων
2879 4951 3084 5017 Τύρον.
3117 4951 3263 5003 Ἀντὶ
3291 4951 3348 5004 δὲ
3370 4949 3488 5016 τοῦ,
3514 4952 3699 5006 ἀλλό-

2119 5037 2321 5102 φυλοι,
2352 5035 2579 5101 Ἀκύλας
2596 5039 2688 5091 καὶ
2703 5038 3018 5111 Σύμμαχος,
3047 5043 3439 5115 Φυλισταζαν,
3469 5042 3697 5096 ὲκδεδώ-

2119 5142 2304 5180 κασινο
2331 5125 2450 5192 ἔθος
2502 5128 2559 5181 δὲ
2593 5128 2779 5184 καλεῖν
2832 5133 3008 5204 τούτῳ
3045 5133 3125 5203 τῷ
3168 5133 3394 5205 ὀνόματι
3443 5136 3568 5200 τοὺς
3595 5135 3695 5206 τὴν

2118 5215 2296 5280 Γάζαν
2321 5219 2415 5271 καὶ
2444 5219 2542 5290 τὴν
2603 5221 2918 5277 Ἀσκάλωνα
2945 5224 3038 5277 καὶ
3071 5224 3170 5295 τὴν
3211 5224 3452 5296 πάραλον
3485 5224 3694 5279 οἰκοῦν-

2117 5325 2235 5373 τας.
2265 5311 2374 5364 Καὶ
2419 5307 2565 5365 οὗτοι
2616 5313 2798 5367 τοίνυν
2841 5314 3037 5387 ἐφεξῆς
3070 5319 3118 5369 oi
3163 5317 3502 5388 παραλιῶται
3538 5318 3693 5372 ἁλλό-

2118 5401 2273 5470 φυλοι
2308 5403 2444 5472 μετὰ
2475 5403 2584 5459 τῶν
2605 5405 2998 5460 κατοικούντων
3027 5409 3200 5480 Τύρον
3226 5410 3502 5475 ἐπέθεντο,
3538 5415 3691 5481 φησὶ,

2117 5491 2259 5546 κατὰ
2279 5494 2371 5547 τοῦ
2414 5496 2542 5550 λαοῦ
2592 5515 2684 5551 σου
2711 5515 2726 5529 ο
2765 5499 2860 5552 καὶ
2905 5502 2997 5554 ἐπὶ
3031 5504 3197 5556 πᾶσιν
3223 5505 3252 5557 ὁ
3296 5504 3597 5576 Ἀσσύριος,
3631 5503 3694 5558 τὸ

2115 5582 2180 5654 δὴ
2211 5585 2505 5656 κεφάλαιον
2549 5589 2660 5645 τῶν
2715 5591 2923 5659 κακῶν,
2959 5594 3056 5647 σὺν
3087 5591 3297 5659 τούτοις
3345 5594 3691 5668 ὁρμώμενῦςυ
