4066 6388
379 394 482 450 997

1511 387 2014 443 COMMENTARIA
2054 386 2121 443 IN
2159 386 2500 446 PSALMOS.

3517 389 3625 448 998

380 513 476 568 καὶ
531 510 736 573 τούτοις
799 508 1106 579 συμμάχοις
1153 505 1456 577 χρώμενος,
1504 504 1602 575 τὴν
1644 505 1948 577 παράταξιν

2058 504 2302 560 Moabitae
2327 522 2341 557 :
2376 521 2503 560 nam
2535 504 2592 560 bi
2624 503 2734 559 duo
2763 503 2857 558 lilii
2885 503 2988 558 Lot
3016 502 3168 559 fuere
3188 543 3204 568 ,
3235 502 3395 560 Moab
3420 512 3477 559 et
3502 506 3636 560 Am-

381 603 674 674 ἐποιήσατο
697 615 710 628 °
764 599 896 670 ὁμοῦ
941 615 1000 651 τε
1033 597 1230 659 πάντες
1269 597 1318 649 οἱ
1355 594 1742 666 πφλεχθέντες
1757 595 1959 665 ἐγενή-

381 698 580 761 θησαν
632 693 718 756 εὶς
764 690 1093 756 ἀντίληψιν
1136 686 1261 752 τοῖς
1287 685 1437 749 υἱοῖς
1473 684 1620 738 Λώτ.
1667 686 1809 739 Ἀνθ’
1832 679 1893 740 οὗ
1925 686 1954 737 ό

385 784 485 852 μὲν
530 781 775 844 Ἀκύλας,
820 778 1150 848 Ἐγένοντο,
1185 777 1338 849 φησὶ,
1364 777 1638 844 ,βραχίων
1668 775 1956 843 τοῖςυίοῖς

382 872 594 928 Λώτοό
641 871 700 924 δὲ
749 870 1072 941 Σύμμαχος,
1117 867 1422 938 Ἐγένοντο
1477 869 1782 937 σύμμαχοι
1832 868 1956 934 τοῖς

380 963 533 1030 υἱοῖς
557 963 702 1017 Λώτ.
733 963 852 1015 Υἱοὶ
880 962 935 1014 δὲ
969 961 1092 1015 Λὼτ
1126 956 1265 1031 ἦσαν
1312 961 1637 1030 Ἀμμανῖται
1671 960 1765 1012 καὶ
1792 960 1959 1012 Μωα-

386 1057 525 1110 ϐῖται
545 1073 558 1086 ·
583 1056 674 1109 δύο
703 1054 810 1126 γὰρ
843 1049 988 1107 οὗτοι
1027 1054 1317 1122 γεγόνασιν
1348 1052 1454 1104 υἱοὶ
1477 1050 1570 1104 τοῦ
1601 1050 1747 1116 Λὼτ,
1782 1052 1956 1105 Μωὰὸ

386 1147 478 1201 καὶ
543 1145 785 1219 Ἀμμών.
845 1145 1029 1199 Ταῦτα
1056 1145 1110 1197 δὲ
1148 1145 1229 1197 ὅτι
1265 1143 1401 1215 μηδέ
1437 1143 1624 1196 ἄλλοτε
1654 1143 1959 1213 ἐπληροῦτο

385 1239 416 1313 ἢ
474 1240 618 1296 κατὰ
670 1239 797 1303 τοὺς
845 1237 1144 1310 Ἀσσυρίων
1178 1238 1421 1308 χρόνους,
1460 1236 1647 1307 σαφῶς
1683 1237 1716 1307 ή
1748 1235 1958 1307 ἱστορία

386 1333 697 1404 παρίστησι.
733 1333 804 1386 Τὸ
834 1329 1130 1403 τηνικαῦτα
1163 1330 1272 1400 γὰρ
1306 1331 1482 1385 πάντα
1512 1331 1579 1384 τὰ
1607 1332 1672 1382 ἐκ
1702 1328 1958 1398 γειτόνων

385 1424 509 1496 ἔθνη
537 1425 960 1495 διαφθονούμενα
993 1426 1059 1495 τῇ
1103 1422 1457 1497 Ἰερουσαλὴμ
1496 1423 1592 1476 καὶ
1614 1421 1693 1492 τῷ
1728 1422 1786 1474 ἐν
1822 1422 1956 1492 αὐτῇ

385 1517 751 1588 γεγραμμένῳ
781 1517 857 1587 (1)
890 1514 999 1586 ναῷ
1028 1513 1120 1567 τοῦ
1149 1513 1306 1579 Θεοῦ,
1327 1513 1566 1583 διψῶντα
1594 1530 1654 1565 τε
1682 1513 1781 1583 τὴν
1807 1509 1960 1564 ἀπὼ-

2059 611 2208 651 mon.
2256 596 2381 652 Haec
2425 611 2590 668 porro
2630 611 2740 652 non
2785 597 2892 650 alio
2921 611 3085 674 quam
3114 596 3465 668 Assyriorum
3494 607 3637 652 tem-

2037 703 2190 758 pore
2213 697 2364 758 gesta
2394 688 2565 744 fuisse
2592 697 2777 760 aperte
2804 696 2991 742 narrat
3020 687 3274 744 historia.
3304 690 3404 744 lllo
3433 688 3637 762 quippe

2056 795 2172 834 aevo
2203 795 2394 835 omnes
2426 779 2642 835 ﬁnitimi
2672 781 2860 851 populi
2885 779 3276 851 Hierosolyma:
3307 788 3363 836 et
3390 781 3464 845 ei,
3489 786 3636 851 quod

2059 869 2114 924 in
2147 867 2428 940 Scriptura
2454 869 2647 936 fertur,
2675 869 2878 938 templo
2907 869 3002 923 Dei
3027 869 3154 925 istic
3178 871 3356 940 posito
3379 869 3635 926 inviden-

2059 967 2176 1023 tes,
2205 959 2614 1029 perniciemque
2652 959 2822 1014 totius
2853 957 3094 1014 Judaicae
3131 960 3310 1030 gentis
3353 961 3634 1026 sitientes,

2060 1065 2169 1104 una
2195 1049 2474 1103 iri-uerunt
2501 1057 2694 1103 contra
2726 1049 2883 1112 illos,
2919 1048 3344 1120 Babyloniorum
3377 1052 3638 1120 potentiae

2061 1150 2116 1196 et
2145 1141 2470 1197 commilitio
2500 1141 2790 1210 adscripti.
2829 1140 2984 1196 Tunc
3022 1143 3205 1196 multa:
3243 1142 3511 1198 adversus
3539 1157 3638 1196 eos

2064 1241 2254 1304 gentes
2287 1233 2529 1304 Assyriis
2566 1233 2894 1287 auxiliantes
2932 1241 3140 1288 coactae
3171 1241 3319 1289 sunt.
3355 1233 3424 1287 At
3457 1248 3640 1303 neque

2063 1326 2334 1380 Antiocho
2368 1342 2548 1397 neque
2579 1323 2874 1390 Romanis,
2911 1326 2967 1379 in
3002 1334 3279 1396 postrema
3311 1326 3633 1390 obsidione,

2063 1424 2252 1488 gentes
2299 1416 2453 1487 prius
2509 1424 2872 1482 enumerataa,
2913 1419 2968 1472 in
3003 1419 3146 1474 bello
3185 1426 3379 1474 contra
3416 1416 3639 1496 Judzeos

2065 1508 2253 1572 initio,
2292 1523 2450 1578 opem
2482 1507 2674 1561 tulisse
2702 1508 2977 1564 videntur.

384 1617 532 1671 λείαν
546 1609 636 1662 τοῦ
667 1611 866 1674 παντὸς
900 1610 1166 1664 Ἰουδαίων
1200 1609 1404 1674 ἔθνους,
1439 1608 1574 1680 ὁμοῦ
1607 1603 1699 1662 οῦν
1722 1607 1980 1660 ἐπέθεντο
2002 1606 2121 1659 κατ’
2157 1604 2334 1657 αὐτῶν
2365 1606 2432 1674 τῇ
2460 1603 2566 1656 τῶν
2586 1600 2940 1657 Βαϐυλωνίων
3003 1605 3288 1676 δυναστείᾳ
3346 1605 3640 1676 συμμαχή-

387 1722 574 1760 σαντα.
608 1704 744 1757 Τότε
784 1705 884 1774 μέν
912 1699 1005 1758 οὖν
1035 1702 1205 1757 πολλὰ
1232 1703 1466 1773 συνῆκτο
1517 1703 1634 1757 κατ’
1665 1701 1845 1757 αὐτῶν
1868 1700 1938 1752 τὰ
1955 1703 2067 1763 τοῖς
2101 1699 2405 1770 Ἀσσυρίοις
2419 1696 2810 1769 συμμαχοῦντα
2839 1697 2986 1769 ἔθνη.
3015 1697 3151 1752 Οὔτε
3183 1699 3238 1751 δὲ
3268 1699 3406 1752 κατὰ
3439 1698 3641 1752 Ἀντίο-

383 1817 496 1870 χον,
521 1799 642 1852 οὕτε
665 1800 804 1854 κατὰ
835 1801 934 1871 τὴν
963 1799 1199 1870 ὑστάτην
1271 1798 1607 1870 πολιορκίαν,
1645 1796 1711 1851 τὰ
1772 1794 2336 1868 προκατηριθμημένα
2381 1792 2508 1864 ἔθνη
2538 1792 2785 1861 φαίνεται
2824 1794 3257 1864 συμμαχήσαντα
3327 1791 3637 1862 Ῥωμαίοις,

383 1893 618 1964 ὁπηνίκα
651 1894 741 1947 τὸν
783 1893 920 1966 πρὸς
963 1893 1248 1957 Ἰουδαίους
1271 1895 1665 1964 συνεστήσαντο
1697 1892 1953 1962 πόλεμον.

450 2014 718 2082 Ποίησον
741 2014 943 2080 αὐτοῖς
971 2015 1052 2081 ὠς
1079 2013 1155 2084 τῇ
1184 2014 1417 2069 Μαδιὰν
1444 2014 1542 2067 καὶ
1576 2014 1655 2079 τῷ
1687 2011 1916 2080 Σισάρᾳ
1933 2051 1949 2074 ,

2126 2004 2296 2059 Vens.
2339 2002 2530 2058 ιο-ιε.
2575 2000 2688 2055 Fac
2718 2002 2827 2055 illis
2867 2002 3003 2056 sicut
3043 2000 3271 2055 Madian
3305 2010 3355 2056 et
3396 2003 3635 2067 δίαιταν,

373 2106 458 2172 ιὼς
483 2105 562 2171 τῷ
605 2106 778 2176 Ἰαϐὶμ
807 2107 876 2160 ἐν
899 2106 978 2172 τῷ
1009 2107 1300 2177 χαμάρῤῳ
1319 2106 1535 2163 Κισών.
1573 2105 1958 2172 Ἐεωλοθρεύ-

373 2197 582 2262 θησαν
605 2195 675 2248 ἐν
704 2196 968 2266 Ἀενδὼρ,
997 2196 1374 2267 ἐγενήθησαν
1423 2195 1566 2249 ὡσεὶ
1618 2196 1838 2262 κόπρος
1884 2191 1959 2262 τῇ

380 2279 480 2350 τῇ.
505 2283 628 2336 Gai)
658 2284 799 2350 τοὺς
833 2285 1128 2355 ἄρχοντας
1164 2284 1363 2340 αὐτῶν
1397 2287 1480 2352 ὡς
1510 2285 1618 2339 τὸν
1653 2284 1830 2353 Ὠρὴϐ
1861 2284 1957 2337 καὶ

377 2371 508 2441 Ζὴϐ
564 2373 664 2427 καὶ
719 2375 892 2429 Ζεὸεὲ
947 2375 1048 2430 καὶ
1094 2374 1410 2446 Σαλμωνᾶ.
1478 2375 1715 2429 Τοιαῦτα
1771 2373 1959 2428 θεσπί-

381 2461 466 2526 ζει
509 2463 759 2532 γενέσθαι
790 2467 902 2528 τοῖς
934 2466 1310 2537 προλεχθεῖσιν
1345 2466 1555 2523 ἔθνεσιν
1587 2470 1615 2521 ό
1644 2468 1956 2538 Προφήτης,

377 2555 543 2610 ὁποῖα
585 2559 652 2628 τῇ
698 2557 923 2628 Μαδιάμ
976 2559 1070 2612 καὶ
1093 2557 1172 2628 τῷ
1205 2559 1434 2630 Σισάρᾳ,
1467 2558 1562 2612 καὶ
1586 2557 1665 2627 τῷ
1698 2557 1876 2628 Ἰασὶμ
1900 2559 1960 2610 ἐν

376 2645 460 2716 τῷ
492 2648 777 2720 χειμάρρῳ
801 2650 985 2703 Κισὼν
1018 2649 1214 2719 συνέϐη
1247 2651 1379 2704 ποτέ
1403 2667 1418 2682 ο
1443 2651 1639 2713 οἵτινες
1663 2647 1799 2720 ὁμοῦ
1825 2649 1961 2702 πάν-

377 2752 474 2799 τες
514 2736 985 2810 ἐξωλοθρεύθησαν
1040 2741 1097 2793 ἐν
1156 2739 1388 2812 Ἀενδὼρ
1413 2780 1429 2806 ,
1483 2742 1577 2798 καὶ
1623 2740 1960 2812 ἐγενήθησαν

377 2827 512 2879 ὡσεὶ
564 2827 766 2901 κόπρος
822 2833 887 2902 τῇ
911 2834 1002 2902 γῇ.
1039 2833 1199 2887 Ἀλλὰ
1237 2835 1331 2888 καὶ
1362 2834 1489 2896 τοὺς
1536 2834 1802 2905 ἄρχοντας
1852 2834 1960 2889 τῶν

377 2916 787 2990 προλεχθέντων
837 2919 1004 2976 ἐθνῶν
1038 2922 1262 2976 τοιαῦτα
1325 2923 1519 2978 ποθεῖν
1571 2923 1748 2990 ἀξιοῖ,
1799 2927 1959 2980 ὁποῖα

381 3006 716 3061 πεπόνθασιν
783 3009 947 3082 Ὠρὴό
996 3010 1090 3064 καὶ
1129 3011 1240 3083 Ζὴϐ
1281 3013 1377 3066 καὶ
1419 3011 1582 3067 Ζεὸεὲ
1609 3013 1702 3066 καὶ
1734 3015 1961 3086 Σαλμω-

379 3100 499 3162 νᾶς.
531 3098 745 3154 Τούτων
759 3101 816 3154 δὲ
843 3101 1059 3156 πάντων
1091 3101 1191 3174 τὴν
1224 3103 1461 3174 ἱστορίαν
1504 3104 1758 3176 εὑρήσεις
1807 3107 1864 3159 ἐν
1891 3109 1957 3179 τῇ

375 3191 550 3263 βίϐλῳ
595 3194 900 3265 φερομένην
943 3194 1050 3248 τῶν
1112 3195 1350 3266 Κριτῶν·
1390 3195 1518 3250 ἔνθα
1543 3197 1638 3250 καὶ
1685 3199 1713 3251 ὁ
1749 3198 1958 3271 Σισάρα

379 3285 478 3340 καὶ
495 3284 524 3336 ὁ
559 3283 745 3349 Ἰαϐὶς,
776 3285 872 3339 καὶ
888 3287 938 3338 oi
963 3285 1139 3340 λοιποὶ
1154 3288 1658 3359 κατωνομασμένοι,
1674 3289 1847 3343 ὁπόσα
1864 3291 1959 3345 καὶ

2062 2098 2197 2152 sicut
2225 2095 2392 2149 Jubin
2415 2095 2472 2147 in
2502 2103 2733 2148 torrente
2773 2092 2956 2148 Cison.
2997 2092 3365 2161 Disperierunt
3402 2096 3458 2149 in
3496 2095 3640 2150 ,λεη-

2058 2190 2178 2255 dor,
2211 2189 2345 2260 facti
2370 2197 2491 2242 sunt
2525 2196 2584 2240 ut
2612 2196 2815 2241 stercus
2857 2194 3030 2240 terra.
3066 2185 3214 2241 Pone
3251 2189 3511 2256 principes
3548 2205 3638 2243 eo-

2060 2301 2177 2337 rum
2207 2284 2345 2337 sicut
2379 2279 2514 2336 Oreb
2545 2289 2595 2334 et
2624 2277 2730 2332 Zeb
2759 2286 2809 2332 et
2836 2276 2997 2332 Zebee
3034 2288 3085 2333 et
3115 2278 3392 2335 Salmona.
3435 2279 3638 2336 Eadem

2058 2375 2378 2432 memoratis
2421 2372 2678 2443 gentibus
2733 2370 2919 2425 futura
2960 2371 3294 2426 vaticinatur
3329 2371 3635 2442 Propheta,

2059 2483 2182 2539 qua:
2219 2467 2350 2522 olim
2390 2464 2608 2520 Madian
2636 2503 2652 2528 ,
2696 2461 2901 2519 Sisara:
2926 2502 2942 2528 ,
2983 2471 3037 2518 et
3073 2461 3253 2517 labim
3295 2464 3348 2517 in
3391 2470 3641 2519 torrente

2059 2557 2228 2612 Cison
2280 2555 2680 2624 contigerunt:
2743 2555 2840 2624 qui
2899 2568 3092 2609 omnes
3144 2554 3516 2624 disperierunt
3579 2557 3638 2611 in

2059 2645 2301 2711 IEndor,
2343 2653 2399 2700 et
2448 2645 2578 2700 facti
2623 2655 2752 2701 sunt
2797 2652 2859 2700 ut
2907 2655 3123 2701 stercus
3165 2653 3346 2701 terrae.
3397 2647 3482 2701 Ad
3522 2648 3640 2703 haec

2059 2740 2224 2796 etiam
2278 2738 2559 2809 principes
2610 2737 2998 2810 praedictorum
3062 2739 3392 2808 p0pulorum
3446 2741 3638 2794 eadem

2059 2829 2270 2901 perpeti
2317 2836 2513 2899 rogat,
2551 2845 2672 2900 quae
2709 2827 2854 2884 Oreb
2896 2837 2949 2882 et
2991 2827 3102 2884 Zeb
3142 2835 3198 2883 et
3227 2828 3404 2884 Zebee
3434 2836 3488 2884 et
3519 2827 3639 2885 Sal-

2060 2936 2274 2978 monas.
2317 2921 2524 2977 Horum
2565 2936 2730 2992 porro
2773 2921 3018 2976 omnium
3058 2921 3346 2976 historiam
3395 2921 3640 2991 reperias

2061 3011 2117 3065 in
2151 3011 2290 3066 libro
2325 3009 2614 3076 Judicum,
2657 3011 2750 3065 ubi
2788 3025 2910 3080 qua:
2951 3008 3140 3065 Sisara
3179 3018 3233 3066 et
3270 3007 3430 3064 Jabin
3469 3021 3639 3080 atque

2060 3103 2190 3168 alii,
2219 3103 2316 3173 qui
2345 3117 2513 3173 supra
2542 3108 2924 3169 recensentur,
2953 3108 3144 3156 contra
3176 3099 3432 3159 lst‘aelem
3461 3099 3636 3155 moliti

2061 3200 2227 3257 sunt,
2254 3203 2308 3250 et
2336 3209 2458 3264 quae
2487 3193 2651 3249 iidem
2682 3199 2815 3248 sunt
2844 3193 3131 3262 perpessi,
3163 3191 3450 3263 Scriptura
3478 3206 3639 3248 enar-

2059 3291 2148 3338 rat
2178 3285 2244 3339 ¹⁵.
2297 3283 2375 3338 Eo
2415 3295 2597 3338 autem
2636 3284 2953 3346 mittemus,
2996 3283 3046 3337 si
3085 3298 3248 3353 quem
3287 3297 3352 3337 ea
3388 3283 3638 3339 ediscere

376 3377 506 3433 τίνα
545 3377 684 3430 κατὰ
728 3377 823 3430 τοῦ
877 3377 1092 3450 Ἰσραὴλ
1141 3351 1576 3452 ἐμηχανήσαντο,
1641 3351 1735 3434 καὶ
1795 3382 1956 3434 ὁποῖα

2060 3373 2228 3428 libeat
2257 3389 2378 3445 quae
2410 3374 2478 3429 ad
2519 3375 2671 3444 ipsos
2703 3374 2979 3430 attinent:
3010 3351 3137 3428 nam
3176 3389 3336 3444 aequo
3374 3374 3638 3445 prolixior

374 3466 792 3540 πιπόνθασιν,ὴ
829 3469 1017 3542 Γραφὴ
1051 3471 1398 3543 παρίστησιν.
1440 3473 1554 3542 Ἐφ’
1599 3471 1666 3543 ἢν
1711 3472 1958 3546 ἀναπέμ-

373 3557 570 3630 ψωμεν
594 3557 684 3610 τὸν
714 3556 1035 3628 βουλόμενον
1058 3559 1128 3614 τὰ
1160 3562 1279 3615 κατ’
1305 3561 1501 3625 αὐτοὺς
1525 3561 1744 3626 ειδέναι,
1778 3562 1867 3617 διὰ
1895 3563 1958 3618 τὸ

380 3648 729 3720 μακροτέραν
754 3644 889 3702 εἶναι
913 3651 1012 3722 τήν
1045 3653 1174 3723 περὶ
1194 3651 1374 3706 αὐτῶν
1398 3651 1669 3724 διήγησιν.
1709 3654 1790 3708 Τὰ
1817 3655 1959 3710 αὐτὰ

379 3737 480 3789 σὺν
502 3735 728 3799 ἐκείνοις
756 3735 846 3789 καὶ
869 3736 1090 3801 τούτους
1117 3739 1344 3793 ἱκετεύει
1375 3740 1585 3806 παθεῖν,
1599 3742 1732 3796 διότι
1760 3744 1958 3814 ὁμοίως

376 3827 605 3890 ἐκείνοις
637 3827 731 3880 καὶ
761 3823 1196 3900 οὖτοιείρήκασι,
1225 3833 1787 3903 κληρονομήσωμευν
1823 3835 1960 3888 ἑαυ-

375 3917 504 3984 τοῖς
534 3917 602 3970 τὸ
643 3919 1030 3989 ἀγιαστήριον
1069 3921 1175 3976 τοῦ
1224 3923 1394 3978 Θεοῦ.
1425 3924 1649 3994 Ἔλεγον
1697 3925 1756 3978 δὲ
1786 3925 1959 3979 ταῦτα

375 4009 476 4064 καὶ
503 4009 552 4062 οἱ
587 4011 715 4082 περὶ
744 4009 835 4064 τὸν
860 4011 1087 4082 Σισάρα,
1108 4013 1401 4080 καὶἸαῦὶς,
1430 4015 1484 4067 οἵ
1511 4031 1568 4068 τε
1591 4013 1788 4080 λοιποὶ,
1805 4014 1899 4078 οὓς
1929 4015 1958 4067 ό

374 4099 536 4172 λόγος
556 4103 696 4156 κατὰ
715 4103 858 4169 λέξιν
887 4104 989 4176 (2),
1020 4105 1147 4177 περὶ
1171 4106 1272 4177 τῆς
1300 4109 1504 4179 σκηνῆς
1541 4110 1635 4163 καὶ
1667 4108 1765 4180 τῆς
1789 4109 1956 4163 κιϐω-

377 4193 476 4248 τοῦ
492 4192 587 4246 τοῦ
603 4194 758 4248 Θεοῦ.
784 4196 856 4248 Τὸ
872 4195 980 4268 γὰρ
1009 4197 1360 4270 ἁγιαστήριον
1380 4198 1474 4252 τοῦ
1516 4200 1651 4254 Θεοῦ
1672 4199 1843 4255 ταῦτα
1865 4196 1954 4271 ἦν,

379 4287 550 4358 μήταο
601 4286 701 4356 τῆς
762 4288 1117 4361 Ἰερουσαλὴμ
1151 4289 1512 4362 συνεστώσης.
1563 4291 1868 4364 Ἐπηύξατο
1900 4292 1956 4346 δὲ

375 4375 556 4431 ταῦτα
575 4377 603 4429 ό
631 4375 926 4449 Προφήτης
959 4379 1101 4434 κατὰ
1133 4378 1241 4433 τῶν
1275 4380 1688 4453 δεδηλωμένων*
1734 4378 1830 4435 εἶτ’
1857 4383 1956 4436 οὐκ

377 4469 460 4532 εἰς
491 4468 700 4540 μακρὸν
750 4468 1053 4541 ἐπληροῦτο
1104 4471 1173 4524 τὰ
1206 4475 1305 4542 τῆς
1347 4473 1534 4544 εὐχῆς.
1575 4473 1782 4528 Αὐτίκα
1825 4474 1955 4545 γοῦν

378 4560 720 4631 παραχρῆμα
752 4562 818 4631 τῇ
853 4561 992 4614 κατά
1019 4561 1126 4615 τῶν
1175 4563 1440 4618 Ἰουδαίων
1483 4564 1766 4637 πολιορκίᾳ
1797 4567 1889 4619 καὶ
1918 4568 1952 4638 ἡ

2059 3476 2250 3517 eorum
2285 3463 2564 3519 enarratio
2602 3463 2762 3520 foret.
2803 3493 2875 3504 —
2908 3462 3075 3519 Vens.
3119 3464 3204 3519 l3.
3230 3464 3430 3521 Eadem
3470 3480 3639 3536 porro

2057 3571 2181 3626 quae
2212 3556 2327 3622 illi,
2365 3557 2502 3612 istos
2535 3557 2698 3612 etiam
2735 3557 2942 3627 perpeti
2974 3567 3165 3628 rogat,
3199 3558 3330 3628 quia
3360 3558 3550 3614 eodem
3581 3566 3639 3614 et

2059 3648 2148 3704 isti
2194 3648 2357 3704 modo
2397 3648 2698 3714 dixerunt,
2737 3649 3068 3706 Hrereditate
3100 3649 3468 3720 possideamus
3510 3666 3639 3704 san-

2057 3741 2326 3794 ctuarium
2357 3739 2476 3796 Dei.
2509 3738 2603 3795 illa
2637 3755 2768 3796 vero
2795 3739 3057 3797 dicebant
3092 3741 3280 3797 Sisara
3299 3783 3314 3807 ,
3345 3740 3507 3797 Jabin
3529 3783 3545 3808 ,
3581 3750 3637 3797 et

2058 3831 2256 3901 reliqui
2293 3831 2615 3886 nominatim
2649 3832 2913 3888 recensiti
2935 3873 2950 3898 ,
2994 3834 3062 3890 de
3109 3835 3460 3891 tabernaculo
3487 3843 3542 3892 et
3569 3837 3640 3893 de

2058 3939 2186 3978 arca
2219 3922 2312 3979 Dei
2341 3943 2353 3978 :
2387 3923 2502 3978 haec
2528 3923 2730 3994 quippe
2757 3931 2914 3979 erant
2941 3928 3317 3982 sanctuarium
3351 3928 3481 3994 Dei,
3510 3944 3636 3984 cum

2056 4019 2302 4076 nondum
2326 4017 2633 4074 Jerusalem
2650 4019 2998 4074 consisteret.
3026 4019 3152 4076 Haec
3171 4037 3336 4092 porro
3357 4021 3632 4093 Propheta

2057 4118 2309 4182 precatus
2355 4117 2440 4165 est
2492 4110 2758 4165 adversus
2800 4125 2896 4165 eos
2943 4110 3038 4181 qui
3089 4111 3345 4180 superius
3395 4112 3625 4168 indicati

2057 4207 2224 4256 sunt:
2260 4213 2362 4254 nec
2389 4199 2486 4254 diu
2517 4207 2708 4269 postea
2747 4200 2992 4269 precatio
3025 4206 3110 4256 est
3140 4200 3394 4256 ell'ectum
3437 4217 3636 4259 conse-

2056 4299 2203 4347 cuta.
2235 4289 2368 4345 Nam
2403 4291 2705 4346 secundum
2735 4292 2880 4346 illam
2907 4290 3224 4348 Iudaeorum
3253 4293 3592 4351 obsidionem
3612 4335 3633 4362 ,

2055 4381 2406 4453 Assyriorum
2432 4382 2720 4454 imperium
2746 4383 3041 4454 derepente
3067 4385 3309 4440 solutum
3335 4393 3451 4453 est,
3479 4395 3634 4458 post-

2055 4490 2218 4546 quam
2250 4476 2511 4532 diuturno
2540 4491 2656 4532 aevo
2695 4477 2979 4545 stetisset;
3013 4487 3068 4535 et
3105 4479 3325 4550 quidem
3362 4496 3535 4551 usque
3563 4481 3632 4537 ad

2057 4567 2190 4622 illud
2235 4575 2452 4638 tempus
2475 4607 2491 4632 ,
2533 4582 2645 4639 quo
2688 4569 2818 4623 talia
2845 4577 3037 4624 contra
3063 4570 3496 4643 Hierosolymam
3533 4589 3631 4644 ag-

392 4651 694 4723 Ἀσσυρίων
723 4652 989 4723 κατελύθη
1018 4653 1303 4707 δυναστεία
1330 4655 1665 4726 διαρκέσασα
1702 4656 1913 4729 χρόνοις
1934 4675 1948 4688 ·

2058 4659 2205 4729 gredi
2235 4658 2356 4714 ausi
2387 4666 2536 4715 sunt.
2564 4658 2684 4715 Non
2713 4659 2805 4715 diu
2841 4659 3026 4732 itaque
3053 4669 3242 4731 postea
3268 4661 3444 4732 Cyrus
3462 4703 3478 4728 ,
3506 4679 3633 4718 cum

379 4742 479 4795 καὶ
505 4741 670 4814 μέχρι
699 4743 887 4796 τούτου
925 4745 1169 4798 συστᾶσα
1199 4744 1391 4817 μέχρις
1423 4741 1484 4800 οῦ
1515 4747 1739 4801 τοιαῦτα
1769 4746 1953 4800 τετολ-

384 4831 592 4903 μήκασι
648 4834 790 4888 κατὰ
842 4834 942 4905 τῆς
987 4834 1361 4906 Ἰερουσαλήμ.
1397 4837 1531 4890 Μετ’
1567 4839 1628 4891 ού
1657 4839 1790 4892 πολὺ
1823 4839 1954 4908 γοῦν

380 4921 586 4994 Κῦρος,
636 4924 736 4994 τῆς
766 4925 991 4997 Περσῶν
1039 4925 1314 4996 βασιλείας
1353 4931 1661 5000 κρατήσας,
1702 4930 1956 4985 καταλύει

381 5011 482 5082 τὴν
522 5012 820 5085 Ἀσσυρίων
849 5014 1042 5086 ἀρχήν.
1074 5014 1185 5069 Καὶ
1223 5013 1292 5067 τὰ
1325 5013 1482 5069 λοιπὰ
1521 5016 1580 5069 δὲ
1622 5017 1762 5071 κατὰ
1791 5017 1957 5089 μέρος

381 5105 748 5176 ὠνομασμένα
781 5106 905 5179 ἔθνη
948 5107 1172 5161 τοιαῦτα
1206 5105 1494 5168 πέπονθεν,
1523 5110 1680 5162 ὁποῖα
1723 5111 1753 5162 ό
1800 5109 1956 5177 λόγος

383 5195 693 5268 προέφησεν
712 5214 728 5229 ο
762 5196 888 5250 ὥστ’
914 5196 1136 5260 εἰκότως
1165 5197 1229 5251 ἄν
1259 5213 1381 5250 τινα
1428 5197 1618 5267 φῆσαι,
1653 5199 1727 5268 μὴ
1755 5197 1953 5252 κατεύ-

383 5286 573 5358 χεσθαι
603 5288 694 5340 τὸν
734 5289 1024 5359 Προφήτην
1071 5289 1129 5340 ἐν
1175 5287 1382 5353 τούτοις
1419 5288 1528 5341 τῶν
1573 5288 1949 5360 δηλουμένων,

385 5375 744 5448 προφητεύειν
771 5377 828 5430 δὲ
852 5378 1034 5442 αὐτοῖς
1063 5380 1130 5434 τὰ
1177 5379 1427 5450 ἐσόμενα,
1468 5379 1610 5433 κατὰ
1652 5395 1776 5433 τινα
1831 5395 1954 5433 συν-

382 5468 572 5541 ήθειαν
605 5469 702 5540 τῆς
741 5469 964 5540 Γραφῆς
1013 5470 1393 5542 προστακτικῷ
1433 5470 1620 5542 τρόπῳ
1662 5469 1782 5524 ἀντὶ
1814 5486 1952 5541 προ-

383 5559 733 5637 αγορευτικοῦ
779 5561 1147 5632 κεχρημένονο
1209 5562 1338 5618 ὥσθ’
1369 5565 1514 5635 ἡμᾶς
1549 5561 1826 5632 ἐξακούειν
1854 5562 1950 5632 τὺ,

461 5653 502 5683 ⁸⁵
537 5651 720 5708 Judic.
757 5667 835 5718 iv,
871 5667 988 5722 seq.

457 5807 472 5859 ί
483 5806 531 5875 1)
571 5811 673 5876 Pp.
705 5810 1075 5880 ἐγηγερμένῳ.

2056 4748 2346 4804 Persarum
2362 4765 2588 4820 regnum
2607 4760 2951 4820 occupasset,
2969 4752 3318 4823 Assyriorum
3341 4753 3632 4823 imperium

2058 4841 2273 4898 evertit.
2312 4840 2556 4912 Reliqua:
2589 4856 2721 4898 vero
2761 4842 3074 4912 singulatim
3115 4843 3403 4899 recensita:
3444 4853 3635 4914 gentes

2059 4947 2122 4986 ea
2149 4939 2276 4986 sunt
2299 4947 2592 5002 perpessae,
2616 4947 2738 5002 qua:
2757 4932 2862 4986 hoc
2887 4947 3139 4988 sermone
3159 4935 3630 5003 praenuntiantur;

2057 5020 2132 5076 ita
2170 5028 2228 5074 ut
2257 5037 2288 5077 e
2319 5037 2378 5076 re
2407 5023 2677 5092 quispiam
2703 5022 2928 5090 dixerit,
2959 5021 3288 5093 Prophetam
3319 5027 3636 5082 memoratis

2062 5113 2312 5184 gentibus
2338 5129 2446 5168 non
2469 5115 2760 5186 imprecari
2787 5117 2951 5183 mala,
2978 5117 3073 5172 sed
3105 5116 3286 5172 futura
3314 5117 3632 5183 vaticinari,

2061 5221 2124 5260 ac
2167 5221 2267 5279 pro
2311 5215 2534 5263 assueto
2579 5207 2879 5278 Scriptura:
2925 5225 3109 5273 more,
3161 5209 3480 5279 imperantis
3513 5224 3632 5263 mo-

2059 5296 2210 5361 dum,
2235 5299 2356 5354 loco
2374 5300 2816 5370 prmnuntiantis,
2840 5316 3144 5371 usurpare;
3183 5300 3320 5356 adeo
3332 5309 3390 5354 ut
3415 5300 3626 5364 isthaac,

2058 5385 2173 5440 Fac
2200 5388 2345 5452 illis,
2382 5403 2484 5444 nos
2519 5390 2600 5444 sic
2647 5390 3050 5460 intelligamus,
3095 5389 3284 5445 Facies
3331 5391 3443 5444 illis
3493 5392 3629 5444 sicut

2057 5477 2290 5534 Madian
2314 5490 2360 5534 et
2389 5479 2610 5535 Sisara.
2642 5479 2768 5535 llaec
2801 5497 2970 5551 porro
2994 5482 3060 5537 de
3086 5483 3466 5555 Assyriorum,
3496 5484 3652 5536 alia-'

2057 5585 2288 5640 rumque
2334 5568 2426 5625 hic
2491 5569 2893 5624 recensitarum
2940 5572 3187 5642 gentium
3245 5571 3458 5626 excidio
3492 5586 3608 5641 pra:

2134 5806 2206 5878 (ﬂ)
2246 5805 2440 5864 Deesse
2463 5805 2675 5864 videtur
2707 5807 2952 5875 verbum,
2994 5807 3133 5864 forte
3173 5805 3442 5880 ὀνομάζει.
3469 5807 3630 5863 Emr.
