4066 6414
442 418 545 475 999
1122 415 1394 472 EUSEBll
1426 415 1911 471 CESARIENSIS
1942 414 2093 470 OPP.
2132 413 2316 468 PARS
2349 412 2438 470 Ill.
2470 445 2537 456 -—
2581 412 2994 471 EXEGETICA.
3550 413 3700 470 £000

441 532 780 587 nuntiantur.
805 529 995 602 Neque
1018 539 1200 586 tamen
1232 531 1299 585 de
1329 532 1396 586 iis
1425 532 1518 601 qui
1550 538 1671 601 post
1708 530 2009 586 Salvatoris

2115 532 2378 598 Ποίησον
2399 533 2624 598 αὐτοῖς,
2651 531 2772 585 ἀντὶ
2803 530 2922 595 τοῦ,
2955 529 3234 597 Ποιήσεις
3257 532 3336 598 ὡς
3357 531 3433 601 τῇ
3453 533 3701 602 Μαδιάμ

440 624 610 677 nostri
647 622 938 677 adventum
968 634 1298 693 postremam
1327 622 1830 694 Hierosolymorum
1864 623 2015 677 obsi-

2118 624 2219 677 καὶ
2237 622 2317 688 τῷ
2336 623 2585 692 Σισάρᾳ.
2621 623 2807 677 Ταῦτα
2837 623 2893 675 δὲ
2925 622 3052 694 περὶ¹
3074 623 3168 676 τοῦ
3185 608 3388 687 ’τέλους
3418 624 3528 678 τῶν
3572 624 3704 678 Ἀσ-

439 713 655 769 dionem
683 714 969 779 fecerunt,
999 715 1202 770 similia
1233 714 1505 770 feruntur.
1534 715 1715 781 Quare
1743 715 1876 768 nihil
1906 715 2014 768 tale

2118 714 2321 784 συρίων
2371 715 2465 767 καὶ
2513 713 2622 766 τῶν
2660 714 2756 766 σὺν
2809 713 2991 776 αὑτοῖς
3038 713 3485 784 καταλεχθέντων
3524 715 3701 772 ἐθνῶν

438 803 670 859 Romani
703 815 830 875 post
859 807 1066 859 illatam
1097 806 1242 876 genti
1274 807 1484 862 cladem
1514 807 1762 876 perpessi
1791 813 1939 861 sunt.

2119 803 2542 877 προφητεύεται.
2569 803 2644 856 Οὑ
2676 804 2785 874 μὴν
2809 804 3053 875 καὶπερὶ
3075 804 3184 856 τῶν
3205 805 3303 874 τὴν
3328 804 3565 876 ὑστάτην
3594 820 3700 858 πο-

437 897 681 970 λιορκίαν
717 899 854 970 μετὰ
880 900 980 971 τὴν
999 900 1092 953 τοῦ
1123 901 1376 972 Σωτῆρος
1407 901 1564 971 ήμῶν
1629 901 1934 977 παρουσίαν
1990 900 2474 973 κατειργασμένων
2492 899 2721 954 τοιαῦτά
2767 915 2890 953 τινα
2958 900 3206 972 ἐφέρετο.
3239 898 3333 951 Διὸ
3363 897 3516 952 οὐδὲν
3561 899 3687 952 Ῥω-

441 993 591 1062 μαῖοι
618 991 860 1045 τοιοῦτον
891 991 1191 1045 πεπόνθασι
1229 991 1366 1063 μετὰ
1399 992 1496 1063 τὴν
1521 991 1664 1045 κατὰ
1694 991 1788 1046 τοῦ
1823 993 2008 1054 ἔθνους
2045 991 2405 1063 ἐπιχείρησιν.

511 1109 679 1165 Vsus.
708 1109 794 1163 14.
827 1108 963 1162 Deus
995 1125 1161 1173 meus,
1180 1125 1310 1178 pone
1335 1108 1458 1162 illos
1481 1118 1539 1161 ut
1564 1118 1760 1173 rotam,
1788 1117 1838 1162 et
1865 1109 2004 1162 sicut

437 1202 692 1271 stipulam
727 1210 849 1255 ante
880 1201 1071 1270 [aciem
1110 1202 1266 1254 venti.
1307 1199 1426 1253 Non
1466 1201 1851 1271 intempestive
1876 1199 2012 1254 Pro-

440 1295 640 1365 pheta,
694 1293 802 1346 imo
842 1293 1025 1363 potius
1066 1292 1121 1346 in
1154 1307 1219 1347 eo
1260 1290 1498 1362 Spiritus
1539 1300 1764 1347 sanctus
1789 1331 1804 1354 ,
1845 1291 2014 1346 Deum

439 1392 499 1437 ut
529 1383 636 1437 sibi
670 1383 952 1452 proprium
980 1382 1036 1437 in
1069 1382 1382 1451 hujusmodi
1409 1383 1726 1436 narratione
1751 1389 2016 1436 memorat

435 1477 661 1538 dicens,
698 1473 838 1528 Deus
875 1489 1016 1527 meus
1045 1489 1063 1526 :
1099 1489 1274 1542 neque
1305 1473 1451 1527 enim
1481 1474 1599 1536 ait,
1633 1471 1771 1527 Deus
1804 1482 2013 1537 noster;

2202 1108 2255 1160 Ὁ
2279 1107 2423 1173 Θεός
2451 1123 2592 1176 μου,
2632 1105 2740 1160 θοῦ
2765 1105 2986 1172 αὐτοὺς
3017 1106 3097 1172 ὡς
3131 1104 3371 1174 τροχὸν,
3396 1106 3476 1172 ὡς
3504 1107 3702 1160 καλά-

2111 1217 2237 1270 μην
2257 1197 2407 1252 κατὰ
2433 1197 2760 1265 πρόσωπον
2790 1195 3039 1265 ἀνέμου.
3079 1197 3193 1249 Οὑκ
3225 1195 3470 1266 ἀκαίρως
3495 1198 3523 1249 ό
3545 1199 3697 1267 Προ-

2118 1291 2314 1360 φήτης,
2343 1286 2542 1358 μᾶλλον
2565 1287 2622 1340 δὲ
2647 1285 2707 1338 τὸ
2736 1287 2792 1338 ὲν
2806 1286 2954 1357 αὑτῴ
2973 1285 3126 1353 ἅγιον
3155 1285 3395 1356 Πνεῦμα,
3428 1286 3702 1342 ἰδιοποιεῖ-

2116 1399 2206 1436 ται
2231 1381 2321 1434 τὸν
2348 1380 2480 1433 Θεὸν
2535 1380 2594 1432 ἑν
2638 1381 2703 1450 τῇ
2740 1377 3077 1452 προκειμένῃ
3125 1378 3334 1449 ἱστορίᾳ
3377 1379 3620 1448 φάσκον,
3662 1385 3697 1435 ό

2121 1472 2266 1537 Θεός
2285 1488 2404 1542 μου
2420 1489 2435 1502 ο
2464 1471 2525 1524 οὑ
2547 1470 2653 1542 γὰρ
2673 1509 2689 1533 ,
2713 1472 2744 1523 ό
2773 1468 2916 1536 Θεὸς
2935 1469 3123 1538 ἡμῶν,
3143 1471 3327 1540 φησὶν,
3353 1470 3469 1524 ἀλλ’
3493 1473 3525 1525 ὁ
3553 1471 3696 1538 Θεός

440 1567 570 1630 sed,
610 1566 752 1620 Deus
793 1580 969 1628 meus;
1001 1565 1161 1634 quasi
1202 1565 1284 1620 vel
1322 1581 1468 1621 unus
1505 1571 1716 1619 tantum
1739 1605 1754 1630 ,
1794 1566 1878 1620 vel
1917 1566 2017 1620 ad—

2115 1579 2253 1630 μου,
2293 1561 2370 1626 ὡς
2414 1561 2480 1616 ἂν
2536 1560 2655 1624 ἑνός
2684 1577 2786 1612 που
2831 1560 2923 1613 καὶ
2958 1561 3184 1613 σπανίου
3212 1560 3698 1633 περιλελειμμένον

439 1659 661 1713 modum
693 1658 852 1728 pauci
885 1668 1132 1727 tempore
1167 1657 1519 1728 Assyriorum
1559 1657 1863 1714 obsidionis
1906 1658 2014 1713 Deo

2118 1653 2260 1707 κατὰ
2293 1653 2385 1706 τὸν
2421 1651 2731 1723 δηλωθέντα
2763 1653 2952 1722 καιρὸν
2978 1651 3079 1722 τῆς
3113 1651 3221 1705 τῶν
3271 1652 3566 1724 Ἀσσυρίων
3597 1671 3700 1706 πο-

437 1750 590 1821 (ιίεηί
629 1750 804 1804 relicti
843 1749 1068 1803 fuerint.
1112 1747 1246 1802 Nam
1286 1765 1412 1803 cum
1453 1751 1688 1821 p0pulus
1725 1750 1904 1806 omnis
1935 1751 2017 1804 la-

2119 1746 2385 1817 λιορκίας,
2431 1743 2581 1809 ἀξίου
2611 1743 2705 1797 τοῦ
2736 1743 2894 1798 Θεοῦ.
2934 1744 3022 1807 Ὡς
3061 1743 3172 1816 γὰρ
3207 1743 3298 1797 τοῦ
3330 1743 3462 1797 λαοῦ
3495 1745 3703 1810 παντὸς

437 1857 572 1914 psus
617 1848 672 1897 et
724 1847 1076 1910 peccatorum
1122 1854 1292 1895 causa
1347 1841 1730 1898 obsidentibus
1778 1843 2013 1898 traditus

2115 1838 2458 1901 ἐκπεσόντος,
2497 1837 2590 1890 καὶ
2607 1835 2696 1890 διά
2724 1835 2822 1901 τὰς
2853 1837 3129 1908 ἁμαρτίας
3156 1840 3272 1900 τοῖς
3315 1837 3705 1909 πολιορκηταῖς

437 1945 617 1999 esset,
658 1949 768 1988 non
803 1933 1165 1988 communiter
1206 1931 1375 1987 Deum
1413 1936 1745 2004 compellat;
1802 1936 1898 1991 sed
1946 1951 2015 1991 ex

2117 1926 2530 1999 παραδοθέντος,
2558 1927 2620 1979 οὑ
2645 1929 2940 1980 κοινοποιεῖ
2958 1926 3057 1998 τὴν
3073 1927 3358 1999 ἐπίκλησιν
3377 1945 3390 1957 ·
3415 1927 3476 1992 ἑξ
3497 1928 3705 1982 οἰκείου

443 2026 667 2095 propria
695 2039 928 2096 persona
945 2023 1031 2078 sic
1056 2022 1224 2078 inlert
1249 2042 1262 2078 :
1284 2023 1427 2078 Deus
1447 2040 1613 2089 meus,
1644 2041 1776 2093 pane
1808 2026 1928 2080 illos
1959 2034 2017 2079 ut

2115 2018 2170 2071 δὲ
2205 2018 2367 2090 μόνου
2394 2015 2686 2089 προσώπου
2713 2017 2907 2086 ἐπάγει
2933 2019 3090 2088 λέγον
3115 2036 3130 2050 ο
3167 2019 3221 2070 '0
3242 2020 3387 2085 Θεός
3411 2037 3553 2088 μου,
3589 2020 3705 2076 θοῦ

436 2127 631 2171 rotam.
669 2116 744 2170 Ea
778 2125 963 2172 autem
993 2124 1128 2170 rotae
1151 2125 1350 2170 natura
1382 2125 1501 2182 est,
1532 2125 1593 2171 ut
1621 2118 1876 2174 volubilis
1908 2117 2014 2185 sit,

437 2224 541 2265 nec
569 2209 764 2265 eodem
793 2209 848 2263 in
883 2209 1007 2263 loco
1041 2209 1334 2262 consistat.
1371 2206 1524 2262 Talis
1552 2223 1681 2264 vero
1708 2217 1822 2263 tota
1867 2209 2019 2264 athe-

434 2317 598 2356 orum
631 2303 740 2356 vita
771 2309 889 2365 est,
923 2315 1044 2370 quae
1073 2307 1285 2356 certum
1315 2299 1381 2354 ad
1427 2307 1644 2370 tempus
1685 2301 1743 2356 in
1782 2301 2018 2356 sublime

439 2402 633 2448 evecta
654 2433 668 2457 ,
700 2392 900 2447 deinde
933 2392 1110 2446 instar
1141 2399 1276 2445 rotae
1303 2392 1359 2445 in
1393 2392 1731 2447 contrarium
1763 2392 2014 2447 vertitur.

438 2485 680 2540 Primum
721 2485 926 2555 itaque,
959 2482 1103 2538 Pone
1133 2484 1254 2538 illos
1281 2495 1343 2538 ut
1373 2495 1544 2538 rotam
1564 2525 1578 2549 ,
1613 2486 1786 2553 inquit
1819 2503 1835 2553 ;
1867 2485 2020 2540 dein—

439 2576 541 2638 de,
581 2572 787 2645 (Vsus.
823 2575 926 2645 15)
973 2575 1114 2628 sicut
1165 2575 1573 2643 stipulam'ante
1612 2575 1803 2645 faciem
1845 2576 2016 2641 venti,

433 2673 529 2731 et,
573 2667 709 2721 sicut
737 2666 872 2736 ignis
902 2667 990 2736 qui
1013 2669 1286 2721 comburet
1328 2667 1532 2737 sylram
1557 2684 1575 2733 ;
1605 2668 1709 2724 sub
1737 2668 1882 2731 haec,
1915 2668 2022 2721 sic-

435 2763 497 2810 ut
551 2756 774 2826 ﬂamma
831 2774 948 2828 quae
988 2757 1256 2812 comburet
1308 2768 1529 2813 montes.
1584 2761 1740 2830 Ipsos
1778 2773 2017 2828 namque

433 2847 731 2904 adversum
807 2848 1021 2919 seipsos
1091 2850 1502 2906 insurrecturos
1535 2891 1550 2915 ,
1610 2865 1676 2906 ac
1728 2851 1834 2906 sibi
1887 2849 2023 2922 ipsis

435 2940 804 2995 admissorum
858 2941 1126 2996 scelerum
1183 2942 1513 3012 supplicium
1576 2942 1828 2997 illaturos
1882 2943 2021 2997 vati-

431 3032 651 3085 cinatur
703 3031 792 3086 bis
849 3031 1076 3086 verbis:
1114 3031 1259 3085 Pone
1307 3030 1456 3085 illos.
1511 3029 1652 3085 Huic
1704 3039 1885 3085 autem
1935 3029 2019 3085 di-

429 3129 548 3182 cto,
579 3121 717 3174 sicut
738 3120 993 3188 stipulam
1017 3129 1138 3174 ante
1163 3121 1353 3189 faciem
1375 3120 1539 3183 venti,
1565 3120 1710 3174 istuc
1736 3119 1863 3174 alibi
1889 3133 2020 3188 pro-

435 3213 606 3266 latum
637 3211 868 3279 adjicias
891 3229 905 3264 :
929 3209 1053 3265 Non
1083 3188 1170 3265 sic?
1183 3212 1353 3279 impii,
1383 3229 1484 3265 non
1507 3212 1614 3273 sic;
1643 3211 1732 3266 sed
1764 3220 2015 3281 tanquam
2041 3188 2084 3247 (ἶ

432 3299 610 3369 pulvis
654 3316 807 3371 quem
852 3301 1068 3369 projicit
1120 3311 1299 3356 ventus
1333 3319 1366 3354 a
1407 3301 1544 3370 [acie
1592 3311 1744 3355 terra:
1769 3302 1813 3334 ¹⁶
1843 3301 2017 3357 :lllud

433 3397 644 3454 autem,
695 3389 832 3443 sicut
871 3390 1009 3459 ignis
1061 3390 1151 3460 qui
1198 3391 1466 3444 comburct
1515 3391 1741 3461 syluam,
1776 3393 2018 3450 declarat

437 3477 591 3549 ipsos
617 3480 820 3551 ignem,
853 3481 1184 3551 eosdemque
1211 3483 1420 3554 sylvam
1465 3497 1621 3548 esse;
1650 3483 1724 3537 ita
1752 3491 1811 3536 ut
1842 3483 1947 3554 ipsi
1985 3499 2016 3539 a

437 3570 639 3640 seipsis
663 3571 1024 3628 comburendi
1067 3573 1195 3636 sint,
1229 3571 1536 3628 secundum
1590 3573 1747 3639 illud,
1781 3573 2017 3629 lncedite

437 3661 509 3716 ad
533 3662 699 3717 lucem
715 3664 850 3733 ignis
868 3665 1046 3728 uestri,
1063 3673 1114 3718 et
1147 3664 1216 3718 ad
1237 3666 1513 3734 ﬂammam
1537 3683 1697 3735 quam
1718 3668 2017 3720 succendis-

439 3753 509 3806 tis
538 3754 602 3808 ‘7.
636 3751 772 3808 lllud
805 3770 954 3822 vero,
987 3754 1178 3826 (Vens.
1215 3756 1305 3829 l6)
1342 3759 1475 3812 sicut
1501 3759 1722 3828 ﬂamma
1738 3775 1855 3828 qua:
1871 3775 2018 3813 eom-

437 3848 588 3903 buret
620 3859 844 3916 montes,
880 3853 1138 3923 nequitiae
1159 3871 1349 3911 eorum
1381 3858 1809 3928 magnitudinem
1839 3857 2013 3925 ellert,

438 3955 504 3994 ac
527 3941 815 3998 denuntiat
844 3945 1121 4014 quomodo
1149 3943 1370 4000 ﬂamma
1417 3946 1687 4017 ipsorum,
1719 3949 2013 4004 elationem

437 4039 493 4086 et
546 4035 860 4106 superbiam
919 4051 1134 4102 eorum,
1196 4038 1468 4094 montium
1519 4040 1696 4095 instar
1751 4048 2012 4106 erectam,

435 4128 797 4184 combustum
826 4131 918 4184 sit.
951 4128 1323 4202 Subsequitur
1355 4131 1556 4188 deinde
1579 4152 1596 4187 :
1633 4163 1705 4176 —-
1729 4134 1893 4189 Vnus.
1921 4133 2011 4187 17.

2109 2111 2336 2176 αὐτοὺς
2373 2110 2456 2176 ὡς
2498 2110 2736 2179 τροχόν.
2785 2109 2994 2182 Τροχοῦ
3023 2111 3082 2164 δὲ
3119 2111 3282 2180 φύσις
3316 2111 3557 2183 στρεπτὴ
3603 2112 3705 2166 καὶ

2111 2202 2208 2271 οὑχ
2240 2201 2452 2254 ἑστῶσα
2485 2203 2544 2255 ἑν
2569 2201 2773 2273 ταύτῷ.
2796 2202 3051 2266 Τοιοῦτος
3092 2203 3150 2256 δὲ
3189 2205 3299 2266 πᾶς
3333 2205 3361 2256 ό
3390 2203 3496 2256 τῶν
3520 2203 3705 2258 ἀθέων

2117 2297 2252 2369 βίος,
2279 2297 2457 2368 καιρῷ
2490 2299 2589 2368 μὲν
2611 2300 2692 2362 είς
2724 2298 2858 2368 ὕψος
2885 2299 3267 2372 ἐπαιρόμενος,
3297 2297 3417 2354 εἶτα
3458 2301 3703 2374 στροφὴν

2116 2389 2438 2458 ποιούμενος
2463 2388 2563 2460 τὴν
2591 2391 2685 2443 ἐπὶ
2719 2391 3050 2456 τούναντίον,
3072 2391 3251 2463 τροχῷ
3280 2391 3699 2463 παραπλησίως.

2114 2479 2342 2552 Πρῶτον
2363 2481 2566 2544 τοίνυν,
2591 2479 2714 2535 Θοῦ
2741 2482 2962 2548 αὐτοὺς
2975 2483 3056 2548 ὡς
3077 2481 3315 2551 τροχὸν,
3339 2483 3503 2552 φησίν
3521 2498 3534 2512 ο
3559 2477 3701 2544 εἶτα,

2112 2571 2194 2638 ὡς
2227 2571 2510 2641 καλάμην
2547 2573 2698 2626 κατὰ
2735 2572 3060 2640 πρόσωπον
3082 2573 3307 2641 ἀνέμου
3326 2589 3342 2603 ο
3373 2573 3470 2626 καὶ
3493 2611 3509 2637 ,
3557 2574 3700 2626 ὡσεὶ

2116 2663 2258 2732 πῦρ,
2302 2664 2336 2718 ὃ
2356 2663 2662 2734 διαφλέξει
2684 2663 2913 2733 δρυμόν
2933 2682 2946 2695 ·
3007 2665 3104 2719 καὶ
3158 2654 3253 2719 ἐπὶ
3295 2665 3528 2731 τούτοις,
3557 2667 3702 2718 ὡσεὶ

2116 2756 2298 2827 φλὸξ,
2331 2756 2372 2825 ἢ
2414 2759 2782 2812 κατακαύσει
2798 2756 2928 2827 ὄρη.
2963 2759 3171 2822 Αὐτοὺς
3205 2757 3317 2829 γάρ
3362 2760 3487 2812 κατ’
3525 2758 3700 2812 αὑτῶν

2114 2851 2504 2918 ὲπαναστῆναι,
2536 2850 2632 2905 καὶ
2656 2850 2722 2903 δι’
2750 2850 2963 2903 ἑαυτῶν
2989 2850 3088 2914 τὰς
3121 2849 3392 2921 τιμωρίας
3420 2845 3497 2903 ὧν
3529 2850 3684 2903 τετολ

2122 2943 2359 3015 μήκασιν
2387 2943 2643 3013 ὑποσχεῖν
2669 2941 2757 2995 διὰ
2802 2941 3009 2996 τούτων
3050 2938 3296 3005 θεσπίζει
3344 2938 3520 2994 εἰπών
3545 2959 3559 2972 ’
3585 2941 3698 2997 Gai

2115 3034 2360 3099 αὐτούς.
2375 3032 2725 3104 Παραθήσεις
2745 3032 2804 3085 δὲ
2826 3031 2924 3103 τῷ,
2947 3032 3028 3099 ὠς
3054 3030 3334 3102 καλάμην
3349 3031 3502 3087 κατὰ
3525 3033 3686 3102 πρόσ

2121 3140 2284 3179 ωπον
2323 3123 2570 3194 ἀνέμου,
2602 3127 2664 3179 τὸ
2707 3126 2765 3178 ἑν
2789 3124 3006 3195 ἑτέροις
3055 3123 3398 3194 λελεγμένον
3435 3127 3556 3194 Οὐχ
3595 3125 3696 3178 οῦ-

2114 3235 2227 3285 τως
2280 3221 2337 3272 οὶ
2383 3217 2640 3283 ἀσεϐεῖς,
2684 3219 2798 3286 οὐχ
2850 3216 3058 3281 οὕτως’
3099 3216 3236 3269 ἀλλ’
3275 3217 3357 3282 ώς
3392 3215 3598 3284 χνοῦς,
3626 3215 3690 3268 ὃν

2115 3312 2376 3380 ἐκρίπτει
2398 3315 2432 3366 ὀ
2463 3312 2683 3381 ἄνεμος
2714 3309 2831 3365 ἀπὸ
2867 3309 3194 3377 προσώπου
3227 3309 3340 3378 τῆς
3359 3309 3488 3379 γῆς.
3521 3309 3593 3362 Τὸ
3615 3311 3694 3374 δὲ,

2113 3404 2255 3458 ὡσεί
2285 3403 2426 3472 πῦρ,
2454 3402 2486 3457 ὃ
2510 3401 2818 3472 διαρλέξει
2845 3401 3093 3471 δρυμὸν,
3134 3403 3458 3474 παρίστησιν
3501 3403 3699 3466 αὑτοῦ,

2116 3490 2337 3547 εἶναιτὸ
2359 3493 2489 3564 πῦρ,
2521 3492 2618 3546 καὶ
2645 3492 2842 3556 αὐτοὺς
2868 3487 3007 3545 εἶναι
3041 3491 3130 3546 τὸν
3161 3492 3398 3563 δρυμόνο
3435 3491 3574 3545 ὥστε
3604 3493 3689 3545 αὑ

2114 3589 2240 3651 τοὺς
2272 3589 2360 3656 ὑφ’
2400 3584 2615 3640 ἑαυτῶν
2648 3583 3048 3657 φλεχθήσεσθαι
3094 3584 3235 3638 κατὰ
3272 3584 3335 3637 τδ
3377 3585 3587 3653 φάσκον
3609 3584 3672 3637 λό

2114 3697 2264 3750 γιον·
2293 3679 2626 3746 Πορεύεσθε
2645 3675 2727 3742 τῷ
2758 3676 2907 3747 φωτὶ
2928 3676 3036 3731 τοῦ
3056 3678 3246 3746 πυριλς
3275 3675 3466 3746 ὑμῶν,
3496 3678 3592 3731 καὶ
3625 3675 3702 3746 τῇ

2113 3767 2290 3837 φλογὶ
2304 3762 2345 3839 ᾗ
2358 3769 2740 3842 ἐξεκαύσατε.
2765 3768 2840 3820 Τὸ
2857 3767 2933 3833 δὲ,
2951 3767 3091 3820 ὡσεί
3103 3767 3262 3836 φλὸξ
3277 3766 3315 3835 ἦ
3334 3770 3699 3822 κατακαύσει

2117 3860 2246 3927 ὅρη,
2274 3859 2512 3912 δείκνυσι
2542 3862 2642 3930 τῆς
2663 3857 2845 3912 αὑτῶν
2891 3859 3087 3921 κακίας
3117 3856 3178 3910 τὸ
3215 3857 3463 3928 μέγεθος,
3499 3857 3596 3912 καὶ
3624 3857 3700 3920 ὡς,

2115 3955 2148 4024 ἡ
2182 3953 2358 4006 αὐτῶν
2388 3951 2518 4022 φλὸξ
2539 3952 2610 4006 τά
2637 3953 2936 4023 ἐπάρματα
2963 3951 3144 4005 αὐτῶν
3177 3951 3271 4005 καὶ
3297 3951 3367 4004 τά
3401 3950 3699 4023 ὑψώματα,

2113 4045 2302 4118 ὥσπερ
2328 4047 2451 4102 τινά
2493 4046 2616 4117 ὅρη,
2656 4045 3020 4099 κατακαύσει.
3060 4043 3330 4113 Ἐπιλέγει
3362 4044 3419 4098 δὲ
3455 4044 3699 4108 τούτοιςο

2118 4133 2281 4186 Οὕτω
2317 4131 2696 4199 καταδιώξεις
2728 4133 2969 4199 αὐτούς.
3015 4133 3127 4188 Καὶ
3169 4135 3229 4187 ὲν
3253 4134 3462 4207 ἑτέροις
3503 4135 3560 4188 δὲ
3608 4134 3699 4187 λέ-

437 4215 528 4272 Ita
550 4221 882 4289 persequeris
911 4219 1071 4276 tl’los:
1105 4222 1232 4276 alibi
1256 4237 1475 4292 quoque
1495 4222 1702 4278 dictum
1731 4233 1838 4288 est,
1869 4223 2014 4294 Ignis

2115 4223 2300 4277 λεκται
2323 4241 2336 4254 ·
2365 4224 2493 4292 Πῦρ
2525 4224 2625 4280 καί
2661 4224 2823 4278 θεῖον
2855 4224 2950 4278 καί
2987 4225 3226 4294 πνεῦμα
3266 4226 3629 4296 καταιγίδος,
3656 4227 3699 4294 ή

431 4319 488 4370 et
517 4311 738 4381 sulphur
761 4321 816 4367 et
858 4313 1080 4382 spiritus
1111 4313 1468 4383 procellan
1520 4330 1646 4384 pars
1700 4316 1889 4368 calicis
1935 4332 2017 4370 eo-

2115 4317 2278 4385 μερὶς
2306 4315 2413 4370 τοῦ
2440 4316 2726 4384 ποτηρίου
2766 4313 2983 4370 αὐτῶν.
3024 4315 3260 4383 Ἐδίδαξε
3287 4315 3348 4369 δὲ
3373 4316 3462 4370 διά
3489 4317 3698 4371 τούτων

436 4418 560 4456 sum
595 4402 660 4457 η.
709 4400 808 4457 His
844 4417 1011 4473 porro
1061 4404 1394 4470 declaratur,
1427 4405 1718 4475 procellam
1769 4405 2016 4475 iramque

2115 4410 2142 4460 ὁ
2169 4408 2343 4476 λόγος,
2372 4408 2453 4460 ὅτι
2487 4409 2520 4478 ἡ
2557 4409 2811 4477 καταιγὶς
2830 4409 2924 4462 καὶ
2953 4409 3140 4481 ήόργὴ
3161 4408 3254 4462 τοῦ
3284 4407 3420 4462 Θεοῦ
3454 4409 3515 4462 οὑ
3548 4408 3696 4482 πάθη

438 4489 537 4546 Dei
567 4506 679 4545 non
711 4491 878 4545 animi
916 4499 1126 4546 motum
1155 4493 1212 4547 in
1235 4493 1348 4547 Deo
1379 4508 1538 4560 esse;
1567 4494 1662 4548 sed
1684 4494 1808 4563 ejus
1832 4498 2014 4564 provi~

2115 4501 2368 4572 τυγχάνει
2403 4498 2498 4553 τοῦ
2533 4501 2689 4564 Θεοῦ,
2731 4501 2846 4555 ἀλλ’
2879 4502 2912 4571 ὴ
2942 4501 3120 4556 τοιάδε
3157 4519 3243 4564 τις
3276 4500 3594 4573 ἐπίσκηψις,
3627 4501 3696 4554 δι’

437 4583 704 4647 dentiam,
729 4597 838 4654 qua
858 4590 1037 4649 curat,
1064 4598 1160 4640 eos
1193 4594 1385 4639 contra
1417 4585 1632 4656 seipsos
1667 4586 2014 4657 insurgentes

2115 4587 2180 4662 ἧς
2210 4592 2408 4655 αὐτοὺς
2445 4590 2566 4644 καθ’
2610 4591 2820 4645 ἑαυτῶν
2847 4593 3260 4657 ἑπαναστάντας
3289 4591 3350 4658 ἑξ
3371 4593 3580 4647 ἑαυτῶν
3603 4593 3695 4646 λα-

440 4674 548 4728 sibi
569 4673 880 4730 facinorum
914 4688 1106 4745 paenae
1134 4673 1402 4746 inﬂigere.
1437 4675 1564 4731 Haec
1589 4678 1774 4731 omnia
1808 4679 2016 4733 accide-

441 4779 503 4820 re
524 4773 797 4834 precatur,
832 4767 949 4821 sive
976 4765 1163 4836 potius
1193 4767 1524 4836 pmnuutiat
1557 4769 1818 4825 adversus
1838 4770 2016 4824 inimi-

440 4871 541 4911 eos
567 4856 660 4912 Dei
702 4867 1003 4927 eventura;
1048 4865 1110 4914 ut
1156 4861 1242 4915 vel
1295 4861 1423 4914 hinc
1476 4862 1669 4917 saltem
1718 4861 2014 4932 aliquando

443 4949 718 5018 iuventur.
749 4949 1030 5020 Siquidem
1052 4966 1266 5006 summa
1288 4960 1374 5007 est
1397 4953 1624 5020 utilitas,
1639 4967 1804 5008 nosse
1819 4951 2012 5016 Deum,

441 5046 500 5094 et
521 5037 588 5093 ad
620 5039 1030 5110 inquisitionem
1050 5041 1294 5098 nominis
1317 5042 1438 5112 ejus
1468 5043 1676 5108 venire,
1702 5042 1846 5112 quod
1879 5043 2014 5111 ipsis

443 5145 797 5186 accessurum
841 5147 964 5188 esse
1011 5141 1138 5203 post
1164 5134 1426 5204 praedicta
1454 5134 1616 5189 docet
1667 5133 1757 5188 his
1787 5133 2012 5190 verbis:

443 5222 683 5280 -—-Vens.
717 5224 804 5290 l8,
840 5224 928 5280 l9.
970 5224 1041 5279 Et
1065 5237 1300 5296 quierant
1339 5243 1526 5281 nonum
1559 5235 1704 5280 tuum
1725 5265 1740 5290 ,
1771 5225 2013 5282 Domine.

446 5307 772 5364 Erubescant
823 5319 872 5365 et
912 5312 1286 5366 conturbentur
1313 5313 1370 5366 in
1423 5312 1678 5367 swculum
1723 5312 1928 5378 saeculi,
1965 5320 2016 5365 et

445 5400 840 5468 confundantur
866 5410 917 5457 et
957 5414 1191 5471 pereant.
1229 5403 1298 5458 Et
1327 5414 1644 5473 cognoscant
1676 5405 1800 5473 quia
1828 5420 2014 5458 nomen

446 5488 540 5541 tibi
570 5490 826 5545 Dominus
855 5509 874 5546 :
911 5501 969 5545 tu
1011 5494 1156 5548 solus
1209 5494 1519 5548 Altissimus
1569 5493 1627 5547 in
1656 5495 1798 5547 omni
1849 5502 2010 5548 terra.

447 5574 793 5636 lnimicorum
820 5581 914 5636 Dei
949 5591 1179 5638 mortem
1201 5583 1412 5639 duobus
1440 5583 1678 5639 futuram
1709 5583 1888 5639 modis
1916 5598 2013 5640 va-

448 5669 737 5726 ticinatur:
767 5673 874 5730 alio
900 5673 1121 5744 quidem
1156 5689 1265 5746 quo
1292 5675 1402 5730 illis
1439 5690 1592 5747 spem
1620 5675 1820 5730 bonam
1845 5675 2016 5732 ascri-

521 5824 570 5857 “
605 5822 753 5880 Psal.
793 5842 844 5890 ι,
876 5826 930 5880 4.
1010 5827 1051 5860 ³⁷
1094 5827 1197 5886 lsa.
1232 5845 1359 5890 ut.
1397 5831 1484 5887 il.
1563 5831 1604 5865 ¹⁸
1645 5829 1788 5886 Psal.
1827 5847 1895 5892 χ,
1927 5832 1982 5889 7.

2113 4682 2229 4735 δεῖν
2257 4675 2332 4735 ὧν
2358 4682 2588 4753 ἔδρασαν
2635 4681 2731 4754 τὴν
2777 4683 3049 4755 τιμωρίαν
3083 4683 3381 4738 συνέϐαινε.
3423 4684 3609 4737 Ταῦτα
3637 4682 3694 4736 δὲ

2115 4771 2291 4825 πάντα
2346 4771 2596 4834 ἱκετεύει,
2635 4770 2668 4840 ἢ
2719 4772 2814 4825 καὶ
2874 4772 3071 4842 μᾶλλον
3125 4772 3371 4837 θεσπίζει
3402 4773 3547 4826 κατὰ
3587 4773 3693 4825 τῶν

2115 4859 2326 4930 ἐχθρῶν
2357 4858 2451 4912 τοῦ
2479 4859 2614 4913 Θεοῦ
2649 4859 2870 4914 ἔσεσθαι
2892 4879 2908 4894 ο
2944 4863 3033 4917 ἵνα
3065 4862 3170 4917 κᾶν
3201 4862 3344 4915 οὕτω
3376 4865 3508 4916 ποτὲ
3547 4863 3691 4933 ὠφεο

2115 4950 2344 5021 ληθεῖεν.
2373 4951 2435 5003 El
2465 4949 2529 5022 δὴ
2555 4951 2792 5020 ὠφέλεια
2835 4953 3064 5026 μεγίστη
3101 4955 3360 5025 τυγχάνει
3403 4954 3464 5008 τὸ
3491 4957 3690 5021 γνῶναι

2113 5039 2205 5092 τὸν
2236 5039 2388 5104 Θεὸν,
2415 5041 2506 5093 καὶ
2534 5041 2628 5093 ἑπὶ
2647 5042 2874 5114 ζήτησιν
2895 5043 2989 5097 τοῦ
3013 5045 3275 5116 ὀνόματος
3307 5045 3470 5099 αὐτοῦ
3499 5047 3690 5113 ἐλθεῖν,

2113 5131 2250 5201 ὅπερ
2279 5129 2494 5184 ἔσεσθαι
2548 5133 2676 5204 περὶ
2706 5133 2886 5188 αὐτῶν
2912 5136 3053 5206 μετὰ
3099 5137 3168 5191 τά
3213 5137 3582 5208 προλεχθέντα
3618 5141 3688 5194 διο

2115 5221 2302 5275 δάσκει
2322 5222 2526 5292 λέγων·
2565 5227 2674 5280 Καὶ
2720 5226 3046 5294 ζητήσουσι
3087 5229 3155 5284 τὸ
3188 5229 3376 5300 ὄνομὰ
3419 5247 3558 5297 σου,
3589 5231 3690 5285 Κύ-

2107 5330 2221 5380 ριε.
2266 5314 2778 5384 Αὶσχυνθήτωσαν
2821 5319 2922 5372 καὶ
2957 5319 3430 5388 ταραχθήτωσαν
3469 5325 3558 5388 είς
3589 5320 3688 5374 τὸν

2117 5404 2301 5460 αἰῶνα
2354 5405 2464 5461 τοῦ
2510 5407 2744 5476 αἰῶνος,
2794 5411 2894 5464 καὶ
2919 5412 3387 5480 ἐντραπήτωσαν
3422 5415 3520 5468 καί
3555 5415 3683 5468 ἀπο

2118 5498 2456 5555 λέσθωσαν.
2486 5503 2598 5556 Kal
2623 5502 2965 5571 γνώτωσαν,
2997 5505 3086 5558 ὅτι
3105 5505 3292 5575 ὄνομά
3320 5522 3420 5560 σοι
3447 5508 3688 5575 Κύριοςο

2119 5589 2201 5642 σὺ
2219 5590 2407 5658 μόνος
2432 5591 2692 5660 ὕψιστος
2731 5594 2830 5647 ἐπὶ
2859 5594 3067 5651 πᾶσαν
3107 5596 3222 5666 τὴν
3256 5597 3393 5667 γῆν.
3439 5597 3556 5668 Τῆς
3583 5597 3690 5650 τῶν

2122 5678 2330 5750 ἐχθρῶν
2388 5680 2481 5735 τοῦ
2526 5679 2662 5736 Θεοῦ
2708 5683 2962 5755 τελευτῆς
3014 5684 3108 5738 δύο
3173 5687 3410 5757 τρόπους
3471 5682 3686 5740 ἔσεσθαι
