4066 6374
400 411 535 468 1001

1535 387 2041 458 COMMENTARIA
2081 387 2146 448 IN
2189 390 2530 448 PSALMOS.

3509 376 3651 438 I00!

401 522 678 588 θεσπίζει·
739 523 833 576 ἕνα
871 521 969 593 μὲν
1005 517 1128 572 καθ’
1151 517 1209 570 ὃν
1249 516 1490 590 χρηστὰς
1547 516 1732 577 αὐτοῖς
1763 513 1982 572 ἐλπίδας

2092 503 2201 570 bit;
2233 502 2503 574 siquidem
2553 501 2693 556 bona
2729 511 2816 556 res
2838 507 2921 554 est
2954 513 3076 553 cum
3114 495 3208 550 Dei
3238 491 3498 565 cognitio,
3539 503 3656 544 tum

401 617 725 688 ὲπιγράφει’
764 616 811 666 εἰ
862 613 925 685 δὴ
973 613 1174 683 ἀγαθὸν
1206 615 1238 683 ἡ
1264 611 1464 680 γνῶσις
1496 608 1590 661 τοῦ
1620 607 1776 669 Θεοῦ,
1824 605 1920 659 καὶ⁵
1948 606 1982 675 ἡ

401 707 496 761 τοῦ
520 707 780 777 ὀνόματος
811 703 978 759 αὑτοῦ
1015 703 1338 776 κατάληψις,
1381 703 1474 755 καὶ
1520 701 1581 754 τὺ
1628 697 1982 766 παιδευθῆναι

403 798 529 861 τοὺς
563 796 828 868 πρότερον
849 796 926 867 μὴ
951 796 1156 858 εἰδότας
1179 794 1270 847 τὸν
1298 791 1451 856 Θεὸν,
1484 788 1560 853 ὡς
1585 791 1692 860 ἄρα
1718 778 1878 850 αὐτὸς
1896 785 1984 856 εἴη

407 891 566 962 μόνος
609 888 829 957 ὕψιστος
863 889 957 941 ἐπὶ
1006 889 1182 941 πᾶσαν
1209 887 1306 958 τὴν
1327 886 1428 956 γῆν
1448 902 1464 916 ο
1508 883 1634 946 τοὺς
1675 881 1785 952 γάρ
1815 878 1986 932 ταῦτα

403 979 828 1051 ὁμολογοῦντας,
864 977 1034 1050 λήθην
1071 979 1167 1049 μὲν
1207 975 1537 1046 πεποιῆσθαι
1568 974 1666 1043 τῆς
1713 971 1986 1042 προτέρας

404 1074 613 1128 ἑαυτῶν
664 1073 926 1126 πολυθέου
976 1072 1202 1143 πλάνης,
1262 1065 1408 1133 εἰκὸς
1465 1066 1762 1122 ἀποθέσθαι
1795 1082 1855 1117 τε
1888 1062 1986 1134 τὴν

408 1167 643 1238 ματαίαν
675 1169 770 1220 καὶ
818 1166 1103 1236 ἀπατηλὴν
1143 1166 1272 1236 περὶ
1322 1162 1460 1216 θεῶν
1490 1158 1868 1230 ψευδολογίαν⁸
1895 1156 1988 1209 τὸν

404 1259 461 1312 δὲ
493 1259 678 1331 ἕτερον
703 1259 925 1330 τρόπον,
956 1259 1077 1312 καθ’
1110 1259 1168 1312 ὃν
1210 1255 1471 1326 αἰσχύνην
1504 1254 1596 1307 καὶ
1620 1251 1866 1324 ταραχὴν
1894 1249 1988 1304 καὶ

406 1351 694 1420 ἐντροπὴν,
750 1352 843 1404 καὶ
891 1351 985 1403 ἐπὶ
1026 1348 1394 1416 πᾶσι-τούτοις
1433 1345 1710 1400 ἀπώλειαν
1753 1359 1990 1415 προαγο-

409 1438 556 1508 ρεύει
590 1440 700 1500 τοῖς
729 1438 930 1490 τούτων
972 1437 1160 1502 ἀξίοις.
1191 1439 1314 1500 Τοῖς
1355 1437 1451 1507 μὲν
1474 1436 1583 1507 γὰρ
1618 1436 1684 1488 ὲκ
1718 1435 1815 1505 τῆς
1841 1432 1991 1495 Θείας

407 1530 740 1600 ἐπιστροφῆς
764 1530 1187 1600 μεταϐάλλουσιν
1218 1531 1312 1582 ἐπὶ
1359 1529 1417 1581 τὸ
1447 1531 1690 1598 κρεῖττον
1710 1526 1810 1598 τὴν
1841 1524 1991 1578 Θείαν

407 1620 606 1688 γνῶσιν
643 1620 978 1692 παρέσεσθαι
1005 1620 1277 1674 διδάσκει·
1313 1622 1424 1684 τοῖς
1456 1620 1512 1673 δὲ
1549 1622 1615 1690 τῇ
1655 1617 1865 1671 ἑαυτῶν
1898 1617 1992 1683 ὲγ-

409 1712 766 1783 καταγηρῶσι
821 1713 990 1786 κακίᾳ
1035 1707 1126 1767 τὸν
1183 1713 1400 1784 ὄλεθρον
1444 1712 1537 1766 καὶ
1578 1713 1677 1783 τὴν
1717 1709 1992 1766 ἀπώλειαν

408 1805 645 1858 ἀπειλεῖ.
676 1807 767 1860 Διὸ
794 1809 922 1878 περὶ
968 1807 1068 1878 μὲν
1117 1805 1225 1859 τῶν
1273 1806 1529 1877 χειρόνων
1568 1805 1850 1858 λέλεκταιο
1901 1804 1995 1857 Αι-

2085 597 2320 652 nominis
2351 595 2472 664 ejus
2515 593 2965 665 comprehensio;
2994 589 3292 658 itidemque
3337 585 3542 640 bonum
3575 590 3661 637 est

2085 704 2201 752 eos,
2227 688 2318 758 qui
2345 689 2496 757 prius
2521 684 2690 740 Deum
2723 698 2831 738 non
2857 686 3077 745 norant,
3101 676 3319 732 edoceri
3357 676 3536 745 ipsum
3570 686 3664 726 so-

2086 783 2200 836 lum
2237 795 2359 835 esse
2401 779 2727 834 altissimum
2781 789 2947 846 super
2999 786 3214 828 omnem
3263 777 3504 834 terram;
3566 779 3663 819 eos

2087 873 2309 942 quippe,
2349 868 2443 940 qui
2501 867 2629 921 talia
2687 866 3033 936 profitentur,
3065 858 3366 918 verisimile
3419 863 3504 912 est
3548 855 3663 924 jam

2088 961 2470 1030 multiplicium
2506 959 2732 1014 deorum
2773 971 3016 1013 errorem
3047 951 3308 1009 oblivioni
3348 949 3663 1011 mandasse,

2090 1070 2154 1110 ac
2181 1069 2376 1108 vanam
2401 1051 2761 1120 fallacemque
2789 1048 3056 1105 falsorum
3086 1045 3316 1100 deorum
3356 1039 3667 1096 doctrinam

2092 1148 2400 1217 abiecisse:
2433 1146 2543 1199 alio
2581 1143 2710 1198 item
2763 1141 2946 1206 modo,
2983 1137 3374 1210 turpitudinem
3396 1174 3410 1198 ,
3441 1141 3668 1204 pertur-

2089 1239 2389 1300 bationem,
2425 1245 2480 1292 et
2523 1234 2926 1299 confusionem,
2971 1247 3035 1286 ac
3080 1239 3277 1302 prreter
3311 1229 3430 1283 haec
3484 1224 3670 1280 omnia

2091 1328 2388 1397 perniciem
2411 1325 2657 1397 praedicit
2679 1325 2747 1379 iis
2767 1323 2860 1393 qui
2883 1337 3073 1377 eorum
3104 1320 3252 1391 digni
3281 1324 3430 1374 sunt.
3453 1313 3668 1370 Etenim

2094 1421 2162 1476 iis
2195 1421 2287 1490 qui
2321 1437 2387 1476 ex
2435 1419 2696 1474 divinitus
2731 1416 2978 1470 immissa
3028 1413 3392 1468 conversione
3437 1423 3560 1464 sese
3600 1404 3670 1459 ad

2094 1513 2377 1568 meliorem
2420 1511 2632 1582 frugem
2675 1508 3016 1578 receperint,
3053 1507 3294 1562 divinam
3349 1501 3540 1557 adfore
3577 1515 3674 1555 co-

2094 1605 2392 1677 gnitionem
2447 1601 2764 1668 denuntiat;
2795 1601 2864 1654 iis
2891 1614 3022 1653 vero
3064 1600 3159 1668 qui
3195 1597 3251 1651 in
3296 1594 3541 1666 nequitia
3571 1608 3672 1649 sua

2095 1694 2506 1758 consenuerint,
2547 1692 2774 1748 exitium
2824 1705 2888 1745 ac
2918 1690 3216 1760 perniciem
3264 1685 3669 1742 interminatur.

2091 1769 2464 1853 Quamobrem
2501 1784 2568 1840 de
2607 1783 2889 1854 pejoribus
2937 1781 3156 1852 quidem
3197 1779 3306 1834 illis
3332 1778 3539 1833 dictum
3565 1787 3671 1839 est,

408 1861 987 1965 σχυνθήτωσανικαί
1027 1861 1497 1967 ταραχθῆτῶοίαν
1535 1898 1624 1961 εἰς
1658 1896 1765 1950 τὸν
1806 1892 1990 1947 αἰῶνα

2097 1877 2422 1933 Erubescant
2473 1887 2523 1931 et
2578 1877 2954 1930 conturbantur
3003 1875 3058 1927 in
3085 1872 3338 1928 swculum
3386 1871 3591 1935 saeculi,
3621 1880 3673 1924 et

409 1988 518 2042 τοῦ
550 1989 786 2057 αἰῶνος,
812 1992 911 2045 καὶ
928 1990 1398 2058 ἐντραπήτωσαν
1414 1988 1990 2043 καὶάπολέσθωσαν·

411 2080 547 2151 Περὶ
569 2081 626 2134 δὲ
656 2081 765 2135 τῶν
818 2084 912 2136 ἐπὶ
941 2079 1003 2134 τὸ
1037 2083 1283 2153 κρεῖττον
1322 2077 1882 2152 μεταϐληθησομένων
1911 2071 1990 2156 τὸ,

409 2172 519 2230 Καὶ
542 2171 885 2242 γνώτωσαν,
903 2172 992 2226 ὅτι
1011 2173 1078 2224 τὸ
1101 2171 1290 2240 ὄνομά
1316 2185 1415 2224 σοι
1432 2171 1668 2238 Κύριος,
1697 2167 1778 2221 σὺ
1803 2169 1994 2237 μόνος

406 2265 668 2332 ὕψιστος
705 2265 803 2317 ἐπὶ
851 2263 1058 2318 πᾶσαν
1083 2267 1198 2331 τὴν
1219 2261 1356 2332 γῆν.
1389 2261 1617 2314 Δύναται
1649 2259 1704 2312 δὲ
1745 2256 1995 2327 καὶιπερὶ

408 2358 516 2410 τῶν
543 2359 723 2411 αὐτῶν
751 2357 820 2411 τὰ
868 2358 1046 2410 πάντα
1092 2357 1363 2426 λέγεσθαι,
1409 2356 1483 2419 ὡς
1507 2355 1613 2408 τῶν
1659 2352 1869 2425 ἐχθρῶν
1897 2342 1993 2405 τοῦ

408 2450 565 2512 Θεοῦ,
598 2449 719 2504 καθ’
750 2446 808 2503 ὃν
835 2449 1113 2502 πείσονται
1142 2448 1331 2518 καιρὸν
1356 2447 1424 2501 τὰ
1462 2444 1990 2518 προκαταλεχθέντα,

408 2541 904 2612 ὲντραπησομένων
935 2541 1030 2604 καὶ
1055 2540 1587 2611 αἰσχυνθησομένων,
1623 2539 1715 2591 καὶ
1748 2533 1996 2607 ἀπωλείᾳ

408 2631 964 2702 παραδοθησομένων,
997 2631 1090 2684 καί
1121 2630 1244 2684 τότε
1270 2630 1407 2700 αὐτῇ
1439 2629 1604 2701 πείρᾳ
1634 2626 1994 2699 γνωσομένων

409 2723 503 2776 καὶ
556 2721 999 2793 ὁμολογησάντων
1049 2723 1147 2775 ἕνα
1201 2717 1338 2775 εῖναι
1374 2722 1463 2774 καὶ
1509 2719 1666 2792 μόνον
1724 2721 1857 2773 Θεὸν
1899 2717 1994 2772 τὸν

410 2810 634 2882 ὕψιστον
687 2811 783 2866 καὶ
839 2813 932 2866 ἐπὶ
980 2814 1158 2866 πᾶσαν
1212 2813 1310 2884 τὴν
1359 2811 1484 2882 γῆν,
1533 2809 1624 2866 τὸν
1679 2813 1772 2866 καὶ
1807 2811 1994 2882 δικαίᾳ

409 2904 588 2972 κρίσει
618 2903 946 2974 μετελθόντα
972 2905 1169 2968 αὐτοὺς
1209 2905 1315 2957 τῶν
1360 2904 1777 2976 τετολμημένων
1811 2904 1995 2967 αὐτοῖς

405 2994 589 3066 χάριν.

407 3162 516 3225 ΕΙΣ
540 3173 627 3225 ΤΟ
669 3170 1150 3265 ΤΕΛρξιλῇζΠῙΞΙῖΔ
1177 3171 1603 3265 ΤΞῙΗὍΛΗΪῌΓῼΝ,
1633 3169 1786 3224 ΤΟΙΣ
1812 3171 1994 3224 ΥΙΟΙΣ
2021 3203 2068 3265 C

825 3243 1029 3307 KOPE,
1062 3241 1371 3295 ΨΛΛΜΟΣ.
1420 3241 1540 3296 III".

486 3374 582 3441 Ὠς
603 3375 878 3444 ἀγαπητὰ
897 3373 970 3429 τὰ
996 3369 1356 3443 σκηνώματά
1380 3389 1517 3437 σου,
1540 3373 1717 3441 Κύριε
1752 3372 1869 3427 τῶν
1892 3371 1988 3427 δυ-

404 3465 657 3535 νάμεων.
674 3464 1096 3519 Διαλελοιπότων
1117 3465 1222 3517 τῶν
1250 3460 1988 3533 ἐπιγε·ίραμμένων“ψαλμ(ἶ›ν

404 3559 500 3612 τοῦ
541 3558 736 3627 Ἀσάφ,
764 3553 839 3613 ὧν
862 3559 1079 3630 πρῶτος
1110 3559 1208 3629 μὲν
1234 3560 1262 3612 ὁ
1296 3557 1394 3624 οϐ’,
1426 3557 1732 3620 τελευταῖος
1753 3560 1780 3608 ὁ
1815 3556 1860 3626 β’
1894 3555 1988 3609 καὶ

406 3653 484 3710 π’,
515 3647 706 3700 ἕπεται
727 3649 755 3700 ὁ
784 3647 974 3720 παρὼν
1009 3648 1121 3717 πγ¹,
1154 3649 1274 3712 τοῖς
1303 3647 1456 3714 υἱοῖς
1472 3646 1626 3715 Κορὲ
1642 3651 1990 3718 ἐπιγεγραμ-

409 3738 588 3809 μένος,
648 3739 777 3810 περὶ
830 3731 906 3793 ὧν
955 3740 1014 3792 ὲν
1077 3743 1189 3802 τοῖς
1251 3739 1867 3808 προτεχνολογουμένοις
1918 3737 1988 3792 τὰ

404 3828 631 3895 δόξαντα
681 3829 1055 3900 διειλήφαμεν.
1118 3829 1483 3902 Ἐπιτηρῆσαι
1545 3829 1604 3882 δὲ
1655 3830 1985 3898 ἀναγκαῖον,

403 3921 483 3986 ὡς
500 3924 549 3976 oi
579 3923 777 3987 πάντες
801 3923 894 3977 τοῦ
924 3924 1097 3993 Ἀσάφ
1121 3921 1328 3976 δώδεκα
1348 3924 1674 3994 τυγχάνουσι
1705 3923 1797 3976 τὸν
1829 3922 1989 3994 ἀριθ-

409 4013 508 4084 μὸν
539 4013 741 4086 ψαλμοί
772 4032 786 4045 ·
824 4015 1099 4087 ίσάριθμοι
1144 4015 1202 4068 δὲ
1244 4011 1455 4077 τούτοις
1488 4015 1595 4068 etot
1635 4015 1730 4069 καὶ
1776 4016 1827 4067 οί
1865 4017 1988 4068 ἐπι-

405 4107 780 4179 γεγραμμένοι
807 4105 926 4160 τῶν
966 4106 1113 4161 υἱῶν
1153 4105 1323 4173 Κορέ.
1364 4104 1521 4158 Ἀλλά
1545 4105 1654 4159 τῶν
1684 4106 1815 4159 υἱῶν
1841 4101 1987 4177 Κορὲ

403 4198 549 4252 ὀκτὼ
575 4201 670 4270 μὲν
697 4196 836 4270 ἦσαν
870 4199 996 4270 ἑξῆς
1027 4197 1361 4269 συνημμένοι
1393 4199 1441 4252 οἱ
1479 4198 1586 4252 ἀπὸ
1610 4198 1703 4251 τοῦ
1739 4207 1826 4269 μα’
1849 4198 1986 4267 ψαλ-

409 4290 512 4360 μοῦ
536 4307 549 4320 ο
577 4293 626 4344 οἱ
651 4291 707 4344 δὲ
744 4291 1022 4354 λείποντες
1062 4290 1325 4360 τέσσαρες
1368 4287 1602 4343 ἐνταῦθα
1647 4289 1983 4361 πρόκεινται,

407 4382 698 4453 ἀρχόμενοι
743 4384 840 4453 μὲν
863 4383 970 4436 ἀπὸ
1007 4382 1102 4436 τοῦ
1129 4389 1240 4452 πγ¹,
1279 4382 1479 4454 ἐφεξῆς
1520 4381 1576 4434 δὲ
1605 4381 1846 4453 κείμενοι
1879 4382 1987 4435 τῶν

407 4473 904 4545 ἐπιγεγραμμένων
936 4474 1031 4527 τοῦ
1083 4474 1271 4544 Ἀσάφ.
1314 4473 1586 4538 Ὡσαύτως
1608 4474 1666 4528 δὲ
1694 4476 1789 4528 καὶ
1809 4475 1858 4527 οἱ
1891 4473 1985 4527 τοῦ

2097 1969 2492 2039 confundantur
2525 1977 2574 2022 et
2610 1977 2864 2036 pereant;
2903 1967 2971 2021 de
3017 1967 3085 2021 iis
3119 1979 3251 2019 vero
3303 1963 3396 2036 qui
3444 1962 3514 2017 ad
3560 1978 3674 2017 mc—

2096 2061 2290 2117 liorem
2322 2077 2382 2116 se
2405 2062 2572 2116 vitam
2607 2059 2880 2128 recepturi
2915 2064 3064 2121 sant,
3093 2055 3226 2110 illud
3262 2054 3561 2126 profertur,
3605 2052 3674 2106 Et

2097 2162 2416 2223 cognoscant
2445 2153 2570 2222 quia
2599 2166 2787 2205 nomen
2819 2149 2913 2202 tibi
2941 2148 3214 2211 Dominus,
3248 2157 3305 2199 tu
3344 2146 3488 2199 solus
3521 2145 3675 2198 altis-

2095 2245 2262 2299 simus
2310 2244 2365 2296 in
2399 2243 2542 2297 omni
2570 2251 2734 2296 terra.
2769 2239 3007 2295 Possunt
3033 2238 3195 2293 etiam
3235 2236 3303 2292 de
3333 2235 3524 2291 iisdem
3561 2235 3677 2289 haec

2098 2334 2282 2388 omnia
2305 2332 2446 2399 dici;
2483 2333 2644 2404 quasi
2676 2331 2935 2386 videlicet
2983 2328 3193 2383 inimici
3243 2325 3360 2391 Dei,
3395 2341 3504 2396 quo
3537 2333 3677 2380 tem-

2098 2442 2230 2496 pore
2261 2426 2352 2479 illa
2383 2425 2639 2495 superius
2675 2429 2977 2478 memorata
3019 2419 3316 2490 perferent,
3351 2417 3675 2474 confusione

2097 2529 2263 2590 atque
2294 2519 2494 2576 rubore
2546 2518 2816 2588 replendi,
2853 2531 2916 2569 ac
2961 2515 3221 2585 perniciei
3251 2512 3500 2568 tradendi
3541 2514 3673 2577 sint,

2099 2612 2217 2681 ipsa
2244 2609 2584 2680 experientia
2629 2607 2903 2679 cognituri
2945 2621 3010 2661 ac
3039 2603 3350 2661 confessuri
3383 2619 3552 2658 unum
3584 2619 3678 2659 so-

2099 2701 2321 2771 Eumque
2365 2699 2532 2754 Deum
2586 2714 2710 2754 esse
2746 2698 3078 2753 altissimum
3108 2697 3165 2750 in
3202 2694 3351 2749 omni
3384 2703 3551 2762 terra,
3581 2694 3675 2764 qui

2098 2793 2248 2862 ipsos
2275 2793 2424 2862 justo
2454 2791 2664 2863 judicio
2693 2805 2758 2846 ac
2797 2790 3098 2844 facinorum
3140 2801 3366 2842 suorum
3391 2801 3557 2842 causa
3589 2787 3677 2841 in-

2098 2885 2268 2940 vadit.

2101 3173 2152 3227 I.
2207 3166 2275 3224 IN
2337 3159 2580 3230 FINEM,
2625 3161 2762 3222 PRO
2819 3157 3383 3233 TORCULARlBUS,
3449 3162 3687 3221 FILIUS

2435 3237 2617 3296 COIIE
2654 3237 2932 3294 PSALMU
2945 3237 3002 3292 S.
3028 3235 3309 3291 LXXXIII.

2170 3375 2335 3428 Vens.
2352 3373 2406 3426 9..
2430 3371 2604 3439 Quam
2619 3371 2813 3425 dilecta
2844 3370 3189 3426 tabernacula
3205 3379 3322 3433 tua,
3345 3368 3562 3424 Domine
3578 3371 3678 3422 vir-

2098 3467 2306 3520 tutum!
2337 3465 2630 3536 Postquam
2667 3464 2915 3520 defecerc
2955 3464 3149 3534 psalmi
3191 3465 3375 3534 Asaph
3404 3464 3676 3533 inscripti,

2095 3575 2327 3628 quorum
2348 3560 2482 3628 prim
2493 3562 2740 3629 usjuxu,
2754 3566 3059 3626 postremus
3073 3566 3202 3611 vero
3215 3573 3351 3612 Lxxx
3362 3573 3394 3612 ιι
3412 3565 3550 3622 erat,
3563 3557 3676 3627 jam

2096 3653 2345 3722 sequitur
2384 3661 2618 3713 ωηιιιι,
2652 3649 2781 3717 ﬁliis
2804 3647 2940 3703 Core
2967 3647 3288 3719 inscriptus,
3313 3650 3593 3720 dequibus
3620 3649 3676 3703 in

2095 3743 2390 3813 disputatis
2406 3742 2658 3811 superius
2676 3743 3002 3795 sententiam
3018 3741 3333 3812 aperuimus
3350 3753 3608 3799 nostram.
3636 3741 3678 3796 Ε

2094 3849 2155 3888 re
2165 3841 2343 3888 autem
2363 3831 2833 3901 fueritLobservare
2848 3847 3038 3888 omnes
3053 3834 3255 3904 Asaphi
3277 3835 3517 3905 psalmos
3533 3834 3676 3890 duo-

2094 3928 2269 3983 decim
2300 3939 2529 3980 uumero
2565 3941 2722 3992 esse;
2775 3925 3113 3995 totidemque
3151 3929 3244 3996 qui
3276 3928 3511 3997 ﬁliorum
3544 3926 3682 3982 Cora

2096 4019 2345 4088 inscripti
2385 4026 2535 4073 sunt.
2565 4016 2768 4073 Verum
2824 4017 3059 4072 filiorum
3101 4017 3244 4072 Core
3295 4027 3422 4073 octo
3443 4019 3674 4090 __psalmi

2095 4111 2433 4181 coniunctim
2469 4109 2632 4181 positi
2663 4119 2812 4174 sunt,
2840 4124 2869 4163 a
2902 4124 2992 4163 xu
3013 4108 3266 4164 videlicet
3285 4111 3395 4164 orsi
3425 4128 3438 4164 :
3475 4110 3672 4180 reliqui

2096 4217 2226 4257 vero
2273 4209 2511 4271 quatuor
2565 4200 2654 4254 hic
2694 4205 2825 4256 sunt
2871 4199 3176 4263 constituti,
3233 4200 3560 4271 incipientes
3599 4203 3671 4256 ab

2097 4309 2303 4347 Lxxxm
2335 4305 2400 4347 ac
2434 4300 2559 4363 post
2589 4307 2706 4356 eos,
2737 4290 3052 4362 quiAsaphi
3083 4292 3335 4362 inscripti
3361 4299 3513 4358 sunt,
3537 4309 3674 4348 con-

2097 4391 2389 4456 sequenter
2436 4384 2622 4454 positi.
2676 4382 2997 4452 Pariterque
3048 4396 3116 4438 ex
3153 4383 3359 4456 Asaphi
3418 4385 3672 4456 psalmis,

2094 4477 2349 4533 undecim
2393 4486 2797 4548 consequenter
2842 4477 3006 4548 positi
3046 4484 3198 4542 sunt,
3226 4493 3257 4531 a
3301 4493 3448 4532 Lxxu
3475 4492 3672 4548 nempe

420 4565 594 4635 Ἀσάφ
648 4571 714 4617 ια’
751 4564 851 4635 μέν
885 4566 989 4617 εἰσι
1038 4564 1390 4634 συνημμένοι,
1433 4565 1483 4616 οί
1519 4563 1626 4616 ἀπὸ
1666 4563 1743 4616 οϐ’
1774 4565 1868 4618 καὶ
1894 4565 1988 4617 ἐπὶ

2093 4567 2160 4622 ad
2195 4581 2404 4622 Lxxxu.
2459 4567 2753 4622 Duodecim
2797 4583 2931 4624 vero
2986 4575 3112 4623 octo
3162 4568 3375 4639 priores
3432 4567 3668 4622 filiorum

406 4656 497 4709 τὸν
539 4656 646 4710 πϐ’.
703 4656 760 4709 Ὀ
785 4655 841 4708 δὲ
873 4655 938 4706 ιϐ’
981 4653 1106 4726 ἑξῆς
1153 4655 1554 4709 κατατέτακται
1596 4657 1710 4718 τοῖς
1752 4655 1988 4726 πρώτοις

406 4742 550 4796 ὀκτὼ
573 4743 680 4797 τῶν
712 4742 844 4796 υἱῶν
886 4743 1050 4814 Κορὲ,
1092 4742 1279 4814 ὥσπερ
1321 4743 1641 4806 ἀντιδόσεως
1689 4744 1987 4814 γενομένης

407 4835 495 4889 διὰ
524 4835 622 4899 τάς
659 4836 716 4888 ὲν
756 4839 879 4898 ταῖς
925 4837 1052 4906 παρ’
1084 4834 1367 4905 ἑκατέροις
1406 4834 1740 4906 προφητείας
1782 4837 1990 4889 ἐπικοι-

407 4928 681 4990 νωνούσας
705 4927 959 4998 ἀλλήλαις
997 4926 1269 4997 θεωρίαις.
1301 4922 1482 4980 Ἷ-ῐσαν
1519 4928 1614 4998 μὲν
1640 4924 1734 4980 οὖν
1763 4929 1812 4981 οἱ
1839 4927 1989 5001 πρῶ-

406 5030 489 5072 τοι
526 5019 631 5072 τῶν
657 5019 789 5072 υἱῶν
824 5019 966 5090 Κορὲ
996 5019 1137 5071 ὀκτὼ
1168 5013 1260 5069 τὸν
1283 5013 1536 5089 ἀριθμὸν,
1571 5021 1619 5072 οἱ
1648 5020 1849 5084 πάντες
1877 5021 1987 5075 ἀπὸ

406 5109 499 5163 τοῦ
535 5117 623 5180 μα’
653 5110 964 5181 ἀρχόμενοι,
995 5110 1088 5162 καὶ
1118 5109 1374 5180 λήγοντες
1398 5111 1478 5173 εἰς
1502 5111 1594 5163 τὸν
1620 5119 1731 5182 μη’.
1767 5109 1986 5187 Περιεῖ-

407 5221 499 5276 χον
533 5203 611 5269 δὲ,
655 5201 844 5274 ὥσπερ
887 5203 944 5254 ὲν
970 5201 1250 5274 κεφαλαίῳ
1281 5203 1476 5266 εἰπεῖν,
1510 5204 1602 5255 ἐπὶ
1632 5203 1709 5274 τῷ
1742 5206 1808 5261 ἐκ
1830 5223 1986 5277 περι..

405 5295 577 5366 τομῆς
604 5295 719 5364 λαῷ
769 5288 1046 5365 κλαυθμὸν
1081 5295 1176 5348 καὶ
1201 5294 1396 5366 θρῆνον
1437 5297 1530 5349 καὶ
1568 5297 1823 5369 ὀδυρμδν,
1854 5300 1988 5370 Χρι-

407 5385 534 5440 στοῦ
562 5403 622 5438 τε
674 5386 974 5457 παρουσίαν
1027 5387 1120 5440 κα)⁵
1187 5387 1378 5456 κλῆσιν
1436 5387 1623 5441 ἐθνῶν.
1675 5389 1832 5444 Ἀλλά
1877 5392 1986 5444 τῶν

411 5478 508 5547 μὲν
541 5477 842 5550 εἰρημένων
873 5474 1017 5531 ὀκτὼ
1053 5479 1271 5551 τοιαύτη
1304 5496 1386 5543 τις
1409 5475 1478 5551 ἦν
1500 5482 1532 5551 ή
1555 5479 1840 5544 ὑπόθεσις·
1877 5484 1986 5538 τῶν

405 5569 463 5623 δὲ
507 5572 600 5624 ἐπὶ
629 5570 723 5624 τοῦ
779 5569 1042 5642 παρόντος
1100 5574 1593 5644 ἐπιγεγραμμένων
1657 5575 1751 5628 καὶ
1805 5575 1986 5631 αὐτῶν

408 5660 540 5714 υἱῶν
553 5663 698 5734 Κορὲ
717 5663 997 5734 τεσσάρων
1018 5663 1208 5727 ὄντων,
1228 5665 1277 5717 ot
1303 5665 1402 5734 μὲν
1418 5664 1635 5719 ὕστατοι
1661 5666 1754 5719 δύο
1774 5668 1985 5736 γένεσιν

409 5751 502 5803 καὶ
536 5751 762 5805 θάνατον
804 5753 969 5806 αὐτοῦ
1014 5755 1451 5826 περιειλήφασιν,
1507 5754 1696 5828 ὥσπερ
1737 5756 1985 5830 ἐπίτηδες

407 5843 842 5914 ταμιευσαμένου
866 5843 959 5896 τοῦ
985 5838 1158 5912 Λόγου
1182 5846 1276 5898 ἐπὶ
1299 5843 1442 5900 τέλει
1469 5847 1687 5903 πάντων
1717 5849 1813 5913 τὰς
1855 5868 1920 5904 πε
1929 5853 1981 5920 pi

733 5937 1001 5999 ΡΑτιιοι..
1045 5939 1162 6002 Gn.
1213 5940 1449 6003 XXIII.

2089 4660 2228 4714 Core
2255 4660 2496 4729 psalmos
2531 4659 2916 4730 subsequitur;
2949 4660 3024 4714 ita
3066 4669 3124 4715 ut
3162 4674 3261 4714 ceu
3303 4667 3489 4714 mutua
3520 4675 3673 4730 quae-

2090 4751 2214 4805 dam
2252 4751 2501 4822 pensatio
2535 4750 2628 4804 ﬁat
2658 4752 2728 4806 ob
2787 4753 3103 4822 prophetiae
3162 4767 3283 4822 qum
3329 4751 3384 4807 in
3419 4753 3667 4823 utrisque

2089 4857 2436 4897 communem
2493 4842 2814 4911 speculandi
2852 4859 3060 4897 morem
3094 4853 3339 4898 servant.
3374 4841 3542 4898 Erant
3573 4845 3673 4898 ita-

2089 4952 2194 5004 que
2231 4937 2440 5006 priores
2470 4937 2547 4991 illi
2581 4937 2819 4992 ﬁliorum
2847 4935 2989 4992 Core
3033 4937 3228 5006 psalmi
3259 4944 3383 4992 octo
3415 4952 3663 5001 numero,

2089 5027 2180 5097 qui
2221 5043 2416 5084 omnes
2445 5045 2475 5083 a
2513 5044 2602 5084 xu
2643 5029 2858 5083 initium
2889 5027 3118 5092 ducunt,
3142 5036 3195 5083 et
3224 5030 3280 5083 in
3317 5045 3482 5084 xum
3517 5029 3666 5084 desi-

2089 5126 2247 5176 nunt.
2288 5117 2327 5174 li
2373 5135 2523 5185 vero,
2554 5129 2614 5174 ut
2644 5121 2967 5190 compendio
3011 5119 3209 5187 dicam,
3256 5121 3323 5174 de
3354 5121 3552 5190 populo
3600 5135 3667 5174 ex

2087 5213 2509 5268 circumcisione
2540 5211 2725 5267 fletum
2783 5227 2848 5266 ac
2905 5212 3205 5281 planctum,
3236 5210 3440 5266 Christi
3471 5211 3668 5266 adven-

2087 5315 2224 5369 tum,
2259 5313 2426 5377 atque
2482 5307 2826 5360 vocationem
2885 5304 3152 5374 gentium,
3208 5303 3670 5362 commemorant;

2088 5396 2202 5453 Hoc
2231 5413 2364 5453 sane
2395 5406 2479 5453 est
2503 5397 2720 5452 illorum
2745 5403 2872 5450 octo
2903 5395 3234 5465 psalmorum
3257 5404 3661 5464 argumentum.

2087 5486 2164 5542 Ex
2199 5487 2350 5542 hisce
2373 5501 2525 5549 vero.
2551 5487 2617 5541 de
2642 5486 2845 5556 quibus
2863 5500 3008 5539 nunc
3037 5485 3240 5557 agitur,
3269 5484 3505 5539 filiorum
3525 5485 3667 5562 Core

2085 5579 2310 5650 psalmis
2343 5586 2580 5648 quatuor
2627 5591 2879 5644 numero,
2910 5576 3019 5632 duo
3070 5577 3332 5648 postremi
3388 5589 3567 5633 ortum
3609 5587 3664 5634 et

2086 5678 2315 5723 mortem
2361 5667 2673 5723 Servatoris
2703 5668 3145 5737 complectuntur
3174 5685 3190 5723 :
3216 5683 3282 5722 ac
3330 5667 3376 5723 si
3407 5668 3666 5726 videlicet

2085 5757 2368 5829 Scriptura
2399 5759 2645 5814 omnium
2669 5758 2930 5812 vaticinia
2959 5759 3011 5812 in
3034 5758 3139 5814 line
3166 5775 3438 5830 exponere
3468 5776 3662 5831 oppor-

2082 5861 2213 5907 tune
2252 5850 2353 5909 sibi
2407 5851 2727 5907 reservarit.
2759 5848 2926 5905 Multa
2961 5857 3142 5906 autem
3177 5849 3244 5905 de
3283 5850 3404 5919 eius
3429 5861 3556 5911 ortu
3600 5855 3661 5909 in

3302 5946 3381 6006 3‘2
