4066 6380
410 401 552 458 1005

1535 393 2039 456 COMMENTARIA
2083 396 2151 452 IN
2191 395 2534 453 PSALMOS.

3531 395 3674 454 1006

408 518 480 575 τὰ
524 515 646 573 καθ’
683 515 811 590 ὅλης
849 517 949 586 τῆς
987 512 1289 588 ἀνθρώπων
1334 515 1658 589 οἰκουμένης
1702 517 1995 589 θυσιαστή-

2111 514 2266 579 mine,
2295 514 2650 571 tabernacula
2689 521 2807 577 tua,
2834 512 3031 568 dilecta
3055 523 3109 568 et
3137 512 3390 568 amabilia
3425 521 3574 582 sunt,
3616 517 3675 570 in

414 628 505 688 ρια
557 609 653 665 καί¹
698 610 767 664 τά
814 608 1148 680 σκηνώματα
1196 609 1290 663 καὶ
1331 610 1429 672 τὰς
1476 609 1645 674 αὐλὰς
1688 611 1993 682 δηλοῦντος.

415 700 598 752 Ἀλλοι
632 700 730 770 μὲν
760 694 851 752 οὖν
875 699 1030 761 ἄλλα,
1066 700 1248 768 φησὶν,
1280 697 1558 766 ἀγαπῶσι,
1588 699 1680 753 καὶ
1709 702 1837 771 περὶ
1867 701 1997 753 πολε

411 791 506 846 λοῦ
535 792 806 844 ποιοῦνται
827 807 840 819 ·
873 791 995 862 ἐμοὶ
1026 791 1104 854 δὲ,
1138 783 1183 842 ὦ
1220 790 1414 862 Κύριε,
1455 791 1522 844 τὰ
1561 791 1632 843 σὰ
1667 789 1997 862 σκηνώματα

415 871 684 954 προσφιλῆ
718 884 812 936 καὶ
851 882 1109 952 ἀγαπητὰ
1141 883 1417 952 τυγχάνει,
1451 884 1508 935 ἐν
1539 876 1622 946 οἷς
1655 884 1997 954 κατηξίωσας

413 972 574 1035 αὐτὸς
621 973 736 1042 ἅμα
786 967 1092 1044 ἀνθρώποις
1153 971 1252 1028 τὰς
1304 971 1582 1042 διατριϐάς
1633 973 1998 1043 ποιησάμενος

411 1059 864 1134 κατασκηνῶσαι,
915 1065 1120 1134 φήσας·
1180 1064 1360 1116 Ὅπου
1401 1063 1511 1116 δύο
1557 1063 1595 1132 ἣ
1645 1062 1797 1131 τρεῖς
1844 1079 1994 1115 συν-

408 1153 654 1224 ηγμένοι
668 1145 831 1208 είσίν
853 1157 939 1220 είς
962 1153 1032 1207 τὸ
1053 1155 1198 1224 ἐμὸν
1223 1153 1428 1223 ὄνομα,
1449 1154 1579 1208 ἐκεῖ
1601 1157 1717 1224 είμι
1743 1156 1813 1208 ἐν
1831 1153 1999 1224 μέσῳ

412 1244 630 1301 αὐτῶν.
674 1245 830 1300 Οὕτω
863 1246 919 1299 δέ
950 1264 1038 1317 μοι
1073 1245 1345 1317 προσφιλῆ
1387 1248 1480 1300 καὶ
1517 1246 1779 1318 ἀγαπητὰ
1801 1246 2000 1318 τυγχά-

413 1355 493 1393 νει
530 1337 600 1392 τά
631 1339 913 1410 εἰρημένα,
957 1339 1099 1392 ὥστε
1139 1339 1206 1392 δι’
1246 1338 1546 1410 ὑπερϐολὴν
1574 1339 1866 1410 ἐπιθυμίας
1903 1340 2000 1393 αὐ-

411 1429 521 1483 τῶν
571 1419 850 1500 ὁμολογεῖν
901 1428 1174 1482 ἐκλείπειν
1214 1428 1314 1498 τὴν
1374 1429 1554 1500 ψυχήν
1624 1446 1725 1498 μου
1765 1428 1843 1498 τῷ
1871 1429 1998 1499 περὶ

414 1518 586 1582 αὐτὰς
633 1517 786 1588 πόθῳ
836 1517 1167 1588 νικωμένην,
1214 1518 1309 1570 καὶ
1346 1517 1446 1588 τῆς
1479 1517 1624 1588 ζωῆς
1659 1517 1828 1588 αὐτῆς
1869 1535 2001 1590 προ-

413 1611 580 1681 τιμᾷν
613 1611 713 1672 τὰς
766 1609 824 1662 ἐν
894 1611 1014 1672 ταῖς
1055 1608 1244 1672 αὐλαῖς
1281 1626 1375 1662 σου
1435 1609 1739 1682 διατριϐάς.
1788 1610 1900 1662 Καὶ
1937 1610 1996 1662 οὐ

416 1701 556 1773 μόνη
580 1719 642 1770 γε
672 1703 706 1772 ή
748 1701 895 1773 ψυχή
956 1718 1056 1773 μου
1099 1701 1362 1766 ἐκλείπει,
1414 1701 1548 1756 ἀλλὰ
1587 1703 1682 1754 καὶ
1736 1703 1770 1772 ὴ
1806 1701 2000 1774 καρδία

412 1810 521 1864 μου
575 1794 672 1848 καὶ
724 1793 861 1865 πρὸς
910 1795 978 1864 τῇ
1033 1793 1230 1866 καρδίᾳ
1293 1811 1395 1865 μου
1449 1794 1543 1847 καὶ
1601 1793 1731 1847 αὐτό
1791 1811 1893 1863 μου
1939 1792 2000 1846 τὸ

2101 607 2301 676 quibus
2343 607 2460 678 ipse
2493 622 2601 660 una
2631 621 2756 661 cum
2791 605 3110 660 hominibus
3158 605 3364 659 morari
3410 607 3678 676 sedesque

2101 712 2304 767 ponere
2353 698 2611 768 dignatus
2652 712 2750 762 es;
2781 711 2908 750 nam
2950 694 3092 750 dicis
3131 713 3145 749 :
3187 694 3287 750 Ubi
3319 695 3423 750 duo
3461 696 3539 751 vel
3571 708 3676 751 tres

2102 790 2400 858 congregati
2437 789 2634 858 fuerint
2655 791 2711 842 in
2740 789 2948 842 nomine
2971 804 3106 851 meo,
3135 788 3246 841 illic
3271 804 3388 842 cum
3423 789 3481 842 in
3506 789 3676 843 medio

2099 895 2282 933 eorum
2320 881 2388 934 ²¹.
2425 878 2502 932 lta
2542 895 2707 949 porro
2756 879 2889 934 mihi
2940 879 3056 934 haec
3084 879 3198 948 jam
3246 888 3545 934 memorata
3593 879 3678 935 di-

2102 974 2241 1027 lecta
2267 980 2322 1026 et
2357 973 2612 1026 amabilia
2643 979 2794 1036 sunt,
2833 980 2894 1025 ut
2939 970 3113 1026 fatear
3153 987 3222 1027 ex
3255 987 3446 1028 eorum
3477 988 3680 1029 concu-

2102 1062 2370 1131 piscentia
2395 1061 2634 1115 animam
2658 1076 2860 1126 meam,
2884 1076 3076 1118 eorum
3102 1077 3289 1118 amore
3314 1063 3680 1130 victam,deii-

2101 1165 2227 1206 cere
2280 1159 2444 1221 atque
2496 1151 2644 1206 illam
2699 1151 2757 1206 in
2819 1152 2978 1208 atriis
3017 1153 3130 1209 tuis
3188 1153 3678 1208 commorationem

2099 1243 2224 1297 vitae
2246 1259 2463 1314 quoque
2507 1250 2854 1314 anteponere
2919 1243 3108 1316 Neque
3131 1244 3316 1300 solum
3345 1245 3551 1310 anima,
3584 1245 3681 1301 sed

2101 1344 2158 1389 et
2191 1349 2288 1390 cor
2332 1351 2514 1390 meum
2576 1333 2802 1402 deﬁcit;
2835 1334 2947 1390 imo
2996 1350 3130 1390 vero
3165 1335 3344 1406 ipsum
3392 1351 3594 1406 corpus
3627 1347 3683 1391 et

2102 1440 2233 1481 caro
2261 1441 2368 1496 qua
2390 1426 2828 1482 circumvestior.
2856 1425 2983 1481 Haec.
3031 1427 3236 1482 etenim
3280 1444 3347 1484 ex
3381 1429 3506 1484 vita:
3534 1429 3683 1486 illius

2101 1534 2224 1589 quae
2273 1533 2441 1590 penes
2480 1527 2531 1572 te
2577 1527 2663 1574 est
2716 1520 3006 1582 memoria,
3030 1518 3234 1590 gaudio
3268 1529 3323 1576 et
3371 1520 3562 1576 laetitia
3596 1537 3685 1578 re-

2102 1610 2357 1679 plentur;
2391 1608 2465 1661 ita
2492 1615 2551 1662 ut
2577 1623 2702 1663 vere
2729 1607 2915 1662 dicam
2947 1626 2960 1662 :
2989 1606 3096 1663 Cor
3142 1626 3315 1663 meum
3339 1621 3390 1664 et
3418 1628 3544 1666 caro
3566 1629 3686 1666 mea

2103 1701 2499 1756 exsuttaverunt
2546 1701 2602 1753 in
2633 1699 2804 1753 Deum
2854 1701 3048 1756 vivum.
3085 1699 3231 1756 Deus
3260 1703 3464 1772 quippe
3496 1712 3686 1760 noster

2103 1793 2316 1857 vivens,
2337 1793 2430 1862 qui
2465 1793 2616 1848 solus
2634 1791 2909 1861 propriam
2930 1801 2986 1846 et
3010 1795 3316 1850 naturalem
3351 1796 3406 1849 in
3435 1811 3495 1852 se
3517 1797 3684 1851 vitam

417 1882 576 1953 σῶμα
651 1883 744 1936 καὶ
794 1874 1014 1954 ήισὰρξ
1065 1882 1132 1952 ἣν
1183 1881 1602 1952 περιϐέϐλημαι.
1662 1881 1772 1934 Καὶ
1823 1879 1996 1934 ταῦτα

2111 1886 2359 1956 possidet,
2392 1887 2500 1940 imo
2561 1885 2741 1956 potius
2767 1883 2948 1940 omnis
2983 1885 3108 1940 vitae
3149 1884 3271 1943 fons
3293 1897 3396 1951 est,
3424 1903 3543 1944 eam
3565 1905 3684 1944 orn-

415 1974 525 2046 γὰρ
559 1976 623 2028 ἐκ
672 1977 770 2047 τῆς
837 1977 1058 2048 μνήμης
1111 1975 1212 2045 τῆς
1266 1975 1419 2046 παρὰ
1484 1976 1566 2028 σοὶ
1631 1975 1774 2045 ζωῆς
1831 1974 2004 2045 χαρᾶς

416 2065 717 2136 πληροῦται
760 2066 854 2118 καὶ
893 2064 1260 2138 εὐφροσύνηςο
1292 2063 1418 2118 ὥστ’
1451 2063 1781 2136 ἀληθεύοντά
1815 2081 1884 2135 με
1919 2063 2005 2116 λέ-

416 2170 553 2221 γειν’
585 2153 647 2208 Ἠ
670 2153 883 2221 καρδία
894 2171 1013 2222 μου
1039 2153 1138 2207 καί
1169 2155 1207 2222 ἠ
1235 2152 1393 2222 σάρξ
1417 2171 1535 2222 μου
1555 2153 2006 2222 ὴγαλλιὰσαντο

415 2233 511 2298 ἐπὶ
551 2245 700 2298 Θεὸν
731 2242 932 2304 ζῶντα.
969 2243 1086 2298 Ζῶν
1115 2244 1223 2316 γὰρ
1254 2247 1282 2298 ό
1313 2245 1580 2316 ἡμέτερος
1601 2245 1753 2309 Θεὸς,
1780 2246 1873 2298 καὶ
1903 2245 1999 2316 μό-

415 2352 506 2398 νος
552 2335 846 2406 ίδιόκτητον
907 2336 1010 2389 «καὶ
1063 2336 1296 2408 φυσικὴν
1351 2337 1408 2388 ἐν
1462 2335 1608 2406 αὐτῷ
1661 2336 1994 2406 κεκτημένος

418 2424 582 2496 ζωὴν,
613 2426 809 2497 μᾶλλον
838 2426 894 2479 δὲ
923 2427 1084 2491 αὐτὸς
1105 2427 1180 2481 ῶν
1214 2430 1247 2500 ή
1276 2427 1424 2499 πηγὴ
1456 2429 1637 2498 πάσης
1663 2427 1826 2498 ζωῆς,
1859 2428 1991 2480 πᾶσι

2107 1979 2275 2034 nibus
2319 1978 2388 2033 ad
2447 1993 2506 2034 se
2549 1977 2938 2034 accedentibus
2985 1978 3246 2049 impertit.
3319 1979 3684 2046 Quamobrem

2110 2071 2229 2142 ipsa
2280 2087 2411 2126 caro
2457 2086 2600 2134 mea,
2628 2085 2749 2140 qua:
2795 2078 2993 2125 natura
3053 2085 3154 2126 sua
3205 2073 3453 2126 mortalis
3482 2081 3535 2128 et
3562 2087 3688 2127 cor-

2106 2163 2348 2233 ruptioni
2378 2163 2614 2217 obnoxia
2637 2169 2742 2226 est,
2764 2163 2966 2233 gaudet
2994 2169 3049 2218 et
3075 2163 3410 2232 gratulatur;
3435 2165 3564 2232 quia
3591 2179 3690 2233 per

2104 2271 2226 2312 eam
2255 2254 2584 2309 immortalis
2603 2253 2729 2308 vitae
2757 2267 2990 2309 consors
3041 2258 3096 2308 et
3123 2251 3322 2307 divinat
3345 2253 3536 2323 gratiae
3561 2269 3689 2323 par-

2103 2347 2277 2416 ticeps
2322 2343 2509 2399 futura
2543 2352 2649 2400 est.

406 2520 527 2581 ’τοϊς
581 2516 936 2588 πλησιάζουσι
991 2507 1193 2590 ταῦτης
1256 2519 1594 2589 μεταδίδωσι.
1656 2517 1854 2588 Διόπερ
1900 2517 1995 2570 καὶ
2031 2515 2171 2588 αὐτὴ
2217 2517 2252 2588 ή
2302 2517 2461 2586 φύσει
2500 2517 2668 2590 θνητὴ
2725 2519 2821 2572 καὶ
2859 2518 3073 2591 φθαρτή
3123 2537 3222 2591 μου
3292 2520 3429 2593 σὰρξ
3507 2523 3690 2594 χαίρει

418 2610 512 2664 καὶ
551 2610 851 2681 συγχαίρει,
888 2609 984 2662 άτε
1031 2610 1098 2664 δι’
1130 2610 1300 2680 αὐτῆς
1345 2612 1750 2682 κοινωνήσουσα
1781 2608 2001 2662 αἰωνίου
2043 2606 2210 2679 ζωῆς,
2231 2609 2326 2662 καὶ
2351 2609 2451 2680 τῆς
2473 2609 2566 2663 τοῦ
2589 2610 2723 2664 Θεοῦ
2751 2612 2973 2682 χάριτος
3003 2611 3444 2684 μεταληψομὲνη.

490 2724 678 2779 Ταῦτα
701 2725 757 2778 δέ
787 2743 950 2797 φησιν
985 2727 1014 2779 ὁ
1040 2727 1332 2798 Προφήτης
1360 2728 1646 2789 διδάσκων,
1681 2727 1863 2780 ὁποῖον
1890 2721 2005 2796 εἶχε

413 2814 600 2886 ἔρωτα
628 2817 723 2870 καὶ
748 2816 912 2870 πόθον
947 2817 1078 2889 περὶ¹
1106 2817 1176 2871 τά
1211 2818 1303 2870 ὑπ’
1342 2818 1506 2871 αὐτοῦ
1533 2818 2003 2891 προφητευόμενα.

2183 2724 2310 2780 Haec
2343 2733 2525 2780 autem
2569 2727 2644 2780 ait
2672 2725 2964 2797 Propheta,
3001 2741 3160 2782 suum
3204 2726 3469 2783 exhibens
3499 2727 3692 2783 adver-

2113 2829 2212 2870 sus
2241 2829 2306 2870 ea
2334 2830 2456 2886 quae
2482 2815 2538 2870 in
2591 2815 2877 2886 prophetia
2929 2815 3288 2870 enuntiantur
3341 2815 3583 2872 studium
3637 2827 3695 2872 et

412 2907 618 2977 Διόπερ
647 2910 676 2961 ὁ
708 2908 898 2980 Σωτὴρ
917 2908 1078 2980 ήμῶν
1109 2908 1264 2978 ἔλεγε
1286 2927 1298 2940 ·
1326 2910 1552 2964 Πολλοὶ
1587 2908 1884 2978 προφῆται
1906 2909 2005 2963 καὶ

2114 2919 2380 2962 amorem.
2406 2906 2532 2962 ldeo
2559 2908 2822 2963 Servator
2850 2915 3040 2962 noster
3065 2906 3282 2962 dicebat
3315 2925 3329 2961 :
3373 2904 3538 2961 Multi
3568 2923 3695 2976 pro-

419 2996 638 3050 δίκαιοι
689 2998 1076 3068 ἐπεθύμησαν
1122 2997 1269 3052 ίδεῖν
1303 2998 1342 3052 ᾰ
1381 3000 1551 3067 ὑμεῖς
1581 2997 1870 3063 βλέπετε,
1910 2995 2005 3052 καί

2114 2999 2282 3070 pheta
2303 3008 2356 3054 et
2395 2999 2535 3069 justi
2564 3000 2842 3055 voluerunt
2882 2999 3056 3056 videre
3098 3015 3215 3071 qua:
3266 3017 3354 3055 vos
3388 2999 3596 3066 videtis,
3641 3007 3696 3054 ct

412 3091 534 3142 οὐκ
576 3085 758 3143 εἶδον.
802 3089 913 3160 Τὴν
975 3089 1154 3160 σάρκα
1198 3089 1256 3143 δέ
1315 3102 1478 3161 φησιν
1529 3089 1646 3160 ἅμα
1689 3091 1756 3160 τῇ
1812 3087 2005 3159 καρδίᾳ

2117 3108 2223 3145 non
2254 3091 2493 3146 viderunt
2524 3094 2590 3146 “.
2627 3091 2716 3145 Ait
2747 3106 2915 3162 porro
2941 3107 3050 3147 una
3083 3107 3208 3148 cum
3257 3091 3424 3146 corde
3467 3105 3692 3146 carnem

415 3181 779 3249 άγαλλιᾶσθαι
809 3182 902 3234 ἐπὶ
932 3181 1064 3236 Θεὸν
1090 3181 1289 3246 ζῶντα,
1316 3182 1702 3252 αἰνιττόμενος,
1731 3181 1806 3245 ὡς
1831 3177 2005 3252 οἶμαι,

2115 3186 2292 3258 ipsam
2318 3189 2597 3244 exsultare
2626 3187 2682 3242 in
2717 3187 2883 3242 Deum
2912 3188 3132 3256 vivum;
3161 3189 3340 3257 queis,
3370 3195 3430 3241 ut
3457 3189 3691 3252 aestimo,

424 3273 518 3326 καὶ
550 3273 642 3327 τοῦ
677 3274 928 3348 Σωτῆρος
953 3273 1050 3345 τὴν
1083 3276 1148 3328 ἐκ
1178 3274 1387 3346 νεκρῶν
1429 3276 1744 3328 ἀνάστασιν.
1791 3271 2005 3342 Ἐπειδὴ

2111 3278 2287 3350 ipsam
2328 3279 2634 3335 Servatoris
2661 3279 2835 3335 nostri
2862 3294 2927 3335 ex
2965 3279 3201 3334 mortuis
3230 3281 3694 3334 resurrectionem

421 3364 531 3437 γὰρ
581 3367 629 3417 οί
673 3365 781 3419 τῶν
830 3365 1000 3420 ἐθνῶν
1043 3367 1385 3438 νομιζόμενοι
1433 3365 1544 3419 θεοὶ
1587 3365 1772 3437 νεκροὶ
1815 3364 2011 3436 άψυχοι

421 3459 768 3528 τυγχάνουσι·
799 3459 875 3512 Τὰ
896 3458 1004 3530 γάρ
1019 3458 1238 3513 εἴδωλα
1258 3458 1375 3512 τῶν
1393 3458 1584 3513 ἐθνῶν
1603 3459 1888 3528 ἀργύριον
1911 3457 2011 3511 καὶ

417 3549 702 3619 χρυσίον,
729 3550 873 3618 ἔργα
899 3549 1110 3619 χειρῶν
1140 3550 1468 3619 ἀνθρώπων
1487 3569 1500 3582 ·
1533 3551 1705 3605 ταῦτα
1735 3551 1792 3604 δὲ
1826 3549 2013 3603 ἔσεϐον

424 3642 474 3694 οί
511 3641 631 3693 τότε
655 3641 928 3712 ἄνθρωποι
949 3658 960 3670 ·
993 3640 1125 3709 ἐγὼ,
1157 3644 1342 3713 φησὶν,
1367 3643 1427 3696 οὐ
1453 3642 1690 3696 τοιοῦτόν
1713 3660 1834 3695 τινα
1856 3642 2010 3705 Θεὸν,

419 3731 561 3785 ἀλλὰ
595 3731 771 3796 ζῶντα
815 3731 945 3786 Θεὸν
985 3731 1332 3804 προθεωρῶν,
1363 3736 1428 3803 τῇ
1483 3733 1679 3804 καρδία
1724 3733 2012 3804 εὐφραίνο-

430 3840 560 3892 μαι·
598 3823 690 3876 καὶ
726 3821 864 3893 αὕτη
902 3822 959 3875 δέ
1005 3840 1106 3893 μου
1161 3825 1190 3894 ή
1237 3821 1377 3894 σὰρξ
1420 3824 1513 3875 ἐπὶ
1551 3823 1724 3892 τούτῳ
1771 3822 1848 3892 τῷ
1895 3823 2014 3893 Θεῷ

425 3913 818 3984 ἠγαλλιάσατο,
865 3913 941 3978 ὡς
987 3913 1082 3966 ἐπὶ
1123 3912 1241 3983 Θεῷ
1278 3912 1494 3984 ἀληθῶς
1543 3911 1704 3976 ζῶντι
1749 3914 1841 3964 καὶ
1879 3914 2013 3976 ζωο-

427 4005 667 4060 ποιοῦντι
691 4005 817 4069 τοὺς
849 4007 1095 4075 νεκροὺς,
1129 4006 1188 4068 ὃς
1221 4006 1314 4058 καὶ
1345 4006 1515 4077 αὑτήν
1550 4023 1650 4076 μου
1689 4005 2011 4078 ζωοποιήσει

426 4099 527 4171 τὴν
556 4100 732 4171 σάρκα
760 4097 849 4152 διὰ
888 4098 988 4169 τῆς
1036 4096 1228 4150 ἐαυτοῦ
1264 4097 1631 4158 ἀναστάσεως.
1663 4097 1753 4148 Διὸ
1782 4096 1917 4168 πρὸς
1946 4099 2012 4167 τῇ

427 4191 573 4263 ψυχῇ
607 4193 702 4245 καὶ
729 4193 763 4262 ή
790 4191 925 4262 σάρξ
959 4207 1064 4261 μου
1087 4188 1470 4260 ἠγαλλιάσατο.
1503 4188 1613 4242 Καὶ
1652 4187 1763 4257 γὰρ
1794 4203 2013 4257 στρου-

431 4285 562 4339 θίον
601 4279 777 4352 εὗρεν
819 4282 1010 4348 ἐαυτῷ
1059 4283 1275 4346 οὶκίαν,
1319 4280 1417 4334 καί
1471 4277 1702 4349 τρυγὼν
1754 4277 2016 4331 νοσσιὰν

426 4374 614 4443 ἑαυτῇ
639 4413 653 4438 ,
704 4370 776 4430 οὗ
823 4373 996 4440 θήσει
1039 4375 1112 4427 τὰ
1164 4372 1389 4426 νοσσία
1429 4370 1640 4438 αὐτῆς,
1688 4374 1761 4424 τὰ
1811 4372 2017 4424 θυσια-

425 4460 646 4529 στήριά
660 4476 796 4525 σου,
824 4462 1000 4530 Κύριε
1024 4457 1141 4514 τῶν
1175 4458 1506 4529 δυνάμεων.
1545 4457 1657 4513 Καὶ
1685 4459 1800 4522 πῶς
1815 4457 1924 4530 γὰρ
1952 4457 2013 4512 οὐ

2113 3371 2422 3426 adumbrat.
2451 3369 2592 3437 Quia
2619 3371 2764 3425 enim
2796 3369 2832 3424 ii
2865 3370 2956 3439 qui
2993 3371 3134 3424 inter
3169 3379 3359 3440 gentes
3391 3369 3466 3424 dii
3501 3369 3694 3424 existi-

2114 3472 2355 3526 mantur,
2383 3463 2590 3518 mortui
2621 3471 2676 3518 et
2713 3463 2998 3517 inanimali
3031 3468 3161 3516 sunt
3193 3481 3206 3516 :
3239 3476 3366 3514 nam
3396 3460 3692 3515 simulacra

2112 3554 2346 3622 gentium
2375 3561 2648 3621 argentum
2682 3560 2733 3604 et
2767 3567 2981 3612 aurum,
3014 3561 3172 3618 opera
3217 3564 3473 3602 manuum
3519 3549 3692 3602 homi-

2115 3660 2242 3696 num
2267 3643 2312 3674 ¹³
2341 3661 2354 3696 :
2388 3642 2504 3697 haec
2529 3651 2709 3697 tamen
2734 3642 2810 3696 illi
2833 3642 2961 3696 olim
2992 3641 3242 3697 homines
3269 3639 3690 3696 venerabantur.

2113 3733 2228 3804 Ego
2265 3749 2416 3800 vero,
2439 3735 2636 3804 inquit,
2670 3751 2778 3788 non
2830 3735 2992 3789 deum
3026 3734 3365 3804 huiusmodi,
3398 3736 3492 3790 sed
3523 3733 3692 3791 Deum

2114 3829 2297 3879 vivum
2328 3827 2730 3894 contemplans,
2759 3827 2959 3896 gaudio
2991 3827 3048 3881 in
3076 3826 3243 3881 corde
3267 3828 3480 3896 repleor
3518 3845 3531 3880 :
3557 3827 3698 3897 ipsa-

2117 3928 2224 3981 que
2253 3927 2384 3966 caro
2416 3929 2535 3968 mea
2571 3913 2628 3968 in
2668 3914 2815 3970 hunc
2846 3914 3016 3968 Deum
3068 3914 3386 3976 exsultavit,
3423 3922 3612 3984 utpote
3639 3915 3694 3970 in

2117 4003 2287 4058 Deum
2322 4019 2448 4059 vere
2476 4005 2747 4060 viventem
2776 4013 2830 4059 et
2873 4011 3124 4059 mortuos
3177 4004 3559 4068 viviﬁcantem,
3601 4006 3696 4075 qui

2118 4096 2257 4150 hanc
2281 4096 2456 4166 ipsam
2477 4111 2699 4152 carnem
2723 4111 2896 4152 meam
2920 4111 3017 4167 per
3045 4097 3502 4150 resurrectionem
3538 4112 3694 4152 suam

2115 4188 2442 4245 reviviscere
2495 4188 2672 4244 faciet.
2738 4188 2919 4256 Quare
2967 4203 3092 4242 cum
3150 4187 3335 4242 anima
3389 4204 3521 4243 caro
3577 4189 3697 4258 ipsa

2116 4282 2432 4337 exsultavit.
2463 4311 2535 4324 --
2564 4281 2733 4338 Vens.
2769 4282 2824 4336 4.
2859 4281 3068 4335 Etenim
3117 4297 3304 4350 passer
3362 4281 3555 4334 invenit
3595 4280 3696 4335 sibi

2116 4370 2353 4435 domum,
2397 4378 2448 4425 et
2499 4380 2677 4424 turtur
2749 4370 2932 4424 nidum
2985 4369 3108 4435 sibi,
3171 4369 3260 4423 ubi
3319 4379 3481 4438 ponat
3525 4369 3697 4438 pullos

2118 4476 2263 4524 suos,
2301 4459 2502 4513 altaria
2527 4468 2639 4524 tua,
2671 4458 2896 4515 Domine
2924 4458 3201 4516 virtutum.
3225 4458 3292 4513 Et
3321 4460 3436 4530 qui,
3468 4460 3565 4524 ait,
3587 4474 3696 4512 non

430 4551 824 4623 δίκαιον,φησὶ,
855 4551 1126 4624 προσφιλῆ
1158 4553 1250 4605 καὶ
1287 4551 1546 4622 ἀγαπητὰ
1559 4550 1838 4622 ὁμολογεῖν
1870 4547 2005 4605 εἶναι

2119 4568 2337 4624 atquum
2377 4551 2565 4616 fuerit,
2622 4567 2656 4606 ο
2701 4551 2953 4618 Domine,
3002 4552 3197 4607 altaria
3254 4560 3347 4606 tua
3401 4551 3599 4606 dilecta
3644 4562 3700 4604 et

425 4641 499 4694 ’τὰ
524 4640 856 4713 σκηνώματά
889 4658 1003 4705 σου,
1033 4635 1079 4694 ὧ
1108 4640 1300 4712 Κύριε,
1327 4641 1488 4695 όπότε
1517 4641 1802 4712 καταφυγὴ
1827 4639 2005 4710 γέγονε

2120 4644 2374 4701 amabilia
2419 4659 2542 4700 esse
2599 4642 2756 4699 lateri
2782 4689 2796 4711 ,
2831 4643 3052 4714 quando
3093 4658 3156 4699 ea
3190 4641 3459 4714 refugium
3497 4639 3697 4711 cuique

431 4733 594 4785 παντὶ
623 4731 702 4805 τῷ
726 4732 823 4802 οἴῳ
848 4749 907 4785 τε
945 4730 1153 4800 λέγειν·
1197 4732 1269 4787 Ἦ
1295 4732 1466 4802 ψυχὴ
1495 4731 1663 4801 ήμῶν
1689 4732 1769 4798 ὡς
1793 4748 2012 4800 στρου-

430 4824 562 4880 θίον
579 4823 839 4893 ὲρρύσθη
880 4824 949 4876 ἐκ
995 4821 1105 4891 τῆς
1153 4824 1402 4894 παγίδος
1445 4824 1564 4878 τῶν
1607 4825 2009 4894 θηρευόντων·

433 4915 526 4968 καὶ
557 4914 716 4968 πάλιν
758 4913 836 4984 τῷ
879 4914 1169 4983 φάσκοντι·
1209 4915 1332 4968 Ἐπί
1379 4914 1457 4981 τῷ
1501 4917 1696 4984 Κυρίῳ
1737 4915 2008 4979 πέποιθα,

431 5003 558 5070 πῶς
580 5004 762 5072 ἐρεῖτε
784 5003 857 5073 τῇ
877 5004 1046 5074 ψυχῇ
1057 5023 1196 5073 μου·
1214 5008 1673 5060 Μεταναστεύου
1692 5006 1791 5060 ἐπὶ
1812 5008 1883 5059 τὰ
1903 5003 2008 5073 ὅρη

431 5099 511 5164 ὡς
533 5099 886 5166 στρουθίον;
917 5098 1043 5149 Ὅτι
1075 5095 1204 5149 ἰδοὺ
1246 5099 1299 5150 οἱ
1330 5096 1663 5166 ἁμαρτωλοί
1700 5095 2013 5174 ,ἐνέτειναν

431 5190 629 5253 τόξον,
655 5189 990 5258 ἡτοίμασαν
1012 5186 1171 5255 βέλη
1205 5190 1291 5253 είς
1314 5178 1630 5256 φαρέτραν.
1665 5186 1880 5240 Πολλῶν
1902 5185 2012 5256 γὰρ

430 5281 528 5352 τὴν
558 5280 650 5334 τοῦ
675 5277 951 5348 θεοφιλοῦς
984 5278 1158 5349 ψυχὴν
1181 5279 1372 5346 παγίσι
1406 5279 1761 5349 μεταϐάλλειν
1801 5278 1895 5330 καὶ
1932 5277 2011 5328 δι-

433 5375 615 5436 κτύοις
648 5372 834 5440 ὥσπερ
879 5369 1131 5443 θηρεύειν
1175 5369 1342 5442 αὐτὴν
1387 5371 1766 5442 πειρωμένων,
1803 5369 2016 5422 διιπταο

434 5459 603 5531 μένην
631 5453 730 5512 ὧδε
753 5461 996 5522 κάκεῖσε,
1030 5459 1122 5512 καὶ
1150 5459 1326 5528 πάντη
1358 5460 1800 5530 περινοστοῦσαν,
1830 5457 1906 5528 τῷ
1939 5459 2013 5530 μὴ

432 5552 574 5623 ἔχειν
599 5553 901 5606 ἀνάπαυσιν
938 5554 994 5604 ἐν
1032 5553 1110 5623 τῷ
1144 5552 1323 5624 θνητῷ
1346 5553 1465 5624 βίῳ,
1497 5553 1633 5623 μόνα
1667 5551 1732 5605 τά
1757 5550 1848 5604 τοῦ
1879 5549 2013 5602 Θεοῦ

434 5645 767 5717 σκηνώματα
806 5646 1091 5716 καταφυγὴ
1120 5649 1186 5716 τῇ
1223 5645 1442 5716 τοιαύτῃ
1475 5645 1683 5714 γέγονε.
1737 5643 1827 5697 Διὸ
1866 5643 2016 5713 εῐρη-

2121 4738 2274 4796 l'uere
2295 4741 2388 4810 qui
2415 4737 2599 4793 dicere
2619 4737 2848 4801 valeret,
2881 4737 3079 4790 Anima
3112 4743 3295 4788 nostra
3333 4734 3468 4787 sicut
3514 4747 3699 4800 passer

2117 4840 2297 4900 erepta
2323 4837 2400 4884 est
2423 4826 2486 4883 de
2510 4827 2698 4898 laqueo
2725 4824 3026 4881 venantium
3053 4825 3135 4890 ";
3169 4837 3234 4877 ac
3265 4839 3482 4878 rursum
3516 4823 3565 4877 ei
3604 4821 3698 4891 qui

2118 4915 2282 4982 dicat,
2314 4913 2379 4971 In
2411 4917 2641 4972 Domino
2679 4913 2886 4985 conﬁdo
2913 4955 2928 4979 ,
2987 4911 3246 4985 quomodo
3295 4913 3479 4968 dicetis
3508 4912 3700 4966 anima

2119 5026 2247 5064 mea:
2268 5009 2660 5088 :4Transmigra
2684 5008 2741 5061 in
2771 5016 2997 5060 montem
3018 5004 3154 5059 sicut
3183 5007 3406 5072 passer?
3433 5003 3698 5070 Quoniam

2118 5117 2234 5156 ecce
2270 5110 2566 5169 peccatores
2597 5095 2934 5153 intenderunt
2991 5110 3198 5158 arcum,
3229 5101 3552 5163 rarat'erunt
3609 5110 3699 5148 sa-

2119 5193 2279 5262 gittas
2311 5207 2436 5245 suae
2470 5191 2524 5243 in
2557 5190 2806 5260 pharetra
2829 5187 2897 5240 ’⁵.
2929 5183 3066 5238 Nam
3100 5199 3225 5240 cum
3268 5183 3428 5237 multi
3457 5183 3568 5238 sint
3604 5185 3698 5254 qui

2120 5281 2360 5352 religiosi
2398 5282 2500 5336 viri
2520 5282 2756 5335 animam
2783 5295 2884 5334 ceu
2908 5275 3118 5348 laqueis
3147 5276 3497 5345 intercipere,
3531 5282 3587 5329 et
3613 5289 3700 5329 re-

2122 5373 2271 5428 tibus
2299 5387 2400 5427 ceu
2442 5370 2630 5424 venari
2662 5377 2961 5431 conantur,
2991 5382 3116 5422 cum
3168 5381 3230 5421 ea
3263 5366 3406 5419 ultro
3451 5363 3701 5436 citroque

2120 5463 2296 5517 evolet
2320 5476 2384 5516 ac
2413 5461 2842 5528 circumquaque
2872 5473 2930 5513 se
2950 5465 3144 5522 vertat,
3169 5456 3313 5528 quod
3343 5456 3396 5510 in
3421 5456 3522 5510 hac
3550 5472 3698 5512 mor-

2121 5555 2215 5608 tali
2248 5554 2380 5621 vita,
2413 5552 2599 5624 requie
2630 5551 2780 5605 nulla
2830 5549 3075 5616 fruatur,
3107 5548 3160 5603 in
3209 5549 3342 5603 solis
3377 5548 3466 5603 Dei
3515 5549 3697 5605 taber-

2122 5644 2334 5698 naculis
2393 5651 2671 5711 receptum
2725 5639 2928 5694 habere
2985 5641 3180 5712 potuit.
3223 5637 3563 5708 Quapropter
3615 5637 3698 5690 di-

430 5753 523 5789 ται
542 5755 555 5768 ο
581 5737 692 5792 Καὶ
724 5739 832 5808 γὰρ
860 5739 1180 5806 στρουθίον
1207 5733 1382 5809 εῇρεν
1412 5737 1601 5804 ἐαυτῷ
1633 5737 1846 5802 οὶκίαν,
1886 5732 2005 5788 ἀλλά

2127 5746 2273 5789 ctum
2329 5743 2452 5794 est'
2529 5732 2737 5786 Etenim
2802 5749 2984 5801 passer
3035 5733 3232 5794 innati;
3280 5731 3380 5790 sibi
3443 5731 3693 5796 domum,

507 5892 546 5923 ²¹
591 5887 780 5946 Matth.
818 5907 988 5959 xvm,
1019 5891 1108 5950 20.
1188 5895 1232 5927 ¹¹
1273 5879 1463 5950 Matth.
1505 5910 1626 5963 xm,
1662 5894 1748 5950 Π.
1825 5891 2005 5972 ’ξΡεα

2111 5907 2258 5960 :xnt,
2293 5891 2344 5947 ι.
2426 5892 2469 5924 ’δ
2511 5890 2660 5953 Psal.
2693 5905 2907 5959 cum,
2944 5890 2993 5943 7.
3070 5889 3114 5923 "
3153 5887 3300 5945 Psal.
3339 5903 3406 5952 ι,
3441 5883 3579 5956 2,3.
