4066 6388
386 390 526 459 ἹθθἹ

1096 401 1368 459 EUSEBII
1397 402 1880 460 CESARIENSIS
1917 404 2068 462 OPP.
2104 406 2286 462 PARS
2325 407 2928 481 lll.—.EXEGETIGA.

3521 415 3666 472 i008

383 513 696 584 pariterque
749 521 928 565 turtur
981 514 1072 567 uid
1101 531 1226 582 um;
1297 517 1550 574 videlicet
1607 520 1790 574 anima
1851 535 1973 590 qua

2077 522 2176 575 καὶ
2210 523 2442 592 τρυγὼν
2471 525 2760 578 νοσσιὰν·
2809 527 2842 595 ή
2875 527 3017 580 κατὰ
3051 528 3150 598 τήν
3173 524 3475 584 ἐνεστῶσαν
3521 532 3665 604 ζωὴν

383 607 442 658 in
510 606 766 674 pra-senti
841 605 1131 661 honestam
1191 617 1247 664 et
1321 611 1696 666 continentem
1757 620 1975 668 exercet

387 697 553 750 vitam
606 696 969 768 (huiusmodi
1031 714 1268 768 namque
1328 717 1454 757 esse
1517 703 1609 756 illa
1668 704 1784 758 avis
1836 703 1976 758 dici-

388 788 531 858 tur),
557 803 622 842 ac
653 796 775 858 quae
813 788 1097 843 hominum
1124 792 1390 846 malitiam
1426 795 1572 864 luget
1599 803 1654 848 et
1683 794 1971 866 deplorat,

382 879 507 948 ipsa
553 877 862 950 perfugium
913 882 1136 950 reperit,
1186 884 1446 938 nimirum
1501 886 1694 940 altaria
1750 887 1806 940 in
1851 896 1972 943 toto

386 971 520 1026 orbe
564 986 663 1041 per
693 971 898 1027 Christi
941 972 1249 1027 doctrinam
1304 976 1542 1030 excitata
1577 995 1588 1030 :
1625 977 1717 1032 ubi
1766 993 1867 1032 ceu
1917 981 1973 1033 iu

387 1062 520 1117 nido
549 1077 615 1117 ac
652 1065 1003 1135 receptaculo
1033 1081 1230 1121 recens
1269 1075 1453 1120 natam
1485 1083 1549 1123 ac
1580 1075 1825 1124 teneram
1855 1087 1976 1141 pro-

386 1154 495 1209 lem
531 1157 791 1225 deponet,
827 1164 1003 1210 tutum
1036 1157 1367 1229 insidiisque
1394 1175 1628 1214 vacuum
1665 1165 1826 1216 nacta
1848 1163 1972 1232 pul-

388 1247 460 1302 lis
493 1249 611 1304 suis
645 1249 1028 1304 domicilium:
1064 1252 1139 1305 ita
1173 1259 1232 1306 ut
1273 1252 1466 1306 altaria
1505 1261 1598 1306 tua
1630 1254 1843 1322 passeri
1871 1269 1972 1324 pro

388 1339 574 1404 domo,
601 1341 804 1396 turturi
838 1357 937 1412 pro
963 1341 1091 1397 nido
1121 1343 1449 1397 habeantur.
1478 1343 1572 1398 lite
1598 1345 1800 1415 quippe
1821 1361 1971 1410 aves,

389 1446 583 1502 passer
617 1433 831 1489 scilicet
861 1442 916 1488 et
946 1442 1148 1502 turtur,
1181 1436 1312 1489 olim
1344 1443 1637 1506 antequam
1673 1451 1771 1506 per
1800 1445 1973 1491 totum

389 1525 578 1580 orbem
611 1527 806 1582 altaria
847 1538 1287 1597 exstruerentur,
1320 1531 1530 1584 nullqu
1568 1531 1808 1586 habuere
1851 1545 1973 1602 per-

391 1614 623 1686 fugium,
655 1627 710 1672 at
747 1619 1011 1675 diuturno
1055 1629 1302 1694 tempore
1343 1622 1666 1677 errabunda!
1699 1623 1976 1693 pelleban-

392 1716 482 1762 tur
508 1718 561 1764 et
592 1711 958 1780 captabantur
985 1728 1015 1767 a
1045 1715 1420 1770 venatoribus;
1451 1713 1577 1771 Ideo
1597 1715 1689 1785 qui
1722 1731 1822 1771 ceu
1847 1730 1976 1786 pas-

391 1816 484 1856 ser
524 1803 848 1872 pellebatur,
902 1805 1018 1860 hzec
1064 1806 1326 1862 dicebat:
1360 1805 1425 1860 In
1468 1806 1696 1860 Domino
1739 1806 1969 1876 conﬁdo,

2079 616 2384 688 σεμνότητα
2417 618 2512 669 καὶ
2544 618 2899 689 σωφροσύνην
2927 618 3170 672 ἀσκοῦσα
3197 621 3344 692 ψυχὴ
3398 624 3661 690 (τοιοῦτον

2075 705 2185 776 γὰρ
2209 702 2348 758 εἶναι
2382 706 2593 774 λέγεται
2624 707 2683 760 τὸ
2718 707 2948 777 ϐρνεον),
2980 708 3364 780 ἀποκλαομένη
3403 713 3496 765 καὶ
3529 711 3664 784 θρη-

2077 796 2245 851 νοῦσα
2277 799 2374 869 τὴν
2407 800 2464 851 ἐν
2492 798 2799 870 ἀνθρώποις
2823 800 3042 866 κακίαν,
3073 797 3200 872 εὗρε
3225 803 3544 874 καταφυγήν
3570 804 3666 856 καὶ

2076 887 2212 958 αὑτὴ
2242 888 2312 941 τὰ
2350 889 2470 941 καθ’
2499 889 2626 960 ὅλης
2660 893 2758 959 τῆς
2787 891 3113 962 οἰκουμένης
3143 892 3424 964 ἱδρυθέντα
3451 893 3539 947 διὰ
3563 895 3665 965 τῆς

2073 977 2168 1030 τοῦ
2195 979 2431 1050 Χριστοῦ
2465 995 2556 1031 σου
2584 979 2928 1044 διδασκαλίας
2969 981 3356 1053 θυσιαστήρια·
3396 981 3525 1036 ἔνθα
3558 983 3666 1036 ώσ-

2077 1085 2182 1138 περ
2216 1071 2273 1122 ἐν
2322 1071 2538 1133 καλιαῖς
2582 1071 2676 1123 καὶ
2712 1073 2977 1134 νεοττίαις
3009 1073 3077 1126 τὰ
3119 1073 3376 1144 ἀρτιγενῆ
3422 1072 3518 1128 καὶ
3557 1091 3665 1127 νεο-

2075 1160 2179 1229 γνά
2202 1160 2308 1214 τῶν
2334 1162 2506 1232 αὐτῆς
2543 1164 2747 1218 τέκνων
2781 1163 3134 1234 ἀποϐήσεται,
3168 1164 3387 1235 ἀσφαλῆ
3426 1165 3520 1218 καὶ⁵
3550 1167 3666 1221 ἀνε-

2078 1253 2425 1307 πιϐούλευτον
2471 1255 2708 1325 εὑροῦσα
2752 1257 2864 1318 τοῖς
2916 1256 3114 1326 ἐαυτῆς
3169 1259 3402 1319 νεοττοῖς
3463 1258 3664 1328 μονήν⁶

2075 1343 2212 1396 ὥστε
2241 1340 2380 1398 εἶναι
2401 1346 2468 1398 τὰ
2513 1347 2869 1418 θυσιαστήριά
2913 1363 3004 1399 σου
3041 1347 3306 1418 στρουθίῳ
3341 1347 3440 1418 μὲν
3464 1349 3664 1414 οίκίαν,

2076 1435 2268 1488 καλιὰν
2299 1437 2356 1490 δὲ
2379 1438 2620 1508 τρυγόνι.
2651 1437 2837 1490 Ταῦτα
2863 1438 2970 1508 γὰρ
2998 1437 3065 1490 τὰ
3091 1438 3272 1510 ϐρνεα,
3301 1435 3361 1491 τὸ
3387 1439 3667 1508 στρουθίον

2075 1525 2218 1595 λέγω
2257 1527 2350 1580 καὶ
2390 1531 2423 1598 ή
2455 1529 2691 1599 τρυγὼν,
2743 1528 2908 1581 πάλαι
2959 1529 3084 1599 μὲν,
3113 1529 3219 1600 πρὸ
3261 1529 3354 1582 τοῦ
3401 1529 3665 1600 συστῆναι

2074 1620 2143 1672 τὰ
2166 1621 2439 1692 πανταχοῦ
2466 1622 2572 1692 γῆς
2613 1622 2990 1692 θυσιαστήρια,
3031 1622 3132 1674 οὐκ
3164 1618 3274 1693 εἶχε
3309 1624 3662 1694 καταφυγήν

2075 1713 2345 1766 ἐπλανᾶτο
2389 1714 2444 1766 δέ
2491 1717 2723 1784 μακροῖς
2771 1714 3003 1786 χρόνοις,
3057 1715 3114 1766 ἐν
3152 1707 3233 1777 οἷς
3276 1713 3536 1784 ήλαύνετο
3571 1715 3667 1769 καὶ

2077 1803 2328 1858 ἐδιώκετο
2360 1806 2494 1876 πρὸς
2523 1806 2628 1859 τῶν
2658 1805 2954 1877 θηρευτῶν.
2992 1806 3083 1858 Διὸ
3122 1805 3185 1874 δὴ
3226 1805 3411 1874 ἔλεγον
3443 1809 3472 1860 ὁ
3510 1807 3666 1878 δίκην

389 1894 649 1964 quomodo
697 1896 884 1951 dicetis
919 1899 1112 1953 anima:
1159 1916 1310 1964 metu,
1359 1899 1708 1970 Transmigra
1743 1900 1799 1952 in
1828 1915 1973 1952 mon-

2081 1897 2362 1968 στρουθίου
2414 1897 2799 1968 ἐλαυνόμενοςο
2845 1898 2969 1952 Ἐπί
3023 1895 3105 1962 τῷ
3141 1899 3338 1965 Κυρίῳ
3389 1898 3666 1962 πέποιθα,

392 1995 493 2041 rem
522 1987 658 2040 sicut
698 1991 920 2056 passer?
985 1988 1155 2046 Iidem
1188 2006 1317 2045 vero
1371 1990 1475 2060 ipsi
1517 2005 1582 2046 ex
1621 1989 1974 2044 inimicorum

389 2076 646 2131 manibus
685 2079 881 2148 erepti,
914 2077 1031 2134 hac
1077 2078 1482 2134 conﬁtebantur
1511 2096 1528 2132 ι
1557 2078 1753 2132 Anima
1793 2087 1976 2132 nostra

389 2168 524 2221 sicut
563 2184 747 2236 passer
807 2180 987 2238 erepta
1031 2181 1110 2226 est
1151 2171 1216 2226 de
1265 2171 1448 2240 laqueo
1491 2175 1814 2227 cenantium.
1865 2171 1976 2227 0c-

390 2262 526 2315 culti
567 2277 701 2332 ergo
731 2269 785 2316 et
815 2262 1119 2319 invisibiles
1144 2272 1434 2320 venatores
1466 2255 1472 2260 ’
1497 2266 1786 2321 animabus
1810 2264 1976 2320 cccle-

393 2355 462 2409 sti
503 2369 566 2409 ac
615 2355 836 2410 sublimi
877 2356 1002 2410 vita:
1039 2371 1263 2426 operam
1311 2355 1572 2414 dantibus
1621 2357 1971 2422 insidiantes,

390 2447 530 2500 retia
579 2455 634 2503 et
678 2447 906 2517 laqueos
945 2447 1266 2512 tendebant,
1299 2463 1365 2504 ac
1415 2450 1682 2504 venabula
1727 2450 1974 2519 cujusvis

391 2539 609 2609 generis
643 2539 988 2593 adornabant
1040 2541 1108 2594 ad
1138 2541 1370 2596 insidias
1418 2543 1710 2612 parandas.
1745 2540 1878 2608 Quae
1918 2541 1973 2595 in

392 2630 720 2701 praecedenti
772 2632 858 2686 his
925 2631 1107 2688 verbis
1159 2632 1441 2686 enuntiata
1498 2641 1674 2687 sunt:
1711 2631 1974 2696 Quoniam

389 2738 506 2777 ecce
535 2723 739 2775 inimici
771 2723 847 2774 tui
863 2730 1174 2788 sonuerunt,
1204 2731 1254 2776 et
1281 2724 1371 2792 qui
1403 2720 1625 2776 oderunt
1674 2732 1722 2775 te
1767 2723 1973 2776 extule-

391 2824 515 2869 runt
541 2823 716 2882 caput.
751 2813 922 2882 Super
941 2814 1192 2882 populum
1222 2822 1370 2868 tuum
1403 2813 1826 2885 maliguaverunt
1857 2831 1974 2869 cou-

391 2907 593 2971 silium,
641 2907 998 2977 cogitaverunt
1016 2907 1265 2961 adversus
1280 2917 1495 2961 sanctos
1533 2917 1650 2961 tuos
1672 2906 1816 2960 ¹⁶’¹⁷.
1841 2905 1975 2962 Per-

392 2999 739 3055 secutionum
761 3008 1027 3070 tempore,
1052 3016 1164 3068 quo
1195 3001 1404 3055 inimici
1442 3000 1537 3056 Del
1567 3000 1973 3071 populumzejus

392 3091 788 3162 Impugnahant
818 3091 1220 3161 vexabantque,
1247 3090 1340 3147 Dei
1370 3091 1623 3148 homines
1657 3091 1831 3146 instar
1854 3106 1974 3162 pas-

393 3197 578 3237 serum
604 3183 713 3235 buc
741 3182 873 3236 illuc
903 3180 1197 3252 fugientes,
1230 3183 1450 3238 demum
1477 3183 1664 3238 oblata
1695 3197 1851 3253 pace,
1890 3189 1972 3237 ta-

2077 1988 2204 2056 πῶς
2239 1989 2424 2057 ἐρεῖτε
2465 1989 2540 2056 τῇ
2577 1988 2750 2058 ψυχῇ
2789 2008 2929 2058 μου,
2966 1990 3415 2058 μεταναστεύου
3453 1991 3548 2044 ἐπί
3593 1993 3668 2045 τὰ

2078 2078 2184 2146 ὄρη
2223 2079 2303 2145 ὡς
2337 2082 2690 2148 στρουθίον;
2723 2082 2833 2134 Καὶ
2860 2081 3146 2151 ρυσθέντες
3175 2098 3238 2150 γε
3272 2083 3335 2134 ὲκ
3369 2082 3543 2154 χειρὸς
3577 2084 3670 2152 ἐχ-

2076 2166 2260 2238 θρῶν,
2318 2167 2630 2239 ὡμολόγουν
2684 2169 2932 2238 λέγοντες
2990 2170 3082 2224 καὶ
3134 2170 3319 2224 αὑτοίο
3367 2171 3436 2226 ’11
3492 2172 3665 2240 ψυχὴ

2075 2258 2247 2328 ἡμῶν
2297 2260 2377 2327 ὠς
2437 2262 2761 2329 στρουθίον
2812 2261 3074 2329 ἐρῤύσθη
3132 2261 3199 2314 ἐκ
3256 2259 3366 2328 τῆς
3416 2261 3668 2330 παγίδος

2075 2351 2194 2406 τῶν
2221 2353 2610 2421 θηρευόντων.
2661 2355 2909 2424 Ἀφανεῖς
2952 2349 3043 2407 οῦν
3090 2355 3183 2407 καὶ
3225 2353 3448 2425 ἀόρατοι
3479 2356 3526 2407 οί
3568 2353 3666 2425 θη-

2079 2447 2265 2518 ρευταὶ
2292 2449 2410 2509 ταῖς
2436 2446 2528 2500 τὸν
2570 2447 2818 2518 οὐράνιον
2863 2447 2957 2500 καὶ
3007 2447 3297 2516 μετάρσιον
3347 2445 3459 2516 βίον
3502 2463 3666 2516 μετα-

2073 2537 2398 2601 διωκούσαις
2424 2537 2622 2609 ψυχαῖς
2656 2537 3113 2603 ἐπιϐουλεύοντες,
3147 2538 3338 2591 δίκτυα
3367 2538 3463 2592 καὶ
3507 2538 3665 2606 παγί-

2073 2629 2166 2692 δας
2195 2630 2470 2694 ίστῶντες,
2505 2629 2752 2702 θήρατρα
2788 2647 2846 2682 τε
2891 2631 3118 2683 παντοῖα
3159 2630 3561 2694 κατεσκεύαζον
3585 2632 3666 2693 είς

2073 2721 2360 2794 ἐπιϐουλὴν
2403 2721 2598 2776 αὐτῶν.
2643 2723 2755 2776 Καὶ
2797 2724 2972 2778 ταῦτά
3008 2739 3072 2792 γε
3112 2722 3414 2792 παρίστατο
3444 2723 3532 2776 διὰ
3568 2721 3665 2777 τοῦ

2073 2812 2487 2884 προηγουμένου
2533 2811 2772 2884 ψαλμοῦ,
2826 2815 2882 2866 ἐν
3017 2813 3224 2884 εῐρητοο
3263 2813 3384 2865 Ὅτι
3438 2812 3568 2866 ἰδοὺ
3611 2815 3667 2868 οἱ

2071 2904 2273 2971 ἐχθροί
2324 2918 2442 2957 σου
2486 2901 2754 2972 ἤχησαν,
2793 2904 2886 2957 καὶ
2926 2906 2980 2958 οὶ
3023 2903 3359 2973 μισοῦντές
3395 2921 3470 2958 σε
3499 2898 3667 2976 ἦραν

2072 2995 2361 3064 κεφαλήν.
2425 2996 2551 3050 Ἐπί
2615 2997 2722 3050 τὸν
2769 2998 2925 3051 λαόν
2977 3012 3096 3051 σου
3153 2999 3667 3068 κατεπανουργεύ·

2072 3104 2262 3143 carro
2307 3087 2571 3158 γνώμη-ν,
2623 3090 3066 3145 ἐϐουλεύσαπο
3104 3091 3254 3144 κατὰ
3308 3088 3427 3142 τῶν
3479 3091 3667 3144 ὁσίων

2073 3197 2210 3235 σου.
2251 3179 2410 3234 Κατά
2445 3179 2667 3245 τούτους
2711 3182 2820 3236 τῶν
2859 3181 3116 3252 διωγμῶν
3150 3181 3395 3252 καιροὺς,
3425 3179 3545 3232 καθ’
3566 3179 3660 3244 οὓς

391 3273 713 3338 bernacula,
743 3273 884 3326 atria
910 3280 965 3327 et
999 3273 1196 3328 altaria
1225 3272 1322 3328 Dei
1360 3274 1414 3328 in
1447 3272 1756 3343 perfugium
1795 3288 1859 3327 ac
1883 3289 1972 3329 re-

2075 3275 2120 3325 oi
2172 3271 2357 3343 ἐχθροὶ
2410 3271 2505 3325 τοῦ
2563 3271 2699 3325 Θεοῦ
2745 3273 2836 3325 τὸν
2886 3272 3014 3326 λαὸν
3074 3271 3240 3326 αὐτοῦ
3301 3269 3659 3341 πολεμοῦντες

390 3361 574 3432 quiem
621 3363 973 3419 invenerunt.
1009 3361 1050 3415 E
1091 3379 1149 3418 re
1180 3370 1366 3418 autem
1407 3364 1638 3431 dixeris,
1683 3366 1970 3434 expeditos

2075 3363 2322 3433 ἤλαυνον,
2349 3365 2399 3416 οἱ
2434 3364 2528 3416 τοῦ
2565 3363 2698 3417 Θεοῦ
2739 3364 3015 3436 ἄνθρωποι
3053 3365 3208 3437 δίκην
3238 3364 3526 3437 στρουθίων
3555 3356 3659 3417 ὦδε

390 3453 517 3508 illos
555 3453 781 3518 milites,
816 3453 910 3524 qui
946 3455 1309 3510 monasticam
1339 3455 1507 3509 vitam
1554 3457 1786 3525 amplexi
1820 3465 1968 3524 sunt,

2075 3456 2296 3509 κάκεῖσε
2331 3454 2774 3526 περιφεύγοντες,
2807 3456 3030 3526 ῦστερόν
3074 3474 3203 3510 ποτε
3248 3458 3466 3530 είρήνης
3494 3471 3666 3510 κατα-

392 3557 493 3613 pro
536 3543 858 3612 passeribus
899 3543 1183 3600 habendos
1226 3560 1385 3612 esse;
1432 3562 1528 3600 cos
1567 3555 1747 3602 autem
1779 3549 1872 3618 qui
1907 3549 1972 3602 li-

2075 3547 2376 3612 ξιωθέντες,
2407 3540 2568 3620 εῦρον
2609 3549 2678 3601 τὰ
2715 3549 3047 3620 σκηνώματα
3079 3550 3171 3604 τοῦ
3217 3551 3374 3613 Θεοῦ,
3423 3550 3518 3603 καὶ
3561 3550 3664 3612 τὰς

391 3633 540 3690 beris
570 3633 702 3688 dant
730 3649 976 3705 operam,
1014 3646 1069 3690 et
1116 3636 1344 3707 reliquis
1369 3637 1498 3692 vita:
1529 3639 1764 3708 negotiis
1794 3648 1847 3692 et
1883 3656 1972 3693 cu-

2075 3639 2243 3704 αὐλὰς
2277 3638 2462 3704 αὐτοῦ,
2498 3643 2591 3694 καὶ
2620 3640 2691 3694 τὰ
2714 3641 3075 3714 θυσιαστήρια
3104 3643 3424 3714 καταφυγὴν
3455 3642 3666 3704 ἑαυτοῖς

391 3726 470 3780 ris
514 3741 573 3781 se
607 3725 833 3790 dedunt,
890 3727 1123 3784 turturis
1159 3729 1334 3783 vicem
1372 3745 1537 3801 agere
1568 3749 1583 3786 :
1617 3747 1779 3799 quam
1816 3731 1973 3800 jubet

2079 3733 2172 3786 καὶ
2198 3733 2521 3789 ἀνάπαυσιν.
2559 3735 2745 3797 Εἰποις
2787 3736 2832 3786 δ’
2864 3734 2930 3788 ἂν
2955 3735 3084 3798 τοὺς
3119 3735 3216 3806 μὲν
3264 3732 3532 3798 εύζώνους
3571 3733 3665 3787 καὶ

392 3815 586 3872 offerre
613 3815 723 3872 Deo
753 3818 934 3889 pullos
965 3834 1120 3884 suos,
1155 3836 1360 3892 eosque
1392 3821 1446 3876 in
1477 3823 1747 3878 altaribus
1776 3839 1878 3878 ceu
1915 3824 1972 3878 in

2078 3825 2172 3877 τὸν
2203 3826 2409 3895 μονήρη
2437 3825 2545 3895 βίον
2577 3826 3028 3898 ἐπανῃρημένους
3050 3821 3188 3879 εἶναι
3214 3825 3512 3897 στρουθίον,
3540 3826 3665 3887 τοὺς

393 3909 524 3964 nido
553 3911 826 3980 deponere
852 3919 907 3967 et
938 3926 1288 3969 consecrare.

2079 3916 2136 3970 δέ
2183 3918 2520 3982 παιδοποιίας
2553 3918 2647 3972 καὶ
2694 3919 2792 3991 τῆς
2841 3918 3008 3989 ἄλλης
3049 3920 3358 3989 οἰκονομίας
3409 3919 3665 3989 πρόνοιαν

391 4007 812 4076 πεποιημένους,
846 4008 944 4079 τὴν
971 4009 1228 4079 τρυγόνα,
1271 4011 1338 4081 ἣν
1389 4010 1467 4082 τῷ
1497 4011 1617 4082 Θεῷ
1667 4028 1800 4083 φησι
1834 4013 2164 4088 προσφέρειν
2193 4012 2302 4066 δεῖν
2327 4014 2452 4078 τοὺς
2511 4013 2736 4078 ἐαυτοῦς
2789 4014 3036 4077 νεοττοὺς
3073 4013 3168 4067 καὶ
3229 4011 3536 4067 ἀνατιθέναι
3565 4009 3664 4064 αὑ·-

389 4099 534 4163 τοὺς,
565 4099 639 4164 ὡς
667 4102 724 4156 ἐν
756 4101 916 4172 καλιᾷ
949 4105 1005 4154 ἐν
1031 4105 1144 4166 τοῖς
1168 4102 1574 4176 θυσιαστηρίοις
1600 4105 1788 4159 αὑτοῦ.

461 4212 624 4270 Vsus.
678 4215 730 4270 5.
774 4214 883 4271 Rea:
936 4233 1080 4270 meus
1113 4226 1163 4270 et
1212 4216 1353 4272 Deus
1401 4234 1568 4283 meus,
1615 4218 1754 4273 beati
1791 4237 1970 4274 omnes

389 4309 479 4379 qui
508 4308 752 4362 habitant
783 4310 838 4362 in
871 4308 1028 4362 domo
1061 4318 1175 4373 tua,
1206 4310 1260 4362 in
1287 4310 1485 4364 saecula
1516 4310 1831 4364 sceculorum
1856 4313 1973 4365 lau-

389 4400 590 4454 dabunt
616 4413 685 4457 te.
707 4400 1043 4470 Diapsalma.
1070 4404 1252 4467 Quare
1272 4401 1468 4458 dilecta
1491 4411 1544 4457 et
1565 4403 1820 4457 amabilia
1841 4405 1973 4480 mihi

391 4499 520 4546 sum
549 4491 900 4546 tabernacula
937 4501 1051 4555 tua,
1081 4499 1136 4545 et
1165 4507 1265 4545 cur
1308 4491 1584 4548 desiderio
1621 4507 1812 4547 eorum
1844 4491 1976 4555 deli:-

391 4581 467 4634 cit
495 4580 676 4634 anima
702 4595 843 4645 mea,
890 4579 957 4632 ad
998 4579 1115 4634 haec
1144 4579 1311 4634 etiam
1345 4580 1400 4634 in
1430 4596 1541 4651 quo
1561 4581 1856 4636 exsultavit
1878 4554 1975 4635 co'i

2158 4221 2212 4272 Ὀ
2261 4222 2560 4287 ,βασιλεύς
2613 4237 2734 4290 μου
2788 4221 2887 4274 καὶ
2933 4222 2968 4273 ό
3016 4221 3161 4286 Θεός
3198 4237 3337 4288 μου,
3384 4217 3664 4288 μακάριοι

2077 4311 2300 4379 πάντες
2331 4316 2386 4366 οἱ
2425 4313 2844 4378 κατοικοῦντες
2880 4312 2951 4366 ἐν
2981 4311 3060 4377 τῷ
3085 4312 3228 4378 οἴκῳ
3248 4327 3385 4373 σου,
3415 4313 3502 4375 εἰς
3521 4309 3664 4376 τοὺς

2076 4405 2296 4472 αἰῶνας
2324 4404 2443 4459 τῶν
2471 4403 2696 4459 αἰώνων
2723 4402 3039 4457 αίνέσουσί
3067 4418 3160 4455 σε.
3191 4401 3530 4470 Διάψαλμξι.
3565 4401 3664 4454 Διά

2077 4499 2129 4550 τί
2149 4497 2419 4570 προσφιλῆ
2447 4514 2535 4568 μοι
2561 4496 2815 4566 τυγχάνει
2841 4495 2932 4547 καὶ
2954 4493 3210 4564 ἀγαπητὰ
3238 4494 3305 4546 τὰ
3334 4492 3667 4563 σκηνώματά

2080 4607 2196 4651 σου,
2225 4590 2316 4642 καὶ
2344 4588 2487 4650 τίνος
2508 4587 2669 4639 ἕνεκα
2703 4585 2941 4638 ἐκλείπει
2974 4586 3006 4656 ή
3034 4585 3176 4654 ψυχή
3209 4601 3307 4654 μου
3341 4585 3468 4654 περὶ
3504 4583 3660 4646 αὐτὰ,

390 4687 572 4726 meum
602 4679 655 4727 et
682 4687 812 4727 caro
834 4671 992 4726 mea?
1016 4671 1153 4737 Quia
1179 4687 1363 4741 passer
1384 4673 1580 4726 invenit
1604 4673 1706 4728 sibi
1732 4672 1969 4737 domum,

2079 4646 2212 4728 ἀλλά
2258 4674 2350 4727 καὶ
2409 4646 2682 4744 ήϋκαρδὶα
2733 4689 2832 4743 μου
2870 4674 2964 4725 καὶ
3273 4689 3372 4741 μου
3416 4646 3510 4724 ἐπὶ
3556 4673 3665 4723 τίνι

390 4773 441 4818 et
472 4773 648 4817 turtur
693 4763 896 4828 nidum,
945 4763 1150 4817 altaria
1199 4774 1311 4827 tua,
1351 4764 1573 4820 Domine
1602 4767 1877 4820 virtutum.
1912 4766 1972 4818 ln

391 4853 595 4922 quibus
643 4855 909 4909 altaribus
958 4855 1052 4924 qui
1105 4870 1211 4909 non
1265 4857 1333 4908 ad
1380 4856 1544 4912 breve
1590 4865 1824 4927 tempus.
1878 4856 1974 4912 sed

393 4944 613 5000 assidue
639 4955 696 5000 et
735 4955 1149 5015 perseveranter
1174 4955 1587 5003 commorantur
1615 4956 1669 5003 et
1696 4949 1972 5011 habitant,

389 5045 475 5092 ter
516 5037 663 5092 beati
715 5046 862 5092 sunt.
913 5037 1009 5093 llis
1060 5054 1224 5109 porro
1268 5039 1431 5097 dictis
1482 5043 1676 5108 legalia
1725 5043 1907 5095 omnia
1943 5053 1975 5092 a

391 5129 575 5201 Moyse
619 5129 824 5183 tradita
851 5130 1261 5186 circumscribit
1301 5143 1356 5187 et
1391 5133 1626 5202 ablegat.
1662 5131 1779 5185 Non
1825 5130 1972 5184 enim

392 5223 584 5277 beatos
613 5221 752 5276 dixit
785 5223 1170 5284 circumcisos,
1207 5239 1316 5278 non
1343 5239 1439 5278 eos
1469 5225 1561 5294 qui
1601 5223 1838 5278 Sabbata
1873 5221 1972 5276 obs

390 5321 642 5380 servant,
700 5328 809 5369 non
874 5313 1239 5369 Mosaicorum
1298 5315 1696 5370 sacriﬁciorum
1760 5321 1978 5367 cartero-

393 5419 623 5473 rumque
679 5404 984 5475 corporalis
1053 5405 1189 5475 legis
1243 5413 1641 5476 praeceptorum
1694 5403 1973 5466 cultores,

392 5510 569 5564 neque
599 5497 765 5551 etiam
794 5511 890 5552 eos
922 5496 1016 5567 qui
1052 5512 1118 5550 ex
1150 5496 1446 5553 Abrahami
1474 5497 1645 5566 stirpe
1678 5504 1828 5557 sunt,
1862 5509 1971 5548 non

391 5583 668 5653 lsraelem,
700 5604 879 5660 neque
907 5587 1193 5643 Judaicam
1226 5597 1478 5659 gentem;
1527 5588 1620 5641 sed
1653 5587 1974 5656 simpliciter

390 5692 582 5731 omnes
638 5681 732 5750 qui
778 5680 1026 5735 habitant
1076 5681 1130 5735 in
1189 5681 1354 5735 domo
1404 5680 1516 5737 Dei.
1562 5680 1704 5747 Quid
1759 5680 1972 5734 beatius

1049 5833 1078 5850 ρ

464 5832 578 5865 ’⁸ου
620 5830 765 5888 Psal.
799 5847 1006 5896 LXXXII,
1049 5833 1105 5899 '5,
1144 5834 1198 5886 4.

2077 4765 2475 4836 ήγαλλιάσατο;
2524 4765 2849 4836 Ἐπειδήπερ
2891 4759 3068 4832 εὗρεν
3116 4761 3306 4828 ἐαυτῷ
3350 4763 3666 4830 στρουθίον

2077 4858 2276 4910 οὶκίαν
2309 4857 2404 4908 καί
2434 4855 2665 4924 τρυγὼν
2693 4855 2973 4917 νοσσιὰν,
3005 4855 3076 4907 τὰ
3104 4851 3500 4921 θυσιαστήριά
3525 4869 3662 4914 σου,

2079 4950 2256 5015 Κύριε
2287 4947 2405 5000 τῶν
2430 4947 2767 5016 δυνάμεων
2803 4949 2934 5016 παρ’
2962 4941 3042 5010 οἷς
3069 4943 3472 5013 θυσιαστηρίοις
3505 4944 3554 4994 oi
3590 4942 3662 5012 μή

2080 5041 2216 5115 πρὸς
2253 5041 2423 5113 βραχὺ
2457 5041 2839 5112 διατρίϐοντες,
2878 5039 2990 5093 ἀλλ’
3042 5040 3120 5100 είς
3168 5037 3228 5088 τὸ
3276 5034 3521 5106 διηνεκὲς
3565 5051 3662 5086 κα-

2073 5132 2398 5196 τοικοῦντες,
2450 5133 2542 5184 καὶ
2584 5131 2914 5200 παραμὸνως
2967 5128 3318 5199 ἐμμένοντες,
3364 5125 3665 5196 τρισμακά-

2077 5242 2181 5297 ριοι
2224 5225 2566 5294 τυγχάνουσι.
2609 5223 2781 5276 Τοῦτο
2825 5221 2868 5274 δ’
2922 5219 3110 5284 εἰπὼν,
3163 5218 3339 5272 πάντα
3390 5217 3458 5270 τὰ
3512 5216 3663 5288 παρὰ

2077 5316 2304 5368 Μωῦσεῖ
2322 5312 2526 5384 νόμιμα
2552 5311 2940 5383 περιέγραψεν.
2971 5313 3044 5364 Οὐ
3078 5309 3188 5381 γὰρ
3216 5308 3512 5379 μακαρίους
3543 5303 3660 5360 εἷπε

2075 5408 2203 5470 τοὺς
2263 5407 2688 5478 ἐμπεριτόμους,
2731 5405 2852 5458 οῦδέ
2893 5404 3019 5467 τοὺς
3054 5403 3123 5456 τά
3164 5401 3416 5455 Σάϐϐατα
3458 5401 3661 5469 φυλάτ-

2079 5515 2290 5563 τοντας,
2325 5498 2444 5550 οὐδὲ
2489 5498 2612 5560 τοὺς
2649 5497 2748 5559 τὰς
2777 5497 2927 5567 παρὰ
2959 5495 3182 5548 Μωῦσεῖ
3212 5492 3400 5555 θυσίας
3433 5492 3527 5543 καὶ
3566 5489 3664 5552 τὰς

2079 5588 2273 5653 λοιπὰς
2307 5589 2400 5641 τοῦ
2445 5586 2752 5658 σωματικοῦ
2780 5587 2943 5657 νόμου
2996 5583 3214 5646 ἐντολὰς
3251 5581 3665 5654 ἐπιτηροῦντας,

2080 5678 2192 5732 ἀλλ’
2221 5679 2340 5732 οὐδὲ
2368 5679 2493 5742 τοὺς
2527 5679 2825 5745 ἀπογόνους
2862 5675 3132 5748 Ἀϐραὰμ,
3153 5675 3272 5728 οὐδὲ
3299 5674 3389 5728 τὸν
3425 5672 3662 5742 Ἰσραὴλ,
