4066 6374
449 424 589 482 10⁸09

1590 422 1728 479 CUM
1740 420 2096 476 MENTARIA
2133 419 2200 475 ΙΝ
2238 418 2576 475 PSALMOS.

3575 420 3712 476 i310

447 538 568 592 οὐδὲ
618 537 680 591 τδ
723 538 989 592 Ἰουδαίων
1023 538 1195 604 ἔθνος,
1248 537 1362 591 ἀλλ’
1403 534 1736 600 ἁπαξαπλῶς
1792 535 2028 596 ἅπαντας

2139 533 2286 589 enim
2317 532 2505 598 fuerit,
2543 547 2706 603 quam
2743 532 2910 588 Deum
2942 548 3100 589 suum
3137 543 3190 590 et
3236 532 3524 587 Dominum
3551 533 3718 588 virtu-

447 632 573 693 τοὺς
603 630 986 694 κατοικοῦντας
1018 633 1076 682 ἐν
1105 628 1182 699 τῷ
1209 629 1343 699 οῐκῳ
1385 627 1476 681 τοῦ
1520 626 1673 679 Θεοῦ.
1711 626 1774 678 Τί
1811 625 1919 697 γὰρ
1964 625 2028 679 ἂν

449 721 657 790 γένοιτο
704 721 919 791 ἀληθῶς
968 720 1379 792 μακαριώτερον
1410 719 1503 772 τοῦ
1550 717 1773 788 βασιλέα
1811 718 1908 788 μὲν
1938 716 2029 769 τὸν

449 810 579 864 Θεὸν
613 810 796 875 αὐτοῦ,
827 813 921 864 καὶ
968 811 1057 864 τὸν
1102 810 1306 882 Κύριον
1351 808 1458 862 τῶν
1489 809 1770 878 δυνάμεων
1803 808 2030 878 ἐπιγρά-

449 900 662 970 φεσθαι,
697 903 864 954 οίκεῖν
911 903 967 954 δὲ
1007 902 1096 955 τὸν
1146 897 1293 954 οἷκον
1331 899 1498 954 αὐτοῦ
1541 898 1823 968 διηνεκῶς,
1869 897 1929 962 ἐξ
1969 893 2030 951 οῦ

449 991 728 1062 πορίζεται
759 995 790 1064 ἡ
818 994 909 1046 τοῦ
948 992 1082 1046 Θεοῦ
1117 991 1383 1046 ἀθανασία
1415 991 1508 1044 καὶ
1558 992 1591 1060 ἡ
1637 989 1854 1052 αἰώνιος
1881 989 2027 1060 ζωής

448 1084 616 1137 Τοῦτο
644 1084 775 1152 γοῦν
805 1084 1130 1155 παρίστησιν
1178 1085 1207 1136 ὁ
1245 1085 1401 1151 λόγος
1445 1081 1698 1152 φάσκωνο
1751 1083 1855 1147 Εὶς
1889 1079 2031 1144 τοὺς

444 1173 665 1239 αἰῶνας
700 1172 818 1226 τῶν
853 1172 1081 1226 αἰώνων
1118 1170 1436 1225 αὶνέσουσι
1472 1186 1546 1224 σε
1587 1172 1640 1223 οἱ
1686 1166 2031 1248 κατοικοῦν-

446 1281 546 1332 τες
582 1267 652 1319 ἐν
676 1265 756 1330 τῷ
799 1265 941 1332 οἴκῳ
977 1279 1114 1318 σου.
1147 1264 1270 1328 Πῶς
1307 1263 1352 1316 δ’
1391 1263 1457 1320 ἂν
1494 1262 1668 1325 ἄλλως
1699 1261 1913 1314 δύναιτό
1949 1277 2032 1322 τις

449 1361 528 1420 είς
552 1358 677 1419 τοὺς
710 1356 910 1419 αἰῶνας
931 1355 1041 1408 τῶν
1068 1355 1278 1411 αἰώνων
1304 1355 1396 1408 τὸν
1424 1355 1557 1408 Θεὸν
1586 1356 1755 1408 αἰνεῖν
1787 1355 1820 1424 ἢ
1854 1355 2033 1417 διαιω-

450 1448 612 1513 νίζων
642 1448 734 1502 καὶ
763 1447 944 1513 αὐτὸς,
974 1447 1141 1502 ἀΐδιόν
1165 1465 1226 1500 τε
1259 1448 1354 1500 καὶ
1392 1446 1658 1502 ἀθάνατον
1696 1445 2034 1516 κεκτημένος

449 1541 626 1610 ζωήν,
656 1537 958 1607 Μακάριος
994 1539 1149 1608 ἀνὴρ
1185 1535 1258 1595 οὗ
1281 1540 1453 1593 ἐστιν
1479 1539 1801 1607 ἀντίληψις
1846 1537 2032 1592 αὐτοῦ

446 1636 607 1704 παρὰ
639 1635 776 1700 σοῦ,
798 1635 1125 1701 ἀναϐάσεις
1147 1634 1210 1689 ἐν
1236 1634 1312 1702 τῇ
1337 1634 1548 1702 καρδίᾳ
1575 1632 1761 1688 αὐτοῦ
1786 1631 2030 1697 διέθετο,

445 1728 533 1792 εὶς
569 1726 683 1795 τὴν
708 1725 961 1780 κοιλάδα
992 1726 1100 1781 τοῦ
1147 1724 1556 1795 κλαυθμῶνος,
1593 1727 1680 1790 εἰς
1714 1723 1822 1778 τὸν
1846 1723 2034 1777 τόπον

443 1816 518 1869 ὃν
545 1817 732 1872 ἔθετο.
760 1816 1063 1889 Πληρώσας
1097 1818 1188 1870 τὸν
1233 1817 1424 1887 εἱρμὸν
1458 1818 1552 1870 καὶ
1582 1816 1682 1888 τὴν
1712 1813 2034 1869 ἀκολουθίαν

2138 633 2252 678 tum
2280 624 2333 678 in
2366 641 2548 695 regem
2597 625 2702 681 sibi
2750 626 3046 691 ascribere,
3078 633 3132 680 et
3171 625 3225 679 in
3255 625 3416 680 domo
3442 625 3562 694 cjhs
3592 640 3719 695 pcr-

2138 724 2304 786 petuo
2340 718 2608 784 habitare,
2640 733 2706 772 ex
2733 732 2842 787 quo
2877 717 2972 772 Dei
3010 717 3393 770 immortalitas
3418 723 3472 771 et
3509 724 3716 770 aeterna

2137 808 2248 863 vita
2274 810 2664 878 comparatur?
2699 809 2755 863 ld
2790 823 2924 864 sane
2953 808 3198 863 declarat
3226 806 3357 861 illud
3392 807 3536 872 :Qui
3561 806 3715 860 habi-

2139 909 2252 954 tant
2292 900 2345 953 in
2375 897 2532 960 domo
2580 909 2692 965 tua,
2724 899 2778 952 in
2810 899 3008 958 swcula
3055 897 3371 956 swculorum
3424 897 3717 956 laudabunt

2140 1000 2205 1054 te.
2243 989 2362 1059 Qua
2395 990 2610 1045 ratione
2648 997 2827 1048 autem
2857 991 2982 1060 quis
3010 991 3188 1046 valeat
3222 989 3279 1053 in
3309 989 3507 1044 saecula
3541 1005 3715 1046 szecu-

2140 1083 2318 1136 lorum
2368 1081 2536 1136 Deum
2586 1081 2830 1144 laudare,
2867 1082 2974 1137 nisi
3021 1089 3076 1138 et
3123 1083 3240 1155 ipse
3288 1090 3552 1151 perpetuo
3608 1098 3718 1137 ma-

2139 1182 2288 1239 neat,
2314 1187 2379 1232 ac
2402 1183 2660 1227 teter-nam
2698 1171 3172 1243 immortalemque
3203 1171 3480 1241 possideat
3511 1170 3721 1225 vitam?

2140 1263 2380 1320 —VEns.
2409 1264 2464 1329 6,
2499 1265 2546 1316 7.
2578 1263 2773 1319 Beatus
2807 1264 2885 1320 vir
2923 1263 3074 1332 cujus
3113 1273 3190 1318 est
3231 1263 3492 1324 auxilium
3522 1264 3613 1316 abs
3636 1272 3708 1328 te,

2141 1359 2468 1419 escensiones
2499 1356 2553 1409 in
2589 1354 2745 1410 corde
2773 1371 2869 1408 suo
2902 1354 3162 1424 disposuit
3199 1356 3252 1409 in
3283 1355 3418 1411 valle
3450 1355 3717 1423 lacrym-a-

2140 1463 2280 1510 rum,
2318 1448 2370 1499 in
2404 1446 2518 1500 loco
2547 1461 2697 1514 quem
2723 1445 2920 1514 posuit.
2959 1443 3257 1515 Postquam
3289 1445 3488 1501 seriem
3521 1443 3719 1498 verbo.

2139 1551 2372 1606 runque
2403 1537 2730 1592 sententiam
2766 1534 3100 1599 absolverat,
3133 1551 3162 1588 a
3204 1533 3563 1606 diapsalmate
3603 1547 3718 1588 ser-

2139 1628 2319 1686 monis
2358 1629 2716 1688 mutationem
2743 1626 2976 1682 orditur.
3002 1626 3370 1696 Quamobrem
3393 1641 3521 1681 cum
3562 1640 3720 1696 supe-

2140 1716 2258 1777 rius
2289 1732 2384 1772 eos
2415 1719 2509 1787 qui
2548 1717 2797 1772 habitant
2826 1717 2882 1781 in
2923 1717 3087 1772 domo
3121 1716 3216 1771 Dei
3271 1718 3460 1780 beatos
3492 1717 3719 1788 plurali-

2141 1815 2225 1864 ter
2253 1809 2506 1875 dixisset,
2534 1809 2623 1865 hic
2651 1825 2819 1865 unum
2850 1812 3162 1881 quempiam
3199 1811 3252 1864 in
3278 1810 3471 1884 primis
3495 1809 3716 1864 beatum

440 1909 543 1978 τῆς
569 1910 828 1974 διανοίας,
861 1910 1128 1980 μεταϐολῇ
1173 1910 1437 1982 κέχρηται
1465 1908 1560 1962 τοῦ
1594 1908 1752 1977 λόγου
1782 1908 1890 1962 ἀπὸ
1919 1907 2028 1960 δια-

2134 1903 2414 1974 prazdicat.
2451 1904 2622 1971 Quem
2657 1920 2808 1971 vero,
2844 1906 2953 1962 nisi
2991 1921 3115 1962 eum
3149 1906 3240 1979 qui
3274 1907 3329 1960 in
3359 1905 3500 1961 valle
3538 1905 3718 1975 lacry-

441 2001 745 2072 ψάλματος.
786 2002 984 2073 Διόπερ
1025 2003 1281 2072 ἀνωτέρω
1323 2001 1701 2072 πληθυντικῶς
1732 2000 2035 2070 μακαρίους

438 2095 566 2158 τοὺς
599 2094 988 2158 κατοικοῦντας
1024 2096 1082 2147 ἐν
1121 2093 1200 2164 τῷ
1239 2092 1375 2164 οἴκῳ
1431 2094 1524 2148 τοῦ
1555 2093 1692 2147 Θεοῦ
1727 2091 1916 2157 εἰπὼν,
1957 2093 2036 2144 ἐν·

440 2185 614 2240 ταῦθα
655 2185 754 2240 ἕνα
800 2187 922 2248 τινὰ
965 2186 1257 2256 μακαρίζει
1310 2185 1450 2240 κατὰ
1489 2185 1784 2256 ἐξαίρετον.
1817 2185 1951 2240 Τίνα
1977 2184 2037 2246 δὲ

442 2273 630 2328 τοῦτον
672 2275 704 2346 ἢ
753 2275 843 2328 τὸν
879 2276 936 2327 ἐν
974 2277 1038 2346 τῇ
1075 2275 1280 2328 κοιλάδι
1313 2274 1407 2330 τοῦ
1435 2273 1788 2345 κλαυθμῶνος
1821 2273 2036 2342 ἀντιλή-

441 2365 589 2436 ψεως
623 2370 722 2438 τῆς
753 2367 905 2440 παρὰ
933 2367 1025 2420 τοῦ
1059 2367 1193 2420 Θεοῦ
1235 2367 1559 2438 ἠξιωμένον,
1587 2366 1678 2420 τὸν
1711 2365 1804 2420 καλ⁵
1842 2365 2038 2420 ἀναϐά·

443 2474 554 2522 σεις
583 2458 854 2529 ἐσχηκότα
879 2457 1012 2512 Θεοῦ
1040 2461 1098 2512 ἐν
1122 2461 1190 2530 τῇ
1226 2459 1424 2531 καρδίᾳ
1456 2457 1662 2523 αὐτοῦς
1695 2457 1895 2512 Τοῦτον
1925 2457 2035 2528 γὰρ

443 2547 535 2599 τὸν
577 2548 744 2618 ἄνδρα
792 2546 950 2602 πάλιν
996 2545 1320 2619 μακαρίζει·
1368 2548 1482 2602 ἀλλ’
1515 2550 1576 2602 ού
1619 2548 1710 2602 τὸν
1747 2546 1856 2600 τῶν
1885 2547 2033 2618 παρά

439 2639 669 2691 Μωῦσεῖ
684 2637 1009 2708 σωματικῶν
1034 2639 1261 2693 ἐντολῶν
1295 2640 1526 2710 φύλακα.
1553 2639 1805 2702 Τοιοῦτος
1834 2639 1892 2692 δέ
1917 2640 2031 2702 ἐστι

439 2731 547 2790 πᾶς
573 2731 601 2781 ό
625 2728 1034 2800 ἀποκλᾳόμενος
1062 2731 1252 2784 ἐαυτὸν
1275 2734 1332 2784 ἐν
1358 2730 1436 2800 τῷ
1469 2729 1650 2801 θνητῷ
1689 2730 1781 2786 καὶ
1821 2729 2032 2800 ἀνθρω-

439 2817 579 2889 πίνῳ
616 2819 735 2889 βίῳ,
772 2822 865 2873 καὶ
907 2821 1006 2891 τὴν
1043 2822 1284 2890 ἐπίγειον
1329 2824 1533 2896 ταύτην
1581 2824 1724 2896 ζωὴν
1769 2825 2033 2897 βαρούμε-

2140 2011 2354 2051 marum
2402 1996 2496 2052 Dei
2530 1998 2838 2068 patrocinio
2867 1999 3147 2072 dignatur,
3192 1998 3287 2068 qui
3319 1999 3484 2060 etiam
3526 2012 3719 2054 ascen-

2139 2088 2326 2152 siones.
2345 2088 2440 2144 Dei
2472 2090 2636 2148 habet
2668 2093 2726 2146 in
2757 2092 2924 2147 corde
2962 2091 3096 2146 suo?
3129 2090 3285 2148 Hunc
3311 2090 3513 2162 quippe
3541 2091 3715 2144 virum

2138 2197 2334 2238 rursus
2365 2181 2735 2253 beatumjdicit
2754 2202 2768 2251 ;
2790 2199 2900 2239 non
2924 2191 3104 2240 autem
3126 2185 3492 2252 corporalium
3513 2182 3716 2254 Moysis

2137 2281 2537 2348 praeceptorum
2569 2275 2856 2333 cultorem.
2887 2274 3036 2330 Talis
3066 2290 3232 2345 porro
3261 2285 3346 2330 est
3372 2275 3623 2345 quisquis
3659 2275 3714 2329 in

2139 2364 2244 2418 hac
2282 2366 2499 2420 mortali
2529 2373 2584 2422 et
2627 2367 2864 2426 humana
2907 2367 3022 2424 vita
3066 2367 3308 2440 seipsum
3338 2367 3625 2440 deplorat;
3661 2374 3717 2421 et

2138 2460 2437 2520 terrenam;
2456 2459 2596 2512 hanc
2646 2460 2835 2522 vitam,
2892 2473 3056 2529 quam
3106 2443 3300 2514 vallem
3349 2459 3716 2530 lacrymarum

2135 2563 2316 2603 sermo
2361 2559 2663 2628 nuncupat,
2716 2558 2940 2618 gravate
2992 2558 3048 2604 et
3087 2566 3229 2621 aegre
3269 2550 3508 2606 sustinet
3541 2567 3555 2605 :
3587 2550 3717 2620 quia

2133 2640 2300 2710 hujus
2326 2641 2450 2695 vitze
2485 2657 2575 2697 rcs
2607 2641 2734 2698 ﬂetu
2765 2643 2942 2712 dignae
2988 2650 3137 2706 sunt,
3175 2650 3340 2713 atque
3378 2641 3718 2696 homines-in

2133 2741 2281 2788 terra
2312 2733 2572 2804 degentes
2610 2736 2866 2806 lacrymis
2899 2733 3235 2804 deploranda
3277 2739 3594 2806 perpetrant
3627 2739 3718 2788 :et

2133 2827 2260 2898 quia
2298 2828 2474 2882 sancti
2511 2827 2605 2883 Dei
2652 2829 2706 2883 in
2751 2829 2855 2882 hac
2900 2828 3009 2882 vita
3044 2827 3286 2890 ﬂetibus,
3338 2825 3634 2896 gemitibus
3663 2833 3719 2879 et

437 2925 547 2972 νος,
579 2909 646 2979 ἢν
677 2909 898 2963 κοιλάδα
928 2910 1279 2983 κλαυθμῶνος
1305 2916 1334 2966 ὀ
1369 2913 1526 2982 λόγος
1550 2915 1825 2984 ὀνομάζει,
1856 2914 1943 2968 διὰ
1970 2914 2028 2967 τὸ

2130 2916 2394 2971 aerumnis
2431 2916 2617 2972 traditi
2655 2927 2784 2972 sunt
2819 2919 3122 2976 secundum
3152 2909 3509 2987 'Apostolum.
3555 2914 3718 2981 Quis-

439 2999 718 3071 κλαυθμοῦ
751 3000 875 3066 ἀξια
911 2997 1050 3055 εἶναι
1082 3003 1151 3056 τά
1186 3003 1440 3068 ἐνταῦθα,
1489 3003 1768 3074 κλαυθμοῦ
1812 3022 1872 3058 τε
1903 3005 2028 3071 ἀξια

2130 3007 2254 3078 quis
2296 3023 2427 3078 ergo
2476 3010 2530 3062 in
2568 3009 2710 3064 valle
2741 3009 3128 3081 lacrymarum,
3176 3009 3229 3067 id
3270 3017 3354 3064 est
3407 3008 3461 3061 in
3494 3008 3714 3062 mortali

439 3093 700 3164 πράττειν
728 3095 852 3156 τοὺς
886 3095 977 3147 ἐπὶ
1019 3097 1123 3165 γῆς
1165 3093 1504 3166 ἀνθρώπους,
1535 3098 1628 3150 καὶ
1664 3095 1753 3149 διὰ
1793 3097 1854 3148 τὸ
1901 3098 2028 3160 τοὺς

2130 3099 2240 3153 vita
2287 3101 2598 3170 patrocinio
2654 3099 2750 3156 Dei
2794 3101 3029 3167 fruitur,
3098 3117 3228 3156 vere
3280 3102 3474 3155 beatus
3524 3099 3713 3162 fuerit,

436 3184 626 3251 ἁγίους
653 3185 746 3238 τοῦ
769 3185 904 3238 Θεοῦ
929 3186 1071 3240 κατά
1097 3187 1188 3239 τὸν
1215 3187 1460 3258 παρόντα
1490 3188 1604 3258 βίον
1633 3187 2026 3256 άποκλᾴεσθαι,

2130 3189 2350 3262 quando
2388 3193 2625 3248 maxime
2655 3194 3011 3250 ascensiones
3039 3193 3132 3248 Dei
3167 3194 3221 3247 in
3261 3193 3428 3248 corde
3453 3193 3573 3262 ejus
3618 3207 3715 3261 po-

439 3274 794 3338 στενάξοντας
834 3277 931 3329 καὶ
970 3276 1341 3348 βαρουμένους
1378 3277 1520 3332 κατὰ
1556 3280 1648 3332 τὸν
1687 3281 2027 3335 Ἀπόστολον.

2134 3282 2255 3337 sita:
2285 3293 2433 3338 sunt.
2463 3282 2601 3338 Cum
2623 3285 2770 3340 enim
2800 3285 2893 3342 alii
2923 3286 3172 3341 homines
3206 3283 3534 3340 mortalibus
3563 3283 3716 3354 cogi-

436 3365 551 3428 Πᾶς
579 3361 670 3419 οὖν
702 3367 730 3418 ὁ
763 3367 821 3419 ἐν
852 3369 918 3438 τῇ
969 3367 1168 3421 κοιλάδι
1201 3367 1295 3420 τοῦ
1329 3368 1708 3442 κλαυθμῶνος,
1753 3372 2028 3426 τουτέστιν

2134 3362 2437 3432 tationibus
2487 3378 2542 3432 in
2579 3388 2806 3452 peccata
2853 3379 3032 3434 onmis
3073 3380 3290 3451 generis
3331 3379 3712 3445 detrahantur,

434 3456 494 3508 ἐν
538 3455 614 3525 τῷ
666 3456 844 3528 θνητῷ
894 3458 995 3528 βίῳ
1049 3459 1148 3528 τῆς
1196 3459 1346 3530 παρὰ
1387 3459 1476 3513 τοῦ
1520 3461 1657 3514 Θεοῦ
1693 3463 2028 3534 ἀντιλήψεως

2136 3467 2555 3540 (Ιαηιιοηυηιιιυε
2586 3471 2874 3526 conatibus
2921 3485 2984 3524 ac
3019 3471 3383 3541 malignorum
3419 3469 3712 3540 spirituum

432 3549 745 3616 τυγχάνων,
805 3550 1072 3622 μακάριος
1120 3552 1336 3622 ἀληθῶς
1387 3552 1452 3606 ἂν
1489 3553 1608 3624 εἴη,
1657 3555 1745 3607 ὅτε
1796 3555 2028 3625 μάλιστα

2132 3562 2580 3632 suggestionibus
2604 3563 3062 3633 supplantentur;
3092 3564 3184 3633 qui
3225 3577 3416 3617 eorum
3441 3561 3713 3616 machinis

431 3638 724 3702 ἀναϐάσεις
763 3641 856 3694 τοῦ
896 3642 1029 3695 Θεοῦ
1076 3644 1134 3696 ἐν
1189 3647 1254 3715 τῇ
1312 3645 1509 3717 καρδίᾳ
1552 3647 1714 3700 αὑτοῦ
1757 3648 2024 3715 γίνονται.

431 3729 553 3782 Τῶν
579 3729 688 3802 γὰρ
716 3731 890 3785 ἄλλων
924 3733 1230 3803 ἀνθρώπων
1267 3735 1480 3805 θνητοῖς
1517 3737 1798 3808 λογισμοῖς
1835 3739 2030 3793 καθελ-

434 3819 679 3889 κομένων
704 3823 784 3884 είς
816 3824 924 3874 πᾶν
959 3818 1099 3885 εἶδος
1131 3823 1427 3896 ἁμαρτίας,
1466 3825 1602 3880 ἀλλά
1630 3828 1725 3880 κα)⁸
1757 3827 2026 3898 δαιμόνων

431 3909 730 3976 ἐπιϐολαῖς,
762 3912 855 3964 καὶ
888 3913 1135 3983 πονηρῶν
1169 3916 1497 3985 πνευμάτων
1530 3917 1860 3989 ἐνθυμήσεσι
1895 3919 2027 3973 ὐπο-

432 4000 848 4073 σκελιζομένων,
904 4005 933 4057 ὁ
991 4007 1066 4076 μὴ
1109 4005 1319 4070 τούτοις
1364 4009 1740 4080 ἁλισκόμενος,
1783 4011 1925 4067 κατά
1967 4012 2024 4066 δὲ

426 4091 563 4144 Θεοῦ
587 4093 746 4164 χάριν
773 4095 1066 4159 ἀναϐάσεις
1099 4097 1311 4166 ἀγαθὰς
1344 4100 1435 4154 καὶ
1467 4101 1761 4172 λογισμοὺς
1790 4104 1854 4156 ἐκ
1885 4102 2021 4156 Θεοῦ

426 4185 810 4255 πεμπομένους
861 4187 918 4239 ἐν
962 4189 1029 4258 τῇ
1085 4189 1281 4261 καρδίᾳ
1321 4191 1485 4243 αὐτοῦ
1538 4191 1836 4262 κτώμενος,
1867 4187 2022 4256 οὗτος

424 4272 640 4344 ἀληθῶς
688 4280 976 4350 μακάριος,
1007 4281 1036 4332 ὁ
1081 4281 1176 4334 καὶ
1199 4282 1289 4335 διά
1325 4283 1527 4348 παντὸς
1557 4285 1827 4338 κατοικῶν
1855 4289 1912 4339 ἐν
1941 4285 2020 4357 τῷ

424 4365 559 4436 οἴκῳ
589 4367 680 4420 τοῦ
717 4367 874 4433 Θεοῦ,
902 4373 997 4424 καὶ
1036 4372 1226 4446 ὥσπερ
1277 4376 1455 4447 ἱερεύς
1500 4394 1585 4440 τις
1633 4377 1772 4452 μόνῃ
1819 4382 1884 4451 τῇ
1927 4379 2020 4432 λα-

423 4456 581 4527 τρεία
610 4457 703 4510 τοῦ
731 4459 865 4512 Θεοῦ
903 4462 1210 4530 σχολάζων,
1237 4466 1332 4519 καὶ
1377 4467 1645 4540 μακάριος
1671 4463 1838 4532 -οῦτος
1857 4488 1868 4499 ·
1921 4473 2016 4525 ἀτε

424 4547 643 4615 πρῶτον
672 4551 768 4617 μὲν
813 4553 1183 4627 ἀντιλήπτορα
1232 4557 1370 4629 ἔχων
1418 4559 1511 4612 τὸν
1551 4560 1682 4613 Θεὸν
1721 4561 2016 4634 βοηθοῦντα

421 4635 590 4706 αὐτῷ,
631 4637 724 4690 καί
755 4640 1286 4714 ἀντιλαμϐανόμενον
1330 4649 1387 4700 ἐν
1438 4650 1641 4714 πάσαις
1685 4651 1848 4705 αὐτοῦ
1895 4656 2015 4716 ταῖς
2048 4643 2092 4696 Ῑ)

421 4725 716 4796 πράξεσινο
744 4730 935 4785 ἔπειτα
969 4737 1305 4806 κεκτημένος
1331 4739 1626 4804 ἀναϐάσεις
1665 4742 1798 4796 Θεοῦ
1846 4746 1904 4797 ἐν
1943 4748 2009 4816 τῇ

422 4817 618 4889 καρδία
648 4821 812 4874 αὐτοῦ
834 4839 848 4852 °
877 4825 1115 4896 ἀγαθοὺς
1151 4827 1210 4880 δὲ
1251 4828 1543 4902 λογισμοὺς
1576 4835 1930 4904 σημαίνουσιν
1956 4840 2011 4889 αἱ

420 4908 714 5000 ἀναϐάσεις
745 4915 840 4968 καὶ
865 4915 1076 4985 ἀγαθὰς
1100 4919 1426 4992 ἐνθυμήσεις
1447 4924 1546 4988 τὰς
1573 4927 1714 4980 κατά
1738 4928 1872 4990 Θεοῦ
1900 4929 2016 5000 βου-

420 4997 515 5070 λὴν
546 5002 800 5068 ἀνιούσας
836 5008 930 5060 καὶ
969 5010 1372 5082 ἀνατρεχούσας
1404 5016 1496 5068 ἐπ)⁸
1528 5015 1625 5088 τὴν
1651 5019 1873 5090 μνήμην
1901 4997 2013 5075 Ἵτοῦ

421 5092 882 5164 μακαριζομένου.
909 5099 1019 5172 Νοή
1030 5120 1140 5166 σεις
1161 5105 1217 5157 δὲ
1240 5104 1398 5160 τοῦτο
1419 5107 1685 5178 παραθεὶς
1709 5110 1799 5164 τό·
1832 5111 2009 5165 Ὅταν

416 5178 710 5235 διώκωσιν
736 5184 889 5257 ὑμᾶς
919 5191 1019 5245 καὶ
1051 5191 1278 5262 ἄγωσιν
1313 5199 1401 5261 εἰς
1425 5197 1734 5266 συνέδρια,
1773 5202 1860 5272 μὴ
1897 5222 2006 5273 με-

2129 3667 2241 3710 non
2263 3654 2498 3723 capitur,
2531 3653 2626 3709 sed
2656 3653 2748 3709 Dei
2781 3655 2957 3726 gratia
3000 3656 3355 3712 ascensiones
3399 3655 3572 3712 bonas
3596 3663 3652 3710 et
3679 3670 3711 3708 ιι

2128 3742 2240 3798 Deo
2265 3745 2463 3800 missas
2496 3745 2862 3816 cogitationes
2895 3748 2952 3803 in
2985 3749 3152 3804 corde
3187 3763 3289 3804 suo
3316 3747 3581 3820 possidet,
3619 3747 3710 3801 hic

2126 3849 2254 3889 vere
2290 3836 2519 3903 beatus;
2554 3836 2648 3906 qui
2682 3839 2848 3892 etiam
2892 3839 2946 3894 in
2976 3840 3141 3894 domo
3178 3840 3270 3895 Dei
3306 3856 3524 3911 semper
3563 3840 3711 3896 babi-

2127 3933 2225 3992 tat,
2261 3937 2315 3982 et
2347 3929 2506 3998 quasi
2540 3928 2801 3985 sacerdos
2843 3931 3118 4002 quispiam
3149 3933 3253 3988 soli
3290 3931 3382 3991 Dei
3422 3933 3594 3988 cultui
3623 3949 3710 3988 va-

2125 4025 2235 4084 cat,
2275 4033 2410 4075 sane
2457 4030 2510 4075 et
2553 4021 2749 4078 beatus
2795 4022 2885 4077 ille
2919 4043 2931 4077 :
2961 4025 3139 4092 primo
3181 4024 3310 4098 quia
3355 4025 3410 4078 in
3451 4023 3708 4080 omnibus

2125 4110 2339 4170 actibus
2363 4111 2482 4167 suis
2507 4111 2676 4167 Deum
2703 4113 2867 4171 habet
2897 4123 3275 4184 susceptorem
3299 4121 3360 4169 et.
3377 4122 3707 4185 patronum;

2122 4198 2319 4254 deinde
2359 4200 2490 4270 quia
2545 4202 2908 4258 ascensiones.
2953 4201 3051 4260 Dei
3109 4203 3165 4260 in
3212 4204 3378 4266 corde
3423 4203 3704 4273 possidet;

2120 4291 2322 4361 quibus
2351 4293 2768 4352 ascensionibus
2800 4296 3186 4366 signiﬁcantur
3214 4297 3576 4367 cogitationes
3605 4297 3705 4352 bo-

2119 4399 2224 4448 nae,
2251 4399 2372 4454 quae
2398 4400 2464 4442 ex
2491 4384 2588 4441 Dei
2617 4395 2753 4441 nutu
2785 4388 2840 4440 in
2872 4389 3194 4445 memoriam
3233 4389 3354 4457 ejus
3384 4389 3478 4459 qui
3510 4389 3706 4445 beatus

2117 4476 2450 4545 praedicatur
2478 4477 2786 4536 ascendunt
2814 4487 2870 4535 et
2899 4489 3222 4538 accurrunt.
3255 4479 3308 4534 Id
3343 4465 3508 4550 porro
3544 4481 3703 4535 intel-

2117 4567 2276 4639 ligas,
2323 4569 2370 4625 si
2418 4569 2547 4626 huic
2589 4571 2736 4627 dicto
2789 4573 3047 4631 conferas
3077 4574 3212 4630 illud
3235 4575 3280 4607 ’⁸
3309 4594 3322 4628 :
3350 4572 3484 4630 Cum
3527 4588 3703 4636 perse-

2119 4669 2342 4728 quentur
2379 4679 2468 4716 vos
2515 4673 2566 4719 et
2601 4663 2865 4722 adducent
2895 4668 2952 4720 in
2988 4668 3237 4730 concilia,
3269 4667 3430 4727 nolite
3471 4668 3702 4738 cogitare

2119 4755 2376 4824 quomodo
2427 4769 2521 4811 aut
2563 4761 2692 4828 quid
2742 4762 3031 4832 loquamini
3061 4776 3078 4814 :
3108 4761 3326 4824 dabitur
3374 4763 3514 4816 enim
3559 4760 3716 4820 vobis.

2119 4863 2290 4900 sermo
2316 4848 2372 4900 in
2407 4853 2676 4917 apertione
2707 4855 2815 4907 oris
2860 4855 3018 4908 vestri
3041 4854 3106 4908 ’9.
3137 4851 3262 4907 Non
3293 4856 3432 4908 enim
3459 4871 3546 4909 vos
3575 4853 3700 4908 estis

2119 4940 2209 5010 qui
2248 4941 2562 5012 loquimini,
2614 4946 2704 5000 sed
2743 4946 2976 5014 Spiritus
3029 4946 3214 5004 Patris
3267 4951 3458 5012 vestri,
3511 4950 3602 5018 qui
3645 4949 3700 5002 in

2120 5029 2265 5084 catis
2289 5041 2389 5095 est,
2429 5034 2520 5103 qui
2553 5035 2787 5105 loquitur
2818 5037 2871 5090 in
2910 5037 3074 5100 vobis.
3106 5036 3242 5092 Nam
3280 5039 3329 5094 is
3356 5038 3410 5092 in
3435 5054 3545 5108 quo
3576 5036 3700 5107 Spi-

2118 5121 2259 5178 ritus
2295 5121 2392 5178 Dei
2438 5125 2700 5196 loquitur,
2748 5129 2802 5182 in
2827 5128 2992 5184 corde
3024 5129 3380 5185 ascensiones
3434 5127 3524 5184 Dei
3555 5128 3698 5182 obti-

2114 5221 2229 5268 net.
2266 5212 2419 5271 Unde
2449 5218 2644 5273 merito
2671 5219 2864 5280 beatus
2891 5221 3241 5292 praedicatur.
3275 5221 3328 5275 Is
3357 5222 3474 5291 ipse
3497 5221 3552 5274 in
3577 5219 3698 5274 loco

406 5273 744 5377 ,ρίανήονησε
787 5292 914 5377 πῶς
959 5280 997 5349 ἢ
1042 5284 1099 5336 τι
1135 5286 1478 5356 λαλήσητεο
1533 5289 1853 5362 δοθήσεται
1895 5297 2007 5366 γὰρ

2130 5302 2294 5371 letus,
2332 5307 2385 5362 id
2403 5317 2509 5373 est,
2553 5310 2610 5365 in
2646 5311 2767 5366 loco
2801 5273 3042 5377 terreno,
3083 5312 3178 5368 Dei
3210 5273 3598 5368 testamentum
3643 5320 3697 5368 et

411 5365 556 5468 ὑμῖν
581 5365 615 5416 ὀ
635 5367 820 5434 λόγος
838 5368 910 5422 ἐν
932 5371 1159 5438 ἀνοίξει
1209 5377 1316 5430 τοῦ
1365 5381 1663 5450 στόματος
1695 5382 1880 5452 ὑμῶν.

2130 5365 2328 5467 ιιοᾳυία
2358 5365 2611 5472 ejusrceu
2642 5365 3176 5476 legatione'fun'gen‘s
3201 5365 3486 5476 disposuit.

740 5461 907 5573 fath
936 5469 990 5573 al
1025 5471 1386 5573 ἐαυξοῦντεςξ
1645 5478 1712 5532 τὸ
1757 5482 2002 5552 Πνεῦμα
2038 5489 2145 5545 τοῦ
2184 5461 2415 5564 ἡατρὸς
2443 5499 2610 5568 ὑμῶν
2640 5461 2746 5554 τοῦ
2773 5501 2844 5554 ἐν
2872 5461 3151 5570 οὐρανοῖς
3191 5503 3257 5557 τὸ
3288 5461 3299 5476 Ι
3329 5505 3567 5559 λαλοῦν
3625 5504 3694 5558 έν.

938 5559 1249 5670 τὶξῖνεῦἒξξι
1287 5565 1401 5670 τῷ.
1421 5568 1556 5670 Θερῦ
1606 5571 1774 5670 λαλεῖ,
1804 5577 1996 5633 τούτου
2033 5551 2329 5654 ἀναϐάσεις
2368 5551 2592 5648 ἐν
3064 5551 3696 5667 ὀξῖγᾷοξρταξίῖιῖεικά

408 5654 544 5774 :3;
556 5645 1146 5774 εῗῗῖξέἷῗαιοὶθῖδτξξ
1185 5654 1241 5709 δὲ
1281 5659 1445 5774 ῗῦτξς
1485 5663 1542 5714 ἐν
1582 5663 1873 5774 ῗῖὶχωρίῳ
1907 5671 2001 5726 τοῦ
2043 5675 2413 5752 κλαυθμῶνος,
2443 5645 2721 5744 τουτέστιῦ
2747 5645 2813 5745 si:
2827 5689 2906 5762 τῷ
2958 5645 3223 5764 περιγείῳ
3249 5692 3400 5764 τόπῳ
3437 5692 3540 5774 τὴν
3593 5691 3692 5753 τοῦ

411 5732 544 5786 Θεοῦ
567 5739 839 5811 suum
869 5745 1054 5800 καὶτὰ
1081 5746 1240 5817 λόγια
1265 5751 1428 5807 αὐτοῦ
1451 5732 2076 5826 πρεσσεύςντίέθετομ
2117 5732 2413 5752 ‘
2747 5732 2805 5745 "
2838 5732 2906 5762 ’τ
2964 5732 3223 5768 πνινν
3259 5732 3399 5772 "'“r
3448 5732 3538 5774 ’ν

482 5847 526 5893 ⁸⁸
567 5850 753 5916 Matth.
792 5873 858 5923 χ,
897 5859 982 5929 19,
1016 5864 1106 5917 20.
1183 5869 1229 5901 ⁸³
1271 5867 1468 5949 Ephes.
1505 5890 1594 5941 vr,
1631 5876 1712 5933 l9.
