  <div class='ocr_page' id='page_1' title='image "/cluster/home/n/w/nwhite01/storage/ocr_20150623/23:no.5/coo.31924054873033/521.png"; bbox 0 0 4066 6406; ppageno 0'>
   <div class='ocr_carea' id='block_1_1' title="bbox 375 457 510 513">
    <p class='ocr_par' dir='ltr' id='par_1_1' title="bbox 375 457 510 513">
     <span class='ocr_line' id='line_1_1' title="bbox 375 457 510 513; baseline 0.007 -2"><span class='ocrx_word' id='word_1_1' title='bbox 375 457 510 513; x_wconf 89' lang='grc'><strong>1011</strong></span> 
     </span>
    </p>
   </div>
   <div class='ocr_carea' id='block_1_2' title="bbox 445 573 2024 648">
    <p class='ocr_par' dir='ltr' id='par_1_2' title="bbox 445 573 2024 648">
     <span class='ocr_line' id='line_1_2' title="bbox 445 573 2024 648; baseline 0.001 -20"><span class='ocrx_word' id='word_1_2' title='bbox 445 575 552 628; x_wconf 85' lang='lat' dir='ltr'><strong>Pro</strong></span> <span class='ocrx_word' id='word_1_3' title='bbox 588 574 679 629; x_wconf 90' lang='lat' dir='ltr'><strong>illo</strong></span> <span class='ocrx_word' id='word_1_4' title='bbox 725 582 903 629; x_wconf 79' lang='lat' dir='ltr'><strong>autem</strong></span> <span class='ocrx_word' id='word_1_5' title='bbox 927 617 940 637; x_wconf 94' lang='lat'><strong>,</strong></span> <span class='ocrx_word' id='word_1_6' title='bbox 981 573 1249 642; x_wconf 80' lang='lat' dir='ltr'><strong>Disposuit</strong></span> <span class='ocrx_word' id='word_1_7' title='bbox 1305 577 1358 630; x_wconf 89' lang='lat' dir='ltr'><strong>in</strong></span> <span class='ocrx_word' id='word_1_8' title='bbox 1383 577 1519 631; x_wconf 81' lang='lat' dir='ltr'><strong>valle</strong></span> <span class='ocrx_word' id='word_1_9' title='bbox 1552 578 1946 648; x_wconf 83' lang='lat' dir='ltr'><strong>lacrymarum,</strong></span> <span class='ocrx_word' id='word_1_10' title='bbox 1980 584 2024 640; x_wconf 73' lang='grc' dir='ltr'><strong>Α</strong></span> 
     </span>
    </p>
   </div>
   <div class='ocr_carea' id='block_1_3' title="bbox 374 664 1948 738">
    <p class='ocr_par' dir='ltr' id='par_1_3' title="bbox 374 664 1948 738">
     <span class='ocr_line' id='line_1_3' title="bbox 374 664 1948 738; baseline 0.004 -21"><span class='ocrx_word' id='word_1_11' title='bbox 374 664 735 736; x_wconf 83' lang='lat' dir='ltr'><strong>Symmachus</strong></span> <span class='ocrx_word' id='word_1_12' title='bbox 766 671 846 720; x_wconf 83' lang='lat' dir='ltr'><strong>sic</strong></span> <span class='ocrx_word' id='word_1_13' title='bbox 867 665 1048 728; x_wconf 86' lang='lat' dir='ltr'><strong>habet.</strong></span> <span class='ocrx_word' id='word_1_14' title='bbox 1076 665 1437 736; x_wconf 81' lang='lat' dir='ltr'><strong>Pra&#39;grediens</strong></span> <span class='ocrx_word' id='word_1_15' title='bbox 1468 669 1656 722; x_wconf 73' lang='lat' dir='ltr'><strong>vallem</strong></span> <span class='ocrx_word' id='word_1_16' title='bbox 1680 669 1948 738; x_wconf 78' lang='lat' dir='ltr'><strong>plorabat.</strong></span> 
     </span>
    </p>
   </div>
   <div class='ocr_carea' id='block_1_4' title="bbox 374 755 1949 830">
    <p class='ocr_par' dir='ltr' id='par_1_4' title="bbox 374 755 1949 830">
     <span class='ocr_line' id='line_1_4' title="bbox 374 755 1949 830; baseline 0.003 -21"><span class='ocrx_word' id='word_1_17' title='bbox 374 755 471 810; x_wconf 79' lang='lat' dir='ltr'><strong>Hic</strong></span> <span class='ocrx_word' id='word_1_18' title='bbox 507 771 672 826; x_wconf 91' lang='lat' dir='ltr'><strong>porro</strong></span> <span class='ocrx_word' id='word_1_19' title='bbox 706 772 802 826; x_wconf 86' lang='lat' dir='ltr'><strong>per</strong></span> <span class='ocrx_word' id='word_1_20' title='bbox 824 758 1015 812; x_wconf 81' lang='lat' dir='ltr'><strong>vallem</strong></span> <span class='ocrx_word' id='word_1_21' title='bbox 1043 759 1428 830; x_wconf 86' lang='lat' dir='ltr'><strong>lacrymarum,</strong></span> <span class='ocrx_word' id='word_1_22' title='bbox 1456 761 1751 815; x_wconf 83' lang='lat' dir='ltr'><strong>humanam</strong></span> <span class='ocrx_word' id='word_1_23' title='bbox 1782 761 1949 814; x_wconf 87' lang='lat' dir='ltr'><strong>vitam</strong></span> 
     </span>
    </p>
   </div>
   <div class='ocr_carea' id='block_1_5' title="bbox 370 854 1951 928">
    <p class='ocr_par' dir='ltr' id='par_1_5' title="bbox 370 854 1951 928">
     <span class='ocr_line' id='line_1_5' title="bbox 370 854 1951 928; baseline 0.004 -22"><span class='ocrx_word' id='word_1_24' title='bbox 370 854 603 909; x_wconf 84' lang='lat' dir='ltr'><strong>indicari</strong></span> <span class='ocrx_word' id='word_1_25' title='bbox 640 855 901 920; x_wconf 75' lang='lat' dir='ltr'><strong>diximus,</strong></span> <span class='ocrx_word' id='word_1_26' title='bbox 960 870 1120 926; x_wconf 91' lang='lat' dir='ltr'><strong>quam</strong></span> <span class='ocrx_word' id='word_1_27' title='bbox 1158 857 1203 910; x_wconf 92' lang='lat' dir='ltr'><strong>is</strong></span> <span class='ocrx_word' id='word_1_28' title='bbox 1233 857 1325 926; x_wconf 91' lang='lat' dir='ltr'><strong>qui</strong></span> <span class='ocrx_word' id='word_1_29' title='bbox 1379 855 1572 912; x_wconf 87' lang='lat' dir='ltr'><strong>beatus</strong></span> <span class='ocrx_word' id='word_1_30' title='bbox 1622 857 1951 928; x_wconf 75' lang='lat' dir='ltr'><strong>przedicatur</strong></span> 
     </span>
    </p>
   </div>
   <div class='ocr_carea' id='block_1_6' title="bbox 370 944 1948 1018">
    <p class='ocr_par' dir='ltr' id='par_1_6' title="bbox 370 944 1948 1018">
     <span class='ocr_line' id='line_1_6' title="bbox 370 944 1948 1018; baseline 0.003 -20"><span class='ocrx_word' id='word_1_31' title='bbox 370 944 748 1014; x_wconf 88' lang='lat' dir='ltr'><strong>pertransiens</strong></span> <span class='ocrx_word' id='word_1_32' title='bbox 767 953 822 1000; x_wconf 92' lang='lat' dir='ltr'><strong>et</strong></span> <span class='ocrx_word' id='word_1_33' title='bbox 857 948 1244 1002; x_wconf 84' lang='lat' dir='ltr'><strong>transcurrens</strong></span> <span class='ocrx_word' id='word_1_34' title='bbox 1269 947 1426 1017; x_wconf 88' lang='lat' dir='ltr'><strong>quasi</strong></span> <span class='ocrx_word' id='word_1_35' title='bbox 1449 948 1655 1002; x_wconf 85' lang='lat' dir='ltr'><strong>advena</strong></span> <span class='ocrx_word' id='word_1_36' title='bbox 1675 949 1948 1018; x_wconf 86' lang='lat' dir='ltr'><strong>quispiam</strong></span> 
     </span>
    </p>
   </div>
   <div class='ocr_carea' id='block_1_7' title="bbox 368 1035 1952 1109">
    <p class='ocr_par' dir='ltr' id='par_1_7' title="bbox 368 1035 1952 1109">
     <span class='ocr_line' id='line_1_7' title="bbox 368 1035 1952 1109; baseline 0.003 -20"><span class='ocrx_word' id='word_1_37' title='bbox 368 1042 424 1089; x_wconf 91' lang='lat' dir='ltr'><strong>et</strong></span> <span class='ocrx_word' id='word_1_38' title='bbox 454 1035 798 1104; x_wconf 87' lang='lat' dir='ltr'><strong>peregrinus,</strong></span> <span class='ocrx_word' id='word_1_39' title='bbox 831 1035 1077 1091; x_wconf 69' lang='lat' dir='ltr'><strong>caelestis</strong></span> <span class='ocrx_word' id='word_1_40' title='bbox 1109 1036 1299 1106; x_wconf 69' lang='lat' dir='ltr'><strong>patria:</strong></span> <span class='ocrx_word' id='word_1_41' title='bbox 1341 1051 1527 1093; x_wconf 89' lang='lat' dir='ltr'><strong>amore</strong></span> <span class='ocrx_word' id='word_1_42' title='bbox 1556 1037 1815 1109; x_wconf 78' lang='lat' dir='ltr'><strong>ﬂagrans,</strong></span> <span class='ocrx_word' id='word_1_43' title='bbox 1855 1037 1952 1093; x_wconf 86' lang='lat' dir='ltr'><strong>lle-</strong></span> 
     </span>
    </p>
   </div>
   <div class='ocr_carea' id='block_1_8' title="bbox 367 1124 1950 1200">
    <p class='ocr_par' dir='ltr' id='par_1_8' title="bbox 367 1124 1950 1200">
     <span class='ocr_line' id='line_1_8' title="bbox 367 1124 1950 1200; baseline 0.006 -23"><span class='ocrx_word' id='word_1_44' title='bbox 367 1124 519 1179; x_wconf 82' lang='lat' dir='ltr'><strong>tibus</strong></span> <span class='ocrx_word' id='word_1_45' title='bbox 576 1125 944 1196; x_wconf 80' lang='lat' dir='ltr'><strong>lacrymisque</strong></span> <span class='ocrx_word' id='word_1_46' title='bbox 982 1126 1378 1182; x_wconf 84' lang='lat' dir='ltr'><strong>beatitudinem</strong></span> <span class='ocrx_word' id='word_1_47' title='bbox 1425 1128 1773 1200; x_wconf 89' lang='lat' dir='ltr'><strong>parientibus</strong></span> <span class='ocrx_word' id='word_1_48' title='bbox 1827 1145 1950 1186; x_wconf 89' lang='lat' dir='ltr'><strong>sese</strong></span> 
     </span>
    </p>
   </div>
   <div class='ocr_carea' id='block_1_9' title="bbox 370 1216 1952 1291">
    <p class='ocr_par' dir='ltr' id='par_1_9' title="bbox 370 1216 1952 1291">
     <span class='ocr_line' id='line_1_9' title="bbox 370 1216 1952 1291; baseline 0.005 -23"><span class='ocrx_word' id='word_1_49' title='bbox 370 1224 630 1281; x_wconf 77' lang='lat' dir='ltr'><strong>macerat,</strong></span> <span class='ocrx_word' id='word_1_50' title='bbox 668 1216 966 1270; x_wconf 90' lang='lat' dir='ltr'><strong>secundum</strong></span> <span class='ocrx_word' id='word_1_51' title='bbox 1006 1217 1172 1282; x_wconf 90' lang='lat' dir='ltr'><strong>illud,</strong></span> <span class='ocrx_word' id='word_1_52' title='bbox 1211 1217 1368 1272; x_wconf 81' lang='lat' dir='ltr'><strong>Beati</strong></span> <span class='ocrx_word' id='word_1_53' title='bbox 1391 1219 1483 1288; x_wconf 89' lang='lat' dir='ltr'><strong>qui</strong></span> <span class='ocrx_word' id='word_1_54' title='bbox 1507 1218 1684 1289; x_wconf 86' lang='lat' dir='ltr'><strong>lugent</strong></span> <span class='ocrx_word' id='word_1_55' title='bbox 1707 1220 1772 1276; x_wconf 76' lang='lat'><strong>’°.</strong></span> <span class='ocrx_word' id='word_1_56' title='bbox 1804 1219 1952 1291; x_wconf 83' lang='lat' dir='ltr'><strong>Qua-</strong></span> 
     </span>
    </p>
   </div>
   <div class='ocr_carea' id='block_1_10' title="bbox 367 1303 1952 1380">
    <p class='ocr_par' dir='ltr' id='par_1_10' title="bbox 367 1303 1952 1380">
     <span class='ocr_line' id='line_1_10' title="bbox 367 1303 1952 1380; baseline 0.006 -22"><span class='ocrx_word' id='word_1_57' title='bbox 367 1305 436 1359; x_wconf 93' lang='lat' dir='ltr'><strong>lis</strong></span> <span class='ocrx_word' id='word_1_58' title='bbox 469 1314 586 1358; x_wconf 90' lang='lat' dir='ltr'><strong>erat</strong></span> <span class='ocrx_word' id='word_1_59' title='bbox 613 1303 816 1360; x_wconf 89' lang='lat' dir='ltr'><strong>Paulus</strong></span> <span class='ocrx_word' id='word_1_60' title='bbox 860 1308 952 1376; x_wconf 89' lang='lat' dir='ltr'><strong>qui</strong></span> <span class='ocrx_word' id='word_1_61' title='bbox 983 1307 1112 1360; x_wconf 88' lang='lat' dir='ltr'><strong>talia</strong></span> <span class='ocrx_word' id='word_1_62' title='bbox 1147 1307 1295 1362; x_wconf 80' lang='lat' dir='ltr'><strong>fatur</strong></span> <span class='ocrx_word' id='word_1_63' title='bbox 1326 1327 1338 1362; x_wconf 90' lang='lat'>:</span> <span class='ocrx_word' id='word_1_64' title='bbox 1375 1307 1489 1363; x_wconf 85' lang='lat' dir='ltr'><strong>Nos</strong></span> <span class='ocrx_word' id='word_1_65' title='bbox 1540 1311 1631 1380; x_wconf 83' lang='lat' dir='ltr'><strong>qui</strong></span> <span class='ocrx_word' id='word_1_66' title='bbox 1674 1328 1854 1366; x_wconf 88' lang='lat' dir='ltr'><strong>sumus</strong></span> <span class='ocrx_word' id='word_1_67' title='bbox 1895 1311 1952 1367; x_wconf 87' lang='lat' dir='ltr'><strong>in</strong></span> 
     </span>
    </p>
   </div>
   <div class='ocr_carea' id='block_1_11' title="bbox 370 1399 1949 1479">
    <p class='ocr_par' dir='ltr' id='par_1_11' title="bbox 370 1399 1949 1479">
     <span class='ocr_line' id='line_1_11' title="bbox 370 1399 1949 1479; baseline 0.004 -27"><span class='ocrx_word' id='word_1_68' title='bbox 370 1399 735 1464; x_wconf 84' lang='lat' dir='ltr'><strong>tabernaculo,</strong></span> <span class='ocrx_word' id='word_1_69' title='bbox 786 1402 1177 1471; x_wconf 84' lang='lat' dir='ltr'><strong>ingemiscimus</strong></span> <span class='ocrx_word' id='word_1_70' title='bbox 1207 1404 1418 1479; x_wconf 79' lang='lat' dir='ltr'><strong>gravati</strong></span> <span class='ocrx_word' id='word_1_71' title='bbox 1451 1403 1516 1456; x_wconf 81' lang='lat'><strong>“.</strong></span> <span class='ocrx_word' id='word_1_72' title='bbox 1550 1403 1656 1458; x_wconf 88' lang='lat' dir='ltr'><strong>Pro</strong></span> <span class='ocrx_word' id='word_1_73' title='bbox 1708 1404 1802 1459; x_wconf 92' lang='lat' dir='ltr'><strong>illo</strong></span> <span class='ocrx_word' id='word_1_74' title='bbox 1848 1420 1949 1459; x_wconf 86' lang='lat' dir='ltr'><strong>au-</strong></span> 
     </span>
    </p>
   </div>
   <div class='ocr_carea' id='block_1_12' title="bbox 368 1490 1952 1565">
    <p class='ocr_par' dir='ltr' id='par_1_12' title="bbox 368 1490 1952 1565">
     <span class='ocr_line' id='line_1_12' title="bbox 368 1490 1952 1565; baseline 0.004 -21"><span class='ocrx_word' id='word_1_75' title='bbox 368 1490 588 1556; x_wconf 83' lang='lat' dir='ltr'><strong>tem,ln</strong></span> <span class='ocrx_word' id='word_1_76' title='bbox 621 1492 733 1546; x_wconf 77' lang='lat' dir='ltr'><strong>loco</strong></span> <span class='ocrx_word' id='word_1_77' title='bbox 776 1510 927 1564; x_wconf 84' lang='lat' dir='ltr'><strong>quem</strong></span> <span class='ocrx_word' id='word_1_78' title='bbox 973 1495 1168 1562; x_wconf 79' lang='lat' dir='ltr'><strong>posuit,</strong></span> <span class='ocrx_word' id='word_1_79' title='bbox 1217 1493 1436 1564; x_wconf 84' lang='lat' dir='ltr'><strong>Aquila,</strong></span> <span class='ocrx_word' id='word_1_80' title='bbox 1488 1493 1712 1550; x_wconf 86' lang='lat' dir='ltr'><strong>Fontem</strong></span> <span class='ocrx_word' id='word_1_81' title='bbox 1758 1505 1952 1565; x_wconf 83' lang='lat' dir='ltr'><strong>ponent</strong></span> 
     </span>
    </p>
   </div>
   <div class='ocr_carea' id='block_1_13' title="bbox 365 1583 1947 1656">
    <p class='ocr_par' dir='ltr' id='par_1_13' title="bbox 365 1583 1947 1656">
     <span class='ocr_line' id='line_1_13' title="bbox 365 1583 1947 1656; baseline 0.005 -19"><span class='ocrx_word' id='word_1_82' title='bbox 365 1600 518 1646; x_wconf 87' lang='lat' dir='ltr'><strong>eam;</strong></span> <span class='ocrx_word' id='word_1_83' title='bbox 554 1583 915 1656; x_wconf 78' lang='lat' dir='ltr'><strong>Symmachus</strong></span> <span class='ocrx_word' id='word_1_84' title='bbox 948 1601 1099 1650; x_wconf 84' lang='lat' dir='ltr'><strong>vero,</strong></span> <span class='ocrx_word' id='word_1_85' title='bbox 1156 1583 1303 1640; x_wconf 89' lang='lat' dir='ltr'><strong>Fons</strong></span> <span class='ocrx_word' id='word_1_86' title='bbox 1353 1587 1706 1643; x_wconf 83' lang='lat' dir='ltr'><strong>ordinabitur.</strong></span> <span class='ocrx_word' id='word_1_87' title='bbox 1751 1587 1947 1654; x_wconf 83' lang='lat' dir='ltr'><strong>Quem,</strong></span> 
     </span>
    </p>
   </div>
   <div class='ocr_carea' id='block_1_14' title="bbox 365 1674 1950 1750">
    <p class='ocr_par' dir='ltr' id='par_1_14' title="bbox 365 1674 1950 1750">
     <span class='ocr_line' id='line_1_14' title="bbox 365 1674 1950 1750; baseline 0.004 -24"><span class='ocrx_word' id='word_1_88' title='bbox 365 1674 564 1744; x_wconf 90' lang='lat' dir='ltr'><strong>inquit,</strong></span> <span class='ocrx_word' id='word_1_89' title='bbox 600 1675 805 1730; x_wconf 80' lang='lat' dir='ltr'><strong>fontem</strong></span> <span class='ocrx_word' id='word_1_90' title='bbox 855 1682 1080 1745; x_wconf 90' lang='lat' dir='ltr'><strong>ponent,</strong></span> <span class='ocrx_word' id='word_1_91' title='bbox 1125 1675 1237 1731; x_wconf 86' lang='lat' dir='ltr'><strong>nisi</strong></span> <span class='ocrx_word' id='word_1_92' title='bbox 1293 1677 1488 1731; x_wconf 83' lang='lat' dir='ltr'><strong>vallem</strong></span> <span class='ocrx_word' id='word_1_93' title='bbox 1547 1679 1950 1750; x_wconf 83' lang='lat' dir='ltr'><strong>lacrymarum?</strong></span> 
     </span>
    </p>
   </div>
   <div class='ocr_carea' id='block_1_15' title="bbox 366 1764 1949 1842">
    <p class='ocr_par' dir='ltr' id='par_1_15' title="bbox 366 1764 1949 1842">
     <span class='ocr_line' id='line_1_15' title="bbox 366 1764 1949 1842; baseline 0.003 -24"><span class='ocrx_word' id='word_1_94' title='bbox 366 1764 567 1821; x_wconf 92' lang='lat' dir='ltr'><strong>Totum</strong></span> <span class='ocrx_word' id='word_1_95' title='bbox 597 1776 776 1820; x_wconf 90' lang='lat' dir='ltr'><strong>autem</strong></span> <span class='ocrx_word' id='word_1_96' title='bbox 820 1766 997 1821; x_wconf 93' lang='lat' dir='ltr'><strong>locum</strong></span> <span class='ocrx_word' id='word_1_97' title='bbox 1021 1767 1101 1822; x_wconf 90' lang='lat' dir='ltr'><strong>sic</strong></span> <span class='ocrx_word' id='word_1_98' title='bbox 1128 1765 1326 1837; x_wconf 81' lang='lat' dir='ltr'><strong>Aquila</strong></span> <span class='ocrx_word' id='word_1_99' title='bbox 1348 1767 1740 1842; x_wconf 85' lang='lat' dir='ltr'><strong>interpretatur</strong></span> <span class='ocrx_word' id='word_1_100' title='bbox 1774 1786 1788 1822; x_wconf 91' lang='lat'><strong>:</strong></span> <span class='ocrx_word' id='word_1_101' title='bbox 1813 1769 1949 1824; x_wconf 87' lang='lat' dir='ltr'><strong>Per-</strong></span> 
     </span>
    </p>
   </div>
   <div class='ocr_carea' id='block_1_16' title="bbox 368 1859 1946 1930">
    <p class='ocr_par' dir='ltr' id='par_1_16' title="bbox 368 1859 1946 1930">
     <span class='ocr_line' id='line_1_16' title="bbox 368 1859 1946 1930; baseline 0.006 -20"><span class='ocrx_word' id='word_1_102' title='bbox 368 1866 698 1912; x_wconf 84' lang='lat' dir='ltr'><strong>transeuntes</strong></span> <span class='ocrx_word' id='word_1_103' title='bbox 726 1862 780 1911; x_wconf 88' lang='lat' dir='ltr'><strong>in</strong></span> <span class='ocrx_word' id='word_1_104' title='bbox 806 1859 943 1913; x_wconf 83' lang='lat' dir='ltr'><strong>valle</strong></span> <span class='ocrx_word' id='word_1_105' title='bbox 965 1860 1140 1917; x_wconf 82' lang='lat' dir='ltr'><strong>ﬂetus.</strong></span> <span class='ocrx_word' id='word_1_106' title='bbox 1172 1860 1368 1918; x_wconf 73' lang='lat' dir='ltr'><strong>fontem</strong></span> <span class='ocrx_word' id='word_1_107' title='bbox 1399 1871 1591 1930; x_wconf 88' lang='lat' dir='ltr'><strong>ponent</strong></span> <span class='ocrx_word' id='word_1_108' title='bbox 1642 1879 1779 1917; x_wconf 87' lang='lat' dir='ltr'><strong>eam.</strong></span> <span class='ocrx_word' id='word_1_109' title='bbox 1848 1861 1946 1919; x_wconf 79' lang='lat' dir='ltr'><strong>His</strong></span> 
     </span>
    </p>
   </div>
   <div class='ocr_carea' id='block_1_17' title="bbox 1116 457 2922 520">
    <p class='ocr_par' dir='ltr' id='par_1_17' title="bbox 1116 457 2922 520">
     <span class='ocr_line' id='line_1_17' title="bbox 1116 457 2922 520; baseline 0.001 -7"><span class='ocrx_word' id='word_1_110' title='bbox 1116 457 1388 513; x_wconf 81' lang='lat' dir='ltr'><strong>EUSEBII</strong></span> <span class='ocrx_word' id='word_1_111' title='bbox 1419 459 1900 520; x_wconf 73' lang='lat' dir='ltr'><strong>C/ESARIENSIS</strong></span> <span class='ocrx_word' id='word_1_112' title='bbox 1939 459 2090 515; x_wconf 81' lang='lat' dir='ltr'><strong>OPP.</strong></span> <span class='ocrx_word' id='word_1_113' title='bbox 2134 457 2315 514; x_wconf 79' lang='lat' dir='ltr'><strong>PARS</strong></span> <span class='ocrx_word' id='word_1_114' title='bbox 2341 458 2922 516; x_wconf 75' lang='lat' dir='ltr'><strong>lll.—EXEGETICA.</strong></span> 
     </span>
    </p>
   </div>
   <div class='ocr_carea' id='block_1_18' title="bbox 3492 456 3631 512">
    <p class='ocr_par' dir='ltr' id='par_1_18' title="bbox 3492 456 3631 512">
     <span class='ocr_line' id='line_1_18' title="bbox 3492 456 3631 512; baseline 0.014 -3"><span class='ocrx_word' id='word_1_115' title='bbox 3492 456 3631 512; x_wconf 77' lang='grc'><strong>1012</strong></span> 
     </span>
    </p>
   </div>
   <div class='ocr_carea' id='block_1_19' title="bbox 2136 567 3631 639">
    <p class='ocr_par' dir='ltr' id='par_1_19' title="bbox 2136 567 3631 639">
     <span class='ocr_line' id='line_1_19' title="bbox 2136 567 3631 639; baseline -0.005 -9"><span class='ocrx_word' id='word_1_116' title='bbox 2136 577 2279 630; x_wconf 76' lang='grc' dir='ltr'>Ἀντὶ</span> <span class='ocrx_word' id='word_1_117' title='bbox 2298 577 2354 629; x_wconf 88' lang='grc' dir='ltr'>δὲ</span> <span class='ocrx_word' id='word_1_118' title='bbox 2375 574 2468 627; x_wconf 80' lang='grc' dir='ltr'>τοῦ</span> <span class='ocrx_word' id='word_1_119' title='bbox 2485 616 2498 638; x_wconf 92' lang='grc'><strong>,</strong></span> <span class='ocrx_word' id='word_1_120' title='bbox 2523 574 2747 628; x_wconf 85' lang='grc' dir='ltr'>Διέθετο</span> <span class='ocrx_word' id='word_1_121' title='bbox 2773 578 2858 639; x_wconf 83' lang='grc' dir='ltr'><strong>εἰς</strong></span> <span class='ocrx_word' id='word_1_122' title='bbox 2879 572 2993 639; x_wconf 76' lang='grc' dir='ltr'>τὴν</span> <span class='ocrx_word' id='word_1_123' title='bbox 3017 568 3267 624; x_wconf 70' lang='grc' dir='ltr'>κοιλάδα</span> <span class='ocrx_word' id='word_1_124' title='bbox 3289 567 3395 622; x_wconf 84' lang='grc' dir='ltr'>τοῦ</span> <span class='ocrx_word' id='word_1_125' title='bbox 3419 572 3631 623; x_wconf 78' lang='grc' dir='ltr'>κλαυθ-</span> 
     </span>
    </p>
   </div>
   <div class='ocr_carea' id='block_1_20' title="bbox 2047 661 3629 740">
    <p class='ocr_par' dir='ltr' id='par_1_20' title="bbox 2047 661 3629 740">
     <span class='ocr_line' id='line_1_20' title="bbox 2047 661 3629 740; baseline -0.008 -16"><span class='ocrx_word' id='word_1_126' title='bbox 2047 670 2266 739; x_wconf 80' lang='grc' dir='ltr'>μῶνος,</span> <span class='ocrx_word' id='word_1_127' title='bbox 2282 671 2309 722; x_wconf 99' lang='lat'><strong>6</strong></span> <span class='ocrx_word' id='word_1_128' title='bbox 2323 669 2392 722; x_wconf 89' lang='grc' dir='ltr'><strong>Σύ</strong></span> <span class='ocrx_word' id='word_1_129' title='bbox 2402 689 2439 740; x_wconf 90' lang='grc' dir='ltr'><strong>μ</strong></span> <span class='ocrx_word' id='word_1_130' title='bbox 2446 668 2615 739; x_wconf 83' lang='grc' dir='ltr'>μαχός</span> <span class='ocrx_word' id='word_1_131' title='bbox 2632 685 2785 738; x_wconf 82' lang='grc' dir='ltr'>φησι,</span> <span class='ocrx_word' id='word_1_132' title='bbox 2806 666 3150 735; x_wconf 82' lang='grc' dir='ltr'>Προοδεύων</span> <span class='ocrx_word' id='word_1_133' title='bbox 3168 661 3415 718; x_wconf 76' lang='grc' dir='ltr'><strong>κοιλάδα</strong></span> <span class='ocrx_word' id='word_1_134' title='bbox 3430 664 3629 716; x_wconf 69' lang='grc' dir='ltr'>ἔκλαι-</span> 
     </span>
    </p>
   </div>
   <div class='ocr_carea' id='block_1_21' title="bbox 2052 753 3629 829">
    <p class='ocr_par' dir='ltr' id='par_1_21' title="bbox 2052 753 3629 829">
     <span class='ocr_line' id='line_1_21' title="bbox 2052 753 3629 829; baseline -0.008 -13"><span class='ocrx_word' id='word_1_135' title='bbox 2052 780 2139 815; x_wconf 91' lang='grc' dir='ltr'>εν.</span> <span class='ocrx_word' id='word_1_136' title='bbox 2180 761 2416 815; x_wconf 82' lang='grc' dir='ltr'>Κοιλάδα</span> <span class='ocrx_word' id='word_1_137' title='bbox 2441 760 2496 813; x_wconf 84' lang='grc' dir='ltr'>δὲ</span> <span class='ocrx_word' id='word_1_138' title='bbox 2533 758 2880 829; x_wconf 85' lang='grc' dir='ltr'>κλαυθμῶνος</span> <span class='ocrx_word' id='word_1_139' title='bbox 2911 761 2968 810; x_wconf 78' lang='grc' dir='ltr'>ὲν</span> <span class='ocrx_word' id='word_1_140' title='bbox 2994 756 3202 818; x_wconf 82' lang='grc' dir='ltr'><strong>τούτοις</strong></span> <span class='ocrx_word' id='word_1_141' title='bbox 3230 755 3322 808; x_wconf 87' lang='grc' dir='ltr'><strong>τὸν</strong></span> <span class='ocrx_word' id='word_1_142' title='bbox 3353 753 3629 822; x_wconf 83' lang='grc' dir='ltr'>ἀνθρώπι-</span> 
     </span>
    </p>
   </div>
   <div class='ocr_carea' id='block_1_22' title="bbox 2052 848 3629 922">
    <p class='ocr_par' dir='ltr' id='par_1_22' title="bbox 2052 848 3629 922">
     <span class='ocr_line' id='line_1_22' title="bbox 2052 848 3629 922; baseline -0.006 -16"><span class='ocrx_word' id='word_1_143' title='bbox 2052 872 2140 907; x_wconf 89' lang='grc' dir='ltr'><strong>νον</strong></span> <span class='ocrx_word' id='word_1_144' title='bbox 2164 853 2372 922; x_wconf 77' lang='grc' dir='ltr'>ἔφαμεν</span> <span class='ocrx_word' id='word_1_145' title='bbox 2392 849 2682 922; x_wconf 80' lang='grc' dir='ltr'><strong>δηλοῦσθαι</strong></span> <span class='ocrx_word' id='word_1_146' title='bbox 2707 849 2839 920; x_wconf 88' lang='grc' dir='ltr'>βίον,</span> <span class='ocrx_word' id='word_1_147' title='bbox 2865 849 2924 901; x_wconf 81' lang='lat' dir='ltr'><em>6v</em></span> <span class='ocrx_word' id='word_1_148' title='bbox 2943 849 2971 900; x_wconf 93' lang='lat'><strong>6</strong></span> <span class='ocrx_word' id='word_1_149' title='bbox 3000 848 3430 921; x_wconf 81' lang='grc' dir='ltr'><strong>μακαριζόμενος</strong></span> <span class='ocrx_word' id='word_1_150' title='bbox 3455 862 3629 915; x_wconf 86' lang='grc' dir='ltr'>παρο-</span> 
     </span>
    </p>
   </div>
   <div class='ocr_carea' id='block_1_23' title="bbox 2049 935 3637 1016">
    <p class='ocr_par' dir='ltr' id='par_1_23' title="bbox 2049 935 3637 1016">
     <span class='ocr_line' id='line_1_23' title="bbox 2049 935 3637 1016; baseline -0.006 -21"><span class='ocrx_word' id='word_1_151' title='bbox 2049 943 2218 996; x_wconf 83' lang='grc' dir='ltr'>δεύων</span> <span class='ocrx_word' id='word_1_152' title='bbox 2250 941 2343 995; x_wconf 68' lang='grc' dir='ltr'><strong>καὶ</strong></span> <span class='ocrx_word' id='word_1_153' title='bbox 2373 941 2730 1016; x_wconf 80' lang='grc' dir='ltr'>παρατρέχων</span> <span class='ocrx_word' id='word_1_154' title='bbox 2753 980 2767 1003; x_wconf 93' lang='grc'><strong>,</strong></span> <span class='ocrx_word' id='word_1_155' title='bbox 2801 938 2988 1009; x_wconf 84' lang='grc' dir='ltr'>ῶσπερ</span> <span class='ocrx_word' id='word_1_156' title='bbox 3006 955 3090 1002; x_wconf 90' lang='grc' dir='ltr'><strong>τις</strong></span> <span class='ocrx_word' id='word_1_157' title='bbox 3112 939 3371 1008; x_wconf 84' lang='grc' dir='ltr'>πάροικος</span> <span class='ocrx_word' id='word_1_158' title='bbox 3396 935 3489 988; x_wconf 76' lang='grc' dir='ltr'><strong>καὶ</strong></span> <span class='ocrx_word' id='word_1_159' title='bbox 3526 951 3637 988; x_wconf 89' lang='grc' dir='ltr'>πα-.</span> 
     </span>
    </p>
   </div>
   <div class='ocr_carea' id='block_1_24' title="bbox 2053 1027 3640 1108">
    <p class='ocr_par' dir='ltr' id='par_1_24' title="bbox 2053 1027 3640 1108">
     <span class='ocr_line' id='line_1_24' title="bbox 2053 1027 3640 1108; baseline -0.005 -20"><span class='ocrx_word' id='word_1_160' title='bbox 2053 1035 2384 1108; x_wconf 81' lang='grc' dir='ltr'>ρεπίδημος,</span> <span class='ocrx_word' id='word_1_161' title='bbox 2423 1033 2520 1103; x_wconf 75' lang='grc' dir='ltr'><strong>τὴν</strong></span> <span class='ocrx_word' id='word_1_162' title='bbox 2562 1031 2883 1102; x_wconf 78' lang='grc' dir='ltr'>ἐπουράνιον</span> <span class='ocrx_word' id='word_1_163' title='bbox 2928 1028 3120 1083; x_wconf 76' lang='grc' dir='ltr'>ἑαυτοῦ</span> <span class='ocrx_word' id='word_1_164' title='bbox 3155 1028 3388 1101; x_wconf 82' lang='grc' dir='ltr'>πατρίδα</span> <span class='ocrx_word' id='word_1_165' title='bbox 3424 1027 3640 1093; x_wconf 67' lang='grc' dir='ltr'><strong>ποθῶν,⁸</strong></span> 
     </span>
    </p>
   </div>
   <div class='ocr_carea' id='block_1_25' title="bbox 2049 1118 3622 1197">
    <p class='ocr_par' dir='ltr' id='par_1_25' title="bbox 2049 1118 3622 1197">
     <span class='ocr_line' id='line_1_25' title="bbox 2049 1118 3622 1197; baseline -0.006 -14"><span class='ocrx_word' id='word_1_166' title='bbox 2049 1126 2383 1197; x_wconf 79' lang='grc' dir='ltr'>ἀποκλᾴεται</span> <span class='ocrx_word' id='word_1_167' title='bbox 2433 1123 2709 1194; x_wconf 81' lang='grc' dir='ltr'>κλαυθμὸν</span> <span class='ocrx_word' id='word_1_168' title='bbox 2755 1121 2847 1175; x_wconf 87' lang='grc' dir='ltr'><strong>τὸν</strong></span> <span class='ocrx_word' id='word_1_169' title='bbox 2905 1121 3294 1193; x_wconf 79' lang='grc' dir='ltr'>μακαριοποιδν</span> <span class='ocrx_word' id='word_1_170' title='bbox 3337 1118 3480 1174; x_wconf 86' lang='grc' dir='ltr'><strong>κατὰ</strong></span> <span class='ocrx_word' id='word_1_171' title='bbox 3525 1120 3583 1173; x_wconf 82' lang='grc' dir='ltr'>τό</span> <span class='ocrx_word' id='word_1_172' title='bbox 3607 1137 3622 1153; x_wconf 80' lang='grc' dir='ltr'><strong><em>ο</em></strong></span> 
     </span>
    </p>
   </div>
   <div class='ocr_carea' id='block_1_26' title="bbox 2049 1209 3637 1288">
    <p class='ocr_par' dir='ltr' id='par_1_26' title="bbox 2049 1209 3637 1288">
     <span class='ocr_line' id='line_1_26' title="bbox 2049 1209 3637 1288; baseline -0.005 -14"><span class='ocrx_word' id='word_1_173' title='bbox 2049 1217 2340 1288; x_wconf 76' lang='grc' dir='ltr'>Μακάριοι</span> <span class='ocrx_word' id='word_1_174' title='bbox 2371 1221 2423 1272; x_wconf 90' lang='grc' dir='ltr'><strong>οἰ</strong></span> <span class='ocrx_word' id='word_1_175' title='bbox 2469 1218 2804 1283; x_wconf 76' lang='grc' dir='ltr'><strong>κλαίοντες.</strong></span> <span class='ocrx_word' id='word_1_176' title='bbox 2864 1209 2988 1278; x_wconf 74' lang='grc' dir='ltr'>υἷος</span> <span class='ocrx_word' id='word_1_177' title='bbox 3032 1210 3098 1286; x_wconf 79' lang='grc' dir='ltr'>ἦν</span> <span class='ocrx_word' id='word_1_178' title='bbox 3127 1216 3154 1268; x_wconf 93' lang='lat'><strong>6</strong></span> <span class='ocrx_word' id='word_1_179' title='bbox 3183 1213 3393 1278; x_wconf 75' lang='grc' dir='ltr'>Παῦλος</span> <span class='ocrx_word' id='word_1_180' title='bbox 3415 1212 3591 1282; x_wconf 85' lang='grc' dir='ltr'>λέγων</span> <span class='ocrx_word' id='word_1_181' title='bbox 3610 1229 3637 1254; x_wconf 80' lang='lat'><strong>&#39;-</strong></span> 
     </span>
    </p>
   </div>
   <div class='ocr_carea' id='block_1_27' title="bbox 2060 1303 3632 1383">
    <p class='ocr_par' dir='ltr' id='par_1_27' title="bbox 2060 1303 3632 1383">
     <span class='ocr_line' id='line_1_27' title="bbox 2060 1303 3632 1383; baseline -0.005 -19"><span class='ocrx_word' id='word_1_182' title='bbox 2060 1310 2252 1383; x_wconf 82' lang='grc' dir='ltr'>Ἡμεῖς</span> <span class='ocrx_word' id='word_1_183' title='bbox 2273 1312 2326 1363; x_wconf 85' lang='grc' dir='ltr'><strong>οἰ</strong></span> <span class='ocrx_word' id='word_1_184' title='bbox 2348 1309 2518 1374; x_wconf 81' lang='grc' dir='ltr'>ὄντες</span> <span class='ocrx_word' id='word_1_185' title='bbox 2533 1309 2604 1361; x_wconf 84' lang='grc' dir='ltr'>ἐν</span> <span class='ocrx_word' id='word_1_186' title='bbox 2626 1307 2704 1373; x_wconf 86' lang='grc' dir='ltr'>τῷ</span> <span class='ocrx_word' id='word_1_187' title='bbox 2733 1304 2943 1372; x_wconf 80' lang='grc' dir='ltr'><strong>σκήνει</strong></span> <span class='ocrx_word' id='word_1_188' title='bbox 2965 1303 3324 1374; x_wconf 79' lang='grc' dir='ltr'><strong>στενάζομεν</strong></span> <span class='ocrx_word' id='word_1_189' title='bbox 3334 1304 3632 1373; x_wconf 79' lang='grc' dir='ltr'>βαρούμε-</span> 
     </span>
    </p>
   </div>
   <div class='ocr_carea' id='block_1_28' title="bbox 2049 1394 3633 1465">
    <p class='ocr_par' dir='ltr' id='par_1_28' title="bbox 2049 1394 3633 1465">
     <span class='ocr_line' id='line_1_28' title="bbox 2049 1394 3633 1465; baseline -0.007 -8"><span class='ocrx_word' id='word_1_190' title='bbox 2049 1421 2161 1457; x_wconf 75' lang='grc' dir='ltr'>νοι.</span> <span class='ocrx_word' id='word_1_191' title='bbox 2206 1402 2348 1454; x_wconf 74' lang='grc' dir='ltr'>Ἀντὶ</span> <span class='ocrx_word' id='word_1_192' title='bbox 2371 1401 2428 1454; x_wconf 81' lang='grc' dir='ltr'>δὲ</span> <span class='ocrx_word' id='word_1_193' title='bbox 2451 1399 2544 1452; x_wconf 84' lang='grc' dir='ltr'>τοῦ</span> <span class='ocrx_word' id='word_1_194' title='bbox 2564 1441 2578 1464; x_wconf 94' lang='grc'><strong>,</strong></span> <span class='ocrx_word' id='word_1_195' title='bbox 2608 1401 2712 1463; x_wconf 86' lang='grc' dir='ltr'>Εἰς</span> <span class='ocrx_word' id='word_1_196' title='bbox 2740 1398 2925 1450; x_wconf 82' lang='grc' dir='ltr'>τόπον</span> <span class='ocrx_word' id='word_1_197' title='bbox 2951 1395 3024 1448; x_wconf 84' lang='grc' dir='ltr'>ὃν</span> <span class='ocrx_word' id='word_1_198' title='bbox 3046 1394 3211 1448; x_wconf 78' lang='grc' dir='ltr'>ἔθετο</span> <span class='ocrx_word' id='word_1_199' title='bbox 3229 1435 3244 1458; x_wconf 97' lang='grc'><strong>,</strong></span> <span class='ocrx_word' id='word_1_200' title='bbox 3279 1397 3306 1448; x_wconf 89' lang='lat'><strong>6</strong></span> <span class='ocrx_word' id='word_1_201' title='bbox 3334 1395 3431 1465; x_wconf 76' lang='grc' dir='ltr'>μὲν</span> <span class='ocrx_word' id='word_1_202' title='bbox 3473 1394 3633 1447; x_wconf 77' lang='grc' dir='ltr'>Ἀκύ-</span> 
     </span>
    </p>
   </div>
   <div class='ocr_carea' id='block_1_29' title="bbox 2049 1487 3635 1563">
    <p class='ocr_par' dir='ltr' id='par_1_29' title="bbox 2049 1487 3635 1563">
     <span class='ocr_line' id='line_1_29' title="bbox 2049 1487 3635 1563; baseline 0.001 -26"><span class='ocrx_word' id='word_1_203' title='bbox 2049 1494 2147 1558; x_wconf 74' lang='grc' dir='ltr'>λας</span> <span class='ocrx_word' id='word_1_204' title='bbox 2177 1494 2330 1563; x_wconf 71' lang='grc' dir='ltr'>φησὶ,</span> <span class='ocrx_word' id='word_1_205' title='bbox 2363 1491 2571 1560; x_wconf 79' lang='grc' dir='ltr'>Πηγὴν</span> <span class='ocrx_word' id='word_1_206' title='bbox 2604 1489 2891 1556; x_wconf 82' lang='grc' dir='ltr'>θήσονται</span> <span class='ocrx_word' id='word_1_207' title='bbox 2919 1487 3136 1554; x_wconf 78' lang='grc' dir='ltr'>αὑτήν·</span> <span class='ocrx_word' id='word_1_208' title='bbox 3174 1489 3203 1540; x_wconf 93' lang='lat'><strong>6</strong></span> <span class='ocrx_word' id='word_1_209' title='bbox 3230 1487 3288 1539; x_wconf 81' lang='grc' dir='ltr'>δὲ</span> <span class='ocrx_word' id='word_1_210' title='bbox 3311 1487 3635 1557; x_wconf 24' lang='grc' dir='ltr'>Σύμμαχος,-</span> 
     </span>
    </p>
   </div>
   <div class='ocr_carea' id='block_1_30' title="bbox 2050 1579 3628 1657">
    <p class='ocr_par' dir='ltr' id='par_1_30' title="bbox 2050 1579 3628 1657">
     <span class='ocr_line' id='line_1_30' title="bbox 2050 1579 3628 1657; baseline -0.006 -17"><span class='ocrx_word' id='word_1_211' title='bbox 2050 1587 2218 1657; x_wconf 72' lang='grc' dir='ltr'>Πηγὴ</span> <span class='ocrx_word' id='word_1_212' title='bbox 2244 1585 2502 1650; x_wconf 79' lang='grc' dir='ltr'>τάξεται.</span> <span class='ocrx_word' id='word_1_213' title='bbox 2526 1584 2658 1636; x_wconf 82' lang='grc' dir='ltr'>Τίνα</span> <span class='ocrx_word' id='word_1_214' title='bbox 2679 1581 2733 1635; x_wconf 79' lang='grc' dir='ltr'><strong>δὲ</strong></span> <span class='ocrx_word' id='word_1_215' title='bbox 2757 1581 2943 1653; x_wconf 75' lang='grc' dir='ltr'>αὐτὴν,</span> <span class='ocrx_word' id='word_1_216' title='bbox 2969 1581 3122 1652; x_wconf 77' lang='grc' dir='ltr'>φησὶ,</span> <span class='ocrx_word' id='word_1_217' title='bbox 3145 1580 3327 1650; x_wconf 85' lang='grc' dir='ltr'>πηγὴν</span> <span class='ocrx_word' id='word_1_218' title='bbox 3350 1579 3628 1650; x_wconf 76' lang='grc' dir='ltr'>θήσονται,</span> 
     </span>
    </p>
   </div>
   <div class='ocr_carea' id='block_1_31' title="bbox 2049 1672 3630 1750">
    <p class='ocr_par' dir='ltr' id='par_1_31' title="bbox 2049 1672 3630 1750">
     <span class='ocr_line' id='line_1_31' title="bbox 2049 1672 3630 1750; baseline -0.003 -20"><span class='ocrx_word' id='word_1_219' title='bbox 2049 1679 2081 1750; x_wconf 79' lang='grc' dir='ltr'><strong>ἢ</strong></span> <span class='ocrx_word' id='word_1_220' title='bbox 2117 1676 2354 1748; x_wconf 78' lang='grc' dir='ltr'>δηλονότι</span> <span class='ocrx_word' id='word_1_221' title='bbox 2384 1675 2481 1747; x_wconf 76' lang='grc' dir='ltr'><strong>τὴν</strong></span> <span class='ocrx_word' id='word_1_222' title='bbox 2515 1675 2734 1729; x_wconf 79' lang='grc' dir='ltr'>κοιλάδα</span> <span class='ocrx_word' id='word_1_223' title='bbox 2759 1673 2852 1726; x_wconf 76' lang='grc' dir='ltr'>τοῦ</span> <span class='ocrx_word' id='word_1_224' title='bbox 2878 1673 3268 1744; x_wconf 86' lang='grc' dir='ltr'>κλαυθμῶνος;</span> <span class='ocrx_word' id='word_1_225' title='bbox 3304 1672 3462 1725; x_wconf 87' lang='grc' dir='ltr'>Ὄλον</span> <span class='ocrx_word' id='word_1_226' title='bbox 3497 1673 3630 1741; x_wconf 75' lang='grc' dir='ltr'>γοῦν</span> 
     </span>
    </p>
   </div>
   <div class='ocr_carea' id='block_1_32' title="bbox 2047 1763 3635 1839">
    <p class='ocr_par' dir='ltr' id='par_1_32' title="bbox 2047 1763 3635 1839">
     <span class='ocr_line' id='line_1_32' title="bbox 2047 1763 3635 1839; baseline -0.004 -17"><span class='ocrx_word' id='word_1_227' title='bbox 2047 1771 2219 1833; x_wconf 73' lang='grc' dir='ltr'>οὕτως</span> <span class='ocrx_word' id='word_1_228' title='bbox 2253 1769 2594 1839; x_wconf 79' lang='grc' dir='ltr'>ἡρμήνευσεν</span> <span class='ocrx_word' id='word_1_229' title='bbox 2625 1766 2654 1818; x_wconf 91' lang='lat'><strong>6</strong></span> <span class='ocrx_word' id='word_1_230' title='bbox 2687 1765 2920 1829; x_wconf 80' lang='grc' dir='ltr'>Ἀκύλας</span> <span class='ocrx_word' id='word_1_231' title='bbox 2953 1763 3152 1817; x_wconf 84' lang='grc' dir='ltr'>εἰπών·</span> <span class='ocrx_word' id='word_1_232' title='bbox 3194 1764 3635 1832; x_wconf 80' lang='grc' dir='ltr'>Παρερχόμενοι</span> 
     </span>
    </p>
   </div>
   <div class='ocr_carea' id='block_1_33' title="bbox 2047 1853 3627 1926">
    <p class='ocr_par' dir='ltr' id='par_1_33' title="bbox 2047 1853 3627 1926">
     <span class='ocr_line' id='line_1_33' title="bbox 2047 1853 3627 1926; baseline -0.005 -11"><span class='ocrx_word' id='word_1_233' title='bbox 2047 1862 2119 1915; x_wconf 79' lang='grc' dir='ltr'>ἐν</span> <span class='ocrx_word' id='word_1_234' title='bbox 2137 1859 2371 1914; x_wconf 79' lang='grc' dir='ltr'>κοιλάδι</span> <span class='ocrx_word' id='word_1_235' title='bbox 2395 1859 2503 1912; x_wconf 88' lang='grc' dir='ltr'>τοῦ</span> <span class='ocrx_word' id='word_1_236' title='bbox 2523 1856 2854 1926; x_wconf 80' lang='grc' dir='ltr'><strong>κλαυθμοῦ,</strong></span> <span class='ocrx_word' id='word_1_237' title='bbox 2881 1853 3085 1926; x_wconf 67' lang='grc' dir='ltr'>πηγὴν</span> <span class='ocrx_word' id='word_1_238' title='bbox 3103 1853 3389 1920; x_wconf 82' lang='grc' dir='ltr'>θήσονται</span> <span class='ocrx_word' id='word_1_239' title='bbox 3413 1853 3627 1920; x_wconf 72' lang='grc' dir='ltr'>αὐτήν.</span> 
     </span>
    </p>
   </div>
   <div class='ocr_carea' id='block_1_34' title="bbox 365 1939 1948 2025">
    <p class='ocr_par' dir='ltr' id='par_1_34' title="bbox 365 1949 1946 2022">
     <span class='ocr_line' id='line_1_34' title="bbox 365 1949 1946 2022; baseline 0.004 -21"><span class='ocrx_word' id='word_1_240' title='bbox 365 1964 530 2018; x_wconf 84' lang='lat' dir='ltr'><strong>porro</strong></span> <span class='ocrx_word' id='word_1_241' title='bbox 561 1949 854 2019; x_wconf 81' lang='lat' dir='ltr'><strong>signiﬁcat,</strong></span> <span class='ocrx_word' id='word_1_242' title='bbox 904 1950 1143 2006; x_wconf 85' lang='lat' dir='ltr'><strong>advenas</strong></span> <span class='ocrx_word' id='word_1_243' title='bbox 1172 1959 1226 2007; x_wconf 92' lang='lat' dir='ltr'><strong>et</strong></span> <span class='ocrx_word' id='word_1_244' title='bbox 1260 1953 1582 2022; x_wconf 84' lang='lat' dir='ltr'><strong>peregrinos</strong></span> <span class='ocrx_word' id='word_1_245' title='bbox 1621 1955 1675 2008; x_wconf 91' lang='lat' dir='ltr'><strong>in</strong></span> <span class='ocrx_word' id='word_1_246' title='bbox 1730 1955 1831 2008; x_wconf 87' lang='lat' dir='ltr'><strong>hac</strong></span> <span class='ocrx_word' id='word_1_247' title='bbox 1865 1955 1946 2008; x_wconf 81' lang='lat' dir='ltr'><strong>vi-</strong></span> 
     </span>
    </p>
   </div>
   <div class='ocr_carea' id='block_1_35' title="bbox 2046 1939 3629 2025">
    <p class='ocr_par' dir='ltr' id='par_1_35' title="bbox 2049 1948 3629 2025">
     <span class='ocr_line' id='line_1_35' title="bbox 2049 1948 3629 2025; baseline -0.005 -19"><span class='ocrx_word' id='word_1_248' title='bbox 2049 1953 2209 2025; x_wconf 86' lang='grc' dir='ltr'><strong>Δηλοῖ</strong></span> <span class='ocrx_word' id='word_1_249' title='bbox 2249 1952 2304 2005; x_wconf 82' lang='grc' dir='ltr'>δὲ</span> <span class='ocrx_word' id='word_1_250' title='bbox 2338 1951 2425 2005; x_wconf 81' lang='grc' dir='ltr'>διὰ</span> <span class='ocrx_word' id='word_1_251' title='bbox 2455 1949 2692 2012; x_wconf 89' lang='grc' dir='ltr'>τούτων,</span> <span class='ocrx_word' id='word_1_252' title='bbox 2725 1950 2800 2013; x_wconf 87' lang='grc' dir='ltr'>ὡς</span> <span class='ocrx_word' id='word_1_253' title='bbox 2827 1950 2934 2022; x_wconf 79' lang='grc' dir='ltr'>ἄρα</span> <span class='ocrx_word' id='word_1_254' title='bbox 2969 1951 3018 2002; x_wconf 89' lang='grc' dir='ltr'><strong>οἰ</strong></span> <span class='ocrx_word' id='word_1_255' title='bbox 3047 1950 3299 2020; x_wconf 82' lang='grc' dir='ltr'>πάροικοι</span> <span class='ocrx_word' id='word_1_256' title='bbox 3333 1948 3425 2001; x_wconf 78' lang='grc' dir='ltr'><strong>καὶ</strong></span> <span class='ocrx_word' id='word_1_257' title='bbox 3457 1964 3629 2017; x_wconf 88' lang='grc' dir='ltr'>παρε-</span> 
     </span>
    </p>
   </div>
   <div class='ocr_carea' id='block_1_36' title="bbox 364 2043 1948 2114">
    <p class='ocr_par' dir='ltr' id='par_1_36' title="bbox 364 2043 1948 2114">
     <span class='ocr_line' id='line_1_36' title="bbox 364 2043 1948 2114; baseline 0.006 -20"><span class='ocrx_word' id='word_1_258' title='bbox 364 2051 439 2108; x_wconf 88' lang='lat' dir='ltr'><strong>ta,</strong></span> <span class='ocrx_word' id='word_1_259' title='bbox 473 2043 754 2096; x_wconf 87' lang='lat' dir='ltr'><strong>hominum</strong></span> <span class='ocrx_word' id='word_1_260' title='bbox 787 2043 984 2097; x_wconf 84' lang='lat' dir='ltr'><strong>vallem</strong></span> <span class='ocrx_word' id='word_1_261' title='bbox 1011 2044 1065 2098; x_wconf 93' lang='lat' dir='ltr'><strong>in</strong></span> <span class='ocrx_word' id='word_1_262' title='bbox 1098 2044 1301 2098; x_wconf 88' lang='lat' dir='ltr'><strong>fontem</strong></span> <span class='ocrx_word' id='word_1_263' title='bbox 1333 2047 1631 2114; x_wconf 84' lang='lat' dir='ltr'><strong>positu-ros,</strong></span> <span class='ocrx_word' id='word_1_264' title='bbox 1659 2048 1774 2102; x_wconf 90' lang='lat' dir='ltr'><strong>sive</strong></span> <span class='ocrx_word' id='word_1_265' title='bbox 1828 2048 1948 2103; x_wconf 81' lang='lat' dir='ltr'><strong>lon-</strong></span> 
     </span>
    </p>
   </div>
   <div class='ocr_carea' id='block_1_37' title="bbox 363 2135 1950 2212">
    <p class='ocr_par' dir='ltr' id='par_1_37' title="bbox 363 2135 1950 2212">
     <span class='ocr_line' id='line_1_37' title="bbox 363 2135 1950 2212; baseline 0.008 -25"><span class='ocrx_word' id='word_1_266' title='bbox 363 2143 473 2189; x_wconf 88' lang='lat' dir='ltr'><strong>tem</strong></span> <span class='ocrx_word' id='word_1_267' title='bbox 503 2135 862 2190; x_wconf 89' lang='lat' dir='ltr'><strong>ordinaturos</strong></span> <span class='ocrx_word' id='word_1_268' title='bbox 892 2151 1016 2191; x_wconf 87' lang='lat' dir='ltr'><strong>esse</strong></span> <span class='ocrx_word' id='word_1_269' title='bbox 1046 2153 1114 2190; x_wconf 81' lang='lat' dir='ltr'><strong>ex</strong></span> <span class='ocrx_word' id='word_1_270' title='bbox 1170 2135 1522 2208; x_wconf 82' lang='lat' dir='ltr'><strong>Symmacho,</strong></span> <span class='ocrx_word' id='word_1_271' title='bbox 1553 2139 1766 2212; x_wconf 90' lang='lat' dir='ltr'><strong>hacque</strong></span> <span class='ocrx_word' id='word_1_272' title='bbox 1815 2158 1950 2200; x_wconf 90' lang='lat' dir='ltr'><strong>voce</strong></span> 
     </span>
    </p>
   </div>
   <div class='ocr_carea' id='block_1_38' title="bbox 363 2226 1950 2303">
    <p class='ocr_par' dir='ltr' id='par_1_38' title="bbox 363 2226 1950 2303">
     <span class='ocr_line' id='line_1_38' title="bbox 363 2226 1950 2303; baseline 0.006 -25"><span class='ocrx_word' id='word_1_273' title='bbox 363 2226 604 2280; x_wconf 88' lang='lat' dir='ltr'><strong>divinam</strong></span> <span class='ocrx_word' id='word_1_274' title='bbox 633 2227 940 2280; x_wconf 88' lang='lat' dir='ltr'><strong>doctrinam</strong></span> <span class='ocrx_word' id='word_1_275' title='bbox 973 2229 1270 2298; x_wconf 88' lang='lat' dir='ltr'><strong>appellant.</strong></span> <span class='ocrx_word' id='word_1_276' title='bbox 1304 2227 1452 2284; x_wconf 91' lang='lat' dir='ltr'><strong>Fons</strong></span> <span class='ocrx_word' id='word_1_277' title='bbox 1477 2229 1681 2301; x_wconf 88' lang='lat' dir='ltr'><strong>quippe</strong></span> <span class='ocrx_word' id='word_1_278' title='bbox 1696 2233 1821 2286; x_wconf 71' lang='lat' dir='ltr'><strong>vita:</strong></span> <span class='ocrx_word' id='word_1_279' title='bbox 1851 2248 1950 2303; x_wconf 93' lang='lat' dir='ltr'><strong>po-</strong></span> 
     </span>
    </p>
   </div>
   <div class='ocr_carea' id='block_1_39' title="bbox 363 2319 1949 2382">
    <p class='ocr_par' dir='ltr' id='par_1_39' title="bbox 363 2319 1949 2382">
     <span class='ocr_line' id='line_1_39' title="bbox 363 2319 1949 2382; baseline 0.008 -14"><span class='ocrx_word' id='word_1_280' title='bbox 363 2325 455 2372; x_wconf 87' lang='lat' dir='ltr'><strong>tus</strong></span> <span class='ocrx_word' id='word_1_281' title='bbox 492 2319 924 2374; x_wconf 84' lang='lat' dir='ltr'><strong>immortalitatis</strong></span> <span class='ocrx_word' id='word_1_282' title='bbox 955 2321 1009 2374; x_wconf 84' lang='lat' dir='ltr'><strong>in</strong></span> <span class='ocrx_word' id='word_1_283' title='bbox 1050 2322 1192 2378; x_wconf 80' lang='lat' dir='ltr'><strong>valle</strong></span> <span class='ocrx_word' id='word_1_284' title='bbox 1227 2321 1386 2379; x_wconf 87' lang='lat' dir='ltr'><strong>lletus</strong></span> <span class='ocrx_word' id='word_1_285' title='bbox 1419 2339 1451 2379; x_wconf 91' lang='lat' dir='ltr'><strong>a</strong></span> <span class='ocrx_word' id='word_1_286' title='bbox 1485 2323 1581 2381; x_wconf 89' lang='lat' dir='ltr'><strong>Dei</strong></span> <span class='ocrx_word' id='word_1_287' title='bbox 1610 2333 1665 2380; x_wconf 89' lang='lat' dir='ltr'><strong>et</strong></span> <span class='ocrx_word' id='word_1_288' title='bbox 1711 2326 1949 2382; x_wconf 83' lang='lat' dir='ltr'><strong>homini-</strong></span> 
     </span>
    </p>
   </div>
   <div class='ocr_carea' id='block_1_40' title="bbox 364 2409 1947 2488">
    <p class='ocr_par' dir='ltr' id='par_1_40' title="bbox 364 2409 1947 2488">
     <span class='ocr_line' id='line_1_40' title="bbox 364 2409 1947 2488; baseline 0.005 -25"><span class='ocrx_word' id='word_1_289' title='bbox 364 2409 470 2464; x_wconf 85' lang='lat' dir='ltr'><strong>bus</strong></span> <span class='ocrx_word' id='word_1_290' title='bbox 506 2409 648 2479; x_wconf 89' lang='lat' dir='ltr'><strong>apud</strong></span> <span class='ocrx_word' id='word_1_291' title='bbox 679 2409 962 2464; x_wconf 89' lang='lat' dir='ltr'><strong>hominum</strong></span> <span class='ocrx_word' id='word_1_292' title='bbox 996 2427 1169 2482; x_wconf 80' lang='lat' dir='ltr'><strong>genus</strong></span> <span class='ocrx_word' id='word_1_293' title='bbox 1210 2415 1586 2483; x_wconf 81' lang='lat' dir='ltr'><strong>constituitur,</strong></span> <span class='ocrx_word' id='word_1_294' title='bbox 1637 2433 1734 2488; x_wconf 91' lang='lat' dir='ltr'><strong>per</strong></span> <span class='ocrx_word' id='word_1_295' title='bbox 1767 2417 1947 2472; x_wconf 87' lang='lat' dir='ltr'><strong>vivill-</strong></span> 
     </span>
    </p>
   </div>
   <div class='ocr_carea' id='block_1_41' title="bbox 364 2502 1946 2580">
    <p class='ocr_par' dir='ltr' id='par_1_41' title="bbox 364 2502 1946 2580">
     <span class='ocr_line' id='line_1_41' title="bbox 364 2502 1946 2580; baseline 0.007 -26"><span class='ocrx_word' id='word_1_296' title='bbox 364 2515 488 2555; x_wconf 88' lang='lat' dir='ltr'><strong>cam</strong></span> <span class='ocrx_word' id='word_1_297' title='bbox 530 2502 742 2557; x_wconf 89' lang='lat' dir='ltr'><strong>scilicet</strong></span> <span class='ocrx_word' id='word_1_298' title='bbox 773 2512 826 2558; x_wconf 91' lang='lat' dir='ltr'><strong>et</strong></span> <span class='ocrx_word' id='word_1_299' title='bbox 872 2504 1016 2574; x_wconf 87' lang='lat' dir='ltr'><strong>piam</strong></span> <span class='ocrx_word' id='word_1_300' title='bbox 1056 2504 1393 2572; x_wconf 84' lang='lat' dir='ltr'><strong>doctrinam,</strong></span> <span class='ocrx_word' id='word_1_301' title='bbox 1447 2523 1612 2579; x_wconf 88' lang='lat' dir='ltr'><strong>quam</strong></span> <span class='ocrx_word' id='word_1_302' title='bbox 1669 2525 1794 2564; x_wconf 91' lang='lat' dir='ltr'><strong>cum</strong></span> <span class='ocrx_word' id='word_1_303' title='bbox 1838 2509 1946 2580; x_wconf 90' lang='lat' dir='ltr'><strong>ipsi</strong></span> 
     </span>
    </p>
   </div>
   <div class='ocr_carea' id='block_1_42' title="bbox 365 2590 1946 2668">
    <p class='ocr_par' dir='ltr' id='par_1_42' title="bbox 365 2590 1946 2668">
     <span class='ocr_line' id='line_1_42' title="bbox 365 2590 1946 2668; baseline 0.007 -24"><span class='ocrx_word' id='word_1_304' title='bbox 365 2590 636 2656; x_wconf 87' lang='lat' dir='ltr'><strong>adierunt,</strong></span> <span class='ocrx_word' id='word_1_305' title='bbox 668 2600 784 2647; x_wconf 92' lang='lat' dir='ltr'><strong>tum</strong></span> <span class='ocrx_word' id='word_1_306' title='bbox 820 2594 944 2650; x_wconf 88' lang='lat' dir='ltr'><strong>aliis</strong></span> <span class='ocrx_word' id='word_1_307' title='bbox 976 2609 1075 2665; x_wconf 87' lang='lat' dir='ltr'><strong>per</strong></span> <span class='ocrx_word' id='word_1_308' title='bbox 1102 2597 1308 2663; x_wconf 85' lang='lat' dir='ltr'><strong>scripta</strong></span> <span class='ocrx_word' id='word_1_309' title='bbox 1335 2612 1435 2652; x_wconf 89' lang='lat' dir='ltr'><strong>sua</strong></span> <span class='ocrx_word' id='word_1_310' title='bbox 1488 2598 1852 2668; x_wconf 80' lang='lat' dir='ltr'><strong>reliquerunt.</strong></span> <span class='ocrx_word' id='word_1_311' title='bbox 1875 2626 1946 2641; x_wconf 89' lang='lat'><strong>—-</strong></span> 
     </span>
    </p>
   </div>
   <div class='ocr_carea' id='block_1_43' title="bbox 363 2679 1944 2759">
    <p class='ocr_par' dir='ltr' id='par_1_43' title="bbox 363 2679 1944 2759">
     <span class='ocr_line' id='line_1_43' title="bbox 363 2679 1944 2759; baseline 0.005 -23"><span class='ocrx_word' id='word_1_312' title='bbox 363 2679 533 2738; x_wconf 76' lang='lat' dir='ltr'><strong>Vsus.</strong></span> <span class='ocrx_word' id='word_1_313' title='bbox 565 2683 618 2738; x_wconf 92' lang='lat'><strong>8.</strong></span> <span class='ocrx_word' id='word_1_314' title='bbox 648 2681 718 2740; x_wconf 92' lang='lat' dir='ltr'><strong>lis</strong></span> <span class='ocrx_word' id='word_1_315' title='bbox 748 2700 880 2739; x_wconf 87' lang='lat' dir='ltr'><strong>vero</strong></span> <span class='ocrx_word' id='word_1_316' title='bbox 925 2685 1058 2756; x_wconf 87' lang='lat' dir='ltr'><strong>ipsis</strong></span> <span class='ocrx_word' id='word_1_317' title='bbox 1109 2686 1166 2741; x_wconf 89' lang='lat' dir='ltr'><strong>in</strong></span> <span class='ocrx_word' id='word_1_318' title='bbox 1217 2687 1584 2759; x_wconf 88' lang='lat' dir='ltr'><strong>lacrymarum</strong></span> <span class='ocrx_word' id='word_1_319' title='bbox 1631 2688 1944 2744; x_wconf 82' lang='lat' dir='ltr'><strong>mercedem</strong></span> 
     </span>
    </p>
   </div>
   <div class='ocr_carea' id='block_1_44' title="bbox 363 2773 1945 2851">
    <p class='ocr_par' dir='ltr' id='par_1_44' title="bbox 363 2773 1945 2851">
     <span class='ocr_line' id='line_1_44' title="bbox 363 2773 1945 2851; baseline 0.004 -23"><span class='ocrx_word' id='word_1_320' title='bbox 363 2773 810 2846; x_wconf 90' lang='lat' dir='ltr'><strong>condignumque</strong></span> <span class='ocrx_word' id='word_1_321' title='bbox 861 2775 1124 2843; x_wconf 83' lang='lat' dir='ltr'><strong>fructum,</strong></span> <span class='ocrx_word' id='word_1_322' title='bbox 1186 2778 1625 2836; x_wconf 82' lang='lat' dir='ltr'><strong>benedictionem</strong></span> <span class='ocrx_word' id='word_1_323' title='bbox 1678 2781 1945 2851; x_wconf 86' lang='lat' dir='ltr'><strong>rependet</strong></span> 
     </span>
    </p>
   </div>
   <div class='ocr_carea' id='block_1_45' title="bbox 362 2865 1946 2938">
    <p class='ocr_par' dir='ltr' id='par_1_45' title="bbox 362 2865 1946 2938">
     <span class='ocr_line' id='line_1_45' title="bbox 362 2865 1946 2938; baseline 0.005 -18"><span class='ocrx_word' id='word_1_324' title='bbox 362 2865 607 2937; x_wconf 90' lang='lat' dir='ltr'><strong>ipsorum</strong></span> <span class='ocrx_word' id='word_1_325' title='bbox 637 2867 940 2938; x_wconf 86' lang='lat' dir='ltr'><strong>legislator.</strong></span> <span class='ocrx_word' id='word_1_326' title='bbox 981 2868 1322 2935; x_wconf 86' lang='lat' dir='ltr'><strong>Quibusnam</strong></span> <span class='ocrx_word' id='word_1_327' title='bbox 1349 2869 1787 2928; x_wconf 88' lang='lat' dir='ltr'><strong>benedictionem</strong></span> <span class='ocrx_word' id='word_1_328' title='bbox 1840 2875 1946 2928; x_wconf 90' lang='lat' dir='ltr'><strong>im-</strong></span> 
     </span>
    </p>
   </div>
   <div class='ocr_carea' id='block_1_46' title="bbox 361 2957 1942 3035">
    <p class='ocr_par' dir='ltr' id='par_1_46' title="bbox 361 2957 1942 3035">
     <span class='ocr_line' id='line_1_46' title="bbox 361 2957 1942 3035; baseline 0.004 -24"><span class='ocrx_word' id='word_1_329' title='bbox 361 2959 583 3029; x_wconf 87' lang='lat' dir='ltr'><strong>pertiet,</strong></span> <span class='ocrx_word' id='word_1_330' title='bbox 611 2960 718 3014; x_wconf 85' lang='lat' dir='ltr'><strong>nisi</strong></span> <span class='ocrx_word' id='word_1_331' title='bbox 749 2960 818 3016; x_wconf 89' lang='lat' dir='ltr'><strong>iis</strong></span> <span class='ocrx_word' id='word_1_332' title='bbox 846 2960 939 3030; x_wconf 92' lang='lat' dir='ltr'><strong>qui</strong></span> <span class='ocrx_word' id='word_1_333' title='bbox 993 2961 1048 3014; x_wconf 89' lang='lat' dir='ltr'><strong>in</strong></span> <span class='ocrx_word' id='word_1_334' title='bbox 1087 2957 1192 3016; x_wconf 88' lang='lat' dir='ltr'><strong>hac</strong></span> <span class='ocrx_word' id='word_1_335' title='bbox 1254 2963 1392 3017; x_wconf 84' lang='lat' dir='ltr'><strong>valle</strong></span> <span class='ocrx_word' id='word_1_336' title='bbox 1445 2963 1705 3035; x_wconf 85' lang='lat' dir='ltr'><strong>lacrymis</strong></span> <span class='ocrx_word' id='word_1_337' title='bbox 1749 2964 1942 3035; x_wconf 88' lang='lat' dir='ltr'><strong>dediti,</strong></span> 
     </span>
    </p>
   </div>
   <div class='ocr_carea' id='block_1_47' title="bbox 363 3050 1942 3128">
    <p class='ocr_par' dir='ltr' id='par_1_47' title="bbox 363 3050 1942 3128">
     <span class='ocr_line' id='line_1_47' title="bbox 363 3050 1942 3128; baseline 0.005 -25"><span class='ocrx_word' id='word_1_338' title='bbox 363 3050 568 3106; x_wconf 84' lang='lat' dir='ltr'><strong>fontem</strong></span> <span class='ocrx_word' id='word_1_339' title='bbox 601 3051 656 3105; x_wconf 83' lang='lat' dir='ltr'><strong>in</strong></span> <span class='ocrx_word' id='word_1_340' title='bbox 688 3052 780 3105; x_wconf 89' lang='lat' dir='ltr'><strong>illa</strong></span> <span class='ocrx_word' id='word_1_341' title='bbox 813 3053 1137 3122; x_wconf 90' lang='lat' dir='ltr'><strong>posuerint?</strong></span> <span class='ocrx_word' id='word_1_342' title='bbox 1191 3051 1295 3108; x_wconf 79' lang='lat' dir='ltr'><strong>Pro</strong></span> <span class='ocrx_word' id='word_1_343' title='bbox 1326 3054 1422 3108; x_wconf 92' lang='lat' dir='ltr'><strong>illo</strong></span> <span class='ocrx_word' id='word_1_344' title='bbox 1454 3063 1659 3120; x_wconf 88' lang='lat' dir='ltr'><strong>autem,</strong></span> <span class='ocrx_word' id='word_1_345' title='bbox 1713 3056 1942 3128; x_wconf 82' lang='lat' dir='ltr'><strong>legisla-</strong></span> 
     </span>
    </p>
   </div>
   <div class='ocr_carea' id='block_1_48' title="bbox 363 3140 1944 3214">
    <p class='ocr_par' dir='ltr' id='par_1_48' title="bbox 363 3140 1944 3214">
     <span class='ocr_line' id='line_1_48' title="bbox 363 3140 1944 3214; baseline 0.004 -20"><span class='ocrx_word' id='word_1_346' title='bbox 363 3151 479 3205; x_wconf 88' lang='lat' dir='ltr'><strong>tor;</strong></span> <span class='ocrx_word' id='word_1_347' title='bbox 515 3141 736 3211; x_wconf 88' lang='lat' dir='ltr'><strong>Aquila,</strong></span> <span class='ocrx_word' id='word_1_348' title='bbox 791 3143 1123 3205; x_wconf 81' lang='lat' dir='ltr'><strong>matutinus;</strong></span> <span class='ocrx_word' id='word_1_349' title='bbox 1181 3140 1544 3214; x_wconf 83' lang='lat' dir='ltr'><strong>Symmachus</strong></span> <span class='ocrx_word' id='word_1_350' title='bbox 1585 3162 1737 3210; x_wconf 85' lang='lat' dir='ltr'><strong>vero,</strong></span> <span class='ocrx_word' id='word_1_351' title='bbox 1797 3165 1944 3201; x_wconf 88' lang='lat' dir='ltr'><strong>com-</strong></span> 
     </span>
    </p>
   </div>
   <div class='ocr_carea' id='block_1_49' title="bbox 361 3233 1942 3305">
    <p class='ocr_par' dir='ltr' id='par_1_49' title="bbox 361 3233 1942 3305">
     <span class='ocr_line' id='line_1_49' title="bbox 361 3233 1942 3305; baseline 0.004 -17"><span class='ocrx_word' id='word_1_352' title='bbox 361 3243 716 3298; x_wconf 88' lang='lat' dir='ltr'><strong>monstrator,</strong></span> <span class='ocrx_word' id='word_1_353' title='bbox 745 3233 917 3300; x_wconf 84' lang='lat' dir='ltr'><strong>dixit;</strong></span> <span class='ocrx_word' id='word_1_354' title='bbox 958 3234 1145 3303; x_wconf 90' lang='lat' dir='ltr'><strong>quinta</strong></span> <span class='ocrx_word' id='word_1_355' title='bbox 1173 3243 1354 3290; x_wconf 91' lang='lat' dir='ltr'><strong>autem</strong></span> <span class='ocrx_word' id='word_1_356' title='bbox 1378 3236 1570 3304; x_wconf 89' lang='lat' dir='ltr'><strong>editio,</strong></span> <span class='ocrx_word' id='word_1_357' title='bbox 1606 3240 1712 3305; x_wconf 81' lang='lat' dir='ltr'><strong>Qui</strong></span> <span class='ocrx_word' id='word_1_358' title='bbox 1739 3240 1942 3293; x_wconf 84' lang='lat' dir='ltr'><strong>illumi-</strong></span> 
     </span>
    </p>
   </div>
   <div class='ocr_carea' id='block_1_50' title="bbox 363 3325 1945 3394">
    <p class='ocr_par' dir='ltr' id='par_1_50' title="bbox 363 3325 1945 3394">
     <span class='ocr_line' id='line_1_50' title="bbox 363 3325 1945 3394; baseline 0.005 -17"><span class='ocrx_word' id='word_1_359' title='bbox 363 3336 490 3392; x_wconf 75' lang='lat' dir='ltr'><strong>nat,</strong></span> <span class='ocrx_word' id='word_1_360' title='bbox 523 3326 630 3378; x_wconf 86' lang='lat' dir='ltr'><strong>alia</strong></span> <span class='ocrx_word' id='word_1_361' title='bbox 656 3326 782 3379; x_wconf 79' lang='lat' dir='ltr'><strong>item</strong></span> <span class='ocrx_word' id='word_1_362' title='bbox 817 3325 1067 3394; x_wconf 64' lang='lat' dir='ltr'><strong>quaedam</strong></span> <span class='ocrx_word' id='word_1_363' title='bbox 1103 3331 1258 3380; x_wconf 81' lang='lat' dir='ltr'><strong>sexta</strong></span> <span class='ocrx_word' id='word_1_364' title='bbox 1305 3325 1497 3391; x_wconf 87' lang='lat' dir='ltr'><strong>editio,</strong></span> <span class='ocrx_word' id='word_1_365' title='bbox 1525 3327 1632 3394; x_wconf 79' lang='lat' dir='ltr'><strong>Qui</strong></span> <span class='ocrx_word' id='word_1_366' title='bbox 1659 3328 1829 3384; x_wconf 83' lang='lat' dir='ltr'><strong>docet.</strong></span> <span class='ocrx_word' id='word_1_367' title='bbox 1864 3331 1945 3385; x_wconf 89' lang='lat' dir='ltr'><strong>Ita</strong></span> 
     </span>
    </p>
   </div>
   <div class='ocr_carea' id='block_1_51' title="bbox 363 3413 1944 3483">
    <p class='ocr_par' dir='ltr' id='par_1_51' title="bbox 363 3413 1944 3483">
     <span class='ocr_line' id='line_1_51' title="bbox 363 3413 1944 3483; baseline 0.003 -15"><span class='ocrx_word' id='word_1_368' title='bbox 363 3424 424 3469; x_wconf 94' lang='lat' dir='ltr'><strong>ut</strong></span> <span class='ocrx_word' id='word_1_369' title='bbox 453 3433 518 3472; x_wconf 78' lang='lat' dir='ltr'><strong>ex</strong></span> <span class='ocrx_word' id='word_1_370' title='bbox 552 3416 808 3472; x_wconf 90' lang='lat' dir='ltr'><strong>omnibus</strong></span> <span class='ocrx_word' id='word_1_371' title='bbox 837 3417 1080 3470; x_wconf 86' lang='lat' dir='ltr'><strong>salutare</strong></span> <span class='ocrx_word' id='word_1_372' title='bbox 1105 3413 1346 3470; x_wconf 80' lang='lat' dir='ltr'><strong>Verbum</strong></span> <span class='ocrx_word' id='word_1_373' title='bbox 1396 3417 1653 3483; x_wconf 89' lang='lat' dir='ltr'><strong>indicari,</strong></span> <span class='ocrx_word' id='word_1_374' title='bbox 1682 3420 1944 3475; x_wconf 85' lang='lat' dir='ltr'><strong>subintel-</strong></span> 
     </span>
    </p>
   </div>
   <div class='ocr_carea' id='block_1_52' title="bbox 361 3508 1946 3580">
    <p class='ocr_par' dir='ltr' id='par_1_52' title="bbox 361 3508 1946 3580">
     <span class='ocr_line' id='line_1_52' title="bbox 361 3508 1946 3580; baseline 0.004 -20"><span class='ocrx_word' id='word_1_375' title='bbox 361 3508 532 3578; x_wconf 89' lang='lat' dir='ltr'><strong>ligere</strong></span> <span class='ocrx_word' id='word_1_376' title='bbox 554 3509 737 3564; x_wconf 84' lang='lat' dir='ltr'><strong>liceat.</strong></span> <span class='ocrx_word' id='word_1_377' title='bbox 772 3508 895 3578; x_wconf 88' lang='lat' dir='ltr'><strong>Ipse</strong></span> <span class='ocrx_word' id='word_1_378' title='bbox 920 3522 1158 3578; x_wconf 84' lang='lat' dir='ltr'><strong>namque</strong></span> <span class='ocrx_word' id='word_1_379' title='bbox 1202 3514 1288 3562; x_wconf 89' lang='lat' dir='ltr'><strong>est</strong></span> <span class='ocrx_word' id='word_1_380' title='bbox 1315 3509 1616 3580; x_wconf 89' lang='lat' dir='ltr'><strong>legislator,</strong></span> <span class='ocrx_word' id='word_1_381' title='bbox 1667 3511 1946 3567; x_wconf 89' lang='lat' dir='ltr'><strong>illumina-</strong></span> 
     </span>
    </p>
   </div>
   <div class='ocr_carea' id='block_1_53' title="bbox 361 3601 1942 3672">
    <p class='ocr_par' dir='ltr' id='par_1_53' title="bbox 361 3601 1942 3672">
     <span class='ocr_line' id='line_1_53' title="bbox 361 3601 1942 3672; baseline 0.003 -19"><span class='ocrx_word' id='word_1_382' title='bbox 361 3607 470 3664; x_wconf 91' lang='lat' dir='ltr'><strong>tor,</strong></span> <span class='ocrx_word' id='word_1_383' title='bbox 510 3601 722 3663; x_wconf 88' lang='lat' dir='ltr'><strong>doctor,</strong></span> <span class='ocrx_word' id='word_1_384' title='bbox 779 3601 1032 3672; x_wconf 78' lang='lat' dir='ltr'><strong>idemque</strong></span> <span class='ocrx_word' id='word_1_385' title='bbox 1079 3601 1382 3658; x_wconf 84' lang='lat' dir='ltr'><strong>matutinus</strong></span> <span class='ocrx_word' id='word_1_386' title='bbox 1431 3611 1485 3657; x_wconf 89' lang='lat' dir='ltr'><strong>et</strong></span> <span class='ocrx_word' id='word_1_387' title='bbox 1535 3613 1942 3660; x_wconf 81' lang='lat' dir='ltr'><strong>commonstra-</strong></span> 
     </span>
    </p>
   </div>
   <div class='ocr_carea' id='block_1_54' title="bbox 360 3696 1942 3766">
    <p class='ocr_par' dir='ltr' id='par_1_54' title="bbox 360 3696 1942 3766">
     <span class='ocr_line' id='line_1_54' title="bbox 360 3696 1942 3766; baseline 0.004 -18"><span class='ocrx_word' id='word_1_388' title='bbox 360 3703 489 3762; x_wconf 88' lang='lat' dir='ltr'><strong>tor;</strong></span> <span class='ocrx_word' id='word_1_389' title='bbox 523 3696 824 3751; x_wconf 88' lang='lat' dir='ltr'><strong>secundum</strong></span> <span class='ocrx_word' id='word_1_390' title='bbox 852 3697 1096 3766; x_wconf 83' lang='lat' dir='ltr'><strong>singulas</strong></span> <span class='ocrx_word' id='word_1_391' title='bbox 1129 3696 1393 3751; x_wconf 85' lang='lat' dir='ltr'><strong>virtutum</strong></span> <span class='ocrx_word' id='word_1_392' title='bbox 1441 3711 1667 3752; x_wconf 85' lang='lat' dir='ltr'><strong>suarum</strong></span> <span class='ocrx_word' id='word_1_393' title='bbox 1701 3699 1942 3755; x_wconf 80' lang='lat' dir='ltr'><strong>rationes</strong></span> 
     </span>
    </p>
   </div>
   <div class='ocr_carea' id='block_1_55' title="bbox 363 3785 1942 3859">
    <p class='ocr_par' dir='ltr' id='par_1_55' title="bbox 363 3785 1942 3859">
     <span class='ocr_line' id='line_1_55' title="bbox 363 3785 1942 3859; baseline 0.003 -21"><span class='ocrx_word' id='word_1_394' title='bbox 363 3785 451 3840; x_wconf 88' lang='lat' dir='ltr'><strong>his</strong></span> <span class='ocrx_word' id='word_1_395' title='bbox 481 3801 616 3840; x_wconf 89' lang='lat' dir='ltr'><strong>usus</strong></span> <span class='ocrx_word' id='word_1_396' title='bbox 643 3786 948 3842; x_wconf 86' lang='lat' dir='ltr'><strong>vocabulis.</strong></span> <span class='ocrx_word' id='word_1_397' title='bbox 979 3786 1026 3839; x_wconf 90' lang='lat' dir='ltr'><strong>A</strong></span> <span class='ocrx_word' id='word_1_398' title='bbox 1059 3802 1169 3856; x_wconf 89' lang='lat' dir='ltr'><strong>quo</strong></span> <span class='ocrx_word' id='word_1_399' title='bbox 1200 3787 1638 3843; x_wconf 82' lang='lat' dir='ltr'><strong>benedictionem</strong></span> <span class='ocrx_word' id='word_1_400' title='bbox 1673 3789 1817 3843; x_wconf 91' lang='lat' dir='ltr'><strong>nacti</strong></span> <span class='ocrx_word' id='word_1_401' title='bbox 1845 3789 1942 3859; x_wconf 90' lang='lat' dir='ltr'><strong>qui</strong></span> 
     </span>
    </p>
   </div>
   <div class='ocr_carea' id='block_1_56' title="bbox 362 3875 1940 3948">
    <p class='ocr_par' dir='ltr' id='par_1_56' title="bbox 362 3875 1940 3948">
     <span class='ocr_line' id='line_1_56' title="bbox 362 3875 1940 3948; baseline 0.005 -20"><span class='ocrx_word' id='word_1_402' title='bbox 362 3875 420 3928; x_wconf 92' lang='lat' dir='ltr'><strong>in</strong></span> <span class='ocrx_word' id='word_1_403' title='bbox 458 3876 601 3930; x_wconf 83' lang='lat' dir='ltr'><strong>valle</strong></span> <span class='ocrx_word' id='word_1_404' title='bbox 630 3876 1026 3948; x_wconf 76' lang='lat' dir='ltr'><strong>lacrymantur,</strong></span> <span class='ocrx_word' id='word_1_405' title='bbox 1056 3879 1236 3943; x_wconf 84' lang='lat' dir='ltr'><strong>ibunt,</strong></span> <span class='ocrx_word' id='word_1_406' title='bbox 1268 3878 1372 3934; x_wconf 88' lang='lat' dir='ltr'><strong>iter</strong></span> <span class='ocrx_word' id='word_1_407' title='bbox 1404 3895 1566 3934; x_wconf 91' lang='lat' dir='ltr'><strong>suum</strong></span> <span class='ocrx_word' id='word_1_408' title='bbox 1591 3879 1940 3948; x_wconf 76' lang='lat' dir='ltr'><strong>perlicientes</strong></span> 
     </span>
    </p>
   </div>
   <div class='ocr_carea' id='block_1_57' title="bbox 361 3965 1940 4040">
    <p class='ocr_par' dir='ltr' id='par_1_57' title="bbox 361 3965 1940 4040">
     <span class='ocr_line' id='line_1_57' title="bbox 361 3965 1940 4040; baseline 0.006 -21"><span class='ocrx_word' id='word_1_409' title='bbox 361 3981 427 4021; x_wconf 87' lang='lat' dir='ltr'><strong>ac</strong></span> <span class='ocrx_word' id='word_1_410' title='bbox 460 3965 512 4020; x_wconf 91' lang='lat' dir='ltr'><strong>in</strong></span> <span class='ocrx_word' id='word_1_411' title='bbox 545 3965 662 4022; x_wconf 89' lang='lat' dir='ltr'><strong>dies</strong></span> <span class='ocrx_word' id='word_1_412' title='bbox 693 3968 971 4034; x_wconf 87' lang='lat' dir='ltr'><strong>roborati;</strong></span> <span class='ocrx_word' id='word_1_413' title='bbox 1002 3969 1074 4022; x_wconf 90' lang='lat' dir='ltr'><strong>ita</strong></span> <span class='ocrx_word' id='word_1_414' title='bbox 1107 3977 1165 4023; x_wconf 94' lang='lat' dir='ltr'><strong>ut</strong></span> <span class='ocrx_word' id='word_1_415' title='bbox 1194 3985 1410 4040; x_wconf 90' lang='lat' dir='ltr'><strong>semper</strong></span> <span class='ocrx_word' id='word_1_416' title='bbox 1440 3969 1755 4040; x_wconf 83' lang='lat' dir='ltr'><strong>proﬁciant,</strong></span> <span class='ocrx_word' id='word_1_417' title='bbox 1789 3981 1844 4026; x_wconf 90' lang='lat' dir='ltr'><strong>et</strong></span> <span class='ocrx_word' id='word_1_418' title='bbox 1871 3987 1940 4028; x_wconf 75' lang='lat' dir='ltr'><strong>et:</strong></span> 
     </span>
    </p>
   </div>
   <div class='ocr_carea' id='block_1_58' title="bbox 358 4057 1941 4136">
    <p class='ocr_par' dir='ltr' id='par_1_58' title="bbox 358 4057 1941 4136">
     <span class='ocr_line' id='line_1_58' title="bbox 358 4057 1941 4136; baseline 0.005 -25"><span class='ocrx_word' id='word_1_419' title='bbox 358 4057 560 4112; x_wconf 85' lang='lat' dir='ltr'><strong>minori</strong></span> <span class='ocrx_word' id='word_1_420' title='bbox 591 4058 648 4112; x_wconf 85' lang='lat' dir='ltr'><strong>in</strong></span> <span class='ocrx_word' id='word_1_421' title='bbox 674 4059 937 4130; x_wconf 85' lang='lat' dir='ltr'><strong>majorem</strong></span> <span class='ocrx_word' id='word_1_422' title='bbox 965 4061 1222 4118; x_wconf 85' lang='lat' dir='ltr'><strong>virtutem</strong></span> <span class='ocrx_word' id='word_1_423' title='bbox 1255 4062 1546 4129; x_wconf 84' lang='lat' dir='ltr'><strong>accedant,</strong></span> <span class='ocrx_word' id='word_1_424' title='bbox 1574 4071 1630 4119; x_wconf 92' lang='lat' dir='ltr'><strong>et</strong></span> <span class='ocrx_word' id='word_1_425' title='bbox 1688 4079 1719 4118; x_wconf 87' lang='lat' dir='ltr'><strong>a</strong></span> <span class='ocrx_word' id='word_1_426' title='bbox 1765 4065 1941 4136; x_wconf 78' lang='lat' dir='ltr'><strong>gloria</strong></span> 
     </span>
    </p>
   </div>
   <div class='ocr_carea' id='block_1_59' title="bbox 360 4149 1942 4226">
    <p class='ocr_par' dir='ltr' id='par_1_59' title="bbox 360 4149 1942 4226">
     <span class='ocr_line' id='line_1_59' title="bbox 360 4149 1942 4226; baseline 0.006 -23"><span class='ocrx_word' id='word_1_427' title='bbox 360 4149 416 4204; x_wconf 91' lang='lat' dir='ltr'><strong>in</strong></span> <span class='ocrx_word' id='word_1_428' title='bbox 439 4151 691 4220; x_wconf 77' lang='lat' dir='ltr'><strong>gloriam,</strong></span> <span class='ocrx_word' id='word_1_429' title='bbox 725 4157 786 4207; x_wconf 89' lang='lat' dir='ltr'><strong>ut</strong></span> <span class='ocrx_word' id='word_1_430' title='bbox 835 4155 912 4207; x_wconf 90' lang='lat' dir='ltr'><strong>ait</strong></span> <span class='ocrx_word' id='word_1_431' title='bbox 957 4153 1179 4210; x_wconf 89' lang='lat' dir='ltr'><strong>divinus</strong></span> <span class='ocrx_word' id='word_1_432' title='bbox 1229 4155 1527 4226; x_wconf 86' lang='lat' dir='ltr'><strong>Apostolus</strong></span> <span class='ocrx_word' id='word_1_433' title='bbox 1559 4171 1573 4208; x_wconf 86' lang='lat'><strong>:</strong></span> <span class='ocrx_word' id='word_1_434' title='bbox 1609 4155 1676 4210; x_wconf 88' lang='lat' dir='ltr'><strong>In</strong></span> <span class='ocrx_word' id='word_1_435' title='bbox 1703 4158 1942 4212; x_wconf 84' lang='lat' dir='ltr'><strong>eamdem</strong></span> 
     </span>
    </p>
   </div>
   <div class='ocr_carea' id='block_1_60' title="bbox 359 4243 1942 4319">
    <p class='ocr_par' dir='ltr' id='par_1_60' title="bbox 359 4243 1942 4319">
     <span class='ocr_line' id='line_1_60' title="bbox 359 4243 1942 4319; baseline 0.005 -23"><span class='ocrx_word' id='word_1_436' title='bbox 359 4243 643 4313; x_wconf 76' lang='lat' dir='ltr'><strong>imaginem</strong></span> <span class='ocrx_word' id='word_1_437' title='bbox 667 4245 1048 4314; x_wconf 75' lang='lat' dir='ltr'><strong>transformati&#39;</strong></span> <span class='ocrx_word' id='word_1_438' title='bbox 1067 4264 1100 4299; x_wconf 87' lang='lat' dir='ltr'><strong>a</strong></span> <span class='ocrx_word' id='word_1_439' title='bbox 1126 4247 1300 4317; x_wconf 84' lang='lat' dir='ltr'><strong>gloria</strong></span> <span class='ocrx_word' id='word_1_440' title='bbox 1329 4249 1384 4301; x_wconf 88' lang='lat' dir='ltr'><strong>in</strong></span> <span class='ocrx_word' id='word_1_441' title='bbox 1412 4248 1638 4319; x_wconf 77' lang='lat' dir='ltr'><strong>gloriam</strong></span> <span class='ocrx_word' id='word_1_442' title='bbox 1667 4249 1733 4303; x_wconf 78' lang='grc'><strong>³⁸.</strong></span> <span class='ocrx_word' id='word_1_443' title='bbox 1759 4248 1942 4314; x_wconf 86' lang='lat' dir='ltr'><strong>Quare</strong></span> 
     </span>
    </p>
   </div>
   <div class='ocr_carea' id='block_1_61' title="bbox 361 4333 1942 4410">
    <p class='ocr_par' dir='ltr' id='par_1_61' title="bbox 361 4333 1942 4410">
     <span class='ocr_line' id='line_1_61' title="bbox 361 4333 1942 4410; baseline 0.005 -22"><span class='ocrx_word' id='word_1_444' title='bbox 361 4333 728 4405; x_wconf 85' lang='lat' dir='ltr'><strong>Symmachus</strong></span> <span class='ocrx_word' id='word_1_445' title='bbox 750 4336 832 4391; x_wconf 89' lang='lat' dir='ltr'><strong>sic</strong></span> <span class='ocrx_word' id='word_1_446' title='bbox 879 4337 1273 4410; x_wconf 78' lang='lat' dir='ltr'><strong>interpretatus</strong></span> <span class='ocrx_word' id='word_1_447' title='bbox 1302 4347 1430 4396; x_wconf 87' lang='lat' dir='ltr'><strong>est:</strong></span> <span class='ocrx_word' id='word_1_448' title='bbox 1468 4339 1580 4395; x_wconf 78' lang='lat' dir='ltr'><strong>lter</strong></span> <span class='ocrx_word' id='word_1_449' title='bbox 1634 4341 1830 4410; x_wconf 84' lang='lat' dir='ltr'><strong>facient</strong></span> <span class='ocrx_word' id='word_1_450' title='bbox 1875 4357 1942 4396; x_wconf 66' lang='lat' dir='ltr'><strong>ea</strong></span> 
     </span>
    </p>
   </div>
   <div class='ocr_carea' id='block_1_62' title="bbox 358 4424 923 4481">
    <p class='ocr_par' dir='ltr' id='par_1_62' title="bbox 358 4424 923 4481">
     <span class='ocr_line' id='line_1_62' title="bbox 358 4424 923 4481; baseline 0.009 -5"><span class='ocrx_word' id='word_1_451' title='bbox 358 4424 551 4478; x_wconf 72' lang='lat' dir='ltr'><strong>virtute</strong></span> <span class='ocrx_word' id='word_1_452' title='bbox 575 4425 637 4479; x_wconf 69' lang='lat' dir='ltr'><strong>in</strong></span> <span class='ocrx_word' id='word_1_453' title='bbox 653 4426 923 4481; x_wconf 80' lang='lat' dir='ltr'><strong>virtutem.</strong></span> 
     </span>
    </p>
   </div>
   <div class='ocr_carea' id='block_1_63' title="bbox 431 4619 2017 4708">
    <p class='ocr_par' dir='ltr' id='par_1_63' title="bbox 431 4619 2017 4708">
     <span class='ocr_line' id='line_1_63' title="bbox 431 4619 2017 4708; baseline 0.001 -34"><span class='ocrx_word' id='word_1_454' title='bbox 431 4620 598 4676; x_wconf 76' lang='lat' dir='ltr'><strong>Vens.</strong></span> <span class='ocrx_word' id='word_1_455' title='bbox 629 4621 682 4675; x_wconf 85' lang='lat'><strong>9.</strong></span> <span class='ocrx_word' id='word_1_456' title='bbox 733 4621 1008 4676; x_wconf 81' lang='lat' dir='ltr'><strong>Videbitur</strong></span> <span class='ocrx_word' id='word_1_457' title='bbox 1038 4621 1178 4676; x_wconf 90' lang='lat' dir='ltr'><strong>Deus</strong></span> <span class='ocrx_word' id='word_1_458' title='bbox 1231 4621 1448 4677; x_wconf 84' lang='lat' dir='ltr'><strong>deorum</strong></span> <span class='ocrx_word' id='word_1_459' title='bbox 1483 4623 1538 4676; x_wconf 88' lang='lat' dir='ltr'><strong>in</strong></span> <span class='ocrx_word' id='word_1_460' title='bbox 1569 4619 1716 4677; x_wconf 83' lang='lat' dir='ltr'><strong>Sion.</strong></span> <span class='ocrx_word' id='word_1_461' title='bbox 1752 4622 1940 4677; x_wconf 86' lang='lat' dir='ltr'><strong>Domi-</strong></span> <span class='ocrx_word' id='word_1_462' title='bbox 1972 4651 2017 4708; x_wconf 66' lang='grc' dir='ltr'><strong>Β</strong></span> 
     </span>
    </p>
   </div>
   <div class='ocr_carea' id='block_1_64' title="bbox 358 4713 1940 4780">
    <p class='ocr_par' dir='ltr' id='par_1_64' title="bbox 358 4713 1940 4780">
     <span class='ocr_line' id='line_1_64' title="bbox 358 4713 1940 4780; baseline 0.003 -14"><span class='ocrx_word' id='word_1_463' title='bbox 358 4729 422 4767; x_wconf 88' lang='lat' dir='ltr'><strong>ne</strong></span> <span class='ocrx_word' id='word_1_464' title='bbox 447 4713 588 4768; x_wconf 84' lang='lat' dir='ltr'><strong>Deus</strong></span> <span class='ocrx_word' id='word_1_465' title='bbox 613 4715 891 4780; x_wconf 82' lang='lat' dir='ltr'><strong>virtutum,</strong></span> <span class='ocrx_word' id='word_1_466' title='bbox 923 4714 1121 4769; x_wconf 76' lang='lat' dir='ltr'><strong>exaudi</strong></span> <span class='ocrx_word' id='word_1_467' title='bbox 1152 4717 1446 4769; x_wconf 76' lang='lat' dir='ltr'><strong>orationem</strong></span> <span class='ocrx_word' id='word_1_468' title='bbox 1481 4731 1686 4780; x_wconf 89' lang='lat' dir='ltr'><strong>meam;</strong></span> <span class='ocrx_word' id='word_1_469' title='bbox 1719 4717 1940 4771; x_wconf 86' lang='lat' dir='ltr'><strong>auribus</strong></span> 
     </span>
    </p>
   </div>
   <div class='ocr_carea' id='block_1_65' title="bbox 364 4801 1943 4875">
    <p class='ocr_par' dir='ltr' id='par_1_65' title="bbox 364 4801 1943 4875">
     <span class='ocr_line' id='line_1_65' title="bbox 364 4801 1943 4875; baseline 0.004 -22"><span class='ocrx_word' id='word_1_470' title='bbox 364 4803 592 4871; x_wconf 82' lang='lat' dir='ltr'><strong>percipe,</strong></span> <span class='ocrx_word' id='word_1_471' title='bbox 616 4801 760 4856; x_wconf 87' lang='lat' dir='ltr'><strong>Deus</strong></span> <span class='ocrx_word' id='word_1_472' title='bbox 782 4803 970 4858; x_wconf 79' lang='lat' dir='ltr'><strong>Iacob.</strong></span> <span class='ocrx_word' id='word_1_473' title='bbox 1001 4803 1297 4875; x_wconf 84' lang='lat' dir='ltr'><strong>Postquam</strong></span> <span class='ocrx_word' id='word_1_474' title='bbox 1342 4803 1575 4871; x_wconf 84' lang='lat' dir='ltr'><strong>dixerat,</strong></span> <span class='ocrx_word' id='word_1_475' title='bbox 1612 4805 1943 4861; x_wconf 82' lang='lat' dir='ltr'><strong>Benedictio—</strong></span> 
     </span>
    </p>
   </div>
   <div class='ocr_carea' id='block_1_66' title="bbox 358 4892 1942 4969">
    <p class='ocr_par' dir='ltr' id='par_1_66' title="bbox 358 4892 1942 4969">
     <span class='ocr_line' id='line_1_66' title="bbox 358 4892 1942 4969; baseline 0.003 -21"><span class='ocrx_word' id='word_1_476' title='bbox 358 4911 478 4948; x_wconf 88' lang='lat' dir='ltr'><strong>nem</strong></span> <span class='ocrx_word' id='word_1_477' title='bbox 526 4892 677 4948; x_wconf 86' lang='lat' dir='ltr'><strong>dabit</strong></span> <span class='ocrx_word' id='word_1_478' title='bbox 732 4897 1026 4966; x_wconf 85' lang='lat' dir='ltr'><strong>legislator,</strong></span> <span class='ocrx_word' id='word_1_479' title='bbox 1084 4898 1332 4968; x_wconf 88' lang='lat' dir='ltr'><strong>apposite</strong></span> <span class='ocrx_word' id='word_1_480' title='bbox 1379 4898 1538 4953; x_wconf 88' lang='lat' dir='ltr'><strong>docet</strong></span> <span class='ocrx_word' id='word_1_481' title='bbox 1586 4914 1695 4969; x_wconf 90' lang='lat' dir='ltr'><strong>qua</strong></span> <span class='ocrx_word' id='word_1_482' title='bbox 1730 4900 1942 4954; x_wconf 86' lang='lat' dir='ltr'><strong>ratione</strong></span> 
     </span>
    </p>
   </div>
   <div class='ocr_carea' id='block_1_67' title="bbox 357 4983 1941 5044">
    <p class='ocr_par' dir='ltr' id='par_1_67' title="bbox 357 4983 1941 5044">
     <span class='ocr_line' id='line_1_67' title="bbox 357 4983 1941 5044; baseline 0.003 -8"><span class='ocrx_word' id='word_1_483' title='bbox 357 4983 709 5038; x_wconf 86' lang='lat' dir='ltr'><strong>versantibus</strong></span> <span class='ocrx_word' id='word_1_484' title='bbox 742 4984 796 5038; x_wconf 91' lang='lat' dir='ltr'><strong>in</strong></span> <span class='ocrx_word' id='word_1_485' title='bbox 820 4986 959 5041; x_wconf 86' lang='lat' dir='ltr'><strong>valle</strong></span> <span class='ocrx_word' id='word_1_486' title='bbox 1005 4987 1322 5043; x_wconf 91' lang='lat' dir='ltr'><strong>hominibus</strong></span> <span class='ocrx_word' id='word_1_487' title='bbox 1349 4987 1787 5044; x_wconf 89' lang='lat' dir='ltr'><strong>benedictionem</strong></span> <span class='ocrx_word' id='word_1_488' title='bbox 1843 4989 1941 5042; x_wconf 81' lang='lat' dir='ltr'><strong>da-</strong></span> 
     </span>
    </p>
   </div>
   <div class='ocr_carea' id='block_1_68' title="bbox 356 5075 1939 5152">
    <p class='ocr_par' dir='ltr' id='par_1_68' title="bbox 356 5075 1939 5152">
     <span class='ocr_line' id='line_1_68' title="bbox 356 5075 1939 5152; baseline 0.004 -24"><span class='ocrx_word' id='word_1_489' title='bbox 356 5083 519 5130; x_wconf 85' lang='lat' dir='ltr'><strong>turus</strong></span> <span class='ocrx_word' id='word_1_490' title='bbox 549 5075 641 5130; x_wconf 89' lang='lat' dir='ltr'><strong>sit.</strong></span> <span class='ocrx_word' id='word_1_491' title='bbox 689 5075 808 5140; x_wconf 85' lang='lat' dir='ltr'><strong>Quo</strong></span> <span class='ocrx_word' id='word_1_492' title='bbox 842 5085 1001 5147; x_wconf 80' lang='lat' dir='ltr'><strong>pacto</strong></span> <span class='ocrx_word' id='word_1_493' title='bbox 1038 5079 1211 5145; x_wconf 88' lang='lat' dir='ltr'><strong>dabit,</strong></span> <span class='ocrx_word' id='word_1_494' title='bbox 1243 5080 1350 5136; x_wconf 91' lang='lat' dir='ltr'><strong>nisi</strong></span> <span class='ocrx_word' id='word_1_495' title='bbox 1400 5080 1656 5152; x_wconf 77' lang='lat' dir='ltr'><strong>dignatus</strong></span> <span class='ocrx_word' id='word_1_496' title='bbox 1688 5081 1742 5134; x_wconf 90' lang='lat' dir='ltr'><strong>in</strong></span> <span class='ocrx_word' id='word_1_497' title='bbox 1793 5089 1939 5136; x_wconf 89' lang='lat' dir='ltr'><strong>terra</strong></span> 
     </span>
    </p>
   </div>
   <div class='ocr_carea' id='block_1_69' title="bbox 357 5167 1944 5243">
    <p class='ocr_par' dir='ltr' id='par_1_69' title="bbox 357 5167 1944 5243">
     <span class='ocr_line' id='line_1_69' title="bbox 357 5167 1944 5243; baseline 0.003 -21"><span class='ocrx_word' id='word_1_498' title='bbox 357 5169 653 5239; x_wconf 87' lang='lat' dir='ltr'><strong>conspici?</strong></span> <span class='ocrx_word' id='word_1_499' title='bbox 681 5167 989 5223; x_wconf 82' lang='lat' dir='ltr'><strong>Admodum</strong></span> <span class='ocrx_word' id='word_1_500' title='bbox 1014 5181 1436 5243; x_wconf 87' lang='lat' dir='ltr'><strong>consequenter,</strong></span> <span class='ocrx_word' id='word_1_501' title='bbox 1469 5175 1802 5228; x_wconf 85' lang='lat' dir='ltr'><strong>vaticinatus</strong></span> <span class='ocrx_word' id='word_1_502' title='bbox 1831 5183 1944 5228; x_wconf 90' lang='lat' dir='ltr'><strong>tor-</strong></span> 
     </span>
    </p>
   </div>
   <div class='ocr_carea' id='block_1_70' title="bbox 358 5258 1941 5329">
    <p class='ocr_par' dir='ltr' id='par_1_70' title="bbox 358 5258 1941 5329">
     <span class='ocr_line' id='line_1_70' title="bbox 358 5258 1941 5329; baseline 0.003 -18"><span class='ocrx_word' id='word_1_503' title='bbox 358 5259 567 5312; x_wconf 89' lang='lat' dir='ltr'><strong>eularia</strong></span> <span class='ocrx_word' id='word_1_504' title='bbox 600 5258 694 5314; x_wconf 89' lang='lat' dir='ltr'><strong>Dei</strong></span> <span class='ocrx_word' id='word_1_505' title='bbox 726 5275 823 5329; x_wconf 86' lang='lat' dir='ltr'><strong>per</strong></span> <span class='ocrx_word' id='word_1_506' title='bbox 853 5267 1026 5314; x_wconf 90' lang='lat' dir='ltr'><strong>totum</strong></span> <span class='ocrx_word' id='word_1_507' title='bbox 1051 5263 1240 5317; x_wconf 90' lang='lat' dir='ltr'><strong>orbem</strong></span> <span class='ocrx_word' id='word_1_508' title='bbox 1274 5264 1443 5318; x_wconf 88' lang='lat' dir='ltr'><strong>multa</strong></span> <span class='ocrx_word' id='word_1_509' title='bbox 1476 5264 1659 5318; x_wconf 82' lang='lat' dir='ltr'><strong>futura</strong></span> <span class='ocrx_word' id='word_1_510' title='bbox 1683 5280 1828 5329; x_wconf 91' lang='lat' dir='ltr'><strong>esse,</strong></span> <span class='ocrx_word' id='word_1_511' title='bbox 1853 5272 1941 5317; x_wconf 83' lang='lat' dir='ltr'><strong>ta-</strong></span> 
     </span>
    </p>
   </div>
   <div class='ocr_carea' id='block_1_71' title="bbox 361 5351 1940 5426">
    <p class='ocr_par' dir='ltr' id='par_1_71' title="bbox 361 5351 1940 5426">
     <span class='ocr_line' id='line_1_71' title="bbox 361 5351 1940 5426; baseline 0.001 -20"><span class='ocrx_word' id='word_1_512' title='bbox 361 5351 657 5406; x_wconf 86' lang='lat' dir='ltr'><strong>bernacula</strong></span> <span class='ocrx_word' id='word_1_513' title='bbox 688 5353 815 5406; x_wconf 92' lang='lat' dir='ltr'><strong>item</strong></span> <span class='ocrx_word' id='word_1_514' title='bbox 847 5353 1024 5422; x_wconf 88' lang='lat' dir='ltr'><strong>plura,</strong></span> <span class='ocrx_word' id='word_1_515' title='bbox 1051 5353 1189 5407; x_wconf 89' lang='lat' dir='ltr'><strong>atria</strong></span> <span class='ocrx_word' id='word_1_516' title='bbox 1216 5370 1438 5426; x_wconf 89' lang='lat' dir='ltr'><strong>quoque</strong></span> <span class='ocrx_word' id='word_1_517' title='bbox 1465 5365 1519 5411; x_wconf 91' lang='lat' dir='ltr'><strong>et</strong></span> <span class='ocrx_word' id='word_1_518' title='bbox 1549 5356 1744 5409; x_wconf 85' lang='lat' dir='ltr'><strong>altaria</strong></span> <span class='ocrx_word' id='word_1_519' title='bbox 1775 5370 1940 5425; x_wconf 88' lang='lat' dir='ltr'><strong>quam</strong></span> 
     </span>
    </p>
   </div>
   <div class='ocr_carea' id='block_1_72' title="bbox 359 5433 1994 5514">
    <p class='ocr_par' dir='ltr' id='par_1_72' title="bbox 359 5433 1994 5514">
     <span class='ocr_line' id='line_1_72' title="bbox 359 5433 1994 5514; baseline 0.003 -18"><span class='ocrx_word' id='word_1_520' title='bbox 359 5443 616 5514; x_wconf 82' lang='lat' dir='ltr'><strong>plurima,</strong></span> <span class='ocrx_word' id='word_1_521' title='bbox 641 5458 864 5499; x_wconf 88' lang='lat' dir='ltr'><strong>causam</strong></span> <span class='ocrx_word' id='word_1_522' title='bbox 898 5444 1054 5498; x_wconf 87' lang='lat' dir='ltr'><strong>all&#39;ert</strong></span> <span class='ocrx_word' id='word_1_523' title='bbox 1078 5461 1178 5500; x_wconf 91' lang='lat' dir='ltr'><strong>cur</strong></span> <span class='ocrx_word' id='word_1_524' title='bbox 1201 5446 1316 5500; x_wconf 66' lang='lat' dir='ltr'><strong>haec</strong></span> <span class='ocrx_word' id='word_1_525' title='bbox 1339 5447 1522 5500; x_wconf 87' lang='lat' dir='ltr'><strong>omnia</strong></span> <span class='ocrx_word' id='word_1_526' title='bbox 1557 5447 1612 5501; x_wconf 90' lang='lat' dir='ltr'><strong>in</strong></span> <span class='ocrx_word' id='word_1_527' title='bbox 1643 5454 1788 5501; x_wconf 88' lang='lat' dir='ltr'><strong>terra</strong></span> <span class='ocrx_word' id='word_1_528' title='bbox 1810 5461 1943 5501; x_wconf 84' lang='lat' dir='ltr'><strong>con-</strong></span> <span class='ocrx_word' id='word_1_529' title='bbox 1987 5433 1994 5440; x_wconf 63' lang='grc'><strong>’</strong></span> 
     </span>
    </p>
   </div>
   <div class='ocr_carea' id='block_1_73' title="bbox 361 5535 1943 5611">
    <p class='ocr_par' dir='ltr' id='par_1_73' title="bbox 361 5535 1943 5611">
     <span class='ocr_line' id='line_1_73' title="bbox 361 5535 1943 5611; baseline 0.006 -22"><span class='ocrx_word' id='word_1_530' title='bbox 361 5535 639 5591; x_wconf 82' lang='lat' dir='ltr'><strong>stituenda</strong></span> <span class='ocrx_word' id='word_1_531' title='bbox 672 5537 804 5590; x_wconf 88' lang='lat' dir='ltr'><strong>sint.</strong></span> <span class='ocrx_word' id='word_1_532' title='bbox 849 5537 1125 5604; x_wconf 57' lang='lat' dir='ltr'><strong>.Quaznam</strong></span> <span class='ocrx_word' id='word_1_533' title='bbox 1157 5556 1322 5611; x_wconf 89' lang='lat' dir='ltr'><strong>porro</strong></span> <span class='ocrx_word' id='word_1_534' title='bbox 1374 5541 1447 5596; x_wconf 91' lang='lat' dir='ltr'><strong>sit</strong></span> <span class='ocrx_word' id='word_1_535' title='bbox 1497 5542 1612 5607; x_wconf 89' lang='lat' dir='ltr'><strong>illa,</strong></span> <span class='ocrx_word' id='word_1_536' title='bbox 1648 5541 1808 5596; x_wconf 91' lang='lat' dir='ltr'><strong>docet</strong></span> <span class='ocrx_word' id='word_1_537' title='bbox 1856 5541 1943 5598; x_wconf 90' lang='lat' dir='ltr'><strong>his</strong></span> 
     </span>
    </p>
   </div>
   <div class='ocr_carea' id='block_1_74' title="bbox 361 5627 1942 5698">
    <p class='ocr_par' dir='ltr' id='par_1_74' title="bbox 361 5627 1942 5698">
     <span class='ocr_line' id='line_1_74' title="bbox 361 5627 1942 5698; baseline 0.005 -18"><span class='ocrx_word' id='word_1_538' title='bbox 361 5627 544 5682; x_wconf 86' lang='lat' dir='ltr'><strong>verbis</strong></span> <span class='ocrx_word' id='word_1_539' title='bbox 574 5646 588 5681; x_wconf 90' lang='lat'>:</span> <span class='ocrx_word' id='word_1_540' title='bbox 619 5627 893 5683; x_wconf 85' lang='lat' dir='ltr'><strong>Videbitur</strong></span> <span class='ocrx_word' id='word_1_541' title='bbox 925 5629 1067 5685; x_wconf 84' lang='lat' dir='ltr'><strong>Deus</strong></span> <span class='ocrx_word' id='word_1_542' title='bbox 1104 5632 1324 5686; x_wconf 87' lang='lat' dir='ltr'><strong>deorum</strong></span> <span class='ocrx_word' id='word_1_543' title='bbox 1354 5634 1410 5687; x_wconf 90' lang='lat' dir='ltr'><strong>in</strong></span> <span class='ocrx_word' id='word_1_544' title='bbox 1443 5632 1608 5698; x_wconf 87' lang='lat' dir='ltr'><strong>Sion;</strong></span> <span class='ocrx_word' id='word_1_545' title='bbox 1648 5633 1942 5688; x_wconf 87' lang='lat' dir='ltr'><strong>adventum</strong></span> 
     </span>
    </p>
   </div>
   <div class='ocr_carea' id='block_1_75' title="bbox 364 5715 1943 5804">
    <p class='ocr_par' dir='ltr' id='par_1_75' title="bbox 364 5715 1943 5804">
     <span class='ocr_line' id='line_1_75' title="bbox 364 5715 1943 5804; baseline 0.004 -32"><span class='ocrx_word' id='word_1_546' title='bbox 364 5715 457 5772; x_wconf 85' lang='lat' dir='ltr'><strong>Dei</strong></span> <span class='ocrx_word' id='word_1_547' title='bbox 487 5717 554 5774; x_wconf 87' lang='lat' dir='ltr'><strong>ad</strong></span> <span class='ocrx_word' id='word_1_548' title='bbox 582 5718 830 5775; x_wconf 88' lang='lat' dir='ltr'><strong>homines</strong></span> <span class='ocrx_word' id='word_1_549' title='bbox 878 5729 933 5775; x_wconf 89' lang='lat' dir='ltr'><strong>ct</strong></span> <span class='ocrx_word' id='word_1_550' title='bbox 964 5734 1322 5794; x_wconf 87' lang='lat' dir='ltr'><strong>conspectum</strong></span> <span class='ocrx_word' id='word_1_551' title='bbox 1357 5725 1478 5796; x_wconf 87' lang='lat' dir='ltr'><strong>ejus</strong></span> <span class='ocrx_word' id='word_1_552' title='bbox 1520 5733 1712 5804; x_wconf 76' lang='lat' dir='ltr'><strong>aperte</strong></span> <span class='ocrx_word' id='word_1_553' title='bbox 1759 5726 1943 5781; x_wconf 84' lang='lat' dir='ltr'><strong>decla-</strong></span> 
     </span>
    </p>
   </div>
   <div class='ocr_carea' id='block_1_76' title="bbox 441 5873 892 5936">
    <p class='ocr_par' dir='ltr' id='par_1_76' title="bbox 441 5873 892 5936">
     <span class='ocr_line' id='line_1_76' title="bbox 441 5873 892 5936; baseline 0.007 -11"><span class='ocrx_word' id='word_1_554' title='bbox 441 5874 486 5908; x_wconf 78' lang='grc'><strong>⁸⁸³</strong></span> <span class='ocrx_word' id='word_1_555' title='bbox 525 5873 717 5930; x_wconf 76' lang='lat' dir='ltr'><strong>Matth.</strong></span> <span class='ocrx_word' id='word_1_556' title='bbox 753 5890 805 5936; x_wconf 89' lang='lat' dir='ltr'><strong>v,</strong></span> <span class='ocrx_word' id='word_1_557' title='bbox 843 5876 892 5928; x_wconf 78' lang='lat'><strong>5.</strong></span> 
     </span>
    </p>
   </div>
   <div class='ocr_carea' id='block_1_77' title="bbox 2048 2037 3635 2116">
    <p class='ocr_par' dir='ltr' id='par_1_77' title="bbox 2048 2037 3635 2116">
     <span class='ocr_line' id='line_1_77' title="bbox 2048 2037 3635 2116; baseline -0.005 -18"><span class='ocrx_word' id='word_1_558' title='bbox 2048 2046 2276 2116; x_wconf 88' lang='grc' dir='ltr'>πίδημοι</span> <span class='ocrx_word' id='word_1_559' title='bbox 2301 2047 2358 2099; x_wconf 83' lang='grc' dir='ltr'>ὲν</span> <span class='ocrx_word' id='word_1_560' title='bbox 2377 2045 2458 2116; x_wconf 78' lang='grc' dir='ltr'>τῷ</span> <span class='ocrx_word' id='word_1_561' title='bbox 2489 2045 2590 2116; x_wconf 84' lang='grc' dir='ltr'><strong>βίῳ</strong></span> <span class='ocrx_word' id='word_1_562' title='bbox 2617 2043 2790 2112; x_wconf 87' lang='grc' dir='ltr'>τούτῳ</span> <span class='ocrx_word' id='word_1_563' title='bbox 2819 2041 2917 2113; x_wconf 83' lang='grc' dir='ltr'>τὴν</span> <span class='ocrx_word' id='word_1_564' title='bbox 2948 2041 3055 2094; x_wconf 86' lang='grc' dir='ltr'><strong>τῶν</strong></span> <span class='ocrx_word' id='word_1_565' title='bbox 3084 2039 3385 2110; x_wconf 85' lang='grc' dir='ltr'>ἀνθρώπων</span> <span class='ocrx_word' id='word_1_566' title='bbox 3408 2037 3635 2090; x_wconf 82' lang='grc' dir='ltr'>κοιλάδα.</span> 
     </span>
    </p>
   </div>
   <div class='ocr_carea' id='block_1_78' title="bbox 2047 2129 3630 2211">
    <p class='ocr_par' dir='ltr' id='par_1_78' title="bbox 2047 2129 3630 2211">
     <span class='ocr_line' id='line_1_78' title="bbox 2047 2129 3630 2211; baseline -0.008 -19"><span class='ocrx_word' id='word_1_567' title='bbox 2047 2138 2230 2211; x_wconf 78' lang='grc' dir='ltr'>πηγὴν</span> <span class='ocrx_word' id='word_1_568' title='bbox 2253 2137 2477 2208; x_wconf 83' lang='grc' dir='ltr'>θήσουσι</span> <span class='ocrx_word' id='word_1_569' title='bbox 2505 2177 2519 2202; x_wconf 95' lang='grc'><strong>,</strong></span> <span class='ocrx_word' id='word_1_570' title='bbox 2542 2135 2575 2206; x_wconf 78' lang='grc' dir='ltr'>ἢ</span> <span class='ocrx_word' id='word_1_571' title='bbox 2597 2135 2817 2202; x_wconf 78' lang='grc' dir='ltr'>τάξουσι</span> <span class='ocrx_word' id='word_1_572' title='bbox 2835 2133 3020 2204; x_wconf 84' lang='grc' dir='ltr'>πηγὴν</span> <span class='ocrx_word' id='word_1_573' title='bbox 3049 2131 3190 2185; x_wconf 87' lang='grc' dir='ltr'><strong>κατὰ</strong></span> <span class='ocrx_word' id='word_1_574' title='bbox 3203 2130 3293 2183; x_wconf 83' lang='grc' dir='ltr'><strong>τὸν</strong></span> <span class='ocrx_word' id='word_1_575' title='bbox 3311 2129 3630 2200; x_wconf 77' lang='grc' dir='ltr'>Σύμμαχον,</span> 
     </span>
    </p>
   </div>
   <div class='ocr_carea' id='block_1_79' title="bbox 2045 2221 3627 2301">
    <p class='ocr_par' dir='ltr' id='par_1_79' title="bbox 2045 2221 3627 2301">
     <span class='ocr_line' id='line_1_79' title="bbox 2045 2221 3627 2301; baseline -0.008 -18"><span class='ocrx_word' id='word_1_576' title='bbox 2045 2231 2144 2301; x_wconf 83' lang='grc' dir='ltr'>τὴν</span> <span class='ocrx_word' id='word_1_577' title='bbox 2159 2229 2339 2283; x_wconf 78' lang='grc' dir='ltr'>ἔνθεον</span> <span class='ocrx_word' id='word_1_578' title='bbox 2356 2228 2700 2283; x_wconf 80' lang='grc' dir='ltr'>διδασκαλίαν</span> <span class='ocrx_word' id='word_1_579' title='bbox 2719 2226 2906 2280; x_wconf 77' lang='grc' dir='ltr'>τοῦτον</span> <span class='ocrx_word' id='word_1_580' title='bbox 2924 2225 3282 2295; x_wconf 78' lang='grc' dir='ltr'>ὀνομάσαντες</span> <span class='ocrx_word' id='word_1_581' title='bbox 3300 2222 3388 2275; x_wconf 86' lang='grc' dir='ltr'><strong>τὸν</strong></span> <span class='ocrx_word' id='word_1_582' title='bbox 3408 2221 3627 2292; x_wconf 76' lang='grc' dir='ltr'>τρόπον.</span> 
     </span>
    </p>
   </div>
   <div class='ocr_carea' id='block_1_80' title="bbox 2046 2313 3630 2394">
    <p class='ocr_par' dir='ltr' id='par_1_80' title="bbox 2046 2313 3630 2394">
     <span class='ocr_line' id='line_1_80' title="bbox 2046 2313 3630 2394; baseline -0.007 -18"><span class='ocrx_word' id='word_1_583' title='bbox 2046 2321 2206 2394; x_wconf 80' lang='grc' dir='ltr'>Πηγὴ</span> <span class='ocrx_word' id='word_1_584' title='bbox 2229 2320 2338 2392; x_wconf 89' lang='grc' dir='ltr'><strong>γάρ</strong></span> <span class='ocrx_word' id='word_1_585' title='bbox 2363 2321 2508 2391; x_wconf 78' lang='grc' dir='ltr'>ζωῆς</span> <span class='ocrx_word' id='word_1_586' title='bbox 2531 2321 2624 2374; x_wconf 71' lang='grc' dir='ltr'>καὶ</span> <span class='ocrx_word' id='word_1_587' title='bbox 2649 2319 2811 2372; x_wconf 81' lang='grc' dir='ltr'>ποτὸν</span> <span class='ocrx_word' id='word_1_588' title='bbox 2827 2317 3126 2380; x_wconf 81' lang='grc' dir='ltr'>ἀθανασίας</span> <span class='ocrx_word' id='word_1_589' title='bbox 3146 2318 3203 2371; x_wconf 80' lang='grc' dir='ltr'><strong>ὲν</strong></span> <span class='ocrx_word' id='word_1_590' title='bbox 3220 2319 3286 2387; x_wconf 82' lang='grc' dir='ltr'>τῇ</span> <span class='ocrx_word' id='word_1_591' title='bbox 3311 2314 3514 2368; x_wconf 81' lang='grc' dir='ltr'>κοιλάδι</span> <span class='ocrx_word' id='word_1_592' title='bbox 3538 2313 3630 2366; x_wconf 74' lang='grc' dir='ltr'>τοῦ</span> 
     </span>
    </p>
   </div>
   <div class='ocr_carea' id='block_1_81' title="bbox 2045 2406 3631 2485">
    <p class='ocr_par' dir='ltr' id='par_1_81' title="bbox 2045 2406 3631 2485">
     <span class='ocr_line' id='line_1_81' title="bbox 2045 2406 3631 2485; baseline -0.008 -16"><span class='ocrx_word' id='word_1_593' title='bbox 2045 2413 2402 2485; x_wconf 85' lang='grc' dir='ltr'>κλαυθμῶνος</span> <span class='ocrx_word' id='word_1_594' title='bbox 2421 2411 2499 2484; x_wconf 82' lang='grc' dir='ltr'>τῷ</span> <span class='ocrx_word' id='word_1_595' title='bbox 2519 2412 2628 2466; x_wconf 89' lang='grc' dir='ltr'><strong>τῶν</strong></span> <span class='ocrx_word' id='word_1_596' title='bbox 2649 2411 2950 2483; x_wconf 86' lang='grc' dir='ltr'>ἀνθρώπων</span> <span class='ocrx_word' id='word_1_597' title='bbox 2977 2410 3076 2481; x_wconf 83' lang='grc' dir='ltr'><strong>βίῳ</strong></span> <span class='ocrx_word' id='word_1_598' title='bbox 3097 2409 3498 2478; x_wconf 76' lang='grc' dir='ltr'>καταϐέϐληται</span> <span class='ocrx_word' id='word_1_599' title='bbox 3525 2406 3631 2458; x_wconf 82' lang='grc' dir='ltr'><strong>ὑπὸ</strong></span> 
     </span>
    </p>
   </div>
   <div class='ocr_carea' id='block_1_82' title="bbox 2044 2496 3639 2579">
    <p class='ocr_par' dir='ltr' id='par_1_82' title="bbox 2044 2496 3639 2579">
     <span class='ocr_line' id='line_1_82' title="bbox 2044 2496 3639 2579; baseline -0.007 -22"><span class='ocrx_word' id='word_1_600' title='bbox 2044 2504 2152 2557; x_wconf 88' lang='grc' dir='ltr'><strong>τῶν</strong></span> <span class='ocrx_word' id='word_1_601' title='bbox 2178 2503 2273 2556; x_wconf 80' lang='grc' dir='ltr'>τοῦ</span> <span class='ocrx_word' id='word_1_602' title='bbox 2305 2502 2439 2556; x_wconf 87' lang='grc' dir='ltr'><strong>Θεοῦ</strong></span> <span class='ocrx_word' id='word_1_603' title='bbox 2469 2499 2772 2579; x_wconf 77' lang='grc' dir='ltr'>ἀνθρώπιον</span> <span class='ocrx_word' id='word_1_604' title='bbox 2797 2500 2884 2554; x_wconf 90' lang='grc' dir='ltr'><strong>διά</strong></span> <span class='ocrx_word' id='word_1_605' title='bbox 2910 2501 3008 2571; x_wconf 82' lang='grc' dir='ltr'>τῆς</span> <span class='ocrx_word' id='word_1_606' title='bbox 3034 2496 3296 2565; x_wconf 79' lang='grc' dir='ltr'>ζωοποιοῦ</span> <span class='ocrx_word' id='word_1_607' title='bbox 3327 2497 3422 2551; x_wconf 76' lang='grc' dir='ltr'>καὶ</span> <span class='ocrx_word' id='word_1_608' title='bbox 3451 2497 3639 2550; x_wconf 87' lang='grc' dir='ltr'>θεοσε-.</span> 
     </span>
    </p>
   </div>
   <div class='ocr_carea' id='block_1_83' title="bbox 2044 2587 3630 2665">
    <p class='ocr_par' dir='ltr' id='par_1_83' title="bbox 2044 2587 3630 2665">
     <span class='ocr_line' id='line_1_83' title="bbox 2044 2587 3630 2665; baseline -0.006 -17"><span class='ocrx_word' id='word_1_609' title='bbox 2044 2594 2174 2659; x_wconf 76' lang='grc' dir='ltr'>ϐοῦς</span> <span class='ocrx_word' id='word_1_610' title='bbox 2217 2594 2598 2659; x_wconf 85' lang='grc' dir='ltr'>διδασκαλίας,</span> <span class='ocrx_word' id='word_1_611' title='bbox 2650 2595 2718 2665; x_wconf 79' lang='grc' dir='ltr'>ἢν</span> <span class='ocrx_word' id='word_1_612' title='bbox 2753 2593 2908 2647; x_wconf 62' lang='grc' dir='ltr'><strong>αὐτοὶ⁹</strong></span> <span class='ocrx_word' id='word_1_613' title='bbox 2944 2590 3207 2664; x_wconf 80' lang='grc' dir='ltr'>μετῆλθον</span> <span class='ocrx_word' id='word_1_614' title='bbox 3229 2631 3244 2655; x_wconf 95' lang='grc'><strong>,</strong></span> <span class='ocrx_word' id='word_1_615' title='bbox 3290 2591 3385 2643; x_wconf 78' lang='grc' dir='ltr'>καὶ</span> <span class='ocrx_word' id='word_1_616' title='bbox 3419 2587 3630 2660; x_wconf 80' lang='grc' dir='ltr'>ἑτέροις</span> 
     </span>
    </p>
   </div>
   <div class='ocr_carea' id='block_1_84' title="bbox 2048 2678 3634 2756">
    <p class='ocr_par' dir='ltr' id='par_1_84' title="bbox 2048 2678 3634 2756">
     <span class='ocr_line' id='line_1_84' title="bbox 2048 2678 3634 2756; baseline -0.006 -15"><span class='ocrx_word' id='word_1_617' title='bbox 2048 2687 2506 2742; x_wconf 85' lang='grc' dir='ltr'>καταλελοίπασιν</span> <span class='ocrx_word' id='word_1_618' title='bbox 2535 2687 2593 2740; x_wconf 83' lang='grc' dir='ltr'>ὲν</span> <span class='ocrx_word' id='word_1_619' title='bbox 2620 2687 2737 2750; x_wconf 82' lang='grc' dir='ltr'>ταῖς</span> <span class='ocrx_word' id='word_1_620' title='bbox 2772 2683 2982 2738; x_wconf 79' lang='grc' dir='ltr'>ἑαυτῶν</span> <span class='ocrx_word' id='word_1_621' title='bbox 3007 2684 3268 2756; x_wconf 78' lang='grc' dir='ltr'>γραφαῖς.</span> <span class='ocrx_word' id='word_1_622' title='bbox 3319 2679 3541 2743; x_wconf 86' lang='grc' dir='ltr'>Τούτοις</span> <span class='ocrx_word' id='word_1_623' title='bbox 3573 2678 3634 2732; x_wconf 84' lang='grc' dir='ltr'>δὲ</span> 
     </span>
    </p>
   </div>
   <div class='ocr_carea' id='block_1_85' title="bbox 2043 2771 3634 2848">
    <p class='ocr_par' dir='ltr' id='par_1_85' title="bbox 2043 2771 3634 2848">
     <span class='ocr_line' id='line_1_85' title="bbox 2043 2771 3634 2848; baseline -0.006 -16"><span class='ocrx_word' id='word_1_624' title='bbox 2043 2780 2250 2841; x_wconf 78' lang='grc' dir='ltr'>αὐτοῖς,</span> <span class='ocrx_word' id='word_1_625' title='bbox 2275 2779 2460 2848; x_wconf 68' lang='grc' dir='ltr'>φησιν,</span> <span class='ocrx_word' id='word_1_626' title='bbox 2487 2775 2737 2845; x_wconf 83' lang='grc' dir='ltr'>εὐλογίας</span> <span class='ocrx_word' id='word_1_627' title='bbox 2759 2775 2950 2846; x_wconf 81' lang='grc' dir='ltr'>μισθὸν</span> <span class='ocrx_word' id='word_1_628' title='bbox 2970 2775 3065 2830; x_wconf 81' lang='grc' dir='ltr'>τοῦ</span> <span class='ocrx_word' id='word_1_629' title='bbox 3088 2771 3363 2844; x_wconf 80' lang='grc' dir='ltr'>κλαυθμοῦ</span> <span class='ocrx_word' id='word_1_630' title='bbox 3388 2771 3483 2825; x_wconf 58' lang='grc' dir='ltr'><strong>καὶ⁸</strong></span> <span class='ocrx_word' id='word_1_631' title='bbox 3505 2786 3634 2842; x_wconf 86' lang='grc' dir='ltr'>καρ-</span> 
     </span>
    </p>
   </div>
   <div class='ocr_carea' id='block_1_86' title="bbox 2043 2863 3632 2940">
    <p class='ocr_par' dir='ltr' id='par_1_86' title="bbox 2043 2863 3632 2940">
     <span class='ocr_line' id='line_1_86' title="bbox 2043 2863 3632 2940; baseline -0.006 -16"><span class='ocrx_word' id='word_1_632' title='bbox 2043 2871 2144 2926; x_wconf 81' lang='grc' dir='ltr'><strong>πὸν</strong></span> <span class='ocrx_word' id='word_1_633' title='bbox 2167 2869 2387 2935; x_wconf 76' lang='grc' dir='ltr'>ἐπάξιον</span> <span class='ocrx_word' id='word_1_634' title='bbox 2406 2869 2567 2923; x_wconf 82' lang='grc' dir='ltr'>δώσει</span> <span class='ocrx_word' id='word_1_635' title='bbox 2591 2871 2620 2923; x_wconf 94' lang='lat'><strong>6</strong></span> <span class='ocrx_word' id='word_1_636' title='bbox 2638 2869 2936 2940; x_wconf 81' lang='grc' dir='ltr'>νομοθέτης</span> <span class='ocrx_word' id='word_1_637' title='bbox 2963 2866 3163 2922; x_wconf 79' lang='grc' dir='ltr'>αὐτῶν.</span> <span class='ocrx_word' id='word_1_638' title='bbox 3190 2866 3312 2919; x_wconf 83' lang='grc' dir='ltr'>Τίσι</span> <span class='ocrx_word' id='word_1_639' title='bbox 3337 2865 3395 2918; x_wconf 86' lang='grc' dir='ltr'>δὲ</span> <span class='ocrx_word' id='word_1_640' title='bbox 3421 2863 3632 2926; x_wconf 84' lang='grc' dir='ltr'>τούτοις</span> 
     </span>
    </p>
   </div>
   <div class='ocr_carea' id='block_1_87' title="bbox 2043 2953 3635 3034">
    <p class='ocr_par' dir='ltr' id='par_1_87' title="bbox 2043 2953 3635 3034">
     <span class='ocr_line' id='line_1_87' title="bbox 2043 2953 3635 3034; baseline -0.005 -20"><span class='ocrx_word' id='word_1_641' title='bbox 2043 2960 2202 3014; x_wconf 86' lang='grc' dir='ltr'>δώσει</span> <span class='ocrx_word' id='word_1_642' title='bbox 2228 2961 2328 3024; x_wconf 79' lang='grc' dir='ltr'>τὰς</span> <span class='ocrx_word' id='word_1_643' title='bbox 2348 2959 2618 3028; x_wconf 82' lang='grc' dir='ltr'>εὐλογίας,</span> <span class='ocrx_word' id='word_1_644' title='bbox 2646 2959 2680 3030; x_wconf 78' lang='grc' dir='ltr'>ἢ</span> <span class='ocrx_word' id='word_1_645' title='bbox 2707 2958 2945 3027; x_wconf 86' lang='grc' dir='ltr'>δηλονότι</span> <span class='ocrx_word' id='word_1_646' title='bbox 2971 2960 3085 3020; x_wconf 84' lang='grc' dir='ltr'>τοῖς</span> <span class='ocrx_word' id='word_1_647' title='bbox 3103 2957 3161 3012; x_wconf 83' lang='grc' dir='ltr'>ὲν</span> <span class='ocrx_word' id='word_1_648' title='bbox 3184 2959 3258 3034; x_wconf 23' lang='grc' dir='ltr'><strong>τῇ.</strong></span> <span class='ocrx_word' id='word_1_649' title='bbox 3283 2954 3490 3009; x_wconf 85' lang='grc' dir='ltr'>κοιλάδι</span> <span class='ocrx_word' id='word_1_650' title='bbox 3507 2953 3635 3007; x_wconf 87' lang='grc' dir='ltr'>ταύ-</span> 
     </span>
    </p>
   </div>
   <div class='ocr_carea' id='block_1_88' title="bbox 2043 3044 3633 3125">
    <p class='ocr_par' dir='ltr' id='par_1_88' title="bbox 2043 3044 3633 3125">
     <span class='ocr_line' id='line_1_88' title="bbox 2043 3044 3633 3125; baseline -0.004 -20"><span class='ocrx_word' id='word_1_651' title='bbox 2043 3071 2112 3124; x_wconf 80' lang='grc' dir='ltr'>τῃ</span> <span class='ocrx_word' id='word_1_652' title='bbox 2134 3051 2564 3125; x_wconf 80' lang='grc' dir='ltr'>ὰποκλᾳομένοις</span> <span class='ocrx_word' id='word_1_653' title='bbox 2593 3052 2687 3104; x_wconf 79' lang='grc' dir='ltr'><strong>καὶ</strong></span> <span class='ocrx_word' id='word_1_654' title='bbox 2712 3051 2894 3122; x_wconf 80' lang='grc' dir='ltr'>πηγὴν</span> <span class='ocrx_word' id='word_1_655' title='bbox 2922 3051 2978 3102; x_wconf 86' lang='grc' dir='ltr'>ὲν</span> <span class='ocrx_word' id='word_1_656' title='bbox 3008 3050 3143 3120; x_wconf 83' lang='grc' dir='ltr'>αύτῇ</span> <span class='ocrx_word' id='word_1_657' title='bbox 3170 3049 3448 3120; x_wconf 76' lang='grc' dir='ltr'>θεμένοις;</span> <span class='ocrx_word' id='word_1_658' title='bbox 3484 3044 3633 3100; x_wconf 78' lang='grc' dir='ltr'>’Δντὶ</span> 
     </span>
    </p>
   </div>
   <div class='ocr_carea' id='block_1_89' title="bbox 2043 3139 3632 3216">
    <p class='ocr_par' dir='ltr' id='par_1_89' title="bbox 2043 3139 3632 3216">
     <span class='ocr_line' id='line_1_89' title="bbox 2043 3139 3632 3216; baseline -0.004 -17"><span class='ocrx_word' id='word_1_659' title='bbox 2043 3146 2100 3199; x_wconf 78' lang='grc' dir='ltr'>δὲ</span> <span class='ocrx_word' id='word_1_660' title='bbox 2126 3144 2240 3211; x_wconf 81' lang='grc' dir='ltr'>τοῦ,</span> <span class='ocrx_word' id='word_1_661' title='bbox 2275 3149 2308 3200; x_wconf 84' lang='grc' dir='ltr'><strong>ό</strong></span> <span class='ocrx_word' id='word_1_662' title='bbox 2339 3145 2696 3216; x_wconf 84' lang='grc' dir='ltr'>νομοθετῶν,</span> <span class='ocrx_word' id='word_1_663' title='bbox 2722 3148 2748 3198; x_wconf 92' lang='lat'><strong>6</strong></span> <span class='ocrx_word' id='word_1_664' title='bbox 2780 3147 2876 3216; x_wconf 80' lang='grc' dir='ltr'><strong>μὲν</strong></span> <span class='ocrx_word' id='word_1_665' title='bbox 2904 3143 3154 3207; x_wconf 81' lang='grc' dir='ltr'>Ἀκύλας,</span> <span class='ocrx_word' id='word_1_666' title='bbox 3184 3141 3460 3211; x_wconf 81' lang='grc' dir='ltr'>πρώῖμος,</span> <span class='ocrx_word' id='word_1_667' title='bbox 3496 3139 3632 3193; x_wconf 81' lang='grc' dir='ltr'><strong>ὠνό-</strong></span> 
     </span>
    </p>
   </div>
   <div class='ocr_carea' id='block_1_90' title="bbox 2049 3229 3625 3304">
    <p class='ocr_par' dir='ltr' id='par_1_90' title="bbox 2049 3229 3625 3304">
     <span class='ocr_line' id='line_1_90' title="bbox 2049 3229 3625 3304; baseline -0.002 -20"><span class='ocrx_word' id='word_1_668' title='bbox 2049 3248 2243 3303; x_wconf 89' lang='grc' dir='ltr'>μασεν,</span> <span class='ocrx_word' id='word_1_669' title='bbox 2276 3233 2305 3284; x_wconf 94' lang='lat'><strong>6</strong></span> <span class='ocrx_word' id='word_1_670' title='bbox 2333 3233 2390 3285; x_wconf 85' lang='grc' dir='ltr'>δὲ</span> <span class='ocrx_word' id='word_1_671' title='bbox 2421 3233 2735 3304; x_wconf 81' lang='grc' dir='ltr'>Σύμμαχος,</span> <span class='ocrx_word' id='word_1_672' title='bbox 2771 3235 2803 3285; x_wconf 86' lang='grc' dir='ltr'><em>ὀ</em></span> <span class='ocrx_word' id='word_1_673' title='bbox 2835 3231 3224 3299; x_wconf 74' lang='grc' dir='ltr'>ὑποδεικτηςο</span> <span class='ocrx_word' id='word_1_674' title='bbox 3252 3233 3285 3302; x_wconf 83' lang='grc' dir='ltr'>ἡ</span> <span class='ocrx_word' id='word_1_675' title='bbox 3314 3230 3369 3283; x_wconf 83' lang='grc' dir='ltr'>δὲ</span> <span class='ocrx_word' id='word_1_676' title='bbox 3405 3229 3625 3299; x_wconf 85' lang='grc' dir='ltr'>πέμπτη</span> 
     </span>
    </p>
   </div>
   <div class='ocr_carea' id='block_1_91' title="bbox 2050 3319 3626 3394">
    <p class='ocr_par' dir='ltr' id='par_1_91' title="bbox 2050 3319 3626 3394">
     <span class='ocr_line' id='line_1_91' title="bbox 2050 3319 3626 3394; baseline -0.003 -18"><span class='ocrx_word' id='word_1_677' title='bbox 2050 3323 2278 3389; x_wconf 74' lang='grc' dir='ltr'>ἔκδοσις,</span> <span class='ocrx_word' id='word_1_678' title='bbox 2311 3327 2345 3377; x_wconf 86' lang='grc' dir='ltr'><strong>ό</strong></span> <span class='ocrx_word' id='word_1_679' title='bbox 2362 3322 2652 3392; x_wconf 73' lang='grc' dir='ltr'>φωτίζων·</span> <span class='ocrx_word' id='word_1_680' title='bbox 2680 3323 2814 3394; x_wconf 82' lang='grc' dir='ltr'>άλλη</span> <span class='ocrx_word' id='word_1_681' title='bbox 2845 3322 2902 3376; x_wconf 78' lang='grc' dir='ltr'>δέ</span> <span class='ocrx_word' id='word_1_682' title='bbox 2931 3341 3013 3387; x_wconf 89' lang='grc' dir='ltr'><strong>τις</strong></span> <span class='ocrx_word' id='word_1_683' title='bbox 3039 3323 3189 3393; x_wconf 83' lang='grc' dir='ltr'><strong>παρά</strong></span> <span class='ocrx_word' id='word_1_684' title='bbox 3220 3321 3389 3375; x_wconf 80' lang='grc' dir='ltr'>ταῦτα</span> <span class='ocrx_word' id='word_1_685' title='bbox 3419 3319 3626 3381; x_wconf 77' lang='grc' dir='ltr'>ἔκδοσις</span> 
     </span>
    </p>
   </div>
   <div class='ocr_carea' id='block_1_92' title="bbox 2051 3401 3635 3487">
    <p class='ocr_par' dir='ltr' id='par_1_92' title="bbox 2051 3401 3635 3487">
     <span class='ocr_line' id='line_1_92' title="bbox 2051 3401 3635 3487; baseline -0.004 -19"><span class='ocrx_word' id='word_1_686' title='bbox 2051 3401 2182 3487; x_wconf 75' lang='grc' dir='ltr'>ἕκτη</span> <span class='ocrx_word' id='word_1_687' title='bbox 2203 3456 2217 3479; x_wconf 87' lang='grc'><strong>,</strong></span> <span class='ocrx_word' id='word_1_688' title='bbox 2263 3419 2296 3470; x_wconf 87' lang='grc' dir='ltr'><em>ὀ</em></span> <span class='ocrx_word' id='word_1_689' title='bbox 2327 3415 2658 3468; x_wconf 56' lang='grc' dir='ltr'>διδάσκων</span> <span class='ocrx_word' id='word_1_690' title='bbox 2691 3415 2831 3468; x_wconf 80' lang='grc' dir='ltr'>ὥστε</span> <span class='ocrx_word' id='word_1_691' title='bbox 2860 3413 2919 3480; x_wconf 77' lang='grc' dir='ltr'><strong>ἐξ</strong></span> <span class='ocrx_word' id='word_1_692' title='bbox 2954 3415 3208 3468; x_wconf 85' lang='grc' dir='ltr'>ἁπάντων</span> <span class='ocrx_word' id='word_1_693' title='bbox 3243 3414 3334 3467; x_wconf 80' lang='grc' dir='ltr'><strong>τὸν</strong></span> <span class='ocrx_word' id='word_1_694' title='bbox 3361 3411 3635 3481; x_wconf 80' lang='grc' dir='ltr'>σωτήριον.</span> 
     </span>
    </p>
   </div>
   <div class='ocr_carea' id='block_1_93' title="bbox 2049 3502 3630 3577">
    <p class='ocr_par' dir='ltr' id='par_1_93' title="bbox 2049 3502 3630 3577">
     <span class='ocr_line' id='line_1_93' title="bbox 2049 3502 3630 3577; baseline -0.004 -18"><span class='ocrx_word' id='word_1_695' title='bbox 2049 3507 2206 3576; x_wconf 88' lang='grc' dir='ltr'>λόγον</span> <span class='ocrx_word' id='word_1_696' title='bbox 2237 3509 2504 3561; x_wconf 82' lang='grc' dir='ltr'>ὑπονοεῖν.</span> <span class='ocrx_word' id='word_1_697' title='bbox 2555 3507 2725 3570; x_wconf 81' lang='grc' dir='ltr'>Αὐτὸς</span> <span class='ocrx_word' id='word_1_698' title='bbox 2747 3507 2856 3577; x_wconf 90' lang='grc' dir='ltr'><strong>γάρ</strong></span> <span class='ocrx_word' id='word_1_699' title='bbox 2885 3509 3030 3560; x_wconf 77' lang='grc' dir='ltr'>ἐστιν</span> <span class='ocrx_word' id='word_1_700' title='bbox 3055 3508 3084 3560; x_wconf 90' lang='lat'><strong>6</strong></span> <span class='ocrx_word' id='word_1_701' title='bbox 3105 3505 3434 3576; x_wconf 74' lang='grc' dir='ltr'>νομοθετῶνο</span> <span class='ocrx_word' id='word_1_702' title='bbox 3463 3502 3630 3565; x_wconf 78' lang='grc' dir='ltr'>αὐτὸς</span> 
     </span>
    </p>
   </div>
   <div class='ocr_carea' id='block_1_94' title="bbox 2050 3593 3637 3668">
    <p class='ocr_par' dir='ltr' id='par_1_94' title="bbox 2050 3593 3637 3668">
     <span class='ocr_line' id='line_1_94' title="bbox 2050 3593 3637 3668; baseline -0.005 -15"><span class='ocrx_word' id='word_1_703' title='bbox 2050 3600 2144 3653; x_wconf 70' lang='grc' dir='ltr'><strong>καὶ</strong></span> <span class='ocrx_word' id='word_1_704' title='bbox 2163 3602 2192 3654; x_wconf 89' lang='lat'><strong>6</strong></span> <span class='ocrx_word' id='word_1_705' title='bbox 2221 3599 2469 3668; x_wconf 78' lang='grc' dir='ltr'>φωτίζων</span> <span class='ocrx_word' id='word_1_706' title='bbox 2497 3598 2592 3652; x_wconf 74' lang='grc' dir='ltr'><strong>καὶ</strong></span> <span class='ocrx_word' id='word_1_707' title='bbox 2611 3601 2640 3652; x_wconf 85' lang='lat'><strong>6</strong></span> <span class='ocrx_word' id='word_1_708' title='bbox 2663 3598 2928 3652; x_wconf 87' lang='grc' dir='ltr'>διδάσκων</span> <span class='ocrx_word' id='word_1_709' title='bbox 2947 3615 2960 3628; x_wconf 78' lang='grc'><strong><em>⁸</em></strong></span> <span class='ocrx_word' id='word_1_710' title='bbox 2991 3597 3152 3661; x_wconf 84' lang='grc' dir='ltr'>αὐτὸς</span> <span class='ocrx_word' id='word_1_711' title='bbox 3182 3597 3276 3650; x_wconf 68' lang='grc' dir='ltr'>καὶ</span> <span class='ocrx_word' id='word_1_712' title='bbox 3301 3597 3329 3648; x_wconf 90' lang='lat'><strong>6</strong></span> <span class='ocrx_word' id='word_1_713' title='bbox 3356 3593 3637 3666; x_wconf 81' lang='grc' dir='ltr'>πρώῖμος,</span> 
     </span>
    </p>
   </div>
   <div class='ocr_carea' id='block_1_95' title="bbox 2049 3683 3633 3762">
    <p class='ocr_par' dir='ltr' id='par_1_95' title="bbox 2049 3683 3633 3762">
     <span class='ocr_line' id='line_1_95' title="bbox 2049 3683 3633 3762; baseline -0.006 -18"><span class='ocrx_word' id='word_1_714' title='bbox 2049 3691 2211 3754; x_wconf 86' lang='grc' dir='ltr'>αὐτὸς</span> <span class='ocrx_word' id='word_1_715' title='bbox 2244 3690 2337 3744; x_wconf 74' lang='grc' dir='ltr'><strong>καὶ</strong></span> <span class='ocrx_word' id='word_1_716' title='bbox 2365 3691 2394 3743; x_wconf 89' lang='lat'><strong>6</strong></span> <span class='ocrx_word' id='word_1_717' title='bbox 2424 3690 2783 3762; x_wconf 83' lang='grc' dir='ltr'>ὑποδείκτης,</span> <span class='ocrx_word' id='word_1_718' title='bbox 2827 3689 2949 3743; x_wconf 80' lang='grc' dir='ltr'>καθ’</span> <span class='ocrx_word' id='word_1_719' title='bbox 2979 3689 3214 3758; x_wconf 80' lang='grc' dir='ltr'>ἑκάστην</span> <span class='ocrx_word' id='word_1_720' title='bbox 3250 3687 3492 3740; x_wconf 73' lang='grc' dir='ltr'>ἐπίνοιαν</span> <span class='ocrx_word' id='word_1_721' title='bbox 3523 3683 3633 3736; x_wconf 86' lang='grc' dir='ltr'><strong>τῶν</strong></span> 
     </span>
    </p>
   </div>
   <div class='ocr_carea' id='block_1_96' title="bbox 2049 3773 3631 3850">
    <p class='ocr_par' dir='ltr' id='par_1_96' title="bbox 2049 3773 3631 3850">
     <span class='ocr_line' id='line_1_96' title="bbox 2049 3773 3631 3850; baseline -0.004 -18"><span class='ocrx_word' id='word_1_722' title='bbox 2049 3781 2107 3834; x_wconf 79' lang='grc' dir='ltr'>ὲν</span> <span class='ocrx_word' id='word_1_723' title='bbox 2127 3779 2274 3850; x_wconf 83' lang='grc' dir='ltr'>αὐτῷ</span> <span class='ocrx_word' id='word_1_724' title='bbox 2289 3780 2568 3850; x_wconf 86' lang='grc' dir='ltr'>δυνάμεων</span> <span class='ocrx_word' id='word_1_725' title='bbox 2587 3779 2810 3842; x_wconf 88' lang='grc' dir='ltr'>ταύταις</span> <span class='ocrx_word' id='word_1_726' title='bbox 2832 3777 3114 3849; x_wconf 86' lang='grc' dir='ltr'>χρώμενος</span> <span class='ocrx_word' id='word_1_727' title='bbox 3127 3780 3248 3840; x_wconf 79' lang='grc' dir='ltr'>ταῖς</span> <span class='ocrx_word' id='word_1_728' title='bbox 3268 3773 3631 3844; x_wconf 78' lang='grc' dir='ltr'>ἐπωνυμίαις,</span> 
     </span>
    </p>
   </div>
   <div class='ocr_carea' id='block_1_97' title="bbox 2048 3865 3632 3943">
    <p class='ocr_par' dir='ltr' id='par_1_97' title="bbox 2048 3865 3632 3943">
     <span class='ocr_line' id='line_1_97' title="bbox 2048 3865 3632 3943; baseline -0.005 -19"><span class='ocrx_word' id='word_1_729' title='bbox 2048 3871 2178 3943; x_wconf 82' lang='grc' dir='ltr'>παρ’</span> <span class='ocrx_word' id='word_1_730' title='bbox 2221 3865 2281 3926; x_wconf 76' lang='grc' dir='ltr'>οὗ</span> <span class='ocrx_word' id='word_1_731' title='bbox 2319 3873 2369 3924; x_wconf 89' lang='grc' dir='ltr'><strong>οί</strong></span> <span class='ocrx_word' id='word_1_732' title='bbox 2405 3873 2462 3925; x_wconf 83' lang='grc' dir='ltr'>ὲν</span> <span class='ocrx_word' id='word_1_733' title='bbox 2509 3873 2574 3942; x_wconf 82' lang='grc' dir='ltr'>τῇ</span> <span class='ocrx_word' id='word_1_734' title='bbox 2619 3870 2825 3924; x_wconf 85' lang='grc' dir='ltr'>κοιλάδι</span> <span class='ocrx_word' id='word_1_735' title='bbox 2873 3869 3182 3934; x_wconf 87' lang='grc' dir='ltr'>κλαίοντες,</span> <span class='ocrx_word' id='word_1_736' title='bbox 3237 3865 3632 3938; x_wconf 83' lang='grc' dir='ltr'>μεταλαόόντες</span> 
     </span>
    </p>
   </div>
   <div class='ocr_carea' id='block_1_98' title="bbox 2048 3957 3630 4036">
    <p class='ocr_par' dir='ltr' id='par_1_98' title="bbox 2048 3957 3630 4036">
     <span class='ocr_line' id='line_1_98' title="bbox 2048 3957 3630 4036; baseline -0.006 -19"><span class='ocrx_word' id='word_1_737' title='bbox 2048 3963 2317 4033; x_wconf 83' lang='grc' dir='ltr'>εὐλογίας,</span> <span class='ocrx_word' id='word_1_738' title='bbox 2340 3963 2698 4036; x_wconf 84' lang='grc' dir='ltr'>πορεύσονται</span> <span class='ocrx_word' id='word_1_739' title='bbox 2716 3963 2814 4034; x_wconf 81' lang='grc' dir='ltr'><strong>τὴν</strong></span> <span class='ocrx_word' id='word_1_740' title='bbox 2833 3961 3039 4015; x_wconf 78' lang='grc' dir='ltr'>ἑαυτῶν</span> <span class='ocrx_word' id='word_1_741' title='bbox 3059 3960 3282 4032; x_wconf 88' lang='grc' dir='ltr'>πορείαν</span> <span class='ocrx_word' id='word_1_742' title='bbox 3301 3957 3630 4021; x_wconf 85' lang='grc' dir='ltr'>διανύοντες,</span> 
     </span>
    </p>
   </div>
   <div class='ocr_carea' id='block_1_99' title="bbox 2045 4053 3632 4127">
    <p class='ocr_par' dir='ltr' id='par_1_99' title="bbox 2045 4053 3632 4127">
     <span class='ocr_line' id='line_1_99' title="bbox 2045 4053 3632 4127; baseline -0.003 -19"><span class='ocrx_word' id='word_1_743' title='bbox 2045 4055 2140 4108; x_wconf 75' lang='grc' dir='ltr'><strong>καὶ</strong></span> <span class='ocrx_word' id='word_1_744' title='bbox 2166 4055 2560 4127; x_wconf 79' lang='grc' dir='ltr'>δυναμούμενοι</span> <span class='ocrx_word' id='word_1_745' title='bbox 2587 4055 2888 4126; x_wconf 81' lang='grc' dir='ltr'>ὁσημέραι·</span> <span class='ocrx_word' id='word_1_746' title='bbox 2917 4054 2992 4117; x_wconf 90' lang='grc' dir='ltr'><strong>ώς</strong></span> <span class='ocrx_word' id='word_1_747' title='bbox 3033 4054 3120 4107; x_wconf 73' lang='grc' dir='ltr'>ἀεὶ</span> <span class='ocrx_word' id='word_1_748' title='bbox 3157 4053 3484 4125; x_wconf 80' lang='grc' dir='ltr'>προκόπτειν</span> <span class='ocrx_word' id='word_1_749' title='bbox 3509 4053 3632 4104; x_wconf 87' lang='grc' dir='ltr'>ὲπι-</span> 
     </span>
    </p>
   </div>
   <div class='ocr_carea' id='block_1_100' title="bbox 1975 4142 3631 4218">
    <p class='ocr_par' dir='ltr' id='par_1_100' title="bbox 1975 4142 3631 4218">
     <span class='ocr_line' id='line_1_100' title="bbox 1975 4142 3631 4218; baseline -0.003 -16"><span class='ocrx_word' id='word_1_750' title='bbox 1975 4143 1982 4151; x_wconf 81' lang='grc'><em>’</em></span> <span class='ocrx_word' id='word_1_751' title='bbox 2045 4148 2244 4202; x_wconf 85' lang='grc' dir='ltr'>διδόναι</span> <span class='ocrx_word' id='word_1_752' title='bbox 2265 4149 2328 4201; x_wconf 82' lang='grc' dir='ltr'>ὲκ</span> <span class='ocrx_word' id='word_1_753' title='bbox 2350 4147 2634 4218; x_wconf 85' lang='grc' dir='ltr'>δυνάμεως</span> <span class='ocrx_word' id='word_1_754' title='bbox 2660 4147 2998 4218; x_wconf 76' lang='grc' dir='ltr'>βραχυτέρας</span> <span class='ocrx_word' id='word_1_755' title='bbox 3019 4148 3111 4200; x_wconf 74' lang='grc' dir='ltr'>ἐπὶ</span> <span class='ocrx_word' id='word_1_756' title='bbox 3133 4146 3360 4216; x_wconf 85' lang='grc' dir='ltr'>δύναμιν</span> <span class='ocrx_word' id='word_1_757' title='bbox 3384 4142 3631 4216; x_wconf 74' lang='grc' dir='ltr'>μείζονα,</span> 
     </span>
    </p>
   </div>
   <div class='ocr_carea' id='block_1_101' title="bbox 2046 4234 3634 4309">
    <p class='ocr_par' dir='ltr' id='par_1_101' title="bbox 2046 4234 3634 4309">
     <span class='ocr_line' id='line_1_101' title="bbox 2046 4234 3634 4309; baseline -0.002 -19"><span class='ocrx_word' id='word_1_758' title='bbox 2046 4238 2139 4290; x_wconf 70' lang='grc' dir='ltr'><strong>καὶ</strong></span> <span class='ocrx_word' id='word_1_759' title='bbox 2165 4236 2272 4290; x_wconf 76' lang='grc' dir='ltr'>ἀπὸ</span> <span class='ocrx_word' id='word_1_760' title='bbox 2300 4237 2460 4309; x_wconf 77' lang='grc' dir='ltr'>δόξης</span> <span class='ocrx_word' id='word_1_761' title='bbox 2487 4239 2567 4301; x_wconf 83' lang='grc' dir='ltr'><strong>εἰς</strong></span> <span class='ocrx_word' id='word_1_762' title='bbox 2594 4235 2768 4302; x_wconf 79' lang='grc' dir='ltr'>δόξαν,</span> <span class='ocrx_word' id='word_1_763' title='bbox 2799 4235 2874 4299; x_wconf 84' lang='grc' dir='ltr'><strong>ὥς</strong></span> <span class='ocrx_word' id='word_1_764' title='bbox 2903 4254 3067 4308; x_wconf 78' lang='grc' dir='ltr'>φησιν</span> <span class='ocrx_word' id='word_1_765' title='bbox 3097 4237 3126 4290; x_wconf 90' lang='lat'><strong>6</strong></span> <span class='ocrx_word' id='word_1_766' title='bbox 3153 4237 3294 4301; x_wconf 87' lang='grc' dir='ltr'>θεῖος</span> <span class='ocrx_word' id='word_1_767' title='bbox 3310 4234 3634 4298; x_wconf 82' lang='grc' dir='ltr'>Ἀπόστολος</span> 
     </span>
    </p>
   </div>
   <div class='ocr_carea' id='block_1_102' title="bbox 2047 4324 3633 4404">
    <p class='ocr_par' dir='ltr' id='par_1_102' title="bbox 2047 4324 3633 4404">
     <span class='ocr_line' id='line_1_102' title="bbox 2047 4324 3633 4404; baseline -0.001 -24"><span class='ocrx_word' id='word_1_768' title='bbox 2047 4327 2220 4396; x_wconf 79' lang='grc' dir='ltr'>λέγων</span> <span class='ocrx_word' id='word_1_769' title='bbox 2241 4365 2260 4394; x_wconf 87' lang='grc'><strong>,</strong></span> <span class='ocrx_word' id='word_1_770' title='bbox 2293 4327 2409 4396; x_wconf 78' lang='grc' dir='ltr'>τὴν</span> <span class='ocrx_word' id='word_1_771' title='bbox 2444 4327 2639 4396; x_wconf 81' lang='grc' dir='ltr'>αὐτὴν</span> <span class='ocrx_word' id='word_1_772' title='bbox 2680 4329 2885 4381; x_wconf 88' lang='grc' dir='ltr'>εἰκόνα</span> <span class='ocrx_word' id='word_1_773' title='bbox 2925 4328 3477 4404; x_wconf 65' lang='grc' dir='ltr'>μεταμορφούμενοι</span> <span class='ocrx_word' id='word_1_774' title='bbox 3506 4324 3633 4380; x_wconf 73' lang='grc' dir='ltr'><strong>ἀπὸ</strong></span> 
     </span>
    </p>
   </div>
   <div class='ocr_carea' id='block_1_103' title="bbox 2044 4419 3637 4493">
    <p class='ocr_par' dir='ltr' id='par_1_103' title="bbox 2044 4419 3637 4493">
     <span class='ocr_line' id='line_1_103' title="bbox 2044 4419 3637 4493; baseline -0.002 -19"><span class='ocrx_word' id='word_1_775' title='bbox 2044 4419 2230 4489; x_wconf 82' lang='grc' dir='ltr'>δόξης</span> <span class='ocrx_word' id='word_1_776' title='bbox 2255 4422 2344 4487; x_wconf 87' lang='grc' dir='ltr'><strong>εἰς</strong></span> <span class='ocrx_word' id='word_1_777' title='bbox 2366 4419 2577 4485; x_wconf 81' lang='grc' dir='ltr'>δόξαν.</span> <span class='ocrx_word' id='word_1_778' title='bbox 2615 4419 2777 4473; x_wconf 82' lang='grc' dir='ltr'>Ὅθεν</span> <span class='ocrx_word' id='word_1_779' title='bbox 2806 4420 2900 4473; x_wconf 80' lang='grc' dir='ltr'><strong>καὶ</strong></span> <span class='ocrx_word' id='word_1_780' title='bbox 2921 4421 2950 4473; x_wconf 92' lang='lat'><strong>6</strong></span> <span class='ocrx_word' id='word_1_781' title='bbox 2975 4419 3266 4493; x_wconf 88' lang='grc' dir='ltr'>Σύμμαχος</span> <span class='ocrx_word' id='word_1_782' title='bbox 3287 4419 3637 4490; x_wconf 80' lang='grc' dir='ltr'>ήρμήνευσεν,</span> 
     </span>
    </p>
   </div>
   <div class='ocr_carea' id='block_1_104' title="bbox 2044 4497 3595 4583">
    <p class='ocr_par' dir='ltr' id='par_1_104' title="bbox 2044 4497 3595 4583">
     <span class='ocr_line' id='line_1_104' title="bbox 2044 4497 3595 4583; baseline -0.002 -17"><span class='ocrx_word' id='word_1_783' title='bbox 2044 4513 2213 4568; x_wconf 85' lang='grc' dir='ltr'>εἰπών</span> <span class='ocrx_word' id='word_1_784' title='bbox 2231 4531 2245 4546; x_wconf 70' lang='grc'><em>⁸</em></span> <span class='ocrx_word' id='word_1_785' title='bbox 2289 4513 2678 4567; x_wconf 86' lang='grc' dir='ltr'>Ὀδεύσουσιν</span> <span class='ocrx_word' id='word_1_786' title='bbox 2702 4513 2770 4567; x_wconf 84' lang='grc' dir='ltr'>ἑκ</span> <span class='ocrx_word' id='word_1_787' title='bbox 2799 4513 3106 4583; x_wconf 83' lang='grc' dir='ltr'>δυνάμεως</span> <span class='ocrx_word' id='word_1_788' title='bbox 3133 4516 3220 4579; x_wconf 86' lang='grc' dir='ltr'><strong>εἰς</strong></span> <span class='ocrx_word' id='word_1_789' title='bbox 3245 4512 3519 4580; x_wconf 79' lang='grc' dir='ltr'>δύναμιν.</span> <span class='ocrx_word' id='word_1_790' title='bbox 3583 4497 3595 4505; x_wconf 67' lang='grc'><strong>’</strong></span> 
     </span>
    </p>
   </div>
   <div class='ocr_carea' id='block_1_105' title="bbox 2124 4621 3630 4696">
    <p class='ocr_par' dir='ltr' id='par_1_105' title="bbox 2124 4621 3630 4696">
     <span class='ocr_line' id='line_1_105' title="bbox 2124 4621 3630 4696; baseline -0.004 -16"><span class='ocrx_word' id='word_1_791' title='bbox 2124 4624 2472 4696; x_wconf 60' lang='grc' dir='ltr'>Ὀφθήσεται</span> <span class='ocrx_word' id='word_1_792' title='bbox 2508 4628 2542 4679; x_wconf 80' lang='grc' dir='ltr'><em>ὁ</em></span> <span class='ocrx_word' id='word_1_793' title='bbox 2575 4625 2720 4692; x_wconf 83' lang='grc' dir='ltr'>Θεὸς</span> <span class='ocrx_word' id='word_1_794' title='bbox 2749 4624 2869 4678; x_wconf 83' lang='grc' dir='ltr'><strong>τῶν</strong></span> <span class='ocrx_word' id='word_1_795' title='bbox 2915 4624 3066 4680; x_wconf 84' lang='grc' dir='ltr'>θεῶν</span> <span class='ocrx_word' id='word_1_796' title='bbox 3093 4625 3163 4677; x_wconf 81' lang='grc' dir='ltr'>ἐν</span> <span class='ocrx_word' id='word_1_797' title='bbox 3199 4621 3371 4677; x_wconf 88' lang='grc' dir='ltr'>Σιών.</span> <span class='ocrx_word' id='word_1_798' title='bbox 3429 4621 3630 4690; x_wconf 75' lang='grc' dir='ltr'>Κύριε,</span> 
     </span>
    </p>
   </div>
   <div class='ocr_carea' id='block_1_106' title="bbox 2052 4715 3634 4787">
    <p class='ocr_par' dir='ltr' id='par_1_106' title="bbox 2052 4715 3634 4787">
     <span class='ocr_line' id='line_1_106' title="bbox 2052 4715 3634 4787; baseline -0.003 -15"><span class='ocrx_word' id='word_1_799' title='bbox 2052 4721 2085 4772; x_wconf 86' lang='grc' dir='ltr'><strong>ό</strong></span> <span class='ocrx_word' id='word_1_800' title='bbox 2113 4718 2256 4787; x_wconf 82' lang='grc' dir='ltr'>Θεὸς</span> <span class='ocrx_word' id='word_1_801' title='bbox 2282 4717 2401 4772; x_wconf 87' lang='grc' dir='ltr'><strong>τῶν</strong></span> <span class='ocrx_word' id='word_1_802' title='bbox 2421 4716 2751 4786; x_wconf 82' lang='grc' dir='ltr'>δυνάμεων,</span> <span class='ocrx_word' id='word_1_803' title='bbox 2775 4717 3140 4771; x_wconf 84' lang='grc' dir='ltr'>εἰσάκουσον</span> <span class='ocrx_word' id='word_1_804' title='bbox 3158 4715 3267 4784; x_wconf 82' lang='grc' dir='ltr'>τῆς</span> <span class='ocrx_word' id='word_1_805' title='bbox 3285 4715 3634 4784; x_wconf 69' lang='grc' dir='ltr'>προσευχῆς</span> 
     </span>
    </p>
   </div>
   <div class='ocr_carea' id='block_1_107' title="bbox 2045 4805 3634 4878">
    <p class='ocr_par' dir='ltr' id='par_1_107' title="bbox 2045 4805 3634 4878">
     <span class='ocr_line' id='line_1_107' title="bbox 2045 4805 3634 4878; baseline -0.003 -16"><span class='ocrx_word' id='word_1_806' title='bbox 2045 4827 2194 4878; x_wconf 83' lang='grc' dir='ltr'>μου,</span> <span class='ocrx_word' id='word_1_807' title='bbox 2229 4809 2503 4862; x_wconf 79' lang='grc' dir='ltr'>ἐνώτισαι</span> <span class='ocrx_word' id='word_1_808' title='bbox 2526 4850 2539 4872; x_wconf 97' lang='grc'><strong>,</strong></span> <span class='ocrx_word' id='word_1_809' title='bbox 2574 4813 2606 4862; x_wconf 86' lang='grc' dir='ltr'><strong>ό</strong></span> <span class='ocrx_word' id='word_1_810' title='bbox 2636 4808 2781 4874; x_wconf 86' lang='grc' dir='ltr'>Θεὸς</span> <span class='ocrx_word' id='word_1_811' title='bbox 2821 4807 3031 4863; x_wconf 81' lang='grc' dir='ltr'>Ἰακώϐ.</span> <span class='ocrx_word' id='word_1_812' title='bbox 3079 4805 3295 4872; x_wconf 83' lang='grc' dir='ltr'>Εἰπὼν,</span> <span class='ocrx_word' id='word_1_813' title='bbox 3331 4807 3634 4875; x_wconf 74' lang='grc' dir='ltr'>Εὑλογίας</span> 
     </span>
    </p>
   </div>
   <div class='ocr_carea' id='block_1_108' title="bbox 2048 4897 3633 4968">
    <p class='ocr_par' dir='ltr' id='par_1_108' title="bbox 2048 4897 3633 4968">
     <span class='ocr_line' id='line_1_108' title="bbox 2048 4897 3633 4968; baseline -0.001 -17"><span class='ocrx_word' id='word_1_814' title='bbox 2048 4899 2226 4952; x_wconf 88' lang='grc' dir='ltr'>δώσει</span> <span class='ocrx_word' id='word_1_815' title='bbox 2257 4902 2289 4952; x_wconf 87' lang='grc' dir='ltr'><strong>ό</strong></span> <span class='ocrx_word' id='word_1_816' title='bbox 2316 4898 2673 4968; x_wconf 80' lang='grc' dir='ltr'>νομοθετῶν,</span> <span class='ocrx_word' id='word_1_817' title='bbox 2705 4900 3011 4964; x_wconf 82' lang='grc' dir='ltr'>ἀκολούθως</span> <span class='ocrx_word' id='word_1_818' title='bbox 3034 4899 3274 4954; x_wconf 84' lang='grc' dir='ltr'>διδάσκει</span> <span class='ocrx_word' id='word_1_819' title='bbox 3295 4900 3441 4962; x_wconf 86' lang='grc' dir='ltr'>ὅπως</span> <span class='ocrx_word' id='word_1_820' title='bbox 3470 4897 3633 4950; x_wconf 89' lang='grc' dir='ltr'>δώσει</span> 
     </span>
    </p>
   </div>
   <div class='ocr_carea' id='block_1_109' title="bbox 2046 4989 3633 5062">
    <p class='ocr_par' dir='ltr' id='par_1_109' title="bbox 2046 4989 3633 5062">
     <span class='ocr_line' id='line_1_109' title="bbox 2046 4989 3633 5062; baseline 0.001 -20"><span class='ocrx_word' id='word_1_821' title='bbox 2046 4994 2159 5053; x_wconf 87' lang='grc' dir='ltr'>τοῖς</span> <span class='ocrx_word' id='word_1_822' title='bbox 2193 4992 2250 5042; x_wconf 82' lang='grc' dir='ltr'>ἐν</span> <span class='ocrx_word' id='word_1_823' title='bbox 2280 4995 2344 5062; x_wconf 75' lang='grc' dir='ltr'>τῇ</span> <span class='ocrx_word' id='word_1_824' title='bbox 2379 4991 2585 5044; x_wconf 88' lang='grc' dir='ltr'>κοιλάδι</span> <span class='ocrx_word' id='word_1_825' title='bbox 2613 4993 2712 5056; x_wconf 82' lang='grc' dir='ltr'><strong>τὰς</strong></span> <span class='ocrx_word' id='word_1_826' title='bbox 2737 4992 3006 5062; x_wconf 81' lang='grc' dir='ltr'>εὐλογίας.</span> <span class='ocrx_word' id='word_1_827' title='bbox 3035 4993 3160 5056; x_wconf 90' lang='grc' dir='ltr'>Πῶς</span> <span class='ocrx_word' id='word_1_828' title='bbox 3190 4989 3305 5057; x_wconf 74' lang='grc' dir='ltr'>οὖν,</span> <span class='ocrx_word' id='word_1_829' title='bbox 3336 4993 3490 5062; x_wconf 75' lang='grc' dir='ltr'>φησὶ,</span> <span class='ocrx_word' id='word_1_830' title='bbox 3526 4989 3633 5045; x_wconf 79' lang='grc' dir='ltr'>δώ-</span> 
     </span>
    </p>
   </div>
   <div class='ocr_carea' id='block_1_110' title="bbox 2050 5081 3634 5156">
    <p class='ocr_par' dir='ltr' id='par_1_110' title="bbox 2050 5081 3634 5156">
     <span class='ocr_line' id='line_1_110' title="bbox 2050 5081 3634 5156; baseline 0.001 -22"><span class='ocrx_word' id='word_1_831' title='bbox 2050 5100 2152 5145; x_wconf 88' lang='grc' dir='ltr'>σει,</span> <span class='ocrx_word' id='word_1_832' title='bbox 2183 5081 2294 5138; x_wconf 83' lang='grc' dir='ltr'>ἀλλ’</span> <span class='ocrx_word' id='word_1_833' title='bbox 2325 5083 2357 5152; x_wconf 82' lang='grc' dir='ltr'>ἢ</span> <span class='ocrx_word' id='word_1_834' title='bbox 2389 5082 2731 5148; x_wconf 83' lang='grc' dir='ltr'>καταξιώσας</span> <span class='ocrx_word' id='word_1_835' title='bbox 2755 5085 2984 5155; x_wconf 72' lang='grc' dir='ltr'>ὀφθῆναι</span> <span class='ocrx_word' id='word_1_836' title='bbox 3014 5085 3106 5138; x_wconf 72' lang='grc' dir='ltr'>ἐπὶ</span> <span class='ocrx_word' id='word_1_837' title='bbox 3133 5085 3231 5156; x_wconf 78' lang='grc' dir='ltr'>τῆς</span> <span class='ocrx_word' id='word_1_838' title='bbox 3261 5085 3363 5154; x_wconf 83' lang='grc' dir='ltr'><strong>γῆς</strong></span> <span class='ocrx_word' id='word_1_839' title='bbox 3384 5101 3398 5148; x_wconf 90' lang='grc'>;</span> <span class='ocrx_word' id='word_1_840' title='bbox 3422 5083 3634 5154; x_wconf 79' lang='grc' dir='ltr'>Σφόδρα</span> 
     </span>
    </p>
   </div>
   <div class='ocr_carea' id='block_1_111' title="bbox 2048 5172 3632 5245">
    <p class='ocr_par' dir='ltr' id='par_1_111' title="bbox 2048 5172 3632 5245">
     <span class='ocr_line' id='line_1_111' title="bbox 2048 5172 3632 5245; baseline 0.001 -21"><span class='ocrx_word' id='word_1_841' title='bbox 2048 5172 2104 5225; x_wconf 84' lang='grc' dir='ltr'>δὲ</span> <span class='ocrx_word' id='word_1_842' title='bbox 2139 5173 2444 5237; x_wconf 82' lang='grc' dir='ltr'>ἀκολούθως</span> <span class='ocrx_word' id='word_1_843' title='bbox 2474 5173 2736 5238; x_wconf 84' lang='grc' dir='ltr'>θεσπίσας</span> <span class='ocrx_word' id='word_1_844' title='bbox 2763 5176 2791 5226; x_wconf 96' lang='lat'><strong>6</strong></span> <span class='ocrx_word' id='word_1_845' title='bbox 2810 5175 2966 5244; x_wconf 87' lang='grc' dir='ltr'>λόγος</span> <span class='ocrx_word' id='word_1_846' title='bbox 2994 5173 3186 5245; x_wconf 73' lang='grc' dir='ltr'>ληνοὺς</span> <span class='ocrx_word' id='word_1_847' title='bbox 3208 5173 3345 5227; x_wconf 77' lang='grc' dir='ltr'>Θεοῦ</span> <span class='ocrx_word' id='word_1_848' title='bbox 3375 5173 3632 5236; x_wconf 87' lang='grc' dir='ltr'>πλείστας</span> 
     </span>
    </p>
   </div>
   <div class='ocr_carea' id='block_1_112' title="bbox 2051 5265 3632 5339">
    <p class='ocr_par' dir='ltr' id='par_1_112' title="bbox 2051 5265 3632 5339">
     <span class='ocr_line' id='line_1_112' title="bbox 2051 5265 3632 5339; baseline 0.001 -22"><span class='ocrx_word' id='word_1_849' title='bbox 2051 5265 2264 5335; x_wconf 78' lang='grc' dir='ltr'>μέλλειν</span> <span class='ocrx_word' id='word_1_850' title='bbox 2294 5266 2510 5324; x_wconf 77' lang='grc' dir='ltr'>ἔσεσθαι</span> <span class='ocrx_word' id='word_1_851' title='bbox 2533 5269 2653 5322; x_wconf 86' lang='grc' dir='ltr'>καθ’</span> <span class='ocrx_word' id='word_1_852' title='bbox 2675 5268 2802 5338; x_wconf 84' lang='grc' dir='ltr'>ὅλης</span> <span class='ocrx_word' id='word_1_853' title='bbox 2835 5267 3155 5339; x_wconf 77' lang='grc' dir='ltr'>οἰκουμένης</span> <span class='ocrx_word' id='word_1_854' title='bbox 3177 5268 3269 5320; x_wconf 72' lang='grc' dir='ltr'>καὶ</span> <span class='ocrx_word' id='word_1_855' title='bbox 3298 5265 3632 5337; x_wconf 84' lang='grc' dir='ltr'>σκηνώματα</span> 
     </span>
    </p>
   </div>
   <div class='ocr_carea' id='block_1_113' title="bbox 2049 5349 3628 5429">
    <p class='ocr_par' dir='ltr' id='par_1_113' title="bbox 2049 5349 3628 5429">
     <span class='ocr_line' id='line_1_113' title="bbox 2049 5349 3628 5429; baseline 0.003 -23"><span class='ocrx_word' id='word_1_856' title='bbox 2049 5355 2276 5410; x_wconf 85' lang='grc' dir='ltr'>πλεῖστα</span> <span class='ocrx_word' id='word_1_857' title='bbox 2304 5357 2397 5410; x_wconf 72' lang='grc' dir='ltr'><strong>καὶ</strong></span> <span class='ocrx_word' id='word_1_858' title='bbox 2420 5357 2590 5421; x_wconf 81' lang='grc' dir='ltr'>αὐλὰς</span> <span class='ocrx_word' id='word_1_859' title='bbox 2610 5359 2848 5424; x_wconf 88' lang='grc' dir='ltr'>πλείους,</span> <span class='ocrx_word' id='word_1_860' title='bbox 2877 5359 2971 5411; x_wconf 73' lang='grc' dir='ltr'><strong>καὶ</strong></span> <span class='ocrx_word' id='word_1_861' title='bbox 3000 5349 3358 5429; x_wconf 76' lang='grc' dir='ltr'>θυσιαστήρια</span> <span class='ocrx_word' id='word_1_862' title='bbox 3382 5357 3628 5421; x_wconf 81' lang='grc' dir='ltr'>πλεῖστα,</span> 
     </span>
    </p>
   </div>
   <div class='ocr_carea' id='block_1_114' title="bbox 2049 5450 3632 5524">
    <p class='ocr_par' dir='ltr' id='par_1_114' title="bbox 2049 5450 3632 5524">
     <span class='ocr_line' id='line_1_114' title="bbox 2049 5450 3632 5524; baseline 0 -21"><span class='ocrx_word' id='word_1_863' title='bbox 2049 5451 2242 5518; x_wconf 76' lang='grc' dir='ltr'>ἐπάγει</span> <span class='ocrx_word' id='word_1_864' title='bbox 2272 5451 2368 5522; x_wconf 82' lang='grc' dir='ltr'>τὴν</span> <span class='ocrx_word' id='word_1_865' title='bbox 2393 5450 2594 5516; x_wconf 90' lang='grc' dir='ltr'>αἰτίαν,</span> <span class='ocrx_word' id='word_1_866' title='bbox 2615 5452 2683 5504; x_wconf 86' lang='grc' dir='ltr'>δι’</span> <span class='ocrx_word' id='word_1_867' title='bbox 2705 5452 2772 5524; x_wconf 78' lang='grc' dir='ltr'>ἢν</span> <span class='ocrx_word' id='word_1_868' title='bbox 2797 5452 2996 5524; x_wconf 69' lang='grc' dir='ltr'>ἤμελλε</span> <span class='ocrx_word' id='word_1_869' title='bbox 3019 5452 3188 5505; x_wconf 83' lang='grc' dir='ltr'>ταῦτα</span> <span class='ocrx_word' id='word_1_870' title='bbox 3214 5452 3390 5505; x_wconf 83' lang='grc' dir='ltr'>πάντα</span> <span class='ocrx_word' id='word_1_871' title='bbox 3416 5451 3508 5503; x_wconf 76' lang='grc' dir='ltr'><strong>ἐπὶ</strong></span> <span class='ocrx_word' id='word_1_872' title='bbox 3531 5451 3632 5519; x_wconf 83' lang='grc' dir='ltr'>γῆς</span> 
     </span>
    </p>
   </div>
   <div class='ocr_carea' id='block_1_115' title="bbox 2047 5537 3634 5615">
    <p class='ocr_par' dir='ltr' id='par_1_115' title="bbox 2047 5537 3634 5615">
     <span class='ocr_line' id='line_1_115' title="bbox 2047 5537 3634 5615; baseline 0.001 -23"><span class='ocrx_word' id='word_1_873' title='bbox 2047 5541 2419 5595; x_wconf 87' lang='grc' dir='ltr'>συνίστασθαι.</span> <span class='ocrx_word' id='word_1_874' title='bbox 2455 5541 2550 5614; x_wconf 85' lang='grc' dir='ltr'>Τίς</span> <span class='ocrx_word' id='word_1_875' title='bbox 2579 5541 2635 5595; x_wconf 84' lang='grc' dir='ltr'><strong>δὲ</strong></span> <span class='ocrx_word' id='word_1_876' title='bbox 2668 5537 2734 5613; x_wconf 80' lang='grc' dir='ltr'>ἦν</span> <span class='ocrx_word' id='word_1_877' title='bbox 2761 5544 2795 5615; x_wconf 82' lang='grc' dir='ltr'>ἡ</span> <span class='ocrx_word' id='word_1_878' title='bbox 2827 5542 2974 5596; x_wconf 89' lang='grc' dir='ltr'>αἰτία</span> <span class='ocrx_word' id='word_1_879' title='bbox 3001 5543 3242 5596; x_wconf 86' lang='grc' dir='ltr'>διδάσκει</span> <span class='ocrx_word' id='word_1_880' title='bbox 3263 5542 3435 5610; x_wconf 84' lang='grc' dir='ltr'>λέγων</span> <span class='ocrx_word' id='word_1_881' title='bbox 3457 5557 3469 5570; x_wconf 91' lang='grc'><strong>·</strong></span> <span class='ocrx_word' id='word_1_882' title='bbox 3515 5543 3634 5609; x_wconf 64' lang='lat'><strong>’09-</strong></span> 
     </span>
    </p>
   </div>
   <div class='ocr_carea' id='block_1_116' title="bbox 2047 5633 3606 5709">
    <p class='ocr_par' dir='ltr' id='par_1_116' title="bbox 2047 5633 3606 5709">
     <span class='ocr_line' id='line_1_116' title="bbox 2047 5633 3606 5709; baseline 0 -22"><span class='ocrx_word' id='word_1_883' title='bbox 2047 5633 2292 5699; x_wconf 82' lang='grc' dir='ltr'>θήσεται</span> <span class='ocrx_word' id='word_1_884' title='bbox 2321 5638 2354 5688; x_wconf 84' lang='grc' dir='ltr'><strong>ό</strong></span> <span class='ocrx_word' id='word_1_885' title='bbox 2382 5635 2526 5699; x_wconf 85' lang='grc' dir='ltr'>Θεὸς</span> <span class='ocrx_word' id='word_1_886' title='bbox 2553 5635 2671 5688; x_wconf 83' lang='grc' dir='ltr'><strong>τῶν</strong></span> <span class='ocrx_word' id='word_1_887' title='bbox 2718 5635 2868 5690; x_wconf 83' lang='grc' dir='ltr'>θεῶν</span> <span class='ocrx_word' id='word_1_888' title='bbox 2899 5637 2969 5691; x_wconf 78' lang='grc' dir='ltr'>ἐν</span> <span class='ocrx_word' id='word_1_889' title='bbox 2996 5636 3174 5692; x_wconf 76' lang='grc' dir='ltr'>Σιών²</span> <span class='ocrx_word' id='word_1_890' title='bbox 3210 5635 3397 5706; x_wconf 79' lang='grc' dir='ltr'>σαφῶς</span> <span class='ocrx_word' id='word_1_891' title='bbox 3425 5652 3606 5709; x_wconf 79' lang='grc' dir='ltr'>παρου</span> 
     </span>
    </p>
   </div>
   <div class='ocr_carea' id='block_1_117' title="bbox 2049 5725 3635 5802">
    <p class='ocr_par' dir='ltr' id='par_1_117' title="bbox 2049 5725 3635 5802">
     <span class='ocr_line' id='line_1_117' title="bbox 2049 5725 3635 5802; baseline 0.003 -23"><span class='ocrx_word' id='word_1_892' title='bbox 2049 5728 2170 5780; x_wconf 84' lang='grc' dir='ltr'>σίαν</span> <span class='ocrx_word' id='word_1_893' title='bbox 2200 5728 2279 5792; x_wconf 85' lang='grc' dir='ltr'><strong>είς</strong></span> <span class='ocrx_word' id='word_1_894' title='bbox 2317 5725 2634 5799; x_wconf 83' lang='grc' dir='ltr'>ἀνθρώπους</span> <span class='ocrx_word' id='word_1_895' title='bbox 2663 5729 2796 5783; x_wconf 84' lang='grc' dir='ltr'>Θεοῦ</span> <span class='ocrx_word' id='word_1_896' title='bbox 2831 5730 2924 5784; x_wconf 77' lang='grc' dir='ltr'><strong>καὶ</strong></span> <span class='ocrx_word' id='word_1_897' title='bbox 2955 5730 3262 5802; x_wconf 67' lang='grc' dir='ltr'>φανέριιισιν</span> <span class='ocrx_word' id='word_1_898' title='bbox 3290 5729 3463 5792; x_wconf 64' lang='grc' dir='ltr'>αὑτοῦ</span> <span class='ocrx_word' id='word_1_899' title='bbox 3485 5727 3635 5784; x_wconf 61' lang='grc' dir='ltr'>διδάη</span> 
     </span>
    </p>
   </div>
   <div class='ocr_carea' id='block_1_118' title="bbox 973 5876 2044 5945">
    <p class='ocr_par' dir='ltr' id='par_1_118' title="bbox 973 5876 2044 5945">
     <span class='ocr_line' id='line_1_118' title="bbox 973 5876 2044 5945; baseline 0.008 -17"><span class='ocrx_word' id='word_1_900' title='bbox 973 5877 1012 5908; x_wconf 83' lang='grc'><strong>³¹</strong></span> <span class='ocrx_word' id='word_1_901' title='bbox 1056 5876 1100 5930; x_wconf 85' lang='lat' dir='ltr'><strong>ll</strong></span> <span class='ocrx_word' id='word_1_902' title='bbox 1127 5877 1257 5931; x_wconf 88' lang='lat' dir='ltr'><strong>Cor.</strong></span> <span class='ocrx_word' id='word_1_903' title='bbox 1291 5893 1346 5942; x_wconf 76' lang='grc' dir='ltr'>γ,</span> <span class='ocrx_word' id='word_1_904' title='bbox 1385 5879 1437 5933; x_wconf 76' lang='grc'><strong>4.</strong></span> <span class='ocrx_word' id='word_1_905' title='bbox 1515 5880 1558 5912; x_wconf 83' lang='grc'>³³</span> <span class='ocrx_word' id='word_1_906' title='bbox 1598 5879 1791 5934; x_wconf 71' lang='lat'><strong>11(301&#39;.</strong></span> <span class='ocrx_word' id='word_1_907' title='bbox 1821 5897 1878 5935; x_wconf 89' lang='grc' dir='ltr'><strong>ιιι</strong></span> <span class='ocrx_word' id='word_1_908' title='bbox 1906 5922 1918 5945; x_wconf 85' lang='grc'><strong>,</strong></span> <span class='ocrx_word' id='word_1_909' title='bbox 1958 5881 2044 5937; x_wconf 74' lang='grc'><strong>18.</strong></span> 
     </span>
    </p>
   </div>
  </div>
