4066 6404
323 415 463 472 1015

1067 411 1334 468 EUSEBII
1373 408 1857 470 CESARIENSlS
1887 406 2039 465 ΟΡΡ.
2081 404 2263 461 PARS
2298 405 2873 465 lll.—EXEGETICA.

3440 414 3575 470 1016

319 535 452 593 totis
487 533 639 592 mille
685 536 846 586 annis
892 531 1154 603 templum
1206 533 1326 601 ejus
1379 530 1628 598 duravit;
1679 527 1900 584 totidem

2010 525 2197 595 χιλίοις
2228 525 2373 578 ἔτεσι
2403 525 2633 596 συνέστη
2665 529 2693 580 ὁ
2731 529 2789 580 ἐν
2817 528 2952 598 αὐτῇ
2996 526 3157 592 νεώς·
3191 527 3428 582 τοσαῦτα
3468 531 3575 603 γὰρ

319 626 522 703 quippe
550 631 912 687 numerantur
944 638 976 677 a
1021 623 1206 693 templi
1241 621 1554 677 Salomonis
1584 620 1901 676 fundatione

317 733 494 788 usque
534 716 602 771 ad
653 714 956 772 Salvatoris
992 717 1167 770 nostri
1208 716 1523 772 adventum.
1574 717 1723 780 Quos
1771 713 1902 766 item

313 806 549 863 indicari
590 815 725 878 puto
769 808 826 861 in
866 822 1067 862 LXXXIX
1097 808 1347 876 psalmo,
1404 807 1497 875 qui
1541 804 1900 868 inscribitur,

319 898 510 954 Oratio
542 897 787 969 May-sis;
820 899 875 952 in
908 898 1268 969 sequentibus
1303 898 1504 968 quippe
1545 898 1661 952 baac
1690 896 1854 952 habet
1884 915 1896 950 :

319 992 585 1057 Quoniam
617 991 760 1045 mille
791 993 918 1046 anni
943 1002 1064 1046 ante
1094 992 1273 1047 oculos
1305 1001 1422 1045 tuos
1443 1032 1458 1054 .
1509 1002 1760 1060 tanquam
1789 989 1902 1044 dies

316 1081 564 1137 hesterna
590 1099 706 1153 quae
731 1083 1027 1151 praeteriit,
1057 1091 1106 1136 et
1137 1082 1380 1136 custodia
1409 1082 1463 1135 in
1491 1089 1660 1138 nocte.
1695 1079 1902 1148 Hujus-

315 1174 466 1229 modi
501 1177 685 1245 itaque
713 1174 1020 1230 millenario
1050 1173 1134 1228 vel
1169 1190 1274 1228 una
1313 1175 1434 1229 dies
1476 1171 1902 1250 resurrectionis

318 1265 624 1322 Salvatoris
654 1269 830 1322 nostri
865 1283 931 1323 ex
970 1268 1204 1322 mortuis
1236 1264 1602 1337 praeponenda
1623 1306 1638 1330 ,
1676 1272 1731 1318 et
1766 1279 1904 1334 pre-

318 1359 519 1413 tiosior
549 1359 740 1414 haberi
765 1359 928 1416 debet
991 1360 1044 1428 ei
1099 1361 1192 1430 qui
1227 1361 1474 1429 ejusdem
1517 1372 1704 1412 amore
1748 1356 1904 1411 duci-

319 1457 432 1506 tur.
467 1450 648 1516 Quare
678 1451 970 1506 adventum
991 1459 1269 1506 maturare
1295 1466 1454 1505 suum
1486 1455 1644 1518 rogat
1671 1447 1861 1502 dicens
1885 1465 1900 1500 :

318 1541 530 1610 Aspice,
568 1542 740 1607 Deus,
775 1552 826 1597 et
857 1544 1055 1613 respice
1085 1543 1142 1596 in
1173 1543 1366 1612 faciem
1394 1540 1596 1597 Christi
1629 1542 1739 1605 tui,
1771 1555 1904 1610 quo.

317 1633 466 1686 niam
496 1636 683 1690 melior-
706 1643 785 1689 est
820 1635 929 1689 dios
954 1651 1063 1688 una
1088 1636 1142 1690 in
1181 1635 1334 1689 atriis
1368 1636 1472 1688 tuis
1503 1649 1662 1703 super
1704 1631 1898 1688 millia.

316 1721 506 1793 Neque
537 1742 667 1780 vero
691 1727 860 1780 millia
917 1727 1007 1782 hic
1062 1726 1348 1796 pluraliter
1381 1723 1703 1798 accipienda
1749 1732 1900 1778 sunt.

194 1889 200 1894 .
315 1815 456 1868 Nam
494 1817 637 1887 apud
667 1817 925 1876 Hebraeos
957 1819 1070 1874 haec
1094 1835 1199 1874 vox
1225 1818 1514 1873 millenare
1537 1833 1708 1872 unum
1735 1817 1904 1887 signi-

317 1905 445 1961 licat
469 1948 484 1971 ,
537 1918 594 1963 ut
623 1911 822 1981 cuique
873 1909 1249 1966 consideranti
1282 1910 1462 1979 palam
1495 1909 1622 1963 erit.
1659 1906 1726 1962 Et
1773 1909 1904 1977 quia

317 2006 436 2062 dies
469 2019 577 2059 una
609 2003 662 2058 in
694 2004 850 2059 atriis
878 2019 975 2074 per
1004 2010 1180 2059 totum
1207 2002 1396 2058 orbem
1427 2002 1482 2056 in
1515 2000 1754 2055 adventu
1786 1998 1903 2066 Dei,

317 2099 410 2168 qui
441 2097 862 2169 praenuntiatur,
903 2094 1146 2150 fundatis
1172 2135 1187 2158 ,
1230 2093 1580 2164 praestantior
1611 2098 1695 2145 est
1741 2091 1908 2144 milli-

315 2191 452 2258 bus;
491 2191 615 2246 ideo
654 2189 910 2261 superius
947 2205 1166 2260 quoque
1191 2187 1445 2242 dicebat:
1491 2184 1824 2254 Concupiscit
1855 2193 1906 2241 et

318 2283 501 2352 deﬁcit
526 2283 709 2336 anima
734 2298 851 2334 mea
881 2282 936 2334 in
975 2281 1120 2334 atria
1169 2278 1405 2335 Domini.
1443 2277 1510 2331 Et
1550 2293 1747 2332 rursus
1776 2277 1905 2348 quia

313 2374 430 2446 jam
455 2373 621 2444 supra
649 2374 880 2436 dixerat,
903 2373 1054 2429 Beati
1076 2373 1164 2439 qui
1187 2372 1427 2429 habitant
1452 2373 1508 2424 in
1536 2369 1694 2424 domo
1712 2379 1824 2435 tua,
1849 2371 1906 2423 in

317 2467 518 2522 siccata
542 2467 857 2523 sarculorum
893 2445 1187 2520 laudaliunt
1236 2475 1324 2523 te:
1373 2464 1460 2518 his
1492 2463 1650 2518 [idem
1699 2462 1906 2516 habens

319 2571 384 2611 ac
408 2572 599 2612 verum
622 2572 746 2612 esse
777 2556 987 2611 dictum
1023 2555 1338 2626 hujusmodi
1370 2569 1665 2626 persuasus
1685 2591 1700 2616 ,
1740 2567 1806 2608 ea
1837 2553 1906 2607 de

317 2661 488 2704 causa
517 2650 642 2705 dico
670 2669 684 2704 :
720 2649 870 2724 Elogi
892 2649 1127 2718 abjectus
1154 2666 1267 2704 esse
1286 2649 1341 2702 in
1363 2648 1519 2702 domo
1541 2647 1640 2704 Dei
1666 2647 1768 2700 mei
1791 2662 1906 2699 ma-

317 2741 437 2811 gis;
471 2749 531 2795 ut
565 2743 621 2796 in
645 2742 809 2796 domo
838 2741 931 2797 Dei
965 2742 1281 2798 consistens
1335 2740 1391 2794 in
1442 2738 1644 2794 saecula
1677 2737 1906 2794 saeculo-

317 2849 444 2889 rum
478 2834 647 2890 Deum
691 2834 916 2893 laudare
955 2835 1186 2892 valeam.
1226 2832 1333 2889 Sed
1361 2833 1526 2888 etiam
1563 2833 1708 2888 sicut
1755 2831 1904 2887 diem

319 2941 484 2980 unam
508 2926 750 2982 millibus
777 2927 1005 2981 antetuli
1028 2967 1044 2991 ,
1077 2927 1150 2981 ita
1179 2933 1233 2982 et
1262 2926 1483 2982 domum
1512 2924 1628 2990 Dei,
1653 2939 1775 2994 quae
1822 2931 1906 2978 cst

319 3017 568 3102 Ecclesia
603 3017 698 3073 Dei
761 3019 996 3074 viventis
1022 3057 1037 3082 ,
1093 3018 1350 3073 columna
1401 3023 1456 3072 et
1490 3015 1904 3072 fundamentum

313 3109 588 3172 veritatis,
612 3109 798 3180 potius
827 3110 988 3179 elegi,
1017 3123 1181 3178 quam
1222 3108 1471 3166 habitare
1500 3108 1558 3169 in
1587 3108 1776 3162 multis
1823 3115 1908 3160 ta-

2000 615 2068 689 ἦν
2087 620 2155 673 τά
2181 618 2289 671 ἀπὸ
2306 619 2405 689 τῆς
2425 618 2766 689 Σολομῶντος
2791 620 3138 690 κατασκευῆς
3151 619 3242 673 τοῦ
3272 620 3401 674 ναοῦ
3418 622 3577 695 μέχρι

1999 710 2100 780 τῆς
2121 709 2216 762 τοῦ
2241 709 2491 780 Σωτῆρος
2512 710 2669 782 ἡμῶν
2690 712 3012 783 παρουσίας,
3041 711 3077 766 ἃ
3100 714 3193 766 καὶ
3214 709 3368 778 αὖθις
3387 714 3576 786 δηλοῦ-

2004 800 2128 853 σθαι
2156 799 2395 870 ήγοῦμαι
2427 799 2512 855 διὰ
2537 799 2633 854 τοῦ
2667 800 2765 856 πθ¹
2790 800 3006 872 ψαλμοῦ
3027 843 3041 867 ,
3085 802 3144 866 ὃς
3175 803 3579 874 ἐπιγέγραπται

2005 891 2124 962 μὲν,
2145 890 2462 959 Προσευχὴ
2479 889 2793 958 Μωῦσέως,
2823 893 2956 964 φησὶ
2983 893 3077 946 καὶ
3093 892 3316 964 προῖὼν,
3343 895 3464 947 Ὅτι
3489 896 3578 964 χί-

2000 987 2105 1037 λια
2138 983 2242 1050 ἔτη
2283 985 2354 1036 ἐν
2394 983 2722 1053 ὀφθαλμοῖς
2749 1000 2866 1037 σου
2893 984 3037 1038 ὡσεὶ
3072 984 3264 1054 ἡμέρα
3297 986 3336 1053 ἡ
3381 985 3574 1056 ἐχθὲς,

2002 1075 2136 1143 ἣτις
2165 1073 2393 1144 διῆλθε,
2429 1077 2528 1130 καὶ
2555 1076 2800 1146 φυλακὴ
2820 1077 2890 1130 ὲν
2912 1078 3110 1133 νυκτί.
3145 1078 3256 1150 Τῆς
3280 1075 3372 1132 οὖν
3406 1078 3582 1149 χιλιά-

2001 1170 2091 1233 δος
2119 1170 2335 1242 ἐκείνης
2364 1172 2397 1242 ή
2433 1171 2531 1241 μία
2556 1170 2740 1243 ήμέρα
2767 1171 2867 1242 τῆς
2899 1172 2963 1224 ἐκ
2998 1171 3206 1243 νεκρῶν
3232 1171 3581 1236 ἀναστάσεως

2001 1260 2096 1315 τοῦ
2113 1262 2365 1333 Σωτῆρος
2381 1262 2536 1333 ἡμῶν
2557 1263 2857 1340 προκριτέα
2874 1265 2967 1316 καὶ
2988 1265 3364 1337 προτιμοτέρα
3380 1267 3582 1336 τυγχάῆ

2003 1370 2083 1408 νει
2107 1354 2184 1425 τῷ
2212 1354 2418 1427 ταύτης
2448 1355 2761 1427 ἐπιθυμητῇ
2795 1356 3091 1427 γενομένῳ.
3122 1355 3215 1410 Διὸ
3240 1356 3460 1427 εὔχεται
3486 1375 3584 1411 ταν

2002 1446 2163 1516 χῦναι
2184 1446 2284 1517 τὴν
2306 1449 2608 1518 παρουσίαν
2632 1447 2796 1500 αὐτοῦ
2824 1449 3025 1517 λέγων’
3071 1447 3204 1512 Ἰδὲ,
3236 1452 3268 1503 ό
3292 1448 3455 1515 Θεὸς,
3483 1451 3582 1502 καὶ

2002 1537 2338 1606 estw-letter
2365 1542 2454 1606 είς
2478 1539 2542 1592 τὸ
2566 1542 2892 1607 πρόσωπον
2913 1539 3019 1594 τοῦ
3045 1539 3304 1608 Χριστοῦ
3325 1557 3463 1606 σου,
3496 1540 3584 1594 ὅτι

2003 1631 2307 1700 κρείσσων
2331 1629 2526 1701 ἡμέρα
2553 1633 2664 1700 μία
2682 1633 2754 1686 ἐν
2774 1631 2904 1700 ταῖς
2929 1631 3145 1698 αὐλαῖς
3168 1648 3284 1690 σου
3311 1633 3464 1700 ὑπὲρ
3496 1651 3583 1701 χι-

2003 1721 2236 1790 λιάδας.
2296 1723 2371 1777 Οὐ
2416 1724 2633 1786 πάντως
2658 1723 2716 1778 δὲ
2746 1723 3124 1794 πληθυντικῶς
3155 1723 3446 1777 ἀκουστέον
3474 1723 3586 1777 τῶν.

2008 1813 2292 1884 χιλιάδωνο
2327 1815 2478 1886 παρά
2503 1814 2612 1886 γὰρ
2651 1814 2919 1884 Ἑϐραίοις
2941 1813 3078 1885 αὕτη
3114 1817 3147 1885 ή
3179 1813 3322 1878 λέξις
3346 1813 3473 1884 μίαν
3501 1833 3584 1885 χιη

2005 1906 2160 1961 λιάδα
2185 1906 2460 1978 σημαίνει,
2480 1908 2556 1970 ὼς
2577 1906 2738 1959 παντὶ
2758 1906 2836 1978 τῷ
2856 1909 3210 1978 ἐπιστήσαντι
3231 1906 3389 1976 δῆλον
3412 1906 3581 1962 ἔσται.

2004 2000 2116 2054 Καὶ
2159 2000 2460 2072 ἐπειδήπερ
2495 2000 2526 2070 ἡ
2576 2000 2673 2070 μία
2711 1999 2894 2071 ἡμέρα
2930 1999 3299 2072 προτιμοτέρα
3341 2001 3458 2054 ἐστὶ
3487 2001 3586 2071 τῆς

2002 2090 2238 2162 χιλιάδος
2258 2093 2316 2143 ἐν
2334 2092 2456 2154 ταῖς
2476 2089 2666 2152 αὐλαῖς
2687 2094 2807 2154 ταῖς
2829 2089 2951 2144 καθ’
2972 2089 3099 2160 ὅλης
3120 2091 3219 2160 τῆς
3237 2091 3388 2143 οἱκου
3397 2089 3582 2160 μένης,

2002 2182 2091 2236 διὰ
2124 2182 2225 2251 τῆς
2263 2181 2580 2251 θεοφανείας
2609 2181 2702 2235 τοῦ
2735 2182 3216 2255 προφητευομένου
3247 2181 3402 2246 Θεοῦ,
3445 2181 3587 2252 ἱδρυ-

2005 2275 2244 2341 θείσαις·
2304 2275 2391 2330 διὰ
2430 2281 2588 2333 τοῦτο
2621 2277 2715 2330 καὶ
2746 2277 3003 2348 ἀνωτέρω
3029 2276 3240 2344 ἔλεγεν·
3291 2276 3594 2331 Ἐπιποθεῖ

2003 2369 2104 2426 καὶ
2119 2370 2383 2425 ἐκλείπει
2401 2369 2440 2435 ή
2457 2367 2625 2438 ψυχή
2640 2386 2760 2440 μου
2776 2370 2864 2434 εἰς
2882 2367 2991 2434 τὰς
3009 2367 3202 2434 αὐλὰς
3220 2367 3328 2422 τοῦ
3343 2369 3584 2436 Κυρίου.

2003 2462 2116 2515 Καὶ
2144 2461 2306 2516 πάλιν
2339 2459 2644 2532 ἐπειδήπερ
2686 2461 2944 2531 ἀνωτέρω
2975 2459 3127 2528 ἔλεγε
3155 2461 3214 2513 τὸ
3234 2499 3249 2524 ,
3301 2459 3589 2527 Μακάριοι

2004 2555 2059 2607 οὶ
2089 2553 2510 2620 κατοικοῦντες
2533 2554 2604 2606 ἐν
2631 2551 2710 2618 τῷ
2730 2551 2876 2619 οἴκῳ
2904 2567 3022 2608 σου
3043 2591 3060 2616 ,
3085 2553 3173 2618 είς
3197 2551 3342 2618 τοὺς
3370 2549 3590 2624 αἰῶνας

2005 2643 2124 2698 τῶν
2141 2645 2369 2698 αἰώνων
2383 2643 2701 2699 αἱνέσουσί
2721 2661 2796 2699 σε
2813 2661 2827 2675 ο
2846 2644 3018 2714 τούτῳ
3039 2643 3312 2698 πιστεύων
3332 2643 3425 2696 καὶ⁵
3440 2643 3590 2711 ἀκρι-

2007 2736 2115 2800 ϐῶς
2163 2737 2526 2807 πεπεισμένος
2558 2735 2730 2808 ἀληθῆ
2765 2731 2903 2789 εἶναι
2940 2736 3032 2788 τὸν
3071 2734 3260 2803 λόγον,
3304 2733 3393 2786 διὰ
3432 2733 3590 2787 τοῦτό

2007 2848 2146 2901 φημι
2169 2845 2183 2860 ⁸
2233 2828 2640 2899 Ἐξελεξὰμην
2665 2826 3196 2896 παραρριπτεῖσθαι
3221 2827 3292 2880 ἐν
3332 2825 3416 2891 τῷ
3449 2826 3597 2890 οἴκῳ,

2005 2922 2113 2976 τοῦ
2142 2920 2288 2975 Θεοῦ
2305 2939 2424 2989 μου
2458 2919 2701 2990 μᾶλλον
2719 2936 2733 2952 ·
2774 2919 2837 2973 ἵν’
2861 2922 2919 2974 ἐν
2950 2917 3028 2990 τῷ
3053 2920 3188 2989 οἴκῳ
3212 2917 3306 2970 τοῦ
3329 2916 3466 2970 Θεοῦ
3491 2916 3590 2981 ὢν,

2006 3011 2248 3082 δύνωμαι
2281 3013 2361 3073 είς
2388 3013 2513 3074 τοὺς
2531 3009 2733 3073 αἰῶνας
2760 3009 2868 3063 τῶν
2894 3008 3104 3064 αἰώνων
3127 3010 3298 3062 αίνεῖν
3323 3008 3413 3061 τὸν
3434 3007 3584 3060 Θεόν.

2007 3103 2224 3158 Μᾶλλον
2255 3104 2311 3156 δὲ
2337 3102 2666 3173 ἐξελεξάμην
2699 3101 2886 3173 ὥσπερ
2919 3101 3018 3172 τὴν
3053 3100 3183 3171 μίαν
3210 3100 3425 3174 ἡμέραν
3451 3098 3590 3170 ὑπὲρ

315 3201 636 3256 bernaculis
659 3211 1033 3275 peccatorum.
1085 3197 1221 3254 Nam
1267 3200 1373 3273 ipsi
1405 3214 1624 3270 quoque
1651 3206 1908 3268 peccato-

2010 3197 2110 3263 τὴν
2162 3195 2412 3266 χιλιάδα,
2447 3194 2589 3248 οὕτω
2641 3192 2733 3247 τὸν
2773 3188 2921 3247 οἷκον
2953 3191 3048 3245 τοῦ
3078 3191 3250 3257 Θεοῦ,
3289 3193 3411 3262 ἥτις
3441 3191 3588 3242 ἐστὶν

319 3307 414 3347 res
444 3293 500 3346 in
529 3294 768 3363 speciem
796 3293 1277 3348 tabernaculorum
1306 3289 1403 3347 Dei
1431 3306 1554 3347 sese
1581 3305 1910 3360 composue-

319 3387 453 3440 runt
481 3403 494 3439 :
545 3384 642 3441 sed
673 3385 1026 3439 tabernacula
1057 3383 1172 3447 Dei,
1199 3382 1487 3449 amabilia;
1535 3389 1907 3454 peccatorum,

318 3477 448 3533 odio
478 3476 643 3547 digna
674 3485 823 3533 sunt.
857 3506 930 3517 —
962 3474 1130 3532 Vens.
1183 3475 1273 3538 12,
1315 3475 1456 3541 Quia
1487 3472 1909 3530 misericordiam

317 3581 368 3624 et
401 3571 670 3623 veritatem
717 3567 890 3641 diligit
927 3568 1181 3624 Dominus
1224 3568 1401 3634 Deus,
1438 3567 1671 3640 gratiam
1709 3575 1760 3621 et
1795 3565 1909 3635 glo—

319 3661 462 3716 riam
495 3658 646 3712 dabit
681 3657 963 3714 Dominus.
1013 3657 1117 3712 Pro
1168 3659 1282 3723 illo,
1311 3658 1451 3724 Quia
1487 3657 1909 3712 misericordiam

319 3760 371 3806 et
397 3751 670 3808 veritatem
699 3751 874 3821 diligit
903 3751 1059 3804 Domi
1069 3767 1189 3815 nus,
1205 3749 1426 3821 Aquila,
1444 3749 1584 3816 Quia
1605 3749 1909 3803 misericor-

321 3844 416 3898 dia
436 3843 721 3913 etclypeus
754 3842 1012 3900 Dominus
1053 3843 1230 3908 Deus;
1282 3843 1476 3914 quinta
1527 3857 1659 3897 vero
1704 3844 1907 3907 editio,

324 3935 469 4002 Quia
493 3935 577 3989 sol
613 3944 664 3994 et
699 3943 965 4004 protector
1008 3934 1269 3993 Dominus
1318 3933 1509 3998 Deus;
1545 3932 1909 4004 Symmachus

322 4030 602 4093 similiter,
628 4027 770 4100 Quia
799 4028 902 4091 sol,
929 4027 1088 4088 dixit.
1107 4025 1241 4086 Ideo
1262 4042 1522 4100 namque,
1560 4026 1656 4092 ait,
1683 4041 1791 4082 una
1818 4026 1912 4086 illa

323 4120 442 4177 dies
472 4122 714 4177 millibus
744 4122 937 4179 melior
960 4128 1065 4185 est,
1096 4121 1225 4191 quia
1250 4118 1517 4178 Dominus
1538 4118 1637 4175 Dei
1672 4120 1911 4174 Verbum

325 4215 434 4272 diei
465 4214 614 4271 illius
661 4215 746 4270 sol
784 4220 890 4268 est.
940 4211 1100 4277 Hunc
1143 4226 1277 4266 vero
1311 4211 1482 4266 solem
1511 4211 1778 4282 propheta
1826 4211 1912 4266 his

325 4308 508 4364 verbis
540 4304 948 4363 subindicavit:
1003 4304 1333 4359 Timentibus
1382 4314 1558 4362 autem
1593 4319 1672 4357 me
1713 4305 1914 4360 orietur

324 4400 420 4456 Sol
454 4400 723 4469 justitice,
759 4407 808 4452 et
843 4396 1047 4459 medela
1079 4398 1135 4450 in
1162 4396 1263 4450 alis
1301 4396 1416 4465 ejus
1450 4395 1516 4448 ³⁸.
1560 4394 1699 4449 Eum
1735 4395 1913 4465 ipsum

321 4490 664 4563 signiﬁcabat
683 4489 777 4559 qui
806 4488 984 4542 dixit:
1018 4487 1089 4542 Et
1121 4486 1320 4546 occidet
1339 4486 1420 4542 sol
1445 4502 1604 4556 super
1633 4485 1912 4554 prophetas

2022 3287 2317 3358 Ἐκκλησία
2335 3286 2468 3342 Θεοῦ
2487 3286 2708 3351 ζῶντος,
2733 3285 2922 3348 στῦλος
2938 3287 3034 3339 καὶ
3051 3284 3334 3357 ἑδραίωμα
3347 3284 3444 3354 τῆς
3457 3281 3587 3352 ἀλη-

2012 3378 2164 3442 θείας
2187 3420 2200 3443 ,
2257 3379 2458 3449 μᾶλλον
2499 3379 2532 3450 ἢ
2577 3381 2744 3434 οἰκεῖν
2783 3380 2840 3432 ἐν
2881 3377 3096 3442 πολλοῖς
3133 3379 3448 3448 σκηνώμασι
3478 3374 3585 3427 τῶν

2010 3471 2369 3543 ἁμαρτωλῶν,
2429 3472 2739 3541 Μιμήματα
2772 3469 2880 3541 γὰρ
2931 3468 3042 3523 τῶν
3088 3469 3455 3540 σκηνωμάτων
3493 3465 3590 3519 τοῦ

2010 3563 2146 3617 Θεοῦ
2174 3580 2268 3615 και
2292 3565 2340 3615 οἱ
2373 3562 2684 3633 ἁμαρτωλοὶ
2710 3563 2936 3626 ἑαυτοὺς
2964 3561 3376 3620 κατεσκεύασαν
3397 3578 3411 3591 ο
3459 3558 3597 3612 ἀλλὰ

2011 3653 2080 3711 τά
2113 3654 2212 3725 μὲν
2249 3653 2341 3708 τοῦ
2370 3653 2506 3707 Θεοῦ
2533 3654 2795 3726 ἀγαπητά
2820 3655 3076 3725 τυγχάνει
3101 3693 3116 3718 ,
3154 3653 3346 3723 μίσους
3377 3652 3436 3706 δὲ
3468 3652 3597 3717 ἄξια

2010 3745 2081 3800 τὰ
2098 3740 2207 3798 τῶν
2232 3744 2590 3816 ἁμαρτωλῶν.
2621 3746 2744 3800 ’Ὁτι
2761 3746 2933 3812 ἕλεος
2955 3744 3054 3798 καὶ
3077 3743 3369 3812 ἀλήθειαν
3394 3741 3599 3812 ἀγαπᾷ

2011 3838 2228 3906 Κύριος
2267 3839 2300 3891 ὁ
2340 3837 2516 3903 Θεὸς,
2553 3837 2732 3906 χάριν
2759 3837 2857 3891 καὶ
2902 3836 3091 3908 δόξαν
3133 3833 3311 3890 δώσει
3352 3836 3593 3902 Κύριος.

2025 3931 2171 3992 Ἀντί
2191 3929 2308 3995 τοῦ,
2341 3929 2469 3984 Ὅτι
2493 3929 2671 3984 ἔλεον
2699 3931 2797 3992 καὶ
2818 3929 3106 3997 ἀλήθειαν
3125 3926 3327 3997 ἀγαπᾷ
3353 3927 3596 3996 Κύριος,

2011 4022 2042 4074 ὁ
2081 4021 2310 4085 Ἀκύλας
2343 4023 2537 4094 φησιν,
2571 4023 2691 4075 Ὅτι
2725 4021 2899 4090 ἕλεος
2937 4022 3038 4080 καὶ
3071 4021 3280 4088 θυρεὸς
3311 4021 3530 4089 Κύριος
3564 4024 3601 4075 ὀ

2016 4115 2158 4180 Θεός
2177 4131 2190 4144 °
2228 4114 2322 4176 καὶ
2352 4117 2385 4188 ὴ
2415 4115 2640 4186 πέμπτη
2670 4114 2880 4178 ἐκδοσις
2898 4154 2914 4179 ,
2952 4115 3082 4168 ’Ότι
3127 4114 3300 4182 ἣλιος
3328 4113 3427 4167 καὶ
3456 4128 3602 4167 σκε-

2014 4205 2256 4273 παστὴς
2278 4207 2494 4274 Κύριος
2524 4210 2556 4261 ό
2585 4208 2729 4278 Θεός
2748 4222 2761 4236 °
2793 4205 2887 4258 καὶ
2917 4207 2946 4258 ὁ
2972 4204 3268 4274 Σύμμαχος
3297 4203 3356 4264 δὲ
3386 4202 3601 4266 τούτοις

2016 4297 2325 4368 συμφώνως
2344 4337 2359 4362 ,
2393 4299 2521 4360 Ὅτι
2539 4297 2718 4366 ἥλιον
2753 4297 2850 4369 (1),
2885 4297 3160 4368 ὠνόμασε.
3179 4295 3278 4348 Διά
3292 4294 3448 4348 τοῦτο
3463 4294 3597 4366 γὰρ,

2017 4388 2216 4458 φησιν,
2246 4388 2429 4460 ἐκείνη
2464 4389 2498 4460 ή
2535 4389 2634 4459 μία
2666 4387 2850 4459 ἡμέρα
2879 4389 3146 4460 κρείσσων
3174 4387 3291 4440 ἐστὶ
3321 4385 3598 4457 χιλιάδων,

2018 4482 2315 4554 ἐπειδήπερ
2362 4481 2522 4544 αὐτὸς
2559 4483 2587 4534 ὁ
2625 4479 2828 4550 Κύριος
2868 4482 2896 4532 ὁ
2935 4478 3029 4534 τοῦ
3065 4478 3200 4531 Θεοῦ
3232 4479 3404 4546 Λόγος
3449 4478 3599 4548 ἥλιος

321 4582 413 4652 qui
442 4597 625 4638 errare
677 4581 882 4651 faciunt
908 4579 1164 4649 populum
1206 4594 1380 4634 meum
1407 4578 1487 4646 ³⁹;
1519 4579 1780 4650 [apertius
1813 4593 1910 4634 au-

2019 4575 2275 4646 τυγχάνει
2309 4576 2411 4648 τῆς
2442 4575 2654 4646 ἡμέρας
2681 4573 2914 4645 ἐκείνης.
2969 4573 3169 4628 Τοῦτον
3194 4571 3251 4626 δὲ
3285 4573 3380 4629 καὶ
3409 4573 3438 4624 ό
3462 4588 3601 4644 προ-

320 4683 431 4729 tem
461 4674 655 4738 Isaias,
687 4672 812 4728 Non
842 4672 943 4728 erit
979 4670 1076 4724 tibi
1130 4670 1210 4726 sol
1238 4671 1293 4724 in
1320 4671 1488 4726 lucem
1521 4669 1660 4733 diei,
1701 4669 1914 4739 inquit,

322 4764 414 4821 sed
442 4767 545 4820 erit
576 4767 673 4822 tibi
705 4765 961 4822 Dominus
989 4765 1084 4822 lux
1120 4764 1461 4833 sempiterna,
1491 4772 1542 4818 et
1579 4762 1718 4817 Deus
1743 4763 1919 4834 gloria

325 4867 419 4912 tua
438 4857 506 4913 δ’.
543 4857 679 4912 Cum
705 4859 830 4915 talis
865 4859 947 4913 sol
974 4856 1240 4912 Dominus
1271 4857 1385 4923 sit,
1427 4855 1661 4927 gratiam
1707 4862 1762 4910 et
1796 4855 1915 4924 glo-

321 4951 462 5006 riam
515 4965 580 5004 ac
621 4950 785 5006 etiam
818 4950 951 5022 quid
993 4950 1348 5020 praestantius
1376 4957 1432 5004 et
1464 4948 1690 5012 melius,
1747 4954 1914 5017 atque

325 5042 600 5102 iueﬂ‘abile
653 5050 709 5097 et
761 5041 1106 5098 reconditum
1142 5042 1346 5100 bonum
1380 5039 1532 5096 dabit
1580 5039 1648 5094 iis
1680 5039 1772 5109 qui
1804 5053 1922 5091 am-

322 5135 516 5190 bulant
544 5136 599 5189 in
634 5134 987 5200 innocentia;
1019 5133 1148 5188 sive
1189 5130 1493 5187 secundum
1533 5126 1922 5201 Symmachum

325 5226 515 5298 (Vens.
543 5227 650 5297 l5),
675 5227 743 5284 iis
775 5227 864 5296 qui
898 5225 1174 5279 ambulant
1210 5225 1266 5282 in
1289 5223 1628 5294 perfectione.
1673 5219 1805 5274 Ideo
1834 5217 1920 5274 di—

326 5315 429 5371 ctis
473 5315 634 5372 fidem
671 5314 909 5379 habens,
967 5329 1035 5370 ac
1072 5314 1246 5384 probe
1289 5326 1590 5382 persuasus
1647 5323 1774 5365 vera
1831 5307 1922 5360 illa

327 5423 470 5473 esse,
490 5409 570 5463 sic
594 5422 904 5462 sermonem
921 5407 1117 5462 claudo
1142 5425 1156 5460 :
1194 5404 1420 5466 Domine
1437 5403 1715 5466 virtutum,
1738 5399 1920 5460 beatus

329 5499 479 5557 homo
505 5500 597 5569 qui
623 5508 800 5568 sperat
831 5499 888 5552 in
925 5507 993 5552 te.
1028 5497 1162 5552 Nam
1214 5497 1261 5553 si
1305 5495 1430 5568 quis
1464 5495 1625 5553 aliter
1663 5507 1693 5546 a
1737 5492 1921 5546 multis

329 5589 524 5650 beatus
555 5589 782 5659 dicitur;
823 5589 928 5660 ipsi
951 5604 1084 5645 sane
1121 5587 1260 5644 falsa
1289 5585 1571 5642 beatitudo
1605 5584 1918 5641 ascribitur.

2023 4667 2200 4737 φήτης
2230 4666 2320 4725 τὸν
2349 4665 2500 4734 ἥλιον
2526 4666 2770 4735 ᾐνίττετο
2796 4665 3002 4734 φήσας·
3063 4662 3191 4730 Τοῖς
3211 4661 3280 4716 δὲ
3307 4663 3601 4732 φοϐουμέ-

2024 4772 2154 4822 νοις
2163 4771 2240 4824 με
2256 4756 2438 4808 (irate
2448 4754 2749 4824 ’Ἡλεῑλιος
2772 4752 3162 4821 δικαιοσύνης
3177 4793 3192 4818 ,
3217 4752 3318 4815 καὶ
3348 4752 3510 4818 ἴασις
3530 4752 3605 4804 ἐν

2021 4847 2151 4916 ταῖς
2180 4846 2467 4914 πτέρυξιν
2497 4845 2704 4901 αὐτοῦ.
2735 4845 2837 4900 Τὸν
2863 4844 3024 4898 αὐτὸν
3044 4844 3099 4897 δέ
3132 4843 3318 4914 ἐδήλου
3348 4843 3444 4897 καὶ
3473 4844 3502 4896 ὁ
3535 4845 3607 4895 εἰ·

2024 4937 2160 4992 πών·
2185 4937 2297 4992 Καὶ
2319 4937 2566 4992 δύσεται
2585 4938 2832 5004 δ”Ηλιος
2850 4937 2950 4991 ἐπὶ
2967 4937 3110 5004 τοὺς
3129 4935 3437 5005 προφήτας
3459 4935 3608 5001 τοὺς

2024 5029 2381 5095 πλωτῶντας
2403 5030 2506 5088 τὸν
2519 5032 2672 5086 λαόν
2687 5049 2807 5100 μου
2822 5047 2834 5061 °
2860 5047 2928 5098 γυ
2937 5031 3190 5101 μνότερον
3208 5029 3266 5085 δὲ
3297 5031 3324 5082 ὁ
3352 5029 3602 5091 Ἡσαΐας,

2019 5125 2142 5177 Οὐκ
2172 5122 2343 5178 ἔσται
2363 5138 2462 5176 σοι
2491 5125 2524 5176 ό
2553 5123 2726 5190 ἥλιος
2752 5126 2836 5190 είς
2861 5122 2986 5192 φῶς
3014 5121 3122 5191 τῆς
3149 5123 3392 5192 ἡμέρας,
3417 5123 3604 5192 φησὶν,

2025 5215 2162 5271 ἀλλ’
2198 5215 2371 5269 ἔσται
2407 5229 2508 5272 σοι
2548 5216 2766 5283 Κύριος
2797 5213 2923 5284 φῶς
2955 5214 3228 5281 αἰώνιον,
3262 5215 3358 5270 καὶ
3396 5217 3428 5267 ό
3459 5213 3608 5280 Θεὸς

2025 5307 2174 5372 δόξα
2200 5323 2337 5365 σου.
2369 5307 2618 5371 Τοιοῦτος
2640 5307 2696 5361 δέ
2720 5306 2869 5378 ἥλιος
2899 5307 2974 5360 ὢν
3003 5307 3032 5360 ὁ
3060 5307 3283 5379 Κύριος,
3318 5307 3478 5378 χάριν
3510 5305 3608 5360 καὶ

2026 5398 2181 5466 δόξαν
2216 5400 2310 5452 καὶ
2340 5399 2421 5452 ἔτι
2462 5399 2586 5471 μεῖζ
2593 5417 2650 5454 ον
2684 5399 2778 5452 καὶ
2810 5401 3056 5470 κρεῖττον
3080 5440 3095 5465 ,
3131 5399 3367 5471 speiqde
3402 5415 3463 5452 τε
3510 5398 3609 5452 καὶ

2027 5492 2337 5564 ἀπόρρητον
2377 5491 2581 5561 ἀγαθὸν
2623 5491 2782 5545 δώσει
2815 5495 2925 5557 τοῖς
2959 5493 3346 5564 πορευομένοις
3373 5494 3431 5546 ἐν
3464 5492 3606 5546 ἀκα-

2030 5584 2150 5656 κίαι
2187 5586 2220 5656 ἢ
2256 5585 2396 5640 κατά
2426 5585 2519 5638 τὸν
2551 5584 2864 5658 Σύμμαχον,
2905 5586 3033 5654 Τοῖς
3058 5585 3378 5646 ὁδεύουσιν
3413 5583 3485 5640 ἐν
3517 5599 3610 5642 τερ

409 5746 455 5777 ³⁸
494 5745 729 5799 Malach.
763 5759 839 5806 iv,
869 5743 926 5796 2.
1005 5744 1050 5775 ⁸⁹
1089 5741 1260 5796 Mich.
1293 5756 1356 5794 Ill
1381 5781 1394 5802 ,
1433 5741 1487 5796 6.
1564 5741 1608 5773 ⁸ο
1650 5741 1752 5794 lsa.
1796 5756 1859 5794 Lx
1885 5781 1898 5803 ,
1939 5739 2021 5794 19.

419 5860 494 5937 (1)
533 5857 678 5917 Vera
709 5859 872 5916 lectio
901 5866 983 5914 est
1013 5858 1225 5920 Ἥλιος,
1255 5862 1430 5922 una.
