4066 6372
327 430 462 488 10H

1414 418 1916 479 COMMENTARIA
1956 418 2020 474 IN
2059 417 2400 482 PSALMOS.

3408 463 3414 472 .
3462 417 3586 473 1018

326 555 606 621 λειότητι.
660 547 757 602 Διά
797 546 952 600 τοῦτο
985 544 1254 599 πιστεύων
1283 545 1397 606 τοῖς
1425 542 1735 614 εἰρημένοις
1758 582 1772 608 ,
1814 542 1909 595 καὶ

2028 539 2143 605 Sed,
2169 549 2230 594 ut
2250 553 2378 594 vere
2412 537 2649 602 dicatur,
2682 538 2836 593 solus
2867 537 2958 592 ille
2983 537 3174 594 beatus
3201 536 3287 591 cui
3313 552 3480 607 supra
3503 537 3589 590 di-

328 644 570 718 ἀκριὸῶς
595 641 828 713 ἐμαυτὸν
855 639 1048 703 πείσας
1073 637 1293 709 ἀληθεῖς
1321 631 1458 689 εἶναι
1487 636 1614 698 τοὺς
1641 634 1768 702 περὶ
1793 633 1910 687 τούν

328 756 437 791 των
483 737 706 804 λόγους,
740 733 894 797 τέλος
927 731 1021 785 τοῦ
1073 729 1274 792 παντὸς
1306 728 1465 796 λόγου
1501 727 1668 798 φημί·
1731 727 1920 794 Κύριε,

330 828 451 882 τῶν
481 826 789 895 δυνάμεων
812 865 828 890 ,
863 821 1157 893 μακάριος
1197 823 1230 873 ὀ
1267 818 1575 888 ἅνθρωπος
1602 821 1634 871 ὀ
1658 815 1910 876 ἐλπίζων

331 922 428 978 ἐπὶ
453 920 546 975 σέ.
592 920 708 982 Πᾶς
737 916 846 989 γὰρ
873 918 901 970 ό
925 915 1100 978 ἄλλως
1125 912 1275 985 παρὰ
1307 916 1418 976 τοῖς
1444 911 1655 973 πολλοῖς
1685 925 1912 980 μακαρι-

332 1013 554 1085 ζόμενος
583 1009 1014 1081 πεπλανημένως
1038 1008 1104 1062 ἂν
1138 1006 1511 1079 μακαρίζοιτο.
1547 1005 1723 1067 Μόνος
1755 1003 1832 1069 δέ,
1861 1003 1910 1053 εἰ

331 1105 435 1178 χρὴ
469 1103 673 1175 τάληθῆ
718 1104 916 1173 φάναι,
955 1101 1222 1174 μακάριος
1255 1098 1344 1153 διὰ
1385 1098 1454 1152 τὰ
1484 1095 1910 1168 προλελεγμένα,

215 1211 222 1216 ’
328 1196 404 1258 ώς
436 1195 504 1248 ἂν
532 1194 750 1247 πάντων
783 1192 888 1246 τῶν
921 1190 1140 1260 ἀγαθῶν
1168 1188 1420 1261 ἐμπλεος,
1454 1188 1482 1241 ὅ
1510 1204 1592 1240 σοι
1623 1185 1768 1257 μόνῳ
1795 1186 1914 1237 ἐαυ-

327 1285 418 1340 τὸν
450 1285 791 1356 ἀναρτήσας,
826 1283 920 1337 καὶ
962 1281 1142 1346 πάσας
1183 1279 1376 1334 ἐαυτοῦ
1409 1277 1510 1341 τὰς
1543 1275 1764 1338 ἐλπίδας
1794 1264 1914 1337 ταῖς

332 1377 481 1451 παρά
507 1378 589 1430 σοὶ
614 1375 968 1444 ἐπαγγελίαις
993 1372 1230 1437 ἀναθείς.
1285 1371 1425 1442 Ἤδη
1456 1369 1512 1422 δὲ
1542 1368 1723 1440 τρίτον
1752 1367 1808 1420 ἐν
1838 1365 1916 1436 τῷ

331 1470 558 1543 παρόντι
580 1467 780 1540 ψαλμῷ
808 1466 1114 1538 μακαρίσας
1133 1467 1161 1519 ό
1182 1465 1340 1534 λόγος
1360 1465 1487 1526 τοὺς
1506 1463 1531 1515 ἐ
1540 1459 1916 1533 μφερομένους

330 1561 390 1612 ἐν
420 1557 589 1629 αὐτῷ,
617 1556 868 1627 οὐδαμῶς
896 1555 992 1609 τοῦ
1020 1555 1288 1611 Ἰουδαίων
1303 1550 1649 1620 ἕθνους,ξοὺδέ
1680 1548 1770 1603 τοῦ
1817 1549 1917 1601 Ἰσ-

335 1653 471 1728 ραὴλ
503 1649 928 1723 ἐμνημόνευσεν,
961 1649 1081 1704 οὑδέ
1105 1647 1230 1711 τοὺς
1264 1645 1334 1700 τὰ
1351 1645 1631 1708 Μωῦσέως
1649 1643 1717 1697 δι’
1741 1642 1918 1714 ἔργων

330 1740 782 1815 ἀποπληροῦντας
808 1741 1144 1813 ἐμακάρισεν
1163 1757 1178 1771 ο
1216 1738 1354 1794 ἀλλά
1379 1737 1598 1807 πρῶτον
1623 1735 1721 1806 μὲν
1753 1733 1918 1792 καθό-

329 1837 423 1893 λου
444 1838 571 1901 τοὺς
597 1835 986 1901 κατοικοῦντας
1008 1837 1067 1889 ἐν
1091 1833 1169 1906 τῷ
1195 1832 1329 1904 οἴκῳ
1351 1828 1442 1885 τοῦ
1463 1827 1597 1882 Θεοῦ
1614 1845 1629 1859 ο
1666 1827 1918 1899 δεύτερον

331 1932 510 1986 πάντα
543 1929 712 2001 ἄνδρα
738 1921 800 1984 οῦ
832 1931 978 1982 ἐστιν
1006 1924 1289 1996 ἀντίληψις
1315 1921 1462 1995 αὐτῷ
1496 1920 1649 1993 παρά
1674 1921 1880 1989 Κυρίου
1901 1934 1915 1949 ο

2009 644 2096 688 cta
2138 639 2490 704 competunt,
2542 631 2813 702 siquidem
2868 632 2985 701 ipse
3034 631 3289 686 omnibus
3347 631 3590 700 repletur

2009 723 2191 786 bonis,
2210 723 2304 793 qui
2337 737 2459 778 sese
2489 722 2584 776 tibi
2611 722 2713 777 soli
2735 721 3096 784 concredidit,
3132 728 3412 790 totamque
3435 734 3588 789 spem

2011 817 2068 870 in
2097 814 2383 884 promissis
2423 815 2532 870 tuis
2562 814 2836 884 deposuit.
2867 814 3006 868 Cum
3058 827 3220 884 porro
3252 813 3304 865 in
3335 812 3590 881 praesenti

2012 905 2222 975 psalmo
2253 905 2364 972 jam
2404 907 2565 960 tertio
2598 906 2742 960 beati
2774 904 3052 976 praedicati
3079 903 3280 958 fuerint
3310 903 3346 956 ii
3380 903 3446 958 de
3468 903 3592 972 qui-

2012 999 2115 1052 bus
2144 1013 2346 1062 sermo,
2376 998 2527 1052 nulla
2562 996 2802 1054 Judaicze
2843 1000 3022 1069 gentis
3053 999 3138 1052 vel
3182 995 3399 1050 lsraelis
3449 994 3592 1048 facta

2013 1089 2220 1144 mentio
2251 1096 2369 1156 est;
2411 1105 2593 1159 neque
2619 1090 2783 1144 etiam
2819 1105 2914 1145 eos
2945 1090 3038 1160 qui
3089 1097 3363 1159 praecepta
3393 1085 3598 1157 Moysis

2012 1182 2258 1237 exsecuti
2296 1189 2424 1238 sunt
2446 1182 2636 1237 beatos
2665 1183 3020 1252 praedicavit:
3065 1181 3160 1237 sed
3196 1181 3375 1250 primo
3428 1193 3594 1249 gene-

2016 1273 2174 1326 ratim
2203 1288 2298 1330 eos
2328 1274 2421 1344 qui
2451 1274 2704 1330 habitant
2747 1275 2805 1328 in
2839 1272 3003 1329 domo
3031 1271 3126 1329 Dei
3153 1290 3167 1340 ;
3204 1270 3449 1328 secuudo
3479 1284 3599 1324 om-

2017 1380 2140 1420 nem
2172 1365 2450 1422 hominem
2479 1367 2567 1422 cui
2601 1374 2686 1422 est
2717 1366 2984 1423 auxilium
3024 1380 3056 1420 a
3086 1365 3352 1431 Domino;
3404 1377 3468 1416 ac
3501 1359 3599 1416 de-

2017 1473 2166 1511 mum
2197 1458 2253 1512 in
2283 1457 2390 1514 ﬁne
2429 1460 2722 1526 sermonis,
2753 1458 3039 1514 indeﬁnite
3077 1466 3130 1513 et
3156 1457 3455 1528 generatim
3484 1471 3602 1510 om-

2019 1567 2141 1605 nem
2177 1551 2455 1607 hominem
2495 1553 2552 1607 in
2587 1553 2878 1608 Dominum
2923 1559 3258 1622 sperantem.
3292 1550 3426 1605 Nam
3473 1565 3598 1604 cum

2020 1642 2204 1698 futura
2250 1643 2344 1699 Dei
2390 1646 2682 1715 praesentia
2747 1653 2801 1702 et
2856 1644 3063 1701 Christi
3096 1643 3165 1698 ad
3219 1644 3470 1698 homines
3500 1641 3598 1694 ad-

2018 1745 2216 1792 ventus
2247 1739 2674 1793 annuntiaretur
2696 1778 2710 1802 ,
2745 1754 2856 1793 non
2883 1735 3086 1793 ludatis
3109 1745 3346 1801 tantum,
3375 1735 3470 1790 sed
3490 1749 3604 1789 om-

2021 1828 2182 1883 nibus
2210 1829 2375 1884 etiam
2411 1829 2732 1885 hominibus
2765 1829 3134 1885 beatitudines
3168 1830 3310 1896 illas,
3337 1843 3459 1899 quae
3509 1841 3604 1896 pe-

2021 1936 2120 1976 nes
2151 1920 2322 1977 Deum
2351 1929 2502 1988 sunt,
2532 1923 2849 1978 annuntiari
2880 1927 3144 1993 oportuit.

331 2026 428 2082 καὶ
461 2027 553 2079 ἐπὶ
585 2026 728 2081 τέλει
763 2023 857 2078 τοῦ
926 2023 1127 2086 παντὸς
1180 2021 1341 2089 λόγου
1407 2017 1674 2091 ἀορίστως
1738 2015 1832 2069 καὶ
1869 2014 2174 2082 καθολικῶς
2219 2019 2396 2072 πάντα
2446 2019 2733 2091 ἄνθρωπον
2779 2019 2871 2072 τὸν
2914 2017 3204 2082 ἐλπίζοντα
3246 2016 3339 2069 ἐπὶ
3376 2013 3600 2085 Κύριον.

333 2119 486 2190 Χρῆν
525 2119 634 2191 γάρ
675 2119 996 2189 ἐπιφανείας
1035 2117 1170 2171 Θεοῦ
1208 2117 1302 2172 καὶ
1339 2113 1576 2188 Χριστοῦ
1619 2110 1918 2180 παρουσίας
1956 2113 2035 2175 είς
2067 2111 2388 2185 ἀνθρώπους
2447 2113 2959 2187 καταγγελλομένης
2998 2114 3072 2186 μὴ
3112 2111 3380 2175 Ἰουδαίοις
3425 2111 3581 2181 μόνον

333 2211 468 2272 ἀλλὰ
497 2215 593 2266 καὶ
620 2213 754 2273 πᾶσι
778 2215 890 2276 τοῖς
917 2211 1224 2284 ἀνθρώποις
1252 2210 1377 2272 τοὺς
1404 2207 1554 2280 παρά
1573 2206 1650 2279 τῷ
1672 2205 1791 2278 Θεῷ
1816 2208 2202 2279 μακαρισμοὺς
2233 2208 2706 2280 ἀναγγελίζεσθαι.

370 2372 478 2424 ΕΙΣ
512 2373 754 2441 ΤΕΛΟΣ,
787 2371 942 2425 ΤΟΙΣ
972 2371 1156 2426 ΥΙΟΙΣ
1189 2369 1374 2425 ΚΟΡΕ
1407 2369 1724 2423 ΨΑΔΜΟΣ.
1762 2367 1886 2420 ΠΔ’.

2033 2373 2084 2428 1.
2121 2371 2192 2428 IN
2228 2372 2459 2439 FlNEM,
2501 2371 2706 2428 FlLllS
2733 2371 2918 2429 CORE
2956 2363 3608 2427 PSALMUSLXXXIV.

405 2531 794 2599 Εὐδόκησας,
821 2529 1026 2598 Κύριε,
1062 2526 1177 2595 τὴν
1209 2524 1328 2596 γῆν
1356 2537 1473 2579 σου
1493 2563 1508 2588 ,
1537 2520 1924 2589 ἀπέστρεψας

333 2623 448 2691 τὴν
480 2623 902 2692 αἰχμαλωσίαν
941 2618 1156 2674 Ἰακώϐ.
1212 2614 1544 2677 Ἀκολοῦθως
1568 2612 1647 2684 τῷ
1673 2613 1778 2690 προ
1810 2609 1928 2664 τοῦ·

332 2733 427 2768 του
459 2714 660 2786 ψαλμῷ
696 2714 835 2785 μετά
874 2712 971 2784 τὴν
1001 2715 1058 2777 ἐν
1085 2710 1282 2781 ἐκείνῳ
1315 2706 1700 2762 θεσπισθεῖσαν
1733 2704 1929 2773 θεοφά-

334 2825 482 2863 νειαν
510 2807 568 2859 ἐν
589 2805 667 2876 τῷ
691 2804 827 2876 μετὰ
853 2806 1040 2875 χεῖρας
1063 2802 1250 2857 κακῶν
1275 2798 1570 2869 ἀπαλλαγὴ
1596 2795 1928 2869 προφητεύεο

334 2918 450 2965 ται,
487 2899 580 2953 καὶ
611 2897 880 2969 λύτρωσις
912 2896 1010 2966 μέν
1043 2892 1420 2966 αἰχμαλωσίας
1444 2931 1460 2956 ,
1495 2888 1843 2961 συγχώρησις
1870 2887 1928 2941 δὲ

336 2993 436 3055 καὶ
460 2991 652 3059 ἄφεσις
679 2988 1112 3058 ἁμαρτημάτων.
1167 2986 1370 3039 Εἵπετο
1398 2983 1507 3054 γὰρ
1536 2981 1708 3036 ταῦτα
1732 2982 1798 3051 τῇ
1832 2976 1925 3033 τοῦ

337 3082 473 3138 Θεοῦ
501 3084 582 3146 είς
611 3079 931 3151 ἀνθρώπους
964 3077 1238 3151 παρουσίᾳ
1264 3118 1279 3143 ,
1312 3077 1407 3130 καὶ
1437 3078 1549 3138 τοῖς
1576 3075 1784 3137 λοιποῖς
1814 3074 1928 3136 τοῖς

337 3175 431 3226 ἐπὶ
457 3172 535 3242 τῷ
567 3172 672 3244 πρὸ
694 3170 883 3224 τούτου
911 3169 1109 3241 ψαλμῷ
1135 3167 1544 3238 δεδηλωμένοις.
1580 3163 1794 3234 Ἐπειδὴ
1819 3163 1928 3232 γὰρ

339 3267 398 3318 ἐν
449 3264 642 3336 ἐκείνῳ
695 3261 1032 3334 σκηνώματα
1071 3259 1208 3314 Θεοῦ
1252 3259 1479 3318 πλεῖστα
1509 3259 1603 3321 καὶ
1642 3256 1803 3310 αὐλαὶ
1835 3256 1929 3308 καὶ
1993 3303 1999 3309 .

341 3357 698 3427 θυσιαστήρια
723 3353 816 3406 ἐπὶ
841 3352 939 3422 τῆς
960 3351 1065 3420 γῆς
1085 3349 1402 3414 ἐθεσπίςετο
1426 3345 1810 3427 συστήσεσθαι,
1835 3345 1928 3398 καὶ

339 3445 402 3498 τὸ
427 3426 634 3499 τούτων
666 3443 838 3497 αἴτιον
867 3441 999 3506 Θεὸς
1029 3436 1097 3512 ἦν
1126 3441 1334 3512 μέλλων
1371 3441 1464 3494 ἐπὶ
1492 3441 1594 3512 γῆς
1621 3426 1927 3509 ξραίνεσθαι,

340 3537 435 3595 καὶ
451 3535 709 3605 ὀνομαστὶ
724 3534 959 3605 Χριστὸς
977 3529 1045 3604 ἦν
1063 3532 1509 3604 ἐπιϐλεπόμενοςο
1532 3531 1750 3602 ἐλέγετο
1766 3530 1895 3600 γοῦν
1912 3548 1924 3561 ·

354 3625 714 3696 Ὀφθήσεται
741 3627 774 3679 ὁ
797 3625 940 3690 Θεὸς
962 3624 1081 3678 τῶν
1119 3622 1272 3678 θεῶν
1297 3624 1368 3678 ἐν
1398 3623 1550 3677 Σιών
1567 3640 1580 3654 ι
1610 3625 1703 3676 καὶ
1729 3623 1888 3680 πάλιν
1910 3639 1924 3652 ο

355 3720 686 3788 Ἐπίφανον
723 3718 824 3770 ἐπὶ
868 3715 934 3770 τὸ
978 3716 1303 3783 πρόσωπον
1332 3716 1438 3770 τοῦ
1479 3715 1739 3785 Χριστοῦ
1775 3730 1922 3768 σουε

344 3811 569 3873 εἰκότως
600 3811 658 3862 ἐν
691 3807 768 3880 τῷ
808 3807 1156 3879 προκειμένῳ
1181 3806 1384 3877 ψαλμῷ
1412 3805 1483 3859 τὰ
1519 3805 1781 3877 μέλλοντα
1809 3804 1928 3858 ἐσε-

346 3904 471 3958 σθαι
498 3901 618 3956 καθ’
648 3902 776 3972 ὅλης
803 3900 904 3971 τῆς
938 3899 1048 3954 τῶν
1078 3897 1382 3971 ἀνθρώπων
1403 3897 1730 3969 οἰκουμένης
1760 3912 1929 3968 προαε

344 3997 690 4066 ναφωνείται.
728 3995 795 4046 Ἃ
823 3992 886 4064 δὴ
923 3992 1018 4045 καὶ
1048 3991 1405 4062 πεπλήρωται
1436 3989 1528 4047 ἐπὶ
1565 3990 1662 4061 τῆς
1688 3987 1782 4042 τοῦ
1810 3989 1927 4040 Σωσρ

343 4087 412 4158 τῆ
421 4104 512 4157 ρος
540 4086 700 4158 ἡμῶν
727 4083 1052 4156 παρουσίας,
1075 4083 1195 4136 καθ’
1216 4081 1283 4152 ἢν
1310 4081 1600 4153 εὐδόκησεν
1624 4083 1653 4134 ὁ
1672 4079 1806 4144 Θεὸς
1830 4095 1931 4133 καρ

342 4177 620 4243 ταξιώσας
656 4177 825 4247 αὐτὴν
867 4177 964 4247 τῆς
1001 4175 1309 4239 ἐπιϐάσεως
1347 4172 1442 4227 τοῦ
1469 4172 1706 4246 Χριστοῦ
1741 4170 1929 4230 αὐτοῦ.

346 4268 524 4321 Πάλαι
555 4268 651 4338 μὲν
677 4266 784 4338 γὰρ
811 4265 996 4337 εἴρητο
1022 4262 1100 4334 τῷ
1134 4261 1570 4334 πρωτοπλᾴστῳ·
1608 4259 1698 4326 Γῆ
1725 4258 1799 4322 εἷ,
1831 4256 1931 4311 καὶ

345 4362 432 4425 εὶς
452 4357 567 4430 γῆν
586 4358 916 4428 ἁπελεύσῃ,
940 4357 1054 4420 καὶ,
1084 4352 1551 4420 Ἐπικατάρατος
1564 4351 1602 4418 ἡ
1627 4350 1701 4422 γῆ
1719 4350 1789 4403 ἐν
1808 4347 1934 4414 τοῖς

347 4450 542 4519 ἔργοις
567 4463 683 4502 σου
704 4463 718 4478 ⁸
777 4449 871 4500 καὶ
897 4445 1054 4509 ἄλλος
1087 4441 1382 4516 προφητῶν
1416 4440 1600 4508 ἔλεγεν
1621 4455 1634 4468 ·
1677 4438 1807 4506 Ἀρὰ
1834 4434 1935 4493 καί

346 4541 535 4609 φόνος
574 4537 672 4590 καὶ
701 4534 962 4606 ψεῦδος,
993 4533 1091 4587 καὶ
1123 4530 1324 4599 κλοπὴ
1352 4529 1450 4584 καὶ
1483 4527 1725 4597 μοιχεία
1753 4525 1932 4595 κέχυ-

347 4647 442 4687 ται
470 4627 570 4683 ἐπὶ
600 4625 711 4696 τῆς
743 4625 888 4696 τῆς·
942 4623 1041 4682 καὶ
1077 4623 1296 4691 αἵματα
1320 4621 1412 4690 ἐφ’
1443 4619 1656 4688 αἵμασι
1679 4617 1935 4687 μίσγου-

348 4737 452 4774 σιν
472 4737 486 4749 ·
533 4719 618 4783 Ὠς
645 4717 700 4771 δὲ
729 4717 989 4788 ἐπεδήμει
1019 4717 1086 4786 τῇ
1113 4717 1184 4786 γῇ
1218 4714 1246 4766 ὁ
1273 4713 1400 4776 Υἱὸς
1423 4711 1515 4764 τοῦ
1545 4709 1711 4776 Θεοῦ,
1748 4710 1844 4763 καὶ
1873 4709 1937 4763 τὸ

347 4811 456 4867 ἀπὸ
487 4809 591 4890 γῆς
619 4809 778 4880 σῶμα
803 4807 1143 4878 ἀνελάμϐανε
1164 4823 1177 4836 ’
1218 4803 1490 4877 μεταϐολὴ
1520 4803 1804 4876 προτέρων
1833 4801 1940 4870 ἐγί-

349 4922 507 4976 γνετο
529 4902 714 4958 κακῶν
734 4943 748 4968 ,
773 4903 868 4956 καὶ
895 4901 956 4954 τὸ
986 4901 1094 4964 πᾶν
1126 4898 1226 4969 τῆς
1253 4899 1354 4970 γῆς
1378 4900 1641 4967 στοιχεῖον
1681 4894 1802 4949 ἀντὶ
1839 4893 1938 4964 τῆς

349 4996 620 5070 προτέρας
649 4995 788 5068 ἀρᾶς
816 4991 1067 5061 εὐλογίας
1099 4990 1234 5044 Θεοῦ
1269 4987 1706 5072 μετελάμϐανεν,
1742 4983 1941 5054 ἐκκλης

352 5088 467 5144 σίαι
506 5103 566 5140 τε
606 5086 703 5139 καὶ
743 5079 879 5138 οἴκοι
925 5082 1004 5153 τῷ
1037 5080 1156 5151 Θεῷ
1189 5080 1610 5152 προσευκτήριοι
1655 5074 1777 5134 καθ’
1809 5074 1937 5148 ὅλης

349 5177 451 5248 τῆς
475 5176 798 5248 οἰκουμένης
838 5174 1172 5238 συνίσταντο.
1240 5173 1333 5226 Διὸ
1368 5171 1464 5226 νῦν
1515 5171 1613 5242 μὲν
1652 5168 1933 5222 λέλεκται’

351 5269 709 5337 Εὐδόκησας
729 5309 744 5334 ,
770 5269 948 5336 Κύριε
971 5307 987 5332 ,
1033 5265 1147 5334 τὴν
1179 5264 1299 5335 γῆν
1325 5279 1443 5319 σου
1466 5281 1480 5294 ο
1522 5266 1578 5318 ἐν
1612 5261 1827 5334 ἑτέροις
1857 5259 1935 5325 δὲ,

353 5363 568 5431 Κύριος
593 5359 1020 5421 ἐϐασίλευσεν,
1053 5356 1486 5427 ἁταλλιάσεται
1511 5356 1550 5424 ἠ
1576 5353 1652 5424 γῆ
1667 5393 1682 5418 ,
1716 5355 1812 5407 καὶ
1836 5352 1939 5406 πάξ

353 5455 436 5510 λιν
455 5470 468 5484 ⁸
498 5456 720 5525 ’ᾼσατε
741 5449 822 5518 τῷ
847 5449 1044 5519 Κυρίῳ
1069 5447 1238 5504 πᾶσα
1259 5450 1298 5518 ἠ
1325 5447 1418 5521 γῆ.
1457 5447 1695 5516 Εἰκότως
1718 5441 1812 5500 οῦν
1843 5443 1939 5508 καὶ

355 5546 520 5603 αὑτοῦ
552 5546 800 5602 λέλεκται
831 5541 925 5598 τοῦ
955 5541 1160 5614 Κυρίου
1187 5543 1220 5613 ἡ
1250 5543 1354 5613 γῆ,
1380 5539 1524 5594 κατὰ
1549 5539 1608 5593 τὸ
1629 5579 1644 5603 ,
1669 5536 1940 5604 Εὺδόκη-

357 5656 494 5706 σας,
511 5639 708 5707 Κύριε,
724 5637 840 5706 τὴν
856 5635 975 5706 γῆν
989 5649 1125 5690 σου.
1147 5635 1222 5688 Οὐ
1247 5633 1406 5704 μόνον
1425 5630 1532 5700 γὰρ
1550 5629 1753 5698 κτίσμα
1772 5625 1938 5681 αὐτοῦ

359 5731 453 5785 καὶ
473 5730 704 5802 ποίημα,
729 5729 866 5784 ἀλλά
886 5727 980 5782 καὶ
1005 5726 1191 5798 κτῆμα
1213 5724 1406 5796 γέγονε
1423 5723 1512 5778 διὰ
1527 5722 1595 5776 τὰ
1616 5721 1935 5792 λελεγμένα.

1954 3681 2000 3742 C

2099 2506 2270 2565 Vrsas.
2302 2509 2357 2566 2.
2392 2509 2743 2572 Benedia'isti,
2771 2507 3016 2571 Domine,
3041 2516 3236 2560 terram
3261 2512 3429 2564 tuam,
3463 2514 3612 2552 aver-

2031 2602 2144 2654 tisti
2176 2603 2535 2670 captivitatem
2589 2599 2779 2655 Iacob.
2843 2599 3137 2668 Postquam
3178 2595 3234 2650 in
3284 2590 3612 2664 praecedenti

2031 2692 2246 2762 psalmo
2279 2690 2376 2746 Dei
2410 2690 2678 2746 adventus
2708 2689 3112 2759 praenuntiatus
3159 2684 3370 2745 fuerat,
3415 2694 3612 2735 conse-

2031 2793 2266 2854 quenter
2290 2783 2346 2837 in
2389 2783 2495 2838 hoc
2521 2783 2732 2852 ereptio
2768 2797 2797 2834 a
2830 2780 3008 2843 malis,
3037 2791 3253 2832 necnon
3276 2771 3613 2844 captivitatis

2030 2874 2415 2941 solutiomenia
2430 2891 2647 2946 quoque
2663 2883 2718 2930 et
2738 2873 2989 2929 remissio
3007 2877 3355 2943 peccatorum
3373 2863 3618 2935 praedici-

2029 2975 2140 3022 tur.
2170 2965 2298 3022 Haec
2320 2967 2521 3037 quippe
2541 2966 2727 3021 omnia
2753 2964 2844 3019 Dei
2861 2965 2928 3018 ad
2949 2961 3198 3018 homines
3230 2958 3525 3013 adventum
3559 2960 3614 3009 et

2030 3057 2310 3127 reliquain
2329 3056 2596 3126 superiori
2625 3056 2838 3126 psalmo
2867 3053 3150 3108 enuntiata
3202 3045 3616 3118 subsequeban-

2031 3155 2142 3201 tur.
2167 3145 2303 3213 Quia
2328 3145 2475 3200 enim
2500 3146 2555 3198 in
2577 3144 2669 3199 illo
2693 3144 2863 3198 multa
2889 3143 2986 3198 Dei
3009 3136 3529 3203 tabernacula,atria
3560 3144 3616 3190 et

2031 3237 2224 3292 altaria
2242 3237 2298 3290 in
2329 3245 2477 3290 terra
2503 3234 2889 3290 constituenda
2911 3247 3034 3288 esse
3053 3229 3374 3302 praedictum
3403 3227 3615 3293 fuerat;

2032 3327 2337 3398 horumque
2368 3333 2565 3380 auctor
2601 3324 2745 3380 Deus
2773 3331 2892 3380 erat
2915 3322 2982 3378 ad
3031 3323 3282 3377 homines
3309 3327 3573 3374 venturus
3599 3357 3614 3381 ,

2033 3436 2098 3476 ac
2127 3421 2455 3481 nominatim
2477 3418 2734 3474 Christus
2757 3417 2849 3472 hic
2881 3415 3333 3486 conspiciendus,
3363 3411 3508 3466 unde
3533 3411 3617 3464 diq

2032 3515 2285 3580 cebatur,
2309 3512 2583 3568 Videbitur
2606 3511 2744 3566 Deus
2767 3511 2986 3566 deorum
3013 3510 3067 3562 in
3097 3507 3227 3562 Sion
3249 3521 3268 3573 ;
3303 3520 3368 3559 ac
3395 3519 3614 3569 rursus,

2033 3607 2244 3676 Appare
2305 3604 2373 3660 ad
2419 3605 2609 3674 faciem
2661 3602 2864 3660 Christi
2918 3600 2992 3654 tui
3025 3615 3042 3654 :
3071 3599 3196 3670 jure
3243 3596 3298 3651 iu
3363 3593 3617 3665 praesenti

2029 3697 2242 3766 psalmo
2273 3710 2394 3766 quae
2417 3710 2514 3765 per
2545 3702 2718 3751 totum
2762 3693 2951 3748 orbem
2988 3689 3171 3744 futura
3206 3695 3336 3742 sunt
3362 3699 3619 3757 praenun-

2030 3791 2258 3851 tiantur.
2319 3785 2450 3851 Quae
2503 3800 2637 3842 sane
2689 3785 2747 3838 in
2804 3784 3042 3838 adventu
3081 3780 3392 3836 Servatoris
3441 3775 3619 3834 nostri

2029 3879 2299 3948 completa
2328 3883 2458 3931 sunt
2492 3893 2504 3930 :
2543 3889 2654 3945 quo
2683 3874 2945 3943 placitqu
2965 3873 3074 3928 Deo
3108 3871 3209 3925 fuit
3237 3883 3438 3926 terram
3455 3866 3619 3921 Chri—

2030 3971 2101 4026 sti
2133 3969 2216 4024 sui
2257 3967 2406 4022 aditu
2437 3964 2675 4037 dignari.
2723 3962 3004 4032 Siquidem
3039 3963 3168 4018 olim
3199 3961 3374 4030 primo
3406 3954 3620 4028 parenti

2031 4064 2238 4120 dictum
2273 4059 2488 4115 fuerat:
2525 4057 2693 4114 Terra
2719 4072 2797 4122 es,
2829 4064 2878 4108 et
2912 4055 2970 4106 in
3011 4063 3209 4107 terram
3239 4052 3512 4109 reverteris
3541 4051 3618 4118 “;

2030 4164 2104 4219 et,
2138 4149 2431 4206 Maledicta
2482 4157 2625 4206 terra
2676 4148 2732 4200 in
2783 4143 3026 4215 operibus
3077 4143 3181 4196 tuis
3229 4142 3306 4207 ";
3367 4139 3620 4213 aliusque

2033 4245 2299 4326 propheta
2325 4241 2461 4296 dicit
2493 4260 2506 4295 :
2541 4237 2892 4294 Maledictum
2919 4244 2970 4290 et
2999 4234 3167 4288 cwdes
3206 4242 3255 4287 et
3283 4231 3617 4288 mendacium

2032 4349 2080 4398 et
2109 4338 2312 4408 furtum
2347 4343 2396 4389 et
2419 4332 2744 4390 adulterium
2764 4330 2935 4398 e/fusa
2961 4337 3085 4382 sunt
3113 4341 3270 4396 super
3296 4336 3494 4380 terram
3516 4341 3534 4378 :
3567 4335 3615 4378 et

2034 4431 2345 4503 sanguinem
2399 4426 2655 4498 sanguine
2709 4425 2926 4486 miscent
2955 4420 3040 4474 l":
3079 4419 3172 4475 ubi
3216 4427 3399 4474 autem
3443 4414 3622 4475 Filius

2035 4519 2132 4576 Dei
2166 4518 2548 4591 peregrinatus
2581 4522 2666 4572 est
2715 4514 2772 4569 in
2798 4520 2980 4575 terra,
3005 4519 3393 4579 terrenumque
3419 4523 3627 4578 corpus.

2038 4614 2356 4684 assumpsit,
2389 4612 2634 4680 priorum
2671 4607 2940 4666 malorum
2983 4603 3292 4661 immutatio
3322 4600 3466 4656 facta
3495 4607 3617 4664 est,

2037 4713 2324 4776 totumque
2351 4712 2511 4758 terrae
2545 4700 2877 4756 elementum
2899 4736 2916 4760 ,
2965 4697 3084 4750 loco
3113 4693 3360 4765 pristinae
3391 4691 3621 4746 maledi~

2038 4799 2262 4863 ctionis,
2288 4794 2731 4853 benedictionem
2767 4789 3022 4847 sortitum
3044 4796 3150 4854 est,
3183 4801 3249 4844 ac
3287 4785 3538 4842 ecclesiae
3568 4793 3623 4839 et

2040 4892 2281 4952 oratoria
2305 4890 2416 4944 Deo
2445 4904 2542 4965 per
2557 4894 2732 4942 totum
2755 4886 2942 4941 orbem
2959 4881 3257 4936 constituta
3276 4887 3424 4942 sunt.
3444 4877 3627 4945 Quare

2036 4986 2150 5056 jam
2184 4985 2407 5048 dicitur,
2429 4981 2760 5046 Benediaisti
2781 5019 2797 5044 ,
2844 4977 3088 5040 Domine,
3120 4984 3318 5030 terram
3347 4980 3495 5024 tuam
3539 4967 3626 5033 ⁸¹⁵;

2044 5081 2100 5135 in
2130 5078 2252 5134 aliis
2281 5091 2436 5142 vero,
2465 5075 2745 5138 Dominus,
2769 5070 3025 5142 regnauit,
3051 5064 3342 5124 exsultabit
3372 5073 3516 5116 terra
3543 5059 3625 5126 δδς

2047 5185 2111 5225 ac
2137 5184 2382 5233 rursum,
2412 5165 2639 5222 Cantate
2668 5163 2916 5226 Domino,
2941 5160 3113 5212 omnis
3145 5165 3290 5209 terra
3309 5153 3376 5206 “.
3434 5148 3630 5205 Merito

2045 5261 2232 5331 itaque
2259 5259 2432 5330 ipsius
2456 5254 2675 5313 Domini
2702 5268 2827 5309 esse
2870 5261 3017 5306 terra
3052 5247 3255 5303 dicitur
3283 5245 3389 5298 hoc
3419 5239 3584 5296 modo
3611 5259 3624 5301 ξ

2046 5354 2400 5418 Benedixisti,
2429 5351 2676 5415 Domine,
2711 5356 2909 5408 terram
2935 5354 3105 5398 tuam.
3133 5341 3252 5396 Non
3287 5339 3434 5394 enim
3471 5333 3631 5406 opiﬁa

2045 5449 2192 5504 cium
2213 5447 2501 5512 duntaxat,
2521 5443 2618 5500 sed
2639 5441 2806 5497 etiam
2832 5437 3112 5511 possessio
3135 5435 3257 5506 ejus
3278 5433 3425 5488 facta
3450 5439 3537 5485 est
3557 5426 3631 5487 oh

2046 5541 2242 5596 allatas
2271 5539 2525 5610 superius
2547 5550 2767 5591 causas.

467 5883 522 5960 “q
551 5882 682 5940 Gen.
717 5898 810 5952 ιιι,
845 5883 932 5940 19.
1009 5883 1052 5917 υ
1093 5881 1227 5939 ibid.
1267 5880 1350 5936 17.
1429 5880 1474 5913 ⁸³
1512 5879 1640 5938 Ose.
1678 5894 1752 5950 iv,
1782 5878 1837 5936 ‘2.
1915 5874 1957 5911 ³³
1997 5872 2143 5939 Psal.
2175 5888 2408 5946 unum,
2442 5869 2500 5929 2.
2577 5869 2622 5904 ⁸⁸
2669 5864 3057 5937 Psal.xcv1,,'l.
3134 5862 3180 5898 “
3217 5858 3366 5922 Psal.
3402 5870 3527 5924 xcv.
3567 5854 3622 5926 1,
