4066 6454
429 439 569 497 1019

1145 439 1415 499 EUSEBII
1456 443 1936 502 cusmmusrs
1973 445 2125 503 OPP.
2167 445 2350 502 rans
2388 414 2968 502 ingenuorum.

3534 433 3679 492 i020

497 555 613 624 Qua
640 556 850 612 ratione
879 563 1058 612 autem
1087 557 1331 625 dicatur,
1366 561 1617 616 Λυσι-εἰειὶ
1645 564 1997 631 captivitatem

2172 561 2296 625 Πῶς
2334 561 2391 614 δὲ
2419 561 2630 632 εἴρηται
2659 559 2739 623 τὸ,
2785 557 3185 623 Ἀπέστρεψας
3221 551 3336 620 τὴν
3372 550 3678 618 αιχμαλω-

423 647 612 714 Jacob,
639 648 905 719 intelliges
930 664 996 704 ex
1026 650 1117 703 illa
1162 647 1471 708 Servatoris
1497 668 1665 720 voce,
1709 668 1817 723 qua
1854 653 1996 707 hanc

434 740 589 796 lsaize
622 741 964 811 prophetiam
987 780 1002 806 ,
1060 740 1291 811 Spiritus
1329 742 1543 797 Domini
1573 760 1728 812 super
1773 761 1887 806 me,
1937 761 1996 798 eo

421 831 561 903 quod
594 832 806 886 tinxerit
837 849 938 898 me,
977 834 1336 903 euangelizare
1369 834 1682 902 pauperibus
1703 835 1848 888 misit
1877 850 1956 887 me
1981 873 1996 898 ,

421 924 714 992 prwdicare
749 924 968 992 captivis
997 924 1378 988 dimissionem,
1413 935 1462 979 et
1493 927 1643 981 circis
1678 927 1818 980 visus
1847 927 2001 980 resti-

425 1015 679 1070 tutionem
708 1014 774 1079 ⁸⁷,
797 1029 920 1069 cum
951 1014 1196 1084 legisset,
1226 1015 1455 1080 addidit,
1494 1015 1666 1070 Hodie
1689 1016 1903 1084 impleta
1923 1023 2001 1069 est

423 1104 534 1158 haec
566 1103 837 1173 prophetia
862 1105 916 1157 in
937 1103 1154 1158 auribus
1173 1106 1358 1158 vestris
1382 1105 1448 1173 ⁸⁸,
1478 1105 1533 1159 in
1577 1121 1638 1164 se
1669 1105 2000 1175 completum

423 1194 707 1248 oraculum
739 1193 1073 1265 signiﬁcans.
1107 1193 1247 1261 Quia
1277 1196 1490 1252 scilicet
1516 1197 1636 1268 ipse
1665 1195 1925 1255 Servator
1946 1201 2001 1251 et

423 1284 736 1356 redemptor
756 1287 1063 1344 animarum
1093 1287 1376 1345 hominum
1425 1296 1607 1355 esset,
1636 1305 1776 1359 quas
1802 1304 1833 1343 a
1863 1288 2000 1344 dura

422 1376 805 1446 multiplicium
849 1379 1137 1434 numinum
1166 1381 1372 1436 erroris
1415 1388 1470 1436 et
1498 1382 1805 1438 daemonum
1837 1395 2002 1436 vexa-

422 1469 492 1524 tic
505 1467 590 1524 nis
613 1470 894 1536 servitute,
917 1471 1112 1527 solutis
1133 1479 1481 1544 peccatorum
1514 1472 1771 1538 vinculis,
1804 1473 2001 1528 libera-

423 1559 537 1616 bat.
566 1559 722 1632 Quod
749 1564 914 1618 etiam
953 1563 1009 1618 in
1048 1565 1302 1634 praesenti
1329 1565 1540 1634 psalmo
1583 1563 1874 1618 denotatur
1915 1563 2000 1619 his

421 1651 607 1706 verbis
633 1671 645 1703 .-
683 1683 753 1692 —
776 1651 943 1709 Vens.
973 1654 1027 1710 5.
1067 1654 1340 1708 Remisisti
1365 1654 1670 1724 iniquitates
1690 1652 1828 1721 plebi
1860 1662 1963 1707 tua:
1982 1691 1998 1718 ,

423 1744 674 1810 aperuisti
722 1746 902 1799 omnia
944 1754 1157 1814 peccata
1204 1761 1406 1800 eorum.
1458 1743 1781 1814 Iniquitates
1817 1751 2001 1800 autem

422 1834 684 1888 remissas
735 1840 791 1888 et
840 1843 1062 1906 opertas
1105 1833 1248 1889 alius
1294 1835 1422 1890 item
1479 1849 1660 1890 sermo
1703 1834 1996 1889 meminit:

2101 654 2245 708 σίαν
2286 653 2500 717 Ἰακὼϐ,
2523 652 2736 722 νοήσεις
2769 651 2833 702 ὲκ
2864 649 2961 718 τῆς
2987 645 3254 716 σωτηρίου
3288 642 3490 713 φωνῆς,
3515 643 3580 694 δι’
3609 635 3680 712 ἧς

2099 743 2196 812 τὴν
2228 743 2476 812 φήσασαν
2507 739 2601 792 τοῦ
2643 739 2863 793 Ἡσαΐου
2892 734 3259 809 προφητείαν,
3289 731 3532 799 Πνεῦμα
3561 733 3682 782 Κυ-

2092 834 2230 900 ρίου
2253 832 2345 886 ὲπ’
2363 829 2489 899 ἐμὲ,
2503 825 2573 885 οὗ
2596 829 2804 883 ἕνεκεν
2823 828 3026 896 ἔχρισέ
3053 843 3152 895 με,
3174 822 3683 891 εὐαγγελίσασθαι

2101 922 2358 993 πτωχοῖς
2415 919 2764 977 ἀπέσταλκε
2804 936 2881 987 με
2904 958 2919 984 ,
2970 916 3222 985 κηρῦξαι
3281 913 3682 983 αἰχμαλώτοις

2099 1015 2322 1083 ἄφεσιν
2346 1014 2444 1068 καὶ
2466 1012 2717 1082 τυφλοῖς
2736 1010 3090 1078 ἀνάϐλεψιν,
3110 1008 3372 1076 ἀναγνοὺς
3395 1006 3646 1076 ἐπήγαγε
3664 1045 3681 1070 ,

2101 1105 2374 1174 Σήμερον
2401 1103 2784 1172 πεπλήρωται
2821 1104 2859 1170 ἠ
2897 1099 3229 1170 προφητεία
3263 1097 3412 1164 αὕτη
3461 1096 3531 1148 ἐν
3554 1094 3683 1160 τοῖς

2099 1195 2251 1251 ὠσὶν
2276 1194 2463 1266 ὑμῶν,
2497 1195 2764 1249 διδάσκων
2796 1195 2876 1255 εἰς
2902 1191 3094 1246 ἑαυτὸν
3124 1188 3464 1261 πληροῦσθαι
3490 1187 3552 1240 τὸ
3592 1187 3685 1239 λό-

2100 1304 2238 1358 γιον.
2267 1287 2387 1340 ’Ότι
2432 1287 2497 1358 δὴ
2536 1285 2696 1349 αὐτὸς
2727 1280 2794 1355 ἦν
2837 1285 2876 1336 ὁ.
2903 1282 3101 1352 Σωτὴρ.
3130 1281 3223 1334 καὶ
3255 1278 3532 1350 λυτρωτὴς
3573 1277 3677 1330 τῶν

2102 1377 2458 1450 ἀνθρωπίνων
2490 1375 2700 1447 ψυχῶν,
2729 1373 2793 1438 ἃς
2825 1373 2931 1427 ἀπὸ
2955 1371 3053 1442 τῆς
3090 1372 3289 1442 πικρᾶς
3313 1369 3558 1432 δουλείας
3577 1367 3674 1436 τῆς

2101 1469 2361 1524 πολυθέου
2389 1467 2596 1538 πλάνης
2625 1467 2718 1522 καὶ
2749 1465 2848 1536 τῆς
2877 1463 3194 1534 δαιμονικῆς
3221 1460 3500 1533 ἐνεργείας
3521 1457 3680 1528 ἠλευ-

2103 1558 2286 1632 θέρου,
2317 1559 2484 1623 λύσας
2507 1557 2685 1612 αὐτῶν
2717 1558 2816 1620 τὰς
2848 1556 3034 1628 σειρὰς
3055 1555 3164 1608 τῶν
3196 1551 3501 1626 ἁμαρτιῶν.
3522 1555 3589 1604 ’0
3613 1551 3682 1622 δὴ

2101 1652 2197 1707 καὶ
2234 1651 2366 1706 αὐτὸ
2418 1651 2746 1721 παρίσταται
2781 1649 2869 1702 διὰ
2913 1647 3009 1702 τοῦ
3050 1647 3412 1720 προκειμένου
3463 1641 3682 1714 ψαλμοῦ

2103 1743 2435 1814 φάσκοντος·
2481 1740 2740 1810 Ἀφῆκας
2794 1740 2899 1807 τὰς
2945 1739 3198 1809 ἀνομίας
3249 1735 3328 1802 τῷ
3354 1734 3481 1801 λαῷ
3524 1751 3681 1798 σου,

2106 1833 2425 1902 ὲκάλυψας
2453 1831 2656 1898 πάσας
2698 1831 2806 1898 τὰς
2835 1831 3127 1901 ἁμαρτίας
3168 1828 3386 1884 αὐτῶν.
3424 1826 3684 1896 Ἀνομίας

421 1917 576 1971 Beati
595 1936 819 1988 quarunt
858 1922 1094 1976 remissw
1124 1932 1248 1977 sunt
1299 1923 1602 1994 iniquitates
1627 1963 1642 1988 ,
1690 1931 1740 1978 et
1775 1939 1997 1994 quorum

2100 1924 2155 1978 δὲ
2188 1923 2490 1995 άφιεμένας
2512 1924 2606 1978 καὶ
2648 1922 3063 1993 καλυπτομένας
3097 1917 3206 1975 οἶδε
3240 1921 3335 1974 καὶ
3366 1917 3598 1988 ἀλλαχοῦ
3652 1918 3685 1970 ὁ

423 2015 557 2060 tecta
595 2021 718 2062 sunt
745 2020 962 2078 peccata
1006 2011 1070 2066 δ’.
1101 2009 1198 2066 His
1229 2027 1391 2085 porro
1424 2011 1664 2083 Spiritus
1705 2012 1999 2086 signiﬁcat,

418 2099 777 2168 pristinorum
832 2114 1183 2172 peccatorum
1231 2103 1612 2160 remissionem
1658 2103 1756 2172 iisi,
1797 2105 1889 2174 qui
1935 2120 2002 2162 ex

419 2191 690 2256 Spirituali
734 2195 1040 2248 animarum
1072 2195 1387 2265 captivitate
1441 2197 1709 2266 redempti
1761 2205 1931 2264 sunt,
1971 2212 2001 2251 a

420 2281 711 2338 Servatore
732 2299 1086 2342 concessam:
1121 2287 1357 2356 quibus,
1392 2287 1437 2341 si
1469 2296 1592 2358 post
1620 2289 2000 2344 remissionem

418 2372 617 2427 iterum
640 2378 1009 2444 peccaverint,
1053 2393 1163 2433 non
1195 2379 1439 2435 secundo
1480 2388 1703 2450 peccata
1742 2382 1998 2448 remittit,

420 2466 514 2520 sed
544 2467 739 2536 operit.
785 2465 919 2523 Nam
970 2470 1038 2525 ab
1077 2470 1172 2524 illo
1217 2486 1540 2526 concessum
1584 2480 1704 2538 est,
1746 2483 1809 2528 ut
1841 2474 2000 2530 bonis

418 2554 676 2624 cperibus
715 2557 958 2613 secundo
995 2559 1162 2629 gestis
1205 2560 1436 2631 pristina
1464 2560 1664 2616 delicta
1703 2573 2000 2634 contegan-

419 2653 529 2701 tur.
549 2645 674 2701 Haac
697 2663 825 2704 vero
845 2650 1026 2705 omnia
1047 2651 1166 2706 orbi
1192 2661 1374 2718 terrae,
1391 2653 1647 2709 videlicet
1669 2655 1818 2710 illam
1846 2658 2000 2711 inco-

417 2738 758 2804 colentibus,
792 2756 889 2811 per
931 2741 1231 2800 Salvatoris
1280 2744 1574 2801 adventrum
1614 2746 1998 2802 universorum

414 2826 561 2884 Deus
589 2831 848 2904 elargitus
869 2842 974 2899 est,
993 2835 1180 2889 sedata
1210 2837 1290 2890 ira
1309 2853 1373 2893 ac
1391 2838 1636 2908 mitigato
1665 2837 1870 2906 furore,
1893 2855 2001 2910 quo

415 2920 635 2990 quidem
667 2931 828 2978 antea
855 2926 1141 2996 terrigena;
1179 2928 1257 2982 illi
1288 2927 1437 2998 digni
1479 2937 1657 2993 erant,
1690 2931 1762 2986 ob
1799 2932 1998 3002 impie-

413 3013 548 3069 tatis
583 3018 1024 3084 exsuperantiam
1071 3019 1277 3075 inimici
1323 3020 1444 3090 ejus
1478 3021 1693 3088 etl‘ecti;
1748 3033 1804 3078 at
1853 3023 1999 3080 Deus

414 3103 535 3174 ipse
563 3115 701 3171 erat,
725 3109 816 3176 qui
854 3109 907 3162 in
931 3108 1154 3166 Christo
1201 3111 1309 3167 sibi
1355 3113 1623 3168 mundum
1674 3117 2000 3171 reconcilia-

414 3195 531 3258 bat,
555 3213 735 3268 neque
762 3200 896 3270 ipsis
925 3202 1158 3270 pristina
1190 3213 1415 3273 peccata
1446 3205 1771 3274 imputabat.
1794 3207 1999 3272 Quam-

2103 2015 2328 2085 φάσκων
2359 2015 2516 2084 λόγος
2534 2031 2547 2044 ⁸
2580 2013 2869 2083 Μακάριοι
2891 2007 2977 2069 ὧν
3001 2013 3314 2084 ἀφέθησαν
3339 2014 3398 2065 al
3419 2010 3684 2078 ἀνομίαι,

2102 2102 2306 2161 καίὧν
2330 2107 2763 2176 ἐκαλύςοθησαν
2791 2110 2849 2161 al
2874 2107 3148 2176 ἁμαρτίαι
3167 2123 3181 2136 ο
3211 2104 3474 2176 Σημαίνει
3505 2102 3561 2155 δὲ
3592 2101 3685 2154 διὰ

2101 2199 2306 2252 τούτων
2349 2199 2411 2252 τὸ
2455 2198 2680 2270 Πνεῦμα
2723 2199 2822 2271 τὴν
2865 2199 2970 2252 ὑπὸ
3000 2196 3095 2250 τοῦ
3146 2197 3400 2267 Σωτῆρος
3444 2194 3687 2264 δεδωρη-

2105 2291 2273 2361 μένην
2306 2291 2494 2359 ἄφεσιν
2528 2291 2634 2344 τῶν
2661 2291 2941 2362 προτέρων
2981 2289 3391 2362 ἁμαρτημάτων
3430 2289 3541 2349 τοῖς
3570 2285 3686 2338 άπὸ

2100 2383 2200 2453 τῆς
2233 2382 2430 2452 νοητῆς
2451 2385 2560 2436 τῶν
2589 2381 2778 2453 ψυχῶν
2811 2381 3187 2454 αἰχμαλωσίας
3213 2379 3641 2451 λελυτρωμένοις
3661 2395 3680 2409 ·

2101 2471 2203 2540 οἷς,
2233 2479 2281 2529 εί
2313 2476 2450 2547 μετὰ
2473 2477 2572 2547 τὴν
2598 2476 2793 2544 ἄφεσιν
2816 2477 2976 2530 πάλιν
3008 2477 3324 2548 ἁμάρτοιεν,
3349 2474 3532 2527 οὐκέτι
3561 2471 3684 2525 δευο

2100 2568 2266 2639 τέραν
2288 2567 2498 2637 ἄφεσιν,
2525 2568 2637 2622 ἀλλ’
2658 2568 2983 2637 ἐπικάλυψιν
3011 2566 3292 2640 ἁμαρτιῶν
3318 2566 3564 2638 παρέχει.
3582 2564 3682 2617 Διὰ

2101 2659 2212 2731 γὰρ
2257 2661 2526 2731 δευτέρων
2585 2660 3026 2732 κατορθωμάτων
3091 2659 3386 2713 καλύπτειν
3432 2657 3502 2710 τὰ
3546 2674 3682 2729 προ-

2099 2752 2468 2825 ημαρτημένα
2516 2750 2885 2823 συνεχώρησε.
2933 2751 3117 2806 Ταῦτα
3155 2751 3214 2804 δὲ
3260 2751 3440 2803 πάντα
3475 2752 3539 2819 τῇ
3571 2748 3681 2800 τῶν

2099 2844 2405 2916 ἀνθρώπων
2436 2847 2530 2916 γῇ,
2573 2846 2666 2899 καὶ
2697 2845 2897 2916 δηλαδὴ
2936 2846 3050 2906 τοῖς
3087 2842 3436 2896 κατοικοῦσιν
3485 2839 3676 2909 αὐτὴν,

2098 2935 2187 2990 διὰ
2219 2935 2319 3005 τῆς
2361 2934 2456 2988 τοῦ
2503 2936 2756 3008 Σωτῆρος
2800 2933 3095 3006 ἐπιδημίας
3137 2935 3167 2986 ὁ
3209 2931 3320 2986 τῶν
3363 2930 3502 2984 ὅλων
3548 2928 3680 2992 Θεὸς

2100 3025 2438 3099 ἐδωρήσατο,
2484 3025 2846 3089 καταπαύσας
2879 3025 2978 3095 τὴν
3014 3023 3183 3095 ὀργὴν
3227 3023 3323 3077 καὶ
3363 3021 3456 3074 τὸν
3487 3019 3676 3090 θυμὸν,

2097 3113 2172 3172 ὢν
2197 3118 2336 3183 ἄξιοι
2361 3119 2423 3172 τὸ
2458 3118 2586 3191 πρὶν
2618 3118 2916 3187 ἐτύγχανον
2933 3117 2983 3170 οἱ
3005 3117 3102 3189 τὴν
3123 3115 3229 3186 γῆν
3255 3114 3550 3176 οἰκοῦντες,
3582 3112 3679 3166 ire

2098 3211 2162 3283 δὴ
2196 3211 2383 3283 ἐχθροὶ
2422 3212 2576 3275 ὄντες
2620 3211 2786 3264 αὐτοῦ
2815 3210 2903 3264 διὰ
2930 3210 3030 3274 τὰς
3065 3208 3172 3262 τῶν
3206 3207 3469 3262 ἀσεϐειῶν
3500 3203 3678 3259 αὐτῶν

417 3287 608 3342 obrem
639 3288 849 3345 dictum
875 3298 960 3347 est
989 3311 1002 3346 :
1037 3321 1109 3332 -—
1137 3291 1304 3349 Vsus.
1344 3294 1462 3351 4-7.
1499 3294 1765 3366 Mitigasti
1794 3314 1997 3351 omnem

2101 3301 2440 3374 ὑπερϐολάςσ
2474 3301 2612 3354 ἀλλὰ
2638 3301 2770 3364 Θεὸς
2801 3296 2868 3372 ἦν
2906 3301 2962 3352 ὲν
2993 3299 3216 3372 Χριστῷ
3244 3299 3447 3369 κόσμον
3472 3295 3673 3349 καταλ-

417 3379 558 3432 iram
587 3389 755 3443 tuam,
799 3384 1033 3437 avertisti
1072 3383 1138 3438 ab
1165 3386 1252 3439 ira
1286 3385 1664 3456 indignationis
1695 3397 1820 3444 tute.
1857 3389 1998 3444 Con-

417 3479 554 3525 verte
575 3489 690 3537 nos,
714 3473 858 3528 Deus
881 3475 1203 3529 salutarium
1234 3485 1555 3544 nostrorum,
1580 3488 1628 3533 et
1659 3489 1832 3533 averte
1857 3482 1998 3534 iram

417 3572 567 3617 tuam
592 3582 625 3618 ι
655 3565 825 3620 nobis.
855 3565 1114 3636 Nunquid
1159 3569 1215 3621 in
1247 3577 1500 3622 teternum
1529 3569 1777 3625 irasceris
1807 3572 1954 3627 nobis
1973 3576 1999 3628 Ζ)

419 3665 512 3708 aut
550 3657 794 3711 extendes
825 3658 962 3711 iram
994 3667 1141 3712 tuam
1178 3677 1210 3714 a
1246 3663 1584 3730 generatione
1607 3663 1660 3716 in
1701 3665 1997 3734 generatio-

416 3751 572 3802 nem?
614 3748 774 3811 Deus,
796 3758 852 3802 tu
871 3760 1173 3805 convertens
1195 3753 1483 3821 viviﬁcabis
1506 3771 1623 3822 nos,
1653 3766 1705 3809 et
1735 3756 1878 3825 plebs
1905 3768 1996 3812 tua

419 3839 689 3893 la’tabitur
735 3841 789 3893 in
845 3849 914 3898 te.
949 3840 1140 3897 Priora
1174 3845 1392 3914 quidem
1428 3845 1496 3900 de
1540 3845 1743 3904 futuris
1792 3850 1847 3902 in
1882 3856 1998 3904 toto

417 3930 552 3986 orbe
579 3933 1108 4001 prwnuntiabantur,
1131 3952 1252 4004 quae
1282 3938 1583 3994 secundum
1602 3941 1856 4010 superius
1882 3949 1995 3995 tra-

415 4021 587 4078 ditam
605 4024 1111 4094 interpretationem
1141 4027 1194 4080 in
1226 4027 1462 4084 adventu
1485 4028 1789 4085 Salvatoris
1818 4032 1996 4087 nostri

417 4113 485 4167 ad
522 4113 679 4169 ﬁnem
712 4115 947 4171 deducta
978 4125 1127 4173 sunt.
1165 4117 1290 4175 Haec
1320 4136 1451 4176 vero
1494 4137 1615 4192 qute
1665 4129 1992 4188 tractamus,

415 4205 715 4261 orationem
746 4209 1029 4264 continent
1068 4225 1168 4280 pro
1204 4211 1404 4282 populo
1436 4228 1504 4267 ex
1551 4214 1992 4270 circumcisione.

414 4294 554 4362 Quia
585 4296 732 4351 enim
763 4298 1027 4367 propheta
1057 4299 1244 4354 divino
1273 4301 1485 4358 amatus
1514 4300 1724 4373 Spiritu
1752 4301 1997 4360 Iudaicae

412 4387 591 4455 gentis
616 4401 748 4457 erga
785 4386 1067 4444 Christum
1116 4377 1952 4465 incredulitatem,prospiciebat
1977 4433 1994 4460 ,

412 4491 628 4531 necnon
652 4475 949 4532 vindictam
964 4477 1269 4534 facinorum
1285 4495 1454 4537 causa
1465 4464 1599 4552 ipsis
1615 4481 1991 4553 inﬂigendam;

392 4563 556 4627 hanc
610 4580 713 4635 pro
758 4566 896 4637 ipsis
948 4570 1255 4625 orationem
1311 4572 1513 4627 emittit
1551 4580 1992 4644 peropportune;

2103 3394 2316 3448 λάσσων
2345 3393 2554 3466 ἑαυτῷ,
2586 3395 2660 3466 μὴ
2691 3392 3036 3464 λογιζόμενος
3069 3393 3124 3445 δὲ
3165 3392 3350 3454 αὐτοῖς
3389 3389 3454 3443 τὰ
3491 3405 3678 3458 παρσ-

2103 3485 2393 3557 πτώματα.
2428 3486 2520 3540 Διὸ
2556 3486 2833 3540 λέλεκται·
2868 3489 3268 3551 Κατέπαυσας
3311 3481 3513 3538 πᾶσαν
3564 3481 3683 3546 τὴν

2104 3577 2289 3649 ὀργήν
2323 3593 2469 3644 σου,
2502 3579 2891 3648 ἀπέστρεψας
2927 3577 3044 3632 ἀπὸ
3093 3575 3276 3647 ὀργῆς
3321 3573 3510 3644 θυμοῦ
3542 3589 3676 3626 σου.

2117 3672 2516 3739 Ἐπίστρενψον
2543 3669 2722 3740 ἡμᾶς,
2748 3674 2780 3724 d
2812 3670 2958 3736 Θεὸς
2993 3668 3113 3722 τῶν
3146 3667 3456 3735 σωτηρίων
3490 3664 3678 3735 ἡμῶν,

2103 3761 2201 3814 καὶ
2223 3760 2610 3830 ἀποστρεψον
2636 3761 2741 3816 τὸν
2764 3762 2956 3830 θυμόν
2981 3774 3098 3814 σου
3119 3759 3218 3827 ἀφ’
3239 3755 3431 3827 ἡμῶν.
3471 3757 3569 3824 Μὴ
3599 3758 3682 3820 εἷς

2102 3849 2210 3903 τὸν
2271 3849 2460 3904 αἰῶνα
2510 3850 2845 3922 ὀργισθήσῃ
2888 3851 3075 3921 ήμῖν;
3114 3849 3152 3918 ἢ
3213 3848 3506 3914 διατενεῖς
3569 3846 3684 3914 τὴν

2104 3941 2291 4012 ὀργήν
2324 3956 2443 3997 σου
2479 3942 2597 3998 ἀπὸ
2645 3941 2858 4013 γενεᾶς
2886 3946 2973 4010 εἰς
3014 3941 3264 4013 γενεάν;
3300 3941 3354 3994 Ὁ
3401 3939 3566 4006 Θεὸς,
3601 3940 3686 3992 σὺ

2102 4034 2475 4104 ἐπιστρέψας
2521 4034 2770 4103 Carthaea;
2803 4035 2995 4106 ἡμᾶς,
3041 4037 3140 4090 καὶ
3181 4038 3216 4091 ὁ
3244 4035 3395 4100 λαός
3417 4047 3538 4087 σου
3583 4033 3683 4085 εὐ-

2103 4125 2508 4194 φρανθήσεται
2528 4128 2628 4182 ἐπὶ
2652 4129 2773 4183 σοί.
2790 4129 2872 4182 Τὰ
2900 4130 3000 4200 μὲν
3019 4129 3258 4202 πρότερα
3280 4126 3686 4201 προεφητεύετο

2103 4217 2232 4287 περὶ
2272 4217 2380 4272 τῶν
2413 4219 2792 4289 γενησομένων
2826 4219 2945 4274 καθ’
2974 4220 3102 4292 ὅλης
3136 4220 3235 4290 τῆς
3265 4219 3388 4288 γῆς,
3414 4217 3451 4272 ἃ
3485 4217 3549 4287 δὴ
3587 4216 3686 4270 καὶ

2101 4307 2289 4372 τέλους
2316 4308 2472 4381 ἔτυχε
2501 4309 2588 4363 διὰ
2620 4311 2720 4380 τῆς
2751 4311 3054 4382 παρουσίας
3091 4311 3185 4364 τοῦ
3232 4311 3483 4382 Σωτῆρος
3523 4306 3683 4379 ἡμῶν

2104 4398 2245 4453 κατὰ
2271 4401 2374 4472 τὴν
2407 4401 2764 4456 ἀποδοθεῖσαν
2793 4403 3088 4474 ἑρμηνείαν
3107 4419 3121 4434 ·
3153 4402 3222 4456 τὰ
3249 4403 3306 4455 δὲ
3343 4400 3683 4472 προκείμενα

2102 4491 2268 4563 εὐχὴν
2296 4492 2539 4564 περιέχει
2573 4493 2711 4563 ὑπὲρ
2733 4493 2828 4546 τοῦ
2863 4496 2926 4548 ὲκ
2954 4494 3256 4567 περιτομῆς
3287 4492 3440 4546 λαοῦ.
3466 4491 3686 4562 Ἐπειδὴ

2101 4582 2212 4654 γὰρ
2238 4585 2267 4636 ὁ
2302 4585 2585 4656 προφήτης
2615 4585 2872 4657 προεώρα
2898 4585 2977 4656 τῷ
3003 4584 3131 4656 θείῳ
3170 4583 3448 4655 Πνεύματι
3479 4583 3576 4654 τὴν
3605 4585 3687 4645 εἰς

411 4655 490 4708 ita
524 4662 586 4710 ut
621 4656 774 4711 nulla
800 4657 856 4712 in
887 4659 1103 4729 psalmo
1132 4662 1496 4718 contradictio
1524 4662 1990 4734 deprehendatur,

2100 4674 2188 4729 τὸν
2223 4655 2457 4748 Χριστὸν
2477 4655 2759 4732 ἀπείθειαν
2788 4655 2882 4731 τοῦ
2916 4655 3186 4732 Ἰουδαίων
3215 4677 3421 4741 ἔθνους,
3452 4677 3545 4732 καὶ
3582 4675 3694 4746 τὴν.

411 4747 559 4816 quod
588 4763 712 4803 cum
762 4750 921 4807 initio
975 4752 1201 4808 meliora
1261 4754 1382 4810 orbi
1424 4756 1756 4814 vaticinatus
1803 4768 1994 4824 esset,

386 4875 389 4889 ε
407 4840 520 4910 jam
547 4843 706 4912 quasi
736 4844 873 4899 nihil
903 4845 1032 4901 boni
1059 4846 1317 4901 collatum
1371 4848 1443 4903 sit
1478 4864 1670 4918 preces
1717 4850 1992 4906 instituat.

410 4933 595 4989 Prima
623 4936 805 5006 itaque
836 4937 903 4992 de
925 4937 1211 4994 beneﬁciis
1266 4952 1297 4992 a
1331 4939 1618 4997 Salvatore
1648 4951 1842 4997 nostro
1890 4943 1995 4998 hu-

410 5037 574 5077 mano
593 5026 776 5095 generi
793 5026 1164 5084 concedendis
1187 5030 1446 5099 praedicta
1469 5032 1718 5099 fuerant;
1751 5033 1995 5089 secundo

385 5119 592 5191 pautem
642 5114 763 5170 loco
808 5131 908 5186 pro
956 5119 1362 5176 contribulihus
1421 5135 1452 5174 ει
1505 5121 1771 5190 propheta
1801 5136 1995 5191 preces

385 5189 771 5275 demittuntur,
815 5219 876 5265 ut
913 5212 996 5265 ira
1045 5211 1196 5283 ipsos
1227 5213 1486 5268 invasura
1517 5213 1770 5280 sedetur;
1829 5223 1994 5285 atque

408 5297 513 5366 ipsi
545 5298 764 5355 demum
800 5299 896 5356 Dei
933 5301 1003 5356 ad
1041 5318 1100 5358 se
1135 5304 1533 5368 conversione,
1588 5311 1752 5373 atque
1798 5302 1888 5357 illa
1938 5307 1995 5361 in

409 5390 628 5445 Christo
658 5391 752 5447 Dei
779 5392 968 5447 laetitia
997 5394 1148 5465 digni
1179 5395 1505 5452 habeantur.

2099 4767 2558 4841 καταληψομένην
2597 4771 2794 4836 αὐτοὺς
2838 4771 3008 4844 ὀργὴν
3040 4771 3148 4824 τῶν
3187 4768 3686 4842 τολμηθησομένων

2098 4857 2283 4921 αὐτοῖς
2338 4860 2523 4915 ἕνεκεν
2546 4903 2562 4927 ,
2624 4864 2850 4928 εἰκότως
2920 4864 3019 4936 τὴν
3076 4862 3445 4936 προκειμένην
3516 4860 3684 4931 εὐχὴν

2099 4949 2242 5020 ὑπὲρ
2268 4952 2448 5006 αὐτῶν
2480 4955 2831 5027 ἀναπέμπει·
2872 4956 2949 5020 ὡς
2993 4956 3190 5029 μηκέτι
3231 4956 3408 5009 δοκεῖν
3441 4956 3682 5008 ἐναντιο-

2097 5040 2287 5110 λογίαν
2315 5045 2591 5117 περιέχειν
2617 5049 2710 5102 τὸν
2744 5049 2980 5121 ψαλμὸν,
3007 5050 3264 5120 ἀνωτέρω
3292 5049 3392 5119 μὲν
3431 5047 3501 5101 τὰ
3541 5063 3679 5118 χρη-

2099 5133 2327 5207 στότερα
2348 5137 2679 5195 θεσπίσαντα
2715 5143 2862 5214 πάσῃ
2894 5145 2962 5213 τῇ
2987 5144 3081 5213 γῇ,
3132 5143 3190 5194 ἐν
3215 5141 3271 5194 δὲ
3311 5143 3423 5203 τοῖς
3451 5155 3675 5211 προκει-

2099 5223 2302 5294 μένοις,
2334 5228 2410 5291 ὡς
2445 5229 2672 5300 μηδενὸς
2707 5233 2915 5302 ἀγαθοῦ
2953 5233 3344 5304 πεπραγμένου
3376 5231 3474 5302 τὴν
3516 5229 3685 5300 εὐχὴν

2094 5314 2378 5381 διεξιόντα.
2421 5321 2502 5375 Τὰ
2529 5325 2709 5377 τοίνυν
2747 5325 2942 5397 πρῶτα
2977 5325 3107 5396 περὶ
3154 5324 3264 5377 τῶν
3306 5322 3394 5376 διὰ
3425 5321 3521 5376 τοῦ
3571 5321 3685 5372 Σω-

2094 5407 2259 5479 τῆρος
2290 5411 2447 5482 ἡμῶν
2487 5416 2932 5490 παρασχεθεισῶν
2962 5417 3042 5489 τῷ
3086 5415 3195 5470 τῶν
3237 5414 3541 5487 ἀνθρώπων
3583 5411 3685 5481 βίῳ

411 5485 738 5556 εὐεργεσιῶν
757 5488 1190 5560 προεφητεύετο·
1215 5490 1284 5542 τὰ
1309 5489 1366 5542 δὲ
1397 5489 1626 5561 δεύτερα
1678 5491 1708 5544 δ
1739 5495 2020 5567 προφήτης
2059 5498 2199 5572 ὑπὲρ
2249 5504 2357 5559 τῶν
2407 5485 2684 5579 ὁμοεθνῶν
2699 5485 2705 5486 7
2748 5510 2967 5582 εὔχεται
2992 5550 3007 5575 ,
3057 5509 3316 5565 ἱκετεύων
3369 5504 3684 5560 παύσασθαι

415 5576 514 5645 μὲν
582 5579 684 5649 τὴν
722 5581 845 5633 κατ’
921 5580 1103 5634 αὐτῶν
1156 5581 1326 5652 ὀργὴν
1350 5622 1366 5650 ,
1397 5580 1798 5654 καταξιωθῆναι
1850 5585 1908 5638 δὲ
1969 5588 2063 5644 καὶ
2098 5593 2299 5661 αὐτοὺς
2335 5576 2454 5670 τῆς*
2478 5600 2570 5655 τοῦ
2623 5602 2760 5657 Θεοῦ
2793 5576 3130 5677 ἐπιστροφῆς
3169 5605 3262 5659 καὶ
3306 5603 3406 5674 τῆς
3458 5599 3552 5654 ἐπὶ
3599 5595 3682 5667 τῷ

411 5672 635 5744 Χριστῷ
657 5674 750 5728 τοῦ
783 5675 919 5730 Θεοῦ
942 5677 1310 5750 εὐφροσύνης.

483 5871 528 5905 ’τ
569 5868 672 5929 lsa.
705 5885 829 5936 ut.
865 5873 916 5928 1.
994 5874 1037 5907 ⁸⁸
1075 5873 1209 5934 Luc.
1243 5892 1315 5945 ιγ.
1353 5878 1438 5936 18.
1517 5878 1559 5911 "
1593 5877 1986 5950 Psal._xxx1.l.
