4066 6392
373 423 508 482 ιοει

1499 387 2008 464 communem
2047 401 2114 456 iN
2151 398 2497 456 PSALMOS.

3493 393 3632 449 10⁸29.

444 538 651 602 Δεῖξον
695 534 862 607 ἡμῖν,
891 532 1092 602 Κύριε,
1125 529 1194 585 τὸ
1227 527 1402 595 ἔλεός
1435 543 1552 583 σου
1586 527 1684 582 καὶ
1724 528 1791 581 τὸ
1831 542 1947 580 σω-
1974 575 1975 580 η

2119 521 2287 578 Vens.
2324 522 2378 576 8.
2423 517 2650 576 Ostende
2691 515 2877 584 nobis,
2925 516 3178 583 Domine,
3212 513 3634 572 misericordiam

377 634 580 703 τήριόν
611 647 728 686 σου
749 628 904 695 δῴης
935 625 1098 696 ἡμῖν.
1124 625 1244 677 Ἔτι
1278 623 1373 678 καὶ
1405 622 1580 676 ταῦτα
1601 624 1630 675 6
1655 620 1951 692 Προφήτης

376 726 615 797 εὐχεται,
645 720 900 776 ἱκετεύων
933 716 1333 787 καταξιωθῆναι
1359 714 1452 770 καὶ⁹
1475 714 1636 776 αὐτὸς
1658 712 1953 782 ὀφθαλμοῖς

381 815 719 888 παραλαϐεῖν
749 813 818 867 τά
846 812 1104 884 μέλλοντα
1137 808 1355 863 ἔσεσθαι
1396 807 1484 860 διά
1514 805 1610 859 τοῦ
1646 804 1829 868 ἐλέους
1859 801 1951 856 τοῦ

379 905 537 970 Θεοῦ,
561 905 598 962 ἃ
618 903 682 974 δὴ
701 905 760 957 έν
784 905 897 966 τοῖς
922 900 1178 972 ἀνωτέρω
1197 896 1620 970 προεφητεύετο.
1642 893 1958 966 Παρακαλεῖ

381 997 438 1052 δὲ
471 997 565 1050 καὶ
599 995 699 1066 τῆς
723 991 818 1048 τοῦ
862 989 1103 1064 Χριστοῦ
1135 994 1216 1055 είς
1252 987 1574 1061 ἀνθρώπους
1605 986 1956 1057 ὲπιλάμψεως

378 1090 560 1159 τυχεῖν
584 1127 599 1152 ,
644 1085 734 1141 διά
787 1084 884 1140 τοῦ
925 1085 1188 1155 φάσκεινσ
1231 1082 1342 1139 Kal
1375 1083 1442 1137 τὸ
1495 1081 1794 1151 σωτήριόν
1839 1093 1956 1134 σου

379 1179 538 1248 δῴης
563 1178 729 1250 ἡμῖν.
758 1177 955 1248 Σαφῶς
985 1178 1042 1231 δὲ
1081 1177 1145 1230 τὸ
1184 1177 1452 1248 σωτήριον
1499 1174 1661 1230 αὐτὸν
1701 1167 1839 1226 εἶναι
1865 1171 1958 1225 τὸν

360 1273 615 1345 ’Χριστὸν
675 1269 912 1337 ἐδίδαξεν
943 1272 972 1324 6
1026 1267 1252 1340 Συμεὼν
1301 1270 1359 1320 ὲν
1409 1269 1520 1330 τοῖς
1573 1265 1954 1334 Εὐαγγελίοιςο

379 1363 558 1418 λαϐὼν
587 1363 718 1433 γοῦν
756 1361 895 1433 μετά
920 1363 1110 1433 χεῖρας
1140 1359 1221 1412 έτι
1249 1361 1442 1430 νήπιον
1471 1358 1598 1412 ὅντα
1615 1357 1706 1413 τὸν
1729 1355 1956 1427 Ἰησοῦν,

379 1451 503 1509 εἶπε
522 1473 537 1486 ο
579 1456 710 1510 Νῦν
729 1455 1021 1520 ἀπολύεις
1048 1453 1158 1507 τὸν
1204 1451 1432 1506 δοῦλόν
1471 1467 1588 1504 σου
1611 1489 1625 1515 ,
1659 1448 1923 1504 δέσποτα
1941 1487 1957 1512 ,

381 1545 532 1605 κατὰ
577 1546 686 1600 τὸν
726 1546 914 1617 λόγον
960 1560 1077 1599 σου
1132 1544 1204 1597 ἐν
1241 1541 1470 1611 εἰρήνῃ.
1521 1543 1642 1594 Ὅτι
1701 1537 1865 1594 εἶδον
1907 1542 1960 1593 ol

382 1638 678 1708 ὀφθαλμοί
725 1655 845 1707 μου
873 1636 940 1692 τὸ
974 1634 1278 1704 Σωτήριόν
1320 1649 1458 1688 σου.
1506 1633 1677 1687 Τοῦτο
1707 1629 1799 1686 οὖν
1830 1633 1963 1684 αὐτὸ

386 1734 481 1796 καὶ
514 1732 544 1784 6
575 1732 873 1803 Προφήτης
898 1730 1026 1784 ἰδεῖν
1065 1728 1283 1800 εὔχεται
1304 1745 1316 1758 ·
1350 1727 1432 1780 διό
1470 1744 1634 1799 φησιν
1677 1729 1705 1780 6
1732 1726 1923 1796 Σωτήρ
1945 1741 1958 1754 '

384 1823 606 1877 Πολλοὶ
641 1822 939 1892 προφῆται
974 1821 1073 1876 καὶ
1093 1821 1311 1876 δίκαιοι
1338 1821 1724 1889 ἐπεθύμησαν
1744 1817 1894 1872 ὶδεῐν
1923 1816 1962 1870 ἁ

385 1916 558 1986 ὑμεῖς
584 1916 874 1981 βλέπετε,
906 1914 1003 1970 καὶ
1031 1916 1143 1969 οὐκ
1177 1909 1361 1970 εἶδον.
1396 1912 1749 1980 Ἀκούσομαι
1777 1909 1835 1962 τί
1855 1912 1963 1962 λα-

382 2007 563 2076 λήσει
583 2008 653 2062 ἐν
672 2007 802 2077 ἐμοὶ
829 2007 1044 2074 Κύριος
1064 2008 1097 2060 ὁ
1128 2004 1293 2072 Θεὸς,
1317 2004 1407 2058 ὅτι
1427 2002 1685 2070 λαλήσει
1713 1999 1964 2070 εἰρήνην

382 2100 484 2153 ἐπὶ
519 2098 629 2154 τὸν
647 2098 802 2154 λαὸν
825 2097 1033 2164 αὑτοῦ,
1075 2097 1175 2151 καὶ
1202 2097 1300 2150 ἐπὶ
1334 2097 1478 2163 τοὺς
1521 2096 1733 2161 ὁσίους
1753 2091 1962 2156 αὐτοῦ,

385 2193 485 2247 καὶ
525 2193 624 2248 ἐπὶ
657 2193 800 2260 τοὺς
831 2192 1304 2261 ἐπιστρέφοντας
1347 2190 1624 2259 καρδίαν.
1653 2187 1966 2258 Εὐξάμενος

381 2287 412 2338 6
434 2280 744 2355 Προφήτης,
773 2285 838 2352 τῇ
865 2284 1042 2352 σιωπῇ
1071 2281 1264 2335 ἑαυτὸν
1285 2280 1642 2353 παραδίδωσι,
1667 2278 1966 2341 πιστεύσας

386 2373 916 2446 ἐπακουσθήσεσθαι.
934 2370 1068 2426 Εἶτα
1098 2373 1476 2444 προσδοκήσας
1506 2371 1853 2442 ἀποκρίσεως
1875 2386 1968 2425 τυ·-

388 2470 502 2549 χεῖν
549 2483 712 2538 φησιν
760 2466 921 2530 αὐτὸς
963 2465 1100 2537 πρὸς
1145 2464 1336 2519 αὐτόν·
1374 2463 1457 2518 Τά
1515 2463 1614 2535 μὲν
1655 2463 1757 2534 τῆς
1801 2460 1968 2533 εὐχῆς

391 2577 482 2633 μοι
506 2556 730 2620 τοιαῦτα
767 2557 988 2626 γέγονε·
1017 2556 1208 2628 καιρὸς
1233 2556 1291 2609 δὲ
1323 2555 1508 2617 λοιπὴν
1537 2554 1841 2612 ἐπακοῦσαι
1871 2551 1966 2606 τοῦ

387 2648 546 2716 ἁγίου
572 2646 918 2718 Πνεύματος,
956 2647 1052 2701 καὶ⁹
1105 2645 1296 2718 μαθεῖν
1333 2646 1465 2718 παρ’
1493 2645 1660 2700 αὐτοῦ
1690 2645 1742 2698 τί
1783 2643 1970 2716 μέλλοι

389 2736 667 2802 θεσπίζειν
700 2738 830 2809 περὶ
847 2738 947 2808 τῆς
975 2738 1200 2808 εἰρήνης
1221 2737 1316 2790 τοῦ
1335 2737 1466 2792 λαοῦ
1493 2736 1680 2803 αὐτοῦ,
1719 2738 1814 2790 καὶ
1843 2737 1970 2807 περὶ

389 2830 499 2884 τῶν
541 2829 842 2902 μελλόντων
872 2828 963 2884 διὰ
989 2829 1084 2884 τοῦ
1124 2830 1361 2903 Χριστοῦ
1396 2829 1561 2884 αὐτοῦ
1598 2827 1968 2901 ἐπιστρέφειν.

389 2919 527 2986 Εἶτα
557 2921 728 2995 βραχύ
752 2939 806 2975 τι
821 2923 887 2992 ὲφ
897 2921 1191 2998 ηωχάσας,
1217 2919 1521 2993 πληροῦται
1541 2920 1634 2974 τοῦ
1656 2919 1973 2990 Πνεύματος

390 3015 486 3068 τοῦ
521 3015 687 3080 θείου,
741 3013 839 3070 καὶ⁹
885 3014 1218 3086 προφητεύει
1264 3013 1393 3084 ἑξῆς
1443 3006 1546 3068 ὧδέ
1593 3030 1711 3077 πως
1767 3012 1970 3080 λέγων·

392 3104 566 3173 Πλὴν
587 3103 768 3176 ἐγγὺς
786 3103 906 3158 τῶν
925 3089 1312 3174 φοϐουμένων
1344 3101 1532 3157 αὐτὸν
1574 3101 1643 3156 τὸ
1675 3099 1976 3168 σωτήριον

2058 627 2224 680 tuam,
2245 623 2296 668 et
2315 614 2554 669 salutare
2576 622 2723 666 tuum
2746 612 2818 665 da
2847 610 3018 666 nobis.
3055 610 3154 666 Hic
3174 610 3337 665 etiam
3355 607 3633 678 Propheta

2056 709 2333 781 precando
2366 705 2598 772 insistit,
2629 711 2690 759 ut
2724 705 2842 776 ipse
2868 719 3088 775 quoque
3113 703 3311 774 dignus
3341 701 3630 765 habeatur,

2054 803 2146 872 qui
2172 816 2235 855 ea
2282 816 2402 871 qum
2423 815 2524 870 per
2549 797 2986 854 misericordiam
3017 795 3111 852 Dei
3139 802 3400 851 eventura
3419 832 3434 858 ,
3485 806 3634 862 qua:-

2055 909 2162 963 que
2187 899 2346 948 antea
2372 891 2744 962 prmnuntiata
2761 898 2911 954 sunt,
2940 887 3114 944 oculis
3142 885 3428 957 percipiat.
3459 882 3637 955 Rogat

2056 986 2184 1040 item
2214 990 2274 1037 ut
2305 981 2623 1052 splendendi
2674 979 2821 1036 illius
2872 977 3076 1033 Christi
3117 975 3184 1030 ad
3229 975 3482 1030 homines
3535 971 3635 1026 adu

2057 1085 2254 1132 ventus
2284 1076 2400 1146 ipse
2431 1087 2661 1130 consors
2681 1070 2966 1134 adiciatur,
2995 1083 3119 1124 cum
3148 1067 3257 1132 ait,
3289 1065 3362 1120 Et
3399 1066 3638 1120 sal-utare

2060 1179 2208 1224 tuum
2236 1167 2306 1224 da
2331 1167 2502 1223 nobis.
2537 1165 2789 1222 Salutare
2819 1171 3006 1219 autem
3033 1160 3176 1217 illud
3200 1158 3483 1216 Christum
3513 1171 3639 1214 esse

2059 1265 2206 1320 clare
2236 1264 2395 1320 docet
2424 1263 2479 1317 in
2509 1259 2819 1332 Evangeliis
2844 1256 3067 1313 Simcon
3095 1275 3108 1310 :
3141 1254 3258 1326 qui,
3290 1252 3422 1310 Jesu
3457 1251 3639 1308 adhuc

2060 1358 2270 1414 infante
2297 1359 2356 1412 in
2388 1357 2534 1412 ulnis
2570 1360 2817 1426 accepto,
2848 1350 2985 1406 dixit
3015 1369 3028 1405 :
3070 1347 3228 1402 Nunc
3259 1345 3484 1401 dimittis
3525 1359 3639 1398 ser-

2061 1469 2181 1505 vum
2241 1461 2430 1515 tuum,
2484 1448 2743 1511 Domine,
2793 1442 3080 1500 secundum
3129 1440 3341 1497 uerbum
3372 1448 3521 1493 tuum
3581 1436 3641 1490 in

2059 1561 2205 1614 pace.
2238 1543 2378 1611 Quia
2415 1541 2656 1595 viderunt
2698 1537 2840 1593 oculi
2898 1536 2997 1590 mei
3055 1533 3292 1588 salutare
3349 1539 3501 1584 tuum
3565 1527 3635 1583 “.

2062 1635 2299 1706 ldipsum
2348 1631 2536 1686 videre
2574 1636 2829 1700 peroptat
2858 1624 3134 1695 Propheta
3166 1641 3180 1679 :
3232 1621 3356 1677 ideo
3388 1618 3641 1675 Salvator

2063 1728 2159 1791 ait,
2188 1725 2349 1779 Multi
2378 1722 2642 1794 propheta:
2668 1730 2718 1775 et
2736 1719 2876 1790 justi
2903 1718 3176 1772 voluerunt
3205 1713 3377 1769 videre
3404 1727 3520 1782 quos
3549 1727 3640 1765 vos

2063 1816 2270 1880 videtis,
2301 1823 2351 1869 et
2381 1830 2484 1868 non
2507 1811 2746 1866 viderunt
2775 1810 2844 1863 “.
2868 1837 2937 1847 --
2959 1805 3126 1860 Vens.
3161 1805 3216 1860 9.
3251 1801 3483 1856 Audiam
3512 1798 3641 1870 quid

2065 1909 2307 1979 loquetur
2347 1908 2404 1960 in
2437 1921 2518 1959 me
2572 1903 2829 1957 Dominus
2874 1899 3054 1963 Deus,
3098 1897 3348 1968 quoniam
3400 1894 3642 1964 loquetur

2061 2018 2243 2071 pacem
2272 2001 2327 2054 in
2352 1999 2552 2068 plebem
2570 2012 2747 2063 suam,
2769 2003 2818 2049 et
2859 1995 2916 2048 in
2965 2000 3176 2047 sanctos
3207 2006 3330 2044 suos
3361 1996 3410 2042 et
3464 1987 3520 2040 in
3551 2001 3640 2039 eos

2064 2097 2154 2166 qui
2181 2099 2551 2149 convertuntur
2577 2089 2752 2144 corde.
2780 2086 3076 2156 Postquam
3104 2089 3360 2156 precatus
3396 2087 3482 2136 est
3506 2078 3644 2132 Pro-

2066 2188 2263 2258 pheta,
2317 2195 2503 2240 certus
2551 2199 2611 2239 se
2663 2178 3063 2237 exaudiendum
3112 2191 3269 2240 esse,
3325 2171 3544 2229 silentio
3583 2185 3644 2226 se

2067 2279 2257 2334 tradit.
2294 2276 2436 2331 Hinc
2464 2277 2596 2330 dum
2624 2271 3041 2343 responsionem
3071 2271 3374 2338 exspectat,
3413 2278 3535 2320 sese
3560 2261 3643 2318 sic

2069 2369 2367 2441 alloquitur
2399 2386 2413 2422 :
2447 2365 2596 2421 Talis
2648 2362 2752 2418 fuit
2808 2362 3050 2434 precatio
3099 2373 3255 2425 mea;
3285 2357 3396 2428 jam
3431 2365 3644 2423 tempus

2069 2466 2155 2520 est
2183 2469 2246 2515 ut
2276 2457 2544 2530 Spiritum
2596 2463 2850 2512 sanctum
2881 2453 3136 2517 audiam,
3185 2458 3240 2507 et
3282 2449 3352 2504 ab
3401 2447 3496 2502 illo
3532 2446 3648 2502 edi-

2069 2567 2244 2619 scam,
2277 2549 2410 2621 quid
2441 2549 2510 2606 de
2537 2562 2672 2620 pace
2716 2545 2902 2618 populi
2949 2545 3037 2600 sui
3097 2552 3150 2600 et
3204 2541 3272 2597 de
3302 2541 3372 2596 iis
3399 2539 3494 2610 qui
3551 2552 3649 2610 per

2069 2645 2352 2703 Christum
2409 2657 2572 2700 suum
2627 2638 2979 2697 convertendi
3031 2641 3194 2700 sunt,
3250 2632 3649 2690 vaticinaturus

2073 2736 2166 2794 sit.
2205 2734 2412 2792 Deinde
2461 2747 2592 2788 vero
2641 2741 2930 2802 postquam
2993 2726 3216 2797 paulum
3285 2721 3533 2781 substitit
3593 2727 3650 2776 et

2073 2826 2300 2900 quievit,
2365 2824 2574 2896 Spiritu
2630 2822 2816 2878 divino
2889 2817 3161 2890 repletur;
3242 2823 3298 2870 et
3370 2812 3476 2868 sub
3533 2808 3651 2865 haec

2075 2920 2416 2994 prophetiam
2459 2916 2572 2974 edit
2612 2916 2698 2971 his
2730 2912 2951 2971 verbis:
2987 2941 3053 2952 --
3088 2908 3254 2964 Vens.
3301 2905 3392 2961 10.
3428 2904 3651 2959 Verum-

2079 3023 2253 3068 tamen
2283 3026 2442 3081 prope
2473 3009 2712 3066 timentes
2742 3021 2862 3062 eum
2895 3004 3132 3060 salutare
3150 3000 3340 3070 ipsius,
3365 3005 3422 3052 ut
3443 2994 3654 3052 inhabi-

2080 3114 2152 3163 tet
2176 3104 2350 3178 gloria
2392 3104 2448 3158 in
2480 3110 2623 3156 terra
2672 3107 2876 3156 nostra.
2909 3095 3008 3152 His
3035 3101 3216 3152 autem
3243 3091 3485 3149 declarat
3511 3088 3656 3159 jam-

391 3197 602 3261 αὐτοῦ,
637 3186 744 3251 τοῦ
775 3193 1245 3264 κατασκηνῶσαι
1273 3193 1461 3257 δόξαν
1481 3193 1551 3246 ὲν
1580 3190 1658 3261 τῇ
1677 3190 1755 3262 γῆ
1784 3191 1973 3261 ἡμῶν

2077 3198 2189 3269 jam
2218 3195 2580 3252 adventurum
2616 3190 2936 3257 hominibus
2965 3203 3106 3254 “esse
3154 3184 3397 3242 salutare
3440 3178 3558 3243 Dei,
3585 3179 3656 3234 de

395 3287 704 3363 ἰιαρίστησι
735 3288 793 3342 δὲ
819 3286 909 3343 διὰ
932 3286 1162 3352 τούτων,
1191 3286 1316 3339 ὅσον
1349 3285 1560 3338 οὐδέπω
1597 3283 1812 3355 μέλλειν
1858 3284 1976 3336 ἐπι-

396 3380 690 3452 στήσεσθαι
715 3377 1025 3452 ἀνθρώποις
1052 3377 1115 3430 τὸ
1145 3378 1412 3448 σωτήριον
1435 3374 1529 3428 τοῦ
1568 3372 1726 3437 θεοῦ,
1748 3373 1880 3445 περὶ
1913 3365 1976 3424 οὗ

395 3473 654 3546 ἀνωτέρω
705 3471 909 3544 ηὔξατο
940 3468 1138 3524 εἰπών’
1187 3467 1395 3534 Δεῖξον
1442 3464 1621 3535 ἡμῖν,
1655 3464 1860 3538 Κύριε,
1909 3462 1978 3516 τὸ

396 3566 568 3630 ἔλεός
597 3579 733 3627 σου,
756 3562 856 3616 καὶ
882 3562 949 3617 τὸ
978 3558 1275 3628 σωτήριόν
1304 3573 1421 3621 σου
1444 3554 1605 3625 δῴης
1639 3555 1803 3626 ἡμῖν.
1838 3553 1980 3615 Αὐτὸ

396 3658 462 3728 δὴ
496 3651 589 3710 οὖν
623 3654 783 3708 τοῦτό
818 3671 950 3725 φησι
985 3652 1048 3706 τὸ
1085 3653 1362 3723 Σωτήριον
1384 3647 1626 3719 ἔγγιστα
1671 3647 1977 3719 τυγχάνειν,

398 3749 494 3801 καὶ
541 3745 768 3817 πλησίον
804 3744 907 3815 ήδη
933 3742 1028 3797 καὶ
1064 3743 1232 3813 ἐγγὺς
1272 3740 1384 3793 τῶν
1424 3736 1774 3808 φοϐουμένων
1819 3736 1982 3792 αὐτὸν

399 3837 562 3908 εἶναι,
588 3838 760 3892 αἴτιον
802 3836 1046 3908 ὐπάρχον
1081 3832 1176 3888 τοῦ
1225 3830 1652 3902 κατασκηνώσαι
1688 3826 1843 3892 δόξαν
1887 3827 1982 3880 καὶ

402 3932 738 4004 σκηνώματα
794 3929 1058 4000 συστῆσαι
1088 3928 1146 3981 ὲν
1175 3928 1242 3998 τῇ
1273 3927 1348 3997 γῇ
1389 3923 1566 3995 ἡμῶν.
1603 3920 1766 3985 Ἔθος
1811 3919 1870 3973 δὲ
1914 3921 1981 3990 τῇ

403 4027 526 4098 θείᾳ⁹
563 4025 754 4097 Γραφῇ
786 4022 878 4077 τὸν
923 4020 1158 4093 Χριστὸν
1189 4017 1284 4071 τοῦ
1317 4015 1452 4070 Θεοῦ
1490 4015 1758 4086 σωτήριον
1783 4011 1982 4083 ὀνομά-

403 4117 539 4184 ζειν,
573 4116 834 4180 πολλάκις
881 4115 970 4174 διὰ
1001 4113 1212 4169 πολλῶν
1259 4109 1644 4180 ἀπεδείξαμεν.
1675 4107 1743 4161 Ὃ
1786 4104 1852 4176 δὴ
1893 4105 1988 4158 καὶ

403 4209 500 4264 νῦν
537 4207 810 4273 θεσπίζων
850 4207 880 4262 6
929 4205 1109 4275 λόγος,
1149 4203 1386 4279 παρίστη
1419 4200 1687 4256 διδάσκων
1725 4197 1848 4251 ἀντὶ
1887 4194 1988 4266 τῆς

406 4301 676 4374 προτέρας
703 4299 930 4370 ἀτιμίας
951 4301 1050 4368 τῆς
1079 4296 1222 4352 κατὰ
1245 4295 1342 4370 τὴν
1371 4288 1816 4362 είδωλολατρείαν
1854 4287 1990 4341 ὐπο-

408 4394 615 4463 στάσης
659 4393 720 4455 έν
749 4394 815 4463 τῇ
845 4393 915 4462 γῇ
951 4389 1109 4457 δόξαν
1131 4391 1190 4444 ὲν
1229 4388 1367 4459 αὐτῇ
1397 4381 1864 4455 κατασκηνώσειν,
1891 4377 1990 4441 καὶ

409 4485 746 4559 σκηνώματα
783 4481 1060 4553 πανταχοῦ
1118 4482 1221 4553 γῆς
1269 4475 1652 4552 ίδρυθήσεσθαι
1697 4472 1857 4545 δόξης
1888 4471 1989 4542 τῆς

2079 3305 2189 3362 quo
2229 3287 2485 3359 superius
2507 3284 2625 3340 hac
2651 3283 2980 3355 precabatur
3011 3296 3026 3333 :
3062 3275 3291 3336 Ostende
3330 3273 3502 3341 nobis,
3539 3269 3652 3325 Do-

2079 3381 2238 3444 mine,
2275 3375 2696 3435 misericordiam
2725 3384 2894 3438 tuam,
2922 3382 2972 3428 et
3006 3371 3244 3426 salutare
3275 3376 3423 3421 tuum
3453 3363 3525 3417 da
3563 3378 3659 3417 no-

2081 3473 2182 3529 bis.
2199 3472 2315 3528 Hoc
2330 3473 2511 3543 ipsum
2533 3463 2900 3537 salutare'jam
2919 3462 3228 3535 proximum
3273 3473 3398 3515 esse
3419 3455 3663 3512 declarat

2081 3581 2146 3621 ac
2176 3566 2416 3621 vicinum
2441 3561 2760 3619 timentibus
2792 3573 2916 3615 eum
2937 3597 2952 3623 ,
2994 3556 3286 3627 ipsumque
3317 3564 3504 3606 veram
3536 3563 3660 3604 esse

2081 3670 2306 3713 causam
2339 3669 2441 3710 cur
2488 3651 2660 3724 gloria
2706 3648 2975 3705 inhabitet
3019 3652 3075 3701 et
3111 3641 3464 3699 tabernacula
3491 3642 3662 3709 ponat

2084 3750 2142 3808 in
2181 3754 2327 3803 terra
2349 3752 2560 3802 nostra.
2597 3743 2655 3798 ld
2680 3748 2864 3798 autem
2889 3738 3061 3794 moris
3085 3751 3210 3792 esse
3255 3733 3554 3804 Scripturae
3584 3728 3664 3784 di-

2083 3841 2243 3906 vinae,
2274 3845 2336 3893 ut
2363 3837 2639 3892 Christum
2667 3833 2762 3889 Dei
2809 3833 3053 3889 salutare
3090 3836 3391 3897 nuncupet.
3419 3839 3565 3894 saepe
3608 3829 3666 3879 et

2085 3932 2335 4004 pluribus
2361 3926 2862 3999 comprobavimus.
2895 3922 3053 3989 Quod
3093 3936 3226 3977 sane
3276 3919 3380 3973 hoc
3427 3917 3483 3971 in
3523 3914 3664 3970 vati-

2087 4001 2232 4076 cinio
2277 4019 2607 4079 declaratur,
2639 4013 2852 4069 scilicet
2871 4011 2994 4065 loco
3022 4006 3226 4078 prioris
3256 4001 3513 4064 infamiae,
3543 4014 3666 4071 quae

2087 4110 2410 4170 idololatria;
2453 4119 2702 4178 tempore
2746 4104 2804 4160 in
2847 4109 2995 4157 terra
3041 4097 3384 4159 versabatur,
3436 4091 3667 4162 gloriam

2087 4203 2289 4260 ibidem
2322 4186 2716 4260 habitaturam,
2738 4200 2794 4250 et
2820 4188 3173 4246 tabernacula
3201 4185 3390 4258 gloriae
3429 4183 3542 4238 Deo
3568 4195 3669 4252 per

2090 4293 2460 4365 evangelicam
2486 4289 2793 4346 doctrinam
2823 4281 3147 4344 referendae.
3171 4279 3376 4349 ubique
3395 4283 3668 4330 terrarum

2092 4387 2306 4460 ﬁgenda
2351 4400 2495 4442 esse.
2552 4379 2868 4438 Secundum
2912 4377 3033 4433 hac
3079 4373 3305 4430 modum
3349 4367 3525 4460 aperit
3559 4380 3672 4460 quo

2094 4455 2365 4551 promissa
2385 4472 2708 4546 complenda
2745 4475 2896 4536 sunt,
2920 4467 3008 4524 his
3034 4463 3219 4522 verbis
3244 4481 3258 4517 :
3283 4489 3356 4504 --
3376 4457 3556 4551 Vitas.
3577 4455 3668 4510 11.

406 4548 643 4651 τῷΙΘείξ)
674 4576 762 4632 διὰ
798 4577 898 4647 τῆς
937 4548 1296 4644 εὐαγγελικῆς
1322 4548 1677 4631 διδασκαλίας
1722 4563 1975 4634 ἀνατεθη-

2092 4548 2466 4630 Misericordia
2499 4577 2548 4623 et
2591 4565 2784 4621 veritas
2820 4562 3157 4617 obviaverunt
3204 4553 3329 4621 sibi,
3379 4548 3596 4623 justitia
3621 4556 3672 4604 ιιι

410 4671 670 4743 σομένης.
727 4663 863 4723 Εἶτα
911 4666 1122 4730 τούτοις
1180 4664 1310 4734 ἑξῆς
1355 4663 1449 4716 τὸν
1493 4661 1721 4733 τρόπον,
1762 4655 1886 4712 καθ’
1931 4655 1992 4712 ὃν

410 4762 634 4834 ἔμελλεν
679 4755 1247 4832 ἀποπληρωθήσεσθαι
1296 4753 1366 4808 τὰ
1406 4751 1826 4825 ἐπηγγελμένα,
1873 4749 1991 4802 δια-

412 4857 575 4925 σαφεῖ
617 4854 794 4924 λέγων
813 4871 827 4884 ο
866 4854 1076 4916 Ἔλεος
1121 4847 1220 4907 καὶ
1276 4845 1529 4913 ἀλήθεια
1569 4841 1990 4909 συνήντησαν,

411 4947 771 5014 δικαιοσύνη
817 4945 917 5001 καὶ
943 4943 1154 5013 εἰρήνη
1196 4937 1634 5008 κατεφίλησαν.
1667 4934 1772 4988 Δύο
1801 4933 1867 5005 δὴ
1905 4931 1995 4990 διὰ

411 5039 618 5100 τούτων
646 5037 904 5106 συζυγίας
933 5032 1384 5106 φησὶνάλλήλαις
1409 5026 1828 5102 συνηντηκέναι,
1861 5018 1936 5080 ὧν
1960 5027 1995 5096 ὴ

414 5129 610 5204 πρώτη
637 5129 820 5194 ὲλέους
849 5124 918 5200 ἦν
947 5127 1044 5182 καὶ
1074 5125 1353 5197 ἀληθείας,
1383 5125 1418 5201 ἡ
1445 5123 1502 5176 δὲ
1535 5119 1764 5192 δευτέρα
1793 5119 1997 5172 δικαιο-

413 5223 583 5294 σύνης
625 5222 720 5276 καὶ
761 5220 1005 5292 εἰρήνης.
1041 5218 1387 5287 Συνήντησαν
1419 5214 1694 5286 ἀλλήλαις,
1719 5211 1873 5283 φησὶ,
1904 5209 1998 5267 καὶ

419 5315 666 5386 φιλικούς
717 5313 1044 5383 ἀσπασμοὺς
1071 5309 1478 5365 ἀποδεδώκασι*
1527 5303 1897 5375 κατεφίλησάν
1936 5317 1999 5353 τε

417 5405 555 5479 ὁμοῦ
577 5405 677 5478 τὴν
709 5403 1057 5477 δικαιοσύνην
1078 5403 1173 5457 καὶ
1202 5401 1302 5474 τὴν
1337 5402 1561 5474 εἰρήνην
1589 5401 1624 5468 ὴ
1652 5397 1879 5468 ἀλήθεια
1906 5394 2003 5459 καὶ

420 5497 483 5554 τὺ
509 5496 676 5560 ἔλεος.
715 5487 884 5549 Πόθεν
914 5495 973 5548 δὲ
994 5494 1329 5565 ἀφικόμεναι
1353 5489 1611 5562 ἀλλήλαις
1640 5488 1999 5560 συνήντησαν,

426 5591 586 5646 πάλιν
614 5588 822 5653 ὐποϐἀς
850 5587 1092 5643 διδάσκει
1110 5587 1315 5656 λέγων·
1359 5582 1627 5652 Ἀλήθεια
1659 5581 1730 5636 ἐκ
1755 5580 1868 5650 τῆς
1893 5578 2005 5652 γῆς

425 5683 712 5749 ἀνέτειλε,
740 5682 837 5737 καὶ
876 5681 1229 5750 δικαιοσύνη
1272 5680 1340 5733 ὲκ
1374 5677 1481 5732 τοῦ
1522 5675 1782 5745 οὐρανοῦ
1808 5673 2004 5732 διέκυ-

497 5865 542 5895 δθ
583 5863 712 5925 Luc.
750 5879 826 5930 ιι,
863 5863 1066 5930 29,30.
1142 5863 1184 5896 ⁸¹
1229 5859 1423 5918 Matth.
1461 5873 1590 5925 xm,
1628 5856 1715 5917 Πο

2091 4682 2200 4737 pan:
2232 4663 2484 4719 osculata:
2527 4668 2671 4718 sunt.
2720 4655 2819 4714 llis
2866 4668 3034 4726 porro
3067 4650 3225 4706 binas
3255 4641 3674 4715 conjugationes

2093 4754 2368 4811 coaluisse
2397 4751 2580 4817 docet,
2609 4761 2842 4820 quarum
2876 4744 3054 4815 prima
3086 4747 3172 4796 est
3203 4731 3597 4792 misericordiae
3619 4736 3676 4784 et

2093 4847 2376 4912 veritatis;
2409 4842 2651 4900 secunda
2676 4855 2826 4906 vero,
2854 4835 3083 4908 justitia:
3111 4841 3166 4888 et
3207 4828 3384 4902 pacis.
3407 4827 3677 4883 Occurre-

2094 4946 2248 5006 runt,
2284 4937 2486 5008 inquit,
2528 4941 2742 4998 mutuo,
2778 4930 3100 4998 amicasque
3139 4921 3502 4980 salutationes
3543 4931 3678 4973 con.-

2097 5032 2344 5088 tulerunt
2368 5007 2404 5085 7:
2445 5027 2635 5084 oscula
2671 5015 2943 5082 dederunt
2979 5019 3145 5078 simul
3191 5015 3422 5088 iustitiae
3459 5018 3515 5067 et
3554 5007 3677 5080 paci

2098 5121 2305 5178 veritas
2330 5126 2385 5174 et
2412 5115 2812 5174 misericordia.
2841 5111 3002 5168 Unde
3038 5125 3168 5165 vero
3200 5105 3458 5178 profecta:
3485 5107 3678 5155 mutuo

2101 5212 2470 5278 occurrerint,
2521 5209 2824 5267 secundum
2873 5209 2989 5261 haec
3030 5201 3274 5258 declarat
3320 5196 3406 5252 his
3445 5191 3676 5250 verbis:

2102 5339 2172 5349 —
2193 5305 2361 5362 Vnus.
2395 5306 2486 5360 12.
2529 5303 2736 5358 Veritas
2765 5299 2829 5353 de
2857 5308 2997 5352 terra
3021 5304 3140 5353 orta
3167 5300 3265 5356 est,
3297 5299 3348 5346 et
3368 5287 3587 5359 justitia
3615 5283 3680 5340 de

2105 5400 2232 5456 emta
2253 5397 2543 5470 prospexit.
2564 5394 2763 5464 Utpote
2783 5391 2948 5464 igitur
2968 5404 3037 5445 ex
3055 5399 3253 5457 magna
3273 5376 3684 5448 intercapedine

2105 5501 2300 5550 mutuo
2328 5496 2744 5550 concurrentes,
2781 5498 2904 5540 sese
2939 5481 3176 5538 invicem
3213 5475 3476 5546 amplexae
3506 5477 3561 5526 et
3591 5485 3684 5525 os-

2107 5585 2304 5641 culata:
2333 5589 2484 5646 sunt,
2519 5580 2648 5634 hinc
2687 5575 2908 5647 justitia
2935 5588 3059 5645 qua:
3099 5570 3168 5627 de
3210 5569 3352 5624 ctelo
3390 5567 3445 5620 in
3479 5571 3685 5619 terram

2107 5675 2412 5752 prospexit,
2454 5672 2582 5729 inde
2619 5669 2824 5727 veritas
2870 5681 2992 5739 quae
3037 5664 3106 5721 de
3150 5664 3261 5720 imo
3288 5660 3405 5718 sive
3437 5657 3506 5714 de
3539 5662 3690 5718 terra
