4066 6410
443 405 585 462 1025

1155 403 1430 461 EUSEBII
1469 401 1944 459 CESARIENSIS
1980 401 2134 462 OPP.
2172 399 2352 456 PARS
2389 399 2479 456 Ill.
2519 429 2588 442 -—
2627 400 3036 458 EXEGETICA.

3567 407 3708 465 1024

441 535 566 582 orta
595 531 700 581 est.
740 522 840 580 His
871 529 1274 594 consequenter
1305 522 1630 592 adjiciemus
1653 530 1706 577 et
1739 522 2035 593 subjunge-

2140 525 2276 590 ψεν.
2321 521 2408 584 Ὦς
2439 522 2503 574 ὲκ
2545 521 2756 591 μακροῦ
2797 517 3087 590 τοιγαροῦν
3122 521 3491 593 διαστήματος
3526 540 3717 579 συντυ-

441 632 567 671 mus
598 630 664 672 ea
699 630 824 685 qua:
852 614 908 668 in
940 613 1213 684 principio
1246 613 1441 683 psalmi
1463 613 1643 682 posita
1687 619 1838 676 sunt,
1870 620 1924 666 et
1953 613 2034 667 sic

447 707 654 762 habent
681 706 1064 771 :Benediazisti,
1099 705 1344 771 Domine,
1371 714 1568 759 terram
1601 715 1764 771 tuam,
1797 703 2035 758 arertisti

443 800 809 868 captivitatem
838 796 1028 852 Iacob.
1060 795 1332 852 Remisisti
1363 795 1692 866 iniquitatem
1717 795 1881 864 plebis
1907 804 2032 859 tute,

447 891 705 961 aperuisti
738 891 918 947 omnia
960 899 1177 960 peccata
1207 905 1410 945 eorum.
1457 888 1581 943 Haec
1609 888 1810 958 quippe
1849 887 2033 941 omnia

439 992 557 1037 tum
593 983 776 1036 futura
810 982 1336 1051 praenuntiabantur,
1377 995 1504 1033 cum
1558 979 1801 1033 salutare
1831 975 1926 1030 Dei
1971 976 2028 1031 in

441 1083 592 1133 terra
617 1074 795 1128 visum
821 1080 988 1130 esset.
1025 1071 1308 1142 Siquidem
1329 1086 1437 1125 una
1466 1084 1594 1125 cum
1632 1069 1860 1123 salutari
1883 1068 2028 1122 veri-

444 1173 533 1220 tas
570 1165 638 1220 de
671 1174 815 1220 terra
844 1172 984 1231 orta,
1016 1179 1080 1220 ac
1107 1164 1326 1234 justitia
1364 1177 1484 1234 quae
1515 1161 1584 1216 de
1625 1161 1768 1216 cmlo
1815 1159 2034 1230 prospi-

440 1257 595 1312 ciens
647 1257 751 1326 ipsi
795 1256 1065 1320 occurrit,
1121 1253 1219 1311 Dei
1271 1255 1507 1326 gratiam
1554 1268 1622 1309 ex
1667 1267 1825 1322 aequo
1855 1266 2032 1321 exque

442 1363 702 1419 suprema
757 1348 898 1418 justi
946 1347 1162 1404 ratione
1207 1345 1265 1401 in
1316 1360 1510 1401 omnes
1560 1343 1811 1399 homines
1858 1341 2034 1398 eﬂun—

446 1441 553 1496 dit.

2133 613 2324 687 χοῦσαι
2365 610 2653 682 ἀλλήλαις,
2699 611 3129 682 περιεπτύξαντο
3171 613 3265 666 καὶ
3315 614 3710 685 κατεφίλησαν·

2132 701 2339 756 ἄνωθεν
2372 701 2471 772 μὲν
2494 701 2553 766 ἐξ
2583 701 2812 774 ούρανοῦ
2837 701 3145 771 διακύψασα
3177 705 3269 757 ἐπὶ
3296 705 3394 776 τὴν
3436 705 3542 773 γῆν
3572 707 3604 776 ἡ
3634 705 3716 758 δι-

2133 792 2416 861 καιοσύνη,
2471 791 2718 845 κάτωθεν
2765 792 2822 853 δὲ
2870 792 2980 846 ἀπὸ
3021 793 3121 862 τῆς
3171 793 3276 863 γῆς
3328 794 3715 866 ἀνατείλασαή

2134 884 2380 955 ἀλήθεια.
2406 883 2629 948 Τούτοις
2667 884 2974 949 ἀκολούθως
3004 884 3128 955 ἑξῆς
3165 884 3594 955 παραθησόμεθα
3621 886 3717 938 καὶ

2136 976 2450 1046 συνάψομεν
2475 976 2546 1030 τά
2592 975 2787 1047 πρῶτα
2819 975 2912 1030 τοῦ
2951 974 3203 1046 ψαλμοῦ,
3236 977 3294 1028 ὲν
3339 970 3418 1038 οἷς
3463 974 3711 1042 ἐλέγετο·

2131 1070 2512 1137 Εὺδόκησας,
2536 1071 2733 1138 Κύριε,
2758 1068 2873 1137 τὴν
2893 1068 3012 1138 γῆν
3031 1083 3168 1132 σου,
3189 1066 3574 1136 ἀπέστρεψας
3602 1065 3717 1134 τὴν

2134 1162 2553 1232 αἰχμαλωσίαν
2606 1160 2820 1214 Ἰακώϐ.
2873 1158 3129 1230 Ἄφῆκας
3174 1157 3288 1227 τ’ῗνιὶρ
3318 1161 3573 1228 ἀνομίαν
3609 1157 3715 1211 τοῦ

2135 1253 2288 1312 λαοῦ
2315 1267 2452 1317 σου,
2473 1251 2786 1319 ἐκάλυψας
2819 1250 3022 1316 πάσας
3043 1248 3149 1317 τὰς
3175 1249 3460 1318 ἁμαρτίας
3496 1248 3712 1302 αὐτῶν.

2136 1344 2321 1404 Ταῦτα
2347 1343 2457 1415 γὰρ
2487 1341 2664 1403 πάντα
2689 1342 2901 1413 μέλλειν
2933 1341 3151 1395 ἔσεσθαι
3183 1339 3606 1412 προεφητεύετο,
3622 1337 3714 1391 τοῦ

2145 1434 2414 1506 σωτηρίου
2448 1435 2540 1488 τοῦ
2582 1433 2718 1487 Θεοῦ
2743 1435 2835 1486 ἐπὶ
2867 1433 2971 1504 γῆς
3032 1431 3307 1501 ὀφθέντος.
3343 1431 3493 1484 Ἐπεὶ
3516 1431 3612 1483 σὺν
3639 1428 3718 1499 τῷ

440 1529 706 1602 Σωτηρίῳ
751 1529 980 1600 ἀλήθεια
1009 1529 1075 1581 ὲκ
1107 1527 1206 1598 τῆς
1235 1526 1340 1596 γῆς
1375 1525 1724 1589 ἀνατείλασα,
1765 1524 1941 1601 ταύτῃ
2009 1541 2070 1578 τε
2110 1527 2492 1597 συναντήσασα
2531 1527 2564 1596 ὴ
2616 1528 2680 1579 ὲκ
2725 1524 2818 1578 τοῦ
2860 1523 3091 1594 ούρανοῦ
3159 1521 3468 1592 διακύψασα
3516 1522 3718 1576 δικαιο-

443 1623 578 1694 σύνη
601 1662 615 1687 ,
651 1623 732 1686 εἰς
781 1623 991 1686 πάντας
1023 1619 1346 1692 ἀνθρώπους
1391 1617 1453 1684 ἐξ
1498 1617 1614 1671 ἴσου
1651 1621 1747 1672 καὶ
1795 1618 1938 1673 κατά
1969 1618 2030 1671 τὸ
2069 1617 2409 1678 δικαιότατον
2434 1620 2534 1690 τὴν
2562 1619 2654 1673 τοῦ
2681 1617 2817 1672 Θεοῦ
2843 1618 3001 1691 χάριν
3031 1617 3330 1689 ὲξήπλωσε.

427 1778 434 1780 -
519 1738 618 1795 His
656 1754 825 1810 porro
874 1740 1095 1795 divinus
1153 1738 1370 1793 Domini
1405 1745 1459 1793 et
1494 1737 1808 1795 Servatoris
1856 1740 2032 1796 nostri

2211 1740 2406 1810 Σαφῶς
2438 1740 2494 1794 δὲ
2524 1739 2612 1793 διὰ
2650 1740 2854 1794 τούτων
2881 1742 2914 1811 ἡ
2946 1739 3234 1808 θεοφάνεια
3254 1736 3346 1792 τοῦ
3377 1738 3580 1810 Κυρίου
3625 1739 3721 1792 καὶ

439 1829 570 1888 Jesu
601 1830 814 1886 Christi
880 1830 1147 1885 adventus
1189 1829 1480 1901 perspicue
1533 1830 1892 1897 enuntiatur;
1939 1845 2035 1900 per

2140 1835 2387 1906 Σωτῆρος
2434 1833 2592 1906 ἡμῶν
2635 1831 2809 1906 Ἰησοῦ
2861 1833 3097 1904 Χριστοῦ
3151 1831 3506 1904 παρίσταται·
3566 1831 3633 1884 δι’
3658 1826 3717 1885 οὗ

442 1938 610 1993 quem
655 1923 832 1976 solum
869 1922 1073 1978 veritas
1120 1921 1188 1978 de
1234 1928 1380 1978 terra
1419 1928 1539 1975 orta
1571 1929 1656 1976 est
1690 1937 1707 1976 :
1741 1922 1871 1992 quia
1917 1921 2036 1992 ipse

438 2014 646 2069 veritas
685 2021 826 2079 erat,
861 2028 924 2068 ac
967 2013 1235 2068 doctrinae
1280 2013 1402 2082 ejus
1446 2014 1775 2084 evangelicae
1823 2029 2029 2081 sermo,

439 2120 552 2160 non
575 2113 636 2159 ut
661 2106 788 2159 olim
816 2105 871 2159 in
913 2105 1104 2175 ﬁguris
1146 2113 1201 2158 et
1242 2105 1529 2176 symbolis,
1564 2105 1661 2160 sed
1715 2121 1811 2176 per
1859 2106 2033 2176 ipsam

440 2198 732 2267 veritatem
792 2197 1134 2252 tradebatur.
1186 2195 1314 2252 Ideo
1365 2197 1572 2251 dictum
1617 2206 1703 2252 est
1753 2195 1917 2251 τιατ
1944 2213 2036 2265 per

441 2287 686 2359 Moysen:
715 2289 849 2343 data
889 2298 988 2353 est,
1018 2290 1195 2360 gratia
1227 2297 1278 2342 et
1306 2290 1499 2346 veritas
1540 2304 1630 2357 per
1662 2289 1848 2344 Iesum
1881 2289 2037 2344 Chri-

437 2390 581 2434 stum
607 2379 754 2448 facta
783 2389 861 2434 est
879 2379 971 2433 "?
1020 2379 1289 2436 Universa
1327 2389 1508 2436 autem
1543 2395 1709 2449 opera
1741 2380 1860 2449 ejus
1889 2381 2035 2436 veri-

438 2479 525 2525 tas
553 2478 731 2535 erant,
762 2485 978 2525 necnon
1008 2480 1164 2525 ortus
1190 2472 1332 2542 ejus,
1367 2472 1552 2542 passio
1580 2479 1635 2526 et
1662 2479 1882 2538 caetera,
1915 2487 2036 2543 quae

438 2561 624 2632 specie
654 2563 836 2617 solum
869 2570 922 2618 et
951 2563 1243 2634 phantasia
1270 2573 1423 2635 gesta
1457 2564 1629 2621 fuisse
1667 2565 2036 2635 opinabantur

442 2655 591 2709 athei
629 2654 898 2712 haeretici.
932 2657 1171 2725 Quodsi
1216 2661 1398 2716 omnis
1431 2659 1596 2714 homo
1631 2658 1889 2723 mendax,
1920 2672 2037 2713 me—

439 2745 554 2800 rito
587 2747 707 2817 ipse
738 2749 912 2814 solus,
951 2749 1044 2819 qui
1081 2750 1283 2806 veritas
1313 2759 1420 2815 est,
1471 2751 1538 2806 de
1570 2758 1718 2809 terra
1749 2760 1904 2806 ortus
1927 2761 2032 2816 est,

438 2841 786 2910 peregrinum
818 2843 1100 2913 quidpiam
1133 2851 1187 2898 et
1229 2844 1515 2912 insolens;
1551 2853 1696 2900 terra
1715 2847 1877 2914 quale
1901 2862 2038 2901 nun-

443 2945 612 3000 quam
647 2935 849 2989 tulerat
878 2935 1083 2991 bonum
1117 2935 1450 3004 proferente,
1479 2940 1530 2991 in
1560 2955 1671 3008 quo
1699 2939 1920 3008 justitia
1944 2939 2036 2993 illa

441 3023 514 3078 de
539 3024 682 3078 cmlo
719 3027 1065 3096 prospiciens
1108 3029 1398 3098 requievit.
1448 3029 1668 3085 Justitia
1716 3047 1869 3096 vero,
1917 3047 2038 3101 quae

442 3115 503 3171 in
535 3119 770 3173 veritate
803 3120 1093 3189 requievit,
1125 3137 1374 3191 quaenam
1400 3124 1505 3177 alia
1537 3124 1726 3188 fuerit,
1773 3125 1882 3179 nisi
1918 3125 2034 3194 ipse

442 3204 592 3262 Deus
623 3206 866 3262 Verbum
899 3209 967 3265 de
995 3223 1106 3279 quo
1142 3211 1348 3265 dictum
1387 3221 1473 3268 est
1529 3232 1543 3268 ι
1601 3214 1704 3280 Qui
1743 3215 1917 3282 factus
1955 3224 2032 3269 est

443 3295 600 3350 nobis
631 3297 896 3366 sapientia
925 3314 959 3356 α
992 3296 1125 3362 Deo,
1151 3298 1371 3366 justitia
1410 3311 1460 3354 et
1493 3303 1848 3372 sanctiﬁcatio
1874 3312 1926 3357 et
1952 3320 2035 3358 re-

441 3387 676 3456 demptio
725 3387 813 3442 “‘2
859 3387 960 3444 Hic
1011 3405 1251 3460 namque
1296 3407 1364 3446 ex
1405 3392 1563 3446 caelis
1604 3392 1944 3449 descendens
1977 3394 2032 3447 in

443 3478 699 3544 veritate,
733 3495 855 3550 quae
889 3481 958 3536 de
992 3492 1139 3537 terra
1171 3490 1294 3538 orta
1337 3492 1442 3548 est,
1490 3484 1776 3554 requievit,
1824 3485 2037 3556 ipsique

441 3569 797 3640 conjunctus,
831 3587 933 3626 ceu
966 3572 1222 3630 dilectam
1253 3574 1565 3629 amabiliter
1593 3590 1714 3630 eam
1746 3577 2037 3646 amplexa-

449 3666 546 3714 tus
569 3669 675 3716 est.
711 3661 946 3718 Veritati
985 3679 1154 3735 porro
1211 3665 1279 3720 de
1333 3673 1476 3720 terra
1518 3675 1652 3721 ortae
1693 3683 2036 3737 praecurrens

447 3751 642 3806 aderat
668 3755 1047 3810 misericordia
1072 3773 1086 3812 ι
1113 3772 1209 3828 per
1229 3758 1667 3813 misericordiam
1693 3761 1896 3831 quippe
1918 3760 2034 3825 Dei,

451 3852 569 3898 tota
597 3847 848 3903 veritatis
888 3849 1230 3918 dispensatio
1274 3850 1417 3904 facta
1450 3857 1556 3906 est.
1586 3849 1870 3908 Justitiam
1910 3867 2039 3908 vero

446 3937 519 3991 de
551 3937 693 3992 caelo
728 3938 1008 4010 delapsam
1043 3956 1145 4012 pax
1179 3943 1547 4011 sequebatur;
1570 3953 1630 3997 ut
1657 3943 1909 4000 homines
1931 3953 2042 4000 ter-

447 4045 569 4086 ram
600 4031 930 4097 incolentes,
972 4049 1082 4088 non
1112 4035 1288 4089 solum
1325 4035 1699 4091 misericordia
1730 4035 1826 4091 Dei
1860 4045 1915 4091 et
1948 4054 2040 4093 ve-

447 4123 637 4190 ritate,
675 4124 770 4179 sed
797 4125 965 4180 etiam
995 4125 1090 4180 illa
1122 4127 1337 4183 caelesti
1376 4128 1595 4198 justitia
1627 4137 1681 4184 et
1716 4129 1837 4198 ejus
1864 4129 2040 4186 amica

2141 1927 2302 1999 μόνου
2347 1928 2380 1996 ἡ
2410 1925 2636 1997 ἀλήθεια
2682 1927 2745 1982 ὲκ
2777 1924 2874 1995 τῆς
2924 1924 3027 1995 γῆς
3071 1922 3376 1977 ἀνέτειλεν
3420 1922 3717 1994 ἐπειδήπερ

2137 2020 2301 2084 αὐτὸς
2345 2016 2413 2093 ἦν
2453 2021 2487 2091 ἡ
2527 2018 2777 2090 ἀλήθεια,
2829 2019 2857 2071 ὃ
2905 2035 2962 2077 τε
2997 2015 3097 2086 τῆς
3145 2015 3507 2086 εύαγγελικῆς
3552 2016 3718 2069 αὑτοῦ

2135 2113 2484 2177 διδασκαλίας
2516 2112 2674 2180 λόγος
2714 2112 2813 2164 οὐκ
2847 2109 2921 2164 ἔθ’
2957 2110 3034 2174 ὡς
3063 2110 3125 2171 τὸ
3159 2109 3386 2164 παλαιὸν
3434 2110 3491 2161 ὲν
3529 2108 3719 2170 τύποις

2137 2206 2232 2259 καὶ
2261 2206 2351 2259 διὰ
2385 2204 2672 2276 συμϐόλων
2717 2203 3068 2274 παραδέδοτο,
3102 2201 3237 2255 ἀλλά
3286 2201 3353 2253 δι’
3383 2201 3550 2270 αὐτῆς
3587 2199 3718 2269 ἀλη-

2138 2297 2308 2360 θείας.
2333 2295 2424 2348 me
2446 2295 2658 2367 εἴρηται
2681 2312 2692 2323 ο
2733 2295 2787 2346 Ὁ
2817 2295 3000 2362 νόμος
3033 2292 3131 2346 διὰ
3144 2291 3441 2356 Μωῦσέως
3462 2291 3662 2356 ἐδόθη,
3679 2290 3717 2355 ἡ

2136 2388 2308 2459 χάρις
2344 2389 2444 2442 καί
2471 2388 2508 2454 ἡ
2539 2387 2794 2456 ἀλήθεια
2820 2385 2916 2439 διὰ
2952 2384 3146 2452 Ἰησοῦ
3173 2382 3430 2452 Χριστοῦ
3460 2382 3717 2451 ἐγένετο.

2136 2479 2248 2532 Καὶ
2278 2480 2447 2541 πᾶσαι
2476 2478 2532 2531 δὲ
2562 2477 2727 2532 αὑτοῦ
2754 2478 2808 2530 αἰ
2858 2474 3086 2548 πράξεις
3126 2475 3350 2546 ἀλήθεια
3382 2469 3541 2545 ἦσαν,
3581 2474 3616 2543 ἦ
3660 2486 3721 2524 τε

2137 2571 2352 2641 γένεσις
2386 2571 2551 2626 αὑτοῦ
2587 2571 2765 2625 καὶτὸ
2794 2569 2965 2632 πάθος
2997 2570 3091 2622 καλ⁴
3113 2568 3181 2621 τὰ.
3213 2567 3396 2631 λοιπὰ,
3418 2567 3454 2620 ἀ
3484 2566 3548 2638 δὴ
3578 2565 3722 2619 ιητὰ

2136 2664 2358 2734 δόκησιν
2393 2665 2486 2718 καὶ
2533 2663 2839 2732 φαντασίαν
2876 2659 3144 2715 ὑπέλαϐον
3171 2659 3449 2728 γεγονέναι
3484 2660 3532 2710 οἱ
3573 2656 3723 2710 ἄθεοι

2138 2754 2476 2826 αἰρεσιῶται.
2518 2755 2582 2806 Εἰ
2603 2753 2658 2807 δὲ
2697 2752 2792 2805 καὶ
2818 2754 2925 2814 πᾶς
2959 2749 3243 2822 ἄνθρωπος
3273 2749 3533 2819 ψεύστης,
3564 2747 3722 2820 μόνος

2139 2847 2205 2901 ἂν
2235 2846 2395 2910 αὐτὸς
2419 2846 2664 2911 εἰκότως,
2691 2846 2913 2919 ἀλήθεια
2942 2844 3040 2908 ὢν,
3068 2843 3177 2897 ἀπὸ
3200 2841 3301 2912 τῆς
3330 2842 3433 2912 γῆς
3460 2841 3721 2904 ἀνέτειλε,

2141 2937 2292 3006 ξένον
2321 2957 2372 2992 τι
2397 2939 2585 3010 χρῆμα
2619 2939 2718 3009 τῆς
2755 2940 2858 3012 γῆς
2879 2977 2893 3002 ,
2943 2937 3037 2991 καὶ
3071 2930 3181 2989 οἷον
3220 2935 3564 2990 οὐδεπώποτε
3595 2947 3724 3005 $.39-

2139 3031 2409 3102 ηνέγκατο
2440 3030 2666 3100 ἀγαθὸν,
2690 3029 3029 3102 ἀποδούσηςο
3067 3031 3152 3098 ἐφ’
3187 3027 3244 3082 δν
3271 3029 3366 3082 καὶ
3397 3031 3429 3099 ἡ
3467 3027 3524 3092 ἐξ
3558 3028 3723 3098 ούρα-

2141 3123 2234 3179 νοῦ
2263 3124 2574 3194 διακύψασα
2597 3123 2910 3194 δικαιοσύνη
2944 3122 3305 3178 ἀνεπαύσατο.
3335 3121 3430 3183 Τίς
3464 3121 3506 3172 δ’
3540 3119 3603 3174 ἂν
3638 3121 3722 3189 εἴη

2139 3217 2507 3288 ήίδικαιοσύνη
2529 3219 2561 3287 ἡ
2586 3216 3022 3286 ἀναπαυσαμένη
3049 3216 3140 3268 ἐπὶ
3162 3215 3259 3284 τὴν
3282 3214 3538 3284 ἀλήθειαν
3560 3213 3722 3282 ἀλλ’ἢ

2138 3309 2301 3372 αὐτὸς
2335 3311 2363 3362 ό
2396 3309 2528 3370 Θεὸς
2570 3307 2743 3374 Λόγος
2765 3345 2779 3368 ,
2813 3307 2942 3376 περὶ
2969 3299 3029 3358 οὗ
3060 3304 3296 3377 εἴρηται,
3337 3307 3432 3370 Ὃς
3471 3303 3724 3374 ἐγενήθη

2138 3401 2283 3470 ἡμῖν
2327 3399 2515 3467 σοφία
2559 3396 2678 3451 ἀπὸ
2713 3397 2884 3462 Θεοῦ,
2918 3395 3274 3462 δικαιοσύνη
3318 3411 3381 3449 τε
3431 3393 3531 3450 καὶ
3563 3394 3726 3462 ἁγια-

2138 3491 2294 3562 σμὸς
2338 3490 2435 3543 καί
2484 3489 2938 3554 ἀπολύτρωσις;
2983 3481 3149 3550 Οὗτος
3187 3486 3326 3555 γὰρ,
3363 3484 3422 3550 ἐξ
3472 3484 3721 3555 οὐρανῶν

2140 3581 2404 3644 καταϐὰς,
2436 3580 2852 3634 ὲπανεπαύσατο
2881 3581 2947 3651 τῇ
2988 3579 3094 3632 ἀπὸ
3124 3578 3221 3649 τῆς
3252 3578 3356 3647 γῆς
3396 3575 3726 3648 ἀνατειλάσῃ

2140 3675 2388 3748 ἀληθείᾳ,
2417 3673 2602 3745 ἠνώθη
2637 3690 2696 3726 τε
2746 3675 2922 3744 αὐτῇ,
2955 3672 3051 3726 καὶ
3096 3671 3172 3734 ὡς
3219 3670 3347 3741 φίλῃ
3391 3667 3727 3741 περιπλοκὰς

2141 3771 2309 3824 ἔδωκε
2340 3768 2584 3839 φιλικὰς.
2612 3766 2786 3836 Συνῆν
2817 3768 2873 3822 δὲ
2913 3769 2980 3837 τῇ
3015 3765 3114 3836 μὲν
3149 3766 3258 3819 ἀπὸ
3304 3764 3403 3835 τῆς
3449 3763 3554 3832 γῆς
3591 3763 3726 3816 ἀνα-

2141 3860 2365 3933 τειλάσῃ
2394 3857 2624 3929 ἀληθείᾳ
2651 3857 2712 3910 τὸ
2750 3855 2900 3920 ἔλεος
2935 3855 3235 3928 προτρέχον
3276 3855 3441 3924 αὐτῆς
3464 3871 3476 3884 ·
3505 3853 3594 3906 διὰ
3620 3851 3728 3920 γὰρ

2141 3951 2202 4004 τὸ
2228 3949 2319 4002 τοῦ
2349 3948 2483 4002 Θεοῦ
2519 3947 2668 4011 ἕλεος
2689 3948 2724 4018 ἠ
2760 3947 2912 3999 πᾶσα
2937 3945 3036 4015 τῆς
3059 3943 3314 4014 ἀληθείας
3339 3942 3560 4011 γέγονεν
3587 3942 3730 3992 οἱκο-

2141 4042 2335 4114 νομία·
2388 4040 2550 4112 τῇδὲ
2604 4038 2664 4104 ἐξ
2699 4037 2944 4110 οὐρανῶν
3008 4033 3344 4106 κατελθθύσῃ
3406 4031 3727 4105 δικαιοσύνῃ

2143 4135 2381 4205 εἴπετο,ὴ
2404 4134 2616 4204 εἰρήνη,
2644 4133 2791 4194 ὅπως
2813 4130 2981 4200 οίλὲπὶ
3015 4130 3117 4200 γῆς
3145 4127 3422 4188 οἰκοῦντες
3450 4124 3729 4196 ἄνθρωποι

449 4225 589 4284 pace
636 4212 973 4270 fruerentur.
1007 4215 1142 4270 Nam
1174 4218 1302 4271 olim
1349 4217 1568 4287 quidem
1601 4217 1829 4288 iustitiae
1858 4227 1914 4274 et
1946 4234 2037 4290 pa—

2149 4227 2222 4298 μὴ
2267 4225 2426 4296 μόνον
2481 4224 2630 4276 ἐλέου
2669 4223 2803 4276 Θεοῦ
2852 4222 2946 4275 καὶ
2999 4219 3256 4289 ἀληθείας
3310 4215 3727 4281 ἀπολαύσωσιν,

448 4304 532 4358 cis
561 4303 904 4360 domicilium
936 4307 1138 4361 caelum
1183 4317 1342 4375 erat;
1381 4325 1526 4364 nunc
1565 4325 1697 4365 vero
1737 4319 1880 4366 terra
1915 4326 2037 4366 cum

2144 4318 2284 4372 ἀλλὰ
2308 4319 2400 4371 καὶ
2441 4317 2542 4388 τῆς
2574 4315 2631 4383 ἐξ
2664 4313 2908 4388 οὐρανῶν
2948 4312 3318 4385 δικαιοσύνης,
3358 4312 3474 4382 ἅμα
3503 4309 3597 4363 καὶ
3631 4309 3730 4378 τῆς

451 4397 836 4451 misericordia
863 4395 956 4451 Dei
981 4398 1035 4451 in
1063 4406 1209 4453 terra
1241 4400 1503 4454 substitit.
1527 4397 1662 4453 Nam
1692 4401 1807 4456 haec
1835 4401 2037 4456 subse-

2145 4409 2350 4482 ταύτης
2401 4408 2563 4480 φίλης
2614 4408 2858 4478 εἰρήνης.
2909 4404 3085 4458 Πάλαι
3137 4403 3234 4474 μὲν
3267 4403 3376 4474 γὰρ
3420 4402 3732 4472 οἰκητήριον

449 4487 740 4557 quentium
770 4503 940 4543 causa
976 4489 1079 4543 fuit

448 4579 746 4634 ricordiam
780 4580 988 4650 reliqua
1013 4583 1198 4639 omnia
1232 4590 1422 4639 secuta
1453 4591 1583 4638 sunt
1613 4603 1624 4639 :
1659 4591 1782 4654 post
1817 4586 2041 4640 miseri-

451 4671 698 4726 cordiam
731 4673 934 4742 quippe
961 4673 1186 4737 veritas,
1215 4674 1343 4728 hinc
1368 4674 1605 4744 justitia,
1637 4675 1872 4746 denique
1906 4692 2037 4747 pax.

450 4763 532 4819 De
569 4763 864 4821 Servatore
901 4774 1050 4821 certe
1082 4775 1276 4821 nostro
1307 4766 1512 4822 diserte
1550 4768 1812 4823 scribitur
1847 4787 1859 4823 :
1901 4769 2042 4834 Quia

451 4855 565 4923 ipse
593 4863 672 4907 est
697 4871 805 4922 pax
838 4867 1042 4922 nostra,
1077 4858 1167 4928 qui
1209 4856 1332 4926 fecit
1368 4867 1592 4928 utraque
1633 4874 1796 4911 unum
1831 4860 1907 4928 “;
1941 4867 1995 4915 et
2027 4881 2040 4916 :

453 4943 760 5014 Paci/icans
786 4963 878 5016 per
903 4966 956 5003 se
984 4951 1090 5005 sive
1116 4967 1235 5020 qua:
1256 4951 1310 5004 in
1339 4950 1504 5012 caelis,
1540 4952 1645 5006 sive
1673 4968 1791 5023 qua:
1820 4954 1875 5006 in
1902 4965 2044 5009 terra

454 5046 580 5091 sunt
603 5037 648 5070 ⁵⁸
669 5056 682 5104 ;
706 5054 770 5094 ac
798 5055 1020 5095 rursum
1055 5061 1067 5098 :
1113 5041 1334 5097 Veniens
1365 5044 1744 5114 euangelizavit
1769 5061 1950 5114 pacem
1975 5048 2042 5109 iis

455 5131 547 5200 qui
578 5131 749 5203 longe,
786 5141 837 5186 et
878 5135 944 5188 iis
1004 5136 1095 5205 qui
1124 5151 1282 5204 prope
1335 5145 1460 5189 sunt
1492 5137 1560 5190 ⁸⁸.
1619 5135 1750 5192 Jure
1801 5154 1932 5208 ergo
1985 5140 2042 5194 in

454 5220 675 5280 Psalmo
714 5224 920 5280 dicitur
951 5227 1084 5282 illud
1124 5249 1135 5283 :
1186 5227 1561 5282 Verumtamen
1599 5245 1758 5298 prope
1802 5231 2040 5285 timentes

456 5331 578 5371 eum
633 5315 874 5371 salutare
908 5317 1097 5386 ipsius,
1120 5329 1178 5373 ut
1203 5319 1456 5373 inhabitet
1488 5319 1661 5388 gloria
1691 5321 1745 5374 in
1777 5330 1918 5375 terra
1951 5339 2044 5375 no-

458 5417 594 5464 stra.
627 5407 795 5462 Multa
818 5412 1020 5480 quippe
1050 5426 1353 5483 magnaque
1376 5413 1557 5480 gloria
1589 5412 1643 5466 in
1669 5422 1815 5466 terra
1833 5422 2044 5480 nostra,

461 5500 717 5556 videlicet
737 5500 796 5555 in
821 5502 974 5569 orbe,
1007 5519 1101 5574 per
1125 5505 1537 5575 pr0phetiarum
1560 5513 1814 5560 eventum
1836 5506 2048 5562 consti-

462 5591 548 5653 tit.
574 5591 640 5646 Et
659 5593 774 5663 qui,
789 5611 996 5666 quaeso,
1016 5611 1125 5653 non
1149 5597 1464 5653 habitatura
1485 5606 1604 5652 erat
1625 5598 1796 5666 gloria
1818 5599 1872 5653 in
1902 5605 2048 5654 terra

464 5688 676 5747 nostra,
700 5685 921 5754 quando
954 5689 1201 5743 salutare
1231 5687 1424 5757 ipsius,
1457 5687 1712 5744 Christus
1732 5687 1851 5752 Dei,
1876 5696 1932 5744 et
1954 5689 2049 5743 illa

538 5836 582 5876 "
611 5835 769 5900 Joaln.
807 5855 859 5908 ι,
901 5840 985 5897 l7.

1129 4509 1144 4546 :
1193 4491 1463 4560 siquidem
1499 4503 1721 4562 propter
1749 4491 1846 4546 Dei
1881 4493 2037 4550 mise-

2148 4498 2411 4567 ἐτύγχανε
2439 4497 2539 4568 τῆς
2563 4494 2908 4565 δικαιοσύνης
2937 4495 3031 4547 καὶ
3057 4493 3158 4563 τῆς
3201 4494 3423 4564 εἰρήνης
3466 4489 3694 4561 οὐρανός
3716 4507 3728 4520 -

2148 4590 2240 4644 νῦν
2270 4590 2326 4642 δὲ
2353 4591 2445 4643 καὶ
2471 4591 2503 4658 ἡ
2530 4588 2623 4659 γῆ,
2652 4588 2739 4641 ὅτε
2771 4587 2862 4639 ἐπὶ
2883 4587 2983 4656 τῆς
3014 4586 3116 4657 γῆς
3139 4585 3345 4656 ὑπέστη
3376 4584 3434 4637 τὸ
3467 4583 3615 4646 ἕλεος
3637 4581 3732 4634 τοῦ

2146 4679 2477 4734 Θεοῦ.Τοῦτο
2491 4679 2561 4747 γά
2569 4697 2598 4750 ρ
2612 4674 2680 4749 ἦν
2697 4679 2789 4730 καὶ
2803 4677 2910 4730 τῶν
2929 4676 3052 4748 ἑξῆς
3072 4675 3262 4731 αἴτιον*
3277 4675 3364 4728 διὰ
3383 4675 3492 4746 γὰρ
3507 4675 3567 4727 τὸ
3589 4675 3736 4738 ἕλεος

2149 4773 2242 4825 τοῦ
2269 4771 2405 4825 Θεοῦ
2448 4771 2544 4824 καὶ
2579 4770 2646 4822 τὰ
2691 4769 2857 4821 λοιπὰ
2888 4769 3065 4822 πάντα
3122 4766 3560 4838 ἐπηκολούθησε·
3598 4764 3736 4836 μετὰ

2148 4865 2258 4936 γὰρ
2292 4865 2350 4916 τὸ
2378 4863 2522 4925 ἕλεος
2559 4865 2591 4933 ἡ
2619 4861 2862 4933 ἀλήθεια,
2892 4859 3082 4914 ἔπειτα
3104 4861 3136 4930 ἡ
3157 4859 3491 4929 δικαιοσύνη,
3516 4857 3612 4912 καὶ
3645 4860 3736 4910 ἐπὶ

2146 4959 2362 5026 πᾶσινή
2389 4955 2920 5026 εἰρήνη.Γέγραπται
2942 4954 3000 5007 δὲ
3024 4951 3209 5021 σαφῶς
3232 4951 3468 5022 περὶτοῦ
3487 4951 3636 5021 Σωτῆ
3647 4967 3734 5020 ρος

2143 5047 2322 5120 ἡμῶν,
2360 5049 2480 5099 Ὅτι
2505 5047 2687 5112 αὑτός
2715 5047 2887 5099 ἐστιν
2929 5044 2968 5112 ἠ
3001 5042 3209 5112 εἰρήνη
3243 5042 3432 5112 ἡμῶν,
3473 5040 3735 5107 ποιήσας

2146 5140 2220 5195 τὰ
2245 5141 2546 5210 ἀμφότερα
2569 5137 2639 5191 ἓν
2657 5155 2670 5168 ·
2705 5137 2819 5201 καὶ,
2844 5133 3327 5204 Εἰρηνοποιήσας
3346 5133 3420 5187 δι’
3447 5133 3631 5187 αὑτοῦ
3663 5131 3739 5184 τὰ

2148 5233 2218 5286 ἐν
2246 5230 2369 5298 τοῖς
2405 5230 2684 5298 οὐρανοῖς
2718 5230 2816 5284 καὶ
2856 5228 2929 5283 τὰ
2966 5228 3064 5280 ἐπὶ
3096 5226 3206 5294 τῆς
3240 5225 3354 5297 γῆς
3377 5244 3390 5256 ·
3417 5227 3512 5280 καὶ
3539 5223 3727 5278 πάλινο

2162 5321 2383 5377 Ἐλθὼν
2435 5324 2650 5391 suum;
2673 5321 2874 5374 νίσατο
2913 5319 3163 5388 εἰρήνην
3207 5317 3331 5384 τοῖς
3352 5318 3592 5388 μακρὰν
3639 5315 3737 5368 καὶ

2149 5413 2276 5481 τοῖς
2307 5413 2507 5484 ἐγγύς.
2536 5413 2777 5477 Εἰκότως
2821 5408 2915 5465 οὖν
2967 5410 3055 5464 διὰ
3077 5410 3254 5465 ταῦτα
3301 5413 3359 5466 ἐν
3407 5411 3486 5481 τῷ
3538 5407 3738 5480 ψαλμῷ

2151 5504 2366 5575 εἴρηται
2391 5503 2472 5569 τὸ,
2500 5503 2676 5571 Πλὴν
2700 5503 2883 5573 ἐγγὺς
2904 5502 3025 5558 τῶν
3047 5500 3434 5571 φοϐουμένων
3460 5500 3646 5555 αὐτὸν
3670 5499 3739 5552 τὸ

2149 5596 2451 5663 σωτήριον
2499 5592 2718 5659 αὐτοῦ,
2776 5594 2884 5648 τοῦ
2924 5593 3390 5662 κατασκηνῶσαι
3435 5591 3626 5657 δόξαν
3671 5592 3740 5646 ἐν

2152 5687 2229 5758 τῇ
2255 5685 2339 5762 γῇ
2355 5686 2553 5758 ἡμῶν,
2570 5687 2882 5759 Πολλὴ-γᾴρ
2907 5687 3001 5740 καὶ
3030 5685 3241 5756 μεγάλη
3270 5685 3396 5752 δόξα
3421 5685 3481 5739 ὲν
3513 5688 3582 5766 τῇ,
3605 5685 3740 5762 tutae

1088 5843 1133 5876 ³³
1173 5841 1192 5896 Ι
1233 5842 1359 5898 Cor.
1400 5859 1450 5911 ι,
1485 5842 1576 5902 50.
1654 5843 1700 5876 ⁵³
1738 5841 1938 5916 Ephes.
1978 5859 2037 5897 ut

2140 5841 2174 5900 l.
2251 5844 2297 5876 "
2334 5841 2455 5898 Col.
2494 5857 2547 5909 ι,
2581 5841 2668 5898 20.
2747 5842 2793 5872 “
2835 5838 3032 5914 Ephes.
3071 5853 3149 5906 It,
3193 5839 3278 5898 i7.
