4066 6430
396 428 538 482 1025

1561 409 2062 478 COMMENTARIA
2103 421 2174 477 1N
2211 411 2574 482 PSALMOS.-

3511 427 3651 490 {026

391 549 527 622 τέρᾳ
553 548 646 618 γῇ,
684 545 828 614 λέγω
853 544 907 597 δέ
936 545 1000 615 τῇ
1049 541 1156 596 τῶν
1187 542 1499 614 ἀνθρώπων
1529 543 1846 615 οἰκουμένῃ,
1885 543 1965 597 διὰ

2078 545 2146 598 de
2175 545 2317 600 coelo
2349 543 2564 616 justitia
2595 543 2665 598 ad
2693 551 2812 600 eam
2839 543 3098 602 accedere
3119 546 3339 617 dignata
3360 555 3446 604 est
3467 549 3491 602 ?
3513 549 3652 605 Cum

391 642 490 712 τῆς
535 638 640 691 τῶν
685 637 1174 709 προφητεύομένων
1230 634 1510 698 ἐκϐάσεως
1552 636 1806 706 συνέστη.
1861 637 1969 688 Καὶ

392 731 512 795 πῶς
553 731 662 802 γὰρ
699 730 798 782 οὐκ
848 729 1049 799 ἤμελλε
1095 727 1467 798 κατασκηνοῦν
1514 727 1642 793 δόξα
1684 728 1742 780 ἐν
1785 730 1850 799 τῇ
1897 731 1968 799 γῇ

390 827 423 896 ἡ
435 823 571 896 μῶν,
598 823 686 875 ὅτε
715 821 890 875 καὶτὸ
929 823 1191 892 σωτήριον
1217 819 1311 872 τοῦ
1357 817 1548 884 αὐτοῦ,
1576 819 1737 882 αὐτὸς
1772 821 1801 872 ό
1832 821 1971 890 Χρι-

393 916 516 977 στὸς
538 913 724 978 αὐτοῦ,
747 913 840 966 καὶ
865 913 898 983 ἡ
925 911 983 977 ἐξ
1004 910 1234 983 οὐρανοῦ
1257 908 1594 980 δικαιοσύνη,
1623 909 1825 979 ταύτης
1851 911 1971 963 ἐπι-

392 1005 550 1076 ϐῆναι
584 1002 922 1075 κατηξίωσε;
965 1003 1148 1057 Ταῦτα
1187 1003 1244 1056 δὲ
1291 1001 1468 1055 πάντα
1517 1002 1826 1066 ἐπακούσας
1872 1002 1969 1055 τοῦ

389 1095 523 1149 Θεοῦ
555 1096 943 1167 προορίσαντος
967 1096 1060 1148 καὶ
1102 1093 1538 1166 προλαλήσαντος
1569 1094 1663 1146 ἐπὶ
1715 1094 1806 1147 τὸν
1839 1093 1970 1147 λαὸν

394 1187 583 1251 αὐτοῦ,
609 1187 853 1251 θεσπίζει
881 1187 1017 1258 μετά
1043 1186 1141 1258 τὴν
1167 1186 1354 1256 εὐχὴν,
1383 1186 1580 1238 εἰπών’
1621 1187 1970 1256 Ἀκούσομαι

392 1278 450 1331 τί
477 1279 739 1347 λαλήσει
763 1280 977 1346 Κύριος
997 1281 1030 1332 ό
1055 1280 1230 1344 Θεόςδ
1257 1279 1337 1330 διὸ
1358 1278 1638 1349 ἐπήγαγεν
1668 1278 1822 1349 ἑξῆς·
1849 1278 1971 1332 ’Ὁτι

389 1367 652 1437 λαλήσει
680 1371 928 1438 εἰρήνην
947 1369 1046 1422 ἐπὶ
1069 1370 1180 1423 τόν
1210 1369 1365 1423 λαόν
1397 1369 1603 1423 αὐτοῦ.
1647 1368 1794 1440 Αὕτη
1847 1370 1904 1423 δέ
1934 1371 1968 1441 ἡ

389 1461 583 1532 εἰρήνη
609 1461 798 1530 γέγονε
821 1460 897 1530 τῷ
919 1461 1054 1531 λαῷ,
1077 1462 1166 1513 ὅτε
1186 1459 1246 1514 τὸ
1261 1460 1408 1524 ἔλεος
1428 1462 1568 1532 καὶὴ
1595 1461 1820 1534 ἀλήθεια
1843 1478 1969 1514 συν-

392 1553 652 1624 ήντησαν,
686 1555 720 1624 ἠ
758 1571 816 1606 τε
843 1552 1155 1625 δικαιοσύνη
1182 1554 1276 1606 καὶ
1303 1555 1335 1624 ἡ
1358 1556 1547 1625 εἰρήνη
1578 1553 1966 1625 κατεφίλησαν.

389 1639 490 1699 Ὧν
507 1643 676 1710 οῦτως
703 1645 955 1716 ἐχόντων,
987 1647 1082 1698 καί
1103 1645 1173 1698 τὰ
1210 1646 1309 1717 τῆς
1336 1646 1503 1716 εὐχῆς
1529 1647 1845 1700 ἀποδέδοται
1872 1645 1965 1698 τοῦ

386 1738 694 1809 Προφήτου,
736 1740 831 1792 καί
853 1739 922 1792 τὰ
958 1739 1064 1810 πρὸ
1091 1740 1191 1810 τῆς
1219 1739 1384 1808 εὐχῆς
1405 1739 1688 1810 εἰρημένα.
1728 1739 1836 1792 Καὶ
1859 1739 1967 1808 γὰρ

2072 634 2185 688 haec
2207 643 2387 690 autem
2419 635 2602 689 omnia
2625 650 2657 690 a
2685 633 2797 691 Deo
2819 635 3046 691 definita
3078 647 3132 692 et
3161 640 3525 708 praenuntiata
3550 657 3649 696 au-

2069 724 2266 792 disset,
2325 733 2450 795 post
2489 724 2693 780 editam
2741 726 3044 781 orationem
3086 731 3200 782 haec
3249 729 3581 784 vaticinatur
3635 749 3650 787 :

2069 815 2304 870 Audiam
2327 817 2452 889 quid
2479 817 2720 886 loquetur
2740 817 2796 871 in
2818 834 2898 873 me
2925 817 3184 873 Dominus
3207 819 3352 875 Deus
3376 839 3395 886 ;
3422 823 3656 893 ideoque

2070 909 2269 980 pergit,
2291 911 2539 979 quoniam
2560 911 2800 980 loquetur
2820 927 3002 979 pacem
3022 913 3078 966 in
3105 912 3303 982 plebem
3326 930 3502 970 suam.
3525 915 3654 971 Haec

2070 1016 2200 1057 vero
2229 1016 2335 1071 pax
2366 1010 2481 1055 tum
2520 1002 2722 1072 populo
2759 1018 3024 1059 concessa
3053 1013 3159 1066 est,
3195 1021 3320 1060 cum
3352 1009 3656 1063 misericor-

2069 1091 2162 1146 dia
2192 1101 2243 1146 et
2271 1095 2461 1147 veritas
2492 1094 2826 1148 obviaverunt
2857 1095 2980 1160 sibi,
3011 1095 3230 1165 justitia
3268 1106 3320 1151 et
3364 1114 3470 1166 pax
3504 1117 3659 1154 oscu-

2071 1184 2196 1238 lata
2223 1195 2366 1238 sunt.
2412 1184 2544 1251 Quae
2594 1201 2721 1240 cum
2762 1187 2838 1242 ita
2877 1203 2938 1242 se
2972 1187 3231 1254 habeant,
3279 1205 3403 1245 cum
3441 1207 3505 1246 ea
3536 1209 3658 1263 quas

2073 1273 2349 1345 Propheta
2381 1283 2638 1346 precatus
2668 1276 2865 1345 fuerat,
2901 1285 3017 1334 tum
3039 1294 3102 1334 ea
3136 1296 3257 1350 quae
3289 1291 3414 1336 ante
3450 1285 3658 1338 oratio-

2070 1377 2197 1420 nem
2227 1366 2459 1433 dixerat,
2488 1375 2753 1424 c0ncessa
2786 1366 2960 1424 fuere.
2995 1367 3131 1422 Nam
3153 1371 3432 1426 benedixit
3459 1371 3644 1427 Domi-
3713 1422 3717 1427 .

2070 1471 2175 1510 nus
2215 1463 2418 1511 terram
2462 1472 2644 1524 suam,
2677 1458 3056 1515 misericordia
3084 1468 3140 1514 et
3176 1461 3401 1517 veritate
3435 1477 3499 1516 ac
3528 1463 3657 1517 reli-

2070 1548 2194 1618 quis
2220 1549 2478 1620 dignatus
2513 1550 2814 1621 eam;quin
2847 1553 3010 1608 etiam
3045 1553 3350 1610 animarum
3385 1553 3655 1608 humana-

2070 1655 2190 1692 rum
2225 1641 2596 1709 captivitatem
2630 1642 2848 1708 avertit,
2885 1643 3066 1697 soluto
3110 1643 3250 1696 bello
3281 1643 3547 1712 quolibet,
3589 1659 3655 1700 ac

2071 1733 2423 1787 reconciliata
2466 1748 2617 1802 pace,
2653 1732 2949 1806 fractisque
2982 1735 3220 1791 vinculis
3267 1751 3330 1789 ac
3371 1737 3652 1806 compedi—

385 1829 644 1900 εὐδόκησε
685 1827 891 1900 Κύριος
915 1829 1012 1900 τὴν
1045 1831 1150 1900 γῆν
1185 1829 1374 1893 αὐτοῦ,
1422 1830 1768 1895 καταξιώσας
1795 1832 1965 1901 αὐτὴν

2075 1824 2179 1879 bus
2203 1839 2298 1893 per
2323 1835 2609 1894 peccatum
2636 1826 2896 1881 inductis.
2922 1825 3286 1892 Quamobrem
3311 1827 3437 1882 huic
3461 1827 3607 1881 dicto
3631 1846 3648 1882 :

385 1919 570 1984 ἐλέους
598 1921 692 1974 καὶ
723 1921 981 1992 ἀληθείας
1017 1922 1238 1975 καὶτῶν
1263 1921 1466 1976 λοιπῶν
1485 1939 1499 1952 ·
1534 1922 1670 1976 ἀλλὰ
1694 1919 1789 1977 καί
1829 1922 1965 1976 ἀπέ-

2070 1917 2326 1970 Avertisti
2351 1917 2707 1984 captivitatem
2730 1916 2919 1981 Iacob,
2950 1917 3094 1972 istud
3121 1917 3471 1987 subjungitur
3502 1935 3516 1972 :
3551 1916 3653 1970 Re:-

389 2013 587 2083 στρεψε
631 2013 728 2084 τὴν
781 2014 1158 2085 αἰχμαλωσίαν
1189 2014 1298 2069 τῶν
1351 2014 1706 2087 ἀνθρωπίνων
1757 2015 1964 2085 ψυχῶν,

386 2103 554 2167 λύσας
590 2104 688 2175 μὲν
718 2106 897 2160 πάντα
936 2105 1191 2176 πόλεμον,
1222 2106 1588 2179 χαρισάμενος
1620 2106 1676 2159 δέ
1701 2105 1799 2177 τὴν
1818 2107 1970 2176 εἰρή·

384 2213 506 2265 νην,
540 2197 634 2250 καὶ
663 2198 961 2270 διαρρήξας
997 2199 1125 2263 τοὺς
1159 2199 1412 2270 δεσμοὺς,
1442 2199 1538 2253 καὶ
1585 2199 1713 2262 τοὺς
1754 2197 1969 2261 κλοιοὺς

384 2288 512 2352 τούς
547 2289 656 2342 ἀπὸ
680 2291 779 2361 τῆς
819 2290 1092 2362 ἁμαρτίας
1131 2291 1542 2361 ἐγγενομένους.
1570 2288 1660 2342 Διὸ
1705 2282 1800 2344 καὶ
1845 2307 1970 2343 συν-

384 2380 556 2450 ἧπται
581 2378 678 2449 τῷ,
715 2379 1121 2448 Ἀπέστρεψας
1149 2378 1264 2447 τὴν
1295 2379 1716 2448 αἰχμαλωσίαν
1749 2378 1964 2444 Ἰακὼϐ,

385 2472 465 2535 τὸ,
522 2469 775 2538 Ἀερῆκας
843 2471 950 2536 τὰς
983 2469 1234 2541 ἀνομίας
1274 2470 1355 2536 τῷ
1388 2469 1516 2536 λαῷ
1561 2484 1716 2535 σου,
1760 2470 1964 2536 καὶτὸ,

395 2557 740 2629 Ἐκάλυψας
772 2559 976 2627 πάσας
1017 2564 1124 2628 τὰς
1160 2561 1450 2631 ἁμαρτίας
1506 2560 1724 2615 αὐτῶν.
1767 2562 1830 2613 Ἦ
1858 2562 1968 2633 γὰρ

381 2651 684 2722 ἐπιστροφὴ
727 2651 828 2721 τῆς
861 2651 1238 2722 αἰχμαλωσίας
1279 2653 1378 2705 οὐκ
1408 2652 1582 2715 ἄλλως
1625 2652 1965 2724 ἀπετελέσθη

380 2741 414 2813 ἢ
442 2743 508 2796 δι’
539 2741 787 2812 ἀφέσεως
817 2742 926 2795 τῶν
947 2743 1250 2814 ἁμαρτιῶν.
1283 2742 1406 2797 Ὅτι
1434 2743 1490 2796 δὲ
1536 2744 1631 2798 καὶ
1667 2743 1840 2798 ταῦτα
1877 2745 1966 2799 διὰ

381 2839 479 2907 τῆς
522 2834 616 2887 τοῦ
662 2834 910 2905 Σωτῆρος
957 2834 1116 2904 ήμῶν
1164 2834 1487 2903 ἐπιφανείας
1528 2834 1717 2897 τέλους
1751 2834 1961 2904 ἔτυχεν,

381 2925 542 2988 αὐτὸς
569 2924 808 2990 ἐδίδαξεν
846 2928 903 2978 ἐν
935 2927 1048 2987 τοῖς
1079 2922 1453 2992 Εὐαγγελίοις,
1487 2925 1597 2986 ὅτε,
1644 2911 1822 2977 λαϐὼν
1867 2926 1964 2995 τὴν

383 3014 566 3084 βίϐλον
595 3014 690 3068 τοῦ
723 3015 966 3078 Ἡσαΐου,
1003 3015 1098 3068 καί
1148 3014 1413 3082 ἀναγνοὺς
1445 3013 1524 3080 τὸ,
1567 3013 1808 3083 Πνεῦμα
1843 3019 1960 3068 Κυ-

375 3112 510 3178 ρίου
545 3110 638 3163 ἐπ’
667 3108 790 3179 ἐμὲ,
826 3100 898 3165 οὗ
940 3110 1172 3162 εἵνεκεν
1209 3105 1415 3175 ἐχρισέ
1447 3122 1542 3175 με,
1572 3105 1963 3174 εὐαγγελίσα-

380 3205 521 3258 σθαι
542 3201 798 3271 πτωχοῖς
820 3201 1167 3255 ἀπέσταλκέ
1179 3215 1275 3267 με,
1293 3195 1544 3265 κηρῦξαι
1565 3195 1963 3292 αἰχμαλώτοις
1987 3230 2034 3292 c

380 3291 621 3361 ἄφεσιν,
655 3294 748 3346 καὶ
782 3293 850 3344 τὰ
908 3291 1067 3362 ἐξῆς,
1119 3290 1419 3360 ἐπήνεγκεν
1452 3284 1660 3342 εἰπών’
1693 3286 1962 3355 Σήμερον

378 3383 756 3450 πεπλήρωται
783 3379 822 3449 ἠ
855 3381 1065 3450 Γραφὴ
1107 3381 1262 3448 αὕτη
1296 3381 1366 3433 ἐν
1411 3378 1537 3447 τοῖς
1574 3378 1726 3432 ὠσίν
1766 3379 1954 3447 ὑμῶν.

379 3473 442 3527 Εἰ
470 3474 513 3526 δ’
544 3469 636 3526 οὖν
667 3472 935 3544 ἐννοήσειέ
960 3490 1064 3538 τις,
1087 3472 1231 3526 εἴποι
1261 3471 1326 3526 ἂν
1346 3472 1408 3524 τὸ
1438 3472 1594 3540 γένος
1613 3470 1722 3524 τῶν
1751 3468 1959 3542 ἀνθρὼ-

381 3579 498 3617 πων
527 3563 694 3618 πάλαι
724 3564 988 3635 πρότερον
1009 3563 1385 3634 αἰχμαλωσίαν
1426 3563 1530 3615 ὑπὸ
1561 3560 1668 3614 τῶν
1709 3560 1957 3632 ἀοράτων

377 3654 675 3725 πολεμίων,
699 3653 808 3707 τῶν
835 3653 1050 3725 ἀληθῶς
1071 3653 1278 3726 ἐχθρῶν
1301 3652 1394 3706 τοῦ
1413 3652 1569 3718 Θεοῦ,
1593 3651 1957 3706 καθελκυσθέν

378 3748 458 3811 εἰς
489 3744 951 3814 εἰδωλολατρείας,
987 3745 1082 3798 καὶ
1123 3744 1302 3806 πάσας
1346 3742 1573 3812 πράξεις
1603 3741 1834 3812 αἰσχρὰς
1863 3741 1956 3794 καὶ

381 3837 694 3909 ἀθεμίτους,
725 3838 826 3890 οὐκ
857 3837 921 3890 ἂν
947 3836 1167 3906 ὀκνήσει
1203 3833 1383 3904 δεινὴν
1411 3833 1617 3904 ταύτην
1656 3833 1818 3901 φάναι
1853 3831 1956 3900 ψυι

378 3930 490 4001 χῶν
544 3925 919 4000 αἰχμαλωσίαν
946 3966 961 3990 ,
1010 3923 1082 3998 ἦς
1139 3923 1454 3987 ἀπαλλάξας
1503 3923 1598 3976 καὶ
1644 3921 1960 3992 ἐλευθέρους

378 4022 860 4095 καταστησάμενος
904 4020 1052 4091 ἡμᾶς
1089 4020 1119 4072 ὁ
1161 4016 1352 4088 Σωτὴρ
1383 4015 1477 4070 καὶ
1519 4013 1726 4086 Κύριος
1760 4014 1915 4085 ἡμῶν
1938 4053 1954 4080 ,

377 4114 570 4184 ἄφεσίν
605 4131 665 4168 τε
686 4113 776 4168 διὰ
794 4111 1021 4184 λουτροῦ
1050 4109 1467 4178 παλιγγενεσίας
1500 4107 1745 4163 παλαιῶν
1773 4108 1955 4180 πλημ-

2069 2008 2268 2061 misisti
2323 2009 2629 2078 iniquitates
2661 2008 2798 2077 plebi
2856 2018 2992 2071 tum;
3036 2019 3087 2064 et
3137 2009 3268 2062 illud
3318 2023 3330 2058 :
3383 2007 3651 2076 Operuisti

2070 2101 2246 2154 omnia
2278 2109 2493 2168 peccata
2518 2117 2722 2156 eorum.
2762 2100 2896 2154 Nam
2955 2100 3166 2154 reditus
3197 2116 3263 2156 ex
3309 2101 3648 2169 captivitate,

2068 2205 2179 2246 non
2211 2182 2319 2246 alio
2342 2208 2507 2263 quam
2529 2209 2628 2264 per
2678 2191 3065 2249 remissionem
3112 2200 3456 2262 peccatorum
3488 2191 3651 2246 modo

2068 2290 2259 2353 partus
2283 2291 2390 2339 est.
2419 2265 2606 2350 Quod.
2616 2291 2801 2338 autem
2848 2283 2964 2338 haec
2992 2297 3095 2353 per
3126 2282 3420 2337 adventum
3454 2281 3651 2337 Serva-

2069 2377 2205 2430 toris
2236 2377 2409 2430 nostri
2440 2376 2508 2432 ad
2529 2375 2780 2432 etl‘ectum
2801 2375 3036 2431 deducta
3069 2375 3201 2440 sint,
3231 2376 3347 2445 ipse
3383 2375 3439 2428 in
3473 2376 3651 2431 Evan-

2068 2467 2222 2536 geliis
2257 2467 2462 2532 docuit,
2527 2482 2650 2521 cum
2702 2474 2929 2537 accepto
2967 2466 3119 2522 Isaia:
3163 2467 3321 2530 libro,
3359 2474 3649 2537 postquam

2069 2558 2288 2628 legisset
2325 2557 2458 2613 illud
2492 2577 2504 2612 :
2539 2557 2769 2627 Spiritus
2821 2558 3031 2612 Domini
3074 2575 3230 2628 super
3280 2575 3382 2622 me,
3412 2575 3470 2612 eo
3510 2557 3649 2628 quod

2067 2651 2277 2702 unxerit
2310 2667 2410 2714 me,
2445 2650 2806 2720 euangelizare
2833 2649 3154 2720 pauperibus
3194 2650 3341 2703 misit
3382 2665 3482 2714 me,
3511 2665 3651 2717 pra:-

2066 2741 2246 2797 dicare
2275 2744 2494 2811 captivis
2519 2744 2879 2798 dimissionem
2911 2745 2977 2810 ⁵⁷,
3003 2750 3056 2797 et
3085 2750 3316 2810 caetera;
3354 2743 3537 2796 intulit
3562 2743 3649 2798 his

2064 2834 2246 2888 verbis
2276 2853 2288 2888 :
2329 2835 2499 2890 Hodie
2523 2836 2738 2905 impleta
2766 2842 2844 2889 est
2878 2834 2988 2888 Iuro
3033 2834 3310 2903 Scriptura
3339 2835 3394 2886 in
3427 2832 3645 2887 auribus

2066 2925 2249 2977 vestris
2281 2924 2347 2979 “.
2384 2923 2480 2979 llis
2511 2928 2558 2980 si
2596 2926 2720 2993 quis
2755 2925 2996 2978 animum
3027 2924 3304 2991 adhibeat,
3339 2924 3487 2978 dicat
3513 2938 3646 2979 sane

2065 3032 2237 3086 genus
2265 3016 2547 3072 hominum
2583 3019 2712 3072 olim
2748 3017 3119 3087 captivitatem
3154 3031 3374 3087 passum
3422 3031 3546 3072 esse
3575 3017 3648 3071 ab

2064 3109 2428 3164 invisibilibus
2451 3109 2710 3173 inimicis,
2747 3125 2873 3164 vere
2906 3108 3002 3164 Dei
3048 3107 3322 3173 hostibus,
3369 3108 3424 3161 in
3468 3107 3648 3161 idolo-

2063 3197 2280 3252 latriam
2341 3207 2395 3254 et
2424 3200 2480 3252 in
2510 3199 2688 3268 turpia
2714 3199 2899 3254 omnia
2934 3197 3252 3267 nefariaque
3284 3213 3449 3268 opera
3479 3199 3648 3268 pelle-

2063 3296 2246 3355 ctum;
2283 3305 2458 3359 neque
2492 3298 2781 3345 cunctetur
2818 3307 2939 3346 eam
2964 3305 3182 3361 gravem
3208 3291 3516 3344 animarum
3544 3304 3643 3344 ca-

2066 3383 2369 3454 ptivitatem
2405 3385 2785 3456 pronuntiare,
2829 3399 2938 3454 qua
2973 3399 3097 3440 cum
3130 3398 3231 3438 nos
3260 3382 3554 3454 eripuisset
3590 3379 3651 3435 li-

2065 3473 2337 3544 berosque
2370 3477 2750 3531 constituisset
2786 3474 3040 3530 Salvator
3067 3484 3120 3530 et
3144 3473 3407 3531 Dominus
3432 3482 3646 3541 noster,
3677 3524 3681 3530 .

2063 3577 2327 3619 concessa
2359 3580 2455 3634 per
2496 3565 2775 3620 lavacrum
2818 3565 3249 3635 regenerationis
3286 3565 3646 3635 pristinorum

2063 3653 2331 3707 scelerum
2357 3660 2412 3707 et
2434 3653 2774 3722 impietatum
2801 3655 2958 3708 venia
2985 3669 3049 3708 ac
3075 3654 3423 3720 remissione,
3455 3665 3648 3709 auctor

2060 3743 2222 3798 nobis
2256 3743 2360 3798 fuit
2416 3745 2717 3814 gratiarum
2761 3744 2996 3801 actionis
3048 3745 3105 3800 in
3170 3747 3382 3816 psalmo
3430 3747 3646 3817 positae,

2060 3838 2136 3892 ita
2170 3845 2229 3891 ut
2266 3853 2369 3893 nos
2417 3854 2636 3910 quoque
2691 3840 2876 3894 dicere
2918 3840 3198 3895 valeamus
3237 3859 3251 3896 :
3296 3840 3645 3907 Benedixisti,

2069 3930 2319 3995 Domine,
2356 3940 2552 3984 terram
2597 3941 2740 3984 tuam
2765 3970 2778 3994 ,
2812 3933 3048 3984 avertisti
3076 3932 3431 4001 captivitatem
3454 3931 3643 3989 Iacob.

2061 4022 2343 4076 Remisisti
2404 4023 2711 4093 iniquitates
2760 4019 2925 4091 plebis
2971 4030 3096 4088 tum,
3160 4023 3415 4091 aperuisti
3465 4024 3647 4076 omnia

2059 4119 2274 4179 peccata
2313 4127 2516 4167 eorum.

380 4205 706 4278 μελημόπων
737 4204 834 4260 καὶ
867 4203 1019 4257 λύσιν
1089 4202 1370 4275 προτέρων
1405 4200 1768 4272 ἀσεϐημάτων
1806 4200 2122 4274 παρασχὼν,
2195 4205 2367 4270 αἴτιος
2410 4207 2542 4278 ἡμῖν
2580 4203 2814 4277 κατέστη
2858 4205 2956 4275 τῆς
3019 4207 3077 4258 ἐν
3112 4206 3191 4276 τῷ
3256 4203 3456 4276 ψαλμῷ
3488 4200 3648 4276 εὐχα-

379 4296 610 4367 ριστίας,
637 4298 712 4361 ὡς
748 4296 1006 4352 δύνασθαι
1051 4295 1151 4349 καί.
1196 4297 1350 4366 ἡμᾶς
1381 4295 1594 4363 λέγειν·
1633 4291 2011 4364 Εὐδόκησας,
2061 4300 2261 4368 Κύριε,
2296 4298 2414 4369 τὴν
2462 4298 2580 4371 γῆν
2631 4313 2768 4365 σου,
2824 4299 3210 4367 ἀπέστρεψας
3267 4295 3383 4367 τὴν
3436 4301 3647 4368 αἰχμα-

379 4389 611 4446 λωσίαν
650 4388 862 4446 Ἰακώϐ.
902 4389 1157 4460 Ἀφῆκας
1200 4388 1308 4455 τὰς
1337 4389 1740 4458 ἀνομίας-τοῦ
1787 4391 1942 4446 λαοῦ
1979 4404 2119 4459 σου,
2141 4393 2460 4464 ἐκάλυψας
2482 4393 2684 4460 πάσας
2710 4394 2818 4461 τὰς
2851 4394 3143 4463 ἁμαρτίας
3171 4391 3390 4447 αὐτῶν.

449 4500 557 4556 Καί
595 4503 704 4571 γὰρ
741 4504 774 4554 ὁ
802 4501 1015 4570 Κύριος
1040 4501 1220 4556 δώσει
1252 4504 1652 4572 χρηστότητα,
1684 4503 1783 4557 καί
1806 4502 1846 4572 ἡ
1874 4503 1953 4575 γῆ

376 4593 546 4664 ἡμῶν
573 4591 750 4647 δώσει
781 4591 890 4646 τόν
930 4593 1162 4662 καρπόν
1205 4597 1416 4665 αὐτης.
1490 4595 1665 4650 Πάλαι
1701 4597 1820 4668 μὲν,
1866 4599 1956 4650 ὅτε

2133 4509 2298 4566 Vens.
2334 4512 2422 4567 15.
2457 4510 2667 4566 Etenim
2706 4509 2962 4565 Dominus
2993 4510 3141 4566 dabit
3183 4510 3572 4582 benignitatem,
3595 4519 3646 4564 et

2061 4614 2208 4660 terra
2242 4615 2425 4661 nostra
2449 4607 2598 4660 dabit
2627 4608 2863 4677 fructum
2892 4624 3066 4662 suum.
3091 4607 3233 4663 Olim
3264 4607 3485 4678 quidem
3516 4623 3642 4662 cum

378 4686 482 4739 ὑπὸ
511 4683 754 4758 κατάραν
791 4681 860 4756 ἦν
889 4685 922 4755 ἡ
950 4684 1045 4754 γῆ,
1089 4686 1329 4751 ἀκάνθας
1362 4688 1457 4742 καὶ
1485 4689 1764 4759 τριϐόλους
1801 4690 1954 4760 ἐφυε,

2065 4695 2167 4749 sub
2189 4695 2481 4750 maledicto
2504 4706 2647 4751 terra
2679 4706 2844 4762 esset,
2879 4699 3068 4766 spinas
3097 4713 3160 4752 ac
3185 4698 3418 4752 tribulos
3447 4697 3645 4767 genui-

379 4777 520 4829 κατά
561 4773 624 4828 τὸ
678 4775 985 4847 εἰρημένοψ
1047 4773 1506 4848 Ἐπικατάρατος
1543 4781 1584 4849 ἢ
1622 4776 1699 4852 τῆ
1738 4783 1808 4836 ὲν
1836 4783 1961 4852 τοῖς

376 4867 573 4937 ἔργοις
601 4881 738 4931 σου,
764 4868 1032 4935 ἀκάνθας
1062 4870 1159 4923 καὶ
1185 4874 1497 4940 τριϐόλους
1527 4874 1816 4931 ἀνατελεῒ
1837 4890 1959 4931 σοι’

376 4962 471 5016 νῦν
501 4963 546 5016 δ’
575 4963 664 5016 ὅτε
701 4963 924 5016 τοιαῦτα
964 4963 1146 5032 ἀγαθὰ
1186 4966 1267 5026 εἰς
1305 4965 1476 5037 αὐτὴν
1520 4967 1798 5038 ἐλήλυθεν,
1831 4970 1962 5023 ἀκο-

375 5055 581 5119 λούθως
610 5055 704 5109 καὶ
729 5056 866 5128 αὐτὴ
895 5055 986 5110 τὸν
1018 5057 1362 5128 προσήκοντα
1401 5060 1612 5130 καρπὸν
1651 5061 1960 5116 ἀποδιδόναι

376 5149 619 5218 λέγεται,
650 5148 745 5202 ἅτε
775 5149 837 5219 δὴ
881 5149 1119 5219 τυχοῦσα
1149 5150 1247 5220 τῆς
1276 5149 1426 5221 παρὰ
1452 5149 1547 5204 τοῦ
1581 5153 1788 5222 Κυρίου
1822 5169 1956 5223 χρη-

379 5242 654 5313 στότητος.
689 5242 916 5314 Καρπός
945 5243 1003 5296 δέ
1042 5242 1262 5306 ἐπάξιος
1299 5241 1434 5296 Θεοῦ
1465 5241 1564 5296 οὐκ
1593 5243 1824 5298 ἄκανθαι
1859 5246 1954 5298 καὶ

376 5334 635 5408 τρίϐολοι,
670 5334 805 5388 ἀλλὰ
840 5335 1058 5398 πάντως
1082 5349 1184 5387 που
1207 5334 1378 5389 ταῦτα
1407 5336 1474 5389 δι’
1503 5329 1578 5389 ὧν
1605 5335 1954 5403 καταξιοῦται

377 5429 627 5496 εὐλογίας
653 5427 752 5497 τῆς
781 5426 931 5498 παρὰ
957 5425 1050 5479 τοῦ
1079 5426 1232 5502 Θεοῦ.
1265 5428 1340 5498 Γῆ
1372 5427 1430 5480 δέ
1459 5429 1494 5500 ή
1527 5426 1725 5480 πιοῦσα
1753 5427 1843 5480 τὸν
1865 5429 1954 5482 ἐπ’

378 5519 547 5589 αὐτῆς
578 5518 868 5590 ἐρχόμενον
906 5518 1165 5582 πολλάκις
1210 5519 1383 5586 ὑετὸν,
1417 5519 1660 5592 φέρουσά
1695 5537 1756 5572 τε
1795 5519 1955 5589 βοτά-

378 5628 475 5682 νην
493 5609 713 5665 εὐθετον
745 5611 994 5674 ἐκείνοις,
1036 5610 1103 5665 δι’
1129 5610 1223 5676 οὒς
1262 5611 1358 5667 καὶ
1386 5615 1735 5684 γεωργεῖται,
1781 5631 1951 5684 μετα-

381 5702 644 5775 λαμϐάνει
668 5703 916 5772 εὐλογίας
950 5704 1048 5774 τῆς
1082 5705 1232 5776 παρὰ
1268 5705 1362 5758 τοῦ
1403 5704 1559 5762 Θεοῦ.
1595 5706 1832 5770 Εἰκότως
1858 5702 1951 5763 οὖν

2061 4786 2252 4849 nabat,
2287 4789 2588 4842 secundum
2625 4789 2756 4843 illud
2794 4787 3120 4842 :Maledicta
3147 4801 3286 4843 terra
3320 4790 3374 4842 in
3403 4789 3643 4858 operibus

2062 4879 2188 4942 tuis,
2219 4879 2398 4946 spinas
2438 4887 2486 4932 et
2531 4879 2753 4934 tribulos
2786 4880 3100 4950 germinabit
3129 4880 3225 4933 tibi
3252 4879 3298 4911 "
3327 4898 3341 4935 :
3370 4895 3515 4934 nunc
3546 4895 3643 4934 au-

2058 4975 2191 5036 tem,
2220 4985 2345 5025 cum
2380 4971 2436 5026 in
2457 4987 2520 5028 ea
2552 4973 2742 5026 talium
2777 4973 3044 5027 bonorum
3075 4973 3320 5027 accessio
3353 4971 3494 5027 facta
3535 4979 3639 5034 est,

2062 5079 2093 5118 e
2120 5077 2180 5118 re
2213 5073 2606 5135 congruentem
2641 5068 2840 5122 dicitur
2876 5064 3120 5136 proferre
3149 5063 3387 5118 fructum
3415 5080 3429 5129 ;
3458 5071 3643 5132 utpote

2062 5173 2184 5228 quae
2235 5157 2450 5214 Domini
2491 5161 2881 5230 benignitatem
2935 5164 3232 5211 consecuta
3265 5156 3356 5210 sit.
3405 5152 3642 5209 Fructus

2063 5257 2258 5308 autem.
2283 5250 2395 5306 Deo
2423 5251 2622 5322 dignus
2653 5267 2760 5306 non
2803 5251 2976 5321 spinae
3008 5257 3063 5304 et
3095 5247 3280 5302 tribuli
3315 5253 3444 5302 sunt
3471 5263 3487 5310 ;
3545 5243 3642 5300 scd

2062 5355 2125 5395 ea
2174 5343 2335 5412 plane
2376 5345 2576 5414 quibus
2631 5341 2727 5398 Dei
2781 5343 3218 5398 benedictionem
3271 5340 3467 5394 sortita
3531 5345 3640 5391 est.

2062 5433 2231 5490 Terra
2267 5452 2397 5492 vero
2437 5452 2558 5506 qua:
2596 5437 2936 5492 decidentem
2988 5435 3225 5506 pluviam
3261 5433 3460 5501 saepius
3489 5431 3641 5484 εξιοί-

2060 5525 2141 5595 pit
2163 5536 2216 5582 et
2249 5527 2406 5591 bibit,
2433 5543 2497 5582 ac
2525 5526 2830 5582 cultoribus
2857 5527 2973 5582 suis
2991 5535 3384 5596 congruentem
3415 5523 3640 5576 herbam

2059 5618 2289 5689 profert,
2319 5634 2382 5675 ea
2412 5620 2810 5676 benedictionis
2839 5636 2870 5674 a
2901 5619 3012 5675 Deo
3035 5618 3180 5672 data:
3221 5617 3495 5688 particeps
3532 5622 3638 5669 est.

2057 5709 2189 5768 ture
2222 5726 2353 5782 ergo
2385 5727 2526 5769 nova
2554 5713 2769 5769 cantica
2796 5713 2958 5769 edere
2995 5720 3142 5767 terra
3178 5710 3421 5781 jubetur,
3454 5713 3642 5777 utpote

452 5859 496 5892 ⁸⁷
534 5862 639 5925 lsa.
677 5876 799 5928 ut,
834 5861 884 5916 1.
961 5860 1006 5894 ⁵⁸
1045 5859 1179 5927 Luc,
1213 5876 1284 5928 tv,
1326 5860 1414 5918 18.
1490 5859 1708 5949 "”Gen.
1749 5877 1832 5933 nt,
1867 5862 2063 5931 17,18.
