4066 6370
471 345 612 406 1921

1220 345 1490 404 EUSEBII
1529 347 2004 405 CIESARIENSIS
2024 345 2179 407 OPP.
2217 348 2398 405 PARS
2429 341 2517 407 lli.
2546 370 2617 393 —'-
2650 352 3063 414 EXEGETICA.

3591 353 3726 422 mes

472 482 594 540 qua:
630 465 743 538 jam
778 464 1034 522 indicatis
1063 465 1222 522 bonis
1254 465 1474 539 dignata
1507 467 1601 534 sit,
1644 483 1768 524 cum
1811 466 2035 539 Spiritus

2149 468 2219 522 τά
2255 467 2414 524 καινά
2467 469 2689 541 ᾄσματα
2717 470 2864 542 ᾄδειν
2892 469 3295 543 προστάττεται
3325 471 3360 543 ἡ
3406 473 3500 545 γῆ,
3546 474 3622 540 ὡς
3661 477 3731 530 ἂν

472 569 700 616 sanctus
734 557 839 631 ipsi
870 559 1084 614 accinat
1107 567 1162 615 et
1193 559 1373 632 dicatl;
1400 559 1626 616 Cantate
1655 561 1905 626 Domino,
1937 578 2049 615 om-

468 651 555 704 nis
610 659 774 718 terra,
802 659 1014 704 cantate
1062 650 1288 704 Domino
1322 653 1586 706 canticum
1642 669 1831 707 novum
1861 652 1938 717 ‘°;
1969 659 2046 718 et,

474 741 738 796 Dominus
791 742 1051 812 regnavit,
1101 741 1388 796 exsultabit
1429 751 1570 796 terra
1601 742 1668 808 ⁶¹,
1713 750 1770 798 et
1812 743 1918 796 alia
1962 742 2049 798 his

471 833 699 890 similia.
736 862 808 873 —
837 831 1003 888 Vens.
1047 832 1135 887 14.
1168 831 1396 887 Iustitia
1423 842 1545 888 ante
1571 851 1691 888 eum
1731 833 2045 902 ambulabit,

471 937 523 984 et
550 935 706 998 ponet
734 927 790 981 in
820 928 907 980 via
932 943 1142 998 gressus
1172 930 1308 997 ejus.
1351 926 1528 998 Hujus
1557 927 1688 984 dicti
1721 929 2049 984 sententiam

471 1019 738 1091 liquidius
781 1018 1022 1073 elferunt
1067 1019 1265 1090 reliqui
1314 1020 1664 1090 interpretes,
1701 1020 2048 1090 maximeque

472 1111 836 1184 Symmachus
861 1114 958 1184 qui
1012 1112 1096 1169 sic
1124 1113 1288 1168 habet
1330 1131 1346 1169 :
1381 1110 1610 1168 Iustitia
1634 1113 2047 1183 uniuscujusque

465 1204 724 1275 priet-edet
774 1206 967 1275 ipsum,
997 1211 1049 1259 et
1079 1217 1234 1276 ponet
1267 1207 1324 1261 in
1351 1210 1439 1262 uia
1463 1207 1618 1277 pedes
1654 1207 1790 1277 ejus.
1820 1205 2047 1263 Collatia

472 1310 716 1367 namque
736 1304 898 1351 terra:
920 1295 1102 1362 bonis,
1131 1297 1384 1368 quisquis
1402 1297 1840 1363 terram'incolit,
1859 1301 2048 1368 utpote

463 1387 560 1457 'qui
582 1387 812 1457 iustitiae
839 1388 908 1444 de
941 1389 1086 1444 caelo
1117 1389 1502 1461 prospicientis
1533 1403 1764 1446 consors
1791 1387 1883 1453 sit,
1917 1402 2048 1458 pro-

465 1479 642 1548 priam
666 1480 772 1535 sibi
790 1479 1056 1550 justitiam
1082 1481 1360 1544 obtinens,
1378 1495 1498 1537 eam
1524 1481 1580 1535 in
1598 1481 1682 1535 via
1714 1479 1785 1536 ad
1810 1494 2047 1552 superna

465 1564 686 1628 ducem,
718 1579 781 1620 ac
803 1582 1027 1637 gressus
1057 1585 1188 1626 suos
1217 1569 1540 1640 dirigentem
1571 1569 1790 1624 habebit
1814 1587 1829 1636 ;
1864 1577 1922 1624 ut
1942 1570 2045 1625 iter

467 1654 536 1709 ad
574 1656 746 1713 caelos
775 1673 1052 1729 emensus,
1088 1663 1493 1733 rohoratusque
1521 1671 1575 1717 et
1605 1677 1636 1716 a
1675 1669 2045 1733 praecurrente

463 1747 678 1818 justitia
711 1766 810 1807 sua
839 1765 1003 1805 manu
1018 1753 1237 1821 ductus,
1260 1769 1496 1825 superna
1527 1755 1798 1825 promissa
1841 1754 2038 1808 nanci-

2151 561 2408 614 τοιούτων
2462 562 2664 633 ἀρτίως
2714 562 3104 633 δεδηλωμένων
3162 563 3547 636 κατηξιωμένη
3566 605 3583 632 ,
3631 568 3728 622 τοῦ

2149 655 2304 723 ἁγίου
2341 655 2660 726 Πνεύματος
2697 655 3096 726 ἐπιφωνοῦντος
3143 657 3280 730 αὐτῇ
3319 659 3415 712 καὶ
3457 659 3725 729 λέγοντος·

2153 748 2380 817 ’ᾼσατε
2410 748 2492 814 τῷ
2533 748 2731 816 Κυρίῳ
2772 747 2942 804 πᾶσα
2979 749 3019 816 ἢ
3065 747 3165 818 γῆ,
3191 748 3380 816 ᾷσατε
3409 750 3490 816 τῷ
3533 754 3731 821 Κυρίῳ

2147 833 2314 908 ᾆσμα
2343 840 2572 894 καινόν·
2605 839 2719 908 καὶ,
2749 841 2966 909 Κύριος
2988 841 3410 910 ἐϐασίλευσεν,
3441 844 3728 914 ἀγαλλιά-

2147 943 2319 986 σεται
2361 932 2402 999 ἡ
2444 931 2545 1002 Im",
2594 932 2689 986 καὶ
2723 933 2825 986 ὅσα
2866 932 3076 998 τούτοις
3111 934 3274 1006 ὃμοια
3311 936 3585 1007 τυγχάνει.
3636 937 3728 990 Δι-

2145 1022 2444 1091 καιοσύνη
2497 1023 2778 1078 ἐναντίον
2833 1024 3024 1079 αὐτοῦ
3081 1029 3572 1098 προπορεύσεται,
3625 1020 3728 1084 καὶ

2147 1113 2323 1182 θήσει
2355 1117 2444 1181 εις
2472 1115 2618 1170 ὁδὸν
2654 1116 2728 1171 τὰ
2761 1117 3093 1189 διαϐήματα
3136 1119 3342 1176 αὐτοῦ.
3388 1119 3588 1174 Τούτου
3624 1119 3726 1192 τὴν

2144 1205 2385 1261 διάνοιαν
2413 1209 2748 1281 σαφέστερον
2778 1211 3138 1266 ἐκδεδιῖηιασιν
3174 1214 3224 1266 oi
3254 1213 3430 1267 λοιποὶ
3458 1214 3724 1284 ἑρμηνευι-

2143 1295 2255 1360 ταὶ,
2285 1297 2394 1361 ,καὶ
2432 1297 2666 1367 μάλιστα
2713 1301 2743 1352 6
2786 1299 3084 1373 Σύμμαχος
3125 1303 3315 1359 εἰπών’
3367 1303 3723 1371 Δικαιοσύνη

2143 1385 2406 1443 ἑκάστου
2431 1392 2860 1458 προελεύσεται
2889 1394 3096 1461 αὐτὸν,
3127 1395 3230 1450 καὶ
3260 1398 3433 1465 θήσει
3464 1399 3549 1463 εἰς
3581 1395 3728 1450 ὁδὸν

2143 1478 2286 1545 τοὺς
2313 1481 2505 1549 πόδας
2531 1485 2740 1543 αὐτοῦ.
2766 1487 2921 1541 Μετὰ
2939 1485 3046 1560 γὰρ
3065 1486 3137 1540 τὰ
3157 1491 3225 1560 τῇ
3252 1493 3322 1562 γῇ
3353 1490 3725 1562 κεχαρισμένα

2142 1569 2324 1638 ἀγαθά
2348 1569 2578 1635 ἕκαστος
2596 1572 2706 1625 τῶν
2731 1573 2827 1646 τὴν
2854 1576 2958 1646 γῆν
2986 1578 3410 1640 κατοικούντων,
3435 1577 3511 1641 ὼς
3533 1575 3598 1630 ἀν
3621 1577 3723 1646 τῆς

2143 1658 2204 1723 ἐξ
2240 1661 2486 1732 οὐρανῶν
2527 1663 2870 1736 διακυψάσης
2915 1667 3260 1737 δικαιοσύνης
3291 1665 3593 1738 μετασχὼν,
3627 1668 3722 1720 καὶ

2146 1750 2311 1816 αὐτὸς
2341 1752 2476 1806 ίδίαν
2507 1755 2848 1827 κτησάμενος
2875 1756 3238 1829 δικαιοσύνην,
3268 1757 3379 1822 ἐξει
3408 1756 3574 1828 αὐτὴν
3597 1773 3723 1828 προ-

471 1847 661 1895 scatur
691 1861 704 1896 :
745 1858 868 1913 quae
903 1841 1156 1900 Salvator
1179 1853 1234 1900 et
1262 1843 1527 1901 Dominus
1572 1853 1760 1900 noster
1789 1843 2035 1898 omnibus

2145 1839 2384 1909 ἀγουσαν
2415 1843 2578 1898 αὑτὸν
2617 1847 2698 1909 είς
2740 1845 2838 1917 τὴν
2877 1848 2990 1902 ἀνω
3033 1848 3301 1917 φέρουσαν
3331 1847 3470 1910 ὁδὸν,
3513 1847 3608 1900 καὶ
3649 1845 3720 1899 τά

464 1928 782 1988 hominibus
811 1935 1156 1991 annuntiavit
1185 1935 1374 1990 dicens
1405 1954 1419 1990 :
1451 1935 1903 2006 Appropinquavit
1951 1945 2040 1988 re-

461 2037 624 2091 gnum
678 2023 929 2078 cwlorum
959 2026 1038 2093 °';
1102 2033 1157 2081 et
1209 2025 1367 2079 Beati
1427 2024 1732 2094 Imjusmodi
1773 2024 2037 2092 homines,

462 2113 713 2183 quoniam
742 2116 978 2184 ipsorum
1001 2123 1082 2170 est
1115 2131 1333 2185 regnum
1363 2116 1612 2170 calorum
1650 2115 1718 2172 “.

2145 1932 2457 2005 διαδήματα
2487 1937 2656 2008 αὐτῆς
2693 1939 3155 1994 κατατάττουσαν·
3197 1941 3344 2004 ὅπως
3378 1938 3601 2003 ὁδεύσας
3622 1939 3720 2009 τὴν

2145 2027 2226 2090 εἰς
2249 2027 2514 2098 οὐρανοὺς
2545 2030 2835 2103 φέρουσαν,
2865 2033 3348 2105 ἐπιστηριζόμενός
3380 2050 3440 2086 τε
3479 2031 3572 2086 καὶ
3604 2048 3720 2102 χει-

2147 2121 2564 2191 ραγωγούμενος
2595 2124 2700 2177 ὑπὸ
2741 2125 2842 2196 τῆς
2886 2125 3234 2199 προαγούσης
3265 2126 3426 2180 αὐτὸν
3447 2121 3720 2178 δικαιοσύ-

462 2221 560 2276 νης
592 2202 778 2272 αὑτοῦ,
809 2206 960 2277 τύχοι
993 2206 1102 2260 τῶν
1145 2207 1483 2280 ἐπουρανίων
1515 2188 1877 2278 ἔπαγγελιῶν,
1916 2209 1984 2274 ἃς
2012 2211 2040 2262 ὁ
2078 2209 2269 2285 Σωτὴρ
2331 2188 2424 2267 καί.
2452 2215 2655 2287 Κύριος
2687 2188 2846 2287 ἡμῶν
2881 2188 3150 2292 ἐιίήρυττε
3189 2188 3353 2274 πᾶσιν
3404 2215 3718 2289 ἀνθρώποις

462 2297 656 2367 λέγων·
685 2303 960 2372 Ἤγγικεν
983 2302 1022 2370 ἡ
1045 2302 1338 2367 ,βασιλεία
1359 2303 1478 2357 τῶν
1498 2302 1792 2373 οὐρανῶν·
1821 2306 1936 2373 καὶ,
1967 2307 2258 2377 Μακάριοι
2285 2313 2342 2365 οἱ
2402 2310 2644 2378 τοιοίδε,
2674 2310 2763 2366 ὅτι
2789 2312 2988 2368 αὐτῶν
3008 2314 3177 2368 ἐστιν
3198 2315 3239 2382 ἠ
3273 2312 3560 2379 ,βασιλεία
3596 2307 3718 2364 τῶν

461 2395 536 2448 οὐ
559 2394 751 2452 κινῶν.

747 2557 1008 2616 ORATIO
1046 2556 1180 2615 INSI
1218 2559 1447 2618 DAVID.
1489 2561 1752 2619 LXXXV.

533 2686 702 2753 Vens.
734 2696 787 2752 1.
823 2694 1056 2765 Ῑηείίηα,
1082 2695 1328 2764 Domine,
1377 2715 1560 2754 aurem
1591 2709 1737 2754 tuam
1764 2708 1813 2755 et
1842 2701 2038 2756 exaudi

461 2807 564 2856 me,
599 2790 848 2862 quoniam
892 2790 1042 2856 inops
1091 2801 1143 2846 et
1175 2807 1376 2862 pauper
1406 2808 1524 2846 sum
1556 2809 1668 2864 ego.
1697 2791 1834 2848 Cum
1863 2793 1952 2849 his
1978 2793 2036 2848 in

461 2882 600 2938 locis
629 2891 866 2954 quatuor
892 2883 1089 2953 psalmi
1119 2884 1356 2954 ﬁliorum
1389 2883 1524 2939 Core
1560 2883 1809 2956 inscripti
1841 2900 2037 2942 conse-

459 2979 694 3045 quenter
720 2982 1014 3045 ponantur,
1046 2974 1278 3045 quorum
1307 2975 1518 3045 primus
1558 2983 1644 3032 est
1674 2989 1906 3041 unm,
1949 2991 2035 3032 sed

460 3067 676 3124 cundus
698 3083 921 3132 Lxxnv,
952 3069 1149 3123 tertius
1181 3081 1403 3134 Lxxxw,
1434 3075 1748 3138 postremus
1771 3084 1995 3124 Lxxxvn
2015 3110 2032 3134 ,

459 3165 764 3230 opportune
783 3165 991 3230 quaerat
1022 3159 1220 3228 aliquis
1245 3159 1377 3229 quid
1407 3174 1590 3215 causae
1625 3160 1718 3225 sit,
1744 3162 1887 3230 quod
1913 3177 2036 3216 ora-

2457 2565 2830 2620 ΠΡΟΣΕΥΧΗ
2873 2567 2962 2637 Τῼ
3011 2567 3231 2621 ΔΑΥῙΔ.
3260 2559 3386 2622 HE’.

2208 2684 2454 2758 Κλῒνον,
2485 2693 2682 2762 Κύριε,
2709 2692 2776 2747 τὸ
2798 2686 2910 2760 οὖς
2929 2710 3066 2759 σου,
3089 2694 3188 2748 καὶ
3209 2693 3556 2750 ἐπάκουσον
3572 2705 3714 2766 μου,

2138 2785 2227 2840 ὅτι
2258 2786 2494 2856 πτωχὸς
2520 2787 2621 2840 καὶ
2668 2787 2859 2854 πένης
2893 2787 3010 2857 εἰμί
3045 2787 3175 2858 ἐγώ.
3217 2788 3509 2860 Τεσσάρων
3549 2791 3715 2844 ὅντων

2138 2879 2336 2951 ἐφεξῆς
2385 2879 2617 2951 ψαλμῶν
2666 2879 2776 2935 τῶν
2830 2881 3326 2952 ἐπιγεγραμμένων
3376 2881 3524 2938 υἱῶν
3557 2885 3712 2954 Κορὲ

2139 2971 2281 3026 κατά
2329 2973 2455 3036 τοὺς
2493 2971 2770 3043 παρόντας
2814 2972 3035 3037 τόπους,
3079 2971 3295 3044 πρώτου
3343 2975 3440 3045 μὲν
3467 2971 3563 3028 τοῦ
3599 2983 3712 3046 πγθ,

2139 3062 2328 3115 ἔπειτα
2368 3060 2463 3114 τοῦ
2505 3061 2609 3128 πδν,
2646 3062 2740 3115 καὶ
2776 3063 2961 3134 τρίτου
2995 3063 3090 3117 τοῦ
3124 3072 3240 3130 πς’,
3273 3066 3367 3120 καὶ
3408 3067 3713 3122 τελευταίου

2137 3155 2231 3209 τοῦ
2268 3154 2376 3220 πζ’,
2421 3154 2538 3218 πῶς
2565 3157 2598 3226 ἠ
2621 3157 2894 3227 προσευχὴ
2928 3156 3021 3210 τοῦ
3057 3156 3218 3210 Δαυῒδ
3245 3158 3510 3230 ἀκαίρως,
3541 3159 3617 3224 ὡς
3647 3161 3715 3215 ἂν

459 3251 538 3305 tio
583 3245 803 3304 Davidis
852 3250 1253 3319 intempestive,
1289 3258 1349 3304 ut
1395 3252 1663 3320 quispiam
1718 3253 1935 3317 dixerit,
1976 3253 2032 3306 in

2138 3247 2274 3298 εἴποι
2310 3263 2414 3311 τις,
2459 3245 2904 3316 παρεμϐέῦληται
2949 3246 3109 3317 μέση,
3149 3247 3387 3316 εὐλόγως
3427 3250 3490 3303 ἀν
3518 3267 3600 3314 τις
3628 3251 3715 3316 ag;

460 3340 644 3396 medio
674 3326 873 3396 eorum
896 3335 1073 3395 locata
1106 3342 1291 3396 fuerit.
1326 3341 1564 3398 IEstimo
1595 3343 1764 3414 igitur
1783 3359 1889 3398 non
1916 3344 2036 3398 sine

435 3429 664 3501 'causa',
717 3431 813 3490 sed
853 3428 1321 3504 opportunissime
1373 3435 1650 3490 vaticiniis
1696 3435 1763 3490 de
1814 3436 2036 3490 Christo

460 3521 764 3578 immistam
793 3522 936 3577 hanc
962 3523 1267 3592 orationem
1295 3523 1486 3580 fuisse.
1518 3525 1657 3591 Quia
1685 3526 1828 3581 enim
1863 3526 2037 3581 hono-

457 3627 583 3667 rum
620 3613 911 3682 promissa,
943 3614 1157 3670 veniam
1204 3624 1577 3686 peccatorUm,
1611 3617 1707 3674 Dei
1742 3618 1811 3673 ad
1853 3619 2034 3674 homi-

457 3719 557 3760 nes
607 3705 922 3772 adventum,
957 3700 1163 3763 Christi
1211 3709 1576 3779 redemptoris
1618 3724 1684 3765 ac
1727 3709 2035 3767 Servatoris

457 3796 742 3851 hominum
772 3799 1298 3869 peregrinationem,
1337 3801 1500 3870 primi
1549 3803 1745 3873 psalmi
1796 3804 2035 3874 ﬁliorum

455 3888 592 3944 Core
649 3891 899 3960 inscripti
933 3890 1397 3956 vaticinabantur,
1431 3893 1688 3949 videlicet
1736 3909 1946 3950 Lxxxm
1980 3901 2036 3951 et

454 3999 677 4048 Lxxxw,
709 3983 818 4038 imo
843 3985 1008 4039 etiam
1035 3984 1130 4058 qui
1177 3995 1366 4055 postea
1398 3985 1636 4055 ﬁliorum
1672 3981 1806 4042 Core
1834 3988 2034 4044 inscri-

452 4077 680 4142 buntur,
715 4077 954 4148 gentium
989 4077 1354 4144 vocationem,
1392 4077 1595 4135 Christi
1640 4086 1846 4146 ortum,
1885 4095 2034 4136 mor-

453 4174 561 4222 tem
594 4167 663 4222 ab
685 4182 752 4222 eo
781 4181 881 4237 pro
910 4167 1227 4223 hominibus
1257 4178 1591 4239 susceptam,
1623 4170 2028 4240 praedicabant;

451 4259 694 4314 arbitror
713 4259 770 4314 in
796 4257 979 4314 medio
1003 4260 1302 4330 prophetia:
1331 4260 1496 4317 hasce
1539 4276 1630 4317 res
1659 4263 2032 4333 praenuntian-

451 4355 526 4410 tis
561 4353 881 4410 necessario
929 4355 1166 4424 positam
1203 4355 1378 4412 fuisse
1431 4355 1654 4412 Davidis
1701 4358 2028 4423 orationem,

448 4461 558 4517 qua
590 4446 862 4516 supplicat
891 4447 1035 4501 bona
1058 4463 1156 4516 per
1181 4445 1518 4504 Salvatorem
1549 4449 1820 4506 universis
1851 4449 2032 4505 homi-

2136 3336 2394 3388 ετάσειεν.
2433 3334 2706 3405 Ἦγοῦμαι
2731 3335 2909 3389 τοίνυν
2934 3336 3034 3388 οὐκ
3055 3336 3284 3405 ἀλόγως,
3317 3337 3432 3391 ἀλλ’
3466 3341 3715 3412 εὐκαιρόέ

2135 3442 2272 3479 τατα
2310 3427 2432 3490 ταῖς
2473 3426 2602 3497 περὶ
2640 3425 2736 3478 τοῦ
2781 3427 3018 3498 Χριστοῦ
3069 3430 3426 3500 προφητείαις
3459 3447 3712 3502 παραμε-

2138 3516 2326 3587 μίχθαι
2352 3517 2454 3590 τὴν
2487 3519 2852 3591 προκειμένην
2885 3521 3070 3593 εὐχήν.
3117 3521 3332 3593 Ἐπειδὴ
3359 3521 3468 3593 γὰρ
3492 3523 3714 3590 ἀγαθῶν

2135 3607 2467 3678 ἐπαγγελίας
2499 3610 2595 3664 καὶ
2635 3612 2857 3681 ἀφέσεις
2901 3611 3332 3684 ἁμαρτημάτων,
3371 3613 3506 3666 Θεοῦ
3538 3632 3598 3668 τε
3635 3617 3715 3679 εἰς

2135 3699 2456 3770 ἀνθρώπους
2481 3704 2784 3773 παρουσίαν
2823 3704 2921 3757 καὶ
2957 3703 3194 3775 Χριστοῦ
3233 3703 3414 3773 ἄφιξιν
3440 3704 3714 3776 λυτρωτοῦ

2135 3793 2230 3846 καὶ
2257 3793 2507 3865 Σωτῆρος
2551 3793 2874 3866 ἀνθρώπων,
2909 3797 2958 3848 οἱ
2997 3795 3204 3866 πρῶτοι
3236 3795 3345 3848 τῶν
3373 3797 3714 3867 ἐπιγεγραμ-

2137 3885 2312 3956 μένων
2362 3886 2508 3941 υίῶν
2538 3889 2690 3956 Κορὲ
2742 3891 3138 3961 προεφήτευον,
3195 3889 3287 3942 ὅτε
3325 3895 3416 3958 πγ¹
3462 3889 3557 3942 καὶ
3605 3888 3710 3942 πᾶ.

2147 3977 2308 4032 Ἀλλά
2343 3980 2436 4033 καὶ
2472 3981 2522 4033 οί
2555 3973 2682 4052 ἑξῆς
2711 3981 3083 4052 ἐπιλεγόμενοι
3115 3982 3226 4036 τῶν
3257 3981 3403 4035 υἱῶν
3421 3982 3592 4050 Κορὲ,
3619 3981 3714 4034 καὶ

2133 4070 2287 4124 αὐτοὶ
2313 4071 2484 4126 ἐθνῶν
2518 4071 2712 4152 κλῆσιν
2733 4073 3166 4146 εὐηγγελίζοντο,
3193 4075 3287 4127 καὶ
3310 4073 3546 4144 Χριστοῦ
3567 4073 3714 4142 γένεά

2134 4179 2239 4228 σιν,
2271 4161 2484 4218 καὶτὸν
2526 4165 2667 4237 ὑπὲρ
2705 4165 3007 4238 ἀνθρώπων
3051 4165 3215 4220 αὑτοῦ
3257 4165 3501 4219 θάνατον’
3545 4167 3714 4235 ἀνατί

2132 4256 2302 4321 καίως
2333 4257 2572 4330 ἡγοῦμαι
2608 4258 2710 4329 τῆς
2759 4259 2888 4331 περὶ
2923 4258 3128 4312 τούτων
3166 4259 3502 4328 προφητείας
3539 4258 3713 4329 μέσην

2131 4347 2622 4422 παρεμϐεϐλῆσθαι
2646 4352 2747 4422 τὴν
2771 4351 3079 4423 προσευχὴν
3100 4351 3194 4405 τοῦ
3218 4351 3398 4417 Δαυῒδ,
3421 4353 3487 4406 δι’
3506 4349 3574 4425 ἦς
3597 4355 3711 4407 ἱκε-

2128 4440 2278 4494 τεύει
2311 4443 2496 4512 τυχεῖν
2536 4443 2631 4496 καὶ
2669 4442 2832 4507 αὐτὸς
2871 4443 2978 4498 τῶν
3009 4442 3100 4497 διά
3130 4443 3222 4498 τοῦ
3265 4435 3517 4517 Σωτῆρος
3546 4446 3712 4499 πᾶσιν

449 4539 616 4594 nibus
648 4538 1014 4610 procuranda,
1046 4540 1150 4594 sibi
1174 4555 1394 4612 quoque
1426 4541 1666 4598 conferri
1692 4559 1707 4607 ;
1735 4551 1797 4598 ut
1837 4551 1892 4599 et
1911 4545 2029 4617 ipse

2138 4532 2436 4606 ἀνθρώποις
2462 4534 2901 4606 προξενουμένων
2928 4535 3169 4604 ἀγαθῶνο
3195 4536 3272 4599 ὡς
3306 4537 3392 4604 ἂν,
3422 4537 3517 4590 καὶ
3549 4537 3711 4602 αὐτὸς

451 4631 720 4686 bonorum
743 4645 865 4701 quae
887 4631 939 4684 in
964 4631 1251 4701 prophetia
1277 4631 1638 4687 enuntiantur
1658 4648 1909 4700 consors,
1932 4615 2027 4691 ve-

2138 4627 2422 4698 γενόμενος
2450 4628 2708 4692 κοινωνὸς
2739 4627 2849 4681 τῶν
2883 4628 3396 4702 προφητευομένων,
3426 4627 3575 4700 τύχοι
3612 4630 3712 4699 μὲν

449 4723 599 4778 niam
631 4731 984 4792 peccatorum
1041 4731 1432 4793 consequatur,
1478 4739 1788 4796 magnoque
1821 4726 1917 4782 illo
1963 4743 2028 4782 ac

2138 4719 2382 4788 ἀφέσεως
2417 4721 2720 4792 ἁμαρτιῶν,
2761 4721 3057 4775 ἀπολαύσοι
3091 4722 3147 4776 δὲ
3175 4723 3276 4794 τῆς
3315 4721 3582 4793 σωτηρίου
3615 4739 3712 4792 μεθ

451 4814 678 4868 salutari
714 4815 858 4870 bono
887 4815 1121 4882 fruatur,
1151 4817 1295 4887 quod
1329 4819 1585 4874 omnibus
1619 4820 1874 4890 gentibus
1901 4836 2028 4892 pro-

448 4905 706 4961 mittitur.
743 4908 800 4961 ln
832 4907 935 4962 hac
973 4908 1158 4979 itaque
1202 4909 1452 4965 oratione
1495 4909 1665 4966 David
1708 4911 1932 4968 eﬂ’usam
1972 4914 2028 4968 in

447 5013 640 5054 omnes
668 5005 858 5068 gentes
897 4999 1127 5069 gratiam
1163 5007 1452 5065 memorat,
1483 5016 1646 5071 quam
1676 5001 1935 5057 demirari
1966 5017 2026 5059 se

447 5101 501 5149 et
557 5102 781 5162 stupere
830 5093 1118 5161 prolitetur
1164 5091 1249 5147 his
1281 5091 1466 5148 verbis
1503 5112 1516 5147 :
1553 5092 1675 5146 Non
1714 5101 1792 5147 est
1830 5094 2023 5147 similis

446 5183 528 5237 tui
553 5183 610 5236 in
639 5182 764 5245 diis,
803 5179 1040 5243 Domine,
1069 5189 1117 5233 et
1148 5196 1252 5234 non
1283 5189 1359 5233 est
1405 5182 1686 5236 secundum
1718 5197 1877 5250 opera
1909 5190 2020 5236 tua.

449 5275 644 5329 Omnes
673 5283 846 5343 gentes
875 5287 1210 5341 quascunque
1232 5271 1406 5340 fecisti
1429 5273 1629 5326 venient
1652 5282 1700 5326 et
1724 5271 2023 5325 adorabunt

445 5383 626 5419 coram
659 5375 722 5418 te.
757 5365 899 5432 Quia
931 5365 1098 5434 igitur
1125 5364 1241 5433 ipse
1271 5379 1489 5434 quoque
1527 5363 1680 5432 paria
1710 5365 1852 5418 bona
1891 5378 2023 5418 conn

447 5459 600 5530 sequi
630 5458 977 5528 precabatur,
1010 5458 1313 5512 orationem
1357 5472 1511 5512 suam
1543 5457 1598 5510 in
1650 5454 1829 5509 medio
1876 5456 2024 5524 psal-

447 5565 660 5603 morum
685 5549 1123 5619 evangclicorum
1151 5557 1517 5620 congruenter
1549 5548 1770 5602 locavit.
1804 5546 1928 5601 Haec
1955 5547 2023 5602 de

447 5635 723 5706 proposita
759 5637 1060 5706 quaestione
1095 5636 1242 5691 dicta
1291 5638 1425 5691 sint.
1470 5636 1583 5693 Nec
1631 5637 2018 5708 ignorandum,

2133 4813 2472 4886 γαλοδωρεᾶς
2513 4813 2614 4883 τῆς
2659 4815 2791 4868 πᾶσι
2829 4817 2942 4879 τοῖς
2979 4814 3154 4868 έθνεσι
3197 4813 3706 4891 εὐαγγελιζομένηςι

2133 4906 2476 4978 Μνημονεύει
2510 4906 2640 4975 γοῦν
2669 4909 2726 4962 ἐν
2765 4911 2829 4980 τῇ
2863 4907 3026 4962 αὑτοῦ
3059 4909 3333 4979 προσευχῇ
3362 4907 3389 4958 6
3417 4897 3580 4959 Δαυῒδ
3607 4907 3707 4975 τῆς

2130 5000 2208 5062 εἰς
2241 4997 2311 5052 τὰ
2337 4999 2462 5071 ἔθνη
2492 5000 2748 5072 χυθείσης
2783 4999 2876 5053 τοῦ
2919 5000 3053 5053 Θεοῦ
3102 4999 3343 5071 χάριτος,
3387 4997 3707 5068 ἀποθαυμά-

2132 5092 2238 5156 ζων
2269 5092 2361 5145 καὶ
2395 5093 2825 5164 ἐκπληττόμενος
2849 5094 2947 5165 τὴν
2971 5093 3150 5165 χάριν,
3179 5092 3245 5144 δι’
3273 5085 3347 5145 ὧν
3376 5108 3563 5161 φησιν’
3586 5093 3706 5143 Οὐκ

2128 5183 2300 5236 ἔστιν
2329 5181 2530 5251 ὅμοιός
2566 5201 2663 5237 σοι
2716 5183 2787 5236 ἐν
2824 5182 2998 5248 θεοῖς,
3047 5183 3242 5250 Κύριε,
3290 5181 3387 5234 καί
3437 5183 3546 5233 οὐκ
3575 5179 3706 5232 ἔστι

2130 5279 2279 5327 κατὰ
2306 5276 2376 5328 τὰ
2409 5275 2552 5344 ἔργα
2583 5291 2721 5329 σου.
2755 5274 2958 5328 Πάντα
2987 5275 3059 5328 τὰ
3087 5275 3231 5342 ἔθνη
3270 5273 3387 5328 ὅσα
3413 5272 3706 5338 ἐποίησας

2129 5363 2350 5430 ἥξουσι
2376 5367 2473 5419 καὶ
2505 5366 3045 5432 προσκυνήσουσιν
3088 5364 3342 5418 ἐνώπιόν
3369 5378 3505 5418 σου.
3554 5363 3707 5415 Ἐπεὶ

2127 5456 2306 5508 τοίνυν
2347 5458 2442 5509 καὶ
2490 5457 2652 5519 αὐτὸς
2695 5455 2890 5527 ηὔχετο
2932 5443 3024 5509 τοῦ
3073 5457 3200 5509 ἴσων
3240 5454 3460 5524 ἀγαθῶν
3499 5457 3705 5524 τυχεῖν,

2128 5548 2351 5609 εἰκότως
2383 5549 2481 5617 τὴν
2515 5547 2708 5600 ἐαυτοῦ
2743 5548 3049 5620 προσευχὴν
3084 5549 3253 5620 μέσην
3281 5548 3388 5601 τῶν
3423 5545 3708 5615 εὐαγγελι-

2129 5639 2238 5692 κῶν
2279 5639 2509 5710 ψαλμῶν
2557 5639 2950 5712 παρεμϐάλλει.
2997 5641 3182 5694 Ταῦτα
3239 5639 3336 5710 μὲν
3371 5635 3462 5692 οὖν
3494 5639 3573 5700 είς
3605 5635 3706 5709 τὴν

517 5790 561 5820 ⁸ο
601 5787 743 5843 Psal.
785 5803 905 5855 xcv,
941 5789 994 5844 l.
1072 5790 1114 5822 ⁶¹
1154 5788 1302 5846 Psal.
1339 5806 1494 5860 xcvi,
1536 5795 1584 5846 l.
1664 5795 1716 5867 ‘t
1748 5791 1940 5850 Matth.
1977 5809 2073 5860 ιιι,
2107 5793 2161 5849 2.
2239 5794 2283 5824 ⁸³
2324 5793 2511 5849 Matth.
2542 5812 2594 5860 v,
2625 5795 2678 5860 3,
2719 5794 2804 5849 lO.
