4066 6412
373 390 510 446 1029

1488 378 2003 439 τοδιΜΕΝτΑιιιΑ
2043 376 2109 434 IN
2151 359 2501 438 PSALuosS

3491 380 3516 434 1
3525 381 3630 438 030

369 504 649 576 λεχθεῖσαν
678 499 936 572 πρότασιν
963 496 1217 570 εἰρήσθω.
1247 495 1368 568 Χρή
1397 497 1455 550 δέ
1490 496 1564 568 μὴ
1595 498 1827 565 ἀγνοεῖν,
1862 497 1931 550 ὅτι

2048 495 2186 550 alios
2209 495 2500 564 plerosque
2525 492 2766 566 psalmos
2794 509 2916 550 esse
2937 495 3050 566 qui,
3077 485 3287 559 Oratio,
3313 492 3628 552 inscribun-

370 599 463 652 καὶ
496 595 643 650 ἄλλοι
688 592 902 653 πλείους
943 591 1049 642 εἰσὶ
1079 588 1434 658 Προσευκῆς
1482 589 1947 660 ἐπιγεγραμμένοι

367 684 589 754 ψαλμοί·
614 683 726 736 ἀλλ’
754 675 906 744 οὗτος
935 683 1072 750 μετὰ
1103 678 1439 750 προσθήκης,
1483 679 1591 732 τοῦ
1625 680 1826 744 Δαυῒδ,
1865 680 1945 734 εῖδ-

367 790 550 844 ρηται·
573 773 756 844 ἕτερος
781 770 836 823 δὲ
863 769 1289 840 ἐπιγέγραπται,
1316 769 1632 839 Προσευχὴ
1654 769 1759 823 τοῦ
1780 773 1948 824 Maii)-

367 863 449 933 σῆ
477 863 787 932 ἀνθρώπου
817 861 922 915 τοῦ
959 861 1125 915 Θεοῦ·
1161 861 1252 914 καὶ
1279 860 1454 924 ἄλλος,
1493 862 1810 931 Προσευχὴ
1839 863 1946 917 τοῦ

366 956 626 1026 πτωχοῦ,
653 955 800 1008 ὅταν
821 953 1122 1023 ἀκηδιάσῃ
1155 952 1252 1006 καί
1288 954 1565 1008 ἐναντίον·
1591 955 1696 1010 τοῦ
1723 955 1947 1024 Κυρίου

364 1049 549 1118 ἐκχέῃ
577 1047 693 1114 τὴν
719 1045 934 1114 δέησιν
957 1045 1162 1100 αὐτοῦ.
1209 1046 1347 1098 Ἀλλ’
1369 1045 1444 1110 ὡς
1475 1047 1946 1123 ἐπαναὸεὸηκότες

361 1140 460 1204 τὰς
493 1140 550 1194 ἐν
576 1141 642 1210 τῇ
675 1138 885 1208 Παλαιᾷ
911 1137 1097 1208 Γραφῇ
1133 1138 1459 1209 προσευχὰς,
1491 1138 1541 1190 οἱ
1574 1136 1664 1191 τοῦ
1697 1139 1948 1210 Σωτῆρος

362 1229 521 1302 ἡμῶν
569 1229 872 1287 ἀπόστολοιξ
899 1227 1287 1299 προσελθόντες
1319 1229 1503 1298 ἠξίουν
1540 1230 1702 1283 αὐτὸν
1739 1231 1946 1298 διδάξαι

360 1321 557 1385 αὐτοὺς
600 1319 1030 1392 προσεύχεσθαι·
1077 1320 1107 1372 ὁ
1139 1321 1195 1374 δὲ
1226 1321 1488 1388 διδάσκει,
1540 1323 1723 1394 μόνοις
1760 1326 1944 1391 αὐτοῖς

245 1467 250 1472 ,
361 1414 456 1467 καὶ
485 1414 596 1475 τοῖς
625 1413 833 1484 ὁμοίοις
877 1411 1209 1483 κατάλληλον
1241 1413 1570 1485 παραδιδοὺς
1612 1419 1940 1489 προσευχήν.

359 1505 453 1559 Διό
494 1523 627 1576 φησι
674 1504 810 1576 πρὸς
860 1504 1076 1568 αὐτούς·
1129 1505 1326 1570 Οὕτως
1374 1504 1487 1558 οὖν
1533 1509 1946 1577 προσεύχεσθε

359 1571 567 1667 ὑμεῖς(
581 1571 772 1664 Πάτερ
801 1595 970 1666 ἠμᾶη·
997 1599 1029 1650 ό
1049 1596 1118 1650 ἐν
1139 1595 1262 1661 τοῖς
1281 1571 1586 1664 οὐρανοῖς,⁷
1606 1571 1945 1669 ἁγιασθήτω

359 1690 427 1742 τὸ
466 1688 653 1757 ὄνομά
685 1704 822 1754 σου,
863 1689 956 1742 καί⁵
997 1687 1067 1740 τὰ
1113 1689 1261 1758 ἐξῆς.
1311 1690 1581 1754 Ἕκαστος
1616 1686 1710 1744 οὖν
1755 1686 1944 1746 ἐαυτὸν

357 1781 718 1852 δοκιμαζέτω,
760 1782 870 1834 εἴτε
899 1780 1048 1846 ἄξιός
1084 1782 1251 1846 ἐστιν,
1287 1782 1362 1846 ὡς
1398 1783 1498 1855 ἤδη
1542 1783 1656 1847 υἱὸς
1681 1784 1813 1837 Θεοῦ
1852 1802 1944 1854 γε·

2050 594 2177 652 tur;
2211 588 2305 642 sed
2334 586 2426 641 hic
2455 601 2584 641 cum
2626 587 2732 642 hoc
2782 588 3176 656 additamento,
3210 589 3451 655 Davidis,
3501 609 3630 662 pro-

2049 677 2263 746 fertur;
2297 679 2436 734 alius
2487 679 2533 711 “
2586 694 2716 734 vero
2749 681 3068 736 inscribitur
3114 701 3127 737 :
3178 681 3364 737 Oratio
3422 671 3626 754 Hoysis

2048 769 2273 822 hominis
2307 768 2437 836 Dei;
2458 768 2602 826 alius
2631 771 2698 836 ",
2737 770 2926 826 Oratio
2958 775 3230 842 pauperis,
3268 791 3386 827 cum
3431 777 3625 830 anxius

2047 862 2243 932 fuerit,
2290 871 2340 915 et
2392 863 2446 916 in
2495 873 2772 932 conspectu
2822 864 3040 918 Domini
3128 865 3372 935 effuderit
3423 882 3626 934 precem

2047 971 2221 1011 suam.
2248 953 2354 1010 Sed
2410 956 2870 1026 quemadmodum
2927 959 3160 1029 apostoli
3197 957 3499 1016 Salvatoris
3531 977 3628 1016 no-

2049 1047 2148 1102 stri
2174 1085 2189 1111 ,
2236 1045 2453 1102 Veteris
2535 1046 2834 1117 Scriptum
2902 1050 3250 1106 orationibus
3313 1051 3628 1122 superiores

2047 1135 2260 1202 effecti,
2318 1138 2642 1194 accedentes
2689 1140 2960 1211 rogabant
3013 1156 3178 1206 eum,
3221 1151 3281 1196 ut
3323 1157 3386 1198 se
3433 1143 3627 1197 orandi

2046 1227 2268 1282 modum
2301 1227 2586 1295 edoceret;
2633 1227 2725 1283 ille
2768 1245 2898 1285 vero
2945 1229 3082 1301 ipsis
3125 1232 3259 1288 solis
3318 1241 3373 1287 et
3427 1231 3629 1287 simili-

2045 1318 2150 1376 bus
2229 1321 2474 1390 ipsorum
2541 1330 2938 1392 congruentem
3003 1322 3226 1380 tradidit
3280 1323 3624 1390 orationem,
3679 1379 3686 1388 _

2047 1426 2172 1466 cum
2205 1409 2345 1465 dixit
2371 1411 2502 1475 illis,
2546 1411 2635 1466 Sic
2686 1429 2775 1467 vos
2834 1421 2984 1468 orate
3026 1431 3046 1468 :
3078 1414 3243 1471 Pater
3304 1425 3503 1486 noster,
3535 1417 3627 1488 qui

2044 1518 2099 1556 es
2160 1502 2215 1555 in
2248 1502 2414 1566 caelis,
2478 1503 2843 1571 sanctiﬁcetur
2909 1521 3099 1559 nomen
3157 1515 3307 1560 tuum
3333 1508 3400 1573 ⁸⁸,
3435 1517 3490 1562 et
3519 1523 3625 1563 cae-

2044 1601 2192 1660 tera;
2232 1594 2416 1663 itaque
2461 1593 2703 1665 seipsum
2740 1595 2976 1666 quisque
3005 1597 3220 1666 probet,
3257 1614 3390 1653 num
3421 1599 3622 1670 dignus

2045 1686 2139 1753 sit,
2175 1694 2360 1756 utpote
2395 1686 2508 1756 jam
2544 1687 2690 1743 filius
2729 1687 2823 1742 Dei
2860 1687 3110 1752 effectus,
3147 1689 3365 1747 Patrem
3412 1692 3507 1763 qui
3561 1694 3621 1748 in

2044 1777 2199 1831 caelis
2225 1785 2307 1830 est
2342 1777 2620 1844 invocare,
2653 1792 2718 1832 ac
2747 1779 2882 1833 illud
2908 1778 3175 1850 proferre,
3220 1780 3384 1837 Pater
3409 1793 3609 1852 noster,

358 1873 554 1942 γονὼς,
594 1871 686 1926 τὸν
723 1876 782 1926 ἐν
829 1875 942 1938 τοῖς
982 1874 1229 1945 οὐρανοῖς
1273 1874 1649 1930 ἐπικαλεῖσθαι
1695 1878 1937 1948 Πατέρα,
1971 1859 2015 1916 Β
2041 1870 2134 1938 qui
2161 1885 2215 1924 ϐε
2256 1870 2311 1924 δη
2339 1870 2506 1936 δαείίῆ
2554 1877 2662 1926 Θῑο·
2704 1871 2862 1936 Ουοά
2913 1874 2961 1928 εί
3003 1873 3128 1927 "llis
3176 1889 3284 1929 ηοῐὶ
3317 1876 3412 1942 δίει
3463 1883 3620 1932 cura

359 1966 454 2019 καὶ
484 1965 664 2034 λέγειν
688 1965 770 2028 τὸ,
797 1967 988 2034 Πάτερ
1016 1967 1186 2036 ἡμῶν
1217 1970 1250 2021 ὀ
1277 1967 1348 2022 ἐν
1371 1967 1499 2035 τοῖς
1520 1969 1819 2038 οὐρανοῖς,
1846 1972 1941 2025 καὶ

356 2056 427 2109 τὰ
460 2055 609 2127 ἐξῆς.
663 2059 727 2110 Εἰ
774 2059 849 2130 μὴ
896 2053 1149 2122 τοσοῦτος
1195 2061 1302 2130 εἴη,
1350 2060 1708 2130 ἀναλέγεσθαι
1762 2063 1941 2135 ἐαυτῷ

359 2149 707 2215 σπουδαζέτω
752 2151 850 2224 τὴν
898 2153 1244 2224 ἁρμόζουσαν
1298 2156 1364 2225 τῇ
1405 2154 1570 2208 αὐτοῦ
1609 2157 1940 2210 καταστάσει

357 2242 666 2313 προσευχὴν
694 2243 801 2297 ἀπό
829 2261 890 2297 τε
916 2245 1016 2315 τῆς
1045 2245 1228 2314 βίϐλου
1261 2246 1370 2300 τῶν
1395 2247 1642 2319 Ψαλμῶν
1692 2249 1787 2303 καὶ
1831 2249 1941 2303 ἀπὸ

354 2333 464 2386 τῶν
498 2334 852 2406 προφητικῶν
891 2337 1102 2406 φωνῶν.
1161 2338 1226 2391 Ἢ
1259 2337 1442 2409 μέντοι
1475 2340 1725 2412 παροῦσα
1770 2359 1939 2414 προσά

353 2427 489 2498 ευχὴ
510 2426 604 2480 τοῦ
624 2427 786 2482 Δαυῒδ
809 2424 943 2482 οὖσα
963 2428 1242 2500 τυγχάνει·
1268 2429 1442 2495 οὕτως
1467 2431 1576 2504 γὰρ
1594 2433 1938 2506 ἡρμήνευσεν

351 2515 384 2568 ὅ
404 2533 465 2569 τε
507 2517 735 2583 Ἀκύλας
772 2520 866 2572 καὶ
897 2521 926 2572 ό
956 2519 1271 2592 Σύμμαχος,
1303 2523 1424 2576 ἀντὶ
1454 2522 1569 2588 τοῦ,
1615 2524 1696 2591 τῷ
1735 2525 1936 2590 Δαυῒδ,

351 2608 461 2663 τοῦ
509 2609 709 2678 Δαυῒδ,
743 2611 1046 2684 εἰρηκότες.
1093 2616 1253 2667 Δοκεῖ
1297 2614 1354 2668 δὲ
1404 2617 1433 2668 ό
1482 2615 1646 2670 Δαυῒδ
1687 2616 1766 2687 τῷ
1808 2617 1938 2690 θείῳ

353 2700 633 2772 Πνεύματι
673 2703 746 2775 μὴ
780 2704 1111 2775 ἠγνοηκέναι
1140 2705 1232 2759 τὸν
1269 2708 1398 2778 περὶ
1431 2707 1541 2762 τῶν
1572 2708 1803 2780 πτωχῶν
1832 2710 1938 2764 ὑπὸ

350 2793 448 2847 τοῦ
475 2795 725 2867 Σωτῆρος
764 2796 920 2867 ἡμῶν
949 2798 1240 2868 εἰρημένον
1275 2801 1644 2870 μακαρισμόν·
1679 2801 1759 2853 διὸ
1787 2818 1934 2854 πτω-

349 2885 446 2958 χὸν
471 2887 659 2940 ἐαυτὸν
682 2888 774 2940 καὶ
805 2888 1012 2960 πένητα
1044 2889 1311 2960 ὑπάρχειν
1335 2891 1606 2960 ὁμολογεῖ,
1642 2893 1736 2946 καί⁸
1761 2892 1935 2948 ταῦτα

353 2977 604 3047 βασιλεὺς
637 2979 714 3032 ὢν
743 2981 836 3033 καὶ
867 2979 1078 3051 πλούτῳ
1105 2981 1285 3052 πολλῷ
1314 2983 1755 3056 περιρρεόμενος.
1795 2985 1934 3040 Ἀλλ’

350 3071 538 3142 ἐπειδὴ
566 3071 644 3142 τῷ
678 3072 950 3143 πνεύματι
974 3072 1212 3137 τοιοῦτος
1231 3069 1321 3145 ἦν,
1358 3074 1498 3128 κατὰ
1529 3075 1612 3142 τὸ,
1643 3075 1934 3144 Μακάριοι

343 3166 405 3218 οἰ
436 3165 657 3234 πτωχοὶ
693 3164 772 3230 τῷ
814 3167 1126 3236 πνεύματι,
1158 3167 1383 3230 εἰκότως
1422 3167 1480 3221 ἐν
1521 3168 1588 3238 τῇ
1632 3171 1930 3241 προσευχῇ,

345 3256 426 3321 ὡς
474 3258 676 3329 ἀρετὰς
724 3257 919 3312 ἐαυτοῦ
989 3259 1084 3312 καὶ
1126 3258 1195 3312 τὰ
1239 3258 1639 3331 κατορθώματα
1694 3261 1931 3332 προϐάλ-

348 3348 499 3403 λεται
547 3350 646 3421 τὴν
705 3350 977 3420 πτωχείαν
1046 3350 1143 3404 καὶ
1205 3351 1414 3405 πενίαν.
1476 3353 1586 3406 Καὶ
1645 3353 1818 3417 άλλως
1871 3355 1930 3409 δέ

345 3442 514 3512 ἐρεῖς,
561 3442 661 3506 ὅτι,
707 3441 896 3512 ῶσπερ
940 3443 1200 3514 Μωῦσῆς,
1257 3445 1439 3515 φωνῆς
1486 3445 1725 3510 ἀκούσας
1771 3446 1928 3513 Θεοῦ,

349 3531 677 3603 ἰσχνόφωνον
709 3534 902 3589 ἐαυτὸν
929 3529 1068 3588 εἶναι
1101 3534 1388 3605 ὡμολόγει,
1439 3538 1582 3592 κατὰ
1627 3539 1928 3610 παράθεσιν

344 3626 446 3698 τῆς
477 3625 628 3692 θείας
661 3629 844 3698 φωνῆς
886 3627 1044 3681 τοῦτο
1085 3631 1280 3701 φήσας·
1319 3631 1461 3685 οὕτω
1493 3633 1637 3686 καὶὸ
1665 3635 1846 3698 Δαυῒδ,
1879 3637 1930 3690 εἰ

344 3717 442 3771 καὶ
488 3715 659 3788 μέγας
702 3713 769 3789 ἧν
823 3719 917 3771 καὶ
963 3719 1218 3784 πλούσιος
1268 3722 1362 3775 καὶ
1415 3723 1576 3792 σοφὸς
1623 3723 1928 3796 ἀνθρώποις

347 3811 792 3882 συγκρινόμενος,
829 3811 946 3865 ἀλλ’
977 3812 1263 3877 ἀνατείνας
1313 3813 1450 3885 πρὸς
1496 3815 1587 3869 τὸν
1633 3816 1766 3869 Θεὸν
1799 3818 1928 3882 τοὺς

341 3903 674 3976 ὀφθαλμοὺς,
704 3906 805 3976 δρᾷ
833 3905 1021 3959 ἐαυτὸν
1044 3905 1105 3958 τὸ
1127 3905 1292 3976 μηδὲν
1316 3906 1463 3959 ὅντα·
1494 3907 1587 3960 καὶ
1613 3907 1734 3960 ἐπεὶ
1758 3909 1831 3978 μή
1843 3927 1925 3962 πω

340 3990 411 4067 ἦν
431 3996 652 4060 δυνατὸς
682 3997 897 4069 πατέρα
918 3997 1010 4051 τὸν
1036 3997 1167 4050 Θεὸν
1187 3997 1496 4070 ὀνομάζειν,
1529 3998 1734 4070 Κύριον
1762 3999 1923 4054 αὑτὸν

342 4087 519 4154 καλεῖ,
548 4087 734 4142 δούλου
771 4088 954 4160 χώραν
991 4090 1182 4145 ἐαυτὸν
1223 4091 1440 4162 ἐπέχειν
1483 4091 1781 4164 σημαίνων.
1809 4089 1924 4145 Εἶθ’

340 4180 420 4245 ὼς
445 4181 608 4246 αὐτὸς
641 4181 814 4253 μένων
844 4183 994 4237 κάτω
1027 4201 1128 4236 που
1162 4184 1256 4237 καὶ
1280 4184 1339 4237 ἐν
1380 4183 1548 4254 βυθῷ,
1583 4183 1677 4238 τοῦ
1705 4185 1762 4238 δέ
1787 4183 1922 4238 Θεοῦ

337 4272 492 4337 δντος
513 4276 570 4327 ὲν
593 4273 736 4344 ὕψει,
769 4275 945 4329 κλῖναι
972 4275 1062 4329 τὸν
1090 4276 1222 4329 Θεὸν
1249 4275 1480 4329 ἱκετεύει
1505 4276 1565 4330 τὸ
1588 4271 1680 4340 οὖς
1702 4274 1918 4330 ἐαυτοῦ·

340 4361 436 4416 ἁτε
483 4365 558 4436 μὴ
605 4365 862 4422 τοσοῦτον
917 4367 1046 4439 βοᾷν
1092 4368 1391 4440 δυνάμενος
1436 4369 1523 4423 διὰ
1575 4369 1672 4441 τὴν
1715 4369 1922 4424 οἰκείαν

2042 1962 2208 2016 statui
2231 1977 2333 2018 suo
2354 1970 2742 2033 congruentem
2767 1965 3068 2021 orationem
3097 1967 3353 2036 deligere,
3380 1983 3445 2022 ex
3475 1967 3618 2022 libro

2041 2051 2386 2110 Psalmorum
2419 2061 2474 2110 et
2501 2071 2569 2111 ex
2602 2057 2938 2128 propheticis
2984 2059 3214 2114 vocibus
3247 2059 3617 2130 desumptam.

2041 2145 2169 2201 Haec
2195 2147 2363 2217 igitur
2387 2146 2567 2202 oratio
2597 2146 2820 2203 Davidis
2851 2155 2936 2204 est
2963 2171 2978 2204 :
3002 2165 3129 2204 nam
3157 2151 3237 2206 sic
3270 2152 3616 2222 explicarunt

2040 2237 2240 2309 Aquila
2268 2244 2322 2292 et
2357 2235 2740 2309 Symmachus,
2769 2239 2865 2308 qui
2897 2255 2998 2309 pro
3028 2241 3144 2301 illo.
3179 2240 3394 2308 Davidi,
3437 2243 3615 2298 inter-

2039 2331 2238 2402 pretati
2269 2340 2416 2392 sunt,
2457 2329 2694 2388 Davidis.
2749 2331 2978 2389 Videtur
3007 2349 3172 2404 porro
3203 2332 3397 2399 David,
3428 2335 3616 2392 divino

2040 2421 2253 2478 aﬂlatus
2284 2421 2514 2494 Spiritu,
2549 2425 2948 2482 beatitudinem
2996 2427 3145 2481 illam
3178 2427 3245 2482 de
3276 2429 3614 2498 pauperibus

2040 2526 2072 2565 a
2107 2511 2386 2570 Salvatore
2413 2523 2605 2571 nostro
2640 2518 2906 2587 prolatam
2939 2534 3049 2573 non
3091 2519 3417 2590 ignorasse:
3445 2536 3616 2591 quare

2039 2619 2100 2659 se
2126 2617 2420 2675 pauperem
2448 2614 2503 2660 et
2534 2605 2751 2677 inopem
2781 2623 2904 2663 esse
2933 2607 3157 2673 fatetur,
3181 2610 3397 2665 etiamsi
3427 2625 3522 2665 rex
3550 2625 3616 2667 ac

2037 2693 2243 2750 divitiis
2291 2694 2595 2752 instructus
2648 2697 2836 2752 multis
2869 2705 3036 2754 esset.
3091 2697 3197 2753 Sed
3237 2699 3366 2770 quia
3415 2700 3614 2770 spiritu

2037 2785 2161 2841 talis
2189 2793 2308 2841 erat
2332 2786 2635 2842 secundum
2673 2787 2831 2854 illud,
2861 2787 3017 2842 Beati
3043 2803 3296 2858 pauperes
3324 2789 3516 2858 spiritu
3532 2791 3610 2858 ‘7;

2036 2881 2234 2932 merito
2274 2887 2654 2950 paupertatem
2694 2887 2749 2934 et
2802 2880 3043 2950 inopiam
3091 2880 3235 2935 inter
3284 2881 3518 2937 virtutes
3555 2891 3613 2937 et

2036 2978 2186 3027 recte
2239 2971 2383 3026 facta
2429 2986 2529 3028 sua
2573 2974 2629 3027 in
2680 2973 2929 3029 oratione
2980 2981 3252 3030 recenset.
3311 2973 3434 3029 Alio
3481 2975 3610 3031 item

2035 3064 2199 3120 modo
2235 3065 2476 3133 dixeris;
2520 3066 2660 3121 sicut
2708 3065 2943 3137 Moyses,
2978 3066 3164 3121 audita
3209 3065 3306 3122 Dei
3355 3083 3507 3134 voce,
3552 3084 3612 3124 se

2033 3179 2426 3236 balbutientem
2456 3194 2581 3235 esse
2627 3178 2924 3245 fatebatur,
2959 3180 3124 3250 idque
3166 3180 3382 3237 dicebat
3419 3196 3609 3238 vocem

2038 3289 2193 3330 suam
2254 3288 2379 3328 cum
2442 3273 2628 3327 divina
2690 3274 3091 3344 comparando;
3151 3273 3226 3326 ita
3291 3281 3346 3328 et
3408 3271 3611 3342 David,

2038 3367 2254 3421 etiamsi
2293 3381 2546 3437 magnus,
2578 3366 2732 3422 dives
2775 3376 2829 3422 et
2866 3367 3108 3436 sapiens,
3141 3382 3265 3420 cum
3296 3365 3612 3422 hominibus

2036 3464 2389 3528 comparatus
2446 3466 2620 3525 esset;
2655 3464 2710 3511 at
2738 3457 2967 3513 elevatis
3005 3457 3073 3511 ad
3115 3456 3284 3513 Deum
3315 3459 3511 3522 oculis,
3550 3475 3609 3514 se

2035 3550 2174 3605 nihil
2207 3566 2331 3607 esse
2361 3551 2535 3606 vidit:
2567 3558 2620 3605 et
2644 3551 2771 3619 quia
2813 3548 3054 3617 pondum
3085 3557 3269 3619 posset
3297 3548 3467 3604 Deum
3511 3565 3608 3619 pa-

2035 3650 2174 3697 trem
2213 3657 2433 3707 vocare,
2465 3642 2756 3698 Dominum
2788 3657 2913 3698 eum
2959 3641 3268 3712 appellavit,
3321 3657 3380 3697 se
3416 3640 3606 3697 famuli

2033 3735 2214 3789 locum
2248 3742 2436 3790 tenere
2474 3734 2812 3803 significans.
2847 3733 3073 3798 Deinde,
3106 3741 3294 3804 utpote
3317 3733 3410 3805 qui
3440 3734 3494 3789 in
3525 3735 3607 3790 in-

2033 3823 2178 3880 ﬁmis
2207 3831 2263 3879 et
2319 3824 2374 3877 in
2416 3822 2689 3892 profundo
2735 3832 2974 3887 maneat,
3025 3837 3150 3876 cum
3202 3819 3345 3877 Deus
3394 3822 3448 3876 in
3494 3823 3607 3876 alto

2031 3916 2301 3978 exsistat,’
2331 3922 2490 3983 rogat
2529 3921 2589 3968 ut
2626 3913 2853 3967 inclinet
2871 3928 3058 3968 aurem
3090 3927 3271 3978 suam,
3306 3913 3454 3983 quod
3489 3913 3604 3982 ipse

2029 4021 2142 4075 pra:
2181 4003 2496 4058 infirmitate
2542 4009 2752 4057 tantum
2787 4000 2951 4055 edere
2998 4001 3292 4055 clamorem
3330 4017 3440 4055 non
3479 4017 3606 4071 pos-

2028 4095 2122 4158 sit,
2163 4093 2256 4164 qui
2290 4093 2344 4148 in
2373 4094 2545 4147 altum
2574 4092 2879 4163 perveniat,
2910 4097 2966 4146 et
2999 4089 3067 4144 ad
3101 4089 3273 4145 Deum
3305 4091 3598 4161 pertingat.

2027 4183 2391 4252 Quamobrem
2459 4181 2731 4253 supplicat
2788 4188 2850 4234 ut
2914 4179 3058 4236 Deus
3115 4179 3341 4235 inclinet
3412 4195 3598 4238 aurem

2025 4291 2200 4340 suam,
2233 4282 2288 4331 et
2317 4282 2380 4330 ut
2402 4273 2623 4331 divinus
2663 4272 2884 4329 auditus
2914 4271 3218 4328 humilitati
3255 4287 3369 4329 suae
3404 4279 3602 4328 attem—

2022 4377 2262 4438 peretur.

339 4455 641 4522 ἀσθένειαν,
665 4457 741 4520 ὡς
766 4459 1110 4529 ἀναπέμπειν
1141 4462 1221 4524 εἰς
1246 4459 1378 4530 ὕψος
1406 4462 1500 4515 καὶ
1538 4461 1734 4515 τείνειν
1767 4461 1904 4533 πρὸς
1930 4459 2023 4512 τὸν
2045 4459 2176 4513 Θεὸν
2201 4458 2300 4531 τὴν
2326 4457 2520 4511 ἐαυτοῦ
2557 4457 2760 4530 φωνήν.
2794 4457 2885 4512 Διὸ
2911 4457 3078 4512 δεῖται
3110 4457 3288 4512 κλῖναι
3318 4456 3510 4511 ἐαυτοῦ
3538 4456 3599 4510 τὸ

337 4541 434 4610 οὖς
459 4547 550 4601 τὸν
574 4548 726 4613 Θεὸν,
748 4551 841 4603 καὶ
859 4553 924 4622 τῇ
957 4551 1151 4604 ἑαυτοῦ
1219 4554 1566 4624 ταπεινότητι
1633 4552 2042 4624 συγκαταϐῆναι
2072 4552 2170 4622 τὴν
2199 4550 2351 4604 θείαν
2373 4551 2564 4622 ἀκοήν.

412 4666 693 4732 Φύλαξω·
713 4667 829 4736 τὴν
850 4669 1064 4737 ψυχήν
1089 4686 1230 4738 μου,
1254 4669 1344 4724 ὅτι
1365 4669 1534 4737 ὅσιός
1554 4673 1690 4740 εἰμι·
1718 4671 1926 4726 σῶσον

2096 4669 2264 4725 Vens.
2305 4671 2360 4724 2.
2403 4667 2623 4724 Custodi
2665 4667 2901 4720 animam
2943 4682 3132 4731 meam,
3177 4665 3427 4737 quoniam
3471 4679 3599 4718 sau-

337 4761 446 4814 τὸν
473 4760 700 4815 δοῦλόν
737 4778 875 4825 σου,
917 4764 951 4816 ό
995 4762 1160 4830 Θεὸς,
1200 4763 1308 4817 τὸν
1336 4763 1655 4826 ἐλπίζον-τα
1692 4765 1787 4819 ἐπὶ
1821 4765 1913 4819 σέ.

351 4853 440 4906 Ἐν
459 4849 539 4918 οἷς
561 4849 648 4925 ἦν,
678 4856 734 4908 ἐν
762 4855 971 4919 τούτοις
997 4855 1332 4926 φυλαχθῆναι
1357 4856 1501 4922 ἀξιοί
1521 4858 1626 4911 ύπὸ
1643 4859 1737 4912 τοῦ
1759 4858 1915 4925 Θεοῦ,

335 4943 412 5010 ὡς
441 4946 506 5000 ἂν
549 4946 624 5018 μὴ
656 4947 910 5020 συληθείη
945 4948 1110 5004 αὑτοῦ
1144 4950 1176 5020 ἡ
1205 4948 1350 5020 ψυχὴ
1391 4943 1466 5003 ὧν
1496 4951 1759 5022 ἐκέκτητο
1791 4953 1918 5024 ἀρε-

334 5037 466 5092 τῶν·
509 5041 575 5104 ἂς
619 5039 854 5111 ἐδήλωσε
903 5041 1119 5112 πρῶτον
1165 5039 1357 5105 εἰπὼν,
1399 5042 1520 5095 Ὅτι
1556 5043 1789 5112 πτωχὸς
1818 5044 1915 5096 καὶ

335 5128 528 5198 πένης
553 5130 669 5200 εἰμί
701 5130 835 5200 ἐγώ·
863 5130 1136 5202 δεύτερον,
1179 5131 1296 5183 Ὅτι
1335 5129 1506 5198 ὅσιός
1544 5134 1680 5201 εἰμι·
1711 5133 1792 5185 διὸ
1819 5133 1915 5186 καὶ

337 5221 575 5292 ἀλλαχοῦ
596 5222 812 5291 φάσκει·
841 5222 936 5290 Μὴ
955 5223 1174 5278 ἐλθέτω
1189 5241 1292 5292 μοι
1313 5223 1466 5289 ποῦς
1483 5225 1914 5292 ὑπερηφανίας.

349 5315 501 5369 Ἐπεὶ
527 5314 582 5368 δὲ
613 5315 822 5386 συνῄδει
841 5315 1017 5386 ἐαυτῷ
1041 5316 1266 5386 μηδέπω
1281 5315 1394 5370 δντι
1409 5315 1529 5387 υἰῷ,
1553 5316 1771 5378 εἰκότως
1791 5315 1914 5368 δοῦσι

335 5409 426 5462 λον
470 5408 659 5461 ἑαυτὸν
699 5407 948 5479 ὁμολογεῖ
989 5408 1082 5461 καί
1130 5424 1283 5481 φησι·
1317 5407 1527 5462 Σῶσον
1562 5407 1669 5462 τὸν
1693 5406 1916 5462 δοῦλόν

336 5517 474 5565 σου,
519 5503 551 5556 ὁ
600 5501 765 5567 Θεὸς,
816 5499 924 5553 τὸν
973 5500 1292 5561 ἐλπίζοντα
1335 5499 1433 5554 ἐπὶ
1477 5498 1572 5555 σέ.
1620 5497 1816 5562 Δοῦλος
1858 5499 1915 5552 δὲ

337 5593 473 5647 Θεοῦ
502 5597 648 5649 ἐστιν
671 5596 700 5648 ὁ
733 5594 806 5665 μὴ
845 5593 1110 5648 δουλεύων
1151 5593 1416 5665 ἁμαρτίᾳ,
1455 5592 1588 5664 μηδέ
1620 5609 1724 5646 τινι
1755 5590 1913 5645 πάθει

339 5686 882 5759 ὑποκείμενος,]μόνῳ
907 5686 963 5739 δὲ
992 5685 1127 5740 Θεοῦ
1149 5686 1309 5758 Λόγῳ
1329 5684 1784 5755 ύποτεταγμένος,
1820 5685 1916 5738 καὶ

2021 4771 2136 4816 ctus
2166 4779 2281 4816 sum
2307 4776 2324 4815 :
2349 4761 2555 4816 salvum
2599 4761 2685 4830 {ac
2719 4777 2924 4814 servum
2970 4768 3138 4823 tuum,
3177 4756 3339 4818 Deus.
3385 4772 3598 4825 speran-

2023 4861 2124 4907 tem
2159 4853 2210 4904 in
2259 4860 2324 4905 te.
2360 4849 2419 4904 ln
2453 4865 2564 4919 quo
2601 4857 2749 4904 statu
2790 4856 2909 4904 erat
2946 4863 3006 4902 se
3064 4845 3383 4901 conservari
3412 4861 3442 4898 a
3482 4845 3596 4900 Deo

2019 4945 2280 5016 postulat,
2320 4951 2383 4998 ut
2408 4959 2477 4999 ne
2521 4943 2704 4997 anima
2753 4956 2853 4997 sua
2883 4939 3179 4994 virtutibus
3212 4954 3349 5009 quas
3378 4938 3594 4994 obtine-
3663 5010 3669 5022 ι

2019 5039 2113 5093 bat
2163 5037 2538 5106 spoliaretur:
2585 5049 2724 5105 quas
2777 5033 3031 5096 virtutes,
3095 5032 3182 5086 his
3242 5031 3590 5094 declarabat,

2017 5130 2196 5200 primo
2227 5144 2350 5184 cum
2382 5127 2610 5190 diceret,
2664 5125 2926 5191 Quoniam
2968 5124 3115 5191 inops
3150 5130 3200 5176 et
3241 5137 3438 5190 pauper
3477 5137 3593 5174 sum

2015 5237 2140 5292 ego;
2193 5219 2435 5275 secundo
2465 5259 2480 5284 ,
2532 5217 2796 5284 Quoniam
2845 5224 3060 5270 sanctus
3093 5229 3241 5278 sum;
3267 5227 3436 5283 quare
3462 5212 3592 5267 alibi

2016 5315 2167 5378 dicit,
2197 5313 2321 5367 Non
2351 5313 2525 5368 ueniat
2566 5310 2694 5364 mihi
2725 5326 2812 5380 pes
2852 5307 3110 5377 superbiae
3131 5307 3196 5360 ⁸⁸.
3241 5304 3378 5361 Cum
3411 5311 3590 5360 autem

2017 5425 2076 5464 se
2104 5409 2346 5463 nondum
2390 5406 2558 5461 filium
2592 5419 2715 5460 esse
2751 5410 2924 5472 putet,
2957 5416 3017 5457 se
3045 5401 3169 5470 jure
3209 5413 3428 5456 servum
3460 5411 3592 5452 con-

2016 5499 2200 5555 ﬁtetur
2238 5507 2290 5553 ct
2318 5498 2416 5561 ait,
2451 5497 2672 5552 Salvum
2701 5494 2787 5563 fac
2817 5508 3023 5547 servum
3058 5501 3228 5553 tuum,
3285 5489 3444 5556 Deus,
3476 5503 3592 5556 spe—

2013 5602 2218 5646 rantem
2265 5591 2322 5644 in
2361 5598 2427 5642 te.
2481 5586 2686 5642 Servus
2726 5599 2891 5654 porro
2944 5583 3039 5638 Dei
3084 5590 3189 5646 est,
3225 5583 3317 5652 qui
3367 5589 3590 5652 peccato

2015 5698 2126 5738 non
2160 5681 2353 5746 servit,
2405 5679 2649 5751 nullique
2678 5677 2892 5732 all‘ectui
2937 5675 3190 5732 subditus
3236 5685 3339 5741 est,
3373 5673 3469 5731 sed
3498 5673 3589 5729 uni

412 5842 456 5874 “
488 5841 632 5900 Psal.
665 5859 903 5913 Lxxnx,
937 5845 988 5901 1.
1048 5846 1109 5922 ⁵⁵⁸
1150 5843 1295 5902 Psal.
1331 5859 1418 5912 Cl,
1455 5844 1504 5899 1.
1582 5843 1625 5874 ⁶⁶
1665 5839 1854 5899 Matth.
1893 5855 1983 5908 vt,
2019 5837 2072 5895 9.
2114 5839 2195 5925 __"
2237 5834 2430 5893 Matth.
2471 5833 2610 5910 v,‘5.
2657 5834 2737 5913 j'
2775 5830 2921 5888 Psal.
2960 5845 3125 5896 xxxv,
3162 5827 3249 5883 12.
