4066 6368
465 344 594 400 1051

1167 337 1438 402 EUSEBII
1475 335 1956 402 CASSARIENSIS
1988 335 2140 403 OPP.
2169 339 2348 404 PARS
2377 336 2465 404 Ill.
2509 379 2582 390 —
2618 337 3028 408 EXEGETICA.

3567 349 3709 416 103i

461 455 555 511 Dei
597 451 775 512 Verbo
799 455 1119 527 subjectus;
1151 469 1206 515 et
1230 461 1325 530 qui
1356 460 1412 514 in
1435 460 1589 516 nullo
1617 461 1724 516 alio
1753 476 1906 533 spem
1935 462 2026 516 ba-

2133 465 2163 516 ό
2190 462 2284 515 ἐπὶ
2316 463 2518 535 μηδένα
2548 464 2738 536 ἓτερον
2777 465 3014 531 ἐλπίζων
3042 469 3075 539 ἢ
3109 456 3203 522 ἐπὶ
3239 456 3400 540 μόνον
3433 473 3523 527 τὸν
3561 475 3717 534 Θεόν.

458 549 566 612 bet,
602 550 709 606 nisi
737 553 790 605 in
829 567 936 606 uno
966 551 1097 608 Deo.
1126 582 1196 594 —
1223 552 1392 609 Vens.
1436 555 1492 625 '5,
1532 554 1588 610 4.
1625 555 1877 610 Miserere
1910 556 2034 620 mei,

457 642 700 705 Domine,
750 644 999 713 quoniam
1049 645 1118 698 ad
1149 654 1198 699 te
1237 647 1481 701 clamabo
1513 655 1624 702 tota
1657 648 1782 702 die:
1817 649 2037 717 laetiﬁca

456 736 690 788 animam
731 738 865 790 servi
912 738 1012 802 tui,
1043 739 1292 808 quoniam
1317 739 1479 807 ad‘te,
1504 738 1748 804 Domine,
1801 740 2036 794 animam

455 840 626 879 meam
668 825 852 881 levavi.
889 825 1041 882 Licet
1076 836 1303 882 sanctus
1333 830 1461 893 sim,
1503 829 1600 894 ait,
1635 829 1763 884 licet
1795 829 1953 900 inops
1981 837 2036 884 et

454 929 662 987 pauper
695 919 888 988 spiritu
913 935 927 985 ;
961 917 1057 973 sed
1086 918 1330 972 nondum
1366 919 1502 973 mihi
1532 919 1707 975 ﬁdens
1730 921 2033 975 orationem

455 1008 667 1063 emitto.
711 1007 913 1063 Precor
936 1016 1116 1063 autem
1146 1015 1200 1064 et
1227 1025 1357 1080 rogo
1385 1017 1534 1064 tuam
1569 1012 1833 1084 consequi
1875 1013 2035 1068 mise.

453 1101 750 1154 ricordiam
785 1119 798 1154 :
831 1109 886 1154 et
932 1101 1047 1155 haec
1092 1109 1356 1171 perpetua
1396 1103 1577 1157 oratio
1624 1118 1745 1158 mea
1785 1112 1890 1160 est.
1926 1103 2032 1159 Pro

453 1192 545 1248 illo
577 1200 782 1258 autem,
816 1192 952 1247 Tota
998 1192 1104 1260 die,
1143 1191 1509 1264 Symmachus
1551 1195 1631 1250 sic
1662 1195 1856 1262 edidit,
1891 1195 2032 1261 Quia

452 1285 522 1339 ad
551 1295 599 1339 te
628 1284 862 1339 clamans
901 1285 1124 1355 singulis
1161 1285 1364 1340 diebus.
1401 1285 1522 1341 Non
1565 1288 1712 1342 enim
1759 1302 1869 1342 una
1908 1296 2032 1342 tan-

450 1384 567 1431 tum
613 1377 701 1432 die
729 1378 966 1432 orationi
993 1377 1322 1437 vacandum,
1373 1379 1470 1434 sed
1509 1394 1606 1449 per
1632 1387 1805 1434 totam
1838 1381 2028 1436 vitam.

454 1467 520 1522 Et
550 1470 678 1540 quia
711 1469 779 1524 de
811 1470 960 1523 nulla
1004 1469 1240 1524 humana
1295 1485 1356 1524 re
1393 1470 1685 1524 admodum
1720 1472 2027 1542 gaudebat;

449 1562 586 1618 illud
613 1563 776 1618 etiam
821 1578 852 1616 a
895 1561 1005 1618 Deo
1038 1562 1268 1633 praeberi
1305 1563 1411 1618 sibi
1445 1564 1692 1633 rogabat,
1735 1563 1792 1619 id
1837 1571 1942 1628 est,
1971 1573 2030 1618 ut

450 1655 637 1710 latitia
672 1654 762 1708 illa
794 1670 914 1725 quae
949 1654 1094 1724 apud
1135 1655 1314 1724 ipsum
1349 1653 1521 1710 Deum
1556 1655 1810 1723 habetur,
1846 1657 2028 1710 anima

449 1762 545 1804 sua
573 1748 734 1818 digna
769 1748 1061 1802 haberetur
1085 1766 1097 1800 :
1126 1762 1331 1818 gnarus
1362 1749 1552 1819 utique
1577 1762 1784 1818 corpus
1818 1756 1873 1804 et
1900 1764 2027 1803 car-

2153 552 2440 620 Ἐλέησόν
2462 572 2559 623 με,
2579 557 2775 624 Κύριε,
2793 557 2882 610 ὄτι
2910 558 3062 626 πρὸς
3081 559 3157 614 σὲ
3183 561 3542 634 κεκράξομαι
3567 566 3722 637 ὅλην

2137 643 2252 713 τὴν
2295 644 2545 714 ἡμέραν
2601 648 2904 718 εὖφρανον
2954 652 3068 720 τὴν
3103 654 3315 724 ψυχὴν
3357 655 3466 709 τοῦ
3494 659 3721 714 δούλου

2136 753 2273 802 σου,
2308 738 2396 792 ὅτι
2419 739 2568 807 πρὸς
2597 742 2691 804 σὲ,
2732 743 2928 812 Κύριε,
2966 744 3081 814 τὴν
3106 748 3321 816 ψυχήν
3343 766 3463 817 μου
3494 746 3628 821 ἦρα.
3656 753 3722 806 Εἰ

2136 830 2230 884 καὶ
2255 831 2401 894 ὅσιός
2435 834 2571 902 εἰμι,
2608 833 2792 904 φησὶν,
2827 836 2876 887 εἰ
2916 837 3012 890 καὶ
3052 839 3277 909 πτωχὸς
3307 841 3402 894 καὶ
3440 843 3609 914 πένης
3639 844 3720 916 τῷ

2135 922 2425 994 πνεύματι·
2456 925 2570 978 ἀλλ’
2604 926 2757 981 οὔπω
2784 927 3003 1000 θαρσῶν
3031 931 3252 1004 ἐμαυτῷ
3277 935 3374 1006 τὴν
3401 937 3563 1008 εὐχὴν
3589 938 3721 992 slva-

2135 1015 2359 1087 πέμπω.
2399 1017 2600 1088 Δέομαι
2643 1018 2702 1072 δὲ
2739 1020 2834 1072 καὶ
2873 1022 3102 1075 ἱκετεύω
3139 1024 3289 1078 ἐλέου
3318 1026 3412 1080 τοῦ
3444 1029 3594 1099 παρὰ
3621 1029 3716 1082 σοῦ

2132 1112 2337 1181 τυχεῖν,
2380 1111 2476 1164 καὶ
2524 1111 2662 1183 αῦτη
2713 1112 2814 1183 μού
2861 1115 3009 1167 ἐστιν
3049 1117 3082 1186 ὴ
3119 1116 3370 1189 διηνεκὴς
3411 1122 3711 1192 προσευχή.

2145 1205 2291 1257 Ἀντὶ
2317 1204 2446 1272 γοῦν
2477 1205 2592 1270 τοῦ,
2623 1205 2775 1274 ὅλην
2803 1207 2918 1276 τὴν
2948 1209 3196 1278 ἡμέραν,
3219 1212 3248 1263 ὁ
3277 1211 3569 1284 Σύμμαχος
3598 1212 3714 1278 ἐξέ-

2131 1296 2322 1362 δωκεν,
2359 1299 2479 1351 Ὅτι
2505 1298 2656 1367 πρὸς
2696 1299 2772 1352 σὲ
2801 1301 2969 1364 ,ϐοῶν
2997 1301 3123 1356 καθ’
3161 1303 3430 1372 ἑκάστην
3459 1305 3708 1375 ἡμέραν.

2132 1390 2206 1442 Οὐ
2236 1391 2346 1460 γὰρ
2390 1391 2524 1462 πρὸς
2571 1392 2701 1462 μίαν
2743 1394 2956 1468 ἡμέραν
2989 1395 3070 1448 δεῖ
3107 1399 3174 1468 τῇ
3209 1401 3487 1469 προσευχῇ
3521 1398 3714 1467 σχολά-

2132 1480 2266 1547 ζειν,
2306 1483 2440 1538 ἀλλὰ
2472 1485 2558 1538 διὰ
2592 1485 2774 1557 πάσης
2797 1489 2896 1557 τῆς
2924 1489 3131 1543 ἑαυτῶν
3169 1488 3335 1560 ζωῆς.
3362 1492 3471 1544 Kal
3497 1492 3714 1564 ἐπειδή-

2131 1592 2236 1648 περ
2265 1579 2352 1629 ἐπ⁹
2389 1579 2565 1632 οὐδενὶ
2607 1581 2716 1632 τῶν
2750 1581 3108 1652 ἀνθρωπίνων
3147 1583 3488 1653 πραγμάτων
3527 1583 3713 1656 ἔχαιρε

2134 1669 2298 1739 μέγα,
2330 1671 2484 1742 ἠξίου
2513 1671 2600 1724 διὰ
2630 1673 2730 1744 τῆς
2767 1675 3076 1744 προσευχῆς
3114 1674 3525 1746 παρασχεθῆναι
3564 1676 3713 1747 αὐτῷ

2131 1761 2236 1815 ὑπὸ
2268 1763 2359 1816 τοῦ
2389 1764 2544 1818 Θεοῦ⁸
2573 1764 2732 1818 τοῦτο
2769 1766 2824 1818 δὲ
2845 1761 2912 1836 ἦν
2956 1766 3015 1818 τὸ
3051 1767 3391 1838 εὐφροσύνης
3438 1767 3540 1837 τῆς
3583 1770 3713 1839 παρ’

448 1855 572 1894 nem
624 1855 778 1896 suam
826 1840 1106 1910 corporeis
1151 1840 1317 1895 rebus
1381 1841 1639 1911 gaudere.
1686 1840 1868 1907 Quare
1910 1842 2025 1897 haec

2129 1855 2278 1926 αὐτῷ
2316 1858 2395 1928 τῷ
2439 1857 2558 1928 Θεῷ
2605 1857 3003 1929 καταξιωθῆναι
3044 1859 3142 1930 τὴν
3184 1856 3377 1913 ἐαυτοῦ
3422 1858 3618 1929 ψυχήν
3654 1859 3715 1912 τὸ

447 1930 664 2000 quidem
698 1929 929 2000 respuit,
973 1931 1144 1985 solam
1197 1943 1350 1994 vero,
1382 1945 1506 2000 quae
1537 1931 1683 2000 apud
1717 1929 1884 1985 Deum
1915 1937 2020 1994 est,

447 2022 686 2078 laetitiam
734 2021 994 2092 postulat,
1046 2021 1242 2076 anima)
1288 2035 1400 2076 suae
1446 2023 1783 2091 voluptatem
1825 2035 2026 2090 procu-

445 2131 596 2172 rans.
631 2113 850 2170 Sciebat
876 2113 1098 2184 quippe,
1136 2129 1245 2170 non
1290 2129 1455 2184 posse
1479 2129 1671 2168 omnes
1712 2115 1860 2167 illam
1892 2129 2025 2168 con-

446 2207 638 2278 sequi;
664 2205 761 2262 sed
788 2221 883 2260 eos
918 2213 1130 2260 tantum
1164 2206 1258 2277 qui
1298 2220 1330 2259 a
1359 2205 1578 2259 mortali
1610 2204 1722 2259 vita
1751 2211 1805 2259 et
1842 2220 1872 2259 a
1904 2217 2026 2260 cor-

446 2299 628 2370 poreis
658 2297 1008 2368 cupidinibus
1043 2314 1166 2354 sese
1211 2304 1488 2361 amovent,
1534 2303 1588 2351 et
1631 2297 1700 2351 ad
1733 2296 1903 2352 Dcum
1938 2312 2027 2354 so-

445 2392 561 2445 lum
608 2397 787 2446 mente
833 2398 887 2446 et
932 2389 1360 2461 cogitationibus
1408 2387 1704 2456 accedunt;
1756 2389 1878 2444 ideo
1901 2388 2027 2460 jure

447 2483 656 2553 adjicit,
701 2483 965 2551 Quoniam
1005 2483 1074 2537 ad
1117 2491 1186 2548 te,
1211 2481 1461 2547 Domine,
1497 2482 1734 2536 animam
1756 2499 1925 2536 meam
1950 2482 2026 2537 le-

447 2576 578 2629 vavi.
611 2574 868 2630 ——Vsns.
905 2575 958 2631 5.
1014 2575 1279 2640 Quoniam
1337 2583 1415 2639 tu,
1462 2573 1706 2641 Domine,
1756 2576 1932 2630 suavis
1975 2584 2025 2630 et

447 2668 612 2730 mitis,
655 2677 704 2721 et
745 2667 923 2721 multa:
961 2667 1337 2722 misericordia:
1381 2667 1621 2722 omnibus
1664 2667 2024 2723 invocantibus

449 2770 517 2816 te.
562 2759 668 2814 Pro
697 2760 812 2823 illo,
848 2769 897 2814 et
936 2759 1100 2824 mitis,
1137 2759 1331 2829 Aquila
1372 2767 1426 2814 et
1468 2757 1792 2823 Thcodotio,
1824 2770 1874 2815 et
1903 2778 2025 2830 pro-

445 2851 631 2919 pitius,
678 2849 1002 2916 ediderunt;
1043 2847 1406 2921 Symmachus
1443 2866 1595 2915 vero,
1639 2861 1688 2906 et
1729 2851 2021 2907 dimittens.

448 2942 576 2999 Haec
615 2957 782 3014 porro
826 2941 1176 2996 commodum
1234 2956 1266 2998 a
1327 2941 1534 3000 Davide
1571 2943 1718 2998 dicta
1765 2955 1914 3011 sunt,
1964 2953 2025 3000 ut

445 3036 671 3094 Verbum
719 3034 935 3099 leniret,
983 3033 1130 3104 quod
1179 3049 1311 3091 sane
1361 3034 1560 3090 durum
1608 3036 1780 3092 videri
1809 3037 2020 3107 possit;

2133 1948 2230 2019 μὲν
2257 1949 2366 2021 γὰρ
2397 1949 2552 2020 σῶμα
2590 1948 2784 2004 ἑαυτοῦ
2817 1949 2912 2003 καὶ
2954 1950 3054 2020 τὴν
3109 1951 3289 2021 σάρκα
3321 1953 3432 2013 τοῖς
3473 1967 3715 2021 σωματι-

2129 2043 2243 2103 κοῖς
2270 2042 2480 2112 χαίρειν
2511 2042 2801 2112 ἠπίστατο.
2849 2043 2946 2094 Διὸ
2990 2042 3162 2096 ταῦτα
3203 2044 3301 2113 μὲν
3341 2044 3710 2113 παραιτεῖταιο

2132 2131 2299 2202 μόνην
2321 2134 2377 2186 δὲ
2409 2133 2506 2205 τὴν
2541 2134 2696 2206 παρὰ
2740 2132 2834 2187 τοῦ
2877 2133 3013 2186 Θεοῦ
3060 2133 3399 2206 εὐφροσύνην
3440 2136 3582 2187 αίτεῖ
3613 2134 3713 2203 τῆς

2127 2224 2270 2278 κατά
2300 2226 2477 2297 ψυχὴν
2517 2227 2727 2298 τρυφῆς
2776 2223 3257 2297 μεταποιούμενος.
3312 2224 3482 2288 Εἰδὼς
3517 2225 3595 2288 δὲ,
3630 2227 3712 2278 ὅτι

2127 2317 2189 2369 ού
2232 2316 2450 2370 πάντων
2498 2317 2616 2371 ἐστὶ
2653 2317 2914 2371 δύνασθαι
2959 2317 3164 2386 ταύτης
3196 2319 3376 2386 τυχεῖν
3408 2317 3575 2387 ἀλλ’ἢ
3603 2317 3712 2371 τῶν

2130 2408 2514 2478 μακρυνόντων
2563 2407 2660 2480 μὲν
2700 2409 2923 2472 ἐαυτοὺς
2975 2407 3068 2462 τοῦ
3109 2408 3305 2479 θνητοῦ
3335 2408 3451 2478 βίου
3479 2410 3712 2464 καὶτῶν

2128 2501 2460 2572 σωματικῶν
2505 2500 2832 2573 ἐπιθυμιῶν,
2886 2500 3031 2571 μόνῳ
3080 2499 3134 2552 δὲ
3158 2499 3307 2569 αὐτῷ
3352 2499 3430 2570 τῷ
3478 2499 3596 2570 Θεῷ
3642 2503 3710 2573 τῇ

2125 2593 2336 2665 διανοίᾳ
2379 2595 2474 2647 καὶ
2517 2597 2631 2659 τοῖς
2668 2591 2952 2664 λογισμοῖς
3003 2591 3432 2663 πλησιαζόντων,
3487 2592 3714 2657 εἰκότως

2127 2687 2388 2756 ἐπιλέγει,
2441 2687 2562 2741 Ὅτι
2608 2687 2756 2756 πρὸς
2799 2686 2894 2754 σὲ,
2947 2688 3150 2754 Κύριε,
3195 2685 3312 2753 τὴν
3352 2683 3563 2753 ψυχήν
3591 2701 3712 2754 μου

2123 2775 2259 2850 ἦρα.
2308 2780 2429 2834 Ὅτι
2477 2781 2579 2846 σὺ,
2627 2782 2821 2849 Κύριε,
2873 2781 3137 2850 χρηστὸς
3182 2779 3279 2832 καὶ
3315 2777 3581 2844 ἐπιεικὴς
3611 2776 3710 2830 καὶ

2126 2872 2460 2939 πολυέλεος
2510 2873 2662 2929 πᾶσι
2710 2872 2835 2940 τοῖς
2881 2872 3379 2940 ἐπικαλουμένοις
3421 2885 3514 2924 σε.
3568 2871 3712 2922 Ἀντι

2125 2965 2242 3032 τοῦ,
2290 2967 2390 3020 καὶ
2436 2966 2726 3036 ἐπιεικὴς,
2761 2969 2790 3020 ό
2830 2966 2929 3039 μὲν
2980 2965 3209 3029 Ἀκύλας
3260 2966 3353 3019 καὶ
3395 2963 3710 3029 Θεοδοτίων,

2127 3059 2226 3112 καὶ
2262 3059 2537 3128 uagam,
2566 3061 2870 3133 εἰρήκασιν·
2898 3061 2927 3113 ὁ
2949 3059 3007 3112 δὲ
3027 3060 3344 3130 Σύμμαχος,
3372 3059 3468 3110 καὶ
3493 3057 3706 3126 ἀερίων.

449 3129 610 3199 quale
644 3126 776 3180 illud
816 3131 954 3190 erat,
1005 3125 1089 3178 Ad
1147 3134 1194 3180 te
1226 3126 1459 3180 animam
1506 3142 1675 3179 meam
1723 3127 1915 3191 levavi;
1958 3143 2022 3182 ac

2128 3149 2238 3204 Kal
2261 3152 2431 3205 ταῦτα
2527 3125 2812 3223 χρησίμως
2837 3151 3032 3222 ἐλέχθη
3046 3125 3126 3220 τῷ
3149 3125 3330 3212 inulti,
3354 3125 3710 3219 θεραπεύοντι

450 3228 674 3274 rursdm
725 3217 998 3287 superius,
1056 3217 1322 3283 Quoniam
1371 3228 1586 3271 sanctus
1640 3234 1777 3272 sum.
1811 3217 1877 3272 Et
1908 3219 2024 3274 haec

448 3308 670 3380 quidem
700 3307 856 3372 mihi,
897 3307 995 3370 ait,
1027 3321 1138 3360 non
1176 3321 1295 3360 mea
1325 3307 1528 3361 virtute
1557 3313 1713 3376 parta
1743 3314 1896 3373 sunt,
1927 3307 2025 3364 sed

447 3401 623 3474 gratia
658 3408 777 3454 tua.
806 3397 886 3453 Tu
915 3399 1062 3455 enim
1095 3413 1183 3453 me
1212 3398 1279 3452 ad
1311 3396 1427 3452 haec
1451 3396 1678 3462 duxisti,
1713 3399 1807 3468 qui
1838 3398 2024 3455 suavis

444 3510 504 3551 es
541 3505 594 3550 et
623 3501 846 3564 peccata
874 3492 1124 3555 dimittis,
1158 3505 1268 3545 non
1295 3490 1432 3544 mihi
1463 3497 1697 3558 tantum,
1732 3492 1826 3547 sed
1857 3491 2024 3547 etiam

444 3587 699 3641 omnibus
727 3585 1109 3640 invocantibus
1143 3591 1195 3639 te
1223 3601 1236 3636 :
1264 3597 1391 3637 nam
1414 3582 1602 3636 multa;
1630 3582 2024 3640 misericordia

444 3693 526 3734 es.
554 3677 691 3732 Cum
725 3686 907 3732 autem
946 3677 1062 3732 haec
1093 3676 1150 3731 in
1183 3676 1462 3732 communi
1492 3675 1714 3741 dixerit,
1765 3675 2023 3731 Omnibus

444 3768 804 3822 invocantibus
845 3776 914 3835 te,
946 3783 1050 3824 nos
1075 3781 1268 3822 omnes
1297 3765 1366 3821 ad
1395 3781 1581 3836 parem
1625 3767 1928 3823 orationem
1969 3774 2023 3824 et

447 3873 597 3929 spem
624 3859 896 3914 hortatur.
928 3888 998 3900 —
1024 3857 1193 3915 Vens.
1226 3859 1281 3925 6,
1314 3859 1367 3912 7.
1390 3859 1627 3913 Auribus
1654 3860 1878 3928 percipe,
1912 3859 2024 3914 Do-

446 3953 606 4016 mine,
652 3953 943 4006 orationcm
980 3968 1174 4019 meam,
1203 3960 1253 4006 et
1286 3951 1496 4006 intende
1546 3951 1658 4006 voci
1695 3950 2024 4021 deprecatio-

445 4045 526 4098 nis
569 4058 716 4096 meae.
766 4041 835 4096 In
885 4041 970 4095 die
1016 4041 1374 4097 tribulationis
1423 4058 1551 4096 mete
1581 4041 1809 4096 clamavi
1851 4041 1920 4096 ad
1951 4051 2021 4110 te,

442 4134 568 4203 quia
594 4132 861 4186 exaudiui
892 4148 992 4186 me.
1025 4130 1164 4186 Hinc
1196 4132 1325 4187 item
1361 4131 1673 4187 declaratur
1699 4131 1847 4188 hunc
1876 4133 2024 4203 psal-

442 4239 594 4279 mum
622 4239 745 4280 esse
775 4225 1103 4290 orationem,
1141 4232 1201 4278 ut
1245 4224 1362 4294 ipse
1395 4224 1589 4279 titulus
1619 4223 1838 4280 indicat.
1880 4225 2022 4291 Quia

443 4331 576 4374 vero
609 4319 676 4374 de
708 4319 982 4388 praeterito
1009 4325 1252 4388 tempore
1296 4317 1432 4383 haec,
1465 4317 1712 4386 clamavi,
1751 4327 1826 4383 et,
1853 4335 2022 4373 exau-

443 4411 592 4473 disti,
625 4409 919 4474 dicuntur;
961 4408 1366 4463 animadvertas
1389 4409 1659 4479 ‘Aquilam
1692 4409 1897 4475 dicere,
1926 4406 2022 4464 In-

2124 3241 2186 3293 τὺ
2213 3242 2466 3312 νομισθὲν
2511 3244 2768 3314 φορτικὸν
2808 3243 2978 3313 ῥῆμαο
3026 3243 3266 3295 τοιοῦτον
3300 3241 3356 3293 δὲ
3381 3236 3448 3310 ἦν
3476 3240 3536 3294 τὸ
3560 3239 3711 3306 πρὸς

2125 3333 2200 3386 σὲ
2247 3334 2364 3402 τὴν
2387 3334 2600 3403 ψυχήν
2643 3352 2763 3403 μου
2809 3330 2944 3404 ἦρα·
2998 3332 3091 3385 καὶ
3135 3332 3297 3385 πάλιν
3343 3330 3597 3401 ἀνωτέρω
3626 3329 3708 3392 τὸ,

2125 3425 2250 3478 Ὅτι
2280 3425 2451 3491 ὅσιός
2478 3427 2614 3495 ειμι.
2652 3425 2762 3479 Kal
2793 3425 2967 3479 ταῦτα
2999 3425 3105 3496 γάρ
3149 3442 3258 3496 μοι,
3295 3424 3480 3495 φησὶν,
3520 3422 3621 3475 οὐκ
3649 3422 3709 3487 ἐξ

2123 3517 2268 3588 ἐμῆς
2308 3517 2592 3587 δυνάμεως
2631 3517 2917 3590 ἐπορίσθη,
2956 3515 3070 3570 ἀλλ’
3101 3518 3166 3568 ἐκ
3201 3514 3305 3584 τῆς
3336 3514 3434 3584 σῆς
3464 3511 3707 3582 χάριτος.

2124 3610 2197 3662 Σὺ
2223 3609 2330 3680 γάρ
2369 3626 2435 3680 με
2459 3610 2554 3663 ἐπὶ
2582 3609 2756 3664 ταῦτα
2785 3612 3013 3681 ἤγαγες,
3044 3608 3280 3680 χρηστὸς
3311 3606 3385 3659 ὢν
3412 3605 3505 3659 καὶ
3534 3605 3709 3674 ἀερίων

2125 3699 2420 3771 ἁμαρτίας,
2459 3701 2520 3754 οὐ
2563 3702 2723 3772 μόνον
2751 3703 2893 3773 ἐμοὶ,
2923 3701 3058 3756 ἀλλὰ
3085 3702 3180 3755 καὶ
3211 3689 3345 3754 π’ᾶσι
3377 3703 3489 3764 τοῖς
3509 3700 3708 3752 ἐπικα-

2122 3790 2404 3861 λουμένοις
2431 3809 2509 3844 σε·
2537 3793 2827 3858 πολυέλεος
2854 3793 2962 3866 γὰρ
2983 3793 3292 3865 τυγχάνεις.
3315 3793 3711 3864 Κοινοποιήσας

2122 3883 2179 3935 δὲ
2208 3883 2298 3936 τὸν
2329 3883 2483 3953 λόγον
2512 3885 2600 3939 διὰ
2627 3885 2744 3950 τοῦ,
2789 3886 2888 3940 καὶ.
2933 3886 3122 3941 πᾶσιν
3163 3886 3286 3952 τοῖς
3315 3884 3713 3954 ἐπικαλουμέ-

2122 3987 2252 4038 νοις
2282 3989 2376 4036 σε,
2410 3974 2712 4045 προτρέπει
2739 3977 2906 4028 πᾶσιν
2933 3978 3067 4047 ἡμῖν
3101 3977 3195 4029 ἐπὶ
3222 3975 3298 4046 τῷ
3326 3976 3396 4028 τὰ
3433 3975 3522 4029 ἴσα
3560 3974 3712 4046 αὐτῷ

2124 4063 2524 4136 προσεύχεσθαί
2567 4084 2629 4120 τε
2677 4069 2770 4122 καὶ
2817 4067 3078 4133 ἐλπίζειν.
3139 4067 3463 4131 Ἑνώτισαι,
3511 4069 3708 4135 Κύριε,

2122 4155 2236 4223 τὴν
2262 4158 2613 4229 προσευχήν
2635 4178 2778 4229 μου,
2827 4159 2926 4214 καὶ
2964 4163 3232 4229 πρόσχες
3281 4151 3357 4229 τῇ
3401 4159 3572 4230 φωνῇ
3602 4158 3712 4227 τῆς

2121 4246 2386 4314 ὃεήσεώς
2429 4268 2569 4320 μου.
2633 4253 2729 4305 Ἐν
2759 4252 2951 4321 ἡμέρᾳ
2982 4251 3244 4321 θλίψεως
3278 4271 3398 4322 μου
3443 4253 3593 4320 πρὸς
3633 4252 3711 4306 σὲ

2120 4340 2432 4410 ἐκέκραξα,
2464 4343 2553 4397 ὅτι
2580 4343 2930 4410 ἐπήκουσάς
2955 4362 3093 4414 μου.
3141 4347 3251 4399 Kal
3295 4345 3544 4400 ἐντεῦθεν
3568 4362 3709 4416 παρ-δ

2128 4429 2358 4496 ίσταται,
2381 4434 2463 4486 ὅτι
2495 4436 2770 4505 προσευχὴ
2793 4435 3052 4505 τυγχάνει
3081 4437 3110 4488 ὁ
3140 4434 3372 4507 ψαλμὺς,
3403 4436 3479 4499 ὡς
3504 4435 3597 4488 καὶ
3618 4435 3710 4488 διὰ

442 4501 634 4558 vocabo
666 4511 733 4566 te,
767 4501 892 4571 quia
932 4501 1181 4554 exaudies
1216 4517 1328 4564 me;
1361 4501 1435 4554 ita
1467 4509 1527 4555 ut
1559 4501 1827 4556 orationis
1851 4502 2016 4556 verba

2128 4519 2220 4589 τῆς
2250 4501 2594 4594 προγραφῆς.
2649 4501 2800 4577 Ἐπεὶ
2828 4501 3067 4580 bii-stara
3113 4501 3480 4597 παρῴχηκότα
3515 4526 3708 4597 χρόνον

443 4609 543 4664 pro
576 4592 764 4647 futuro
809 4599 1054 4661 tempore
1097 4591 1360 4645 auxilium
1399 4605 1430 4644 a
1462 4590 1575 4646 Deo
1606 4592 1920 4662 postulent;
1958 4600 2017 4646 ut

2128 4590 2334 4682 εἴρηται
2355 4590 2435 4678 τό,
2458 4590 2772 4682 ἐκέκραξα,
2795 4617 2986 4681 καὶτὸ,
3008 4590 3376 4684 dmino-valle,
3400 4634 3464 4689 ση
3475 4590 3704 4690 μειώσῃν

444 4689 490 4742 si
520 4687 738 4756 quando
781 4684 1162 4741 calamitosum
1196 4691 1412 4753 tempus
1454 4685 1701 4752 accedat,
1743 4684 2016 4754 instetque

2128 4702 2202 4754 ὅτι
2238 4705 2266 4756 ὁ
2314 4703 2542 4769 Ἀκύλας
2583 4709 2778 4778 φησὶν,
2832 4708 3287 4778 Ἑπικαλέσομαί
3319 4723 3412 4772 σε,
3449 4684 3538 4762 ότι
3580 4684 3704 4762 εἰσ-ί

442 4777 684 4840 afﬂictio,
714 4775 1004 4831 Dominum
1029 4776 1082 4830 in
1109 4775 1553 4830 tribulationibus
1581 4776 1865 4838 invocans,
1893 4791 2017 4845 pro-

2128 4795 2404 4862 ακούσεις
2427 4813 2567 4865 μου·
2595 4796 2735 4852 ὥστε
2756 4793 2979 4853 εἶναιτὰ
2999 4801 3096 4871 τῆς
3124 4801 3427 4872 προσευχῆς
3451 4802 3700 4871 ἀναπεμ-

443 4869 636 4940 pitium
671 4868 824 4922 illum
857 4869 1232 4924 nanciscatur.
1279 4867 1489 4923 Bonum
1542 4875 1725 4923 autem
1768 4878 1851 4923 est
1891 4877 2018 4925 ante

2128 4881 2333 4951 πόμενα
2368 4886 2448 4949 είς
2473 4886 2732 4956 μέλλοντα
2756 4888 2944 4960 χρόνον
2977 4888 3230 4942 αἰτοῦντα
3261 4890 3412 4962 παρὰ
3437 4889 3531 4943 τοῦ
3567 4889 3699 4944 Θεοῦ

443 4960 760 5016 aﬂictiones
788 4971 842 5016 et
872 4961 1052 5017 tristia
1085 4970 1328 5030 tempora
1360 4976 1468 5015 non
1501 4960 1696 5030 supine
1726 4961 1781 5014 in
1815 4975 2018 5016 concu-

2128 4971 2393 5043 βοήθειαν·
2450 4977 2538 5042 ἵν’,
2595 4980 2777 5032 εἴποτε
2825 4981 3014 5052 καιρὸς
3049 4982 3260 5050 γένοιτο
3297 4984 3702 5055 περιστατικὸς,

442 5052 750 5124 piscentiis,
790 5069 968 5123 neque
997 5054 1236 5123 segniter
1274 5067 1436 5122 agere
1464 5053 1522 5107 in
1564 5053 1917 5108 orationibus
1949 5052 2017 5107 ad

2128 5067 2218 5118 καὶ
2244 5066 2424 5119 εἴποτε
2458 5068 2635 5140 θλίψις
2662 5071 2896 5137 ἐπέλθοι,
2934 5052 3476 5145 ἐπικαλούμενοςντὺν
3499 5075 3702 5147 Κύριον

442 5142 731 5198 Dominum
775 5142 1122 5209 emittendis;
1173 5143 1268 5198 sed
1308 5143 1374 5198 ad
1414 5141 1660 5198 futurum
1703 5151 1918 5214 tempus
1960 5159 2019 5200 se

2128 5157 2184 5209 ἐν
2204 5161 2324 5222 ταῖς
2343 5159 2604 5232 θλίψεσιν,
2643 5163 2879 5235 ἐπήκοον
2907 5165 3068 5219 αὑτὸν
3099 5141 3272 5238 σχοίη.
3309 5167 3485 5220 Καλὸν
3511 5167 3570 5220 δὲ
3588 5141 3704 5238 -πρὸ

442 5249 766 5331 Ρῖίθρππθ·
974 5328 986 5331 Α
1087 5327 1096 5331 _
1357 5326 1391 5331 Η
1461 5330 1468 5331 7
1679 5330 1684 5331 γ
2129 5249 2358 5321 θλίψεως
2387 5255 2477 5307 καὶ
2511 5256 2616 5328 πρὸ
2644 5257 2752 5309 τῶν
2787 5256 3126 5327 σκυθρωπῶν
3155 5258 3361 5331 καιρῶν
3391 5260 3463 5330 μὴ
3492 5256 3704 5312 ὑπτιοῦο

445 5328 568 5382 σθαι
606 5331 663 5381 ἐν
709 5331 830 5394 ταῖς
872 5327 1208 5427 ἐπιθυμίαις,
1273 5326 1407 5401 μηδὲ
1447 5330 1860 5403 ἀπορῤᾳθυμεῑν
1909 5335 2018 5389 τῶν
2057 5344 2192 5413 πρὸς
2258 5349 2348 5400 τὸν
2387 5326 2590 5420 Κύριον
2643 5352 2858 5422 εὐχῶν,
2903 5326 3039 5408 ἀλλὰ
3090 5326 3704 5427 προπαρασκευάζεσθαι

445 5426 524 5489 εἰς
558 5426 650 5480 τὸν
681 5426 942 5496 μέλλοντα
975 5425 1185 5496 χρόνον.

517 5535 684 5594 Vens.
717 5539 875 5594 8-10.
901 5539 1025 5594 Non
1047 5549 1123 5595 est
1145 5541 1338 5597 similis
1370 5544 1448 5596 tui
1471 5543 1527 5597 in
1549 5539 1676 5608 diis,
1703 5541 1946 5610 Domine,
1969 5557 2018 5600 et

2199 5545 2322 5604 Οὐκ
2348 5550 2522 5607 ἐστιν
2548 5551 2751 5623 ὅμοιός
2784 5571 2884 5610 σοι
2913 5559 2984 5611 ἐν
3014 5559 3189 5625 θεοῖς,
3223 5559 3432 5626 Κύριε,
3465 5561 3565 5614 καὶ
3591 5564 3704 5617 οὐκ

447 5645 549 5682 non
575 5639 652 5682 est
685 5632 969 5686 secundum
998 5649 1155 5701 opera
1181 5643 1292 5689 tua.
1336 5633 1526 5690 Omnes
1563 5646 1737 5706 gentes
1756 5655 2021 5709 quascun-

2128 5639 2258 5694 ἐστι
2290 5642 2442 5696 κατὰ
2469 5644 2542 5698 τὰ
2563 5645 2708 5713 ἔργα
2739 5661 2876 5701 σου.
2906 5647 3110 5703 Πάντα
3139 5650 3210 5703 τὰ
3232 5650 3376 5717 ἔθνη
3405 5650 3522 5705 ὅσα
3543 5653 3704 5713 ἑποί-

446 5734 540 5786 quc
569 5720 738 5774 fecisti
785 5725 985 5777 venient
1026 5734 1074 5778 et
1113 5724 1412 5780 adorabunt
1454 5743 1634 5781 coram
1665 5738 1732 5795 te,
1775 5728 2017 5794 Domine,

2128 5747 2304 5799 ησας,
2336 5734 2556 5801 ἥξουσι
2591 5736 2690 5790 καὶ
2718 5741 3260 5808 προσκυνήσουσιν
3285 5741 3538 5799 ὲνιὶκτιόν
3560 5761 3700 5813 σου,

447 5819 500 5876 et
523 5809 893 5879 gloriﬁcabnnt
922 5829 1105 5869 nomen
1139 5823 1304 5872 tuum.
1331 5816 1593 5883 Quoniam
1620 5835 1841 5891 magnus
1871 5837 1924 5876 es
1964 5831 2018 5874 tu

2128 5825 2322 5892 Κύριε,
2365 5827 2462 5881 καὶ
2502 5826 2834 5892 δοξάσονσι
2874 5831 2940 5884 τὸ
2975 5831 3159 5901 ὄνομά
3184 5847 3320 5888 σου.
3365 5835 3485 5889 Ὅτι
3511 5809 3700 5907 μέγας·
