4066 6380
421 384 448 439 l
459 384 562 439 0'65

1575 372 2078 431 COMMENTARIA
2117 371 2184 425 IN
2223 369 2564 429 PSALMOS.

3511 377 3653 435 {036

419 500 525 564 σὺ,
573 497 670 552 καὶ
709 495 892 550 ποιῶν
927 493 1248 562 θαυμάσια,
1280 493 1360 546 σὺ
1391 489 1451 546 εἶ
1478 491 1622 557 Θεὸς
1639 494 1846 561 μόνος.
1876 491 1986 542 Καὶ

2088 498 2136 542 et
2160 490 2356 556 faciens
2374 487 2663 550 mirabilia,
2697 496 2751 540 tu
2770 503 2822 540 es
2852 486 2988 542 Deus
3010 489 3175 544 solus.
3211 490 3412 548 Omnes
3432 495 3658 564 quidem

421 592 590 644 πᾶσαι
619 588 716 659 μὲν
744 585 1004 655 ὠφέλιμοι
1038 585 1131 637 καὶ
1163 584 1454 652 ἀναγκαῖαι
1481 581 1537 634 αἱ
1562 581 1670 634 τῶν
1695 579 1865 648 ἁγίων
1891 576 1986 630 τοῦ

419 681 555 735 Θεοῦ
588 679 900 752 προσευχαί·
944 676 1148 748 νομίζω
1189 677 1282 729 καὶ
1326 676 1400 746 μὴ
1442 675 1620 738 πάσας
1657 673 1988 744 γεγράφθαι,

420 772 534 825 ἀλλ’
563 773 594 842 ἢ
629 771 794 842 μόνας
826 770 1040 832 ὲκείνας
1070 771 1128 822 ὲν
1160 763 1246 832 αἷς
1277 765 1699 838 προσευχόμενοι
1739 767 1803 817 ὲκ
1844 763 1987 816 θείου

421 861 731 933 Πνεύματος
764 861 1110 932 ἐκινήθησαν,
1141 860 1216 923 ὡς
1259 860 1353 912 καὶ
1398 858 1741 929 προφητικὰς
1778 857 1990 926 ἀφεῖναι

421 952 621 1021 φωνάς.
662 950 822 1019 Ἡγοῦ
831 968 926 1020 μαι
946 950 990 1003 δ’
1016 945 1108 1003 οὖν
1131 951 1224 1002 καὶ
1243 949 1332 1002 τὸν
1353 946 1514 1001 Δαυῒδ
1541 947 1843 1018 προσευχὰς
1867 947 1992 999 πολ-

418 1041 514 1106 λὰς
547 1041 862 1112 ἀναπέμψαι
901 1039 978 1112 τῷ
1007 1039 1145 1111 Θεῷ,
1183 1035 1256 1093 ῶν
1291 1038 1515 1109 οὐδεμία
1543 1040 1725 1110 γραφῇ
1764 1036 1990 1108 ἠξιώθη,

415 1131 532 1184 ἀλλ’
578 1131 634 1184 αἱ
689 1131 1010 1201 μετέχουσαι
1057 1128 1472 1202 προγνωστικῆς
1514 1129 1608 1182 καὶ
1649 1127 1993 1198 προφητικῆς

414 1223 712 1294 δυνάμεως.
743 1223 940 1294 Διόπερ
974 1224 1066 1276 καὶ
1091 1225 1124 1294 ή
1154 1222 1404 1293 παροῦσα
1430 1221 1702 1294 προσευχὴ
1724 1225 1790 1292 τῇ
1827 1220 1994 1291 βίϐλῳ

415 1313 523 1366 τῶν
549 1313 790 1386 Ψαλμῶν
810 1313 1152 1385 παρελήφθη,
1175 1313 1266 1365 καὶ
1294 1312 1432 1384 μέση
1455 1313 1564 1366 τῶν
1586 1313 1713 1384 περὶ
1738 1313 1832 1366 τοῦ
1856 1314 1993 1383 Χρι-

418 1405 543 1460 στοῦ
577 1406 920 1477 προφητειῶν
961 1403 1431 1477 παρεμϐέὸληται,
1471 1405 1547 1467 ὼς
1579 1403 1993 1476 ἀνακεκραμένη

415 1500 770 1568 προφητικοίς
815 1497 1011 1566 λόγοις,
1063 1496 1157 1550 καὶ
1201 1495 1388 1566 κλῆσιν
1433 1495 1600 1549 ἐθνῶν
1645 1496 1990 1566 περιέχουσα.

419 1588 707 1659 Ἀντικρυς
763 1585 892 1655 γοῦν
940 1587 1132 1656 κλῆσις
1177 1585 1285 1638 τῶν
1330 1585 1498 1639 ἐθνῶν
1532 1587 1624 1639 καὶ
1674 1585 1763 1639 διὰ
1793 1585 1993 1639 τούτων

415 1677 749 1743 θεσπίζεται.
790 1677 1009 1749 Ἐπειδὴ
1028 1677 1135 1749 γὰρ
1160 1676 1226 1732 τὰ
1261 1677 1430 1730 πολλὰ
1464 1678 1592 1750 περὶ
1617 1676 1806 1731 ἑαυτοῦ
1831 1677 1990 1748 μόνου

413 1771 638 1845 ηὔξατο,
680 1771 1060 1827 Ἐπάκουσόν
1069 1789 1211 1842 μου,
1239 1769 1430 1836 εἰπὼν,
1450 1771 1564 1836 καὶ,
1589 1769 1868 1834 Φύλαξον
1879 1769 1992 1837 τὴν

413 1862 625 1931 ψυχήν
645 1880 788 1932 μου,
825 1863 941 1925 καὶ,
974 1863 1184 1917 Σῶσον
1210 1861 1317 1915 τὸν
1353 1860 1578 1914 δοῦλόν
1607 1877 1746 1925 σου,
1779 1864 1813 1914 ὁ
1849 1861 1992 1926 Θεός

404 1974 546 2024 μου,
562 1955 656 2009 καλ⁸
672 1956 753 2022 τὸ,
771 1955 1058 2023 Ἐλέησόν
1073 1971 1170 2024 με,
1187 1953 1300 2018 καὶ,
1325 1952 1642 2021 Εὕφρανον
1659 1952 1774 2021 τὴν
1783 1951 1992 2021 ψυχὴν

412 2045 518 2100 τοῦ
540 2045 763 2100 δούλου
781 2060 897 2100 σου
913 2061 925 2074 ·
958 2045 1080 2099 ἐπεὶ
1100 2043 1282 2098 τοίνυν
1300 2042 1367 2097 τὰ
1387 2042 1622 2096 τοσαῦτα
1650 2059 1717 2095 πε
1727 2043 1778 2114 pi
1799 2042 1990 2095 ἑαυτοῦ

411 2135 634 2206 ηὔξατο,
663 2138 691 2189 6
724 2136 974 2199 πλούσιος
1003 2135 1097 2188 καὶ
1134 2134 1510 2205 μεγαλόδωρος
1555 2133 1688 2197 Θεὸς
1721 2132 1992 2186 δείκνυσιν

411 2225 580 2295 αὐτῷ,
599 2226 679 2279 ὅτι
701 2227 774 2296 μὴ
802 2225 949 2296 αὑτῷ
982 2225 1125 2296 μόνῳ
1151 2224 1218 2278 τὰ
1239 2225 1338 2294 τῆς
1362 2224 1670 2296 προσευχῆς
1692 2223 1992 2294 αἰτουμένῳ

410 2314 655 2385 παρέξει,
687 2313 1066 2384 ἁπλωθήσεται
1095 2313 1151 2366 δὲ
1175 2315 1207 2384 ἡ
1235 2312 1354 2367 θεία
1385 2314 1542 2388 χάρις
1577 2314 1670 2365 καὶ
1696 2315 1774 2376 εἰς
1817 2314 1993 2367 πάντα

409 2405 475 2458 τὰ
498 2404 644 2476 ἔθνη,
683 2405 758 2468 ὡς
790 2405 883 2458 καὶ
903 2405 1081 2458 αὐτῶν
1115 2404 1415 2475 μελλόντων
1441 2404 1734 2459 ἀπολαύειν
1767 2405 1989 2468 τούτων,

406 2488 484 2551 ὧν
506 2498 534 2549 6
560 2495 724 2549 Δαυῒδ
748 2499 928 2566 τυχεῖν
958 2495 1318 2565 ἡξίουέὊθεν
1340 2495 1416 2567 τῷ
1442 2496 1720 2567 Πνεύματι
1749 2495 1828 2568 τῷ
1853 2497 1992 2565 ἁγίῳ

407 2587 696 2656 φωτισθεὶς
731 2588 824 2640 καὶ
859 2587 919 2640 τὸ
955 2587 1144 2657 μέλλον
1172 2587 1524 2658 θεασάμενος,
1555 2587 1993 2660 ὑπερεκπλήττε-

405 2693 496 2731 ται
536 2678 636 2748 τῆς
679 2678 772 2730 τοῦ
834 2677 969 2730 Θεοῦ
1020 2678 1243 2748 χάριτος
1292 2679 1390 2750 τὴν
1432 2679 1856 2750 μεγαλοδωρίαν,
1899 2679 1992 2732 καί

409 2785 541 2839 φησι
572 2769 640 2822 τὰ
680 2768 1069 2843 προλεγόμενα.
1105 2769 1271 2832 Θεοὺς
1312 2769 1369 2822 δὲ
1423 2770 1655 2824 ἐνταῦθα
1686 2771 1938 2839 λέγεσθαι
1965 2773 1992 2825 6

410 2859 509 2930 μέν
528 2876 612 2922 τις
634 2860 892 2930 ἡγήσεται
915 2861 1041 2922 τοὺς
1071 2861 1128 2912 ὲν
1154 2860 1466 2932 ’ἀνθρώποις
1497 2863 1737 2926 δικαίους
1759 2864 1855 2916 κοιλ⁹
1877 2865 1994 2919 θεο-

408 2949 582 3018 φιλεῖς
604 2949 820 3021 ἄνδρας,
847 2949 934 3004 διὰ
961 2950 1022 3003 τὸ
1050 2950 1206 3020 λέγον
1227 2970 1242 2983 ·
1279 2952 1420 3022 Ἐγὼ
1447 2947 1637 3020 εἷπον,
1675 2954 1806 3008 Θεοί
1827 2954 1989 3022 ἐστε,

408 3039 508 3095 καὶ
545 3040 668 3095 υἱοὶ
713 3041 1004 3109 Ὑψίστου
1039 3041 1295 3109 πάντεςο
1330 3046 1358 3097 6
1396 3043 1452 3096 δὲ
1482 3042 1580 3107 τὰς
1623 3045 1742 3097 κατ’
1767 3045 1992 3116 οὐρανὸν

407 3130 556 3195 θείας
578 3131 856 3202 δυνάμεις,
893 3132 980 3186 διὰ
1011 3135 1071 3186 τὸ
1100 3135 1331 3204 φάσκειν
1368 3139 1459 3189 τὸν
1500 3136 1817 3191 Ἀπόστολον
1837 3155 1850 3168 ·
1878 3137 1988 3191 Καὶ
2017 3167 2058 3224 C

404 3224 517 3294 γὰρ
561 3225 727 3293 εἴπερ
776 3224 894 3278 εισι
937 3227 1245 3295 λεγόμενοι
1296 3226 1437 3291 θεοὶ,
1468 3227 1588 3281 εἴτε
1623 3228 1696 3280 ἐν
1736 3229 1987 3297 οἰιρανῷ,

405 3317 525 3370 εἴτε
552 3316 650 3370 ἐπὶ
671 3315 800 3386 γῆς,
836 3316 1058 3390 (ὥσπερ
1087 3319 1207 3371 eici
1237 3318 1358 3372 θεοὶ
1387 3320 1632 3382 πολλοὶ,
1665 3320 1763 3392 καὶ
1798 3322 1988 3389 κύριοι

406 3409 626 3463 πολλοί
641 3408 678 3478 ·)
711 3408 856 3477 ἡμῖν
881 3404 970 3475 εἷς
997 3408 1142 3474 Θεὸς
1168 3412 1201 3462 ὀ
1228 3408 1453 3478 Πατήρ.
1491 3411 1642 3463 Ἐπεὶ
1668 3411 1847 3465 τοίνυν
1865 3411 1988 3465 οὔτε

406 3501 651 3571 ἀγγέλων
683 3519 788 3564 τις,
820 3500 944 3554 οὔτε
977 3501 1272 3573 προφητῶν
1307 3503 1406 3573 τὴν
1439 3501 1547 3556 τῶν
1593 3503 1761 3556 ὲθνῶν
1797 3504 1988 3574 κλῆσιν

406 3597 718 3665 ἐποιήσατο,
753 3593 976 3656 εἰκότως
1008 3595 1088 3657 εἰς
1132 3593 1422 3664 πρόσωπον
1464 3594 1704 3665 ἠγοῦμαι
1728 3595 1821 3648 τοῦ
1855 3597 1988 3667 Χρι-

408 3685 535 3738 στοῦ
580 3684 828 3754 λέγεσθαι
861 3685 942 3748 τδ,
986 3687 1106 3738 Οὐκ
1147 3685 1318 3738 ἔστιν
1359 3685 1562 3754 ὅμοιός
1589 3700 1688 3740 σοι
1715 3688 1784 3740 ἐν
1811 3688 1983 3754 θεοῖς,

406 3777 605 3844 Κύριε.
641 3775 831 3838 ’Ἄλλος
861 3775 916 3828 δέ
959 3793 1041 3838 τις
1084 3777 1270 3846 φήσει,
1306 3775 1392 3830 διὰ
1416 3777 1478 3828 τὸ
1517 3776 1727 3844 ψευδῶς
1771 3779 1870 3847 μὲν
1896 3779 1987 3832 καὶ

406 3867 836 3938 πεπλανημένως
863 3866 1013 3938 παρὰ
1037 3869 1150 3930 τοῖς
1179 3867 1391 3930 πολλοῖς
1423 3867 1532 3920 τῶν
1559 3867 1862 3938 ἀνθρώπων
1895 3887 1983 3922 νο-

379 3959 661 4030 μίζεσθαι
705 3955 841 4012 εἶναι
889 3958 1062 4023 θεοὺς,
1113 3960 1205 4013 καὶ
1255 3958 1406 4030 παρὰ
1450 3961 1582 4013 πᾶσι
1628 3963 1738 4024 τοῖς
1779 3960 1984 4014 ἔθνεσιν

403 4051 561 4107 ἄλλον
589 4050 817 4120 ἀλλαχοῦ
844 4050 1223 4115 θεοπιείσθαι,
1251 4051 1408 4121 μόνον
1435 4052 1493 4105 δὲ
1523 4053 1616 4105 τὸν
1637 4052 1866 4124 Σωτῆρα
1891 4053 1984 4106 καὶ

408 4142 609 4215 Κύριον
636 4143 790 4215 ἡμῶν
831 4143 952 4197 καθ’
979 4142 1106 4214 ὅλης
1131 4144 1228 4214 τῆς
1258 4144 1581 4220 οἰκουμένης
1611 4144 1744 4198 Θεὸν
1781 4145 1982 4213 ἀνηγο-

407 4235 653 4306 ρεῢσθαι,
683 4234 742 4300 ἐξ
783 4235 1036 4289 ἁπάντων
1062 4253 1119 4287 τε
1149 4235 1255 4288 τῶν
1292 4235 1460 4289 ἐθνῶν
1493 4236 1655 4300 λαοὺς
1683 4235 1861 4306 ἑαυτῷ
1887 4253 1981 4290 πε-

409 4326 790 4399 ριπεποιῆσθαι
810 4343 824 4356 '
861 4327 1051 4381 τούτου
1081 4327 1241 4399 χάριν
1269 4326 1622 4398 προφητικῶς
1653 4328 1733 4389 εἰς
1768 4327 1981 4399 πρόσω-

403 4437 505 4474 πον
537 4420 700 4475 αὐτοῦ
730 4419 828 4482 τὰς
860 4421 1226 4492 προκειμένας
1259 4419 1656 4488 ἀναφωνεῖσθαι
1683 4419 1978 4488 θεολογίας.

2091 579 2365 636 orationes
2395 593 2426 632 a
2454 578 2666 634 sanctis
2691 578 2784 633 Dei
2814 580 3047 643 emissa,
3076 582 3234 636 utiles
3255 590 3310 636 et
3333 589 3662 643 necessariae
3725 631 3738 640 .

2091 677 2247 724 sunt:
2269 671 2478 724 aestimo
2503 677 2685 724 tamen
2716 684 2823 724 non
2857 684 3047 726 omnes
3067 672 3278 741 scripto
3311 677 3662 748 consignatas

2091 759 2284 822 fuisse,
2309 760 2404 814 sed
2433 775 2528 816 eas
2550 762 2725 816 solum
2755 776 2894 830 quas
2925 760 3128 830 Spiritu
3147 772 3338 819 sancto
3367 770 3499 822 moti
3527 773 3665 824 enu-

2092 859 2282 906 seruut
2304 893 2318 917 ,
2361 852 2434 906 ita
2467 861 2526 906 ut
2559 852 2908 922 propheticas
2929 855 3154 909 ederent
3174 872 3357 913 voces.
3389 858 3529 917 Puto
3561 863 3664 934 igi-

2090 948 2183 997 tur
2213 941 2468 999 Davidem
2501 944 2702 1000 multas
2739 944 2847 1000 Deo
2884 945 3136 1002 emisisse
3170 949 3483 1015 orationes,
3526 969 3664 1023 qua-

2092 1048 2213 1088 rum
2236 1035 2386 1088 nulla
2413 1039 2620 1104 scripto
2647 1038 2968 1107 consignata
2998 1037 3121 1103 fuit,
3148 1043 3390 1110 exceptis
3432 1043 3499 1098 iis
3541 1061 3664 1115 qua).

2093 1122 2146 1176 vi
2191 1124 2559 1194 prospiciendi
2592 1131 2648 1179 et
2693 1127 3026 1182 vaticinandi
3058 1129 3296 1197 praedita:
3326 1140 3501 1187 erant.
3538 1134 3663 1190 ideo

2093 1215 2210 1269 haec
2233 1217 2410 1270 oratio
2429 1217 2484 1271 in
2523 1218 2663 1273 libro
2690 1218 3027 1275 Psalmorum
3050 1224 3249 1290 posita,
3272 1232 3327 1280 et
3348 1225 3400 1279 in
3425 1225 3664 1282 medium

2094 1306 2496 1377 prophetiarum
2530 1310 2597 1365 de
2625 1310 2847 1366 Christo
2876 1313 3082 1367 inserta
3129 1311 3268 1378 fuit,
3314 1325 3499 1386 utpote
3544 1335 3666 1389 qua:

2092 1398 2427 1468 propheticis
2469 1400 2632 1457 dictis
2663 1403 2882 1457 condita
2932 1403 3026 1467 sit,
3056 1415 3109 1460 et
3140 1407 3481 1462 vocationem
3533 1425 3667 1481 gen-

2094 1487 2231 1541 tium
2298 1491 2712 1559 complectatur.
2775 1491 2872 1548 His
2929 1493 3111 1563 itaque
3161 1497 3370 1552 vocatio
3421 1501 3666 1569 gentium

2092 1578 2382 1635 manifeste
2405 1582 2820 1651 praenuntiatur.
2855 1581 3150 1653 Postquam
3179 1580 3322 1640 enim
3351 1589 3522 1642 multa
3558 1588 3666 1643 sibi

2094 1670 2199 1725 soli
2227 1681 2484 1740 precatus
2515 1682 2682 1736 esset,
2715 1673 2926 1741 dicens,
2953 1674 3166 1728 Exaudi
3195 1693 3297 1743 me,
3333 1685 3409 1744 et,
3445 1677 3668 1734 Custodi

2096 1760 2330 1816 animam
2359 1778 2550 1826 meam,
2581 1771 2658 1830 et,
2689 1762 2905 1818 Salvum
2945 1764 3032 1832 fac
3073 1782 3278 1820 seruum
3308 1778 3456 1820 tuum
3475 1807 3491 1831 ,
3522 1769 3664 1824 Deus

2093 1869 2259 1916 meus,
2283 1863 2362 1919 et,
2397 1853 2650 1910 Miserere
2687 1858 2821 1919 mei,
2860 1864 2948 1921 et,
2980 1857 3222 1928 Lecti/ica
3261 1861 3500 1917 animam
3530 1864 3668 1917 seni

2095 1945 2212 2006 tui;
2237 1959 2385 2008 cum,
2421 1945 2666 2015 inquam,
2699 1947 2827 2001 talia
2869 1963 2967 2017 pro
2995 1949 3178 2018 seipso
3210 1959 3466 2020 precatus
3495 1959 3664 2018 esset,
3732 1959 3734 1962 ’

2092 2036 2245 2091 dives
2271 2037 2360 2092 ille
2389 2043 2444 2092 et
2474 2037 2766 2092 munificus
2787 2036 2930 2094 Deus
2959 2040 3199 2094 ostendit
3252 2041 3365 2105 illi,
3400 2057 3510 2098 non
3557 2042 3663 2112 ipsi

2091 2128 2195 2183 soli
2228 2127 2512 2198 precanti,
2547 2143 2670 2197 qua:
2709 2128 2764 2182 in
2799 2129 3046 2184 oratione
3099 2130 3434 2198 ferebantur,
3464 2133 3562 2189 abs
3607 2148 3668 2189 so

2093 2219 2478 2284 concedenda;
2560 2220 2652 2274 sed
2732 2219 2971 2276 divinam
3038 2223 3270 2290 gratiam
3342 2224 3397 2276 in
3470 2238 3662 2278 omnes

2094 2320 2283 2381 gentes
2315 2309 2694 2366 elfundendam
2751 2327 2912 2366 esse:
2945 2311 3074 2381 quia
3127 2311 3366 2366 futurum
3414 2323 3558 2368 esset
3600 2321 3662 2368 ut

2093 2403 2199 2456 illa:
2229 2417 2448 2474 quoque
2481 2400 2549 2455 iis
2578 2400 2910 2460 fruerentur.
2941 2417 3061 2470 qua:
3089 2401 3255 2457 David
3289 2403 3550 2473 consequi
3574 2419 3663 2457 ro~

2092 2496 2274 2566 gabat.
2310 2493 2490 2560 Quare
2524 2493 2728 2563 Spiritu
2775 2504 2965 2550 sancto
3015 2497 3356 2561 illustratus,
3388 2505 3442 2550 et
3481 2497 3666 2551 futura

2092 2588 2457 2658 prospiciens,
2486 2602 2744 2658 magnum
2762 2586 2854 2642 Dei
2879 2589 3068 2657 gratiae
3085 2589 3288 2642 donum
3312 2603 3662 2659 summopere

2092 2679 2343 2742 miratur,
2372 2687 2426 2733 et
2459 2693 2625 2748 supra
2671 2678 2820 2732 dicta
2858 2679 3018 2732 verba
3051 2678 3278 2748 profert.
3331 2677 3491 2734 Putet
3533 2694 3662 2734 vero

2093 2770 2364 2840 quispiam
2393 2769 2482 2823 hic
2501 2771 2632 2824 deos
2651 2769 2834 2823 vocari
2858 2769 3040 2838 justos
3067 2769 3460 2837 religiososque
3489 2770 3659 2830 viros,

2093 2861 2220 2931 quia
2240 2861 2445 2914 dictum
2476 2867 2596 2924 est,
2633 2858 2745 2929 Ego
2776 2859 2888 2912 dixi
2912 2875 2930 2912 :
2959 2857 3050 2911 Dii
3081 2860 3227 2921 estis,
3257 2867 3306 2911 et
3338 2859 3438 2926 ﬁlii
3490 2859 3663 2914 Altis-

2093 2953 2213 3007 simi
2240 2969 2415 3006 omnes
2444 2951 2522 3017 ⁶⁹;
2549 2951 2690 3006 alius
2737 2965 2867 3007 vero
2915 2965 3029 3016 eas,
3060 2965 3180 3019 quae
3207 2952 3262 3004 in
3301 2952 3440 3004 emlo
3499 2961 3658 3017 sunt,

2093 3045 2307 3100 divinas
2357 3044 2629 3106 virtutes,
2678 3044 2804 3114 quia
2857 3042 3152 3112 Apostolus
3204 3043 3322 3098 ait:
3362 3042 3502 3097 Nam
3561 3046 3660 3099 etsi

2093 3146 2214 3192 sunt
2253 3138 2344 3208 qui
2391 3136 2642 3190 dicantur
2685 3136 2793 3199 dii,
2844 3136 2949 3189 sive
2981 3135 3034 3188 in
3073 3135 3230 3199 caelo,
3274 3137 3377 3190 sive
3409 3137 3462 3189 in
3520 3145 3660 3192 terra

2093 3229 2251 3300 (sicut
2286 3239 2408 3284 sunt
2434 3229 2509 3284 dii
2541 3228 2713 3289 multi,
2745 3237 2795 3280 et
2831 3226 3031 3280 domini
3065 3226 3264 3292 multi),
3306 3227 3454 3281 nobis
3486 3237 3660 3282 tamen

2090 3336 2224 3374 unus
2249 3319 2412 3380 Deus,
2437 3317 2599 3372 Pater
2633 3318 2699 3372 7°.
2731 3317 2998 3384 Quoniam
3033 3317 3198 3386 igitur
3235 3333 3409 3388 neque
3440 3319 3660 3389 angelo-

2089 3426 2234 3475 rum,
2263 3426 2439 3480 neque
2469 3409 2854 3480 prophetarum
2882 3409 3177 3480 quispiam,
3204 3411 3504 3466 vocationis
3525 3424 3659 3479 gen-

2092 3502 2224 3556 tium
2250 3512 2440 3556 auctor
2475 3501 2577 3555 fuit
2599 3539 2614 3562 ,
2657 3500 2781 3570 jure
2805 3500 3044 3555 arbitror
3075 3502 3144 3556 de
3185 3515 3420 3570 persona
3449 3500 3658 3556 Christi

2089 3593 2296 3647 dictum
2327 3592 2516 3654 fuisse,
2539 3591 2662 3645 Non
2683 3599 2762 3645 est
2785 3591 2978 3645 similis
3010 3591 3089 3644 tui
3124 3592 3178 3645 in
3221 3591 3325 3646 diis
3351 3631 3366 3654 ,
3412 3589 3657 3646 Domine.

2087 3682 2242 3737 Alius
2265 3682 2428 3745 dicet,
2457 3681 2583 3753 quia
2616 3697 2646 3734 a
2679 3680 2868 3734 multis
2919 3679 3230 3735 hominibus
3258 3694 3447 3734 errore
3476 3678 3658 3733 ductis

2086 3773 2161 3827 dii
2191 3787 2314 3828 esse
2345 3770 2484 3825 falso
2514 3769 2918 3834 existimantur,
2942 3778 2996 3824 et
3029 3769 3171 3839 apud
3203 3785 3394 3825 omnes
3425 3777 3614 3839 gentes
3639 3809 3655 3832 ,

2088 3864 2228 3916 alius
2255 3862 2362 3914 alio
2391 3861 2444 3913 in
2475 3859 2597 3912 loco
2625 3859 2762 3914 deus
2796 3857 3030 3914 habetur
3050 3899 3066 3923 ,
3117 3858 3376 3927 solusque
3409 3854 3659 3912 Salvator

2085 3962 2139 4006 et
2162 3951 2424 4006 Dominus
2461 3959 2649 4005 noster
2675 3963 2770 4018 per
2797 3955 2970 4002 totum
2997 3947 3186 4004 orbem
3215 3945 3361 4003 Deus
3389 3945 3655 4018 praedica-

2084 4051 2194 4105 tur,
2228 4050 2283 4097 et
2315 4057 2379 4096 ex
2414 4042 2669 4098 omnibus
2697 4039 2949 4111 gentibus
2999 4039 3259 4109 populum
3287 4038 3392 4092 sibi
3430 4046 3656 4108 coopta—

2085 4136 2200 4201 vit;
2261 4134 2383 4189 ideo
2419 4134 2560 4186 banc
2604 4131 2934 4201 theologiam
2993 4129 3318 4200 prophetice,
3363 4126 3430 4183 de
3485 4127 3657 4198 ipsius

2056 4241 2318 4298 .persona
2353 4223 2606 4296 proferri.
2639 4223 2838 4278 Deinde
2873 4221 2998 4291 quia
3041 4228 3167 4274 ante
3191 4219 3527 4274 Salvatorem
3557 4233 3660 4272 no-

2085 4328 2257 4375 strum
2289 4317 2567 4388 propheta:
2587 4315 2744 4369 multi
2778 4312 3107 4376 mirabilium
3140 4326 3363 4382 operum
3403 4316 3657 4364 auctores

2085 4411 2344 4476 fuerunt;
2386 4425 2563 4479 neque
2592 4415 2774 4462 tamen
2802 4406 2947 4461 ullus
2995 4405 3124 4459 talia
3176 4403 3418 4459 edidisse
3450 4401 3653 4455 scribi-

404 4509 514 4566 Eis‘
562 4511 855 4582 ἐπειδήπερ
896 4513 1079 4565 πολλοὶ
1124 4514 1398 4584 προφῆται
1447 4513 1552 4584 πρὸ
1594 4511 1687 4565 τοῦ
1732 4513 1980 4582 Σωτῆρος

2087 4512 2194 4568 tur,
2217 4503 2400 4572 qualia
2449 4502 2505 4556 in
2563 4498 2870 4570 Evangeliis
2919 4496 3168 4551 Salvator
3215 4505 3399 4551 noster
3458 4492 3656 4549 fecisse

402 4603 558 4675 ἡμῶν
589 4603 903 4675 παραδόξων
953 4604 1128 4676 ἔργων
1155 4606 1408 4673 γεγόνασι
1441 4604 1684 4675 ποιηταὶ,
1722 4603 1892 4666 οὐδεὶς
1927 4603 1982 4656 δὲ

403 4695 622 4749 πώποτε
652 4697 874 4750 τοιαῦτα
906 4697 1116 4767 πράξας
1151 4697 1583 4767 ἀναγέγραπται,
1615 4698 1771 4748 ὁποῖα
1792 4697 1848 4747 ἐν
1871 4696 1981 4755 τοῖς

402 4787 750 4856 Εὐάγγελίοις
777 4787 870 4840 τοῦ
903 4788 1154 4858 Σωτῆρος
1185 4789 1340 4859 ἡμῶν
1373 4791 1688 4861 ἐμφέρεται,
1715 4788 1808 4841 καὶ
1826 4789 1982 4840 ὁποῖα

402 4879 669 4934 δέδεικται
708 4879 796 4932 διὰ
823 4882 923 4950 τῆς
965 4879 1072 4932 τῶν
1105 4879 1282 4932 ἐθνῶν.
1309 4881 1565 4934 ἁπάντων
1610 4877 1975 4951 ἐπιστροφῆς·

400 4970 488 5024 διὰ
515 4970 670 5025 τοῦτο
690 4971 942 5039 λέγεσθαι
984 4971 1076 5026 καὶ⁵
1104 4973 1185 5035 τὸ,
1227 4975 1347 5026 Οὐκ
1381 4974 1513 5027 ἔστι
1545 4972 1694 5026 κατὰ
1736 4974 1808 5025 τὰ
1836 4972 1980 5040 ἔργα

401 5076 540 5116 σου.
575 5063 685 5116 Καὶ
713 5065 839 5114 ποῖα
870 5061 1006 5132 ἔργα
1034 5062 1272 5116 διδάσκει
1299 5061 1471 5130 λέγων
1500 5061 1624 5132 ἑξῆς
1646 5079 1659 5093 ·
1681 5060 1888 5115 Πάντα
1908 5060 1981 5113 τὰ

400 5155 544 5222 ἔθνη
572 5153 690 5207 ὅσα
711 5155 1002 5221 ἐποίησας
1046 5152 1266 5221 ἥξουσι
1306 5153 1403 5205 καὶ
1440 5150 1980 5218 προσκυνήσουσιν

399 5245 655 5318 ἐνώπιόν
688 5261 823 5299 σου.
869 5245 994 5298 Ἐὰν
1036 5245 1094 5298 δὲ
1144 5244 1466 5314 ἐπιφέρηται
1500 5243 1579 5306 τὸ,
1622 5243 1706 5296 Σὺ
1735 5239 1793 5295 εἷ
1833 5243 1979 5306 Θεὸς

395 5338 600 5406 μόνος,
643 5335 736 5389 καὶ
773 5333 932 5388 τοῦτο
962 5333 1291 5404 ὲφαρμόσεις
1319 5333 1396 5404 τῷ
1436 5333 1666 5403 Σωτῆρι,
1710 5331 1978 5402 παραθεὶς

399 5429 641 5495 τὸ,’οὑκ
670 5427 840 5481 ἐστιν
874 5426 1074 5495 ὅμοιός
1105 5441 1205 5479 σοι
1246 5425 1316 5478 ἐν
1342 5425 1516 5490 θεοῖς,
1546 5426 1721 5492 Κύριε
1740 5440 1752 5453 ·
1786 5423 1974 5494 ὥσπερ

399 5523 509 5594 γὰρ
532 5522 623 5574 ἐπὶ
660 5519 940 5590 συγκρίσει
975 5518 1084 5570 τῶν
1113 5516 1482 5570 ἁποδοθέντων
1509 5515 1646 5569 θεῶν
1690 5517 1789 5569 οὐκ
1829 5515 1975 5568 ἔστιν

378 5614 580 5684 -ὄμοιός
615 5629 715 5677 σοι,
744 5609 913 5673 οὕτως
935 5610 994 5662 ὲν
1016 5606 1312 5679 παραθέσει
1341 5606 1447 5659 τῶν
1481 5605 1654 5657 αὐτῶν
1683 5607 1743 5659 σὺ
1771 5601 1822 5659 εἶ
1844 5605 1974 5670 Θεδς

477 5795 518 5824 ⁸⁸
557 5792 702 5848 Psal.
735 5807 921 5854 um,
957 5789 1010 5845 6.
1085 5789 1130 5820 το
1171 5787 1189 5840 l
1221 5787 1345 5842 Cor.
1384 5801 1482 5839 vm
1505 5824 1520 5849 ,
1550 5785 1603 5850 5,
1629 5783 1678 5839 6.

843 5887 1111 5947 PATBOL.
1153 5881 1271 5942 Gn.
1320 5881 1373 5940 Χ
1390 5881 1435 5940 Χ
1453 5880 1554 5941 Ill.

2083 4597 2564 4653 commemoratur,
2583 4596 2637 4644 et
2661 4587 2843 4658 qualia
2867 4602 2960 4656 per
2981 4585 3220 4656 gentium
3242 4582 3655 4637 conversionem

2081 4685 2442 4749 exhibentur;
2491 4682 2699 4736 idcirco
2741 4677 2877 4734 illud
2907 4679 3071 4732 etiam
3119 4675 3324 4730 dictum
3360 4673 3553 4740 fuisse,
3585 4673 3653 4726 Et

2082 4785 2283 4830 nonest
2309 4772 2596 4829 secundum
2640 4785 2798 4839 opera
2836 4781 2948 4822 tua.
2980 4767 3238 4832 Quaanam
3263 4765 3372 4819 sint
3406 4764 3496 4818 illa
3525 4778 3655 4834 ope-

2082 4879 2164 4926 ra,
2195 4863 2298 4918 sub
2332 4861 2446 4916 hinc
2478 4861 2638 4916 docet
2664 4859 2750 4914 bis
2783 4855 2963 4911 verbis
2993 4874 3006 4910 :
3042 4853 3232 4908 Omnes
3281 4862 3456 4926 gentes
3486 4869 3652 4923 quas-

2079 4971 2280 5026 cunque
2313 4953 2496 5022 fecisti
2533 4952 2754 5012 venient,
2786 4960 2834 5003 et
2860 4947 3158 5001 adorabunt
3184 4962 3364 5000 coram
3399 4954 3468 5002 te.
3496 4945 3653 5011 Quod

2081 5047 2128 5102 si
2179 5046 2313 5100 illud
2355 5045 2666 5113 adjiciatur,
2711 5040 2787 5094 Tu
2817 5056 2869 5095 es
2900 5039 3037 5093 Deus
3067 5039 3248 5103 solus;
3303 5037 3356 5092 id
3409 5037 3650 5106 applices

2082 5139 2376 5201 Salvatori,
2402 5139 2505 5192 hoc
2535 5138 2658 5190 item
2684 5146 2978 5203 apponens,
3020 5128 3144 5184 Non
3165 5139 3244 5184 est
3269 5128 3458 5196 similis
3487 5129 3564 5180 tui
3593 5127 3651 5180 in

2078 5232 2204 5296 diis,
2237 5232 2460 5285 Domine
2487 5245 2504 5282 :
2533 5228 2676 5284 sicut
2703 5226 2847 5280 enim
2876 5225 2922 5279 si
2952 5231 3006 5280 te
3035 5238 3162 5278 cum
3200 5221 3512 5276 memoratis
3544 5219 3650 5276 diis

2076 5338 2482 5394 comparemus,
2516 5335 2623 5374 non
2659 5325 2742 5374 est
2764 5315 2959 5372 similis
2990 5315 3067 5368 tui
3094 5333 3109 5381 ;
3141 5315 3219 5370 sic
3244 5315 3289 5369 si
3321 5323 3374 5367 te
3394 5313 3650 5368 confera-

2078 5430 2200 5469 mus
2224 5429 2348 5468 cum
2381 5411 2594 5474 iisdem,
2629 5415 2688 5462 tu
2743 5422 2802 5461 es
2838 5404 2980 5473 Deus
3033 5405 3204 5459 solus.
3249 5402 3525 5472 Siquidem
3558 5417 3649 5456 so-

2075 5507 2162 5561 lus
2190 5505 2440 5558 Salvator
2466 5509 2520 5556 et
2554 5497 2819 5554 Dominus
2867 5504 3055 5551 noster
3104 5496 3156 5550 in
3189 5494 3454 5566 principio
3483 5504 3600 5549 erat
3631 5533 3645 5557 ,

2077 5598 2169 5657 Dei
2204 5597 2438 5655 Verbum
2471 5599 2612 5661 erat,
2649 5589 2791 5662 apud
2827 5587 2998 5645 Deum
3042 5597 3180 5656 erat,
3212 5596 3266 5644 et
3315 5585 3458 5668 Deus
3487 5599 3642 5643 erat-

3333 5853 3410 5915 33
