4066 6376
399 353 426 407 l
437 351 544 407 035

1091 343 1360 401 EUSEBII
1400 336 1878 397 CASSARlENSlS
1903 333 2066 389 'OPP.
2111 329 2291 386 PARS
2325 326 2410 382 Ill.
2454 357 2523 363 —
2559 320 2978 377 EXEGETICA.

3514 314 3534 367 I
3546 311 3648 368 036

398 469 753 543 quamobrem
786 481 892 520 non
944 473 1029 520 est
1077 465 1274 519 similis
1308 463 1408 533 ipsi
1461 463 1518 515 in
1549 460 1678 522 diis,
1711 474 1774 511 ac
1825 457 1976 512 solus

2096 453 2259 512 ιόνος.
2315 448 2639 516 Ἐπειδήπερ
2674 443 2831 514 μόνος
2860 444 2888 494 6
2911 440 3100 509 Σωτὴρ
3133 436 3226 490 καὶ
3270 433 3468 505 Κύριος
3500 438 3532 505 ἡ
3543 435 3657 505 μῶν

2289 535 2356 543 ν-
2516 527 2938 543 -,-....τ
3093 521 3595 543 ...ηκτ

395 567 521 634 ipse
544 561 700 630 quasi
729 559 784 613 in
821 559 926 613 diis
957 557 1098 612 Deus
1124 556 1313 619 fuerit;
1366 570 1490 608 cum
1520 553 1702 606 nullus
1735 567 1798 604 ex
1837 549 1969 600 mul-

401 657 474 710 tis
510 655 638 715 illis,
671 653 762 722 qui
799 652 872 705 dii
909 658 1205 711 vocantur,
1253 647 1659 716 comparatione
1691 643 1798 696 illis
1840 640 1980 694 Deus

403 749 509 804 dici
532 747 726 817 possit.
749 744 902 798 Alius
921 757 1067 805 vero,
1090 739 1213 809 quia
1230 738 1529 794 secundum
1556 736 1668 790 haec
1687 735 1869 788 omnia
1893 731 1982 785 ad-

393 841 574 906 ditur,
604 837 678 892 Tu
705 853 758 890 es
783 836 919 889 Deus
943 835 1107 896 solus,
1147 832 1345 886 dixerit
1386 830 1450 882 ad
1481 830 1696 881 Patrem
1728 834 1782 880 et
1814 823 1980 877 Deum

406 931 783 994 universorum
803 927 916 981 haec
937 925 1117 978 omnia
1132 924 1186 976 in
1200 922 1447 977 oratione
1463 919 1747 973 enuntiata
1767 913 1978 970 referri:

406 1037 533 1076 nam
559 1036 653 1090 per
681 1019 801 1088 ejus
820 1017 1021 1072 donum
1049 1023 1102 1069 et
1132 1015 1361 1084 gratiam
1382 1011 1596 1064 vocatio
1623 1009 1864 1079 gentium
1885 1019 1981 1074 per

407 1112 604 1168 Filium
627 1111 747 1180 ejus
766 1109 906 1163 facta
936 1115 1050 1162 est:
1085 1115 1140 1160 et
1168 1105 1286 1173 ipse
1335 1103 1439 1156 fuit
1472 1101 1712 1154 onmium
1744 1102 1978 1158 creator,

405 1206 659 1260 conditor
682 1209 735 1258 et
753 1200 955 1272 opifex,
982 1198 1071 1268 qui
1102 1213 1194 1267 per
1212 1194 1409 1249 Filium
1425 1191 1692 1253 condidit,
1717 1197 1830 1243 tum
1862 1202 1982 1258 qua:

407 1301 461 1352 in
506 1296 670 1359 coelo,
705 1301 818 1348 tum
849 1305 972 1361 quae
994 1291 1048 1344 in
1079 1301 1224 1342 terra
1279 1297 1444 1342 sunt:
1479 1285 1594 1353 ipse
1635 1296 1854 1352 quoque
1889 1295 1984 1349 per

409 1389 605 1442 Filium
638 1383 906 1440 mirabilia
956 1381 1140 1436 omnia
1191 1378 1318 1434 fecit
1345 1418 1357 1439 ,
1401 1385 1512 1431 tum
1557 1392 1678 1444 qua:
1717 1374 1770 1428 in
1808 1371 1982 1426 Veteri

405 1479 761 1536 Testamento
793 1481 1155 1536 enarrantur,
1200 1479 1315 1524 tum
1346 1481 1466 1540 qua:
1510 1468 1563 1522 in
1596 1467 1743 1522 Novo
1772 1464 1984 1519 deseri-

407 1573 647 1634 buntur;
677 1567 909 1636 ideoque
930 1565 1062 1628 dici,
1093 1593 1162 1603 —
1195 1560 1361 1616 Vens.
1414 1560 1502 1614 10.
1543 1557 1666 1613 Non
1693 1567 1770 1612 est
1807 1573 1985 1611 secun-

407 1665 534 1716 dum
569 1675 766 1729 opera;
798 1670 873 1721 et,
917 1655 1144 1726 Magnus
1175 1670 1228 1708 es
1271 1663 1348 1718 tu,
1375 1661 1425 1706 et
1446 1652 1645 1721 faciens
1681 1647 1981 1709 mirabilia,

410 1766 467 1808 tu
498 1772 551 1808 es
585 1753 724 1807 Deus
753 1751 921 1806 solus.
950 1746 1084 1802 Illud
1116 1753 1297 1800 autem
1322 1785 1338 1809 ,
1383 1758 1529 1798 satus
1554 1782 1569 1806 ,
1620 1757 1648 1795 a
1700 1740 1984 1795 Salvatore

408 1858 627 1915 quoque
654 1853 844 1898 nostro
870 1839 937 1894 ad
962 1838 1177 1893 Patrem
1207 1836 1415 1890 dictum
1469 1835 1570 1887 fuit
1615 1833 1668 1886 in
1719 1832 1846 1894 illo,
1917 1829 1984 1883 Ut

410 1944 724 2009 cognoscant
754 1945 800 1988 te
833 1933 1006 1986 solum
1038 1945 1215 1985 verum
1241 1927 1408 1981 Deam
1434 1926 1501 1978 '“.
1551 1924 1820 1990 Quoniam
1857 1937 1988 1976 vero

406 2043 651 2105 paterna:
683 2029 902 2087 deitatis
938 2026 1213 2097 particeps
1233 2028 1320 2077 est
1349 2018 1545 2080 Filius,
1581 2032 1705 2071 cum
1736 2015 1807 2070 sit
1837 2013 1986 2082 ejus-

411 2127 534 2182 dem
564 2124 719 2195 regni
748 2135 1004 2183 consors,
1037 2123 1226 2187 utpote
1282 2112 1599 2182 unigenitus
1629 2107 1801 2161 Filius
1825 2145 1841 2168 ,
1893 2105 1986 2159 Dei

409 2215 683 2277 Verbum,
726 2223 780 2269 et
821 2211 914 2267 Dei
945 2207 1251 2280 sapientia;
1315 2204 1439 2274 jure
1479 2210 1534 2256 et
1588 2202 1707 2270 ipse
1737 2197 1990 2268 praesenti

405 2309 696 2379 theologia:
726 2311 1082 2360 accenseatur
1101 2314 1207 2370 qua
1231 2299 1347 2353 haac
1375 2297 1657 2356 docemur,
1683 2292 1826 2346 inter
1853 2288 1988 2342 mul-

413 2405 502 2454 tos
533 2398 658 2452 illos
683 2395 778 2465 qui
815 2392 889 2446 dii
923 2398 1191 2446 vocantur
1234 2402 1345 2442 non
1401 2399 1524 2440 esse
1564 2381 1872 2453 quempiam
1915 2379 1992 2433 si-

412 2487 602 2544 milem
643 2484 755 2541 Deo
784 2483 1205 2538 universorum:
1241 2492 1370 2532 nam
1412 2476 1468 2530 in
1498 2489 1608 2528 uno
1648 2472 1766 2527 solo
1797 2470 1988 2538 unige-

414 2580 535 2634 nito
563 2577 684 2646 ejus
713 2574 892 2632 Verbo
914 2613 930 2638 ,
959 2572 1137 2627 Patris
1166 2565 1467 2634 similitudo
1507 2570 1779 2621 servatur.
1806 2560 1989 2626 Quare

414 2669 596 2740 imago
617 2668 710 2724 Dei
734 2675 981 2728 vocatur,
1005 2669 1080 2726 et,
1102 2661 1246 2716 Deus
1274 2668 1389 2715 erat
1426 2656 1650 2711 Verbum
1677 2655 1756 2718 7';
1809 2653 1881 2707 ita
1927 2657 1989 2704 ut

413 2762 473 2816 in
521 2763 640 2832 ipso
691 2760 811 2816 solo
862 2757 1040 2812 Patris
1089 2752 1391 2810 similitudo
1438 2757 1832 2811 conservetur,
1893 2743 1988 2798 sed

415 2865 526 2906 non
553 2850 606 2904 in
641 2849 750 2904 illis
781 2848 967 2903 multis
989 2846 1116 2900 diis.
1321 2902 1327 2906 _
1399 2847 1404 2852 ’

2083 521 2138 594 έν
2163 542 2300 611 ἀρχῇ
2329 535 2418 608 ῆν,
2447 537 2539 590 καὶ
2560 533 2694 587 Θεοῦ
2723 532 2891 600 Λόγος
2911 527 2999 601 ἦν,
3019 529 3116 583 καὶ
3137 527 3271 598 πρὸς
3298 525 3388 578 τὸν
3409 525 3543 577 Θεὸν
3567 521 3656 596 ἦν,

2083 633 2187 685 καί⁸
2206 631 2336 692 Θεὸς
2365 625 2431 698 ῆν
2451 645 2464 658 ο
2497 626 2686 696 διόπερ
2709 625 2808 677 οὐκ
2838 623 2984 675 ἔστιν
3011 623 3193 690 ὅμοιος
3220 616 3368 687 αὐτῷ
3401 617 3458 668 ὲν
3494 615 3657 679 θεοῖς,

2083 725 2178 778 καὶ
2209 723 2366 793 μόνος
2393 721 2555 782 αὐτὸς
2583 719 2658 781 ὡς
2677 719 2733 769 ἐν
2763 716 2902 780 Θεοῖς
2933 715 3016 784 εἴη
3041 713 3103 766 ἂν
3134 712 3285 776 Θεὸς,
3312 710 3524 773 οὐδενὸς
3552 709 3661 762 τῶν

2082 812 2386 888 λεγομένων
2410 809 2617 863 πολλῶν
2645 806 2780 861 θεῶν
2806 806 2862 859 ὲν
2891 807 2959 874 τῇ
2994 801 3156 856 αὐτοῦ
3183 799 3479 872 παραθέσει
3503 799 3660 852 δυνα-

2086 906 2250 974 μένου
2290 899 2645 972 χρηματίζειν
2675 895 2832 950 Θεοῦ.
2868 893 3058 956 ’Ἄλλος
3081 892 3138 945 δὲ
3174 890 3258 944 διὰ
3293 890 3353 943 τὸ
3399 889 3657 958 ἐπιφέρε-

2086 998 2208 1052 σθαι
2238 998 2371 1051 πᾶσι
2410 994 2620 1056 τούτοις
2650 991 2730 1053 τὸ,
2763 991 2843 1043 ὅτι
2881 988 2961 1042 Σὺ
2994 987 3050 1040 εἷ
3083 985 3224 1051 Θεὸς
3255 985 3466 1052 μόνος,
3510 981 3655 1033 εἴποι

2086 1091 2151 1144 ἂν
2180 1089 2314 1160 πρὸς
2335 1088 2423 1141 τὸν
2448 1085 2663 1156 Πατέρα
2687 1083 2778 1136 καί
2791 1081 2919 1133 Θεὸν
2947 1078 3054 1132 τῶν
3080 1077 3212 1130 ὅλων
3236 1074 3304 1128 τά
3326 1072 3656 1143 προκείμενα

2086 1182 2261 1235 πάντα
2294 1179 2382 1233 διὰ
2426 1177 2526 1248 τῆς
2557 1175 2719 1245 εὐχῆς
2764 1169 3212 1242 ἀναπέμπεσθαι·
3245 1169 3311 1236 τῇ
3351 1163 3458 1233 γὰρ
3490 1161 3654 1216 αὑτοῦ

2084 1273 2261 1345 δωρεᾷ
2276 1271 2368 1325 καὶ
2383 1270 2564 1342 χάριτι
2593 1269 2626 1337 ή
2656 1266 2847 1334 κλῆσις
2863 1263 2969 1315 τῶν
2997 1259 3163 1313 ἐθνῶν
3191 1257 3279 1312 διά
3297 1255 3391 1308 τοῦ
3417 1253 3544 1306 Υίοῦ
3569 1253 3657 1305 αύ-

2084 1363 2177 1417 τοῦ
2205 1362 2392 1431 γέγονε
2415 1378 2427 1390 ·
2458 1359 2551 1413 καλ¹
2572 1356 2732 1417 αὐτὸς
2760 1349 2826 1424 ῆν
2853 1354 2882 1404 6
2905 1350 3013 1404 τῶν
3037 1349 3172 1403 ὅλων
3205 1345 3427 1414 κτίστης
3460 1342 3551 1396 καὶ
3569 1342 3660 1409 δη-

2089 1456 2346 1528 μιουργὸς
2375 1455 2466 1507 καὶ
2490 1449 2718 1520 ποιητὴς
2747 1445 2834 1499 διὰ
2867 1434 2960 1498 τοῦ
2992 1441 3118 1495 Υίοῦ
3150 1441 3218 1494 τὰ
3253 1437 3428 1492 πάντα
3463 1451 3661 1504 συστη-

2087 1527 2338 1619 σάμενος,
2373 1546 2442 1599 τά
2464 1561 2524 1597 τε
2567 1543 2627 1594 ἐν
2656 1538 2868 1611 οὐρανῷ
2904 1535 2996 1590 καὶ
3029 1534 3098 1586 τὰ
3137 1533 3230 1586 ἐπὶ
3261 1532 3358 1601 τῆς
3391 1529 3495 1598 γῆς
3520 1545 3532 1557 ·
3571 1527 3664 1579 καί⁵

2087 1617 2248 1704 αὐτὸς
2277 1635 2344 1711 ἦν
2373 1640 2400 1691 6
2432 1636 2610 1690 πάντα
2644 1630 3134 1702 θαυματουργήσας
3173 1623 3261 1676 διὰ
3291 1621 3385 1675 τοῦ
3416 1618 3568 1682 Υίοῦ,
3597 1617 3666 1670 τά

2085 1751 2145 1786 τε
2175 1709 2317 1786 κατά
2343 1731 2441 1800 τὴν
2473 1724 2714 1781 Παλαιὰν
2749 1721 3021 1791 Διαθήκην
3072 1713 3448 1787 ἱστορούμενα,
3477 1709 3658 1763 καὶτά

2019 1797 2058 1850 Β
2087 1829 2146 1880 ὲν
2170 1828 2236 1896 τῇ
2254 1797 2427 1894 Καινῇ
2453 1815 2938 1889 ἀναγεγραμμένα·
2964 1811 3043 1865 διὸ
3071 1807 3346 1877 λέγεσθαι,
3379 1806 3500 1857 Οὐκ
3534 1801 3665 1854 ἐστι

2089 1890 2242 1970 κατά
2284 1914 2356 1968 τὰ
2387 1890 2534 1982 ἔργα
2560 1924 2707 1965 σου·
2737 1908 2853 1969 καὶ,
2896 1902 3095 1972 Μέγας
3129 1900 3185 1952 εἷ
3207 1897 3309 1962 σὺ,
3341 1894 3438 1949 καί
3481 1890 3667 1946 ποιῶν

2091 2005 2409 2075 θαυμάσια,
2439 2004 2521 2058 σὺ
2543 1999 2599 2056 εἴ
2619 2004 2650 2055 ὁ
2683 1999 2826 2064 Θεὸς
2841 1997 3046 2066 μόνος.
3078 1991 3152 2045 Τὸ
3179 1991 3254 2055 δὲ,
3286 1989 3490 2058 μόνος,
3519 1983 3668 2075 εἴρῃ-

2090 2115 2180 2151 ται
2203 2074 2305 2149 καὶ
2339 2094 2442 2148 ὑπὸ
2472 2093 2565 2148 τοῦ
2593 2091 2845 2161 Σωτῆρος
2874 2087 3030 2160 ἡμῶν
3061 2084 3197 2156 πρὸς
3244 2081 3333 2134 τὸν
3366 2075 3584 2148 Πατέρα
3612 2074 3668 2124 ἐν

2091 2186 2190 2256 τῷ,
2227 2187 2358 2240 Ἵνα
2382 2182 2720 2254 γινώσκωσι
2743 2195 2816 2234 σε
2847 2179 2952 2231 τὸν
2968 2177 3160 2245 μόνον
3184 2167 3476 2238 ἀληθινόν
3497 2165 3666 2219 Geor.

2106 2279 2256 2332 Ἐπεὶ
2288 2277 2345 2330 δὲ
2377 2274 2474 2346 τῆς
2506 2273 2599 2328 τοῦ
2622 2271 2832 2342 Πατρὸς
2865 2269 3114 2338 θεότητος
3147 2261 3403 2321 κοινωνὸς
3434 2255 3668 2326 ὑπάρχει

2093 2372 2122 2424 6
2151 2370 2296 2433 Υἱὸς,
2329 2370 2429 2438 τῆς
2457 2365 2626 2435 αὐτῆς
2679 2361 2902 2434 μέτοχος
2945 2358 3020 2410 ὢν
3054 2353 3346 2426 βασιλείας,
3380 2348 3476 2403 ἅτε
3509 2361 3666 2417 μονο-

2093 2463 2256 2533 γενὴς
2285 2437 2410 2524 Υἱὸς
2437 2457 2510 2512 ὣν
2541 2457 2632 2510 καὶ
2657 2451 2792 2509 Θεοῦ
2825 2452 3018 2518 Λόγος,
3047 2448 3141 2502 καὶ
3161 2444 3294 2498 Θεοῦ
3323 2441 3503 2511 σοφία,
3528 2437 3670 2490 είκό-

2093 2528 2286 2618 τως-ἂν
2319 2551 2668 2617 καταλέγοιτο
2705 2547 2797 2600 καὶ
2825 2543 2982 2604 αὐτὸς
3022 2543 3088 2612 τῇ
3129 2536 3378 2608 παρούσῃ
3420 2528 3667 2618 θεολογίῖι

2093 2644 2437 2718 διδασκούσῃ,
2472 2644 2549 2696 ὅτι
2581 2641 2679 2694 οὐκ
2700 2638 2842 2692 ἔστιν
2875 2637 3056 2706 ὅμοιος
3086 2631 3164 2700 τῷ
3188 2627 3281 2682 ἐπὶ
3307 2626 3521 2680 πάντων
3551 2616 3670 2689 Θεῷ

2097 2740 2153 2791 ὲν
2182 2740 2293 2800 τοῖς
2313 2715 2524 2798 πολλοῖς
2550 2728 2966 2802 ὀνομαζομένοις
2992 2725 3132 2788 Θεοῖς
3151 2740 3162 2751 ·
3190 2724 3248 2776 ὲν
3277 2720 3358 2776 ένὶ
3388 2717 3496 2788 γὰρ
3525 2715 3671 2788 μόνῳ

2095 2828 2172 2899 τῷ
2195 2828 2467 2899 μονογενεῖ
2484 2822 2648 2879 αὑτοῦ
2675 2821 2832 2891 Λόγῳ
2866 2820 2900 2889 ἡ
2931 2817 3023 2871 τοῦ
3048 2817 3162 2869 Πατ
3172 2814 3259 2886 ρὺς
3288 2810 3540 2882 ὁμοιότης
3571 2804 3674 2858 σόλ-

417 2944 590 3010 ζεται.
626 2899 747 2998 Διδή
765 2899 1066 2996 καίήείκὼν
1116 2902 1444 3010 χρηματίζει
1490 2932 1649 2996 Θεοῦ,
1693 2931 1809 2995 καὶ,
1857 2926 1999 2991 Θεὸς
2035 2921 2114 2996 ἦν
2146 2925 2356 2994 Λόγος,
2423 2921 2498 2984 ὡς
2536 2920 2593 2973 ὲν
2625 2915 2772 2987 αὐτῷ
2805 2914 2901 2986 μὲν
2948 2910 3212 2977 σώζεσθαι
3265 2907 3410 2980 μόνῳ
3433 2904 3528 2976 τὴν
3577 2899 3672 2954 τοῦ

417 3035 632 3107 Πατρδς
677 3032 958 3098 ὁμοίωσιν,
1015 3028 1198 3081 οὐκέτι
1250 3026 1310 3079 δὲ
1368 3025 1464 3078 καὶ
1505 3024 1564 3076 ἐν
1616 3023 1731 3084 τοῖς
1773 3017 1990 3080 πολλοῖς
2023 3015 2184 3080 θεοῖς,

445 3137 460 3146 ”
488 3147 655 3202 Vens.
681 3145 764 3198 Η.
786 3143 963 3198 Dedue
990 3121 1088 3202 me,
1125 3139 1367 3200 Domine,
1403 3141 1457 3192 in
1484 3139 1570 3192 via
1589 3147 1704 3203 tua,
1743 3144 1794 3192 et
1825 3137 1994 3205 ξηαπ-ε·
2017 3145 2062 3201 c

2175 3127 2514 3198 Ὀδήγησόν
2533 3143 2629 3196 με,
2663 3125 2858 3192 Κύριε,
2889 3125 2959 3174 ἑν
3013 3119 3088 3186 τῇ
3125 3114 3242 3180 ὀδῷ
3272 3129 3410 3178 σου,
3439 3111 3539 3164 καὶ
3569 3125 3677 3198 ετο-

396 3233 542 3290 ’ήίαν
581 3235 635 3287 in
677 3234 896 3286 veritate
941 3241 1067 3293 tua,
1117 3237 1323 3284 ta'tctur
1372 3243 1464 3283 car
1513 3243 1683 3282 meum
1719 3236 1775 3281 ttt
1815 3196 1993 3280 timeat

2096 3196 2390 3286 ρεύσομαι
2415 3214 2487 3282 τῇ
2529 3213 2782 3279 ἀληθείᾳ
2813 3224 2952 3270 σου,
2973 3202 3357 3273 εὐφρανθήτω
3393 3199 3433 3266 ή
3465 3196 3678 3264 καρδία

394 3333 608 3381 'nomen
629 3334 796 3376 tuum.
846 3319 923 3375 Ne
949 3321 1266 3375 aberremus
1306 3335 1336 3373 a
1364 3321 1594 3374 veritate
1622 3319 1737 3385 Dei,
1771 3318 1993 3372 ductore

2096 3326 2208 3380 pou
2236 3306 2342 3360 τοῦ
2379 3303 2684 3374 φοϐεῖσθαι
2714 3300 2780 3353 τὸ
2823 3295 3010 3365 ὄνομά
3047 3311 3182 3348 σου.
3214 3293 3307 3350 Εἰς
3335 3290 3395 3343 τὸ
3430 3289 3503 3360 μὴ
3538 3289 3674 3341 ἀπο-

397 3422 647 3486 'egemus
673 3431 686 3465 :
725 3425 895 3480 quare
923 3408 1119 3478 Aquila
1139 3447 1155 3475 ,
1188 3405 1469 3467 litamina,
1497 3405 1698 3475 inquit,
1731 3421 1814 3457 me
1835 3405 1889 3456 in
1913 3404 1998 3456 via

424 3514 537 3570 tua,
563 3503 806 3561 Domine,
841 3499 1123 3553 ambulabo
1157 3500 1210 3552 in
1232 3498 1450 3551 veritate
1473 3506 1602 3560 tua;
1635 3494 1998 3567 Symmachus

420 3611 575 3658 vero,
604 3591 832 3649 Ostende
873 3589 1034 3654 mihi,
1084 3587 1342 3651 Domine,
1381 3587 1521 3640 viam
1554 3593 1733 3645 tuam,
1793 3592 1852 3636 ut
1898 3585 1998 3636 iter

424 3685 622 3756 faciam
650 3685 703 3736 in
733 3682 948 3736 veritate
982 3689 1093 3734 tua.
1127 3677 1368 3733 Rursum
1400 3677 1527 3730 item
1552 3690 1652 3745 pro
1681 3675 1795 3739 illo,
1833 3673 1999 3728 La'te-

427 3788 515 3833 tur
547 3790 631 3830 cor
672 3790 866 3836 meum,
899 3780 958 3825 ut
986 3772 1168 3826 timeat
1196 3785 1382 3824 nomen
1410 3777 1560 3821 tuum
1582 3806 1597 3832 ,
1622 3767 1817 3837 Aquila
1843 3765 1996 3827 dicit,

426 3869 742 3926 Solitariam
768 3867 851 3934 [at
877 3881 968 3919 eor
1012 3880 1206 3927 meum,
1237 3871 1296 3915 ut
1344 3863 1525 3915 timeat
1580 3876 1768 3914 nomen
1813 3869 1998 3922 tuum;

427 3957 788 4031 Symmachus
818 3969 948 4009 vero
969 3993 984 4016 ,
1023 3951 1181 4006 Unito
1213 3967 1304 4004 cor
1336 3965 1508 4003 meum
1545 3949 1600 4001 in
1631 3948 1873 4001 timorem
1905 3961 2001 3998 no-

424 4042 582 4094 minis
612 4042 707 4096 tui.
736 4069 808 4079 ——
835 4036 1000 4092 Vens.
1061 4036 1150 4090 12.
1213 4033 1516 4103 Conﬁtebor
1563 4031 1700 4098 tibi,
1749 4031 1996 4094 Domine,

426 4131 566 4186 Deus
595 4147 761 4194 meus,
789 4130 847 4183 in
872 4135 980 4181 toto
1013 4126 1168 4181 corde
1200 4143 1340 4192 meo,
1368 4134 1418 4180 et
1463 4123 1772 4196 gloriﬁcabo
1814 4139 2002 4177 nomen

426 4235 574 4279 tuum
626 4225 680 4276 in
737 4211 1013 4276 teternum.
1053 4218 1189 4272 Cum
1237 4218 1410 4272 multa
1459 4219 1513 4271 in
1568 4215 2002 4286 praecedentibus

423 4315 569 4370 bona
598 4313 847 4376 dixisset,
897 4311 1299 4366 confessionem
1330 4309 1541 4379 peccati
1572 4309 1658 4364 sui
1688 4307 2003 4362 necessario

425 4410 650 4459 revocat
704 4402 762 4456 in
822 4399 1178 4464 memoriam,
1224 4405 1286 4451 ut
1337 4411 1406 4450 ne
1453 4411 1520 4450 ex
1579 4408 1842 4448 concessa
1897 4391 2001 4447 sibi

2099 3378 2363 3470 σφαλῆναι
2388 3396 2485 3467 τῆς
2513 3392 2769 3465 ἀληθείας
2810 3389 2967 3450 Θεοῦ,
3009 3384 3246 3455 ποδηγοῦ
3271 3381 3504 3452 δεόμεθα
3523 3397 3535 3412 ·
3570 3378 3678 3432 διό-

2098 3469 2204 3564 περ
2249 3491 2277 3542 6
2313 3491 2409 3561 μὲν
2454 3486 2704 3548 Ἀκύλας,
2747 3481 3016 3537 Φώτισόν
3039 3495 3133 3547 με,
3169 3476 3325 3548 φησὶ,
3356 3475 3556 3541 Κύριε.
3599 3469 3675 3538 τῇ

2098 3562 2214 3648 6δῷ
2247 3597 2384 3646 σου,
2420 3577 2804 3650 περιπατήσω
2841 3575 2911 3628 ὲν
2937 3571 3186 3639 ἀληθείᾳ
3209 3586 3324 3622 σου
3344 3585 3357 3599 ο
3393 3568 3422 3619 6
3453 3565 3509 3618 δὲ
3539 3562 3681 3634 Σύμ-

2102 3691 2291 3745 μαχος,
2338 3671 2686 3730 ’Υπόδειεόν
2720 3685 2842 3738 μοι,
2875 3665 3070 3730 Κύριε,
3101 3661 3215 3728 τὴν
3248 3659 3392 3713 ὀδόν
3416 3671 3554 3721 σου,
3579 3655 3680 3708 ἵνα

2099 3765 2329 3820 ὀδεύσω
2361 3762 2436 3832 τῇ
2466 3762 2714 3830 ἀληθείᾳ
2755 3775 2892 3813 σου.
2922 3756 3028 3810 Καὶ
3057 3753 3220 3807 πάλιν
3261 3750 3382 3804 ἀντὶ
3415 3747 3529 3811 τοῦ,
3562 3748 3679 3800 Εὑ-

2099 3854 2413 3926 ςρρανθήτω
2457 3853 2496 3920 ἠ
2527 3852 2740 3919 καρδία
2764 3867 2882 3920 μου
2911 3845 3016 3900 τοῦ
3044 3842 3351 3914 φοϐεῖσθαι
3385 3839 3452 3894 τὸ
3493 3836 3680 3906 ὄνομά

2100 3971 2237 4017 σου,
2259 3953 2288 4004 6
2320 3951 2418 4022 μὲν
2450 3949 2680 4012 Ἀκύλας
2701 3946 2866 4017 φησί·
2897 3941 3271 4010 Μονάχωσοιν
3290 3936 3406 4004 τὴν
3430 3933 3681 4000 καρδίαν

2096 4063 2214 4116 μου
2243 4042 2350 4097 τοῦ
2381 4041 2687 4111 φοϐεῖσθαι
2719 4039 2785 4092 τὸ
2820 4034 3006 4105 ὄνομὰ
3037 4048 3183 4087 σου⁸
3219 4031 3247 4082 6
3277 4030 3334 4082 δὲ
3362 4027 3677 4097 Σύμμαχος,

2104 4137 2379 4188 "Et-war
2397 4131 2512 4200 τὴν
2531 4129 2782 4198 καρδίαν
2800 4144 2918 4197 μου
2942 4127 3028 4190 εὶς
3054 4123 3240 4191 φόϐον
3263 4118 3368 4172 τοῦ
3391 4117 3681 4185 ὀνόματός

2101 4242 2239 4282 σου.
2268 4221 2817 4294 Ἐξομολογήσομαί
2847 4234 2965 4276 σοι.
2989 4217 3181 4282 Κύριε,
3212 4216 3244 4266 ό
3273 4212 3417 4277 Θεός
3442 4227 3583 4280 μου,
3612 4207 3683 4260 ἐν

2104 4319 2216 4387 ὅλῃ
2249 4317 2325 4386 τῇ
2355 4315 2566 4384 καρδίᾳ
2592 4332 2730 4384 μου,
2762 4311 2858 4364 καὶ
2882 4307 3122 4372 δοξάσω
3152 4305 3217 4359 τὸ
3244 4301 3430 4371 ὄνομά
3458 4316 3573 4355 σου
3595 4302 3682 4364 είς

2103 4409 2211 4461 τὸν
2241 4406 2445 4460 αἰῶνα.
2486 4403 2664 4456 Πολλὰ
2703 4399 2915 4471 χρηστά
2949 4400 3006 4450 ὲν
3037 4399 3146 4458 τοῖς
3184 4392 3492 4466 ἔμπροσθεν
3529 4393 3681 4460 εἰρη-

425 4496 621 4558 venia,
673 4501 728 4547 et
758 4507 826 4546 ex
855 4489 1068 4545 collatis
1095 4488 1202 4543 sibi
1251 4495 1376 4557 post
1424 4487 1809 4543 remissionem
1874 4499 1993 4538 mu-

2105 4497 2239 4560 κὼς,
2273 4496 2585 4564 ἀναγκαίως
2633 4492 2894 4563 ἀναφέρει
2927 4494 2993 4562 τῇ
3045 4490 3232 4559 μνήμῃ
3271 4489 3369 4557 τὴν
3413 4485 3539 4556 περὶ
3581 4484 3680 4551 τῆς

426 4588 690 4650 acribus,
752 4583 972 4639 mollius
1031 4582 1362 4652 segniusque
1423 4580 1634 4635 versari
1699 4578 1999 4632 videretur.

426 4677 564 4736 Sese
614 4679 782 4748 igitur
811 4677 929 4746 ipse
959 4675 1122 4729 vertit
1153 4682 1207 4728 et
1257 4681 1597 4735 commovet,
1658 4686 1722 4724 ac
1790 4669 2003 4741 peccati

402 4767 516 4821 ‘sui
577 4765 897 4820 memoriam
961 4763 1212 4832 repetit;
1285 4771 1342 4817 ut
1405 4762 1532 4815 hinc
1601 4761 1808 4827 majore
1871 4774 2001 4829 erga

358 4855 599 4910 “‘Deum
632 4857 928 4924 gratiarum
980 4853 1194 4908 actione
1242 4862 1442 4908 utatur.
1492 4851 1864 4918 Quamobrem
1899 4851 1996 4914 ait,

423 4945 733 5014 (Σοηῄιεὺον
761 4943 894 5010 tibi;
926 4959 991 4998 ac
1039 4945 1282 5015 subjicit,
1314 4943 1520 4998 Emisti
1553 4945 1788 4998 animam
1831 4959 2002 4997 meam

419 5053 496 5093 ea:
531 5037 738 5106 inferno
783 5036 1044 5104 inferiori.
1097 5035 1232 5090 Nam
1283 5044 1574 5108 peccatum
1625 5036 1856 5090 mortale
1897 5035 2006 5088 hu-

417 5126 668 5197 iusmodi
721 5134 844 5192 est,
877 5134 937 5181 ut
971 5129 1022 5180 in
1057 5127 1545 5197 prol‘undissimum
1591 5125 1790 5180 inferni
1823 5127 2008 5180 detra-

419 5223 549 5279 ‘hat.
581 5223 719 5277 Cum
756 5222 925 5276 enim
982 5223 1152 5275 multa
1207 5223 1319 5277 sint
1367 5228 1719 5292 peccatorum
1775 5233 1998 5290 genera,

431 5313 687 5369 videntur
711 5314 815 5368 alia
840 5313 908 5367 ad
937 5315 1280 5383 superﬁciem
1314 5313 1512 5368 inferni
1543 5312 1780 5375 deferre,
1805 5311 1910 5364 alia
1937 5310 2005 5364 ad

433 5405 701 5470 intimum,
738 5407 875 5469 sive,
917 5414 976 5458 ut
1009 5407 1132 5476 quis
1162 5407 1380 5470 dixerit,
1432 5407 1499 5460 ad
1548 5406 1728 5476 ipsum
1777 5402 2008 5473 profun-

437 5495 586 5559 dum,
621 5497 689 5552 de
737 5513 848 5566 quo
903 5497 1111 5552 fertur:
1174 5497 1282 5552 Vite
1311 5499 1412 5552 viri
1456 5513 1573 5567 once
1623 5493 1864 5549 videntur
1897 5509 2010 5547 esse

439 5595 613 5651 rectm,
641 5597 905 5655 postrema
935 5597 1108 5641 autem
1142 5605 1326 5642 earum
1358 5588 1652 5658 respiciunt
1693 5588 1753 5640 in
1783 5587 2006 5656 profun-

511 5742 552 5773 "
584 5739 747 5798 Joan.
787 5759 930 5813 xvn,
971 5744 1024 5799 5.
1106 5744 1149 5776 ’⁸
1185 5742 1341 5799 Joan.
1381 5761 1427 5810 I,
1465 5746 1512 5800 t.

2112 4589 2384 4659 ἁμαρτίας
2407 4583 2474 4658 ἧς
2505 4587 2752 4656 ἥμαρτεν
2775 4581 3180 4653 ἐξομολόγησιν,
3209 4580 3282 4641 ὼς
3306 4577 3370 4631 ἂν
3403 4577 3476 4647 μὴ
3499 4575 3680 4642 δοκοίη

2109 4675 2197 4728 διὰ
2229 4676 2328 4744 τῆς
2361 4672 2799 4744 παρασχεθείσης
2835 4671 2984 4742 αύτῷ
3016 4670 3415 4740 συγχωρήσεως
3454 4666 3546 4720 καὶ
3572 4665 3682 4718 τῶν

2115 4763 2252 4834 μετὰ
2277 4762 2449 4816 ταῦτα
2473 4761 2856 4833 ὑπαρχθέντων
2886 4758 3063 4829 αὐτῷ,
3095 4755 3439 4827 χαυνοῦσθαι,
3463 4753 3556 4807 καὶ
3597 4755 3687 4824 ρᾳ-

2111 4855 2407 4926 θυμότερον
2455 4853 2833 4925 ἀναστρέφειν.
2896 4850 3239 4921 Ἐπιστρὲφει
3293 4847 3469 4900 τοίνυν
3522 4847 3684 4908 αὐτὸς

2112 4947 2323 5011 ἑαυτὸν,
2348 4945 2443 4999 καὶ
2474 4947 2690 5017 μνήμην
2712 4947 2945 4998 ποιεῖται
2972 4944 3070 5012 τῆς
3091 4941 3253 4994 αὐτοῦ
3281 4939 3573 5011 ἁμαρτίας,
3599 4939 3682 4990 ἵνα

2116 5039 2317 5108 μείζων
2350 5037 2570 5107 γένηται
2597 5041 2628 5108 ἡ
2655 5037 2788 5109 πρὸς
2817 5037 2907 5089 τὸν
2941 5035 3070 5088 Θεὸν
3099 5034 3415 5104 εὐχαριστία
3435 5051 3446 5062 ·
3477 5032 3555 5084 διό
3584 5049 3684 5101 φη-

2115 5145 2231 5182 σιν·
2277 5125 2824 5196 Ἑξομολοτήσομαί
2868 5140 2996 5178 σοι·
3033 5124 3124 5176 καὶ
3156 5121 3380 5188 ἐπάγει·
3426 5119 3686 5187 Ἐρρύσω

2113 5220 2465 5290 τὴν,ψυχήν
2487 5237 2606 5289 μου
2652 5219 2720 5282 ἐξ
2755 5217 2903 5283 ᾅδου
2932 5215 3286 5267 κατωτάτου.
3326 5212 3387 5263 Ἠ
3416 5202 3524 5281 γὰρ
3553 5208 3686 5280 πρὸς

2117 5313 2346 5367 θάνατον
2379 5310 2622 5383 ἁμαρτία
2649 5307 2871 5377 τοιαύτη
2912 5307 3188 5376 τυγχάνει,
3218 5307 3297 5365 εἰς
3325 5303 3415 5356 τὸν
3445 5300 3688 5355 κατώτα-

2117 5422 2208 5458 τον
2233 5404 2365 5475 ᾆδην
2392 5401 2748 5456 κατασπῶσα.
2784 5398 2998 5452 Πολλῶν
3027 5398 3134 5468 γὰρ
3162 5396 3336 5450 ούσῶν
3382 5392 3684 5464 ἁμαρτιῶν,

2116 5496 2354 5548 ἐοίκασιν
2385 5497 2440 5548 αἱ
2471 5494 2568 5564 μὲν
2598 5491 2692 5545 τοῦ
2723 5491 2849 5562 ᾅδου
2877 5494 2956 5553 εἰς
2983 5491 3049 5543 τά
3079 5488 3364 5542 ἐπιπόλαια
3384 5487 3596 5556 φέρειν,
3632 5483 3688 5534 αἱ

2115 5586 2170 5641 δὲ
2201 5587 2281 5651 είς
2311 5585 2377 5639 τὰ
2407 5583 2714 5647 κατώτατα,
2747 5585 2862 5647 καὶ,
2903 5583 2978 5646 ὼς
3015 5581 3080 5634 ἂν
3109 5582 3250 5633 εἴποι
3283 5597 3385 5642 τις,
3417 5580 3494 5640 εἰς
3529 5575 3690 5628 αὑτὸν
