4066 6374
446 354 474 409 1
486 352 589 410 033

1601 346 2108 406 COMMENTARIA
2150 347 2215 402 IN
2253 348 2589 408 PSALMOS.

3532 356 3669 410 £058

442 466 535 519 τὸν
566 462 835 534 πυθμένα,
871 462 995 533 περ⁸ι
1024 455 1085 515 οὗ
1114 460 1354 533 εἴρηται·
1397 460 1550 515 Ὀδοί
1580 462 1797 530 ἀνδρὸς
1827 465 1886 516 at
1916 461 2013 514 δο-

2114 462 2238 516 dum
2271 465 2463 533 inferni
2497 468 2563 521 ⁷³.
2593 466 2784 525 Verum
2816 470 2958 533 inde,
2989 470 3086 533 ait,
3121 485 3205 525 me
3237 470 3451 534 eruisti,
3479 469 3670 541 (Vsus.

442 556 659 609 κοῦσαι
718 554 881 622 ὀρθαὶ
911 550 1082 616 εἶναι,
1124 553 1195 605 τὰ
1232 552 1436 620 μέντοι
1468 553 1779 606 τελευταῖα
1815 550 2012 605 αὐτῶν

440 647 655 714 βλέπει
703 648 790 710 εὶς
823 644 1092 713 πυθμένα
1142 643 1309 710 ᾅδου.
1364 643 1500 696 Ἀλλ’
1546 643 1775 709 ἐκεῖθεν,
1828 643 2011 713 φησὶν,

441 739 657 814 ὲρρύσω
697 754 783 807 με,
823 736 1029 803 ἐπειδὴ
1071 736 1277 806 γέγονε
1306 734 1372 787 τὸ
1404 736 1574 801 ἔλεός
1604 750 1720 789 σου
1748 735 1901 805 μέγα
1920 734 2011 788 ἐπ’

438 832 564 902 ἐμέ.
605 830 913 900 Εὑξάμενος
950 828 1058 899 γὰρ
1090 828 1326 898 μεγάλου
1355 829 1539 897 τυχεῖν
1578 827 1758 890 ὲλέους
1788 830 1844 879 ὲν
1870 825 1947 896 τῷ
1971 831 2013 878 ν’

441 921 660 992 ψαλμῷ,
699 923 763 974 ,ὲν
797 915 842 990 ᾧ
878 922 1116 992 εἴρηκεν,
1170 918 1464 985 Ἐλέησόν
1481 936 1556 988 με
1582 918 1730 972 κατὰ
1766 918 1833 971 τὸ
1861 916 2016 987 μέγα

438 1012 615 1079 ἔλεός
643 1026 782 1078 σου,
823 1015 881 1066 ὲν
909 1012 1114 1074 τούτοις
1156 1010 1495 1081 ὁμολογεῖται
1535 1010 1888 1081 τετυχηκέναι
1916 1009 2014 1079 τῆς

438 1103 639 1174 εὒχῆς’
670 1104 750 1158 διὸ
780 1103 874 1157 καὶ
898 1100 1300 1172 ἐξομώογείται
1337 1101 1436 1170 οὐχ
1464 1100 1668 1165 ἁπλῶς,
1699 1101 1815 1155 ἀλλ’
1841 1102 1899 1153 ὲν
1918 1098 2013 1169 ὅλῃ

441 1196 606 1250 αὐτοῦ
635 1198 701 1267 τῇ
756 1194 970 1265 καρδίᾳ.
1016 1193 1069 1245 '0
1101 1190 1269 1258 Θεὸς,
1308 1191 1636 1261 παράνομοι
1679 1191 2014 1259 ἐπανέστη-

437 1302 563 1341 σαν
597 1288 688 1340 ἐπ’
722 1285 858 1356 ἐμὲ,
912 1284 1006 1339 καὶ
1061 1282 1380 1353 συναγωγὴ
1425 1282 1717 1351 κραταιῶν
1768 1282 2016 1351 ἐζήτησε

439 1374 558 1443 τὴν
587 1375 799 1445 ψυχήν
831 1391 971 1444 μου,
1002 1373 1100 1426 καὶ
1139 1375 1211 1427 οὐ
1236 1373 1515 1441 προέθετο
1535 1388 1609 1428 σε
1636 1374 1891 1428 ἐνώπιον
1912 1375 2017 1426 ιιὺ-

440 1467 577 1520 τῶν.
615 1468 725 1521 Καὶ
758 1467 860 1530 σὺ,
893 1467 1071 1534 Κύριε
1100 1469 1133 1520 ὀ
1171 1465 1337 1532 Θεὸς,
1367 1456 1681 1534 οἰκτίρμων
1709 1464 1805 1518 καὶ
1845 1463 2012 1531 ἐλεή-

436 1576 585 1628 μων,
629 1558 1009 1629 μακρόθυμος
1055 1556 1153 1610 καὶ
1201 1555 1530 1621 πολυέλεος
1577 1556 1678 1609 καὶ
1710 1557 2012 1624 ἀληθινός.

440 1648 775 1703 Μεταὸαλὼν
812 1647 920 1702 ἀπὸ
956 1648 1054 1719 τῆς
1097 1648 1402 1719 προσευχῆς
1439 1647 1519 1710 είς
1546 1648 1643 1719 τὴν
1687 1647 2015 1719 ἐξομολόγη-

443 1758 547 1805 σιν,
583 1741 676 1795 καὶ
703 1740 1042 1812 ὁμολογήσας
1073 1737 1150 1808 τῷ
1181 1738 1299 1809 Θεῷ
1320 1738 1417 1809 τὴν
1443 1738 1620 1810 χάριν,
1649 1739 1729 1791 ὅτι
1750 1739 2017 1811 ἐρρύσατο

440 1833 537 1902 τὴν
559 1822 735 1902 ψυχὴν
762 1830 925 1884 αὐτοῦ
947 1831 1007 1896 ἐξ
1032 1832 1156 1904 ᾅδου
1182 1829 1514 1892 κατωτάτου,
1550 1829 1895 1899 ἀπολογεῖται
1915 1833 2015 1903 τὴν

441 1922 619 1976 αἰτίαν
647 1919 982 1991 ἐξαγορεύων
1018 1921 1083 1973 δι’
1112 1921 1180 1993 ἣν
1221 1921 1458 1992 ἥμαρτε,
1486 1919 1578 1973 καί
1625 1938 1808 1991 φησιν,
1840 1921 1922 1975 ὅτι
1957 1921 2015 1988 ἐξ

439 2009 731 2080 ἐπιϐουλῆς
766 2009 975 2065 πολλῶν
1021 2011 1268 2081 ἀοράτων
1296 2010 1507 2082 ἐχθρῶν
1550 2010 1711 2064 τοῦτο
1756 2012 2013 2077 πέπονθε,

440 2100 820 2172 φθονησάντων
866 2100 1028 2156 αὐτοῦ
1049 2104 1113 2173 τῇ
1141 2101 1282 2155 κατὰ
1318 2100 1450 2154 Θεὸν
1492 2104 1759 2173 προκοπῇ.
1795 2102 1886 2155 Διό
1917 2120 2018 2174 φη-

442 2208 555 2244 σιν⁹
599 2193 661 2245 ’0
707 2194 869 2259 Θεὸς,
916 2192 1241 2261 παράνομοι
1283 2193 1709 2259 ἐπανέστησαν
1758 2194 1851 2246 ἐπ’
1891 2193 2014 2263 ἐμέ.

441 2283 504 2336 Ol
530 2283 586 2336 δὲ
617 2282 792 2336 λοιποὶ
832 2283 1030 2347 πάντες
1076 2285 1425 2354 ἐρμηνευταὶ,
1455 2284 1847 2353 ὑπερήφανοι,
1870 2287 2020 2359 εἰρή-

441 2369 588 2437 κασι,
620 2372 719 2434 τὰς
762 2374 1025 2445 ἀοράτους
1059 2375 1153 2427 καὶ
1182 2374 1563 2446 ὑπερηφάνους
1598 2374 1855 2447 δυνάμεις
1881 2378 2020 2429 αίνι-

441 2462 680 2533 ξάμενοι.
718 2464 937 2517 Ὀποίαν
966 2464 1022 2517 δὲ
1053 2463 1174 2534 βίαν
1207 2463 1474 2518 πέπονθεν
1501 2467 1534 2536 ἡ
1560 2465 1654 2519 τοῦ
1685 2466 1843 2520 Δαυῒδ
1873 2468 2017 2540 ψυχὴ

437 2555 539 2626 οὐχ
560 2556 663 2609 ὑπὸ
698 2557 826 2626 μιᾶς
857 2556 1157 2627 δυνάμεως,
1193 2556 1305 2610 ἀλλ’
1334 2558 1438 2610 ὑπὸ
1470 2559 1750 2621 πλειόνων,
1781 2557 2017 2613 διδάσκει

439 2646 612 2715 λέγων
632 2665 646 2679 ·
682 2648 791 2701 Kal
826 2646 1144 2717 συναγωγὴ
1171 2648 1463 2716 κραταιῶν
1484 2665 1497 2678 ·
1529 2650 1561 2720 ἢ
1597 2648 1673 2713 ὡς
1695 2652 1724 2703 ὁ
1769 2650 2014 2718 Ἀκύλας,

439 2737 550 2791 Καὶ
574 2738 892 2808 συναγωγὴ
936 2738 1559 2807 κατισχυρευομένωνο
1595 2740 1627 2812 ἢ
1666 2741 1742 2804 ὡς
1785 2741 2014 2813 Σύμμα-

441 2842 555 2896 χος,
587 2827 695 2878 Καὶ
746 2824 1066 2895 συναγωγὴ
1121 2825 1559 2880 άνυποστάτων
1610 2827 1859 2897 ἐζήτησε
1901 2830 2017 2900 τὴν

438 2917 652 2985 ψυχήν
673 2934 813 2986 μου.
855 2916 990 2971 Ἀλλ’
1020 2918 1054 2988 ὴ
1087 2918 1184 2988 μὲν
1215 2916 1322 2974 τῶν
1345 2917 1554 2990 ἐχθρῶν
1587 2919 1876 2993 συναγωγὴ
1897 2921 2015 2993 ea}-

438 3024 572 3079 τησε
599 3008 696 3079 τὴν
728 3008 904 3079 ψυχήν
937 3024 1059 3079 μου,
1099 3008 1173 3080 μὴ
1203 3008 1443 3081 θεμένων
1472 3009 1578 3082 πρὸ
1605 3009 1895 3081 ὀφθαλμῶν
1922 3012 2013 3065 τὸν

437 3099 593 3164 Θεὸν,
634 3101 698 3152 σὺ
727 3100 805 3164 δὲ,
846 3100 1036 3172 Κύριε,
1078 3103 1263 3173 φησιν,
1309 3103 1452 3176 ἅπερ
1500 3105 1694 3156 ἐκεῖνοι
1733 3104 1807 3175 μὴ
1842 3119 2012 3174 προσ·
2039 3129 2082 3188 c

440 3192 741 3263 εδόκησανμ
753 3193 1132 3265 συνεχώρησας
1163 3195 1255 3246 καὶ
1274 3194 1547 3265 ἐδωρήσω,
1573 3194 1873 3266 ῥυσάμενος
1906 3212 2008 3265 μου

439 3282 537 3353 τὴν
554 3282 728 3353 ψυχὴν
750 3283 812 3346 ἐξ
830 3282 956 3353 ᾅδου
990 3283 1300 3337 κατωτάτου
1319 3300 1332 3312 ’
1368 3285 1462 3338 καὶ
1482 3284 1622 3338 τοῦτ’
1653 3285 1912 3357 ἔπραξας,
1937 3285 2012 3350 ὡς

439 3372 734 3444 οἰκτίρμων
782 3373 877 3426 καὶ
907 3373 1151 3445 ἐλεήμων
1192 3377 1285 3428 καὶ
1316 3375 1665 3449 μακρόθυμος
1695 3377 1789 3430 καὶ
1822 3376 2014 3430 πολυέ-

440 3461 578 3528 λεος,
605 3463 697 3517 καὶ
724 3465 781 3517 ὲν
815 3465 948 3517 πᾶσι
980 3465 1187 3530 τούτοις
1213 3466 1464 3538 ἀληθινὸς
1503 3466 1782 3538 ὑπάρχων.

524 3580 887 3649 Ἐπίόλεψον
933 3583 1025 3635 ἐπ’
1068 3581 1172 3651 ἐμὲ
1209 3581 1307 3635 καὶ
1353 3580 1616 3650 ἐλέησόν
1650 3597 1761 3650 με’
1790 3580 1897 3648 δὸς
1945 3579 2013 3634 τὸ

439 3668 656 3737 κράτος
683 3670 763 3736 τῷ
812 3672 978 3725 παιδί
1008 3689 1145 3737 σου,
1197 3672 1296 3725 καὶ
1343 3671 1551 3726 σῶσον
1576 3673 1683 3726 τὸν
1729 3674 1864 3726 υἱὸν
1906 3670 2014 3740 τῆς

440 3760 760 3830 παιδίσκης
777 3777 911 3817 σου.
931 3764 1101 3834 Ὀρῶν
1117 3782 1204 3835 με,
1228 3781 1301 3835 φη
1309 3765 1411 3826 etv,
1428 3763 1646 3833 ἐλέησόν
1665 3781 1753 3834 με.
1765 3764 2014 3817 Δείκνυσι

438 3851 495 3904 δὲ
524 3852 714 3906 ἑαυτοῦ
739 3856 768 3907 ὁ
798 3853 958 3906 Δαυῒδ
984 3855 1081 3925 τὴν
1109 3855 1435 3908 ταπείνωσιν
1465 3855 1560 3907 καὶ
1591 3857 1690 3924 τῆς
1717 3854 1894 3925 ψυχῆς
1914 3853 2015 3925 τὴν

438 3942 702 4008 κάκωσιν,
730 3943 797 4014 ἢν
831 3944 1068 4015 παρίστη
1111 3945 1206 3998 καὶ
1239 3943 1536 4015 ἀρχόμενος
1560 3943 1661 4014 τῆς
1708 3944 2015 4015 προσευχῆς

428 4035 497 4087 ’ὲν
524 4028 605 4097 οἷς
632 4032 783 4103 ἔλεγε
800 4052 812 4064 ·
851 4034 1092 4103 Πτωχὸς
1119 4035 1218 4087 καὶ
1247 4033 1436 4101 πένης
1466 4032 1581 4103 ἐγώ
1615 4035 1750 4101 ειμι.
1791 4033 1933 4086 Ἀντὶ
1953 4031 2012 4086 δὲ

437 4124 553 4190 τοῦ,
583 4124 694 4191 Δὸς
738 4124 803 4178 τὸ
838 4124 1052 4194 κράτος
1091 4124 1172 4190 τῷ
1216 4125 1381 4178 παιδί
1425 4140 1563 4188 σου,
1616 4123 1947 4196 σαφέστερον
1984 4126 2013 4179 ὁ

439 4215 730 4287 Σύμμαχος
755 4217 1096 4289 ἡρμήνευσεν
1128 4215 1314 4281 εἰπὼν,
1349 4216 1459 4285 Δὸς
1492 4214 1676 4286 ἰσχὺν
1706 4216 1867 4283 παρὰ
1894 4213 2010 4268 σοῦ

436 4306 520 4373 τῷ
547 4307 742 4376 δούλῳ
766 4322 902 4363 σου.
937 4309 1053 4362 Ἵνα
1091 4308 1199 4381 γὰρ
1234 4309 1306 4381 μὴ
1334 4307 1697 4378 ὲξασθενὴσας
1719 4306 2008 4377 ὀλισθήσω,

442 4400 580 4470 μετὰ
623 4400 732 4453 τῶν
769 4400 941 4453 ἄλλων
986 4394 1060 4454 ὧν
1089 4401 1382 4474 παρέσχου,
1428 4399 1803 4471 δυναμωθῆναι
1849 4398 2005 4465 ἀξιῶ,

2115 554 2202 622 15)
2232 558 2484 624 quoniam
2515 560 2733 613 miseria
2758 560 2874 613 rdia
2907 573 2998 615 tua
3030 579 3222 632 magna
3263 573 3341 617 est
3383 578 3540 632 super
3571 580 3671 619 me.

2113 643 2249 699 Cum
2314 646 2459 700 enim
2514 649 2945 704 misericordiam
3011 667 3257 723 magnam
3305 652 3564 723 consequi
3618 653 3674 707 in

2114 735 2564 806 quinquagesimo
2607 740 2818 807 psalmo
2862 752 3110 811 precatus
3158 743 3248 807 sit,
3283 743 3339 797 in
3380 758 3490 814 quo
3528 742 3674 797 dice-

2115 828 2227 890 bat,
2261 828 2514 885 Miserere
2539 833 2640 885 mei
2668 833 2950 886 secundum
2982 851 3229 905 magnam
3254 836 3675 891 misericordiam

2117 927 2284 982 tuam,
2334 920 2425 975 hic
2448 936 2509 975 se
2559 931 2681 976 vota
2714 930 3022 980 assecutum
3065 925 3338 992 declarat;
3365 941 3533 997 quare
3564 942 3673 982 non

2115 1009 2454 1078 simpliciter,
2485 1012 2579 1066 sed
2629 1013 2683 1066 in
2724 1020 2839 1067 toto
2869 1014 3035 1070 corde
3062 1014 3371 1070 conﬁtetur.
3404 1047 3475 1057 -—
3506 1016 3672 1075 Vens.

2116 1100 2203 1165 H,
2244 1101 2332 1158 15.
2367 1101 2530 1168 Deus,
2564 1103 2729 1175 iniqui
2780 1108 3179 1162 insurrexerunt
3210 1123 3364 1178 super
3390 1126 3489 1176 me,
3518 1119 3568 1165 et
3588 1127 3678 1181 sg-

2116 1206 2317 1262 uagoga
2346 1196 2636 1261 potentium
2668 1198 2989 1265 quesierunt
3010 1198 3244 1252 animam
3275 1216 3465 1266 mam,
3487 1210 3538 1254 et
3571 1217 3676 1258 non

2113 1294 2492 1351 proposuerunt
2516 1294 2564 1338 te
2586 1286 2641 1338 in
2657 1297 2938 1352 conspectu
2959 1304 3073 1343 suo.
3104 1288 3173 1343 Et
3194 1301 3272 1353 tu,
3304 1291 3522 1346 Domine
3535 1291 3677 1347 Deus

2115 1374 2395 1429 miseratur
2416 1387 2469 1430 et
2500 1377 2818 1442 misericors,
2840 1379 3045 1447 patiens
3071 1388 3124 1434 et
3164 1382 3344 1437 multae
3382 1384 3677 1438 misericor-

2115 1465 2219 1519 dia:
2270 1475 2323 1520 et
2366 1483 2546 1524 uerax.
2576 1468 2713 1524 Cum
2751 1484 2818 1524 ex
2848 1470 3096 1526 oratione
3151 1472 3220 1527 ad
3275 1466 3674 1530 confessionem

2116 1569 2413 1613 conversus
2435 1566 2603 1623 esset,
2632 1558 2812 1614 fassus
2833 1576 2892 1616 se
2915 1559 3025 1616 Deo
3051 1563 3282 1633 gratiam
3309 1565 3528 1629 habere,
3547 1567 3677 1636 quia

2115 1646 2403 1716 eripuisset
2432 1649 2665 1703 animam
2690 1665 2844 1705 suam
2874 1668 2942 1708 ex
2974 1654 3187 1708 inferno
3216 1653 3458 1709 interiori
3480 1674 3495 1723 ;
3520 1658 3676 1727 quasi

2118 1739 2185 1792 ad
2216 1738 2589 1794 defensionem
2634 1757 2810 1808 suam,
2840 1757 3065 1799 causam
3102 1745 3258 1801 aﬂert
3287 1761 3387 1801 cur
3414 1762 3680 1817 peccave-

2118 1829 2208 1895 rit,
2240 1831 2603 1900 complurium
2633 1831 2992 1889 invisibilium
3033 1836 3403 1903 inimicorum,
3445 1840 3539 1909 qui
3577 1855 3679 1896 suo
3791 1851 3800 1863 '

2117 1919 2412 1974 secundum
2443 1919 2610 1975 Deum
2646 1921 2910 1991 profectui
2935 1925 3259 1993 inviderent,
3292 1929 3505 1985 insidiis
3528 1931 3580 1986 id
3613 1948 3679 1988 se

2116 2026 2438 2081 perpessum
2486 2012 2781 2070 aﬂirmans.
2815 2014 2996 2081 Quare
3023 2017 3100 2073 ait
3133 2037 3146 2073 :
3180 2018 3320 2074 Deus
3346 2060 3361 2087 ,
3391 2022 3557 2094 iniqui
3586 2025 3676 2078 in-

2115 2110 2459 2155 surrexerunt
2502 2119 2659 2170 super
2704 2120 2803 2159 me.
2840 2105 3051 2181 Reliqui
3092 2123 3222 2164 vero
3261 2125 3455 2167 omnes
3502 2113 3679 2183 inter-

2117 2202 2318 2261 pretes,
2374 2194 2603 2261 superbi,
2645 2194 2918 2261 dixerunt,
2951 2198 3252 2256 invisibiles
3303 2211 3362 2257 et
3410 2205 3677 2272 superbas

2116 2283 2345 2339 virtutes
2379 2284 2812 2343 subindicantes.
2840 2286 3012 2354 Quam
3053 2305 3217 2360 porro
3265 2291 3372 2346 vim
3421 2309 3676 2364 perpessa

2119 2373 2191 2427 sit
2220 2372 2444 2431 Davidis
2474 2378 2681 2441 anima,
2714 2394 2822 2434 non
2866 2380 2935 2434 ab
2969 2396 3076 2435 una
3107 2381 3326 2447 virtute,
3356 2385 3452 2439 sed
3483 2401 3513 2438 a
3556 2387 3673 2456 plu-

2117 2462 2290 2526 ribus,
2324 2464 2441 2535 ipse
2484 2465 2641 2521 docet
2677 2467 2761 2522 bis
2810 2469 3033 2525 verbis:
3067 2468 3136 2523 Et
3184 2486 3450 2543 synagoga
3497 2484 3679 2544 poten-

2118 2554 2286 2617 tium;
2306 2555 2419 2610 sive
2442 2565 2500 2609 ut
2520 2557 2738 2627 Aquila,
2768 2557 2835 2612 Et
2860 2576 3126 2631 synagoga
3161 2560 3558 2626 roboratorum;
3583 2573 3679 2620 aut

2117 2652 2176 2697 ut
2206 2643 2585 2717 Symmachus,
2615 2648 2683 2702 Et
2714 2666 2978 2722 synagoga
3000 2651 3410 2707 iutolcrabils'um
3440 2658 3678 2726 qua-sivit

2116 2737 2350 2792 animam
2387 2755 2575 2794 meam.
2616 2738 2816 2797 Verum
2848 2758 3119 2815 synagoga
3172 2746 3388 2816 quidem
3426 2747 3675 2804 inimico-

2114 2842 2235 2880 rum
2269 2829 2516 2897 quaesivit
2553 2831 2789 2886 animam
2829 2848 3024 2898 meam,
3075 2837 3168 2906 qui
3208 2852 3317 2892 non
3372 2834 3688 2908 posuerunt

2113 2918 2282 2976 Deum
2337 2930 2462 2978 ante
2515 2925 2703 2979 oculos
2752 2940 2883 2981 suos
2918 2945 2932 2978 :
2964 2934 3023 2982 tu
3071 2935 3272 2993 autem,
3328 2928 3572 2996 Domine,
3610 2947 3677 2988 ea

2113 3014 2457 3081 concessisti,
2480 3030 2544 3070 ea
2577 3014 2813 3081 dedisti,
2841 3033 2962 3087 quae
2993 3018 3095 3090 ipsi
3130 3035 3239 3076 non
3261 3022 3668 3091 exspectabant,

2114 3117 2239 3157 cum
2292 3103 2529 3158 animam
2555 3120 2726 3159 meam
2756 3106 2999 3163 liberasti
3038 3124 3103 3163 ex
3138 3109 3349 3166 inferno
3395 3109 3664 3169 inferiori.

2113 3191 2280 3264 idque
2309 3195 2634 3264 prastitisti,
2672 3205 2860 3268 utpote
2897 3199 3228 3266 misericors,
3268 3203 3574 3269 miserator,
3614 3213 3669 3260 et

2113 3288 2324 3357 patiens
2346 3295 2399 3343 et
2424 3289 2619 3357 multa:
2637 3290 3027 3348 misericordiae
3052 3309 3067 3348 :
3100 3293 3156 3349 in
3186 3295 3550 3369 omnibusque
3606 3298 3675 3353 iis

2113 3394 2282 3434 verax
2313 3378 2336 3433 f
2335 3379 2487 3437 nisti.

2185 3573 2352 3632 Vens.
2398 3577 2485 3632 16.
2517 3577 2732 3648 Respice
2773 3580 2827 3633 in
2852 3597 2932 3635 me
2959 3590 3009 3635 et
3040 3581 3281 3637 miserere
3310 3584 3411 3638 mei
3439 3582 3551 3647 ;da
3578 3583 3678 3638 ἕως

2110 3667 2315 3735 perium
2336 3684 2497 3735 puero
2533 3677 2643 3732 tuo,
2670 3680 2720 3722 et
2744 3669 2954 3724 salvum
2981 3670 3070 3740 [ac
3101 3671 3273 3741 ﬁlium
3297 3675 3506 3727 ancilla:
3545 3682 3674 3739 tum,

2113 3757 2457 3829 Respiciens,
2494 3760 2689 3829 inquit,
2732 3776 2838 3826 me,
2894 3764 3153 3821 miserere
3191 3765 3318 3820 mei.
3353 3764 3453 3821 Hic
3509 3781 3676 3837 porro

2117 3846 2285 3902 David
2320 3849 2682 3904 humilitatem
2715 3865 2869 3906 suam
2900 3860 2958 3907 et
3004 3853 3171 3908 animi
3201 3854 3548 3912 aﬂlictionem
3579 3872 3676 3912 ex-

2113 3939 2286 4005 hibet,
2319 3955 2482 4010 quam
2521 3941 2649 3994 item
2690 3941 2745 3995 in
2772 3943 3041 3999 orationis
3083 3944 3311 4000 exordio
3355 3947 3673 4016 declaravit,

2113 4046 2238 4088 cum
2259 4030 2488 4095 diceret,
2521 4030 2682 4101 Inops
2714 4042 2763 4087 et
2788 4048 2987 4103 pauper
3022 4051 3140 4089 sum
3175 4052 3288 4107 ego.
3314 4035 3422 4091 Pro
3450 4037 3545 4092 illo
3575 4053 3674 4091 au-

2111 4130 2243 4185 tem,
2272 4121 2359 4176 Da
2381 4123 2659 4192 imperium
2698 4140 2858 4194 puero
2893 4133 3004 4192 tuo,
3034 4128 3274 4193 apertius
3314 4126 3676 4199 Symmachus
3786 4190 3798 4201 ,

2113 4212 2502 4283 interpretatus
2529 4220 2614 4268 est
2663 4213 2750 4270 his
2782 4214 2962 4270 verbis
2994 4233 3009 4271 :
3057 4215 3142 4271 Da
3180 4215 3341 4272 robur
3377 4235 3411 4272 α
3450 4227 3500 4272 te
3526 4235 3675 4273 seruo

2113 4311 2222 4357 tuo.
2251 4301 2532 4373 Siquidem
2580 4318 2650 4358 ne
2677 4318 2745 4358 ex
2790 4304 3104 4363 inﬁrmitate
3140 4323 3379 4378 peream,
3402 4323 3525 4363 cum
3550 4309 3675 4364 aliis

2112 4410 2233 4465 qua:
2258 4395 2488 4467 largitus
2516 4413 2598 4462 es,
2625 4397 2789 4452 etiam
2827 4397 3078 4453 roborari
3106 4415 3194 4455 me
3221 4400 3470 4471 postulo,
3509 4410 3568 4455 ut
3605 4417 3677 4457 ne

438 4492 575 4562 πρὸς
618 4492 678 4544 τὸ
718 4491 792 4563 μὴ
826 4489 981 4556 αὖθις
1028 4492 1536 4563 καταπαλαισθῆναι
1576 4491 1681 4546 ὑπὸ
1711 4493 1809 4564 τῆς
1846 4508 2010 4545 συνα-

2116 4488 2310 4541 iterum
2336 4487 2620 4559 impugner
2648 4503 2974 4560 asynagoga
3000 4491 3320 4560 potentium.
3361 4489 3454 4547 Sic
3481 4491 3676 4548 robore

438 4580 625 4650 γωγῆς
666 4580 774 4632 τῶν
826 4581 1118 4652 κραταιῶν.
1180 4581 1333 4634 Οὕτω
1374 4581 1433 4635 δέ
1483 4598 1550 4652 με
1595 4581 2012 4654 ἰσχυροποιήσας

441 4669 654 4734 σώσεις,
681 4670 756 4735 ὡς
788 4672 852 4725 ἄν
878 4688 970 4724 σου
993 4670 1175 4724 δοῦλον
1202 4673 1510 4742 γενόμενον,
1538 4671 1651 4725 υἱὸν
1681 4671 1738 4725 δὲ
1761 4672 1860 4742 τῆς
1887 4688 2014 4725 παι-

438 4759 627 4831 δίσκης
662 4777 776 4827 σου,
809 4761 926 4830 ἦτοι
981 4762 1079 4831 τῆς
1118 4762 1438 4834 Ἑκκλησίας
1469 4781 1584 4827 σου,
1614 4762 1647 4835 ἢ
1694 4764 1788 4817 καὶ
1817 4762 1916 4833 τῆς
1954 4763 2013 4815 ὲν

440 4853 505 4922 τῇ
523 4851 664 4907 κατὰ
682 4852 813 4906 Θεὸν
830 4852 1044 4925 παιδείᾳ
1058 4852 1401 4926 θρεψαμένης
1414 4855 1574 4909 αὑτὸν
1598 4854 1821 4927 μητρός.
1845 4852 2016 4920 Heln-

439 4958 556 4998 σον
574 4946 701 5014 μετ’
738 4945 883 5014 ἐμοῦ
914 4945 1163 5015 σημεῖον
1196 4948 1283 5012 εἰς
1308 4946 1552 5015 ἀγαθὸν,
1590 4947 1688 5000 καὶ
1724 4944 2015 4999 ὶδέτωσαν

439 5039 496 5091 οἱ
529 5038 853 5108 μισοῦντές
884 5056 984 5107 με,
1044 5038 1143 5092 καὶ
1190 5039 1715 5109 αἱσχυνθήτωσαν,
1771 5037 1862 5091 ὅτι
1905 5035 2010 5099 σὺ,

441 5134 652 5200 Κύριε,
706 5132 1043 5208 ἐᾷοήθησάς
1096 5150 1219 5201 μοι,
1283 5130 1382 5185 καὶ
1439 5128 1861 5198 παρεκάλεσάς
1915 5142 2013 5213 με.

444 5225 654 5296 Ὠσπερ
682 5224 762 5277 τῶ
788 5226 926 5278 Κάῖν
972 5226 1194 5295 σημεῖον
1234 5222 1385 5276 ἔθετο
1413 5223 1441 5276 ὁ
1464 5222 1595 5284 Θεὸς
1622 5222 1720 5290 τῆς
1750 5219 2012 5291 πονηρίας

442 5315 608 5370 αὐτοῦ
625 5315 937 5386 δηλωτικὸν,
961 5315 1097 5387 ὅπερ
1115 5316 1336 5384 σημεῖον
1358 5313 1406 5365 οἱ
1427 5309 1752 5384 θεωροῦντες
1769 5310 2012 5383 εἴργοντο

442 5406 537 5462 τοῦ
563 5407 766 5461 ἀνελεῖν
798 5406 979 5469 αὐτὸν,
1006 5406 1094 5460 διὰ
1123 5407 1183 5460 τὸ
1205 5409 1381 5476 κρῖναι
1411 5405 1502 5458 τὸν
1526 5402 1658 5457 Θεὸν
1692 5402 1895 5456 στένειν
1917 5404 2011 5457 καὶ

444 5497 662 5570 τρέμειν
699 5495 861 5550 αὑτὸν
893 5496 985 5549 ἐπὶ
1015 5495 1120 5566 γῆς
1139 5512 1152 5525 ·
1187 5494 1329 5549 οὕτω
1376 5495 1469 5548 καὶ
1507 5495 1622 5556 τοῖς
1664 5492 1886 5555 τελείοις
1911 5493 2011 5546 αὖ·

443 5588 538 5643 τοῦ
566 5589 785 5661 σημεῖον
808 5588 888 5651 εἰς
915 5586 1115 5657 ἀγαθὸν
1136 5585 1366 5649 δίδωσιν,
1388 5588 1524 5655 ὅπερ
1554 5585 1806 5659 ὁρῶντες,
1834 5585 1883 5638 οἱ
1911 5584 2008 5657 μὲν

517 5753 563 5783 ’⁸
590 5751 743 5805 Prov.
774 5764 884 5813 xw,
912 5746 1005 5803 25.
1082 5748 1126 5780 ⁷⁸
1165 5747 1300 5802 Gzen.
1335 5761 1407 5819 ιν,
1449 5746 1530 5803 l5.

2114 4579 2301 4634 addito
2332 4596 2415 4635 me
2440 4581 2708 4647 servabis,
2726 4588 2913 4653 utpote
2944 4596 3162 4637 servum
3195 4590 3368 4649 tuum;
3389 4582 3554 4638 tilium
3583 4600 3676 4638 an-

2113 4670 2253 4724 cilla:
2305 4678 2442 4733 ture,
2485 4672 2600 4727 sive
2645 4670 2903 4727 Ecclesia;
2950 4678 3091 4738 tuae;
3122 4673 3204 4727 vel
3249 4673 3439 4728 matris
3470 4689 3592 4744 quae
3618 4675 3674 4730 in

2114 4769 2266 4816 recto
2291 4763 2593 4818 secundum
2624 4762 2798 4819 Deum
2836 4763 3091 4819 instituto
3123 4764 3300 4834 ipsum
3329 4764 3677 4822 educavit.—

2115 4855 2283 4912 sts.
2318 4855 2408 4911 17.
2444 4854 2559 4909 Fac
2592 4872 2794 4911 mecum
2822 4856 3032 4926 signum
3061 4857 3119 4909 in
3147 4856 3358 4925 bonum,
3381 4867 3431 4912 et
3462 4859 3675 4915 uideant

2109 4948 2202 5017 qui
2238 4948 2459 5001 oderunt
2480 4963 2581 5012 me,
2615 4956 2666 5002 et
2715 4944 3130 5016 confundantur,
3158 4948 3409 5017 quoniam
3449 4959 3528 5015 tu,
3563 4948 3674 5005 Do.

2113 5039 2270 5105 mine,
2288 5038 2538 5108 adjunisti
2560 5054 2640 5092 me
2665 5047 2715 5091 et
2743 5036 3044 5092 consolatus
3068 5053 3121 5091 es
3162 5053 3263 5093 me.
3310 5038 3677 5107 Quemadmo-

2113 5129 2243 5183 dum
2295 5129 2467 5184 Caino
2505 5128 2723 5199 signum
2783 5130 2967 5197 posuit
3015 5125 3180 5193 Deus,
3221 5129 3476 5199 nequitiae
3525 5129 3672 5185 illius

2112 5218 2398 5281 indicium,
2430 5219 2573 5289 quod
2602 5217 2820 5286 signum
2855 5216 2951 5285 qui
2983 5214 3257 5281 videbant,
3280 5217 3348 5271 ab
3374 5231 3441 5272 eo
3465 5216 3673 5272 interii-

2112 5310 2307 5366 ciendo
2328 5312 2660 5366 arcebantur
2679 5310 2746 5375 ⁷⁸,
2768 5311 2895 5381 quia
2922 5309 3067 5366 Deus
3095 5310 3412 5365 decreverat
3438 5318 3498 5364 ut
3523 5310 3673 5381 inge-

2110 5404 2365 5461 misceret
2393 5410 2447 5459 et
2486 5410 2741 5457 tremeret
2769 5418 2935 5473 super
2963 5412 3162 5458 terram
3200 5421 3213 5457 :
3246 5402 3327 5457 sic
3362 5402 3525 5457 etiam
3551 5418 3671 5474 per-

2108 5493 2268 5551 fectis
2320 5494 2434 5549 suis
2473 5493 2686 5564 signum
2716 5494 2810 5549 dat
2854 5493 2910 5549 in
2937 5493 3164 5557 bonum,
3196 5491 3342 5562 quod
3379 5499 3672 5551 cernentes

2109 5586 2266 5640 amici
2312 5583 2584 5656 gaudent;
2626 5582 2834 5639 inimici
2863 5598 2994 5641 vero
3039 5591 3092 5638 et
3118 5582 3211 5655 qui
3251 5582 3483 5639 oderunt
3517 5597 3672 5651 eum.
