4066 6380
339 367 508 425 “1039

1079 354 1348 417 EUSEBII
1383 350 1859 413 CaESABIENSlS
1892 349 2044 409 OPP.
2084 342 2265 405 PARS
2296 344 2390 404 111.
2431 375 2502 387 --
2539 339 2956 399 EXEGETICA.

3477 339 3616 398 1040

369 480 577 554 pudore
635 473 961 538 abiciuntur,
1018 491 1046 530 a
1103 476 1261 547 signo
1305 472 1568 529 indicium
1624 471 1925 531 habentes,

2047 465 2173 536 ρίλοι
2199 463 2500 535 χαίρουσιν,
2532 457 2581 510 οἱ
2611 456 2668 510 δὲ
2697 454 2883 527 ἐχθροὶ
2914 451 3011 506 καὶ
3036 450 3088 505 οἱ
3125 448 3413 522 μισοῦντες
3435 449 3620 521 αἱσχὺ-

367 575 549 646 ipsutn
598 570 654 624 in
705 567 975 638 ejusmodi
1027 581 1160 623 casu
1207 565 1414 621 auxilio
1455 573 1509 619 et
1559 561 1934 619 consolatione

366 654 592 720 muniri.
618 661 684 716 Et
720 661 948 716 fortasse
978 661 1211 715 inimicae
1247 659 1496 722 virtutes,
1527 657 1742 727 signum
1763 654 1935 707 Caino

369 754 685 825 impasitum
710 761 1018 817 cernentes,
1058 750 1388 823 gaudebant,
1424 748 1572 821 quod
1629 748 1841 803 soleant
1867 744 1936 801 de

371 845 565 901 alienis
608 846 779 900 laetari
815 843 1006 911 malis;
1039 842 1216 913 angeli
1246 856 1376 896 vero
1400 839 1497 895 Dei
1530 838 1599 894 de
1631 838 1725 892 illo
1753 850 1936 908 geme-

368 937 524 1001 bant,
560 951 627 990 ex
648 935 806 1005 signo
837 934 1236 1004 impendentem
1284 932 1363 987 illi
1392 947 1423 985 a
1456 930 1568 985 Deo
1596 929 1733 983 iram
1771 942 1937 999 agno-

371 1038 610 1087 scentes.
640 1028 709 1082 At
735 1027 789 1081 in
824 1027 1079 1098 religiosa
1115 1026 1297 1081 anima
1332 1022 1668 1079 contrarium
1699 1018 1932 1086 accidit;

369 1120 606 1177 inimica:
629 1118 832 1189 quippe
850 1117 1079 1172 virtutes
1110 1113 1540 1176 confunduntur,
1570 1112 1773 1167 bonum
1802 1109 1936 1166 illud

370 1214 586 1283 signum
615 1209 672 1264 in
702 1209 819 1280 ipsa
848 1208 1085 1279 positum
1107 1205 1541 1276 conspicientes;
1565 1202 1734 1258 divini
1757 1209 1936 1257 autem

366 1314 421 1357 et
461 1302 594 1358 boni
648 1301 825 1371 angeli
861 1299 1099 1371 gaudent
1126 1305 1181 1353 et
1207 1297 1558 1368 gratulantur
1590 1294 1661 1350 ei.
1696 1292 1936 1364 ldipsum

367 1394 558 1446 docuit
589 1390 841 1446 Salvator
870 1399 1056 1445 noster
1077 1389 1286 1452 dicens,
1310 1387 1567 1457 gaudium
1592 1400 1714 1441 esse
1746 1385 1801 1439 in
1827 1399 1940 1440 cm-

369 1470 439 1538 lis
473 1498 641 1554 super
682 1496 792 1536 uno
822 1491 1109 1552 peccatore
1131 1477 1510 1550 pccnitentiam
1539 1483 1733 1547 agente
1758 1475 1826 1533 ".

549 1766 600 1821 1.
628 1763 827 1818 FlLllS
853 1761 1057 1829 CORE,
1091 1760 1410 1818 PS.\LMUS
1447 1758 1742 1816 CANTICI.

1006 1856 1290 1911 LXXXVI.

445 1950 613 2008 Vens.
650 1950 769 2006 2-6.
806 1948 1173 2004 Fundamenta
1203 1949 1315 2019 ejus
1336 1949 1389 2003 in
1418 1950 1679 2004 montibus
1701 1949 1899 2003 sanctis
1922 1964 1940 2000 :

374 2044 548 2115 diligit
574 2043 832 2097 Dominus
857 2050 1036 2110 portas
1056 2040 1185 2096 Sion
1215 2057 1374 2111 super
1400 2042 1581 2095 omnia
1602 2040 1945 2094 tabernacula

372 2134 563 2191 Iacob.
603 2134 849 2189 Gloriosa
870 2135 1018 2188 dicta
1034 2142 1156 2188 sunt
1178 2134 1241 2186 de
1269 2144 1338 2195 te,
1370 2133 1555 2187 civitas
1590 2131 1709 2187 Dei.
1744 2132 1947 2187 Memo-

374 2228 505 2282 rabo
522 2226 706 2281 Rahab
732 2235 783 2280 et
805 2224 1143 2296 Babylonem,
1163 2226 1445 2280 scientibus
1472 2241 1571 2279 me.
1592 2223 1706 2279 Pro
1722 2224 1838 2287 illo,
1862 2222 1949 2277 Fi-

376 2322 462 2375 liis
479 2320 630 2383 Core,
648 2320 841 2388 Aquila
858 2330 908 2375 et
927 2318 1306 2389 Symmachus,
1326 2317 1583 2371 Filiorum
1600 2316 1752 2382 Core,
1771 2316 1950 2371 edide-

375 2416 525 2476 runt,
544 2413 698 2482 quasi
715 2412 954 2481 psalmus
970 2411 1039 2465 ab
1055 2410 1119 2466 iis
1132 2410 1467 2482 compositus
1485 2409 1576 2473 sit,
1592 2411 1677 2465 vel
1698 2409 1765 2463 ab
1780 2408 1848 2464 iis
1865 2424 1951 2463 rc-

376 2505 597 2567 citatus,
623 2519 730 2558 non
753 2504 913 2558 modo
925 2518 1046 2557 cum
1074 2503 1352 2574 psalterio,
1381 2502 1475 2557 sed
1496 2503 1657 2557 etiam
1675 2518 1798 2557 cum
1822 2518 1950 2559 can-

377 2597 509 2650 tico.
536 2594 672 2650 Cum
705 2604 887 2649 autem
930 2610 1141 2649 mecum
1177 2602 1486 2666 reputarem
1519 2608 1626 2664 qua
1675 2593 1743 2650 de
1782 2610 1951 2650 causa

377 2690 569 2760 psalmi
588 2687 682 2761 qui
706 2688 970 2743 Filiorum
993 2686 1388 2758 Coreinscripti
1408 2694 1536 2742 sunt
1560 2704 1666 2743 non
1689 2704 1797 2743 una
1818 2703 1955 2743 con-

375 2782 550 2851 juncti
573 2782 703 2845 sint,
718 2782 812 2838 sed
835 2783 1007 2852 primo
1021 2780 1310 2851 separatim
1331 2781 1490 2851 positi
1515 2795 1544 2834 a
1560 2795 1743 2843 xu,ac
1763 2796 1953 2836 rursus

380 2873 488 2928 duo
502 2873 732 2929 scorsim
758 2873 946 2936 locati,
969 2886 1161 2942 nempe
1185 2886 1392 2926 Lxxxtu
1413 2881 1466 2927 et
1482 2886 1701 2936 uxxw,
1726 2874 1953 2925 iterum-

381 2980 488 3035 que
513 2962 605 3017 alii
628 2964 759 3029 duo,
791 2963 1002 3019 scilicet
1022 2962 1113 3017 hic
1145 2977 1307 3032 quem
1340 2969 1642 3017 tractamus
1677 2969 1731 3016 et
1764 2963 1955 3018 subse-

381 3071 587 3127 quens;
617 3063 672 3111 et
709 3070 810 3110 cur
831 3054 886 3109 in
924 3053 1108 3109 medio
1137 3053 1366 3108 istorum
1400 3053 1611 3123 positus
1648 3053 1720 3109 sit
1748 3068 1950 3114 ωιτη,

2035 572 2234 620 νονται,
2261 552 2545 623 γνώρισμα
2585 547 2846 610 λαϐόντες
2875 545 2964 599 διὰ
2994 543 3089 597 τοῦ
3121 543 3373 615 σημείου,
3417 543 3500 595 ὅτι
3532 542 3621 611 βε-

2034 649 2296 722 ϐοήθηται
2319 645 2414 700 καὶ
2440 639 2856 714 παρακέκληται
2874 637 2966 690 ἐπὶ
2992 634 3072 707 τῷ
3096 632 3487 706 συμϐεϐηκότι.
3510 632 3622 688 Καὶ

2033 744 2172 814 τάχα
2204 739 2299 794 ἐπὶ
2346 737 2445 810 μὲν
2468 733 2564 792 τοῦ
2608 732 2750 788 Κάῖν
2779 732 2838 785 αἱ
2883 728 3076 801 ἐχθραὶ
3104 726 3382 797 δυνάμεις,
3413 724 3622 797 ὁρῶσαι

2033 837 2094 891 τὺ
2139 831 2384 889 ὲπιτεθὲν
2414 827 2565 899 αὐτῷ
2614 826 2839 897 σημεῖον
2869 822 2976 876 ὑπὸ
3000 818 3100 875 τοῦ
3137 818 3294 884 Θεοῦ,
3329 817 3622 888 ἐπέχαιρον

2033 927 2202 1001 αὐτῷ,
2241 926 2338 981 ἆτε
2384 917 2865 993 ἐπιχαιρησίκακοι
2907 908 3098 968 οὖσαν
3140 911 3191 965 οἱ
3237 910 3294 964 δὲ
3337 908 3431 963 τοῦ
3483 906 3625 962 Θεοῦ

2034 1019 2252 1091 ἄγγελοι
2284 1004 2573 1071 ἐπέστενον
2602 1007 2753 1079 αὐτῷ
2772 1006 2861 1061 διὰ
2884 1005 2980 1060 τοῦ
3011 1003 3235 1077 σημείου
3258 1003 3359 1075 τὴν
3379 1002 3619 1073 ἐπηρτη-

2039 1111 2208 1184 μένην
2236 1108 2385 1178 αὑτῷ
2428 1107 2494 1159 ὲκ
2535 1101 2671 1157 Θεοῦ
2699 1100 2869 1172 ὀργὴν
2906 1095 3375 1167 ἐπιγινώσκοντες.
3410 1093 3535 1149 Ἐπὶ
3558 1092 3619 1147 δὲ

2034 1205 2137 1277 τῆς
2167 1199 2446 1273 θεοφιλοῦς
2476 1195 2657 1268 ψυχῆς
2677 1191 3006 1256 τούναντίον,
3032 1192 3089 1244 αἱ
3120 1189 3218 1261 μὲν
3244 1187 3435 1259 ἐχθραὶ
3464 1185 3617 1240 δυνά·

2041 1315 2163 1370 μοις
2198 1291 2649 1364 καταισχύνονται
2679 1285 2743 1340 τὸ
2772 1283 2975 1354 ἀγαθὸν
3010 1284 3237 1354 σημεῖον
3281 1277 3622 1348 ἐπικείμενον

2037 1388 2243 1461 ὁρῶσαι
2268 1386 2405 1456 αὐτῇ
2424 1401 2436 1414 ·
2464 1382 2514 1449 οἱ
2542 1380 2600 1434 δὲ
2629 1378 2762 1432 θεῖοι
2792 1377 2886 1431 καὶ
2899 1375 3105 1444 ’ἁγαθοὶ
3130 1371 3352 1443 ἄγγελοι
3377 1370 3624 1443 χαίρουσι

2038 1482 2133 1537 καὶ
2157 1474 2631 1550 συνευφραίνονται
2661 1471 2820 1541 αὐτῇ.
2856 1468 3026 1523 Τοῦτο
3068 1467 3165 1521 καὶ
3192 1468 3221 1520 6
3243 1465 3436 1536 Σωτὴρ
3468 1462 3626 1550 ἡμῶν

2040 1569 2278 1635 ἐδίδαξεν
2311 1549 2501 1631 εἰπὼν,
2534 1563 2709 1635 χαρὰν
2733 1560 3012 1630 γίγνεσθαι
3046 1560 3106 1613 ἐν
3126 1560 3240 1622 τοῖς
3264 1557 3513 1628 οὐρανοῖς
3535 1549 3627 1608 ἐπὶ

2040 1664 2120 1719 ἑνὶ
2147 1658 2452 1734 ἁμαρτωλῷ
2478 1652 2850 1728 μετανοοῦντι.

2218 1770 2373 1824 ΤΟῙΣ
2408 1767 2591 1822 ΥΙΟΙΣ
2626 1765 2831 1828 ΚΟΡΕ,
2870 1761 3161 1816 ΨΑΛΜΟΣ
3199 1759 3391 1833 ῼΔΗΣ.

2611 1897 2617 1903 .
2760 1858 2905 1925 aq".

2120 1960 2185 2011 Ol
2221 1955 2479 2026 θεμέλιοι
2525 1950 2713 2008 αὑτοῦ
2765 1951 2835 2005 ὲν
2874 1949 3000 2016 τοῖς
3053 1949 3219 2016 ὄρεσι
3263 1946 3387 2014 τοῖς
3408 1946 3627 2017 ἁγίοις·

2046 2048 2248 2120 ἀγαπᾷ
2291 2049 2507 2116 Κύριος
2536 2047 2641 2113 τὰς
2667 2046 2865 2111 πύλας
2914 2041 3070 2100 Σιὼν
3116 2039 3272 2109 ὑπὲρ
3318 2037 3515 2093 πάντα
3561 2036 3633 2092 τὰ

2046 2141 2409 2213 σκηνώματα
2455 2139 2677 2195 Ἰακώϐ.
2730 2135 3150 2206 Δεδοξασμένα
3189 2133 3456 2203 ἐλαλήθη
3498 2133 3632 2200 περὶ

2047 2238 2187 2301 σοῦ,
2230 2237 2271 2303 ἢ
2306 2237 2482 2302 πόλις
2505 2233 2613 2288 τοῦ
2647 2231 2817 2287 Θεοῦ.
2851 2230 3293 2300 Μνησθήσομαι
3329 2229 3512 2283 Ῥαὰϐ
3535 2226 3633 2280 καί

2050 2323 2405 2394 Βαϐυλῶνος
2443 2326 2569 2393 τοῖς
2616 2323 2985 2396 γινώσκουσί
3022 2338 3118 2392 με.
3158 2321 3303 2373 Ἀντὶ
3345 2318 3463 2386 τοῦ,
3505 2317 3634 2384 Τοῖς

2049 2422 2202 2489 υἱοῖς
2251 2425 2426 2489 Κορὲ,
2459 2420 2491 2473 6
2525 2417 2756 2482 Ἀκύλας
2806 2417 2900 2471 καὶ
2948 2415 3265 2486 Σύμμαχος,
3320 2412 3445 2470 Τῶν
3486 2410 3637 2467 υἱῶν

2050 2514 2222 2582 Κορὲ,
2275 2512 2657 2575 ὲκδεδὼκασιν,
2696 2510 2773 2573 ὡς
2814 2509 2906 2562 ὑπ’
2943 2508 3124 2562 αὐτῶν
3174 2506 3565 2578 πεποιημένου,
3598 2506 3632 2576 ἢ

2049 2606 2139 2661 διὰ
2168 2605 2372 2659 τούτων
2406 2602 2695 2676 εἰρημένου
2727 2600 2824 2655 τοῦ
2865 2597 3083 2671 ψαλμοῦ
3117 2599 3212 2652 καὶ
3239 2597 3546 2670 λεχθέντος,
3574 2597 3637 2651 ού

2062 2693 2222 2765 μόνον
2251 2692 2340 2746 διὰ
2359 2691 2680 2764 ψαλτηρίου,
2712 2689 2848 2745 ἀλλὰ
2882 2689 2976 2743 καὶ
3014 2691 3131 2760 μετ’
3167 2689 3332 2760 ᾠδῆς.
3360 2687 3549 2759 Ζητῶν
3581 2686 3639 2741 δὲ

2055 2789 2185 2860 παρ’
2219 2784 2463 2858 ἐμαυτῷ,
2491 2784 2598 2838 τίνι.
2613 2784 2756 2855 λόγῳ
2790 2785 2863 2856 μὴ
2888 2783 3088 2845 πάντες
3115 2777 3256 2853 ἦσαν
3289 2781 3374 2851 ἐφ’
3409 2780 3490 2834 ἑνὶ
3516 2797 3640 2834 συν-

2054 2878 2292 2955 ημμένοι
2312 2878 2361 2932 οἱ
2383 2877 2850 2955 επιγεγραμμὲνοι
2876 2875 3000 2929 Τῶν
3024 2874 3171 2931 υἱῶν
3184 2874 3354 2944 Κορὲ,
3369 2873 3483 2928 ἀλλ’
3499 2872 3641 2927 οὕτω

2059 2953 2158 3041 μὲν
2179 2969 2323 3035 ἰδίως
2343 2953 2551 3041 πρῶτοι
2567 2971 2617 3023 οἱ
2643 2969 2751 3023 ἀπὸ
2775 2967 2872 3022 τοῦ
2891 2974 3002 3038 μα”
3032 2967 3129 3022 καὶ
3148 2967 3310 3021 πάλιν
3336 2967 3481 3032 ἰδίως
3500 2966 3645 3036 ἀφω-

2062 3064 2304 3135 ρισμένοι
2331 3062 2423 3116 δύο
2449 3065 2477 3115 6
2501 3068 2611 3132 πγ’,
2635 3061 2722 3116 ὁδ’
2737 3062 2831 3115 καὶ
2850 3066 2904 3114 π’
2928 3076 2943 3092 ⁸
2963 3061 3056 3114 καὶ
3087 3059 3249 3113 πάλιν
3268 3060 3447 3131 ἕτεροι
3478 3057 3591 3125 δύο,
3610 3057 3644 3111 6

382 3150 710 3220 inscriptus,
761 3147 951 3203 Oratio
991 3145 1212 3201 Davidis
1244 3163 1262 3199 :
1292 3162 1399 3214 qua
1449 3146 1517 3202 de
1555 3162 1615 3202 re
1659 3161 1780 3217 quae
1835 3154 1947 3200 tum

2060 3156 2199 3227 μετὰ
2223 3158 2409 3228 χεῖρας
2431 3157 2525 3209 καὶ
2544 3157 2573 3208 6
2595 3154 2721 3225 ἑξῆς
2737 3152 2903 3224 αὐτῷ·
2931 3152 3096 3223 μέσος
3116 3152 3174 3205 δὲ
3191 3149 3645 3224 παρεμϐεϐληται

384 3240 801 3305 succurrebant,
831 3239 886 3293 in
936 3246 1334 3308 postremorum
1380 3237 1744 3307 evplicatione
1791 3250 1821 3289 a
1868 3250 1956 3290 me

381 3332 494 3403 jam
532 3331 731 3384 tradita
753 3335 901 3384 sunt.
937 3326 1110 3384 Secus
1135 3328 1367 3382 fortasse
1407 3327 1679 3396 quispiam
1712 3325 1957 3388 dixerit;

383 3437 578 3492 nempe
607 3435 799 3474 omnes
835 3420 925 3490 qui
963 3419 1017 3473 in
1064 3419 1203 3474 libro
1229 3416 1572 3471 Psalmorum
1603 3416 1874 3479 feruntur,
1923 3432 1955 3470 a

386 3514 628 3571 diversis
650 3513 783 3569 viris
824 3511 1143 3582 prophetico
1176 3510 1386 3581 Spiritu
1418 3509 1612 3566 amatis
1638 3511 1961 3580 pronuntia-

386 3614 494 3671 tos,
525 3605 818 3676 separatim
852 3606 1064 3674 positos
1098 3602 1290 3668 fuisse,
1327 3610 1441 3657 tum
1474 3602 1604 3672 quia
1631 3618 1741 3657 non
1763 3600 1956 3657 eodem

389 3707 635 3766 tempore
662 3695 817 3761 dicti,
847 3705 962 3749 tum
1008 3696 1141 3766 quia
1167 3710 1278 3750 non
1309 3695 1378 3749 ab
1418 3693 1610 3750 iisdem
1639 3694 1961 3765 prophetico

387 3787 721 3858 pronuntiati
781 3786 1017 3841 fuerant.
1078 3787 1123 3841 Α
1170 3786 1441 3857 principio
1496 3786 1680 3856 itaque
1734 3786 1957 3857 quidam

2060 3248 2268 3303 τούτων
2291 3251 2319 3302 6
2338 3254 2421 3302 πε⁹
2446 3244 2924 3322 ἐπιγεγραμμένος
2947 3242 3266 3312 Προσευχὴ
3303 3241 3412 3296 τοῦ
3436 3241 3639 3295 Δαυΐδ·

2058 3339 2128 3393 τὰ
2156 3341 2254 3411 μὲν
2280 3340 2404 3411 ἐμοὶ
2428 3338 2782 3411 παραστάντα
2803 3337 2883 3400 εἰς
2905 3336 3003 3405 τὴν
3031 3335 3142 3388 τῶν
3163 3334 3485 3390 τελευταίων
3510 3333 3646 3388 θεω-

2062 3431 2186 3504 ρίαν
2234 3429 2323 3484 διὰ
2368 3429 2476 3483 τῶν
2517 3427 2821 3500 εἰρημένων
2869 3427 2970 3499 ἢδη
3017 3427 3283 3499 πρότερον
3329 3426 3642 3499 δεδήλωται.

2058 3521 2218 3577 Εἴποι
2250 3521 2297 3576 δ’
2322 3520 2387 3576 ἄν
2412 3538 2497 3585 τις
2526 3520 2620 3574 καὶ
2652 3520 2845 3586 ἄλλως,
2866 3520 2947 3573 ὃτι
2981 3519 3180 3582 πάντες
3203 3521 3254 3573 oi
3283 3520 3341 3573 ὲν
3379 3521 3446 3589 τῇ
3479 3517 3647 3590 βίϐλῳ

2060 3614 2167 3670 τῶν
2193 3612 2440 3685 Ψαλμῶν
2481 3613 2769 3684 φερόμενοι
2797 3611 2966 3682 λόγοι,
3004 3613 3110 3666 ὑπὸ
3134 3611 3407 3685 διαφόρων
3441 3611 3648 3684 ἀνδρῶν

2062 3704 2386 3779 προφητικῷ
2426 3704 2705 3776 Πνεύματι
2746 3703 3118 3776 λελαλημένοι,
3162 3704 3453 3769 ἰδιάζοντες
3486 3699 3648 3776 ἦσαν,

2059 3797 2137 3862 ὡς
2165 3797 2230 3851 ἂν
2258 3798 2394 3868 μήτε
2428 3798 2518 3866 ὑφ’
2549 3798 2645 3851 ἕνα
2675 3798 2865 3870 καιρὸν
2902 3796 3204 3867 λεχθέντες,
3243 3799 3380 3868 μήτε
3411 3796 3516 3850 ὑπὸ
3542 3796 3652 3850 τῶν

390 3877 557 3933 Hosis
608 3878 908 3946 inscriptus
948 3876 1089 3944 fuit,
1145 3877 1237 3932 alii
1292 3876 1522 3947 Asapbi,
1573 3876 1666 3931 alii
1710 3875 1947 3940 Davidis,

2062 3891 2242 3944 αὐτῶν
2283 3889 2775 3962 προφητευθέντες.
2829 3889 3039 3943 Αὐτίκα
3066 3888 3199 3958 γοῦν
3247 3886 3651 3961 ὲπιγέγραπταί

389 3983 534 4025 unus
577 3965 908 4032 Salomonis,
945 3967 1162 4025 Etbam
1211 3968 1480 4024 Esdraitae
1516 3980 1735 4038 quoque
1782 3966 1947 4022 alius:

2062 3999 2148 4046 τις
2190 3983 2488 4047 Μωῦσέως,
2518 3982 2615 4036 καὶ
2661 3981 2840 4054 ’ἑτεροι
2877 3980 2973 4035 τοῦ
3018 3981 3209 4050 Ἀσὰφ,
3242 3978 3454 4034 καὶτοῦ
3490 3978 3655 4034 Δαυῒὸ

390 4060 547 4115 multi
582 4074 711 4116 vero
743 4066 937 4129 praeter
966 4060 1131 4116 hosce
1156 4059 1517 4130 inscriptione
1538 4064 1726 4114 carent
1752 4097 1768 4122 ,
1804 4057 1879 4112 ita
1902 4067 1947 4112 ul

2062 4073 2224 4128 πάλιν
2257 4072 2454 4146 ἕτεροι,
2483 4073 2578 4126 καὶ
2606 4071 2635 4123 6
2667 4071 3008 4142 Σολομῶντος
3037 4070 3215 4135 ἄλλος,
3256 4074 3349 4125 καὶ
3382 4070 3542 4126 πάλιν
3565 4072 3654 4124 Αί-

389 4151 678 4220 cujusnam
725 4151 834 4205 sint
872 4151 1015 4207 scire
1061 4165 1418 4221 nequeamus.
1447 4149 1586 4204 Cum
1632 4163 1768 4220 ergo
1807 4149 1947 4204 varie

2065 4163 2164 4219 θὰν
2189 4163 2284 4217 τοῦ
2321 4164 2635 4235 Ἐσδραῖτου
2658 4180 2672 4194 ·
2702 4163 2798 4216 καὶ
2824 4162 3002 4234 ἕτεροι
3023 4161 3080 4215 δὲ
3100 4162 3344 4215 πλεῖστοι
3363 4163 3476 4216 ὅσοι
3501 4161 3657 4233 παρὰ

390 4244 604 4297 recitati
638 4242 890 4306 fuissent,
926 4243 1161 4314 sparsim
1193 4243 1357 4313 positi
1404 4257 1435 4296 a
1481 4241 1744 4298 studiosis
1766 4240 1947 4296 hat-un

2062 4255 2284 4319 τούτους
2318 4255 2573 4327 φέρονται
2621 4236 3004 4326 ἀνεπίγραφοι,
3038 4253 3099 4306 οὐ
3151 4252 3463 4324 δυναμένων
3495 4255 3654 4327 ἡμῶν

393 4351 577 4389 rerum
611 4336 746 4391 viris
777 4335 1078 4405 antiquitus
1130 4336 1511 4390 servabantur.
1571 4332 1778 4388 Deinde
1834 4348 1947 4388 vert

2066 4346 2262 4400 εἰδέναι
2290 4346 2434 4410 τίνος
2458 4347 2547 4417 ἄρ’
2568 4341 2698 4400 εἷεν.
2723 4346 3007 4416 Διαφόρως
3028 4339 3120 4398 οὖν
3145 4345 3447 4417 εἰρημένων
3472 4346 3535 4400 τὺ
3556 4364 3655 4403 πα-

397 4426 622 4500 [dixerit
655 4425 842 4498 idem],
867 4440 932 4480 Cl.
968 4427 1211 4496 psalmos
1235 4441 1401 4481 unum
1434 4427 1490 4481 in
1520 4426 1720 4481 librum
1744 4434 1947 4479 coactos

2067 4437 2218 4491 λαιὸν
2247 4437 2519 4511 σποράδην
2547 4437 2761 4510 ὑπῆρχε
2808 4436 2959 4507 παρὰ
2991 4438 3105 4500 τοῖς
3136 4437 3265 4507 περὶ
3283 4437 3455 4491 ταῦτα
3490 4454 3655 4492 σπου-

399 4519 591 4576 fuisse.
617 4519 693 4573 Ac
724 4518 953 4574 fortasse
981 4518 1072 4588 qui
1097 4519 1336 4589 collegit,
1357 4519 1471 4574 sive
1492 4518 1539 4573 is
1564 4518 1763 4574 Esdras
1783 4517 1946 4575 fuerit

2075 4527 2244 4593 δαίοις
2274 4526 2706 4597 πεφυλαγμένον.
2737 4522 2851 4579 Εἴθ’
2897 4524 3124 4597 ὕστερον
3167 4526 3497 4600 συναχθῆναι
3530 4529 3657 4592 τοὺς

401 4619 461 4666 ut
482 4613 635 4665 aiunt
664 4609 897 4674 Hebraei,
925 4610 1039 4666 sive
1055 4611 1196 4666 alius
1223 4610 1517 4681 quispiam,
1553 4627 1648 4667 eos
1668 4612 1766 4682 qui
1796 4613 1947 4682 primi

2080 4628 2154 4693 ρν’
2189 4621 2293 4675 ὑπὸ
2344 4623 2470 4693 μίαν
2500 4620 2699 4691 βίϐλον.
2733 4621 2945 4693 Μήποτ’
2977 4617 3071 4674 οὖν
3106 4623 3135 4675 6
3185 4621 3525 4691 συναγαγὼν,
3556 4623 3657 4677 εἴτ’

401 4702 472 4757 ad
519 4718 739 4757 manum
791 4713 1076 4767 venerunt,
1117 4702 1325 4773 primos
1355 4703 1411 4757 in
1462 4702 1609 4757 libro
1661 4702 1947 4758 constituit

2080 4714 2315 4787 Ἔσδρας
2346 4708 2499 4778 οὗτος
2544 4710 2632 4785 ἦν,
2678 4710 2752 4778 ὥς
2796 4731 2957 4784 φασιν
2999 4713 3264 4787 Ἑϐραίων
3296 4715 3503 4778 παῖδες,
3538 4702 3659 4769 ἐἴτε

402 4793 539 4849 Nam
572 4810 695 4848 cum
717 4811 826 4849 non
857 4809 1047 4849 omnes
1071 4810 1181 4849 uno
1213 4794 1512 4865 eodemque
1543 4803 1786 4865 tempore
1814 4811 1946 4866 repc

2077 4822 2161 4869 τις
2189 4805 2375 4877 ἔτερος
2396 4804 2547 4876 παρὰ
2571 4805 2777 4871 τοῦτον,
2814 4806 2940 4869 τοὺς
2973 4804 3222 4878 πρώτους
3249 4807 3328 4869 είς
3357 4804 3516 4860 αὐτὸν
3537 4807 3659 4876 ἐχο-

406 4888 561 4949 verit,
586 4889 897 4943 necessario
928 4902 1023 4942 eos
1054 4888 1147 4957 qui
1187 4902 1318 4942 casu
1348 4889 1403 4942 in
1434 4903 1631 4943 manus
1662 4888 1946 4942 ineiderun

2086 4897 2277 4969 μένους
2302 4896 2550 4968 πρώτους
2569 4898 2627 4950 ὲν
2652 4900 2716 4968 τῇ
2750 4896 2916 4969 βίϐλῳ
2941 4897 3288 4952 κατέταττεν.
3313 4898 3426 4951 Οὐκ
3451 4898 3663 4971 ἁθρόως

406 4983 587 5049 primo
618 4978 853 5048 repertis
884 4979 1153 5047 adjunxit.
1187 4979 1550 5045 Quamobrem
1575 4996 1697 5035 cum
1721 4989 1845 5036 octo
1865 4982 1947 5051 pri

2082 4988 2192 5060 γὰρ
2221 4989 2346 5052 τοὺς
2379 4987 2587 5052 πάντας
2624 4989 2713 5059 ὑφ’
2739 4989 2834 5042 ἕνα
2881 4989 3074 5061 καιρὸν
3102 4987 3299 5060 εὑρὼν,
3326 4988 3387 5053 ἐξ
3418 4988 3664 5061 ἀνάγκης

412 5086 530 5126 mos
553 5069 811 5124 Filiorum
853 5067 1013 5131 Core,
1033 5077 1093 5122 ut
1114 5070 1412 5125 verisimile
1437 5078 1540 5135 est,
1575 5085 1682 5124 una
1708 5071 1869 5125 simul
1895 5085 1947 5125 re

2082 5057 2207 5144 τούς
2243 5079 2378 5151 πρὸς
2402 5082 2558 5151 χεῖρα
2579 5057 3065 5152 παρεμπίπτοντας
3087 5057 3322 5151 συνῆπτε
3340 5057 3463 5144 τοῖς
3480 5057 3665 5151 προει-

409 5169 616 5233 pertos,
635 5162 692 5215 in
719 5162 860 5217 libro
887 5162 1051 5217 simul
1083 5162 1376 5231 posuisset,
1395 5161 1463 5217 iis
1486 5170 1671 5232 postea
1696 5162 1947 5232 subjunxi

2084 5172 2299 5241 ληιρόσι.
2334 5168 2532 5243 Διόπερ
2566 5171 2661 5225 καὶ
2696 5173 2820 5236 τοὺς
2847 5171 3096 5244 πρώτους
3123 5177 3174 5241 η’
3206 5170 3328 5233 Τῶν
3355 5170 3486 5223 υἱῶν
3515 5171 3664 5243 Κορὲ

408 5272 505 5314 eos
545 5256 639 5328 qui
668 5255 771 5310 sub
805 5256 921 5310 haec
968 5270 1089 5311 sese
1114 5255 1449 5310 obtulerunt.
1480 5254 1687 5309 Deinde
1714 5268 1836 5308 cum
1860 5254 1947 5323 plu

2081 5262 2227 5327 εἰκὸς
2268 5263 2388 5317 τότε
2429 5263 2747 5329 κατατάξαι,
2779 5265 2866 5318 ὅτε
2915 5265 3008 5318 καὶ
3058 5263 3268 5336 ἁθρόως
3296 5263 3432 5334 ὁμοῦ
3466 5265 3667 5328 πάντες

412 5363 505 5404 res
528 5348 621 5403 alii
645 5349 844 5417 reperti
874 5354 928 5402 et
956 5346 1009 5401 in
1041 5348 1179 5402 libro
1205 5345 1550 5401 Psalmorum
1583 5345 1807 5416 repositi
1846 5344 1947 5400 l‘uis

2083 5352 2341 5425 εὕρηνται
2360 5369 2375 5384 ⁸
2414 5356 2530 5424 μετ’
2565 5355 2808 5418 ἐκείνους
2835 5352 2892 5406 δὲ
2923 5353 3155 5423 συνάψαι
3175 5354 3299 5418 τοὺς
3329 5354 3465 5425 μετὰ
3491 5352 3667 5408 ταῦτα

414 5449 537 5521 sent
555 5447 678 5512 post
698 5455 884 5495 Luxu
907 5442 1198 5510 psalmum,
1220 5442 1379 5497 binos
1401 5440 1538 5495 alios
1558 5438 1819 5494 Filiorum
1845 5437 1947 5494 Cor

2084 5447 2163 5509 εἰς
2190 5445 2352 5499 αὑτὸν
2378 5444 2648 5508 ἐλθόντας.
2681 5441 2813 5498 Εἶτα
2839 5442 3048 5499 πολλῶν
3076 5447 3134 5499 ὲν
3158 5445 3233 5517 τῷ
3260 5445 3463 5517 μεταξὺ
3499 5446 3659 5518 εὑρη-

414 5532 804 5602 deprehensos,
834 5548 1027 5604 nempe
1047 5543 1320 5589 Lxxxmet
1339 5548 1568 5596 Lxxx1v,
1586 5540 1947 5603 consequente

2073 5536 2287 5608 μένων,
2315 5537 2410 5591 καὶ
2436 5539 2515 5601 εἰς
2530 5536 2628 5608 τὴν
2653 5536 2834 5607 βίϐλον
2852 5537 2961 5596 τῶν
2975 5537 3220 5608 Ψαλμῶν
3247 5537 3667 5608 ἀναληφθέντων

414 5625 633 5681 locavit.
665 5625 803 5680 Tum
830 5635 955 5696 post
997 5624 1241 5695 elapsum
1273 5617 1538 5698 temporis
1589 5625 1824 5698 spatium
1855 5640 1947 5680 cur

2090 5625 2227 5698 μετὰ
2251 5627 2341 5682 τὸν
2370 5627 2459 5683 ἰϐ’
2479 5626 2709 5700 ψαλμὸν,
2734 5627 2994 5699 εὑρῆσθαι
3017 5627 3178 5681 πάλιν
3206 5627 3397 5693 ἄλλους
3433 5627 3523 5681 δύο
3545 5628 3669 5685 Τῶν

490 5780 537 5812 ⁷⁸
574 5777 709 5835 Luc.
743 5794 837 5847 xv,
876 5780 936 5838 7.
