4066 6382
458 446 589 504 ton
1623 421 2121 517 cohussranla
2162 390 2224 494 tu
2264 438 2603 496 PSALMOS.
3560 430 3698 487 ton

451 563 582 617 υἰῶν
604 559 767 631 Κορὲ,
809 555 900 619 οὓς
931 555 1025 609 καὶ
1052 553 1358 616 ἀκολούθως
1398 553 1633 623 συνάψας
1661 554 1720 606 ὲν
1757 552 1835 623 τῷ
1862 553 2010 625 τρίτιε

2133 554 2320 608 Oratio
2347 553 2567 609 Davidis
2592 559 2804 622 reperta
2829 551 3041 618 fuisset,
3074 565 3191 606 cam
3220 559 3343 622 post
3366 566 3566 604 Luxw
3606 567 3696 607 re-

450 653 546 706 καί
578 656 629 702 π’
661 647 851 717 καὶτῷ
873 645 952 698 πδ¹
984 642 1295 708 κατέταξεν.
1323 640 1453 697 Εἶτα
1481 643 1681 714 μεταξὺ
1708 642 1802 696 τοῦ
1833 645 2010 715 χρόνοι

2128 647 2330 717 posuit.
2367 650 2446 701 Ac
2496 663 2715 701 rursum
2776 653 2898 716 post
2945 644 3257 699 Orationem
3308 642 3699 714 Davidis,qu:e

449 743 547 812 τῆς
579 739 671 793 τοῦ
702 736 862 790 Δαυῒδ
905 734 1222 807 Προσευχῆς
1272 733 1607 807 εὑρεθείσης,
1664 733 1896 787 ἐνθεῖναι
1929 734 2010 787 καἸ

2128 756 2308 795 Lxxxv
2343 757 2572 795 numero
2626 740 2804 811 posita
2840 740 3037 802 fuerat,
3064 740 3314 793 inventos
3352 737 3522 792 fuisse
3554 739 3700 793 dicet

448 834 651 902 ταύτην
693 830 830 902 μετὰ
855 830 944 883 τὸν
970 830 1075 884 πδ’.
1098 828 1207 882 Καὶ⁵
1238 828 1398 881 πάλιν
1430 826 1570 898 μετὰ
1589 827 1688 899 τὴν
1712 826 2010 899 Προσευχὴι

2129 831 2268 885 duos
2297 832 2435 885 alios
2462 829 2727 885 Filiorum
2744 830 2907 897 Core,
2941 831 3087 884 hunc
3114 844 3273 898 quem
3302 836 3621 890 tractamus,
3643 835 3699 883 et

449 925 543 980 τοῦ
568 922 747 987 Δαυῒδ,
773 926 829 976 ὲν
854 928 935 975 πε¹
964 922 1113 991 τόπῳ
1135 919 1579 990 καταλεχθεῖσαν,
1604 918 1893 990 εὑρεθῆναι
1918 918 2010 971 ἑτέι

2132 934 2446 993 sequentem
2503 942 2517 977 :
2566 938 2632 977 ac
2681 924 2763 979 sic
2814 922 3131 979 necessario
3174 921 3422 977 Orationi
3476 919 3699 975 Davidis

452 1034 577 1090 ρους
625 1013 718 1069 δύο
747 1016 867 1068 Τῶν
899 1015 1030 1067 υίῶν
1058 1012 1222 1084 Κορὲ,
1266 1011 1359 1066 τὸν
1393 1011 1531 1082 μετὰ
1570 1014 1759 1082 χεῖρας
1799 1012 1892 1065 καὶ
1935 1010 2010 1063 τὺι

2131 1013 2456 1083 conjunctos
2496 1013 2689 1069 fuisse.
2741 1012 2980 1083 ldipsum
3030 1025 3195 1081 porro
3224 1009 3420 1065 dixerit
3467 1008 3609 1063 idem
3641 1008 3733 1062 in.

448 1108 646 1180 ἐφεξῆς
678 1108 825 1178 αὑτῷ
844 1124 856 1136 ·
885 1107 943 1173 ἐξ
986 1105 1230 1175 ἀνάγκης
1256 1122 1315 1158 τε
1343 1106 1436 1158 καὶ
1462 1105 1658 1168 αὐτοὺς
1703 1102 2005 1174 συναχθῆνα

2132 1103 2471 1172 reliquorum
2502 1102 2836 1172 psalmorum
2869 1101 3211 1157 ordinatione
3237 1101 3554 1170 contigisse.

446 1206 514 1274 τῇ
546 1204 826 1274 Προσευχῇ
850 1199 943 1254 τοῦ
965 1200 1146 1256 Δαυῖδ.
1170 1200 1272 1253 Τὸν
1291 1199 1452 1253 αὑτὸν
1483 1197 1538 1252 δὲ
1562 1199 1719 1269 λόγον
1744 1199 2011 1270 ὑπάρχειν
2047 1200 2075 1251 ὁ
2098 1197 2261 1262 αὐτὸς
2287 1197 2432 1253 εἴποι
2451 1198 2518 1253 ἂν
2546 1198 2640 1252 καὶ
2659 1198 2752 1252 ἐπὶ
2778 1201 2878 1270 τῆς
2898 1198 3006 1252 τῶν
3033 1198 3234 1251 λοιπῶν
3293 1196 3524 1268 ψαλμῶν
3577 1212 3698 1249 συν-

448 1296 670 1359 θέσεως.

518 1413 854 1469 Πιστώσεται
881 1414 938 1469 δὲ
962 1415 1023 1470 τὸ
1048 1412 1371 1486 λελεγμένον
1394 1413 1501 1471 ἀπὸ
1520 1414 1871 1486 προφητικῶν
1891 1415 2026 1468 ἀπο-

443 1506 692 1572 δείξεων·
729 1508 851 1560 ἐπεὶ
873 1505 982 1579 γὰρ
1021 1507 1079 1560 ὲν
1108 1508 1227 1569 ταῖς
1264 1508 1630 1576 προφητικαῖς
1660 1504 1859 1576 βίϐλοις
1891 1504 2026 1558 πολ-

446 1597 603 1662 λάκις
631 1598 778 1652 ἐστὶν
811 1597 989 1670 εὑρεῖν
1015 1597 1085 1654 τὰ
1108 1597 1185 1668 τῷ
1207 1597 1382 1669 χρόνῳ
1408 1598 1770 1669 προλεχθέντα
1797 1596 2025 1669 δεύτερα

447 1692 672 1763 κείμενα
694 1693 759 1763 τῇ
790 1690 960 1758 τάξει,
988 1692 1082 1745 καὶ
1108 1689 1177 1743 τὰ
1203 1689 1646 1762 προφητευθέντα
1666 1690 1869 1762 ὑστερα
1888 1707 2023 1761 προ-

444 1780 753 1854 στεταγμένα
773 1780 883 1835 τῶν
916 1781 1263 1853 προαγόντων
1289 1781 1400 1843 τοῖς
1431 1779 1660 1850 χρόνοις.
1679 1779 1736 1834 ’0
1768 1777 1899 1847 γοῦν
1931 1776 2028 1832 Ἰε-

2198 1408 2323 1465 Haec
2361 1422 2487 1465 vero
2517 1407 2783 1464 sententia
2827 1405 3160 1476 propheticis
3206 1408 3469 1479 exemplis
3497 1407 3696 1463 contir-

2127 1512 2308 1556 matur
2337 1518 2352 1555 :
2388 1513 2515 1553 nam
2547 1500 2603 1553 in
2632 1498 2969 1569 propheticis
3003 1497 3158 1554 libris
3198 1497 3512 1568 frequenter
3545 1516 3697 1570 repe-

2124 1592 2236 1647 rire
2265 1598 2348 1646 est
2377 1605 2460 1653 ea,
2488 1604 2609 1660 quae
2634 1589 2787 1659 prius
2817 1588 2963 1642 dicta
2994 1598 3141 1653 sunt,
3174 1591 3416 1645 secundo
3442 1592 3564 1646 loco
3598 1606 3700 1662 po-

2126 1683 2252 1747 sita,
2303 1688 2358 1736 et
2408 1696 2529 1751 quae
2575 1688 2851 1751 postremo
2898 1682 3255 1751 praenuntiata
3301 1693 3448 1749 sunt,
3478 1683 3546 1739 iis
3575 1699 3697 1754 qua)

2126 1781 2521 1853 praecesserant
2543 1773 2846 1844 praemissa.
2876 1772 3008 1826 Nam
3039 1771 3303 1829 Jeremias
3328 1775 3537 1829 initium
3568 1791 3696 1847 pro-

447 1873 646 1946 ρεμίας
678 1869 1040 1946 προφητεύειν
1073 1872 1171 1944 μὲν
1195 1870 1422 1943 ἄρχεται
1469 1871 1562 1924 ἐπὶ
1593 1871 1817 1934 Ἰωσίου,
1846 1885 2010 1941 παρα-

2130 1866 2386 1936 phetandi
2413 1866 2566 1920 ducit
2595 1879 2625 1919 a
2655 1874 2896 1935 tempore
2922 1862 3118 1929 Josize;
3145 1870 3201 1919 et
3229 1879 3403 1934 usque
3429 1864 3497 1919 ad
3528 1863 3697 1923 Sede--

443 1963 606 2017 τείνει
632 1963 689 2018 δὲ
723 1963 881 2035 μέχρι
911 1961 1156 2016 Σεδεκίου
1186 1962 1279 2015 καὶ
1306 1961 1403 2031 τῆς
1430 1959 1805 2031 αἰχμαλωσίας
1822 1976 1837 1990 ·
1862 1959 2017 2011 Σεδε-

445 2056 572 2120 κίας
602 2055 646 2110 δ’
672 2051 739 2128 ἦν
769 2054 1026 2126 τέταρτος
1056 2053 1163 2108 ἀπὸ
1197 2054 1400 2108 Ἰωσίου
1438 2051 1707 2124 βασιλεύς.
1731 2051 1887 2106 Μετὰ
1912 2054 2018 2123 γὰρ

455 2147 665 2201 Ἰωσίαν
694 2147 941 2218 δεύτερος
972 2147 1227 2216 Ἰωακεὶμ
1257 2144 1370 2208 υἰὸς
1400 2142 1564 2198 αὑτοῦ
1593 2143 1888 2214 διαδέχεται
1920 2142 2019 2215 τὴν

442 2238 619 2309 ἀρχήν
638 2254 653 2270 ·
693 2237 812 2309 μεθ’
839 2237 898 2291 δν
924 2237 1102 2309 τρίτος
1137 2237 1408 2307 Ἱεχωνίας
1439 2239 1554 2301 υίὸς
1583 2235 1867 2307 Ἰωακείμ·
1900 2234 2018 2307 μεθ’

440 2329 502 2384 δν
548 2331 804 2402 τέταρτος
854 2330 1109 2395 Σεδεκίας
1159 2332 1385 2400 ἀδελφὸς
1431 2330 1717 2400 Ἰωακείμ·
1762 2330 1883 2383 καθ’
1925 2327 2019 2392 οὓς

442 2418 686 2482 ἅπαντας
718 2419 812 2473 τοῦ
845 2419 1108 2491 Ἰερεμίου
1136 2419 1631 2491 προφητεύσαντος,
1661 2418 1694 2490 ἡ
1720 2417 2019 2489 ’ἐπώνυμος

441 2508 610 2563 αὑτοῦ
639 2510 826 2582 γραφῇ
846 2508 1071 2582 ἄρχεται
1096 2513 1193 2582 μὲν
1215 2510 1321 2564 ἀπὸ
1354 2511 1583 2565 Ἰωσίου·
1616 2506 1733 2564 εἶτα
1754 2511 2018 2582 προϊοῦσα

443 2577 719 2669 μέμνηται
747 2577 1006 2670 Ἰεχωνίου
1029 2577 1122 2653 τού
1138 2601 1320 2672 τρίτου
1346 2601 1453 2654 ἀπὸ
1487 2600 1717 2654 Ἰωσίου·
1740 2577 1859 2652 εἶτα
1881 2617 2018 2671 προ-

441 2688 666 2759 φητεύει
692 2691 761 2743 τὰ
786 2691 878 2743 ἐπὶ
906 2691 1172 2757 Σεδεκίου,
1202 2692 1261 2756 ὃς
1289 2688 1356 2763 ῆν
1374 2691 1632 2762 τέταρτος
1649 2691 1757 2744 ἀπὸ
1790 2690 2012 2744 Ἰωσίου·

437 2776 522 2844 οἷς
554 2780 681 2850 ἑξῆς
710 2781 892 2852 τίθησι
920 2783 988 2835 τὰ
1022 2785 1079 2836 ἐν
1102 2782 1178 2852 τῷ
1207 2782 1452 2854 τετάρτῳ
1479 2783 1571 2837 ὲπὶ
1604 2783 1859 2854 Ἰωακεὶμ
1883 2798 2015 2853 προσ

439 2870 799 2943 φητευθέντα,
835 2872 893 2936 ὃς
922 2869 991 2944 ἦν
1018 2872 1265 2944 δεύτερος
1311 2872 1447 2944 μετὰ
1478 2874 1706 2926 Ἰωσίαν.
1739 2870 1851 2926 Εἶθ’
1889 2873 2016 2943 ἑξῆς

442 2958 637 3028 ἐπάγει
663 2961 731 3014 τὰ
753 2962 811 3014 ὲν
842 2964 983 3031 ἀρχῇ
1011 2961 1105 3016 τοῦ
1138 2962 1302 3016 αὑτοῦ
1338 2963 1621 3033 Ἰωακείμ·
1652 2958 1771 3016 εἶτα
1810 2961 1881 3016 τὰ
1923 2964 2016 3017 ἐπὶ

439 3053 712 3119 Σεδεκίου,
744 3055 838 3109 καὶ
863 3056 1024 3110 πάλιν
1049 3055 1119 3109 τὰ
1147 3058 1238 3109 ἐπὶ
1270 3057 1542 3128 Ίωακείμ.
1575 3051 1708 3110 Εἶτα
1743 3058 2016 3129 μέμνηται

439 3142 541 3211 τῆς
572 3142 947 3214 αἰχμαλωσίας
977 3144 1075 3216 τῆς
1102 3145 1182 3208 εἰς
1204 3145 1518 3208 Βαϐυλῶνα,
1540 3146 1635 3199 καὶ
1654 3145 1730 3210 ῶς
1761 3147 1897 3217 μετὰ
1920 3147 2015 3198 Σε-

2121 1960 2262 2014 ciam
2285 1965 2339 2013 et
2368 1956 2736 2026 captivitatem
2760 1955 3020 2026 pertingit
3051 1974 3065 2010 :
3096 1954 3353 2011 Sedecias
3380 1969 3509 2011 vero
3530 1971 3698 2026 quar-

2121 2058 2210 2106 tus
2239 2056 2357 2104 erat
2396 2064 2428 2104 a
2472 2047 2621 2104 Josia
2655 2064 2771 2104 rex.
2805 2047 2935 2102 Post
2974 2046 3179 2102 Josiam
3223 2048 3372 2102 enim
3418 2049 3697 2107 secundus

2120 2155 2347 2212 regnum
2376 2139 2579 2211 excipit
2601 2137 2849 2195 Joachim
2880 2138 3024 2196 illius
3047 2140 3189 2209 ejus,
3221 2140 3324 2195 sub
3357 2141 3473 2196 haec
3500 2141 3695 2197 tertius

2116 2231 2411 2288 Jechonias
2435 2231 2579 2296 filius
2603 2228 2873 2296 Joachim,
2903 2239 2959 2285 et
2986 2239 3109 2301 post
3130 2246 3252 2285 eum
3277 2240 3506 2301 quartus
3526 2230 3695 2287 Sede-

2120 2325 2233 2381 cias
2266 2324 2432 2378 frater
2458 2321 2705 2378 Joachim
2736 2341 2750 2377 :
2786 2338 2849 2377 ac
2880 2337 3003 2376 cum
3030 2320 3295 2377 Jeremias
3325 2323 3411 2378 his
3437 2322 3695 2378 omnibus

2119 2417 2475 2487 regnantibus
2510 2417 2939 2487 prophetavcrit,
2984 2416 3104 2485 ejus
3150 2413 3435 2487 Scriptura
3463 2430 3494 2468 a
3541 2412 3693 2470 Josia

2118 2508 2251 2574 iuit;
2286 2507 2390 2562 sub
2429 2508 2544 2562 haec
2592 2507 2885 2570 Jechonize,
2917 2505 3008 2576 qui
3053 2506 3251 2561 tertius
3298 2521 3328 2559 a
3369 2503 3520 2560 Josia
3552 2512 3689 2569 erat,

2118 2599 2406 2667 meminit;
2432 2611 2545 2654 tum
2574 2616 2636 2655 ea
2668 2615 2791 2670 quat
2828 2598 2932 2654 sub
2967 2596 3192 2653 Sedecia
3220 2598 3572 2663 vaticinatur,
3596 2598 3692 2669 qui

2117 2698 2346 2760 quartus
2371 2698 2489 2746 erat
2517 2706 2547 2745 a
2576 2690 2727 2746 Josia
2765 2710 2778 2746 :
2815 2690 2901 2746 his
2929 2699 3125 2762 quarto
3155 2692 3275 2751 loco
3319 2690 3601 2761 subiungit
3624 2706 3691 2746 ea

2116 2798 2237 2852 qua:
2262 2782 2627 2852 praenuntiata
2678 2789 2805 2837 sunt
2845 2782 2947 2837 sub
2974 2781 3242 2847 Joachim,
3275 2783 3369 2853 qui
3414 2782 3690 2837 secundus

2117 2879 2241 2943 post
2271 2868 2476 2926 Josiam
2507 2880 2644 2927 erat.
2678 2872 2880 2943 Adjicit
2931 2881 3117 2944 postea
3170 2889 3293 2945 quae
3326 2872 3381 2927 in
3417 2873 3689 2943 principio

2116 2963 2293 3033 ipsius
2326 2961 2570 3017 Joachim
2600 2963 2746 3017 dicta
2774 2971 2902 3018 sunt
2927 2981 2942 3030 ;
2982 2965 3110 3018 hinc
3137 2980 3259 3034 quae
3288 2963 3393 3018 sub
3425 2956 3686 3031 Sedccia;

2116 3070 2334 3109 rursum
2365 3070 2429 3109 ea
2453 3069 2574 3124 quae
2603 3055 2705 3110 sub
2743 3053 3011 3109 Joachim.
3059 3055 3263 3110 Deinde
3313 3054 3687 3125 captivitatem

2116 3146 2171 3200 in
2203 3145 2532 3217 Babylonem
2567 3147 2834 3209 meminit,
2862 3156 2917 3203 et
2942 3148 3218 3218 quomodo
3247 3157 3370 3219 post
3403 3147 3686 3202 Sedeciam

436 3231 622 3286 δεκίαν
651 3233 886 3303 κατέστη
916 3234 1217 3306 ἡγούμενος
1247 3233 1355 3290 τῶν
1387 3234 1824 3304 ἀπολειφθέντων
1862 3237 2010 3289 Γοδο-

2118 3238 2323 3293 residui
2354 3239 2541 3308 populi
2579 3238 2691 3292 dux
2723 3237 2981 3296 Godolias
3013 3240 3346 3295 constitutus
3377 3241 3467 3304 sit,
3497 3248 3552 3295 et
3576 3254 3687 3310 quo

436 3322 578 3389 λίας,
610 3325 704 3378 καὶ
746 3324 822 3389 ὼς
855 3324 1076 3397 Ἰσμαὴλ
1118 3327 1329 3398 ἀναιρεῖ
1370 3327 1777 3393 τὸν-Γοδολίαν,
1813 3327 1929 3399 μεθ’
1955 3328 2014 3381 δν

448 3414 671 3469 Ἰωανᾶν
702 3415 815 3479 υίὸς
843 3416 1017 3488 Καριὲ
1040 3417 1273 3485 ἡγεῖται.
1303 3418 1413 3470 Καὶ
1444 3418 1583 3488 μετὰ
1603 3418 1822 3482 τούτους
1843 3418 2016 3472 ἅπαν-

432 3524 534 3571 τας
567 3507 693 3578 ἑξῆς
716 3509 911 3576 ἐπάγει
936 3509 1035 3572 τὰς
1067 3510 1125 3562 ὲν
1145 3508 1223 3576 τῷ
1247 3507 1290 3562 δ’
1311 3508 1418 3563 ἔτει
1449 3511 1702 3582 Ἰωακεὶμ
1733 3510 2014 3582 λεχθείσας

438 3598 792 3670 προφητείας,
832 3599 927 3652 καὶ
961 3599 1120 3652 πάλιν
1150 3600 1248 3663 τὰς
1283 3603 1340 3653 ὲν
1373 3603 1512 3673 ἀρχῇ
1554 3602 1829 3673 βασιλείας
1854 3604 2012 3658 Σεδε-

436 3689 571 3766 κίου,
595 3688 907 3761 εἰρημένας.
938 3690 1131 3760 Εὑροις
1161 3692 1206 3746 δ’
1240 3692 1306 3746 ἂν
1337 3695 1429 3747 καὶ
1463 3695 1616 3764 παρὰ
1657 3694 1733 3766 τῷ
1764 3693 2012 3768 Ἐζεκιὴλ

433 3782 504 3837 τὰ
549 3783 919 3854 παραπλήσια.
946 3784 1098 3837 Ἐπεὶ
1129 3785 1224 3837 καὶ
1252 3785 1311 3837 ὲν
1348 3787 1413 3856 τῇ
1457 3785 1644 3839 τούτου
1686 3790 1872 3858 γραφῇ
1914 3788 2012 3860 οὑχ

436 3873 562 3945 ἑξῆς
586 3876 698 3937 τοῖς
731 3874 941 3944 χρόνοις
976 3873 1285 3943 σύγκεινται
1313 3877 1369 3930 αἰ
1395 3879 1750 3949 προφητεῖαι·
1781 3876 1895 3931 ἀλλ’
1930 3881 2009 3932 εί-

436 3961 523 4015 σίν
553 3963 609 4016 αἰ
647 3962 745 4033 μὲν
777 3962 917 4016 κατὰ
941 3963 1001 4016 τὸ
1030 3962 1110 4028 κζ’
1138 3962 1256 4028 ἔτος
1292 3965 1390 4035 τῆς
1417 3966 1788 4037 αἰχμαλωσίας
1815 3984 2012 4040 προτε-

432 4051 704 4122 ταγμέναι
744 4050 822 4123 τῷ
866 4059 932 4105 ια’
965 4053 1064 4124 τῆς
1106 4053 1479 4124 αἰχμαλωσίας
1518 4056 1824 4127 εἰρημένῳ·
1867 4058 2008 4128 μετὰ

432 4141 542 4212 γὰρ
576 4141 675 4205 τὰς
705 4144 763 4196 ἐν
801 4141 879 4213 τῷ
919 4141 999 4206 κζ’
1030 4141 1139 4196 ἔτει
1171 4143 1424 4215 φέρονται
1454 4146 1508 4197 αἰ
1534 4144 1803 4216 λεχθεῖσαι
1846 4149 1903 4200 ὲν
1930 4146 2008 4217 τῷ

437 4240 504 4286 ια’
537 4234 638 4305 τῆς
662 4235 1035 4306 αἰχμαλωσίας
1070 4235 1211 4290 ἔτει·
1248 4237 1342 4290 καί
1370 4238 1529 4292 πάλιν
1561 4238 1696 4308 μετὰ
1716 4238 1815 4303 τὰς
1838 4243 1896 4293 ὲν
1927 4239 2006 4311 τῷ

436 4332 505 4379 ια’
533 4325 686 4380 ἄλλαι
721 4329 973 4400 φέρονται
1015 4332 1073 4384 ὲν
1109 4329 1185 4401 τῷ
1220 4337 1249 4384 ι’
1282 4330 1391 4384 ἔτει
1423 4331 1727 4404 εἰρημέναι,
1756 4332 1849 4385 καὶ
1880 4333 2005 4404 ἑξῆς

432 4418 490 4470 αἱ
516 4420 573 4472 ὲν
602 4418 681 4490 τῷ
712 4427 787 4472 κε’
813 4420 941 4476 ἔτει.
978 4423 1089 4476 Καὶ
1128 4422 1327 4479 τούτων
1359 4425 1613 4479 ἁπάντων
1658 4424 1800 4479 εἴποι
1831 4426 1897 4481 ἄν
1923 4446 2009 4492 τις

432 4505 531 4578 τὴν
569 4507 746 4562 αἰτίαν
789 4510 889 4564 οὑκ
929 4510 1094 4584 ἄλλην
1120 4508 1260 4567 εἶναι
1286 4514 1391 4585 τῆς
1416 4514 1829 4587 ἀποδεδομένης.
1866 4518 2004 4570 Σπο-

2118 3337 2279 3399 pacto
2307 3329 2504 3383 lsmael
2534 3326 2816 3383 Godoliam
2838 3328 3123 3393 occiderit,
3148 3340 3271 3402 post
3290 3345 3450 3401 quem
3474 3328 3687 3384 Joauan

2118 3423 2260 3478 filius
2290 3420 2449 3479 Carie
2493 3420 2604 3476 dux
2638 3419 2759 3475 fuit.
2789 3419 2920 3476 Post
2960 3422 3061 3477 hos
3101 3432 3279 3476 autem
3309 3436 3499 3477 omnes
3530 3422 3688 3477 alfert

2115 3514 2312 3569 deinde
2343 3513 2657 3583 prophetias
2686 3528 2832 3567 anno
2861 3521 3058 3582 quarto
3086 3512 3333 3567 Joachim
3365 3513 3687 3584 pronuntia-

2113 3610 2234 3669 tas;
2273 3603 2378 3659 sub
2416 3603 2531 3658 haec
2566 3602 2688 3658 illas
2722 3618 2845 3673 quae
2874 3602 3031 3657 initio
3060 3605 3210 3672 regni
3240 3600 3481 3659 Sedeciae
3522 3603 3686 3658 dictae

2114 3703 2262 3750 sunt.
2299 3694 2511 3748 Similia
2552 3710 2769 3764 quoque
2808 3695 2864 3748 in
2917 3692 3200 3750 Ezechiele
3244 3709 3506 3766 repertas.
3546 3693 3683 3749 Nam

2114 3786 2166 3839 in
2201 3785 2364 3855 hujus
2408 3801 2624 3857 quoque
2671 3786 2941 3856 scriptura
2989 3786 3286 3858 pr0phetiae
3332 3803 3442 3843 non
3491 3786 3686 3843 ordine

2113 3878 2375 3946 temporis
2398 3878 2616 3948 jacent;
2648 3877 2744 3934 sed
2769 3893 2891 3948 qua:
2915 3878 3234 3935 vicesimum
3267 3881 3557 3950 septimum
3589 3894 3684 3934 ca-

2110 3968 2380 4039 ptivitatis
2408 3984 2611 4023 annum
2641 3978 2911 4039 spectant,
2937 3968 3343 4040 praemittuntur
3370 3971 3437 4027 iis
3464 3986 3584 4041 qua:
3608 3969 3677 4027 de

2109 4058 2398 4114 undecimo
2439 4059 2772 4130 captivitatis
2819 4073 2964 4113 anno
2993 4060 3137 4114 dicta
3172 4068 3301 4115 sunt
3332 4080 3344 4115 :
3379 4069 3502 4130 post
3544 4061 3668 4115 illas

2108 4149 2253 4205 enim
2284 4148 2530 4205 vicesimi
2560 4148 2774 4219 septimi
2819 4149 2948 4202 anni
2976 4149 3312 4220 prophetias,
3341 4163 3462 4220 quae
3505 4150 3677 4206 unde-

2107 4242 2251 4298 cimo
2285 4256 2428 4296 anno
2462 4240 2621 4295 dicta:
2659 4250 2808 4305 sunt,
2840 4239 3093 4295 feruntur
3123 4259 3137 4296 :
3173 4240 3370 4298 deinde
3396 4258 3528 4298 vero
3554 4252 3682 4313 post

2108 4332 2231 4386 illas
2252 4332 2524 4387 undecimi
2553 4332 2705 4395 anni,
2730 4331 2976 4403 quazdam
3006 4331 3275 4387 habentur
3295 4332 3509 4387 decimo
3534 4349 3679 4389 anno

2107 4417 2287 4484 dictae,
2310 4420 2436 4473 hinc
2456 4435 2577 4490 qua:
2602 4420 2732 4475 anni
2759 4420 3007 4477 vicesimi
3033 4422 3213 4492 quinti
3244 4429 3390 4478 sunt.
3430 4422 3678 4490 Quorum

2109 4511 2356 4564 omnium
2382 4526 2493 4565 non
2529 4511 2691 4565 aliam
2722 4527 2945 4568 causam
2977 4513 3102 4583 quis
3127 4513 3317 4568 afferat
3346 4525 3542 4586 prteter
3561 4515 3676 4586 jam

432 4597 603 4671 ράδην
634 4599 762 4672 γὰρ,
782 4601 857 4665 ᾡς
884 4602 1049 4669 εἰκὸς,
1070 4603 1181 4659 τῶν
1202 4605 1345 4660 κατά
1366 4606 1587 4676 χρόνους
1612 4607 1706 4661 καὶ
1733 4606 1855 4661 καθ’
1875 4608 2006 4662 ἔκα-

2110 4601 2385 4657 traditam.
2430 4601 2565 4656 Nam
2597 4617 2722 4657 cum
2753 4605 3007 4674 sparsim,
3048 4613 3110 4660 ut
3133 4607 3428 4662 verisimile
3447 4615 3552 4669 est,
3583 4620 3676 4661 va-

434 4703 559 4743 στον
591 4688 813 4760 βασιλέα
843 4690 1082 4763 μερικῶς
1113 4695 1662 4767 προπεφητευμένων,
1683 4696 1744 4751 τὸ
1776 4696 2004 4752 παλαιὸν

433 4775 585 4849 παρὰ
610 4781 724 4843 τοῖς
752 4779 1061 4844 σπουδαίοις
1098 4780 1442 4854 σωζομένων,
1470 4785 1588 4856 ἦτοι
1628 4786 1721 4839 τὸν
1746 4786 2000 4860 Ἔσδραν,

429 4866 467 4939 ἢ
501 4868 596 4924 καί
626 4885 779 4934 τινας
810 4871 1051 4943 ἐτέρους,
1079 4872 1185 4927 ὑπὸ
1211 4873 1339 4946 μίαν
1369 4877 1714 4950 περιγραφὴν
1746 4878 2004 4947 συνάγον-

430 4974 531 5023 τας
560 4959 631 5014 τὰ
661 4961 875 5034 ἑκάστῳ
904 4962 1017 5018 τῶν
1053 4965 1346 5038 προφητῶν
1386 4967 1529 5021 κατά
1557 4970 1781 5040 χρόνους
1814 4970 2002 5039 διαφό-

432 5067 560 5124 ρους
593 5050 871 5124 λεχθέντα,
899 5056 1024 5121 τοὺς
1062 5056 1312 5128 πρώτους
1350 5059 1769 5132 εὑρισκομένους
1811 5061 2003 5132 λόγους

430 5141 791 5195 κατατάσσειν
815 5141 1063 5214 πρώτους
1083 5161 1098 5176 ·
1123 5140 1222 5201 εἷθ’
1246 5146 1373 5218 ἑξῆς
1398 5147 1690 5203 συνάπτειν
1708 5151 1834 5217 τοὺς
1863 5152 2000 5223 μετὰ

429 5230 603 5285 ταῦτα
635 5233 1073 5305 εὑρισκομένους,
1100 5239 1148 5291 εἰ
1177 5238 1270 5292 καὶ
1297 5240 1535 5310 προῆγον
1564 5240 1644 5312 τῷ
1669 5245 1863 5314 χρόνῳ.
1895 5244 2000 5298 Τὸν

427 5318 476 5373 δ’
491 5320 659 5375 αὑτὸν
684 5316 821 5374 εἶναι
838 5322 995 5390 λόγον
1019 5324 1113 5379 καὶ
1136 5325 1227 5378 ἐπὶ
1254 5325 1354 5395 τῆς
1377 5323 1584 5390 τάξεως
1603 5327 1711 5382 τῶν
1731 5327 1996 5399 Ψαλμῶν,

428 5411 657 5466 καθόλου
693 5414 791 5484 μὲν
821 5414 1092 5481 ἁπάντων,
1129 5415 1273 5481 ίδίως
1302 5417 1359 5470 δὲ
1393 5419 1487 5472 καὶ
1511 5418 1620 5472 τῶν
1649 5418 1786 5491 μετὰ
1810 5423 1999 5493 χεῖρας

428 5509 563 5580 ἡμῖν
606 5504 1039 5576 ἐξεταζομένων·
1084 5508 1133 5561 εἰ
1183 5507 1257 5579 μὴ
1290 5508 1397 5581 ἄρα
1439 5526 1526 5574 τις
1558 5509 1850 5583 βαθύτερος
1874 5512 2000 5578 νοῦς

427 5595 704 5652 λανθάνων
740 5598 885 5668 ἡμᾶς
924 5597 1142 5669 ἑτέρους
1168 5598 1318 5663 τινὰς
1345 5599 1636 5672 λογισμοὺς
1657 5604 1996 5676 παραστήσει

426 5688 527 5757 τῆς
549 5688 655 5742 τῶν
688 5688 1037 5760 ὲζητημένων
1067 5690 1247 5754 αἰτίας
1304 5691 1386 5744 Τά
1424 5709 1486 5761 γε
1548 5693 1655 5762 μὴν
1687 5696 1818 5765 ἡμῖν
1862 5696 1994 5748 ὑπο-

428 5780 662 5833 πεσόντα
702 5781 783 5844 εἰς
829 5797 889 5834 τε
934 5799 1033 5854 την
1064 5781 1215 5849 τάξιν
1242 5782 1361 5837 Τῶν
1398 5784 1530 5839 υίῶν
1561 5786 1728 5859 Κορὲ,
1753 5789 1995 5861 καὶπερὶ

429 5870 529 5941 τῆς
569 5872 880 5945 Προσευχῆς
929 5874 1020 5929 τοῦ
1064 5875 1227 5932 Δαυῒδ
1254 5877 1354 5949 τῆς
1383 5878 1483 5952 πρὸ
1514 5877 1607 5933 τοῦ
1639 5877 1780 5951 μετὰ
1809 5884 1995 5954 χεῖρας

2103 4693 2202 4749 riis
2228 4694 2584 4763 temporibus,
2615 4702 2671 4751 et
2715 4696 2820 4752 sub
2858 4697 3088 4767 singulis
3126 4699 3353 4771 regibus
3380 4699 3675 4768 separatim

2102 4780 2262 4839 edita:
2281 4785 2597 4854 prophetiae,
2621 4800 2651 4838 a
2682 4786 2947 4842 studiosis
2963 4788 3266 4858 antiquitus
3288 4796 3514 4844 servatae
3538 4788 3676 4845 fuis-

2103 4877 2261 4935 sent,
2314 4873 2431 4928 sive
2476 4872 2700 4941 Esdras,
2747 4875 2864 4930 sive
2916 4876 3137 4945 quidam
3167 4877 3282 4942 alii,
3330 4879 3673 4949 singulorum

2102 4962 2491 5032 prephetarum
2518 4962 2686 5030 dicta,
2718 4964 2889 5020 variis
2915 4965 3254 5035 temporibus
3301 4969 3532 5038 prolata,
3563 4985 3673 5023 uno

2103 5053 2381 5109 volumine
2417 5055 2958 5115 circumscribentes.
2990 5071 3054 5111 ea
3088 5073 3209 5127 qua:
3237 5059 3413 5127 primo
3462 5045 3673 5130 reperta

2101 5144 2341 5211 fuerant,
2372 5147 2550 5218 primo
2584 5146 2705 5203 loco
2733 5156 3054 5218 posuerunt,
3084 5148 3283 5204 deinde
3319 5165 3383 5205 ea
3418 5167 3539 5221 qua:
3571 5168 3671 5222 po-

2100 5244 2217 5292 stea
2275 5238 2343 5293 ad
2410 5253 2634 5293 manum
2690 5248 2992 5302 venerunt.
3045 5240 3397 5310 subjunxere,
3453 5241 3672 5299 etiamsi

2099 5335 2345 5399 tempore
2369 5331 2646 5401 praeirent.
2674 5329 2876 5386 Eadem
2906 5347 3037 5387 vero
3063 5333 3275 5389 ratione
3296 5329 3497 5389 Psalmi
3527 5335 3670 5405 dige-

2099 5422 2170 5477 sti
2201 5429 2350 5488 sunt,
2381 5424 2498 5479 sive
2532 5438 2724 5479 omnes
2754 5439 2861 5478 una
2890 5432 3231 5493 spectentur,
3272 5425 3387 5482 sive
3435 5426 3471 5480 ii
3517 5441 3670 5481 seor-

2097 5512 2200 5569 sim
2223 5530 2363 5586 quos
2389 5515 2504 5585 jam
2543 5523 2865 5572 tractamus.
2908 5514 3022 5572 Nisi
3068 5514 3303 5572 fortasse
3343 5515 3670 5588 profundior

2060 5651 2065 5659 .
2097 5603 2277 5676 aliqua
2308 5606 2641 5676 intelligendi
2683 5609 2843 5673 ratio,
2878 5608 3039 5664 nobis
3071 5608 3309 5671 occulta.
3343 5610 3504 5663 aliam
3534 5626 3668 5665 cau-

2097 5713 2212 5753 sam
2241 5698 2309 5753 ad
2335 5700 2666 5769 quatstiones
2687 5701 3011 5757 solutionem
3044 5700 3251 5757 all‘crat.
3283 5700 3358 5755 Ea
3389 5717 3519 5758 vero
3544 5717 3667 5772 quae

2095 5789 2162 5845 de
2192 5790 2383 5846 ordine
2406 5792 2737 5861 psalmorum
2760 5790 3023 5846 Filiorum
3045 5792 3204 5859 Core,
3236 5801 3290 5848 et
3320 5790 3387 5848 de
3407 5792 3666 5848 Oratione

2096 5880 2312 5940 Davidis
2342 5901 2461 5956 quae
2496 5893 2623 5943 ante
2642 5886 2789 5943 hunc
2817 5886 3093 5957 psalmum
3125 5886 3302 5957 posita
3357 5894 3411 5944 et
3457 5885 3513 5939 in
3544 5897 3662 5938 me~
