4066 6374
402 397 539 456 101⁸5

1090 401 1359 461 EUSEBII
1397 404 1880 463 CAESARIENSIS
1919 405 2071 463 OPP.
2111 405 2288 462 PARS
2329 405 2413 464 ιιι.
2457 438 2526 448 —-
2563 405 2973 466 EXEGETICA.

3510 414 3651 472 nm

395 524 488 577 dio
508 525 839 593 psalmorum
854 523 1118 580 Filiorum
1151 528 1292 583 Core
1314 529 1488 584 locata
1522 538 1820 600 est,-prout
1849 545 1975 584 suc-

2077 527 2292 599 ψαλμοῦ
2325 529 2604 599 κειμένης,
2640 528 2734 581 καὶ
2769 528 2940 600 μέσης
2966 529 3085 583 Τῶν
3103 530 3232 584 υίῶν
3265 530 3411 602 Κορὲ
3434 549 3649 603 παρεμ-

396 613 692 668 currebant
728 629 757 667 a
783 615 942 671 nobis
968 618 1217 687 exposita
1246 627 1396 682 sunt,
1429 620 1630 690 cuique
1656 621 1855 675 volenti
1896 620 1967 674 le-

394 719 520 776 gere
544 707 689 760 licet.
720 705 784 760 Et
820 706 935 763 haec
988 708 1208 778 quidem
1260 725 1292 765 a
1346 710 1505 768 nobis
1556 711 1967 767 exercitationis

394 808 559 848 causa
591 794 733 849 dicta
761 797 894 851 sint.

466 879 603 947 Quia
632 898 760 938 vero
791 885 846 938 in
875 885 976 941 hoc
1001 888 1213 957 psalmo
1241 890 1520 945 indeﬁnite
1544 890 1624 946 sic
1649 890 1916 961 incipitur
1950 912 1965 946 :

398 970 773 1029 Fundamenta
799 976 913 1045 ejus
950 979 1005 1030 in
1027 980 1293 1034 montibus
1319 982 1559 1043 sanctis;
1588 981 1788 1036 merito
1814 991 1969 1054 roget

396 1063 595 1134 aliquis
631 1068 885 1137 quisnam
916 1069 1004 1125 ille
1033 1070 1124 1126 sit.
1150 1070 1251 1126 Cui
1279 1072 1606 1143 respondeat
1644 1074 1969 1131 incunctan-

395 1159 481 1210 ter
498 1157 790 1228 quispiam,
816 1159 981 1215 Deum
1008 1177 1129 1218 esse
1151 1163 1559 1231 intelligendum
1583 1184 1601 1231 ;
1621 1166 1748 1235 quia
1769 1167 1969 1222 deinde

397 1246 766 1320 subjungitur,
783 1251 968 1307 civitas
991 1252 1109 1309 Dei.
1136 1253 1246 1325 Ego
1266 1271 1392 1310 vero
1413 1257 1756 1313 considerata
1779 1259 1970 1328 psalmi

397 1340 558 1404 serie,
591 1356 715 1395 cum
757 1342 1017 1415 deinceps
1056 1344 1261 1400 dictum
1318 1356 1574 1402 occurrat
1630 1368 1643 1403 :
1698 1348 1970 1421 Numquid

398 1429 549 1485 Sioni
587 1433 745 1494 dicet.
775 1434 946 1490 Homo
977 1446 1026 1491 et
1065 1438 1218 1492 Itomo
1265 1448 1422 1493 natus
1469 1448 1548 1493 est
1583 1440 1638 1494 iu
1665 1458 1749 1505 ea,
1786 1450 1834 1495 et
1866 1442 1974 1511 ipse

396 1523 638 1594 {undavit
659 1544 815 1591 eam;
845 1544 942 1598 pro
972 1546 1082 1601 quo
1114 1530 1308 1601 Aquila
1335 1533 1730 1603 interpretatus
1754 1541 1875 1588 est:
1904 1533 1974 1588 Et

394 1614 546 1674 Sioni
570 1616 794 1682 dicetur,
832 1619 923 1675 Vir
950 1631 999 1676 et
1029 1624 1106 1677 vir
1134 1633 1290 1679 natus
1322 1634 1401 1678 est
1446 1626 1498 1680 in
1526 1643 1611 1691 ea,
1647 1634 1697 1680 et
1724 1628 1834 1695 ipse
1873 1628 1969 1696 ﬁr-

396 1707 560 1763 mabit
589 1727 742 1775 eain;
777 1710 1136 1782 Symmachus
1161 1730 1288 1770 vero
1315 1732 1330 1770 :
1355 1715 1434 1770 De
1469 1715 1599 1771 Sion
1636 1717 1862 1784 dicetur,
1895 1734 1975 1773 se-

2072 618 2434 689 ϐεϐλημένης,
2450 618 2732 687 πρόκειται
2752 623 2863 680 τοῖς
2879 620 3149 674 ἐθέλουσιν
3169 621 3517 692 ἐντυγχάνειν
3538 627 3653 689 τοῖς

2070 708 2379 780 εἰρημένοις
2401 710 2533 780 ἡμῖν
2553 708 2878 781 ἔμπροσθεν.
2911 709 3095 763 Ταῦτα
3129 709 3228 783 μὲν
3265 706 3360 765 οὖν
3386 713 3520 783 ἡμῖν
3549 707 3654 769 ὧδέ

2070 817 2149 871 πη
2186 816 2427 871 προγεγυ
2435 800 2672 871 μνάσθω.

2157 892 2308 945 Ἐπεὶ
2329 892 2385 945 δὲ
2413 892 2680 965 ἀορίστως
2706 894 3007 965 ἀρχόμενος
3024 894 3061 946 ’ὁ
3085 894 3245 961 λόγος
3268 895 3325 948 ὲν
3347 895 3431 967 τῷ
3450 896 3656 970 ψαλμῷ

2072 1000 2237 1054 φησιν
2254 1001 2268 1014 ’
2303 987 2366 1037 Ol
2386 984 2642 1048 θεμέλιοι
2667 985 2853 1039 αὐτοῦ
2876 987 2945 1038 ἐν
2966 986 3088 1051 τοῖς
3107 985 3270 1054 ὄρεσι
3292 987 3418 1054 τοῖς
3436 990 3649 1059 ἁγίοις·

2072 1076 2295 1138 εἰκότως
2326 1072 2391 1128 ἄν
2415 1092 2500 1138 τις
2530 1074 2805 1147 ζητησειε,
2830 1076 2973 1140 τίνος
3003 1076 3190 1131 αὐτοῦ.
3214 1078 3523 1150 Προχείρως
3549 1081 3651 1151 μὲν

2072 1158 2167 1217 οὖν
2191 1164 2333 1217 εἴποι
2356 1181 2440 1229 τις
2474 1164 2542 1218 ἂν
2573 1165 2810 1220 νοεῖσθαι
2843 1166 2938 1249 τοῦ
2966 1166 3099 1221 Θεοῦ
3121 1183 3135 1196 ο
3168 1167 3357 1240 ἐπειδὴ
3380 1170 3504 1243 ἑξῆς
3525 1173 3647 1226 ὲπι-

2072 1255 2308 1323 λέγεται,
2342 1256 2380 1323 ἠ
2428 1258 2605 1323 πόλις
2634 1258 2740 1312 τοῦ
2787 1259 2953 1313 Θεοῦ.
2974 1258 3114 1327 Ἐγὼ
3143 1258 3220 1323 δὲ,
3250 1261 3546 1332 ἐπιστήσας
3578 1267 3646 1335 τῇ

2051 1424 2054 1427 Δ
2076 1348 2363 1420 ἀκολουθίᾳ
2389 1347 2483 1402 τοῦ
2506 1348 2745 1420 ψαλμοῦ,
2767 1351 2863 1403 καὶ
2890 1348 3067 1422 εὑρὼν
3095 1353 3222 1423 ἑξῆς
3254 1353 3543 1425 εἰρημένον
3569 1355 3650 1409 ἰδ’
3731 1404 3741 1414 ,

2073 1439 2169 1509 Μὴ
2202 1439 2276 1509 τῇ
2299 1440 2449 1494 Σιὼν
2467 1441 2616 1511 ἐρεῖ*
2652 1443 2986 1510 Ἀνθρωπος
3014 1443 3111 1497 καὶ
3148 1442 3456 1513 ἄνθρωπος
3491 1446 3660 1508 ἐγεν-

2073 1534 2226 1596 νήθη
2253 1534 2322 1586 ἐν
2347 1528 2523 1602 αὐτῇ,
2550 1533 2647 1587 καὶ
2672 1533 2853 1601 αὐτὸς
2876 1534 3273 1604 ἐθεμελίωσεν
3291 1535 3485 1603 αὑτήν
3538 1537 3660 1590 ἀνθ’

2076 1617 2137 1676 οὗ
2167 1625 2196 1676 ὁ
2239 1621 2468 1686 ’Ἀκύλας
2502 1623 2767 1694 πεποίηκε
2789 1642 2802 1665 9
2828 1625 2935 1677 Kal
2972 1624 3048 1693 τῇ
3076 1624 3227 1678 Σιὼν
3257 1626 3619 1695 λεχθήσεται
3638 1643 3654 1656 ο

2089 1716 2258 1784 Ἀνὴρ
2290 1716 2387 1770 καὶ
2413 1715 2569 1786 ἀνὴρ
2595 1717 2806 1787 ἐτέχθη
2834 1717 2903 1770 ἐν
2922 1716 3095 1786 αὐτῇ,
3134 1718 3233 1771 καί
3272 1719 3455 1786 αὐτὸς
3487 1719 3659 1791 ἑδρά-

394 1800 624 1854 cundum
650 1800 886 1873 singulos
918 1806 1154 1861 homines
1181 1808 1287 1876 ipse
1314 1818 1471 1864 natus
1499 1819 1577 1863 est
1604 1809 1698 1874 ibi,
1727 1810 1837 1879 ipse
1859 1826 1977 1865 vero

2078 1823 2175 1861 σει
2205 1805 2429 1874 αὑτήν
2467 1809 2526 1863 ’0
2554 1808 2610 1862 δὲ
2642 1804 2934 1879 Σύμμαχος
2957 1808 3034 1882 (1)
3053 1827 3066 1840 ·
3108 1809 3247 1880 Περὶ
3284 1811 3353 1864 δὲ
3379 1811 3532 1865 Σιὼν
3556 1816 3657 1867 λε-

393 1890 625 1962 ﬁrmavit
644 1911 760 1948 eam
784 1910 804 1958 ;
841 1896 1078 1952 arbitror
1103 1900 1601 1970 congruentissime
1616 1901 1822 1956 dictum
1846 1916 1971 1956 esse

2077 1896 2362 1968 χθιξσεται
2384 1917 2395 1929 υ
2438 1900 2577 1957 Καθ’
2606 1898 2866 1953 ἕκαστον
2887 1899 3200 1969 ἄνθρωπον
3233 1902 3417 1969 αὐτὸς
3445 1903 3662 1973 ἐτέχθη

395 1985 529 2040 illud
565 2005 577 2041 :
612 1983 983 2042 Fundamenta
1009 1990 1122 2059 ejus
1167 1989 1224 2044 in
1272 1993 1559 2054 montibus.
1608 1995 1727 2048 sine
1767 1993 1974 2048 addita-

396 2085 580 2131 mento
611 2075 726 2141 illo,
750 2074 847 2132 Dei
865 2094 882 2141 ;
917 2087 976 2133 ut
1007 2080 1387 2151 perquirentes
1420 2082 1546 2152 quis
1576 2082 1669 2137 ille
1698 2089 1870 2147 esst-t,
1905 2097 1972 2136 ex

397 2168 753 2237 sequentibus
812 2172 1241 2238 comperiremus
1265 2212 1280 2233 ,
1333 2189 1458 2227 eum
1494 2188 1618 2228 esse
1657 2174 1833 2227 virum
1877 2172 1973 2244 qui

315 2329 325 2337 φ
376 2244 619 2313 ἐἰοηεηι
672 2258 933 2316 fundasse
973 2262 1195 2326 dicitur,
1251 2266 1454 2334 quique
1498 2264 1624 2320 istic
1674 2271 1837 2319 natus
1868 2271 1970 2319 est.

396 2345 530 2403 Nam
564 2350 640 2404 ait
678 2368 691 2405 :
730 2350 900 2407 llomo
947 2362 1107 2408 natus
1145 2362 1225 2408 est
1262 2354 1315 2407 in
1355 2371 1439 2419 ea,
1488 2363 1538 2409 et
1576 2353 1685 2423 ipse
1729 2352 1976 2424 [undavit

394 2456 544 2503 eant;
578 2441 711 2505 sive,
741 2452 790 2497 et
817 2444 925 2513 ipse
950 2445 1185 2515 ﬁrmavit
1210 2462 1347 2500 eam.
1385 2443 1522 2500 Cum
1552 2444 1757 2501 dicitur
1786 2460 1917 2516 ergo
1953 2463 1967 2499 :

401 2528 769 2588 Fundamenta
795 2535 932 2604 ejus,
970 2536 1365 2592 subaudiamus
1397 2551 1498 2591 nos
1525 2537 1701 2591 virum
1726 2538 1820 2607 qui
1851 2535 1977 2591 fun-

397 2621 546 2677 davit
560 2636 701 2687 eam,
715 2623 966 2681 videlicet
979 2622 1071 2680 Dei
1091 2627 1386 2683 civitatem.
1408 2625 1502 2683 Dei
1523 2643 1654 2683 vero
1674 2627 1973 2692 civitatem,

400 2730 520 2769 eam
561 2731 683 2772 esse
708 2723 902 2787 putare
940 2732 1061 2787 qua:
1100 2718 1153 2772 in
1188 2718 1475 2774 Palaestina
1511 2721 1643 2775 olim
1665 2718 1974 2775 Iudaeorum

399 2809 717 2878 metropolis
732 2816 871 2872 erat.
901 2809 953 2863 id
980 2825 1086 2864 non
1111 2810 1288 2864 solum
1313 2809 1417 2866 vile
1452 2820 1507 2865 et
1545 2810 1845 2882 abiectum,
1876 2810 1974 2867 sed

397 2902 559 2957 etiam
585 2903 809 2974 impium
831 2915 1005 2972 esset;
1029 2921 1148 2959 nam
1174 2903 1242 2960 dc
1263 2906 1350 2959 illa
1372 2902 1570 2962 ludant:
1591 2906 1831 2970 civitate,
1856 2921 1978 2978 qua:

395 2988 509 3064 iam
549 2995 618 3050 ab
642 2994 962 3066 alienigenis
1003 2996 1257 3065 gentibus
1328 2998 1607 3064 incolitur,
1665 2998 1976 3053 existimare

396 3086 602 3142 dictum
624 3102 749 3145 esse
776 3088 932 3151 illud,
962 3087 1152 3159 Diligit
1184 3089 1441 3147 Dominus
1469 3102 1651 3162 portas
1682 3087 1831 3158 Sion,
1857 3107 1980 3161 qua:

395 3175 513 3251 jam
543 3178 771 3281 deserta
794 3189 850 3236 et
871 3181 1066 3281 dizulie
1089 3191 1250 3251 sunt;
1283 3195 1337 3238 et
1361 3184 1513 3250 illud,
1550 3183 1797 3239 Gloriosa
1832 3184 1977 3238 dicta
2002 3225 2048 3281 υ

401 3280 528 3328 sunt
558 3270 622 3326 de
658 3281 727 3335 te,
761 3273 947 3327 civitas
999 3272 1134 3338 Dei,
1167 3290 1231 3331 ac
1278 3292 1497 3331 rursum
1525 3276 1676 3339 alibi,
1710 3274 1976 3330 Fluminis

400 3359 626 3431 impetus
663 3360 939 3431 [reti/itaut
988 3364 1250 3417 civitatem
1279 3364 1377 3418 Dei
1398 3364 1480 3431 ⁷¹⁸;
1511 3374 1565 3420 et
1605 3365 1822 3430 iterum,
1852 3362 1978 3418 Ma-

400 3466 536 3520 gnus
581 3442 859 3506 Dominus.
899 3461 949 3506 et
993 3451 1282 3506 laudabitis
1325 3454 1484 3521 nimis
1526 3454 1584 3507 in
1630 3454 1841 3509 civitate
1882 3453 1991 3525 Dei.

402 3542 590 3606 nostri,
621 3544 676 3597 in
706 3553 881 3598 monte
926 3555 1111 3598 sancta
1139 3545 1253 3614 ejus
1270 3546 1353 3614 '7;
1389 3548 1522 3609 haec,
1565 3547 1813 3617 inquam,
1862 3562 1981 3602 om-

350 3676 365 3689 .
404 3630 495 3685 nia
523 3632 668 3687 dicta
697 3633 997 3705 intelligere
1023 3637 1090 3692 de
1135 3637 1374 3703 civitate,
1402 3653 1567 3708 quam
1611 3655 1754 3692 nunc
1783 3637 1980 3700 Graeci,

405 3723 721 3795 alienigenae
758 3735 812 3781 et
840 3723 1139 3782 idnlolatraa
1161 3729 1422 3791 incolunt,
1453 3729 1662 3798 abjecta
1690 3745 1822 3785 sane
1849 3729 1981 3783 mihi

407 3824 459 3868 et
491 3813 755 3871 vilissima
806 3820 1075 3874 sententia
1125 3820 1357 3874 videtur.
1404 3820 1561 3888 Quod
1615 3823 1658 3877 si
1692 3821 1817 3892 quis
1855 3836 1980 3890 per-

404 3906 603 3975 pendat
634 3908 809 3965 soiere
832 3909 1046 3966 divinas
1105 3919 1160 3967 et
1210 3914 1557 3982 proplieticas
1604 3928 1767 3969 voces
1793 3913 1987 3967 civita-

412 4005 527 4051 tein
559 3994 656 4052 Dei
699 4014 895 4054 vocare
932 4003 1080 4070 pium
1110 4016 1174 4056 ac
1209 4001 1521 4072 religiosum
1555 4001 1871 4056 institutum
1891 4040 1906 4064 ,
1936 4000 1985 4054 is

407 4103 544 4145 sane
586 4090 790 4145 videbit
826 4107 936 4162 quo
974 4099 1133 4162 pacto
1168 4107 1262 4163 per
1296 4101 1469 4147 totum
1519 4093 1731 4155 orbem,
1767 4089 1876 4146 Deo
1902 4090 1986 4145 di-

406 4177 608 4237 lectum
643 4181 776 4237 illud
806 4193 860 4238 et
899 4183 1214 4253 religiosum
1254 4183 1568 4239 institutum
1613 4192 1668 4238 et
1708 4183 1985 4238 civitatem

410 4271 666 4331 Salvator
690 4284 748 4330 et
799 4275 1063 4332 Dominus
1110 4286 1298 4332 noster
1328 4276 1514 4340 Jesus,
1556 4274 1817 4332 Christus
1867 4274 1985 4340 Dei,

2070 1989 2225 2044 ἐκεῖ·
2255 1991 2436 2057 αὐτὸς
2481 1989 2549 2044 δὲ
2592 1991 2858 2061 ἦδριισεν
2888 1992 3114 2061 αὐτήν·
3163 1995 3404 2065 ἡγοῦμαι
3453 1995 3657 2068 σφόδρα

2073 2080 2380 2145 ἀκολούθως
2421 2082 2671 2153 εἰρῆσθαι
2712 2082 2773 2136 τό
2793 2101 2806 2114 ⁸
2849 2086 2913 2137 Ol
2943 2083 3201 2154 θεμέλιοι
3222 2084 3408 2140 αὑτοῦ
3439 2085 3509 2139 ἐν
3535 2086 3661 2152 τοῖς

2075 2172 2261 2239 ὄρεσι,
2294 2173 2387 2226 καὶ
2415 2171 2489 2243 μὴ
2520 2172 2839 2244 προκεῖσοαι
2873 2172 2952 2238 τὸ,
2986 2171 3089 2229 τοῦ
3124 2175 3272 2230 Θεοῦ
3292 2193 3307 2207 ο
3340 2175 3428 2241 ἵν’,
3463 2175 3657 2247 ἐπιζη-

2073 2264 2336 2335 τήσαντες
2359 2265 2500 2327 τίνος
2554 2261 2738 2323 αὑτοῦ.
2767 2264 3016 2336 εὕρωμεν
3044 2264 3151 2319 ἀπὸ
3177 2265 3286 2320 τῶν
3308 2264 3433 2335 ἑξῆς
3457 2266 3548 2320 τὸν
3575 2265 3658 2320 λε-

2073 2355 2304 2426 γόμενον
2336 2353 2791 2426 τεθεμελιωκέναι
2812 2354 2908 2426 τὴν
2930 2355 3070 2408 Σιὼν
3099 2355 3289 2428 ἄνδρα,
3318 2356 3408 2408 τὸν
3427 2356 3520 2409 καὶ
3541 2371 3657 2423 γεν-

2075 2445 2304 2517 νηθέντα
2352 2447 2497 2499 ἐκεῖ·
2536 2447 2888 2512 Ἄνθρωπος,
2941 2445 3048 2516 γάρ
3109 2462 3291 2515 φησιν,
3331 2445 3545 2514 ἐτέχθη
3590 2443 3661 2498 ἐν

2075 2538 2253 2609 αὐτῇ,
2282 2538 2382 2592 καὶ
2407 2539 2589 2605 αὐτὸς
2618 2538 3012 2607 ἐθειιελίωσεν
3037 2537 3232 2606 αὐτὴν
3252 2553 3267 2571 ³
3302 2540 3335 2611 ἢ
3361 2538 3458 2592 καί
3477 2537 3660 2605 αὐτὸς

2078 2632 2346 2702 ἢδρασεν
2384 2633 2598 2701 αὑτήν.
2628 2631 2937 2702 Λεγομένου
2984 2630 3271 2705 τοιγαροῦν
3303 2629 3398 2685 τοῦ
3420 2649 3434 2663 ’
3476 2633 3540 2686 Ol
3569 2634 3662 2685 θε-

2071 2726 2270 2796 μέλιοι
2313 2724 2520 2791 αὑτοῦ,
2550 2724 3088 2797 προσυπακούσωμεν
3121 2726 3283 2796 ἡμεῖς
3326 2723 3388 2777 τὸ
3423 2720 3517 2777 τοῦ
3567 2724 3663 2778 ἀν-

2076 2816 2202 2888 δρὸς
2230 2815 2325 2869 τοῦ
2366 2814 2796 2886 θεμελιώσαντος
2824 2815 2994 2884 αὑτήν
3012 2831 3025 2844 ·
3060 2812 3221 2885 δῆλον
3251 2810 3295 2865 δ’
3322 2811 3404 2864 ὅτι
3435 2808 3536 2881 τὴν
3564 2807 3661 2863 τοῦ

2078 2906 2213 2960 Θεοῦ
2244 2907 2412 2961 πόλιν.
2448 2907 2607 2961 Πόλιν
2634 2905 2690 2960 δὲ
2719 2905 2812 2959 τοῦ
2843 2903 2982 2960 Θεοῦ
3007 2902 3248 2975 νομίζειν
3274 2900 3371 2975 τίς)
3394 2900 3535 2956 κατὰ
3555 2901 3663 2956 Πα-

2080 2998 2357 3072 λαιστίνην
2376 3000 2438 3052 τὸ
2460 3000 2627 3054 πάλαι
2656 2998 2996 3053 συνεστῶσαν
3035 2994 3303 3049 Ἰουδαίων
3332 2992 3665 3067 μητρόπολιν

2081 3092 2140 3145 οὐ
2186 3092 2345 3162 μόνον
2382 3093 2662 3155 ταπεινὸν,
2687 3091 2826 3145 ἀλλὰ
2856 3090 2950 3143 καὶ
2979 3086 3254 3151 δυσσεϐὲς.
3291 3083 3365 3137 Τὸ
3397 3085 3504 3156 γὰρ
3535 3082 3667 3156 περὶ

2081 3180 2183 3250 τῆς
2209 3181 2303 3236 νῦν
2328 3181 2433 3235 ὑπὸ
2456 3181 2767 3250 ἀλλοφύλων
2800 3176 2967 3232 ἐθνῶν
2992 3174 3312 3247 οἰκουμένης
3340 3175 3399 3226 ὲν
3428 3177 3494 3245 τῇ
3531 3174 3665 3226 Ἰουο

2079 3273 2209 3343 δαίᾳ
2250 3270 2454 3336 πόλεως
2501 3271 2754 3341 λέγεσθαι
2797 3268 3037 3340 νομίζειν
3062 3275 3152 3320 τοο
3202 3262 3420 3334 Ἀγαπᾷ
3450 3265 3668 3335 Κύριος

2080 3366 2187 3431 τὰς
2213 3366 2414 3430 πύλας
2438 3364 2610 3427 Σιὼν,
2631 3362 2730 3426 τὰς
2751 3363 2843 3416 νῦν
2873 3362 3111 3431 ἐρήμους
3135 3358 3229 3413 καὶ
3254 3355 3630 3426 ἠφανισμένας
3645 3370 3662 3385 ⁸

2081 3457 2176 3509 καὶ
2208 3456 2268 3510 τό
2288 3472 2301 3486 ο
2331 3453 2749 3526 Δεδοξασμένα
2773 3451 3040 3519 ἐλαλήθη
3069 3449 3201 3518 περὶ
3241 3446 3379 3512 σοῦ,
3403 3445 3442 3514 ἦ
3488 3448 3671 3513 πόλις

2081 3547 2188 3601 τοῦ
2218 3546 2366 3602 Θεοῦ
2387 3565 2400 3579 ·
2425 3548 2520 3601 καὶ
2551 3545 2712 3600 πάλιν
2747 3543 2977 3614 ἀλλαχοῦ
2997 3559 3009 3572 ·
3049 3542 3158 3597 Τοῦ
3184 3539 3450 3609 ποταμοῦ
3477 3539 3550 3593 τὰ
3572 3541 3668 3607 ὀρ·-

2076 3633 2319 3703 μήματα
2343 3634 2735 3703 εὐφραίνουσι
2759 3632 2872 3701 τὴν
2893 3632 3076 3684 πόλιν
3100 3630 3206 3683 τοῦ
3235 3627 3382 3682 Θεοῦ
3401 3645 3414 3657 ·
3441 3628 3536 3682 καὶ
3565 3643 3670 3682 πα·-

2081 3723 2165 3777 λιν
2185 3742 2198 3754 ·
2229 3724 2426 3794 Μέγας
2457 3724 2671 3793 Κύριος
2696 3722 2794 3777 καί
2835 3721 3069 3787 ali-ator;
3105 3718 3341 3789 σφόδρα
3375 3718 3447 3772 ἐν
3495 3708 3670 3771 πόλει

2084 3814 2189 3868 τοῦ
2235 3814 2382 3868 Θεοῦ
2425 3812 2613 3883 ἡμῶν,
2644 3813 2714 3867 ἐν
2756 3812 2875 3882 ὄρει
2914 3812 3061 3881 ἁγίῳ
3099 3809 3321 3865 αὐτοῦ·
3359 3809 3453 3863 καί
3497 3807 3673 3862 ταῦτα

2085 3906 2264 3959 πάντα
2295 3906 2533 3978 νομίζειν
2566 3905 2818 3975 λέγεσθαι
2851 3904 2979 3976 περὶ
3007 3903 3211 3967 πόλεως
3260 3905 3324 3975 ἢν
3372 3902 3560 3973 ἄνδρες
3586 3901 3669 3953 ol-

2088 3997 2247 4051 κοῦσι
2276 3995 2370 4051 νῦν
2404 3996 2666 4068 ’Έλληνες
2693 3997 2787 4051 καὶ
2828 3995 3110 4065 ἀλλόφυλοι
3138 3995 3232 4050 καὶ
3265 3995 3671 4066 εἰδωλολάτραι,

2089 4089 2294 4161 σφόδρα
2338 4106 2428 4160 μοι
2471 4089 2617 4143 δοκεῖ
2648 4088 2908 4158 ταπεινῆς
2938 4084 3096 4153 εἶναι,
3132 4089 3225 4142 καὶ
3261 4085 3675 4159 μικροπρεποῦς

2087 4180 2346 4244 διανοίας.
2376 4180 2440 4233 Et
2471 4179 2529 4232 δέ
2570 4197 2655 4244 τις
2697 4181 2940 4251 νοήσειεν
2973 4182 3119 4245 ὅπως
3153 4178 3406 4232 εἰώθασιν
3438 4178 3495 4230 αἱ
3528 4177 3672 4234 θεῖαι

2089 4272 2184 4327 κού⁹
2214 4270 2550 4343 προφητικαὶ
2581 4272 2756 4341 φωναὶ
2785 4271 2938 4325 πόλιν
2967 4270 3102 4325 Θεοῦ
3132 4270 3315 4324 καλεῖν
3340 4268 3402 4322 τὸ
3421 4267 3675 4333 θεοσεσὲς

410 4365 726 4424 fundaverit
760 4376 816 4423 et
857 4367 1177 4424 ﬁrmaverit.
1214 4370 1397 4434 Quare
1454 4366 1823 4423 diversimode
1856 4381 1983 4436 prae-

2092 4363 2416 4434 πολίτευμα,
2452 4362 2642 4432 ὄψεται
2672 4362 2795 4416 τίνα
2821 4362 3022 4434 τρόπον
3059 4361 3181 4414 καθ’
3213 4361 3341 4433 ὅλης
3370 4361 3468 4432 τῆς
3490 4361 3676 4414 οἰκου-

409 4459 627 4514 dicatur
665 4474 698 4515 a
729 4460 1031 4530 prophetis,
1064 4476 1190 4516 cum
1228 4461 1433 4515 dicitur
1475 4459 1543 4515 de
1586 4460 1699 4522 illo,
1730 4457 1833 4512 Hic
1858 4457 1983 4513 cedi-

2097 4457 2264 4527 μένης
2292 4456 2388 4528 τὴν
2421 4455 2640 4527 θεοφιλῆ
2672 4454 2874 4526 ταύτην
2902 4455 2995 4508 καὶ
3026 4454 3252 4524 θεοσεϐῆ
3297 4451 3570 4507 πολιτείαν
3612 4468 3677 4505 τε

410 4549 889 4618 ﬁcabitcivitatem
933 4536 1122 4605 meam.
1168 4549 1302 4605 Nam
1340 4548 1432 4606 Dei
1463 4549 1762 4613 civitatem,
1796 4547 1983 4603 videli-

2094 4549 2189 4601 καὶ
2204 4548 2359 4601 πόλιν
2391 4548 2419 4600 ὁ
2442 4548 2629 4620 Σωτὴρ
2669 4537 2764 4601 διαὶ
2784 4547 2988 4619 Κύριος
3021 4549 3054 4618 ὴ
3064 4546 3179 4618 μῶν
3214 4544 3417 4617 Ἰησοῦς
3442 4542 3679 4614 Χριστὸς

413 4649 503 4698 eet
527 4643 841 4699 institutum
867 4642 1170 4698 secundum
1210 4642 1406 4706 Deum,
1438 4653 1492 4698 et
1520 4642 1834 4712 religiosam
1865 4641 1983 4695 vita

2096 4641 2192 4698 τοῦ
2225 4640 2382 4704 Θεοῦ,
2417 4639 2745 4711 ἐθεμελίωσέ
2775 4656 2835 4692 τε
2870 4639 2963 4693 καὶ
2993 4638 3214 4709 ἧδρασε.
3250 4635 3340 4688 Διὸ
3372 4635 3468 4689 καὶ
3500 4632 3681 4687 ποικί-

414 4734 686 4790 rationem
718 4750 816 4805 per
859 4741 1033 4789 totum
1067 4735 1256 4790 orbem
1301 4735 1452 4789 solus
1484 4734 1595 4799 ille,
1624 4734 1677 4788 in
1712 4734 1830 4805 ipsa
1865 4734 1983 4789 civi-

2098 4735 2205 4797 λως
2252 4732 2579 4804 κηρύττεται
2633 4731 2739 4785 ὑπὸ
2785 4730 2893 4784 τῶν
2938 4729 3232 4802 προφητῶν
3263 4731 3321 4783 ὲν
3351 4723 3433 4792 οἷς
3462 4726 3681 4795 λέγεται

417 4832 528 4879 tate
554 4827 792 4896 genitus,
838 4826 1125 4881 constituit
1154 4833 1210 4881 et
1260 4825 1495 4880 ﬁrmavit
1540 4841 1636 4895 per
1691 4824 1983 4881 Ecclesiam

2102 4825 2231 4896 περὶ
2261 4822 2448 4886 αὑτοῦ,
2477 4824 2571 4878 καὶ
2600 4823 2662 4877 τό
2680 4842 2693 4854 ο
2735 4818 2924 4888 Οὗτος
2956 4820 3333 4891 οἰκοδομήσει
3364 4817 3479 4886 τὴν
3499 4818 3683 4870 πόλιν

418 4930 574 4971 suam
609 4906 961 4980 catholicam,
989 4917 1044 4970 in
1073 4916 1219 4971 omni
1257 4916 1397 4975 loco.
1428 4917 1645 4986 regione
1686 4926 1739 4970 et
1775 4916 1983 4972 civitati

2096 4936 2238 4988 μου.
2272 4917 2383 4988 Τὴν
2415 4917 2523 4988 γὰρ
2551 4916 2644 4970 τοῦ
2678 4916 2813 4970 Θεοῦ
2848 4915 3021 4978 πόλιν,
3045 4913 3244 4986 δηλαδὴ
3266 4913 3365 4983 τὴν
3387 4909 3527 4964 κατά
3549 4907 3684 4962 Θεὸν

416 5008 774 5065 constitutam
811 5026 824 5063 :
858 5008 925 5063 de
958 5023 1064 5078 qua
1095 5009 1303 5063 dictum
1334 5016 1527 5078 putare
1549 5010 1805 5064 convenit
1835 5006 1983 5071 illud,

2106 5010 2380 5063 πολιτείαν
2431 5011 2525 5064 καὶ
2571 5009 2634 5063 τὸ
2682 5008 2930 5072 θεοσεὸὲς
2958 5008 3259 5078 πολίτευμα
3289 5002 3409 5059 καθ²
3433 5001 3561 5071 ὅλης
3585 5001 3683 5071 τῆς

422 5097 671 5155 Gloriosa
702 5101 846 5155 dicta
879 5110 1001 5155 sunt
1023 5101 1087 5155 de
1117 5113 1187 5165 te,
1212 5101 1395 5154 civitas
1428 5101 1558 5165 Dei;
1597 5108 1651 5157 et
1681 5101 1836 5167 illud,
1863 5100 1983 5155 Fiu-

2104 5099 2406 5173 ἁνθρὼπων
2431 5102 2753 5175 οἰκουμένης
2786 5100 2944 5172 μόνος
2969 5097 3131 5163 αὐτὸς
3153 5094 3430 5168 γεννηθεὶς
3465 5094 3523 5146 ὲν
3546 5089 3682 5159 αὐτῇ

422 5192 582 5249 minis
622 5191 844 5262 impetus
889 5191 1164 5262 lmtiﬁcant
1213 5194 1477 5247 civitatem
1517 5192 1711 5258 Dei";
1743 5202 1797 5247 et
1844 5208 1983 5264 qua}-

2108 5195 2380 5266 ἱδρύσατο,
2408 5195 2501 5249 καὶ
2533 5191 2877 5265 κατεπήξατο
2908 5190 2996 5244 διὰ
3017 5191 3112 5260 τῆς
3135 5192 3193 5242 ὲν
3225 5186 3388 5241 παντὶ
3412 5185 3564 5253 τόπῳ
3591 5179 3686 5234 καὶ

421 5300 638 5356 cunque
674 5285 786 5340 illis
811 5284 1014 5340 similia
1060 5285 1118 5339 in
1149 5284 1354 5340 divinis
1387 5282 1691 5354 Scripturis
1726 5282 1983 5339 feruntur.

2107 5288 2261 5359 πάσῃ
2290 5285 2445 5358 χώρᾳ.
2476 5287 2571 5339 καὶ
2618 5285 2770 5338 πόλει
2819 5281 3161 5352 συνεστώσης
3193 5276 3359 5334 αὐτοῦ
3392 5271 3685 5342 καθολικῆς

432 5377 786 5450 Ἐκκλησίαςο
833 5377 962 5449 περὶ
991 5371 1061 5448 ἦς
1093 5376 1386 5431 πεπεῖσθαι
1430 5377 1698 5449 προσήκει
1740 5374 1992 5444 λέγεσθαι
2030 5378 2119 5430 τό’
2159 5377 2577 5447 Δεδοξασμὲνα
2608 5375 2873 5443 ἐλαλήθη
2899 5375 3030 5444 περὶ
3066 5373 3204 5437 σοῦ,
3266 5373 3305 5439 νὴ
3335 5370 3513 5434 πόλις
3578 5361 3685 5418 τοῦ

423 5469 594 5535 Θεοῦ,
622 5470 716 5525 καὶ
745 5470 837 5523 τό·
876 5469 987 5524 Τοῦ
1013 5468 1281 5538 ποταμοῦ
1316 5468 1388 5521 τὰ
1426 5466 1734 5537 ὀρμήματα
1772 5466 2165 5536 εὐφραίνουσι
2202 5468 2314 5537 τὴν
2358 5469 2541 5522 πόλιν
2578 5467 2685 5521 τοῦ
2723 5465 2893 5531 Θεοῦ,
2958 5464 3051 5519 καὶ
3103 5465 3203 5517 ὅσα
3270 5460 3400 5518 ἄλλα
3464 5453 3686 5511 τοιαῦτα

425 5562 483 5615 ἐν
509 5564 627 5625 sui;
661 5559 834 5624 θείαις
865 5560 1083 5632 φέρεται
1116 5558 1379 5630 Γραφαῖς.

534 5716 583 5753 ’⁸
621 5712 769 5768 Psal.
808 5728 930 5778 va,
966 5712 1019 5766 5.
1095 5713 1141 5743 '"
1182 5710 1328 5767 Psal.
1367 5726 1513 5765 XLVII
1538 5752 1550 5774 ,
1581 5711 1637 5763 2.
1716 5710 1764 5741 ⁷⁸
1801 5707 1944 5765 Psal.
1985 5725 2109 5773 ην,
2146 5709 2201 5762 5.

501 5838 580 5913 (1)
616 5836 803 5891 Lcctio
841 5834 1153 5907 Symmachi
1192 5833 1281 5889 hic
1310 5832 1497 5887 vitiata
1536 5831 1785 5902 videtur;
1820 5831 1962 5888 infra
2004 5829 2273 5887 sincerior
2303 5846 2345 5885 e:
