4066 6366
402 365 416 370 ”
440 359 577 414 ιοιε

1628 349 2130 406 COMMENTARM
2170 349 2235 403 IN
2277 344 2617 403 PSALMOS.
2686 347 2690 352 ’

3547 325 3702 382 ίθὶίϐἴ

507 477 619 547 Τῆς
641 472 738 528 οὖν
762 475 1022 545 μεγίστης
1047 473 1247 541 ταύτης
1275 471 1365 524 καὶ
1401 469 1735 540 θεοπρεποῦς
1775 470 1998 532 πόλεως,

2177 467 2349 536 Hujus
2379 467 2560 534 itaque
2593 459 2842 514 maxime:
2866 464 2918 509 et
2946 453 3052 509 Deo
3080 452 3258 522 dignae
3289 445 3550 518 civitatis,
3573 443 3684 497 sci-

434 566 575 637 λέγω
603 567 658 620 δὲ
680 569 777 636 τῆς
803 565 895 618 τοῦ
922 564 1056 618 Θεοῦ
1098 562 1440 633 Ἐκκλησίας,
1460 562 1552 614 καὶ
1580 560 1670 614 τοῦ
1697 562 1815 614 κατ’
1839 560 2006 630 αὐτὴν

435 659 828 731 ἐμφαινομένου
879 657 1161 721 θεοσεϐοῦς
1212 657 1623 726 πολιτεύματος,
1670 658 1718 708 οἱ
1766 654 2005 724 θεμέλιοι

435 753 792 822 τυγχάνουσιν
820 753 879 803 ἐν
913 753 1024 814 τοῖς
1064 750 1216 820 ὄρεσι
1242 752 1352 814 τοῖς
1377 749 1570 818 ἁγίοις.
1589 749 1907 819 Ἐρμηνεύει
1949 747 2006 800 δὲ

435 843 526 897 τὸν
577 841 731 908 λόγον
776 843 804 893 ὁ
840 840 1156 903 Ἀπόστολος
1193 841 1446 908 φάσκων·
1493 838 2008 907 Ἐποικοδομηθέν-

436 952 532 999 τες
566 933 662 986 ἐπὶ
693 932 770 998 τῷ
800 934 1048 1000 θεμελίῳ
1089 931 1205 985 τῶν
1251 931 1610 985 ἀποστόλων
1638 931 1735 983 καὶ
1781 947 2008 998 προφη-

433 1025 570 1089 τῶν,
613 1027 784 1091 ὄντος
817 1025 1244 1092 ἀκρογωνιαίου
1275 1024 1460 1078 αὑτοῦ
1496 1024 1693 1091 Ἰησοῦ
1727 1024 2004 1092 Χριστοῦ.

434 1119 542 1170 Καὶ
594 1119 768 1182 άλλως
813 1120 870 1172 δὲ
914 1119 963 1172 oi
1008 1118 1244 1188 θεμέλιοι
1283 1117 1445 1171 αὐτοῦ
1472 1118 1570 1171 οὐκ
1597 1117 1831 1170 ἐνταῦθα
1860 1117 2008 1170 κάτω

434 1211 528 1261 καὶ
555 1211 683 1280 παρ’
711 1211 855 1280 ἡμᾶς
884 1210 1260 1279 τυγχάνουσιν,
1286 1208 1398 1262 ἀλλ’
1426 1209 1536 1263 ἄνω
1561 1226 1664 1261 που
1695 1210 1785 1262 καὶ
1817 1210 1871 1261 ἐν
1898 1212 2009 1273 τοῖς

435 1297 788 1368 καλουμένοις
826 1299 1001 1366 ἁγίοις
1028 1298 1200 1369 ὄρεσι.
1234 1297 1325 1349 Διὸ
1351 1295 1596 1349 λέλεκται
1615 1313 1628 1327 ·
1661 1299 1724 1350 Ol
1753 1295 2007 1366 θεμέλιοι

433 1388 617 1442 αὐτοῦ
659 1388 729 1440 ἐν
771 1387 892 1454 τοῖς
921 1389 1084 1455 ὄρεσι
1111 1388 1233 1454 τοῖς
1263 1388 1472 1456 ἁγίοις.
1508 1383 1631 1440 Εἶεν
1668 1390 1697 1440 δ
1744 1387 1809 1440 ἂν
1837 1387 2009 1440 ταῦτα

433 1478 501 1530 τὰ
526 1478 626 1549 ὅρη
655 1479 702 1531 οἱ
733 1479 950 1550 οὐρανοὶ
983 1479 1090 1532 τῶν
1120 1477 1382 1549 οὐρανῶν,
1417 1476 1544 1530 ἔνθα
1581 1477 1638 1530 τὸ
1679 1477 1820 1548 μέγα
1855 1478 2008 1530 πολί-

431 1586 608 1638 τευμα
631 1568 730 1637 τῆς
760 1569 1081 1639 ἐπουρανίου
1107 1567 1265 1631 Σιὼν,
1294 1570 1386 1622 καὶ
1410 1569 1510 1638 τῆς
1531 1568 1744 1641 ἀληθῶς
1771 1567 2009 1639 μεγάλης

431 1660 527 1714 τοῦ
553 1660 686 1713 Θεοῦ
719 1661 926 1724 πόλεως
959 1661 1306 1732 συνέστηκεν.
1335 1662 1448 1714 Οὐκ
1469 1660 1599 1731 ἐμὸς
1626 1661 1682 1714 δὲ
1710 1655 1859 1723 οὗτος
1878 1660 1907 1712 ὁ
1927 1659 2011 1713 λό-

432 1768 548 1819 γος,
579 1749 714 1803 ἀλλὰ
749 1751 839 1802 καὶ
871 1750 1031 1814 αὐτὸς
1067 1750 1159 1803 τοῦ
1196 1753 1461 1820 φήσαντος
1477 1750 1825 1803 Ἀποστόλουο
1845 1750 1921 1804 ,Ἠ
1945 1749 2012 1804 δὲ

433 1841 556 1894 ἅνω
595 1841 978 1909 Ἰερουσαλὴμ
1009 1843 1290 1910 ἐλευθέρα
1330 1842 1521 1907 ἐστὶν,
1560 1841 1690 1910 ἣτις
1721 1842 1852 1896 ἐστὶ
1894 1842 2011 1910 μή·

435 1949 544 1997 τηρ
601 1930 788 1999 ἡμῶν,
835 1933 927 1985 καί
947 1951 960 1964 ο
999 1935 1496 2000 Προσεληλύθατε
1549 1936 1700 1986 Σιων
1746 1932 1867 1999 ὄρει
1912 1933 2010 1988 καὶ

437 2023 605 2076 πόλει
651 2022 797 2076 Θεοῦ
836 2022 1070 2089 ζῶντος,
1089 2023 1473 2092 Ἰερουσαλὴμ
1512 2023 1863 2091 ἐπουρανίῳ,
1911 2024 2010 2076 καὶ

429 2112 718 2182 μιιοιὰσιν
730 2113 1000 2183 ἀγγέλων
1018 2117 1369 2185 πανηγύρει,
1388 2115 1487 2168 καὶ
1522 2114 1844 2180 Ἐκκλησία
1867 2130 2013 2181 πρω-

435 2205 694 2257 τοτόκων
747 2206 1286 2276 ἀπογεγραμμένων
1337 2206 1406 2258 ἐν
1456 2205 1752 2274 οἰφανοῖς.
1785 2191 2011 2274 ’Ταύτης

432 2291 526 2348 οῦν
558 2298 656 2366 τῆς
693 2296 932 2366 μεγάλης
962 2297 1166 2361 πόλεως
1197 2297 1291 2350 τοῦ
1325 2296 1460 2350 Θεοῦ
1502 2295 1666 2350 είκὼν
1698 2297 1799 2368 μὲν
1827 2313 1912 2368 ειη
1945 2295 2010 2349 ἂν

434 2387 468 2458 ἡ
513 2387 604 2439 ἐπὶ
653 2388 754 2457 γῆς
793 2387 1085 2460 Ἐκκλησία
1117 2389 1211 2443 τοῦ
1245 2389 1414 2442 Θεοῦ·
1458 2389 1529 2442 τὰ
1566 2389 1622 2442 δέ
1665 2387 2010 2460 στηρίγματα

431 2479 602 2550 αὐτῆς
652 2481 745 2532 καὶ
795 2479 1052 2550 θεμέλιοι,
1083 2482 1131 2534 οἱ
1181 2483 1238 2534 ἐν
1284 2483 1394 2544 τοῖς
1439 2480 1848 2552 ἁποδεδομένοις
1877 2482 2010 2552 ἡμῖν

433 2571 610 2639 ἁγίοις
638 2572 819 2644 ϐρεσιν
841 2573 1227 2644 ὑφεστήκασιν·
1257 2577 1314 2629 αἱ
1341 2576 1398 2630 δὲ
1424 2576 1620 2630 εἴσοδοι
1653 2575 1747 2629 καὶ
1773 2576 1831 2628 αἱ
1858 2572 2008 2643 πρῶ-

434 2679 524 2715 ται
571 2662 938 2732 στοιχειώσεις
993 2667 1162 2736 αὐτῆς
1211 2666 1424 2737 ἐκείνης
1466 2667 1566 2736 τῆς
1605 2665 2010 2737 οὐρανοπόλεως

435 2749 668 2804 ἐνταῦθα
701 2752 1024 2822 τυγχάνουσι
1077 2755 1204 2826 παρ’
1230 2757 1603 2826 ήμίν.”Ασπερ
1649 2756 1886 2818 εἰσόδους
1917 2755 2011 2808 καὶ

433 2843 742 2911 εἰσαγωγὰς
771 2843 865 2896 τοῦ
899 2844 1184 2908 θεοσεϐοῦς
1214 2846 1605 2916 πολιτεύματος
1658 2846 1831 2910 πύλας
1879 2846 2011 2899 ὠνό-

441 2949 579 3001 μασε
601 2933 738 2986 Σιὼν
762 2934 957 3002 ὀλόγος
997 2935 1220 3006 φάσκων
1237 2953 1250 2968 ·
1299 2936 1515 3004 Ἆγαπᾷ
1537 2938 1752 3004 Κύριος
1780 2937 1886 3002 τὰς
1905 2937 2011 2990 πύ-

433 3028 550 3090 λας
609 3024 764 3078 Σιὼν
832 3025 982 3093 ὑπὲρ
1037 3026 1232 3081 πάντα
1284 3028 1355 3080 τὰ
1401 3026 1760 3097 σκηνώματα
1794 3028 2006 3083 Ἰακώϐ.

441 3113 780 3185 Σκηνώματα
805 3115 861 3168 δὲ
900 3115 1090 3168 Ἰακὼϐ
1119 3119 1174 3170 αἱ
1211 3117 1494 3171 Ίουδαικαν⁵
1538 3119 1882 3190 παραδόσεις,
1915 3121 2007 3173 καὶ

2108 561 2233 614 licet
2260 533 2540 611 Ecclesiae
2601 551 2718 614 Dei,
2747 557 2797 604 ct
2832 548 2904 618 pii
2958 544 3194 600 instituti
3221 542 3276 595 in
3332 555 3398 592 ea
3456 533 3685 596 servati,

2109 649 2460 704 fundamenta
2481 653 2608 700 sunt
2632 644 2690 697 in
2717 639 2993 694 montibus
3022 635 3246 692 sanctis.
3273 629 3475 684 Locum
3503 632 3686 681 autem

2107 741 2342 809 explicat
2376 734 2669 805 Apostolus
2699 732 2784 784 his
2825 727 3008 783 verbis
3035 744 3048 779 :
3077 716 3496 792 Supera'diﬁcati
3527 728 3684 782 super

2109 831 2510 900 fundamentum
2536 825 2896 894 apostolorum
2924 831 2971 873 et
2991 816 3382 887 prophetarum,
3401 811 3513 878 ipso
3534 821 3684 859 sum-

2111 899 2478 989 mo,angulari
2525 915 2698 984 lapide
2739 912 2870 966 Iesu
2902 911 3113 965 Christo
3135 909 3203 959 τ’.
3237 903 3302 956 Et
3337 915 3466 957 vero
3488 899 3686 953 funda-

2111 1028 2290 1068 menta
2326 1014 2446 1082 ejus
2484 1025 2592 1065 non
2629 1007 2858 1061 interius
2893 1004 3070 1072 posita
3102 1009 3153 1054 et
3188 1012 3353 1068 penes
3385 1009 3487 1047 nos
3526 997 3683 1055 sunt;

2111 1105 2204 1159 sed
2249 1117 2493 1166 sursum,
2519 1099 2654 1154 etin
2691 1097 2758 1151 iis
2792 1095 2883 1165 qui
2919 1100 3134 1147 montes
3179 1087 3353 1142 sancti
3393 1091 3683 1137 vocantur.

2109 1196 2291 1261 Quare
2339 1193 2562 1255 dicitur,
2605 1188 2979 1243 Fundamenta
3025 1184 3138 1252 ejus
3175 1181 3227 1233 in
3262 1174 3530 1232 momibus
3556 1189 3686 1228 san-

2109 1289 2230 1340 ctis.
2279 1284 2358 1338 llli
2409 1297 2572 1354 porro
2603 1288 2820 1335 montes
2856 1274 3051 1337 sancti,
3085 1279 3214 1326 sunt
3245 1268 3368 1323 (ια)Ιί
3394 1265 3683 1321 εωιοτιυιι,

2111 1378 2204 1432 ubi
2253 1391 2507 1446 magnum
2559 1372 2690 1427 illud
2729 1371 3040 1425 institutum
3092 1361 3333 1418 cmlestis
3395 1355 3686 1446 Sionisict

2111 1484 2240 1524 vere
2266 1443 2476 1537 magna:
2505 1465 2600 1519 Dei
2623 1461 2862 1518 civitatis
2901 1456 3174 1513 consistit.
3199 1452 3385 1521 Neque
3409 1462 3564 1502 meus
3596 1443 3689 1498 hic

2112 1576 2293 1617 sermo
2324 1565 2428 1619 est.
2446 1557 2540 1614 sed
2572 1555 2820 1625 ejusdem
2848 1548 3094 1621 Apostoli
3127 1545 3359 1601 dicentis
3388 1561 3400 1595 :
3431 1540 3542 1595 Illa
3566 1551 3687 1592 vero

2112 1669 2229 1724 quae
2275 1665 2486 1706 sursum
2542 1657 2622 1703 est
2675 1643 2996 1704 Jerusalem,
3053 1640 3219 1692 libera
3277 1643 3390 1697 est,
3439 1641 3556 1702 qua:
3606 1634 3687 1682 est

2113 1754 2284 1798 mater
2312 1752 2496 1796 nostra
2524 1742 2599 1805 ⁸⁰;
2625 1747 2702 1803 et,
2728 1734 3039 1791 Accessistis
3092 1731 3160 1784 ad
3193 1727 3322 1783 Sion
3360 1732 3606 1787 montem,
3633 1726 3687 1774 et

2046 1866 2087 1920 Β
2115 1835 2377 1888 civitatem
2420 1830 2518 1884 Dei
2561 1828 2801 1889 viventis,
2838 1821 3139 1878 Jerusalem
3166 1817 3443 1880 caelestem,
3472 1821 3524 1920 et
3551 1808 3687 1912 inul-

2114 1936 2289 1996 rorum
2317 1919 2547 1974 millium
2579 1916 2885 1988 angelorum
2914 1909 3286 1984 frequentiam,
3311 1915 3360 1959 et
3395 1900 3687 1956 Ecclesium

2107 1991 2498 2083 primitivorum
2547 2010 2637 2079 qui
2689 2005 2940 2074 descripti
2987 2011 3111 2058 sunt
3150 2002 3204 2054 in
3246 1997 3387 2052 caelis
3411 1995 3477 2050 ⁸¹.
3510 1991 3686 2062 Hujus

2110 2115 2294 2176 Itaque
2343 2117 2554 2174 magna;
2601 2101 2695 2156 Dei
2752 2095 2989 2154 civitatis
3019 2094 3198 2163 imago
3245 2086 3407 2144 fuerit
3442 2083 3688 2139 Ecclesia

2115 2198 2229 2264 Dei,
2263 2212 2388 2266 qua:
2414 2201 2500 2251 est
2527 2195 2581 2247 in
2611 2199 2790 2258 terra;
2834 2188 3006 2242 fulcra
3034 2193 3214 2240 autem
3237 2189 3292 2238 et
3330 2179 3686 2233 fundamenta

2108 2292 2230 2360 ejus
2258 2305 2323 2344 ea
2371 2293 2522 2350 sunt,
2550 2299 2672 2356 quae
2711 2286 2966 2354 superius
2998 2297 3092 2354 per
3124 2285 3336 2334 montes
3369 2277 3590 2330 sanctos
3618 2269 3690 2323 si-

2109 2379 2356 2452 gniﬁcari
2393 2375 2758 2442 tradidimus;
2793 2375 3072 2445 ingressus
3099 2380 3279 2426 autem
3301 2374 3355 2424 et
3380 2363 3536 2437 primi
3570 2361 3688 2416 adi-

2111 2482 2201 2528 tus
2231 2470 2473 2526 coslestis
2507 2467 2657 2522 illius
2686 2467 2925 2521 civitatis
2974 2464 3117 2534 apud
3149 2478 3252 2518 nos
3285 2466 3433 2516 sunt.
3469 2456 3573 2523 Qui
3604 2453 3688 2508 in-

2108 2577 2332 2634 gressus
2359 2571 2413 2616 et
2441 2561 2624 2616 aditus
2646 2559 2713 2614 ad
2741 2559 3055 2629 religiosum
3090 2555 3220 2609 illud
3244 2553 3576 2611 institutum,
3597 2547 3688 2602 hic

2111 2663 2282 2726 portae
2314 2654 2449 2708 Sion
2471 2661 2760 2715 vocantur,
2791 2664 2916 2704 cum
2935 2649 3136 2703 dicitur
3165 2665 3177 2701 :
3213 2645 3398 2715 Diligit
3426 2641 3686 2695 Dominus

2109 2755 2292 2816 portas
2342 2746 2474 2802 Sion
2524 2761 2682 2814 super
2732 2742 2912 2796 omnia
2969 2736 3313 2794 tabernacula
3364 2733 3552 2788 Iacob.
3583 2730 3686 2786 Hic

2111 2850 2293 2894 autem
2319 2837 2450 2892 mihi
2485 2852 2578 2906 per
2611 2835 2703 2890 illa
2725 2832 3076 2888 tabernacula
3107 2825 3553 2892 JacobJudaica:
3574 2832 3686 2877 tra-

2111 2930 2347 2986 ditiones
2376 2937 2429 2985 et
2459 2927 2686 2983 Mosaici
2717 2924 3030 2995 corporales
3068 2923 3251 2977 cultus
3279 2917 3575 2989 significari
3601 2917 3685 2970 vi-

2111 3025 2311 3080 dentur
2355 3041 2370 3079 :
2417 3023 2620 3095 quibus
2678 3021 3086 3093 praestantiore-3
3137 3015 3281 3088 apud
3333 3015 3502 3070 Deum
3559 3021 3688 3070 sunt

2113 3126 2283 3186 porta:
2318 3113 2471 3180 Sion,
2520 3113 2572 3168 id
2607 3120 2712 3178 est,
2743 3112 3024 3181 ingressus
3063 3116 3118 3163 et
3147 3106 3329 3163 aditus
3357 3105 3422 3159 ad
3458 3119 3684 3173 regnum

436 3203 494 3256 αἱ
523 3203 663 3256 κατὰ
694 3204 969 3268 Μωῦσέως
1003 3207 1312 3274 σωματικαὶ
1343 3207 1624 3278 θρησκεῖαι
1658 3209 1892 3264 ἐνταῦθά
1924 3227 2009 3280 μοι

2115 3208 2360 3269 cmleste,
2403 3207 2460 3260 in
2516 3204 2757 3260 Ecclesia
2801 3200 3051 3256 stabiliti.
3088 3198 3144 3254 ln
3177 3213 3242 3254 ea
3284 3212 3519 3267 namque
3571 3195 3688 3250 sola

433 3294 648 3349 δοκοῦσι
676 3295 953 3364 λέγεσθαι·
981 3291 1056 3350 ὧν
1085 3299 1472 3370 προτιμότεραι
1498 3301 1821 3372 τυγχάνουσι
1856 3302 2007 3374 παρὰ

435 3384 514 3454 τῷ
541 3383 660 3456 Θεῷ
702 3387 758 3438 αί
793 3385 956 3440 πύλαι
983 3387 1081 3459 τῆς
1107 3386 1266 3450 Σιὼν,
1297 3389 1572 3442 τουτέστιν
1600 3391 1655 3443 αί
1685 3391 1877 3444 εἴσοδοι
1914 3393 2009 3445 καὶ

435 3479 735 3553 εἰσαγωγαὶ
763 3477 861 3547 τῆς
882 3479 1204 3550 ἐπουρανίου
1238 3480 1510 3551 βασιλείας
1542 3483 1635 3535 ἐπὶ
1659 3483 1756 3553 τῆς
1789 3484 2007 3550 Ἐκκλη-

438 3551 572 3628 σίαξ
583 3566 882 3636 ἱδρυμέναι.
901 3567 987 3620 Ἐν
1011 3568 1148 3641 μόνῃ
1165 3568 1272 3640 γὰρ
1294 3570 1463 3641 ταύτῃ
1489 3551 1818 3642 κηρύσσεται
1839 3575 1871 3643 ἡ
1901 3573 2008 3626 τῶν

434 3656 677 3727 οὐρανῶν
707 3655 981 3726 βασιλεία,
1014 3659 1108 3710 καὶ
1156 3658 1248 3710 τοῦ
1295 3662 1562 3731 σωτηρίου
1589 3678 1650 3729 γε
1679 3663 2008 3731 Εὐαγγελίου

435 3745 464 3797 ὁ
508 3748 614 3809 πᾶς
658 3747 853 3810 σκοπὸς
881 3749 1057 3799 ἐκεῖσε
1093 3747 1469 3816 βλέπει.Ἑπεὶ
1504 3752 1598 3804 καὶ
1645 3753 1701 3806 αί
1753 3755 2009 3823 σωτήριοι

437 3839 780 3907 ἐπαγγελίαι,
821 3840 914 3893 καὶ
940 3839 1000 3892 τὸ
1023 3840 1372 3907 εὐαγγελικὸν
1398 3842 1678 3912 κήρυγμα,
1715 3843 1809 3896 καὶ
1837 3845 1869 3913 ή
1901 3847 2006 3898 πᾶ-

438 3946 507 3982 σα
539 3929 692 3992 ἐλπὶς
718 3929 812 3983 τοῦ
847 3929 988 3984 κατὰ
1013 3931 1243 4002 Χριστὸν
1276 3932 1688 4002 πολιτεύματος,
1712 3935 1810 4005 τὴν
1858 3935 2008 4005 βασι-

435 4015 583 4072 λείαν
607 4017 712 4072 τῶν
731 4019 973 4090 οὐρανῶν
998 4023 1118 4092 όρᾷ.
1139 4020 1451 4092 Γέγραπται
1475 4023 1624 4090 γοῦν,
1645 4025 1724 4076 ὅτι
1751 4025 2008 4097 ἐκήρυξεν

434 4111 464 4162 ὁ
507 4109 694 4182 Σωτὴρ
724 4110 896 4179 λέγων
917 4125 934 4143 ⁶
967 4113 1240 4182 Ἤγγικεν
1269 4114 1308 4180 ἡ
1342 4113 1632 4177 ,βασιλεία
1670 4114 1788 4169 τῶν
1833 4120 2008 4186 οὐρα-

434 4200 575 4256 νῶν.
595 4201 926 4274 Ἐμακάριζὲ
967 4220 1026 4256 τε
1072 4205 1196 4267 τοὺς
1229 4203 1408 4270 ἀξίους
1435 4204 1544 4258 τῶν
1586 4207 1800 4261 οἰκείων
1829 4227 2008 4280 μακα-

435 4292 669 4362 ρισμῶν,
710 4294 1174 4364 ἐπαγγελλόμενος
1219 4296 1400 4360 αὐτοῖς
1427 4296 1700 4366 βασιλείαν
1726 4300 1969 4371 οὐρανῶν
1991 4319 2004 4329 ⁸

436 4380 570 4434 ἀλλὰ
599 4382 690 4435 καὶ
718 4382 993 4437 ἐδίδασκεν
1020 4383 1273 4455 εὔχεσθαι
1300 4388 1426 4451 τοὺς
1453 4388 1616 4441 αὐτοῦ
1644 4389 1888 4461 μαθητὰς
1916 4393 2009 4444 καὶ

435 4473 534 4542 τὴν
563 4473 668 4526 τῶν
699 4474 946 4546 οὐρανῶν,
973 4475 1246 4545 βασιλείαν
1271 4476 1596 4542 ἐξαιτεῖσθαι
1627 4481 1928 4548 φάσκοντας
1949 4483 2008 4535 ἐν

434 4565 498 4633 τῇ
528 4566 800 4634 προσευχῇ
821 4581 833 4593 ’
863 4565 1177 4632 Γενηθήτω
1201 4565 1268 4620 τὸ
1303 4567 1530 4637 θέλημά
1555 4547 1691 4631 σοι),
1723 4570 1939 4624 ἐλθέτω
1969 4573 2007 4639 ἠ
2041 4547 2085 4600 D

428 4656 715 4717 ,βασιλεία
744 4673 880 4710 σου.
907 4657 1141 4720 Εἰκότως
1166 4658 1342 4710 τοίνυν
1365 4661 1540 4713 πάντα
1563 4661 1632 4713 τὰ
1661 4661 1886 4716 τοιαῦτα
1909 4663 2008 4716 πύ-

434 4745 524 4801 λαι
549 4749 650 4817 τῆς
674 4747 781 4800 τῶν
805 4747 1047 4818 οὐρανῶν
1081 4749 1354 4818 βασιλείας
1372 4751 1786 4824 ὠνομάσθησαν,
1815 4755 2009 4807 εἴσοδοί

434 4856 578 4902 τινες
613 4839 706 4893 καὶ
722 4841 1022 4909 είσαγωγαὶ
1047 4842 1408 4910 τυγχάνουσαι
1429 4843 1525 4914 τῆς
1554 4845 1732 4897 ἐκεῖσε
1761 4847 2002 4915 πορείας.

447 4930 660 5002 ’ᾼγαπᾷ
706 4932 884 4984 τοίνυν
933 4933 1136 4997 ταύτας
1188 4933 1286 4997 τὰς
1337 4934 1510 4997 πύλας
1551 4936 1649 5006 τῆς
1682 4937 2001 5008 ἐπουρανίου

434 5022 572 5074 Σιων
606 5023 746 5094 ὑπὲρ
793 5023 890 5087 τὰς
935 5023 1165 5093 νομικὰς
1197 5025 1288 5076 καὶ
1324 5026 1620 5090 Ἰουδαϊκὰς
1660 5027 2000 5096 συναγωγὰς,

433 5114 616 5185 ἅσπερ
642 5114 888 5184 ὠνόμασε
916 5114 1245 5186 σκηνώματα
1280 5114 1493 5170 Ἰακώϐ.
1524 5117 1690 5170 Οὐδὲν
1719 5117 1846 5186 γοῦν
1875 5121 2003 5188 παρ’

435 5207 664 5268 ἐκείνοις
692 5205 818 5274 περὶ
853 5206 951 5275 τῆς
990 5207 1314 5277 ἐπουρανίου
1347 5207 1552 5269 πόλεως
1593 5207 1685 5260 τοῦ
1711 5209 1843 5262 Θεοῦ
1876 5225 2006 5278 μνηο

433 5295 738 5368 μονεύεται,
768 5296 886 5350 οὐδέ
913 5315 994 5360 τις
1020 5299 1200 5361 αὐτοῖς
1233 5299 1431 5362 σκοπὸς
1467 5299 1592 5370 περὶ
1621 5298 1898 5368 βασιλείας
1925 5300 2007 5352 οὐ-

437 5391 614 5462 ρανῶν
657 5389 1017 5455 ἐνεστι,κὰτω
1047 5391 1102 5444 δὲ
1141 5392 1208 5444 δι’
1238 5391 1358 5444 ὅλου
1391 5391 1700 5454 νενευκότες
1729 5391 1826 5454 τὰς
1855 5391 2005 5443 ἐλπί-

430 5484 526 5547 δας
554 5484 645 5535 ἐπὶ
667 5483 768 5552 γῆς
793 5483 971 5552 ἔχουσι
992 5525 1007 5546 ,
1041 5486 1134 5537 καὶ
1172 5485 1268 5548 τὰς
1294 5483 1623 5552 ἐπαγγελίας
1645 5483 1878 5537 ἐνταῦθα
1901 5501 2002 5536 που

2110 3297 2438 3368 praedicatur
2495 3312 2720 3372 regnum
2779 3295 3045 3350 cmlorum
3085 3298 3387 3360 :totusque
3428 3287 3689 3344 salutaris

2111 3389 2388 3460 Evangelii
2447 3403 2647 3458 scepus
2693 3401 2761 3440 eo
2804 3385 3046 3455 respicit.
3101 3381 3379 3452 Siquidem
3424 3380 3686 3435 salutaria

2110 3480 2404 3549 promissa,
2442 3477 2753 3547 evangelica
2782 3473 3364 3546 przedicatioJotaque
3387 3469 3688 3526 Christiani

2111 3571 2349 3626 instituti
2374 3585 2521 3641 spes,
2552 3584 2778 3638 regnum
2808 3568 3072 3623 cmlorum
3106 3573 3374 3635 spectant.
3410 3562 3686 3633 Scriptum

2108 3678 2194 3718 est
2244 3663 2391 3719 enim
2441 3661 2556 3715 haec
2604 3661 2934 3729 praedicasse
2973 3659 3309 3713 Salvatorem
3341 3673 3354 3708 :
3387 3654 3700 3725 Appropin-

2107 3753 2286 3824 quauit
2303 3767 2516 3822 regnum
2538 3751 2787 3806 cwlorum
2803 3753 2883 3818 ⁸²;
2916 3752 3137 3821 ipseque
3166 3749 3355 3805 beatos
3377 3747 3688 3818 praadicavit
3743 3793 3759 3808 κ

2109 3861 2205 3900 eos
2245 3845 2338 3915 qui
2384 3844 2604 3914 propria
2645 3844 2749 3898 sibi
2785 3843 3126 3899 beatitudine
3160 3842 3310 3912 digni
3346 3849 3496 3908 sunt,
3523 3840 3689 3910 ipsis-

2108 3951 2216 4005 que
2253 3950 2478 4004 regnum
2514 3936 2780 4000 cmlorum
2810 3934 3086 4003 pollicitus
3123 3943 3206 3988 est
3229 3951 3244 3998 ;
3269 3933 3380 3987 imo
3409 3932 3572 3988 etiam
3604 3929 3690 3985 dl-

2110 4028 2353 4096 scipulos
2385 4041 2517 4080 suos
2540 4025 2800 4096 precandi
2833 4031 2888 4080 et
2918 4040 3144 4094 regnum
3175 4024 3438 4078 caelorum
3468 4022 3690 4092 petendi

2111 4118 2332 4172 modum
2373 4116 2617 4181 edocuit,
2647 4117 2789 4170 hanc
2829 4115 3098 4170 orationis
3144 4115 3376 4170 formam
3420 4113 3682 4167 tradens:

2112 4205 2238 4260 Fiat
2284 4207 2526 4260 voluntas
2581 4216 2700 4268 tua,
2741 4203 2986 4259 adveniat
3031 4220 3249 4274 regnum
3290 4203 3522 4258 tuum”.
3555 4200 3692 4256 Jure

2110 4314 2240 4368 ergo
2274 4300 2387 4353 haec
2422 4299 2600 4352 omnia
2632 4306 2802 4368 portre
2831 4296 2981 4367 regni
3023 4297 3289 4350 ccelorum
3313 4303 3504 4350 vocata
3537 4305 3685 4358 sunt,

2111 4399 2296 4459 utpote
2331 4391 2613 4460 ingressus
2637 4388 2928 4458 aditusque
2964 4387 3183 4443 itineris
3215 4386 3309 4440 illo
3341 4385 3685 4440 instituendi.

2111 4480 2298 4552 Diligit
2349 4497 2479 4552 ergo
2519 4481 2790 4536 Dominus
2848 4481 2948 4536 has
3001 4479 3245 4536 caelestis
3275 4477 3457 4533 Sionis
3501 4485 3688 4546 portas

2113 4572 2237 4644 plus
2293 4586 2458 4642 quam
2518 4587 2710 4625 omnes
2750 4569 2953 4635 legales
2985 4577 3040 4624 et
3072 4567 3332 4622 Judaicas
3361 4581 3697 4638 synagogas,

2111 4679 2250 4734 quas
2303 4663 2659 4717 tabernacula
2706 4659 2877 4715 Jacob
2921 4660 3232 4730 appellavit.
3270 4657 3426 4728 Apud
3468 4656 3689 4712 Judmos

2110 4759 2258 4808 enim
2299 4753 2542 4808 caelestis
2580 4753 2670 4806 illa
2709 4751 2802 4806 Dei
2833 4751 3027 4804 civitas
3059 4750 3375 4804 nullatenus
3413 4762 3687 4806 memora.-

2111 4852 2222 4906 tur,
2247 4859 2426 4914 neque
2446 4860 2544 4913 pro
2572 4857 2740 4913 scepo
2768 4843 2969 4896 habent
2995 4841 3097 4910 ipsi
3129 4855 3354 4910 regnum
3385 4840 3686 4905 cmlorutn;

2111 4937 2205 4992 sed
2235 4938 2491 4992 deorsum
2539 4937 2716 5006 proni,
2748 4937 2802 4989 in
2837 4943 2982 4989 terra
3030 4949 3179 5002 spem
3216 4932 3438 4996 habent,
3471 4942 3526 4987 et
3556 4948 3686 5002 pro-

2111 5032 2281 5086 missa
2338 5030 2445 5085 sibi
2495 5029 2622 5084 data
2666 5029 2756 5082 hic
2788 5033 3109 5096 exspectant
3140 5045 3152 5080 :
3185 5041 3355 5095 quare
3382 5032 3551 5094 porta:
3585 5023 3690 5078 illa:

2113 5120 2354 5174 caelestis
2395 5118 2546 5180 Sion,
2579 5134 2714 5188 quas
2745 5133 2907 5186 supra
2942 5115 3366 5177 declaravimus,
3396 5113 3599 5181 majore
3632 5113 3686 5166 in

2114 5213 2288 5282 pretio
2338 5210 2481 5281 apud
2538 5210 2705 5265 Deum
2785 5209 3074 5270 habentur,
3113 5223 3275 5277 quam
3335 5206 3686 5260 tabernacula
3759 5205 3773 5235 "

2109 5299 2300 5355 Jacob.
2321 5300 2490 5369 Cujus
2514 5299 2698 5354 Sionis
2723 5299 3077 5353 fundamenta
3111 5313 3218 5352 non
3248 5297 3336 5350 hic
3359 5297 3492 5350 etin
3515 5301 3684 5358 terra,

2112 5391 2302 5444 humili
2352 5391 2471 5445 loco
2509 5390 2686 5459 posita
2713 5398 2876 5454 sunt,
2910 5388 3004 5444 sed
3037 5389 3092 5442 in
3127 5388 3407 5442 montibus
3450 5385 3682 5462 sanctis,

2110 5483 2186 5537 uti
2216 5498 2379 5545 supra
2417 5483 2834 5552 explicavimus.

431 5576 780 5646 προσδωκῶσι
803 5593 814 5604 °
853 5575 929 5630 διὸ
960 5578 1344 5647 προτιμότεραι
1379 5576 1528 5647 παρὰ
1554 5575 1627 5646 τῷ
1659 5575 1775 5646 Θεῷ
1807 5577 2127 5646 τυγχάνουσι
2156 5576 2262 5629 τῶν
2315 5574 2684 5645 σκηνωμάτων
2717 5572 2908 5626 Ἰακὼϐ
2958 5574 3012 5625 αί
3073 5568 3494 5642 προδηλωθεῖσαι
3554 5568 3689 5638 ἡμῖν

498 5731 542 5761 ’θ
586 5728 782 5800 Ephcs.
823 5747 893 5794 ll,
927 5731 1014 5785 ‘20.
1093 5730 1137 5765 ⁸⁸
1179 5731 1297 5788 Gal.
1339 5746 1412 5798 tv,
1447 5730 1538 5786 26.
1615 5732 1656 5764 ⁸¹
1702 5730 1862 5790 llcbr.
1901 5748 2006 5798 xu,

2133 5774 2150 5799 ,
2179 5731 2269 5787 εδ.
2349 5732 2392 5762 υ
2435 5729 2622 5784 Matth.
2662 5745 2733 5794 ι,
2777 5729 2826 5784 7.

2905 5728 2947 5761 ⁸⁸
2990 5726 3180 5782 Matth.
3216 5743 3298 5792 νἰ,
3342 5724 3425 5780 lt).
