4066 6370
393 376 531 436 1οί9

1551 361 2061 437 Communem
2101 381 2166 437 IN
2196 380 2515 436 PSALMOS

3490 383 3628 439 1050

385 494 572 565 τέχθαι
606 491 722 546 ἐκεῖ
753 491 1006 562 φάσκων,
1042 489 1334 562 παρίστησι
1365 491 1464 563 τὴν
1493 493 1549 547 ὲν
1577 493 1654 564 τῷ
1687 493 1946 566 ἀνθρώπω

2061 494 2168 548 illic
2202 502 2384 546 natum
2413 494 2564 557 dicit,
2595 493 2687 547 Dei
2722 492 2879 548 VerLi
2907 494 2959 547 in
2986 493 3204 548 homine
3236 493 3626 548 habitationem

385 585 476 638 τοῦ
511 583 648 637 Θεοῦ
677 585 848 652 Λόγου
881 582 1214 652 κατοίκησιν.
1254 584 1463 654 ’Ὠσπερ
1484 583 1642 656 γὰρὴ
1675 585 1832 647 Σιὼν,
1861 585 1955 640 πό-

385 675 469 738 λις
503 669 636 728 οῦσα
663 673 756 727 τοῦ
789 673 922 726 Θεοῦ
942 713 956 737 ,
996 671 1146 744 χώρα
1171 673 1424 742 τυγχάνει
1454 674 1548 726 τοῦ
1581 676 1861 746 τεχθέντος
1898 679 1955 730 ὲν

385 769 520 838 αὐτῇ
555 766 777 838 ἀνδρὸς,
811 766 951 821 οὕτω
1001 769 1095 830 καὶ
1138 766 1300 830 αὐτὸς
1332 769 1359 819 6
1397 768 1534 840 ἀνὴρ
1566 768 1716 840 χώρα
1749 767 1955 836 γίνεται

387 863 480 914 καὶ
513 861 713 930 δοχείον
744 859 836 914 τοῦ
863 862 919 914 ὲν
947 859 1094 931 αὑτῷ
1118 859 1464 932 γεννηθέντος
1489 860 1622 914 Θεοῦ
1656 860 1851 929 Λόγου,
1880 859 1956 924 ὡς

387 951 445 1004 ὲν
471 951 598 1022 ίερῴ
630 951 768 1021 ἁγίῳ
791 952 883 1004 καὶ
908 951 1040 1021 ναῷ,
1070 951 1267 1022 μᾶλλον
1297 952 1353 1006 δὲ
1377 951 1452 1016 ὡς
1485 954 1541 1006 ὲν
1563 952 1832 1022 ἀγάλματι
1862 951 1955 1004 καὶ

385 1041 574 1114 δοχείῳ
596 1044 694 1114 τῆς
712 1043 872 1097 αὐτοῦ
895 1040 1144 1113 θεότητος
1161 1045 1219 1096 ὲν
1243 1043 1396 1114 αὐτῷ
1415 1045 1815 1114 κατῳκηκότος.
1845 1043 1955 1096 Καὶ

387 1136 560 1205 ταῦτα
590 1136 646 1189 δὲ
671 1135 978 1204 ἀναγκαίως
1005 1136 1032 1187 6
1052 1135 1220 1202 Λόγος
1251 1135 1486 1201 ἐδίδαξεν
1512 1137 1588 1198 εἰς
1621 1135 1680 1188 τὸ
1712 1133 1954 1203 γνωσθῆ-

389 1243 477 1280 ναι
512 1227 628 1290 πῶς
655 1225 936 1295 ἀλλόφυλοι
963 1226 1057 1279 καὶ
1085 1226 1259 1298 Τύρος
1287 1228 1378 1280 καὶ
1397 1227 1523 1290 λαὸς
1551 1226 1822 1279 Αἰθιόπων
1844 1227 1957 1292 ἐγε-

386 1320 623 1390 νήθησαν
643 1320 700 1372 ἐν
721 1321 785 1390 τῇ
807 1317 900 1372 τοῦ
921 1319 1053 1380 Θεοῦ
1080 1320 1252 1384 πόλει,
1275 1319 1368 1372 καὶ
1387 1320 1672 1388 γεγόνασιν
1695 1319 1800 1372 υἱοὶ
1820 1316 1953 1371 Θεοῦ

383 1413 471 1468 διά
494 1413 592 1484 τῆς
615 1417 744 1484 παρ’
768 1411 916 1484 αὐτῷ
936 1413 1554 1484 ἁναγεννήσεως.”οπως
1573 1411 1681 1482 γὰρ
1701 1412 1794 1464 καὶ
1817 1409 1955 1463 κατὰ

382 1508 504 1562 τίνα
546 1508 744 1580 τρόπον
783 1509 816 1578 ή
845 1507 1077 1578 τοσαύτη
1110 1509 1190 1570 εἰς
1228 1506 1486 1576 οὐρανοὺς
1515 1506 1738 1577 ἐξεχύθη
1773 1507 1952 1576 χάρις,

383 1599 726 1670 παρέστησεν
757 1596 928 1654 εἰπὼν
952 1599 1020 1652 τὰ
1053 1599 1193 1652 κατὰ
1219 1598 1306 1651 τὸν
1338 1598 1504 1670 ἄνδρα
1519 1599 1609 1651 τὸν
1625 1598 1954 1668 γεννηθέντα

379 1688 526 1751 ἐκεῖ,
564 1688 656 1743 καὶ
685 1688 775 1741 τὸν
809 1689 866 1740 ὲν
892 1687 968 1758 τῷ
998 1687 1153 1758 ἀνδρὶ
1183 1687 1344 1742 πάλιν
1370 1687 1697 1758 γεννηθέντα
1729 1685 1950 1757 Κύριον.

378 1778 475 1843 οἷς
495 1781 694 1836 ἁπασιν
719 1781 956 1850 ἐπιλέγει
984 1780 1067 1847 τὸ,
1100 1781 1192 1846 Ὠς
1217 1779 1694 1849 εὐφραινομέναης
1712 1777 1954 1831 πάντων

2055 584 2313 638 declarat.
2339 583 2814 649 Quemadmodum
2863 585 3006 638 enim
3060 584 3230 650 Sion,
3264 600 3383 653 qua:
3433 585 3629 638 civitas

2057 671 2150 726 Dei
2190 682 2292 736 est,
2326 674 2476 729 locus
2499 683 2582 729 est
2609 675 2706 728 viri
2739 675 2791 728 in
2823 689 2886 728 ea
2913 675 3054 739 nali;
3112 677 3183 726 ita
3217 675 3330 744 ipse
3361 677 3443 729 vir
3475 677 3629 730 locus

2053 762 2285 814 ellicitur
2315 773 2366 816 et
2402 765 2803 832 receptaculum
2836 763 2924 817 Dei
2956 762 3118 817 Verbi
3156 765 3209 817 in
3238 780 3296 819 se
3330 766 3439 818 natl
3464 807 3478 830 ,
3532 767 3629 836 qui

2055 856 2210 924 quasi
2245 857 2297 910 in
2327 857 2445 910 loco
2471 870 2630 911 Sacro
2668 865 2723 912 et
2758 858 2811 910 in
2853 856 3080 926 templo,
3118 857 3225 910 imo
3261 859 3441 926 potius
3471 861 3633 930 quasi

2055 949 2108 1000 in
2145 955 2322 1002 statua
2351 957 2405 1001 et
2443 948 2788 1018 receptaculo
2829 947 3049 1002 deitatis
3077 963 3209 1013 suae,
3241 949 3297 1003 in
3323 951 3440 1019 ipso
3474 950 3630 1004 habi-

2055 1049 2151 1095 lat.
2187 1041 2249 1094 Et
2288 1041 2401 1096 hmc
2445 1043 2757 1096 necessario
2817 1040 2976 1096 docet
3037 1042 3152 1096 haec
3193 1039 3517 1113 Scriptura,
3569 1049 3635 1097 ut

2055 1143 2242 1188 notum
2288 1135 2358 1188 sit
2405 1150 2510 1204 qua
2546 1135 2758 1187 ratione
2799 1133 3116 1204 alienigena:
3152 1143 3205 1188 et
3239 1134 3417 1206 Tyrus
3445 1146 3498 1191 et
3525 1151 3630 1206 po-

2055 1227 2216 1294 pulus
2250 1223 2563 1294 Ethiopum
2599 1225 2653 1278 in
2689 1224 2910 1280 civitate
2965 1223 3060 1280 Dei
3111 1225 3237 1281 facti
3292 1227 3514 1291 fuerint,
3577 1234 3634 1282 et

2057 1311 2151 1365 lilii
2187 1310 2279 1365 Dei
2337 1327 2434 1381 per
2474 1312 2940 1378 regenerationem
2977 1311 3052 1366 ibi
3099 1321 3374 1382 acceptam
3411 1315 3521 1369 sint
3560 1313 3638 1369 ef-

2056 1402 2201 1458 fecti.
2231 1403 2363 1460 Nam
2394 1421 2500 1474 qua
2533 1404 2743 1459 ratione
2772 1411 2924 1458 tanta
2968 1406 3020 1459 in
3056 1405 3212 1460 cmlis
3249 1407 3424 1476 gratia
3459 1407 3631 1461 elTusa

2056 1496 2144 1562 sit,
2182 1497 2360 1553 allatis
2395 1499 2460 1553 iis
2493 1513 2613 1568 qure
2644 1496 2709 1550 ad
2744 1498 2920 1552 virum
2965 1499 3112 1554 eoin
3147 1499 3265 1552 loco
3299 1499 3535 1562 editum,
3581 1508 3636 1552 et

2055 1589 2119 1643 ad
2153 1589 2440 1644 Dominum
2474 1591 2599 1645 item
2650 1591 2705 1645 in
2753 1590 3067 1660 bnjusmodi
3099 1593 3214 1646 viro
3245 1601 3431 1645 natum
3467 1591 3634 1661 perli-

2055 1690 2205 1743 nent,
2237 1690 2424 1752 aperte
2453 1681 2717 1737 declarat.
2778 1681 2992 1748 Quibus
3029 1684 3286 1738 omnibus
3338 1683 3523 1738 subdit
3577 1683 3638 1736 il-

2057 1774 2168 1829 lud.
2200 1805 2269 1815 -—
2299 1773 2465 1832 Vsus.
2495 1775 2547 1830 7.
2585 1774 2734 1830 Sicut
2775 1777 3070 1831 lwtautium
3101 1779 3334 1831 omnium
3375 1777 3635 1832 habitatio

375 1870 415 1937 ἠ
461 1871 729 1924 κατοικία
762 1871 833 1924 έν
867 1870 998 1923 σοί*
1055 1868 1170 1923 ἀνθ’
1206 1864 1265 1924 οῦ
1300 1871 1328 1923 6
1373 1869 1469 1938 μὲν
1517 1868 1744 1931 Ἀκύλας
1795 1865 1946 1938 φησι,

2054 1865 2207 1919 estin
2240 1873 2322 1928 te;
2361 1881 2460 1935 pro
2492 1881 2599 1936 quo
2628 1866 2823 1936 Aquila
2858 1866 3024 1932 dicit,
3078 1865 3145 1920 Et
3185 1877 3430 1921 canentes
3479 1868 3638 1938 quasi

374 1960 485 2014 Καὶ
525 1960 773 2028 ᾅδοντες
817 1962 897 2027 ὡς
935 1959 1098 2030 χοροὶ
1142 1959 1330 2015 πᾶσαι
1354 1959 1535 2028 πηγαὶ
1567 1959 1638 2013 ἐν
1670 1959 1768 2013 σοί
1789 1974 1806 1992 ο
1833 1958 1861 2010 6
1893 1956 1950 2011 δὲ

373 2050 704 2122 Σύμμαχος,
754 2051 860 2107 Καὶ
896 2051 1251 2106 αὶνέσουονιν
1296 2053 1375 2118 ὡς
1405 2053 1475 2106 ὲν
1510 2052 1720 2118 αὐλοῖς
1764 2050 1953 2104 πᾶσαι

372 2145 433 2196 at
470 2143 650 2212 πηγαί
673 2145 742 2196 ἐν
769 2144 887 2197 σοί.
918 2140 1083 2213 Οἶμαι
1112 2143 1170 2197 δὲ
1203 2143 1562 2214 σημαίνεσθαι
1597 2144 1690 2197 καὶ
1717 2141 1807 2195 διὰ
1835 2141 1954 2194 τού-

371 2251 480 2289 των
504 2237 603 2308 τὴν
635 2237 744 2290 τῶν
777 2236 980 2290 πιστῶν
1003 2235 1277 2298 ἁπάντων,
1305 2235 1413 2287 τῶν
1440 2233 1504 2305 δὴ
1535 2234 1635 2304 τῆς
1665 2233 1829 2302 ἁγίας
1856 2232 1950 2286 τοῦ

371 2327 507 2380 Θεοῦ
539 2329 749 2391 πόλεως
765 2326 1342 2396 καταξιωθησομένων,
1377 2323 1794 2396 ἐπισυναγωγὴν
1817 2364 1832 2390 ,
1855 2323 1950 2378 καὶ

371 2420 469 2490 τὴν
502 2423 580 2485 εἰς
611 2421 706 2475 Eva
737 2419 895 2492 χορὸν
919 2418 1376 2473 ἀποκατάστασιν.
1427 2418 1517 2490 Τῷ
1542 2419 1650 2491 γάρ
1673 2415 1948 2486 λέγεσθαι,

373 2510 444 2563 ἐν
469 2511 571 2564 σοι
588 2551 604 2576 ,
638 2510 730 2564 τὸν
755 2511 920 2564 τόπον
951 2510 1112 2564 πάλιν
1146 2508 1430 2580 σημαίνειν
1464 2507 1831 2578 ὑπολαμϐάνω
1854 2507 1953 2577 τῆς

371 2599 464 2653 τοῦ
498 2600 632 2654 Θεοῦ
657 2601 863 2664 πόλεως
879 2617 891 2630 ’
915 2596 982 2672 ἦς
1007 2601 1053 2654 οί
1084 2599 1182 2670 μὲν
1207 2598 1444 2669 θεμέλιοι
1470 2595 1610 2670 ἦσαν
1633 2601 1691 2653 ἐν
1709 2599 1820 2660 τοῖς
1839 2596 1954 2668 δρε-

375 2709 430 2746 σι
458 2693 570 2754 τοῖς
599 2692 807 2759 ἁγίοις,
843 2695 899 2746 αἱ
931 2693 988 2746 δὲ
1033 2692 1194 2747 πύλαι
1229 2693 1322 2746 καὶ
1353 2695 1408 2747 αί
1447 2693 1638 2746 εἴσοδοι
1668 2692 1820 2746 κάτω
1847 2708 1950 2744 που

373 2782 471 2836 καὶ
505 2787 634 2854 παρ’
663 2786 795 2855 ἡμῖν
813 2803 826 2816 ·
853 2787 911 2840 ὲν
937 2787 1076 2861 μέσῃ
1109 2788 1165 2841 δὲ
1186 2788 1320 2858 αὐτῇ
1354 2785 1554 2848 πάντες
1581 2785 1656 2848 ὼς
1685 2785 1742 2838 ὲν
1762 2784 1953 2856 χορείᾳ

369 2874 463 2928 καὶ
488 2875 722 2946 ἁρμονίᾳ
750 2874 869 2946 θείᾳ
894 2877 1008 2947 μετ’
1038 2875 1372 2947 εὐφροσύνης
1396 2873 1750 2950 συναγόμενοι
1777 2891 1951 2928 κατοι-

370 2967 560 3037 κήσειν
589 2967 1037 3038 προφητεύονται.
1077 2969 1216 3040 Ὅρα
1248 2967 1306 3020 δὲ
1336 2966 1455 3020 τίνα
1476 2965 1674 3038 τρόπον
1701 2967 1730 3018 6
1763 2963 1948 3036 παρὼν

367 3057 606 3130 ψαλμὸς,
635 3057 768 3112 Θεοῦ
798 3059 1010 3128 γένεσιν
1043 3058 1315 3124 θεσπίζων
1349 3057 1488 3113 κατὰ
1511 3058 1611 3129 τὴν
1643 3057 1950 3126 ἀνάγνωσιν

369 3147 470 3218 τῆς
485 3148 592 3201 τῶν
609 3149 1006 3221 Ἐὄδομηκοντα
1027 3151 1342 3225 ἑρμηνείας,
1361 3149 1638 3223 ὲπέκρυψε
1663 3149 1722 3203 τὸ
1743 3151 1947 3222 μυστή-

370 3255 505 3312 ριον.
571 3241 643 3294 T6
672 3242 817 3314 γὰρ,
867 3243 1082 3311 Κύριος
1114 3242 1427 3313 ἀριθμήσει
1458 3241 1699 3312 γράφων
1720 3243 1939 3309 λαούς-⁸

369 3328 561 3400 Οὗτος
589 3334 801 3404 ἐτέχθη
827 3335 983 3403 ἐκεῖ,
1012 3334 1151 3390 κατὰ
1181 3335 1508 3407 Σύμμαχονο
1540 3335 1573 3408 ἢ
1607 3336 1750 3391 κατὰ
1791 3333 1947 3389 Ἀκύ·

363 3424 464 3478 λαν
488 3465 504 3489 ,
553 3427 764 3493 Κύριος
802 3425 1152 3496 διηγήσεται
1200 3428 1272 3482 ἐν
1314 3426 1394 3494 τῷ
1428 3425 1675 3498 τράφειν
1720 3428 1942 3494 λαούς⁹

366 3511 561 3582 Οὗτος
585 3516 794 3586 ἐτέχθη
823 3518 975 3571 ἐκεῖ·
1004 3519 1037 3590 ἢ
1071 3520 1212 3573 κατὰ
1231 3519 1321 3573 τὸν
1349 3520 1698 3584 Θεοδοτίωνα,
1733 3521 1946 3588 Κύριος

360 3608 714 3678 διηγήσεται
733 3611 804 3662 ἐν
833 3609 1030 3679 γραφῇ
1058 3610 1249 3665 λαῶν·
1274 3608 1464 3678 Οὗτος
1484 3612 1774 3681 ἐγεννήθη
1798 3611 1942 3675 ἐκεῖ,

359 3699 424 3753 οὐ
468 3697 655 3752 τοῦτον
693 3701 1032 3770 ἡρμήνευται
1071 3703 1223 3773 παρὰ
1260 3704 1372 3765 τοῖς
1413 3701 1812 3773 Ἐϐδομήκοντα
1855 3701 1945 3754 τὸν

356 3791 566 3863 τρόπον
585 3807 598 3820 ·
630 3789 747 3845 ἀλλ’
779 3793 1011 3863 εἴρηται,
1048 3793 1265 3860 Κύριος
1282 3791 1632 3862 διηγήσεται
1661 3793 1730 3845 ἐν
1748 3791 1945 3862 γραφῇ

354 3880 530 3938 λαῶν
565 3881 664 3935 καί
695 3881 1005 3952 ἀρχόντων
1034 3885 1259 3938 τούτων
1293 3883 1414 3938 τῶν
1445 3882 1857 3954 γεγενημένων
1875 3885 1946 3937 ἐν

354 3971 518 4040 αὐτῇ
537 3989 550 4003 ⁸
579 3974 1000 4045 ἐπικρυψάντων
1023 4013 1037 4040 ,
1077 3974 1154 4039 ὡς
1202 3971 1356 4046 οἶμαι
1378 4014 1394 4040 ,
1428 3975 1527 4046 τὴν
1562 3974 1797 4029 διάνοιαν
1835 3974 1944 4028 τῶν

351 4065 456 4137 τὴν
489 4065 785 4136 ἑρμηνείαν
819 4067 1232 4138 πεποιημένων,
1257 4066 1346 4121 διὰ
1380 4067 1442 4120 τὸ
1469 4066 1677 4121 ἔθνεσιν
1708 4065 1942 4135 ἀλλοφύ-

351 4155 473 4222 λοις
502 4155 718 4227 μέλλειν
739 4157 1036 4213 ἐκδίδοσθαι
1063 4158 1162 4228 τὴν
1189 4158 1411 4231 Γραφὴν
1434 4157 1576 4214 κατὰ
1598 4158 1725 4222 τοὺς
1747 4157 1944 4212 Πτολε-

352 4251 530 4321 μαίου
563 4249 808 4322 χρόνους,
835 4249 987 4304 οῦπω
1013 4250 1106 4305 τοῦ
1137 4251 1389 4323 Σωτῆρος
1414 4251 1572 4322 ἡμῶν
1597 4250 1941 4322 ἐπιλάμψαν-

347 4359 442 4406 τος
493 4341 570 4411 τῷ
613 4340 732 4412 βίῳ.
775 4343 886 4396 Καὶ
918 4345 946 4396 6
980 4344 1087 4420 πᾶς
1116 4341 1174 4396 δὲ
1205 4341 1416 4414 ψαλμδς
1451 4343 1656 4414 σφόδρα
1685 4343 1938 4414 αἰνιγμα-

350 4432 536 4504 τώδης
561 4433 656 4486 καὶ
683 4433 972 4496 σκοτεινῶς
997 4435 1285 4506 εἰρημένος
1306 4435 1562 4505 τυγχάνει
1581 4473 1596 4498 ,
1629 4435 1939 4504 θεμελίους

2055 1957 2201 2012 chori
2250 1975 2426 2013 omnes
2480 1958 2647 2027 fontes
2683 1961 2735 2013 in
2786 1971 2867 2023 te;
2927 1957 3290 2028 Symmachus
3340 1975 3506 2022 vero,
3565 1957 3632 2012 Et

2055 2049 2349 2104 laudabunt
2392 2051 2546 2120 quasi
2594 2052 2646 2104 in
2701 2051 2841 2104 tibiis
2874 2066 3051 2103 omnes
3099 2048 3269 2118 fontes
3310 2050 3362 2102 in
3410 2059 3477 2102 te.
3531 2047 3634 2104 His

2052 2159 2216 2215 porro
2271 2143 2564 2214 signilicari
2618 2143 2855 2198 arbitror
2907 2141 3147 2197 ﬁdelium
3187 2141 3475 2203 omnium,
3537 2139 3646 2210 qui

2053 2245 2242 2293 sancta
2267 2235 2361 2291 Dei
2386 2235 2604 2290 civitate
2632 2232 2868 2290 donandi
2921 2242 3070 2297 sunt,
3102 2243 3584 2302 congregationem
3611 2271 3634 2298 ,

2049 2339 2214 2399 atque
2237 2329 2293 2383 in
2325 2328 2552 2384 chorum
2587 2342 2755 2380 unum
2786 2325 3185 2380 reductionem.
3220 2323 3355 2376 Nam
3387 2338 3512 2377 cum
3547 2323 3634 2378 di—

2049 2420 2213 2485 citur,
2238 2421 2294 2473 in
2329 2429 2397 2485 te,
2437 2419 2670 2473 indicari
2719 2418 2969 2488 suspicor
3001 2416 3244 2470 civitatis
3279 2413 3373 2470 Dei
3407 2415 3631 2479 locum,

2049 2514 2210 2582 cujus
2267 2511 2616 2566 fundamenta
2673 2510 2892 2582 quidem
2949 2511 3010 2563 in
3078 2508 3360 2564 montibus
3425 2508 3636 2564 sanctis

2049 2612 2230 2668 erant,
2259 2613 2428 2674 portae
2455 2617 2584 2658 vero
2622 2613 2676 2656 et
2704 2601 2888 2655 aditus
2919 2598 3105 2653 infimo
3157 2599 3212 2652 in
3248 2599 3370 2652 loco
3399 2605 3452 2653 et
3485 2597 3633 2668 apud

2047 2710 2150 2750 nos
2172 2695 2263 2750 siti
2290 2702 2410 2750 sunt
2448 2713 2461 2748 :
2495 2694 2549 2748 in
2581 2693 2759 2746 medio
2788 2698 2969 2745 autem
3003 2691 3172 2754 illius,
3211 2690 3369 2760 quasi
3410 2690 3465 2744 in
3499 2689 3633 2743 cho-

2047 2802 2140 2841 rea
2179 2798 2232 2841 et
2273 2794 2543 2840 concentu
2578 2784 2784 2846 divino,
2821 2783 3133 2853 congregati
3193 2781 3273 2835 illi
3330 2780 3629 2835 habitaturi

2047 2893 2168 2933 esse
2196 2877 2650 2948 praenuntiantur.
2683 2874 3068 2929 Animadverte
3099 2888 3264 2943 porro
3283 2888 3387 2942 qua
3412 2873 3628 2927 ratione

2049 2969 2138 3023 hic
2171 2969 2436 3038 psalmus,
2470 2967 2560 3022 Dei
2587 2967 2995 3037 generationem
3051 2963 3359 3019 secundum
3393 2961 3627 3031 Septua-

2045 3061 2198 3133 ginta
2237 3059 2598 3130 lnterpretum
2633 3060 2920 3114 lectionem
2946 3057 3272 3121 vaticinans,
3305 3056 3627 3128 mysterium

2048 3153 2357 3210 occultarit.
2385 3149 2478 3205 Illa
2508 3150 2653 3206 enim
2695 3147 2994 3206 secundum
3030 3147 3418 3219 Symmachum
3453 3145 3630 3216 expli-

1971 3223 2017 3285 C
2047 3246 2210 3312 catio,
2235 3243 2494 3298 Dominus
2527 3241 2824 3297 numerabit
2860 3241 3093 3295 scribens
3132 3238 3382 3310 populos,
3413 3237 3512 3292 llic
3532 3254 3632 3293 na-

2049 3346 2132 3391 tus
2158 3345 2237 3392 est
2270 3336 2378 3400 ibi;
2410 3335 2492 3390 vel
2520 3333 2818 3390 secundum
2846 3333 3122 3403 Aquilam,
3146 3331 3404 3385 Dominus
3435 3347 3630 3386 narra-

2048 3427 2120 3482 bit
2156 3429 2210 3482 in
2238 3427 2512 3482 scribendo
2536 3428 2777 3498 populos,
2815 3424 2918 3478 llic
2949 3435 3104 3478 natus
3158 3433 3237 3478 est
3285 3423 3390 3488 ibi;
3428 3423 3514 3477 vel
3543 3437 3628 3478 se-

2047 3517 2286 3572 cundum
2317 3516 2744 3572 Theodotionem
2771 3555 2785 3579 ,
2818 3514 3074 3568 Dominus
3121 3513 3362 3567 narrabit
3401 3514 3453 3566 in
3491 3515 3628 3567 terim

2045 3621 2203 3678 ptura
2230 3609 2562 3676 populorum,
2587 3607 2858 3660 llicnalus
2881 3614 2957 3659 est
2983 3606 3095 3670 tibi,
3126 3620 3234 3658 non
3265 3605 3450 3659 eadem
3481 3604 3627 3674 apud

2046 3702 2187 3757 LXX
2211 3703 2513 3773 reperitur;
2568 3701 2662 3755 sed
2713 3700 2948 3762 dicitur,
2999 3698 3227 3754 Domino
3288 3695 3528 3751 narrabit
3571 3697 3627 3750 in

2045 3797 2310 3864 scriptura
2358 3795 2673 3864 populorum
2714 3802 2762 3847 et
2819 3793 3111 3861 principum
3165 3792 3348 3844 horum
3373 3791 3462 3860 qui
3513 3788 3630 3857 fue-

2046 3897 2169 3947 runt
2206 3889 2258 3942 in
2299 3903 2392 3951 ea;
2437 3887 2562 3956 quia
2588 3925 2602 3948 ,
2657 3893 2718 3938 ut
2765 3885 3024 3947 albitror,
3075 3885 3404 3953 interpretes
3437 3896 3624 3936 veram

2045 3979 2372 4035 sententiam
2402 3978 2772 4039 occultarunt,
2804 3975 2952 4045 quod
2977 3975 3169 4030 alienis
3191 3974 3465 4044 gentibus,
3488 3983 3626 4027 tem-

2044 4085 2174 4142 pore
2197 4069 2506 4131 Ptolemaei,
2560 4067 2900 4138 Scripturam
2958 4065 3369 4135 interpretaturi
3395 4072 3625 4142 essent,

2043 4179 2166 4220 cum
2207 4161 2449 4218 nondum
2486 4161 2743 4217 Servatur
2771 4167 2959 4216 noster
2998 4163 3052 4214 in
3096 4159 3302 4214 mundo
3337 4161 3630 4232 apparuis-

2043 4263 2146 4311 set.
2201 4253 2482 4324 Totusque
2514 4253 2758 4324 psalmus
2805 4250 3103 4306 admodum
3141 4249 3524 4323 :ettigmaticus
3571 4257 3629 4309 ετ

2040 4346 2312 4401 obscurus
2341 4355 2425 4400 est
2453 4363 2466 4400 :
2499 4345 2698 4414 quippe
2729 4343 2822 4414 qui
2869 4343 3217 4412 fundamenta
3245 4343 3359 4414 ejus
3382 4344 3550 4408 dicat,
3572 4353 3627 4398 et

2039 4440 2164 4510 quis
2189 4438 2260 4492 sit
2289 4437 2334 4494 is
2361 4436 2428 4491 de
2457 4452 2566 4506 quo
2590 4436 2833 4506 loquitur
2862 4441 3068 4504 taceat,
3086 4451 3188 4492 nec
3219 4437 3421 4491 indicet
3445 4436 3620 4501 illum;

352 4519 548 4575 αὐτοῦ
574 4518 746 4588 λέγων
779 4522 1231 4593 σεσιωπημένως,
1257 4526 1400 4588 τίνος
1423 4524 1468 4578 δ’
1515 4522 1681 4580 αὑτοῦ
1713 4523 1791 4606 ’μὴ
1818 4523 1938 4578 δια-

2045 4547 2108 4586 ac
2131 4546 2350 4588 rursum
2386 4539 2600 4584 montes
2634 4537 2858 4584 sanctos
2899 4537 3184 4596 memoret,
3207 4537 3500 4600 portasque
3534 4536 3621 4582 ta-

355 4609 578 4680 σαφῶνο
634 4611 728 4665 καὶ
774 4611 934 4665 πάλιν
975 4612 1076 4684 ὅρη
1118 4615 1249 4683 ἁγια
1280 4614 1591 4687 ὀνομάζων,
1641 4615 1734 4669 καὶ
1767 4614 1940 4679 πύλας

354 4699 500 4754 Σιὼν
544 4702 966 4772 προτιμωμένας
1003 4703 1108 4756 ὑπὸ
1129 4705 1225 4758 τοῦ
1265 4707 1470 4778 Κυρίου
1501 4705 1614 4760 τῶν
1651 4706 1939 4777 σκηνωμά-

352 4810 465 4846 των
512 4791 735 4856 Ίακὼό,
770 4795 864 4848 καὶ
894 4795 1047 4848 πόλιν
1079 4796 1214 4850 Θεοῦ
1247 4797 1648 4870 δεδοξασμένως
1677 4797 1940 4869 λαλουμέ-

351 4900 485 4955 νηνο
521 4885 616 4938 καὶ
643 4884 738 4938 ἐπὶ
769 4888 900 4949 πᾶν,
936 4888 995 4942 ὲν
1018 4890 1084 4960 τῇ
1119 4888 1306 4953 πόλει,
1341 4890 1401 4942 οὐ
1436 4890 1527 4944 τὸν
1568 4889 1814 4962 Ἰσραὴλ,
1843 4888 1938 4942 οὐ-

349 4975 411 5030 δὲ
448 4974 512 5028 τὸ
555 4976 822 5031 Ἰουδαίων
858 4978 1041 5044 ἔθνος,
1071 4980 1207 5034 ἁλλὰ
1245 4980 1414 5034 Ῥαὰὄ
1443 4983 1543 5054 τήν
1574 4999 1703 5036 ποτε
1733 4981 1938 5052 πόρνην

352 5071 451 5124 καὶ
482 5069 811 5134 Βαϐυλῶνα,
842 5073 1074 5143 Τυρίους
1122 5090 1181 5126 τε
1225 5075 1320 5126 καὶ
1360 5073 1622 5139 Αἰθίοπας
1656 5075 1752 5128 καὶ
1779 5073 1932 5128 ἀλλο-

349 5159 577 5222 φύλους.
613 5159 979 5236 Τούτουςιγὰρ
1019 5163 1224 5226 πάντας
1255 5161 1614 5234 τεχθήσεσθαι
1645 5165 1704 5216 ὲν
1735 5165 1801 5234 τῇ
1836 5163 1934 5215 πό-

349 5267 436 5305 Αει
477 5249 574 5302 τοῦ
613 5250 748 5304 Θεοῦ
781 5251 867 5305 διὰ
899 5252 1060 5305 ποίαν
1089 5253 1265 5307 αἰτίαν
1293 5253 1394 5306 οὐκ
1423 5252 1488 5308 ἂν
1525 5252 1637 5323 ἔχοι
1659 5271 1743 5317 τις
1767 5252 1931 5324 ἄλλην

347 5344 530 5398 εἰπεῖν
549 5343 580 5414 ἢ
604 5343 692 5396 διὰ
713 5343 809 5414 τὴν
832 5344 1042 5412 γένεσιν
1064 5344 1156 5397 τοῦ
1178 5346 1235 5398 ὲν
1255 5346 1393 5416 αὐτῇ
1416 5344 1698 5416 τεχθέντος
1718 5345 1928 5416 ἀνδρὸς,

348 5436 449 5491 καὶ
483 5433 576 5488 τοῦ
612 5436 815 5508 Κυρίου
865 5435 1145 5506 τεχθέντος
1181 5437 1328 5499 ἐκεῖ,
1360 5437 1558 5509 δηλαδὴ
1591 5438 1648 5491 ὲν
1677 5438 1826 5510 αὐτῷ
1854 5438 1932 5508 τῷ

351 5527 706 5600 προλεχθέντι
741 5527 890 5600 ἀνδρί
911 5545 924 5559 ο
959 5529 1044 5598 ἐφ’
1067 5526 1148 5592 οἷς
1182 5531 1359 5582 πᾶσαν
1388 5530 1725 5601 εὐφροσύνην
1749 5531 1931 5602 κοινὴν

351 5623 448 5675 καὶ
474 5619 714 5690 χορείας,
747 5619 888 5690 ᾠδάς
920 5638 978 5672 τε
1009 5621 1102 5674 καὶ
1135 5618 1316 5684 αἴνους
1337 5623 1430 5676 καὶ
1455 5623 1637 5694 πηγὰς
1658 5622 1816 5677 θείων
1837 5623 1932 5676 καὶ

352 5711 518 5781 ἱερῶν
541 5710 710 5778 λόγων
744 5712 832 5764 ζττῖ
865 5711 1006 5765 τέλει
1026 5713 1119 5766 τοῦ
1140 5714 1355 5786 ψαλμοῦ
1381 5713 1639 5777 θεσπίζει.
1683 5714 1851 5768 Ἐπὰν
1875 5715 1931 5768 δὲ

349 5802 492 5874 λέγῃ
520 5803 577 5856 ὲν
602 5804 782 5876 γραφῇ
811 5803 954 5860 λαῶν
979 5806 1149 5861 ταῦτα
1179 5825 1350 5866 παντα
1379 5807 1622 5874 ἔσεσθαι,
1654 5807 1930 5881 σημαίνειν
1964 5883 1999 5894 Ἀ

2041 4622 2351 4680 bernaculis
2395 4619 2567 4677 Jacob
2599 4636 2631 4676 a
2665 4620 2896 4677 Domino
2925 4622 3224 4689 antelatas;
3273 4623 3514 4692 itemque
3540 4621 3622 4675 ci-

2041 4719 2264 4773 vitatem
2320 4715 2415 4771 Dei
2475 4715 2714 4786 gloriose
2772 4714 3102 4770 celebratam
3141 4734 3154 4768 :
3193 4713 3260 4768 ad
3321 4713 3436 4768 ba'c
3489 4728 3619 4769 vero

2041 4806 2245 4874 omnia,
2277 4805 2334 4860 in
2363 4805 2606 4868 civitate,
2637 4820 2749 4860 non
2783 4805 3058 4870 lsraelem,
3093 4820 3270 4874 neque
3327 4803 3615 4861 Judaicam

2040 4901 2253 4966 gentem
2279 4911 2296 4962 ;
2329 4893 2425 4950 sed
2478 4892 2667 4948 Hahab
2695 4893 2825 4947 olim
2855 4893 3218 4959 meretricem,
3249 4891 3615 4964 Babylonem,

2039 4983 2235 5057 'l‘yrias
2269 5024 2286 5052 ,
2342 4984 2673 5056 AZthiopas,
2737 4984 3179 5054 alienigenasque
3244 4984 3507 5038 nominet.
3551 4981 3614 5036 lli

2039 5078 2239 5148 quippe
2271 5091 2463 5132 omnes
2494 5092 2594 5132 cur
2625 5078 2681 5131 in
2713 5075 2934 5131 civitate
2958 5073 3053 5130 Dei
3083 5075 3348 5130 nascituri
3377 5091 3498 5128 esse
3530 5074 3616 5127 di~

2041 5181 2258 5235 cantur,
2281 5186 2392 5225 non
2427 5171 2588 5224 aliam
2621 5183 2845 5224 causam
2878 5168 3004 5237 quis
3029 5165 3292 5236 proferat,
3317 5167 3422 5221 nisi
3449 5182 3613 5234 gene-

2041 5263 2306 5318 rationem
2331 5261 2430 5315 viri
2455 5259 2549 5330 qui
2583 5260 2636 5312 in
2682 5259 2772 5312 illa
2806 5268 2968 5313 natus
3000 5265 3104 5321 est,
3133 5267 3186 5312 et
3217 5255 3431 5310 Domini
3479 5255 3609 5308 item

2037 5354 2094 5409 in
2123 5354 2213 5408 illa
2247 5351 2382 5416 nati,
2415 5351 2664 5406 videlicet
2704 5349 2757 5402 in
2802 5348 2921 5403 viro
2959 5363 3118 5417 quem
3178 5346 3287 5417 iam
3345 5346 3606 5403 diximus.

2038 5445 2376 5515 Quapropter
2432 5440 2800 5496 omnimodam
2854 5455 3306 5509 communemque
3344 5423 3604 5504 laetitiam,

2037 5536 2290 5596 choreas,
2322 5533 2564 5593 cantica,
2596 5530 2784 5585 laudes
2805 5569 2819 5593 ,
2877 5528 3185 5583 divinorum
3220 5543 3609 5598 sacrorumque

2035 5627 2400 5695 eloquiorum-
2425 5624 2600 5678 fontes
2632 5622 2686 5675 in
2719 5624 2824 5677 line
2860 5621 3052 5692 psalmi
3087 5621 3433 5677 vaticinatur.
3469 5619 3605 5673 Cum

2036 5730 2216 5771 autem
2250 5715 2403 5777 dicit,
2437 5715 2488 5769 in
2523 5714 2796 5784 scriptura
2844 5715 3166 5784 populorum
3212 5714 3396 5768 omnia
3449 5727 3606 5782 repo-

2036 5809 2211 5865 nenda
2233 5824 2370 5875 esse,
2400 5808 2634 5864 arbitror
2659 5823 2782 5866 eum
2810 5815 3024 5878 tempus
3045 5809 3432 5880 descriptionis
3462 5823 3603 5879 grn-
