4066 6384
487 404 616 461 1051

1168 398 1436 458 EUSEBII
1466 398 1944 456 CESABIENSIS
1979 396 2130 459 OPP.
2174 397 2353 453 PARS
2390 395 2479 454 Ill.
2513 427 2581 438 —
2620 395 3032 453 EXEGETICA.

3587 372 3728 455 {ora

480 522 616 573 tium
643 559 659 582 ,
696 534 819 589 qua:
867 517 920 572 in
965 524 1088 573 ortu
1132 516 1432 574 Salvatoris
1468 517 1643 572 nostri
1688 515 1819 571 Jesu
1846 515 2032 571 Christ

2156 513 2393 585 ἠγοῦμαι
2427 514 2515 566 τὸν
2544 528 2733 584 καιρον
2762 512 2861 582 τῆς
2886 486 3212 581 ἀπογραφῆς
3239 511 3345 564 τῶν
3374 510 3543 565 ἐθνῶν
3562 553 3577 577 ,
3606 513 3729 585 ῆτις

481 613 624 667 facta
646 618 753 676 est,
773 612 1048 666 indicare:
1074 619 1206 665 tunc
1227 611 1372 665 enim
1399 610 1528 664 exiit
1544 610 1769 664 edictum
1790 626 1822 662 a
1844 608 2034 665 Ca'san

2155 603 2458 676 ἐπληροῦτο
2482 604 2575 657 ἐπὶ
2591 603 2692 673 τῆς
2713 602 2805 657 τοῦ
2827 603 3077 675 Σωτῆρος
3105 605 3138 674 ή
3146 603 3260 674 μῶν
3293 602 3467 674 Ἰησοῦ
3488 604 3726 676 Χριστοῦ

479 702 742 772 Augusto,
772 711 829 754 ut
863 701 1248 756 describeretur
1298 701 1571 755 universus
1621 699 1765 754 orbis
1799 699 1878 765 ⁸⁵;
1927 713 2053 753 cum

478 795 747 867 Cyrenius
773 796 831 850 in
872 793 1116 849 Judzeam
1156 793 1380 850 veniens
1405 808 1632 848 censum
1677 793 1865 848 edidit.
1897 790 2053 858 Quod

481 888 751 959 signiﬁcat
782 886 1116 957 evangelista
1170 884 1362 940 dicens
1398 903 1413 939 :
1465 882 1596 940 Haec
1624 884 1902 954 descriptio
1936 883 2050 953 pri-

480 998 570 1034 ma
597 981 643 1012 ⁸⁸
671 998 686 1047 ;
718 981 791 1034 ita
813 988 871 1033 ut
901 987 1115 1048 tempus
1159 975 1289 1030 illud
1322 976 1379 1030 in
1424 975 1530 1030 hoc
1557 977 1766 1046 psalmo
1798 983 2051 1031 accurate

480 1072 835 1145 signiﬁcetur.
870 1069 1008 1124 Num
1045 1069 1182 1124 forte
1233 1067 1357 1123 ideo
1404 1067 1643 1138 psalmus
1676 1069 1781 1123 iste
1808 1082 2052 1139 segrega-

479 1173 589 1230 tus,
623 1164 887 1235 longeque
917 1161 985 1216 ab
1018 1161 1139 1215 aliis
1162 1159 1255 1230 qui
1288 1155 1549 1213 Filiorum
1566 1158 1707 1215 Core
1735 1159 2048 1214 inscribun-

477 1261 569 1307 tur
607 1250 711 1307 hoc
762 1251 995 1307 consilio
1042 1251 1252 1321 positus
1299 1255 1406 1312 est,
1439 1256 1499 1303 ut
1555 1250 1813 1321 mysteria
1869 1248 1941 1304 ibi
1981 1247 2048 1305 de

474 1345 683 1401 Christi
723 1355 846 1399 ortu
878 1342 1158 1399 enuntiata
1204 1342 1648 1408 occultareutur;
1706 1340 1783 1395 ita
1826 1349 1887 1396 ut
1942 1340 2047 1397 ista

474 1453 693 1507 quoque
723 1435 862 1489 ratio
891 1442 946 1490 et
996 1432 1284 1502 responsio
1314 1431 1494 1486 aﬁ‘erri
1532 1431 1705 1502 possit
1727 1431 1792 1487 ad
1818 1430 2045 1502 quaesita

474 1537 663 1590 nostra
697 1526 852 1583 initio
884 1525 1153 1581 sermonis
1203 1525 1505 1597 proposita.
1561 1521 1799 1594 ldipsum
1827 1537 2046 1593 quoque

472 1621 626 1676 dicas
653 1620 719 1675 de
758 1634 999 1681 Lxxxvu,
1031 1616 1123 1687 qui
1174 1616 1321 1671 hunc
1358 1618 1604 1685 sequitur
1632 1656 1647 1680 ,
1697 1624 1752 1670 et
1779 1613 2043 1670 Filiorum

470 1712 608 1764 Core
657 1709 862 1780 pariter
913 1707 1209 1784 inscriptus
1260 1713 1363 1762 est.
1421 1706 1560 1772 Quia
1595 1705 1690 1762 ille
1737 1704 2043 1761 Servatoris

472 1801 645 1857 nostri
670 1808 899 1856 mortem
928 1798 1279 1862 vaticinatur,
1303 1807 1701 1871 consequenter
1742 1798 1811 1854 ad
1854 1798 1999 1853 hunc
2022 1838 2039 1866 ,

468 1893 561 1963 qui
593 1901 772 1949 ortum
805 1892 925 1962 ejus
962 1891 1309 1962 praedixerat.

2153 696 2419 766 γενέσεως
2436 712 2449 726 ο
2485 696 2605 748 τότε
2641 694 2750 766 γὰρ
2781 693 3002 764 ἐξῆλθε
3029 695 3216 765 δόγμα
3244 694 3405 763 παρὰ
3428 695 3729 765 Καίσαρος

2152 788 2503 857 Αὐγούστου
2518 786 2963 857 ἀπογράφεσθαι
2977 784 3183 841 πᾶσαν
3200 784 3314 854 τὴν
3328 786 3694 858 οἰκουμένην
3709 806 3723 823 ο

2151 878 2238 931 ὅτε
2284 878 2553 949 Κυρήνιος
2596 876 2822 940 ἐπιστὰς
2862 880 2928 948 τῇ
2988 876 3214 948 Ἰουδαίᾳ
3255 875 3355 939 τὰς
3400 879 3727 949 ἀπογραφὰς

2150 971 2400 1024 ἐποιεῖτο.
2437 968 2883 1040 Ἐπισημαίνεται
2907 967 3038 1037 γοῦν
3055 970 3085 1021 6
3109 967 3495 1039 εὐαγγελιστὴς
3514 968 3687 1039 λέγων
3707 988 3720 1003 ’

2148 1061 2309 1129 Αὕτη
2356 1062 2394 1129 ἠ
2444 1059 2762 1130 ἀποῃοαερὴ
2809 1059 3038 1130 πρώτη·
3091 1059 3230 1114 ὥστε
3265 1060 3359 1114 καὶ
3398 1059 3488 1113 τὸν
3530 1061 3722 1134 καιρὸν

2148 1152 2309 1206 αὑτὸν
2340 1152 2578 1225 ἀκριϐῶς
2601 1152 2689 1207 διὰ
2718 1151 2812 1206 τοῦ
2849 1152 3115 1225 παρόντος
3161 1151 3377 1223 ψαλμοῦ
3408 1152 3710 1225 δηλοῦσθαι.

2147 1244 2374 1316 Μήποτε
2412 1245 2469 1299 δὲ
2512 1245 2609 1299 καὶ
2648 1245 2736 1299 διὰ
2763 1245 2920 1318 τοῦτο
2958 1243 3262 1316 ἀφώρισται
3293 1246 3321 1297 6
3346 1244 3587 1315 ψαλμὺς,
3620 1247 3715 1300 καὶ

2150 1336 2365 1408 μακρὰν
2390 1337 2793 1409 ἀπεσχοίνισται
2827 1336 2936 1390 τῶν
2959 1337 3159 1391 λοιπῶν
3181 1336 3288 1391 τῶν
3310 1338 3715 1409 ὲπιγεγραμμέυ

2144 1448 2249 1483 νων
2272 1427 2403 1486 υἱῶν
2428 1432 2591 1503 Κορὲ,
2620 1430 2805 1501 ἐπειδὴ
2824 1429 3162 1499 κρύπτεσθαι
3191 1432 3219 1483 6
3250 1430 3407 1499 λόγος
3433 1429 3504 1483 τὰ
3534 1430 3718 1503 δηλού-

2147 1539 2283 1594 μενα
2324 1525 2383 1578 ὲν
2423 1522 2572 1594 αὐτῷ
2608 1524 2883 1595 μυστήρια
2915 1524 3043 1595 περὶ
3079 1522 3181 1593 τῆς
3210 1523 3305 1578 τοῦ
3333 1524 3537 1597 Κυρίου
3568 1526 3719 1593 γενέ-

2146 1630 2283 1679 σεως
2308 1613 2555 1668 ἐϐούλετο
2572 1633 2584 1645 ·
2635 1614 2776 1670 ὥστε
2803 1617 2896 1669 καὶ
2922 1615 3123 1686 ταύτην
3149 1615 3341 1688 ἑτέραν
3370 1611 3508 1669 εἶναι
3540 1616 3718 1672 αἰτίαν

2142 1706 2250 1761 τῶν
2273 1708 2619 1779 ὲζητημένων
2653 1709 2783 1779 ἡμῖν
2811 1710 2954 1762 κατὰ
2978 1706 3075 1777 τὴν
3103 1706 3275 1778 ἀρχὴν
3294 1706 3400 1759 τῶν
3423 1707 3719 1778 προκειμέ-

2141 1815 2265 1853 νων.
2300 1800 2373 1853 Τὸ
2395 1801 2525 1855 αὐτὸ
2550 1801 2595 1854 δ’
2621 1800 2686 1855 ἂν
2717 1803 2892 1863 εἴποις
2925 1799 3020 1853 καὶ¹
3051 1798 3141 1851 ἐπὶ
3156 1798 3248 1852 τοῦ
3265 1798 3363 1862 πζ¹
3391 1797 3518 1869 ἑξῆς
3545 1797 3718 1868 τούτῳ

2065 1881 2110 1937 Β
2137 1890 2541 1963 ὲπιλεγομένου,
2563 1891 3041 1965 ἐπιγεγραμμένου
3067 1909 3128 1945 τε
3147 1890 3241 1944 καὶ
3258 1890 3419 1944 αὐτοῦ
3454 1888 3718 1943 τῶνυὶῶν

469 1985 613 2057 Κορέ
631 2003 643 2015 ·
673 1988 796 2039 ἐπεὶ
822 1986 917 2039 καὶ
946 1984 1105 2049 αὐτὸς
1125 1984 1217 2039 τὸν
1243 1983 1472 2039 θάνατον
1500 1982 1592 2038 τοῦ
1614 1982 1866 2055 Σωτῆρος
1884 1981 2042 2054 ήμῶν
2078 1984 2414 2056 προφητεύει
2448 1986 2757 2050 ἀκολούθως
2813 1986 2891 2057 τῷ
2961 1985 3097 2058 μετὰ
3137 1987 3329 2057 χεῖρας
3360 1984 3463 2057 τὴν
3504 1984 3717 2054 γένεσιν

465 2077 630 2133 αὐτοῦ
665 2077 993 2151 περιέχοντι.

465 2249 1150 2326 caurgcuuutgsgim,
1181 2255 1402 2326 ﬁmus
1450 2256 1654 2318 cons.
1698 2257 1765 2312 IN
1806 2256 2037 2326 FINEM,

536 2322 673 2376 PRO
711 2322 1086 2378 MAHELETH
1126 2325 1218 2379 AD
1292 2327 1882 2387 RESPONDENDUM.
1945 2322 2039 2385 IN;-

536 2391 937 2449 TELLECTUS
980 2394 1197 2450 EMAN
1236 2395 1633 2455 ESDRAITE;
1664 2398 1965 2455 LXXXVII.

536 2529 704 2589 Vsus.
747 2533 802 2589 2.
848 2533 1071 2591 Domine
1116 2534 1257 2591 Deus
1286 2536 1475 2592 salutis
1516 2554 1664 2605 meae,
1700 2540 1758 2594 in
1795 2540 1881 2595 die
1920 2540 2034 2595 cla-

464 2625 624 2690 mavi,
646 2634 696 2679 et
727 2637 874 2681 nocte
917 2645 1098 2682 coram
1130 2639 1198 2684 te.
1238 2629 1487 2688 Praesens
1516 2647 1733 2703 quoque
1765 2634 2029 2703 psalmus,

463 2721 524 2766 ut
554 2716 889 2784 praecedens.
924 2716 1187 2774 Filiorum
1230 2720 1371 2777 Core
1410 2729 1516 2778 est.
1556 2722 1662 2777 Sed
1696 2722 1786 2779 ille
1812 2722 2032 2792 quidem

460 2802 667 2860 Christi
717 2815 900 2861 ortum
946 2809 1329 2865 subindicabat
1378 2810 1467 2868 bis
1514 2811 1743 2867 verbis:
1785 2811 1849 2866 Et
1882 2812 2033 2868 Sioni

458 2899 682 2969 dicetur,
729 2900 823 2957 Vir
847 2912 898 2958 et
943 2906 1021 2960 vir
1053 2915 1208 2961 natus
1233 2916 1310 2961 est
1339 2907 1396 2962 in
1437 2923 1521 2973 ea,
1553 2916 1603 2962 et
1647 2908 1759 2977 ipse
1799 2908 2035 2977 ﬁrmabit

456 3009 595 3057 eam,
629 3000 689 3048 ut
727 2994 923 3066 Aquila
972 2997 1359 3068 interpretatur
1400 3016 1413 3053 :
1447 3005 1659 3069 tempus
1685 2999 1847 3054 etiam
1877 3009 2032 3058 ortus

458 3085 705 3154 praedicti
752 3086 858 3141 viri
912 3088 1185 3159 signiﬁcat
1218 3089 1274 3145 in
1324 3091 1679 3163 sequentibus
1707 3089 1916 3158 dicens,
1963 3091 2030 3148 In

457 3176 733 3231 scribendo
762 3180 1002 3247 populos,
1031 3181 1114 3235 hic
1144 3192 1301 3237 natus
1334 3194 1411 3238 est
1438 3183 1528 3238 ibi.
1556 3182 1730 3252 Hujus
1758 3199 1923 3255 porro
1946 3186 2031 3242 di-

2143 2252 2275 2326 ῼΔΗ
2314 2254 2616 2311 ΨΑΛΜΟΥ
2651 2258 2807 2311 ΤΟῙΣ
2842 2259 3026 2314 ΥῙΟῘΣ
3064 2259 3279 2321 ΚΟΡΕ,
3319 2258 3431 2311 ΕΙΣ
3475 2260 3564 2312 ΤΟ
3600 2259 3717 2313 TE-

2208 2325 2371 2396 ᾼοε,
2432 2326 2615 2379 ΥΠΕΡ
2664 2329 2977 2396 ΜΑΕΛΕΘ,
3016 2329 3153 2382 Tor
3189 2328 3711 2396 suosmores“,

2208 2394 2557 2449 ΣΥΝΕΣΕΩΣ
2592 2398 2815 2451 AIMAN
2852 2399 2939 2471 Τῼ
2963 2390 3311 2470 ἘΣΔΡΑῙΤῌ
3350 2399 3448 2470 (1).
3503 2400 3639 2455 IIZ'.

2208 2532 2383 2603 Κύριε
2411 2536 2447 2590 ὁ
2476 2535 2621 2603 Θεὸς
2660 2534 2771 2606 τῆς
2806 2538 3097 2607 σωτηρίας
3125 2554 3265 2608 μου,
3300 2534 3523 2608 ἡμέρας
3582 2536 3714 2592 ἐκέ-

2136 2627 2329 2695 κραξα
2353 2627 2450 2682 καὶ
2488 2627 2561 2683 ἐν
2586 2629 2758 2683 νυκτὶ
2796 2630 3077 2685 ἐναντίον
3098 2629 3237 2684 σοῦ.
3294 2629 3405 2684 Καὶ
3450 2631 3479 2683 6
3522 2627 3711 2701 παρὼν

2134 2716 2346 2791 ψαλμδς
2373 2719 2495 2773 Τῶν
2526 2719 2657 2774 υἱῶν
2682 2721 2849 2793 Κορὲ,
2880 2721 2956 2786 ὡς
2984 2722 3079 2775 καὶ
3105 2723 3135 2775 6
3167 2720 3273 2794 πρὸ
3294 2720 3479 2787 αὐτοῦ,
3507 2719 3711 2791 τυγχά-

2135 2826 2237 2864 νει.
2278 2809 2415 2863 Ἀλλ’
2445 2813 2473 2865 6
2502 2811 2601 2882 μὲν
2625 2812 2729 2885 πρὸ
2761 2812 2949 2877 αὑτοῦ,
2977 2813 3212 2887 Χριστοῦ
3238 2813 3449 2883 γένεσιν
3470 2812 3712 2885 ᾐνίττετο

2139 2901 2390 2971 φάσκων·
2412 2901 2520 2957 Καὶ
2541 2900 2615 2971 τῇ
2634 2902 2787 2957 Σιὼν
2811 2903 3171 2974 λεχθήσεται
3186 2921 3200 2935 ⁸
3240 2903 3418 2973 ’Λνὴρ
3436 2903 3532 2959 καὶ
3554 2904 3710 2973 ἀνὴρ

2136 2990 2348 3062 ἐτέχθη
2377 2992 2448 3046 ἐν
2481 2992 2663 3063 αὐτῇ,
2715 2994 2815 3048 καὶ
2848 2993 3030 3062 αὐτὸς
3060 2993 3299 3063 ἐδράσει
3321 2995 3517 3063 αὐτὴν
3535 3035 3550 3060 ,
3579 2995 3654 3059 ὡς
3679 2995 3710 3047 6

2149 3081 2379 3146 Ἀκύλας
2400 3083 2740 3155 ἡρμήνευσε·
2771 3084 2867 3138 καὶ
2890 3084 2981 3138 τὸν
3013 3084 3205 3156 καιρόν
3233 3102 3296 3154 γε
3328 3086 3583 3156 σημαίνει
3610 3086 3710 3156 τῆς

2134 3174 2399 3243 γενέσεως
2422 3174 2515 3228 τοῦ
2538 3175 2827 3248 εἰρημένου
2852 3176 3063 3248 ἀνδρὸς,
3090 3175 3294 3248 προϊὼν
3316 3176 3442 3246 ἑξῆς
3461 3192 3475 3207 ⁶
3504 3176 3708 3245 ἔφασκε

455 3266 529 3320 cti
584 3269 912 3323 sententiam
965 3273 1209 3341 apertius
1264 3274 1457 3328 extulit
1493 3273 1685 3344 quinta
1732 3275 1919 3341 editio,
1973 3277 2027 3331 in

2134 3265 2290 3334 γοῦν*
2336 3267 2432 3319 Ἑν
2464 3266 2545 3333 τῷ
2570 3266 2819 3336 γράφειν
2855 3266 3077 3332 λαοὺς,
3107 3262 3286 3332 οὗτος
3312 3268 3524 3335 ἐτέχθη
3563 3266 3706 3321 ἐκεῖ.

456 3370 563 3425 qua
612 3356 821 3414 dictum
868 3369 972 3427 est,
1028 3361 1095 3416 In
1143 3364 1492 3429 descriptione
1539 3366 1888 3434 populorum,
1945 3368 2029 3423 hic

456 3458 703 3504 nascetur
734 3450 828 3507 ibi.
874 3451 1320 3512 Manifestissime
1364 3458 1566 3527 quippe
1606 3457 2027 3528 descriptionem

456 3541 799 3605 memoravit,
844 3541 1004 3611 cujus
1055 3550 1300 3615 tempore
1352 3543 1603 3600 Salvator
1664 3556 1719 3603 et
1766 3544 2029 3604 Dominus

456 3637 648 3685 noster
676 3640 838 3687 natus
871 3643 975 3695 est.
1009 3634 1155 3689 sicut
1184 3644 1408 3692 enarrat
1428 3638 1757 3707 evangelista
1784 3658 1795 3692 :
1826 3638 1890 3692 In
1917 3637 2029 3693 die-

459 3718 554 3773 bus
587 3719 720 3786 illis,
747 3725 874 3778 exiit
901 3723 1129 3779 edictum
1159 3744 1192 3780 ιι
1221 3724 1433 3783 Caesare
1457 3728 1712 3800 Angusto,
1748 3740 1804 3784 ut
1829 3729 2029 3785 descri-

459 3809 665 3865 berctur
692 3814 962 3870 universus
993 3817 1155 3875 orbis.
1192 3818 1318 3874 Hac
1351 3820 1633 3889 descriptio
1673 3823 1848 3892 prima
1880 3821 2026 3891 facta

455 3911 556 3966 est,
594 3903 818 3969 prwside
868 3904 1038 3977 Syrica
1089 3908 1314 3979 Cyrenio
1338 3911 1406 3967 “.
1440 3909 1639 3967 Verum
1682 3912 1774 3969 ille
1805 3912 2025 3983 quidem

454 3992 699 4061 psalmus
730 4002 909 4049 ortum
943 3997 1062 4062 ejus
1092 4000 1469 4070 snguiﬁcabat;
1502 4001 1591 4055 hic
1613 4017 1743 4057 vero
1770 4008 2023 4059 mortem.

452 4082 590 4138 Illud
619 4094 821 4151 autem,
838 4101 931 4155 pro
957 4085 1243 4162 Mabeleth,
1271 4088 1651 4162 Symmachus.
1674 4109 1765 4162 per
1788 4093 2023 4161 chorum,

456 4174 849 4246 interpretatus
877 4189 1000 4247 est;
1032 4158 1227 4251 Aquila
1256 4158 1405 4247 vero,
1452 4202 1608 4255 super
1637 4158 1898 4242 cboream.
1931 4158 2027 4242 Vi;

453 4261 722 4336 deturque
768 4269 901 4323 mihi
949 4270 1038 4325 bic
1061 4271 1265 4330 Christi
1299 4276 1558 4345 populum
1588 4286 1642 4331 et
1678 4276 2026 4334 Ecclesiasti-

2131 3353 2333 3408 Τούτου
2356 3354 2414 3407 δὲ
2435 3354 2531 3425 τὴν
2550 3354 2787 3408 διάνοιαν
2808 3354 3138 3426 σαφέστερον
3165 3355 3500 3409 ἀποδέδωκεν
3520 3357 3551 3427 ἠ
3575 3356 3709 3426 πέμ-

2130 3459 2239 3513 πτη
2283 3441 2489 3506 ἔκδοσις
2509 3482 2524 3509 ,
2564 3444 2623 3495 ὲν
2735 3442 2982 3514 εῐρηται·
3028 3444 3130 3498 Ἐν
3160 3444 3481 3514 ἀπογραφῇ
3516 3444 3705 3509 λαῶν,

2129 3529 2306 3601 οὗτος
2329 3533 2766 3605 γεννηθήσεται
2791 3533 2934 3587 ἐκεῖ.
2962 3534 3281 3604 Σαφέστατα
3311 3535 3420 3607 γὰρ
3446 3535 3545 3606 τῆς
3572 3536 3705 3589 ἀπο-

2128 3626 2347 3696 γραφῆς
2390 3627 2799 3698 ὲμνημόνευσε,
2834 3627 2955 3681 καθ’
2988 3628 3055 3699 ήν
3081 3631 3110 3682 6
3149 3628 3340 3700 Σωτήρ
3383 3627 3478 3681 καὶ
3502 3628 3729 3705 Κύριος,

2127 3716 2285 3788 ἡμῶν
2313 3718 2572 3790 ἐγεννήθη
2597 3759 2613 3783 ,
2634 3719 2821 3792 ῶσπερ
2851 3715 2944 3774 οῦν
2981 3718 3131 3791 δηλοῖ
3159 3718 3332 3787 λέγων
3364 3720 3392 3772 6
3425 3718 3706 3788 εὐαγγελι-

2130 3809 2280 3881 στής·
2299 3809 2401 3863 Ἕν
2416 3809 2544 3876 ταῖς
2556 3809 2803 3879 ἡμέραις
2820 3810 3079 3878 ἐκείναις
3097 3808 3317 3879 ἐξῆλθε
3337 3810 3527 3880 δόγμα
3547 3810 3706 3877 παρὰ

2127 3900 2427 3967 Καίσαρος
2460 3902 2811 3971 Αὐγούστου
2859 3901 3308 3973 ἀπογράφεσθαι
3345 3899 3553 3955 πᾶσαν
3590 3900 3706 3969 τὴν

2128 3990 2501 4060 οἰκουμένην.
2528 3992 2692 4061 Αὕτη
2712 3994 2750 4061 ἡ
2766 3993 3082 4064 ἀπογραφὴ
3104 3993 3304 4063 πρώτη
3318 3994 3552 4063 ἐγένετο
3574 3994 3704 4063 virs-

2121 4082 2533 4152 μον-θύσαντος
2563 4082 2674 4151 τῆς
2706 4084 2925 4152 Συρίας
2948 4085 3265 4153 Κυρηνίου.
3332 4077 3475 4135 Ἀλλ⁴
3500 4086 3706 4147 ἐκεῖνος

2131 4174 2230 4246 μὲν
2257 4174 2354 4247 τὴν
2376 4177 2589 4245 γένεσιν
2609 4177 2877 4246 ἐσήμανεν
2901 4175 3085 4240 αὐτοῦ,
3106 4177 3135 4229 6
3154 4176 3210 4229 δὲ
3237 4175 3375 4246 μετὰ
3399 4177 3586 4247 χεῖρας
3611 4173 3703 4229 τὸν

2127 4266 2376 4321 θάνατον.
2409 4267 2484 4320 Τὸ
2510 4268 2567 4320 δὲ
2587 4306 2602 4331 ,
2657 4267 2810 4335 ὑπὲρ
2836 4266 3070 4321 Μαελὲθ
3092 4305 3106 4328 ,
3143 4265 3239 4319 διὰ
3267 4266 3481 4335 χοροῦ,
3516 4268 3701 4339 ἡρμή-

453 4371 573 4410 eam
614 4359 869 4414 choream
901 4362 1239 4429 adumbrari,
1286 4366 1339 4420 in
1374 4382 1480 4436 qua
1523 4382 1671 4425 mors
1715 4368 2023 4426 Servatoris

2134 4374 2313 4412 νευσεν
2338 4360 2368 4411 6
2399 4357 2692 4429 Σύμμαχος
2711 4374 2724 4389 ’
2753 4359 2781 4410 6
2808 4358 2866 4411 δὲ
2901 4356 3153 4420 Ἀκύλας,
3178 4356 3276 4410 ἐπὶ
3304 4358 3557 4426 χορείας.
3590 4358 3701 4412 Καί

453 4446 629 4499 nostri
659 4447 879 4535 hymnis
911 4451 1241 4508 celebratur.
1273 4455 1409 4522 Quia
1438 4473 1569 4513 vero
1592 4466 1752 4515 ortus
1784 4459 1903 4529 ejus
1929 4477 2026 4531 per

2134 4466 2218 4521 μοι
2241 4449 2389 4503 δοκεῖ
2403 4449 2496 4503 τὸν
2516 4447 2755 4522 Χριστοῦ
2778 4448 2904 4502 λαὸν
2924 4448 3253 4503 αἰνίττεσθαι
3282 4449 3375 4501 καὶ
3394 4449 3492 4520 τὴν
3512 4450 3703 4522 ἐκκλη-

452 4535 595 4591 banc
648 4534 903 4593 choream
947 4542 1185 4608 canitur,
1230 4545 1356 4614 jure
1403 4548 1715 4616 praecedens
1755 4551 2020 4619 psalmus,

2134 4539 2408 4612 σιαστικὴν
2437 4541 2654 4615 χορείαν
2672 4581 2687 4606 ,
2728 4541 2786 4592 ὲν
2881 4539 2975 4593 τοῦ
3010 4540 3264 4611 Σωτῆρος
3295 4539 3450 4611 ἡμῶν
3477 4543 3506 4595 6
3538 4539 3701 4595 θάνα-

451 4628 545 4698 qui
572 4636 753 4685 ortum
789 4632 909 4702 ejus
940 4634 1361 4701 vaticinabatur,
1394 4637 1510 4692 haec
1537 4639 1694 4705 dixit,
1732 4639 1800 4694 Et
1833 4657 2026 4697 canen-

2134 4648 2218 4695 τος
2242 4633 2580 4703 ἀνυμνεῖται.
2623 4631 2775 4685 Ἐπεὶ
2810 4632 2865 4684 δὲ
2890 4632 2984 4686 καὶ
3007 4635 3040 4703 ή
3075 4633 3287 4701 γένεσις
3308 4632 3470 4685 αὑτοῦ
3494 4632 3581 4687 διὰ
3601 4633 3701 4704 τῆς

453 4725 528 4771 tes
549 4720 685 4774 sicut
714 4721 860 4776 chon
890 4740 1066 4779 omnes
1094 4725 1264 4794 fontes
1296 4728 1348 4780 in
1373 4738 1421 4781 te
1442 4744 1461 4782 :
1486 4728 1644 4797 queis
1673 4730 2023 4787 declarantur

2134 4723 2343 4796 χορείας
2367 4722 2570 4795 ταύτης
2595 4723 2797 4795 ᾅδεται,
2829 4725 3050 4788 εἰκότως
3072 4724 3213 4778 καὶὸ
3236 4724 3340 4795 πρὸ
3362 4723 3552 4777 τούτου
3570 4724 3702 4793 ψαλ-

449 4803 656 4862 Christi
694 4810 848 4866 ebori
887 4815 942 4867 in
980 4813 1222 4870 Ecclesia
1262 4826 1523 4874 canentes
1562 4826 1617 4875 et
1652 4820 1868 4890 hymnis
1900 4839 2020 4895 my-

453 4896 619 4951 steria
670 4900 792 4969 ejus
841 4905 1200 4963 celebrantes.
1263 4906 1461 4963 Eman
1518 4925 1650 4965 vero
1698 4910 2017 4980 Esdraiten,

450 5002 622 5042 unum
651 5005 715 5044 ex
753 4990 878 5049 ﬁliis
911 4995 1062 5052 Zarat
1094 4998 1186 5052 ﬁlii
1216 4996 1355 5052 Juda
1385 5016 1507 5056 esse
1534 5002 1706 5067 aiunt,
1739 5013 2021 5060 vocatum-

451 5094 558 5148 que
599 5082 743 5151 apud
792 5082 1049 5143 Hebraeos
1081 5091 1455 5161 patronymice
1500 5091 1752 5149 Zaraiten
1779 5108 1794 5147 :
1823 5094 2019 5150 luisse—

449 5187 556 5241 que
602 5172 740 5229 ﬁlios
793 5175 944 5232 Zaraa
999 5194 1228 5235 numero
1279 5183 1539 5253 quinque,
1587 5191 1647 5237 ut
1699 5185 2021 5241 testiﬁcatur

2128 4818 2228 4888 μος
2247 4818 2348 4888 τὴν
2372 4817 2583 4886 γένεσιν
2604 4818 2767 4872 αὐτοῦ
2794 4817 3056 4881 θεσπίσας
3077 4820 3324 4888 ἐπήγαγε
3354 4818 3528 4887 λέγων
3547 4835 3561 4849 ⁸
3587 4819 3697 4872 Καὶ

2121 4908 2370 4977 ᾄδοντες
2383 4911 2462 4976 ὡς
2475 4910 2638 4979 χοροὶ
2656 4909 2842 4989 πᾶσαι
2858 4910 3036 4981 πηγαὶ
3054 4911 3123 4965 ἐν
3138 4910 3257 4975 σοὶ,
3276 4911 3400 4974 τοὺς
3422 4912 3478 4963 ὲν
3496 4912 3561 4982 τῇ
3578 4910 3699 4964 Ἐκ-

2125 5000 2324 5071 κλησίᾳ
2353 4999 2589 5072 Χριστοῦ
2620 5002 2812 5072 χοροὺς
2836 5000 3055 5072 ᾄδοντας
3077 5000 3241 5055 αὑτοῦ
3275 5000 3369 5055 καὶ
3401 5000 3697 5072 ἀνυμνοῦν-

2123 5107 2221 5155 τος
2246 5091 2315 5144 τὰ
2357 5091 2628 5162 μυστήρια
2655 5090 2921 5163 δηλώσας.
2985 5092 3088 5145 Τὸν
3117 5091 3173 5145 δὲ
3206 5090 3491 5161 λεγόμενον
3519 5091 3698 5162 Αῑμὰν

2122 5183 2214 5236 τὸν
2256 5182 2569 5255 Ἐσδροιῖτην
2611 5184 2773 5252 φασὶν
2818 5179 2956 5237 εἶναι
2990 5184 3085 5236 ἕνα
3118 5183 3225 5238 τῶν
3258 5182 3387 5237 υἱῶν
3412 5183 3563 5254 Ζαρὰ
3603 5184 3697 5237 τοῦ

448 5264 662 5335 primus
687 5265 1138 5339 Paralipomenon
1167 5273 1303 5328 liber
1332 5273 1418 5329 bis
1440 5275 1623 5331 verbis
1648 5294 1661 5328 :
1690 5274 1820 5329 Filii
1848 5275 2015 5341 Juda,

2134 5272 2238 5326 οἱοῦ
2274 5273 2463 5340 Ἰούδα,
2517 5273 2814 5339 κεκλῆσθαί
2842 5292 2902 5327 τε
2928 5274 3090 5328 αὑτὸν
3121 5274 3250 5347 παρ’
3297 5274 3567 5345 Ἑϐραίοις
3593 5292 3696 5329 πα-

454 5350 653 5407 Phares
684 5364 734 5409 et
771 5354 919 5409 Zara
945 5373 961 5410 :
983 5356 1117 5412 Filii
1153 5358 1329 5425 Zara’,
1362 5360 1600 5427 Zambri,
1631 5374 1679 5417 et
1709 5363 1931 5418 [Et/tam
1968 5375 2019 5419 et

2134 5365 2476 5437 τρωνυμικῶς
2510 5367 2781 5438 Ζαραῖτην
2802 5384 2815 5397 ο
2848 5362 2986 5421 εἶναι
3027 5368 3085 5422 δὲ
3114 5368 3273 5421 πέντε
3301 5368 3427 5431 τοὺς
3458 5367 3693 5429 πάνταςο

451 5438 523 5495 ,Ε
530 5460 653 5497 man
669 5454 720 5499 ct
737 5444 995 5501 Cltalcltat
1019 5459 1069 5502 et
1098 5448 1303 5515 Darda,
1330 5467 1546 5505 numero
1572 5453 1796 5522 quinque
1815 5454 1881 5509 ⁸⁷.
1911 5452 2019 5512 Hos

2134 5461 2424 5530 μαρτυρεῖν
2454 5457 2509 5511 δὲ
2538 5458 2615 5529 τῷ
2635 5458 2775 5529 λόγῳ
2802 5457 2900 5530 τήν
2927 5458 3148 5533 πρώτην
3170 5459 3274 5514 τῶν
3296 5458 3699 5532 Παραλειπομέ-

522 5622 567 5654 ⁸*
604 5622 738 5681 Luc.
780 5639 817 5679 t-I
843 5664 858 5691 ,
896 5626 945 5678 1.
1024 5626 1070 5657 ⁸³
1108 5626 1237 5681 ibid.
1274 5627 1329 5682 2.
1405 5628 1451 5659 ⁸⁸
1488 5626 1625 5683 Luc.
1663 5644 1731 5691 tl,
1772 5630 1834 5695 1,
1871 5630 1924 5683 Ξ.
2002 5630 2034 5662 ’τ

2145 5630 2276 5689 Par.’
2305 5648 2344 5690 ll
2365 5674 2380 5701 ,
2418 5635 2471 5692 6.

522 5800 597 5870 (Ι)
635 5798 693 5855 in
729 5802 873 5858 cusis
902 5801 1086 5859 Bibliis
1123 5800 1230 5859 τῶν
1263 5806 1338 5869 0',
1403 5805 1763 5877 Ἰσραηλίτῃ,
1802 5807 1957 5863 male.
