4066 6366
355 436 379 494 Ι
389 439 494 497 033

1474 419 1979 482 COMMENTARIA
2019 420 2084 475 IN
2114 414 2451 475 PSALMOS.
2540 368 2545 373 ι

3444 396 3582 456 1054

352 569 490 614 νων,
522 542 708 604 τοῦτον
748 549 1103 621 περιέχουσαν
1134 547 1224 603 τὸν
1266 549 1465 622 τρόπον
1490 565 1502 577 ·
1571 547 1691 601 Υιοὶ
1732 545 1919 600 Ἰούδα

2034 543 2277 598 Hebraeus
2304 541 2379 593 ait
2406 540 2460 592 in
2490 535 2725 607 115331510
2756 540 2883 589 ante
2921 528 3121 603 Moysis
3149 534 3359 583 aetatem
3385 522 3582 578 vatici-

353 642 541 712 Φαρὲς
566 642 663 697 καὶ
692 641 856 710 Ζαρὰ
874 660 885 671 ·
916 642 1013 695 καὶ
1055 641 1171 701 υἱοὶ
1198 642 1355 709 Ζαρὰ
1375 681 1388 703 ,
1419 639 1634 708 Ζαμϐρὶ
1653 678 1667 701 ,
1699 639 1795 691 καὶ
1823 639 1922 691 Αι-

353 736 469 804 θὰμ
500 733 598 786 καὶ
637 732 825 801 Αιμὰν
862 733 959 786 καὶ
992 732 1239 800 Χαλχὰλ
1286 731 1383 785 καὶ
1430 728 1652 798 Δαρδά·
1701 728 1922 793 πάντες

352 825 550 881 πέντε.
592 824 823 889 Τούτους
858 825 1039 894 ἔλεγεν
1071 810 1113 879 δ’
1137 825 1383 895 Ἐὕραῖος
1416 820 1757 891 ἑν-Αίγύπτῳ
1784 834 1918 890 προ-

352 918 619 990 φητεῦσαι
639 958 653 981 ,
680 918 786 989 πρὸ
813 917 1088 980 Μωῦσὲως
1111 914 1453 985 γενομένους,
1482 911 1661 966 αὐτῶν
1692 928 1757 964 τε
1784 906 1921 963 εἶναι

353 1009 478 1072 τοὺς
495 1007 741 1078 ψαλμοὺς
754 1008 877 1070 τοὺς
896 1008 972 1069 εἰς
987 1006 1157 1076 ὄνομα
1177 1005 1353 1059 αὐτῶν
1372 1000 1891 1075 προγεγραμμένους
1904 1015 1918 1029 ο

352 1093 464 1152 οἷον
500 1099 589 1153 τὸν
626 1096 763 1170 μετά
794 1100 1012 1168 χεῖρας,
1048 1098 1256 1152 καὶτὸν
1282 1096 1409 1167 ἑξῆς
1435 1094 1612 1165 αὐτῷ,
1638 1094 1730 1147 καὶ
1764 1090 1923 1146 αὑτὸν

354 1189 846 1260 ἐπιγεγραμμένον,
868 1187 1051 1257 Αὶθὰμ
1071 1186 1150 1253 τῷ
1180 1189 1492 1257 Ἑσδραΐτῃ
1512 1205 1524 1217 η
1550 1185 1686 1240 ἀλλὰ
1710 1186 1801 1238 καὶ
1829 1200 1925 1237 πε-

357 1280 412 1349 ρὶ
439 1278 616 1334 αύτῶν
638 1278 884 1349 λελέχθαι
912 1278 969 1331 ὲν
1010 1280 1077 1349 τῇ
1105 1278 1264 1350 τρίτῃ
1294 1278 1401 1331 τῶν
1432 1277 1726 1331 Βασιλειῶν
1744 1292 1757 1306 ·
1814 1274 1926 1330 Καὶ

350 1372 681 1440 ἐσοφίσατο
710 1368 993 1440 Σολομὼν
1020 1368 1171 1439 ὑπὲρ
1207 1370 1391 1426 A1067-
1410 1369 1516 1423 τὸν
1552 1368 1922 1437 Ἐσδραΐτην,

354 1466 452 1520 καὶ
476 1465 687 1535 Αίμὰν,
716 1464 813 1518 καὶ
835 1464 941 1518 τὸν
964 1463 1214 1531 Χαλχὰλ
1238 1461 1334 1516 καὶ
1366 1460 1472 1515 τὸν
1497 1458 1747 1528 Δαρδάν.
1779 1456 1923 1511 Ταῦ-

352 1571 422 1608 τα
451 1554 549 1625 μὲν
577 1550 669 1608 οὖν
693 1554 773 1617 είς
803 1554 901 1624 τὴν
934 1550 1177 1624 ἱστορίαν
1204 1549 1464 1623 εἰρήσθω.
1525 1550 1587 1603 Εἰ
1617 1548 1672 1603 δέ
1705 1565 1753 1601 τι
1786 1563 1923 1617 συμ-

351 1644 637 1699 ϐάλλονται
664 1648 730 1718 τῇ
763 1644 856 1698 τοῦ
888 1642 1104 1715 ψαλμοῦ
1136 1641 1338 1713 θεωρίᾳ
1366 1642 1422 1694 αἱ
1456 1639 1657 1695 τούτων
1685 1639 1792 1692 τῶν
1815 1638 1927 1691 ὀνο-

357 1734 542 1805 μάτων
574 1736 878 1807 έρμηνεῖαι,
913 1733 1003 1788 καὶ
1036 1732 1195 1796 αὐτὸς
1222 1731 1553 1802 ἐπιστήσεις.
1575 1730 1839 1791 ’Ὑστατος
1869 1727 1928 1781 δὲ

351 1824 428 1879 ῶν
466 1827 495 1879 6
537 1825 726 1897 παρὼν
754 1825 863 1879 τῶν
909 1823 1402 1895 ἐπιγεγραμμένων
1444 1822 1588 1875 Υίῶν
1623 1819 1795 1891 Κορὲ,
1829 1818 1928 1889 τὴν

2028 643 2183 689 natos
2225 647 2367 695 esse,
2420 637 2780 696 auctoresque
2811 640 2934 681 esse
2973 624 3300 694 psalmorum
3350 623 3442 694 qui
3490 634 3589 675 no-

2026 726 2171 779 mine
2215 738 2316 778 suo
2354 720 2602 790 inscripti
2640 724 2768 772 sunt
2794 734 2810 771 τ
2840 715 3018 785 qualis
3049 721 3131 768 est
3177 713 3263 767 hic
3291 728 3449 783 quem
3474 720 3588 766 tra-

2027 821 2237 868 ctamus
2290 819 2344 866 et
2371 811 2728 878 subsequens,
2766 806 2857 876 qui
2897 803 3192 873 inscriptus
3225 811 3327 866 est,
3363 800 3586 855 ΑῗιΙιαηι

2028 902 2436 960 Ezdraitae:de
2482 903 2591 957 illis
2633 915 2848 970 quoque
2882 899 2998 952 haec
3027 896 3080 950 in
3111 896 3269 950 tertio
3308 895 3446 948 libro
3486 893 3592 948 Re-

2027 1014 2152 1070 gum
2182 997 2328 1051 dicta
2372 1009 2493 1050 esse
2524 1001 2677 1064 putat
2708 1011 2721 1046 :
2757 991 2825 1044 Et
2857 989 3149 1057 sapientior
3180 997 3293 1041 erat
3337 984 3591 1041 Salomon

2031 1087 2233 1142 .Etltan
2278 1085 2559 1148 Ezdraita,
2589 1082 2791 1137 xEman
2818 1091 2866 1136 et
2899 1079 3156 1136 Chalchal
3198 1087 3247 1132 et
3286 1077 3500 1130 Dardan
3519 1075 3589 1129 ’δι

2031 1179 2155 1236 Haec
2193 1178 2260 1234 de
2284 1178 2511 1232 historia
2546 1175 2688 1229 dicta
2718 1182 2899 1229 sunto.
2932 1172 3010 1225 Au
3029 1185 3156 1224 vero
3188 1170 3380 1222 borum
3411 1164 3593 1220 nomi-

2030 1286 2159 1325 num
2194 1266 2626 1338 significationes
2655 1264 2723 1319 ad
2757 1261 2953 1333 psalmi
2993 1260 3418 1331 speculationem
3456 1271 3594 1311 con-

2031 1361 2229 1424 ferant,
2268 1369 2321 1413 tu
2365 1359 2481 1427 ipse
2523 1354 2837 1412 consideres
2891 1352 3072 1408 velim.
3104 1351 3238 1405 Cum
3283 1356 3463 1405 autem
3503 1347 3593 1402 hic

2034 1452 2278 1523 psalmus
2315 1458 2624 1519 postremus
2667 1446 2738 1502 sit
2768 1459 2981 1507 eorum,
3013 1441 3105 1513 qui
3143 1440 3406 1495 Filiorum
3454 1437 3598 1494 Core

2033 1542 2281 1612 inscripti
2319 1548 2470 1603 sunt,
2495 1536 2799 1594 Salvatoris
2833 1535 3007 1590 nostri
3033 1534 3099 1588 ad
3136 1532 3342 1587 inferos
3370 1532 3598 1587 descen-

2033 1651 2153 1691 sum
2185 1633 2597 1702 complectitur;
2630 1631 2704 1685 ita
2750 1636 2808 1684 ut
2836 1626 2993 1697 quasi
3019 1625 3086 1679 de
3116 1622 3386 1678 industria
3422 1621 3599 1692 provi-

2034 1741 2153 1780 sum
2175 1725 2266 1788 sit,
2304 1732 2362 1777 ut
2395 1723 2585 1777 mortis
2624 1722 2745 1790 ejus
2785 1717 3103 1790 mysterium
3138 1715 3192 1768 in
3217 1713 3322 1767 ﬁne
3352 1711 3597 1766 omnium

2036 1815 2357 1870 traderetur.
2388 1812 2764 1881 Videnturque
2810 1807 2942 1862 mihi
2974 1806 3028 1860 hi
3076 1810 3308 1874 quatuor
3334 1800 3598 1854 Filiorum

350 1914 577 1970 κάθοδον
603 1895 702 1989 τὴν
729 1917 809 1980 είς
838 1916 928 1970 τὸν
960 1914 1090 1986 ᾅδην
1118 1913 1214 1968 τοῦ
1241 1914 1491 1985 Σωτῆρος
1526 1910 1682 1984 ημῶν
1718 1908 1926 1981 περιεί-

2034 1906 2166 1961 Core
2217 1905 2433 1975 psalmi,
2481 1917 2676 1973 nempe
2724 1914 2956 1965 Lxxxut,
3010 1910 3230 1957 Lxxxlv,
3291 1906 3487 1946 Lxxxw
3545 1895 3601 1944 et

350 2004 522 2077 ληφεν
546 2047 561 2072 ,
595 1978 1125 2079 ὥσπερὲξεπίτηδες
1154 1978 1592 2077 ταμιευσαμένου
1633 2000 1728 2055 τοῦ
1767 1978 1926 2068 λόγου

2034 2009 2245 2048 Lxxxvn
2277 1991 2483 2062 aliquid
2527 1989 2886 2047 connexionis
2919 1987 3064 2042 inter
3109 2000 3167 2040 se
3206 1983 3428 2038 habere.
3463 1978 3598 2034 Nam

349 2074 418 2154 τδ
436 2074 614 2171 *μυστή
624 2116 736 2170 ριον
751 2074 849 2154 τοῦ
874 2074 1102 2153 θανάτου
1128 2074 1386 2152 ἐπιτέλει
1407 2074 1502 2148 τοῦ
1529 2094 1732 2156 παντὸς
1752 2098 1930 2162 παρα-

2034 2099 2233 2139 Lxxxm
2279 2082 2374 2139 Dei
2410 2084 2701 2138 adventum
2748 2081 2815 2135 ad
2855 2079 3108 2135 homines
3146 2084 3202 2131 et
3230 2074 3435 2130 Christi
3467 2086 3601 2143 pro-

349 2186 550 2244 δοῦναι.
582 2190 691 2245 Καί
722 2209 813 2262 μοι
837 2189 1082 2246 δοκοῦσιν
1113 2193 1162 2244 οἱ
1184 2190 1233 2243 δ’
1267 2181 1414 2242 οὗτοι
1445 2187 1568 2240 Τῶν
1602 2184 1734 2238 υἱῶν
1763 2181 1928 2254 Κορὲ,

2034 2177 2265 2248 phetiam
2303 2173 2591 2231 manifeste
2642 2171 3055 2242 complectitur;
3093 2157 3328 2238 sequens
3373 2179 3504 2219 vero
3536 2178 3603 2219 ea

350 2275 493 2349 λέγω
513 2281 568 2333 δὲ
586 2283 614 2336 6
640 2255 820 2352 τρίτος
840 2282 933 2335 καὶ
961 2287 1044 2345 π’,
1071 2280 1167 2334 καὶ
1189 2283 1216 2334 6
1240 2280 1294 2332 δ’
1320 2279 1416 2333 καὶ
1446 2297 1488 2331 π
1506 2283 1540 2344 ’,
1570 2278 1599 2330 ὅ
1624 2294 1683 2330 τε
1710 2281 1818 2341 πς¹
1844 2274 1930 2329 καὶ

2034 2283 2154 2340 quae
2185 2267 2242 2321 in
2274 2264 2530 2320 vaticinio
2557 2262 2875 2317 ferebantur
2905 2260 3305 2328 quamprimum
3342 2255 3605 2309 accedere
3650 2266 3655 2277 '

347 2372 378 2425 6
400 2345 474 2434 τιέξ
485 2371 499 2390 ’
519 2371 663 2442 ἒχειν
676 2345 809 2425 ’τινα
823 2371 959 2443 πρὸς
973 2371 1235 2442 ἀλλήλους
1255 2369 1593 2424 ἀκολουθίαν.
1624 2368 1682 2421 Ὀ
1703 2354 1929 2439 μὲνγὰρ

2035 2357 2360 2429 precabatur
2403 2373 2417 2409 :
2453 2352 2764 2424 praecedens
2824 2359 3007 2407 autem
3066 2349 3311 2420 psalmus
3364 2346 3486 2417 ejus
3545 2345 3603 2399 in

349 2461 454 2529 πγ¹
487 2441 672 2531 σαφῶς
704 2460 839 2515 Θεοῦ
871 2441 1170 2534 παρουσίαν
1203 2463 1282 2526 εἰς
1311 2458 1632 2533 ἀνθρώπους
1661 2458 1757 2511 καὶ
1794 2457 1930 2526 Χρι-

2037 2464 2203 2506 carne
2244 2454 2423 2502 ortum
2473 2445 2585 2516 jam
2631 2443 3048 2509 subindicabat;
3103 2441 3191 2496 hic
3229 2453 3356 2495 vero
3405 2452 3604 2493 conse-

350 2527 479 2606 στοῦ
510 2527 846 2625 προφητείαν
872 2527 1127 2626 ὀνομαστὶ
1156 2527 1431 2625 περιεῖχεν
1441 2568 1457 2589 ν
1491 2552 1520 2604 6
1551 2550 1608 2605 δὲ
1632 2547 1760 2620 ἑξῆς
1784 2546 1930 2617 αὐτῷ

2039 2548 2271 2613 quenter
2298 2537 2366 2592 ad
2392 2551 2487 2593 eos
2514 2550 2705 2592 omnes
2744 2543 2975 2589 mortem
2997 2531 3140 2603 ejus,
3178 2544 3341 2601 quam
3370 2543 3468 2599 pro
3499 2527 3599 2582 hos

349 2640 387 2721 ἦ
429 2646 591 2717 τάχος
622 2648 906 2718 ἐπιστῆναι
959 2646 1030 2700 τὰ
1058 2646 1460 2717 τεθεσπισμένα
1508 2642 1741 2716 ηὖχετο.’
1795 2639 1823 2693 6
1872 2637 1930 2692 δὲ

2042 2634 2281 2691 minibus
2307 2628 2571 2699 suscepit,
2606 2626 2960 2699 praenuntiat.

350 2709 459 2809 πρὸ
479 2709 582 2791 «Bs
607 2736 743 2807 μετὰ
764 2709 952 2809 χεῖρας
980 2736 1079 2808 ἤδη
1105 2737 1204 2809 τὴν
1230 2709 1486 2808 ἐνσαρκον
1516 2709 1679 2788 αὐτοῦ
1708 2728 1922 2800 γένεσιν
1954 2724 2200 2799 ᾐνίττετο
2219 2740 2232 2754 ’
2263 2719 2473 2784 τούτοις
2493 2718 2549 2773 δὲ
2585 2718 2751 2773 πᾶσιν
2814 2714 3125 2778 ἀκολούθως
3158 2715 3188 2768 6
3248 2709 3608 2785 προκείμενος

347 2830 439 2885 τὸν
466 2830 691 2886 θάνατον
709 2872 724 2897 ,
753 2831 813 2884 ὃν
846 2831 984 2903 ὑπὲρ
1010 2830 1107 2884 ἀνθ
1118 2829 1314 2902 ρώπων
1336 2828 1620 2894 ἀνεδέξατο
1640 2868 1655 2894 ,
1680 2825 2080 2898 πρωναφωνεῖ.

420 2946 597 3014 Κύριε
615 2949 648 2999 ὀ
675 2945 818 3011 Θεὸς
838 2944 945 3013 τῆς
973 2947 1269 3015 σωτηρίας
1283 2962 1423 3017 μου,
1446 2943 1669 3013 ἡμέρας
1685 2910 1927 3010 ἐλέαιρο-

2106 2934 2323 2989 Domine
2354 2931 2494 2987 Deus
2521 2929 2711 2985 salutis
2746 2942 2893 2990 mete,
2926 2925 2979 2979 in
3008 2922 3094 2977 die
3124 2917 3350 2976 clamavi
3375 2928 3425 2973 et
3458 2912 3608 2970 nocte

344 3035 460 3103 ξα,
621 3038 692 3091 ἐν
714 3004 1195 3091 νυλιτίέιναντίον
1224 3004 1361 3092 ἁᾶυ.
1398 3004 1730 3090 Εἰσελθέτω
1760 3004 1928 3087 ἐναν-

2034 3043 2211 3082 coram
2253 3034 2320 3080 te.
2357 3054 2427 3063 --
2451 3021 2619 3077 Vens.
2652 3022 2706 3075 5.
2753 3016 2922 3074 Intret
2960 3017 3015 3070 in
3038 3021 3311 3081 conspectu
3363 3021 3451 3063 tuo
3482 3004 3607 3062 ora-

346 3100 484 3184 τιον
509 3143 625 3183 σου
655 3129 693 3198 ἡ
729 3129 1038 3199 προσευχή
1064 3147 1202 3199 μου,
1233 3129 1445 3184 κλῖνον
1469 3129 1535 3182 τὸ
1554 3122 1670 3193 ὀὖς
1697 3139 1815 3180 σου
1840 3125 1928 3191 εις

2034 3120 2109 3172 tio
2140 3134 2254 3171 mea
2276 3133 2294 3171 :
2320 3115 2519 3170 inclina
2551 3130 2731 3168 aurem
2780 3122 2925 3166 tuam
2970 3107 3039 3162 ad
3069 3121 3268 3174 precem
3318 3117 3509 3156 meam.
3545 3100 3607 3154 In

2077 3211 2086 3214 -
2190 3211 2200 3214 _
2413 3207 2423 3214 .
2667 3207 2680 3214 -
2923 3203 2935 3214 .
3232 3197 3286 3214 ,.
3334 3195 3602 3214 m_,.g-.___

347 3218 472 3289 τὴν
484 3217 698 3288 δέησίν
717 3236 858 3289 μου.
892 3219 981 3272 Ἐν
1004 3218 1082 3289 τῷ
1104 3224 1202 3272 κα¹
1225 3217 1424 3289 ψαλμῷ
1445 3218 1536 3271 καὶ
1559 3213 1708 3286 αὐτῷ
1735 3215 1815 3277 είς
1842 3212 1932 3267 τὸν

345 3310 587 3385 Χριστὸν
609 3308 1016 3381 ἀναφερομένῳ,
1035 3308 1208 3364 καὶτὸ
1228 3309 1396 3373 πάθος
1417 3307 1578 3362 αὑτοῦ
1602 3304 1787 3375 σαφῶς
1810 3320 1934 3376 προ·

347 3399 673 3472 φητεύοντι,
704 3399 840 3471 ὅπερ
880 3397 970 3452 διὰ
1011 3398 1309 3479 τῆςηάρχῆς
1346 3397 1673 3469 παρίστησιν
1705 3396 1734 3449 6
1777 3394 1935 3464 λόγος

344 3491 608 3563 φάσκωνο
637 3490 701 3544 '0
728 3490 892 3558 Θεὸς,
920 3492 954 3544 ὁ
989 3490 1133 3557 Θεὸς
1159 3508 1299 3560 μου,
1321 3490 1586 3559 πρόσχες
1610 3505 1733 3559 μοι,
1754 3487 1856 3542 ἵνα
1878 3486 1935 3540 τί

343 3581 737 3653 ἐγκατέλιπές
780 3598 894 3652 με;
937 3581 965 3635 ὃ
1014 3583 1108 3636 καὶ
1143 3580 1565 3653 μεμαρτύρηται
1614 3577 1758 3633 κατὰ
1789 3576 1934 3643 λέξιν

344 3675 447 3729 ἐπὶ
474 3673 566 3726 τοῦ
597 3672 801 3736 πάθους
823 3674 852 3726 6
874 3672 1064 3744 Σωτὴρ
1082 3671 1239 3743 ήμῶν
1260 3671 1516 3743 εἰρηκὼς,
1550 3669 1687 3741 μετά
1713 3668 1811 3740 τὴν
1836 3669 1935 3744 ἀρ-

346 3765 458 3836 χὴν
486 3760 614 3832 ἑξῆς
641 3761 946 3831 ὲπιλέγεται
968 3779 980 3792 ·
998 3739 1052 3814 ’ὁ
1077 3739 1222 3828 Dede;
1242 3739 1383 3831 μου,
1410 3739 1769 3828 κεκράξομαι
1789 3739 1931 3827 ἠμέ-

339 3870 485 3924 ρας,
508 3850 606 3906 καὶ
637 3853 748 3905 οὐκ
772 3851 1103 3920 εὶσακοὺσῃ
1121 3888 1135 3915 ,
1170 3850 1268 3904 καὶ
1299 3849 1520 3916 νυκτὸς
1538 3889 1554 3914 ,
1583 3848 1682 3902 καὶ
1712 3848 1823 3902 οὐκ
1846 3848 1934 3913 είς

344 3946 573 4001 ἄνοιαν
601 3942 752 4013 ἐμοι.
801 3943 911 3997 Καὶ
938 3945 966 3996 6
988 3942 1177 4015 παρὼν
1206 3942 1264 3996 δὲ
1295 3940 1506 4012 ψαλμός
1536 3956 1698 4012 φησιν
1716 3956 1731 3971 ο
1774 3937 1934 4009 Ἡμέ-

338 4053 462 4108 ρας
485 4032 802 4103 ἐκέκραξα,
833 4034 929 4088 καὶ
947 4035 1016 4088 ἐν
1038 4033 1211 4088 νυκτί
1234 4033 1511 4087 ἐναντιον
1528 4045 1667 4085 σου.
1702 4029 1812 4084 Καί
1838 4045 1931 4100 μοι

342 4124 504 4180 δοκεῖ
521 4122 580 4175 τὸ
604 4122 782 4191 λόγιον
806 4121 897 4176 τὸν
928 4122 1041 4193 βίον
1085 4122 1184 4193 τῆς
1209 4120 1671 4192 ὲνανθρωπήσεως
1696 4118 1792 4171 τοῦ
1821 4117 1934 4170 Σω-

342 4219 519 4290 τῆρος
556 4214 713 4286 ἡμῶν
753 4215 1089 4288 ὑπογράφειν
1110 4213 1198 4268 διὰ
1229 4213 1411 4285 πάσης
1439 4213 1501 4266 οὐ
1535 4212 1694 4284 μόνον
1718 4210 1933 4283 ἡμέρας

342 4305 494 4363 ἀλλὰ
540 4304 633 4357 καὶ
657 4304 850 4366 νυκτὸς
879 4302 1236 4374 ἀνακειμένου
1267 4301 1345 4374 τῷ
1377 4300 1514 4373 Θεῷ.
1574 4300 1728 4370 Ἔχει
1752 4298 1809 4353 δὲ
1841 4298 1933 4352 καὶ

343 4400 408 4453 ἐν
458 4399 577 4458 τοῖς
623 4394 971 4464 Εὐαγγελίοις
1019 4395 1167 4460 ὅπως
1215 4398 1334 4459 ταῖς
1383 4393 1571 4465 εὐχαῖς
1611 4391 1698 4446 διὰ
1736 4390 1934 4454 παντὸς

2037 3211 2299 3267 vicesimo
2343 3207 2520 3280 primo
2568 3207 2798 3278 psalmo,
2844 3203 2939 3276 qui
2986 3199 3172 3256 itidem
3221 3197 3289 3252 ad
3332 3195 3609 3263 Christum

2036 3300 2295 3367 refertur,
2331 3300 2561 3370 ejusque
2595 3298 2904 3368 passionem
2949 3301 3132 3364 aperte
3154 3288 3506 3351 vaticinatur,
3547 3292 3610 3339 ut

2036 3394 2105 3449 ab
2138 3392 2292 3448 initio
2320 3392 2631 3446 declaratur
2658 3387 2744 3444 his
2762 3385 2963 3449 verbis,
2994 3383 3132 3438 Deus
3167 3380 3304 3434 Deus
3334 3395 3497 3443 meus,
3526 3394 3610 3432 re-

2035 3485 2174 3554 spice
2196 3483 2251 3537 in
2278 3499 2381 3547 me,
2413 3497 2574 3552 quare
2616 3495 2695 3533 me
2729 3475 3055 3547 dereliquisti
3077 3473 3123 3506 ⁸⁸
3142 3472 3201 3525 '?
3232 3470 3376 3542 quod
3416 3467 3608 3523 Salva-

2035 3582 2210 3630 torem
2234 3574 2301 3629 ad
2335 3574 2557 3629 verbum
2580 3571 2636 3625 in
2668 3569 2922 3639 passione
2952 3566 3159 3631 dixisse
3191 3568 3475 3626 narratur;
3501 3566 3609 3613 sta-

2037 3665 2130 3718 tim
2174 3673 2295 3734 post
2319 3663 2536 3717 initium
2584 3658 2825 3722 additur,
2875 3656 3014 3711 Deus
3048 3668 3192 3708 meus
3235 3648 3476 3705 clamabo
3517 3662 3611 3716 per

2034 3754 2170 3809 diem
2197 3761 2246 3807 et
2271 3768 2374 3806 non
2401 3749 2673 3815 exaudia,
2701 3756 2750 3802 et
2781 3755 2928 3801 nocte
2946 3756 2995 3800 et
3025 3760 3130 3799 non
3153 3740 3221 3796 ad
3249 3736 3609 3809 insipientiam
3706 3772 3715 3787 κ

2035 3843 2186 3899 mihi.
2227 3842 2474 3897 Praesens
2502 3842 2630 3895 item
2661 3838 2904 3910 psalmus
2945 3836 3041 3899 ait,
3073 3834 3140 3888 In
3172 3831 3257 3887 die
3291 3830 3519 3886 clamaui
3554 3836 3608 3884 et

2036 3944 2186 3990 nocte
2211 3951 2391 3989 coram
2417 3945 2483 3989 te.
2509 3932 2842 4001 Videturque
2870 3929 3001 3983 mihi
3022 3929 3107 3984 his
3133 3925 3486 3982 subindicare
3521 3931 3606 3977 to-

2037 4033 2149 4080 tam
2175 4025 2443 4080 incarnati
2480 4023 2780 4079 Salvatoris
2812 4019 2986 4075 nostri
3017 4018 3204 4078 vitam,
3236 4029 3357 4085 quas
3384 4028 3496 4068 non
3527 4027 3614 4068 so-

2036 4121 2148 4175 lum
2184 4118 2272 4173 die
2319 4118 2414 4174 sed
2448 4117 2613 4172 etiam
2667 4121 2827 4169 nocte
2871 4110 2982 4166 Deo
3027 4114 3348 4163 consecrata
3395 4104 3516 4159 fuit.
3549 4104 3609 4158 In

2034 4207 2343 4279 Evangeliis
2393 4221 2557 4277 porro
2602 4203 2807 4259 dicitur
2837 4215 2962 4257 eum
3013 4211 3227 4267 semper
3268 4192 3610 4251 orationibus

2034 4315 2280 4357 vacasse.
2316 4299 2375 4354 In
2404 4296 2659 4370 praesenti
2682 4310 2812 4351 vero
2834 4293 3049 4348 Patrem
3082 4289 3338 4344 obsecrat
3366 4293 3421 4342 et
3452 4292 3610 4355 rogat

2035 4400 2097 4446 ut
2129 4391 2355 4446 inclinet
2389 4405 2577 4446 aurem
2606 4389 2671 4443 ad
2700 4401 2916 4459 precem
2957 4398 3147 4450 suam;
3189 4381 3243 4436 id
3273 4386 3379 4443 est,
3409 4385 3488 4432 ut.
3511 4393 3613 4431 an-

343 4488 669 4563 ἐσχόλαζεν.
720 4488 845 4541 Ἐπὶ
889 4487 1058 4541 δὲτοῦ
1098 4487 1361 4560 παρόντος
1384 4487 1564 4541 δέεται
1601 4484 1695 4539 τοῦ
1718 4482 1930 4555 Πατρδς

2039 4496 2175 4542 nuat
2216 4487 2571 4558 petitionibus
2613 4485 2752 4540 suis.
2790 4482 2960 4554 quue
2997 4487 3252 4552 precatur
3285 4484 3473 4547 utpote
3512 4475 3609 4543 qui

342 4582 451 4638 καὶ
497 4578 663 4647 ἀξιοῖ⁴
690 4577 867 4632 κλῖναι
898 4578 981 4632 τὺ“
1010 4573 1107 4642 οὖς
1163 4577 1297 4651 πρὸς
1345 4578 1444 4649 τὴν
1494 4576 1677 4646 δέησιν
1728 4573 1892 4629 αὐτοῦ
1913 4588 1928 4604 ⁸

345 4673 635 4730 τουτέστιν
664 4668 944 4723 ἐπινεῦσαι
985 4672 1096 4732 τοῖς
1131 4670 1423 4740 αἰτήμασιν
1453 4668 1634 4722 αὐτοῦ.
1663 4667 1771 4720 Καὶ
1790 4665 1931 4720 τοῦτ’

340 4769 599 4839 εὔχεται,
622 4762 698 4826 ὡς
726 4761 793 4816 ἃν
817 4761 1022 4833 μέλλων
1050 4759 1191 4832 ὑπὲρ
1212 4762 1466 4816 ἁπάντων
1491 4760 1598 4813 τῶν
1620 4759 1809 4822 ἐθνῶν,
1836 4758 1933 4811 αὐ-

345 4861 445 4924 τὸς
470 4855 664 4910 ἑαυτὸν
683 4853 758 4928 τῷ
779 4854 952 4925 Πατρὶ
975 4856 1301 4925 προσφέρειν
1327 4854 1535 4908 θυσίαν.
1558 4852 1735 4908 Πολλὰ
1756 4852 1811 4906 δὲ
1836 4868 1935 4904 πε-

348 4954 409 5027 ρὶ
438 4946 540 5003 τοῦ
576 4946 706 5000 ἰδίου
736 4944 967 5000 θανάτου
1001 4944 1207 5016 μέλλων
1238 4944 1678 5016 ἑξῆς-διεξιέναι,
1711 4945 1851 5017 ὁρῶν
1873 4963 1933 4998 τε

344 5041 452 5113 τὴν
480 5037 623 5109 μετά
645 5035 871 5091 θάνατον
893 5034 1270 5107 διαδεξομένην
1290 5034 1453 5089 αὐτὸν
1480 5036 1774 5107 σωτηρίαν,
1793 5036 1935 5089 εικό-

346 5148 468 5195 τως
488 5127 592 5200 τὴν
623 5128 877 5200 ἀπαρχὴν
904 5127 998 5181 τοῦ
1019 5127 1233 5198 ψαλμοῦ
1253 5130 1321 5199 τῇ
1348 5126 1511 5181 αὐτοῦ
1543 5128 1785 5199 σωτηρίᾳ
1804 5144 1936 5198 προ-

343 5218 545 5281 λαὸὼν
575 5216 887 5289 ἀνατίθησι·
916 5218 995 5284 διό
1028 5235 1182 5290 φησι,
1208 5219 1383 5287 Κύριε
1404 5221 1437 5272 ό
1459 5218 1603 5284 Θεὸς
1623 5218 1732 5287 τῆς
1755 5233 1937 5286 σωτη-

336 5316 490 5387 ρίας
512 5326 657 5379 μου.
690 5311 818 5363 Ὅτι
845 5310 1121 5377 ἐπλήσθη
1148 5308 1351 5363 κακῶν
1379 5310 1418 5377 ἠ
1457 5310 1629 5379 ψυχή
1651 5327 1798 5379 μου,
1841 5309 1938 5362 καὶ

332 5407 384 5485 κῆ
419 5399 541 5468 ζωή
569 5418 688 5471 μου
725 5400 806 5466 τῷ
838 5400 952 5469 ᾅδῃ
984 5400 1228 5470 ἤγγισε,
1264 5402 1749 5469 προσελογίσθην
1784 5403 1934 5470 μετὰ

343 5498 473 5557 τῶν
504 5491 985 5548 καταϐαινόντων
1014 5493 1101 5556 εἰς
1123 5489 1376 5544 λάκκον.
1405 5490 1597 5559 Σαφῶς
1617 5490 1706 5545 διὰ
1735 5491 1937 5546 τούτων

342 5591 452 5662 τὴν
499 5586 585 5648 εἰς
616 5574 707 5638 τὸν
749 5583 882 5654 ᾅδην
916 5583 1137 5637 κάθοδον
1170 5583 1334 5637 αὐτοῦ
1374 5582 1708 5654 παρίστησι,
1745 5584 1839 5638 καὶ
1870 5584 1939 5638 τὰ

346 5678 508 5737 κακά
554 5668 631 5728 ὧν
675 5675 1064 5748 πεπληρῶσθαι
1111 5675 1304 5729 ἑαυτοῦ
1349 5674 1553 5743 ἔφασκε
1599 5675 1695 5746 τὴν
1740 5677 1937 5750 ψυχήν.

430 5829 482 5864 ⁸³
524 5824 591 5880 Ill
626 5826 754 5898 Reg.
784 5826 864 5892 iv,
902 5829 1019 5903 δι..
1067 5827 1131 5860 ⁸⁸¹
1173 5820 1314 5883 Psal.
1353 5843 1473 5882 xm.
1510 5824 1564 5882 2.

2041 4593 2142 4648 pro
2171 4579 2429 4634 omnibus
2457 4577 2711 4648 gentibus
2740 4576 2859 4646 ipse
2901 4589 2960 4629 se
2989 4571 3137 4626 Patri
3174 4571 3230 4624 in
3278 4565 3608 4623 sacrificium

2038 4669 2322 4725 oblaturus
2355 4678 2521 4724 esset.
2562 4666 2697 4722 Cum
2733 4675 2913 4721 autem
2969 4663 3136 4716 multa
3176 4660 3244 4714 de
3288 4664 3464 4711 morte
3508 4667 3609 4710 sua

2039 4760 2297 4832 deinceps
2327 4770 2673 4822 narraturus,
2717 4756 3057 4830 prospiceret
3076 4767 3207 4807 .eam
3238 4764 3361 4820 qua:
3400 4763 3459 4804 se
3484 4752 3610 4817 post

2040 4865 2269 4909 mortem
2299 4864 2588 4923 exceptura
2618 4856 2736 4906 erat
2770 4848 3026 4913 salutem,
3056 4841 3269 4897 initium
3297 4838 3489 4910 psalmi
3516 4852 3609 4891 sa-

2040 4949 2140 5004 luti
2188 4961 2302 5003 suae
2362 4950 2725 5013 congruenter
2775 4935 3011 5007 applicat
3064 4947 3188 4987 cum
3242 4931 3361 4985 ait:
3391 4928 3609 4981 Domine

1992 5032 1997 5038 ’
2041 5043 2181 5098 Deus
2232 5039 2423 5095 salutis
2467 5051 2616 5091 mete.
2648 5030 2904 5085 -—Vt~:ns.
2933 5028 2988 5092 4,
3025 5026 3076 5081 5.
3115 5024 3255 5090 Quia
3300 5021 3499 5090 repleta
3532 5027 3608 5070 est

2042 5135 2198 5190 malis
2226 5133 2407 5187 animo
2443 5146 2577 5193 mea,
2615 5137 2666 5183 et
2695 5127 2803 5182 vita
2842 5139 2963 5179 mea
2986 5120 3191 5189 inferno
3218 5113 3607 5184 appropinqua~

2042 5228 2149 5290 vit,
2193 5224 2486 5279 aestimatus
2544 5235 2661 5274 sum
2706 5231 2824 5270 cum
2871 5206 3296 5266 descendentibus
3325 5205 3379 5256 in
3410 5202 3605 5254 lacum.

2044 5316 2139 5372 His
2160 5312 2486 5370 descensum
2507 5311 2573 5365 ad
2605 5307 2811 5363 inferos
2836 5319 2996 5359 suum
3021 5297 3309 5354 manifeste
3340 5291 3606 5352 declarat,

2039 5423 2254 5465 necnon
2278 5404 2417 5461 mala
2447 5404 2537 5461 illa
2557 5402 2710 5473 queis
2729 5398 2979 5455 afﬂictam
3007 5393 3241 5447 animam
3266 5400 3417 5443 suam
3440 5382 3610 5435 fuisse

2042 5498 2385 5555 testiﬁcatur.
2461 5495 2599 5548 Mala
2655 5505 2823 5553 vero,
2905 5481 3244 5541 calamitates
3307 5473 3602 5545 appellat:

2045 5604 2171 5645 nam
2223 5588 2350 5642 mali
2402 5600 2599 5641 nomen
2644 5582 2807 5636 latius
2868 5571 3228 5643 intelligitur;
3279 5566 3394 5621 sive
3439 5562 3606 5617 etiam

2047 5679 2134 5736 his
2164 5679 2364 5736 iudicat
2393 5677 2670 5732 hominum
2705 5671 2986 5732 malitiam,
3025 5678 3131 5735 qua
3166 5660 3422 5729 repletam
3470 5650 3610 5711 dixit
