4066 6382
486 393 626 454 1055
1192 376 1978 460 ΕυεΕΒιιόΑεδΑειιΕΝδιδ
2015 396 2165 453 ΟΡΡ.
2208 396 2385 453 PARS
2424 395 2512 453 lll.
2553 428 2621 438 —-
2669 396 3081 456 EXECETICA.
3571 397 3710 457 1056

480 515 716 571 animam
741 530 932 580 suam;
965 515 1074 571 imo
1095 517 1258 572 etiam
1282 526 1502 587 peccata
1524 526 1733 577 nostra.
1757 534 1878 589 quae
1900 518 1954 572 in
1985 534 2044 574 se
2072 548 2086 584 λ

2102 549 2116 585 ι
2145 519 2304 574 nam
2335 520 2392 574 δὲ
2415 521 2533 591 ἦτοι
2580 521 2677 584 τὰς
2714 521 3061 593 περιστάσεις
3093 516 3378 589 ὀνομάζει,
3403 517 3708 589 κοινότερον

478 608 595 677 ipse
618 607 882 677 suscepit,
911 623 977 663 ac
1007 624 1239 679 quorum
1268 626 1435 666 causa
1468 611 1643 667 factus
1675 620 1760 666 est
1804 627 1901 681 pro
1937 625 2042 664 no-

2144 610 2528 682 ὲξακουομένου
2554 610 2647 666 τοῦ
2670 608 2777 666 τῶν
2798 612 2981 666 κακῶν
2999 611 3276 682 ὀνόματος,
3304 609 3336 681 ἢ
3363 608 3460 662 καὶ
3477 608 3576 681 τὴν
3597 608 3707 664 τῶν

474 695 562 751 his
605 696 977 763 maledictum,
1019 701 1318 756 secundum
1365 703 1682 765 Apostolum
1724 686 2038 758 dicentem:

2141 701 2440 775 ἀνθρώπων
2472 704 2689 767 κακίαν,
2715 699 2784 776 ἧς
2807 702 3188 775 πεπληρῶσθαι
3213 701 3310 773 τὴν
3337 700 3514 772 ψυχὴν
3541 699 3708 758 αὐτοῦ

473 781 732 838 Dominus
769 800 866 854 pro
914 789 1062 842 nobis
1104 799 1344 843 mortuus
1384 799 1481 854 est,
1530 791 1703 859 [actus
1745 805 1839 857 pro
1891 789 2040 846 nobis

2140 793 2350 863 ἔλεγεν·
2377 794 2514 849 ἀλλὰ
2533 796 2628 849 καὶ
2655 794 2753 858 τὰς
2782 794 3052 866 ἁμαρτίας
3078 795 3175 859 τὰς
3196 791 3502 865 ἡμετέρας,
3536 792 3601 856 ἃς
3625 793 3706 855 είς

473 876 837 942 maledictum,
884 883 1010 951 quia
1050 885 1304 951 scriptum
1352 894 1430 941 est
1460 900 1480 939 :
1510 885 1825 940 Haledictus
1869 886 2038 941 omnis

2138 883 2324 937 ἑαυτὸν
2344 884 2597 956 ἀνείληφε
2611 926 2626 950 ,
2641 884 2708 938 δι’
2724 883 2789 948 ἃς
2808 885 2902 938 καὶ
2918 884 3137 954 γέγονεν
3160 883 3299 955 ὑπὲρ
3317 881 3474 953 ἡμῶν
3491 881 3701 952 κατάρα

471 968 571 1056 qui.
589 968 773 1036 pendet
799 971 854 1024 in
885 970 1026 1041 ligno
1046 973 1113 1028 ⁸³.
1145 974 1325 1040 Quare
1348 1016 1363 1039 ,
1398 986 1457 1030 ut
1496 976 1550 1031 in
1596 978 1803 1047 psalmo
1843 976 2035 1043 fertur,

2137 976 2280 1031 κατὰ
2318 977 2408 1031 τὸν
2465 978 2780 1031 Ἀπόστολον
2804 1017 2819 1041 ,
2845 977 2904 1042 ὃς
2933 976 3033 1048 ἔφη
3055 994 3070 1009 ·
3100 978 3315 1044 Κύριος
3340 974 3496 1043 ὑπὲρ
3529 974 3700 1045 ἡμῶν

472 1058 680 1127 repleta
717 1066 801 1114 est
846 1060 1003 1116 malis
1044 1062 1226 1117 anima
1273 1065 1414 1133 ejus,
1446 1073 1502 1120 et
1527 1070 1636 1120 vita
1674 1066 1792 1136 ejus
1821 1066 2037 1123 inferno

2135 1064 2413 1132 ἀπέθανε,
2438 1067 2754 1137 γενόμενος
2766 1066 2915 1134 ὑπὲρ
2927 1066 3096 1136 ἡμῶν
3115 1065 3337 1135 κατάρα
3355 1083 3368 1096 ·
3395 1064 3482 1118 ὅτι
3502 1063 3700 1136 rem

471 1150 951 1221 appropinquavit,
1009 1152 1156 1222 quod
1203 1154 1382 1224 ipsum
1437 1142 1763 1213 descensum
1807 1159 1929 1227 ejus
1977 1160 2034 1214 in

2135 1171 2273 1212 πται
2290 1175 2303 1189 ο
2338 1158 2791 1227 Ἐπικατάρατος
2809 1156 2927 1225 πᾶς
2946 1161 2979 1213 ὁ
2994 1157 3353 1227 κρεμάμενος
3370 1155 3465 1211 ἐπὶ
3481 1157 3687 1221 ξύλου.

472 1246 703 1294 mortem
733 1241 879 1297 clare
907 1240 1196 1312 signiﬁcat.
1233 1243 1358 1300 Ideo
1390 1246 1581 1317 Aquila
1617 1248 1698 1303 sic
1723 1247 1892 1302 edidit
1921 1266 1935 1303 :
1966 1248 2034 1303 Et

2134 1247 2223 1302 Διὸ
2238 1249 2483 1303 καὶκατὰ
2498 1248 2588 1302 τὸν
2602 1249 2834 1321 ψαλμὸν,
2850 1249 3091 1322 ἐπλήσθη
3110 1248 3292 1303 κακῶν
3307 1249 3494 1322 ἡψυχὴ
3506 1249 3686 1315 αὑτοῦ,

470 1330 578 1382 vita
608 1347 722 1385 mea
740 1332 795 1386 in
823 1333 1085 1402 infernum
1101 1334 1349 1398 elevavit;
1373 1334 1732 1406 Symmachus
1765 1354 1893 1393 vero
1917 1354 1930 1390 :
1958 1338 2028 1392 Et

2133 1336 2225 1394 καὶ
2247 1342 2279 1411 ἡ
2304 1341 2415 1412 ζωὴ
2433 1340 2593 1394 αὐτοῦ
2610 1340 2686 1412 τῷ
2711 1340 2813 1414 ᾅδῃ
2837 1341 3081 1412 ἧγγισενο
3111 1340 3139 1393 ὃ
3170 1340 3233 1411 δὴ
3256 1341 3351 1393 καὶ
3366 1338 3495 1393 αὐτὸ
3510 1338 3692 1409 σαφῶς

470 1421 577 1476 vita
611 1440 729 1478 mea
791 1425 1056 1487 infernum
1094 1428 1289 1499 attigit.
1328 1426 1395 1481 Ut
1437 1437 1618 1483 autem
1657 1429 1783 1484 alibi
1826 1429 2031 1485 dictum

2130 1428 2227 1500 τὴν
2250 1432 2329 1494 είς
2347 1431 2438 1484 τὸν
2463 1431 2688 1486 θάνατον
2710 1431 2931 1485 κάθοδον
2949 1431 3111 1485 αὑτοῦ
3133 1432 3296 1500 δηλοῖ.
3328 1431 3527 1502 Διόπερ
3550 1433 3578 1484 6
3597 1430 3694 1501 μὲν

466 1522 554 1572 est
592 1530 606 1567 :
650 1514 786 1570 Cum
828 1518 1020 1587 iniquis
1055 1530 1325 1590 reputatus
1361 1530 1479 1585 est;
1523 1522 1605 1576 sic
1639 1530 1693 1577 et
1730 1521 1834 1576 hoc
1865 1522 2026 1577 loco:

2145 1519 2371 1583 ⁹Ακιὸλοις
2409 1520 2668 1586 ἐξέδωκεν
2701 1519 2868 1575 είπὼν
2887 1561 2902 1585 ,
2929 1523 3037 1576 Καὶ
3072 1523 3110 1589 ἢ
3142 1520 3249 1588 ζωή
3284 1540 3403 1590 μου
3433 1523 3521 1588 είς
3544 1510 3696 1589 ᾅδην

470 1602 791 1659 ίΕειὶηιαιαδ
821 1615 969 1673 sum,‘
999 1607 1195 1679 inquit,
1233 1625 1349 1663 cum
1380 1607 1802 1664 descendentibus
1844 1611 1900 1664 in
1949 1610 2031 1665 la-

2130 1609 2535 1678 κατήντηκεν·
2566 1612 2595 1663 6
2619 1611 2676 1664 δὲ
2707 1609 3020 1682 Σύμμαχος,
3049 1613 3158 1667 Καὶ
3186 1613 3225 1680 ἡ
3265 1609 3374 1679 ζωή
3415 1630 3534 1682 μου
3577 1611 3693 1680 ᾄδῃ

466 1711 604 1750 cum.
642 1695 749 1752 Pro
793 1712 902 1769 quo
952 1697 1312 1771 Symmachus
1344 1701 1513 1757 edidit
1546 1720 1560 1757 :
1595 1700 1884 1771 Reputatus
1911 1718 2028 1755 sum

2129 1700 2347 1769 ἥψατο.
2368 1703 2575 1774 ’Ὠσπερ
2600 1703 2657 1757 δὲ
2684 1705 2895 1776 εῐρηται
2920 1704 3151 1776 ἀλλαχοῦ
3175 1705 3255 1771 τὸ,
3283 1706 3439 1760 Μετὰ
3458 1705 3696 1775 ἀνόμων

466 1803 585 1841 cum
616 1788 852 1846 deductis
891 1792 946 1844 in
974 1792 1171 1846 lacum.
1208 1790 1489 1863 Siquidem
1538 1808 1725 1848 omnes
1779 1791 2026 1846 homines
2059 1865 2072 1869 _

2126 1792 2437 1861 ἐλογίσθη·
2472 1792 2628 1847 Οὕτω
2658 1797 2751 1849 καὶ
2773 1796 3023 1864 ἐνταῦθα,
3043 1798 3551 1868 Προσελογίσθην,
3591 1814 3696 1869 φη-

465 1877 523 1945 in
553 1879 731 1936 locum
759 1882 973 1947 mortis,
1005 1884 1097 1953 qui
1125 1883 1239 1954 jam
1278 1883 1419 1938 tacui
1453 1890 1821 1951 comparatur,
1845 1881 2028 1936 dctra-
2056 1865 2071 1921 Ῑ

2085 1869 2100 1919 ³
2130 1882 2181 1936 al
2200 1923 2216 1948 ,
2258 1884 2409 1953 μετὰ
2435 1885 2555 1940 τῶν
2577 1890 3049 1944 καταϐαινόντων
3073 1893 3162 1958 εὶς
3186 1890 3416 1945 λάκκον
3437 1908 3450 1921 ·
3488 1890 3603 1945 ἀνθ’
3630 1884 3691 1946 οὗ

462 1967 670 2027 buntur
696 1979 750 2028 et
776 1972 1124 2029 deducuntur
1153 1992 1170 2030 :
1203 1974 1383 2044 itaque
1412 1973 1540 2027 illuc
1565 1981 1783 2042 propter
1804 1980 2027 2042 peccata

2128 1971 2387 2038 ἐξέδωκεν
2416 1976 2445 2027 ό
2474 1972 2788 2047 Σύμμαχος,
2834 1977 3188 2050 Ἐλογίσθην
3236 1981 3387 2050 μετὰ
3417 1979 3536 2035 τῶν
3560 1998 3695 2035 κατ-

459 2074 584 2125 sua,
617 2062 719 2117 ista
746 2064 966 2134 regione
996 2064 1142 2136 digni
1168 2065 1416 2135 iudicati,
1438 2065 1795 2119 descendunt.
1835 2062 1900 2117 Et
1925 2078 2026 2134 ego

2125 2063 2431 2133 αγυομένων
2455 2069 2544 2146 εἰς
2569 2066 2817 2123 λάκκον.
2833 2068 2896 2124 Οἱ
2930 2072 3027 2143 μὲν
3058 2072 3166 2144 γὰρ
3197 2072 3394 2135 πάντες
3418 2071 3692 2141 ἄνθρωποι

463 2164 681 2220 quoque
704 2152 760 2207 in
791 2167 979 2208 eorum
1005 2170 1233 2210 numero
1254 2162 1597 2225 computalus
1622 2168 1763 2217 sum,
1789 2154 1891 2209 etsi
1919 2170 2025 2209 non

2125 2156 2477 2212 καθέλκονται
2516 2160 2608 2214 καὶ
2636 2164 2959 2231 κατάγονται
2985 2163 3064 2228 είς
3095 2165 3155 2219 τὸ
3184 2165 3382 2238 χωρίον
3403 2164 3496 2219 τοῦ
3525 2165 3690 2220 θανά-

459 2241 517 2297 id
551 2243 897 2313 promeritus,
952 2244 1049 2301 sed
1092 2244 1237 2299 Patri
1282 2245 1587 2315 obsequens
1624 2244 1818 2299 fuerim
1851 2259 2025 2314 usque

2122 2264 2216 2301 του
2232 2290 2247 2315 ,
2272 2248 2334 2302 τὸ
2360 2249 2454 2305 νῦν
2479 2251 2666 2323 λάκκῳ
2689 2255 3189 2327 παραϐαλλόμενοψ
3218 2258 3312 2311 καὶ
3336 2257 3692 2312 καταϐαίνου-

460 2332 530 2389 ad
561 2342 811 2392 mortem.
841 2335 941 2392 llic
967 2337 1150 2409 itaque
1176 2338 1284 2393 vita
1306 2355 1439 2401 mea,
1472 2337 1669 2409 inquit,
1701 2337 1904 2407 inferno
1930 2352 2025 2405 ap-

2124 2356 2208 2393 σιν
2239 2342 2355 2395 ἐκεῖ
2374 2342 2463 2396 διὰ
2493 2343 2592 2407 τὰς
2622 2346 2827 2400 ἑαυτῶν
2852 2349 3147 2420 ἁμαρτίας,
3172 2350 3271 2419 τῆς
3292 2348 3477 2404 αὐτόθι
3506 2349 3688 2421 χώρας

453 2427 842 2498 propinquam,
870 2434 946 2497 et,
965 2427 1288 2485 Aish‘matus
1307 2445 1423 2483 sum
1451 2444 1568 2482 cum
1593 2428 2021 2484 descendentibus

2122 2432 2261 2499 ἄξιοι
2290 2430 2426 2488 εἶναι
2454 2435 2749 2508 κριθέντες.
2787 2438 2957 2507 Κάγὼ
2982 2439 3038 2493 δὲ
3065 2442 3122 2493 ὲν
3150 2440 3357 2504 τούτοις
3383 2440 3685 2513 ὲλογίσθην,

457 2522 514 2575 in
545 2521 741 2575 lacum.
767 2519 829 2576 1n
859 2521 969 2578 alio
1003 2524 1129 2579 item
1160 2523 1369 2594 psalmo
1397 2522 1510 2577 llaec
1536 2521 1652 2592 ipsa
1689 2536 2020 2577 commemo-

2118 2524 2219 2578 οὐκ
2249 2524 2325 2578 ὣν
2354 2520 2503 2591 ἄξιος
2521 2565 2536 2589 ,
2561 2528 2675 2583 ἀλλ’
2714 2529 2955 2601 ὑπήκοος
2983 2529 3269 2602 γενόμενος
3292 2531 3369 2603 τῷ
3392 2532 3567 2604 Πατρὶ
3593 2532 3685 2603 μέ-

455 2626 608 2675 rans.
631 2612 862 2669 reditum
880 2614 1004 2671 inde
1023 2615 1292 2687 signiﬁcat
1307 2615 1392 2671 his
1407 2613 1584 2670 verbis
1603 2633 1617 2668 :
1639 2613 1878 2677 Domine,
1897 2614 2022 2669 edu-

2121 2631 2211 2686 χρι
2239 2615 2489 2671 θανάτου.
2534 2615 2749 2674 Ἐνθάδε
2782 2620 2878 2691 μὲν
2899 2616 2992 2675 οὖν
3028 2621 3067 2690 ἡ
3103 2621 3213 2691 ζωή
3240 2638 3379 2691 μου,
3421 2622 3574 2692 φησι,
3606 2619 3688 2688 τῷ

453 2704 583 2758 xisti
595 2705 661 2759 ab
678 2706 882 2775 inferno
895 2708 1127 2761 animam
1140 2724 1330 2773 meant,
1346 2706 1566 2761 satoasti
1581 2722 1659 2760 me
1671 2723 1702 2759 a
1715 2704 2022 2761 descenden-

2120 2706 2234 2777 ᾄδῃ
2262 2692 2497 2779 ἤγγικε·
2527 2708 2642 2777 καὶ,
2677 2714 3188 2783 Προσελοτίσθην,
3222 2714 3375 2784 φησι,
3395 2715 3547 2783 μετὰ
3572 2711 3689 2767 τῶν

455 2795 594 2850 tibus
609 2797 665 2851 in
681 2798 855 2852 lacum
869 2798 916 2832 ’°
935 2818 950 2867 ;
971 2815 1035 2855 ac
1069 2816 1286 2856 rursum
1319 2800 1444 2856 alibi
1472 2820 1486 2854 :
1510 2798 1830 2867 Exspectans
1844 2813 2024 2867 exspe-

2119 2802 2595 2871 καταϐᾳινόντων
2630 2804 2717 2870 εὶς
2747 2802 3011 2859 λάκκον⁶
3045 2807 3102 2859 ἐν
3145 2806 3315 2876 ἑτέρῳ
3361 2803 3419 2858 δὲ
3464 2803 3685 2875 ψαλμῷ,

453 2889 593 2967 ctani
607 2888 912 2959 Dominum,
929 2899 978 2946 et
996 2892 1217 2947 intendit
1233 2891 1395 2946 mihi:
1409 2902 1458 2947 et
1488 2891 1756 2946 exaudivit
1776 2890 2020 2959 depreca-

2118 2889 2321 2945 τούτων
2338 2892 2515 2946 αὐτῶν
2533 2892 2905 2964 μνημονεόων,
2931 2896 3029 2966 τὴν
3055 2895 3263 2950 ἐκεῖθεν
3285 2894 3467 2950 ἄνοδον
3495 2894 3686 2967 σημαί-

456 2978 653 3033 tionem
678 2996 864 3047 meam,
885 2990 933 3035 et
952 2981 1131 3036 eduxit
1149 2999 1228 3038 me
1247 2984 1309 3047 de
1327 2983 1443 3037 lacu
1460 2983 1703 3039 miserita.
1734 2979 1800 3033 Et
1827 2981 2018 3037 statuit

2117 2996 2199 3035 νει
2225 2983 2448 3052 φάσκων
2466 3000 2480 3015 ·
2503 2985 2699 3053 Κύριε,
2723 2986 3020 3056 ἀνήγαγες
3050 2987 3120 3053 ἐξ
3156 2988 3303 3056 ᾅδου
3330 2985 3446 3056 τὴν
3474 2987 3687 3056 ψυχήν

450 3086 613 3140 supra
632 3080 834 3139 petram
854 3071 1006 3144 pedes
1023 3090 1164 3129 meos
1188 3075 1258 3141 υς
1282 3084 1337 3130 et
1356 3073 1640 3130 in‘decimo
1655 3071 1848 3144 quinto
1870 3073 2019 3142 psal-

2110 3090 2251 3149 μου,
2279 3073 2521 3155 ἕσωσάς
2543 3094 2622 3144 με
2643 3078 2761 3131 ἀπὸ
2785 3078 2903 3131 τῶν
2923 3081 3400 3145 καταϐαινόντων
3430 3081 3517 3146 είς
3548 3078 3687 3133 λάκ-

450 3176 541 3215 mo
565 3162 768 3220 dictum
797 3175 908 3221 est:
927 3164 1053 3222 Non
1070 3165 1397 3237 derelinques
1413 3167 1650 3221 animam
1670 3180 1840 3219 meam
1855 3165 1910 3218 in
1931 3166 2015 3217 in-

2118 3176 2229 3217 κον
2246 3176 2262 3196 ο
2308 3166 2420 3219 Καὶ
2460 3165 2626 3218 πάλιν
2675 3165 2908 3236 ἀλλαχοῦ
2932 3182 2965 3197 ν
3013 3168 3357 3237 Ὑπομένων
3396 3168 3687 3239 ὑπέμεινα

448 3253 620 3324 ferno,
637 3272 728 3310 nec
743 3255 894 3311 dabis
905 3266 1144 3313 sanctum
1159 3265 1307 3311 tuum
1322 3255 1494 3311 uidere
1515 3254 1901 3323 corruptionem
1913 3256 2006 3308 "'.
2034 3249 2054 3306 (

2116 3255 2218 3309 τὸν
2232 3257 2470 3323 Κύριον,
2497 3257 2597 3310 καὶ
2620 3257 2925 3327 προσέσχε
2945 3275 3046 3327 μοι
3065 3273 3081 3290 ·
3105 3258 3205 3313 καὶ
3228 3240 3687 3328 εἰσήκουσετῆς
3720 3250 3722 3253 ’

440 3346 710 3421 δεήσεώς
733 3370 854 3424 μου
873 3392 890 3419 ,
919 3350 1020 3408 καὶ
1053 3336 1318 3422 ἀνήταῇ
1343 3367 1421 3422 με
1451 3351 1521 3405 ἐκ
1550 3351 1779 3406 λάκκου
1812 3351 2229 3418 ταλαιπωρίας.
2258 3351 2367 3406 Καὶ
2395 3351 2619 3426 ἔστησε
2641 3352 2739 3406 ἐπὶ
2796 3352 3018 3421 πέτραν
3073 3353 3217 3419 τοὺς
3278 3352 3469 3420 πόδας
3526 3370 3648 3424 μου
3668 3373 3682 3386 ο

446 3447 543 3500 καὶ
572 3449 629 3502 ὲν
668 3447 747 3520 τῷ
781 3454 853 3502 ιε’
889 3445 1090 3519 ψαλμῷ
1130 3445 1376 3518 εῑρηται·
1413 3447 1534 3500 Οὐκ
1566 3445 2016 3515 ἐγκαταλείψεις
2050 3444 2166 3514 τὴν
2194 3446 2407 3516 ψυχήν
2428 3462 2548 3514 μου
2587 3447 2674 3512 εἰς
2741 3445 2848 3500 τὸν
2911 3445 3095 3515 ᾅδην,
3142 3446 3282 3501 οὐδὲ
3325 3444 3537 3513 δώσεις
3575 3446 3686 3500 τὸν

447 3540 621 3597 ὅσιόν
646 3557 764 3599 σου
794 3541 944 3598 ἰδεῖν
973 3539 1319 3612 διαφθοράν.

517 3662 686 3720 Vsus.
718 3663 771 3719 6.
800 3661 999 3718 Factus
1022 3664 1304 3720 sum'sicut
1334 3663 1398 3718 Ito
1422 3680 1486 3717 no
1509 3663 1621 3718 sine
1642 3661 1908 3732 adjutorio
1930 3662 2013 3715 in-

2190 3656 2508 3727 Ἐγενήθην
2526 3654 2667 3710 ὡσεὶ
2686 3655 2993 3724 ἅνθρωπος
3016 3655 3345 3725 ἀϐοήθητος
3363 3656 3433 3710 ἐν
3456 3656 3685 3726 νεκροῖς

450 3755 532 3809 ter
559 3762 794 3808 mortuos
819 3753 948 3807 liber
979 3770 998 3807 :
1026 3755 1161 3808 sicut
1204 3754 1465 3810 uulnerati
1492 3753 1803 3809 dormientes
1847 3756 1901 3808 iu
1931 3770 2013 3809 se-

2106 3748 2435 3817 ἐλεύθερος·
2456 3748 2599 3802 ὡσεὶ
2624 3749 2967 3818 τραυματίαι
2988 3747 3380 3813 καθεύδοντες
3402 3748 3471 3803 ἐν
3497 3748 3679 3818 τάφῳ,

453 3844 661 3911 pulcro,
690 3861 913 3916 quorum
943 3862 1045 3901 non
1086 3857 1163 3901 est
1201 3863 1398 3902 memor
1427 3847 1671 3915 amplius,
1715 3856 1764 3902 et
1810 3848 1914 3916 ipsi
1949 3846 2015 3903 de

2107 3831 2194 3891 ὧν
2218 3839 2329 3890 οὐκ
2353 3836 2658 3906 ἐμνήσθης
2683 3836 2790 3899 ἔτι,
2816 3837 2915 3891 καὶ
2941 3838 3109 3892 αὐτοὶ
3132 3838 3200 3892 ἐκ
3218 3838 3328 3907 τῆς
3351 3841 3541 3909 χειρός
3565 3855 3681 3895 σου

449 3948 610 3989 manu
643 3942 737 3989 tua
764 3934 961 4003 repulsi
999 3946 1145 3992 sunt.
1181 3936 1284 4003 Qui
1318 3953 1444 3993 vere
1467 3937 1584 3993 sine
1613 3936 1886 4006 adiutorio
1912 3936 2015 3993 sub

2108 3926 2530 3996 ἀπεώσθησαν.
2555 3929 2618 3982 Οί
2647 3927 2861 4000 άληθῶς
2887 3928 3177 4000 ἀϐοήθητοι
3205 3930 3308 3983 ὑπὸ
3330 3930 3423 3984 τοῦ
3450 3929 3679 3986 θανάτου

448 4024 637 4080 mortis
667 4024 894 4095 imperio
926 4024 1148 4096 degunt.
1172 4026 1242 4081 ab
1271 4027 1390 4097 ipsa
1417 4025 1737 4082 deferuntur
1760 4032 1814 4081 et
1844 4024 2011 4079 abdo.

2110 4020 2504 4091 κυριευόμενοι,
2536 4021 2865 4089 κατάγονται
2910 4022 3003 4076 καὶ
3032 4023 3332 4090 ἀπάγονται
3377 4023 3467 4076 ὑπ’
3492 4022 3673 4078 αὐτοῦ.

442 4122 666 4171 cuntur.
705 4114 867 4171 Solus
907 4122 1088 4171 autem
1132 4114 1388 4172 Set-valor
1422 4125 1476 4172 et
1525 4116 1785 4172 Dominus
1825 4124 2010 4172 noster

2110 4112 2286 4175 Μόνος
2319 4111 2376 4165 δὲ
2409 4114 2436 4166 6
2466 4110 2653 4183 Σωτὴρ
2685 4113 2781 4166 καὶ
2806 4110 3008 4183 Κύριος
3033 4112 3192 4182 ἡμῶν
3223 4112 3412 4165 ἑαυτὸν
3446 4112 3678 4167 ὲκένωσε

443 4208 685 4279 seipsum
710 4208 1010 4269 exinanivit
1030 4214 1087 4263 et
1111 4208 1418 4264 humiliavit
1444 4223 1618 4279 usque
1642 4208 1710 4263 ad
1736 4219 1963 4264 mortem
1989 4227 2005 4264 :

2110 4205 2201 4257 καὶ
2234 4203 2421 4258 ἑαυτὸν
2469 4204 2799 4257 ἐταπείνωσε
2847 4204 3006 4274 μέχρι
3050 4204 3298 4258 Θανάτου’
3350 4204 3443 4259 καὶ
3491 4204 3678 4277 ὥσπερ

441 4306 499 4358 et
534 4300 681 4357 sicut
708 4298 886 4357 iactus
915 4306 1003 4355 est
1039 4299 1095 4354 in
1128 4300 1538 4356 similitudinem
1567 4301 1751 4357 carnis
1778 4300 2006 4371 peccati,

2108 4294 2327 4363 γέγονεν
2347 4295 2405 4347 ὲν
2423 4293 2726 4365 ὁμοιώματι
2754 4294 2954 4365 σαρκὸς
2977 4294 3268 4365 ἁμαρτίας,
3292 4293 3462 4359 οὕτως
3489 4298 3679 4369 ἐγενή-

444 4392 524 4448 ita
551 4390 730 4447 factus
752 4396 837 4447 est
860 4389 1004 4446 sicut
1030 4406 1175 4449 unus
1197 4406 1265 4447 ex
1296 4392 1607 4449 hominibus
1642 4391 1763 4449 sine
1791 4392 2010 4463 adjuto-

2110 4384 2179 4456 θη
2212 4385 2288 4448 ὡς
2318 4380 2399 4449 εἷς
2424 4383 2533 4439 τῶν
2573 4384 2890 4457 ἀϐοηθήτων
2921 4384 3236 4456 ἀνθρώπων.
3286 4386 3421 4440 Ἀλλ’
3448 4387 3570 4442 ἐπεὶ
3601 4389 3676 4460 μὴ

442 4483 546 4539 ι’ἱο.
574 4480 789 4553 Atquia
822 4496 935 4537 non
965 4497 1088 4538 vere
1125 4491 1180 4538 et
1219 4484 1400 4556 reipsa
1435 4485 1489 4538 in
1533 4483 1881 4540 multitudine
1912 4483 2003 4539 illa

2107 4475 2324 4548 άληθῶς
2349 4469 2428 4539 εἷς
2455 4471 2521 4548 ἦν
2548 4475 2655 4529 τῶν
2675 4475 2906 4539 πολλῶν,
2935 4474 3093 4546 μόνος
3118 4477 3176 4531 ὲν
3197 4480 3408 4549 νεκροῖς
3432 4473 3501 4550 ἦν
3528 4478 3680 4533 ἐλεύ-

442 4574 852 4640 numerabatur,
901 4572 1052 4630 solus
1081 4572 1223 4628 inter
1278 4580 1524 4630 mortuos
1556 4573 1692 4629 liber
1733 4581 1874 4640 erat,
1905 4588 2006 4632 nec
2039 4630 2048 4640 ,

2071 4638 2073 4640 ν
2109 4566 2284 4637 θερος,
2315 4563 2611 4631 άδούλωτος
2654 4565 2732 4637 τῷ
2779 4566 2992 4638 θανάτῳ
3042 4568 3249 4638 μείνας.
3307 4568 3448 4623 ’Δντὶ
3475 4569 3533 4623 δὲ
3557 4567 3677 4635 τοῦ,

442 4664 548 4720 sub
590 4666 783 4721 mortis
835 4664 1099 4721 servitute
1161 4664 1446 4719 remansit.
1500 4663 1607 4720 Pro
1645 4664 1740 4719 illo
1777 4671 1956 4721 autem
1986 4681 1999 4718 :
2035 4630 2048 4686 ¹

2073 4641 2080 4678 ⁵
2120 4630 2224 4711 Ἰέν
2247 4630 2491 4725 νεκροῖς
2514 4630 2845 4723 ἐλεύθερος.
2877 4654 2907 4709 ό
2933 4630 3180 4721 ’Ᾰκόλας,
3199 4630 3294 4711 Ἑν
3320 4630 3679 4725 τεθνηκόσιν

443 4753 593 4812 Inter
614 4766 849 4814 mortuos
881 4758 1032 4825 liber,
1055 4756 1273 4829 Aquila,
1306 4755 1372 4813 In
1393 4758 1611 4813 mortuis
1635 4756 1783 4824 liher,
1802 4756 2001 4824 edidit;

2106 4747 2436 4816 ἐλεύθερος,
2463 4745 2738 4811 ἐξέδωκενο
2755 4746 2784 4798 ό
2809 4746 2867 4800 δὲ
2898 4746 3209 4823 Σύμμαχος,
3225 4747 3427 4814 Ἐντὸς
3452 4747 3701 4816 νεκρῶη

445 4844 806 4918 Symmachus
855 4863 1022 4917 vero,
1082 4846 1232 4905 Inter
1271 4857 1505 4903 mortuos
1549 4834 1802 4903 dimissus
1847 4847 1999 4903 liber.

2107 4839 2280 4909 ἀφεὶς
2317 4838 2647 4908 ἐλεύθερος.
2711 4836 3023 4912 Ἀναγνώσῃ
3068 4838 3125 4892 δὲ
3164 4839 3258 4894 καὶ
3292 4839 3428 4909 μετὰ
3457 4840 3675 4893 ὑποδια-

443 4934 571 4992 ιιεεο
606 4950 770 5008 porro
795 4953 921 4994 cum
949 4938 1303 4996 distinctione
1340 4939 1523 5011 legas;
1567 4940 1642 4994 ita
1671 4945 1731 4994 ut
1760 4938 1947 4996 isthzec
1982 4956 1998 4994 :

2108 4928 2320 4999 στολῆς,
2356 4928 2498 4993 ἰδίως
2534 4930 2630 5000 μὲν
2661 4928 2924 5000 ἀφορίσας
2948 4929 3031 4994 τὺ,
3049 4929 3378 4998 Ἔγενήθην
3401 4929 3546 4984 ὡσεὶ
3573 4930 3681 4983 ἄνα

443 5027 645 5084 Factus
671 5045 788 5083 sum
817 5030 951 5084 sicut
975 5030 1129 5087 homo
1151 5032 1261 5085 sine
1286 5029 1551 5101 adiutorio
1580 5032 1716 5087 inter
1741 5040 1999 5096 mortuos,

2105 5024 2335 5091 θρωπος
2370 5020 2699 5091 ἀϐοήθητος
2734 5021 2805 5075 ἐν
2828 5021 3079 5090 νεκροῖς·
3111 5017 3228 5075 εἶτα
3268 5020 3559 5086 ὑποστίξας
3596 5023 3676 5086 είς

441 5118 728 5190 sejungas;
762 5117 957 5175 deinde
982 5133 1113 5175 vero
1147 5118 1328 5175 addita
1356 5125 1479 5189 post
1513 5117 1666 5184 illud,
1700 5118 1836 5171 inter
1858 5132 2001 5171 mor-

2103 5112 2183 5177 τὺ,
2216 5112 2287 5166 ἐν
2312 5113 2565 5181 νεκροῖς,
2602 5111 2955 5182 άποφατικῶς
2982 5111 3200 5179 ἐπάξεις
3227 5112 3307 5177 τὸ,
3337 5113 3674 5182 ἐλεύθερος’

443 5221 582 5274 tuos,
607 5210 1064 5280 interpunctione.
1091 5204 1249 5281 quasi
1295 5208 1541 5280 negative
1577 5208 1807 5279 aoljicias
1846 5206 2001 5272 illud,

2107 5205 2205 5276 τῆς
2231 5205 2466 5269 διανοίας
2495 5205 2653 5260 τοῦτο
2697 5203 2983 5276 δηλούσης,
3012 5205 3094 5257 ὅτι
3138 5202 3278 5271 Ἐγὼ
3315 5206 3343 5257 6
3389 5203 3677 5275 ἐλεύθερος

444 5301 696 5357 tiber:'ut
739 5294 853 5357 haec
900 5301 972 5382 sit
1003 5300 1134 5356 dicti
1168 5301 1438 5357 sententia
1474 5318 1487 5355 :
1531 5297 1643 5369 Ego
1663 5299 1755 5369 qui
1771 5287 1930 5354 'liber’
1950 5304 2005 5354 et

2108 5297 2201 5350 καὶ
2231 5296 2388 5366 μόνος
2414 5296 2627 5366 άληθῶς
2664 5297 2918 5351 ἁπάντων
2960 5295 3161 5368 Κύριος
3196 5296 3392 5365 γέγονα
3418 5296 3555 5357 ,ὡσεὶ
3584 5297 3677 5349 άν-

441 5390 592 5446 solus
615 5405 742 5445 vere
770 5391 1010 5445 omnium
1045 5390 1304 5446 Dominus
1338 5405 1481 5452 sum,
1512 5387 1686 5444 iactus
1714 5402 1835 5441 sum
1861 5386 2004 5443 sicut

2106 5385 2320 5458 θρωπος
2347 5386 2646 5457 ἀϐοήθητος
2674 5387 2731 5440 ἐν
2751 5389 2980 5458 νεκροϊςο
3007 5386 3118 5441 ἀλλ’
3147 5386 3250 5439 οὐκ
3275 5384 3489 5456 ἀληθῶς
3511 5385 3675 5455 660i;-

445 5477 607 5534 homo
629 5479 749 5536 sine
774 5481 1044 5549 adiutorio
1087 5480 1228 5535 inter
1255 5488 1502 5536 mortuos
1526 5496 1552 5546 ;-
1586 5494 1695 5533 non
1724 5494 1848 5533 vere
1880 5479 2003 5547 qui-

2106 5478 2285 5550 θητος,
2317 5463 2435 5533 ἀλλ”
2461 5479 2536 5543 ὡς
2563 5476 2877 5551 ἀὸοφητος.
2920 5477 3104 5532 Ταῦτα
3133 5477 3189 5531 δὲ
3217 5478 3297 5531 ὅτι
3345 5477 3530 5548 μηδενὶ
3559 5475 3675 5531 tre-

443 5569 566 5625 dem
598 5571 715 5626 sine
748 5572 1042 5641 adjutorio,
1066 5571 1159 5627 sed
1191 5572 1349 5641 quasi
1384 5571 1503 5627 sine
1547 5569 1836 5641 adiutorio.
1876 5567 2001 5624 llaec

2108 5587 2188 5639 ρῳ
2213 5568 2388 5637 λέγειν
2415 5569 2642 5640 ἁρμόζει
2673 5558 2717 5639 ἢ
2737 5568 2817 5640 τῷ
2856 5569 3116 5640 ἁψαμένῳ
3168 5568 3266 5639 μὲν
3297 5567 3391 5621 τοῦ
3419 5568 3670 5643 θανάτου,

443 5666 624 5716 autem
657 5662 803 5717 dicta
841 5663 931 5718 alii
974 5660 1178 5719 nemini
1217 5669 1526 5732 competere
1555 5676 1730 5731 posse,
1758 5676 1919 5732 quam
1951 5662 2001 5717 ei

2107 5661 2202 5715 καὶ
2243 5662 2322 5725 είς
2367 5659 2497 5731 ᾅδην
2542 5659 2955 5731 καταὸεὸηκότι,
2994 5659 3069 5731 μὴ
3119 5660 3574 5727 καταδουλωθέντι
3614 5657 3672 5713 δὲ

551 5818 593 5852 ⁸ο
632 5815 748 5872 Gal.
790 5831 879 5883 ul,
918 5817 1017 5879 l5;
1056 5813 1214 5873 Deut.
1250 5833 1362 5882 ur,
1395 5815 1484 5871 ‘23.
1562 5818 1605 5852 '°
1644 5817 1787 5875 Psal.
1822 5834 1985 5885 xxix,
2020 5816 2073 5871 ι.
2149 5819 2157 5851 ¹

1739 5818 1787 5875 ι1.
1822 5834 1985 5885 xxix,
2020 5816 2073 5871 ι.
2149 5817 2191 5851 ἰ
2234 5815 2376 5873 Psal.
2415 5831 2601 5883 xxxix,
2635 5814 2693 5881 ε,
2721 5815 2774 5874 δ.
2849 5815 2916 5849 ³¹⁸
2948 5813 3093 5875 Psal.
3132 5832 3221 5882 xv,
3262 5815 3345 5873 10.
