4066 6390
356 322 494 390 1057

1475 330 1979 390 COMMENTARIA
2015 333 2084 389 IN
2119 333 2459 393 ρεΑιιιοε.

3450 342 3594 400 1058

353 453 505 527 αὐτῷ
524 490 543 520 ,
592 453 752 507 παντί
784 470 861 524 τῳ
909 447 1060 524 οἶμαι
1105 451 1335 525 φανερὸν
1375 453 1680 524 τυγχάνειν·
1730 453 1805 518 ὡς
1852 453 1908 525 μί

2029 454 2121 525 qui
2152 462 2381 510 mortem
2406 453 2622 524 quidem
2655 453 2856 525 attigit,
2887 462 2941 510 et
2967 453 3032 510 ad
3058 452 3264 511 inferos
3289 454 3590 523 descendit,

352 544 612 602 δύνασθαι
657 547 743 617 ἐφ’
779 546 966 618 ἕτερον
998 544 1281 617 ἄνθρωπον
1300 544 1631 618 ἐφαρμόζειν
1659 546 1729 601 τὰ
1765 547 1822 600 ἐν
1847 545 1926 617 τῷ

352 639 549 711 ψαλμῷ
580 640 846 712 λεγόμενα
875 624 1029 710 ἢέπὶ
1062 639 1224 709 μόνον
1262 638 1356 692 τὸν
1382 639 1646 711 ἡμέτερον
1675 639 1922 711 Σωτῆρα.

351 725 563 803 Ὠσπερ
585 731 643 786 δὲ
682 731 902 801 γέγονεν
929 731 1060 785 ὡσεὶ
1090 730 1374 801 ἄνθρωπος
1409 731 1708 804 ἀϐοήθητος
1725 772 1741 797 ,
1785 731 1927 785 οὕτω

351 822 446 875 καὶ
490 822 634 877 ὡσεὶ
678 823 1024 892 τραυματίαι
1072 822 1464 888 καθεύδοντες
1507 822 1579 876 ἐν
1615 820 1800 892 τάφῳ,
1839 818 1927 876 ὧν

347 916 462 970 οὐκ
491 911 797 983 ἐμνήσθης
831 914 938 969 ἔτι.
963 912 1062 967 Διά
1085 913 1144 966 δὲ
1173 912 1377 967 τούτων
1405 913 1500 967 καὶ
1528 914 1561 984 ἡ
1588 912 1731 985 ταφὴ
1761 912 1925 967 αὐτοῦ

350 1003 693 1076 σημαίνεται,
741 1001 811 1077 ἦς
852 1005 947 1058 καὶ
996 1006 1025 1059 6
1067 1003 1209 1068 θεῖος
1230 1003 1546 1068 Ἀπόστολος
1602 1003 1925 1076 μνημονεύει

349 1097 576 1168 γράφων
612 1096 940 1170 Κορινθίοις,
969 1097 1160 1167 λέγων·
1204 1097 1520 1166 Παρέδωκα
1550 1098 1661 1168 γὰρ
1691 1097 1834 1168 ὑμῖν
1855 1098 1926 1151 ἐν

347 1188 617 1258 πρώτοις,
646 1189 678 1242 ὃ
706 1189 803 1243 καὶ
831 1188 1189 1258 παρέλαϐον’
1219 1189 1310 1243 ὅτι
1347 1189 1600 1259 Χριστὸς
1628 1189 1924 1245 ἀπέθανεν

344 1281 499 1351 ὑπὲρ
530 1281 650 1335 τῶν
689 1281 986 1352 ἁμαρτιῶν
1017 1281 1185 1351 ἡμῶν
1215 1281 1365 1339 κατὰ
1388 1282 1495 1349 τὰς
1522 1281 1788 1352 Γραφὰς,
1822 1281 1921 1335 καὶ

342 1370 435 1432 ⁴ὅτι
458 1372 665 1442 ἐτάφη.
701 1374 811 1427 Καὶ
850 1372 1072 1437 Ἡσαΐας
1099 1373 1157 1427 δὲ
1185 1372 1287 1443 τῆς
1313 1374 1489 1445 ταφῆς
1512 1372 1676 1429 αὐτοῦ
1714 1373 1923 1444 μέμνησ-

343 1477 434 1515 ται
486 1461 681 1530 λέγων·
733 1463 830 1516 Ἐν
868 1462 1079 1532 εἰρήνῃ
1136 1465 1176 1533 ἡ
1211 1462 1369 1533 ταφὴ
1422 1465 1606 1521 αὐτοῦ
1641 1459 1920 1537 ἦρταμέιι

337 1550 553 1618 μέσου.
596 1551 741 1605 ’Δντὶ
773 1551 829 1606 δὲ
854 1552 1142 1616 τοῦ,Ὼσεὶ
1174 1553 1542 1624 τραυματίαι,
1576 1556 1605 1608 6
1636 1557 1732 1625 μὲν
1759 1553 1920 1609 Ἀκύ-

343 1638 441 1703 λας
488 1640 673 1711 φησίν,
693 1641 931 1710 Ὄμοιος
980 1641 1391 1710 ἀνῃρημένοις·
1434 1644 1463 1695 6
1509 1643 1566 1696 δὲ
1607 1644 1917 1715 Σύμμαχος,

355 1732 510 1786 Ὧσεὶ
536 1734 903 1802 τετρωμένοι·
936 1735 1030 1787 καὶ
1058 1734 1225 1804 σαφές
1248 1752 1369 1788 τινα
1404 1736 1604 1807 τρόπον
1641 1737 1916 1792 καὶτοῦτο

340 1822 664 1900 ἐπληροῦτο,
696 1824 933 1894 ὁπηνίκα
956 1826 985 1877 6
1013 1825 1346 1897 στρατιώτης
1373 1826 1537 1899 λόγχῃ
1567 1827 1799 1900 ἔτρωσεν
1831 1831 1919 1882 αύ-
1948 1811 1991 1865 Β

338 1899 433 1966 τᾶὖ
456 1913 555 1984 τὴν
588 1914 846 1986 πλευράν.
896 1915 1036 1968 Ἀλλ’
1085 1912 1166 1969 ὅτι
1207 1917 1306 1987 μὲν
1343 1920 1682 1990 τραυματίας
1727 1921 1918 1990 γέγονε

339 2002 434 2055 καὶ
467 2005 525 2057 ὲν
554 2005 731 2075 τάφῳ,
762 2005 945 2074 σαφῶς
972 2007 1317 2078 παρίσταται·
1353 2009 1492 2080 πλὴν
1520 2012 1567 2063 εἰ
1593 2010 1736 2080 λέγοι
1760 2027 1918 2085 γεγο-

336 2094 489 2148 νέναι
520 2094 651 2148 ὡσεὶ
676 2098 1033 2168 τραυματίας,
1061 2099 1151 2152 καὶ
1191 2100 1374 2170 ὅμοιος
1414 2103 1525 2165 τοῖς
1570 2101 1916 2156 καθεύδουσιν

336 2182 398 2238 ὲν
421 2186 594 2257 τάφῳ,
628 2187 744 2241 ἀλλ’
775 2188 835 2241 ού
870 2189 1033 2261 μέχρι
1073 2190 1261 2244 τούτου
1291 2191 1525 2246 ἵσταται·
1558 2193 1676 2248 ὅλον
1702 2194 1759 2247 δὲ
1800 2211 1918 2248 συν-

336 2274 500 2344 άψας,
529 2276 648 2345 ὄψει
679 2279 778 2349 τὴν
817 2279 1057 2334 διάνοιαν
1086 2281 1181 2334 τοῦ
1204 2282 1382 2352 λόγου.
1416 2283 1647 2352 Γέγονα
1676 2286 1783 2356 γάρ
1811 2303 1916 2358 φη·

335 2382 445 2431 σιν,
494 2369 636 2421 ὡσεὶ
684 2372 1055 2439 τραυματίαι,
1100 2366 1188 2426 ὧν
1224 2375 1334 2427 οὐκ
1362 2373 1669 2443 ἐμνήσθης
1694 2374 1802 2429 ἔτι.
1850 2377 1914 2431 Ol

336 2459 436 2529 μὲν
472 2458 581 2531 γὰρ
617 2460 814 2526 λοιποὶ,
861 2462 998 2533 μετὰ
1036 2464 1129 2517 τὸν
1177 2463 1406 2519 θάνατον
1458 2467 1516 2519 ὲν
1567 2468 1680 2530 τοῖς
1721 2465 1913 2535 τάφοις

333 2549 647 2620 γενόμενοι,
703 2552 1127 2625 ἀπελείφθησαν,
1185 2557 1279 2610 καὶ
1335 2557 1634 2627 ἀπέμειναν
1692 2558 1762 2629 γῆ
1816 2557 1912 2612 καὶ

332 2642 501 2707 κόνις,
538 2645 736 2714 μηκέτι
767 2645 903 2715 μετὰ
939 2646 1031 2699 τὸν
1069 2646 1295 2701 θάνατον
1323 2647 1791 2719 μνημονεύσαντος
1816 2650 1912 2703 αὐ-

326 2733 440 2786 τῶν
467 2734 560 2787 τοῦ
590 2734 745 2788 Θεοῦ·
777 2735 887 2804 ἐγὼ
912 2736 969 2789 δὲ
995 2738 1259 2808 ἐγενήθην
1282 2737 1357 2803 ὡς
1394 2734 1474 2803 εἷς
1499 2739 1604 2794 τῶν
1631 2739 1906 2807 τοιούτων,

332 2825 409 2897 μὴ
434 2825 509 2879 ὣν
532 2828 715 2898 ὅμοιος
744 2828 947 2892 αὐτοῖς·
979 2828 1114 2899 ἐμοῦ
1142 2829 1249 2901 γὰρ
1282 2830 1419 2901 μετὰ
1459 2831 1559 2904 τὴν
1587 2831 1788 2903 τρῶσιν
1815 2834 1909 2888 καί

333 2919 475 2987 μετὰ
497 2917 589 2972 τὸν
613 2917 840 2972 θάνατον
864 2920 957 2972 καὶ
981 2919 1118 2991 μετὰ
1143 2920 1240 2992 τὴν
1264 2923 1323 2974 ὲν
1343 2921 1421 2992 τῷ
1446 2922 1599 2993 τάφῳ
1619 2923 1908 2978 κατάθεσιν

327 3008 626 3081 ἐμνήσθης,
661 3010 806 3081 ζωῆς
840 3013 977 3083 μετὰ
1022 3012 1197 3067 ταῦτά
1244 3029 1312 3083 με
1354 3015 1448 3067 καὶ
1494 3015 1765 3087 σωτηρίας
1807 3018 1907 3089 τῆς

2028 562 2203 616 neque
2244 555 2425 601 tamen
2460 548 2514 599 in
2556 546 2870 601 servitutem
2896 545 3016 614 ejus
3049 548 3303 604 redactus
3331 557 3437 612 est,
3473 548 3594 603 cui-

2026 639 2111 694 vis
2155 645 2286 709 puto
2314 637 2661 695 manifestum
2693 653 2847 705 esse;
2891 638 2965 692 ita
3012 647 3071 692 ut
3105 639 3236 693 nulli
3274 640 3368 693 alii
3414 640 3592 693 homia-

2025 745 2158 784 num
2184 730 2378 800 psalmi
2408 730 2572 785 verba
2599 728 2811 799 possint
2842 727 3039 800 aptari,
3082 737 3435 799 praeterquam
3472 726 3593 782 Salo

2024 820 2199 875 νειοτὶ
2221 829 2427 876 nostro.
2459 818 2925 886 Quemadmodum
2961 828 3139 874 autem
3159 819 3334 875 factus
3360 829 3445 876 est
3470 822 3592 876 sic-

2026 923 2086 969 ut
2127 913 2290 967 homo
2323 912 2443 968 sine
2484 912 2787 982 adjutorio;
2836 915 2910 969 ita
2958 915 3121 971 etiam
3153 916 3287 967 sicut
3328 914 3591 968 vulnerati

2025 1007 2345 1062 dormientes
2379 1005 2435 1059 in
2462 1006 2720 1075 sepulcro,
2751 1023 2972 1076 quorum
3002 1023 3104 1061 non
3136 1023 3190 1061 es
3240 1022 3438 1061 memor
3472 1022 3592 1059 am-

2023 1097 2182 1165 plius.
2211 1094 2307 1151 His
2333 1095 2497 1150 etiam
2530 1097 2805 1166 sepultura
2832 1096 2952 1167 ejus
2983 1097 3272 1159 indicatur,
3314 1111 3475 1167 quam
3503 1097 3589 1152 di-

2022 1189 2183 1244 vinus
2214 1187 2511 1258 Apostolus
2534 1187 2599 1242 ad
2629 1187 2942 1243 Corinthios
2971 1188 3217 1244 scribens
3246 1188 3332 1244 his
3355 1204 3592 1246 comme—

2022 1288 2201 1337 morat
2223 1300 2239 1337 :
2260 1278 2484 1335 Tradidi
2506 1280 2646 1334 enim
2666 1280 2809 1334 vobis
2836 1280 2891 1333 in
2919 1281 3105 1349 primis
3125 1280 3264 1352 quod
3288 1290 3340 1335 et
3369 1282 3546 1351 accepi
3568 1297 3589 1335 :

2021 1371 2269 1441 quoniam
2304 1367 2545 1424 Christus
2582 1376 2817 1423 mortuus
2865 1378 2944 1423 est
2976 1385 3073 1439 pro
3114 1371 3343 1438 peccatis
3386 1372 3591 1427 nostris

2022 1466 2309 1518 secundum
2342 1462 2670 1530 Scripturas,
2703 1470 2752 1515 et
2788 1462 2915 1532 quia
2943 1462 3175 1530 sepultus
3206 1472 3283 1517 est
3312 1465 3380 1516 ".
3415 1464 3588 1520 Isaias

2021 1568 2240 1624 quoque
2298 1552 2631 1622 sepulturam
2679 1552 2800 1620 ejus
2852 1561 3118 1624 memorat
3152 1552 3237 1608 his
3268 1553 3488 1610 verbis:
3518 1552 3589 1610 Its

2018 1620 2442 1711 pacersepultura
2465 1642 2580 1710 ejus
2614 1639 2826 1694 sublata
2854 1650 2933 1695 est
2959 1656 3025 1695 ex
3057 1620 3228 1695 Jedio
3255 1642 3322 1696 ⁸³.
3355 1645 3461 1699 Pro
3489 1644 3588 1700 illo

2021 1741 2225 1795 autem,
2255 1731 2404 1788 Sicut
2426 1732 2708 1797 vulnerati,
2753 1731 2946 1802 Aquila
2992 1748 3006 1784 :
3035 1731 3257 1787 Perinde
3298 1741 3452 1803 atque
3482 1749 3587 1791 oo-

2020 1828 2148 1890 cisi;
2191 1825 2553 1897 Symmachus
2605 1839 2736 1879 vero
2790 1843 2805 1879 :
2855 1824 3025 1889 Quasi
3064 1827 3334 1880 {uulnerati
3365 1844 3386 1883 :
3418 1826 3585 1900 idque

2018 1919 2164 1973 clare
2219 1917 2620 1988 quodammodo
2672 1917 2949 1986 impletum
2986 1926 3091 1983 est,
3149 1921 3368 1988 quando
3424 1921 3586 1978 miles

2019 2010 2207 2064 lancea
2244 2009 2386 2064 latus
2417 2007 2538 2078 ejus
2564 2008 2867 2063 vulneravit
2892 2026 2905 2062 :
2929 2008 3076 2078 quod
3102 2022 3280 2064 autem
3310 2010 3366 2064 in
3399 2014 3583 2081 sepqu

2016 2114 2110 2154 cro
2142 2101 2305 2153 etiam
2335 2099 2652 2154 vulneratus
2689 2098 2946 2167 jacuerit,
2994 2099 3272 2169 prepalam
3320 2110 3422 2156 est.
3454 2102 3581 2157 Ca:-

2017 2199 2193 2247 terum
2223 2205 2348 2245 cum
2375 2191 2508 2245 dicit
2550 2205 2611 2245 se
2643 2190 2844 2246 factum
2886 2207 3008 2247 esse
3038 2191 3184 2246 sicut
3212 2193 3578 2259 vulneratum,

2013 2295 2067 2341 et
2093 2285 2323 2340 similem
2349 2284 2741 2339 dormientibus
2779 2284 2831 2338 in
2858 2285 3131 2355 sepulcro,
3163 2286 3252 2341 bic
3279 2287 3448 2342 series
3467 2305 3579 2345 non

2010 2372 2374 2439 terminatur;
2404 2373 2499 2427 sed
2527 2374 2571 2425 si
2599 2379 2769 2425 totum
2789 2382 3080 2430 connectas
3100 2374 3228 2430 dicti
3252 2378 3577 2433 sententiam

2011 2462 2384 2533 demehendes
2419 2481 2431 2517 :
2466 2462 2666 2518 Factus
2698 2481 2839 2527 sum,
2872 2465 3066 2535 inquit,
3110 2468 3248 2520 sicut
3293 2469 3574 2532 vulnerati,

2010 2569 2230 2623 quorum
2252 2570 2354 2608 non
2384 2570 2438 2608 es
2468 2570 2667 2609 memor
2689 2555 2935 2623 amplius.
2964 2557 3155 2611 Caneri
3188 2573 3422 2629 namque
3453 2569 3578 2630 post

2008 2653 2238 2702 mortem
2288 2647 2344 2701 in
2381 2646 2647 2717 sepulcris
2674 2648 2927 2718 depositi,
2956 2650 3128 2705 relicti
3151 2658 3300 2715 sunt,
3343 2666 3406 2706 ac
3429 2662 3576 2708 terra

2007 2745 2063 2793 et
2099 2739 2279 2808 pulvis
2320 2750 2723 2805 remanserunt,
2775 2740 2888 2796 Deo
2921 2749 3047 2811 post
3096 2752 3325 2797 mortem
3368 2744 3576 2800 nullam

2007 2844 2196 2884 eorum
2244 2831 2559 2886 memoriam
2590 2833 2896 2887 retinente:
2929 2846 3030 2902 ego
3068 2847 3199 2887 vero
3231 2831 3408 2889 factus
3450 2847 3576 2889 sum

2007 2921 2151 2978 sicut
2180 2937 2321 2976 unus
2345 2935 2558 2985 eorum,
2593 2923 2719 2977 licet
2767 2937 2878 2976 non
2902 2923 3008 2979 illis
3052 2923 3247 2979 similis
3286 2925 3419 2992 sim;
3445 2939 3573 2980 nam

2004 3014 2113 3070 mei
2144 3021 2267 3084 post
2302 3012 2563 3068 indictum
2586 3016 2807 3081 vulnus,
2839 3023 2965 3085 post
2996 3023 3225 3069 mortem
3250 3024 3303 3071 et
3330 3025 3453 3087 post
3477 3018 3573 3072 de-

324 3099 478 3170 παρὰ
511 3102 593 3154 σοὶ¹
621 3101 967 3168 καταξιώσας
1036 3104 1122 3160 Διὸ
1150 3105 1257 3187 ,καὶ
1282 3105 1582 3177 ἀρχόμενος
1629 3108 1722 3160 καὶ
1749 3107 1907 3179 εὐχα-

2007 3106 2326 3175 positionem
2372 3106 2426 3160 in
2469 3106 2744 3176 sepulcro,
2792 3120 3001 3161 memor
3039 3104 3212 3171 fuisti,
3251 3121 3315 3160 ac
3361 3106 3468 3162 vita
3516 3117 3572 3164 et

326 3193 485 3265 ριστή
496 3209 606 3264 ριον
634 3193 947 3265 ἀνέπεμπεν
963 3182 1156 3266 ὕμνον(
1168 3195 1358 3265 λέγων·
1383 3199 1561 3267 Κύριε
1579 3201 1613 3252 ό
1629 3199 1773 3266 Θεὸς
1791 3198 1903 3269 τῆς

322 3285 622 3351 σωτηρίας
642 3303 777 3355 μου,
806 3286 1029 3357 ἡμέρας
1051 3288 1343 3357 ἐκέκραξα
1375 3292 1475 3345 καὶ
1507 3291 1576 3345 ἐν
1603 3291 1777 3345 νυκτὶ
1809 3292 1904 3345 ἐν·

319 3376 536 3429 αντίον
554 3392 688 3429 σου.
713 3379 821 3431 Καὶ
849 3377 918 3431 τὰ
948 3380 1045 3450 μὲν
1071 3383 1189 3434 κατ’
1218 3381 1319 3452 ἐμὲ
1340 3382 1562 3436 τοιαῦτα
1589 3379 1676 3454 ἦν.
1715 3384 1904 3454 Ὅμως

321 3465 368 3519 δ’
396 3462 491 3520 οὖν
514 3466 713 3536 γέγονα
740 3470 923 3544 ὅμοιος
950 3474 1064 3536 τοῖς
1089 3471 1303 3538 πολλοῖς
1326 3476 1439 3540 τοῖς
1470 3477 1528 3528 ὲν
1559 3472 1716 3546 τάφῳ
1745 3492 1901 3544 γενο-

323 3554 525 3624 μένοις,
561 3554 654 3607 καὶ
686 3556 882 3626 μηκέτι
913 3557 1014 3627 τῆς
1065 3562 1162 3630 σῆς
1196 3561 1621 3632 κατηξιωμένοις
1663 3565 1899 3636 μνήμης,

315 3645 410 3722 ’διὰ
437 3644 499 3697 τὸ
528 3645 637 3700 ἀπὸ
667 3646 765 3716 τῆς
791 3647 890 3718 σῆς
916 3650 1096 3721 χειρὸς
1124 3652 1421 3706 ἀπεῶσθαι.
1465 3653 1610 3707 ’Δντὶ
1642 3656 1751 3726 γὰρ
1782 3655 1898 3719 τοῦ,

315 3726 434 3787 *Ων
473 3735 584 3787 οὐκ
625 3734 932 3804 ἐμνήσθης
961 3736 1069 3800 ἔτι,
1108 3738 1206 3791 καὶ
1242 3739 1412 3792 αὐτοὶ
1461 3740 1529 3793 ἐκ
1560 3739 1668 3809 τῆς
1703 3742 1901 3810 χειρός

315 3841 438 3881 σου
481 3826 904 3894 ἀπεώσθησαν,
957 3828 985 3881 ὁ
1030 3828 1127 3898 μὲν
1188 3828 1417 3892 Ἀκύλας
1459 3829 1738 3895 ἐξέδωκεν,
1789 3825 1901 3882 Ὧν

316 3919 430 3971 οὐκ
449 3915 759 3986 ἐμνήσθης
782 3915 979 3971 αὐτῶν
1002 3919 1110 3980 ἔτι,
1137 3917 1235 3971 καὶ
1267 3918 1437 3972 αὐτοὶ
1469 3919 1536 3972 ὲκ
1568 3917 1677 3987 τῆς
1704 3919 1900 3987 χειρός

316 4022 434 4062 σου
483 4007 935 4078 ἀπετμήθησαν·
972 4011 1001 4063 ὁ
1040 4009 1096 4062 δὲ
1127 4007 1422 4079 Σύμμαχος
1468 4027 1651 4081 φησιν,
1680 4004 1791 4064 Ὧν
1825 4012 1897 4064 οὐ

312 4103 748 4171 μνημονεύσεις
802 4101 913 4165 ἐτι,
967 4102 1184 4167 οἵτινες
1224 4102 1344 4156 ὑπὸ
1386 4101 1497 4171 τῆς
1532 4103 1732 4172 χειρός
1780 4119 1896 4157 σου

315 4192 729 4259 ἐξεκόπησαν,

389 4287 637 4341 Ἕθεντό
666 4303 744 4356 με
767 4287 837 4341 ἐν
859 4286 1063 4353 λάκκῳ
1084 4283 1415 4349 κατωτάτω,
1440 4285 1511 4339 ἐν
1539 4284 1893 4352 σκοτεινοῖς,

314 4377 414 4431 καὶ
458 4379 534 4432 ἐν
568 4376 713 4443 σκιᾷ
737 4378 1013 4433 θανάτου.
1057 4378 1202 4432 ’Λντὶ
1232 4378 1605 4440 τοῦ,Ἔθεντό
1619 4393 1716 4446 με,
1742 4379 1770 4431 6
1797 4376 1895 4448 μὲν

2007 3198 2202 3262 salute,
2233 3212 2354 3267 qua:
2383 3213 2549 3268 penes
2579 3206 2630 3253 te
2660 3205 2765 3260 est,
2795 3198 3048 3269 dignatus
3074 3211 3160 3252 me
3195 3211 3273 3252 es.
3292 3196 3475 3264 Quare
3503 3199 3577 3255 ab

2004 3289 2162 3346 initio
2179 3290 2473 3358 gratiarum
2499 3288 2728 3344 actionis
2752 3288 3009 3360 hymnum
3029 3288 3207 3343 emisit
3237 3289 3323 3344 his
3347 3289 3527 3345 verbis
3554 3311 3568 3345 :

2003 3380 2228 3436 Domine
2270 3380 2412 3436 Deus
2442 3382 2631 3435 salutis
2669 3396 2818 3443 mets,
2858 3381 2915 3433 in
2946 3380 3033 3434 die
3078 3380 3304 3433 clamavi
3330 3389 3382 3435 et
3421 3392 3575 3438 nocte

2003 3490 2185 3529 coram
2213 3482 2281 3528 te.
2308 3473 2441 3540 Quae
2468 3488 2556 3529 me
2578 3474 2897 3543 spectabant
2939 3470 3068 3527 talia
3105 3480 3285 3526 erant.
3303 3474 3569 3528 ‘Attamen

2005 3564 2182 3619 factus
2211 3578 2331 3618 sum
2389 3563 2575 3617 multis
2604 3564 2659 3617 in
2708 3561 2959 3631 sepulcro
2992 3560 3301 3630 jacentibus
3343 3560 3568 3624 similia,

2001 3654 2096 3725 qui
2120 3669 2226 3708 non
2257 3653 2491 3722 amplius
2528 3652 2791 3706 memoria
2819 3659 2909 3705 tua
2931 3649 3082 3720 digni
3111 3650 3402 3717 habentur,
3435 3652 3569 3721 quia

2001 3743 2069 3799 de
2098 3759 2261 3798 manu
2295 3752 2389 3797 tua
2436 3742 2639 3813 repulsi
2685 3750 2833 3798 sunt.
2865 3741 3001 3796 Nam
3032 3742 3179 3799 illius
3223 3744 3344 3799 loco
3375 3761 3393 3799 :
3422 3744 3569 3810 Quo-

2000 3850 2118 3888 rum
2141 3852 2243 3889 non
2263 3850 2317 3889 es
2343 3850 2540 3888 memor
2565 3834 2811 3902 amplius,
2834 3842 2883 3888 et
2922 3834 3025 3903 ipsi
3051 3837 3116 3889 de
3151 3851 3312 3889 manu
3347 3844 3442 3889 tua
3488 3852 3572 3891 re-

1996 3927 2138 3995 pulsi
2159 3936 2302 3988 sunt,
2330 3925 2523 3994 Aquila
2544 3923 2711 3978 edidit
2741 3943 2754 3978 :
2783 3923 3020 3989 Quorum
3048 3940 3152 3979 non
3181 3925 3492 3980 recordatus
3512 3941 3568 3981 es

1997 4015 2164 4078 ultra,
2187 4023 2235 4068 et
2254 4014 2356 4081 ipsi
2381 4028 2446 4067 ex
2475 4027 2636 4066 manu
2663 4020 2752 4065 tua
2770 4011 2994 4065 abscissi
3014 4024 3138 4067 sunt
3162 4029 3181 4077 ;
3205 4012 3569 4085 Symmachus

1998 4113 2178 4161 autem
2212 4124 2226 4159 :
2263 4103 2501 4170 Quorum
2531 4119 2633 4157 non
2660 4101 3021 4158 recordaberis
3044 4103 3211 4169 ultra,
3233 4103 3375 4172 quia
3404 4117 3567 4157 manu

1998 4203 2090 4249 tua
2120 4195 2284 4248 excisi
2318 4203 2457 4249 sunt.

2066 4279 2233 4336 Vsus.
2277 4280 2326 4333 7.
2367 4279 2666 4334 Posuerunt
2698 4294 2781 4333 me
2803 4279 2859 4333 in
2890 4279 3011 4332 lacu
3055 4277 3315 4348 inferiori,
3342 4279 3398 4332 in
3423 4286 3567 4335 tene-

1997 4372 2166 4426 brosis
2191 4380 2242 4425 et
2272 4372 2328 4425 in
2371 4370 2559 4424 umbra
2609 4370 2813 4424 mortis.
2857 4367 3003 4425 Loco
3052 4369 3218 4432 illius,
3266 4368 3564 4424 Posuernnt

327 4468 768 4533 Ἀκύλας,Ἔθου
793 4486 892 4538 με,
919 4472 948 4523 6
981 4471 1037 4523 δὲ
1058 4444 1639 4541 Σύμμαχος,⁹Εταξάς
1663 4484 1760 4536 με,
1799 4444 1894 4522 έκ-

2007 4479 2099 4527 me,
2143 4463 2357 4533 Aquila,
2395 4461 2633 4516 Posuisti
2669 4475 2783 4525 me;
2841 4457 3201 4532 Symmachus
3238 4444 3390 4529 vero,
3444 4460 3571 4515 Sta-

313 4562 599 4615 δεδὼκασι.
633 4562 712 4613 Δι’
734 4553 809 4614 ὧν
835 4561 1178 4633 παρίστησιν,
1200 4563 1283 4615 ὅτι
1309 4560 1535 4631 νεύματι
1564 4558 1657 4612 τοῦ
1686 4559 1897 4631 Πατρδς

316 4659 409 4711 καὶ
441 4655 627 4727 βουλῇ,
662 4644 761 4725 οὐχ
801 4653 986 4716 ἁπλῶς
1016 4654 1095 4716 εἰς
1133 4653 1225 4706 τὸν
1255 4653 1504 4716 θάνατον,
1548 4650 1666 4704 οὐδὲ
1699 4652 1780 4714 είς
1807 4649 1898 4702 τὸν

314 4750 447 4822 ᾅδην
492 4749 588 4802 καὶ
632 4747 721 4800 τὸν
754 4746 1083 4816 καλούμενον
1107 4745 1309 4799 λάκκον
1339 4740 1718 4814 κατελήλυθεν,
1761 4740 1897 4795 ἀλλὰ

313 4843 407 4896 καὶ
438 4843 517 4905 εἰς
541 4838 611 4893 τὰ
632 4838 908 4910 βαθύτατα
930 4837 1023 4890 καὶ
1048 4837 1118 4890 τὰ
1144 4831 1432 4889 κατώτατα
1459 4831 1645 4887 καὶτὰ
1673 4832 1891 4901 ἔσχατα,

308 4931 383 4992 ὡς
409 4928 475 4983 ἂν
504 4928 650 4981 εἴποι
677 4945 780 4991 τις,
804 4926 911 4980 τῶν
941 4927 1057 4980 ἐκεῖ
1084 4924 1317 4996 χωρίων.
1351 4923 1655 4994 Παρίστησι
1680 4921 1735 4974 δὲ
1764 4920 1888 4975 τοῦ-

307 5038 368 5074 το
398 5020 494 5074 καὶ
520 5019 688 5083 αὐτὸς
731 5021 789 5072 ὲν
838 5020 948 5081 τοῖς
980 5015 1331 5085 Εὖαγγελίοις
1368 5015 1609 5084 φάσκων·
1656 5013 1755 5066 Δεῖ
1777 5012 1886 5065 τόν

316 5113 455 5168 Υίὸν
482 5114 588 5167 τοῦ
614 5110 927 5181 ἀνθρώπου
945 5109 1191 5178 ποιῆσαι
1216 5109 1286 5162 ἐν
1308 5106 1385 5176 τῇ
1399 5107 1610 5175 καρδίᾳ
1636 5106 1747 5174 τῆς
1772 5105 1883 5176 γῆς

307 5204 465 5273 τρεῖς
500 5202 724 5273 ἡμέρας
766 5203 865 5257 καὶ
901 5201 1059 5270 τρεῖς
1099 5202 1344 5266 νύκτας.
1392 5199 1536 5252 ’Δντὶ
1567 5197 1623 5251 δὲ
1661 5197 1779 5262 τοῦ,
1810 5199 1881 5251 ἐν

1996 4556 2147 4609 luisti
2175 4572 2278 4618 me,
2306 4553 2612 4609 ediderunt.
2654 4550 2820 4619 Queis
2851 4551 3094 4607 declarat
3142 4567 3200 4607 se
3233 4567 3299 4608 ex
3340 4559 3475 4606 nutu
3508 4561 3563 4607 et

1992 4648 2271 4701 voluntate
2313 4643 2515 4708 Patris,
2562 4658 2672 4699 non
2722 4644 2884 4698 modo
2932 4642 2990 4697 in
3024 4652 3301 4707 mortem,
3362 4642 3435 4711 in_
3479 4642 3563 4696 in-

1994 4726 2205 4793 fernum
2266 4745 2322 4793 et
2384 4737 2440 4791 in
2515 4743 2870 4791 memoratum
2922 4735 3097 4788 lacum
3169 4734 3559 4799 descendisse;

1992 4829 2085 4883 sed
2129 4829 2293 4883 etiam
2324 4827 2379 4882 in
2418 4825 2873 4896 profundissima,
2908 4823 3094 4877 intima
3119 4831 3172 4876 et
3201 4830 3471 4883 extrema,
3498 4830 3560 4876 ut

1989 4920 2066 4973 ita
2098 4919 2384 4983 dicam,ibi
2410 4918 2586 4989 posita
2621 4919 2762 4972 loca.
2790 4914 3139 4985 ldipsumque
3168 4915 3222 4969 in
3248 4914 3559 4986 Evangeliis

1991 5015 2179 5063 narrat
2212 5008 2300 5064 his
2325 5008 2506 5062 verbis
2533 5026 2546 5062 :
2581 5006 2796 5077 Oportet
2828 5004 3031 5060 Filium
3079 5004 3303 5059 hominis
3349 5021 3561 5059 manere

1982 5100 2045 5154 in
2079 5098 2234 5154 corde
2278 5108 2430 5154 terra
2475 5098 2645 5153 tribus
2678 5098 2857 5153 diebus
2903 5105 2953 5152 et
3006 5095 3174 5151 tribus
3219 5095 3456 5150 noctibus
3485 5096 3556 5153 “.

1988 5191 2096 5246 Pro
2132 5192 2225 5246 illo
2254 5200 2460 5258 autem,
2492 5192 2546 5245 in
2594 5190 2876 5245 tenebrosis
2909 5197 2958 5244 et
3004 5189 3060 5242 in
3105 5187 3296 5241 umbra
3345 5188 3554 5249 mortis,

306 5294 662 5361 σκοτεινοῖς,
698 5294 798 5349 καὶ
829 5294 899 5347 ἐν
926 5291 1070 5360 σκιᾷ
1106 5289 1383 5354 θανάτου,
1432 5291 1461 5342 6
1523 5288 1773 5352 Ἀκύλας,
1814 5289 1886 5341 ἐν

2007 5285 2179 5355 lquila
2208 5283 2287 5340 sic
2311 5284 2495 5348 habet,
2522 5282 2577 5336 in
2601 5282 2884 5337 tenebrosis
2904 5291 2955 5336 et
2982 5281 3038 5334 in
3066 5278 3343 5349 profundis
3364 5293 3384 5342 ;
3404 5276 3557 5348 Sym-

304 5386 658 5453 σκοτεινοῖς,
717 5386 870 5455 φησὶ,
924 5384 1024 5439 καὶ
1065 5384 1134 5439 ἐν
1159 5382 1390 5448 βυθοῖς·
1421 5383 1450 5435 6
1483 5380 1538 5433 δὲ
1567 5376 1881 5451 Σύμμαχος,

304 5479 374 5534 ἐν
392 5479 722 5546 σκοτεινοῖς
751 5475 1223 5545 ἐσκεπασμένον·
1255 5476 1288 5546 ἡ
1317 5473 1373 5527 δὲ
1401 5471 1622 5543 πέμπτη
1651 5470 1879 5535 ἐκδοσις,

305 5567 377 5621 ἐν
399 5567 754 5636 σκοτεινοῖς,
792 5569 862 5623 ἐν
892 5566 1262 5631 καταδύτοις.
1308 5562 1477 5616 Τοῦτο
1499 5560 1555 5616 δέ
1589 5579 1677 5632 μοι
1706 5578 1881 5633 παρα-

1984 5374 2213 5430 machus
2239 5389 2390 5440 vero,
2416 5374 2471 5426 iu
2505 5372 2787 5426 tenebrosis
2820 5370 3115 5433 obtectum;
3145 5368 3335 5438 quinta
3361 5367 3552 5430 editio,

1981 5467 2039 5520 in
2066 5466 2371 5528 tenebrosis,
2413 5466 2468 5519 in
2511 5462 2772 5519 latibulis.
2804 5461 2920 5516 lloc
2948 5469 3130 5516 autem
3170 5457 3483 5515 necessario
3518 5473 3554 5514 ιι

1983 5573 2071 5614 me
2098 5561 2446 5615 observatam
2489 5563 2595 5622 est,
2643 5571 2713 5612 ne
2741 5555 2866 5627 quis
2916 5553 3226 5625 suspicetur
3273 5551 3450 5623 ipsum
3488 5551 3550 5608 in

379 5723 426 5755 "
461 5719 481 5776 Ι
514 5721 640 5784 Cor.
673 5738 764 5789 xv,
796 5722 867 5789 3,
901 5722 956 5783 4.
1032 5722 1078 5755 ’³
1117 5719 1219 5778 lsa.
1256 5735 1387 5787 un,
1418 5720 1472 5775 8.
1548 5719 1596 5752 ’ί
1637 5717 1824 5773 Matth.
1866 5733 1937 5772 sn
1960 5757 1973 5780 ,
2009 5716 2099 5772 40.
