4066 6398
512 284 649 342 {059

1212 285 1478 344 EUSEBU
1515 288 1990 346 CJESARIENSIS
2009 290 2158 349 οη.
2203 293 2389 353 usus
2411 295 2496 353 III.
2538 328 2591 338 —
2630 298 3036 356 EXEGETICA.

3602 307 3745 366 1060

506 411 683 458 morte
715 416 820 455 non
854 400 1045 465 fuisse,
1076 404 1210 472 quia
1240 420 1270 458 a
1306 404 1443 459 LXX
1495 405 1890 477 lnterpretibus
1935 410 2058 464 ilici-

2169 414 2462 485 τετήρηται
2494 416 2941 483 αναγκαέως,ὡς
2968 419 3039 473 ἂν
3064 421 3137 492 μή
3179 438 3260 485 τις
3308 421 3552 496 ὑπολάϐῃ
3586 426 3662 496 μὴ
3697 431 3758 482 ἐν

503 498 612 555 tur,
657 494 712 546 in
759 492 1045 547 tenebrosis
1092 495 1228 548 etin
1276 497 1467 549 umbra
1498 499 1705 551 mortis.
1748 496 1883 553 Nam
1923 515 2075 554 com-

502 592 847 639 monstratur
877 601 1002 640 enin
1038 587 1092 640 in
1126 588 1454 654 tenebrosis,
1479 589 1766 661 profundis
1792 599 1847 646 et
1875 592 2074 647 latibu-

501 676 572 730 lis
598 677 774 747 ipsius
807 679 1000 733 mortis
1034 676 1205 735 fuisse
1228 683 1613 751 :qiiamohrem
1645 698 1820 753 neque
1847 683 2075 739 Hebrai-

499 780 626 823 cum
674 768 973 837 exemplar,
1004 784 1180 840 neque
1221 772 1417 842 reliqui
1457 773 1800 843 interpretes,
1830 774 2073 828 umbram

499 858 687 911 mortis
730 858 1073 928 interpretati
1125 871 1272 917 sunt.
1323 862 1458 917 Nam
1511 872 1833 934 praesentem
1879 866 2069 931 vitam,

501 949 752 1003 umbram
787 951 981 1005 mortis
1020 953 1343 1025 plerumque
1379 971 1577 1010 vocare
1611 954 1893 1025 Scriptura
1938 970 2072 1011 eon-

498 1041 698 1096 snevit.
726 1040 828 1095 Hic
844 1058 972 1097 vero
1006 1043 1278 1112 Salvator,
1297 1049 1353 1101 in
1377 1047 1495 1117 ipsa
1520 1055 1693 1101 morte
1714 1046 2068 1112 constitutus,

497 1138 669 1186 totam
703 1136 1067 1189 oeconomiam
1118 1151 1274 1191 suam
1323 1137 1606 1194 describit.
1635 1168 1705 1179 -—
1736 1136 1901 1193 Vsus.
1929 1138 1985 1203 8,
2012 1137 2066 1193 9.

498 1224 667 1293 Super
688 1243 768 1280 me
784 1229 1133 1297 conﬁrmatus
1154 1242 1231 1285 est
1261 1231 1414 1300 furor
1439 1241 1582 1296 tuus,
1603 1241 1653 1287 et
1671 1248 1849 1287 omnes
1879 1233 2070 1300 ﬂuctus

497 1323 617 1369 tuos
657 1317 916 1372 induxisti
953 1335 1107 1386 super
1133 1337 1234 1375 me.
1284 1320 1620 1391 Diapsalma.
1665 1321 1841 1392 Longe
1899 1321 2071 1391 fecisti

496 1414 649 1460 notos
684 1425 824 1462 meos
858 1425 889 1462 a
927 1426 1028 1472 me,
1046 1420 1332 1478 posuerunt
1365 1429 1447 1467 me
1481 1412 1922 1467 abominationem
1945 1413 2065 1469 sibi.

498 1495 752 1552 Traditus
785 1515 924 1564 sum,
961 1509 1014 1572 et
1035 1517 1139 1555 non
1165 1502 1487 1572 egrediebar.
1522 1503 1789 1570 Quoniam
1817 1506 2069 1563 Christus

495 1602 597 1657 pro
624 1588 785 1644 nobis
807 1567 1057 1647 mortalis
1079 1567 1505 1655 est,secunilum
1528 1567 1869 1664 Apostolum,
1893 1597 2069 1655 factus

494 1692 597 1747 pro
648 1680 806 1734 nobis
853 1681 1231 1748 maledictum;
1261 1682 1382 1737 ideo
1432 1692 1712 1751 scribitur,
1751 1684 2069 1742 Haledictus

2176 504 2388 575 θανάτῳ
2414 506 2576 559 αὑτὸν
2619 509 2927 577 γεγονέναι..
2951 509 3041 567 διὰ
3071 512 3147 565 τὸ.
3174 511 3426 582 λέγεσθαι
3456 514 3609 587 παρά
3641 519 3755 582 τοῖς

2188 596 2613 668 Ἐϐδομήκοντα,
2644 599 2716 651 ἐν
2738 601 3181 667 σκοτεινοῖςκαὶ
3202 604 3273 657 ἐκ
3293 603 3442 671 σκιᾷ
3465 607 3748 669 θανάτου.

2173 686 2449 740 Δέδεικται
2492 689 2620 759 γὰρ,
2653 689 2735 742 ὅτι
2761 691 2820 742 ἐν
2857 691 3261 762 ἐσκοτισμένοις
3299 693 3399 747 καὶ.
3441 694 3627 765 Mc
3656 698 3752 753 καὶ

2175 775 2491 841 καταδύτοις
2510 778 2675 831 αὐτοῦ
2709 778 2803 832 τοῦ
2833 779 3061 834 θανάτου
3083 781 3292 850 γέγονε·
3331 783 3521 855 διόπερ
3545 786 3671 841 οὔτε
3689 789 3757 845 τὸ

2183 864 2488 936 Ἑϐραῖκδν,
2536 865 2658 919 οὔτε
2685 870 2733 920 oi
2763 868 2937 922 λοιποὶ
2968 871 3319 941 ἐρμηνιυταὶ,
3362 874 3545 928 σκιὰν
3568 878 3751 931 θανά-

2170 971 2298 1023 του,
2340 956 2707 1028 ἡρμήνευσαν.
2739 959 2841 1012 Τὸν
2865 960 2974 1031 γάρ
3003 962 3244 1032 παρόντα
3271 962 3385 1032 βίον
3416 965 3511 1017 καὶ
3537 965 3636 1037 τὴν
3662 970 3748 1023 ἐν·

2169 1046 2415 1100 εστῶσαν
2443 1046 2609 1118 ζωὴν,
2639 1049 2893 1114 πολλάκις
2930 1053 2959 1104 6
2991 1051 3145 1120 λόγος
3173 1053 3327 1106 σκιὰν
3359 1053 3589 1110 Θανάτου
3622 1059 3747 1113 εἵω-

2172 1135 2264 1191 θεν
2306 1139 2618 1194 ἀποκαλεῖν.
2680 1141 2942 1196 Ἐνταῦθα
2982 1143 3039 1195 δὲ
3070 1146 3099 1197 6
3126 1145 3335 1216 Σωτὴρ,
3377 1147 3434 1200 ἐν
3477 1150 3625 1222 αὐτῷ
3661 1151 3749 1222 τῷ

2167 1226 2383 1299 θανάτῳ
2407 1229 2662 1298 γεγονὼς,
2691 1233 2869 1285 πᾶσαν
2891 1232 3056 1287 αὐτοῦ
3082 1234 3179 1307 τὴν
3197 1237 3503 1308 οἰκονομίαν
3526 1240 3740 1315 διαγρά-

2171 1336 2280 1389 φει.
2328 1322 2452 1375 Ἐπ’
2481 1322 2586 1392 ἐμὲ
2608 1322 2934 1394 ἐστηρίχθη
2959 1329 2992 1380 ό
3020 1327 3202 1395 θυμός
3225 1341 3361 1392 σου,
3389 1331 3486 1383 καὶ
3514 1332 3742 1404 πάντας

2169 1410 2312 1477 τοὺς
2335 1414 2935 1483 ’μετεωρισμούςπσου
2977 1415 3273 1486 ἐπήγαγες
3316 1419 3409 1472 ἐπ’
3455 1421 3581 1491 ἐμέ.
3623 1423 3745 1479 Διά-

2168 1505 2395 1572 ψαλμα.
2435 1504 2796 1574 Ἐμάκρυνας
2814 1507 2954 1574 τοὺς
2972 1512 3277 1579 γνωστούς
3302 1530 3423 1580 μου
3444 1515 3546 1568 ἀπ’
3573 1517 3741 1586 ἐμοῦ,

2167 1596 2372 1649 ἕθεν-τό
2389 1615 2466 1666 με
2497 1598 2812 1669 ,ϐδέλυγμα
2839 1600 3089 1668 ἑαυτοῖς.
3120 1604 3479 1673 Παρεὸόθην.
3515 1609 3610 1662 καὶ
3632 1612 3743 1663 οὐκ

2167 1684 2629 1758 ὲξεπορευόμην.
2663 1690 2879 1763 Ἐπειδὴ
2897 1692 3128 1763 Χριστὸς
3150 1694 3288 1766 ὑπὲρ
3307 1696 3461 1767 ἡμῶν
3482 1699 3737 1765 ἀπέθανε,

492 1771 665 1825 omnis
686 1771 781 1842 qui
812 1771 999 1841 pendet
1022 1773 1080 1826 in
1104 1773 1248 1843 ligno
1272 1774 1320 1805 "
1351 1792 1366 1828 :
1393 1782 1448 1828 et
1482 1775 1610 1845 quia
1643 1791 1789 1840 eum,
1817 1778 1911 1847 qui
1940 1794 2058 1851 βοοκ

2164 1778 2305 1832 κατά
2332 1779 2422 1832 τὸν
2466 1780 2803 1846 ’Δπόστολον,
2833 1783 3120 1854 γενόμενος
3157 1786 3296 1858 ὑπὲρ
3321 1788 3479 1859 ήμῶν
3503 1790 3735 1863 κατάραι

490 1872 674 1917 catum
710 1878 822 1919 non
858 1871 1105 1928 noverat,
1137 1864 1280 1921 Deus
1307 1881 1406 1936 pro
1434 1867 1593 1923 nobis
1621 1877 1905 1938 peccatum
1928 1870 2059 1926 elle-

491 1952 590 2017 cit,
638 1951 943 2007 secundum
981 1955 1233 2009 eumdem
1262 1954 1584 2025 Apostoluin
1607 1958 1674 2022 “,
1713 1956 1839 2027 jure
1874 1959 2059 2015 immi-

491 2050 714 2099 nentem
746 2045 929 2111 nobis,
961 2050 1052 2119 qui
1087 2062 1261 2117 nuper
1300 2046 1453 2118 impii
1479 2056 1535 2103 et
1580 2056 1899 2119 peccatores
1930 2067 2057 2106 era-

492 2151 638 2201 mus,
672 2136 819 2191 irain.
839 2136 961 2203 Dei,
990 2146 1045 2194 et
1071 2138 1314 2194 furorem
1337 2140 1458 2209 ejus
1492 2140 1787 2197 instantem
1815 2144 1974 2200 nobis
2003 2145 2060 2199 in

491 2245 555 2286 se
586 2231 930 2300 pertrahens,
951 2240 1115 2303 atque
1139 2232 1212 2286 ob
1239 2232 1347 2286 vim
1377 2233 1463 2287 sui
1487 2248 1615 2305 erga
1646 2233 1894 2292 homines
1911 2250 2063 2291 amo-

492 2322 593 2385 ris,
633 2322 957 2392 s‘ipplicium
983 2328 1039 2378 et
1066 2322 1396 2378 destinatam
1427 2324 1586 2380 nobis
1627 2325 1889 2381 ultionem
1926 2326 1979 2381 in
2002 2343 2062 2383 se

492 2412 818 2481 suscipiens,
861 2414 959 2467 has
987 2412 1293 2483 proferebat
1314 2428 1478 2469 voces
1503 2433 1518 2478 ;
1540 2421 1730 2485 utpote
1768 2416 1861 2487 qui
1885 2416 2063 2473 factus

489 2509 640 2557 esset
668 2504 853 2573 Agnus
881 2501 976 2558 Dei
1004 2503 1100 2575 qui
1132 2502 1275 2557 tollit
1310 2512 1599 2571 peccatum
1636 2505 1847 2559 mundi.
1883 2504 2063 2571 Quare

495 2590 609 2645 haec
654 2591 723 2647 tle
750 2592 844 2647 illo
872 2590 1138 2663 propheta
1171 2590 1413 2661 loquitur
1443 2609 1457 2647 :
1496 2593 1600 2646 Hic
1625 2603 1839 2661 peccata
1881 2604 2063 2650 nostra

487 2690 690 2752 portat,
716 2692 768 2737 et
792 2696 891 2754 pro
910 2681 1061 2737 nobis
1093 2683 1362 2737 cruciatur
1391 2697 1411 2736 :
1441 2684 1554 2753 ejus
1579 2684 1737 2739 vibice
1766 2701 1860 2739 nos
1888 2687 2064 2740 sanati

488 2789 695 2839 sumus,
729 2783 779 2828 et
811 2772 1071 2828 Dominus
1105 2774 1329 2828 tradidit
1360 2791 1479 2829 eum
1504 2777 1732 2845 peccatis
1767 2778 1963 2832 nostris
1994 2778 2060 2829 ³⁷.

488 2861 619 2919 Hinc
644 2863 902 2939 igiturnet
930 2864 1049 2937 ipse
1076 2864 1317 2921 declarat
1346 2866 1401 2921 in
1429 2867 1658 2937 psalmo,
1690 2848 1878 2924 dicens
1913 2883 1928 2922 :
1959 2866 2064 2922 Su-

487 2973 587 3028 per.
624 2973 717 3013 me.
748 2960 1092 3029 confirmatus
1112 2973 1189 3015 est
1219 2960 1369 3031 furor
1395 2973 1537 3023 tuus,
1570 2972 1618 3016 et
1653 2975 1831 3017 omnes
1870 2959 2062 3028 fluctus

488 3048 928 3107 tuos-induisti
968 3067 1124 3120 super
1149 3070 1248 3106 me.
1280 3051 1387 3107 Pro
1413 3068 1523 3123 quo
1572 3051 1933 3125 Symmachus
1962 3058 2059 3115 all.

2158 1868 2224 1922 δι’
2252 1868 2281 1922 ὃ
2303 1869 2627 1941 γέγραπται·
2673 1873 3132 1942 Ἐπικατάρατος
3166 1875 3282 1944 πᾶς
3313 1881 3347 1932 ό
3373 1879 3739 1950 κρεμάμενος

2157 1951 2257 2007 ἐπί
2300 1956 2513 2020 ξύλου,
2563 1956 2659 2009 καὶ
2706 1958 2891 2028 ἐπειδὴ
2943 1958 3035 2013 τὸν
3073 1960 3147 2031 μὴ
3177 1961 3373 2030 γνόντα
3411 1965 3681 2037 ἁμαρτίαν
3707 1968 3737 2018 6

2158 2044 2291 2109 Θεὸς
2318 2046 2457 2118 ὑπὲρ
2487 2048 2644 2121 ήμῶν
2680 2050 2953 2121 ἁμαρτίαν
2980 2051 3229 2123 ἐποίησε,
3262 2052 3402 2107 κατά
3426 2053 3518 2108 τὸν
3549 2054 3732 2117 αὐτὸν,

2159 2135 2383 2201 εἰκότως
2409 2136 2504 2208 τὴν
2531 2141 2661 2210 ἡμῖν
2688 2143 2802 2204 τοῖς
2827 2142 3087 2214 πρότερον
3111 2143 3330 2197 ἀσεϐέσι
3357 2144 3452 2198 καὶ
3476 2145 3735 2216 ἀμαρτω-

2160 2226 2270 2292 λοῖς
2303 2228 2655 2301 ἐπικειμένην
2682 2230 2851 2304 όργὴν
2880 2232 2974 2287 τοῦ
3002 2235 3158 2297 Θεου,
3192 2235 3284 2287 καὶ
3321 2235 3412 2288 τὸν
3439 2235 3609 2307 θυμὸν
3635 2237 3734 2291 αύ-

2159 2319 2254 2374 τοῦ
2300 2321 2391 2375 τὸν
2431 2322 2549 2375 καθ’
2595 2323 2750 2394 ήμῶν
2794 2326 2874 2387 είς
2918 2325 3108 2379 ἑαυτὸν
3156 2326 3617 2397 ἐπισπασάμενος,
3664 2327 3731 2382 δι’

2162 2411 2601 2482 ὑπερϐάλλουσάν
2641 2430 2702 2467 τε
2736 2415 3140 2486 φιλανθρωπίαν
3189 2415 3581 2486 ἀναδεξάμενος
3633 2417 3734 2489 τὴν

2160 2505 2298 2576 ὺπέρ
2329 2505 2484 2577 ήμῶν
2512 2506 2779 2579 τιμωρίαν
2808 2523 2869 2560 τε
2911 2507 3004 2560 καὶ
3033 2507 3276 2575 κόλασιν,
3305 2506 3404 2571 τάς
3438 2509 3733 2580 προκειμέ-

2160 2613 2260 2660 νας
2289 2596 2617 2669 προφέρεται
2642 2598 2842 2667 φωνάς·
2870 2598 2966 2652 ἅτε
2996 2596 3060 2669 δὴ
3093 2597 3380 2668 γενόμενος
3419 2599 3611 2669 Ἀμνὸς
3635 2598 3732 2653 τοῦ

2161 2686 2296 2741 Θεοῦ
2327 2689 2357 2741 6
2385 2688 2554 2760 αἴρων
2580 2687 2678 2760 τὴν
2706 2689 2975 2761 ἁμαρτίαν
3006 2687 3101 2743 τοῦ
3131 2689 3355 2761 κόσμου.
3393 2691 3484 2744 Διὸ
3517 2708 3678 2764 φησιν
3706 2695 3735 2745 6

2163 2768 2444 2851 προφήτης
2492 2779 2619 2851 περὶ
2661 2779 2843 2833 αὐτοῦ·
2875 2775 3063 2848 Οὗτος
3109 2769 3215 2848 τὰς
3250 2780 3539 2852 ἁμαρτίας
3567 2783 3735 2852 ἡμῶν

2161 2867 2342 2938 φέρει,
2370 2870 2467 2924 καὶ
2492 2869 2627 2939 περὶ
2652 2869 2822 2940 ἡμῶν
2842 2870 3143 2928 ὁδυνᾶταν
3178 2870 3256 2938 τῷ
3280 2871 3523 2941 μώλωπι
3548 2872 3736 2928 αὐτοῦ

2161 2960 2332 3030 ἡμεῖς
2359 2960 2625 3031 ιάθημεν,
2659 2961 2760 3015 καὶ
2785 2963 2999 3031 Κύριος
3028 2963 3368 3032 παρέδωκεν
3393 2963 3580 3018 αὐτὸν
3607 2964 3736 3031 ταῖς

2164 3052 2472 3121 ἁμαρτίαις
2501 3053 2687 3123 ἡμῶν.
2724 3052 2893 3106 Τοῦτο
2920 3054 3097 3108 τοίνυν
3135 3056 3227 3108 καὶ
3250 3055 3413 3119 αὐτὸς
3439 3056 3736 3127 παρίστησι

476 3138 762 3210 78mins
789 3118 1105 3213 aggravatus
1135 3153 1211 3196 est
1242 3143 1393 3211 [uror
1414 3118 1557 3209 tuus,
1581 3118 1631 3198 et
1656 3145 1899 3212 procellis
1926 3146 2058 3216 ami-

2163 3118 2253 3202 διά
2280 3118 2383 3199 τοῦ
2419 3118 2635 3218 ψαλμοῦ
2664 3142 2906 3216 φάσκων*
2966 3144 3091 3201 Ἐπ’
3129 3144 3231 3217 ἐμὲ
3264 3118 3674 3220 ἐπεστηρίχϋη-
3702 3156 3734 3205 ό

485 3245 648 3290 ctam
690 3251 791 3291 me.
824 3236 957 3290 Nam
1013 3253 1114 3292 ceu
1170 3237 1389 3308 quidam
1438 3239 1851 3293 amantissimus
1885 3246 2055 3307 pater,

486 3327 834 3397 tempestatis
862 3337 956 3382 aut
987 3329 1112 3383 belli
1143 3337 1386 3398 tempore
1412 3328 1682 3400 genuinos
1713 3328 1850 3383 lllios
1874 3338 2057 3397 prote-

488 3433 647 3489 gens,
680 3417 806 3474 illos
836 3419 1059 3488 quidem
1099 3418 1415 3481 occultavit,
1444 3420 1500 3472 in
1524 3419 1667 3473 ulnis
1693 3417 1950 3489 obtegens
1974 3424 2060 3470 at-

485 3524 595 3581 que
618 3510 671 3563 in
697 3518 813 3564 tuto
839 3524 1224 3580 ponens;sese
1259 3525 1390 3566 vero
1422 3510 1678 3580 procellis
1712 3526 1777 3566 ac
1803 3511 1930 3567 telis
1957 3526 2057 3581 pro

482 3600 743 3654 omnibus
769 3599 991 3668 objecit,
1025 3607 1257 3654 mortem
1283 3615 1441 3655 suam
1469 3615 1568 3671 pro
1606 3601 1845 3655 Iilioruin
1875 3602 2054 3656 salute

487 3691 546 3745 in
576 3692 1059 3746 commutationem
1092 3690 1337 3756 tradens,
1371 3702 1425 3746 et
1453 3693 1590 3746 iram
1621 3692 1730 3747 illis
1768 3692 2055 3747 imminen-

488 3790 596 3833 tem
637 3779 705 3832 ad
757 3795 817 3835 se
862 3785 1211 3834 convertens.
1237 3779 1599 3845 Quamobrem
1625 3781 1716 3849 qui
1749 3780 2055 3836 benedictio

486 3868 583 3926 Dei
636 3880 776 3935 erat,
815 3870 994 3927 factus
1027 3879 1111 3926 est
1145 3870 1536 3940 maledictum;
1586 3879 1642 3927 et
1692 3873 1785 3943 qui
1838 3872 2053 3942 justitia

483 3967 625 4025 erat,
658 3960 834 4017 factus
859 3968 944 4017 est
991 3969 1273 4032 peccatum
1314 3960 1712 4032 :.l‘uroremque
1738 3961 1837 4017 Dei
1862 3970 2053 4017 contra

483 4053 735 4109 homines
766 4062 1118 4125 aggravatum
1145 4053 1213 4108 ad
1247 4070 1307 4109 se
1342 4053 1690 4124 pertrabeus,
1724 4055 1904 4124 ipsum
1932 4055 2053 4125 qui-

486 4148 609 4203 dem
643 4148 739 4204 abs
759 4165 817 4203 se
840 4151 1077 4218 repulit;
1111 4149 1184 4203 ita
1220 4155 1278 4201 ut
1309 4162 1484 4218 neque
1509 4163 1568 4202 se
1603 4164 1778 4217 neque
1805 4148 1941 4202 alios
1969 4148 2053 4202 vel

486 4239 772 4293 minimum
815 4240 1069 4306 laederet;
1116 4240 1266 4293 illum
1302 4254 1431 4293 vero
1454 4247 1639 4307 utpote
1681 4237 1919 4301 Patrem,
1955 4238 2052 4293 lio-

484 4330 694 4385 miiium
721 4333 902 4400 generi
931 4332 1206 4400 placatum
1259 4329 1523 4384 reddidit.
1556 4329 1840 4395 Quomodo
1871 4335 2050 4381 autem

483 4436 677 4477 omnes
709 4421 966 4490 discipuli
998 4421 1116 4490 ejus
1149 4432 1389 4492 tempore
1444 4419 1715 4490 passionis
1745 4418 1921 4488 ipsum
1951 4416 2049 4472 de—

481 4510 791 4577 seruerint;
828 4512 918 4564 alii
961 4517 1142 4565 autem
1175 4512 1513 4583 negaverint,
1541 4525 1648 4563 non
1683 4517 1767 4564 est
1791 4507 1937 4577 quod
1963 4523 2049 4563 re-

483 4602 744 4665 feramus,
805 4601 1025 4672 quando
1082 4610 1316 4671 quatuor
1353 4600 1697 4671 evangelista“.
1757 4597 1917 4653 simul
1967 4595 2050 4650 id-

482 4693 661 4764 ipsuin
712 4710 812 4748 nos
855 4693 1108 4746 edocent.
1152 4690 1276 4745 Haec
1308 4691 1475 4761 igitur
1519 4692 1608 4744 ille
1653 4688 2047 4759 praenuntians,

482 4784 572 4839 his
601 4787 828 4839 vocibus
856 4784 1206 4844 vaticinatur,
1237 4797 1376 4852 quas
1408 4779 1768 4851 Symmachus
1823 4779 1921 4833 hac
1958 4793 2047 4831 ra-

481 4882 633 4929 tione
681 4875 1067 4944 interpretatus
1094 4882 1198 4938 est,
1222 4872 1396 4942 Longe
1426 4872 1598 4941 lect'stt'
1638 4879 1785 4924 notos
1818 4886 1958 4923 meos
2012 4887 2046 4923 a

480 4982 565 5023 me
599 4967 868 5035 :posuisti
901 4982 978 5019 me
1025 4964 1425 5020 abominabilem
1460 4966 1612 5033 ipsis,
1642 4961 1959 5017 custoditum
1994 4972 2044 5015 et

480 5072 584 5113 non
611 5056 1044 5125 progredientem.
1081 5053 1236 5108 Tunc
1268 5054 1449 5124 itaque
1474 5055 1650 5123 ipsum
1679 5053 1929 5122 discipuli
1955 5054 2045 5106 ab-

481 5155 771 5218 negarunt,
805 5162 929 5199 cum
980 5146 1037 5199 in
1094 5145 1257 5200 domo
1284 5145 1503 5213 Caiphae
1541 5144 1740 5200 summi
1775 5142 2043 5211 pontiﬁcis

480 5239 538 5294 in
586 5237 836 5293 custodia
885 5237 1240 5291 detineretur.
1274 5266 1345 5277 —
1379 5236 1547 5291 Vsus.
1589 5236 1680 5290 10.
1740 5232 1896 5288 Oculi
1945 5235 2047 5287 mei

479 5332 793 5403 languerunt
824 5346 935 5400 prie
968 5331 1164 5399 inopia.
1200 5329 1439 5385 Clamaui
1460 5328 1528 5383 ad
1560 5337 1627 5389 te,
1658 5327 1899 5390 Domine,
1931 5336 2043 5381 tota

479 5422 583 5487 die,
609 5422 835 5492 expendi
864 5421 932 5474 ad
969 5430 1016 5475 te
1064 5438 1250 5475 manus
1301 5437 1462 5475 ineas.
1517 5418 1639 5474 Haec
1674 5420 1798 5474 item
1839 5419 2042 5473 clarius

480 5511 841 5583 Symmachus
868 5513 1037 5568 edidit
1080 5514 1163 5569 his
1188 5514 1367 5569 verbis
1402 5533 1413 5567 :
1443 5513 1639 5567 Oculus
1674 5527 1816 5566 meus
1843 5511 2041 5583 eﬁluxit

549 5670 594 5700 "
634 5667 790 5724 Deut.
827 5686 948 5732 ni,
983 5669 1089 5735 23;
1133 5667 1248 5722 Gal.
1289 5685 1379 5738 iii,
1423 5670 1503 5722 l5.

1578 5669 1624 5700 ⁹⁶
1667 5667 1704 5722 ll
1739 5669 1862 5724 Cor.
1903 5685 1954 5734 τ,
1987 5665 2079 5721 2|.

2163 3241 2350 3308 θυμός
2379 3254 2516 3303 σου,
2554 3249 2653 3291 και
2701 3236 2930 3302 πάντας
2952 3236 3115 3302 ’τοὺς
3142 3240 3581 3306 μετεῳισμούς
3616 3255 3734 3293 σου

2159 3329 2457 3399 ἐπήγαγες
2480 3330 2572 3383 ἐπ’
2591 3327 2714 3397 ἐμέ.
2732 3327 2871 3380 Ἀνθ’
2901 3319 2962 3379 οὗ
2993 3344 3155 3397 φησιν
3185 3329 3214 3380 6
3238 3326 3551 3398 Σύμμαχος,
3569 3325 3731 3398 Ἐμοὶ

2159 3421 2472 3487 ἐπέϐρισεν
2499 3423 2532 3474 ό
2554 3419 2738 3488 θυμός
2766 3422 2919 3482 ’σου,
2953 3419 3049 3471 καὶ
3076 3417 3204 3484 ταῖς
3229 3418 3567 3487 καταιγίσιν
3592 3418 3732 3474 ἑκά-

2160 3507 2357 3574 κωσάς
2408 3523 2503 3577 με.
2538 3501 2639 3560 Οἷα
2678 3505 2784 3578 γάρ
2809 3522 2891 3569 τις
2923 3505 3269 3576 φιλόστοργος
3306 3505 3489 3577 πατὴρ
3513 3508 3570 3562 ἐν
3614 3507 3734 3581 ὥρᾳ

2160 3598 2477 3671 χειμῶνοςῆ
2504 3595 2760 3667 πολέμου,
2789 3596 3026 3667 γνησίων
3057 3595 3187 3648 υίῶν
3215 3594 3585 3667 προασπίζων,
3607 3600 3731 3664 τοὺς

2162 3691 2262 3762 μὲν
2312 3690 2612 3744 ἐκάλυπτεν
2660 3687 3028 3760 ἀποκρύπτων
3080 3687 3176 3741 καὶ
3226 3688 3442 3741 σκέπων
3482 3690 3586 3743 ὑπὸ
3632 3691 3731 3754 τὰς

2163 3783 2298 3847 ίδίας
2327 3782 2592 3850 ἀγκάλαςο
2624 3781 2814 3835 ἐαυτὸν
2834 3781 2890 3833 δὲ
2912 3780 3031 3833 ἀντὶ
3061 3779 3275 3833 πάντων
3303 3782 3424 3844 ταῖς
3451 3764 3761 3850 καταιγίσι³

2158 3873 2253 3926 καὶ
2296 3873 2408 3935 τοῖς
2453 3871 2628 3942 βέλεσι
2671 3872 2919 3940 παρεῖχε,
2955 3869 3052 3941 τῆς
3079 3869 3187 3924 τῶν
3229 3869 3434 3924 παίδων
3459 3872 3730 3943 σωτηρίας

2156 3963 2247 4017 τὸν
2272 3962 2435 4016 αὐτοῦ
2463 3962 2689 4016 θάνατον
2713 3960 3346 4033 ἀντικαταλλαττόμενος,
3377 3962 3468 4015 καὶ
3494 3962 3585 4016 τὸν
3611 3966 3728 4018 κατ’

2157 4055 2379 4109 ἐκείνων
2421 4054 2591 4126 θυμὸν
2633 4055 2712 4117 είς
2748 4055 2936 4107 ἑαυτὸν
2968 4055 3341 4125 ἀποστρέφων.
3374 4056 3452 4106 Δι’
3485 4054 3514 4108 ὅ
3541 4056 3730 4125 γέγονε

2157 4149 2389 4220 κατάρα,
2434 4149 2467 4219 ἡ
2508 4145 2726 4214 εὐλογία
2764 4145 2856 4198 τοῦ
2905 4144 3038 4198 Θεοῦ
3071 4145 3229 4209 αὐτὸς
3258 4145 3353 4198 ὤν’
3386 4147 3480 4199 καὶ
3507 4147 3728 4216 γέγονεν

2157 4240 2417 4312 ἁμαρτία,
2456 4237 2764 4308 δικαιοσύνη
2797 4237 3098 4307 τυγχάνων,
3140 4237 3233 4288 καὶ
3258 4236 3349 4289 τδν
3377 4238 3495 4290 κατ’
3521 4237 3730 4310 ἀνθρώ·

2156 4347 2272 4382 πων
2317 4326 2674 4400 ἐπιϐρίσαντα
2718 4325 2889 4395 θυμὸν
2930 4324 3022 4377 τοῦ
3069 4323 3203 4377 Θεοῦ
3238 4326 3317 4389 είς
3350 4326 3539 4382 ἑαυτὸν
3572 4345 3729 4401 περι-

2158 4421 2391 4484 σπάσας,
2426 4420 2517 4472 τὸν
2563 4419 2659 4489 μὲν
2698 4416 2756 4481 ἐξ
2788 4416 2980 4469 ἑαυτοῦ
3027 4416 3391 4479 διεσκέδασεν,
3437 4417 3513 4482 ὡς
3563 4420 3729 4491 μηδὲν

2085 4474 2127 4529 D
2157 4512 2279 4584 μήτ’
2307 4474 2487 4573 αῦτὸν,
2517 4474 2641 4580 μήθ’
2668 4474 2884 4579 ἐτέρους
2907 4506 3175 4577 ἀδικῆσαν
3209 4507 3300 4560 τὸν
3322 4506 3366 4560 δ’
3380 4474 3478 4560 ,οἵα
3492 4474 3728 4581 *Πατέρα

2152 4598 2311 4650 ἵλεων
2340 4595 2417 4665 τῷ
2448 4595 2556 4647 τῶν
2585 4592 2888 4665 ἀνθρώπων
2931 4595 3300 4665 κατεστήσατο
3338 4594 3494 4662 γένει.
3540 4596 3729 4660 Ὅπως

2151 4688 2208 4742 δὲ
2232 4690 2430 4752 πάντες
2455 4690 2504 4740 οἱ
2535 4687 2771 4758 μαθηταὶ
2795 4685 3243 4742 καταλελοίπασιν
3270 4688 3429 4742 αὑτὸν
3456 4690 3607 4761 παρὰ
3636 4689 3727 4742 τὸν

2150 4782 2339 4852 καιρὸν
2369 4780 2463 4833 τοῦ
2504 4779 2726 4843 πάθους,
2772 4779 2820 4830 oi
2867 4778 2921 4832 δὲ
2972 4780 3067 4833 καὶ
3097 4780 3420 4852 ἠρνήσαντο,
3453 4782 3605 4835 οὐδὲν
3645 4782 3729 4835 δεῖ

2147 4871 2345 4946 λέγειν,
2399 4871 2506 4924 τῶν
2552 4871 2832 4942 τεσσάρων
2873 4869 3272 4939 εύαγγελιστῶν
3317 4871 3619 4943 συμφώνως
3656 4873 3726 4928 τὰ

2145 4963 2286 5017 αύτά
2315 4962 2690 5016 διδασκόντων.
2719 4962 2865 5015 Αὐτὰ
2887 4961 2951 5033 δὴ
2984 4957 3075 5014 οῦν
3101 4961 3273 5016 ταῦτα
3307 4963 3556 5033 προλέγει
3588 4981 3725 5035 προι-

2144 5055 2392 5125 φητεύων
2424 5054 2486 5107 τὸ
2524 5053 2715 5125 μέλλον
2744 5054 2833 5108 διὰ
2863 5054 2972 5105 τῶν
3018 5052 3391 5125 προκειμένων
3420 5053 3634 5123 φωνῶν,
3658 5054 3727 5119 ἃς

2142 5149 2172 5200 6
2203 5147 2496 5218 Σύμμαχος
2526 5145 2715 5199 τοῦτον
2740 5146 3050 5217 ἡρμήνευσε
3083 5146 3174 5199 τὸν
3204 5144 3422 5217 τρόπον·
3476 5146 3725 5213 Μακρὰν

2142 5239 2436 5306 ἐποίησας
2472 5239 2616 5306 τοὺς
2660 5236 2968 5304 γνωστούς
3003 5218 3122 5307 μου
3158 5236 3258 5291 ἀπ’
3292 5236 3458 5305 ἐμοῦ·
3505 5236 3726 5303 ἔταξας

2140 5345 2217 5399 με
2239 5329 2584 5394 βδελυκτὸν
2608 5326 2833 5392 αὐτοῖς,
2861 5327 3306 5397 φρουρούμενον
3340 5327 3439 5381 καὶ
3460 5325 3546 5396 μὴ
3578 5343 3725 5395 προ-

2145 5420 2489 5488 ερχόμενον.
2529 5418 2662 5473 Τότε
2691 5415 2822 5487 γοῦν
2867 5416 3018 5470 ιιύτδν
3057 5416 3153 5471 καὶ
3181 5418 3483 5489 ἠρνήσαντο
3524 5419 3573 5471 οί
3621 5434 3726 5487 μα-

2147 5511 2325 5582 Θηταὶ,
2360 5511 2520 5582 ἡνίκα
2545 5510 2855 5583 ἐφρουρεῖτο
2881 5510 2938 5567 ἐν
2968 5510 3039 5581 τῇ
3070 5508 3215 5583 οίκίξι
3248 5510 3470 5580 Καῖάφα
3501 5507 3593 5563 τοῦ
3619 5509 3725 5582 ἀρ-

2156 5666 2198 5699 ⁹⁷
2241 5664 2342 5721 lsa.
2382 5679 2503 5732 Lm,
2536 5664 2653 5719 3-5.
