4066 6394
378 317 511 374 1³061

1535 316 2030 374 COMMENTARIA
2076 309 2140 373 ΙΝ
2177 309 2517 373 ΡδΑῐιΜΟὲ.

376 437 621 509 χιερέως.
661 440 724 491 οἱ
764 436 1058 507 ὀφθαλμοί
1104 455 1223 507 μου
1261 436 1614 506 ἠσθένησαν
1641 436 1758 492 ἀπὸ
1799 451 1933 491 πτω-

2051 446 2259 507 propter
2291 443 2615 493 vexationem
2658 457 2675 492 :
2711 441 2949 496 invocavi
2976 451 3023 497 te
3045 444 3265 514 singulis
3294 445 3500 507 diebus.
3521 465 3619 503 ea:-

375 532 563 601 κείας.
602 529 925 598 Ἐκέκραεα
974 529 1122 597 πρὸς
1141 529 1237 596 σὲ,
1262 530 1456 597 Κύριε,
1485 530 1637 597 ὅλην
1663 532 1778 598 τὴν
1807 529 1947 598 ὴμέ-

369 636 507 689 ραν,
538 618 859 673 διεκέτασα
884 619 1034 687 πρὸς
1061 619 1135 673 σὲ
1156 620 1264 686 τὰς
1289 620 1492 689 χεὶράς
1512 638 1653 689 μου.
1680 620 1949 688 Σαφέστε-

379 728 469 783 ρον
498 710 792 765 καὶταῦτα
828 713 855 763 6
889 710 1182 781 Σύμμαχος
1226 712 1486 775 ἐξέδωκεν
1526 711 1715 765 εἰπών·
1755 713 1810 764 '0
1844 713 1949 781 όφ-

376 803 599 872 θαλμός
624 818 742 871 μου
772 799 1130 869 ἐξέρῤευσεν
1159 801 1275 856 ἀπὸ
1306 800 1417 868 τῆς
1448 801 1782 867 κακώσεως·
1811 802 1945 855 ἑπε-

373 891 726 962 καλεσάμην
768 906 843 945 σε
874 892 1001 947 καθ’
1029 891 1294 959 ἑκάστην
1337 891 1586 960 ἡμέραν,
1624 891 1947 946 διεπέτασα

373 983 522 1052 πρὸς
554 981 630 1035 σὲ
666 982 772 1047 τὰς
816 980 1016 1050 χεῇοὰς
1041 999 1180 1050 μου.
1234 981 1559 1053 ’Δπεκλᾴετο
1599 981 1707 1053 γὰρ
1737 985 1823 1037 ἀεὶ
1850 984 1948 1048 τὰς

369 1074 478 1127 τῶν
525 1071 824 1146 ἀνθρώπων
878 1072 1270 1142 ταλαιπωρίας,
1323 1073 1414 1126 καὶ
1468 1074 1594 1137 τοὺς
1633 1073 1946 1146 ὀφθαλμοὺς

372 1166 562 1229 ἑαυτοῦ
587 1164 890 1223 κατεπόνει,
918 1164 1144 1234 δάκρυσι
1176 1163 1388 1216 πενθῶν
1412 1162 1510 1235 τήν
1543 1164 1814 1218 ἀπώλειαν
1838 1165 1946 1219 τῶν

375 1256 448 1328 μὴ
482 1254 929 1325 καταδεξαμένων
959 1254 1140 1307 αὐτόν.
1188 1254 1298 1307 Καὶ
1341 1253 1416 1317 ὡς
1447 1254 1546 1326 τὴν
1596 1255 1947 1326 Ἰερουσαλὴμ

370 1346 767 1409 ἀπεκλαύσατο,
801 1345 973 1408 οὕτως
1015 1344 1156 1408 εἰκὸς
1198 1340 1266 1415 ἦν
1298 1345 1394 1398 καὶ¹
1428 1345 1522 1398 τοῦ
1553 1346 1946 1418 προδεδωκότος

369 1437 531 1491 αὐτὸν
560 1435 857 1491 ἀποστόλου
881 1435 979 1506 τὴν
1000 1434 1314 1488 ἀπόπτωσιν
1344 1435 1438 1488 καὶ
1458 1435 1552 1489 τοῦ
1579 1436 1779 1500 παντὸς
1815 1437 1945 1489 ’1ου-

368 1529 534 1583 δαίων
570 1527 756 1591 ἔθνους
800 1527 899 1598 τὴν
943 1525 1243 1597 ἀποϐολὴν,
1292 1526 1386 1580 καὶ
1436 1526 1543 1580 τῶν
1586 1526 1789 1580 λοιπῶν
1835 1525 1945 1580 τῶν

366 1608 749 1691 ἀπολλυμένων
777 1618 869 1673 τὸν
893 1618 1130 1689 ὄλεθρον,
1171 1612 1259 1671 οἷα
1287 1618 1664 1691 φιλάνθρωπον
1693 1619 1788 1672 καὶ
1805 1633 1942 1671 παν-

366 1710 570 1781 αγάθου
593 1710 805 1782 Πατρὸς
847 1710 963 1764 υίδν
996 1709 1463 1764 ἀποκλαύσασθαι·
1496 1708 1564 1762 δι’
1609 1703 1670 1763 οὖ
1718 1711 1812 1763 καὶ
1841 1709 1942 1773 τάς

2048 528 2209 598 pandi
2238 528 2307 582 ad
2335 538 2383 582 te
2404 547 2591 583 manus
2618 546 2781 583 meas.
2812 530 2881 584 At
2902 534 3047 588 enim
3094 550 3308 604 semper
3336 537 3621 592 hominum

2049 620 2301 675 miserias
2331 619 2585 684 deﬂebat,
2620 622 2922 692 oculosque
2951 623 3219 694 afﬂigebat
3245 641 3401 690 suos,
3425 642 3617 682 eorum

2047 709 2140 779 qui
2171 725 2231 764 se
2253 725 2362 764 non
2395 721 2752 782 susceperant
2774 714 3070 783 perniciem
3094 715 3405 785 deplorans.
3440 718 3621 790 Atque

2049 807 2109 854 ut
2152 798 2579 873 Hierosolymam
2611 803 2867 874 lacrymis
2900 806 3360 875 prosequebatur;
3406 809 3482 862 ita
3521 826 3619 878 par

2046 900 2164 947 erat
2191 906 2314 948 eum
2346 900 2531 962 utpote
2560 893 2841 949 hominum
2874 899 3484 968 amantem,optimique
3514 901 3618 954 Pa-

2049 980 2149 1036 tris
2180 981 2370 1047 tilium,
2403 982 2701 1051 proditoris
2731 984 2962 1052 apostoli
2998 998 3209 1052 casum,
3234 988 3401 1042 totius
3423 986 3613 1042 Judai-

2046 1086 2124 1125 cae
2147 1071 2328 1142 gentis
2362 1072 2750 1142 abjectionem,
2782 1088 2847 1128 ac
2873 1074 3209 1145 reliquorum
3239 1078 3331 1147 qui
3365 1080 3617 1148 peribant

2046 1163 2260 1217 ruinam
2291 1163 2524 1220 deﬂere:
2554 1179 2659 1233 qua
2680 1163 2748 1219 de
2774 1179 2939 1221 causa
2969 1182 3163 1222 manus
3186 1170 3525 1245 expandebat
3550 1186 3614 1226 ac

2046 1251 2464 1316 vociferabatur,
2501 1255 2554 1308 in
2590 1255 2928 1312 orationibus
2965 1257 3031 1311 ad
3071 1256 3286 1314 Patrem
3347 1261 3614 1329 clamans,

2044 1344 2340 1415 gemitibus
2366 1346 2827 1402 inenarrabilibus
2846 1349 2991 1418 apud
3007 1347 3224 1404 Patrem
3248 1351 3610 1410 intercedens.

2044 1438 2167 1492 Alio
2193 1437 2319 1492 item
2350 1437 2514 1492 modo
2542 1439 2785 1503 oculum,
2820 1440 2936 1495 sive
2961 1440 3152 1497 oculos
3185 1442 3305 1511 ejus
3335 1443 3616 1500 inﬁrman-

2045 1535 2151 1594 tes,
2174 1530 2491 1601 neutiquam
2522 1531 2745 1588 aberres
2780 1533 2825 1588 si
2855 1533 3010 1589 dicas
3034 1537 3314 1605 apostolos
3335 1552 3458 1592 esse
3484 1555 3498 1603 ;
3539 1540 3614 1593 si-

2042 1621 2261 1693 quidem
2291 1638 2491 1693 corpus
2522 1623 2663 1694 ejus,
2691 1633 2836 1680 totus
2880 1626 3119 1695 populus
3141 1627 3261 1696 ejus
3293 1636 3399 1693 est,
3434 1637 3492 1683 ut
3514 1630 3615 1685 do-

2043 1721 2128 1771 cet
2154 1714 2202 1769 is
2229 1714 2323 1784 qui
2353 1714 2490 1769 dixit
2520 1729 2533 1766 :
2576 1714 2678 1769 Vos
2705 1724 3077 1770 autem-omnes
3110 1733 3298 1788 corpus
3322 1716 3544 1783 Christi,
3562 1729 3614 1775 et

3481 329 3622 386 eoos
3710 404 3714 409 ,

367 1804 554 1873 χεῖρας
586 1801 816 1870 ὲξήπλου
846 1804 938 1856 καὶ
972 1800 1163 1871 ’φωνὰς
1196 1801 1500 1871 ἀνέπεμπε,
1550 1800 1687 1871 βοῶν
1712 1802 1769 1854 ὲν
1823 1802 1933 1863 ταῖς

2044 1803 2277 1857 membra
2304 1818 2369 1857 ea:
2410 1802 2648 1870 parte”;
2684 1817 2880 1859 manus
2911 1811 3088 1859 autem
3120 1820 3271 1870 suas,
3304 1820 3469 1876 opera
3505 1808 3614 1863 sci-

366 1892 505 1964 πρδς
530 1892 622 1945 τὸν
649 1891 865 1962 Πατέρα
903 1893 1255 1964 προσευχαῖς,
1298 1894 1619 1962 στεναγμοῖς
1655 1891 1933 1961 ἀλαλήτοις

2042 1897 2170 1951 licet
2216 1894 2283 1949 ad
2322 1893 2500 1950 Patris
2534 1894 2762 1966 gloriam
2803 1894 2968 1961 edita,
3010 1896 3373 1966 expandebat,
3405 1900 3457 1953 ei
3517 1899 3612 1969 qui

366 1984 846 2055 ὑπερεντυγχάνων
886 1982 965 2053 τῷ
994 1981 1187 2053 Πατρί.
1238 1982 1347 2035 Καὶ
1372 1981 1543 2046 ἄλλως
1568 1982 1626 2035 δὲ
1661 1981 1933 2053 ὀφθαλμὸν

2042 1984 2194 2041 solus
2228 1984 2379 2053 ipsas
2409 1983 2592 2040 videre
2613 1992 2825 2055 poterat
2852 1985 3155 2044 obtendens
3178 2006 3192 2042 :
3215 1988 3324 2044 imo
3357 1989 3519 2045 etiam
3548 1990 3612 2045 in

362 2072 530 2127 αὐτοῦ
554 2074 590 2145 ἢ
638 2073 948 2144 ὀφθαλμοὺς
981 2072 1386 2144 ἀσθενήσαντας
1426 2073 1527 2126 οὐκ
1568 2072 1636 2127 ἂν
1673 2072 1933 2144 ἁμάρτοις

2041 2073 2420 2144 frequentibus
2453 2076 2793 2131 orationibus
2826 2081 2881 2130 et
2916 2077 2971 2130 in
3000 2078 3257 2146 passione
3282 2095 3380 2134 sua
3412 2094 3613 2134 manus

361 2159 503 2217 εἶναι
533 2163 701 2219 εἰπὼν
733 2166 857 2228 τοὺς
888 2164 1237 2229 ἀποστόλους,
1282 2165 1332 2216 εἰ
1360 2164 1425 2235 δὴ
1453 2164 1611 2235 σῶμα
1634 2163 1797 2217 αὐτοῦ
1826 2165 1933 2227 πᾶς

2038 2182 2139 2239 pro
2173 2167 2395 2230 mundo,
2425 2166 2585 2236 cujus
2613 2175 2894 2238 peccatum
2918 2169 3219 2234 auferebat,
3243 2171 3524 2242 expandit,
3549 2175 3611 2223 ut

360 2258 391 2309 6
410 2257 537 2320 λαὸς
561 2257 725 2310 αὐτοῦ
754 2258 1028 2329 τυγχάνει,
1072 2258 1149 2322 ὡς
1179 2258 1413 2325 ἐδίδαξεν
1442 2259 1472 2310 6
1505 2255 1692 2311 εἰπών·
1748 2257 1933 2326 Ὑμεῖς

2039 2257 2255 2313 Patrem
2289 2257 2554 2328 placaret.

359 2349 430 2403 δὲ
465 2350 685 2417 πάντες
722 2350 893 2420 σῶμα
930 2351 1220 2419 Χριστοῦ,
1270 2352 1369 2405 καί
1399 2352 1555 2420 μέλη
1584 2351 1653 2405 ἐκ
1695 2350 1934 2420 μέρους·
1976 2353 2163 2421 χεῖρας
2209 2350 2267 2404 δὲ
2302 2349 2486 2415 αὑτοῦ,
2515 2350 2616 2417 τὰς
2670 2352 2899 2423 πράξεις
2941 2354 3009 2420 ἃς
3072 2355 3290 2426 ἐνήργει
3329 2353 3410 2416 είς
3451 2352 3611 2418 δόξαν

358 2442 453 2496 τοῦ
501 2443 733 2515 Πατρδς,
779 2442 1175 2507 διεπετάννυεν,
1240 2442 1485 2507 ὲξαπλῶν
1517 2443 1685 2507 αὐτὰς
1721 2442 1801 2512 τῷ
1836 2442 1981 2513 μόνῳ
2018 2440 2313 2495 θεάσασθαι
2350 2441 2520 2504 αὑτὰς
2564 2441 2864 2515 δυναμένῳ·
2905 2445 3041 2499 ἀλλά
3086 2447 3179 2500 καὶ
3227 2446 3285 2498 ὲν
3324 2447 3442 2508 ταῖς
3487 2462 3611 2498 συν-

358 2534 539 2607 εχέσιν
557 2535 743 2606 εὐχαῖς
766 2535 823 2590 ἔν
867 2553 926 2589 τε
972 2535 1049 2606 τῷ
1082 2536 1244 2590 πάθει
1269 2536 1369 2601 τὰς
1403 2539 1592 2609 χεῖρας
1616 2537 1934 2591 διεπέτασεν
1973 2536 2115 2608 ὑπὲρ
2139 2534 2234 2588 τοῦ
2257 2534 2487 2606 κόσμου,
2510 2529 2571 2590 οὗ
2598 2537 2846 2609 περιῄρει
2875 2539 2975 2611 τὴν
3028 2539 3322 2612 ἁμαρτίαν,
3351 2539 3442 2594 τὸν
3502 2539 3609 2594 Πα-

230 2694 235 2703 ι
352 2627 492 2698 τέρα
523 2627 893 2699 ἱλασκόμενος.

428 2740 561 2795 Τίνα
588 2740 644 2794 δὲ
671 2736 739 2813 ἧν
764 2741 906 2814 άπερ
934 2741 1032 2806 τάς
1058 2745 1245 2816 χεῖρας
1269 2742 1517 2809 ὲξαπλῶν
1541 2742 1679 2816 πρὸς
1701 2743 1791 2797 τὸν
1821 2744 1933 2798 Πα-

2102 2740 2362 2809 Quaenam
2397 2748 2581 2797 autem
2615 2741 2874 2811 expansis
2906 2740 3162 2797 manibus
3195 2738 3410 2795 Patrem
3444 2755 3607 2812 roga-

354 2828 496 2899 τέρα
543 2828 902 2900 προσηύχετο,
938 2832 1031 2883 καὶ
1060 2832 1179 2884 κατ’
1213 2831 1425 2904 εκείνην
1459 2834 1560 2904 τὴν
1607 2832 1933 2904 δηλουμένην

2033 2833 2192 2898 verit,
2236 2841 2291 2889 et
2333 2847 2579 2904 quamam
2626 2839 2925 2888 memorata
2956 2833 3046 2887 die
3073 2831 3141 2886 ad
3174 2830 3390 2886 Patrem
3441 2847 3602 2888 suum

361 2920 575 2992 ἡμέραν
622 2921 771 2992 αὐτῷ
819 2921 957 2993 πρὸς
1007 2922 1098 2975 τὸν
1145 2923 1363 2995 Πατέρα
1413 2923 1578 2979 αὐτοῦ
1614 2924 1933 2998 βεϐοημένα,

2033 2925 2369 2989 clamaverit,
2393 2925 2512 2996 ipse
2527 2938 2653 2978 mox
2675 2924 2852 2994 aperit
2879 2924 3069 2978 dicens
3102 2920 3376 2979 z—Vsns.
3408 2923 3601 2978 “~13.

362 3010 570 3083 προῖὼν
597 3013 837 3069 διδάσκει
874 3017 933 3068 ὲν
958 3013 1189 3079 τούτοις·
1226 3016 1322 3085 Μὴ
1353 3017 1478 3082 τοῖς
1502 3018 1738 3087 νεκροῖς
1767 3017 1933 3089 ποιή-

2035 3012 2288 3085 Nunquid
2322 3015 2547 3069 mortuis
2568 3013 2728 3081 {acies
2750 3011 3037 3075 mirabilia,
3064 3020 3156 3064 aut
3174 3010 3361 3065 medici
3377 3011 3602 3071 suscita.-

359 3119 495 3170 σεις
517 3104 835 3174 θαυμάσια,
887 3105 926 3174 ἢ
969 3106 1152 3175 ἰατροὶ
1202 3107 1623 3175 ἀναστήσουσι
1664 3107 1763 3162 καὶ
1800 3108 1933 3171 ἐξο-

2035 3101 2183 3165 bunt,
2234 3112 2284 3157 et
2348 3102 2734 3172 conﬁtebuntur
2775 3101 2912 3158 tibi?
2966 3100 3298 3171 Diapsalma.
3346 3100 3600 3172 Nunquid

348 3194 808 3266 μολογήσονταί
832 3212 964 3262 σοι;
992 3198 1324 3269 Mdu-alga.
1348 3198 1445 3267 Μὴ
1461 3199 1817 3270 διηγήσεταί
1844 3218 1934 3267 τις

353 3285 430 3342 ἐν
459 3287 625 3357 τάφῳ
651 3288 719 3342 τὸ
756 3288 931 3357 ἔλεός
970 3303 1087 3345 σου
1124 3290 1225 3344 καὶ
1268 3291 1383 3360 τὴν
1424 3291 1712 3361 ἀλήθειαν
1748 3293 1819 3347 ἐν
1858 3291 1933 3363 τῇ

349 3377 656 3447 daal/tela;
702 3378 797 3449 Μὴ
828 3380 1237 3451 γνωσθήσεται
1266 3381 1336 3435 ἐν
1357 3381 1438 3448 τῷ
1457 3383 1659 3436 σκότει
1686 3383 1759 3437 τὰ
1789 3386 1931 3437 θαυ-

346 3470 543 3539 μάσιά
581 3487 718 3536 σου,
763 3473 863 3526 καὶ
899 3474 938 3542 ἠ
983 3472 1333 3543 δικαιοσύνη
1372 3491 1488 3535 σου
1529 3474 1600 3528 ἐν
1635 3473 1712 3544 γῇ
1736 3475 1933 3530 ἐπιλε-

345 3560 629 3631 λησμένῃ
652 3576 673 3626 ;
712 3562 858 3615 ’Δντὶ
875 3562 991 3628 τοῦ,
1019 3563 1117 3632 Μὴ
1136 3564 1206 3617 ἐν
1232 3564 1469 3633 νεκροῖς
1494 3565 1765 3633 ποιήσεις
1791 3568 1931 3619 θαυ-

340 3648 574 3719 μάσια;
618 3652 782 3722 φησὶν
816 3653 846 3705 6
874 3652 1187 3724 Σύμμαχος,
1217 3648 1370 3722 *Αρα
1395 3654 1630 3724 νεκροῖς
1658 3656 1932 3722 ποιήσεις

344 3741 667 3810 τεράστια;
714 3743 825 3796 Καὶ
856 3742 923 3797 δι’
959 3744 1096 3797 ὅλων
1136 3743 1246 3797 τῶν
1286 3740 1432 3815 ἑξῆς,
1475 3747 1532 3799 ὲν
1576 3742 1658 3810 οἶς
1690 3746 1926 3815 λέγεται,

343 3834 444 3903 Μὴ
480 3832 829 3903 διηγήσεταί
863 3850 955 3900 τις
982 3834 1051 3888 ὲν
1082 3834 1281 3905 nigro;
1313 3837 1407 3890 καὶ
1430 3837 1609 3904 πάλιν,
1645 3838 1740 3907 Μὴ
1779 3856 1930 3909 γνω-

347 3924 643 3993 σθήσεται
664 3925 736 3978 ἐν
761 3923 838 3991 τῷ
861 3926 1094 3989 σκότει;
1125 3929 1154 3981 6
1190 3926 1503 3998 Σύμμαχος,
1544 3930 1618 3984 Ἦ
1652 3928 1930 3998 διηγήσε-

349 4030 465 4082 ται,
500 4015 541 4086 ἢ
589 4016 1043 4086 γνωσθήσεταυ
1092 4017 1372 4083 ἐξέδωκεν.
1410 4019 1485 4072 Οὐ
1507 4018 1616 4092 γάρ
1660 4021 1930 4090 ἀπογινώ-

351 4121 500 4163 σκων
522 4108 592 4163 τὰ
618 4107 904 4179 λεγόμενα,
940 4108 1141 4173 ταύτας
1164 4110 1431 4182 προέφερε
1462 4110 1559 4174 τὰς
1582 4113 1782 4180 φωνάς,
1808 4114 1927 4166 κατ’

346 4195 567 4270 ἐκείνην
591 4198 690 4269 τὴν
716 4198 926 4271 ἡμέραν
945 4197 1145 4270 δηλαδὴ
1164 4197 1260 4270 τὴν
1289 4197 1384 4251 τοῦ
1410 4197 1633 4262 πάθους·
1656 4198 1734 4270 τῷ
1753 4200 1928 4270 Πατρὶ

344 4289 405 4344 δὲ
428 4292 577 4363 μόνῳ
604 4290 822 4347 δύναται
847 4287 985 4345 εἶναι
1010 4292 1181 4346 ταῦτα
1208 4291 1592 4363 πεπεισμένος,
1622 4291 1720 4356 τάς
1748 4291 1928 4356 αίτίας

339 4381 447 4452 τῆς
474 4382 557 4443 είς
582 4380 809 4434 θάνατον
830 4380 995 4434 αὐτοῦ
1024 4380 1268 4434 ἐδίδασκε
1294 4381 1521 4434 καθόδου
1556 4380 1750 4449 λέγων·
1784 4377 1928 4448 Ἆρα

2033 3196 2274 3250 narrabit
2304 3195 2501 3265 aliquis
2526 3197 2584 3250 in
2611 3200 2853 3267 sepulcro
2880 3193 3299 3249 misericordiam
3343 3202 3509 3258 tuam,
3550 3203 3602 3250 ct

2032 3288 2304 3342 veritatem
2336 3297 2481 3341 tuam
2503 3288 2560 3341 in
2584 3287 2911 3357 perditione?
2954 3284 3207 3357 Nunquid
3227 3294 3605 3356 cognoscentur

2031 3378 2087 3431 in
2117 3377 2340 3431 tenebris
2365 3375 2633 3431 mirabilia
2657 3386 2765 3441 tua,
2790 3386 2838 3432 et
2865 3375 3080 3446 justitia
3107 3384 3198 3429 tua
3226 3378 3282 3430 in
3303 3385 3445 3430 terra
3469 3375 3603 3429 obli-

2031 3470 2243 3527 uionis?
2271 3468 2379 3524 Pro
2412 3470 2526 3537 illo,
2560 3469 2812 3540 Nunquid
2848 3470 3068 3523 mortuis
3099 3470 3263 3538 facies
3286 3467 3555 3522 mirabilia
3573 3469 3603 3525 7

2034 3562 2395 3634 Symmachus
2439 3562 2538 3625 ait,
2571 3561 2653 3616 An
2684 3563 2906 3615 mortuis
2935 3562 3099 3631 facies
3118 3560 3363 3631 prodigia
3386 3563 3412 3617 7
3437 3570 3493 3616 et.
3541 3561 3597 3614 in

2031 3652 2389 3723 sequentibus
2416 3653 2729 3722 ubicunque
2764 3653 2996 3715 dicitur,
3041 3650 3298 3723 Nunquid
3352 3653 3597 3707 narrabit

2030 3746 2222 3816 aliquis
2265 3746 2322 3799 in
2369 3745 2648 3814 sepulcro?
2697 3756 2763 3800 ac
2812 3760 3054 3810 rursum,
3109 3742 3366 3816 Nunquid
3405 3762 3601 3817 cogno-

2028 3846 2240 3891 scentur
2268 3838 2324 3891 in
2381 3836 2644 3891 tenebris?
2687 3834 3070 3909 Symmachus,
3111 3840 3194 3892 An
3224 3838 3489 3904 narrabit,
3525 3854 3599 3893 an

2028 3936 2402 3999 cognoscentur
2418 3931 2443 3983 ?
2459 3926 2647 3982 edidit.
2666 3926 2786 3983 Non
2804 3929 2948 3983 enim
2965 3928 3109 3999 quod
3139 3928 3253 3985 haec
3285 3928 3400 3985 ﬁeri
3431 3944 3597 4000 posse

2027 4015 2364 4085 desperaret,
2412 4017 2487 4070 ita
2532 4016 2748 4071 locutus
2784 4025 2905 4081 est,
2959 4018 3011 4071 in
3064 4018 3155 4071 illa
3212 4019 3422 4074 scilicet
3468 4034 3595 4090 pasi-

2025 4107 2199 4164 sionis
2228 4123 2341 4163 suae
2367 4108 2492 4175 die;
2525 4108 2619 4165 sed
2651 4123 2681 4162 a
2715 4107 2875 4165 Patre
2918 4110 3034 4164 solo
3056 4109 3183 4163 talia
3210 4110 3394 4179 perﬁci
3429 4126 3593 4180 posse

2027 4212 2346 4265 persuasum
2372 4198 2600 4263 habens,
2630 4200 2713 4257 sui
2744 4200 2812 4254 ad
2848 4208 3072 4255 mortem
3116 4200 3415 4256 descensus
3458 4217 3590 4257 cau-

2027 4302 2143 4342 sam
2186 4289 2260 4343 ita
2312 4297 2537 4345 narrat:
2567 4291 2648 4343 An
2690 4292 2912 4346 mortuis
2961 4291 3124 4357 facies
3176 4290 3460 4361 prodigia?
3504 4294 3589 4347 An

2028 4379 2156 4433 talia
2183 4386 2237 4434 et
2273 4380 2403 4434 talia
2446 4382 2722 4450 patrabis?
2771 4381 2956 4453 Neque
3008 4383 3152 4438 enim
3209 4399 3295 4440 me
3345 4399 3590 4454 eousque

343 4475 585 4544 νεκροῖς
638 4473 911 4542 ποιήσεις
989 4475 1310 4545 τεράστια;
1385 4477 1454 4528 Ἢ
1494 4475 1619 4529 τάδε
1647 4515 1662 4540 ,
1707 4475 1740 4549 ἦ
1795 4474 1923 4528 τάδε

2033 4474 2352 4541 devenire,o
2382 4474 2561 4541 Pater,
2592 4492 2656 4531 ac
2711 4477 2767 4531 in
2818 4487 2991 4533 morte
3025 4485 3080 4533 et
3128 4478 3180 4532 in
3225 4480 3344 4532 lacu
3400 4478 3589 4532 inﬁmo

346 4570 634 4639 ποιήσεις;
697 4568 772 4622 Οὐ
831 4568 941 4638 γὰρ
999 4568 1065 4621 ἂν
1110 4567 1285 4631 ἄλλως
1344 4566 1632 4637 ἠθέλησας,
1697 4561 1742 4620 ὦ
1806 4566 1920 4621 Πά-

341 4672 465 4729 τερ,
493 4658 656 4732 μέχρι
683 4659 870 4713 τούτου
905 4676 969 4730 με
1005 4658 1306 4730 προελθεῖν,
1338 4658 1432 4712 καὶ
1456 4661 1512 4712 ὲν
1541 4658 1752 4731 θανάτῳ
1772 4661 1922 4729 γενέ-

350 4750 499 4817 σθαι,
541 4753 637 4806 καὶ
665 4754 722 4805 ὲν
745 4751 822 4822 τῷ
852 4750 1039 4821 λάκκῳ
1072 4750 1150 4823 τῷ
1178 4750 1494 4822 κατωτάτω,
1524 4752 1573 4804 εί
1604 4750 1677 4822 μή
1703 4750 1920 4816 πάντως

346 4854 454 4892 που
475 4842 568 4895 καὶ
592 4843 650 4895 ὲν
668 4843 776 4905 τοῖς
796 4842 1007 4912 νεκροῖς
1028 4839 1301 4911 θαυμάσια
1324 4841 1578 4912 παρέχειν
1604 4840 1916 4912 ἐϐουλήθης,

349 4929 417 4982 ἵν’
465 4933 609 5006 άπερ
660 4935 733 5006 μὴ
786 4933 1036 4988 δύνανται
1085 4934 1279 5005 ἰατροὶ,
1328 4932 1565 5007 ταῦταή
1598 4936 1665 5007 σή
1697 4935 1924 5006 δύναμις

346 5027 778 5098 κατεργάσηται·
824 5026 1117 5091 τουτέστιν,
1167 5026 1315 5090 ὅπως
1347 5027 1397 5079 οἱ
1445 5029 1501 5079 ὲν
1534 5025 1747 5097 θανάτῳ
1774 5027 1924 5095 γενό-

346 5129 524 5181 μενοι,
559 5118 905 5182 ἀναστάντες,
937 5116 1413 5189 ὲξομολογήσονταί
1442 5134 1544 5170 σοι.
1593 5118 1667 5171 Οὐ
1701 5118 1809 5189 γάρ
1843 5120 1923 5172 ἱα-

345 5203 496 5275 τρῶν
524 5202 592 5279 ἦν
635 5208 804 5263 ταῦτα
828 5209 1088 5264 δύνασθαι
1112 5210 1373 5280 ἐνεργεῖν,
1403 5207 1540 5261 ἀλλά
1574 5208 1674 5275 τῆς
1703 5208 1802 5278 σῆς
1836 5210 1923 5263 ὲν-

346 5292 471 5349 θέου
510 5301 922 5374 μεγαλουργίας.
971 5302 1095 5373 Ἆρ’
1124 5297 1217 5354 οὖν
1246 5299 1333 5354 διά
1362 5299 1534 5353 ταῦτα
1568 5299 1816 5352 ὑπελθεῖν
1851 5318 1921 5371 με

342 5385 439 5439 τὸν
488 5389 716 5446 θάνατον
765 5392 1079 5465 ἐϐουλήθης,
1122 5392 1187 5445 ἶν’
1240 5391 1301 5445 ὲν
1352 5391 1451 5461 μὲν
1496 5392 1610 5453 τοῖς
1635 5390 1826 5458 τάφοις
1859 5390 1920 5443 τὸ

344 5472 494 5543 ἔλεός
526 5497 619 5535 σου
655 5481 906 5555 διηγηθῇ,
954 5485 1011 5537 ὲν
1056 5482 1111 5538 δὲ
1138 5485 1204 5555 τῇ
1237 5480 1477 5554 ἀπωλείᾳ
1510 5482 1543 5554 ή
1572 5481 1797 5554 ἀλήθειά
1825 5499 1917 5537 σου

423 5726 471 5762 ⁸⁸
513 5734 528 5789 Ι
565 5736 691 5794 Cur.
728 5751 839 5804 ιιι,
876 5737 964 5793 97.

2024 4565 2534 4637 deponivoluisses,
2565 4565 2670 4621 nisi
2723 4567 2890 4621 etiam
2940 4566 2996 4620 in
3047 4568 3279 4622 mortuis
3320 4568 3587 4624 mirabilia

2025 4658 2280 4713 exhibere
2312 4657 2368 4712 in
2402 4659 2581 4712 animo
2608 4660 2766 4729 plane
2796 4660 3118 4725 habuisses;
3150 4667 3209 4714 ut
3235 4675 3356 4730 quae
3387 4658 3586 4716 medici

2024 4730 2133 4803 non
2165 4749 2363 4812 valent,
2388 4754 2626 4818 potestas
2671 4758 2766 4803 tua
2794 4758 3141 4820 operaretur;
3179 4751 3230 4805 id
3259 4756 3364 4813 est,
3394 4732 3466 4803 ut‘
3484 4740 3586 4820 qui

2026 4841 2083 4897 in
2128 4848 2304 4897 morte
2351 4842 2512 4912 positi
2560 4852 2748 4908 erant,
2795 4850 3140 4913 resurgentes
3197 4841 3589 4897 conﬁterentur

2022 4935 2142 4989 tibi.
2177 4933 2296 4989 Non
2324 4936 2469 4990 enim
2498 4933 2832 4989 medicorum
2854 4943 2938 4990 est
2958 4935 3072 4989 haec
3092 4933 3353 5000 facultas,»
3378 4932 3474 4988 sed
3500 4933 3586 4987 di-

2021 5026 2164 5080 vinae
2187 5024 2600 5095 magniﬁcentiae
2630 5032 2756 5080 tuae.
2813 5024 2979 5096 Igitur
3033 5039 3122 5080 me
3178 5031 3411 5079 mortem
3461 5023 3584 5079 ideo

2025 5115 2209 5171 subire
2253 5115 2504 5179 voluisti,
2550 5121 2610 5168 ut
2660 5115 2714 5169 in
2769 5113 3037 5184 sepulcris
3080 5112 3455 5169 misericordia
3489 5120 3582 5165 tua

2025 5213 2362 5272 narraretur,
2387 5215 2441 5261 et
2494 5207 2549 5260 in
2600 5205 2901 5276 perditione
2931 5205 3135 5260 veritas
3168 5211 3258 5258 tua
3287 5217 3583 5273 cognosce~

2024 5304 2200 5364 retur,
2244 5295 2300 5350 in
2322 5296 2562 5352 tenebris
2598 5295 2866 5349 mirabilia
2892 5300 2986 5348 tua
3026 5294 3448 5365 pmdicarentur
3470 5331 3485 5357 ,
3525 5290 3581 5345 in

2025 5396 2169 5441 terra
2228 5386 2520 5441 oblivionis
2556 5384 2769 5454 justitia
2825 5392 2918 5439 tua
2964 5390 3381 5438 memoraretur.
3425 5378 3582 5445 Quod

2024 5482 2070 5537 si
2112 5479 2234 5551 quis
2263 5478 2501 5534 animum
2532 5478 2782 5533 adhibeat
2810 5477 2907 5542 iis,
2950 5491 3072 5548 qua:
3119 5482 3309 5532 nostro
3339 5481 3582 5546 tempore
