4074 6384
483 297 628 366 lous

1120 304 1390 364 EUSEBII
1423 305 1902 362 CzESARlENSlS
1937 305 2088 362 OPP.
2128 305 2310 362 PARS
2347 295 2543 362 IIII:
2575 295 2979 363 EXEGETlCA;

3579 305 3716 364 1064

483 425 550 481 ad
594 424 902 493 sepulcrum
945 431 997 477 et
1043 422 1119 492 (l)
1155 424 1472 494 martyrium
1523 422 1823 478 Salvator-is
1879 423 2049 476 nostri

2157 422 2402 493 γνωσθῇ·
2453 425 2510 475 ἐν
2533 423 2589 475 δέ
2618 424 2695 494 τῷ
2724 425 2903 477 σκότει
2927 425 2994 478 τά
3019 423 3291 496 θαυμάσιά
3320 440 3411 477 σου
3443 427 3716 500 κηρυχθῇ,

482 526 694 588 patrata
725 522 874 576 sunt.
899 516 1262 577 mirabilibus,
1296 516 1342 570 is
1383 529 1514 569 sane
1551 512 1916 584 deprehendet
1944 527 2052 582 quo

481 617 642 681 picto
687 623 750 663 ea
802 623 922 678 quae
955 609 1310 677 praenuntiata
1364 606 1578 661 fuerant
1603 621 1764 676 opere
1786 605 2053 673 completa

476 701 612 756 sint.
647 683 1030 754 Animadverte
1059 714 1222 769 porro
1247 705 1379 770 quot
1399 697 1630 752 diversis
1661 697 1836 751 modis
1855 695 1944 750 hic
1967 710 2053 749 re-

477 789 697 858 gionem
731 770 924 844 mortis
946 787 1196 857 explicet.
1225 787 1357 841 Nam
1389 788 1565 856 primo
1590 793 1835 842 mortuos
1861 793 2052 852 vocat;

481 877 745 940 secundo,
772 877 865 949 qui
896 878 1146 932 habitant
1173 876 1234 932 in
1268 877 1558 945 sepulcro;
1590 875 1776 938 tertio,
1803 874 1897 944 qui
1926 883 2056 929 sunt

481 971 537 1024 in
566 971 903 1040 perditione;
959 977 1190 1039 quarto,
1220 969 1313 1037 qui
1353 967 1409 1021 in
1444 967 1684 1022 tenebris
1721 973 2050 1033 versantur;

481 1061 692 1132 quinto,
713 1061 804 1130 qui
832 1067 960 1115 sunt
986 1059 1040 1114 in
1072 1067 1215 1113 terra
1233 1058 1544 1115 oblivionis.
1561 1056 1686 1112 Haec
1711 1056 1909 1127 quippe
1937 1072 2054 1112 om-

481 1167 574 1208 nza
621 1151 687 1207 de
737 1150 928 1207 iisdem
961 1151 1242 1218 enuntiat;
1283 1151 1438 1220 queis
1465 1147 1748 1204 hominum
1778 1163 1968 1203 amans
1997 1155 2052 1203 et

481 1244 750 1316 benignus
805 1242 943 1299 Deus
993 1243 1261 1298 mirabilia
1293 1241 1636 1298 exhibiturus
1657 1247 1776 1295 erat
1799 1258 1814 1294 :
1835 1240 1872 1294 ii
1901 1241 2053 1295 vide-

483 1335 610 1390 licet
643 1333 1095 1399 misericordiam,
1121 1333 1402 1387 veritatem
1430 1340 1484 1388 et
1509 1331 1779 1402 justitiam
1803 1329 1896 1386 Dei
1923 1345 2054 1384 nar-

481 1427 702 1482 rabunt.
735 1425 853 1492 Qua
883 1425 1092 1480 ratione
1120 1432 1300 1479 autem
1348 1423 1464 1479 haec
1503 1423 1752 1478 videlicet
1779 1421 2052 1476 mirabilia

481 1515 602 1582 Dei,
635 1517 1009 1572 misericordia
1029 1555 1044 1579 ,
1094 1516 1298 1571 veritas
1318 1523 1400 1571 'et
1431 1514 1643 1584 iustitia
1674 1514 1794 1584 ejus
1827 1513 1894 1567 ad
1928 1513 2050 1570 illos

483 1609 614 1663 olim
649 1617 894 1664 mortuos
919 1647 934 1670 ,
967 1607 1037 1663 ad
1088 1609 1337 1678 sepulcra
1361 1647 1377 1672 ,
1431 1606 1499 1661 ad
1530 1606 1890 1676 perditionem
1912 1645 1928 1671 ,
1979 1605 2048 1660 ad

481 1701 736 1756 tenebras
756 1713 810 1755 et
837 1701 902 1755 ad
935 1709 1134 1755 terram
1162 1699 1456 1756 oblivionis
1491 1699 1868 1770 pervenerint,
1903 1697 2048 1753 seire

2155 515 2212 567 ἐν
2233 531 2293 567 τε
2323 518 2389 585 τῇ
2421 515 2814 586 ἐπιλελησμένῃ
2845 517 2914 585 γῇ
2947 516 2980 585 ἡ
3025 515 3332 584 δικαιοσύνη
3369 531 3460 566 σου
3505 533 3718 587 μνημο-

2153 605 2335 675 νευθῇ.
2364 605 2426 658 Εἰ
2470 605 2528 658 δέ
2551 621 2633 667 τις
2664 605 2756 658 τὸν
2795 605 2918 658 νοῦν
2948 607 3253 675 ἐπιστήσειε
3281 608 3392 668 τοῖς
3415 605 3540 658 καθ’
3569 608 3722 678 ἡμᾶς

2157 697 2300 768 ἀμφὶ
2323 697 2383 750 τὸ
2401 697 2607 767 μνῆμα,
2640 697 2729 750 καὶ
2755 695 2814 749 τὸ
2847 696 3142 768 μαρτύριον
3167 695 3260 749 τοῦ
3287 696 3538 768 Σωτῆρος
3557 699 3721 770 ἡμῶν

2153 784 2538 838 ἐπιτελεσθεῖσι
2579 785 2917 855 θαυμασίοις,
2948 785 3158 856 ἀληθῶς
3200 786 3401 838 εἴσεται
3443 786 3592 851 ὅπως
3619 806 3721 844 πε-

2156 877 2433 948 πλήρωται
2460 876 2640 949 ἔργοις
2667 876 2737 929 τά
2761 875 3177 947 τεθεσπισμένα.
3221 877 3328 930 Θέα
3360 877 3417 930 δὲ
3461 877 3551 932 διά
3596 879 3722 933 τού-

2152 987 2258 1023 των
2289 969 2437 1031 ὅπως
2464 968 2562 1039 τὴν
2599 967 2656 1020 ἐν
2683 965 2760 1037 τῷ
2797 965 3013 1036 Θανάτῳ
3042 966 3224 1037 χώραν
3252 967 3520 1038 διαφόρως
3549 971 3722 1042 ἑρμη-

2151 1060 2312 1113 νεύει.
2329 1057 2551 1130 Πρῶτον
2570 1058 2666 1129 μὲν
2688 1057 2912 1129 νεκροὺς
2933 1056 3117 1126 σαφῶς
3131 1058 3440 1122 ἀποκαλῶν,
3469 1059 3718 1134 δεύτερον

2151 1151 2277 1216 τοὺς
2303 1152 2362 1205 ἐν
2387 1151 2560 1221 τάφῳ,
2581 1149 2764 1220 τρίτον
2793 1150 2917 1213 τοὺς
2943 1151 3000 1202 ἐν
3022 1149 3285 1219 ἀπωλείᾳ,
3309 1150 3562 1223 τέταρτον
3585 1155 3715 1218 τοὺς

2151 1243 2210 1296 ἐν
2257 1241 2430 1311 σκότῳ
2451 1281 2466 1306 ,
2517 1225 2762 1311 πέμπτον
2811 1241 2936 1304 τοὺς
2975 1242 3032 1294 ἐν
3077 1243 3142 1311 τῇ
3189 1241 3578 1316 ἐπιλελησμένῃ
3615 1247 3708 1316 γῇ.

2151 1333 2335 1387 Ταῦτα
2365 1332 2473 1404 γὰρ
2506 1333 2681 1386 πάντα
2710 1331 2837 1402 περὶ
2871 1331 2980 1410 τῶν
3023 1331 3206 1386 αὐτῶν
3255 1333 3604 1404 διεξέρχεται,
3632 1330 3715 1400 οἷς

2149 1424 2377 1496 ῆμελλεν
2403 1426 2431 1479 6
2457 1424 2830 1496 φιλάνθρωπος
2851 1425 2944 1477 καὶ
2973 1424 3172 1493 ἀγαθὸς
3196 1425 3328 1489 Θεὸς
3353 1425 3624 1479 δεικνύναι
3653 1442 3717 1478 τε

2148 1519 2244 1571 καὶ
2270 1518 2526 1590 παρέχειν
2557 1517 2832 1588 θαυμάσια
2851 1533 2864 1546 ·
2913 1517 2975 1570 τὸ
3009 1518 3150 1581 Ιἔλεος
3179 1516 3344 1571 αὐτοῦ
3384 1517 3583 1589 δηλαδὴ
3617 1519 3716 1572 καὶ

2147 1607 2246 1680 τὴν
2290 1607 2545 1680 ἀλήθειαν
2586 1609 2681 1662 καὶ
2714 1609 2813 1680 τὴν
2857 1606 3197 1678 δικαιοσύνην
3221 1607 3315 1661 τοῦ
3356 1607 3491 1660 Θεοῦ
3518 1607 3714 1679 διηγη-

2151 1717 2351 1755 σονται.
2391 1701 2543 1755 Ἔστι
2563 1701 2621 1755 δὲ
2650 1699 2940 1770 ἐπιγνῶναι
2966 1701 3113 1764 ὅπως
3133 1700 3310 1754 πάντα
3339 1699 3536 1763 ταῦτα,
3571 1698 3715 1766 λέγω

484 1791 692 1857 licebit,
719 1791 764 1846 si
797 1793 1096 1862 cogitemus
1141 1798 1274 1863 quot
1327 1792 1593 1848 bonorum
1624 1792 1784 1847 nobis
1811 1791 1941 1845 olim
1992 1791 2050 1846 in

2157 1791 2204 1845 δὲ
2229 1791 2299 1846 τά
2329 1791 2604 1864 θαυμάσια
2645 1791 2741 1846 τοῦ
2772 1791 2907 1846 Θεοῦ
2948 1792 3041 1846 καὶ
3071 1789 3132 1845 τὸ
3165 1790 3310 1853 ἐλεος
3341 1787 3526 1854 αὑτοῦ,
3553 1788 3648 1842 καὶ
3676 1789 3714 1858 ἠ

484 1892 662 1940 morte
693 1883 1061 1946 versantibus,
1097 1875 1287 1939 auctor
1318 1881 1481 1938 fuerit
1519 1880 1768 1936 Salvator
1792 1891 1846 1938 et
1875 1880 2052 1937 Domi-

481 1990 589 2031 nus
614 1982 819 2039 noster,
844 1989 1073 2044 quorum
1105 1975 1276 2044 gratia
1315 1975 1370 2030 in
1396 1973 1486 2028 illa
1514 1975 1632 2029 loca
1659 1972 1959 2035 descendit,
1992 1980 2053 2026 ut

484 2082 594 2122 non
640 2067 779 2120 vivis
811 2065 994 2130 modo,
1043 2067 1138 2120 sed
1171 2066 1334 2122 etiam
1367 2066 1597 2121 mortuis
1630 2064 2004 2119 dominaretur
2035 2080 2050 2118 :

483 2173 610 2212 nam
646 2171 766 2226 quae
795 2171 959 2211 causa
1012 2154 1172 2211 fuerit
1203 2155 1500 2211 descensus
1529 2156 1649 2224 ejus
1699 2155 1753 2208 in
1787 2153 2051 2223 mortem},

484 2249 573 2302 hic
603 2247 946 2317 apertissime
975 2247 1269 2302 declaravit
1297 2267 1309 2302 :
1344 2263 1463 2317 qua:
1488 2246 1788 2302 secundum
1816 2260 2051 2314 evange-

483 2338 641 2393 listas
678 2349 807 2390 tunc
839 2337 1058 2407 impleta
1109 2346 1256 2400 sunt,
1296 2353 1418 2391 cum
1464 2337 1630 2390 multa
1659 2349 1886 2406 corpora
1919 2349 2050 2391 san-

485 2436 730 2492 ctorum,
773 2428 866 2498 qui
914 2428 1286 2493 dormierant,
1350 2436 1792 2493 resurrexerunt,
1825 2434 1880 2484 et
1924 2443 2049 2483 cum

481 2521 604 2589 ipso
643 2517 924 2575 Salvatore
953 2521 1009 2575 in
1039 2527 1282 2576 sanetam
1315 2518 1410 2574 Dei
1438 2519 1712 2576 civitatem
1735 2558 1752 2586 ,
1804 2519 2055 2576 videlicet

481 2613 540 2668 in
567 2611 713 2666 illam
743 2613 1043 2675 caelestem,
1073 2613 1306 2681 ingrcssi
1340 2621 1488 2668 sunt.

2148 1885 2372 1954 ἀλήθεια
2401 1884 2587 1951 αὐτοῦ,
2622 1885 2715 1938 καί
2747 1887 2780 1957 ἡ
2811 1884 3117 1955 δικαιοσύνη
3151 1881 3313 1937 αὐτοῦ
3357 1881 3590 1952 ἔφθασεν
3623 1882 3718 1934 ἐπὶ

2147 1976 2273 2039 τοὺς
2304 1975 2470 2029 πάλαι
2495 1977 2740 2048 νεκροὺς,
2783 1977 2879 2030 καί
2913 1977 2970 2029 ἐν
2999 1976 3208 2044 τάφοις,
3239 1975 3332 2028 καὶ
3361 1975 3421 2028 ἐν
3452 1973 3717 2044 ἀπωλείᾳ,

2149 2067 2244 2120 καὶ
2270 2068 2326 2120 ἐν
2362 2069 2555 2138 σκότῳ,
2587 2069 2678 2122 καὶ
2713 2069 2772 2122 ἐν
2797 2071 2865 2140 γῇ
2911 2067 3323 2138 ἐπιλελησμένῃ,
3366 2068 3416 2119 εἰ
3455 2067 3720 2137 νοήσομεν

2157 2159 2296 2213 ὅσων
2344 2159 2561 2228 ἀγαθῶν
2600 2160 2767 2224 αἴτιος
2809 2160 3028 2228 γέγονεν
3077 2159 3105 2211 6
3147 2157 3334 2229 Σωτὴρ
3382 2158 3476 2210 καὶ
3518 2157 3720 2227 Κύριος

2157 2248 2312 2319 ἡμῶν
2339 2251 2450 2312 τοῖς
2481 2248 2644 2302 πάλαι
2675 2250 2732 2301 ἐν
2756 2248 2832 2319 τῷ
2862 2247 3071 2318 θανάτῳ
3107 2247 3502 2318 γεγενημένοις,
3533 2245 3600 2298 δι’
3627 2243 3722 2307 οὓς

2155 2339 2250 2392 καὶ
2279 2341 2336 2392 ἐν
2370 2339 2595 2403 ἐκείνοις
2625 2337 2974 2410 κατεληλύθει
3022 2340 3132 2402 τοῖς
3163 2337 3366 2400 τόποις,
3387 2329 3483 2389 ’ἴνα
3519 2336 3592 2407 μὴ
3622 2335 3719 2406 μό-

2154 2447 2242 2484 νον
2283 2431 2522 2495 ζώντων,
2551 2431 2686 2486 ἀλλά
2723 2431 2815 2485 καὶ
2839 2431 3046 2501 νεκρῶν
3075 2428 3356 2500 κυριεύσῃ.
3392 2425 3473 2478 Τά
3498 2423 3604 2493 γὰρ
3631 2421 3720 2476 αῖ-

2153 2539 2244 2577 τια
2288 2523 2388 2594 τῆς
2438 2523 2596 2595 μέχρι
2626 2523 2718 2577 τοῦ
2767 2524 2993 2578 θανάτου
3040 2521 3263 2576 καθόδου
3297 2517 3460 2573 αὑτοῦ
3500 2515 3588 2569 διὰ
3611 2513 3720 2567 τῶν

2155 2615 2526 2687 προκειμένων
2555 2615 2837 2686 τηλαυγῶς
2858 2615 3216 2686 παρέστησενο
3253 2612 3394 2682 ἅπερ
3423 2605 3722 2678 ἐπληροῦτο

483 2704 622 2759 κατά
653 2705 778 2767 τοὺς
817 2704 1225 2772 εὐαγγελιστάς,
1259 2707 1349 2760 ὅτε
1395 2705 1566 2760 πολλά
1614 2706 1840 2778 σώματα
1884 2709 2298 2780 κεκοιμημένων
2351 2710 2521 2779 ἁγίων
2548 2709 2878 2782 ἠγέρθησαν,
2940 2709 3035 2764 καὶ
3074 2709 3168 2762 σὺν
3226 2706 3371 2777 αύτῷ
3402 2704 3478 2776 τῷ
3510 2703 3722 2776 Σωτῆρι

481 2797 729 2868 εἰσῆλθον
763 2800 841 2864 εἰς
871 2805 968 2872 τὴν
1013 2799 1172 2868 ἁγίαν
1219 2799 1373 2852 πόλιν
1400 2799 1494 2853 τοῦ
1532 2800 1688 2863 Θεοῦ,
1728 2799 1929 2872 δηλαδὴ
1956 2799 2054 2871 τὴν
2089 2801 2422 2873 ἐπουράνιον.
3183 2828 3200 2841 ν

553 2895 718 2952 Vsus.
756 2897 842 2950 l-t.
880 2895 942 2948 Et
984 2912 1076 2966 ego
1109 2895 1178 2948 ad
1214 2904 1262 2949 te
1306 2895 1560 2960 clamavi,
1591 2905 1640 2950 et
1686 2911 1839 2950 mane
1879 2897 2052 2950 oratio

2233 2897 2335 2952 Kal
2365 2897 2480 2968 ἐγὼ
2509 2899 2658 2968 πρὸς
2682 2899 2757 2952 σὲ
2784 2896 3065 2966 κέκραξα,
3094 2895 3191 2949 καί
3206 2892 3270 2948 τὸ
3287 2892 3436 2962 πρωῒ
3465 2893 3502 2960 ἡ
3533 2901 3721 2960 προσ-

483 3007 600 3044 mea
638 2989 911 3056 prwveniet
962 2997 1029 3042 te.
1063 2987 1533 3054 Quemadmodum
1580 2987 1635 3040 in
1671 2987 1829 3042 titulo
1856 2988 2054 3057 psalmi

2157 2990 2304 3058 ευχή
2327 3009 2445 3060 μου
2469 2989 2796 3059 προφθάσει
2824 3004 2916 3043 σε.
2977 2991 3184 3058 Ὥσπερ
3220 2987 3277 3040 ἐν
3308 2985 3386 3055 τῷ
3415 2982 3500 3038 κα’
3525 2980 3725 3054 ψαλμῷ

485 3100 598 3148 xxi,
636 3083 728 3152 qui
762 3090 946 3152 aperte
975 3096 1038 3136 ex
1094 3095 1326 3150 persona
1359 3079 1658 3136 Salvatoris
1710 3083 1883 3136 nostri
1930 3097 2056 3152 pro-

486 3173 693 3234 fertur,
742 3173 973 3235 dicitur,
1023 3171 1130 3225 Pro
1165 3172 1488 3238 susceptione
1513 3173 1806 3236 matutina,
1838 3188 1948 3242 quo
1981 3189 2060 3229 re-

475 3259 756 3319 surrectio
794 3262 1097 3317 Salvatoris
1146 3263 1363 3324 nostri,
1423 3277 1545 3331 quae
1597 3277 1758 3318 mane
1789 3265 2055 3334 contigit,

486 3353 905 3417 subimlicatur;
955 3351 1190 3422 idipsum
1236 3351 1348 3419 jam
1398 3350 1482 3403 his
1533 3350 1827 3420 signiﬁcari
1885 3361 2055 3421 puto,

487 3441 647 3496 Mane
677 3443 848 3495 oratio
877 3456 992 3493 mea
1024 3440 1298 3508 pra'veniet
1337 3448 1426 3492 te:
1466 3453 1576 3507 quo
1601 3439 1894 3507 indicatur,
1932 3457 2058 3496 ora-

485 3539 688 3592 tionem
718 3531 1018 3590 Salvatoris
1048 3546 1155 3586 non
1204 3531 1311 3585 alio
1358 3537 1606 3600 tempore
1635 3530 1886 3585 cll'ectum
1929 3547 2062 3587 con-

486 3634 731 3682 secutam
765 3639 906 3686 esse,
942 3624 1046 3677 nisi
1082 3624 1431 3678 illucescente
1461 3635 1657 3674 aurora
1693 3627 1747 3674 et
1779 3620 2060 3678 matutinis

489 3717 662 3780 horis,
695 3731 818 3769 eum
842 3714 1170 3770 resurrectio
1200 3723 1539 3768 mortuorum
1565 3709 1833 3765 accidisse
1865 3724 2058 3764 narra-

488 3817 599 3864 tur.
624 3806 804 3876 Quare
845 3822 1018 3877 neque
1050 3820 1306 3876 vespere,
1346 3819 1522 3874 neque
1563 3804 1829 3866 meridie,
1887 3818 2062 3873 neque

488 3903 597 3956 alio
625 3901 859 3972 quodam
896 3908 1158 3969 tempore,
1189 3900 1284 3954 sed
1336 3895 1533 3968 (Vens.
1567 3897 1657 3967 15)
1698 3911 1851 3950 mane
1891 3896 2060 3948 oratio

488 4012 604 4050 mea
630 3993 904 4063 praeveniet
933 4002 999 4046 te.
1046 3989 1268 4061 thuid,
1299 3989 1541 4054 Domine,
1587 3989 1795 4057 repellis
1827 3988 2062 4042 animam

489 4101 681 4150 meam,
715 4083 904 4138 avertis
941 4083 1131 4152 faciem
1159 4092 1304 4137 tuam
1335 4099 1367 4134 a
1399 4083 1526 4136 me?
1556 4080 1617 4134 In
1642 4079 1900 4135 vicesimo
1927 4094 2064 4148 quo-

488 4192 598 4248 que
631 4156 816 4247 primo.
858 4174 1112 4229 dicebat:
1161 4172 1336 4236 Deus,
1387 4171 1528 4225 Deus
1560 4188 1725 4236 meus,
1759 4172 1953 4241 respice
2005 4170 2064 4224 in

490 4282 592 4329 me,
623 4280 786 4336 quare
813 4279 892 4318 me
915 4262 1279 4331 dereliquisti?
1317 4259 1414 4316 Hic
1461 4269 1642 4316 autem
1673 4261 1825 4324 dicit,
1853 4256 2060 4329 utquid,

2161 3080 2348 3149 σαφῶς
2381 3082 2446 3134 ἐκ
2488 3080 2775 3151 προσώπου
2821 3080 2914 3132 τοῦ
2961 3079 3208 3148 Σωτῆρος
3250 3075 3404 3145 ἡμῶν
3447 3075 3724 3146 εἰρημένῳ

2158 3169 2297 3222 κατά
2315 3169 2411 3240 τὴν
2427 3169 2745 3240 προγραφὴν
2760 3169 2996 3232 λέλεκτο,
3024 3166 3200 3234 ’Υπὲρ
3218 3165 3328 3231 τῆς
3346 3164 3723 3232 ἀντιλήψεως

2158 3256 2267 3325 τῆς
2291 3257 2556 3324 ἑωθινῆς,
2602 3257 2696 3311 τοῦ
2729 3257 2884 3324 λόγου
2916 3257 3016 3326 τὴν
3048 3256 3342 3308 ἀνάστασιν
3387 3253 3480 3306 τοῦ
3533 3255 3722 3322 Σωτῆ-

2162 3365 2254 3418 ρος
2293 3349 2448 3418 ἡμῶν
2480 3348 2848 3416 αἰνιττομένου
2889 3345 3030 3398 κατά
3066 3343 3161 3414 τὴν
3205 3341 3431 3413 ἑωθινὴν
3455 3341 3602 3413 ὦραν
3629 3359 3726 3410 γε-

2159 3437 2464 3508 γενημένην
2484 3453 2497 3466 ο
2529 3436 2673 3490 οῦτω
2701 3437 2794 3490 καί
2825 3435 2919 3488 νῦν
2951 3433 3148 3488 ταύτὸν
3184 3433 3538 3505 σημαίνεσθαι
3571 3430 3719 3500 ἡγοῦ-

2163 3544 2261 3597 μαι
2289 3525 2374 3580 διὰ
2402 3524 2614 3588 τούτου,
2656 3525 2810 3593 Πρωῖ
2838 3526 2875 3592 ἡ
2905 3521 3212 3593 προσευχὴ
3246 3539 3359 3587 μου
3387 3520 3722 3590 προρθάσει

2159 3634 2254 3682 σε,
2299 3617 2582 3689 δηλοῦντος
2621 3617 2713 3671 τοῦ
2742 3617 2899 3686 λόγου
2918 3656 2932 3680 ,
2954 3617 3034 3669 ὃτι
3069 3614 3144 3686 μὴ
3178 3614 3319 3685 ἄλλῳ
3344 3613 3519 3684 καιρῷ
3537 3613 3604 3666 τὰ
3627 3613 3724 3682 τῆς

2161 3712 2466 3781 προσευχῆς
2489 3710 2580 3764 τοῦ
2616 3710 2862 3780 Σωτῆρος
2889 3711 2968 3771 εἰς
2993 3707 3126 3779 ἔργα
3161 3704 3357 3776 ἐχώρει
3387 3707 3418 3778 ἢ
3454 3706 3594 3760 κατά
3625 3705 3724 3776 τὴν

2160 3804 2235 3857 ἐω
2252 3804 2344 3857 καὶ
2360 3803 2418 3855 τὸ
2436 3803 2596 3874 πρωῒ,
2627 3803 2714 3855 ὅτε
2746 3802 2840 3855 καὶ
2856 3801 2923 3854 τά
2938 3800 3036 3870 τῆς
3059 3801 3124 3852 ὲκ
3151 3797 3358 3869 νεκρῶν
3382 3798 3730 3860 ἀναστάσεως

2162 3889 2486 3958 γεγενῆσθαι
2516 3888 2948 3961 μεμαρτύρηται.
2990 3889 3068 3940 Δι’
3096 3887 3124 3940 δ
3165 3886 3287 3940 οὔτε
3316 3887 3574 3958 ἑσπέρας,
3603 3885 3729 3939 οὔτε

2141 3980 2526 4052 μεσημϐρίας,
2543 3979 2664 4034 οῦτε
2680 3980 2822 4051 ἄλλῳ
2833 3980 2937 4033 τινὶ
2957 3978 3152 4051 καιρῷ,
3167 3978 3302 4033 ἀλλά
3326 3977 3406 4042 τῷ
3429 3977 3594 4045 πρωῒ.
3628 3995 3732 4048 φη-

2165 4074 2268 4131 σὶν,
2301 4073 2339 4140 7i
2367 4073 2673 4142 προσευχή
2691 4087 2809 4142 μου
2831 4070 3162 4142 προφθάσει
3179 4085 3272 4126 σε.
3315 4070 3508 4132 Ἰνιιτί,
3532 4070 3729 4138 Κύριε,

2163 4165 2422 4231 ἀπωθεῐς
2444 4165 2558 4234 τὴν
2582 4165 2790 4235 ψυχήν
2804 4184 2922 4235 μου
2942 4207 2956 4230 ,
2985 4164 3381 4234 ἀποστρέφεις
3412 4163 3479 4217 τὸ
3508 4165 3734 4233 πρόσω-

2164 4259 2283 4312 πόν
2317 4274 2431 4312 σου
2477 4257 2578 4312 ἀπ’
2617 4257 2796 4326 ἐμοῦ;
2849 4256 2958 4310 Καὶ
3004 4258 3062 4309 ἐν
3095 4256 3172 4327 τῷ
3220 4254 3304 4310 κα⁹
3334 4256 3486 4324 ἔλεγε
3533 4254 3616 4320 τὸ,
3675 4255 3730 4307 Ὁ

491 4353 878 4424 interrogando
897 4367 1004 4423 qua
1027 4351 1091 4406 de
1122 4366 1286 4407 causa
1321 4351 1612 4406 derelictus
1639 4366 1668 4404 a
1697 4349 1859 4404 Patre
1892 4351 1982 4413 sit,
2007 4355 2056 4403 et

2166 4349 2328 4416 Θεὸς,
2351 4352 2384 4403 ὀ
2407 4352 2550 4414 Θεός
2571 4367 2712 4419 μου,
2731 4349 2995 4416 πρόσχες
3010 4365 3130 4415 μοι,
3149 4346 3306 4400 ὶνατί
3344 4343 3732 4415 ἐγκατέλιπές

491 4459 665 4514 quare
693 4443 781 4496 ille
808 4441 1042 4495 animam
1081 4455 1237 4495 suam
1268 4441 1559 4510 repulerit;
1610 4448 1670 4494 ut
1719 4441 1764 4495 si
1815 4455 1914 4495 nos
1964 4439 2066 4494 ali-

493 4535 713 4605 quando
739 4533 889 4588 dubii
925 4547 1237 4602 quseramus
1273 4548 1443 4602 quare
1471 4532 1617 4588 Deus
1647 4530 1784 4586 Filio
1810 4547 1909 4588 suo
1954 4547 2064 4588 non

495 4625 758 4693 pepercit,
783 4625 876 4679 sed
917 4622 1139 4678 tradidit
1171 4638 1293 4678 eum
1318 4663 1334 4689 ,
1364 4623 1549 4678 volens
1581 4623 1859 4677 hominum
1891 4623 2066 4678 mani-

498 4717 600 4770 bus
623 4716 925 4770 deditititun
958 4731 1079 4772 esse
1111 4715 1184 4785 (ui
1214 4716 1361 4770 enim
1418 4723 1536 4770 erat
1581 4731 1705 4770 eum
1755 4702 2064 4786 relinquere

497 4819 562 4859 ac
588 4807 897 4875 repellere);
939 4807 1248 4861 ediscamus
1293 4806 1345 4861 id
1378 4805 1549 4861 nostri
1594 4809 1768 4877 gratia
1795 4807 1952 4877 plane
1991 4806 2066 4862 fa-

497 4902 666 4959 ctum,
703 4907 760 4950 ut
795 4897 978 4951 docuit
1005 4898 1296 4968 Apostolus
1331 4897 1416 4952 his
1441 4899 1623 4953 verbis
1653 4917 1666 4952 :
1699 4897 1800 4953 Sed
1833 4915 1927 4968 pro
1968 4915 2064 4953 no—

498 4990 576 5044 bis
599 4989 891 5043 hominibus
920 4991 993 5055 ",
1013 5001 1073 5045 ιιι
1104 4991 1254 5046 ﬁeret
1270 5006 1443 5061 agnus
1461 4991 1554 5045 Dei
1577 4998 1632 5046 et
1650 4992 1767 5045 ovis
1785 4991 2061 5048 immolata

497 5096 602 5154 pro
645 5080 821 5135 salute
871 5081 1078 5136 mundi.
1132 5080 1496 5148 Quamobrem
1550 5082 1813 5151 propheta
1846 5096 2062 5151 quoque

498 5169 713 5226 dicebat
745 5189 759 5225 :
795 5168 862 5223 Et
891 5169 1146 5224 Dominus
1179 5170 1397 5224 tradidit
1428 5186 1545 5224 eum
1589 5171 1812 5240 peccatis
1841 5171 2058 5225 nostris.

565 5330 610 5363 ⁹⁹
653 5327 811 5382 Rom.
845 5342 963 5390 vm,
997 5326 1085 5381 32.

2161 4455 2237 4508 με
2252 4455 2270 4502 ;
2285 4437 2431 4506 λέγει
2459 4438 2513 4490 δέ
2531 4439 2586 4490 ἐν
2602 4437 2830 4500 τούτοις,
2859 4437 2959 4490 ἵνα
2986 4438 3063 4499 τί,
3085 4434 3510 4508 ἐρωτηματικῶς
3533 4432 3734 4486 πυνθα-

2166 4531 2387 4600 νόμενος
2417 4531 2482 4582 δι’
2503 4533 2567 4600 ἣν
2601 4530 2777 4583 αἰτίαν
2813 4515 3296 4597 ἐγκαταλέλειπται
3343 4526 3448 4580 ὑπὸ
3488 4525 3581 4578 τοῦ
3617 4523 3732 4579 Πα-

2166 4621 2310 4692 τρὺς,
2343 4621 2437 4674 καὶ
2476 4622 2615 4674 ἱνα-εί
2659 4619 2914 4674 ἀπώσατο
2958 4620 3122 4674 αὐτοῦ
3151 4620 3248 4690 τὴν
3302 4618 3513 4690 ψυχή-ι’
3565 4617 3640 4680 ώς
3666 4615 3735 4670 ἀν

2166 4713 2262 4766 καὶ
2285 4713 2466 4782 ἡμεῖς,
2497 4711 2550 4764 εῐ
2580 4729 2712 4764 ποτε
2751 4713 3100 4783 διαποροίμεν
3126 4711 3192 4764 δι’
3231 4712 3296 4782 ἣν
3327 4711 3503 4763 αἰτίαν
3539 4710 3567 4761 6
3600 4707 3735 4770 Θεὸς

2165 4804 2258 4858 τοῦ
2291 4805 2418 4858 ἰδίου
2447 4803 2579 4857 Υίοῦ
2617 4804 2715 4856 ούκ
2750 4803 3024 4874 ἐφείσατο,
3062 4801 3196 4856 ἀλλὰ
3235 4801 3548 4874 παρέδωκεν
3572 4799 3735 4853 αὑτὸν

2167 4895 2399 4965 θελήσας
2432 4893 2742 4964 ὑποχείριον
2770 4893 3077 4965 ἀνθρώποις
3105 4891 3359 4961 γενέσθαι
3384 4907 3399 4921 ⁶
3445 4890 3602 4944 τοῦτο
3626 4889 3744 4964 γὰρ

2164 4981 2232 5057 ἦν
2261 4985 2322 5038 τὸ
2366 4985 2682 5039 καταλιπεῖν
2713 4986 2874 5039 αὐτὸν
2921 4987 3015 5038 καὶ
3061 4982 3415 5038 ἀπώσασθαι·
3453 4981 3744 5052 μανθάνοι-

2168 5093 2288 5148 μεν,
2349 5077 2430 5128 ὃτι
2477 5075 2634 5129 τοῦτο
2697 5077 2836 5147 ὑπὲρ
2883 5075 3038 5146 ἡμῶν
3090 5075 3331 5142 γέγονεν,
3387 5073 3462 5135 ὡς
3503 5071 3743 5134 ἐδίδαξεν

2162 5172 2192 5226 ὁ
2247 5169 2564 5223 Ἀπόστολοτ
2612 5167 2813 5222 εἰπών’
2857 5167 3021 5221 Ἀλλ’
3064 5165 3212 5234 ὑπὲρ
3249 5163 3420 5232 ’ἡμῶν
3469 5161 3738 5226 πάντων,

579 5443 645 5520 1)
676 5443 914 5520 _Scilic_et
942 5442 1180 5520 ecclesia
1207 5441 1281 5520 ad
1312 5441 1618 5520 sepulcrum
1668 5435 1901 5520 Christi,
1931 5449 2052 5505 quae
2155 5437 2358 5520 gliristi
2382 5439 2488 5495 535
2512 5439 2772 5520 dedicata
2799 5446 2903 5502 est,
2934 5439 3090 5520 unde
3109 5446 3322 5520 tempus
3337 5437 3626 5520 edit-orum
3661 5436 3733 5517 ab

500 5507 903 5568 ab'A'thanasio
940 5512 995 5564 in
1031 5514 1253 5580 epistola
1293 5507 1484 5578 synodi
1525 5507 2050 5580 llierosolymitauaa,

502 5599 554 5650 p.
592 5582 710 5643 199,
754 5581 1045 5651 μαρτύριον
1067 5574 1164 5632 τοῦ
1207 5574 2055 5651 Σωτῆρος,ῃιανιυνὶιιιιιζδαίιω-

504 5646 662 5711 laris,
701 5646 844 5718 apud
888 5646 1246 5703 Stizomenmn
1281 5646 1460 5701 autem
1492 5648 1595 5718 Iih,
1626 5663 1685 5708 ll,
1720 5646 1883 5718 c.__’2'l.
1915 5646 2055 5715 μέγα

506 5715 822 5786 μαρτύριον,
861 5735 1104 5781 maqnum
1147 5719 1458 5780 martyrium
1497 5717 1713 5772 dicitur.
1760 5715 1884 5770 Ηιες
1913 5731 2056 5769 attuo

2159 5508 2394 5564 Eusebio
2420 5511 2936 5565 commentariorum
2977 5507 3236 5564 eruimus
3258 5511 3309 5562 in
3337 5507 3733 5562 Przeliminari-

2160 5579 2454 5704 busstuad
2471 5581 2538 5634 de
2569 5598 2624 5637 re
2645 5591 2702 5638 et
2720 5581 2788 5637 de
2812 5581 3154 5634 mirabilibus
3184 5596 3246 5634 ea
3273 5581 3325 5633 iu
3355 5579 3586 5634 ecclesia
3612 5577 3732 5631 edi-

2189 5667 2274 5704 ISI
2324 5668 2336 5703 I
2371 5668 2420 5704 τι
2462 5668 2503 5704 e.

2189 5667 2232 5704 IS
2261 5667 2336 5704 IDI
2371 5667 2503 5709 τιατ.
