4074 6418
422 297 563 354 1065
1584 292 1992 351 εοιωεΝτΑΙ

2119 292 2191 348 IN
2233 291 2574 348 PSAIMOS.
3545 294 3681 349 I066

420 414 509 468 ἵνα
537 411 762 483 ἰένηται
805 410 975 481 ἀμνὸς
1023 410 1158 464 Θεοῦ
1209 409 1305 462 καὶ
1353 408 1623 481 πρόϐατον
1677 407 1992 480 ἱερουργού-

2100 404 2168 459 Et
2193 405 2278 460 hic
2308 416 2528 475 peccata
2563 414 2747 459 nostra
2783 413 2982 474 portat,
3008 415 3060 459 et
3087 422 3183 475 pro
3211 405 3360 462 nobis
3391 410 3683 466 cruciatur.

420 521 581 575 μενον
614 503 758 575 ὑπὲρ
797 503 896 574 τῆς
929 503 1022 555 τοῦ
1072 502 1279 572 κόσμου
1314 504 1610 572 σωτηρίας.
1645 500 1850 572 Διόπερ
1882 498 1992 552 ἑλε-

2100 498 2171 553 Et
2198 500 2307 566 ipse
2328 498 2633 552 vulneratus
2670 508 2748 554 est
2798 508 3011 568 propter
3040 509 3257 567 peccata
3293 513 3498 565 nostra.
3532 502 3687 571 inﬁr-

416 610 481 664 γε
516 595 610 648 καὶ
649 595 679 647 ὁ
704 594 992 666 προφήτης
1010 610 1023 622 ·
1054 593 1165 647 Kal
1196 593 1413 660 Κύριος
1440 589 1784 660 παρέδωκεν
1808 589 1992 644 αὑτὸν

2096 601 2274 642 matus
2321 597 2401 643 est
2457 597 2672 658 propter
2718 589 3027 658 iniquitates
3070 600 3322 646 nostras:
3361 594 3522 648 vibice
3566 594 3685 665 ejus

419 682 546 751 ταῖς
582 685 891 754 ἁμαρτίαις
936 682 1124 752 ἡμῶν.
1179 683 1291 737 Καὶ
1338 677 1519 748 οὗτος
1557 681 1666 747 τὰς
1703 681 1992 750 ἁμαρτίας

2094 696 2188 733 nos
2210 679 2395 734 sanati
2432 694 2620 733 sumus
2651 679 2694 733 ‘.
2728 678 2788 733 In
2824 694 2913 732 xx:
2945 686 3125 733 autem
3162 679 3470 751 subjungit,
3500 679 3645 736 Deus
3668 720 3685 745 ,

417 775 586 844 τυιῶν
615 774 800 849 φέρει,
828 774 927 828 καὶ
956 774 1089 842 περὶ
1124 773 1293 843 ἡμῶν
1323 771 1626 826 ὀδυνᾶται.
1668 771 1782 827 Καὶ
1809 772 1992 840 αὐτὸς

418 864 852 934 ἑτραυματίσθη
881 862 979 918 διὰ
1008 863 1116 929 τὰς
1142 862 1430 932 ἁμαρτίας
1460 860 1650 932 ἡμῶν,
1681 862 1779 916 καὶ
1799 879 1988 932 μεμα-

417 954 695 1010 λάκισται
732 952 830 1008 διὰ
859 953 966 1020 τὰς
995 955 1246 1024 ἀνομίας
1277 951 1449 1023 ἡμῶν
1468 969 1481 982 ·
1503 952 1584 1018 τῷ
1597 951 1845 1022 μώλωπι
1868 955 1989 1007 αὐ-

417 1046 523 1100 τοῦ
558 1044 728 1117 ἡμεῖς
763 1043 1029 1115 ίάθημεν.
1080 1045 1359 1116 Ἐπιφέρει
1390 1044 1448 1098 δὲ
1472 1045 1648 1115 λέγων
1680 1045 1737 1099 ἐν
1767 1042 1852 1099 κα¹
1879 1060 1892 1074 ·
1936 1045 1990 1098 '0

418 1138 585 1204 Θεὸς,
614 1137 976 1207 κεκράξομαι
1026 1135 1252 1206 ἡμέρας
1273 1176 1289 1203 ,
1334 1139 1435 1192 καὶ
1479 1140 1592 1192 οὐκ
1633 1137 1992 1205 εὶσακούσῃ,

416 1236 513 1289 καὶ
546 1235 789 1301 νυκτὸς,
819 1233 919 1290 καὶ
946 1234 1056 1288 οὐκ
1092 1235 1181 1299 εις
1212 1231 1413 1287 ἄνοιαν
1450 1232 1582 1301 ἐμοί
1604 1249 1617 1259 -
1665 1232 1762 1285 καὶ
1792 1233 1851 1285 ιν
1879 1235 1992 1295 τοῖς

416 1324 799 1396 προκειμένοις
828 1338 843 1352 ’
914 1320 1340 1390 Ἀποστρέερεις
1388 1321 1452 1374 τὸ
1497 1320 1826 1388 πρόσωπόν
1875 1333 1992 1374 σου

2090 769 2332 824 clamabo
2363 785 2454 838 per
2476 769 2637 836 diem,
2661 778 2710 824 et
2743 786 2847 823 non
2874 768 3148 835 exaudies;
3168 779 3219 825 et
3242 781 3410 832 nocte,
3427 781 3476 826 et
3496 789 3598 826 non
3615 773 3687 828 ad

2092 861 2452 931 insipientiam
2511 861 2640 914 mihi
2680 862 2741 926 ²;
2776 861 2831 915 iu
2869 862 3118 932 praesenti
3169 878 3319 927 vero,
3355 865 3562 919 Avertis
3600 866 3687 936 fa-

2094 955 2224 1008 ciem
2251 963 2395 1006 tuam
2419 969 2451 1005 a
2483 968 2582 1006 me.
2621 951 2746 1007 Haec
2773 969 2940 1023 porro
2975 953 3177 1010 similia
3207 962 3337 1024 puto
3362 954 3431 1009 iis
3461 966 3582 1024 qua:
3628 953 3683 1008 iu

2098 1043 2391 1114 Evangelia
2419 1060 2583 1114 opere
2606 1045 2876 1116 completa
2904 1046 3177 1112 feruntur,
3207 1047 3301 1102 ubi
3332 1060 3365 1100 a
3396 1045 3685 1115 discipulis

2103 1146 2381 1203 semotus,
2435 1137 2489 1191 in
2525 1137 2720 1192 faciem
2779 1139 3070 1208 procubuit
3129 1155 3296 1197 orans
3345 1150 3398 1196 et
3449 1140 3680 1194 dicens:

2095 1225 2279 1293 Pater,
2311 1228 2358 1282 si
2391 1227 2643 1296 possibile
2669 1238 2769 1292 est,
2809 1238 3044 1284 transeat
3070 1230 3155 1285 hic
3179 1231 3324 1285 calix
3365 1248 3398 1285 a
3429 1247 3529 1285 me.
3588 1229 3688 1303 Vg-

2094 1329 2391 1374 rumtamen
2437 1337 2542 1374 non
2589 1322 2726 1374 sicut
2767 1338 2859 1393 ego
2911 1323 3048 1387 uolo,
3101 1323 3192 1377 sed
3249 1324 3389 1379 sicut
3422 1333 3479 1377 tu
3510 1324 3586 1389 ";
3621 1338 3686 1379 ac

2095 1428 2338 1478 rursum,
2369 1411 2554 1479 Pater,
2582 1414 2628 1468 si
2654 1430 2757 1468 non
2784 1424 2953 1483 potest
2981 1415 3065 1469 hic
3093 1418 3342 1483 transire,
3374 1417 3480 1472 nisi
3510 1413 3685 1469 bibam

2095 1503 2269 1567 illum,
2301 1504 2400 1573 ﬁat
2423 1503 2666 1559 voluntas
2702 1515 2795 1559 tua
2817 1506 2859 1560 ³.

416 1416 515 1470 ἀπ’
548 1415 714 1487 ἐμοῦ.
748 1415 948 1485 Ὅμοια
977 1413 1034 1467 δὲ
1060 1412 1299 1482 ἡγοῦμαι
1325 1409 1464 1465 εἶναι
1491 1412 1665 1465 ταῦτα
1695 1414 1811 1475 τοῖς
1836 1412 1895 1463 ὲν
1914 1409 1994 1481 τῷ

417 1508 733 1579 Εὐαγγελίῳ
767 1508 914 1579 ἔργῳ
952 1504 1417 1576 τετελειωμένοις,
1459 1504 1588 1558 ἔνθα
1624 1503 1846 1568 διαστὰς
1883 1503 1994 1557 τῶν

416 1601 693 1673 μαθητῶν,
714 1600 907 1655 ἔπεσεν
935 1602 1027 1654 ἐπὶ
1051 1601 1337 1672 πρόσωπον
1359 1597 1525 1653 αὑτοῦ
1554 1598 1986 1670 προσευχόμενος
2015 1597 2111 1649 καὶ
2142 1597 2345 1666 λέγων·
2384 1595 2596 1665 Πάτερ,
2641 1601 2695 1652 εί
2734 1598 3017 1668 δυνατὸν,
3056 1600 3401 1669 παρελθέτω
3461 1599 3529 1654 τὸ
3578 1607 3686 1653 ao‘

415 1696 618 1766 τήριον
647 1694 824 1749 τοῦτο
864 1696 964 1749 ἀπ’
995 1695 1162 1765 ἐμοῦ.
1190 1693 1367 1763 Πλὴν
1396 1696 1509 1763 οὐχ
1543 1695 1624 1760 ὡς
1686 1693 1802 1765 ἐγὼ
1835 1692 2006 1756 θέλω,
2040 1692 2178 1746 ἀλλ’
2203 1693 2282 1758 ὠς
2307 1693 2387 1747 σύ
2410 1710 2423 1723 ·
2448 1694 2544 1746 καὶ
2564 1694 2726 1747 πάλιν
2749 1711 2762 1725 ·
2790 1693 3008 1764 Πάτερ,
3029 1698 3083 1749 ει
3107 1698 3180 1751 οὐ
3205 1695 3456 1750 δύναται
3508 1695 3684 1749 τοῦτο

414 1784 750 1854 παρελθεῖν,
811 1785 920 1838 ἐὰν
954 1784 1041 1855 μὴ
1086 1784 1234 1839 αὐτὸ
1280 1785 1415 1849 πίω,
1466 1783 1772 1853 γενηθήτω
1825 1783 1893 1835 τὸ
1957 1780 2188 1852 θέλημά
2217 1798 2334 1836 σου

484 1877 726 1945 Πτωχός
745 1878 863 1947 εἰμι
885 1876 1000 1945 ἐγὼ
1025 1877 1122 1931 καὶ
1139 1877 1209 1929 ἐν
1229 1876 1439 1942 κόποις
1457 1875 1527 1929 ἐκ
1542 1875 1823 1943 νεότητός
1835 1890 1979 1943 μου*

2156 1870 2320 1929 Vsus.
2349 1872 2533 1930 16-19.
2572 1874 2782 1943 Pauper
2832 1891 2949 1929 sum
2995 1892 3088 1948 ego
3121 1885 3173 1931 et
3213 1877 3267 1931 in
3323 1877 3595 1933 laboribus
3649 1896 3683 1932 α

415 1970 674 2039 ὑψωθεὶς
714 1970 782 2022 δὲ
824 1968 1227 2036 ἑταπεινώθην
1263 1969 1363 2023 καὶ
1407 1966 1810 2037 ἐξηπορήθην.
1857 1965 1982 2020 Ἐπ’

2094 1961 2352 2027 iuventute
2407 1979 2563 2017 mea:
2619 1963 2885 2019 exaltatus
2935 1976 3111 2020 autem
3140 1966 3451 2020 humiliatus
3479 1983 3598 2022 sum
3631 1963 3684 2052 εξ

414 2060 519 2125 ἐμὲ
547 2059 795 2129 διῆλθον
819 2062 879 2113 at
914 2060 1082 2130 ὀργαί
1102 2075 1242 2123 σου,
1271 2063 1325 2113 οὶ
1354 2059 1701 2129 φοϐερισμοί
1736 2071 1853 2111 σου
1897 2055 1988 2120 ἐξ·

2094 2054 2386 2122 perplexus.
2424 2052 2489 2108 In
2503 2072 2583 2109 me
2631 2057 2951 2110 transierunt
2987 2058 3082 2111 ira:
3127 2067 3229 2111 tute
3258 2097 3275 2122 ,
3320 2066 3541 2112 terrores
3607 2054 3683 2112 tu‘

414 2150 714 2220 srdpaé'cir
744 2167 843 2221 με.
893 2150 1285 2206 Ἐκύκλωσάν
1311 2168 1390 2221 με
1419 2151 1499 2216 ὡς
1513 2149 1669 2218 ὕδωρ
1691 2148 1847 2217 ὅλην
1872 2148 1988 2215 τὴν

2094 2143 2526 2198 conturbauerunt
2574 2162 2675 2201 me.
2728 2145 3195 2201 Circumdederunt
3236 2163 3316 2201 me
3353 2148 3491 2201 sicut
3543 2164 3684 2218 aqua

415 2244 664 2312 ἡμέραν,
697 2242 1021 2313 περιέσχον
1038 2259 1118 2312 με
1142 2242 1283 2313 ἅμα.
1325 2241 1691 2312 Ἐμὰκρυνας
1718 2240 1819 2294 ἀπ’
1840 2237 1986 2308 ἐμοῦ

2094 2244 2202 2288 tota
2249 2235 2369 2301 die,
2419 2237 2875 2292 circumdederunt
2926 2254 3007 2292 me
3071 2239 3251 2292 simul.
3324 2237 3606 2310 Elongasti
3647 2257 3681 2293 a

411 2332 597 2399 φίλον
623 2330 722 2384 καὶ
752 2333 1042 2399 πλησίον,
1074 2332 1171 2385 καὶ
1206 2331 1350 2398 τοὺς
1387 2331 1699 2401 γνωστούς
1728 2346 1847 2398 μου
1868 2327 1987 2383 ἀπὸ

415 2422 834 2490 ταλαιπωρίας.
889 2421 1001 2475 Καὶ
1032 2421 1209 2476 ταῦτα
1239 2424 1267 2475 ὁ
1307 2420 1600 2493 Σύμμαχος
1660 2419 1989 2492 σαφέστερόν

416 2529 533 2575 πως
562 2510 825 2576 ἐξέδωκεν
867 2512 1035 2566 εἰπών
1059 2530 1074 2541 ⁸
1126 2513 1368 2583 Πτωχὸς
1412 2513 1497 2566 ὢν
1546 2512 1645 2565 καί
1695 2512 1992 2566 ἐκλείπων

412 2604 534 2661 ἀπὸ
565 2607 869 2674 νεότητος,
920 2607 1222 2663 ἀνέλαϐον
1269 2607 1378 2662 τὸν
1424 2608 1613 2676 φόϐον
1653 2621 1791 2661 σου.
1835 2606 1993 2674 Πρὸς

414 2700 648 2765 τούτοις
668 2699 741 2753 δι’
764 2699 911 2769 ἐμοῦ
936 2700 1333 2770 παρώδευσαν
1363 2705 1423 2756 at
1451 2701 1618 2770 ὀργαί
1644 2714 1781 2763 σου,
1809 2701 1870 2752 αὶ
1896 2698 1993 2752 ἐκ·

414 2789 670 2858 πλήξεις
692 2806 809 2844 σου
837 2790 1301 2859 κατεσιώπησαν
1325 2808 1422 2860 με.
1459 2789 1795 2860 Περιῆλθόν
1810 2808 1889 2860 με
1911 2791 1994 2857 ὡς

415 2879 624 2945 ὕδατα,
653 2879 862 2935 πᾶσαν
921 2879 1038 2948 τὴν
1084 2881 1315 2950 ἡμέραν
1361 2879 1855 2950 περιεκύκλωσάν
1894 2897 1990 2951 με.

415 2975 526 3029 Καὶ
551 2976 581 3026 ὁ
619 2973 870 3038 Ἀκύλας,
899 2973 1019 3026 Ἐπ’
1049 2973 1177 3043 ἐμὲ,
1222 2973 1377 3045 φησὶ,
1401 2972 1715 3043 παρῆλθον
1740 2976 1800 3027 al
1827 2973 1996 3043 ὀργαί

414 3081 553 3118 σου.
591 3065 777 3129 Ὅπως
812 3065 870 3118 δὲ
900 3064 1122 3135 πτωχὸς
1148 3062 1216 3137 ἦν
1256 3067 1350 3119 καὶ
1386 3066 1444 3118 ἐν
1470 3066 1663 3131 κόποις
1699 3068 1766 3121 ὲκ
1808 3068 1997 3139 νεότη-

414 3170 505 3216 τος
524 3195 538 3218 ,
561 3152 799 3206 διδάσκει
834 3152 996 3218 αὐτὸς
1023 3156 1081 3207 ἐν
1106 3158 1218 3217 τοῖς
1257 3153 1610 3224 Εὐαγγελίοις
1645 3155 1771 3227 περὶ
1802 3154 1996 3208 ἑαυτοῦ

2091 2341 2171 2379 me
2225 2326 2453 2379 amicum
2496 2337 2548 2381 et
2604 2328 2946 2398 proximum,
3002 2336 3054 2382 et
3118 2337 3269 2383 notos
3310 2344 3450 2383 meos
3496 2346 3530 2382 a
3583 2329 3683 2383 mi-

2089 2417 2247 2473 seria.
2304 2417 2429 2473 Haec
2478 2420 2680 2475 clarius
2713 2418 3075 2491 Symmachus
3114 2419 3287 2475 edidit
3318 2420 3403 2475 his
3453 2421 3676 2476 verbis:

2092 2508 2301 2580 Pauper
2329 2527 2447 2565 cum
2477 2511 2578 2565 sim
2623 2522 2672 2566 et
2732 2511 2981 2581 deﬁciens
3030 2529 3063 2565 a
3098 2512 3373 2582 juventute
3401 2551 3417 2577 ,
3475 2514 3682 2584 suscepi

2094 2601 2335 2654 timorem
2367 2609 2536 2656 tuum.
2577 2600 2662 2654 Ad
2697 2600 2807 2655 lucc
2858 2616 2952 2671 per
2998 2618 3080 2656 me
3116 2611 3547 2671 pratermearunt
3584 2605 3683 2658 ira

2094 2699 2198 2745 tua:
2218 2730 2232 2755 ,
2278 2700 2505 2745 terrores
2530 2691 2608 2744 tui
2641 2700 2816 2744 tacere
2832 2707 2913 2746 me
2933 2689 3189 2761 fecerunt.
3212 2691 3681 2749 Circumvenerunt

2093 2798 2174 2836 me
2210 2783 2349 2836 sicut
2377 2798 2550 2853 aqua,
2595 2790 2706 2836 tota
2734 2783 2819 2836 die
2851 2782 3309 2838 circumdederunt
3338 2802 3436 2839 me.
3484 2785 3681 2856 Aquila

2095 2889 2246 2938 vero,
2272 2873 2442 2945 Super
2466 2891 2566 2940 me,
2600 2873 2797 2947 inquit,
2821 2877 3190 2945 praeterierunt
3219 2877 3317 2932 irae
3365 2888 3488 2932 tute.
3541 2879 3683 2944 Qua“

2098 2963 2258 3018 modo
2285 2973 2466 3019 autem
2495 2979 2700 3035 pauper
2736 2964 2903 3019 fuerit
2930 2976 2984 3022 et
3012 2966 3069 3021 in
3093 2966 3377 3022 laboribus
3407 2981 3440 3021 a
3481 2968 3683 3037 juven-

2096 3061 2233 3118 tute,
2269 3054 2430 3110 docet
2459 3055 2577 3126 ipse
2633 3056 2689 3111 in
2735 3056 3045 3128 Evangeliis
3095 3056 3163 3112 de
3201 3072 3260 3113 se
3314 3058 3546 3127 loquens
3593 3058 3681 3114 his

2099 3154 2321 3209 verbis:
2367 3153 2570 3209 Discite
2627 3173 2659 3211 a
2711 3173 2792 3211 me
2842 3158 2968 3228 quia
3019 3158 3166 3213 mitis
3196 3174 3315 3212 sum
3367 3166 3418 3212 et
3464 3158 3680 3214 humilis

413 3239 589 3310 λέγων
608 3258 623 3273 ⁸
662 3241 893 3296 Μάθετε
923 3244 1024 3297 ἀπ’
1057 3243 1226 3314 ἐμοῦ,
1258 3243 1349 3297 ὅτι
1381 3243 1574 3313 πρᾶός
1610 3246 1729 3315 εἰμι
1763 3246 1862 3299 καὶ
1887 3260 1990 3297 τα-

2098 3246 2254 3300 corde
2292 3245 2335 3297 ⁸.
2368 3245 2663 3315 Apostolus
2688 3247 2818 3303 item
2848 3247 2928 3302 ait
2958 3266 2973 3303 :
3008 3248 3115 3315 Qui
3142 3265 3264 3302 cum
3285 3249 3339 3303 in
3377 3249 3552 3319 forma
3580 3249 3682 3306 1)ιοὶ

412 3334 620 3401 πεινὸς
665 3333 741 3404 τῇ
779 3335 1014 3405 καρδίᾳ.
1059 3337 1170 3391 Καὶ
1214 3337 1243 3388 ὁ
1289 3336 1606 3400 ’Λπόστολός
1639 3353 1801 3410 φησιν
1826 3354 1839 3367 ο
1893 3337 1992 3403 Ὃς

412 3426 486 3479 ἐν
500 3424 703 3496 μορφῇ
734 3426 882 3481 Θεοῦ
911 3426 1217 3496 ὑπάρχων,
1245 3429 1360 3499 οὺχ
1384 3428 1701 3499 ἁρπαγμὸν
1721 3426 1992 3498 ἡγήσατο

412 3513 569 3571 εἶναι
609 3517 716 3571 ίσα
739 3517 880 3584 Θεῷ,
907 3518 1047 3573 ἀλλ’
1072 3519 1291 3573 ἑαυτὸν
1316 3519 1650 3575 ἐκένωσεν·
1685 3520 1826 3574 ὥστε
1853 3517 1991 3575 εἶναι

416 3609 588 3678 σαφὲς
639 3607 757 3672 πῶς
818 3609 1036 3680 εἴρηται
1088 3612 1242 3682 παρὰ
1290 3614 1404 3676 τοῖς
1467 3612 1871 3687 Ἐὅδομήκοντα
1910 3617 1991 3682 τὸ,

412 3699 660 3767 Πτωχός
682 3702 800 3769 ειμι
830 3698 946 3769 ἐγὼ
968 3700 1067 3756 καὶ
1096 3701 1167 3754 ἐν
1196 3703 1406 3770 κόποις
1441 3704 1512 3759 ἐκ
1541 3708 1826 3775 νεότητός
1846 3726 1990 3778 μου.

425 3792 569 3848 Ἀλλ’
597 3794 657 3846 ὲν
697 3794 795 3864 μὲν
838 3795 906 3863 τῇ
947 3793 1159 3864 νεότητι
1196 3795 1383 3860 αὐτοῦ,
1422 3796 1518 3850 καὶ
1554 3797 1730 3860 ἄλλως
1762 3798 1868 3853 ὑπὸ
1900 3800 1994 3854 τὸν

409 3883 771 3956 νομιζόμενον
791 3884 1004 3955 πατέρα
1027 3884 1117 3937 τὸν
1153 3884 1372 3956 Ἰωσὴφ,
1400 3887 1496 3940 καὶ
1524 3887 1624 3959 τὴν
1647 3888 1790 3943 κατὰ
1815 3890 1994 3962 σάρκα

410 3976 634 4050 μητέρα
664 3977 1021 4049 τρεφόμενος,
1046 3978 1260 4049 πτωχὸς
1291 3974 1359 4049 ἦν
1390 3981 1447 4033 ὲν
1473 3983 1710 4051 πτωχοῖς
1733 3999 1747 4012 θ
1781 3984 1877 4036 καὶ
1901 3984 1993 4037 τὸν

410 4071 657 4126 amovet
681 4070 848 4125 αὑτοῦ
886 4071 1001 4143 βίον
1038 4070 1291 4135 πλούσιος
1317 4071 1414 4137 ὢν,
1443 4072 1511 4125 δι’
1539 4075 1687 4145 ἡμᾶς
1716 4073 1989 4145 ἐπτώχευ-

415 4181 538 4227 σεν,
581 4165 728 4226 ὅπως
764 4165 926 4235 ἡμεῖς
970 4165 1038 4234 τῇ
1073 4163 1234 4217 αὐτοῦ
1286 4165 1531 4236 πτωχείᾳ
1580 4165 1988 4239 πλουτήσωμεν.

415 4256 551 4310 "Ore
591 4254 650 4308 δὲ
705 4255 891 4308 λοιπὸν
932 4252 1376 4327 παραδοξοποιῶν
1421 4257 1515 4310 καὶ
1554 4256 1690 4310 Θεοῦ
1733 4258 1993 4329 δυνάμεις

413 4347 728 4412 ἀποτελῶν,
774 4346 966 4417 ὑψώθη
1003 4364 1064 4401 τε
1133 4349 1226 4401 καὶ
1256 4348 1345 4404 διὰ
1387 4349 1483 4403 τοῦ
1527 4350 1733 4414 πάθους
1760 4350 1994 4421 ὑψωθεὶς

414 4437 776 4509 ἐταπεινώθη.
808 4441 884 4492 Δι’
931 4440 961 4493 ὃ
994 4440 1178 4511 ἔλεγεν
1200 4458 1214 4471 ο
1262 4442 1487 4510 ’Ὠσπερ
1523 4442 1748 4510 Μωσῆς
1783 4443 1994 4512 ὕψωσε

411 4528 527 4583 τὸν
561 4527 699 4597 ὄφιν
731 4528 801 4581 ἐν
827 4528 903 4597 τῇ
932 4528 1149 4599 ἐρήμῳ,
1193 4530 1382 4597 οὕτως
1414 4530 1730 4602 ὑψωθῆναι
1767 4531 1862 4586 δεῖ
1888 4532 1997 4586 τὸν

2096 3345 2251 3400 esset,
2283 3352 2386 3390 non
2422 3338 2669 3407 rapinam
2707 3336 3003 3392 arbitratus
3050 3348 3128 3394 est
3163 3356 3278 3395 esse
3319 3358 3374 3395 se
3427 3340 3683 3412 (squalent

2090 3426 2203 3482 Deo
2220 3468 2235 3493 ,
2275 3428 2366 3483 sed
2387 3429 2724 3499 semetipsum
2751 3431 3039 3485 exinanivit
3059 3432 3118 3498 ’ς
3148 3432 3224 3486 ita
3251 3441 3310 3486 ut
3329 3434 3682 3505 perspicuum

2090 3519 2164 3575 sit
2176 3535 2284 3591 qua
2301 3519 2368 3577 de
2378 3537 2546 3577 causa
2559 3521 2702 3593 apud
2716 3521 2860 3577 LXX
2876 3523 3207 3595 lnterpretes
3222 3524 3682 3598 dicatur,Pauper

2092 3632 2210 3670 sum
2232 3633 2325 3688 ego
2355 3625 2405 3670 et
2434 3617 2488 3670 in
2519 3616 2791 3673 laboribus
2842 3636 2877 3671 a
2897 3618 3174 3689 juventute
3220 3637 3356 3676 mea.
3391 3620 3590 3677 Verum
3624 3624 3682 3679 in

2088 3705 2377 3775 iuventute
2407 3721 2528 3771 sua,
2563 3722 2690 3762 cum
2726 3708 2970 3779 alioquin
3006 3725 3036 3765 a
3065 3710 3327 3782 Josepho,
3391 3714 3484 3784 qui
3526 3721 3683 3785 pater

2091 3795 2212 3867 ejus
2235 3811 2358 3853 esse
2394 3797 2712 3867 putabatur,
2736 3806 2791 3855 et
2822 3814 2853 3853 a
2885 3808 3058 3857 matre
3093 3817 3192 3858 sua
3227 3806 3529 3860 secundum
3558 3820 3683 3860 car-

2092 3902 2239 3952 nem,
2271 3887 2617 3950 educarctur,
2651 3904 2861 3961 pauper
2910 3893 3055 3948 inter
3112 3908 3381 3964 pauperes
3429 3905 3583 3964 erat;
3626 3906 3683 3953 ct

2093 3994 2219 4035 cum
2249 3981 2549 4035 secundum
2582 3972 2742 4035 aliam
2769 3983 2935 4035 vitam
2958 3998 3113 4039 suam
3141 3986 3295 4041 dives
3319 3996 3486 4054 esset,
3506 3991 3679 4046 nostri

2093 4085 2260 4125 causa
2304 4071 2463 4142 inops
2491 4072 2718 4127 effectus
2742 4080 2849 4135 est,
2883 4083 2943 4127 ut
2975 4089 3075 4129 nos
3106 4074 3228 4144 ejus
3261 4076 3448 4146 inopia
3479 4079 3680 4136 divites

2093 4176 2361 4219 essemus.
2391 4163 2527 4219 Cum
2558 4178 2723 4234 porro
2756 4162 2976 4218 demum
3020 4163 3265 4236 prodigia
3293 4174 3347 4220 et
3377 4167 3473 4223 Dei
3507 4171 3709 4225 virtu-'

2093 4262 2175 4307 tes
2204 4252 2393 4314 edens.
2428 4255 2700 4308 exaltatus
2722 4262 2828 4319 est,
2845 4262 2900 4309 et
2927 4268 3025 4325 per
3046 4256 3358 4324 passionem
3394 4273 3548 4313 suam
3571 4261 3681 4316 ele-

2093 4352 2275 4408 vatus,
2304 4345 2623 4401 humiliatus
2653 4353 2759 4400 est.
2791 4344 2973 4412 Quare
2993 4346 3207 4401 dicebat
3242 4368 3254 4403 :
3289 4347 3438 4404 Sicut
3467 4349 3679 4424 Moyses

2094 4434 2353 4487 exultavit
2403 4444 2695 4505 serpentem
2736 4436 2792 4489 in
2823 4435 3054 4502 deserto,
3085 4438 3166 4492 ita
3214 4441 3445 4495 exaltari
3479 4454 3680 4513 oportet

2097 4518 2299 4575 Filium
2326 4523 2557 4579 hominis
2576 4525 2634 4593 ‘;
2668 4541 2730 4591 ac
2755 4541 2996 4592 rursum,
3027 4528 3161 4583 Cum
3189 4532 3551 4589 exaltaneritis
3585 4534 3680 4589 Fi-

424 4620 564 4674 Υὶὸν
589 4620 695 4674 τοῦ
721 4621 1036 4689 ἀνθρώπου
1060 4638 1073 4652 ·
1112 4623 1207 4676 καὶ
1238 4623 1398 4677 πάλιν
1429 4640 1444 4654 ο
1492 4623 1671 4678 Ὅταν
1705 4625 1992 4694 ὑψώσητε

2097 4614 2227 4667 lium
2269 4613 2519 4682 hominis,
2575 4626 2698 4671 tunc
2747 4622 3068 4688 cognoscetis
3118 4623 3243 4692 quia
3275 4639 3369 4694 ego
3392 4626 3574 4693 sum";
3623 4628 3679 4683 in

414 4713 527 4767 τὸν
562 4712 701 4766 Υίὸν
731 4712 839 4767 τοῦ
865 4712 1198 4781 ἀνθρώπου,
1240 4716 1372 4770 τότε
1400 4715 1729 4786 γνώσεσθε,
1759 4717 1851 4771 ὅτι
1880 4717 1997 4787 ἐγώ

414 4804 575 4873 εἰμι·
622 4805 716 4857 καὶ
749 4805 806 4856 ὲν
844 4802 922 4876 τῷ
962 4806 1307 4877 προκειμένῳ
1333 4823 1348 4836 ·
1413 4808 1701 4878 ’Υψωθεὶς
1747 4808 1816 4862 δέ
1856 4810 1992 4869 ἐτα-

415 4893 717 4963 πεινώθην
752 4895 851 4948 καὶ
886 4894 1290 4965 ἐξηπορήθην.
1341 4897 1415 4951 Τὸ
1444 4898 1525 4962 δὲ,
1552 4900 1634 4952 Δι’
1673 4900 1820 4969 ἐμοῦ
1842 4914 1994 4970 παρ-

413 4987 694 5042 ώδευσαν
735 4991 795 5042 al
855 4989 1026 5058 ὀργαί
1060 5003 1177 5041 σου
1196 5028 1211 5051 ,
1259 4988 1400 5044 κατὰ
1450 4991 1543 5044 τὸν
1597 4991 1913 5064 Σύμμαχον,
1958 4993 1992 5065 ἦ

416 5077 560 5133 κατὰ
596 5079 686 5133 τὸν
739 5079 967 5134 Ἀκύλαν
992 5096 1006 5109 °
1056 5080 1180 5134 Ἐπ’
1217 5080 1324 5151 ἐμὲ
1370 5082 1684 5152 παρῆλθον
1710 5088 1771 5139 at
1815 5086 1985 5155 ὀργαί

414 5186 557 5233 σου,
587 5170 621 5241 ἢ
650 5171 792 5224 κατὰ
823 5173 950 5235 τοὺς
987 5171 1413 5243 Ἐϐδομήκοντα,
1459 5176 1584 5229 Ἐπ’
1603 5176 1709 5245 ἐμὲ
1741 5176 1994 5245 διῆλθον

415 5265 476 5319 at
507 5263 679 5333 ὀργαί
702 5280 842 5328 σου,
881 5264 1067 5334 σαφῶς
1093 5265 1443 5337 παρίστησιν,
1480 5268 1565 5322 ὅτι
1590 5270 1691 5322 οὐκ
1721 5272 1802 5333 είς
1825 5271 1991 5327 αὐτὸν

416 5356 757 5429 ἐπέσκηψαν,
793 5357 929 5410 ἀλλὰ
970 5357 1036 5410 δι’
1071 5355 1236 5412 αὑτοῦ
1284 5359 1558 5431 παρῆλθον
1584 5378 1597 5391 ·
1650 5362 1746 5415 καὶ
1789 5363 1872 5417 ὅτι
1914 5366 1990 5437 μὴ

415 5447 673 5519 ἔστησαν,
702 5448 839 5504 ἀλλὰ
868 5449 1102 5521 διῆλθον.
1136 5451 1210 5503 Τὸ
1239 5451 1317 5515 δὲ,
1341 5451 1711 5520 ἐξετάραξάν
1725 5471 1824 5523 με,
1849 5458 1994 5512 κατὰ

416 5545 544 5605 τοὺς
575 5543 997 5614 Ἐὁδομήκονΐα,
1032 5542 1217 5613 ὅμοιόν
1235 5542 1352 5596 ἐστι
1378 5542 1456 5616 τῷ
1490 5545 1768 5617 εἰρημένῳ
1796 5548 1855 5601 ὲν
1880 5551 1993 5615 τοῖς

2095 4707 2349 4775 praesenti
2383 4723 2513 4762 vero
2541 4709 2636 4774 ait,
2657 4707 2947 4766 Exaltatus
2988 4722 3186 4776 autem,
3213 4716 3529 4772 humiliatus
3559 4737 3680 4773 sum

2094 4808 2145 4851 et
2186 4793 2483 4869 perplexas.
2531 4802 2670 4856 Illud
2709 4811 2921 4867 autem,
2960 4802 3065 4859 Per
3117 4822 3198 4859 me
3241 4817 3679 4875 prretermearunt

2095 4892 2193 4946 ira:
2250 4902 2378 4957 tute,
2434 4893 2736 4949 secundum
2791 4892 3213 4966 Symmachum;
3245 4901 3330 4955 vel
3373 4906 3678 4959 secundum

2095 4980 2368 5052 Aquilam,
2408 4981 2575 5051 Super
2597 5001 2679 5039 me
2698 4986 3065 5054 praterierunt
3090 4989 3184 5044 ira:
3210 5002 3337 5059 tum,
3363 4994 3447 5050 vel
3476 5011 3679 5051 secun-

2094 5073 2224 5127 dum
2256 5071 2418 5138 LXX,
2460 5073 2527 5128 In
2549 5092 2639 5129 me
2657 5078 2983 5130 transierunt
3018 5078 3115 5133 ine
3141 5090 3266 5146 tua,
3297 5084 3445 5139 clare
3466 5083 3681 5140 denun-

2097 5168 2218 5232 tiat,
2254 5182 2363 5221 non
2408 5167 2465 5220 in
2500 5167 2593 5221 illo
2653 5169 2989 5232 constitisse,
3026 5174 3119 5227 sed
3173 5189 3267 5242 per
3311 5190 3434 5231 eum
3456 5188 3681 5248 prater-

2099 5254 2258 5322 iisse;
2333 5271 2512 5328 neque
2547 5260 2787 5323 stetisse,
2823 5258 2918 5313 sed
2954 5263 3262 5319 transiisse.
3302 5266 3435 5319 Illud
3471 5275 3677 5334 autem,

2097 5348 2539 5404 conturbauerunt
2573 5366 2674 5414 me,
2716 5351 3024 5407 secundum
3068 5351 3236 5418 LXX,
3273 5354 3403 5409 huic
3432 5355 3680 5430 Evange-

2100 5440 2296 5495 liorum
2340 5438 2489 5495 dicto
2525 5440 2707 5498 simile
2750 5452 2836 5497 est
2869 5461 2885 5497 :
2914 5442 3072 5498 Nunc
3102 5446 3283 5500 anima
3308 5463 3423 5501 mea
3460 5449 3679 5504 turbata

2098 5543 2174 5588 est
2191 5532 2245 5599 ⁸;
2269 5539 2343 5599 et,
2393 5532 2587 5586 Tristis
2614 5543 2692 5588 est
2717 5535 2897 5589 anima
2917 5553 3032 5590 mea
3056 5554 3217 5609 usque
3239 5537 3309 5592 ad
3332 5549 3576 5595 mortem'
3598 5551 3680 5601 :ct

491 5687 510 5719 ί
550 5685 655 5770 Isa.
690 5701 824 5749 Lm,
860 5684 997 5770 5-5:.
1034 5686 1055 5715 ¹
1094 5683 1239 5770 {’s‘aI,
1276 5700 1402 5747 xm,
1439 5686 1615 5770 ἴλης·
1654 5686 1844 5770 hiat-th.
1884 5708 2045 5759 xxvi,
2309 5692 2569 5770 i_l_)hl._4‘2.
2647 5694 2669 5725 ⁸
2710 5693 2903 5770 M_atth.
2942 5712 3024 5764 ιι,
3058 5697 3151 5753 ἓξ).
3228 5698 3250 5731 ⁸
3288 5696 3488 5770 Philip.
3531 5703 3677 5769 v.6,

421 5754 476 5814 ἴ,
550 5758 571 5790 ⁸
607 5756 766 5814 Joan.
802 5771 899 5820 Ill,
938 5756 1024 5809 Η.
1098 5757 1118 5787 '
1154 5754 1311 5809 Joau.
1348 5772 1482 5821 vui,
1515 5756 1604 5812 28.
1680 5760 1702 5791 ⁸
1739 5758 1898 5817 Joan.
1936 5779 1988 5819 ιι

2094 5765 2173 5819 ΞῚ.
2251 5765 2272 5796 ’
2313 5765 2499 5821 Matth.
2539 5779 2662 5819 xxv:
2690 5806 2705 5832 ,
2744 5768 2833 5820 58.

702 5853 970 5912 Ρηιιοι.
1006 5852 1122 5911 Gn.
1170 5850 1410 5913 XXIII.

3321 5863 3398 5921 3's

2422 5932 2455 5942 *νιν
