4074 6390
390 259 532 316 1067
1101 263 1371 319 EUSEBII
1400 264 1888 323 CAESARIENSIS
1925 265 2079 322 OPP.
2108 266 2296 326 PARS
2339 271 2426 328 Ill.
2470 305 2538 315 —
2571 274 2994 334 EXEGETICA.
3539 287 3678 343 1008

389 389 586 435 caetera
635 394 852 451 quoque
902 380 1204 436 sccundmn
1241 383 1526 440 historiam
1582 387 1978 456 implebantur,

2087 390 2441 460 Εὐαγγελίοις
2474 410 2487 422 ·
2530 394 2661 447 Νῦν
2686 396 2725 462 ἡ
2765 397 2938 466 ψυχή
2980 417 3100 467 μου
3140 403 3511 470 τετάρακται,
3557 406 3674 459 καὶν

388 491 512 530 cum
547 491 612 530 eo
652 476 839 530 relicto
871 476 1101 545 apostoli
1155 477 1569 540 abscesserunt.
1602 480 1795 536 Petrus
1852 496 1982 536 vero

2091 484 2431 550 Περίλυπός
2469 485 2644 539 ἐστιν
2667 486 2704 550 ἠ
2745 489 2910 556 ψυχή
2938 507 3062 557 μου
3095 491 3207 558 ἕως
3241 492 3502 548 θανάτου
3529 510 3541 523 ·
3583 497 3678 550 καὶ

386 572 474 620 ter
499 569 714 634 negavit
743 581 890 621 eum.
928 565 991 620 Et
1022 567 1127 621 alia
1156 584 1375 638 quoque
1402 572 1614 624 ratione
1652 572 1764 626 haec
1797 574 1982 628 omnia

2088 572 2156 625 τὰ
2189 572 2351 626 λοιπὰ
2376 573 2432 626 δὲ
2467 575 2608 628 κατὰ
2640 576 2739 648 τὴν
2769 577 3010 648 ἱστορίαν
3041 579 3362 652 ἐπληροῦτο.
3386 583 3476 635 ὅτε
3507 601 3677 638 κατα-

387 656 625 720 dicebat,
673 657 906 711 aliorum
958 657 1100 710 mala
1159 660 1264 713 sibi
1297 669 1354 713 ut
1388 665 1612 732 propria
1673 665 1978 732 ascribens,

2088 664 2338 727 λιπόντες
2361 665 2522 718 αὐτὸν
2545 667 2595 717 οἱ
2636 667 2926 721 ἀπόστολοι
2955 669 3162 740 ᾤχοντο
3182 689 3195 701 ·
3219 675 3247 725 ὁ
3270 672 3325 726 δὲ
3356 673 3565 746 Πέτρος
3584 678 3678 730 καὶ

386 747 637 802 videlicet
689 748 985 818 proditoris
1017 747 1170 804 Judze
1205 754 1528 820 perniciem,
1563 755 1847 826 totiusque
1882 756 1980 811 Ju-

2086 755 2266 824 τρίτον
2303 755 2468 808 αὐτὸν
2513 757 2812 827 ἠρνήσατο.
2860 760 2966 812 Καὶ
3018 761 3192 827 ἄλλως
3234 763 3289 816 δὲ
3336 763 3408 816 τὰ
3451 767 3675 837 προκεί-

386 840 557 895 daicae
584 843 763 912 gentis
796 842 1014 897 ruinam
1041 863 1053 897 :
1078 845 1145 899 de
1180 846 1401 915 quibus,
1438 850 1596 918 quasi
1620 849 1687 904 de
1721 850 1846 907 ﬁliis
1878 852 1980 907 im-

2091 863 2228 916 μενα
2272 847 2488 900 ἅπαντα
2543 848 2818 917 ἔφασκεν,
2884 852 3310 924 ίδιοποιούμενος
3350 855 3418 910 τὰ
3469 857 3673 929 ἐτέρων

384 934 593 1004 probis,
625 933 930 1004 iniquitatis
983 951 1096 990 suae
1149 943 1318 992 eausa
1381 942 1763 1010 pereuntibus,
1814 944 1978 999 velte-

2087 939 2264 992 κακά’
2305 938 2448 1008 λέγω
2484 939 2542 993 δὲ
2582 940 2678 993 τοῦ
2711 943 2973 1012 προδότου
3017 945 3189 999 Ἰούδα
3233 947 3332 1020 τὴν
3371 947 3668 1013 ἀπώλειαν,

385 1027 554 1080 menti
613 1025 985 1082 miserationis
1015 1036 1069 1083 et
1115 1028 1473 1087 humanitatis
1535 1032 1731 1089 aﬁ‘ectu
1763 1052 1974 1091 eorum

2085 1027 2293 1081 καὶτοῦ
2317 1030 2518 1094 παντὸς
2555 1031 2824 1085 Ἰουδαίων
2852 1033 3038 1099 ἔθνους
3070 1036 3168 1106 τὴν
3196 1037 3512 1093 ἀπόπτωσιν
3531 1057 3544 1071 ⁸
3583 1043 3669 1114 ἐφ’

385 1119 528 1172 mala
568 1119 634 1172 ad
675 1134 967 1189 personam
1015 1121 1294 1190 propriam
1331 1121 1600 1190 referens,
1645 1125 1975 1196 ingemisce-

2083 1113 2164 1181 οἷς
2195 1117 2262 1169 δι’
2295 1119 2602 1190 ὑπερϐολὴν
2637 1121 3044 1195 εὐσπλαγχνίας
3097 1129 3191 1181 καὶ
3239 1113 3659 1203 φιλανθρωπίας,

383 1211 495 1266 bat.
551 1210 608 1265 ld
657 1227 823 1281 porro
855 1213 1128 1283 intelligas
1166 1214 1212 1270 si
1245 1215 1332 1270 his
1361 1216 1642 1286 prOphetaa
1669 1219 1851 1274 verbis
1891 1227 1972 1272 at-

2081 1208 2157 1272 ὠς
2179 1211 2263 1279 ἐφ’
2277 1212 2410 1274 υἱοῖς
2427 1216 2703 1283 πονηροῖς,
2721 1213 2811 1267 διὰ
2823 1217 2922 1280 τὰς
2934 1217 3115 1272 αὐτῶν
3141 1220 3340 1284 κακίας
3361 1222 3556 1276 ἀπολλυ
3565 1225 3659 1295 μέ-

380 1303 572 1358 tendas
602 1302 743 1357 :Hic
771 1313 986 1372 peccata
1013 1315 1199 1360 nostra
1240 1317 1441 1375 portat,
1473 1318 1521 1361 et
1548 1323 1642 1376 pro
1674 1309 1825 1364 nobis
1853 1327 1974 1364 cru-

2081 1315 2212 1362 νοις,
2232 1298 2402 1352 ταῦτα
2414 1303 2494 1364 είς
2507 1302 2698 1355 ἐαυτοῦ
2716 1305 3005 1375 πρόσωπον
3017 1306 3190 1360 ἀναλα
3199 1308 3440 1379 μϐἀνων,
3454 1311 3662 1367 ἀπωδύ-

379 1397 556 1449 ciatur
575 1397 639 1448 ¹⁰.
661 1395 842 1462 Quare
857 1412 1045 1452 eorum
1061 1399 1233 1467 gratia
1248 1398 1436 1454 dolore
1449 1399 1677 1456 aﬁ’cctus
1698 1403 1970 1456 exclama-

2083 1408 2225 1461 ρετο.
2246 1393 2360 1465 Nai;
2369 1411 2481 1458 σεις
2496 1395 2552 1447 δέ
2563 1394 2722 1448 τοῦτο
2749 1397 3049 1470 ἐπιστήσας
3063 1400 3140 1452 τῶ
3155 1400 3368 1470 λέγοντι
3387 1406 3661 1477 προφήτῃο

379 1487 472 1542 bat
498 1487 688 1543 dicens
724 1507 736 1542 :
773 1486 837 1541 In
875 1505 956 1542 me
1001 1491 1330 1542 transierunt
1359 1493 1452 1544 ira:
1479 1500 1604 1552 tute,
1638 1502 1864 1548 terrores
1893 1496 1970 1547 tui

2089 1479 2286 1550 Οὗτος
2325 1484 2434 1551 τὰς
2459 1485 2754 1554 ἁμαρτίας
2783 1485 2953 1555 ἡμῶν
2977 1488 3160 1558 φέρει,
3213 1491 3314 1545 καὶ
3344 1493 3477 1561 περὶ
3500 1495 3670 1564 ἡμῶν

378 1578 819 1634 conturbauerunt
849 1597 950 1634 me.
976 1578 1210 1635 Videbat
1240 1581 1385 1636 enim
1414 1597 1524 1636 non
1553 1583 1626 1636 ita
1653 1584 1825 1638 multo
1847 1593 1972 1656 post

2078 1574 2384 1630 ὀδυνᾶται.
2426 1577 2519 1629 Διὸ
2553 1577 2691 1648 ὐπέρ
2730 1579 2914 1632 αὐτῶν
2949 1580 3286 1652 ὀδυνώμενος
3307 1583 3435 1638 ἐϐόα
3456 1585 3665 1654 λέγων’

377 1677 663 1723 venturam
714 1669 875 1736 iram,
913 1684 1036 1739 quae
1086 1669 1272 1724 omnia
1309 1670 1419 1725 illis
1451 1680 1685 1741 augusta
1721 1682 1776 1728 et
1807 1690 1970 1730 vene-

2091 1667 2208 1720 Ἐπ’
2236 1667 2342 1736 ἐμὲ
2383 1666 2634 1736 διῆλθον
2685 1673 2744 1724 al
2788 1673 2957 1741 ὀργαί
2994 1686 3110 1726 σου
3143 1715 3158 1740 ,
3215 1675 3268 1726 οί
3316 1677 3669 1746 φοϐερισμοι

375 1761 548 1816 randa
587 1761 656 1816 de
687 1761 869 1816 medio
917 1762 1176 1827 sustulit;
1212 1761 1286 1814 ita
1319 1769 1379 1817 ut
1426 1762 1628 1817 Sancta
1657 1771 1975 1819 sanctorum

2079 1778 2196 1816 σου
2251 1760 2621 1832 ἐξετάραξάν
2653 1783 2750 1836 με.
2812 1766 2990 1839 Ἐώρα
3031 1767 3140 1840 γὰρ
3177 1767 3276 1840 τὴν
3315 1769 3416 1823 οὐκ
3442 1773 3522 1835 είς
3559 1789 3666 1842 μα-

373 1861 428 1908 et
466 1855 637 1908 altare
681 1867 712 1905 a
757 1851 1132 1908 fundamentis
1163 1853 1539 1917 diruerentur,
1574 1870 1841 1926 regesque
1873 1872 1970 1912 eo-

2076 1854 2209 1924 κρὸν
2273 1857 2708 1929 ἐπελευσομένην
2778 1859 2964 1923 αὐτοῖς
3006 1861 3219 1932 ὀργὴν,
3286 1863 3412 1931 ἥτις
3485 1866 3665 1920 αὐτῶν

373 1959 493 1997 rum
547 1942 639 2014 qui
693 1941 954 1996 diuturna
1002 1951 1289 1997 atavorum
1337 1945 1694 2000 successione
1737 1945 1804 1999 ad
1836 1946 1971 2001 illud

2073 1944 2285 2016 ἀθρόως
2326 1947 2394 2001 τά
2450 1949 2625 2018 σεμνά
2671 1949 2850 2003 πάντα
2901 1949 3230 2022 ἐξηφάνισεν
3267 1969 3281 1983 ο
3331 1953 3408 2016 ὡς
3441 1955 3512 2008 τά
3563 1956 3663 2027 μὲν

372 2050 548 2106 usque
609 2042 826 2105 tempus
879 2035 1236 2099 devenerant,
1284 2033 1446 2090 ﬁnem
1479 2035 1789 2104 imperandi
1820 2035 1969 2092 face-

2077 2039 2242 2107 ’Ἅγια
2281 2039 2389 2092 τῶν
2433 2039 2635 2108 ἁγίων,
2682 2042 2776 2094 καὶ
2814 2041 2877 2094 τὸ
2909 2042 3294 2114 θυσιαστήριον
3337 2046 3402 2098 ἐκ
3445 2045 3663 2120 βάθρων

371 2134 526 2192 rent;
552 2126 646 2195 jus
675 2134 729 2182 et
757 2125 991 2182 facultas
1017 2127 1108 2181 illa
1139 2127 1256 2183 suis
1285 2125 1505 2181 vivendi
1533 2126 1769 2198 legibus,
1801 2143 1910 2199 qua
1938 2142 1970 2182 a

2071 2129 2411 2195 ἀπολέσθαι,
2453 2131 2708 2202 βασιλέας
2753 2133 2812 2186 δὲ
2850 2133 3054 2197 αὐτῶν,
3103 2137 3231 2202 τοὺς
3270 2137 3336 2189 ἐκ
3381 2139 3663 2207 προγόνων

370 2219 694 2290 longissimo
728 2234 844 2274 aevo
876 2219 957 2273 usi
985 2217 1436 2289 fuerant,lega'lis
1476 2219 1662 2275 cultus
1691 2235 1815 2275 cum
1849 2220 1970 2291 ipso

2070 2220 2324 2292 διαδοχῆς
2357 2224 2436 2285 είς
2458 2223 2635 2275 ἐκεῖνο
2670 2223 2864 2295 καιροῦ
2897 2224 3316 2295 διὰρκέσαντας,
3353 2227 3663 2298 καταλυθῆ-

370 2312 706 2376 sacerdotio,
736 2327 801 2368 ac
829 2313 1060 2382 reliquis
1092 2313 1328 2368 ducibus
1361 2313 1822 2384 principibusque
1850 2315 1968 2371 suis

2070 2333 2179 2380 ναι,
2226 2317 2327 2387 τήν
2367 2333 2426 2368 τε
2463 2316 2795 2387 αὐτονομίαν
2833 2318 2957 2372 καθ’
2990 2319 3058 2390 ἢν
3092 2319 3152 2386 ἐξ
3199 2319 3396 2383 αἰῶνος
3444 2320 3659 2392 μακροῦ

369 2413 887 2482 εκεῑίηειιετοηιιινς
921 2412 996 2464 ita
1027 2418 1086 2464 ut
1118 2426 1186 2465 ne
1210 2410 1502 2482 vestigium
1525 2410 1746 2483 quidem
1774 2427 1965 2466 eorum

2069 2410 2482 2473 ἐπολιτεύοντο,
2518 2410 2615 2464 καὶ
2645 2410 2744 2479 τὴν
2793 2412 2935 2465 κατὰ
2981 2412 3178 2483 νόμους
3220 2411 3478 2484 λατρείαν
3518 2413 3655 2484 αὐτῇ

370 2501 440 2556 ad
493 2502 596 2556 hoc
643 2517 822 2572 usque
879 2510 1097 2572 tempus
1154 2501 1439 2557 residuum
1491 2504 1780 2560 manserit.
1835 2503 1968 2570 Quae

2070 2502 2337 2575 ἱερωσύνῃ
2389 2501 2484 2555 καὶ
2537 2505 2650 2566 τοῖς
2691 2503 2902 2567 λοιποῖς
2945 2503 3183 2576 ἡγεμόσι
3229 2521 3288 2558 τε
3336 2503 3518 2558 αὐτῶν
3564 2505 3658 2558 καὶ

369 2591 554 2644 omnia
598 2592 844 2663 perpessi
891 2602 1045 2657 sunt,
1068 2593 1150 2647 ira
1182 2591 1280 2648 Dei
1312 2610 1425 2649 non
1457 2594 1556 2650 diu
1591 2604 1718 2666 post
1751 2599 1966 2667 passio-

2068 2593 2324 2666 ἄρχουσιν
2353 2592 2762 2665 ἀποσϐεσθῆναι
2781 2611 2794 2624 ·
2830 2594 2907 2658 ὡς
2939 2595 3073 2666 μηδὲ
3108 2597 3252 2666 ἴχνος
3275 2595 3454 2649 αὐτῶν
3488 2596 3656 2650 είσέτι

369 2697 493 2737 nem
521 2683 664 2753 ejus,
695 2685 764 2739 ob
793 2684 1035 2740 admissa
1069 2693 1261 2740 contra
1294 2687 1472 2757 ipsum
1502 2686 1770 2752 facinora,
1794 2697 1963 2744 totam

2067 2685 2162 2739 νῦν
2202 2685 2638 2758 περιλείπεσθαι.
2673 2688 2739 2739 Ἃ
2762 2685 2827 2758 δὴ
2861 2688 3040 2742 πάντα
3070 2688 3400 2742 πεπόνθασιν
3430 2688 3656 2760 ὑπὸτῆς

366 2786 558 2826 eorum
595 2781 813 2843 gentem
841 2773 1154 2830 invadente.
1187 2774 1320 2842 Quae
1359 2777 1476 2847 ipse
1509 2777 1856 2849 signiﬁcabat
1878 2779 1964 2836 his

2067 2779 2235 2850 ὀργῆς
2263 2777 2360 2831 τοῦ
2393 2777 2552 2843 Θεοῦ,
2586 2779 2686 2851 τῆς
2723 2781 2824 2833 οὐκ
2851 2782 2932 2845 είς
2973 2781 3185 2854 μακρὸν
3216 2781 3355 2852 μετά
3389 2782 3452 2836 τὸ
3484 2782 3655 2847 πάθος

365 2861 568 2929 verbis,
602 2861 665 2918 In
712 2881 792 2918 me
843 2864 1170 2918 transierunt
1216 2865 1312 2920 ira:
1366 2875 1492 2932 tuw,
1527 2882 1592 2922 ac
1636 2868 1682 2923 si
1731 2867 1961 2936 diceret,

2066 2871 2232 2927 αὐτοῦ
2281 2871 2341 2924 τὸ
2389 2873 2498 2925 πᾶν
2553 2872 2736 2926 αὐτῶν
2785 2873 2938 2938 ἔθνος
2991 2874 3408 2946 καταλαϐούσης
3449 2874 3538 2929 διὰ
3586 2875 3655 2929 τὰ

371 2951 595 3022 Propter
632 2971 743 3019 me;
783 2956 898 3011 sive
919 2959 1222 3012 secundum
1254 2956 1668 3030 Symmachum,
1705 2960 1812 3015 Per
1842 2978 1958 3022 me:

2063 2963 2445 3035 τετολμημένα
2477 2967 2662 3029 αὐτοῖς
2684 2968 2805 3019 κατ’
2838 2965 3005 3019 αὐτοῦ
3026 2984 3040 2996 θ
3075 2966 3111 3020 ἃ.
3131 2967 3196 3038 δὴ
3227 2967 3414 3038 ἐδήλου
3443 2966 3616 3037 λέγων
3639 2983 3652 2996 ·

364 3047 495 3116 quia
554 3048 862 3104 secundum
920 3050 1000 3103 rei
1045 3050 1329 3105 veritatem
1359 3051 1488 3104 talia
1517 3060 1744 3122 propter
1779 3053 1958 3122 ipsum

2077 3056 2203 3108 Ἐπ’
2235 3055 2340 3126 ἐμὲ
2380 3057 2636 3125 διῆλθον
2670 3062 2728 3112 αἱ
2779 3059 2949 3127 ὀργαί
2986 3075 3105 3112 σου
3139 3075 3154 3090 ο
3192 3060 3324 3112 ὡσεὶ
3349 3059 3504 3128 ἔλεγε
3525 3098 3541 3124 ,
3571 3058 3654 3113 Δι’

363 3110 514 3210 passi
554 3146 704 3197 sunt.
739 3138 857 3194 lmo
898 3141 1065 3196 etiam
1110 3141 1330 3196 illorum
1363 3110 1576 3196 cladein
1613 3110 1958 3214 prospiciens

2059 3145 2164 3214 ἐμέ
2187 3163 2199 3176 ·
2236 3110 2279 3217 ἢ.
2303 3110 2558 3202 κατάντδν
2575 3110 3014 3217 γΣύμμαχον,νᾸιζ
3036 3110 3184 3216 ἐροῦ
3203 3110 3227 3178 ζ
3513 3110 3654 3203 κατά

360 3232 600 3295 dicebat,
659 3231 910 3286 Terrores
957 3233 1034 3286 tui
1081 3233 1527 3286 conturbauerunt
1575 3249 1676 3289 me.
1729 3234 1958 3290 Etiamsi

2059 3238 2150 3289 τὸν
2177 3237 2348 3308 ἀληθῆ
2397 3239 2555 3306 λόγον
2597 3239 2668 3290 δι’
2685 3238 2847 3290 αὐτὸν
2881 3237 3054 3290 ταῦτα
3088 3237 3266 3291 πάντα
3297 3238 3649 3295 πεπόνθασιν.

360 3325 509 3380 enim
546 3332 793 3380 terrores
825 3324 942 3390 Dei,
969 3341 1111 3396 quos
1137 3326 1272 3396 ipsis
1305 3327 1586 3395 propheta:
1636 3327 1952 3381 intermina-

2073 3329 2234 3382 Ἀλλά
2282 3331 2376 3382 καὶ
2422 3330 2672 3402 προορῶν
2711 3327 2892 3381 αὐτῶν
2936 3329 3029 3381 τὸν
3071 3329 3294 3400 ὄλεθρον
3333 3330 3552 3397 ἔλεγεν·
3586 3333 3652 3384 Οἱ

360 3416 584 3483 bantur,
601 3433 697 3472 eos
715 3418 784 3473 ob
801 3417 1058 3473 duritiem
1077 3417 1260 3474 cordis
1296 3434 1407 3472 non
1424 3419 1812 3474 conturbarcnt
1835 3437 1850 3486 ;
1872 3434 1959 3474 me

2059 3418 2413 3488 φοϐερισμοί
2459 3433 2576 3472 σου
2619 3415 2994 3484 ἐξετάραξάν
3035 3434 3132 3487 με.
3185 3419 3248 3471 Ei
3286 3418 3396 3489 γὰρ
3444 3420 3538 3473 καὶ
3581 3421 3651 3474 τὰ

361 3519 566 3574 tamen,
586 3509 788 3581 inquit.
807 3511 902 3580 qui
921 3511 1251 3565 terribilium
1273 3525 1592 3565 sermonum
1609 3517 1828 3564 tuorum
1842 3510 1959 3566 exi-

2064 3508 2301 3580 μάλιστα
2348 3509 2435 3563 διὰ
2474 3510 2574 3581 τὴν
2612 3511 2970 3581 ἀναισθησίαν
3013 3511 3114 3563 οὐκ
3165 3511 3462 3583 ἐτάραττον
3509 3513 3650 3566 ἐκεί-

358 3610 475 3654 tum
521 3602 921 3672 prospicerem,
957 3611 1198 3657 terrores
1223 3601 1305 3655 'tui
1341 3601 1831 3656 conturbaverunt.
1865 3597 1956 3654 Sic

2060 3618 2184 3664 νους
2220 3604 2270 3654 οἱ
2301 3601 2391 3654 διὰ
2429 3602 2538 3654 τῶν
2572 3602 2870 3674 προφητῶν
2913 3602 3138 3656 ἀπειλού
3149 3621 3300 3673 μενοι
3324 3604 3445 3656 κατ’
3470 3605 3648 3658 αὐτῶν

358 3693 545 3764 itaque
579 3693 650 3748 ob
681 3709 872 3749 eorum
914 3694 1228 3764 impietates
1246 3693 1469 3748 Patrem
1503 3707 1602 3763 pro
1627 3693 1738 3747 illis
1761 3690 1957 3762 depre-

2061 3692 2386 3763 φοϐερισμοὶ
2419 3692 2513 3745 τοῦ
2544 3692 2702 3757 Θεοῦ,
2752 3692 2869 3746 ἀλλ’
2898 3693 3018 3763 ἐμὲ,
3059 3694 3245 3764 φησὶν,
3285 3693 3502 3764 ὁρῶντα
3538 3696 3648 3749 τῶν

355 3799 514 3848 cans,
552 3785 738 3840 animo
769 3787 926 3842 valde
951 3795 1204 3851 mmstus,
1239 3787 1600 3857 ipsorumque
1644 3800 1812 3840 causa
1838 3793 1955 3838 tur-

2059 3784 2309 3857 φοϐερῶν
2362 3802 2457 3838 σου
2505 3785 2680 3853 λόγων
2728 3788 2829 3850 τὰς
2872 3786 3158 3852 ἐκόάσεις,
3196 3788 3558 3860 ἐξετάρασσον
3599 3790 3648 3842 οί

356 3879 539 3942 batus,
568 3879 746 3940 tristis
775 3887 892 3934 erat
917 3895 1092 3944 usque
1120 3879 1188 3933 ad
1225 3887 1503 3937 mortem:
1539 3879 1668 3949 quia
1700 3878 1948 3932 immine-

2058 3871 2382 3943 φοὸερισμοί
2413 3889 2530 3927 σου.
2565 3871 2758 3938 Οῦτως
2793 3871 2886 3929 οὖν
2925 3875 3014 3929 διά
3052 3876 3150 3941 τὰς
3192 3878 3418 3932 ἐκείνων
3450 3880 3645 3934 δυσσε-

355 3973 491 4027 bant
541 3974 648 4028 illis
699 3975 793 4028 ira:
840 3973 930 4027 Dei
967 3975 1104 4040 tela;
1142 3974 1216 4026 ita
1249 3981 1309 4028 ut
1342 3973 1644 4035 orationes,
1680 3988 1818 4042 quas
1855 3988 1954 4042 pro

2057 3961 2212 4026 θείας
2244 3964 2584 4036 παρακαλῶν
2617 3967 2710 4020 τὸν
2752 3968 2976 4038 Πατέρα
3007 3969 3148 4040 ὑπὲρ
3175 3969 3377 4033 αὐτῶν,
3417 3971 3511 4024 καὶ⁷
3546 3971 3647 4042 τὴν

355 4065 465 4120 illis
516 4065 826 4127 emittebat,
855 4065 997 4120 nihil
1047 4065 1152 4118 loci
1202 4065 1504 4120 haberent:
1539 4079 1710 4133 quare
1739 4079 1865 4118 cum
1896 4063 1952 4118 in

2054 4052 2231 4124 ψυχὴν
2255 4055 2581 4126 ὑπεραλγῶν
2608 4055 2701 4109 καὶ
2733 4056 2800 4109 δι’
2830 4058 3028 4121 αὐτοὺς
3051 4060 3646 4131 ταραττόμενοςρπερί-

355 4158 666 4230 Evangeliis
700 4174 908 4228 pronus
936 4166 990 4212 et
1019 4158 1391 4226 procumbens
1423 4158 1477 4211 in
1511 4157 1706 4212 faciem
1732 4155 1952 4225 jacens-

2054 4144 2224 4207 λυπος
2261 4141 2329 4215 ἦν
2375 4145 2538 4218 μέχρι
2578 4146 2809 4201 θανάτου
2832 4165 2845 4178 ο
2879 4149 3066 4220 ἐπειδὴ
3105 4149 3175 4202 τὰ
3211 4153 3311 4221 τῆς
3344 4151 3516 4222 ὀργῆς
3551 4149 3644 4203 τοῦ

352 4265 457 4320 que
487 4265 678 4320 preces
722 4251 1016 4314 emitteret,
1061 4250 1284 4318 haecque
1327 4250 1638 4303 clamaret:
1673 4247 1864 4313 Pater,
1899 4249 1950 4301 si

2053 4237 2188 4291 Θεοῦ
2223 4238 2471 4309 σφοδρῶς
2504 4241 2758 4293 ἐπέκειτο
2790 4243 2912 4294 κατ’
2943 4243 3142 4306 αὐτῶν,
3179 4243 3255 4305 ὼς
3279 4243 3410 4314 μηδὲ
3439 4244 3645 4314 τυγχά-

349 4343 602 4410 possibile
629 4351 728 4406 est,
756 4351 992 4396 transeat
1019 4359 1050 4396 a
1092 4359 1172 4395 me
1202 4342 1346 4395 calix
1371 4342 1469 4394 iste
1497 4341 1537 4371 ¹¹
1563 4358 1578 4405 ;
1609 4339 1827 4404 deinde,
1857 4339 1950 4394 ubi

2053 4347 2164 4384 νειν
2198 4330 2308 4384 τῶν
2340 4330 2536 4402 εὐχῶν,
2585 4326 2660 4386 ὧν
2689 4334 3007 4404 ἀνέπεμπεν
3043 4335 3184 4406 ὑπὲρ
3213 4335 3393 4388 αὐτῶν
3416 4353 3428 4364 ·
3471 4335 3538 4388 δι’
3564 4330 3639 4388 ὧν

353 4433 487 4488 vidit
515 4431 693 4487 Patris
715 4433 1051 4487 voluntatem
1082 4433 1347 4496 abnuere,
1372 4430 1681 4500 subiunxit,
1724 4429 1950 4484 Verum-

2055 4422 2390 4495 παρακαλῶν
2426 4425 2522 4476 καὶ
2549 4424 2803 4494 δεόμενος
2833 4427 2890 4478 ἐν
2920 4430 3031 4489 τοῖς
3069 4427 3424 4495 Εὐαγγελίοις
3480 4443 3644 4498 προσ-

351 4532 526 4576 tamen
555 4539 661 4576 non
705 4523 840 4577 sicut
861 4538 954 4591 ego
982 4521 1121 4586 volo,
1147 4521 1242 4574 sed
1273 4522 1409 4575 sicut
1443 4520 1579 4574 tu“.
1610 4517 1676 4572 Et
1699 4518 1946 4573 secundo

2056 4514 2288 4567 ἐπιπτεν
2331 4515 2546 4586 πρηνής
2582 4533 2642 4568 τε
2685 4517 2825 4571 κατὰ
2874 4517 3168 4590 προσώπου
3203 4519 3453 4590 κείμενος
3476 4518 3639 4582 ἐϐόα,

350 4611 542 4666 abiens
568 4611 884 4682 procumbit
911 4612 966 4665 in
1001 4610 1217 4674 faciem,
1237 4619 1291 4665 et
1324 4611 1410 4665 his
1436 4608 1618 4665 verbis
1647 4618 1767 4662 orat
1791 4627 1802 4662 :
1833 4607 1946 4662 Pa-

2057 4605 2275 4673 Πάτερ,
2310 4605 2505 4674 λέγων,
2547 4609 2602 4660 εὶ
2633 4607 2918 4672 δυνατὸν,
2955 4610 3296 4677 παρελθέτω
3339 4610 3405 4662 τὸ
3459 4610 3642 4676 ποτή-

349 4711 448 4766 ter,
482 4703 528 4755 si
579 4701 830 4770 possibile
885 4720 989 4756 non
1026 4713 1104 4756 est
1137 4712 1194 4755 ut
1223 4702 1306 4756 hic
1338 4710 1600 4765 transeat,
1633 4701 1738 4754 nisi
1769 4700 1944 4754 bibant

2046 4714 2185 4765 ριον
2229 4697 2407 4751 τοῦτο
2449 4699 2551 4752 ἀπ’
2584 4697 2730 4767 ἐμοῦ
2755 4715 2767 4727 ”
2803 4695 2900 4752 εἷθ’
2939 4701 3082 4772 ὁρῶν
3128 4701 3492 4754 ἀνανεύουσαν
3541 4701 3639 4771 τὴν

347 4794 526 4857 illum,
564 4795 660 4864 ﬁat
692 4797 934 4848 voluntas
969 4803 1064 4846 tua
1085 4794 1162 4858 ¹³;
1199 4807 1262 4847 ac
1284 4793 1445 4847 tertio
1479 4791 1760 4863 profectus
1789 4806 1947 4846 eum-

2055 4788 2250 4861 βουλὴν
2291 4790 2387 4843 τοῦ
2440 4790 2654 4862 Πατρὸς
2675 4831 2688 4853 ,
2737 4792 2972 4862 ἐπέφερε
2995 4810 3007 4823 ’
3041 4792 3216 4860 Πλὴν
3243 4793 3380 4847 ἀλλ’
3407 4795 3520 4861 οὐχ
3558 4793 3639 4858 ὠς

347 4886 471 4940 dem
531 4899 838 4941 sermonem
871 4887 1119 4956 protulit.
1148 4885 1330 4952 Quare
1361 4885 1599 4954 idipsum
1633 4883 1719 4939 his
1758 4883 1942 4938 verbis

2050 4881 2166 4951 ἐγὼ
2192 4881 2367 4947 θέλω,
2401 4883 2538 4937 ἀλλ’
2574 4885 2655 4950 ὠς
2679 4885 2780 4937 σύ.
2818 4885 2929 4938 Καὶ
2961 4885 3211 4958 δεύτερον
3244 4885 3515 4950 ἀπελθὼν,
3545 4886 3639 4938 ἐπὶ

346 4973 693 5045 signiﬁcabat
720 4990 737 5029 :
770 4973 988 5045 thuid,
1009 4975 1254 5041 Domine,
1277 4976 1484 5046 repellis
1503 4976 1946 5033 animammeam.

2056 4975 2350 5046 πρόσωπον
2388 4977 2597 5042 πίπτει,
2644 4977 2738 5031 καὶ
2777 4976 3139 5047 προσεύχεται
3171 4979 3377 5047 λέγων’
3418 4976 3632 5045 Πάτερ,

343 5069 538 5121 avertis
595 5067 789 5136 faciem
826 5076 974 5120 tuam
1019 5086 1054 5122 a
1103 5072 1224 5125 me?
1249 5078 1304 5123 et
1338 5067 1580 5133 illud,1n
1605 5085 1685 5122 me
1709 5069 1940 5122 transie-

2046 5071 2100 5123 εί
2128 5071 2199 5122 οὐ
2231 5068 2480 5122 δύναται
2510 5069 2685 5123 τοῦτο
2712 5070 3050 5138 παρελθεῖν,
3080 5071 3188 5124 ἐὰν
3205 5069 3292 5139 μὴ
3322 5069 3469 5124 αὐτὸ
3498 5070 3631 5134 πίω,

343 5169 468 5212 runt
518 5161 614 5214 ira:
682 5169 828 5224 tuas,
902 5169 1127 5214 terrores
1185 5162 1263 5216 tui
1309 5160 1755 5216 conturbauerunt
1819 5177 1922 5214 me.

2043 5163 2347 5233 γενηθήτω
2364 5164 2428 5218 τὸ
2449 5162 2681 5234 θέλημά
2694 5182 2810 5218 σου
2832 5180 2843 5192 ·
2869 5166 2960 5217 καὶ
2972 5165 3154 5236 τρίτον
3171 5165 3226 5216 δὲ
3243 5163 3530 5236 πορευθεὶς
3541 5164 3652 5223 τὸν,

343 5249 548 5306 Vidcns
585 5260 766 5307 autem
796 5252 953 5323 longe
983 5266 1013 5305 a
1043 5253 1221 5308 salute
1267 5253 1360 5308 Dei
1393 5254 1669 5309 excidisse
1701 5268 1796 5307 eos
1827 5267 1927 5321 pro

2048 5256 2210 5308 αὐτὸν
2225 5255 2380 5325 λόγον
2397 5255 2688 5328 προῦφερε.
2717 5256 2808 5308 Διὸ
2830 5255 2891 5326 δὴ
2906 5255 3078 5308 ταῦτα
3115 5255 3391 5326 σημαίνων
3415 5246 3519 5308 ’καὶ
3541 5254 3631 5308 διὰ

343 5344 544 5414 quibus
591 5347 869 5403 orationes
921 5344 1255 5407 eﬁ'undebat,
1292 5361 1391 5416 pro
1439 5347 1633 5402 iisdem
1677 5345 1779 5400 sibi
1827 5361 1925 5414 pa-

2033 5347 2144 5400 τῶν
2166 5349 2539 5419 προκειμένων
2551 5348 2736 5418 ἔλεγεν
2750 5365 2764 5378 ·
2785 5349 2917 5402 Ἵνα
2934 5348 2991 5400 τί
3009 5388 3023 5411 ,
3044 5346 3500 5415 Κύριε,ἁπωθεῖς
3515 5345 3631 5413 τὴν

345 5447 486 5490 trum
525 5454 751 5492 suorum
781 5453 946 5495 causa
973 5439 1319 5495 cbarissimis
1333 5447 1387 5494 et
1401 5438 1799 5500 dilectissimis,
1827 5437 1928 5491 di-

2033 5438 2247 5507 ψυχήν
2267 5456 2407 5509 μου,
2447 5439 2849 5509 ἀποστρέφεις
2889 5439 2956 5493 τὸ
3005 5440 3331 5508 πρόσωπόν
3363 5453 3480 5492 σου
3523 5437 3626 5494 ἀπ’

343 5528 501 5583 cebat
535 5549 546 5582 :
580 5528 858 5600 Elongasti
888 5549 919 5585 a
950 5549 1031 5586 me
1059 5532 1287 5585 anticum
1313 5541 1362 5586 et
1384 5533 1707 5602 proximum,
1736 5539 1784 5584 et
1831 5547 1922 5584 no-

2032 5531 2215 5600 ἐμοῦ;
2251 5533 2346 5586 καὶ
2373 5533 2463 5598 τὸ,
2507 5534 2635 5588 Ἐπ’
2675 5533 2780 5602 ἐμὲ
2818 5530 3068 5600 διῆλθον
3109 5519 3168 5588 ἃί
3206 5533 3373 5603 ὀργαί
3403 5547 3539 5598 σου,
3567 5532 3624 5587 οι

419 5707 459 5736 ⁸ο
503 5703 604 5760 Isa.
641 5721 765 5769 Lm,
805 5706 855 5760 5.
937 5708 968 5739 "
1021 5705 1209 5762 Matth.
1252 5723 1420 5774 XXVI,
1457 5709 1546 5764 ὅθ.
1628 5709 1669 5740 ¹¹
1713 5708 1848 5763 ibid.
1933 5708 1976 5740 ¹³
2019 5706 2028 5760 i

678 5722 765 5769 Ill,
805 5706 855 5760 ‘5.
937 5708 968 5739 “
1021 5705 1209 5762 Matth.
1252 5723 1420 5774 xxvr,
1457 5709 1546 5764 ὅθ.
1628 5709 1669 5740 ¹¹
1713 5708 1848 5763 ibid.
1933 5708 1976 5740 ¹³
2019 5705 2151 5762 ibid.
2191 5706 2279 5760 42.
