4074 6422
395 336 534 394 i069

1564 334 2073 392 COMMENTARIA
2113 337 2181 393 ΙΝ
2218 336 2561 393 PSALMOS.

3529 340 3667 394 1070

393 450 742 521 ροϐερισμοί
774 465 891 505 σου
919 450 1292 519 ἑξετὰραξάν
1312 468 1410 521 με.
1450 451 1630 524 Ὀρῶν
1663 454 1720 507 δὲ
1755 456 1970 528 μακρὰν

2078 465 2158 511 tas
2216 474 2358 512 meos
2415 475 2448 511 a
2504 456 2739 511 miseria.
2771 455 2983 511 lndicat
3012 465 3192 511 autem
3226 471 3322 512 eos
3351 455 3407 510 in
3436 454 3665 512 Iudaica

396 540 760 604 ἐκπίπτοντας
791 541 889 613 τῆς
939 540 1033 594 τοῦ
1078 539 1214 594 Θεοῦ
1262 543 1535 615 σωτηρίας
1574 545 1702 607 τοὺς
1730 544 1870 615 ὑπὲρ
1899 538 1976 599 ὧν

394 631 493 697 τὰς
525 631 691 702 εὐχάς
722 633 958 687 ἐποιεῖτο
990 634 1278 704 φιλτάτους
1316 633 1477 699 ὄντας
1510 634 1674 688 αὐτοῦ
1719 636 1814 689 καὶ
1844 636 1977 705 ἀγα-

396 726 601 794 πητοὺς
628 723 717 778 διὰ
742 725 868 789 τοὺς
892 726 1157 798 πατέρας,
1203 726 1417 796 ἔλεγεν
1462 725 1839 797 Ἐμάκρυνας
1871 728 1973 782 ἀπ’

390 814 539 884 ἐμοῦ
566 815 751 885 φίλον
776 818 874 870 καὶ
910 820 1196 887 πλησίον,
1224 819 1322 873 καὶ
1352 820 1495 887 τοὺς
1524 823 1835 891 γνωστούς
1853 841 1973 893 μου

392 906 510 959 ἀπὸ
543 908 966 977 ταλαιπωρίας.
1009 910 1172 981 Δηλοῖ
1208 910 1267 963 δὲ
1304 911 1429 975 τοὺς
1450 914 1508 965 ἐν
1534 912 1614 986 τῷ
1651 913 1794 968 ἔθνει
1832 932 1973 984 γνω-

396 999 554 1062 στοὺς
572 998 733 1064 ὄντας
756 1002 921 1055 αὐτοῦ
950 1002 1214 1075 πρότερον
1238 1005 1332 1059 καὶ
1352 1004 1566 1074 φίλους⁸
1601 1008 1724 1060 ἐπεὶ
1751 1009 1845 1062 καὶ
1878 1008 1974 1079 μέ-

394 1107 487 1161 ρος
509 1087 650 1164 ἧσαν
676 1093 842 1147 αὑτοῦ
876 1096 972 1149 κα)⁸
1004 1096 1338 1170 κληρονομία
1359 1115 1372 1129 ·
1406 1098 1523 1152 ἀλλ’
1549 1098 1972 1171 ἐμακρύνθησαν

392 1181 610 1253 ἀληθῶς
652 1185 748 1239 ἀπ’
793 1186 956 1240 αὐτοῦ
1006 1187 1095 1241 διὰ
1148 1188 1247 1260 τῆς
1287 1187 1497 1244 ἑαυτῶν
1533 1192 1829 1255 ἀπιστίας’
1878 1192 1972 1244 καὶ

392 1273 559 1328 πάλαι
608 1276 760 1342 ὄντες
808 1278 977 1347 φίλοι,
1031 1280 1260 1354 ἐχθροὺς
1306 1284 1533 1348 ἑαυτοὺς
1586 1284 1968 1356 κατέστησαν

2084 559 2245 619 gente
2265 551 2360 621 qui
2390 550 2601 620 pridem
2624 548 2747 603 .noti
2783 548 2883 603 sibi
2907 557 2961 604 et
2981 550 3140 604 amici
3163 555 3370 614 essent,
3403 549 3666 618 quoniam

2085 641 2267 709 portio
2294 648 2350 694 et
2380 639 2674 695 haereditas
2720 637 2897 708 ipsius
2931 638 3241 702 erant,,sed
3273 642 3343 692 ob
3376 652 3533 693 suam
3575 637 3666 692 in-

2083 730 2463 786 credulitatem
2492 746 2625 785 vere
2648 730 2838 803 procul
2875 730 2944 783 ab
2969 743 3035 783 eo
3066 729 3260 784 remoti
3293 736 3457 796 sunt;
3490 735 3545 784 et
3569 728 3666 800 qui

2083 823 2213 878 olim
2236 823 2398 878 amici
2434 823 2674 887 fuerant,
2703 837 2826 878 sese
2848 821 3107 877 inimicos
3143 820 3583 888 constituerunt;
3612 829 3670 876 et

2083 929 2208 969 cum
2249 913 2364 969 noti
2394 913 2514 984 ejus
2554 922 2770 978 essent,
2809 912 3119 967 venientem
3150 913 3329 980 ipsum
3355 925 3463 964 non
3495 924 3668 966 nove-

2080 1012 2230 1071 runt,
2257 1019 2434 1074 neque
2464 1011 2849 1072 susceperunt.
2885 999 3130 1067 Quorum
3158 1001 3401 1055 omnium
3435 1015 3603 1055 causa
3636 1016 3669 1054 a

2083 1095 2192 1151 Deo
2238 1096 2399 1166 longe
2441 1094 2572 1149 facti
2605 1101 2757 1161 sunt,
2791 1093 2863 1148 ob
2890 1091 3167 1148 miseriam
3197 1092 3453 1148 videlicet
3486 1107 3664 1147 suam.

2083 1188 2175 1243 Sic
2206 1190 2375 1260 igitur
2394 1203 2423 1242 a
2446 1188 2557 1242 Deo
2578 1186 2903 1242 exciderunt
2934 1186 3235 1243 secundum
3259 1185 3392 1240 illud
3415 1185 3621 1240 dictum
3649 1202 3663 1239 :

2080 1280 2348 1347 Quoniam
2369 1281 2459 1352 qui
2487 1280 2735 1350 elongant
2766 1297 2821 1334 se
2861 1297 2894 1335 a
2924 1289 2973 1335 te
2996 1281 3239 1350 peribunt
3259 1279 3323 1334 ’⁸,
3356 1279 3535 1350 Atque
3560 1278 3669 1333 buc

389 1363 485 1415 καὶ
512 1367 744 1433 γνωστοὶ
780 1368 1141 1440 τυγχάνοντες
1179 1371 1365 1439 αὑτοῦ,
1413 1373 1639 1428 ἐλθόντα
1678 1376 1841 1429 αὑτὸν
1868 1376 1969 1429 οὐκ

2076 1376 2339 1431 desinunt
2363 1375 2558 1446 psalmi
2578 1373 2845 1428 Filiorum
2873 1372 3009 1428 Core
3039 1373 3310 1443 inscripti.

388 1455 706 1527 ἐπέγνωσαν
726 1502 741 1527 ,
795 1462 917 1517 οὐδὲ
967 1464 1349 1537 παρεδέξαντο.
1397 1461 1498 1522 Ὧν
1548 1469 1712 1523 ’ἑνεκα
1755 1470 1972 1524 πάντων
2011 1471 2107 1525 καὶ
2136 1470 2244 1524 ἀπὸ
2272 1469 2366 1523 τοῦ
2411 1466 2549 1523 Θεοῦ
2579 1467 3003 1540 ὲμακρύνθησαν
3030 1467 3096 1519 δι’
3122 1468 3299 1521 αἰτίαν
3329 1466 3431 1537 τῆς
3461 1465 3673 1520 ἑαυτῶν

387 1547 782 1622 ταλαιπωρίας.
848 1553 1006 1610 Οὕτω
1065 1555 1111 1609 δ’
1185 1553 1279 1611 οῦν
1332 1560 1426 1613 καὶ
1484 1563 1875 1615 ἐκπεπτώκασι
1929 1561 2024 1616 τοῦ
2064 1559 2199 1615 Θεοῦ
2231 1560 2375 1616 κατὰ
2399 1561 2460 1615 τὸ
2517 1560 2724 1630 φάσκον
2760 1559 2961 1629 λόγιον,
3001 1559 3121 1611 Ὀτι
3163 1561 3217 1612 οἱ
3254 1558 3671 1628 μακρύνοντες

387 1642 642 1713 ἑαυτοὺς
699 1648 818 1703 ἀπὸ
867 1650 984 1705 σοῦ
1019 1652 1407 1709 ἀπολοῦνται.
1443 1656 1553 1711 Καὶ
1593 1658 1674 1722 είς
1709 1656 1869 1712 τοῦτο
1910 1659 2308 1731 καταλήγουσιν
2345 1660 2394 1712 oi
2432 1657 2903 1729 ἐπιγεγραμμένοι
2945 1655 3053 1710 τῶν
3092 1653 3239 1710 υἱῶν
3256 1654 3408 1723 Κορὲ
3438 1653 3664 1726 ψαλμοί.

532 1786 885 1843 ΣΥΝΕΣΕΩΣ
919 1791 1130 1847 ΔΙΘΔΝ
1169 1793 1256 1865 Τῼ
1292 1795 1647 1869 ΕΣΔΡΑΙἸᾘ.
1696 1797 1830 1853 ΠΗδ.

464 1924 540 1979 Τὰ
574 1926 716 1996 ἐλέη
746 1928 853 1983 τοῦ
879 1931 1102 1999 Κυρίου
1135 1936 1222 2000 είς
1257 1935 1364 1990 τὸν
1383 1935 1569 1991 αὶῶνα
1594 1936 1833 2009 ᾄσομαι.
1872 1941 1974 2007 Εἰς

388 2020 602 2087 γενεὰν
646 2021 746 2074 καὶ
784 2024 1002 2093 γενεὰν
1042 2026 1361 2097 ἀπαγγελῶ
1386 2029 1505 2098 τὴν
1543 2031 1834 2101 ἀλήθειάν
1856 2047 1974 2087 σου

386 2110 459 2162 ἐν
481 2110 561 2176 τῷ
601 2113 854 2183 στόματί
886 2134 1025 2184 μου.
1045 2117 1261 2191 Ἐπειδὴ
1291 2119 1495 2191 προῖὼν
1516 2120 1644 2192 ἑξῆς
1676 2120 1857 2193 μέλλει
1882 2122 1972 2176 λέ-

385 2219 538 2270 γειν·
574 2206 701 2261 Ποῦ
738 2211 857 2262 εισι
894 2208 967 2263 τὰ
1005 2210 1143 2279 ἐλέη
1187 2228 1304 2266 σου
1341 2212 1413 2267 τὰ
1446 2213 1682 2283 ἀρχαῖα,
1715 2215 1912 2283 Κύριε,
1935 2215 1976 2269 ἁ

383 2292 627 2363 ὤμοσας
644 2293 726 2361 τῷ
744 2299 927 2352 Δαυῒδ
945 2301 1015 2353 ἐν
1034 2300 1109 2370 τῇ
1130 2303 1380 2371 ἀληθείᾳ
1401 2319 1552 2369 σου;
1572 2305 1974 2378 προθεραπεύει

382 2384 447 2438 τὸ
477 2384 668 2456 μέλλον
699 2390 1035 2462 ῥηθήσεσθαι
1061 2393 1149 2447 διὰ
1172 2395 1282 2448 τῶν
1315 2397 1717 2468 προκειμένων,
1746 2398 1973 2470 δυνάμει

382 2475 542 2529 τοῦτο
583 2477 792 2547 λέγων’
837 2482 901 2535 Et
938 2484 1033 2537 καὶ
1074 2484 1144 2539 τὰ
1186 2485 1502 2559 ἀνθρώπινα
1549 2489 1852 2562 πράγματα
1874 2490 1974 2563 τὴν

383 2567 525 2639 ἐμὴν
552 2569 729 2641 ψυχὴν
756 2571 837 2634 είς
862 2573 1169 2645 ἀμηχανίαν
1191 2576 1499 2647 ἐμϐαλόντα
1530 2579 1807 2651 ταράττει,
1831 2578 1974 2649 ῐλιγ-

383 2660 569 2728 γόντέ
599 2680 691 2734 μοι
726 2665 821 2718 καὶ
847 2666 1082 2739 ἀπορίαν
1111 2669 1347 2739 ἐμποιεῖ,
1378 2670 1486 2725 τῶν
1519 2672 1648 2735 σῶν,
1686 2665 1735 2726 ὧ
1776 2673 1969 2745 Κύριε,

383 2752 689 2823 κριμάτων,
722 2753 798 2818 ὡς
824 2756 1037 2826 μέλλειν
1073 2760 1267 2831 μικρὸν
1293 2761 1517 2835 ὕστερον
1544 2764 1857 2838 ἀποτολμᾷν
1878 2768 1974 2821 καὶ

382 2844 628 2915 ἀπορεῖν,
657 2845 799 2918 ὑπὲρ
843 2841 918 2902 ὧν
968 2849 1032 2902 σὺ
1077 2851 1177 2920 μὲν
1215 2846 1248 2904 ό
1288 2853 1527 2927 ἀψευδὴς
1545 2855 1678 2921 Θεὸς
1714 2857 1851 2930 πρὸς
1879 2859 1971 2913 τὸν

381 2933 550 2991 Δαυῖδ
575 2938 918 3007 ἐπαγγελιῶν
939 2941 1235 3012 πεποίησαι
1256 2958 1269 2971 ·
1293 2944 1550 2999 τάναντία
1574 2947 1631 3000 δὲ
1654 2948 1971 3022 συμϐέϐηκε

379 3028 507 3091 ταῖς
539 3031 660 3092 σαῖς
696 3030 1056 3101 ὑποσχέσεσι*
1089 3032 1171 3086 διὸ
1218 3035 1314 3089 καὶ
1357 3035 1537 3107 μέλλω
1583 3039 1763 3110 λέγειν
1786 3057 1803 3076 νο
1842 3042 1970 3097 Ποῦ

380 3121 502 3173 εἱσι
526 3122 599 3175 τὰ
634 3120 775 3191 me;
797 3137 914 3177 σου
938 3124 1011 3180 τὰ
1044 3125 1280 3196 ἀρχαῖα,
1310 3129 1523 3197 Κύριε;
1548 3130 1661 3185 ἀλλ’
1695 3134 1845 3205 ὅμως
1874 3153 1971 3189 πε-

381 3211 698 3283 πεισμένος,
724 3213 805 3266 ὅτι
839 3214 913 3285 μὴ
936 3215 1287 3286 διαψεύσεταί
1321 3236 1412 3274 σου
1441 3223 1474 3293 ἠ
1506 3223 1827 3293 ἐπαγγελία,
1852 3228 1973 3281 οὐδὲ

378 3304 719 3359 διαπεσεῖται
751 3307 784 3377 ή
815 3304 910 3361 τοῦ
942 3307 1038 3363 σοῦ
1071 3308 1230 3379 λόγου
1251 3311 1498 3385 ἀλήθεια,
1533 3316 1822 3387 προλαϐὼν
1847 3321 1974 3385 τοὺς

384 3397 682 3470 μέλλοντας
722 3398 782 3465 ἐξ
820 3400 1170 3474 ἀνθρωπίνης
1198 3404 1485 3472 ἀσθενείας
1510 3408 1844 3482 ῥηθήσεσθαι
1881 3431 1973 3484 μοι

379 3489 595 3560 λόγους,
623 3492 722 3565 τὴν
749 3494 992 3563 ἐμαυτοῦ
1015 3496 1196 3552 πίστιν
1215 3498 1393 3553 καὶτὸ
1417 3501 1640 3567 εὐσεϐὲς
1676 3505 1777 3575 τῆς
1801 3506 1971 3577 ἐμαυ-

376 3581 477 3636 τοῦ
527 3581 754 3655 γνώμης
795 3588 1302 3660 προασφαλίςομαιο
1353 3590 1436 3644 διό
1487 3609 1659 3664 φημι·
1714 3581 1793 3649 Τὰ
1829 3596 1971 3665 ἐλέη

376 3687 520 3738 σου,
543 3674 740 3742 Κύριε,
771 3678 860 3742 εἷς
884 3677 992 3730 τὸν
1011 3677 1198 3732 αἰῶνα
1219 3678 1460 3750 ᾄσομαι.
1494 3683 1569 3736 Οὐ
1613 3684 1721 3758 γὰρ
1754 3684 1850 3739 νῦν
1875 3687 1974 3758 μό-

378 3781 492 3829 νον,
523 3765 613 3818 ὄτε
633 3766 809 3819 ταῦτα
838 3766 987 3821 λαλῶ
1017 3771 1109 3824 καὶ
1139 3771 1468 3845 φθέγγομαι,
1492 3773 1563 3827 τὰ
1588 3775 1713 3847 ἐλέη
1738 3777 1834 3830 τοῦ
1860 3780 1973 3832 Κυ-

378 3857 502 3931 ρίου
526 3858 750 3932 ᾄσομαι,
784 3860 919 3916 and:
947 3864 1043 3918 καὶ
1085 3866 1144 3918 ἐν
1175 3869 1289 3931 τοῖς
1339 3865 1815 3940 σκυθρωποτέροις
1845 3888 1970 3924 και·

378 3953 520 4024 ροῖς,
541 3953 637 4006 καὶ
664 3954 722 4006 ἐν
742 3954 922 4019 αὐτοῖς
950 3955 1179 4022 ἐκείνοις
1206 3958 1271 4012 δι’
1289 3958 1385 4024 οὒς
1408 3961 1586 4032 μέλλω
1612 3961 1792 4031 λέγειν
1812 3977 1826 3990 °
1843 3962 1971 4017 Ποῦ

374 4045 501 4098 εισι
540 4043 613 4097 τὰ
652 4044 794 4113 mn
829 4062 946 4100 σου
967 4048 1039 4101 τὰ
1062 4048 1300 4117 ἀρχαῖα,
1326 4052 1537 4120 Κύριε;
1567 4053 1675 4107 Καὶ
1709 4053 1829 4107 τότε
1862 4054 1972 4125 γὰρ

372 4136 472 4189 καὶ
520 4135 601 4198 εἰς
645 4135 735 4189 τὸν
778 4136 916 4207 μετὰ
952 4137 1124 4192 ταῦτα
1156 4141 1368 4212 χρόνον,
1401 4142 1495 4196 καὶ
1530 4142 1618 4198 διὰ
1648 4146 1848 4210 παντὸς
1873 4146 1970 4200 τοῦ

372 4222 578 4287 αίῶνος
612 4224 673 4276 οὐ
716 4227 997 4298 παύσομαι
1047 4229 1299 4301 άνυμνῶν
1339 4230 1409 4287 τὰ
1440 4232 1568 4305 ἐλέη
1612 4252 1727 4300 σου,
1773 4237 1968 4309 Κύριε,

372 4313 627 4386 ἀκριϐῶς
659 4314 834 4381 εἰδὼς,
873 4318 956 4372 ὅτι
979 4358 995 4383 ,
1024 4319 1169 4388 ἅπαξ
1191 4323 1654 4396 ἐπαγγειλάμενος
1683 4326 1778 4390 τὰς
1810 4330 1868 4382 ἐν
1893 4328 1971 4400 τῷ

368 4402 579 4475 ψαλμῷ
610 4407 967 4478 προφητείας,
1004 4410 1064 4463 οὐ
1089 4410 1420 4483 διαψεύσεις,
1450 4415 1547 4470 ἆτε
1569 4416 1704 4481 Θεὸς
1736 4416 1813 4471 ὢν
1845 4418 1969 4491 ἁλη-

375 4495 507 4568 θής.
526 4496 730 4570 Διόπερ
745 4499 807 4551 οὐ
827 4499 987 4570 μόνον
1007 4502 1076 4556 τὰ
1087 4502 1212 4577 ἐλέη
1238 4522 1353 4571 σου,
1372 4506 1565 4578 Κύριε,
1590 4510 1671 4574 είς
1690 4510 1781 4564 τὸν
1794 4510 1968 4565 αίῶνα

371 4588 475 4661 ᾅσο
486 4606 606 4660 μαι,
641 4588 776 4644 ἀλλὰ
800 4592 894 4646 καὶ
917 4591 1017 4665 τὴν
1042 4593 1300 4665 ἀλήθειάν
1331 4613 1424 4650 σου
1456 4597 1579 4652 καθ’
1610 4599 1849 4672 ἑκάστην
1873 4618 1968 4670 γε·

374 4680 508 4736 νεὰν
535 4680 854 4750 ἀπαγγελῶ.
880 4682 945 4736 Εἰ
966 4684 1074 4756 γὰρ
1101 4687 1195 4739 καὶ
1218 4686 1289 4741 τὰ
1323 4687 1558 4758 μάλιστα
1590 4691 1812 4746 τοιαῦτά
1845 4710 1970 4749 τινα

380 4769 589 4841 μεταξὺ
615 4773 925 4844 γενήσεται,
956 4774 1033 4839 ὡς
1067 4776 1234 4843 δοκεῖ,
1272 4779 1490 4835 ἐναντία
1517 4785 1638 4846 ταῖς
1671 4787 1791 4849 σαῖς
1831 4784 1970 4856 πρὸς

376 4862 471 4916 τὸν
513 4862 674 4916 Δαυῖδ
716 4866 1070 4935 ἐπαγγελίαις
1101 4870 1440 4940 συμϐαίνειν,
1478 4873 1617 4928 ἀλλὰ
1658 4876 1752 4930 καὶ
1795 4875 1970 4940 οὕτως

378 4951 494 5021 ἐγὼ
527 4954 890 5021 πεπίστευκα,
925 4960 1019 5012 καὶ
1045 4959 1263 5031 άληθῶς
1311 4964 1552 5034 ἐμαυτὸν
1596 4966 1853 5032 πέπεικα,
1887 4970 1969 5023 ὅτι

375 5042 489 5096 τῶν
515 5042 688 5113 λόγων
718 5063 834 5112 σου,
863 5041 910 5100 ὧ
938 5048 1134 5123 Κύριε,
1168 5053 1203 5123 ή
1234 5053 1463 5127 ἀλήθεια
1494 5057 1748 5113 οὐδέποτε
1780 5059 1965 5113 διαπε-

378 5134 575 5190 σεῖται.
628 5136 828 5209 Διόπερ
875 5138 966 5193 τὸν
1011 5142 1190 5197 πάντα
1227 5162 1328 5215 μου
1361 5146 1552 5217 χρόνον
1581 5148 1682 5219 τῆς
1715 5149 1860 5221 ζωῆς
1901 5152 1962 5205 οὗ

375 5222 662 5296 παύσομαι
692 5229 750 5281 ἐν
777 5228 857 5299 τῷ
883 5230 1113 5303 στόματί
1140 5251 1242 5304 μου
1262 5235 1362 5308 τὴν
1387 5235 1646 5309 ἀλήθειάν
1667 5255 1760 5292 σου
1785 5241 1964 5309 ἀπαγ-

377 5316 606 5385 γέλλων.
626 5319 785 5374 Ἀλλὰ
804 5323 897 5375 καλ⁵
918 5324 1251 5396 παραδιδοὺς
1269 5330 1336 5401 τῇ
1368 5330 1608 5403 ἐμαυτοῦ
1628 5335 1815 5405 γραφῇ
1834 5333 1965 5387 ταύ-

374 5427 478 5481 την
511 5411 823 5481 καταλείψω
856 5419 970 5479 τοῖς
1008 5421 1512 5494 μεταγενεστέροις,
1540 5425 1622 5489 είς
1650 5424 1714 5478 τὸ
1741 5426 1836 5479 καὶ⁵
1868 5426 1966 5480 αὐ-

376 5504 504 5567 τοὺς
534 5503 880 5561 διδάσκεσθαι
913 5524 975 5562 τε
1004 5510 1097 5583 καὶ
1139 5511 1429 5582 μανθάνειν
1451 5514 1653 5586 ὁμοίως
1685 5517 1809 5589 ἐμοὶ
1840 5517 1964 5572 καθ’

381 5595 619 5669 ἑκάστην
647 5599 840 5668 γενεὰν
864 5601 964 5673 τὴν
994 5602 1252 5677 ἀλήθειάν
1283 5623 1378 5663 σου
1418 5607 1508 5667 διὰ
1551 5608 1817 5680 στόματος
1866 5610 1964 5683 φέ-

414 5758 419 5762 ”
457 5749 506 5785 ⁸⁸
535 5752 677 5815 Psal.
713 5761 896 5826 Lxxn‘,
929 5756 1021 5815 27.

2081 1796 2132 1850 1.
2158 1793 2636 1851 INTELLECTIJS
2657 1792 2918 1850 AETHAN
2945 1790 3338 1848 ΕΖΒΑΙΤᾹΞᾸ..
3375 1790 3665 1849 XXXVIII.

2149 1928 2319 1985 Vens.
2361 1929 2416 1983 2.
2460 1927 2862 1983 Misericordias
2893 1927 3109 1981 Domini
3147 1926 3201 1980 in
3235 1936 3490 1982 aeternum
3537 1943 3669 1982 ean-

2077 2023 2222 2078 tabo.
2265 2021 2332 2077 In
2371 2022 2764 2094 generationem
2804 2029 2856 2075 et
2900 2018 3289 2091 generationem
3337 2017 3666 2072 annuntiabo

2076 2118 2348 2173 veritatem
2380 2126 2523 2169 luam
2553 2116 2608 2169 in
2633 2130 2722 2169 ore
2752 2130 2884 2168 meo.
2918 2112 3188 2179 Quoniam
3219 2113 3274 2166 in
3305 2111 3666 2182 sequentibus

2076 2210 2326 2264 dicturus
2373 2214 2480 2270 est,
2527 2203 2629 2258 Ubi
2659 2211 2785 2259 sunt
2834 2201 3216 2257 misericordia
3258 2207 3365 2255 tua:
3407 2198 3660 2268 antiquis,

2077 2301 2322 2365 Domine,
2356 2315 2490 2370 quas
2505 2297 2714 2368 jurasti
2743 2295 2916 2350 David
2945 2295 3010 2348 in
3030 2293 3247 2347 veritate
3270 2293 3402 2347 tua?
3436 2290 3505 2345 iis
3541 2304 3666 2360 qua:

2079 2399 2268 2465 postea
2318 2391 2561 2463 proferet
2610 2389 2725 2462 jam
2774 2386 3111 2459 respondere
3151 2384 3462 2448 antevertit,
3514 2398 3579 2446 ac
3614 2382 3662 2438 si

2076 2486 2286 2541 diceret
2315 2501 2329 2540 :
2362 2481 2593 2537 Etiamsi
2617 2482 2871 2537 humanae
2897 2494 2988 2535 res
3008 2478 3246 2533 animam
3271 2491 3448 2532 meam
3481 2476 3537 2530 in
3564 2490 3666 2529 an-

2075 2576 2314 2649 gustiam
2354 2582 2408 2629 ct
2437 2572 2837 2628 dubitationem
2887 2569 3190 2640 conjiciant
3221 2582 3285 2622 ac
3317 2566 3663 2639 perturbent,

2076 2668 2419 2739 caligineque
2468 2680 2556 2721 me
2608 2672 2664 2720 et
2718 2661 3067 2718 haesitatione
3120 2657 3358 2714 adiciant
3408 2659 3482 2714 ob
3526 2665 3660 2720 tua,

2076 2775 2110 2815 o
2134 2758 2381 2822 Domine,
2421 2755 2666 2827 judicia;
2703 2755 2778 2808 ita
2807 2762 2867 2808 ut
2896 2768 3025 2807 mox
3053 2751 3412 2822 quastionem
3444 2764 3664 2805 movere

2075 2851 2253 2908 ausim
2279 2851 2347 2906 de
2383 2848 2697 2920 promissis,
2727 2862 2850 2918 quae
2879 2852 2938 2899 tu
2977 2844 3123 2901 Deus
3163 2842 3434 2898 mendacii
3463 2856 3664 2912 expers

2075 2943 2268 2999 Davidi
2302 2940 2539 3007 dedisti;
2572 2947 2628 2995 et
2659 2947 2845 2992 tamen
2874 2934 3369 3008 pollicitationibus
3393 2934 3504 2988 tuis
3530 2949 3666 2989 con-

2075 3036 2245 3091 traria
2292 3033 2630 3096 acciderunt,
2674 3028 3036 3101 quamobrem
3085 3027 3335 3082 dicturus
3378 3041 3525 3092 sum,
3562 3024 3666 3080 Ubi

2072 3138 2201 3184 sunt
2246 3125 2629 3181 misericordis:
2661 3132 2767 3178 tua:
2799 3121 3055 3193 antiquae,
3090 3119 3354 3175 Domine?
3382 3127 3667 3174 verumta-

2078 3238 2204 3278 men
2242 3229 2431 3288 certus
2459 3217 2886 3290 promissionem
2929 3224 3079 3269 tuam
3105 3227 3220 3268 non
3265 3213 3478 3267 irritam
3522 3211 3661 3279 fore,

2076 3326 2257 3388 neque
2297 3313 2568 3370 sermonis
2613 3311 2695 3365 tui
2735 3308 3024 3364 veritatem
3056 3306 3335 3376 lapsuram
3367 3319 3513 3371 esse,
3543 3320 3666 3361 ser-

2077 3422 2272 3464 mones
2303 3420 2443 3477 quos
2472 3420 2538 3461 ex
2572 3405 2811 3459 humana
2845 3400 3160 3456 inﬁrmitate
3188 3399 3506 3471 prolaturus
3542 3413 3665 3454 sum

2076 3507 2446 3574 przevertens,
2500 3496 2664 3553 ﬁdem
2720 3509 2897 3551 meam
2954 3500 3012 3549 et
3058 3492 3318 3563 pietatem
3378 3491 3668 3547 sententia

2074 3609 2211 3650 mete
2251 3593 2409 3665 prius
2450 3589 2735 3661 profiteor,
2780 3601 2846 3642 ac
2880 3586 3027 3652 dico,
3066 3583 3485 3639 Miseria-ordinet
3516 3592 3662 3649 tuas,

2074 3685 2321 3749 Domine,
2352 3684 2407 3737 in
2437 3692 2692 3737 a'ternnm
2723 3678 2971 3734 cantabo.
3004 3676 3124 3732 Non
3151 3679 3297 3733 enim
3343 3691 3491 3732 nunc
3519 3676 3666 3731 dun-

2073 3784 2250 3840 taxat,
2292 3790 2419 3830 cum
2466 3773 2583 3828 haec
2628 3774 2825 3843 loquor
2874 3778 2930 3827 et
2968 3769 3213 3842 profero,
3249 3768 3664 3826 misericordias

2075 3867 2294 3924 Domini
2319 3867 2578 3929 cantabo,
2608 3879 2799 3920 verum
2830 3865 2995 3919 etiam
3042 3865 3099 3919 in
3135 3864 3484 3920 tristioribus
3517 3871 3660 3919 tem—

2073 3961 2323 4033 poribus,
2356 3959 2410 4013 in
2446 3958 2583 4028 ipsis
2608 3957 2867 4012 videlicet
2895 3956 3057 4026 queis
3086 3956 3342 4015 dieturus
3369 3971 3516 4020 sum,
3559 3954 3663 4011 Ubi

2072 4061 2198 4109 sunt
2226 4049 2604 4107 misericordiae
2627 4059 2732 4104 tua:
2762 4050 3017 4120 antiquae,
3047 4047 3309 4104 Domine?
3336 4048 3493 4103 Tunc
3511 4047 3658 4103 enim

2071 4150 2127 4199 et
2159 4141 2308 4197 omni
2330 4141 2582 4211 sequenti
2615 4148 2882 4209 tempore,
2912 4139 3024 4194 imo
3052 4153 3153 4209 per
3173 4152 3339 4195 omne
3371 4140 3656 4204 saeculum,

2073 4248 2182 4290 non
2210 4231 2368 4288 ﬁnem
2392 4233 2587 4288 iaciam
2616 4230 2930 4287 celebrandi
2959 4229 3373 4293 misericordias
3386 4237 3531 4295 tuas,
3551 4230 3660 4287 Do-

2072 4327 2256 4381 mine:
2283 4324 2455 4395 probe
2481 4325 2662 4380 sciens
2689 4330 2764 4389 te,
2798 4321 3022 4394 quando
3050 4322 3219 4378 semel
3248 4337 3313 4379 ea
3340 4323 3396 4378 in
3420 4323 3681 4395 propbe-r

2069 4417 2148 4472 tia
2196 4417 2389 4488 psalmi
2430 4415 2709 4486 pollicitus
2749 4431 2832 4480 es,
2879 4430 2991 4470 non
3035 4414 3189 4469 irrita
3244 4415 3334 4469 illa
3382 4414 3654 4470 facturum

2069 4526 2214 4577 esse,
2241 4516 2429 4580 utpote
2459 4507 2629 4564 Deum
2656 4521 2930 4563 veracem.
2959 4504 3330 4573 Quamobrem
3358 4521 3469 4561 non
3490 4507 3655 4564 modo

2072 4599 2483 4657 misericordias
2516 4610 2663 4664 tuas,
2698 4598 2951 4664 Domine,
2987 4599 3042 4653 in
3089 4605 3354 4654 aeternum
3395 4599 3656 4669 cantabo,

2072 4694 2170 4749 sed
2210 4695 2377 4749 etiam
2406 4693 2692 4748 veritatem
2738 4700 2891 4747 tuam
2937 4706 3037 4763 per
3072 4692 3319 4763 singulas
3349 4693 3661 4762 generatio-

2071 4801 2172 4840 nes
2194 4783 2556 4839 annuutiabo.
2592 4782 2713 4837 Etsi
2747 4769 2893 4837 enim
2931 4782 3114 4853 aliqua
3146 4781 3365 4836 interim
3395 4789 3660 4841 eventura

2072 4879 2206 4941 sint,
2239 4892 2360 4947 quae
2386 4876 2497 4930 tuis
2529 4874 2718 4929 Davidi
2741 4875 2885 4930 datis
2916 4872 3410 4945 pollicitationibus
3436 4882 3660 4929 contra.

2072 4970 2157 5023 ria
2190 4969 2511 5036 videantur;
2564 4967 2924 5023 nihilominus
2967 4976 3150 5021 tamen
3185 4968 3353 5023 credo
3393 4982 3461 5023 ac
3496 4969 3660 5039 plane

2073 5077 2399 5134 persuasum
2434 5062 2566 5116 mihi
2614 5068 2720 5126 est,
2753 5075 3069 5116 sermonum
3113 5069 3356 5126 tuorum,
3401 5060 3655 5125 Domine,

2073 5150 2357 5206 veritatem
2392 5164 2675 5221 nunquam
2706 5164 2830 5204 esse
2868 5149 3169 5219 lapsuram.
3198 5147 3326 5205 Ideo
3357 5164 3453 5220 per
3480 5156 3656 5204 totum

2071 5242 2198 5298 vitae
2245 5257 2381 5298 mea:
2425 5251 2641 5313 tempus
2690 5257 2801 5295 non
2850 5242 3012 5296 linem
3061 5239 3259 5296 faciam
3292 5241 3657 5305 annuntiandi

2073 5332 2363 5388 veritatem
2391 5341 2541 5388 tuam
2590 5333 2647 5387 in
2696 5348 2790 5387 ore
2834 5347 2976 5387 meo.
3011 5330 3211 5387 Verum
3247 5334 3411 5389 etiam
3450 5334 3657 5403 scripto

2074 5425 2456 5496 consignatam
2508 5426 2658 5479 illam
2694 5425 2930 5494 posteris
2977 5423 3188 5479 tradam
3219 5441 3234 5481 :
3261 5431 3322 5479 ut
3364 5424 3471 5495 ipsi
3516 5440 3658 5496 quo-

2073 5532 2202 5590 que,
2234 5516 2463 5589 perinde
2491 5524 2656 5587 atque
2682 5529 2805 5587 ego,
2856 5517 3192 5572 edoceantur
3218 5523 3280 5575 et
3305 5515 3526 5573 discant
3558 5534 3657 5591 per

2074 5609 2320 5684 singulas
2341 5608 2728 5682 generationes
2758 5608 3045 5666 veritatem
3076 5616 3230 5667 tuam
3256 5608 3315 5666 in
3342 5623 3440 5668 ore
3468 5609 3611 5668 ferre
3629 5648 3656 5681 ,
