4074 6390
401 265 530 316 1071

1103 262 1373 318 EUSEBII
1409 262 1894 330 CAESARIENSIS
1931 266 2083 324 OPP.
2123 268 2306 326 PARS
2332 272 2428 328 Ill.
2467 302 2540 315 —
2574 268 2990 329 EXEGETICA.

3526 271 3670 331 1072

395 386 460 426 ac
497 384 822 441 persuasum
874 368 1112 425 habeant
1166 386 1447 442 nunquam
1495 387 1658 442 posse
1702 378 1964 444 promissa

2078 395 2214 451 ρειν,
2260 381 2355 434 καὶ
2397 382 2689 437 πεπεῖσθαι
2739 385 3012 456 μηδέποτε
3055 383 3315 438 δύνασθαι
3355 384 3673 442 διαπίπτειν

393 469 488 516 tua
530 461 800 517 excidere.
839 459 1010 517 Totus
1052 471 1233 517 autem
1280 480 1483 532 sermo,
1528 467 1737 522 Christi
1771 484 1836 522 ex
1886 484 1975 524 se-

396 555 542 611 mine
566 554 733 610 David
759 555 1191 626 generationem,
1220 566 1275 613 et
1302 575 1532 630 regnum
1557 561 1679 630 ejus
1711 562 1977 617 vaticina-

394 653 506 700 tur.
535 644 990 716 Quandoquidem
1025 648 1171 702 enim
1215 652 1270 704 in
1303 652 1742 720 praecedentibus
1768 654 1891 724 ejus
1921 655 1976 710 in

391 740 709 796 hominibus
739 743 1019 812 generatio
1062 745 1556 814 praenuntiabatur,
1588 757 1643 801 ut
1672 748 1738 801 in
1767 748 1977 818 psalmo

388 847 591 888 Lxxxvr
646 832 986 889 declaratum
1034 844 1158 903 est;
1220 845 1277 891 at
1325 846 1524 908 praeter
1567 839 1976 909 generationem

387 925 509 993 ejus
540 925 687 980 scitu
713 941 932 997 quoque
966 942 1105 997 Opus
1143 938 1261 983 erat
1281 930 1433 984 unde
1464 930 1784 999 proditurus
1806 937 1973 997 esset;

388 1018 493 1072 hoc
528 1033 768 1087 praesens
815 1018 1098 1089 Scriptura
1140 1022 1455 1076 necessario
1488 1023 1669 1086 docet,
1703 1038 1823 1093 quae
1849 1038 1977 1092 pro-

389 1108 706 1164 missionem
760 1109 852 1164 Dei
890 1110 957 1164 ad
1003 1109 1259 1166 Davidem
1311 1112 1507 1167 factam
1556 1112 1623 1168 de
1658 1113 1881 1170 Christo
1908 1131 1976 1169 ex

389 1202 600 1257 semine
628 1202 749 1273 ejus
772 1201 1058 1272 prodituro
1083 1205 1471 1275 complectitur
1499 1225 1511 1260 :
1541 1207 1614 1260 ita
1648 1217 1705 1260 ut
1730 1207 1817 1260 bic
1843 1221 1976 1260 con-

386 1301 645 1369 gruenter
695 1304 819 1364 post
873 1296 1265 1351 antecedentes
1306 1298 1550 1367 psalmos
1603 1299 1819 1368 positus
1879 1298 1971 1353 sit.

391 1385 697 1457 lnscriptus
742 1395 929 1442 autem
974 1389 1151 1444 solum
1182 1398 1290 1453 cst,
1322 1389 1655 1457 Intellectus,
1695 1407 1760 1446 ac
1795 1407 1975 1463 neque

388 1479 634 1548 psalmus
674 1496 854 1551 neque
891 1480 1130 1550 hymnus
1157 1480 1382 1537 dicitur.
1418 1480 1606 1537 Fuerit
1636 1497 1768 1536 vero
1795 1482 1975 1536 canti-

385 1585 510 1625 cum
541 1572 943 1642 propheticuln,
982 1586 1043 1626 ea
1068 1587 1190 1642 quae
1222 1574 1526 1629 secundum
1578 1573 1746 1629 Deum
1775 1582 1861 1629 est
1894 1574 1974 1628 in-

385 1666 684 1736 telligentia
714 1666 985 1736 indigens.
1018 1667 1200 1731 Quare
1238 1664 1445 1720 dictum
1481 1674 1585 1728 est,
1614 1666 1681 1721 In
1716 1681 1970 1724 wternum

2077 471 2177 536 τὰς
2211 471 2310 537 σὰς
2340 473 2690 543 ἐπαγγελίας.
2710 476 2769 529 'O
2796 476 2853 529 δὲ
2883 478 2990 541 πᾶς
3020 476 3176 546 λόγος
3207 477 3306 548 τὴν
3330 478 3395 530 ἐκ
3421 479 3674 551 σπέρμα-

2075 580 2167 627 τος
2196 564 2359 619 Δαυῖδ
2389 566 2605 635 γένεσιν
2630 567 2724 621 τοῦ
2752 568 2989 639 Χριστοῦ
3022 569 3116 622 καὶ
3141 569 3239 641 τὴν
3270 568 3552 640 βασιλείαν
3577 573 3677 628 αύ-

2076 654 2171 707 τοῦ
2201 654 2468 720 θεσπίζει.
2489 658 2705 730 Ἐπειδὴ
2753 658 2863 731 γάρ
2893 659 2985 713 διὰ
3032 659 3140 715 τῶν
3175 661 3485 733 ἔμπροσθεν
3527 665 3561 735 ἡ
3594 666 3674 730 είς

2075 745 2396 819 ἀνθρώπους
2446 748 2660 818 γένεσις
2708 750 2874 804 αὐτοῦ
2921 753 3324 824 προεφητεύετο
3351 755 3494 809 κατὰ
3524 755 3594 812 τὰ
3617 758 3675 812 ἐν

2074 838 2154 909 τῷ
2185 838 2239 892 π’
2275 841 2369 892 καὶ
2396 840 2448 905 ς’
2476 840 2678 913 ψαλμῷ
2708 845 3065 915 παραστάντα
3085 862 3098 875 ·
3132 847 3297 917 ἐχρῆν
3324 846 3381 900 δέ
3425 848 3564 920 πρὸς
3604 854 3672 923 τῇ

2074 930 2288 997 γενέσει
2342 930 2534 1001 μαθεῖν
2595 934 2690 987 καὶ
2744 933 2908 987 πόθεν
2963 935 3389 1006 προελεύσεται·
3431 939 3674 995 διδάσκει

2073 1021 2235 1075 τοῦτο
2285 1024 2600 1092 ἀναγκαίως
2648 1028 2681 1096 ή
2734 1026 2986 1098 παροῦσα
3039 1028 3251 1101 Γραφὴ,
3285 1030 3382 1101 τὴν
3417 1032 3554 1103 πρὸς
3580 1034 3670 1088 τὸν

2074 1114 2236 1168 Δαυῖδ
2286 1115 2618 1185 ἐπαγγελίαν
2656 1118 2751 1171 τοῦ
2782 1118 2917 1172 Θεοῦ
2964 1120 3092 1192 περὶ
3135 1121 3230 1174 τοῦ
3262 1124 3327 1175 ἐκ
3358 1123 3667 1195 σπέρματος

2075 1206 2240 1260 αὐτοῦ
2270 1207 2360 1259 τὸν
2390 1209 2625 1279 Χριστὸν
2665 1208 3096 1281 προελεύσεσθαι
3126 1216 3455 1283 περιέχουσα
3475 1231 3487 1244 ·
3523 1213 3661 1270 ὥστε

2074 1296 2218 1367 ἔχειν
2249 1296 2572 1352 ἀκολουθίαν
2600 1300 2695 1354 καὶ
2717 1299 2913 1354 τοῦτον
2946 1303 3083 1373 πρὸς
3107 1304 3233 1367 τοὺς
3255 1303 3362 1375 πρὸ
3386 1304 3552 1359 αὐτοῦ
3574 1325 3667 1362 κα-

2072 1390 2507 1460 τατεταγμένους
2532 1392 2804 1464 ψαλμούς.
2842 1393 3154 1460 Συνέσεως
3175 1395 3232 1448 δέ
3260 1397 3668 1468 ἐπιγέγραπται

2073 1482 2236 1546 αὐτὸς
2270 1482 2451 1553 μόνον,
2481 1482 2608 1538 οὔτε
2651 1485 2709 1539 δὲ
2747 1485 2980 1557 ψαλμὸς.
3006 1484 3133 1541 οὔτε
3161 1486 3348 1559 ὕμνος.
3386 1490 3490 1561 Εῖη
3532 1490 3580 1543 δ’
3604 1489 3671 1545 ἂν

2072 1570 2183 1642 ᾠδὴ
2213 1573 2528 1645 προφητικὴ
2558 1575 2829 1640 συνέσεῶς
2856 1578 2957 1649 τῆς
2987 1578 3130 1633 κατὰ
3159 1578 3292 1634 Θεὸν
3319 1581 3669 1651 δεομένη.Δι¹

2071 1662 2101 1715 ὃ
2126 1662 2377 1718 λέλεκται
2400 1680 2413 1694 ·
2442 1669 2544 1733 Εἰς
2571 1668 2681 1720 τὸν
2703 1668 2890 1722 αἰῶνα
2918 1668 3161 1740 ᾄσομαι,
3199 1673 3316 1734 καὶ,
3341 1675 3426 1739 εἷς
3457 1673 3671 1743 γενεὰν

384 1756 631 1823 cantabo,
662 1765 739 1821 et,
773 1758 827 1810 in
854 1758 1244 1829 generationem
1266 1767 1313 1811 et
1342 1760 1732 1828 generationem
1760 1778 1964 1816 annun-

2071 1755 2171 1809 καὶ
2201 1756 2417 1826 γενεὰν
2444 1760 2764 1829 ἀπαγγελῶ
2790 1760 2907 1831 τὴν
2933 1762 3227 1830 ἀλήθειάν
3249 1779 3389 1819 σου.
3408 1764 3542 1820 Ἀπὸ
3569 1765 3670 1836 μὲν

387 1849 527 1905 tiabo
576 1851 849 1904 veritatem
896 1859 1065 1927 tuam.
1119 1849 1205 1906 Ab
1252 1850 1342 1906 his
1390 1852 1592 1921 quippe
1641 1853 1848 1915 verbis,
1899 1852 1966 1907 In

385 1952 637 1998 aeternum
668 1942 916 2007 cantabo,
949 1943 1076 2012 jure
1113 1944 1394 1998 canticum
1426 1960 1549 2000 esse
1596 1945 1855 2013 dicatur;
1898 1946 1968 2002 ab

382 2035 494 2092 illis
523 2042 729 2100 autem,
770 2035 1113 2090 Annuntiabo
1154 2037 1431 2091 ueritatem
1467 2045 1611 2091 tuam
1648 2039 1702 2091 in
1749 2054 1969 2109 genera-

383 2131 576 2184 tionem
604 2136 655 2182 et
685 2131 1098 2199 generationem,
1120 2136 1176 2184 et
1209 2143 1241 2182 a
1261 2129 1644 2199 sequentibus,
1677 2131 1967 2202 prophetia

382 2220 568 2278 fuerit.
610 2220 804 2277 Dictus
860 2228 1043 2275 autem
1084 2227 1170 2276 est
1202 2220 1407 2275 JEthan
1452 2220 1685 2278 Ezraitee
1709 2241 1723 2278 :
1750 2238 1858 2293 qua
1899 2224 1967 2279 de

382 2329 441 2370 re
470 2314 526 2368 in
552 2313 707 2384 prius
735 2311 1025 2383 explicatis
1054 2311 1280 2383 psalmis
1300 2327 1400 2382 pro
1432 2310 1693 2370 facultate
1717 2313 1968 2385 disputa-

380 2415 496 2460 tum
521 2420 550 2457 a
582 2404 742 2459 nobis
772 2411 876 2459 est.

452 2493 622 2551 Vens.
664 2494 719 2549 ὅ.
773 2494 1038 2560 Quoniam
1084 2493 1296 2559 dixisti,
1342 2493 1409 2549 In
1456 2505 1710 2550 mternum
1758 2497 1967 2551 miseri-

379 2587 564 2642 cordia
611 2585 1002 2655 a-dr'ﬁcabitur,
1048 2586 1105 2640 in
1150 2587 1293 2642 cretis
1330 2587 1724 2658 prteparabitur
1772 2590 1964 2644 veritas

380 2689 492 2735 tua.
526 2678 634 2734 Pro
655 2678 749 2733 illo
779 2687 985 2743 autem,
1020 2678 1286 2746 Quoniam
1318 2681 1528 2746 dixisti,
1573 2682 1770 2752 Aquila
1795 2682 1966 2737 inter-

378 2778 626 2844 pretatus
655 2780 759 2836 est,
784 2768 1049 2836 Quoniam
1077 2769 1229 2833 dixi;
1263 2769 1627 2842 Symmachus
1661 2788 1810 2838 vero,
1840 2790 1965 2845 quo-

377 2863 523 2917 niam
580 2862 728 2928 dia'i;
784 2859 1091 2917 Theodotio
1147 2863 1439 2929 similiter,
1494 2865 1760 2930 Quoniam
1812 2864 1961 2931 dixi;

374 2955 567 3024 quinta
598 2954 729 3010 item
756 2953 947 3018 editio,
985 2952 1251 3018 Quoniam
1288 2953 1404 3008 dixi
1419 2970 1438 3017 ;
1469 2956 1628 3024 quasi
1656 2956 1867 3011 scilicet
1895 2972 1961 3011 ex

375 3050 661 3121 Propheta;
712 3062 946 3118 persona
1007 3061 1191 3102 sermo
1238 3049 1595 3114 enuntietur;
1649 3046 1739 3102 hic
1793 3064 1961 3119 porro

2076 1846 2185 1919 γὰρ
2215 1847 2309 1901 τοῦ
2332 1866 2345 1880 ·
2381 1845 2487 1917 Εἰς
2515 1852 2624 1906 τὸν
2655 1852 2840 1909 αἰῶνα
2867 1853 3109 1926 ᾄσομαι.
3147 1857 3288 1929 ᾠδὴν
3323 1858 3491 1930 αὐτὴν
3520 1858 3668 1912 εἰκό-

2074 1954 2183 2000 τως
2204 1938 2272 1993 ἄν
2301 1958 2385 2005 τις
2413 1942 2576 1997 εἴποι·
2615 1944 2722 1998 άπὸ
2749 1945 2806 2000 δὲ
2828 1947 2924 2001 τοῦ
2944 1963 2959 1978 ⁶
3003 1949 3337 2020 Ἀπαγγελῶ
3371 1950 3486 2020 τὴν
3512 1950 3666 2021 ἀλή-

2076 2029 2241 2083 θειάν
2267 2047 2383 2086 σου
2406 2037 2493 2101 εὶς
2514 2038 2729 2105 γενεὰν
2758 2040 2858 2092 καὶ
2881 2040 3118 2110 γενεὰν,
3150 2044 3244 2097 καὶ
3272 2044 3380 2097 ἀπὸ
3403 2045 3512 2097 τῶν
3539 2044 3667 2117 ἑξῆς

2075 2121 2496 2196 ἐπιλεγομένων,
2534 2131 2892 2202 προφητείαν.
2929 2134 3192 2188 Λέλεκται
3247 2135 3305 2189 δὲ
3353 2136 3521 2191 Αίθὰν
3568 2137 3664 2191 τοῦ

2088 2214 2399 2288 Ἐσδραΐτου
2427 2222 2555 2290 περὶ
2581 2218 2641 2277 οῦ
2670 2222 2738 2276 τὰ
2770 2226 3124 2298 παραστάντα
3148 2228 3207 2281 ἐν
3233 2229 3346 2293 τοῖς
3376 2245 3669 2303 προτεχνο-

2074 2303 2423 2378 λογουμένοις
2444 2312 2553 2365 τῶν
2585 2313 2815 2388 ψαλμῶν
2842 2316 3221 2391 διειλήφαμεν.

2147 2477 2267 2532 Ὅτι
2311 2476 2488 2550 εἶπας
2511 2500 2525 2514 ’
2561 2487 2668 2553 Εἰς
2690 2487 2799 2542 τὸν
2828 2490 3014 2545 αἰῶνα
3051 2493 3225 2562 ἔλεος
3268 2496 3663 2567 οἰκοδομηθή-

2070 2583 2266 2637 σεται,
2316 2574 2387 2628 ἐν
2434 2576 2558 2644 τοῖς
2589 2581 2868 2649 οὐρανοῖς
2899 2584 3395 2655 ἐτοιμασθήσεται
3440 2591 3479 2659 ἡ
3513 2590 3666 2658 ἀλή-

2071 2665 2203 2720 θειά
2234 2681 2370 2722 σου.
2389 2669 2535 2725 Ἀντὶ
2565 2672 2659 2726 τοῦ
2680 2690 2694 2703 ·
2732 2675 2852 2728 Ὅτι
2884 2673 3079 2745 εἶπας,
3109 2680 3137 2731 6
3167 2679 3266 2751 μὲν
3309 2680 3538 2746 Ἀκύλας
3567 2685 3666 2755 ἠρ-

2075 2760 2341 2830 μήνευσεν
2360 2777 2374 2792 ·
2410 2763 2531 2817 Ὅτι
2560 2761 2732 2819 εἴπαο
2774 2769 2804 2821 ὁ
2832 2768 2890 2822 δὲ
2921 2769 3218 2842 Σύμμαχος
3237 2789 3250 2802 ο
3293 2773 3417 2826 ’Ότι
3453 2769 3628 2828 εἷπον
3648 2791 3663 2805 ο

2072 2848 2168 2939 καὶ
2210 2851 2239 2903 ό
2266 2850 2559 2907 Θεοδοτίων
2591 2858 2792 2928 ὁμοίως
2812 2875 2824 2888 ⁸
2860 2859 2982 2913 ’Ότι
3010 2857 3185 2916 εἷπον
3207 2879 3221 2893 ·
3255 2864 3349 2918 καὶ
3374 2866 3407 2936 ἡ
3439 2866 3662 2939 πέμπτη

2070 2938 2280 3005 ἐκδοσις
2300 2959 2313 2971 ’
2355 2942 2475 2997 Ὅτι
2501 2941 2672 3000 εἶπα·
2719 2949 2795 3013 ὡς
2827 2951 2891 3004 ἐκ
2931 2951 3222 3023 προσώπου
3251 2953 3344 3007 τοῦ
3376 2957 3664 3028 Προφήτου

2070 3027 2366 3099 λεγομένου
2388 3032 2486 3086 τοῦ
2512 3035 2692 3105 λόγου.
2708 3033 2875 3103 Οὗτος
2902 3040 2959 3093 δὲ
2987 3036 3054 3113 ἦν
3084 3042 3252 3097 Αίθὰν
3271 3045 3300 3096 ό
3324 3044 3661 3117 Ἐσδραΐτης,

374 3119 501 3198 erat
522 3140 728 3197 Ethan
776 3137 1045 3198 Ezrailes,
1104 3146 1166 3192 ut
1199 3137 1393 3193 titulus
1441 3136 1707 3192 declarat.
1750 3138 1959 3209 Hujus-

2066 3119 2142 3183 ὡς
2177 3123 2210 3192 ἠ
2245 3124 2539 3198 προγραφὴ
2567 3129 2885 3202 παρίστησι.
2911 3132 3179 3204 Τοιαύτην
3208 3134 3264 3187 δέ
3283 3152 3403 3189 τινα
3426 3136 3663 3191 διάνοιαν

375 3234 522 3290 modi
565 3246 697 3287 vero
749 3229 1074 3285 sententiam
1121 3227 1394 3297 Propheta
1442 3229 1758 3285 subindicat
1797 3230 1958 3286 :Jam

376 3336 536 3383 antea
569 3322 706 3389 dixi,
752 3320 1155 3376 Misericordias
1191 3319 1408 3373 Domini
1437 3325 1493 3373 in
1536 3329 1795 3375 wternum
1829 3339 1961 3376 can-

375 3426 518 3484 tabo.
559 3426 613 3482 ld
648 3435 831 3483 autem
866 3425 959 3496 qui
985 3423 1105 3480 fieri
1145 3429 1344 3496 possit,
1374 3424 1483 3479 nisi
1529 3423 1706 3494 prima
1736 3425 1829 3479 illa
1863 3423 1957 3481 Dei

374 3521 776 3585 misericordia,
812 3519 881 3575 ab
908 3517 1066 3573 initio
1087 3526 1146 3573 et
1171 3532 1202 3571 a
1227 3516 1454 3572 conditu
1485 3516 1677 3572 mundi
1702 3517 1756 3571 in
1780 3516 1960 3572 homi-

373 3614 539 3670 nibus
570 3613 820 3674 l‘undata,
861 3610 1113 3682 sequenti
1146 3617 1393 3680 tempore
1423 3609 1750 3671 acereverit,
1786 3615 1842 3662 et
1872 3607 1959 3662 in-

374 3714 493 3763 star
533 3705 748 3762 aedilicii
789 3704 1165 3759 accessionem
1196 3700 1487 3757 habuerit?
1529 3699 1667 3755 Nam
1703 3698 1798 3755 Dei
1827 3712 1957 3770 erga

373 3797 626 3853 homines
668 3796 1048 3852 misericordia
1094 3795 1343 3866 quotidie
1390 3793 1629 3859 crescit,
1684 3801 1740 3849 et
1798 3791 1957 3863 quasi

374 3891 585 3947 fabrica
636 3897 868 3961 augetur
918 3895 974 3944 et
1005 3887 1312 3945 exstruitur
1346 3885 1402 3941 in
1456 3885 1866 3957 generationem
1901 3893 1957 3939 et

373 3982 805 4055 generationem.
824 3979 963 4048 Quia
989 3981 1156 4052 igitur
1177 3980 1290 4035 dixi
1322 3989 1376 4035 et
1405 3978 1690 4043 aﬂirmavi,
1714 3979 1770 4033 in
1799 3986 1958 4034 aeter—

372 4089 504 4128 num
554 4071 992 4129 misericordiam
1035 4070 1130 4128 Dei
1155 4070 1534 4127 adiﬁcandam
1564 4086 1710 4136 esse,
1750 4079 1805 4128 et
1831 4072 1956 4127 ideo

372 4180 461 4220 me
504 4165 916 4221 misericordias
974 4165 1097 4235 ejus
1158 4165 1214 4220 in
1270 4173 1536 4220 aeternum
1603 4173 1953 4222 cantaturum

370 4271 531 4322 esse;
558 4273 669 4312 non
700 4257 1062 4328 ignorandum
1083 4266 1189 4325 est,
1219 4257 1371 4313 verbi
1397 4260 1684 4314 veritatem
1716 4259 1770 4313 in
1798 4259 1955 4315 caelis

372 4348 787 4418 praeparandam
812 4365 958 4406 esse.
1001 4348 1247 4404 Terrena
1277 4350 1482 4421 quippe
1517 4350 1736 4422 negotia
1767 4359 1822 4406 et
1850 4351 1952 4406 ho-

372 4443 580 4497 minum
641 4442 847 4497 malitia
901 4457 1011 4497 non
1057 4443 1287 4498 multam
1336 4443 1488 4498 verbi
1543 4445 1950 4501 accurationem
1988 4481 2030 4536 Β

369 4535 630 4592 exhibere
681 4544 949 4605 possunt;
1004 4536 1134 4607 quia
1181 4536 1355 4589 rrmlta
1398 4536 1456 4590 in
1500 4537 1613 4589 vita
1669 4536 1953 4592 hominum

372 4628 774 4699 inatquabilitas
803 4638 906 4685 est.
929 4627 1130 4684 Verum
1158 4627 1419 4698 quoniam
1447 4628 1719 4699 promissa
1748 4628 1863 4695 Dei,
1887 4631 1955 4686 ad

367 4718 628 4775 Davidem
666 4719 833 4785 facta,
872 4721 1058 4777 divina
1086 4737 1152 4777 ac
1185 4721 1435 4776 caelestia
1463 4728 1615 4786 sunt,
1661 4738 1862 4794 neque,
1895 4733 1956 4780 ut

366 4809 541 4867 Judaei
603 4814 977 4883 suspicantur,
1026 4824 1247 4871 terrena
1293 4823 1349 4873 et
1398 4830 1702 4885 corporea;
1760 4834 1826 4874 ea
1883 4820 1953 4876 de

367 4918 536 4960 causa
561 4903 686 4974 jure
713 4903 991 4977 Propheta
1027 4909 1181 4980 prius
1204 4908 1514 4981 distinguit,
1553 4925 1662 4965 non
1699 4912 1754 4966 in
1781 4920 1951 4980 terra,

367 4995 464 5050 sed
502 4996 560 5050 in
613 4996 773 5054 crelis
816 5000 1101 5056 veritatem
1144 5002 1547 5072 promissorum
1596 5001 1692 5059 Dei
1744 5022 1955 5078 praepa-

367 5086 598 5142 randam
626 5104 771 5145 esse.
800 5088 1168 5157 Quamobrem
1205 5093 1568 5167 Symmachus
1609 5097 1724 5153 haec
1747 5100 1953 5159 clarius

366 5180 596 5249 explicat
622 5183 814 5241 dicens
839 5205 852 5240 :
882 5184 951 5243 In
974 5186 1118 5243 cretis
1141 5188 1459 5257 fundabitur
1503 5192 1699 5247 veritas
1729 5203 1841 5248 tua.

438 5376 605 5435 Vsus.
628 5381 747 5439 4-6.
798 5383 1049 5455 Disposui
1069 5397 1442 5447 testamentum
1470 5394 1649 5449 electis
1684 5398 1834 5461 meis,
1850 5398 1948 5467 ju-

369 5470 485 5521 rari
513 5469 681 5526 David
709 5491 857 5531 servo
899 5495 1036 5546 meo,
1060 5478 1233 5552 Usque
1261 5486 1314 5539 in
1350 5494 1606 5541 azternum
1633 5491 1946 5558 prwparabo

368 5575 542 5615 semen
572 5573 743 5632 tuum,
773 5578 826 5623 et
853 5570 1132 5641 aediﬁcabo
1159 5576 1214 5629 in
1240 5581 1629 5647 generationem
1659 5591 1710 5637 et
1736 5600 1952 5653 genera-

370 5652 563 5743 tionem
579 5653 824 5713 thronum
848 5670 1018 5716 tuum.
1044 5665 1378 5736 Diapsalma.
1405 5652 1809 5743 Confitebuntur
1828 5679 1948 5733 caeli

369 5742 644 5800 mirabilia
678 5756 793 5817 tua,
836 5751 1083 5823 Domine,
1126 5762 1317 5815 etenim
1372 5765 1643 5820 veritatem
1696 5778 1841 5824 tuam
1891 5773 1945 5827 in

2069 3210 2327 3265 ὐποϐάλοι
2360 3213 2427 3267 ἂν
2459 3216 2488 3267 ό
2526 3217 2853 3290 Προφήτης·
2889 3219 3104 3283 Φθάσας
3144 3222 3245 3291 ἤδη
3282 3224 3548 3295 πρότερον
3581 3222 3662 3279 εῖ-

2067 3316 2168 3352 πον
2191 3317 2205 3331 ·
2254 3303 2335 3355 ὅτι
2375 3304 2451 3357 Τὰ
2494 3305 2636 3374 ἐλέη
2664 3307 2771 3361 τοῦ
2798 3310 3020 3377 Kvplov
3045 3313 3132 3376 εὶς
3169 3312 3276 3366 τὸν
3311 3315 3495 3369 αἰῶνα
3516 3315 3660 3383 ᾄσο-

2058 3406 2186 3458 μαι.
2217 3393 2373 3445 Τοῦτι
2440 3395 2498 3448 δὲ
2552 3397 2670 3461 πῶς
2725 3401 2842 3452 ποτ’
2867 3400 2932 3453 ἂν
2981 3401 3191 3470 γένοιτο
3238 3403 3271 3475 ἢ
3314 3404 3408 3458 τοῦ
3444 3406 3658 3479 πρώτου

2064 3478 2253 3544 ἐλέους
2285 3481 2380 3536 τοῦ
2407 3482 2542 3537 Θεοῦ
2572 3484 2630 3551 ἐξ
2657 3488 2833 3560 ἀρχῆς
2857 3490 2953 3543 καὶ
2985 3491 3093 3544 ἀπὸ
3123 3492 3346 3566 πρώτης
3385 3513 3655 3568 κοσμογο-

2064 3568 2185 3634 νίας
2230 3573 2663 3646 καταϐληθέντος
2713 3581 2794 3643 εἰς
2842 3580 3186 3654 ἀνθρώπους,
3236 3585 3478 3640 ἐπίδοσιν
3518 3590 3659 3644 κατὰ

2063 3663 2290 3732 χρόνους
2315 3664 2705 3737 λαμϐάνοντος,
2735 3672 2829 3724 καὶ
2853 3672 3011 3745 δίκην
3039 3676 3335 3750 οἰκοδομῆς
3364 3677 3657 3748 αὖξοντοςς

2061 3753 2226 3819 Αὔξει
2244 3756 2355 3828 γὰρ
2389 3758 2661 3832 ὁσημέραι
2682 3763 2742 3816 τὸ
2765 3763 2914 3828 ἔλεος
2933 3765 3029 3820 τοῦ
3051 3766 3188 3822 Θεοῦ
3210 3771 3289 3834 είς
3312 3770 3654 3843 ἀνθρώπους,

2063 3848 2158 3901 καὶ
2177 3847 2335 3920 δίκην
2362 3852 2652 3925 οἰκοδομῆς
2673 3857 2975 3927 προκόπτει
3003 3860 3097 3913 καὶ
3117 3862 3479 3934 οἰκοδομεῖται
3510 3866 3653 3919 κατὰ

2061 3938 2255 4008 γενεὰν
2276 3942 2370 3995 καὶ
2392 3943 2606 4011 γενεάν.
2626 3946 2841 4021 Ἐπειδὴ
2863 3950 3041 4004 τοίνυν
3060 3948 3214 4007 εἶπον
3234 3955 3326 4008 καλ⁵
3342 3956 3654 4012 διεϐεϐαιω-

2064 4029 2265 4102 σάμην,
2292 4032 2372 4086 ὅτι
2405 4034 2487 4097 είς
2519 4034 2611 4089 τὸν
2640 4037 2812 4092 αἰῶνα
2839 4039 2902 4092 τὸ
2921 4040 3067 4106 ἔλεος
3096 4043 3191 4097 τοῦ
3211 4044 3345 4099 Θεοῦ
3366 4048 3654 4120 οἰκοδομη-

2062 4120 2308 4192 θήσεται,
2336 4124 2428 4177 καὶ
2477 4124 2567 4179 διὰ
2609 4127 2769 4183 τοῦτο
2800 4131 2870 4185 τὰ
2896 4131 3020 4205 ἐλέη
3050 4134 3213 4188 αὐτοῦ
3246 4137 3326 4200 εἰς
3351 4136 3445 4192 τὸν
3482 4141 3657 4195 αἰῶνα

2060 4213 2286 4286 ᾄσομαι,
2319 4219 2381 4271 οὐ
2409 4221 2675 4292 προσήκει
2698 4223 2933 4292 ἀγνοεῖν,
2956 4227 3036 4280 δτι
3064 4226 3159 4280 τοῦ
3187 4229 3344 4298 λόγου
3367 4232 3401 4302 ὴ
3428 4231 3656 4303 ἀλήθεια

2061 4305 2119 4357 ἐν
2168 4309 2282 4370 τοῖς
2329 4308 2580 4379 οὐρανοῖς
2625 4313 3099 4387 ἐτοιμασθήσεται.
3134 4319 3213 4373 Τὰ
3243 4320 3353 4393 γὰρ
3400 4321 3655 4395 περίγεια

2061 4396 2364 4468 πράγματα
2396 4400 2491 4452 καὶ
2530 4400 2563 4471 ή
2598 4403 2656 4454 ἐν
2692 4403 3000 4475 ἀνθρώποις
3038 4408 3204 4463 κακία
3239 4410 3438 4476 δόξειεν
3467 4413 3537 4469 ἂν
3576 4414 3653 4487 μὴ

2062 4488 2202 4541 πάνυ
2230 4507 2283 4544 τι
2313 4492 2599 4563 ἐμφαίνειν
2643 4495 2703 4547 τὸ
2733 4496 2960 4568 ἀκριϐὲς
2995 4500 3090 4554 τοῦ
3124 4500 3305 4571 λόγου,
3340 4504 3419 4577 τῷ
3451 4507 3652 4579 πολλὴν

2060 4582 2377 4653 ἀνωμαλίαν
2426 4580 2565 4641 εἶναι
2615 4587 2792 4643 δοκεῖν
2842 4593 2983 4646 κατὰ
3025 4595 3117 4648 τὸν
3142 4595 3480 4669 ἀνθρώπινον
3514 4600 3647 4672 βίον.

2071 4673 2211 4727 Ἀλλ’
2235 4676 2535 4751 ἐπειδήπερ
2567 4681 2624 4734 αί
2651 4682 2975 4751 ἐπαγγελίαι
3003 4684 3096 4739 τοῦ
3127 4686 3286 4755 Θεοῦ,
3317 4692 3373 4743 αἱ
3401 4692 3538 4764 πρὸς
3556 4692 3650 4746 τὸν

2058 4766 2224 4821 Δαυῒδ
2244 4771 2628 4841 γεγενημέναι,
2648 4773 2789 4830 θεῖαι
2810 4778 2904 4831 καὶ
2926 4778 3168 4851 οὐράνιοι
3190 4785 3533 4854 τυγχάνουσι,
3557 4788 3650 4840 καὶ

2055 4856 2175 4928 οὐχ,
2197 4859 2272 4923 ὡς
2303 4859 2369 4914 ἂν
2395 4862 2716 4920 ὑπολάϐοιεν
2752 4868 3020 4925 Ἰουδαίων
3057 4874 3263 4938 παῖδες,
3297 4876 3521 4944 γεώδεις
3553 4882 3649 4933 καὶ

2057 4956 2386 5045 σωματικαί·
2411 4960 2638 5025 εἰκότως
2663 4963 2752 5017 διὰ
2777 4964 2936 5019 τοῦτο
2962 4968 3436 5039 προδιαστέλλεται
3459 4975 3487 5026 ὀ
3510 4976 3650 5045 Προ-

2056 5044 2255 5137 φήτης,
2286 5049 2370 5102 ὅτι
2404 5051 2478 5124 μὴ
2511 5056 2604 5107 ἐπὶ
2634 5056 2735 5127 τῆς
2776 5058 2899 5129 γῆς,
2934 5059 3050 5113 ἀλλ’
3077 5061 3137 5114 ἐν
3168 5066 3280 5126 τοῖς
3331 5044 3579 5136 οὐρανοῖς
3613 5067 3644 5137 ἡ

2052 5135 2285 5207 ἀλήθεια
2334 5141 2441 5195 τῶν
2484 5146 2826 5215 ἐπαγγελιῶν
2857 5148 2953 5203 τοῦ
3001 5150 3138 5204 Θεοῦ
3173 5135 3644 5225 ἐτοιμασθήσεται.

2063 5228 2263 5316 ,διόπερ
2294 5233 2322 5284 6
2354 5233 2648 5308 Σύμμαχος
2681 5241 3012 5313 σαφέστερον
3055 5245 3398 5316 ἠρμήνευσεν
3435 5249 3604 5301 εἰπών
3625 5264 3643 5279 ⁸·

2080 5312 2174 5371 Ἑν
2196 5321 2322 5388 τοῖς
2354 5327 2632 5395 οὐρανοῖς
2660 5312 3108 5401 δεῖδρασθῆίσεται⁷
3134 5312 3458 5405 ἦ-ἀλήθειά
3502 5354 3641 5396 σου.

2121 5412 2404 5484 Διεθέμην
2430 5417 2724 5490 διαθήκην
2753 5425 2879 5492 τοῖς
2913 5426 3221 5497 ἐκλεκτοῖς
3248 5449 3369 5499 μου
3393 5448 3405 5460 ·
3433 5430 3641 5501 ὤμοσα

2049 5504 2233 5558 Δαυῒδ
2268 5507 2349 5573 τῷ
2374 5509 2571 5580 δούλῳ
2600 5531 2721 5583 μου
2740 5533 2753 5547 ·
2793 5519 2940 5585 Ἕως
2966 5522 3075 5576 τοῦ
3102 5522 3317 5591 αἰῶνος
3343 5524 3638 5594 ἑτοιμάσω

2036 5595 2112 5650 τὸ
2146 5598 2387 5670 σπέρμα
2426 5620 2563 5668 σου,
2592 5608 2691 5661 καὶ
2738 5611 3117 5682 οἰκοδομήσω
3155 5619 3242 5684 εἰς
3292 5619 3505 5689 γενεὰν
3536 5618 3638 5673 καὶ

2055 5688 2271 5756 γενεὰν
2312 5690 2420 5745 τὸν
2456 5696 2676 5762 θρόνον
2710 5712 2849 5757 σου.
2890 5702 3226 5776 Διάψαλμα.
3246 5707 3641 5779 Ἑξομολογή-

2054 5794 2265 5837 σονται
2297 5787 2350 5839 οἱ
2378 5787 2620 5854 οὐρανοὶ
2670 5790 2742 5847 τὰ
2785 5795 3087 5863 θαυμάσια
3122 5815 3260 5866 σου,
3302 5804 3495 5871 Κύριε,
3535 5800 3637 5855 καὶ
