4074 6414
416 527 552 582 1075

1621 518 2130 576 ΟΟΜΜΕΝΤΛΒΙΑ
2172 518 2238 573 IN
2277 517 2620 575 PSALMOS.

3542 521 3681 567 10'“

414 643 522 712 γὰρ
543 641 658 708 τὴν
688 640 972 707 ἀλήθειάν
998 655 1114 693 σου
1137 639 1193 692 ἐν
1240 637 1563 705 Ἐκκλησία
1583 638 1787 707 ἁγίων.
1808 636 1991 707 Σαφῶς

2109 635 2352 690 Ecclesia
2378 642 2707 689 sanctorum.
2744 630 2870 685 Haec
2900 646 2966 685 ex
3000 643 3228 700 persona
3256 627 3353 682 Dei
3394 624 3683 681 manifeste

411 730 583 783 ταῦτα
623 730 687 782 ἐκ
724 728 1016 800 προσώπου
1054 728 1149 781 τοῦ
1183 726 1320 780 Οεοῦ
1350 725 1594 799 εἴρηται·
1636 726 1828 797 διόπερ
1851 726 2000 779 δοκεῖ

414 837 505 890 μοι
552 819 702 890 παρὰ
741 822 854 882 τοῖς
895 818 1305 888 Ἐϐδομήκοντα
1340 815 1596 887 ἀνωτέρω
1623 814 1874 886 εἰρῆσθαι
1902 814 1994 868 τό·

413 913 541 964 Ὅτι
569 907 773 975 εἶπας·
808 912 912 975 Εἰς
958 908 1067 962 τὸν
1104 907 1289 961 αἰῶνα
1317 908 1490 973 ἕλεος
1534 906 2000 976 οἰκοδομηθήσε-

410 1019 523 1066 ται,
556 1002 627 1054 ἐν
662 1002 789 1067 τοῖς
820 1000 1102 1069 οὐρανοῖς
1140 998 1640 1068 ἑτοιμασΘήσε-ται
1672 1000 1711 1066 ἠ
1746 997 2001 1067 ἀλήθειά

408 1109 557 1148 σου·
594 1089 675 1157 οἷς
709 1093 1044 1163 ἐπισυνῆπτε
1088 1090 1181 1143 τό·
1234 1089 1518 1159 Διεθέμην
1552 1087 1846 1157 διαθήκητς
1874 1086 2000 1153 τοῖς

407 1180 711 1250 ἐκλεκτοῖς
742 1201 894 1253 μου·
933 1184 1020 1237 ἴνα
1062 1182 1184 1236 καθ’
1216 1180 1526 1252 ὑπερϐατὸν
1549 1180 1633 1251 εἴη
1666 1179 1840 1243 οὕτως
1861 1179 1999 1251 ἔχων

407 1275 437 1327 6
463 1274 587 1337 νοῦς
615 1274 722 1327 τῶν
758 1272 1170 1346 προκειμένων·
1214 1269 1445 1342 Ἐπειδὴ
1481 1270 1546 1323 σὺ
1587 1270 1772 1334 αὐτὸς,
1805 1263 1851 1323 ὦ
1881 1267 1997 1323 Κύ-

411 1382 515 1435 ριε,
542 1368 599 1418 ἐν
635 1368 754 1429 ταῖς
799 1366 927 1437 περὶ
967 1364 1062 1418 τοῦ
1098 1362 1260 1417 Δαυῒδ
1289 1363 1647 1432 ἐπαγγελίαις
1676 1359 1864 1426 εἴπας·
1904 1363 1998 1425 Εἰς

406 1459 499 1512 τὸν
527 1458 697 1511 αἰῶνα
728 1459 792 1511 τὸ
819 1458 966 1522 ἔλεός
995 1474 1096 1528 μου
1125 1456 1186 1509 τὸ
1214 1456 1352 1527 πρὸς
1391 1455 1482 1509 τὸν
1515 1456 1698 1519 Δαυῖδ,
1725 1455 1758 1528 ἦ
1802 1455 1897 1509 καὶ
1936 1454 1998 1507 τὸ

407 1553 488 1614 εἰς
522 1552 730 1614 πάντας
764 1548 1084 1621 ἀνθρώπους
1118 1546 1640 1619 οἰκοδομηθήσεται·
1687 1548 1782 1602 καὶ
1824 1565 1997 1620 προσ-

407 1640 611 1713 έθηκας
655 1642 860 1710 λέγων·
892 1640 1174 1710 Διεθέμην
1198 1637 1495 1706 διαθήκην
1535 1639 1663 1706 τοῖς
1692 1638 1999 1705 ἐκλεκτοῖς

401 1748 543 1799 μου,
589 1731 708 1802 ήτοι
755 1730 1026 1802 ἐπιλέκτῳ
1071 1747 1196 1802 μου,
1240 1731 1367 1784 καί·
1418 1732 1649 1800 ᾬμοσα
1690 1728 1873 1783 Δαυῒδ
1915 1727 1997 1794 τῷ

406 1822 604 1886 δούλῳ
644 1840 786 1891 μου,
835 1822 928 1875 καὶ
974 1822 1044 1875 τὰ
1092 1821 1300 1886 τούτοις
1332 1819 1630 1875 ἀκόλουθα·
1669 1819 1996 1889 πέπεισμαι,

406 1915 493 1967 ὅτι
520 1911 720 1967 οὕποτε
749 1912 1235 1985 διαψευσθήσονταί
1262 1930 1358 1967 σου
1400 1914 1458 1967 αι
1493 1911 1838 1981 ἐπαγγελίαι,
1903 1910 1998 1983 μέ-

2106 729 2254 783 dicta
2308 738 2441 782 sunt
2474 746 2485 780 :
2523 740 2587 781 ac
2618 724 2839 779 videtur
2885 722 3019 777 mihi
3072 721 3196 775 ideo
3228 720 3372 791 apud
3405 717 3547 773 LXX
3591 735 3680 773 su-

2105 820 2292 889 perius
2339 819 2547 875 dictum
2604 816 2776 872 fuisse
2799 858 2815 883 ,
2857 814 3122 882 Quoniam
3155 813 3339 867 dixisti
3370 826 3388 865 :
3418 809 3485 865 In
3532 820 3685 866 ceter-

2105 927 2231 965 num
2261 910 2631 965 misericordia
2655 905 3030 977 aediﬁcabitur,
3050 907 3104 959 in
3130 905 3272 985 cadis
3295 903 3687 973 prwparabitur

2103 1004 2297 1057 ueritas
2324 1001 2665 1071 tua;quibus
2694 999 2810 1053 haec
2831 998 3216 1059 subdiderunt,
3238 994 3486 1063 Disposui
3519 1003 3684 1048 testa-

2105 1103 2340 1147 mentum
2374 1093 2553 1148 electis
2596 1092 2760 1154 meis;
2796 1098 2857 1143 ut
2887 1104 2985 1159 per
3016 1088 3357 1159 hyperbaton
3387 1085 3518 1139 dicti
3564 1099 3689 1140 sen-

2103 1186 2275 1240 tentia
2331 1187 2411 1242 sic
2456 1184 2836 1255 exprimatur:
2867 1180 3136 1247 Quoniam
3167 1186 3225 1232 tu
3272 1178 3410 1248 ipse,
3438 1174 3688 1241 Domine,

2103 1277 2159 1330 in
2190 1275 2655 1346 promissionibus
2679 1272 2901 1327 Davidis
2926 1270 3116 1326 dixisti
3151 1289 3163 1324 :
3198 1271 3257 1324 ln
3290 1281 3556 1324 aeternum
3590 1268 3691 1321 Ini-

2105 1367 2407 1424 sericordia
2439 1382 2559 1421 mea
2592 1380 2722 1436 erga
2758 1364 3039 1427 Davidem,
3068 1362 3185 1418 sive
3213 1377 3343 1432 erga
3369 1375 3561 1415 omnes
3593 1363 3691 1413 ho-

2104 1461 2291 1515 mines
2348 1458 2749 1524 aediiieabitur;
2809 1464 2862 1511 et
2913 1456 3032 1510 bare
3086 1453 3372 1523 adiecisti,
3437 1452 3690 1522 Disposui

2105 1560 2477 1607 testamentum
2522 1551 2701 1605 electis
2744 1549 2898 1611 meis,
2931 1548 3163 1613 scilicet,
3197 1547 3373 1603 electo
3414 1560 3560 1610 meo,
3612 1551 3686 1608 et,

2100 1643 2293 1698 Juraui
2329 1642 2497 1698 David
2526 1659 2672 1697 servo
2701 1658 2833 1706 meo,
2866 1648 2922 1695 et
2955 1650 3150 1695 caetera
3172 1653 3535 1709 :persuasum
3560 1637 3688 1691 mihi

2102 1745 2191 1793 est
2226 1735 2499 1806 prcmissa
2558 1742 2653 1788 tua
2698 1746 2980 1803 nunquam
3041 1730 3204 1784 irrita
3237 1729 3375 1793 fore,
3407 1729 3505 1783 sed
3559 1743 3687 1784 vers

2102 1828 2373 1898 ﬁrmaque
2404 1839 2667 1881 mansura
2702 1840 2827 1880 esse
2856 1840 2870 1888 ;
2904 1822 2998 1878 sed
3053 1837 3166 1876 non
3212 1820 3313 1884 ita,
3351 1828 3409 1875 ut
3439 1820 3495 1875 in
3543 1830 3687 1875 terra

2103 1917 2410 1972 consistant
2442 1936 2457 1971 :
2487 1930 2667 1986 neque
2710 1915 2869 1970 enim
2889 1922 3110 1969 terrena
3156 1920 3212 1967 et
3266 1912 3492 1967 sensilia
3537 1920 3686 1978 sunt,

410 2019 558 2056 νουσι
579 2003 637 2057 δὲ
680 2003 902 2076 ἀληθεῖς
932 2004 1026 2057 καὶ
1057 2003 1418 2058 ὰδιάπτωτοι·
1451 2003 1566 2057 ἀλλ’
1600 2004 1700 2073 οὐχ
1733 2001 1872 2056 ὥστε
1907 2002 1991 2057 ἐπὶ

2102 2022 2281 2079 neque
2310 2006 2543 2061 venalia
2579 2015 2635 2061 et
2680 2005 2836 2061 brevi
2891 2011 3140 2074 tempore
3181 2003 3474 2066 duratura,
3505 2003 3685 2074 qualis

406 2093 504 2166 τῆς
545 2095 648 2166 γῆς
691 2095 1038 2149 συνίστασθαι
1077 2097 1280 2160 αὐτάς·
1329 2095 1589 2168 οὐδὲγὰρ
1633 2096 1868 2163 ἐπίγειοι
1906 2095 2003 2150 καὶ

405 2185 684 2256 αἰσθηταὶ,
718 2186 837 2240 οὐδὲ
878 2186 1084 2258 ὠνηταὶ
1119 2188 1214 2241 καὶ
1237 2188 1591 2259 ὀλιγοχρόνιοι
1620 2188 1998 2257 τυγχάνουσιν,

403 2272 517 2341 οἷός
553 2281 702 2331 ἐστιν
733 2281 762 2332 6
793 2277 903 2332 τῶν
935 2277 1239 2352 ἀνθρώπων
1275 2279 1408 2350 βίος,
1455 2279 1570 2333 ἀλλ’
1602 2281 1862 2335 ἀθάνατοι
1908 2279 2002 2333 καὶ

402 2368 611 2423 αἰώνιοι
638 2370 732 2422 καὶ
763 2373 829 2441 τῇ
859 2374 925 2442 σῇ
956 2370 1172 2442 θεότητι
1208 2373 1754 2445 πρέπουσαι.Διόπερ
1777 2372 1879 2426 οὐκ
1907 2372 2000 2426 ἐπὶ

402 2460 503 2531 τῆς
530 2461 654 2532 γῆς,
685 2462 800 2515 ἀλλ’
829 2465 887 2515 ἐν
917 2465 1031 2526 τοῖς
1059 2464 1309 2535 οὐρανοῖς
1334 2466 1846 2537 ἑτοιμασθήσεταιή
1869 2464 2001 2534 ὰλή-

404 2550 526 2605 Θεια
578 2551 686 2606 τῶν
737 2553 847 2606 σῶν
895 2554 1032 2626 πρὸς
1063 2556 1157 2608 τὸν
1186 2555 1348 2609 Δαυῒδ
1381 2556 1743 2625 ἐπαγγελιῶν.
1763 2557 1909 2609 ‘Ausi
1940 2555 1998 2608 δὲ

401 2638 497 2691 τοῦ
518 2657 533 2670 ·
574 2640 861 2710 Διεθέμην
902 2641 1196 2711 διαθήκην
1238 2644 1363 2710 τοῖς
1412 2646 1718 2712 ἐκλεκτοῖς
1757 2663 1899 2715 μου,
1947 2649 1997 2699 οἰ

402 2730 581 2784 λοιποὶ
618 2732 817 2795 πάντες
854 2734 1217 2803 ἐρμηνευταί·
1250 2735 1336 2801 Τῷ
1364 2737 1660 2804 ἐπιλέκτῳ
1677 2754 1817 2805 μου,
1844 2737 1997 2809 εἰρή-

403 2838 553 2876 κασι.
584 2824 693 2876 Καὶ
738 2823 940 2893 μᾶλλον
975 2825 1204 2895 ἁρμόζει
1238 2829 1304 2897 τῇ
1336 2827 1546 2900 διανοίᾳ
1578 2830 1610 2900 ἡ
1638 2828 1862 2899 τοιαύτη
1906 2828 1997 2881 ἕκ-

401 2909 550 2978 δοσις
568 2929 584 2943 ι
612 2912 734 2965 οὐδὲ
755 2912 866 2985 γὰρ
885 2915 1015 2985 περὶ
1046 2914 1253 2968 πολλῶν
1278 2918 1428 2974 ἐστιν
1455 2919 1484 2970 6
1508 2917 1682 2986 λόγος,
1706 2918 1841 2973 ἀλλὰ
1866 2919 1995 2989 περὶ

405 3004 568 3075 μόνου
611 3005 706 3058 τοῦ
746 3006 941 3060 Δαυϊδ·
986 3007 1135 3078 αὖτῷ
1172 3008 1302 3080 γὰρ,
1337 3011 1491 3080 φησι,
1523 3011 1617 3064 καὶ
1648 3010 1860 3082 ὤμοσα,
1897 3011 1993 3065 ἆτε

400 3093 574 3166 δούλῳ
596 3112 697 3167 μου
720 3096 834 3150 ὄντι
854 3098 948 3151 καὶ
967 3098 1237 3170 ἐπιλέκτῳ
1259 3117 1381 3171 μου.
1401 3102 1476 3155 Οὐ
1496 3103 1605 3175 γὰρ
1623 3103 1783 3176 ἢρκει
1806 3104 1995 3173 ἁπλῶς

399 3191 681 3248 διαθέσθαι
710 3194 858 3265 αὐτῷ
882 3195 1169 3268 διαθήκην,
1205 3195 1394 3269 ὥσπερ
1431 3199 1689 3271 διεθέμην
1724 3199 1805 3270 τῶ
1843 3199 1995 3265 Νῶε,

2102 2097 2386 2153 hominum
2419 2097 2532 2152 vita
2563 2104 2687 2163 est;
2733 2095 2830 2151 sed
2864 2094 3217 2160 immortalia,
3253 2102 3456 2149 aeterna
3484 2102 3540 2149 et
3572 2094 3671 2149 dei-

2102 2190 2207 2243 tati
2227 2196 2334 2244 tua:
2359 2189 2741 2261 congruentia.
2775 2186 3124 2257 Quapropter
3157 2202 3266 2240 non
3300 2186 3549 2251 interra,
3590 2186 3684 2241 sed

2102 2282 2158 2336 in
2210 2282 2368 2337 caelis
2411 2282 2813 2352 praeparabitur
2839 2278 3047 2336 veritas
3098 2294 3289 2333 eorum
3340 2292 3465 2351 qua
3491 2277 3682 2333 Davidi

2099 2373 2380 2443 pollicitus
2412 2387 2494 2429 es.
2527 2372 2636 2429 Pro
2665 2373 2760 2427 illo
2790 2380 2994 2438 autem,
3032 2371 3283 2441 Disposui
3313 2377 3682 2428 testamentum

2097 2465 2274 2518 electis
2309 2466 2460 2528 mcis,
2494 2465 2694 2535 reliqui
2727 2480 2922 2519 omnes
2964 2464 3317 2534 inlerpretes,
3341 2461 3523 2516 Electa
3548 2477 3682 2525 meo,

2097 2553 2375 2609 dixerunt.
2415 2553 2549 2621 Quae
2599 2571 2733 2611 sane
2793 2555 3173 2625 interpretatio
3204 2568 3346 2609 verae
3395 2552 3682 2607 sententi?

2100 2645 2278 2716 magis
2299 2647 2590 2717 congruit:
2620 2646 2910 2701 nonenim
2943 2646 3010 2701 de
3033 2645 3223 2700 multis
3255 2659 3437 2700 sermo
3465 2643 3682 2707 est,sed

2097 2734 2166 2789 de
2193 2750 2303 2789 uno
2341 2732 2580 2801 Davide.;
2614 2735 2743 2806 ipsi
2769 2736 2972 2806 quippe
3021 2734 3224 2806 juravi,
3258 2734 3457 2805 inquit,
3498 2742 3681 2804 utpote

2099 2842 2260 2883 servo
2301 2841 2425 2881 meo
2473 2837 2529 2881 et
2557 2827 2732 2883 electo
2782 2842 2927 2883 meo.
2974 2825 3164 2897 Neque
3207 2827 3356 2882 enim
3397 2828 3533 2882 satis
3562 2834 3683 2881 erat

2098 2917 2200 2988 ipsi
2235 2927 2622 2975 testamentum
2651 2919 2966 2989 dieponere,
2993 2919 3140 2974 sicut
3162 2917 3297 2984 Noe,
3332 2926 3523 2988 postea
3549 2932 3681 2973 vero

2096 3009 2432 3075 Abrahamo,
2463 3011 2767 3081 deindeque
2817 3011 2944 3067 ﬁliis
2997 3010 3165 3066 lsrael
3217 3010 3275 3064 in
3318 3011 3540 3065 deserto
3584 3025 3677 3080 per

2094 3100 2336 3173 Moysem
2366 3102 2614 3172 disposui
2642 3121 2656 3156 :
2686 3118 2812 3156 nam
2846 3117 2973 3157 cum
3000 3103 3069 3159 iis
3098 3103 3218 3158 sine
3243 3103 3590 3173 juramento;
3624 3107 3682 3163 at

2096 3208 2222 3249 cum
2248 3194 2464 3256 .electo,
2503 3209 2663 3250 servo
2693 3202 2748 3249 et
2781 3193 2984 3249 famulo
3020 3209 3142 3250 meo
3180 3194 3405 3257 Davide,
3433 3193 3682 3248 adhibito

399 3285 497 3339 καὶ
528 3287 667 3357 μετὰ
695 3287 870 3340 ταῦτα
900 3287 979 3360 τῷ
1012 3289 1283 3362 Ἀϐραὰμ,
1315 3291 1409 3344 καὶ
1451 3291 1612 3346 πάλιν
1641 3293 1756 3364 μετ’
1786 3294 1991 3347 ἐκεῖνον

2094 3284 2474 3355 jurejurando,
2497 3284 2676 3341 foedus
2696 3294 2753 3341 et
2775 3291 3167 3341 testamentum
3198 3283 3679 3340 iniiJuravi-enim

395 3379 511 3440 τοῖς
529 3352 671 3441 Ψυίοῖς
708 3379 926 3452 Ἰσραὴλ
947 3352 1050 3434 ’ἐπὶ
1079 3352 1181 3451 ei];
1206 3352 1415 3453 μου
1437 3381 1526 3436 διὰ
1548 3352 1814 3448 Μωσέως·
1849 3383 1991 3438 ἐκεί-

2097 3375 2202 3446 ipsi
2257 3375 2499 3431 futurum
2532 3392 2658 3433 esse
2694 3386 2755 3432 ut
2782 3392 2981 3432 semen
3007 3378 3129 3447 ejus
3153 3378 3207 3432 in
3230 3385 3494 3433 aeternum
3534 3391 3679 3448 prm-

396 3484 511 3531 νοις
558 3467 666 3540 γὰρ
707 3469 832 3540 δίχα
861 3471 1237 3543 ὁρκωμοσίας·
1265 3472 1345 3545 τῷ
1374 3474 1419 3528 δ’
1451 3474 1725 3547 ἐπιλέκτῳ
1761 3493 1862 3548 μου
1897 3476 1992 3530 καὶ

392 3559 476 3631 τῷ
526 3559 647 3631 ἐμῷ
691 3560 985 3635 θεράποντι
1033 3565 1128 3618 καὶ
1178 3564 1350 3636 δούλῳ
1374 3566 1539 3620 Δαυτδ
1565 3566 1821 3640 διεθέμην
1854 3567 1992 3639 μετὰ

390 3653 563 3724 ὅρκου
597 3652 996 3725 παραλήψεως·
1035 3654 1225 3727 ὤμοσα
1267 3658 1378 3729 γὰρ
1420 3658 1569 3730 αὐτῷ
1598 3661 1725 3733 περὶ
1754 3660 1849 3714 τοῦ
1881 3661 1990 3715 δεῖν

388 3742 455 3797 τὸ
510 3741 730 3813 σπέρμα
775 3744 940 3797 αὑτοῦ
991 3748 1071 3809 εἰς
1098 3747 1189 3800 τὸν
1231 3748 1408 3802 αἰῶνα
1437 3749 1749 3821 ἑτοιμάσειν
1780 3752 1989 3807 καὶτὸν

389 3833 584 3908 θρόνον
614 3835 781 3889 αὐτοῦ
808 3837 1206 3910 οἰκοδομήσειν,
1242 3842 1337 3895 καὶ
1367 3844 1469 3899 οὐκ
1505 3846 1585 3908 εἰς
1614 3843 1741 3915 μίαν
1773 3845 1986 3914 γενεὰν,

387 3923 509 3977 ἀλλ’
541 3925 622 3989 εἰς
667 3924 862 3994 γενεὰν
907 3927 1000 3981 καὶ
1024 3929 1236 3997 γενεάν.
1267 3931 1402 4002 Περὶ
1427 3931 1484 3985 δὲ
1509 3932 1604 3985 τοῦ
1637 3932 1867 4005 ὀμνύναι
1894 3934 1986 3988 τὸν

384 4015 548 4080 Θεὸν,
575 4017 604 4069 6
631 4016 1115 4088 ἰερὸςἈπόστολος
1142 4020 1200 4073 ἐν
1228 4024 1294 4093 τῇ
1312 4021 1451 4094 πρὸς
1484 4023 1766 4096 Ἐϐραίους
1788 4026 1982 4097 φησιν·

386 4106 520 4162 Ἵνα
544 4107 642 4161 διὰ
672 4107 781 4162 δύο
820 4110 1177 4180 πραγμάτων
1204 4113 1597 4183 ἀμεταθέτων,
1635 4116 1706 4171 ἐν
1737 4111 1828 4182 οἷς
1849 4116 1987 4172 ἀδύ-

284 4256 300 4272 ,
381 4215 578 4255 ναῖον
600 4201 949 4268 ψεύσασθαι
978 4203 1086 4258 τὸν
1121 4205 1288 4271 Θεὸν,
1315 4207 1574 4283 mva
1598 4208 1988 4278 παράκλησιν

2095 3474 2344 3537 paretur,
2369 3474 2422 3522 et
2440 3468 2672 3523 thronus
2704 3467 2827 3537 ejus
2841 3467 3162 3534 aediﬁcetur,
3183 3484 3292 3524 non
3315 3469 3372 3523 in
3389 3483 3553 3523 unam
3585 3482 3682 3538 ge-

2094 3556 2462 3623 nerationem,
2503 3555 2600 3612 sed
2623 3557 2677 3611 in
2711 3557 3120 3628 generationem
3152 3564 3206 3611 et
3240 3557 3676 3626 generationem.

2091 3644 2204 3701 Cur
2237 3656 2420 3702 autem
2456 3647 2599 3703 Deus
2623 3647 2913 3716 juraverit,
2946 3646 3004 3702 S.
3029 3647 3325 3717 Apostolus
3348 3648 3405 3702 in
3433 3646 3677 3717 Epistula

2092 3737 2162 3794 ad
2194 3736 2454 3793 Hebraeos
2478 3738 2804 3794 testiﬁcatur
2831 3759 2844 3795 :
2874 3738 2942 3793 Ut
2969 3756 3062 3809 per
3081 3738 3219 3794 duas
3252 3756 3335 3794 res
3360 3740 3676 3805 immobiles,

2089 3830 2277 3902 quibus
2317 3830 2642 3901 impossibile
2694 3840 2773 3885 est
2815 3833 3031 3887 mentiri
3068 3831 3274 3897 Deum,
3320 3833 3676 3903 fortissimam

2089 3923 2345 3978 solatium
2384 3921 2672 3976 habeamus
2697 3923 2761 3978 ".
2786 3921 2923 3979 Nam
2954 3925 3023 3980 ad
3053 3925 3428 3981 accessionem
3450 3926 3677 3997 majoris

2088 4010 2977 4083 certitudinisDeusjuramentum
2992 4015 3258 4071 adhibuit.
3279 4016 3383 4072 Per
3399 4032 3558 4086 quem
3576 4032 3657 4070 au-

2089 4112 2194 4160 tem
2214 4106 2571 4177 juraverit,in
2590 4108 2948 4177 sequentibus
2967 4108 3130 4163 docet
3149 4109 3235 4163 bis
3254 4109 3439 4165 verbis
3458 4129 3471 4164 :
3498 4110 3674 4165 Semel

2078 4199 2265 4269 juravi
2315 4202 2370 4255 in
2423 4211 2608 4256 sancto
2665 4218 2802 4257 meo.
2850 4200 2952 4257 Ubi
3007 4202 3315 4273 perpendas
3347 4202 3442 4273 qui
3482 4204 3555 4259 sit
3584 4204 3671 4260 ille

380 4292 644 4363 ἔχωμεν.
676 4295 816 4347 Κατ’
848 4296 1101 4350 ἐπίτασιν
1136 4296 1246 4369 γὰρ
1278 4298 1525 4369 μείζονος
1549 4299 1986 4366 διαϐεϐαιώσεως

2094 4304 2316 4349 sanctus
2347 4293 2465 4358 Dei,
2491 4310 2589 4364 per
2620 4309 2783 4365 quem
2804 4296 2965 4365 quasi
2985 4311 3081 4366 per
3099 4295 3301 4350 Filium
3326 4297 3671 4367 unigenitum

380 4382 485 4437 καὶ
517 4382 680 4453 ὅρκος
714 4384 1086 4457 παρείληπται
1119 4387 1198 4458 τῷ
1227 4388 1367 4460 θεῷ.
1406 4389 1565 4443 Κατὰ
1591 4392 1738 4456 τίνος
1768 4392 1825 4446 δέ
1844 4393 1872 4445 6
1894 4394 1986 4465 ὀρ-

2094 4382 2270 4451 iurat,
2312 4385 2381 4438 ad
2438 4383 2867 4454 promissionem
2930 4386 3156 4440 omnino
3210 4383 3669 4443 conﬁrmandam.

382 4492 485 4540 nec;
519 4474 648 4544 ἑξῆς
690 4477 895 4548 προῖὼν
926 4477 1168 4533 διδάσκει
1196 4478 1370 4549 λέγων
1389 4496 1402 4509 ·
1448 4480 1636 4547 Ἅπαξ
1670 4481 1877 4553 ὤμοσα
1914 4484 1986 4537 ἐν

2094 4477 2236 4532 Sane
2267 4493 2397 4532 vero
2441 4486 2694 4532 sanctum
2731 4478 2883 4532 illum
2912 4480 2996 4536 vel
3028 4479 3305 4535 daemones
3332 4479 3388 4535 in
3424 4477 3668 4549 Evange-

382 4566 467 4634 τῷ
486 4565 634 4635 ἁγίῳ
651 4566 977 4633 μου.¹Ἐνθα
1006 4570 1100 4622 καὶ
1128 4572 1465 4643 ἐπιστήσεις,
1493 4572 1579 4637 τίς
1602 4591 1732 4627 ποτε
1756 4575 1864 4646 ἄρα
1889 4568 1982 4628 οῦ-

2094 4570 2177 4626 liis
2193 4570 2432 4625 confessi
2460 4577 2611 4630 sunt.
2637 4586 2763 4625 cum
2793 4571 3175 4642 divinam'ejus
3203 4579 3547 4642 potestatem,
3562 4587 3669 4641 qua

381 4674 479 4722 τος
514 4653 583 4729 ἦν
616 4659 645 4711 6
687 4656 844 4727 ἆγιος
889 4658 983 4712 τοῦ
1029 4659 1187 4726 Θεοῦ,
1223 4663 1342 4716 καθ’
1368 4657 1429 4717 οῦ
1464 4664 1691 4736 ὄμνυσιν
1734 4667 1810 4731 ὡς
1840 4668 1982 4722 κατὰ

2094 4678 2148 4718 se
2192 4662 2455 4731 puniebat
2501 4669 2556 4717 et
2595 4662 2851 4732 cjiciebat
2880 4679 2990 4719 non
3012 4664 3279 4728 ferentes,
3317 4664 3432 4718 hare
3464 4665 3671 4718 clama-

384 4747 519 4802 Υἰοῦ
541 4748 885 4819 μονογενοῦς,
911 4752 991 4813 εἰς
1016 4752 1079 4804 τὸ
1100 4752 1160 4818 ἐξ
1179 4752 1418 4820 ἅπαντος
1434 4755 1503 4810 τὰ
1526 4757 1624 4828 τῆς
1645 4759 1977 4828 ἐπαγγελίας

2094 4754 2221 4807 bant
2251 4773 2264 4806 :
2304 4751 2450 4817 Sine,
2471 4753 2598 4824 quid
2624 4753 2774 4809 nobis
2806 4764 2855 4810 et
2879 4755 2998 4818 tibi,
3029 4754 3161 4810 Jesu
3199 4753 3522 4812 Nazarene!
3550 4752 3669 4809 Νο-

382 4840 775 4913 κρατυνθῆναι.
810 4840 916 4894 Τὸν
968 4842 1068 4913 μὲν
1117 4839 1209 4898 οῦν
1257 4843 1411 4914 ἅγιον
1447 4847 1759 4918 ὡμολόγουν
1804 4849 1899 4903 καὶ
1927 4851 1977 4903 οἰ

2094 4848 2249 4902 vimus
2285 4857 2333 4901 te
2355 4851 2473 4919 quis
2501 4848 2598 4915 sis,
2619 4858 2834 4904 sanctus
2855 4848 2957 4904 Dei
2980 4850 3042 4903 ".
3061 4848 3166 4904 Per
3194 4848 3341 4903 hunc
3372 4849 3557 4919 itaque
3574 4849 3668 4919 ju-

382 4934 638 5004 δαίμονες
663 4935 721 4986 ἐν
752 4935 865 4998 τοῖς
894 4933 1270 5004 Εὐαγγελίοις,
1292 4936 1381 4989 ὅτε
1414 4939 1488 5009 μὴ
1519 4939 1776 5010 φέροντες
1809 4939 1975 4993 αὐτοῦ

2094 4955 2219 4996 rans
2247 4938 2414 5007 Deus,
2447 4949 2509 4996 ut
2542 4952 2697 5012 pater
2718 4957 2815 5021 per
2835 4941 3180 5012 unigenitum
3208 4940 3562 4998 etzdilectum
3603 4939 3667 4995 li-

382 5025 483 5095 τὴν
513 5024 695 5079 ἔνθεον
724 5025 953 5098 δύναμιν
978 5027 1306 5099 κολαστικὴν
1326 5024 1492 5083 οὖσαν
1513 5031 1693 5085 αὐτῶν
1741 5033 1834 5086 καὶ
1873 5034 1977 5086 ὰπ-

380 5115 696 5187 ελαστικὴν,
728 5116 899 5171 ἐϐόων
945 5117 1193 5187 λέγοντες
1212 5135 1226 5149 ·
1284 5120 1391 5173 Ἔα
1410 5161 1425 5183 ,
1466 5122 1523 5174 τί
1548 5120 1693 5190 ἡμῖν
1713 5122 1813 5176 καὶ
1852 5123 1979 5185 σοι,

392 5206 590 5274 Ἰησοῦ
633 5207 976 5277 Ναζαρῆνε;
1006 5209 1266 5280 Οἴδαμέν
1292 5226 1366 5265 σε
1388 5213 1480 5278 τίς
1512 5209 1584 5276 εἷ,
1612 5217 1645 5267 ὀ
1671 5213 1838 5284 ἅγιος
1868 5216 1975 5270 τοῦ

379 5297 556 5358 Θεοῦ.
586 5300 744 5354 Κατὰ
783 5301 973 5355 τούτου
1011 5302 1192 5356 τοίνυν
1225 5304 1394 5374 ὀμνὺς
1424 5307 1452 5358 6
1484 5305 1636 5371 Θεὸς,
1670 5303 1759 5360 οἷα
1791 5308 1976 5379 πατὴρ

378 5386 525 5442 κατὰ
562 5389 883 5457 μονογενοῦς
926 5392 1019 5445 καὶ
1057 5393 1344 5463 ἀγαπητοῦ
1392 5393 1531 5457 υἱοῦ,
1569 5393 1648 5465 τῷ
1674 5395 1835 5449 Δαυῖδ
1877 5395 1976 5468 τὴν

375 5480 714 5549 ἐπαγγελίαν
773 5483 1032 5537 ἐποιεῖτο·
1060 5486 1125 5538 Ὃ
1187 5484 1253 5555 δὴ
1313 5486 1408 5539 καὶ
1461 5486 1699 5541 διδάσκει
1758 5486 1931 5557 λέγων
1957 5507 1969 5519 ·

2084 5031 2241 5097 lium,
2286 5030 2477 5086 Davidi
2535 5031 2958 5102 promissionem
2995 5030 3180 5087 dabat.
3233 5030 3389 5097 Quod
3438 5030 3556 5100 ipse
3590 5029 3665 5084 ita

2083 5123 2243 5178 docet
2267 5142 2280 5178 :
2310 5122 2483 5179 Semel
2495 5124 2679 5193 iuraui
2704 5125 2758 5178 in
2775 5132 2961 5177 saneto
2984 5140 3119 5190 meo,
3146 5125 3193 5179 si
3218 5123 3391 5179 Dauid
3412 5123 3659 5178 mentiar.

2075 5216 2213 5271 Cum
2262 5225 2445 5272 autem
2479 5232 2690 5272 mecum
2731 5231 3051 5287 quaererem,
3075 5232 3175 5271 cur
3206 5216 3413 5271 nemini
3447 5223 3665 5271 sancto-

2076 5325 2221 5374 rum.
2250 5309 2359 5365 nisi
2393 5308 2609 5374 Davidi,
2644 5310 3067 5380 promissionem
3086 5310 3169 5364 .de
3225 5309 3436 5365 semine
3486 5308 3662 5379 ipsius

2076 5415 2203 5454 cum
2234 5399 2554 5471 juramento
2593 5399 2740 5455 Dens
2775 5399 3045 5467 ediderit;
3079 5400 3223 5454 banc
3248 5414 3335 5454 me
3356 5397 3662 5469 deprehen-

2077 5492 2228 5548 disse
2268 5508 2494 5550 causam
2534 5494 2744 5548 2stimo
2783 5514 2796 5549 :
2830 5493 3075 5564 comperi
3132 5507 3369 5562 namque
3399 5490 3660 5547 Davidem

2079 5590 2206 5638 ante
2235 5583 2382 5638 illam
2423 5600 2454 5637 a
2489 5582 2600 5638 Deo
2648 5583 2750 5638 sibi
2801 5570 2985 5637 d'atam
3040 5582 3466 5655 promissionem
3505 5582 3661 5652 jura-

2078 5684 2267 5731 mento
2318 5692 2480 5731 usum
2534 5675 2726 5732 fuisse.
2775 5674 3002 5732 Jurasse
3056 5685 3237 5731 autem
3276 5676 3454 5747 ipsum
3496 5674 3657 5731 docet

2080 5764 2322 5837 Spiritus
2369 5766 2599 5824 divinus.
2626 5766 2681 5825 in
2724 5782 2917 5836 cxxxt,
2944 5767 3135 5823 dicens
3171 5786 3183 5821 :
3228 5765 3511 5835 Memento,
3553 5764 3659 5820 Do-

330 5578 337 5585 '
380 5572 572 5638 Ἀπαξ
598 5572 806 5646 ὤμοσα
827 5575 892 5628 ἐν
928 5574 1009 5641 τῷ
1036 5576 1184 5646 ἁγίῳ
1211 5595 1353 5647 μου,
1384 5581 1438 5633 εὶ
1484 5577 1565 5645 τῷ
1608 5578 1791 5635 Δαυῒδ
1820 5582 1971 5648 ψεύ-

379 5678 586 5733 σομαι.
613 5665 799 5736 Ζητῶν
836 5666 893 5718 δὲ
936 5667 1063 5738 παρ’
1088 5666 1311 5738 ἐμαυτῷ
1336 5668 1435 5737 τὴν
1467 5670 1664 5736 αἰτίαν,
1694 5672 1762 5725 δι’
1786 5673 1851 5744 ἢν
1882 5674 1972 5727 οὐ-

378 5751 490 5806 δενὶ
516 5753 615 5822 μὲν
638 5753 784 5826 ἄλλῳ
812 5755 919 5809 τῶν
953 5757 1145 5824 ἁγίων,
1176 5760 1324 5831 μόνῳ
1350 5758 1405 5812 δὲ
1435 5760 1513 5831 τῷ
1534 5760 1693 5816 Δαυῖδ
1716 5761 1782 5815 δι’
1803 5765 1967 5836 ὅρκου

457 5909 499 5940 ³⁸
542 5909 683 5968 llcbr.
739 5931 810 5977 vr,
856 5914 936 5968 l8.
1016 5916 1058 5947 "
1096 5914 1228 5971 Luc.
1267 5930 1340 5982 Iv,
1375 5915 1462 5971 3L
