4074 6444
375 479 513 537 1075

1019 482 1294 540 EUSEBII
1341 483 1827 540 CIESABlENSlS
1860 482 2012 538 OPP.
2059 481 2249 537 PARS!
2277 483 2363 538 Ill.
2406 513 2474 524 -—
2515 483 2920 545 EXEGETICA.

3513 490 3652 548 1076

371 600 530 661 mine,
564 598 760 664 David,
815 609 865 653 et
915 603 1086 655 omnis
1143 603 1566 658 mansuetudinis
1622 605 1736 672 ejus
1773 621 1792 657 :
1821 605 1955 658 sicut

2063 603 2356 674 πεποίηται
2381 602 2479 676 τὴν
2510 604 2637 675 περὶ
2662 603 2766 657 τοῦ
2785 604 3096 676 σπέρματος
3125 603 3289 657 αὑτοῦ
3317 605 3654 674 ἐπαγγελίαν

368 690 568 759 iuravit
618 689 870 754 Domino,
910 694 1044 747 vovit
1103 693 1212 748 Deo
1250 693 1417 748 Iacob
1447 711 1465 747 :
1498 695 1558 750 Si
1592 696 1851 748 introiero
1904 695 1957 746 in

372 784 774 839 tabernaculum
824 786 1013 840 domus
1068 804 1218 847 mete,
1251 789 1298 842 si
1343 789 1625 842 ascendero
1678 789 1732 841 in
1766 787 1957 841 lectum

371 879 532 931 strati
576 880 678 931 mei
705 894 722 929 :
751 881 798 933 si
831 879 1022 934 dedero
1056 897 1301 934 somnum
1328 881 1496 936 oculis
1531 883 1680 945 meis,
1711 893 1760 936 et
1781 882 1960 951 palpe-

373 969 480 1024 bris
536 973 666 1027 meis
719 971 1190 1036 dormitationem,
1239 972 1404 1027 donec
1461 973 1722 1028 inveniam
1787 974 1958 1028 locum

370 1062 624 1131 Domino,
661 1065 1060 1120 tabernaculum
1110 1065 1218 1119 Deo
1261 1065 1450 1121 Jacob.
1484 1065 1674 1121 Davidi
1710 1067 1824 1122 hazc
1860 1084 1958 1122 v0—

371 1149 520 1203 venti
550 1158 605 1205 et
630 1153 932 1220 pollicenti,
959 1169 1022 1208 ac
1075 1153 1163 1209 bis
1210 1153 1277 1209 de
1311 1156 1476 1211 rebus
1512 1156 1741 1226 juranti,
1771 1172 1957 1226 parem

373 1238 518 1296 Deus
542 1241 717 1297 vicem
749 1245 1235 1314 reddens,juravit
1269 1253 1323 1300 et
1361 1246 1501 1315 ipse,
1535 1257 1590 1301 et
1636 1263 1735 1316 pro
1769 1248 1958 1318 singu-

372 1331 441 1385 lis
488 1334 982 1402 pollicitationibus
1025 1338 1275 1406 singulas
1334 1339 1541 1403 retulit,
1581 1339 1956 1408 juramentum

367 1421 682 1491 iuramento
730 1427 1003 1495 pensavit.
1043 1425 1390 1497 Quapropter
1438 1428 1493 1481 in
1546 1429 1736 1484 eodem
1772 1444 1957 1498 cxxxn,

371 1515 427 1570 in
477 1533 587 1586 quo
629 1518 833 1574 dicitur
866 1521 1085 1589 jurasse
1135 1521 1416 1585 Davidem,
1456 1522 1654 1578 deinde
1705 1523 1960 1594 adjicitur

371 1603 612 1675 Spiritus
632 1610 806 1664 sancti
837 1611 1237 1675 testimonium,
1270 1613 1414 1681 quod
1440 1611 1521 1667 sic
1557 1612 1755 1666 habet:
1793 1610 1959 1666 Jura-

369 1698 442 1750 vit
484 1697 747 1756 Dominus
797 1702 974 1756 David
1008 1705 1304 1768 veritatem,
1349 1713 1398 1758 et
1451 1721 1556 1758 non
1608 1704 1959 1774 frustrabitur

369 1804 488 1842 eum
525 1807 542 1842 :
573 1790 652 1845 De
689 1792 868 1860 fructu
921 1797 1117 1850 ventris
1156 1798 1233 1850 tui
1280 1813 1477 1866 ponam
1524 1813 1682 1868 super
1712 1798 1958 1851 thronum

371 1889 537 1936 tuum.
573 1879 730 1935 Prior
758 1882 941 1954 itaque
975 1884 1144 1940 David
1169 1887 1377 1956 juravit
1395 1906 1419 1954 ;.
1437 1888 1636 1943 deinde
1667 1889 1837 1943 vicem
1867 1904 1956 1943 τος

2059 695 2086 746 6
2118 693 2269 756 Θεὸς,
2305 692 2448 746 δοκῶ
2495 710 2584 763 μοι
2617 691 2820 763 ταύτην
2859 691 3173 762 εὑρηκέναι,
3205 691 3530 745 καταλαϐὼν
3558 695 3656 748 καὶ

2060 786 2221 838 αὐτὸν
2256 786 2348 839 τὸν
2387 785 2550 839 Δαυῖδ
2580 785 2728 856 ὅρκῳ
2755 787 3093 856 κεχρημένον
3118 783 3224 855 πρὸ
3254 785 3352 854 τῆς
3387 785 3525 855 πρὸς
3552 787 3653 840 αὖ·

2060 877 2150 930 τὸν
2173 877 2506 945 ἐπαγγελίας
2533 875 2628 929 τοῦ
2659 875 2814 929 Θεοῦ.
2833 875 3212 946 Ὀμωμοκέναι
3236 874 3295 926 δὲ
3319 875 3484 929 αὐτὸν
3512 877 3656 931 διδά-

2063 988 2182 1023 σκει
2208 970 2268 1023 τὸ
2302 970 2442 1023 θεῖον
2469 970 2700 1040 Πνεῦμα
2734 970 2792 1021 ὲν
2816 967 2929 1039 ρλα¹
2953 967 3110 1036 λέγον
3129 983 3142 994 ⁸
3169 966 3509 1035 Μνήσθητι,
3539 971 3655 1024 liti—

2052 1081 2166 1129 ριε,
2195 1063 2303 1117 τοῦ
2337 1062 2537 1128 Δαυῒδ,
2566 1061 2666 1116 καὶ
2689 1061 2892 1127 πάσης
2915 1060 3028 1128 τῆς
3051 1059 3390 1127 πραΰτητος
3423 1062 3610 1116 αὐτοῦ
3633 1079 3648 1092 ⁸

2060 1156 2140 1221 ὡς
2179 1153 2376 1225 ὤμοσε
2420 1153 2500 1220 τῷ
2538 1154 2754 1222 Κυρίῳ,
2779 1151 3006 1220 ηὔξατο
3033 1149 3114 1216 τῷ
3147 1149 3270 1216 Θεῷ
3307 1152 3534 1206 Ἰακώϐ·
3577 1156 3646 1208 Ei

2060 1247 2482 1314 εἰσελεύσομαι
2512 1247 2599 1310 εὶς
2625 1242 2921 1312 σκήνωμα
2950 1243 3121 1298 οἴκου
3159 1261 3302 1312 μου,
3333 1246 3388 1297 εὶ
3432 1244 3646 1310 ἀναϐή-

2061 1355 2242 1407 σομαι
2267 1337 2368 1390 ἐπὶ
2399 1338 2617 1404 κλίνης
2646 1334 2965 1405 στρωμνῆς
2993 1353 3112 1404 μου
3137 1349 3152 1364 ·
3177 1337 3234 1388 εὶ
3255 1335 3430 1390 δώσω
3458 1336 3650 1389 ὕπνον

2060 1431 2184 1497 τοῖς
2225 1429 2553 1500 ὀφθαλμοῖς
2577 1445 2718 1498 μου,
2749 1429 2848 1482 καὶ
2875 1427 3000 1494 τοῖς
3036 1426 3376 1496 βλεφάροις
3395 1447 3517 1498 μου
3544 1447 3650 1483 νυ-

2060 1523 2350 1593 σταπμόν,
2378 1522 2490 1588 ἓως
2522 1517 2594 1576 οὗ
2620 1521 2773 1590 εὕρω
2801 1520 2988 1574 τόπον
3013 1522 3092 1586 τῷ
3117 1521 3339 1589 Κυρίῳ,
3366 1521 3655 1590 σκήνωμα

2059 1614 2140 1680 τῷ
2183 1613 2306 1679 Θεῷ
2347 1611 2564 1668 Ἰακώϐ.
2599 1611 2836 1665 Τοιαῦτα
2871 1611 3153 1684 εὐξαμένῳ
3186 1615 3280 1666 καὶ
3324 1612 3654 1682 ἐπαγγειλα-

2064 1707 2208 1778 μένῳ
2253 1705 2330 1778 τῷ
2373 1704 2556 1770 Δαυῒδ,
2598 1705 2693 1758 καὶ
2739 1705 2833 1757 ἐπὶ
2874 1704 3138 1770 τοιούτοις
3190 1705 3530 1776 ὀμωμοκότι,
3556 1705 3652 1776 τὴν

2062 1799 2184 1870 ἴσην
2211 1797 2445 1869 ἀμοιϐὴν
2476 1796 2774 1859 ἀντιδιδοὺς
2808 1799 2837 1850 6
2871 1797 3003 1860 Θεὸς
3036 1796 3206 1867 αὐτῷ,
3246 1797 3535 1868 ἀντομνύει
3561 1800 3655 1850 καὶ

2059 1893 2240 1958 αὐτὸς,
2265 1893 2360 1944 καὶ
2402 1888 2903 1958 ἀντεπαγγέλλεται
2942 1888 3001 1942 ἓν
3040 1888 3155 1942 ἀνθ’
3186 1890 3303 1952 ἑνὸς
3333 1888 3528 1953 διδοὺς,
3559 1888 3656 1942 καὶ

370 1971 617 2041 pendens
646 1973 814 2041 Deus,
848 1986 1044 2032 mutuo
1093 1990 1148 2034 et
1173 1955 1301 2050 ipse
1329 1979 1538 2049 juravit
1575 1998 1589 2034 :
1629 1979 1778 2049 prior
1828 1979 1955 2033 item

2063 1985 2208 2054 ὅρκῳ
2227 1955 2318 2034 τὸν
2340 1981 2500 2051 ὅρκον
2527 1955 2912 2051 ἀμειϐόμενος.
2931 1980 3132 2051 Διόπερ
3160 1979 3220 2032 ὲν
3242 1979 3392 2050 αὐτῷ
3412 1979 3488 2049 τῷ
3515 1979 3650 2050 ρλα’,

370 2065 564 2132 David,
599 2068 688 2138 pia
727 2077 910 2124 motus
947 2072 1298 2142 cogitatione,
1332 2071 1614 2142 quidpiam
1659 2071 1769 2126 Deo
1799 2071 1960 2142 polli-

367 2158 512 2213 citus
545 2168 658 2227 est;
693 2161 823 2215 hinc
858 2161 1003 2218 Deus
1043 2179 1142 2218 ceu
1187 2165 1415 2234 gratiam
1473 2165 1649 2236 gratia
1693 2179 1954 2234 pensans,

369 2248 472 2318 ipsi
516 2251 637 2306 vice
667 2267 829 2308 versa
861 2255 1136 2322 promisit,
1182 2255 1486 2310 secundum
1533 2255 1834 2312 Salvatoris
1858 2273 1956 2311 no-

367 2341 470 2396 stri
525 2359 691 2398 voces
741 2361 866 2415 quae
902 2346 984 2401 sic
1011 2346 1236 2408 habent.
1277 2347 1342 2400 In
1372 2365 1479 2418 qua
1513 2365 1762 2402 mensura
1789 2350 1958 2402 mensi

369 2432 600 2500 fueritis,
634 2435 936 2490 remetietur
971 2437 1132 2492 vobis.
1189 2438 1501 2494 Mensuram
1541 2440 1752 2506 bonam,
1777 2441 1955 2510 agita-

370 2532 500 2588 tam,
533 2541 908 2594 compressam,
944 2531 1412 2602 supere/Iluentem,
1443 2532 1645 2586 dabunt
1686 2534 1743 2586 in
1775 2535 1949 2588 sinum

367 2623 598 2670 vestrum
623 2619 688 2674 ³⁷.
723 2617 841 2685 Qua
874 2637 1132 2677 mensura
1165 2623 1334 2694 igitur
1372 2623 1542 2679 David
1586 2641 1812 2682 mensus
1845 2634 1954 2690 est,

369 2718 492 2760 eum
524 2723 592 2763 ex
623 2709 766 2765 bona
797 2719 852 2765 et
883 2713 1140 2783 religiosa
1183 2715 1518 2786 cogitatione
1559 2727 1951 2789 congruentem

368 2801 797 2866 promissionem.
829 2803 1061 2873 juratus'
1093 2807 1265 2871 dedit,
1301 2807 1490 2863 eadem
1550 2826 1809 2866 mensura
1869 2827 1956 2866 re-

368 2906 595 2960 pensum
628 2895 716 2950 illi
736 2903 844 2962 est,
873 2912 938 2952 ac
974 2899 1115 2954 datae
1135 2909 1265 2954 sunt
1298 2901 1374 2954 illi
1408 2902 1801 2959 retributiones
1829 2921 1955 2975 pro-

368 2983 770 3058 missionesque
792 3003 917 3043 cum
953 2991 1271 3058 juramento
1303 2989 1422 3045 Dei.

2058 2077 2117 2128 ὲν
2144 2068 2188 2141 ᾧ
2215 2072 2434 2142 λέγεται
2479 2073 2834 2143 ὀμωμοκέναι
2862 2073 2891 2126 6
2929 2070 3113 2135 Δαυῖδ,
3160 2071 3430 2141 συνῆπται
3467 2070 3594 2142 ἑξῆς
3621 2072 3652 2141 ἡ

2057 2165 2152 2219 τοῦ
2204 2165 2360 2234 ἁγίου
2404 2165 2724 2236 Πνεῦματος
2767 2164 3062 2236 μαρτυρία,
3109 2159 3212 2217 ὧδέ
3255 2180 3333 2232 πη
3378 2164 3650 2234 λέγουσα·

2062 2261 2281 2328 Ὤμοσε
2311 2261 2526 2326 Κύριος
2549 2257 2628 2324 τῷ
2655 2256 2839 2312 Δαυῒδ
2857 2255 3166 2322 ἀλήθειαν,
3196 2255 3295 2309 καί
3322 2258 3395 2310 οὐ
3411 2256 3497 2324 μὴ
3529 2258 3656 2311 ἀθε-

2059 2350 2234 2418 τήσει
2257 2350 2464 2404 αὐτόν.
2484 2350 2580 2402 Ἐκ
2600 2348 2831 2418 καρποῦ
2860 2346 2971 2414 τῆς
3001 2349 3237 2412 κοιλίας
3255 2362 3373 2402 σου
3397 2347 3656 2416 θήσομαι

2058 2442 2157 2495 ἐπὶ
2180 2441 2288 2495 τοῦ
2305 2442 2520 2509 θρόνου
2543 2455 2681 2494 σου.
2707 2437 2916 2493 Οὐκοῦν
2944 2437 3158 2508 πρῶτος
3181 2437 3395 2508 ὤμοσεν
3419 2440 3448 2492 6
3467 2438 3651 2502 Δαυῒδ,

2061 2531 2182 2588 εἶτα
2211 2532 2573 2604 ἀμειϐόμενος
2606 2532 2766 2584 αὑτὸν
2787 2532 2816 2582 6
2839 2530 2997 2593 Θεὸς,
3023 2529 3365 2600 ἀντωμοσίαν
3391 2531 3527 2602 πρὸς
3558 2530 3656 2582 αὑ-

2059 2627 2152 2680 τὸν
2177 2626 2500 2696 ἐποιήσατο·
2529 2625 2624 2678 καὶ
2659 2622 2873 2694 πρῶτος
2903 2624 2932 2675 6
2955 2620 3139 2684 Δαυῖδ,
3175 2622 3391 2675 εὐσεϐεῖ
3411 2622 3655 2694 λογισμῷ

2063 2717 2328 2790 κινηθεὶς,
2357 2717 2724 2788 έπηγγείλατό
2751 2733 2805 2768 τι
2832 2714 2912 2785 τῷ
2934 2713 3054 2785 Θεῷ
3072 2731 3086 2744 ο
3115 2709 3233 2768 εἶτα
3259 2715 3422 2770 πάλιν
3447 2717 3474 2768 6
3499 2713 3653 2780 Θεὸς,

2064 2811 2253 2882 ὥσπερ
2288 2809 2586 2874 ἀντιδιδοὺς
2618 2807 2765 2879 αὐτῷ
2792 2807 2949 2879 χάριν
2991 2805 3110 2860 ἀντὶ
3153 2807 3398 2877 χάριτος,
3435 2807 3529 2860 καὶ
3565 2805 3659 2859 αὑ-

2060 2905 2152 2968 τὸς
2186 2901 2652 2974 ἀντεπηγγείλατο
2681 2903 2800 2964 ταῖς
2828 2898 2922 2952 τοῦ
2951 2898 3207 2970 Σωτῆρος
3237 2899 3396 2969 ἡμῶν
3429 2897 3656 2952 ἀκολού-

2064 2996 2171 3060 θως
2200 2998 2426 3064 φωναῖς,
2454 2994 2521 3047 δι’
2548 2986 2623 3047 ὧν
2650 3008 2813 3063 φησιν
2833 3009 2847 3022 -
2884 2985 2959 3060 ⁷ῼ
2991 2990 3188 3060 μέτρῳ
3234 2990 3527 3059 μετρεῖτε,
3551 2991 3658 3044 ἀνα

365 3080 854 3150 τιμετρηθ-ήσεται
883 3080 1046 3149 ὑμῖν.
1082 3081 1316 3150 Μέτρον
1345 3083 1557 3146 καλὸν.
1588 3087 2066 3152 σεσαλευμένον,
2117 3086 2544 3157 πεπιεσμένον,
2586 3083 3170 3152 ὑπερεκχυνόμενον,
3219 3080 3526 3135 δώσουσιν
3571 3086 3658 3151 εις

366 3173 471 3227 τὸν
497 3173 728 3226 κόλπον
751 3171 938 3241 ὑμῶν.
971 3167 1043 3224 Ὦ
1072 3174 1259 3245 μέτρῳ
1302 3173 1480 3227 τοίνυν
1528 3177 1623 3228 καὶ
1652 3178 1681 3228 6
1712 3177 1878 3230 Δαυῒδ
1932 3181 2269 3252 ἐμέτρησεν,
2299 3181 2386 3232 ἐπ’
2433 3177 2623 3248 ἀγαθῷ
2675 3176 2770 3229 καὶ
2799 3174 3041 3227 θεοσεϐεῖ
3067 3173 3312 3244 λογισμῷ
3340 3175 3657 3245 πρέπουσαν

362 3266 702 3335 ἐπαγγελίαν
738 3265 854 3337 μεθ’
911 3266 1078 3337 ὅρκου
1111 3267 1500 3337 ποιησάμενος,
1529 3269 1904 3341 ἀντεμετρήθη
1971 3273 2150 3344 αὐτῷ,
2212 3275 2308 3328 καὶ
2338 3273 2569 3326 δίδονται
2604 3271 2752 3341 αὑτῷ
2785 3268 3033 3340 ἀμοιϐαὶ,
3068 3269 3125 3322 αἱ
3170 3267 3496 3354 ἐπαγγελίαι
3533 3269 3654 3340 μεθ’

366 3359 715 3432 ὁρκωμοσίας
745 3359 902 3413 Θεοῦ.

437 3480 579 3548 Quid
609 3481 720 3536 sibi
744 3480 877 3536 velit
905 3488 1086 3536 autem
1112 3481 1216 3535 illa
1239 3480 1459 3538 Davidis
1490 3497 1614 3537 cum
1641 3484 1958 3554 juramento

2137 3485 2210 3537 Τί
2231 3484 2289 3537 δὲ
2320 3481 2567 3553 βούλεται
2594 3482 2628 3551 ὴ
2661 3477 2755 3531 τοῦ
2785 3475 2949 3530 Δαυῒδ
2986 3474 3105 3546 μεθ’
3137 3475 3301 3546 ὅρκου
3330 3473 3652 3543 ἐπαγγελία,

368 3572 714 3643 pollicitatio,
742 3571 858 3641 jam
896 3572 1237 3644 perpendere
1271 3581 1642 3644 opportunum
1669 3576 1792 3630 erit.
1823 3573 1960 3629 Cum

368 3665 580 3720 videret
611 3671 805 3735 gentes
859 3679 956 3734 per
991 3670 1167 3718 totum
1224 3665 1413 3721 orbem
1450 3665 1725 3721 diabolica
1763 3668 1964 3722 multo-

370 3773 492 3811 rum
527 3756 817 3811 numinum
855 3756 1031 3810 errori
1075 3757 1377 3826 subjeclas,
1410 3773 1475 3812 ac
1528 3759 1733 3829 ubique
1787 3765 1964 3813 terra-

370 3863 492 3902 rum
548 3847 772 3917 templa,
806 3847 1061 3913 delubra,
1097 3864 1257 3904 sacra
1315 3850 1572 3921 malignis
1619 3851 1964 3907 daemonibus

371 3954 467 4010 per
510 3939 698 4002 urbes,
730 3939 987 4010 regiones
1029 3948 1084 3994 et
1105 3940 1257 3997 vicos
1284 3943 1547 4008 excitata,
1589 3958 1655 3998 ac
1678 3944 1735 3998 in
1762 3943 1964 3998 monti-

369 4031 474 4086 bus
532 4036 587 4084 et
641 4029 878 4086 collibus
934 4030 1240 4101 improbam
1297 4032 1446 4086 illam
1494 4041 1561 4100 et;
1591 4033 1964 4090 adversariam

370 4129 693 4191 potestatem
749 4121 894 4192 apud
958 4137 1151 4178 omnes
1207 4123 1458 4179 homines
1529 4126 1812 4188 honorari,
1867 4125 1964 4181 Dei

371 4222 555 4267 autem
587 4214 832 4268 omnium
869 4213 1084 4283 opiﬁcis
1115 4221 1172 4269 et
1201 4216 1511 4271 conditoris
1558 4232 1627 4271 ne
1678 4217 1976 4271 minimam

372 4321 602 4376 usquam
649 4306 970 4361 memoriam
1012 4307 1253 4374 servari;
1287 4308 1355 4362 de
1403 4325 1464 4363 re
1507 4309 1604 4362 tali
1643 4310 1963 4365 vulneratus

371 4399 578 4460 animo,
598 4398 853 4468 bonoque
875 4398 1058 4454 studio
1080 4399 1362 4465 incensus,
1387 4401 1691 4457 secundum
1727 4418 1850 4456 eum
1870 4402 1962 4471 qui

370 4487 530 4551 dixit,
545 4484 672 4542 Zeto
690 4488 894 4542 zelatus
922 4505 1041 4541 sum
1063 4488 1368 4555 Domino“,
1389 4499 1575 4545 votum
1601 4493 1756 4546 vovit
1773 4500 1827 4546 et
1847 4507 1967 4562 pro-

373 4578 690 4632 missionem
710 4577 902 4646 edidit,
924 4593 1088 4647 quam
1105 4578 1468 4648 jurejurando
1495 4582 1785 4649 astrinxit;
1821 4583 1968 4636 vide-

377 4668 498 4722 licet
523 4683 583 4722 se
596 4669 1116 4738 primum,omnium
1137 4671 1248 4740 regi
1270 4670 1380 4726 Deo
1401 4673 1662 4742 templum
1678 4681 1962 4728 etsacrum

372 4761 426 4813 in
441 4761 1057 4826 terra-eucitaturumJn
1078 4778 1188 4832 quo
1208 4763 1622 4819 tabernaculum
1639 4767 1959 4832 testimonii,

371 4858 426 4905 et
474 4866 668 4906 arcam
702 4852 1041 4909 Testamenti
1093 4870 1125 4909 a
1184 4854 1372 4928 Moyse
1423 4858 1480 4911 in
1537 4859 1761 4915 deserto
1797 4861 1956 4931 jussu
1991 4852 2036 4907 Ῑ)

372 4942 469 4999 Dei
508 4951 911 5010 constructam,
947 4946 1268 5018 deponeret.
1315 4947 1450 5003 Nam
1502 4950 1595 5003 illa
1626 4952 1694 5006 ad
1744 4964 1974 5024 tempus-

371 5051 552 5107 usque
589 5035 818 5093 Davidis
856 5039 1290 5111 circumquaque
1335 5040 1635 5107 ferebatur,
1685 5052 1745 5098 et
1779 5059 1810 5097 a
1841 5045 1961 5100 loco

371 5131 426 5184 in
465 5130 670 5193 locum,
722 5145 786 5184 ac
828 5131 992 5186 modo
1032 5134 1088 5186 in
1130 5132 1376 5204 Galgala,
1413 5134 1577 5188 modo
1607 5136 1662 5189 in
1712 5135 1961 5192 Manase-

369 5221 501 5291 pha,
533 5235 664 5275 mox-
686 5221 744 5276 in
776 5220 913 5286 Silo,
966 5224 1263 5294 aliquando
1293 5225 1439 5295 apud
1473 5226 1802 5298 allophylos,
1833 5228 1960 5284 inde

370 5313 427 5366 in
480 5311 760 5386 Desamys,
795 5316 924 5369 hinc
965 5317 1020 5370 in
1062 5315 1448 5382 Cariathirim,
1495 5327 1686 5388 postea
1736 5320 1792 5372 in
1853 5321 1956 5374 do-

371 5421 520 5460 mum
545 5407 874 5475 Aminadab,
898 5408 1025 5464 inde
1057 5410 1112 5463 in
1141 5410 1363 5466 domum
1398 5410 1711 5478 Abeddara,
1731 5413 1957 5468 adv-ecta

371 5496 511 5561 fuit,
545 5499 689 5554 unde
729 5515 848 5554 eam
902 5500 958 5553 in
1000 5502 1192 5555 urbem
1243 5500 1377 5557 Sion
1436 5500 1606 5556 David
1650 5503 1952 5558 transtulit.

373 5590 529 5656 Quod
558 5592 649 5647 ille
678 5594 1050 5663 conspicatus,
1091 5594 1312 5648 domum
1356 5611 1571 5650 sacram
1603 5604 1658 5651 et
1693 5596 1954 5666 templum

372 5683 615 5738 excitare
646 5685 926 5756 cogitavit,
964 5687 1056 5740 ubi
1080 5701 1262 5742 arcam
1287 5686 1383 5744 Dei
1429 5688 1728 5759 deponeret
1762 5697 1815 5744 et
1843 5698 1957 5744 sta-

2065 3577 2342 3647 θεωρῆσαι
2373 3572 2582 3644 καιρός.
2601 3569 2773 3642 Ὀρῶν
2805 3568 2878 3622 τὰ
2909 3567 3030 3622 καθ’
3053 3566 3180 3647 ὅλης
3206 3567 3305 3639 τῆς
3333 3565 3656 3637 οἰκουμένης

2065 3668 2190 3740 ἔθνη
2221 3670 2287 3739 τῇ
2322 3667 2611 3737 δαιμονικῇ
2651 3663 2748 3716 καὶ
2777 3661 3025 3733 πολυθέῳ
3053 3660 3233 3730 πλάνῃ
3259 3656 3653 3728 δεδουλωμένα,

2065 3759 2160 3812 καὶ
2205 3755 2481 3828 πανταχοῦ
2525 3757 2631 3827 γῆς
2683 3755 2844 3818 ναοὺς
2883 3753 2980 3807 καὶ
3022 3751 3225 3823 τεμένη
3270 3751 3363 3803 καὶ
3394 3749 3514 3820 ἱερὰ
3547 3752 3657 3813 τοῖς

2065 3853 2324 3922 πονηροῖς
2363 3848 2614 3918 δαίμοσιν
2649 3845 3084 3919 ἀνεγηγερμένα,
3127 3843 3183 3896 ἐν
3226 3860 3286 3896 τε
3329 3843 3526 3896 πόλεσιν
3561 3843 3658 3896 καὶ

2065 3939 2271 4012 χώραις
2295 3939 2389 3992 καὶ
2413 3938 2649 4009 κώμαις,
2683 3939 2742 3991 ὲν
2771 3937 2923 4008 ὅρεσί
2969 3953 3027 3989 τε
3075 3935 3168 3988 καὶ
3199 3933 3406 4004 βουνοῖς
3439 3932 3538 4002 τὴν
3567 3951 3659 3986 πυ-

2065 4033 2238 4103 νηράν
2266 4030 2362 4084 καὶ
2393 4028 2780 4101 ἀντικειμένην
2811 4027 3039 4098 δύναμιν
3075 4025 3228 4098 παρά
3257 4027 3421 4078 πᾶσιν
3447 4024 3657 4095 ἀνθρώ-

2067 4142 2190 4188 ποις
2215 4123 2532 4193 τιμωμένην
2551 4139 2564 4152 ·
2603 4121 2738 4174 Θεοῦ
2763 4121 2822 4173 δὲ
2845 4119 2939 4173 τοῦ
2969 4119 3188 4173 πάντων
3224 4116 3448 4187 ποιητοῦ
3479 4135 3538 4170 τε
3561 4119 3657 4171 καὶ

2064 4212 2398 4286 δημιουργοῦ
2436 4212 2688 4285 μηδαμοῦ
2721 4213 2943 4284 μνήμην
2971 4211 3122 4281 παρά
3147 4227 3258 4263 τισι
3287 4209 3614 4282 γιγνομένην
3639 4227 3654 4240 ·

2065 4309 2285 4380 δηχθεὶς
2314 4306 2414 4378 τὴν
2447 4305 2628 4377 ψυχὴν
2657 4306 2749 4358 ἐπὶ
2782 4305 2862 4376 τῷ
2884 4305 3192 4376 πράγματι,
3219 4306 3314 4358 καὶ
3342 4302 3658 4374 ζῆλον-ἁγα-

2067 4399 2158 4453 θὸν
2191 4397 2463 4470 ζηλώσας,
2504 4398 2648 4452 κατά
2689 4396 2780 4449 τὸν
2829 4397 3084 4450 εἰπόντα·
3141 4395 3344 4465 Ζῆλον
3387 4396 3658 4466 ἐζήλωσα

2066 4491 2147 4558 τῷ
2187 4492 2401 4560 Κυρίῳ,
2435 4489 2599 4561 εὐχὴν
2637 4487 2860 4558 ηὓξατο,
2889 4491 2984 4542 καὶ
3015 4489 3350 4558 ἐπαγγελίαν
3393 4489 3657 4559 ἐπηγγεί-

2067 4587 2214 4652 λατο,
2243 4586 2338 4638 καὶ
2366 4585 2570 4654 ταύτην
2599 4583 2748 4654 ὅρκῳ
2775 4582 3110 4654 κατεδήσατο
3137 4579 3173 4654 ἦ
3203 4583 3308 4654 μὴν
3330 4582 3408 4653 τῷ
3435 4582 3657 4653 παμϐα-

2071 4679 2211 4731 σιλεῖ
2240 4677 2358 4748 Θεῷ
2394 4675 2610 4746 πρῶτος
2636 4673 2770 4727 νεὼν
2795 4675 2890 4727 ἐπὶ
2916 4675 3021 4746 γῆς
3045 4675 3137 4728 καὶ
3167 4675 3309 4746 ἱερὸν
3333 4674 3487 4741 ἅγιον
3513 4675 3656 4727 οἰκο-

2066 4771 2345 4842 δομήσειν,
2381 4769 2509 4822 ἔνθα
2549 4767 2646 4839 τὴν
2687 4766 2893 4838 σκηνὴν
2945 4767 3037 4820 τοῦ
3094 4767 3392 4843 μαρτυρίου
3435 4766 3529 4819 καὶ
3559 4764 3658 4836 τὴν

2067 4863 2298 4918 κιϐωτὸν
2351 4862 2448 4930 τῆς
2498 4859 2776 4931 Διαθήκης
2818 4861 2916 4930 τὴν
2951 4860 3056 4912 ὑπὸ
3085 4859 3363 4923 Μωῦσέως
3396 4859 3537 4912 κατά
3559 4858 3658 4932 τὴν

2068 4956 2274 5030 ἔρημον
2335 4953 2401 5005 ἐκ
2456 4951 2878 5024 προστάγματος
2939 4949 3074 5003 Θεοῦ
3121 4950 3658 5005 κατασκευασθεῖσαν

2068 5046 2404 5117 ἀποθέμενος
2430 5043 2786 5098 ἀναπαύσειν.
2820 5044 3122 5115 Περιήγετο
3149 5041 3279 5111 γοῦν
3308 5035 3406 5094 ὧδε
3437 5043 3658 5094 κάκεῖσε

2072 5141 2234 5212 μέχρι
2267 5137 2376 5192 τῶν
2409 5138 2502 5191 τοῦ
2531 5137 2929 5207 Δαυῒδχρόνων
2957 5136 3125 5189 τόπου
3153 5134 3653 5206 μετακομιζομένη,

2069 5229 2200 5283 ποτὲ
2237 5229 2334 5299 μὲν
2367 5232 2424 5282 ὲν
2455 5229 2773 5296 Γαλγάλοις,
2810 5227 2947 5279 ποτὲ·
2972 5226 3029 5278 δὲ
3065 5228 3120 5278 ὲν
3156 5226 3489 5297 Μανασῆφα,
3529 5226 3657 5278 ποτὲ

2067 5321 2122 5374 δὲ
2149 5324 2207 5374 ἐν
2232 5320 2408 5393 Σηλὼ,
2438 5321 2533 5374 καὶ⁸
2559 5320 2745 5376 ἄλλοτε
2781 5319 2908 5389 παρ’
2933 5317 3270 5387 ἀλλοφύλοις,
3297 5316 3549 5370 κάκεῖθεν
3580 5318 3657 5379 εἰς

2068 5414 2339 5482 Βεσαμὺς,
2373 5414 2524 5467 ἔνθεν
2583 5415 2662 5476 εἰς
2713 5410 3144 5484 Καρειαθιρείμ·
3195 5406 3314 5466 εἶτα
3373 5412 3452 5472 εἰς
3512 5405 3657 5462 οἶκον

2080 5507 2377 5578 Ἀμιναδάϐ
2397 5523 2411 5536 ·
2439 5507 2694 5560 κάκεῖθεν
2725 5507 2804 5568 εἰς
2840 5501 2987 5558 οἷκον
3033 5502 3328 5573 Ἀϐεδδαρά
3348 5520 3360 5531 ο
3392 5501 3546 5557 ἔνθεν
3579 5503 3654 5564 εἰς

2068 5597 2207 5650 Σιὼν
2239 5599 2339 5669 τὴν
2387 5598 2539 5651 πόλιν
2567 5599 2594 5649 6
2627 5596 2788 5651 Δαυῒδ
2825 5596 3293 5667 μετεστήσατο.⁴“0
3325 5594 3389 5666 δὴ
3429 5589 3655 5646 συνιδὼν

2067 5688 2371 5758 γινόμενον,
2404 5689 2650 5762 διενοήθη
2679 5685 2827 5742 οἷκον
2867 5687 3012 5757 ἱερὸν
3061 5687 3274 5756 ἐγεῖραι
3310 5686 3403 5740 καὶ
3422 5686 3553 5740 ναὸν
3578 5683 3650 5741 oi.-

451 5929 490 5960 "
535 5927 723 5983 Matth.
759 5945 868 5985 vn.
904 5931 980 5989 εὶς
1027 5929 1158 5984 Luc.
1198 5947 1286 5990 v1.
1322 5932 1408 5986 38.
1493 5934 1531 5966 ’⁸
1569 5931 1634 5985 lll
1669 5931 1798 5994 Reg.
1841 5949 1961 5995 tux,
2012 5932 2097 5994 10,
2142 5933 2221 5986 Μ».
