4074 6442
443 496 584 555 {011
661 549 664 552 .

1500 488 2008 548 COMMENTARIA
2042 486 2132 544 ΙΝ
2149 486 2493 544 PSALMOS.

3565 489 3705 545 1078

440 608 1030 684 κοδομῆσαι,.ὲνταῦθά
1050 626 1111 663 τε
1133 607 1231 679 τὴν
1254 602 1488 661 κιϐωτὸν
1515 607 1730 680 ἱδρῦσαι
1744 607 1838 661 τοῦ
1861 605 2024 660 Θεοῦ.-

2122 603 2326 660 biliret.
2360 603 2578 670 Quade
2610 618 2670 660 re
2689 602 2859 659 David
2888 601 3121 659 Domino
3143 601 3374 674 iuravit,
3423 608 3479 659 et
3517 609 3706 658 votum

442 703 551 755 Καὶ
581 701 709 773 περί
739 699 929 754 τούτου
954 698 1136 772 ὤμοσε
1173 698 1335 753 Δαυῖδ
1356 698 1435 770 τῷ
1464 698 1674 771 Κυρίῳ,
1703 702 1798 752 καὶ
1821 697 2024 770 ηὕξατο

439 788 666 859 sibilat}:
709 787 904 842 Ἰακὼό
935 789 1140 858 λέγων’
1177 790 1249 843 Εἰ
1277 788 1699 859 εἰσελεύσομαι
1736 790 1824 855 εὶς
1867 788 2021 858 σκή-

439 898 606 951 νωμα
631 882 800 935 οἴκου
819 899 962 950 μου,
985 884 1039 936 εἰ
1067 880 1443 951 ἀναϐήσομαι
1464 881 1563 935 ἐπὶ
1588 882 1803 950 κλίνης
1832 898 2021 950 στρω·

434 970 598 1042 μνῆς
612 988 757 1040 μου,
785 972 839 1025 sl
862 969 1035 1025 δώσω
1064 970 1262 1024 ὕπνον
1283 970 1408 1037 τοῖς
1436 971 1766 1041 ὀφθαλμοῖς
1776 989 1896 1040 μου
1923 972 2025 1026 καὶ

439 1063 564 1131 τοῖς
584 1063 920 1134 ,βλεφάροις
955 1081 1076 1133 μου
1107 1063 1474 1134 νυσταγμὸν,
1506 1065 1617 1132 ἕως
1650 1061 1721 1121 οὗ
1746 1066 1899 1134 εὕρω
1929 1067 2024 1119 τό-

439 1169 558 1210 πον
583 1154 664 1221 τῷ
687 1156 902 1225 Κυρίῳ,
928 1154 1219 1225 σκήνωμα
1242 1155 1325 1222 τῷ
1355 1155 1477 1223 Θεῷ
1515 1155 1728 1211 Ἰακώϐ.
1758 1156 1946 1212 Ταῦτα
1967 1157 2025 1213 δὲ

438 1248 606 1304 αὐτοῦ
648 1249 1041 1320 διανοηθέντος,
1084 1249 1184 1321 τὴν
1230 1249 1692 1322 μὲνίπροαίρεσιν
1731 1250 1831 1321 τῆς
1872 1251 2026 1304 εὐσε-

439 1340 590 1405 ϐείας
622 1340 941 1412 ἀποδέχεται
965 1342 994 1395 ὁ
1022 1341 1155 1405 Θεός
1174 1357 1190 1373 ο
1214 1341 1276 1394 οὐ
1310 1341 1422 1413 μὴν
1440 1343 1729 1415 ἐπιτρέπει
1763 1344 1859 1397 τὸν
1878 1339 2023 1397 οἷκον

437 1431 718 1500 γενέσθαν
752 1432 828 1505 μὴ
858 1433 967 1505 γὰρ
995 1433 1202 1487 δεῖσθαι
1246 1432 1380 1487 Θεὸν
1407 1433 1710 1489 ὅντα·οἰ’κου
1741 1435 2020 1506 αἰσθητοῦ,

442 1524 567 1595 μηδ’
589 1525 650 1590 ἐξ
667 1524 890 1596 ἀψύχων
917 1525 1080 1580 λίθων
1114 1526 1402 1598 οἰκοδομῆς
1436 1529 1840 1600 συστησομένου
1861 1546 1878 1559 ο
1907 1529 2022 1582 ἀλλ’

436 1618 488 1669 εἰ
511 1616 620 1687 ἄρα
654 1618 821 1689 ἐχρῆν
856 1616 988 1672 Θεὸν
1019 1619 1188 1674 οἰκεῖν
1216 1620 1309 1673 ἐπὶ
1335 1619 1457 1691 γῆς,
1494 1621 1559 1674 ὲκ
1588 1621 1903 1693 σπέρματος
1928 1622 2029 1674 αὖα-ι

434 1706 550 1770 τοῦ,
576 1708 670 1761 τοῦ
696 1709 857 1762 Δαυῒδ
884 1710 1308 1781 προελεύσεσθαι
1328 1712 1420 1766 τὸν
1441 1712 1831 1783 ὑποδεξάμενον
1853 1712 2033 1768 αὑτοῦ.

435 1799 535 1868 τὴν
570 1800 818 1872 θεότητα.
855 1801 916 1865 ὃς
952 1803 1423 1875 καὶ-οἰκοδομήσει
1453 1803 1533 1875 τῷ
1557 1804 1676 1876 θεῷ
1706 1805 1926 1870 ἐπάξιον
1950 1807 2026 1858 ἱε-

437 1890 532 1961 ρὸν
564 1885 712 1944 οἶκον
750 1893 844 1947 καὶ
876 1894 1004 1947 ναὸν
1025 1895 1205 1965 ἄτιον..
1225 1888 1286 1950 οὗ
1314 1896 1404 1950 τὸν
1434 1896 1624 1969 θρόνον
1652 1899 1731 1962 εἰς
1764 1898 1854 1952 τὸν
1885 1898 2025 1968 σύμ-

436 1998 619 2036 παντα
645 1983 955 2056 διαρκέσειν
981 1986 1174 2042 αἰῶνα.
1193 1987 1419 2059 Ἐδήλου
1444 1988 1501 2043 δὲ
1529 1988 1638 2061 ἄρα
1669 1989 1762 2043 τὸν
1789 1991 2025 2063 Χριστὸν

433 2072 600 2128 αὑτοῦ
641 2075 732 2128 τὸν
763 2078 851 2146 ἐκ.
869 2076 1185 2150 σπέρματος
1222 2079 1386 2132 Δαυῖδ
1424 2080 1567 2135 κατὰ
1596 2081 1774 2153 σάρκα
1800 2083 2024 2153 γενησό-

437 2181 618 2234 μενον,
659 2165 755 2220 καὶ
800 2168 897 2239 τὴν
940 2167 1009 2222 δι’
1039 2169 1204 2223 αὑτοῦ
1243 2170 1365 2224 καθ’
1394 2171 1524 2244 ὅλης
1556 2172 1659 2244 τῆς
1698 2173 2023 2245 οἰκουμένης

435 2261 845 2334 συστησομένην
878 2262 1354 2337 Ἐκκλησίαν.“οτι
1375 2266 1433 2320 δὲ
1456 2268 1617 2323 ταῦθ’
1637 2268 1810 2335 οὕτως
1831 2269 2018 2343 ἐχει,ή

431 2349 541 2404 τῶν
589 2352 883 2408 Βασιλειῶν
931 2356 1115 2428 γραφὴ
1163 2358 1352 2414 τοῦτον
1397 2360 1639 2416 διδάσκει
1670 2362 1762 2418 τὸν
1784 2363 2017 2435 τρόπον’

432 2440 541 2493 Kal
571 2440 808 2510 ἐγένετο
837 2443 937 2499 ὅτε
957 2444 1201 2502 ἐκάθισε
1231 2448 1415 2503 Δαυῒδ
1440 2451 1510 2503 ἐν
1530 2450 1611 2516 τῷ
1641 2452 1785 2519 οἴκῳ
1809 2453 2018 2519 αὐτοῦ,

433 2532 531 2585 καὶ
560 2534 775 2602 Κύριος
807 2542 1414 2612 κατεκληρονόμησεν
1443 2543 1631 2598 αὐτὸν
1673 2546 1877 2610 κύκλῳ
1902 2547 2021 2602 ἀπὸ

434 2620 676 2677 πάντων
701 2623 819 2679 τῶν
848 2628 1077 2698 ἐχθρῶν
1107 2631 1267 2698 αὐτῷ
1286 2652 1299 2666 ο
1331 2635 1430 2690 καὶ
1457 2631 1628 2690 εἷπεν
1656 2639 1690 2691 ὁ
1719 2637 2021 2704 ,βασιλεὺς

435 2712 588 2778 πρὸς
616 2717 825 2771 Ναϐὰν
852 2719 958 2773 τὸν
982 2722 1327 2792 προφήτηνο
1370 2726 1516 2781 Ἰδοὺ
1555 2726 1636 2796 δὴ
1668 2727 1783 2798 ἐγὼ
1824 2744 2019 2783 κατοι-

433 2800 518 2852 κῶ
542 2802 613 2855 ἐν
637 2804 781 2873 οἴκῳ
806 2806 1073 2877 κεδρίνῳ,
1107 2812 1206 2865 καὶ
1240 2815 1279 2883 η
1308 2815 1553 2884 κιϐωτὸς
1578 2817 1685 2872 τοῦ
1726 2818 1873 2873 Θεοῦ
1918 2818 2020 2874 κά-

433 2894 605 2959 θηται
636 2895 705 2948 ἐν
724 2895 896 2966 μέσῳ
940 2898 1049 2968 τῆς
1064 2902 1304 2972 σκηνῆς
1326 2920 1339 2935 ·
1369 2905 1428 2976 ἢ,
1456 2906 1528 2959 ἐν
1548 2906 1719 2975 μέσῳ
1739 2907 2016 2978 δέρρεως,

433 2980 511 3046 ὡς
558 2984 591 3055 ἡ
638 2983 898 3061 Ἐὅραῖκὴ
955 2988 1101 3055 λέξις
1152 2993 1429 3064 σημαίνει.
1478 2995 1590 3050 Καὶ
1642 2992 1774 3051 εἷπε
1813 3000 2018 3055 Ναϐὰν

434 3082 585 3143 πρὸς
624 3076 733 3130 τὸν
767 3078 1063 3143 ,βασιλέαο
1100 3083 1305 3140 Πάντα
1333 3085 1451 3140 ὅσα
1475 3085 1552 3141 ἂν
1587 3086 1658 3142 ἐν
1694 3088 1773 3160 τῇ
1803 3089 2018 3160 καρδίᾳ

429 3180 551 3219 σου
584 3165 789 3230 ,ϐάδιζε
832 3169 932 3223 καί
972 3172 1147 3237 ποίει,
1193 3172 1282 3228 ὅτι
1320 3177 1534 3244 Κύριος
1553 3178 1706 3247 μετὰ
1735 3178 1872 3234 σοῦ.
1902 3182 2015 3237 Καὶ

429 3255 667 3355 ἐγένετο
692 3257 1001 3355 ’τῇῄνυκτί
1036 3263 1264 3355 εκείνη,
1301 3268 1400 3321 καὶ
1433 3269 1671 3338 ἐγένετο
1697 3270 1877 3342 ῥῆμα
1897 3276 2016 3329 Κυ-
2043 3294 2090 3355 c

424 3345 563 3415 ρίου
594 3347 746 3415 πρὸς
770 3351 974 3406 Ναθὰν
996 3351 1219 3424 λέγων·
1260 3360 1527 3425 Πορεύου
1561 3360 1712 3431 πρὸς
1736 3362 1847 3417 τὸν
1875 3363 2018 3418 δοῦ-

428 3438 546 3491 λον
568 3456 688 3507 μου
714 3441 914 3508 Δαυῒδ,
943 3444 1042 3498 καὶ
1070 3446 1202 3501 εἰπέ
1226 3464 1240 3479 ο
1287 3447 1431 3503 Τάδε
1461 3451 1624 3522 λέγει
1655 3455 1899 3525 Κύριοςο
1936 3459 2019 3512 Οὐ

430 3529 512 3621 σὺ
561 3531 978 3603 οἰκοδομήσας
1017 3556 1121 3608 μοι
1168 3536 1340 3597 οἷκον
1386 3544 1492 3599 τοῦ
1532 3548 1892 3619 κατοικῆσαι
1908 3568 2017 3621 μεν

431 3618 521 3675 ὄττι
559 3623 632 3676 οὐ
670 3624 993 3695 κατῴκησα
1017 3628 1088 3682 ἐν
1119 3632 1263 3701 οἴκῳ
1301 3635 1401 3704 ἀφ’
1434 3631 1510 3707 ἧς
1542 3618 1773 3708 ἡμέρας
1793 3618 2020 3712 cirri—ra-

427 3731 540 3785 γον
588 3715 732 3782 τοὺς
778 3717 948 3785 υἱοὺς
989 3719 1228 3791 Ἰσραὴλ
1279 3725 1348 3790 ἐξ
1399 3728 1702 3797 Αἰγύπτου
1749 3730 1887 3798 ἕως,
1911 3731 2047 3802 τῆς,

429 3806 658 3875 ἡμέρας
683 3809 935 3877 ταύτηςο
965 3812 1065 3865 καὶ
1108 3812 1273 3883 ἤμην
1298 3816 1712 3886 ἐμπεριπατῶν
1739 3822 1810 3875 ἐν
1840 3840 2020 3879 κατα-υ
2044 3862 2047 3865 -

429 3899 649 3968 λύματι
691 3899 792 3953 καὶ
832 3901 902 3955 ἐν
943 3901 1149 3973 σκηνῇ
1194 3906 1264 3960 ἐν
1300 3905 1492 3962 πᾶσιν
1525 3906 1617 3978 οἷς
1652 3910 1906 3981 διῆλθον
1948 3916 2019 3970 ἐν

430 3989 612 4044 παντί
651 3992 889 4060 Ἰσραήλ
906 4011 920 4024 ’
953 3996 1004 4049 εἰ
1029 3996 1236 4050 λαλῶν
1262 3997 1545 4068 ἐλάλησα
1568 4001 1720 4071 πρὸς
1737 4004 2019 4076 plausuu-

427 4080 553 4150 λὴν
575 4084 684 4137 τοῦ
726 4084 996 4154 Ἰσραὴλ,
1023 4079 1072 4153 ᾧ
1096 4087 1487 4159 ἐνετειλάμην
1531 4094 1871 4163 ποιμαίνειν
1910 4096 2019 4151 τὸν

428 4175 584 4228 λαόν
623 4193 746 4245 μου
784 4176 1029 4247 Ἰσραὴλ
1056 4178 1277 4251 λέγων’
1332 4184 1393 4236 Τί
1436 4183 1549 4237 οὐκ
1597 4185 2019 4257 ᾠκοδομήκατέ

426 4280 529 4333 μοι
557 4261 729 4320 οἷκον
755 4266 1030 4337 κέδρινον
1045 4285 1065 4333 ;
1086 4268 1209 4324 Καὶ
1220 4270 1337 4325 νῦν
1360 4270 1502 4327 τάδε
1531 4273 1688 4344 ἐρεῖς
1712 4272 1793 4341 τῷ
1818 4276 2017 4343 δούλῳ

424 4374 546 4426 μου
599 4358 815 4413 Δαυϊδ·
876 4359 1021 4415 Τάδε
1073 4362 1236 4433 λέγει
1280 4364 1497 4433 Κύριος
1544 4368 1970 4440 παντοκράτωρ
1999 4391 2014 4403 ·

434 4448 692 4503 Ἕλαϐόν
733 4466 810 4504 σε
856 4450 927 4505 ἐκ
970 4448 1079 4521 τῆς
1124 4452 1397 4523 μάνδρας
1442 4456 1562 4511 ἀπὸ
1604 4457 1857 4516 ὄπισθεν
1898 4461 2038 4517 τῶν,

428 4539 757 4609 προϐάτων,
791 4542 898 4596 τοῦ
941 4539 1097 4597 εἶναι
1136 4561 1211 4600 σε
1256 4548 1344 4613 εὶς
1386 4546 1724 4619 ἡγούμενον
1763 4552 1879 4606 ἐπὶ
1911 4554 2020 4610 τὸν

2124 696 2276 751 vovit
2314 695 2427 752 Deo
2446 695 2620 751 Jacob
2658 696 2890 752 dicens:
2923 694 2985 750 Si
3013 695 3266 750 introiero
3304 695 3362 749 in
3393 694 3709 750 tabernacu-

2126 788 2236 842 lum
2262 788 2451 843 domus
2489 804 2640 853 mete,
2673 788 2721 843 si
2747 786 3033 842 ascendere
3065 790 3120 841 in
3161 787 3350 841 lectum
3382 789 3541 842 strati
3569 787 3707 842 mei:

2124 881 2172 934 si
2199 877 2388 933 dedero
2418 896 2661 934 somnum
2688 878 2856 934 oculis
2892 878 3043 943 meis,
3069 887 3118 932 et
3143 877 3404 947 palpebris
3433 878 3560 932 meis
3581 876 3710 932 dor-

2125 972 2477 1036 mitationem,
2503 970 2667 1026 donec
2694 971 2957 1026 inveniam
2982 970 3153 1024 locum
3185 969 3434 1034 Domino,
3464 968 3710 1023 taberna-

2125 1062 2303 1117 culum
2336 1062 2444 1117 Deo
2482 1061 2652 1118 Iacob
2679 1063 2744 1116 ι’.
2778 1062 2906 1118 Haec
2943 1062 3036 1116 illo
3081 1061 3380 1132 cogitante,
3402 1061 3553 1131 pium
3585 1059 3711 1132 qui-

2125 1155 2247 1211 dem
2278 1155 2621 1226 propositum
2652 1154 2798 1212 Deus
2822 1155 3092 1227 approbat
3122 1173 3136 1208 :
3166 1168 3344 1224 neque
3375 1160 3559 1208 tamen
3584 1167 3711 1224 per-

2126 1246 2293 1301 mittit
2332 1247 2556 1303 domum
2602 1247 2838 1314 exstrui,
2874 1263 2985 1302 non
3018 1260 3159 1317 opus
3205 1260 3330 1301 esse
3379 1243 3494 1300 Deo
3522 1243 3714 1300 dicens

2125 1336 2290 1393 domo
2331 1337 2606 1403 sensibili,
2643 1338 2730 1392 vel
2773 1352 2860 1392 ex:
2896 1334 3217 1391 inanimatis
3266 1332 3544 1405 lapidibus
3586 1346 3712 1387 con-

2125 1428 2420 1495 struenda;
2450 1427 2546 1484 sed
2572 1428 2620 1484 si
2646 1442 2799 1498 opus
2813 1434 2970 1483 esset
2988 1426 3155 1481 Deum
3184 1425 3243 1480 in
3268 1436 3413 1480 terra
3438 1424 3710 1491 habitare,

2123 1534 2191 1575 ex
2218 1518 2394 1589 ipsius
2426 1518 2597 1575 David
2629 1519 2840 1576 semine
2882 1518 3230 1589 proditurum
3258 1532 3404 1580 esse,
3429 1516 3524 1586 qui
3554 1530 3712 1572 suam

2125 1611 2383 1668 deitatem
2418 1613 2717 1682 exciperet,
2749 1611 2957 1682 quique
2990 1625 3207 1667 sacram
3235 1609 3459 1664 domum
3489 1616 3545 1664 et
3569 1616 3710 1665 tem-

2122 1704 2269 1774 plum
2300 1712 2550 1760 sanctum
2584 1702 2701 1759 Deo
2735 1704 2962 1774 dignum
2993 1709 3324 1765 exstrueret,
3359 1702 3523 1771 cujus
3549 1702 3710 1758 thro-

2123 1813 2228 1853 nus
2257 1813 2355 1869 per
2393 1812 2559 1852 omne
2587 1799 2851 1853 saeculum
2879 1798 3184 1853 duraturus
3210 1805 3378 1853 esset.
3415 1795 3709 1867 Significa-

2124 1887 2222 1943 bat
2263 1893 2445 1943 autem
2483 1887 2773 1943 Christum
2798 1902 2960 1943 suum
2990 1902 3058 1943 ex
3094 1886 3306 1944 semine
3353 1884 3576 1941 Davidis
3624 1900 3710 1940 se-

2125 1978 2365 2034 cundum
2401 1993 2621 2034 carnem
2660 1979 2954 2045 oriturum,
2994 1985 3050 2032 et
3086 1976 3390 2033 Ecclesiam
3420 1978 3490 2031 ab
3517 1990 3585 2031 eo
3616 1991 3709 2047 per

2125 2078 2302 2125 totum
2341 2069 2530 2138 orbem
2563 2069 3029 2126 constituendam.
3065 2067 3224 2136 Quod
3264 2076 3446 2124 autem
3492 2068 3610 2125 haec
3635 2069 3709 2123 ita

2126 2175 2187 2216 se
2238 2160 2524 2224 baberent,
2573 2160 2887 2231 Regnorum
2935 2161 3208 2231 scriptura
3256 2160 3417 2216 docet
3463 2158 3571 2215 hoc
3614 2174 3708 2230 pa-

2125 2260 2215 2309 cto
2238 2272 2251 2308 ε
2278 2251 2509 2307 Factum
2535 2262 2614 2308 est
2652 2262 2828 2308 autem
2870 2269 2991 2307 cum
3020 2250 3219 2308 sederet
3261 2253 3434 2308 David
3472 2253 3529 2306 in
3551 2251 3710 2306 domo

2124 2363 2244 2411 sua,
2279 2355 2331 2401 et
2365 2346 2625 2401 Dominus
2652 2346 3038 2415 possessionem
3062 2347 3112 2400 ei
3144 2344 3375 2401 dedisset
3398 2345 3452 2400 in
3482 2345 3710 2399 circuitu

2126 2438 2191 2492 ab
2221 2438 2461 2494 omnibus
2494 2438 2726 2494 inimicis
2760 2439 2905 2500 suis;
2947 2438 3085 2493 dixit
3118 2454 3211 2494 rex
3236 2440 3305 2493 ad
3331 2437 3553 2493 Nathan
3579 2452 3709 2505 pro-

2122 2529 2334 2600 phetam
2365 2546 2383 2583 :
2412 2528 2548 2586 Ecce
2585 2547 2679 2602 ego
2722 2530 2902 2586 habito
2935 2532 2991 2585 in
3017 2530 3174 2587 domo
3210 2529 3448 2599 cedrina,
3482 2539 3534 2585 et
3582 2546 3710 2584 arca

2122 2620 2223 2675 Dei
2255 2620 2398 2676 sedet
2423 2622 2480 2675 in
2509 2623 2679 2676 medio
2709 2621 3075 2686 tabernaculi;
3098 2629 3213 2685 aut,
3247 2623 3305 2676 in
3338 2621 3511 2677 medio
3534 2621 3711 2690 pellis.

2122 2721 2185 2766 ut
2226 2710 2492 2767 Hebraica
2530 2713 2694 2769 lectio
2735 2712 3031 2783 signiﬁcat.
3082 2711 3150 2766 Et
3201 2713 3342 2769 dixit
3375 2712 3598 2767 Nathan
3640 2713 3709 2767 ad

2122 2819 2314 2874 regem,
2359 2802 2556 2858 Omnia
2592 2819 2711 2875 qua:
2758 2812 2882 2858 sunt
2908 2808 2963 2856 iu
3011 2802 3168 2858 corde
3207 2802 3471 2860 tuo.uade
3511 2813 3562 2859 et
3597 2804 3709 2873 fac.

2120 2896 2246 2964 quia
2265 2895 2522 2951 Dominus
2562 2905 2857 2951 tecum.est.
2905 2894 2969 2949 Et
2991 2895 3299 2964 factum.est
3331 2897 3385 2951 in
3414 2907 3564 2951 nocte
3588 2896 3707 2960 illa,

2120 2997 2169 3044 et
2221 2988 2420 3059 factum
2455 2999 2534 3044 est
2575 2988 2787 3045 verbum
2831 2987 3048 3044 Domini
3100 2990 3169 3044 ad
3218 2988 3442 3045 Natltan
3487 2989 3665 3045 dicens
3693 3032 3705 3045 .

2130 3080 2275 3136 Vade
2302 3082 2380 3135 ad
2403 3098 2607 3137 servum
2638 3097 2810 3137 meum
2835 3080 3030 3146 David,
3060 3091 3110 3136 et
3131 3081 3217 3136 dic
3246 3097 3265 3135 :
3297 3081 3423 3138 Haec
3453 3084 3583 3137 dicit
3609 3082 3705 3138 Da

2121 3174 2317 3242 minus,
2355 3171 2478 3228 Non
2509 3182 2565 3228 tu
2590 3172 2893 3243 wdiﬁcabis
2925 3174 3057 3228 mihi
3092 3178 3309 3230 domum
3333 3224 3337 3229 .
3359 3173 3429 3228 ad
3458 3174 3699 3230 habitan-

2120 3264 2247 3320 dum
2272 3283 2289 3320 :
2315 3268 2442 3338 quia
2471 3284 2576 3321 non
2603 3266 2839 3322 habitavi
2864 3267 2921 3321 in
2948 3264 3104 3322 doma
3126 3285 3159 3320 a
3186 3267 3272 3322 die
3294 3267 3392 3321 illa
3411 3284 3519 3338 qua
3548 3267 3705 3322 eduxi

2121 3360 2262 3428 filios
2316 3357 2490 3414 Israel
2539 3375 2606 3414 ea:
2656 3357 2908 3431 IEgypto,
2949 3375 3114 3430 usque
3158 3360 3215 3413 in
3260 3359 3401 3415 diem
3451 3360 3627 3415 hanc:
3660 3372 3753 3416 et.

2122 3447 2463 3503 ambulabam
2492 3449 2548 3504 in
2576 3448 2864 3504 diversorio
2892 3450 3019 3504 etin
3047 3449 3384 3507 tabernaculo
3412 3452 3468 3505 in
3506 3455 3707 3508 cunctis

2123 3542 2254 3597 locis
2281 3558 2372 3612 per
2408 3558 2527 3612 qum
2557 3543 2778 3597 transivi
2796 3559 2925 3597 eum
2970 3543 3131 3597 enini
3155 3541 3370 3608 Israel;
3418 3544 3466 3597 si
3492 3542 3734 3614 loquens.

2123 3635 2327 3688 locutus
2352 3650 2467 3687 sum
2491 3633 2562 3687 ad
2595 3651 2758 3689 unam
2784 3634 2977 3689 tribum
3020 3634 3214 3699 Israel,
3250 3635 3338 3688 cui
3360 3636 3585 3704 pra'cepi
3609 3651 3700 3705 pa-

2120 3743 2261 3782 scere
2277 3726 2530 3796 populum
2556 3743 2728 3780 meum
2762 3726 2938 3782 Israel
2957 3727 3136 3782 dicens
3157 3742 3176 3781 :
3208 3725 3386 3792 Quare
3407 3743 3513 3780 non
3533 3726 3699 3796 (ediﬁ-

2119 3816 2283 3869 castis
2335 3815 2465 3868 mihi
2510 3813 2726 3869 domum
2771 3816 3087 3873 cedrinam?
3137 3815 3207 3871 Et
3257 3834 3396 3872 nunc
3414 3818 3526 3873 [uec
3562 3817 3738 3873 dices.

2119 3922 2267 3960 servo
2315 3921 2428 3960 meo
2462 3905 2631 3961 David
2663 3921 2683 3959 :
2712 3905 2844 3962 Ha'c
2890 3907 3021 3963 dicit
3055 3908 3314 3965 Dominus
3351 3911 3731 3981 omnipotensr

2120 3997 2235 4069 Ego
2260 3999 2360 4051 tuli
2397 4008 2446 4052 te
2474 4014 2540 4053 e1:
2577 3998 2704 4054 ovili
2731 4011 3030 4070 sequentem
3054 4017 3193 4065 oves,
3251 4010 3312 4056 ut
3349 4019 3487 4058 esses
3519 4004 3574 4057 in
3602 4003 3703 4058 du-

2119 4105 2230 4144 cem
2264 4087 2462 4155 Israel,
2504 4080 2555 4145 et
2593 4106 2741 4145 eram
2795 4101 2965 4146 tecum
3018 4095 3074 4145 in
3122 4094 3368 4148 omnibus
3411 4094 3736 4166 ubicunque.

2118 4181 2477 4237 ambulabas:
2519 4192 2568 4239 et
2616 4181 2823 4253 perdidi
2864 4200 3040 4238 omnes
3084 4185 3324 4239 inimicos
3367 4194 3535 4241 tunsa
3568 4185 3735 4256 facit.

2121 4270 2236 4341 lua,
2269 4284 2320 4330 et
2352 4274 2454 4344 feci
2481 4284 2529 4330 te
2561 4276 2894 4331 nominatum
2931 4275 3219 4331 secundum
3257 4294 3443 4332 nomen
3483 4295 3694 4351 magno-

2120 4383 2236 4420 rum
2265 4368 2356 4438 qui
2391 4376 2514 4421 sunt
2542 4368 2598 4421 in
2639 4376 2802 4423 terra.
2831 4365 2899 4421 Et
2923 4383 3117 4436 ponam
3146 4367 3327 4422 locum
3359 4369 3551 4439 populo
3590 4387 3702 4425 meo

2122 4458 2316 4526 Israel,
2360 4468 2409 4514 et
2442 4459 2695 4530 plantabo
2735 4476 2856 4515 eum
2903 4469 2953 4514 et
2989 4459 3369 4532 Itabitabitper
3411 4477 3485 4527 se,
3516 4470 3567 4517 et
3598 4479 3701 4517 non

2119 4552 2382 4608 sollicitus
2411 4552 2513 4607 erit
2544 4551 2773 4622 amplius
2799 4566 2817 4604 :
2841 4561 2897 4606 et
2920 4569 3024 4607 non
3055 4551 3225 4608 addet.
3243 4553 3388 4623 ﬁlius
3406 4555 3701 4625 iniquitatis

440 4629 712 4701 Ἰσραὴλ,
744 4632 843 4687 καί
872 4631 1036 4704 ἤμην
1060 4635 1213 4705 μετὰ
1239 4637 1354 4692 σοῦ
1392 4639 1462 4692 ἐν
1502 4638 1694 4696 πᾶσιν
1739 4641 1829 4711 οἷς
1873 4645 2013 4700 ἐπο-

2121 4641 2397 4696 humiliore
2431 4643 2601 4710 ipsum
2649 4642 2787 4697 sicut
2829 4658 2862 4695 a
2901 4643 3183 4711 principio,
3229 4660 3261 4697 a
3297 4643 3482 4699 diebus
3513 4646 3701 4717 quibus

420 4723 607 4791 ρεύου
632 4740 646 4753 ο
700 4724 797 4777 καί
834 4723 1255 4793 ἐξωλόθρευσα
1296 4727 1531 4797 πάντας
1576 4733 1718 4810 τοὺς
1765 4735 2041 4806 ἐχθρούς.

427 4831 545 4869 σου
577 4815 698 4870 ἀπὸ
726 4815 1051 4885 προσώπου
1076 4833 1227 4873 σου⁹
1272 4821 1373 4875 καὶ
1404 4823 1664 4894 ἐποίησά
1682 4835 1768 4881 ’σε
1800 4829 2017 4900 ὀνομα-

427 4907 582 4962 στὸν
628 4908 777 4963 κατὰ
830 4907 898 4962 τὸ
942 4908 1131 4979 ὄνομα
1165 4909 1284 4967 τῶν
1311 4914 1600 4985 μεγάλων
1631 4917 1751 4973 τῶν
1780 4919 1879 4975 ἐπὶ
1908 4919 2047 4991 τῆς

428 4998 561 5069 γῆς.
606 4998 717 5054 Καὶ
759 4999 1021 5070 θήσομαι
1056 5002 1249 5057 τόπον
1288 5003 1371 5071 τῷ
1410 5006 1538 5074 λαῷ
1579 5027 1699 5079 μου
1745 5012 2023 5082 Ἰσραὴλ,

429 5090 532 5144 καί
578 5092 1009 5161 καταφυτεύσω
1041 5093 1230 5147 αὑτὸν
1264 5095 1365 5151 καί
1392 5103 1851 5171 κατασκηνώσει
1882 5108 2015 5162 καθ’

426 5181 676 5237 ἑαυτόν⁹
708 5182 807 5236 καὶ
828 5185 900 5238 οὐ
923 5184 1279 5254 μεριμνήσει
1293 5188 1630 5256 οὐκέτι,καί
1657 5196 1730 5249 οὐ
1755 5197 2035 5267 προσθή-⁷

425 5288 524 5329 σει
568 5273 698 5340 υίὸς
739 5273 977 5341 ἀδικίας
1018 5275 1126 5330 τοῦ
1166 5281 1531 5336 ταπεινῶσαι
1583 5286 1772 5341 αὐτὸν
1818 5288 2046 5357 καθὼςῖ

424 5364 529 5419 ἀπ’
563 5362 755 5434 ἀρχῆς
779 5366 899 5420 ἀπὸ
935 5365 1057 5420 τῶν
1083 5367 1341 5441 ἡμερῶν,
1360 5366 1448 5428 ὧν
1473 5374 1659 5442 ἔταξα
1688 5380 1892 5448 κριτὰς
1913 5382 2012 5437 ἐπὶ

424 5455 535 5509 τὸν
583 5455 741 5510 λαόν
776 5473 897 5525 μου
934 5456 1211 5527 Ἰσραήλ·
1251 5462 1351 5516 καὶ
1393 5464 1725 5523 ἀναπαύσω
1772 5487 1846 5525 σε
1893 5473 2013 5529 ἀπὸ

427 5545 672 5602 πάντων
702 5546 821 5600 τῶν
845 5547 1075 5618 ἐχθρῶν
1107 5566 1243 5606 σου.
1273 5554 1382 5608 Καὶ
1404 5548 1734 5630 ἀπαγγελεῖ
1773 5578 1873 5617 σοι
1904 5567 2013 5620 Κύ-

418 5656 576 5708 ριος,
604 5638 694 5693 ὅτι
719 5635 888 5693 οἷκον
908 5639 1326 5712 οἱκοδομήσεις
1351 5646 1532 5715 αὐτῷ,
1549 5652 1659 5707 Καὶ
1685 5651 1877 5720 ἔσται,
1901 5655 2012 5711 ἐὰν

429 5729 829 5798 πληρωθῶσιν
857 5733 918 5786 αἱ
948 5731 1159 5803 ἡμέραι
1201 5750 1338 5803 σου,
1372 5738 1471 5793 καὶ
1502 5745 1841 5817 κοιμηθήση
1860 5749 2011 5818 μετὰ

510 5911 552 5943 ¹⁹
588 5912 730 5970 Psal.
770 5933 961 5975 cum.
999 5920 1116 5976 ἐἷ-’5.

2119 4735 2370 4790 constitui
2411 4733 2619 4803 judices
2679 4750 2837 4803 super
2891 4736 3143 4804 populum
3189 4751 3360 4790 meum
3411 4736 3706 4794 Israel:et

2118 4826 2350 4899 requiem
2384 4826 2522 4880 dabo
2563 4827 2659 4880 tibi
2689 4825 2755 4880 ab
2797 4827 3041 4882 omnibus
3078 4828 3305 4882 inimicis
3341 4830 3468 4886 tuis»
3512 4829 3582 4885 Et
3613 4848 3693 4886 an-

2117 4920 2381 4974 nuntiabit
2425 4918 2521 4973 tibi
2566 4918 2846 4984 Dominus,
2883 4928 2940 4972 ut
2963 4918 3179 4972 domum
3212 4919 3452 4990 aedifices
3471 4924 3595 4992 ipsi.
3631 4922 3702 4979 Et

2116 5012 2240 5078 erit,
2270 5029 2388 5066 cum
2432 5011 2634 5081 impleti
2661 5009 2859 5079 fuerint
2896 5008 3006 5064 dies
3037 5011 3138 5075 tui,
3181 5020 3231 5065 et
3260 5013 3542 5070 dormieris
3582 5031 3703 5069 cum

2116 5103 2361 5174 patribus
2396 5105 2524 5169 tuis,
2552 5102 2889 5159 etsuscitabo
2928 5118 3103 5157 semen
3145 5112 3292 5157 tuum
3316 5115 3432 5174 post
3465 5115 3534 5170 te,
3562 5107 3704 5177 quod

2116 5198 2216 5250 erit
2248 5196 2304 5250 in
2346 5206 2523 5250 ventre
2550 5205 2660 5260 tua,
2687 5206 2736 5250 et
2771 5193 3082 5264 praeparabo
3126 5211 3341 5265 regnum
3373 5206 3543 5252 tuum.
3581 5196 3705 5266 Ipse

2118 5287 2406 5357 ludificabit
2435 5287 2565 5342 mihi
2587 5286 2823 5351 domum,
2847 5294 2898 5340 et
2922 5286 3121 5356 erigam
3145 5301 3361 5357 regnum
3391 5287 3507 5356 ejus
3540 5303 3703 5360 usque

2120 5381 2178 5433 in
2209 5378 2501 5434 saeculum.
2552 5376 2663 5448 Ego
2714 5394 2805 5432 ero
2853 5375 2936 5430 illi
2986 5377 3042 5430 in
3079 5386 3306 5446 patrem,
3359 5391 3409 5433 et
3448 5378 3557 5448 ipse
3598 5383 3702 5436 erit

2121 5472 2340 5526 miltiin
2379 5471 2574 5541 ﬁlium.
2623 5468 2693 5524 Et
2729 5470 2776 5525 si
2818 5469 3017 5524 uenerit
3055 5469 3309 5540 iniquitas
3340 5472 3479 5542 ejus,
3509 5482 3561 5528 et
3610 5491 3703 5529 ar-

2118 5580 2279 5635 guam
2315 5578 2432 5617 eum
2464 5563 2520 5616 in
2561 5562 2709 5632 virga
2754 5562 3009 5631 uirorum,
3060 5571 3112 5617 et
3163 5564 3218 5618 in
3246 5563 3418 5634 plagis
3461 5565 3702 5636 filiorum

2118 5655 2410 5711 hominum.
2456 5652 2883 5708 Misericordiam
2915 5663 3093 5709 autem
3127 5670 3299 5709 meam
3321 5671 3425 5710 non
3455 5657 3699 5728 auferam

2119 5749 2183 5803 ab
2214 5765 2297 5814 eo,
2332 5749 2467 5803 sicut
2501 5747 2698 5802 abstuli
2738 5746 2803 5802 ab
2834 5748 2902 5802 iis
2940 5764 3070 5819 quos
3101 5747 3306 5803 abstuli
3338 5768 3371 5803 a
3397 5750 3536 5820 facie
3557 5768 3693 5808 mea.
