4074 6448
343 471 486 528 1οἹ9

1049 470 1322 529 EUSEBII
1357 471 1836 536 CIESARIENSIS
1875 478 2027 536 OPP.
2072 477 2257 534 PARS
2289 476 2374 532 ΙΙΙ.
2418 508 2487 518 -—
2524 475 2937 535 EXEGETICA.

3477 483 3623 542 1080

344 587 419 642 Et
458 587 630 658 fidelis
661 589 762 642 erit
789 590 978 643 domus
1009 591 1128 660 ejus
1168 601 1218 646 et
1248 610 1466 665 regnum
1509 597 1625 661 eius
1670 613 1834 668 usque
1874 600 1931 653 in

2035 600 2447 670 τῶνξπατέρων
2477 616 2614 666 σου,
2647 603 2746 656 καὶ
2781 603 3110 671 ἀναστήσω
3133 607 3198 661 τὸ
3226 605 3471 677 σπέρμα
3504 625 3624 665 σου

343 679 597 735 secutum
631 681 687 733 in
713 690 994 750 conspectu
1020 698 1138 737 meo
1163 700 1181 737 :
1204 693 1254 738 et
1287 684 1507 742 thronus
1537 689 1653 758 ejus
1684 693 1786 744 erit
1816 706 1929 743 ere-

344 779 461 825 ctus
491 772 549 824 in
576 772 832 826 saeculum
873 772 1164 827 secundum
1214 774 1394 833 omnes
1430 794 1694 836 sermones
1725 780 1842 847 hos,
1877 791 1928 836 et

342 863 633 919 secundum
672 865 975 921 universam
1022 868 1278 924 visionem
1310 870 1446 926 hanc
1468 874 1535 929 “.
1587 873 1681 929 Sic
1713 877 1929 931 locutus

343 961 429 1009 est
472 952 686 1008 Nathan
717 953 934 1011 Davidi.
986 954 1116 1011 Haec
1147 973 1315 1028 porro
1355 961 1541 1015 omnia
1583 962 1637 1015 in
1687 962 1928 1017 medium

343 1043 524 1106 attuli,
553 1051 614 1097 ut
643 1043 1006 1110 declararem,
1055 1058 1179 1101 cum
1226 1046 1397 1102 David
1439 1049 1836 1105 aedilicaturum
1869 1066 1930 1105 se

342 1131 570 1188 domum
595 1149 738 1190 arcae
768 1133 860 1190 Dei
884 1136 1098 1206 primus
1125 1140 1492 1208 promisisset,
1508 1140 1701 1204 Deum,
1729 1156 1929 1212 appro—

343 1225 476 1281 bata
515 1227 665 1282 illius
698 1227 924 1299 pietate,
955 1229 1197 1285 vicissim
1223 1231 1527 1301 pollicitum
1573 1233 1623 1289 ei
1650 1248 1795 1299 esse,
1831 1250 1923 1289 ex-

342 1316 642 1371 citaturum
686 1333 746 1373 se
790 1333 978 1373 semen
1033 1318 1156 1388 ejus
1208 1335 1352 1383 esse,
1393 1322 1555 1392 cujus
1605 1337 1772 1393 opera
1821 1322 1927 1377 sibi

341 1408 564 1465 domum
609 1411 876 1467 excitaret
901 1430 915 1466 :
940 1418 997 1467 et
1023 1427 1149 1466 cum
1179 1412 1347 1468 David
1381 1417 1533 1485 prior
1562 1417 1832 1486 jurasset,
1868 1431 1930 1470 se

341 1500 478 1555 nihil
507 1502 658 1556 aliud
687 1512 814 1558 ante
843 1501 1144 1569 facturum,
1176 1520 1342 1575 quam
1375 1506 1681 1565 invenisset
1710 1507 1820 1564 Deo
1845 1510 1924 1564 lo-

340 1607 491 1659 cum,
519 1593 685 1649 Deum
718 1596 965 1652 vicissim
993 1597 1217 1667 jurasse
1237 1599 1570 1668 pollicendo,
1600 1609 1652 1656 et
1690 1602 1937 1657 humano

2032 693 2183 763 μετὰ
2213 692 2311 756 σὲ,
2342 691 2374 744 ὃ
2417 691 2589 746 ἔσται
2610 691 2680 745 ἐν
2707 691 2782 761 τῇ
2809 696 3007 763 κοιλίᾳ
3035 712 3172 763 σου,
3203 696 3303 751 καὶ
3325 696 3625 768 ἑτοιμάσω

2035 783 2152 853 τὴν
2172 784 2502 849 βασιλείαν
2527 797 2664 838 σου.
2688 784 2882 851 Αὐτὸς
2918 787 3300 858 οἰκοδομήσει
3324 807 3428 859 μοι
3453 787 3625 844 οἷκον

2036 875 2118 942 τῷ
2145 874 2392 945 ὀνόματι
2424 892 2565 944 μου,
2588 875 2687 928 καὶ
2716 876 3037 945 ἀνορθώσω
3059 878 3168 933 τὸν
3188 879 3407 947 θρόνον
3433 880 3623 934 αὐτοῦ

2034 965 2147 1032 ἕως
2182 968 2269 1032 είς
2302 964 2411 1020 τὸν
2431 964 2638 1019 αἰῶνα.
2657 964 2806 1035 Ἐγὼ
2833 968 3048 1038 ἔσομαι
3079 968 3239 1034 αὐτῷ
3263 972 3351 1035 είς
3375 970 3618 1039 πατέρα,

2035 1060 2135 1114 καὶ
2167 1060 2352 1126 αὐτὸς
2381 1059 2554 1113 ἔσται
2581 1077 2683 1130 μοι
2708 1062 2796 1128 εις
2841 1062 2998 1115 υἱόν.
3034 1062 3145 1116 Καὶ
3179 1061 3289 1116 ἐὰν
3316 1063 3468 1131 ἔλθῃ
3496 1063 3620 1117 ἀδι-

2036 1150 2138 1203 κία
2178 1150 2385 1215 αὑτοῦ,
2415 1151 2511 1205 καὶ
2553 1150 2780 1221 ἐλέγξω
2816 1154 3004 1207 αὐτὸν
3041 1154 3113 1208 ἐν
3135 1153 3336 1223 ῥάϐδῳ
3362 1153 3610 1221 ἀνδρῶν,

2035 1241 2133 1295 καὶ
2182 1242 2254 1296 ἐν
2293 1242 2473 1312 ἁφαῖς
2509 1241 2658 1297 υἱῶν
2699 1244 3044 1312 ἀνθρώπων.
3081 1245 3153 1300 Τὸ
3191 1245 3260 1300 δὲ
3303 1245 3474 1313 ἔλεός
3497 1265 3612 1316 μου

2035 1335 2147 1387 οὐκ
2193 1335 2526 1404 ἀποστήσω
2559 1336 2659 1391 ἀπ’
2685 1335 2892 1403 αὐτοῦ,
2934 1336 3131 1403 καθὼς
3159 1337 3480 1405 ἀπέστησα
3518 1339 3615 1406 ἀφ’

2033 1421 2122 1481 ὧν
2150 1428 2472 1496 ἀπέστησα
2499 1429 2568 1482 ἐκ
2601 1428 2925 1499 προσώπου
2948 1447 3089 1499 μου.
3116 1430 3227 1483 Καὶ
3252 1429 3622 1499 πιστωθήσε-

2034 1535 2129 1573 ται
2168 1522 2203 1573 ό
2223 1520 2388 1587 οἶκος
2414 1521 2602 1575 αὐτοῦ
2631 1521 2731 1575 καὶ
2754 1521 2795 1588 ’ἡ
2820 1522 3109 1586 ,ϐασιλεία
3141 1522 3328 1576 αὐτοῦ
3359 1521 3473 1588 ἕως
3489 1520 3624 1576 a163-

2035 1625 2143 1675 νος
2171 1607 2432 1663 ἐνώπιόν
2444 1628 2566 1679 μου
2583 1624 2598 1639 ⁸
2637 1610 2738 1680 καὶ
2777 1614 2811 1664 ό
2837 1611 3051 1679 θρόνος
3076 1610 3264 1664 αὑτοῦ
3296 1610 3469 1665 ἔσται
3514 1611 3623 1665 άν-

340 1701 462 1741 sese
500 1690 638 1742 mori
678 1698 1075 1760 attemperasse
1111 1689 1168 1744 in
1207 1690 1483 1761 loquendo
1516 1712 1530 1748 :
1558 1709 1687 1749 nam
1714 1694 1930 1748 inﬁnita

340 1792 512 1848 prope
538 1779 646 1833 alia
679 1780 734 1834 in
779 1780 966 1835 divina
998 1779 1286 1851 Scriptura
1319 1798 1387 1839 ex
1414 1782 1655 1839 humana
1693 1800 1929 1841 consue—

2035 1807 2181 1860 τους
2206 1797 2478 1859 τούτους,
2509 1794 2610 1847 καὶ
2646 1793 2799 1848 κατὰ
2833 1793 3045 1848 πᾶσαν
3078 1793 3192 1862 τὴν
3232 1793 3449 1862 ὅρασιν
3483 1793 3622 1847 ταύ-

341 1870 531 1924 tudine
557 1878 612 1927 et
651 1872 888 1942 quadam
925 1873 1204 1943 cogitandi
1231 1875 1446 1932 ratione
1478 1876 1548 1932 de
1591 1876 1702 1933 Deo
1728 1879 1924 1933 dicun-

2036 1898 2168 1949 την.
2197 1881 2385 1948 Οὕτως
2428 1884 2657 1956 ἐλάλησε
2689 1884 2883 1939 Ναθάν
2910 1886 3051 1957 πρὸς
3092 1886 3184 1939 τὸν
3226 1885 3406 1938 Δαυῒδ.
3436 1884 3625 1940 Ταῦτα

339 1970 449 2016 tur.
476 1962 691 2029 Quibus
712 1965 789 2018 ita
813 1967 1289 2032 commonstratis,
1308 1968 1421 2039 jam
1450 1977 1622 2025 restat
1645 1978 1704 2024 ut
1727 1970 1923 2041 psalmi

2035 1974 2091 2046 δὴ
2140 1974 2321 2029 πάντα
2362 1976 2703 2049 παρεθέμην,
2747 1979 3098 2051 παραστῆσαι
3149 1978 3493 2051 βουλόμενος,
3525 1977 3622 2042 ὡς,

336 2053 549 2109 dictum
579 2057 1022 2118 consideremus.

2036 2063 2255 2137 πρώτου
2286 2068 2766 2139 ἐπηγγειλαμένου
2790 2069 2885 2122 τοῦ
2914 2069 3079 2123 Δαυῖδ
3100 2065 3249 2124 οἷκον
3281 2067 3623 2123 κατασκευά-

339 2145 453 2213 ζειν
484 2149 552 2219 τῇ
603 2148 824 2220 κιϐωτῷ
872 2150 969 2205 τοῦ
1007 2151 1165 2219 Θεοῦ,
1203 2151 1611 2225 ἀποδεξάμενος
1634 2156 1798 2209 αὐτὸν
1830 2155 1939 2226 τῆς
1968 2155 2248 2221 εὐσεϐείας
2275 2159 2305 2210 ὀ
2345 2158 2497 2224 Θεὸς,
2549 2160 3057 2229 ἀντεπαγγέλλεται
3086 2161 3149 2214 τὸ
3196 2160 3420 2233 σπέρμα
3453 2158 3619 2213 αὐτοῦ

337 2239 686 2312 ἀναστήσειν,
723 2243 818 2296 καὶ
848 2242 943 2296 stt.
965 2244 1156 2298 τούτου
1186 2245 1620 2310 κατασκευάζειν
1654 2244 1834 2317 ἐαυτῷ
1857 2242 2005 2300 οἷκον
2027 2263 2042 2278 ο
2074 2248 2170 2302 καὶ
2207 2249 2284 2313 ὼς
2309 2249 2403 2303 τοῦ
2440 2250 2606 2305 Δαυῖδ
2650 2250 2872 2323 πρώτου
2929 2251 3284 2322 ὀμωμοκότος
3345 2252 3419 2322 μὴ
3488 2251 3624 2322 πρός

338 2351 496 2407 τερον
520 2335 700 2392 ἀλλοτι
726 2340 977 2411 ποιήσειν
995 2341 1092 2396 τοῦ
1115 2343 1282 2397 τόπον
1309 2344 1491 2414 εὑρεῖν
1509 2343 1587 2414 τῷ
1609 2343 1750 2415 Θεῷ,
1773 2344 2080 2415 ἀμοιϐαίως
2103 2347 2198 2400 καὶ
2231 2349 2260 2401 ὀ
2288 2347 2421 2411 Θεὸς
2450 2349 2745 2418 ἀντόμνυσι
2813 2347 2902 2401 διὰ
2960 2349 3067 2417 τῆς
3126 2346 3478 2416 ἐπαγγελίας,
3529 2347 3625 2400 ἀν-

339 2430 759 2505 θρωπινώτερον
808 2434 1263 2503 συγκαταϐαίνων
1295 2434 1376 2506 τῷ
1407 2435 1581 2507 λόγῳο
1621 2437 1809 2511 ἐπειδὴ
1843 2438 1938 2492 καὶ
1974 2438 2112 2494 ἀλλα
2141 2441 2314 2511 μυρία
2358 2442 2417 2493 ἐν
2463 2443 2528 2512 τῇ
2578 2441 2699 2512 θείᾳ
2730 2440 2920 2513 Γραφῇ
2989 2437 3435 2512 ἀνθρωποπαθῶς
3494 2419 3624 2508 περ’*-

337 2522 431 2576 εὲοὗ
458 2523 594 2578 Θεοῦ
624 2525 872 2580 λέλεκται
911 2527 1055 2581 κατά
1084 2543 1205 2580 τινα
1259 2528 1557 2599 νοουμένην
1590 2529 1841 2602 θεωρίαν.
1896 2523 1999 2585 Ὧν
2032 2530 2206 2596 οὕτως
2252 2532 2738 2604 ἀποδεδειγμένων,
2805 2532 2996 2603 καιρὸς
3049 2531 3151 2604 ηδη
3183 2532 3278 2586 καὶ
3304 2530 3404 2600 τὴν
3444 2531 3503 2581 ἐν
3544 2527 3623 2599 τῷ

2035 1697 2382 1768 ωρθωμένος
2411 1702 2498 1766 εὶς
2543 1700 2652 1756 τὸν
2683 1700 2867 1755 αἰῶνα
2905 1701 3056 1755 κατὰ
3081 1700 3313 1768 πάντας
3341 1701 3485 1767 τοὺς
3517 1702 3623 1756 λό’»

336 2615 539 2690 ψαλμῷ
569 2617 716 2684 λέξιν
745 2620 1142 2693 ἐπιθεωρῆσαι.

407 2727 552 2794 Quid
577 2731 685 2786 sibi
708 2732 826 2786 vult
856 2746 989 2804 ergo
1002 2735 1320 2804 promissio
1344 2734 1438 2791 Dei
1454 2737 1489 2790 ἐ
1509 2736 1638 2793 Haec
1660 2738 1770 2793 duo
1792 2753 1929 2809 pra:-

336 2822 575 2887 nuntiat,
601 2825 781 2895 primo
812 2840 873 2881 se
921 2823 1148 2884 Davidis
1188 2843 1378 2884 semen
1419 2829 1476 2884 in
1509 2832 1772 2888 saeculum
1805 2845 1921 2886 ser-

342 2923 636 2985 vaturum;
671 2917 943 2984 seenmdo,
993 2918 1253 2975 thronum
1288 2921 1410 2993 ejus
1436 2922 1835 2978 :edilicaturum
1873 2921 1929 2976 in

337 3002 744 3084 generationem
793 3020 851 3068 et
889 3015 1322 3083 generationem.
1370 3013 1579 3072 Deinde
1630 3016 1760 3088 quia
1814 3015 1929 3071 haec

336 3116 450 3158 non
495 3096 751 3161 seualbili
783 3116 937 3159 more
986 3105 1042 3159 in
1068 3113 1238 3170 terra,
1280 3120 1460 3177 neque
1513 3106 1569 3161 in
1611 3121 1784 3178 regno
1826 3105 1930 3159 hu-

2104 2737 2171 2791 Τί
2213 2737 2393 2791 τοίνυν
2441 2736 2689 2807 βούλεται
2735 2738 2769 2810 ἡ
2814 2736 3116 2807 ἐπαγγελία
3167 2735 3261 2791 τοῦ
3308 2734 3479 2802 Θεοῦ;
3518 2733 3623 2788 Δύο

2030 2824 2203 2881 ταῦτα
2226 2826 2592 2901 προαγορεύει
2608 2845 2621 2858 ⁸
2654 2826 2868 2900 πρῶτον
2893 2828 2990 2899 μὲν
3010 2827 3071 2881 τὸ
3096 2826 3317 2899 σπέρμα
3340 2824 3435 2879 τοῦ
3462 2823 3625 2878 Δαυῒδ

2031 2917 2138 2982 ἓως
2166 2916 2276 2973 τοῦ¹
2291 2919 2487 2983 αἰῶνος
2515 2918 2772 2989 φυλάξειν
2790 2934 2804 2949 ⁸
2835 2917 3089 2991 δεύτερον
3115 2917 3174 2971 δὲ
3196 2919 3288 2972 τὸν
3320 2916 3506 2987 θρόνον
3528 2918 3624 2972 αὐ.

2029 3010 2126 3066 τοῦ
2160 3012 2537 3084 οἰκοδομήσειν
2566 3014 2649 3076 είς
2683 3010 2878 3082 γενεὰν
2902 3012 2999 3071 καὶ
3029 3011 3242 3081 γενεάν.
3267 3006 3380 3062 Εἶτ’
3405 3008 3626 3081 ἐπειδη-

2034 3122 2141 3177 περ
2161 3104 2361 3175 ἤμελλε
2388 3103 2562 3159 ταῦτα
2592 3105 2669 3177 μὴ
2695 3105 2791 3157 ἐπὶ
2812 3105 2917 3174 γῆς
2947 3102 3221 3174 αἰσθητῶς
3250 3100 3624 3166 συνίστασθαι,

338 3206 502 3250 mana
538 3193 763 3250 ratione
789 3194 1143 3251 considerato
1182 3198 1372 3253 futura
1407 3208 1586 3263 erant,
1621 3199 1927 3268 promisso-

2039 3196 2175 3268 μηδέ
2220 3198 2277 3249 ἐν
2320 3198 2388 3267 τῇ
2433 3196 2574 3250 κατὰ
2619 3195 2905 3265 ἄνθρωπον
2955 3192 3224 3262 βασιλείᾳ,
3253 3192 3332 3253 εἰς
3363 3192 3626 3262 οὐρανοὺς

336 3294 461 3342 rum
492 3280 952 3358 complementum
985 3288 1039 3343 in
1076 3290 1249 3345 caelos
1296 3290 1549 3345 remittit.
1573 3260 1930 3361 duapmpter

2188 3260 2503 3359 ἀναπέμπει
2537 3286 2645 3340 τῶν
2677 3260 3024 3353 ἐπαγγελιῶν
3066 3282 3143 3341 τά
3178 3260 3624 3350 ἀποτελέσματα.

337 3372 483 3436 sicut
520 3366 778 3450 superius
808 3378 969 3446 dixit,
1008 3379 1076 3435 In
1127 3381 1255 3436 calo
1287 3381 1686 3452 prmpurabitur
1731 3381 1929 3435 veritas

340 3483 474 3538 tua;
508 3470 591 3528 sic
627 3478 756 3543 post
806 3470 903 3529 Dei
936 3473 1363 3544 promissionem
1386 3474 1499 3544 jam
1533 3473 1722 3538 infert,
1749 3471 1932 3542 Con/i-

340 3563 590 3620 tebuntur
628 3564 750 3619 caeli
781 3564 1056 3621 mirabilia
1110 3574 1226 3630 tua,
1258 3564 1503 3621 Domine.
1558 3563 1747 3636 Neque
1785 3564 1931 3620 enim

338 3654 594 3710 homines
625 3655 717 3725 qui
750 3654 809 3709 in
843 3663 989 3710 terra
1021 3662 1173 3720 sunt,
1205 3655 1405 3728 inquit,
1450 3655 1757 3726 intelligere
1780 3663 1932 3724 pote-

336 3752 470 3799 runt
526 3759 694 3815 quam
727 3751 966 3799 mentem
1011 3744 1272 3809 habeant,
1307 3762 1339 3799 ο
1374 3743 1626 3810 Domine,
1657 3746 1929 3815 promissa

339 3845 456 3904 tua,
502 3852 604 3891 nec
648 3852 903 3908 quasnam
950 3838 1062 3892 sint
1115 3837 1565 3908 propheticorum
1615 3852 1929 3892 sermonum

339 3928 785 3999 complementa;
807 3928 906 3985 sed
936 3929 1040 3999 ipsi
1091 3929 1217 3985 cmli
1266 3929 1544 3993 videlicet,
1597 3937 1652 3984 et
1698 3945 1820 4000 quze
1874 3929 1929 3984 in

340 4019 483 4075 caelo
522 4027 653 4076 sunt
681 4017 880 4075 divina:
911 4020 1146 4075 virtutes
1174 4039 1187 4074 :
1220 4021 1482 4091 quoniam
1522 4020 1677 4076 caelis
1721 4036 1934 4089 compe—

343 4114 412 4168 tit
459 4113 735 4169 mirabilia
767 4121 882 4178 tua,
912 4127 1035 4184 qua:
1074 4113 1129 4167 in
1160 4114 1625 4184 promissionibus
1656 4113 1930 4179 feruntur,

342 4216 602 4258 enarrare
644 4210 699 4258 et
756 4201 1129 4272 interpretari.
1179 4202 1652 4269 Quemadmodum
1687 4204 1931 4258 vicissim

342 4296 628 4353 veritatem
682 4303 871 4363 tuam,
945 4310 1071 4368 quae
1122 4295 1181 4355 in
1245 4294 1553 4367 promissis.
1592 4294 1784 4349 Davidi
1835 4295 1933 4350 da-

344 4389 419 4444 tis
462 4387 818 4452 celebratur,
874 4386 1120 4456 cogitare
1175 4395 1231 4441 et
1281 4385 1575 4443 enuntiare
1624 4399 1734 4440 non
1796 4384 1934 4439 alio-

345 4495 466 4535 rum
521 4472 662 4543 erat,
707 4493 871 4548 quam
909 4477 1174 4532 ccelorum
1232 4480 1464 4541 tantuiu,
1516 4484 1571 4531 et
1615 4475 1932 4547 angelorum

2031 3381 2110 3433 Δι’
2139 3379 2169 3431 ὃ
2191 3377 2381 3450 ὥσπερ
2406 3377 2666 3449 ἀνωτέρω
2697 3376 2899 3447 ἔφησεν
2919 3393 2933 3406 ·
2979 3376 3076 3428 Ἐν
3102 3371 3183 3439 τῷ
3212 3372 3447 3440 οὐρανῷ
3478 3372 3625 3426 ἐτοι-

2027 3469 2416 3539 μασθήσεται
2457 3470 2498 3537 ἡ
2543 3467 2797 3537 ἀλήθειά
2833 3482 2972 3531 σου,
3035 3465 3180 3521 οὕτω
3211 3466 3306 3521 καὶ
3341 3466 3436 3520 νῦν
3489 3465 3625 3538 μετὰ

2030 3562 2131 3634 τὴν
2157 3561 2490 3629 ἐπαγγελίαν
2513 3560 2623 3614 τού
2641 3559 2778 3615 Θεοῦ
2809 3560 3063 3631 ἐπιφέρει
3088 3559 3180 3621 τός·
3228 3556 3596 3628 Ἐξομολογή

2032 3667 2245 3707 vortat
2291 3655 2346 3708 οι
2401 3653 2642 3723 οὐρανοὶ
2687 3651 2761 3706 τὰ
2802 3649 3115 3722 θαυμάσιοί,
3138 3666 3280 3716 σου,
3308 3650 3507 3718 Κύριε.
3546 3648 3626 3703 Οὐ

2032 3746 2142 3818 γὰρ
2189 3748 2238 3800 οἱ
2287 3746 2381 3799 ἐπί
2422 3746 2525 3816 γῆς
2566 3744 2865 3817 ἅνθρωποι,
2922 3742 3078 3812 φησὶ,
3131 3742 3450 3814 δυνήσονται
3501 3758 3627 3794 συν-

2034 3837 2195 3903 ιέναι,
2227 3839 2411 3891 ὁποῖον
2441 3835 2569 3893 νοῦν
2609 3835 2849 3907 ἔχουσιν,
2869 3828 2915 3888 ὧ
2943 3833 3136 3907 Κύριε,
3174 3836 3230 3888 αἱ
3278 3831 3620 3902 ἐπαγγελίαι,

2031 3931 2139 3985 οὐδ’
2175 3933 2338 3985 ὁποῖα
2359 3931 2431 3984 τὰ
2456 3930 2876 4005 ἀποτελέσματα
2898 3928 3007 3982 τῶν
3042 3925 3396 4001 προφητικῶν
3419 3925 3626 3995 τυγχά-

2036 4039 2115 4076 νει
2145 4021 2354 4093 λόγωνσ
2386 4019 2504 4074 ἀλλ’
2531 4021 2582 4072 οἱ
2604 4019 2825 4090 οὐρανοὶ
2859 4017 3015 4071 αὐτοὶ
3041 4016 3265 4088 δηλαδὴ,
3288 4015 3384 4069 καὶ
3414 4015 3470 4067 αἱ
3504 4016 3625 4068 κατ’

2034 4114 2262 4186 οὐρανὸν
2297 4112 2437 4166 θεῖαι
2464 4111 2744 4183 δυνάμειςο
2770 4110 2961 4187 διόπερ
2986 4111 3099 4171 τοῖς
3116 4108 3365 4179 οὐρανοῖς
3395 4105 3626 4177 ἁρμόζει

2032 4206 2102 4261 τά
2149 4204 2429 4276 Θαυμάσιά
2473 4220 2570 4257 σου
2611 4204 2679 4258 τὰ
2722 4203 3078 4275 ἐμφερόμενα
3115 4202 3237 4264 ταῖς
3269 4198 3626 4267 ἐπαγγελίαις

2033 4295 2334 4367 διηγεῖσθαι
2377 4293 2472 4348 καὶ¹
2514 4291 3139 4364 διερμηνε,ύειν.Ὥσπερ,
3171 4288 3335 4350 πάλιν
3359 4286 3459 4358 τὴν
3489 4286 3626 4358 ἀλή-

2034 4388 2184 4446 θειάν
2212 4405 2327 4451 σου,
2356 4388 2457 4461 τὴν
2481 4390 2538 4442 ἐν
2561 4389 2681 4450 ταῖς
2698 4385 2836 4457 πρὸς
2858 4384 2951 4438 τὸν
2979 4382 3142 4437 Δαυῒδ
3170 4378 3518 4450 ἐπαγγελίαις
3542 4378 3627 4432 δε-

2033 4476 2397 4551 δοξασμὲνην,
2420 4480 2520 4533 οὐκ
2547 4478 2722 4534 ἄλλων
2746 4472 2976 4547 ἦνανοεῖν
2992 4475 3088 4533 καὶ
3110 4471 3413 4545 διηγεῖσθαι
3444 4469 3556 4524 ἀλλ’
3589 4468 3623 4541 ἢ

343 4571 439 4643 qui
479 4571 533 4625 in
557 4570 721 4626 cmlis
744 4578 920 4625 sunt:
969 4568 1026 4622 hi
1069 4583 1310 4638 namque
1352 4569 1640 4623 veritatem
1686 4578 1836 4621 tuam
1877 4576 1932 4622 et

2043 4573 2221 4647 μόνων
2264 4572 2372 4627 τῶν
2416 4570 2663 4644 οὐρανῶν
2710 4569 2805 4622 καὶ
2838 4567 2946 4621 τῶν
2975 4568 3033 4620 ἐν
3061 4566 3310 4639 οὐρανοῖς
3341 4561 3588 4631 ἀγγέλων
3607 4578 3623 4594 ο

344 4662 627 4717 mirabilia
667 4670 762 4716 tua
797 4662 852 4715 in
886 4659 1133 4715 Ecclesia
1155 4669 1473 4715 sanctorum
1498 4659 1930 4717 conﬁtebuntur.

348 4752 568 4809 Etenim
593 4755 640 4810 si
670 4755 968 4827 aliquando
1007 4753 1138 4809 talis
1164 4751 1411 4808 Ecclesia
1436 4753 1492 4806 in
1537 4760 1684 4810 terra
1712 4760 1930 4817 exstet,

347 4861 471 4918 qua:
516 4845 760 4902 Ecclesia
793 4856 1113 4904 sanctorum
1145 4853 1372 4901 vocetur
1395 4864 1421 4915 ;‘
1443 4853 1643 4916 praeter
1673 4845 1775 4902 bos
1803 4860 1934 4899 san-

346 4949 470 4994 ctos
493 4978 508 5002 ,
539 4936 644 5008 ipsi
673 4939 797 4992 coeli
819 4977 835 5002 ,
869 4940 987 4995 sive
1016 4936 1217 4997 divinae
1241 4938 1506 5000 virtutes,
1534 4936 1651 4993 sive
1679 4935 1938 4991 cmlestes

348 5028 602 5084 homines
626 5068 641 5093 ,
682 5029 956 5083 mirabilia
986 5037 1082 5084 tua
1110 5037 1165 5086 et
1197 5028 1479 5084 veritatem
1510 5035 1659 5081 tuam
1678 5068 1693 5097 ,
1724 5041 1846 5098 quae
1875 5028 1942 5089 in,

348 5124 714 5197 prresentibus
754 5124 1045 5194 promissis
1085 5123 1279 5184 fertur.
1312 5122 1741 5183 conﬁtebuntur.
1774 5121 1933 5188 Quod

350 5216 396 5270 si
444 5218 501 5271 in
543 5215 678 5286 ipsis
719 5214 881 5271 cmlis
929 5214 1179 5271 Ecclesia
1213 5213 1467 5285 quaedam
1511 5216 1582 5268 sit
1625 5212 1935 5283 primitivo-

354 5321 511 5371 rum,
547 5307 955 5377 descriptorum
989 5307 1046 5362 in
1079 5308 1238 5361 ccelis
1258 5345 1273 5369 ,
1305 5320 1369 5360 ea
1400 5305 1588 5359 verius
1618 5311 1674 5358 et
1706 5316 1936 5357 accura-

352 5400 462 5454 tius
491 5397 733 5454 Ecclesia
762 5406 1083 5455 sanctorum
1112 5414 1236 5454 esse
1260 5397 1483 5453 dicatur
1509 5413 1522 5449 :
1590 5395 1644 5449 in
1673 5410 1781 5465 qua
1810 5394 1931 5448 coeli

358 5491 636 5545 veritatem
682 5493 1089 5563 promissorum
1135 5489 1265 5553 Dei,
1310 5499 1365 5544 et
1411 5486 1689 5542 mirabilia
1720 5488 1775 5542 in
1807 5500 1937 5557 pro-

357 5582 544 5636 missis
599 5583 779 5651 posita
808 5622 825 5649 ,
874 5583 1230 5638 enarrabunt.
1296 5579 1568 5635 Mirabilia
1613 5586 1797 5634 autem
1846 5577 1952 5636 illa.

356 5686 480 5743 quae
529 5671 768 5739 fuerint,
824 5673 932 5729 nisi
988 5673 1248 5727 Davidem
1293 5674 1527 5727 electum
1580 5668 1675 5725 Dei
1718 5668 1937 5734 vocari,

359 5781 572 5821 necnon
598 5779 785 5819 semen
814 5765 882 5820 ab
911 5767 1032 5836 ipso
1061 5765 1405 5835 proditurum
1433 5778 1586 5830 esse,
1617 5761 1761 5833 quod
1792 5763 1955 5819 thros.

439 5922 483 5952 ⁸ο
518 5920 556 5974 ll
590 5921 722 5989 ltcg.
758 5936 870 5987 vu,
902 5920 1053 5974 l-l'l.

2037 4656 2185 4718 οὗτοι
2211 4665 2320 4737 γὰρ
2354 4664 2449 4717 καὶ
2474 4663 2573 4732 τὴν
2602 4660 2861 4733 ἀλήθειάν
2888 4676 2981 4712 σου
3013 4657 3109 4711 καὶ
3131 4656 3200 4710 τὰ
3227 4653 3504 4726 θαυμάσια
3531 4669 3625 4705 σου

2036 4756 2095 4809 ὲν
2126 4738 2422 4828 Ἐκκλησία
2449 4756 2618 4824 ἁγίων
2636 4752 3142 4824 ἐξομολογήσονται.
3162 4750 3226 4802 El
3251 4747 3360 4819 γάρ
3385 4763 3515 4799 ποτε
3540 4743 3627 4814 γέ-

2035 4865 2180 4903 νοιτο
2220 4846 2515 4914 Ἐκκλησία
2540 4864 2624 4911 τις
2653 4843 2876 4916 τοιαύτη
2931 4842 3022 4895 ἐπὶ
3046 4841 3169 4912 γῆς,
3198 4839 3273 4903 ὡς
3298 4838 3469 4906 ἁγίων
3505 4836 3628 4889 Ἐκ-

2035 4939 2265 5010 κλησίαν
2294 4936 2464 5009 αὐτὴν
2491 4935 2878 5007 χρηματίζειν,
2900 4931 3049 5003 παρά
3080 4929 3289 4992 τούτοις
3318 4931 3367 4993 oi,
3386 4926 3624 5000 οὐρανοὶ,

2034 5033 2147 5086 εἴτε
2179 5029 2436 5100 δυνάμεις
2470 5028 2630 5093 θεῖαι,
2655 5028 2765 5081 εἴτε
2793 5026 2888 5080 καὶ
2912 5024 3154 5096 οὐράνιοι
3170 5021 3382 5093 ἀνδρες,
3405 5021 3475 5072 τα
3496 5018 3628 5071 θαυ-

2043 5123 2215 5195 μάσιὰ
2242 5139 2334 5175 σου
2357 5121 2451 5175 καί
2473 5120 2572 5193 τὴν
2606 5118 2861 5193 ἀλήθειάν
2893 5135 3008 5182 σου,
3040 5115 3137 5187 τὴν
3156 5110 3536 5186 ἐμφερομένην
3569 5109 3628 5161 ἐν

2039 5196 2159 5277 ταῖς
2198 5211 2588 5283 προκειμέναις
2635 5209 3008 5280 ἐπαγγελίαις,
3034 5205 3535 5277 ἐξομολογήσονται.
3563 5200 3627 5254 El

2040 5304 2099 5359 δέ
2134 5307 2250 5359 ἐστι
2303 5305 2398 5358 καὶ
2450 5305 2508 5358 ἐν
2556 5304 2739 5366 αὐτοῖς
2781 5303 2896 5364 τοῖς
2926 5299 3175 5371 οὐρανοῖς
3212 5294 3509 5367 Ἐκκλησία
3544 5310 3628 5356 τις

2044 5398 2404 5467 πρωτοτόκων
2441 5393 2950 5467 ἀπογεγραμμένων
2975 5392 3033 5445 ἐν
3067 5390 3332 5462 οὐρανοῖς,
3367 5385 3627 5458 κυριώτε-

2048 5505 2139 5559 ρον
2187 5489 2281 5541 καὶ
2324 5487 2683 5559 ἀληθέστερον
2729 5482 2944 5563 λεχθείη
2995 5480 3061 5535 ἂν
3109 5478 3291 5549 ἐκείνη
3333 5475 3625 5548 Ἐκκλησία

2049 5563 2218 5649 ἁγίων
2241 5576 2381 5634 εἷναι
2422 5579 2737 5647 Ἐκκλησία,
2769 5579 2826 5630 ἐν
2917 5577 2964 5628 οἱ
2997 5572 3217 5645 οὐρανοὶ
3251 5570 3347 5633 τὴν
3368 5567 3641 5641 ἀλήθειαν.

2046 5670 2155 5724 τῶν
2184 5673 2523 5740 ἐπαγγελιῶν
2552 5669 2644 5724 τοῦ
2677 5668 2812 5722 Θεοῦ
2838 5669 2931 5722 καὶ
2954 5667 3022 5720 τὰ
3048 5664 3325 5735 θαυμάσια
3356 5661 3431 5715 sit
3450 5663 3509 5713 ἐν
3531 5658 3626 5712 αὐ-

2047 5765 2169 5827 ταῖς
2205 5763 2543 5833 ἀποκείμενα
2585 5762 2952 5831 διηγήσονται.
2985 5756 3273 5836 Θαυμάσια
3306 5752 3360 5807 δὲ
3395 5752 3517 5805 τίνα
3555 5745 3639 5821 ἦν.
