4074 6394
323 504 454 559 1081

1412 504 1913 562 COMMENTARIA
1950 503 2018 559 IN
2069 503 2411 560 PSALMUS.

3436 505 3582 561 108%

318 619 488 690 ἀλλ’ἢ
519 618 579 672 τὸ
605 619 862 674 ὲκλεκτδν
888 618 983 673 τοῦ
1024 620 1161 674 Θεοῦ
1191 622 1525 695 χρηματίσαι
1574 625 1666 678 τὸν
1716 623 1896 689 Δαυῖδ,

2004 638 2134 678 num
2183 633 2447 678 aeternum
2493 630 2784 677 naeturum
2826 623 2937 690 sit;
2983 628 3145 694 atque
3189 630 3574 679 testamentum

320 712 416 765 καὶ
435 710 497 764 τὸ
527 710 585 776 ἐξ
613 709 782 764 αὐτοῦ
806 710 1058 779 γενέσθαι
1095 713 1316 785 σπέρμα
1339 714 1525 785 θρόνον
1554 715 1771 770 αἰώνιον
1800 734 1900 771 κα..

321 800 493 867 θέξον,
523 802 617 854 καὶ
646 800 718 853 τὸ·
733 800 1000 874 διαθήκην
1030 801 1245 857 αἰώνιον
1268 804 1598 859 διατίθεσθαι
1632 808 1767 878 πρὸς
1798 808 1899 861 αὐ-

319 892 410 945 τὸν
437 891 526 944 τὸν
550 890 701 956 Θεὸν,
728 891 765 962 ἢ
794 892 1066 963 συνθήκην
1088 893 1224 964 πρὸς
1246 893 1408 948 αὐτὸν
1435 895 1724 964 γενέσθαι;
1757 896 1900 951 οὕτω

320 984 430 1056 γὰρ
463 986 496 1037 6'
527 985 757 1048 Ἀκύλας
796 986 891 1039 καὶ
931 985 1226 1057 Σύμμαχος
1264 989 1637 1060 ήρμήνευσαν,
1679 990 1903 1060 συνθή-

321 1093 442 1147 κην
477 1078 600 1131 ἀντὶ
638 1077 898 1148 διαθήκης
927 1079 1229 1149 εἰρηκότες.
1258 1081 1570 1153 Θαυμάσιον
1611 1078 1679 1154 ἦν
1719 1083 1809 1137 καὶ
1841 1084 1901 1138 τὸ

320 1165 548 1237 ὀμνύναι
586 1167 677 1220 τὸν
704 1167 838 1220 Θεδν
877 1168 1148 1239 ἀνθρώπῳ
1182 1172 1276 1225 καὶ
1307 1172 1366 1225 τὸ
1393 1172 1623 1242 φάσκειν
1648 1175 1787 1247 πρὸς
1808 1175 1900 1228 τὸν

320 1257 481 1310 αὐτόν
497 1274 514 1289 ο
542 1259 690 1324 Ἕως
719 1259 827 1313 τοῦ
854 1258 1069 1326 αὶῶνος
1090 1261 1383 1333 ἑτοιμάσω
1413 1266 1479 1319 τὸ
1503 1264 1739 1336 σπέρμα
1758 1281 1897 1331 σου,

320 1348 462 1403 κατά
486 1349 576 1403 τὸν
607 1350 902 1422 Σύμμαχον
918 1370 935 1385 ·
958 1353 1067 1409 Kal
1110 1355 1483 1426 οἰκοδομήσω
1514 1360 1602 1424 εὶς
1633 1357 1901 1426 ἑκάστην

318 1439 533 1508 γενεὰν
552 1438 662 1494 τὸν
687 1442 905 1509 θρόνον
934 1456 1081 1509 σου,
1110 1444 1249 1498 κατά
1274 1445 1366 1499 τὸν
1399 1447 1581 1501 αὐτόν.
1606 1448 1679 1501 Τὸ
1703 1448 1758 1500 δὲ
1783 1450 1900 1520 μεῖ-

320 1530 411 1595 ζον
442 1533 696 1587 ἁπάντων
728 1533 911 1604 θαῦμα
933 1534 1091 1589 τοῦτο
1122 1532 1214 1607 ἦν,
1236 1538 1298 1591 τὸ
1325 1538 1552 1593 τοιαῦτα
1572 1540 1899 1609 ἐπαγγελλό-

322 1641 481 1696 μενον
510 1624 602 1677 τδν
625 1626 757 1679 Θεδν
779 1625 928 1698 ὅρκῳ
956 1626 1129 1681 ταῦτα
1148 1629 1648 1701 ἐπισφραγίσασθαι
1672 1648 1687 1662 ⁸
1721 1631 1814 1684 καὶ
1839 1630 1899 1684 τὸ

322 1713 540 1768 πάντων
584 1714 1025 1791 θαυμασιώτερον
1053 1718 1113 1771 τδ
1153 1719 1291 1790 μετά
1328 1720 1419 1773 τὸν
1446 1719 1588 1773 θεῖον
1622 1721 1783 1794 ὅρκον
1814 1721 1901 1775 δο-

318 1810 435 1861 κεῖν
463 1809 535 1878 μὴ
558 1808 711 1873 τέλος
732 1810 1009 1883 εἰληφέναι
1027 1811 1153 1874 τοὺς
1170 1799 1270 1865 ’τοῦ
1293 1811 1427 1867 Θεοῦ
1460 1812 1671 1882 λόγους,
1700 1814 1896 1867 τάναν-

317 1899 407 1952 τία
438 1899 495 1952 δὲ
528 1903 592 1971 τῇ
623 1902 938 1973 ὁρκωμοσίᾳ
975 1902 1266 1974 συμϐῆναι.
1285 1903 1563 1975 Ἐπιφέρει
1588 1903 1718 1973 γοῦν
1747 1903 1894 1974 ἑξῆς,

318 1991 534 2045 ἔναντία
559 1971 680 2055 ταῖξ
703 1971 798 2047 τοῧ
823 1971 958 2047 Θεόῦ
987 1971 1340 2065 ἐπαγγελίαις
1363 1971 1539 2067 δήλων
1564 1971 1627 2049 συ
1637 1971 1897 2067 μόεὸηκέο
1928 1971 1970 2026 Β

317 2099 438 2136 ναι’
467 2082 532 2135 δι’
566 2082 602 2137 ἃ
628 2085 731 2137 κοιλ⁴
756 2086 988 2156 μάλιστα
1022 2087 1383 2159 ἐκπλήττεται
1421 2089 1515 2141 καὶ
1563 2087 1830 2158 θαυμάζει
1869 2090 1897 2141 6

318 2176 610 2247 Προφήτης
629 2193 643 2207 ·
675 2178 1038 2231 ἀποδυσπετεῖ
1069 2178 1198 2249 γοῦν
1229 2179 1354 2249 ἑξῆς
1383 2180 1556 2248 λέγων
1574 2198 1588 2210 ·
1614 2181 1739 2234 Ποῦ
1766 2180 1898 2233 ἐστι

315 2269 391 2321 τὰ
415 2269 557 2337 eam
582 2284 698 2324 σου
725 2271 798 2324 τὰ
820 2271 1056 2339 ἀρχαῖα.
1078 2272 1274 2338 Κύριε,
1297 2271 1335 2325 ἂ
1357 2269 1597 2341 ὤμοσας
1622 2268 1702 2336 τῷ
1719 2270 1899 2324 Δαυῒδ

316 2359 390 2412 ἐν
414 2358 489 2427 τῇ
512 2360 765 2428 ἀληθείᾳ
795 2377 910 2416 σου
927 2377 946 2426 ;
985 2362 1123 2415 Ἀλλ’
1143 2361 1545 2431 ἀποθεραπεύει
1574 2361 1671 2432 τὴν
1700 2357 1897 2414 ἑαυτοῦ

314 2451 650 2524 ἀμηχανίαν,
684 2453 944 2524 ἀνοπέρω
976 2453 1074 2524 μὲν
1107 2451 1376 2523 είρηκώς’
1426 2453 1529 2507 Ἐν
1564 2451 1687 2518 τοῖς
1728 2453 1900 2518 οὐρα-

313 2542 444 2608 νοῖς
469 2541 963 2613 ἐτοιμασθήσεται
986 2545 1025 2612 ἠ
1051 2543 1303 2611 ἀλήθειὰ
1327 2561 1465 2608 σου,
1496 2546 1554 2597 ὲν
1581 2542 1636 2596 δὲ
1662 2544 1775 2606 τοῖς
1804 2558 1899 2613 με-

312 2631 385 2686 τὰ
415 2635 635 2704 χεῖρας*
684 2634 1262 2706 Ἐξομολογήσονται
1299 2640 1353 2691 οἱ
1384 2635 1627 2705 οὐρανοὶ
1656 2635 1730 2689 τὰ
1763 2638 1899 2689 θαυ-

307 2723 504 2794 μάσιά
536 2738 674 2790 σου,
704 2725 802 2778 καὶ
826 2724 939 2793 γὰρ
964 2726 1081 2793 τὴν
1098 2725 1393 2793 ἀλήθειάν
1415 2740 1532 2781 σου
1566 2728 1637 2781 ἐν
1661 2727 1900 2799 Ἐκκλη-

312 2814 426 2883 σιςι
458 2816 663 2886 ἁγίων.
676 2816 796 2870 Ὅτι
836 2818 928 2883 τίς
969 2818 1039 2870 ὲν
1081 2818 1367 2888 νεφέλαις
1413 2819 1770 2887 ισωθήσεται
1817 2817 1897 2883 τῷ

309 2905 532 2973 Κυρίῳ,
554 2907 982 2977 ὁμοιωθήσεται
1027 2906 1108 2973 τῷ
1155 2909 1351 2977 K-vplcp
1394 2910 1463 2963 ἐν
1511 2909 1663 2977 υἱοῖς
1712 2909 1897 2975 Θεοῦ;

324 2997 475 3050 ’Λντὶ
515 2998 640 3052 τοῦ·
688 3000 758 3053 ἐν
795 3002 1097 3069 νεφέλαις,
1159 3003 1187 3055 6
1240 3001 1534 3073 Σύμμαχος
1584 3018 1740 3072 φησι⁸
1800 3003 1897 3068 Τίς

309 3088 426 3158 ’μὰρ
473 3090 543 3142 ἐν
591 3090 813 3157 αὶθέρι;
842 3089 1055 3162 Σφόδρα
1105 3090 1163 3144 δὲ
1208 3090 1515 3153 ἀκολούθως
1553 3093 1801 3163 ἐπήγαγε
1828 3092 1896 3146 τὰ

308 3184 653 3256 προκείμενα
677 3188 790 3250 τοῖς
811 3184 1155 3256 προλεχθεϊσι
1181 3203 1194 3216 ·
1234 3184 1330 3256 τὴν
1359 3186 1469 3257 γὰρ
1494 3185 1752 3256 ἀλήθειάν
1778 3203 1894 3248 σου,

2000 724 2265 770 aeternum
2288 755 2303 780 ,
2339 715 2456 770 sive
2486 722 2705 785 paetum
2738 714 2805 768 ab
2835 714 2928 768 illo
2958 730 3082 768 cum
3117 713 3226 768 Deo
3255 730 3573 785 percussum

2000 805 2214 861 fuisse?
2241 806 2321 860 sic
2345 806 2490 860 enim
2521 804 2715 876 Aquila
2747 817 2798 861 et
2831 802 3191 877 Symmachus
3235 805 3575 876 interpretati

2002 907 2166 960 sunt,
2198 898 2290 967 qui
2325 908 2538 965 pactum
2578 912 2677 966 pro
2706 903 3040 952 testamento
3086 895 3361 951 dixerunt.
3411 897 3575 950 Mira—

2000 990 2109 1046 bile
2137 1005 2355 1060 quoque
2382 992 2709 1060 eratjurare
2743 987 2910 1042 Deum
2957 987 3203 1049 homini,
3239 988 3451 1058 ipsique
3488 987 3574 1041 di-

1999 1098 2157 1144 cere,
2187 1080 2359 1151 Usque
2383 1083 2437 1135 in
2460 1093 2715 1137 internum
2737 1080 3054 1151 pra’parabo
3077 1095 3249 1134 semen
3278 1090 3458 1143 tuum,
3489 1096 3576 1136 se-

2000 1174 2238 1230 cundum
2270 1173 2655 1245 Symmachum
2682 1191 2696 1228 :
2732 1172 2800 1226 Et
2832 1173 3107 1242 a’diﬁcabo
3147 1174 3201 1226 in
3230 1188 3579 1243 unamquam-

1998 1281 2096 1337 que
2114 1266 2500 1337 generationem
2520 1264 2763 1319 thronum
2787 1274 2930 1317 tuum
2948 1306 2962 1331 ,
2985 1269 3283 1319 secundum
3300 1263 3573 1319 eumdem.

1998 1357 2065 1412 At
2085 1357 2381 1411 maximum
2402 1357 2647 1413 omnium
2671 1355 2991 1411 miraculum
3010 1355 3142 1410 illud
3160 1364 3299 1420 erat,
3324 1356 3577 1411 videlicet

2000 1450 2115 1504 haec
2132 1451 2431 1520 pollicitum
2455 1448 2623 1505 Deum
2644 1490 2658 1513 ,
2673 1449 2989 1519 juramento
3001 1447 3190 1503 eadem
3209 1449 3531 1519 obsignassc
3556 1468 3570 1503 :

1999 1557 2187 1597 verum
2232 1542 2378 1613 quod
2409 1541 2655 1596 omnium
2687 1540 2914 1595 omnino
2949 1539 3421 1595 mirabilissimum
3454 1549 3572 1608 est,

1999 1633 2095 1689 Dei
2122 1650 2438 1709 sermones.
2470 1649 2610 1704 quos
2635 1632 2857 1702 juratus
2892 1631 3227 1702 protulerat,
3260 1646 3369 1686 non
3401 1630 3469 1684 ad
3496 1630 3576 1686 ef-

1999 1725 2201 1782 fectum
2247 1726 2516 1782 deductos
2563 1741 2730 1789 esse;
2780 1724 2877 1779 sed
2924 1723 3256 1792 iuramentis
3299 1723 3574 1777 contraria

1998 1820 2246 1875 evenisse
2288 1818 2483 1874 videri.
2528 1816 2665 1871 Nam
2710 1815 2906 1872 deinde
2949 1816 3156 1886 pergit,
3204 1816 3405 1871 divinis
3449 1831 3579 1886 pro-

2000 1909 2190 1965 missis
2223 1913 2470 1981 Opposita
2496 1908 2794 1978 contigisse
2823 1922 3058 1963 narrans
3085 1927 3097 1962 :
3129 1922 3364 1978 quorum
3396 1907 3573 1960 maxi-

1999 2016 2085 2055 me
2107 2015 2272 2055 causa
2298 2000 2632 2068 obstupescit
2655 2000 2990 2068 miraturque
3013 1997 3283 2069 Propheta
3299 2038 3314 2061 ,
3339 2004 3392 2052 et
3417 1996 3574 2066 quasi

1998 2108 2113 2147 rem
2142 2108 2284 2163 aegre
2316 2091 2496 2148 ferens
2523 2094 2597 2146 ait
2626 2110 2638 2146 :
2670 2090 2769 2145 Ubi
2802 2101 2923 2145 sunt
2952 2091 3330 2145 misericordia:
3357 2099 3461 2144 tua:
3487 2106 3577 2142 an-

1999 2181 2190 2252 tiquae,
2224 2182 2478 2249 Domine,
2509 2197 2644 2252 quas
2666 2180 2871 2251 jurasti
2896 2180 3070 2235 David
3114 2182 3168 2234 in
3197 2181 3415 2235 veritate
3443 2181 3581 2234 tua?

1999 2272 2067 2329 At
2096 2273 2362 2345 angustias
2391 2289 2505 2330 suae
2532 2273 2795 2328 medelam
2834 2272 3111 2336 adhibuit,
3156 2281 3269 2327 tum
3317 2271 3579 2342 superius

1998 2381 2123 2420 cum
2165 2365 2408 2431 diceret,
2465 2364 2531 2420 In
2583 2365 2725 2421 caelis
2768 2366 3161 2437 prmparabitur
3201 2365 3395 2420 veritas
3439 2373 3574 2426 tua;

1999 2462 2115 2509 tum
2161 2455 2214 2509 in
2256 2456 2343 2510 his
2387 2471 2507 2526 quas
2554 2465 2858 2513 tractamus
2898 2457 3122 2520 dicens,
3173 2455 3581 2525 Conﬁtebuntur

1998 2544 2114 2598 eali
2145 2543 2414 2598 mirabilia
2447 2554 2538 2599 tua
2558 2584 2573 2608 ,
2602 2548 2795 2601 etenim
2824 2547 3098 2600 veritatem
3131 2553 3277 2599 tuam
3302 2546 3356 2599 in
3385 2544 3575 2600 Eccle-

1997 2637 2081 2690 sia
2134 2647 2461 2691 sanctorum.
2485 2665 2555 2676 --
2578 2635 2743 2692 Vsus.
2799 2637 2850 2692 7.
2901 2637 3165 2703 Quoniam
3198 2637 3314 2706 quis
3346 2638 3402 2689 in
3423 2635 3582 2689 nubi-

1999 2726 2094 2780 bus
2127 2726 2423 2790 tequabitur
2450 2726 2674 2782 Domino
2702 2767 2716 2791 ,
2749 2728 2939 2784 similis
2968 2730 3068 2783 erit
3101 2727 3326 2781 Domino
3358 2727 3413 2780 in
3446 2727 3578 2796 ﬁliis

2002 2817 2097 2871 Dei
2125 2819 2149 2874 ?
2177 2817 2284 2872 Pro
2314 2817 2438 2884 illo,
2470 2819 2525 2871 in
2573 2818 2833 2881 nubibus,
2879 2818 3242 2891 Symmachus
3289 2818 3401 2881 ait,
3442 2818 3579 2884 Quis

1996 2912 2136 2967 enim
2178 2912 2235 2964 in
2282 2910 2522 2967 cut/tere?
2564 2911 2871 2966 Admodum
2915 2923 3281 2983 congruenter
3314 2911 3428 2965 haec
3459 2910 3577 2980 jam

1998 3001 2299 3072 praemissis
2331 3000 2576 3070 adiecit:
2609 3004 2895 3057 veritatem
2935 3004 3079 3056 enim
3124 3011 3309 3066 tuam,
3355 3002 3571 3071 inquit,

1998 3102 2053 3150 et
2096 3094 2370 3149 mirabilia
2419 3102 2513 3148 tua
2560 3094 2774 3149 etiamsi
2819 3094 3068 3149 homines
3115 3093 3419 3165 intelligere
3461 3109 3575 3148 non

1998 3186 2254 3253 valeant;
2290 3200 2396 3256 qua
2445 3185 2513 3240 de
2541 3200 2712 3241 causa
2737 3185 2964 3256 jamjam
3000 3185 3253 3241 dicturus
3278 3201 3400 3240 sum
3423 3227 3437 3252 ,
3476 3183 3578 3239 Ubi

305 3277 470 3347 φησὶ,
495 3277 590 3330 καὶ
616 3275 685 3329 τὰ
708 3275 988 3347 Θαυμάσιά
1018 3292 1135 3339 σου,
1163 3276 1212 3327 εἰ
1241 3276 1334 3328 καὶ
1364 3274 1440 3346 μὴ
1466 3275 1744 3346 ἅνθρωποι
1773 3291 1895 3329 συν-

1999 3288 2121 3334 sunt
2160 3277 2543 3332 misericordia:
2584 3286 2689 3332 tua:
2729 3279 2963 3348 antiqua:
2985 3320 3001 3344 ,
3033 3275 3293 3341 Domine,
3326 3294 3458 3346 quas
3481 3277 3578 3347 ju-

304 3371 455 3422 εἶναι
481 3368 770 3422 δύνανται·
801 3367 867 3421 δι’
898 3366 927 3420 6
973 3366 1151 3439 μέλλω
1192 3366 1370 3436 λέγειν
1404 3367 1599 3438 μικρὸν
1630 3366 1859 3439 ὕστερον
1878 3385 1892 3398 ⁸

302 3458 438 3513 Ποῦ
460 3456 592 3511 ἐστι
618 3457 692 3511 τὰ
710 3455 851 3525 enen
881 3472 999 3510 σου
1025 3458 1099 3510 τὰ
1118 3456 1358 3527 ἀρχαῖα,
1378 3456 1576 3524 Κύριε,
1594 3453 1634 3509 ἁ
1654 3455 1896 3525 ὤμοσας

299 3550 388 3617 τῷ
416 3548 628 3611 Δαυΐδ;
668 3550 807 3602 Ἀλλ’
832 3549 1050 3621 οὐρανοὶ
1081 3549 1431 3621 διηγήσονται
1473 3550 1568 3603 καὶ
1601 3550 1897 3622 Ἐκκλησία

300 3642 486 3712 ἁγίων
532 3640 894 3711 μαρτυρήσει,
925 3640 1006 3693 ὅτι
1057 3639 1223 3711 μηδὲν
1254 3632 1330 3693 ὧν
1356 3638 1580 3709 ὤμοσας
1606 3638 1685 3709 τῷ
1711 3638 1892 3704 Δαυῖδ,

296 3735 669 3794 διαπεσεῖται,
702 3730 824 3784 οὐδὲ
852 3730 1143 3801 ψεύσονται
1175 3747 1267 3783 σου
1301 3731 1357 3784 αἱ
1389 3731 1747 3799 ἐπαγγελίαι⁹
1777 3730 1897 3784 ἀδύ-

295 3843 472 3880 νατον
499 3825 609 3895 γάρ
644 3825 756 3877 ἐστι
790 3824 851 3876 τὸ
880 3824 940 3877 σὲ
968 3822 1298 3894 ψεύσασθαι.
1331 3823 1428 3886 Τίς
1456 3824 1566 3893 γάρ
1590 3839 1672 3875 σοι
1700 3823 1892 3889 ἐξισω-

295 3920 539 3993 θήσεται
571 3920 629 3971 ἑν
651 3916 895 3989 ἀληθείᾳ,
925 3916 958 3988 ἢ
986 3916 1071 3979 τίς
1097 3915 1496 3986 ὁμοιωθήσεται
1527 3915 1584 3969 ἐν
1607 3912 1685 3985 τῷ
1714 3913 1898 3982 λέγειν

290 4013 399 4066 καὶ
425 4007 753 4061 πιστοῦσθαί
788 4023 880 4059 σου
914 4006 1014 4069 τὰς
1043 4004 1407 4073 έπαγγελίας;
1446 4003 1581 4057 Οὐδὲ
1613 4002 1723 4074 γὰρ
1745 4004 1893 4057 ἀντι-

290 4100 507 4173 στῆναί
539 4116 632 4152 σου
662 4100 727 4169 τῇ
760 4096 921 4170 βουλῇ
959 4095 1181 4149 δύναταί
1224 4112 1330 4160 τις,
1365 4094 1438 4158 ὡς
1469 4093 1795 4166 ἀνατρέπειν
1822 4090 1897 4146 τὰ

285 4191 455 4257 ἅπαξ
488 4188 593 4243 ὑπὸ
623 4187 715 4241 σοῦ
743 4186 1041 4259 ὡρισμένα,
1066 4187 1259 4258 μήτιγε
1280 4186 1350 4239 τὰ
1384 4184 1502 4256 μεθ’
1528 4185 1692 4257 ὅρκου
1719 4186 1893 4257 ἐπηγ-

283 4283 580 4355 γελμένα·
625 4279 764 4334 ὥστε
808 4282 857 4333 εί
896 4278 969 4351 μὴ
999 4279 1094 4332 καὶ
1138 4279 1270 4349 ἡμῖν
1306 4276 1572 4347 ἔγνωσταί
1604 4294 1692 4330 πω
1724 4276 1891 4350 ἡτῶν

281 4370 655 4443 ἐπαγγελιῶν
680 4387 773 4422 σου
797 4368 1043 4441 ἀλήθεια,
1075 4367 1191 4421 ἀλλ’
1217 4369 1394 4421 ἐκεῖνο
1417 4366 1662 4440 ἀκριϐῶς
1697 4367 1854 4437 ῐσμεν
1873 4404 1889 4430 ,

280 4469 383 4523 ὅτι
427 4461 697 4527 δυνατὸς
725 4457 797 4524 εἴ,
824 4461 1018 4530 Κύριε,
1048 4460 1146 4514 καὶ
1183 4460 1221 4528 ἡ
1257 4459 1510 4528 ἀλήθειά
1540 4473 1657 4512 σου
1687 4459 1892 4522 κύκλῳ

277 4574 438 4621 σου.
477 4553 645 4608 Πάντ’
671 4548 763 4605 οὖν
794 4552 893 4604 ὅσα
923 4551 1018 4604 καὶ
1041 4549 1366 4621 βεϐούλησαι
1394 4549 1638 4616 δύνασαι,
1662 4550 1758 4602 καὶ
1781 4549 1890 4601 τῶν

1998 3370 2135 3424 rasti
2168 3367 2342 3423 David
2367 3371 2392 3424 ?
2420 3377 2475 3422 at
2503 3369 2628 3422 casti
2655 3368 3024 3432 enarrabunt,
3057 3374 3112 3421 et
3158 3365 3403 3422 Ecclesia
3446 3383 3574 3423 san-

1996 3469 2209 3517 ctorum
2231 3459 2636 3524 testiﬁcabitur,
2657 3459 2793 3515 nihil
2816 3473 3005 3515 eorum
3027 3474 3147 3528 quae
3165 3456 3354 3512 Davidi
3376 3457 3576 3528 iurasti

1996 3554 2278 3624 lapsorum
2324 3568 2487 3618 esse,
2540 3568 2721 3621 neque
2770 3550 2956 3605 irritas
3008 3549 3126 3604 fore
3177 3550 3575 3621 promissiones

1995 3654 2122 3701 tuas
2150 3663 2164 3700 :
2196 3644 2313 3700 fieri
2339 3644 2486 3699 enim
2509 3645 2698 3713 nequit
2723 3650 2774 3696 te
2801 3641 3042 3695 mentiri.
3073 3639 3206 3707 Quis
3226 3642 3371 3696 enim
3399 3655 3577 3711 aequa-

1996 3737 2065 3792 lis
2098 3735 2198 3791 tibi
2224 3735 2333 3790 erit
2363 3734 2419 3788 in
2449 3734 2713 3797 veritate,
2746 3738 2841 3786 aut
2869 3731 2995 3802 quis
3025 3732 3223 3789 similis
3253 3732 3359 3787 erit
3388 3732 3485 3786 tibi
3519 3732 3573 3786 in

1993 3839 2091 3891 eo,
2115 3825 2260 3895 quod
2289 3823 2532 3895 loquaris
2554 3830 2610 3879 et
2633 3822 3026 3892 promissiones
3053 3830 3159 3876 tuae
3183 3820 3351 3878 ﬁrma:
3379 3827 3433 3877 et
3461 3822 3575 3892 ple.

1993 3931 2076 3970 ne
2110 3915 2237 3970 ﬁdei
2281 3914 2567 3970 evadant?
2591 3910 2721 3967 Tuae
2751 3911 2952 3983 quippe
2980 3912 3251 3966 voluntati
3282 3927 3443 3967 nemo
3471 3928 3572 3982 po-

1990 4014 2101 4063 test
2130 4005 2437 4070 obsistere,
2486 4005 2562 4059 ita
2601 4010 2664 4058 ut
2708 4017 2807 4068 ea,
2852 4017 2973 4072 quae
3002 4015 3030 4055 a
3062 4011 3115 4057 te
3146 4002 3314 4057 semel
3346 4001 3570 4058 deﬁnita

1994 4108 2155 4165 sunt,
2184 4105 2429 4161 evertat,
2464 4094 2667 4153 nedum
2699 4110 2761 4152 ea
2792 4112 2914 4167 quae
2944 4109 3068 4150 cum
3096 4094 3413 4165 iuramento
3440 4110 3570 4165 pro-

1992 4189 2165 4245 missa
2207 4194 2380 4254 sunt;
2426 4186 2502 4240 ita
2545 4194 2606 4240 ut
2644 4185 2861 4241 etiamsi
2906 4184 3069 4239 nobis
3112 4191 3239 4237 nota
3277 4198 3387 4236 non
3426 4192 3574 4239 esset

1994 4281 2392 4353 promissorum
2425 4287 2645 4332 tuorum
2676 4277 2880 4333 veritas
2901 4318 2917 4343 ,
2950 4284 3006 4330 at
3042 4275 3175 4330 illud
3218 4275 3385 4343 probe
3426 4276 3571 4329 scia-

1993 4387 2150 4436 mus,
2179 4371 2429 4442 quoniam
2460 4377 2642 4437 potens
2670 4385 2757 4433 es,
2792 4367 3049 4428 Domine,
3081 4375 3132 4420 et
3164 4367 3356 4420 veritas
3392 4374 3481 4419 tua
3515 4367 3570 4419 in

1992 4465 2218 4519 circuitu
2250 4471 2361 4517 tuo.
2401 4460 2597 4518 Omina
2641 4460 2808 4532 igitur
2835 4475 3176 4531 quaecunque
3206 4458 3445 4514 volueris
3475 4474 3571 4528 po-

1992 4566 2114 4620 tes,
2156 4564 2213 4611 et
2238 4553 2628 4626 praedictorum
2668 4551 2735 4607 de
2782 4551 2988 4606 Davide
3036 4552 3327 4607 verborum
3368 4559 3569 4605 veritas

275 4652 480 4721 λόγων
516 4662 610 4699 σου
639 4644 747 4698 τῶν
772 4644 902 4715 περὶ
928 4640 1024 4695 τοῦ
1043 4640 1209 4695 Δαυῒδ
1229 4641 1650 4715 προρρηθέντων
1691 4643 1727 4709 ἡ
1754 4641 1887 4712 ἀλή-

1995 4648 2139 4703 eirea
2170 4655 2223 4702 te
2250 4646 2531 4714 volvitur;
2564 4643 2640 4698 ita
2673 4651 2733 4698 ut
2761 4644 3017 4699 omnibus
3038 4682 3053 4707 ,
3090 4642 3182 4713 qui
3211 4643 3357 4696 circa
3389 4652 3440 4697 te
3473 4657 3570 4711 po-

276 4745 419 4800 θεια
452 4737 609 4809 ἀμφὶ
638 4739 699 4791 σε
719 4735 971 4789 εἱλεῖται·
1007 4733 1083 4796 ὡς
1106 4735 1242 4786 πᾶσι
1271 4733 1370 4805 μὲν
1391 4736 1505 4798 τοῖς
1528 4733 1654 4806 περὶ
1684 4734 1746 4786 σὲ
1773 4728 1892 4788 οὖσι

1995 4738 2086 4797 siti
2115 4745 2245 4794 sunt
2272 4745 2327 4793 et
2355 4736 2613 4792 deitatem
2644 4735 2849 4806 stipant
2879 4742 3029 4789 tuam
3051 4775 3066 4799 ,
3101 4741 3230 4787 nota
3261 4732 3363 4801 sit,
3398 4733 3467 4788 ab
3498 4733 3570 4789 iis

274 4836 382 4901 καὶ
420 4830 535 4900 τὴν
559 4826 656 4897 σὴν
687 4824 915 4896 θεότητα
937 4821 1300 4894 δορυφυροῦσι
1332 4821 1717 4890 γινώσκεσθαι,
1732 4823 1892 4891 ἀγνο-

1995 4846 2127 4887 vero
2155 4830 2248 4901 qui
2279 4828 2473 4901 procul
2503 4838 2555 4884 te
2583 4834 2747 4894 sunt,
2775 4828 3075 4897 ignoretur.

270 4925 480 4984 εἰσθαι
510 4919 701 4981 δὲςτοῖς
735 4915 951 4988 μακρὰν
982 4913 1345 4983 ἀφεστηκόσιν
1371 4914 1480 4967 ἀπὸ
1509 4913 1625 4967 σοῦ.

348 5013 537 5072 Δοκεῖ
578 5009 636 5063 δέ
689 5025 779 5080 μοι
825 5006 912 5061 διὰ
943 5008 1145 5059 τούτων
1166 5006 1195 5058 6
1228 5006 1539 5077 Προφήτης,
1566 5005 1706 5076 ἁγίῳ
1733 5003 1905 5058 Πνεῦ-

269 5126 426 5187 μαιιι
466 5100 849 5174 θεοφορηθεὶς,
878 5098 1118 5161 καὶτοὺς
1135 5098 1234 5169 τῆς
1252 5095 1433 5168 ψυχῆς
1455 5096 1768 5169 ὀφθαλμοὺς
1786 5113 1893 5165 φωο

259 5184 325 5260 ἐὶ
353 5193 557 5270 νοερῷ
581 5190 1002 5261 καταυγασθεὶς,
1025 5189 1127 5260 τὴν
1154 5186 1311 5256 δόξαν
1343 5188 1646 5260 ἑωρακέναι
1669 5187 1762 5242 τοῦ
1786 5189 1899 5241 Μο-

260 5285 561 5364 νογενοῦς
607 5282 702 5337 τοῦ
747 5281 883 5335 Θεοῦ
957 5282 1016 5334 ὲν
1065 5279 1218 5350 μέσῳ
1266 5278 1366 5350 τῆς
1411 5276 1735 5349 Ἐκκλησίας
1778 5276 1891 5333 τῶν

260 5388 477 5458 ἁγίωνπ
500 5376 763 5438 ἑστῶτος,
790 5375 885 5426 καὶ
914 5370 1382 5443 δορυφορουμένων
1424 5368 1530 5423 ὑπὸ
1569 5368 1678 5423 τῶν
1720 5367 1892 5436 ἁγίων

255 5482 385 5536 τῶν
424 5479 494 5530 ἐν
544 5468 796 5540 βασιλείᾳ
832 5463 1018 5518 αὐτοῦ.
1055 5461 1453 5533 Μνημονεύσας
1482 5460 1617 5530 γοῦν
1654 5461 1764 5515 τῶν
1793 5461 1887 5514 οὑ-

260 5568 499 5646 ρανῶν,
535 5559 633 5615 καὶ
682 5556 760 5629 τῷ
811 5554 940 5622 θείῳ
991 5552 1271 5624 Πνεύματι
1306 5552 1618 5616 ὲνατενίσας
1757 5550 1889 5646 frti-iw

255 5642 461 5733 ἆγίων
519 5648 844 5720 Ἐκκλησία,
875 5646 1050 5700 ἔοικεν
1097 5645 1400 5716 ἑωρακέναι
1441 5644 1607 5714 μέσον
1640 5642 1733 5696 τὸν
1756 5642 1885 5696 Υίὸν

250 5752 366 5811 τοῦ
403 5740 567 5801 Θεοῦ
586 5758 602 5774 ο
626 5736 744 5794 εἶτα
769 5738 907 5811 μετά
934 5737 1032 5808 τὴν
1053 5736 1262 5791 ἐκείνου
1289 5736 1614 5807 κατανόησιν
1640 5734 1887 5806 ἐπιστρέ-

252 5859 400 5919 φειν
440 5835 592 5896 τοὺς
632 5831 942 5904 ὀφθαλμοὺς
975 5829 1068 5883 ἐπὶ
1109 5828 1219 5883 τῶν
1248 5828 1408 5919 πέριξ
1434 5826 1882 5919 ἀγίωνῗὲγγέλων

253 5918 365 6003 gat
398 5922 807 6001 ἀρχαγγέλωι,
856 5920 1181 5999 πνευμάτων
1199 5937 1256 5975 τε
1283 5918 1447 5977 θείων
1478 5920 1571 5974 καὶ
1601 5918 1882 5995 δυνάμεων

2063 5004 2143 5059 Ex
2172 5001 2261 5059 his
2293 5016 2460 5074 porro
2486 5000 2706 5058 videtur
2733 4999 2867 5054 mihi
2890 4997 3168 5069 Propheta
3203 4996 3413 5071 Spiritu
3441 5014 3573 5054 san-

1992 5106 2082 5153 cto
2108 5084 2295 5152 divine
2325 5096 2570 5166 repletus
2590 5136 2605 5161 ,
2646 5107 2712 5148 ac
2741 5092 2943 5147 mentis
2967 5091 3148 5147 oculis
3180 5092 3451 5162 spirituali
3483 5094 3569 5146 lu-

1994 5189 2143 5246 mine
2168 5189 2480 5244 illustratus
2499 5228 2515 5252 ,
2544 5183 2777 5257 gloriam
2806 5183 3013 5240 vidisse
3044 5181 3317 5254 Unigeniti
3347 5182 3475 5250 Dei,
3511 5183 3568 5238 in

1990 5280 2170 5337 medio
2192 5279 2450 5338 Ecclesia:
2473 5285 2793 5333 sanctorum
2814 5275 3035 5339 stantis,
3059 5284 3114 5331 et
3136 5284 3451 5331 sanctorum
3472 5276 3568 5347 qui

1991 5372 2049 5426 in
2088 5386 2259 5442 regno
2282 5371 2404 5441 eius
2431 5377 2561 5425 sunt
2588 5367 2938 5422 multitudine
2965 5367 3175 5438 stipati.
3215 5365 3353 5422 Cum
3396 5368 3569 5424 custos

1988 5474 2226 5529 namque
2256 5466 2657 5523 memorasset,
2687 5464 2741 5511 et
2774 5454 2981 5526 Spiritu
3010 5456 3198 5512 divino
3248 5466 3567 5514 satictorum

1990 5547 2291 5606 Eeclesiam
2326 5550 2659 5615 intueretur,
2684 5546 2904 5603 videtur
2936 5549 2991 5604 in
3023 5550 3205 5606 medio
3246 5558 3436 5607 eorum
3474 5551 3571 5608 Fi-

1986 5640 2118 5694 lium
2133 5638 2227 5695 Dei
2253 5640 2627 5710 conspexisse,
2643 5638 2838 5695 deinde
2856 5649 3034 5696 autem
3054 5642 3173 5713 ipso
3193 5644 3564 5712 considerato,

1985 5733 2177 5789 oculos
2208 5730 2422 5789 vertere
2463 5732 2533 5787 ad
2570 5742 2891 5791 sanctorum
2936 5738 3287 5807 angelorum,
3333 5738 3568 5795 archan-

1985 5825 2231 5896 gelorum
2250 5864 2266 5891 ,
2294 5824 2586 5894 spirituum
2610 5824 2921 5883 divinorum
2952 5835 3007 5883 et
3036 5830 3297 5884 virtutum
3331 5833 3564 5887 circum-

1984 5915 2221 5985 positum
2247 5916 2514 5974 chorum:
2559 5916 2754 5974 horum
2797 5918 3137 5976 divinitatem
3169 5922 3394 5989 mirari;
3427 5938 3559 5985 eum
