4074 6384
475 474 616 532 1085

1178 469 1450 526 EUSEBll
1488 469 1964 528 CESARIENSIS
1999 472 2151 528 OPP.
2187 470 2372 527 PARS
2404 469 2493 528 Ill.
2535 499 2606 512 -
2632 467 3044 524 EXEGETICA.

3590 468 3741 525 1036:

480 607 608 646 vero
635 589 725 659 qui
755 602 947 644 omnes
987 587 1231 653 excedit,
1259 603 1449 643 omnes
1488 595 1746 659 superat,
1782 588 2040 660 Unigeni-

2149 589 2299 661 χορόν
2318 607 2331 620 ο
2360 589 2455 642 καὶ
2482 586 2780 658 θαυμάζειν
2803 586 2904 656 τὴν
2931 584 3135 638 τούτων
3170 583 3424 653 θειότητα
3442 600 3457 614 '
3488 583 3736 659 ύπερεκετ

478 691 590 737 tum
619 681 749 745 Dei,
779 695 905 734 cum
936 687 1159 750 stupore
1191 678 1543 735 considerare
1569 699 1582 734 :
1615 679 1811 736 deinde
1839 696 1907 736 ex
1951 680 2049 735 ad-

479 775 763 829 miratione
785 772 900 827 haec
921 771 1072 828 eiiari
1091 812 1105 837 ,
1130 771 1393 837 Quoniam
1413 772 1531 839 quis
1548 773 1601 825 in
1626 770 1848 826 nubibus
1868 789 2050 843 arqua-

479 867 619 921 bitur
645 866 914 923 Domino?
947 865 1065 922 sive
1110 860 1413 920 secundum
1445 865 1870 937 Symmachum,
1913 867 2048 934 Quis

477 960 613 1013 enim
643 960 697 1013 in
725 958 910 1013 (ethera
932 957 1159 1026 conferet
1184 974 1239 1011 se
1254 956 1477 1012 Domino
1505 957 1560 1011 in
1585 954 1713 1027 ﬁliis
1727 958 1828 1013 Dei
1848 961 1874 1014 ?
1902 957 2049 1027 Haec,

477 1051 547 1106 de
578 1049 868 1121 Unigenito
889 1049 985 1105 Dei
1017 1051 1161 1104 dicta
1183 1090 1198 1114 ,
1235 1050 1379 1120 piam
1410 1057 1629 1105 servant
1670 1050 1996 1107 sententiam
2030 1066 2047 1116 ;

479 1142 547 1198 de
575 1141 737 1198 Patre
767 1157 898 1198 vero
928 1157 992 1197 ac
1025 1141 1136 1197 Deo
1176 1143 1559 1197 universorum
1599 1157 1759 1198 secus
1788 1161 1802 1198 :
1847 1142 2051 1211 impro-

479 1234 599 1305 pria
627 1234 772 1288 enim
800 1241 855 1287 et
882 1234 1048 1303 impia
1074 1233 1412 1304 comparatio
1440 1241 1617 1290 essets
1634 1232 1771 1289 Nam
1802 1234 1929 1291 ﬁliis
1955 1232 2052 1290 Dei

479 1324 722 1380 omnium
751 1339 973 1379 causam
1002 1324 1252 1381 conferre
1271 1365 1288 1391 ,
1316 1333 1373 1381 et
1397 1340 1522 1380 eum
1549 1326 1644 1396 qui
1672 1341 1838 1396 supra
1868 1327 2051 1382 omnia

478 1422 564 1470 est
598 1413 740 1470 Deus
772 1414 895 1470 aliis
927 1429 1284 1485 comparare,
1329 1415 1773 1486 improbissimus
1806 1418 2050 1472 omnium

480 1523 650 1565 ausus
675 1517 841 1566 esset.
870 1509 940 1564 At
971 1509 1090 1566 sine
1118 1510 1365 1581 periculo
1394 1510 1569 1568 Filius
1605 1512 1701 1567 Dei
1736 1513 2063 1584 unigenitus

482 1599 610 1655 llliis
649 1599 744 1655 Dei
783 1610 1156 1670 comparatur,
1197 1616 1260 1656 ac
1299 1602 1506 1657 dicitur
1541 1618 1666 1658 cum
1708 1603 2053 1676 incompara-

481 1690 642 1745 bilem
674 1706 823 1757 esse,
851 1707 975 1745 cum
1006 1692 1156 1747 nullo
1186 1691 1578 1748 conferendum
1600 1735 1617 1761 ,
1658 1700 1825 1764 atque
1864 1696 2055 1752 admo—

478 1781 607 1836 dum
629 1784 958 1838 antecellere
975 1784 1241 1840 asseritur
1262 1785 1347 1842 his
1372 1786 1577 1851 verbis,
1599 1787 1732 1854 Quis
1754 1788 1808 1841 in
1829 1788 2059 1843 nubibus

477 1876 777 1945 aquabitur
810 1874 1081 1932 Domino?
1124 1892 1187 1932 ac
1230 1879 1276 1932 si
1317 1878 1553 1944 dicatur,
1596 1895 1776 1937 nemo.
1824 1879 2061 1937 Etiamsi

476 1968 620 2021 enim
648 1967 804 2021 multi
833 1969 1046 2034 sancti,
1071 1977 1124 2024 et
1152 1970 1322 2024 millia
1352 1972 1670 2042 angelorum
1688 2012 1704 2038 ,
1727 1981 1783 2028 et
1808 1972 2053 2031 Ecclesia

475 2054 908 2126 primitivorum,
938 2056 1301 2129 principatus,
1331 2068 1631 2128 potestates
1651 2101 1666 2125 ,
1699 2063 1881 2118 throni
1903 2102 1927 2128 ,.
1950 2063 2053 2119 do-

474 2146 808 2203 minationes
833 2187 850 2209 ,
892 2147 1123 2216 spiritus
1177 2150 1394 2214 sancti,
1443 2151 1679 2207 virtutes
1720 2153 1950 2219 divinae,
1994 2154 2067 2210 in

475 2237 798 2293 caelestibus
820 2238 1154 2293 exercitibus
1174 2250 1485 2306 versentur,
1510 2242 1789 2298 cmlestem
1816 2245 2060 2316 implen-

475 2336 559 2383 tes
591 2326 891 2383 Ecclesiam
919 2348 934 2393 ;
961 2339 1017 2385 at
1041 2333 1199 2401 quis,
1229 2332 1338 2396 ait,
1364 2333 1418 2388 in
1448 2334 1649 2391 aethere
1676 2350 1843 2406 supra
1870 2337 2053 2393 ﬁrma:-

475 2423 719 2471 mentum
752 2417 933 2488 posito
961 2423 1272 2493 aequabitur
1307 2422 1583 2479 Domino?
1619 2425 1776 2491 Quod
1813 2428 1859 2482 si
1891 2428 2063 2484 multis

475 2507 571 2561 lilii
598 2506 692 2563 Dei
725 2517 853 2565 sunt
881 2512 1146 2584 multique
1187 2513 1297 2578 dii,
1348 2516 1650 2572 secundum
1692 2518 1862 2584 illud,
1904 2518 2065 2575 Deus.

472 2601 620 2654 stetit
656 2602 714 2655 in
737 2619 1006 2675 synagoga
1036 2606 1255 2661 deorum
1287 2610 1330 2640 ³³
1352 2624 1367 2674 ;
1392 2615 1484 2675 et,
1524 2608 1665 2665 Deus
1695 2609 1914 2666 deorum
1942 2611 2049 2667 Do-

474 2693 648 2748 minus
691 2693 897 2751 locutus
934 2705 1013 2752 est
1041 2701 1087 2731 "
1113 2739 1128 2760 .
1177 2707 1266 2765 et,
1315 2699 1430 2771 Ego
1465 2700 1618 2769 dixi,
1661 2700 1752 2756 Dii
1803 2705 1963 2769 estis,
1998 2712 2057 2765 et.

473 2784 574 2855 [illi
601 2786 868 2842 Altissimi
896 2806 1072 2845 omnes
1095 2789 1174 2847 “z
1204 2791 1301 2849 sed
1322 2794 1438 2864 quis
1462 2794 1659 2849 similis
1686 2795 1789 2850 erit
1820 2794 2048 2851 Domino

473 2877 528 2930 in
559 2876 689 2947 ﬁliis
733 2878 830 2933 Dei
855 2882 881 2936 ?
920 2879 1055 2935 Nam
1104 2898 1230 2938 cum
1281 2885 1560 2942 innumeri
1609 2886 1733 2957 ejus
1780 2886 1875 2944 lilii
1904 2891 2055 2956 sint,

471 2984 673 3037 nemo,
721 2971 934 3043 inquit,
983 2974 1115 3031 huic
1162 2978 1360 3035 similis
1406 2979 1550 3045 erit,
1582 2988 1680 3035 aut
1716 2983 2058 3053 aequabitur,

474 3067 663 3128 utpote
701 3061 796 3130 qui
834 3064 1044 3120 electus
1071 3065 1176 3130 sit,
1204 3068 1519 3139 unigenitus
1547 3077 1604 3125 et
1645 3072 2047 3145 primogenitus

473 3149 656 3205 omnis
683 3159 970 3221 creatum,
1007 3152 1247 3210 Verbum
1278 3156 1408 3211 item
1438 3167 1493 3214 et
1538 3159 1829 3230 sapientia,
1868 3160 2057 3218 virtus

2147 681 2478 754 πλήττεσθαι
2501 681 2558 735 δὲ
2580 680 2673 733 τὸν
2697 678 2955 732 ἐπέκεινα
2979 678 3215 736 πάντων,
3243 676 3338 729 καὶ
3364 675 3505 746 ὑπὲρ
3526 678 3738 743 πάντας

2146 772 2238 828 τὸν
2259 773 2537 843 Μονογενῆ
2562 770 2656 824 τοῦ
2682 768 2818 823 Θεοῦ
2839 785 2854 800 ⁸
2889 764 2987 822 εἴτ’
3017 770 3081 823 ἐκ
3112 768 3206 822 τοῦ
3233 767 3513 839 θαύματος
3539 769 3741 824 ἀναπε-

2149 864 2456 936 φωνηκέναι
2483 863 2573 917 τό’
2602 863 2720 915 Ὅτι
2749 861 2844 924 τίς
2867 860 2937 913 ὲν
2964 859 3245 929 νεφέλαις
3267 858 3453 925 ὶσωθή
3463 874 3633 913 σεται
3659 859 3737 925 τῷ

2148 956 2379 1023 Κυρίῳ;
2426 955 2460 1026 ἢ
2508 952 2651 1009 κατά
2692 952 2784 1005 τὸν
2810 950 3101 1021 Σύμμαχον
3126 968 3141 982 ο
3181 951 3275 1016 Τίς
3305 949 3414 1020 γὰρ
3451 950 3524 1004 ἐν
3550 951 3736 1019 αἰθέρι

2150 1047 2617 1117 ἀντιπαραθήσει
2645 1045 2725 1113 τῷ
2756 1047 2952 1116 Κυρίῳ
2978 1046 3048 1099 ἐν
3073 1042 3223 1109 υιοῖς
3246 1042 3431 1106 Θεοῦ;
3466 1041 3648 1096 Ταῦτα
3673 1044 3732 1096 δὲ

2151 1144 2280 1215 περὶ
2325 1144 2423 1213 μὲν
2474 1140 2570 1196 τοῦ
2616 1139 2955 1208 Μονογενοῦς
2990 1137 3084 1192 τοῦ
3116 1134 3251 1189 Θεοῦ
3278 1134 3538 1205 λεγόμενα
3566 1134 3737 1199 σώζοι.

2151 1234 2219 1288 ἂν
2255 1232 2456 1303 εὐσεϐῆ
2483 1233 2583 1304 τὴν
2605 1230 2866 1295 διάνοιαν,
2896 1229 2956 1282 οὐ
2988 1228 3086 1299 μὲν
3119 1224 3359 1297 περὶτοῦ
3399 1224 3601 1296 [ἰατρὸς
3631 1225 3736 1278 καὶ.

2152 1324 2288 1379 Θεοῦ
2317 1325 2425 1378 τῶν
2449 1324 2585 1378 ὅλων
2603 1340 2617 1354 ’
2641 1322 2910 1384 ἀνοίκειος
2939 1319 3050 1391 γὰρ
3078 1319 3173 1372 καὶ
3200 1317 3402 1388 ἀσεϐὴς
3433 1318 3467 1387 ἠ
3496 1316 3735 1384 παράθες

2155 1433 2258 1481 σις.
2292 1415 2365 1470 Τὸ
2414 1416 2524 1488 γάρ
2570 1416 2707 1479 υἱοῖς
2736 1411 2873 1468 Θεοῦ
2910 1410 3281 1483 παραϐάλλειν
3314 1411 3374 1462 τὸ
3405 1409 3622 1464 πάντων
3648 1409 3741 1462 αῖ·-

2150 1527 2285 1576 τιον,
2316 1510 2410 1563 καὶ
2439 1509 2499 1562 τὸ
2538 1508 2851 1580 συγκρίνειν
2893 1506 3100 1578 ἑτέροις
3131 1504 3334 1576 τολμᾷν
3358 1504 3449 1558 τὸν
3482 1503 3735 1558 ἐπέκεινα

2153 1602 2263 1655 τῶν
2283 1602 2419 1655 ὅλων
2440 1600 2592 1664 Θεὸν,
2617 1600 2834 1653 πάντων
2854 1598 2920 1653 ἂν
2935 1597 3145 1667 γένοιτο
3167 1594 3549 1651 ἀνοσιώτατον.
3567 1596 3737 1649 ’Δκίν-

2153 1693 2309 1756 δυνος
2352 1692 2397 1746 δ’
2420 1691 2486 1745 ἂν
2536 1691 2622 1762 εἴη
2671 1692 2700 1744 6
2743 1690 2899 1759 λόγος
2932 1691 3071 1752 υἱοῖς
3100 1687 3234 1741 Θεοῦ
3267 1687 3571 1759 συγκρίνων
3607 1687 3747 1741 Υίὸν-

2154 1776 2289 1831 Θεοῦ
2326 1778 2608 1849 μονογενῆ,
2627 1777 2721 1831 καὶ
2746 1776 2808 1830 τὺ
2827 1777 2963 1850 πρὸς
2986 1776 3192 1840 πάντας
3215 1775 3544 1846 ἀσύγκριτον
3568 1776 3756 1830 αὑτοῦ.

2155 1870 2249 1923 καὶ
2275 1868 2638 1942 ἁπαράθετον,
2668 1868 2788 1922 καθ’
2818 1868 3123 1941 ὑπερϐολήν
3148 1885 3207 1921 τε
3234 1868 3497 1940 ὑπερέχον
3539 1868 3738 1939 σημαί-

2154 1979 2265 2015 νειν
2296 1960 2384 2014 διὰ
2416 1961 2510 2014 τοῦ
2529 1978 2542 1991 ο
2579 1962 2674 2027 Τίς
2685 1961 2771 2013 -ἑν
2800 1961 3083 2030 νεφέλαις
3126 1959 3481 2025 ίσωθήσεται
3516 1956 3597 2024 τῷ
3617 1962 3737 2013 Κυ-

2144 2054 2286 2121 ριῳς
2314 2053 2435 2106 ἀντὶ
2481 2052 2598 2116 τοῦ,
2640 2052 2837 2117 οὐδείς.
2872 2054 2934 2107 El
2957 2053 3067 2125 γὰρ
3109 2052 3206 2107 καὶ
3243 2052 3430 2106 πολλοὶ
3469 2052 3616 2121 ἀγιοι
3641 2052 3755 2105 καὶ.

2155 2144 2413 2216 μυριάδες
2448 2145 2716 2213 ἀγγέλων,
2741 2145 2838 2198 καὶ
2874 2145 3169 2217 Ἐκκλησία
3202 2144 3585 2217 πρωτοτόκων,
3632 2146 3734 2215 ἀρ-

2150 2237 2244 2308 χαί
2276 2254 2333 2289 τε
2368 2236 2463 2291 καὶ
2490 2236 2731 2302 ἐξουσίαι
2762 2238 2858 2291 καὶ
2886 2238 3065 2310 θρόνοι
3100 2239 3194 2292 καὶ
3214 2238 3551 2310 κυριότητες,
3575 2239 3736 2291 πνεύι⁹

2155 2329 2301 2401 ματά
2325 2345 2386 2381 τε
2419 2327 2573 2397 ἅγια,
2609 2329 2705 2383 καὶ⁵
2729 2328 2987 2399 δυνάμεις
3020 2330 3160 2384 θεῖαι
3186 2332 3243 2383 ἐν
3272 2332 3394 2392 ταῖς
3422 2330 3542 2382 κατ’
3572 2328 3721 2399 ούραη

2150 2421 2240 2476 νὺν
2274 2424 2551 2493 στρατιαῖς
2576 2420 2969 2487 πολιτεύονται,
2999 2422 3099 2493 τὴν
3132 2423 3452 2493 ἐπουράνιον
3482 2419 3733 2491 συμπλη-

2154 2514 2372 2586 ροῦντες
2415 2514 2769 2585 Ἐκκλησίαν
2798 2512 2935 2567 ἀλλὰ
2974 2514 3077 2578 τίς,
3113 2514 3297 2584 φησὶν,
3329 2515 3388 2567 ἐν
3428 2512 3508 2583 τῷ
3554 2512 3735 2585 αἰθέρι

2149 2606 2226 2677 τῷ
2252 2606 2510 2661 ἐπέκεινα
2533 2604 2626 2659 τοῦ
2652 2605 3030 2678 στερεώματος
3061 2605 3384 2678 ίσωθήσεται
3408 2604 3486 2669 τῷ
3511 2605 3733 2675 Κυρίω;

2149 2700 2213 2753 El
2235 2699 2291 2753 δὲ
2310 2699 2491 2753 πολλοὶ
2513 2698 2621 2751 υἱοὶ
2644 2697 2780 2752 Θεοῦ
2803 2700 2896 2752 καὶ
2920 2697 3033 2752 θεοὶ
3054 2696 3195 2752 κατά
3212 2697 3275 2752 τό
3294 2713 3309 2728 ·
3337 2698 3393 2751 '0
3419 2697 3565 2764 Θεὸς
3584 2697 3734 2764 ἔστη

2147 2789 2219 2845 ἐν
2253 2788 2578 2860 συναγωγῇ
2614 2790 2787 2853 θεῶν,
2820 2788 2948 2844 καί·
2985 2788 3130 2856 Θεὸς
3161 2788 3314 2846 θεῶν
3340 2788 3555 2857 Κύριος
3598 2786 3731 2842 ἐλά-

2146 2884 2324 2949 λησε,
2363 2882 2495 2936 καίο
2536 2879 2677 2951 Ἐγὼ
2705 2876 2910 2935 εἶπον-ο
2947 2879 3082 2935 Θεοί
3106 2880 3269 2944 ἐστε,
3295 2878 3394 2933 καὶ
3419 2877 3539 2934 υἱοὶ
3573 2878 3729 2947 ’Υψι-

2147 2984 2300 3025 στου
2327 2971 2550 3038 πάντες
2569 2988 2583 3002 ’
2610 2970 2744 3024 ἀλλὰ
2777 2971 2867 3037 Τίς
2891 2969 3317 3041 ὁμοιωθήσεται
3346 2967 3425 3034 τῷ
3450 2967 3646 3038 Κυρίῳ
3667 2968 3733 3023 ἐν

2146 3062 2299 3129 υἱοῖς
2331 3062 2513 3125 Θερῦ;
2556 3063 2782 3135 Μυρίων
2825 3062 2935 3132 γὰρ
2980 3062 3149 3116 ὅντων
3179 3061 3332 3129 υἱῶν,
3359 3061 3553 3125 οὐδεὶς,
3582 3060 3759 3133 φησὶ..

2146 3151 2322 3225 τούτῳ
2352 3154 2772 3225 ὁμοιωθήσεται,
2801 3153 2922 3206 οὐδὲ
2948 3151 3360 3223 ἐξισωθήσεται,
3388 3151 3629 3223 ἐκλεκτῷ
3654 3154 3732 3206 ὅτι

471 3251 528 3294 et
557 3241 821 3311 sapientia
848 3243 962 3301 Dei.
1010 3244 1251 3316 Mihique
1279 3248 1495 3304 videtur
1546 3250 1745 3306 horum
1793 3253 2044 3308 notitiam

2149 3246 2244 3298 καὶ
2272 3247 2551 3315 μονογενεῖ
2586 3244 2680 3297 καὶ
2714 3242 3045 3315 πρωτοτόκῳ
3071 3243 3251 3311 πάσης
3296 3243 3549 3307 κτίσεως,
3577 3243 3733 3314 Λόγῳ

472 3331 528 3386 in
558 3331 993 3402 praecedentibus
1023 3337 1272 3403 tradere,
1318 3354 1444 3394 cum
1492 3341 1569 3395 ait
1596 3360 1611 3396 :
1643 3342 2049 3412 Conﬁtebunlur

471 3423 589 3478 caeli
622 3424 893 3479 mirabilia
925 3435 1037 3481 tua.
1086 3426 1368 3500 Siquidem
1400 3446 1469 3486 ex
1499 3430 1849 3489 mirabilibus
1877 3450 2048 3489 unum

472 3515 579 3571 hoc
602 3524 720 3573 erat
736 3556 752 3584 ,
780 3520 925 3588 quod
951 3520 1208 3593 deinceps
1234 3522 1302 3578 de
1316 3520 1610 3594 Unigenito
1634 3522 1730 3580 Dei
1757 3525 2047 3583 additurus

470 3612 621 3671 erat,
652 3614 707 3661 et
731 3607 947 3677 quidem
976 3611 1310 3666 necessario.
1340 3609 1478 3677 Quia
1506 3611 1651 3667 enim
1682 3613 1834 3668 illum
1865 3629 1933 3670 ex
1962 3630 2049 3671 se-

473 3695 622 3751 mine
649 3695 821 3754 David
849 3701 1191 3756 nasciturum
1218 3718 1343 3759 esse
1361 3744 1377 3770 ,
1409 3704 1464 3758 in
1491 3704 1778 3776 prophetia
1805 3706 2048 3761 indican-

471 3786 604 3842 dum
647 3798 799 3858 erat,
843 3790 1098 3848 deitatem
1141 3793 1264 3863 ejus
1303 3795 1398 3866 qui
1440 3795 1495 3850 in
1540 3796 1662 3867 ipso
1701 3797 2047 3856 habitaturus

470 3885 591 3933 erat
642 3887 803 3935 antea
856 3884 1369 3954 contemplabatur;
1412 3894 1472 3941 ut
1514 3903 1623 3942 una
1672 3887 2047 3948 edisceremus

470 3986 593 4042 quae
623 3970 801 4028 virtus
845 3973 899 4028 in
954 3974 1075 4044 ipso
1123 3975 1434 4031 habitatura
1478 3987 1660 4045 esset,
1692 3987 1746 4036 et
1776 3981 2047 4037 sciremus

470 4061 649 4131 ipsum
693 4065 913 4135 quidem
965 4066 1137 4121 tilium
1178 4083 1302 4125 esse
1344 4068 1611 4135 Davidis,
1637 4088 1761 4129 eum
1790 4090 1922 4132 vero
1952 4074 2047 4146 qui

472 4149 529 4205 in
560 4151 681 4223 ipso
708 4154 1057 4212 habitaturus
1086 4164 1269 4225 esset,
1302 4157 1502 4215 Filium
1534 4159 1655 4218 Dei.

549 4332 718 4391 Vsus.
761 4335 814 4392 8.
856 4334 996 4391 Deus
1024 4337 1114 4407 qui
1141 4336 1474 4408 gloriﬁcatur
1501 4341 1558 4394 in
1584 4342 1806 4397 consilio
1833 4345 2046 4398 sancta-

472 4442 587 4480 rum
608 4470 623 4494 ,
654 4442 873 4496 magnus
896 4435 947 4480 et
969 4427 1218 4481 terribilis
1243 4444 1400 4498 super
1425 4446 1601 4484 omnes
1627 4433 1717 4502 qui
1739 4434 1792 4486 in
1818 4434 2049 4487 circuitu

2148 3351 2209 3387 τε
2236 3336 2400 3406 σοφίᾳ
2431 3334 2528 3389 καὶ¹
2551 3334 2779 3403 δυνάμει
2819 3332 2913 3386 καὶ
2952 3331 3115 3401 σοφίᾳ
3142 3330 3300 3385 Θεοῦ.
3332 3332 3442 3383 Καί
3474 3349 3564 3407 μοι
3593 3333 3732 3386 δοκεῖ

2146 3423 2245 3495 τὴν
2273 3421 2476 3477 τούτων
2503 3421 2704 3491 γνῶσιν
2728 3421 2815 3474 διὰ
2838 3421 2946 3475 τῶν
2970 3420 3227 3493 ἀνωτέρω
3250 3418 3554 3492 σημαίνειν,
3572 3421 3630 3475 ἐν
3654 3417 3731 3485 οἷς

2148 3512 2253 3585 ἔφη
2273 3529 2285 3541 ·
2337 3512 2918 3583 Ἐξομολογήσονται
2947 3516 3001 3566 οι
3034 3511 3281 3581 οὐρανοὶ
3314 3510 3389 3566 τὰ
3434 3510 3730 3582 θαυμάσιά

2146 3605 2393 3660 σου.“Εν
2441 3604 2551 3677 γὰρ
2601 3603 2711 3660 τῶν
2766 3604 3085 3676 θαυμασίων
3133 3605 3228 3658 καὶ
3279 3603 3435 3658 τοῦτο
3480 3598 3570 3675 ἦν,
3598 3605 3730 3675 ὅπερ

2149 3699 2384 3770 ῆμελλεν
2431 3697 2561 3769 ἑξῆς
2608 3698 2882 3768 ἐπιλέγειν
2935 3698 3065 3771 περὶ
3112 3697 3209 3751 τοῦ
3258 3697 3596 3767 Μονογενοῦς
3642 3696 3731 3751 τοῐ

2146 3791 2283 3845 Θεοῦ
2306 3808 2319 3821 ·
2352 3792 2669 3857 ἀναγκαίως
2697 3791 2787 3845 δέ’
2817 3790 3008 3863 ἐπειδὴ
3038 3790 3241 3863 ῆμελλε
3269 3790 3360 3843 τὸν
3391 3792 3455 3844 ἐκ
3489 3790 3730 3862 σπέρμα-

2146 3904 2239 3950 τος
2261 3885 2424 3939 Δαυῒδ
2446 3885 2809 3956 γενησόμενον
2831 3883 2919 3937 διὰ
2938 3884 3038 3955 τῆς
3061 3883 3397 3955 προφητείας
3430 3883 3731 3955 σημαίνειν,

2146 3979 2246 4051 τὴν
2277 3978 2508 4058 θεότητα
2539 3977 2633 4030 τοῦ
2670 3978 3091 4047 κατοικήσοντος
3121 3979 3178 4030 ἐν
3214 3975 3363 4047 αύτῷ
3395 3976 3699 4049 προθεωρεῖ
3718 3990 3731 4008 ο

2147 4067 2223 4130 ὡς
2255 4065 2321 4121 ἂν
2353 4066 2488 4138 ὁμοῦ
2523 4065 2812 4138 μάθοιμεν,
2840 4064 2923 4129 τίς
2970 4067 3004 4137 ἠ
3057 4064 3327 4137 μέλλουσα
3366 4068 3640 4119 κατοικεῖν
3678 4066 3755 4119 ἐν.

2146 4156 2296 4213 αύτῶ
2316 4157 2566 4229 δύναμις,
2611 4157 2707 4211 καὶ
2736 4156 2813 4220 ὡς
2837 4158 2866 4209 6
2900 4157 2999 4228 μὲν
3032 4157 3147 4221 υίὸς
3176 4151 3246 4227 ἦν
3277 4154 3455 4222 Δαυῒδ,
3498 4158 3527 4210 6
3565 4156 3622 4209 δὲ
3675 4156 3757 4210 ἐν-

2147 4250 2298 4323 αὐτῷ
2330 4252 2673 4323 κατοικήσων
2688 4249 2833 4313 ’Υἱὸς
2862 4249 2955 4303 τοῦ
2988 4247 3145 4303 Θεοῦ.

2231 4345 2285 4398 '0
2323 4344 2469 4411 Θεὸς
2493 4340 2964 4412 ἐνδοξαζόμενος
3000 4341 3070 4395 ἐν
3094 4338 3299 4409 ,βουλῇ
3323 4339 3527 4410 ἁγίων,
3549 4339 3755 4411 μέγας

2150 4435 2251 4490 καὶ
2287 4433 2539 4505 φοϐερὸς
2577 4432 2677 4486 ἐπὶ
2725 4432 2958 4498 πάντας
2989 4431 3131 4498 τοὺς
3161 4432 3501 4500 περικύκλῳ
3524 4430 3760 4487 αὐτοῦ..

467 4519 583 4587 ejus
613 4526 757 4576 sunt.
784 4516 1016 4584 Quinam
1051 4518 1123 4572 sit
1148 4518 1195 4573 is
1219 4519 1313 4589 qui
1340 4536 1466 4576 cum
1496 4523 1714 4578 nemine
1736 4525 2047 4594 comparari

2152 4526 2256 4580 Τὸν
2277 4524 2354 4597 μὴ
2398 4524 2593 4595 ἔχοντα
2640 4522 2929 4593 σύγκρισιν
2953 4563 2969 4588 ,
3027 4523 3163 4595 μηδὲ
3213 4522 3517 4595 παράθεσιν
3541 4564 3557 4590 ,
3599 4526 3730 4596 μηδὲ

470 4612 554 4665 vel
583 4610 821 4665 conferri
854 4610 1066 4680 possit,
1094 4610 1368 4666 neminem
1415 4612 1650 4668 similem
1694 4593 1950 4671 admittat
1989 4618 2046 4672 in

2149 4593 2586 4690 ὁμοίωσιν-πρός
2625 4633 2750 4670 τινα
2794 4616 2905 4668 τῶν
2951 4593 3359 4689 ὠνομασμένων
3388 4615 3519 4671 υἱῶν
3564 4593 3732 4683 Θεοῦ,

471 4701 540 4756 iis
572 4702 663 4771 qui
698 4702 795 4756 lilii
826 4700 923 4757 Dei
952 4709 1242 4766 vocantur,
1278 4702 1366 4757 hic
1395 4704 1642 4760 declarat
1669 4706 1862 4763 dicens
1892 4728 1905 4764 :
1941 4711 2046 4764 Hic

2149 4708 2329 4773 ὁποῖός
2373 4708 2457 4771 τίς
2505 4710 2622 4761 ἐστι
2655 4706 2953 4778 παρίστησι
3005 4706 3211 4777 λέγων’
3255 4703 3448 4774 Οὗτός
3492 4709 3663 4762 ἐστιν
3700 4713 3735 4764 ὸ

468 4801 548 4846 est
598 4792 773 4862 Deus,
819 4797 909 4866 qui
950 4794 1290 4867 gloriﬁcatur
1331 4799 1388 4851 in
1438 4798 1665 4853 consilio
1712 4810 2043 4858 sanctorum.

468 4884 772 4940 Consilium
806 4895 987 4943 autem
1014 4898 1328 4946 sanctorum
1357 4891 1470 4961 jam
1495 4906 1661 4960 supra
1691 4892 1830 4948 dixit
1861 4892 2051 4951 Eccle-

465 4975 606 5031 siam
636 4984 952 5033 sanctorum
978 4996 1135 5048 esse,
1160 4982 1485 5053 videturque
1511 4980 1814 5041 Ecclesium
1840 4989 2050 5057 primo-

466 5062 776 5139 genitorum
798 5109 814 5135 ,
851 5071 945 5141 qui
974 5072 1239 5147 descripti
1271 5082 1403 5130 sunt
1433 5075 1488 5129 in
1519 5077 1711 5142 cmlis,
1746 5079 2042 5135 consilium

468 5163 790 5229 nominare,
824 5164 1061 5236 quadam
1105 5167 1291 5224 habita
1334 5170 1546 5226 ratione
1589 5170 1657 5225 ad
1691 5179 1920 5227 senatus
1948 5172 2043 5241 qui

467 5254 636 5309 variis
684 5254 741 5309 in
789 5254 930 5311 locis
973 5256 1265 5314 exsistunt.
1316 5258 1375 5313 In
1432 5258 1538 5313 hoc
1579 5267 1763 5314 autem
1810 5262 2045 5316 consilio

468 5353 787 5401 sanctorum
853 5346 1027 5418 gloria
1091 5349 1212 5419 ejus
1276 5350 1630 5414 celebratur,
1685 5351 1780 5421 qui
1832 5353 2042 5407 nullam

468 5441 935 5507 comparationem
975 5441 1061 5495 vel
1096 5442 1509 5498 similitudinem
1542 5443 1782 5499 admittit
1811 5459 1941 5499 cum
1974 5445 2044 5502 iis

469 5525 561 5597 qui
602 5528 692 5582 lilii
728 5529 824 5585 Dei
858 5538 1162 5586 vocantur:
1193 5549 1372 5605 neque
1403 5535 1580 5590 solum
1614 5535 1954 5606 gloriﬁcatur
1986 5537 2044 5590 in

428 5624 431 5629 λ
472 5615 706 5670 consilio
739 5627 1090 5685 sanctorum,
1123 5622 1219 5676 scd
1258 5622 1421 5679 etiam
1457 5625 1720 5680 terribilis
1747 5634 1834 5682 est
1875 5642 2044 5697 super

471 5714 667 5758 omnes
696 5705 788 5772 qui
815 5706 873 5759 in
907 5706 1140 5763 circuitu
1169 5711 1291 5779 ejus
1322 5719 1471 5767 sunt.
1508 5713 1741 5779 Quinam
1773 5725 1954 5772 autem
1989 5716 2043 5771 in

2150 4799 2296 4866 Θεὸς
2335 4803 2367 4856 ό
2413 4799 2878 4869 ἐνδοξαζόμενος
2918 4801 2988 4855 ἐν
3021 4800 3096 4869 τῇ
3133 4800 3339 4869 βουλῇ
3379 4799 3497 4854 τῶν
3527 4801 3761 4871 ἁγίων..

2150 4875 2367 4962 Βουλὴν
2389 4891 2446 4944 δὲ
2495 4892 2669 4960 ἁγίων
2701 4893 2964 4962 προσεῖπε
3003 4892 3101 4963 τὴν
3151 4892 3412 4964 ἀνωτέρω
3451 4891 3761 4963 λεχθεῖσανκ

2160 4983 2488 5054 Ἐκκλησίαν
2529 4984 2699 5053 ἁγίων
2720 5001 2733 5015 ’
2774 4986 2869 5039 καὶ
2905 4984 3069 5057 ἐῴκει
3097 4986 3198 5058 τὴν
3248 4987 3575 5059 Ἐκκλησίαν
3623 4989 3732 5045 τῶν

2148 5077 2512 5149 πρωτοτόκων
2549 5076 2658 5131 τῶν
2698 5078 3209 5149 ἀπογεγραμμένων
3234 5080 3290 5131 ἐν
3328 5081 3578 5152 οὐρανοῖς
3612 5081 3733 5152 βου-

2148 5168 2246 5241 λὴν
2272 5167 2640 5238 ὠνομακέναι,
2668 5169 2947 5237 ἀναλόγως
2982 5171 3096 5234 τοῖς
3135 5171 3277 5224 κατὰ
3322 5171 3485 5225 τόπον
3514 5172 3733 5243 βουλευ-

2149 5262 2378 5333 τηρίοις.
2422 5262 2508 5314 Ἐν
2537 5261 2708 5333 ταύτῃ
2737 5261 2795 5314 δὲ
2825 5263 2891 5332 τῇ
2929 5258 3089 5333 βουλῇ
3112 5261 3222 5316 τῶν
3254 5263 3425 5331 ἁγίων
3458 5263 3734 5332 ἐνδοξαζόο

2152 5350 2312 5420 μενός
2335 5351 2482 5404 ἐστιν
2501 5351 2530 5402 6
2555 5350 2631 5421 μὴ
2662 5348 2802 5419 ἔχων
2827 5349 3131 5422 σύγκρισιν,
3157 5351 3293 5422 μηδέ
3318 5353 3575 5424 ὁμοίωσιν
3597 5355 3731 5427 πρὸς

2145 5441 2270 5504 τοὺς
2303 5439 2736 5511 ὀνομαζομένους
2771 5441 2921 5505 υἱοὺς
2960 5441 3096 5495 Θεοῦ
3118 5459 3131 5473 ⁸
3169 5443 3263 5495 καὶ
3298 5443 3359 5496 ού
3398 5444 3557 5515 μόνον
3585 5444 3733 5499 ἐνδο-

2148 5531 2443 5603 ξαξόμενός
2471 5535 2620 5586 ἐστιν
2662 5535 2720 5588 ἐν
2765 5536 2831 5605 τῇ
2887 5533 3046 5607 βουλῇ
3080 5534 3189 5588 τῶν
3229 5536 3422 5603 ἁγίων,
3449 5535 3587 5590 ἀλλὰ
3633 5537 3730 5591 καὶ

2148 5622 2380 5695 φοϐερὸς
2403 5624 2639 5694 ύπάρχει
2664 5625 2758 5679 ἐπὶ
2804 5627 3011 5690 πάντας
3040 5627 3164 5691 τοὺς
3198 5628 3510 5700 περικύκλῳ
3536 5627 3727 5683 αὐτοῦ.

2146 5716 2305 5780 Τίνες
2327 5716 2372 5770 δτ
2397 5716 2463 5771 ἂν
2513 5713 2623 5771 εἷεν
2665 5721 2714 5773 οί
2764 5719 3078 5792 περικύκλῳ
3112 5720 3279 5774 αὑτοῦ
3321 5721 3437 5775 ἀλλ’
3466 5721 3498 5794 ἢ
3533 5723 3585 5776 οί
3620 5720 3750 5776 υἱοὶ.

552 5873 593 5905 ’³
636 5874 776 5932 Psal.
815 5895 975 5935 Lux:
1004 5924 1016 5946 ,
1058 5885 1102 5937 l.
1182 5888 1224 5918 ἰ
1266 5888 1411 5945 Psal.
1444 5907 1608 5956 xm,
1655 5896 1700 5950 Ι.
1784 5898 1827 5927 ⁸³
1869 5895 2015 5952 Psal.
2060 5910 2262 5959 unt,
2303 5896 2369 5951 6..
