4074 6374
342 489 486 548 1085

1401 487 1915 541 COMMENTABIA
1957 487 2022 540 IN
2065 486 2400 543 PSALMOS'.

3463 492 3601 548 1086

334 604 432 660 τοῦ
475 605 646 669 Θεοῦ,
697 603 790 656 xui
832 602 988 656 αὐτοὶ
1035 601 1146 654 θεοὶ
1189 599 1660 671 χρηματίζοντες,
1708 601 1772 652 δι’
1827 600 1920 665 οὒς

2025 603 2257 656 circuitu
2287 602 2408 671 ejus
2436 600 2670 665 fuerint,
2715 602 2819 656 nisi
2853 602 2943 656 lilii
2978 601 3104 666 Dei,
3135 603 3225 673 qui
3251 611 3306 658 et
3333 604 3435 674 ipsi
3461 621 3587 675 quo-

335 699 570 769 εἴρηται,
601 697 656 748 '0
687 695 830 760 Θεὸς
853 695 1001 759 ἔστη
1027 694 1096 746 ἐν
1121 692 1441 761 συναγωγῇ
1463 691 1614 745 θεῶν
1629 709 1647 757 ;
1671 695 1780 746 Καὶ
1809 694 1919 765 γὰρ

333 789 414 853 τὸ,
455 790 556 842 Ἐν
577 785 783 854 ,Βουλῆ
808 786 1010 854 άγίων,
1041 784 1237 846 καὶτὸ,
1277 785 1380 836 Ἑν
1412 785 1714 852 ἐκκλησίᾳ
1765 799 1910 854 πρω-

332 881 614 938 τοτόκων.
644 877 738 930 καὶ
766 877 847 938 τὸ,
887 877 982 928 Ἑν
1011 872 1334 942 συναγωγῇ
1366 873 1538 939 θεῶν,
1579 874 1636 926 ἓν
1664 875 1758 927 xui
1792 893 1919 928 ταυ-

330 973 423 1024 τὸν
456 965 593 1022 εἷναί
629 986 716 1039 μοι
738 968 900 1020 δοκεῖ.
920 965 1136 1019 Τούτων
1161 964 1448 1036 τοιγαροῦν
1474 966 1532 1018 ὲν
1569 965 1717 1037 μέσῳ
1745 965 1918 1030 ἑστὼς

336 1061 422 1114 καὶ
471 1061 576 1112 ὑπὸ
623 1059 828 1111 τούτων
868 1057 1336 1128 δορυφορούμενος
1391 1059 1420 1109 ὁ
1454 1056 1580 1120 Υἱὸς
1618 1057 1713 1110 τοῦ
1758 1058 1915 1124 Θεοῦ,

331 1149 747 1221 ἔνδοξαζόμενος
776 1151 990 1221 εἴρηται
1026 1150 1120 1203 xui
1152 1149 1324 1220 μέγας
1359 1149 1452 1202 xui
1479 1149 1730 1221 φοϐερός.
1757 1151 1824 1205 ’Ὀ
1854 1167 1916 1219 γε

337 1244 443 1316 μὴν
484 1243 778 1313 Σύμμαχος
827 1242 895 1294 τὰ
949 1241 1286 1312 προκείμενα
1328 1240 1515 1293 τοῦτον
1567 1241 1795 1307 ἐξέδωκε
1826 1242 1918 1294 τὸν

331 1337 568 1408 τρόπον·
610 1335 718 1389 est
745 1335 1001 1402 άήττητε
1031 1335 1101 1387 ἑν
1129 1334 1333 1402 ὁμιλίᾳ
1364 1333 1548 1402 άτίων
1568 1333 1791 1401 πολλῇ,
1819 1335 1916 1388 καὶ

333 1430 616 1499 ἐπίφοϐος
641 1429 710 1482 ἐν
737 1425 886 1482 πᾶσι
911 1427 1034 1491 τοῖς
1064 1426 1196 1494 περὶ
1231 1425 1519 1480 σεαυτόν·
1549 1427 1578 1478 ὁ
1604 1425 1662 1477 δὲ
1691 1424 1918 1489 Ἀκύλας

335 1523 498 1596 φησι·
566 1520 834 1588 Ἰσχυρὸς
884 1518 1468 1587 κατισχυρευόμενος
1502 1517 1572 1570 ἐν
1604 1515 1920 1585 ἀπορρήτῳ

334 1613 538 1682 ἁγίων,
568 1610 816 1679 πλῆθος,
845 1609 1100 1678 πλῆθος,
1133 1609 1232 1662 καὶ
1262 1609 1548 1678 ἐπίφοϐος
1567 1608 1666 1660 ἐπὶ
1688 1608 1919 1675 πάντας

333 1705 536 1771 κύκλῳ
571 1702 780 1757 αὑτοῦ.
831 1704 894 1756 Ἦ
924 1703 979 1754 δὲ
1015 1700 1109 1754 τοῦ
1139 1702 1298 1771 λόγου
1327 1702 1534 1755 διάνοια
1564 1700 1664 1772 τὴν
1693 1701 1918 1754 ἀκολου-

334 1799 456 1852 θίαν
502 1797 850 1868 παρίστησιν.
905 1795 1123 1866 Ἐπειδὴ
1180 1795 1287 1866 γὰρ
1317 1794 1543 1856 δυνατὸς
1587 1789 1669 1860 εἴ,
1706 1793 1916 1864 Κύριε,

333 1892 521 1963 φησὶν,
551 1890 646 1943 xui
679 1891 713 1960 ἡ
752 1889 980 1960 ἀλήθειά
1014 1906 1106 1941 σου
1132 1887 1316 1958 κύκλῳ
1351 1905 1468 1950 σου,
1494 1885 1719 1950 εἰκότως
1746 1887 1918 1957 μέγας

2025 707 2133 761 que
2177 691 2250 744 dii
2291 699 2680 761 nuncupantur
2711 710 2723 746 :
2761 707 2994 760 quorum
3040 707 3205 747 causa
3239 693 3443 749 dictum
3477 706 3600 759 est,

2024 782 2167 836 Deus
2194 785 2336 836 stetit
2370 786 2425 837 in
2453 800 2721 854 synagoga
2747 782 2968 837 deorum
2995 785 3080 837 ’δί
3110 784 3316 838 Etenim
3340 787 3472 840 illud
3492 827 3508 853 ,
3539 787 3602 840 In

2024 873 2245 928 consilio
2277 884 2580 928 sanctorum
2609 890 2628 939 ;
2659 882 2712 929 et
2749 875 2882 928 illud
2910 914 2924 935 ,
2981 872 3044 926 In
3092 876 3314 930 ecclesia
3345 879 3587 946 primoge-

2025 967 2295 1031 nitorum;
2345 977 2430 1029 et,
2467 965 2534 1020 In
2581 984 2849 1038 synagoga
2881 967 3141 1030 deorum;
3175 985 3339 1022 unum
3375 977 3430 1022 et
3463 969 3603 1024 idem

2023 1073 2146 1114 esse
2175 1058 2392 1113 videtur
2434 1059 2590 1114 mihi.
2639 1058 2844 1113 Horum
2885 1061 3070 1129 itaque
3117 1061 3172 1114 in
3207 1061 3388 1114 medio
3415 1072 3604 1125 stans,

2024 1149 2111 1204 his
2141 1149 2376 1220 stipatus
2393 1148 2564 1204 Filius
2591 1149 2684 1204 Dei
2709 1190 2725 1214 ,
2755 1150 3094 1220 gloriﬁcatus
3113 1191 3128 1214 ,
3162 1166 3392 1221 magnus
3422 1159 3476 1205 et
3495 1157 3583 1204 ter

2024 1242 2206 1296 ribilis
2240 1242 2464 1296 dicitur.
2513 1240 2641 1295 Haec
2685 1257 2818 1296 vero
2853 1241 3218 1312 Symmachus
3269 1244 3350 1298 sic
3395 1243 3604 1298 edidit:

2023 1335 2164 1390 Deus
2211 1336 2400 1388 invicte
2445 1335 2498 1387 in
2543 1335 2939 1389 conversatione
2984 1344 3291 1390 sanctorum
3321 1337 3521 1394 multa.
3557 1343 3605 1388 et

2027 1425 2287 1481 tremende
2311 1426 2365 1479 in
2395 1425 2636 1480 omnibus
2667 1425 2760 1495 qui
2789 1427 2986 1479 circum
3019 1434 3066 1479 te
3089 1437 3254 1488 sunt;
3281 1411 3476 1496 Aquila
3504 1443 3604 1480 auo

2024 1527 2130 1575 tem
2157 1521 2232 1572 ait
2257 1538 2269 1572 :
2297 1518 2476 1571 Fortis
2502 1518 2786 1572 roboratus
2809 1522 2864 1572 in
2887 1528 3083 1572 secreto
3103 1529 3406 1572 sanctorum
3426 1559 3447 1585 ,
3470 1519 3584 1572 mut

2026 1611 2196 1666 titudo
2216 1651 2231 1676 ,
2267 1609 2553 1664 multitudo
2575 1650 2590 1669 .
2621 1619 2670 1663 et
2707 1609 3007 1664 tremendus
3037 1626 3196 1679 super
3224 1627 3404 1665 omnes
3432 1611 3522 1680 qui
3552 1611 3614 1664 ire

2025 1702 2253 1756 circuitu
2298 1701 2412 1769 ejus
2460 1709 2606 1755 sunt.
2658 1700 2778 1770 Ipsa
2816 1715 2983 1770 porro
3015 1700 3148 1754 dicti
3196 1702 3464 1756 sententia
3513 1716 3602 1756 se-

2027 1795 2162 1847 riem
2197 1794 2392 1862 aperit.
2425 1791 2560 1845 Nam
2588 1792 2718 1862 quia
2751 1803 2948 1862 potens
2974 1807 3068 1855 es,
3104 1793 3329 1847 Domine
3348 1833 3364 1857 ,
3392 1792 3612 1863 inquit,

2023 1890 2079 1938 et
2111 1883 2315 1936 veritas
2345 1889 2438 1935 tua
2474 1883 2528 1935 in
2561 1882 2795 1935 circuitu
2833 1892 2958 1945 tuo,
3003 1881 3128 1950 jure
3175 1895 3405 1949 magnus
3449 1897 3511 1935 es
3551 1889 3602 1936 et

333 1979 404 2046 εἰ,
438 1981 532 2034 xui
569 1980 799 2050 φοϐερὸς
847 1976 925 2044 εἷ,
974 1981 1068 2033 xui
1113 1979 1529 2049 ὲνδοξαζόμενος
1569 1978 1621 2030 εἶ
1663 1981 1720 2031 ὲν
1756 1979 1918 2051 βουλῇ

2025 1972 2290 2026 terribilis
2333 1979 2387 2026 et
2426 1973 2768 2041 glorincatus
2801 1972 2856 2025 in
2891 1972 3126 2026 consilio
3172 1980 3520 2034 sanctorum,
3553 1980 3601 2025 et

333 2075 526 2144 ἁγίων,
560 2075 655 2127 καὶ
681 2075 738 2126 ὲν
759 2076 870 2136 τοῖς
898 2071 996 2144 τὴν
1025 2073 1122 2144 σὴν
1158 2073 1388 2142 θεότητα
1419 2071 1826 2143 περιπολοῦσιν,
1845 2073 1917 2136 οἰ,

337 2168 442 2221 τῶν
483 2167 590 2220 σῶν
611 2165 957 2234 ἐπαγγελιῶν
986 2167 1085 2236 τὴν
1135 2165 1394 2237 ἀλήθειαν
1424 2163 1777 2236 συνορῶντες,
1820 2165 1920 2229 τὰς

335 2262 652 2331 πρεπούσας
710 2259 1062 2329 εὐχαριστίας
1113 2257 1252 2328 μετὰ
1303 2255 1630 2327 θαυμασμοῦ
1676 2256 1776 2325 τῆς
1822 2257 1920 2327 σῆς

335 2353 587 2422 θεότητος
621 2351 1027 2422 ἀναπέμπουσι.
1075 2349 1166 2402 Διὸ
1211 2348 1392 2420 μικρῷ
1426 2347 1660 2419 πρόσθεν
1698 2347 1914 2412 ἔλεγονο

347 2442 922 2512 Ἐξομολογήσονται
947 2445 1002 2495 οἱ
1047 2441 1291 2510 οὐρανοί
1338 2441 1409 2494 τὰ
1443 2438 1750 2509 θαυμάσιά
1779 2455 1918 2504 σου,

333 2537 432 2592 καὶ
466 2537 582 2605 τὴν
613 2535 904 2604 ἀλήθειάν
932 2551 1050 2589 σου
1082 2536 1153 2588 ἐν
1186 2533 1512 2601 Ἐκκλησία
1535 2527 1738 2601 άγίῶν.

405 2628 580 2696 Κύριε
612 2630 645 2680 ό
684 2627 830 2692 Θεὸς
857 2627 978 2680 τῶν
1009 2624 1354 2695 δυνάμεων,
1401 2625 1494 2690 τίς
1529 2624 1731 2692 ὅμοιός
1773 2640 1911 2685 σοις

334 2720 598 2785 Δυνατὸς
625 2716 697 2782 εἷ,
728 2721 926 2788 Κύριε,
948 2718 1046 2771 καὶ
1066 2721 1104 2787 ἡ
1135 2715 1390 2785 ἀλήθειά
1413 2731 1528 2770 σου
1550 2716 1754 2780 κύκλῳ
1779 2731 1915 2769 σου.

335 2811 420 2864 Σὺ
449 2809 758 2875 δεσπόζεις
785 2811 893 2864 τοῦ
928 2809 1185 2876 κράτους
1210 2807 1323 2875 τῆς
1345 2805 1683 2873 θαλάσσης,
1714 2806 1822 2860 τὸν
1853 2805 1922 2860 δὲ

336 2902 535 2956 σάλον
554 2901 674 2955 τῶν
709 2901 990 2971 κυμάτων
1015 2897 1207 2967 αὐτῆς
1232 2899 1313 2953 σὺ
1346 2899 1803 2966 καταπραΰνεις.
1834 2897 1920 2951 Σὺ

335 2991 744 3057 ἐταπείνωσας
775 2993 856 3057 ὡς
894 2991 1262 3060 τραυματίαν
1286 2988 1681 3059 ὑπερήφανον
1721 2990 1792 3043 ἐν
1839 2990 1920 3055 τῷ

342 3083 615 3153 ϐραχίονι
658 3082 771 3151 τῆς
801 3081 1109 3151 δυνάμεώς
1147 3098 1262 3136 σου
1300 3081 1732 3150 διεσκόρπισας
1777 3081 1920 3148 τοὺς

333 3174 587 3242 ἐχθρούς
625 3189 765 3228 σου.
797 3174 904 3227 Καὶ
940 3175 998 3227 ὲν
1035 3173 1244 3236 τούτοις
1273 3174 1427 3227 οὐδὲν
1461 3173 1654 3245 ἀφίησι
1690 3174 1798 3227 τῶν
1823 3191 1921 3242 γε-

337 3267 514 3336 νητῶν
546 3262 686 3319 εἶναι
714 3267 897 3335 ὅμοιον
924 3264 1004 3335 τῷ
1035 3265 1439 3336 θεολογουμένῳ
1477 3264 1593 3335 rio
1617 3263 1710 3318 τοῦ
1751 3265 1914 3319 Θεοῦο

332 3360 498 3415 αὐτὸν
528 3360 639 3432 γὰρ
685 3356 826 3414 εἶναι
859 3360 950 3414 τὸν
978 3359 1203 3413 δυνατὸν
1222 3399 1238 3425 ,
1281 3360 1374 3412 xui
1399 3359 1491 3413 τὸν
1522 3358 1632 3412 τῶν
1679 3357 1920 3412 δυνατῶν

332 3454 490 3518 Θεὸν,
548 3456 642 3508 καὶ
671 3454 849 3508 αὐτῶν
874 3453 984 3507 τῶν
1020 3453 1304 3526 δυνάμεων
1349 3454 1574 3525 Κύριον,
1606 3453 1683 3516 ὼς
1717 3452 1923 3524 μηδένα

331 3545 486 3616 αὐτῷ
510 3545 809 3614 ἀντιλέγειν
835 3545 1114 3609 δύνασθαι,
1149 3546 1283 3617 μηδὲ
1319 3549 1387 3616 τῇ
1428 3545 1592 3600 αὑτοῦ
1635 3545 1798 3617 βουλῇ
1831 3547 1924 3598 ἀν-

333 3636 654 3692 θίστασθαισ
694 3637 760 3690 δι’
797 3637 824 3689 ὃ
868 3637 1046 3706 λέγειν
1077 3638 1240 3691 αὑτὸν
1273 3639 1368 3692 xui
1410 3641 1602 3704 ποιεῖν,
1627 3639 1721 3692 ἆτε
1765 3638 1922 3709 μόνον

328 3729 590 3792 δυνατὸν,
642 3730 710 3782 τὰ
753 3727 960 3782 πάντα·
995 3727 1058 3780 τὸ
1085 3728 1226 3800 γὰρ,
1285 3729 1380 3794 Τίς
1411 3729 1612 3799 ὅμοιός
1659 3745 1796 3793 σοι;
1829 3731 1924 3783 xui

327 3819 571 3874 ἐνταῦθα
602 3820 703 3873 οὐκ
740 3820 832 3873 ἐπὶ
865 3818 960 3872 τοῦ
992 3820 1242 3886 σπανίου,
1285 3820 1399 3873 ἀλλ’
1442 3821 1536 3873 ἐπὶ
1573 3821 1666 3874 τοῦ
1698 3821 1924 3892 μηδενὸς

326 3911 724 3981 παρείληπται.
761 3910 965 3964 Οὐδένα
989 3909 1120 3980 γοῦν
1149 3912 1333 3983 ὅμοιον
1368 3908 1510 3967 εἷναί
1545 3929 1677 3983 φησι
1709 3913 1787 3984 τῷ
1825 3931 1923 3965 κυ-

329 4001 765 4075 ριολογουμένῳ,
790 4003 1280 4076 ἀντιπαραϐάλλων
1310 4004 1459 4075 αὐτῷ
1503 4006 1629 4068 τοὺς
1667 4005 1924 4076 ἀνωτέρω

325 4095 660 4165 εἰρημένους
699 4095 847 4159 υἱοὺς
888 4095 1047 4148 Θεοῦ.
1078 4095 1190 4166 Τῆς
1228 4095 1338 4168 γὰρ
1378 4096 1550 4167 αὐτῆς
1589 4097 1774 4168 ἔχεται
1811 4097 1926 4151 δια-

326 4187 486 4249 νοίας
514 4186 581 4240 τὰ
611 4186 856 4258 παρόντα
883 4187 977 4241 xui
996 4187 1066 4240 τὰ
1092 4188 1356 4259 πρότερα,
1380 4189 1438 4241 ὲν
1460 4183 1541 4251 οἷς
1572 4189 1780 4260 εἴρητοο
1806 4190 1928 4242 ’Ὁτι

330 4277 388 4331 τί
391 4276 507 4342 ςέν
519 4275 803 4345 νεφέλαις
816 4277 1172 4344 ἰσωθήσεται
1184 4276 1263 4343 τῷ
1275 4278 1493 4347 Κυρίῳ,
1505 4278 1927 4347 ὁμοιωθήσεται

333 4369 418 4434 τῷ
447 4369 642 4436 Κυρίῳ
666 4369 737 4421 ἑν
759 4367 911 4435 υἱοῖς
941 4368 1122 4433 Θεοῦ;
1155 4371 1251 4423 xui
1274 4370 1368 4424 νῦν
1401 4370 1446 4422 δ’
1476 4366 1590 4434 οὖν,
1621 4373 1711 4437 Τις
1728 4370 1928 4437 ὅμοιός

330 4475 466 4525 σοι;
484 4461 668 4531 φησὶν,
680 4460 763 4512 ὄτι
777 4459 997 4524 δυνατὸς
1016 4457 1085 4524 εἶ,
1105 4463 1197 4514 καί
1212 4463 1244 4521 ή
1261 4461 1604 4532 ἀλήθειατῶν
1618 4463 1788 4532 λόγων
1811 4481 1926 4528 σου,

330 4553 394 4607 αἴ
419 4569 482 4604 τε
500 4551 821 4622 ἐπαγγελίαι
844 4568 937 4604 σου
962 4553 1092 4624 περί⁹
1109 4553 1169 4605 σὲ
1193 4555 1288 4608 xui
1307 4555 1457 4625 παρὰ
1479 4556 1562 4608 eoi
1580 4555 1927 4625 τυγχάνουσι.

2022 2066 2079 2119 in
2109 2064 2176 2118 iis
2205 2065 2297 2134 qui
2339 2063 2602 2118 deitatem
2653 2064 2861 2134 stipant
2908 2071 3094 2126 tuam,
3148 2063 3282 2132 qui,
3307 2072 3612 2132 conspecta

2023 2157 2416 2227 promissorum
2438 2165 2656 2209 tuorum
2688 2155 2941 2216 veritate,
2967 2153 3179 2208 debitas
3209 2170 3331 2208 cum
3364 2154 3588 2209 admira-

2021 2249 2172 2304 tione
2227 2247 2450 2302 deitatis
2509 2256 2617 2302 tua;
2669 2247 2970 2318 gratiarum
3023 2245 3272 2300 actiones
3327 2246 3586 2299 emittunt

2021 2340 2203 2408 Quare
2230 2341 2395 2409 paulo
2423 2347 2582 2394 antea
2611 2339 2860 2393 dicebam
2888 2356 2902 2392 :
2935 2337 3339 2406 Conﬁtebuntur
3365 2335 3479 2389 coeli
3510 2337 3581 2389 mi

2021 2432 2217 2487 rabilia
2245 2441 2368 2497 tua,
2391 2440 2438 2485 et
2468 2432 2736 2485 veritatem
2763 2441 2908 2483 tuam
2934 2431 2990 2483 iu
3014 2429 3252 2484 Ecclesia
3280 2439 3604 2484 sanctorum.

2092 2637 2259 2693 Vens.
2301 2635 2466 2690 9-H.
2505 2634 2730 2688 Domine
2761 2633 2901 2687 Deus
2932 2633 3207 2696 virtutum,
3255 2632 3372 2701 quis
3413 2630 3606 2685 similis

2022 2726 2115 2781 tibi
2142 2730 2167 2781 ?
2195 2727 2390 2782 Potens
2427 2743 2505 2789 es,
2538 2725 2793 2788 Domine,
2825 2732 2875 2776 et
2919 2723 3110 2776 veritas
3158 2731 3248 2774 tua
3284 2722 3339 2774 in
3383 2721 3606 2773 circuitu

2025 2828 2135 2874 tuo.
2193 2819 2274 2873 Tu
2321 2817 2619 2872 dominaris
2649 2815 2901 2885 potestati
2934 2815 3134 2878 maris,
3182 2821 3381 2867 motum
3429 2821 3604 2864 autem
3642 2828 3646 2832 ·

2019 2911 2277 2980 ﬂuctuum
2303 2910 2418 2979 ejus
2437 2919 2493 2963 tu
2515 2909 2750 2978 mitigas.
2776 2906 2855 2960 Tu
2885 2905 3180 2959 humiliasti
3207 2906 3341 2959 sicut
3361 2903 3596 2956 vulnera-

2023 3013 2135 3056 tum
2171 3000 2490 3070 superbum,
2537 3001 2593 3053 in
2635 2997 2851 3052 brachio
2901 2998 3110 3052 virtutis
3159 3006 3263 3050 tua:
3304 2993 3602 3062 dispersisti

2023 3093 2265 3148 inimicos
2299 3101 2439 3147 tuos.
2490 3090 2548 3144 In
2593 3091 2680 3146 his
2721 3103 2940 3160 qucque
2972 3088 3176 3142 nullam
3212 3086 3477 3140 factarum
3513 3100 3606 3138 re-

2023 3201 2143 3241 rum
2175 3185 2410 3240 similem
2457 3183 2599 3238 Filio
2636 3181 2768 3246 Dei,
2800 3183 2893 3251 qui
2939 3180 3082 3235 Deus
3127 3180 3476 3250 praedicatur,
3510 3177 3606 3231 ad-

2025 3277 2238 3342 mittit;
2273 3277 2454 3345 ipsum
2503 3290 2740 3345 namque
2785 3283 2839 3330 ct
2885 3280 3160 3344 potentem
3206 3279 3261 3327 et
3305 3269 3605 3340 potentium

2024 3367 2192 3422 Deum
2223 3381 2287 3422 ac
2312 3368 2572 3421 virtutum
2605 3367 2888 3420 dominum
2922 3365 3090 3430 dicit,
3119 3363 3192 3418 ita
3229 3371 3288 3415 ut
3317 3375 3476 3416 nemo
3501 3359 3608 3430 ipsi

2025 3473 2331 3530 repugnare
2352 3498 2367 3523 ,
2403 3473 2581 3528 neque
2609 3458 2731 3527 ejus
2762 3456 3035 3511 voluntati
3068 3453 3445 3509 contradicere
3474 3467 3605 3520 pos-

2025 3551 2096 3607 sit
2122 3569 2136 3606 :
2171 3565 2374 3621 quare,
2406 3557 2595 3620 utpote
2621 3549 2774 3604 solus
2801 3555 3029 3617 potens,
3060 3545 3242 3599 omnia
3275 3542 3411 3597 dicit
3440 3549 3496 3595 et
3527 3540 3607 3594 fa—

2024 3642 2102 3697 cit
2130 3661 2144 3710 ;
2179 3641 2314 3696 illud
2348 3641 2495 3696 enim
2518 3680 2534 3706 ,
2570 3639 2703 3706 Quis
2732 3639 2925 3693 similis
2956 3637 3052 3690 tibi
3076 3639 3100 3692 ?
3129 3649 3236 3690 non
3268 3649 3423 3688 raros
3451 3648 3604 3696 esse,

2025 3734 2120 3788 sed
2149 3733 2361 3786 nullum
2389 3747 2512 3787 esse
2540 3730 2805 3785 declarat.
2839 3728 3121 3784 Neminem
3155 3728 3340 3798 itaque
3369 3725 3603 3780 similem

2024 3840 2149 3880 esse
2181 3827 2258 3878 ait
2287 3825 2404 3892 illi,
2435 3824 2530 3893 qui
2556 3821 2825 3876 Dominus
2870 3820 3221 3891 przedicatur,
3266 3834 3391 3872 cum
3429 3817 3605 3872 eidem

2027 3915 2152 3968 illos
2196 3919 2513 3982 comparat,
2555 3910 2647 3981 qui
2693 3911 2948 3979 superius
2992 3909 3086 3962 ﬁlii
3136 3907 3232 3962 Dei
3279 3907 3410 3960 dicti
3453 3911 3602 3960 sunt.

2026 4005 2151 4061 Haec
2181 4006 2324 4061 enim
2358 4005 2534 4059 eidem
2565 4004 2776 4057 haerent
2805 4000 3126 4064 sententiae,
3162 3999 3249 4052 cui
3283 3999 3474 4054 istliaec
3507 4014 3605 4052 su-

2027 4099 2214 4170 perius
2243 4097 2430 4151 dicta:
2480 4094 2747 4160 Quoniam
2786 4093 2902 4162 quis
2950 4093 3006 4144 in
3047 4088 3272 4142 nubibus
3311 4085 3609 4157 aequabitur

2027 4189 2307 4244 Domino?
2354 4186 2546 4242 similis
2597 4185 2696 4238 erit
2744 4182 2970 4237 Domino
3016 4182 3071 4234 in
3120 4179 3248 4248 ﬁliis
3276 4178 3421 4233 Dei?
3449 4176 3606 4232 Nunc

2029 4283 2156 4338 item
2177 4321 2192 4346 ,
2226 4280 2358 4346 Quis
2391 4279 2583 4333 similis
2609 4275 2742 4331 tibi?
2775 4275 2872 4340 ait,
2914 4273 3042 4344 quia
3085 4281 3278 4342 potens
3301 4285 3396 4334 es,
3431 4278 3484 4324 et
3511 4283 3607 4324 ve-

2035 4376 2172 4431 ritas
2233 4387 2548 4428 sermonum
2600 4377 2860 4432 tuorum,
2924 4365 3192 4436 promissa
3241 4377 3458 4433 quoque
3511 4369 3605 4415 tua

2030 4469 2177 4524 circa
2229 4476 2282 4522 te
2328 4474 2383 4521 et
2430 4479 2599 4535 penes
2629 4469 2682 4517 te
2707 4471 2857 4517 sunt.
2890 4460 3066 4516 Penes
3100 4469 3150 4512 te
3177 4458 3376 4527 quippe
3404 4463 3520 4520 est,
3550 4462 3607 4510 et

2031 4577 2198 4632 penes
2223 4575 2317 4616 eos
2348 4560 2444 4628 qui
2485 4568 2540 4614 te
2580 4557 2942 4631 circumdant,
2984 4554 3186 4609 veritas
3234 4563 3363 4606 tua:
3399 4565 3522 4604 nam
3556 4548 3604 4604 si

333 4644 497 4714 Παρὰ
514 4644 596 4697 σοὶ
620 4643 728 4715 γάρ
753 4645 888 4711 ἐστι,
915 4645 1177 4717 καὶπαρὰ
1204 4649 1316 4710 τοῖς
1334 4646 1595 4700 κυκλοῦσί
1617 4665 1695 4713 σε,
1731 4649 1771 4718 ἡΔ
1795 4647 1921 4719 ἁλή-

2033 4655 2127 4725 qui
2170 4653 2420 4724 proxime
2460 4661 2514 4706 te
2573 4657 2630 4705 et
2675 4651 2732 4703 in
2774 4647 3008 4702 circuitu
3045 4655 3137 4699 tuo
3171 4649 3332 4706 sunt,
3364 4640 3442 4694 illi
3475 4644 3608 4695 sane

327 4735 461 4789 θειά
483 4751 577 4788 σου
598 4753 614 4766 ·
639 4737 688 4788 εἰ
733 4735 841 4805 γάρ
872 4735 1015 4800 τινές
1052 4755 1147 4790 σου
1177 4737 1404 4808 πλησίον
1427 4740 1522 4792 xui
1540 4739 1723 4810 κύκλῳ
1747 4757 1929 4811 περιε-

331 4825 542 4891 στῶτες
574 4823 704 4891 εἷεν,
727 4822 873 4881 οῦτοι
905 4829 1058 4882 αὐτοὶ
1082 4829 1180 4900 τὴν
1203 4830 1461 4902 ἀλήθειάν
1483 4848 1576 4885 σου
1625 4831 1893 4900 γινώσκου
1910 4864 1926 4873 ο

329 4935 441 4972 σιν.
459 4919 650 4990 Ἡμεῖς
668 4919 724 4972 δὲ
742 4919 791 4972 οἱ
823 4920 917 4972 ἐπὶ
937 4921 1060 4992 γῆς,
1079 4921 1160 4976 ἔτι
1188 4923 1406 4995 μακράν
1428 4941 1522 4977 σου
1547 4927 1926 4996 τυγχάνοντες,

336 5013 434 5075 τὰς
494 5011 895 5083 μεγαλουργίας
955 5031 1048 5066 σου
1110 5016 1220 5069 ἀπὸ
1281 5015 1392 5072 τῶν
1443 5018 1584 5072 κατὰ
1650 5017 1926 5073 θάλασσαν

329 5104 749 5176 ἐνεργουμένων
803 5103 907 5158 ὑπὸ
950 5107 1050 5178 τῆς
1099 5109 1199 5179 σῆς
1261 5110 1519 5180 προνοίας
1573 5109 1932 5181 θεωροῦντες,

328 5198 730 5273 ὁμολογοῦμεν,
761 5201 844 5253 ὅτι
891 5201 1113 5264 δυνατὸς
1132 5198 1204 5267 εἷ,
1240 5203 1336 5256 xui
1369 5205 1402 5275 ἡ
1432 5202 1662 5274 ἀλήθειά
1695 5221 1786 5257 σου
1828 5205 1926 5257 κύ-

331 5294 449 5364 κλῳ
481 5309 595 5345 σου.
621 5293 732 5363 Τῆς
750 5309 809 5345 τε
842 5292 949 5364 γὰρ
981 5289 1258 5365 θαλάσσης
1288 5295 1386 5347 xui
1413 5294 1507 5347 τοῦ
1534 5295 1790 5348 τοσούτου
1816 5295 1926 5348 τῶν

330 5387 549 5441 ὑδάτων
583 5384 779 5448 κύτους
813 5385 877 5437 σὺ
934 5385 1094 5455 μόνος
1127 5385 1429 5451 δεσπόζεις,
1476 5387 1570 5440 xui
1624 5387 1718 5440 τὸν
1765 5387 1924 5441 σάλον

338 5479 446 5534 τῶν
479 5476 741 5548 κυμάτων
768 5476 938 5546 αὐτῆς
978 5478 1044 5530 σὺ
1088 5479 1248 5548 μόνος
1294 5479 1730 5551 καταπραΰνεις,
1766 5497 1924 5550 περι-

332 5573 453 5635 θεὶς
481 5571 619 5642 αὐτῇ
655 5569 877 5638 κλεῖθρα
917 5571 1010 5624 xui
1042 5570 1235 5635 πύλας,
1278 5573 1373 5625 xui
1415 5573 1537 5643 ὅρια
1584 5573 1722 5643 αὐτῇ
1756 5571 1928 5643 πηξά-

335 5680 525 5735 μενος,
565 5664 640 5728 ὼς
685 5662 751 5716 ἃν
800 5662 875 5732 μὴ
922 5663 1212 5734 ὑπερϐᾶσα
1264 5664 1622 5718 κατακλύσειε
1674 5664 1772 5736 τὴν
1820 5665 1930 5720 τῶν

335 5753 642 5826 ἀνθρώπιον
671 5755 1012 5826 οἰκουμένην.
1051 5756 1116 5810 Ὃ
1130 5754 1194 5827 δὴ
1226 5756 1319 5810 καὶ
1357 5757 1490 5811 αὐτὸ
1513 5756 1571 5811 ἓν
1597 5774 1648 5810 τι
1672 5755 1930 5828 τυγχάνει

414 5911 453 5934 "
503 5906 646 5963 Psal.
683 5925 879 5974 Lxxxt,
912 5911 963 5965 1.

2032 4745 2320 4799 veritatem
2371 4749 2577 4797 norunt
2619 4749 2792 4794 tuam.
2826 4737 2936 4792 Nos
2965 4745 3142 4790 autem
3172 4734 3262 4804 qui
3292 4734 3347 4786 in
3375 4739 3522 4785 terra
3552 4737 3607 4784 et

2012 4836 2215 4891 'adhuc
2246 4834 2434 4906 procul
2467 4843 2520 4887 te
2551 4845 2856 4890 versamur,
2888 4843 2956 4882 ex
2985 4826 3053 4881 iis
3085 4839 3206 4894 qua:
3237 4822 3352 4878 sive
3378 4823 3435 4877 in
3459 4829 3607 4875 terra

2033 4929 2150 4984 sive
2175 4928 2230 4982 in
2263 4925 2399 4979 mari
2427 4940 2457 4978 a
2485 4922 2830 4996 providentia
2857 4926 2949 4973 tua
2975 4927 3262 4989 geruntur,
3290 4929 3484 4985 magna
3515 4921 3606 4967 tua

2032 5019 2246 5091 opiﬁcia
2279 5018 2741 5087 contemplantes,
2785 5011 3108 5066 conﬁtemur
3135 5017 3186 5063 te
3215 5015 3518 5077 potentem,
3553 5013 3610 5059 et

2027 5112 2312 5166 veritatem
2343 5117 2496 5162 tuam
2528 5108 2584 5161 in
2615 5104 2852 5159 circuitu
2878 5113 2972 5156 tuo
3000 5116 3142 5156 esse.
3174 5098 3310 5152 Nam
3360 5108 3417 5151 tu
3459 5096 3615 5151 solus

2029 5203 2169 5257 mari
2199 5209 2255 5256 et
2281 5207 2447 5253 tantae
2479 5211 2745 5267 aquarum
2773 5191 3096 5265 plenitudini
3123 5188 3424 5244 dominaris
3448 5227 3462 5251 ,
3487 5202 3608 5240 mo-

2029 5303 2142 5348 tum
2174 5293 2438 5347 fluctuum
2469 5289 2589 5359 ejus
2611 5302 2754 5342 unus
2787 5285 3004 5354 mitigas
3027 5322 3041 5347 ,
3080 5280 3297 5352 ipsique
3327 5279 3566 5334 claustra
3591 5315 3608 5342 ,

2033 5392 2222 5456 portas
2250 5392 2306 5439 et
2331 5382 2598 5438 terminos
2633 5377 2801 5431 lixisti
2825 5417 2840 5440 ,
2876 5391 2945 5430 ne
2977 5381 3428 5444 praetergressum
3463 5368 3591 5437 pela-

2027 5494 2130 5549 gus
2159 5475 2388 5531 inundet
2413 5474 2623 5528 orbem.
2649 5469 2808 5536 Quod
2835 5483 2970 5522 sane
3000 5467 3084 5520 vel
3109 5478 3279 5518 unum
3310 5461 3610 5515 maximum

2031 5572 2195 5629 fuerit
2239 5568 2525 5640 potestatis
2571 5574 2678 5618 tua:
2729 5568 3129 5630 argumentum.
3165 5557 3235 5608 At
3263 5554 3408 5609 enim
3457 5559 3612 5608 tanta

2032 5679 2302 5736 aquarum
2356 5658 2680 5722 commotio,
2734 5654 2833 5708 tibi
2896 5660 2956 5706 ut
3002 5651 3223 5705 domino
3265 5647 3606 5717 obsequens,

2033 5756 2164 5813 dum
2197 5764 2415 5810 tumens
2449 5753 2504 5808 in
2535 5751 2702 5805 altum
2735 5744 3004 5814 evehitur,
3034 5739 3358 5818 reformidat
3389 5748 3606 5803 tanien,
