4074 6390
440 486 579 541 1ϋὸ¹1

1115 483 1387 541 EUSEBII
1425 483 1911 541 CJESARIENSIS
1944 482 2097 538 OPP.
2139 480 2325 536 PARS
2364 479 2454 536 lll.
2496 508 2568 520 —
2605 475 3015 535 EXEGETICA.

3562 471 3709 531 1088

437 603 569 658 etin
596 599 775 671 seipsa
792 599 1043 655 terminis
1074 600 1336 655 conclusa
1354 599 1491 665 suis,
1510 601 1808 658 colliditur.
1826 600 2023 668 Qut-m-

2135 598 2391 669 μέγιστον
2416 597 2515 668 τῆς
2547 596 2648 668 σῆς
2673 595 2959 667 δυνάμεως
2984 593 3202 663 δεῖγμα.
3240 592 3328 654 Ὠς
3349 588 3459 660 γὰρ
3481 589 3723 667 δεσπότῃ

438 691 733 748 admodum
767 698 947 745 autem
1003 689 1206 746 ﬂuctus
1256 691 1537 761 marisque
1569 693 2025 748 comminationes

432 787 593 856 jussu
609 792 704 838 tuo
731 783 1048 846 rel'renasti,
1067 790 1122 839 et
1151 783 1442 849 elationes,
1480 784 1720 854 impetus
1741 825 1755 845 ,
1778 784 2026 854 iramque

436 876 559 945 ejus
590 875 797 930 sedasti
827 893 842 942 ;
881 874 955 928 ita
984 889 1205 944 quoque
1234 874 1282 930 si
1313 889 1382 929 ex
1427 874 1804 930 inuisibilibus
1848 876 2023 930 virtu-

438 970 589 1024 tibus
619 966 868 1038 quaedam
904 966 1262 1037 providentiae
1294 973 1403 1021 tuae
1432 968 1671 1023 consilio
1707 967 1943 1023 inimicae
1969 976 2026 1024 et

440 1060 769 1116 adversariae
813 1059 1052 1122 luerint,
1080 1073 1175 1114 eas
1224 1074 1467 1130 quoque.
1500 1068 1689 1131 utpote
1730 1061 1824 1131 qui
1872 1063 2025 1120 solus

440 1152 860 1223 potentissimus
906 1151 1149 1207 omnium
1199 1152 1313 1215 sis,
1363 1152 1683 1223 dissipasti,
1725 1140 2027 1225 earumque

439 1246 741 1316 principem
773 1255 828 1299 et
857 1252 1192 1316 tyrannum,
1236 1254 1587 1316 arrogantem
1634 1247 1787 1303 illum
1834 1255 1890 1304 et
1929 1264 2019 1304 su-

437 1340 665 1407 perbum
697 1336 999 1407 principem
1034 1335 1197 1408 hujus
1238 1338 1424 1392 saeculi
1473 1340 1676 1395 virtute
1712 1348 1803 1394 tua
1844 1341 2025 1394 humi‘

437 1431 585 1485 liasti
637 1438 694 1484 et
745 1429 1050 1485 vulnerasti
1079 1446 1094 1496 ;
1128 1445 1455 1499 percussum
1490 1448 1687 1503 nempe
1716 1432 1900 1502 gladio
1932 1433 2025 1486 illo

436 1530 535 1578 tuo
564 1538 763 1593 magno
791 1532 846 1578 et
872 1524 1136 1587 terribili,
1165 1532 1226 1578 ut
1258 1525 1310 1578 in
1346 1524 1635 1595 prophetia
1669 1524 1845 1580 fertur
1874 1545 1888 1580 :
1923 1524 2023 1579 In-

437 1612 589 1667 ducct
611 1612 867 1666 Dominus
885 1612 1126 1684 gladium
1150 1612 1406 1683 grandem
1428 1622 1478 1667 et
1502 1613 1693 1682 fortem
1716 1628 1873 1681 super
1895 1611 2027 1666 dra-

436 1721 643 1768 conem,
675 1715 967 1775 serpentem
999 1714 1296 1759 tortuosum
1319 1743 1333 1764 .
1368 1703 1657 1774 fugientem
1682 1719 1702 1768 ;
1740 1714 1791 1758 et
1820 1702 2023 1759 occidet

434 1795 717 1849 draconem
746 1797 835 1863 qui
866 1805 943 1850 est
971 1796 1026 1849 in
1056 1797 1196 1850 mari
1221 1797 1290 1848 ³⁸.
1325 1795 1390 1849 Et
1419 1795 1550 1866 quia
1582 1794 1724 1849 alius
1755 1794 2022 1864 propheta

434 1887 730 1942 draconem
768 1888 914 1941 hunc
944 1887 1292 1965 vulneratum
1323 1887 1377 1941 in
1417 1887 1557 1941 mari
1600 1888 1798 1957 degere
1837 1887 2025 1943 docuit

2124 687 2451 745 δουλεύουσα
2486 690 2519 760 ή
2551 688 2789 760 τοσαύτη
2826 688 2935 742 τῶν
2973 686 3184 740 ὑδάτων
3216 684 3450 755 κίνησις,
3485 701 3722 757 κυρτου-

2131 782 2269 855 μένη
2310 785 2390 848 είς
2446 782 2580 854 ὕψος
2638 783 2734 836 καὶ
2785 780 3128 853 ὲπαιρομένη
3175 780 3430 849 πτήσσει,
3493 779 3589 832 καὶ
3643 781 3724 845 εις

2128 875 2328 949 ἑαυτὴν
2353 877 2790 949 καταράσσεται,
2821 874 2956 928 εἵσω
2993 874 3102 926 τῶν
3150 870 3366 925 οἰκείων
3394 870 3540 942 ὅρων
3586 872 3719 926 ἁπο-

2127 968 2510 1041 κεκλεισμένη.
2547 969 2758 1040 Ὥσπερ
2776 967 2835 1021 δὲ
2860 966 2931 1021 τά
2963 966 3186 1037 κύματα
3218 964 3312 1017 καὶ
3355 963 3457 1026 τὰς
3486 963 3720 1027 ἀπειλὰς

2125 1061 2227 1132 τῆς
2258 1061 2535 1133 θαλάσσης
2579 1061 2917 1132 ὲχαλίνωσας
2954 1058 3033 1129 τῷ
3079 1056 3158 1128 σῷ
3189 1055 3591 1129 προστάγματι,
3622 1055 3716 1109 καὶ

2127 1154 2195 1209 τὰ
2227 1155 2499 1227 ὑψώματα
2531 1155 2729 1226 αὑτῆς,
2765 1155 2865 1217 τάς
2893 1169 2954 1206 τε
3000 1148 3177 1222 ὁρμὰς
3217 1147 3312 1202 καὶ¹
3344 1148 3468 1211 τοὺς
3505 1146 3711 1216 θυμοὺς

2128 1247 2511 1319 κατεπράῦνας
2532 1262 2547 1279 ο
2589 1245 2732 1299 οὑτω
2771 1245 2831 1298 δὲ
2860 1244 2956 1298 καὶ
2996 1244 3091 1297 ἐπὶ
3127 1240 3237 1294 τῶν
3275 1239 3517 1313 ἀοράτων
3550 1236 3709 1292 δυνά·-

2131 1356 2298 1411 μεων,
2321 1341 2374 1393 el
2394 1340 2539 1403 τινές
2568 1355 2698 1393 ποτε
2725 1332 2836 1391 εἷεν
2852 1336 3045 1408 ἐχθραὶ
3067 1334 3162 1388 καὶ
3189 1331 3434 1387 ἐναντίαι
3454 1333 3524 1404 τῇ
3553 1328 3709 1401 βουλῇ

2124 1431 2226 1501 τῆς
2256 1432 2358 1503 σῆς
2385 1431 2644 1503 προνοίας
2665 1471 2679 1494 ,
2716 1430 2810 1484 καὶ
2833 1428 3060 1492 ταύτας,
3092 1426 3187 1480 ἆτε
3223 1425 3385 1496 μόνος
3433 1424 3528 1477 καὶ
3578 1422 3716 1493 ὑπὲρ

2127 1525 2337 1589 πάντας
2363 1523 2439 1577 ὣν
2466 1521 2862 1585 δυνατώτατος,
2879 1518 3290 1591 διεσκόρπισας,
3306 1515 3399 1569 τόν
3425 1532 3484 1568 τε
3513 1513 3719 1569 τούτων

2125 1614 2367 1686 ἄρχοντα
2421 1615 2516 1669 καὶ⁵
2547 1614 2811 1686 τύραννον
2846 1612 2943 1666 καὶ⁵
2994 1610 3232 1674 ἀλαζόνα
3280 1606 3405 1661 τινὰ
3448 1606 3579 1661 ὅντα
3626 1605 3720 1659 καὶ

2126 1709 2475 1781 ὑπερήφανον
2503 1748 2518 1773 ,
2571 1709 2808 1782 ἄρχοντα
2864 1704 2958 1761 τοῦ
3004 1703 3203 1767 αἰῶνος
3253 1700 3447 1755 τούτου
3470 1739 3486 1765 ,
3528 1698 3595 1752 σὺ
3648 1701 3717 1770 τῇ

2126 1802 2324 1856 σαυτοῦ
2355 1801 2582 1873 δυνάμει
2614 1800 3010 1862 ἐταπείνωσας,
3035 1798 3131 1851 καὶ
3162 1794 3512 1866 τραυματίαν
3532 1789 3722 1862 εἰργά-

2125 1911 2222 1958 σω,
2244 1894 2501 1959 ’πατάξας
2533 1894 2694 1949 αὐτὸν
2721 1896 2787 1964 τῇ
2808 1889 3052 1964 ῥομφαίᾳ
3075 1891 3143 1960 τῇ
3168 1887 3378 1959 μεγάλῃ
3403 1884 3498 1939 καὶ
3525 1885 3593 1952 τῇ
3625 1898 3723 1951 φο-

434 1978 522 2035 his
550 1980 734 2035 verbis
757 2020 772 2044 ,
810 1980 927 2035 Hoc
955 1997 1102 2034 mare
1136 1996 1387 2050 magnum
1428 1987 1479 2032 et
1525 1980 1823 2049 spatiosum
1848 2020 1863 2044 ,
1909 1979 2023 2034 illic

2126 1986 2284 2059 δερᾷ,
2320 1985 2633 2049 ἀκολούθως
2663 1988 2730 2057 τῇ
2767 1982 3055 2055 φασκούσῃ
3081 1979 3391 2054 προφητείᾳ
3414 1994 3429 2009 '
3475 1973 3721 2040 Ἐπάξει

433 2071 646 2146 repti’lia
676 2088 899 2143 quorum
934 2088 1039 2126 non
1066 2080 1146 2126 est
1172 2086 1447 2125 numerus.
1500 2069 1677 2124 Draco
1726 2071 1833 2125 iste
1871 2087 2026 2141 quem

434 2164 684 2234 formasti
728 2164 798 2217 ad
830 2163 1162 2218 illudendum
1201 2164 1252 2217 ei
1290 2162 1402 2225 "';
1452 2161 1773 2218 consideres
1817 2162 1979 2217 velim
2005 2201 2023 2228 ,

433 2272 572 2312 num
640 2256 776 2311 illud
817 2257 1022 2325 .ipsum
1084 2268 1235 2309 mare
1292 2269 1537 2324 presens
1591 2269 1775 2309 sermo
1833 2253 2027 2311 subin-

434 2349 583 2403 dicet
642 2345 772 2401 dum
837 2347 959 2400 ait:
1016 2346 1095 2401 Tu
1157 2345 1455 2399 dominaris
1509 2347 1763 2415 potestati
1813 2346 2022 2410 maris,

437 2448 638 2493 motum
691 2449 867 2493 autem
910 2439 1170 2508 ﬂuctuum
1226 2438 1341 2508 ejus
1370 2450 1427 2493 tu
1463 2441 1678 2510 mitigas
1703 2454 1722 2493 :
1752 2439 1845 2496 his
1877 2439 2029 2494 enim

436 2524 714 2580 subnectit
749 2524 904 2588 illud,
948 2526 1027 2579 Tu
1057 2525 1363 2581 Immiliasti
1392 2528 1531 2581 sicut
1561 2528 1896 2583 vulneratum
1930 2544 2023 2583 su-

432 2616 647 2685 perbum
671 2633 690 2671 :
722 2618 778 2672 in
806 2618 1019 2687 brachio
1062 2621 1274 2674 virtutis
1323 2629 1430 2675 tua:
1456 2622 1756 2692 dispersisti
1780 2623 2024 2678 inimicos

437 2722 576 2765 tuos.
606 2709 743 2765 Nam
767 2711 1213 2768 adversariarum
1247 2721 1603 2785 potestatum,
1627 2716 1935 2772 daemonum
1970 2725 2027 2774 et

435 2800 728 2870 spirituum
762 2801 1128 2873 malignorum
1154 2804 1360 2869 locum,
1389 2820 1540 2861 mare
1573 2805 1791 2861 videtur
1812 2822 2027 2863 nuncu-

435 2911 587 2965 pare.
623 2895 805 2963 Quare
834 2898 903 2956 iis
953 2917 1079 2971 quae
1126 2901 1196 2956 de
1230 2902 1367 2955 mari
1404 2902 1649 2965 dixerat,
1682 2903 1927 2959 subdidit
1960 2918 2025 2959 ea

435 3002 556 3058 quze
588 2990 655 3044 ad
685 2991 1031 3046 vulneratum
1079 3000 1352 3062 spectant,
1381 3001 1437 3048 et
1492 2995 1559 3048 ad
1623 2995 1878 3051 inimicos
1911 2993 2022 3058 Dei,

437 3081 601 3150 queis
630 3082 981 3139 adversarias
1034 3092 1339 3153 potestates
1395 3092 1450 3140 et
1498 3102 1688 3140 earum
1722 3087 2024 3156 principem

435 3173 584 3225 clare
618 3171 848 3226 indicat.
888 3172 945 3226 In
978 3173 1087 3226 alio
1118 3187 1340 3241 quoque
1389 3175 1603 3243 psalmo
1645 3175 1853 3230 dictum
1888 3181 1974 3229 cst
2008 3194 2021 3228 :

440 3262 520 3316 Tu
557 3262 865 3331 confregisti
889 3265 1069 3332 capita
1099 3265 1392 3317 draconum
1423 3265 1476 3318 in
1499 3265 1672 3334 aquis.
1709 3267 1789 3321 Tu
1818 3265 2026 3333 confre-

2126 2079 2343 2147 Κύριος
2365 2077 2480 2147 τὴν
2494 2078 2805 2147 ῥομφαίαν
2831 2075 2946 2145 τὴν
2972 2073 3248 2146 μεγάλην
3275 2071 3375 2125 καὶ
3403 2068 3518 2139 τὴν
3546 2072 3722 2138 ισχυ-

2117 2173 2240 2241 ρὰν
2264 2172 2363 2226 ἐπὶ
2396 2170 2506 2225 τὸν
2534 2169 2855 2240 δράκοντα,
2901 2168 3042 2237 ὄφιν
3089 2165 3198 2221 τὸν
3237 2164 3494 2220 σκολιὸν
3519 2202 3536 2226 ,
3572 2159 3720 2230 φεύ-

2127 2278 2341 2334 γοντα·
2384 2261 2486 2316 καί
2533 2259 2747 2316 ἀνελεῖ
2777 2260 2885 2314 τὸν
2918 2257 3225 2327 δράκοντα
3258 2256 3367 2310 τὸν
3402 2255 3475 2308 ἐν
3502 2251 3578 2321 τῇ
3611 2255 3720 2307 θα-

2124 2355 2356 2422 λάσσῃ.
2406 2354 2516 2407 Καὶ
2566 2352 2866 2425 ἐπειδήπερ
2897 2350 3057 2414 ἄλλος
3100 2349 3386 2421 προφήτης
3428 2346 3521 2399 τὸν
3550 2361 3722 2416 τραυ-

2129 2448 2329 2518 ματίαν
2357 2445 2546 2499 τοῦτον
2576 2445 2848 2517 δράκοντα
2885 2443 2979 2495 ἐπὶ
3008 2442 3109 2512 τῆς
3136 2440 3413 2511 θαλάσσης
3445 2434 3718 2492 ποιεῖσθαι

2124 2540 2228 2604 τὰς
2273 2537 2556 2613 διατριϐὰς
2587 2536 2814 2604 ἐδίδαξε,
2850 2537 3029 2608 φήσας
3048 2552 3061 2564 ·
3095 2533 3257 2601 Αὕτη
3285 2532 3322 2599 ἡ
3355 2529 3643 2588 θάλασσα
3673 2533 3721 2601 ὴ

2119 2630 2356 2702 μεγάλη
2380 2630 2479 2685 καὶ
2503 2631 2863 2699 εὐρύχωρος.
2894 2627 3047 2683 Ἐκεῖ
3061 2628 3281 2697 ἑρπετὰ
3302 2620 3390 2678 ὧν
3410 2625 3522 2679 οὐκ
3546 2624 3721 2678 ἐστιν

2125 2725 2389 2795 ἀριθμός.
2435 2722 2678 2793 Δράκων
2727 2716 2906 2789 οὗτος
2946 2720 3019 2775 ὃν
3069 2719 3351 2786 ἔπλασας
3417 2714 3722 2787 ἐμπαίζειν

2125 2815 2317 2882 αὐτῷ·
2340 2815 2638 2888 ἐπίστησον
2670 2816 2883 2888 μήποτε
2909 2812 3116 2885 ταύτην
3155 2811 3326 2884 αὐτὴν
3357 2811 3577 2884 ᾐνίξατο
3617 2808 3719 2879 τὴν

2127 2906 2404 2963 θάλασσαν
2435 2908 2530 2961 καὶ
2553 2910 2582 2962 ὁ
2614 2906 2806 2979 παρὼν
2838 2906 2996 2976 λόγος
3031 2908 3243 2979 φήσαςο
3276 2904 3363 2959 Σὺ
3406 2899 3719 2968 δεσπόζεις

2126 2999 2232 3054 τοῦ
2264 2998 2525 3068 κράτους
2566 2997 2676 3067 τῆς
2708 2998 3054 3066 θαλάσσης,
3106 2998 3216 3052 τὸν
3256 2996 3327 3051 δὲ
3371 2986 3571 3054 σάλον
3597 2995 3720 3049 τῶν

2125 3089 2407 3161 κυμάτων
2452 3089 2646 3159 αὐτῆς
2682 3089 2765 3144 σὺ
2816 3090 3285 3158 καταπραΰνεις·
3335 3086 3553 3150 τούτοις
3584 3084 3718 3156 γοῦν

2128 3185 2331 3255 συνῆψε
2360 3185 2443 3250 τὸ,
2478 3185 2562 3239 Σὺ
2580 3184 2992 3249 ὲταπείνωσας
3024 3184 3106 3249 ὡς
3133 3181 3504 3250 τραυματίαν
3533 3183 3716 3248 ὑπερ-

2125 3274 2397 3345 ήφανονο
2423 3276 2494 3330 ἐν
2524 3276 2605 3341 τῷ
2632 3275 2915 3344 ,βραχίονι
2967 3273 3075 3339 τῆς
3117 3269 3431 3340 δυνάμεώς
3474 3285 3592 3323 σου
3629 3269 3717 3322 δι-

432 3355 560 3421 gisti
618 3354 794 3421 capita
843 3354 1121 3423 draconis,
1164 3356 1361 3410 dedisti
1409 3372 1527 3409 eum
1584 3372 1759 3410 escam
1813 3359 2023 3426 populis

2126 3369 2504 3436 εσκόρπισας
2536 3366 2682 3433 τοὺς
2700 3365 2953 3434 ἐχθρούς
2981 3380 3117 3417 σου.
3143 3362 3217 3415 Th
3242 3361 3353 3432 γὰρ
3382 3364 3580 3432 χωρίον
3605 3360 3715 3414 τῶν

436 3440 779 3509 ίΕιΙιίορὶὺιις
800 3443 864 3499 ’⁸.
897 3443 954 3497 In
983 3442 1088 3499 Joh
1124 3444 1256 3500 item
1293 3464 1305 3498 :
1345 3444 1512 3499 Duces
1542 3454 1721 3500 autem
1736 3445 2024 3502 draconem

435 3535 614 3602 hamo,
643 3552 804 3604 pones
848 3536 1107 3590 circulum
1151 3538 1297 3591 circa
1351 3553 1506 3591 nares
1559 3537 1699 3607 ejus,
1723 3546 1773 3591 et
1800 3538 2024 3593 armilla

433 3625 730 3695 perforabis
780 3626 980 3681 labium
1034 3627 1169 3696 ejus.
1230 3625 1498 3697 Loquetur
1555 3639 1730 3682 autem
1769 3628 1869 3683 tibi
1903 3646 2022 3684 cum

435 3717 821 3785 supplicatione
877 3734 940 3770 ac
1000 3717 1364 3787 deprecatione
1414 3720 1668 3785 molliter,
1698 3722 2023 3793 accipissque

437 3809 612 3876 ipsum
672 3808 725 3862 in
778 3826 984 3863 servum
1033 3811 1478 3879 sempiternum".
1510 3811 1650 3867 Hinc
1683 3815 2018 3881 veroinfert,

438 3899 559 3968 Ipse
592 3910 768 3955 autem
812 3912 891 3956 est
950 3919 1042 3957 res:
1073 3907 1308 3958 omnium
1351 3920 1468 3975 qua:
1512 3907 1565 3959 in
1598 3907 1750 3975 aquis
1800 3918 1922 3961 sunt
1950 3910 2017 3963 ⁸⁸.

437 3986 642 4040 Ibidem
693 3998 874 4044 autem
925 3989 994 4045 de
1046 3991 1166 4060 ipso
1211 3991 1454 4047 dracone
1485 3994 1687 4049 dicitur
1716 3997 1781 4053 ad
1820 3996 1925 4053 Job
1953 4014 2021 4055 ex

435 4094 673 4150 persona
717 4081 929 4135 Domini
967 4101 981 4138 :
1018 4081 1142 4137 Non
1186 4086 1341 4140 times
1372 4087 1501 4156 quia
1528 4098 1864 4157 prwparatus
1890 4090 2023 4144 mihi

438 4170 619 4225 est”?
661 4172 718 4226 In
771 4175 1029 4243 praesenti
1079 4176 1247 4231 etiam
1306 4177 1496 4232 eadem
1535 4180 1784 4249 apposite
1836 4181 2024 4237 memi-

434 4261 518 4317 nit
551 4262 787 4332 Spiritus
806 4264 1047 4332 divinus,
1081 4265 1367 4338 Unigeniti.
1390 4268 1485 4324 Dei
1519 4285 1693 4341 usque
1720 4271 1786 4325 ad
1812 4272 2019 4326 dictum

436 4369 589 4408 mare
617 4355 946 4410 descensum
982 4356 1290 4413 declarans.
1330 4358 1627 4431 Postquam
1657 4363 1824 4434 igitur
1848 4364 2020 4421 Deum

438 4442 593 4497 illum
621 4458 745 4499 esse
769 4445 1144 4514 praedicasset,
1174 4463 1239 4502 ac
1269 4451 1507 4519 priorem
1549 4451 1697 4507 illius
1720 4454 1774 4506 in
1811 4456 2021 4511 sanctis

434 4538 914 4600 conversationem
961 4540 1280 4605 indicasset,
1314 4558 1378 4597 ac
1400 4543 1635 4600 dixisset
1677 4549 1897 4617 quinam
1930 4550 2024 4606 ille

437 4630 534 4694 sit,
567 4646 632 4686 ac
659 4646 783 4686 cum
813 4632 1070 4702 qualibus
1098 4641 1152 4688 et
1179 4635 1323 4691 inter
1355 4637 1547 4706 quales
1566 4639 1817 4708 prodeat,
1837 4640 2022 4698 decla-

2130 3458 2528 3529 ἀντικειμένων
2565 3458 2871 3529 δυνάμεων,
2900 3455 3012 3510 τῶν
3032 3472 3094 3508 τε
3140 3453 3409 3524 δαιμόνων
3454 3452 3549 3506 καὶ
3603 3450 3715 3505 τῶν
3830 3488 3843 3495 τ

2130 3554 2460 3625 πνευμάτων
2490 3551 2765 3624 πονηρῶν,
2793 3550 3069 3605 θάλασσαν
3092 3548 3267 3602 ἔοικεν
3286 3546 3604 3601 ἀποκαλεῖν.
3620 3543 3713 3597 Διδ

2129 3647 2225 3700 καὶ
2265 3647 2514 3717 ἐπήγαγε
2547 3644 2625 3717 τῷ
2659 3644 2790 3715 περὶ
2829 3643 2928 3713 τῆς
2965 3642 3242 3712 θαλάσσης
3281 3639 3428 3710 λόγῳ
3469 3636 3538 3691 τὰ
3586 3636 3714 3708 περὶ

2128 3740 2224 3794 τοῦ
2253 3739 2592 3812 τραυματίω
2628 3739 2723 3793 καὶ
2750 3736 2820 3792 τά
2861 3736 2989 3808 περὶ
3016 3734 3124 3789 τῶν
3173 3731 3385 3804 ἐχθρῶν
3430 3728 3525 3784 τοῦ
3552 3728 3711 3793 Θεοῦ,

2129 3833 2388 3906 ἄντικρυς
2412 3832 2513 3895 τὰς
2538 3830 2926 3900 ἀντικειμένας
2956 3828 3217 3899 δυνάμεις
3251 3825 3347 3879 καὶ
3385 3822 3477 3877 τὸν
3508 3819 3715 3875 τούτων

2128 3926 2364 3997 ἄρχοντα
2402 3925 2672 3996 σημήνας.
2704 3923 2816 3978 Καὶ
2859 3923 2917 3977 ὲν
2941 3920 3113 3996 ἑτέρῳ
3144 3917 3445 3990 δὲνεῐρηται
3477 3913 3679 3985 ψαλμῷ
3698 3929 3711 3945 ’

2127 4017 2213 4072 Σὺ
2237 4016 2627 4082 συνέθλασας
2660 4014 2769 4081 τὰς
2796 4014 3065 4084 κεφαλὰς
3088 4009 3208 4065 τῶν
3233 4007 3578 4077 δρακόντοιν
3612 4005 3714 4059 ἐπὶ

2128 4108 2234 4162 τοῦ
2265 4107 2503 4174 ὕδατος.
2549 4107 2636 4161 Σὺ
2676 4105 3068 4169 συνέθλασας
3113 4100 3230 4170 τὴν
3277 4096 3556 4168 κεφαλὴν
3597 4095 3717 4170 ,τοῦ

2127 4198 2476 4268 δράκοντος,
2505 4198 2735 4264 ἔδωκας
2758 4195 2947 4251 αὑτὸν
2983 4193 3198 4262 ,ϐρῶμα
3230 4189 3404 4255 λαοῖς
3446 4187 3572 4253 τοῖς
3613 4187 3715 4240 Al-

2128 4292 2329 4360 θίοψι⁹
2362 4292 2476 4345 καὶ
2521 4291 2581 4344 ἐν
2633 4289 2712 4360 τῷ
2750 4287 2900 4342 Ἰώδο
2951 4286 3142 4351 Ἀξεις
3182 4282 3251 4337 δὲ
3299 4281 3599 4351 δράκοντα
3643 4279 3717 4332 ἐν

2127 4381 2447 4451 ἀγκίστρῳ,
2476 4380 2824 4449 περιθήσεις
2861 4376 2931 4431 δὲ
2957 4376 3249 4446 φορὸαίαν
3277 4373 3412 4442 περὶ
3442 4373 3559 4442 τὴν
3572 4372 3716 4440 ῥῖνα

2126 4473 2344 4537 αὑτοῦ,
2372 4473 2610 4542 ψελλιῳ
2662 4471 2731 4525 δὲ
2771 4468 3099 4539 τρυπήσεις
3137 4467 3206 4521 τὸ
3246 4467 3449 4537 χεῖλος
3500 4463 3723 4519 aurei};

2127 4564 2397 4634 Λαλήσει
2450 4562 2517 4618 δέ
2554 4581 2655 4618 σοι
2691 4560 2897 4628 δεήσει
2948 4561 3049 4617 καί
3096 4558 3361 4627 ἱκετηρία
3401 4554 3710 4627 μαλακῶς,

2126 4656 2300 4727 λήψῃ
2343 4656 2412 4710 δὲ
2461 4654 2652 4711 αὐτὸν
2701 4655 2930 4710 δοῦλον
2973 4653 3235 4709 αιώνιον.
3293 4651 3404 4706 Καὶ
3447 4650 3577 4720 ἑξῆς
3614 4651 3716 4703 ἑπ-

438 4729 524 4776 rat
554 4734 742 4792 postea
774 4724 1028 4780 eumdem
1072 4727 1249 4797 ipsum
1290 4738 1592 4786 memorato
1624 4733 1762 4787 mari
1787 4733 2023 4805 impera-

2126 4724 2247 4816 ἀγέί
2266 4724 2295 4778 ἶ
2332 4747 2519 4813 Αὐτὸς
2571 4745 2642 4800 δέ
2671 4746 2805 4800 ἐστι
2841 4744 3142 4810 ,βασιλεὺς
3176 4743 3418 4797 πάντων
3478 4741 3600 4794 τῶν
3640 4740 3715 4793 ἐν

437 4820 648 4880 turum,
684 4817 1031 4872 vulneratum
1059 4819 1210 4874 illum
1252 4820 1310 4874 in
1350 4821 1488 4876 mari
1517 4822 1807 4895 degentem
1840 4827 2023 4883 humi-

436 4902 720 4969 liaturum,
751 4923 1052 4979 omnesque
1088 4910 1342 4967 inimicos
1371 4928 1504 4969 suos
1553 4914 1610 4970 in
1660 4917 1884 4975 brachio
1909 4922 2024 4977 vir-

437 4998 574 5053 tutis
603 5013 717 5053 suaa
739 4998 1135 5072 dissipaturum
1165 5018 1311 5059 esse.
1348 5003 1474 5060 Haec
1509 5021 1674 5076 porto
1706 5014 2021 5071 necessario

438 5089 576 5146 dicit
609 5109 621 5145 ε
660 5105 787 5145 nam
836 5092 918 5147 sic
965 5101 1123 5149 antea
1152 5094 1392 5162 locutus,
1427 5096 1624 5155 Potens
1668 5118 1746 5164 es,
1778 5102 2024 5173 Domine,

439 5191 492 5237 et
524 5184 719 5238 ueritas
752 5191 844 5236 tua
874 5182 931 5236 in
973 5183 1199 5237 circuitu
1239 5195 1330 5240 tuo
1351 5229 1366 5254 ,
1392 5187 1505 5257 jam
1542 5189 1609 5243 ad
1643 5191 1776 5247 dicti
1821 5196 2028 5250 verita-

2129 4835 2254 4903 τοῖς
2296 4835 2497 4892 ὕδασι.
2525 4835 2684 4890 Κατὰ
2705 4836 2766 4890 τὸ
2792 4836 2924 4889 αὑτὸ
2956 4835 3172 4909 εἴρηται
3221 4834 3351 4906 περὶ
3399 4832 3494 4887 τοῦ
3542 4830 3713 4885 αὑτοῦ

2126 4926 2419 4999 δράκοντος
2447 4930 2515 4982 ὲκ
2540 4927 2835 5000 προσώπου
2880 4926 2975 4981 τοῦ
3010 4927 3212 5000 Κυρίου
3242 4928 3379 4999 πρὸς
3419 4925 3511 4980 τὸν
3553 4923 3710 4979 Ἰώ6’

2129 5022 2212 5076 οὐ
2242 5019 2547 5088 δέδοικας,
2599 5021 2689 5075 ὅτι
2727 5021 3086 5091 ⁴ἡτοίμασται
3124 5037 3225 5091 μοι
3265 5019 3337 5074 τὰ
3382 5018 3571 5089 χοῦνς
3615 5015 3718 5071 καὶ

2123 5112 2212 5166 διὰ
2232 5112 2343 5167 τῶν
2366 5113 2744 5185 προκειμένων
2768 5113 3082 5182 ἀναγκαίως
3106 5111 3313 5166 τούτων
3337 5112 3710 5184 ἐμνημόνευσε

2125 5206 2185 5259 τὸ
2210 5206 2355 5259 θεῖον
2388 5205 2636 5278 Πνεῦμα,
2668 5205 2919 5259 διδάσκον
2958 5202 3052 5256 τοῦ
3086 5204 3423 5271 Μονογενοῦς
3449 5202 3544 5257 τοῦ
3569 5202 3707 5257 Θεοῦ

445 5282 552 5330 tem
607 5275 1095 5346 comprobandum,
1134 5277 1252 5346 ipsa
1306 5294 1365 5333 re
1411 5279 1639 5337 denotat
1671 5301 1778 5353 qua
1810 5288 2023 5345 ratione

2126 5297 2221 5367 τὴν
2247 5298 2415 5370 μέχρι
2438 5275 2893 5370 τῆςήδηλωθείσης
2918 5297 3195 5365 θαλάσσης
3210 5295 3455 5350 κάθοδον.
3472 5294 3713 5364 Προθεο-

448 5365 710 5424 Dominus
744 5375 939 5438 potens
967 5369 1073 5435 sit,
1106 5379 1165 5423 ut
1192 5368 1321 5424 hinc
1355 5374 1626 5441 promissa
1660 5375 1850 5434 Davidi
1881 5380 2024 5437 facta

443 5473 571 5513 vera
609 5475 733 5517 esse
761 5460 1025 5516 declaret.

2122 5385 2359 5459 λογήσας
2373 5385 2505 5456 γοῦν
2538 5387 2832 5451 αὑτὸν,καὶ
2859 5386 2958 5458 τὴν
2985 5386 3206 5458 πρώτην
3241 5383 3407 5438 αὐτοῦ
3424 5383 3711 5456 διατριϐὴν

2121 5476 2221 5547 τὴν
2243 5478 2301 5531 ἐν
2324 5480 2437 5541 τοῑζ
2463 5478 2639 5547 ἁγίοις
2666 5477 2858 5542 εἰπὼν,
2877 5478 2962 5542 τίς
2988 5478 3049 5531 τὲ
3087 5480 3224 5539 ἐστι,
3251 5479 3345 5531 καὶ
3375 5476 3718 5549 μεθ’ὸποίων

443 5551 537 5603 καί
554 5553 613 5606 ἐν
630 5552 805 5616 ποίοις
827 5555 1071 5624 πρόεισιν
1090 5558 1130 5621 ⁸,
1154 5553 1281 5626 ἑξῆς
1301 5558 1395 5611 καὶ
1418 5558 1770 5631 παρίστησιν,
1788 5563 1869 5617 ὅτι
1890 5564 1955 5638 δὴ
1973 5566 2134 5631 αὐτὸς
2156 5569 2361 5635 ἐκεῖνος
2384 5571 2590 5642 καὶτῆς
2610 5570 2945 5642 δηλωθείσης
2972 5571 3103 5641 ἡμῖν
3129 5567 3406 5640 θαλάσσης
3427 5568 3713 5639 κρατήσειν

444 5655 538 5693 και
568 5645 659 5734 τὸν
700 5644 760 5696 ἐν
790 5645 925 5716 αὑτῇ
950 5647 1292 5717 τραυματίαν
1324 5649 1687 5719 ταπεινώσει,
1716 5655 1813 5709 καὶ
1855 5658 1913 5712 ὲν
1980 5658 2057 5730 τῷ
2098 5660 2345 5733 βραχίονι
2406 5661 2518 5716 τοῦ
2552 5664 2787 5734 κράτους
2840 5661 3008 5717 αὑτοῦ
3056 5659 3264 5724 πάντας
3302 5661 3430 5724 τοὺς
3482 5657 3709 5730 ἐχθροὺς

554 5733 864 5802 πρόσεστιν.

510 5824 559 5903 ff
584 5823 712 5903 .lsat
740 5840 922 5903 χχχιχ,
960 5828 1010 5879 1.
1084 5828 1152 5861 ³⁸⁸
1192 5829 1337 5903 Psal.
1372 5846 1507 5903 cm,
1542 5837 1647 5902 25,
1680 5840 1772 5901 26.

441 5893 487 5928 ²⁹
524 5891 658 5948 ibid.
692 5894 713 5947 1
743 5934 757 5959 ,
799 5892 1023 5962 Vulgata
1054 5913 1198 5953 secus
1228 5898 1401 5953 habet.

1882 5848 1928 5878 "'
1965 5845 2111 5904 Psal.
2149 5863 2344 5914 tum,
2382 5849 2467 5904 M.

2595 5851 2636 5883 υ
2682 5848 2778 5906 ιρι)
2815 5864 2924 5913 η,ι
2951 5841 3138 5900 20-25.
3244 5840 3295 5873 ⁸⁸
3325 5839 3427 5898 Job
3460 5859 3544 5897 xu
3567 5884 3581 5909 ,
3614 5844 3707 5900 25.
