4074 6416
362 314 502 374 1089

1536 314 2044 372 COMMENTARIA
2083 314 2150 369 ΙΝ
2191 314 2533 373 PSALMOS.

3500 320 3641 377 1090

359 435 525 489 αὐτοῦ
570 434 970 507 διασκορπίσει.
1020 433 1185 502 Λέγει
1244 432 1301 487 δὲ
1364 432 1538 487 ταῦτα
1594 432 1939 502 ἀναγκαίως·
1981 432 2259 506 προειπὼν
2290 434 2420 507 γὰρ,
2467 434 2732 502 Δυνατὸς
2779 437 2852 503 εἴ,
2885 438 3084 507 Κύριε,
3155 436 3255 493 καί
3297 438 3337 507 ὴ
3388 437 3642 505 ἀλήθειά

358 541 477 582 σου
520 527 724 593 κύκλῳ
780 541 931 590 σου,
978 524 1306 597 παρίστησιν
1354 525 1540 588 αὐτοῖς
1593 523 1774 595 ἔργοις
1826 522 1945 588 πῶς
1984 524 2220 597 ὑπάρχει
2246 525 2471 590 δυνατὸς
2496 528 2526 579 ὁ
2560 524 2766 597 Κύριος
2788 527 2869 590 είς
2897 526 3160 581 πίστωσιν
3231 527 3328 599 τῆς
3382 526 3642 599 ἀληθείας

359 619 524 677 αὐτοῦ
549 659 564 683 ,
612 619 753 690 ὑπὲρ
799 617 894 671 τοῦ
935 616 1034 681 τὰς
1081 616 1415 686 ἐπαγγελίας
1460 616 1598 687 πρὸς
1646 618 1738 670 τὸν
1782 616 1945 671 Δαυῒδ
1980 618 2356 691 γεγενημένας
2381 618 2605 689 ἀληθεῖς
2630 618 2927 685 ἀποδεῖξαι.

430 715 535 769 Σοί
580 717 741 768 εἰσιν
767 712 1045 780 οὐρανοί,
1095 714 1192 767 καί
1227 710 1310 779 σή
1361 712 1534 766 ἐστιν
1587 714 1626 782 ἡ
1679 712 1783 783 τῆ.
1829 713 1945 782 τὴν

2127 713 2291 771 Vens.
2326 714 2416 780 12,
2441 716 2529 770 13.
2551 715 2654 770 Tui
2676 723 2801 771 sunt
2831 714 2948 769 creti
2967 723 3022 769 et
3041 726 3133 768 tua
3161 724 3242 770 est
3274 727 3438 780 terra,
3459 717 3638 772 orbem

359 804 722 875 οἰκουμένην
760 804 859 857 καί
906 801 970 857 τὸ
1029 802 1321 872 πλήρωμα
1367 801 1559 871 αὐτῆς
1604 802 1687 857 σὺ
1743 804 1944 875 ἐθεμε-

359 900 590 965 ,ιίωσας
614 940 629 960 ,
687 897 793 952 τὸν
854 895 1089 965 ,βοῤῥᾶν
1160 897 1257 950 καί
1288 882 1432 965 ’τὴν
1480 896 1807 952 θάλασσαν
1834 890 1945 957 vi)

364 990 632 1057 ἐκτίσας.
664 989 864 1058 Θαόὼρ
901 990 1001 1044 καί
1043 989 1264 1058 Ἑρμῶν
1309 989 1380 1042 ἐν
1407 988 1486 1055 τῷ
1534 991 1780 1060 ὀνόματί
1827 1009 1946 1048 σου

364 1083 856 1153 ἁγαλλιάσονται.
885 1081 947 1135 Ἦ
967 1081 1171 1135 διάνοια
1192 1081 1301 1134 τῶν
1324 1082 1698 1154 προκειμένων
1720 1084 1944 1155 τοιαύτη

361 1178 444 1240 τίς
478 1179 614 1229 ἐστι·
653 1174 956 1244 Πεποίησαι
993 1173 1112 1244 μὲν,
1149 1167 1194 1227 ὧ
1232 1172 1405 1245 Κύριε
1428 1212 1444 1238 ,
1477 1173 1615 1245 πρὸς
1648 1175 1739 1229 τὸν
1786 1174 1947 1229 Δαυῖδ

362 1268 699 1339 ἐπαγγελίας
723 1269 851 1341 περὶ
892 1266 987 1321 τοῦ
1021 1267 1337 1339 σπέρματος
1378 1267 1544 1322 αὐτοῦ
1596 1267 1692 1321 καὶ
1735 1266 1831 1321 τοῦ
1864 1270 1946 1332 εἰς

361 1358 534 1414 αἰῶνα
560 1358 938 1430 διαρκέσοντος
974 1358 1164 1430 θρόνου
1209 1358 1406 1412 αὐτοῦ·
1440 1360 1536 1413 καὶ
1574 1359 1776 1424 ταύτας
1798 1358 1947 1431 ὤμο-

365 1468 465 1514 σας
493 1449 570 1521 τῷ
597 1449 761 1504 Δαυῖδ
780 1449 1137 1504 ἐπιτελέσειν.
1178 1449 1426 1522 Ὀρῶμεν
1461 1450 1519 1504 δὲ
1552 1453 1714 1522 ἡμεῖς
1746 1452 1796 1504 οἰ
1848 1451 1945 1506 ἄν-

364 1541 572 1614 θρωποι
603 1540 677 1612 μὴ
713 1540 1097 1612 πληρουμένας
1121 1540 1310 1604 αὐτὰς,
1344 1541 1467 1596 ὅσον
1491 1542 1584 1594 ἐπὶ
1609 1544 1723 1606 τοῖς
1755 1540 1949 1613 αἰσθη-

361 1636 474 1697 τοῖς
499 1634 595 1688 καὶ
637 1632 969 1704 ὁρωμένοις·
1004 1632 1084 1685 διὸ
1129 1649 1333 1702 φαμεν,
1360 1633 1488 1688 Ποῦ
1524 1635 1643 1687 εἰσι
1686 1633 1761 1688 τὰ
1800 1632 1944 1702 ἐλέη

360 1742 479 1780 σου
505 1725 580 1779 τὰ
619 1724 861 1793 ἀρχαῖα,
893 1725 1102 1793 Κύριε;
1151 1724 1290 1797 πλὴν
1324 1724 1461 1780 ἀλλὰ
1490 1725 1835 1798 πεπείσμεθά
1885 1742 1946 1780 σε

362 1817 422 1884 ἐξ
454 1817 692 1881 ἅπαντος
732 1817 1018 1889 ἀληθεύειν
1037 1858 1052 1883 ,
1080 1820 1162 1873 ὅτι
1199 1817 1457 1885 δυνατὸς
1484 1815 1558 1883 εἴ,
1599 1818 1695 1874 καὶ
1726 1819 1765 1886 ἡ
1798 1818 1948 1887 ἀλή-

363 1911 491 1966 θειά
517 1925 634 1966 σου
656 1912 858 1976 κύκλῳ
879 1926 1016 1965 σου.
1039 1909 1150 1964 Καὶ
1178 1911 1457 1983 μάρτυρές
1476 1928 1540 1980 γε
1565 1912 1665 1982 τῆς
1686 1912 1947 1985 ἀληθείας

364 1994 459 2058 σου
494 2003 695 2068 πάντες
724 2005 774 2057 οἰ
809 2003 938 2075 περί
978 2002 1067 2056 σέ’
1111 2005 1168 2057 αἰ
1215 2004 1346 2072 γοῦν
1393 2005 1634 2075 οὐράνιοι
1686 2005 1947 2076 δυνάμεις

2046 820 2208 864 terrte
2235 819 2287 864 et
2317 809 2698 878 plenitudinem
2727 810 2843 879 ejus
2877 819 2934 863 tu
2965 810 3229 879 fundasti,
3263 813 3561 882 aquilonem
3587 822 3641 867 et

2047 919 2193 957 mare
2207 911 2265 956 tu
2278 904 2490 957 creasti.
2501 901 2711 957 Thabor
2723 912 2772 956 et
2792 901 3029 957 Hermon
3044 903 3098 956 in
3116 904 3323 958 nomine
3354 914 3443 958 tuo
3458 905 3641 959 exsula-

2048 994 2255 1051 tabunt.
2279 993 2485 1050 Horum
2513 995 2640 1050 talis
2674 995 2944 1050 sententia
2989 1002 3112 1050 est:
3146 994 3360 1061 Davidi,
3384 995 3637 1062 Domine,

2046 1086 2321 1158 promissa
2351 1086 2552 1141 dedisti
2577 1086 2645 1141 de
2673 1087 2885 1141 semine
2918 1085 3064 1155 ejus,
3086 1100 3152 1140 ac
3181 1086 3250 1142 de
3290 1087 3488 1141 throno
3517 1088 3638 1157 eius

2047 1195 2223 1250 usque
2264 1179 2319 1233 in
2349 1186 2617 1234 aeternum
2645 1177 2916 1232 duratum
2948 1195 2961 1230 :
2992 1185 3158 1247 atque
3192 1178 3295 1247 ipsi
3327 1175 3516 1231 Davidi
3545 1177 3639 1245 ju-

2046 1271 2187 1327 rasti
2218 1278 2273 1327 te
2296 1286 2362 1326 ea
2403 1270 2778 1341 perfecturum
2818 1285 2964 1325 esse.
3012 1267 3126 1325 Nos
3166 1278 3349 1325 autem
3382 1269 3638 1324 homines

2046 1362 2297 1420 videmus
2324 1363 2441 1417 haec
2482 1377 2589 1417 non
2623 1369 2892 1434 quantum
2938 1360 3007 1415 ad
3029 1375 3094 1415 ea
3124 1375 3247 1430 qua:
3278 1360 3384 1415 sub
3413 1373 3636 1416 sensum

2047 1465 2101 1512 et
2150 1464 2432 1524 aspectum
2465 1453 2674 1509 cadunt
2734 1451 2951 1523 impleri
2983 1472 2997 1507 :
3026 1466 3196 1523 quare
3242 1452 3499 1516 dicimus,
3536 1450 3638 1506 Ubi

2048 1556 2174 1603 sunt
2195 1546 2578 1602 misericordia:
2609 1554 2713 1600 tua:
2746 1546 3000 1611 antiqua,
3021 1544 3281 1600 Domine?
3310 1558 3638 1615 persuasum

2050 1648 2231 1694 tamen
2287 1639 2558 1696 habemus
2613 1646 2668 1695 te
2723 1653 2953 1709 prorsus
3009 1654 3259 1694 veraeem
3318 1653 3461 1704 esse,
3508 1640 3639 1707 quia

2047 1740 2229 1802 potens
2258 1747 2313 1786 es
2347 1740 2399 1786 et
2422 1731 2619 1786 veritas
2642 1738 2736 1784 tua
2762 1730 2818 1783 in
2845 1730 3072 1783 circuitu
3100 1739 3212 1784 tuo.
3247 1728 3441 1787 Testes
3470 1745 3640 1801 porro

2047 1820 2299 1877 veritatis
2340 1828 2449 1875 tute
2483 1828 2616 1876 sunt
2662 1828 2935 1891 quotquot
2982 1822 3131 1874 circa
3167 1827 3223 1875 te
3271 1819 3586 1875 consistunt
3616 1833 3637 1874 ε

2048 1929 2177 1971 nam
2231 1914 2487 1969 ccelestes
2534 1913 2770 1969 virtutes
2801 1912 3191 1982 conﬁtebuntur
3219 1910 3490 1966 mirabilia
3521 1920 3637 1979 tua,

2048 2017 2100 2063 et
2128 2008 2401 2062 ueritatem
2452 2015 2600 2060 tuam
2636 2006 2696 2060 in
2746 2004 2988 2061 Ecclesia
3033 2015 3362 2061 sanctorum.
3394 2003 3461 2058 Et
3505 2018 3640 2060 sane

362 2093 915 2177 ἐξομολογήσονται
935 2096 1008 2149 τὰ
1031 2095 1335 2165 θαυμάσιά
1355 2111 1493 2163 σου,
1523 2098 1622 2152 καὶ
1656 2097 1772 2166 τὴν
1799 2098 1948 2167 ἀλή-

2048 2101 2172 2171 jure
2205 2100 2461 2156 caelestes
2501 2099 2608 2154 illa
2632 2100 2865 2154 virtutes
2903 2099 3186 2154 veritatem
3220 2106 3368 2152 tuam
3407 2097 3637 2152 conﬁte-

364 2186 531 2241 θειάν
575 2202 693 2241 σου
737 2188 808 2241 ἐν
859 2187 1184 2255 Ἐκκλησίᾳ
1234 2189 1436 2242 ὁσίων.
1474 2189 1585 2243 Καὶ
1614 2190 1840 2253 εἰκότως
1890 2188 1948 2243 αἰ

361 2278 604 2350 οὐράνιοι
625 2278 886 2350 δυνάμεις
907 2278 1005 2350 τὴν
1032 2278 1287 2349 ἀλήθειάν
1310 2296 1402 2333 σου
1440 2280 1946 2352 ἐξομολογήσονται,

362 2370 551 2442 ἐπειδὴ
576 2372 635 2425 ἐν
661 2370 738 2440 τῷ
771 2369 988 2442 οὐρανῷ
1017 2370 1470 2442 ἐτοιμασθήσεται
1492 2374 1525 2444 ἡ
1564 2372 1793 2444 ἀλήθειά
1818 2391 1911 2427 σου
1930 2390 1944 2405 ⁸

360 2465 438 2528 ὡς
474 2464 672 2538 μηκέτι
722 2464 832 2518 δεῖν
862 2464 962 2527 τὰς
1007 2463 1340 2533 ἐπαγγελίας
1374 2480 1488 2527 σου,
1523 2462 1622 2527 τὰς
1665 2464 1802 2535 πρὸς
1856 2465 1950 2519 τὸν

360 2556 547 2619 Δαυῒδ,
577 2555 853 2626 ἐπιγείους
885 2551 1024 2609 εἶναι
1068 2557 1162 2609 καὶ
1205 2555 1522 2627 σωματικάς
1569 2557 1837 2627 νομίζειν·
1889 2559 1950 2611 ἐν

360 2650 470 2722 γὰρ
497 2649 578 2720 τῷ
608 2648 824 2721 οὐρανῷ
851 2648 1353 2720 ἐτοιμασθήσεταιή
1381 2648 1612 2721 ἀλήθειά
1630 2667 1745 2704 σου.
1764 2648 1951 2705 Ταῦτα

360 2741 417 2795 δὲ
443 2742 538 2796 καὶ
580 2739 744 2803 αὐτὸς
802 2742 867 2791 ἐκ
910 2739 1006 2792 τοῦ
1048 2740 1207 2808 ἁγίου
1254 2741 1573 2812 Πνεύματος
1612 2740 1949 2812 μεμαθηκώς

362 2849 535 2906 φημισ
577 2832 655 2886 Τὰ
708 2830 850 2899 me;
900 2847 1017 2885 σου
1063 2833 1151 2897 εὶς
1196 2830 1304 2885 τὸν
1333 2831 1522 2887 αἰῶνα
1566 2832 1805 2902 ᾄσομαι.
1844 2836 1951 2901 Εἰς

361 2923 577 2995 7378m-
622 2922 723 2977 καὶ
753 2923 967 2993 γενεὰν
1016 2921 1335 2992 ἀπαγγελῶ
1359 2923 1476 2992 τὴν
1513 2923 1803 2991 ἀλήθειάν
1831 2941 1949 2980 σου

360 3018 432 3070 ἐν
458 3015 539 3083 τῷ
568 3015 821 3085 στόματι
837 3031 978 3084 μου.
1020 3012 1328 3084 Ἀληθεύειν
1357 3012 1413 3067 δέ
1448 3031 1507 3067 σε
1533 3014 1667 3068 Θεὸν
1703 3013 1832 3069 ὄντα
1853 3017 1949 3070 καὶ

364 3110 568 3183 Κύριον
595 3108 705 3163 τῶν
738 3108 876 3162 ὅλων
911 3105 1203 3160 πεπεῖσθαι
1229 3107 1356 3176 χρὴ,
1376 3105 1464 3159 διὰ
1491 3104 1553 3159 τὸ
1581 3105 1782 3177 μηδένα
1811 3101 1950 3160 εἰναι

360 3205 546 3276 ὅμοιον
587 3206 655 3275 τῇ
687 3205 755 3275 σῇ
787 3201 1050 3271 δυνάμει·
1089 3202 1183 3254 καὶ
1213 3200 1321 3273 γὰρ
1359 3201 1453 3254 καὶ
1492 3198 1602 3254 τῶν
1641 3200 1951 3272 ἀσωμάτων

362 3297 458 3352 καί
487 3295 647 3350 θείων
676 3293 959 3365 δυνάμεων
990 3292 1197 3366 Κύριος
1234 3288 1306 3357 εἰ,
1334 3292 1428 3346 καὶ
1457 3292 1681 3356 δυνατὸς
1711 3289 1763 3347 εί
1789 3294 1949 3365 μόνος

362 3390 456 3443 καί⁸
482 3388 622 3459 ὑπὲρ
653 3386 883 3451 πάντας,
917 3385 993 3450 ὼς
1026 3385 1127 3457 τὴν
1174 3384 1432 3457 ἀλήθειάν
1465 3402 1561 3440 σου
1603 3387 1946 3443 πιστοῦσθαι.

362 3482 427 3535 Εί
451 3480 508 3534 δὲ
538 3479 634 3534 καί⁸
665 3478 781 3532 ἐστι
806 3495 891 3542 τις
911 3480 969 3531 ἐν
994 3481 1109 3542 τοῖς
1130 3473 1283 3534 οὖσιν
1311 3480 1677 3552 ὑπερήφανος,
1701 3483 1731 3535 ὁ
1752 3480 1950 3536 καλού-

368 3588 528 3645 μενος
551 3571 798 3635 διάὗολος
834 3571 1214 3643 ἀντικείμενος
1234 3574 1342 3636 ἀεὶ,
1376 3574 1470 3628 καὶ
1501 3573 1753 3646 πολεμῶν
1782 3577 1849 3647 τῇ
1882 3578 1950 3648 σῇ

364 3664 615 3737 ἀληθείᾳ,
668 3662 806 3717 ἀλλά
852 3663 918 3716 σὺ
964 3663 1151 3719 τοῦτον
1209 3664 1610 3731 ἑταπείνωσαςο
1651 3665 1763 3719 εἴτε
1806 3668 1952 3733 τινές

364 3759 501 3812 εἰσιν
531 3756 672 3828 ὑπὲρ
703 3753 892 3810 τοῦτον
925 3754 1119 3827 ἐχθραὶ
1152 3757 1248 3810 καὶ
1271 3756 1648 3827 ἀντικείμεναι
1670 3756 1949 3828 δυνάμεις,

364 3849 504 3905 ἀλλὰ
537 3849 632 3903 καὶ
659 3847 862 3912 ταύτας
890 3836 1300 3920 διεσκόρπισας.
1335 3847 1576 3903 Πάντοτε
1617 3848 1683 3901 σύ
1709 3851 1948 3919 κρατεῖς,

364 3944 588 4017 καὶτῆς
639 3944 748 3999 τῶν
774 3943 913 3998 ὅλων
960 3943 1150 4008 οὐσίας
1197 3945 1262 3998 σὺ
1316 3942 1638 4010 δεσπόζεις,
1690 3944 1813 3996 ἐπεὶ
1854 3945 1952 3997 καὶ

365 4037 594 4108 ποιητὴς
634 4035 744 4090 τῶν
782 4035 919 4090 ὅλων
952 4035 1265 4106 τυγχάνεις.
1300 4035 1450 4109 Αὕτη
1496 4034 1607 4109 γὰρ
1641 4037 1676 4107 ἡ
1706 4035 1951 4090 θάλασσα

364 4129 460 4183 καὶ
488 4128 550 4183 τὸ
590 4128 844 4183 τοσοῦτον
873 4128 975 4199 τῆς
1026 4129 1200 4200 ὑγρᾶς
1244 4128 1433 4193 οὐσίας
1480 4131 1742 4200 στοιχεῖον
1791 4127 1950 4199 ἔργον

365 4221 603 4294 ὑπάρχει
634 4222 745 4288 σὺν,
779 4222 874 4276 καὶ
906 4220 966 4275 σὲ
1007 4220 1196 4292 κύριον
1236 4219 1622 4292 ἐπιγράφεται.
1671 4221 1736 4274 Ei
1763 4219 1820 4273 δὲ
1856 4218 1951 4273 καὶ

360 4313 583 4387 οὐρανοί
633 4332 778 4378 τινες
809 4313 1070 4387 ἀνώτεροι
1109 4313 1206 4368 τοῦ
1253 4312 1633 4387 στερεώματος
1681 4311 1947 4376 νοοῦνται,

362 4407 526 4462 θείων
553 4408 881 4480 πνευμάτων
915 4406 1011 4461 καὶ
1049 4404 1335 4478 δυνάμεων
1377 4404 1577 4476 ἁγίων,
1618 4402 1727 4458 τῶν
1758 4419 1816 4456 τε
1850 4402 1951 4472 τὴν

368 4499 466 4574 σὴν
500 4500 730 4571 θεότητα
776 4497 1217 4572 περιπολούντων
1251 4497 1498 4568 ἀγγέλων
1533 4496 1627 4550 καὶ
1671 4494 1950 4566 ἀρχαγγέ-

363 4592 472 4646 λων
503 4592 823 4664 οἰκητήρια,
869 4591 965 4645 καὶ
1007 4582 1155 4645 οὗτοι
1188 4591 1272 4645 σοί
1310 4592 1449 4644 εἰσιν
1500 4588 1620 4659 ἅμα
1659 4588 1794 4642 πᾶσι
1838 4589 1952 4652 τοῖς

2051 2193 2277 2258 buntur,
2312 2192 2442 2264 quia
2472 2192 2530 2246 in
2566 2191 2709 2246 ccelo
2740 2190 3142 2262 praeparabitur
3163 2190 3369 2245 veritas
3400 2197 3528 2253 tua;
3561 2188 3639 2242 ita

2050 2294 2112 2340 ut
2148 2284 2421 2356 promissa
2454 2291 2548 2338 tua
2576 2283 2644 2338 ad
2673 2280 2935 2338 Davidem
2968 2280 3135 2346 facta,
3168 2296 3276 2335 non
3315 2279 3502 2350 utique
3525 2289 3640 2333 ter-
3674 2272 3687 2287 ‘

2053 2391 2182 2432 rena
2210 2380 2264 2431 et
2295 2389 2562 2445 corporea
2596 2373 2849 2429 habenda
2887 2373 2999 2429 sint
3025 2390 3050 2427 :-
3069 2387 3195 2427 nam
3241 2371 3297 2426 in
3331 2370 3476 2425 coelo
3497 2384 3641 2440 prae-

2050 2467 2337 2539 parabitur
2373 2469 2580 2522 veritas
2609 2474 2724 2522 tua.
2759 2464 2888 2521 Haec
2922 2480 3054 2521 vero
3093 2480 3123 2518 a
3172 2463 3384 2534 Spiritu
3445 2469 3641 2518 sancto

2050 2562 2280 2616 edoctus
2311 2558 2439 2613 dico
2468 2578 2481 2613 :
2510 2557 2910 2613 Misericordias
2937 2565 3058 2611 tuas
3087 2558 3143 2610 in
3167 2565 3422 2611 azternum
3451 2561 3642 2608 canta-

2053 2649 2136 2705 bo.
2170 2648 2236 2703 In
2265 2649 2658 2721 generationem
2685 2656 2735 2703 et
2767 2645 3160 2718 generationem
3192 2641 3521 2697 annuntiabo
3549 2657 3640 2696 ue-

2053 2743 2267 2795 ritatent
2306 2750 2454 2794 tuam
2487 2741 2542 2794 in
2574 2756 2664 2794 ore
2694 2755 2830 2794 meo.
2861 2738 2941 2794 Te
2970 2751 3158 2810 porro,
3182 2744 3371 2807 utpote
3389 2734 3559 2790 Deum
3584 2742 3641 2790 et

2052 2831 2348 2887 Dominum
2385 2835 2798 2896 universorum,
2819 2844 3072 2886 veracem
3094 2829 3321 2885 Credere
3356 2829 3636 2895 convenit,

2053 2925 2182 2996 quia
2218 2924 2406 2979 nullus
2434 2934 2521 2980 est
2567 2924 2666 2979 tibi
2702 2924 2906 2978 virtute
2956 2921 3198 2978 similis:
3233 2922 3502 2991 siquidem
3552 2920 3641 2976 in-

2053 3031 2446 3089 corporearum
2491 3026 2547 3074 et
2584 3017 2894 3073 divinarum
2946 3017 3211 3071 virtutum
3255 3000 3522 3073 Dominus
3551 3032 3637 3082 es,

2053 3109 2317 3179 solusque
2343 3123 2409 3162 ac
2454 3124 2621 3179 super
2661 3123 2854 3163 omnes
2885 3116 3083 3178 potens
3118 3122 3202 3171 es,
3228 3107 3305 3162 ita
3340 3118 3399 3162 ut
3431 3108 3638 3163 verita-

2054 3211 2161 3256 tem
2192 3207 2344 3255 tuam
2379 3201 2699 3257 credibilem
2754 3200 2936 3256 facere
2985 3202 3187 3271 possis.
3223 3199 3381 3267 Quod
3420 3202 3465 3256 si
3515 3200 3643 3272 quis

2052 3292 2108 3347 in
2141 3308 2324 3349 rerum
2358 3300 2556 3349 natura
2593 3294 2867 3365 superbus
2887 3294 3139 3358 exsistat,
3164 3307 3360 3364 nempe
3385 3291 3641 3348 diabolus

2052 3384 2149 3439 tibi
2197 3397 2415 3453 semper
2466 3382 2838 3447 adversarius,
2871 3399 2936 3438 ac
2982 3384 3267 3438 veritatem
3318 3395 3644 3452 oppugnatis

1988 3457 2019 3480 ³
2054 3485 2239 3532 tuam:
2274 3481 2334 3530 tu
2376 3490 2511 3531 sane
2556 3475 2703 3531 hunc
2739 3476 3038 3531 buiniliasti
3075 3493 3089 3529 :
3120 3474 3165 3531 si
3200 3487 3333 3529 vero
3375 3473 3502 3527 huic
3541 3486 3634 3528 su-

2054 3569 2299 3639 periores
2334 3568 2585 3639 quaedam
2629 3570 2868 3645 inimicae
2907 3577 2962 3623 et
3000 3567 3246 3623 adversae
3281 3566 3379 3621 tibi
3404 3567 3644 3620 virtutes

2053 3661 2184 3723 sint.
2218 3676 2314 3717 eas
2355 3674 2577 3731 quoque
2607 3659 2912 3731 dissipasti.
2944 3657 3027 3713 Tu
3059 3659 3262 3730 ubique
3284 3659 3544 3729 imperas,
3585 3664 3642 3712 et

2054 3752 2440 3806 universorum
2478 3751 2805 3806 substantia:
2831 3750 3157 3813 dominaris,
3194 3748 3324 3820 quia
3359 3749 3642 3803 universo-

2051 3857 2174 3896 rum
2208 3839 2390 3912 opiiex
2419 3856 2502 3896 es.
2543 3841 2726 3913 Ipsum
2755 3841 2958 3912 quippe
2982 3857 3153 3904 mare,
3180 3849 3506 3911 tantumque
3533 3839 3640 3893 hu-

2052 3934 2214 3988 mida:
2251 3932 2576 3989 substantia
2630 3932 2982 3997 elementum,
3021 3941 3176 3987 tuum
3207 3940 3295 3989 est
3329 3932 3636 4002 opiﬁcium,

2051 4034 2214 4097 teque
2244 4025 2528 4082 dominum
2556 4026 2782 4081 ascribit
2803 4040 2987 4081 suum.
3008 4025 3151 4092 Quid
3173 4025 3221 4081 si
3253 4025 3379 4080 caeli
3411 4022 3638 4095 quidam

2051 4118 2174 4188 ipso
2204 4117 2552 4173 ﬁrmamento
2573 4117 2887 4187 superiores
2930 4118 3264 4187 cogitentur,
3303 4116 3395 4186 qui
3427 4114 3638 4171 scilicet

2050 4210 2363 4266 divinorum
2395 4210 2711 4281 spirituum,
2738 4216 3055 4266 sanctarum
3090 4210 3378 4272 virtutum,
3412 4207 3636 4279 angelo-

2050 4318 2174 4358 rum
2205 4308 2261 4358 et
2278 4301 2733 4373 archangelorum
2771 4300 3033 4357 deitatem
3082 4307 3234 4355 tuam
3289 4298 3635 4370 stipantium,

2050 4391 2327 4449 domicilia
2343 4393 2491 4461 sint;
2521 4393 2577 4447 bi
2604 4407 2825 4463 quoque
2848 4407 2975 4447 cum
3006 4390 3265 4447 omnibus
3295 4389 3491 4446 incolis
3518 4388 3640 4443 suis

2052 4486 2134 4541 tui
2192 4495 2344 4543 sunt.
2393 4486 2558 4541 Aliud
2588 4486 2755 4542 etiam
2818 4485 3151 4542 elementum
3204 4500 3313 4539 non
3353 4483 3634 4554 exiguum,

2052 4579 2207 4636 arida
2244 4595 2441 4651 nempe
2473 4579 2785 4636 substantia
2806 4584 2862 4634 et
2881 4586 3028 4633 terra
3061 4575 3216 4632 oculis
3250 4574 3517 4645 subjecta,
3543 4580 3637 4627 tua

363 4683 606 4739 οἰκοῦσιν
636 4684 839 4747 αὐτοῖς.
877 4684 988 4737 Καὶ
1027 4682 1155 4738 ἀλλο
1198 4683 1255 4737 δὲ
1288 4685 1548 4754 στοιχεῖον
1591 4684 1652 4735 οὐ
1692 4680 1885 4753 μικρὸν
1915 4681 1948 4752 ἡ

2053 4676 2182 4732 item
2214 4681 2322 4731 est.
2346 4673 2485 4728 Cum
2516 4673 2699 4744 itaque
2734 4672 2923 4728 omnia
2964 4679 3057 4725 tuo
3093 4669 3253 4724 nutui
3293 4671 3555 4732 serviant,
3584 4675 3641 4722 et

371 4775 510 4846 ξηρὰ
530 4777 707 4842 οὐσία,
740 4776 893 4848 καὶὴ
936 4778 1050 4841 τοῖς
1091 4777 1342 4850 οὐρανοῖς
1376 4773 1715 4845 ὑποκειμένη
1753 4773 1847 4844 γῆν
1883 4773 1948 4845 σή

2057 4777 2116 4824 ιιι
2137 4767 2397 4824 omnibus
2420 4768 2677 4838 imperes,
2720 4772 2911 4836 utpote
2940 4762 3186 4819 omnium
3225 4762 3504 4825 dominus,
3539 4776 3639 4816 rex

369 4866 482 4922 ἐστι
515 4870 610 4923 καὶ
646 4868 809 4943 αὐτη.
832 4870 958 4924 Ὅτε
989 4868 1171 4923 τοίνυν
1213 4868 1284 4923 τὰ
1329 4867 1619 4940 σύμπαντα
1667 4869 1781 4930 τοῖς
1834 4868 1948 4931 σοῖς

2053 4869 2109 4917 et
2139 4860 2306 4927 Deus,
2334 4860 2463 4933 quis
2500 4860 2725 4915 resistet
2759 4857 2894 4912 tibi?
2945 4855 3015 4909 Et
3061 4853 3195 4926 quid
3246 4853 3641 4924 impedimento

366 4959 598 5033 νεύμασι
622 4962 883 5027 δουλεύει,
916 4964 1010 5018 καί⁸
1044 4962 1109 5017 σύ
1136 4962 1357 5017 πάντων
1392 4962 1633 5035 κρατεῖς,
1655 4958 1843 5030 κύριος
1871 4958 1948 5013 ὣν

2056 4953 2241 5019 fuerit,
2263 4953 2561 5025 quominus
2597 4961 2691 5007 tua
2715 4952 2892 5007 electo
2914 4956 3011 5004 tuo
3036 4946 3229 5002 Davidi
3256 4946 3382 5001 data
3405 4946 3641 5017 promis-

367 5052 620 5108 ἁπάντων
655 5056 751 5110 καὶ
796 5055 1052 5127 βασιλεὺς
1094 5055 1191 5110 καὶ
1222 5054 1385 5120 Θεὸς,
1433 5054 1519 5118 τίς
1565 5049 1948 5123 ἀντιστήσεταί

2057 5062 2141 5112 sa,
2173 5062 2297 5119 qua:
2322 5046 2543 5117 iuratus
2570 5044 2810 5109 edidisti,
2842 5040 3127 5099 credibilia
3161 5038 3500 5096 reddantur?

367 5161 480 5211 σοις
514 5147 586 5199 Ἢ
610 5148 661 5201 τί
680 5148 742 5202 τὸ
769 5125 1018 5220 ἐμποδὼν
1043 5147 1197 5203 ἐσται
1216 5146 1310 5202 τοῦ
1345 5148 1421 5221 μὴ
1477 5144 1858 5201 πιστώσασθαι
1920 5141 2018 5206 τὰς
2058 5141 2159 5206 σάς
2209 5141 2346 5215 πρὸς
2374 5139 2468 5195 τὸν
2513 5138 2769 5194 ἐκλεκτόν
2821 5153 2914 5190 σου
2958 5132 3121 5188 Δαυ⁴ιδ
3165 5128 3498 5202 ἐπαγγελίας
3520 5169 3535 5194 ,
3573 5125 3640 5191 ἃς

371 5241 488 5314 μεθ’
521 5242 684 5313 ὅρκου
717 5242 854 5314 πρὸς
875 5243 1037 5297 αὐτὸν
1075 5244 1350 5315 ἐποιήσω;
3663 5301 3674 5310 .

437 5335 653 5407 Σφόδρα
673 5335 852 5389 τοίνυν
873 5338 968 5391 καί⁵
997 5337 1308 5401 ἀκολούθως
1330 5339 1443 5403 τοῖς
1466 5336 1779 5410 ἔμπροσθεν
1803 5336 1948 5410 εἰρηε

2124 5329 2433 5386 Admodum
2465 5332 2837 5400 congruenter
2861 5339 3025 5395 supra
3060 5321 3223 5378 dictis
3250 5321 3362 5410 jam
3412 5317 3639 5387 subjicit

372 5428 552 5501 μένοις
582 5428 671 5483 διὰ
696 5428 805 5483 τῶν
836 5430 1215 5501 προκειμένων
1262 5409 1512 5504 ἐπήγαγε
1552 5409 1633 5499 τδ,
1664 5431 1769 5486 Σοί
1798 5432 1948 5485 εἰσιν

2053 5422 2188 5479 illud
2216 5440 2229 5476 :
2263 5420 2364 5475 Tui
2396 5427 2520 5476 sunt
2574 5416 2693 5472 caeli
2734 5425 2785 5471 et
2813 5424 2909 5469 tua
2950 5422 3028 5468 est
3059 5422 3201 5466 terra
3225 5426 3245 5465 :
3277 5409 3453 5466 orbem
3483 5418 3642 5463 terra:

369 5525 423 5578 οἱ
453 5521 720 5593 οὐρανοί,
753 5523 853 5577 καί
887 5523 972 5593 σή
1007 5523 1182 5577 ἐστιν
1208 5525 1246 5594 ἠ
1276 5502 1391 5595 τῆήέ
1437 5523 1556 5593 τὴν
1595 5520 1948 5593 οἰκουμένην

2052 5530 2099 5572 et
2128 5513 2510 5585 plenitudinem
2555 5512 2670 5582 ejus
2704 5518 2759 5563 tu
2810 5507 3073 5579 fundasti.
3121 5504 3245 5560 Non
3291 5502 3456 5558 modo
3489 5502 3637 5559 enim

372 5616 467 5670 καί
500 5615 794 5686 πλήρωμα
827 5613 1019 5684 αὐτῆς
1048 5614 1132 5669 σὺ
1155 5615 1580 5686 ἐθεμελίωσας.
1607 5614 1684 5670 Οὐ
1714 5613 1823 5686 γὰρ
1860 5613 1948 5684 μό-

2053 5611 2277 5673 cmlum,
2326 5608 2424 5670 ait,
2456 5614 2513 5661 et
2567 5606 2803 5660 virtutes
2845 5602 2922 5656 ibi
2955 5607 3285 5664 versantes,
3324 5595 3418 5653 sed
3471 5596 3641 5652 etiam

370 5725 460 5760 vov
488 5708 579 5763 τὸν
626 5706 875 5781 οὐρανὸν,
901 5710 1057 5781 φησί,
1113 5708 1210 5762 καὶ
1237 5707 1335 5772 τὰς
1390 5708 1450 5762 ἐν
1491 5705 1640 5778 αὐτῷ
1668 5706 1946 5777 δυνάμεις,

2056 5711 2257 5759 terram
2287 5697 2531 5756 fundasti
2554 5716 2568 5752 :
2589 5697 2679 5752 cui
2703 5694 2909 5749 accinit
2936 5693 3028 5748 illa
3059 5690 3481 5747 Proverbiorum
3512 5703 3637 5745 scn-

370 5797 505 5852 ἀλλὰ
531 5798 624 5853 καὶ
643 5799 740 5867 τὴν
774 5798 880 5868 γῆν
913 5799 978 5855 σὺ
1021 5797 1416 5868 ἐθεμελίωσας’
1451 5797 1757 5869 συμφώνως
1792 5797 1860 5869 τῇ
1892 5796 1948 5853 ἐν

2059 5791 2276 5852 tentia:
2309 5790 2454 5848 Deus
2489 5789 2754 5862 sapientia
2800 5786 3046 5858 [undavit
3082 5794 3277 5843 terram
3306 5799 3327 5839 :
3362 5796 3640 5854 pravam.
