4074 6414
403 354 531 410 1091
1077 348 1348 405 EU-SEBH
1389 345 1870 404 CESARIENSIS
1897 343 2048 399 OPP.
2088 342 2270 397 PARS
2303 343 2390 398 111.
2430 374 2502 385 -
2541 339 2952 398 EXEGETICA.
3536 345 3680 400 1092

400 474 472 526 vit
502 481 678 526 autem
702 471 859 525 cwlos
889 470 946 524 in
975 469 1261 539 prudentia
1291 470 1361 526 ³⁸.
1395 469 1496 525 Hic
1525 485 1659 524 vero
1684 469 1984 524 habitatam

2110 467 2209 528 ταῖς
2248 463 2584 536 Παροιμίαις
2622 463 2857 535 λεγούσῃ
2899 465 3073 535 φωνῇ.
3131 463 3185 516 Ὁ
3217 462 3360 530 Θεὸς
3388 463 3464 533 τῇ
3487 467 3682 536 σοφίᾳ

404 580 563 621 terra)
614 573 859 634 partem,
921 562 1081 634 quasi
1148 563 1586 634 praestantiorem
1618 601 1634 626 ,
1662 560 1986 630 οἰκουμένην

2110 557 2443 623 γθεμελίωσε
2485 554 2602 623 τὴν
2644 554 2764 624 γῆν
2788 573 2800 584 ·
2842 556 3136 625 ἡτοίμασε
3168 555 3237 609 δὲ
3274 557 3576 624 οὐρανοὺς
3612 559 3680 611 ἐν

403 657 728 722 nominavit,
763 657 830 711 ad
861 656 1161 712 discrimen
1194 657 1337 710 inter
1363 654 1637 710 desertam
1667 664 1721 709 et
1759 654 1984 707 cultam.

405 751 522 804 lmo
549 749 712 812 etiam
743 747 1139 819 plenitudinem
1165 747 1315 800 orbis
1341 753 1503 800 terra:
1540 744 1762 813 adiecit,
1799 744 1884 798 his
1914 743 1990 798 si-

405 841 672 912 gniﬁcans
723 841 1021 894 humanum
1054 854 1250 910 genus,
1284 837 1431 908 quod
1472 836 1662 891 orbem
1693 843 1854 890 terra}
1882 835 1988 887 im-

408 935 537 1004 plet.
568 931 754 1002 Neque
777 940 960 987 tamen
985 933 1230 997 aberres,
1263 931 1309 984 si
1339 930 1448 984 alio
1476 927 1788 998 explicandi
1840 941 1992 982 more

407 1026 601 1089 dicas,
671 1025 1066 1094 plenitudinem
1118 1039 1241 1078 esse
1303 1021 1607 1076 Salvatoris
1662 1019 1988 1081 Ecclesiam,

408 1133 575 1188 quam
623 1118 801 1187 ipsum
857 1116 951 1171 Dei
996 1115 1234 1170 Verbum
1276 1114 1528 1169 fundavit
1561 1129 1726 1185 supra
1755 1122 1987 1184 petram.

409 1208 755 1278 Quapropter
820 1209 949 1263 alibi
1019 1207 1225 1262 dictum
1277 1216 1364 1262 est
1416 1225 1429 1262 :
1491 1207 1751 1261 Dominus
1805 1223 1994 1276 regna-

409 1302 480 1355 vit
504 1342 519 1365 ,
548 1300 784 1355 decorem
818 1301 1032 1355 indutus
1063 1310 1160 1356 est.
1190 1300 1399 1356 Etenim
1421 1302 1652 1355 correxit
1689 1302 1864 1354 orbem
1888 1310 1992 1353 ter-

411 1409 506 1462 ηε,
524 1394 613 1464 qui
643 1412 745 1448 non
770 1393 1178 1447 commovebitur
1197 1393 1260 1445 δι.
1283 1392 1570 1458 Quomodo
1591 1403 1772 1446 autem
1797 1393 1993 1446 funda-

411 1488 552 1541 verit
574 1488 760 1542 orbem
795 1495 955 1541 terra:
982 1486 1177 1540 deinde
1208 1486 1419 1556 adjicit,
1444 1485 1754 1555 Aquilonem
1777 1495 1826 1538 et
1849 1502 1993 1540 mare

412 1589 470 1631 tu
493 1580 720 1633 creasti:
743 1579 935 1648 quinta
963 1594 1094 1633 vero
1121 1578 1313 1642 editio,
1340 1577 1652 1649 Aquilonem
1667 1586 1716 1631 et
1737 1589 1918 1632 not-um
1937 1588 1992 1632 tu

412 1670 626 1722 creasti.
661 1667 996 1738 Videturque
1031 1668 1160 1722 mihi
1193 1684 1288 1738 per
1319 1669 1429 1722 duo
1469 1669 1638 1722 latera
1667 1677 1721 1723 et
1751 1679 1993 1723 extrema

412 1759 591 1824 orbis,
645 1766 818 1812 totum
878 1759 1143 1814 mundum
1213 1760 1548 1830 signiﬁcare,
1606 1775 1767 1830 quem
1816 1761 1994 1830 reple-

2086 645 2398 716 φρονήσει.
2434 646 2574 699 Κατ’
2602 645 2879 716 ἐξαίρετον
2907 643 2965 700 δὲ
2998 646 3240 703 ἐνταῦθα
3275 647 3334 701 τὸ
3361 649 3684 721 οἰκούμενον

2093 739 2256 810 μέρος
2283 738 2384 809 τῆς
2417 740 2520 812 γῆς
2567 741 2891 811 οἰκουμένην
2932 741 3236 812 ὠνόμασεν,
3265 742 3683 810 άποδιαστείλας

2089 830 2189 900 τῆς
2249 831 2458 902 ἐρήμου
2517 831 2743 902 καὶτῆς
2797 832 3040 902 οἰκητοῦ.
3110 833 3270 886 Ἀλλα
3315 834 3503 886 καὶτὸ
3546 838 3684 908 πλή-

2094 938 2252 994 ρωμα
2312 923 2411 992 τῆς
2450 922 2775 993 οἰκουμένης
2822 924 3162 994 προσέθηκεν
3190 965 3205 989 ,
3253 924 3396 979 οὕτω
3431 930 3684 1000 σημήνας

2093 1015 2154 1066 τὸ
2190 1013 2298 1066 τῶν
2341 1013 2643 1086 ἀνθρώπων
2673 1014 2848 1082 γένος,
2881 1015 2989 1068 τῶν
3035 1017 3132 1088 τὴν
3177 1018 3506 1089 οἰκουμένην
3546 1020 3682 1092 πλη-

2093 1106 2350 1176 ρούντων.
2405 1107 2686 1178 Πλήρωμα
2735 1107 2790 1160 δὲ
2840 1108 2935 1161 καὶ
2989 1108 3165 1172 ἄλλως
3212 1111 3311 1180 τῆς
3359 1113 3679 1184 οἰκουμένης

2091 1199 2191 1250 οὐκ
2238 1197 2304 1251 ἂν
2351 1197 2615 1270 ἁμάρτοις
2648 1200 2822 1268 λέγων
2864 1199 2961 1271 τὴν
3013 1201 3106 1254 τοῦ
3143 1202 3401 1274 Σωτῆρος
3451 1205 3675 1275 Ἐκκλη-

2097 1291 2215 1343 σίαν
2236 1332 2250 1354 ,
2307 1291 2374 1361 ἥν
2406 1291 2568 1355 αὐτὸς
2610 1294 2638 1344 ό
2674 1292 2769 1346 τοῦ
2813 1293 2948 1345 Θεοῦ
2995 1294 3164 1362 Λόγος
3198 1294 3552 1366 ὲθεμελίωσεν
3585 1298 3676 1350 ἐπὶ

2093 1381 2190 1452 τὴν
2231 1382 2456 1453 πέτραν.
2514 1383 2606 1435 Διὸ
2655 1384 2751 1436 καὶ⁹
2791 1384 2851 1436 ὲν
2900 1385 3112 1455 ἑτέροις
3154 1385 3405 1457 εἴρηταιο
3464 1385 3680 1454 Κύριος

2094 1470 2526 1537 ἐϐασίλευσεν,
2581 1471 2942 1540 εὐπρέπειαν
3010 1475 3356 1529 ἐνεδύσατο.
3412 1477 3526 1531 Καὶ
3579 1480 3686 1548 γὰρ

2099 1560 2452 1629 κατώρθωσε
2495 1561 2612 1630 τὴν
2653 1565 3048 1633 οἰκουμένην,
3093 1565 3224 1633 ἣτις
3265 1569 3338 1620 οὐ
3389 1565 3690 1636 σαλευθή-

2097 1667 2293 1706 σεται.
2323 1653 2448 1718 Πῶς
2476 1653 2532 1707 δὲ
2574 1653 2905 1724 ὲθεμελίωσε
2935 1656 3034 1726 τὴν
3076 1657 3421 1728 οἰκουμένην,
3446 1658 3691 1728 ἐπιλέγει

2095 1742 2244 1812 ἑξῆς,
2269 1744 2382 1798 Τὸν
2389 1744 2623 1814 ,ϐορῤᾶν
2634 1745 2728 1799 καὶ
2767 1745 2881 1814 τὴν
2895 1745 3218 1802 θάλασσαν
3230 1747 3310 1802 σὺ
3321 1749 3568 1815 ἔκτισας
3591 1754 3676 1807 αὑ

413 1851 490 1904 vit
537 1850 837 1906 Salvatoris
890 1851 1068 1906 nostri
1115 1851 1318 1906 virtus.
1359 1850 1784 1906 Animadvertas
1831 1865 1996 1920 porro

2110 1832 2190 1888 ra"
2211 1837 2244 1906 ή
2262 1835 2318 1887 δὲ
2344 1836 2572 1907 πέμπτη
2593 1836 2820 1901 ἔκδοσις,
2844 1837 3076 1906 Βορῤίῑν
3098 1840 3196 1895 καὶ
3219 1843 3398 1894 νότον
3425 1843 3507 1895 σὺ
3541 1841 3694 1898 ἐκτι-

412 1943 596 2008 velim,
623 1957 731 2012 quo
755 1952 914 2012 pacto
941 1943 1031 1996 hic
1058 1958 1157 2012 pro
1182 1941 1321 1997 facie
1354 1942 1524 1997 totius
1573 1941 1785 2005 mundi,
1813 1942 2001 1996 orien-

411 2038 520 2086 tem
551 2039 757 2101 ponat;
799 2046 896 2100 pro
940 2030 1166 2086 sinistra
1195 2070 1211 2096 ,
1273 2029 1547 2085 borealem
1607 2030 1857 2100 plagam;
1901 2043 2002 2099 pro

413 2122 637 2178 dextera
665 2122 1076 2178 meridionalem
1119 2127 1174 2176 et
1203 2121 1524 2176 australem.
1563 2118 1697 2174 Nam
1735 2135 1859 2174 cum
1893 2119 1999 2185 ait,

413 2215 728 2285 Aquilonem
769 2225 817 2268 et
864 2213 1054 2267 dextra
1100 2222 1156 2266 tu
1207 2213 1436 2277 creasti,
1483 2213 1754 2268 borealem
1787 2213 2002 2284 plagam

414 2307 699 2363 sinistrum
722 2321 844 2362 esse
867 2305 1014 2360 latus
1038 2305 1312 2370 declarat;
1342 2305 1612 2374 siquidem
1637 2305 1890 2359 dextrum
1917 2310 2004 2358 est

415 2401 675 2455 australe.
714 2397 772 2454 Si
815 2399 1025 2468 itaque-
1049 2406 1259 2453 stantes
1293 2404 1484 2452 notum
1514 2401 1567 2452 in
1590 2397 1834 2460 dextero,
1855 2395 2006 2466 aqui-

417 2494 597 2548 lonem
631 2493 683 2546 in
715 2493 942 2547 sinistra
993 2490 1316 2555 habeamus,
1356 2491 1644 2546 adversum
1683 2490 2004 2545 habebimus

415 2583 705 2646 Orientem,
749 2598 779 2636 a
810 2591 965 2653 tergo
992 2590 1172 2638 autem
1203 2583 1544 2637 occidentem
1574 2602 1588 2638 :
1617 2584 1689 2637 ita
1721 2591 1780 2636 ut
1811 2597 2006 2638 secun-

416 2673 548 2729 dum
576 2674 858 2747 physicam
884 2675 1384 2730 considerationem
1419 2675 1534 2731 tunc
1573 2676 1718 2731 dicta
1749 2676 1895 2737 sint,
1937 2675 2005 2729 ad

417 2767 586 2822 totius
617 2767 807 2822 mundi
843 2769 1174 2836 positionem
1219 2767 1631 2823 declarandam.
1690 2767 1822 2833 Quae
1873 2766 2008 2821 indi-

416 2871 544 2914 care
574 2859 944 2915 necessarium
979 2857 1080 2913 fuit
1119 2861 1186 2914 ad
1215 2859 1663 2932 signiﬁcandum,
1693 2859 2005 2914 divinarum

420 2948 830 3021 Scripturarum
865 2951 1177 3006 doctrinam
1208 2967 1388 3022 neque
1419 2953 1618 3008 horum
1652 2951 1872 3022 quidem
1910 2967 2009 3007 no-

420 3044 594 3099 titiam
625 3043 1064 3114 praetermisisse.
1085 3042 1219 3096 Nam
1244 3043 1450 3108 omnia,
1480 3045 1674 3114 inquit,
1701 3051 1758 3097 tu
1782 3046 2006 3109 creasti,

417 3137 536 3191 sive
583 3135 807 3190 dextras
830 3135 1045 3188 amundi
1091 3143 1296 3204 partes,
1329 3136 1445 3190 sive
1499 3137 1774 3191 sinistras.
1809 3135 2008 3192 Verum

2100 1942 2236 1993 σας.
2272 1929 2430 1981 Δοκεῖ
2461 1928 2518 1981 δέ
2549 1945 2638 2000 μοι
2660 1928 2749 1982 διὰ
2773 1929 2881 1982 τῶν
2905 1929 2999 1982 δύο
3020 1931 3271 2002 πλευρῶν
3295 1950 3356 1985 τε
3380 1936 3475 1987 καὶ
3504 1935 3696 2007 ἄκρων

2098 2019 2201 2090 τῆς
2239 2021 2566 2093 οἰκουμένης
2615 2023 2708 2077 τὸν
2760 2023 3051 2095 σύμπαντα
3097 2025 3300 2095 κόσμον
3357 2026 3583 2097 δηλοῦν,
3635 2027 3698 2083 δν

2102 2110 2417 2181 ἐπλήρωσεν
2447 2115 2479 2184 ή
2507 2114 2600 2166 τοῦ
2623 2115 2875 2186 Σωτῆρος
2901 2116 3058 2186 ἡμῶν
3087 2115 3333 2186 δύναμις.
3354 2117 3462 2171 Θέα
3491 2119 3547 2172 δὲ
3578 2119 3698 2175 τινα

2101 2203 2302 2272 τρόπον
2345 2205 2432 2258 διὰ
2464 2205 2669 2259 τούτων
2709 2208 3043 2278 παρίσταται
3088 2209 3378 2279 πρόσωπον
3417 2210 3510 2263 τοῦ
3555 2211 3699 2282 σύμ-

2105 2312 2308 2360 παντος
2336 2297 2544 2369 κόσμου
2585 2300 2646 2352 τὸ
2670 2300 2987 2353 ἀνατολικὸν
3026 2301 3210 2371 μέροςο
3239 2303 3524 2374 ἀριστερὸν
3552 2303 3608 2356 δὲ
3635 2305 3701 2357 τὸ

2106 2385 2336 2458 βόρειον,
2371 2389 2542 2456 δεξιὸν
2567 2391 2622 2444 δὲ
2654 2393 2712 2445 τὸ
2749 2392 3122 2463 μεσημϐρινὸν
3145 2393 3240 2446 καί¹
3269 2395 3462 2450 νότιον.
3499 2397 3587 2448 Ἐν
3618 2395 3702 2466 τῷ

2103 2485 2211 2556 γὰρ
2246 2486 2433 2554 φάναι,
2467 2486 2578 2542 Τὸν
2601 2487 2836 2556 ,ϐορῤᾱν
2863 2485 2963 2538 καὶ
2998 2487 3071 2540 τὰ
3103 2485 3272 2550 δεξιὰ
3307 2487 3387 2540 σὺ
3430 2487 3701 2552 ἔκτισας,

2105 2578 2166 2630 τὸ
2190 2579 2399 2652 βόρειον
2422 2581 2657 2651 πλευρὸν
2681 2579 2967 2652 ἀριστερὸν
2993 2575 3132 2632 εἶναι
3157 2579 3411 2645 ἐδίδαξεν·
3451 2579 3504 2632 εἴ
3525 2597 3588 2648 γε
3611 2579 3702 2631 δε-

2107 2669 2217 2735 ξιὸν
2246 2672 2307 2726 τὸ
2336 2672 2530 2726 νότιον.
2573 2673 2636 2725 Εἰ
2668 2672 2733 2743 δὴ
2773 2667 2866 2725 οῦν
2911 2672 3144 2736 ἑστῶτες
3192 2672 3410 2744 ἔχοιμεν
3453 2675 3510 2726 ὲν
3553 2672 3704 2745 δεξιᾷ

2110 2764 2210 2837 μὲν
2239 2765 2449 2819 ἑαυτῶν
2485 2765 2576 2819 τὸν
2611 2765 2784 2832 νότον,
2814 2768 2872 2818 ἐν
2902 2765 2958 2818 δὲ
2984 2769 3094 2829 τοῖς
3119 2767 3428 2838 ἀριστεροῖς
3451 2767 3544 2820 τὸν
3578 2766 3705 2839 βορ-

2112 2861 2232 2929 ρἇ,
2275 2858 2694 2929 ἀντιπρόσωπον
2751 2860 3025 2930 σχήσομεν
3075 2858 3173 2929 τὴν
3222 2858 3511 2931 ἀνατολὴν,
3563 2856 3707 2911 κατὰ

2109 2950 2279 3004 νώτου
2307 2951 2364 3005 δὲ
2393 2952 2492 3025 τὴν
2517 2953 2690 3006 δύσινο
2723 2953 2864 3005 ὥστε
2892 2951 3035 3006 κατά
3058 2970 3179 3006 τινα
3211 2951 3446 3024 φυσικὴν
3472 2951 3706 3024 θεωρίαν

2111 3042 2362 3116 εἰρῆσθαι
2395 3040 2589 3112 ταῦτα,
2627 3044 2726 3115 τὴν
2755 3045 2903 3097 θέσιν
2932 3043 3026 3098 τοῦ
3064 3045 3267 3108 παντὸς
3310 3045 3518 3116 κόσμου
3565 3061 3708 3115 παρ-

2115 3137 2366 3192 ιστῶντα.
2405 3139 2474 3191 ’Ἃ
2513 3139 2609 3192 καὶ
2652 3137 2794 3192 αὐτὰ
2837 3140 3134 3206 ἀναγκαῖον
3157 3138 3599 3210 ἐπισημήνασθαι
3630 3141 3710 3201 εἰς

420 3227 646 3282 dextras
681 3225 860 3280 solum
895 3225 1222 3278 nominatim
1250 3227 1594 3290 memoravit,
1629 3234 1793 3296 atque
1817 3241 1845 3279 a
1877 3227 2005 3281 sini-

2115 3232 2458 3302 παράστασιν
2488 3231 2582 3284 τοῦ
2619 3231 2753 3302 μηδὲ
2783 3231 2880 3301 τήν
2908 3231 3111 3283 τούτων
3151 3231 3351 3298 γνῶσιν
3383 3231 3708 3302 παραλελοι-

423 3319 526 3373 stri
556 3317 778 3372 nomine
816 3316 1071 3372 consulto
1125 3317 1409 3378 abstinuit.
1460 3319 1642 3384 Quare
1708 3319 2011 3373 secundum

425 3408 815 3480 Symmachum
846 3407 1069 3474 dicitur,
1104 3405 1169 3460 In
1200 3407 1514 3477 Aquilonem
1559 3418 1610 3462 et
1649 3407 1923 3462 dexteram
1952 3417 2012 3461 tu

423 3498 660 3561 creasti;
723 3497 1025 3553 secundum
1088 3499 1344 3570 Aquilam
1389 3513 1560 3562 vero,
1605 3497 1915 3567 Aquilonem
1961 3507 2011 3551 et

423 3590 698 3645 dexteram
735 3599 793 3644 tu
815 3592 1029 3647 creasti.
1059 3591 1261 3659 Quinta
1295 3597 1476 3646 autem
1507 3590 1676 3646 editio
1705 3589 2013 3646 accuratius

426 3683 717 3753 explicavit
751 3699 1002 3755 quaenam
1044 3684 1271 3740 dextera
1293 3691 1482 3739 essent
1512 3681 1704 3738 dicens
1725 3723 1741 3742 .
1791 3682 2014 3750 Aquilo-

427 3791 545 3828 nem
587 3783 637 3828 et
669 3773 852 3829 notum
893 3785 948 3828 tu
979 3776 1195 3830 creasti.
1233 3774 1470 3830 Sinistra
1513 3789 1681 3844 porro
1723 3773 1866 3843 apud
1897 3788 2014 3828 om-

430 3882 529 3922 nes
561 3867 888 3938 interpretes
926 3868 1148 3923 silentio
1173 3868 1430 3932 mittitur,
1461 3866 1589 3937 quia
1633 3873 1859 3936 putatur
1885 3866 2014 3935 quid

430 3957 733 4014 infaustum
763 3975 907 4023 esse,
937 3967 993 4014 et
1021 3960 1217 4015 dextro
1249 3960 1562 4031 oppositum
1587 3977 1600 4013 :
1652 3957 1789 4012 nihil
1832 3967 2014 4013 autem

430 4052 486 4106 in
511 4052 769 4107 universo
814 4051 1112 4108 infaustum
1143 4062 1198 4107 et
1239 4051 1385 4106 bono
1421 4051 1731 4122 oppositum
1757 4058 1860 4107 est.
1895 4048 2018 4104 Om-

433 4144 525 4198 nia
553 4145 722 4208 enim,
752 4144 960 4214 inquit,
1018 4154 1074 4198 tu
1111 4145 1334 4200 creasti.
1371 4143 1490 4199 Duo
1537 4153 1717 4200 autem
1762 4151 1977 4199 montes
2000 4187 2014 4212 ,

442 4231 652 4287 l‘habor
680 4243 734 4288 et
757 4232 1016 4296 Hermon,
1055 4249 1153 4303 per
1186 4233 1568 4289 excellentiam
1600 4242 1798 4304 pragter
1825 4249 2018 4290 omnes

436 4321 572 4376 alios
604 4322 892 4377 memorati
927 4330 1092 4377 sunt:
1127 4324 1330 4378 etenim
1363 4324 1418 4377 hi
1467 4324 1522 4378 in
1549 4324 1771 4378 nomine
1800 4333 1892 4378 tuo
1920 4341 2018 4380 ex-

437 4412 741 4467 sultabunt.
807 4409 1121 4467 Secundum
1178 4412 1431 4482 Aquilam
1477 4428 1647 4475 vero,
1711 4413 1921 4468 Thabor
1970 4425 2020 4469 et

439 4502 675 4558 Hermon
710 4504 762 4556 in
791 4504 999 4557 nomine
1030 4512 1119 4556 tuo
1153 4503 1484 4568 laudabunt;
1530 4505 1832 4560 secundum
1860 4505 2021 4578 Sym-

2118 3321 2275 3374 πέναι
2303 3324 2404 3394 τὴν
2432 3321 2540 3374 τῶν
2563 3322 2723 3375 θείων
2757 3321 2990 3392 Γραφῶν
3027 3320 3394 3374 διδασκαλίαν.
3425 3320 3507 3373 Τὰ
3532 3322 3713 3376 πάντα

2117 3415 2246 3485 γὰρ,
2275 3416 2428 3486 φησὶ,
2463 3416 2526 3467 σὺ
2549 3414 2790 3477 ἔκτισας,
2818 3414 2888 3468 τά
2917 3431 2975 3467 τε
3007 3412 3156 3479 δεξιὰ
3180 3413 3274 3466 τοῦ
3301 3412 3508 3482 κόσμου
3543 3413 3710 3484 μέρη,

2119 3504 2213 3558 καὶ
2245 3504 2314 3557 τά
2343 3505 2627 3575 ἀριστερά.
2674 3503 2834 3557 Ἀλλὰ
2861 3504 2929 3558 τά
2955 3505 3052 3575 μὲν
3076 3503 3226 3570 δεξιὰ
3253 3502 3510 3572 ὀνομαστί
3537 3519 3710 3573 προσ-

2120 3599 2292 3662 εῖπεν,
2317 3595 2622 3665 ἐφυλάξατο
2640 3595 2696 3649 δὲ
2717 3596 3022 3669 χρήσασθαι
3053 3595 3129 3666 τῷ
3159 3593 3251 3648 τοῦ
3279 3592 3569 3665 ἀριστεροῦ
3597 3593 3712 3645 ὀνό-

2123 3707 2272 3760 ματι.
2305 3688 2397 3741 Διὸ
2428 3688 2678 3743 λέλεκται
2711 3691 2854 3744 κατὰ
2880 3689 2972 3743 τὸν
3000 3688 3317 3759 Σύμμαχον,
3354 3687 3460 3750 Εἰς
3478 3682 3716 3752 βορρᾶν

2121 3782 2220 3835 καὶ
2271 3781 2477 3845 δεξιὰν
2518 3781 2601 3835 σὺ
2648 3782 2926 3849 ἔκτισας·
2979 3783 3072 3834 καὶ
3113 3778 3255 3834 κατὰ
3305 3778 3396 3831 τὸν
3460 3775 3712 3839 Ἀκύλαν,

2121 3872 2357 3942 Βοῤῥᾶν
2392 3873 2490 3927 καὶ
2519 3872 2726 3937 δεξιὰν
2753 3873 2835 3927 σὺ
2863 3875 3130 3938 ἔκτισας.
3175 3872 3240 3924 Ἦ
3267 3869 3324 3922 δὲ
3363 3867 3590 3939 πέμπτη
3626 3866 3718 3919 έκ-

2120 3967 2267 4030 δοσις
2311 3966 2646 4038 σαφέστερον
2687 3968 3002 4040 ἡρμήνευσε
3032 3967 3155 4020 τίνα
3193 3963 3262 4016 τά
3294 3961 3442 4026 δεξιά
3472 3963 3716 4031 φήσασα,

2123 4058 2356 4128 Βορῤᾶν
2399 4060 2498 4112 καὶ
2547 4060 2728 4113 νότον
2773 4058 2856 4112 σὺ
2908 4058 3175 4123 ἔκτισας.
3230 4055 3304 4108 Τὸ
3345 4054 3388 4106 δ’
3431 4053 3719 4125 ἀριστερὸν

2125 4152 2304 4220 πάντη
2335 4150 2673 4221 σεσίὡπηται
2701 4151 2851 4223 παρὰ
2878 4153 2993 4214 τοῖς
3025 4152 3178 4212 πᾶσι,
3203 4148 3291 4201 διὰ
3316 4147 3376 4199 τὸ
3402 4145 3719 4215 νομίζεσθαι

2127 4243 2316 4296 σκαιὸν
2348 4240 2486 4296 εἶναι
2526 4244 2620 4297 καὶ
2655 4242 2896 4296 ἐναντίον
2926 4241 3003 4312 τῷ
3044 4239 3221 4311 δεξιῷ
3267 4237 3419 4290 οὐδὲν
3449 4236 3505 4289 δὲ
3547 4237 3604 4288 ὲν
3641 4235 3722 4305 τῷ

2127 4335 2290 4387 παντί
2323 4335 2531 4397 σκαιὸν,
2583 4335 2704 4388 οὐδὲ
2751 4332 2828 4404 τῷ
2875 4333 3026 4402 καλῷ
3071 4332 3333 4385 ἐναντίον.
3388 4329 3573 4382 Πάντα
3620 4327 3723 4398 μὲν

2127 4422 2240 4490 οῦν,
2271 4428 2425 4498 φησί,
2456 4428 2519 4480 σὺ
2547 4427 2786 4490 ἔκτισας.
2827 4427 2968 4495 Ὄρη
2998 4425 3054 4477 δὲ
3083 4423 3196 4488 δύο,
3230 4422 3292 4475 τὸ
3317 4420 3514 4493 Θαϐὼρ
3541 4421 3634 4473 καί
3660 4420 3725 4473 τὸ

2139 4515 2356 4587 Ἐρμὼν
2387 4517 2664 4588 ἐξαίρετόν
2693 4534 2744 4569 τι
2784 4516 3048 4585 κέκληται
3093 4515 3246 4586 παρὰ
3281 4514 3478 4566 πάντα·
3509 4512 3586 4583 τῷ
3612 4512 3726 4584 γὰρ

439 4596 695 4652 machum
729 4605 942 4661 autem,
994 4596 1208 4650 Tltabor
1257 4606 1306 4650 et
1358 4595 1593 4650 Hermon
1651 4613 1841 4652 nomen
1875 4608 2005 4652 tuun

2128 4609 2351 4678 ὀνόματί
2379 4626 2472 4662 σου
2499 4608 2671 4662 ταῦτα
2697 4608 3139 4676 ἁγαλλιάσονται.
3169 4606 3325 4659 Κατᾶ
3353 4606 3408 4658 δὲ
3429 4606 3520 4658 τὸν
3559 4604 3724 4658 Ἀκύ-

440 4685 796 4740 celebrabant.
833 4683 1041 4739 Horum
1090 4701 1253 4756 porro
1288 4685 1553 4740 montium
1600 4688 1768 4742 variis
1799 4688 1853 4742 in
1885 4688 2005 4742 loci:

2128 4699 2248 4766 λαν,
2295 4700 2498 4768 Θαϐὼρ
2540 4699 2639 4753 καὶ
2683 4700 2904 4768 Ἑρμῶν
2933 4701 3004 4751 ἐν
3031 4697 3111 4764 τῷ
3148 4697 3394 4766 ὀνόματί
3426 4711 3542 4750 σου
3567 4695 3728 4749 αἰνέ-

443 4779 690 4832 meminit
719 4777 932 4834 Veteris
980 4777 1315 4834 Testamenti
1363 4779 1597 4834 historia
1624 4819 1639 4844 ,
1677 4779 2005 4852 arbitrorqut

2129 4806 2340 4846 σουσι⁵
2375 4792 2517 4845 κατὰ
2550 4792 2607 4845 δὲ
2637 4792 2728 4844 τὸν
2764 4791 3079 4861 Σύμμαχον,
3117 4787 3319 4857 Θαόὼρ
3353 4787 3450 4841 καὶ
3487 4787 3553 4840 τὸ
3604 4788 3730 4854 Ἑρ-

443 4869 529 4924 his
566 4871 623 4926 in
672 4872 951 4928 montibus
999 4872 1282 4927 mirabiles
1332 4871 1454 4926 illas
1507 4869 1807 4927 Salvatoris
1849 4882 2005 4930 nostr

2126 4883 2260 4954 μὼν
2287 4884 2355 4936 τὸ
2387 4883 2575 4951 ὄνομά
2611 4898 2728 4936 σου
2749 4895 2753 4900 ‘
2774 4881 3222 4951 εὐφημήσουσι.
3271 4878 3488 4934 Τούτων
3525 4877 3581 4930 δὲ
3616 4877 3730 4930 τῶν

445 4963 978 5034 transﬁgurationes,
1017 4965 1441 5035 frequentesque
1487 4980 1670 5020 moras
1711 4966 2027 5031 exstitisse,

445 5055 661 5125 quando
693 5071 818 5110 cum
868 5055 1186 5113 hominibus
1232 5057 1578 5112 versabatur.
1612 5056 1696 5111 An
1741 5073 1874 5113 vero
1908 5057 2028 5128 ipsa

445 5150 730 5204 nominum
765 5147 1094 5220 signiﬁcatio
1143 5149 1350 5220 aliquid
1385 5151 1544 5206 nobis
1586 5150 1655 5204 ad
1701 5151 1896 5205 horum
1945 5153 2030 5206 in-

446 5244 800 5314 telligentiam
839 5242 1106 5310 conferat,
1145 5255 1202 5298 tu
1237 5245 1353 5313 ipse
1383 5244 1703 5300 consideres
1732 5246 1914 5300 velim.

2133 4975 2306 5046 ὀρέων
2339 4975 2614 5046 μέμνηται
2643 4974 2918 5046 διαφόρως
2959 4975 2992 5043 ἡ
3034 4973 3134 5043 τῆς
3168 4971 3412 5033 Παλαιᾶς
3452 4967 3732 5039 Διαθήκης

2139 5067 2370 5139 ἱστορία·
2398 5069 2490 5120 καὶ
2522 5063 2675 5138 οἶμαί
2703 5085 2766 5136 γε
2798 5070 2855 5120 έν
2884 5065 3092 5128 τούτοις
3124 5068 3236 5128 τοῖς
3261 5063 3410 5136 ὄρεσι
3431 5062 3528 5126 τὰς
3552 5078 3733 5132 παρα-

2137 5158 2323 5222 δόξους
2351 5157 2442 5211 τοῦ
2476 5159 2728 5230 Σωτῆρος
2759 5158 2916 5229 ἡμῶν
2943 5157 3224 5227 γεγονέναι
3253 5153 3728 5225 μεταμορφώσεις,

2140 5252 2235 5304 καὶ
2265 5251 2366 5315 τὰς
2407 5252 2625 5313 πλείους
2662 5251 2962 5323 διατριϐάς,
3008 5252 3096 5302 ὅτε
3137 5250 3234 5302 σὺν
3266 5245 3574 5319 ἀνθρώποις
3604 5247 3732 5296 ὲπο-

448 5341 706 5394 λιτεύετο.
735 5340 800 5392 Εἰ
836 5339 893 5393 δὲ
935 5341 1027 5394 καὶ
1073 5339 1180 5395 τῶν
1226 5340 1504 5410 ὀνομάτων
1551 5341 1585 5410 ή
1621 5341 1890 5413 ἑρμηνεία
1927 5342 2294 5414 συμϐάλλεταί
2341 5365 2396 5401 τι
2436 5350 2568 5420 ἡμῖν
2603 5349 2681 5411 εἰς
2715 5347 2814 5418 τὴν
2858 5345 2966 5399 τῶν
3030 5343 3406 5416 προκειμένων
3469 5339 3730 5402 διάνοιαν,

449 5441 543 5493 καὶ
576 5439 740 5502 αὐτὸς
768 5440 1101 5510 ἐπιστήσεις.

521 5529 689 5586 Vsus.
724 5531 926 5594 14,15.
968 5533 1134 5583 Tuum
1160 5527 1431 5583 brachium
1465 5544 1583 5581 cum
1637 5529 1874 5597 potentia
1900 5544 1918 5581 :
1949 5530 2038 5599 [ir-

2214 5527 2330 5594 Σός
2359 5531 2392 5582 ό
2419 5529 2695 5597 βραχίων
2717 5529 2868 5598 μετὰ
2904 5527 3284 5592 δυναστείας·
3317 5521 3736 5595 κραταιωθήτω

454 5634 620 5677 metur
648 5639 832 5676 manus
864 5631 976 5687 tua,
1001 5622 1266 5676 exaltetur
1299 5619 1516 5676 dextera
1549 5629 1642 5673 tua
1673 5636 1690 5673 :
1736 5621 1952 5689 justitia
1988 5638 2005 5675 ε

2144 5621 2182 5688 ἠ
2219 5620 2349 5690 χείρ
2381 5635 2520 5687 σου,
2552 5620 2849 5690 ὑψωθήτω
2892 5621 2931 5688 ἡ
2974 5619 3142 5685 δεξιά
3183 5632 3319 5674 σου.
3371 5615 3736 5686 Δικαιοσύνη

529 5799 572 5832 ³ο
612 5796 774 5852 Prov.
814 5812 907 5858 ιιι.
949 5797 1035 5852 19.
1113 5799 1152 5831 ³¹
1196 5799 1343 5856 Psal.
1380 5813 1490 5852 xcu
1515 5837 1530 5857 .
1568 5798 1620 5853 1.
