4074 6384
474 292 497 340 1
510 285 616 342 095

1220 288 1489 345 susse"
1524 274 2000 349 cmsamri'usrs
2035 290 2184 347 OPP.
2228 286 2410 344 PARS
2438 286 2533 343 ut.
2571 316 2644 328 —
2679 283 3093 342 EXEGETICA.

3597 288 3746 348 £090

468 398 661 454 «hostes
685 398 883 470 jubilat
912 409 967 455 et
998 400 1218 472 clamat,
1243 419 1307 459 ac
1337 421 1435 476 pro
1470 423 1598 480 rege
1637 423 1739 465 suo
1778 408 2057 478 jubilatio-

2157 408 2316 460 Δοκεῖ
2343 406 2408 479 δὴ
2450 400 2543 460 οῦν
2588 422 2679 477 μοι
2714 404 2949 459 ἐνταῦθα
2993 404 3056 457 τὸ
3093 403 3237 460 θεῖυν
3281 404 3508 477 Πνεῦμα
3556 410 3749 478 σαφῶς

463 505 596 545 item
630 490 760 545 edit.
793 491 905 545 imo
933 493 1098 546 etiam
1143 511 1285 551 unus
1313 497 1403 553 ille
1432 501 1665 570 populus
1710 501 2055 557 incruentam

466 590 526 637 et
569 583 944 641 rationabilem
998 586 1233 643 hostiam
1294 606 1393 660 per
1439 592 1822 663 jubilationem
1862 593 2058 649 oﬂ'erre

466 672 584 728 "Deo
638 675 812 731 solet:
847 678 976 747 quia
1006 678 1059 732 in
1086 680 1467 750 spiritualibus
1508 684 1799 740 sacriﬁciis
1823 725 1840 749 ,
1892 692 2058 755 atque

472 763 526 817 in
569 765 719 819 cultu
769 782 930 837 quem
980 769 1034 822 in
1064 768 1214 825 Novo
1254 770 1607 830 Testamento
1654 776 2053 846 persolvimus,

470 870 685 910 necnon
720 857 775 910 in
803 859 1088 915 sacriﬁciis
1122 861 1427 920 incruentis
1456 872 1510 920 et
1542 866 1783 921 materiae
1809 865 2055 936 experti-

469 949 596 1013 bus,
629 964 735 1003 una
772 966 906 1006 voce
957 950 1067 1005 Deo
1091 953 1391 1023 gratiarum
1433 957 1701 1022 actionem
1729 960 2053 1015 emittimus.

465 1038 578 1095 Pro
612 1040 709 1094 illo
741 1050 947 1107 autem,
983 1042 1089 1109 Qui
1122 1046 1223 1097 scit
1241 1045 1640 1113 jubilationem,
1670 1047 2053 1122 Symmachus,

473 1133 582 1200 Qui
611 1135 708 1188 scit
740 1135 1201 1206 signiﬁcationem,
1241 1141 1637 1212 interpretatus
1667 1153 1774 1201 est.
1820 1144 1935 1201 Cur
1957 1162 2056 1202 au-

464 1231 581 1279 tem
617 1227 811 1282 beatus
846 1235 931 1283 est
966 1230 1203 1299 p0pulus
1238 1233 1329 1301 qui
1376 1246 1734 1291 memoratam
1776 1237 2055 1309 iubilatio-

472 1329 597 1369 nem
645 1316 818 1379 novit,
872 1316 979 1371 nisi
1028 1320 1160 1388 quia
1218 1319 1525 1379 Salvatoris
1574 1324 1833 1381 deitatem
1882 1343 2057 1398 agno-

467 1420 656 1469 scens,
709 1423 830 1478 quae
880 1410 1064 1466 vultus
1102 1412 1227 1482 ejus
1267 1423 1517 1480 vocatur,
1569 1417 1752 1474 vultus
1807 1419 2054 1489 ejusdem

472 1498 679 1555 lumine
703 1500 987 1568 perfusus,
1024 1503 1106 1558 sic
1133 1504 1238 1560 iter
1274 1507 1387 1577 agit
1412 1524 1576 1563 suum
1608 1509 1818 1577 dicens,
1849 1511 2059 1584 Signa-

472 1599 583 1642 tum
614 1599 693 1643 est
724 1608 880 1661 super
917 1610 1011 1647 nos
1050 1595 1226 1649 lumen
1272 1597 1445 1653 vultus
1486 1600 1585 1663 tui,
1622 1598 1846 1656 Domine
1868 1602 1944 1669 ἰς
1977 1609 2051 1663 et.

473 1677 541 1733 In
570 1680 767 1734 lumine
797 1691 887 1736 tuo
918 1683 1206 1739 videbimus
1244 1685 1419 1741 lumen
1438 1688 1522 1742 "‘3
1551 1686 1626 1743 Ea
1660 1690 1727 1747 de
1760 1706 1926 1747 causa
1953 1692 2055 1763 igi-

2161 495 2485 567 μακαρίζειν
2530 493 2623 547 τὸν
2667 493 2905 565 Χριστοῦ
2960 492 3110 548 λαόν·
3157 489 3314 559 οὗτος
3363 494 3494 566 γὰρ,
3539 497 3746 565 γνῶσιν

2157 586 2462 658 ἀνειληφὼς
2505 586 2604 657 τῆς
2662 586 2807 640 κατά
2854 586 2964 641 τῶν
3010 587 3287 659 πολεμίων
3337 588 3432 643 τοῦ
3489 592 3749 665 Σωτῆρος

2157 676 2313 749 ἡμῶν
2361 676 2539 745 νίκης,
2582 675 2841 741 ἀλαλάζει
2890 677 3030 732 κατά
3060 678 3170 734 τῶν
3213 679 3446 752 ἐχθρῶν,
3481 682 3621 754 ὑπὲρ
3652 685 3745 738 τοῦ

2155 768 2359 823 οἰκείου
2401 767 2667 840 βασιλέως
2699 769 2791 824 τὸν
2820 769 3135 841 ἀλαλαγμὸν
3172 772 3519 843 ποιούμενος.
3583 776 3746 832 Ἀλλά

2156 860 2251 914 καὶ
2278 862 2378 932 τὴν
2417 859 2608 913 θυσίαν
2654 859 2753 931 τὴν
2800 861 3030 933 ἄναιμον
3062 864 3285 936 λογικὴν
3333 865 3492 936 μόνος
3535 862 3689 933 οὗτος
3715 874 3744 924 ὁ

2155 950 2284 1017 λαὸς
2327 952 2396 1006 δι’
2436 952 2753 1024 ἀλαλαγμοῦ
2794 952 2953 1006 είωθε
2996 955 3326 1027 προσφέρειν
3356 956 3434 1028 τῷ
3471 957 3613 1029 Θεῷ,
3654 961 3744 1017 διὰ

2155 1042 2251 1098 τοῦ
2290 1045 2579 1117 σύμφωνον
2606 1045 2954 1117 ἀναπέμπειν
3000 1045 3079 1117 τῷ
3119 1048 3238 1119 Θεῷ
3283 1051 3637 1122 εὐχαριστίαν
3683 1056 3740 1109 ἐν

2155 1126 2279 1200 ταῖς
2322 1140 2723 1208 πνευματικαῖς
2767 1137 3101 1210 ἱερουργίαις
3147 1142 3242 1195 καὶ
3281 1145 3402 1206 ταῖς
3450 1143 3591 1198 κατά
3638 1146 3733 1217 τὴν

2157 1227 2365 1299 Καινὴν
2384 1227 2658 1300 Διαθήκην
2675 1228 3121 1301 ἐπιτελουμέναις
3144 1234 3277 1303 ἡμῖν
3300 1232 3594 1305 λατρείαις,
3617 1238 3729 1300 ταῖς

2155 1336 2215 1371 τε
2248 1318 2498 1390 ἀναίμοις
2556 1320 2651 1373 καὶ
2699 1320 2884 1385 ἀΰλοις
2920 1323 3013 1375 καὶ
3060 1328 3462 1394 πνευματικαῖς
3504 1325 3727 1391 θυσίαις.

2169 1409 2313 1464 ’Δντὶ
2338 1409 2397 1462 δέ
2416 1409 2531 1473 τοῦ,
2551 1410 2603 1463 '0
2624 1410 2932 1480 γινώσκων
2951 1415 3324 1485 ἀλαλαγμὸν,
3353 1417 3405 1469 '0
3431 1416 3735 1488 γινώσκω*

2141 1501 2486 1570 Δσήμεισίαιν,
2517 1503 2546 1555 ὁ
2579 1501 2874 1574 Σύμμαχος
2892 1506 3236 1578 ἡρμήνευσε.
3263 1507 3364 1562 Διά
3392 1509 3446 1561 τί
3474 1508 3531 1563 δὲ
3559 1511 3737 1581 μακά-

2157 1592 2272 1665 ριός
2296 1596 2444 1648 ἐστιν
2471 1590 2627 1660 οὗτος
2651 1598 2681 1648 ὁ
2706 1597 2942 1668 Χριστοῦ
2968 1597 3094 1664 λαὸς
3121 1601 3150 1653 ὁ
3177 1600 3268 1654 τὶν
3295 1602 3585 1672 εἰρημένον
3612 1605 3743 1659 ἀλα-

2155 1684 2365 1756 λαγμὸν
2393 1687 2774 1758 ἐπιστάμενος,
2815 1688 2934 1742 ἀλλ’
2974 1689 3337 1764 ῆέπειδὴπερ
3374 1693 3469 1765 τὴν
3510 1693 3744 1766 eamea

472 1779 563 1824 tur
597 1772 792 1828 beatus
834 1781 919 1829 est
962 1775 1050 1828 hic
1082 1777 1336 1847 populus.
1387 1777 1595 1845 Tertio,
1624 1783 1752 1852 quia
1785 1797 1912 1838 cum
1941 1798 2053 1839 non

2157 1776 2247 1829 τοῦ
2270 1777 2520 1850 Σωτῆρος
2544 1778 2938 1848 ἐπιγινώσκων,
2968 1782 3089 1852 ἥτις
3111 1763 3435 1853 ὠνόμασται
3450 1763 3744 1857 πρόσωπον

474 1864 613 1918 satis
660 1864 855 1920 habeat
904 1867 1050 1936 quod
1103 1869 1417 1939 cognitione
1462 1871 1668 1929 Christi
1713 1874 2056 1943 illustretur;

470 1957 563 2011 sed
598 1957 761 2012 etiam
794 1958 851 2012 in
879 1959 1102 2015 nomine
1130 1960 1252 2030 ejus
1280 1962 1564 2033 glorietur,
1608 1973 1664 2021 et
1703 1966 1773 2021 ab
1800 1982 1867 2022 eo
1899 1966 2058 2023 Chri-

468 2050 683 2105 stianus
735 2059 1107 2122 nuncupatur,
1168 2055 1382 2110 laatatur
1427 2063 1483 2111 et
1522 2058 1759 2112 exsultat
1792 2065 1905 2113 tota
1938 2058 2053 2124 die,

470 2141 581 2195 imo
613 2141 798 2212 potius
828 2145 1088 2201 omnibus
1117 2145 1347 2213 diebus;
1392 2147 1468 2201 ita
1504 2148 1650 2202 enim
1691 2147 2054 2220 Symmachus

467 2228 863 2301 interpretatus
890 2241 1009 2300 est;
1046 2234 1276 2306 ideoque
1301 2237 1495 2292 beatus
1522 2250 1625 2294 est.
1658 2238 1887 2305 Quarto,
1922 2242 2051 2311 quia

469 2323 851 2392 magnitudine
892 2331 947 2378 et
988 2324 1327 2382 sublimitate
1379 2341 1639 2386 crescens
1683 2329 1898 2398 justitia
1954 2331 2049 2387 Dei

467 2412 745 2466 exaltatur
776 2432 788 2467 :
827 2412 938 2469 Deo
963 2430 1178 2484 aequum
1216 2431 1339 2473 esse
1378 2428 1656 2483 censente,
1689 2422 1951 2490 populum
1983 2423 2049 2478 il-

468 2501 580 2554 lum
622 2502 676 2556 in
725 2504 1119 2560 sublimitatem
1174 2515 1229 2562 et
1276 2523 1332 2561 In
1377 2507 1566 2578 gloria:
1618 2510 2046 2581 magnitudinem

457 2607 648 2664 agere.
682 2596 779 2666 qui
816 2606 1171 2653 memoratam
1202 2599 1350 2653 illam
1378 2599 1759 2671 jubilationem
1788 2604 1959 2667 novit,
1984 2619 2048 2659 ac

466 2684 560 2753 qui
592 2700 621 2738 a
651 2684 789 2742 facie
818 2685 1120 2748 Salvatoris
1155 2691 1486 2758 illustratur,
1518 2700 1573 2750 et
1602 2694 1657 2750 in
1681 2696 1905 2751 nomine
1928 2696 2048 2768 ejus

455 2776 725 2844 exsultat,
776 2780 1188 2851 gloriaturque,
1256 2783 1353 2839 sed
1405 2801 1514 2841 non
1583 2785 1638 2843 in
1688 2796 1835 2843 recte
1887 2788 2048 2843 iactis

456 2883 604 2925 SUIS.

2159 1867 2348 1933 αὐτοῦ,
2386 1868 2465 1940 τῷ
2501 1870 2640 1940 φωτί
2670 1869 2763 1924 τοῦ
2798 1872 3089 1944 προσώπου
3128 1875 3292 1929 αὐτοῦ
3322 1877 3744 1950 καταυγαζόμε-

2155 1976 2265 2021 νος,
2290 1958 2388 2031 τὴν
2418 1961 2611 2015 ἐαυτοῦ
2640 1966 2871 2018 ποιεῖται
2900 1965 3125 2036 πορείαν
3151 1965 3344 2036 λέγων,
3383 1968 3743 2040 Ἐσημειώθη

2154 2048 2245 2117 ἐφ’
2271 2048 2428 2119 ἡμᾶς
2455 2050 2522 2105 τὸ
2548 2051 2674 2121 φῶς
2699 2052 2809 2107 τοῦ
2843 2054 3166 2122 προσώπου
3184 2073 3334 2122 ισου,
3373 2059 3550 2127 Κύριε
3569 2072 3585 2089 ·
3621 2061 3743 2124 καὶ,

2166 2140 2263 2193 Ἐν
2292 2138 2548 2210 τῷ’φωτί
2576 2157 2692 2197 σου
2723 2145 2990 2215 ὀψόμεθα
3030 2146 3099 2200 τὸ
3131 2147 3287 2216 φῶς;
3318 2149 3428 2203 Καὶ
3458 2149 3547 2203 διὰ
3582 2150 3747 2206 τοῦτο

2153 2233 2284 2302 γοῦν
2320 2236 2592 2307 μακάριός
2629 2238 2776 2291 ἐστιν
2808 2230 2968 2302 οὗτος
3005 2241 3033 2292 ὁ
3076 2239 3223 2304 λαός.
3266 2241 3377 2294 Καὶ
3404 2243 3587 2313 τρίτον
3614 2242 3745 2296 ἐπεὶ

2158 2324 2232 2397 μὴ
2254 2325 2597 2397 ἀρκούμενος
2619 2326 2701 2398 τῷ
2725 2326 2814 2381 διὰ
2842 2328 2941 2397 τῆς
2966 2329 3219 2397 γνώσεως
3244 2330 3339 2385 τοῦ
3369 2332 3606 2402 Χριστοῦ
3634 2351 3746 2403 φω-

2153 2418 2417 2485 τίζεσθαι,
2452 2419 2532 2473 ἔτι
2575 2421 2669 2473 καὶ
2708 2420 2787 2492 τῷ
2834 2422 3056 2492 ὀνόματι
3103 2422 3269 2478 αὐτοῦ
3319 2425 3738 2497 σεμνυνόμενος,

2149 2512 2246 2564 καὶ
2265 2511 2593 2583 Χριστιανὸς
2609 2512 2668 2579 ἐξ
2685 2512 2850 2566 αὑτοῦ
2878 2513 3231 2583 καλούμενος,
3266 2516 3446 2587 χαίρει
3457 2516 3551 2570 καὶ
3570 2517 3748 2584 ἀγαλ-

2152 2602 2244 2675 λιᾷ
2274 2604 2401 2675 ὃλην
2430 2603 2531 2676 τὴν
2563 2604 2809 2678 ἡμέραν,
2852 2606 3055 2676 μᾶλλον
3081 2606 3138 2660 δὲ
3176 2612 3354 2662 πᾶσαν
3381 2608 3613 2680 ἡμέραν·
3647 2608 3744 2661 οῦ-

2153 2712 2232 2748 τω
2272 2695 2382 2768 γὰρ
2413 2697 2442 2750 ὁ
2488 2696 2783 2769 Σύμμαχος
2808 2700 3144 2771 ἡρμήνευσε·
3176 2700 3274 2754 καὶ
3302 2701 3390 2755 διά
3422 2701 3577 2755 τοῦτο
3606 2700 3742 2771 γοῦν

2148 2788 2271 2841 ἐστι
2304 2789 2595 2860 μακάριος.
2628 2791 2738 2844 καὶ
2762 2791 3022 2862 τέταρτον
3053 2792 3242 2865 ἐπειδὴ
3275 2794 3355 2857 εἰς
3391 2793 3619 2864 μέγεθος
3645 2793 3744 2846 καὶ

2155 2880 2287 2952 ὕψος
2308 2883 2528 2948 ἐπιδοὺς
2550 2886 2617 2956 τῇ
2642 2883 2736 2937 τοῦ
2764 2884 2900 2938 Θεοῦ
2925 2885 3239 2958 δικαιοσύνῃ
3262 2886 3510 2957 ὑψοῦται,
3534 2885 3742 2940 δίκαιον

454 2960 604 3020 εἶναι
628 2967 912 3039 κρίναντος
930 2970 1024 3024 τοῦ
1051 2971 1185 3027 Θεοῦ
1210 2974 1291 3038 εἰς
1314 2972 1449 3043 ὕψος
1477 2974 1632 3045 ἄγειν
1665 2976 1760 3030 καὶ
1788 2975 1881 3030 ἐπὶ
1907 2976 2050 3047 μέγα
2087 2976 2245 3048 δόξης
2264 2978 2356 3034 τὸν
2396 2980 2737 3050 ἐπιστήμονα
2759 2980 2854 3034 τοῦ
2911 2982 3201 3052 εἰρημένου
3222 2981 3546 3053 ἀλαλαγμοῦ
3589 2980 3741 3044 λαὸν,

456 3060 560 3112 καὶ
581 3060 673 3113 τὸν
699 3060 805 3115 ὑπὸ
830 3062 924 3116 τοῦ
950 3063 1245 3133 προσώπου
1266 3063 1360 3118 τοῦ
1384 3066 1636 3138 Σωτῆρος
1659 3066 2047 3139 φωτιζόμενον,
2088 3069 2181 3123 καὶ
2243 3069 2334 3123 τὸν
2402 3072 2460 3124 ἐν
2497 3069 2726 3141 ὀνόματι
2763 3070 2929 3124 αὐτοῦ
2960 3071 3347 3142 ἀγαλλόμενον.
3389 3074 3483 3127 καὶ
3519 3072 3611 3125 τὸν
3643 3073 3744 3140 ἐγ-

456 3151 844 3223 καυχώμενον,
888 3154 1001 3206 ἀλλ’
1029 3156 1129 3208 οὐκ
1161 3157 1253 3209 ἐπὶ
1287 3158 1399 3220 τοῖς
1430 3156 1581 3220 ἰδίοις
1612 3158 2051 3229 κατορθώμασιν,

537 3259 863 3317 Necessario
911 3272 1095 3317 autem
1152 3263 1400 3333 praedicti
1444 3263 1662 3320 Domini
1716 3268 2123 3346 mentionemc

460 3369 650 3410 sermo
683 3352 833 3419 fecit,
863 3352 1074 3409 Christi
1107 3354 1175 3409 ad
1208 3355 1460 3411 homines
1505 3355 1775 3412 adventus
1812 3360 2053 3428 praecla-

469 3460 590 3500 rum
617 3443 833 3499 facinus
861 3444 1189 3502 vaticinans.
1218 3445 1525 3516 Antequam
1554 3446 1700 3501 enim
1722 3457 1906 3503 ortum
1931 3449 2054 3519 ejus

468 3536 711 3601 doceret,
740 3538 843 3610 qui
885 3552 951 3593 ex
992 3538 1204 3594 semine
1236 3536 1402 3593 David
1440 3539 1761 3608 proditurus
1794 3549 1955 3608 erat;
1990 3556 2056 3596 ac

464 3631 868 3702 praenuntiaret
906 3632 1153 3687 omnium
1208 3631 1353 3702 apud
1396 3632 1615 3689 Judaeos
1657 3634 2053 3691 venerabilium

468 3724 838 3789 eversionem,
894 3739 1004 3793 qua
1065 3724 1133 3779 de
1181 3739 1350 3780 causa
1384 3725 1587 3780 dubius
1625 3725 1765 3790 inﬁt,
1802 3723 1903 3779 Ubi
1933 3734 2055 3779 sunt

468 3813 851 3869 misericordiae
877 3823 983 3869 tuo:
1022 3815 1275 3885 antiqua,
1307 3814 1566 3872 Domine?
1594 3825 1899 3885 opportune
1920 3816 2053 3885 qui-

467 3905 592 3961 dem
622 3905 690 3961 de
715 3907 945 3962 veritate
966 3907 1366 3978 promissorum
1392 3907 1486 3963 Dei
1510 3907 1577 3961 ad
1602 3906 1860 3963 Davidem
1885 3908 2055 3964 facto-

458 4015 590 4054 rum
623 3999 962 4068 praemissam
1012 3998 1323 4054 doctrinam
1366 3998 1558 4055 edidit.
1604 3999 1879 4066 Quoniam
1918 4017 2055 4057 vero

459 4105 571 4144 nos
602 4090 754 4160 prius
796 4088 1089 4145 edidicisse
1134 4104 1274 4160 opus
1317 4097 1454 4153 erat,
1500 4089 1590 4144 cui
1635 4090 1837 4160 populo
1878 4091 2054 4160 gratia

462 4179 719 4235 beneﬁcii
740 4195 772 4234 a
798 4178 1090 4235 Servatore
1111 4180 1296 4236 collati
1322 4187 1721 4245 reservaretur,
1744 4197 2054 4253 congruen-

461 4279 553 4326 ter
586 4271 928 4335 memoravit,
956 4286 1069 4327 non
1100 4272 1387 4338 lsraelem,
1416 4287 1597 4343 neque
1613 4271 1899 4327 Iudaicam
1931 4289 2056 4344 geo-

460 4372 603 4427 tem,
649 4362 746 4418 sed
791 4362 1052 4432 populum
1111 4364 1203 4433 qui
1256 4363 1362 4418 scit
1404 4363 1788 4433 juhilationem
1832 4384 1845 4419 :
1889 4380 2052 4435 quem

468 4455 733 4527 populum
768 4454 896 4525 jure
927 4455 1147 4510 beatum
1180 4456 1516 4525 praedicavit,
1564 4456 1737 4510 multa
1773 4456 1875 4526 ipsi
1912 4457 2055 4511 bona

463 4547 770 4616 pollicitus.
802 4544 939 4600 Nam
971 4547 1102 4618 quia
1130 4547 1314 4601 sciunt
1342 4547 1422 4601 illi
1450 4546 1853 4618 jubilationem,
1878 4549 2055 4619 primo

470 4640 690 4709 quidem
731 4640 786 4694 in
830 4639 1038 4694 lumine
1071 4638 1255 4694 vultus
1296 4638 1393 4694 Dei
1430 4637 1811 4702 ambulabunt,
1858 4639 2055 4695 deinde
2084 4629 2130 4685 Ι)

472 4732 529 4785 in
566 4732 787 4788 nomine
830 4732 952 4800 ejus
999 4731 1355 4786 exsultabunt
1411 4730 1640 4801 singulis
1689 4730 1913 4798 diebus;
1949 4738 2062 4787 ter-

465 4821 552 4874 tio
610 4825 663 4875 in
712 4822 931 4892 justitia
990 4820 1111 4892 ejus
1171 4820 1596 4887 exaltabuntur;
1659 4829 1858 4891 quarto
1889 4821 2062 4893 gloria

471 4912 690 4968 virtutis
734 4928 924 4968 eorum
976 4913 1080 4977 erit
1127 4914 1247 4984 ipse
1279 4910 1565 4967 Dominus.
1617 4911 1755 4979 Quia
1795 4913 1941 4968 enim
1970 4914 2063 4969 hic

472 5005 708 5075 populus
775 5003 932 5059 fortis
989 5012 1044 5059 et
1102 5012 1297 5074 potens
1351 5010 1458 5068 est,
1511 5011 1700 5073 utpote
1755 5004 1849 5075 qui
1895 5020 2061 5076 supra

464 5107 683 5169 petram
709 5084 1013 5155 aediﬁcatus
1039 5103 1132 5165 sit,
1168 5102 1243 5156 ita
1276 5108 1335 5154 ut
1364 5106 1539 5171 porta:
1577 5098 1741 5154 inferi
1772 5114 1887 5154 non
1918 5114 2058 5168 prae—

465 5193 693 5247 valeant
740 5190 1006 5247 adversus
1060 5207 1221 5262 eum;
1267 5193 1392 5263 jure
1438 5191 1785 5264 gloriabitur,
1839 5205 1949 5245 non
2000 5190 2058 5245 in

468 5286 694 5356 tpropria
737 5285 961 5349 virtute,
1007 5285 1103 5342 sed
1136 5286 1192 5340 in
1222 5285 1455 5340 Domino
1501 5287 1594 5357 qui
1647 5283 1901 5340 fundavit
1931 5298 2056 5338 eum

467 5388 643 5446 snpra
687 5386 919 5448 petram.
958 5375 1195 5447 Propter
1231 5377 1347 5433 baic
1385 5378 1571 5433 omnia
1608 5376 1804 5431 Beatus
1832 5375 2058 5444 populus

468 5468 563 5536 qui
601 5467 699 5521 scit
739 5467 1132 5536 iubilationem.
1181 5466 1438 5525 Nostrum
1479 5469 1608 5523 item
1656 5468 2056 5539 prophetarum

469 5559 569 5626 qui
604 5560 719 5614 bazc
745 5576 842 5630 per
868 5559 1133 5632 Spiritum
1165 5562 1550 5628 vaticinamur,
1592 5575 1766 5616 cornu
1795 5560 2058 5623 exaltabi—

556 5764 601 5796 ’δ
628 5762 773 5819 Psal.
800 5782 873 5832 tv,
897 5768 950 5820 7.
1027 5768 1071 5800 ³⁸
1110 5765 1258 5822 Psal.
1295 5781 1460 5831 xxxv,
1506 5765 1597 5820 ιο.

2237 3266 2574 3337 ’Δναγκαίως
2597 3266 2655 3319 δὲ
2680 3266 2775 3319 καὶ
2804 3264 2899 3318 τοῦ
2928 3265 3260 3336 δνηλωθέντος
3278 3267 3500 3337 μνήμην
3521 3270 3551 3321 ὀ
3584 3270 3744 3340 λόγος

2154 3356 2478 3427 ἐποιήσατο,
2508 3354 2779 3418 θεσπίζων
2804 3354 2865 3406 τὸ
2906 3354 3239 3426 κατόρθωμα
3268 3355 3368 3425 τῆς
3407 3357 3490 3419 εἰς
3529 3359 3744 3432 ἀνθρώ-

2157 3462 2292 3509 πους
2327 3445 2422 3498 τοῦ
2462 3444 2701 3517 Χριστοῦ
2740 3446 3064 3518 παρουσίας.
3103 3445 3330 3500 Μέλλων
3364 3446 3494 3516 γοῦν
3519 3449 3618 3520 τὴν
3645 3452 3742 3521 γέ..

2155 3551 2303 3589 νεσιν
2335 3533 2606 3589 διδάσκειν
2643 3533 2738 3588 τοῦ
2772 3537 2837 3589 ἐκ
2872 3536 3186 3607 σπέρματος
3217 3536 3384 3590 Δαυῖδ
3416 3539 3742 3610 προελεύσο-

2158 3627 2342 3699 μένου,
2391 3627 2486 3680 καὶ
2528 3627 2627 3698 τὴν
2675 3627 3059 3698 καταστροφὴν
3107 3626 3214 3680 τῶν
3264 3627 3415 3697 παρά
3476 3629 3741 3684 Ἰουδαίων

2158 3718 2372 3789 σεμνῶν
2404 3717 2819 3789 προαγορεύειν,
2859 3716 2927 3770 δι’
2974 3718 3039 3787 ἢν
3084 3717 3180 3770 καὶ
3219 3717 3440 3790 ἀπορῶν
3474 3719 3742 3790 ἐπιλέγει,

2156 3811 2280 3865 Ποῦ
2316 3811 2449 3865 ἐστι
2493 3812 2568 3865 τὰ
2605 3809 2749 3878 ὲλέη
2778 3826 2900 3864 σου
2932 3808 3006 3863 τὰ
3046 3809 3286 3879 ἀρχαῖα.
3333 3811 3540 3879 Κύριε;
3572 3813 3743 3881 ἀναγ-

2155 3903 2328 3967 καίως
2359 3902 2488 3975 ’περί¹
2520 3902 2618 3974 μὲν
2663 3901 2758 3956 τοῦ
2814 3900 3208 3973 ἐπαληθεύσειν
3256 3899 3317 3967 ἐξ
3358 3902 3598 3967 ἅπαντος
3641 3904 3744 3968 τὰς

2157 3996 2291 4068 πρὸς
2318 3995 2411 4050 τὸν
2443 3994 2605 4049 Δαυῖδ
2628 3993 2723 4047 τοῦ
2750 3993 2887 4047 Θεοῦ
2921 3991 3253 4063 ἐπαγγελίας
3281 3992 3380 4058 τὰς
3409 3997 3745 4068 προειρημέ-

2155 4104 2251 4151 νας
2274 4088 2570 4157 ἐποιήσατο
2588 4085 2954 4150 διδασκαλίας.
2991 4085 3147 4138 ’Enei.
3165 4085 3221 4138 δὲ
3244 4085 3410 4156 ἐχρῆν
3437 4086 3743 4158 προμαθεῖν

2155 4181 2303 4252 ῄμᾶς
2333 4180 2429 4234 καὶ
2470 4179 2611 4249 ποίῳ
2647 4177 2761 4249 λαῷ
2793 4179 2826 4249 ἡ
2861 4177 3023 4248 χάρις
3046 4177 3145 4246 τῆς
3170 4175 3266 4229 τοῦ
3301 4176 3557 4247 Σωτῆρος
3588 4180 3747 4252 εὐερ-

2155 4271 2345 4341 γεσίας
2376 4270 2715 4343 ἐταμιεύετο,
2746 4269 3059 4332 ἀκολούθως
3106 4268 3512 4339 ἐμνημόνευσεν
3554 4271 3614 4325 ού
3646 4272 3744 4325 τοῦ

2169 4365 2408 4438 Ἰσραὴλ,
2449 4364 2571 4419 οὐδὲ
2612 4363 2707 4419 τοῦ
2757 4362 3024 4417 Ἰουδαίων
3065 4362 3271 4427 ἔθνους,
3312 4362 3449 4416 ἀλλὰ
3484 4362 3578 4417 τοῦ
3611 4363 3745 4417 λαοῦ

2155 4459 2250 4513 τοῦ
2283 4456 2646 4528 γινώσκοντος
2673 4455 3009 4525 ἀλαλαγμόνο
3047 4455 3141 4507 καὶ
3170 4453 3362 4507 τοῦτον
3394 4456 3618 4519 εἰκότως
3650 4455 3747 4512 τὸν

2156 4550 2283 4604 λαὸν
2316 4549 2644 4621 ἐμακάρισε,
2671 4547 2899 4601 πλεῖστα
2926 4546 3075 4618 αὐτῷ
3117 4545 3298 4616 ἀγαθά
3341 4546 3749 4618 ἐπαγγειλάμε-

2155 4659 2264 4705 νος.
2292 4640 2393 4695 Διά
2413 4641 2525 4713 γὰρ
2548 4640 2609 4695 τὸ
2638 4639 2837 4693 εἰδέναι
2865 4638 3202 4709 ἀλαλαγμὸν,
3230 4636 3444 4708 πρῶτον
3469 4638 3566 4707 μὲν
3589 4637 3747 4709 ἐντῷ

2159 4732 2299 4801 φωτὶ
2328 4733 2423 4786 τοῦ
2448 4731 2740 4804 προσώπου
2768 4729 2863 4785 τοῦ
2900 4729 3035 4783 Θεοῦ
3064 4728 3443 4800 πορεύσονται,
3474 4727 3665 4784 ἔπειτα
3685 4730 3749 4782 ἐν

2157 4824 2235 4895 τῷ
2271 4824 2496 4895 ὀνόματι
2536 4823 2702 4878 αὐτοῦ
2742 4821 3161 4891 ἁγαλλιάσονται
3193 4819 3313 4874 καθ’
3342 4819 3581 4891 ἑκάστην
3610 4821 3750 4892 ἡμέ-

2157 4931 2279 4986 ραψ
2308 4915 2402 4968 καὶ
2426 4916 2608 4988 τρίτον
2636 4917 2695 4968 ἐν
2722 4917 2788 4986 τῇ
2813 4913 3126 4986 δικαιοσύνῃ
3148 4910 3314 4965 αὐτοῦ
3344 4911 3746 4981 ὑψωθήσονται·

2159 5008 2256 5061 καὶ
2291 5007 2548 5079 τέταρτον
2597 5008 2861 5078 καύχημα
2905 5006 3006 5077 τῆς
3046 5004 3327 5075 δυνάμεως
3373 5003 3551 5057 αὐτῶν
3593 5003 3752 5060 ἔσται

2160 5098 2322 5163 αὐτὸς
2349 5101 2379 5152 ὁ
2406 5097 2629 5171 Κύριος.
2689 5098 2907 5170 Ἐπειδὴ
2937 5097 3047 5170 γὰρ
3080 5095 3342 5168 κραταιὸς
3386 5096 3483 5149 καὶ⁵
3523 5095 3752 5160 δυνατὸς

2162 5194 2422 5264 τυγχάνει
2452 5196 2484 5253 ,ὁ
2521 5194 2649 5258 λαὸς
2691 5187 2867 5258 οὗτος,
2899 5193 2996 5247 ἆτε
3027 5191 3120 5243 ἐπὶ
3161 5191 3260 5261 τὴν
3299 5188 3507 5259 πέτραν
3550 5188 3752 5259 ᾠκοδο-

2169 5285 2430 5356 μημένος,
2460 5286 2537 5350 ὡς
2564 5286 2702 5358 μήτε
2735 5282 2910 5347 πύλας
2942 5282 3070 5354 ᾅδου
3104 5280 3419 5351 κατισχύειν
3454 5279 3640 5333 αὐτοῦ’
3671 5281 3752 5333 εἰ-

2165 5377 2340 5441 κότως
2368 5379 2727 5449 καυχήσεται,
2761 5375 2878 5430 ἀλλ’
2908 5374 3009 5428 οὐκ
3038 5372 3131 5427 ἐπὶ
3160 5374 3227 5444 τῇ
3274 5370 3454 5443 οἰκείᾳ
3497 5368 3749 5439 δυνάμει,

2165 5466 2279 5521 ἀλλ’
2327 5468 2418 5520 ἐπὶ
2464 5466 2542 5537 τῷ
2584 5464 2999 5536 τεθεμελιωκότι
3044 5461 3209 5541 αὑτὸν
3253 5462 3344 5516 ἐπὶ
3387 5462 3488 5531 τὴν
3540 5460 3753 5532 πέτραν

2164 5557 2376 5631 Κυρίῳ.
2408 5559 2506 5613 Διὰ
2527 5559 2585 5614 δὲ
2608 5558 2780 5614 ταῦτα
2803 5559 2983 5613 πάντα
3008 5556 3302 5627 μακάριος
3331 5556 3365 5609 ό
3398 5552 3551 5619 λαός
3587 5554 3623 5608 ὁ
3656 5566 3753 5621 τι-
