4074 6408
456 360 594 419 1191

1485 358 1981 415 (ΣΟΜΜΕΝῙΑΒΙΑ
2020 358 2087 413 ΙΝ
2123 360 2462 417 PSALMOS.

3562 370 3697 424 HO!

448 474 674 546 λόμενος
717 471 1080 544 ἐρμηνευέτω.
1127 472 1261 524 Οὐδὲ
1306 471 1414 543 γὰρ
1460 474 1760 543 ἐκράτησεν
1791 477 1819 527 6
1856 473 1996 526 Δαυῒά

2120 473 2416 540 Abraham,
2458 483 2549 530 aut
2592 474 2763 542 Isaac,
2798 487 2892 532 aut
2937 479 3123 545 Israel,
3161 488 3256 535 aut
3301 482 3418 552 ipse
3454 482 3694 555 Moyses.

449 564 550 632 τῆς
587 562 828 633 παράλου
861 560 1063 631 χώρας.
1101 562 1170 612 Ἢ
1204 560 1320 624 πῶς
1346 562 1471 631 περὶ
1501 562 1594 615 τοῦ
1629 562 1792 615 Δαυῖδ
1824 563 2018 631 λέγοιτ’

448 653 517 705 ἂν
547 652 628 716 τὸ,
656 651 846 719 Αὐτὸς
874 652 1297 706 ἐπικαλέσεται
1323 668 1421 721 με’
1454 652 1655 720 Πατήρ
1685 670 1799 721 μου
1831 649 1891 706 εἷ
1917 654 2016 707 σύ·

442 744 607 813 κάγὼ
638 746 1015 812 πρωτότοκον
1035 743 1291 814 θήσομαι
1322 745 1530 806 αὑτόν;
1567 745 1710 795 Ἀντὶ
1739 745 1882 807 τίνος
1913 744 2021 813 γάρ

448 837 647 907 μᾶλλον
676 835 770 888 τοῦ
808 835 1073 907 Ἀϐραὰμ,
1107 837 1139 906 ἢ
1172 836 1266 890 τοῦ
1311 836 1522 901 Ἰσαὰκ,
1555 837 1587 908 ἢ
1629 836 1722 889 τοῦ
1784 837 2020 907 Ἰσραὴλ,

442 930 475 998 ἢ
510 927 673 981 αὑτοῦ
697 927 942 991 Μωσέως
960 967 974 991 ,
1005 928 1037 998 ἢ
1074 926 1167 980 τοῦ
1184 928 1358 993 Ἠλία,
1386 928 1419 999 ἦ
1452 927 1560 980 τῶν
1589 927 1763 982 ἄλλων
1790 927 2014 980 δικαίων

438 1040 497 1075 τε
524 1021 617 1074 καὶ
648 1022 962 1093 προφητῶν,
990 1024 1328 1092 πρωτότοκος
1356 1021 1448 1075 τοῦ
1480 1021 1614 1075 Θεοῦ
1638 1020 1917 1093 νομισθείη
1951 1020 2018 1074 ἂν

436 1114 465 1166 6
495 1113 685 1176 Δαυϊδς
736 1112 860 1176 Πῶς
904 1112 961 1165 δὲ
1008 1112 1298 1184 ἀληθεύσει
1343 1114 1473 1184 περὶ
1521 1112 1685 1166 αὑτοῦ
1737 1113 1959 1181 φάσκων
1988 1114 2017 1164 6

436 1203 588 1267 θεὸς,
635 1202 899 1272 ϐήσομαι
951 1202 1139 1256 αὐτὸν
1182 1203 1429 1271 ὑψηλόν
1482 1204 1644 1272 παρὰ
1683 1203 1807 1269 τοῖς
1838 1204 2017 1267 ,βασι-

433 1294 612 1349 λεῦσι
660 1292 770 1364 τῆς
804 1294 948 1365 γῆς;
993 1294 1118 1347 Πότ’
1150 1290 1243 1349 οὖν
1285 1297 1314 1349 6
1358 1294 1522 1349 Δαυῖδ
1579 1294 1729 1367 παρὰ
1777 1296 2015 1365 Πέρσαις

2124 574 2220 620 aut
2265 565 2432 632 Elias,
2464 576 2559 621 aut
2595 570 2686 621 alii
2719 570 2856 638 justi
2900 582 2953 626 et
2982 573 3256 641 pr0phetse
3296 575 3698 646 primogenitus

2122 656 2215 712 Dei
2252 657 2418 713 David
2452 675 2576 715 esse
2606 661 2986 731 putetur?Qui
3010 680 3137 718 vere
3167 665 3365 718 dixerit
3398 665 3563 731 Deus,
3590 667 3700 720 Ρο-

2122 766 2245 804 nam
2270 751 2423 804 illum
2451 753 2713 811 excelsum
2734 770 2845 821 pra:
2872 756 3078 825 regibus
3118 761 3310 812 terrae?
3340 759 3695 823 Quandonam

2124 839 2290 896 David
2323 857 2435 912 prae
2459 844 2677 913 regibus
2710 863 2762 901 ν.
2798 862 2850 916 g.
2885 845 3197 910 Persarum,
3229 848 3573 918 Scytharum,
3617 849 3699 904 ln-

2124 930 2341 998 dorum,
2387 931 2730 1003 jEthiOpum,
2780 936 3113 1000 Maurorum,
3157 927 3546 1007 Hispanofum,
3580 938 3696 993 Bri-

2118 1027 2440 1084 tannorum,
2491 1030 2585 1076 aut
2614 1025 2948 1095 reliquarum
2982 1027 3228 1095 gentium
3261 1031 3532 1085 exaltatus
3574 1030 3697 1085 est?

2118 1109 2275 1177 Quod
2325 1113 2369 1167 si
2410 1114 2527 1169 haec
2559 1118 2839 1187 acceperis
2879 1117 2947 1173 de
2981 1134 3046 1173 eo
3091 1120 3185 1189 qui
3234 1136 3300 1175 ex
3336 1122 3543 1177 semine
3572 1123 3694 1191 ejus

2118 1206 2435 1261 nasciturus
2468 1216 2608 1272 erat,
2646 1208 2963 1265 ﬁrmissime
2996 1217 3050 1265 et
3087 1200 3503 1269 accuratissime
3547 1214 3693 1269 dicta

2117 1312 2421 1367 congruere
2449 1298 2841 1367 deprehendes.

434 1388 586 1458 φέρε,
620 1388 653 1459 ἢ
690 1387 1006 1459 Σκύθαις,ἥ
1052 1388 1253 1454 Ἰνδοῖς,
1288 1389 1322 1459 ἢ
1356 1389 1623 1461 Αἰθίοψιν,
1662 1391 1695 1461 ἢ
1734 1390 2000 1459 Μαύροις,
2056 1390 2088 1461 ἢ
2145 1393 2395 1457 Σπάνοις,
2436 1393 2468 1465 ἢ
2519 1394 2830 1464 Βρετανοῖς,
2880 1396 2913 1466 ἢ
2980 1400 3132 1470 παρὰ
3170 1403 3283 1463 τοῖς
3327 1399 3532 1464 λοιποῖς
3585 1400 3692 1453 τῶν

433 1480 602 1535 ἐθνῶν
637 1481 948 1551 βασιλεῦσιν
979 1483 1199 1555 aeson;
1234 1485 1297 1537 Εἰ
1334 1484 1391 1538 δὲ
1417 1554 1423 1574 ἐ
1450 1485 1702 1548 έκλάϐοις
1755 1484 1929 1539 ταῦτα
1968 1486 2063 1539 ἐπὶ
2100 1487 2190 1541 τὸν
2230 1490 2295 1541 ὲκ
2340 1489 2656 1560 σπέρματος
2696 1491 2861 1545 αὑτοῦ
2900 1494 3181 1562 γεγονότα,
3230 1495 3554 1564 βεϐαιότατα
3597 1497 3691 1549 καὶ

431 1573 741 1644 κυριώτατα
763 1574 943 1647 εὕροις
965 1577 1032 1630 ἂν
1054 1577 1433 1648 ἐφαρμόζοντα
1458 1577 1604 1649 αὐτῷ
1628 1578 1697 1632 τὰ
1717 1578 2005 1647 λεγόμενα.

499 1687 786 1760 Μαρτυρεῖ
827 1688 885 1741 δὲ
925 1690 992 1760 τῇ
1035 1689 1135 1759 τῆς
1181 1690 1514 1761 προφητείας
1559 1691 1781 1744 ἐκϐάσει
1824 1691 2011 1743 καὶτὸ

2187 1688 2494 1760 Pr0phetiae
2515 1698 2697 1746 autem
2719 1693 2923 1746 exitum
2956 1694 3282 1748 testiﬁcatur
3297 1695 3649 1768 Evangelium
3671 1741 3688 1767 ,

428 1777 781 1845 Εὐαγγέλιον,
812 1779 870 1832 ὲν
914 1772 959 1848 ᾧ
993 1779 1135 1832 κατὰ
1165 1780 1255 1833 τὸν
1296 1782 1508 1835 Λουκᾶν
1543 1784 1817 1854 Ζαχαρίας
1856 1785 1886 1835 6
1914 1781 1996 1835 τοί

2114 1780 2208 1835 ubi
2235 1782 2535 1849 secundum
2564 1780 2791 1846 Lucam,
2820 1781 3120 1838 Zacharias
3146 1784 3311 1838 etiam
3342 1784 3570 1843 Joannis
3595 1806 3692 1859 ρη-

440 1870 684 1924 Ὶωάννου
715 1870 897 1941 πατὴρ
926 1875 1234 1943 προφητικῇ
1260 1873 1484 1944 δυνάμει
1520 1875 1613 1927 καὶ
1652 1875 1812 1937 αὐτὸς
1839 1874 1996 1945 κέρας

2112 1881 2197 1925 ter
2222 1873 2542 1941 prophetica
2568 1873 2770 1928 virtute
2805 1874 2983 1945 ipsum
3017 1873 3296 1930 Christum
3328 1891 3500 1932 cornu
3529 1895 3691 1934 voca-

426 1962 587 2014 αύτὸν
630 1961 900 2033 ὠνόμασε.
953 1963 1118 2032 Λέγει
1163 1963 1208 2016 δ’
1253 1960 1346 2018 οὖν
1376 1966 1405 2017 6
1434 1965 1859 2035 εὐαγγελιστής·
1898 1964 2006 2019 Kal

426 2055 726 2122 Ζαχαρίας
766 2055 1047 2125 ἐπλήσθη
1097 2060 1444 2128 Πνεύματος
1488 2060 1683 2129 ἁγίου,
1728 2059 1827 2112 καὶ
1867 2073 2010 2125 προ-

424 2146 722 2216 εφήτευσε
746 2147 961 2218 λέγων·
1003 2152 1350 2221 Εὐλογητὸς
1375 2155 1408 2205 ό
1441 2152 1586 2217 Θεὸς
1599 2152 1713 2205 τοῦ
1745 2150 2004 2219 Ἰσραὴλ,

424 2238 515 2292 ὅτι
552 2239 930 2308 ἐπεσκέψατο
959 2242 1057 2295 καὶ
1090 2243 1343 2311 ἐποίησε
1375 2245 1682 2312 λύτρωσιν
1712 2242 1819 2296 τοῦ
1852 2243 2007 2297 λαοῦ

422 2330 628 2385 αὐτοῦ.
663 2332 774 2386 Kal
811 2332 1010 2403 ἤγειρε
1040 2333 1218 2401 κέρας
1254 2337 1554 2403 σωτηρίας
1596 2335 1739 2404 ἡμῖν
1770 2334 1841 2387 ἐν
1865 2334 2009 2400 οἴκῳ

423 2421 606 2474 Δαυῒδ
654 2422 761 2476 τοῦ
812 2424 1025 2490 παιδὸς
1069 2425 1277 2479 αὐτοῦ.
1329 2426 1534 2493 Καθὼς
1593 2425 1861 2494 ὲλάλησε
1909 2425 2008 2480 διὰ

420 2515 721 2584 στόματος
761 2514 879 2569 τῶν
919 2516 1103 2586 ἁγίων
1145 2517 1246 2571 ἀπ’
1293 2516 1509 2583 αἰῶνος
1547 2515 1866 2586 προφητῶν
1895 2519 2003 2569 αύ-

421 2605 549 2659 τοῦ.
577 2606 761 2677 Κέρας
785 2607 844 2660 δὲ
873 2609 1078 2679 κυρίως
1101 2607 1413 2679 ὠνόμασται
1432 2610 1466 2661 6
1488 2609 1718 2681 Χριστὸς
1736 2607 1830 2660 τοῦ
1847 2607 2000 2660 Θεοῦ.

422 2696 515 2750 Διὸ
563 2698 657 2750 καὶ
710 2698 1020 2769 μονόκερως
1075 2699 1291 2770 εἴρηται
1341 2700 1481 2753 κατὰ
1533 2700 1632 2772 τὴν
1691 2699 2002 2767 φάσκουσαν

420 2788 664 2860 Γραφήν·
700 2789 813 2842 Καὶ
851 2791 1234 2860 ἠγαπημένοις
1277 2792 1358 2857 ὡς
1394 2792 1525 2858 υἱὸς
1557 2789 1997 2861 μονοκερώτωτν

421 2878 653 2950 ἐπείπερ
678 2878 744 2932 δι’
769 2879 933 2932 αὐτοῦ
964 2880 1113 2933 πᾶσα
1141 2885 1172 2953 ή
1208 2882 1556 2955 ἀντικειμένη
1591 2885 1686 2937 καὶ
1719 2883 1887 2955 ἐχθρὰ
1908 2883 2001 2936 τοῦ

420 2967 557 3021 Θεοῦ
576 2968 803 3040 δύναμις
822 2970 1095 3042 ὲνετράπη
1115 2989 1175 3025 κε
1182 2973 1496 3044 ρατισθεῖσα
1514 2975 1606 3028 καὶ
1627 2975 1994 3046 κεραῖσθεῖσα.

421 3060 599 3125 Μόνος
642 3062 773 3131 γοῦν
817 3063 894 3128 ὡς
943 3063 1157 3135 ἀληθῶς
1200 3065 1307 3119 τῶν
1355 3068 1661 3138 γενομένων
1702 3067 1796 3122 τοῦ
1836 3067 2000 3121 Δαυῒδ

2113 1963 2207 2016 vit.
2248 1963 2337 2017 Ait
2361 1964 2505 2018 enim
2539 1966 2871 2034 evangelista
2902 1983 2915 2020 :
2947 1964 3017 2017 Et
3040 1964 3334 2020 Zacharias
3364 1969 3591 2036 repletus
3608 1982 3687 2025 est

2112 2051 2314 2117 Spiritu
2337 2063 2542 2117 sancto,
2562 2066 2613 2108 et
2634 2055 2958 2124 prophetarit
2986 2056 3183 2120 dicens,
3210 2057 3523 2113 Benedictus
3545 2060 3687 2115 Dens

2112 2145 2305 2210 Israel,
2348 2147 2474 2219 quia
2522 2148 2751 2200 visitavit
2798 2156 2848 2200 et
2900 2148 3022 2216 fecit
3070 2150 3474 2217 redemptionem
3521 2154 3686 2220 p'ebis

2108 2254 2241 2295 suae.
2275 2237 2345 2291 Et
2390 2239 2562 2293 erexit
2603 2255 2765 2292 cornu
2808 2240 3000 2294 salutis
3047 2240 3195 2295 nobis
3232 2242 3287 2294 in
3317 2242 3474 2297 domo
3514 2243 3685 2297 David

2109 2331 2260 2400 pueri
2291 2331 2395 2386 sui.
2441 2329 2592 2385 Sicut
2624 2332 2830 2385 locutus
2864 2341 2943 2385 est
2978 2348 3073 2400 per
3097 2349 3156 2385 os
3194 2342 3499 2387 sanctorum
3535 2338 3625 2406 qui
3653 2355 3685 2389 α

2109 2422 2304 2477 stmulo
2350 2431 2474 2476 sunt
2513 2422 2890 2491 prophetarum
2939 2423 3052 2492 ejus
3074 2423 3139 2475 ³⁷.
3172 2423 3359 2479 Cornu
3383 2441 3513 2480 vero
3556 2443 3679 2497 pro-

2106 2515 2224 2585 prie
2267 2523 2492 2568 vocatur
2522 2514 2775 2568 Christus
2814 2514 2931 2569 Dei.
2975 2514 3155 2580 Quare
3205 2516 3489 2572 unicornis
3518 2521 3681 2572 etiam

2106 2604 2311 2659 dicitur
2349 2605 2403 2657 in
2452 2602 2761 2673 Scriptura,
2806 2620 2927 2674 quae
2971 2606 3052 2659 sic
3101 2605 3266 2660 habet
3299 2626 3311 2661 :
3346 2605 3414 2660 Et
3461 2608 3681 2662 dilectus

2104 2694 2542 2766 quemadmodum
2573 2696 2719 2764 ﬁlius
2745 2696 3079 2749 unicornium
3102 2696 3146 2727 ⁸⁸
3176 2713 3195 2749 ;
3225 2697 3352 2766 quia
3376 2713 3474 2768 per
3503 2700 3679 2768 ipsum

2105 2786 2283 2841 omnis
2305 2785 2621 2842 advensnria
2653 2797 2707 2841 et
2742 2787 2965 2840 inimica
2993 2786 3103 2841 Deo
3136 2788 3313 2842 virtus
3343 2804 3536 2844 eversa
3575 2800 3677 2852 est,

2104 2893 2277 2932 cornu
2320 2879 2562 2947 impetita
2598 2887 2651 2933 et
2675 2879 2918 2948 depulsa.
2955 2878 3118 2934 Solus
3142 2880 3326 2949 itaque
3356 2896 3423 2936 ex
3458 2897 3679 2936 succes-

2104 2970 2323 3024 soribus
2362 2968 2604 3030 Davidis.
2646 2968 2806 3025 Jesus
2841 2969 3097 3025 Christus
3124 2970 3379 3026 Salvator
3413 2981 3466 3027 et
3496 2972 3678 3027 Domi-

2104 3076 2208 3115 nus
2244 3072 2451 3124 noster,
2481 3076 2547 3114 ex
2600 3063 2809 3116 semine
2839 3062 2961 3131 ejus
3000 3074 3184 3127 natus,
3214 3062 3432 3117 deitatis
3471 3064 3525 3118 in
3557 3065 3680 3135 ipso

420 3152 679 3225 διαδόχων
714 3155 919 3225 Ἰησοῦς
949 3157 1182 3227 Χριστὸς
1204 3159 1232 3211 6
1254 3158 1443 3230 Σωτὴρ
1470 3160 1565 3213 καὶ
1586 3160 1789 3231 Κύριος
1816 3161 1995 3231 ἡμῶν,

2101 3149 2398 3204 habitantis
2444 3166 2638 3215 cornu,
2691 3164 2906 3203 omnem
2955 3149 3262 3203 daemonum
3319 3158 3372 3203 et
3408 3149 3676 3205 idolorum

421 3244 487 3295 ὲκ
519 3244 832 3316 σπέρματος
867 3246 1031 3300 αὑτοῦ
1070 3248 1346 3318 προελθὼν
1372 3250 1450 3320 τῷ
1480 3250 1671 3322 κέρατι
1696 3251 1799 3322 τῆς
1824 3253 1881 3303 έν
1906 3252 1997 3304 αύ-

421 3333 499 3404 τῷ
531 3334 805 3406 θεότητος,
843 3340 1021 3392 πᾶσαν
1069 3338 1167 3409 τὴν
1211 3339 1530 3414 δαιμονικὴν
1573 3344 1668 3396 καὶ
1716 3343 1997 3413 εὶδωλικὴν

417 3426 726 3497 ἀνατρέψας
759 3428 973 3483 καθεῖλε
1018 3429 1242 3504 πλάνην.
1290 3433 1380 3486 Διὸ
1421 3434 1515 3488 καὶ
1558 3435 1723 3506 κέρας
1773 3437 2023 3499 εἰκότωςκ

420 3518 515 3570 καὶ
551 3518 861 3590 μονόκερως
892 3522 951 3575 ὲν
981 3527 1091 3588 τοῖς
1126 3526 1291 3597 ἱεροῖς
1320 3525 1635 3596 ὠνόμασται
1662 3526 1857 3597 λόγοις.
1888 3529 1996 3580 Αὐ-

415 3605 508 3660 τοῦ
525 3607 600 3670 δὲ,
620 3609 852 3675 καὶρύδὲ
872 3610 1052 3678 ἄλλου,
1069 3616 1102 3684 ή
1128 3615 1247 3685 χεὶρ
1269 3615 1410 3684 καὶὴ
1432 3613 1580 3678 δεξιά
1603 3616 1995 3687 κατεκυρίευσε

415 3699 516 3770 τῆς
556 3699 881 3772 οἰκουμένης
927 3702 1128 3773 πάσης,
1168 3705 1227 3757 έν
1256 3707 1519 3775 ποταμοῖς
1550 3707 1644 3759 καὶ
1675 3705 1987 3770 θαλάσσαις·

416 3792 538 3846 ἐπεὶ
570 3793 665 3846 καὶ
708 3792 807 3857 τάς
845 3796 1041 3866 νήσους
1082 3796 1191 3848 τῶν
1222 3796 1389 3850 ὲθνῶν
1428 3797 1744 3868 ἐπλήρωσεν
1778 3800 1811 3869 ἡ
1849 3797 1994 3851 διδα-

416 3881 614 3935 σκαλία
652 3883 816 3937 αὐτοῦ
847 3885 941 3938 καὶ
970 3885 1245 3956 πανταχοῦ
1296 3888 1401 3957 γῆς
1443 3888 1646 3959 Κύριον
1690 3889 1855 3943 αὑτὸν
1898 3890 1992 3942 καὶ

414 3971 546 4025 θεὸν
573 3971 667 4026 καὶ
699 3972 938 4043 βασιλέα,
978 3975 1085 4027 πᾶν
1113 3975 1268 4043 γένος
1308 3974 1610 4046 ἀνθρώπων
1646 3973 1987 4045 ἀναγορεύει.

415 4064 638 4134 Ὅμοιον
669 4064 726 4118 δέ
758 4066 873 4118 ἐστι
898 4065 958 4118 τὸ
990 4065 1221 4120 ἐνταῦθα
1248 4065 1478 4135 φάσκον,
1503 4065 1771 4137 Θήσομαι
1797 4066 1867 4119 ὲν
1890 4069 1990 4121 θα-

409 4152 617 4223 λάσση
648 4156 818 4224 χεζοα
860 4156 1045 4210 αὑτοῦ
1075 4156 1172 4210 καὶ
1209 4156 1278 4211 ὲν
1320 4156 1603 4226 ποταμοῖς
1634 4155 1842 4221 δεξιὰν
1876 4158 1985 4209 αύ-

410 4246 539 4311 τοῦ,
561 4246 638 4318 τῷ
662 4248 720 4301 ὲν
743 4255 819 4301 οα¹
849 4247 1046 4320 ψαλμῷ
1078 4245 1231 4312 αὖθις
1259 4251 1389 4320 περὶ
1421 4247 1585 4304 αὑτοῦ
1618 4249 1849 4317 λέγοντι·
1875 4249 1985 4302 Kal

410 4341 863 4405 κατακυριεύσει
897 4339 1015 4395 ἀπὸ
1040 4340 1357 4408 θαλάσσης
1385 4340 1495 4407 ἕως
1528 4340 1863 4406 θαλάσσης,
1889 4338 1986 4393 καὶ

409 4427 525 4481 ἀπὸ
555 4431 821 4499 ποταμοῦ
863 4430 974 4497 ἕως
1010 4431 1130 4486 τῶν
1172 4432 1441 4501 περάτων
1462 4431 1575 4501 τῆς
1604 4430 1981 4501 οἰκουμένης.

420 4518 748 4590 Ἀρξάμενος
778 4518 871 4576 οὖν
898 4524 928 4576 6
962 4524 1151 4596 Σωτὴρ
1190 4525 1297 4579 ἀπὸ
1340 4525 1434 4578 τοῦ
1478 4523 1847 4595 βαπτίσματος
1884 4522 1979 4575 τοῦ

409 4610 553 4664 κατὰ
578 4611 670 4665 τὸν
716 4612 986 4684 Ἰορδάνην
1023 4616 1266 4686 ποταμοῦ
1294 4617 1392 4689 τὴν
1421 4616 1696 4687 βασιλείαν
1717 4614 1809 4669 τοῦ
1843 4613 1977 4667 Θεοῦ

409 4705 722 4776 κηρύττειν,
750 4706 850 4779 τὴν
877 4709 1054 4762 πᾶσαν
1077 4708 1393 4781 ἐπλήρωσεν
1417 4707 1759 4778 οἰκουμένην.
1789 4707 1898 4760 Καὶ
1922 4707 1978 4758 ἐν

407 4797 651 4870 Ζαχαρία
669 4798 723 4852 δὲ
742 4798 818 4870 τῷ
840 4802 1090 4873 προφήτῃ
1113 4800 1382 4854 λέλεκται·
1407 4800 1581 4869 Χαῖρε
1611 4800 1709 4853 καὶ
1736 4800 1976 4868 εὐφραί-

405 4905 541 4955 νου,
580 4891 829 4960 θύγατερ
861 4890 1028 4945 Σιών
1057 4891 1184 4946 ἰδοὺ
1211 4896 1244 4947 ὁ
1271 4894 1569 4959 ,ϐασιλεύς
1595 4908 1710 4946 σου
1744 4891 1979 4961 ἔρχεταί

404 4994 505 5031 σοι
519 4979 711 5048 πραῢς
727 4980 826 5033 καὶ
840 4980 1200 5049 ἐπιϐεϐηκὼς
1213 4982 1308 5036 ἐπὶ
1326 4978 1645 5052 ὑποζύγιον
1660 4980 1754 5034 καὶ
1774 4979 1981 5033 πῶλον
2031 5031 2034 5034 .

402 5069 564 5125 νέον.
596 5071 705 5125 Kal
732 5072 1010 5141 κατάρξει
1036 5073 1156 5128 ἀπὸ
1181 5074 1497 5142 θαλάσσης
1512 5074 1622 5137 ἕως
1637 5072 1975 5147 θαλάσσης,

402 5163 500 5217 καὶ
516 5163 634 5218 ἀπὸ
652 5164 930 5235 ποταμῶν
941 5165 1015 5220 δι’
1029 5167 1284 5233 ἐκϐολὰς
1298 5164 1425 5234 γῆς.
1456 5164 1592 5219 ’Δνθ’
1606 5158 1666 5220 οὗ
1680 5164 1741 5218 τὸ
1764 5164 1978 5234 Ἐϐραῖ-

402 5255 501 5309 κὸν
535 5256 800 5328 περιέχει,
830 5258 939 5312 Kal
965 5258 1084 5313 ἀπὸ
1116 5257 1396 5327 ποταμῶν
1418 5257 1530 5324 ἕως
1558 5255 1677 5310 τῶν
1707 5254 1977 5324 περάτων

401 5345 505 5415 τῆς
525 5346 658 5416 τῆς.
676 5348 835 5402 Εἴποι
853 5349 903 5402 δ’
929 5349 995 5403 ἄν
1018 5367 1102 5413 τις
1132 5349 1566 5421 άπορρητότερον
1583 5348 1677 5401 καὶ
1694 5346 1868 5410 ἄλλως
1885 5346 1971 5401 διὰ

399 5437 621 5505 τούτων,
653 5440 754 5511 τὴν
791 5440 892 5511 μὲν
919 5440 1097 5507 δεξιὰν
1124 5440 1288 5495 αὐτοῦ
1318 5442 1375 5492 ἐν
1403 5442 1665 5510 ποταμοῖς
1695 5436 1967 5507 λέγεσθαι,

398 5528 487 5582 διὰ
504 5529 565 5583 τὸ
596 5530 806 5594 πάντας
828 5531 953 5595 τοὺς
980 5534 1044 5585 ἐκ
1069 5532 1258 5598 δεξιῶν
1300 5530 1465 5584 αὑτοῦ
1495 5531 1581 5583 διὰ
1610 5528 1834 5601 λουτροῦ
1867 5546 1971 5583 πα-

398 5616 736 5689 λιγγενεσίας
782 5620 1157 5693 καθαίρεσθαι,
1192 5622 1286 5676 καὶ
1325 5621 1425 5691 τῆς
1453 5619 1637 5685 ἐνθέου
1670 5621 1968 5690 ἀναγεννή-

2101 3256 2341 3295 errorem
2392 3257 2517 3296 vere
2575 3256 2640 3294 ac
2688 3240 2934 3295 funditus
2970 3241 3263 3297 destruxit.
3312 3240 3676 3307 Quamobrem

2099 3348 2270 3389 cornu
2295 3340 2349 3388 et
2389 3334 2675 3388 unicornis
2708 3335 2761 3387 in
2812 3334 2987 3388 sacris
3012 3332 3234 3389 Litteris
3281 3334 3477 3388 merito
3513 3349 3675 3388 voca-

2099 3433 2208 3480 tur.
2234 3425 2415 3496 lpsius
2437 3442 2585 3490 vero,
2611 3435 2665 3480 et
2697 3442 2804 3480 non
2829 3427 2991 3492 alius,
3025 3441 3222 3482 manus
3244 3434 3294 3480 et
3324 3425 3545 3481 dextera
3577 3427 3676 3481 t0li

2098 3520 2303 3575 mundo
2342 3520 2621 3576 dominata
2657 3528 2743 3575 est
2768 3522 2823 3574 in
2860 3519 3178 3576 ﬂuminibus
3208 3531 3260 3576 et
3289 3522 3555 3576 maribus.
3591 3520 3673 3573 Si-

2098 3613 2315 3682 quidem
2345 3614 2587 3683 gentium
2632 3613 2839 3668 insulas
2882 3613 3111 3683 replevit
3144 3613 3394 3668 doctrina
3437 3614 3578 3683 ejus,
3620 3624 3674 3667 et

2095 3703 2300 3774 ubique
2328 3709 2599 3758 terrarum
2633 3705 2946 3758 universum
2978 3704 3273 3758 humanum
3294 3720 3468 3775 genus
3488 3703 3673 3758 Domi-

2094 3800 2224 3848 num
2257 3794 2432 3860 illum,
2468 3794 2637 3849 Deum
2668 3802 2724 3848 et
2752 3793 2954 3865 Regem
2994 3796 3254 3866 appellat.
3285 3795 3475 3851 Simile
3504 3811 3671 3865 porro

2093 3893 2179 3940 est
2205 3886 2310 3939 hoc
2340 3886 2571 3948 dictum,
2604 3884 2812 3938 Portam
2836 3887 2892 3940 in
2935 3888 3074 3939 mari
3102 3902 3317 3940 manum
3354 3887 3489 3956 ejus,
3534 3898 3584 3941 et
3615 3888 3669 3939 in

2095 3972 2404 4043 ﬂuminibus
2440 3974 2712 4028 dexteram
2745 3975 2882 4043 ejus.
2907 3976 2957 4028 ei
2979 3974 3126 4044 quod
3149 3975 3217 4030 de
3245 3976 3438 4031 eodem
3467 3978 3589 4046 ipso
3614 3980 3665 4031 in

2092 4079 2219 4118 LXXI
2282 4064 2494 4135 psalmo
2560 4063 2795 4127 dicitur,
2863 4061 2932 4116 Et
3009 4062 3373 4118 dominabitur
3433 4082 3466 4118 a
3529 4069 3668 4119 mari

2090 4172 2255 4228 usque
2313 4156 2383 4209 ad
2428 4172 2604 4221 mare,
2654 4164 2705 4210 et
2762 4172 2796 4209 a
2838 4156 3054 4224 ﬂumine
3096 4173 3259 4226 usque
3314 4158 3382 4210 ad
3417 4160 3664 4212 terminos

2089 4248 2231 4302 orbis
2291 4254 2573 4302 terrarum.
2624 4246 2760 4300 Cum
2818 4246 3078 4316 cmpisset
3132 4247 3277 4300 enim
3322 4246 3579 4303 Servator
3635 4268 3664 4301 ιι

2088 4338 2416 4410 baptismate
2475 4337 2543 4392 ad
2608 4335 2901 4391 Jordanem
2968 4337 3192 4392 ﬂuvium
3258 4348 3516 4409 suscepto
3575 4356 3664 4394 re-

2088 4444 2254 4498 gnum
2317 4427 2409 4483 Dei
2462 4427 2799 4499 praedicare,
2846 4436 3019 4482 totum
3068 4429 3298 4499 replevit
3342 4428 3552 4483 orbem.
3603 4428 3662 4482 lu

2089 4519 2355 4576 Zacharia
2414 4535 2547 4575 vero
2595 4520 2861 4590 prOpheta
2923 4518 3126 4574 dicitur
3179 4538 3194 4575 ;
3248 4517 3429 4573 Gaude
3476 4528 3525 4572 et
3568 4518 3662 4572 ιω-

2088 4622 2224 4679 tare,
2268 4612 2388 4682 ﬁlia
2436 4610 2750 4667 Sion:ecce
2797 4626 2891 4665 rea:
2929 4620 3050 4667 tuus
3102 4612 3240 4666 venit
3279 4611 3376 4665 tibi
3408 4626 3655 4664 mansue-

2088 4716 2194 4769 tus,
2225 4715 2276 4760 et
2312 4704 2546 4759 insidens
2594 4704 2884 4776 subjugali,
2930 4715 2980 4759 et
3026 4705 3173 4774 pullo
3213 4704 3413 4773 juveni.
3452 4701 3523 4755 Et
3563 4703 3652 4755 do-

2085 4797 2377 4850 minabitur
2415 4813 2449 4850 α
2493 4796 2633 4849 mari
2673 4813 2833 4868 usque
2870 4796 2940 4849 ad
2977 4811 3122 4849 mare
3145 4836 3159 4857 ,
3190 4804 3242 4848 et
3279 4812 3312 4848 a
3347 4795 3659 4863 ﬂuminibus

2083 4905 2245 4960 usque
2287 4890 2355 4943 ad
2391 4890 2565 4944 exitus
2613 4898 2766 4943 terra:
2798 4889 2862 4942 ".
2898 4887 3005 4942 Pro
3046 4903 3156 4958 quo
3199 4887 3523 4942 Hebraicum
3560 4888 3656 4940 ha-

2085 4977 2210 5044 bet,
2246 4977 2318 5031 Et
2347 4995 2381 5031 a
2410 4977 2719 5047 ﬂuminibus
2762 4992 2924 5045 usque
2963 4975 3032 5029 ad
3062 4978 3313 5030 terminos
3350 4985 3522 5030 terrae.
3560 4973 3654 5027 Di-

2084 5070 2227 5125 xerit
2257 5085 2422 5141 porro
2453 5069 2724 5139 quispiam
2747 5109 2760 5133 ,
2791 5067 3146 5139 profundiore
3178 5067 3511 5137 intelligendi
3546 5067 3653 5120 ritu

2083 5162 2174 5216 hic
2206 5162 2326 5232 ejus
2353 5162 2632 5217 dexteram
2663 5161 2717 5214 in
2759 5160 3076 5215 ﬂuminibus
3113 5158 3252 5222 dici,
3298 5160 3422 5228 quia
3463 5172 3655 5211 omnes

2082 5253 2175 5324 qui
2203 5268 2233 5306 a
2265 5253 2473 5308 dextris
2502 5251 2624 5321 ejus
2652 5259 2815 5316 sunt,
2851 5267 2947 5320 per
2982 5253 3257 5306 lavacrum
3285 5251 3654 5319 regeneratiu-

2082 5345 2166 5400 nis
2196 5354 2518 5414 purgantur,
2545 5349 2600 5396 et
2623 5340 2805 5395 divina
2834 5343 3245 5412 regeneratione
3268 5356 3365 5410 per
3387 5338 3650 5393 inﬂuxum

2081 5434 2320 5505 Spiritus
2344 5434 2519 5491 sancti
2542 5434 2858 5504 dignantur.
2883 5432 3117 5488 Dextros
3139 5449 3271 5488 sane
3302 5433 3425 5487 illos
3451 5431 3503 5487 ei
3530 5447 3653 5486 esse

2076 5527 2404 5590 didicimus,
2440 5525 2641 5596 quibus
2684 5524 2999 5595 pollicendo
3036 5525 3171 5579 dixit
3200 5543 3213 5578 :
3249 5523 3433 5579 Venite
3455 5566 3469 5586 ,
3501 5522 3653 5577 bene-

2076 5617 2204 5673 dicti
2259 5618 2439 5675 Patris
2485 5618 2618 5685 mei,
2667 5617 2928 5686 possidete
2960 5634 3172 5691 regnum
3218 5617 3360 5671 vobis
3403 5628 3649 5670 auratum

469 5770 510 5803 ³⁷
550 5771 682 5829 Luc.
715 5789 848 5849 νηὶ,
880 5775 949 5831 θἹ
985 5777 1070 5833 70.
1149 5778 1193 5812 ³⁸
1230 5775 1373 5832 Psal.
1412 5791 1608 5839 xxvul.
1644 5774 1699 5834 6.
1777 5776 1819 5809 "
1854 5773 2020 5830 Zacb.
2053 5768 2142 5851 tu.
2169 5773 2226 5830 9.
