4074 6386
484 347 624 404 “05

1194 349 1460 406 EUSEBII
1503 351 1979 409 (LESARIENSIS
2015 350 2166 408 OPP.
2208 352 2384 408 PARS
2424 351 2511 406 Ill.
2553 383 2605 391 —-
2660 351 3066 409 EXEGETICA.

3599 347 3740 403 1104

482 483 519 522 a
541 466 912 521 constitutione
943 467 1142 522 ιηιιθτάί.
1181 468 1394 522 Esurivi
1416 469 1588 534 enim,
1612 479 1660 524 et
1687 471 1905 525 dedistis
1934 472 2060 523 mihi

2172 489 2300 535 σεως
2350 471 2437 525 διὰ
2483 473 2580 542 τῆς
2607 471 2700 525 τοῦ
2745 471 2898 540 ἁγίου
2928 469 3238 539 Πνεύματος
3265 465 3524 536 ἐπιρροῆς
3565 481 3734 518 κατα-

482 559 806 612 manducare
831 559 899 625 ⁸ο,
921 567 976 613 et
1000 570 1215 615 caetera.
1244 560 1370 615 Illos
1397 560 1543 614 enim
1565 601 1579 623 ,
1613 576 1752 631 quos
1781 577 1909 616 oves
1934 577 2064 617 suas

482 648 718 712 vocavit,
737 664 767 702 a
794 648 1002 703 dextris
1029 665 1089 705 se
1117 650 1544 705 constituturum
1573 652 1814 721 promisit
1838 670 1852 718 ;
1872 667 2065 722 quam-

483 740 672 794 obrem
700 739 1055 809 profundiore
1083 749 1138 796 et
1165 743 1462 797 secretiore
1517 744 1731 798 ratione
1784 743 2062 798 dexteram

483 831 604 898 ejus
649 831 704 885 in
749 831 1067 888 ﬂuminibus
1117 834 1355 889 futuram
1403 850 1526 890 esse
1555 835 1760 889 dictum
1793 845 1897 890 est.
1929 834 2063 890 Flu.

483 922 634 976 mina
675 937 840 993 porro
876 925 1025 980 illius
1054 924 1311 980 dicantur
1344 925 1530 996 populi
1566 926 1720 996 ejus,
1753 928 2060 985 secundum

484 1013 619 1070 illud
640 1055 656 1080 ,
682 1013 935 1070 Flumina
961 1016 1215 1086 plaudent
1243 1035 1404 1071 manu
1429 1018 1590 1072 simul
1609 1019 1682 1085 δίς
1709 1034 1773 1073 ac
1803 1035 2018 1077 rursum
2043 1061 2058 1085 ,

486 1105 835 1162 Elevaverunt
879 1109 1138 1177 ﬂumina,
1202 1108 1457 1174 Domine,
1516 1111 1789 1164 elevabant
1839 1112 2064 1181 ﬂumina

486 1216 661 1255 vocem
703 1215 878 1256 suam.
933 1198 1226 1255 Elevabunt
1267 1201 1492 1270 ﬂumina
1531 1202 1726 1270 ﬂuctus
1758 1218 1880 1257 suos
1906 1203 1972 1258 “.
2004 1204 2063 1259 In

487 1291 640 1346 hisce
684 1290 1000 1348 ﬂuminibus
1041 1293 1158 1348 suis
1203 1307 1262 1348 se
1297 1307 1518 1346 manum
1556 1307 1712 1348 suam
1755 1293 2063 1363 positurum

485 1397 608 1437 esse
638 1381 904 1436 declarat.

2172 561 2412 627 ξιοῦσθαι
2433 581 2444 592 '
2493 563 2700 628 δεξιοὺς
2738 561 2900 615 αὑτοῦ
2932 563 3071 614 νοεῖν
3099 557 3452 628 ἐδιδάχθημεν
3472 556 3738 622 ἐκείνους,

2169 651 2250 719 οἷς
2276 656 2637 727 ἐπηγγείλατο
2668 656 2877 725 φήσας·
2917 653 3110 715 Δεῦτε,
3140 655 3192 703 οἰ
3211 647 3601 717 εὐλογημένοι
3633 649 3742 700 τοῦ

2169 749 2397 814 Πατρός
2432 765 2574 818 μου,
2623 744 3115 814 κληρονομήσατε
3146 743 3260 810 τὴν
3291 737 3745 808 ἡτοιμασμένην

2171 839 2312 908 ὑμῖν
2327 839 2652 903 βασιλείαν
2667 837 2786 892 ἀπὸ
2800 831 3136 904 καταϐολῆς
3155 835 3404 902 κόσμου.
3423 832 3745 885 Ἐπείνασα

2168 929 2297 999 γὰρ,
2321 929 2418 983 καί
2446 929 2702 983 ἐδώκατέ
2733 945 2835 998 μοι
2871 928 3101 998 φαγεῖν,
3123 925 3216 979 καὶ
3246 925 3316 977 τὰ
3342 923 3487 994 ἑξῆς.
3507 922 3744 988 Τούτους

2169 1020 2300 1093 γὰρ,
2327 1019 2421 1085 οὓς
2450 1021 2698 1092 πρόϐατα
2731 1018 2926 1073 ἑαυτοῦ
2965 1017 3234 1089 ὠνόμασε,
3261 1017 3372 1080 τοῖς
3401 1014 3593 1080 δεξιοῖς
3616 1018 3742 1085 στή-

2171 1129 2283 1166 σειν
2311 1113 2704 1182 ἐπηγγείλατοο
2737 1111 2926 1181 διόπερ
2957 1108 3097 1163 κατὰ
3138 1107 3430 1179 βαθύτερον
3464 1107 3619 1176 λόγον
3646 1108 3736 1160 καί

2171 1205 2632 1276 ἀπορρητότερον,
2659 1204 2693 1274 ἡ
2721 1201 2870 1269 δεξιὰ
2898 1199 3062 1254 αὑτοῦ
3094 1198 3342 1252 λέλεκται
3387 1197 3445 1250 ἐν
3475 1199 3727 1266 ποταμοῖς

2170 1295 2410 1349 ἔσεσθαι.
2436 1293 2755 1366 Ποταμοίδέ
2786 1291 2951 1346 αὐτοῦ
2981 1292 3221 1363 εἴρηνται
3242 1290 3336 1344 καὶ
3354 1289 3404 1342 οἰ
3430 1288 3552 1342 λαοὶ
3574 1287 3734 1341 αὐτοῦ

2171 1384 2312 1439 κατὰ
2349 1385 2430 1448 τὸ,
2457 1385 2712 1454 Ποταμοί
2743 1382 3113 1452 κροτήσουσι
3161 1379 3326 1451 χειρὶ,
3344 1380 3440 1432 ἐπὶ
3467 1380 3532 1432 τὸ
3561 1380 3702 1448 αὐτρ
3721 1393 3734 1405 °

487 1470 596 1531 Καὶ
618 1478 779 1532 πάλιν
803 1495 817 1508 ο
857 1477 1118 1546 Ἐπῆραν
1145 1479 1198 1532 οἰ
1235 1478 1505 1546 ποταμοὶ,
1535 1481 1729 1545 Κύριε,
1762 1479 1992 1548 ἐπῆραν
2020 1482 2074 1534 οἰ
2121 1482 2369 1552 ποταμοὶ
2401 1479 2612 1551 φωνὴν
2648 1478 2847 1534 αὐτῶν
2868 1493 2883 1509 ⁶
2938 1477 3192 1547 ἀροῦσιν
3243 1478 3298 1529 οἱ
3334 1471 3584 1543 ποταμοὶ
3619 1471 3743 1524 ἐπι-

485 1575 717 1640 mle-su;
761 1571 977 1626 αὐτῶν.
1022 1572 1130 1625 Καὶ
1155 1573 1249 1624 ἐπὶ
1293 1572 1512 1637 τούτους
1554 1572 1663 1644 γὰρ
1703 1574 1828 1638 τοὺς
1870 1573 2065 1628 ἐαυτοῦ
2104 1577 2378 1648 ποταμοὺς
2407 1574 2505 1646 τὴν
2530 1572 2707 1640 δεξιὰν
2736 1571 2900 1625 αὐτοῦ
2929 1571 3114 1642 θήσειν
3153 1565 3568 1636 ἐπαγγέλλεται.

558 1685 740 1738 Altera
769 1699 898 1739 vero
929 1699 1122 1740 manus
1151 1693 1235 1739 est
1257 1725 1272 1746 ,
1302 1701 1464 1755 quam
1496 1701 1619 1743 esse
1649 1687 1929 1744 sinistram
1961 1705 2060 1744 eo-

2242 1691 2349 1763 Τὴν
2372 1691 2428 1744 δὲ
2452 1689 2644 1761 ἑτέραν
2675 1686 2838 1741 αὑτοῦ
2887 1689 3066 1758 χεῖρα,
3093 1685 3158 1755 ἣν
3192 1680 3579 1737 καταλέλοιπεν
3613 1679 3745 1748 ἡμῖν

486 1775 768 1846 gitandum
802 1775 958 1830 nobis
989 1776 1240 1846 reliquit,
1274 1791 1547 1847 quamque
1577 1793 1635 1833 se
1661 1779 1716 1832 in
1749 1778 1882 1833 mari
1917 1780 2064 1849 posi-

2172 1785 2308 1837 νοεῖν
2356 1781 2650 1854 ἀριστερὰν
2689 1777 2874 1843 οὖσαν,
2921 1779 3104 1848 θήσειν
3132 1779 3190 1830 ἐν
3230 1775 3472 1846 Θαλάσσῃ
3504 1772 3748 1843 φησὶνέν

487 1878 667 1922 turum
691 1881 816 1921 esse
839 1866 1005 1929 dixit,
1030 1868 1083 1921 id
1103 1876 1217 1928 est,
1243 1868 1295 1921 in
1321 1869 1482 1924 salsis
1509 1869 1628 1925 vitae
1650 1869 1906 1924 ﬂuctibus
1928 1910 1942 1936 ,
1972 1871 2060 1925 ubi

488 1967 862 2013 commoratur
891 1959 982 2014 ille
1013 1959 1210 2025 draco,
1243 1959 1544 2014 secundum
1571 1961 1700 2016 illud
1734 1981 1747 2015 :
1778 1961 1893 2015 ΙΙοε
1920 1979 2066 2017 mare

489 2067 736 2120 magnum
781 2060 828 2105 et
855 2053 1148 2120 spatiosum
1175 2069 1192 2105 :
1224 2052 1337 2105 illic
1361 2052 1570 2120 reptilia
1600 2069 1823 2122 quorum
1854 2071 1959 2107 non
1988 2063 2064 2108 est

489 2159 781 2198 numerus:
811 2143 974 2198 draco
1009 2146 1108 2198 iste
1141 2161 1291 2214 quem
1335 2145 1582 2214 formasti
1627 2146 1696 2198 ad
1736 2145 2066 2200 illudendum

487 2236 535 2288 ei
581 2235 646 2286 ⁸³.
703 2233 799 2289 llis
840 2249 970 2288 vero
1010 2234 1377 2300 draconibus,
1425 2245 1479 2290 et
1521 2236 1656 2290 mari
1699 2236 1802 2291 hac
1853 2237 2067 2292 ratione

490 2325 768 2379 intellecto
787 2363 804 2388 ,
832 2339 938 2378 non
965 2324 1188 2380 dextera
1210 2365 1224 2388 ,
1252 2325 1346 2380 sed
1369 2325 1475 2380 alia
1503 2342 1666 2397 quam
1696 2327 1918 2384 dextera
1950 2343 2066 2383 ma-

490 2433 596 2471 nus
629 2415 958 2486 imponetur.
993 2415 1278 2472 vindicans
1309 2425 1362 2472 et
1395 2418 1666 2475 ulciscens
1701 2419 1952 2477 inimicos
1997 2401 2062 2475 ac

489 2506 805 2577 deprimens
833 2522 948 2562 eos.
984 2505 1083 2562 llic
1113 2523 1241 2563 vero
1274 2508 1391 2579 ipse
1417 2509 1530 2578 jam
1565 2521 1900 2567 memoratus
1935 2512 2062 2582 (vi-

489 2597 690 2653 delicet
735 2611 908 2651 cornu
958 2597 1092 2652 illud
1134 2598 1390 2669 Davidis)
1436 2600 1528 2670 qui
1575 2617 1644 2656 ex
1690 2602 1900 2658 semine
1948 2605 2067 2674 ejus

493 2689 806 2745 nasciturus
841 2698 963 2756 est,
1003 2700 1211 2762 patrem
1243 2695 1462 2748 vocabit
1496 2693 1667 2750 Deum
1696 2735 1712 2762 ,
1749 2705 1938 2768 utpote
1972 2699 2067 2769 qui

491 2782 689 2853 dignus
713 2782 932 2838 habitus
953 2783 1026 2839 sit
1048 2784 1102 2838 in
1123 2800 1234 2855 quo
1257 2785 1528 2842 habitaret
1559 2787 1874 2855 unigenitus
1896 2787 2068 2846 Filius

495 2875 625 2942 Dei,
653 2883 708 2931 et
733 2875 826 2946 qui
858 2875 961 2945 ipsi
994 2877 1347 2946 copularetur
1371 2878 1786 2950 etjungeretur.
1820 2879 2070 2952 Quapro-

491 2977 612 3037 pter
641 2967 758 3036 ipse
793 2966 936 3022 Deus
967 2965 1208 3023 Verbum
1228 3008 1244 3034 ,
1279 2969 1676 3040 primogenitus
1705 2971 1886 3028 omnis
1915 2988 2068 3028 crea-

490 3069 648 3124 tune,
675 3060 769 3130 qui
794 3068 920 3115 ante
939 3062 1268 3130 promiserat
1294 3070 1352 3117 et
1377 3063 1612 3129 dixerat,
1638 3064 1704 3120 In
1727 3067 1938 3122 nomine
1956 3084 2070 3122 meo

2164 1878 2276 1938 τοῖς
2309 1874 2567 1946 ἁλμυροῖς
2586 1873 2678 1926 τοῦ
2712 1873 2824 1944 βίου
2865 1872 3102 1942 κύμασιν
3122 1885 3136 1900 ο
3174 1867 3301 1920 ἔνθα
3333 1867 3427 1919 καὶ
3459 1867 3488 1918 ὁ
3530 1863 3747 1935 δράκων

2164 1967 2263 2032 τὰς
2295 1966 2487 2021 ἐαυτοῦ
2508 1968 2743 2020 ποιεῖται
2765 1963 3066 2035 διατριϐὰς,
3099 1960 3241 2016 κατὰ
3264 1961 3346 2021 τὸ,
3385 1958 3545 2025 Αὕτη
3576 1958 3614 2025 ἡ
3646 1955 3749 2010 θά-

2165 2063 2373 2114 λασσα
2405 2058 2443 2126 ὴ
2469 2057 2701 2128 μεγάλη
2739 2056 2833 2110 καὶ
2873 2055 3236 2123 εὐρύχωρος·
3268 2048 3398 2103 ἐκεῖ
3418 2047 3633 2117 ἑρπετὰ
3663 2039 3752 2098 ὦν

2166 2151 2276 2203 οὐκ
2325 2149 2507 2202 ἔστιν’
2537 2149 2816 2218 ἀριθμόςο
2855 2145 3094 2214 δράκων
3145 2139 3325 2208 οὗτος
3358 2141 3430 2194 ὂν
3473 2139 3750 2203 ἔπλασας

2166 2239 2464 2310 ἐμπαίζειν
2485 2238 2665 2305 αὐτῷ.
2713 2239 2836 2291 Ἐπὶ
2866 2236 3071 2290 τούτων
3117 2234 3226 2305 γὰρ
3265 2232 3374 2286 τῶν
3420 2230 3749 2302 δρακόντων,

2169 2331 2262 2386 καὶ
2295 2330 2395 2401 τῆς
2425 2330 2569 2383 οὕτω
2602 2329 2888 2399 νοηθείσης
2903 2327 3206 2397 θαλάσσης,
3231 2325 3328 2394 οὐχ
3357 2325 3391 2394 ἡ
3431 2321 3600 2386 δεξιὰ,
3633 2317 3748 2371 ἀλλ’

2167 2424 2200 2492 ἡ
2243 2422 2406 2494 ἑτέρα
2461 2421 2612 2492 παρὰ
2641 2419 2738 2490 τὴν
2769 2418 2949 2485 δεξιὰν
2982 2417 3362 2488 ὲπιτεθήσεται
3398 2415 3540 2486 χεὶρ,
3593 2412 3752 2466 κολά-

2169 2513 2337 2578 ζουσα
2361 2514 2454 2567 καί⁵
2491 2510 2808 2583 τιμωροῦσα
2835 2511 2960 2574 τοὺς
3001 2509 3247 2580 ἐχθροὺς,
3296 2507 3391 2560 καί
3422 2504 3750 2560 ταπεινοῦσα

2170 2606 2383 2670 αύτούς.
2439 2603 2614 2668 Δύτὸς
2643 2603 2700 2656 δὲ
2746 2597 2902 2668 οὗτος
2959 2604 2988 2656 ὁ
3026 2599 3350 2673 δηλούμενος
3387 2598 3566 2670 (δῆλον
3601 2597 3646 2651 δ’
3669 2598 3750 2651 ὅτι

2171 2698 2338 2770 κέρας
2367 2697 2576 2766 Δαυῖδ),
2601 2697 2628 2748 ὁ
2656 2697 2721 2750 ὲκ
2752 2695 3067 2767 σπέρματος
3096 2693 3259 2748 αὐτοῦ
3298 2691 3749 2763 γενηθησόμενος,

2171 2791 2382 2863 πατέρα
2407 2789 2793 2844 ἐπικαλέσεται
2817 2788 2911 2841 τὸν
2935 2787 3088 2852 Θεὸν,
3115 2785 3210 2839 ἆτε
3229 2783 3634 2855 κατηξιωμένος
3653 2782 3750 2851 τῆς

2170 2885 2228 2936 ἐν
2279 2882 2430 2954 αύτῷ
2481 2883 2574 2936 τοῦ
2613 2880 2935 2953 μονογενοῦς
2981 2878 3112 2933 Υἰοῦ
3162 2877 3254 2931 τοῦ
3305 2875 3442 2930 Θεοῦ
3491 2875 3751 2944 κατοική-

2172 2993 2330 3044 σεως,
2380 2976 2672 3047 συναφείας
2714 2993 2773 3030 τε
2829 2975 2926 3029 καὶ
2973 2973 3219 3036 ἐνώσεως
3259 2971 3357 3043 τῆς
3391 2968 3528 3040 πρὸς
3567 2968 3751 3024 αὐτόν.

2171 3069 2263 3123 Διὸ
2311 3068 2407 3122 καὶ
2454 3068 2617 3132 αὐτὸς
2658 3069 2688 3121 ὁ
2733 3067 2866 3130 Θεὸς
2893 3066 3085 3134 Λόγος,
3122 3065 3151 3117 ὁ
3193 3062 3544 3135 Πρωτότοκος
3573 3062 3755 3131 πάσης

487 3154 819 3210 exaltabilur
843 3171 1009 3208 cornu
1030 3154 1168 3223 ejus,
1191 3156 1472 3227 proprium
1497 3173 1694 3214 nomen
1715 3167 1769 3215 et
1794 3160 2070 3229 propriam

2173 3158 2422 3223 κτίσεως,
2446 3157 3017 3232 προεπαγγειλάμενος
3047 3155 3140 3208 καὶ
3173 3151 3362 3216 εἰπὼν,
3397 3153 3493 3204 Ἐν
3522 3151 3602 3216 τῷ
3628 3152 3755 3204 ὀνό-

487 3248 810 3318 dignitatem
839 3245 1062 3302 tradens
1087 3248 1172 3311 ei,
1195 3247 1288 3317 qui
1315 3263 1379 3303 ex
1405 3250 1613 3304 semine
1638 3247 1806 3304 David
1822 3248 2070 3304 nascitu--

489 3355 586 3394 rus
607 3350 720 3403 est,
745 3339 1164 3410 primogenitum
1191 3347 1353 3410 ponet
1377 3339 1526 3392 illum
1551 3356 1566 3396 :
1595 3339 1842 3394 utetiam
1871 3339 1960 3395 ille
1987 3354 2072 3395 se-

489 3429 730 3484 cundum
760 3443 983 3484 carnem
1015 3445 1082 3485 ex
1115 3428 1324 3485 semine
1359 3427 1528 3483 David
1565 3436 1748 3496 natus,
1780 3428 1953 3484 Filius
1978 3427 2072 3484 Dei

489 3529 734 3584 vocetur,
757 3528 814 3575 et
841 3521 913 3576 ob
942 3535 1096 3575 suam
1121 3535 1247 3575 cum
1278 3517 1570 3589 Unigenito
1599 3518 1693 3575 Dei
1723 3520 2066 3590 conjunctiov

491 3629 649 3677 nem,
673 3611 1073 3684 Primogenitus
1108 3619 1470 3682 nuncupetur.
1502 3611 1626 3667 llzec
1650 3613 1794 3666 enim
1823 3612 1879 3666 in
1908 3627 2072 3667 causa

491 3713 648 3760 erant
669 3705 814 3775 quod
836 3705 1187 3760 exaltandum
1213 3719 1336 3761 eum
1357 3719 1479 3761 esse
1502 3705 1838 3775 promitteret
1859 3704 2068 3767 dicens,

492 3795 561 3850 In
588 3798 794 3851 nomine
819 3813 932 3851 meo
953 3797 1280 3851 exaltabitur
1299 3813 1461 3852 cornu
1483 3799 1619 3868 ejus.
1641 3797 1847 3854 Nomen
1873 3798 2072 3868 quippe

491 3904 652 3944 suum
699 3888 872 3943 Filius
917 3888 1011 3944 Dei
1055 3890 1372 3961 unigenitus
1420 3890 1529 3944 lilio
1561 3889 1729 3946 David
1761 3890 2066 3947 secundum

493 3997 714 4036 carnem
767 3981 938 4037 dedit.
985 3980 1142 4037 liunc
1191 3982 1319 4037 item
1370 3982 1650 4038 excelsum
1691 3997 1802 4052 pne
1851 3981 2070 4056 regibus

491 4080 654 4125 terra:
680 4071 987 4140 positurum
1018 4086 1078 4127 se
1107 4071 1382 4141 pollicitus
1412 4079 1490 4126 est
1521 4090 1534 4127 :
1571 4072 1687 4127 sive
1721 4087 1789 4126 ex
1820 4071 2070 4144 Symma-

491 4162 631 4228 cho,
682 4177 986 4231 supremum
1031 4179 1212 4237 regum
1278 4171 1456 4217 terrw.
1503 4161 1776 4218 Omnibus
1817 4164 1962 4217 enim
2010 4177 2070 4219 se

490 4252 894 4324 impugnaturis
946 4254 1199 4322 superior
1245 4262 1299 4309 et
1344 4253 1543 4308 fortior
1605 4267 1871 4309 evasurus
1916 4261 2068 4320 erat,

492 4342 732 4397 insultus
765 4353 820 4397 et
850 4344 1262 4412 persecutiones
1296 4342 1353 4397 in
1384 4339 1682 4399 Ecclesium
1732 4357 1888 4398 suam
1929 4358 2069 4398 con-

493 4432 692 4488 citatas
721 4439 965 4487 atterens
991 4449 1004 4493 ;
1032 4431 1298 4489 doctrina:
1319 4449 1451 4490 vero
1479 4449 1593 4489 sua:
1621 4449 1928 4490 sermonem
1952 4437 2073 4506 glo-

494 4525 576 4578 ria
612 4530 667 4578 et
696 4525 744 4579 vi
776 4525 1052 4580 muniens.
1095 4523 1225 4580 Item
1263 4526 1339 4580 ait
1376 4541 1436 4581 se
1469 4525 1525 4580 in
1557 4533 1822 4581 :eteruum
1857 4528 2072 4583 miseri-

497 4617 739 4672 eordiam
788 4633 942 4674 suam
998 4617 1103 4688 ipsi
1152 4626 1536 4682 servaturum,
1587 4624 1641 4672 et
1688 4624 2072 4674 testamentum

496 4725 655 4763 suum
688 4710 844 4766 lldele
864 4718 918 4766 et
944 4710 1158 4764 ﬁrmum
1189 4707 1510 4764 cﬂ‘ecturum
1541 4723 1666 4765 esse
1692 4727 1707 4776 ;
1743 4709 1887 4764 haud
1913 4710 2078 4765 dubie

493 4799 704 4854 Novum
726 4801 1136 4858 Testamentum
1158 4841 1172 4866 ,
1197 4800 1342 4871 quod
1363 4800 1616 4857 omnibus
1639 4817 1736 4872 per
1759 4803 2073 4857 universum

494 4889 683 4944 orbem
709 4892 957 4960 gentibus
986 4891 1298 4962 praedicavit
1319 4931 1333 4954 ,
1364 4889 1587 4945 Mosaici
1617 4893 1925 4946 testamenti
1953 4892 2076 4946 loco

494 4981 848 5052 Evangelium
883 4985 1102 5038 tradens
1125 5023 1140 5047 ,
1175 4983 1324 5054 quod
1359 4998 1419 5038 se
1461 4983 1620 5039 ﬁdele
1649 4983 1972 5040 eﬂ'ecturum
2018 4991 2075 5038 et

495 5076 834 5128 ﬁrmaturum
866 5077 1140 5146 pollicitus
1173 5085 1276 5131 est.

2168 3251 2313 3319 ματι
2335 3269 2454 3320 μου
2481 3248 2862 3318 ὑψωθήσεται
2887 3249 2951 3301 τὸ
2972 3247 3149 3314 κέρας
3175 3241 3384 3305 αὐτοῦ,
3417 3243 3515 3312 τῆς
3545 3243 3751 3308 οἰκείας

2172 3339 2468 3408 ὀνομασίας
2493 3339 2586 3391 καὶ
2611 3337 2706 3390 τοῦ
2737 3335 2938 3389 οἰκείου
2965 3334 3276 3406 ἀξιώματος
3305 3331 3567 3402 μεταδοὺς
3583 3331 3660 3403 τῷ
3686 3335 3751 3386 ἐκ

2176 3429 2487 3498 σπέρματος
2519 3427 2680 3482 Δαυίδ
2710 3427 3172 3499 προελευσομένῳ,
3207 3421 3552 3496 πρωτότοκον
3590 3425 3752 3477 αὑτὸν

2174 3519 2416 3592 θήσεται,
2444 3521 2592 3581 ὅπως
2623 3520 2715 3573 καὶ
2744 3519 2906 3582 αὐτὸς
2927 3521 2954 3573 ὁ
2985 3513 3329 3588 κατὰσάρκα
3351 3520 3416 3572 ἐκ
3439 3517 3751 3589 σπέρματος

2175 3610 2336 3664 Δαυῒδ
2357 3611 2603 3682 γενηοεὶς
2634 3611 2952 3684 χρηματίσῃ
2968 3610 3094 3674 Υἱὸς
3117 3609 3276 3676 Θεοῦ,
3305 3611 3398 3663 καὶ
3424 3606 3750 3679 ὀνομασθείη

2175 3703 2521 3774 Πρωτότοκος
2547 3703 2633 3756 διὰ
2650 3702 2747 3773 τὴν
2767 3701 3059 3771 συνάφειαν
3082 3700 3178 3772 τὴν
3208 3700 3344 3773 πρὸς
3365 3700 3454 3753 τὸν
3475 3695 3752 3767 Μονογενῆ

2171 3794 2266 3848 τοῦ
2300 3795 2454 3848 Θεοῦ,
2485 3794 2670 3849 Ταῦτα
2701 3793 2810 3865 γὰρ
2839 3789 2928 3865 ἦν,
2966 3794 3032 3847 δι’
3059 3787 3134 3847 ὧν
3162 3791 3542 3862 ὑψωθήσεσθαι
3592 3788 3755 3843 αὐτὸν

2171 3886 2554 3957 ἐπηγγείλατο,
2591 3886 2786 3940 εἰπών’
2832 3887 2927 3938 Ἐν
2965 3884 3045 3950 τῷ
3081 3884 3326 3954 ὀνόματί
3362 3900 3482 3952 μου
3511 3881 3756 3950 ὑψωθή-

2172 3995 2340 4032 σεται
2384 3979 2451 4032 τὸ
2499 3978 2678 4047 κέρας
2733 3976 2942 4030 αὐτοῦ.
2985 3976 3059 4030 Τὸ
3089 3975 3197 4048 γὰρ
3241 3975 3369 4029 ῑδιον
3394 3975 3565 4043 ὄνομα
3593 3973 3623 4025 ὁ
3658 3972 3755 4024 τσῦ

2171 4069 2306 4124 Θεοῦ
2343 4072 2636 4144 μονογενὴς
2658 4072 2786 4135 Υίδς
2815 4069 2894 4142 τῷ
2935 4053 3076 4125 κατὰ
3108 4069 3288 4142 σάρκα
3319 4067 3422 4139 υἰῷ
3443 4067 3605 4120 Δαυῖδ
3635 4069 3758 4120 ἐπι-

2173 4165 2400 4231 τέθεικε,
2435 4166 2782 4238 Πρωτότοκον
2800 4165 2892 4220 καὶ
2926 4164 3062 4217 Θεοῦ
3090 4163 3217 4216 Υἰὸν
3238 4162 3332 4216 καὶ
3365 4162 3527 4215 αὐτὸν
3559 4163 3760 4229 ἀναγο-

2177 4257 2392 4330 ρεύσας.
2457 4258 2658 4311 Τοῦτον
2707 4257 2765 4310 δὲ
2797 4256 2891 4310 καὶ
2924 4255 3125 4326 ὑψηλὸν
3150 4254 3298 4325 παρὰ
3329 4255 3442 4316 τοῖς
3477 4250 3760 4322 βασιλεῦσι

2174 4351 2270 4420 τῆς
2295 4349 2398 4418 γῆς
2430 4349 2686 4420 θήσεσθαι
2729 4347 3092 4419 ἐπηγγείλατο
3111 4363 3124 4376 ο
3165 4345 3198 4416 ἢ
3239 4345 3380 4399 κατὰ
3406 4343 3497 4398 τὸν
3523 4342 3759 4413 Σύμμα-

2176 4457 2290 4510 χον,
2335 4438 2656 4493 Ἀνώτατον
2692 4437 2810 4490 τῶν
2850 4434 3164 4500 βασιλέων
3211 4433 3319 4503 τῆς
3350 4433 3484 4503 τῆς.
3527 4432 3762 4484 Πάντων

2177 4529 2248 4599 γά
2255 4547 2286 4602 ρ
2309 4529 2416 4584 τῶν
2437 4529 2739 4600 μελλόντων
2766 4527 2926 4581 αὑτὸν
2955 4526 3224 4580 καταπολε
3232 4528 3351 4596 μεῖν
3373 4524 3544 4578 άνώτε
3551 4540 3644 4594 ρος
3661 4524 3762 4576 καὶ

2179 4623 2442 4692 κρείττων
2481 4621 2769 4692 γεγένηται
2795 4637 2807 4650 ’
2841 4619 3054 4691 θραύων
3087 4619 3184 4689 μὲν
3213 4619 3311 4680 τὰς
3327 4615 3466 4670 κατὰ
3495 4615 3594 4684 τῆς
3638 4613 3764 4666 Ἐκ-

2178 4713 2407 4784 κλησίας
2434 4714 2597 4768 αὐτοῦ
2639 4713 3032 4775 ἐπαναστάσεις
3064 4711 3304 4771 καὶτοὺς
3339 4707 3630 4777 διωγμοὺς,
3664 4704 3760 4758 δο-

2180 4805 2354 4870 ξάζων
2379 4806 2434 4858 δέ
2466 4807 2557 4859 καὶ
2587 4805 2943 4876 ἰσχυροποιῶν
2976 4803 3066 4857 τὸν
3088 4802 3186 4870 τῆς
3221 4798 3565 4860 διδασκαλίας
3589 4796 3762 4849 αὐτοῦ

2178 4896 2352 4964 λόγον.
2393 4896 2551 4950 Ἀλλὰ
2580 4900 2673 4951 καὶ
2701 4899 2780 4959 εἰς
2808 4897 2897 4948 τὸν
2936 4895 3104 4948 αἰῶνα
3151 4891 3402 4962 φυλάξειν
3441 4889 3590 4958 αὐτῷ
3622 4904 3762 4956 φησι

2179 4984 2239 5037 τὸ
2259 4984 2404 5050 ἕλεος
2426 4985 2611 5049 αὐτοῦ,
2640 4987 2733 5040 καὶ
2751 4986 2847 5057 τὴν
2869 4986 3142 5056 Διαθήκην
3161 4981 3325 5036 αὐτοῦ
3347 4979 3762 5047 πιστοποιὴσειν

2182 5079 2363 5149 αὐτῷ’
2402 5079 2618 5143 πάντως
2675 5096 2776 5131 που
2805 5077 2903 5148 τὴν
2929 5076 3135 5146 Καινὴν
3168 5074 3460 5144 Διαθήκην,
3510 5071 3576 5142 ἢν
3621 5070 3760 5122 πᾶσι

493 5173 606 5234 τοῖς
629 5169 750 5223 καθ’
772 5170 900 5240 ὅλης
922 5170 1021 5241 τῆς
1043 5169 1367 5241 οἰκουμένης
1399 5168 1605 5223 ἔθνεσιν
1637 5168 1924 5241 ἐκήρυξεν,
1954 5169 2078 5222 ἀντὶ
2115 5171 2216 5241 τῆς
2251 5190 2401 5245 παρα
2432 5175 2621 5228 Μωσεῖ
2665 5172 2928 5242 διαθήκης
2954 5170 3015 5224 τὸ
3063 5167 3392 5238 Εὐαγγέλιον
3431 5159 3757 5235 παρασχὼν,

494 5264 632 5317 ὅπερ
657 5263 1022 5317 πιστώσεσθαι
1049 5264 1142 5317 καὶ
1168 5263 1486 5333 βεϐαιώσειν
1519 5263 1899 5336 ἐπηγγείλατο.

569 5356 734 5414 Vens.
775 5358 966 5413 50-55.
1001 5357 1069 5411 Et
1099 5374 1292 5426 ponam
1323 5360 1376 5411 in
1409 5359 1662 5412 swculum
1687 5357 1870 5412 διεσαιὶ
1897 5373 2072 5412 semen

497 5448 611 5518 ejus
633 5488 647 5513 ,
688 5458 736 5502 et
779 5449 1021 5504 thronum
1058 5450 1171 5518 ejus
1203 5451 1339 5504 sicut
1374 5449 1486 5504 dies
1515 5450 1652 5504 cazli.
1689 5449 1751 5504 Si
1783 5449 2075 5518 derelique-

501 5542 605 5594 rint
653 5541 756 5610 ﬁlii
795 5542 910 5611 ejus
944 5541 1104 5610 legem
1140 5559 1341 5607 meam,
1373 5553 1422 5597 et
1456 5542 1509 5596 in
1547 5541 1771 5611 judiciis
1798 5542 1925 5596 meis
1971 5557 2074 5595 non

499 5631 927 5696 ambulaverint;
973 5635 1018 5688 si
1056 5633 1299 5702 justitias
1354 5651 1496 5688 meus
1545 5633 1979 5703 profanaverint,
2026 5641 2075 5687 et

573 5791 618 5823 ⁵ο
659 5789 844 5844 Matth.
879 5789 978 5854 25f,
1009 5790 1075 5843 34
1107 5807 1219 5858 seq.

2250 5357 2360 5411 Kal
2381 5356 2637 5426 θήσομαι
2665 5357 2752 5420 εὶς
2775 5353 2878 5407 τὸν
2900 5352 3085 5409 αἰῶνα
3110 5350 3216 5405 τοῦ
3242 5347 3457 5414 αἰῶνος
3483 5350 3548 5401 τὸ
3574 5346 3760 5414 σπέρ-

2173 5465 2259 5518 μα
2285 5447 2492 5512 αὐτοῦ,
2545 5447 2644 5500 καὶ
2691 5445 2798 5498 τὸν
2822 5445 3037 5512 θρόνον
3065 5441 3251 5496 αὐτοῦ
3279 5442 3359 5506 ὡς
3391 5438 3497 5503 τὰς

2183 5541 2288 5595 τοῦ
2318 5539 2598 5608 οὐρανοῦ.
2645 5540 2780 5591 Ἐὰν
2830 5537 3315 5605 ἐγκαταλίπωσιν
3343 5535 3398 5586 ol
3425 5531 3541 5586 υἱοὶ
3568 5528 3758 5583 αὐτοῦ

2183 5631 2289 5684 τὸν
2314 5632 2503 5700 νόμον
2548 5647 2687 5700 μου,
2721 5629 2817 5681 καί
2863 5627 2984 5693 τοῖς
3017 5625 3263 5696 κρίμασι
3281 5642 3401 5694 μου
3434 5621 3519 5694 μὴ
3543 5635 3728 5688 πορευ

1301 5790 1341 5821 ’⁸⁸
1385 5789 1526 5844 Psal.
1569 5803 1732 5856 xcv",
1767 5789 1818 5844 8.
1896 5789 1940 5823 ⁸³
1981 5786 2276 5851 Psalxctt,
2313 5785 2363 5840 5.
2442 5784 2487 5818 ’⁵³
2528 5783 2671 5839 [’sal.
2701 5797 2798 5836 cm
2829 5821 2840 5848 ,
2877 5781 2966 5836 ‘25.
