4074 6376
377 427 399 479 i
412 424 518 482 105

1503 421 2007 480 COMMENTARIA
2046 425 2114 481 IN
2144 422 2488 481 PSALMOS.

3481 422 3623 481 “00

370 539 542 605 ϐῶσι,
587 534 687 593 καί
736 536 810 592 τὰ
847 530 1207 602 δικαιώματά
1243 549 1362 602 μου
1392 532 1805 603 βεϐηλώσωσι,
1854 534 1951 588 καὶ

2062 533 2310 588 mandata
2362 550 2477 588 mea
2527 550 2627 588 non
2676 532 3060 595 custodiet-int;
3108 533 3329 589 visitabo
3376 537 3431 591 in
3479 539 3623 608 virga

372 630 480 696 τὰς
497 623 753 692 ἐντολάς
775 641 894 694 μου
921 622 1002 691 μὴ
1040 620 1415 691 φυλάξωσιν,
1454 621 1851 692 ἐπισκέψομαι
1878 624 1947 676 ἐν

368 718 568 789 ῥάϐδῳ
614 716 723 781 τὰς
766 712 1019 783 ἀνομίας
1063 709 1277 776 αὐτῶν,
1320 710 1417 764 καὶ
1460 710 1531 763 ἐν
1564 711 1807 780 μάστιξι
1842 712 1947 777 τὰς

368 809 609 873 ἀδικίας
635 803 855 858 αὐτῶν.
898 802 966 857 Τὸ
1006 801 1075 854 δὲ
1127 801 1299 866 ἔλεός
1325 816 1446 869 μου
1475 801 1548 854 οὑ
1581 800 1668 870 μὴ
1711 799 1948 854 διασκε-

374 901 541 957 δάσω
565 896 667 953 ἀπ’
687 894 895 960 αὑτοῦ,
928 890 1069 947 οὐδὲ
1086 890 1173 961 μὴ
1211 890 1483 959 ἀδικήσω
1512 890 1583 945 ἐν
1607 890 1679 959 τῇ
1700 892 1949 961 ἀληθείᾳ

368 1009 511 1063 μου.
542 987 694 1044 Οὐδὲ
716 986 802 1057 μὴ
826 983 1157 1052 βεϐηλώσω
1200 981 1315 1051 τὴν
1358 981 1653 1050 διαθήκην
1680 999 1821 1052 μου,
1851 983 1950 1037 καί

372 1082 445 1137 τὰ
491 1077 933 1148 ἐκπορευόμωά
981 1072 1081 1127 διὰ
1142 1073 1264 1128 τῶν
1303 1072 1552 1142 χειλέων
1595 1090 1714 1143 μου
1755 1075 1826 1128 οὐ
1860 1072 1947 1143 μὴ

370 1173 665 1240 ἀθετήσω.
701 1169 784 1223 Τὰ
810 1168 910 1239 μὲν
949 1165 1217 1237 εἰρημένα
1248 1166 1377 1235 περὶ
1405 1165 1498 1219 τοῦ
1525 1165 1701 1238 κέρως
1725 1166 1815 1220 διὰ
1841 1169 1950 1221 τῶν

368 1263 680 1339 ἔμπροσθεν
736 1260 1113 1331 πεπλήρωται.
1171 1256 1473 1311 Ἐδείκνυτο
1529 1256 1587 1312 δὲ
1641 1258 1809 1329 κέρας
1851 1258 1950 1311 οὐκ

369 1356 653 1426 ἀλλότριον
680 1355 775 1409 τοῦ
806 1353 871 1425 ἐκ
896 1350 1213 1421 σπέρματος
1231 1348 1390 1402 Δαυῒδ
1416 1348 1557 1403 κατὰ
1584 1350 1762 1420 σάρκα
1791 1366 1951 1420 γενη-

379 1447 566 1511 θέντος
599 1443 856 1517 Χριστοῦ.
891 1441 1095 1496 Τούτου
1145 1441 1190 1496 δ’
1224 1436 1338 1504 οὖν,
1376 1440 1682 1506 ἀκολούθως
1716 1443 1852 1513 μετὰ
1881 1441 1950 1495 τὰ

375 1540 502 1613 περὶ
526 1535 689 1591 αὐτοῦ
715 1532 1137 1604 τεθεσπισμένα,
1163 1532 1263 1604 τὴν
1294 1532 1541 1604 διαδοχὴν
1572 1533 1659 1586 διὰ
1681 1532 1789 1586 τῶν
1819 1550 1951 1604 προ-

373 1629 661 1702 κειμένων,
715 1626 876 1680 όποία
924 1626 1006 1690 τίς
1043 1626 1181 1689 ἐστι,
1219 1624 1515 1697 παρίστησι
1540 1624 1795 1694 φάσκων·
1838 1625 1949 1695 Οὐχ

372 1721 559 1786 ἁπλῶς
583 1721 666 1785 εἰς
692 1719 787 1774 ἕνα
821 1718 980 1792 μόνον
1023 1717 1113 1770 τὸν
1155 1715 1396 1789 παρόντα
1442 1716 1633 1781 αἰῶνα,
1680 1715 1814 1769 ἀλλὰ
1857 1716 1951 1769 καὶ

373 1814 454 1877 εἰς
478 1811 573 1865 τὸν
614 1810 909 1882 μετέπειτα
946 1807 1116 1862 αἰῶνα
1149 1806 1240 1861 τοῦ
1274 1805 1468 1870 αἰῶνος
1498 1807 1560 1860 τὸ
1599 1806 1818 1878 σπέρμα
1858 1808 1946 1879 δη-

2055 626 2357 696 iniquitates
2399 641 2610 690 eorum,
2655 635 2705 678 et
2739 627 2792 678 in
2836 625 3126 680 verberibus
3168 637 3383 695 peccata
3418 646 3623 686 eorum.

2054 715 2481 771 Misericordiam
2525 727 2700 771 autem
2745 733 2915 771 meam
2957 732 3063 772 non
3102 718 3371 788 dissipabo
3417 722 3484 775 ab
3528 738 3622 783 eo,

2056 822 2217 877 neque
2246 806 2436 861 nocebo
2468 805 2524 859 in
2551 806 2678 861 verit
2691 815 2774 861 ate
2818 822 2934 861 mea
2958 822 2977 861 :
3017 824 3178 879 neque
3216 810 3510 880 profanabo
3550 821 3627 867 te-

2054 906 2374 950 stamentum
2404 913 2612 962 meum,
2640 906 2688 951 et
2723 913 2840 968 qua:
2865 898 3153 967 procedunt
3193 900 3258 956 de
3298 900 3454 958 labiis
3496 904 3624 959 meis

2056 1003 2159 1041 non
2200 986 2401 1056 faciam
2447 989 2628 1043 irrita.
2673 988 2805 1056 Qnae
2833 990 2900 1045 de
2933 1005 3105 1045 cornu
3137 990 3285 1046 dicta
3319 992 3536 1050 fuerant
3569 994 3624 1049 in

2055 1079 2508 1149 praecedentibus,
2533 1082 2753 1152 impleta
2776 1082 3044 1139 feruntur.
3066 1083 3251 1139 Cornu
3277 1100 3439 1154 porro
3459 1085 3630 1157 signi-

2058 1168 2321 1225 ﬁcabatur
2346 1186 2454 1225 non
2484 1170 2632 1226 aliud
2660 1187 2690 1226 a
2707 1171 2946 1239 Christo,
2969 1174 3061 1244 qui
3085 1174 3388 1232 secundum
3409 1191 3629 1232 carnem

2054 1277 2122 1316 ex
2151 1263 2357 1318 semine
2406 1260 2573 1317 David
2615 1273 2775 1319 natus
2816 1273 2922 1323 est.
2980 1264 3392 1337 Consequenter
3452 1275 3633 1323 autem

2058 1353 2121 1408 ad
2153 1354 2242 1409 illa
2275 1370 2398 1425 quae
2430 1356 2498 1411 de
2534 1356 2656 1427 ipso
2688 1354 3019 1411 vaticinatus
3046 1364 3198 1422 erat,
3228 1372 3480 1429 quaenam
3512 1358 3634 1428 ejus

2058 1446 2339 1501 successio
2369 1446 2552 1502 rutura
2583 1447 2656 1503 sit
2688 1446 2930 1502 declarat
2961 1446 3149 1504 dicens
3180 1467 3195 1503 :
3228 1448 3346 1504 Non
3377 1450 3433 1506 in
3463 1465 3633 1505 unum

2057 1551 2298 1606 prtesens
2326 1538 2588 1592 saeculum
2619 1537 2920 1603 duntaxat,
2953 1538 3048 1594 sed
3081 1539 3134 1593 in
3167 1540 3511 1612 subsequens
3535 1556 3636 1597 sa:-

2056 1630 2238 1685 culum
2270 1629 2478 1693 sarculi,
2523 1629 2809 1684 memorati
2851 1643 3024 1683 cornu
3069 1645 3257 1685 semen
3299 1645 3537 1699 ponam:
3582 1635 3638 1685 et

2055 1721 2313 1778 thronum
2347 1721 2500 1791 ejus,
2534 1735 2646 1775 non
2677 1718 2744 1774 ad
2774 1734 2979 1790 paucos
3013 1719 3165 1787 dies,
3204 1734 3383 1789 neque
3414 1720 3482 1775 ad
3514 1720 3638 1776 hle-

2056 1827 2150 1869 ves
2183 1827 2452 1867 annorum
2482 1810 2734 1881 periodos
2754 1850 2769 1874 ,
2800 1809 3104 1866 custodiam
3130 1825 3146 1875 ;
3180 1810 3275 1865 sed
3307 1809 3539 1866 eﬂiciam
3578 1817 3639 1865 ut

374 1905 638 1967 λωθὲντος
682 1901 858 1977 κέρως
907 1901 1184 1973 θήσομαι-
1227 1900 1324 1953 καὶ
1362 1897 1456 1953 τὸν
1481 1897 1668 1970 θρόνον
1696 1899 1859 1953 αὐτοῦ
1892 1901 1955 1953 οὐ

2062 1903 2252 1960 diebus
2274 1902 2399 1959 coeli
2428 1910 2760 1974 coaequetur.
2792 1900 3157 1973 Symmachus
3186 1910 3368 1957 autem
3398 1902 3485 1958 his
3514 1917 3640 1958 ver-

374 1997 513 2069 πρὸς
560 1995 746 2065 ὀλίγας
788 1993 1026 2065 ἡμέρας.
1055 1991 1176 2045 οὐδὲ
1208 1992 1289 2056 εἰς
1323 1990 1460 2044 ἐτῶν
1490 1991 1768 2063 περιόδους
1820 1991 1953 2064 βρα-

375 2088 528 2158 χείας
559 2085 798 2158 φυλάξω,
832 2083 969 2139 ἀλλὰ
1021 2085 1144 2147 ταῖς
1170 2082 1406 2154 ἡμέραις
1425 2081 1519 2136 τοῦ
1556 2082 1785 2155 οὐρανοῦ
1819 2100 1957 2154 συμ-

377 2178 828 2255 Μρεκτείνεσθαι
884 2175 1116 2247 ποιήσω.
1144 2174 1254 2229 Καὶ
1294 2175 1323 2227 ὁ
1365 2174 1660 2245 Σύμμαχος
1685 2173 1741 2228 δὲ
1785 2174 1957 2238 οὕτως

373 2276 721 2345 ἠρμήνευσεν
736 2269 927 2325 εἰπών’
961 2269 1073 2326 Καὶ
1098 2268 1331 2338 ποιήσω
1353 2266 1625 2337 διηνεκὲς
1644 2267 1707 2321 τὸ
1722 2268 1959 2337 σπέρμα

370 2365 585 2430 αὐτοῦ,
629 2364 729 2419 καί
756 2363 866 2419 τόν
903 2362 1121 2431 θρόνον
1155 2359 1341 2416 αὐτοῦ
1364 2360 1456 2431 ἐφ’
1480 2359 1631 2415 ὅσον
1658 2362 1717 2414 αἱ
1745 2359 1959 2430 ἡμέραι

374 2456 483 2513 τοῦ
506 2455 789 2526 οὐρανοῦ.
820 2454 1051 2527 Σπέρμα
1086 2453 1144 2507 δὲ
1184 2451 1279 2507 τοῦ
1330 2450 1567 2524 Χριστοῦ
1608 2451 1662 2506 τί
1684 2450 1789 2523 χρὴ
1817 2454 1959 2505 νοεῖν

374 2547 411 2619 ἢ
431 2547 531 2611 τὰς
579 2546 702 2602 καθ’
745 2545 874 2616 ὅλης
903 2544 1002 2616 τῆς
1029 2543 1353 2616 οἰκουμένης
1390 2539 1735 2606 συνεστώσας
1764 2540 1825 2606 ἐξ
1863 2543 1960 2597 αὐ-

373 2637 470 2692 τοῦ
498 2637 843 2709 Ἑκκλησίας,
868 2639 964 2691 καὶ
982 2637 1108 2700 τοὺς
1130 2639 1189 2690 ὲν
1213 2636 1346 2690 πᾶσι
1375 2637 1483 2699 τοῖς
1507 2634 1715 2688 ἔθνεσιν
1740 2634 1960 2702 ἀναγεν-

377 2727 639 2800 νηθέντας
675 2726 827 2797 αὑτῷ
866 2725 1061 2791 λαούς;
1112 2725 1302 2797 θρόνος
1344 2725 1404 2779 δὲ
1451 2723 1615 2779 αὐτοῦ
1654 2722 1907 2794 τυγχάνει
1931 2724 1961 2776 ό

377 2815 521 2874 κατὰ
547 2818 648 2891 τὴν
691 2817 1016 2888 Ἐκκλησίαν
1058 2815 1220 2872 αὐτοῦ
1251 2816 1374 2870 καθ’
1407 2816 1536 2887 ὅλης
1573 2814 1674 2885 τῆς
1710 2814 1961 2885 οἰκουμέ-

376 2929 478 2983 νης
500 2910 590 2965 διὰ
609 2910 718 2964 τῶν
749 2908 810 2974 ἐξ
828 2909 993 2963 αὐτοῦ
1043 2908 1185 2962 κατὰ
1215 2906 1464 2979 διαδοχὴν
1503 2907 1780 2980 προέδρων
1812 2906 1959 2982 ἰδρυ-

378 3005 574 3076 μένοςσ
602 3003 783 3056 ὅντινα
804 3000 991 3072 θρόνον
1019 2999 1290 3072 διαμένειν
1322 3000 1487 3071 φησὶν
1529 2998 1604 3063 ὡς
1630 2998 1728 3064 τὰς
1749 2999 1962 3072 ἡμέρας

376 3094 472 3149 τοῦ
509 3092 740 3168 οὐρανοῦ
766 3110 780 3123 ·
820 3093 918 3164 οὐχ
968 3092 1183 3163 ὁμοίως
1235 3090 1314 3163 τῷ
1377 3090 1645 3146 Ἰουδαίων
1699 3092 1963 3165 βασιλικῷ

373 3186 574 3258 θρόνῳ,
635 3185 694 3250 ὃς
739 3186 826 3239 ἐπ’
873 3184 1038 3256 ὀλίγῳ
1085 3183 1404 3256 διαρκέσας,
1433 3184 1766 3257 ἀπεσϐέσθη,
1799 3184 1963 3255 ἐγγύς

2061 1992 2144 2047 his
2176 1992 2563 2062 interpretatus
2594 2000 2717 2057 est,
2770 1989 2834 2044 Et
2876 1990 3078 2057 faciam
3118 2000 3425 2061 perpetuum
3464 2007 3640 2053 semen

2057 2083 2172 2153 ejus
2195 2124 2211 2149 ,
2238 2093 2287 2138 et
2323 2083 2568 2138 thronum
2589 2082 2705 2153 ejus
2725 2121 2741 2149 ,
2772 2082 2828 2137 in
2849 2091 3104 2153 quantum
3134 2082 3246 2137 dies
3271 2083 3408 2139 creti.
3442 2081 3639 2139 Semen

2058 2184 2238 2232 autem
2269 2175 2473 2233 Christi
2505 2176 2637 2248 quid
2667 2191 2790 2232 esse
2823 2175 3122 2246 putandum
3150 2184 3263 2238 est.
3297 2177 3405 2236 nisi
3455 2175 3642 2232 Eccle-

2059 2269 2173 2325 sias
2202 2284 2300 2340 per
2326 2277 2498 2325 totum
2529 2267 2718 2325 orbem
2750 2266 2820 2324 ab
2848 2269 2942 2324 illo
2966 2269 3321 2332 constitutas,
3342 2278 3397 2325 et
3423 2284 3519 2324 cos
3547 2269 3642 2339 qui

2059 2358 2114 2411 in
2141 2358 2399 2416 omnibus
2415 2358 2673 2431 gentibus
2700 2361 3006 2430 regenerati
3034 2359 3090 2416 in
3116 2361 3238 2431 ipso
3267 2360 3451 2431 populi
3473 2361 3646 2415 sunt?

2060 2448 2318 2506 Thronus
2357 2465 2491 2505 vero
2535 2449 2658 2522 ejus
2688 2458 2807 2519 est,
2843 2446 2938 2523 qui
2970 2453 3025 2508 in
3058 2451 3303 2508 Ecclesia
3334 2452 3512 2524 ipsius
3543 2465 3647 2523 per

2060 2549 2236 2597 totum
2266 2542 2456 2598 orbem
2504 2543 2835 2614 przsulum,
2870 2544 2965 2616 qui
3008 2559 3039 2600 a
3085 2552 3326 2616 tempore
3367 2544 3489 2612 ejus
3528 2544 3647 2600 fue-

2062 2641 2227 2701 runt,
2276 2635 2636 2692 successione
2684 2635 2936 2692 ﬁrmatus
2983 2645 3107 2693 est:
3160 2651 3328 2708 quem
3387 2636 3643 2691 thronum

2062 2735 2539 2800 perseveraturum
2583 2727 2659 2783 ait
2706 2727 2853 2783 sicut
2893 2727 3012 2785 dies
3054 2728 3220 2796 caeli;
3259 2742 3369 2783 non
3416 2725 3646 2796 perinde

2062 2827 2228 2891 atque
2263 2817 2577 2876 Iuda-orum
2618 2818 2831 2891 regium
2874 2818 3167 2885 thronum,
3213 2817 3307 2890 qui
3350 2824 3645 2887 postquam

2063 2910 2280 2966 modico
2325 2919 2573 2980 tempore
2626 2908 2886 2965 durasset
2943 2908 3200 2981 (scilicet
3233 2908 3395 2963 annis
3424 2907 3648 2963 circiter

2063 3001 2510 3074 quadringentis,
2543 3017 2575 3057 a
2612 3001 2811 3057 Davide
2841 3016 3015 3072 usque
3061 3001 3129 3055 ad
3163 2999 3548 3070 captivitatem
3591 2998 3651 3055 in

2066 3095 2339 3167 Balrylone
2363 3097 2382 3166 )
2404 3094 2711 3151 exstinctus
2738 3101 2842 3150 est.
2878 3092 2948 3148 At
2976 3093 3065 3148 hic
3089 3092 3325 3151 thronus
3354 3093 3652 3163 praesulatu

2067 3185 2325 3243 Ecclesia:
2343 3225 2361 3251 ,
2389 3186 2481 3257 qui
2510 3185 2564 3240 in
2589 3185 2841 3256 praesenti
2865 3184 3124 3241 vaticinio
3147 3182 3340 3247 fertur,
3366 3196 3652 3253 permane-

525 3238 833 3347 ⁸ερυλαχθείς
876 3238 1253 3349 τετρακοσίοις
1301 3238 1482 3346 μόνοις
1519 3274 1684 3341 ἔτεσι,
1710 3238 1959 3340 tenuisti

2073 3278 2153 3334 hit
2179 3293 2245 3334 ac
2265 3238 2686 3334 conservabiiur
2704 3278 2849 3334 sicut
2869 3276 2988 3332 dies
3008 3277 3156 3332 cmli.
3184 3274 3339 3343 Quod
3361 3238 3407 3330 ἐξ
3428 3274 3652 3346 quando

376 3366 472 3420 τοῦ
530 3366 693 3422 Δαυῖδ
739 3367 834 3421 καὶ
869 3368 961 3421 ἐπὶ
992 3366 1092 3439 τὴν
1134 3368 1214 3433 εἰς
1247 3365 1545 3422 Βαϐυλῶνα
1570 3367 1964 3439 αἰχμαλωσίαν.

376 3450 549 3523 Οὗτος
603 3458 661 3513 δὲ
714 3460 744 3514 ό
792 3458 983 3531 παρὼν
1027 3458 1287 3528 θρόνος.ὁ
1317 3457 1407 3512 διὰ
1436 3458 1543 3513 τῶν
1586 3460 1966 3532 προκειμένων

377 3549 769 3622 θεσπιζόμενος
790 3550 902 3604 τῶν
928 3553 1026 3622 τῆς
1069 3551 1400 3623 Ἐκκλησίας
1441 3551 1744 3623 προέδρων,
1775 3551 1968 3623 διαμε-

377 3645 459 3695 νεῖ
472 3643 568 3696 καὶ
594 3642 994 3714 φυλαχθήσεται
1025 3642 1228 3713 ὁμοίως
1253 3645 1375 3707 ταῖς
1421 3642 1657 3715 ἡμέραις
1681 3643 1777 3697 τοῦ
1802 3645 1968 3716 οὐρα-

378 3734 492 3789 νοῢ.
535 3735 600 3788 Εἰ
647 3733 705 3788 δὲ
750 3734 994 3805 συμϐαίη
1030 3734 1166 3787 ποτὲ
1198 3734 1544 3806 πλημμελεῖν
1597 3735 1688 3789 τὸν
1720 3736 1848 3791 λαὸν
1873 3738 1967 3790 καὶ

378 3826 506 3891 τοὺς
537 3826 687 3889 υἱοὺς
713 3824 808 3880 τοῦ
841 3825 1343 3896 προφητευομὲνου,
1372 3825 1517 3895 λέγω
1544 3825 1602 3880 δὲ
1640 3828 1765 3893 τοὺς
1787 3827 1965 3882 διαδό-

379 3935 510 3989 χους
564 3917 753 3984 αὐτοῦ,
794 3916 1229 3990 πειραθήσεσθαι
1277 3918 1378 3987 μὲν
1407 3917 1603 3982 αὐτοὺς
1629 3919 1966 3991 ἐπιστροφῆς

377 4010 480 4081 τῆς
508 4008 598 4063 διὰ
610 4009 719 4064 τῶν
750 4009 1007 4081 διωγμῶν
1031 4027 1186 4081 φησι,
1220 4010 1295 4081 μὴ
1331 4010 1436 4081 μὴν
1463 4010 1812 4064 ἐκπεσεῖσθαί
1835 4027 1966 4065 ποτε

378 4103 486 4159 τῶν
504 4102 729 4175 θρόνων,
753 4103 888 4176 μηδὲ
905 4100 1334 4175 στερηθήσεσθαι
1363 4102 1457 4158 τοῦ
1473 4102 1657 4167 ἐλέους
1685 4103 1779 4157 τοῦ
1806 4103 1963 4158 Θεοῦ.

392 4194 519 4249 Ἐὰν
542 4196 651 4267 γὰρ
664 4195 790 4251 τάδε
812 4196 907 4250 καὶ
919 4195 1047 4250 τάδε
1062 4194 1338 4266 πράξωσιν
1352 4196 1401 4247 οἱ
1414 4194 1520 4248 υἱοὶ
1535 4192 1720 4259 αὑτοῦ,
1743 4191 1900 4265 δῆλον
1923 4193 1966 4247 δ’

379 4287 464 4341 ὅτι
485 4286 581 4342 τοῦ
612 4286 1019 4361 Χριποῦ,τάδε
1048 4285 1264 4340 ἔσεσθαι
1280 4287 1463 4350 αὐτοῖς
1478 4302 1660 4358 φησιν’
1689 4284 1967 4341 Ἐπισκέ-

379 4384 568 4451 ψομαι
583 4381 654 4436 ἐν
661 4380 862 4451 ῥάϐδῳ
875 4383 983 4450 τὰς
993 4381 1243 4451 ἀνομίας
1256 4379 1677 4453 αὑτῶνβηλαδὴ
1690 4379 1797 4435 τῶν
1812 4379 1965 4445 υἱῶν,

381 4473 482 4528 καί
499 4473 828 4544 ἐνμάστιξι
880 4475 989 4541 τὰς
1035 4473 1271 4540 ἀδικίας
1313 4472 1542 4528 αὐτῶν·
1575 4475 1642 4528 τὸ
1693 4473 1763 4528 δὲ
1792 4473 1968 4539 ἔλεός

373 4581 495 4635 μου
527 4566 602 4620 οὐ
622 4564 711 4635 μὴ
745 4563 1129 4620 διασκοδάσω
1168 4564 1270 4620 ἀπ’
1308 4564 1516 4619 αὐτοῦ.
1566 4563 1677 4618 Καὶ
1705 4562 1963 4635 πρόσχες,

378 4657 463 4710 ὅτι
493 4657 569 4729 μὴ
597 4657 832 4729 εἴρηται,
871 4655 974 4711 ἀπ’
993 4655 1214 4724 αὐτῶν,
1247 4654 1386 4722 ἀλλ’,
1427 4656 1533 4711 ἀπ’
1564 4654 1772 4720 αὑτοῦ,
1805 4653 1962 4724 δῆλον

379 4748 460 4801 ὅτι
492 4748 587 4802 τοῦ
620 4747 1127 4820 προφητευομένου.
1176 4745 1355 4801 καίτοι
1388 4745 1500 4801 τῶν
1531 4744 1792 4817 ἀνωτέρω
1822 4743 1961 4817 πλη-

383 4836 649 4901 θυντικῶς
700 4837 1024 4909 εἰρημένων,
1072 4835 1215 4891 κατὰ
1269 4837 1330 4890 τὸ
1348 4875 1364 4900 ,
1418 4836 1852 4907 Ἐπισκέψομαι
1894 4837 1966 4892 ἐν

375 4932 578 5000 ῥάϐδῳ
630 4933 739 5000 τὰς
786 4934 1039 5003 ἀνομίας
1064 4930 1284 4998 αὐτῶν,
1327 4931 1426 4986 καί
1470 4931 1540 4985 ἐν
1562 4931 1810 5001 μάστιξι
1855 4932 1967 4999 τὰς

382 5024 620 5092 ἀδικίας
646 5023 865 5082 αὐτῶν.
898 5026 1073 5080 Τίνων
1093 5024 1150 5078 δὲ
1184 5024 1385 5088 αὐτῶν,
1407 5023 1440 5095 ἢ
1465 5022 1707 5094 δηλονότι
1735 5023 1845 5089 τῶν
1868 5023 1964 5076 τοῦ

384 5117 562 5189 κέρως
595 5117 758 5184 uiti»;
801 5119 891 5173 Ἐν
920 5118 978 5172 δὲ
1008 5117 1107 5190 τῷ,
1151 5118 1217 5172 τὸ
1247 5118 1422 5183 ἔλεός
1448 5118 1659 5185 μουού
1695 5116 1781 5186 μὴ
1837 5115 1963 5171 δια-

383 5207 663 5264 σκεδάσω
707 5208 809 5264 ἀπ’
855 5209 1064 5275 αὐτοῦ,
1100 5209 1230 5281 περὶ
1259 5208 1377 5273 ἑνὸς
1415 5208 1682 5274 λέλεκται,
1731 5210 1851 5281 ἦτοι
1867 5207 1963 5264 τοῦ

383 5298 575 5372 θρόνου
600 5302 635 5372 ἢ
661 5300 757 5355 τοῦ
794 5302 972 5374 κέρως
997 5301 1092 5356 τοῦ
1117 5301 1621 5375 προφητευομένου.
1649 5300 1757 5356 Καὶ
1780 5301 1963 5356 ὲπιλέε-

385 5409 474 5461 γει
501 5391 654 5463 ἑξῆς·
683 5391 839 5447 Οὐδὲ
869 5392 957 5463 μὴ
992 5393 1326 5464 βεϐηλώσω
1363 5393 1479 5462 τὴν
1506 5392 1801 5464 διαθήκην
1820 5412 1963 5464 μου,

385 5483 543 5555 δῆλον
579 5483 662 5537 ὅτι
707 5484 805 5555 τὴν
841 5483 969 5541 νέαν
1003 5485 1098 5539 καὶ
1128 5487 1342 5557 καινὴν,
1400 5486 1531 5559 περὶ
1588 5481 1658 5559 ἧς
1710 5486 1968 5558 ἀνωτέρω

390 5575 560 5646 ἔφησε
615 5575 697 5641 τὸ,
750 5576 861 5631 Καὶ
898 5577 937 5646 ἡ
975 5576 1233 5646 διαθήκη
1272 5595 1394 5647 μου
1438 5576 1625 5647 πιστὴ
1654 5572 1830 5645 αὐτῷ.
1857 5578 1968 5631 Καὶ

2070 3369 2363 3441 contigerit
2393 3369 2651 3441 populum
2695 3379 2750 3424 et
2790 3367 2965 3429 ﬁlios.
3004 3367 3215 3423 scilicet
3256 3380 3649 3431 successores,

2070 3461 2193 3533 ejus
2220 3461 2313 3533 qui
2343 3461 2397 3516 in
2433 3460 2720 3532 prophetia
2748 3459 3100 3523 enuntiatur,
3147 3457 3415 3513 scelerate
3456 3471 3650 3527 agere.

2073 3555 2222 3626 ipsos
2254 3554 2330 3609 ait
2360 3551 2838 3624 persecutionibus
2865 3550 3132 3623 agitatos,
3182 3564 3368 3604 rerum
3418 3561 3653 3604 conver-

2070 3651 2279 3707 sionem
2296 3660 2618 3720 experturos
2634 3688 2650 3713 ,
2675 3663 2852 3720 neque
2875 3655 3057 3704 tamen
3079 3646 3309 3701 thronos
3329 3660 3463 3702 suos
3487 3643 3656 3700 amis-

2068 3755 2234 3797 suros
2280 3754 2519 3810 unquam
2541 3779 2556 3802 ,
2601 3754 2777 3810 neque
2815 3738 3192 3795 misericordia
3229 3736 3322 3792 Dei
3352 3736 3654 3807 privandos

2070 3847 2213 3889 esse.
2233 3828 2367 3884 Nam
2390 3832 2434 3886 si
2468 3831 2597 3885 talia
2620 3840 2677 3883 et
2697 3829 2827 3885 talia
2853 3829 3160 3901 peregerint
3179 3829 3271 3883 lilii
3293 3828 3436 3898 ejus,
3460 3840 3657 3899 nempe

2070 3924 2296 3986 Christi,
2312 3925 2426 3979 haec
2440 3923 2548 3980 illis
2566 3911 2829 3978 eventura
2846 3920 3135 3976 denuntiat
3158 3939 3173 3977 :
3190 3918 3496 3974 Visitaboin
3508 3921 3657 3990 virga

2069 4016 2375 4086 iniquitates
2412 4030 2593 4070 eorum
2616 4054 2631 4075 ,
2663 4012 2914 4068 videlicet
2944 4010 3177 4066 ﬁliorum
3199 4050 3213 4073 ,
3242 4020 3291 4064 et
3332 4011 3389 4064 in
3427 4009 3657 4065 verberi-

2069 4107 2165 4162 bus
2192 4117 2407 4178 pcccata
2432 4123 2613 4163 eorum
2634 4122 2654 4161 :
2683 4101 3101 4159 misericordiam
3136 4111 3312 4157 autem
3339 4119 3512 4157 meam
3544 4117 3651 4156 non

2070 4195 2337 4267 dissipabo
2361 4196 2427 4250 ab
2455 4212 2534 4252 eo.
2560 4195 2628 4251 Et
2656 4193 2905 4251 attendas
2933 4191 3097 4249 velim
3124 4206 3237 4247 non
3264 4191 3469 4247 dictum
3505 4206 3650 4256 esse,

2071 4292 2136 4347 ab
2176 4290 2288 4352 eis;
2324 4287 2420 4344 sed
2450 4286 2515 4342 ab
2545 4303 2627 4355 eo,
2650 4286 2705 4342 id
2735 4295 2840 4352 est,
2892 4283 2986 4355 qui
3033 4283 3088 4338 in
3127 4282 3412 4354 prophetia
3445 4281 3653 4351 fertur;

2069 4382 2284 4440 etiamsi
2340 4380 2595 4451 superius
2626 4377 2911 4449 pluraliter
2938 4376 3155 4432 dicatur
3200 4376 3354 4440 illud,
3417 4375 3655 4431 Visitabo

2070 4476 2129 4530 in
2179 4475 2323 4545 virga
2376 4472 2685 4542 iniquitates
2709 4485 2915 4533 eorum,
2947 4478 2997 4524 et
3018 4467 3075 4522 in
3110 4467 3409 4524 verberibus
3439 4477 3655 4538 peccata

1998 4597 2043 4653 ο
2070 4583 2273 4623 eorum.
2322 4563 2700 4632 Quorumnam
2750 4577 2963 4627 eorum,
2995 4560 3106 4618 nisi
3132 4577 3306 4618 cornu
3334 4561 3483 4621 illius
3512 4560 3653 4615 lilio-

2068 4656 2227 4712 rum?
2256 4653 2315 4710 In
2344 4655 2439 4710 illo
2462 4661 2668 4717 autem,
2700 4652 3122 4708 misericordiam
3151 4667 3323 4707 meam
3351 4667 3454 4705 non
3487 4650 3655 4706 dissi-

2064 4749 2199 4819 pabo
2231 4748 2296 4803 ab
2323 4764 2405 4814 eo,
2442 4746 2512 4803 de
2530 4761 2641 4802 uno
2676 4752 2886 4801 tantum
2911 4743 3135 4809 dicitur,
3165 4743 3376 4801 scilicet
3408 4744 3477 4800 de
3503 4761 3658 4801 uiru-

2068 4858 2160 4906 no,
2189 4850 2283 4898 aut
2309 4842 2377 4898 de
2405 4855 2576 4896 cornu
2605 4838 2727 4909 ejus
2759 4838 2853 4909 qui
2891 4837 2945 4890 in
2975 4836 3261 4906 prophetia
3292 4843 3649 4891 memoratur.

2066 4932 2236 4989 lnl‘crt
2268 4938 2478 5004 postea,
2517 4928 2699 4999 Neque
2724 4926 3021 4998 profanabo
3048 4933 3422 4981 testamentum
3454 4940 3651 4988 meum,

2067 5039 2271 5081 novum
2318 5024 2529 5081 scilicet
2570 5021 2703 5079 illud
2761 5029 2815 5077 et
2861 5034 3077 5083 recens,
3114 5025 3176 5073 ut
3232 5018 3413 5090 palam
3439 5023 3547 5080 est,
3581 5013 3652 5071 de

2069 5130 2182 5187 quo
2216 5115 2472 5187 superius
2504 5113 2724 5169 dicebat
2756 5133 2769 5166 :
2806 5109 2874 5165 Et
2902 5119 3270 5166 testamentum
3302 5124 3475 5164 meum
3499 5106 3658 5177 ﬁdei:

2072 5209 2193 5279 ipsi.
2240 5209 2320 5264 Ac
2372 5221 2592 5263 rursum
2639 5204 2910 5261 sermonis
2956 5203 3240 5257 veritatem
3286 5200 3543 5271 obsignat
3572 5199 3660 5253 di-

2071 5313 2241 5355 cens:
2276 5296 2459 5368 Neque
2484 5296 2676 5351 nocebo
2710 5294 2767 5348 in
2797 5292 3015 5346 veritate
3036 5305 3174 5351 mea,
3204 5303 3298 5343 nec
3326 5301 3445 5357 qua:
3470 5299 3658 5355 proco-

2071 5390 2205 5445 dunt
2224 5389 2289 5445 de
2320 5390 2475 5445 labiis
2501 5389 2629 5444 meis
2651 5387 2849 5457 faciam
2875 5383 3064 5448 irrita;
3094 5381 3189 5437 sed
3219 5380 3422 5445 ﬁdelia,
3452 5377 3653 5447 inquit,

2071 5492 2126 5539 et
2158 5498 2283 5539 vera
2325 5482 2519 5538 iaciam
2556 5478 2828 5551 promissa
2864 5492 3006 5544 mea,
3041 5476 3250 5533 addens
3306 5470 3655 5531 sermonibus

2073 5589 2240 5646 Opera
2271 5587 2563 5641 rerumque
2592 5569 3014 5640 complementa.

389 5665 552 5721 πάλιν
580 5668 1031 5740 ὲπισφραγίζεται
1056 5669 1151 5724 τοῦ
1175 5670 1333 5738 λόγου
1352 5672 1452 5741 τὴν
1502 5670 1757 5743 ἀλήθειαν
1784 5669 1953 5725 εἰπών
1989 5685 2003 5699 ·
2057 5667 2210 5723 οὐδὲ
2260 5666 2346 5737 μὴ
2395 5662 2664 5730 ἀδικήσω
2701 5663 2771 5716 ἐν
2798 5660 2874 5731 τῇ
2918 5660 3169 5730 ἀληθείᾳ
3211 5677 3352 5729 μου,
3395 5654 3539 5714 οὐδέ
3581 5650 3658 5710 τὰ

391 5755 835 5829 ἐκπορευόμενα
876 5759 973 5813 διὰ
997 5759 1116 5815 τῶν
1172 5763 1424 5832 χειλέων
1440 5780 1560 5832 μου
1600 5764 1671 5816 οὐ
1704 5760 1791 5831 μὴ
1842 5758 2303 5832 ἀθετήσωοὶὰλλὰ
2335 5756 2500 5812 πιστὰ
2549 5755 2644 5811 καὶ
2698 5753 2894 5826 ἀληθῆ,
2939 5752 3094 5825 φησὶ,
3140 5752 3354 5824 ποιήσω
3370 5748 3441 5805 τὰ
3484 5749 3656 5818 ἐπηγ-

393 5845 653 5918 γελμένα,
672 5850 881 5917 ἐπιθεὶς
905 5855 1016 5919 τοῖς
1038 5853 1218 5927 λόγοις
1262 5856 1400 5930 ἔργα
1419 5856 1487 5910 δι’
1515 5857 1693 5913 αὐτῶν
1718 5856 1828 5913 τῶν
1855 5853 2328 5928 ἀποτελεσμάτων.
