4074 6384
423 440 566 501 £107

1102 439 1373 497 EUSEBII
1414 438 1892 529 CESADIENSIS
1924 438 2072 495 ΟΡΡ.
2108 437 2287 493 PARS
2329 435 2414 491 IIl.
2462 466 2510 475 -
2565 431 2976 488 EXEGETICA.

3519 425 3663 482 Ητὶὸ

493 554 558 611 Et
604 558 717 611 hzcc
767 556 983 627 quidem
1025 557 1262 627 taliaque
1311 566 1440 613 sunt
1474 559 1661 614 Davidi
1691 560 1817 614 data
1861 574 1985 629 pro-

2156 557 2265 610 Καὶ
2319 553 2387 608 τὰ
2441 553 2538 625 μὲν
2571 552 2678 605 τῶν
2708 551 2840 622 πρὸς
2866 550 2956 602 τὸν
2994 547 3154 600 Δαυῒδ
3189 542 3528 613 ἐπαγγελιῶν
3559 544 3668 597 τῶν

421 652 586 707 missa
612 651 677 705 de
694 666 863 704 cornu
882 650 1022 706 etde
1049 650 1247 705 throno
1274 652 1493 719 ejus,ac
1521 651 1588 706 de
1610 651 1678 707 iis
1712 652 1804 721 qui
1833 652 1901 705 ab
1927 664 1993 706 eo

422 743 689 814 prodituri
733 749 880 809 sunt,
910 757 1128 796 necnon
1174 741 1242 796 de
1286 740 1440 797 Novo
1469 742 1818 797 Testamento
1850 742 1991 813 ejus.

418 834 557 903 Quia
585 850 715 890 vero
745 836 882 890 tales
935 836 1377 905 pollicitationes,
1410 851 1519 890 non
1576 834 1813 905 simplici
1854 848 1994 905 quo-

418 925 544 980 dam
592 933 647 980 et
693 926 841 980 nudo
879 942 1135 983 sermone
1180 929 1421 999 prolatas
1455 927 1727 981 aestimare
1769 936 1990 996 oporte-

418 1013 534 1077 bat,
573 1014 766 1067 iterum
815 1016 1044 1070 resumit
1094 1031 1158 1071 ac
1215 1017 1383 1070 verba
1426 1016 1644 1086 repetit,
1676 1022 1731 1070 et
1773 1015 1841 1070 ad
1865 1031 1996 1086 pro-

420 1105 713 1159 missorum
739 1104 1203 1160 conﬁrmationem
1222 1122 1281 1161 ea
1302 1106 1662 1176 jurejurando
1682 1106 1990 1178 consignat,

419 1208 542 1247 eum
565 1195 640 1247 ait
662 1192 915 1249 ε-νειιε,
942 1195 1135 1250 56-58.
1159 1194 1327 1251 Semel
1348 1198 1530 1267 juravi
1550 1198 1605 1251 in
1626 1198 1827 1253 Sancto
1858 1217 1991 1268 meo,

422 1284 467 1338 ti
492 1283 662 1338 David
685 1287 931 1350 mentiar,
959 1303 1133 1341 semen
1170 1289 1282 1358 ejus
1311 1290 1369 1343 in
1402 1299 1655 1344 ceternum
1676 1290 1926 1357 manebit,
1942 1302 1993 1346 et

420 1374 637 1429 thronus
663 1376 776 1445 ejus
804 1378 941 1431 sicut
970 1378 1050 1433 sol
1080 1381 1133 1433 in
1165 1394 1439 1450 conspectu
1471 1400 1604 1448 meo,
1635 1393 1688 1437 et
1706 1384 1841 1437 sicut
1864 1383 1992 1441 [una

416 1466 646 1535 perfecta
685 1469 742 1521 in
783 1478 1037 1523 teternum
1069 1486 1088 1523 :
1118 1481 1168 1525 et
1203 1474 1349 1527 testis
1378 1474 1433 1526 in
1460 1474 1588 1529 caelo
1630 1473 1825 1544 ﬁdelis.
1857 1474 1993 1530 Dia-

391 1559 645 1625 'psalma.
687 1558 951 1614 Mendacii
979 1561 1197 1631 quidem
1232 1579 1428 1633 expers
1464 1564 1607 1621 Deus
1638 1573 1744 1632 est,
1775 1567 1992 1624 etiamsi

421 1653 836 1722 promissionem
883 1653 1195 1722 juramento
1253 1672 1362 1710 non
1402 1658 1613 1712 muniat
1646 1678 1658 1713 :
1691 1660 1820 1729 quia
1860 1675 1995 1716 vero

417 1743 666 1799 homines
694 1744 998 1815 alloquens,
1030 1760 1167 1816 opus
1197 1758 1315 1802 erat
1341 1758 1399 1802 ut
1423 1748 1665 1805 humano
1684 1751 1793 1830 ritu
1813 1760 1991 1807 utere-

2098 647 2224 715 περὶ
2259 644 2353 697 τοῦ
2415 643 2592 713 κέρως
2634 641 2727 694 καὶ
2758 641 2851 693 τοῦ
2881 640 3070 712 θρόνου
3108 636 3294 698 αὑτοῦ,
3320 634 3446 705 περί
3465 651 3524 686 τε
3556 634 3667 688 τῶν

2090 736 2148 802 ἐξ
2176 735 2339 788 αὑτοῦ
2367 732 2749 803 γενησομένων
2772 732 2867 784 καὶ
2897 730 2996 801 τῆς
3024 726 3235 797 Καινῆς
3268 725 3544 797 Διαθήκης
3570 726 3670 779 αὑ-

2093 825 2187 879 τοῦ
2242 824 2500 879 τοσαῦτα.
2568 823 2720 875 Ἐπεί
2754 821 2811 875 δέ
2837 820 3007 892 ἐχρῆν
3035 820 3133 883 τὰς
3160 816 3414 880 τοιαύτας
3431 818 3671 886 ἐπαγγε-

2092 918 2213 980 λίας
2247 919 2320 990 μὴ
2354 915 2510 987 ἁπλῷ
2548 933 2655 969 τινι
2685 913 2779 968 καὶ
2805 912 2945 984 ψιλῷ
2967 912 3109 982 λόγῳ
3129 909 3545 983 προενηνοχέναι
3578 926 3668 963 νο-

2095 1008 2292 1081 μίζειν,
2326 1006 2479 1072 αὖθις
2520 1006 2961 1077 ἐπναλαμὸἁνει
2982 1004 3075 1058 καὶ
3110 1003 3440 1074 ἐπιδευτεροί
3470 1002 3562 1055 τὸν
3582 1002 3670 1054 λό-

2093 1119 2210 1170 γον,
2237 1102 2385 1173 ὅρκῳ
2409 1098 2935 1172 ἐπισφραγιζόμενος
2948 1097 3017 1150 τὰ
3047 1094 3311 1168 εἰρημένα
3339 1095 3419 1157 εἰς
3440 1092 3666 1164 βεϐαίω-

2095 1211 2179 1248 σιν
2201 1193 2308 1246 τῶν
2339 1192 2782 1265 ἐπηγγελμένων.
2814 1190 2904 1242 Διό
2930 1206 3093 1260 φησιν
3109 1205 3124 1219 ’
3165 1185 3353 1251 Ἀπαε
3372 1184 3576 1256 ὤμοσα
3594 1187 3662 1239 ἐν

2093 1285 2172 1351 τῷ
2187 1286 2345 1355 Ἀγίφ
2392 1302 2532 1355 μου,
2561 1286 2615 1339 εἰ
2642 1284 2721 1349 τῷ
2747 1281 2929 1336 Δαυῒδ
2960 1282 3281 1350 ψεύσομαι,
3324 1278 3392 1331 τὸ
3431 1277 3663 1348 σπέρμα

2092 1373 2277 1428 αὐτοῦ
2299 1376 2386 1439 εἰς
2409 1373 2515 1427 τὸν
2528 1371 2714 1426 αἰῶνα
2737 1371 2904 1442 μένει
2924 1370 3022 1441 (l),
3049 1371 3147 1424 καὶ
3171 1373 3205 1425 ό
3234 1371 3447 1438 θρόνος
3481 1368 3667 1423 αὐτοῦ

2092 1467 2171 1533 ὡς
2208 1468 2242 1519 ό
2264 1465 2436 1532 ἣλιος
2455 1464 2732 1517 ἐναντίον
2737 1480 2877 1532 μου,
2896 1461 2994 1515 καί
3021 1462 3100 1526 ὡς
3122 1460 3160 1527 ἢ
3189 1457 3422 1527 σελήνη
3457 1473 3672 1526 κατηρ-

2093 1555 2344 1626 τισμένη
2377 1559 2462 1622 είς
2487 1555 2595 1609 τὸν
2623 1553 2809 1609 αἰῶνα
2828 1568 2843 1583 °
2894 1552 2991 1606 καί
3032 1555 3066 1605 δ
3109 1544 3674 1621 μάρτυς-ἑνούρανῷ

2096 1648 2332 1715 πιστός.
2357 1647 2688 1717 Διάψαλμα.
2730 1644 2987 1716 Ἀψευδὴς
3019 1643 3117 1715 μέν
3157 1645 3302 1696 ἐστιν
3329 1644 3357 1696 ό
3389 1642 3539 1705 Θεδς,
3574 1643 3671 1696 καὶ

2094 1741 2356 1812 ἀνωμότῳ
2380 1737 2658 1813 χρώμενος
2695 1741 2760 1810 τῇ
2796 1736 3129 1806 ἐπαγγελίᾳ·
3165 1736 3284 1787 ἐπεὶ
3320 1733 3378 1787 δὲ
3404 1732 3571 1805 ἐχρῆν
3593 1732 3670 1795 ὡς

419 1843 526 1896 tur,
560 1836 862 1890 secundum
917 1852 1122 1893 morem
1173 1838 1456 1893 hominum
1487 1823 1812 1910 jurantium,
1837 1851 1891 1898 et
1918 1842 1987 1898 ad

2094 1831 2232 1902 πρὸς
2264 1828 2581 1902 ἀνθρώπους
2608 1827 2985 1898 διαλεγόμενον
3018 1824 3336 1898 ἀνθρωπίνῃ
3362 1823 3670 1896 χρήσασθαι

416 1925 882 1983 conﬁrmationem
934 1928 1222 1984 verborum
1278 1933 1649 1987 testimonium
1682 1932 1776 1990 Dei
1831 1952 1989 1991 usur-

2097 1925 2481 1995 συμπεριφορᾷ
2532 1922 2672 1978 κατὰ
2703 1922 2829 1984 τοὺς
2862 1922 2921 1973 ἐν
2951 1918 3260 1990 ἀνθρώποις
3286 1916 3668 1987 εὐορκοῦντας,

416 2015 694 2083 ριυιιίυηι,
749 2026 804 2071 et
834 2017 950 2088 ipse
981 2019 1058 2073 ait
1100 2034 1160 2075 se
1213 2020 1453 2090 jurasse,
1488 2039 1590 2078 nec
1625 2025 1991 2095 pejeraturum

415 2120 573 2187 esse;
611 2105 678 2160 Ut
718 2123 810 2174 per
847 2108 983 2162 duas
1013 2126 1095 2163 res
1132 2111 1448 2176 immobiles,
1480 2116 1555 2167 ait
1587 2115 1803 2173 divinus
1848 2116 1995 2187 Apo-

417 2184 594 2255 stolus
607 2199 674 2264 “,
702 2200 891 2270 quibus
920 2201 1243 2271 impossibile
1270 2213 1346 2257 est
1376 2204 1790 2272 mentirilleum,
1808 2184 1992 2276 fortis-

416 2290 613 2343 simum
667 2290 917 2344 solatium
970 2292 1276 2349 habeamus.
1309 2294 1429 2348 Alia
1468 2311 1684 2366 quoque
1715 2298 1878 2352 allata
1909 2309 1993 2355 est

417 2395 609 2445 causa,
653 2397 754 2438 cur
780 2382 1000 2451 jurasse
1041 2383 1185 2439 Deus
1217 2383 1459 2441 feratur:
1499 2395 1559 2441 ut
1605 2388 1859 2444 videlicet
1887 2388 1994 2445 Da-

416 2464 563 2521 vidis
596 2470 947 2535 promissioni
997 2485 1122 2525 cum
1163 2473 1478 2541 juramento
1505 2474 1645 2530 datae
1684 2478 1860 2533 vicem
1901 2494 1983 2534 re-

416 2553 693 2622 penderet.
711 2555 867 2612 Jurat
884 2573 1050 2628 porro
1061 2558 1204 2616 Deus
1219 2576 1315 2631 per
1331 2559 1591 2618 Sanctum
1614 2582 1793 2634 suum,
1809 2583 1997 2639 quem.

415 2645 706 2702 admodum
750 2658 917 2719 pater-
935 2644 1087 2720 jurat
1135 2668 1233 2723 per
1283 2656 1513 2712 salutem
1559 2659 1783 2729 legitimi
1819 2676 1884 2716 ac
1909 2661 1994 2715 di-

371 2735 374 2739 ’
416 2738 542 2791 lecti
573 2738 664 2794 lilii
688 2743 774 2796 sui
812 2761 825 2795 :
858 2743 1049 2797 eodem
1071 2783 1085 2807 ,
1113 2744 1308 2815 inquit,
1338 2748 1500 2804 modo
1527 2757 1580 2805 et
1607 2766 1707 2822 ego
1721 2752 1904 2821 juravi
1937 2755 1990 2808 in

414 2830 612 2885 Sancto
654 2848 787 2894 meo,
825 2833 877 2887 id
916 2840 1021 2899 est,
1054 2850 1151 2905 per
1186 2835 1447 2893 Sanctum
1474 2854 1675 2906 meum,
1725 2844 1777 2896 si
1822 2844 1994 2899 David

414 2919 661 2974 mentiar.
708 2919 849 2985 Quid
895 2929 1079 2978 autem
1117 2927 1361 2981 continet
1411 2927 1789 2996 juramcntum
1818 2932 1990 2987 illud?

412 3007 602 3064 Semen
648 3011 782 3078 ejus,
815 3011 1011 3082 inquit,
1040 3014 1097 3067 in
1146 3024 1401 3070 externum
1442 3023 1694 3075 manebit.
1729 3020 1845 3076 Hoc
1881 3024 1993 3092 pri—

414 3116 564 3155 mum
611 3110 718 3165 est,
755 3110 810 3156 et
867 3104 981 3158 haec
1021 3106 1193 3174 prima
1233 3109 1521 3176 promissio
1559 3109 1625 3165 de
1660 3114 1897 3180 semine;
1924 3114 1992 3169 de

2093 2017 2186 2071 xui
2208 2016 2342 2070 Θεοῦ
2388 2013 2666 2087 μαρτυρίᾳ
2706 2012 3021 2085 χρωμένους
3053 2013 3132 2074 εἰς
3172 2009 3434 2062 πίστωσιν
3459 2009 3566 2062 τῶν
3595 2012 3672 2064 οἰ-

2094 2106 2254 2161 κείων
2300 2107 2505 2176 λόγων·
2542 2106 2636 2159 καὶ
2689 2105 2852 2168 αὑτός
2891 2119 3054 2174 φησιν
3087 2101 3438 2173 ὀμωμοκέναι
3466 2101 3560 2154 καὶ
3596 2099 3671 2173 μὴ

2093 2197 2482 2267 διαψεύσασθαι
2505 2196 2581 2268 (Ξ)
2614 2197 2740 2259 τοὺς
2758 2195 2976 2267 ὅρκους,
3007 2194 3132 2248 Ἵνα
3150 2192 3247 2247 διὰ
3267 2191 3396 2258 δύο,
3434 2192 3599 2263 φησιν
3643 2194 3673 2246 ὁ

2094 2291 2236 2357 θεῖος
2274 2290 2612 2356 Ἀπόστολος,
2649 2286 3004 2358 πραγμάτων
3050 2285 3439 2356 ἀμεταθέτων,
3473 2285 3544 2339 ἐν
3582 2280 3674 2352 οἷς

2093 2383 2393 2439 ἀδύνατον
2440 2382 2786 2452 ψεύσασθαι
2841 2377 2949 2433 τὸν
2996 2379 3164 2442 Θεὸν,
3207 2377 3465 2447 ἰσχυρὰν
3486 2374 3675 2446 παρά-

2093 2479 2317 2542 κλησιν
2367 2473 2615 2542 ἔχωμεν.
2657 2470 2884 2542 Εἴρηται
2906 2468 2963 2522 δὲ
3000 2468 3095 2523 καὶ
3135 2467 3268 2539 ἄλλη
3298 2466 3465 2531 αἰτία,
3496 2467 3564 2520 δι’
3602 2467 3673 2539 ἢν

2093 2566 2259 2637 ὀμνὺς
2291 2567 2319 2618 ό
2347 2563 2479 2625 Θεὸς
2504 2561 2753 2631 εἰσῆκται
2790 2599 2804 2626 ,
2834 2559 2976 2613 κατὰ
3000 2556 3232 2629 ἀμοιϐὴν
3259 2557 3358 2628 τῆς
3381 2555 3475 2609 τοῦ
3509 2555 3673 2610 Δαυῖδ

2098 2658 2216 2730 μεθ’
2241 2658 2406 2729 ὅρκου
2453 2652 2801 2722 ἐπαγγελίας.
2851 2648 3068 2722 Ὀμνύει
3111 2648 3170 2702 δὲ
3197 2649 3226 2700 ὁ
3252 2647 3386 2710 Θεὸς
3412 2645 3555 2700 κατὰ
3578 2645 3672 2699 τοῦ
3754 2657 3761 2664 ’

2106 2750 2286 2819 Ἀγίου
2316 2746 2505 2811 αὐτοῦ,
2545 2745 2621 2810 ὼς
2649 2745 2716 2799 ἂν
2749 2743 2843 2797 καὶ
2866 2742 3046 2816 πατὴρ
3066 2740 3308 2814 εὑορκῶν
3339 2740 3478 2794 κατὰ
3509 2755 3675 2808 σωτη-

2098 2842 2216 2915 ρίας
2259 2838 2376 2893 υίοῦ
2423 2837 2646 2908 γνησίου
2680 2835 2774 2889 καὶ
2800 2834 3115 2905 ἀγαπητοῦ·
3158 2833 3249 2886 τὸν
3282 2831 3444 2886 αὑτὸν
3474 2830 3674 2901 τρόπον

2095 2931 2270 3001 κάγὼ,
2288 2932 2472 3003 φησιν,
2500 2929 2707 2999 ὤμοσα
2733 2928 2802 2980 ἐν
2820 2926 3076 2997 τῷἉγίῳ
3098 2942 3239 2995 μου,
3260 2922 3505 2977 τουτέστι
3534 2920 3675 2974 κατὰ

2093 3024 2188 3077 τοῦ
2207 3024 2386 3093 Ἀγίου
2421 3040 2545 3093 μου,
2603 3024 2656 3077 εἰ
2695 3018 2776 3084 τῷ
2806 3018 2986 3073 Δαυῒδ
3016 3020 3339 3086 ψεύσομαι.
3393 3017 3458 3068 Τί
3488 3014 3545 3066 δὲ
3578 3030 3677 3067 πε-

2096 3118 2292 3187 ριεῖχεν
2321 3117 2349 3167 ό
2377 3115 2576 3185 ὄρκος;
2617 3112 2686 3165 Τὸ
2735 3108 2973 3177 σπέρμα
3001 3108 3207 3171 αὐτοῦ,
3249 3108 3433 3178 φησὶν,
3460 3109 3548 3172 είς
3568 3103 3677 3158 τὸν

352 3210 357 3215 λ
412 3207 525 3261 quo
558 3193 813 3261 superius
841 3195 1145 3260 dicebatur,
1184 3196 1252 3251 Et
1282 3215 1477 3268 ponam
1517 3205 1570 3255 in
1601 3204 1855 3258 saeculum
1888 3223 1989 3260 sa:-

2093 3203 2279 3258 αἰῶνα
2304 3202 2493 3273 μένει.
2525 3199 2696 3253 Τοῦτο
2749 3198 2985 3269 πρῶτον,
3021 3197 3114 3249 καὶ
3167 3195 3305 3266 αὕτη
3349 3196 3446 3264 μὲν
3482 3193 3673 3265 πρώτη

414 3285 523 3337 culi
548 3300 723 3339 semen
764 3287 910 3356 ejus;
947 3288 1222 3343 indicabat
1252 3307 1383 3346 vero
1432 3293 1638 3348 Christi
1679 3297 1990 3352 successio-

415 3393 559 3431 nem.
580 3377 832 3434 Secunda
861 3388 1041 3434 autem
1065 3383 1360 3451 promissio
1382 3384 1448 3439 de
1471 3394 1772 3441 memorato
1794 3387 1991 3443 throno

412 3478 530 3537 est;
566 3486 736 3540 quare
779 3472 953 3528 dicit:
980 3472 1050 3528 Et
1084 3473 1302 3531 thronus
1340 3477 1455 3546 ejus
1488 3479 1626 3531 sicut
1656 3480 1739 3533 sol
1778 3480 1837 3533 in
1864 3497 1991 3534 cou-

413 3570 592 3627 spectu
635 3579 768 3629 meo,
799 3574 850 3619 et
891 3567 1028 3621 sicut
1067 3568 1195 3623 luna
1227 3569 1457 3638 perfecta
1480 3571 1533 3624 in
1574 3580 1849 3627 (eternum.
1888 3571 1989 3628 Se-

416 3668 541 3708 men
591 3653 793 3725 itaque,
831 3657 885 3711 id
934 3667 1037 3724 cst,
1069 3659 1485 3716 disseminatum
1533 3660 1739 3750 Christi
1783 3680 1992 3720 sermo-

414 3752 563 3801 nem,
611 3739 725 3794 sive
756 3742 1017 3810 p0pulum
1067 3752 1120 3799 et
1175 3743 1473 3802 Ecclesium
1522 3749 1665 3818 ejus,
1709 3739 1987 3819 inmquam

415 3825 717 3894 periturum
769 3844 893 3884 esse
943 3833 1037 3894 ait,
1082 3848 1259 3902 neque
1297 3835 1672 3905 deiecturum;
1726 3839 1989 3896 thronum

414 3925 599 3972 autem
622 3918 743 3988 ejus
773 3936 1187 3991 permansurum
1218 3926 1273 3980 in
1310 3930 1603 3998 saeculum;
1635 3930 1749 3986 sive
1788 3946 1966 3987 secuit

415 4008 541 4062 dum
579 4007 988 4081 Symmachum,
1042 4015 1192 4069 Sicut
1242 4016 1369 4071 luna
1427 4020 1586 4089 ﬁrma
1626 4022 1681 4074 in
1735 4033 1990 4077 internum

413 4101 643 4155 manebit
680 4119 702 4167 ;
742 4105 822 4160 sic
869 4106 974 4159 erit
1021 4108 1431 4165 ecclesiasticus
1479 4112 1682 4169 Christi
1733 4114 1986 4172 thronus.

416 4189 557 4245 Num
574 4191 714 4248 forte
737 4209 861 4249 cum
887 4196 1040 4265 prius
1060 4196 1277 4265 dixerit,
1304 4198 1477 4255 Semel
1501 4203 1686 4271 juravi
1713 4206 1766 4259 in
1793 4204 1990 4263 Sancto

414 4298 548 4347 meo,
578 4291 633 4339 et
665 4286 987 4351 subdiderit,
1021 4288 1209 4343 Semen
1229 4289 1342 4358 ejus
1366 4293 1421 4345 in
1450 4303 1706 4349 internum
1736 4298 1988 4369 manebit,

413 4377 592 4431 sancti
624 4377 708 4433 sui
735 4393 919 4433 semen
943 4380 996 4433 in
1031 4382 1289 4436 saeculum
1314 4384 1713 4455 imperaturum
1735 4404 1859 4445 esse
1893 4407 1990 4447 va-

414 4468 711 4523 ticinatur?
731 4470 801 4523 ita
829 4477 890 4524 ut
920 4486 1104 4527 semen
1135 4473 1320 4530 Sancti
1350 4475 1468 4543 Dei,
1493 4479 1547 4534 id
1576 4488 1681 4545 est,
1713 4480 1990 4554 Unigeniti

2094 3293 2450 3363 ὲπαγγελίαή
2486 3292 2613 3363 περὶ
2643 3288 2738 3342 τοῦ
2769 3287 3079 3359 σπέρματος
3099 3302 3113 3316 ’
3153 3286 3281 3357 περὶ
3301 3280 3362 3338 οῦ
3395 3285 3491 3337 καὶ
3534 3286 3675 3337 ἀνω-

2089 3386 2230 3457 τέρω
2278 3383 2530 3450 ὲλέγετο’
2578 3380 2690 3435 Kal
2727 3379 2985 3448 θήσομαι
3026 3378 3114 3442 εὶς
3156 3375 3266 3430 τὸν
3326 3375 3512 3429 αἰῶνα
3566 3375 3674 3428 τοῦ

2089 3474 2302 3540 αἰῶνος
2330 3472 2398 3526 τὸ
2421 3471 2659 3539 σπέρμα
2717 3468 2935 3523 αὐτοῦ·
2982 3466 3168 3538 ἐδήλου
3201 3466 3260 3519 δὲ
3299 3466 3394 3520 τοῦ
3434 3464 3673 3538 Χριστοῦ

2090 3564 2188 3636 τὴν
2214 3564 2482 3633 διαδοχήν.
2505 3561 2745 3631 Δευτέρα
2775 3559 2832 3613 δέ
2863 3558 3161 3629 ἐπαγγελία
3184 3559 3314 3630 περὶ
3351 3556 3446 3611 τοῦ
3482 3557 3697 3631 θρόνου.

2089 3656 2182 3710 τοῦ
2215 3655 2604 3728 προλεχθέντος
2624 3672 2637 3683 ·
2665 3653 2746 3707 διὸ
2800 3654 2896 3707 καὶ
2949 3652 3189 3720 ἐπιλέγει
3217 3668 3231 3681 ’
3263 3651 3375 3705 Kal
3400 3654 3433 3705 ό
3464 3651 3673 3719 θρόνος

2089 3748 2274 3803 αὐτοῦ
2311 3748 2391 3813 ὠς
2412 3749 2444 3800 ό
2468 3747 2642 3814 ἥλιος
2687 3745 2968 3798 ἐναντίον
2998 3761 3137 3813 μου,
3170 3743 3267 3797 καί
3316 3743 3399 3808 ὡς
3438 3741 3672 3811 σελήνη

2090 3838 2528 3908 κατηρτισμὲνη
2558 3841 2646 3904 εὶς
2672 3837 2779 3890 τόν
2811 3835 3016 3889 αἰῶνα.
3052 3835 3124 3888 Τὸ
3153 3834 3252 3905 μὲν
3296 3829 3389 3887 οὖν
3426 3832 3674 3904 σπέρμα,

2089 3931 2336 3984 τουτέστι
2386 3929 2477 3983 τὸν
2536 3928 2631 3982 τοῦ
2691 3926 2928 3999 Χριστοῦ
2961 3926 3385 3998 κατασπαρέντα
3425 3924 3602 3993 λόγον,
3637 3924 3671 3996 ἢ

2089 4025 2180 4077 τὺν
2208 4023 2335 4077 λαὸν
2369 4020 2532 4076 αὐτοῦ
2571 4021 2664 4076 καὶ
2696 4020 2794 4092 τὴν
2835 4019 3181 4091 Ἐκκλησίαν,
3226 4019 3422 4073 οὔποτε
3450 4019 3674 4089 διαφθα-

2092 4113 2353 4186 ρήσεσθαί
2383 4130 2569 4184 φησιν,
2605 4111 2728 4165 οῦδέ
2781 4110 3074 4180 διαλείψειν
3094 4128 3105 4141 ο
3138 4110 3229 4163 τὸν
3259 4110 3316 4163 δὲ
3339 4110 3527 4182 θρόνον
3572 4110 3674 4164 αὑν

2089 4203 2183 4256 τοῦ
2208 4202 2482 4274 διαμένειν
2517 4204 2597 4265 εἰς
2626 4199 2721 4253 τὸν
2756 4198 2928 4253 αἰῶνα
2951 4217 2966 4230 ο
3000 4200 3033 4270 ἦ
3077 4199 3217 4252 κατὰ
3239 4200 3330 4253 τὸν
3358 4200 3672 4272 Σύμμαχον,

2103 4296 2197 4360 Ὡς
2225 4295 2261 4361 τ’]
2281 4291 2445 4363 μήνη
2470 4292 2676 4361 ἐδραία
2703 4294 2953 4358 αἰωνίως
2967 4292 3170 4362 μενεῖ·
3202 4290 3377 4354 οὕτως
3407 4290 3559 4345 ἔσται
3582 4294 3674 4346 καὶ

2089 4388 2118 4439 ὁ
2147 4385 2596 4455 ἐκκλησιαστικὸς
2646 4385 2742 4438 τοῦ
2796 4384 3029 4456 Χριστοῦ
3080 4382 3289 4456 θρόνος.
3344 4384 3572 4454 Μήποτε
3616 4385 3674 4438 δὲ

2093 4474 2370 4547 προειπὼν
2406 4478 2435 4528 ὁ
2463 4475 2640 4544 λόγος,
2678 4476 2867 4542 ’Ἀπαξ
2905 4476 3205 4546 ὥμοσαὲν
3238 4474 3320 4542 τῷ
3335 4476 3496 4545 Ἀγίῳ
3529 4495 3671 4547 μου,

416 4559 511 4615 Dei
547 4562 620 4616 sit
644 4561 893 4616 doctrina
923 4563 1044 4631 ejus
1077 4580 1239 4635 quam
1272 4567 1329 4621 in
1358 4576 1505 4624 terra
1543 4572 1989 4645 seminavit,ipse

2093 4570 2185 4622 καὶ
2237 4566 2577 4637 ἐπισυνάψας
2615 4567 2763 4639 ἑξῆς,
2829 4568 2897 4622 Τὸ
2946 4567 3186 4638 σπέρμα
3234 4567 3421 4622 αὑτοῦ
3449 4571 3544 4635 εις
3568 4568 3677 4623 τὸν

415 4657 566 4705 sator
595 4651 715 4722 ejus
741 4651 991 4715 ell'ectus,
1015 4657 1316 4711 secundum
1341 4661 1656 4729 parabolam
1680 4665 1747 4719 ab
1779 4681 1846 4721 eo
1868 4682 1988 4736 pro-

416 4741 722 4812 latam,qna
735 4744 868 4798 dicit
889 4764 901 4800 :
927 4745 1070 4800 Exiit
1088 4749 1177 4818 qui
1199 4750 1424 4805 seminat
1449 4756 1707 4811 seminare
1725 4758 1791 4827 ",
1805 4767 1860 4814 et
1884 4775 1989 4816 ca:-

413 4842 550 4888 tcra.
580 4834 647 4889 Et
674 4837 786 4892 hmc
812 4839 1053 4909 quidem,
1083 4844 1180 4908 ait,
1203 4844 1278 4898 ita
1309 4853 1491 4910 erunt,
1522 4847 1596 4901 ita
1626 4848 1775 4914 ﬁent,
1799 4860 1853 4906 et
1876 4867 1991 4907 cre-

413 4926 599 4980 dibilia
624 4929 939 4988 reddentur.
966 4933 1098 4986 Nam
1126 4935 1321 5004 horum
1346 4937 1505 4993 testis
1545 4939 1717 4997 fidelis
1739 4951 1821 4997 est
1843 4942 1988 5000 Dens

412 5018 467 5071 in
506 5020 645 5074 caelo
672 5020 944 5076 habitans.
974 5025 1265 5081 Veritatem
1296 5044 1459 5097 porro
1486 5033 1760 5088 sermonis
1790 5034 1989 5087 contir-

413 5117 526 5163 mat
582 5127 765 5166 rerum
819 5123 1047 5191 eventus
1105 5125 1160 5170 et
1202 5120 1644 5176 consummatio:
1681 5138 1807 5176 nam
1841 5123 1988 5180 illius

411 5215 584 5258 cornu
599 5202 838 5269 Davidis,
871 5206 927 5261 id
951 5216 1053 5272 est,
1075 5207 1377 5267 Salvatoris
1393 5214 1567 5267 nostri
1599 5213 1727 5270 Jesu
1759 5214 1983 5282 Christi,

412 5309 598 5351 semen
628 5306 682 5351 et
708 5298 1116 5355 successionem
1162 5303 1297 5371 ipsis
1337 5305 1514 5360 oculis
1542 5306 1791 5363 videmus
1831 5327 1842 5361 :
1877 5309 1988 5363 imo

413 5387 575 5441 etiam
608 5386 798 5445 Sancti
830 5390 945 5455 Dei,
971 5392 1233 5463 unigeniti
1267 5395 1440 5463 ipsius
1464 5394 1627 5451 Verbi
1658 5413 1909 5468 sparsum
1930 5400 1985 5454 in

413 5485 555 5531 terra
593 5481 820 5538 caeleste
849 5498 1034 5538 semen
1064 5487 1391 5555 evangelica:
1418 5488 1681 5543 doctrina:
1722 5499 1985 5546 aeternum

412 5585 768 5634 perseverans
801 5593 814 5629 :
849 5576 1083 5645 itemque
1118 5578 1374 5632 thronum
1420 5580 1541 5650 ejus
1567 5596 1665 5651 per
1694 5590 1867 5637 totum
1897 5598 1989 5638 or-

412 5660 530 5713 bem
554 5661 607 5715 in
632 5665 863 5734 singulis
890 5668 1161 5733 gentibus,
1197 5670 1596 5734 urbibus,vicis
1623 5681 1677 5729 et
1709 5674 1855 5745 agris
1877 5682 1988 5731 sta-

479 5751 525 5783 “
566 5752 729 5809 Hebr.
762 5770 849 5817 Iv,
886 5755 975 5809 16.
1051 5760 1096 5789 ⁸⁸
1135 5758 1268 5814 Luc.
1303 5778 1431 5823 vnn,
1468 5765 1523 5817 5.

483 5841 559 5913 (l)
595 5841 731 5895 LXX
760 5844 945 5911 legunt
986 5850 1155 5913 μενεῖ,
1193 5850 1246 5902 in
1289 5849 1491 5908 futuro.
1527 5854 1684 5910 Enn.

2092 4659 2277 4713 αἰῶνα
2286 4658 2473 4729 μένει,
2490 4658 2584 4712 τοῦ
2600 4660 2779 4728 Ἀγίου
2793 4659 3026 4713 αὐτοῦ’τὸ
3050 4659 3270 4731 σπέρμα
3284 4659 3457 4731 κρατή
3465 4676 3580 4712 σειν
3595 4662 3676 4724 εἰς

2095 4752 2266 4805 αἰῶνα
2291 4750 2536 4814 θεσπίζει
2557 4766 2571 4815 ;
2595 4751 2671 4814 ὡς
2687 4745 2824 4804 εἶναι
2850 4751 3071 4823 σπέρμα
3087 4749 3182 4803 τοῦ
3200 4749 3384 4817 Ἀγίου
3399 4748 3492 4803 τοῦ
3514 4749 3673 4815 Θεοῦ,

2094 4845 2294 4918 δηλαδὴ
2315 4844 2411 4898 τοῦ
2433 4843 2772 4912 Μονογενοῦς
2792 4843 2884 4896 τοῦ
2913 4843 3068 4909 Θεοῦ,
3094 4843 3160 4912 ἣν
3185 4841 3437 4913 ἔσπειρεν
3456 4843 3548 4895 ἐπὶ
3570 4843 3675 4913 γῆς

2092 4936 2460 5001 διδασκαλίαν,
2502 4936 2663 5000 αὐτὸς
2696 4936 2986 5006 γενόμενος
3019 4933 3189 5005 αὐτῆς
3222 4936 3457 5005 σπορεὺς
3478 4976 3492 5001 ,
3533 4935 3678 4989 κατὰ

2093 5032 2193 5102 τὴν
2218 5030 2498 5101 λεχθεῖσαν
2525 5029 2615 5081 ὑπ’
2646 5028 2819 5083 αὐτοῦ
2861 5027 3197 5098 παραϐολὴν,
3226 5026 3292 5079 δι’
3321 5022 3389 5098 ἧς
3419 5026 3633 5098 εἴρηται
3656 5042 3670 5057 ⁸

2107 5121 2393 5192 Ἐξῆλθεν
2439 5125 2471 5176 ό
2530 5122 2796 5189 σπείρων
2841 5119 2948 5174 τοῦ
2987 5118 3246 5187 σπεῖραι,
3290 5119 3384 5172 καὶ
3419 5117 3487 5172 τὰ
3523 5116 3670 5186 ἑξῆς.

2094 5216 2204 5269 Καὶ
2230 5214 2402 5268 ταῦτα
2421 5214 2539 5285 μὲν,
2558 5213 2744 5285 φησὶν,
2766 5211 2935 5276 οὕτως
2969 5211 3120 5265 ἐσται
3149 5212 3544 5282 καὶ-γενήσεται
3578 5209 3674 5265 καὶ

2093 5307 2519 5379 πιστευθήσεται.
2575 5308 2635 5360 '0
2680 5306 2788 5377 γὰρ
2814 5305 3017 5358 τούτων
3055 5303 3266 5374 μάρτυς
3312 5304 3499 5367 πιστός
3522 5305 3671 5358 ἐστιν

2091 5403 2120 5453 ὁ
2146 5404 2202 5453 ὲν
2233 5401 2449 5472 οὐρανῷ
2481 5399 2748 5453 κατοικῶν
2782 5398 2931 5461 Θεός.
2980 5396 3267 5466 Συνίστησι
3299 5396 3354 5448 δὲ
3385 5395 3479 5451 τοῦ
3512 5395 3669 5464 λόγου

2094 5496 2193 5565 τὴν
2226 5495 2486 5567 ἀλήθειαν
2514 5495 2575 5548 τὸ
2601 5492 2692 5547 διὰ
2711 5491 2818 5545 τῶν
2850 5491 3025 5563 ἔργων
3059 5489 3407 5559 ἀποτέλεσμα
3428 5504 3439 5517 ·
3471 5488 3671 5559 ὀφθαλ-

2098 5588 2215 5657 μοῖς
2233 5586 2342 5657 γὰρ
2368 5586 2582 5657 ὁρῶμεν
2592 5584 2685 5637 τοῦ
2710 5583 2885 5655 κέρως
2908 5581 3086 5644 Δαυῒδ,
3103 5579 3346 5633 τουτέστι
3370 5580 3463 5633 τοῦ
3491 5579 3671 5652 Σωτῆ-

2102 5693 2191 5746 ρος
2225 5676 2380 5746 ήμῶν
2421 5674 2592 5746 Ἰησοῦ
2624 5672 2882 5740 Χριστοῦ,
2907 5673 2969 5726 τὸ
3000 5672 3219 5742 σπέρμα
3254 5672 3347 5725 καὶ
3376 5670 3474 5727 τὶν
3496 5671 3670 5728 διαδο-

2080 5825 2095 5836 ’
2173 5853 2248 5923 (2)
2283 5853 2441 5909 Forte
2473 5855 2573 5924 leg.
2611 5852 3019 5923 διαψεύσεσθαι.
3050 5858 3207 5915 Enn.
