4074 6434
415 437 551 494 1109

1459 420 1959 480 COMMENTARIA
1990 417 2057 472 IN
2087 414 2424 473 PSALMOS.

3502 408 3643 465 1110

412 553 513 621 χήν
533 567 547 581 ο
582 546 719 602 ἀλλὰ
764 545 859 599 καὶ
905 538 998 596 τοῦ
1013 540 1194 611 Ἀγίου
1224 538 1317 592 τοῦ
1348 538 1485 593 Θεοῦ
1530 538 1622 592 τοῦ
1658 534 1968 609 μονογενοῦς

2080 533 2312 595 bilitum,
2344 530 2640 597 orbemque
2668 535 2835 581 totum
2860 526 3170 595 implentem
3198 523 3462 580 videmus.
3488 520 3647 589 Quod

411 639 573 692 αὑτοῦ
596 639 766 705 Λόγου
794 635 855 688 τὸ
881 630 1213 701 καταϐληθὲν
1242 630 1333 683 ἐπὶ
1356 630 1456 699 γῆς
1479 628 1725 699 οὐράνιον
1758 627 1977 698 σπέρμα

411 729 509 799 τῆς
536 724 891 794 εὐαγγελικῆς
905 718 1249 781 διδασκαλίας
1268 715 1591 780 διαιωνίζονο
1627 717 1685 769 οὐ
1714 716 1818 786 μὴν
1843 713 1976 767 ἀλλα

414 817 508 871 καὶ
560 814 681 870 καθ’
725 814 852 883 ὅλης
876 811 977 881 τῆς
1012 809 1311 881 ἀνθρώπων
1349 808 1692 878 οἰκουμένης,
1723 808 1780 859 ὲν
1812 807 1977 858 πᾶσιν

415 908 610 971 ἔθνεσι,
646 904 828 959 πόλεσί
852 922 912 956 τε
940 903 1032 957 καὶ
1069 901 1282 971 κώμαις
1304 901 1398 953 καὶ
1422 898 1623 971 χώραις
1653 899 1867 970 ὁρῶμεν
1887 898 1977 950 τὸν

415 1000 472 1052 ὲν
498 1000 565 1068 τῇ
624 994 917 1065 Ἐκκλησία
947 990 1108 1047 αὑτοῦ
1138 988 1418 1061 ἱδρυμένον
1450 988 1636 1061 θρόνον
1670 987 1977 1060 πληροῦντα

413 1088 505 1141 τὸν
534 1086 819 1157 σύμπαντα
848 1084 1067 1154 κόσμον.
1097 1081 1159 1134 Εἰ
1184 1080 1240 1133 δέ
1262 1097 1345 1143 τις
1376 1079 1450 1151 μὴ
1480 1079 1670 1142 οὕτως,
1692 1077 1826 1130 ἀλλά
1851 1078 1978 1129 Ἰου-

414 1177 615 1240 δαϊκῶς
645 1175 858 1228 ὲκλάϐοι
894 1172 981 1226 τὸν
1005 1170 1213 1242 θρόνον,
1245 1169 1343 1241 τὴν
1371 1168 1683 1239 σωματικὴν
1707 1165 1978 1238 βασιλείαν

412 1267 504 1320 τοῦ
539 1265 701 1319 Δαυῒδ
728 1263 979 1332 λέγεσθαι
1031 1258 1286 1332 νομίζων,
1314 1258 1525 1330 ψευδεῖς
1565 1256 1977 1328 ἐλεγχθήσονται

414 1357 469 1410 αἱ
501 1356 842 1427 προφητεῖαι.
879 1351 1034 1406 Μετὰ
1063 1351 1172 1421 γὰρ
1219 1351 1317 1422 τὴν
1351 1352 1430 1413 εἰς
1455 1348 1745 1401 Βαϐυλῶνα
1776 1349 1979 1418 αἰχμα-

412 1446 608 1499 λωσίαν
658 1443 750 1498 τοῦ
785 1442 1051 1497 Ἰουδαίων
1098 1441 1299 1505 ἔθνους,
1336 1441 1507 1504 οὐδεὶς
1542 1440 1621 1504 εἰς
1658 1439 1751 1492 τὸν
1794 1438 1979 1510 θρόνον

411 1536 678 1608 ἐκαθέσθη
731 1534 893 1588 Δαυῖδ
914 1551 928 1564 ·
964 1532 1025 1598 ἐξ
1066 1533 1271 1586 ἐκείνου
1295 1530 1351 1583 δὲ
1384 1531 1477 1584 καὶ
1505 1531 1584 1593 εἰς
1607 1528 1782 1602 δεῦρο,
1816 1527 1980 1597 ἐγγύς

412 1645 510 1682 που
541 1628 635 1697 ἔτη
662 1626 915 1698 τυγχάνει
947 1625 1113 1695 χίλια,
1133 1623 1192 1687 ἐξ
1211 1617 1292 1685 οῦ,
1319 1621 1737 1693 καθαιρεθείσης
1758 1620 1856 1691 τῆς
1887 1620 1981 1691 βα-

411 1720 614 1783 σιλείας
654 1717 840 1782 αὐτοῦ,
880 1717 975 1771 καλ⁵
998 1717 1095 1786 τῆς
1121 1714 1367 1784 διαδοχῆς
1399 1712 1560 1793 αθτοῦ
1602 1710 1978 1793 παυσαμένης,

407 1808 594 1863 λέλυτο
621 1808 715 1861 τοῦ
744 1806 905 1860 Δαυῒδ
937 1807 964 1858 ὁ
1000 1805 1203 1878 θρόνος.
1236 1804 1325 1857 Διὸ
1355 1803 1417 1874 δὴ
1445 1792 1534 1855 ’τὰ
1557 1801 1684 1870 ἑξῆς
1722 1799 1813 1852 τοῦ
1847 1799 1979 1868 ψαλ-

2076 625 2122 679 si
2156 624 2279 693 quis
2328 637 2434 675 uon
2488 621 2591 675 hac
2640 620 2870 680 ratione,
2901 618 2995 672 sed
3047 616 3275 671 Judaico
3318 631 3467 671 more
3494 615 3648 669 thro-

2076 729 2205 768 num
2239 712 2492 782 accipiat,
2527 718 2679 765 ratus
2712 723 3035 779 corporeum
3066 706 3284 762 Davidis
3314 721 3540 777 regnum
3572 706 3647 759 ita

2074 804 2282 868 vocari,
2310 803 2457 857 falsae
2492 801 2967 871 deprehendentur
3006 797 3321 869 prophetiae.
3353 796 3486 851 Nam
3522 804 3649 868 post

2074 894 2312 951 Iudaicae
2346 895 2526 963 gentis
2564 894 2619 946 in
2659 891 2932 963 Babylone
2973 890 3362 959 captivitatem,
3392 903 3552 943 nemo
3591 889 3649 942 in

2079 987 2274 1041 throno
2317 983 2535 1039 Davidis
2587 982 2725 1037 sedit
2775 1000 2788 1035 :
2828 981 2923 1037 sed
2973 997 3037 1036 ex
3086 980 3178 1034 illo
3217 979 3284 1032 ad
3321 978 3427 1034 hoc
3472 994 3649 1048 usque

2076 1086 2291 1147 tempus
2339 1076 2465 1129 anni
2524 1081 2653 1130 sunt
2713 1074 2933 1128 circiter
2987 1072 3153 1135 mille,
3188 1085 3355 1141 aquo
3384 1078 3647 1140 tempore,

2076 1170 2194 1240 ejus
2212 1169 2493 1224 destructo
2515 1182 2703 1239 regno,
2721 1182 2784 1221 ac
2808 1167 2981 1236 ipsius
3004 1164 3355 1220 successione
3376 1170 3645 1225 cessante,

2078 1260 2299 1316 Davidis
2350 1261 2584 1314 thronus
2648 1260 2859 1314 solutus
2915 1265 3018 1313 est.
3052 1256 3416 1323 Quamobrem
3468 1264 3652 1326 postc-

2079 1352 2225 1406 riora
2272 1349 2468 1420 psalmi
2516 1349 2663 1404 dicta
2698 1349 2811 1403 haec
2853 1349 2971 1419 ipsa
3019 1348 3324 1418 deplorant,
3359 1356 3649 1417 aperteque

2078 1442 2322 1512 corporei
2355 1449 2408 1497 et
2435 1442 2731 1497 materialis
2766 1441 2949 1496 throni
2979 1441 3192 1494 ruinam
3227 1439 3551 1511 signiﬁcant,
3586 1453 3651 1493 ac

2077 1532 2356 1587 declarant
2387 1532 2674 1602 promissis
2699 1533 2970 1588 contraria
2992 1531 3277 1596 accidisse,
3302 1538 3561 1601 quantum
3581 1529 3650 1585 ad

2080 1624 2389 1678 sensibilem
2438 1625 2697 1678 thronum
2749 1631 2802 1679 et
2855 1637 3173 1693 corpoream
3227 1622 3379 1692 regni
3429 1619 3650 1676 Davidis

2079 1714 2482 1769 successionem
2507 1713 2760 1783 pertinet.
2799 1712 2931 1777 Quae
2957 1727 3088 1768 sane
3116 1727 3221 1766 non
3249 1711 3465 1766 silentio
3485 1710 3645 1775 mitti,

2079 1803 2173 1859 sed
2226 1803 2280 1857 in
2329 1803 2611 1874 prOphetia
2669 1803 2736 1858 de
2774 1802 2989 1858 Christo
3038 1803 3330 1856 memorari
3374 1801 3647 1871 oportuit;

410 1900 513 1971 μοῦ
562 1901 697 1954 αὐτὰ
744 1899 916 1953 ταῦτα
944 1897 1291 1969 ἀποδύρεται,
1341 1894 1524 1964 σαφῶς
1549 1893 1642 1946 τοῦ
1671 1891 1968 1964 σωματικοῦ

2080 1903 2139 1948 ut
2168 1893 2497 1956 ediscamus,
2529 1894 2767 1949 instante
2799 1908 2979 1948 rerum
3012 1893 3065 1946 in
3094 1892 3352 1947 vaticinio
3378 1906 3651 1946 memora-

407 1992 597 2064 θρόνου
642 1991 739 2063 τὴν
781 1988 1160 2062 καταστροφὴν
1207 1988 1553 2060 σημαίνοντα,
1583 1986 1677 2040 καὶ
1715 1985 1971 2040 τάναντία

408 2084 755 2155 παριστῶντα
796 2081 1197 2154 συμϐεϐηκέναι
1247 2083 1364 2143 ταῖς
1414 2078 1802 2148 ἐπαγγελίαις,
1850 2077 1971 2129 ὅσον

404 2175 498 2228 ὲπί
520 2174 596 2245 τῷ
622 2172 861 2245 αἰσθητῷ
890 2172 1063 2244 θρόνῳ
1091 2174 1183 2225 καὶ
1222 2174 1288 2242 τῇ
1320 2171 1600 2240 σωματικῇ
1635 2166 1847 2236 διαδοχῇ
1874 2167 1971 2236 τῆς

402 2263 496 2316 τοῦ
512 2262 672 2318 Δαυτδ
701 2262 994 2334 βασιλείας·
1029 2260 1065 2314 ἃ
1094 2261 1157 2331 δὴ
1184 2263 1276 2314 καὶ
1289 2260 1427 2313 αὑτά
1444 2259 1608 2330 ἐχρῆν
1630 2258 1703 2328 μὴ
1734 2257 1969 2310 ἀποσιω-

2076 1993 2251 2039 tarum
2297 1993 2559 2054 tempore,
2592 1983 2931 2039 sensibilium
2967 1982 3206 2044 illorum,
3236 1982 3304 2036 de
3330 1980 3529 2050 quibus
3561 1980 3649 2049 agi

2077 2082 2266 2144 putant
2304 2073 2505 2138 Iudici,
2538 2074 2864 2129 solutionem
2908 2072 3144 2126 l‘uturam
3176 2087 3325 2136 esse;
3360 2070 3465 2125 alia
3495 2086 3645 2132 vero,

2076 2181 2197 2235 quae
2242 2165 2425 2219 divino
2466 2181 2619 2220 more
2675 2164 3075 2235 intelliguntur,
3118 2163 3209 2219 Dei
3265 2164 3647 2234 promissionis

2075 2256 2465 2326 complementa
2497 2265 2551 2310 et
2575 2256 3104 2311 consummationem
3136 2254 3270 2311 fore.

404 2356 660 2427 πηθῆναι,
700 2356 1007 2425 ἀναγκαίως
1032 2354 1087 2408 δὲ
1115 2355 1173 2409 ὲν
1207 2355 1273 2423 τῇ
1301 2353 1426 2424 περὶ
1458 2351 1551 2404 τοῦ
1581 2347 1815 2421 Χριστοῦ
1844 2347 2143 2419 προφητείᾳ
2174 2347 2595 2421 παραληφθῆναι
2620 2364 2632 2379 ·
2670 2347 2745 2411 ὡς
2795 2347 2860 2401 ἂν
2913 2346 3195 2417 μάθοιμεν,
3239 2346 3341 2410 ὅτι,
3382 2343 3474 2397 τοῦ
3528 2360 3648 2397 και-

405 2445 500 2517 ροῦ
528 2446 636 2500 τῶν
691 2446 1181 2519 προφητευομένων
1231 2444 1569 2507 ἐπιστάντος,
1612 2442 1718 2496 τῶν
1768 2442 1864 2513 μὲν
1904 2440 2175 2511 αἰσθητῶν
2219 2440 2368 2511 παρά
2429 2440 2696 2494 Ἰουδαίων
2749 2441 3117 2512 νομιζομένων
3173 2437 3448 2501 παντελῶς
3496 2436 3646 2515 ἔσται

400 2538 572 2602 λύσις,
607 2537 806 2608 ἐτέρων
828 2537 883 2589 δὲ
917 2534 1233 2609 θεοπρεπῶς
1268 2533 1573 2605 νοουμένων
1601 2530 2054 2602 ἀποτελεσμάτων
2074 2530 2173 2600 τῆς
2214 2527 2308 2581 τοῦ
2343 2528 2475 2582 Θεοῦ
2504 2529 2835 2597 ἐπαγγελίας
2860 2528 3275 2599 συμπλήρωσις.

358 2686 363 2689 Α
472 2650 556 2704 Σὺ
607 2649 675 2704 δὲ
737 2649 957 2705 ἀπώσω
1011 2651 1108 2704 καί
1161 2648 1600 2714 ἐξουδένωσας,
1675 2646 1969 2702 ἀνεϐάλου

400 2741 508 2794 τόν
560 2743 818 2808 Χριστόν
867 2756 1003 2793 σου.
1066 2739 1484 2807 Κατέστρεψας
1533 2738 1648 2807 τὴν
1678 2737 1971 2806 διαθήκην

400 2828 507 2882 τοῦ
546 2828 769 2883 δούλου
826 2847 965 2895 σου,
1020 2827 1399 2896 ἐϐεϐήλωσας
1447 2832 1536 2895 εἰς
1578 2828 1694 2897 τὴν
1739 2828 1855 2898 γῆν
1903 2831 1967 2883 τό

397 2922 662 2992 ἀγιίασμα
723 2921 939 2976 αὐτοῦ’
1008 2920 1280 2986 καθεῖλες
1346 2920 1576 2986 πάντας
1629 2921 1770 2987 τοὺς
1818 2938 1966 2990 φρα-

400 3012 587 3081 τιιιοὺς
636 3012 862 3079 αὐτοῦ,
913 3011 1051 3067 ἐθου
1110 3012 1182 3066 τὰ
1230 3011 1579 3081 όχιῳώματα
1620 3012 1804 3066 αὐτοῦ
1845 3012 1964 3066 δει-

396 3104 558 3157 λίαν.
622 3102 948 3171 Διήρπαζον
1020 3104 1206 3157 αὐτόν
1276 3103 1498 3169 πάντες
1566 3106 1621 3156 ol
1695 3117 1965 3172 παραπο-

393 3193 702 3261 ρευόμενοι
748 3191 922 3246 ὁδόν·
966 3192 1218 3261 ἐγενήθη
1271 3191 1499 3258 ὄνειδος
1535 3192 1658 3258 τοῖς
1705 3194 1969 3262 γείτοσιν

398 3281 606 3337 αὐτοῦ.
662 3282 941 3349 Ὗψωσας
988 3280 1103 3350 τὴν
1139 3280 1345 3346 δεξιὰν
1372 3279 1491 3334 τῶν
1516 3281 1837 3334 θλιϐόντων
1864 3283 1968 3334 αὑ-

399 3372 524 3437 τὸν,
551 3373 852 3442 εὔφρανας
881 3372 1110 3438 πάντας
1131 3372 1270 3439 τοὺς
1305 3371 1556 3441 ἐχθροὺς
1592 3372 1794 3425 αὑτοῦ.
1842 3372 1970 3425 Ἀπ-

396 3465 695 3534 έστρεψας
742 3465 859 3534 τὴν
901 3463 1190 3532 βοήθειαν
1249 3463 1359 3531 τῆς
1405 3464 1705 3533 ῥομφαίας
1746 3463 1964 3531 αὐτοῦ,

396 3557 497 3612 καὶ
526 3559 637 3611 οὐκ
698 3556 1027 3611 ἀντελάϐου
1078 3556 1265 3611 αὐτοῦ
1296 3556 1365 3609 ἐν
1408 3554 1487 3621 τῷ
1530 3555 1788 3625 πολέμῳ.
1823 3559 1970 3610 Κατ-

396 3634 623 3715 ἐαίυσας
693 3648 808 3703 ἀπὸ
865 3647 1228 3717 καθαρισμοῦ
1295 3647 1506 3710 αὐτόν,
1572 3646 1680 3699 τὸν
1754 3648 1970 3714 θρόνον

397 3739 581 3795 αὐτοῦ
613 3741 699 3806 εἰς
724 3737 839 3808 γῆν
862 3735 1255 3805 κατέρραξας·
1291 3736 1659 3804 ἑσμίκρυνας
1685 3735 1792 3802 τὰς
1830 3736 1982 3805 ἠμέ-.

392 3851 508 3903 ρας
535 3831 641 3887 τοῦ
666 3833 884 3902 χρόνου
909 3829 1114 3896 αὐτοῦ,
1146 3828 1427 3910 κατέχεας
1457 3828 1615 3893 αὑτῷ
1641 3828 1963 3895 αἰσχύνην*

400 3924 734 3994 Mdu-alga.
823 3921 1211 3975 Ἀποδὲδεικται
1235 3919 1404 3972 ταῦτα
1436 3922 1501 3991 τῇ
1545 3917 1969 3989 σωματικωτέρᾳ

399 4016 492 4070 τοῦ
528 4014 691 4069 Δαυῒδ
719 4016 933 4086 διαδοχῇ
966 4012 1057 4066 καὶ
1088 4014 1151 4083 τῇ
1182 4012 1463 4082 σωματικῇ
1494 4009 1656 4063 αὐτοῦ
1696 4007 1963 4080 βασιλεία,

399 4105 521 4175 ἥτις
556 4103 828 4177 καθῃρέθη
870 4101 1009 4156 κατά
1054 4101 1177 4163 τοὺς
1205 4100 1428 4171 χρόνους
1448 4099 1546 4171 τῆς
1568 4100 1646 4163 εἰς
1678 4096 1967 4152 Βαϐυλῶνα

399 4196 770 4266 αἰχμαλωσίας
797 4193 890 4248 τοῦ
923 4192 1186 4246 Ἰουδαίων
1210 4190 1358 4244 λαοῦ.
1405 4190 1494 4255 Ἐξ
1519 4191 1723 4244 ἐκείνου
1744 4188 1851 4259 γὰρ
1874 4189 1966 4242 καὶ

398 4287 426 4337 ό
460 4282 707 4355 Χριστὸς,
739 4283 1011 4336 τουτέστιν
1042 4283 1070 4333 ό
1099 4280 1354 4353 αἰσθητὸς
1388 4280 1652 4352 βασιλεὺς,
1679 4281 1708 4333 ό
1741 4281 1848 4333 ἀπὸ
1874 4280 1968 4349 γέ-

398 4392 521 4439 νους
546 4373 708 4432 Δαυῖδ
733 4373 1052 4440 διαλέλοιπε,
1087 4377 1181 4430 καὶ
1200 4378 1229 4429 ό
1253 4373 1438 4446 θρόνος
1456 4372 1554 4443 τῆς
1576 4372 1848 4443 βασιλείας
1871 4372 1966 4425 αὐ-

2152 2644 2311 2699 Vrsns.
2340 2644 2527 2698 59-46.
2558 2643 2633 2696 Tu
2667 2660 2783 2697 vero
2812 2643 3054 2713 repulisti
3093 2650 3143 2696 et
3171 2642 3474 2710 despexisti,
3502 2643 3648 2712 obje-

2075 2737 2195 2791 cisti
2223 2735 2493 2791 Christum
2521 2746 2686 2790 tuum.
2711 2735 2963 2790 Evertisti
2996 2744 3363 2789 testamentum
3386 2738 3520 2791 servi
3545 2739 3643 2804 lui,

2071 2827 2370 2898 profanasti
2394 2828 2448 2880 in
2478 2836 2618 2882 terra
2648 2828 3011 2881 sanctuarium
3027 2827 3140 2896 ejus
3163 2841 3181 2879 :
3202 2825 3513 2881 destruxisti
3533 2845 3647 2881 om-

2072 2936 2160 2974 nes
2194 2936 2336 2989 sepes
2360 2919 2494 2989 ejus,
2520 2919 2746 2989 posuisti
2784 2919 3107 2972 munimenta
3142 2918 3271 2987 ejus'
3283 2917 3639 2985 formidinem.

2070 3009 2413 3079 Diripuerunt
2453 3027 2571 3065 eum
2601 3027 2776 3065 omnes
2807 3019 3134 3065 transeuntes
3162 3011 3301 3065 viam
3325 3027 3342 3065 :
3364 3010 3538 3079 factus
3566 3019 3645 3064 est

2073 3101 2402 3170 opprobrium
2448 3102 2634 3155 vicinis
2683 3100 3110 3156 suis.Ea:altasti
3147 3100 3417 3154 dexteram
3477 3101 3645 3154 tribu-

2071 3194 2295 3246 luntium
2313 3208 2451 3259 eum,
2477 3193 2761 3261 lwti/icasti
2779 3208 2952 3246 omnes
2977 3193 3217 3246 inimicos
3245 3193 3376 3261 ejus.
3395 3191 3645 3247 Arei-(isti

2069 3283 2393 3353 adjutorium
2421 3285 2589 3354 gladii
2606 3285 2741 3353 ejus,
2761 3292 2811 3338 et
2831 3301 2934 3338 non
2949 3302 3003 3339 es
3026 3285 3322 3339 auxiliatus
3343 3286 3388 3338 ei
3407 3286 3461 3338 in
3486 3284 3639 3340 bello.

2069 3376 2287 3430 Solvisti
2313 3393 2428 3429 eum
2460 3378 2524 3430 ab
2560 3377 2929 3431 emundatione
2957 3417 2971 3441 ,
3011 3377 3254 3430 thronum
3280 3377 3394 3446 ejus
3438 3378 3492 3431 in
3537 3386 3644 3431 ter-

2068 3482 2186 3520 ram
2238 3468 2569 3539 confregisti.
2610 3467 2892 3523 Minorasti
2921 3469 3031 3523 dies
3077 3470 3325 3537 temporis
3354 3469 3491 3538 ejus,
3522 3485 3643 3539 per-

2069 3557 2257 3627 fudisti
2278 3575 2394 3613 eum
2419 3559 2743 3629 confusione.
2770 3560 3101 3628 Diapsalma.
3129 3559 3254 3614 Haec
3282 3560 3349 3615 de
3376 3575 3642 3631 corporea

2069 3648 2290 3705 Davidis
2325 3651 2713 3713 successione,
2761 3658 2815 3703 et
2866 3650 2933 3704 de
2978 3665 3144 3719 regno
3190 3649 3312 3717 ejus
3368 3650 3637 3714 sensibili,

2068 3739 2211 3811 quod
2259 3748 2500 3814 tempore
2545 3741 2792 3795 abductae
2837 3740 3146 3796 .luilzeorum
3209 3743 3263 3795 in
3308 3740 3638 3812 Babylonem

2068 3830 2399 3899 captivitatis
2439 3830 2774 3884 destructum
2819 3831 2919 3883 fuit
2944 3872 2958 3895 ,
3016 3831 3240 3901 intelligi
3271 3831 3640 3900 comproban-

2067 3928 2174 3974 tur.
2216 3919 2291 3972 Ex
2324 3920 2417 3974 illo
2439 3935 2674 3990 namque
2704 3932 2943 3991 tempore
2976 3922 3268 3985 Christus,
3301 3924 3354 3977 id
3393 3931 3508 3987 est,
3543 3940 3640 3979 rex

2069 4011 2343 4066 sensibilis
2377 4026 2407 4065 e
2455 4028 2651 4081 genere
2690 4012 2908 4066 Davidis
2942 4014 3161 4077 defecit,
3191 4016 3424 4070 thronus
3484 4017 3638 4086 regni

2067 4102 2187 4170 ejus
2218 4101 2530 4157 confractus
2558 4110 2662 4164 est,
2692 4112 2745 4156 et
2780 4102 2988 4172 reliqua
3015 4105 3199 4157 omnia
3222 4121 3343 4174 quae
3366 4106 3420 4159 in
3446 4108 3639 4161 vatici-

2068 4192 2160 4246 uio
2206 4190 2456 4246 feruntur
2496 4193 2713 4262 impleta
2765 4201 2910 4249 sunt.
2939 4194 3172 4259 Quibus
3226 4196 3293 4250 de
3332 4198 3517 4251 causis
3569 4212 3637 4252 ex

2067 4299 2299 4356 persona
2325 4284 2632 4339 Judeeorum
2665 4286 2752 4341 hic
2794 4301 2976 4341 sermo
3008 4288 3245 4342 lamenta
3296 4287 3441 4354 edit;
3474 4290 3635 4360 quasi

2070 4376 2276 4431 scilicet
2303 4376 2407 4429 alia
2432 4374 2572 4430 Deus
2606 4377 2965 4447 promiserit,
3012 4377 3117 4432 alia
3155 4380 3459 4436 evenerint.
3524 4379 3635 4436 Nos

398 4466 491 4522 τοῦ
523 4466 856 4538 κατερράγη,
884 4468 976 4521 καὶ
1006 4467 1075 4520 τὰ
1103 4468 1265 4523 λοιπά
1295 4467 1471 4520 πάντα
1496 4465 1566 4519 τὰ
1587 4483 1964 4537 προπεφητευ-

2069 4481 2198 4522 vero
2232 4466 2664 4522 animadvertere
2696 4468 2974 4534 convenit,
2999 4483 3125 4523 eum
3172 4468 3316 4525 Deus
3368 4469 3636 4527 mendacii

402 4559 536 4628 μένα
560 4557 944 4629 πεπλήρωται·
974 4560 1056 4628 ἐφ’
1076 4554 1155 4623 οἷς
1181 4562 1244 4613 ὲκ
1266 4557 1554 4630 προσώπου
1570 4557 1664 4611 τοῦ
1697 4557 1964 4611 Ἰουδαίων

2069 4572 2260 4627 expers
2290 4557 2379 4623 sit,
2411 4554 2724 4613 necessario
2768 4573 2930 4614 veros
2967 4573 3090 4615 esse
3131 4574 3412 4615 sermones
3463 4562 3584 4644 ejus
3614 4580 3630 4616 :

398 4642 580 4708 ἔθνους
597 4643 991 4715 ἁπολοφύρεται
1019 4646 1047 4697 ό
1078 4645 1265 4715 λόγος,
1296 4646 1371 4709 ὡς
1400 4646 1558 4717 ἕτερα
1593 4646 1690 4717 μὲν
1706 4645 1799 4699 τοῦ
1828 4646 1963 4698 Θεοῦ

2069 4649 2114 4703 si
2147 4655 2325 4702 autem
2356 4662 2482 4719 erga
2535 4650 2793 4704 sensibile
2827 4649 3045 4705 Davidis
3084 4665 3310 4721 regnum
3358 4652 3489 4707 veri.
3522 4642 3635 4709 non

395 4731 858 4802 ἐπαγγειλαμένου
879 4774 893 4799 ,
918 4731 1118 4803 ἑτέρων
1150 4732 1206 4785 δὲ
1238 4733 1574 4786 ἀποϐάντων.
1605 4735 1876 4805 Προσήκει
1906 4734 1963 4787 δὲ

399 4823 544 4893 ἡμᾶς
567 4823 861 4893 ἐπιστῆσαι
879 4824 969 4878 τὸν
998 4823 1120 4879 νοῦν
1138 4867 1152 4888 ,
1183 4824 1278 4890 ὡς,
1308 4824 1402 4878 τοῦ
1427 4824 1561 4879 Θεοῦ
1586 4826 1847 4895 ἀψευδοῦς
1878 4827 1963 4879 δν-

399 4927 509 4975 τος,
534 4912 741 4984 ἀνάγκη
766 4914 911 4966 πᾶσα
930 4912 1386 4984 ὲπαληθεύσεσθαι
1411 4916 1535 4979 τοὺς
1554 4915 1714 4969 αὐτοῦ
1735 4916 1924 4986 λόγους
1942 4929 1959 4946 ⁸

398 5005 445 5055 εἰ
471 5003 527 5056 δὲ
557 5004 630 5075 μὴ
657 5003 999 5075 άληθεύοιντο
1028 5007 1120 5060 ὲπί
1148 5005 1246 5076 τῆς
1274 5005 1535 5078 αἰσθητῆς
1556 5006 1649 5060 τοῦ
1677 5005 1836 5061 Δαυῖδ
1861 5006 1959 5078 βα-

400 5092 632 5158 σιλείας,
665 5095 784 5168 ὥρα
819 5096 1003 5168 ἕτερον
1031 5097 1228 5168 τρόπον
1260 5100 1399 5151 νοεῖν
1441 5097 1511 5151 τὰ
1551 5099 1954 5170 ἐπηγγελμένα.

397 5184 493 5250 Τίς
527 5182 619 5240 οῦν
649 5188 677 5239 ό
706 5188 902 5259 τρόπος
920 5228 935 5253 ,
971 5189 1100 5243 αὐτὸ
1126 5189 1187 5242 τὸ
1217 5188 1356 5243 θεῖον
1386 5189 1590 5254 ἐδίδαξε
1619 5191 1842 5262 Πνεῦμα
1869 5191 1958 5245 διὰ

393 5274 501 5330 τῶν
529 5275 850 5348 ἔμπροσθεν,
880 5279 938 5331 ὲν
965 5273 1046 5342 οἷς
1077 5279 1288 5352 signi-0°
1348 5283 1451 5336 Ἐν
1472 5281 1701 5349 οὐρανῷ
1727 5284 1955 5353 ἑτοιμα-

393 5368 684 5438 σθήσεται
721 5372 759 5439 ἡ
792 5369 1040 5436 ἀλήθειά
1059 5388 1175 5427 σου
1194 5389 1207 5403 °
1232 5373 1326 5426 καὶ
1355 5374 1514 5427 πάλιν
1532 5390 1545 5403 ·
1582 5373 1964 5445 Ἐξομολογή-

394 5474 606 5512 σονται
630 5462 683 5513 οἰ
705 5460 946 5527 οἱφανοί
976 5460 1049 5514 τὰ
1082 5462 1382 5531 θαυμάσια
1417 5477 1532 5518 σου
1558 5503 1572 5526 ,
1619 5466 1823 5533 Κύριε,
1865 5466 1965 5520 καί

394 5551 502 5619 γὰρ
534 5549 631 5604 καί
669 5550 784 5619 τὴν
818 5550 1106 5619 ἀλήθειάν
1158 5568 1274 5608 σου
1331 5554 1401 5607 ἐν
1424 5555 1717 5624 ἐκκλησίᾳ
1746 5559 1961 5628 ἁγίωνο

395 5642 486 5695 καὶ
508 5641 666 5696 πάλιν
686 5659 700 5673 ⁸
728 5643 988 5709 Δυνατὸς
1014 5640 1100 5709 εἲ,
1130 5646 1308 5713 Κύριε
1325 5687 1339 5711 ,
1374 5647 1472 5699 καί
1504 5647 1544 5713 ἡ
1574 5647 1820 5717 ἀλήθειά
1847 5667 1962 5704 σου

397 5732 599 5798 κύκλῳ
626 5748 742 5789 σου
767 5752 779 5764 ·
823 5737 915 5790 καὶ
939 5732 1123 5800 αὖθιςο
1174 5738 1385 5805 Ἔλεος
1418 5738 1513 5792 καὶ
1544 5739 1792 5807 ἀλήθεια
1817 5756 1956 5808 προ-

397 5826 788 5892 πορεύσονται
816 5828 924 5897 πρὸ
959 5814 1281 5897 ,προσώπου
1313 5845 1447 5885 σου.
1490 5831 1669 5887 Ταῦτα
1697 5832 1805 5907 γὰρ
1831 5834 1956 5890 πάν-

2064 4738 2425 4808 reperiautur,
2460 4746 2629 4794 restat
2675 4748 2733 4792 ut
2766 4739 2874 4794 alio
2907 4739 3069 4793 modo
3118 4741 3388 4810 promissa
3433 4742 3636 4798 intelli-

2062 4848 2275 4904 gamus.
2304 4830 2439 4898 Quis
2478 4833 2567 4887 ille
2602 4833 2798 4887 modus
2827 4834 2919 4896 sit,
2943 4833 3099 4888 docet
3131 4834 3382 4903 superius
3412 4834 3633 4891 divinus

2067 4923 2323 4995 Spiritus,
2353 4940 2476 4979 cum
2506 4924 2709 4979 dicitur
2739 4944 2752 4979 :
2789 4924 2854 4978 In
2878 4926 3006 4980 coelo
3023 4925 3411 4995 pra-parabitur
3440 4931 3634 4985 ueritas

2064 5023 2194 5079 tua;
2230 5028 2294 5069 ac
2318 5029 2538 5070 rursum
2566 5033 2580 5069 :
2606 5012 3009 5084 Conﬁtebuntur
3051 5017 3168 5070 cali
3193 5017 3466 5072 mirabilia
3498 5028 3590 5073 tua
3612 5059 3630 5084 ,

2062 5102 2303 5167 Domine,
2333 5104 2524 5158 etenim
2576 5105 2845 5158 veritatem
2879 5115 3024 5158 tuam
3073 5106 3130 5159 in
3170 5106 3390 5160 ecclesia
3419 5118 3633 5162 sancto-

2062 5212 2212 5260 rum;
2241 5197 2547 5267 iterumque
2580 5215 2594 5251 :
2624 5195 2817 5250 Potens
2839 5213 2914 5261 es,
2947 5197 3188 5262 Domine,
3220 5207 3271 5252 et
3311 5200 3505 5254 veritas
3538 5210 3634 5254 tua

2062 5287 2119 5341 in
2150 5287 2375 5341 circuitu
2410 5297 2536 5351 tuo;
2564 5294 2619 5342 et
2657 5302 2875 5342 rursum
2897 5328 2911 5352 ,
2951 5286 3325 5343 Misericordia
3353 5298 3405 5344 et
3431 5291 3630 5346 veritas

2059 5378 2347 5447 praecedent
2375 5379 2563 5447 faciem
2596 5389 2765 5435 tuam.
2808 5379 2933 5435 llaec
2986 5382 3186 5451 quippe
3222 5382 3404 5436 omnia
3446 5380 3633 5437 decla-

2060 5479 2202 5534 rant,
2228 5470 2320 5525 Dei
2349 5470 2618 5539 promissa
2662 5486 2939 5541 nunquam
2973 5473 3128 5527 irrita
3155 5488 3279 5529 esse
3303 5515 3318 5539 ,
3372 5476 3467 5530 sed
3519 5490 3628 5546 qua

2058 5563 2175 5632 ipse
2202 5563 2351 5617 novit
2377 5563 2586 5617 ratione
2630 5562 2865 5632 impleri.
2896 5563 3053 5629 Nam,
3090 5565 3158 5619 In
3187 5566 3316 5620 caelo
3340 5607 3356 5633 ,
3409 5569 3588 5638 inquit
3610 5607 3627 5635 ,

2058 5654 2447 5723 prmparabitur
2491 5656 2680 5709 veritas
2744 5664 2877 5708 tua:
2907 5664 3091 5726 aperte
3146 5657 3457 5728 signiﬁcans
3517 5675 3632 5715 cm-

2060 5745 2234 5800 lestes
2264 5759 2328 5798 ac
2359 5745 2570 5799 divinas
2615 5760 2738 5801 esse
2781 5745 2871 5802 Dei
2914 5748 3325 5817 promissiones.
3369 5750 3448 5805 Ac
3507 5765 3630 5804 ver-

2061 5837 2252 5891 borum
2287 5836 2679 5905 complementa
2700 5838 2994 5895 declaravit
3025 5855 3118 5910 per
3150 5840 3489 5898 Salvatorem
3521 5855 3623 5897 no-
