4074 6390
433 397 568 457 illi
1134 400 1401 458 EUSEBII
1425 398 1900 460 CIESARIENSIS
1937 401 2085 463 OPP.
2129 403 2306 464 PARS
2344 401 2427 464 ΙΙΙ.
2466 435 2540 454 --
2576 404 2980 466 EXEGETICA.
3541 405 3683 461 illi

439 527 611 572 strum
645 516 828 571 Jesum
859 511 1259 586 Christumnex
1308 516 1514 571 semine
1548 516 1766 573 Davidis
1791 528 1970 573 ortum
1993 561 2006 585 ,
2038 571 2048 594 Α

2072 567 2078 594 γ
2111 539 2176 573 τα
2211 523 2591 593 παραστατικά
2621 523 2873 593 τυγχάνει
2902 521 2994 576 τοῦ
3031 521 3105 594 μὴ
3152 516 3537 590 διαψεύσασθαι
3586 522 3681 588 τὰς

439 615 675 682 perlecta
700 626 859 668 esse:
899 628 1023 667 nam
1062 612 1226 681 hujus
1266 626 1492 680 regnum
1525 622 1576 665 et
1613 611 1863 674 thronus,
1897 627 2006 666 non

2108 614 2201 666 τοῦ
2229 614 2363 666 Θεοῦ
2395 615 2742 683 ἐπαγγελίας,
2771 613 3104 686 πληροῦσθαι
3135 614 3189 667 δὲ
3220 614 3409 678 αὐτὰς,
3444 615 3566 669 καθ’
3587 615 3680 680 οὓς

437 705 738 769 humanus,
760 719 938 774 neque
966 720 1032 757 ex
1069 703 1174 757 hoc
1207 703 1414 756 mundo
1446 712 1581 758 erat.
1621 701 1830 756 idcirco
1854 701 2004 759 dice-

2106 701 2210 757 οἷδε
2235 705 2442 774 λόγους.
2476 708 2576 758 Ἐν
2598 706 2705 775 γὰρ
2728 705 2806 771 τῷ
2825 705 3056 772 cepam?)
3073 748 3087 770 ,
3115 705 3297 777 φησὶν,
3323 703 3676 775 ἐτοιμασθή-

439 795 530 850 bat
565 795 739 850 Pilato
769 811 782 849 :
839 794 1072 866 Regnum
1097 811 1266 848 meum
1296 811 1399 848 non
1421 803 1498 848 est
1523 809 1588 848 ea:
1603 793 1699 847 hoc
1718 794 1912 848 mundo
1935 795 2002 850 ⁸⁸.

2106 811 2274 850 σεται
2317 798 2356 863 ἡ
2403 797 2651 865 ἀλήθειά
2693 813 2809 851 σου
2829 813 2842 826 ·
2881 796 3064 865 σαφῶς
3107 797 3283 867 δηλῶν
3321 780 3677 867 ἐπουρανίους

440 887 766 944 Sciscitante
789 898 970 944 autem
999 888 1110 951 illo,
1142 902 1272 942 num
1302 902 1395 941 rex
1421 894 1588 950 esset,
1609 887 1908 957 respondit,
1938 881 2005 942 In

2105 885 2243 940 εἶναι
2272 888 2367 940 καὶ
2392 887 2537 951 Θείας
2560 887 2659 950 τὰς
2688 886 2782 940 τοῦ
2816 887 2950 940 Θεοῦ
2984 889 3332 957 ἐπαγγελίας.
3380 889 3490 942 Καὶ
3536 908 3676 962 παρ-

435 980 533 1038 Ιιοε
559 994 720 1036 natus
746 995 883 1036 sunt.
914 981 1083 1051 igitur
1131 981 1178 1035 si
1226 978 1282 1032 in
1314 979 1417 1033 hoc
1451 987 1614 1033 natus
1645 987 1762 1043 est,
1805 979 1858 1034 in
1901 979 2006 1034 hoc

2105 977 2302 1050 ἕστηκε
2333 978 2440 1032 τῶν
2460 979 2630 1047 λόγων
2661 977 2731 1031 τά
2763 976 3178 1049 ἀποτελέσματα
3197 980 3284 1033 διὰ
3310 979 3403 1033 τοῦ
3424 981 3677 1052 Σωτῆρος

434 1070 696 1125 Inanebit.
728 1068 867 1124 Huic
926 1084 1090 1140 porro
1149 1067 1387 1124 sermoni
1448 1069 1821 1124 testimonium
1851 1068 2006 1124 aliert

2105 1071 2260 1141 ἡμῶν
2299 1071 2470 1143 Ἰησοῦ
2516 1069 2751 1142 Χριστοῦ
2793 1069 2888 1124 τοῦ
2939 1071 3231 1142 γενομένου
3273 1073 3337 1124 ὲκ
3364 1072 3673 1144 σπέρματος

428 1159 526 1230 qui
569 1167 751 1215 ortum
783 1159 903 1230 ejus
932 1157 1138 1230 Virgini
1193 1159 1443 1229 promisit
1485 1160 1710 1230 angelus
1753 1158 2001 1226 Gabriel,

2103 1163 2265 1216 Δαυῒδ
2299 1163 2698 1237 πεπληρωμένα
2717 1182 2730 1196 ’
2755 1165 2943 1218 τούτου
2970 1163 3078 1234 γὰρ
3099 1164 3132 1232 ἠ
3166 1161 3406 1232 βασιλεία
3430 1163 3526 1216 καὶ
3547 1164 3664 1234 θρό-

428 1250 525 1320 qui
552 1249 691 1304 dixit
722 1249 773 1304 ei
800 1248 920 1302 :.Et
949 1267 1064 1304 ecce
1100 1251 1356 1320 concipies
1379 1250 1434 1304 in
1464 1259 1632 1317 utero,
1653 1259 1703 1305 et
1733 1251 1930 1318 paries,
1954 1262 2004 1306 et

2103 1271 2194 1318 νος
2219 1255 2320 1308 οὐκ
2357 1254 2692 1328 ἀνθρώπινος
2723 1248 2792 1326 ἦν
2812 1297 2828 1322 ,
2860 1255 2981 1308 οὐδὲ
3009 1257 3074 1309 ὲκ
3109 1254 3203 1308 τοῦ
3230 1255 3436 1326 κόσμου
3461 1255 3664 1310 τούτου.

429 1341 638 1396 vocabis
669 1357 852 1397 nomen
874 1342 987 1410 ejus
1014 1339 1219 1397 Iesum.
1253 1342 1357 1396 llic
1383 1342 1485 1396 erit
1523 1358 1764 1412 magnus,
1786 1349 1838 1396 et
1857 1342 2002 1411 ﬁlius

2103 1342 2193 1398 Διὸ
2223 1345 2405 1414 ἔλεγεν
2435 1347 2526 1398 ἐπὶ
2548 1346 2640 1400 τοῦ
2666 1347 2897 1401 Πιλάτου
2913 1366 2927 1378 ’
2956 1349 3024 1402 Ἦ
3041 1347 3331 1412 βασιλεία
3357 1347 3397 1415 ἠ
3428 1347 3542 1416 ἐμὴ
3566 1349 3671 1402 οὐκ

431 1431 696 1487 Altissimi
726 1434 1013 1489 vocabitur.
1047 1433 1116 1487 Et
1163 1433 1311 1488 dabit
1342 1433 1424 1487 illi
1449 1432 1591 1487 Deus
1616 1433 1858 1486 thronum
1891 1432 2004 1487 Da-

2101 1435 2273 1488 ἕστιν
2299 1435 2368 1488 ἐκ
2395 1435 2503 1490 τοῦ
2537 1436 2766 1506 κόσμου
2799 1437 3031 1490 τούτου.
3103 1435 3430 1508 Ἐρωτηθείς
3476 1453 3537 1488 τε
3584 1438 3671 1491 ὑπ’

428 1526 516 1580 uid
539 1528 707 1596 patris
733 1527 838 1593 sui,
864 1537 915 1581 et
945 1528 1180 1598 regnabit
1222 1529 1278 1582 in
1305 1537 1580 1593 tetanum,
1610 1535 1662 1581 et
1694 1528 1840 1598 regni
1888 1527 2002 1597 ejus

2101 1523 2266 1577 αὐτοῦ
2296 1527 2345 1578 εί
2377 1523 2628 1593 βασιλεὺς
2672 1525 2756 1596 εἴη
2775 1563 2791 1588 ,
2825 1525 3186 1596 ἀπεκρίνατο,
3230 1526 3334 1588 Είς
3366 1523 3545 1579 τοῦτο
3577 1525 3673 1578 καί

431 1635 534 1673 non
561 1620 661 1674 erit
689 1620 814 1689 finis
839 1621 904 1675 ".
938 1619 997 1676 ln
1040 1621 1144 1675 hoc
1169 1621 1374 1691 itaque
1419 1627 1582 1676 natus
1613 1626 1731 1688 est;
1791 1620 1889 1676 sed
1918 1635 2003 1676 re-

2103 1616 2473 1688 γεγέννημαι.
2525 1615 2735 1671 Οὐκοῦν
2761 1617 2810 1670 εἱ
2836 1617 3175 1687 γεγέννηται,
3206 1617 3358 1686 μενεῖ
3387 1617 3468 1680 είς
3489 1614 3671 1669 τοῦτο.

427 1725 592 1782 gnum
627 1712 750 1782 ejus
801 1728 912 1768 non
951 1721 1070 1768 erat
1113 1730 1178 1769 ex
1232 1714 1336 1768 hoc
1371 1711 1617 1770 mundo:
1669 1727 1796 1768 nam
1838 1713 2002 1782 hujus

2103 1709 2212 1762 Καὶ
2243 1711 2508 1781 μαρτυρεῖ
2533 1707 2609 1779 τῷ
2631 1709 2776 1779 λόγῳ
2803 1710 2833 1761 ό
2853 1709 2950 1779 τὴν
2981 1708 3192 1777 γένεσιν
3222 1707 3388 1762 αὐτοῦ
3420 1709 3488 1778 τῇ
3524 1709 3670 1780 Παρο

428 1803 616 1857 mundi
647 1818 874 1875 regnum
919 1817 1028 1860 non
1060 1811 1237 1876 potest
1269 1805 1324 1860 in
1357 1814 1621 1860 aeternum
1651 1804 1872 1868 durare,
1909 1820 2003 1860 ne-

2102 1800 2240 1872 θένῳ
2269 1800 2760 1871 εὐαγγελισάμενος
2785 1800 3014 1868 ἄγγελος
3039 1803 3068 1854 ό
3089 1799 3328 1872 Γαϐριὴλ
3349 1799 3518 1853 εἰπὼν
3539 1799 3674 1872 πρὸς

425 1905 534 1964 que
561 1895 666 1950 line
696 1906 868 1962 caret,
903 1913 1080 1968 neque
1126 1898 1180 1952 in
1215 1897 1487 1952 inlinitum
1539 1895 1886 1962 extenditur;
1920 1911 2000 1950 re-
2029 1902 2034 1950 Δ

2060 1902 2071 1949 ι
2100 1893 2295 1962 αὑτήν·
2353 1891 2462 1946 Καὶ
2499 1891 2629 1945 ἰδοὺ
2661 1890 2956 1961 συλλήψει
2988 1891 3058 1945 ὲν
3087 1891 3330 1961 γαστρὶ,
3376 1891 3474 1945 καὶ
3505 1891 3669 1959 τέξῃ,

426 2001 592 2055 gnum
612 2002 743 2043 vero
769 1989 964 2044 semini
991 1987 1209 2045 Davidis
1237 1987 1566 2059 promissum
1592 1995 1857 2042 :eternum
1877 1995 1996 2044 erat

2101 1984 2197 2037 καὶ
2217 1981 2494 2049 καλέσεις
2513 1982 2579 2036 τὸ
2601 1983 2788 2053 ὄνομα
2808 1983 2993 2038 αὑτοῦ
3021 1983 3281 2051 Ἰησοῦν.
3301 1975 3490 2049 οὗτος
3504 1982 3673 2036 ἔσται

424 2079 480 2130 et
503 2076 845 2133 immortale:
877 2079 953 2133 ait
977 2079 1156 2145 enim,
1198 2075 1268 2132 Et
1320 2080 1541 2131 thronus
1567 2077 1682 2145 ejus
1727 2078 1828 2130 erit
1860 2077 1996 2130 sicut

2095 2077 2301 2146 μέγας,
2335 2076 2432 2129 καὶ
2463 2075 2593 2142 υἱὸς
2621 2076 2915 2144 Ὑψίστου
2944 2076 3333 2145 κληθήσεται.
3366 2076 3476 2130 Kal
3497 2075 3673 2129 δώσει

426 2165 510 2218 sol
541 2166 595 2220 in
624 2179 901 2236 conspectu
925 2184 1058 2232 meo,
1080 2177 1131 2222 et
1156 2169 1292 2222 sicut
1338 2168 1465 2222 luna
1496 2166 1729 2238 perfecta
1759 2167 1814 2220 in
1844 2174 1996 2221 teter.

2100 2160 2259 2225 αὐτῷ
2283 2165 2318 2216 ό
2353 2161 2495 2228 Θεὸς
2517 2163 2623 2215 τὸν
2648 2164 2866 2231 θρόνον
2885 2163 3067 2217 Δαυῒδ
3087 2165 3192 2219 τοῦ
3215 2166 3436 2233 πατρὸς
3462 2165 3670 2227 αὐτοῦ,

425 2263 574 2320 nam,
601 2265 652 2310 et
683 2257 829 2310 testis
851 2257 905 2310 in
933 2257 1062 2312 cosio
1091 2257 1286 2326 ﬁdelis.

2103 2254 2200 2306 καί
2225 2253 2588 2316 ,βασιλεύσει
2619 2255 2706 2319 εις
2729 2253 2838 2307 τὸν
2861 2254 3069 2319 αἰῶνα,
3104 2256 3202 2309 καὶ
3223 2255 3334 2324 τῆς
3349 2256 3671 2321 ,ϐασιλείας

423 2347 614 2402 αὑτοῦ
650 2350 762 2402 οὐκ
789 2347 961 2402 ἔσται
987 2348 1180 2416 τέλος.
1212 2349 1536 2420 Γεγέννηται
1556 2349 1734 2404 τοίνυν
1755 2351 1834 2416 είς
1849 2349 2028 2412 τοῦτο,
2059 2345 2172 2401 ἀλλ’
2196 2345 2295 2397 οὐκ
2326 2339 2394 2414 ἦν
2426 2347 2459 2406 ἡ
2489 2343 2730 2414 βασιλεία
2785 2345 2954 2400 αὐτοῦ
2990 2348 3054 2400 ὲκ
3074 2346 3167 2400 τοῦ
3197 2348 3401 2418 κόσμου
3447 2346 3668 2400 τούτουο

426 2437 461 2508 η
492 2437 590 2508 μὲν
617 2437 728 2509 γὰρ
751 2437 845 2493 τοῦ
865 2440 1068 2511 κόσμου
1087 2442 1276 2494 τούτου
1304 2442 1549 2512 βασιλεία
1570 2443 1669 2514 οὐχ
1691 2443 1777 2498 οἵα
1797 2443 1854 2496 τὲ
1875 2444 1990 2496 ὲστι
2017 2442 2258 2512 διαρκεῖν
2293 2437 2372 2500 είς
2402 2435 2492 2490 τὸν
2532 2436 2702 2491 αἰῶνα
2726 2477 2741 2501 ,
2787 2438 2895 2491 οὐδ’
2947 2439 3095 2493 ἐστὶν
3138 2437 3490 2508 ἀτελεύτητος
3509 2479 3525 2502 ,
3561 2425 3670 2492 οὐδ’

428 2531 510 2595 είς
541 2530 601 2584 τὸ
635 2531 859 2602 ἄπειρον
881 2533 1228 2605 ἐκτεινομένη
1248 2553 1261 2566 ο
1291 2534 1324 2606 η
1351 2533 1407 2587 δὲ
1437 2535 1516 2606 τῷ
1543 2537 1821 2608 σπέρματι
1841 2533 2004 2590 Δαυῖδ
2031 2531 2412 2606 ἐπηγγελμένη
2447 2531 2692 2604 βασιλεία
2721 2529 2936 2594 αἰώνιός
2979 2547 3063 2595 τις
3111 2527 3180 2602 ἦν
3229 2531 3322 2585 καὶ
3363 2532 3627 2595 ἀθάνατος
3651 2547 3664 2560 '

426 2623 536 2675 Kal
570 2621 603 2676 ό
641 2623 870 2690 θρόνος,
893 2625 1002 2698 γάρ
1030 2643 1214 2696 φησιν,
1268 2631 1438 2684 ἔσται
1497 2633 1683 2686 αὑτοῦ
1709 2633 1791 2700 ὡς
1828 2630 2000 2700 ἥλιος
2029 2632 2283 2687 ἐνώπιόν
2313 2648 2464 2700 μου,
2490 2628 2588 2682 καί
2614 2629 2694 2695 ὠς
2719 2629 2758 2698 ἠ
2815 2627 3050 2696 σελήνη
3098 2627 3534 2698 κατηρτισμένη
3583 2629 3672 2693 είς

425 2713 535 2767 ’τὸν
558 2713 762 2780 αἰῶνα,
786 2716 885 2770 καὶ
908 2718 942 2771 ό
971 2716 1202 2788 μάρτυς
1225 2721 1296 2775 ἐν
1325 2723 1560 2792 οὐρανῷ
1598 2725 1834 2792 πιστός.

497 2821 650 2883 Talia
686 2841 853 2900 porro
895 2838 1024 2888 sunt
1051 2847 1172 2903 quas
1219 2834 1427 2906 Virgini
1461 2837 1530 2895 de
1577 2839 1688 2895 ﬁlio
1713 2855 1778 2896 ex
1805 2854 1865 2896 se
1897 2853 1996 2894 na-

2165 2833 2404 2888 Τοιαῦτα
2434 2831 2491 2885 δὲ
2516 2827 2773 2901 τυγχάνει
2797 2827 2866 2882 τὰ
2903 2829 2998 2882 καὶ
3022 2831 3089 2900 τῇ
3115 2829 3374 2901 Παρθένῳ
3399 2830 3669 2900 ἐπηγγελ-

427 2919 634 2975 scituro
674 2923 944 2991 promissa
981 2934 1130 2980 sunt.
1165 2926 1398 2984 Oracnla
1428 2930 1572 2986 enim
1621 2931 1724 3002 ipsi
1761 2933 1994 2992 l‘undens

2098 2927 2234 2998 μένα
2260 2925 2388 2996 περὶ
2411 2924 2503 2978 τοῦ
2535 2922 2593 2990 ἐξ
2617 2923 2785 2993 αὐτῆς
2805 2921 3286 2993 γεννηθησομένου.
3307 2922 3422 2992 Χρη
3432 2919 3669 2990 ματίξων

423 3014 671 3084 angelus,
701 3014 814 3070 haec
843 3017 1117 3086 pollicitus
1143 3027 1228 3075 est
1252 3038 1266 3076 :
1298 3018 1367 3073 Et
1395 3021 1544 3075 dabit
1572 3023 1655 3078 illi
1681 3023 1824 3078 Deus
1849 3025 1994 3078 thro-

2097 3017 2228 3087 γοῦν
2253 3018 2390 3087 αὐτῇ
2421 3016 2450 3068 ό
2481 3013 2709 3084 ἄγγελος
2731 3012 3089 3083 ἐπηγγείλατο
3117 3013 3288 3082 λέγων
3307 3030 3321 3043 ·
3349 3013 3460 3066 Καὶ
3489 3012 3667 3066 δώσει

425 3117 553 3159 num
578 3104 748 3160 David
783 3109 954 3176 patris
982 3109 1119 3177 ejus.
1153 3109 1342 3176 Qualis
1367 3127 1498 3167 vero
1515 3112 1669 3168 illeet
1685 3115 1993 3185 cujusmodi

2093 3106 2255 3173 αὐτῷ
2279 3110 2312 3161 ό
2347 3106 2489 3172 Θεὸς
2515 3105 2622 3159 τὸν
2644 3104 2860 3173 θρόνον
2883 3103 3064 3157 Δαυῒδ
3086 3104 3190 3157 τοῦ
3215 3103 3436 3170 πατρὸς
3459 3103 3665 3158 αὐτοῦ.

421 3209 592 3266 esset,
624 3203 726 3258 sub
749 3203 862 3257 habe
893 3205 1131 3272 explicat
1151 3203 1362 3274 dicens,
1392 3203 1462 3257 Et
1493 3206 1732 3275 regnabit
1762 3209 1817 3261 in
1843 3218 1996 3263 auer-

2095 3201 2253 3262 Ποίος
2282 3199 2339 3252 δὲ
2381 3190 2534 3261 οὗτος
2579 3198 2673 3250 καὶ
2705 3193 2946 3257 ποταπὸς
2975 3191 3043 3264 ἦν
3061 3235 3076 3258 ,
3129 3195 3255 3263 ἑξῆς
3284 3194 3667 3265 διερμηνεύσει

423 3305 573 3357 num,
594 3302 646 3347 et
679 3293 822 3364 regni
847 3293 962 3361 ejus
987 3308 1090 3347 non
1129 3294 1227 3347 erit
1257 3295 1400 3362 ﬁnis.
1428 3290 1578 3351 Talis
1617 3298 1708 3351 ille
1763 3297 1993 3352 thronus
2020 3283 2032 3332 ⁴

2057 3280 2064 3332 ἶ
2099 3293 2320 3359 φάσκων
2340 3308 2352 3321 ·
2399 3290 2507 3344 Kal
2531 3289 2893 3353 βασιλεύσει
2919 3287 3006 3353 είς
3025 3286 3131 3337 τὸν
3160 3281 3343 3337 αἰῶνα
3361 3323 3377 3346 ,
3424 3287 3520 3337 καὶ
3553 3302 3666 3354 της

423 3393 572 3449 erat,
601 3401 760 3456 quem
795 3385 984 3439 Davidi
1019 3385 1160 3440 Deus
1199 3401 1324 3439 cum
1372 3388 1684 3457 juramento
1717 3391 1992 3459 pollicitus

2092 3379 2416 3445 ,βασιλείας
2459 3375 2644 3431 αὐτοῦ
2675 3377 2786 3429 οὐκ
2815 3375 2986 3429 ἔσται
3017 3375 3209 3440 τέλος.
3245 3371 3494 3437 Τοιοῦτος
3525 3374 3574 3426 δ’
3599 3369 3667 3444 ἦν

421 3483 528 3532 est.
555 3475 712 3542 Quod
748 3476 1036 3533 declarans
1073 3477 1328 3548 angelus,
1377 3480 1659 3534 oraculum
1714 3497 1873 3536 suum
1909 3483 1992 3538 in.

2097 3471 2127 3522 ό
2146 3467 2224 3538 τῷ
2241 3469 2400 3521 Δαυῒδ
2428 3467 2544 3539 μεθ’
2562 3465 2906 3538 ὁρκωμοσίας
2930 3463 3034 3518 ὑπὸ
3057 3465 3148 3518 τοῦ
3171 3464 3305 3518 Θεοῦ
3333 3464 3666 3536 ἑπηγγελμέα

423 3568 756 3636 terpretatus
783 3578 898 3624 est:
931 3570 1107 3638 primo
1129 3569 1348 3639 quidem
1375 3569 1586 3636 dicens,
1617 3569 1685 3625 Et
1723 3571 1872 3626 dabit
1912 3573 1994 3628 illi

2099 3577 2206 3624 νος.
2244 3561 2308 3613 Ὅ
2333 3559 2396 3631 δὴ
2428 3557 2696 3630 παριστὰς
2723 3557 2970 3626 ἄγγελος,
2993 3558 3321 3628 διηρμήνευε
3351 3558 3441 3610 τὸν
3470 3557 3661 3610 ἑαυτοῦ

427 3655 569 3712 Deus
587 3657 834 3712 thronum
863 3658 1035 3713 David
1061 3657 1231 3729 patris
1271 3658 1422 3729 ejus;
1457 3669 1642 3731 postea
1677 3675 1806 3718 vero
1848 3665 1990 3734 adjiw

2098 3652 2376 3726 χρησμόν·
2409 3649 2670 3721 πρότερον
2701 3649 2798 3721 μὲν
2821 3647 3025 3712 εἰπὼν,
3057 3650 3166 3703 Kal
3208 3647 3386 3702 δώσει
3429 3646 3590 3714 αὐτῷ
3633 3651 3667 3702 ό

424 3747 602 3812 ciens,
629 3747 697 3802 Et
727 3749 962 3818 regnabit
995 3750 1050 3804 in
1080 3759 1352 3813 a'ternum,
1376 3761 1426 3806 et
1452 3753 1598 3821 regni
1617 3738 1730 3822 ejus
1760 3768 1863 3808 non
1892 3756 1992 3809 erit

2100 3746 2245 3812 Θεὸς
2271 3747 2379 3799 τὸν
2419 3747 2633 3812 θρόνον
2678 3744 2860 3798 Δαυῒδ
2911 3745 3018 3799 τοῦ
3049 3744 3272 3813 πατρὸς
3299 3745 3485 3799 αὐτοῦ
3509 3765 3521 3776 ·
3569 3743 3668 3814 εἶθ’

423 3837 569 3906 finis.
604 3837 728 3893 Haec
761 3854 923 3909 opere
945 3841 1214 3910 completa
1248 3850 1377 3896 sunt
1405 3843 1460 3896 in
1491 3841 1771 3898 Salvatore
1805 3853 1994 3900 nostro

2098 3839 2227 3910 ἑξῆς
2246 3837 2561 3908 ἐπαγαγὼν,
2583 3838 2690 3892 Kal
2705 3838 3068 3902 βασιλεύσει
3104 3841 3192 3904 εὶς
3213 3837 3542 3905 τὸνγαὶῶνα,
3572 3839 3668 3893 καὶ

423 3923 577 3993 Iesu,
601 3928 824 3985 Christo
854 3931 968 3998 Dei,
996 3933 1090 4003 qui
1120 3948 1186 3988 ex
1233 3934 1443 3989 semine
1484 3933 1651 3988 David
1675 3942 1850 4001 ortus,
1887 3937 1990 3990 irn-

2098 3930 2209 3999 τῆς
2231 3930 2555 3996 βασιλείας
2577 3931 2765 3984 αὑτοῦ
2803 3932 2912 3983 οὐκ
2947 3929 3117 3982 ἔσται
3145 3928 3338 3995 τέλος.
3396 3928 3580 3982 Ταῦτα
3611 3929 3668 3983 δὲ

426 4026 603 4088 perat,
632 4019 804 4091 legem
839 4021 951 4087 dat,
976 4030 1027 4078 et
1059 4033 1248 4094 regnat
1289 4025 1344 4078 in
1371 4024 1631 4080 universo
1678 4027 1851 4094 orbe;
1883 4044 1991 4083 non

2097 4025 2210 4086 τοῖς
2231 4022 2412 4094 ἔργοις
2439 4021 2762 4092 ἐπληροῦτο,
2791 4022 2869 4084 εἰς
2899 4019 2992 4073 τὸν
3019 4020 3283 4092 ἡμέτερον
3314 4020 3540 4091 Σωτῆρα
3567 4022 3669 4092 ’1η-

424 4110 666 4168 humano
691 4112 909 4183 quidem
945 4115 1108 4170 modo
1131 4156 1147 4182 ,
1198 4115 1294 4171 sed
1337 4116 1520 4171 divina
1548 4117 1788 4174 virtute:
1822 4127 1877 4174 et
1907 4136 1994 4176 se-

2101 4114 2228 4168 σοῦν
2246 4153 2262 4179 ,
2289 4113 2382 4167 τὸν
2405 4113 2638 4186 Χριστὸν
2676 4112 2770 4166 τοῦ
2801 4112 2933 4165 Θεοῦ
2953 4153 2968 4178 ,
2999 4111 3059 4176 ὃς
3088 4115 3152 4166 ὲκ
3174 4115 3486 4184 σπέρματος
3507 4115 3669 4171 Δαυῒδ

426 4218 552 4258 men
581 4204 705 4274 ejus
730 4220 854 4260 vere
875 4205 930 4259 in
961 4207 1220 4261 saeculum
1254 4214 1474 4275 manet;
1505 4207 1558 4262 id
1587 4218 1692 4274 est,
1715 4210 1996 4266 successio

2099 4204 2335 4275 γεγονὼς
2358 4207 2549 4276 κρατεῖ
2575 4205 2669 4260 καὶ
2690 4204 2968 4276 νομοθετεί
2985 4205 3078 4257 καὶ
3105 4203 3373 4274 βασιλεύει
3398 4207 3524 4260 καθ’.
3541 4207 3666 4279 ὅλης

423 4294 547 4363 ejus
566 4331 582 4361 ,
617 4309 740 4365 qua:
769 4312 866 4366 per
893 4298 1168 4366 apostolos
1201 4307 1257 4352 et
1285 4297 1588 4370 discipulos
1619 4299 1792 4368 ipsius
1819 4309 1993 4356 totum

2098 4297 2199 4368 τῆς
2231 4295 2532 4368 ἀνθρώπων
2562 4294 2886 4367 οἰκουμένης
2906 4336 2921 4360 ,
2970 4296 3070 4349 οὐκ
3099 4297 3452 4370 ἀνθρωπίνως
3473 4341 3488 4364 ,
3534 4299 3669 4353 ἀλλὰ

426 4383 615 4456 implet
640 4387 932 4453 mundum;
962 4389 1078 4443 sive
1110 4390 1433 4445 rationabile
1461 4391 1707 4447 cmlestis
1735 4391 1997 4448 doctrinae

2102 4388 2256 4458 θεῖκῇ
2286 4387 2547 4458 δυνάμει·
2585 4387 2678 4440 καὶ
2705 4387 2765 4440 τό
2808 4404 2869 4439 τε
2896 4387 3116 4457 σπέρμα
3147 4388 3309 4441 αὐτοῦ
3343 4389 3559 4460 ἀληθῶς
3589 4393 3667 4454 είς

423 4481 546 4548 ejus
578 4493 786 4535 semen.
843 4478 948 4534 Sed
979 4481 1143 4534 etiam
1193 4483 1423 4540 thronus
1475 4484 1596 4553 ejus
1642 4483 1776 4540 solis
1824 4485 1997 4540 instar

2099 4476 2191 4531 τὸν
2224 4479 2394 4532 αίῶνα
2427 4478 2576 4549 μένει
2594 4493 2608 4508 ο
2638 4479 2755 4549 ἦτοι
2789 4476 2848 4531 τὸ
2872 4478 2971 4548 τῆς
2997 4477 3242 4550 διαδοχῆς
3274 4479 3438 4532 αὑτοῦ
3463 4481 3560 4550 τῆς
3582 4479 3672 4533 διὰ

425 4571 757 4642 resplendet,
790 4571 1068 4627 hominum
1111 4575 1321 4631 animas
1372 4576 1687 4633 illuminans
1733 4587 1788 4632 et
1831 4577 1996 4632 radiis
2033 4631 2034 4642 γ

2059 4634 2068 4642 _
2100 4572 2208 4626 τῶν
2253 4569 2564 4624 ἀποστόλων
2609 4569 2774 4624 αὑτοῦ
2817 4570 2911 4622 καὶ
2956 4570 3212 4642 μαθητῶν
3256 4572 3345 4624 τὸν
3380 4572 3668 4642 σύμπαντα

425 4627 728 4718 illustrans.
759 4660 883 4719 Haec
914 4677 1076 4733 porro
1097 4665 1278 4720 omnia
1315 4666 1428 4735 jam
1459 4667 1524 4721 ad
1549 4667 1796 4724 eliectum
1829 4669 1999 4724 dedu-
2033 4631 2034 4678 Τ

2060 4635 2074 4679 ’
2103 4661 2304 4732 κόσμον
2324 4661 2635 4732 πληρούσης
2649 4679 2661 4691 ·
2690 4658 2722 4732 ἢ
2746 4660 2806 4714 τὸ
2826 4627 3039 4730 λογικὸν
3065 4627 3282 4732 σπέρμα
3301 4663 3400 4733 τῆς
3419 4627 3478 4716 οῦ
3488 4665 3669 4734 ρανίου

424 4761 513 4806 eta
545 4761 693 4814 sum,
722 4761 777 4808 et
809 4755 861 4808 in
891 4755 1009 4812 dies
1033 4756 1302 4811 hactenus
1333 4757 1652 4826 implentur,
1691 4761 1994 4816 secundum

2100 4751 2449 4814 διδασκαλίας
2468 4751 2652 4805 αὐτοῦ.
2672 4751 2832 4804 Ἀλλά
2849 4752 2942 4804 καὶ
2959 4753 2990 4804 ό
3007 4751 3192 4822 θρόνος
3211 4752 3374 4805 αὑτοῦ
3393 4753 3468 4817 ὡς
3481 4757 3509 4807 ὁ
3522 4753 3668 4824 ἣλιος

424 4859 492 4898 ea
521 4859 642 4913 quae
674 4843 862 4900 Davidi
890 4847 1096 4916 juravit
1145 4846 1309 4905 Deus.
1350 4845 1552 4906 Verum
1594 4855 1851 4922 quoniam
1886 4870 1997 4911 non

2102 4844 2373 4914 ἐκλάμπει
2395 4883 2408 4905 ,
2437 4843 2683 4913 φωτίζων
2705 4843 2798 4897 καὶ
2825 4843 3180 4912 καταυγάζων
3207 4843 3304 4908 τὰς
3333 4843 3442 4898 τῶν
3461 4844 3669 4916 civem}:-

427 4935 668 4990 humano
687 4935 817 5000 ritu,
841 4953 1016 5008 neque
1035 4939 1338 4995 secundum
1385 4957 1590 4998 morem
1627 4960 1813 5017 regum
1838 4955 1995 5002 m’un-

2102 4952 2218 4988 που
2241 4934 2436 5004 ψυχάς.
2471 4934 2654 4990 Ταῦτα
2678 4935 2734 4988 δὲ
2756 4935 2934 4989 πάντα
2954 4935 3140 4999 τέλους
3180 4936 3414 5006 ἠξιοῦτο,
3436 4938 3530 4990 καὶ
3559 4939 3671 4990 εἰσι

423 5024 717 5090 danorum,
748 5025 862 5082 haec
891 5031 1160 5098 promissa
1207 5031 1262 5086 in
1307 5036 1722 5092 successoribus
1775 5036 1996 5096 Davidis

2101 5027 2182 5081 ἑτι
2211 5028 2306 5082 νῦν
2341 5027 2640 5100 πληροῦται
2666 5024 2972 5092 ἀκολούθως
3027 5024 3107 5092 οἷς
3133 5028 3343 5099 ὤμοσεν
3370 5030 3399 5082 ό
3429 5029 3561 5093 Θεὸς
3592 5029 3670 5100 τῷ

427 5118 651 5188 impleta
684 5125 848 5185 sunt;
885 5136 1062 5191 neque
1089 5123 1143 5177 in
1177 5124 1294 5193 ipso
1328 5125 1611 5182 Salvatore
1631 5136 1840 5195 nostro,
1873 5145 1997 5184 cor-

2097 5121 2282 5175 Δαυῒδ.
2359 5120 2492 5174 Ἀλλ’
2526 5121 2712 5193 ἐπειδὴ
2740 5121 2816 5192 μὴ
2841 5121 3225 5192 ἀνθρωπίνως,
3263 5117 3394 5192 μηδὲ
3425 5122 3668 5190 συνήθως

428 5222 595 5277 porco
623 5224 772 5265 more
803 5209 964 5264 linem
1007 5223 1374 5282 acceperunt,
1427 5215 1557 5286 quia
1612 5232 1840 5287 regnum
1875 5218 1998 5287 ejus

2099 5217 2212 5277 τοῖς
2237 5214 2380 5268 κατά
2395 5215 2678 5286 ἄνθρωπον
2702 5213 3010 5285 βασιλεῦσιν
3029 5215 3108 5276 είς
3129 5213 3251 5276 τοὺς
3277 5211 3550 5282 διαδόχους
3573 5211 3669 5266 τοῦ

429 5313 539 5351 non
573 5298 676 5353 fuit
701 5315 769 5355 ex
797 5299 903 5356 hoc
952 5302 1176 5366 mundo,
1207 5291 1384 5374 neque
1417 5306 1506 5360 ille
1537 5305 1589 5360 in
1615 5307 1860 5362 sensibili
1893 5307 1998 5362 Da-

2102 5307 2262 5360 Δαυῖδ
2290 5305 2592 5377 ἐπληροῦτο
2615 5306 2682 5359 τά
2709 5301 3110 5376 ἐπηγγελμένα,
3135 5303 3248 5356 ἀλλ’
3267 5303 3373 5356 οὐδ’
3395 5304 3482 5357 ἐπ’
3505 5301 3671 5358 αὐτὸν

429 5389 573 5445 vidis
605 5390 805 5446 throno
831 5391 1008 5458 sedit;
1044 5391 1154 5446 imo
1203 5409 1332 5449 vero
1380 5396 1716 5450 contrarium
1770 5398 1995 5465 accidit,

2101 5397 2192 5450 τὸν
2238 5398 2502 5470 ἡμέτερον
2535 5398 2762 5468 Σωτῆρα
2794 5396 3117 5468 σωματικῶς
3141 5395 3325 5458 τέλους
3353 5393 3668 5465 ἐτύγχανεν,

431 5481 752 5537 adveniente
784 5484 1037 5552 passione
1065 5483 1185 5553 ejus
1210 5503 1224 5550 ;
1255 5485 1372 5540 haec
1401 5486 1520 5556 ipsa
1553 5486 1772 5544 divinus
1800 5496 1854 5543 et
1873 5504 1998 5558 pro-

2099 5489 2224 5542 ὲπεὶ
2249 5489 2326 5560 μὴ
2354 5489 2578 5558 γέγονεν
2605 5488 2768 5543 αὐτοῦ
2793 5491 2826 5561 ἡ
2852 5488 3094 5560 βασιλεία
3119 5491 3184 5543 ἐκ
3213 5489 3305 5542 τοῦ
3329 5489 3534 5559 κόσμου
3557 5488 3673 5542 τού-

432 5575 680 5642 pheticus
725 5574 962 5644 Spiritus
1005 5575 1130 5645 jure
1182 5592 1244 5632 ac
1303 5579 1498 5633 merito
1548 5577 1878 5648 declaravit,
1928 5583 1996 5637 ad

2099 5594 2192 5634 ’του
2212 5615 2227 5642 ,
2261 5579 2384 5651 μηδ’
2416 5583 2512 5633 ἐπὶ
2542 5579 2633 5633 τὸν
2662 5580 2917 5652 αἰσθητὸν
2945 5579 3136 5650 θρόνον
3172 5579 3438 5651 ὲκαθέσθη
3473 5581 3665 5634 Δαυῖδ’

433 5664 880 5732 perquisitionetu
935 5668 1424 5724 consummationis
1500 5669 1674 5725 divini
1729 5673 1995 5730 sermonis

2101 5672 2405 5726 τούναντίον
2445 5670 2503 5726 δὲ
2539 5667 2720 5744 ἀπέϐη
2756 5673 2848 5727 διὰ
2879 5668 2939 5727 τὸ
2971 5670 3310 5744 συμϐεϐηκὸς
3352 5672 3478 5743 περὶ
3509 5671 3670 5725 αὐτὸν

507 5814 552 5846 ⁸⁸⁵
585 5809 746 5868 Joan.
785 5829 948 5882 svnt,
980 5814 1072 5872 ὅθι
1148 5812 1194 5853 δ’
1229 5813 1346 5874 Luc
1375 5829 1430 5887 ι,
1459 5813 1649 5877 31-33.
