4074 6434
466 431 605 486 1115

1572 429 2071 487 COMMENTARIA
2114 433 2177 487 IN
2216 432 2552 494 PSALMOS.

3549 441 3686 499 HM

466 548 667 631 1rd00;_'
698 547 918 611 εἰκότως
947 546 1039 601 καὶ
1064 545 1233 602 ταῦτα
1262 548 1401 602 αὐτὰ
1430 549 1489 602 τὸ
1522 550 1664 604 θεῖον
1693 552 1787 605 καὶ
1816 567 2006 623 προφη·

2128 569 2228 608 nos
2252 555 2531 621 excitans;
2587 569 2756 625 quare
2805 556 2917 610 ait:
2958 554 3112 610 Nunc
3141 566 3314 613 autem
3346 558 3590 631 repulisti
3638 569 3687 615 et

464 642 612 695 τικὸν
637 623 860 711 Πνεῦμα
890 642 1126 713 παρίστη
1146 682 1160 705 ,
1191 642 1450 713 διεγεῖρον
1492 645 1638 713 ἡμᾶς
1667 643 1760 698 ἐπὶ
1800 644 2023 716 ζήτησιν

463 732 570 785 τῶν
598 731 1047 802 ἀποτελεσμάτων
1070 732 1181 785 τῶν
1210 732 1306 785 τοῦ
1340 733 1473 786 Θεοῦ
1503 733 1697 803 λογίων
1716 752 1730 765 ο
1751 735 1830 789 διό
1856 752 1988 806 φησι
2004 752 2018 767 ’

463 823 611 876 Νυνὶ
646 821 715 875 δὲ
741 821 959 877 ἀπώσω
982 824 1079 876 καὶ
1101 823 1531 890 ἐξουδένωσας,
1562 826 1735 894 Κύριε
1752 864 1768 889 ,
1805 824 2021 881 ἀπεϐά-

462 916 575 966 λου
596 913 703 967 τόν
720 916 974 983 Χριστόν
997 929 1113 968 σου
1130 931 1146 945 ·
1175 910 1581 984 κατέστρεψας
1601 916 1714 985 τὴν
1733 917 2024 986 διαθήκην

463 999 568 1059 τοῦ
596 1004 816 1059 δούλου
842 1017 989 1070 σου,
1015 1006 1109 1059 καὶ
1137 1006 1205 1059 τὰ
1225 1003 1432 1070 τούτοις
1457 1006 1579 1078 ἑξῆς
1597 1024 1612 1038 ·
1641 1008 1709 1061 δι’
1730 1003 1804 1063 ὧν
1835 1007 2023 1078 σαφῶς

454 1091 716 1163 ὀνομαστὶ
748 1093 1123 1163 μνημονεύσας
1144 1094 1236 1149 τὸν
1269 1096 1501 1166 Χριστὸν
1523 1098 1552 1149 ό
1579 1096 1751 1166 λόγος,
1783 1099 2018 1169 παρίστη

454 1182 541 1235 ὅτι
572 1184 737 1254 μηδὲν
760 1184 919 1237 αὐτὸν
941 1184 1093 1238 ἔλαθε
1129 1185 1239 1239 τῶν
1266 1186 1361 1241 καὶ
1388 1188 1515 1259 περὶ
1533 1188 1632 1260 τήν
1658 1188 1904 1259 διαδοχὴν
1926 1186 2020 1243 τοῦ

459 1274 651 1340 Δαυῒδ,
706 1276 797 1329 ml
825 1276 922 1348 τὴν
952 1278 1263 1350 σωματικὴν
1294 1279 1458 1332 αὑτοῦ
1501 1279 1796 1351 βασιλείαν,
1827 1282 1936 1335 τῶν
1961 1299 2021 1335 τε

460 1367 585 1438 περὶ
616 1368 678 1420 τὸ
721 1367 889 1431 πάθος
926 1368 1002 1437 τῷ
1030 1368 1247 1440 Χριστῷ
1284 1367 1377 1423 τοῦ
1411 1370 1545 1423 Θεοῦ
1579 1371 2016 1443 συμὸεϐηκότων.

454 1454 641 1511 Ταῦτα
668 1456 797 1526 γοῦν
819 1457 1059 1512 ἐδίδασκε
1088 1461 1389 1532 προσδοκᾷν
1415 1461 1631 1516 ἔσεσθαι
1659 1463 1751 1516 καὶ
1775 1464 1900 1534 περὶ
1922 1462 2020 1534 τὴν

449 1547 700 1619 διαδοχὴν
728 1547 911 1616 αὐτοῦ,
936 1549 1030 1604 καὶ
1052 1551 1181 1622 περὶ
1217 1552 1316 1624 τὴν
1342 1552 1614 1624 βασιλείαν
1635 1593 1651 1618 ,
1676 1554 1803 1625 περί
1838 1570 1897 1607 τε
1929 1554 2019 1606 τὸν

450 1642 518 1693 ἐκ
546 1638 856 1712 σπέρματος
880 1642 972 1695 τοῦ
1003 1641 1164 1696 Δαυτδ
1190 1645 1666 1715 προελευσόμενον.
1698 1647 1764 1698 El
1789 1645 1898 1716 γὰρ
1924 1647 2020 1700 καὶ

453 1733 523 1788 τὰ
566 1734 799 1806 μάλιστα
850 1735 1076 1791 πλεῖστα
1119 1737 1221 1791 ὅσα
1261 1737 1348 1791 διὰ
1390 1737 1499 1792 τῶν
1540 1738 1791 1809 ἀνωτέρω
1837 1736 2019 1803 ἔνδοξα

454 1826 581 1897 περὶ
618 1825 780 1879 αὑτοῦ
806 1825 1022 1882 λέλεκτο
1040 1867 1056 1893 ,
1106 1829 1185 1882 ὅτι
1210 1846 1270 1882 τε
1298 1828 1640 1900 ὑψωθήσεται
1662 1868 1679 1894 ,
1711 1829 1803 1882 καὶ
1828 1831 1887 1883 ὲν
1918 1828 2017 1881 θα-

2123 647 2423 715 dexpexisti,
2458 647 2677 702 Domine
2702 687 2717 712 ,
2750 648 2988 717 abjecisti
3031 648 3298 703 Christum
3334 658 3521 702 tuum:
3550 666 3690 704 ever-

2124 736 2235 789 tisti
2258 744 2622 791 testamentum
2653 737 2787 790 servi
2812 738 2923 800 tui,
2970 744 3024 791 et
3062 746 3259 792 caetera
3293 758 3305 792 :
3337 738 3494 808 queis
3541 739 3687 791 clare
3774 750 3777 755 ‘

2121 824 2399 880 Christum
2428 840 2759 889 memorans,
2803 825 3026 887 indicat,
3061 825 3194 879 nihil
3227 840 3413 879 eorum
3445 839 3565 894 qua:
3615 823 3682 878 ad

2122 915 2520 971 successionem
2551 915 2792 980 Davidis,
2822 924 2878 972 et
2906 931 3229 986 corporeum
3265 915 3384 985 ejus
3432 930 3680 985 regnum,

2119 1018 2328 1059 necnon
2355 1019 2546 1060 eorum
2574 1020 2694 1074 qua:
2744 1005 2797 1059 in
2848 1008 3102 1075 passione
3146 1005 3367 1060 Christo
3394 1003 3488 1060 Dei
3537 1005 3684 1060 acci-

2119 1095 2337 1159 derunt,
2364 1097 2536 1152 latere.
2547 1096 2674 1151 sibi.
2707 1096 2831 1152 Haec
2852 1097 3018 1166 igitur
3040 1098 3226 1151 docuit
3248 1097 3314 1152 de
3334 1097 3682 1152 successione

2119 1185 2239 1256 ejus
2269 1195 2322 1241 et
2342 1201 2528 1256 regno,
2557 1200 2622 1240 ac
2643 1187 2711 1242 de
2736 1202 2803 1242 eo
2828 1187 2922 1258 qui
2949 1202 3016 1242 ex
3042 1187 3250 1242 semine
3293 1186 3461 1241 David
3504 1185 3684 1255 prodi-

2118 1285 2274 1334 turus
2302 1286 2421 1333 erat
2449 1278 2813 1348 exspectanda
2863 1295 3005 1335 esse.
3056 1278 3207 1333 Licet
3234 1279 3380 1333 enim
3428 1277 3681 1348 superius

2117 1371 2515 1441 quamplurima
2569 1370 2637 1425 de
2674 1370 2768 1424 illo
2808 1370 3047 1441 gloriosa
3101 1371 3246 1425 dicta
3280 1370 3502 1434 fuerint,
3533 1368 3677 1439 quod

2118 1462 2327 1517 scilicet
2345 1461 2664 1518 exaltandus
2680 1461 2773 1527 sit,
2787 1461 2933 1532 quod
2947 1462 3001 1516 in
3017 1476 3164 1515 mare
3179 1468 3233 1515 et
3252 1461 3305 1515 in
3321 1460 3541 1515 ﬂumina
3565 1474 3682 1512 ma.

2118 1571 2245 1609 num
2272 1563 2598 1610 extensurus
2647 1554 2751 1619 sit,
2804 1553 2951 1624 quod
2999 1553 3167 1608 Deum
3219 1554 3572 1607 invocaturus
3611 1552 3680 1605 sit

2126 1644 2357 1708 Patrem,
2387 1653 2442 1699 et
2473 1645 2658 1699 abillo
2692 1660 2911 1699 rursum
2958 1644 3358 1714 Primogenitus
3388 1642 3676 1698 declarano

2117 1737 2221 1791 dus
2252 1738 2344 1800 sit,
2372 1736 2719 1806 praestantior
2768 1735 2987 1790 futurus
3020 1735 3092 1791 sit
3130 1735 3385 1790 omnibus
3415 1734 3634 1804 regibus
3658 1772 3674 1796 ,

2116 1835 2498 1883 testamentum
2528 1827 2682 1883 ﬁdele
2711 1826 3000 1882 habiturus
3028 1827 3132 1891 sit,
3178 1833 3232 1882 et
3264 1841 3447 1881 semen
3488 1826 3541 1879 in
3575 1840 3677 1880 sae-

450 1914 626 1990 λάσσῃ
673 1919 767 1972 καὶ
813 1921 871 1972 ὲν
920 1922 1177 1991 ποταμοῖς
1222 1921 1320 1991 τήν
1373 1922 1529 1993 χεῖρα
1577 1920 1741 1975 αὐτοῦ
1786 1921 2006 1981 ἑκτενεῑ,

2113 1920 2294 1974 culum
2318 1920 2500 1976 saeculi
2532 1935 2879 1990 permanens,
2912 1920 3169 1975 thronum
3214 1918 3342 1973 item
3388 1917 3675 1972 durantem

447 2006 829 2062 ἑπικαλέσεταί
859 2025 919 2061 τε
949 2010 1041 2063 τὸν
1070 2008 1203 2063 Θεὸν
1252 2011 1497 2083 Πατέρα,
1546 2012 1641 2065 καὶ
1686 2010 1821 2082 πρὸς
1849 2011 2013 2065 αὑτοῦ

451 2097 609 2153 πάλιν
646 2099 993 2172 Πρωτότοκος
1033 2103 1523 2175 ἀναγορευθήσεται
1546 2142 1561 2168 ,
1597 2103 1749 2156 ἔσται
1789 2120 1848 2157 τε
1877 2101 2015 2158 ἀνώ-

448 2204 609 2255 τατος
655 2191 763 2245 τῶν
819 2192 1115 2263 βασιλέων,
1168 2195 1263 2248 καὶ
1312 2194 1576 2266 διαθήκην
1614 2195 1725 2259 ἱξει
1777 2195 2010 2266 πιστὴν

447 2281 541 2334 καὶ
571 2282 788 2354 σπέρμα
817 2281 1069 2356 διαμένον
1100 2286 1179 2348 εἰς
1204 2284 1294 2338 τὸν
1326 2287 1494 2339 αίῶνα
1522 2286 1616 2339 τοῦ
1649 2286 1873 2352 αἰῶνος,
1917 2285 2015 2339 καὶ

444 2373 636 2447 θρόνον
678 2374 997 2446 διαρκοῦντα
1045 2374 1187 2429 κατά
1223 2375 1323 2440 τάς
1364 2376 1575 2449 ήμὲρας
1621 2376 1715 2431 τοῦ
1758 2376 2009 2448 ούρανοῦ,

445 2466 542 2519 καὶ
590 2466 728 2520 κατά
775 2464 865 2519 τδν
912 2465 1061 2537 ήλιον
1106 2465 1201 2520 καὶ
1240 2466 1337 2539 τὴν
1381 2467 1606 2537 σελήνην
1632 2480 1649 2499 ’
1699 2466 1815 2521 ἀλλ’
1865 2467 2012 2537 ὅμως

444 2556 540 2610 καὶ
563 2556 688 2611 τάδε
712 2556 785 2611 τά
816 2556 1113 2629 σκυθρωπά
1141 2561 1270 2632 περὶ
1290 2560 1451 2612 αὑτὸν
1476 2559 1847 2631 συμϐήσεσθαι
1871 2573 2010 2629 προ-

444 2647 590 2717 λέγει
614 2688 631 2714 ,
686 2648 1014 2720 προφητεύει
1062 2668 1121 2704 τε
1166 2653 1260 2706 καὶ
1305 2650 1476 2705 ταῦτα
1523 2652 1617 2705 καὶ
1666 2650 2011 2722 προδιδάσκει

444 2738 758 2807 ἀναγκαίως
800 2737 860 2792 τὸ
899 2740 1040 2795 θεῖον
1068 2741 1289 2813 Πνεῦμα
1308 2782 1324 2808 ,
1352 2743 1418 2796 ἵν’
1442 2741 1497 2794 εί
1528 2756 1657 2797 ποτε
1695 2744 1807 2804 τοῖς
1831 2740 2011 2811 λόγοις

440 2830 708 2885 ἀκόλουθα
746 2833 1074 2906 ἀπαντήσειε
1108 2835 1176 2889 τά
1220 2834 1357 2906 ἔργα
1388 2834 1515 2907 περί
1555 2854 1615 2890 τε
1658 2835 1750 2889 τὸν
1778 2834 2010 2906 Χριστὸν

443 2921 536 2974 τοῦ
555 2922 710 2988 Θεοῦ,
737 2925 829 2978 καὶ
849 2926 979 2995 περὶ
1000 2926 1097 2994 τὴν
1122 2926 1213 2979 τοῦ
1238 2926 1397 2979 Δαυῒδ
1419 2926 1687 2998 διαδοχὴν,
1715 2928 1790 2999 μὴ
1816 2926 2009 2997 ταράτ-

441 3031 615 3068 τοιντο
635 3018 684 3068 οἱ
720 3018 884 3072 πάλαι
914 3017 1086 3072 ταῦτα
1116 3018 1209 3073 καὶ
1242 3022 1306 3073 ὲκ
1338 3018 1612 3091 προγόνων
1648 3019 1859 3090 μέλλειν
1887 3019 2007 3072 ἐσε-

443 3109 565 3164 σθαι
603 3112 1026 3184 παρειληφότες
1059 3109 1119 3166 εῦ
1150 3114 1350 3177 ειδότες
1377 3116 1458 3168 ὅτι
1487 3114 1659 3167 ταῦτα
1682 3113 2008 3187 γενήσεσθαι

438 3199 568 3270 περὶ
605 3202 766 3256 αὐτὸν
818 3200 1292 3274 προεφητεύσατο,
1338 3205 1408 3258 τά
1455 3221 1515 3257 τε
1561 3203 1861 3275 σκυθρωπά
1914 3201 2008 3256 παλ⁸

2114 2012 2256 2067 sicut
2297 2012 2414 2067 dies
2439 2013 2562 2068 (εωιί
2592 2020 2645 2068 et
2688 2013 2833 2068 sicut
2882 2013 3067 2067 lunam
3098 2026 3163 2065 ac
3204 2011 3409 2077 solem;
3436 2017 3675 2063 attamen

2114 2100 2229 2155 hazc
2251 2101 2426 2156 tristia
2448 2101 2553 2172 ipsi
2575 2111 2836 2156 eventura
2883 2117 3008 2157 esse
3040 2099 3366 2171 praenuntiat
3398 2116 3415 2154 :
3456 2098 3676 2167 haecque

2113 2192 2425 2248 necessario
2464 2192 2729 2262 praedicit,
2761 2207 2826 2246 ac
2849 2192 3044 2247 docere
3101 2191 3388 2246 antevertit
3438 2188 3676 2259 Spiritus

2112 2285 2364 2348 divinus;
2415 2292 2476 2339 ut
2508 2285 2555 2340 si
2589 2285 2808 2354 quando
2858 2283 3158 2339 secundum
3209 2297 3516 2338 sermonem
3554 2282 3675 2351 ejus

2113 2377 2228 2433 haec
2261 2378 2482 2432 Christo
2515 2386 2569 2433 et
2596 2377 2818 2433 Davidis
2849 2377 3186 2432 successioni
3220 2375 3552 2439 acciderint,
3608 2389 3676 2429 ne

2111 2470 2400 2524 turbentur
2430 2470 2490 2533 ii,
2516 2469 2613 2538 qui
2635 2469 2748 2539 jam
2778 2469 2909 2523 olim
2953 2477 3010 2523 et
3036 2482 3067 2522 a
3096 2467 3398 2538 majoribus
3426 2466 3541 2521 haec
3590 2465 3677 2519 fu-

2111 2570 2231 2615 tura
2277 2575 2399 2615 esse
2452 2560 2759 2614 didicerant
2788 2599 2805 2622 ,
2854 2559 3006 2629 gnari
3059 2558 3270 2614 scilicet
3308 2558 3362 2611 in
3393 2556 3672 2627 prophetia

2110 2649 2299 2704 istim
2351 2649 2532 2703 futura
2564 2649 2948 2718 praenuntiari,
3013 2648 3130 2703 sive
3168 2648 3373 2709 tristia,
3425 2647 3674 2720 sive‘mi—

2111 2742 2248 2797 liora
2274 2759 2289 2795 :
2324 2754 2448 2811 quae
2468 2756 2600 2796 sane
2628 2741 2771 2797 idem
2804 2755 2987 2797 sermo
3014 2740 3141 2797 licet
3164 2739 3462 2801 contraria,
3484 2737 3541 2794 in
3573 2752 3670 2794 eo-

2108 2831 2229 2886 dem
2259 2832 2377 2902 ipso
2398 2840 2658 2887 eventura
2696 2831 3046 2895 vaticinatur,
3071 2844 3297 2902 quaeque
3341 2829 3476 2899 ipsis
3503 2827 3675 2898 operi-

2109 2924 2211 2980 bus
2251 2924 2518 2993 completa
2562 2923 2891 2993 accepimus.
2942 2922 3075 2977 Nam
3123 2932 3362 2992 tempore
3402 2918 3673 2990 passionis

2110 3014 2417 3071 Servatoris
2438 3015 2613 3070 nostri
2643 3015 2819 3069 tristia
2866 3015 2957 3068 illa
2993 3015 3046 3067 in
3079 3015 3202 3082 ipso
3245 3021 3374 3068 sunt
3417 3010 3670 3080 impleta;

2109 3115 2297 3179 postea
2332 3122 2481 3173 vero,
2509 3107 2892 3176 praestantiora
2947 3106 3038 3160 illa
3070 3108 3339 3176 promissa
3383 3103 3441 3158 in
3478 3101 3669 3158 eodem

2107 3199 2364 3270 operibus
2400 3199 2535 3269 ipsis
2571 3198 2808 3269 perfecta
2841 3205 2989 3254 sunt.

440 3291 801 3363 χρηστότεραο
850 3289 931 3356 οἷς
975 3292 1106 3363 γοῦν
1161 3296 1255 3348 καὶ
1285 3293 1314 3346 ὀ
1349 3293 1510 3358 αὐτὸς
1540 3294 1696 3363 λόγος
1724 3295 1981 3348 τάναντία
2013 3292 2142 3362 περὶ
2170 3291 2267 3344 ἕνα
2296 3291 2393 3344 καὶ
2440 3289 2537 3344 τὸν
2584 3290 2746 3344 αὐτὸν
2780 3289 3000 3343 ἔσεσθαι
3052 3289 3330 3352 θεσπίζει,
3382 3287 3418 3341 ἃ
3463 3286 3528 3358 δὴ
3577 3283 3672 3339 καὶ

318 3398 323 3405 ’
436 3384 617 3454 ἔργοις
668 3385 845 3448 αὐτοῖς
886 3385 1321 3457 παρειλήφαμεν.
1373 3386 1528 3440 Κατὰ
1584 3387 1680 3458 μὲν
1709 3386 1815 3458 γὰρ
1856 3387 1949 3439 τὸν
1988 3384 2177 3456 χρόνον
2209 3381 2304 3436 τοῦ
2350 3382 2554 3445 πάθους
2594 3381 2689 3435 τοῦ
2754 3381 3006 3453 Σωτῆρος
3044 3380 3200 3450 ἡμῶν
3240 3377 3542 3449 ἐπληροῦτο
3591 3378 3672 3441 είς

434 3474 599 3528 αὑτὸν
634 3474 702 3529 τὰ
735 3477 1155 3550 σκυθρωπότερα
1172 3495 1186 3508 ·
1210 3477 1352 3532 κατά
1375 3478 1431 3532 δὲ
1453 3476 1543 3532 τὸν
1569 3477 1706 3550 μετά
1745 3475 1916 3533 ταῦτα
1937 3479 1991 3530 αἱ
2020 3474 2129 3529 τῶν
2156 3473 2478 3548 κρειττόνων
2504 3473 2826 3542 ἐπαγγελίαι
2854 3473 3036 3546 ἔργοις
3061 3472 3221 3525 πάλιν
3250 3472 3329 3535 είς
3348 3470 3509 3524 αὑτὸν
3556 3469 3671 3524 ἐτε-

433 3562 691 3622 λειοῦντο.

505 3679 589 3733 Τὰ
619 3680 715 3750 μὲν
732 3672 825 3733 οὖν
855 3681 984 3752 περὶ
1008 3681 1067 3734 τὸ
1095 3681 1263 3746 πάθος
1284 3682 1432 3754 αὐτῷ
1455 3683 1737 3754 συμϐάντα
1757 3682 1998 3754 ἀκριϐῶς

2167 3678 2298 3744 Qua:
2327 3676 2492 3744 igitur
2516 3675 2572 3727 in
2602 3673 2857 3743 passione
2881 3672 3003 3739 ejus
3043 3670 3382 3735 acciderunt,
3416 3679 3672 3727 accurate

437 3771 685 3844 ἐδηλοῦτο
707 3770 796 3825 διὰ
813 3772 927 3841 τοῖς
964 3772 1047 3826 Σὺ
1074 3772 1143 3825 δὲ
1172 3772 1409 3836 ἀπώσω,
1435 3774 1533 3827 καὶ
1566 3774 1999 3839 ἐξουδένωσας,

432 3862 730 3918 ἀνεϐάλου
778 3863 885 3917 τὸν
914 3862 1170 3931 Χριστόν
1207 3879 1342 3918 σου.
1391 3864 1530 3918 Ἀνθ’
1557 3858 1617 3918 οὗ
1639 3866 1668 3918 ὀ
1701 3864 1803 3934 μὲν
1844 3864 2003 3917 Ἀκύ-

436 3953 532 4018 λας
558 3954 742 4025 φησὶν,
785 3955 1261 4023 ’Υπερηθέτησας
1282 3953 1432 4024 μετὰ
1459 3955 1818 4025 ἠλειμμένου
1846 3970 1963 4008 σου
1981 3970 1995 3984 ⁸

430 4046 465 4097 τό
492 4046 550 4101 δὲ
575 4046 883 4118 Σύμμαχος,
923 4046 1259 4115 Ἐχολώθης
1283 4047 1433 4115 πρὸς
1455 4046 1562 4101 τὸν
1584 4047 1839 4115 Χριστόν
1858 4061 1994 4099 σου.

435 4136 748 4209 Τηνικαῦτα
786 4136 843 4190 δὲ
875 4136 967 4191 καὶ
997 4136 1067 4190 τά
1096 4132 1196 4207 τῆς
1228 4136 1502 4207 Διαθήκης
1538 4134 1702 4189 αὐτοῦ
1731 4136 1830 4207 τῆς
1861 4134 1999 4208 πρὸς

434 4229 560 4292 τοὺς
590 4226 913 4291 ἀποστόλους
941 4226 1310 4297 διεσκεδάσθη,
1338 4227 1427 4280 ὅτε
1450 4227 1545 4279 καὶ
1572 4227 1876 4297 ἠρνήσαντο
1902 4225 1999 4279 αύ-

433 4319 545 4385 τδν,
570 4320 665 4374 καὶ
690 4319 753 4373 τὸ
778 4320 1025 4391 ἀγίασμα
1049 4318 1235 4382 αὑτοῦ,
1273 4301 1517 4373 τουτέοῗτι
1543 4318 1603 4371 τὸ
1628 4316 1787 4387 σῶμα
1806 4318 1867 4369 τὸ
1888 4316 2000 4370 ἀπὸ

433 4411 532 4482 τῆς
567 4410 728 4479 ἁγίας
769 4409 1080 4482 Παρθένου,
1121 4412 1200 4472 είς
1220 4410 1321 4481 τὴν
1356 4410 1460 4480 γῆν
1489 4408 1830 4480 ὲὸεδηλώοη·
1864 4408 1998 4463 ἀλλά

432 4503 527 4556 καὶ⁹
574 4504 783 4566 πάντας
826 4503 952 4566 τοὺς
992 4503 1279 4575 φραγμοὺς
1323 4503 1485 4558 αὐτοῦ
1518 4502 1638 4556 τότε
1665 4503 1935 4574 περιεῖλεν
1969 4506 1999 4557 ό

428 4590 564 4654 Θεὸς
581 4608 595 4621 ο
628 4590 826 4662 δηλαδὴ
853 4591 979 4653 τοὺς
1001 4592 1483 4663 περιφράττοντας,
1509 4592 1696 4664 ὥσπερ
1725 4595 1818 4648 καὶ
1844 4594 1999 4667 δορυ-

432 4680 730 4752 φοροῦντας
762 4680 923 4735 αύτδν
951 4680 1046 4735 καὶ
1070 4682 1430 4753 περιέποντας
1460 4684 1755 4754 ἀγγέλουςο
1794 4686 1857 4739 οὐ
1889 4686 1997 4757 μὴν

426 4769 568 4823 ἀλλά
590 4770 684 4823 καὶ
705 4770 771 4823 τά
798 4769 1128 4841 ὀχυρώματα
1146 4769 1329 4824 αὐτοῦ.
1352 4767 1531 4828 Ἦσαν
1550 4773 1607 4827 δὲ
1628 4767 1772 4827 οὗτοι
1797 4775 1846 4825 οἱ
1872 4773 1999 4827 ἀπό-

428 4864 605 4916 στολοι
635 4864 728 4917 καὶ
754 4863 803 4917 οἱ
833 4861 1070 4934 μαθηταὶ
1099 4863 1286 4928 αὐτοῦ,
1317 4863 1366 4917 οἳ
1396 4865 1641 4934 ἐγένοντο
1666 4866 1749 4928 εἰς
1772 4863 1993 4930 δειλίαν,

424 4952 507 5016 ὡς
544 4955 637 5008 καὶ
670 4954 1005 5025 ἀρνήσασθαι
1036 4953 1197 5008 αὐτὸν
1234 4955 1329 5008 καὶ
1356 4956 1754 5021 καταλιπόντας
1779 4960 1988 5027 φυγεῖν.

430 5036 562 5097 Τότε
603 5045 661 5098 δὲ
691 5047 784 5098 καὶ
809 5045 1036 5117 ἐγενήθη
1068 5047 1148 5109 είς
1172 5039 1369 5109 ὄνειδός
1399 5050 1511 5111 τοῖς
1539 5050 1774 5117 γείτοσιν
1806 5049 1991 5114 αὐτοῦ,

428 5139 526 5190 ’καὶ
542 5137 728 5209 ὑψώθη
752 5137 947 5209 ήδεξιά
975 5139 1081 5191 τῶν
1110 5136 1397 5193 θλιϐόντων
1423 5141 1603 5196 αὐτόν’
1624 5141 1718 5195 καὶ
1738 5142 1806 5195 τὰ
1833 5142 1994 5196 λοιπὰ

422 5228 485 5282 δὲ
516 5229 691 5284 πάντα
712 5230 833 5283 τότε
852 5232 930 5293 είς
952 5229 1042 5283 τὸν
1064 5232 1130 5283 ὲκ
1157 5228 1469 5301 σπέρματος
1483 5232 1644 5286 Δαυῒδ
1669 5234 1806 5304 ὲπλη
1815 5232 1991 5304 ροῦτο.

431 5318 638 5389 Ἄλλως
662 5318 773 5390 γάρ
791 5317 895 5372 οῦκ
921 5319 985 5373 ἀν
1002 5336 1086 5382 τις
1120 5319 1230 5390 ἔχοι
1258 5319 1428 5374 ταῦτα
1443 5321 1528 5373 ἐπ’
1552 5322 1713 5375 αὐτὸν
1729 5322 1819 5376 τὸν
1836 5322 1995 5376 Δαυῒδ

423 5408 783 5481 ἐφαρμόζειν,
815 5410 922 5463 οὐδ’
955 5409 1212 5475 ἐπιδεῖξαι
1248 5413 1327 5475 εἰς
1354 5412 1560 5464 ἐκεῖνον
1589 5413 1994 5485 πεπληρωμένα

422 5503 491 5557 τά
513 5498 867 5574 προκείμενα,
886 5501 962 5566 ὡς
976 5502 1094 5555 οὐδὲ
1113 5503 1183 5558 τὰ
1212 5505 1508 5575 σεμνότερα
1535 5506 1630 5559 καὶ
1659 5508 2004 5579 χρηστότερα»

422 5591 770 5665 ὲμφερόμενα
790 5594 911 5656 ταῖς
926 5591 1019 5646 τοῦ
1038 5592 1172 5646 Θεοῦ
1198 5595 1564 5664 ἐπαγγελίαις.
1587 5597 1664 5649 Οὐ
1684 5596 1793 5668 γὰρ
1812 5597 1877 5671 δὴ
1898 5597 1992 5652 τοῦ

418 5683 583 5737 Δαυῒδ
601 5684 630 5736 ό
658 5684 843 5756 θρόνος
871 5680 1180 5755 κατηύγασε
1208 5686 1306 5756 τὴν
1332 5686 1622 5757 σύμπασαν
1644 5689 1989 5762 οἰκουμένην,

416 5771 574 5845 δίκην
593 5774 744 5846 ἡλίου
770 5775 1029 5845 φιιιτίσας,
1049 5775 1157 5830 οὐδ’
1172 5776 1296 5849 ὼςή
1319 5777 1511 5851 σελήνη
1535 5779 1763 5853 διαρκὴς
1776 5780 1988 5850 γέγονε,

426 5864 545 5918 οὐδὲ
554 5864 638 5932 εὶς
661 5865 750 5923 τὸν
762 5868 935 5932 αἰῶνα
955 5868 1047 5923 τοῦ
1065 5870 1263 5936 αἰῶνος
1278 5867 1606 5942 διεφυλάχθη
1627 5870 1895 5942 ·ούδ’ἐιει
1909 5872 1991 5926 λό-

2101 3766 2462 3835 praanuntiata
2511 3771 2641 3818 sunt
2682 3764 2771 3817 his
2814 3762 3038 3818 verbis:
3074 3759 3154 3813 Tu
3178 3777 3298 3815 vero
3341 3763 3582 3832 repulistt’
3616 3772 3670 3818 et

2098 3855 2402 3926 despexisti,
2435 3853 2673 3924 abjecitti
2695 3853 2967 3908 Christum
2990 3865 3158 3907 tuum.
3190 3854 3300 3908 Pro
3338 3869 3449 3924 quo
3474 3854 3667 3924 Aquila

2099 3948 2176 4001 ait
2207 3968 2221 4001 :
2253 3946 2523 4000 Distulisti
2550 3961 2669 4000 cum
2704 3954 2859 3999 uncto
2892 3954 3016 4007 tuo;
3046 3944 3408 4014 Symmachus
3435 3954 3614 4001 autem
3649 3964 3665 4003 :

2103 4037 2283 4092 Iratus
2334 4054 2387 4091 es
2434 4046 2621 4091 contra
2666 4036 2935 4091 Christum
2973 4044 3141 4088 tuum.
3174 4033 3329 4090 Tunc
3356 4051 3520 4106 porro
3547 4053 3667 4108 qua

2099 4132 2164 4187 ad
2195 4138 2575 4188 testamentum
2618 4128 2883 4200 apostolis
2915 4128 3100 4182 datum
3130 4128 3472 4197 spectabant,
3503 4130 3652 4185 dissi-

2097 4232 2222 4295 pata
2260 4231 2408 4286 sunt,
2437 4222 2658 4292 quando
2702 4221 2881 4291 ipsum
2934 4219 3292 4290 abnegarunt,
3321 4227 3377 4276 et
3407 4229 3663 4276 sanctua-

2098 4316 2239 4368 rium
2271 4313 2412 4383 ejus,
2448 4311 2499 4366 id
2544 4320 2631 4367 est
2674 4324 2877 4379 corpus
2925 4324 2990 4363 ex
3041 4316 3232 4364 sancta
3273 4309 3492 4381 Virgine
3516 4325 3665 4366 acce-

2097 4413 2269 4476 ptum,
2299 4405 2352 4458 in
2392 4411 2533 4457 terra
2566 4402 2911 4474 profanatum
2962 4409 3066 4456 est.
3111 4400 3222 4454 lmo
3268 4403 3429 4457 etiam
3474 4416 3664 4457 omnes

2097 4511 2253 4565 sepes
2280 4494 2402 4564 ejus
2434 4502 2570 4549 tunc
2601 4493 2829 4549 abstulit
2865 4494 3027 4559 Deus,
3052 4492 3303 4549 videlicet
3326 4492 3547 4563 angelos
3567 4503 3663 4547 su-

2097 4595 2288 4656 pantes
2319 4601 2465 4648 cum,
2501 4600 2565 4640 ac
2594 4584 2906 4640 satellitium
2936 4592 3156 4655 agentes
3185 4592 3239 4638 et
3270 4583 3658 4641 ministrantes.

2094 4676 2337 4748 Itemque
2389 4678 2723 4731 munimenta
2776 4675 2896 4746 ejus
2948 4675 3248 4732 ablata.Ea
3293 4684 3472 4731 autem
3504 4684 3661 4731 erant

2096 4773 2330 4842 apostoli
2380 4773 2501 4842 ejus
2544 4780 2602 4827 et
2648 4771 2922 4840 discipuli,
2948 4770 3040 4840 qui
3070 4776 3218 4822 tanta
3248 4768 3538 4824 formidine
3568 4782 3659 4822 re-

2096 4865 2224 4936 pleti
2267 4872 2415 4927 sunt.
2454 4872 2514 4919 ut
2545 4865 2878 4934 abnegarent
2914 4877 3062 4924 eum.
3093 4860 3318 4932 ipsoque
3352 4862 3543 4918 relicto
3573 4861 3661 4916 lu-

2094 4965 2302 5027 gerent.
2338 4955 2493 5011 Tunc
2526 4963 2704 5010 autem
2735 4953 2913 5008 factus
2946 4960 3031 5008 est
3059 4953 3115 5007 in
3142 4953 3492 5023 opprobrium
3527 4954 3662 5009 vici-

2095 5049 2183 5103 nis
2215 5047 2352 5113 suis,
2382 5055 2437 5102 et
2460 5048 2695 5102 exaltata
2723 5052 2808 5101 est
2835 5044 3055 5099 dextera
3086 5044 3460 5099 tribulantium
3489 5058 3614 5099 eum
3640 5062 3654 5098 :

2094 5153 2160 5192 ac
2193 5145 2392 5192 etetera
2421 5136 2605 5192 omnia
2639 5136 2692 5188 in
2717 5150 2804 5197 eo,
2833 5133 2929 5204 qui
2961 5147 3027 5188 ex
3054 5133 3263 5188 semine
3291 5132 3511 5188 Davidis
3542 5147 3662 5202 pro-

2092 5229 2290 5295 dierat,
2327 5236 2459 5284 tunc
2491 5229 2707 5299 impleta
2755 5234 2902 5283 sunt.
2932 5226 3082 5281 Alias
3122 5226 3267 5280 enim
3296 5240 3457 5280 nemo
3490 5226 3662 5294 possit

2093 5322 2283 5377 isthzc
2328 5322 2430 5392 ipsi
2483 5320 2674 5375 Davidi
2716 5327 2996 5389 coaptare.
3024 5328 3200 5386 neqtle
3226 5316 3514 5373 ostendere
3541 5316 3658 5372 haec

2093 5430 2216 5484 qua:
2242 5422 2541 5469 tractamus
2562 5412 2781 5482 impleta
2811 5412 2865 5466 in
2898 5411 3019 5481 ipso
3047 5426 3203 5476 esse;
3226 5417 3284 5463 ut
3314 5422 3491 5478 neque
3523 5424 3660 5478 pra:-

2092 5507 2357 5562 stantiora
2385 5514 2441 5560 et
2467 5505 2688 5559 mitiora
2716 5518 2836 5574 qua:
2865 5503 2920 5557 in
2951 5502 3237 5573 promissis
3266 5499 3361 5555 Dei
3389 5501 3658 5569 feruntur.
3690 5492 3695 5505 ’

2090 5597 2277 5668 Neque
2294 5598 2438 5652 enim
2457 5595 2677 5651 Davidis
2697 5595 2928 5651 thronus
2948 5595 3132 5649 radios
3153 5594 3327 5649 instar
3349 5594 3483 5649 solis
3504 5595 3663 5649 emil-

2086 5690 2256 5747 teudo
2287 5697 2460 5744 totum
2493 5687 2817 5743 illuminavit
2841 5688 3053 5754 orbem,
3080 5701 3257 5757 neque
3284 5694 3344 5739 ut
3381 5685 3509 5738 luna
3540 5699 3662 5756 per-

2088 5791 2284 5853 petuus
2317 5782 2438 5851 fuit,
2468 5796 2646 5852 neque
2697 5781 2752 5835 in
2802 5781 3059 5835 smculum
3092 5779 3273 5835 smeuli
3305 5785 3660 5833 conservatus

2087 5881 2187 5929 est.
2220 5871 2406 5941 Neque
2448 5873 2557 5928 ulla
2595 5874 2803 5929 ratione
2848 5880 3026 5940 potest
3053 5872 3145 5926 ille
3180 5868 3344 5925 David
3363 5867 3656 5935 .Primoge-
