4074 6392
432 387 572 443 “l5

1208 384 1482 444 EUSEBII
1519 381 1997 441 CESARIENSIS
2032 380 2183 437 ()PP.
2213 377 2394 435 PARS
2431 374 2522 432 ΙΙΙ.
2554 404 2625 417 —
2658 370 3068 427 EXEGETICA.

3530 371 3673 418 “ib

428 510 578 556 nitus
606 499 698 556 Dei
729 497 913 556 vécari
943 518 956 555 :
987 501 1423 573 quandoquidem
1451 510 1577 557 ante
1603 508 1658 557 et
1682 508 1805 571 post
1836 500 1987 554 illum

2092 513 2184 566 γον
2194 495 2284 551 τδν
2298 493 2458 549 Δαυτδ
2474 493 2677 547 ἐκεῖνον
2690 487 3038 561 Πρωτὼοκον
3053 500 3157 556 χρη
3165 482 3385 573 ματίσἮ
3407 477 3498 573 τοῦ
3508 478 3665 573 Θεοῦέ

429 593 667 649 sexcenti
691 592 784 646 illo
807 594 1213 662 praestantiores
1241 594 1410 649 fuere.
1445 592 1630 662 Neque
1657 593 1870 646 videtur
1902 588 1998 643 Da-

427 685 517 739 vid
546 685 825 740 dexteram
860 686 916 739 in
959 684 1204 750 ﬂumina,
1238 689 1518 742 sinistram
1549 686 1605 739 in
1635 699 1785 739 mare
1809 695 1998 738 exten-

427 772 596 837 disse,
627 788 803 844 neque
822 772 1134 830 dominatus
1162 782 1248 830 est
1290 789 1321 828 a
1362 774 1499 828 mari
1523 788 1697 843 usque
1721 772 1790 827 ad
1824 787 1996 838 mare,

427 879 604 934 neque
635 881 860 935 regnum
892 866 1151 930 obtinuit,
1188 866 1333 936 quod
1362 865 1692 936 pertingeret
1722 879 1897 934 usque
1929 864 1997 918 ad

426 955 691 1010 terminos
717 964 891 1011 terrae.
914 953 1098 1026 Neque
1119 956 1280 1009 etiam
1304 955 1414 1009 lilio
1436 954 1556 1023 ejus
1582 953 1858 1009 Salomoni
1883 952 1997 1007 haec

427 1046 677 1116 adaptari
723 1055 1003 1117 possunt:
1044 1062 1170 1101 nam
1219 1046 1311 1100 hic
1362 1046 1587 1115 perinde
1640 1052 1803 1115 atque
1841 1054 1998 1116 pater

425 1138 567 1207 ejus,
598 1153 709 1193 non
750 1139 888 1193 ultra
916 1138 1156 1194 Iudaeam
1187 1138 1495 1209 imperavit,
1530 1153 1709 1208 neque
1741 1144 1800 1192 ut
1843 1145 1998 1208 pater

424 1230 566 1299 ejus,
596 1230 719 1302 plus
747 1231 1107 1302 quadraginta
1139 1230 1298 1287 annis
1343 1230 1591 1301 regnavit
1623 1249 1636 1285 :
1670 1245 1845 1301 neque
1887 1229 1998 1285 cri-

426 1322 572 1377 mine
598 1337 826 1377 vacuam
857 1322 1022 1376 vitam
1049 1336 1306 1377 emensus
1333 1329 1437 1377 est.
1465 1321 1584 1375 Tali
1622 1335 1855 1392 namque
1884 1335 1997 1374 mo-

426 1411 497 1466 do
519 1426 578 1466 se
606 1411 796 1482 gessit,
826 1419 886 1478 ut
912 1417 1134 1482 propter
1157 1411 1408 1466 insanum
1434 1410 1721 1465 mulierum
1753 1424 1995 1465 amorem

424 1509 477 1556 et
507 1501 868 1557 idololatriam
905 1503 1046 1558 male
1074 1501 1329 1565 audierit,
1362 1516 1470 1571 qua
1515 1501 1583 1556 de
1631 1515 1797 1556 causa
1843 1499 1997 1555 Sata-

424 1603 550 1643 nam
576 1589 680 1660 ipsi
720 1590 1017 1646 suscitasse
1047 1590 1249 1645 dicitur
1273 1589 1646 1646 Deus.Verum
1674 1606 1848 1661 neque
1870 1598 1995 1661 post

426 1679 770 1736 Salomonem
805 1681 871 1736 ad
901 1682 1130 1737 alterum
1171 1697 1358 1752 regum
1387 1680 1697 1736 Iudaeorum
1725 1698 1789 1737 ex
1821 1681 1991 1738 semi-

423 1787 492 1827 ne
523 1779 577 1826 et
605 1773 957 1829 successione
995 1771 1164 1828 David
1198 1780 1427 1843 possunt
1463 1774 1856 1843 promissiones
1886 1774 1992 1830 illae

2100 589 2222 642 ἐπεὶ
2255 589 2347 641 καὶ
2385 586 2491 657 πρὸ
2531 581 2692 639 αὐτοῦ
2730 580 2907 653 μυρίοι
2940 577 3187 639 καλλίους
3216 570 3379 628 αὑτοῦ
3418 570 3512 624 καὶ
3550 572 3696 641 μετ’·

2098 681 2259 732 αὑτὸν
2283 678 2587 748 γεγόνασιν.
2639 674 2775 727 Ἀλλ’
2805 672 2924 727 οὐδὲ
2955 668 3201 741 φαίνεται
3222 665 3251 716 ό
3276 661 3437 717 Δαυῒδ
3460 659 3558 731 τὴν
3582 660 3667 712 δε-

2099 768 2216 834 ξιάν
2246 767 2340 821 ἐπὶ
2374 766 2648 836 ποταμοὺς
2688 762 2929 825 ἐκτείνας
2950 801 2965 825 ,
3011 758 3103 812 καὶ
3127 755 3224 829 τὴν
3251 751 3542 826 ἀριστερὰν
3573 751 3667 804 ἐπὶ

2097 858 2367 912 θάλασσαν
2390 897 2405 922 ,
2438 858 2557 910 οὐδὲ
2610 851 3044 925 κατακυριεύσας
3089 849 3196 903 άπὸ
3239 843 3515 914 θαλάσσης
3560 842 3664 906 ἕως

2097 948 2369 1019 θαλάσσης
2387 988 2401 1013 ,
2433 947 2553 1001 οὐδὲ
2581 945 2855 1018 βασιλείαν
2886 943 3226 1014 κτησάμενος
3252 938 3350 1011 τὴν
3384 953 3662 1008 παρεκτα-

2096 1040 2281 1095 θεῖσαν
2319 1040 2423 1104 ἓως
2448 1038 2554 1092 τῶν
2586 1037 2834 1108 περάτων
2855 1036 2955 1106 τῆς
2981 1032 3321 1103 οἰκουμένης.
3380 1026 3519 1081 Ἀλλ’
3553 1025 3661 1079 οὐδ’

2094 1133 2184 1186 ἐπὶ
2227 1133 2320 1186 τὸν
2359 1131 2416 1198 ἐξ
2461 1129 2622 1184 αὐτοῦ
2661 1129 2947 1199 γενόμενον
2976 1123 3258 1195 Σολομῶνα
3289 1118 3459 1174 ταῦτα
3487 1118 3658 1171 πάντα

2095 1222 2568 1295 ὲφαρμοσθήσεται
2588 1237 2601 1251 ο
2632 1221 2693 1274 οὐ
2718 1219 2877 1272 πλέον
2906 1218 3015 1290 γὰρ
3043 1217 3138 1287 τῆς
3175 1213 3429 1277 Ἰουδαίας
3451 1212 3559 1265 οὐδ’
3578 1206 3656 1265 οὗ·

2092 1333 2183 1380 τος
2227 1316 2506 1385 κρατήσας
2553 1312 2753 1384 ὁμοίως
2785 1309 2862 1380 τῷ
2903 1306 3091 1362 ἑαυτοῦ
3127 1306 3414 1376 ἱστορεῖται
3460 1301 3655 1372 πατρί·

2094 1406 2206 1459 ἀλλ’
2226 1406 2333 1458 οὐδ’
2352 1403 2593 1475 ὑπερϐάς
2615 1402 2804 1474 χρόνον
2821 1400 2954 1453 ἑτῶν
2978 1404 3039 1470 μ’
3054 1398 3152 1468 τῆς
3170 1393 3446 1466 βασιλείας
3464 1392 3662 1462 ὁμοίως

2092 1496 2171 1567 τῷ
2205 1494 2397 1549 ἑαυτοῦ
2434 1494 2628 1565 πατρί’
2662 1491 2774 1547 ἀλλ’
2802 1490 2923 1545 οὐδὲ
2951 1487 3312 1557 ἀνεπίληπτον
3351 1482 3462 1553 βίον
3488 1481 3663 1535 διατε-

2093 1587 2272 1650 λέσας,
2300 1584 2535 1639 Τοιαῦτα
2566 1583 2694 1654 γοῦν
2720 1578 2787 1654 ἦν
2820 1580 2888 1634 τὰ
2912 1579 3040 1651 περὶ
3067 1577 3227 1632 αὑτὸν
3248 1577 3324 1640 ὼς
3354 1576 3447 1629 καὶ
3478 1591 3663 1645 γυναι-

2094 1677 2358 1748 κομανίαν
2387 1678 2482 1730 καὶ
2512 1667 2947 1745 εἰδωλολατρείαν
2968 1667 3365 1732 διαϐάλλεσθαι,
3402 1658 3477 1719 ῶν
3499 1664 3663 1721 ἕνεκα

2094 1770 2187 1822 καὶ
2216 1768 2455 1821 Σατανᾶν
2489 1765 2635 1837 αύτῷ
2663 1763 2970 1835 ἐπιπέμψαι
3003 1761 3217 1830 λέγεται
3245 1762 3273 1813 ὁ
3298 1758 3447 1820 Θεός.
3522 1755 3660 1811 Ἀλλ’

422 1860 610 1917 referri
642 1879 658 1917 :
691 1862 789 1918 sed
815 1864 995 1918 omnia
1025 1864 1208 1927 simul,
1233 1865 1347 1920 sive
1375 1865 1612 1929 mitiora,
1649 1860 1765 1921 sive
1787 1866 1989 1932 tristia,

2092 1860 2197 1914 οὐδ’
2213 1861 2299 1928 ἐφ’
2313 1859 2499 1930 ἕτερον
2514 1858 2602 1911 τὸν
2622 1855 2758 1929 μετὰ
2774 1853 3060 1926 Σολομῶνα
3075 1851 3167 1907 τοῦ
3196 1849 3459 1905 Ἰουδαίων
3478 1848 3663 1911 ἔθνους

421 1954 478 2009 in
507 1969 618 2009 uno
646 1955 785 2021 solo,
832 1971 900 2012 ex
949 1958 1157 2014 semine
1187 1957 1357 2013 David
1379 1966 1520 2023 orto,
1555 1959 1647 2028 qui
1679 1958 1881 2014 dicitur
1903 1957 1995 2016 Je-

420 2062 517 2103 sus
563 2046 818 2105 Christus
867 2049 1119 2106 Salvator
1149 2057 1358 2110 noster.
1409 2052 1627 2120 impleta
1663 2049 1834 2106 fuisse
1861 2067 1996 2106 con-

419 2147 572 2196 stat:
605 2156 726 2211 qua:
779 2141 993 2197 scilicet
1039 2141 1260 2197 divinus
1295 2141 1534 2212 Spiritus
1585 2143 1990 2213 praenuntiavit,

417 2234 756 2303 praemittens
801 2233 1023 2304 quidem
1068 2233 1281 2289 divinas
1313 2234 1753 2304 pollicitationes,
1789 2235 1993 2291 docens

418 2329 602 2376 autem
632 2323 1058 2393 exspectandum
1084 2340 1230 2389 esse,
1262 2332 1324 2379 ut
1355 2325 1409 2379 in
1440 2340 1549 2380 uno
1578 2333 1634 2381 et
1662 2325 1851 2382 eodem
1881 2327 1996 2382 haec

418 2414 665 2470 tristiora
695 2415 1074 2487 contingerent
1103 2436 1117 2473 :
1155 2431 1279 2472 cum
1327 2419 1560 2474 maxime
1591 2418 1902 2475 sensibilem
1934 2419 1997 2474 il-

419 2505 531 2559 lum
562 2505 731 2561 totius
762 2522 829 2562 ex
875 2504 1077 2563 Davide
1112 2509 1482 2564 successionis
1533 2509 1790 2563 thronum
1836 2524 1995 2565 ever-

418 2595 640 2651 tendum
668 2611 792 2653 esse
824 2598 1179 2668 prospiceret.
1202 2596 1338 2652 Nam
1366 2613 1524 2670 reges
1554 2615 1618 2654 ex
1648 2600 1857 2654 semine
1887 2597 1993 2652 Da-

417 2688 559 2744 vidis
592 2689 701 2743 orti
733 2689 801 2744 ad
832 2705 1016 2769 usque.
1038 2690 1406 2760 captivitatem
1432 2691 1617 2762 populi
1641 2692 1694 2746 in
1719 2690 1992 2763 Babylone

417 2781 780 2850 perdurarunt
812 2801 827 2838 :
861 2798 1038 2853 neque
1071 2783 1169 2838 toti
1197 2781 1507 2839 Judaaorum
1551 2784 1720 2855 genti,
1752 2785 1847 2840 sed
1886 2783 1989 2838 tri-

415 2874 519 2929 bus
552 2873 726 2930 solum
757 2876 1009 2932 tribubus
1053 2891 1116 2931 ac
1144 2893 1211 2933 ne
1242 2877 1461 2948 quidem
1495 2876 1722 2948 integris
1757 2877 1992 2948 impera~

417 2965 548 3018 bant
580 2982 595 3020 :
637 2973 802 3036 atque
831 2973 1005 3021 totum
1038 2968 1249 3038 imperii
1284 2982 1473 3023 eorum
1506 2974 1720 3037 tempus
1750 2968 1817 3022 ad
1848 2983 1987 3037 qua-

416 3052 738 3123 dringentos
788 3056 1010 3111 circiter
1038 3071 1211 3113 annos
1241 3057 1417 3112 solum
1451 3056 1756 3127 pertingit-z
1790 3058 1990 3127 quibus

413 3148 620 3202 exactis
663 3146 925 3203 Jechonia
969 3163 1033 3203 ex
1081 3148 1432 3203 successione
1464 3145 1683 3202 Davidis
1708 3156 1989 3217 postremo

2094 1954 2158 2006 ὲκ
2180 1950 2490 2022 σπέρματος
2508 1951 2603 2004 καὶ
2626 1948 2874 2020 διαδοχῆς
2894 1945 3056 2001 Δαυῒδ
3079 1943 3506 2016 βασιλευσάντων
3532 1942 3662 2000 ἁνα-

2094 2042 2352 2114 φέρεσθαι
2388 2040 2609 2094 δύναται
2650 2040 2719 2094 τά
2757 2037 3173 2111 ἐπηγγελμένα·
3226 2034 3401 2088 πάντα
3432 2033 3489 2086 δὲ
3523 2029 3659 2103 ὁμοῦ

2093 2136 2188 2189 καὶ
2215 2134 2353 2188 κατὰ
2393 2134 2453 2187 τὸ
2479 2134 2609 2187 αὐτὸ
2630 2134 2699 2186 τά
2727 2149 2785 2185 τε
2819 2130 3156 2203 χρηστότερα
3186 2128 3278 2182 καὶ
3314 2126 3382 2179 τὰ
3415 2123 3662 2196 σκυθρω-

2093 2226 2172 2281 πά
2200 2228 2279 2289 είς
2303 2224 2399 2279 ’ἕνα
2436 2226 2594 2296 μόνον
2627 2225 2718 2278 τὸν
2749 2225 2813 2277 ὲκ
2850 2223 3159 2293 σπέρματος
3187 2219 3345 2274 Δαυῒδ
3371 2219 3660 2290 λεγόμενον

2104 2314 2309 2387 Ἰησοῦν
2358 2314 2586 2387 Χριστὸν
2641 2315 2731 2368 τὸν
2775 2313 3042 2386 ἡμέτερον
3071 2313 3300 2383 Σωτῆρα
3348 2312 3661 2366 συνίσταται

2092 2404 2526 2477 πεπληρωμένα’
2554 2404 2590 2459 ἃ
2613 2404 2677 2477 δὴ
2710 2404 2802 2459 καὶ
2830 2403 3125 2476 προείληφε
3150 2402 3209 2456 τὸ
3245 2403 3384 2456 θεῖον
3410 2402 3656 2473 Πνεῦμα,

2092 2493 2364 2566 προτάξειν
2415 2494 2513 2564 μὲν
2543 2495 2640 2557 τὰς
2672 2493 2885 2556 ἐνθέους
2936 2490 3269 2561 ἐπαγγελίας
3293 2531 3307 2556 ,
3357 2491 3576 2558 διδάξαν
3605 2491 3663 2545 δὲ

2091 2586 2285 2657 χρῆναι
2319 2583 2620 2657 προσδοκᾷν
2650 2587 2775 2655 περί
2814 2584 2910 2637 ἕνα
2941 2585 3034 2637 καὶ
3067 2583 3159 2636 τὸν
3188 2583 3349 2637 αὑτὸν
3381 2582 3660 2656 συμᾶησε-

2093 2676 2216 2731 σθαι
2243 2676 2312 2730 τὰ
2354 2676 2777 2748 σκυθρωπότερα
2797 2692 2811 2706 ⁸
2844 2676 3076 2747 μάλιστα
3104 2675 3193 2729 ὅτε
3231 2676 3324 2730 καὶ
3353 2670 3533 2745 πάσης
3561 2674 3663 2744 τῆς

2089 2768 2183 2823 τοῦ
2211 2767 2372 2822 Δαυῒδ
2401 2768 2679 2840 διαδοχῆς,
2708 2768 2796 2822 τὸν
2831 2768 3084 2839 αἰσθητὸν
3110 2769 3209 2838 τῆς
3241 2766 3513 2838 βασιλείας
3540 2766 3665 2836 θρό-

2091 2878 2177 2917 νον
2197 2860 2702 2932 καταλυθησόμενον
2728 2860 2940 2932 θεωρεῖ.
2968 2859 3149 2930 Μέχρι
3174 2859 3302 2927 γοῦν
3331 2858 3432 2929 τῆς
3457 2860 3534 2921 εἰς
3559 2857 3664 2910 Βα-

2091 2953 2303 3007 ϐυλῶνα
2337 2954 2707 3025 αἰχμαλωσίας
2730 2953 2822 3007 τοῦ
2856 2952 2985 3006 λαοῦ
3012 2953 3305 3024 διήρκεσαν
3329 2953 3377 3004 οἱ
3405 2954 3469 3004 ὲκ
3495 2949 3667 3021 σπέρ-

2093 3062 2260 3116 ματος
2291 3044 2451 3098 Δαυῖδ
2477 3044 2917 3115 βεδασιλευκότες
2935 3061 2949 3075 ·
2985 3045 3078 3098 καὶ
3106 3045 3225 3099 οὐδὲ
3258 3044 3378 3098 ὅλου
3405 3043 3499 3097 τοῦ
3534 3044 3665 3097 Ἰου-

2089 3135 2251 3190 δαίων
2270 3136 2454 3200 ἔθνους
2477 3137 2889 3207 βασιλεύσαντες
2908 3136 3043 3190 ἀλλὰ
3069 3138 3243 3207 μόνων
3264 3136 3431 3207 τριῶν
3452 3136 3660 3205 φυλῶν,

414 3243 697 3304 regnante,
734 3237 917 3291 nullus
940 3237 1080 3291 alius
1101 3235 1410 3290 Iudaeorum
1441 3252 1535 3290 rex
1559 3252 1622 3292 ex
1655 3239 1864 3293 semine
1882 3237 1991 3298 Da-

2093 3227 2186 3277 καὶ
2229 3226 2349 3280 οὐδὲ
2387 3227 2591 3280 τούτων
2637 3228 2772 3280 ὅλων
2794 3244 2807 3259 °
2858 3226 2994 3280 ἀλλὰ
3038 3230 3131 3280 καὶ
3162 3228 3381 3297 σύμπας
3411 3230 3439 3280 ό
3469 3230 3664 3299 χρόνος

416 3319 505 3375 vid
540 3328 903 3386 memoratur;
938 3320 1011 3373 ita
1045 3326 1104 3373 ut
1138 3320 1239 3372 hoc
1275 3320 1400 3373 item
1433 3318 1595 3373 modo
1632 3320 1852 3389 impleta
1880 3322 1992 3378 sint

416 3411 607 3465 isthmc
625 3410 793 3464 divini
811 3409 1052 3479 Spiritus
1075 3410 1318 3471 oracula,
1338 3409 1540 3478 quibus
1564 3408 1766 3463 dicitur
1789 3430 1803 3465 :
1832 3410 1991 3465 Nunc

415 3509 590 3554 autem
607 3500 850 3570 repulisti
870 3510 919 3554 et
943 3499 1249 3569 despexisti,
1269 3499 1511 3569 abjecisti
1528 3497 1798 3555 Christum
1822 3512 1987 3558 tuum.

418 3590 665 3646 Evertisti
702 3599 1067 3645 testamentum
1115 3591 1253 3645 servi
1287 3591 1382 3656 tui,
1415 3590 1718 3660 profanasti
1761 3593 1817 3647 in
1851 3605 1993 3649 terra

416 3680 782 3734 sanctuarium
815 3680 951 3750 ejus,
981 3691 1035 3737 et
1063 3690 1279 3743 caetera.

2086 3317 2185 3386 τῆς
2215 3317 2414 3370 τούτων
2444 3319 2616 3390 ἀρχῆς
2638 3318 2777 3388 ἀμφὶ
2802 3318 2872 3370 τὰ
2898 3316 3221 3387 τετρακόσια
3250 3318 3344 3387 ἔτη
3378 3317 3513 3386 μόνα
3538 3333 3664 3369 συν-

2087 3408 2284 3473 τείνει,
2324 3408 2440 3478 μεθ’
2465 3408 2519 3473 ἃ,
2560 3409 2808 3479 Ἰεχονίου
2840 3407 3069 3463 ὑστάτου
3101 3408 3199 3478 τῆς
3232 3407 3324 3468 τοῦ
3358 3406 3517 3459 Δαυῒδ
3544 3406 3663 3460 δια-

2088 3498 2249 3569 δοχῆς
2298 3500 2588 3571 γενομένου
2611 3540 2625 3564 ,
2676 3499 2952 3572 οὐδέτερος
2987 3498 3238 3570 βασιλεὺς
3289 3498 3554 3551 Ἰουδαίων
3597 3498 3664 3549 ὲκ

2091 3593 2405 3664 σπέρματος
2427 3594 2589 3649 Δαυῒδ
2620 3592 2860 3663 γεγονὼς
2893 3593 3286 3666 μνημονεύεται
3305 3609 3320 3624 θ
3345 3593 3420 3655 ὡς
3450 3591 3543 3644 καὶ
3566 3608 3665 3644 κα-

2089 3684 2158 3738 τὰ
2196 3684 2382 3739 τοῦτον
2425 3685 2516 3738 τὸν
2556 3686 2754 3757 τρόπον
2799 3686 3189 3758 πεπληρῶσθαι
3230 3686 3297 3739 τὰ
3331 3685 3665 3757 προκείμενα

414 3773 510 3827 τοῦ
540 3772 685 3827 θείου
721 3774 1041 3846 Πνεύματος
1073 3777 1252 3846 λόγια,
1288 3778 1357 3832 δι’
1403 3772 1478 3833 ὧν
1540 3780 1782 3851 εἴρηται·
1816 3779 1968 3833 Νυνὶ
1996 3777 2065 3831 δὲ
2101 3778 2322 3834 ἀπώσω
2355 3781 2453 3835 καὶ
2481 3780 2913 3847 ἐξουδένωσας,
2950 3777 3049 3833 καὶ
3085 3778 3380 3832 ἀνεόάηιου
3408 3775 3513 3828 τόν
3536 3776 3666 3841 Χρι-

416 3865 566 3918 στόν
615 3879 754 3920 σου.
815 3870 1238 3940 Κατέστρεψας
1277 3869 1392 3938 τὴν
1445 3870 1741 3941 διαθήκην
1792 3870 1899 3925 τοῦ
1952 3870 2177 3927 δούλου
2216 3888 2367 3939 σου,
2425 3873 2805 3942 ὲόεὸήλωσας
2835 3874 2936 3944 ,εὶς
2972 3870 3088 3940 τὴν
3119 3867 3236 3940 γῆν
3275 3868 3342 3922 τὸ
3400 3868 3667 3937 ἁγιασμα

410 3955 602 4012 αὐτοῦ
615 3972 632 3988 ο
665 3959 760 4013 καὶ
780 3959 850 4013 τὰ
871 3959 1078 4025 τούτοις
1099 3962 1488 4033 ἐπιφερόμενα.

360 4146 371 4163 .
485 4070 689 4128 Deinde
733 4072 862 4144 quia
913 4071 1010 4129 Dei
1063 4074 1129 4159 ad
1170 4074 1427 4133 Davidem
1466 4077 1858 4148 promissiones
1886 4079 1985 4133 bo-

414 4180 543 4220 nam
577 4172 633 4221 et
656 4165 932 4237 ingentem
960 4164 1180 4224 Davidis
1205 4169 1399 4224 semini
1422 4185 1571 4239 spem
1601 4171 1981 4238 ascribebant;

413 4264 468 4311 et
513 4263 693 4312 tamen
728 4273 849 4328 quae
879 4259 1216 4316 successiOni
1244 4260 1364 4329 ejus
1393 4261 1726 4324 acciderant,
1761 4265 1985 4316 omnino

413 4345 689 4400 contraria
729 4345 1089 4413 videbantur;
1131 4363 1257 4402 nam
1290 4349 1520 4405 thronus
1550 4350 1704 4420 regni
1736 4350 1856 4419 ejus
1884 4350 1987 4404 hu-

2160 4072 2268 4130 Εἷτ’
2293 4075 2589 4146 ἐπειδήπερ
2603 4072 2673 4127 τὰ
2697 4074 2793 4144 μὲν
2814 4072 2922 4126 τῶν
2947 4072 3040 4126 τοῦ
3067 4070 3201 4125 Θεοῦ
3226 4071 3361 4144 πρὸς
3386 4071 3478 4125 τὸν
3505 4073 3666 4128 Δαυτδ

2089 4167 2427 4237 ἐπαγγελιῶν
2483 4165 2692 4235 ἀγαθάς
2744 4182 2897 4228 τινας
2928 4165 3021 4218 καὶ
3074 4162 3314 4235 μεγάλας
3346 4162 3563 4229 ἐλπίδας
3587 4164 3665 4236 τῷ

2093 4261 2369 4330 σπέρματι
2403 4258 2565 4312 Δαυῖδ
2598 4257 2910 4328 ῦπέγραφε,
2939 4255 3007 4308 τά
3036 4255 3093 4309 δὲ
3131 4254 3257 4324 περὶ
3288 4255 3387 4325 τὴν
3415 4253 3663 4326 διαδοχὴν

2093 4350 2257 4405 αὐτοῦ
2293 4348 2675 4421 συμϐεϐηκότα
2709 4347 2967 4401 τάναντία
3000 4346 3175 4399 πάντα
3202 4348 3505 4416 περιεῖχεν,
3541 4345 3568 4398 ὃ
3605 4363 3665 4398 τε

413 4452 578 4493 niano
602 4452 753 4493 more
784 4437 987 4507 sumpti
1021 4452 1051 4490 a
1081 4445 1324 4509 tempore
1337 4440 1614 4496 Jechoniae
1633 4443 1846 4497 solutus
1867 4457 1989 4496 ces-

2092 4441 2278 4513 θρόνος
2320 4442 2419 4512 τῆς
2455 4441 2595 4495 κατὰ
2632 4438 2914 4511 ἄνθρωπον
2953 4436 3227 4507 βασιλείας
3265 4436 3429 4489 αὑτοῦ
3477 4435 3669 4490 λέλυτο

414 4536 629 4583 saverat
660 4547 674 4584 :
702 4528 818 4583 haec
840 4529 1177 4599 prospiciens
1200 4532 1438 4602 Spiritus
1468 4534 1845 4603 propheticus,
1862 4534 1987 4603 jure

413 4619 483 4675 ad
514 4621 755 4677 veritatis
786 4636 1100 4677 sermonum
1129 4622 1225 4678 Dei
1256 4624 1698 4694 perquisitionem
1725 4640 1826 4681 nos
1845 4625 1986 4680 invi-

413 4715 515 4772 tat,
548 4725 756 4781 nosque
791 4711 1029 4768 instituit
1063 4720 1122 4768 ut
1154 4713 1209 4768 id
1243 4730 1273 4768 a
1301 4713 1411 4771 Deo
1453 4730 1764 4786 quaeramus
1791 4726 1845 4771 et
1870 4716 1987 4772 edi-

413 4815 653 4867 scamus,
690 4804 1035 4861 sciscitantes
1066 4806 1243 4877 ipsum
1289 4821 1353 4862 ac
1399 4806 1642 4863 dicentes
1673 4826 1686 4862 :
1725 4806 1826 4862 Ubi
1861 4818 1986 4863 sunt

415 4893 791 4949 misericordia:
816 4905 920 4951 tum
945 4899 1198 4967 antiqua,
1227 4898 1471 4964 Domine,
1493 4915 1625 4970 quas
1645 4899 1846 4969 jurastt'
1876 4899 1990 4954 Da-

413 4983 538 5038 vid?
585 4984 721 5040 Nam
770 4987 922 5058 regni
961 4989 1084 5058 ejus
1131 4989 1408 5045 sensibilis
1454 4998 1507 5044 et
1537 4988 1796 5060 {humano
1839 5006 1989 5046 more

411 5075 614 5147 sumpti
662 5079 944 5135 successio
978 5080 1178 5147 soluta,
1219 5088 1273 5137 et
1320 5095 1351 5135 a
1400 5083 1560 5152 longo
1598 5081 1710 5152 jam
1744 5090 1990 5152 tempore

413 5169 625 5224 sublata
682 5169 880 5239 fuerat,
915 5188 1039 5228 cum
1088 5189 1155 5229 ex
1206 5175 1413 5229 semine
1460 5174 1580 5244 ejus
1626 5181 1782 5230 ortus
1831 5172 1990 5231 Jesus

413 5260 687 5327 Christus,
720 5264 814 5334 qui
844 5258 1272 5335 promissionum
1304 5264 1491 5320 Davidi
1522 5265 1790 5321 factarum
1814 5265 1988 5321 haeres

413 5351 632 5411 futurus
681 5357 1122 5426 exspectabatur,
1170 5373 1278 5413 non
1308 5357 1567 5413 sensibile
1596 5372 1772 5427 neque
1796 5357 1989 5411 huma-

414 5459 546 5497 num
598 5461 826 5516 regnum
881 5449 1165 5519 possedit;
1201 5450 1295 5506 sed
1344 5465 1572 5521 prorsus
1619 5449 1895 5504 contraria
1922 5449 1990 5503 iis

417 5548 539 5602 quae
567 5535 818 5595 homines
845 5541 1234 5611 exspectabant
1278 5556 1474 5611 passus
1525 5552 1631 5605 est,
1661 5541 1728 5596 ad
1759 5548 1989 5596 mortem

420 5639 596 5693 usque
620 5641 965 5697 progressus,
986 5631 1276 5701 omniaque
1289 5647 1607 5702 perpessus,
1628 5646 1748 5701 quae
1773 5631 1992 5688 divinus

423 5712 670 5787 Spiritus
714 5722 1069 5791 prmscientia:
1098 5723 1296 5779 virtute
1333 5715 1746 5795 praenuntiant.
1781 5722 1899 5790 Qua
1927 5725 1994 5781 de

2090 4532 2434 4603 πεπαυμένος
2462 4532 2569 4585 ἀπὸ
2595 4530 2701 4584 τῶν
2743 4530 2988 4600 Ἰεχονίου
3018 4530 3225 4601 χρόνων
3245 4547 3257 4559 ·
3292 4530 3514 4595 εἰκότως
3538 4528 3666 4584 ταῦ-

2088 4641 2155 4677 τα
2185 4623 2569 4695 προθεωρῆσαν
2595 4621 2656 4675 τὸ
2686 4622 3019 4691 προφητικὸν
3048 4619 3290 4692 Πνεῦμα,
3317 4622 3407 4674 ἐπὶ
3436 4620 3665 4693 ζήτησιν

2088 4716 2236 4785 ἡμᾶς
2264 4714 2522 4786 παρορμᾷ
2542 4714 2640 4784 τῆς
2663 4712 2771 4766 τῶν
2791 4712 2962 4775 λόγων
2986 4712 3080 4766 τοῦ
3108 4711 3241 4766 Θεοῦ
3265 4713 3541 4784 ἀληθείας,
3571 4713 3667 4765 καὶ

2093 4807 2220 4876 παρ’
2248 4804 2419 4867 αὐτοῦ
2448 4804 2543 4857 τοῦ
2589 4802 2724 4857 Θεοῦ
2763 4804 2943 4875 ζητεῖν
2970 4805 3064 4858 καὶ
3099 4803 3386 4874 μανθάνειν
3422 4803 3663 4857 διδάσκει

2089 4893 2406 4965 ἐρωτῶντας
2428 4894 2590 4948 αὐτὸν
2619 4894 2713 4947 καί⁵
2752 4893 3036 4962 λέγοντας·
3089 4894 3213 4948 Ποῦ
3237 4894 3384 4961 ,ἐστι
3408 4893 3481 4946 τὰ
3520 4892 3677 4960 mea.

2089 5002 2205 5038 σου
2233 4983 2307 5038 τὰ
2336 4983 2553 5054 ἀρχαῖα
2574 5024 2589 5049 ,
2638 4984 2813 5054 Κύριε
2832 5025 2847 5051 ,
2881 4983 2919 5038 ἂ
2951 4984 3190 5055 ὤμοσας
3224 4983 3304 5051 τῷ
3335 4984 3515 5040 Δαυΐδ
3532 5000 3550 5048 ;
3586 4985 3660 5038 Ἥ

2088 5091 2147 5127 τε
2196 5073 2305 5149 γάρ
2340 5077 2437 5145 τῆς
2465 5074 2736 5144 βασιλείας
2774 5074 2937 5129 αὑτοῦ
2967 5076 3065 5147 τῆς
3103 5076 3365 5147 αἰσθητῆς
3393 5077 3486 5129 καὶ
3519 5075 3662 5130 κατὰ

2090 5166 2372 5238 ἄνθρωπον
2402 5167 2617 5239 διαδοχὴ
2639 5167 2846 5231 λέλυτο,
2879 5168 2942 5220 ὲκ
2976 5165 3187 5237 μακροῦ
3226 5166 3605 5238 καθῃρημένη,
3630 5165 3660 5220 ὃ

2090 5278 2148 5315 τε
2182 5264 2246 5315 ὲκ
2276 5262 2587 5331 σπέρματος
2617 5259 2778 5313 αὑτοῦ
2820 5260 3057 5329 γεγονὼς
3103 5259 3306 5331 Ἰησοῦς
3346 5263 3373 5313 ὁ
3398 5260 3656 5330 Χιριστὸς,

2093 5354 2472 5426 προσδοκηθεὶς
2497 5352 2656 5416 αὐτὸς
2683 5348 2819 5406 εἶναι
2850 5354 2878 5405 ὁ
2896 5352 3004 5404 τῶν
3032 5350 3167 5422 πρὸς
3195 5350 3283 5403 τὸν
3306 5350 3463 5405 Δαυῖδ
3491 5352 3661 5420 ἐπαγ-

2092 5442 2286 5511 γελιῶν
2326 5443 2675 5515 κληρονόμος,
2712 5440 2971 5511 αἰσθητὴν
2995 5440 3094 5511 μὲν
3118 5439 3217 5492 οὐκ
3241 5440 3527 5509 ἐκτήσατο,
3549 5436 3658 5491 οὐδ’

2093 5534 2435 5606 ἀνθρωπίνην
2462 5532 2738 5603 βασιλείαν
2757 5550 2770 5563 ·
2792 5532 3045 5585 τάναντία
3074 5531 3132 5584 δὲ
3167 5531 3343 5584 πάντα
3381 5530 3474 5584 καὶ
3500 5527 3661 5590 αὐτὸς

2093 5623 2174 5692 οἷς
2202 5627 2603 5697 προσεδόκησαν
2624 5623 2897 5695 ἄνθρωποι
2919 5624 3172 5689 πέπονθε,
3207 5625 3366 5694 μέχρι
3391 5623 3483 5676 καὶ⁵
3509 5620 3663 5675 θανά-

2092 5739 2186 5777 του
2212 5726 2449 5792 etiam,
2476 5719 2567 5775 καὶ
2593 5719 2766 5776 πάντα
2795 5718 3107 5795 ὑπομείνας,
3144 5717 3178 5773 ἃ.
3198 5718 3261 5790 δὴ
3285 5717 3662 5791 πῳγνωστικῇ
