  <div class='ocr_page' id='page_1' title='image "/cluster/home/n/w/nwhite01/storage/ocr_20150623/23:no.5/coo.31924054873033/574.png"; bbox 0 0 4074 6446; ppageno 0'>
   <div class='ocr_carea' id='block_1_1' title="bbox 449 463 588 522">
    <p class='ocr_par' dir='ltr' id='par_1_1' title="bbox 449 463 588 522">
     <span class='ocr_line' id='line_1_1' title="bbox 449 463 588 522; baseline -0.022 0"><span class='ocrx_word' id='word_1_1' title='bbox 449 463 588 522; x_wconf 72' lang='grc' dir='ltr'>ΙΪΠ</span> 
     </span>
    </p>
   </div>
   <div class='ocr_carea' id='block_1_2' title="bbox 1573 449 2564 509">
    <p class='ocr_par' dir='ltr' id='par_1_2' title="bbox 1573 449 2564 509">
     <span class='ocr_line' id='line_1_2' title="bbox 1573 449 2564 509; baseline -0.001 0"><span class='ocrx_word' id='word_1_2' title='bbox 1573 449 2073 509; x_wconf 71' lang='lat' dir='ltr'><strong>COMMENTAle</strong></span> <span class='ocrx_word' id='word_1_3' title='bbox 2106 451 2174 507; x_wconf 77' lang='lat' dir='ltr'><strong>1N</strong></span> <span class='ocrx_word' id='word_1_4' title='bbox 2226 451 2564 509; x_wconf 78' lang='lat' dir='ltr'>PSALMOS.</span> 
     </span>
    </p>
   </div>
   <div class='ocr_carea' id='block_1_3' title="bbox 3553 457 3691 514">
    <p class='ocr_par' dir='ltr' id='par_1_3' title="bbox 3553 457 3691 514">
     <span class='ocr_line' id='line_1_3' title="bbox 3553 457 3691 514; baseline 0.022 -3"><span class='ocrx_word' id='word_1_5' title='bbox 3553 457 3691 514; x_wconf 82' lang='lat' dir='ltr'>ms</span> 
     </span>
    </p>
   </div>
   <div class='ocr_carea' id='block_1_4' title="bbox 445 565 1991 656">
    <p class='ocr_par' dir='ltr' id='par_1_4' title="bbox 445 565 1991 656">
     <span class='ocr_line' id='line_1_4' title="bbox 445 565 1991 656; baseline -0.012 -14"><span class='ocrx_word' id='word_1_6' title='bbox 445 589 474 642; x_wconf 81' lang='grc' dir='ltr'><strong>δ</strong></span> <span class='ocrx_word' id='word_1_7' title='bbox 487 583 669 656; x_wconf 79' lang='grc' dir='ltr'>›νάμει</span> <span class='ocrx_word' id='word_1_8' title='bbox 689 582 752 636; x_wconf 77' lang='grc' dir='ltr'>τὸ</span> <span class='ocrx_word' id='word_1_9' title='bbox 771 581 910 634; x_wconf 85' lang='grc' dir='ltr'>θεῖον</span> <span class='ocrx_word' id='word_1_10' title='bbox 930 574 1298 646; x_wconf 75' lang='grc' dir='ltr'>ἀνεφθέγξατο</span> <span class='ocrx_word' id='word_1_11' title='bbox 1314 572 1555 643; x_wconf 79' lang='grc' dir='ltr'>Πνεῦμα.</span> <span class='ocrx_word' id='word_1_12' title='bbox 1582 565 1681 623; x_wconf 80' lang='grc' dir='ltr'>Ὧν</span> <span class='ocrx_word' id='word_1_13' title='bbox 1698 570 1857 624; x_wconf 72' lang='grc' dir='ltr'>ἕνεκα</span> <span class='ocrx_word' id='word_1_14' title='bbox 1877 571 1991 624; x_wconf 82' lang='grc' dir='ltr'>είκό</span> 
     </span>
    </p>
   </div>
   <div class='ocr_carea' id='block_1_5' title="bbox 2088 565 3691 656">
    <p class='ocr_par' dir='ltr' id='par_1_5' title="bbox 2088 569 3691 642">
     <span class='ocr_line' id='line_1_5' title="bbox 2088 569 3691 642; baseline -0.001 -12"><span class='ocrx_word' id='word_1_15' title='bbox 2088 623 2091 630; x_wconf 89' lang='grc'>.</span> <span class='ocrx_word' id='word_1_16' title='bbox 2119 586 2282 626; x_wconf 85' lang='lat' dir='ltr'><strong><em>causa</em></strong></span> <span class='ocrx_word' id='word_1_17' title='bbox 2307 571 2432 642; x_wconf 85' lang='lat' dir='ltr'>jure</span> <span class='ocrx_word' id='word_1_18' title='bbox 2453 569 2879 641; x_wconf 85' lang='lat' dir='ltr'><strong><em>percontandum</em></strong></span> <span class='ocrx_word' id='word_1_19' title='bbox 2905 580 2960 626; x_wconf 87' lang='lat' dir='ltr'>et</span> <span class='ocrx_word' id='word_1_20' title='bbox 2985 571 3426 642; x_wconf 75' lang='lat' dir='ltr'>interrogandum</span> <span class='ocrx_word' id='word_1_21' title='bbox 3448 588 3572 628; x_wconf 86' lang='lat' dir='ltr'><strong><em>esse</em></strong></span> <span class='ocrx_word' id='word_1_22' title='bbox 3599 574 3691 628; x_wconf 92' lang='lat' dir='ltr'>do-</span> 
     </span>
    </p>
   </div>
   <div class='ocr_carea' id='block_1_6' title="bbox 446 659 1991 745">
    <p class='ocr_par' dir='ltr' id='par_1_6' title="bbox 446 659 1991 745">
     <span class='ocr_line' id='line_1_6' title="bbox 446 659 1991 745; baseline -0.014 -12"><span class='ocrx_word' id='word_1_23' title='bbox 446 695 553 741; x_wconf 74' lang='grc' dir='ltr'>ἰως</span> <span class='ocrx_word' id='word_1_24' title='bbox 569 672 842 745; x_wconf 82' lang='grc' dir='ltr'>ἀνερωτᾷν</span> <span class='ocrx_word' id='word_1_25' title='bbox 858 669 949 723; x_wconf 76' lang='grc' dir='ltr'>καὶ</span> <span class='ocrx_word' id='word_1_26' title='bbox 969 664 1326 720; x_wconf 86' lang='grc' dir='ltr'>πυνθάνεσθαι</span> <span class='ocrx_word' id='word_1_27' title='bbox 1340 663 1579 716; x_wconf 80' lang='grc' dir='ltr'>διδάσκει</span> <span class='ocrx_word' id='word_1_28' title='bbox 1592 659 1846 728; x_wconf 87' lang='grc' dir='ltr'>λέγοντας</span> <span class='ocrx_word' id='word_1_29' title='bbox 1861 676 1875 689; x_wconf 70' lang='grc'><strong>⁸</strong></span> <span class='ocrx_word' id='word_1_30' title='bbox 1889 660 1991 713; x_wconf 74' lang='grc' dir='ltr'>Ποί</span> 
     </span>
    </p>
   </div>
   <div class='ocr_carea' id='block_1_7' title="bbox 2088 659 3685 745">
    <p class='ocr_par' dir='ltr' id='par_1_7' title="bbox 2117 660 3685 735">
     <span class='ocr_line' id='line_1_7' title="bbox 2117 660 3685 735; baseline 0.003 -18"><span class='ocrx_word' id='word_1_31' title='bbox 2117 671 2204 717; x_wconf 92' lang='lat' dir='ltr'>cet</span> <span class='ocrx_word' id='word_1_32' title='bbox 2234 662 2319 716; x_wconf 88' lang='lat' dir='ltr'>bis</span> <span class='ocrx_word' id='word_1_33' title='bbox 2350 663 2531 718; x_wconf 81' lang='lat' dir='ltr'>verbis</span> <span class='ocrx_word' id='word_1_34' title='bbox 2561 680 2576 718; x_wconf 91' lang='lat'><strong>:</strong></span> <span class='ocrx_word' id='word_1_35' title='bbox 2615 660 2716 715; x_wconf 85' lang='lat' dir='ltr'>Ubi</span> <span class='ocrx_word' id='word_1_36' title='bbox 2744 673 2866 717; x_wconf 72' lang='lat' dir='ltr'><strong><em>sunt</em></strong></span> <span class='ocrx_word' id='word_1_37' title='bbox 2897 663 3273 719; x_wconf 76' lang='lat' dir='ltr'><strong><em>misericordia:</em></strong></span> <span class='ocrx_word' id='word_1_38' title='bbox 3305 672 3408 718; x_wconf 80' lang='lat' dir='ltr'><strong><em>tua:</em></strong></span> <span class='ocrx_word' id='word_1_39' title='bbox 3430 667 3685 735; x_wconf 68' lang='lat' dir='ltr'><strong><em>antiquae,</em></strong></span> 
     </span>
    </p>
   </div>
   <div class='ocr_carea' id='block_1_8' title="bbox 443 749 2012 831">
    <p class='ocr_par' dir='ltr' id='par_1_8' title="bbox 443 749 2012 831">
     <span class='ocr_line' id='line_1_8' title="bbox 443 749 2012 831; baseline -0.012 -9"><span class='ocrx_word' id='word_1_40' title='bbox 443 772 575 822; x_wconf 63' lang='grc' dir='ltr'>ἐστι</span> <span class='ocrx_word' id='word_1_41' title='bbox 599 766 669 819; x_wconf 83' lang='grc' dir='ltr'>τὰ</span> <span class='ocrx_word' id='word_1_42' title='bbox 695 763 834 831; x_wconf 79' lang='grc' dir='ltr'>ἐλέη</span> <span class='ocrx_word' id='word_1_43' title='bbox 869 776 986 813; x_wconf 87' lang='grc' dir='ltr'>σου</span> <span class='ocrx_word' id='word_1_44' title='bbox 1020 759 1091 812; x_wconf 84' lang='grc' dir='ltr'>τὰ</span> <span class='ocrx_word' id='word_1_45' title='bbox 1122 755 1338 826; x_wconf 81' lang='grc' dir='ltr'>ἀρχαῖα</span> <span class='ocrx_word' id='word_1_46' title='bbox 1359 795 1374 818; x_wconf 94' lang='grc'>,</span> <span class='ocrx_word' id='word_1_47' title='bbox 1408 755 1583 822; x_wconf 83' lang='grc' dir='ltr'>Κύριε</span> <span class='ocrx_word' id='word_1_48' title='bbox 1601 793 1615 818; x_wconf 96' lang='grc'>,</span> <span class='ocrx_word' id='word_1_49' title='bbox 1649 752 1742 805; x_wconf 74' lang='grc' dir='ltr'>καὶ</span> <span class='ocrx_word' id='word_1_50' title='bbox 1770 751 1839 805; x_wconf 80' lang='grc' dir='ltr'>τὰ</span> <span class='ocrx_word' id='word_1_51' title='bbox 1864 749 2012 823; x_wconf 78' lang='grc' dir='ltr'>ἑξῆς.</span> 
     </span>
    </p>
   </div>
   <div class='ocr_carea' id='block_1_9' title="bbox 445 841 2015 923">
    <p class='ocr_par' dir='ltr' id='par_1_9' title="bbox 445 841 2015 923">
     <span class='ocr_line' id='line_1_9' title="bbox 445 841 2015 923; baseline -0.013 -8"><span class='ocrx_word' id='word_1_52' title='bbox 445 859 576 915; x_wconf 85' lang='grc' dir='ltr'>Μεθ’</span> <span class='ocrx_word' id='word_1_53' title='bbox 601 858 635 912; x_wconf 77' lang='grc' dir='ltr'>ἃ</span> <span class='ocrx_word' id='word_1_54' title='bbox 652 855 918 923; x_wconf 76' lang='grc' dir='ltr'>ἐπιλέγειο</span> <span class='ocrx_word' id='word_1_55' title='bbox 938 853 1091 916; x_wconf 82' lang='grc' dir='ltr'>Ἕως</span> <span class='ocrx_word' id='word_1_56' title='bbox 1112 850 1278 912; x_wconf 80' lang='grc' dir='ltr'>πότε,</span> <span class='ocrx_word' id='word_1_57' title='bbox 1297 847 1494 913; x_wconf 81' lang='grc' dir='ltr'>Κύριε,</span> <span class='ocrx_word' id='word_1_58' title='bbox 1512 841 1912 912; x_wconf 69' lang='grc' dir='ltr'>ἀποστρέψεις</span> <span class='ocrx_word' id='word_1_59' title='bbox 1928 845 2015 908; x_wconf 74' lang='grc' dir='ltr'>εἰς</span> 
     </span>
    </p>
   </div>
   <div class='ocr_carea' id='block_1_10' title="bbox 444 935 2015 1016">
    <p class='ocr_par' dir='ltr' id='par_1_10' title="bbox 444 935 2015 1016">
     <span class='ocr_line' id='line_1_10' title="bbox 444 935 2015 1016; baseline -0.011 -11"><span class='ocrx_word' id='word_1_60' title='bbox 444 952 638 1016; x_wconf 75' lang='grc' dir='ltr'>τέλος,</span> <span class='ocrx_word' id='word_1_61' title='bbox 655 944 1086 1011; x_wconf 79' lang='grc' dir='ltr'>ἐκκαυθήσεται</span> <span class='ocrx_word' id='word_1_62' title='bbox 1100 943 1180 1008; x_wconf 89' lang='grc' dir='ltr'>ὡς</span> <span class='ocrx_word' id='word_1_63' title='bbox 1201 940 1321 1009; x_wconf 77' lang='grc' dir='ltr'>πῦρ</span> <span class='ocrx_word' id='word_1_64' title='bbox 1339 941 1377 1008; x_wconf 78' lang='grc' dir='ltr'><em>ἠ</em></span> <span class='ocrx_word' id='word_1_65' title='bbox 1400 936 1542 1008; x_wconf 82' lang='grc' dir='ltr'>ὀργή</span> <span class='ocrx_word' id='word_1_66' title='bbox 1567 951 1684 991; x_wconf 82' lang='grc' dir='ltr'>σου</span> <span class='ocrx_word' id='word_1_67' title='bbox 1697 952 1719 1009; x_wconf 66' lang='lat' dir='ltr'><strong><em>,j</em></strong></span> <span class='ocrx_word' id='word_1_68' title='bbox 1742 935 2015 1005; x_wconf 76' lang='grc' dir='ltr'>Μνήσθη-</span> 
     </span>
    </p>
   </div>
   <div class='ocr_carea' id='block_1_11' title="bbox 443 1028 2013 1110">
    <p class='ocr_par' dir='ltr' id='par_1_11' title="bbox 443 1028 2013 1110">
     <span class='ocr_line' id='line_1_11' title="bbox 443 1028 2013 1110; baseline -0.008 -15"><span class='ocrx_word' id='word_1_69' title='bbox 443 1061 494 1096; x_wconf 85' lang='grc' dir='ltr'>τι</span> <span class='ocrx_word' id='word_1_70' title='bbox 519 1042 608 1107; x_wconf 82' lang='grc' dir='ltr'>τίς</span> <span class='ocrx_word' id='word_1_71' title='bbox 633 1057 752 1110; x_wconf 84' lang='grc' dir='ltr'>μου</span> <span class='ocrx_word' id='word_1_72' title='bbox 783 1038 821 1105; x_wconf 77' lang='grc' dir='ltr'><strong><em>ἠ</em></strong></span> <span class='ocrx_word' id='word_1_73' title='bbox 846 1037 1210 1099; x_wconf 76' lang='grc' dir='ltr'>ὑπόστασιςο</span> <span class='ocrx_word' id='word_1_74' title='bbox 1236 1031 1320 1101; x_wconf 81' lang='grc' dir='ltr'>μὴ</span> <span class='ocrx_word' id='word_1_75' title='bbox 1344 1030 1454 1100; x_wconf 74' lang='grc' dir='ltr'>γὰρ</span> <span class='ocrx_word' id='word_1_76' title='bbox 1481 1031 1743 1099; x_wconf 82' lang='grc' dir='ltr'>ματαίως</span> <span class='ocrx_word' id='word_1_77' title='bbox 1767 1028 2013 1093; x_wconf 76' lang='grc' dir='ltr'>ἔκτισας</span> 
     </span>
    </p>
   </div>
   <div class='ocr_carea' id='block_1_12' title="bbox 440 1120 2081 1198">
    <p class='ocr_par' dir='ltr' id='par_1_12' title="bbox 440 1120 2081 1198">
     <span class='ocr_line' id='line_1_12' title="bbox 440 1120 2081 1198; baseline -0.008 -11"><span class='ocrx_word' id='word_1_78' title='bbox 440 1132 668 1198; x_wconf 76' lang='grc' dir='ltr'>πάντας</span> <span class='ocrx_word' id='word_1_79' title='bbox 699 1130 839 1195; x_wconf 83' lang='grc' dir='ltr'>τοὺς</span> <span class='ocrx_word' id='word_1_80' title='bbox 867 1127 1036 1193; x_wconf 77' lang='grc' dir='ltr'>υἱοὺς</span> <span class='ocrx_word' id='word_1_81' title='bbox 1064 1124 1182 1179; x_wconf 85' lang='grc' dir='ltr'>τῶν</span> <span class='ocrx_word' id='word_1_82' title='bbox 1222 1121 1575 1192; x_wconf 77' lang='grc' dir='ltr'>ἀνθρώπων;</span> <span class='ocrx_word' id='word_1_83' title='bbox 1600 1122 1694 1188; x_wconf 87' lang='grc' dir='ltr'>Τίς</span> <span class='ocrx_word' id='word_1_84' title='bbox 1718 1122 1887 1175; x_wconf 82' lang='grc' dir='ltr'>ἐστιν</span> <span class='ocrx_word' id='word_1_85' title='bbox 1908 1120 2011 1175; x_wconf 78' lang='grc' dir='ltr'>ἄν·</span> <span class='ocrx_word' id='word_1_86' title='bbox 2078 1194 2081 1197; x_wconf 6' lang='grc' dir='ltr'>ἱ</span> 
     </span>
    </p>
   </div>
   <div class='ocr_carea' id='block_1_13' title="bbox 439 1213 2011 1293">
    <p class='ocr_par' dir='ltr' id='par_1_13' title="bbox 439 1213 2011 1293">
     <span class='ocr_line' id='line_1_13' title="bbox 439 1213 2011 1293; baseline -0.007 -15"><span class='ocrx_word' id='word_1_87' title='bbox 439 1229 668 1293; x_wconf 82' lang='grc' dir='ltr'>θρωπος</span> <span class='ocrx_word' id='word_1_88' title='bbox 689 1222 756 1288; x_wconf 83' lang='grc' dir='ltr'>ὃς</span> <span class='ocrx_word' id='word_1_89' title='bbox 774 1220 1030 1287; x_wconf 70' lang='grc' dir='ltr'>ζήσεται,</span> <span class='ocrx_word' id='word_1_90' title='bbox 1056 1218 1151 1271; x_wconf 81' lang='grc' dir='ltr'>καὶ</span> <span class='ocrx_word' id='word_1_91' title='bbox 1175 1218 1284 1270; x_wconf 71' lang='grc' dir='ltr'>οὺιι</span> <span class='ocrx_word' id='word_1_92' title='bbox 1308 1216 1512 1283; x_wconf 69' lang='grc' dir='ltr'>ὄψεται</span> <span class='ocrx_word' id='word_1_93' title='bbox 1535 1213 1810 1277; x_wconf 77' lang='grc' dir='ltr'>θάνατον,</span> <span class='ocrx_word' id='word_1_94' title='bbox 1828 1215 2011 1281; x_wconf 76' lang='grc' dir='ltr'>ῥύσε-</span> 
     </span>
    </p>
   </div>
   <div class='ocr_carea' id='block_1_14' title="bbox 438 1305 2006 1383">
    <p class='ocr_par' dir='ltr' id='par_1_14' title="bbox 438 1305 2006 1383">
     <span class='ocr_line' id='line_1_14' title="bbox 438 1305 2006 1383; baseline -0.008 -14"><span class='ocrx_word' id='word_1_95' title='bbox 438 1332 530 1369; x_wconf 86' lang='grc' dir='ltr'>ται</span> <span class='ocrx_word' id='word_1_96' title='bbox 548 1314 663 1383; x_wconf 83' lang='grc' dir='ltr'>τὴν</span> <span class='ocrx_word' id='word_1_97' title='bbox 691 1313 903 1381; x_wconf 71' lang='grc' dir='ltr'>ψυχὴν</span> <span class='ocrx_word' id='word_1_98' title='bbox 923 1309 1108 1365; x_wconf 82' lang='grc' dir='ltr'>αὐτοῦ</span> <span class='ocrx_word' id='word_1_99' title='bbox 1141 1309 1209 1361; x_wconf 80' lang='grc' dir='ltr'>ὲκ</span> <span class='ocrx_word' id='word_1_100' title='bbox 1233 1306 1426 1375; x_wconf 81' lang='grc' dir='ltr'>χειρός</span> <span class='ocrx_word' id='word_1_101' title='bbox 1456 1306 1638 1373; x_wconf 80' lang='grc' dir='ltr'>ᾷδου;</span> <span class='ocrx_word' id='word_1_102' title='bbox 1670 1305 2006 1373; x_wconf 74' lang='grc' dir='ltr'>Διάψαλμα.</span> 
     </span>
    </p>
   </div>
   <div class='ocr_carea' id='block_1_15' title="bbox 451 1397 2008 1471">
    <p class='ocr_par' dir='ltr' id='par_1_15' title="bbox 451 1397 2008 1471">
     <span class='ocr_line' id='line_1_15' title="bbox 451 1397 2008 1471; baseline -0.008 -11"><span class='ocrx_word' id='word_1_103' title='bbox 451 1407 595 1460; x_wconf 64' lang='grc' dir='ltr'>Ἀντί</span> <span class='ocrx_word' id='word_1_104' title='bbox 622 1406 738 1469; x_wconf 81' lang='grc' dir='ltr'>τοῦ,</span> <span class='ocrx_word' id='word_1_105' title='bbox 759 1402 1181 1471; x_wconf 65' lang='grc' dir='ltr'>ἀποστρέψεις,</span> <span class='ocrx_word' id='word_1_106' title='bbox 1209 1402 1237 1453; x_wconf 86' lang='grc' dir='ltr'>ὁ</span> <span class='ocrx_word' id='word_1_107' title='bbox 1261 1400 1359 1470; x_wconf 83' lang='grc' dir='ltr'>μὲν</span> <span class='ocrx_word' id='word_1_108' title='bbox 1394 1397 1622 1461; x_wconf 80' lang='grc' dir='ltr'>Ἀκύλας</span> <span class='ocrx_word' id='word_1_109' title='bbox 1645 1397 1828 1467; x_wconf 80' lang='grc' dir='ltr'>φησὶν,</span> <span class='ocrx_word' id='word_1_110' title='bbox 1855 1398 2008 1461; x_wconf 82' lang='grc' dir='ltr'>Ἕως</span> 
     </span>
    </p>
   </div>
   <div class='ocr_carea' id='block_1_16' title="bbox 366 1489 2003 1565">
    <p class='ocr_par' dir='ltr' id='par_1_16' title="bbox 366 1489 2003 1565">
     <span class='ocr_line' id='line_1_16' title="bbox 366 1489 2003 1565; baseline -0.007 -14"><span class='ocrx_word' id='word_1_111' title='bbox 366 1502 369 1507; x_wconf 81' lang='grc'><em>’</em></span> <span class='ocrx_word' id='word_1_112' title='bbox 437 1499 599 1563; x_wconf 64' lang='grc' dir='ltr'>πότε,</span> <span class='ocrx_word' id='word_1_113' title='bbox 617 1498 809 1565; x_wconf 84' lang='grc' dir='ltr'>Κύριε,</span> <span class='ocrx_word' id='word_1_114' title='bbox 827 1493 1219 1563; x_wconf 72' lang='grc' dir='ltr'>ἀποκρυὸήσῃ</span> <span class='ocrx_word' id='word_1_115' title='bbox 1242 1495 1328 1558; x_wconf 85' lang='grc' dir='ltr'>είς</span> <span class='ocrx_word' id='word_1_116' title='bbox 1342 1490 1562 1556; x_wconf 55' lang='grc' dir='ltr'>νεῖκος</span> <span class='ocrx_word' id='word_1_117' title='bbox 1579 1492 1607 1542; x_wconf 88' lang='grc' dir='ltr'>ό</span> <span class='ocrx_word' id='word_1_118' title='bbox 1624 1490 1678 1542; x_wconf 83' lang='grc' dir='ltr'>δὲ</span> <span class='ocrx_word' id='word_1_119' title='bbox 1694 1489 2003 1559; x_wconf 78' lang='grc' dir='ltr'>Σύμμαχος,</span> 
     </span>
    </p>
   </div>
   <div class='ocr_carea' id='block_1_17' title="bbox 438 1580 2068 1655">
    <p class='ocr_par' dir='ltr' id='par_1_17' title="bbox 438 1580 2068 1655">
     <span class='ocr_line' id='line_1_17' title="bbox 438 1580 2068 1655; baseline -0.007 -15"><span class='ocrx_word' id='word_1_120' title='bbox 438 1592 582 1654; x_wconf 78' lang='grc' dir='ltr'>Ἕως</span> <span class='ocrx_word' id='word_1_121' title='bbox 602 1589 782 1654; x_wconf 82' lang='grc' dir='ltr'>τίνος,</span> <span class='ocrx_word' id='word_1_122' title='bbox 802 1589 996 1655; x_wconf 73' lang='grc' dir='ltr'>Κύριε,</span> <span class='ocrx_word' id='word_1_123' title='bbox 1025 1580 1416 1652; x_wconf 70' lang='grc' dir='ltr'>ἀποκρυϐήσῃ</span> <span class='ocrx_word' id='word_1_124' title='bbox 1439 1585 1525 1648; x_wconf 78' lang='grc' dir='ltr'>εἰς</span> <span class='ocrx_word' id='word_1_125' title='bbox 1548 1581 1753 1647; x_wconf 80' lang='grc' dir='ltr'>τέλος;</span> <span class='ocrx_word' id='word_1_126' title='bbox 1778 1581 1885 1634; x_wconf 84' lang='grc' dir='ltr'>Καί</span> <span class='ocrx_word' id='word_1_127' title='bbox 1917 1597 2006 1651; x_wconf 87' lang='grc' dir='ltr'>μοι</span> <span class='ocrx_word' id='word_1_128' title='bbox 2062 1621 2068 1629; x_wconf 93' lang='grc'>.</span> 
     </span>
    </p>
   </div>
   <div class='ocr_carea' id='block_1_18' title="bbox 434 1674 2001 1751">
    <p class='ocr_par' dir='ltr' id='par_1_18' title="bbox 434 1674 2001 1751">
     <span class='ocr_line' id='line_1_18' title="bbox 434 1674 2001 1751; baseline -0.006 -18"><span class='ocrx_word' id='word_1_129' title='bbox 434 1682 580 1734; x_wconf 79' lang='grc' dir='ltr'>δοκεῖ</span> <span class='ocrx_word' id='word_1_130' title='bbox 603 1682 631 1734; x_wconf 97' lang='lat'>6</span> <span class='ocrx_word' id='word_1_131' title='bbox 651 1680 805 1749; x_wconf 81' lang='grc' dir='ltr'>λόγος</span> <span class='ocrx_word' id='word_1_132' title='bbox 828 1680 889 1732; x_wconf 73' lang='grc' dir='ltr'>τὸ</span> <span class='ocrx_word' id='word_1_133' title='bbox 919 1680 1227 1751; x_wconf 75' lang='grc' dir='ltr'>ἀπόρρητον</span> <span class='ocrx_word' id='word_1_134' title='bbox 1262 1678 1359 1747; x_wconf 78' lang='grc' dir='ltr'>τῆς</span> <span class='ocrx_word' id='word_1_135' title='bbox 1385 1674 1715 1743; x_wconf 73' lang='grc' dir='ltr'>ἐπελθούσης</span> <span class='ocrx_word' id='word_1_136' title='bbox 1743 1675 1910 1745; x_wconf 83' lang='grc' dir='ltr'>ὀργῆς</span> <span class='ocrx_word' id='word_1_137' title='bbox 1938 1676 2001 1746; x_wconf 83' lang='grc' dir='ltr'>τῇ</span> 
     </span>
    </p>
   </div>
   <div class='ocr_carea' id='block_1_19' title="bbox 436 1767 2004 1844">
    <p class='ocr_par' dir='ltr' id='par_1_19' title="bbox 436 1767 2004 1844">
     <span class='ocr_line' id='line_1_19' title="bbox 436 1767 2004 1844; baseline -0.004 -19"><span class='ocrx_word' id='word_1_138' title='bbox 436 1772 867 1844; x_wconf 78' lang='grc' dir='ltr'>σωματικωτέρᾳ</span> <span class='ocrx_word' id='word_1_139' title='bbox 885 1772 1129 1843; x_wconf 69' lang='grc' dir='ltr'>βασιλείᾳ</span> <span class='ocrx_word' id='word_1_140' title='bbox 1144 1770 1322 1833; x_wconf 81' lang='grc' dir='ltr'>Δαυῒδ,</span> <span class='ocrx_word' id='word_1_141' title='bbox 1347 1771 1438 1823; x_wconf 78' lang='grc' dir='ltr'>καὶ</span> <span class='ocrx_word' id='word_1_142' title='bbox 1462 1768 1621 1822; x_wconf 69' lang='grc' dir='ltr'>παντὶ</span> <span class='ocrx_word' id='word_1_143' title='bbox 1636 1768 1713 1837; x_wconf 81' lang='grc' dir='ltr'>τῷ</span> <span class='ocrx_word' id='word_1_144' title='bbox 1741 1767 2004 1820; x_wconf 79' lang='grc' dir='ltr'>Ἰουδαίων</span> 
     </span>
    </p>
   </div>
   <div class='ocr_carea' id='block_1_20' title="bbox 431 1861 2003 1931">
    <p class='ocr_par' dir='ltr' id='par_1_20' title="bbox 431 1861 2003 1931">
     <span class='ocr_line' id='line_1_20' title="bbox 431 1861 2003 1931; baseline -0.003 -15"><span class='ocrx_word' id='word_1_145' title='bbox 431 1864 573 1917; x_wconf 74' lang='grc' dir='ltr'>ἔθνει</span> <span class='ocrx_word' id='word_1_146' title='bbox 617 1865 966 1918; x_wconf 74' lang='grc' dir='ltr'>αἰνίττεσθαι.</span> <span class='ocrx_word' id='word_1_147' title='bbox 1026 1865 1308 1917; x_wconf 78' lang='grc' dir='ltr'>Ἐναντίων</span> <span class='ocrx_word' id='word_1_148' title='bbox 1352 1861 1481 1931; x_wconf 80' lang='grc' dir='ltr'>γοῦν</span> <span class='ocrx_word' id='word_1_149' title='bbox 1525 1861 1842 1915; x_wconf 75' lang='grc' dir='ltr'>ἀποϐάντων</span> <span class='ocrx_word' id='word_1_150' title='bbox 1883 1862 2003 1922; x_wconf 85' lang='grc' dir='ltr'>ταῖς</span> 
     </span>
    </p>
   </div>
   <div class='ocr_carea' id='block_1_21' title="bbox 432 1950 2005 2026">
    <p class='ocr_par' dir='ltr' id='par_1_21' title="bbox 432 1950 2005 2026">
     <span class='ocr_line' id='line_1_21' title="bbox 432 1950 2005 2026; baseline -0.003 -18"><span class='ocrx_word' id='word_1_151' title='bbox 432 1956 804 2024; x_wconf 81' lang='grc' dir='ltr'>ἐπαγγελίαις,</span> <span class='ocrx_word' id='word_1_152' title='bbox 833 1957 955 2009; x_wconf 84' lang='grc' dir='ltr'>ὅσον</span> <span class='ocrx_word' id='word_1_153' title='bbox 983 1956 1075 2009; x_wconf 69' lang='grc' dir='ltr'>ἐπὶ</span> <span class='ocrx_word' id='word_1_154' title='bbox 1101 1958 1166 2026; x_wconf 84' lang='grc' dir='ltr'>τῇ</span> <span class='ocrx_word' id='word_1_155' title='bbox 1194 1953 1468 2026; x_wconf 79' lang='grc' dir='ltr'>προχείρῳ</span> <span class='ocrx_word' id='word_1_156' title='bbox 1503 1953 1814 2024; x_wconf 82' lang='grc' dir='ltr'>προσδοκίᾳ,</span> <span class='ocrx_word' id='word_1_157' title='bbox 1847 1954 1875 2004; x_wconf 88' lang='grc' dir='ltr'>ό</span> <span class='ocrx_word' id='word_1_158' title='bbox 1906 1950 2005 2015; x_wconf 84' lang='grc' dir='ltr'>τὰς</span> 
     </span>
    </p>
   </div>
   <div class='ocr_carea' id='block_1_22' title="bbox 430 2042 2003 2118">
    <p class='ocr_par' dir='ltr' id='par_1_22' title="bbox 430 2042 2003 2118">
     <span class='ocr_line' id='line_1_22' title="bbox 430 2042 2003 2118; baseline -0.004 -18"><span class='ocrx_word' id='word_1_159' title='bbox 430 2047 638 2116; x_wconf 73' lang='grc' dir='ltr'>ἀγαθὰς</span> <span class='ocrx_word' id='word_1_160' title='bbox 690 2048 1020 2117; x_wconf 76' lang='grc' dir='ltr'>ἐπαγγελίας</span> <span class='ocrx_word' id='word_1_161' title='bbox 1078 2046 1217 2118; x_wconf 78' lang='grc' dir='ltr'>πρὸς</span> <span class='ocrx_word' id='word_1_162' title='bbox 1275 2047 1365 2099; x_wconf 87' lang='grc' dir='ltr'>τὸν</span> <span class='ocrx_word' id='word_1_163' title='bbox 1426 2044 1590 2099; x_wconf 76' lang='grc' dir='ltr'>Δαυῒδ</span> <span class='ocrx_word' id='word_1_164' title='bbox 1639 2042 2003 2114; x_wconf 79' lang='grc' dir='ltr'>πεποιημένος</span> 
     </span>
    </p>
   </div>
   <div class='ocr_carea' id='block_1_23' title="bbox 428 2136 2002 2211">
    <p class='ocr_par' dir='ltr' id='par_1_23' title="bbox 428 2136 2002 2211">
     <span class='ocr_line' id='line_1_23' title="bbox 428 2136 2002 2211; baseline -0.003 -20"><span class='ocrx_word' id='word_1_165' title='bbox 428 2140 559 2203; x_wconf 82' lang='grc' dir='ltr'>Θεὸς</span> <span class='ocrx_word' id='word_1_166' title='bbox 588 2140 1006 2211; x_wconf 79' lang='grc' dir='ltr'>ἀνεκηρύττετο.</span> <span class='ocrx_word' id='word_1_167' title='bbox 1034 2140 1124 2193; x_wconf 81' lang='grc' dir='ltr'>Διὸ</span> <span class='ocrx_word' id='word_1_168' title='bbox 1154 2138 1384 2193; x_wconf 76' lang='grc' dir='ltr'>ἱκετεύει</span> <span class='ocrx_word' id='word_1_169' title='bbox 1417 2139 1445 2191; x_wconf 88' lang='grc' dir='ltr'>ὁ</span> <span class='ocrx_word' id='word_1_170' title='bbox 1472 2138 1627 2206; x_wconf 82' lang='grc' dir='ltr'>λόγος</span> <span class='ocrx_word' id='word_1_171' title='bbox 1667 2136 1740 2208; x_wconf 77' lang='grc' dir='ltr'>μὴ</span> <span class='ocrx_word' id='word_1_172' title='bbox 1771 2138 1850 2199; x_wconf 84' lang='grc' dir='ltr'>είς</span> <span class='ocrx_word' id='word_1_173' title='bbox 1897 2151 2002 2205; x_wconf 88' lang='grc' dir='ltr'>μα-</span> 
     </span>
    </p>
   </div>
   <div class='ocr_carea' id='block_1_24' title="bbox 429 2226 1998 2301">
    <p class='ocr_par' dir='ltr' id='par_1_24' title="bbox 429 2226 1998 2301">
     <span class='ocr_line' id='line_1_24' title="bbox 429 2226 1998 2301; baseline -0.004 -19"><span class='ocrx_word' id='word_1_174' title='bbox 429 2229 558 2299; x_wconf 84' lang='grc' dir='ltr'>κρὸν</span> <span class='ocrx_word' id='word_1_175' title='bbox 588 2232 939 2301; x_wconf 85' lang='grc' dir='ltr'>παρεκτεῖναι</span> <span class='ocrx_word' id='word_1_176' title='bbox 965 2230 1064 2301; x_wconf 80' lang='grc' dir='ltr'>τὴν</span> <span class='ocrx_word' id='word_1_177' title='bbox 1103 2229 1402 2299; x_wconf 76' lang='grc' dir='ltr'>γενομένην</span> <span class='ocrx_word' id='word_1_178' title='bbox 1435 2228 1555 2281; x_wconf 79' lang='grc' dir='ltr'>κατ’</span> <span class='ocrx_word' id='word_1_179' title='bbox 1591 2226 1769 2280; x_wconf 84' lang='grc' dir='ltr'>αὐτῶν</span> <span class='ocrx_word' id='word_1_180' title='bbox 1806 2226 1998 2299; x_wconf 82' lang='grc' dir='ltr'>ὀργὴν,</span> 
     </span>
    </p>
   </div>
   <div class='ocr_carea' id='block_1_25' title="bbox 426 2315 1998 2389">
    <p class='ocr_par' dir='ltr' id='par_1_25' title="bbox 426 2315 1998 2389">
     <span class='ocr_line' id='line_1_25' title="bbox 426 2315 1998 2389; baseline -0.003 -18"><span class='ocrx_word' id='word_1_181' title='bbox 426 2321 561 2389; x_wconf 85' lang='grc' dir='ltr'>ταχὺ</span> <span class='ocrx_word' id='word_1_182' title='bbox 606 2318 663 2371; x_wconf 80' lang='grc' dir='ltr'>δὲ</span> <span class='ocrx_word' id='word_1_183' title='bbox 696 2319 983 2388; x_wconf 82' lang='grc' dir='ltr'>παρελθεῖν</span> <span class='ocrx_word' id='word_1_184' title='bbox 1016 2318 1115 2388; x_wconf 83' lang='grc' dir='ltr'>μὲν</span> <span class='ocrx_word' id='word_1_185' title='bbox 1154 2319 1223 2371; x_wconf 84' lang='grc' dir='ltr'>τά</span> <span class='ocrx_word' id='word_1_186' title='bbox 1256 2315 1575 2389; x_wconf 76' lang='grc' dir='ltr'>σκυθρωπὰ,</span> <span class='ocrx_word' id='word_1_187' title='bbox 1616 2315 1900 2385; x_wconf 76' lang='grc' dir='ltr'>ἐπιστῆναι</span> <span class='ocrx_word' id='word_1_188' title='bbox 1940 2315 1998 2368; x_wconf 86' lang='grc' dir='ltr'>δὲ</span> 
     </span>
    </p>
   </div>
   <div class='ocr_carea' id='block_1_26' title="bbox 424 2407 2001 2481">
    <p class='ocr_par' dir='ltr' id='par_1_26' title="bbox 424 2407 2001 2481">
     <span class='ocr_line' id='line_1_26' title="bbox 424 2407 2001 2481; baseline -0.001 -19"><span class='ocrx_word' id='word_1_189' title='bbox 424 2411 523 2473; x_wconf 71' lang='grc' dir='ltr'>τὰς</span> <span class='ocrx_word' id='word_1_190' title='bbox 557 2410 883 2479; x_wconf 78' lang='grc' dir='ltr'>ἐπαγγελίας</span> <span class='ocrx_word' id='word_1_191' title='bbox 906 2409 1000 2462; x_wconf 71' lang='grc' dir='ltr'>τοῦ</span> <span class='ocrx_word' id='word_1_192' title='bbox 1025 2409 1181 2462; x_wconf 76' lang='grc' dir='ltr'>Θεοῦ.</span> <span class='ocrx_word' id='word_1_193' title='bbox 1210 2407 1343 2463; x_wconf 83' lang='grc' dir='ltr'>Εἶτα</span> <span class='ocrx_word' id='word_1_194' title='bbox 1370 2411 1433 2463; x_wconf 84' lang='grc' dir='ltr'>ὲκ</span> <span class='ocrx_word' id='word_1_195' title='bbox 1461 2408 1750 2481; x_wconf 78' lang='grc' dir='ltr'>προσώπου</span> <span class='ocrx_word' id='word_1_196' title='bbox 1789 2408 1886 2478; x_wconf 84' lang='grc' dir='ltr'>τῆς</span> <span class='ocrx_word' id='word_1_197' title='bbox 1913 2408 2001 2461; x_wconf 86' lang='grc' dir='ltr'>ἀν-</span> 
     </span>
    </p>
   </div>
   <div class='ocr_carea' id='block_1_27' title="bbox 425 2501 1995 2574">
    <p class='ocr_par' dir='ltr' id='par_1_27' title="bbox 425 2501 1995 2574">
     <span class='ocr_line' id='line_1_27' title="bbox 425 2501 1995 2574; baseline 0.001 -20"><span class='ocrx_word' id='word_1_198' title='bbox 425 2501 704 2574; x_wconf 81' lang='grc' dir='ltr'>θρωπίνης</span> <span class='ocrx_word' id='word_1_199' title='bbox 759 2502 1043 2567; x_wconf 85' lang='grc' dir='ltr'>ἀσθενείας</span> <span class='ocrx_word' id='word_1_200' title='bbox 1090 2503 1258 2571; x_wconf 84' lang='grc' dir='ltr'>λέγει,</span> <span class='ocrx_word' id='word_1_201' title='bbox 1311 2502 1621 2572; x_wconf 71' lang='grc' dir='ltr'>Μνήσθητι</span> <span class='ocrx_word' id='word_1_202' title='bbox 1672 2503 1765 2568; x_wconf 84' lang='grc' dir='ltr'>τίς</span> <span class='ocrx_word' id='word_1_203' title='bbox 1794 2519 1914 2571; x_wconf 87' lang='grc' dir='ltr'>μου</span> <span class='ocrx_word' id='word_1_204' title='bbox 1956 2502 1995 2569; x_wconf 74' lang='grc' dir='ltr'><strong><em>ἡ</em></strong></span> 
     </span>
    </p>
   </div>
   <div class='ocr_carea' id='block_1_28' title="bbox 423 2593 1998 2666">
    <p class='ocr_par' dir='ltr' id='par_1_28' title="bbox 423 2593 1998 2666">
     <span class='ocr_line' id='line_1_28' title="bbox 423 2593 1998 2666; baseline -0.002 -17"><span class='ocrx_word' id='word_1_205' title='bbox 423 2599 783 2661; x_wconf 80' lang='grc' dir='ltr'>ὑπόστασις,</span> <span class='ocrx_word' id='word_1_206' title='bbox 806 2596 899 2649; x_wconf 66' lang='grc' dir='ltr'>καί¹</span> <span class='ocrx_word' id='word_1_207' title='bbox 928 2595 994 2649; x_wconf 85' lang='grc' dir='ltr'>τὰ</span> <span class='ocrx_word' id='word_1_208' title='bbox 1018 2595 1160 2666; x_wconf 75' lang='grc' dir='ltr'>ἑξῆς.</span> <span class='ocrx_word' id='word_1_209' title='bbox 1191 2596 1444 2649; x_wconf 79' lang='grc' dir='ltr'>Διδάσκει</span> <span class='ocrx_word' id='word_1_210' title='bbox 1477 2596 1532 2648; x_wconf 78' lang='grc' dir='ltr'>δὲ</span> <span class='ocrx_word' id='word_1_211' title='bbox 1556 2595 1645 2648; x_wconf 83' lang='grc' dir='ltr'>τὸν</span> <span class='ocrx_word' id='word_1_212' title='bbox 1671 2595 1798 2648; x_wconf 82' lang='grc' dir='ltr'>λαδν</span> <span class='ocrx_word' id='word_1_213' title='bbox 1829 2593 1998 2646; x_wconf 73' lang='grc' dir='ltr'>ταῦτα</span> 
     </span>
    </p>
   </div>
   <div class='ocr_carea' id='block_1_29' title="bbox 422 2686 1995 2758">
    <p class='ocr_par' dir='ltr' id='par_1_29' title="bbox 422 2686 1995 2758">
     <span class='ocr_line' id='line_1_29' title="bbox 422 2686 1995 2758; baseline -0.001 -18"><span class='ocrx_word' id='word_1_214' title='bbox 422 2688 601 2755; x_wconf 82' lang='grc' dir='ltr'>λέγειν</span> <span class='ocrx_word' id='word_1_215' title='bbox 644 2690 672 2741; x_wconf 88' lang='grc' dir='ltr'>ό</span> <span class='ocrx_word' id='word_1_216' title='bbox 716 2688 1047 2758; x_wconf 72' lang='grc' dir='ltr'>προφητικὸς</span> <span class='ocrx_word' id='word_1_217' title='bbox 1099 2689 1275 2755; x_wconf 84' lang='grc' dir='ltr'>λόγος,</span> <span class='ocrx_word' id='word_1_218' title='bbox 1310 2691 1389 2751; x_wconf 80' lang='grc' dir='ltr'>εἰς</span> <span class='ocrx_word' id='word_1_219' title='bbox 1420 2689 1480 2741; x_wconf 86' lang='grc' dir='ltr'>τὸ</span> <span class='ocrx_word' id='word_1_220' title='bbox 1525 2687 1862 2758; x_wconf 85' lang='grc' dir='ltr'>παρακαλεῖν</span> <span class='ocrx_word' id='word_1_221' title='bbox 1902 2686 1995 2738; x_wconf 85' lang='grc' dir='ltr'>τὸν</span> 
     </span>
    </p>
   </div>
   <div class='ocr_carea' id='block_1_30' title="bbox 420 2774 1993 2847">
    <p class='ocr_par' dir='ltr' id='par_1_30' title="bbox 420 2774 1993 2847">
     <span class='ocr_line' id='line_1_30' title="bbox 420 2774 1993 2847; baseline -0.002 -17"><span class='ocrx_word' id='word_1_222' title='bbox 420 2778 554 2830; x_wconf 79' lang='grc' dir='ltr'>Θεὸν</span> <span class='ocrx_word' id='word_1_223' title='bbox 595 2778 688 2830; x_wconf 75' lang='grc' dir='ltr'>καὶ</span> <span class='ocrx_word' id='word_1_224' title='bbox 729 2777 996 2829; x_wconf 84' lang='grc' dir='ltr'>δυσωπεῖν</span> <span class='ocrx_word' id='word_1_225' title='bbox 1027 2776 1374 2830; x_wconf 77' lang='grc' dir='ltr'>καταπαῦσαι</span> <span class='ocrx_word' id='word_1_226' title='bbox 1416 2777 1514 2847; x_wconf 83' lang='grc' dir='ltr'>μὲν</span> <span class='ocrx_word' id='word_1_227' title='bbox 1557 2777 1656 2845; x_wconf 86' lang='grc' dir='ltr'>τὴν</span> <span class='ocrx_word' id='word_1_228' title='bbox 1692 2776 1861 2846; x_wconf 84' lang='grc' dir='ltr'>ὀργὴν</span> <span class='ocrx_word' id='word_1_229' title='bbox 1896 2774 1993 2845; x_wconf 83' lang='grc' dir='ltr'>τὴν</span> 
     </span>
    </p>
   </div>
   <div class='ocr_carea' id='block_1_31' title="bbox 421 2866 1992 2936">
    <p class='ocr_par' dir='ltr' id='par_1_31' title="bbox 421 2866 1992 2936">
     <span class='ocr_line' id='line_1_31' title="bbox 421 2866 1992 2936; baseline -0.001 -16"><span class='ocrx_word' id='word_1_230' title='bbox 421 2869 561 2922; x_wconf 79' lang='grc' dir='ltr'>κατὰ</span> <span class='ocrx_word' id='word_1_231' title='bbox 594 2866 688 2920; x_wconf 82' lang='grc' dir='ltr'>τοῦ</span> <span class='ocrx_word' id='word_1_232' title='bbox 722 2868 929 2932; x_wconf 78' lang='grc' dir='ltr'>ἔθνους,</span> <span class='ocrx_word' id='word_1_233' title='bbox 975 2867 1284 2921; x_wconf 85' lang='grc' dir='ltr'>παύσασθαι</span> <span class='ocrx_word' id='word_1_234' title='bbox 1306 2868 1362 2921; x_wconf 81' lang='grc' dir='ltr'>δὲ</span> <span class='ocrx_word' id='word_1_235' title='bbox 1396 2868 1489 2921; x_wconf 57' lang='grc' dir='ltr'>καί¹</span> <span class='ocrx_word' id='word_1_236' title='bbox 1513 2867 1672 2921; x_wconf 66' lang='grc' dir='ltr'>αὐτὴν</span> <span class='ocrx_word' id='word_1_237' title='bbox 1702 2868 1992 2936; x_wconf 84' lang='grc' dir='ltr'>ἀποκρυπ-</span> 
     </span>
    </p>
   </div>
   <div class='ocr_carea' id='block_1_32' title="bbox 418 2957 1993 3030">
    <p class='ocr_par' dir='ltr' id='par_1_32' title="bbox 418 2957 1993 3030">
     <span class='ocr_line' id='line_1_32' title="bbox 418 2957 1993 3030; baseline 0 -19"><span class='ocrx_word' id='word_1_238' title='bbox 418 2960 671 3030; x_wconf 78' lang='grc' dir='ltr'>τόμενον·</span> <span class='ocrx_word' id='word_1_239' title='bbox 736 2959 1071 3026; x_wconf 80' lang='grc' dir='ltr'>καταξιῶσαι</span> <span class='ocrx_word' id='word_1_240' title='bbox 1113 2960 1170 3013; x_wconf 77' lang='grc' dir='ltr'>δὲ</span> <span class='ocrx_word' id='word_1_241' title='bbox 1231 2959 1330 3029; x_wconf 69' lang='grc' dir='ltr'>ἤδη</span> <span class='ocrx_word' id='word_1_242' title='bbox 1373 2957 1503 3011; x_wconf 84' lang='grc' dir='ltr'>ποτὲ</span> <span class='ocrx_word' id='word_1_243' title='bbox 1549 2959 1849 3029; x_wconf 78' lang='grc' dir='ltr'>παρασχεῖν</span> <span class='ocrx_word' id='word_1_244' title='bbox 1899 2958 1993 3011; x_wconf 88' lang='grc' dir='ltr'>ἀν-</span> 
     </span>
    </p>
   </div>
   <div class='ocr_carea' id='block_1_33' title="bbox 417 3050 1992 3123">
    <p class='ocr_par' dir='ltr' id='par_1_33' title="bbox 417 3050 1992 3123">
     <span class='ocr_line' id='line_1_33' title="bbox 417 3050 1992 3123; baseline 0.002 -20"><span class='ocrx_word' id='word_1_245' title='bbox 417 3050 657 3119; x_wconf 83' lang='grc' dir='ltr'>θρώποις</span> <span class='ocrx_word' id='word_1_246' title='bbox 682 3051 751 3104; x_wconf 72' lang='grc' dir='ltr'>τὰ</span> <span class='ocrx_word' id='word_1_247' title='bbox 778 3050 856 3123; x_wconf 82' lang='grc' dir='ltr'>τῷ</span> <span class='ocrx_word' id='word_1_248' title='bbox 881 3051 1042 3105; x_wconf 78' lang='grc' dir='ltr'>Δαυῒδ</span> <span class='ocrx_word' id='word_1_249' title='bbox 1070 3051 1472 3122; x_wconf 78' lang='grc' dir='ltr'>ἐπηγγελμένα.</span> <span class='ocrx_word' id='word_1_250' title='bbox 1510 3050 1856 3122; x_wconf 78' lang='grc' dir='ltr'>Ἐπειδήπερ,</span> <span class='ocrx_word' id='word_1_251' title='bbox 1889 3067 1992 3122; x_wconf 84' lang='grc' dir='ltr'>φη-</span> 
     </span>
    </p>
   </div>
   <div class='ocr_carea' id='block_1_34' title="bbox 417 3141 1985 3215">
    <p class='ocr_par' dir='ltr' id='par_1_34' title="bbox 417 3141 1985 3215">
     <span class='ocr_line' id='line_1_34' title="bbox 417 3141 1985 3215; baseline 0 -21"><span class='ocrx_word' id='word_1_252' title='bbox 417 3142 524 3205; x_wconf 74' lang='grc' dir='ltr'>σὶν,</span> <span class='ocrx_word' id='word_1_253' title='bbox 551 3144 583 3213; x_wconf 83' lang='grc' dir='ltr'>ἠ</span> <span class='ocrx_word' id='word_1_254' title='bbox 605 3142 915 3215; x_wconf 86' lang='grc' dir='ltr'>ἀνθρωπίνη</span> <span class='ocrx_word' id='word_1_255' title='bbox 947 3143 1106 3212; x_wconf 81' lang='grc' dir='ltr'>φύσις</span> <span class='ocrx_word' id='word_1_256' title='bbox 1135 3142 1365 3213; x_wconf 86' lang='grc' dir='ltr'>ἀσθενὴς</span> <span class='ocrx_word' id='word_1_257' title='bbox 1390 3143 1486 3212; x_wconf 83' lang='grc' dir='ltr'>μέν</span> <span class='ocrx_word' id='word_1_258' title='bbox 1508 3145 1622 3196; x_wconf 74' lang='grc' dir='ltr'>ἐστι</span> <span class='ocrx_word' id='word_1_259' title='bbox 1656 3142 1749 3194; x_wconf 80' lang='grc' dir='ltr'>καὶ</span> <span class='ocrx_word' id='word_1_260' title='bbox 1775 3141 1985 3213; x_wconf 81' lang='grc' dir='ltr'>πτωχὴ,</span> 
     </span>
    </p>
   </div>
   <div class='ocr_carea' id='block_1_35' title="bbox 2040 1914 2077 1967">
    <p class='ocr_par' dir='ltr' id='par_1_35' title="bbox 2040 1914 2077 1967">
     <span class='ocr_line' id='line_1_35' title="bbox 2040 1914 2077 1967; baseline 0 0"><span class='ocrx_word' id='word_1_261' title='bbox 2040 1914 2077 1967; x_wconf 81' lang='lat' dir='ltr'>ll</span> 
     </span>
    </p>
   </div>
   <div class='ocr_carea' id='block_1_36' title="bbox 2115 750 3682 812">
    <p class='ocr_par' dir='ltr' id='par_1_36' title="bbox 2115 750 3682 812">
     <span class='ocr_line' id='line_1_36' title="bbox 2115 750 3682 812; baseline 0.005 -8"><span class='ocrx_word' id='word_1_262' title='bbox 2115 750 2376 806; x_wconf 82' lang='lat' dir='ltr'>Domine?</span> <span class='ocrx_word' id='word_1_263' title='bbox 2402 762 2455 807; x_wconf 90' lang='lat' dir='ltr'><strong><em>et</em></strong></span> <span class='ocrx_word' id='word_1_264' title='bbox 2483 763 2697 808; x_wconf 71' lang='lat' dir='ltr'><strong><em>caetera.</em></strong></span> <span class='ocrx_word' id='word_1_265' title='bbox 2720 750 2833 806; x_wconf 87' lang='lat' dir='ltr'><strong><em>Sub</em></strong></span> <span class='ocrx_word' id='word_1_266' title='bbox 2862 753 2975 808; x_wconf 65' lang='lat' dir='ltr'><strong><em>haec</em></strong></span> <span class='ocrx_word' id='word_1_267' title='bbox 3010 753 3173 808; x_wconf 83' lang='lat' dir='ltr'><strong><em>infert</em></strong></span> <span class='ocrx_word' id='word_1_268' title='bbox 3204 753 3682 812; x_wconf 66' lang='lat' dir='ltr'>:-—Vans.47-49.</span> 
     </span>
    </p>
   </div>
   <div class='ocr_carea' id='block_1_37' title="bbox 2119 844 3684 917">
    <p class='ocr_par' dir='ltr' id='par_1_37' title="bbox 2119 844 3684 917">
     <span class='ocr_line' id='line_1_37' title="bbox 2119 844 3684 917; baseline 0.002 -18"><span class='ocrx_word' id='word_1_269' title='bbox 2119 844 2416 917; x_wconf 77' lang='lat' dir='ltr'><strong><em>Usquequo,</em></strong></span> <span class='ocrx_word' id='word_1_270' title='bbox 2448 845 2694 906; x_wconf 87' lang='lat' dir='ltr'><strong><em>Domine.</em></strong></span> <span class='ocrx_word' id='word_1_271' title='bbox 2721 855 2920 901; x_wconf 80' lang='lat' dir='ltr'><strong><em>avertes</em></strong></span> <span class='ocrx_word' id='word_1_272' title='bbox 2954 848 3011 900; x_wconf 88' lang='lat' dir='ltr'>in</span> <span class='ocrx_word' id='word_1_273' title='bbox 3042 848 3219 916; x_wconf 81' lang='lat' dir='ltr'><strong><em>ﬁnem,</em></strong></span> <span class='ocrx_word' id='word_1_274' title='bbox 3252 849 3553 902; x_wconf 75' lang='lat' dir='ltr'><strong><em>exardescet</em></strong></span> <span class='ocrx_word' id='word_1_275' title='bbox 3580 851 3684 903; x_wconf 72' lang='lat' dir='ltr'><strong><em>sie-</em></strong></span> 
     </span>
    </p>
   </div>
   <div class='ocr_carea' id='block_1_38' title="bbox 2112 934 3682 1007">
    <p class='ocr_par' dir='ltr' id='par_1_38' title="bbox 2112 934 3682 1007">
     <span class='ocr_line' id='line_1_38' title="bbox 2112 934 3682 1007; baseline 0.004 -20"><span class='ocrx_word' id='word_1_276' title='bbox 2112 943 2172 988; x_wconf 86' lang='lat' dir='ltr'><strong><em>ut</em></strong></span> <span class='ocrx_word' id='word_1_277' title='bbox 2212 936 2351 1006; x_wconf 77' lang='lat' dir='ltr'><strong><em>ignis</em></strong></span> <span class='ocrx_word' id='word_1_278' title='bbox 2397 936 2481 989; x_wconf 87' lang='lat' dir='ltr'><strong><em>ira</em></strong></span> <span class='ocrx_word' id='word_1_279' title='bbox 2516 938 2649 989; x_wconf 82' lang='lat' dir='ltr'><strong><em>tua?</em></strong></span> <span class='ocrx_word' id='word_1_280' title='bbox 2676 934 2973 990; x_wconf 77' lang='lat' dir='ltr'>Memorare</span> <span class='ocrx_word' id='word_1_281' title='bbox 3018 952 3134 1007; x_wconf 72' lang='lat' dir='ltr'><strong><em>qua:</em></strong></span> <span class='ocrx_word' id='word_1_282' title='bbox 3162 954 3298 990; x_wconf 86' lang='lat' dir='ltr'><strong><em>.mea</em></strong></span> <span class='ocrx_word' id='word_1_283' title='bbox 3336 937 3633 993; x_wconf 73' lang='lat' dir='ltr'>substantia</span> <span class='ocrx_word' id='word_1_284' title='bbox 3662 954 3682 993; x_wconf 91' lang='lat'><strong><em>:</em></strong></span> 
     </span>
    </p>
   </div>
   <div class='ocr_carea' id='block_1_39' title="bbox 2112 1027 3685 1097">
    <p class='ocr_par' dir='ltr' id='par_1_39' title="bbox 2112 1027 3685 1097">
     <span class='ocr_line' id='line_1_39' title="bbox 2112 1027 3685 1097; baseline 0.003 -17"><span class='ocrx_word' id='word_1_285' title='bbox 2112 1027 2347 1097; x_wconf 79' lang='lat' dir='ltr'>nunquid</span> <span class='ocrx_word' id='word_1_286' title='bbox 2385 1029 2524 1081; x_wconf 88' lang='lat' dir='ltr'><strong><em>enim</em></strong></span> <span class='ocrx_word' id='word_1_287' title='bbox 2566 1044 2696 1082; x_wconf 83' lang='lat' dir='ltr'><strong><em>vane</em></strong></span> <span class='ocrx_word' id='word_1_288' title='bbox 2738 1029 2933 1082; x_wconf 80' lang='lat' dir='ltr'><strong><em>creasti</em></strong></span> <span class='ocrx_word' id='word_1_289' title='bbox 2973 1045 3149 1082; x_wconf 80' lang='lat' dir='ltr'><strong><em>omnes</em></strong></span> <span class='ocrx_word' id='word_1_290' title='bbox 3196 1029 3337 1097; x_wconf 75' lang='lat' dir='ltr'><strong><em>ﬁlios</em></strong></span> <span class='ocrx_word' id='word_1_291' title='bbox 3368 1031 3685 1085; x_wconf 78' lang='lat' dir='ltr'>hominum?</span> 
     </span>
    </p>
   </div>
   <div class='ocr_carea' id='block_1_40' title="bbox 2112 1119 3681 1187">
    <p class='ocr_par' dir='ltr' id='par_1_40' title="bbox 2112 1119 3681 1187">
     <span class='ocr_line' id='line_1_40' title="bbox 2112 1119 3681 1187; baseline 0.002 -16"><span class='ocrx_word' id='word_1_292' title='bbox 2112 1119 2245 1184; x_wconf 79' lang='lat' dir='ltr'><strong><em>Quis</em></strong></span> <span class='ocrx_word' id='word_1_293' title='bbox 2270 1127 2347 1173; x_wconf 74' lang='lat' dir='ltr'>est</span> <span class='ocrx_word' id='word_1_294' title='bbox 2373 1119 2526 1173; x_wconf 82' lang='lat' dir='ltr'><strong><em>homo</em></strong></span> <span class='ocrx_word' id='word_1_295' title='bbox 2551 1120 2641 1187; x_wconf 81' lang='lat' dir='ltr'>qui</span> <span class='ocrx_word' id='word_1_296' title='bbox 2663 1120 2811 1187; x_wconf 80' lang='lat' dir='ltr'><strong><em>vivet,</em></strong></span> <span class='ocrx_word' id='word_1_297' title='bbox 2843 1129 2892 1174; x_wconf 90' lang='lat' dir='ltr'>et</span> <span class='ocrx_word' id='word_1_298' title='bbox 2920 1136 3021 1173; x_wconf 87' lang='lat' dir='ltr'>non</span> <span class='ocrx_word' id='word_1_299' title='bbox 3053 1119 3240 1174; x_wconf 84' lang='lat' dir='ltr'><strong><em>videbit</em></strong></span> <span class='ocrx_word' id='word_1_300' title='bbox 3267 1131 3508 1185; x_wconf 86' lang='lat' dir='ltr'><strong><em>mortem,</em></strong></span> <span class='ocrx_word' id='word_1_301' title='bbox 3536 1130 3681 1176; x_wconf 87' lang='lat' dir='ltr'><strong><em>eruet</em></strong></span> 
     </span>
    </p>
   </div>
   <div class='ocr_carea' id='block_1_41' title="bbox 2109 1209 3683 1280">
    <p class='ocr_par' dir='ltr' id='par_1_41' title="bbox 2109 1209 3683 1280">
     <span class='ocr_line' id='line_1_41' title="bbox 2109 1209 3683 1280; baseline 0.004 -19"><span class='ocrx_word' id='word_1_302' title='bbox 2109 1209 2344 1262; x_wconf 85' lang='lat' dir='ltr'><strong><em>animam</em></strong></span> <span class='ocrx_word' id='word_1_303' title='bbox 2373 1226 2524 1263; x_wconf 74' lang='lat' dir='ltr'><strong><em>suam</em></strong></span> <span class='ocrx_word' id='word_1_304' title='bbox 2553 1209 2617 1263; x_wconf 85' lang='lat' dir='ltr'>de</span> <span class='ocrx_word' id='word_1_305' title='bbox 2640 1227 2799 1264; x_wconf 82' lang='lat' dir='ltr'><strong><em>manu</em></strong></span> <span class='ocrx_word' id='word_1_306' title='bbox 2834 1211 3028 1280; x_wconf 78' lang='lat' dir='ltr'><strong><em>inferi“</em></strong></span> <span class='ocrx_word' id='word_1_307' title='bbox 3049 1210 3386 1280; x_wconf 79' lang='lat' dir='ltr'><strong><em>Diapsalma.</em></strong></span> <span class='ocrx_word' id='word_1_308' title='bbox 3414 1211 3518 1266; x_wconf 85' lang='lat' dir='ltr'>Pro</span> <span class='ocrx_word' id='word_1_309' title='bbox 3548 1213 3638 1266; x_wconf 85' lang='lat' dir='ltr'><strong><em>tllo</em></strong></span> <span class='ocrx_word' id='word_1_310' title='bbox 3662 1229 3683 1267; x_wconf 86' lang='lat'><strong>:</strong></span> 
     </span>
    </p>
   </div>
   <div class='ocr_carea' id='block_1_42' title="bbox 2108 1298 3684 1371">
    <p class='ocr_par' dir='ltr' id='par_1_42' title="bbox 2108 1298 3684 1371">
     <span class='ocr_line' id='line_1_42' title="bbox 2108 1298 3684 1371; baseline 0.004 -19"><span class='ocrx_word' id='word_1_311' title='bbox 2108 1300 2342 1366; x_wconf 76' lang='lat' dir='ltr'><strong><em>Averles,</em></strong></span> <span class='ocrx_word' id='word_1_312' title='bbox 2386 1299 2581 1369; x_wconf 88' lang='lat' dir='ltr'><strong><em>Aquila</em></strong></span> <span class='ocrx_word' id='word_1_313' title='bbox 2626 1319 2639 1355; x_wconf 90' lang='lat'>:</span> <span class='ocrx_word' id='word_1_314' title='bbox 2683 1298 2994 1371; x_wconf 81' lang='lat' dir='ltr'><strong><em>Usquequo,</em></strong></span> <span class='ocrx_word' id='word_1_315' title='bbox 3048 1301 3289 1366; x_wconf 85' lang='lat' dir='ltr'>Domine,</span> <span class='ocrx_word' id='word_1_316' title='bbox 3344 1302 3684 1358; x_wconf 74' lang='lat' dir='ltr'><strong><em>absconderis</em></strong></span> 
     </span>
    </p>
   </div>
   <div class='ocr_carea' id='block_1_43' title="bbox 2107 1392 3676 1465">
    <p class='ocr_par' dir='ltr' id='par_1_43' title="bbox 2107 1392 3676 1465">
     <span class='ocr_line' id='line_1_43' title="bbox 2107 1392 3676 1465; baseline 0.004 -22"><span class='ocrx_word' id='word_1_317' title='bbox 2107 1392 2163 1444; x_wconf 88' lang='lat' dir='ltr'>in</span> <span class='ocrx_word' id='word_1_318' title='bbox 2213 1393 2635 1446; x_wconf 72' lang='lat' dir='ltr'>contentionem?</span> <span class='ocrx_word' id='word_1_319' title='bbox 2692 1392 3052 1463; x_wconf 86' lang='lat' dir='ltr'><strong>Symmachus</strong></span> <span class='ocrx_word' id='word_1_320' title='bbox 3105 1410 3234 1448; x_wconf 72' lang='lat' dir='ltr'><strong><em>vero</em></strong></span> <span class='ocrx_word' id='word_1_321' title='bbox 3284 1413 3298 1450; x_wconf 88' lang='lat'>:</span> <span class='ocrx_word' id='word_1_322' title='bbox 3357 1392 3676 1465; x_wconf 80' lang='lat' dir='ltr'><strong><em>Usquequo,</em></strong></span> 
     </span>
    </p>
   </div>
   <div class='ocr_carea' id='block_1_44' title="bbox 2111 1482 3677 1556">
    <p class='ocr_par' dir='ltr' id='par_1_44' title="bbox 2111 1482 3677 1556">
     <span class='ocr_line' id='line_1_44' title="bbox 2111 1482 3677 1556; baseline 0.004 -22"><span class='ocrx_word' id='word_1_323' title='bbox 2111 1482 2350 1546; x_wconf 87' lang='lat' dir='ltr'>Domine,</span> <span class='ocrx_word' id='word_1_324' title='bbox 2412 1482 2750 1538; x_wconf 74' lang='lat' dir='ltr'><strong><em>absconderis</em></strong></span> <span class='ocrx_word' id='word_1_325' title='bbox 2810 1484 2867 1538; x_wconf 88' lang='lat' dir='ltr'><strong><em>in</em></strong></span> <span class='ocrx_word' id='word_1_326' title='bbox 2918 1485 3119 1553; x_wconf 84' lang='lat' dir='ltr'><strong><em>ﬁnem?</em></strong></span> <span class='ocrx_word' id='word_1_327' title='bbox 3178 1483 3509 1556; x_wconf 79' lang='lat' dir='ltr'><strong><em>Videturque</em></strong></span> <span class='ocrx_word' id='word_1_328' title='bbox 3571 1486 3677 1540; x_wconf 86' lang='lat' dir='ltr'>mi-</span> 
     </span>
    </p>
   </div>
   <div class='ocr_carea' id='block_1_45' title="bbox 2107 1575 3680 1648">
    <p class='ocr_par' dir='ltr' id='par_1_45' title="bbox 2107 1575 3680 1648">
     <span class='ocr_line' id='line_1_45' title="bbox 2107 1575 3680 1648; baseline 0.004 -20"><span class='ocrx_word' id='word_1_329' title='bbox 2107 1575 2161 1628; x_wconf 91' lang='lat' dir='ltr'>hi</span> <span class='ocrx_word' id='word_1_330' title='bbox 2229 1591 2411 1631; x_wconf 84' lang='lat' dir='ltr'><strong><em>sermo</em></strong></span> <span class='ocrx_word' id='word_1_331' title='bbox 2476 1591 2737 1631; x_wconf 89' lang='lat' dir='ltr'><strong><em>arcanum</em></strong></span> <span class='ocrx_word' id='word_1_332' title='bbox 2808 1577 2923 1642; x_wconf 73' lang='lat' dir='ltr'><strong><em>ine,</em></strong></span> <span class='ocrx_word' id='word_1_333' title='bbox 2971 1592 3198 1648; x_wconf 82' lang='lat' dir='ltr'><strong><em>regnum</em></strong></span> <span class='ocrx_word' id='word_1_334' title='bbox 3263 1577 3482 1635; x_wconf 79' lang='lat' dir='ltr'><strong><em>Daridis</em></strong></span> <span class='ocrx_word' id='word_1_335' title='bbox 3553 1594 3680 1635; x_wconf 85' lang='lat' dir='ltr'><strong><em>cor-</em></strong></span> 
     </span>
    </p>
   </div>
   <div class='ocr_carea' id='block_1_46' title="bbox 2014 1669 3675 1737">
    <p class='ocr_par' dir='ltr' id='par_1_46' title="bbox 2014 1669 3675 1737">
     <span class='ocr_line' id='line_1_46' title="bbox 2014 1669 3675 1737; baseline 0.005 -17"><span class='ocrx_word' id='word_1_336' title='bbox 2014 1672 2019 1675; x_wconf 83' lang='lat'>&#39;</span> <span class='ocrx_word' id='word_1_337' title='bbox 2107 1682 2274 1737; x_wconf 87' lang='lat' dir='ltr'><strong><em>poreo</em></strong></span> <span class='ocrx_word' id='word_1_338' title='bbox 2366 1683 2518 1722; x_wconf 90' lang='lat' dir='ltr'><strong><em>more</em></strong></span> <span class='ocrx_word' id='word_1_339' title='bbox 2611 1675 2883 1737; x_wconf 88' lang='lat' dir='ltr'><strong><em>sumptum</em></strong></span> <span class='ocrx_word' id='word_1_340' title='bbox 2981 1676 3036 1724; x_wconf 87' lang='lat' dir='ltr'>et</span> <span class='ocrx_word' id='word_1_341' title='bbox 3135 1676 3303 1724; x_wconf 82' lang='lat' dir='ltr'><strong><em>totam</em></strong></span> <span class='ocrx_word' id='word_1_342' title='bbox 3397 1669 3675 1731; x_wconf 73' lang='lat' dir='ltr'><strong><em>Iudaicam</em></strong></span> 
     </span>
    </p>
   </div>
   <div class='ocr_carea' id='block_1_47' title="bbox 2104 1757 3678 1831">
    <p class='ocr_par' dir='ltr' id='par_1_47' title="bbox 2104 1757 3678 1831">
     <span class='ocr_line' id='line_1_47' title="bbox 2104 1757 3678 1831; baseline 0.003 -20"><span class='ocrx_word' id='word_1_343' title='bbox 2104 1767 2315 1827; x_wconf 84' lang='lat' dir='ltr'><strong><em>gentem</em></strong></span> <span class='ocrx_word' id='word_1_344' title='bbox 2348 1757 2640 1825; x_wconf 66' lang='lat' dir='ltr'><strong><em>invasurae,</em></strong></span> <span class='ocrx_word' id='word_1_345' title='bbox 2675 1758 3047 1813; x_wconf 88' lang='lat' dir='ltr'><strong><em>subindicare.</em></strong></span> <span class='ocrx_word' id='word_1_346' title='bbox 3081 1758 3218 1813; x_wconf 90' lang='lat' dir='ltr'><strong><em>Cum</em></strong></span> <span class='ocrx_word' id='word_1_347' title='bbox 3252 1761 3457 1829; x_wconf 85' lang='lat' dir='ltr'><strong><em>itaque,</em></strong></span> <span class='ocrx_word' id='word_1_348' title='bbox 3493 1777 3678 1831; x_wconf 79' lang='lat' dir='ltr'><strong><em>quan-</em></strong></span> 
     </span>
    </p>
   </div>
   <div class='ocr_carea' id='block_1_48' title="bbox 2106 1850 3677 1922">
    <p class='ocr_par' dir='ltr' id='par_1_48' title="bbox 2106 1850 3677 1922">
     <span class='ocr_line' id='line_1_48' title="bbox 2106 1850 3677 1922; baseline 0.003 -20"><span class='ocrx_word' id='word_1_349' title='bbox 2106 1859 2218 1903; x_wconf 89' lang='lat' dir='ltr'><strong><em>tum</em></strong></span> <span class='ocrx_word' id='word_1_350' title='bbox 2241 1850 2307 1905; x_wconf 89' lang='lat' dir='ltr'>ad</span> <span class='ocrx_word' id='word_1_351' title='bbox 2328 1851 2615 1921; x_wconf 58' lang='lat' dir='ltr'><strong><em>Vulgarem</em></strong></span> <span class='ocrx_word' id='word_1_352' title='bbox 2642 1852 3124 1921; x_wconf 82' lang='lat' dir='ltr'><strong><em>exspectationem,</em></strong></span> <span class='ocrx_word' id='word_1_353' title='bbox 3147 1852 3434 1922; x_wconf 85' lang='lat' dir='ltr'>promissis</span> <span class='ocrx_word' id='word_1_354' title='bbox 3454 1862 3677 1907; x_wconf 86' lang='lat' dir='ltr'><strong><em>contra-</em></strong></span> 
     </span>
    </p>
   </div>
   <div class='ocr_carea' id='block_1_49' title="bbox 2104 1940 3674 2012">
    <p class='ocr_par' dir='ltr' id='par_1_49' title="bbox 2104 1940 3674 2012">
     <span class='ocr_line' id='line_1_49' title="bbox 2104 1940 3674 2012; baseline 0.006 -20"><span class='ocrx_word' id='word_1_355' title='bbox 2104 1941 2185 1993; x_wconf 85' lang='lat' dir='ltr'>ria</span> <span class='ocrx_word' id='word_1_356' title='bbox 2209 1942 2508 2007; x_wconf 87' lang='lat' dir='ltr'><strong><em>evenirent,</em></strong></span> <span class='ocrx_word' id='word_1_357' title='bbox 2542 1940 2687 1995; x_wconf 86' lang='lat' dir='ltr'>Deus</span> <span class='ocrx_word' id='word_1_358' title='bbox 2712 1943 2804 2012; x_wconf 90' lang='lat' dir='ltr'><strong>qui</strong></span> <span class='ocrx_word' id='word_1_359' title='bbox 2839 1943 3010 1996; x_wconf 86' lang='lat' dir='ltr'><strong><em>bonas</em></strong></span> <span class='ocrx_word' id='word_1_360' title='bbox 3040 1943 3458 2011; x_wconf 81' lang='lat' dir='ltr'><strong><em>pollicitationes</em></strong></span> <span class='ocrx_word' id='word_1_361' title='bbox 3485 1943 3674 2004; x_wconf 77' lang='lat' dir='ltr'><strong><em>Davidi</em></strong></span> 
     </span>
    </p>
   </div>
   <div class='ocr_carea' id='block_1_50' title="bbox 2102 2032 3674 2106">
    <p class='ocr_par' dir='ltr' id='par_1_50' title="bbox 2102 2032 3674 2106">
     <span class='ocr_line' id='line_1_50' title="bbox 2102 2032 3674 2106; baseline 0.006 -20"><span class='ocrx_word' id='word_1_362' title='bbox 2102 2032 2325 2087; x_wconf 89' lang='lat' dir='ltr'><strong><em>dederat</em></strong></span> <span class='ocrx_word' id='word_1_363' title='bbox 2362 2034 2709 2089; x_wconf 69' lang='lat' dir='ltr'><strong><em>avocabatur.</em></strong></span> <span class='ocrx_word' id='word_1_364' title='bbox 2766 2035 3129 2101; x_wconf 81' lang='lat' dir='ltr'><strong>Quamobrem</strong></span> <span class='ocrx_word' id='word_1_365' title='bbox 3173 2036 3263 2090; x_wconf 88' lang='lat' dir='ltr'>hic</span> <span class='ocrx_word' id='word_1_366' title='bbox 3321 2046 3565 2106; x_wconf 87' lang='lat' dir='ltr'><strong><em>rogatur,</em></strong></span> <span class='ocrx_word' id='word_1_367' title='bbox 3604 2054 3674 2096; x_wconf 78' lang='lat' dir='ltr'>ne</span> 
     </span>
    </p>
   </div>
   <div class='ocr_carea' id='block_1_51' title="bbox 2101 2125 3673 2200">
    <p class='ocr_par' dir='ltr' id='par_1_51' title="bbox 2101 2125 3673 2200">
     <span class='ocr_line' id='line_1_51' title="bbox 2101 2125 3673 2200; baseline 0.005 -23"><span class='ocrx_word' id='word_1_368' title='bbox 2101 2125 2238 2178; x_wconf 91' lang='lat' dir='ltr'><strong><em>iram</em></strong></span> <span class='ocrx_word' id='word_1_369' title='bbox 2262 2125 2317 2178; x_wconf 90' lang='lat' dir='ltr'><strong><em>in</em></strong></span> <span class='ocrx_word' id='word_1_370' title='bbox 2346 2125 2468 2180; x_wconf 89' lang='lat' dir='ltr'><strong><em>illos</em></strong></span> <span class='ocrx_word' id='word_1_371' title='bbox 2489 2140 2775 2181; x_wconf 84' lang='lat' dir='ltr'><strong><em>accensam</em></strong></span> <span class='ocrx_word' id='word_1_372' title='bbox 2803 2127 3007 2183; x_wconf 86' lang='lat' dir='ltr'><strong><em>diutius</em></strong></span> <span class='ocrx_word' id='word_1_373' title='bbox 3037 2128 3300 2198; x_wconf 81' lang='lat' dir='ltr'>producat</span> <span class='ocrx_word' id='word_1_374' title='bbox 3326 2147 3340 2183; x_wconf 90' lang='lat'><strong>:</strong></span> <span class='ocrx_word' id='word_1_375' title='bbox 3367 2130 3458 2184; x_wconf 89' lang='lat' dir='ltr'>sed</span> <span class='ocrx_word' id='word_1_376' title='bbox 3477 2145 3673 2200; x_wconf 59' lang='lat' dir='ltr'><strong><em>quam.</em></strong></span> 
     </span>
    </p>
   </div>
   <div class='ocr_carea' id='block_1_52' title="bbox 2100 2217 3668 2291">
    <p class='ocr_par' dir='ltr' id='par_1_52' title="bbox 2100 2217 3668 2291">
     <span class='ocr_line' id='line_1_52' title="bbox 2100 2217 3668 2291; baseline 0.005 -21"><span class='ocrx_word' id='word_1_377' title='bbox 2100 2217 2335 2288; x_wconf 87' lang='lat' dir='ltr'><strong><em>primum</em></strong></span> <span class='ocrx_word' id='word_1_378' title='bbox 2376 2217 2556 2273; x_wconf 86' lang='lat' dir='ltr'><strong><em>tristia</em></strong></span> <span class='ocrx_word' id='word_1_379' title='bbox 2590 2227 2931 2288; x_wconf 68' lang='lat' dir='ltr'><strong><em>prretereant,</em></strong></span> <span class='ocrx_word' id='word_1_380' title='bbox 2974 2231 3028 2276; x_wconf 88' lang='lat' dir='ltr'>et</span> <span class='ocrx_word' id='word_1_381' title='bbox 3065 2221 3331 2291; x_wconf 85' lang='lat' dir='ltr'><strong><em>promissa</em></strong></span> <span class='ocrx_word' id='word_1_382' title='bbox 3357 2236 3386 2274; x_wconf 90' lang='lat' dir='ltr'>a</span> <span class='ocrx_word' id='word_1_383' title='bbox 3431 2222 3541 2277; x_wconf 88' lang='lat' dir='ltr'><strong><em>Deo</em></strong></span> <span class='ocrx_word' id='word_1_384' title='bbox 3568 2222 3668 2278; x_wconf 77' lang='lat' dir='ltr'><strong><em>ad—</em></strong></span> 
     </span>
    </p>
   </div>
   <div class='ocr_carea' id='block_1_53' title="bbox 2098 2309 3668 2381">
    <p class='ocr_par' dir='ltr' id='par_1_53' title="bbox 2098 2309 3668 2381">
     <span class='ocr_line' id='line_1_53' title="bbox 2098 2309 3668 2381; baseline 0.004 -18"><span class='ocrx_word' id='word_1_385' title='bbox 2098 2312 2341 2367; x_wconf 79' lang='lat' dir='ltr'>veniant.</span> <span class='ocrx_word' id='word_1_386' title='bbox 2400 2309 2606 2367; x_wconf 87' lang='lat' dir='ltr'><strong><em>Deinde</em></strong></span> <span class='ocrx_word' id='word_1_387' title='bbox 2652 2327 2717 2366; x_wconf 85' lang='lat' dir='ltr'><strong><em>ex</em></strong></span> <span class='ocrx_word' id='word_1_388' title='bbox 2757 2327 2991 2381; x_wconf 86' lang='lat' dir='ltr'><strong><em>persona</em></strong></span> <span class='ocrx_word' id='word_1_389' title='bbox 3026 2312 3277 2367; x_wconf 71' lang='lat' dir='ltr'><strong><em>humana:</em></strong></span> <span class='ocrx_word' id='word_1_390' title='bbox 3331 2311 3668 2369; x_wconf 74' lang='lat' dir='ltr'><strong><em>inﬁrmitatis</em></strong></span> 
     </span>
    </p>
   </div>
   <div class='ocr_carea' id='block_1_54' title="bbox 2099 2402 3668 2472">
    <p class='ocr_par' dir='ltr' id='par_1_54' title="bbox 2099 2402 3668 2472">
     <span class='ocr_line' id='line_1_54' title="bbox 2099 2402 3668 2472; baseline 0.001 -14"><span class='ocrx_word' id='word_1_391' title='bbox 2099 2405 2175 2458; x_wconf 85' lang='lat' dir='ltr'>ait</span> <span class='ocrx_word' id='word_1_392' title='bbox 2210 2423 2223 2459; x_wconf 92' lang='lat'><strong>:</strong></span> <span class='ocrx_word' id='word_1_393' title='bbox 2258 2402 2555 2459; x_wconf 80' lang='lat' dir='ltr'><strong><em>Memorare</em></strong></span> <span class='ocrx_word' id='word_1_394' title='bbox 2581 2420 2698 2472; x_wconf 72' lang='lat' dir='ltr'><strong><em>qua:</em></strong></span> <span class='ocrx_word' id='word_1_395' title='bbox 2734 2420 2848 2456; x_wconf 87' lang='lat' dir='ltr'>mea</span> <span class='ocrx_word' id='word_1_396' title='bbox 2876 2402 3194 2467; x_wconf 78' lang='lat' dir='ltr'>substantia,</span> <span class='ocrx_word' id='word_1_397' title='bbox 3227 2411 3280 2457; x_wconf 82' lang='lat' dir='ltr'>et</span> <span class='ocrx_word' id='word_1_398' title='bbox 3308 2412 3520 2460; x_wconf 64' lang='lat' dir='ltr'><strong><em>caetera.</em></strong></span> <span class='ocrx_word' id='word_1_399' title='bbox 3559 2403 3668 2461; x_wconf 86' lang='lat' dir='ltr'>Po--</span> 
     </span>
    </p>
   </div>
   <div class='ocr_carea' id='block_1_55' title="bbox 2099 2498 3666 2570">
    <p class='ocr_par' dir='ltr' id='par_1_55' title="bbox 2099 2498 3666 2570">
     <span class='ocr_line' id='line_1_55' title="bbox 2099 2498 3666 2570; baseline 0.004 -18"><span class='ocrx_word' id='word_1_400' title='bbox 2099 2502 2283 2570; x_wconf 89' lang='lat' dir='ltr'><strong><em>pulum</em></strong></span> <span class='ocrx_word' id='word_1_401' title='bbox 2315 2507 2493 2554; x_wconf 87' lang='lat' dir='ltr'><strong><em>autem</em></strong></span> <span class='ocrx_word' id='word_1_402' title='bbox 2528 2499 2595 2553; x_wconf 90' lang='lat' dir='ltr'>ad</span> <span class='ocrx_word' id='word_1_403' title='bbox 2638 2500 2752 2553; x_wconf 64' lang='lat' dir='ltr'><strong><em>haec</em></strong></span> <span class='ocrx_word' id='word_1_404' title='bbox 2779 2498 3006 2553; x_wconf 88' lang='lat' dir='ltr'><strong><em>dicenda</em></strong></span> <span class='ocrx_word' id='word_1_405' title='bbox 3050 2499 3285 2554; x_wconf 91' lang='lat' dir='ltr'><strong><em>instituit</em></strong></span> <span class='ocrx_word' id='word_1_406' title='bbox 3315 2499 3666 2570; x_wconf 73' lang='lat' dir='ltr'><strong><em>pr0pheticus</em></strong></span> 
     </span>
    </p>
   </div>
   <div class='ocr_carea' id='block_1_56' title="bbox 2097 2590 3668 2661">
    <p class='ocr_par' dir='ltr' id='par_1_56' title="bbox 2097 2590 3668 2661">
     <span class='ocr_line' id='line_1_56' title="bbox 2097 2590 3668 2661; baseline -0.003 -13"><span class='ocrx_word' id='word_1_407' title='bbox 2097 2608 2298 2657; x_wconf 88' lang='lat' dir='ltr'><strong><em>sermo,</em></strong></span> <span class='ocrx_word' id='word_1_408' title='bbox 2324 2600 2382 2646; x_wconf 91' lang='lat' dir='ltr'>ut</span> <span class='ocrx_word' id='word_1_409' title='bbox 2416 2590 2583 2647; x_wconf 87' lang='lat' dir='ltr'><strong><em>Deum</em></strong></span> <span class='ocrx_word' id='word_1_410' title='bbox 2611 2591 2865 2661; x_wconf 88' lang='lat' dir='ltr'>precibus</span> <span class='ocrx_word' id='word_1_411' title='bbox 2898 2605 2961 2645; x_wconf 90' lang='lat' dir='ltr'>ac</span> <span class='ocrx_word' id='word_1_412' title='bbox 2984 2591 3477 2660; x_wconf 85' lang='lat' dir='ltr'>supplicationibus</span> <span class='ocrx_word' id='word_1_413' title='bbox 3507 2592 3668 2648; x_wconf 49' lang='lat' dir='ltr'><strong><em>indu,</em></strong></span> 
     </span>
    </p>
   </div>
   <div class='ocr_carea' id='block_1_57' title="bbox 2095 2682 3668 2752">
    <p class='ocr_par' dir='ltr' id='par_1_57' title="bbox 2095 2682 3668 2752">
     <span class='ocr_line' id='line_1_57' title="bbox 2095 2682 3668 2752; baseline -0.001 -11"><span class='ocrx_word' id='word_1_414' title='bbox 2095 2695 2185 2741; x_wconf 88' lang='lat' dir='ltr'>cat</span> <span class='ocrx_word' id='word_1_415' title='bbox 2218 2685 2285 2739; x_wconf 87' lang='lat' dir='ltr'>ad</span> <span class='ocrx_word' id='word_1_416' title='bbox 2324 2684 2619 2740; x_wconf 86' lang='lat' dir='ltr'><strong><em>sedandam</em></strong></span> <span class='ocrx_word' id='word_1_417' title='bbox 2672 2684 2809 2736; x_wconf 88' lang='lat' dir='ltr'><strong><em>iram</em></strong></span> <span class='ocrx_word' id='word_1_418' title='bbox 2851 2682 3115 2737; x_wconf 81' lang='lat' dir='ltr'><strong><em>adversus</em></strong></span> <span class='ocrx_word' id='word_1_419' title='bbox 3153 2690 3365 2752; x_wconf 86' lang='lat' dir='ltr'><strong><em>gentem</em></strong></span> <span class='ocrx_word' id='word_1_420' title='bbox 3408 2696 3584 2751; x_wconf 88' lang='lat' dir='ltr'><strong><em>suam,</em></strong></span> <span class='ocrx_word' id='word_1_421' title='bbox 3612 2692 3668 2740; x_wconf 87' lang='lat' dir='ltr'>et</span> 
     </span>
    </p>
   </div>
   <div class='ocr_carea' id='block_1_58' title="bbox 2092 2770 3663 2846">
    <p class='ocr_par' dir='ltr' id='par_1_58' title="bbox 2092 2770 3663 2846">
     <span class='ocr_line' id='line_1_58' title="bbox 2092 2770 3663 2846; baseline -0.001 -16"><span class='ocrx_word' id='word_1_422' title='bbox 2092 2783 2245 2846; x_wconf 84' lang='lat' dir='ltr'><strong><em>roget</em></strong></span> <span class='ocrx_word' id='word_1_423' title='bbox 2288 2781 2348 2828; x_wconf 90' lang='lat' dir='ltr'><strong><em>ut</em></strong></span> <span class='ocrx_word' id='word_1_424' title='bbox 2397 2774 2556 2828; x_wconf 90' lang='lat' dir='ltr'><strong><em>ﬁnem</em></strong></span> <span class='ocrx_word' id='word_1_425' title='bbox 2603 2770 2768 2827; x_wconf 80' lang='lat' dir='ltr'><strong><em>faciat</em></strong></span> <span class='ocrx_word' id='word_1_426' title='bbox 2797 2786 2918 2828; x_wconf 87' lang='lat' dir='ltr'><strong><em>sese</em></strong></span> <span class='ocrx_word' id='word_1_427' title='bbox 2950 2772 3260 2827; x_wconf 86' lang='lat' dir='ltr'><strong><em>occultandi</em></strong></span> <span class='ocrx_word' id='word_1_428' title='bbox 3295 2790 3310 2826; x_wconf 89' lang='lat'><strong>:</strong></span> <span class='ocrx_word' id='word_1_429' title='bbox 3343 2782 3497 2843; x_wconf 86' lang='lat' dir='ltr'><strong><em>roget</em></strong></span> <span class='ocrx_word' id='word_1_430' title='bbox 3531 2775 3663 2829; x_wconf 89' lang='lat' dir='ltr'><strong><em>item</em></strong></span> 
     </span>
    </p>
   </div>
   <div class='ocr_carea' id='block_1_59' title="bbox 2092 2864 3666 2935">
    <p class='ocr_par' dir='ltr' id='par_1_59' title="bbox 2092 2864 3666 2935">
     <span class='ocr_line' id='line_1_59' title="bbox 2092 2864 3666 2935; baseline 0.001 -14"><span class='ocrx_word' id='word_1_431' title='bbox 2092 2874 2152 2921; x_wconf 92' lang='lat' dir='ltr'>ut</span> <span class='ocrx_word' id='word_1_432' title='bbox 2183 2872 2264 2921; x_wconf 85' lang='lat' dir='ltr'>vel</span> <span class='ocrx_word' id='word_1_433' title='bbox 2303 2880 2426 2921; x_wconf 89' lang='lat' dir='ltr'><strong><em>sero</em></strong></span> <span class='ocrx_word' id='word_1_434' title='bbox 2454 2864 2671 2919; x_wconf 88' lang='lat' dir='ltr'><strong><em>tandem</em></strong></span> <span class='ocrx_word' id='word_1_435' title='bbox 2714 2880 2834 2934; x_wconf 66' lang='lat' dir='ltr'><strong><em>qua:</em></strong></span> <span class='ocrx_word' id='word_1_436' title='bbox 2865 2864 3048 2919; x_wconf 88' lang='lat' dir='ltr'><strong><em>Davidi</em></strong></span> <span class='ocrx_word' id='word_1_437' title='bbox 3078 2865 3325 2935; x_wconf 89' lang='lat' dir='ltr'><strong><em>promisit</em></strong></span> <span class='ocrx_word' id='word_1_438' title='bbox 3350 2866 3666 2924; x_wconf 81' lang='lat' dir='ltr'><strong><em>hominibus</em></strong></span> 
     </span>
    </p>
   </div>
   <div class='ocr_carea' id='block_1_60' title="bbox 2092 2956 3665 3026">
    <p class='ocr_par' dir='ltr' id='par_1_60' title="bbox 2092 2956 3665 3026">
     <span class='ocr_line' id='line_1_60' title="bbox 2092 2956 3665 3026; baseline -0.002 -11"><span class='ocrx_word' id='word_1_439' title='bbox 2092 2959 2359 3015; x_wconf 85' lang='lat' dir='ltr'><strong><em>conferat.</em></strong></span> <span class='ocrx_word' id='word_1_440' title='bbox 2388 2956 2549 3024; x_wconf 85' lang='lat' dir='ltr'><strong><em>Quia,</em></strong></span> <span class='ocrx_word' id='word_1_441' title='bbox 2589 2957 2786 3026; x_wconf 87' lang='lat' dir='ltr'><strong><em>inquit,</em></strong></span> <span class='ocrx_word' id='word_1_442' title='bbox 2835 2957 3072 3011; x_wconf 86' lang='lat' dir='ltr'><strong><em>humana</em></strong></span> <span class='ocrx_word' id='word_1_443' title='bbox 3119 2966 3313 3011; x_wconf 87' lang='lat' dir='ltr'><strong><em>natura</em></strong></span> <span class='ocrx_word' id='word_1_444' title='bbox 3360 2957 3574 3011; x_wconf 88' lang='lat' dir='ltr'><strong><em>inﬁrma</em></strong></span> <span class='ocrx_word' id='word_1_445' title='bbox 3608 2967 3665 3012; x_wconf 83' lang='lat' dir='ltr'>et</span> 
     </span>
    </p>
   </div>
   <div class='ocr_carea' id='block_1_61' title="bbox 2091 3048 3660 3121">
    <p class='ocr_par' dir='ltr' id='par_1_61' title="bbox 2091 3048 3660 3121">
     <span class='ocr_line' id='line_1_61' title="bbox 2091 3048 3660 3121; baseline 0.001 -16"><span class='ocrx_word' id='word_1_446' title='bbox 2091 3052 2248 3121; x_wconf 92' lang='lat' dir='ltr'><strong><em>inops</em></strong></span> <span class='ocrx_word' id='word_1_447' title='bbox 2277 3058 2382 3117; x_wconf 87' lang='lat' dir='ltr'><strong><em>est,</em></strong></span> <span class='ocrx_word' id='word_1_448' title='bbox 2410 3049 2502 3105; x_wconf 88' lang='lat' dir='ltr'>sed</span> <span class='ocrx_word' id='word_1_449' title='bbox 2534 3058 2714 3105; x_wconf 91' lang='lat' dir='ltr'><strong><em>tamen</em></strong></span> <span class='ocrx_word' id='word_1_450' title='bbox 2743 3048 2912 3104; x_wconf 84' lang='lat' dir='ltr'><strong><em>multo</em></strong></span> <span class='ocrx_word' id='word_1_451' title='bbox 2938 3050 3079 3119; x_wconf 86' lang='lat' dir='ltr'><strong><em>apud</em></strong></span> <span class='ocrx_word' id='word_1_452' title='bbox 3115 3059 3166 3104; x_wconf 91' lang='lat' dir='ltr'>te</span> <span class='ocrx_word' id='word_1_453' title='bbox 3197 3050 3405 3106; x_wconf 86' lang='lat' dir='ltr'><strong><em>honore</em></strong></span> <span class='ocrx_word' id='word_1_454' title='bbox 3433 3050 3660 3121; x_wconf 75' lang='lat' dir='ltr'><strong><em>dignata</em></strong></span> 
     </span>
    </p>
   </div>
   <div class='ocr_carea' id='block_1_62' title="bbox 2089 3140 3664 3213">
    <p class='ocr_par' dir='ltr' id='par_1_62' title="bbox 2089 3140 3664 3213">
     <span class='ocr_line' id='line_1_62' title="bbox 2089 3140 3664 3213; baseline -0.001 -16"><span class='ocrx_word' id='word_1_455' title='bbox 2089 3150 2203 3210; x_wconf 88' lang='lat' dir='ltr'><strong><em>est;</em></strong></span> <span class='ocrx_word' id='word_1_456' title='bbox 2232 3158 2340 3196; x_wconf 90' lang='lat' dir='ltr'><strong><em>non</em></strong></span> <span class='ocrx_word' id='word_1_457' title='bbox 2371 3142 2516 3196; x_wconf 90' lang='lat' dir='ltr'><strong><em>enim</em></strong></span> <span class='ocrx_word' id='word_1_458' title='bbox 2565 3157 2703 3197; x_wconf 82' lang='lat' dir='ltr'><strong><em>vane</em></strong></span> <span class='ocrx_word' id='word_1_459' title='bbox 2750 3142 2951 3198; x_wconf 88' lang='lat' dir='ltr'><strong><em>creasti</em></strong></span> <span class='ocrx_word' id='word_1_460' title='bbox 3001 3140 3142 3196; x_wconf 89' lang='lat' dir='ltr'><strong><em>ﬁlios</em></strong></span> <span class='ocrx_word' id='word_1_461' title='bbox 3187 3141 3489 3206; x_wconf 88' lang='lat' dir='ltr'><strong><em>hominum,</em></strong></span> <span class='ocrx_word' id='word_1_462' title='bbox 3519 3157 3664 3213; x_wconf 77' lang='lat' dir='ltr'><strong><em>quos</em></strong></span> 
     </span>
    </p>
   </div>
   <div class='ocr_carea' id='block_1_63' title="bbox 419 3232 1991 3306">
    <p class='ocr_par' dir='ltr' id='par_1_63' title="bbox 419 3232 1987 3306">
     <span class='ocr_line' id='line_1_63' title="bbox 419 3232 1987 3306; baseline 0.001 -22"><span class='ocrx_word' id='word_1_463' title='bbox 419 3232 557 3304; x_wconf 74' lang='grc' dir='ltr'>πλὴν</span> <span class='ocrx_word' id='word_1_464' title='bbox 589 3232 723 3286; x_wconf 86' lang='grc' dir='ltr'>ἀλλά</span> <span class='ocrx_word' id='word_1_465' title='bbox 748 3234 1004 3303; x_wconf 82' lang='grc' dir='ltr'>πλείστης</span> <span class='ocrx_word' id='word_1_466' title='bbox 1029 3235 1253 3304; x_wconf 73' lang='grc' dir='ltr'>ἠξίωται</span> <span class='ocrx_word' id='word_1_467' title='bbox 1280 3234 1431 3306; x_wconf 87' lang='grc' dir='ltr'>παρά</span> <span class='ocrx_word' id='word_1_468' title='bbox 1455 3235 1537 3288; x_wconf 77' lang='grc' dir='ltr'>σοὶ</span> <span class='ocrx_word' id='word_1_469' title='bbox 1562 3234 1753 3305; x_wconf 83' lang='grc' dir='ltr'>τιμῆς·</span> <span class='ocrx_word' id='word_1_470' title='bbox 1787 3233 1847 3285; x_wconf 82' lang='grc' dir='ltr'>ού</span> <span class='ocrx_word' id='word_1_471' title='bbox 1878 3232 1987 3305; x_wconf 92' lang='grc' dir='ltr'>γάρ</span> 
     </span>
    </p>
   </div>
   <div class='ocr_carea' id='block_1_64' title="bbox 2088 3232 3664 3306">
    <p class='ocr_par' dir='ltr' id='par_1_64' title="bbox 2090 3233 3664 3305">
     <span class='ocr_line' id='line_1_64' title="bbox 2090 3233 3664 3305; baseline -0.001 -13"><span class='ocrx_word' id='word_1_472' title='bbox 2090 3236 2387 3292; x_wconf 87' lang='lat' dir='ltr'><strong><em>secundum</em></strong></span> <span class='ocrx_word' id='word_1_473' title='bbox 2420 3236 2711 3305; x_wconf 81' lang='lat' dir='ltr'><strong><em>imaginem</em></strong></span> <span class='ocrx_word' id='word_1_474' title='bbox 2740 3243 2887 3289; x_wconf 89' lang='lat' dir='ltr'><strong><em>tuam</em></strong></span> <span class='ocrx_word' id='word_1_475' title='bbox 2912 3233 3203 3288; x_wconf 83' lang='lat' dir='ltr'><strong><em>condidisti</em></strong></span> <span class='ocrx_word' id='word_1_476' title='bbox 3228 3252 3243 3301; x_wconf 87' lang='lat'><strong>;</strong></span> <span class='ocrx_word' id='word_1_477' title='bbox 3273 3243 3561 3305; x_wconf 86' lang='lat' dir='ltr'><strong><em>eapropter</em></strong></span> <span class='ocrx_word' id='word_1_478' title='bbox 3593 3251 3664 3291; x_wconf 87' lang='lat' dir='ltr'>ne</span> 
     </span>
    </p>
   </div>
   <div class='ocr_carea' id='block_1_65' title="bbox 418 3323 1984 3396">
    <p class='ocr_par' dir='ltr' id='par_1_65' title="bbox 418 3323 1984 3396">
     <span class='ocr_line' id='line_1_65' title="bbox 418 3323 1984 3396; baseline 0 -19"><span class='ocrx_word' id='word_1_479' title='bbox 418 3324 662 3395; x_wconf 81' lang='grc' dir='ltr'>ματαίως</span> <span class='ocrx_word' id='word_1_480' title='bbox 687 3323 906 3388; x_wconf 77' lang='grc' dir='ltr'>ἔκτισας</span> <span class='ocrx_word' id='word_1_481' title='bbox 930 3328 1056 3387; x_wconf 81' lang='grc' dir='ltr'>τοὺς</span> <span class='ocrx_word' id='word_1_482' title='bbox 1088 3324 1236 3387; x_wconf 79' lang='grc' dir='ltr'>υἱοὺς</span> <span class='ocrx_word' id='word_1_483' title='bbox 1264 3324 1371 3378; x_wconf 88' lang='grc' dir='ltr'>τῶν</span> <span class='ocrx_word' id='word_1_484' title='bbox 1401 3324 1723 3396; x_wconf 83' lang='grc' dir='ltr'>ἀνθρώπων,</span> <span class='ocrx_word' id='word_1_485' title='bbox 1747 3323 1840 3388; x_wconf 78' lang='grc' dir='ltr'>οὓς</span> <span class='ocrx_word' id='word_1_486' title='bbox 1866 3324 1984 3377; x_wconf 87' lang='grc' dir='ltr'>κατ’</span> 
     </span>
    </p>
   </div>
   <div class='ocr_carea' id='block_1_66' title="bbox 413 3412 1986 3485">
    <p class='ocr_par' dir='ltr' id='par_1_66' title="bbox 413 3412 1986 3485">
     <span class='ocr_line' id='line_1_66' title="bbox 413 3412 1986 3485; baseline -0.001 -18"><span class='ocrx_word' id='word_1_487' title='bbox 413 3413 600 3467; x_wconf 80' lang='grc' dir='ltr'>εἰκόνα</span> <span class='ocrx_word' id='word_1_488' title='bbox 642 3414 741 3483; x_wconf 84' lang='grc' dir='ltr'>τὴν</span> <span class='ocrx_word' id='word_1_489' title='bbox 772 3414 869 3485; x_wconf 85' lang='grc' dir='ltr'>σὴν</span> <span class='ocrx_word' id='word_1_490' title='bbox 902 3412 1342 3484; x_wconf 82' lang='grc' dir='ltr'>ἐδημιούργησας</span> <span class='ocrx_word' id='word_1_491' title='bbox 1361 3431 1374 3444; x_wconf 88' lang='grc'><strong>·</strong></span> <span class='ocrx_word' id='word_1_492' title='bbox 1398 3413 1464 3466; x_wconf 80' lang='grc' dir='ltr'>δι’</span> <span class='ocrx_word' id='word_1_493' title='bbox 1494 3414 1522 3466; x_wconf 84' lang='grc' dir='ltr'><strong>ὃ</strong></span> <span class='ocrx_word' id='word_1_494' title='bbox 1572 3414 1660 3468; x_wconf 86' lang='grc' dir='ltr'>ἴνα</span> <span class='ocrx_word' id='word_1_495' title='bbox 1693 3414 1766 3485; x_wconf 83' lang='grc' dir='ltr'>μὴ</span> <span class='ocrx_word' id='word_1_496' title='bbox 1804 3413 1866 3466; x_wconf 81' lang='grc' dir='ltr'>τὸ</span> <span class='ocrx_word' id='word_1_497' title='bbox 1895 3413 1986 3466; x_wconf 77' lang='grc' dir='ltr'>σὸν</span> 
     </span>
    </p>
   </div>
   <div class='ocr_carea' id='block_1_67' title="bbox 414 3504 1988 3578">
    <p class='ocr_par' dir='ltr' id='par_1_67' title="bbox 414 3504 1988 3578">
     <span class='ocr_line' id='line_1_67' title="bbox 414 3504 1988 3578; baseline 0.001 -21"><span class='ocrx_word' id='word_1_498' title='bbox 414 3505 619 3575; x_wconf 83' lang='grc' dir='ltr'>κτίσμα</span> <span class='ocrx_word' id='word_1_499' title='bbox 650 3507 745 3557; x_wconf 76' lang='grc' dir='ltr'>καὶ</span> <span class='ocrx_word' id='word_1_500' title='bbox 775 3508 807 3577; x_wconf 80' lang='grc' dir='ltr'>ἡ</span> <span class='ocrx_word' id='word_1_501' title='bbox 846 3506 912 3578; x_wconf 80' lang='grc' dir='ltr'>σὴ</span> <span class='ocrx_word' id='word_1_502' title='bbox 944 3505 1106 3559; x_wconf 80' lang='grc' dir='ltr'>εἰκὼν</span> <span class='ocrx_word' id='word_1_503' title='bbox 1143 3506 1533 3578; x_wconf 71' lang='grc' dir='ltr'>παραπόληται</span> <span class='ocrx_word' id='word_1_504' title='bbox 1572 3505 1660 3559; x_wconf 87' lang='grc' dir='ltr'>διά</span> <span class='ocrx_word' id='word_1_505' title='bbox 1689 3506 1789 3577; x_wconf 82' lang='grc' dir='ltr'>τῆς</span> <span class='ocrx_word' id='word_1_506' title='bbox 1830 3504 1988 3558; x_wconf 80' lang='grc' dir='ltr'>ἐπελ-</span> 
     </span>
    </p>
   </div>
   <div class='ocr_carea' id='block_1_68' title="bbox 414 3594 1984 3670">
    <p class='ocr_par' dir='ltr' id='par_1_68' title="bbox 414 3594 1984 3670">
     <span class='ocr_line' id='line_1_68' title="bbox 414 3594 1984 3670; baseline 0.003 -23"><span class='ocrx_word' id='word_1_507' title='bbox 414 3594 612 3664; x_wconf 86' lang='grc' dir='ltr'>θούσης</span> <span class='ocrx_word' id='word_1_508' title='bbox 656 3595 845 3666; x_wconf 79' lang='grc' dir='ltr'>ὀργῆς,</span> <span class='ocrx_word' id='word_1_509' title='bbox 880 3598 972 3668; x_wconf 73' lang='grc' dir='ltr'>καὶ</span> <span class='ocrx_word' id='word_1_510' title='bbox 1011 3598 1109 3667; x_wconf 85' lang='grc' dir='ltr'>τῆς</span> <span class='ocrx_word' id='word_1_511' title='bbox 1146 3598 1255 3650; x_wconf 82' lang='grc' dir='ltr'>τῶν</span> <span class='ocrx_word' id='word_1_512' title='bbox 1298 3598 1719 3669; x_wconf 78' lang='grc' dir='ltr'>ἐπηγγελμένων</span> <span class='ocrx_word' id='word_1_513' title='bbox 1750 3597 1984 3670; x_wconf 83' lang='grc' dir='ltr'>ὑπερθέ-</span> 
     </span>
    </p>
   </div>
   <div class='ocr_carea' id='block_1_69' title="bbox 413 3687 1983 3761">
    <p class='ocr_par' dir='ltr' id='par_1_69' title="bbox 413 3687 1983 3761">
     <span class='ocr_line' id='line_1_69' title="bbox 413 3687 1983 3761; baseline 0.003 -23"><span class='ocrx_word' id='word_1_514' title='bbox 413 3704 571 3753; x_wconf 86' lang='grc' dir='ltr'>σεως,</span> <span class='ocrx_word' id='word_1_515' title='bbox 604 3687 833 3757; x_wconf 87' lang='grc' dir='ltr'>τάχυνον</span> <span class='ocrx_word' id='word_1_516' title='bbox 870 3688 1278 3760; x_wconf 82' lang='grc' dir='ltr'>ἀνακτήσασθαι</span> <span class='ocrx_word' id='word_1_517' title='bbox 1310 3690 1378 3743; x_wconf 80' lang='grc' dir='ltr'>τὰ</span> <span class='ocrx_word' id='word_1_518' title='bbox 1411 3689 1727 3761; x_wconf 84' lang='grc' dir='ltr'>σκυθρωπὰ,</span> <span class='ocrx_word' id='word_1_519' title='bbox 1761 3691 1854 3743; x_wconf 78' lang='grc' dir='ltr'>καὶ</span> <span class='ocrx_word' id='word_1_520' title='bbox 1893 3690 1983 3743; x_wconf 86' lang='grc' dir='ltr'>θε-</span> 
     </span>
    </p>
   </div>
   <div class='ocr_carea' id='block_1_70' title="bbox 413 3779 1983 3854">
    <p class='ocr_par' dir='ltr' id='par_1_70' title="bbox 413 3779 1983 3854">
     <span class='ocr_line' id='line_1_70' title="bbox 413 3779 1983 3854; baseline -0.003 -20"><span class='ocrx_word' id='word_1_521' title='bbox 413 3780 684 3854; x_wconf 80' lang='grc' dir='ltr'>ραπεῦσαι</span> <span class='ocrx_word' id='word_1_522' title='bbox 706 3780 774 3834; x_wconf 90' lang='grc' dir='ltr'>τά</span> <span class='ocrx_word' id='word_1_523' title='bbox 796 3781 1095 3852; x_wconf 79' lang='grc' dir='ltr'>νοσήσαντα</span> <span class='ocrx_word' id='word_1_524' title='bbox 1116 3779 1204 3833; x_wconf 62' lang='lat' dir='ltr'><strong><em>se;</em></strong></span> <span class='ocrx_word' id='word_1_525' title='bbox 1232 3779 1334 3849; x_wconf 81' lang='grc' dir='ltr'>τῆς</span> <span class='ocrx_word' id='word_1_526' title='bbox 1360 3779 1466 3833; x_wconf 84' lang='grc' dir='ltr'>τῶν</span> <span class='ocrx_word' id='word_1_527' title='bbox 1503 3779 1722 3848; x_wconf 83' lang='grc' dir='ltr'>ἀγαθῶν</span> <span class='ocrx_word' id='word_1_528' title='bbox 1747 3780 1983 3847; x_wconf 72' lang='grc' dir='ltr'>ἐπαγγε-</span> 
     </span>
    </p>
   </div>
   <div class='ocr_carea' id='block_1_71' title="bbox 410 3868 1984 3944">
    <p class='ocr_par' dir='ltr' id='par_1_71' title="bbox 410 3868 1984 3944">
     <span class='ocr_line' id='line_1_71' title="bbox 410 3868 1984 3944; baseline -0.001 -18"><span class='ocrx_word' id='word_1_529' title='bbox 410 3873 540 3926; x_wconf 84' lang='grc' dir='ltr'>λιῶν</span> <span class='ocrx_word' id='word_1_530' title='bbox 583 3874 877 3936; x_wconf 74' lang='grc' dir='ltr'>ἐκϐάσεως.</span> <span class='ocrx_word' id='word_1_531' title='bbox 918 3874 980 3925; x_wconf 85' lang='grc' dir='ltr'>Εἰ</span> <span class='ocrx_word' id='word_1_532' title='bbox 1017 3873 1112 3944; x_wconf 79' lang='grc' dir='ltr'>μὲν</span> <span class='ocrx_word' id='word_1_533' title='bbox 1157 3871 1266 3942; x_wconf 76' lang='grc' dir='ltr'>γὰρ</span> <span class='ocrx_word' id='word_1_534' title='bbox 1308 3868 1449 3942; x_wconf 79' lang='grc' dir='ltr'>ἦσαν</span> <span class='ocrx_word' id='word_1_535' title='bbox 1489 3874 1536 3925; x_wconf 77' lang='lat' dir='ltr'>ot</span> <span class='ocrx_word' id='word_1_536' title='bbox 1584 3871 1861 3942; x_wconf 78' lang='grc' dir='ltr'>ἄνθρωποι</span> <span class='ocrx_word' id='word_1_537' title='bbox 1904 3875 1984 3936; x_wconf 82' lang='grc' dir='ltr'>είς</span> 
     </span>
    </p>
   </div>
   <div class='ocr_carea' id='block_1_72' title="bbox 414 3961 1982 4036">
    <p class='ocr_par' dir='ltr' id='par_1_72' title="bbox 414 3961 1982 4036">
     <span class='ocr_line' id='line_1_72' title="bbox 414 3961 1982 4036; baseline -0.003 -17"><span class='ocrx_word' id='word_1_538' title='bbox 414 3966 642 4036; x_wconf 87' lang='grc' dir='ltr'>μάταιον</span> <span class='ocrx_word' id='word_1_539' title='bbox 688 3964 998 4036; x_wconf 78' lang='grc' dir='ltr'>ὲκτισμένοι</span> <span class='ocrx_word' id='word_1_540' title='bbox 1051 3962 1252 4033; x_wconf 85' lang='grc' dir='ltr'>ὁμοίως</span> <span class='ocrx_word' id='word_1_541' title='bbox 1302 3964 1413 4025; x_wconf 84' lang='grc' dir='ltr'>τοῖς</span> <span class='ocrx_word' id='word_1_542' title='bbox 1458 3962 1552 4014; x_wconf 72' lang='grc' dir='ltr'>ἐπὶ</span> <span class='ocrx_word' id='word_1_543' title='bbox 1603 3963 1708 4033; x_wconf 80' lang='grc' dir='ltr'>γῆς</span> <span class='ocrx_word' id='word_1_544' title='bbox 1770 3961 1982 4029; x_wconf 87' lang='grc' dir='ltr'>ἀλόγοις</span> 
     </span>
    </p>
   </div>
   <div class='ocr_carea' id='block_1_73' title="bbox 410 4052 1981 4125">
    <p class='ocr_par' dir='ltr' id='par_1_73' title="bbox 410 4052 1981 4125">
     <span class='ocr_line' id='line_1_73' title="bbox 410 4052 1981 4125; baseline -0.004 -15"><span class='ocrx_word' id='word_1_545' title='bbox 410 4057 590 4122; x_wconf 78' lang='grc' dir='ltr'>ζώοις,</span> <span class='ocrx_word' id='word_1_546' title='bbox 632 4057 732 4109; x_wconf 77' lang='grc' dir='ltr'>οὐκ</span> <span class='ocrx_word' id='word_1_547' title='bbox 769 4055 835 4111; x_wconf 83' lang='grc' dir='ltr'>ἂν</span> <span class='ocrx_word' id='word_1_548' title='bbox 876 4056 1027 4109; x_wconf 77' lang='grc' dir='ltr'>οὐδὲν</span> <span class='ocrx_word' id='word_1_549' title='bbox 1070 4055 1254 4117; x_wconf 75' lang='grc' dir='ltr'>αὐτοῖς</span> <span class='ocrx_word' id='word_1_550' title='bbox 1290 4054 1458 4125; x_wconf 76' lang='grc' dir='ltr'>ἐχρῆν</span> <span class='ocrx_word' id='word_1_551' title='bbox 1486 4053 1627 4123; x_wconf 85' lang='grc' dir='ltr'>μέγα</span> <span class='ocrx_word' id='word_1_552' title='bbox 1649 4052 1981 4121; x_wconf 77' lang='grc' dir='ltr'>ἐπαγγέλλε-</span> 
     </span>
    </p>
   </div>
   <div class='ocr_carea' id='block_1_74' title="bbox 410 4143 1982 4216">
    <p class='ocr_par' dir='ltr' id='par_1_74' title="bbox 410 4143 1982 4216">
     <span class='ocr_line' id='line_1_74' title="bbox 410 4143 1982 4216; baseline -0.004 -13"><span class='ocrx_word' id='word_1_553' title='bbox 410 4149 567 4204; x_wconf 86' lang='grc' dir='ltr'>σθαι·</span> <span class='ocrx_word' id='word_1_554' title='bbox 591 4149 681 4202; x_wconf 84' lang='grc' dir='ltr'>ὅτε</span> <span class='ocrx_word' id='word_1_555' title='bbox 706 4147 763 4201; x_wconf 84' lang='grc' dir='ltr'>δὲ</span> <span class='ocrx_word' id='word_1_556' title='bbox 794 4147 1019 4201; x_wconf 82' lang='grc' dir='ltr'>τοιαῦτα</span> <span class='ocrx_word' id='word_1_557' title='bbox 1048 4145 1337 4215; x_wconf 80' lang='grc' dir='ltr'>φθάνουσιν</span> <span class='ocrx_word' id='word_1_558' title='bbox 1365 4143 1673 4216; x_wconf 87' lang='grc' dir='ltr'>ἀνθρώποις</span> <span class='ocrx_word' id='word_1_559' title='bbox 1700 4144 1982 4214; x_wconf 81' lang='grc' dir='ltr'>εὐαγγελι-</span> 
     </span>
    </p>
   </div>
   <div class='ocr_carea' id='block_1_75' title="bbox 409 4236 1978 4313">
    <p class='ocr_par' dir='ltr' id='par_1_75' title="bbox 409 4236 1978 4313">
     <span class='ocr_line' id='line_1_75' title="bbox 409 4236 1978 4313; baseline -0.003 -18"><span class='ocrx_word' id='word_1_560' title='bbox 409 4241 633 4312; x_wconf 77' lang='grc' dir='ltr'>ζόμεναι</span> <span class='ocrx_word' id='word_1_561' title='bbox 671 4242 729 4295; x_wconf 86' lang='grc' dir='ltr'>αἱ</span> <span class='ocrx_word' id='word_1_562' title='bbox 777 4240 914 4313; x_wconf 83' lang='grc' dir='ltr'>πρὸς</span> <span class='ocrx_word' id='word_1_563' title='bbox 959 4239 1049 4292; x_wconf 84' lang='grc' dir='ltr'>τὸν</span> <span class='ocrx_word' id='word_1_564' title='bbox 1088 4236 1249 4292; x_wconf 82' lang='grc' dir='ltr'>Δαυῒό</span> <span class='ocrx_word' id='word_1_565' title='bbox 1281 4237 1635 4308; x_wconf 86' lang='grc' dir='ltr'>ὁρκωμοσίαι,</span> <span class='ocrx_word' id='word_1_566' title='bbox 1675 4236 1833 4291; x_wconf 87' lang='grc' dir='ltr'>παντί</span> <span class='ocrx_word' id='word_1_567' title='bbox 1876 4254 1978 4290; x_wconf 90' lang='grc' dir='ltr'>που</span> 
     </span>
    </p>
   </div>
   <div class='ocr_carea' id='block_1_76' title="bbox 405 4327 1980 4403">
    <p class='ocr_par' dir='ltr' id='par_1_76' title="bbox 405 4327 1980 4403">
     <span class='ocr_line' id='line_1_76' title="bbox 405 4327 1980 4403; baseline -0.004 -17"><span class='ocrx_word' id='word_1_568' title='bbox 405 4332 564 4403; x_wconf 77' lang='grc' dir='ltr'>δῆλον</span> <span class='ocrx_word' id='word_1_569' title='bbox 594 4331 855 4397; x_wconf 77' lang='grc' dir='ltr'>ποιοῦσιν,</span> <span class='ocrx_word' id='word_1_570' title='bbox 878 4333 959 4385; x_wconf 83' lang='grc' dir='ltr'>ὃτι</span> <span class='ocrx_word' id='word_1_571' title='bbox 984 4331 1058 4402; x_wconf 85' lang='grc' dir='ltr'>μὴ</span> <span class='ocrx_word' id='word_1_572' title='bbox 1081 4331 1173 4383; x_wconf 75' lang='grc' dir='ltr'>ἐπὶ</span> <span class='ocrx_word' id='word_1_573' title='bbox 1206 4331 1417 4402; x_wconf 83' lang='grc' dir='ltr'>ματαίῳ</span> <span class='ocrx_word' id='word_1_574' title='bbox 1442 4327 1661 4393; x_wconf 76' lang='grc' dir='ltr'>ἔκτισας</span> <span class='ocrx_word' id='word_1_575' title='bbox 1685 4330 1811 4388; x_wconf 81' lang='grc' dir='ltr'>τοὺς</span> <span class='ocrx_word' id='word_1_576' title='bbox 1832 4329 1980 4392; x_wconf 79' lang='grc' dir='ltr'>υἱοὺς</span> 
     </span>
    </p>
   </div>
   <div class='ocr_carea' id='block_1_77' title="bbox 405 4421 1979 4495">
    <p class='ocr_par' dir='ltr' id='par_1_77' title="bbox 405 4421 1979 4495">
     <span class='ocr_line' id='line_1_77' title="bbox 405 4421 1979 4495; baseline -0.003 -16"><span class='ocrx_word' id='word_1_577' title='bbox 405 4426 514 4479; x_wconf 83' lang='grc' dir='ltr'>τῶν</span> <span class='ocrx_word' id='word_1_578' title='bbox 546 4424 869 4495; x_wconf 86' lang='grc' dir='ltr'>ἀνθρώπων.</span> <span class='ocrx_word' id='word_1_579' title='bbox 909 4424 1061 4476; x_wconf 75' lang='grc' dir='ltr'>Ἐπεὶ</span> <span class='ocrx_word' id='word_1_580' title='bbox 1088 4423 1264 4477; x_wconf 82' lang='grc' dir='ltr'>τοίνυν</span> <span class='ocrx_word' id='word_1_581' title='bbox 1292 4421 1543 4491; x_wconf 83' lang='grc' dir='ltr'>τοιαύτης</span> <span class='ocrx_word' id='word_1_582' title='bbox 1571 4422 1798 4492; x_wconf 78' lang='grc' dir='ltr'>ἠξίωται</span> <span class='ocrx_word' id='word_1_583' title='bbox 1828 4421 1979 4493; x_wconf 83' lang='grc' dir='ltr'>παρά</span> 
     </span>
    </p>
   </div>
   <div class='ocr_carea' id='block_1_78' title="bbox 408 4513 1976 4587">
    <p class='ocr_par' dir='ltr' id='par_1_78' title="bbox 408 4513 1976 4587">
     <span class='ocr_line' id='line_1_78' title="bbox 408 4513 1976 4587; baseline -0.001 -19"><span class='ocrx_word' id='word_1_584' title='bbox 408 4516 492 4569; x_wconf 77' lang='grc' dir='ltr'>σοὶ</span> <span class='ocrx_word' id='word_1_585' title='bbox 514 4515 684 4587; x_wconf 77' lang='grc' dir='ltr'>τιμῆς</span> <span class='ocrx_word' id='word_1_586' title='bbox 713 4518 746 4586; x_wconf 77' lang='grc' dir='ltr'><strong>ἡ</strong></span> <span class='ocrx_word' id='word_1_587' title='bbox 783 4514 1096 4587; x_wconf 86' lang='grc' dir='ltr'>ἀνθρωπεία</span> <span class='ocrx_word' id='word_1_588' title='bbox 1126 4514 1307 4584; x_wconf 86' lang='grc' dir='ltr'>φύσις,</span> <span class='ocrx_word' id='word_1_589' title='bbox 1350 4513 1574 4578; x_wconf 76' lang='grc' dir='ltr'>εἰκότως</span> <span class='ocrx_word' id='word_1_590' title='bbox 1614 4513 1776 4584; x_wconf 73' lang='grc' dir='ltr'>φημὶ,</span> <span class='ocrx_word' id='word_1_591' title='bbox 1812 4513 1976 4583; x_wconf 84' lang='grc' dir='ltr'>Μνή-</span> 
     </span>
    </p>
   </div>
   <div class='ocr_carea' id='block_1_79' title="bbox 2087 3326 3659 3399">
    <p class='ocr_par' dir='ltr' id='par_1_79' title="bbox 2087 3326 3659 3399">
     <span class='ocr_line' id='line_1_79' title="bbox 2087 3326 3659 3399; baseline -0.002 -16"><span class='ocrx_word' id='word_1_592' title='bbox 2087 3327 2360 3397; x_wconf 88' lang='lat' dir='ltr'><strong><em>opiﬁcium</em></strong></span> <span class='ocrx_word' id='word_1_593' title='bbox 2392 3336 2543 3381; x_wconf 91' lang='lat' dir='ltr'><strong><em>tuum</em></strong></span> <span class='ocrx_word' id='word_1_594' title='bbox 2571 3334 2625 3381; x_wconf 90' lang='lat' dir='ltr'>et</span> <span class='ocrx_word' id='word_1_595' title='bbox 2668 3326 2846 3396; x_wconf 88' lang='lat' dir='ltr'><strong><em>imago</em></strong></span> <span class='ocrx_word' id='word_1_596' title='bbox 2879 3334 2973 3379; x_wconf 88' lang='lat' dir='ltr'>tua</span> <span class='ocrx_word' id='word_1_597' title='bbox 3004 3340 3101 3394; x_wconf 92' lang='lat' dir='ltr'>per</span> <span class='ocrx_word' id='word_1_598' title='bbox 3137 3328 3479 3399; x_wconf 72' lang='lat' dir='ltr'><strong><em>ingruentem</em></strong></span> <span class='ocrx_word' id='word_1_599' title='bbox 3522 3326 3659 3381; x_wconf 91' lang='lat' dir='ltr'><strong><em>iram</em></strong></span> 
     </span>
    </p>
   </div>
   <div class='ocr_carea' id='block_1_80' title="bbox 2086 3418 3660 3492">
    <p class='ocr_par' dir='ltr' id='par_1_80' title="bbox 2086 3418 3660 3492">
     <span class='ocr_line' id='line_1_80' title="bbox 2086 3418 3660 3492; baseline 0.002 -17"><span class='ocrx_word' id='word_1_600' title='bbox 2086 3428 2140 3475; x_wconf 93' lang='lat' dir='ltr'>et</span> <span class='ocrx_word' id='word_1_601' title='bbox 2168 3421 2562 3492; x_wconf 89' lang='lat' dir='ltr'><strong><em>promissorum</em></strong></span> <span class='ocrx_word' id='word_1_602' title='bbox 2595 3418 2904 3475; x_wconf 89' lang='lat' dir='ltr'><strong><em>dilationem</em></strong></span> <span class='ocrx_word' id='word_1_603' title='bbox 2960 3426 3164 3489; x_wconf 86' lang='lat' dir='ltr'><strong><em>pereat,</em></strong></span> <span class='ocrx_word' id='word_1_604' title='bbox 3218 3430 3429 3476; x_wconf 88' lang='lat' dir='ltr'><strong><em>mature</em></strong></span> <span class='ocrx_word' id='word_1_605' title='bbox 3480 3421 3660 3478; x_wconf 79' lang='lat' dir='ltr'><strong><em>tristia</em></strong></span> 
     </span>
    </p>
   </div>
   <div class='ocr_carea' id='block_1_81' title="bbox 2087 3510 3660 3583">
    <p class='ocr_par' dir='ltr' id='par_1_81' title="bbox 2087 3510 3660 3583">
     <span class='ocr_line' id='line_1_81' title="bbox 2087 3510 3660 3583; baseline 0.001 -17"><span class='ocrx_word' id='word_1_606' title='bbox 2087 3511 2177 3566; x_wconf 88' lang='lat' dir='ltr'><strong><em>illa</em></strong></span> <span class='ocrx_word' id='word_1_607' title='bbox 2208 3527 2449 3582; x_wconf 88' lang='lat' dir='ltr'><strong><em>repares,</em></strong></span> <span class='ocrx_word' id='word_1_608' title='bbox 2490 3511 2824 3582; x_wconf 88' lang='lat' dir='ltr'><strong><em>inﬁrmisque</em></strong></span> <span class='ocrx_word' id='word_1_609' title='bbox 2875 3510 3143 3566; x_wconf 85' lang='lat' dir='ltr'><strong><em>medearis</em></strong></span> <span class='ocrx_word' id='word_1_610' title='bbox 3188 3526 3286 3581; x_wconf 88' lang='lat' dir='ltr'>per</span> <span class='ocrx_word' id='word_1_611' title='bbox 3334 3512 3660 3583; x_wconf 83' lang='lat' dir='ltr'><strong><em>promissio-</em></strong></span> 
     </span>
    </p>
   </div>
   <div class='ocr_carea' id='block_1_82' title="bbox 2086 3603 3657 3674">
    <p class='ocr_par' dir='ltr' id='par_1_82' title="bbox 2086 3603 3657 3674">
     <span class='ocr_line' id='line_1_82' title="bbox 2086 3603 3657 3674; baseline 0.001 -15"><span class='ocrx_word' id='word_1_612' title='bbox 2086 3622 2215 3659; x_wconf 91' lang='lat' dir='ltr'><strong><em>num</em></strong></span> <span class='ocrx_word' id='word_1_613' title='bbox 2250 3607 2453 3660; x_wconf 85' lang='lat' dir='ltr'><strong><em>exitum</em></strong></span> <span class='ocrx_word' id='word_1_614' title='bbox 2485 3611 2539 3659; x_wconf 88' lang='lat' dir='ltr'><strong><em>et</em></strong></span> <span class='ocrx_word' id='word_1_615' title='bbox 2594 3605 3070 3674; x_wconf 83' lang='lat' dir='ltr'><strong><em>complementum.</em></strong></span> <span class='ocrx_word' id='word_1_616' title='bbox 3123 3603 3256 3657; x_wconf 81' lang='lat' dir='ltr'>Nam</span> <span class='ocrx_word' id='word_1_617' title='bbox 3307 3604 3354 3658; x_wconf 90' lang='lat' dir='ltr'><strong><em>si</em></strong></span> <span class='ocrx_word' id='word_1_618' title='bbox 3407 3604 3657 3661; x_wconf 79' lang='lat' dir='ltr'><strong><em>homines</em></strong></span> 
     </span>
    </p>
   </div>
   <div class='ocr_carea' id='block_1_83' title="bbox 2084 3695 3652 3767">
    <p class='ocr_par' dir='ltr' id='par_1_83' title="bbox 2084 3695 3652 3767">
     <span class='ocr_line' id='line_1_83' title="bbox 2084 3695 3652 3767; baseline -0.001 -16"><span class='ocrx_word' id='word_1_619' title='bbox 2084 3698 2307 3767; x_wconf 88' lang='lat' dir='ltr'><strong><em>perinde</em></strong></span> <span class='ocrx_word' id='word_1_620' title='bbox 2325 3705 2487 3767; x_wconf 91' lang='lat' dir='ltr'><strong><em>atque</em></strong></span> <span class='ocrx_word' id='word_1_621' title='bbox 2507 3697 2666 3750; x_wconf 88' lang='lat' dir='ltr'><strong><em>bruta</em></strong></span> <span class='ocrx_word' id='word_1_622' title='bbox 2683 3695 2941 3749; x_wconf 87' lang='lat' dir='ltr'><strong><em>animalia</em></strong></span> <span class='ocrx_word' id='word_1_623' title='bbox 2964 3695 3016 3748; x_wconf 93' lang='lat' dir='ltr'>in</span> <span class='ocrx_word' id='word_1_624' title='bbox 3041 3709 3239 3749; x_wconf 86' lang='lat' dir='ltr'><strong><em>vanum</em></strong></span> <span class='ocrx_word' id='word_1_625' title='bbox 3257 3696 3426 3750; x_wconf 89' lang='lat' dir='ltr'><strong><em>creati</em></strong></span> <span class='ocrx_word' id='word_1_626' title='bbox 3446 3703 3652 3761; x_wconf 86' lang='lat' dir='ltr'><strong><em>essent,</em></strong></span> 
     </span>
    </p>
   </div>
   <div class='ocr_carea' id='block_1_84' title="bbox 2084 3785 3653 3858">
    <p class='ocr_par' dir='ltr' id='par_1_84' title="bbox 2084 3785 3653 3858">
     <span class='ocr_line' id='line_1_84' title="bbox 2084 3785 3653 3858; baseline 0 -16"><span class='ocrx_word' id='word_1_627' title='bbox 2084 3788 2221 3842; x_wconf 85' lang='lat' dir='ltr'><strong><em>nihil</em></strong></span> <span class='ocrx_word' id='word_1_628' title='bbox 2253 3788 2386 3858; x_wconf 90' lang='lat' dir='ltr'><strong><em>ipsis</em></strong></span> <span class='ocrx_word' id='word_1_629' title='bbox 2415 3802 2665 3856; x_wconf 83' lang='lat' dir='ltr'><strong><em>magnum</em></strong></span> <span class='ocrx_word' id='word_1_630' title='bbox 2715 3785 3137 3857; x_wconf 88' lang='lat' dir='ltr'><strong><em>promittendum</em></strong></span> <span class='ocrx_word' id='word_1_631' title='bbox 3168 3795 3312 3842; x_wconf 87' lang='lat' dir='ltr'><strong><em>esset</em></strong></span> <span class='ocrx_word' id='word_1_632' title='bbox 3352 3805 3365 3842; x_wconf 90' lang='lat'><strong>:</strong></span> <span class='ocrx_word' id='word_1_633' title='bbox 3397 3798 3653 3842; x_wconf 80' lang='lat' dir='ltr'><strong><em>cum‘au-</em></strong></span> 
     </span>
    </p>
   </div>
   <div class='ocr_carea' id='block_1_85' title="bbox 2085 3876 3653 3947">
    <p class='ocr_par' dir='ltr' id='par_1_85' title="bbox 2085 3876 3653 3947">
     <span class='ocr_line' id='line_1_85' title="bbox 2085 3876 3653 3947; baseline 0.002 -13"><span class='ocrx_word' id='word_1_634' title='bbox 2085 3890 2188 3934; x_wconf 91' lang='lat' dir='ltr'>tem</span> <span class='ocrx_word' id='word_1_635' title='bbox 2209 3880 2517 3947; x_wconf 87' lang='lat' dir='ltr'><strong><em>juramenta</em></strong></span> <span class='ocrx_word' id='word_1_636' title='bbox 2552 3876 2738 3931; x_wconf 86' lang='lat' dir='ltr'><strong><em>Davidi</em></strong></span> <span class='ocrx_word' id='word_1_637' title='bbox 2766 3877 2913 3943; x_wconf 88' lang='lat' dir='ltr'><strong><em>data,</em></strong></span> <span class='ocrx_word' id='word_1_638' title='bbox 2963 3879 3092 3932; x_wconf 86' lang='lat' dir='ltr'><strong><em>talia</em></strong></span> <span class='ocrx_word' id='word_1_639' title='bbox 3144 3879 3287 3934; x_wconf 86' lang='lat' dir='ltr'><strong><em>bona</em></strong></span> <span class='ocrx_word' id='word_1_640' title='bbox 3337 3879 3653 3937; x_wconf 74' lang='lat' dir='ltr'><strong><em>hominibus</em></strong></span> 
     </span>
    </p>
   </div>
   <div class='ocr_carea' id='block_1_86' title="bbox 2083 3954 3647 4038">
    <p class='ocr_par' dir='ltr' id='par_1_86' title="bbox 2083 3954 3647 4038">
     <span class='ocr_line' id='line_1_86' title="bbox 2083 3954 3647 4038; baseline 0.001 -13"><span class='ocrx_word' id='word_1_641' title='bbox 2083 3969 2438 4035; x_wconf 88' lang='lat' dir='ltr'><strong><em>annuntient;</em></strong></span> <span class='ocrx_word' id='word_1_642' title='bbox 2466 3983 2529 4023; x_wconf 89' lang='lat' dir='ltr'>ea</span> <span class='ocrx_word' id='word_1_643' title='bbox 2561 3982 2692 4022; x_wconf 87' lang='lat' dir='ltr'><strong><em>sane</em></strong></span> <span class='ocrx_word' id='word_1_644' title='bbox 2717 3970 2893 4038; x_wconf 83' lang='lat' dir='ltr'><strong><em>palam</em></strong></span> <span class='ocrx_word' id='word_1_645' title='bbox 2923 3969 3131 4023; x_wconf 79' lang='lat' dir='ltr'><strong><em>iaciunt</em></strong></span> <span class='ocrx_word' id='word_1_646' title='bbox 3156 3978 3209 4025; x_wconf 90' lang='lat' dir='ltr'><strong><em>te</em></strong></span> <span class='ocrx_word' id='word_1_647' title='bbox 3235 3954 3426 4026; x_wconf 82' lang='lat' dir='ltr'><strong><em>nonin</em></strong></span> <span class='ocrx_word' id='word_1_648' title='bbox 3448 3988 3647 4027; x_wconf 82' lang='lat' dir='ltr'><strong><em>vanum</em></strong></span> 
     </span>
    </p>
   </div>
   <div class='ocr_carea' id='block_1_87' title="bbox 2082 4058 3650 4131">
    <p class='ocr_par' dir='ltr' id='par_1_87' title="bbox 2082 4058 3650 4131">
     <span class='ocr_line' id='line_1_87' title="bbox 2082 4058 3650 4131; baseline 0.001 -15"><span class='ocrx_word' id='word_1_649' title='bbox 2082 4077 2297 4116; x_wconf 86' lang='lat' dir='ltr'><strong><em>creasse</em></strong></span> <span class='ocrx_word' id='word_1_650' title='bbox 2323 4060 2460 4114; x_wconf 89' lang='lat' dir='ltr'><strong><em>ﬁlios</em></strong></span> <span class='ocrx_word' id='word_1_651' title='bbox 2489 4058 2787 4113; x_wconf 86' lang='lat' dir='ltr'><strong><em>hominum.</em></strong></span> <span class='ocrx_word' id='word_1_652' title='bbox 2816 4059 2955 4125; x_wconf 81' lang='lat' dir='ltr'><strong><em>Quia</em></strong></span> <span class='ocrx_word' id='word_1_653' title='bbox 2986 4061 3148 4131; x_wconf 80' lang='lat' dir='ltr'><strong><em>igitur</em></strong></span> <span class='ocrx_word' id='word_1_654' title='bbox 3186 4061 3424 4114; x_wconf 86' lang='lat' dir='ltr'><strong><em>humana</em></strong></span> <span class='ocrx_word' id='word_1_655' title='bbox 3453 4071 3650 4119; x_wconf 83' lang='lat' dir='ltr'><strong><em>natura</em></strong></span> 
     </span>
    </p>
   </div>
   <div class='ocr_carea' id='block_1_88' title="bbox 2082 4150 3649 4221">
    <p class='ocr_par' dir='ltr' id='par_1_88' title="bbox 2082 4150 3649 4221">
     <span class='ocr_line' id='line_1_88' title="bbox 2082 4150 3649 4221; baseline 0.004 -15"><span class='ocrx_word' id='word_1_656' title='bbox 2082 4153 2174 4206; x_wconf 85' lang='lat' dir='ltr'><strong><em>tali</em></strong></span> <span class='ocrx_word' id='word_1_657' title='bbox 2202 4152 2300 4207; x_wconf 87' lang='lat' dir='ltr'>abs</span> <span class='ocrx_word' id='word_1_658' title='bbox 2325 4158 2377 4206; x_wconf 92' lang='lat' dir='ltr'><strong><em>te</em></strong></span> <span class='ocrx_word' id='word_1_659' title='bbox 2407 4152 2613 4205; x_wconf 85' lang='lat' dir='ltr'><strong><em>honore</em></strong></span> <span class='ocrx_word' id='word_1_660' title='bbox 2636 4150 2837 4204; x_wconf 88' lang='lat' dir='ltr'><strong><em>donata</em></strong></span> <span class='ocrx_word' id='word_1_661' title='bbox 2862 4158 2968 4216; x_wconf 88' lang='lat' dir='ltr'><strong><em>est,</em></strong></span> <span class='ocrx_word' id='word_1_662' title='bbox 2992 4151 3117 4221; x_wconf 81' lang='lat' dir='ltr'><strong><em>jure</em></strong></span> <span class='ocrx_word' id='word_1_663' title='bbox 3147 4151 3272 4207; x_wconf 88' lang='lat' dir='ltr'><strong><em>dico</em></strong></span> <span class='ocrx_word' id='word_1_664' title='bbox 3297 4171 3311 4207; x_wconf 92' lang='lat'><strong>:</strong></span> <span class='ocrx_word' id='word_1_665' title='bbox 3346 4151 3649 4213; x_wconf 75' lang='lat' dir='ltr'><strong><em>Memorare</em></strong></span> 
     </span>
    </p>
   </div>
   <div class='ocr_carea' id='block_1_89' title="bbox 2079 4241 3646 4315">
    <p class='ocr_par' dir='ltr' id='par_1_89' title="bbox 2079 4241 3646 4315">
     <span class='ocr_line' id='line_1_89' title="bbox 2079 4241 3646 4315; baseline 0.003 -19"><span class='ocrx_word' id='word_1_666' title='bbox 2079 4260 2192 4315; x_wconf 66' lang='lat' dir='ltr'><strong><em>quis</em></strong></span> <span class='ocrx_word' id='word_1_667' title='bbox 2250 4258 2361 4297; x_wconf 90' lang='lat' dir='ltr'>mea</span> <span class='ocrx_word' id='word_1_668' title='bbox 2390 4241 2717 4303; x_wconf 73' lang='lat' dir='ltr'><strong><em>substantia;</em></strong></span> <span class='ocrx_word' id='word_1_669' title='bbox 2744 4248 2797 4297; x_wconf 86' lang='lat' dir='ltr'><strong><em>et</em></strong></span> <span class='ocrx_word' id='word_1_670' title='bbox 2826 4243 3115 4297; x_wconf 82' lang='lat' dir='ltr'><strong><em>recordare</em></strong></span> <span class='ocrx_word' id='word_1_671' title='bbox 3147 4250 3199 4298; x_wconf 88' lang='lat' dir='ltr'>te</span> <span class='ocrx_word' id='word_1_672' title='bbox 3229 4259 3337 4298; x_wconf 88' lang='lat' dir='ltr'>non</span> <span class='ocrx_word' id='word_1_673' title='bbox 3364 4246 3419 4299; x_wconf 88' lang='lat' dir='ltr'>in</span> <span class='ocrx_word' id='word_1_674' title='bbox 3447 4262 3646 4301; x_wconf 85' lang='lat' dir='ltr'><strong><em>vanqu</em></strong></span> 
     </span>
    </p>
   </div>
   <div class='ocr_carea' id='block_1_90' title="bbox 2079 4330 3649 4394">
    <p class='ocr_par' dir='ltr' id='par_1_90' title="bbox 2079 4330 3649 4394">
     <span class='ocr_line' id='line_1_90' title="bbox 2079 4330 3649 4394; baseline 0.002 -5"><span class='ocrx_word' id='word_1_675' title='bbox 2079 4349 2298 4389; x_wconf 84' lang='lat' dir='ltr'><strong><em>creasse</em></strong></span> <span class='ocrx_word' id='word_1_676' title='bbox 2339 4334 2480 4388; x_wconf 88' lang='lat' dir='ltr'><strong><em>ﬁlios</em></strong></span> <span class='ocrx_word' id='word_1_677' title='bbox 2510 4333 2808 4389; x_wconf 86' lang='lat' dir='ltr'><strong><em>hominum.</em></strong></span> <span class='ocrx_word' id='word_1_678' title='bbox 2841 4330 2947 4388; x_wconf 90' lang='lat' dir='ltr'><strong><em>Sed</em></strong></span> <span class='ocrx_word' id='word_1_679' title='bbox 2985 4332 3145 4387; x_wconf 88' lang='lat' dir='ltr'><strong><em>etiam</em></strong></span> <span class='ocrx_word' id='word_1_680' title='bbox 3180 4334 3233 4389; x_wconf 90' lang='lat' dir='ltr'>id</span> <span class='ocrx_word' id='word_1_681' title='bbox 3271 4337 3548 4391; x_wconf 83' lang='lat' dir='ltr'><strong><em>recordari</em></strong></span> <span class='ocrx_word' id='word_1_682' title='bbox 3595 4349 3649 4394; x_wconf 89' lang='lat' dir='ltr'>te</span> 
     </span>
    </p>
   </div>
   <div class='ocr_carea' id='block_1_91' title="bbox 2081 4426 3646 4497">
    <p class='ocr_par' dir='ltr' id='par_1_91' title="bbox 2081 4426 3646 4497">
     <span class='ocr_line' id='line_1_91' title="bbox 2081 4426 3646 4497; baseline 0.004 -18"><span class='ocrx_word' id='word_1_683' title='bbox 2081 4440 2292 4497; x_wconf 90' lang='lat' dir='ltr'><strong><em>precor,</em></strong></span> <span class='ocrx_word' id='word_1_684' title='bbox 2320 4427 2527 4481; x_wconf 89' lang='lat' dir='ltr'><strong><em>nullum</em></strong></span> <span class='ocrx_word' id='word_1_685' title='bbox 2552 4441 2672 4481; x_wconf 87' lang='lat' dir='ltr'><strong><em>esse</em></strong></span> <span class='ocrx_word' id='word_1_686' title='bbox 2712 4426 2990 4479; x_wconf 90' lang='lat' dir='ltr'><strong><em>hominum</em></strong></span> <span class='ocrx_word' id='word_1_687' title='bbox 3026 4428 3117 4496; x_wconf 85' lang='lat' dir='ltr'>qui</span> <span class='ocrx_word' id='word_1_688' title='bbox 3148 4434 3374 4482; x_wconf 89' lang='lat' dir='ltr'><strong><em>mortem</em></strong></span> <span class='ocrx_word' id='word_1_689' title='bbox 3408 4444 3515 4484; x_wconf 93' lang='lat' dir='ltr'><strong><em>non</em></strong></span> <span class='ocrx_word' id='word_1_690' title='bbox 3549 4429 3646 4485; x_wconf 80' lang='lat' dir='ltr'><strong><em>de-</em></strong></span> 
     </span>
    </p>
   </div>
   <div class='ocr_carea' id='block_1_92' title="bbox 2080 4519 3645 4589">
    <p class='ocr_par' dir='ltr' id='par_1_92' title="bbox 2080 4519 3645 4589">
     <span class='ocr_line' id='line_1_92' title="bbox 2080 4519 3645 4589; baseline 0.003 -18"><span class='ocrx_word' id='word_1_691' title='bbox 2080 4526 2280 4589; x_wconf 83' lang='lat' dir='ltr'><strong><em>gustet,</em></strong></span> <span class='ocrx_word' id='word_1_692' title='bbox 2303 4534 2400 4572; x_wconf 85' lang='lat' dir='ltr'>nec</span> <span class='ocrx_word' id='word_1_693' title='bbox 2423 4532 2582 4587; x_wconf 90' lang='lat' dir='ltr'><strong><em>posse</em></strong></span> <span class='ocrx_word' id='word_1_694' title='bbox 2603 4532 2929 4588; x_wconf 88' lang='lat' dir='ltr'><strong><em>quemquam</em></strong></span> <span class='ocrx_word' id='word_1_695' title='bbox 2956 4519 3189 4572; x_wconf 88' lang='lat' dir='ltr'><strong><em>animam</em></strong></span> <span class='ocrx_word' id='word_1_696' title='bbox 3211 4534 3362 4574; x_wconf 88' lang='lat' dir='ltr'><strong><em>suam</em></strong></span> <span class='ocrx_word' id='word_1_697' title='bbox 3379 4534 3444 4574; x_wconf 78' lang='lat' dir='ltr'><strong><em>ex</em></strong></span> <span class='ocrx_word' id='word_1_698' title='bbox 3470 4528 3645 4575; x_wconf 89' lang='lat' dir='ltr'><strong><em>morte</em></strong></span> 
     </span>
    </p>
   </div>
   <div class='ocr_carea' id='block_1_93' title="bbox 403 4590 1991 4682">
    <p class='ocr_par' dir='ltr' id='par_1_93' title="bbox 403 4603 1975 4677">
     <span class='ocr_line' id='line_1_93' title="bbox 403 4603 1975 4677; baseline -0.003 -16"><span class='ocrx_word' id='word_1_699' title='bbox 403 4611 579 4675; x_wconf 79' lang='grc' dir='ltr'>σθητι</span> <span class='ocrx_word' id='word_1_700' title='bbox 608 4607 701 4673; x_wconf 84' lang='grc' dir='ltr'>τίς</span> <span class='ocrx_word' id='word_1_701' title='bbox 742 4624 862 4676; x_wconf 79' lang='grc' dir='ltr'>μου</span> <span class='ocrx_word' id='word_1_702' title='bbox 906 4607 1275 4673; x_wconf 74' lang='grc' dir='ltr'>ὑπόστασις⁸</span> <span class='ocrx_word' id='word_1_703' title='bbox 1316 4607 1410 4659; x_wconf 72' lang='grc' dir='ltr'>καὶ</span> <span class='ocrx_word' id='word_1_704' title='bbox 1443 4603 1729 4677; x_wconf 84' lang='grc' dir='ltr'>μνήσθητι,</span> <span class='ocrx_word' id='word_1_705' title='bbox 1782 4605 1864 4658; x_wconf 86' lang='grc' dir='ltr'>ὅτι</span> <span class='ocrx_word' id='word_1_706' title='bbox 1900 4604 1975 4676; x_wconf 86' lang='grc' dir='ltr'>μὴ</span> 
     </span>
    </p>
   </div>
   <div class='ocr_carea' id='block_1_94' title="bbox 2088 4590 3644 4682">
    <p class='ocr_par' dir='ltr' id='par_1_94' title="bbox 2088 4608 3644 4682">
     <span class='ocr_line' id='line_1_94' title="bbox 2088 4608 3644 4682; baseline 0.002 -18"><span class='ocrx_word' id='word_1_707' title='bbox 2088 4612 2340 4676; x_wconf 83' lang='lat' dir='ltr'><strong><em>liberare;</em></strong></span> <span class='ocrx_word' id='word_1_708' title='bbox 2377 4626 2550 4678; x_wconf 89' lang='lat' dir='ltr'><strong><em>neque</em></strong></span> <span class='ocrx_word' id='word_1_709' title='bbox 2599 4608 2744 4664; x_wconf 89' lang='lat' dir='ltr'><strong><em>enim</em></strong></span> <span class='ocrx_word' id='word_1_710' title='bbox 2786 4609 2841 4664; x_wconf 89' lang='lat' dir='ltr'>id</span> <span class='ocrx_word' id='word_1_711' title='bbox 2888 4609 3136 4667; x_wconf 88' lang='lat' dir='ltr'><strong><em>beneﬁcii</em></strong></span> <span class='ocrx_word' id='word_1_712' title='bbox 3186 4612 3412 4682; x_wconf 88' lang='lat' dir='ltr'><strong><em>accepit.</em></strong></span> <span class='ocrx_word' id='word_1_713' title='bbox 3454 4611 3644 4681; x_wconf 85' lang='lat' dir='ltr'><strong><em>Itaque</em></strong></span> 
     </span>
    </p>
   </div>
   <div class='ocr_carea' id='block_1_95' title="bbox 407 4694 1976 4768">
    <p class='ocr_par' dir='ltr' id='par_1_95' title="bbox 407 4694 1976 4768">
     <span class='ocr_line' id='line_1_95' title="bbox 407 4694 1976 4768; baseline -0.003 -16"><span class='ocrx_word' id='word_1_714' title='bbox 407 4698 651 4768; x_wconf 82' lang='grc' dir='ltr'>ματαίως</span> <span class='ocrx_word' id='word_1_715' title='bbox 693 4697 912 4761; x_wconf 78' lang='grc' dir='ltr'>ἔκτισας</span> <span class='ocrx_word' id='word_1_716' title='bbox 957 4699 1082 4761; x_wconf 76' lang='grc' dir='ltr'>τοὺς</span> <span class='ocrx_word' id='word_1_717' title='bbox 1113 4699 1260 4761; x_wconf 76' lang='grc' dir='ltr'>υἱοὺς</span> <span class='ocrx_word' id='word_1_718' title='bbox 1301 4698 1409 4751; x_wconf 86' lang='grc' dir='ltr'>τῶν</span> <span class='ocrx_word' id='word_1_719' title='bbox 1451 4695 1773 4768; x_wconf 87' lang='grc' dir='ltr'>ἀνθρώπων.</span> <span class='ocrx_word' id='word_1_720' title='bbox 1818 4694 1976 4749; x_wconf 83' lang='grc' dir='ltr'>Ἀλλά</span> 
     </span>
    </p>
   </div>
   <div class='ocr_carea' id='block_1_96' title="bbox 402 4786 1974 4862">
    <p class='ocr_par' dir='ltr' id='par_1_96' title="bbox 402 4786 1974 4862">
     <span class='ocr_line' id='line_1_96' title="bbox 402 4786 1974 4862; baseline -0.002 -18"><span class='ocrx_word' id='word_1_721' title='bbox 402 4792 497 4844; x_wconf 73' lang='grc' dir='ltr'>καὶ</span> <span class='ocrx_word' id='word_1_722' title='bbox 528 4791 687 4844; x_wconf 80' lang='grc' dir='ltr'>τοῦτο</span> <span class='ocrx_word' id='word_1_723' title='bbox 727 4790 1030 4862; x_wconf 84' lang='grc' dir='ltr'>μνησθῆναι</span> <span class='ocrx_word' id='word_1_724' title='bbox 1062 4789 1219 4856; x_wconf 76' lang='grc' dir='ltr'>ἀξιῶ,</span> <span class='ocrx_word' id='word_1_725' title='bbox 1250 4791 1330 4843; x_wconf 85' lang='grc' dir='ltr'>ὅτι</span> <span class='ocrx_word' id='word_1_726' title='bbox 1366 4789 1538 4853; x_wconf 83' lang='grc' dir='ltr'>οὐδείς</span> <span class='ocrx_word' id='word_1_727' title='bbox 1578 4790 1727 4842; x_wconf 78' lang='grc' dir='ltr'>ἐστιν</span> <span class='ocrx_word' id='word_1_728' title='bbox 1764 4786 1974 4858; x_wconf 80' lang='grc' dir='ltr'>ἄνθρω-</span> 
     </span>
    </p>
   </div>
   <div class='ocr_carea' id='block_1_97' title="bbox 404 4874 1974 4952">
    <p class='ocr_par' dir='ltr' id='par_1_97' title="bbox 404 4874 1974 4952">
     <span class='ocr_line' id='line_1_97' title="bbox 404 4874 1974 4952; baseline -0.003 -16"><span class='ocrx_word' id='word_1_729' title='bbox 404 4900 523 4948; x_wconf 84' lang='grc' dir='ltr'>πος,</span> <span class='ocrx_word' id='word_1_730' title='bbox 552 4883 610 4948; x_wconf 76' lang='grc' dir='ltr'>ὃς</span> <span class='ocrx_word' id='word_1_731' title='bbox 640 4882 901 4952; x_wconf 78' lang='grc' dir='ltr'>ἄγευστος</span> <span class='ocrx_word' id='word_1_732' title='bbox 936 4880 1191 4951; x_wconf 83' lang='grc' dir='ltr'>τυγχάνει</span> <span class='ocrx_word' id='word_1_733' title='bbox 1225 4880 1476 4943; x_wconf 86' lang='grc' dir='ltr'>θανάτου,</span> <span class='ocrx_word' id='word_1_734' title='bbox 1513 4880 1620 4933; x_wconf 69' lang='grc' dir='ltr'>οὐδ’</span> <span class='ocrx_word' id='word_1_735' title='bbox 1645 4874 1754 4943; x_wconf 72' lang='grc' dir='ltr'>οἷός</span> <span class='ocrx_word' id='word_1_736' title='bbox 1794 4880 1857 4932; x_wconf 86' lang='grc' dir='ltr'>τέ</span> <span class='ocrx_word' id='word_1_737' title='bbox 1889 4878 1974 4942; x_wconf 85' lang='grc' dir='ltr'>τίς</span> 
     </span>
    </p>
   </div>
   <div class='ocr_carea' id='block_1_98' title="bbox 401 4971 1968 5044">
    <p class='ocr_par' dir='ltr' id='par_1_98' title="bbox 401 4971 1968 5044">
     <span class='ocr_line' id='line_1_98' title="bbox 401 4971 1968 5044; baseline -0.001 -18"><span class='ocrx_word' id='word_1_738' title='bbox 401 4976 548 5026; x_wconf 79' lang='grc' dir='ltr'>ἐστιν</span> <span class='ocrx_word' id='word_1_739' title='bbox 581 4973 742 5037; x_wconf 81' lang='grc' dir='ltr'>αὐτὸς</span> <span class='ocrx_word' id='word_1_740' title='bbox 770 4972 962 5026; x_wconf 78' lang='grc' dir='ltr'>ἑαυτοῦ</span> <span class='ocrx_word' id='word_1_741' title='bbox 1000 4974 1097 5043; x_wconf 82' lang='grc' dir='ltr'>τὴν</span> <span class='ocrx_word' id='word_1_742' title='bbox 1121 4971 1296 5043; x_wconf 68' lang='grc' dir='ltr'>ψυχὴν</span> <span class='ocrx_word' id='word_1_743' title='bbox 1331 4975 1395 5025; x_wconf 83' lang='grc' dir='ltr'>ὲκ</span> <span class='ocrx_word' id='word_1_744' title='bbox 1422 4971 1650 5026; x_wconf 89' lang='grc' dir='ltr'>θανάτου</span> <span class='ocrx_word' id='word_1_745' title='bbox 1681 4971 1968 5044; x_wconf 78' lang='grc' dir='ltr'>ῥύσασθαι,</span> 
     </span>
    </p>
   </div>
   <div class='ocr_carea' id='block_1_99' title="bbox 401 5060 1971 5134">
    <p class='ocr_par' dir='ltr' id='par_1_99' title="bbox 401 5060 1971 5134">
     <span class='ocr_line' id='line_1_99' title="bbox 401 5060 1971 5134; baseline 0 -17"><span class='ocrx_word' id='word_1_746' title='bbox 401 5063 522 5117; x_wconf 72' lang='grc' dir='ltr'>οὐδὲ</span> <span class='ocrx_word' id='word_1_747' title='bbox 544 5063 812 5117; x_wconf 76' lang='grc' dir='ltr'>καὶτοῦτο</span> <span class='ocrx_word' id='word_1_748' title='bbox 843 5063 1097 5134; x_wconf 80' lang='grc' dir='ltr'>τυγχάνει</span> <span class='ocrx_word' id='word_1_749' title='bbox 1118 5063 1219 5133; x_wconf 78' lang='grc' dir='ltr'>τῆς</span> <span class='ocrx_word' id='word_1_750' title='bbox 1248 5064 1584 5134; x_wconf 81' lang='grc' dir='ltr'>εὐεργεσίας.</span> <span class='ocrx_word' id='word_1_751' title='bbox 1614 5065 1773 5117; x_wconf 84' lang='grc' dir='ltr'>Ὥστε</span> <span class='ocrx_word' id='word_1_752' title='bbox 1798 5066 1848 5117; x_wconf 80' lang='grc' dir='ltr'>εί</span> <span class='ocrx_word' id='word_1_753' title='bbox 1876 5060 1971 5117; x_wconf 79' lang='grc' dir='ltr'>καὶ</span> 
     </span>
    </p>
   </div>
   <div class='ocr_carea' id='block_1_100' title="bbox 399 5153 1970 5227">
    <p class='ocr_par' dir='ltr' id='par_1_100' title="bbox 399 5153 1970 5227">
     <span class='ocr_line' id='line_1_100' title="bbox 399 5153 1970 5227; baseline -0.001 -19"><span class='ocrx_word' id='word_1_754' title='bbox 399 5153 622 5209; x_wconf 82' lang='grc' dir='ltr'>τοιαῦτα</span> <span class='ocrx_word' id='word_1_755' title='bbox 653 5157 966 5227; x_wconf 83' lang='grc' dir='ltr'>ἡμάρτανον</span> <span class='ocrx_word' id='word_1_756' title='bbox 1005 5157 1052 5209; x_wconf 77' lang='lat' dir='ltr'><strong><em>oi</em></strong></span> <span class='ocrx_word' id='word_1_757' title='bbox 1086 5154 1179 5207; x_wconf 76' lang='grc' dir='ltr'>τοῦ</span> <span class='ocrx_word' id='word_1_758' title='bbox 1219 5155 1484 5208; x_wconf 84' lang='grc' dir='ltr'>Ἰουδαίων</span> <span class='ocrx_word' id='word_1_759' title='bbox 1515 5155 1719 5219; x_wconf 77' lang='grc' dir='ltr'>ἔθνους,</span> <span class='ocrx_word' id='word_1_760' title='bbox 1754 5156 1829 5218; x_wconf 85' lang='grc' dir='ltr'>ὡς</span> <span class='ocrx_word' id='word_1_761' title='bbox 1871 5154 1970 5219; x_wconf 87' lang='grc' dir='ltr'>τάς</span> 
     </span>
    </p>
   </div>
   <div class='ocr_carea' id='block_1_101' title="bbox 397 5246 1971 5319">
    <p class='ocr_par' dir='ltr' id='par_1_101' title="bbox 397 5246 1971 5319">
     <span class='ocr_line' id='line_1_101' title="bbox 397 5246 1971 5319; baseline 0.001 -19"><span class='ocrx_word' id='word_1_762' title='bbox 397 5247 798 5310; x_wconf 77' lang='grc' dir='ltr'>ἐπαναστάσεις</span> <span class='ocrx_word' id='word_1_763' title='bbox 841 5248 916 5319; x_wconf 76' lang='grc'>(1)</span> <span class='ocrx_word' id='word_1_764' title='bbox 950 5247 1048 5311; x_wconf 84' lang='grc' dir='ltr'>τὰς</span> <span class='ocrx_word' id='word_1_765' title='bbox 1074 5247 1208 5319; x_wconf 81' lang='grc' dir='ltr'>πρὸς</span> <span class='ocrx_word' id='word_1_766' title='bbox 1233 5248 1323 5302; x_wconf 87' lang='grc' dir='ltr'>τὸν</span> <span class='ocrx_word' id='word_1_767' title='bbox 1355 5246 1518 5300; x_wconf 73' lang='grc' dir='ltr'>Δαυῒδ</span> <span class='ocrx_word' id='word_1_768' title='bbox 1548 5249 1628 5311; x_wconf 84' lang='grc' dir='ltr'>είς</span> <span class='ocrx_word' id='word_1_769' title='bbox 1665 5248 1971 5301; x_wconf 82' lang='grc' dir='ltr'>τούναντίον</span> 
     </span>
    </p>
   </div>
   <div class='ocr_carea' id='block_1_102' title="bbox 400 5339 1969 5413">
    <p class='ocr_par' dir='ltr' id='par_1_102' title="bbox 400 5339 1969 5413">
     <span class='ocr_line' id='line_1_102' title="bbox 400 5339 1969 5413; baseline -0.002 -17"><span class='ocrx_word' id='word_1_770' title='bbox 400 5342 584 5405; x_wconf 76' lang='grc' dir='ltr'>αὐτοῖς</span> <span class='ocrx_word' id='word_1_771' title='bbox 622 5342 1046 5413; x_wconf 81' lang='grc' dir='ltr'>περιτραπῆναι,</span> <span class='ocrx_word' id='word_1_772' title='bbox 1090 5342 1186 5394; x_wconf 73' lang='grc' dir='ltr'>καὶ</span> <span class='ocrx_word' id='word_1_773' title='bbox 1216 5340 1315 5410; x_wconf 72' lang='grc' dir='ltr'>τὴν</span> <span class='ocrx_word' id='word_1_774' title='bbox 1347 5341 1411 5393; x_wconf 82' lang='grc' dir='ltr'>ὲκ</span> <span class='ocrx_word' id='word_1_775' title='bbox 1453 5340 1769 5412; x_wconf 83' lang='grc' dir='ltr'>σπέρματος</span> <span class='ocrx_word' id='word_1_776' title='bbox 1805 5339 1969 5394; x_wconf 79' lang='grc' dir='ltr'>αὐτοῦ</span> 
     </span>
    </p>
   </div>
   <div class='ocr_carea' id='block_1_103' title="bbox 399 5432 1966 5506">
    <p class='ocr_par' dir='ltr' id='par_1_103' title="bbox 399 5432 1966 5506">
     <span class='ocr_line' id='line_1_103' title="bbox 399 5432 1966 5506; baseline -0.001 -18"><span class='ocrx_word' id='word_1_777' title='bbox 399 5434 647 5506; x_wconf 83' lang='grc' dir='ltr'>διαδοχὴν</span> <span class='ocrx_word' id='word_1_778' title='bbox 681 5435 777 5487; x_wconf 74' lang='grc' dir='ltr'>σὺν</span> <span class='ocrx_word' id='word_1_779' title='bbox 815 5433 892 5505; x_wconf 85' lang='grc' dir='ltr'>τῷ</span> <span class='ocrx_word' id='word_1_780' title='bbox 924 5433 1023 5503; x_wconf 79' lang='grc' dir='ltr'>τῆς</span> <span class='ocrx_word' id='word_1_781' title='bbox 1057 5433 1334 5505; x_wconf 83' lang='grc' dir='ltr'>βασιλείας</span> <span class='ocrx_word' id='word_1_782' title='bbox 1367 5433 1540 5505; x_wconf 83' lang='grc' dir='ltr'>θρόνῳ</span> <span class='ocrx_word' id='word_1_783' title='bbox 1569 5432 1966 5505; x_wconf 75' lang='grc' dir='ltr'>καταλυθῆναιο</span> 
     </span>
    </p>
   </div>
   <div class='ocr_carea' id='block_1_104' title="bbox 397 5522 1965 5597">
    <p class='ocr_par' dir='ltr' id='par_1_104' title="bbox 397 5522 1965 5597">
     <span class='ocr_line' id='line_1_104' title="bbox 397 5522 1965 5597; baseline -0.002 -18"><span class='ocrx_word' id='word_1_784' title='bbox 397 5527 458 5580; x_wconf 82' lang='grc' dir='ltr'>οὐ</span> <span class='ocrx_word' id='word_1_785' title='bbox 494 5526 600 5597; x_wconf 87' lang='grc' dir='ltr'>μὴν</span> <span class='ocrx_word' id='word_1_786' title='bbox 630 5524 765 5578; x_wconf 90' lang='grc' dir='ltr'>ἀλλά</span> <span class='ocrx_word' id='word_1_787' title='bbox 791 5525 885 5578; x_wconf 77' lang='grc' dir='ltr'>καὶ</span> <span class='ocrx_word' id='word_1_788' title='bbox 916 5525 1076 5578; x_wconf 81' lang='grc' dir='ltr'>αὐτὸν</span> <span class='ocrx_word' id='word_1_789' title='bbox 1102 5524 1191 5578; x_wconf 75' lang='grc' dir='ltr'>τὸν</span> <span class='ocrx_word' id='word_1_790' title='bbox 1213 5523 1447 5595; x_wconf 84' lang='grc' dir='ltr'>Χριστόν</span> <span class='ocrx_word' id='word_1_791' title='bbox 1490 5540 1583 5577; x_wconf 91' lang='grc' dir='ltr'>σου</span> <span class='ocrx_word' id='word_1_792' title='bbox 1616 5522 1840 5576; x_wconf 83' lang='grc' dir='ltr'>τοιαῦτα</span> <span class='ocrx_word' id='word_1_793' title='bbox 1870 5539 1965 5576; x_wconf 83' lang='grc' dir='ltr'>πα-</span> 
     </span>
    </p>
   </div>
   <div class='ocr_carea' id='block_1_105' title="bbox 395 5615 1962 5689">
    <p class='ocr_par' dir='ltr' id='par_1_105' title="bbox 395 5615 1962 5689">
     <span class='ocr_line' id='line_1_105' title="bbox 395 5615 1962 5689; baseline -0.002 -17"><span class='ocrx_word' id='word_1_794' title='bbox 395 5618 508 5672; x_wconf 80' lang='grc' dir='ltr'>θεῖν</span> <span class='ocrx_word' id='word_1_795' title='bbox 536 5618 640 5672; x_wconf 68' lang='grc' dir='ltr'>ὑπό</span> <span class='ocrx_word' id='word_1_796' title='bbox 678 5617 786 5671; x_wconf 86' lang='grc' dir='ltr'>τῶν</span> <span class='ocrx_word' id='word_1_797' title='bbox 809 5616 1009 5681; x_wconf 84' lang='grc' dir='ltr'>αὐτῶν,</span> <span class='ocrx_word' id='word_1_798' title='bbox 1036 5618 1196 5671; x_wconf 84' lang='grc' dir='ltr'>ὁποῖα</span> <span class='ocrx_word' id='word_1_799' title='bbox 1222 5615 1584 5689; x_wconf 80' lang='grc' dir='ltr'>προλαϐόντες</span> <span class='ocrx_word' id='word_1_800' title='bbox 1621 5615 1669 5670; x_wconf 85' lang='grc' dir='ltr'>οἱ</span> <span class='ocrx_word' id='word_1_801' title='bbox 1702 5616 1785 5668; x_wconf 74' lang='grc' dir='ltr'>σοὶ</span> <span class='ocrx_word' id='word_1_802' title='bbox 1816 5615 1962 5685; x_wconf 88' lang='grc' dir='ltr'>λόγοι</span> 
     </span>
    </p>
   </div>
   <div class='ocr_carea' id='block_1_106' title="bbox 397 5707 1960 5782">
    <p class='ocr_par' dir='ltr' id='par_1_106' title="bbox 397 5707 1960 5782">
     <span class='ocr_line' id='line_1_106' title="bbox 397 5707 1960 5782; baseline -0.001 -19"><span class='ocrx_word' id='word_1_803' title='bbox 397 5709 527 5782; x_wconf 64' lang='grc' dir='ltr'>περὶ</span> <span class='ocrx_word' id='word_1_804' title='bbox 563 5709 727 5763; x_wconf 80' lang='grc' dir='ltr'>αὐτὸν</span> <span class='ocrx_word' id='word_1_805' title='bbox 769 5708 1107 5780; x_wconf 79' lang='grc' dir='ltr'>γενήσεσθαι</span> <span class='ocrx_word' id='word_1_806' title='bbox 1126 5709 1569 5780; x_wconf 77' lang='grc' dir='ltr'>προεφήτευσαν·</span> <span class='ocrx_word' id='word_1_807' title='bbox 1602 5707 1737 5762; x_wconf 91' lang='grc' dir='ltr'>ἀλλά</span> <span class='ocrx_word' id='word_1_808' title='bbox 1773 5708 1848 5780; x_wconf 71' lang='grc' dir='ltr'>μὴ</span> <span class='ocrx_word' id='word_1_809' title='bbox 1882 5711 1960 5775; x_wconf 86' lang='grc' dir='ltr'>είς</span> 
     </span>
    </p>
   </div>
   <div class='ocr_carea' id='block_1_107' title="bbox 2076 4700 3643 4773">
    <p class='ocr_par' dir='ltr' id='par_1_107' title="bbox 2076 4700 3643 4773">
     <span class='ocr_line' id='line_1_107' title="bbox 2076 4700 3643 4773; baseline 0.001 -15"><span class='ocrx_word' id='word_1_810' title='bbox 2076 4702 2289 4758; x_wconf 87' lang='lat' dir='ltr'><strong><em>etiamsi</em></strong></span> <span class='ocrx_word' id='word_1_811' title='bbox 2315 4702 2438 4757; x_wconf 88' lang='lat' dir='ltr'><strong><em>talia</em></strong></span> <span class='ocrx_word' id='word_1_812' title='bbox 2466 4702 2667 4757; x_wconf 81' lang='lat' dir='ltr'><strong><em>fuerint</em></strong></span> <span class='ocrx_word' id='word_1_813' title='bbox 2693 4700 2936 4757; x_wconf 78' lang='lat' dir='ltr'><strong><em>Judaicae</em></strong></span> <span class='ocrx_word' id='word_1_814' title='bbox 2963 4704 3139 4771; x_wconf 83' lang='lat' dir='ltr'><strong><em>gentis</em></strong></span> <span class='ocrx_word' id='word_1_815' title='bbox 3167 4704 3390 4769; x_wconf 89' lang='lat' dir='ltr'><strong><em>scelera,</em></strong></span> <span class='ocrx_word' id='word_1_816' title='bbox 3424 4711 3482 4757; x_wconf 93' lang='lat' dir='ltr'>ut</span> <span class='ocrx_word' id='word_1_817' title='bbox 3509 4717 3643 4773; x_wconf 86' lang='lat' dir='ltr'><strong><em>pro-</em></strong></span> 
     </span>
    </p>
   </div>
   <div class='ocr_carea' id='block_1_108' title="bbox 2076 4785 3644 4864">
    <p class='ocr_par' dir='ltr' id='par_1_108' title="bbox 2076 4785 3644 4864">
     <span class='ocr_line' id='line_1_108' title="bbox 2076 4785 3644 4864; baseline 0.003 -17"><span class='ocrx_word' id='word_1_818' title='bbox 2076 4793 2243 4848; x_wconf 85' lang='lat' dir='ltr'><strong><em>missa</em></strong></span> <span class='ocrx_word' id='word_1_819' title='bbox 2281 4792 2466 4846; x_wconf 71' lang='lat' dir='ltr'><strong><em>Davidi</em></strong></span> <span class='ocrx_word' id='word_1_820' title='bbox 2505 4793 2630 4848; x_wconf 88' lang='lat' dir='ltr'><strong><em>data</em></strong></span> <span class='ocrx_word' id='word_1_821' title='bbox 2661 4793 2715 4847; x_wconf 92' lang='lat' dir='ltr'><strong><em>in</em></strong></span> <span class='ocrx_word' id='word_1_822' title='bbox 2748 4796 3081 4849; x_wconf 89' lang='lat' dir='ltr'><strong><em>contrarium</em></strong></span> <span class='ocrx_word' id='word_1_823' title='bbox 3119 4794 3253 4864; x_wconf 88' lang='lat' dir='ltr'><strong><em>ipsis</em></strong></span> <span class='ocrx_word' id='word_1_824' title='bbox 3277 4785 3553 4859; x_wconf 83' lang='lat' dir='ltr'><strong><em>cederent,</em></strong></span> <span class='ocrx_word' id='word_1_825' title='bbox 3585 4801 3644 4852; x_wconf 72' lang='lat' dir='ltr'>et</span> 
     </span>
    </p>
   </div>
   <div class='ocr_carea' id='block_1_109' title="bbox 2074 4885 3642 4955">
    <p class='ocr_par' dir='ltr' id='par_1_109' title="bbox 2074 4885 3642 4955">
     <span class='ocr_line' id='line_1_109' title="bbox 2074 4885 3642 4955; baseline 0.002 -14"><span class='ocrx_word' id='word_1_826' title='bbox 2074 4886 2353 4942; x_wconf 89' lang='lat' dir='ltr'><strong><em>successio</em></strong></span> <span class='ocrx_word' id='word_1_827' title='bbox 2380 4885 2605 4940; x_wconf 90' lang='lat' dir='ltr'><strong><em>seminis</em></strong></span> <span class='ocrx_word' id='word_1_828' title='bbox 2632 4885 2751 4955; x_wconf 87' lang='lat' dir='ltr'><strong><em>ejus</em></strong></span> <span class='ocrx_word' id='word_1_829' title='bbox 2775 4900 2879 4939; x_wconf 88' lang='lat' dir='ltr'>una</span> <span class='ocrx_word' id='word_1_830' title='bbox 2906 4900 3030 4939; x_wconf 89' lang='lat' dir='ltr'><strong><em>cum</em></strong></span> <span class='ocrx_word' id='word_1_831' title='bbox 3060 4886 3210 4955; x_wconf 89' lang='lat' dir='ltr'><strong><em>regni</em></strong></span> <span class='ocrx_word' id='word_1_832' title='bbox 3241 4886 3440 4941; x_wconf 90' lang='lat' dir='ltr'><strong><em>throno</em></strong></span> <span class='ocrx_word' id='word_1_833' title='bbox 3465 4888 3642 4944; x_wconf 63' lang='lat' dir='ltr'><strong><em>solve.</em></strong></span> 
     </span>
    </p>
   </div>
   <div class='ocr_carea' id='block_1_110' title="bbox 2072 4974 3640 5050">
    <p class='ocr_par' dir='ltr' id='par_1_110' title="bbox 2072 4974 3640 5050">
     <span class='ocr_line' id='line_1_110' title="bbox 2072 4974 3640 5050; baseline 0.002 -19"><span class='ocrx_word' id='word_1_834' title='bbox 2072 4984 2255 5044; x_wconf 85' lang='lat' dir='ltr'><strong><em>retur;</em></strong></span> <span class='ocrx_word' id='word_1_835' title='bbox 2292 4977 2403 5030; x_wconf 93' lang='lat' dir='ltr'>imo</span> <span class='ocrx_word' id='word_1_836' title='bbox 2433 4976 2596 5031; x_wconf 90' lang='lat' dir='ltr'><strong><em>etiam</em></strong></span> <span class='ocrx_word' id='word_1_837' title='bbox 2629 4976 2742 5045; x_wconf 89' lang='lat' dir='ltr'><strong><em>ipse</em></strong></span> <span class='ocrx_word' id='word_1_838' title='bbox 2779 4974 3030 5031; x_wconf 83' lang='lat' dir='ltr'><strong><em>Christus</em></strong></span> <span class='ocrx_word' id='word_1_839' title='bbox 3061 4986 3188 5031; x_wconf 91' lang='lat' dir='ltr'><strong><em>tuus</em></strong></span> <span class='ocrx_word' id='word_1_840' title='bbox 3222 4978 3349 5031; x_wconf 88' lang='lat' dir='ltr'><strong><em>talia</em></strong></span> <span class='ocrx_word' id='word_1_841' title='bbox 3392 4978 3462 5033; x_wconf 86' lang='lat' dir='ltr'>ab</span> <span class='ocrx_word' id='word_1_842' title='bbox 3502 4979 3640 5050; x_wconf 80' lang='lat' dir='ltr'><strong><em>ipsis</em></strong></span> 
     </span>
    </p>
   </div>
   <div class='ocr_carea' id='block_1_111' title="bbox 2072 5064 3639 5138">
    <p class='ocr_par' dir='ltr' id='par_1_111' title="bbox 2072 5064 3639 5138">
     <span class='ocr_line' id='line_1_111' title="bbox 2072 5064 3639 5138; baseline 0.004 -20"><span class='ocrx_word' id='word_1_843' title='bbox 2072 5073 2366 5138; x_wconf 84' lang='lat' dir='ltr'><strong><em>pateretur,</em></strong></span> <span class='ocrx_word' id='word_1_844' title='bbox 2386 5066 2568 5135; x_wconf 90' lang='lat' dir='ltr'><strong><em>qualia</em></strong></span> <span class='ocrx_word' id='word_1_845' title='bbox 2590 5065 2743 5134; x_wconf 91' lang='lat' dir='ltr'><strong><em>prius</em></strong></span> <span class='ocrx_word' id='word_1_846' title='bbox 2764 5080 3047 5121; x_wconf 88' lang='lat' dir='ltr'><strong><em>sermones</em></strong></span> <span class='ocrx_word' id='word_1_847' title='bbox 3068 5065 3144 5119; x_wconf 88' lang='lat' dir='ltr'>tui</span> <span class='ocrx_word' id='word_1_848' title='bbox 3170 5065 3274 5136; x_wconf 88' lang='lat' dir='ltr'><strong><em>ipsi</em></strong></span> <span class='ocrx_word' id='word_1_849' title='bbox 3300 5067 3480 5122; x_wconf 81' lang='lat' dir='ltr'><strong><em>futura</em></strong></span> <span class='ocrx_word' id='word_1_850' title='bbox 3502 5064 3639 5137; x_wconf 53' lang='lat' dir='ltr'><strong><em>prt-</em></strong></span> 
     </span>
    </p>
   </div>
   <div class='ocr_carea' id='block_1_112' title="bbox 2070 5156 3637 5227">
    <p class='ocr_par' dir='ltr' id='par_1_112' title="bbox 2070 5156 3637 5227">
     <span class='ocr_line' id='line_1_112' title="bbox 2070 5156 3637 5227; baseline 0.001 -14"><span class='ocrx_word' id='word_1_851' title='bbox 2070 5157 2427 5213; x_wconf 86' lang='lat' dir='ltr'><strong><em>nuntiabaut:</em></strong></span> <span class='ocrx_word' id='word_1_852' title='bbox 2459 5162 2696 5210; x_wconf 88' lang='lat' dir='ltr'><strong><em>attamen</em></strong></span> <span class='ocrx_word' id='word_1_853' title='bbox 2740 5169 3027 5223; x_wconf 87' lang='lat' dir='ltr'><strong><em>precamur</em></strong></span> <span class='ocrx_word' id='word_1_854' title='bbox 3058 5170 3129 5209; x_wconf 90' lang='lat' dir='ltr'>ne</span> <span class='ocrx_word' id='word_1_855' title='bbox 3170 5157 3225 5210; x_wconf 93' lang='lat' dir='ltr'>in</span> <span class='ocrx_word' id='word_1_856' title='bbox 3268 5156 3428 5211; x_wconf 89' lang='lat' dir='ltr'><strong><em>ﬁnem</em></strong></span> <span class='ocrx_word' id='word_1_857' title='bbox 3463 5173 3637 5227; x_wconf 81' lang='lat' dir='ltr'><strong><em>usque</em></strong></span> 
     </span>
    </p>
   </div>
   <div class='ocr_carea' id='block_1_113' title="bbox 2072 5244 3635 5316">
    <p class='ocr_par' dir='ltr' id='par_1_113' title="bbox 2072 5244 3635 5316">
     <span class='ocr_line' id='line_1_113' title="bbox 2072 5244 3635 5316; baseline 0.001 -15"><span class='ocrx_word' id='word_1_858' title='bbox 2072 5247 2358 5309; x_wconf 85' lang='lat' dir='ltr'><strong><em>avertaris,</em></strong></span> <span class='ocrx_word' id='word_1_859' title='bbox 2388 5261 2564 5316; x_wconf 88' lang='lat' dir='ltr'><strong><em>neque</em></strong></span> <span class='ocrx_word' id='word_1_860' title='bbox 2588 5244 2667 5299; x_wconf 83' lang='lat' dir='ltr'>ira</span> <span class='ocrx_word' id='word_1_861' title='bbox 2697 5251 2785 5299; x_wconf 87' lang='lat' dir='ltr'><strong><em>tua</em></strong></span> <span class='ocrx_word' id='word_1_862' title='bbox 2810 5245 2949 5300; x_wconf 89' lang='lat' dir='ltr'><strong><em>sicut</em></strong></span> <span class='ocrx_word' id='word_1_863' title='bbox 2982 5247 3122 5316; x_wconf 85' lang='lat' dir='ltr'><strong><em>ignis</em></strong></span> <span class='ocrx_word' id='word_1_864' title='bbox 3154 5248 3510 5314; x_wconf 80' lang='lat' dir='ltr'><strong><em>accendatur;</em></strong></span> <span class='ocrx_word' id='word_1_865' title='bbox 3538 5249 3635 5304; x_wconf 88' lang='lat' dir='ltr'>sed</span> 
     </span>
    </p>
   </div>
   <div class='ocr_carea' id='block_1_114' title="bbox 2071 5336 3633 5409">
    <p class='ocr_par' dir='ltr' id='par_1_114' title="bbox 2071 5336 3633 5409">
     <span class='ocr_line' id='line_1_114' title="bbox 2071 5336 3633 5409; baseline 0.003 -17"><span class='ocrx_word' id='word_1_866' title='bbox 2071 5338 2376 5394; x_wconf 85' lang='lat' dir='ltr'><strong><em>recorderis</em></strong></span> <span class='ocrx_word' id='word_1_867' title='bbox 2416 5352 2538 5407; x_wconf 81' lang='lat' dir='ltr'><strong><em>quae</em></strong></span> <span class='ocrx_word' id='word_1_868' title='bbox 2594 5336 2898 5393; x_wconf 89' lang='lat' dir='ltr'><strong><em>substantia</em></strong></span> <span class='ocrx_word' id='word_1_869' title='bbox 2934 5352 3072 5400; x_wconf 79' lang='lat' dir='ltr'><strong><em>mea,</em></strong></span> <span class='ocrx_word' id='word_1_870' title='bbox 3106 5338 3201 5408; x_wconf 90' lang='lat' dir='ltr'><strong><em>qui</em></strong></span> <span class='ocrx_word' id='word_1_871' title='bbox 3246 5339 3361 5394; x_wconf 63' lang='lat' dir='ltr'><strong><em>haec</em></strong></span> <span class='ocrx_word' id='word_1_872' title='bbox 3401 5354 3499 5409; x_wconf 87' lang='lat' dir='ltr'>pro</span> <span class='ocrx_word' id='word_1_873' title='bbox 3525 5341 3633 5396; x_wconf 87' lang='lat' dir='ltr'><strong><em>illis</em></strong></span> 
     </span>
    </p>
   </div>
   <div class='ocr_carea' id='block_1_115' title="bbox 2071 5429 3631 5504">
    <p class='ocr_par' dir='ltr' id='par_1_115' title="bbox 2071 5429 3631 5504">
     <span class='ocr_line' id='line_1_115' title="bbox 2071 5429 3631 5504; baseline 0.001 -16"><span class='ocrx_word' id='word_1_874' title='bbox 2071 5434 2308 5504; x_wconf 88' lang='lat' dir='ltr'><strong><em>postulo,</em></strong></span> <span class='ocrx_word' id='word_1_875' title='bbox 2333 5439 2386 5486; x_wconf 91' lang='lat' dir='ltr'>et</span> <span class='ocrx_word' id='word_1_876' title='bbox 2407 5447 2528 5502; x_wconf 60' lang='lat' dir='ltr'><strong><em>quae</em></strong></span> <span class='ocrx_word' id='word_1_877' title='bbox 2557 5430 2627 5486; x_wconf 86' lang='lat' dir='ltr'>sit</span> <span class='ocrx_word' id='word_1_878' title='bbox 2656 5431 2936 5485; x_wconf 91' lang='lat' dir='ltr'><strong><em>hominum</em></strong></span> <span class='ocrx_word' id='word_1_879' title='bbox 2965 5429 3270 5495; x_wconf 87' lang='lat' dir='ltr'><strong><em>inﬁrmitas,</em></strong></span> <span class='ocrx_word' id='word_1_880' title='bbox 3300 5435 3389 5502; x_wconf 90' lang='lat' dir='ltr'><strong><em>qui</em></strong></span> <span class='ocrx_word' id='word_1_881' title='bbox 3420 5445 3631 5491; x_wconf 85' lang='lat' dir='ltr'><strong><em>morta-</em></strong></span> 
     </span>
    </p>
   </div>
   <div class='ocr_carea' id='block_1_116' title="bbox 2069 5520 3629 5580">
    <p class='ocr_par' dir='ltr' id='par_1_116' title="bbox 2069 5520 3629 5580">
     <span class='ocr_line' id='line_1_116' title="bbox 2069 5520 3629 5580; baseline 0.002 -3"><span class='ocrx_word' id='word_1_882' title='bbox 2069 5524 2175 5579; x_wconf 87' lang='lat' dir='ltr'>lem</span> <span class='ocrx_word' id='word_1_883' title='bbox 2203 5531 2255 5577; x_wconf 90' lang='lat' dir='ltr'>et</span> <span class='ocrx_word' id='word_1_884' title='bbox 2304 5522 2547 5576; x_wconf 89' lang='lat' dir='ltr'><strong><em>interitui</em></strong></span> <span class='ocrx_word' id='word_1_885' title='bbox 2600 5520 2888 5576; x_wconf 82' lang='lat' dir='ltr'><strong><em>obnoxiam</em></strong></span> <span class='ocrx_word' id='word_1_886' title='bbox 2940 5528 3190 5575; x_wconf 88' lang='lat' dir='ltr'><strong><em>naturam</em></strong></span> <span class='ocrx_word' id='word_1_887' title='bbox 3237 5524 3413 5577; x_wconf 87' lang='lat' dir='ltr'><strong><em>sortiti</em></strong></span> <span class='ocrx_word' id='word_1_888' title='bbox 3455 5533 3629 5580; x_wconf 86' lang='lat' dir='ltr'><strong><em>sunt:</em></strong></span> 
     </span>
    </p>
   </div>
   <div class='ocr_carea' id='block_1_117' title="bbox 2070 5614 3632 5684">
    <p class='ocr_par' dir='ltr' id='par_1_117' title="bbox 2070 5614 3632 5684">
     <span class='ocr_line' id='line_1_117' title="bbox 2070 5614 3632 5684; baseline 0.002 -13"><span class='ocrx_word' id='word_1_889' title='bbox 2070 5615 2375 5671; x_wconf 88' lang='lat' dir='ltr'><strong><em>recorderis</em></strong></span> <span class='ocrx_word' id='word_1_890' title='bbox 2402 5616 2528 5671; x_wconf 90' lang='lat' dir='ltr'><strong><em>item</em></strong></span> <span class='ocrx_word' id='word_1_891' title='bbox 2557 5614 2659 5679; x_wconf 86' lang='lat' dir='ltr'><strong><em>tui,</em></strong></span> <span class='ocrx_word' id='word_1_892' title='bbox 2685 5614 2777 5684; x_wconf 90' lang='lat' dir='ltr'><strong><em>qui</em></strong></span> <span class='ocrx_word' id='word_1_893' title='bbox 2815 5629 2921 5668; x_wconf 91' lang='lat' dir='ltr'><strong><em>non</em></strong></span> <span class='ocrx_word' id='word_1_894' title='bbox 2952 5615 3007 5669; x_wconf 91' lang='lat' dir='ltr'><strong><em>in</em></strong></span> <span class='ocrx_word' id='word_1_895' title='bbox 3042 5630 3236 5669; x_wconf 74' lang='lat' dir='ltr'><strong><em>vanum</em></strong></span> <span class='ocrx_word' id='word_1_896' title='bbox 3260 5617 3458 5671; x_wconf 88' lang='lat' dir='ltr'><strong><em>creasti</em></strong></span> <span class='ocrx_word' id='word_1_897' title='bbox 3494 5616 3632 5674; x_wconf 85' lang='lat' dir='ltr'><strong><em>ﬁlios</em></strong></span> 
     </span>
    </p>
   </div>
   <div class='ocr_carea' id='block_1_118' title="bbox 2066 5705 3627 5780">
    <p class='ocr_par' dir='ltr' id='par_1_118' title="bbox 2066 5705 3627 5780">
     <span class='ocr_line' id='line_1_118' title="bbox 2066 5705 3627 5780; baseline 0.001 -17"><span class='ocrx_word' id='word_1_898' title='bbox 2066 5708 2369 5775; x_wconf 86' lang='lat' dir='ltr'><strong><em>hominum,</em></strong></span> <span class='ocrx_word' id='word_1_899' title='bbox 2393 5708 2488 5762; x_wconf 87' lang='lat' dir='ltr'>sed</span> <span class='ocrx_word' id='word_1_900' title='bbox 2511 5705 2582 5760; x_wconf 88' lang='lat' dir='ltr'>ad</span> <span class='ocrx_word' id='word_1_901' title='bbox 2604 5721 2853 5776; x_wconf 86' lang='lat' dir='ltr'><strong><em>magnam</em></strong></span> <span class='ocrx_word' id='word_1_902' title='bbox 2879 5722 3026 5777; x_wconf 89' lang='lat' dir='ltr'><strong><em>spem</em></strong></span> <span class='ocrx_word' id='word_1_903' title='bbox 3051 5722 3216 5777; x_wconf 84' lang='lat' dir='ltr'><strong><em>penes</em></strong></span> <span class='ocrx_word' id='word_1_904' title='bbox 3239 5717 3292 5765; x_wconf 89' lang='lat' dir='ltr'><strong><em>te</em></strong></span> <span class='ocrx_word' id='word_1_905' title='bbox 3316 5711 3627 5780; x_wconf 70' lang='lat' dir='ltr'><strong><em>repositam.</em></strong></span> 
     </span>
    </p>
   </div>
   <div class='ocr_carea' id='block_1_119' title="bbox 395 5795 1991 5876">
    <p class='ocr_par' dir='ltr' id='par_1_119' title="bbox 395 5800 1962 5876">
     <span class='ocr_line' id='line_1_119' title="bbox 395 5800 1962 5876; baseline 0 -22"><span class='ocrx_word' id='word_1_906' title='bbox 395 5800 545 5865; x_wconf 77' lang='grc' dir='ltr'>τέλος</span> <span class='ocrx_word' id='word_1_907' title='bbox 577 5802 991 5873; x_wconf 81' lang='grc' dir='ltr'>ἀποστραφῆναι</span> <span class='ocrx_word' id='word_1_908' title='bbox 1018 5801 1296 5876; x_wconf 78' lang='grc' dir='ltr'>ἀξιοῦμεν,</span> <span class='ocrx_word' id='word_1_909' title='bbox 1340 5801 1472 5873; x_wconf 81' lang='grc' dir='ltr'>μηδὲ</span> <span class='ocrx_word' id='word_1_910' title='bbox 1505 5800 1581 5866; x_wconf 80' lang='grc' dir='ltr'>ὡς</span> <span class='ocrx_word' id='word_1_911' title='bbox 1631 5802 1741 5875; x_wconf 78' lang='grc' dir='ltr'>πῦρ</span> <span class='ocrx_word' id='word_1_912' title='bbox 1764 5802 1962 5872; x_wconf 76' lang='grc' dir='ltr'>ἐκκαυ-</span> 
     </span>
    </p>
   </div>
   <div class='ocr_carea' id='block_1_120' title="bbox 2088 5795 3623 5876">
    <p class='ocr_par' dir='ltr' id='par_1_120' title="bbox 2088 5795 3623 5871">
     <span class='ocr_line' id='line_1_120' title="bbox 2088 5795 3623 5871; baseline 0 -15"><span class='ocrx_word' id='word_1_913' title='bbox 2088 5798 2451 5871; x_wconf 73' lang='lat' dir='ltr'><strong><em>Supplicamus</em></strong></span> <span class='ocrx_word' id='word_1_914' title='bbox 2479 5807 2656 5855; x_wconf 83' lang='lat' dir='ltr'><strong><em>autem</em></strong></span> <span class='ocrx_word' id='word_1_915' title='bbox 2690 5805 2749 5853; x_wconf 94' lang='lat' dir='ltr'>ut</span> <span class='ocrx_word' id='word_1_916' title='bbox 2775 5795 2886 5853; x_wconf 69' lang='lat' dir='ltr'><strong><em>haec</em></strong></span> <span class='ocrx_word' id='word_1_917' title='bbox 2915 5798 2968 5852; x_wconf 88' lang='lat' dir='ltr'><strong><em>in</em></strong></span> <span class='ocrx_word' id='word_1_918' title='bbox 2997 5798 3313 5855; x_wconf 85' lang='lat' dir='ltr'><strong><em>memoriam</em></strong></span> <span class='ocrx_word' id='word_1_919' title='bbox 3343 5813 3623 5867; x_wconf 75' lang='lat' dir='ltr'><strong><em>revocans,</em></strong></span> 
     </span>
    </p>
   </div>
   <div class='ocr_carea' id='block_1_121' title="bbox 466 5893 1015 5965">
    <p class='ocr_par' dir='ltr' id='par_1_121' title="bbox 466 5893 1015 5965">
     <span class='ocr_line' id='line_1_121' title="bbox 466 5893 1015 5965; baseline 0.005 -20"><span class='ocrx_word' id='word_1_920' title='bbox 466 5893 543 5965; x_wconf 77' lang='lat' dir='ltr'>(i)</span> <span class='ocrx_word' id='word_1_921' title='bbox 579 5893 639 5951; x_wconf 85' lang='lat' dir='ltr'><strong><em>L.</em></strong></span> <span class='ocrx_word' id='word_1_922' title='bbox 669 5895 1015 5965; x_wconf 73' lang='grc' dir='ltr'>ἐπαγγελίας.</span> 
     </span>
    </p>
   </div>
  </div>
